<mjloggm ver="2.3"><GO type="169" lobby="0"/><UN n0="%E3%81%BB%E3%82%8A%E3%81%88%E3%82%82%E3%82%93" n1="%6B%6F%72%6F%74%61%6E%6E" n2="%64%6F%6F%6F%6F%77%79" n3="%E3%82%A6%E3%83%AB%E3%83%88%E3%83%A9%E7%AB%8B%E7%9B%B4" dan="16,16,17,17" rate="2206.50,2064.15,2226.75,2133.33" sx="M,M,M,M"/><TAIKYOKU oya="0"/><INIT seed="0,0,0,4,3,103" ten="250,250,250,250" oya="0" hai0="41,87,76,26,44,91,27,116,47,2,70,92,6" hai1="58,78,48,68,12,50,90,114,94,98,82,69,3" hai2="9,77,23,0,133,127,75,62,22,93,128,115,34" hai3="10,65,111,37,81,24,129,36,42,73,63,39,28"/><T21/><D70/><U119/><E3/><V51/><F93/><W135/><G111/><T83/><D116/><U72/><E119/><V109/><F51/><W130/><G135/><T11/><D21/><U134/><E134/><V79/><F62/><W14/><G42/><T123/><D47/><U122/><E122/><V125/><F9/><W45/><G45/><T1/><D1/><U8/><E114/><V17/><F17/><W89/><G89/><T113/><D123/><U4/><REACH who="1" step="1"/><E48/><REACH who="1" ten="250,240,250,250" step="2"/><V64/><F0/><W71/><G37/><T29/><D113/><U97/><E97/><V31/><F133/><W110/><G39/><T95/><D29/><U84/><E84/><V104/><F31/><W67/><G36/><T30/><D30/><U85/><E85/><V5/><F115/><W13/><G28/><T53/><D95/><U106/><E106/><V25/><F104/><W80/><G73/><T40/><D40/><U88/><E88/><V96/><F75/><W66/><G110/><T124/><D124/><U20/><E20/><V35/><F23/><W61/><G130/><T132/><D132/><U15/><E15/><V107/><F22/><W102/><G14/><T46/><D41/><U55/><AGARI ba="0,1" hai="4,8,12,50,55,58,68,69,72,78,82,90,94,98" machi="55" ten="30,4000,0" yaku="1,1,0,1,53,1" doraHai="103" doraHaiUra="86" who="1" fromWho="1" sc="250,-20,240,50,250,-10,250,-10" /><INIT seed="1,0,0,5,0,37" ten="230,290,240,240" oya="1" hai0="89,120,50,108,34,97,81,124,133,15,27,28,23" hai1="56,86,39,18,58,36,135,69,125,128,25,114,119" hai2="0,45,33,96,53,118,129,21,4,87,113,79,61" hai3="66,127,126,17,30,5,65,9,62,51,132,99,92"/><U46/><E69/><V42/><F33/><W10/><G30/><T2/><D2/><U60/><E119/><V109/><F96/><W90/><G132/><T3/><D133/><U73/><E73/><V38/><F21/><W76/><G76/><T1/><D124/><U104/><E104/><V101/><F101/><W63/><G17/><T48/><D108/><U121/><E135/><V123/><F4/><W105/><G105/><T83/><D120/><U134/><E134/><V32/><F32/><W93/><G51/><N who="0" m="19499" /><D1/><U55/><E58/><V49/><F0/><W40/><G5/><T98/><D3/><U35/><E121/><V24/><F24/><W59/><G59/><T52/><D34/><U115/><E125/><V44/><F79/><W100/><G99/><N who="0" m="37899" /><D89/><U72/><E72/><V84/><F109/><W47/><G90/><T31/><D31/><U64/><E35/><V82/><F38/><W54/><G100/><T103/><D103/><U122/><E122/><V107/><F107/><W8/><G126/><T41/><D52/><U85/><E55/><V117/><F53/><W12/><G54/><T11/><D41/><U88/><E39/><V78/><F123/><W112/><G40/><T16/><AGARI ba="0,0" hai="11,15,16,23,27,28,81,83" m="37899,19499" machi="16" ten="30,2000,0" yaku="8,1,54,1" doraHai="37" who="0" fromWho="0" sc="230,20,290,-10,240,-5,240,-5" /><INIT seed="2,0,0,3,0,30" ten="250,280,235,235" oya="2" hai0="8,120,95,119,92,106,129,77,57,51,33,56,50" hai1="9,5,130,93,110,23,10,108,38,4,16,41,115" hai2="125,90,132,123,72,66,131,114,109,70,27,25,46" hai3="83,31,3,12,84,2,74,102,107,78,36,73,29"/><V21/><F72/><W55/><G31/><T64/><D8/><N who="1" m="3179" /><E115/><V69/><F114/><W98/><G12/><T68/><D77/><U24/><E130/><V101/><F101/><W53/><G36/><T79/><D79/><U89/><E41/><V111/><F131/><W0/><REACH who="3" step="1"/><G29/><REACH who="3" ten="250,280,235,225" step="2"/><T22/><D129/><U124/><E38/><V65/><F111/><N who="1" m="42537" /><E124/><V19/><F125/><W28/><G28/><T126/><D126/><U71/><E71/><V112/><F70/><W44/><G44/><T133/><D68/><U18/><E18/><V100/><F46/><W117/><G117/><T39/><D39/><U97/><AGARI ba="0,1" hai="4,5,16,23,24,89,93,97" m="42537,3179" machi="97" ten="30,2000,0" yaku="14,1,54,1" doraHai="30" who="1" fromWho="1" sc="250,-5,280,30,235,-10,225,-5" /><INIT seed="3,0,0,5,3,31" ten="245,310,225,220" oya="3" hai0="65,124,107,90,84,13,36,133,20,2,114,10,53" hai1="122,125,132,26,86,110,47,1,48,27,88,128,80" hai2="119,42,60,68,12,15,104,134,24,28,79,5,52" hai3="116,63,39,93,101,75,74,113,54,131,19,61,106"/><W3/><G113/><T44/><D107/><U21/><E1/><V96/><F119/><W130/><G116/><T126/><D114/><U56/><E122/><V22/><F42/><W46/><G106/><T81/><D65/><U43/><E110/><V62/><F134/><W76/><G3/><T77/><D2/><U82/><E132/><V32/><F79/><W9/><G93/><T34/><D20/><U89/><E128/><N who="3" m="49194" /><G101/><T127/><D133/><U7/><E7/><V55/><F5/><W73/><G76/><T51/><D36/><U83/><E125/><V105/><F22/><W35/><G35/><T87/><D34/><U45/><E45/><V85/><F85/><W121/><G121/><T71/><D71/><U135/><E135/><V50/><F50/><N who="3" m="29015" /><G39/><T111/><D111/><U8/><E8/><V118/><F118/><W40/><G40/><T17/><REACH who="0" step="1"/><D124/><REACH who="0" ten="235,310,225,220" step="2"/><U112/><E112/><V57/><F105/><W23/><G9/><T92/><AGARI ba="0,1" hai="10,13,17,44,51,53,77,81,84,87,90,92,126,127" machi="92" ten="30,4000,0" yaku="1,1,2,1,0,1,53,0" doraHai="31" doraHaiUra="69" who="0" fromWho="0" sc="235,50,310,-10,225,-10,220,-20" /><INIT seed="4,0,0,1,5,105" ten="285,300,215,200" oya="0" hai0="5,35,38,54,132,7,133,36,56,19,26,82,90" hai1="89,9,33,39,112,121,0,83,63,80,109,123,21" hai2="129,98,10,13,32,37,31,59,12,23,74,106,92" hai3="25,91,84,108,135,4,128,134,40,113,58,124,50"/><T16/><D90/><U15/><E33/><V130/><F106/><W93/><G108/><T107/><D82/><U94/><E39/><N who="0" m="14889" /><D107/><U48/><E109/><V53/><F37/><W29/><G113/><T46/><D46/><U27/><E0/><V86/><F32/><W87/><G4/><N who="0" m="1611" /><D35/><U66/><E48/><V60/><F86/><W116/><G116/><T57/><D26/><U55/><E55/><V43/><F43/><W47/><G124/><T11/><D11/><U24/><E112/><V95/><F31/><W103/><G128/><T118/><D118/><U45/><E45/><V17/><F74/><W78/><G103/><T64/><D64/><U120/><E9/><V51/><F51/><W61/><G84/><T71/><D71/><U68/><E27/><V42/><F42/><W125/><G125/><T119/><D119/><U76/><E76/><V115/><F115/><W3/><G78/><T77/><D77/><U30/><REACH who="1" step="1"/><E15/><REACH who="1" ten="285,290,215,200" step="2"/><V131/><REACH who="2" step="1"/><F98/><AGARI ba="0,1" hai="21,24,30,63,66,68,80,83,89,94,98,120,121,123" machi="98" ten="40,2600,0" yaku="1,1,2,1,53,0" doraHai="105" doraHaiUra="8" who="1" fromWho="2" sc="285,0,290,36,215,-26,200,0" /><INIT seed="5,0,0,3,5,127" ten="285,326,189,200" oya="1" hai0="36,133,77,55,0,88,94,4,124,60,105,41,57" hai1="50,22,38,21,3,67,52,98,129,25,49,71,108" hai2="10,7,5,126,103,99,32,112,114,14,54,72,56" hai3="91,45,111,31,122,43,83,29,1,8,16,107,37"/><U64/><E38/><V102/><F126/><W35/><G111/><T69/><D124/><U2/><E108/><V18/><F72/><W58/><G107/><T89/><D105/><U76/><E76/><V85/><F32/><W120/><G58/><T119/><D119/><U39/><E39/><V62/><F85/><W96/><G1/><T110/><D110/><U47/><E98/><V26/><F103/><W46/><G46/><N who="0" m="23847" /><D94/><U53/><E25/><V93/><REACH who="2" step="1"/><F26/><REACH who="2" ten="285,326,179,200" step="2"/><W90/><G35/><T101/><D101/><U28/><E71/><V97/><F97/><W66/><G96/><T115/><D69/><U81/><E47/><V27/><F27/><W95/><G45/><T11/><D77/><U30/><REACH who="1" step="1"/><E81/><REACH who="1" ten="285,316,179,200" step="2"/><V34/><F34/><W48/><G83/><T59/><D89/><U116/><E116/><V63/><F63/><W19/><G91/><T40/><D88/><U84/><E84/><V15/><F15/><W33/><G90/><T73/><D73/><U125/><E125/><V100/><F100/><W75/><G75/><T109/><D109/><U131/><AGARI ba="0,2" hai="2,3,21,22,28,30,49,50,52,53,64,67,129,131" machi="131" ten="25,18000,2" yaku="1,1,0,1,22,2,52,2,54,1,53,0" doraHai="127" doraHaiUra="68" who="1" fromWho="1" sc="285,-60,316,200,179,-60,200,-60" /><INIT seed="5,1,0,3,2,125" ten="225,516,119,140" oya="1" hai0="29,92,119,132,26,97,90,25,10,60,131,113,1" hai1="72,77,111,38,96,47,74,91,99,27,20,63,118" hai2="68,134,104,83,31,24,17,85,21,69,50,19,135" hai3="43,105,108,78,76,11,81,70,51,107,93,124,9"/><U35/><E35/><V127/><F104/><W16/><G70/><N who="2" m="27241" /><F50/><W67/><G67/><T64/><D113/><U15/><E118/><V32/><F32/><W56/><G108/><T41/><D132/><N who="2" m="50730" /><F127/><W22/><G107/><T80/><D119/><U61/><E15/><V86/><F86/><W3/><G105/><T42/><D42/><U18/><E47/><V102/><F102/><W6/><G124/><T65/><D41/><U116/><E116/><V94/><F94/><W48/><G43/><T36/><D36/><U58/><E38/><V40/><F40/><W28/><G51/><T109/><D109/><U129/><E111/><V121/><F121/><W34/><G48/><T73/><D60/><U114/><E63/><V79/><AGARI ba="1,0" hai="17,19,21,24,31,79,83,85" m="50730,27241" machi="79" ten="30,1100,0" yaku="20,1" doraHai="125" who="2" fromWho="2" sc="225,-4,516,-6,119,14,140,-4" /><INIT seed="6,0,0,2,3,21" ten="221,510,133,136" oya="2" hai0="93,130,70,58,4,36,61,77,105,11,43,124,98" hai1="28,54,122,69,40,74,17,52,125,15,112,6,23" hai2="67,50,60,131,29,97,66,101,18,100,12,56,22" hai3="33,134,129,72,114,49,132,92,113,38,5,47,95"/><V120/><F120/><W126/><G72/><T78/><D70/><U31/><E74/><V37/><F37/><W39/><G33/><T84/><D105/><U53/><E40/><V85/><F131/><W109/><G109/><T116/><D116/><U89/><E69/><V90/><F67/><W3/><G129/><T63/><D124/><U27/><E125/><V32/><F50/><W86/><G126/><T110/><D110/><U64/><E64/><V1/><F1/><W8/><G39/><T7/><D43/><U30/><E112/><N who="3" m="43114" /><G38/><T68/><D36/><U106/><E106/><V35/><F29/><W14/><G14/><T55/><D130/><U94/><E6/><V19/><F19/><W71/><G71/><T24/><D4/><U34/><REACH who="1" step="1"/><E122/><REACH who="1" ten="221,500,133,136" step="2"/><V81/><F101/><W128/><G128/><T79/><D68/><U10/><E10/><V115/><F115/><W75/><G75/><T99/><D11/><U46/><E46/><V102/><F102/><W2/><G8/><T42/><D42/><U111/><E111/><V107/><AGARI ba="0,1" hai="12,18,22,32,35,56,60,66,81,85,90,97,100,107" machi="107" ten="20,2100,0" yaku="0,1,7,1" doraHai="21" who="2" fromWho="2" sc="221,-7,500,-7,133,31,136,-7" /><INIT seed="6,1,0,1,0,83" ten="214,493,164,129" oya="2" hai0="91,14,65,27,126,96,42,86,92,112,109,54,4" hai1="87,17,50,95,72,59,128,52,70,73,15,135,1" hai2="105,68,125,107,9,20,80,113,71,36,46,23,8" hai3="31,29,133,124,108,122,7,33,34,61,90,110,55"/><V88/><F113/><W100/><G100/><T76/><D112/><U84/><E1/><V64/><F125/><W3/><G55/><T115/><D126/><U94/><E70/><V121/><F121/><W79/><G61/><T22/><D109/><N who="3" m="42089" /><G90/><T111/><D115/><U12/><E135/><V123/><F36/><W21/><G79/><T97/><D111/><U0/><E0/><V49/><F64/><W57/><G57/><T116/><D116/><U11/><E128/><V85/><F107/><W66/><G66/><T89/><D76/><U101/><E101/><V93/><F105/><W114/><G124/><T106/><D42/><U32/><E32/><N who="3" m="12394" /><G114/><T132/><D132/><U58/><E50/><V60/><F60/><W120/><G133/><T127/><D65/><U24/><E24/><V2/><F71/><W62/><G62/><T129/><D129/><U45/><E52/><V69/><F69/><W131/><G131/><T67/><D67/><U6/><E45/><V38/><F68/><W25/><G31/><N who="0" m="17911" /><D106/><U130/><E130/><V117/><F38/><W119/><G119/><T10/><D127/><U77/><E77/><V39/><F39/><W5/><G3/><T44/><D91/><U47/><E47/><V82/><F2/><W98/><G98/><T118/><D118/><U56/><E72/><V30/><F117/><W13/><G13/><T104/><D104/><U43/><E43/><V99/><F99/><N who="0" m="37962" /><D54/><U37/><E37/><V78/><F88/><W16/><G29/><T53/><D53/><U26/><E73/><V19/><F30/><W51/><G51/><RYUUKYOKU ba="1,0" sc="214,15,493,-15,164,-15,129,15" hai0="4,10,14,44,86,89,92" hai3="5,7,16,21,25,120,122" /><INIT seed="7,2,0,0,5,126" ten="229,478,149,144" oya="3" hai0="123,114,80,32,52,18,85,115,56,86,129,9,46" hai1="70,73,23,60,128,74,108,42,69,66,45,62,101" hai2="3,122,106,47,109,93,125,130,105,90,44,133,121" hai3="50,41,6,20,94,19,104,22,15,96,124,77,98"/><W43/><G104/><N who="2" m="40041" /><F3/><W132/><G124/><T82/><D129/><U1/><E128/><V53/><F130/><W97/><G132/><T131/><D46/><U30/><E1/><V107/><N who="2" m="40049" /><V11/><DORA hai="39" /><F125/><W10/><G77/><T127/><D32/><U83/><E108/><V81/><F81/><N who="0" m="31338" /><D123/><N who="2" m="47114" /><F109/><W65/><G65/><T57/><D127/><U64/><E83/><V33/><F33/><W99/><G50/><N who="0" m="30743" /><D131/><U48/><E101/><V35/><F35/><W59/><G59/><T36/><D36/><U25/><AGARI ba="2,0" hai="23,25,30,42,45,48,60,62,64,66,69,70,73,74" machi="25" ten="30,4000,0" yaku="0,1,9,1,52,1" doraHai="126,39" who="1" fromWho="1" sc="229,-12,478,46,149,-12,144,-22" owari="217,2.0,524,62.0,137,-26.0,122,-38.0" /></mjloggm>