<mjloggm ver="2.3"><GO type="169" lobby="0"/><UN n0="%E4%B8%AD%E5%A0%85%EF%BC%A0%E3%83%8F%E3%83%BC%E3%83%99%E3%82%B9%E3%83%88" n1="%E9%9D%A2%E6%B8%85%E3%81%AE%E3%83%90%E3%83%93%E3%82%A3" n2="%E5%B0%B1%E6%B4%BB%E7%94%9F%40%E5%B7%9D%E6%9D%91%E8%BB%8D%E5%9B%A3" n3="%E5%8C%97%E9%A2%A8%E3%83%80%E3%83%B3%E3%82%B4" dan="16,16,18,16" rate="2111.14,2089.81,2244.62,2140.69" sx="F,M,M,M"/><TAIKYOKU oya="0"/><INIT seed="0,0,0,2,1,25" ten="250,250,250,250" oya="0" hai0="65,43,110,10,20,100,98,125,87,42,28,70,91" hai1="61,109,18,45,132,95,107,99,33,74,1,31,38" hai2="77,102,63,50,57,92,97,116,47,29,17,72,69" hai3="27,78,59,117,13,8,133,16,68,111,30,94,126"/><T131/><D131/><U76/><E109/><V79/><F116/><W114/><G68/><T121/><D121/><U48/><E132/><V135/><F69/><W52/><G111/><T40/><D110/><U19/><E1/><V9/><F135/><W101/><G133/><T35/><D10/><U86/><E38/><V26/><F72/><W115/><G117/><T11/><D11/><U124/><E61/><V62/><F62/><W119/><G119/><T123/><D123/><U21/><E107/><V46/><F17/><W90/><G101/><T104/><D125/><U58/><E58/><V75/><F75/><W44/><G78/><T82/><D20/><U55/><E33/><V128/><F9/><W2/><G2/><T88/><D91/><N who="1" m="55807" /><E74/><V34/><F47/><W83/><G83/><T73/><D73/><U51/><E51/><V60/><F60/><W64/><G64/><T36/><D65/><U67/><E67/><V41/><REACH who="2" step="1"/><F128/><REACH who="2" ten="250,250,240,250" step="2"/><W93/><G44/><T37/><REACH who="0" step="1"/><D70/><REACH who="0" ten="240,250,240,250" step="2"/><U4/><E124/><V118/><F118/><W129/><G126/><T71/><D71/><U112/><E112/><V32/><F32/><W81/><G129/><T0/><D0/><U54/><E4/><V103/><F103/><W3/><G3/><T105/><D105/><U66/><E66/><AGARI ba="0,2" hai="26,29,34,41,46,50,57,63,66,77,79,92,97,102" machi="66" ten="30,3900,0" yaku="1,1,7,1,52,1,53,0" doraHai="25" doraHaiUra="7" who="2" fromWho="1" sc="240,0,250,-39,240,59,250,0" /><INIT seed="1,0,0,2,4,50" ten="240,211,299,250" oya="1" hai0="128,76,77,89,120,64,96,21,35,16,71,56,46" hai1="29,55,4,129,43,122,0,18,99,28,25,117,13" hai2="81,112,106,42,124,5,79,3,33,67,54,107,30" hai3="97,133,41,83,53,69,52,11,22,2,110,134,32"/><U24/><E129/><V7/><F67/><W47/><G110/><T1/><D1/><U57/><E122/><V6/><F3/><W9/><G32/><T88/><D35/><U113/><E117/><V93/><F42/><W121/><G69/><T45/><D120/><U51/><E113/><V73/><F124/><W39/><G121/><T37/><D128/><U27/><E99/><V12/><F12/><W70/><G70/><T94/><D71/><U58/><E43/><V95/><F112/><W17/><G97/><T36/><D89/><U20/><E0/><V10/><F10/><N who="3" m="3595" /><G83/><T49/><D37/><U86/><E4/><V40/><F40/><W34/><G34/><T68/><D36/><U63/><REACH who="1" step="1"/><E86/><REACH who="1" ten="240,201,299,250" step="2"/><V125/><F6/><W130/><G130/><T116/><D116/><U101/><E101/><V75/><F5/><W65/><G2/><T85/><D85/><U80/><E80/><V105/><F7/><W114/><G114/><T102/><D102/><U87/><E87/><V104/><F75/><W92/><G134/><T98/><D98/><U44/><E44/><V109/><F81/><W111/><G133/><T14/><D46/><U66/><AGARI ba="0,1" hai="13,18,20,24,25,27,28,29,51,55,57,58,63,66" machi="66" ten="30,12000,1" yaku="1,1,0,1,8,1,52,1,53,1" doraHai="50" doraHaiUra="61" who="1" fromWho="1" sc="240,-40,201,130,299,-40,250,-40" /><INIT seed="1,1,0,1,4,46" ten="200,331,259,210" oya="1" hai0="47,66,48,52,84,76,126,0,23,120,43,82,37" hai1="81,135,71,44,96,24,79,122,15,7,109,87,97" hai2="28,14,89,21,114,53,78,34,18,16,62,91,111" hai3="45,94,36,63,101,56,131,38,50,77,73,17,27"/><U115/><E122/><V134/><F111/><W74/><G131/><T129/><D120/><U57/><E71/><V51/><F134/><W113/><G113/><T54/><D0/><U95/><E115/><V65/><F114/><W41/><G101/><T110/><D110/><U69/><E135/><V60/><F78/><W88/><G27/><T35/><D35/><U80/><E69/><V42/><F42/><W124/><G124/><T32/><D32/><U61/><E109/><V70/><F60/><W30/><G30/><T85/><D126/><U118/><E118/><V13/><F28/><W3/><G17/><T4/><D4/><U98/><E24/><V105/><F105/><W112/><G3/><T128/><D66/><U31/><E31/><V40/><F40/><W107/><G107/><T130/><D23/><U133/><E133/><V8/><REACH who="2" step="1"/><F34/><REACH who="2" ten="200,331,249,210" step="2"/><W10/><G112/><T119/><D119/><U103/><E61/><V106/><F106/><W64/><G77/><T67/><D67/><U59/><E79/><V127/><F127/><W92/><G38/><T49/><D84/><U2/><E103/><V9/><F9/><W12/><G36/><T33/><D33/><U11/><E2/><V93/><F93/><W39/><G39/><T20/><D20/><U29/><E29/><V86/><F86/><W121/><G121/><T1/><D1/><U99/><E87/><V55/><F55/><AGARI ba="1,1" hai="37,43,47,48,49,52,54,55,76,82,85,128,129,130" machi="55" ten="40,8000,1" yaku="19,1,52,2,54,1" doraHai="46" who="0" fromWho="2" sc="200,93,331,0,249,-83,210,0" /><INIT seed="2,0,0,2,4,5" ten="293,331,166,210" oya="2" hai0="91,24,134,76,106,128,58,87,25,118,22,98,86" hai1="73,47,16,15,83,48,49,125,79,34,66,3,101" hai2="90,31,30,60,114,59,109,54,50,20,2,38,67" hai3="4,8,74,132,10,26,28,63,95,65,126,29,70"/><V9/><F38/><W123/><G123/><T93/><D134/><U44/><E125/><V17/><F114/><W23/><G74/><T40/><D128/><U42/><E34/><V68/><F109/><W43/><G126/><T61/><D118/><U0/><E66/><V92/><F2/><W72/><G72/><T84/><D40/><U80/><E101/><V104/><F104/><W97/><G132/><T81/><D106/><U85/><E80/><V14/><REACH who="2" step="1"/><F20/><REACH who="2" ten="293,331,156,210" step="2"/><W33/><G43/><T127/><D127/><U39/><E39/><V113/><F113/><W7/><G33/><T53/><REACH who="0" step="1"/><D25/><REACH who="0" ten="283,331,156,210" step="2"/><U115/><E115/><V116/><F116/><W37/><G37/><T64/><D64/><U19/><E42/><V41/><F41/><W112/><G112/><T102/><D102/><U120/><E120/><V108/><F108/><W135/><G135/><T46/><D46/><U77/><E47/><V12/><F12/><W129/><G129/><T27/><D27/><U55/><E15/><V6/><F6/><W57/><G7/><T94/><D94/><U51/><E44/><V105/><F105/><W130/><G130/><T18/><AGARI ba="0,2" hai="18,22,24,53,58,61,76,81,84,86,87,91,93,98" machi="18" ten="20,16000,3" yaku="1,1,0,1,7,1,25,2,8,1,53,3" doraHai="5" doraHaiUra="82" who="0" fromWho="0" sc="283,180,331,-40,156,-80,210,-40" /><INIT seed="3,0,0,5,2,73" ten="463,291,76,170" oya="3" hai0="68,44,122,54,77,127,4,48,133,111,49,95,75" hai1="45,67,92,37,7,14,126,29,27,104,72,59,71" hai2="23,41,120,62,78,96,13,10,113,30,25,82,5" hai3="115,52,85,118,1,46,58,31,94,56,15,17,109"/><W66/><G115/><T40/><D122/><U53/><E126/><V93/><F113/><W43/><G118/><T38/><D111/><U116/><E116/><V81/><F120/><W84/><G1/><T20/><D127/><U91/><E104/><V123/><F123/><W112/><G112/><T11/><D133/><U42/><E72/><V50/><F62/><N who="3" m="38215" /><G31/><T33/><D33/><U121/><E121/><V9/><F9/><N who="3" m="6383" /><G94/><T22/><D68/><U12/><E7/><V63/><F63/><N who="3" m="36295" /><G109/><T134/><D134/><U69/><E71/><V110/><F110/><W83/><G83/><N who="0" m="45503" /><D95/><U102/><E69/><V8/><F8/><W125/><G125/><T106/><D106/><U88/><E37/><V70/><F70/><W107/><G107/><T51/><D54/><U34/><E92/><V132/><F132/><W130/><G130/><T39/><D39/><U87/><E53/><V101/><REACH who="2" step="1"/><F78/><REACH who="2" ten="463,291,66,170" step="2"/><W86/><G46/><AGARI ba="0,1" hai="5,10,13,23,25,30,41,46,50,81,82,93,96,101" machi="46" ten="40,5200,0" yaku="1,1,2,1,8,1,53,0" doraHai="73" doraHaiUra="108" who="2" fromWho="3" sc="463,0,291,0,66,62,170,-52" /><INIT seed="4,0,0,5,3,75" ten="463,291,128,118" oya="0" hai0="95,87,66,61,127,31,46,28,35,69,111,96,81" hai1="108,97,119,78,24,80,112,45,118,48,115,52,134" hai2="30,117,29,86,98,88,4,6,27,71,10,110,56" hai3="130,124,128,18,47,25,17,59,7,38,49,90,63"/><T32/><D127/><U43/><E24/><V74/><F71/><W135/><G38/><T106/><D111/><U9/><E134/><V65/><F74/><W39/><G39/><T70/><D46/><U85/><E108/><V42/><F42/><W132/><G7/><T129/><D129/><N who="3" m="49769" /><G90/><T16/><D106/><U15/><E97/><V105/><F110/><W13/><G25/><T0/><D0/><U36/><E36/><V14/><F117/><W8/><G18/><T121/><D121/><U67/><E67/><V1/><F1/><W41/><G124/><T20/><D70/><U120/><E43/><V126/><F126/><W113/><G113/><N who="1" m="43594" /><E120/><V101/><F4/><AGARI ba="0,0" hai="4,9,15,45,48,52,78,80,85,118,119" m="43594" machi="4" ten="30,7700,0" yaku="15,1,11,1,52,1,54,1" doraHai="75" who="1" fromWho="2" sc="463,0,291,77,128,-77,118,0" /><INIT seed="5,0,0,4,4,99" ten="463,368,51,118" oya="1" hai0="74,88,0,128,90,32,51,52,57,106,61,18,3" hai1="131,36,125,40,91,14,107,100,65,58,119,81,95" hai2="116,75,26,121,94,11,89,114,19,101,105,96,117" hai3="35,129,28,82,76,39,41,50,62,56,43,135,108"/><U80/><E119/><V97/><F26/><W127/><G108/><T113/><D113/><U15/><E131/><V122/><F19/><W66/><G129/><T23/><D128/><U38/><E125/><V16/><F114/><W55/><G127/><T111/><D106/><U7/><E40/><V134/><F134/><W93/><G135/><T54/><D74/><U120/><E120/><N who="2" m="46187" /><F11/><W24/><G93/><T47/><D32/><U123/><E123/><V64/><F64/><W45/><G39/><T21/><D21/><U20/><E38/><V53/><F16/><W110/><REACH who="3" step="1"/><G110/><REACH who="3" ten="463,368,51,108" step="2"/><T69/><D111/><U103/><E36/><V30/><F30/><W9/><G9/><T102/><D102/><U73/><E107/><V112/><F112/><W92/><G92/><T12/><D69/><U22/><E7/><V59/><F53/><W133/><G133/><T60/><D60/><U6/><E6/><V79/><F59/><W48/><G48/><T84/><D90/><U5/><E5/><V67/><F67/><W27/><G27/><T104/><D104/><U78/><E58/><V8/><F8/><W31/><G31/><T70/><D70/><U126/><E65/><V34/><F34/><W77/><G77/><T72/><D72/><AGARI ba="0,1" hai="24,28,35,41,43,45,50,55,56,62,66,72,76,82" machi="72" ten="30,2000,0" yaku="1,1,7,1,53,0" doraHai="99" doraHaiUra="17" who="3" fromWho="0" sc="463,-20,368,0,51,0,108,30" /><INIT seed="6,0,0,2,2,79" ten="443,368,51,138" oya="2" hai0="61,39,93,27,101,70,3,46,17,63,115,7,94" hai1="13,72,21,65,118,62,16,36,127,80,86,57,49" hai2="10,92,26,98,89,54,97,35,6,129,91,53,33" hai3="47,116,88,125,32,134,128,109,15,69,78,121,55"/><V112/><F112/><W1/><RYUUKYOKU type="yao9" ba="0,0" sc="443,0,368,0,51,0,138,0" hai3="1,15,32,47,55,69,78,88,109,116,121,125,128,134" /><INIT seed="6,1,0,4,4,43" ten="443,368,51,138" oya="2" hai0="84,6,23,106,18,94,120,98,53,96,116,29,1" hai1="99,103,92,74,27,129,45,62,83,50,91,25,13" hai2="67,133,73,118,64,117,132,54,32,61,105,2,76" hai3="51,130,31,38,89,127,126,81,20,111,80,28,79"/><V109/><F2/><W68/><G111/><T131/><D120/><U93/><E129/><V26/><F105/><W125/><G38/><T7/><D116/><N who="2" m="44650" /><F73/><W30/><G130/><T39/><D131/><U134/><E134/><N who="2" m="51819" /><F76/><W86/><G68/><T122/><D122/><U49/><E62/><V21/><F32/><W41/><G20/><T57/><D39/><U71/><E71/><V9/><F9/><W52/><G41/><T24/><D1/><U75/><E83/><V114/><F114/><W48/><G52/><T110/><D110/><U22/><E22/><V70/><F109/><W112/><G112/><T44/><D44/><U37/><E37/><V90/><F90/><W10/><G10/><T0/><D0/><U121/><E121/><V40/><F40/><W119/><G119/><T46/><D46/><U4/><E4/><N who="0" m="1577" /><D106/><U19/><E75/><AGARI ba="1,0" hai="28,30,31,48,51,75,79,80,81,86,89,125,126,127" machi="75" ten="50,1600,0" yaku="18,1" doraHai="43" who="3" fromWho="1" sc="443,0,368,-19,51,0,138,19" /><INIT seed="7,0,0,3,4,133" ten="443,349,51,157" oya="3" hai0="61,6,71,68,27,32,28,120,108,114,128,83,99" hai1="63,105,51,129,2,78,54,95,31,11,119,76,37" hai2="22,122,4,106,19,60,21,102,53,123,70,34,39" hai3="7,49,85,56,55,0,121,111,33,46,93,81,5"/><W1/><G121/><T127/><D120/><U110/><E37/><V125/><F39/><W58/><G33/><T89/><D108/><U62/><E105/><V92/><F34/><W47/><G111/><T26/><D6/><U35/><E110/><V98/><F4/><W79/><G1/><T38/><D38/><U115/><E31/><V66/><F106/><W73/><G0/><T64/><D27/><U12/><E35/><V23/><F19/><W50/><G73/><T57/><D114/><U113/><E2/><V116/><F116/><W90/><G58/><T132/><D127/><U41/><E41/><V86/><F86/><W84/><G56/><T44/><D44/><U20/><E20/><V124/><F53/><AGARI ba="0,0" hai="5,7,46,47,49,50,53,55,79,81,84,85,90,93" machi="53" ten="30,5800,0" yaku="7,1,9,1,8,1" doraHai="133" who="3" fromWho="2" sc="443,0,349,0,51,-58,157,58" owari="443,54.0,349,15.0,-7,-51.0,215,-18.0" /></mjloggm>