<mjloggm ver="2.3"><GO type="169" lobby="0"/><UN n0="%54%45%53%48%49%4D%41%4E" n1="%E3%83%88%E3%83%88%E3%83%AA%E5%85%88%E7%94%9F%31%39%E6%AD%B3" n2="%43%2D%6D%69%6E%6F%72%E2%99%AA" n3="%41%72%63%61%64%65" dan="17,18,17,17" rate="2164.78,2218.85,2177.87,2121.17" sx="M,F,M,M"/><TAIKYOKU oya="0"/><INIT seed="0,0,0,5,1,135" ten="250,250,250,250" oya="0" hai0="16,132,13,21,125,89,43,19,94,24,40,53,103" hai1="105,91,117,49,36,65,104,5,7,25,17,116,77" hai2="124,71,68,90,72,61,2,134,67,34,97,57,47" hai3="92,121,10,102,29,120,93,39,95,1,63,127,18"/><T14/><D14/><U48/><E36/><V22/><F134/><W20/><G39/><T83/><D132/><U111/><E111/><V46/><F34/><W60/><G102/><T108/><D108/><U11/><E77/><V88/><F2/><W79/><G79/><T45/><D125/><U96/><E65/><V82/><F90/><W86/><G86/><T75/><D103/><U119/><E91/><V78/><F22/><W133/><G133/><T69/><D69/><U106/><E96/><V27/><F27/><W85/><G85/><N who="0" m="52527" /><D83/><U23/><REACH who="1" step="1"/><E11/><REACH who="1" ten="250,240,250,250" step="2"/><V73/><F78/><W37/><G37/><T112/><D75/><U131/><E131/><V64/><F73/><W107/><G10/><N who="0" m="6583" /><D112/><U56/><E56/><V31/><F57/><W30/><G121/><T101/><D101/><U12/><E12/><V130/><F72/><W9/><G9/><T76/><D76/><U54/><E54/><V55/><F55/><W115/><G120/><T80/><D80/><U4/><AGARI ba="0,1" hai="4,5,7,17,23,25,48,49,104,105,106,116,117,119" machi="4" ten="50,12000,2" yaku="1,1,0,1,29,2,53,3" doraHai="135" doraHaiUra="3" who="1" fromWho="1" sc="250,-60,240,130,250,-30,250,-30" /><INIT seed="1,0,0,4,1,6" ten="190,370,220,220" oya="1" hai0="17,111,94,91,26,110,119,88,63,96,95,10,49" hai1="97,82,66,50,87,129,61,12,84,33,34,13,47" hai2="74,59,42,128,52,134,46,132,48,57,45,121,103" hai3="71,37,29,114,25,68,93,112,15,31,105,21,58"/><U0/><E0/><V113/><F74/><W2/><G105/><T18/><D119/><U22/><E129/><V108/><F103/><W124/><G37/><T5/><D63/><U104/><E87/><V90/><F121/><W70/><G2/><T117/><D117/><U39/><E39/><V65/><F128/><W72/><G72/><T28/><D49/><U32/><E22/><V98/><F108/><N who="0" m="41514" /><D26/><U130/><E130/><V41/><F113/><W120/><G120/><T80/><D28/><U4/><E97/><V56/><F98/><W43/><G124/><T64/><D80/><U85/><E104/><V126/><F90/><W123/><G123/><T86/><D64/><U101/><E101/><V60/><F126/><W78/><G31/><T77/><D77/><U62/><E62/><N who="2" m="38111" /><F57/><W116/><G78/><T102/><D102/><U35/><E4/><V20/><F20/><W24/><G116/><T109/><N who="0" m="41522" /><T133/><DORA hai="118" /><D133/><N who="2" m="51306" /><F45/><W40/><G58/><T44/><D44/><U127/><E127/><V100/><F100/><W79/><G79/><T11/><D11/><U81/><E33/><V122/><F122/><W36/><G71/><T135/><D135/><U27/><E34/><V55/><AGARI ba="0,0" hai="41,42,46,48,52,55,56,60" m="51306,38111" machi="55" ten="30,7900,0" yaku="20,1,34,2,54,1" doraHai="6,118" who="2" fromWho="2" sc="190,-20,370,-39,220,79,220,-20" /><INIT seed="2,0,0,1,4,121" ten="170,331,299,200" oya="2" hai0="111,73,67,2,112,33,20,42,104,60,16,96,100" hai1="88,64,59,108,29,78,103,45,117,72,101,124,53" hai2="1,0,14,46,82,12,26,76,34,25,85,115,71" hai3="23,4,11,38,39,13,68,18,102,3,30,83,47"/><V44/><F115/><W63/><G102/><T81/><D112/><U75/><E117/><V54/><F71/><W99/><G99/><T69/><D33/><U58/><E124/><V123/><F123/><W40/><G83/><T86/><D2/><U57/><E29/><V110/><F34/><W94/><G94/><T84/><D42/><U43/><E64/><V62/><F0/><W126/><G126/><T87/><D73/><U106/><E53/><V79/><F1/><W49/><REACH who="3" step="1"/><G30/><REACH who="3" ten="170,331,299,190" step="2"/><T92/><D111/><U120/><E108/><V37/><F110/><W118/><G118/><T50/><D50/><U19/><E103/><V131/><F82/><W28/><G28/><T89/><REACH who="0" step="1"/><D104/><REACH who="0" ten="160,331,299,190" step="2"/><U9/><E106/><V77/><F37/><W27/><G27/><AGARI ba="0,2" hai="16,20,27,60,67,69,81,84,86,87,89,92,96,100" machi="27" ten="30,8000,1" yaku="1,1,2,1,7,1,54,1,53,1" doraHai="121" doraHaiUra="93" who="0" fromWho="3" sc="160,100,331,0,299,0,190,-80" /><INIT seed="3,0,0,5,4,39" ten="260,331,299,110" oya="3" hai0="81,106,18,54,33,30,15,2,108,109,27,85,53" hai1="9,37,21,20,43,66,132,50,3,102,120,48,64" hai2="36,134,92,0,96,24,104,88,22,34,133,101,74" hai3="98,72,110,38,46,130,112,91,42,83,97,95,79"/><W93/><G112/><T10/><D106/><U128/><E120/><V127/><F127/><W1/><G130/><T47/><D2/><U80/><E128/><V5/><F34/><W111/><REACH who="3" step="1"/><G1/><REACH who="3" ten="260,331,299,100" step="2"/><T124/><D124/><U28/><E3/><V49/><F0/><W26/><G26/><T67/><D67/><U4/><E66/><V55/><F24/><W118/><G118/><T13/><D13/><U40/><E64/><V57/><F134/><W75/><G75/><T19/><D108/><U78/><E132/><V115/><F74/><W119/><G119/><T17/><D109/><U73/><E73/><V56/><F133/><W86/><G86/><T61/><D61/><U77/><E77/><V23/><F115/><W117/><G117/><T122/><D122/><U114/><E78/><V116/><F116/><W105/><G105/><T69/><D69/><U60/><E60/><V31/><F104/><W41/><G41/><T59/><D85/><U68/><E43/><V6/><F6/><W32/><G32/><T14/><D33/><U125/><E40/><V63/><F5/><W52/><G52/><T126/><D53/><U84/><E4/><V94/><F55/><W107/><G107/><T58/><D54/><U82/><E68/><V16/><F96/><W12/><G12/><T131/><D15/><U45/><E114/><V123/><F63/><W90/><AGARI ba="0,1" hai="38,42,46,72,79,83,90,91,93,95,97,98,110,111" machi="90" ten="30,11700,0" yaku="1,1,0,1,9,1,52,1,53,0" doraHai="39" doraHaiUra="44" who="3" fromWho="3" sc="260,-39,331,-39,299,-39,100,127" /><INIT seed="3,1,0,5,3,128" ten="221,292,260,227" oya="3" hai0="42,97,24,46,114,99,68,52,10,74,62,82,0" hai1="98,93,19,1,17,3,117,109,22,134,66,129,95" hai2="26,72,108,5,38,69,85,121,14,77,41,53,55" hai3="45,61,13,103,106,100,104,79,28,2,54,123,21"/><W49/><G2/><T105/><D114/><U119/><E129/><V132/><F69/><W135/><G123/><T65/><D105/><U90/><E109/><V37/><F72/><W110/><G79/><T15/><D0/><U113/><E113/><V6/><F108/><W32/><G32/><T89/><D24/><U59/><E66/><V34/><F121/><W58/><G104/><T73/><D73/><U8/><E59/><V118/><F118/><N who="1" m="45065" /><E134/><V29/><F132/><W130/><G130/><T75/><D75/><U57/><E57/><V120/><F5/><W47/><G110/><T39/><D74/><U35/><E35/><V86/><F6/><W4/><G106/><T126/><D126/><U78/><E78/><V127/><F77/><W16/><G135/><T33/><D33/><U64/><E64/><V112/><F127/><W50/><G4/><T71/><D71/><U88/><E17/><V30/><F34/><W94/><G28/><T44/><D82/><U84/><E8/><V133/><F133/><W9/><G9/><T81/><D81/><U87/><E98/><V27/><F112/><W111/><G111/><T18/><REACH who="0" step="1"/><D89/><REACH who="0" ten="211,292,260,227" step="2"/><U51/><E3/><V11/><F120/><W102/><G94/><T63/><D63/><U116/><E1/><V96/><F27/><W7/><G7/><T12/><D12/><N who="1" m="9575" /><E116/><V67/><F26/><W101/><N who="3" m="25600" /><DORA hai="70" /><W83/><G83/><T20/><D20/><U92/><E92/><V115/><F115/><W25/><G25/><T48/><AGARI ba="1,1" hai="10,15,18,39,42,44,46,48,52,62,65,68,97,99" machi="48" ten="30,7900,0" yaku="1,1,0,1,52,1,54,1,53,0" doraHai="128,70" doraHaiUra="80,122" who="0" fromWho="0" sc="211,92,292,-21,260,-21,227,-40" /><INIT seed="4,0,0,4,2,14" ten="303,271,239,187" oya="0" hai0="4,66,77,5,90,110,118,115,121,20,131,83,51" hai1="97,60,42,43,44,3,132,32,41,18,100,50,31" hai2="40,54,23,73,13,116,89,2,134,70,27,38,127" hai3="96,6,78,67,61,124,122,82,12,93,35,102,11"/><T55/><D115/><U129/><E3/><V119/><F2/><W48/><G124/><T107/><D107/><U62/><E129/><V104/><F127/><W68/><G122/><T105/><D105/><U45/><E132/><V108/><F104/><W128/><G128/><T112/><D112/><U126/><E126/><V75/><F108/><W58/><G35/><T123/><D110/><U88/><E100/><V65/><F13/><W87/><G48/><T1/><D1/><U84/><E97/><V79/><F54/><W21/><G21/><T80/><D131/><U47/><E50/><V36/><F89/><W109/><G109/><T125/><D66/><U64/><E64/><V26/><F134/><W0/><G0/><T135/><D118/><U74/><E74/><V133/><F133/><W29/><G29/><T17/><D125/><U7/><E7/><V53/><F53/><W130/><G130/><T72/><D135/><U56/><E56/><V10/><F10/><W52/><REACH who="3" step="1"/><G68/><REACH who="3" ten="303,271,239,177" step="2"/><T37/><D123/><U111/><E31/><V98/><F23/><W71/><G71/><T33/><D121/><U24/><E32/><V99/><F70/><W113/><G113/><T85/><D33/><U117/><E111/><V94/><F119/><W114/><G114/><T69/><D69/><U63/><E117/><V8/><F116/><W106/><G106/><T30/><D30/><U16/><E24/><V22/><F26/><W19/><G19/><T103/><D17/><U101/><E101/><V76/><F27/><W39/><G39/><T28/><D103/><U25/><E25/><RYUUKYOKU ba="0,1" sc="303,-15,271,15,239,-15,177,15" hai1="16,18,41,42,43,44,45,47,60,62,63,84,88" hai3="6,11,12,52,58,61,67,78,82,87,93,96,102" /><INIT seed="5,1,1,4,4,64" ten="288,286,224,192" oya="1" hai0="55,118,134,65,26,45,95,27,132,108,74,12,33" hai1="91,88,38,121,54,28,20,85,100,97,8,10,21" hai2="17,56,60,77,62,23,6,83,112,119,110,30,131" hai3="42,0,115,125,37,11,111,19,123,59,93,63,78"/><U14/><E121/><V80/><F110/><W128/><G111/><T73/><D108/><U49/><E38/><V90/><F119/><W113/><G123/><T79/><D118/><U116/><E116/><V50/><F131/><W39/><G125/><T67/><D12/><U72/><E72/><N who="0" m="27753" /><D79/><U114/><E114/><N who="3" m="43530" /><G78/><T86/><D86/><U133/><E133/><N who="0" m="51305" /><D95/><N who="1" m="58431" /><E28/><V105/><F30/><W44/><G93/><T71/><D71/><U52/><E54/><V126/><F77/><W89/><G89/><N who="1" m="34378" /><E85/><V15/><F90/><W130/><G39/><T102/><D33/><U16/><E10/><V135/><F135/><W47/><G0/><T53/><D102/><U58/><AGARI ba="1,1" hai="8,14,16,20,21,49,52,58" m="34378,58431" machi="58" ten="30,11700,0" yaku="8,1,54,3" doraHai="64" who="1" fromWho="1" sc="288,-40,286,130,224,-40,192,-40" /><INIT seed="5,2,0,2,0,118" ten="248,416,184,152" oya="1" hai0="14,87,130,76,109,56,28,126,74,92,58,135,33" hai1="43,73,48,24,1,68,80,108,29,132,129,120,107" hai2="44,133,8,113,71,15,91,55,16,62,83,65,4" hai3="25,98,40,36,111,127,103,31,100,53,7,106,26"/><U116/><RYUUKYOKU type="yao9" ba="2,0" sc="248,0,416,0,184,0,152,0" hai1="1,24,29,43,48,68,73,80,107,108,116,120,129,132" /><INIT seed="5,3,0,4,2,30" ten="248,416,184,152" oya="1" hai0="111,134,131,3,86,37,36,52,107,92,42,20,2" hai1="113,132,87,40,77,47,18,93,104,8,106,44,74" hai2="117,128,49,119,27,125,15,67,4,10,94,35,124" hai3="50,130,85,43,58,81,76,82,83,118,112,61,13"/><U126/><E113/><V55/><F67/><W70/><G70/><T68/><D111/><U120/><E120/><V62/><F62/><W31/><G130/><T127/><D107/><U100/><E132/><V28/><F128/><W96/><G112/><T80/><D68/><U57/><E126/><N who="2" m="48747" /><F94/><W38/><G38/><T63/><D131/><U46/><E74/><V34/><F34/><W29/><G118/><T90/><D127/><U41/><E106/><V98/><F98/><W54/><G96/><T33/><D33/><U99/><E104/><V45/><AGARI ba="3,0" hai="4,10,15,27,28,35,45,49,55,117,119" m="48747" machi="45" ten="30,2000,0" yaku="18,1,52,1" doraHai="30" who="2" fromWho="2" sc="248,-8,416,-13,184,29,152,-8" /><INIT seed="6,0,0,4,0,37" ten="240,403,213,144" oya="2" hai0="78,116,75,55,65,22,117,62,111,57,3,115,127" hai1="63,9,56,121,20,95,73,106,80,43,41,123,21" hai2="118,2,96,86,103,42,107,15,92,51,83,74,82" hai3="53,120,134,8,113,13,108,27,34,64,110,88,31"/><V40/><F2/><W58/><G120/><N who="1" m="46154" /><E106/><V4/><F118/><W24/><G64/><T47/><D55/><U125/><E125/><V77/><F51/><W69/><G69/><T124/><D22/><N who="1" m="8811" /><E95/><V6/><F107/><W19/><G27/><T91/><D57/><U38/><E38/><V28/><F28/><W72/><G72/><T35/><D62/><U14/><E80/><V67/><F67/><W90/><G134/><T94/><D65/><N who="1" m="39143" /><E73/><V119/><F119/><W44/><G113/><T17/><D75/><U105/><E105/><V5/><REACH who="2" step="1"/><F15/><REACH who="2" ten="240,403,203,144" step="2"/><W71/><G13/><T16/><D116/><U135/><E135/><V49/><F49/><W79/><G31/><T126/><D117/><U128/><E128/><V11/><F11/><W104/><G8/><T36/><D3/><U114/><E114/><V30/><F30/><W61/><G104/><T70/><D115/><U76/><E76/><AGARI ba="0,1" hai="4,5,6,40,42,74,76,77,82,83,86,92,96,103" machi="76" ten="40,7700,0" yaku="1,1,52,2,53,0" doraHai="37" doraHaiUra="32" who="2" fromWho="1" sc="240,0,403,-77,203,87,144,0" /><INIT seed="6,1,0,0,4,9" ten="240,326,290,144" oya="2" hai0="107,115,97,120,38,15,46,69,42,66,95,34,8" hai1="82,129,94,72,17,90,121,13,131,106,58,65,7" hai2="74,108,88,135,2,19,12,112,23,55,81,68,123" hai3="29,32,49,39,99,35,51,96,119,134,3,86,75"/><V85/><F123/><W80/><G119/><T27/><D120/><U0/><E121/><V45/><F112/><W40/><G75/><T67/><D107/><U43/><E106/><V116/><F116/><W70/><G70/><T57/><D69/><U22/><E43/><V126/><F135/><W11/><G134/><T59/><D115/><U54/><E65/><V71/><F126/><W111/><G39/><T91/><D34/><U37/><E37/><V61/><F108/><W100/><G111/><T62/><D27/><U93/><E0/><V48/><F2/><W79/><G99/><T47/><D47/><U76/><E7/><V113/><F113/><W73/><G73/><T127/><D127/><U50/><REACH who="1" step="1"/><E94/><REACH who="1" ten="240,316,290,144" step="2"/><V87/><F74/><W21/><G40/><T10/><D66/><U16/><E16/><V25/><F61/><W24/><G3/><T117/><D117/><U101/><E101/><V18/><F87/><AGARI ba="1,1" hai="13,17,22,50,54,58,72,76,82,87,90,93,129,131" machi="87" ten="40,8000,1" yaku="1,1,25,2,52,1,53,0" doraHai="9" doraHaiUra="98" who="1" fromWho="2" sc="240,0,316,93,290,-83,144,0" /><INIT seed="7,0,0,3,4,109" ten="240,409,207,144" oya="3" hai0="35,134,6,122,28,124,42,102,48,76,100,69,116" hai1="24,121,32,131,71,40,86,66,85,74,54,79,101" hai2="112,52,39,30,3,111,133,45,16,105,120,0,38" hai3="84,23,73,91,93,26,119,106,15,83,58,1,13"/><W126/><G119/><T61/><D116/><U99/><E121/><V10/><F111/><W56/><G1/><T65/><D122/><U55/><E131/><V135/><F120/><W11/><G106/><T75/><D6/><U113/><E113/><V77/><F105/><W80/><G126/><T127/><D134/><N who="2" m="51210" /><F30/><N who="3" m="17759" /><G73/><T103/><D35/><U81/><E55/><V63/><F112/><W2/><G2/><N who="2" m="553" /><F77/><N who="3" m="46095" /><G83/><N who="0" m="45471" /><D28/><U92/><E24/><V68/><F68/><W8/><G15/><T96/><D48/><U117/><E32/><V43/><F39/><W110/><G110/><T29/><D42/><U4/><E74/><V88/><F88/><W118/><G118/><T51/><D51/><U19/><E117/><V59/><F10/><N who="3" m="3627" /><G13/><T5/><D5/><U70/><E4/><V25/><F25/><W18/><G18/><AGARI ba="0,0" hai="16,18,38,43,45,52,59,63" m="553,51210" machi="18" ten="30,3900,0" yaku="20,1,54,2" doraHai="109" who="2" fromWho="3" sc="240,0,409,0,207,39,144,-39" owari="240,-16.0,409,50.0,246,5.0,105,-39.0" /></mjloggm>