<mjloggm ver="2.3"><GO type="169" lobby="0"/><UN n0="%E5%B0%B1%E6%B4%BB%E7%94%9F%40%E5%B7%9D%E6%9D%91%E8%BB%8D%E5%9B%A3" n1="%78%6D%69%74%74%73%75%75" n2="%E3%83%A6%E3%83%AA%E3%82%A2" n3="%E3%81%8C%E3%82%8A%E3%81%8C%E3%82%8A%E2%98%86%E3%82%AC%E3%83%AA%E3%83%BC" dan="18,16,16,16" rate="2253.05,2094.55,2129.44,2058.84" sx="M,M,F,M"/><TAIKYOKU oya="0"/><INIT seed="0,0,0,3,1,64" ten="250,250,250,250" oya="0" hai0="131,53,56,113,49,84,70,76,105,35,118,44,19" hai1="115,57,79,87,122,9,71,120,99,32,134,111,55" hai2="129,0,135,80,117,102,50,95,40,100,59,26,67" hai3="74,33,72,42,89,52,106,4,65,10,110,62,39"/><T34/><D118/><U2/><E111/><V86/><F0/><W28/><G89/><T81/><D113/><U47/><E32/><V119/><F129/><W6/><G110/><T127/><D131/><U54/><E115/><V108/><F108/><W75/><G106/><T29/><D105/><U58/><E134/><V88/><F135/><W36/><G42/><T11/><D127/><U27/><E27/><V7/><F7/><W43/><G43/><T92/><D70/><U124/><E124/><V125/><F125/><W45/><G6/><T69/><D69/><U123/><E71/><V104/><F104/><W94/><G94/><T51/><D29/><U97/><E2/><V103/><F67/><W60/><G28/><T112/><D112/><U13/><E47/><V98/><F26/><W17/><G17/><T8/><D92/><U12/><E12/><V116/><F59/><W77/><G77/><T126/><D126/><U128/><E128/><V63/><F63/><W73/><G33/><T41/><D11/><U46/><E46/><AGARI ba="0,0" hai="40,46,50,80,86,88,95,98,100,102,103,116,117,119" machi="46" ten="40,2600,0" yaku="12,1,54,1" doraHai="64" who="2" fromWho="1" sc="250,0,250,-26,250,26,250,0" /><INIT seed="1,0,0,4,0,37" ten="250,224,276,250" oya="1" hai0="117,122,49,121,91,0,92,2,125,88,21,18,53" hai1="6,28,134,32,113,100,56,42,13,102,5,97,3" hai2="29,22,74,64,124,66,60,38,129,57,103,33,105" hai3="78,80,108,58,14,69,75,50,31,40,111,41,114"/><U83/><E113/><V36/><F74/><W119/><G114/><T128/><D117/><U43/><E3/><N who="0" m="1065" /><D128/><U131/><E131/><V107/><F129/><W93/><G119/><T87/><D125/><U84/><E134/><V7/><F7/><W34/><G69/><T52/><D91/><U106/><E102/><V90/><F124/><W16/><G31/><T130/><D130/><U67/><E28/><V110/><F110/><N who="3" m="42027" /><G34/><T127/><D127/><U27/><E27/><V45/><F66/><W24/><G24/><T62/><D62/><U15/><E32/><V8/><F33/><W30/><G30/><T12/><D53/><U47/><E5/><V59/><F8/><N who="3" m="6215" /><G93/><T118/><D118/><U133/><E133/><V79/><F29/><W39/><G39/><T112/><D112/><U116/><E116/><V94/><F22/><W26/><G26/><T85/><D87/><U20/><E47/><V25/><F45/><W82/><G82/><T44/><D44/><U72/><E72/><V77/><F25/><W46/><G58/><N who="0" m="33039" /><D122/><U70/><E70/><V4/><F38/><W126/><G126/><T11/><D121/><U61/><E15/><V23/><F36/><W99/><G99/><T73/><D73/><U123/><E123/><V10/><F107/><W135/><G135/><T55/><D11/><N who="1" m="4343" /><E20/><V109/><F23/><W101/><G101/><T19/><D19/><U68/><E68/><N who="2" m="41991" /><F109/><W1/><G1/><T65/><D65/><U63/><E63/><V54/><F105/><W9/><G9/><T120/><D120/><U81/><E81/><V98/><F103/><RYUUKYOKU ba="0,0" sc="250,10,224,10,276,-30,250,10" hai0="12,18,21,55,85,88,92" hai1="42,43,56,61,67,83,84,97,100,106" hai3="40,41,46,50,75,78,80" /><INIT seed="1,1,0,5,5,50" ten="260,234,246,260" oya="1" hai0="47,128,11,60,130,119,96,70,63,16,108,67,57" hai1="125,32,114,90,34,107,24,100,91,12,14,116,75" hai2="97,26,92,21,65,87,121,27,95,78,135,35,64" hai3="103,122,1,72,10,0,20,39,101,19,31,5,42"/><U66/><E116/><V98/><F121/><W55/><G122/><T41/><D96/><U76/><E114/><V48/><F135/><W71/><G71/><T113/><D113/><U118/><E118/><V44/><F35/><W111/><G31/><T15/><D119/><U129/><E129/><V40/><F78/><W120/><G120/><T52/><REACH who="0" step="1"/><D108/><REACH who="0" ten="250,234,246,260" step="2"/><U88/><E125/><V127/><F127/><W109/><G111/><T29/><D29/><U18/><E34/><V37/><F98/><W30/><G30/><T6/><D6/><U7/><E32/><V33/><F33/><W83/><G109/><T36/><AGARI ba="1,1" hai="11,15,16,36,41,47,52,57,60,63,67,70,128,130" machi="36" ten="30,12000,2" yaku="1,1,0,1,52,1,54,2,53,1" doraHai="50" doraHaiUra="51" who="0" fromWho="0" sc="250,133,234,-61,246,-31,260,-31" /><INIT seed="2,0,0,0,4,39" ten="383,173,215,229" oya="2" hai0="79,59,100,76,21,106,80,31,17,114,66,7,6" hai1="125,24,85,22,14,108,52,72,101,65,135,25,115" hai2="55,41,54,20,82,131,116,121,73,102,103,12,45" hai3="104,77,92,32,42,10,49,122,78,38,30,16,129"/><V105/><F121/><W11/><G104/><T117/><D114/><U111/><E72/><V86/><F116/><W8/><G38/><T18/><D106/><U35/><E115/><V3/><F3/><W81/><G122/><T88/><D100/><U0/><E0/><V93/><F73/><W112/><G112/><T96/><D31/><U48/><E135/><V37/><F105/><W91/><G129/><T23/><D66/><U40/><E125/><V119/><F131/><W47/><G32/><T109/><D59/><U58/><E101/><V130/><F130/><W124/><G30/><T64/><D64/><U68/><E35/><V1/><F1/><W113/><G113/><T28/><D28/><U51/><E68/><V57/><F55/><W26/><G124/><T134/><D134/><U2/><E2/><V50/><F119/><W56/><G56/><T120/><D109/><N who="1" m="42059" /><E65/><V107/><F107/><W4/><G4/><T44/><D117/><U83/><E14/><V67/><F67/><W95/><G95/><T127/><D127/><U62/><E22/><V74/><F74/><W53/><G81/><T97/><D120/><U36/><E36/><V27/><F12/><W5/><G5/><T94/><D80/><U15/><E15/><V19/><REACH who="2" step="1"/><F93/><REACH who="2" ten="383,173,205,229" step="2"/><W84/><G53/><T34/><D94/><U118/><E118/><V90/><AGARI ba="0,1" hai="19,20,27,37,41,45,50,54,57,82,86,90,102,103" machi="90" ten="20,12000,1" yaku="1,1,2,1,0,1,7,1,52,1,53,0" doraHai="39" doraHaiUra="133" who="2" fromWho="2" sc="383,-40,173,-40,205,130,229,-40" /><INIT seed="2,1,0,5,3,100" ten="343,133,335,189" oya="2" hai0="104,55,108,41,20,38,13,115,124,29,80,78,11" hai1="37,103,10,63,131,22,92,86,61,54,90,126,6" hai2="1,34,47,36,77,65,21,73,135,35,53,106,0" hai3="64,99,121,19,70,72,66,23,71,105,76,30,98"/><V122/><F122/><W116/><G121/><T60/><D115/><U117/><E117/><V114/><F114/><W49/><G30/><T133/><D124/><U127/><E37/><V74/><F53/><W132/><G116/><T129/><D133/><U5/><E131/><V62/><F21/><W83/><G132/><T57/><D129/><U97/><E22/><V109/><F135/><W25/><G49/><T8/><D104/><U75/><E75/><N who="2" m="28683" /><F77/><W56/><G99/><T48/><D108/><U128/><E128/><V46/><F47/><W84/><G72/><T134/><D134/><U112/><E112/><V52/><F52/><W85/><G85/><N who="0" m="48279" /><D38/><U88/><E90/><V7/><F7/><W26/><G26/><N who="0" m="16583" /><D13/><U31/><E31/><V43/><F109/><W59/><G23/><T113/><D113/><U93/><E5/><V14/><F14/><W3/><G3/><N who="2" m="1097" /><F106/><W44/><G105/><T68/><D68/><AGARI ba="1,0" hai="34,35,36,43,46,62,65,68" m="1097,28683" machi="68" ten="30,2900,0" yaku="33,2" doraHai="100" who="2" fromWho="0" sc="343,-32,133,0,335,32,189,0" /><INIT seed="2,2,0,0,3,79" ten="311,133,367,189" oya="2" hai0="2,10,46,41,92,104,27,114,73,125,122,4,44" hai1="98,103,96,107,86,88,37,121,18,106,32,89,128" hai2="90,1,102,127,110,61,52,67,51,108,24,81,31" hai3="0,36,13,63,15,133,99,25,55,95,135,124,83"/><V16/><F1/><W119/><G0/><T54/><D104/><U11/><E37/><V19/><F102/><W38/><G119/><T57/><D73/><U77/><E32/><V131/><F127/><W117/><G117/><T9/><D122/><U72/><E11/><V94/><F131/><W34/><G124/><T5/><D125/><U28/><E28/><V60/><F61/><W101/><G63/><T33/><D114/><U69/><E18/><V50/><F50/><W123/><G55/><T20/><D33/><U64/><E64/><V22/><F67/><W53/><G53/><T6/><D92/><N who="1" m="56327" /><E69/><V100/><F100/><W116/><G123/><T3/><D41/><U39/><E39/><N who="3" m="14890" /><G116/><T85/><D85/><U26/><E26/><V126/><F60/><W109/><G25/><T17/><D5/><U48/><E48/><AGARI ba="2,0" hai="2,3,4,6,9,10,17,20,27,44,46,48,54,57" machi="48" ten="30,2000,0" yaku="7,1,9,1" doraHai="79" who="0" fromWho="1" sc="311,26,133,-26,367,0,189,0" /><INIT seed="3,0,0,5,2,26" ten="337,107,367,189" oya="3" hai0="86,118,76,134,114,95,105,34,129,60,31,93,82" hai1="102,53,126,72,47,46,96,21,49,65,121,90,78" hai2="71,81,92,74,75,43,50,5,106,110,17,7,4" hai3="8,42,124,45,25,52,56,125,87,116,23,77,55"/><W35/><G116/><T30/><D105/><U29/><E121/><V70/><F110/><W112/><G112/><T91/><D34/><U83/><E126/><N who="3" m="48746" /><G35/><T131/><D118/><U10/><E65/><V37/><F37/><N who="3" m="21711" /><G8/><T119/><D119/><U132/><E132/><V69/><F106/><W1/><G1/><T99/><D134/><U6/><E90/><V0/><F0/><W33/><G33/><T38/><D38/><U109/><E109/><V108/><F108/><W14/><G14/><T20/><D20/><U120/><E120/><V66/><F17/><N who="3" m="12527" /><G56/><T111/><D111/><U36/><E36/><V13/><F13/><W85/><G77/><T12/><D12/><U44/><E10/><V51/><F43/><W2/><G2/><T22/><D22/><U100/><E6/><V61/><F92/><W68/><G68/><T27/><D95/><U19/><E29/><N who="0" m="10761" /><D27/><U113/><E113/><V63/><F81/><W79/><G79/><T128/><D114/><U104/><E21/><V98/><F66/><W9/><G9/><T48/><D48/><N who="2" m="18474" /><F98/><W117/><G117/><T16/><D16/><U84/><E19/><V135/><F135/><W115/><G115/><T122/><D122/><U73/><E73/><AGARI ba="0,0" hai="4,5,7,61,63,69,70,71,73,74,75" m="18474" machi="73" ten="40,2600,0" yaku="28,2" doraHai="26" who="2" fromWho="1" sc="337,0,107,-26,367,26,189,0" /><INIT seed="4,0,0,0,5,4" ten="337,81,393,189" oya="0" hai0="94,62,135,68,82,16,132,22,122,52,123,15,49" hai1="126,74,95,44,133,72,1,105,87,97,31,108,117" hai2="45,48,111,8,101,80,29,33,11,39,114,9,60" hai3="69,113,40,119,61,32,67,130,115,92,129,83,20"/><T38/><D38/><U116/><E108/><V10/><F111/><W25/><G32/><T53/><D82/><U102/><E1/><V112/><F39/><W107/><G107/><T21/><D21/><U14/><E31/><V13/><F101/><W125/><G119/><T59/><D94/><U121/><E121/><V134/><F134/><N who="0" m="51242" /><D68/><U43/><E133/><V93/><F80/><W24/><G125/><T58/><AGARI ba="0,0" hai="15,16,22,49,52,53,58,59,62,122,123" m="51242" machi="58" ten="30,6000,0" yaku="20,1,54,2" doraHai="4" who="0" fromWho="0" sc="337,60,81,-20,393,-20,189,-20" /><INIT seed="4,1,0,3,1,130" ten="397,61,373,169" oya="0" hai0="29,104,84,132,46,100,26,111,76,3,64,30,68" hai1="4,106,36,89,82,57,2,6,116,62,18,32,94" hai2="56,115,96,79,54,8,119,38,129,118,12,97,7" hai3="1,101,61,25,19,86,67,99,28,58,108,91,121"/><T87/><D3/><U83/><E106/><V134/><F38/><W44/><G1/><T16/><D111/><U92/><E116/><N who="2" m="44587" /><F115/><W5/><G5/><T20/><D132/><U39/><E32/><V35/><F129/><W80/><G108/><T103/><D104/><U113/><E113/><V50/><F79/><W74/><G121/><T0/><D0/><U72/><E18/><V47/><F35/><W51/><G19/><T33/><D68/><U69/><E69/><V125/><F125/><W31/><G74/><T45/><D64/><U126/><E126/><V73/><F73/><W78/><G78/><T110/><D110/><U37/><E94/><V133/><F47/><N who="0" m="17930" /><D33/><U88/><E89/><V14/><F12/><W75/><G25/><T90/><D76/><U112/><E112/><V66/><F66/><W98/><G75/><T27/><D27/><U9/><E6/><V128/><F128/><W122/><G122/><T95/><D87/><U59/><E72/><V55/><F54/><N who="3" m="30055" /><G101/><AGARI ba="1,0" hai="16,20,26,29,30,84,90,95,100,101,103" m="17930" machi="101" ten="30,2900,0" yaku="8,1,54,1" doraHai="130" who="0" fromWho="3" sc="397,32,61,0,373,0,169,-32" /><INIT seed="4,2,0,0,2,14" ten="429,61,373,137" oya="0" hai0="28,65,12,1,78,68,54,48,121,64,58,62,63" hai1="91,109,6,96,99,115,45,117,95,88,20,15,134" hai2="80,56,51,129,113,59,86,92,26,135,123,89,7" hai3="46,60,4,130,3,0,5,83,38,17,84,36,35"/><T37/><D1/><U42/><E117/><V111/><F123/><W102/><G35/><T69/><D28/><U94/><E109/><V132/><F111/><W39/><G102/><T101/><D101/><U21/><E134/><V133/><F113/><W126/><G130/><T41/><D78/><U82/><E115/><V13/><F129/><W110/><G110/><T49/><D12/><U79/><E6/><V33/><F33/><W18/><G126/><T9/><D9/><U114/><E15/><V22/><F51/><W100/><G100/><T61/><D121/><U106/><E106/><V57/><F13/><W108/><G108/><T70/><D70/><U93/><E93/><V125/><F7/><W112/><G112/><T55/><D55/><U73/><REACH who="1" step="1"/><E114/><REACH who="1" ten="429,51,373,137" step="2"/><V131/><F131/><W67/><G4/><T24/><D24/><U76/><E76/><V118/><F125/><W27/><G27/><T32/><D32/><U116/><E116/><V19/><F118/><W29/><G5/><T53/><D53/><U71/><E71/><V107/><F107/><W98/><G0/><T16/><D68/><U97/><E97/><V44/><F92/><W128/><G98/><T52/><D69/><U50/><AGARI ba="2,1" hai="20,21,42,45,50,73,79,82,88,91,94,95,96,99" machi="50" ten="20,8000,1" yaku="1,1,0,1,7,1,9,1,54,1,53,0" doraHai="14" doraHaiUra="122" who="1" fromWho="1" sc="429,-42,51,96,373,-22,137,-22" /><INIT seed="5,0,0,5,3,62" ten="387,147,351,115" oya="1" hai0="35,37,13,95,16,14,41,88,129,61,34,15,18" hai1="50,79,71,6,25,96,10,68,30,46,52,114,131" hai2="97,1,113,70,99,17,39,38,121,104,80,23,98" hai3="43,8,82,44,86,81,75,119,36,3,49,91,92"/><U120/><E120/><V64/><F1/><W107/><G107/><T116/><D116/><U134/><E114/><V124/><F121/><W26/><G119/><T60/><D129/><U51/><E131/><V55/><F104/><W58/><G26/><T93/><D37/><U109/><E134/><V76/><F124/><W135/><G135/><T69/><D41/><U73/><E109/><V12/><F55/><W111/><G111/><T72/><D72/><U66/><E96/><V67/><F70/><W108/><G108/><T84/><D95/><U29/><E51/><V63/><F63/><W90/><G90/><T31/><D61/><U5/><E29/><V27/><F113/><W42/><G42/><T40/><D40/><U11/><E66/><V89/><F89/><W101/><G101/><T65/><REACH who="0" step="1"/><D31/><REACH who="0" ten="377,147,351,115" step="2"/><U105/><E105/><V33/><F38/><W28/><G28/><T125/><D125/><U53/><E73/><V87/><F39/><W59/><G49/><T103/><D103/><U74/><E74/><V122/><F122/><W117/><G117/><T78/><D78/><U32/><E79/><V110/><F110/><W102/><G102/><T20/><D20/><U2/><REACH who="1" step="1"/><E53/><REACH who="1" ten="377,137,351,115" step="2"/><V130/><F130/><W0/><G75/><T56/><D56/><U77/><E77/><V47/><F47/><W94/><G59/><T128/><D128/><U126/><E126/><V106/><F106/><W24/><G58/><T48/><D48/><U19/><E19/><AGARI ba="0,2" hai="13,14,15,16,18,19,34,35,60,65,69,84,88,93" machi="19" ten="40,8000,1" yaku="1,1,52,1,54,2,53,0" doraHai="62" doraHaiUra="127" who="0" fromWho="1" sc="377,100,137,-80,351,0,115,0" /><INIT seed="6,0,0,1,1,47" ten="477,57,351,115" oya="2" hai0="76,133,45,50,35,93,43,120,109,99,84,68,116" hai1="79,117,54,91,74,107,11,63,89,62,38,88,0" hai2="126,28,118,72,66,78,57,86,90,82,98,97,92" hai3="58,111,12,15,41,29,22,69,40,31,25,122,123"/><V60/><F118/><W135/><G69/><T61/><D35/><U19/><E117/><V115/><F115/><W134/><G58/><T46/><D116/><U37/><E107/><V7/><F7/><W83/><G83/><T75/><D75/><U56/><E63/><V87/><F126/><W130/><G130/><T1/><D1/><U65/><E65/><V5/><F5/><W53/><G53/><T36/><D120/><N who="3" m="46121" /><G111/><T32/><D32/><U121/><E121/><V14/><F28/><N who="3" m="10827" /><G40/><T81/><D133/><N who="3" m="50697" /><G41/><T9/><D109/><U104/><E104/><V2/><F2/><W129/><G129/><T73/><D73/><U6/><E74/><V108/><F108/><W48/><G48/><T59/><D68/><U71/><E79/><V13/><F72/><W85/><G85/><T33/><D33/><U16/><REACH who="1" step="1"/><E71/><REACH who="1" ten="477,47,351,115" step="2"/><V27/><F27/><W106/><G106/><T94/><D61/><U49/><E49/><V77/><F78/><W34/><G34/><T70/><D50/><U112/><E112/><V105/><F105/><W131/><G131/><T127/><D70/><U64/><E64/><V103/><F103/><W17/><AGARI ba="0,1" hai="12,15,17,22,25" m="50697,10827,46121" machi="17" ten="40,5200,0" yaku="20,1,34,2" doraHai="47" who="3" fromWho="3" sc="477,-13,47,-13,351,-26,115,62" /><INIT seed="7,0,0,5,2,16" ten="464,34,325,177" oya="3" hai0="14,28,80,96,115,27,24,112,113,132,44,107,36" hai1="2,106,94,135,127,134,6,40,122,95,67,86,23" hai2="75,101,126,128,52,84,82,81,32,102,37,78,123" hai3="83,30,55,89,114,72,33,21,50,100,65,51,25"/><W35/><G65/><T99/><D132/><U56/><E106/><V22/><F32/><W12/><G114/><T90/><D14/><U38/><E122/><V109/><F37/><W91/><G100/><T119/><D119/><U111/><E111/><V74/><F109/><W58/><G33/><T49/><D36/><U42/><E127/><V125/><F123/><W108/><G108/><T73/><D107/><U10/><E86/><V18/><F52/><N who="3" m="32023" /><G35/><N who="0" m="20871" /><D27/><U3/><E3/><V46/><F46/><N who="3" m="28151" /><G72/><T118/><D118/><U121/><E121/><V133/><F133/><W41/><G41/><N who="0" m="24719" /><D73/><U61/><E135/><V5/><F74/><W110/><G110/><T129/><D129/><U70/><E134/><V105/><F128/><W88/><G12/><T93/><D80/><AGARI ba="0,0" hai="21,25,30,80,83,88,89,91" m="28151,32023" machi="80" ten="30,11600,0" yaku="8,1,52,1,54,2" doraHai="16" who="3" fromWho="0" sc="464,-116,34,0,325,0,177,116" /><INIT seed="7,1,0,5,1,12" ten="348,34,325,293" oya="3" hai0="74,35,121,53,126,112,86,98,39,110,32,107,123" hai1="135,111,58,63,67,59,28,57,78,1,73,96,88" hai2="15,40,128,24,75,18,131,33,102,43,72,38,85" hai3="3,19,71,79,115,61,13,54,114,41,118,95,44"/><W25/><G118/><T69/><RYUUKYOKU type="yao9" ba="1,0" sc="348,0,34,0,325,0,293,0" hai0="32,35,39,53,69,74,86,98,107,110,112,121,123,126" /><INIT seed="7,2,0,4,4,83" ten="348,34,325,293" oya="3" hai0="4,115,48,17,40,123,34,63,35,31,133,10,107" hai1="118,8,131,84,58,80,57,104,59,20,126,130,117" hai2="82,14,62,111,96,113,125,49,74,68,108,95,122" hai3="112,87,1,32,41,64,89,23,38,119,28,55,60"/><W76/><G119/><T13/><D123/><U78/><E104/><V99/><F122/><W30/><G1/><T65/><D107/><U45/><E20/><V98/><F68/><W47/><G32/><T106/><D106/><U33/><E33/><V69/><F69/><W109/><G112/><T7/><D115/><U43/><E8/><V27/><F27/><W2/><G2/><T81/><D133/><U73/><E126/><V91/><F62/><W44/><G109/><N who="2" m="42057" /><F49/><W79/><G55/><T39/><D39/><U92/><E92/><V135/><F14/><W86/><G47/><N who="0" m="25703" /><D35/><U37/><E37/><V101/><F113/><W26/><G30/><T102/><D34/><U24/><E24/><V132/><F125/><W21/><G21/><T25/><D102/><U75/><E43/><V54/><F54/><W18/><G28/><T67/><D31/><U110/><E45/><V19/><F19/><W6/><G6/><N who="0" m="2091" /><D25/><U93/><E93/><N who="2" m="58607" /><F98/><W70/><REACH who="3" step="1"/><G86/><REACH who="3" ten="348,34,325,283" step="2"/><T94/><D67/><U61/><E110/><V36/><F36/><W12/><G12/><T128/><D65/><U15/><E15/><V50/><F50/><W51/><G51/><T127/><D127/><U114/><E114/><V5/><F5/><W120/><G120/><T3/><D3/><U71/><E61/><V97/><F97/><W85/><G85/><T129/><D63/><U116/><E71/><V88/><F74/><W124/><G124/><T72/><D72/><U66/><E66/><V103/><F103/><W121/><G121/><T22/><D13/><U53/><E53/><V11/><F11/><RYUUKYOKU ba="2,1" sc="348,-30,34,10,325,10,283,10" hai1="57,58,59,73,75,78,80,84,116,117,118,130,131" hai2="82,88,91,95,96,132,135" hai3="18,23,26,38,41,44,60,64,70,76,79,87,89" /><INIT seed="7,3,1,5,5,69" ten="318,44,335,293" oya="3" hai0="122,101,106,68,114,0,8,81,119,44,6,55,116" hai1="85,65,88,87,2,107,108,20,43,111,58,42,120" hai2="80,16,23,45,7,38,109,29,131,112,53,5,127" hai3="35,95,10,92,82,126,36,59,97,134,21,52,130"/><W62/><G35/><T67/><D122/><U78/><E120/><V124/><F109/><W118/><G118/><T47/><D114/><U86/><E20/><V54/><F112/><W72/><G130/><T1/><D1/><U74/><E2/><V94/><F131/><W90/><G134/><T13/><D13/><U135/><E135/><V30/><F94/><W37/><G126/><N who="2" m="48169" /><F80/><W57/><G10/><T46/><D55/><N who="2" m="21002" /><F45/><W66/><G95/><T48/><D48/><U63/><E107/><V31/><F38/><W40/><G40/><T56/><D68/><U34/><E34/><V71/><F71/><W104/><G104/><T61/><D81/><U128/><E128/><V17/><F17/><W33/><G33/><T100/><REACH who="0" step="1"/><D106/><REACH who="0" ten="308,44,335,293" step="2"/><U15/><E15/><AGARI ba="3,2" hai="5,7,15,16,23,29,30,31" m="21002,48169" machi="15" ten="30,2000,0" yaku="18,1,54,1" doraHai="69" who="2" fromWho="1" sc="308,0,44,-29,335,49,293,0" owari="308,11.0,15,-48.0,384,48.0,293,-11.0" /></mjloggm>