<mjloggm ver="2.3"><GO type="169" lobby="0"/><UN n0="%6E%61%63%6F%6D%61%69%69" n1="%E3%81%84%E3%81%97%E3%82%82%E3%82%8A" n2="%E3%82%A6%E3%83%AB%E3%83%88%E3%83%A9%E7%AB%8B%E7%9B%B4" n3="%E6%97%85%E4%BA%BA%E3%81%A1%E3%82%88%E3%81%99%E3%81%91" dan="16,16,18,17" rate="2085.67,2081.34,2194.14,2165.85" sx="F,M,M,M"/><TAIKYOKU oya="0"/><INIT seed="0,0,0,3,4,85" ten="250,250,250,250" oya="0" hai0="95,117,131,104,25,64,50,116,119,73,79,135,30" hai1="15,82,27,88,66,5,127,22,118,48,20,41,115" hai2="19,70,84,4,81,132,33,91,39,109,43,2,29" hai3="61,7,113,97,106,13,120,49,121,24,54,44,62"/><T0/><D104/><U60/><E118/><V65/><F109/><W94/><G106/><T99/><D0/><U18/><E127/><V6/><F132/><W105/><G105/><T89/><D135/><U45/><E115/><V72/><F65/><W67/><G113/><T100/><D131/><U34/><E34/><V9/><F70/><W53/><G53/><T108/><D64/><U51/><E51/><V36/><F6/><W26/><G120/><T80/><D108/><U77/><E5/><V102/><F102/><W52/><G54/><T11/><D11/><U56/><E77/><V126/><F126/><W92/><G92/><T103/><REACH who="0" step="1"/><D50/><REACH who="0" ten="240,250,250,250" step="2"/><U71/><E71/><V32/><F9/><N who="3" m="4287" /><G121/><T74/><D74/><U28/><REACH who="1" step="1"/><E82/><REACH who="1" ten="240,240,250,250" step="2"/><V21/><F81/><W55/><G62/><T57/><D57/><U31/><E31/><V87/><F29/><W114/><G114/><T42/><D42/><U133/><E133/><V8/><F43/><W3/><G3/><T122/><D122/><U101/><E101/><V23/><F2/><W123/><G123/><T59/><D59/><U63/><E63/><V93/><F36/><W17/><G61/><T12/><D12/><U35/><E35/><AGARI ba="0,2" hai="25,30,35,73,79,80,89,95,99,100,103,116,117,119" machi="35" ten="40,3900,0" yaku="1,1,52,1,53,0" doraHai="85" doraHaiUra="134" who="0" fromWho="1" sc="240,59,240,-39,250,0,250,0" /><INIT seed="0,1,0,5,5,36" ten="299,201,250,250" oya="0" hai0="110,13,86,122,32,60,61,10,75,87,104,24,16" hai1="43,52,111,77,59,29,58,102,42,126,21,15,80" hai2="109,33,69,114,135,3,51,94,40,50,108,103,45" hai3="66,57,83,7,130,101,49,8,22,78,84,121,90"/><T128/><D122/><U12/><E111/><N who="2" m="42571" /><F3/><W62/><G130/><T17/><D110/><U6/><E126/><V106/><F33/><W37/><G37/><T120/><D120/><U100/><E59/><V68/><F106/><W85/><G121/><T67/><D75/><U5/><E15/><V48/><F103/><N who="1" m="39465" /><E77/><V1/><F1/><W96/><G22/><N who="0" m="13391" /><D104/><U44/><E44/><V129/><F94/><W54/><G101/><T70/><D70/><N who="2" m="27242" /><F129/><W53/><G96/><T117/><D117/><U115/><E115/><V38/><F135/><W97/><G97/><T72/><D72/><U89/><E6/><V93/><F93/><W4/><G8/><T18/><D67/><U113/><E113/><AGARI ba="1,0" hai="38,40,45,48,50,51,113,114" m="27242,42571" machi="113" ten="40,8000,1" yaku="14,1,34,2,52,1" doraHai="36" who="2" fromWho="1" sc="299,0,201,-83,250,83,250,0" /><INIT seed="1,0,0,4,2,58" ten="299,118,333,250" oya="1" hai0="16,33,61,44,14,133,109,32,118,88,127,49,62" hai1="48,98,15,112,13,3,51,56,12,70,115,126,54" hai2="103,123,2,66,39,95,125,82,132,36,119,92,100" hai3="40,108,110,64,53,87,111,117,90,8,65,20,122"/><U71/><E3/><V129/><F66/><W18/><G122/><T69/><D118/><U131/><E126/><V38/><F82/><W17/><G117/><T57/><D69/><N who="1" m="26123" /><E98/><V23/><F39/><W78/><G78/><T30/><D127/><U46/><E56/><V25/><F23/><W85/><G53/><N who="0" m="29863" /><D32/><U101/><E101/><V75/><F25/><W113/><G40/><T52/><D33/><U135/><E54/><V1/><F125/><W31/><G113/><N who="1" m="43594" /><E46/><V10/><F119/><W37/><G37/><T0/><D109/><U41/><E41/><V50/><F103/><W83/><G87/><T21/><D0/><U93/><E93/><V105/><F95/><W47/><G47/><T104/><D104/><U80/><E80/><V29/><F92/><W55/><G55/><T94/><D30/><U9/><E9/><V114/><F10/><W96/><G96/><N who="0" m="57415" /><D133/><U7/><E135/><V6/><F132/><W26/><G31/><T45/><D45/><U11/><E131/><V79/><F129/><W97/><G97/><T116/><D116/><U43/><E43/><V5/><F1/><W28/><G28/><T134/><D134/><U34/><E34/><V42/><F2/><W128/><G128/><T35/><D35/><U106/><E106/><V84/><F105/><W86/><G86/><T76/><D76/><U91/><E91/><V120/><F79/><W107/><G107/><T27/><D14/><AGARI ba="0,0" hai="8,14,17,18,20,26,64,65,83,85,90,108,110,111" machi="14" ten="40,1300,0" yaku="14,1" doraHai="58" who="3" fromWho="0" sc="299,-13,118,0,333,0,250,13" /><INIT seed="2,0,0,3,0,60" ten="286,118,333,263" oya="2" hai0="26,83,98,59,74,51,63,70,5,99,34,1,128" hai1="53,9,33,62,121,56,23,93,89,4,124,109,107" hai2="29,43,24,103,18,66,3,37,79,2,14,12,20" hai3="40,81,129,125,132,47,61,46,6,95,101,45,111"/><V75/><F103/><W115/><G111/><T57/><D128/><U86/><E109/><V112/><F112/><W32/><G32/><T44/><D70/><U126/><E33/><V35/><F43/><W110/><G129/><T118/><D118/><U72/><E72/><V27/><F37/><W92/><G110/><T133/><D59/><U123/><E107/><V131/><F79/><W21/><G125/><N who="1" m="48234" /><E23/><N who="2" m="13431" /><F66/><W10/><G115/><T28/><D133/><U76/><E76/><V119/><F75/><W13/><G132/><T105/><D105/><U25/><E25/><N who="2" m="18863" /><F119/><W80/><G40/><T108/><D108/><U42/><E42/><V113/><F113/><W69/><G21/><T8/><D83/><U54/><E54/><V91/><F91/><W97/><REACH who="3" step="1"/><G95/><REACH who="3" ten="286,118,333,253" step="2"/><T64/><D74/><U85/><E85/><V77/><F131/><W67/><AGARI ba="0,1" hai="6,10,13,45,46,47,61,67,69,80,81,92,97,101" machi="67" ten="30,7900,0" yaku="1,1,2,1,0,1,52,1,53,0" doraHai="60" doraHaiUra="68" who="3" fromWho="3" sc="286,-20,118,-20,333,-39,253,89" /><INIT seed="3,0,0,2,3,30" ten="266,98,294,342" oya="3" hai0="66,42,17,16,26,50,76,12,5,132,97,45,112" hai1="40,64,124,44,79,24,86,102,126,116,122,14,38" hai2="52,56,72,70,67,47,94,41,33,88,91,134,49" hai3="27,18,130,10,54,6,29,13,83,100,19,28,101"/><W58/><G130/><T117/><D117/><U85/><E122/><V63/><F72/><W127/><G127/><N who="1" m="48682" /><E79/><V25/><F134/><W2/><G83/><T92/><D132/><U111/><E111/><V95/><F95/><W106/><G106/><T133/><D112/><U35/><E102/><V110/><F110/><W115/><G115/><T22/><D133/><U135/><E135/><V73/><F73/><W11/><G18/><T120/><D120/><U55/><E64/><V123/><F123/><W1/><G28/><T34/><D34/><U89/><E116/><V104/><F104/><W105/><G1/><T103/><D66/><U80/><E14/><V46/><F46/><W39/><G39/><T87/><D5/><U23/><E55/><V125/><F125/><W53/><G53/><T84/><REACH who="0" step="1"/><D76/><REACH who="0" ten="256,98,294,342" step="2"/><U21/><E86/><V62/><F33/><W8/><G6/><T71/><D71/><U60/><E60/><V3/><F3/><W128/><G2/><T69/><D69/><U74/><E74/><V121/><F121/><W109/><G109/><T78/><D78/><U75/><E75/><V108/><F108/><W36/><G128/><T20/><AGARI ba="0,1" hai="12,16,17,20,22,26,42,45,50,84,87,92,97,103" machi="20" ten="20,12000,2" yaku="1,1,0,1,7,1,8,1,54,1,53,1" doraHai="30" doraHaiUra="9" who="0" fromWho="0" sc="256,130,98,-30,294,-30,342,-60" /><INIT seed="4,0,0,0,4,73" ten="386,68,264,282" oya="0" hai0="133,135,38,68,123,124,7,32,0,110,134,109,21" hai1="128,19,25,28,82,125,107,29,34,94,90,50,91" hai2="118,71,86,75,72,97,80,100,46,52,95,12,63" hai3="87,11,106,120,79,27,14,48,132,16,108,127,130"/><T96/><D123/><U77/><E125/><V9/><F118/><W81/><G108/><N who="0" m="41579" /><D68/><U2/><E128/><V115/><F115/><W13/><G130/><T113/><D113/><U18/><E107/><V24/><F24/><W61/><G106/><T99/><D38/><U30/><E2/><V85/><F85/><W126/><G132/><T104/><D124/><N who="3" m="47657" /><G120/><T102/><D21/><U45/><E34/><V1/><F1/><W111/><G111/><T98/><D32/><U69/><E25/><V26/><F26/><W22/><G61/><T116/><D116/><U41/><E69/><V49/><F63/><W60/><G60/><T114/><D114/><U15/><E15/><V93/><F93/><W76/><G48/><T88/><D7/><U54/><E41/><V44/><F71/><W58/><G58/><T112/><D0/><U37/><E37/><V23/><F46/><W89/><G14/><T78/><D78/><U64/><E64/><V3/><F3/><W83/><G83/><T31/><D31/><AGARI ba="0,0" hai="11,13,16,22,27,31,76,79,81,87,89" m="47657" machi="31" ten="30,7700,0" yaku="18,1,52,2,54,1" doraHai="73" who="3" fromWho="0" sc="386,-77,68,0,264,0,282,77" /><INIT seed="5,0,0,2,3,61" ten="309,68,264,359" oya="1" hai0="132,15,66,56,95,5,77,115,105,12,14,16,32" hai1="23,96,22,49,76,79,1,10,26,109,8,59,72" hai2="60,35,51,4,134,112,43,37,110,62,83,108,24" hai3="53,101,39,2,121,47,68,11,80,116,67,131,52"/><U34/><E109/><V65/><F4/><W85/><G121/><T90/><D105/><U75/><E34/><V27/><F27/><W28/><G101/><T82/><D32/><U88/><E75/><V44/><F83/><W91/><G131/><T114/><D132/><U42/><E72/><V25/><F25/><W106/><G106/><T113/><D5/><U122/><E122/><V135/><F24/><W99/><G99/><N who="0" m="57847" /><D56/><U50/><E1/><V97/><F97/><W119/><G28/><T29/><D29/><U128/><E128/><V41/><F35/><W93/><G93/><T104/><D104/><U9/><E42/><V6/><F6/><N who="3" m="1495" /><G47/><T55/><D66/><U124/><E124/><V19/><F19/><W3/><G39/><T31/><D31/><N who="1" m="17879" /><E23/><V17/><F62/><N who="3" m="40055" /><G3/><T120/><D55/><N who="1" m="32239" /><E50/><V117/><F117/><W7/><G7/><T33/><D120/><U69/><E69/><N who="2" m="42151" /><F17/><W111/><G111/><N who="2" m="42537" /><F112/><W126/><G126/><T92/><D92/><AGARI ba="0,0" hai="8,9,10,76,79,88,92,96" m="32239,17879" machi="92" ten="30,2900,0" yaku="8,1,54,1" doraHai="61" who="1" fromWho="0" sc="309,-29,68,29,264,0,359,0" /><INIT seed="5,1,0,1,0,38" ten="280,97,264,359" oya="1" hai0="102,7,122,70,93,6,9,112,50,110,131,11,5" hai1="72,42,29,64,43,117,68,79,90,23,20,106,35" hai2="54,96,18,34,0,113,59,123,116,130,44,39,31" hai3="66,36,135,97,109,4,26,133,127,30,12,27,132"/><U61/><E117/><V126/><F0/><W73/><G109/><T86/><D110/><U121/><E121/><V10/><F123/><W99/><G73/><T111/><D70/><U63/><E72/><V120/><F31/><W13/><G127/><T67/><D67/><U71/><E79/><V46/><F34/><W119/><G119/><T83/><D131/><U52/><E90/><V17/><F116/><W37/><G66/><T45/><D112/><U19/><E106/><V84/><F120/><W87/><G87/><T21/><D21/><U78/><E78/><V40/><F126/><W56/><G56/><T62/><D62/><U55/><E64/><V53/><F113/><W22/><G4/><T115/><D115/><U1/><E19/><V118/><F118/><W74/><G74/><T15/><D11/><U14/><E14/><N who="3" m="5738" /><G26/><T125/><D125/><U47/><E47/><V32/><F32/><W105/><G105/><T129/><D129/><U114/><E114/><V134/><F10/><W89/><G89/><N who="0" m="51423" /><D111/><U77/><E77/><V103/><F84/><W28/><G28/><T69/><D69/><U60/><E60/><V41/><F130/><W85/><G85/><T91/><D102/><U98/><E29/><V75/><F75/><W2/><G2/><T49/><D122/><U33/><E1/><V65/><F65/><W82/><G82/><T58/><D91/><U94/><E98/><AGARI ba="1,0" hai="22,27,30,36,37,97,98,99,132,133,135" m="5738" machi="98" ten="40,1300,0" yaku="20,1" doraHai="38" who="3" fromWho="1" sc="280,0,97,-16,264,0,359,16" /><INIT seed="6,0,0,1,2,88" ten="280,81,264,375" oya="2" hai0="116,114,111,83,67,1,87,14,126,64,52,113,74" hai1="125,97,31,96,105,38,54,48,117,123,69,28,118" hai2="100,72,45,107,0,103,16,110,13,77,128,6,84" hai3="73,17,130,75,79,24,80,104,44,85,32,71,20"/><V37/><F128/><W68/><G104/><T81/><D1/><U91/><E38/><V93/><F110/><W89/><G130/><T122/><D126/><U65/><E125/><V43/><F107/><W34/><G75/><T124/><D122/><U70/><E123/><V59/><F72/><W39/><G68/><T11/><D81/><U78/><E105/><V99/><F59/><W66/><G39/><T132/><D116/><U35/><E78/><V12/><F103/><W121/><G121/><T3/><D3/><U2/><E2/><V41/><F41/><W19/><G44/><T8/><D8/><U62/><E70/><V82/><REACH who="2" step="1"/><F16/><REACH who="2" ten="280,81,254,375" step="2"/><W90/><G17/><T101/><D111/><U129/><E129/><V106/><F106/><W120/><G73/><T95/><D74/><U51/><E118/><V58/><F58/><W112/><G120/><T5/><D124/><U61/><E117/><V60/><F60/><W30/><G19/><T15/><D101/><U131/><E131/><V108/><F108/><W7/><G71/><T22/><D67/><U18/><E18/><V109/><F109/><W33/><G66/><T26/><D64/><U10/><E62/><V40/><F40/><W55/><G55/><T63/><D52/><U119/><E119/><V29/><F29/><W57/><G57/><T133/><D63/><U86/><E31/><V127/><F127/><W92/><G30/><T46/><D46/><U49/><E54/><V27/><F27/><W47/><G24/><T76/><D26/><N who="1" m="18839" /><E10/><AGARI ba="0,1" hai="0,6,10,12,13,37,43,45,77,82,84,93,99,100" machi="10" ten="40,3900,0" yaku="1,1,52,1,53,0" doraHai="88" doraHaiUra="25" who="2" fromWho="1" sc="280,0,81,-39,254,49,375,0" /><INIT seed="6,1,0,2,1,123" ten="280,42,303,375" oya="2" hai0="82,80,95,72,104,89,13,28,84,15,133,25,93" hai1="116,88,4,99,5,121,101,67,117,31,92,14,105" hai2="0,30,32,110,34,55,70,124,50,71,41,40,61" hai3="128,35,108,119,103,78,85,122,111,38,115,21,68"/><V87/><F0/><W100/><G35/><T51/><D104/><U90/><E121/><V125/><F87/><W76/><G38/><T62/><D133/><U109/><E109/><V20/><F20/><W60/><G122/><T77/><D62/><U49/><E90/><V6/><F6/><W48/><G119/><T33/><D51/><U112/><E112/><V81/><F81/><W36/><G36/><T46/><D46/><U52/><E67/><N who="2" m="41327" /><F30/><W66/><G115/><T63/><D63/><U45/><E31/><V44/><F71/><W102/><G85/><T26/><D25/><U22/><E5/><V2/><F2/><W12/><G21/><T134/><D15/><U42/><E42/><N who="2" m="16491" /><F110/><W83/><G12/><T79/><D13/><U16/><REACH who="1" step="1"/><E4/><REACH who="1" ten="280,32,303,375" step="2"/><V29/><F29/><W19/><G111/><T39/><D89/><U24/><E24/><V10/><F32/><W23/><G108/><T7/><D7/><U75/><E75/><V9/><F34/><W58/><G66/><T114/><D114/><U64/><E64/><V132/><F132/><W17/><G68/><T127/><D134/><U118/><E118/><V11/><F125/><W130/><G78/><T91/><D127/><U126/><E126/><V113/><F124/><W135/><G135/><T3/><D91/><U74/><E74/><V27/><F113/><W97/><G76/><T59/><D77/><U53/><E53/><N who="2" m="29895" /><F27/><W37/><G102/><T57/><D79/><U96/><AGARI ba="1,1" hai="14,16,22,45,49,52,88,92,96,99,101,105,116,117" machi="96" ten="20,12000,2" yaku="1,1,0,1,7,1,54,3,53,0" doraHai="123" doraHaiUra="131" who="1" fromWho="1" sc="280,-31,32,133,303,-61,375,-31" /><INIT seed="7,0,0,3,2,105" ten="249,165,242,344" oya="3" hai0="97,20,53,73,82,102,106,51,2,76,3,110,122" hai1="60,10,94,1,31,85,78,17,112,58,135,68,115" hai2="16,45,69,24,72,48,4,7,113,30,134,36,129" hai3="47,96,80,86,93,13,71,15,127,77,79,35,27"/><W107/><G107/><T104/><D122/><U46/><E68/><V12/><F72/><W130/><G71/><T92/><D110/><U126/><E46/><V50/><F69/><W98/><G130/><T81/><D106/><U64/><E31/><V84/><F129/><W59/><G127/><T95/><D95/><U34/><E34/><V123/><F113/><W121/><G79/><T55/><D55/><U70/><E126/><V21/><F134/><W101/><G121/><T66/><D66/><U28/><E28/><V18/><F123/><W9/><G27/><T100/><D82/><U87/><E135/><V99/><F99/><W52/><G35/><T32/><D102/><U128/><E128/><V117/><F117/><W29/><G29/><T111/><D32/><U56/><E87/><V61/><F61/><W119/><G96/><T88/><D20/><U44/><E44/><V25/><F36/><W90/><G47/><T57/><D111/><U109/><E109/><V38/><F38/><W108/><G119/><T33/><D33/><U131/><E131/><V42/><F50/><W26/><G108/><T133/><D133/><U8/><E8/><N who="2" m="6151" /><F84/><AGARI ba="0,0" hai="2,3,51,53,57,73,76,81,84,88,92,97,100,104" machi="84" ten="30,8000,1" yaku="7,1,24,2,52,1,54,1" doraHai="105" who="0" fromWho="2" sc="249,80,165,0,242,-80,344,0" owari="329,13.0,165,-23.0,162,-34.0,344,44.0" /></mjloggm>