<mjloggm ver="2.3"><GO type="169" lobby="0"/><UN n0="%E3%83%88%E3%83%88%E3%83%AA%E5%85%88%E7%94%9F%31%39%E6%AD%B3" n1="%EF%BC%93%E7%95%AA%E3%82%B7%E3%83%A7%E3%83%BC%E3%83%88%E5%9D%82%E7%94%B0" n2="%E3%81%91%E3%81%84%E3%81%99%E3%81%91%EF%BC%A0%EF%BC%AB%EF%BC%B5" n3="%E3%82%86%E3%81%84%E3%81%A1%E3%82%83%E3%82%93%E3%81%AE%E3%83%91%E3%83%91" dan="18,16,16,18" rate="2196.73,2062.03,2075.71,2171.89" sx="F,M,M,M"/><TAIKYOKU oya="0"/><INIT seed="0,0,0,5,2,53" ten="250,250,250,250" oya="0" hai0="45,69,81,78,124,89,17,33,37,30,111,131,129" hai1="15,40,47,50,12,22,34,32,121,109,79,70,39" hai2="38,84,57,64,117,91,42,68,100,48,105,10,77" hai3="14,2,8,114,74,59,135,19,60,134,28,104,46"/><T120/><D120/><U71/><E121/><V102/><F77/><W110/><G74/><T112/><D112/><U123/><E123/><V24/><F105/><W23/><G114/><T67/><D124/><U118/><E118/><V52/><F24/><W90/><G104/><T66/><D111/><U4/><E109/><V18/><F117/><W125/><G110/><T132/><D132/><U55/><E79/><V107/><F107/><W7/><G125/><T62/><D66/><U36/><E36/><V103/><F68/><W126/><G126/><T49/><D89/><U44/><E15/><N who="2" m="7543" /><F38/><W83/><G46/><T43/><D17/><U76/><E76/><V85/><F42/><W27/><G90/><T21/><D21/><U5/><E5/><V6/><F6/><W94/><G94/><T73/><REACH who="0" step="1"/><D49/><REACH who="0" ten="240,250,250,250" step="2"/><U0/><E22/><V86/><F64/><N who="3" m="38943" /><G83/><AGARI ba="0,1" hai="48,52,57,83,84,85,86,91,100,102,103" m="7543" machi="83" ten="30,3900,0" yaku="8,1,52,1,54,1" doraHai="53" who="2" fromWho="3" sc="240,0,250,0,250,49,250,-39" /><INIT seed="1,0,0,3,0,8" ten="240,250,299,211" oya="1" hai0="13,106,35,6,10,21,97,2,17,132,117,34,83" hai1="88,37,33,60,57,43,100,12,52,68,109,98,127" hai2="64,56,39,122,55,103,45,112,31,53,110,119,114" hai3="135,108,123,126,113,61,36,118,134,99,74,14,69"/><U11/><E127/><V89/><F103/><W63/><RYUUKYOKU type="yao9" ba="0,0" sc="240,0,250,0,299,0,211,0" hai3="14,36,61,63,69,74,99,108,113,118,123,126,134,135" /><INIT seed="1,1,0,3,3,132" ten="240,250,299,211" oya="1" hai0="115,62,17,52,38,121,117,85,104,133,34,27,109" hai1="16,124,73,135,1,61,118,86,96,48,6,98,103" hai2="108,60,119,13,123,90,65,79,0,54,53,101,71" hai3="3,22,66,20,37,75,97,31,129,128,50,110,114"/><U81/><E118/><V40/><F119/><W56/><G37/><T57/><D117/><U88/><E135/><V134/><F0/><W70/><G114/><T29/><D133/><U33/><E33/><V112/><F79/><W43/><G3/><T21/><D115/><U131/><E131/><V74/><F101/><W9/><G75/><T93/><D104/><U49/><E73/><V95/><F74/><W44/><G70/><T111/><D38/><U12/><E1/><V59/><F112/><W24/><G110/><N who="0" m="41995" /><D121/><U28/><E28/><V87/><F108/><W26/><G9/><T84/><D93/><N who="1" m="58767" /><E124/><V105/><F123/><W51/><G97/><T77/><D77/><N who="1" m="46383" /><E61/><V116/><F105/><W113/><G113/><T68/><D68/><U126/><E6/><V41/><F116/><W102/><G102/><T47/><D47/><U5/><E5/><V19/><F134/><W82/><G82/><T122/><D122/><U36/><E126/><V91/><F91/><W32/><G32/><T35/><D35/><U69/><E69/><V55/><REACH who="2" step="1"/><F71/><REACH who="2" ten="240,250,289,211" step="2"/><W64/><G128/><T15/><AGARI ba="1,1" hai="15,17,21,27,29,34,52,57,62,84,85" m="41995" machi="15" ten="30,2000,0" yaku="14,1,54,1" doraHai="132" who="0" fromWho="0" sc="240,33,250,-11,289,-6,211,-6" /><INIT seed="2,0,0,5,3,91" ten="273,239,283,205" oya="2" hai0="10,33,119,26,111,105,104,94,66,103,65,8,46" hai1="52,73,122,15,41,2,128,96,117,82,72,48,37" hai2="116,31,70,86,81,20,69,95,98,61,7,110,68" hai3="34,121,114,134,47,5,123,63,78,80,87,129,56"/><V115/><F116/><W88/><G34/><T11/><D119/><U89/><E2/><V64/><F115/><W113/><G5/><T55/><D111/><U101/><E117/><V120/><F120/><W27/><G129/><T19/><D55/><U127/><E128/><V112/><F112/><N who="3" m="43115" /><G134/><T102/><D46/><U32/><E32/><V62/><F110/><W74/><G27/><T14/><D33/><U130/><E122/><V6/><F31/><W135/><G47/><T90/><D26/><U53/><E130/><V84/><F20/><W22/><G22/><N who="0" m="11639" /><D105/><U12/><E37/><V35/><F35/><W51/><G51/><T13/><D104/><U39/><E39/><V44/><F44/><W42/><G42/><T58/><D13/><U109/><E41/><V17/><F17/><W54/><G135/><T16/><D16/><U38/><E38/><V40/><F40/><W28/><G28/><T49/><D49/><U92/><E109/><V24/><F24/><W23/><G23/><T67/><D58/><U79/><E73/><V99/><F68/><W18/><G18/><T3/><D3/><U132/><E132/><V25/><F25/><W60/><G60/><T107/><D107/><U50/><E50/><V43/><F43/><W77/><G77/><T36/><D36/><U97/><E48/><V75/><F75/><W4/><G4/><T125/><D125/><U1/><E127/><V85/><F69/><W76/><G76/><T30/><D30/><U124/><E124/><V57/><F62/><W29/><G29/><T93/><D90/><U21/><E1/><RYUUKYOKU ba="0,0" sc="273,15,239,-15,283,-15,205,15" hai0="8,10,11,65,66,67,93,94,102,103" hai3="54,56,63,74,78,80,87,88,121,123" /><INIT seed="3,1,0,0,1,82" ten="288,224,268,220" oya="3" hai0="131,91,113,16,90,10,1,116,108,23,112,122,104" hai1="2,134,130,86,87,6,8,56,85,55,111,41,57" hai2="53,62,96,12,80,46,114,15,45,120,118,13,93" hai3="70,26,123,35,40,44,81,18,66,98,50,43,76"/><W59/><G123/><T103/><D122/><U101/><E111/><V107/><F118/><W17/><G70/><T129/><D116/><U92/><E134/><V4/><F114/><N who="0" m="44138" /><D108/><U73/><E130/><N who="0" m="49673" /><D103/><U125/><E73/><V47/><F107/><W49/><G98/><T83/><D104/><U60/><E41/><V124/><F124/><W52/><G40/><T127/><D127/><U65/><E125/><V22/><F80/><W20/><G35/><T110/><D110/><U72/><E72/><V102/><F120/><W75/><REACH who="3" step="1"/><G66/><REACH who="3" ten="288,224,268,210" step="2"/><T28/><D28/><AGARI ba="1,1" hai="17,18,20,26,28,43,44,49,50,52,59,75,76,81" machi="28" ten="30,11600,0" yaku="1,1,2,1,7,1,54,1,53,0" doraHai="82" doraHaiUra="71" who="3" fromWho="0" sc="288,-119,224,0,268,0,210,129" /><INIT seed="3,2,0,2,1,23" ten="169,224,268,339" oya="3" hai0="96,97,124,7,95,132,9,109,122,11,92,0,20" hai1="108,102,127,110,14,38,105,17,99,24,130,50,118" hai2="63,2,16,73,86,117,98,91,47,71,68,41,120" hai3="115,74,13,5,12,65,123,64,84,79,126,39,46"/><W55/><G123/><T89/><D122/><U8/><E38/><V42/><F2/><W70/><G115/><T135/><D109/><N who="1" m="42091" /><E127/><V90/><F117/><W57/><G74/><T56/><D124/><U21/><E130/><V25/><F73/><W107/><G107/><T52/><D20/><U4/><E50/><V106/><F42/><W3/><G3/><T111/><D11/><U100/><E100/><V27/><F63/><W112/><G112/><T62/><REACH who="0" step="1"/><D111/><REACH who="0" ten="159,224,268,339" step="2"/><U10/><E8/><V37/><F120/><W59/><G126/><T76/><D76/><U134/><E134/><V32/><F32/><W66/><G79/><T18/><D18/><N who="1" m="12343" /><E118/><V128/><F128/><W54/><G5/><AGARI ba="2,1" hai="4,5,10,14,17,99,102,105" m="12343,42091" machi="5" ten="30,2000,0" yaku="14,1,52,1" doraHai="23" who="1" fromWho="3" sc="159,0,224,36,268,0,339,-26" /><INIT seed="4,0,0,4,4,69" ten="159,260,268,313" oya="0" hai0="104,109,74,32,90,44,70,51,82,43,99,29,12" hai1="48,7,18,16,40,94,95,127,3,49,47,17,110" hai2="67,57,114,89,63,96,58,35,64,133,78,20,125" hai3="91,101,113,56,112,1,93,5,8,50,2,108,115"/><T80/><D70/><U61/><E110/><V76/><F35/><W121/><G108/><T6/><D109/><U53/><E127/><V11/><F125/><W106/><G106/><T100/><D74/><U72/><E72/><V26/><F11/><W66/><G101/><T14/><D6/><U107/><E107/><V117/><F114/><W122/><G2/><T31/><D82/><U9/><REACH who="1" step="1"/><E61/><REACH who="1" ten="159,250,268,313" step="2"/><V54/><F63/><W83/><G113/><T84/><REACH who="0" step="1"/><D32/><REACH who="0" ten="149,250,268,313" step="2"/><U28/><E28/><AGARI ba="0,2" hai="12,14,28,29,31,43,44,51,80,84,90,99,100,104" machi="28" ten="40,7700,0" yaku="1,1,2,1,53,1" doraHai="69" doraHaiUra="39" who="0" fromWho="1" sc="149,97,250,-77,268,0,313,0" /><INIT seed="4,1,0,3,0,27" ten="246,173,268,313" oya="0" hai0="29,9,80,118,93,89,73,96,11,74,90,56,47" hai1="128,124,87,113,41,114,134,26,42,94,86,71,67" hai2="32,15,14,43,52,68,105,3,119,85,101,126,133" hai3="122,109,112,65,82,107,120,125,28,35,95,8,45"/><T115/><D118/><U13/><E124/><V103/><F68/><W108/><G107/><T40/><D115/><N who="1" m="44043" /><E134/><V12/><F32/><W0/><G112/><T117/><D117/><U127/><E127/><V57/><F43/><N who="1" m="16393" /><E128/><V70/><F3/><W131/><G45/><T116/><D116/><U31/><E13/><V49/><F70/><W51/><G51/><T61/><D73/><U2/><E2/><V79/><F126/><W60/><G125/><T84/><D74/><U102/><E67/><V54/><F133/><W5/><G131/><T36/><D29/><U39/><E39/><V99/><F119/><W75/><G95/><T24/><D24/><U38/><E38/><V59/><F105/><W62/><G28/><T7/><D7/><U130/><E71/><V132/><F99/><W55/><G65/><AGARI ba="1,0" hai="9,11,36,40,47,56,61,65,80,84,89,90,93,96" machi="65" ten="30,1500,0" yaku="7,1" doraHai="27" who="0" fromWho="3" sc="246,18,173,0,268,0,313,-18" /><INIT seed="4,2,0,3,3,4" ten="264,173,268,295" oya="0" hai0="74,60,117,61,99,84,127,125,51,66,46,90,112" hai1="121,78,120,67,22,91,34,114,2,92,119,42,107" hai2="54,129,15,6,23,45,8,130,134,18,135,124,56" hai3="24,68,94,48,0,115,122,43,73,37,14,103,72"/><T79/><D117/><U36/><E34/><V20/><F45/><W3/><G37/><T33/><D33/><U5/><E107/><V128/><F124/><N who="0" m="47690" /><D112/><U80/><E119/><V58/><F54/><W65/><G115/><T110/><D110/><U38/><E67/><V50/><F50/><W28/><G122/><T87/><D74/><U113/><E114/><V27/><REACH who="2" step="1"/><F23/><REACH who="2" ten="264,173,258,295" step="2"/><W47/><G48/><T21/><D21/><U116/><E22/><V118/><F118/><W95/><G47/><T82/><D66/><U29/><E113/><V26/><F26/><W100/><G24/><T111/><D111/><U49/><E116/><V7/><F7/><W83/><G65/><T64/><D64/><U1/><E120/><V52/><F52/><W133/><G68/><T53/><D99/><U101/><E121/><V57/><AGARI ba="2,1" hai="6,8,15,18,20,27,56,57,58,128,129,130,134,135" machi="57" ten="40,8000,1" yaku="1,1,0,1,19,1,52,1,53,0" doraHai="4" doraHaiUra="40" who="2" fromWho="2" sc="264,-42,173,-22,258,96,295,-22" /><INIT seed="5,0,0,4,4,91" ten="222,151,354,273" oya="1" hai0="67,29,123,63,125,105,82,84,28,85,62,94,92" hai1="131,98,10,115,96,55,107,127,108,104,113,50,79" hai2="99,74,120,0,16,66,30,73,11,135,37,19,114" hai3="54,133,65,4,78,95,128,12,41,20,35,46,134"/><U132/><E132/><V111/><F37/><W80/><G35/><T31/><D105/><N who="1" m="40523" /><E79/><V56/><F30/><W76/><G65/><T83/><D125/><U70/><E70/><V33/><F11/><W26/><G54/><T61/><D67/><U119/><E119/><V32/><F56/><W1/><G78/><N who="0" m="46167" /><D123/><U8/><E127/><V71/><F66/><W18/><G95/><N who="0" m="36395" /><D31/><U109/><E131/><V22/><F120/><W93/><G93/><T21/><D21/><U34/><E34/><V86/><F22/><W88/><G88/><AGARI ba="0,0" hai="28,29,61,62,63,83,85,88" m="36395,46167" machi="88" ten="30,8000,1" yaku="8,1,52,3,54,1" doraHai="91" who="0" fromWho="3" sc="222,80,151,0,354,0,273,-80" /><INIT seed="6,0,0,3,1,28" ten="302,151,354,193" oya="2" hai0="2,32,130,105,116,33,115,51,96,19,74,34,110" hai1="35,53,40,38,27,99,86,124,133,93,66,16,5" hai2="98,129,15,104,120,92,126,11,103,118,131,113,57" hai3="67,85,70,62,47,102,1,71,78,94,43,88,46"/><V31/><F120/><W21/><G1/><T68/><RYUUKYOKU type="yao9" ba="0,0" sc="302,0,151,0,354,0,193,0" hai0="2,19,32,33,34,51,68,74,96,105,110,115,116,130" /><INIT seed="6,1,0,0,2,61" ten="302,151,354,193" oya="2" hai0="79,112,47,7,67,86,49,12,41,96,123,75,29" hai1="127,88,18,63,129,56,43,90,106,32,17,38,87" hai2="132,42,53,114,30,76,6,105,99,65,45,33,116" hai3="72,70,4,64,34,35,115,13,59,101,110,77,89"/><V5/><F116/><W0/><G110/><T93/><D112/><U134/><E106/><V92/><F114/><W19/><G70/><T58/><D123/><U28/><E134/><V119/><F119/><W98/><G89/><T21/><D75/><U1/><E1/><V85/><F105/><W69/><G69/><T8/><D29/><U131/><E127/><V113/><F53/><W80/><G4/><T128/><D128/><N who="1" m="49227" /><E43/><V91/><F113/><W2/><G115/><T126/><D21/><U104/><E104/><V37/><F132/><W10/><G2/><T23/><D23/><U16/><E38/><V57/><F30/><W121/><G0/><T97/><D126/><U11/><E11/><V83/><REACH who="2" step="1"/><F33/><REACH who="2" ten="302,151,344,193" step="2"/><W24/><G35/><T111/><D111/><U130/><E130/><V36/><F36/><W68/><G34/><T78/><D41/><U52/><E87/><V108/><F108/><W48/><G72/><T71/><D86/><U109/><E109/><V9/><F9/><W54/><G10/><T20/><D8/><U84/><E84/><V51/><F51/><W135/><G48/><T27/><D49/><U62/><E63/><AGARI ba="1,1" hai="5,6,37,42,45,57,63,65,76,83,85,91,92,99" machi="63" ten="40,7700,0" yaku="1,1,52,1,53,1" doraHai="61" doraHaiUra="40" who="2" fromWho="1" sc="302,0,151,-80,344,90,193,0" /><INIT seed="6,2,0,2,4,122" ten="302,71,434,193" oya="2" hai0="15,14,133,66,43,6,3,72,46,50,82,57,120" hai1="127,33,114,63,104,16,103,0,42,52,2,91,93" hai2="9,69,107,27,119,54,45,41,73,11,60,100,101" hai3="26,74,123,75,130,97,105,5,62,59,109,48,7"/><V76/><F119/><W37/><G37/><T12/><D120/><U55/><E33/><V13/><F27/><W1/><G123/><T38/><D133/><U36/><E114/><V10/><F76/><W88/><G48/><T99/><D99/><U64/><E127/><V87/><F73/><W65/><G130/><T117/><D117/><U112/><E112/><V77/><F69/><W89/><G109/><T132/><D132/><U80/><E80/><V85/><F60/><W68/><G59/><T84/><D72/><U92/><E104/><V129/><F54/><W23/><G75/><T4/><D3/><U67/><E67/><V19/><F107/><W78/><G78/><T40/><D40/><U61/><E42/><V71/><F71/><W106/><G74/><T115/><D115/><U98/><E36/><V28/><F28/><W113/><G113/><T25/><D25/><U125/><E125/><V108/><F85/><W118/><G118/><T24/><D24/><U135/><E135/><V49/><F129/><W128/><G128/><T81/><D38/><U31/><E31/><V34/><F34/><W131/><G131/><T110/><D110/><U83/><E63/><V17/><F108/><W58/><G68/><T56/><D81/><U95/><E83/><V96/><F77/><W86/><G105/><T111/><D111/><U53/><E95/><V121/><F41/><W47/><G106/><T51/><D51/><U79/><E79/><V32/><F49/><W94/><G62/><N who="0" m="38215" /><D57/><N who="1" m="36911" /><E16/><V126/><F19/><W8/><G65/><T44/><D44/><U70/><E70/><RYUUKYOKU ba="2,0" sc="302,15,71,15,434,-15,193,-15" hai0="4,6,12,14,15,43,46,50,82,84" hai1="0,2,52,53,55,91,92,93,98,103" /><INIT seed="7,3,0,4,4,67" ten="317,86,419,178" oya="3" hai0="54,109,122,92,119,115,13,107,127,50,72,65,29" hai1="30,126,40,74,66,88,37,62,70,52,44,113,128" hai2="23,96,5,77,28,43,129,20,48,121,76,18,32" hai3="53,31,80,22,81,1,133,21,63,117,93,58,33"/><W45/><G1/><T16/><D109/><U12/><E74/><V112/><F112/><W131/><G117/><T79/><D122/><U78/><E113/><V38/><F38/><W118/><G33/><T101/><D115/><U95/><E78/><V64/><F64/><W99/><G131/><T25/><D127/><U61/><E126/><V0/><F23/><W105/><G105/><T103/><D107/><U116/><E128/><V132/><F96/><W85/><G133/><T55/><D119/><U8/><E30/><V125/><F132/><W47/><G80/><T34/><D55/><U10/><E116/><V130/><F121/><W2/><G2/><T86/><D72/><U36/><E36/><V94/><F94/><W56/><G56/><T71/><D50/><U123/><E123/><V15/><F125/><W24/><G21/><T75/><D54/><U73/><E73/><V27/><F129/><W69/><G69/><T120/><D75/><U124/><E124/><V91/><F91/><N who="3" m="55743" /><G118/><T83/><D92/><U134/><E134/><V4/><F130/><W9/><G9/><T35/><D35/><U82/><E82/><V17/><F0/><W84/><G84/><T100/><D120/><U19/><E62/><V49/><F32/><W42/><G42/><T60/><REACH who="0" step="1"/><D100/><REACH who="0" ten="307,86,419,178" step="2"/><U87/><REACH who="1" step="1"/><E52/><REACH who="1" ten="307,76,419,178" step="2"/><V106/><F106/><W11/><G53/><T39/><D39/><U97/><E97/><V3/><F48/><W57/><G63/><T90/><D90/><U89/><E89/><V111/><F49/><W68/><G81/><T98/><D98/><U135/><E135/><RYUUKYOKU ba="3,2" sc="307,15,76,15,419,-15,178,-15" hai0="13,16,25,29,34,60,65,71,79,83,86,101,103" hai1="8,10,12,19,37,40,44,61,66,70,87,88,95" owari="322,12.0,91,-41.0,424,53.0,163,-24.0" /></mjloggm>