<mjloggm ver="2.3"><GO type="169" lobby="0"/><UN n0="%E3%83%95%E3%82%A7%E3%83%AB%E3%83%8A%E3%83%B3%E3%83%89" n1="%63%72%69%74%74%65%72" n2="%28%E3%81%BE%C2%B4%CF%89%EF%BD%80%E3%81%AA%29%E3%83%9F" n3="%E5%B0%B1%E6%B4%BB%E7%94%9F%40%E5%B7%9D%E6%9D%91%E8%BB%8D%E5%9B%A3" dan="16,16,16,17" rate="2051.20,2045.41,2051.14,2242.18" sx="M,M,F,M"/><TAIKYOKU oya="0"/><INIT seed="0,0,0,5,2,25" ten="250,250,250,250" oya="0" hai0="103,15,92,102,22,60,26,50,0,1,74,42,124" hai1="4,101,108,73,61,79,41,85,68,13,134,87,107" hai2="104,111,10,19,24,39,2,64,95,23,118,34,65" hai3="56,6,71,69,116,130,58,123,66,117,128,20,53"/><T113/><D113/><U76/><E108/><V131/><F104/><W72/><G72/><T51/><D74/><U48/><E134/><V31/><F39/><W105/><G105/><T132/><D132/><U18/><E4/><V126/><F111/><W17/><G6/><T40/><D124/><U89/><E73/><V90/><F131/><N who="3" m="50219" /><G20/><T14/><D22/><U28/><E28/><V99/><F126/><W35/><G17/><T30/><D26/><U100/><E68/><N who="3" m="26186" /><G35/><T125/><D125/><U110/><E110/><V80/><F118/><N who="3" m="45675" /><G123/><T11/><D11/><U29/><E18/><V47/><F80/><W84/><G84/><T78/><D30/><U83/><E29/><V27/><REACH who="2" step="1"/><F47/><REACH who="2" ten="250,250,240,250" step="2"/><W98/><G98/><T88/><D92/><U9/><E107/><V38/><F38/><W93/><G93/><T33/><D33/><U55/><E83/><V127/><F127/><W8/><G8/><T52/><D78/><U5/><E76/><V32/><F32/><W109/><G109/><T112/><D112/><U114/><E114/><V49/><F49/><W106/><G106/><T3/><D3/><U133/><E48/><V59/><F59/><N who="3" m="22571" /><G53/><T44/><D52/><U54/><E55/><V94/><F94/><W75/><G75/><T91/><D44/><U70/><E54/><V16/><F16/><W81/><G81/><T63/><AGARI ba="0,1" hai="0,1,14,15,40,42,50,51,60,63,88,91,102,103" machi="63" ten="25,9600,0" yaku="0,1,22,2,54,1" doraHai="25" who="0" fromWho="0" sc="250,106,250,-32,240,-32,250,-32" /><INIT seed="0,1,0,2,2,19" ten="356,218,208,218" oya="0" hai0="64,36,128,24,61,14,49,41,50,103,73,33,59" hai1="96,127,58,86,123,70,95,92,78,8,101,99,129" hai2="80,37,1,27,66,16,84,75,69,121,72,9,115" hai3="71,15,112,111,131,68,21,122,81,117,40,5,32"/><T23/><D36/><U97/><E70/><V63/><F121/><W98/><G32/><T126/><D33/><U113/><E8/><V46/><F115/><W105/><G117/><T3/><D3/><U88/><E58/><V30/><F37/><W53/><G40/><T100/><D73/><U51/><E51/><N who="0" m="19465" /><D128/><U132/><E123/><V116/><F46/><W107/><G53/><T119/><D119/><U83/><E113/><V120/><F120/><W28/><G5/><T39/><D39/><U18/><E18/><V12/><F1/><W90/><G81/><T130/><D130/><U43/><E43/><V13/><F13/><W26/><G131/><T7/><D126/><U135/><E129/><V6/><F6/><W114/><G122/><T67/><D67/><U62/><E62/><V82/><F82/><W93/><G111/><T87/><D87/><N who="1" m="48631" /><E127/><V25/><F25/><W31/><G31/><N who="0" m="17823" /><D41/><U110/><E110/><V57/><F69/><W94/><G71/><T77/><D77/><U79/><E79/><V11/><F116/><W74/><G68/><T22/><D22/><U102/><E102/><V48/><F72/><W54/><G74/><T2/><D2/><U44/><E44/><V133/><F75/><W4/><G105/><T76/><D76/><U45/><E45/><V108/><F108/><W20/><G107/><T65/><D64/><U106/><E106/><V34/><F48/><W29/><G54/><T17/><D17/><U104/><E104/><V10/><F34/><W42/><G42/><T109/><D109/><U60/><E60/><V85/><F63/><RYUUKYOKU ba="1,0" sc="356,15,218,15,208,-15,218,-15" hai0="7,14,59,61,65,100,103" hai1="86,88,92,95,96,97,99,101,132,135" /><INIT seed="0,2,0,2,2,50" ten="371,233,193,203" oya="0" hai0="109,106,34,76,1,80,18,66,99,46,11,5,122" hai1="15,105,6,65,126,97,30,52,59,128,91,55,98" hai2="121,39,120,37,17,61,40,117,32,115,127,78,41" hai3="70,28,8,24,94,130,116,27,110,44,131,26,134"/><T69/><D122/><U31/><E126/><V118/><F32/><W25/><G70/><T113/><D113/><U85/><E128/><N who="3" m="49194" /><G116/><N who="2" m="44649" /><F78/><W92/><G134/><T57/><D69/><U73/><E73/><V77/><F77/><W79/><G110/><T47/><D34/><U111/><E111/><V23/><F127/><W20/><G79/><T74/><D109/><U53/><E105/><V86/><F86/><W96/><G96/><N who="1" m="36970" /><E65/><V42/><F115/><W132/><G132/><T123/><D123/><N who="2" m="47178" /><F23/><W19/><G44/><T45/><D45/><U72/><E72/><V71/><F17/><W62/><G62/><T56/><D18/><U119/><E119/><V82/><F82/><W3/><G19/><T129/><D129/><U38/><E38/><N who="2" m="14347" /><F71/><W84/><G84/><T133/><D74/><U87/><E91/><V33/><F33/><W67/><G67/><T13/><D66/><U100/><E100/><V2/><F2/><W0/><G0/><T4/><D76/><U88/><E85/><V22/><F22/><W49/><G3/><T114/><D114/><U7/><E15/><V124/><F124/><W95/><G8/><N who="0" m="4239" /><D80/><N who="1" m="49255" /><E59/><N who="0" m="22601" /><D133/><U35/><E35/><V68/><F68/><W48/><AGARI ba="2,0" hai="20,24,25,26,27,28,48,49,92,94,95" m="49194" machi="48" ten="40,1500,0" yaku="19,1" doraHai="50" who="3" fromWho="3" sc="371,-9,233,-6,193,-6,203,21" /><INIT seed="1,0,0,1,3,81" ten="362,227,187,224" oya="1" hai0="51,18,30,102,69,74,52,120,65,42,12,92,45" hai1="25,60,118,21,83,54,27,57,126,135,49,103,79" hai2="41,112,114,127,29,36,86,108,4,31,26,2,129" hai3="89,47,110,78,97,98,88,10,23,85,58,100,39"/><U55/><E118/><V124/><F36/><W48/><G110/><T130/><D74/><U107/><E126/><N who="2" m="48171" /><F41/><W73/><G73/><T101/><D130/><U35/><E135/><V119/><F119/><W63/><G39/><T93/><D120/><U77/><E35/><V109/><F86/><W62/><G10/><T72/><D72/><U70/><E70/><V66/><F66/><N who="3" m="39255" /><G63/><T38/><D30/><N who="2" m="11274" /><F26/><W133/><G133/><T32/><D32/><U15/><E107/><V132/><F132/><W44/><G23/><T34/><D34/><U68/><E103/><V134/><F134/><W33/><G33/><T125/><D125/><U37/><E37/><V64/><F64/><W91/><G100/><T43/><D102/><U75/><E79/><V0/><F129/><W105/><G105/><T19/><D38/><U5/><E68/><V87/><F87/><W122/><G122/><T131/><D131/><U28/><E27/><V123/><F123/><W56/><G56/><T1/><D69/><U53/><REACH who="1" step="1"/><E60/><REACH who="1" ten="362,217,187,224" step="2"/><V67/><F109/><W20/><G48/><T106/><D106/><U8/><AGARI ba="0,1" hai="5,8,15,21,25,28,49,53,54,55,57,75,77,83" machi="8" ten="30,11700,0" yaku="1,1,2,1,0,1,53,1" doraHai="81" doraHaiUra="22" who="1" fromWho="1" sc="362,-39,217,127,187,-39,224,-39" /><INIT seed="1,1,0,0,0,98" ten="323,344,148,185" oya="1" hai0="97,134,31,29,96,15,26,60,87,55,25,126,131" hai1="75,66,69,30,101,135,19,63,83,106,42,7,67" hai2="88,86,40,129,58,121,61,76,93,46,70,11,32" hai3="65,114,13,41,122,57,81,39,100,73,49,0,108"/><U80/><E135/><V104/><F121/><W127/><G0/><T1/><D1/><U45/><E7/><V105/><F32/><W23/><G39/><T117/><D117/><U54/><E75/><V17/><F70/><W9/><G114/><T78/><D134/><U72/><E72/><V36/><F129/><W48/><G122/><T21/><D131/><U68/><E54/><V94/><F76/><W50/><G127/><T64/><D126/><U59/><E30/><V123/><F123/><W128/><G128/><T116/><D116/><U120/><E120/><V35/><F35/><W132/><G132/><T22/><D15/><U20/><E59/><V119/><F119/><W113/><G113/><T27/><D27/><U115/><E115/><V44/><F44/><W37/><G23/><T38/><D55/><U18/><E18/><V124/><F124/><W90/><G108/><T8/><D8/><U109/><E109/><V82/><F104/><W62/><G37/><T111/><D38/><U84/><E84/><V47/><F105/><W79/><G90/><T53/><D53/><U14/><E67/><V12/><REACH who="2" step="1"/><F46/><REACH who="2" ten="323,344,138,185" step="2"/><W130/><G130/><T133/><D133/><U102/><E69/><V125/><F125/><W51/><G41/><T5/><D111/><U10/><E106/><V92/><F92/><W118/><G118/><T107/><D107/><U52/><E45/><V91/><F91/><W56/><N who="3" m="12800" /><DORA hai="2" /><W16/><G57/><T4/><D78/><U71/><E68/><V77/><F77/><W95/><G95/><T24/><D31/><U43/><E71/><RYUUKYOKU ba="1,1" sc="323,-15,344,-15,138,15,185,15" hai2="11,12,17,36,40,47,58,61,82,86,88,93,94" hai3="9,13,16,56,62,65,73,79,81,100" /><INIT seed="2,2,1,0,3,43" ten="308,329,153,200" oya="2" hai0="111,133,83,79,19,12,20,38,76,128,97,103,29" hai1="30,120,90,78,130,114,119,57,10,95,74,107,56" hai2="89,101,81,134,98,45,135,16,2,0,67,85,27" hai3="53,1,66,127,59,122,108,73,65,117,60,47,5"/><V84/><F67/><W113/><G73/><T36/><D111/><U105/><E114/><V125/><F125/><W23/><G117/><T58/><D133/><N who="2" m="50698" /><F85/><W123/><G1/><T99/><D128/><U44/><E119/><V51/><F27/><W75/><G75/><T11/><D38/><U70/><E70/><V35/><F35/><W31/><G5/><T15/><D36/><U106/><E30/><V63/><F63/><W77/><G77/><T48/><D29/><U115/><E115/><V124/><F124/><W86/><G127/><T40/><D58/><U109/><E109/><V112/><F16/><W68/><G86/><N who="0" m="48487" /><D79/><U102/><E130/><V17/><F17/><W42/><G23/><T26/><D103/><U64/><E102/><V55/><F112/><W13/><G31/><N who="0" m="17863" /><D15/><U72/><E78/><V28/><F28/><W82/><G113/><T100/><D100/><U94/><E74/><V92/><AGARI ba="2,1" hai="0,2,45,51,55,81,84,89,92,98,101" m="50698" machi="92" ten="30,3000,0" yaku="20,1,52,1" doraHai="43" who="2" fromWho="2" sc="308,-12,329,-12,153,46,200,-12" /><INIT seed="2,3,0,1,3,50" ten="296,317,199,188" oya="2" hai0="128,130,86,62,77,43,31,131,5,117,17,115,32" hai1="121,54,70,7,30,20,82,107,99,75,95,59,116" hai2="45,29,46,76,87,102,68,114,125,132,72,124,63" hai3="22,8,41,11,2,55,57,133,129,21,16,135,67"/><V112/><F72/><W42/><G129/><T38/><D38/><U18/><E116/><V80/><F102/><W13/><G67/><T73/><D73/><U97/><E70/><V15/><F29/><W51/><G21/><T53/><D117/><U134/><E107/><V58/><F68/><W123/><G123/><T28/><D115/><U65/><E65/><V39/><F132/><N who="3" m="50763" /><G11/><T34/><D43/><U83/><E134/><V90/><F76/><W81/><G81/><N who="0" m="47407" /><D5/><AGARI ba="3,0" hai="2,5,8,13,16,22,41,42,51,55,57" m="50763" machi="5" ten="30,3900,0" yaku="20,1,52,1,54,1" doraHai="50" who="3" fromWho="0" sc="296,-48,317,0,199,0,188,48" /><INIT seed="3,0,0,4,4,46" ten="248,317,199,236" oya="3" hai0="34,49,35,110,62,32,19,123,15,106,30,104,87" hai1="86,6,94,40,103,27,23,118,115,105,78,16,8" hai2="92,25,59,99,127,79,72,18,28,36,7,70,119" hai3="42,11,132,98,113,77,121,95,109,29,41,24,26"/><W39/><G121/><T4/><D123/><U63/><E115/><V20/><F70/><W88/><G113/><T112/><D112/><U67/><E118/><V2/><F119/><W120/><G120/><T53/><D110/><U80/><E105/><V5/><F36/><W90/><G39/><T45/><D30/><U74/><E40/><N who="3" m="15466" /><G77/><T126/><D126/><U22/><E22/><V135/><F135/><W14/><G132/><T50/><D4/><U58/><E103/><V130/><F130/><W85/><G29/><T13/><D62/><U47/><E47/><V75/><F79/><W91/><G109/><T1/><D1/><U84/><REACH who="1" step="1"/><E94/><REACH who="1" ten="248,307,199,236" step="2"/><V133/><F133/><W52/><G26/><T64/><D106/><U81/><E81/><V101/><F25/><W131/><G24/><T129/><D104/><U114/><E114/><V69/><F20/><W100/><G131/><T93/><D129/><U38/><E38/><V57/><F92/><N who="3" m="58439" /><G52/><T107/><D107/><U83/><E83/><V54/><F54/><W56/><G56/><T111/><D111/><U61/><E61/><V66/><F59/><W96/><G96/><T124/><D53/><U116/><E116/><V44/><F57/><W82/><G95/><T128/><D128/><U21/><E21/><V43/><F99/><W134/><G134/><T3/><D93/><U48/><E48/><V117/><F117/><W102/><G102/><T9/><D45/><U71/><E71/><V33/><F44/><W68/><G68/><T51/><D35/><U89/><E89/><V73/><F101/><W97/><G97/><RYUUKYOKU ba="0,1" sc="248,-15,307,15,199,-15,236,15" hai1="6,8,16,23,27,58,63,67,74,78,80,84,86" hai3="11,14,82,85,88,90,91" /><INIT seed="3,1,1,4,2,13" ten="233,322,184,251" oya="3" hai0="61,36,18,86,52,59,63,67,82,128,0,94,83" hai1="12,38,102,110,97,120,1,89,49,16,11,78,92" hai2="39,46,99,75,27,5,118,88,4,115,105,29,24" hai3="90,77,47,129,66,101,30,26,6,104,33,122,72"/><W106/><G122/><T57/><D0/><U68/><E120/><V9/><F118/><W32/><G32/><T2/><D2/><U74/><E38/><V73/><F115/><W79/><G129/><T130/><D36/><U22/><E68/><V121/><F121/><W81/><G77/><T116/><D116/><U8/><E110/><V117/><F117/><W58/><G6/><T96/><D18/><U100/><E74/><V19/><F105/><W93/><G101/><N who="1" m="39018" /><E1/><V123/><F123/><W28/><G28/><T62/><D62/><U48/><E78/><V43/><F27/><W107/><G47/><T127/><D127/><U56/><E56/><V21/><F29/><W109/><G109/><T80/><REACH who="0" step="1"/><D86/><REACH who="0" ten="223,322,184,251" step="2"/><U125/><E125/><V98/><F73/><W134/><G134/><T3/><D3/><U69/><E48/><V85/><F75/><W119/><G119/><T10/><D10/><U95/><E49/><V108/><F108/><W55/><G66/><T70/><D70/><U111/><E69/><V60/><F60/><W114/><G114/><T132/><D132/><U131/><E111/><V31/><F31/><W15/><G15/><T7/><D7/><U65/><E65/><V113/><F113/><W42/><G72/><T91/><AGARI ba="1,2" hai="52,57,59,61,63,67,80,82,83,91,94,96,128,130" machi="91" ten="30,4000,0" yaku="1,1,0,1,54,1,53,0" doraHai="13" doraHaiUra="17" who="0" fromWho="0" sc="223,63,322,-11,184,-11,251,-21" /><INIT seed="4,0,0,3,1,90" ten="286,311,173,230" oya="0" hai0="20,21,67,35,23,46,89,130,70,33,15,88,84" hai1="125,111,13,92,73,122,61,10,79,68,77,120,133" hai2="37,101,102,80,47,24,109,51,98,126,69,100,128" hai3="117,25,6,105,16,114,66,104,134,59,28,121,12"/><T115/><D115/><U52/><E111/><V9/><F109/><W32/><G117/><T65/><D130/><U118/><E118/><V112/><F112/><W1/><G114/><T132/><D132/><U82/><E133/><V31/><F128/><W127/><G134/><T8/><D46/><U11/><E125/><V106/><F126/><W58/><G127/><T0/><D0/><U129/><E129/><V54/><F37/><W27/><G27/><T14/><D70/><U55/><E79/><V49/><F69/><W62/><G121/><T116/><D116/><U71/><E10/><V72/><F9/><N who="3" m="2255" /><G58/><T93/><D89/><U123/><E92/><V75/><F75/><W57/><G59/><T38/><D38/><U40/><E40/><V131/><F131/><W124/><G124/><T19/><REACH who="0" step="1"/><D15/><REACH who="0" ten="276,311,173,230" step="2"/><U4/><E71/><V103/><F47/><W39/><G39/><T107/><D107/><U34/><E68/><V83/><F106/><W26/><G26/><T22/><N who="0" m="5120" /><DORA hai="78" /><T43/><D43/><U29/><E120/><V30/><F24/><W94/><G104/><T7/><D7/><U5/><E5/><V53/><F30/><W91/><G105/><T48/><D48/><U44/><E122/><V85/><F31/><W99/><G12/><T95/><D95/><U86/><E29/><V74/><F103/><W63/><G63/><T113/><D113/><U60/><E61/><V119/><F102/><W41/><G41/><T97/><D97/><U110/><E60/><V36/><F36/><W56/><G56/><T108/><D108/><U3/><E110/><RYUUKYOKU ba="0,1" sc="276,15,311,-15,173,-15,230,15" hai0="8,14,19,33,35,65,67,84,88,93" hai3="16,25,28,32,57,62,66,91,94,99" /><INIT seed="4,1,1,5,2,88" ten="291,296,158,245" oya="0" hai0="48,32,62,74,130,13,126,86,114,58,131,132,24" hai1="83,122,104,21,98,6,81,65,133,125,35,34,73" hai2="51,68,37,97,50,66,4,44,16,85,12,127,8" hai3="120,20,93,29,113,41,43,92,61,75,60,53,15"/><T54/><D74/><U17/><E122/><V11/><F127/><W80/><G113/><T70/><D114/><U76/><E125/><V26/><F37/><W71/><G71/><T42/><D126/><U9/><E133/><V84/><F51/><W105/><G105/><T96/><D132/><U18/><E65/><V1/><F26/><N who="3" m="16583" /><G75/><T121/><D121/><U79/><E6/><V107/><F107/><W33/><G33/><T109/><D109/><U22/><E9/><V40/><REACH who="2" step="1"/><F97/><REACH who="2" ten="291,296,148,245" step="2"/><W52/><G120/><T89/><D96/><U31/><E98/><V106/><F106/><W108/><G108/><T63/><D48/><U28/><E104/><V99/><F99/><W82/><G43/><T67/><D42/><U134/><E134/><V123/><F123/><W38/><G41/><T77/><D24/><U5/><E35/><V59/><F59/><W128/><G38/><T90/><D32/><U100/><E34/><V64/><F64/><W2/><G61/><AGARI ba="1,2" hai="1,4,8,11,12,16,40,44,50,61,66,68,84,85" machi="61" ten="40,2600,0" yaku="1,1,54,1,53,0" doraHai="88" doraHaiUra="69" who="2" fromWho="3" sc="291,0,296,0,148,49,245,-29" /><INIT seed="5,0,0,2,1,1" ten="291,296,197,216" oya="1" hai0="90,94,93,116,53,45,95,14,103,40,115,17,129" hai1="96,124,83,6,57,59,24,35,73,5,81,126,114" hai2="102,20,92,49,134,121,98,67,44,108,86,66,37" hai3="8,42,48,88,82,38,89,130,26,52,32,70,72"/><U133/><E114/><V118/><F121/><W12/><G70/><T3/><D116/><U15/><E133/><V69/><F118/><W18/><G130/><T19/><D115/><U13/><E96/><V41/><F108/><W60/><G38/><T29/><D129/><U123/><E123/><V100/><F69/><W61/><G72/><T97/><D3/><U68/><E68/><V47/><F102/><W131/><G42/><T122/><D122/><U33/><E24/><V117/><F117/><W25/><G32/><T125/><D125/><U46/><E46/><V64/><F134/><W36/><G36/><T128/><D128/><U0/><E0/><V30/><F86/><N who="3" m="50263" /><G89/><T76/><D40/><U55/><E55/><V87/><F87/><W78/><G78/><T104/><D76/><U79/><E79/><V99/><F99/><W2/><G2/><T28/><D90/><U132/><E132/><V71/><F71/><W7/><G131/><T50/><REACH who="0" step="1"/><D19/><REACH who="0" ten="281,296,197,216" step="2"/><U9/><E124/><V111/><F111/><W120/><G120/><T109/><D109/><U107/><E126/><V63/><F41/><W77/><G77/><T91/><D91/><U10/><E73/><V62/><F37/><W101/><G101/><T58/><D58/><U27/><E57/><V65/><F100/><W74/><G74/><T75/><D75/><U84/><E59/><V54/><F44/><N who="3" m="27655" /><G18/><T51/><D51/><U22/><E107/><V34/><F49/><W113/><G113/><T21/><AGARI ba="0,1" hai="14,17,21,28,29,45,50,53,93,94,95,97,103,104" machi="21" ten="30,2000,0" yaku="1,1,0,1,53,0" doraHai="1" doraHaiUra="31" who="0" fromWho="0" sc="281,30,296,-10,197,-5,216,-5" /><INIT seed="6,0,0,5,4,90" ten="311,286,192,211" oya="2" hai0="9,23,99,11,2,6,14,45,17,76,115,39,24" hai1="70,72,12,127,121,50,123,126,112,78,48,63,0" hai2="88,43,37,133,98,8,54,106,80,84,1,52,82" hai3="103,20,30,44,62,102,22,86,95,56,47,125,134"/><V27/><F133/><W101/><G125/><N who="1" m="47626" /><E0/><V10/><F37/><W130/><G130/><T96/><D115/><U118/><E72/><V33/><F43/><W129/><G129/><T16/><REACH who="0" step="1"/><D76/><REACH who="0" ten="301,286,192,211" step="2"/><U111/><E78/><V4/><F80/><W5/><G134/><T107/><D107/><U41/><E112/><V29/><REACH who="2" step="1"/><F8/><REACH who="2" ten="301,286,182,211" step="2"/><W128/><G128/><T51/><D51/><U77/><E50/><V69/><F69/><W68/><G68/><T73/><D73/><U74/><E48/><V122/><F122/><W81/><G81/><T119/><D119/><U60/><E74/><V100/><AGARI ba="0,2" hai="1,4,10,27,29,33,52,54,82,84,88,98,100,106" machi="100" ten="30,11700,0" yaku="1,1,0,1,54,2,53,0" doraHai="90" doraHaiUra="105" who="2" fromWho="2" sc="301,-39,286,-39,182,137,211,-39" /><INIT seed="6,1,0,5,4,108" ten="262,247,319,172" oya="2" hai0="42,39,131,40,117,120,38,124,44,13,95,104,41" hai1="81,18,98,4,115,1,91,121,74,114,118,12,21" hai2="103,65,62,82,57,132,19,64,99,105,126,111,25" hai3="78,129,23,61,60,27,84,125,109,71,106,76,119"/><V59/><F132/><W15/><G109/><T24/><D104/><U66/><E118/><V101/><F126/><W30/><G119/><T110/><D117/><U122/><E66/><V90/><F103/><W68/><G106/><T51/><D110/><U55/><E1/><V49/><F49/><W73/><G73/><T72/><D124/><U83/><E4/><V58/><F111/><W53/><G125/><T52/><D120/><N who="1" m="46187" /><E55/><V77/><F90/><W5/><G129/><T79/><D131/><U7/><E7/><V45/><F45/><W3/><G3/><T96/><D13/><U0/><E0/><V50/><F50/><W107/><G107/><T128/><D24/><U100/><E100/><V16/><F64/><W43/><G43/><T11/><D11/><U31/><E31/><V133/><F133/><W80/><G76/><T86/><D72/><U85/><E98/><V35/><F35/><W10/><REACH who="3" step="1"/><G53/><REACH who="3" ten="262,247,319,162" step="2"/><T130/><D128/><U69/><E69/><AGARI ba="1,1" hai="5,10,15,23,27,30,60,61,68,69,71,78,80,84" machi="69" ten="40,2600,0" yaku="1,1,2,1,53,0" doraHai="108" doraHaiUra="92" who="3" fromWho="1" sc="262,0,247,-29,319,0,162,39" /><INIT seed="7,0,0,2,0,86" ten="262,218,319,201" oya="3" hai0="63,84,91,10,53,128,41,30,13,89,97,110,34" hai1="73,46,32,130,65,56,80,76,16,60,75,115,121" hai2="107,64,55,38,62,113,79,40,28,15,119,77,50" hai3="47,81,127,8,58,131,70,67,14,21,44,35,69"/><W57/><G35/><T106/><D110/><U101/><E121/><V61/><F107/><W132/><G127/><T134/><D134/><U126/><E126/><V90/><F28/><W31/><G132/><T6/><D128/><U33/><E130/><V11/><F40/><W108/><G131/><T120/><D120/><U100/><E115/><V24/><F38/><W122/><G122/><T48/><D41/><U92/><E73/><V25/><F119/><W112/><G112/><T125/><D125/><U109/><E109/><V74/><F74/><W1/><G108/><T39/><D39/><U133/><E133/><V54/><F54/><W135/><G135/><T42/><D42/><U37/><E92/><V22/><F90/><W20/><G1/><T87/><D34/><U18/><E33/><V117/><F117/><W12/><G81/><T51/><D30/><U94/><E32/><V4/><F62/><W85/><G31/><T19/><D106/><U17/><E37/><V5/><F5/><W111/><G111/><T93/><D6/><U98/><REACH who="1" step="1"/><E46/><REACH who="1" ten="262,208,319,201" step="2"/><V43/><F113/><W27/><G85/><T2/><D87/><U95/><E95/><V88/><F77/><W123/><G123/><T68/><D93/><U9/><E9/><V105/><F79/><W36/><G36/><T114/><D10/><U103/><AGARI ba="0,1" hai="16,17,18,56,60,65,75,76,80,94,98,100,101,103" machi="103" ten="30,4000,0" yaku="1,1,0,1,54,1,53,0" doraHai="86" doraHaiUra="3" who="1" fromWho="1" sc="262,-10,208,50,319,-10,201,-20" owari="252,-15.0,258,6.0,309,41.0,181,-32.0" /></mjloggm>