<mjloggm ver="2.3"><GO type="233" lobby="0"/><UN n0="%E3%82%A2%E3%82%B9%E3%82%BF%E3%83%8A" n1="%E3%82%A6%E3%83%AB%E3%83%88%E3%83%A9%E7%AB%8B%E7%9B%B4" n2="%72%79%6F%E2%80%A6%31%35" n3="%E5%B0%8F%E9%98%AA%E3%81%A1%E3%81%B2%E3%82%8D" dan="17,18,16,18" rate="2182.81,2228.82,2109.88,2224.89" sx="M,M,M,F"/><TAIKYOKU oya="0"/><INIT seed="0,0,0,2,0,85" ten="250,250,250,250" oya="0" hai0="104,90,46,39,87,58,96,70,76,49,74,112,41" hai1="72,102,29,71,123,8,50,65,66,121,75,30,64" hai2="60,9,103,54,61,117,56,69,91,3,20,44,62" hai3="6,38,124,106,10,82,5,25,52,100,42,133,119"/><T109/><D112/><U110/><E50/><V67/><F117/><W40/><G119/><T81/><D70/><U43/><E8/><V24/><F103/><W118/><G118/><T51/><D109/><U36/><E43/><V135/><F135/><W86/><G133/><T89/><D58/><U80/><E80/><V134/><F134/><W23/><G5/><T35/><D35/><U63/><E63/><V120/><F120/><W99/><G38/><T88/><REACH who="0" step="1"/><D74/><REACH who="0" ten="240,250,250,250" step="2"/><U17/><E71/><V11/><F69/><W47/><G124/><T129/><D129/><U94/><E75/><V0/><F56/><W107/><G107/><T53/><D53/><U19/><E72/><V55/><F67/><W73/><G73/><T127/><D127/><U18/><E110/><V37/><F55/><W105/><G105/><T57/><D57/><U93/><E123/><V13/><F54/><W28/><G52/><T115/><D115/><U34/><E34/><V101/><F60/><W84/><G47/><T32/><D32/><U98/><E121/><V122/><F44/><W68/><G68/><T79/><D79/><U92/><E36/><V12/><F37/><W97/><G106/><AGARI ba="0,1" hai="17,18,19,29,30,64,65,66,92,93,94,98,102,106" machi="106" ten="50,3200,0" yaku="29,2" doraHai="85" who="1" fromWho="3" sc="240,0,250,42,250,0,250,-32" /><INIT seed="1,0,0,0,1,24" ten="240,292,250,218" oya="1" hai0="39,35,129,18,117,86,89,108,98,0,135,29,114" hai1="71,121,111,84,119,118,106,4,130,25,76,72,17" hai2="104,103,113,94,83,133,100,32,47,8,27,1,20" hai3="66,105,127,52,115,96,28,67,15,102,78,81,12"/><U44/><E72/><V41/><F133/><W69/><G115/><T59/><D98/><U62/><E106/><V54/><F104/><W49/><G127/><T55/><D0/><U33/><E121/><V10/><F113/><W110/><G110/><T63/><D114/><U5/><E111/><V65/><F65/><W82/><G82/><T79/><D108/><U43/><E130/><V97/><F32/><W112/><G112/><T48/><D117/><U60/><E33/><V125/><F125/><W53/><G69/><T46/><D129/><U58/><E71/><V90/><F54/><W91/><G91/><T116/><D116/><U131/><E131/><V70/><F70/><W107/><G107/><T126/><D126/><U132/><E62/><V31/><F1/><W74/><G53/><T23/><D39/><U61/><E61/><V3/><F3/><W134/><G134/><T68/><D68/><U56/><E56/><V120/><F120/><W42/><G42/><T2/><D2/><U128/><E128/><V50/><REACH who="2" step="1"/><F83/><REACH who="2" ten="240,292,240,218" step="2"/><W19/><G66/><T122/><D135/><U21/><E132/><V13/><F13/><W123/><G67/><T87/><D122/><U99/><E119/><V9/><AGARI ba="0,1" hai="8,9,10,20,27,31,41,47,50,90,94,97,100,103" machi="9" ten="30,8000,1" yaku="1,1,0,1,8,1,52,1,53,1" doraHai="24" doraHaiUra="22" who="2" fromWho="2" sc="240,-20,292,-40,240,90,218,-20" /><INIT seed="2,0,0,3,2,127" ten="220,252,330,198" oya="2" hai0="55,134,0,73,2,9,32,80,23,29,115,66,110" hai1="82,75,20,69,91,42,114,35,128,78,74,50,45" hai2="6,84,90,31,15,108,102,38,70,14,52,65,118" hai3="89,122,85,33,13,77,12,113,57,37,30,11,71"/><V27/><F118/><W94/><G71/><T103/><D115/><U22/><E35/><V109/><F38/><W68/><G122/><T47/><D66/><U99/><E69/><V10/><F102/><W54/><G68/><T130/><D32/><U112/><E75/><V24/><F65/><W26/><G37/><T117/><D110/><N who="2" m="42602" /><F70/><W64/><G64/><T7/><D117/><U92/><E128/><V101/><F101/><W51/><G113/><T67/><D67/><U93/><E22/><N who="2" m="15767" /><F27/><W123/><G123/><T124/><D103/><U129/><E129/><V36/><F36/><W61/><G77/><T41/><D55/><U83/><E83/><N who="2" m="49439" /><F52/><W60/><REACH who="3" step="1"/><G13/><AGARI ba="0,0" hai="6,10,13,14,15" m="49439,15767,42602" machi="13" ten="30,2900,0" yaku="14,1,10,1" doraHai="127" who="2" fromWho="3" sc="220,0,252,0,330,29,198,-29" /><INIT seed="2,1,0,2,1,89" ten="220,252,359,169" oya="2" hai0="116,76,15,70,106,68,109,78,38,47,16,46,72" hai1="48,10,61,94,7,24,49,6,95,43,84,79,80" hai2="65,125,96,36,93,134,98,113,25,81,127,59,112" hai3="9,102,124,99,111,101,103,42,18,69,0,23,19"/><V27/><F36/><W77/><G69/><T60/><D106/><U67/><E24/><N who="2" m="9291" /><F81/><W2/><G111/><T123/><D123/><U66/><E49/><V82/><F82/><W133/><G133/><T26/><D109/><U30/><E30/><V57/><F134/><W115/><G124/><N who="2" m="47689" /><F65/><N who="1" m="24585" /><E61/><V86/><F86/><W105/><G77/><T20/><D78/><U128/><E128/><V17/><F17/><W97/><G42/><T39/><D76/><U58/><E58/><N who="2" m="22027" /><F93/><N who="1" m="35337" /><E10/><V135/><F135/><W87/><G9/><T122/><D16/><U92/><E92/><V3/><F3/><W45/><G18/><T22/><D39/><U8/><E8/><V132/><F132/><W52/><G19/><T91/><D38/><U75/><E75/><V62/><F62/><W13/><G102/><T130/><D72/><U5/><E5/><V53/><F53/><W40/><G101/><T100/><D100/><U83/><E83/><V55/><F55/><W108/><G52/><T71/><D60/><U126/><E126/><V64/><F64/><W34/><G103/><T88/><D70/><U74/><E74/><V121/><F121/><W54/><G54/><T35/><D122/><U117/><E117/><V73/><F73/><W114/><G0/><T32/><D116/><U37/><E37/><V131/><F131/><W107/><G2/><T50/><D130/><U51/><E51/><V12/><F12/><W31/><G13/><T90/><D15/><U21/><E21/><V29/><F29/><W63/><G23/><T4/><D71/><U85/><E85/><V118/><F118/><RYUUKYOKU ba="1,0" sc="220,-15,252,15,359,15,169,-15" hai1="6,7,43,48,79,80,84" hai2="96,98,112,113" /><INIT seed="2,2,0,3,0,47" ten="205,267,374,154" oya="2" hai0="62,40,54,106,61,52,78,31,66,87,71,17,5" hai1="2,90,43,27,115,108,101,79,119,49,7,112,41" hai2="85,105,93,75,50,48,81,16,11,91,39,109,98" hai3="46,131,35,89,14,55,77,130,94,63,132,82,51"/><V116/><F39/><W60/><G35/><T36/><D106/><U28/><E119/><V110/><F116/><W102/><G102/><T99/><D31/><U37/><E37/><V111/><F105/><W72/><G14/><T56/><D5/><U67/><E101/><N who="2" m="60623" /><F75/><W113/><G132/><T76/><D99/><U88/><E79/><V96/><F96/><W135/><G135/><T30/><D30/><U64/><E28/><V122/><F122/><W15/><G15/><AGARI ba="2,0" hai="11,15,16,48,50,81,85,91,109,110,111" m="60623" machi="15" ten="30,12000,1" yaku="14,1,10,1,52,2,54,1" doraHai="47" who="2" fromWho="3" sc="205,0,267,0,374,126,154,-126" /><INIT seed="2,3,0,2,5,130" ten="205,267,500,28" oya="2" hai0="84,120,108,109,129,33,104,102,132,72,36,53,47" hai1="34,3,97,66,4,11,54,10,65,73,79,15,127" hai2="63,27,78,30,55,48,92,88,74,24,57,59,22" hai3="20,12,112,118,5,67,28,17,18,123,50,23,51"/><V80/><F27/><N who="3" m="16511" /><G67/><T16/><D84/><U9/><E34/><V61/><REACH who="2" step="1"/><F59/><REACH who="2" ten="205,267,490,28" step="2"/><W1/><G118/><T64/><D120/><U101/><E127/><V90/><F90/><W133/><G123/><T76/><D109/><U117/><E117/><V56/><F56/><W8/><G50/><T58/><D108/><U82/><E66/><V119/><F119/><W111/><G51/><T62/><D64/><U96/><E65/><V99/><AGARI ba="3,1" hai="22,24,30,48,55,57,61,63,74,78,80,88,92,99" machi="99" ten="20,7800,0" yaku="1,1,0,1,7,1,54,1,53,0" doraHai="130" doraHaiUra="135" who="2" fromWho="2" sc="205,-29,267,-29,490,97,28,-29" owari="176,-22.0,238,4.0,587,68.0,-1,-50.0" /></mjloggm>