<mjloggm ver="2.3"><GO type="169" lobby="0"/><UN n0="%E3%81%AE%E3%81%86%E3%81%AA%E3%82%81%E3%82%8D%E3%82%93" n1="%EF%BC%84%E3%83%8A%E3%83%8A%E3%82%B7%E3%83%BC%EF%BF%A5" n2="%E3%83%88%E3%83%88%E3%83%AA%E5%85%88%E7%94%9F%31%39%E6%AD%B3" n3="%E7%A2%BA%E8%AA%8D%E4%BA%8B%E9%A0%85" dan="17,17,19,16" rate="2131.95,2134.64,2247.45,2121.90" sx="M,M,F,M"/><TAIKYOKU oya="0"/><INIT seed="0,0,0,4,4,102" ten="250,250,250,250" oya="0" hai0="25,67,44,77,79,49,75,106,105,39,51,8,129" hai1="22,94,104,19,45,116,65,1,82,59,98,55,92" hai2="101,37,38,3,87,20,60,131,33,74,81,71,110" hai3="78,133,66,91,117,83,56,64,125,114,120,107,97"/><T76/><D75/><U54/><E116/><V73/><F33/><W10/><G117/><T72/><D72/><U52/><E1/><V2/><F110/><W124/><G114/><T4/><D39/><U109/><E109/><V14/><F131/><W9/><G133/><T88/><D129/><U23/><E45/><V126/><F126/><N who="3" m="48747" /><G120/><T47/><D67/><N who="3" m="25641" /><G56/><T128/><D128/><U132/><E132/><V135/><F60/><W108/><G108/><T43/><D25/><U100/><E82/><V40/><F81/><W134/><G134/><T36/><D88/><U12/><REACH who="1" step="1"/><E23/><REACH who="1" ten="250,240,250,250" step="2"/><V34/><F20/><W115/><G83/><T95/><D95/><U28/><E28/><V50/><F135/><W96/><G115/><T130/><D130/><U68/><E68/><V69/><F71/><W15/><G10/><T61/><D61/><AGARI ba="0,1" hai="12,19,22,52,54,55,59,61,65,92,94,98,100,104" machi="61" ten="40,5200,0" yaku="1,1,52,1,54,1,53,0" doraHai="102" doraHaiUra="113" who="1" fromWho="0" sc="250,-52,240,62,250,0,250,0" /><INIT seed="1,0,0,1,2,95" ten="198,302,250,250" oya="1" hai0="40,79,117,100,131,101,17,78,67,129,18,135,107" hai1="109,115,71,23,48,90,75,99,58,77,22,27,89" hai2="25,39,54,26,119,57,0,72,59,84,134,65,47" hai3="74,4,111,70,69,87,46,108,13,120,123,3,36"/><U24/><E115/><V118/><F72/><W88/><G74/><T60/><D117/><U42/><E71/><N who="3" m="27146" /><G3/><T93/><D40/><U31/><E109/><N who="3" m="42058" /><G36/><T96/><D60/><U19/><E75/><V14/><F0/><W10/><G46/><T11/><D67/><U106/><E77/><N who="0" m="29193" /><D11/><U37/><E37/><V32/><F39/><W103/><G103/><T73/><D73/><U21/><E21/><V132/><F118/><W1/><G1/><T98/><D135/><U20/><E20/><V9/><F119/><W81/><AGARI ba="0,0" hai="4,10,13,81,87,88,120,123" m="42058,27146" machi="81" ten="30,2000,0" yaku="14,1,54,1" doraHai="95" who="3" fromWho="3" sc="198,-5,302,-10,250,-5,250,20" /><INIT seed="2,0,0,1,1,19" ten="193,292,245,270" oya="2" hai0="48,128,82,111,8,5,47,4,113,66,118,91,119" hai1="86,43,97,132,135,76,21,107,126,30,80,29,35" hai2="44,105,28,124,10,103,17,130,74,84,38,7,59" hai3="99,56,65,20,83,55,3,90,26,131,27,110,73"/><V9/><F74/><W6/><G65/><T50/><D113/><U33/><E43/><V121/><F121/><W75/><G27/><T60/><D111/><U51/><E51/><V122/><F122/><W25/><G25/><T23/><D128/><U57/><E57/><V45/><F130/><W129/><G110/><T125/><D125/><U22/><E126/><V68/><F68/><W24/><G24/><T100/><D100/><N who="1" m="62863" /><E30/><V104/><F124/><W101/><G6/><T72/><D5/><U12/><E12/><V116/><F116/><N who="0" m="44586" /><D47/><U54/><E54/><V37/><F103/><W61/><G3/><N who="0" m="31" /><D23/><N who="1" m="8715" /><E29/><V16/><F28/><W127/><G127/><T93/><D60/><U39/><E39/><V0/><F7/><W70/><G61/><T62/><D62/><U134/><AGARI ba="0,0" hai="33,35,76,80,86,132,134,135" m="8715,62863" machi="134" ten="40,8000,1" yaku="20,1,52,3" doraHai="19" who="1" fromWho="1" sc="193,-20,292,80,245,-40,270,-20" /><INIT seed="3,0,0,1,4,55" ten="173,372,205,250" oya="3" hai0="39,13,131,33,7,88,38,132,129,90,122,26,72" hai1="43,124,21,78,42,77,25,82,32,12,66,91,3" hai2="86,52,111,116,84,10,44,22,100,117,102,40,63" hai3="135,119,73,1,98,60,71,67,99,31,128,126,87"/><W11/><G73/><T109/><D72/><U123/><E123/><V58/><F111/><W17/><G119/><T48/><D122/><U134/><E3/><V112/><F112/><W85/><G128/><N who="0" m="49227" /><D109/><U76/><E134/><V110/><F110/><W133/><G31/><N who="0" m="19703" /><D132/><N who="3" m="50761" /><G126/><T115/><D115/><U23/><E32/><V68/><F116/><W103/><G99/><T20/><D48/><U120/><E120/><V34/><F34/><W6/><G17/><N who="0" m="10287" /><D7/><U96/><E124/><V57/><F117/><W41/><G41/><T62/><D62/><U113/><E113/><V80/><F68/><W127/><G127/><T5/><D5/><U74/><E43/><V47/><F40/><W95/><AGARI ba="0,0" hai="1,6,11,60,67,71,85,87,95,98,103" m="50761" machi="95" ten="30,1500,0" yaku="20,1" doraHai="55" who="3" fromWho="3" sc="173,-5,372,-5,205,-5,250,15" /><INIT seed="3,1,0,4,1,6" ten="168,367,200,265" oya="3" hai0="53,18,0,97,74,49,83,108,11,65,77,64,14" hai1="102,112,86,125,91,25,101,16,60,67,110,31,106" hai2="95,59,104,84,76,19,120,15,115,85,133,89,13" hai3="92,21,71,96,63,5,122,111,20,34,1,51,87"/><W118/><G118/><T46/><D108/><U55/><E112/><V80/><F115/><W72/><G72/><T23/><D0/><U103/><E110/><V38/><F104/><W119/><G111/><T134/><D134/><U116/><E125/><V79/><F133/><W117/><G122/><T98/><REACH who="0" step="1"/><D23/><REACH who="0" ten="158,367,200,265" step="2"/><U68/><E116/><V90/><F120/><W132/><G21/><T4/><D4/><U45/><E106/><V43/><F15/><W105/><G1/><T3/><D3/><U69/><E69/><V57/><F38/><W121/><G105/><T126/><D126/><U82/><E31/><V33/><F33/><W7/><G34/><T88/><D88/><U32/><E32/><V73/><F43/><W17/><G132/><T12/><D12/><U129/><E68/><V128/><F128/><W24/><G71/><T93/><D93/><U37/><E37/><V94/><REACH who="2" step="1"/><F79/><REACH who="2" ten="158,367,190,265" step="2"/><W44/><G119/><T28/><D28/><U75/><E129/><V41/><F41/><W109/><G117/><T107/><D107/><U30/><E30/><V52/><F52/><W113/><G109/><T100/><D100/><U39/><E55/><V70/><F70/><W135/><G135/><T35/><D35/><U22/><E103/><V8/><AGARI ba="1,2" hai="8,13,19,57,59,73,76,80,84,85,89,90,94,95" machi="8" ten="20,8000,1" yaku="1,1,0,1,7,1,9,1,52,1,53,0" doraHai="6" doraHaiUra="131" who="2" fromWho="2" sc="158,-21,367,-21,190,103,265,-41" /><INIT seed="4,0,0,3,2,51" ten="137,346,293,224" oya="0" hai0="1,25,53,32,90,128,97,126,73,49,104,94,7" hai1="13,57,78,75,27,119,37,116,35,100,9,108,87" hai2="58,22,46,134,74,81,129,60,71,24,109,135,102" hai3="130,65,14,47,0,21,95,31,99,20,101,2,45"/><T84/><D73/><U117/><E37/><V64/><F109/><W55/><G2/><T106/><D128/><U80/><E108/><V85/><F74/><W11/><G0/><T36/><D36/><U59/><E100/><V112/><F129/><W3/><G3/><T89/><D126/><U15/><E75/><V121/><F121/><W123/><G130/><T17/><D1/><U54/><E9/><V125/><F125/><W33/><G33/><T30/><D7/><U120/><E120/><V79/><F112/><W8/><G65/><T92/><REACH who="0" step="1"/><D17/><REACH who="0" ten="127,346,293,224" step="2"/><U110/><E110/><V83/><F134/><W39/><G39/><T4/><D4/><U26/><E119/><V56/><F135/><W113/><G113/><T115/><D115/><U82/><E117/><V41/><F102/><W118/><G118/><T10/><D10/><U52/><E116/><V61/><F71/><W72/><G72/><T40/><D40/><U127/><E127/><V67/><F41/><W63/><G8/><T34/><D34/><U107/><E35/><V114/><F114/><W77/><G11/><T42/><D42/><U70/><E70/><V124/><F124/><W132/><G132/><T103/><D103/><U66/><E107/><V122/><F122/><W131/><G131/><T50/><D50/><U29/><E29/><V133/><F133/><W68/><G123/><T96/><D96/><U44/><E87/><V62/><F85/><W111/><G68/><T88/><D88/><U91/><E91/><V105/><F105/><W38/><G101/><T69/><D69/><U98/><E98/><RYUUKYOKU ba="0,1" sc="127,30,346,-10,293,-10,224,-10" hai0="25,30,32,49,53,84,89,90,92,94,97,104,106" /><INIT seed="4,1,1,5,3,133" ten="157,336,283,214" oya="0" hai0="103,132,49,122,88,18,25,78,29,38,113,94,124" hai1="4,76,60,11,123,39,16,47,69,112,84,116,72" hai2="82,109,65,135,26,120,111,5,93,54,131,23,121" hai3="40,41,110,46,19,102,75,92,50,70,104,87,64"/><T68/><D122/><U35/><E123/><V126/><F65/><W134/><G110/><T83/><D38/><U32/><E116/><V0/><F93/><W71/><G75/><T3/><D68/><U106/><E84/><V81/><F23/><W28/><G104/><T22/><D3/><U105/><E112/><V99/><F0/><W58/><G134/><T90/><D132/><U128/><E128/><V34/><F26/><W115/><G28/><T73/><D113/><U119/><E119/><V127/><F135/><W13/><G115/><T86/><D124/><U12/><E4/><V15/><F5/><W129/><G129/><T67/><D67/><U66/><E106/><V62/><F131/><W98/><G41/><T24/><D49/><U33/><E105/><V8/><F54/><W56/><G87/><T107/><D90/><U96/><E96/><V45/><F99/><W118/><G118/><T74/><D74/><U51/><E39/><V59/><F62/><W95/><G95/><T31/><D25/><U130/><E130/><V57/><F15/><W97/><G97/><AGARI ba="1,1" hai="18,22,24,29,31,73,78,83,86,88,94,97,103,107" machi="97" ten="40,7700,0" yaku="24,2,54,1" doraHai="133" who="0" fromWho="3" sc="157,90,336,0,283,0,214,-80" /><INIT seed="4,2,0,3,4,63" ten="247,336,283,134" oya="0" hai0="121,72,85,96,31,40,1,83,70,89,111,97,118" hai1="21,20,108,87,27,122,49,69,2,115,109,6,22" hai2="113,58,133,33,15,81,128,26,75,66,13,51,126" hai3="62,3,88,57,132,114,101,84,10,119,32,71,48"/><T92/><D1/><U25/><E69/><V46/><F113/><W103/><G119/><T35/><D40/><U18/><E49/><V37/><F37/><W124/><G114/><T39/><D39/><U91/><E122/><V127/><F128/><W9/><G32/><T54/><D70/><U107/><E107/><V42/><F133/><W73/><G73/><T106/><D31/><U100/><E100/><V61/><F75/><W90/><G124/><N who="2" m="47657" /><F81/><W44/><G71/><T55/><D35/><U7/><E115/><V60/><F60/><W110/><G110/><T41/><D41/><U36/><E36/><V30/><AGARI ba="2,0" hai="13,15,26,30,33,42,46,51,58,61,66" m="47657" machi="30" ten="30,2000,0" yaku="18,1,52,1" doraHai="63" who="2" fromWho="2" sc="247,-12,336,-7,283,26,134,-7" /><INIT seed="5,0,0,1,1,98" ten="235,329,309,127" oya="1" hai0="43,85,71,45,20,87,114,14,10,130,53,7,92" hai1="69,122,75,131,76,64,72,117,123,78,81,129,32" hai2="39,67,55,35,51,110,96,17,102,126,58,135,56" hai3="84,30,94,91,113,5,27,111,34,63,1,31,124"/><U106/><E117/><V107/><F110/><W127/><G111/><T19/><D71/><U9/><E32/><V18/><F39/><W119/><G119/><T65/><D114/><U128/><E9/><V133/><F35/><W95/><G113/><T83/><D130/><U62/><E106/><V108/><F108/><W46/><G31/><T99/><D65/><U24/><E24/><V134/><F126/><W125/><G5/><T2/><D53/><U61/><E61/><AGARI ba="0,0" hai="17,18,51,55,56,58,61,67,96,102,107,133,134,135" machi="61" ten="40,2600,0" yaku="20,1,52,1" doraHai="98" who="2" fromWho="1" sc="235,0,329,-26,309,26,127,0" /><INIT seed="6,0,0,3,4,58" ten="235,303,335,127" oya="2" hai0="1,90,51,9,91,101,111,86,32,60,6,0,66" hai1="81,62,3,130,123,85,56,122,133,99,75,34,96" hai2="74,42,16,77,135,80,67,128,120,11,70,63,132" hai3="55,94,110,87,88,107,8,46,71,64,29,68,52"/><V36/><F120/><N who="1" m="46121" /><E133/><N who="2" m="51275" /><F128/><W25/><G110/><T89/><D111/><U78/><E130/><V27/><F27/><W5/><G107/><T7/><D32/><U98/><E34/><V69/><F69/><W102/><G102/><T125/><D125/><U23/><E3/><V30/><F30/><W134/><G134/><T48/><D101/><U18/><E75/><V108/><F108/><W115/><G115/><T109/><D109/><U76/><E78/><V124/><F124/><W15/><G46/><T2/><D86/><U129/><E129/><V104/><F104/><W44/><G44/><T38/><D38/><U31/><E31/><V17/><F11/><W22/><REACH who="3" step="1"/><G71/><REACH who="3" ten="235,303,335,117" step="2"/><T61/><D7/><U84/><E76/><V35/><F70/><W47/><G47/><T33/><D6/><U24/><E81/><V49/><F80/><W73/><G73/><T79/><D79/><U83/><E83/><V116/><F77/><W127/><G127/><T53/><D90/><U20/><E20/><V14/><F74/><W103/><G103/><T28/><D91/><U37/><E37/><V117/><F36/><W45/><G45/><T13/><D89/><U21/><E21/><V119/><F35/><W118/><G118/><T113/><D113/><U100/><E100/><V95/><F119/><W57/><G57/><T112/><D112/><U4/><E4/><V131/><F131/><W59/><G59/><T92/><D33/><U72/><E72/><V82/><F116/><W50/><G50/><T12/><D48/><U54/><AGARI ba="0,1" hai="18,23,24,54,56,62,84,85,96,98,99" m="46121" machi="54" ten="30,2000,0" yaku="13,1,52,1" doraHai="58" who="1" fromWho="1" sc="235,-5,303,30,335,-10,117,-5" /><INIT seed="7,0,0,2,5,106" ten="230,333,325,112" oya="3" hai0="23,125,128,127,64,105,33,36,99,47,57,25,68" hai1="132,98,65,59,61,66,75,94,92,56,0,50,7" hai2="82,84,29,42,79,9,111,86,39,71,40,38,26" hai3="12,20,45,22,17,119,93,48,121,90,4,19,11"/><W27/><G119/><T76/><D128/><U10/><E75/><V28/><F111/><W134/><G134/><T24/><D68/><U116/><E132/><V91/><F71/><W83/><G121/><T1/><D1/><U89/><E116/><V117/><F117/><W32/><G32/><T2/><D2/><U70/><E66/><V16/><F39/><W3/><G83/><T30/><D76/><U73/><E73/><V88/><F38/><W53/><G93/><T87/><D87/><U81/><E81/><N who="2" m="49231" /><F91/><W124/><REACH who="3" step="1"/><G90/><REACH who="3" ten="230,333,325,102" step="2"/><T78/><D33/><U104/><E94/><V15/><F82/><W123/><G123/><T13/><D125/><AGARI ba="0,1" hai="3,4,11,12,17,19,20,22,27,45,48,53,124,125" machi="125" ten="40,2000,0" yaku="1,1,53,0" doraHai="106" doraHaiUra="118" who="3" fromWho="0" sc="230,-20,333,0,325,0,102,30" /><INIT seed="7,1,0,2,2,71" ten="210,333,325,132" oya="3" hai0="27,36,21,13,47,5,53,78,132,126,39,118,115" hai1="20,117,112,54,93,65,40,19,34,97,37,81,74" hai2="72,63,99,133,127,58,109,86,69,101,33,55,45" hai3="43,62,73,6,16,119,121,17,29,25,12,90,23"/><W30/><G119/><T104/><D118/><U129/><E117/><V15/><F109/><W114/><G114/><T124/><D104/><U120/><E120/><V84/><F72/><W88/><G73/><T111/><D111/><U102/><E34/><V18/><F33/><W10/><G121/><T95/><D132/><U68/><E112/><V0/><F0/><W85/><G43/><T7/><D115/><U82/><E129/><V108/><F108/><W66/><G30/><T76/><D95/><U22/><E74/><V59/><F69/><W4/><G4/><N who="0" m="1611" /><D13/><U94/><E94/><N who="2" m="58615" /><F127/><N who="0" m="48682" /><D53/><U14/><E54/><N who="2" m="34263" /><F45/><W123/><G123/><T87/><D47/><U64/><E68/><V41/><F41/><W106/><G106/><T11/><D11/><U44/><E22/><N who="2" m="11615" /><F133/><W98/><G98/><T103/><D103/><U91/><E102/><V79/><F79/><N who="0" m="30250" /><D87/><U125/><E125/><V61/><AGARI ba="1,0" hai="55,59,61,84,86" m="11615,34263,58615" machi="61" ten="30,1100,0" yaku="8,1" doraHai="71" who="2" fromWho="2" sc="210,-4,333,-4,325,14,132,-6" owari="206,-19.0,329,13.0,339,43.0,126,-37.0" /></mjloggm>