<mjloggm ver="2.3"><GO type="169" lobby="0"/><UN n0="%74%61%72%6F%33%39%30%30" n1="%67%72%61%64%6C%69%6E%65" n2="%E3%82%A6%E3%83%AB%E3%83%88%E3%83%A9%E7%AB%8B%E7%9B%B4" n3="%E8%B3%A2%E8%80%85%E3%81%AC%E3%81%93" dan="18,16,17,16" rate="2162.82,2145.26,2222.35,2098.91" sx="M,M,M,F"/><TAIKYOKU oya="0"/><INIT seed="0,0,0,0,1,33" ten="250,250,250,250" oya="0" hai0="26,27,50,48,56,91,80,66,75,128,47,92,4" hai1="22,120,98,117,115,1,30,38,109,34,126,61,14" hai2="20,53,119,31,86,129,74,96,85,11,68,97,127" hai3="72,131,58,19,84,70,36,95,5,42,106,79,122"/><T8/><D128/><U103/><E38/><V0/><F68/><W17/><G70/><T54/><D75/><U77/><E117/><V100/><F74/><W63/><G106/><T82/><D80/><U28/><E34/><V114/><F114/><W21/><G72/><T40/><D82/><U125/><E115/><V132/><F127/><N who="1" m="48649" /><E77/><V83/><F132/><W135/><G135/><T73/><D66/><U89/><E89/><V16/><F129/><W62/><G79/><T108/><D108/><U107/><E120/><V113/><F31/><N who="1" m="11817" /><E61/><V9/><F9/><W7/><G62/><T13/><REACH who="0" step="1"/><D73/><REACH who="0" ten="240,250,250,250" step="2"/><U133/><E109/><V12/><F83/><W55/><G131/><T46/><D46/><U45/><E45/><V51/><F113/><W111/><G111/><T102/><D102/><U94/><E133/><V44/><F119/><W118/><G118/><T124/><D124/><U105/><E103/><V52/><F53/><W49/><G55/><T123/><D123/><U35/><E35/><V78/><F78/><W81/><G122/><T3/><D3/><U24/><E1/><V65/><F65/><W23/><G81/><T57/><D57/><U59/><E59/><V88/><F100/><W116/><G58/><T104/><D104/><U2/><E2/><V37/><F0/><W43/><G116/><T39/><D39/><U130/><E107/><V112/><F37/><W134/><G36/><T93/><D93/><U71/><E105/><V15/><F112/><W76/><G134/><T6/><D6/><U41/><E130/><V29/><F44/><W32/><G32/><RYUUKYOKU ba="0,1" sc="240,30,250,-10,250,-10,250,-10" hai0="4,8,13,26,27,40,47,48,50,54,56,91,92" /><INIT seed="0,1,1,4,5,130" ten="270,240,240,240" oya="0" hai0="129,29,5,90,71,134,14,87,3,41,109,131,118" hai1="111,69,47,55,116,13,75,27,53,83,33,8,123" hai2="120,81,79,91,52,17,28,105,99,122,113,34,50" hai3="40,20,31,72,56,58,117,65,67,2,104,7,26"/><T19/><D118/><U115/><E69/><V1/><F113/><W106/><G72/><T108/><D71/><U114/><E116/><V10/><F28/><W49/><G117/><T85/><D41/><U48/><E123/><V103/><F34/><W11/><G40/><T96/><D29/><N who="1" m="19647" /><E111/><N who="0" m="42569" /><D134/><U68/><E68/><V15/><F1/><W88/><G49/><T30/><D30/><U126/><E83/><V61/><F61/><W112/><G112/><N who="1" m="43050" /><E75/><V54/><F54/><W62/><REACH who="3" step="1"/><G88/><REACH who="3" ten="270,240,240,230" step="2"/><T110/><D110/><U82/><E82/><V76/><F76/><W63/><AGARI ba="1,2" hai="2,7,11,20,26,31,56,58,62,63,65,67,104,106" machi="63" ten="30,8000,1" yaku="1,1,2,1,0,1,9,1,53,1" doraHai="130" doraHaiUra="25" who="3" fromWho="3" sc="270,-41,240,-21,240,-21,230,103" /><INIT seed="1,0,0,5,0,15" ten="229,219,219,333" oya="1" hai0="71,48,121,50,92,120,9,31,130,26,131,86,133" hai1="2,28,27,102,125,45,91,17,109,132,62,82,135" hai2="12,84,110,7,64,56,32,112,8,66,25,38,119" hai3="4,40,52,78,59,77,100,20,14,18,106,43,60"/><U70/><E2/><V24/><F38/><W23/><G4/><T75/><D75/><U19/><E102/><V29/><F119/><W74/><G23/><T41/><D71/><U0/><E0/><V33/><F110/><W89/><G74/><T111/><D111/><U127/><E45/><V35/><F112/><W39/><G39/><T53/><D133/><N who="1" m="51275" /><E109/><V99/><F99/><W116/><G116/><T79/><D9/><U3/><E3/><V83/><F56/><W126/><G126/><N who="1" m="48138" /><E82/><V108/><F108/><W6/><G6/><T58/><D41/><U101/><E101/><V44/><F44/><W51/><G106/><T134/><D50/><U49/><E49/><V124/><F124/><W103/><G100/><T97/><D134/><U122/><E91/><V123/><F123/><W21/><G103/><T68/><D120/><U80/><E80/><V10/><F83/><W69/><G89/><T30/><D121/><U11/><E11/><V129/><F8/><W47/><G43/><T114/><D48/><U90/><E90/><V104/><F10/><W118/><G118/><T46/><D46/><U105/><E105/><V67/><F104/><W128/><G128/><T115/><D130/><U13/><E13/><V36/><F12/><N who="3" m="9287" /><G69/><T81/><D131/><U73/><E73/><V34/><F129/><W87/><G87/><T16/><D68/><U65/><E122/><V96/><F84/><W98/><G98/><T113/><D97/><U88/><E88/><V61/><F96/><W37/><G37/><T5/><D86/><U94/><E94/><V117/><F36/><RYUUKYOKU ba="0,0" sc="229,-15,219,15,219,-15,333,15" hai1="17,19,27,28,62,65,70" hai3="14,21,40,47,51,52,59,60,77,78" /><INIT seed="1,1,0,0,4,81" ten="214,234,204,348" oya="1" hai0="42,47,135,22,122,14,35,115,65,43,77,75,6" hai1="91,109,85,10,84,89,12,29,66,110,40,105,102" hai2="32,70,18,74,100,69,20,97,119,13,30,76,7" hai3="95,104,127,61,50,101,125,16,83,60,88,82,93"/><U21/><E66/><V2/><F119/><W44/><G104/><T31/><D115/><U51/><E102/><V120/><F120/><W118/><G118/><T49/><D135/><U111/><E105/><V103/><F76/><W112/><G112/><T113/><D113/><U106/><E106/><V133/><F74/><W56/><G101/><T92/><D122/><U11/><E40/><V59/><F59/><W57/><G93/><T41/><D65/><U3/><E3/><V80/><F80/><W124/><G57/><T72/><D35/><U53/><E89/><V45/><F45/><W23/><G60/><T96/><D77/><U39/><E91/><V17/><F100/><W123/><G123/><T37/><D75/><U99/><E99/><V79/><F97/><N who="3" m="57575" /><G50/><T54/><D72/><U129/><E39/><V62/><F70/><W132/><G44/><T108/><D92/><U134/><E129/><V4/><F69/><W87/><G87/><N who="1" m="33354" /><E134/><V25/><F103/><W33/><G33/><T26/><D96/><U64/><E64/><V114/><F2/><W19/><G132/><T52/><D37/><U73/><E73/><V15/><F133/><W78/><G78/><T8/><D54/><U48/><E48/><V24/><F79/><W28/><G83/><T126/><D42/><U55/><E55/><V117/><F114/><W36/><G82/><T0/><D43/><U1/><E1/><V107/><F107/><W46/><G36/><T58/><D0/><U67/><E67/><V98/><F98/><W121/><G121/><T130/><D41/><U116/><E116/><RYUUKYOKU ba="1,0" sc="214,0,234,0,204,0,348,0" /><INIT seed="2,2,0,4,3,97" ten="214,234,204,348" oya="2" hai0="88,22,113,27,36,34,17,105,48,118,112,92,69" hai1="53,57,71,41,52,37,94,73,99,70,96,87,0" hai2="133,102,29,55,58,38,83,4,93,7,47,134,67" hai3="19,60,66,46,125,86,45,124,42,35,107,82,104"/><V50/><F29/><W109/><G35/><T64/><D36/><U131/><E73/><V9/><F83/><W84/><G19/><T100/><D118/><U111/><E0/><V79/><F79/><N who="3" m="46175" /><G86/><T65/><D34/><U14/><E131/><V90/><F90/><W72/><G72/><T40/><D112/><U77/><E111/><V103/><F93/><W122/><G122/><T135/><D135/><N who="2" m="51722" /><F7/><W21/><G21/><T85/><D69/><N who="1" m="26123" /><E14/><N who="2" m="5415" /><F67/><W5/><G5/><T6/><D6/><U98/><E87/><V68/><F68/><N who="3" m="42055" /><G109/><T10/><D113/><U32/><E94/><V13/><F13/><W61/><G61/><T129/><D10/><U121/><E77/><V44/><F38/><N who="3" m="21719" /><G46/><AGARI ba="2,0" hai="44,46,47,50,55,58,102,103" m="5415,51722" machi="46" ten="30,5800,0" yaku="20,1,52,2" doraHai="97" who="2" fromWho="3" sc="214,0,234,0,204,64,348,-64" /><INIT seed="2,3,0,2,5,135" ten="214,234,268,284" oya="2" hai0="117,90,41,8,109,93,92,50,116,24,106,37,71" hai1="0,130,30,39,102,61,40,95,85,66,12,101,42" hai2="33,125,27,75,43,51,110,4,20,18,55,38,120" hai3="13,94,10,118,5,129,114,133,25,126,49,34,127"/><V48/><F75/><W44/><G118/><N who="0" m="45675" /><D106/><U111/><E0/><V104/><F104/><W98/><G133/><T83/><D37/><U70/><E111/><V58/><F120/><W132/><G132/><T62/><D109/><U63/><E130/><V7/><F110/><W105/><G105/><T72/><D8/><U100/><E30/><V54/><F125/><N who="3" m="47627" /><G129/><T82/><D24/><U1/><E1/><V22/><F33/><W65/><G65/><N who="0" m="41399" /><D72/><U29/><E39/><V80/><F38/><W19/><G114/><T91/><D41/><U31/><E29/><V84/><F43/><N who="3" m="24735" /><G34/><T89/><D50/><U68/><E42/><V79/><REACH who="2" step="1"/><F20/><REACH who="2" ten="214,234,258,284" step="2"/><N who="3" m="13471" /><G94/><AGARI ba="3,1" hai="82,83,89,90,91,92,93,94" m="41399,45675" machi="94" ten="30,1000,0" yaku="12,1" doraHai="135" who="0" fromWho="3" sc="214,29,234,0,258,0,284,-19" /><INIT seed="3,0,0,5,0,54" ten="243,234,258,265" oya="3" hai0="100,29,95,96,110,53,93,129,21,35,74,107,22" hai1="0,30,42,9,60,99,59,121,33,81,103,48,24" hai2="73,76,52,63,19,7,57,68,106,16,17,31,78" hai3="131,116,75,45,34,11,37,104,108,105,47,102,41"/><W25/><G116/><T114/><D74/><U55/><E121/><V49/><F106/><W135/><G135/><T130/><D110/><U39/><E39/><V20/><F73/><W18/><G108/><T117/><D117/><U97/><E81/><V70/><F7/><W124/><G75/><T122/><D122/><U67/><E42/><V126/><F126/><W134/><G124/><T79/><D79/><N who="2" m="30250" /><F70/><W127/><G127/><T14/><D114/><U82/><E82/><V80/><F68/><W36/><G131/><N who="0" m="50187" /><D53/><U51/><E51/><V64/><F80/><W28/><G102/><T2/><D2/><U85/><E85/><V40/><F64/><W44/><G134/><T58/><D58/><U27/><E27/><N who="2" m="16871" /><F40/><W120/><G120/><T132/><D132/><U94/><E99/><V5/><F5/><W62/><G41/><T23/><D14/><U66/><REACH who="1" step="1"/><E48/><AGARI ba="0,0" hai="16,17,19,48,49,52,57,63" m="16871,30250" machi="48" ten="30,7700,0" yaku="8,1,52,1,54,2" doraHai="54" who="2" fromWho="1" sc="243,0,234,-77,258,77,265,0" /><INIT seed="4,0,0,2,3,106" ten="243,157,335,265" oya="0" hai0="35,130,5,63,69,109,55,8,100,46,0,115,101" hai1="80,1,12,49,65,116,84,10,33,19,78,82,86" hai2="94,50,76,59,88,4,31,129,52,114,67,108,95" hai3="40,92,60,121,24,61,22,58,123,89,110,21,126"/><T32/><D115/><U68/><E33/><V113/><F108/><W15/><G110/><T131/><D109/><U18/><E116/><V56/><F129/><N who="0" m="49162" /><D46/><U26/><E1/><V41/><F41/><W99/><G126/><T44/><D44/><U112/><E112/><N who="2" m="43115" /><F76/><W91/><G40/><T28/><D28/><U20/><E49/><V134/><F134/><W25/><G15/><T90/><D90/><U48/><E48/><V62/><F4/><W43/><G43/><T71/><D35/><U125/><E125/><V85/><F31/><W2/><G2/><T74/><D32/><U97/><E97/><V77/><F77/><W75/><G58/><N who="0" m="35295" /><D74/><U64/><REACH who="1" step="1"/><E68/><AGARI ba="0,0" hai="0,5,8,68,69,71,100,101" m="35295,49162" machi="68" ten="30,1500,0" yaku="19,1" doraHai="106" who="0" fromWho="1" sc="243,15,157,-15,335,0,265,0" /><INIT seed="4,1,0,4,3,55" ten="258,142,335,265" oya="0" hai0="40,27,69,87,126,112,11,127,75,48,61,92,77" hai1="6,73,7,4,39,28,56,29,51,79,117,135,53" hai2="57,131,86,101,99,76,17,62,26,1,109,83,52" hai3="54,44,33,107,13,114,93,98,85,16,123,106,120"/><T32/><D112/><U23/><E117/><V49/><F1/><W108/><G33/><T74/><D11/><U134/><E39/><V30/><F131/><W8/><G108/><T60/><D40/><U25/><E73/><N who="0" m="27657" /><D48/><U105/><E79/><V9/><F109/><W46/><G114/><T34/><D69/><U132/><REACH who="1" step="1"/><E105/><REACH who="1" ten="258,132,335,265" step="2"/><V102/><F76/><W94/><G107/><T113/><D113/><U14/><E14/><V68/><F26/><W89/><G106/><T0/><D0/><U43/><E43/><V125/><F125/><N who="0" m="47626" /><D77/><U103/><E103/><V10/><F101/><W81/><G123/><T72/><D72/><U59/><E59/><V41/><F102/><W3/><G120/><T128/><D128/><U111/><E111/><V88/><F57/><W71/><G3/><T12/><D12/><U64/><E64/><V15/><F15/><W37/><G37/><T42/><D42/><U50/><E50/><V65/><F49/><N who="3" m="28967" /><G71/><T5/><D27/><U19/><AGARI ba="1,1" hai="4,6,7,19,23,25,28,29,51,53,56,132,134,135" machi="19" ten="40,8000,1" yaku="1,1,0,1,20,1,52,1,53,0" doraHai="55" doraHaiUra="96" who="1" fromWho="1" sc="258,-41,132,93,335,-21,265,-21" /><INIT seed="5,0,0,5,5,8" ten="217,225,314,244" oya="1" hai0="9,108,0,52,5,10,36,119,2,129,107,46,118" hai1="35,74,91,48,32,76,104,21,131,31,128,81,60" hai2="23,61,127,54,34,72,4,89,78,40,124,3,47" hai3="28,106,57,92,113,30,19,64,134,51,98,49,94"/><U73/><E104/><V50/><F34/><W15/><G113/><T87/><D108/><U121/><E121/><V37/><F89/><N who="3" m="55567" /><G106/><T80/><D107/><U116/><E74/><V33/><F33/><W126/><G126/><T125/><D129/><N who="1" m="49739" /><E116/><V103/><F103/><W132/><G94/><T99/><D99/><U7/><E48/><N who="3" m="18506" /><G57/><T88/><D125/><U24/><E7/><V12/><F61/><W29/><G64/><T62/><D36/><U25/><E60/><V16/><F54/><W105/><G105/><T110/><D110/><U84/><E25/><V90/><F50/><W77/><G77/><T45/><D119/><U69/><E69/><V101/><F90/><W135/><G30/><T79/><D79/><U115/><E115/><V42/><F101/><W71/><G71/><T11/><D118/><U18/><E31/><V63/><F63/><W100/><G100/><T44/><REACH who="0" step="1"/><D5/><REACH who="0" ten="207,225,314,244" step="2"/><U38/><E38/><V114/><F114/><W22/><AGARI ba="0,1" hai="15,19,22,28,29,132,134,135" m="18506,55567" machi="22" ten="40,2700,0" yaku="20,1,52,1" doraHai="8" who="3" fromWho="3" sc="207,-7,225,-13,314,-7,244,37" /><INIT seed="6,0,0,2,5,82" ten="200,212,307,281" oya="2" hai0="124,1,60,88,48,33,83,14,61,31,40,37,71" hai1="116,78,111,59,53,103,120,125,104,99,2,101,90" hai2="3,41,91,115,29,11,10,27,123,73,72,18,24" hai3="96,9,34,68,26,45,85,63,43,66,133,42,105"/><V57/><F123/><W55/><G9/><T121/><D1/><U94/><E2/><V98/><F41/><W69/><G69/><T80/><D121/><U119/><E120/><V0/><F73/><W92/><G85/><N who="0" m="50215" /><D33/><U22/><E111/><V93/><F72/><W25/><G25/><T87/><D37/><U79/><E103/><V112/><F11/><W36/><G43/><T64/><D71/><U32/><E32/><V17/><F57/><W39/><G39/><T28/><D124/><U77/><E125/><V86/><F98/><W126/><G133/><T20/><D64/><U110/><E22/><N who="2" m="13399" /><F17/><W51/><G105/><T13/><D60/><U135/><E135/><V52/><F10/><W97/><G126/><T117/><D61/><U74/><E74/><V114/><F52/><W4/><G4/><T128/><D128/><U95/><E110/><V62/><F62/><W102/><G97/><T109/><D109/><U16/><E104/><V130/><F130/><W89/><G26/><N who="0" m="16455" /><D31/><U67/><E67/><V75/><F75/><W84/><G34/><AGARI ba="0,0" hai="0,3,27,29,34,86,91,93,112,114,115" m="13399" machi="34" ten="30,2900,0" yaku="15,1,52,1" doraHai="82" who="2" fromWho="3" sc="200,0,212,0,307,29,281,-29" /><INIT seed="6,1,0,3,5,81" ten="200,212,336,252" oya="2" hai0="98,124,100,33,22,58,62,91,121,96,68,48,76" hai1="42,74,23,78,132,67,24,49,73,5,70,13,46" hai2="27,87,32,127,38,6,113,89,40,39,50,120,59" hai3="94,0,79,115,11,104,63,102,9,56,71,19,4"/><V86/><F120/><W64/><G104/><T118/><D33/><U129/><E129/><V10/><F113/><W31/><G31/><T16/><D121/><U60/><E132/><V99/><F99/><W83/><G71/><T128/><D128/><U8/><REACH who="1" step="1"/><E78/><REACH who="1" ten="200,202,336,252" step="2"/><V52/><F127/><W95/><G79/><T134/><D134/><U110/><E110/><V26/><F32/><W43/><G115/><T105/><D124/><U123/><E123/><V17/><F39/><W133/><G133/><T88/><D118/><U29/><AGARI ba="1,1" hai="5,8,13,23,24,29,42,46,49,60,67,70,73,74" machi="29" ten="20,2700,0" yaku="1,1,0,1,7,1,53,0" doraHai="81" doraHaiUra="131" who="1" fromWho="1" sc="200,-8,202,40,336,-14,252,-8" /><INIT seed="7,0,0,0,3,61" ten="192,242,322,244" oya="3" hai0="126,76,118,58,77,78,134,92,105,47,50,88,133" hai1="28,46,39,1,74,103,120,125,27,94,55,32,60" hai2="63,49,86,104,121,17,127,130,0,87,57,101,90" hai3="37,82,123,68,117,98,99,23,115,114,81,67,70"/><W106/><G117/><T7/><D118/><U3/><E74/><V5/><F5/><W97/><G106/><T89/><D7/><U48/><E120/><V41/><F101/><W25/><G37/><T6/><D6/><U21/><E125/><V40/><F90/><W72/><G123/><T52/><D105/><U18/><E39/><V83/><F87/><W38/><G38/><T45/><D126/><U14/><E60/><V34/><F86/><W59/><G59/><T33/><D33/><U84/><E103/><V112/><F57/><W42/><G42/><T108/><D108/><U109/><E109/><V43/><F41/><W29/><G72/><T79/><N who="0" m="19456" /><DORA hai="75" /><T8/><D8/><U56/><E46/><N who="0" m="17417" /><D92/><U66/><E66/><V4/><F4/><W9/><G9/><T124/><D124/><U71/><E71/><N who="3" m="27178" /><G67/><T15/><D15/><U24/><E24/><V51/><F104/><W12/><G12/><T35/><D35/><U80/><E80/><V129/><F83/><W85/><G82/><T19/><D19/><U96/><E3/><V65/><F0/><W110/><G110/><T93/><D93/><U30/><E1/><V107/><F34/><W128/><G81/><T22/><D22/><N who="1" m="11607" /><E32/><V64/><F107/><W11/><G11/><T100/><D100/><N who="1" m="60439" /><E30/><V111/><F127/><W10/><G10/><T132/><AGARI ba="0,0" hai="50,52,58,88,89,132,133,134" m="17417,19456" machi="132" ten="50,12000,2" yaku="20,1,52,4,54,2" doraHai="61,75" who="0" fromWho="0" sc="192,120,242,-30,322,-30,244,-60" owari="312,42.0,212,-19.0,292,9.0,184,-32.0" /></mjloggm>