<mjloggm ver="2.3"><GO type="169" lobby="0"/><UN n0="%73%66%73%66" n1="%E3%83%88%E3%83%88%E3%83%AA%E5%85%88%E7%94%9F%31%39%E6%AD%B3" n2="%E3%81%93%E3%81%A3%E3%81%97%E3%83%BC" n3="%E6%8E%A5%E7%82%B9%40%51%42" dan="16,18,17,16" rate="2122.74,2190.84,2139.39,2084.83" sx="M,F,M,F"/><TAIKYOKU oya="0"/><INIT seed="0,0,0,3,1,30" ten="250,250,250,250" oya="0" hai0="48,22,86,28,51,85,26,83,14,31,11,97,54" hai1="23,66,99,59,82,133,130,117,126,129,114,21,79" hai2="42,9,5,7,122,35,71,36,94,55,53,131,121" hai3="78,24,92,67,32,43,76,91,95,0,25,68,37"/><T89/><D31/><U47/><E117/><V96/><F35/><W19/><G0/><T74/><D74/><U57/><E133/><V103/><F131/><N who="1" m="50185" /><E126/><V106/><F71/><W104/><G104/><T52/><D97/><U100/><E114/><V56/><F7/><W116/><G116/><T134/><D134/><U72/><E47/><V107/><F107/><W18/><G37/><T77/><D51/><U16/><E66/><V58/><F106/><W2/><G2/><T84/><D77/><U49/><E23/><V46/><F56/><W128/><G128/><T44/><REACH who="0" step="1"/><D54/><REACH who="0" ten="240,250,250,250" step="2"/><U45/><E99/><V102/><F55/><W135/><G135/><T62/><D62/><U73/><E73/><V110/><F53/><W125/><G76/><T65/><D65/><U109/><E100/><V6/><F102/><W29/><G78/><T50/><D50/><U17/><E49/><V101/><F103/><W33/><G67/><T112/><D112/><U80/><E79/><V4/><F96/><W127/><G127/><T120/><D120/><U119/><E72/><V124/><F101/><W12/><G125/><T1/><D1/><U3/><E3/><V132/><F132/><W113/><G113/><T8/><D8/><U115/><E115/><V69/><F9/><W34/><G43/><T61/><D61/><U39/><E119/><V111/><F124/><W41/><G41/><T40/><D40/><U70/><E39/><V10/><F121/><W15/><G68/><T123/><D123/><U88/><E70/><V108/><F122/><W38/><G38/><T81/><D81/><RYUUKYOKU ba="0,1" sc="240,30,250,-10,250,-10,250,-10" hai0="11,14,22,26,28,44,48,52,83,84,85,86,89" /><INIT seed="0,1,1,2,0,111" ten="270,240,240,240" oya="0" hai0="113,43,74,99,64,73,16,21,81,69,101,0,117" hai1="23,12,83,2,55,38,11,36,119,31,130,91,3" hai2="54,131,45,88,78,76,57,106,27,90,123,7,122" hai3="58,86,132,118,71,115,47,25,33,109,116,18,13"/><T108/><D117/><U68/><E119/><V128/><F106/><W97/><G71/><T87/><D0/><U98/><E68/><V134/><F45/><W40/><G109/><T9/><D9/><U44/><E130/><N who="2" m="49707" /><F27/><W56/><G115/><T29/><D29/><U67/><E67/><V19/><F19/><W15/><G132/><T48/><D108/><U100/><E23/><V32/><F7/><W50/><G97/><T37/><D37/><U124/><E31/><V65/><F65/><W121/><G121/><T41/><D113/><U96/><E124/><V102/><F102/><W70/><G70/><T66/><D69/><U92/><E38/><V84/><F32/><W61/><G86/><T114/><D74/><U133/><E133/><V4/><F4/><W82/><G82/><T5/><D73/><U10/><E83/><N who="2" m="49183" /><F90/><W62/><G33/><T60/><D5/><U126/><E126/><V127/><F127/><W112/><G112/><T75/><D114/><U63/><E36/><V46/><F46/><W103/><G103/><T6/><D6/><U28/><E28/><V53/><F134/><W72/><G116/><T52/><D75/><U14/><E44/><V20/><F20/><N who="3" m="13463" /><G72/><T8/><D21/><U34/><E34/><V135/><F135/><W80/><G118/><T89/><D8/><N who="1" m="3115" /><E3/><V39/><F39/><W104/><G104/><N who="0" m="63551" /><D16/><U49/><E2/><V120/><F57/><W1/><G58/><N who="0" m="36887" /><D66/><U94/><E12/><V129/><F129/><W24/><G1/><T105/><D105/><U110/><E14/><V125/><F125/><W35/><G13/><RYUUKYOKU ba="1,1" sc="270,15,240,-15,240,15,240,-15" hai0="41,43,48,52,81,87,89" hai2="53,54,76,78,120,122,123" /><INIT seed="0,2,1,2,5,114" ten="285,225,255,225" oya="0" hai0="83,63,21,30,110,112,44,40,90,115,82,89,15" hai1="11,74,129,100,121,125,128,124,64,106,14,91,17" hai2="5,72,42,20,135,104,4,3,130,2,97,107,32" hai3="127,41,70,34,134,66,92,77,113,49,0,93,46"/><T33/><D33/><U119/><E121/><V102/><F135/><W116/><G113/><T94/><D110/><U84/><E74/><V57/><F130/><N who="1" m="50281" /><E64/><V122/><F72/><W45/><G134/><T38/><D115/><U123/><E123/><V9/><F32/><W59/><G0/><T22/><D112/><U79/><E79/><V56/><F107/><W81/><G34/><T68/><D89/><U16/><E17/><V78/><F78/><W25/><G116/><T105/><D105/><U27/><E27/><V67/><F122/><W120/><G127/><N who="1" m="48714" /><E106/><V48/><F67/><W19/><G70/><T12/><D30/><U29/><E100/><V71/><F71/><W62/><G19/><T10/><D68/><U75/><E75/><V43/><F20/><W36/><G25/><T80/><D22/><U60/><E60/><V55/><REACH who="2" step="1"/><F57/><REACH who="2" ten="285,225,245,225" step="2"/><W126/><G126/><T50/><D21/><U131/><E131/><V54/><F54/><W51/><G120/><T28/><D10/><AGARI ba="2,2" hai="2,3,4,5,9,10,42,43,48,55,56,97,102,104" machi="10" ten="40,5200,0" yaku="1,1,9,1,53,1" doraHai="114" doraHaiUra="95" who="2" fromWho="0" sc="285,-58,225,0,245,78,225,0" /><INIT seed="1,0,0,1,5,0" ten="227,225,323,225" oya="1" hai0="32,48,67,71,13,128,129,4,90,100,104,57,16" hai1="93,106,83,110,72,68,26,55,108,124,9,98,62" hai2="102,134,94,66,60,36,61,64,63,33,37,125,101" hai3="23,1,43,116,12,59,14,127,92,10,84,29,78"/><U77/><E106/><V38/><F33/><W53/><G127/><T45/><D32/><U22/><E124/><V123/><F125/><W107/><G107/><T65/><D71/><U130/><E130/><N who="0" m="50281" /><D90/><U50/><E9/><V122/><F134/><W20/><G116/><T74/><D74/><U39/><E39/><V27/><F27/><W8/><G43/><N who="0" m="24639" /><D57/><U7/><E7/><V28/><F28/><W17/><G1/><T111/><D111/><N who="1" m="42539" /><E68/><V113/><F113/><W86/><G86/><T34/><D34/><U88/><E62/><V82/><F82/><N who="3" m="47191" /><G92/><T56/><D56/><N who="1" m="32887" /><E26/><V115/><F115/><W99/><G99/><N who="0" m="61471" /><D4/><U41/><E41/><V133/><F133/><W120/><G120/><N who="2" m="46121" /><F94/><W73/><G73/><T131/><N who="0" m="50289" /><T52/><DORA hai="117" /><D52/><U44/><E44/><V91/><F91/><W58/><G29/><T135/><D135/><U42/><E42/><V3/><F3/><W119/><G119/><T51/><D51/><U70/><E70/><V46/><F46/><W15/><G59/><T5/><D5/><U25/><E25/><V11/><F11/><AGARI ba="0,0" hai="11,13,16,65,67" m="61471,24639,50289" machi="11" ten="40,2600,0" yaku="19,1,54,1" doraHai="0,117" who="0" fromWho="2" sc="227,26,225,0,323,-26,225,0" /><INIT seed="2,0,0,1,3,2" ten="253,225,297,225" oya="2" hai0="100,15,66,58,76,73,122,65,103,10,121,82,62" hai1="94,68,1,124,63,19,21,45,119,35,97,71,80" hai2="127,116,43,8,120,117,115,99,75,72,12,110,31" hai3="134,40,125,17,42,118,51,13,130,22,113,126,25"/><V92/><F115/><W85/><G118/><T69/><D66/><U3/><E119/><V36/><F120/><W105/><G105/><T55/><D121/><U32/><E124/><N who="3" m="47722" /><G113/><T56/><D122/><U83/><E45/><V38/><F127/><W108/><G108/><T37/><D37/><U129/><E129/><V109/><F31/><W111/><G111/><N who="2" m="42505" /><F117/><W93/><G134/><T77/><D77/><U6/><E1/><V60/><F60/><W46/><G130/><T11/><D11/><U79/><E63/><V70/><F70/><W5/><G93/><T112/><D112/><U95/><E68/><V114/><F114/><W20/><G85/><T87/><D73/><N who="2" m="28234" /><F43/><N who="3" m="25055" /><G22/><T26/><D69/><U131/><E71/><V53/><F53/><W28/><G28/><T44/><D55/><U34/><E131/><V96/><F116/><W74/><G74/><T135/><D135/><U48/><E35/><V84/><F84/><W78/><G42/><T89/><D87/><U132/><E132/><V0/><F0/><W123/><G40/><T41/><D41/><U107/><E3/><V133/><F133/><W67/><G67/><T24/><D65/><U18/><E34/><V52/><F52/><W91/><G123/><T23/><D62/><U30/><E32/><V61/><F61/><W57/><G57/><T128/><D58/><U54/><E30/><V47/><F47/><W39/><G39/><N who="2" m="14889" /><F92/><W64/><G64/><T29/><D56/><U59/><E59/><V7/><AGARI ba="0,0" hai="7,8,12,96,99" m="14889,28234,42505" machi="7" ten="40,7800,0" yaku="14,1,10,1,52,1" doraHai="2" who="2" fromWho="2" sc="253,-26,225,-26,297,78,225,-26" /><INIT seed="2,1,0,1,5,9" ten="227,199,375,199" oya="2" hai0="29,56,130,19,110,18,76,92,127,129,72,45,87" hai1="84,132,88,62,28,50,44,5,124,22,134,118,116" hai2="95,68,94,81,3,98,71,38,17,37,96,97,85" hai3="70,112,126,121,49,74,117,26,82,66,51,0,131"/><V100/><F3/><W21/><G82/><T108/><D72/><U122/><E122/><V6/><F6/><W14/><G66/><T40/><D29/><U102/><E124/><V75/><F75/><W2/><G14/><T125/><D56/><U83/><E102/><V52/><F52/><W61/><G61/><T89/><D76/><U1/><E62/><V4/><F4/><W104/><G21/><T79/><D79/><U55/><E5/><V69/><F17/><N who="0" m="6154" /><D127/><U23/><E1/><V105/><F105/><W101/><G101/><T39/><D125/><U80/><E80/><V57/><F57/><W59/><G26/><T34/><D34/><U67/><E67/><V78/><REACH who="2" step="1"/><F97/><REACH who="2" ten="227,199,365,199" step="2"/><W135/><G59/><T86/><D86/><U43/><E55/><V99/><F99/><W8/><G0/><T111/><AGARI ba="1,1" hai="39,40,45,87,89,92,108,110,111,129,130" m="6154" machi="111" ten="40,1500,0" yaku="14,1" doraHai="9" who="0" fromWho="0" sc="227,28,199,-5,365,-8,199,-5" /><INIT seed="3,0,0,4,0,67" ten="255,194,357,194" oya="3" hai0="133,103,95,107,26,111,37,30,35,109,56,121,23" hai1="112,71,97,13,21,57,110,11,62,51,33,79,14" hai2="65,114,87,104,127,86,28,70,120,80,98,106,5" hai3="76,100,52,89,55,0,99,50,27,63,85,134,15"/><W41/><G0/><T61/><D121/><U124/><E112/><V53/><F127/><W59/><G134/><T96/><D37/><U130/><E33/><V31/><F5/><W108/><G108/><N who="0" m="41547" /><D133/><U54/><E124/><V84/><F114/><W73/><G27/><T10/><D10/><U25/><E110/><V34/><F53/><W2/><G2/><T93/><D35/><U36/><E36/><V90/><F31/><W122/><G122/><T105/><D95/><U3/><E130/><V74/><F74/><W19/><G73/><T119/><D119/><U115/><E115/><V6/><F6/><W82/><G41/><T123/><D123/><U32/><E32/><V128/><F104/><W20/><G55/><AGARI ba="0,0" hai="23,26,30,55,56,61,93,96,103,105,107" m="41547" machi="55" ten="30,1000,0" yaku="14,1" doraHai="67" who="0" fromWho="3" sc="255,10,194,0,357,0,194,-10" /><INIT seed="4,0,0,5,2,47" ten="265,194,357,184" oya="0" hai0="9,5,133,104,117,90,33,135,123,25,12,110,23" hai1="132,84,48,30,34,97,87,49,120,93,96,89,106" hai2="81,13,19,124,7,85,41,67,2,14,75,80,51" hai3="22,64,31,76,92,1,128,102,118,54,115,69,38"/><T88/><D104/><U100/><E120/><V86/><F124/><W3/><G115/><T108/><D123/><U6/><E132/><N who="0" m="50761" /><D117/><U18/><E6/><V56/><F75/><W68/><G118/><T46/><D46/><U98/><E18/><V83/><F2/><W10/><G38/><T28/><D33/><U11/><E11/><N who="2" m="4351" /><F67/><W24/><G128/><T109/><AGARI ba="0,0" hai="5,9,12,23,25,28,88,90,108,109,110" m="50761" machi="109" ten="40,7800,0" yaku="10,1,20,1,54,1" doraHai="47" who="0" fromWho="0" sc="265,78,194,-26,357,-26,184,-26" /><INIT seed="4,1,0,4,3,91" ten="343,168,331,158" oya="0" hai0="82,107,122,132,134,55,33,133,112,119,94,135,22" hai1="4,62,85,41,106,37,125,71,130,86,66,101,24" hai2="83,9,90,78,50,26,5,95,53,109,103,40,120" hai3="126,32,80,35,18,13,51,45,68,23,42,30,131"/><T72/><D33/><U124/><E130/><V111/><F120/><W81/><G131/><T115/><D107/><U110/><E110/><V97/><F40/><W69/><G126/><N who="1" m="48746" /><E4/><V118/><F26/><W48/><G48/><T87/><D122/><U114/><E114/><N who="0" m="43561" /><D72/><U59/><E71/><V117/><F90/><W100/><G100/><T39/><D39/><U54/><E66/><V19/><F19/><W43/><G43/><T38/><D38/><U46/><E24/><V14/><F117/><W10/><G32/><T121/><D121/><U25/><E25/><V12/><F12/><W47/><G35/><T2/><D2/><U74/><E74/><V123/><F118/><W1/><G30/><T56/><D22/><U127/><E127/><V73/><REACH who="2" step="1"/><F123/><REACH who="2" ten="343,168,321,158" step="2"/><W29/><G42/><T63/><D119/><U27/><E27/><V67/><F67/><W57/><G13/><T128/><D128/><U7/><E7/><V49/><F49/><W108/><G51/><T116/><D116/><U64/><E64/><V6/><F6/><W17/><G18/><T16/><D16/><U20/><E20/><V65/><F65/><W96/><G23/><T104/><D135/><U34/><E34/><V105/><F105/><W70/><G17/><T75/><D104/><U129/><E129/><V11/><F11/><W77/><G10/><T88/><D134/><U21/><E21/><V52/><F52/><W84/><G1/><T31/><D31/><U0/><E0/><V58/><AGARI ba="1,1" hai="5,9,14,50,53,58,73,78,83,95,97,103,109,111" machi="58" ten="20,8000,1" yaku="1,1,0,1,7,1,52,1,53,1" doraHai="91" doraHaiUra="8" who="2" fromWho="2" sc="343,-41,168,-21,321,93,158,-21" /><INIT seed="5,0,0,2,1,3" ten="302,147,414,137" oya="1" hai0="71,31,23,30,49,9,29,124,25,39,35,111,93" hai1="22,32,27,74,60,76,84,82,70,59,15,78,50" hai2="73,38,64,90,106,8,72,99,110,88,13,102,123" hai3="46,131,130,34,55,28,119,2,83,77,75,1,97"/><U43/><E32/><V112/><F110/><W132/><G132/><T21/><D39/><U24/><E70/><V118/><F38/><W91/><G119/><T115/><D71/><U51/><E74/><V17/><F123/><W120/><G120/><T16/><D93/><U117/><E117/><V92/><F118/><W53/><G28/><N who="0" m="10859" /><D49/><N who="1" m="18443" /><E43/><V113/><F64/><W47/><G34/><T121/><D121/><U66/><E78/><V114/><REACH who="2" step="1"/><F90/><REACH who="2" ten="302,147,404,137" step="2"/><W105/><G91/><T81/><D111/><U65/><E65/><V98/><AGARI ba="0,1" hai="8,13,17,72,73,88,92,98,99,102,106,112,113,114" machi="98" ten="40,12000,2" yaku="1,1,2,1,0,1,15,1,11,1,54,1,53,0" doraHai="3" doraHaiUra="62" who="2" fromWho="2" sc="302,-30,147,-60,404,130,137,-30" /><INIT seed="6,0,0,5,1,13" ten="272,87,534,107" oya="2" hai0="88,126,121,94,66,19,67,92,18,52,41,54,27" hai1="60,125,1,109,47,3,58,104,11,74,98,42,61" hai2="101,68,37,105,89,50,113,63,95,49,51,103,70" hai3="65,5,38,2,0,107,44,29,17,102,114,71,86"/><V97/><F113/><W48/><G38/><T85/><D121/><U124/><E109/><V35/><F37/><W33/><G114/><T30/><D126/><N who="1" m="48747" /><E74/><V43/><F35/><W34/><G86/><T46/><D92/><U31/><E31/><V72/><F103/><W12/><G5/><T84/><D84/><U99/><E61/><V90/><F90/><W62/><G33/><T20/><D41/><U100/><E99/><V122/><F122/><W77/><G77/><T69/><D69/><U57/><E57/><V118/><F118/><W73/><G73/><T79/><D79/><U22/><E11/><V45/><F72/><W96/><G34/><T53/><D46/><U21/><E21/><V83/><F83/><W55/><REACH who="3" step="1"/><G29/><REACH who="3" ten="272,87,534,97" step="2"/><T111/><D111/><U26/><E26/><V91/><F97/><W56/><G56/><T115/><D115/><U7/><E7/><V16/><F70/><W120/><G120/><T110/><D110/><U14/><E22/><AGARI ba="0,1" hai="0,2,12,17,22,44,48,55,62,65,71,96,102,107" machi="22" ten="30,3900,0" yaku="1,1,7,1,52,1,53,0" doraHai="13" doraHaiUra="75" who="3" fromWho="1" sc="272,0,87,-39,534,0,97,49" /><INIT seed="7,0,0,5,5,32" ten="272,48,534,146" oya="3" hai0="15,45,128,120,108,62,65,12,134,84,40,54,104" hai1="10,26,3,76,67,38,116,111,77,135,39,19,92" hai2="127,63,129,46,52,114,49,93,95,118,103,74,101" hai3="57,110,34,61,58,55,11,102,96,9,75,117,81"/><W99/><G34/><T56/><D108/><U115/><E111/><V4/><F114/><W82/><G117/><T60/><D120/><U121/><E121/><V66/><F129/><W86/><G110/><T36/><D104/><U20/><E115/><V83/><F127/><W24/><G24/><T89/><D128/><U132/><E116/><V23/><F4/><W28/><G28/><T105/><D105/><U18/><E67/><V5/><F5/><W69/><G69/><T7/><D7/><U72/><E92/><V131/><F131/><W33/><G33/><T48/><D62/><U16/><E3/><V130/><F130/><W17/><G75/><T125/><D134/><U21/><E10/><N who="3" m="3594" /><G17/><T97/><D97/><U78/><E72/><V31/><F74/><W107/><G107/><T109/><D125/><U29/><REACH who="1" step="1"/><E21/><REACH who="1" ten="272,38,534,146" step="2"/><V94/><F118/><W14/><G82/><N who="0" m="49303" /><D109/><U37/><AGARI ba="0,1" hai="16,18,19,20,26,29,37,38,39,76,77,78,132,135" machi="37" ten="40,8000,1" yaku="1,1,0,1,29,2,54,1,53,0" doraHai="32" doraHaiUra="43" who="1" fromWho="1" sc="272,-20,38,90,534,-20,146,-40" owari="252,5.0,128,-27.0,514,61.0,106,-39.0" /></mjloggm>