<mjloggm ver="2.3"><GO type="169" lobby="0"/><UN n0="%E8%B6%85%E4%BA%BA%EF%BC%AD" n1="%E5%B2%A1%E6%9D%91%E9%9D%96%E5%B9%B8" n2="%E7%94%98%E7%B2%95%E3%81%A4%E3%81%B0%E3%82%81" n3="%E3%83%88%E3%83%88%E3%83%AA%E5%85%88%E7%94%9F%31%39%E6%AD%B3" dan="17,17,16,19" rate="2181.83,2109.83,2084.82,2263.20" sx="M,M,F,F"/><TAIKYOKU oya="0"/><INIT seed="0,0,0,1,5,66" ten="250,250,250,250" oya="0" hai0="78,28,93,96,8,30,24,92,105,38,75,12,90" hai1="15,37,107,104,36,61,88,84,18,106,5,57,126" hai2="87,17,3,25,14,46,26,82,69,42,119,103,71" hai3="72,49,39,95,79,56,6,127,2,53,59,134,122"/><T101/><D38/><U23/><E126/><V91/><F3/><W19/><G39/><T62/><D75/><U132/><E132/><V124/><F124/><W89/><G127/><T58/><D78/><U64/><REACH who="1" step="1"/><E5/><REACH who="1" ten="250,240,250,250" step="2"/><V121/><F121/><W109/><G6/><N who="0" m="3095" /><D105/><U43/><E43/><V100/><F119/><W54/><G134/><T0/><D0/><U135/><E135/><V4/><F4/><W76/><G2/><T113/><D113/><U73/><E73/><V65/><F103/><W40/><G72/><T31/><D24/><U44/><E44/><V29/><F100/><W117/><G122/><T50/><D50/><U85/><E85/><V10/><F26/><W97/><G117/><T125/><D125/><U116/><E116/><V22/><REACH who="2" step="1"/><F65/><REACH who="2" ten="250,240,240,250" step="2"/><W51/><G40/><T83/><D83/><AGARI ba="0,2" hai="15,18,23,36,37,57,61,64,83,84,88,104,106,107" machi="83" ten="40,2600,0" yaku="1,1,54,1,53,0" doraHai="66" doraHaiUra="35" who="1" fromWho="0" sc="250,-26,240,46,240,0,250,0" /><INIT seed="1,0,0,3,3,86" ten="224,286,240,250" oya="1" hai0="100,54,1,119,108,110,98,78,127,76,87,55,22" hai1="71,106,133,93,35,81,118,113,44,96,103,114,99" hai2="84,27,129,31,50,65,134,104,41,48,2,63,66" hai3="29,21,72,90,26,89,70,43,9,130,68,124,33"/><U64/><E35/><V121/><F121/><W57/><G72/><T73/><D73/><U13/><E118/><V20/><F134/><W58/><G130/><T5/><D119/><U109/><E133/><V101/><F129/><W37/><G124/><T61/><D127/><U4/><E44/><V115/><F2/><W49/><G37/><T16/><D5/><U128/><E128/><V116/><F116/><W23/><G9/><T0/><D0/><U125/><E125/><V59/><F115/><W14/><G33/><T38/><D38/><U46/><E46/><V53/><F104/><W6/><G6/><T126/><D1/><U30/><E30/><V83/><F101/><W120/><G120/><T67/><D126/><U111/><E64/><N who="2" m="24683" /><F41/><W8/><G8/><T56/><D110/><N who="1" m="41995" /><E13/><V42/><F42/><W17/><G68/><T131/><D131/><U94/><E4/><V60/><F48/><W95/><G70/><T112/><D112/><N who="1" m="43115" /><E71/><V12/><F12/><W97/><G43/><T45/><D108/><U107/><E81/><V79/><AGARI ba="0,0" hai="20,27,31,50,53,59,60,63,79,83,84" m="24683" machi="79" ten="30,1100,0" yaku="8,1" doraHai="86" who="2" fromWho="2" sc="224,-3,286,-5,240,11,250,-3" /><INIT seed="2,0,0,0,4,22" ten="221,281,251,247" oya="2" hai0="68,134,43,25,92,135,109,70,3,132,124,16,87" hai1="114,77,103,113,58,29,14,34,52,89,100,121,131" hai2="119,86,127,97,115,38,90,46,78,74,75,122,45" hai3="104,0,66,110,31,105,98,64,54,20,19,15,116"/><V106/><F119/><W40/><G116/><T85/><D3/><U55/><E77/><V101/><F115/><W130/><G0/><T126/><D43/><U61/><E131/><V71/><F122/><W32/><G110/><T42/><D42/><U120/><E89/><V7/><F127/><N who="0" m="48682" /><D109/><U62/><E14/><V128/><F128/><W26/><G130/><T24/><D92/><U81/><E81/><N who="2" m="45279" /><F38/><W125/><G125/><T82/><D87/><U117/><E117/><V65/><F7/><W1/><G1/><T10/><D10/><U91/><E91/><V21/><F21/><W23/><G40/><T47/><D47/><U133/><E34/><V27/><F74/><W4/><G4/><T33/><D16/><U44/><E44/><V9/><F9/><W28/><G98/><T76/><D33/><U93/><E93/><N who="2" m="54487" /><F27/><AGARI ba="0,0" hai="24,25,27,68,70,76,82,85,132,134,135" m="48682" machi="27" ten="40,8000,1" yaku="20,1,18,1,52,3" doraHai="22" who="0" fromWho="2" sc="221,80,281,0,251,-80,247,0" /><INIT seed="3,0,0,5,2,11" ten="301,281,171,247" oya="3" hai0="50,8,17,66,117,96,128,48,121,55,129,58,25" hai1="100,7,14,41,56,61,87,111,35,45,130,39,113" hai2="37,95,82,65,79,2,105,76,93,106,109,98,84" hai3="73,31,46,53,126,30,125,104,74,49,54,44,18"/><W97/><G104/><N who="2" m="40041" /><F2/><W6/><G97/><T124/><D121/><U116/><E113/><V4/><F4/><W36/><G6/><T19/><D117/><U10/><E111/><V51/><F51/><W127/><G18/><T23/><D124/><U40/><E130/><N who="0" m="50281" /><D96/><U89/><E116/><V16/><F65/><W110/><G110/><T3/><D66/><U133/><E133/><V20/><F20/><W88/><G88/><T1/><D50/><U52/><E40/><V24/><F24/><W115/><G115/><T77/><D77/><N who="2" m="29770" /><F16/><N who="0" m="6218" /><D8/><U102/><REACH who="1" step="1"/><E35/><REACH who="1" ten="301,271,171,247" step="2"/><V135/><F135/><W132/><G132/><T134/><D134/><U60/><E60/><V91/><F109/><W123/><G123/><T70/><D70/><U9/><E9/><V83/><F37/><W92/><G36/><T64/><D64/><U21/><E21/><V42/><F42/><W69/><G69/><T118/><D118/><U22/><E22/><V99/><F99/><W38/><G38/><T0/><D23/><U114/><E114/><V71/><F71/><W33/><G49/><T85/><D25/><U26/><E26/><V94/><F82/><AGARI ba="0,1" hai="7,10,14,39,41,45,52,56,61,82,87,89,100,102" machi="82" ten="30,8000,1" yaku="1,1,7,1,52,1,54,1,53,1" doraHai="11" doraHaiUra="81" who="1" fromWho="2" sc="301,0,271,90,171,-80,247,0" /><INIT seed="4,0,0,0,4,84" ten="301,361,91,247" oya="0" hai0="35,103,108,50,76,125,65,38,23,117,83,114,127" hai1="100,22,98,62,118,131,115,74,90,10,99,87,71" hai2="135,128,111,64,40,42,8,54,95,73,96,41,6" hai3="86,85,0,112,11,18,81,78,47,134,14,133,1"/><T28/><D38/><U57/><E118/><V63/><F111/><W29/><G112/><T68/><D117/><U75/><E71/><V7/><F128/><W56/><G29/><T4/><D35/><U66/><E131/><V34/><F135/><N who="3" m="51723" /><G56/><T110/><D103/><U17/><E10/><V69/><F73/><W61/><G61/><N who="0" m="39983" /><D4/><U79/><E79/><V97/><F34/><W67/><G67/><T132/><D50/><U53/><E66/><V49/><F8/><W9/><G47/><T101/><D101/><U106/><E115/><V26/><F26/><W92/><G9/><T16/><D28/><U107/><E107/><V116/><F116/><W52/><G52/><T119/><D114/><U46/><E46/><V48/><F48/><W39/><G39/><T70/><D70/><U44/><E44/><V129/><F129/><W123/><G123/><T77/><D77/><U31/><E31/><V32/><F32/><W80/><G92/><T122/><D122/><U82/><REACH who="1" step="1"/><E99/><REACH who="1" ten="301,351,91,247" step="2"/><V20/><F96/><W124/><G78/><T88/><D76/><U121/><E121/><V21/><F6/><W19/><G11/><T109/><D119/><U15/><AGARI ba="0,1" hai="15,17,22,53,57,62,74,75,82,87,90,98,100,106" machi="15" ten="20,5200,0" yaku="1,1,0,1,7,1,52,1,53,0" doraHai="84" doraHaiUra="25" who="1" fromWho="1" sc="301,-26,351,62,91,-13,247,-13" /><INIT seed="5,0,0,0,5,16" ten="275,413,78,234" oya="1" hai0="10,120,91,135,60,70,96,130,51,90,39,78,21" hai1="20,112,46,86,26,67,50,59,65,128,29,38,11" hai2="31,76,17,18,5,119,14,13,27,92,114,88,133" hai3="82,15,25,109,124,68,101,47,7,116,72,84,0"/><U36/><E128/><V98/><F119/><W22/><G109/><T30/><D39/><U8/><E112/><V122/><F122/><W87/><G68/><T53/><D78/><U44/><E36/><V56/><F133/><W35/><G0/><T24/><D130/><U81/><E38/><V58/><F114/><W99/><G116/><T127/><D127/><U57/><E59/><V83/><F5/><W104/><G124/><T1/><D135/><U126/><E46/><V89/><F89/><W93/><G35/><T100/><D120/><U42/><E126/><V108/><F108/><W75/><G47/><T95/><D1/><U77/><REACH who="1" step="1"/><E57/><REACH who="1" ten="275,403,78,234" step="2"/><V74/><F56/><W85/><G104/><T105/><D105/><U110/><E110/><V19/><REACH who="2" step="1"/><F58/><REACH who="2" ten="275,403,68,234" step="2"/><W43/><G7/><T73/><D70/><U102/><E102/><V125/><F125/><W3/><G101/><T69/><D69/><U33/><E33/><AGARI ba="0,2" hai="13,14,17,18,19,27,31,33,74,76,83,88,92,98" machi="33" ten="40,2600,0" yaku="1,1,54,1,53,0" doraHai="16" doraHaiUra="6" who="2" fromWho="1" sc="275,0,403,-26,68,46,234,0" /><INIT seed="6,0,0,3,5,40" ten="275,377,114,234" oya="2" hai0="47,106,81,112,84,7,83,134,114,88,38,103,122" hai1="54,109,99,94,78,37,118,72,91,90,2,49,124" hai2="130,0,77,44,119,48,59,128,34,100,10,36,129" hai3="66,23,115,51,46,5,29,9,101,92,127,80,41"/><V65/><F119/><W1/><G127/><T20/><D7/><U105/><E118/><V108/><F108/><W107/><G107/><T4/><D4/><U116/><E116/><V79/><F34/><W97/><G115/><N who="0" m="44075" /><D122/><U52/><E37/><V76/><F100/><W126/><G126/><T8/><D8/><U26/><E2/><V110/><F110/><W19/><G66/><T50/><D38/><U35/><E105/><V45/><F36/><W111/><G111/><T55/><D134/><U113/><E78/><V56/><F0/><W13/><G80/><N who="0" m="49159" /><D20/><U15/><E35/><V98/><F98/><AGARI ba="0,0" hai="47,50,55,81,83,98,103,106" m="49159,44075" machi="98" ten="30,3900,0" yaku="15,1,52,1,54,1" doraHai="40" who="0" fromWho="2" sc="275,39,377,0,114,-39,234,0" /><INIT seed="7,0,0,3,0,15" ten="314,377,75,234" oya="3" hai0="21,101,14,112,73,27,49,12,131,32,113,60,100" hai1="39,89,25,65,74,116,37,0,79,115,107,124,45" hai2="69,46,135,118,9,64,76,123,34,67,109,133,30" hai3="5,44,31,110,103,2,11,50,1,75,56,36,59"/><W106/><G2/><T114/><D73/><U66/><E0/><V38/><F118/><W126/><G126/><T17/><D131/><U62/><E107/><V104/><F109/><W7/><G110/><T102/><D32/><U108/><E79/><V94/><F104/><W91/><G5/><T55/><REACH who="0" step="1"/><D60/><REACH who="0" ten="304,377,75,234" step="2"/><U77/><E74/><V40/><F123/><W4/><G4/><T82/><D82/><U10/><E62/><V22/><F76/><W84/><G75/><T119/><D119/><U129/><E77/><V130/><F130/><W35/><G36/><T93/><D93/><U120/><E37/><V86/><F34/><W134/><G134/><T72/><D72/><U8/><E39/><V26/><F9/><W58/><G106/><T18/><D18/><U92/><E8/><V117/><F117/><W98/><G35/><T96/><D96/><U3/><E10/><V57/><F69/><W47/><G31/><T63/><D63/><U105/><E92/><V71/><F71/><W87/><G50/><T99/><D99/><U54/><E105/><V24/><F133/><W41/><G41/><T33/><D33/><U29/><E29/><V20/><F135/><W70/><G70/><T42/><D42/><U61/><E116/><V97/><F86/><N who="3" m="32811" /><G103/><T80/><D80/><U83/><E83/><V6/><F6/><W28/><G28/><T81/><D81/><U125/><E129/><V85/><F85/><W52/><G52/><T43/><D43/><U88/><E54/><V19/><F57/><AGARI ba="0,1" hai="12,14,17,21,27,49,55,57,100,101,102,112,113,114" machi="57" ten="50,8000,1" yaku="1,1,15,1,11,1,52,1,53,0" doraHai="15" doraHaiUra="95" who="0" fromWho="2" sc="304,90,377,0,75,-80,234,0" owari="394,50.0,377,18.0,-5,-51.0,234,-17.0" /></mjloggm>