<mjloggm ver="2.3"><GO type="169" lobby="0"/><UN n0="%4E%6E%31%33%34" n1="%E7%AB%8B%E8%8F%AF%E5%A5%8F" n2="%E3%83%90%E3%82%A4%E3%82%A2%E3%83%A9%E3%83%B3" n3="%E3%82%A6%E3%83%AB%E3%83%88%E3%83%A9%E7%AB%8B%E7%9B%B4" dan="17,17,17,17" rate="2190.91,2214.34,2164.90,2171.65" sx="M,F,M,M"/><TAIKYOKU oya="0"/><INIT seed="0,0,0,5,1,42" ten="250,250,250,250" oya="0" hai0="29,45,129,60,39,132,32,62,114,9,4,56,36" hai1="72,28,109,133,47,11,0,96,17,13,24,123,97" hai2="95,79,122,124,6,18,130,15,55,48,127,121,61" hai3="75,25,26,33,43,101,69,57,1,34,35,22,20"/><T41/><D114/><U125/><E109/><V74/><F6/><W89/><G69/><T131/><D132/><U59/><E133/><V19/><F19/><W81/><G101/><T68/><D68/><U115/><E115/><V64/><F79/><W134/><G134/><T51/><D29/><U119/><E119/><V90/><F74/><W84/><G1/><T66/><D32/><U2/><E123/><V111/><F111/><W78/><G57/><N who="0" m="37135" /><D9/><U87/><E72/><V106/><F106/><W94/><REACH who="3" step="1"/><G43/><REACH who="3" ten="250,250,250,240" step="2"/><T117/><D117/><U7/><E0/><V67/><F122/><W76/><G76/><T27/><D131/><U46/><E59/><N who="2" m="33255" /><F130/><W58/><G58/><T112/><D129/><U54/><E2/><V113/><F121/><W91/><G91/><T5/><D112/><U71/><E71/><V104/><F113/><W126/><G126/><T3/><D3/><U92/><E125/><V73/><F127/><W93/><G93/><T49/><D56/><U52/><E92/><V31/><F124/><W120/><G120/><T63/><D41/><U86/><E97/><N who="2" m="57591" /><F104/><W8/><G8/><T14/><D63/><U77/><E96/><V30/><F61/><W70/><G70/><T83/><D62/><U40/><E77/><V65/><F73/><W23/><AGARI ba="0,1" hai="20,22,23,25,26,33,34,35,75,78,81,84,89,94" machi="23" ten="40,2700,0" yaku="1,1,0,1,53,0" doraHai="42" doraHaiUra="110" who="3" fromWho="3" sc="250,-13,250,-7,250,-7,240,37" /><INIT seed="1,0,0,1,5,115" ten="237,243,243,277" oya="1" hai0="122,93,12,71,130,62,19,83,38,43,82,107,73" hai1="39,86,16,69,121,97,125,75,129,17,103,91,124" hai2="66,90,46,70,61,132,57,4,110,101,0,10,79" hai3="59,47,55,89,37,7,32,14,44,20,78,84,22"/><U13/><E75/><V80/><F110/><W119/><G32/><T112/><D107/><U120/><E39/><V8/><F132/><W113/><G78/><T64/><D112/><U1/><E1/><V128/><F128/><W116/><G113/><T76/><D130/><U88/><E69/><V15/><F101/><W111/><G111/><T53/><D122/><U135/><E129/><V35/><F35/><W49/><G22/><T18/><D83/><U117/><E135/><V26/><F26/><W30/><G30/><T108/><D108/><U74/><E74/><V27/><F27/><W105/><G105/><T95/><D19/><U99/><E13/><V34/><F34/><W92/><G37/><T96/><D53/><U31/><E86/><V28/><F28/><W68/><G68/><T54/><D54/><U11/><E31/><V65/><F46/><N who="3" m="17451" /><G7/><T33/><D33/><U134/><E134/><V100/><F100/><W40/><G40/><T85/><D43/><U87/><E87/><V109/><F109/><W133/><G133/><T50/><D38/><U56/><E103/><V6/><F70/><W126/><G126/><T48/><D85/><U42/><E42/><V24/><F24/><W60/><G60/><T5/><D5/><U77/><E77/><V104/><F104/><W51/><G51/><N who="0" m="19499" /><D96/><U21/><E21/><V25/><F25/><W72/><G72/><T45/><D45/><U118/><E56/><V29/><F29/><W127/><G127/><T52/><D71/><U58/><E58/><V106/><F57/><W94/><G94/><T98/><D95/><RYUUKYOKU ba="0,0" sc="237,-15,243,15,243,-15,277,15" hai1="11,16,17,88,91,97,99,117,118,120,121,124,125" hai3="14,20,49,55,59,84,89,92,116,119" /><INIT seed="1,1,0,4,2,7" ten="222,258,228,292" oya="1" hai0="92,16,101,85,58,38,5,35,116,80,70,10,17" hai1="104,49,20,45,15,13,103,126,53,79,30,107,95" hai2="27,98,131,135,132,9,76,96,88,8,42,48,128" hai3="134,64,94,40,130,1,25,68,99,0,51,72,57"/><U133/><E126/><V33/><F76/><W54/><G72/><T59/><D116/><U19/><E133/><N who="2" m="51275" /><F42/><W50/><G134/><T2/><D70/><U56/><E79/><V62/><F48/><W111/><G111/><T52/><D35/><U75/><E75/><V37/><F37/><W78/><G78/><T86/><D38/><U84/><E30/><N who="2" m="19679" /><F62/><W21/><G130/><N who="2" m="49705" /><F88/><W26/><G51/><T32/><D32/><U112/><E45/><V124/><F124/><W83/><G40/><T97/><D59/><U118/><E118/><V24/><F24/><W66/><G26/><T41/><D41/><U47/><E47/><V114/><F114/><W109/><G66/><T11/><D80/><U121/><E112/><V31/><F31/><W110/><G83/><T14/><REACH who="0" step="1"/><D17/><REACH who="0" ten="212,258,228,292" step="2"/><U22/><E56/><V122/><F122/><W3/><G68/><T73/><D73/><U117/><E121/><V18/><F18/><W102/><REACH who="3" step="1"/><G64/><REACH who="3" ten="212,258,228,282" step="2"/><T44/><D44/><U81/><E81/><V34/><F34/><W127/><G127/><T82/><D82/><U74/><E74/><V119/><F119/><W108/><G108/><T60/><AGARI ba="1,2" hai="2,5,10,11,14,16,52,58,60,85,86,92,97,101" machi="60" ten="20,12000,2" yaku="1,1,0,1,7,1,52,2,54,2,53,0" doraHai="7" doraHaiUra="43" who="0" fromWho="0" sc="212,143,258,-61,228,-31,282,-31" /><INIT seed="2,0,0,0,5,131" ten="355,197,197,251" oya="2" hai0="2,22,70,134,23,99,82,66,133,25,33,113,14" hai1="92,26,46,112,16,45,34,56,12,30,3,63,59" hai2="13,126,103,94,60,116,111,48,32,115,28,78,10" hai3="101,53,1,122,47,89,85,55,19,73,44,67,72"/><V49/><F116/><W102/><G67/><T57/><D113/><U125/><E112/><V51/><F115/><W117/><G1/><T7/><D70/><U65/><E125/><V38/><F38/><W24/><G117/><T104/><D2/><U29/><E29/><V37/><F37/><W108/><G108/><T0/><D0/><U74/><E74/><V42/><F126/><W71/><G71/><T31/><D82/><U100/><E3/><V40/><F78/><W84/><G24/><T106/><D57/><U129/><E129/><V119/><F119/><W64/><G64/><T69/><D23/><U21/><REACH who="1" step="1"/><E56/><REACH who="1" ten="355,187,197,251" step="2"/><V130/><F130/><W93/><G73/><T88/><D31/><U79/><E79/><V109/><F28/><W76/><G72/><T83/><D69/><U43/><E43/><V77/><F77/><W68/><G68/><T9/><D33/><U27/><E27/><V75/><F32/><W118/><G118/><T18/><D25/><U107/><E107/><V5/><F75/><W36/><G76/><T8/><D106/><U35/><E35/><V132/><F42/><W80/><G122/><T52/><D104/><U123/><E123/><V50/><F40/><W98/><G44/><T6/><D6/><U127/><E127/><V4/><F109/><W11/><G47/><T86/><D7/><U124/><E124/><V62/><F4/><W91/><G19/><T97/><D18/><U105/><E105/><V120/><F120/><W110/><G110/><T20/><D14/><U96/><AGARI ba="0,1" hai="12,16,21,26,30,34,45,46,59,63,65,92,96,100" machi="96" ten="30,4000,0" yaku="1,1,0,1,54,1,53,0" doraHai="131" doraHaiUra="87" who="1" fromWho="1" sc="355,-10,187,50,197,-20,251,-10" /><INIT seed="3,0,0,5,2,83" ten="345,237,177,241" oya="3" hai0="29,79,41,39,102,88,118,120,111,34,53,21,87" hai1="11,22,128,40,32,54,92,126,46,63,38,70,96" hai2="123,73,106,19,25,122,69,4,81,129,130,74,93" hai3="121,97,16,23,71,85,57,7,99,107,84,75,9"/><W31/><G71/><T55/><D118/><U133/><E32/><V58/><F4/><W10/><G75/><T5/><D34/><U108/><E108/><V48/><F69/><W67/><G31/><T52/><D120/><N who="2" m="46122" /><F25/><N who="3" m="14567" /><G107/><T113/><D39/><U49/><E126/><V125/><F19/><W90/><G121/><T127/><D41/><U116/><E116/><V115/><F115/><W15/><G10/><T104/><D5/><U110/><E110/><V80/><F106/><W45/><G45/><T12/><D127/><U37/><E128/><N who="2" m="49259" /><F125/><W77/><G77/><T91/><D113/><U78/><E78/><V8/><F8/><W14/><G14/><T30/><D111/><U112/><E11/><V18/><F18/><W124/><G124/><T6/><D6/><U95/><E112/><V1/><F1/><W82/><G85/><T36/><D30/><U119/><E119/><V68/><F68/><W103/><G103/><T24/><D12/><U26/><E70/><V72/><F58/><W42/><G42/><T98/><REACH who="0" step="1"/><D36/><REACH who="0" ten="335,237,177,241" step="2"/><U132/><E37/><V60/><F73/><W66/><G57/><T105/><D105/><U2/><E38/><V86/><F72/><W135/><G135/><T20/><D20/><U51/><E133/><V117/><F74/><W61/><G61/><T47/><D47/><U62/><E132/><V56/><F117/><W131/><G131/><T35/><D35/><U27/><E63/><V76/><F60/><W0/><G0/><T3/><D3/><U134/><E62/><V43/><F43/><W101/><G101/><T100/><D100/><RYUUKYOKU ba="0,1" sc="335,15,237,-15,177,-15,241,15" hai0="21,24,29,52,53,55,79,87,88,91,98,102,104" hai3="7,9,15,66,67,82,84,90,97,99" /><INIT seed="3,1,1,4,2,118" ten="350,222,162,256" oya="3" hai0="8,113,128,18,107,120,58,72,104,129,127,30,43" hai1="60,46,86,32,106,64,83,27,28,73,100,124,110" hai2="98,5,77,10,70,119,39,44,112,24,33,89,80" hai3="82,61,19,125,96,103,79,36,90,75,31,91,42"/><W93/><G125/><T95/><D72/><U62/><E124/><V131/><F112/><W71/><G31/><T26/><D127/><U16/><E110/><V84/><F131/><N who="0" m="50250" /><D120/><U17/><E73/><V56/><F70/><W23/><G42/><T87/><D43/><U57/><E46/><V117/><F44/><W67/><REACH who="3" step="1"/><G36/><REACH who="3" ten="350,222,162,246" step="2"/><T101/><D30/><U92/><E106/><V51/><F39/><W69/><G69/><T49/><D104/><U85/><E60/><V74/><F119/><W7/><G7/><T88/><D107/><U25/><E28/><V63/><F117/><W65/><G65/><T53/><D113/><U132/><E64/><V9/><F5/><W111/><G111/><T102/><D8/><U94/><E17/><V76/><F9/><W109/><G109/><T1/><D1/><U47/><E16/><V37/><F10/><W130/><G130/><T105/><D105/><U68/><E68/><V40/><F37/><W97/><G97/><T6/><D6/><U35/><E35/><V50/><F98/><W41/><G41/><T21/><AGARI ba="1,2" hai="18,21,26,49,53,58,87,88,95,101,102" m="50250" machi="21" ten="30,2000,0" yaku="19,1,54,1" doraHai="118" who="0" fromWho="0" sc="350,43,222,-6,162,-6,246,-11" /><INIT seed="4,0,0,4,0,60" ten="393,216,156,235" oya="0" hai0="89,22,85,29,81,92,108,38,105,0,104,68,43" hai1="56,82,26,130,17,54,101,87,71,3,65,31,127" hai2="114,62,109,11,94,47,61,46,122,135,34,125,98" hai3="84,39,75,107,131,119,74,121,19,115,14,37,32"/><T77/><D0/><U103/><E3/><V102/><F109/><W66/><G84/><T129/><D129/><U55/><E127/><V110/><F110/><W112/><G14/><T41/><D68/><U91/><E130/><V53/><F34/><W80/><G19/><T49/><D38/><N who="3" m="14345" /><G80/><T69/><D69/><U25/><E71/><V2/><F125/><W13/><G13/><T15/><D105/><U95/><E17/><V1/><F1/><W128/><G32/><T90/><D104/><U99/><E103/><V93/><F102/><W59/><G107/><T28/><D90/><U51/><E25/><V120/><F98/><W42/><G42/><N who="0" m="15883" /><D49/><U35/><REACH who="1" step="1"/><E51/><REACH who="1" ten="393,206,156,235" step="2"/><V88/><F2/><W24/><G131/><T44/><D108/><U133/><E133/><V18/><F135/><W113/><G24/><T70/><D70/><U12/><E12/><V97/><F18/><W111/><G128/><T30/><D15/><U86/><E86/><V36/><F36/><W83/><G111/><T57/><D85/><U27/><E27/><V9/><F97/><W6/><G113/><T124/><D124/><U132/><E132/><V21/><F114/><W123/><G115/><T100/><D100/><U5/><E5/><V10/><F10/><W67/><G112/><T63/><D30/><U50/><E50/><V106/><F11/><W64/><G6/><T52/><D29/><U45/><E45/><V4/><F47/><W117/><G59/><T96/><D57/><U16/><E16/><V118/><F4/><W134/><G134/><T72/><D28/><U20/><E20/><RYUUKYOKU ba="0,1" sc="393,-10,206,30,156,-10,235,-10" hai1="26,31,35,54,55,56,65,82,87,91,95,99,101" /><INIT seed="5,1,1,1,1,3" ten="383,236,146,225" oya="1" hai0="109,32,56,129,45,6,50,55,74,48,93,51,77" hai1="78,126,105,34,108,58,81,25,36,63,114,4,76" hai2="111,135,68,18,119,54,38,19,26,90,86,29,2" hai3="33,118,70,131,11,44,39,75,1,122,69,57,17"/><U130/><E105/><V7/><F111/><W120/><G57/><T113/><D109/><U133/><E108/><V89/><F119/><W10/><G17/><T132/><D32/><U99/><E36/><V98/><F135/><W83/><G11/><T30/><D30/><U95/><E133/><V79/><F68/><N who="3" m="26219" /><G33/><T22/><D22/><U14/><E114/><V71/><F71/><W115/><G115/><T21/><D21/><U127/><E130/><V13/><F38/><W112/><G112/><T47/><D93/><U5/><E14/><V65/><F65/><W101/><G101/><T124/><D129/><U94/><E25/><V91/><F19/><W106/><G106/><T134/><D77/><N who="1" m="29803" /><E81/><V0/><F79/><N who="3" m="44543" /><G131/><T110/><D74/><U128/><E128/><V35/><F98/><W27/><G27/><T46/><D110/><U67/><E34/><V15/><F54/><W103/><G103/><T20/><D113/><U72/><E72/><V12/><F0/><W123/><G118/><T23/><D134/><U85/><E85/><V107/><F107/><W42/><G123/><T37/><D37/><U53/><E67/><V59/><F59/><W24/><G24/><T40/><D132/><U73/><E73/><V116/><F116/><W8/><G8/><T96/><D56/><U60/><E60/><V9/><REACH who="2" step="1"/><F86/><REACH who="2" ten="383,236,136,225" step="2"/><W102/><G102/><T28/><D55/><U16/><E16/><V84/><F84/><W49/><G39/><T100/><D100/><U80/><E99/><V88/><N who="2" m="22528" /><DORA hai="43" /><V117/><F117/><W62/><G62/><T61/><D61/><RYUUKYOKU ba="1,2" sc="383,-15,236,-15,136,15,225,15" hai2="2,7,9,12,13,15,18,26,29,35" hai3="1,10,42,44,49,120,122" /><INIT seed="6,2,2,4,3,7" ten="368,221,151,240" oya="2" hai0="1,53,39,93,20,78,30,11,79,15,104,17,38" hai1="47,2,109,113,23,88,6,70,16,62,85,19,87" hai2="110,101,107,112,64,105,118,14,48,120,135,86,32" hai3="26,69,49,61,103,9,89,102,76,24,84,35,12"/><V80/><F118/><W10/><G76/><T121/><D104/><N who="2" m="40010" /><F32/><W74/><G74/><T71/><D71/><U44/><E109/><V130/><F64/><W82/><G35/><T60/><D121/><U97/><E113/><V98/><F48/><W81/><G69/><T75/><D75/><U67/><E97/><V132/><F120/><W41/><G81/><T59/><D39/><U72/><E72/><V95/><F14/><W22/><G61/><T77/><D38/><U131/><E131/><V56/><F56/><W28/><G26/><N who="0" m="16711" /><D1/><U50/><E87/><V114/><F130/><W29/><G29/><T134/><D134/><N who="2" m="51242" /><F110/><W94/><G82/><T115/><D115/><U91/><E85/><V117/><F117/><W0/><G0/><T45/><D93/><U90/><E23/><V122/><F122/><W111/><G111/><T36/><D36/><U42/><REACH who="1" step="1"/><E44/><AGARI ba="2,2" hai="11,15,17,44,45,53,59,60,77,78,79" m="16711" machi="44" ten="30,2000,0" yaku="8,1,52,1" doraHai="7" who="0" fromWho="1" sc="368,46,221,-26,151,0,240,0" /><INIT seed="7,0,0,5,5,93" ten="414,195,151,240" oya="3" hai0="115,7,123,81,61,3,53,130,85,110,91,83,118" hai1="71,32,17,19,95,10,62,77,13,40,39,60,46" hai2="121,16,20,132,94,63,4,0,42,103,34,30,80" hai3="18,127,76,135,54,129,8,27,6,112,47,125,74"/><W114/><G76/><T28/><D110/><U52/><E32/><V119/><F119/><W21/><G74/><T111/><D111/><U65/><E77/><V113/><F113/><N who="3" m="43627" /><G54/><T33/><D115/><U67/><E95/><V12/><F132/><W84/><G84/><T120/><D118/><U2/><E2/><V102/><F121/><W79/><G47/><T56/><D130/><U107/><E107/><V15/><F42/><W69/><G69/><T37/><D37/><U26/><E52/><V49/><F49/><W75/><G79/><T78/><D7/><U58/><E26/><V124/><F15/><N who="3" m="5527" /><G75/><T72/><REACH who="0" step="1"/><D3/><REACH who="0" ten="404,195,151,240" step="2"/><U22/><E39/><V25/><F124/><N who="3" m="47691" /><G135/><T131/><D131/><AGARI ba="0,1" hai="18,21,27,129,131" m="47691,5527,43627" machi="131" ten="40,12000,1" yaku="15,1,18,1,34,2" doraHai="93" who="3" fromWho="0" sc="404,-120,195,0,151,0,240,130" owari="284,8.0,195,-20.0,151,-35.0,370,47.0" /></mjloggm>