<mjloggm ver="2.3"><GO type="169" lobby="0"/><UN n0="%E5%B0%B1%E6%B4%BB%E7%94%9F%40%E5%B7%9D%E6%9D%91%E8%BB%8D%E5%9B%A3" n1="%61%74%E6%9D%B1%E5%B1%B1%E5%A5%88%E5%A4%AE" n2="%E5%88%87%E3%82%8A%E6%9C%AD" n3="%70%6F%70%E2%98%86%63%6F%72%6E" dan="16,16,17,16" rate="2144.36,2104.55,2131.91,2134.97" sx="M,M,M,M"/><TAIKYOKU oya="0"/><INIT seed="0,0,0,2,4,128" ten="250,250,250,250" oya="0" hai0="33,80,50,38,73,63,47,98,26,94,30,16,34" hai1="45,120,82,119,58,28,32,39,13,95,90,91,54" hai2="78,15,11,12,135,97,5,85,56,25,6,70,48" hai3="53,118,131,61,3,88,109,68,41,29,89,65,96"/><T108/><D38/><U117/><E120/><V17/><F70/><W24/><G118/><T121/><D121/><U23/><E32/><V107/><F107/><W110/><G3/><T72/><D34/><U134/><E82/><N who="2" m="47319" /><F135/><W36/><G131/><T9/><D108/><N who="3" m="41577" /><G53/><T129/><D63/><U37/><E134/><V122/><F122/><W1/><G1/><T69/><D69/><U22/><E54/><N who="2" m="31815" /><F97/><W66/><G66/><T64/><D64/><U77/><E39/><V124/><F124/><W75/><G75/><T132/><D132/><U83/><E37/><V4/><F25/><W10/><G10/><AGARI ba="0,0" hai="4,5,6,10,11,12,15,17" m="31815,47319" machi="10" ten="30,1000,0" yaku="8,1" doraHai="128" who="2" fromWho="3" sc="250,0,250,0,250,10,250,-10" /><INIT seed="1,0,0,5,2,77" ten="250,250,260,240" oya="1" hai0="61,1,12,10,26,67,91,132,127,42,120,76,31" hai1="6,38,103,63,53,111,23,128,123,8,33,89,85" hai2="21,134,117,64,122,97,121,50,78,44,4,130,35" hai3="16,74,92,105,90,96,62,69,5,98,9,83,55"/><U109/><E33/><V3/><F35/><W118/><G118/><T47/><D1/><U15/><E123/><V110/><F117/><W72/><G69/><T27/><D120/><U119/><E119/><V0/><F64/><W112/><G112/><T87/><D127/><U65/><E128/><V34/><F34/><W68/><G68/><T2/><D2/><U36/><E53/><V7/><F130/><W60/><G55/><T11/><D76/><U25/><E103/><V46/><F78/><N who="3" m="44487" /><G98/><T49/><D132/><U95/><E23/><V40/><F97/><W58/><G74/><T100/><D100/><U59/><REACH who="1" step="1"/><E25/><REACH who="1" ten="250,240,260,240" step="2"/><V43/><F21/><W13/><G60/><T116/><D116/><U73/><E73/><V124/><F122/><W81/><G62/><T84/><D26/><U125/><E125/><V14/><F124/><W113/><G113/><T94/><D27/><U41/><E41/><V107/><F40/><W57/><G9/><T29/><D11/><U104/><E104/><V129/><F107/><W24/><G105/><T28/><D61/><U56/><E56/><V114/><F114/><W101/><G58/><T106/><D106/><U99/><E99/><V82/><F43/><W115/><G57/><T135/><D67/><U51/><E51/><V20/><F50/><W39/><G115/><T88/><D135/><U66/><E66/><V37/><F134/><W93/><G24/><T18/><D31/><U80/><E80/><AGARI ba="0,1" hai="10,12,18,28,29,42,47,49,80,84,87,88,91,94" machi="80" ten="30,7700,0" yaku="7,1,8,1,52,1,54,1" doraHai="77" who="0" fromWho="1" sc="250,87,240,-77,260,0,240,0" /><INIT seed="2,0,0,1,2,75" ten="337,163,260,240" oya="2" hai0="74,15,117,17,6,115,27,121,69,89,67,31,25" hai1="98,45,12,77,30,36,83,21,82,80,92,56,37" hai2="9,29,66,54,26,38,91,50,60,47,134,114,73" hai3="51,94,24,123,104,48,58,40,42,113,11,79,4"/><V14/><F134/><W22/><G104/><T10/><D74/><U70/><E70/><V128/><F128/><W100/><G123/><T43/><D43/><U35/><E35/><V102/><F114/><W8/><G113/><T101/><D101/><U68/><E68/><V81/><F102/><W90/><G100/><T41/><D41/><N who="3" m="15977" /><G79/><T122/><D67/><U106/><E106/><V19/><F38/><W46/><G46/><T20/><D69/><U108/><E45/><V85/><F73/><W2/><G2/><T95/><D115/><U87/><E108/><V64/><REACH who="2" step="1"/><F60/><REACH who="2" ten="337,163,250,240" step="2"/><W76/><G48/><T59/><D117/><U65/><E37/><V78/><F78/><W71/><G76/><T119/><D119/><U105/><E36/><V49/><F49/><W84/><G51/><T52/><D121/><U124/><E77/><V96/><F96/><W110/><G110/><T109/><D109/><U103/><E98/><V72/><F72/><W0/><G84/><T28/><D122/><U5/><E87/><V18/><F18/><W16/><G16/><T53/><D28/><U44/><E30/><V55/><F55/><W57/><G4/><T125/><D53/><U111/><E5/><V13/><F13/><W88/><G90/><T39/><D39/><U32/><E103/><V118/><F118/><W107/><G88/><T127/><D31/><U116/><E116/><V120/><F120/><W23/><G0/><T86/><D27/><U34/><E111/><V129/><F129/><W133/><G24/><T132/><D132/><U61/><E12/><V112/><F112/><RYUUKYOKU ba="0,1" sc="337,15,163,-15,250,15,240,-15" hai0="6,10,15,17,20,25,52,59,86,89,95,125,127" hai2="9,14,19,26,29,47,50,54,64,66,81,85,91" /><INIT seed="2,1,1,4,4,78" ten="352,148,265,225" oya="2" hai0="79,82,26,91,117,13,20,7,100,124,86,40,113" hai1="65,103,17,72,63,46,9,123,52,61,106,116,66" hai2="22,55,107,133,16,35,97,105,102,75,62,104,125" hai3="85,49,121,3,126,48,36,96,129,130,57,30,135"/><V54/><F35/><W68/><G3/><T128/><D113/><U41/><E116/><V0/><F0/><W6/><G6/><T76/><D117/><U11/><E72/><V118/><F118/><W93/><G36/><T92/><D128/><N who="3" m="49257" /><G68/><T90/><D124/><U132/><E106/><V45/><F125/><W114/><G114/><T58/><D40/><U98/><E132/><V74/><F133/><W19/><G30/><T21/><D100/><U33/><E33/><V111/><F111/><W73/><G57/><T122/><D122/><U50/><E123/><V1/><F1/><W112/><G19/><N who="0" m="10351" /><D58/><N who="1" m="35015" /><E63/><V134/><F134/><W8/><G73/><T37/><D7/><U131/><E131/><V89/><F75/><W47/><G47/><T2/><D2/><U32/><E32/><V51/><F74/><W24/><G112/><T38/><D38/><U64/><E103/><V25/><F62/><W71/><G71/><T60/><D60/><U53/><E98/><V77/><F102/><N who="3" m="60687" /><G121/><T56/><D56/><N who="1" m="32823" /><E17/><V88/><F97/><W12/><G126/><T101/><D37/><U127/><E127/><V119/><F119/><W34/><G34/><T43/><D101/><U39/><E39/><V10/><F107/><W18/><G135/><T108/><D43/><U70/><E70/><V83/><F105/><W5/><G48/><T14/><D108/><U81/><E46/><V4/><F104/><W87/><G49/><T109/><D109/><U67/><E41/><V69/><F69/><W28/><G28/><N who="0" m="17487" /><D14/><U84/><N who="1" m="16384" /><DORA hai="44" /><U27/><E27/><V110/><F110/><RYUUKYOKU ba="1,1" sc="352,10,148,10,265,-30,225,10" hai0="76,79,82,86,90,91,92" hai1="9,11,81,84" hai3="5,8,12,18,24,85,87" /><INIT seed="3,2,1,2,3,58" ten="362,158,235,235" oya="3" hai0="61,46,39,9,31,110,107,77,87,3,44,99,20" hai1="49,92,129,121,80,59,127,28,125,116,132,100,70" hai2="118,104,94,35,117,64,34,36,40,83,133,88,25" hai3="1,89,68,82,19,4,30,86,14,13,120,122,124"/><W126/><G68/><T79/><D110/><U10/><E70/><V62/><F104/><W53/><G30/><T47/><D39/><U26/><E121/><V12/><F133/><W75/><G75/><T5/><D87/><U56/><E132/><V108/><F108/><W22/><G1/><T55/><D31/><U115/><E115/><V15/><F83/><W81/><G81/><T73/><D20/><U23/><E129/><V119/><F40/><W130/><G130/><T42/><D42/><U101/><E116/><V93/><F93/><W45/><G13/><T135/><D73/><U43/><E80/><V60/><F36/><W50/><REACH who="3" step="1"/><G4/><REACH who="3" ten="362,158,235,225" step="2"/><T91/><D135/><U37/><E28/><V66/><F119/><W41/><G41/><T95/><D107/><U48/><E43/><V32/><F25/><W96/><G96/><T74/><D74/><U131/><E26/><V112/><F118/><W72/><G72/><T84/><D99/><U97/><E97/><V0/><F0/><W21/><G21/><T113/><D113/><U102/><E23/><V57/><F112/><W105/><G105/><T27/><D27/><U29/><E131/><V33/><F117/><W7/><G7/><T71/><D71/><U78/><E29/><V76/><F33/><W2/><G2/><T90/><D90/><U6/><E37/><V63/><F88/><W24/><G24/><T106/><D106/><U65/><E6/><V52/><F35/><W67/><G67/><T134/><D134/><U103/><E65/><V114/><F66/><W18/><G18/><T17/><D17/><RYUUKYOKU ba="2,2" sc="362,15,158,-15,235,-15,225,15" hai0="3,5,9,44,46,47,55,61,77,79,84,91,95" hai3="14,19,22,45,50,53,82,86,89,120,122,124,126" /><INIT seed="3,3,2,5,4,65" ten="377,143,220,240" oya="3" hai0="85,106,46,36,122,29,62,5,3,51,78,102,96" hai1="12,127,119,19,48,94,37,33,82,50,107,18,53" hai2="1,131,87,30,80,9,76,91,75,97,41,84,28" hai3="109,116,69,44,100,112,118,15,67,55,26,49,61"/><W35/><G15/><T21/><D122/><U73/><E107/><V72/><F131/><W43/><G100/><T32/><D32/><U86/><E37/><V129/><F129/><W22/><G35/><T13/><D36/><U132/><E33/><V104/><F41/><W117/><G112/><T105/><D105/><U42/><E132/><V14/><F1/><W108/><G22/><T99/><D99/><U77/><E127/><V47/><F47/><N who="3" m="28095" /><G26/><T110/><D62/><U134/><E134/><V52/><F75/><W57/><G57/><T20/><D29/><U135/><E135/><V25/><F72/><W93/><G93/><T111/><D3/><U60/><E119/><N who="3" m="30466" /><W83/><DORA hai="128" /><G83/><N who="0" m="47351" /><D20/><U121/><E73/><V92/><F104/><W70/><G70/><T89/><D89/><U71/><E71/><V81/><F25/><W27/><G27/><T98/><D98/><U0/><E0/><V88/><F28/><W4/><G4/><T38/><D38/><AGARI ba="3,2" hai="38,43,44,61,67,69,108,109" m="30466,28095" machi="38" ten="40,7700,0" yaku="34,2,52,1" doraHai="65,128" who="3" fromWho="0" sc="377,-86,143,0,220,0,240,106" /><INIT seed="3,4,0,4,5,37" ten="291,143,220,346" oya="3" hai0="106,92,115,133,54,31,49,4,130,100,16,96,25" hai1="41,114,64,20,102,27,26,19,104,1,28,5,10" hai2="66,129,108,76,105,0,63,8,82,86,47,109,65" hai3="68,89,67,35,58,30,3,23,42,34,56,128,117"/><W81/><G3/><T69/><D69/><U18/><E64/><V70/><F129/><W74/><G117/><T39/><D39/><U6/><E104/><V32/><F32/><W90/><G23/><N who="0" m="13543" /><D106/><U2/><E41/><V99/><F65/><W132/><G132/><T120/><D120/><U95/><E95/><V7/><REACH who="2" step="1"/><F47/><REACH who="2" ten="291,143,210,346" step="2"/><W55/><G67/><T80/><D130/><U22/><E114/><V131/><F131/><W13/><G128/><T116/><D115/><U122/><E122/><V45/><F45/><W11/><G68/><T113/><D113/><U17/><E102/><AGARI ba="4,1" hai="0,7,8,63,66,70,76,82,86,99,102,105,108,109" machi="102" ten="40,2600,0" yaku="1,1,53,1" doraHai="37" doraHaiUra="97" who="2" fromWho="1" sc="291,0,143,-38,210,48,346,0" /><INIT seed="4,0,0,1,5,48" ten="291,105,258,346" oya="0" hai0="115,124,41,127,103,27,98,16,29,70,8,3,112" hai1="79,26,32,37,30,88,9,22,68,99,109,21,82" hai2="135,5,119,106,6,38,84,54,105,110,2,73,7" hai3="23,25,117,51,46,101,15,24,116,62,55,111,94"/><T123/><D70/><U92/><E109/><V86/><F2/><W96/><G111/><T36/><D36/><U80/><E68/><V65/><F73/><W71/><G15/><N who="0" m="7271" /><D41/><U72/><E37/><V107/><F38/><W108/><G108/><T39/><D39/><U47/><E47/><V69/><F110/><W113/><G113/><N who="0" m="43595" /><D3/><U90/><E9/><V77/><F135/><W78/><G78/><T63/><D63/><U75/><REACH who="1" step="1"/><E90/><REACH who="1" ten="291,95,258,346" step="2"/><V122/><F69/><W121/><G71/><T128/><D123/><U44/><E44/><V125/><F122/><W87/><G121/><T12/><D128/><U18/><E18/><V13/><F5/><W97/><G117/><T129/><D129/><U56/><E56/><V91/><F91/><N who="3" m="53631" /><G116/><T64/><D127/><U93/><E93/><V57/><F125/><W81/><G81/><T134/><D124/><U132/><E132/><V50/><F119/><W60/><G46/><T35/><D134/><U120/><E120/><V61/><F6/><W4/><G4/><T104/><D12/><U67/><E67/><AGARI ba="0,1" hai="27,29,35,64,67,98,103,104" m="43595,7271" machi="67" ten="30,2900,0" yaku="15,1,54,1" doraHai="48" who="0" fromWho="1" sc="291,39,95,-29,258,0,346,0" /><INIT seed="4,1,0,1,0,25" ten="330,66,258,346" oya="0" hai0="2,80,89,20,12,74,134,120,40,125,101,45,78" hai1="98,42,5,66,39,17,91,131,104,112,68,82,100" hai2="121,75,41,93,124,8,129,106,128,123,38,103,96" hai3="51,127,87,99,133,122,29,110,3,4,54,1,135"/><T132/><D2/><U109/><E109/><V50/><F38/><W113/><G110/><T6/><D120/><U58/><E131/><N who="2" m="50251" /><F8/><W46/><G122/><T72/><D125/><U44/><E112/><V53/><F41/><W19/><G127/><T27/><D101/><U9/><E17/><V83/><F124/><W111/><G111/><T65/><D65/><U22/><E22/><V35/><F35/><W57/><G113/><T77/><D89/><U33/><E58/><N who="2" m="33079" /><F106/><W97/><G19/><T94/><D94/><U79/><E91/><V0/><F0/><W69/><G69/><T90/><D90/><U7/><E7/><V61/><F61/><W62/><G4/><T18/><D6/><U55/><E55/><V23/><F23/><W130/><G130/><T119/><D119/><U102/><E102/><V43/><F43/><N who="3" m="25055" /><G1/><T13/><D77/><AGARI ba="1,0" hai="75,77,83,93,96,103,121,123" m="33079,50251" machi="77" ten="30,1000,0" yaku="19,1" doraHai="25" who="2" fromWho="0" sc="330,-13,66,0,258,13,346,0" /><INIT seed="5,0,0,3,2,53" ten="317,66,271,346" oya="1" hai0="68,35,83,56,113,60,71,102,101,59,62,41,40" hai1="87,0,107,108,49,69,57,123,55,9,127,37,72" hai2="78,6,80,76,64,12,10,130,22,95,94,121,105" hai3="109,126,23,79,98,33,21,50,4,43,13,32,75"/><U47/><E123/><V66/><F105/><W51/><G109/><T8/><D8/><U100/><E72/><V14/><F130/><W82/><G98/><T134/><D83/><U61/><E108/><V38/><F38/><W104/><G104/><T120/><D35/><U58/><E127/><V93/><F121/><W88/><G88/><T118/><D120/><U28/><E69/><V86/><F78/><W48/><G126/><T17/><D17/><AGARI ba="0,0" hai="6,10,12,14,17,22,64,66,76,80,86,93,94,95" machi="17" ten="40,1300,0" yaku="8,1" doraHai="53" who="2" fromWho="0" sc="317,-13,66,0,271,13,346,0" /><INIT seed="6,0,0,3,3,23" ten="304,66,284,346" oya="2" hai0="133,30,115,22,36,31,83,89,71,87,6,98,92" hai1="70,107,51,62,63,66,86,12,110,114,20,128,3" hai2="79,8,122,96,41,113,108,127,64,26,130,19,97" hai3="135,11,55,15,103,43,119,39,132,112,73,109,75"/><V74/><F122/><W131/><G119/><T14/><D71/><U88/><E110/><V57/><F108/><W72/><G109/><T116/><D36/><U106/><E114/><V53/><F113/><W77/><G103/><T93/><D115/><U35/><E128/><V10/><F130/><W125/><G131/><T21/><D116/><U99/><E35/><V45/><F64/><W82/><G125/><T34/><D34/><U68/><E3/><V123/><F123/><W13/><G112/><T37/><D37/><U17/><E99/><V124/><F79/><W2/><G55/><T95/><D133/><N who="3" m="51273" /><G2/><T134/><D134/><U44/><E63/><N who="2" m="36271" /><F74/><N who="3" m="43319" /><G11/><N who="0" m="4471" /><D98/><U50/><E68/><V58/><F10/><W47/><AGARI ba="0,0" hai="13,15,39,43,47,72,73,75" m="43319,51273" machi="47" ten="40,1500,0" yaku="20,1" doraHai="23" who="3" fromWho="3" sc="304,-4,66,-4,284,-7,346,15" /><INIT seed="7,0,0,1,0,129" ten="300,62,277,361" oya="3" hai0="113,9,133,10,26,122,77,71,22,63,103,120,65" hai1="48,44,98,41,94,79,14,116,37,34,56,72,92" hai2="28,78,17,128,95,125,11,130,59,3,20,43,75" hai3="64,21,91,47,60,117,52,51,13,124,6,88,87"/><W40/><G124/><T104/><D77/><U30/><E116/><V69/><F69/><W107/><G107/><T123/><D113/><U19/><E34/><V35/><F125/><W93/><G117/><T38/><D38/><U46/><E30/><V7/><F43/><W36/><G91/><T73/><D73/><U33/><E33/><V24/><F95/><W50/><G6/><T4/><D103/><U31/><E31/><V82/><REACH who="2" step="1"/><F59/><REACH who="2" ten="300,62,267,361" step="2"/><N who="3" m="36895" /><G36/><T109/><D104/><U76/><E72/><V62/><F62/><W114/><G114/><T57/><D109/><U127/><E127/><V110/><F110/><W118/><G118/><T135/><D71/><U74/><E74/><V67/><F67/><W126/><G126/><T55/><D65/><U42/><E56/><V132/><F132/><N who="0" m="50762" /><D4/><U81/><E81/><V53/><F53/><W121/><G40/><T0/><D0/><U8/><E92/><V45/><F45/><W27/><G52/><T68/><D68/><U106/><E106/><V97/><F97/><W70/><G47/><T29/><AGARI ba="0,1" hai="9,10,22,26,29,55,57,63,120,122,123" m="50762" machi="29" ten="40,8000,1" yaku="20,1,52,3" doraHai="129" who="0" fromWho="0" sc="300,90,62,-20,267,-20,361,-40" owari="390,49.0,42,-46.0,247,-15.0,321,12.0" /></mjloggm>