<mjloggm ver="2.3"><GO type="169" lobby="0"/><UN n0="%E3%82%AD%E3%83%9F%E3%82%BF%E3%83%9E%E3%82%B4" n1="%E3%81%84%E3%81%9F%E3%83%92%E3%83%AD" n2="%E5%B0%B1%E6%B4%BB%E7%94%9F%40%E5%B7%9D%E6%9D%91%E8%BB%8D%E5%9B%A3" n3="%73%68%61%74%69%61%6E%61" dan="16,16,18,17" rate="2130.94,2165.17,2254.15,2183.40" sx="M,M,M,F"/><TAIKYOKU oya="0"/><INIT seed="0,0,0,4,4,67" ten="250,250,250,250" oya="0" hai0="17,58,4,113,72,93,5,94,77,95,107,73,128" hai1="122,10,40,43,115,84,8,28,78,30,27,108,102" hai2="21,47,35,36,54,130,76,65,69,83,26,37,23" hai3="19,16,114,33,116,121,6,131,66,38,110,132,89"/><T59/><D107/><U81/><E122/><V0/><F130/><W13/><G89/><T117/><D77/><U56/><E115/><V20/><F0/><W1/><G66/><T82/><D82/><U125/><E108/><V63/><F35/><W12/><G38/><T119/><D17/><U57/><E102/><V101/><F101/><W32/><G114/><T123/><D113/><U99/><E99/><V60/><F26/><W86/><G86/><T45/><D45/><U50/><E125/><V118/><F118/><W68/><G68/><T109/><D128/><U11/><E28/><V29/><F29/><W3/><G131/><T135/><D135/><U31/><E30/><V111/><F111/><W126/><G110/><T61/><D61/><U51/><E50/><V112/><F112/><W52/><G116/><N who="0" m="44619" /><D109/><U100/><E100/><V91/><F91/><W88/><G132/><T7/><D123/><U74/><E74/><AGARI ba="0,0" hai="4,5,7,58,59,72,73,74,93,94,95" m="44619" machi="74" ten="40,3900,0" yaku="28,2" doraHai="67" who="0" fromWho="1" sc="250,39,250,-39,250,0,250,0" /><INIT seed="0,1,0,5,0,18" ten="289,211,250,250" oya="0" hai0="9,86,32,76,42,44,54,12,24,101,33,30,109" hai1="131,29,82,132,114,78,111,95,60,65,120,59,81" hai2="27,31,13,84,49,73,92,123,133,55,121,74,28" hai3="64,56,22,75,98,43,34,58,3,21,7,130,77"/><T80/><D109/><U6/><E120/><V17/><F133/><W47/><G34/><T113/><D101/><U71/><E132/><V41/><F41/><W63/><G130/><T87/><D54/><U117/><E117/><V69/><F69/><W108/><G108/><T48/><D113/><U46/><E131/><V11/><F74/><W26/><G98/><T66/><D66/><U112/><E111/><V8/><F73/><W23/><G3/><T116/><D86/><U68/><E6/><V96/><F11/><W10/><G75/><T1/><D1/><U57/><E95/><V50/><F84/><W61/><G77/><T110/><D110/><U129/><E129/><V39/><F39/><W70/><G70/><T126/><D126/><U125/><E46/><V85/><F85/><W102/><G102/><T15/><D15/><U25/><E125/><V14/><F14/><N who="3" m="5471" /><G47/><T94/><D94/><U20/><E71/><V93/><F93/><W90/><G90/><T104/><D104/><U91/><E91/><V122/><F55/><N who="3" m="34207" /><G43/><T83/><D83/><N who="1" m="31755" /><E78/><V128/><F128/><W16/><AGARI ba="1,0" hai="16,21,22,23,26,58,61,64" m="34207,5471" machi="16" ten="30,8000,1" yaku="8,1,52,3,54,1" doraHai="18" who="3" fromWho="3" sc="289,-41,211,-21,250,-21,250,83" /><INIT seed="1,0,0,0,3,117" ten="248,190,229,333" oya="1" hai0="37,115,72,34,21,31,93,116,113,94,13,110,24" hai1="14,80,30,73,78,130,61,44,90,49,86,35,129" hai2="75,40,66,7,91,28,51,18,58,38,33,55,64" hai3="48,77,107,17,52,60,54,11,106,9,82,123,87"/><U22/><E35/><V92/><F75/><W62/><G17/><T89/><D72/><U83/><E61/><V67/><F7/><W124/><G124/><T102/><D37/><U96/><E96/><V81/><F33/><W98/><G98/><T95/><D110/><U2/><E2/><V0/><F0/><W36/><G36/><T1/><D1/><U118/><E118/><V5/><F5/><W104/><G123/><T26/><D116/><U128/><E14/><V12/><F28/><W132/><G132/><T27/><D102/><U56/><E56/><V69/><F81/><W39/><G39/><T32/><D13/><U114/><E114/><V74/><F74/><W15/><G15/><T97/><D32/><U103/><E103/><V121/><F121/><W45/><REACH who="3" step="1"/><G54/><REACH who="3" ten="248,190,229,323" step="2"/><T53/><D115/><U120/><E120/><V88/><F38/><W99/><G99/><T125/><D125/><U46/><REACH who="1" step="1"/><E49/><REACH who="1" ten="248,180,229,323" step="2"/><V109/><F51/><W108/><G108/><T119/><D113/><U105/><E105/><V111/><F12/><W84/><G84/><T29/><D119/><U127/><E127/><V43/><F109/><W70/><G70/><T57/><D26/><AGARI ba="0,2" hai="22,26,30,44,46,73,78,80,83,86,90,128,129,130" machi="26" ten="40,3900,0" yaku="1,1,19,1,53,0" doraHai="117" doraHaiUra="8" who="1" fromWho="0" sc="248,-39,180,59,229,0,323,0" /><INIT seed="1,1,0,2,3,56" ten="209,239,229,323" oya="1" hai0="25,48,105,23,85,135,9,86,113,102,89,45,119" hai1="59,124,6,52,57,61,53,81,66,31,110,106,30" hai2="5,41,10,112,117,46,116,1,130,126,39,17,93" hai3="77,99,32,55,42,114,88,107,120,40,134,82,69"/><U91/><E106/><V104/><F104/><W128/><G120/><T74/><D74/><U21/><E124/><V95/><F126/><W101/><G114/><T90/><D135/><U14/><E110/><V37/><F37/><W16/><G32/><T115/><D119/><U0/><E0/><V7/><F112/><W33/><G33/><T127/><D9/><U75/><E75/><V70/><F130/><W71/><G134/><T49/><D127/><U83/><E66/><V58/><F7/><W96/><G128/><T50/><D45/><U133/><E133/><V60/><F70/><W35/><G35/><T28/><D102/><U72/><E72/><V26/><F95/><W29/><G29/><T43/><D43/><U131/><E131/><V129/><F129/><W123/><G77/><T8/><D8/><U79/><E79/><V54/><F93/><W64/><G55/><T76/><D105/><U11/><E21/><V78/><F78/><W84/><G123/><T65/><D65/><U111/><E111/><V87/><F87/><W18/><G99/><T47/><D76/><U125/><E125/><V100/><F100/><W4/><G4/><T13/><D47/><U19/><E6/><V132/><F132/><W122/><G122/><T73/><D73/><U67/><E67/><V94/><F94/><W108/><G108/><T62/><D113/><U68/><E68/><N who="3" m="26186" /><G64/><T51/><N who="0" m="12800" /><DORA hai="12" /><T118/><D118/><U103/><E103/><V3/><F3/><W27/><G42/><T97/><D115/><U80/><E91/><V63/><F63/><AGARI ba="1,0" hai="11,14,19,30,31,52,53,57,59,61,63,80,81,83" machi="63" ten="40,18000,2" yaku="9,1,8,1,52,3,54,1" doraHai="56,12" who="1" fromWho="2" sc="209,0,239,183,229,-183,323,0" /><INIT seed="1,2,0,5,1,71" ten="209,422,46,323" oya="1" hai0="65,49,100,51,62,24,85,30,34,50,66,13,46" hai1="80,35,38,91,134,104,105,40,133,27,3,68,116" hai2="89,99,127,16,130,102,2,115,79,111,0,69,90" hai3="106,82,78,117,6,108,76,70,125,42,119,112,19"/><U118/><E3/><V15/><F69/><W81/><G70/><T14/><D65/><U12/><E12/><V94/><F127/><W11/><G112/><T110/><D110/><U74/><E68/><V32/><F32/><W135/><G19/><T124/><D124/><U7/><E7/><V83/><F111/><W56/><G125/><T1/><D1/><U95/><E27/><V93/><F115/><W101/><G56/><T21/><D62/><U126/><E35/><V39/><F39/><W84/><G42/><T103/><D66/><U29/><E29/><V107/><F130/><W123/><G108/><T88/><D46/><U37/><E40/><V20/><F93/><W98/><G123/><T45/><D45/><U36/><E126/><V73/><REACH who="2" step="1"/><F90/><REACH who="2" ten="209,422,36,323" step="2"/><W92/><G92/><N who="0" m="54287" /><D34/><U77/><E91/><V96/><AGARI ba="2,1" hai="0,2,15,16,20,73,79,83,89,94,96,99,102,107" machi="96" ten="20,5200,0" yaku="1,1,0,1,7,1,54,1,53,0" doraHai="71" doraHaiUra="31" who="2" fromWho="2" sc="209,-15,422,-28,36,68,323,-15" /><INIT seed="2,0,0,5,2,122" ten="194,394,104,308" oya="2" hai0="55,33,14,47,104,23,19,25,116,9,63,111,74" hai1="5,99,41,95,65,118,115,48,107,21,131,57,133" hai2="29,12,88,93,83,35,121,101,22,110,27,18,50" hai3="51,20,77,31,109,28,34,11,66,49,54,61,75"/><V135/><F121/><W46/><G34/><T96/><D74/><U17/><E107/><V7/><F135/><W60/><G75/><T91/><D33/><U43/><E118/><V97/><F7/><W72/><G72/><T127/><D127/><U24/><E131/><V105/><F83/><W30/><G77/><T62/><D116/><U129/><E115/><V82/><F82/><W124/><G124/><T52/><D104/><U106/><E106/><V80/><F80/><W70/><G61/><N who="0" m="23051" /><D47/><U86/><E129/><V94/><F50/><W76/><G76/><T71/><D111/><U100/><E133/><V39/><F39/><W64/><G64/><T89/><D71/><U102/><E100/><V67/><F67/><W15/><G109/><T26/><D26/><U103/><E103/><V10/><F110/><W42/><G20/><T6/><D96/><U87/><E5/><V45/><F45/><W126/><G126/><T132/><D132/><U3/><E3/><V90/><F105/><W117/><G117/><T38/><D38/><U130/><E130/><V108/><F108/><W84/><G84/><N who="1" m="32298" /><E65/><V92/><F35/><W85/><G85/><T13/><D25/><U0/><E0/><V73/><F73/><W32/><G32/><T120/><D120/><U112/><E112/><V1/><F1/><W4/><REACH who="3" step="1"/><G51/><REACH who="3" ten="194,394,104,298" step="2"/><T44/><D55/><AGARI ba="0,1" hai="17,21,24,41,43,48,55,57,95,99,102" m="32298" machi="55" ten="30,1000,0" yaku="8,1" doraHai="122" who="1" fromWho="0" sc="194,-10,394,20,104,0,298,0" /><AGARI ba="0,0" hai="4,11,15,28,30,31,42,46,49,54,55,60,66,70" machi="55" ten="40,2600,0" yaku="1,1,2,1,53,0" doraHai="122" doraHaiUra="53" who="3" fromWho="0" sc="184,-26,414,0,104,0,298,26" /><INIT seed="3,0,0,1,5,29" ten="158,414,104,324" oya="3" hai0="37,44,96,8,75,107,56,124,10,97,26,19,62" hai1="90,129,57,100,67,25,23,103,81,60,128,121,61" hai2="73,11,14,20,12,125,30,7,89,53,49,41,77" hai3="27,16,36,52,22,98,82,109,6,0,64,21,54"/><W110/><G36/><T34/><D75/><U72/><E121/><V71/><F125/><W47/><G64/><T32/><D124/><U117/><E117/><V79/><F71/><W43/><G98/><T131/><D26/><U46/><E46/><V80/><F77/><W58/><G82/><T99/><D107/><U3/><E3/><V59/><F41/><W15/><G0/><T4/><D19/><U132/><E132/><V127/><F127/><W93/><G93/><T18/><D18/><U78/><E90/><V133/><F133/><W33/><G33/><T66/><D131/><N who="1" m="50251" /><E61/><V13/><REACH who="2" step="1"/><F89/><REACH who="2" ten="158,414,94,324" step="2"/><W38/><G109/><T87/><D37/><U135/><E135/><V94/><F94/><W114/><G110/><T48/><D87/><U116/><E116/><V45/><F45/><W70/><G70/><T113/><D113/><U76/><E76/><V105/><F105/><W126/><G114/><T69/><D69/><U106/><E106/><V63/><F63/><W111/><G111/><T31/><D31/><AGARI ba="0,1" hai="23,25,31,57,60,67,72,78,81,100,103" m="50251" machi="31" ten="30,1000,0" yaku="19,1" doraHai="29" who="1" fromWho="0" sc="158,-10,414,20,94,0,324,0" /><INIT seed="4,0,0,0,3,16" ten="148,434,94,324" oya="0" hai0="14,46,77,132,96,7,120,131,123,121,111,15,79" hai1="105,57,133,113,21,25,84,24,1,101,92,6,80" hai2="31,4,53,73,23,34,87,68,47,27,82,18,90" hai3="134,9,72,44,122,103,86,66,127,98,124,75,93"/><T62/><D111/><U114/><E105/><V129/><F68/><W116/><G116/><T126/><D132/><U58/><E133/><V115/><F73/><W30/><G134/><T85/><D131/><U94/><E6/><V8/><F129/><W17/><G30/><T33/><D33/><U135/><E1/><V26/><F115/><N who="1" m="44041" /><E25/><V42/><F53/><W10/><G66/><T125/><D96/><N who="1" m="59527" /><E135/><V59/><F59/><W22/><G44/><T43/><D62/><U107/><E94/><V74/><F74/><W69/><G69/><T81/><D79/><N who="1" m="46111" /><E107/><V70/><F70/><W28/><G93/><T83/><D83/><U112/><E112/><V37/><F4/><W97/><G97/><T35/><D35/><U54/><E54/><V39/><REACH who="2" step="1"/><F8/><REACH who="2" ten="148,434,84,324" step="2"/><W11/><G10/><T78/><D7/><U128/><E128/><V48/><AGARI ba="0,1" hai="18,23,26,27,31,34,37,39,42,47,48,82,87,90" machi="48" ten="20,8000,1" yaku="1,1,2,1,0,1,7,1,52,1,53,0" doraHai="16" doraHaiUra="60" who="2" fromWho="2" sc="148,-40,434,-20,84,90,324,-20" /><INIT seed="5,0,0,3,3,81" ten="108,414,174,304" oya="1" hai0="23,40,5,135,13,51,86,15,58,131,93,64,76" hai1="67,10,92,50,22,34,114,37,17,125,73,87,95" hai2="60,104,16,85,75,19,94,101,29,39,44,98,110" hai3="2,32,56,42,128,35,107,77,122,84,79,123,18"/><U78/><E37/><V21/><F110/><W127/><G2/><T59/><D135/><U63/><E34/><V70/><F75/><W68/><G68/><T52/><D131/><U26/><E114/><V89/><F29/><W118/><G107/><T24/><D40/><U45/><E73/><V119/><F119/><W120/><G42/><T48/><D5/><U6/><E125/><V30/><F39/><W91/><G56/><T117/><D117/><U111/><E111/><V130/><F130/><W113/><G18/><T96/><D51/><U83/><E63/><V55/><F70/><W82/><G128/><T57/><D64/><U11/><E67/><V9/><F9/><W54/><G54/><T132/><D132/><U31/><E31/><V7/><F7/><W126/><G118/><T71/><D71/><U109/><E109/><V65/><F65/><W43/><G43/><T112/><D112/><U33/><E33/><N who="3" m="12874" /><G113/><T66/><D58/><U61/><E61/><V4/><F4/><W47/><G47/><T116/><D116/><U46/><E46/><V53/><F60/><W129/><G129/><T106/><D106/><U14/><E11/><V121/><F121/><W69/><G69/><T100/><D57/><U133/><E133/><V12/><F30/><W38/><G38/><T8/><D8/><U80/><E80/><V72/><F44/><W102/><G127/><T115/><D66/><U103/><E103/><V1/><F1/><W124/><G102/><T41/><D41/><AGARI ba="0,0" hai="6,10,14,17,22,26,41,45,50,78,83,87,92,95" machi="41" ten="30,12000,1" yaku="7,1,25,2,8,1,52,1" doraHai="81" who="1" fromWho="0" sc="108,-120,414,120,174,0,304,0" owari="-12,-51.0,534,64.0,174,-23.0,304,10.0" /></mjloggm>