<mjloggm ver="2.3"><GO type="169" lobby="0"/><UN n0="%E3%83%97%E3%83%A9%E3%83%81%E3%83%8A%E3%83%A0" n1="%70%67%61%69%6E" n2="%E3%82%A8%E3%83%83%E3%83%95%E3%82%A7%E3%83%AB%E5%A1%94" n3="%E5%B0%B1%E6%B4%BB%E7%94%9F%40%E5%B7%9D%E6%9D%91%E8%BB%8D%E5%9B%A3" dan="17,16,16,17" rate="2132.40,2106.97,2083.44,2203.56" sx="M,M,M,M"/><TAIKYOKU oya="0"/><INIT seed="0,0,0,2,4,107" ten="250,250,250,250" oya="0" hai0="60,77,99,126,10,15,122,78,29,39,46,63,75" hai1="42,80,86,21,23,91,2,117,67,119,113,64,52" hai2="50,57,35,31,76,84,121,45,69,65,56,120,66" hai3="22,96,130,0,43,19,1,82,5,92,132,17,12"/><T20/><D122/><U103/><E2/><V88/><F69/><W53/><G130/><T41/><D126/><U48/><E42/><V36/><F36/><W58/><G132/><T101/><D78/><U61/><E113/><V44/><F76/><W112/><G112/><T109/><D109/><U95/><E119/><V111/><F111/><W68/><G68/><T97/><D97/><N who="1" m="59839" /><E61/><V32/><F84/><W4/><G43/><T47/><D47/><N who="1" m="27679" /><E117/><V89/><F31/><W73/><G19/><T134/><D134/><U62/><E62/><V24/><F24/><W72/><G1/><T40/><D40/><U125/><E125/><V100/><F100/><W118/><G82/><T71/><D71/><U124/><E124/><V115/><F50/><W27/><G0/><T127/><D127/><U131/><E131/><V30/><F30/><W14/><G118/><T93/><D29/><U94/><E80/><V54/><REACH who="2" step="1"/><F54/><REACH who="2" ten="250,250,240,250" step="2"/><W49/><G27/><T104/><D77/><U87/><E86/><V18/><F18/><W59/><G59/><T129/><D129/><U8/><E8/><V74/><F74/><W116/><G116/><T106/><D75/><U9/><E9/><V7/><F7/><W51/><G51/><T79/><D79/><U33/><E33/><V83/><F83/><W13/><G5/><N who="0" m="3535" /><D20/><AGARI ba="0,1" hai="20,21,23,64,67,87,91,94" m="27679,59839" machi="20" ten="30,2000,0" yaku="8,1,54,1" doraHai="107" who="1" fromWho="0" sc="250,-20,250,30,240,0,250,0" /><INIT seed="1,0,0,4,2,43" ten="230,280,240,250" oya="1" hai0="26,99,3,70,34,7,67,84,74,87,39,120,75" hai1="92,18,88,115,48,50,91,60,110,94,5,73,100" hai2="38,22,132,30,54,135,64,81,37,12,41,29,51" hai3="130,33,129,107,45,79,86,16,0,8,32,31,90"/><U21/><E115/><V113/><F113/><W1/><G107/><T13/><D120/><U63/><E73/><V20/><F81/><W15/><G79/><T62/><D39/><U47/><E5/><V46/><F64/><W76/><G76/><T78/><D87/><N who="1" m="52255" /><E50/><V56/><F38/><W27/><G33/><T117/><D117/><U82/><E100/><V2/><F2/><W109/><G109/><T42/><D3/><U59/><E59/><V4/><F4/><W124/><G124/><T68/><D68/><U35/><E35/><V36/><F36/><W17/><G17/><T28/><D42/><N who="1" m="24695" /><E82/><V105/><F105/><W89/><G1/><T111/><D7/><U127/><E127/><V57/><F57/><W85/><G0/><T133/><D75/><U6/><E6/><V98/><F98/><W77/><G77/><T102/><D74/><U118/><E118/><V40/><F40/><W119/><G119/><T52/><D34/><U101/><E101/><V61/><F37/><W23/><G32/><T65/><D102/><U19/><E110/><V121/><F121/><W108/><G108/><T9/><D111/><U69/><E69/><V134/><F134/><W10/><G90/><T44/><D133/><U97/><E19/><V123/><F123/><W96/><G96/><T53/><D99/><U116/><E116/><V80/><F80/><W125/><G125/><T106/><D70/><U114/><E114/><V104/><F104/><W14/><G89/><T95/><D106/><U71/><E71/><V55/><F135/><W126/><G126/><T25/><D78/><RYUUKYOKU ba="0,0" sc="230,-10,280,30,240,-10,250,-10" hai1="18,21,60,63,91,94,97" /><INIT seed="1,1,0,2,0,65" ten="220,310,230,240" oya="1" hai0="102,81,89,43,20,68,95,69,62,90,84,66,56" hai1="12,109,114,116,59,105,134,40,121,63,51,86,120" hai2="71,128,117,54,132,17,119,67,100,31,46,29,24" hai3="108,127,94,111,76,77,79,126,32,55,98,101,4"/><U135/><E105/><V0/><F0/><W64/><G32/><T21/><D102/><U118/><E12/><V19/><F31/><W23/><G4/><T37/><D37/><U125/><E86/><V50/><F100/><W110/><G55/><T45/><D45/><N who="1" m="26023" /><E114/><V42/><F128/><W112/><G23/><T75/><D43/><U106/><E106/><V129/><F129/><W48/><G48/><T1/><D1/><U87/><E87/><V57/><F132/><N who="1" m="50729" /><E125/><N who="3" m="47626" /><G64/><T103/><D103/><U60/><E109/><V13/><F19/><W27/><G27/><T91/><D91/><U30/><E30/><V107/><F107/><W52/><G52/><T97/><REACH who="0" step="1"/><D75/><REACH who="0" ten="210,310,230,240" step="2"/><U104/><E104/><V7/><F42/><W16/><G112/><T73/><D73/><U18/><E118/><V5/><F117/><W33/><G33/><T78/><D78/><U88/><E116/><V82/><F119/><W38/><G38/><T44/><D44/><U3/><E3/><V115/><F46/><W36/><G36/><T70/><AGARI ba="1,1" hai="20,21,56,62,66,68,69,70,81,84,89,90,95,97" machi="70" ten="30,12000,2" yaku="1,1,0,1,52,3,53,1" doraHai="65" doraHaiUra="58" who="0" fromWho="0" sc="210,133,310,-61,230,-31,240,-31" /><INIT seed="2,0,0,0,4,32" ten="343,249,199,209" oya="2" hai0="86,3,103,76,75,85,62,64,123,68,89,116,24" hai1="94,127,93,11,39,14,38,23,31,72,134,44,84" hai2="113,60,70,50,15,99,77,120,21,101,128,33,97" hai3="105,83,96,29,125,102,106,118,8,90,45,13,66"/><V71/><F50/><W37/><G118/><T81/><D123/><U52/><E72/><V73/><F97/><W63/><G125/><T110/><D110/><U57/><E127/><V0/><F21/><W7/><G106/><T91/><D116/><U48/><E134/><V1/><F15/><W28/><G90/><T74/><D103/><U95/><E84/><V115/><F33/><W132/><G132/><T4/><D76/><U82/><E82/><N who="2" m="45359" /><F120/><W49/><G83/><T9/><REACH who="0" step="1"/><D24/><REACH who="0" ten="333,249,199,209" step="2"/><N who="1" m="16799" /><E39/><V36/><F36/><W67/><G37/><T16/><D16/><N who="1" m="8287" /><E38/><V34/><F115/><W59/><G67/><T35/><D35/><U42/><E42/><AGARI ba="0,1" hai="7,8,13,28,29,42,45,49,59,63,66,96,102,105" machi="42" ten="30,1000,0" yaku="7,1" doraHai="32" who="3" fromWho="1" sc="333,0,249,-10,199,0,209,20" /><INIT seed="3,0,0,1,3,59" ten="333,239,199,229" oya="3" hai0="88,112,70,4,97,96,7,69,116,129,92,24,39" hai1="84,118,125,19,10,124,95,50,46,100,9,55,91" hai2="104,90,60,27,131,54,16,64,26,79,123,21,29" hai3="41,72,68,56,98,3,57,78,12,65,48,5,94"/><W2/><G68/><T43/><D116/><U1/><E118/><V127/><F127/><N who="1" m="48713" /><E1/><V63/><F131/><W89/><G72/><T99/><D129/><U14/><E100/><V73/><F104/><W66/><G78/><T34/><D112/><U0/><E0/><V36/><F36/><W83/><G83/><T28/><D7/><U122/><E10/><V67/><F123/><AGARI ba="0,0" hai="9,14,19,46,50,55,84,91,95,122,123" m="48713" machi="123" ten="30,1000,0" yaku="18,1" doraHai="59" who="1" fromWho="2" sc="333,0,239,10,199,-10,229,0" /><INIT seed="4,0,0,3,2,71" ten="333,249,189,229" oya="0" hai0="30,38,56,91,25,87,12,0,14,97,46,85,43" hai1="45,122,1,65,26,72,70,131,3,111,54,67,55" hai2="110,36,95,105,29,16,58,125,104,23,79,17,62" hai3="73,9,49,118,52,119,117,129,116,77,40,89,108"/><T13/><D0/><U121/><E26/><V101/><F110/><W28/><G108/><T24/><D24/><U51/><E111/><V5/><F5/><W10/><G129/><T133/><D133/><U22/><E22/><V96/><F79/><W83/><G28/><T114/><D114/><U78/><E78/><V81/><F81/><W123/><G123/><T19/><D19/><U57/><E72/><V21/><F125/><W126/><G126/><T18/><D18/><U60/><E3/><V32/><F32/><W94/><G40/><T63/><D97/><U20/><E20/><V39/><F23/><W102/><G102/><T34/><REACH who="0" step="1"/><D91/><REACH who="0" ten="323,249,189,229" step="2"/><U15/><E1/><V44/><F29/><W92/><G89/><T99/><D99/><U109/><E109/><V112/><F112/><W76/><G76/><T82/><D82/><U69/><E15/><V11/><F17/><W31/><G31/><T107/><D107/><U41/><E131/><V100/><F105/><W75/><G75/><T98/><D98/><U7/><E7/><V84/><F104/><W132/><G132/><T35/><D35/><U134/><E134/><V130/><F96/><W59/><G117/><T6/><D6/><U93/><E122/><V80/><F130/><W61/><G94/><T50/><D50/><N who="1" m="26927" /><E93/><V2/><F95/><W66/><REACH who="3" step="1"/><G92/><REACH who="3" ten="323,249,189,219" step="2"/><T113/><D113/><U53/><E121/><V64/><F2/><W33/><G33/><T90/><D90/><U135/><E135/><V37/><F80/><W47/><AGARI ba="0,2" hai="9,10,47,49,52,59,61,66,73,77,83,116,118,119" machi="47" ten="30,4000,0" yaku="1,1,0,1,54,1,53,0" doraHai="71" doraHaiUra="124" who="3" fromWho="3" sc="323,-20,249,-10,189,-10,219,60" /><INIT seed="5,0,0,1,0,62" ten="303,239,179,279" oya="1" hai0="1,74,85,6,73,30,79,82,81,92,99,24,84" hai1="38,54,12,9,130,100,124,86,3,87,41,46,128" hai2="14,96,56,65,93,36,15,95,61,29,17,89,112" hai3="22,27,43,94,50,117,77,67,7,78,115,104,55"/><U11/><E124/><V33/><F36/><W126/><G104/><T19/><D19/><U64/><E100/><V4/><F4/><W131/><G115/><T97/><D6/><N who="1" m="1247" /><E64/><V20/><F112/><W135/><G131/><N who="1" m="50218" /><E54/><V83/><F83/><W37/><G135/><T34/><D1/><U108/><E108/><V103/><F33/><W42/><G7/><AGARI ba="0,0" hai="7,11,12,38,41,46,86,87" m="50218,1247" machi="7" ten="30,1500,0" yaku="19,1" doraHai="62" who="1" fromWho="3" sc="303,0,239,15,179,0,279,-15" /><INIT seed="5,1,0,1,1,123" ten="303,254,179,264" oya="1" hai0="49,82,133,3,29,11,128,19,81,17,120,84,5" hai1="116,108,103,117,122,121,34,13,115,48,7,41,125" hai2="94,21,78,37,75,92,38,83,87,27,9,96,6" hai3="23,67,68,79,73,39,64,43,107,4,26,86,90"/><U113/><E103/><V93/><F75/><W50/><G107/><T126/><D126/><U132/><E41/><V14/><REACH who="2" step="1"/><F96/><REACH who="2" ten="303,254,169,264" step="2"/><W55/><G73/><T65/><D120/><U97/><E97/><V32/><F32/><W106/><G106/><T130/><D130/><U57/><E34/><V33/><F33/><W104/><G104/><T58/><D128/><U131/><E131/><V71/><F71/><W77/><G77/><T66/><D84/><U98/><E98/><V52/><F52/><W102/><G79/><T69/><D69/><U111/><E122/><V45/><F45/><W119/><G55/><T109/><D66/><U89/><E121/><V28/><AGARI ba="1,1" hai="6,9,14,21,27,28,37,38,78,83,87,92,93,94" machi="28" ten="30,8000,1" yaku="1,1,0,1,53,3" doraHai="123" doraHaiUra="91" who="2" fromWho="2" sc="303,-21,254,-41,169,93,264,-21" /><INIT seed="6,0,0,4,5,105" ten="282,213,262,243" oya="2" hai0="35,77,94,2,23,45,44,68,72,88,109,54,19" hai1="132,128,0,29,106,101,31,66,121,3,131,78,36" hai2="92,39,80,133,65,122,4,55,114,41,12,49,129" hai3="58,43,13,21,33,75,27,18,40,84,115,95,89"/><V5/><F65/><W52/><G115/><T14/><D109/><U64/><E106/><V126/><F41/><N who="3" m="15947" /><G33/><T102/><D102/><U32/><E101/><V60/><F60/><N who="3" m="35911" /><G75/><T112/><D112/><U67/><E78/><V117/><F39/><W81/><G13/><T98/><D68/><U6/><E6/><V46/><F12/><W1/><G1/><N who="1" m="586" /><E32/><V10/><F10/><W53/><G53/><T87/><D35/><U57/><E57/><V51/><F55/><W118/><G118/><T125/><D125/><U113/><E113/><V130/><F126/><W90/><G90/><T135/><D135/><U127/><E127/><V104/><F133/><W24/><G24/><T38/><D2/><U47/><E132/><V7/><F117/><W30/><G81/><T96/><D38/><U76/><E76/><V74/><F80/><W123/><G123/><T119/><D119/><U116/><E116/><V25/><F122/><W16/><AGARI ba="0,0" hai="16,18,21,27,30,84,89,95" m="35911,15947" machi="16" ten="30,4000,0" yaku="8,1,54,2" doraHai="105" who="3" fromWho="3" sc="282,-10,213,-10,262,-20,243,40" /><INIT seed="7,0,0,2,3,81" ten="272,203,242,283" oya="3" hai0="78,17,118,40,86,15,99,0,30,10,39,34,45" hai1="103,11,65,64,54,96,71,88,80,13,63,35,62" hai2="32,60,85,38,26,123,55,121,69,126,6,104,46" hai3="119,57,129,83,68,98,12,47,3,76,22,87,82"/><W21/><G3/><T48/><D118/><U113/><E113/><V132/><F6/><W8/><G68/><T49/><D0/><U56/><E35/><V97/><F126/><W36/><G119/><T9/><D99/><U102/><E54/><V37/><F132/><W94/><G129/><T58/><D34/><U24/><E24/><V43/><F38/><W50/><G57/><T74/><D74/><U116/><E116/><V41/><F41/><N who="3" m="24943" /><G82/><N who="0" m="47447" /><D39/><U112/><E112/><V134/><F134/><W128/><G128/><T16/><D30/><U51/><E51/><V115/><F115/><W5/><G36/><T108/><D108/><U77/><E96/><V117/><F117/><W114/><G114/><T135/><D135/><U53/><E53/><V52/><F97/><W44/><G44/><N who="0" m="25607" /><D58/><U101/><E88/><AGARI ba="0,0" hai="5,8,12,21,22,76,83,87,88,94,98" m="24943" machi="88" ten="30,11600,0" yaku="25,1,8,1,52,1,54,1" doraHai="81" who="3" fromWho="1" sc="272,0,203,-116,242,0,283,116" owari="272,7.0,87,-41.0,242,-16.0,399,50.0" /></mjloggm>