<mjloggm ver="2.3"><GO type="225" lobby="0"/><UN n0="%E3%82%B7%E3%83%AB%E3%83%93%E3%82%A3" n1="%E3%81%BE%E3%82%8A%E3%82%82%E2%98%86%E5%A4%AA%E9%83%8E" n2="%E5%B0%B1%E6%B4%BB%E7%94%9F%40%E5%B7%9D%E6%9D%91%E8%BB%8D%E5%9B%A3" n3="%68%61%6E%65%31%35%30%30" dan="18,17,17,17" rate="2164.15,2197.63,2191.17,2223.87" sx="F,M,M,M"/><TAIKYOKU oya="0"/><INIT seed="0,0,0,4,4,98" ten="250,250,250,250" oya="0" hai0="9,0,86,65,119,22,70,60,118,107,100,1,129" hai1="32,40,108,28,122,113,7,34,133,62,13,78,50" hai2="132,76,14,116,33,25,21,117,72,29,56,23,35" hai3="67,80,4,71,127,31,91,61,26,48,16,18,55"/><T8/><D129/><U121/><E78/><V95/><F72/><W24/><G127/><T45/><D86/><U51/><E108/><V5/><F76/><W83/><G4/><N who="0" m="1031" /><D22/><N who="2" m="8202" /><F56/><W52/><G55/><T135/><D45/><U99/><E113/><V87/><F87/><W94/><G80/><T47/><D47/><U79/><E133/><V74/><F74/><W38/><G83/><T54/><D54/><U85/><E40/><V97/><F97/><W39/><G39/><T106/><D135/><U10/><E99/><V15/><F95/><W89/><G38/><T19/><D19/><U37/><E37/><V73/><F73/><W128/><G128/><T20/><D20/><U131/><E85/><V125/><F125/><W66/><G66/><T92/><D92/><U124/><E79/><V77/><F77/><W109/><G109/><T68/><D68/><U126/><E131/><V120/><F120/><W90/><G94/><T111/><D111/><U114/><E122/><V43/><F43/><W17/><REACH who="3" step="1"/><G31/><REACH who="3" ten="250,250,250,240" step="2"/><T2/><D2/><U42/><E28/><V11/><F132/><W63/><G63/><T49/><D49/><U81/><E51/><V123/><F123/><W46/><AGARI ba="0,1" hai="16,17,18,24,26,46,48,52,61,67,71,89,90,91" machi="46" ten="30,7900,0" yaku="1,1,0,1,54,2,53,0" doraHai="98" doraHaiUra="88" who="3" fromWho="3" sc="250,-39,250,-20,250,-20,240,89" /><INIT seed="1,0,0,2,0,94" ten="211,230,230,329" oya="1" hai0="72,16,65,93,83,59,25,104,31,49,107,128,68" hai1="120,74,60,89,63,113,27,102,64,50,92,0,35" hai2="7,126,114,79,40,112,32,117,87,19,29,52,18" hai3="14,99,96,23,86,36,2,119,88,1,6,57,4"/><U44/><E0/><V47/><F117/><W82/><G36/><T115/><D115/><N who="2" m="44074" /><F126/><W131/><G119/><T5/><D68/><U3/><E74/><V100/><F100/><W48/><G1/><T81/><D5/><N who="3" m="2153" /><G131/><T42/><D128/><U13/><E3/><V110/><F110/><W26/><G14/><T134/><D134/><U123/><E113/><V71/><F71/><W22/><G2/><T28/><D42/><U116/><E116/><V38/><F7/><W12/><G12/><T9/><D107/><U34/><E102/><V84/><F52/><N who="3" m="31879" /><G22/><N who="0" m="13511" /><D104/><U75/><E13/><V11/><F11/><W33/><G33/><T103/><D9/><U61/><E123/><V130/><F130/><W30/><AGARI ba="0,0" hai="23,26,30,82,86,88,96,99" m="31879,2153" machi="30" ten="30,8000,1" yaku="8,1,52,2,54,2" doraHai="94" who="3" fromWho="3" sc="211,-20,230,-40,230,-20,329,80" /><INIT seed="2,0,0,5,2,91" ten="191,190,210,409" oya="2" hai0="95,22,56,53,112,42,54,82,104,58,73,74,37" hai1="127,29,100,43,3,39,65,108,6,17,0,23,76" hai2="31,26,32,24,8,61,68,34,80,67,48,7,90" hai3="30,60,128,116,50,117,133,135,126,114,110,103,52"/><V49/><F80/><W71/><G30/><T106/><D112/><U28/><E108/><V41/><F41/><W16/><G110/><T38/><D42/><U105/><E127/><V109/><F109/><W46/><G126/><T78/><D22/><U15/><E76/><V113/><F113/><W11/><G114/><T130/><D130/><U84/><E65/><V93/><F26/><W14/><G128/><T64/><D64/><U121/><E121/><V81/><F81/><W63/><G103/><T1/><D1/><U21/><E43/><V25/><F25/><W102/><G102/><T94/><D82/><U62/><E62/><N who="3" m="23594" /><G71/><T123/><REACH who="0" step="1"/><D78/><REACH who="0" ten="181,190,210,409" step="2"/><U129/><E129/><V47/><F34/><W118/><G118/><T77/><D77/><U13/><E39/><V88/><F47/><W59/><G46/><T70/><D70/><U40/><E40/><V4/><F90/><W124/><G124/><T87/><D87/><U55/><E84/><V19/><F19/><W119/><G119/><T89/><D89/><U20/><E17/><V12/><F7/><W45/><G45/><T132/><D132/><N who="3" m="50761" /><G117/><T10/><D10/><U79/><E79/><V86/><AGARI ba="0,1" hai="4,8,12,24,31,32,48,49,61,67,68,86,88,93" machi="86" ten="20,7800,0" yaku="0,1,7,1,52,1,54,1" doraHai="91" who="2" fromWho="2" sc="181,-26,190,-26,210,88,409,-26" /><INIT seed="2,1,0,3,3,21" ten="155,164,298,383" oya="2" hai0="109,0,5,55,94,76,44,77,51,6,42,132,29" hai1="71,92,117,126,50,33,103,20,2,54,106,85,12" hai2="31,60,52,56,62,45,35,115,63,89,83,90,32" hai3="135,129,112,128,120,118,14,66,61,47,108,96,87"/><V9/><F115/><W99/><G112/><T67/><D109/><U73/><E73/><V48/><F35/><W39/><G108/><T113/><D113/><U46/><E33/><V28/><F32/><W131/><G118/><T41/><D132/><U93/><E2/><V69/><F69/><W58/><G120/><T97/><D67/><U91/><E71/><V15/><F56/><W72/><G72/><T80/><D29/><U116/><E126/><V84/><REACH who="2" step="1"/><F90/><REACH who="2" ten="155,164,288,383" step="2"/><W17/><G135/><T53/><D77/><U68/><E68/><V36/><F36/><W22/><G39/><T107/><D76/><U74/><E117/><V127/><F127/><W23/><G47/><T16/><D44/><U122/><E116/><V70/><F70/><W37/><G37/><T25/><D51/><U3/><E122/><V98/><F98/><W123/><G123/><T88/><D97/><U81/><E46/><V121/><F121/><W75/><G99/><T119/><D88/><U133/><E50/><V34/><F34/><W13/><G96/><T38/><D38/><U30/><E133/><V8/><F8/><W19/><G131/><T40/><D119/><U78/><E91/><V95/><F95/><W7/><G129/><T26/><D94/><U79/><E93/><V57/><F57/><W125/><G128/><T4/><D107/><U111/><E92/><V105/><F105/><W104/><G104/><T49/><D49/><U43/><E106/><V100/><F100/><W64/><G125/><T65/><D80/><U82/><E103/><V1/><F1/><W102/><G102/><RYUUKYOKU ba="1,1" sc="155,-10,164,-10,288,30,383,-10" hai2="9,15,28,31,45,48,52,60,62,63,83,84,89" /><INIT seed="2,2,1,0,2,53" ten="145,154,318,373" oya="2" hai0="43,47,60,119,131,71,98,58,14,50,69,113,111" hai1="91,63,18,55,42,116,133,97,118,102,134,46,110" hai2="120,4,34,124,45,76,40,127,81,54,95,85,33" hai3="105,114,17,19,2,36,49,57,112,93,115,126,135"/><V0/><F120/><W31/><G105/><T106/><D113/><U107/><E110/><V94/><F4/><W59/><G36/><T38/><D119/><U108/><E108/><V122/><F122/><W89/><G135/><N who="1" m="51722" /><E91/><V101/><F0/><W22/><G126/><N who="2" m="48169" /><F54/><N who="3" m="31951" /><G2/><T61/><D111/><U29/><E29/><V51/><F101/><W86/><G59/><T30/><D131/><U125/><E125/><V7/><F7/><W12/><G19/><T92/><D106/><U109/><E109/><V1/><F1/><W44/><G44/><T37/><D30/><AGARI ba="2,1" hai="12,17,22,30,31,86,89,93,112,114,115" m="31951" machi="30" ten="30,3900,0" yaku="25,1,11,1,52,1" doraHai="53" who="3" fromWho="0" sc="145,-45,154,0,318,0,373,55" /><INIT seed="3,0,0,4,0,93" ten="100,154,318,428" oya="3" hai0="21,34,77,85,61,18,95,48,76,126,66,113,129" hai1="96,6,102,29,15,16,83,57,50,124,127,128,28" hai2="92,9,69,44,60,63,130,8,106,2,31,7,117" hai3="122,104,14,22,32,56,84,19,64,109,70,99,118"/><W125/><G118/><T97/><D126/><N who="1" m="48171" /><E128/><V88/><F106/><W68/><G125/><T4/><D129/><U81/><E6/><V108/><F130/><W53/><G122/><T5/><D34/><U35/><E50/><V59/><F108/><W71/><G109/><T75/><D75/><U46/><E57/><V12/><F117/><W111/><G111/><T74/><D74/><U134/><E46/><V37/><F69/><W121/><G121/><T38/><D38/><U114/><E134/><V52/><F31/><N who="1" m="11849" /><E114/><V101/><F101/><W0/><G0/><T25/><D113/><U131/><E35/><V94/><F94/><W72/><G72/><T100/><D48/><U107/><E131/><V3/><F60/><W79/><G32/><T135/><D135/><U45/><E45/><V49/><F37/><W10/><G104/><T119/><D119/><U103/><E103/><V115/><F115/><W67/><G71/><T133/><D133/><U39/><E39/><V86/><F9/><AGARI ba="0,0" hai="9,15,16,81,83,96,102,107" m="11849,48171" machi="9" ten="30,3900,0" yaku="18,1,52,1,54,1" doraHai="93" who="1" fromWho="2" sc="100,0,154,39,318,-39,428,0" owari="100,-40.0,193,-21.0,279,8.0,428,53.0" /></mjloggm>