<mjloggm ver="2.3"><GO type="169" lobby="0"/><UN n0="%E3%81%AB%E3%81%92%E3%81%9F%E3%83%89%E3%83%AC%E3%82%A4" n1="%E3%81%BA%E3%83%BC" n2="%E5%B0%B1%E6%B4%BB%E7%94%9F%40%E5%B7%9D%E6%9D%91%E8%BB%8D%E5%9B%A3" n3="%E3%81%91%E3%82%93%31%39%37%30" dan="16,17,18,17" rate="2159.28,2189.06,2213.60,2161.06" sx="M,M,M,M"/><TAIKYOKU oya="0"/><INIT seed="0,0,0,2,4,44" ten="250,250,250,250" oya="0" hai0="15,29,75,16,17,39,133,30,33,103,8,128,70" hai1="110,14,20,23,91,77,43,58,97,26,126,95,83" hai2="92,59,36,86,4,64,88,63,68,57,100,11,99" hai3="54,79,61,104,1,71,111,114,74,117,56,49,107"/><T130/><D75/><U73/><E110/><V52/><F36/><W109/><G114/><T6/><D70/><U112/><E126/><V123/><F123/><W35/><G117/><T5/><D39/><U10/><E112/><V69/><F4/><N who="0" m="1642" /><D103/><U45/><E58/><V48/><REACH who="2" step="1"/><F11/><REACH who="2" ten="250,250,240,250" step="2"/><W93/><G109/><T22/><D133/><U12/><E10/><V122/><F122/><W38/><G111/><T24/><D30/><U72/><E72/><V47/><F47/><W113/><G38/><T42/><D42/><U125/><E125/><V60/><F60/><W55/><G74/><T27/><AGARI ba="0,1" hai="8,15,16,17,22,24,27,29,33,128,130" m="1642" machi="27" ten="30,6000,0" yaku="34,2,54,1" doraHai="44" who="0" fromWho="0" sc="250,70,250,-20,240,-20,250,-20" /><INIT seed="0,1,0,1,2,30" ten="320,230,220,230" oya="0" hai0="44,133,116,118,18,115,88,83,60,59,95,17,84" hai1="100,129,64,110,99,72,67,98,5,39,87,128,92" hai2="34,57,43,76,85,32,16,130,65,29,96,111,63" hai3="68,104,73,125,25,119,50,3,56,103,71,132,47"/><T15/><D115/><U35/><E39/><V4/><F4/><W45/><G3/><T106/><D106/><U135/><E72/><V79/><F29/><W52/><G73/><T6/><D133/><U62/><E5/><V108/><F130/><W51/><G104/><T94/><D118/><U86/><E110/><N who="2" m="42027" /><F43/><W131/><G103/><T31/><D116/><U102/><E62/><V78/><F96/><W123/><G25/><T27/><D44/><U2/><E2/><V48/><F48/><W33/><G119/><T7/><D7/><U114/><E92/><V69/><F69/><W93/><G93/><T41/><D41/><U61/><E61/><V80/><F16/><W109/><G109/><T90/><D6/><U24/><E24/><V107/><F107/><W11/><G11/><T82/><D82/><U101/><E101/><V66/><F66/><W91/><G131/><T46/><D46/><U26/><E26/><V42/><F42/><W19/><G19/><T22/><D18/><U36/><E36/><V81/><F81/><W21/><G45/><T49/><D49/><U23/><E114/><V124/><F124/><W58/><G125/><T20/><REACH who="0" step="1"/><D90/><AGARI ba="1,0" hai="32,34,57,63,65,76,78,79,80,85,90" m="42027" machi="90" ten="30,3900,0" yaku="14,1,52,2" doraHai="30" who="2" fromWho="0" sc="320,-42,230,0,220,42,230,0" /><INIT seed="1,0,0,2,5,28" ten="278,230,262,230" oya="1" hai0="97,67,108,2,27,123,36,116,96,39,80,111,88" hai1="3,79,58,76,124,73,59,6,34,19,135,119,26" hai2="110,29,68,45,48,65,10,113,95,133,54,83,78" hai3="0,8,44,77,131,9,46,127,86,49,33,98,1"/><U50/><E119/><V21/><F110/><N who="0" m="42026" /><D116/><U60/><E73/><V41/><F133/><W47/><G49/><T17/><D2/><U130/><E3/><V40/><F113/><W134/><G98/><N who="0" m="37995" /><D67/><U51/><E6/><V129/><F95/><W13/><G134/><T52/><D123/><U94/><E135/><V71/><F65/><W132/><G132/><T92/><D80/><U69/><E69/><V84/><F129/><W25/><G131/><T35/><D52/><U57/><E94/><V117/><F117/><W61/><G61/><T43/><D43/><U31/><E60/><V23/><F71/><W7/><G127/><T118/><D118/><U90/><E130/><V114/><F68/><W99/><G1/><T121/><D121/><U37/><E124/><V38/><F41/><W93/><G77/><T103/><D103/><U75/><E79/><V72/><F72/><W115/><G0/><T4/><D4/><U82/><E90/><V112/><F40/><W14/><G7/><T109/><N who="0" m="42034" /><T104/><DORA hai="30" /><D104/><U16/><REACH who="1" step="1"/><E37/><REACH who="1" ten="278,220,262,230" step="2"/><V55/><F38/><W63/><G63/><T42/><D39/><U53/><E53/><V102/><F55/><W125/><G125/><T81/><D92/><U128/><E128/><V11/><F54/><W18/><G93/><T107/><D36/><U85/><E85/><V122/><F84/><W56/><G86/><N who="0" m="50255" /><D42/><U87/><E87/><V105/><F105/><W89/><G99/><T100/><D107/><U101/><E101/><V24/><F102/><W91/><G91/><T20/><D100/><U106/><E106/><RYUUKYOKU ba="0,1" sc="278,15,220,15,262,-15,230,-15" hai0="17,20,27,35" hai1="16,19,26,31,34,50,51,57,58,59,75,76,82" /><INIT seed="1,1,1,4,3,59" ten="293,235,247,215" oya="1" hai0="113,0,131,4,31,84,100,55,21,62,2,58,81" hai1="22,118,18,10,116,16,56,33,69,49,9,60,96" hai2="24,71,120,83,35,26,44,132,50,30,95,72,124" hai3="42,34,126,3,125,88,45,13,75,103,104,54,43"/><U90/><E33/><V107/><F107/><W19/><G3/><T53/><D113/><U67/><E118/><V8/><F120/><W6/><G6/><T27/><D131/><U79/><E116/><V64/><F132/><W66/><G75/><T105/><D4/><U1/><E79/><V101/><F124/><W46/><G34/><T77/><REACH who="0" step="1"/><D55/><REACH who="0" ten="283,235,247,215" step="2"/><U65/><E65/><V134/><F64/><W68/><G54/><T70/><D70/><U135/><E69/><V32/><F71/><W38/><G66/><T91/><D91/><U36/><E90/><V97/><F134/><W106/><G68/><T122/><D122/><U15/><E135/><V17/><F101/><W47/><G88/><T119/><D119/><U41/><E67/><V40/><F83/><W94/><G103/><T28/><D28/><U133/><E133/><V130/><F30/><W25/><G126/><T5/><D5/><U102/><E102/><V7/><F7/><W48/><G125/><T129/><D129/><U37/><E18/><V23/><F130/><W93/><G19/><T85/><D85/><U12/><E16/><V127/><F127/><W87/><G87/><T123/><D123/><U14/><E96/><AGARI ba="1,2" hai="0,2,21,27,31,53,58,62,77,81,84,96,100,105" machi="96" ten="40,2600,0" yaku="1,1,52,1,53,0" doraHai="59" doraHaiUra="63" who="0" fromWho="1" sc="283,49,235,-29,247,0,215,0" /><INIT seed="2,0,0,1,4,56" ten="332,206,247,215" oya="2" hai0="54,101,9,22,32,82,65,53,86,85,10,52,135" hai1="2,132,68,75,124,25,81,127,33,116,37,73,122" hai2="60,129,114,18,109,94,112,66,34,20,87,43,74" hai3="24,12,11,26,67,134,58,125,51,126,103,102,111"/><V23/><F34/><W62/><G111/><T35/><D135/><U91/><RYUUKYOKU type="yao9" ba="0,0" sc="332,0,206,0,247,0,215,0" hai1="2,25,33,37,68,73,75,81,91,116,122,124,127,132" /><INIT seed="2,1,0,5,4,29" ten="332,206,247,215" oya="2" hai0="28,126,96,72,77,120,48,49,17,115,68,2,70" hai1="76,119,7,12,26,114,71,117,5,34,40,111,54" hai2="84,53,130,11,108,58,46,134,56,85,19,36,41" hai3="118,30,25,87,101,67,95,60,21,75,102,91,93"/><V124/><F130/><W0/><G118/><T44/><D120/><U45/><E71/><V89/><F134/><W15/><G0/><T82/><D115/><U98/><E114/><V43/><F124/><W4/><G75/><T61/><D126/><U38/><E111/><V52/><F108/><W100/><G4/><T3/><D49/><U39/><E76/><V8/><F19/><W116/><G116/><T135/><D135/><U94/><E39/><V65/><F65/><W128/><G15/><T80/><D80/><U125/><E125/><V131/><F131/><W42/><G42/><T78/><D78/><U22/><E54/><V35/><F35/><W132/><G132/><T23/><D96/><U107/><E107/><V57/><F89/><W24/><G24/><T9/><D28/><U74/><E74/><V81/><F81/><W13/><G13/><T47/><D47/><U64/><E64/><V123/><F123/><W55/><G55/><N who="2" m="21065" /><F36/><W27/><G27/><T83/><D82/><U6/><E34/><V92/><F92/><W105/><G105/><T97/><D70/><U121/><E121/><V129/><F46/><W104/><G104/><T127/><D127/><U10/><E119/><V63/><F63/><W110/><G110/><T31/><D61/><U59/><E117/><V88/><F88/><W66/><G128/><T90/><D68/><U69/><E69/><V86/><F129/><W37/><G37/><T133/><D133/><U14/><E59/><V16/><F16/><W103/><N who="3" m="25600" /><DORA hai="99" /><W51/><G93/><T106/><D106/><U109/><E109/><RYUUKYOKU ba="1,0" sc="332,-10,206,-10,247,30,215,-10" hai2="8,11,41,43,56,57,58,84,85,86" /><INIT seed="2,2,0,5,1,17" ten="322,196,277,205" oya="2" hai0="106,55,60,52,24,6,80,42,90,124,49,33,88" hai1="115,29,127,13,53,84,135,77,117,59,46,10,72" hai2="87,62,81,91,41,11,128,69,134,2,65,101,122" hai3="19,83,67,32,58,61,51,25,120,66,104,18,74"/><V20/><F122/><W39/><G39/><T22/><D106/><U64/><E115/><V110/><F128/><W9/><G120/><T85/><D33/><U37/><E117/><V93/><F134/><W112/><G104/><T27/><D124/><U8/><E72/><V4/><F41/><W21/><G32/><T108/><D108/><U31/><E64/><V35/><F35/><W111/><G111/><T34/><D6/><U103/><E103/><V121/><F121/><W45/><G112/><T3/><D3/><U119/><E119/><V36/><F36/><W75/><G67/><T56/><D34/><U114/><E114/><V125/><F125/><W102/><G102/><T133/><D27/><U95/><E135/><V12/><F110/><W48/><G48/><T109/><D109/><U47/><E37/><V23/><REACH who="2" step="1"/><F2/><REACH who="2" ten="322,196,267,205" step="2"/><W76/><G75/><T105/><D133/><U16/><E127/><V126/><F126/><W15/><G74/><T26/><D105/><U50/><E8/><V107/><F107/><W68/><G68/><T92/><D42/><U1/><E1/><V63/><F63/><W99/><G51/><T82/><D22/><U98/><E10/><V116/><F116/><W0/><G0/><T97/><REACH who="0" step="1"/><D82/><REACH who="0" ten="312,196,267,205" step="2"/><U28/><E50/><V94/><F94/><W5/><G83/><T73/><D73/><U130/><E95/><V54/><F54/><W131/><G21/><T71/><D71/><U38/><E53/><V7/><F7/><W43/><G5/><T89/><D89/><U70/><E70/><V129/><F129/><W96/><G131/><RYUUKYOKU ba="2,2" sc="312,15,196,-15,267,15,205,-15" hai0="24,26,49,52,55,56,60,80,85,88,90,92,97" hai2="4,11,12,20,23,62,65,69,81,87,91,93,101" /><INIT seed="2,3,2,3,0,119" ten="327,181,282,190" oya="2" hai0="52,108,88,104,101,7,71,125,10,99,31,60,1" hai1="97,109,58,32,38,124,98,79,63,72,49,94,110" hai2="19,106,57,11,9,28,23,89,64,24,111,123,35" hai3="92,2,96,112,78,117,6,121,107,130,122,129,128"/><V81/><F123/><N who="3" m="47115" /><G117/><T18/><D108/><U21/><E32/><V33/><F111/><W105/><G2/><T36/><D125/><U134/><E49/><V13/><F106/><N who="3" m="40459" /><G6/><T65/><D36/><U42/><E38/><V16/><F35/><W29/><G29/><T118/><D118/><U41/><E124/><V116/><F116/><W50/><G50/><T127/><D127/><U54/><E72/><V87/><REACH who="2" step="1"/><F19/><REACH who="2" ten="327,181,272,190" step="2"/><W75/><G112/><T67/><D18/><U62/><E110/><V30/><F30/><W74/><G78/><T76/><D76/><U80/><E109/><V70/><F70/><W73/><G130/><T132/><D104/><U135/><E79/><V8/><F8/><W133/><G133/><T56/><D132/><U17/><E17/><V59/><F59/><W39/><G39/><T40/><D71/><U69/><E58/><V115/><F115/><W47/><G47/><T51/><D31/><U100/><E69/><V12/><F12/><W44/><G44/><T14/><D1/><U102/><E135/><V45/><F45/><W85/><G85/><T82/><D14/><U103/><E134/><V66/><F66/><W46/><G46/><N who="0" m="26055" /><D10/><U131/><E131/><V114/><F114/><W90/><AGARI ba="3,3" hai="73,74,75,90,92,96,128,129" m="40459,47115" machi="90" ten="40,8000,1" yaku="34,2,52,3" doraHai="119" who="3" fromWho="3" sc="327,-23,181,-23,272,-43,190,119" /><INIT seed="3,0,0,2,4,38" ten="304,158,229,309" oya="3" hai0="91,102,51,134,23,5,31,40,52,26,118,88,69" hai1="11,15,46,77,130,1,13,41,105,84,64,87,55" hai2="27,109,17,19,73,96,93,107,32,65,97,111,113" hai3="39,37,71,0,75,57,18,132,127,44,100,129,62"/><W83/><G0/><T128/><D118/><U95/><E105/><V58/><F73/><W16/><G100/><T126/><D69/><U49/><E64/><V110/><F113/><W12/><G71/><T6/><D126/><U98/><E130/><V43/><F107/><W92/><G129/><T117/><D117/><U60/><E1/><V14/><F43/><W121/><G121/><T133/><D128/><U28/><E28/><V85/><F85/><W50/><G18/><T2/><D102/><U106/><E106/><V25/><F32/><W63/><G63/><T123/><D123/><U8/><E77/><V66/><F96/><W4/><G4/><T90/><D40/><U94/><E60/><N who="2" m="38039" /><F66/><W56/><G56/><T135/><REACH who="0" step="1"/><D2/><REACH who="0" ten="294,158,229,309" step="2"/><U131/><E41/><V22/><F17/><W86/><G16/><T115/><D115/><U119/><E119/><V33/><F33/><W35/><G35/><T48/><D48/><U79/><E49/><V36/><F36/><W20/><G50/><T68/><D68/><U45/><E131/><V101/><AGARI ba="0,1" hai="14,19,22,25,27,93,97,101,109,110,111" m="38039" machi="101" ten="30,1100,0" yaku="14,1" doraHai="38" who="2" fromWho="2" sc="294,-3,158,-3,229,21,309,-5" /><INIT seed="4,0,0,5,5,133" ten="291,155,250,304" oya="0" hai0="103,12,26,82,110,125,115,120,83,57,11,56,119" hai1="89,73,135,79,68,95,40,23,71,27,18,59,54" hai2="3,131,64,19,50,117,124,114,52,105,122,37,104" hai3="38,108,58,24,123,41,111,47,94,31,127,102,107"/><T130/><D119/><U106/><E106/><V34/><RYUUKYOKU type="yao9" ba="0,0" sc="291,0,155,0,250,0,304,0" hai2="3,19,34,37,50,52,64,104,105,114,117,122,124,131" /><INIT seed="4,1,0,0,0,67" ten="291,155,250,304" oya="0" hai0="54,34,103,128,8,120,49,37,95,40,108,60,3" hai1="47,73,29,121,1,116,131,104,94,42,43,102,21" hai2="36,115,50,71,105,101,82,2,87,58,96,64,20" hai3="133,9,92,30,23,113,24,26,5,10,51,38,83"/><T74/><D120/><U48/><E1/><V78/><F115/><W62/><G38/><T109/><D34/><U11/><E73/><V77/><F36/><W117/><G117/><T7/><D74/><U81/><E104/><V15/><F2/><W75/><G113/><T19/><D128/><U106/><E106/><V97/><F97/><W93/><G133/><T52/><D37/><U16/><E121/><V61/><F78/><W70/><G51/><T85/><D19/><U46/><E116/><V76/><F76/><W45/><G45/><N who="0" m="25767" /><D60/><U53/><E131/><V86/><F86/><W17/><G75/><T22/><D22/><U107/><E107/><V123/><F123/><W28/><G83/><T18/><D18/><U69/><E69/><V122/><F122/><W66/><G17/><T13/><D3/><U31/><E81/><V130/><F130/><W63/><G63/><T126/><D126/><U27/><E11/><V56/><F20/><W134/><G134/><T80/><D109/><U124/><E124/><V125/><F125/><W55/><G10/><T119/><D108/><U6/><E6/><V135/><F135/><W12/><REACH who="3" step="1"/><G55/><REACH who="3" ten="291,155,250,294" step="2"/><T25/><D119/><U41/><REACH who="1" step="1"/><E47/><REACH who="1" ten="291,145,250,294" step="2"/><V0/><F0/><W132/><G132/><T88/><D25/><U129/><E129/><V111/><F111/><W33/><AGARI ba="1,2" hai="5,9,12,23,24,26,28,30,33,62,66,70,92,93" machi="33" ten="20,8000,1" yaku="1,1,0,1,7,1,52,1,53,1" doraHai="67" doraHaiUra="4" who="3" fromWho="3" sc="291,-41,145,-21,250,-21,294,103" /><INIT seed="5,0,0,2,5,107" ten="250,124,229,397" oya="1" hai0="135,92,6,102,23,47,51,132,130,77,55,91,62" hai1="113,66,120,94,29,39,106,15,44,109,33,93,127" hai2="83,72,37,64,98,46,119,112,40,8,104,110,75" hai3="69,99,52,121,10,122,1,70,78,123,100,7,4"/><U80/><E106/><V20/><F110/><W57/><G78/><T96/><D130/><U85/><E120/><V31/><F119/><W125/><G125/><T60/><D77/><U108/><E66/><V65/><F112/><W76/><G7/><T58/><D6/><U87/><E113/><V67/><F83/><W56/><G56/><T42/><D23/><U28/><E127/><V82/><F82/><W101/><G76/><T48/><REACH who="0" step="1"/><D102/><REACH who="0" ten="240,124,229,397" step="2"/><U117/><E33/><V43/><F20/><W36/><G101/><T116/><D116/><U131/><E117/><V95/><F31/><W71/><G100/><T14/><D14/><U34/><E34/><V129/><F129/><W126/><G126/><T103/><D103/><U50/><E15/><V2/><F104/><W84/><G4/><T61/><AGARI ba="0,1" hai="42,47,48,51,55,58,60,61,62,91,92,96,132,135" machi="61" ten="30,2000,0" yaku="1,1,0,1,53,0" doraHai="107" doraHaiUra="5" who="0" fromWho="0" sc="240,30,124,-10,229,-5,397,-5" /><INIT seed="6,0,0,4,1,106" ten="270,114,224,392" oya="2" hai0="26,13,23,52,84,55,100,118,93,18,58,105,104" hai1="102,19,94,97,77,16,38,111,49,0,79,108,46" hai2="27,61,121,91,10,20,80,85,125,88,42,130,57" hai3="35,54,87,122,86,124,45,29,101,48,73,53,4"/><V90/><F125/><W1/><G73/><T117/><D55/><U32/><E38/><V129/><F121/><W44/><G122/><T21/><D118/><U115/><E0/><V98/><F42/><W103/><G124/><T17/><D117/><U7/><E7/><V62/><F10/><W70/><G70/><T11/><D11/><U33/><E115/><V99/><F62/><W41/><G4/><T9/><D9/><U134/><E134/><V68/><F68/><W92/><G1/><T5/><D5/><U89/><E32/><V132/><F132/><W78/><G35/><T112/><D112/><U110/><E33/><V25/><F25/><W56/><G29/><T96/><REACH who="0" step="1"/><D84/><REACH who="0" ten="260,114,224,392" step="2"/><U126/><E126/><V76/><F129/><W31/><G86/><T131/><D131/><U128/><E128/><V6/><F6/><W36/><G87/><T34/><D34/><U107/><E77/><V2/><F2/><W109/><G78/><T15/><D15/><U133/><E79/><V24/><F24/><W40/><G54/><T82/><D82/><U14/><E133/><V64/><REACH who="2" step="1"/><F130/><REACH who="2" ten="260,114,214,392" step="2"/><W47/><G41/><T119/><D119/><U22/><E14/><V59/><F59/><W50/><G56/><T135/><D135/><U30/><E22/><V65/><F65/><W69/><G40/><T67/><D67/><U66/><E66/><V114/><F114/><W127/><G127/><T83/><D83/><U74/><E111/><V3/><F3/><W60/><G109/><T123/><D123/><U95/><E110/><V120/><F120/><W8/><G69/><RYUUKYOKU ba="0,2" sc="260,15,114,-15,214,15,392,-15" hai0="13,17,18,21,23,26,52,58,93,96,100,104,105" hai2="20,27,57,61,64,76,80,85,88,90,91,98,99" /><INIT seed="6,1,2,5,1,84" ten="275,99,229,377" oya="2" hai0="81,33,92,0,62,70,11,5,32,12,16,19,85" hai1="98,13,21,93,69,103,14,30,44,18,129,48,52" hai2="39,125,40,88,107,61,51,115,90,42,116,114,27" hai3="102,66,100,86,75,111,49,26,24,38,31,132,65"/><V73/><F39/><W99/><G75/><T101/><D101/><U34/><E69/><V97/><F73/><W6/><G38/><T2/><D92/><U128/><E34/><V20/><F125/><W45/><G102/><T15/><D70/><U79/><E30/><V133/><F133/><W96/><G96/><T22/><D62/><U131/><REACH who="1" step="1"/><E79/><REACH who="1" ten="275,89,229,377" step="2"/><V82/><F116/><W41/><G31/><T134/><D134/><U108/><E108/><V123/><F123/><W63/><G111/><T121/><D121/><U117/><E117/><V43/><F115/><W67/><G132/><T118/><D118/><U50/><E50/><V106/><F114/><W7/><G49/><T56/><D33/><U74/><E74/><V130/><F130/><W10/><G63/><T9/><D32/><U25/><AGARI ba="1,3" hai="13,14,18,21,25,44,48,52,93,98,103,128,129,131" machi="25" ten="30,8000,1" yaku="1,1,0,1,19,1,54,1,53,1" doraHai="84" doraHaiUra="95" who="1" fromWho="1" sc="275,-21,89,113,229,-41,377,-21" /><INIT seed="7,0,0,0,5,126" ten="254,202,188,356" oya="3" hai0="91,82,47,102,6,77,100,66,42,63,19,115,1" hai1="70,111,84,29,7,83,79,112,55,78,69,37,128" hai2="131,75,8,124,23,48,49,123,18,34,76,52,30" hai3="117,94,127,10,122,113,21,89,130,11,93,118,105"/><W99/><G105/><T58/><D115/><U59/><E37/><V125/><F34/><W3/><G122/><T46/><D46/><U110/><E29/><V92/><F123/><W45/><G113/><T35/><D91/><U22/><E112/><V9/><F30/><W16/><G127/><N who="2" m="48713" /><F131/><W51/><G11/><N who="0" m="2511" /><D19/><U116/><E128/><V40/><F40/><W32/><G130/><T17/><D17/><U27/><E116/><V39/><F39/><W109/><G109/><T103/><D103/><U133/><E133/><V107/><F107/><W20/><G32/><T132/><D132/><U15/><E111/><V43/><F43/><W120/><G120/><T13/><D13/><U67/><E110/><V65/><F65/><W135/><G135/><T108/><D35/><U31/><E67/><V104/><F104/><W106/><G106/><T86/><D108/><U0/><E0/><V28/><F28/><W85/><G3/><T54/><D66/><U56/><E70/><V44/><F48/><W33/><G33/><T114/><D114/><U36/><E36/><V61/><F61/><W101/><G118/><T57/><D63/><N who="1" m="36255" /><E69/><V97/><F76/><W26/><G117/><T50/><D42/><U2/><E79/><V95/><F75/><W25/><G51/><T64/><D64/><U88/><E78/><V68/><F68/><W12/><G45/><T4/><D47/><U53/><E2/><V80/><F80/><W96/><G96/><T121/><D77/><U87/><E53/><V98/><F98/><W129/><G129/><T73/><D121/><U41/><E41/><RYUUKYOKU ba="0,0" sc="254,-10,202,-10,188,-10,356,30" hai3="10,12,16,20,21,25,26,85,89,93,94,99,101" owari="244,4.0,192,-21.0,178,-32.0,386,49.0" /></mjloggm>