<mjloggm ver="2.3"><GO type="97" lobby="0"/><UN n0="%E5%B0%B1%E6%B4%BB%E7%94%9F%40%E5%B7%9D%E6%9D%91%E8%BB%8D%E5%9B%A3" n1="%78%2D%6D%61%74%75" n2="%E3%82%80%E3%81%A1%E3%82%83%E3%81%94%E3%82%8D%E3%81%86" n3="%69%61%73%6B%79%30%32" dan="17,13,14,13" rate="2164.85,1834.32,1907.69,1901.79" sx="M,M,M,M"/><TAIKYOKU oya="0"/><INIT seed="0,0,0,2,4,101" ten="250,250,250,250" oya="0" hai0="99,11,83,59,58,0,17,53,16,23,26,91,24" hai1="14,69,123,90,94,125,15,43,4,21,131,27,44" hai2="62,68,78,20,129,119,112,61,126,5,9,54,52" hai3="6,128,22,19,30,110,49,12,36,122,135,71,73"/><T10/><D0/><U55/><E123/><V1/><F112/><W102/><G36/><T63/><D59/><U41/><E131/><V81/><F129/><W114/><G73/><T29/><D17/><U48/><E125/><V107/><F126/><W92/><G71/><T50/><D50/><U105/><E69/><V37/><F37/><W87/><G114/><T25/><D25/><U89/><E105/><V132/><F132/><W88/><G128/><T82/><D82/><U51/><E43/><V70/><F107/><W93/><G122/><T118/><D118/><U113/><E113/><V7/><F119/><W57/><G135/><T134/><D134/><U65/><E65/><V47/><F7/><W104/><G104/><T2/><D2/><U8/><E94/><V33/><F33/><W97/><G110/><T67/><D67/><U111/><E14/><V95/><F95/><W39/><G39/><T133/><D133/><U84/><E84/><V115/><F115/><W106/><G106/><T124/><D124/><U77/><E77/><V130/><F130/><W117/><G117/><T60/><D60/><N who="2" m="23146" /><F20/><W86/><G86/><N who="0" m="50655" /><D99/><U100/><E111/><V120/><F120/><W108/><G108/><T96/><D96/><U38/><E38/><V13/><F1/><W40/><G30/><T35/><D35/><U18/><E100/><V98/><F98/><W28/><G28/><T31/><D29/><U64/><E64/><V32/><F32/><W116/><G116/><T45/><D45/><AGARI ba="0,0" hai="4,8,15,18,21,27,41,44,45,48,51,55,89,90" machi="45" ten="30,2000,0" yaku="7,1,8,1" doraHai="101" who="1" fromWho="0" sc="250,-20,250,20,250,0,250,0" /><INIT seed="1,0,0,4,5,104" ten="230,270,250,250" oya="1" hai0="67,91,27,6,116,99,45,83,40,82,16,79,56" hai1="43,26,74,12,10,88,9,111,102,29,103,95,54" hai2="35,92,121,5,48,61,52,123,22,72,86,20,32" hai3="1,24,66,70,14,134,126,47,114,18,15,0,105"/><U41/><E74/><V124/><F124/><W96/><G105/><T3/><D116/><U101/><E111/><V85/><F5/><W127/><G96/><T68/><D68/><U25/><E25/><V98/><F72/><W81/><G70/><T75/><D67/><U51/><E10/><V23/><F61/><W57/><G81/><T120/><D56/><U94/><E94/><V73/><F73/><W132/><G66/><T28/><D120/><U78/><E78/><V113/><F113/><W93/><G57/><T69/><D69/><U128/><E128/><V133/><F133/><N who="3" m="51307" /><G93/><T80/><D80/><U129/><E129/><V44/><F123/><W135/><G47/><T77/><D91/><U109/><E109/><V7/><F7/><W118/><G114/><T49/><D99/><N who="1" m="57831" /><E26/><V11/><F11/><W39/><G39/><T50/><D28/><U65/><E29/><V90/><REACH who="2" step="1"/><F121/><REACH who="2" ten="230,270,240,250" step="2"/><W60/><G60/><T71/><D71/><U107/><E65/><V130/><F130/><W122/><G122/><T36/><D6/><N who="1" m="3127" /><E107/><V34/><AGARI ba="0,1" hai="20,22,23,32,34,35,44,48,52,85,86,90,92,98" machi="34" ten="40,5200,0" yaku="1,1,0,1,54,1,53,0" doraHai="104" doraHaiUra="125" who="2" fromWho="2" sc="230,-13,270,-26,240,62,250,-13" /><INIT seed="2,0,0,1,1,20" ten="217,244,302,237" oya="2" hai0="35,19,52,78,77,4,40,28,122,72,29,3,7" hai1="11,99,131,93,12,10,22,55,125,61,88,105,17" hai2="116,57,76,98,13,127,39,129,44,21,36,79,2" hai3="95,70,101,107,23,56,90,53,0,133,33,65,32"/><V26/><F116/><W113/><G133/><T51/><D122/><U75/><E125/><V5/><F2/><W87/><G113/><T119/><D119/><U106/><E131/><V84/><F127/><W43/><G0/><T120/><D120/><U25/><E75/><V114/><F129/><W117/><G117/><T58/><D72/><U14/><E14/><V30/><F114/><W34/><G43/><T38/><D3/><U59/><E11/><N who="2" m="4335" /><F39/><W42/><G42/><T100/><D100/><U135/><REACH who="1" step="1"/><E135/><REACH who="1" ten="217,234,302,237" step="2"/><V60/><F36/><W8/><G8/><T81/><D38/><U103/><E103/><V80/><F44/><W47/><G47/><T128/><D128/><U132/><E132/><V68/><F68/><W86/><G101/><T62/><D4/><AGARI ba="0,1" hai="4,10,12,17,22,25,55,59,61,88,93,99,105,106" machi="4" ten="30,12000,2" yaku="1,1,7,1,25,2,52,1,54,1,53,0" doraHai="20" doraHaiUra="74" who="1" fromWho="0" sc="217,-120,234,130,302,0,237,0" /><INIT seed="3,0,0,0,4,27" ten="97,364,302,237" oya="3" hai0="15,49,47,120,72,9,92,70,81,18,60,112,4" hai1="111,20,67,91,77,125,52,87,50,128,16,68,114" hai2="129,58,30,22,97,105,82,53,79,23,8,127,80" hai3="83,94,122,28,36,69,25,124,10,34,61,113,123"/><W85/><G36/><T95/><D120/><U84/><E114/><V13/><F127/><W19/><G113/><T40/><D112/><U17/><E125/><V24/><F129/><W41/><G41/><T106/><D106/><U35/><E128/><V134/><F134/><W90/><G124/><T108/><D108/><U29/><E111/><V100/><F23/><W57/><G69/><T117/><D117/><U45/><E35/><V21/><F21/><W44/><G44/><T43/><D43/><U55/><E55/><V131/><F79/><W56/><G56/><T110/><D110/><U1/><E1/><V63/><REACH who="2" step="1"/><F131/><REACH who="2" ten="97,364,292,237" step="2"/><W103/><G122/><T98/><D72/><U62/><E77/><V6/><AGARI ba="0,1" hai="6,8,13,22,24,30,53,58,63,80,82,97,100,105" machi="6" ten="20,8000,1" yaku="1,1,2,1,0,1,7,1,52,1,53,0" doraHai="27" doraHaiUra="109" who="2" fromWho="2" sc="97,-20,364,-20,292,90,237,-40" owari="77,-42.0,344,14.0,382,48.0,197,-20.0" /></mjloggm>