<mjloggm ver="2.3"><GO type="41" lobby="0"/><UN n0="%E5%B0%B1%E6%B4%BB%E7%94%9F%40%E5%B7%9D%E6%9D%91%E8%BB%8D%E5%9B%A3" n1="%E3%83%9C%E3%83%AD%E3%83%B3%E3%82%B4" n2="%74%61%6B%61%31%32" n3="%E3%82%B2%E3%82%A4%E9%9B%80%E5%A3%AB" dan="17,13,13,14" rate="2193.19,1903.71,1935.02,1951.13" sx="M,M,M,M"/><TAIKYOKU oya="0"/><INIT seed="0,0,0,3,4,130" ten="250,250,250,250" oya="0" hai0="34,133,107,5,40,61,8,104,115,43,132,60,70" hai1="71,116,30,83,11,118,110,17,54,81,49,74,37" hai2="59,14,45,98,6,55,117,20,96,31,44,101,7" hai3="131,102,106,67,129,3,78,103,109,16,125,122,128"/><T19/><D115/><U108/><E37/><V39/><F39/><W91/><G3/><T52/><D34/><U126/><E71/><V51/><F117/><W80/><G67/><T42/><D19/><U124/><E30/><V97/><F7/><W87/><G122/><T63/><D70/><U135/><E11/><V113/><F113/><W127/><G16/><T79/><D79/><N who="1" m="44279" /><E17/><V47/><F31/><W50/><G50/><T58/><D107/><U94/><E83/><V23/><F101/><W36/><G36/><T85/><D85/><U100/><E100/><N who="3" m="38442" /><G109/><N who="1" m="42090" /><E94/><V56/><F56/><W22/><G22/><T90/><D90/><U112/><E112/><V28/><F28/><W53/><G53/><T65/><D104/><U93/><E93/><V32/><F32/><W68/><G68/><T12/><REACH who="0" step="1"/><D65/><REACH who="0" ten="240,250,250,250" step="2"/><U66/><E66/><V123/><F123/><W95/><G106/><T75/><D75/><AGARI ba="0,1" hai="75,78,80,87,91,95,125,127,128,129,131" m="38442" machi="75" ten="40,5200,0" yaku="19,1,34,2" doraHai="130" who="3" fromWho="0" sc="240,-52,250,0,250,0,250,62" /><INIT seed="1,0,0,2,3,17" ten="188,250,250,312" oya="1" hai0="111,62,50,49,91,129,10,35,54,104,122,15,115" hai1="48,57,24,85,125,80,4,61,59,110,66,133,6" hai2="89,70,103,45,40,112,101,34,3,105,117,127,107" hai3="28,69,55,93,21,25,26,9,99,106,98,90,81"/><U135/><E125/><V31/><F117/><W27/><G69/><T53/><D115/><U2/><E110/><V102/><F127/><W82/><G9/><T78/><D104/><U68/><E2/><V43/><F112/><W18/><G106/><T20/><D35/><U33/><E33/><V65/><F3/><W83/><G28/><T100/><D100/><U30/><E30/><V23/><F43/><W67/><G67/><T12/><D122/><U120/><E24/><V134/><F134/><N who="1" m="51209" /><E120/><V132/><F132/><W74/><G74/><T96/><D78/><N who="1" m="46231" /><E48/><V113/><F89/><W114/><G114/><T130/><D111/><U56/><AGARI ba="0,0" hai="4,6,56,57,59,61,66,68" m="46231,51209" machi="56" ten="30,1500,0" yaku="20,1" doraHai="17" who="1" fromWho="1" sc="188,-5,250,15,250,-5,312,-5" /><INIT seed="1,1,0,2,5,44" ten="183,265,245,307" oya="1" hai0="112,13,20,57,97,90,36,83,114,125,37,54,49" hai1="96,67,118,130,16,15,70,92,31,59,58,28,39" hai2="64,17,25,9,32,35,133,41,73,95,3,121,45" hai3="87,109,120,119,105,134,77,66,53,128,81,93,103"/><U113/><E113/><V14/><F121/><W43/><G66/><T84/><D125/><U129/><E118/><V98/><F73/><W50/><G43/><T79/><D112/><U88/><E39/><V26/><F133/><W75/><G120/><T18/><D114/><U8/><E70/><V24/><F64/><W106/><G134/><T100/><REACH who="0" step="1"/><D79/><REACH who="0" ten="173,265,245,307" step="2"/><U116/><E116/><V86/><F35/><W61/><G119/><T110/><D110/><U30/><REACH who="1" step="1"/><E67/><REACH who="1" ten="173,255,245,307" step="2"/><V76/><F32/><W126/><G109/><T122/><D122/><U33/><E33/><V85/><F3/><W108/><G126/><T127/><D127/><U47/><E47/><V89/><REACH who="2" step="1"/><F76/><REACH who="2" ten="173,255,235,307" step="2"/><W69/><G108/><T71/><D71/><U4/><E4/><V12/><F12/><W80/><G69/><T52/><D52/><U91/><E91/><V56/><F56/><AGARI ba="1,3" hai="8,15,16,28,30,31,56,58,59,88,92,96,129,130" machi="56" ten="40,18000,2" yaku="1,1,54,2,53,3" doraHai="44" doraHaiUra="55" who="1" fromWho="2" sc="173,0,255,213,235,-183,307,0" /><INIT seed="1,2,0,3,4,94" ten="173,468,52,307" oya="1" hai0="11,81,96,59,52,17,24,3,73,58,1,29,34" hai1="70,22,13,119,86,122,60,106,72,134,49,69,74" hai2="118,62,36,126,76,83,68,84,18,116,133,33,46" hai3="120,123,20,10,101,104,107,114,5,30,47,102,54"/><U2/><E119/><V43/><F33/><W65/><G114/><T131/><D131/><U23/><E122/><V82/><F118/><W53/><G65/><T112/><D112/><U4/><E2/><V128/><F128/><W15/><G30/><T14/><D59/><U103/><E134/><V79/><F133/><W67/><G67/><T117/><D117/><U21/><E49/><V51/><F126/><W0/><G0/><T129/><D129/><U31/><E31/><V28/><F116/><W45/><G20/><T109/><D109/><U35/><E35/><V105/><F105/><W12/><G10/><T48/><D73/><U25/><E25/><V93/><F28/><W92/><G92/><T27/><D27/><U61/><E61/><V87/><F68/><W95/><G95/><T99/><REACH who="0" step="1"/><D81/><REACH who="0" ten="163,468,52,307" step="2"/><U19/><E72/><V26/><F26/><W98/><G120/><T115/><D115/><U110/><E74/><V16/><F36/><W55/><G123/><T97/><AGARI ba="2,1" hai="1,3,11,14,17,24,29,34,48,52,58,96,97,99" machi="97" ten="30,12000,2" yaku="1,1,0,1,52,3,54,1,53,0" doraHai="94" doraHaiUra="135" who="0" fromWho="0" sc="163,136,468,-62,52,-32,307,-32" /><INIT seed="2,0,0,5,3,109" ten="299,406,20,275" oya="2" hai0="35,74,84,60,100,127,105,3,91,36,52,47,61" hai1="15,33,26,97,69,134,120,38,89,93,31,110,65" hai2="1,80,106,34,51,39,73,135,49,95,128,75,62" hai3="70,102,16,27,103,132,29,113,2,67,116,23,133"/><V82/><F39/><W42/><G2/><T108/><D74/><U124/><E38/><V21/><F34/><W122/><G122/><T46/><D3/><U56/><E110/><V20/><F135/><W59/><G70/><T13/><D35/><U43/><E69/><V85/><F128/><W22/><G42/><T12/><D108/><U17/><E134/><N who="3" m="51818" /><G116/><T115/><D115/><U53/><E120/><V11/><F106/><W107/><G107/><T18/><D127/><U117/><E117/><V131/><F131/><W25/><G113/><T72/><D72/><U86/><E43/><V119/><F119/><W14/><G27/><T6/><D6/><U50/><E65/><V44/><F51/><W79/><G79/><T32/><D32/><U94/><E124/><V40/><F73/><W121/><G121/><T90/><D105/><U126/><E126/><V58/><F75/><W30/><G30/><T37/><D18/><U9/><REACH who="1" step="1"/><E97/><REACH who="1" ten="299,396,20,275" step="2"/><V0/><F1/><W28/><G67/><T130/><D130/><U81/><AGARI ba="0,1" hai="9,15,17,26,31,33,50,53,56,81,86,89,93,94" machi="81" ten="20,5200,0" yaku="1,1,2,1,0,1,7,1,53,0" doraHai="109" doraHaiUra="118" who="1" fromWho="1" sc="299,-13,396,62,20,-26,275,-13" owari="286,9.0,458,56.0,-6,-51.0,262,-14.0" /></mjloggm>