<mjloggm ver="2.3"><GO type="169" lobby="0"/><UN n0="%E5%B0%B1%E6%B4%BB%E7%94%9F%40%E5%B7%9D%E6%9D%91%E8%BB%8D%E5%9B%A3" n1="%E5%80%89%E6%A9%8B%EF%BC%A0%E4%BA%8B%E5%8B%99" n2="%E6%9D%BE%E5%B1%8B%E3%81%8A%E3%81%98%E3%81%95%E3%82%93" n3="%6B%6F%6A%69%6D%6F%6E%39" dan="17,16,16,16" rate="2133.36,2121.44,2127.65,2137.00" sx="M,M,M,M"/><TAIKYOKU oya="0"/><INIT seed="0,0,0,2,1,15" ten="250,250,250,250" oya="0" hai0="63,118,3,21,94,114,119,134,20,24,97,74,56" hai1="44,7,55,42,39,33,18,38,73,51,77,93,50" hai2="103,49,86,81,123,14,112,69,127,61,6,124,128" hai3="130,19,122,28,52,98,43,80,5,1,17,99,2"/><T26/><D3/><U125/><E33/><V30/><F112/><W106/><G43/><T131/><D74/><U13/><E125/><V100/><F123/><W36/><G36/><T4/><D4/><U110/><E110/><V83/><F30/><W79/><G122/><T126/><D114/><U90/><E7/><V23/><F128/><W40/><G40/><T76/><D76/><U57/><E77/><V29/><F49/><W32/><G130/><T88/><D131/><U121/><E73/><V67/><F81/><W71/><G71/><T129/><D129/><U84/><REACH who="1" step="1"/><E121/><REACH who="1" ten="250,240,250,250" step="2"/><V120/><F120/><W108/><G32/><T91/><D126/><U66/><E66/><V22/><F6/><W10/><G108/><T105/><D134/><U37/><E37/><V46/><F67/><W47/><G79/><T34/><D34/><U35/><E35/><V62/><F124/><W117/><G5/><T111/><D111/><U64/><E64/><V31/><F127/><W8/><G2/><T27/><D105/><U75/><E75/><V87/><F69/><W115/><G1/><T109/><D109/><U104/><E104/><V102/><F31/><W25/><G106/><T41/><D118/><U59/><E59/><V0/><F29/><W132/><G117/><T16/><D119/><U11/><AGARI ba="0,1" hai="11,13,18,38,39,42,44,50,51,55,57,84,90,93" machi="11" ten="20,5200,0" yaku="1,1,0,1,7,1,52,1,53,0" doraHai="15" doraHaiUra="107" who="1" fromWho="1" sc="250,-26,240,62,250,-13,250,-13" /><INIT seed="1,0,0,4,4,46" ten="224,302,237,237" oya="1" hai0="134,65,43,78,71,0,56,51,66,69,90,2,88" hai1="49,9,24,119,37,34,117,89,13,133,75,135,124" hai2="93,7,20,64,84,96,41,39,99,53,47,122,54" hai3="72,33,26,70,106,67,77,18,92,98,36,60,14"/><U102/><E37/><V80/><F122/><W23/><G36/><T111/><D111/><U103/><E75/><V81/><F81/><W45/><G45/><T42/><D56/><U127/><E89/><V32/><F32/><W44/><G44/><T104/><D104/><U107/><E107/><V35/><F35/><W58/><G106/><T29/><D29/><N who="1" m="19751" /><E102/><V109/><F7/><W100/><G70/><T4/><D4/><N who="1" m="3239" /><E49/><V112/><F64/><W79/><G72/><T85/><D85/><U6/><E6/><V94/><F94/><W129/><G129/><T120/><D78/><U131/><E103/><V123/><F93/><W68/><G68/><T82/><D82/><U19/><E19/><V86/><F86/><W126/><G126/><N who="1" m="48170" /><E131/><V21/><F84/><W108/><G79/><T110/><D51/><U59/><E59/><V8/><F96/><W76/><G77/><T25/><D71/><U125/><E125/><V63/><F99/><W40/><G76/><T62/><D69/><U101/><E101/><V52/><F80/><W113/><G98/><T48/><D90/><U1/><E1/><V130/><F130/><W38/><G100/><T11/><D88/><U3/><E3/><V31/><F47/><W116/><G38/><T121/><D48/><U22/><E22/><V128/><F128/><W73/><G73/><T97/><D0/><U27/><E27/><V12/><F39/><W114/><G92/><T83/><D25/><U87/><E87/><V132/><F20/><W55/><G26/><T50/><D2/><U91/><E91/><V115/><F21/><RYUUKYOKU ba="0,0" sc="224,-10,302,30,237,-10,237,-10" hai1="117,119,133,135" /><INIT seed="1,1,0,4,5,90" ten="214,332,227,227" oya="1" hai0="3,61,13,100,11,125,31,93,41,9,86,122,19" hai1="75,73,16,43,54,22,39,40,132,117,101,103,77" hai2="52,44,87,14,49,115,126,108,79,133,53,50,5" hai3="15,85,104,121,24,81,4,110,62,71,27,89,33"/><U98/><E117/><V124/><F108/><W57/><G121/><T127/><D122/><U55/><E132/><V88/><F133/><W113/><G110/><T111/><D111/><U59/><E55/><V2/><F2/><W82/><G113/><T106/><D106/><U64/><E64/><V45/><F115/><W46/><G33/><T58/><D41/><U96/><E103/><V119/><F79/><W1/><G104/><T107/><D107/><U102/><E102/><V42/><F119/><W94/><G71/><T30/><D3/><U12/><E39/><V109/><F109/><W114/><G46/><T130/><D130/><U78/><E75/><V118/><F118/><W80/><G1/><T112/><D11/><U65/><E65/><V105/><F105/><W69/><G69/><T83/><D112/><U128/><E128/><V63/><F63/><W134/><G134/><T76/><D125/><N who="2" m="48234" /><F14/><W123/><G123/><T25/><D25/><U8/><E8/><V60/><F5/><W74/><G74/><T29/><D127/><U20/><E20/><V95/><F60/><W10/><REACH who="3" step="1"/><G114/><REACH who="3" ten="214,332,227,217" step="2"/><T17/><D58/><U131/><E131/><V120/><F120/><W51/><G51/><N who="2" m="19465" /><F45/><W48/><G48/><AGARI ba="1,1" hai="42,44,48,52,53,87,88,95" m="19465,48234" machi="48" ten="30,7700,0" yaku="18,1,52,1,54,2" doraHai="90" who="2" fromWho="3" sc="214,0,332,0,227,90,217,-80" /><INIT seed="2,0,0,0,3,97" ten="214,332,317,137" oya="2" hai0="66,29,1,55,60,5,88,127,34,14,91,52,86" hai1="33,15,2,121,12,23,135,49,90,46,53,104,80" hai2="73,99,62,76,133,102,87,71,134,85,75,79,24" hai3="81,131,17,128,77,51,20,38,7,30,120,111,4"/><V31/><F71/><W59/><G38/><T96/><D1/><U45/><E2/><V27/><F62/><W106/><G30/><T69/><D127/><U10/><E33/><V37/><F37/><W82/><G106/><T117/><D117/><U22/><E104/><V132/><F31/><W83/><G120/><T67/><D67/><U64/><E64/><V13/><F13/><W65/><G77/><N who="2" m="29769" /><F24/><N who="3" m="14351" /><G111/><T122/><D122/><U100/><E121/><V78/><F27/><W129/><G51/><T42/><D42/><U61/><E61/><AGARI ba="0,0" hai="4,7,59,61,65,81,82,83,128,129,131" m="14351" machi="61" ten="40,1300,0" yaku="19,1" doraHai="97" who="3" fromWho="1" sc="214,0,332,-13,317,0,137,13" /><INIT seed="3,0,0,1,3,57" ten="214,319,317,150" oya="3" hai0="104,93,5,46,80,83,130,30,100,114,48,26,78" hai1="105,14,67,35,71,129,125,134,109,106,0,62,117" hai2="60,124,133,82,20,89,72,3,7,27,11,119,66" hai3="17,6,86,4,107,12,34,120,44,51,8,113,132"/><W40/><G113/><T127/><D130/><U18/><RYUUKYOKU type="yao9" ba="0,0" sc="214,0,319,0,317,0,150,0" hai1="0,14,18,35,62,67,71,105,106,109,117,125,129,134" /><INIT seed="3,1,0,1,2,30" ten="214,319,317,150" oya="3" hai0="123,5,89,20,1,128,84,15,42,135,58,73,122" hai1="80,104,46,119,2,41,39,23,94,3,97,132,68" hai2="4,32,91,27,76,34,16,25,116,35,45,70,86" hai3="99,131,88,61,57,11,77,28,72,9,12,69,51"/><W55/><G131/><T50/><D73/><U59/><E104/><V83/><F116/><W44/><G69/><T108/><D128/><U19/><E68/><V26/><F70/><W21/><G77/><T103/><D135/><U115/><E115/><V6/><F16/><N who="3" m="10375" /><G28/><T107/><D108/><U106/><E106/><V129/><F129/><W133/><G72/><T13/><D1/><U113/><E113/><V10/><F45/><W117/><G133/><T90/><D90/><U40/><E132/><V0/><REACH who="2" step="1"/><F4/><REACH who="2" ten="214,319,307,150" step="2"/><W37/><G117/><T87/><D5/><U17/><E46/><V53/><F53/><N who="3" m="29927" /><G37/><T114/><D42/><U56/><E41/><V64/><F64/><W93/><AGARI ba="1,1" hai="9,11,55,57,61,88,93,99" m="29927,10375" machi="93" ten="30,6000,0" yaku="8,1,54,2" doraHai="30" who="3" fromWho="3" sc="214,-21,319,-21,307,-21,150,73" /><INIT seed="3,2,0,4,2,85" ten="193,298,286,223" oya="3" hai0="74,129,0,127,106,5,31,97,11,96,20,102,113" hai1="101,128,17,9,50,119,126,111,71,40,114,54,13" hai2="48,104,35,64,32,16,118,124,2,59,87,37,116" hai3="45,122,34,61,29,15,92,33,27,88,12,130,51"/><W110/><G122/><T18/><D74/><U105/><E71/><V73/><F73/><W120/><G120/><T62/><D127/><U108/><E114/><V109/><F37/><W63/><G34/><T121/><D121/><U117/><E40/><V28/><F2/><W99/><G130/><T93/><D113/><U8/><E105/><V112/><F104/><W72/><G72/><T83/><D129/><U67/><E67/><V10/><F109/><N who="1" m="42057" /><E101/><V79/><F64/><W69/><G110/><T4/><D4/><U68/><E68/><V3/><F3/><W91/><G91/><T95/><D31/><U38/><E38/><V60/><F28/><W100/><G100/><T53/><D53/><U24/><E128/><V65/><F65/><W86/><G99/><T25/><D62/><U77/><E77/><V47/><F60/><W49/><G69/><T89/><REACH who="0" step="1"/><D83/><REACH who="0" ten="183,298,286,223" step="2"/><U134/><E126/><V82/><F82/><W43/><G63/><T52/><D52/><U42/><E54/><V39/><F124/><W1/><G61/><T103/><D103/><U107/><E119/><V56/><F112/><W46/><G1/><T132/><D132/><U90/><E134/><V57/><F116/><W30/><G29/><T135/><D135/><U131/><E131/><V115/><F115/><W123/><G123/><T7/><D7/><U14/><E117/><V125/><F125/><W22/><G33/><T133/><D133/><U26/><E42/><AGARI ba="2,1" hai="12,15,22,27,30,42,43,45,46,49,51,86,88,92" machi="42" ten="30,12000,1" yaku="7,1,9,1,8,1,52,1,54,1" doraHai="85" who="3" fromWho="1" sc="183,0,298,-126,286,0,223,136" /><INIT seed="3,3,0,0,2,107" ten="183,172,286,359" oya="3" hai0="36,42,114,130,110,54,53,135,63,65,34,73,99" hai1="94,133,116,40,29,17,55,0,30,109,71,126,14" hai2="100,38,4,85,127,118,68,91,66,96,122,8,103" hai3="26,115,58,101,50,104,33,5,131,25,125,32,67"/><W27/><G115/><T41/><D34/><U46/><E0/><V80/><F118/><W88/><G5/><T11/><D11/><U113/><E113/><V62/><F127/><W117/><G117/><T124/><D114/><U28/><E116/><V98/><F38/><W79/><G79/><T64/><D99/><U74/><E71/><V2/><F122/><W72/><G72/><T70/><D73/><U57/><E126/><V132/><F132/><W18/><G125/><T35/><D35/><U45/><E133/><V84/><F96/><W129/><G101/><T49/><D124/><U108/><E74/><V10/><F98/><W112/><G104/><T105/><D105/><U31/><N who="1" m="7168" /><DORA hai="78" /><U83/><E94/><V21/><F21/><W106/><G106/><T81/><D81/><U90/><E45/><V120/><F120/><W47/><G18/><T111/><D135/><U59/><E59/><V56/><F10/><W22/><G22/><T92/><D92/><U128/><E128/><N who="3" m="49226" /><G112/><T102/><D102/><U86/><E57/><V1/><F1/><W75/><G75/><T61/><D130/><U48/><REACH who="1" step="1"/><E40/><REACH who="1" ten="183,162,286,359" step="2"/><V44/><F44/><W15/><G33/><T19/><D70/><U43/><E43/><V77/><F68/><W121/><G32/><T24/><D42/><U20/><AGARI ba="3,1" hai="14,17,20,46,48,55,83,86,90,108,109" m="7168" machi="20" ten="40,8000,1" yaku="1,1,0,1,52,1,53,2" doraHai="107,78" doraHaiUra="51,16" who="1" fromWho="1" sc="183,-23,162,99,286,-23,359,-43" /><INIT seed="4,0,0,3,0,116" ten="160,261,263,316" oya="0" hai0="98,75,103,58,134,85,72,50,42,69,70,14,43" hai1="1,132,20,48,100,125,128,65,113,6,77,97,126" hai2="80,104,133,62,129,28,76,53,19,110,24,32,63" hai3="29,38,93,21,71,86,7,122,81,124,18,115,91"/><T44/><D134/><U47/><E65/><V13/><F110/><W49/><G38/><T0/><D0/><U119/><E119/><V22/><F104/><W88/><G71/><T114/><D114/><U82/><E132/><V9/><F129/><W8/><G115/><T130/><D130/><U54/><E128/><V135/><F62/><W95/><G29/><T46/><D85/><U45/><E113/><V40/><F40/><W79/><G122/><T56/><D14/><U67/><E67/><V37/><F37/><W26/><G49/><T33/><D33/><U107/><E6/><V92/><F92/><W83/><G124/><T64/><D64/><U27/><E45/><V16/><F63/><W94/><REACH who="3" step="1"/><G83/><REACH who="3" ten="160,261,263,306" step="2"/><T3/><D70/><U34/><E34/><V25/><REACH who="2" step="1"/><F53/><REACH who="2" ten="160,261,253,306" step="2"/><W4/><G4/><T15/><D69/><U111/><E126/><V11/><F11/><W123/><G123/><T10/><D42/><U73/><E125/><V106/><F106/><W109/><G109/><T12/><D46/><U31/><E111/><V57/><F57/><W117/><G117/><T87/><D44/><U23/><E107/><V118/><F118/><W74/><G74/><AGARI ba="0,2" hai="9,13,16,19,22,24,25,28,32,74,76,80,133,135" machi="74" ten="40,2600,0" yaku="1,1,54,1,53,0" doraHai="116" doraHaiUra="36" who="2" fromWho="3" sc="160,0,261,0,253,46,306,-26" /><INIT seed="5,0,0,0,3,92" ten="160,261,299,280" oya="1" hai0="52,94,25,22,61,102,23,75,60,34,104,30,105" hai1="16,68,69,9,87,49,109,131,116,100,97,27,8" hai2="122,127,42,37,18,7,98,44,85,79,121,46,93" hai3="19,117,134,57,80,67,65,86,12,17,103,73,21"/><U6/><E116/><V135/><F127/><W101/><G73/><T31/><D75/><U59/><E131/><V132/><F7/><W63/><G134/><N who="2" m="51241" /><F18/><W13/><G67/><T88/><D102/><U20/><E109/><V118/><F118/><W47/><G47/><T36/><D36/><U2/><E87/><V74/><F85/><W0/><G0/><T3/><D3/><U48/><E9/><V84/><F84/><W33/><G33/><T58/><D61/><U99/><E49/><V45/><F79/><N who="3" m="46367" /><G117/><T129/><D129/><U56/><E56/><V35/><F35/><W28/><G28/><T66/><D66/><U125/><E125/><V89/><F74/><W106/><G106/><T119/><D119/><U40/><E99/><V5/><F5/><W24/><G24/><T55/><D55/><U1/><E1/><V39/><F42/><W83/><G83/><T128/><D128/><U114/><E114/><V54/><F54/><W95/><G95/><T11/><D11/><AGARI ba="0,0" hai="11,12,13,17,19,21,57,63,65,101,103" m="46367" machi="11" ten="30,1000,0" yaku="8,1" doraHai="92" who="3" fromWho="0" sc="160,-10,261,0,299,0,280,10" /><INIT seed="6,0,0,4,2,100" ten="150,261,299,290" oya="2" hai0="9,74,127,62,114,49,105,37,46,14,21,0,40" hai1="52,125,48,2,98,17,60,36,133,26,63,41,66" hai2="115,92,111,93,30,94,69,29,53,3,88,91,31" hai3="116,59,129,32,55,96,25,103,72,56,18,107,87"/><V128/><F115/><W106/><G116/><T130/><D114/><U68/><E2/><V102/><F128/><W122/><G122/><T6/><D130/><U77/><E133/><V5/><F69/><W86/><G72/><T57/><D127/><U24/><E125/><V20/><F111/><W79/><G107/><T43/><D74/><U22/><E77/><V110/><F110/><W75/><G75/><T120/><D120/><U109/><E109/><V15/><F102/><W13/><G79/><T8/><D21/><U118/><E118/><V121/><F121/><W73/><G73/><T135/><D135/><U28/><E98/><V90/><F3/><W117/><G59/><T85/><D85/><U119/><E119/><V27/><F53/><W81/><G81/><T99/><D40/><U67/><E41/><V7/><F15/><W124/><G124/><T16/><D37/><U123/><E36/><V50/><F50/><W113/><G113/><T11/><D11/><U64/><E63/><V95/><N who="2" m="24064" /><DORA hai="51" /><V44/><F44/><W101/><G101/><T104/><REACH who="0" step="1"/><D99/><REACH who="0" ten="140,261,299,290" step="2"/><U12/><E123/><V42/><F42/><W132/><G132/><T134/><D134/><U19/><E26/><V126/><F126/><W131/><G129/><T71/><D71/><U61/><E68/><V54/><F20/><N who="3" m="11343" /><G131/><T89/><D89/><U70/><E70/><V80/><F27/><W47/><G117/><T76/><D76/><U65/><E24/><V84/><F91/><W78/><G78/><T39/><D39/><U34/><E22/><V10/><F90/><W38/><G38/><RYUUKYOKU ba="0,1" sc="140,30,261,-10,299,-10,290,-10" hai0="0,6,8,9,14,16,43,46,49,57,62,104,105" /><INIT seed="7,1,1,0,5,77" ten="170,251,289,280" oya="3" hai0="0,70,21,41,104,59,92,34,120,7,108,93,119" hai1="53,79,114,98,52,100,28,66,33,111,5,55,47" hai2="84,130,62,105,110,95,60,102,81,16,73,121,58" hai3="124,37,18,17,85,40,91,11,56,99,65,45,63"/><W122/><G122/><T24/><D104/><U64/><E111/><V126/><F110/><W88/><G124/><T94/><D70/><U14/><E33/><V20/><F130/><W76/><G76/><T43/><D108/><U9/><E28/><V23/><F73/><W128/><G128/><T6/><D120/><U48/><E114/><V38/><F38/><W118/><G118/><T117/><D34/><U54/><REACH who="1" step="1"/><E79/><REACH who="1" ten="170,241,289,280" step="2"/><V115/><F115/><W87/><G99/><T106/><D106/><AGARI ba="1,2" hai="5,9,14,47,48,52,53,54,55,64,66,98,100,106" machi="106" ten="40,5200,0" yaku="1,1,2,1,54,1,53,0" doraHai="77" doraHaiUra="133" who="1" fromWho="0" sc="170,-55,241,75,289,0,280,0" owari="115,-38.0,316,41.0,289,9.0,280,-12.0" /></mjloggm>