<mjloggm ver="2.3"><GO type="169" lobby="0"/><UN n0="%E3%81%8A%E3%81%98%E3%81%95%E3%82%93" n1="%67%6F%73%68%69%6B%6B%75" n2="%E3%82%A6%E3%83%AB%E3%83%88%E3%83%A9%E7%AB%8B%E7%9B%B4" n3="%E3%81%AA%E3%81%AA%E3%81%BF%E3%82%93%E3%81%94" dan="17,17,18,16" rate="2120.00,2197.91,2166.70,2030.40" sx="M,F,M,M"/><TAIKYOKU oya="0"/><INIT seed="0,0,0,0,2,55" ten="250,250,250,250" oya="0" hai0="98,8,61,38,21,117,64,27,111,63,0,24,1" hai1="118,120,125,115,87,127,113,99,134,124,104,47,2" hai2="36,130,69,102,133,123,121,75,132,49,62,81,107" hai3="85,101,71,53,110,112,20,93,76,65,19,40,57"/><T56/><D117/><U90/><E2/><V58/><F107/><W3/><G3/><T68/><D38/><U31/><E31/><V128/><F102/><W74/><G74/><T10/><D111/><U33/><E33/><V37/><F81/><W84/><G40/><T109/><D109/><U30/><E30/><V11/><F49/><W14/><G71/><T70/><D98/><U43/><E118/><V28/><F69/><W135/><G135/><N who="2" m="51785" /><F75/><W94/><G65/><T12/><D12/><U52/><E43/><V60/><F11/><W48/><G112/><N who="1" m="43082" /><E134/><V82/><F82/><N who="3" m="47175" /><G110/><T91/><D21/><U39/><E39/><N who="2" m="14923" /><F28/><W72/><G72/><T7/><D91/><U34/><E34/><V77/><F77/><W18/><G101/><T17/><D17/><U116/><E116/><V44/><F44/><W126/><G126/><T97/><D97/><U79/><E79/><V83/><F83/><W114/><G114/><T103/><D103/><N who="1" m="62591" /><E120/><N who="2" m="46155" /><F62/><W23/><G85/><T105/><D105/><U9/><E9/><V54/><AGARI ba="0,0" hai="54,58,60,128,130" m="46155,14923,51785" machi="54" ten="40,8000,1" yaku="20,1,34,2,52,1" doraHai="55" who="2" fromWho="2" sc="250,-40,250,-20,250,80,250,-20" /><INIT seed="1,0,0,2,2,56" ten="210,230,330,230" oya="1" hai0="52,49,63,87,37,15,2,48,53,86,31,74,40" hai1="71,77,102,47,54,43,28,117,14,115,80,1,5" hai2="11,128,94,133,85,45,3,20,73,104,57,118,35" hai3="97,30,38,127,116,107,92,131,135,32,88,129,67"/><U119/><E1/><V36/><F35/><W19/><G38/><T123/><D2/><U98/><E71/><V62/><F104/><W18/><G116/><T111/><D74/><U76/><E115/><V61/><F118/><W99/><G127/><T29/><D111/><U81/><E28/><V44/><F73/><W26/><G135/><T112/><D112/><U103/><E54/><V51/><F133/><W55/><G67/><T42/><D15/><U100/><E98/><V8/><F128/><N who="3" m="49227" /><G55/><T60/><REACH who="0" step="1"/><D37/><REACH who="0" ten="200,230,330,230" step="2"/><U95/><E119/><V105/><F36/><W22/><G32/><T68/><D68/><U69/><E69/><V58/><F3/><W70/><G70/><T33/><D33/><U90/><E117/><V4/><F20/><W10/><G10/><T23/><D23/><U113/><E14/><V122/><F11/><W17/><G107/><T9/><D9/><U101/><E113/><V121/><F8/><W46/><G46/><T65/><D65/><U83/><E47/><V66/><F105/><W12/><G12/><T39/><D39/><U124/><E124/><V89/><F45/><W93/><G17/><T134/><D134/><U109/><E109/><V130/><F130/><W91/><AGARI ba="0,1" hai="18,19,22,26,30,88,91,92,93,97,99" m="49227" machi="91" ten="30,2000,0" yaku="19,1,54,1" doraHai="56" who="3" fromWho="3" sc="200,-5,230,-10,330,-5,230,30" /><INIT seed="2,0,0,3,0,10" ten="195,220,325,260" oya="2" hai0="5,83,82,43,61,59,120,70,78,104,77,32,49" hai1="54,80,26,64,41,0,119,67,53,81,19,117,107" hai2="75,68,24,47,50,103,36,35,44,72,55,135,27" hai3="74,11,96,14,93,118,123,31,89,73,101,13,121"/><V51/><F36/><W69/><G69/><T3/><D104/><U84/><E0/><V20/><F68/><W34/><G118/><T7/><D32/><U37/><E107/><V39/><F39/><W112/><G112/><T132/><D120/><U114/><E114/><V60/><F60/><W48/><G34/><T90/><D132/><U46/><E81/><V25/><F135/><W92/><G31/><T134/><D134/><U126/><E126/><V65/><F65/><W129/><G129/><T29/><D70/><U127/><E127/><V111/><F111/><W33/><G33/><T100/><D100/><U130/><E130/><V116/><F116/><W30/><G30/><T88/><D29/><U113/><E113/><V2/><F35/><W63/><G63/><T79/><D3/><U133/><E64/><V98/><F20/><W18/><G48/><T131/><D131/><U40/><E67/><V62/><F62/><W12/><G121/><T115/><D115/><U42/><E133/><V57/><F2/><W85/><REACH who="3" step="1"/><G123/><REACH who="3" ten="195,220,325,250" step="2"/><T9/><D61/><U105/><E119/><V58/><F57/><W71/><G71/><T128/><D128/><U122/><E122/><V22/><F58/><W87/><G87/><T1/><D59/><U106/><E37/><V23/><F72/><AGARI ba="0,1" hai="11,12,13,14,18,72,73,74,85,89,92,93,96,101" machi="72" ten="40,8000,1" yaku="1,1,52,3,53,1" doraHai="10" doraHaiUra="6" who="3" fromWho="2" sc="195,0,220,0,325,-80,250,90" /><INIT seed="3,0,0,2,4,40" ten="195,220,245,340" oya="3" hai0="123,11,4,133,10,69,100,89,99,33,68,38,114" hai1="78,32,103,95,92,63,39,97,105,22,3,50,49" hai2="82,44,55,28,112,77,135,20,107,67,131,79,2" hai3="30,14,81,96,66,127,56,122,117,71,70,37,113"/><W124/><G122/><T88/><D123/><U15/><E39/><V24/><F112/><W1/><G1/><T72/><D33/><U74/><E3/><V102/><F2/><W26/><G117/><T16/><D72/><U43/><E32/><V9/><F131/><W34/><G37/><T116/><D116/><U119/><E119/><V115/><F115/><W23/><G113/><T53/><D114/><U83/><E63/><V132/><F67/><W0/><G0/><T5/><D38/><U101/><E43/><V76/><F9/><W17/><G81/><T94/><D133/><N who="2" m="51274" /><F82/><W36/><G36/><T13/><D11/><U59/><E59/><V57/><F44/><W121/><G121/><T52/><D69/><U126/><E126/><N who="3" m="48170" /><G96/><T106/><D68/><U90/><E95/><V87/><F87/><W134/><G134/><T98/><REACH who="0" step="1"/><D89/><REACH who="0" ten="185,220,245,340" step="2"/><U60/><E90/><V108/><F77/><W129/><G129/><T51/><D51/><U85/><E49/><N who="2" m="30959" /><F108/><W6/><G6/><AGARI ba="0,1" hai="4,5,6,10,13,16,52,53,88,94,98,99,100,106" machi="6" ten="40,12000,2" yaku="1,1,54,3,53,2" doraHai="40" doraHaiUra="93" who="0" fromWho="3" sc="185,130,220,0,245,0,340,-120" /><INIT seed="4,0,0,2,1,1" ten="315,220,245,220" oya="0" hai0="31,91,38,10,118,120,113,12,49,29,27,78,122" hai1="92,11,52,95,110,18,34,88,79,111,28,86,119" hai2="62,93,17,115,135,85,112,39,94,74,43,69,125" hai3="108,26,3,133,102,71,2,8,89,68,134,128,45"/><T80/><D38/><U53/><E119/><V58/><F74/><W37/><G108/><T19/><D118/><U97/><E34/><V55/><F125/><W72/><G72/><T70/><D70/><U21/><E111/><V64/><F17/><W127/><G102/><T30/><D113/><N who="2" m="43594" /><F85/><W56/><G128/><T23/><D91/><N who="1" m="55455" /><E110/><V126/><F126/><W22/><G127/><T63/><D63/><U100/><E79/><V87/><F87/><W50/><G56/><T20/><D49/><U32/><E32/><V116/><F116/><W65/><G37/><T47/><D47/><U9/><E28/><V107/><F107/><W48/><G89/><T73/><REACH who="0" step="1"/><D23/><REACH who="0" ten="305,220,245,220" step="2"/><U131/><E100/><V51/><F135/><W6/><G133/><T75/><D75/><U117/><E117/><V0/><F69/><W106/><G134/><T35/><D35/><U90/><E90/><V14/><F62/><W16/><G68/><T7/><AGARI ba="0,1" hai="7,10,12,19,20,27,29,30,31,73,78,80,120,122" machi="7" ten="30,6000,0" yaku="1,1,0,1,52,1,53,0" doraHai="1" doraHaiUra="99" who="0" fromWho="0" sc="305,70,220,-20,245,-20,220,-20" /><INIT seed="4,1,0,4,5,127" ten="375,200,225,200" oya="0" hai0="40,118,59,131,49,71,51,33,14,75,122,6,42" hai1="23,123,133,90,93,66,125,60,132,58,32,94,9" hai2="21,124,26,130,4,120,11,38,82,73,18,87,2" hai3="46,20,79,101,109,0,28,76,135,129,100,69,63"/><T22/><D33/><U53/><E32/><V36/><F120/><W99/><G0/><T12/><D75/><U81/><E123/><V25/><F124/><W110/><G135/><N who="1" m="51786" /><E125/><V50/><F73/><W61/><G46/><T30/><D71/><U67/><E9/><V70/><F70/><W95/><G20/><T117/><D122/><U35/><E35/><V116/><F116/><W64/><G28/><T98/><D98/><N who="1" m="57655" /><E94/><V56/><F130/><W126/><G126/><T115/><D59/><U78/><E23/><V44/><F56/><W10/><G10/><T92/><D51/><U13/><E13/><V112/><F112/><W119/><G119/><T45/><D40/><U8/><E8/><V121/><F26/><W80/><G129/><T1/><D45/><U52/><E53/><V68/><F68/><W102/><G76/><T47/><D49/><U43/><E43/><V62/><F62/><W31/><G31/><T24/><D42/><U85/><AGARI ba="1,0" hai="52,58,60,66,67,78,81,85" m="57655,51786" machi="85" ten="30,2000,0" yaku="20,1,54,1" doraHai="127" who="1" fromWho="1" sc="375,-11,200,23,225,-6,200,-6" /><INIT seed="5,0,0,1,4,133" ten="364,223,219,194" oya="1" hai0="23,131,34,44,108,119,102,114,36,5,111,55,134" hai1="63,124,81,67,112,79,84,50,101,100,82,61,30" hai2="116,74,122,86,66,78,95,121,39,17,49,43,110" hai3="92,51,103,135,127,15,52,64,99,85,19,24,71"/><U45/><E112/><V107/><F39/><W18/><G135/><T91/><D34/><U89/><E124/><V70/><F66/><W105/><G24/><T77/><D23/><U13/><E30/><V10/><F70/><W123/><G123/><T96/><D91/><U90/><E13/><V29/><F29/><W46/><G127/><T98/><D131/><U76/><E67/><V120/><F107/><W1/><G1/><T20/><D20/><U56/><E56/><V2/><F116/><W25/><G25/><T8/><D8/><U21/><E21/><V129/><F129/><W35/><G35/><T75/><D5/><U87/><E50/><V37/><F110/><W47/><G47/><AGARI ba="0,0" hai="45,47,61,63,76,79,81,82,84,87,89,90,100,101" machi="47" ten="25,4800,0" yaku="22,2,8,1" doraHai="133" who="1" fromWho="3" sc="364,0,223,48,219,0,194,-48" /><INIT seed="5,1,0,3,5,36" ten="364,271,219,146" oya="1" hai0="130,63,48,71,31,21,2,54,44,135,68,12,126" hai1="55,32,102,53,119,123,106,78,57,61,128,117,65" hai2="52,59,125,47,37,1,18,122,90,42,76,84,103" hai3="118,30,64,101,39,35,96,93,97,67,3,66,43"/><U19/><E32/><V24/><F122/><W38/><G3/><T83/><D2/><U79/><E123/><V13/><F1/><W74/><G74/><T82/><D126/><U14/><E128/><V4/><F125/><W134/><G134/><T69/><D135/><U87/><E106/><V100/><F76/><W50/><G118/><T115/><D115/><U107/><E107/><V91/><F24/><W27/><REACH who="3" step="1"/><G96/><REACH who="3" ten="364,271,219,136" step="2"/><T120/><D130/><U129/><E129/><V111/><F111/><W0/><G0/><T20/><D120/><U89/><E119/><V131/><F131/><W110/><G110/><T60/><D69/><U70/><E117/><V112/><F112/><W98/><G98/><T104/><D71/><U34/><E70/><V94/><F4/><W81/><G81/><T105/><D68/><U23/><E34/><V40/><F103/><W8/><G8/><T124/><D105/><U26/><E102/><V88/><F100/><W9/><G9/><T132/><D104/><U29/><E79/><V22/><REACH who="2" step="1"/><F42/><REACH who="2" ten="364,271,209,136" step="2"/><W56/><G56/><T72/><D124/><U16/><E78/><V121/><F121/><W77/><G77/><T85/><D132/><U10/><REACH who="1" step="1"/><E29/><REACH who="1" ten="364,261,209,136" step="2"/><V41/><F41/><W7/><G7/><T5/><D5/><U11/><E11/><V58/><F58/><W17/><G17/><T6/><D6/><U109/><E109/><V45/><F45/><AGARI ba="1,3" hai="27,30,35,38,39,43,45,50,64,66,67,93,97,101" machi="45" ten="40,2600,0" yaku="1,1,52,1,53,0" doraHai="36" doraHaiUra="127" who="3" fromWho="2" sc="364,0,261,0,209,-29,136,59" /><INIT seed="6,0,0,5,1,102" ten="364,261,180,195" oya="2" hai0="22,76,69,109,13,12,128,78,124,100,108,50,17" hai1="7,9,28,89,113,81,49,80,1,54,25,32,10" hai2="125,2,66,19,79,59,118,68,134,64,14,77,85" hai3="83,31,38,43,60,126,96,62,132,4,121,33,119"/><V29/><F2/><W48/><G119/><T42/><D69/><U40/><E113/><V3/><F3/><W86/><G121/><T24/><D100/><U103/><E103/><V71/><F118/><W73/><G73/><T74/><D74/><U58/><E40/><V95/><F71/><W20/><G33/><T133/><D42/><U75/><E75/><V99/><F68/><W93/><G38/><T61/><D61/><U52/><E10/><V114/><F114/><W55/><G43/><T26/><D50/><U41/><E41/><V21/><F125/><W53/><G4/><T101/><D101/><U47/><REACH who="1" step="1"/><E89/><REACH who="1" ten="364,251,180,195" step="2"/><N who="2" m="55791" /><F134/><W51/><G132/><T123/><D133/><U11/><E11/><V116/><F116/><W46/><G126/><T88/><D124/><U36/><E36/><V107/><F79/><W34/><G55/><T104/><D78/><U111/><E111/><V129/><F77/><W18/><G53/><T127/><D76/><U112/><E112/><V57/><F129/><W97/><G46/><T110/><D128/><U56/><E56/><V117/><F117/><W90/><G90/><T105/><D127/><U98/><E98/><V39/><F39/><W15/><G96/><T44/><D110/><U130/><E130/><V135/><F135/><W106/><G97/><T35/><D109/><U87/><E87/><V65/><F85/><W45/><G45/><T115/><D44/><U70/><E70/><V5/><F5/><W27/><G86/><T8/><D108/><U37/><E37/><V94/><F59/><W84/><G84/><T6/><D115/><RYUUKYOKU ba="0,1" sc="364,-10,251,30,180,-10,195,-10" hai1="1,7,9,25,28,32,47,49,52,54,58,80,81" /><INIT seed="7,1,1,1,2,15" ten="354,281,170,185" oya="3" hai0="122,78,75,50,44,18,38,80,70,26,94,64,52" hai1="81,43,56,16,99,34,42,105,33,104,41,67,118" hai2="127,134,20,32,124,71,132,88,6,46,47,61,123" hai3="76,58,22,74,36,79,63,92,102,28,131,25,9"/><W77/><G131/><T45/><D64/><U87/><E118/><V11/><F32/><W7/><G36/><T91/><D70/><U39/><E39/><V101/><F123/><W19/><G74/><T95/><D95/><U1/><E1/><N who="2" m="463" /><F101/><W113/><G113/><T112/><D112/><U106/><E99/><V82/><F20/><W8/><G28/><T27/><D18/><U5/><E5/><V93/><F82/><W51/><G51/><T37/><D37/><U89/><E67/><N who="2" m="41455" /><F46/><W115/><G115/><T111/><D111/><U2/><E2/><V0/><F47/><W49/><G49/><T117/><D117/><U66/><E66/><V23/><F23/><W31/><G31/><T24/><D122/><U83/><E81/><V120/><F0/><W128/><G128/><T130/><D130/><U57/><E57/><V35/><F35/><W53/><REACH who="3" step="1"/><G7/><REACH who="3" ten="354,281,170,175" step="2"/><T97/><D38/><U96/><E34/><V90/><F120/><W108/><G108/><T60/><D60/><U4/><E33/><V54/><F54/><W21/><G21/><T13/><D52/><U129/><E4/><V62/><F62/><W40/><G40/><T119/><D119/><U55/><E129/><V135/><F90/><W30/><G30/><T98/><D50/><N who="1" m="30839" /><E42/><V110/><F110/><W29/><G29/><T73/><D73/><U65/><E43/><V121/><F121/><W126/><G126/><T84/><D75/><U86/><E41/><V103/><F88/><W85/><G85/><T14/><D84/><U59/><E89/><V109/><F109/><W125/><G125/><RYUUKYOKU ba="1,2" sc="354,-15,281,-15,170,15,175,15" hai2="93,103,124,127,132,134,135" hai3="8,9,19,22,25,53,58,63,76,77,79,92,102" /><INIT seed="7,2,2,2,2,89" ten="339,266,185,190" oya="3" hai0="82,21,133,102,101,27,104,1,99,31,121,52,65" hai1="7,70,71,111,4,80,90,86,72,49,114,50,10" hai2="124,34,67,40,120,0,45,93,29,63,69,55,14" hai3="106,85,128,11,105,126,96,33,3,44,118,37,17"/><W24/><G118/><T68/><D102/><U129/><E111/><V13/><F0/><W22/><G128/><T88/><D1/><U112/><E72/><V98/><F124/><W46/><G126/><T107/><D133/><U73/><E73/><V127/><F127/><W25/><G85/><T76/><D88/><U47/><E50/><V16/><F120/><W58/><G58/><T56/><D65/><U108/><E108/><V109/><F109/><W135/><G135/><T87/><D68/><N who="1" m="26155" /><E10/><V30/><F55/><W53/><G53/><T57/><D57/><U123/><E123/><V113/><F113/><N who="1" m="43625" /><E129/><V134/><F134/><W42/><G44/><T132/><D132/><U38/><E38/><V62/><F62/><W41/><G41/><AGARI ba="2,2" hai="4,7,41,47,49,80,86,90" m="43625,26155" machi="41" ten="30,1000,0" yaku="15,1" doraHai="89" who="1" fromWho="3" sc="339,0,266,36,185,0,190,-16" owari="339,44.0,302,10.0,185,-21.0,174,-33.0" /></mjloggm>