<mjloggm ver="2.3"><GO type="169" lobby="0"/><UN n0="%6D%61%63%6A%72" n1="%E3%83%89%E3%83%A9%E3%83%AD%E3%83%B3%E3%83%80%E3%82%A4%E3%83%B4" n2="%E3%83%8A%E3%82%BA%E6%98%9F%40%E6%9D%8F%E6%9D%8F%E8%BB%8D%E5%9C%98" n3="%E5%B0%B1%E6%B4%BB%E7%94%9F%40%E5%B7%9D%E6%9D%91%E8%BB%8D%E5%9B%A3" dan="18,16,16,17" rate="2256.99,2110.20,2103.77,2212.91" sx="M,M,F,M"/><TAIKYOKU oya="0"/><INIT seed="0,0,0,1,2,126" ten="250,250,250,250" oya="0" hai0="95,37,5,73,54,14,116,12,114,130,91,120,92" hai1="83,109,27,72,18,99,113,90,58,52,121,11,47" hai2="39,40,129,96,108,70,134,100,122,24,133,119,49" hai3="44,124,42,125,115,93,118,89,36,0,81,112,128"/><T57/><D114/><N who="3" m="43561" /><G0/><T46/><D120/><U34/><E121/><V20/><F122/><W19/><G81/><T33/><D116/><U69/><E113/><V29/><F119/><W53/><G19/><T65/><D73/><U135/><E69/><V75/><F70/><W6/><G6/><T107/><D107/><U131/><E109/><V38/><F75/><W79/><G79/><T67/><D33/><U4/><E135/><N who="2" m="51723" /><F108/><W10/><G10/><N who="0" m="4175" /><D37/><U132/><E132/><V127/><F127/><N who="3" m="48715" /><G118/><T101/><D46/><U97/><E47/><N who="2" m="25831" /><F129/><W71/><G71/><T98/><D130/><U104/><E131/><V25/><F25/><W1/><G1/><T7/><D14/><U59/><E27/><V77/><F77/><W30/><G30/><T102/><D7/><U15/><E15/><V21/><F21/><W9/><G9/><T31/><D31/><U3/><E11/><V123/><F123/><W86/><G53/><T68/><D68/><U22/><E52/><V63/><F96/><W74/><G128/><T32/><D32/><U105/><E97/><V26/><F26/><W51/><G74/><T60/><D102/><U17/><E99/><AGARI ba="0,0" hai="54,57,60,65,67,91,92,95,98,99,101" m="4175" machi="99" ten="30,1500,0" yaku="8,1" doraHai="126" who="0" fromWho="1" sc="250,15,250,-15,250,0,250,0" /><INIT seed="0,1,0,0,4,34" ten="265,235,250,250" oya="0" hai0="69,80,124,134,74,41,78,21,107,114,87,116,135" hai1="102,86,13,46,7,8,33,98,127,54,49,53,117" hai2="4,14,108,122,84,28,60,111,6,85,67,96,79" hai3="64,22,83,10,112,47,126,88,105,68,115,3,121"/><T94/><D69/><U120/><E127/><V15/><F122/><W48/><G105/><T82/><D41/><U92/><E120/><V132/><F28/><W66/><G126/><T19/><D124/><U35/><E117/><V99/><F60/><W133/><G121/><T20/><D116/><U38/><E38/><V130/><F67/><W109/><G133/><N who="0" m="50699" /><D107/><U57/><REACH who="1" step="1"/><E86/><REACH who="1" ten="265,225,250,250" step="2"/><V43/><F132/><W27/><G115/><T91/><D114/><U2/><E2/><V97/><F85/><W39/><G112/><T16/><D80/><U123/><E123/><V23/><F111/><W73/><G39/><T52/><D52/><U24/><E24/><V42/><F108/><W125/><G109/><T75/><D75/><U76/><E76/><V61/><F79/><W118/><G73/><T32/><D32/><U71/><E71/><V18/><F43/><W55/><G68/><T44/><D44/><U90/><E90/><V56/><F42/><W101/><G125/><T29/><D74/><U128/><E128/><V51/><F130/><W37/><G118/><T25/><D78/><U110/><E110/><V0/><F84/><W65/><G37/><T63/><D82/><U95/><E95/><V12/><F0/><W26/><G101/><T50/><D94/><U9/><E9/><V36/><F36/><W40/><G55/><T58/><D91/><U70/><E70/><V104/><F104/><W131/><G131/><T89/><D87/><U93/><E93/><V62/><F14/><W81/><G88/><T100/><D89/><U72/><E72/><V59/><F15/><RYUUKYOKU ba="1,1" sc="265,-10,225,30,250,-10,250,-10" hai1="7,8,13,33,35,46,49,53,54,57,92,98,102" /><INIT seed="1,2,1,3,2,81" ten="255,255,240,240" oya="1" hai0="78,106,57,69,23,125,64,124,104,87,93,31,76" hai1="13,12,48,59,39,61,58,14,29,117,47,62,82" hai2="70,83,102,42,128,119,90,16,7,71,49,116,56" hai3="97,118,86,122,52,5,24,107,1,131,10,127,108"/><U73/><E117/><V8/><F71/><W105/><G122/><T15/><D69/><U53/><E39/><V22/><F70/><W41/><G118/><T28/><D78/><U84/><E73/><V94/><F128/><W129/><G41/><T110/><D110/><U36/><E29/><N who="0" m="11337" /><D64/><U109/><E109/><V95/><F102/><W2/><G24/><T9/><D23/><U19/><E19/><V55/><F42/><W26/><G26/><T20/><D57/><N who="1" m="21515" /><E36/><V68/><F68/><W32/><G32/><T3/><D20/><U120/><E120/><V103/><F119/><W50/><G108/><T100/><D3/><U54/><E53/><V85/><F103/><W18/><G18/><N who="0" m="8559" /><D100/><U88/><AGARI ba="2,1" hai="12,13,14,47,48,54,61,62,82,84,88" m="21515" machi="88" ten="30,6000,0" yaku="8,1,52,1,54,1" doraHai="81" who="1" fromWho="1" sc="255,-22,255,76,240,-22,240,-22" /><INIT seed="1,3,0,3,1,32" ten="233,331,218,218" oya="1" hai0="77,95,30,39,97,33,78,35,120,21,81,46,13" hai1="68,53,114,23,49,36,47,18,118,3,100,1,22" hai2="2,57,50,128,119,105,10,5,29,8,19,94,87" hai3="41,14,104,132,6,4,64,55,15,102,116,72,117"/><U84/><E114/><V112/><F119/><W16/><G72/><T43/><D120/><U92/><E118/><N who="3" m="45674" /><G132/><T98/><D98/><U73/><E73/><V134/><F105/><W82/><G41/><T56/><D56/><U122/><E122/><V12/><F134/><W37/><G37/><T0/><D0/><U124/><E68/><V129/><F29/><W60/><G55/><T135/><D135/><U70/><E70/><V9/><F112/><W108/><G108/><T133/><D133/><U25/><E124/><V40/><F94/><W75/><G15/><T71/><D71/><U63/><E36/><V103/><F103/><W90/><G102/><T48/><D39/><U115/><E115/><V121/><F87/><N who="3" m="50551" /><G104/><T59/><D78/><U93/><E63/><V34/><F121/><W123/><G75/><T52/><D81/><U109/><E109/><V126/><F126/><W17/><G123/><T110/><D77/><U79/><E79/><V20/><F40/><W69/><G17/><T44/><D110/><U24/><E93/><V88/><F88/><W45/><G45/><T89/><D44/><U26/><E26/><V111/><F111/><W54/><G54/><T76/><D76/><U101/><E101/><V91/><F91/><W99/><G99/><T107/><D107/><U85/><E100/><V66/><F66/><W28/><G28/><T11/><D43/><U62/><E92/><V31/><F31/><W131/><G131/><N who="2" m="50249" /><F34/><W130/><G130/><T42/><D42/><U96/><E96/><V65/><F65/><W86/><G86/><N who="1" m="33386" /><E62/><V67/><F67/><RYUUKYOKU ba="3,0" sc="233,-30,331,10,218,10,218,10" hai1="1,3,18,22,23,24,25,47,49,53" hai2="2,5,8,9,10,12,19,20,50,57" hai3="4,6,14,16,60,64,69" /><INIT seed="1,4,0,2,3,6" ten="203,341,228,228" oya="1" hai0="35,112,110,70,0,53,33,23,40,7,91,3,105" hai1="92,65,115,119,66,18,38,2,22,56,106,32,14" hai2="116,17,47,39,29,54,55,50,102,45,135,30,59" hai3="133,130,11,46,80,86,49,60,48,74,93,120,57"/><U127/><E106/><V62/><F116/><W101/><G120/><T52/><D112/><U117/><E115/><V68/><F135/><W19/><G133/><T96/><D70/><U131/><E38/><V43/><F68/><W103/><G130/><T31/><D40/><U16/><E32/><V123/><F123/><W98/><G74/><T64/><D64/><U134/><E134/><V5/><F5/><W84/><G101/><T129/><D129/><U78/><E131/><V85/><F102/><W113/><G113/><T1/><D7/><U126/><E2/><V83/><REACH who="2" step="1"/><F17/><REACH who="2" ten="203,341,218,228" step="2"/><W108/><G108/><T95/><D110/><U89/><E18/><V73/><F73/><W71/><G71/><T128/><D128/><U121/><E121/><V44/><F44/><W124/><G124/><T122/><D122/><U37/><E119/><V58/><F58/><W75/><G75/><T114/><D114/><U100/><E117/><V88/><AGARI ba="4,1" hai="29,30,39,43,45,47,50,54,55,59,62,83,85,88" machi="88" ten="20,5200,0" yaku="1,1,0,1,7,1,54,1,53,0" doraHai="6" doraHaiUra="63" who="2" fromWho="2" sc="203,-17,341,-30,218,74,228,-17" /><INIT seed="2,0,0,2,2,66" ten="186,311,292,211" oya="2" hai0="109,44,54,35,13,39,125,17,62,97,53,124,93" hai1="5,20,23,10,79,58,106,40,52,2,42,78,61" hai2="115,34,114,104,0,94,28,9,63,126,57,43,122" hai3="116,26,12,82,68,32,41,95,46,75,84,73,85"/><V51/><F104/><W7/><G116/><T112/><D35/><U6/><E106/><V91/><F122/><W64/><G32/><T101/><D112/><U118/><E118/><V16/><F28/><W70/><G26/><T111/><D62/><U67/><E67/><V65/><F34/><W123/><G95/><T21/><D39/><U38/><E38/><V49/><F126/><N who="0" m="48746" /><D44/><U1/><E1/><V80/><F80/><W99/><G99/><T8/><D8/><U102/><E102/><V96/><F0/><W14/><G64/><T129/><D129/><U110/><E110/><AGARI ba="0,0" hai="13,17,21,53,54,93,97,101,109,110,111" m="48746" machi="110" ten="30,2000,0" yaku="14,1,18,1" doraHai="66" who="0" fromWho="1" sc="186,20,311,-20,292,0,211,0" /><INIT seed="3,0,0,3,4,15" ten="206,291,292,211" oya="3" hai0="111,81,22,122,131,104,80,30,102,3,20,130,113" hai1="10,8,118,39,135,58,47,74,56,16,132,43,64" hai2="29,50,42,91,105,33,78,128,117,23,82,108,114" hai3="72,32,21,14,134,31,87,25,24,100,18,133,70"/><W60/><G72/><T93/><D3/><U96/><E74/><V107/><F33/><W98/><G87/><T6/><D6/><U99/><E118/><V83/><F114/><W53/><G25/><N who="0" m="16695" /><D104/><U109/><E109/><V90/><F108/><W76/><G76/><T69/><D69/><U26/><E10/><V129/><F117/><W48/><G48/><T89/><D102/><U115/><E115/><V67/><F50/><W51/><G60/><T75/><D122/><U79/><E79/><V36/><F29/><W77/><G70/><T61/><D111/><U2/><E2/><V11/><F78/><W101/><G77/><T52/><D113/><U13/><E26/><V68/><F23/><W106/><REACH who="3" step="1"/><G100/><REACH who="3" ten="206,291,292,201" step="2"/><T116/><D75/><U123/><E123/><V126/><F68/><W110/><G110/><T86/><D116/><U66/><E96/><V125/><F90/><W112/><G112/><T92/><D81/><U37/><E99/><V120/><F83/><W9/><G9/><T97/><D97/><U84/><E84/><V19/><F11/><W12/><G12/><T63/><D63/><U73/><E73/><V40/><F82/><W124/><G124/><T71/><D71/><U88/><E39/><V27/><F36/><W65/><G65/><N who="1" m="25194" /><E88/><V1/><F91/><W119/><G119/><T94/><D20/><U45/><E8/><V34/><F125/><W121/><G121/><T46/><D61/><U41/><E13/><V44/><F120/><W17/><G17/><T35/><D35/><U7/><E37/><N who="2" m="21519" /><F126/><W103/><G103/><T55/><D46/><AGARI ba="0,1" hai="14,18,21,24,31,32,46,51,53,98,101,106,133,134" machi="46" ten="40,7700,0" yaku="1,1,6,1,52,1,53,0" doraHai="15" doraHaiUra="57" who="3" fromWho="0" sc="206,-77,291,0,292,0,201,87" /><INIT seed="3,1,0,2,1,72" ten="129,291,292,288" oya="3" hai0="46,110,8,70,127,12,25,42,91,54,107,62,52" hai1="71,82,113,95,123,126,98,27,64,19,75,32,23" hai2="73,55,38,122,10,65,105,102,76,130,30,21,120" hai3="58,66,67,17,51,28,40,118,93,83,48,13,103"/><W79/><G118/><T5/><D110/><U116/><E116/><V3/><F130/><W43/><G28/><T80/><D127/><U128/><E123/><V53/><F65/><W18/><G103/><T125/><D125/><U50/><E126/><V59/><F102/><W47/><G93/><T109/><D109/><U115/><E128/><V87/><F105/><W22/><G17/><T20/><D107/><U33/><E71/><V45/><F87/><W131/><G131/><T94/><D80/><U78/><E64/><V36/><F30/><W104/><G104/><T68/><D62/><U26/><E50/><V9/><F21/><W132/><G132/><T111/><D68/><U1/><E1/><V84/><F84/><W16/><G18/><T29/><D70/><U133/><E133/><V15/><F3/><W81/><G81/><T34/><D34/><U99/><E99/><V124/><F124/><W92/><G92/><T69/><D69/><U56/><E56/><V129/><F59/><W88/><G88/><T90/><D111/><U96/><E96/><V0/><F0/><W39/><G39/><T119/><D119/><U106/><E106/><V2/><F2/><W97/><G97/><N who="0" m="57559" /><D91/><N who="1" m="55679" /><E33/><V6/><F129/><W85/><REACH who="3" step="1"/><G58/><REACH who="3" ten="129,291,292,278" step="2"/><T101/><D101/><U134/><E134/><V31/><F36/><W11/><G11/><T41/><D46/><AGARI ba="1,1" hai="13,16,22,40,43,46,47,48,51,66,67,79,83,85" machi="46" ten="40,12000,1" yaku="1,1,9,1,8,1,52,1,54,1,53,0" doraHai="72" doraHaiUra="57" who="3" fromWho="0" sc="129,-123,291,0,292,0,278,133" /><INIT seed="3,2,0,3,4,11" ten="6,291,292,411" oya="3" hai0="79,106,57,98,64,110,47,117,10,86,22,99,59" hai1="125,2,129,88,127,27,123,134,0,7,37,97,29" hai2="65,108,133,38,17,20,83,87,53,109,35,84,77" hai3="81,126,76,122,105,72,45,13,66,118,74,75,58"/><W48/><G122/><T69/><D117/><U67/><E123/><V1/><F1/><W111/><G118/><T128/><D110/><N who="2" m="42602" /><F35/><W12/><G111/><T62/><D128/><U21/><E37/><V33/><F33/><W19/><G105/><T9/><D69/><U16/><E129/><V51/><F65/><W23/><G126/><N who="1" m="48138" /><E134/><V85/><F38/><W135/><G135/><T71/><D71/><U116/><E116/><V26/><F133/><W78/><G78/><T82/><D106/><U121/><E121/><V89/><F89/><W132/><G132/><T50/><D57/><AGARI ba="2,0" hai="17,20,26,51,53,57,77,83,84,85,87" m="42602" machi="57" ten="30,1000,0" yaku="14,1" doraHai="11" who="2" fromWho="0" sc="6,-16,291,0,292,16,411,0" owari="-10,-51.0,291,-11.0,308,11.0,411,51.0" /></mjloggm>