<mjloggm ver="2.3"><GO type="169" lobby="0"/><UN n0="%E3%81%8F%E3%82%8D%E3%81%AF%E3%81%A1" n1="%E3%83%88%E3%83%88%E3%83%AA%E5%85%88%E7%94%9F%31%39%E6%AD%B3" n2="%E8%B1%86%E7%89%B9%EF%BC%A0%E6%B2%B3%E6%9D%91%E8%BB%8D%E5%9B%A3" n3="%6B%6F%6A%69%6D%6F%6E%39" dan="17,19,18,16" rate="2149.96,2241.81,2205.17,2076.23" sx="M,F,M,M"/><TAIKYOKU oya="0"/><INIT seed="0,0,0,0,1,118" ten="250,250,250,250" oya="0" hai0="47,95,13,90,111,20,49,48,6,80,98,16,0" hai1="18,68,122,36,129,43,119,62,114,96,104,115,12" hai2="45,64,38,99,88,105,32,125,131,130,100,93,61" hai3="15,126,77,8,5,135,58,2,10,92,42,55,35"/><T41/><D111/><U44/><E119/><V87/><F32/><W22/><G35/><T29/><D29/><U117/><E117/><V27/><F27/><W34/><G34/><T39/><REACH who="0" step="1"/><D80/><REACH who="0" ten="240,250,250,250" step="2"/><U97/><E115/><V112/><F112/><W65/><G135/><T113/><D113/><U79/><E114/><V37/><F125/><W74/><G126/><T7/><D7/><U3/><E129/><V46/><F130/><W120/><G5/><T78/><D78/><U109/><E79/><V86/><F131/><W56/><G77/><T14/><D14/><U67/><E12/><V21/><F38/><W127/><G15/><T25/><D25/><U9/><E109/><V17/><F37/><W82/><G82/><T73/><D73/><U63/><E18/><V106/><F17/><W103/><G74/><T75/><D75/><U72/><E72/><V26/><F26/><W23/><G127/><T66/><D66/><U40/><E67/><V52/><F64/><W83/><G65/><T54/><D54/><U59/><E36/><V121/><F52/><W4/><G83/><T50/><D50/><U24/><E24/><V70/><F70/><W84/><G4/><T85/><D85/><U1/><E68/><V53/><F87/><W57/><G84/><T71/><D71/><U31/><E31/><V107/><F53/><W123/><G2/><T133/><D133/><U108/><E1/><V132/><F132/><W102/><G55/><T51/><D51/><U128/><E3/><V30/><F30/><W101/><G42/><N who="1" m="15914" /><E128/><V134/><F134/><W11/><G92/><RYUUKYOKU ba="0,1" sc="240,15,250,-15,250,-15,250,15" hai0="0,6,13,16,20,39,41,47,48,49,90,95,98" hai3="8,10,11,22,23,56,57,58,101,102,103,120,123" /><INIT seed="0,1,1,1,3,34" ten="255,235,235,265" oya="0" hai0="87,3,122,104,106,124,114,20,130,68,36,116,86" hai1="111,55,40,121,54,89,92,95,9,73,100,5,1" hai2="66,129,41,11,133,61,83,63,88,53,72,85,58" hai3="39,78,108,135,126,56,32,132,62,4,134,24,110"/><T81/><RYUUKYOKU type="yao9" ba="1,1" sc="255,0,235,0,235,0,265,0" hai0="3,20,36,68,81,86,87,104,106,114,116,122,124,130" /><INIT seed="0,2,1,1,0,2" ten="255,235,235,265" oya="0" hai0="135,58,75,4,35,73,123,32,127,59,21,79,26" hai1="23,121,27,109,41,115,126,40,100,102,50,62,3" hai2="12,68,39,15,24,86,6,53,85,113,116,91,55" hai3="60,42,44,30,118,63,112,43,106,80,45,49,37"/><T0/><D123/><U103/><E121/><V99/><F113/><W51/><G106/><T107/><D107/><U114/><E109/><V117/><F68/><W64/><G30/><T36/><D36/><U74/><E74/><V134/><F39/><N who="3" m="21599" /><G80/><T7/><D127/><U22/><E126/><V120/><F120/><W5/><G5/><T97/><D97/><U119/><E3/><V18/><F24/><W69/><G118/><N who="2" m="45673" /><F134/><W83/><G83/><T88/><D135/><U129/><E129/><V130/><F130/><W25/><G25/><T14/><D14/><U133/><E133/><V33/><F33/><W65/><G112/><N who="1" m="43050" /><E119/><V8/><F99/><W19/><G19/><T28/><D32/><U82/><E50/><V128/><F128/><W92/><G92/><T87/><D35/><U56/><E82/><N who="2" m="49591" /><F86/><W48/><G37/><T84/><D0/><U46/><E27/><V54/><F54/><W38/><G38/><T101/><D73/><U70/><E41/><V71/><F71/><AGARI ba="2,1" hai="43,45,48,49,51,60,63,64,65,69,71" m="21599" machi="71" ten="30,8000,1" yaku="35,5" doraHai="2" who="3" fromWho="2" sc="255,0,235,0,235,-86,265,96" /><INIT seed="1,0,0,4,4,93" ten="255,235,149,361" oya="1" hai0="70,87,130,32,121,114,9,58,127,81,11,103,100" hai1="5,33,105,75,7,95,54,31,92,83,64,101,78" hai2="109,40,115,30,56,18,57,117,53,80,20,79,36" hai3="129,108,76,85,110,119,98,61,65,4,66,122,111"/><U120/><E120/><V67/><F117/><W13/><G122/><T135/><D70/><U35/><E105/><V16/><F109/><W41/><G129/><T112/><D32/><U134/><E134/><V113/><F67/><W51/><G119/><T22/><D121/><U89/><E64/><V21/><F30/><W26/><G26/><T124/><D58/><U77/><E54/><V107/><F107/><W19/><G4/><T72/><D22/><U86/><E77/><V62/><F57/><W3/><G3/><T42/><D42/><U102/><E102/><N who="0" m="38953" /><D72/><U24/><REACH who="1" step="1"/><E35/><REACH who="1" ten="255,225,149,361" step="2"/><V1/><F40/><W131/><G76/><N who="0" m="46503" /><D135/><U116/><E116/><V46/><F79/><W63/><G66/><T38/><D130/><U52/><E52/><V132/><F132/><W125/><G65/><T47/><D112/><U43/><E43/><V27/><F115/><W25/><G131/><T68/><D114/><U73/><E73/><V45/><F113/><W133/><G41/><N who="0" m="22967" /><D68/><U49/><E49/><V6/><F36/><W106/><G106/><T8/><D124/><U99/><AGARI ba="0,1" hai="5,7,24,31,33,75,78,83,86,89,92,95,99,101" machi="99" ten="30,11700,0" yaku="1,1,0,1,52,1,53,1" doraHai="93" doraHaiUra="104" who="1" fromWho="1" sc="255,-39,225,127,149,-39,361,-39" /><INIT seed="1,1,0,0,3,39" ten="216,352,110,322" oya="1" hai0="9,44,130,0,62,101,51,12,55,87,22,36,1" hai1="110,60,49,61,129,67,103,83,47,14,5,66,92" hai2="95,134,114,89,115,125,124,2,13,11,23,79,105" hai3="65,10,90,112,42,93,19,72,31,104,17,86,132"/><U3/><E3/><V118/><F105/><W32/><G104/><T37/><D101/><U127/><E129/><V26/><F79/><W56/><G72/><T53/><D130/><U6/><E127/><N who="2" m="48715" /><F118/><W54/><G112/><N who="2" m="43049" /><F2/><W41/><G65/><N who="1" m="24586" /><E110/><V84/><F134/><W45/><G45/><T34/><D34/><U21/><E83/><V18/><F11/><W121/><G121/><T116/><D116/><U30/><E92/><V63/><F63/><N who="1" m="24137" /><E103/><V57/><F57/><W8/><G32/><T111/><D111/><U108/><E108/><V48/><F48/><N who="3" m="30791" /><G31/><T122/><D122/><U120/><E120/><V28/><F28/><W4/><G4/><T27/><D0/><U75/><E75/><V94/><F94/><W68/><G68/><T78/><D1/><U131/><E131/><V81/><F95/><W100/><G100/><T38/><D78/><U71/><E71/><V133/><F133/><W123/><G132/><T33/><D33/><U85/><E5/><V106/><F106/><W69/><G69/><T73/><D73/><U74/><E74/><V64/><F64/><W46/><G123/><T77/><D77/><U109/><E109/><V40/><F26/><W80/><G93/><T58/><D27/><N who="1" m="16751" /><E6/><V99/><F99/><W117/><G117/><T102/><D102/><U126/><E126/><V76/><F76/><W35/><G35/><T24/><D24/><U16/><E85/><V70/><F70/><W88/><G86/><T43/><D87/><U96/><E96/><V107/><F107/><W128/><G128/><T113/><D113/><U15/><E16/><RYUUKYOKU ba="1,0" sc="216,-15,352,15,110,15,322,-15" hai1="14,15,47,49" hai2="13,18,23,40,81,84,89" /><INIT seed="1,2,0,4,5,12" ten="201,367,125,307" oya="1" hai0="58,67,38,29,117,80,94,115,14,13,89,2,40" hai1="119,1,34,59,73,54,51,46,128,42,78,7,11" hai2="47,16,127,122,93,91,86,20,92,4,74,56,3" hai3="110,71,85,62,118,28,124,76,95,33,134,99,79"/><U77/><E119/><V70/><F122/><W45/><G118/><T104/><D117/><U69/><E128/><V120/><F120/><W116/><G116/><T111/><D104/><U88/><E34/><V10/><F74/><W101/><G110/><T27/><D2/><U96/><E73/><V125/><F70/><W113/><G113/><T50/><D115/><U84/><E96/><V37/><F92/><W53/><G124/><T23/><D111/><U121/><E69/><V19/><F56/><W66/><G134/><T64/><D38/><U108/><E121/><V0/><F0/><W6/><G6/><T83/><D13/><U49/><REACH who="1" step="1"/><E108/><REACH who="1" ten="201,357,125,307" step="2"/><V126/><REACH who="2" step="1"/><F20/><REACH who="2" ten="201,357,115,307" step="2"/><W135/><G71/><T97/><D23/><U109/><E109/><V22/><F22/><W72/><G33/><T35/><D35/><U17/><E17/><V82/><F82/><AGARI ba="2,2" hai="1,7,11,42,46,49,51,54,59,77,78,82,84,88" machi="82" ten="30,5800,0" yaku="1,1,7,1,54,1,53,0" doraHai="12" doraHaiUra="65" who="1" fromWho="2" sc="201,0,357,84,115,-64,307,0" /><INIT seed="1,3,0,3,3,110" ten="201,441,51,307" oya="1" hai0="126,89,118,135,76,48,17,128,40,32,15,116,105" hai1="64,53,18,127,119,56,72,124,9,24,97,67,117" hai2="51,20,54,0,83,21,55,68,62,42,115,50,7" hai3="31,121,129,101,82,81,37,19,108,66,102,79,5"/><U123/><E123/><V11/><F42/><W1/><G37/><T29/><D105/><U103/><E72/><V6/><F83/><W91/><G121/><T36/><D36/><U85/><E85/><V57/><F68/><W111/><G31/><T84/><D76/><U112/><E112/><V96/><F96/><W34/><G34/><T58/><D29/><U26/><E9/><V73/><F73/><W98/><G66/><N who="1" m="25130" /><E56/><V38/><F38/><W74/><G19/><T49/><D32/><U45/><E45/><V122/><F122/><W114/><G5/><T134/><D58/><U75/><E53/><V22/><F7/><W30/><G30/><T60/><D84/><U107/><E75/><V43/><F43/><W106/><G1/><T35/><D40/><U14/><E26/><V94/><F94/><N who="3" m="56671" /><G129/><T93/><D128/><U88/><E88/><V109/><F109/><N who="3" m="42059" /><G114/><T63/><D35/><U44/><E44/><V2/><F2/><W59/><G59/><T10/><D10/><N who="1" m="6487" /><E24/><V71/><F71/><W28/><G28/><T23/><D17/><U69/><E69/><V46/><REACH who="2" step="1"/><F62/><REACH who="2" ten="201,441,41,307" step="2"/><W12/><G82/><T77/><D60/><U27/><E97/><V87/><F87/><W78/><G81/><T16/><D63/><U120/><E120/><V125/><F125/><W104/><G74/><T3/><D126/><U90/><E124/><V86/><F86/><W25/><G106/><T41/><D3/><U113/><E127/><V92/><F92/><W132/><G104/><T4/><D93/><U61/><E107/><V65/><F65/><W33/><G102/><RYUUKYOKU ba="3,1" sc="201,-10,441,-10,41,30,307,-10" hai2="0,6,11,20,21,22,46,50,51,54,55,57,115" /><INIT seed="2,4,1,3,3,43" ten="191,431,71,297" oya="2" hai0="88,59,96,45,9,90,120,81,82,72,79,71,12" hai1="132,89,117,20,15,56,25,70,108,135,125,115,124" hai2="38,7,23,40,6,128,112,57,134,91,106,92,100" hai3="80,66,93,69,58,85,95,62,123,122,119,10,102"/><V53/><F112/><W1/><G119/><T74/><D120/><U105/><E70/><V104/><F134/><N who="1" m="51241" /><E115/><V31/><F128/><W52/><G123/><T73/><D71/><U87/><E117/><V46/><F106/><W63/><G102/><T50/><D59/><U17/><E105/><V54/><F100/><W42/><G42/><T130/><D130/><U61/><E25/><V76/><F76/><W67/><G67/><T101/><D81/><N who="1" m="49391" /><E108/><V22/><F104/><W5/><REACH who="3" step="1"/><G122/><REACH who="3" ten="191,431,71,287" step="2"/><T28/><D72/><U48/><E48/><V98/><F54/><AGARI ba="4,2" hai="15,17,20,54,56,61,124,125" m="49391,51241" machi="54" ten="30,1000,0" yaku="20,1" doraHai="43" who="1" fromWho="2" sc="191,0,431,42,71,-22,287,0" /><INIT seed="3,0,0,1,4,12" ten="191,473,49,287" oya="3" hai0="55,68,127,39,7,85,93,97,16,2,89,56,103" hai1="129,86,91,48,75,59,105,57,23,106,111,72,133" hai2="114,53,42,87,46,14,102,83,49,79,36,115,26" hai3="62,121,120,61,33,38,104,11,70,125,132,65,3"/><W124/><G104/><T110/><D68/><U96/><E111/><V90/><F102/><W131/><G33/><T128/><D39/><U67/><E129/><V35/><F35/><W112/><G131/><T73/><D128/><U74/><E133/><V118/><F118/><W27/><G112/><T24/><D73/><U99/><E67/><V50/><F26/><W17/><G38/><T30/><D110/><U28/><E105/><V43/><F43/><W108/><G62/><T64/><D127/><N who="3" m="48713" /><G108/><T58/><D64/><U37/><E37/><V107/><F107/><W29/><G132/><T126/><D126/><U84/><E106/><V32/><F32/><N who="3" m="20543" /><G3/><T63/><D56/><U88/><E28/><V101/><F101/><W78/><G78/><T77/><D77/><U135/><E135/><V92/><F36/><W44/><G44/><T20/><D2/><U82/><E23/><V113/><F113/><W98/><G98/><T15/><D7/><U100/><E100/><V31/><F31/><W95/><G95/><T122/><D122/><U0/><E0/><V8/><F92/><W25/><G25/><T54/><D55/><U134/><E134/><V119/><F79/><W6/><G6/><T94/><D30/><U123/><E123/><V21/><F21/><W10/><G10/><T80/><D24/><U18/><E96/><V19/><F119/><W116/><G116/><T71/><D71/><U130/><E99/><V9/><F9/><W60/><G60/><T13/><D13/><AGARI ba="0,0" hai="11,13,17,61,65,70,120,121" m="20543,48713" machi="13" ten="30,2900,0" yaku="18,1,52,1" doraHai="12" who="3" fromWho="0" sc="191,-29,473,0,49,0,287,29" /><INIT seed="3,1,0,0,3,28" ten="162,473,49,316" oya="3" hai0="97,29,21,112,72,69,117,109,84,5,59,82,49" hai1="16,41,119,44,4,65,39,85,108,102,98,11,80" hai2="52,86,106,46,71,67,31,78,83,54,19,9,91" hai3="114,23,42,55,88,48,20,104,6,87,134,45,92"/><W133/><G104/><T8/><D117/><U123/><E123/><V107/><F71/><W79/><G114/><T53/><D69/><U36/><E119/><V131/><F67/><W62/><G79/><T60/><D112/><U96/><E108/><V74/><F131/><W63/><G6/><T50/><D72/><U127/><E127/><V100/><F31/><W105/><G105/><T56/><D109/><U73/><E73/><V110/><F110/><W43/><G43/><T24/><D97/><U3/><E65/><V34/><F34/><W1/><G1/><T90/><REACH who="0" step="1"/><D59/><REACH who="0" ten="152,473,49,316" step="2"/><U76/><E96/><V47/><F74/><W51/><G134/><T66/><D66/><U38/><E98/><V30/><F106/><W64/><G133/><T81/><D81/><U37/><E102/><V89/><F100/><W25/><G64/><T111/><D111/><U129/><E129/><V27/><F107/><W113/><G113/><T124/><D124/><U75/><E85/><V70/><F70/><W95/><G95/><T40/><D40/><U15/><E38/><V14/><F54/><W0/><G55/><T103/><D103/><U57/><E57/><V32/><REACH who="2" step="1"/><F52/><REACH who="2" ten="152,473,39,316" step="2"/><W35/><G42/><T135/><D135/><U7/><E39/><V93/><F93/><W116/><G92/><T128/><D128/><U120/><E37/><V115/><F115/><W122/><G116/><T13/><AGARI ba="1,2" hai="5,8,13,21,24,29,49,50,53,56,60,82,84,90" machi="13" ten="20,5200,0" yaku="1,1,0,1,7,1,8,1,53,0" doraHai="28" doraHaiUra="130" who="0" fromWho="0" sc="152,75,473,-14,39,-14,316,-27" /><INIT seed="4,0,0,1,3,14" ten="227,459,25,289" oya="0" hai0="12,4,102,9,74,52,97,30,39,112,107,23,133" hai1="64,126,130,104,101,27,26,89,60,83,45,94,69" hai2="119,40,37,1,43,87,50,123,5,70,36,109,61" hai3="16,131,68,24,38,29,108,58,49,63,134,93,92"/><T65/><D74/><U33/><E130/><V59/><F1/><W120/><G108/><T84/><D39/><N who="2" m="14922" /><F5/><W0/><G0/><T66/><D112/><U85/><E126/><V28/><F28/><W19/><G38/><T128/><D128/><U55/><E33/><V125/><F87/><W73/><G73/><T75/><D75/><U76/><E101/><V20/><F20/><N who="3" m="15495" /><G68/><T100/><D133/><U2/><E104/><V67/><F109/><W82/><G120/><T110/><D110/><U116/><E116/><V56/><F123/><W114/><G114/><T47/><D100/><U78/><E2/><V32/><F32/><W22/><G131/><T31/><D84/><U121/><E78/><V34/><F34/><W57/><G22/><T72/><D72/><U88/><E76/><V86/><F86/><W7/><G7/><T103/><D103/><U3/><E3/><V80/><F80/><W46/><G82/><T117/><D117/><U113/><E121/><V105/><F105/><W127/><G127/><T41/><D41/><N who="2" m="15946" /><F125/><W135/><G134/><T6/><D6/><U51/><E113/><V122/><F122/><W77/><G77/><T95/><D107/><U79/><E79/><V18/><F119/><W132/><G135/><T17/><D4/><U35/><E35/><V124/><F124/><W13/><G93/><T48/><D30/><U91/><E83/><V71/><F18/><W129/><G92/><T25/><AGARI ba="0,0" hai="9,12,17,23,25,31,47,48,52,65,66,95,97,102" machi="25" ten="30,11700,0" yaku="0,1,8,1,52,1,54,1" doraHai="14" who="0" fromWho="0" sc="227,117,459,-39,25,-39,289,-39" owari="344,14.0,420,52.0,-14,-51.0,250,-15.0" /></mjloggm>