<mjloggm ver="2.3"><GO type="225" lobby="0"/><UN n0="%E3%82%A6%E3%83%AB%E3%83%88%E3%83%A9%E7%AB%8B%E7%9B%B4" n1="%E5%B0%B1%E6%B4%BB%E7%94%9F%40%E5%B7%9D%E6%9D%91%E8%BB%8D%E5%9B%A3" n2="%E3%83%9B%E3%83%B3%E3%82%A4%E3%83%84%E5%8E%A8" n3="%E3%81%BD%E3%83%BC%E3%82%93%64%65%E3%83%AA%E3%83%B3%E3%82%B0" dan="17,18,16,16" rate="2194.34,2173.49,2106.99,2136.71" sx="M,M,M,M"/><TAIKYOKU oya="0"/><INIT seed="0,0,0,2,2,119" ten="250,250,250,250" oya="0" hai0="97,85,127,11,134,96,101,87,40,38,131,60,84" hai1="20,48,8,59,51,65,26,2,95,47,78,6,54" hai2="109,71,17,86,33,121,106,117,112,133,28,91,77" hai3="4,55,10,57,37,69,118,24,126,132,22,44,29"/><T102/><D127/><U50/><E78/><V83/><F112/><W36/><G118/><T93/><D131/><U18/><E65/><V19/><F117/><W16/><G126/><T116/><D116/><U104/><E104/><V9/><F109/><W31/><G132/><T94/><D134/><U3/><E3/><V135/><F71/><W34/><G34/><T92/><D60/><U107/><E107/><V120/><F106/><W12/><G69/><T114/><D114/><U62/><REACH who="1" step="1"/><E95/><REACH who="1" ten="250,240,250,250" step="2"/><V115/><F115/><W52/><G55/><T14/><D94/><U68/><E68/><V128/><F77/><W35/><G44/><T49/><D38/><U43/><AGARI ba="0,1" hai="2,6,8,18,20,26,43,47,48,50,51,54,59,62" machi="43" ten="20,2700,0" yaku="1,1,0,1,7,1,53,0" doraHai="119" doraHaiUra="125" who="1" fromWho="1" sc="250,-13,240,37,250,-7,250,-7" /><INIT seed="1,0,0,4,2,46" ten="237,277,243,243" oya="1" hai0="130,17,122,69,87,89,67,120,47,81,124,38,25" hai1="70,49,56,74,98,44,26,57,48,129,133,95,86" hai2="64,79,92,109,59,12,6,11,37,113,33,23,62" hai3="116,117,28,14,5,131,41,112,43,119,10,102,58"/><U107/><E74/><V97/><F109/><W101/><G112/><T77/><D130/><U134/><E70/><V36/><F33/><W125/><G131/><T85/><D124/><U1/><E1/><V40/><F79/><W106/><G125/><T22/><D67/><U18/><E107/><V2/><F113/><W66/><G28/><T78/><D69/><U76/><E129/><V99/><F99/><W118/><N who="3" m="29696" /><DORA hai="82" /><W68/><G68/><T123/><D87/><U73/><E73/><V0/><F0/><W72/><G72/><T105/><D105/><U30/><E18/><V83/><F83/><W71/><G71/><T94/><D94/><U115/><E115/><V132/><F132/><N who="1" m="50793" /><E76/><V50/><F2/><W20/><G20/><T61/><D61/><U90/><E98/><V13/><F13/><N who="3" m="5327" /><G106/><T126/><D126/><U121/><E121/><V51/><F23/><W104/><G14/><T111/><D111/><U7/><E7/><V127/><F127/><W15/><G15/><T80/><D80/><U114/><E114/><V8/><F8/><W84/><G104/><T100/><D100/><N who="3" m="38505" /><G84/><T96/><D96/><U16/><E30/><V3/><F3/><W103/><G103/><T128/><D128/><U55/><E49/><N who="2" m="18443" /><F37/><W39/><G39/><T93/><D81/><U31/><E31/><V9/><F36/><W45/><G45/><T88/><D89/><U42/><E42/><AGARI ba="0,0" hai="17,22,25,38,42,47,77,78,85,88,93,120,122,123" machi="42" ten="40,5200,0" yaku="13,1,52,1,54,1" doraHai="46,82" who="0" fromWho="1" sc="237,52,277,-52,243,0,243,0" /><INIT seed="2,0,0,2,1,98" ten="289,225,243,243" oya="2" hai0="73,9,78,66,106,47,41,82,68,18,27,94,30" hai1="43,33,74,16,104,55,107,76,23,36,5,77,51" hai2="122,84,72,115,8,126,71,22,34,95,45,2,28" hai3="111,117,40,38,127,44,93,65,32,58,49,133,97"/><V25/><F122/><W54/><G32/><T130/><D106/><U85/><E33/><V4/><F115/><W62/><G117/><T11/><D130/><U10/><E74/><V99/><F126/><W3/><G3/><T125/><D125/><U135/><E36/><V124/><F124/><W7/><G127/><T116/><D116/><U20/><E20/><V50/><F71/><W114/><G7/><T120/><D120/><U86/><E43/><V29/><F72/><W15/><G15/><T110/><D18/><U75/><E75/><V61/><F61/><W6/><G6/><T21/><D110/><U88/><E104/><V132/><F132/><W53/><G133/><T42/><D42/><U19/><E107/><V24/><F84/><W102/><G114/><T89/><D66/><U87/><E135/><V1/><F1/><W80/><G111/><T129/><D68/><U17/><E23/><V108/><F108/><W35/><G35/><T105/><D105/><U52/><E88/><V46/><REACH who="2" step="1"/><F50/><REACH who="2" ten="289,225,233,243" step="2"/><W56/><G56/><T123/><D123/><U63/><E63/><V13/><F13/><W14/><G14/><T39/><D129/><U64/><E64/><V48/><F48/><W91/><G38/><T118/><D118/><U90/><E51/><V131/><F131/><W103/><G49/><T128/><D128/><U69/><E69/><V67/><F67/><W119/><G119/><T96/><AGARI ba="0,1" hai="9,11,21,27,30,39,41,47,73,78,82,89,94,96" machi="96" ten="20,1500,0" yaku="0,1,7,1" doraHai="98" who="0" fromWho="0" sc="289,25,225,-4,233,-7,243,-4" /><INIT seed="3,0,0,5,4,93" ten="314,221,226,239" oya="3" hai0="118,72,8,59,97,24,5,14,25,53,96,12,104" hai1="106,78,9,128,81,61,121,131,92,31,127,123,34" hai2="111,55,60,79,116,88,49,29,83,135,85,52,48" hai3="91,134,39,23,17,74,35,0,2,73,45,36,102"/><W1/><G35/><T119/><D72/><N who="3" m="27753" /><G91/><T47/><D104/><U44/><E106/><V114/><F116/><W71/><G45/><T64/><D119/><U56/><E127/><V13/><F114/><W54/><G54/><N who="2" m="20521" /><F111/><W122/><G122/><T125/><D125/><U107/><E107/><V21/><F135/><W3/><N who="3" m="0" /><DORA hai="124" /><W82/><G82/><T26/><D118/><U95/><E44/><V38/><F38/><N who="3" m="14379" /><G102/><T22/><D47/><U19/><E81/><V28/><F60/><W98/><G98/><T41/><D41/><U115/><E78/><V84/><F49/><W43/><G43/><T4/><D64/><N who="1" m="38951" /><E115/><V40/><F48/><W6/><G6/><T7/><D7/><U77/><E77/><V117/><F40/><W90/><G90/><T70/><D5/><U76/><E76/><V18/><F117/><W65/><G134/><T32/><D32/><U37/><E37/><V101/><F101/><W89/><G89/><T33/><D33/><U113/><E113/><V132/><F132/><W86/><G71/><T129/><D70/><U57/><E121/><V87/><F87/><W46/><G46/><T68/><D68/><U99/><E123/><V126/><F126/><W16/><G65/><T94/><D4/><U15/><E99/><V42/><F42/><W100/><G86/><T133/><D97/><U110/><E110/><V20/><F21/><W66/><G66/><T109/><D22/><U80/><E80/><AGARI ba="0,0" hai="13,18,20,28,29,79,80,83,84,85,88" m="20521" machi="80" ten="30,3900,0" yaku="8,1,54,2" doraHai="93,124" who="2" fromWho="1" sc="314,0,221,-39,226,39,239,0" owari="314,41.0,182,-32.0,265,7.0,239,-16.0" /></mjloggm>