<mjloggm ver="2.3"><GO type="169" lobby="0"/><UN n0="%3E%5F%30%40%E6%9D%8F%E6%9D%8F%E8%BB%8D%E5%9C%98" n1="%E5%B0%B1%E6%B4%BB%E7%94%9F%40%E5%B7%9D%E6%9D%91%E8%BB%8D%E5%9B%A3" n2="%E5%BF%83%E6%BB%85" n3="%E3%81%86%E3%81%83%E3%83%BC%E3%81%A1%E3%82%83%E3%82%93" dan="17,17,18,17" rate="2190.11,2232.89,2272.75,2178.87" sx="F,M,M,M"/><TAIKYOKU oya="0"/><INIT seed="0,0,0,0,2,57" ten="250,250,250,250" oya="0" hai0="25,64,87,61,29,30,112,48,27,121,36,10,4" hai1="34,78,63,66,59,62,75,124,106,84,95,85,94" hai2="80,81,74,117,108,134,76,125,79,22,40,51,73" hai3="88,93,6,54,32,77,0,8,100,21,70,31,58"/><T109/><D36/><U72/><E34/><V44/><F108/><W67/><G77/><T35/><D121/><U82/><E106/><V135/><F125/><W38/><G38/><T118/><D112/><U47/><E124/><V96/><F117/><W9/><G100/><T104/><D104/><U92/><E47/><V107/><REACH who="2" step="1"/><F22/><REACH who="2" ten="250,250,240,250" step="2"/><W1/><G21/><T19/><D109/><U130/><E130/><V45/><F45/><W89/><G32/><T13/><D118/><U69/><REACH who="1" step="1"/><E72/><REACH who="1" ten="250,240,240,250" step="2"/><V102/><AGARI ba="0,2" hai="40,44,51,73,74,76,79,80,81,96,102,107,134,135" machi="102" ten="30,8000,1" yaku="1,1,0,1,9,1,53,2" doraHai="57" doraHaiUra="128" who="2" fromWho="2" sc="250,-40,240,-20,240,100,250,-20" /><INIT seed="1,0,0,0,5,65" ten="210,220,340,230" oya="1" hai0="82,6,122,130,124,132,37,44,107,96,117,33,23" hai1="108,8,76,79,2,100,67,48,0,98,69,9,27" hai2="121,75,46,39,30,1,63,19,34,31,81,113,73" hai3="57,128,127,83,85,119,47,71,131,28,126,72,95"/><U86/><E27/><V51/><F121/><W109/><G57/><T99/><D6/><U66/><E48/><V120/><F120/><W43/><G28/><T74/><D82/><U89/><E108/><V41/><F113/><W54/><G54/><T49/><D49/><U58/><E58/><V13/><F1/><W115/><G115/><T20/><D23/><U77/><E9/><V129/><F129/><N who="3" m="49739" /><G95/><T15/><D15/><U26/><E26/><V55/><F34/><W102/><G102/><T45/><D20/><U52/><E8/><V104/><F104/><W29/><G29/><T12/><D12/><U38/><E38/><V40/><F40/><W112/><G72/><T118/><D96/><U87/><E52/><V53/><F53/><W123/><G123/><T3/><D99/><U11/><E11/><V4/><F4/><W70/><G109/><T18/><D18/><U92/><E67/><V111/><F111/><W105/><G119/><T133/><D45/><U93/><REACH who="1" step="1"/><E86/><REACH who="1" ten="210,210,340,230" step="2"/><V103/><F55/><W125/><G112/><T64/><D118/><U78/><N who="1" m="19968" /><DORA hai="134" /><U135/><E135/><V5/><F51/><W62/><G85/><T116/><D132/><U101/><E101/><V88/><F103/><W91/><G127/><T60/><D117/><U7/><E7/><V84/><F5/><W56/><G126/><T94/><D124/><U59/><E59/><V24/><F24/><W106/><G56/><T14/><D116/><U36/><E36/><V90/><F39/><N who="3" m="22015" /><G125/><T80/><D133/><U50/><E50/><V25/><F84/><N who="3" m="50591" /><G62/><AGARI ba="0,1" hai="0,2,62,66,69,87,89,92,93,98,100" m="19968" machi="62" ten="50,9600,0" yaku="1,1,52,1,53,1" doraHai="65,134" doraHaiUra="16,61" who="1" fromWho="3" sc="210,0,210,106,340,0,230,-96" /><INIT seed="1,1,0,0,3,108" ten="210,316,340,134" oya="1" hai0="72,95,100,70,49,11,2,59,38,77,112,66,132" hai1="123,121,117,12,106,96,47,105,133,109,13,0,28" hai2="10,51,98,46,78,86,68,35,103,64,129,25,75" hai3="56,42,36,76,43,80,57,88,79,48,58,54,21"/><U45/><E117/><V84/><F129/><W4/><G36/><T18/><D38/><U85/><E0/><V5/><F75/><W31/><G4/><T8/><D132/><U122/><E28/><V69/><F35/><W87/><G21/><T126/><D70/><U135/><E85/><V33/><F25/><W92/><G31/><T67/><D126/><U83/><E83/><V130/><F33/><W23/><G23/><T116/><D116/><U32/><E96/><V91/><F78/><W26/><G26/><T65/><D77/><U34/><REACH who="1" step="1"/><E123/><REACH who="1" ten="210,306,340,134" step="2"/><V73/><F86/><W29/><G29/><T104/><D72/><U3/><E3/><V24/><F84/><N who="3" m="52231" /><G76/><T44/><D2/><U114/><E114/><V61/><F73/><W128/><G128/><T115/><D112/><U20/><E20/><V19/><F130/><W15/><G15/><T118/><D115/><U89/><E89/><V111/><F91/><W62/><G62/><T90/><D118/><U37/><E37/><V82/><F61/><W113/><G113/><T119/><D90/><U99/><E99/><V60/><F98/><W40/><AGARI ba="1,1" hai="40,42,43,48,54,56,57,58,79,80,87" m="52231" machi="40" ten="30,2000,0" yaku="8,1,54,1" doraHai="108" who="3" fromWho="3" sc="210,-6,306,-11,340,-6,134,33" /><INIT seed="2,0,0,2,4,45" ten="204,295,334,167" oya="2" hai0="1,77,40,10,128,12,80,68,81,13,95,124,49" hai1="82,30,19,11,43,76,53,6,84,92,36,109,134" hai2="52,48,27,100,46,60,118,26,55,135,90,91,117" hai3="78,67,122,121,20,18,39,98,97,73,29,16,38"/><V88/><F135/><W108/><G67/><T58/><D68/><U93/><E109/><V22/><F100/><W119/><G29/><T102/><D1/><U51/><E134/><V4/><F4/><W9/><G9/><T130/><D124/><U115/><E115/><V107/><F107/><W83/><G119/><T85/><D81/><U34/><E43/><V125/><F125/><W57/><G18/><T44/><D58/><U111/><E36/><V79/><F79/><W62/><G108/><T116/><D116/><U133/><E133/><V112/><F112/><W120/><G39/><T69/><D69/><U17/><E30/><V66/><F27/><W24/><REACH who="3" step="1"/><G38/><REACH who="3" ten="204,295,334,157" step="2"/><T110/><D110/><U94/><E111/><V101/><F118/><W7/><G7/><T132/><D132/><U35/><E35/><V86/><F117/><W37/><G37/><T0/><D10/><U25/><E25/><V5/><F5/><W63/><G63/><T127/><D127/><U2/><REACH who="1" step="1"/><E34/><REACH who="1" ten="204,285,334,157" step="2"/><V59/><F66/><W50/><G50/><T14/><REACH who="0" step="1"/><D0/><REACH who="0" ten="194,285,334,157" step="2"/><U99/><E99/><AGARI ba="0,3" hai="12,13,14,40,44,49,77,80,85,95,99,102,128,130" machi="99" ten="40,5200,0" yaku="1,1,2,1,52,1,53,0" doraHai="45" doraHaiUra="71" who="0" fromWho="1" sc="194,82,285,-52,334,0,157,0" /><INIT seed="3,0,0,0,1,37" ten="276,233,334,157" oya="3" hai0="30,121,6,90,41,91,4,129,84,92,56,49,0" hai1="119,123,26,79,62,43,117,126,61,96,21,120,52" hai2="19,94,14,82,13,64,5,35,77,134,99,122,45" hai3="100,31,113,16,73,46,80,88,98,55,40,127,74"/><W59/><G113/><T107/><D121/><U89/><E79/><V7/><F35/><W95/><G127/><T63/><D107/><U71/><E126/><V50/><F122/><W109/><G31/><T114/><D114/><U57/><E96/><V36/><F36/><W72/><G109/><T20/><D0/><U68/><E89/><V87/><F64/><W22/><G100/><T39/><D39/><U108/><E108/><V70/><F70/><N who="1" m="26665" /><E26/><V24/><F24/><W102/><G102/><T110/><D129/><U81/><E21/><V116/><F134/><W18/><G80/><T54/><D90/><U133/><E81/><V15/><F116/><N who="1" m="44617" /><E133/><V112/><F112/><W44/><G40/><T48/><D110/><U38/><E61/><V17/><F5/><W27/><G18/><T23/><D6/><U51/><E38/><V28/><F7/><W34/><G34/><T60/><D4/><U86/><E86/><V53/><F28/><W11/><G11/><T93/><D93/><U66/><E43/><V69/><F69/><AGARI ba="0,0" hai="51,52,57,62,66,69,120,123" m="44617,26665" machi="69" ten="30,7700,0" yaku="12,1,34,2,54,1" doraHai="37" who="1" fromWho="2" sc="276,0,233,77,334,-77,157,0" /><INIT seed="4,0,0,5,5,25" ten="276,310,257,157" oya="0" hai0="54,130,96,89,131,116,21,6,113,27,128,69,106" hai1="57,122,61,16,31,105,84,74,49,50,11,44,95" hai2="119,14,45,102,98,35,90,9,52,126,99,97,60" hai3="40,20,81,46,24,72,114,43,71,91,18,59,62"/><T64/><D116/><U39/><E105/><V70/><F119/><W37/><G114/><T33/><D113/><U111/><E74/><V36/><F126/><W53/><G43/><T23/><D6/><U41/><E111/><V42/><F35/><W68/><G72/><T19/><D54/><U29/><E122/><V47/><F90/><W55/><G81/><T1/><D1/><U118/><E118/><V135/><F135/><W63/><G63/><N who="0" m="40095" /><D89/><N who="1" m="53671" /><E49/><V88/><F88/><W80/><G80/><T5/><D5/><U129/><E39/><V78/><F78/><W92/><REACH who="3" step="1"/><G53/><REACH who="3" ten="276,310,257,147" step="2"/><T109/><D109/><U83/><E83/><V15/><F60/><W22/><G22/><T101/><D23/><U73/><E73/><V7/><F70/><W12/><G12/><T86/><D33/><U13/><E129/><V67/><F15/><W133/><G133/><T120/><D120/><U100/><E100/><V103/><REACH who="2" step="1"/><F67/><AGARI ba="0,1" hai="11,13,16,29,31,41,44,50,57,61,67" m="53671" machi="67" ten="30,7700,0" yaku="8,1,52,2,54,1" doraHai="25" who="1" fromWho="2" sc="276,0,310,87,257,-77,147,0" /><INIT seed="5,0,0,2,5,6" ten="276,397,180,147" oya="1" hai0="129,53,98,13,111,106,62,15,8,125,12,95,56" hai1="66,76,63,119,39,34,132,74,45,31,128,59,86" hai2="71,123,29,10,81,107,27,102,97,19,36,17,11" hai3="79,26,77,0,73,47,33,38,135,133,25,130,75"/><U1/><E119/><V50/><F123/><W117/><G0/><T40/><D111/><U92/><E128/><V122/><F36/><W61/><G61/><T3/><D129/><U49/><E132/><N who="3" m="50762" /><G130/><T35/><D35/><U58/><E39/><V121/><F122/><W42/><G117/><T44/><D106/><U124/><E1/><V48/><F121/><W116/><G116/><T46/><D125/><U103/><E124/><V55/><F71/><W64/><G64/><T70/><D70/><U80/><E34/><V43/><F81/><N who="3" m="45231" /><G33/><T96/><D96/><U105/><E31/><V72/><F72/><W52/><G52/><T30/><D30/><U21/><E21/><V7/><F43/><W126/><G126/><T54/><D54/><U131/><E131/><V109/><F109/><W22/><G22/><T84/><D3/><U110/><E110/><V9/><F7/><W18/><G18/><T68/><D68/><U114/><E45/><V113/><F50/><W112/><G112/><T93/><D40/><U32/><E49/><V28/><F113/><W67/><G67/><T60/><D60/><U88/><E32/><V69/><F69/><W120/><G120/><T100/><D46/><U41/><E41/><V24/><F29/><W90/><G90/><N who="0" m="53447" /><D44/><U2/><E2/><V104/><F104/><W82/><AGARI ba="0,0" hai="25,26,38,42,47,75,79,82" m="45231,50762" machi="82" ten="30,1100,0" yaku="20,1" doraHai="6" who="3" fromWho="3" sc="276,-3,397,-5,180,-3,147,11" /><INIT seed="6,0,0,2,1,105" ten="273,392,177,158" oya="2" hai0="89,23,24,45,98,30,4,126,17,16,135,33,1" hai1="96,40,131,52,60,51,90,59,18,43,47,74,34" hai2="50,113,83,125,77,21,102,32,38,7,66,78,28" hai3="85,100,81,115,27,35,132,37,55,42,22,122,93"/><V91/><F38/><W114/><G35/><T106/><D45/><U39/><E74/><V44/><F32/><W63/><G122/><T8/><D89/><U94/><E34/><V61/><F113/><W2/><G2/><T79/><D79/><U97/><E131/><V64/><F102/><W99/><G132/><T130/><D98/><U71/><E71/><V57/><F66/><W9/><G42/><T46/><D46/><U101/><E18/><V84/><F125/><W62/><G9/><N who="0" m="2191" /><D106/><U5/><E5/><V108/><F108/><W6/><G6/><T29/><D126/><U67/><E39/><V95/><F7/><W88/><G37/><T15/><D130/><U107/><AGARI ba="0,0" hai="40,43,47,51,52,59,60,67,90,94,96,97,101,107" machi="107" ten="20,2700,0" yaku="0,1,7,1,54,1" doraHai="105" who="1" fromWho="1" sc="273,-7,392,27,177,-13,158,-7" /><INIT seed="7,0,0,4,4,59" ten="266,419,164,151" oya="3" hai0="11,19,6,135,127,35,100,125,25,10,55,43,46" hai1="88,112,41,117,58,131,44,4,123,114,64,106,51" hai2="36,50,52,130,29,70,13,14,132,96,133,87,7" hai3="42,16,102,116,86,126,83,24,99,85,47,3,56"/><W80/><G116/><T79/><D135/><N who="2" m="51786" /><F130/><W95/><G3/><T73/><D100/><U119/><E106/><V84/><F36/><W121/><G126/><N who="0" m="48139" /><D55/><N who="1" m="32127" /><E4/><V27/><F70/><W30/><G56/><T1/><D11/><U108/><E108/><V111/><F96/><W103/><G103/><T81/><D19/><U113/><E131/><V134/><F111/><W109/><G109/><T37/><D25/><U5/><E5/><V78/><F134/><W33/><G121/><T0/><D0/><U60/><E88/><V92/><F92/><W40/><G16/><T49/><D49/><N who="1" m="26767" /><E123/><V53/><F78/><W105/><G105/><T39/><D39/><U122/><E122/><V18/><F7/><W54/><G54/><N who="2" m="21097" /><F50/><W28/><G28/><T91/><D91/><U67/><E67/><V68/><F68/><AGARI ba="0,0" hai="60,64,68,112,113,114,117,119" m="26767,32127" machi="68" ten="30,7700,0" yaku="15,1,34,2,52,1" doraHai="59" who="1" fromWho="2" sc="266,0,419,77,164,-77,151,0" owari="266,7.0,496,59.0,87,-41.0,151,-25.0" /></mjloggm>