<mjloggm ver="2.3"><GO type="169" lobby="0"/><UN n0="%E8%A5%BF%E5%9C%92%E5%AF%BA%E9%9D%96%E5%AD%90" n1="%E3%83%88%E3%83%88%E3%83%AA%E5%85%88%E7%94%9F%31%39%E6%AD%B3" n2="%E7%99%BD%E9%B9%BF%E6%84%9B%E8%8E%89" n3="%E6%96%87%E5%9B%9B%E9%83%8E" dan="16,18,16,16" rate="2196.77,2214.19,2171.86,2062.27" sx="F,F,F,M"/><TAIKYOKU oya="0"/><INIT seed="0,0,0,0,5,121" ten="250,250,250,250" oya="0" hai0="93,24,63,3,84,106,87,89,131,60,30,18,72" hai1="12,70,126,45,59,39,55,0,11,109,42,90,27" hai2="112,41,86,47,123,124,68,132,108,10,14,37,9" hai3="40,13,50,19,52,113,53,20,129,48,91,69,102"/><T64/><D72/><U107/><E0/><V29/><F123/><W2/><G113/><T125/><D106/><U77/><E126/><V88/><F112/><W127/><G2/><T81/><D3/><U95/><E107/><V122/><F122/><W54/><G69/><T21/><D125/><U128/><E70/><V98/><F124/><W62/><G127/><T34/><D131/><U26/><E77/><V25/><F132/><W78/><G62/><T22/><D64/><U75/><E75/><V65/><F108/><W100/><G78/><T114/><D114/><U67/><E67/><V92/><F14/><W15/><G129/><T111/><D111/><U36/><E36/><V104/><F65/><W135/><G135/><T17/><D34/><U38/><E38/><V6/><F6/><W66/><G66/><T130/><D130/><U117/><E117/><V4/><F4/><W134/><G134/><T118/><D118/><U5/><E128/><V116/><F116/><W1/><G1/><T83/><D93/><U7/><E7/><V97/><F68/><W57/><G40/><T33/><D33/><U51/><REACH who="1" step="1"/><E109/><REACH who="1" ten="250,240,250,250" step="2"/><V99/><REACH who="2" step="1"/><F104/><REACH who="2" ten="250,240,240,250" step="2"/><W96/><G57/><T82/><D30/><U58/><E58/><V16/><F16/><W23/><G19/><T80/><REACH who="0" step="1"/><D87/><AGARI ba="0,2" hai="5,11,12,26,27,39,42,45,51,55,59,87,90,95" machi="87" ten="30,2000,0" yaku="1,1,7,1,53,0" doraHai="121" doraHaiUra="115" who="1" fromWho="0" sc="250,-20,240,40,240,0,250,0" /><INIT seed="1,0,0,1,3,20" ten="230,280,240,250" oya="1" hai0="29,68,56,78,128,59,64,62,37,9,33,66,32" hai1="125,1,120,109,39,91,8,112,129,126,98,84,55" hai2="81,31,0,86,21,111,19,73,85,25,101,3,35" hai3="11,15,34,119,94,103,22,38,12,7,26,95,43"/><U36/><E112/><V133/><F111/><W88/><G119/><T105/><D105/><U18/><E120/><V41/><F133/><W57/><G34/><T67/><D37/><U100/><E129/><V92/><F73/><W5/><G43/><T61/><D128/><U76/><E76/><V96/><F41/><W69/><G69/><T45/><D68/><U46/><E109/><V2/><REACH who="2" step="1"/><F81/><REACH who="2" ten="230,280,230,250" step="2"/><W121/><G121/><T13/><D32/><U110/><E110/><V24/><AGARI ba="0,1" hai="0,2,3,19,21,24,25,31,35,85,86,92,96,101" machi="24" ten="40,8000,1" yaku="1,1,2,1,0,1,52,2,53,0" doraHai="20" doraHaiUra="65" who="2" fromWho="2" sc="230,-20,280,-40,230,90,250,-20" /><INIT seed="2,0,0,3,2,87" ten="210,240,320,230" oya="2" hai0="54,35,129,72,24,28,120,107,8,40,29,125,134" hai1="118,135,102,60,3,92,53,100,86,79,105,62,104" hai2="59,38,106,84,5,89,111,12,126,57,73,36,90" hai3="14,58,108,71,65,113,44,66,18,22,1,32,67"/><V11/><F73/><W39/><G32/><T88/><D120/><U82/><E118/><V74/><F74/><W7/><G71/><T15/><D107/><U52/><E3/><V93/><F106/><W43/><G108/><T19/><D72/><U94/><E135/><V76/><F76/><W109/><G109/><T55/><D134/><U21/><E104/><V77/><F77/><W56/><REACH who="3" step="1"/><G113/><REACH who="3" ten="210,240,320,220" step="2"/><T4/><D35/><U13/><E105/><V46/><F111/><W101/><G101/><T9/><D125/><U99/><E102/><V119/><F126/><W26/><G26/><T50/><D24/><U31/><E100/><V23/><F119/><W69/><G69/><T85/><D129/><U116/><E116/><V30/><F38/><W63/><G63/><T6/><D50/><U98/><E62/><V37/><F36/><W123/><G123/><T115/><D115/><U48/><E60/><V112/><F112/><W130/><G130/><T122/><D122/><U0/><E48/><V51/><F37/><W2/><G2/><T33/><D33/><U95/><E0/><V61/><F61/><W117/><G117/><T80/><D15/><U16/><E31/><V25/><F51/><W114/><G114/><T81/><D28/><U10/><E21/><V64/><F23/><W27/><G27/><T17/><D29/><U131/><E131/><V124/><F30/><W127/><G127/><T133/><D133/><U68/><E68/><V97/><F124/><W70/><G70/><T110/><D110/><U75/><E75/><V128/><F128/><W96/><G96/><AGARI ba="0,1" hai="10,13,16,52,53,79,82,86,92,94,95,96,98,99" machi="96" ten="40,8000,1" yaku="6,1,8,1,54,2" doraHai="87" who="1" fromWho="3" sc="210,0,240,90,320,0,220,-80" /><INIT seed="3,0,0,3,1,14" ten="210,330,320,140" oya="3" hai0="88,78,24,133,117,67,35,93,110,20,9,27,103" hai1="120,121,50,12,26,77,36,132,54,79,80,46,0" hai2="72,81,89,73,56,92,96,112,58,66,102,111,122" hai3="3,114,18,126,48,87,97,13,43,91,75,10,62"/><W37/><G114/><T69/><D117/><U82/><E0/><V45/><F112/><W2/><G37/><T106/><D110/><U40/><E132/><V23/><F111/><W100/><G75/><T63/><D133/><U49/><E36/><V99/><F122/><W135/><G135/><T115/><D115/><U118/><E118/><V38/><F58/><W15/><G126/><T52/><D78/><U55/><E40/><V128/><F128/><W109/><G109/><T101/><D106/><U5/><E26/><V86/><F38/><W116/><G116/><T94/><D35/><U107/><E107/><V31/><F45/><W53/><G43/><T28/><D24/><U57/><E80/><V124/><F124/><W113/><G62/><T42/><D42/><U17/><E5/><V19/><F31/><W11/><G113/><T74/><D74/><U25/><E25/><V21/><F21/><W64/><G64/><T59/><D9/><U4/><E4/><V127/><F127/><W30/><G30/><T70/><D94/><U123/><REACH who="1" step="1"/><E82/><REACH who="1" ten="210,320,320,140" step="2"/><V84/><F81/><W83/><G13/><T125/><D125/><U47/><E47/><V16/><F72/><W65/><G11/><AGARI ba="0,1" hai="11,12,17,46,49,50,54,55,57,77,79,120,121,123" machi="11" ten="40,2600,0" yaku="1,1,52,1,53,0" doraHai="14" doraHaiUra="131" who="1" fromWho="3" sc="210,0,320,36,320,0,140,-26" /><INIT seed="4,0,0,1,4,18" ten="210,356,320,114" oya="0" hai0="41,103,73,20,86,60,35,52,84,59,58,122,14" hai1="83,119,131,53,123,121,39,110,92,29,56,85,93" hai2="3,75,24,0,129,135,47,32,130,11,34,9,46" hai3="38,128,81,15,43,112,71,44,28,106,109,116,124"/><T5/><D35/><U49/><E119/><V91/><F75/><W6/><G28/><T36/><D73/><U26/><E39/><V1/><F91/><W133/><G43/><T118/><D118/><U120/><E131/><N who="2" m="50187" /><F135/><W51/><G6/><T89/><D122/><U101/><E110/><V33/><F24/><W25/><G25/><T82/><D103/><U64/><E64/><V115/><F115/><W10/><G15/><T95/><D36/><U99/><E93/><V65/><F65/><W90/><G44/><AGARI ba="0,0" hai="0,1,3,9,11,32,33,34,44,46,47" m="50187" machi="44" ten="50,6400,0" yaku="28,2,19,1" doraHai="18" who="2" fromWho="3" sc="210,0,356,0,320,64,114,-64" /><INIT seed="5,0,0,4,4,102" ten="210,356,384,50" oya="1" hai0="97,127,8,120,94,18,103,93,43,21,27,126,9" hai1="71,41,61,84,79,106,60,34,91,95,44,6,131" hai2="134,48,26,32,119,28,123,58,66,24,39,135,7" hai3="13,51,109,88,73,37,46,122,16,29,69,105,82"/><U77/><E34/><V3/><F119/><W128/><G109/><T70/><D70/><U57/><E131/><V80/><F39/><W117/><G122/><T5/><D120/><U113/><E113/><V53/><F123/><W108/><G108/><T11/><D43/><U1/><E106/><V72/><F66/><W85/><G37/><T87/><D87/><U130/><E130/><V62/><F48/><W92/><G128/><T0/><REACH who="0" step="1"/><D93/><REACH who="0" ten="200,356,384,50" step="2"/><U78/><E71/><V132/><F134/><W59/><G69/><T2/><D2/><U47/><E41/><V104/><F3/><W75/><G117/><T10/><AGARI ba="0,1" hai="0,5,8,9,10,11,18,21,27,94,97,103,126,127" machi="10" ten="30,4000,0" yaku="1,1,0,1,53,1" doraHai="102" doraHaiUra="22" who="0" fromWho="0" sc="200,50,356,-20,384,-10,50,-10" /><INIT seed="6,0,0,4,4,133" ten="250,336,374,40" oya="2" hai0="9,49,29,11,7,25,76,109,99,80,95,57,71" hai1="13,130,84,36,26,108,28,31,75,42,121,112,117" hai2="8,87,98,94,41,101,62,93,45,77,118,70,50" hai3="124,54,30,127,78,34,88,15,16,0,135,63,65"/><V38/><F118/><W2/><G78/><T119/><D71/><U21/><E108/><V83/><F8/><W125/><G54/><T66/><D109/><U114/><E75/><V132/><F132/><W105/><G105/><T59/><D119/><U89/><E117/><V4/><F4/><W44/><G44/><T82/><D57/><U107/><E107/><V24/><F24/><N who="3" m="18759" /><G135/><T40/><D40/><U111/><E111/><V20/><F20/><N who="3" m="11295" /><G88/><T120/><D120/><U22/><E121/><V43/><F38/><W60/><G60/><T10/><D7/><U53/><E53/><V58/><F70/><AGARI ba="0,0" hai="0,2,63,65,70,124,125,127" m="11295,18759" machi="70" ten="30,8000,1" yaku="18,1,52,3,54,1" doraHai="133" who="3" fromWho="2" sc="250,0,336,0,374,-80,40,80" /><INIT seed="7,0,0,2,0,69" ten="250,336,294,120" oya="3" hai0="46,86,28,110,8,38,123,75,91,34,61,103,107" hai1="106,100,20,36,25,83,126,76,104,87,108,114,111" hai2="96,131,119,41,130,35,66,13,3,40,24,115,68" hai3="63,85,134,27,92,109,78,33,57,72,71,120,22"/><W99/><G120/><T98/><D75/><U29/><E36/><V135/><F119/><W54/><G72/><T48/><D110/><U127/><E114/><V95/><F3/><W11/><G33/><T84/><D123/><U2/><E2/><V43/><F115/><W52/><G109/><N who="1" m="42058" /><E100/><V101/><F135/><W105/><G105/><T6/><D61/><U53/><E53/><V90/><F13/><W56/><G71/><T93/><D84/><U32/><E20/><V62/><F35/><W74/><G74/><T77/><D77/><U19/><E19/><V7/><F7/><W133/><G11/><T12/><D28/><U65/><E65/><V113/><F24/><W21/><G85/><T132/><D34/><U45/><E45/><V15/><F113/><W39/><G78/><T1/><D1/><U58/><E58/><V59/><F15/><W125/><G39/><T67/><D67/><U129/><E129/><N who="2" m="49163" /><F101/><W89/><G125/><AGARI ba="0,0" hai="25,29,32,76,83,87,104,106,125,126,127" m="42058" machi="125" ten="30,1000,0" yaku="18,1" doraHai="69" who="1" fromWho="3" sc="250,0,336,10,294,0,120,-10" owari="250,-15.0,346,45.0,294,9.0,110,-39.0" /></mjloggm>