<mjloggm ver="2.3"><GO type="169" lobby="0"/><UN n0="%E5%AD%A3%E9%81%95%E3%81%84%E4%BF%B3%E4%BA%BA" n1="%E3%83%8B%E3%83%A3%E3%83%83%E3%83%94%E3%83%BC%E5%A4%8F%E7%9B%AE" n2="%E3%83%88%E3%83%88%E3%83%AA%E5%85%88%E7%94%9F%31%39%E6%AD%B3" n3="%E5%96%A7%E5%98%A9%E5%B8%AB%E2%98%86%E8%8A%B1%E5%B1%B1" dan="19,18,18,16" rate="2259.51,2197.33,2238.21,2144.84" sx="M,M,F,M"/><TAIKYOKU oya="0"/><INIT seed="0,0,0,5,3,59" ten="250,250,250,250" oya="0" hai0="132,104,63,29,135,74,125,97,66,51,78,123,2" hai1="73,43,60,81,64,83,58,15,75,84,39,114,89" hai2="10,18,1,17,80,109,68,37,20,90,107,31,77" hai3="117,26,98,128,35,34,92,69,134,119,38,4,46"/><T110/><D123/><U32/><E32/><V6/><F107/><W93/><G128/><T57/><D2/><U101/><E114/><V115/><F115/><W61/><G134/><N who="0" m="51243" /><D125/><U99/><E81/><V130/><F130/><W65/><G4/><T54/><D110/><U50/><E39/><V96/><F109/><W82/><G82/><N who="0" m="45399" /><D29/><U25/><E25/><V47/><F68/><W40/><G93/><T129/><D129/><U70/><E15/><V11/><F11/><W52/><G26/><T131/><D131/><U108/><E108/><V91/><F31/><W118/><REACH who="3" step="1"/><G52/><REACH who="3" ten="250,250,250,240" step="2"/><T56/><D104/><U116/><E83/><V100/><F80/><W120/><G120/><T21/><D97/><U72/><E99/><V127/><F77/><W122/><G122/><T67/><D21/><U95/><E95/><V22/><F22/><W7/><G7/><T5/><D5/><U0/><E0/><V102/><F20/><W62/><G62/><N who="0" m="38215" /><D67/><U121/><E64/><V106/><F106/><W55/><G55/><T45/><D45/><U133/><E121/><V33/><F96/><W28/><G28/><T23/><D23/><U19/><E133/><V49/><F47/><W9/><G9/><T85/><D85/><U87/><E87/><V16/><F6/><W126/><G126/><T86/><D86/><U76/><E84/><V105/><F127/><W71/><G71/><T14/><D14/><U44/><E70/><V36/><F105/><W113/><G113/><T103/><D63/><U13/><E72/><V8/><F1/><W79/><G79/><T24/><D24/><RYUUKYOKU ba="0,1" sc="250,15,250,-15,250,-15,240,15" hai0="51,54,57,103" hai3="34,35,38,40,46,61,65,69,92,98,117,118,119" /><INIT seed="0,1,1,0,4,55" ten="265,235,235,255" oya="0" hai0="124,11,66,2,122,92,3,36,17,62,18,125,115" hai1="50,87,135,14,133,106,49,97,111,30,34,67,107" hai2="96,7,104,130,53,5,21,127,91,9,121,75,117" hai3="120,99,79,32,110,37,86,57,114,89,72,35,52"/><T13/><D122/><U45/><E111/><V105/><F121/><W59/><G37/><T23/><D36/><U10/><E30/><V129/><F127/><N who="0" m="48714" /><D92/><U47/><E34/><V24/><F75/><W76/><G114/><T58/><D115/><U77/><E67/><V64/><F117/><W40/><G40/><T85/><D85/><U33/><E33/><V31/><F91/><W16/><G110/><T61/><D61/><U39/><E39/><V12/><F7/><W95/><G120/><T8/><D8/><U26/><E26/><AGARI ba="1,1" hai="2,3,11,13,17,18,23,26,58,62,66" m="48714" machi="26" ten="30,2900,0" yaku="18,1,52,1" doraHai="55" who="0" fromWho="1" sc="265,42,235,-32,235,0,255,0" /><INIT seed="0,2,0,0,0,83" ten="307,203,235,255" oya="0" hai0="123,74,33,81,108,16,87,130,44,96,5,125,8" hai1="19,51,56,25,110,126,128,28,113,119,76,67,10" hai2="135,77,0,22,80,95,69,98,89,6,53,59,100" hai3="116,105,12,92,36,101,9,45,52,65,120,90,64"/><T75/><D123/><U18/><E119/><V15/><F69/><W82/><G116/><T49/><D33/><U24/><E128/><V127/><F135/><W40/><G120/><T41/><D130/><U133/><E133/><V60/><F127/><W46/><G105/><T102/><D125/><U66/><E126/><V121/><F121/><W134/><G101/><T39/><D39/><U112/><E110/><V43/><F0/><W107/><G107/><T72/><D108/><U4/><E76/><V124/><F124/><W14/><G14/><T79/><D16/><N who="1" m="6187" /><E51/><V27/><F43/><W2/><G2/><T86/><D86/><U31/><E56/><V58/><F58/><W35/><G35/><T17/><D17/><U26/><E66/><V103/><F6/><W132/><G65/><T32/><D32/><U114/><E67/><V117/><F15/><AGARI ba="2,0" hai="4,10,15,24,25,26,28,31,112,113,114" m="6187" machi="15" ten="40,8000,1" yaku="11,1,34,2,54,1" doraHai="83" who="1" fromWho="2" sc="307,0,203,86,235,-86,255,0" /><INIT seed="1,0,0,4,4,15" ten="307,289,149,255" oya="1" hai0="39,29,18,71,101,111,133,27,54,65,56,12,130" hai1="88,118,4,97,32,72,64,6,14,76,73,70,107" hai2="11,84,67,30,60,75,77,94,127,108,68,31,90" hai3="5,2,69,37,55,113,86,110,10,53,63,34,28"/><U85/><E118/><V42/><F108/><W135/><G110/><T43/><D111/><U91/><E32/><V58/><F127/><W40/><G113/><T119/><D119/><U61/><E91/><V80/><F42/><W102/><G135/><T121/><D133/><U1/><E1/><V52/><REACH who="2" step="1"/><F11/><REACH who="2" ten="307,289,139,255" step="2"/><W0/><G10/><T41/><D41/><U79/><E73/><V49/><AGARI ba="0,1" hai="30,31,49,52,58,60,67,68,75,77,80,84,90,94" machi="49" ten="20,8000,1" yaku="1,1,2,1,0,1,7,1,54,1,53,0" doraHai="15" doraHaiUra="114" who="2" fromWho="2" sc="307,-20,289,-40,139,90,255,-20" /><INIT seed="2,0,0,5,3,65" ten="287,249,229,235" oya="2" hai0="89,90,114,123,53,133,3,50,6,58,93,2,94" hai1="124,62,10,91,87,80,75,102,43,13,47,68,107" hai2="33,111,57,64,126,36,7,122,78,55,106,44,84" hai3="37,112,66,71,16,82,0,52,59,63,17,49,45"/><V119/><F119/><W132/><G0/><T113/><D123/><U1/><E124/><V115/><F106/><W11/><G132/><T72/><D72/><U12/><E75/><V67/><F33/><W96/><G112/><T110/><D133/><U39/><E102/><V88/><F115/><W98/><G82/><T23/><D110/><U83/><E107/><V19/><F122/><W46/><G46/><T127/><D127/><U74/><E62/><V27/><F126/><W26/><G26/><T95/><D2/><U97/><E97/><N who="3" m="37482" /><G11/><T104/><D104/><U60/><E60/><V108/><F78/><W130/><G130/><T92/><D89/><U48/><E48/><V73/><F7/><W109/><G109/><N who="2" m="42057" /><F73/><W125/><G125/><T8/><REACH who="0" step="1"/><D23/><REACH who="0" ten="277,249,229,235" step="2"/><U99/><E74/><V38/><F88/><W105/><G105/><T77/><D77/><U41/><E91/><V42/><F84/><AGARI ba="0,1" hai="3,6,8,50,53,58,84,90,92,93,94,95,113,114" machi="84" ten="40,1300,0" yaku="1,1,53,0" doraHai="65" doraHaiUra="9" who="0" fromWho="2" sc="277,23,249,0,229,-13,235,0" /><INIT seed="3,0,0,5,3,81" ten="300,249,216,235" oya="3" hai0="61,24,78,116,133,2,49,68,70,29,9,30,135" hai1="55,42,75,21,77,38,98,126,22,72,31,35,32" hai2="86,105,96,45,131,120,71,130,94,79,44,82,88" hai3="107,34,84,46,19,64,15,13,124,89,73,76,58"/><W127/><G34/><T123/><D116/><U3/><E3/><V10/><F71/><W87/><G107/><T101/><D123/><U62/><E98/><V1/><F120/><W92/><G73/><T7/><D101/><U50/><E62/><V63/><F63/><N who="3" m="38007" /><G46/><T8/><D8/><U69/><E69/><V6/><REACH who="2" step="1"/><F105/><REACH who="2" ten="300,249,206,235" step="2"/><W67/><G67/><T129/><D61/><U106/><E106/><V95/><F95/><W40/><G124/><T59/><D68/><U16/><E126/><V111/><F111/><W117/><G127/><T0/><D70/><U60/><E60/><V4/><F4/><W90/><G117/><T43/><D7/><U100/><E72/><V65/><F65/><W83/><G40/><T121/><D43/><U12/><E42/><V53/><F53/><W20/><G76/><T102/><D78/><U110/><E77/><V51/><F51/><W122/><G122/><T128/><D49/><U26/><E75/><V93/><F93/><W5/><G5/><T119/><D121/><U109/><E110/><V91/><F91/><W97/><G97/><T113/><D119/><U28/><E109/><V125/><F125/><W41/><G41/><T74/><D74/><U57/><E100/><V104/><F104/><W118/><G118/><T66/><D102/><U14/><E50/><V18/><F18/><W36/><G36/><T17/><D66/><U99/><E16/><V134/><F134/><W39/><G39/><T108/><D135/><U52/><E38/><V48/><F48/><W80/><G92/><T47/><D133/><U114/><E99/><RYUUKYOKU ba="0,1" sc="300,-15,249,-15,206,15,235,15" hai2="1,6,10,44,45,79,82,86,88,94,96,130,131" hai3="13,15,19,20,80,83,84,87,89,90" /><INIT seed="3,1,1,3,2,110" ten="285,234,221,250" oya="3" hai0="69,66,90,101,82,67,24,76,72,68,92,114,43" hai1="44,53,11,79,33,7,112,118,84,108,129,121,5" hai2="123,70,16,104,18,52,94,10,120,36,117,87,12" hai3="51,26,6,3,124,40,105,89,46,22,80,61,91"/><W50/><G105/><T127/><D127/><U20/><E33/><V17/><F117/><W57/><G124/><T56/><D43/><U37/><E121/><V54/><F104/><W58/><G3/><T122/><D122/><U88/><E79/><V85/><F36/><W38/><G6/><T93/><D101/><U135/><E108/><V133/><F70/><W119/><G119/><T39/><D39/><U132/><E118/><V74/><F74/><W96/><G80/><T107/><D107/><U0/><E5/><N who="2" m="3151" /><F133/><N who="1" m="51273" /><E129/><V71/><F71/><W100/><G58/><T130/><D130/><U21/><E112/><V111/><F111/><W115/><G115/><T64/><D114/><U9/><E9/><V116/><F116/><W14/><G14/><T102/><D56/><U47/><E37/><V15/><F123/><W86/><G38/><T42/><D68/><U28/><E28/><V134/><F134/><W62/><G57/><T97/><D69/><U99/><E99/><V49/><F120/><W81/><G51/><T48/><D24/><U34/><E34/><V103/><F15/><W77/><G77/><T19/><D19/><U113/><E113/><V65/><F65/><W75/><G75/><T27/><D27/><U63/><E63/><V32/><F32/><W35/><G35/><T98/><D48/><N who="1" m="28807" /><E47/><N who="2" m="27711" /><F54/><W41/><G41/><T8/><D42/><U31/><E31/><V126/><F126/><W128/><G128/><T60/><D60/><U4/><E4/><V109/><F109/><W59/><G62/><T83/><D8/><U131/><E131/><V1/><F1/><RYUUKYOKU ba="1,1" sc="285,10,234,10,221,10,250,-30" hai0="64,66,67,72,76,82,83,90,92,93,97,98,102" hai1="0,7,11,20,21,84,88" hai2="16,17,18,85,87,94,103" /><INIT seed="4,2,1,1,3,34" ten="295,244,231,220" oya="0" hai0="9,23,105,56,41,124,90,106,4,28,17,83,133" hai1="54,70,39,19,65,109,50,80,36,72,110,112,53" hai2="14,84,75,101,49,131,16,91,44,107,121,40,0" hai3="118,68,29,57,25,59,22,116,45,89,38,114,26"/><T93/><D28/><U98/><E19/><V35/><F121/><W100/><G68/><T135/><D124/><U7/><E98/><V99/><F131/><W62/><G114/><T129/><D83/><U76/><E7/><V92/><F35/><W123/><G123/><T103/><D41/><U6/><E6/><V27/><F75/><W58/><G62/><T113/><D113/><U119/><E112/><V18/><F18/><W81/><G100/><T104/><D129/><U71/><E119/><V108/><F108/><W37/><G26/><N who="0" m="14703" /><D56/><U79/><E80/><V3/><REACH who="2" step="1"/><F27/><REACH who="2" ten="295,244,221,220" step="2"/><W1/><G25/><T47/><D133/><U74/><E74/><V134/><F134/><W126/><G116/><T24/><D24/><U78/><E72/><V10/><AGARI ba="2,2" hai="0,3,10,14,16,40,44,49,84,91,92,99,101,107" machi="10" ten="20,12000,2" yaku="1,1,0,1,7,1,52,2,54,1,53,0" doraHai="34" doraHaiUra="122" who="2" fromWho="2" sc="295,-62,244,-32,221,146,220,-32" /><INIT seed="5,0,0,0,1,104" ten="233,212,367,188" oya="1" hai0="38,26,90,65,61,133,93,123,30,36,118,106,47" hai1="56,21,12,129,52,24,68,80,28,102,74,109,20" hai2="135,77,88,98,60,84,134,45,87,128,63,119,33" hai3="116,18,48,54,23,71,108,120,34,96,66,127,112"/><U37/><E129/><V49/><F119/><W9/><G34/><T1/><D118/><U99/><E68/><V16/><F33/><W7/><G116/><T8/><D106/><U19/><E109/><V3/><F3/><W14/><G112/><T94/><D94/><U2/><E2/><V111/><F111/><W0/><G127/><T122/><D133/><N who="2" m="50698" /><F128/><W72/><G120/><N who="0" m="46123" /><D47/><U86/><E37/><V17/><F98/><W43/><G43/><T69/><D8/><U125/><E125/><V4/><F4/><W126/><G126/><T32/><D1/><U132/><E132/><V92/><F77/><W31/><G31/><T40/><D40/><U110/><E110/><V59/><F84/><AGARI ba="0,0" hai="26,30,32,36,38,61,65,69,84,90,93" m="46123" machi="84" ten="30,1000,0" yaku="13,1" doraHai="104" who="0" fromWho="2" sc="233,10,212,0,367,-10,188,0" /><INIT seed="6,0,0,4,4,34" ten="243,212,357,188" oya="2" hai0="36,23,73,130,77,123,42,60,63,93,3,94,35" hai1="98,62,58,116,79,67,124,102,2,75,31,45,78" hai2="25,132,20,0,65,32,112,54,21,120,109,11,7" hai3="113,95,18,89,68,41,8,117,104,49,55,64,99"/><V47/><F120/><W107/><G117/><T48/><D36/><U5/><E116/><V16/><F112/><W76/><G41/><T87/><D73/><U14/><E75/><V28/><F132/><W33/><G33/><T135/><D35/><U126/><E31/><V129/><F129/><W125/><G125/><N who="1" m="48234" /><E14/><V44/><F109/><W86/><G113/><T88/><D3/><U100/><E45/><V57/><F65/><W53/><G68/><T9/><D9/><N who="1" m="2231" /><E102/><V134/><F134/><W133/><G64/><T114/><D114/><U52/><E67/><V69/><F69/><W29/><G29/><T110/><D123/><U127/><N who="1" m="48242" /><U70/><DORA hai="56" /><E70/><V128/><F128/><W27/><G133/><T115/><D130/><U108/><E108/><V83/><F21/><W82/><G55/><T43/><D43/><U59/><E59/><V106/><F47/><W51/><G51/><T24/><D48/><U80/><E80/><V90/><F44/><W74/><G74/><T61/><D42/><U13/><E13/><N who="2" m="9231" /><F83/><W10/><G10/><T40/><D40/><U96/><E96/><V131/><F131/><W91/><G76/><T85/><D77/><U66/><E66/><V119/><F119/><W72/><G72/><T97/><D110/><U30/><E30/><V101/><F101/><W37/><G37/><T71/><D71/><U6/><E6/><V121/><F121/><W81/><G81/><T26/><D115/><U122/><E122/><V17/><F32/><W103/><G103/><N who="0" m="60855" /><D135/><U118/><E118/><V84/><F28/><W105/><G8/><RYUUKYOKU ba="0,0" sc="243,-10,212,30,357,-10,188,-10" hai1="52,58,62,78,79,98,100" /><INIT seed="7,1,0,4,0,15" ten="233,242,347,178" oya="3" hai0="2,48,62,21,93,127,80,47,132,124,135,113,10" hai1="95,133,44,8,79,12,63,94,32,13,92,105,97" hai2="61,130,78,102,54,58,111,87,55,110,37,117,29" hai3="119,109,7,42,76,50,112,99,88,56,123,106,9"/><W114/><G119/><T64/><D113/><N who="3" m="43625" /><G123/><T31/><D80/><U116/><E32/><V107/><F117/><W28/><G109/><T40/><D93/><U36/><E116/><V11/><F37/><W81/><G28/><T19/><D31/><U27/><E105/><V18/><F130/><W98/><G106/><T82/><D82/><U69/><E133/><N who="0" m="51273" /><D10/><U59/><E69/><V34/><F29/><W121/><G121/><T25/><D2/><U100/><E79/><V1/><F34/><W46/><G56/><AGARI ba="1,0" hai="19,21,25,40,47,48,56,62,64,124,127" m="51273" machi="56" ten="30,2000,0" yaku="20,1,52,1" doraHai="15" who="0" fromWho="3" sc="233,23,242,0,347,0,178,-23" owari="256,6.0,242,-16.0,347,44.0,155,-34.0" /></mjloggm>