<mjloggm ver="2.3"><GO type="169" lobby="0"/><UN n0="%E5%B0%B1%E6%B4%BB%E7%94%9F%40%E5%B7%9D%E6%9D%91%E8%BB%8D%E5%9B%A3" n1="%64%65%61%69%75%70%2E%63" n2="%74%61%74%73%75%37%30%32" n3="%E3%82%AB%E3%83%96%E3%83%88" dan="18,17,16,17" rate="2217.65,2119.77,2149.91,2188.66" sx="M,M,M,M"/><TAIKYOKU oya="0"/><INIT seed="0,0,0,1,5,87" ten="250,250,250,250" oya="0" hai0="85,58,109,44,35,15,104,12,64,16,11,106,100" hai1="1,124,107,76,9,93,111,67,63,113,120,127,59" hai2="92,98,72,121,129,62,118,70,125,31,73,46,7" hai3="40,14,108,54,91,3,61,95,81,5,17,34,78"/><T57/><D35/><U79/><E107/><V56/><F121/><W19/><G34/><T94/><D109/><U45/><E120/><V33/><F125/><W28/><G28/><T116/><D116/><U110/><E113/><V24/><F129/><W36/><G108/><N who="1" m="41514" /><E45/><V80/><F118/><W4/><G3/><T21/><D44/><U20/><E20/><V37/><F70/><W23/><G40/><T84/><D84/><U103/><E1/><V27/><F7/><W55/><G36/><T18/><D58/><U114/><E9/><V50/><F80/><W13/><G78/><N who="1" m="29738" /><E114/><V47/><F27/><W8/><G81/><T77/><D77/><U38/><E38/><V131/><F131/><W135/><G135/><T60/><REACH who="0" step="1"/><D100/><REACH who="0" ten="240,250,250,250" step="2"/><U126/><E126/><V133/><F47/><W26/><G61/><T74/><D74/><U48/><E48/><V132/><F37/><W101/><G101/><T42/><D42/><U134/><E134/><N who="2" m="51819" /><F50/><W49/><G49/><T68/><D68/><U43/><E43/><V25/><F46/><W115/><G115/><T102/><D102/><U0/><E124/><V117/><F117/><W119/><G119/><T51/><D51/><U99/><E127/><V30/><F56/><W10/><G5/><T32/><D32/><U82/><E82/><V90/><F62/><W86/><AGARI ba="0,1" hai="4,8,10,13,14,17,19,23,26,54,55,86,91,95" machi="86" ten="20,5200,0" yaku="0,1,7,1,8,1,52,1" doraHai="87" who="3" fromWho="3" sc="240,-26,250,-13,250,-13,250,62" /><INIT seed="1,0,0,5,2,80" ten="214,237,237,312" oya="1" hai0="121,14,114,6,29,45,88,126,48,12,87,130,10" hai1="56,105,35,20,33,83,98,27,32,69,46,37,4" hai2="31,95,90,97,82,8,93,78,28,94,26,74,117" hai3="99,17,73,11,124,103,65,127,79,39,134,107,16"/><U25/><E69/><V72/><F117/><W119/><G39/><T128/><D114/><U1/><E1/><V44/><F28/><W2/><G119/><T91/><D126/><N who="3" m="48169" /><G134/><T110/><D110/><U75/><E4/><V49/><F8/><W30/><G30/><T43/><D121/><U118/><E118/><V51/><F51/><W77/><G65/><T53/><D29/><U42/><E56/><V22/><REACH who="2" step="1"/><F74/><REACH who="2" ten="214,237,227,312" step="2"/><W132/><G73/><T89/><D43/><AGARI ba="0,1" hai="22,26,31,43,44,49,72,78,82,90,93,94,95,97" machi="43" ten="30,7700,0" yaku="1,1,2,1,7,1,53,1" doraHai="80" doraHaiUra="85" who="2" fromWho="0" sc="214,-77,237,0,227,87,312,0" /><INIT seed="2,0,0,5,2,82" ten="137,237,314,312" oya="2" hai0="19,119,101,16,41,54,80,25,70,133,103,15,43" hai1="67,134,118,73,90,78,11,20,59,48,52,83,49" hai2="46,97,105,130,100,36,29,128,1,44,34,17,96" hai3="35,106,94,40,93,12,122,124,91,79,61,92,26"/><V127/><F1/><W102/><G122/><T107/><D70/><U51/><E118/><V98/><F127/><W13/><G124/><T45/><D119/><U117/><E117/><V123/><F123/><W132/><G132/><T50/><D133/><U129/><E134/><V115/><F115/><W6/><G79/><T89/><D25/><U58/><E129/><V14/><F29/><W7/><G40/><T121/><D121/><U131/><E131/><N who="2" m="50219" /><F34/><W84/><G35/><T18/><D15/><N who="3" m="5705" /><G106/><T66/><D66/><U60/><E11/><N who="2" m="6367" /><F46/><W27/><G61/><T63/><D107/><U81/><REACH who="1" step="1"/><E20/><REACH who="1" ten="137,227,314,312" step="2"/><V104/><F105/><W86/><G7/><T24/><D24/><U8/><E8/><V10/><F10/><W110/><G6/><T71/><D71/><U88/><E88/><V75/><F75/><W23/><G91/><T55/><D101/><U126/><E126/><V108/><F108/><W111/><G27/><T37/><D103/><U65/><E65/><V30/><F30/><N who="3" m="17759" /><G102/><T3/><D3/><U69/><E69/><V87/><F100/><W77/><G77/><T116/><D116/><U56/><E56/><V85/><F104/><W9/><G9/><T47/><REACH who="0" step="1"/><D63/><REACH who="0" ten="127,227,314,312" step="2"/><U21/><E21/><V28/><F28/><W33/><G33/><T112/><D112/><U53/><E53/><V62/><F62/><W5/><G5/><T95/><D95/><U31/><E31/><V114/><F114/><W22/><G22/><T64/><D64/><U42/><E42/><AGARI ba="0,2" hai="36,42,44,85,87,96,97,98" m="6367,50219" machi="42" ten="30,5800,0" yaku="19,1,52,2" doraHai="82" who="2" fromWho="1" sc="127,0,227,-58,314,78,312,0" /><INIT seed="2,1,0,2,0,9" ten="127,169,392,312" oya="2" hai0="111,31,33,34,10,116,114,14,117,128,25,59,17" hai1="94,123,124,64,102,125,87,54,113,92,73,67,51" hai2="49,98,74,93,120,19,103,16,68,85,18,41,82" hai3="4,133,60,52,100,35,37,126,78,129,69,65,95"/><V70/><F74/><W55/><G35/><N who="0" m="13323" /><D59/><U76/><E73/><V57/><F120/><W6/><G37/><T96/><D96/><N who="1" m="59671" /><E113/><V40/><F70/><W61/><G129/><T121/><D121/><U130/><E130/><V21/><F68/><W83/><G133/><T134/><D128/><U122/><E67/><V50/><F21/><W26/><G26/><T58/><D58/><N who="1" m="33119" /><E64/><V84/><F84/><W23/><G126/><N who="1" m="48746" /><E76/><V13/><F13/><W104/><G104/><T127/><D127/><U106/><E106/><V12/><F12/><W38/><G78/><T86/><D86/><U90/><AGARI ba="1,0" hai="87,90,92,122,123" m="48746,33119,59671" machi="90" ten="30,1100,0" yaku="18,1" doraHai="9" who="1" fromWho="1" sc="127,-4,169,14,392,-6,312,-4" /><INIT seed="3,0,0,5,4,92" ten="123,183,386,308" oya="3" hai0="45,119,24,10,40,47,130,0,28,66,26,21,82" hai1="22,135,120,63,56,96,38,51,46,122,101,53,114" hai2="74,111,116,102,98,12,72,36,118,124,18,86,13" hai3="29,20,115,129,59,99,52,85,17,25,73,4,62"/><W33/><G73/><T23/><D119/><U7/><E114/><V97/><F36/><W54/><G115/><T61/><D130/><U91/><E135/><V64/><F64/><W1/><G129/><T105/><D105/><U87/><E7/><V125/><F86/><W78/><G78/><T76/><D0/><U117/><E38/><V34/><F34/><W49/><G85/><T3/><D3/><U89/><E117/><N who="2" m="45163" /><F102/><W93/><G4/><T48/><D10/><U50/><E50/><V60/><F60/><W103/><G1/><T5/><D5/><U80/><E22/><V32/><F32/><W39/><G39/><T77/><D45/><U131/><E131/><V2/><F2/><W94/><G94/><T8/><D8/><U95/><REACH who="1" step="1"/><E101/><REACH who="1" ten="123,173,386,308" step="2"/><V127/><F111/><W128/><G128/><T43/><D43/><AGARI ba="0,1" hai="43,46,51,53,56,63,80,87,89,91,95,96,120,122" machi="43" ten="30,7700,0" yaku="1,1,2,1,7,1,52,1,53,0" doraHai="92" doraHaiUra="134" who="1" fromWho="0" sc="123,-77,173,87,386,0,308,0" /><INIT seed="4,0,0,2,4,107" ten="46,260,386,308" oya="0" hai0="103,111,100,131,2,74,114,76,69,104,85,19,41" hai1="102,21,124,48,45,11,122,70,29,44,113,127,63" hai2="81,32,130,50,17,93,123,66,9,86,47,72,35" hai3="94,119,133,33,25,16,83,64,109,117,31,10,99"/><T97/><D69/><U79/><E122/><V95/><F123/><W62/><G109/><T42/><D2/><U6/><E102/><V101/><F72/><W77/><G133/><T110/><D41/><U115/><E79/><V75/><F75/><W23/><G10/><T39/><D39/><U14/><E63/><V116/><F116/><W28/><G94/><T84/><D42/><N who="1" m="24599" /><E45/><V60/><F35/><W37/><G99/><N who="0" m="61471" /><D19/><N who="1" m="10487" /><E29/><V5/><F32/><W36/><G36/><T13/><D13/><N who="1" m="5367" /><E70/><V54/><F101/><W20/><G37/><T26/><D26/><U65/><E65/><V68/><F17/><W40/><G40/><T49/><D49/><U56/><E56/><V38/><F38/><W89/><G31/><T106/><D114/><AGARI ba="0,0" hai="113,114,115,124,127" m="5367,10487,24599" machi="114" ten="30,2000,0" yaku="15,1,11,1" doraHai="107" who="1" fromWho="0" sc="46,-20,260,20,386,0,308,0" /><INIT seed="5,0,0,0,1,46" ten="26,280,386,308" oya="1" hai0="110,104,40,19,90,37,73,117,30,7,13,17,15" hai1="108,9,20,79,94,47,128,71,130,25,103,56,34" hai2="70,98,100,115,6,102,129,132,1,95,0,33,127" hai3="29,86,89,39,55,78,82,81,105,54,85,41,75"/><U96/><E71/><V10/><F33/><W32/><G105/><T2/><D104/><U49/><E34/><V74/><F70/><W44/><G32/><T126/><D73/><U106/><E9/><V118/><F118/><W133/><G29/><T67/><D67/><U57/><E108/><V121/><F121/><W68/><G68/><T112/><D37/><U24/><E79/><V64/><F74/><W124/><G124/><T5/><D40/><U35/><E35/><V61/><F1/><W45/><G133/><T14/><D90/><U22/><E106/><V131/><F127/><W59/><G45/><T123/><D126/><U116/><E116/><V76/><F76/><W93/><G59/><T114/><D110/><U43/><E24/><V3/><F0/><W48/><G39/><T16/><D117/><U119/><E119/><V84/><F84/><W58/><G58/><N who="1" m="22634" /><E25/><V92/><F132/><W28/><G28/><T31/><D123/><U101/><E101/><V88/><F115/><N who="0" m="44074" /><D2/><U65/><E65/><V69/><REACH who="2" step="1"/><F102/><REACH who="2" ten="26,280,376,308" step="2"/><W134/><G134/><T51/><D51/><U122/><E122/><V62/><F62/><W99/><G85/><T38/><D38/><U60/><E60/><V97/><AGARI ba="0,1" hai="3,6,10,61,64,69,88,92,95,97,98,100,129,131" machi="97" ten="30,4000,0" yaku="1,1,0,1,54,1,53,0" doraHai="46" doraHaiUra="107" who="2" fromWho="2" sc="26,-10,280,-20,376,50,308,-10" /><INIT seed="6,0,0,5,2,92" ten="16,260,426,298" oya="2" hai0="128,96,83,103,61,50,21,108,67,134,2,55,14" hai1="114,43,35,28,40,37,106,68,44,86,76,57,25" hai2="19,20,36,80,24,39,132,3,60,109,82,74,53" hai3="33,99,111,87,65,0,98,32,66,12,71,7,126"/><V4/><F132/><W15/><G111/><T118/><D2/><U113/><E68/><V119/><F119/><W97/><G0/><T123/><D134/><U9/><E43/><V121/><F121/><W135/><G135/><T47/><D123/><U104/><E9/><V29/><F109/><W89/><G126/><T88/><D118/><U30/><E30/><V38/><F74/><W107/><G107/><T130/><D130/><U64/><E76/><V84/><F4/><W131/><G131/><T105/><D108/><U122/><E122/><V16/><F3/><W8/><G15/><T133/><D133/><U120/><E120/><V95/><F82/><W72/><G72/><T112/><D112/><N who="1" m="43115" /><E86/><V63/><F95/><W59/><G71/><T73/><D128/><U129/><E129/><V22/><F53/><W77/><G77/><T58/><D73/><U23/><E23/><V100/><F100/><W56/><G33/><T62/><D62/><AGARI ba="0,0" hai="25,28,35,37,40,44,57,62,64,104,106" m="43115" machi="62" ten="30,1000,0" yaku="15,1" doraHai="92" who="1" fromWho="0" sc="16,-10,260,10,426,0,298,0" /><INIT seed="7,0,0,5,4,13" ten="6,270,426,298" oya="3" hai0="65,40,91,86,105,72,37,113,110,51,15,18,84" hai1="124,42,59,120,24,5,81,82,66,89,12,78,38" hai2="6,83,126,47,94,46,35,26,4,33,48,22,131" hai3="95,76,14,1,2,75,127,100,135,85,28,32,88"/><W114/><G114/><T70/><D72/><U36/><E120/><V25/><F126/><W101/><G127/><T8/><D105/><U64/><E124/><V54/><F131/><W96/><G135/><T71/><D110/><U30/><E89/><V107/><F107/><N who="3" m="63879" /><G101/><T125/><D113/><U103/><E103/><V74/><F94/><W58/><G58/><T23/><D125/><U10/><E38/><V116/><F47/><W129/><G129/><T119/><D119/><U0/><E81/><V122/><F46/><W53/><G53/><T16/><D37/><U87/><E59/><V21/><F54/><W55/><G55/><T80/><D71/><U106/><E106/><V11/><F48/><W67/><G67/><T128/><D128/><U123/><E123/><V56/><F56/><W133/><G133/><T60/><D51/><U63/><E63/><V117/><F11/><W3/><G14/><T90/><D40/><U132/><E132/><V9/><F9/><W99/><G99/><T102/><D102/><U20/><E0/><V41/><F41/><W49/><G49/><T19/><D23/><U121/><E121/><V77/><F122/><W98/><G98/><T50/><D50/><U31/><E31/><V52/><F52/><W68/><G68/><T62/><D62/><U73/><E87/><V112/><F117/><W111/><G111/><T45/><D45/><N who="1" m="23751" /><E66/><V97/><F97/><W29/><G32/><N who="2" m="12361" /><F116/><W43/><G43/><T115/><D115/><U79/><E64/><V130/><F112/><W17/><G17/><T69/><D69/><U34/><E20/><RYUUKYOKU ba="0,0" sc="6,10,270,10,426,-30,298,10" hai0="8,15,16,18,19,60,65,70,80,84,86,90,91" hai1="5,10,12,24,30,34,73,78,79,82" hai3="1,2,3,28,29,75,76,85,88,95" /><INIT seed="7,1,0,2,0,111" ten="16,280,396,308" oya="3" hai0="23,123,88,69,128,93,21,0,130,11,38,35,95" hai1="67,13,106,118,125,126,129,120,103,55,39,50,15" hai2="117,59,17,115,10,22,97,108,87,116,107,9,64" hai3="80,131,56,24,47,60,54,134,73,135,78,4,19"/><W58/><G131/><T113/><D69/><U49/><E39/><V48/><F108/><W1/><G47/><T31/><D38/><U96/><E120/><V100/><F115/><W70/><G70/><T82/><D123/><U8/><E129/><V51/><F48/><W114/><G114/><T72/><D35/><U101/><E67/><V30/><F30/><W65/><G4/><T110/><D110/><U3/><E3/><V27/><F87/><W99/><G1/><T105/><D105/><U46/><E118/><V53/><F64/><W102/><G19/><T81/><D0/><U119/><E119/><V52/><F53/><W76/><G24/><T71/><D71/><U18/><E103/><V63/><F51/><W112/><G112/><T37/><D37/><U34/><E34/><V98/><F98/><W42/><G42/><T109/><D72/><U20/><REACH who="1" step="1"/><E50/><REACH who="1" ten="16,270,396,308" step="2"/><V28/><F117/><W83/><G65/><T61/><D109/><U127/><E127/><V122/><F116/><W40/><G40/><T32/><D113/><U7/><AGARI ba="1,1" hai="7,8,13,15,18,20,46,49,55,96,101,106,125,126" machi="7" ten="30,2000,0" yaku="1,1,0,1,53,0" doraHai="111" doraHaiUra="75" who="1" fromWho="1" sc="16,-6,270,33,396,-6,308,-11" owari="10,-49.0,303,10.0,390,49.0,297,-10.0" /></mjloggm>