<mjloggm ver="2.3"><GO type="169" lobby="0"/><UN n0="%4A%6F%75%72%6E%65%79" n1="%E5%B0%B1%E6%B4%BB%E7%94%9F%40%E5%B7%9D%E6%9D%91%E8%BB%8D%E5%9B%A3" n2="%E3%81%BE%E3%81%BF%E3%81%AD%E3%81%93" n3="%73%68%6F%6F%74%33%39" dan="16,17,16,18" rate="2086.33,2235.70,2102.76,2189.69" sx="F,M,M,M"/><TAIKYOKU oya="0"/><INIT seed="0,0,0,0,1,85" ten="250,250,250,250" oya="0" hai0="52,123,41,49,127,26,66,25,100,115,73,110,117" hai1="79,32,126,35,19,21,94,14,102,63,114,77,17" hai2="50,72,71,11,62,70,48,91,124,10,108,131,125" hai3="2,67,96,74,107,16,86,111,36,97,51,76,80"/><T43/><D115/><U116/><E116/><V9/><F72/><W133/><G36/><T6/><D117/><U84/><E114/><V30/><F30/><W68/><G2/><T103/><D123/><U29/><E126/><N who="2" m="48747" /><F108/><W13/><G111/><T99/><D110/><U118/><E118/><V28/><F28/><W129/><G129/><T93/><D73/><U113/><E113/><V53/><F131/><W128/><G128/><T46/><D127/><U55/><E29/><V109/><F109/><W15/><G133/><T4/><D66/><U101/><E35/><V45/><F62/><W1/><G1/><T37/><D100/><U75/><E32/><V90/><F50/><W39/><G39/><T18/><D43/><U135/><E135/><V7/><F7/><W78/><G67/><T38/><D38/><U134/><E134/><V83/><F83/><W87/><G68/><AGARI ba="0,0" hai="9,10,11,45,48,53,68,70,71,90,91" m="48747" machi="68" ten="40,5200,0" yaku="18,1,52,2" doraHai="85" who="2" fromWho="3" sc="250,0,250,0,250,52,250,-52" /><INIT seed="1,0,0,0,5,67" ten="250,250,302,198" oya="1" hai0="12,70,123,28,6,45,62,29,100,101,25,107,21" hai1="23,74,91,113,108,126,111,96,22,32,47,69,79" hai2="7,9,0,37,89,80,115,41,2,135,86,40,35" hai3="49,13,64,92,54,17,129,88,102,16,85,51,95"/><U60/><E32/><V130/><F130/><W10/><G129/><T3/><D123/><U76/><E113/><V46/><F135/><W15/><G64/><T94/><D29/><U134/><E134/><V5/><F115/><W8/><G54/><T128/><D128/><U98/><E47/><V125/><F35/><W124/><G124/><T132/><D132/><U57/><E126/><V71/><F125/><W119/><G119/><T72/><D72/><U1/><E1/><V78/><F40/><W48/><G102/><T127/><D127/><U93/><E96/><V19/><F19/><W120/><G120/><T56/><D107/><U33/><E33/><V82/><F2/><W109/><G109/><N who="1" m="42058" /><E74/><V114/><F114/><W106/><G106/><T26/><D3/><U44/><E44/><V52/><F7/><W31/><G31/><T36/><D6/><U112/><E112/><V117/><F117/><W122/><G122/><T133/><D133/><U4/><E4/><V75/><F37/><W118/><G118/><T121/><D121/><U53/><E69/><V131/><F71/><W18/><G95/><T73/><D73/><U90/><E90/><V55/><F131/><W20/><G51/><T110/><D70/><U66/><E66/><V63/><F63/><W30/><G30/><T99/><D110/><U105/><E105/><V83/><F83/><W81/><G81/><T50/><D36/><U34/><E34/><V103/><F103/><W116/><G116/><T59/><D100/><U43/><E43/><V14/><F0/><W84/><G84/><T61/><D101/><RYUUKYOKU ba="0,0" sc="250,-30,250,10,302,10,198,10" hai1="22,23,53,57,60,76,79,91,93,98" hai2="5,9,14,41,46,52,55,75,78,80,82,86,89" hai3="8,10,13,15,16,17,18,20,48,49,85,88,92" /><INIT seed="1,1,0,0,2,18" ten="220,260,312,208" oya="1" hai0="62,13,8,20,114,81,48,25,100,84,135,127,35" hai1="82,104,24,36,131,117,79,99,46,87,73,28,86" hai2="97,125,33,50,128,63,49,2,83,14,122,69,72" hai3="52,71,38,0,56,66,37,51,98,4,65,91,110"/><U9/><E117/><V101/><F2/><W78/><G110/><T34/><D114/><U109/><E131/><V88/><F122/><W5/><G78/><T77/><D135/><U15/><E109/><V31/><F128/><W75/><G75/><T90/><D127/><U102/><E36/><V103/><F125/><W54/><G91/><T119/><D119/><U43/><E43/><V115/><F103/><W93/><G93/><T67/><D48/><U61/><E61/><V92/><F14/><W23/><G98/><T30/><D100/><U59/><E59/><V60/><F60/><W44/><G0/><T80/><D80/><U70/><E46/><V108/><F108/><W17/><G56/><T22/><D35/><U118/><E70/><V134/><F134/><W121/><G121/><T129/><D77/><U42/><E42/><V94/><F83/><W95/><G95/><T64/><D129/><U41/><E41/><V40/><F40/><W68/><G17/><T113/><D113/><U107/><E107/><V130/><F130/><W11/><G11/><T47/><D47/><U116/><E118/><V132/><F132/><W32/><G44/><T105/><D105/><U58/><E58/><V133/><F133/><W96/><G51/><T19/><D67/><U76/><E76/><V112/><F112/><W6/><G38/><T21/><D34/><N who="1" m="20743" /><E116/><V124/><F124/><W120/><G37/><T27/><D27/><U7/><E73/><V39/><F39/><W126/><G120/><T106/><D106/><U10/><E10/><V45/><F115/><W16/><G126/><RYUUKYOKU ba="1,0" sc="220,15,260,15,312,-15,208,-15" hai0="8,13,19,20,21,22,25,30,62,64,81,84,90" hai1="7,9,15,79,82,86,87,99,102,104" /><INIT seed="1,2,0,1,4,134" ten="235,275,297,193" oya="1" hai0="90,96,3,13,118,89,124,61,107,8,24,40,69" hai1="111,62,105,79,42,46,81,53,22,125,73,19,91" hai2="50,64,95,48,36,56,72,101,39,68,129,17,117" hai3="67,52,99,85,9,104,71,77,47,121,83,45,31"/><U2/><E2/><V35/><F35/><W0/><G121/><T109/><D118/><U131/><E105/><V57/><F72/><W116/><G116/><T130/><D3/><U12/><E131/><V132/><F17/><W11/><G31/><T127/><D130/><U126/><E91/><V92/><F129/><W98/><G71/><T82/><D40/><U27/><E111/><V34/><F34/><W102/><G67/><T106/><D82/><U38/><E53/><V58/><F117/><W59/><G99/><T128/><D128/><U120/><E120/><V14/><F14/><W88/><G77/><T23/><D109/><U115/><E115/><V54/><F101/><W49/><REACH who="3" step="1"/><G11/><REACH who="3" ten="235,275,297,183" step="2"/><T28/><D96/><U32/><E62/><V26/><F68/><W78/><G78/><T1/><D69/><U74/><E74/><V100/><F64/><W86/><G86/><T41/><D61/><U30/><AGARI ba="2,1" hai="12,19,22,27,30,32,38,42,46,73,79,81,125,126" machi="30" ten="30,6000,0" yaku="0,1,52,2" doraHai="134" who="1" fromWho="1" sc="235,-22,275,76,297,-22,183,-22" /><INIT seed="1,3,0,4,5,58" ten="213,351,275,161" oya="1" hai0="119,45,104,127,89,26,124,116,18,105,112,47,98" hai1="12,38,132,28,1,83,69,50,16,120,56,48,129" hai2="78,73,51,71,84,79,4,14,68,114,107,10,43" hai3="3,113,93,74,75,95,46,37,72,36,76,118,121"/><U96/><E69/><V90/><F107/><N who="0" m="41034" /><D112/><U62/><E38/><N who="3" m="14954" /><G76/><T109/><D109/><U13/><E1/><V97/><F114/><W49/><G113/><T53/><D98/><U2/><E2/><V64/><F73/><W17/><G3/><T19/><D89/><U77/><E120/><V106/><F79/><W55/><G121/><T111/><D111/><U32/><E129/><V30/><F30/><W25/><G25/><T86/><D86/><N who="1" m="48495" /><E132/><V57/><F71/><W40/><G17/><N who="0" m="6155" /><D26/><U27/><E32/><V135/><F68/><W92/><G40/><T34/><D34/><U24/><E96/><V41/><F135/><W117/><G49/><N who="1" m="19050" /><E28/><V67/><F106/><W130/><G46/><N who="0" m="17419" /><D53/><N who="1" m="34063" /><E13/><V29/><F43/><W9/><G55/><T59/><D59/><U80/><E80/><N who="2" m="47127" /><F41/><W54/><G54/><T108/><D108/><U52/><E52/><N who="2" m="31903" /><F29/><W123/><G123/><T6/><D6/><U63/><E63/><V65/><F65/><W22/><G130/><T15/><D15/><U99/><E99/><V21/><F67/><W126/><G72/><T85/><D85/><U8/><AGARI ba="3,0" hai="8,12,16,24,27" m="34063,19050,48495" machi="8" ten="30,6000,0" yaku="8,1,52,1,54,1" doraHai="58" who="1" fromWho="1" sc="213,-23,351,69,275,-23,161,-23" /><INIT seed="1,4,0,4,3,15" ten="190,420,252,138" oya="1" hai0="51,32,67,103,116,88,94,25,20,106,100,30,31" hai1="68,43,86,133,7,114,117,35,80,87,49,29,125" hai2="75,12,102,109,66,89,96,36,101,52,4,61,108" hai3="131,77,63,98,46,69,48,8,122,5,6,39,11"/><U10/><E114/><V28/><F36/><W55/><G122/><T23/><D116/><U19/><E117/><V85/><F75/><W21/><G131/><T132/><D132/><U40/><E68/><V0/><F0/><W13/><G77/><T65/><D106/><U120/><E120/><V70/><F28/><W72/><G72/><T18/><D32/><U9/><E133/><V124/><F124/><W71/><G39/><T1/><D1/><U3/><E125/><V115/><F115/><W118/><G118/><T134/><D51/><U107/><E107/><V74/><F74/><W126/><G126/><T2/><D2/><U14/><E86/><V127/><F127/><W90/><G21/><T130/><D130/><U27/><REACH who="1" step="1"/><E49/><REACH who="1" ten="190,410,252,138" step="2"/><V54/><F85/><W99/><G71/><T73/><D134/><U129/><E129/><V83/><F70/><W24/><G69/><T26/><D73/><U82/><E82/><V44/><F83/><W81/><G81/><T42/><D42/><U78/><AGARI ba="4,1" hai="3,7,9,10,14,19,27,29,35,40,43,78,80,87" machi="78" ten="20,7800,0" yaku="1,1,0,1,7,1,52,1,53,0" doraHai="15" doraHaiUra="135" who="1" fromWho="1" sc="190,-30,410,100,252,-30,138,-30" /><INIT seed="1,5,0,1,4,78" ten="160,510,222,108" oya="1" hai0="61,116,84,125,80,51,66,58,94,98,90,43,134" hai1="97,53,103,8,120,62,47,65,122,32,68,123,48" hai2="46,95,132,24,6,76,105,50,130,126,77,40,92" hai3="37,89,100,33,96,42,45,4,99,60,55,25,104"/><U52/><E32/><V44/><F105/><W70/><G4/><T81/><D134/><U109/><E109/><V69/><F69/><W83/><G99/><T63/><D125/><U71/><E8/><V31/><F126/><W39/><G55/><T2/><D2/><U73/><E73/><V56/><F6/><W115/><G115/><T13/><D116/><U1/><E1/><V113/><F113/><W17/><G17/><T87/><D13/><U114/><E114/><V119/><F130/><W54/><G54/><T85/><D63/><U20/><E20/><N who="2" m="15751" /><F132/><W10/><G10/><T108/><D108/><U86/><E86/><V11/><F11/><W28/><G89/><T23/><D23/><U21/><E21/><V93/><F119/><W0/><G83/><N who="0" m="31819" /><D84/><U118/><E118/><V9/><F9/><W117/><G117/><T16/><D16/><U107/><E53/><N who="2" m="31799" /><F40/><W19/><G19/><T27/><D27/><U35/><E35/><V74/><F74/><W34/><G34/><T15/><D15/><U121/><E121/><V135/><F135/><W127/><G127/><T7/><D7/><U133/><E133/><V36/><F36/><N who="3" m="21703" /><G0/><T18/><D18/><U5/><E5/><V110/><F110/><W3/><G3/><T14/><D14/><U102/><E71/><V29/><F29/><W131/><G131/><T124/><D124/><U30/><E30/><V59/><F77/><W112/><G112/><T82/><N who="0" m="31827" /><T49/><DORA hai="72" /><D49/><U79/><E79/><V22/><F22/><W38/><G38/><T64/><D64/><AGARI ba="5,0" hai="25,28,33,37,39,60,64,70,96,100,104" m="21703" machi="64" ten="30,3900,0" yaku="25,1,33,2" doraHai="78,72" who="3" fromWho="0" sc="160,-54,510,0,222,0,108,54" /><INIT seed="2,0,0,5,3,53" ten="106,510,222,162" oya="2" hai0="127,52,48,51,94,36,26,43,2,113,32,133,38" hai1="50,63,67,111,81,42,23,103,73,37,121,80,105" hai2="41,87,45,104,88,123,108,58,33,4,124,64,68" hai3="40,10,31,19,47,130,28,69,89,46,120,49,75"/><V12/><F123/><W83/><G120/><T135/><D2/><U98/><E111/><V74/><F74/><W25/><G69/><T76/><D113/><U7/><E121/><V22/><F33/><W100/><G130/><T66/><D76/><U96/><E37/><V95/><F68/><W118/><G118/><T8/><D8/><U107/><E73/><V116/><F116/><W56/><G100/><T82/><D82/><U1/><E1/><V3/><F3/><W125/><G125/><T115/><D115/><U78/><E7/><V18/><F104/><W54/><G47/><N who="0" m="25727" /><D94/><U91/><E78/><V128/><F128/><W29/><G75/><T101/><D101/><U61/><E23/><V131/><F131/><W84/><G10/><T35/><D66/><U134/><E134/><N who="0" m="51209" /><D127/><U92/><E107/><V122/><F122/><W15/><G15/><T34/><D26/><U62/><E67/><V9/><F124/><W27/><REACH who="3" step="1"/><G19/><REACH who="3" ten="106,510,222,152" step="2"/><T16/><D16/><U99/><E103/><V71/><F71/><W60/><AGARI ba="0,1" hai="25,27,28,29,31,40,46,49,54,56,60,83,84,89" machi="60" ten="30,8000,1" yaku="1,1,2,1,0,1,8,1,52,1,53,0" doraHai="53" doraHaiUra="109" who="3" fromWho="3" sc="106,-20,510,-20,222,-40,152,90" /><INIT seed="3,0,0,1,2,27" ten="86,490,182,242" oya="3" hai0="112,89,87,83,38,22,110,124,15,46,7,125,108" hai1="135,118,29,36,82,37,44,57,2,107,103,69,96" hai2="76,117,132,28,71,111,23,25,106,60,99,70,90" hai3="40,5,94,19,52,13,30,95,80,48,133,79,126"/><W81/><G133/><T43/><D112/><U116/><E69/><V17/><F117/><N who="1" m="45161" /><E2/><V1/><F132/><W66/><G126/><N who="0" m="48747" /><D22/><U98/><E135/><V47/><F111/><N who="0" m="42538" /><D15/><U75/><E96/><V24/><F1/><W74/><G5/><AGARI ba="0,0" hai="5,7,38,43,46,83,87,89" m="42538,48747" machi="5" ten="30,2000,0" yaku="18,1,14,1" doraHai="27" who="0" fromWho="3" sc="86,20,490,0,182,0,242,-20" /><INIT seed="4,0,0,3,0,113" ten="106,490,182,222" oya="0" hai0="15,14,109,44,131,48,74,36,111,88,85,52,20" hai1="4,8,38,84,16,0,57,72,82,120,35,78,103" hai2="11,12,106,125,76,102,95,3,80,43,104,58,69" hai3="112,49,86,118,127,2,75,22,61,60,59,81,13"/><T108/><D74/><U132/><E120/><V53/><F69/><W107/><G2/><T124/><D124/><U101/><E35/><V51/><F125/><W19/><G127/><T21/><D36/><U39/><E132/><V89/><F3/><W114/><G107/><T40/><D40/><U128/><E128/><V94/><F43/><W90/><G75/><T24/><D131/><U18/><E57/><V62/><F102/><W83/><G118/><T64/><D64/><U133/><E133/><V117/><F117/><W87/><G49/><T116/><D116/><U23/><E18/><V26/><F26/><W7/><G7/><T91/><D21/><U98/><E72/><V135/><F135/><W6/><G6/><T115/><D115/><N who="3" m="44073" /><G59/><T5/><D5/><U66/><E66/><V105/><F51/><W123/><G123/><T47/><D47/><U42/><E101/><V77/><F106/><W28/><G28/><N who="0" m="17415" /><D91/><AGARI ba="0,0" hai="13,19,22,60,61,81,83,86,87,90,91" m="44073" machi="91" ten="30,1000,0" yaku="15,1" doraHai="113" who="3" fromWho="0" sc="106,-10,490,0,182,0,222,10" /><INIT seed="5,0,0,2,4,17" ten="96,490,182,232" oya="1" hai0="129,6,41,74,118,52,65,18,15,115,134,25,13" hai1="53,3,29,40,51,77,69,34,14,48,84,64,63" hai2="80,73,31,23,44,95,9,91,85,101,37,20,81" hai3="60,120,123,59,100,108,97,71,68,58,87,82,105"/><U10/><E3/><V26/><F9/><W24/><G108/><T106/><D106/><U135/><E135/><V128/><F128/><W103/><G103/><T114/><D74/><U86/><E40/><V104/><F104/><W49/><G49/><T113/><D41/><U28/><E51/><V124/><F124/><W93/><G58/><T55/><D65/><U110/><E110/><V107/><F107/><W117/><G117/><T39/><D39/><U130/><E130/><V99/><F44/><W94/><G94/><T79/><D79/><U121/><E121/><V5/><F5/><W16/><G71/><T35/><D129/><U2/><E2/><V50/><F50/><W27/><G68/><T61/><D118/><U0/><E0/><V47/><F47/><W70/><G70/><T98/><D98/><U125/><E125/><V83/><F37/><W96/><G96/><T7/><D134/><U8/><E8/><V67/><F67/><W126/><G105/><T88/><D88/><U21/><E34/><V46/><F46/><W1/><G1/><T36/><D36/><U38/><E38/><V133/><F133/><W66/><G126/><T90/><D90/><U75/><E53/><N who="0" m="20553" /><D61/><U111/><E111/><V11/><F73/><W62/><G62/><T32/><D32/><U56/><E75/><V131/><F131/><W19/><G123/><T76/><D76/><U78/><E69/><V127/><F127/><W116/><G120/><T33/><D33/><U122/><E122/><V43/><F43/><W92/><G116/><T22/><D35/><U12/><E63/><RYUUKYOKU ba="0,0" sc="96,30,490,-10,182,-10,232,-10" hai0="6,7,13,15,18,22,25,113,114,115" /><INIT seed="6,1,0,1,5,118" ten="126,480,172,222" oya="2" hai0="83,52,85,101,114,78,50,120,49,122,44,41,88" hai1="125,32,130,31,29,36,9,34,54,21,131,105,112" hai2="129,84,128,72,45,23,37,75,106,108,97,68,60" hai3="71,64,13,19,26,102,4,89,90,48,43,53,51"/><V8/><F23/><W7/><G102/><T107/><D114/><U2/><E36/><V94/><F84/><W22/><G71/><T38/><D38/><U33/><E105/><V12/><F106/><W18/><G64/><T117/><D117/><U134/><E54/><V40/><F60/><W58/><G43/><T111/><D111/><U80/><E80/><V87/><F87/><W61/><G51/><T70/><D70/><U67/><E67/><V116/><F68/><W135/><G135/><T5/><D5/><N who="3" m="2121" /><G48/><T119/><D119/><U113/><E134/><V86/><F86/><W79/><G79/><T1/><D1/><U104/><E104/><V10/><F108/><W126/><G126/><T42/><D42/><U47/><E47/><V63/><F116/><W3/><G3/><T28/><D28/><N who="1" m="10827" /><E21/><AGARI ba="1,0" hai="13,18,19,21,22,26,53,58,61,89,90" m="2121" machi="21" ten="30,1000,0" yaku="8,1" doraHai="118" who="3" fromWho="1" sc="126,0,480,-13,172,0,222,13" /><INIT seed="7,0,0,0,3,55" ten="126,467,172,235" oya="3" hai0="118,133,32,69,99,68,132,83,94,64,109,128,56" hai1="3,111,30,89,45,7,119,34,97,1,106,23,135" hai2="11,78,67,108,21,134,82,41,49,58,104,84,110" hai3="114,24,87,102,130,124,63,59,131,121,120,71,47"/><W50/><G102/><T33/><D118/><U80/><E34/><N who="0" m="13417" /><D83/><U0/><E135/><N who="0" m="51785" /><D109/><U61/><E119/><V44/><F134/><W73/><G87/><T96/><D94/><U28/><E106/><V79/><F104/><W129/><G73/><T65/><D56/><U92/><E7/><V107/><F107/><W52/><G71/><N who="0" m="27211" /><D128/><U26/><E80/><V72/><F110/><W10/><G24/><T122/><D122/><U38/><E61/><N who="2" m="38327" /><F108/><W43/><G10/><T4/><D4/><U16/><E111/><V91/><F72/><W12/><G12/><T76/><D76/><N who="2" m="29226" /><F11/><W40/><G121/><T46/><D46/><U75/><E75/><V103/><F103/><W8/><G8/><T9/><D9/><U27/><E27/><V105/><F105/><W101/><G101/><T54/><D54/><U22/><E22/><AGARI ba="0,0" hai="21,22,41,44,49,82,84,91" m="29226,38327" machi="22" ten="30,2000,0" yaku="8,1,52,1" doraHai="55" who="2" fromWho="1" sc="126,0,467,-20,172,20,235,0" owari="126,-37.0,447,54.0,192,-21.0,235,4.0" /></mjloggm>