<mjloggm ver="2.3"><GO type="169" lobby="0"/><UN n0="%6A%75%6D%70%2D%75%70" n1="%73%73%74%61%72%6F" n2="%E5%89%8D%E6%88%AF%33%30%E5%88%86" n3="%E5%B0%B1%E6%B4%BB%E7%94%9F%40%E5%B7%9D%E6%9D%91%E8%BB%8D%E5%9B%A3" dan="17,17,17,17" rate="2242.09,2179.44,2171.82,2191.01" sx="M,M,M,M"/><TAIKYOKU oya="0"/><INIT seed="0,0,0,0,4,95" ten="250,250,250,250" oya="0" hai0="8,101,9,98,2,114,90,88,78,108,64,110,92" hai1="25,38,131,82,94,28,36,45,51,5,84,62,53" hai2="60,41,18,106,65,44,128,16,34,59,72,19,87" hai3="52,31,50,104,75,129,22,12,67,10,17,15,56"/><T81/><D64/><U105/><E105/><V135/><F72/><W33/><G129/><T97/><D9/><U122/><E122/><V127/><F34/><W77/><G104/><N who="0" m="63535" /><D8/><U73/><E131/><V58/><F128/><W116/><G116/><T43/><D43/><U57/><E73/><V46/><F106/><W93/><G67/><T14/><D14/><U74/><E74/><V102/><F102/><W100/><G33/><T71/><D71/><U48/><E94/><V111/><F87/><W26/><G15/><T63/><D63/><U120/><E120/><V70/><F46/><W27/><G26/><T113/><D2/><U0/><E51/><V76/><F76/><W7/><G77/><T83/><D90/><U47/><E47/><V23/><F59/><W29/><G75/><N who="0" m="43231" /><D83/><U3/><E3/><V37/><F70/><W79/><G79/><T107/><D107/><U99/><E0/><V39/><F39/><W125/><G100/><T123/><D123/><U85/><E38/><V21/><F37/><W55/><G55/><T11/><D11/><U91/><E36/><V54/><F41/><W61/><G61/><T124/><D124/><U20/><E5/><V68/><F68/><W4/><G125/><T6/><D6/><N who="3" m="2089" /><G93/><T24/><D24/><U32/><E62/><V49/><F127/><W13/><G12/><T69/><D69/><U96/><E25/><V134/><F23/><W30/><AGARI ba="0,0" hai="10,13,17,22,27,29,30,31,50,52,56" m="2089" machi="30" ten="30,2000,0" yaku="8,1,54,1" doraHai="95" who="3" fromWho="3" sc="250,-10,250,-5,250,-5,250,20" /><INIT seed="1,0,0,4,5,8" ten="240,245,245,270" oya="1" hai0="33,25,68,28,26,128,31,78,95,131,51,39,13" hai1="130,57,36,107,40,44,83,133,74,87,91,48,81" hai2="82,135,67,24,122,32,71,64,134,9,108,85,96" hai3="29,77,88,5,94,92,20,112,21,1,132,80,47"/><U27/><E133/><N who="2" m="50699" /><F122/><W59/><G112/><T104/><D104/><U43/><E130/><N who="0" m="49705" /><D68/><U34/><E107/><V61/><F67/><W58/><G92/><T60/><D60/><U16/><E34/><V75/><F75/><W49/><G132/><T62/><D62/><U101/><E101/><V11/><F96/><W19/><G5/><T100/><D51/><U2/><E2/><V23/><F32/><W14/><G1/><T18/><D39/><U124/><E124/><V98/><F98/><W114/><G114/><T126/><D78/><U42/><E36/><V73/><F73/><W97/><G29/><T41/><D41/><N who="1" m="24591" /><E74/><V111/><F108/><W69/><G21/><N who="0" m="11471" /><D126/><U30/><E57/><V72/><F72/><W65/><G69/><T129/><N who="0" m="49713" /><T119/><DORA hai="17" /><D119/><U89/><E30/><N who="0" m="11305" /><D33/><U86/><E43/><V102/><F111/><W56/><G65/><T118/><D118/><U22/><AGARI ba="0,0" hai="16,22,27,40,42,81,83,86,87,89,91" m="24591" machi="22" ten="30,6000,0" yaku="8,1,52,1,54,1" doraHai="8,17" who="1" fromWho="1" sc="240,-20,245,60,245,-20,270,-20" /><INIT seed="1,1,0,2,5,26" ten="220,305,225,250" oya="1" hai0="85,122,21,91,1,82,132,108,83,22,99,90,77" hai1="15,14,56,113,112,13,70,131,63,52,27,80,0" hai2="65,54,74,62,103,88,57,101,48,125,72,42,130" hai3="69,3,127,12,95,23,35,58,51,129,121,17,81"/><U133/><E0/><V114/><F125/><W126/><G69/><T66/><D1/><U87/><E131/><V78/><F130/><W61/><G129/><T49/><D122/><U24/><E133/><V11/><F42/><W10/><G121/><T67/><D132/><U118/><E118/><V46/><F114/><W59/><G35/><T119/><D119/><U105/><E105/><V20/><F72/><W75/><G95/><T135/><D135/><U19/><E70/><V128/><F78/><W94/><G94/><T41/><D108/><U117/><E117/><V2/><F74/><W32/><G32/><T134/><D134/><U89/><REACH who="1" step="1"/><E24/><REACH who="1" ten="220,295,225,250" step="2"/><V92/><F128/><W86/><G126/><T8/><D99/><U29/><E29/><V84/><F2/><W97/><G97/><T31/><D31/><U109/><E109/><V79/><F79/><W4/><G127/><T111/><D77/><U98/><E98/><V36/><F36/><W71/><G71/><T124/><D111/><U55/><E55/><V28/><F11/><W38/><G38/><T106/><D8/><U64/><E64/><N who="0" m="24617" /><D106/><U16/><E16/><V50/><F28/><W33/><G17/><T96/><D96/><U60/><E60/><V116/><F116/><W6/><G61/><T110/><D110/><U93/><E93/><V123/><F123/><W53/><G6/><T76/><D76/><U18/><E18/><V5/><F5/><W39/><G39/><T40/><D40/><U43/><E43/><N who="2" m="24671" /><F20/><AGARI ba="1,1" hai="13,14,15,19,20,27,52,56,63,80,87,89,112,113" machi="20" ten="40,3900,0" yaku="1,1,54,1,53,0" doraHai="26" doraHaiUra="104" who="1" fromWho="2" sc="220,0,295,52,225,-42,250,0" /><INIT seed="1,2,0,3,1,90" ten="220,347,183,250" oya="1" hai0="128,29,109,79,129,11,98,41,49,26,107,88,122" hai1="111,38,42,14,48,113,70,54,123,115,103,82,93" hai2="119,125,64,59,120,8,71,51,31,39,52,33,13" hai3="65,114,83,46,74,72,5,40,95,28,97,63,9"/><U53/><E123/><V69/><F39/><W27/><G114/><T127/><D122/><U112/><E70/><V50/><F120/><W22/><G83/><T23/><D107/><U55/><E82/><V80/><F119/><W76/><G76/><T60/><D79/><U102/><E38/><V118/><F118/><W78/><G78/><T32/><D60/><U96/><E111/><V84/><F125/><W15/><G46/><N who="0" m="25807" /><D11/><U126/><E126/><V4/><F50/><W101/><REACH who="3" step="1"/><G40/><REACH who="3" ten="220,347,183,240" step="2"/><T91/><D127/><U108/><E115/><V106/><F80/><W36/><G36/><T44/><D109/><U57/><E108/><V131/><F131/><W92/><G92/><N who="0" m="56583" /><D44/><N who="1" m="25623" /><E113/><V43/><F106/><W86/><G86/><T3/><D128/><U85/><E112/><V73/><F84/><W66/><G66/><T34/><D129/><U30/><E85/><V16/><F43/><W116/><G116/><T12/><D3/><U7/><E55/><V45/><F45/><W77/><G77/><T47/><D47/><U132/><E54/><V6/><F64/><W37/><G37/><T2/><D2/><U68/><E53/><V134/><F73/><W121/><G121/><T81/><D81/><U105/><E105/><V20/><F52/><W1/><G1/><T117/><D117/><U94/><E94/><V19/><F51/><W24/><G24/><T130/><D130/><U104/><E93/><V35/><F13/><W135/><G135/><T110/><D110/><U87/><E14/><V21/><F134/><W89/><G89/><T62/><D12/><U56/><E132/><RYUUKYOKU ba="2,1" sc="220,-10,347,-10,183,-10,240,30" hai3="5,9,15,22,27,28,63,65,72,74,95,97,101" /><INIT seed="2,3,1,5,5,108" ten="210,337,173,270" oya="2" hai0="69,118,116,103,30,82,81,64,42,63,135,46,121" hai1="131,58,120,18,50,15,41,80,49,78,92,99,51" hai2="88,126,109,17,39,93,65,47,27,106,20,56,70" hai3="74,4,77,85,3,123,112,124,36,44,57,89,91"/><V28/><F106/><W98/><G123/><T38/><D121/><U129/><E120/><V111/><F70/><W130/><G57/><T122/><D122/><U19/><E41/><V45/><F126/><W0/><G0/><T54/><D135/><U31/><E31/><V37/><F28/><W9/><G124/><T84/><D103/><U59/><E59/><V95/><F95/><W16/><G130/><N who="1" m="49674" /><E58/><V71/><F71/><W52/><G98/><T14/><D54/><U40/><E40/><V32/><F32/><W119/><G119/><T21/><D84/><N who="1" m="48151" /><E15/><V128/><F128/><W34/><G34/><T2/><D2/><U66/><E66/><V127/><F127/><W29/><G29/><T117/><REACH who="0" step="1"/><D14/><REACH who="0" ten="200,337,173,270" step="2"/><U23/><E23/><V76/><F109/><W55/><G52/><T90/><D90/><AGARI ba="3,2" hai="18,19,49,50,51,90,92,99" m="48151,49674" machi="90" ten="30,1000,0" yaku="19,1" doraHai="108" who="1" fromWho="0" sc="200,-19,337,39,173,0,270,0" /><INIT seed="3,0,0,1,0,65" ten="181,376,173,270" oya="3" hai0="122,44,1,59,100,34,96,20,121,22,16,43,75" hai1="63,88,29,119,53,62,17,91,112,134,89,11,82" hai2="92,18,26,80,36,6,103,99,7,74,132,128,76" hai3="95,55,49,30,78,41,60,48,0,52,102,118,40"/><W4/><G118/><T114/><D75/><U15/><E119/><V67/><F36/><W106/><G106/><T116/><D34/><U46/><E112/><V110/><F110/><W25/><G78/><T133/><D1/><U131/><E131/><V8/><F132/><W124/><G124/><T2/><D133/><U13/><E134/><V23/><F128/><W19/><G19/><T104/><D2/><U73/><E29/><V71/><REACH who="2" step="1"/><F8/><REACH who="2" ten="181,376,163,270" step="2"/><W69/><G4/><T93/><D116/><U39/><E39/><V54/><F54/><W61/><G0/><T21/><D114/><U45/><E53/><V84/><F84/><W94/><G30/><T87/><D121/><U77/><E11/><V66/><F66/><W97/><G25/><T130/><D122/><U79/><E73/><V109/><F109/><W27/><G27/><T28/><D130/><U24/><E24/><V120/><F120/><W125/><G125/><T12/><D28/><U129/><E129/><V85/><F85/><W50/><G50/><T31/><D31/><U35/><E15/><V5/><F5/><W42/><G41/><T64/><D87/><U70/><E13/><V107/><F107/><W3/><G3/><T47/><D104/><U126/><E126/><V72/><F72/><W9/><G9/><N who="0" m="6159" /><D43/><U90/><E82/><V68/><F68/><W32/><G69/><T10/><D10/><U58/><E70/><V127/><F127/><W115/><G115/><T37/><D37/><U57/><E17/><V81/><F81/><W105/><G105/><T56/><D64/><U135/><E135/><RYUUKYOKU ba="0,1" sc="181,15,376,-15,163,15,270,-15" hai0="20,21,22,44,47,56,59,93,96,100" hai2="6,7,18,23,26,67,71,74,76,80,92,99,103" /><INIT seed="4,1,1,1,0,94" ten="196,361,178,255" oya="0" hai0="19,52,43,129,11,122,15,133,132,96,81,101,59" hai1="10,108,37,44,30,2,95,25,4,82,79,126,99" hai2="8,24,105,119,18,16,40,39,13,70,62,90,98" hai3="9,68,128,112,69,57,92,130,54,3,86,36,102"/><T115/><D122/><U67/><E108/><V6/><F119/><W46/><G112/><T91/><D115/><U111/><E111/><V124/><F124/><W56/><G3/><T87/><D129/><N who="3" m="49769" /><G9/><T65/><D65/><U5/><E126/><V71/><F71/><N who="3" m="27211" /><G86/><T50/><REACH who="0" step="1"/><D43/><REACH who="0" ten="186,361,178,255" step="2"/><U22/><E67/><V53/><F40/><N who="3" m="22791" /><G54/><T134/><D134/><U135/><E135/><V125/><F125/><W21/><G21/><T89/><D89/><U32/><E22/><V29/><F90/><W20/><G20/><T23/><D23/><U131/><E131/><V103/><F53/><W88/><G88/><T110/><D110/><U117/><E117/><V28/><F28/><W26/><G26/><T72/><D72/><U78/><E25/><V74/><F74/><W97/><AGARI ba="1,2" hai="56,57,92,97,102" m="22791,27211,49769" machi="97" ten="40,2700,0" yaku="19,1,52,1" doraHai="94" who="3" fromWho="3" sc="186,-14,361,-8,178,-8,255,50" /><INIT seed="5,0,0,3,0,74" ten="172,353,170,305" oya="1" hai0="46,38,106,0,123,66,40,27,114,80,33,119,41" hai1="117,120,130,35,71,79,39,19,82,72,54,118,91" hai2="13,109,15,55,90,22,98,59,93,70,69,1,122" hai3="9,3,26,43,4,7,125,29,8,76,88,81,101"/><U99/><E71/><V32/><F32/><W20/><G125/><T16/><D119/><U85/><E39/><V44/><F1/><W10/><G101/><T107/><D114/><U132/><E35/><V129/><F122/><W61/><G61/><T124/><D0/><U102/><E54/><V113/><F109/><W127/><G127/><T6/><D124/><U18/><E120/><V86/><F129/><W73/><G7/><T60/><D6/><U62/><E62/><V95/><F113/><W31/><G29/><T135/><D135/><U104/><E130/><V108/><F44/><W63/><G63/><T30/><D40/><U67/><E67/><V131/><F15/><W84/><G43/><T121/><D121/><U56/><E56/><V77/><F108/><W87/><G73/><T2/><D2/><U134/><E18/><N who="2" m="10575" /><F131/><W65/><G65/><T53/><D53/><U23/><E19/><V37/><F37/><W21/><G20/><T97/><D97/><U52/><E52/><V105/><F105/><W47/><G47/><T11/><D123/><U112/><E23/><V92/><F69/><W24/><G26/><T50/><D38/><U64/><E64/><V36/><F70/><W126/><G126/><T100/><D100/><U17/><E17/><V89/><F36/><W128/><G128/><T68/><D80/><AGARI ba="0,0" hai="3,4,8,9,10,21,24,31,76,80,81,84,87,88" machi="80" ten="30,3900,0" yaku="7,1,52,1,54,1" doraHai="74" who="3" fromWho="0" sc="172,-39,353,0,170,0,305,39" /><INIT seed="6,0,0,1,0,12" ten="133,353,170,344" oya="2" hai0="9,71,119,98,75,117,85,8,83,129,44,31,77" hai1="51,65,37,72,50,1,68,79,45,80,29,21,103" hai2="90,54,39,109,4,106,16,40,73,93,113,95,19" hai3="96,26,35,133,82,87,125,122,32,36,53,99,5"/><V126/><F106/><W78/><G122/><T42/><D129/><U7/><E103/><V30/><F73/><W20/><G36/><T22/><D71/><U97/><E97/><V115/><F126/><W121/><G121/><T101/><D75/><U134/><E134/><V18/><F109/><W131/><G131/><T132/><D132/><U15/><E65/><V38/><F30/><W89/><G133/><T112/><D112/><N who="2" m="43082" /><F4/><W14/><G125/><T81/><D81/><U56/><E68/><V61/><F40/><W127/><G127/><T46/><D46/><U58/><E7/><V116/><F116/><W94/><G53/><T76/><D76/><U33/><E29/><V28/><F28/><W105/><G105/><T60/><D60/><U91/><E72/><V124/><F124/><W27/><G27/><T67/><D67/><U59/><E33/><V110/><F110/><W118/><G118/><T128/><D128/><U47/><E1/><V66/><F54/><W41/><G41/><T62/><D62/><U114/><E114/><V104/><F104/><W57/><G35/><T10/><D98/><U49/><E37/><N who="2" m="13835" /><F90/><W111/><G32/><T34/><D101/><U102/><E102/><V88/><F88/><W6/><G111/><T3/><D34/><U25/><E91/><V0/><F0/><W11/><G99/><T84/><D84/><U52/><E52/><V120/><F120/><W2/><G2/><T130/><D3/><U100/><E100/><V17/><N who="2" m="4096" /><DORA hai="86" /><V92/><F92/><W107/><G107/><T123/><D130/><U64/><E64/><RYUUKYOKU ba="0,0" sc="133,-10,353,-10,170,30,344,-10" hai2="61,66,93,95" /><INIT seed="6,1,0,0,2,125" ten="123,343,200,334" oya="2" hai0="74,69,54,5,117,89,13,29,19,1,75,92,51" hai1="71,57,67,3,56,123,118,18,72,10,46,24,15" hai2="112,131,108,55,58,82,11,124,48,81,95,43,27" hai3="30,41,130,114,50,79,21,121,62,76,119,68,22"/><V44/><F124/><W34/><G121/><T115/><D69/><U2/><E118/><V45/><F108/><W105/><G105/><T109/><D117/><U99/><E72/><V134/><F134/><W36/><G36/><T38/><D38/><U70/><E123/><V9/><F112/><W126/><G22/><T20/><D115/><U47/><E70/><V111/><F111/><W98/><G98/><T120/><D120/><U107/><E71/><V91/><F27/><W103/><G103/><T26/><D5/><U110/><E110/><V64/><F64/><W28/><G21/><T35/><D1/><U8/><E24/><V127/><F127/><W88/><G62/><T83/><D83/><N who="2" m="31754" /><F44/><W128/><G68/><T77/><D77/><U6/><E2/><V33/><F33/><W63/><G114/><T59/><REACH who="0" step="1"/><D109/><REACH who="0" ten="113,343,200,334" step="2"/><U12/><E3/><V65/><F9/><W52/><G79/><T40/><D40/><U73/><E10/><V17/><F11/><W37/><G76/><T101/><D101/><U78/><E78/><V133/><F43/><W31/><G37/><T14/><D14/><U80/><E15/><V132/><F132/><W135/><G135/><T61/><D61/><U113/><E6/><V97/><F133/><W129/><G126/><T66/><D66/><U87/><E113/><V86/><F65/><W96/><G119/><T49/><D49/><U23/><E8/><V104/><F48/><W90/><G41/><T122/><D122/><U60/><E67/><V42/><F42/><W100/><G50/><T32/><D32/><U0/><E60/><RYUUKYOKU ba="1,1" sc="113,30,343,-10,200,-10,334,-10" hai0="13,19,20,26,29,35,51,54,59,74,75,89,92" /><INIT seed="7,2,1,1,4,77" ten="143,333,190,324" oya="3" hai0="48,3,103,34,119,21,95,104,62,17,87,99,60" hai1="94,111,112,100,128,134,59,97,9,125,67,118,98" hai2="63,2,19,86,74,89,105,82,18,49,117,69,106" hai3="10,61,52,37,51,6,14,83,45,90,28,130,102"/><W132/><G37/><T108/><D34/><U88/><E111/><V31/><F117/><W93/><G132/><T13/><D3/><U131/><E118/><V22/><F2/><W8/><G130/><N who="1" m="49706" /><E134/><V124/><F124/><W57/><G28/><T4/><D108/><U121/><E125/><V135/><F135/><W11/><G102/><T96/><D119/><U41/><E121/><V32/><F32/><W101/><G101/><T70/><D70/><U79/><E79/><V50/><F74/><W116/><G83/><T43/><D4/><U73/><E73/><V30/><F69/><W40/><G116/><T33/><D99/><AGARI ba="2,1" hai="6,8,10,11,14,40,45,51,52,57,61,90,93,99" machi="99" ten="30,5800,0" yaku="7,1,8,1,54,1" doraHai="77" who="3" fromWho="0" sc="143,-64,333,0,190,0,324,74" owari="79,-42.0,333,13.0,190,-21.0,398,50.0" /></mjloggm>