<mjloggm ver="2.3"><GO type="169" lobby="0"/><UN n0="%E5%B0%B1%E6%B4%BB%E7%94%9F%40%E5%B7%9D%E6%9D%91%E8%BB%8D%E5%9B%A3" n1="%E3%83%A9%E3%83%83%E3%82%AD%E3%83%BC%E3%83%89%E3%83%83%E3%82%B0" n2="%E3%82%AC%E3%83%9F%E3%82%B4%E3%83%B3" n3="%53%55%50%45%52%43%41%52" dan="17,16,17,16" rate="2149.68,2097.08,2221.23,2090.28" sx="M,M,M,M"/><TAIKYOKU oya="0"/><INIT seed="0,0,0,2,3,109" ten="250,250,250,250" oya="0" hai0="115,43,3,23,5,80,133,112,98,45,102,31,19" hai1="51,7,103,0,65,111,54,37,117,92,42,123,27" hai2="108,61,95,75,129,57,126,53,87,20,90,114,118" hai3="83,96,38,63,8,40,1,73,29,99,49,41,28"/><T74/><D133/><U17/><E123/><V46/><F108/><W18/><G49/><T2/><D31/><U50/><E117/><V122/><F122/><W105/><G63/><T12/><D74/><U6/><E111/><V11/><F75/><W44/><G40/><T14/><D80/><U100/><E0/><V128/><F118/><W86/><G18/><T58/><D58/><N who="1" m="33111" /><E65/><V36/><F126/><W39/><G39/><T59/><D59/><U135/><E37/><V91/><F11/><W121/><G86/><T85/><D85/><U69/><E69/><V106/><F106/><W78/><G121/><T81/><D81/><U55/><E42/><N who="2" m="22855" /><F20/><W76/><G76/><T88/><D12/><U94/><E135/><V32/><F91/><W10/><G10/><T34/><D34/><U67/><E67/><V68/><F32/><W131/><G131/><N who="2" m="50249" /><F68/><W15/><G105/><T35/><D35/><U134/><E134/><V16/><F16/><W52/><G1/><T72/><D72/><U116/><E116/><V120/><F120/><W132/><G132/><T62/><D3/><U4/><E17/><V104/><F104/><W79/><G29/><T56/><D5/><U77/><E77/><V26/><F26/><W60/><G28/><T113/><D2/><U82/><E27/><V110/><F110/><W124/><G79/><T119/><D119/><U48/><E82/><V24/><F24/><W89/><G78/><T84/><D102/><N who="1" m="38955" /><E48/><V97/><F87/><W101/><G73/><T13/><D13/><U70/><E70/><V25/><F25/><W107/><G15/><RYUUKYOKU ba="0,0" sc="250,-15,250,15,250,15,250,-15" hai1="4,6,7,51,55,92,94" hai2="53,57,61,90,95,97,114" /><INIT seed="1,1,0,3,4,17" ten="235,265,265,235" oya="1" hai0="75,7,29,102,48,106,81,134,18,76,114,32,109" hai1="65,85,69,72,3,120,45,96,84,99,127,61,113" hai2="107,118,94,112,67,27,8,57,22,49,41,39,66" hai3="47,95,91,16,25,12,123,82,20,51,74,71,131"/><U135/><E120/><V101/><F118/><W52/><G123/><T43/><D114/><U79/><E113/><V0/><F112/><W117/><G71/><T35/><D7/><U92/><E3/><V132/><F132/><W1/><G1/><T129/><D134/><U86/><E135/><V24/><F107/><W64/><G117/><T105/><D105/><U83/><E127/><V6/><F27/><W108/><G108/><T38/><D38/><U31/><E31/><V60/><F39/><W73/><G64/><T103/><D29/><U80/><E45/><V46/><F94/><W56/><G131/><T59/><D109/><U9/><E9/><V98/><F98/><W110/><G110/><T53/><D129/><U89/><REACH who="1" step="1"/><E96/><REACH who="1" ten="235,255,265,235" step="2"/><V36/><F0/><W88/><G47/><T124/><D124/><U121/><E121/><V115/><F115/><W19/><G82/><AGARI ba="1,1" hai="61,65,69,72,79,80,82,83,84,85,86,89,92,99" machi="82" ten="40,2000,0" yaku="1,1,53,0" doraHai="17" doraHaiUra="37" who="1" fromWho="3" sc="235,0,255,33,265,0,235,-23" /><INIT seed="1,2,0,2,5,59" ten="235,288,265,212" oya="1" hai0="50,8,52,38,97,57,11,115,133,116,34,31,2" hai1="58,71,33,5,85,25,36,83,60,90,43,87,108" hai2="132,15,104,53,9,46,40,135,73,111,123,64,32" hai3="118,17,114,103,93,51,98,95,131,125,120,81,109"/><U7/><E71/><V0/><F111/><W75/><G51/><T105/><D116/><U113/><E113/><V107/><F123/><W130/><G17/><T79/><D38/><U14/><E108/><V41/><F0/><W77/><G109/><T37/><D37/><U91/><E14/><V18/><F73/><W62/><G120/><T69/><D115/><U129/><E129/><N who="3" m="49162" /><G114/><T19/><D133/><N who="2" m="51274" /><F32/><W6/><G6/><T45/><D69/><U35/><E43/><N who="2" m="16459" /><F64/><W121/><G121/><T68/><D68/><U134/><E36/><V92/><F92/><N who="3" m="58823" /><G118/><T29/><D34/><U67/><E134/><V94/><F94/><N who="3" m="35851" /><G62/><T124/><D2/><U23/><E35/><V72/><F72/><W63/><G63/><T117/><D117/><U27/><E33/><V122/><F122/><W10/><G10/><T96/><D11/><U42/><E42/><V112/><F112/><W119/><G119/><T100/><D8/><U56/><E56/><V102/><F102/><W20/><G20/><T128/><D128/><U88/><E23/><V55/><F46/><W99/><G99/><T30/><D97/><U86/><REACH who="1" step="1"/><E83/><REACH who="1" ten="235,278,265,212" step="2"/><V12/><F12/><W101/><G101/><T80/><D45/><U24/><AGARI ba="2,1" hai="5,7,24,25,27,58,60,67,85,86,87,88,90,91" machi="24" ten="40,36000,4" yaku="1,1,2,1,0,1,29,2,8,1,52,1,54,1,53,3" doraHai="59" doraHaiUra="84" who="1" fromWho="1" sc="235,-122,278,376,265,-122,212,-122" /><INIT seed="1,3,0,0,5,54" ten="113,654,143,90" oya="1" hai0="101,95,10,132,93,108,72,130,87,90,106,26,65" hai1="133,76,0,99,47,50,29,45,20,25,30,88,56" hai2="125,55,91,33,115,102,105,66,58,64,32,121,71" hai3="61,43,118,9,100,48,37,3,42,60,109,18,17"/><U117/><E117/><V63/><F121/><W53/><G118/><T16/><D72/><U39/><E0/><V49/><F125/><W134/><G109/><T83/><D108/><U110/><E133/><V94/><F115/><W4/><G134/><T89/><D132/><U111/><E76/><V57/><F105/><W40/><G37/><T46/><D130/><U27/><E39/><V13/><F102/><W92/><G100/><T69/><D46/><U114/><E114/><V135/><F135/><W36/><G36/><T80/><D69/><U128/><E128/><V68/><F68/><W22/><G92/><T112/><D65/><U14/><E14/><V85/><REACH who="2" step="1"/><F13/><REACH who="2" ten="113,654,133,90" step="2"/><W123/><G123/><T12/><D112/><U24/><E111/><V34/><F34/><W38/><G38/><T44/><D106/><U35/><E110/><V74/><F74/><W131/><G131/><T103/><D26/><U107/><E25/><V6/><F6/><W127/><G127/><T23/><D101/><U122/><E122/><V19/><F19/><W79/><G18/><T7/><D103/><U98/><E107/><V126/><F126/><W75/><G75/><T82/><D7/><U8/><E35/><V70/><F70/><W119/><G119/><T28/><D28/><U5/><E27/><V62/><AGARI ba="3,1" hai="32,33,49,55,57,58,62,63,64,66,71,85,91,94" machi="62" ten="30,7900,0" yaku="1,1,0,1,52,2,53,0" doraHai="54" doraHaiUra="124" who="2" fromWho="2" sc="113,-23,654,-42,133,98,90,-23" /><INIT seed="2,0,0,3,5,11" ten="90,612,231,67" oya="2" hai0="101,100,1,70,105,86,28,97,4,102,76,94,63" hai1="103,43,78,85,59,126,50,54,110,5,62,122,132" hai2="60,58,88,34,19,42,52,57,15,40,84,96,24" hai3="108,6,8,36,48,51,46,44,104,49,45,29,10"/><V75/><F75/><W37/><G104/><T65/><D1/><U3/><E110/><V82/><F96/><W26/><G108/><T25/><D4/><U12/><E132/><V93/><F82/><W107/><G107/><T87/><D87/><U114/><E126/><V66/><F24/><W91/><G91/><T80/><REACH who="0" step="1"/><D94/><REACH who="0" ten="80,612,231,67" step="2"/><U117/><E3/><V23/><F34/><AGARI ba="0,1" hai="25,28,34,63,65,70,76,80,86,97,100,101,102,105" machi="34" ten="30,8000,1" yaku="1,1,2,1,7,1,25,2,53,0" doraHai="11" doraHaiUra="71" who="0" fromWho="2" sc="80,90,612,0,231,-80,67,0" /><INIT seed="3,0,0,4,2,129" ten="170,612,151,67" oya="3" hai0="65,49,76,125,120,39,91,5,79,42,101,71,13" hai1="34,32,23,68,29,121,19,60,82,94,113,69,99" hai2="33,62,103,85,74,2,14,84,56,70,114,18,111" hai3="9,57,73,17,6,109,55,72,118,36,86,46,67"/><W108/><G118/><T130/><D130/><U1/><E1/><V63/><F74/><W112/><G112/><T66/><D39/><U87/><E121/><V21/><F33/><W96/><G96/><T90/><D101/><U104/><E104/><V64/><F2/><W128/><G128/><T22/><D71/><U95/><E95/><V122/><F114/><W127/><G127/><T105/><D105/><U89/><E113/><V43/><F111/><N who="3" m="42571" /><G17/><N who="0" m="10543" /><D5/><U48/><E48/><V7/><F122/><W8/><G86/><T88/><D125/><U28/><E34/><V126/><F126/><W0/><G9/><T10/><D10/><U38/><E38/><V3/><F103/><W119/><G67/><N who="0" m="25611" /><D120/><U77/><E32/><V81/><F81/><W78/><G78/><T132/><D132/><U44/><E44/><AGARI ba="0,0" hai="42,44,49,76,79,88,90,91" m="25611,10543" machi="44" ten="30,2000,0" yaku="8,1,54,1" doraHai="129" who="0" fromWho="1" sc="170,20,612,-20,151,0,67,0" /><INIT seed="4,0,0,2,2,76" ten="190,592,151,67" oya="0" hai0="9,74,82,27,104,62,17,41,124,135,8,116,129" hai1="55,130,100,108,68,73,24,40,60,15,3,34,31" hai2="117,12,39,11,112,91,93,120,92,58,2,23,18" hai3="52,95,101,63,30,46,72,131,79,84,110,14,118"/><T21/><D116/><U88/><E3/><V111/><F111/><W90/><G110/><T69/><D104/><U132/><E73/><V80/><F39/><W29/><G118/><T64/><D129/><U98/><E40/><V133/><F120/><W107/><G131/><T134/><D124/><U87/><E108/><V25/><F117/><W43/><G14/><T22/><D22/><U81/><E15/><V85/><F112/><W113/><G113/><T59/><D41/><U47/><E132/><N who="0" m="50729" /><D69/><U32/><E130/><V26/><F133/><W10/><G10/><T48/><D48/><U44/><E32/><V54/><F2/><W86/><G72/><T5/><D5/><U56/><E68/><V36/><F36/><W57/><G101/><T106/><D106/><AGARI ba="0,0" hai="24,31,34,44,47,55,56,60,81,87,88,98,100,106" machi="106" ten="30,3900,0" yaku="7,1,52,1,54,1" doraHai="76" who="1" fromWho="0" sc="190,-39,592,39,151,0,67,0" /><INIT seed="5,0,0,1,3,3" ten="151,631,151,67" oya="1" hai0="69,9,36,58,66,4,48,63,40,51,21,31,86" hai1="104,90,83,122,35,82,108,56,30,128,46,134,109" hai2="119,39,53,45,98,41,76,22,91,11,77,125,8" hai3="17,70,47,85,75,129,114,14,29,130,93,107,6"/><U42/><E122/><V26/><F119/><W10/><G75/><T44/><D86/><U25/><E104/><V80/><F125/><W100/><G70/><T67/><D67/><U96/><E134/><V92/><F53/><W20/><G107/><T62/><D62/><U120/><E56/><V81/><F81/><W99/><G114/><T117/><D117/><U124/><E124/><V0/><F0/><W73/><G73/><T16/><D31/><U132/><E132/><V50/><F39/><W61/><G61/><T101/><D101/><U127/><E127/><V94/><F94/><W133/><G133/><T52/><D48/><N who="1" m="26711" /><E128/><V88/><F91/><W95/><G29/><T84/><D84/><U43/><E43/><V126/><F126/><W105/><G47/><T54/><D54/><U87/><E120/><V72/><REACH who="2" step="1"/><F77/><REACH who="2" ten="151,631,141,67" step="2"/><W74/><G105/><T110/><D110/><N who="1" m="42603" /><E96/><V121/><F121/><W38/><G38/><T115/><D36/><U113/><E113/><V2/><F2/><W57/><G99/><T123/><D115/><U60/><E60/><V112/><F112/><W12/><G95/><AGARI ba="0,1" hai="25,30,35,82,83,87,90,95" m="42603,26711" machi="95" ten="30,1500,0" yaku="10,1" doraHai="3" who="1" fromWho="3" sc="151,0,631,25,141,0,67,-15" /><INIT seed="5,1,0,2,4,1" ten="151,656,141,52" oya="1" hai0="105,7,26,0,88,89,120,107,122,9,97,83,49" hai1="29,46,53,76,100,79,45,18,93,98,86,109,65" hai2="96,35,113,69,5,106,108,31,24,72,50,22,13" hai3="44,36,27,51,112,111,32,61,16,67,63,75,17"/><U4/><E109/><V74/><F108/><W128/><G111/><T129/><D129/><U82/><E65/><V71/><F113/><W56/><G75/><T12/><D0/><U47/><E29/><V80/><F69/><W48/><G112/><T3/><D3/><U132/><E18/><V25/><F71/><W34/><G36/><T78/><D26/><U123/><E123/><N who="0" m="47145" /><D49/><U28/><E132/><V15/><F50/><W54/><G128/><T30/><D30/><U99/><E28/><V131/><F131/><W119/><G119/><T10/><D10/><U55/><E98/><V85/><F106/><N who="0" m="40458" /><D97/><U38/><E38/><V68/><F96/><W62/><G67/><T127/><D127/><U103/><E103/><V33/><F33/><W90/><G27/><T20/><D20/><U64/><E64/><V14/><F68/><W133/><G133/><T2/><D2/><U92/><E92/><V41/><F25/><W125/><G125/><T39/><D39/><U40/><E40/><V135/><F41/><W60/><N who="3" m="15360" /><DORA hai="130" /><W77/><G34/><T117/><D117/><U116/><E116/><V84/><F135/><W52/><G32/><T104/><N who="0" m="40466" /><T19/><DORA hai="115" /><D19/><N who="3" m="7241" /><G77/><T6/><D6/><U124/><E124/><V134/><F5/><W95/><G90/><T59/><D59/><U126/><E126/><V42/><F134/><W57/><G57/><T73/><AGARI ba="1,0" hai="7,9,12,73,78,83,88,89" m="40466,47145" machi="73" ten="50,6400,0" yaku="13,1,52,1,54,1" doraHai="1,130,115" who="0" fromWho="0" sc="151,67,656,-33,141,-17,52,-17" /><INIT seed="6,0,0,5,0,10" ten="218,623,124,35" oya="2" hai0="11,21,75,35,94,59,60,108,19,41,55,87,3" hai1="5,101,84,120,17,2,7,81,89,14,85,133,9" hai2="129,54,106,22,91,18,86,31,114,24,46,12,25" hai3="82,48,20,33,23,103,134,73,32,130,93,42,58"/><V30/><F129/><W135/><G130/><T64/><D35/><N who="3" m="13385" /><G103/><T102/><D75/><U47/><E120/><V52/><F106/><W92/><G73/><T16/><D108/><U8/><E133/><N who="3" m="50698" /><G82/><T131/><D131/><U38/><E101/><V69/><F69/><W110/><G110/><T4/><D41/><U112/><E112/><V56/><F114/><W124/><G124/><T115/><D115/><U126/><E126/><V77/><F77/><W90/><G92/><T74/><D74/><U29/><E29/><N who="2" m="10763" /><F46/><N who="3" m="25687" /><G58/><T70/><D21/><U97/><E97/><AGARI ba="0,0" hai="20,23,90,93,97" m="25687,50698,13385" machi="97" ten="30,1000,0" yaku="20,1" doraHai="10" who="3" fromWho="1" sc="218,0,623,-10,124,0,35,10" /><INIT seed="7,0,0,4,1,31" ten="218,613,124,45" oya="3" hai0="110,23,32,77,119,33,24,133,122,36,96,75,28" hai1="5,81,43,41,82,69,27,48,99,123,57,58,71" hai2="11,60,62,67,120,127,63,125,64,40,15,59,130" hai3="19,30,78,87,106,101,132,83,17,51,56,14,115"/><W105/><G115/><T108/><D36/><U116/><E99/><V131/><F120/><W128/><G128/><N who="2" m="49193" /><F40/><W124/><G124/><N who="2" m="47689" /><F59/><W70/><G70/><T53/><D53/><U88/><E58/><V16/><AGARI ba="0,0" hai="11,15,16,60,62,63,64,67" m="47689,49193" machi="16" ten="40,5200,0" yaku="19,1,18,1,54,1" doraHai="31" who="2" fromWho="2" sc="218,-13,613,-13,124,52,45,-26" owari="205,1.0,600,69.0,176,-22.0,19,-48.0" /></mjloggm>