<mjloggm ver="2.3"><GO type="169" lobby="0"/><UN n0="%E5%B0%B1%E6%B4%BB%E7%94%9F%40%E5%B7%9D%E6%9D%91%E8%BB%8D%E5%9B%A3" n1="%E3%81%86%E3%81%83%E3%83%BC%E3%81%A1%E3%82%83%E3%82%93" n2="%E3%82%86%E3%81%A3%E3%81%8F%E3%82%8A%E5%A6%96%E5%A4%A2" n3="%28%C2%B4%E2%80%95%CF%89%E2%80%95%60%29" dan="17,17,17,16" rate="2151.34,2174.85,2164.66,2083.65" sx="M,M,M,M"/><TAIKYOKU oya="0"/><INIT seed="0,0,0,2,4,109" ten="250,250,250,250" oya="0" hai0="92,37,124,49,66,71,74,52,2,48,76,43,50" hai1="79,128,47,0,132,59,90,41,104,97,81,63,82" hai2="10,83,86,24,62,9,61,39,32,95,12,58,89" hai3="19,127,70,1,15,133,88,27,64,100,134,68,108"/><T65/><D2/><U121/><E0/><V28/><F39/><W30/><G1/><T26/><D124/><U125/><E125/><V105/><F105/><W115/><G108/><T34/><D74/><U36/><E128/><V106/><F106/><W77/><G127/><T112/><D112/><U102/><E132/><N who="3" m="50794" /><G100/><T18/><D76/><U14/><E121/><V23/><F32/><N who="3" m="20575" /><G77/><T13/><D37/><U87/><E14/><V131/><F131/><W113/><G88/><T80/><D43/><U123/><E123/><V5/><F10/><N who="3" m="6647" /><G64/><T78/><D71/><AGARI ba="0,0" hai="68,70,71,113,115" m="6647,20575,50794" machi="71" ten="30,3900,0" yaku="20,1,52,2" doraHai="109" who="3" fromWho="0" sc="250,-39,250,0,250,0,250,39" /><INIT seed="1,0,0,3,3,47" ten="211,250,250,289" oya="1" hai0="86,11,3,112,90,27,14,94,128,116,17,54,107" hai1="101,72,99,21,34,73,97,39,30,132,113,31,62" hai2="56,65,1,131,45,5,68,20,50,109,77,106,40" hai3="58,43,29,100,123,125,37,84,8,19,108,15,52"/><U12/><E39/><V9/><F109/><W121/><G108/><T32/><D116/><U111/><E111/><V134/><F131/><W22/><G125/><T96/><D112/><U61/><E12/><V122/><F134/><W78/><G100/><T82/><D128/><U74/><E113/><V88/><F122/><W98/><G98/><T18/><D3/><U7/><E7/><V70/><F106/><W49/><G43/><T23/><D107/><U69/><E132/><V91/><F77/><W87/><G37/><T24/><D32/><U38/><E38/><V57/><F20/><W110/><G110/><T119/><D119/><U127/><E127/><V92/><F91/><W48/><G78/><T4/><D54/><U80/><E80/><V89/><F89/><W0/><G0/><T66/><D66/><U71/><E21/><V93/><F93/><W120/><REACH who="3" step="1"/><G48/><REACH who="3" ten="211,250,250,279" step="2"/><T26/><REACH who="0" step="1"/><D4/><REACH who="0" ten="201,250,250,279" step="2"/><U64/><E101/><AGARI ba="0,2" hai="11,14,17,18,23,24,26,27,82,86,90,94,96,101" machi="101" ten="30,7700,0" yaku="1,1,2,1,7,1,8,1,53,0" doraHai="47" doraHaiUra="53" who="0" fromWho="1" sc="201,97,250,-77,250,0,279,0" /><INIT seed="2,0,0,4,2,135" ten="298,173,250,279" oya="2" hai0="106,133,90,101,122,88,75,4,112,130,99,80,109" hai1="95,65,66,107,10,131,52,63,83,48,12,22,104" hai2="41,43,113,71,18,56,77,2,20,38,1,105,87" hai3="124,120,31,129,91,123,32,103,28,13,68,26,50"/><V57/><F113/><W35/><G68/><T72/><D4/><U7/><E131/><V84/><F71/><W110/><G103/><T119/><D112/><U100/><E107/><V69/><F69/><W36/><G36/><T27/><D27/><U3/><E104/><V121/><F105/><W46/><G110/><T132/><D122/><U15/><E3/><V97/><F121/><W44/><G129/><T92/><D130/><U60/><E83/><V9/><F38/><W37/><G13/><T64/><D64/><U29/><E95/><V6/><F97/><W118/><G118/><T61/><D61/><N who="1" m="23627" /><E100/><V85/><F77/><W17/><G17/><T70/><D70/><U76/><E76/><V114/><F114/><W86/><G37/><T108/><D119/><U93/><E93/><V40/><REACH who="2" step="1"/><F2/><REACH who="2" ten="298,173,240,279" step="2"/><W11/><G120/><T42/><D106/><U127/><E127/><V25/><AGARI ba="0,1" hai="1,6,9,18,20,25,40,41,43,56,57,84,85,87" machi="25" ten="30,18000,2" yaku="1,1,2,1,0,1,53,3" doraHai="135" doraHaiUra="39" who="2" fromWho="2" sc="298,-60,173,-60,240,190,279,-60" /><INIT seed="2,1,0,4,0,85" ten="238,113,430,219" oya="2" hai0="67,89,50,54,15,0,51,110,14,121,119,122,109" hai1="112,37,96,129,62,32,103,107,64,73,31,117,86" hai2="19,20,7,41,72,102,61,43,18,36,106,130,118" hai3="35,42,55,74,71,34,44,65,114,30,1,134,84"/><V59/><F118/><W76/><G55/><T97/><D0/><U120/><E37/><V56/><F72/><W3/><G84/><T108/><D67/><U77/><E117/><V12/><F130/><W6/><G134/><T78/><D78/><U17/><E129/><V68/><F68/><W113/><G65/><T87/><D97/><U124/><E120/><V11/><F56/><W116/><G71/><T93/><D119/><U33/><E112/><V45/><F43/><W28/><G116/><T101/><D101/><U133/><E124/><V98/><REACH who="2" step="1"/><F20/><REACH who="2" ten="238,113,420,219" step="2"/><W27/><G113/><T88/><D89/><U135/><E32/><V90/><F90/><W69/><G69/><T100/><D100/><U128/><E128/><V95/><F95/><W4/><G114/><T9/><D51/><U127/><E127/><V24/><F24/><W52/><G74/><T25/><D25/><U83/><E73/><V115/><F115/><W81/><G42/><T16/><D15/><U94/><E107/><V47/><F47/><AGARI ba="1,1" hai="9,14,16,47,50,54,87,88,93,108,109,110,121,122" machi="47" ten="40,8000,1" yaku="14,1,52,1,54,2" doraHai="85" who="0" fromWho="2" sc="238,93,113,0,420,-83,219,0" /><INIT seed="3,0,0,0,0,114" ten="331,113,337,219" oya="3" hai0="89,67,24,127,18,128,51,99,72,35,70,20,43" hai1="19,26,1,53,60,103,78,118,88,40,133,96,113" hai2="39,68,4,116,91,38,121,25,82,11,61,5,59" hai3="34,132,73,8,31,50,109,79,85,36,77,16,122"/><W63/><G36/><T14/><D127/><U30/><E113/><V134/><F134/><W86/><G122/><T124/><D124/><U94/><E1/><V3/><F68/><W9/><G132/><T48/><D128/><U23/><E133/><V93/><F116/><W65/><G109/><T130/><D72/><U13/><E78/><N who="3" m="29706" /><G34/><T87/><D130/><U7/><E118/><V106/><F106/><W44/><G31/><T135/><D135/><U22/><E7/><V55/><F121/><W104/><G104/><T42/><D99/><U6/><E6/><V115/><F115/><W62/><G73/><T45/><D67/><U95/><E40/><V2/><F82/><W41/><G8/><T27/><D70/><U17/><E30/><V131/><F131/><W81/><G65/><T111/><D111/><U33/><E33/><V112/><F112/><W57/><G57/><T47/><REACH who="0" step="1"/><D35/><REACH who="0" ten="321,113,337,219" step="2"/><U69/><E69/><V129/><F129/><W58/><G86/><T126/><D126/><U37/><E37/><V119/><F38/><W21/><G85/><T74/><D74/><U101/><REACH who="1" step="1"/><E95/><AGARI ba="0,1" hai="14,18,20,24,27,42,43,45,47,48,51,87,89,95" machi="95" ten="30,8000,1" yaku="1,1,7,1,9,1,8,1,53,1" doraHai="114" doraHaiUra="84" who="0" fromWho="1" sc="321,90,113,-80,337,0,219,0" /><INIT seed="4,0,0,3,2,19" ten="411,33,337,219" oya="0" hai0="118,9,115,30,96,95,24,31,43,5,133,86,83" hai1="91,134,2,35,112,75,106,131,110,135,47,88,77" hai2="129,74,116,81,93,101,52,8,103,107,84,40,76" hai3="37,14,111,6,0,61,128,4,122,57,99,105,44"/><T102/><D118/><U17/><E35/><V20/><F116/><W109/><G0/><T51/><D115/><U98/><E17/><V15/><F129/><W82/><G128/><T127/><D133/><N who="1" m="50699" /><E2/><V97/><F40/><W60/><G122/><T64/><D127/><U108/><E131/><V63/><F103/><W120/><G120/><T25/><D64/><U132/><N who="1" m="50707" /><U113/><DORA hai="22" /><E47/><V49/><F63/><W67/><G82/><T46/><D31/><U58/><E58/><V26/><F107/><W114/><G114/><N who="1" m="44138" /><E75/><V66/><F74/><W56/><G44/><T80/><D30/><U23/><E23/><V54/><F66/><W42/><G42/><T36/><D36/><U100/><E77/><V62/><F62/><W71/><G37/><T68/><D68/><U130/><E130/><V7/><F49/><W73/><G71/><T33/><D33/><U119/><E119/><V70/><F70/><W72/><G14/><T3/><D3/><U11/><E11/><V41/><F41/><W28/><G67/><T126/><D9/><U117/><E117/><V79/><F76/><W55/><G28/><AGARI ba="0,0" hai="7,8,15,20,26,28,52,54,79,81,84,93,97,101" machi="28" ten="30,8000,1" yaku="7,1,8,1,52,2,54,1" doraHai="19,22" who="2" fromWho="3" sc="411,0,33,0,337,80,219,-80" /><INIT seed="5,0,0,2,4,70" ten="411,33,417,139" oya="1" hai0="124,59,11,79,34,2,88,100,90,54,32,64,3" hai1="10,76,63,77,45,65,52,115,123,31,116,80,131" hai2="121,24,82,33,102,117,104,122,99,6,89,98,128" hai3="29,93,86,110,95,85,130,107,71,103,132,22,48"/><U72/><E116/><V18/><F117/><W61/><G110/><T68/><D124/><U109/><E123/><V78/><F128/><W74/><G130/><T47/><D79/><U83/><E131/><V26/><F6/><W73/><G48/><T94/><D68/><U133/><E109/><V15/><F98/><N who="3" m="61943" /><G29/><T12/><D64/><U97/><E115/><V0/><F0/><W108/><G22/><T113/><D113/><U16/><E133/><V36/><F36/><W1/><G1/><T17/><D47/><U21/><E97/><V27/><F89/><N who="3" m="53423" /><G61/><T66/><D66/><U101/><E101/><V40/><F40/><W49/><G49/><T20/><D100/><U87/><E10/><V119/><F33/><W92/><G71/><T30/><D90/><U135/><E135/><V50/><F50/><W53/><G53/><T57/><D57/><U129/><E129/><V105/><F105/><W67/><G67/><T60/><D3/><U127/><E31/><V118/><F118/><W14/><G14/><T55/><D55/><U112/><E112/><V75/><F119/><W114/><G114/><T38/><D38/><U58/><E127/><V46/><F46/><W43/><G43/><T96/><D30/><U41/><E65/><V44/><F44/><W7/><G108/><T91/><D91/><U28/><E28/><V37/><F37/><W4/><G132/><T5/><AGARI ba="0,0" hai="2,5,11,12,17,20,32,34,54,59,60,88,94,96" machi="5" ten="30,2000,0" yaku="0,1,54,1" doraHai="70" who="0" fromWho="0" sc="411,20,33,-10,417,-5,139,-5" /><INIT seed="6,0,0,1,1,74" ten="431,23,412,134" oya="2" hai0="35,19,85,32,127,102,62,73,39,75,8,121,117" hai1="28,109,89,87,0,60,45,17,26,30,128,46,7" hai2="14,133,29,100,11,23,68,21,105,59,88,71,53" hai3="9,22,108,78,126,93,49,90,50,65,38,57,56"/><V2/><F133/><W99/><G38/><T106/><D39/><U131/><E109/><V64/><F2/><W122/><G126/><T113/><D62/><U119/><E119/><V125/><F105/><W42/><G122/><T91/><D19/><U134/><E134/><V72/><F100/><W96/><G42/><T20/><D20/><U54/><E7/><V69/><F72/><W55/><G9/><T43/><D43/><U63/><E0/><V135/><F64/><W84/><G108/><T80/><D8/><U37/><E37/><V25/><F125/><W13/><G78/><T95/><D35/><U79/><E17/><V76/><F76/><W92/><G65/><T36/><D32/><U132/><E132/><V44/><F135/><W12/><G22/><T31/><D36/><U123/><E123/><V130/><F130/><W18/><G18/><T81/><D31/><U67/><E79/><V129/><F129/><W58/><G84/><T83/><D121/><U5/><E5/><V94/><F44/><N who="3" m="28071" /><G50/><T112/><D127/><U118/><E118/><V98/><F23/><W4/><G4/><T10/><D10/><U47/><E131/><V40/><F40/><W77/><G77/><T61/><D117/><U1/><E1/><V114/><F114/><N who="0" m="44138" /><D61/><U66/><E128/><V97/><F97/><AGARI ba="0,0" hai="73,75,80,81,83,85,91,95,97,102,106" m="44138" machi="97" ten="30,3900,0" yaku="15,1,34,2" doraHai="74" who="0" fromWho="2" sc="431,39,23,0,412,-39,134,0" /><INIT seed="7,0,0,0,0,38" ten="470,23,373,134" oya="3" hai0="98,111,4,114,86,109,121,68,99,5,120,130,65" hai1="57,64,59,61,79,53,46,43,113,29,97,124,45" hai2="28,123,134,131,101,116,106,18,42,88,83,81,135" hai3="77,54,34,129,37,82,72,0,102,30,44,8,52"/><W90/><G129/><T103/><D130/><U66/><E29/><V128/><F28/><W49/><G102/><T126/><D126/><U1/><E1/><V63/><F101/><W23/><G34/><T21/><D21/><U48/><E79/><V76/><F76/><W112/><G112/><T22/><D22/><U51/><E97/><V84/><F116/><W94/><G30/><T16/><D86/><U32/><E32/><V33/><F33/><W20/><G54/><T89/><D89/><U104/><E104/><V3/><F3/><W92/><G92/><T26/><D26/><U12/><E12/><V7/><F84/><W75/><G75/><T95/><D65/><N who="1" m="39087" /><E124/><V55/><F106/><W74/><G74/><T122/><D68/><U47/><E113/><V91/><F55/><W80/><G80/><T41/><D41/><N who="1" m="24623" /><E47/><V105/><F105/><W27/><G94/><T118/><D120/><U69/><E69/><V117/><F117/><W62/><G90/><T9/><D118/><U10/><E10/><V73/><F73/><W14/><G0/><T2/><D114/><U110/><E110/><V85/><F85/><W107/><G107/><T15/><D99/><U56/><E56/><V71/><F71/><W39/><G27/><T60/><D121/><U100/><E100/><V31/><F123/><W19/><G77/><T36/><D122/><U127/><E127/><V58/><F31/><W70/><G70/><T132/><D2/><U93/><E93/><V13/><F128/><W125/><G125/><T50/><D95/><U40/><E40/><V119/><F131/><RYUUKYOKU ba="0,0" sc="470,-10,23,30,373,-10,134,-10" hai1="43,46,51,53,59,64,66" owari="460,57.0,53,-45.0,363,16.0,124,-28.0" /></mjloggm>