<mjloggm ver="2.3"><GO type="169" lobby="0"/><UN n0="%E3%81%A1%E3%82%8A%E3%82%81%E3%82%93%E3%81%98%E3%82%83%E3%81%93" n1="%E5%BB%83%E4%BA%BA%E9%81%94%E9%9B%86%E5%90%88" n2="%E5%B0%B1%E6%B4%BB%E7%94%9F%40%E5%B7%9D%E6%9D%91%E8%BB%8D%E5%9B%A3" n3="%E3%81%AE%E3%81%86%E3%81%AA%E3%82%81%E3%82%8D%E3%82%93" dan="16,16,17,16" rate="2084.84,2093.99,2193.91,2118.03" sx="M,M,M,M"/><TAIKYOKU oya="0"/><INIT seed="0,0,0,5,1,90" ten="250,250,250,250" oya="0" hai0="135,79,65,31,16,43,32,74,68,12,20,83,55" hai1="46,80,86,19,66,88,131,54,11,81,84,121,36" hai2="127,72,59,118,96,27,41,93,113,10,44,104,111" hai3="85,18,33,114,70,94,116,1,126,123,64,5,61"/><T67/><D135/><U95/><E121/><V124/><F72/><W106/><G106/><T9/><D68/><U99/><E131/><V47/><F113/><W71/><G114/><T115/><D115/><U8/><E66/><V24/><F111/><W77/><G116/><T75/><D75/><U51/><E36/><V21/><F118/><W48/><G33/><T35/><D43/><U30/><E30/><V120/><F120/><W50/><G123/><T52/><D35/><U3/><E3/><V101/><F59/><W39/><G39/><T129/><D129/><U119/><E119/><V60/><F60/><W103/><G71/><T40/><D40/><U25/><E25/><V82/><F82/><W73/><G126/><N who="2" m="48169" /><F10/><W105/><G73/><T6/><D65/><U63/><E63/><V133/><F133/><W108/><G108/><T26/><REACH who="0" step="1"/><D67/><REACH who="0" ten="240,250,250,250" step="2"/><U107/><E107/><V87/><F41/><W58/><G105/><T34/><D34/><U15/><E8/><V97/><F27/><AGARI ba="0,1" hai="6,9,12,16,20,26,27,31,32,52,55,74,79,83" machi="27" ten="30,11600,0" yaku="1,1,7,1,54,2,53,0" doraHai="90" doraHaiUra="37" who="0" fromWho="2" sc="240,126,250,0,250,-116,250,0" /><INIT seed="0,1,0,4,3,36" ten="366,250,134,250" oya="0" hai0="35,85,12,80,91,20,3,19,101,92,57,42,83" hai1="18,98,104,69,134,50,43,45,102,56,27,14,30" hai2="77,108,72,116,133,29,107,110,78,130,103,84,59" hai3="21,119,55,75,121,9,53,2,95,44,132,33,64"/><T63/><D3/><U48/><E69/><V61/><F116/><W25/><G119/><T128/><D128/><U93/><E104/><V7/><F72/><W13/><G75/><T17/><D35/><U71/><E71/><V113/><F113/><W115/><G115/><T5/><D101/><U131/><E131/><V68/><F68/><W40/><G132/><T120/><D120/><U37/><E134/><V58/><F130/><W24/><G121/><T111/><D5/><U39/><E39/><V82/><F133/><W105/><G105/><T127/><D127/><U15/><E15/><V54/><F78/><W26/><G33/><T22/><D42/><U89/><E102/><V52/><F29/><W81/><G2/><T28/><D28/><U90/><E90/><V11/><F103/><W106/><G106/><T97/><D85/><U94/><E94/><V125/><F125/><W10/><G64/><T129/><D111/><U135/><E56/><V86/><F86/><W109/><G109/><T32/><D32/><U4/><E4/><V79/><F107/><W112/><G112/><T62/><D62/><U123/><E123/><V117/><F117/><W124/><G124/><T0/><D0/><U76/><E76/><V46/><F46/><W96/><G44/><T8/><D129/><U65/><E135/><V70/><F70/><W99/><G96/><T126/><D126/><U6/><E6/><V100/><F100/><W41/><G99/><T1/><D1/><U114/><E114/><V34/><F34/><W16/><G81/><T87/><D97/><U60/><E98/><RYUUKYOKU ba="1,0" sc="366,0,250,0,134,0,250,0" /><INIT seed="1,2,0,3,1,94" ten="366,250,134,250" oya="1" hai0="28,27,106,118,31,39,114,14,13,37,98,96,32" hai1="33,97,91,17,21,29,102,49,46,70,34,63,115" hai2="23,135,61,126,65,3,89,59,4,75,51,74,72" hai3="68,105,121,11,78,76,10,67,62,101,116,7,20"/><U99/><E115/><V35/><F35/><W103/><G121/><T1/><D114/><U85/><E102/><V19/><F126/><W80/><G116/><T127/><D1/><U79/><E79/><V81/><F135/><W108/><G108/><T77/><D127/><U58/><E70/><V104/><F104/><W87/><G78/><T69/><D106/><U112/><E29/><V130/><F130/><W38/><G38/><T66/><D77/><U54/><E34/><V16/><F51/><W93/><G105/><T22/><D118/><U5/><E5/><V45/><F45/><W42/><G42/><T73/><D73/><U25/><E33/><V15/><F19/><W71/><G71/><T131/><D32/><U47/><E112/><V132/><F132/><W111/><G111/><T92/><D92/><U43/><E47/><V6/><REACH who="2" step="1"/><F3/><REACH who="2" ten="366,250,124,250" step="2"/><W90/><G20/><T50/><D22/><U44/><REACH who="1" step="1"/><E44/><REACH who="1" ten="366,240,124,250" step="2"/><V24/><F24/><W124/><G124/><T30/><D27/><U8/><E8/><V60/><F60/><W18/><G11/><T26/><D26/><U117/><E117/><V2/><F2/><W57/><G18/><T129/><D131/><U82/><AGARI ba="2,2" hai="17,21,25,43,46,49,54,58,63,82,85,91,97,99" machi="82" ten="20,18000,2" yaku="1,1,0,1,7,1,8,1,52,2,53,1" doraHai="94" doraHaiUra="86" who="1" fromWho="1" sc="366,-62,240,206,124,-62,250,-62" /><INIT seed="1,3,0,4,1,92" ten="304,446,62,188" oya="1" hai0="87,86,75,96,17,71,46,82,73,105,126,47,40" hai1="22,60,58,6,111,129,55,85,114,30,118,18,125" hai2="25,12,84,116,42,108,10,132,90,33,45,3,21" hai3="1,131,124,32,93,34,120,94,53,27,0,51,64"/><U7/><E118/><V100/><F116/><W57/><G120/><T38/><D71/><U112/><E125/><V19/><F132/><W97/><G124/><T23/><D126/><U2/><E129/><V67/><F108/><W119/><G119/><T39/><D87/><U29/><E111/><V66/><F100/><W110/><G110/><T72/><D47/><U106/><E106/><V76/><F76/><W43/><G131/><T37/><D105/><U4/><E2/><V48/><F33/><W54/><G64/><T49/><D96/><U130/><E130/><V31/><REACH who="2" step="1"/><F3/><REACH who="2" ten="304,446,52,188" step="2"/><W78/><G78/><T133/><D133/><U52/><E114/><V35/><F35/><W56/><G34/><T65/><D73/><U83/><E112/><V8/><F8/><W11/><G11/><T15/><D72/><U128/><E128/><V79/><F79/><W89/><G32/><T81/><D75/><U103/><E103/><V77/><F77/><W109/><G109/><T14/><D23/><U20/><E20/><V101/><F101/><W69/><G0/><T24/><D38/><U115/><E115/><V113/><F113/><W98/><G1/><T36/><D37/><U16/><E22/><V68/><F68/><W13/><G69/><T41/><D36/><U28/><E55/><V104/><F104/><W62/><G54/><T107/><D39/><U59/><E59/><V9/><F9/><W127/><G57/><T44/><D107/><U88/><AGARI ba="3,1" hai="4,6,7,16,18,28,29,30,52,58,60,83,85,88" machi="88" ten="30,12000,1" yaku="0,1,8,1,54,3" doraHai="92" who="1" fromWho="1" sc="304,-43,446,139,52,-43,188,-43" /><INIT seed="1,4,0,5,1,45" ten="261,585,9,145" oya="1" hai0="69,53,55,19,63,118,57,7,58,134,8,4,110" hai1="38,80,75,25,46,88,71,52,44,129,64,70,27" hai2="128,56,115,13,61,126,59,121,54,35,116,108,66" hai3="62,96,83,98,84,123,85,28,0,111,100,97,17"/><U78/><E129/><V135/><F35/><W113/><G0/><T107/><D118/><U74/><E74/><V68/><F13/><W117/><G28/><T50/><D110/><U92/><E27/><V15/><F15/><W104/><G113/><T33/><D134/><U60/><E71/><V133/><F116/><W39/><G39/><T76/><D33/><U14/><E25/><V95/><F95/><W79/><G117/><T24/><D107/><U36/><E44/><V77/><F121/><W120/><G17/><T132/><D132/><N who="2" m="50762" /><F77/><W16/><G62/><T41/><D69/><U73/><E14/><V114/><F108/><W5/><G5/><T130/><D130/><U26/><E26/><V40/><F126/><W99/><G111/><T72/><D41/><U37/><E75/><V122/><F122/><W18/><G18/><T93/><D76/><U21/><E21/><V42/><F128/><W131/><G16/><T31/><D72/><U10/><E10/><V86/><F86/><W91/><G131/><T48/><D31/><U43/><REACH who="1" step="1"/><E52/><REACH who="1" ten="261,575,9,145" step="2"/><V102/><F68/><W47/><G47/><T105/><D8/><U49/><E49/><N who="2" m="30799" /><F102/><W106/><G106/><T12/><D105/><U119/><E119/><V89/><F89/><W67/><G120/><T81/><D12/><U103/><E103/><V127/><F127/><W1/><G123/><T22/><D24/><U29/><E29/><V94/><F94/><W65/><G1/><T20/><D93/><U23/><E23/><V11/><F11/><W90/><G90/><T82/><D22/><U51/><E51/><RYUUKYOKU ba="4,1" sc="261,-30,575,10,9,10,145,10" hai1="36,37,38,43,46,60,64,70,73,78,80,88,92" hai2="40,42,59,61,66,114,115" hai3="65,67,79,83,84,85,91,96,97,98,99,100,104" /><INIT seed="1,5,1,3,2,64" ten="231,585,19,155" oya="1" hai0="58,106,114,18,96,60,66,8,75,55,87,83,102" hai1="81,121,69,80,105,67,10,26,70,90,44,89,122" hai2="42,22,73,61,99,127,128,27,3,49,101,71,78" hai3="82,133,95,7,56,57,35,104,34,53,12,123,59"/><U38/><E105/><V39/><F3/><W52/><G104/><T29/><D75/><U37/><E67/><V113/><F113/><W108/><G123/><T107/><D114/><U92/><E92/><V30/><F128/><W11/><G108/><T85/><D107/><U84/><E10/><V19/><F127/><W103/><G133/><T119/><D119/><U15/><E15/><V72/><F39/><W74/><G103/><T112/><D112/><U98/><E84/><V14/><F78/><W41/><G41/><T5/><D18/><U40/><E44/><V135/><F135/><W45/><G95/><T33/><D33/><U116/><E116/><V97/><F49/><W100/><G100/><T28/><D87/><U51/><E51/><V125/><F42/><W13/><G45/><T124/><D66/><U62/><E40/><V76/><F76/><W109/><G109/><T131/><D131/><U20/><E20/><V68/><F125/><W1/><G74/><T111/><D124/><U91/><E91/><V110/><F110/><W6/><G82/><T46/><D46/><U21/><E21/><V93/><F99/><W36/><G36/><T4/><D4/><U43/><E43/><V115/><F115/><W16/><G1/><T77/><D111/><U132/><E98/><V17/><F17/><N who="3" m="8351" /><G34/><T2/><AGARI ba="5,1" hai="2,5,8,28,29,55,58,60,77,83,85,96,102,106" machi="2" ten="20,1500,0" yaku="0,1,7,1" doraHai="64" who="0" fromWho="0" sc="231,40,585,-12,19,-9,155,-9" /><INIT seed="2,0,0,4,2,70" ten="271,573,10,146" oya="2" hai0="6,117,131,115,50,114,46,16,96,129,68,118,20" hai1="107,101,132,42,45,51,111,58,75,89,78,105,110" hai2="24,74,81,119,128,134,23,95,30,59,80,69,38" hai3="36,100,10,57,106,120,122,97,9,7,18,4,8"/><V12/><F119/><N who="0" m="45578" /><D68/><U29/><E132/><V94/><F69/><W21/><G36/><T3/><D96/><U83/><E29/><V25/><F128/><N who="0" m="49226" /><D46/><U43/><E43/><V22/><F134/><W54/><G120/><T5/><D50/><U71/><E71/><V90/><F74/><W64/><G64/><T15/><D3/><U34/><E89/><V93/><F38/><W14/><REACH who="3" step="1"/><G122/><REACH who="3" ten="271,573,10,136" step="2"/><T73/><D73/><U52/><E75/><V113/><F113/><AGARI ba="0,1" hai="5,6,15,16,20,113,114,115" m="49226,45578" machi="113" ten="40,8000,1" yaku="12,1,19,1,34,2,54,1" doraHai="70" who="0" fromWho="2" sc="271,90,573,0,10,-80,136,0" owari="361,16.0,573,67.0,-70,-57.0,136,-26.0" /></mjloggm>