<mjloggm ver="2.3"><GO type="169" lobby="0"/><UN n0="%E3%82%B4%E3%83%BC%E3%83%AB%E3%83%87%E3%83%B3%E3%81%B2%E3%82%88%E3%81%93" n1="%54%45%53%48%49%4D%41%4E" n2="%E5%B0%B1%E6%B4%BB%E7%94%9F%40%E5%B7%9D%E6%9D%91%E8%BB%8D%E5%9B%A3" n3="%E3%81%86%E3%81%83%E3%83%BC%E3%81%A1%E3%82%83%E3%82%93" dan="16,16,18,18" rate="2117.93,2128.81,2276.64,2251.58" sx="M,M,M,M"/><TAIKYOKU oya="0"/><INIT seed="0,0,0,4,3,78" ten="250,250,250,250" oya="0" hai0="130,88,36,43,120,126,4,84,16,133,72,35,86" hai1="102,118,81,59,6,20,22,44,25,28,13,113,51" hai2="63,76,68,55,17,82,34,65,31,29,39,26,123" hai3="30,54,101,2,23,73,132,50,121,47,107,92,71"/><T5/><D120/><U37/><E118/><V0/><F123/><W38/><G73/><T42/><D72/><U106/><E113/><V48/><F39/><W112/><G112/><T53/><D35/><U134/><E134/><V52/><F0/><W33/><G2/><T85/><D133/><U100/><E106/><V58/><F29/><W69/><G107/><T7/><D126/><U108/><E108/><V11/><F11/><W94/><G33/><T128/><D36/><U24/><E81/><V93/><F17/><W9/><G132/><T89/><D16/><N who="1" m="12359" /><E37/><V122/><F122/><W90/><G38/><T8/><D53/><N who="1" m="32191" /><E44/><V98/><F48/><W87/><G121/><T131/><D8/><AGARI ba="0,0" hai="6,8,13,20,25,28,100,102" m="32191,12359" machi="8" ten="30,2000,0" yaku="8,1,54,1" doraHai="78" who="1" fromWho="0" sc="250,-20,250,20,250,0,250,0" /><INIT seed="1,0,0,1,0,106" ten="230,270,250,250" oya="1" hai0="99,102,16,23,34,129,10,77,69,86,126,107,130" hai1="76,108,70,20,79,66,65,120,17,37,87,128,45" hai2="73,40,43,82,52,97,38,134,19,95,39,35,123" hai3="25,3,131,56,5,6,15,96,33,62,26,78,101"/><U18/><E120/><V71/><F71/><W4/><G3/><T42/><D34/><U22/><E128/><N who="0" m="49257" /><D69/><U80/><E108/><V9/><F35/><W103/><G131/><T116/><D126/><U57/><E70/><V24/><F123/><W59/><G33/><T124/><D124/><U98/><E98/><V54/><F134/><W31/><G78/><T114/><D116/><U0/><E0/><V47/><F82/><W58/><G31/><T89/><D114/><U115/><E115/><V60/><F73/><W100/><G15/><N who="0" m="7287" /><D42/><U113/><E79/><V21/><F9/><W55/><G96/><T27/><D77/><U85/><E113/><V12/><F12/><W133/><G133/><T49/><D49/><U109/><E109/><V44/><REACH who="2" step="1"/><F60/><REACH who="2" ten="230,270,240,250" step="2"/><W50/><REACH who="3" step="1"/><G62/><REACH who="3" ten="230,270,240,240" step="2"/><T125/><D125/><U92/><E76/><V41/><F41/><W135/><G135/><T91/><D86/><U94/><E85/><V11/><F11/><W61/><G61/><T1/><D1/><U90/><E87/><V48/><F48/><W81/><G81/><T74/><D74/><U46/><E80/><V104/><F104/><W28/><G28/><AGARI ba="0,2" hai="23,27,28,89,91,99,102,107" m="7287,49257" machi="28" ten="30,2000,0" yaku="19,1,54,1" doraHai="106" who="0" fromWho="3" sc="230,40,270,0,240,0,240,-20" /><INIT seed="2,0,0,5,2,68" ten="270,270,240,220" oya="2" hai0="108,103,96,55,122,126,54,90,92,115,29,20,71" hai1="94,127,116,89,87,131,105,7,0,34,70,61,99" hai2="80,104,120,107,72,8,125,106,56,53,73,28,95" hai3="93,5,69,21,12,33,19,3,39,102,14,81,23"/><V77/><F120/><W32/><G69/><T30/><D122/><U37/><E116/><V27/><F125/><W113/><G113/><T84/><D115/><U79/><E34/><V16/><F95/><W1/><G81/><T24/><D126/><U74/><E127/><V85/><F8/><N who="3" m="4111" /><G93/><N who="0" m="58767" /><D71/><U97/><E131/><V49/><REACH who="2" step="1"/><F16/><REACH who="2" ten="270,270,230,220" step="2"/><N who="3" m="10391" /><G102/><T22/><D108/><U40/><E94/><V10/><F10/><W119/><G119/><T63/><D30/><U13/><E105/><V18/><F18/><W2/><G39/><T100/><D29/><U135/><E37/><V121/><F121/><W128/><G128/><T98/><D24/><AGARI ba="0,1" hai="1,2,3,19,23,24,32,33" m="10391,4111" machi="24" ten="30,12000,2" yaku="35,5,54,1" doraHai="68" who="3" fromWho="0" sc="270,-120,270,0,230,0,220,130" /><INIT seed="3,0,0,5,2,86" ten="150,270,230,350" oya="3" hai0="23,80,27,103,13,94,89,134,122,16,119,99,4" hai1="10,1,79,71,96,12,25,47,116,51,34,9,62" hai2="69,29,54,33,11,26,40,123,90,106,95,14,68" hai3="84,112,28,20,31,114,128,32,75,110,67,83,6"/><W55/><G32/><T91/><D122/><U107/><E116/><V132/><F106/><W101/><G75/><T5/><D119/><U8/><E1/><V41/><F123/><W30/><G128/><T17/><D134/><U56/><E79/><V105/><F105/><W124/><G124/><T127/><D127/><U129/><E129/><V85/><F132/><W66/><G6/><N who="0" m="2667" /><D80/><U22/><E34/><V48/><F69/><W61/><G101/><T0/><D0/><U102/><E71/><V70/><F68/><W60/><G20/><AGARI ba="0,0" hai="13,16,17,20,23,27,89,91,94,99,103" m="2667" machi="20" ten="30,7700,0" yaku="8,1,52,2,54,1" doraHai="86" who="0" fromWho="3" sc="150,77,270,0,230,0,350,-77" /><INIT seed="4,0,0,2,0,67" ten="227,270,230,273" oya="0" hai0="68,39,22,57,47,16,29,71,106,55,6,95,102" hai1="104,108,100,49,87,51,82,38,20,62,59,99,15" hai2="72,52,32,131,128,2,130,120,7,86,60,19,127" hai3="80,89,126,113,27,133,118,44,78,23,46,90,37"/><T114/><D29/><U98/><E108/><V10/><F72/><W122/><G118/><T36/><D106/><U111/><E38/><V12/><F120/><W18/><G122/><T109/><D6/><U25/><E15/><V93/><F32/><W35/><G126/><T116/><D116/><U75/><E99/><V73/><F73/><W105/><G105/><T11/><D11/><U79/><E75/><V3/><F127/><W101/><G101/><T96/><D109/><U119/><E119/><V110/><F110/><W5/><G35/><T70/><D47/><U17/><REACH who="1" step="1"/><E111/><REACH who="1" ten="227,260,230,273" step="2"/><V112/><F112/><W56/><G37/><T34/><D114/><U45/><E45/><V129/><F129/><W97/><G46/><T76/><D34/><U66/><AGARI ba="0,1" hai="17,20,25,49,51,59,62,66,79,82,87,98,100,104" machi="66" ten="20,2700,0" yaku="1,1,0,1,7,1,53,0" doraHai="67" doraHaiUra="84" who="1" fromWho="1" sc="227,-13,260,37,230,-7,273,-7" /><INIT seed="5,0,0,1,2,35" ten="214,297,223,266" oya="1" hai0="103,30,51,63,105,29,102,121,84,3,5,97,61" hai1="86,82,27,74,59,41,12,88,110,62,25,22,66" hai2="43,70,20,117,96,116,125,52,37,134,85,101,130" hai3="87,49,55,9,95,89,72,4,2,100,119,67,60"/><U45/><E110/><V13/><F70/><W50/><G119/><T93/><D121/><U15/><E74/><V112/><F37/><W114/><G72/><T113/><D113/><U78/><E78/><V47/><F43/><W91/><G114/><T34/><D51/><U120/><E120/><V135/><F112/><W11/><G100/><T58/><D63/><U64/><E64/><V90/><F130/><W80/><G55/><T75/><D75/><U53/><E66/><V10/><F20/><W48/><G11/><T132/><D132/><N who="2" m="50730" /><F125/><W123/><G123/><T24/><D30/><U128/><E128/><V92/><F47/><W76/><REACH who="3" step="1"/><G95/><REACH who="3" ten="214,297,223,256" step="2"/><T39/><D103/><U133/><E133/><V108/><F52/><W1/><G1/><T56/><D3/><U42/><E42/><V83/><F108/><W99/><G99/><T79/><D105/><U23/><E41/><V69/><F69/><AGARI ba="0,1" hai="2,4,9,48,49,50,60,67,69,76,80,87,89,91" machi="69" ten="40,2600,0" yaku="1,1,52,1,53,0" doraHai="35" doraHaiUra="71" who="3" fromWho="2" sc="214,0,297,0,223,-26,256,36" /><INIT seed="6,0,0,5,3,70" ten="214,297,197,292" oya="2" hai0="22,110,18,102,98,2,37,123,45,33,57,131,4" hai1="113,52,107,94,35,64,20,99,21,27,135,85,31" hai2="119,121,39,19,61,25,125,54,32,13,111,24,3" hai3="132,105,129,5,80,104,14,82,87,109,100,91,11"/><V7/><F121/><W126/><G109/><T26/><D110/><U116/><E116/><V16/><F119/><W53/><G126/><T49/><D123/><U88/><E113/><V63/><F111/><W17/><G129/><T92/><D131/><U86/><E135/><V65/><F125/><W47/><G100/><T9/><D33/><U124/><E124/><V69/><F19/><W10/><G82/><T58/><REACH who="0" step="1"/><D37/><REACH who="0" ten="204,297,197,292" step="2"/><U30/><E35/><V89/><F39/><W66/><G132/><T50/><D50/><U15/><E31/><V72/><F32/><W114/><G114/><T40/><AGARI ba="0,1" hai="2,4,9,18,22,26,40,45,49,57,58,92,98,102" machi="40" ten="20,5200,0" yaku="1,1,0,1,7,1,53,1" doraHai="70" doraHaiUra="12" who="0" fromWho="0" sc="204,62,297,-13,197,-26,292,-13" /><INIT seed="7,0,0,1,2,25" ten="266,284,171,279" oya="3" hai0="58,21,24,117,51,35,134,127,71,87,108,20,99" hai1="95,77,34,132,45,41,32,85,90,67,39,130,70" hai2="98,46,96,11,27,48,78,13,72,111,23,131,33" hai3="97,68,76,133,38,17,110,82,115,40,123,129,102"/><W47/><G123/><T64/><D117/><U65/><E132/><V29/><F111/><W80/><G68/><T105/><D108/><U9/><E130/><V61/><F131/><W124/><G110/><T122/><D134/><U107/><E107/><V104/><F104/><W106/><G133/><T56/><D122/><U44/><E70/><V81/><F61/><W50/><G129/><T12/><D127/><U75/><E44/><V126/><F126/><W63/><G124/><T73/><D73/><U60/><E9/><V89/><F89/><W91/><G115/><T125/><D125/><U114/><E114/><V112/><F112/><W74/><G63/><N who="0" m="40351" /><D87/><U5/><E5/><V118/><F118/><W7/><G7/><T0/><D0/><U36/><E36/><V121/><F121/><W30/><G30/><N who="0" m="19911" /><D12/><U55/><E55/><V54/><REACH who="2" step="1"/><F33/><REACH who="2" ten="266,284,161,279" step="2"/><W43/><G91/><T113/><D113/><U22/><E32/><V31/><F31/><W42/><G38/><T16/><D51/><U92/><E34/><V101/><F101/><W84/><G102/><N who="0" m="62687" /><D21/><U135/><E135/><V119/><F119/><W18/><G106/><T49/><D49/><U1/><E22/><V66/><F66/><W100/><G100/><T69/><D69/><U86/><E60/><V37/><F37/><W79/><G97/><T88/><D88/><N who="1" m="53271" /><E67/><V57/><F57/><W93/><G79/><T62/><D62/><U4/><E65/><V53/><F53/><N who="3" m="29919" /><G80/><T116/><D116/><U109/><E109/><V3/><F3/><W103/><G103/><T26/><AGARI ba="0,1" hai="16,20,26,56,58" m="62687,19911,40351" machi="26" ten="30,4000,0" yaku="25,1,52,1,54,1" doraHai="25" who="0" fromWho="0" sc="266,50,284,-10,161,-10,279,-20" owari="316,42.0,274,7.0,151,-35.0,259,-14.0" /></mjloggm>