<mjloggm ver="2.3"><GO type="225" lobby="0"/><UN n0="%63%6F%61" n1="%E3%82%A6%E3%83%AB%E3%83%88%E3%83%A9%E7%AB%8B%E7%9B%B4" n2="%E7%99%BD%E9%B9%BF%E6%84%9B%E8%8E%89" n3="%E3%81%BE%E3%81%99%E3%81%8F%E3%81%AF%E3%81%8C%E3%81%97" dan="16,17,18,17" rate="2180.05,2157.81,2253.03,2078.31" sx="M,M,F,M"/><TAIKYOKU oya="0"/><INIT seed="0,0,0,4,5,110" ten="250,250,250,250" oya="0" hai0="9,69,18,72,125,79,132,36,114,109,82,2,124" hai1="73,96,68,31,113,17,112,45,105,89,48,35,47" hai2="78,53,13,30,100,121,52,54,27,75,7,23,16" hai3="42,0,26,49,65,106,111,81,77,85,135,95,63"/><T12/><D69/><U94/><E73/><V6/><F121/><W57/><G106/><T118/><D118/><U97/><E68/><V107/><F75/><W34/><G111/><T11/><D132/><U102/><E17/><V14/><F78/><W93/><G135/><T29/><D29/><U86/><E97/><V119/><F119/><W59/><G0/><T50/><D50/><U87/><E86/><V5/><REACH who="2" step="1"/><F30/><REACH who="2" ten="250,250,240,250" step="2"/><W131/><G131/><T84/><D109/><U133/><E133/><V122/><F122/><W39/><G39/><T92/><D36/><U15/><E48/><V10/><F10/><W101/><G49/><T43/><D9/><U40/><E40/><V130/><F130/><W91/><G42/><T46/><D43/><U90/><E31/><V41/><F41/><W83/><G34/><T80/><D72/><U4/><E35/><V66/><F66/><W44/><G44/><T98/><D46/><U115/><E90/><V1/><F1/><W56/><G101/><N who="0" m="60615" /><D2/><U104/><E104/><V60/><F60/><W8/><G8/><AGARI ba="0,1" hai="4,8,15,45,47,87,89,94,96,102,105,112,113,115" machi="8" ten="40,8000,1" yaku="11,1,52,3" doraHai="110" who="1" fromWho="3" sc="250,0,250,90,240,0,250,-80" /><INIT seed="1,0,0,2,1,80" ten="250,340,240,170" oya="1" hai0="102,94,131,83,4,0,7,103,51,134,99,74,58" hai1="45,10,57,15,29,92,70,129,112,133,95,111,28" hai2="23,54,65,60,5,33,90,123,114,64,93,59,130" hai3="67,40,127,117,63,91,108,36,132,119,116,44,101"/><U85/><E70/><V97/><F123/><W106/><G101/><T43/><D131/><U17/><E112/><V77/><F33/><W8/><G106/><T50/><D134/><U62/><E129/><V55/><F130/><W16/><G132/><T105/><D105/><U128/><E133/><V31/><F77/><W34/><G34/><T39/><D39/><U27/><E128/><V75/><F75/><W71/><G91/><T37/><D37/><U11/><E11/><V82/><F114/><W78/><G78/><T66/><D0/><U20/><E111/><V35/><F35/><W42/><G108/><T24/><D24/><U126/><E45/><V104/><F104/><W73/><G73/><T110/><D110/><U120/><E126/><V18/><F5/><N who="0" m="2122" /><D74/><U14/><E14/><N who="2" m="9687" /><F31/><W76/><G76/><T96/><D43/><U25/><E25/><V72/><F72/><W68/><G127/><T38/><D38/><U3/><E3/><V124/><F124/><W1/><G42/><T61/><D83/><U115/><E29/><V19/><F82/><W52/><G68/><T100/><D99/><U89/><E120/><V22/><F65/><W12/><REACH who="3" step="1"/><G52/><REACH who="3" ten="250,340,240,160" step="2"/><T87/><D96/><U84/><E115/><V98/><F97/><W41/><G41/><T46/><D46/><U88/><E57/><V47/><F47/><W109/><G109/><T113/><D113/><U21/><E62/><V118/><F118/><W13/><G13/><AGARI ba="0,1" hai="13,19,22,54,55,59,60,64,90,93,98" m="9687" machi="13" ten="30,1000,0" yaku="8,1" doraHai="80" who="2" fromWho="3" sc="250,0,340,0,240,20,160,-10" /><INIT seed="2,0,0,3,4,18" ten="250,340,260,150" oya="2" hai0="20,52,38,59,108,94,104,132,85,50,6,101,107" hai1="48,77,87,67,121,68,25,112,51,122,97,41,15" hai2="21,70,126,82,12,90,86,110,88,95,22,109,26" hai3="124,28,34,19,63,55,100,125,111,96,72,47,49"/><V127/><F70/><W79/><G111/><N who="2" m="42505" /><F12/><W65/><G79/><T134/><D38/><U66/><E112/><V62/><F62/><W60/><G72/><T17/><D6/><U35/><E15/><V131/><F131/><W115/><G115/><T135/><D108/><U93/><E68/><V29/><F22/><W106/><G28/><T74/><D74/><U42/><E67/><V81/><F81/><W44/><G34/><T129/><D129/><U119/><E66/><V103/><F103/><W71/><G60/><T5/><D5/><U91/><E51/><V73/><F73/><W102/><G102/><T80/><D94/><U39/><E48/><V78/><F78/><W53/><G44/><T2/><D2/><U7/><E77/><V36/><F36/><W105/><G105/><T92/><D92/><U69/><E69/><V123/><F123/><W99/><G99/><AGARI ba="0,0" hai="21,26,29,82,86,88,90,95,99,126,127" m="42505" machi="99" ten="30,11600,0" yaku="14,1,10,1,52,1,54,1" doraHai="18" who="2" fromWho="3" sc="250,0,340,0,260,116,150,-116" /><INIT seed="2,1,0,4,2,95" ten="250,340,376,34" oya="2" hai0="61,30,78,135,39,130,36,107,59,83,87,19,129" hai1="52,58,113,4,126,54,115,132,85,93,34,56,20" hai2="37,118,110,29,66,25,90,98,12,24,50,105,128" hai3="116,103,123,41,120,38,0,43,53,40,134,49,16"/><V79/><F118/><W27/><G103/><T109/><D109/><U127/><E34/><V51/><F37/><W75/><G75/><T31/><D107/><U119/><E4/><V81/><F128/><N who="0" m="49258" /><D135/><U26/><E119/><V89/><F110/><W96/><G116/><T131/><N who="0" m="49266" /><T65/><DORA hai="73" /><D19/><U32/><E32/><V101/><F25/><W102/><G0/><T84/><D84/><U17/><E132/><V62/><F12/><W70/><G134/><T18/><D18/><U15/><E26/><V55/><F50/><W60/><G38/><AGARI ba="1,0" hai="30,31,36,38,39,59,61,65,78,83,87" m="49266" machi="38" ten="40,2600,0" yaku="19,1,52,1" doraHai="95,73" who="0" fromWho="3" sc="250,29,340,0,376,0,34,-29" /><INIT seed="3,0,0,0,2,53" ten="279,340,376,5" oya="3" hai0="38,6,31,70,52,110,102,43,44,122,83,32,28" hai1="75,125,93,129,119,21,123,76,35,120,78,26,80" hai2="42,72,11,98,54,4,50,130,73,133,56,2,36" hai3="101,48,3,82,65,95,115,135,94,40,106,47,39"/><W74/><G115/><T34/><D122/><U64/><E35/><V111/><F111/><W113/><G113/><T19/><D110/><U0/><E0/><V58/><F133/><W22/><G135/><T67/><D6/><U16/><E129/><V124/><F130/><W29/><G3/><T69/><D102/><U100/><E125/><V121/><F124/><W103/><G106/><T114/><D114/><U15/><E119/><V33/><F33/><W92/><G39/><T118/><D118/><U8/><E78/><V107/><F121/><W60/><G74/><T17/><D83/><U68/><E64/><V55/><F42/><W37/><G37/><T25/><D67/><U13/><E68/><V14/><F36/><W5/><G5/><T84/><D84/><U77/><E77/><V20/><F20/><W127/><G82/><T117/><D117/><U59/><E59/><V90/><F2/><W99/><G127/><T86/><D86/><U79/><E79/><V97/><F107/><W18/><G103/><T12/><D19/><U41/><E41/><V62/><F98/><W63/><G63/><T71/><D31/><U51/><E51/><V24/><F24/><N who="3" m="16535" /><G18/><T9/><D34/><U112/><E112/><V81/><F97/><W66/><G66/><T30/><D30/><N who="1" m="17743" /><E15/><V45/><F45/><W23/><G23/><T87/><D87/><U116/><E116/><V105/><F105/><W89/><G101/><T10/><D10/><U88/><E100/><V61/><F62/><W126/><G126/><T49/><D38/><U27/><E27/><V128/><F128/><RYUUKYOKU ba="0,0" sc="279,0,340,0,376,0,5,0" hai0="9,12,17,25,28,32,43,44,49,52,69,70,71" hai1="8,13,16,75,76,80,88,93,120,123" hai2="4,11,14,50,54,55,56,58,61,72,73,81,90" hai3="40,47,48,60,65,89,92,94,95,99" /><INIT seed="3,1,0,4,2,117" ten="279,340,376,5" oya="3" hai0="67,88,10,7,38,79,71,26,9,114,75,124,21" hai1="69,57,112,126,30,0,63,133,85,132,27,96,121" hai2="123,41,97,15,106,53,116,120,24,111,29,113,2" hai3="103,31,61,4,13,40,105,104,59,72,34,118,119"/><W3/><G40/><T49/><D38/><U78/><E0/><V100/><F116/><N who="3" m="44587" /><G59/><T107/><D107/><N who="3" m="41033" /><G103/><T37/><D37/><U58/><E96/><V23/><F111/><W134/><G61/><T73/><D124/><U28/><E112/><V77/><F113/><W76/><G13/><T70/><D114/><U44/><E44/><V8/><F2/><W135/><G4/><T127/><D127/><U81/><E126/><V25/><F41/><W68/><G3/><T109/><D109/><U130/><E130/><V12/><F77/><W98/><G98/><T80/><D75/><U18/><E18/><N who="2" m="12407" /><F53/><W32/><G68/><T110/><D110/><U66/><E30/><V122/><F8/><W51/><G51/><T128/><D128/><U1/><E1/><V6/><F6/><W92/><G92/><T101/><D101/><U33/><E58/><V94/><F94/><W93/><G93/><T11/><D49/><U55/><E55/><V90/><F90/><W20/><G20/><AGARI ba="1,0" hai="12,15,20,25,29,97,100,106,120,122,123" m="12407" machi="20" ten="30,7700,0" yaku="13,1,52,3" doraHai="117" who="2" fromWho="3" sc="279,0,340,0,376,80,5,-80" owari="279,-12.0,340,14.0,456,56.0,-75,-58.0" /></mjloggm>