<mjloggm ver="2.3"><GO type="169" lobby="0"/><UN n0="%E3%83%8D%E3%83%BC%E3%83%A0%E3%83%AC%E3%82%B9%EF%BC%97" n1="%EF%BC%B7%EF%BD%81%EF%BD%8C%EF%BD%8C%EF%BD%99" n2="%79%6F%6A%6F" n3="%E5%B0%B1%E6%B4%BB%E7%94%9F%40%E5%B7%9D%E6%9D%91%E8%BB%8D%E5%9B%A3" dan="17,17,18,18" rate="2195.82,2176.31,2221.12,2315.84" sx="M,M,F,M"/><TAIKYOKU oya="0"/><INIT seed="0,0,0,0,3,37" ten="250,250,250,250" oya="0" hai0="93,71,57,118,36,17,42,104,125,52,1,21,77" hai1="98,55,80,15,59,102,103,84,79,26,50,99,51" hai2="32,86,49,94,44,46,83,54,131,6,72,111,114" hai3="132,29,62,119,134,85,96,63,78,73,68,35,128"/><T2/><D104/><U56/><E26/><V109/><F114/><W127/><G73/><T12/><D118/><U33/><E33/><V66/><F32/><W11/><G119/><T101/><D125/><U18/><E56/><V14/><F66/><W87/><G127/><T124/><D124/><U89/><E51/><V8/><F131/><W23/><G35/><T34/><D34/><U105/><E89/><V91/><F72/><W13/><G96/><T108/><D71/><U116/><E116/><V30/><F30/><W0/><G0/><T69/><D69/><U19/><REACH who="1" step="1"/><E15/><REACH who="1" ten="250,240,250,250" step="2"/><V40/><REACH who="2" step="1"/><F83/><REACH who="2" ten="250,240,240,250" step="2"/><W74/><G128/><T75/><D108/><U76/><E76/><V31/><F31/><W45/><G29/><T22/><D77/><U9/><E9/><V117/><F117/><W61/><G78/><T4/><D22/><U27/><E27/><V82/><F82/><W65/><G23/><T97/><D21/><U3/><E3/><V100/><F100/><W43/><G11/><T122/><D1/><U5/><E5/><V130/><F130/><W113/><G113/><T67/><D2/><U135/><E135/><V25/><F25/><W121/><G132/><T60/><D4/><U110/><E110/><V47/><F47/><W133/><G134/><T28/><D101/><U7/><E7/><V41/><F41/><W123/><G133/><T20/><D42/><U120/><E120/><V92/><F92/><AGARI ba="0,2" hai="18,19,50,55,59,79,80,84,92,98,99,102,103,105" machi="92" ten="30,2000,0" yaku="1,1,7,1,53,0" doraHai="37" doraHaiUra="10" who="1" fromWho="2" sc="250,0,240,40,240,-20,250,0" /><INIT seed="1,0,0,3,5,63" ten="250,280,220,250" oya="1" hai0="54,127,74,64,0,75,68,126,124,37,95,92,80" hai1="47,94,36,78,13,98,110,90,52,26,9,120,118" hai2="128,105,30,42,79,86,32,50,22,107,100,130,101" hai3="28,53,88,31,45,69,77,49,119,17,55,134,19"/><U109/><E118/><V6/><F32/><W8/><G119/><T57/><D0/><U2/><E120/><V40/><F6/><W24/><G69/><T41/><D41/><N who="2" m="15978" /><F50/><W59/><G134/><T114/><D37/><U67/><E2/><V132/><F132/><W93/><G77/><N who="0" m="44087" /><D75/><U76/><E26/><V5/><F5/><W33/><G31/><T84/><D114/><U117/><E36/><V27/><F86/><W70/><G70/><T35/><D35/><U89/><E89/><V122/><F79/><W115/><G8/><T102/><D102/><N who="2" m="39530" /><F122/><W23/><G33/><T83/><D68/><U29/><E29/><V61/><F61/><N who="3" m="36079" /><G115/><T21/><D83/><U58/><E117/><V46/><F46/><W14/><G14/><T123/><D123/><U99/><E99/><AGARI ba="0,0" hai="17,19,23,24,28,45,49,55,88,93,99" m="36079" machi="99" ten="30,2000,0" yaku="8,1,54,1" doraHai="63" who="3" fromWho="1" sc="250,0,280,-20,220,0,250,20" /><INIT seed="2,0,0,4,4,114" ten="250,260,220,270" oya="2" hai0="97,25,39,98,50,18,10,89,127,96,71,42,14" hai1="131,80,124,49,99,123,74,108,38,110,72,61,0" hai2="69,30,118,62,67,3,53,81,75,70,31,83,95" hai3="88,100,43,84,19,60,52,125,59,86,133,120,132"/><V32/><F3/><W119/><G120/><T66/><D39/><U102/><E0/><V13/><F70/><W63/><G125/><T45/><D127/><U35/><E35/><V15/><F118/><W55/><G119/><T16/><D71/><U112/><E38/><V54/><F95/><W134/><G100/><T116/><D116/><U130/><E49/><V47/><F47/><W103/><G103/><T56/><D89/><U76/><E61/><V121/><F121/><W28/><G28/><T41/><D41/><U73/><E112/><V87/><F75/><N who="1" m="28745" /><E123/><V57/><F81/><W104/><G104/><T122/><D122/><U22/><E22/><V6/><F32/><W12/><G43/><T34/><D34/><U37/><E37/><V21/><F69/><W113/><G113/><T40/><D40/><U1/><E1/><V128/><F128/><N who="1" m="49193" /><E124/><V9/><F15/><W20/><G86/><T117/><D117/><U126/><E126/><V64/><F53/><N who="3" m="20555" /><G59/><T78/><D78/><U129/><N who="1" m="49201" /><U90/><DORA hai="68" /><E90/><N who="2" m="51583" /><F21/><W26/><G12/><T8/><D25/><U77/><E77/><V27/><F27/><W115/><G115/><T51/><D51/><U29/><E29/><AGARI ba="0,0" hai="6,9,13,29,30,31,54,57,62,64,67" m="51583" machi="29" ten="30,1500,0" yaku="8,1" doraHai="114,68" who="2" fromWho="1" sc="250,0,260,-15,220,15,270,0" /><INIT seed="2,1,0,2,2,106" ten="250,245,235,270" oya="2" hai0="19,84,127,98,45,62,105,32,90,75,78,68,31" hai1="110,15,93,80,109,29,73,6,14,115,33,125,121" hai2="10,27,42,7,48,94,39,11,8,76,9,113,13" hai3="52,63,86,25,5,119,57,22,128,134,103,59,91"/><V107/><F107/><W28/><G119/><T66/><D127/><U40/><E40/><V132/><F113/><W50/><G128/><T89/><D75/><U129/><E115/><V104/><F104/><W36/><G134/><T92/><D78/><N who="1" m="44111" /><E6/><V131/><F131/><W65/><G36/><T69/><D105/><U16/><E129/><V53/><F132/><W122/><G122/><T21/><D68/><U47/><E15/><V54/><F76/><W43/><G103/><T55/><D31/><U96/><E47/><V46/><F39/><W20/><G5/><T70/><D32/><U101/><E29/><V83/><F83/><W34/><REACH who="3" step="1"/><G43/><REACH who="3" ten="250,245,235,260" step="2"/><T79/><D70/><U77/><E121/><V100/><REACH who="2" step="1"/><F27/><REACH who="2" ten="250,245,225,260" step="2"/><W99/><G99/><AGARI ba="1,2" hai="7,8,9,10,11,13,42,46,48,53,54,94,99,100" machi="99" ten="40,7700,0" yaku="1,1,2,1,8,1,53,0" doraHai="106" doraHaiUra="85" who="2" fromWho="3" sc="250,0,245,0,225,100,260,-80" /><INIT seed="2,2,0,3,2,95" ten="250,245,325,180" oya="2" hai0="105,30,43,132,35,104,39,81,52,103,21,109,27" hai1="29,110,102,97,64,33,59,7,32,47,133,63,112" hai2="135,119,26,70,93,38,96,77,118,107,4,42,74" hai3="88,40,91,6,24,76,25,75,60,125,100,36,9"/><V62/><F93/><W114/><G125/><T111/><D132/><U84/><E112/><V117/><F4/><W46/><G114/><T71/><D71/><U121/><E133/><V129/><F26/><W48/><G100/><T120/><D120/><U82/><E121/><V87/><F87/><W49/><G60/><T8/><D43/><U17/><E7/><V2/><F2/><W124/><G124/><T98/><D39/><U31/><E110/><N who="0" m="41993" /><D105/><U90/><E17/><V131/><F135/><W113/><G113/><T11/><D81/><U5/><E5/><V85/><F85/><W44/><G25/><N who="0" m="18895" /><D52/><U78/><E47/><N who="2" m="24023" /><F62/><W28/><G76/><T12/><D12/><U68/><E68/><V58/><F58/><W130/><G75/><T89/><D89/><U134/><E134/><V51/><F51/><W19/><G130/><N who="2" m="49673" /><F70/><W65/><G65/><T54/><D54/><U22/><E90/><V57/><F57/><W108/><G108/><T0/><D0/><U23/><E32/><V123/><F123/><W73/><G73/><T15/><D15/><U16/><E33/><V55/><F55/><N who="3" m="30087" /><G36/><T83/><D83/><U10/><E29/><AGARI ba="2,0" hai="8,11,21,27,29,98,103,104" m="18895,41993" machi="29" ten="30,2000,0" yaku="14,1,52,1" doraHai="95" who="0" fromWho="1" sc="250,26,245,-26,325,0,180,0" /><INIT seed="3,0,0,2,2,131" ten="276,219,325,180" oya="3" hai0="71,45,66,59,30,96,13,98,103,128,20,132,134" hai1="57,73,72,110,108,91,31,88,51,102,18,82,133" hai2="28,11,48,32,116,123,44,56,94,83,126,53,47" hai3="29,113,35,81,109,63,80,23,26,92,24,130,10"/><W58/><G113/><T99/><D71/><U101/><E31/><V65/><F116/><W46/><G130/><T97/><D128/><U67/><E18/><V121/><F126/><W14/><G109/><N who="1" m="42090" /><E67/><V69/><F83/><W105/><G105/><T112/><D112/><U36/><E36/><V76/><F76/><W25/><G46/><T55/><D66/><U68/><E68/><V90/><F11/><W37/><G37/><T111/><D45/><U38/><E38/><V86/><F28/><W129/><G92/><T135/><D111/><U12/><E12/><V0/><F0/><W61/><G61/><N who="0" m="36095" /><D13/><U5/><E5/><V118/><F32/><W2/><G2/><T79/><D79/><N who="1" m="44391" /><E73/><V85/><F118/><W43/><G43/><T39/><D39/><U3/><E3/><V117/><F117/><W115/><G115/><T95/><D20/><U104/><E133/><V54/><F65/><N who="3" m="39159" /><G35/><T77/><D77/><U42/><E42/><V15/><F47/><W16/><G129/><T41/><D41/><U60/><E104/><V34/><F44/><W75/><G75/><T40/><D40/><U74/><E60/><V120/><F34/><W122/><G122/><T124/><D30/><U27/><E74/><V33/><F33/><W64/><G64/><T19/><D19/><U8/><E57/><V107/><F107/><W89/><G89/><N who="1" m="34378" /><E51/><V62/><F69/><W100/><G100/><N who="1" m="38506" /><E27/><AGARI ba="0,0" hai="10,14,16,23,24,25,26,27,29,80,81" m="39159" machi="27" ten="30,2900,0" yaku="8,1,54,1" doraHai="131" who="3" fromWho="1" sc="276,0,219,-29,325,0,180,29" /><INIT seed="3,1,0,3,4,13" ten="276,190,325,209" oya="3" hai0="84,18,4,96,64,106,23,50,85,12,111,33,24" hai1="116,57,59,21,124,20,22,126,91,7,3,78,72" hai2="32,71,88,97,52,48,101,73,120,107,108,89,122" hai3="29,99,114,10,46,49,15,94,19,39,58,86,77"/><W87/><G114/><T83/><D111/><U115/><E115/><V135/><F108/><W134/><G134/><T6/><D64/><U40/><E40/><V90/><F32/><W65/><G29/><T82/><D106/><U44/><E44/><V100/><F100/><W14/><G39/><T51/><D96/><U11/><E116/><V66/><F73/><W69/><G69/><T131/><D131/><U17/><E91/><V42/><F42/><W30/><G30/><T104/><D104/><U68/><E68/><V61/><REACH who="2" step="1"/><F135/><REACH who="2" ten="276,190,315,209" step="2"/><W102/><G77/><N who="0" m="46159" /><D33/><U27/><E78/><V121/><F121/><W34/><G34/><T0/><D0/><U109/><E72/><V41/><F41/><N who="3" m="24783" /><G15/><T16/><D4/><U95/><E109/><V63/><F63/><AGARI ba="1,1" hai="10,14,19,58,63,65,86,87,94,99,102" m="24783" machi="63" ten="30,2900,0" yaku="8,1,52,1" doraHai="13" who="3" fromWho="2" sc="276,0,190,0,315,-32,209,42" /><INIT seed="3,2,0,2,2,134" ten="276,190,283,251" oya="3" hai0="35,131,115,72,122,18,128,17,41,6,44,66,123" hai1="46,39,16,110,48,36,53,108,93,4,19,12,52" hai2="94,107,64,34,85,81,129,125,120,59,23,10,47" hai3="105,28,132,88,30,51,102,31,121,133,124,24,62"/><W58/><G121/><N who="0" m="46091" /><D72/><U61/><E93/><V7/><F129/><N who="0" m="49738" /><D66/><U92/><E92/><V99/><F34/><W116/><G116/><T11/><D44/><U45/><E4/><V106/><F47/><W49/><G105/><T21/><D41/><U40/><E61/><V100/><F23/><W103/><G24/><N who="0" m="14383" /><D35/><U114/><E114/><V14/><F64/><W84/><G51/><T76/><D76/><U119/><E119/><V1/><F59/><W83/><G49/><T98/><D98/><U60/><E60/><V89/><F107/><W25/><G25/><T55/><D55/><U130/><E130/><V77/><F77/><W50/><G50/><T56/><D56/><U97/><E97/><V68/><F68/><W96/><G58/><T2/><D18/><U112/><E112/><AGARI ba="2,0" hai="2,6,11,112,115" m="14383,49738,46091" machi="112" ten="40,5200,0" yaku="19,1,34,2" doraHai="134" who="0" fromWho="1" sc="276,58,190,-58,283,0,251,0" /><INIT seed="4,0,0,0,0,91" ten="334,132,283,251" oya="0" hai0="90,99,121,127,78,87,77,110,53,25,38,68,82" hai1="124,61,41,115,29,45,35,81,7,126,122,116,123" hai2="69,60,120,19,50,9,84,86,10,27,20,11,93" hai3="1,65,30,16,88,64,5,66,4,23,80,117,49"/><T75/><D121/><N who="1" m="46091" /><E7/><V111/><F111/><W17/><G117/><T95/><D127/><N who="1" m="48683" /><E29/><V70/><F120/><W103/><G103/><T97/><D110/><U21/><E21/><V79/><F60/><W3/><G49/><T63/><D38/><N who="1" m="21687" /><E35/><V8/><F8/><W125/><G125/><T56/><D68/><U104/><E81/><V22/><F69/><W15/><G30/><T74/><D25/><U13/><E104/><V2/><F70/><W34/><G34/><T59/><D77/><U130/><E13/><V92/><F2/><W43/><G43/><T37/><D75/><U129/><E116/><V55/><F20/><N who="3" m="11295" /><G3/><T119/><D119/><U118/><E118/><V6/><F6/><W54/><G54/><T58/><REACH who="0" step="1"/><D37/><REACH who="0" ten="324,132,283,251" step="2"/><U133/><E133/><V39/><F79/><W28/><G1/><T31/><D31/><U112/><E61/><V18/><F39/><W108/><G28/><T98/><AGARI ba="0,1" hai="53,56,58,59,63,74,78,82,87,90,95,97,98,99" machi="98" ten="30,11700,0" yaku="1,1,0,1,52,1,53,1" doraHai="91" doraHaiUra="51" who="0" fromWho="0" sc="324,127,132,-39,283,-39,251,-39" /><INIT seed="4,1,0,4,1,27" ten="451,93,244,212" oya="0" hai0="65,64,115,25,98,119,71,4,81,127,110,78,56" hai1="31,9,66,42,113,40,123,53,79,100,86,70,39" hai2="32,108,57,112,21,95,37,107,102,129,109,118,135" hai3="48,20,87,132,106,58,34,72,124,59,101,24,90"/><T17/><D119/><U3/><E3/><V91/><F37/><W15/><G72/><T116/><D116/><U43/><E123/><V67/><F32/><W13/><G34/><T69/><D4/><U1/><E39/><V77/><F112/><W128/><G128/><T29/><D17/><U14/><E113/><V36/><F36/><W93/><G124/><T8/><D8/><U60/><E1/><V18/><F135/><W19/><G132/><T49/><D115/><U33/><E100/><V99/><F129/><W88/><G106/><T83/><D98/><U105/><E105/><V10/><F10/><W28/><G28/><T52/><BYE who="3" /><D83/><U74/><E74/><UN n3="%E5%B0%B1%E6%B4%BB%E7%94%9F%40%E5%B7%9D%E6%9D%91%E8%BB%8D%E5%9B%A3" /><V121/><F77/><W94/><G101/><T50/><D50/><U54/><E86/><V11/><F11/><W120/><G120/><T92/><D92/><U22/><E33/><V41/><F41/><W0/><G0/><T44/><D44/><U76/><E76/><V133/><F133/><W30/><G48/><T96/><D96/><U51/><E79/><V63/><F118/><W111/><G111/><T5/><D5/><U62/><E62/><V89/><F121/><W82/><G82/><T103/><D103/><U73/><E73/><V45/><F45/><W125/><G125/><T97/><D97/><U134/><E134/><V38/><F38/><W122/><G122/><T12/><D12/><N who="3" m="4681" /><G19/><T55/><D110/><N who="2" m="42602" /><F107/><W35/><G35/><N who="0" m="20911" /><D127/><U84/><E84/><AGARI ba="1,0" hai="20,24,30,58,59,84,87,88,90,93,94" m="4681" machi="84" ten="30,3900,0" yaku="8,1,52,1,54,1" doraHai="27" who="3" fromWho="1" sc="451,0,93,-42,244,0,212,42" /><INIT seed="5,0,0,3,1,14" ten="451,51,244,254" oya="1" hai0="110,2,58,37,94,1,33,73,20,18,83,41,54" hai1="100,15,93,40,61,59,88,129,11,66,8,82,114" hai2="70,16,80,4,12,56,133,113,134,115,9,30,71" hai3="123,64,65,96,132,125,106,121,111,6,5,57,85"/><U43/><E114/><N who="2" m="43531" /><F30/><W44/><G111/><T77/><D110/><U119/><E129/><V46/><F56/><W23/><G125/><T50/><D33/><U39/><E39/><V90/><F46/><W13/><G132/><N who="2" m="50793" /><F4/><W109/><G109/><T107/><D107/><U95/><E119/><V47/><F47/><W76/><G96/><T78/><D78/><U74/><E11/><V131/><F131/><W53/><G106/><T72/><D72/><U60/><E60/><V17/><F17/><N who="3" m="10671" /><G44/><T25/><D41/><N who="1" m="15947" /><E100/><V48/><F48/><N who="3" m="30887" /><G123/><T32/><D37/><U21/><E21/><V102/><F102/><W130/><G130/><T87/><D32/><U31/><E74/><V98/><F98/><W101/><G101/><T29/><D29/><U89/><E31/><V120/><F120/><W34/><G34/><T24/><D24/><U22/><E22/><V118/><F118/><W79/><G121/><T128/><D128/><U86/><E89/><V127/><F127/><W122/><G122/><T51/><D51/><U97/><E97/><V92/><F92/><W75/><G75/><T117/><D117/><U105/><E105/><V19/><F19/><AGARI ba="0,0" hai="8,15,19,59,61,66,82,86,88,93,95" m="15947" machi="19" ten="30,5800,0" yaku="8,1,52,1,54,1" doraHai="14" who="1" fromWho="2" sc="451,0,51,58,244,-58,254,0" /><INIT seed="5,1,0,2,2,16" ten="451,109,186,254" oya="1" hai0="14,119,102,4,48,67,98,70,73,40,97,51,114" hai1="81,105,133,87,42,2,5,110,100,90,74,125,36" hai2="22,45,71,106,58,55,64,39,1,6,27,17,112" hai3="56,33,50,88,107,120,121,25,104,93,129,116,7"/><U28/><E110/><V132/><F106/><W92/><G7/><T53/><D73/><U79/><E28/><V109/><F109/><W57/><G129/><T77/><D77/><U94/><E125/><V44/><F132/><W3/><G3/><T20/><D119/><U38/><E133/><V80/><F64/><W69/><G69/><T89/><D114/><U18/><E42/><V113/><F71/><W49/><G25/><T108/><D108/><U46/><E46/><V127/><F127/><W54/><G33/><T117/><D40/><U60/><E60/><V9/><F80/><W11/><G11/><N who="0" m="4455" /><D70/><U91/><E91/><V10/><F10/><W82/><G82/><T128/><D67/><U134/><E134/><V0/><F0/><W96/><G116/><T61/><D102/><U8/><REACH who="1" step="1"/><E18/><REACH who="1" ten="451,99,186,254" step="2"/><V37/><F44/><W12/><G88/><T32/><D89/><U63/><E63/><N who="2" m="36319" /><F45/><W83/><G83/><T115/><D61/><U13/><E13/><V35/><F35/><W131/><G131/><T135/><D32/><U126/><E126/><V24/><F24/><W59/><G120/><T29/><D135/><U21/><E21/><V47/><F47/><W130/><G121/><T65/><D128/><U19/><E19/><V30/><F17/><W122/><G122/><T31/><D31/><U118/><E118/><V23/><F23/><W68/><G130/><T76/><D20/><U52/><E52/><V41/><F41/><W103/><G54/><T123/><D29/><U101/><E101/><V62/><F62/><W85/><G103/><T84/><D53/><RYUUKYOKU ba="1,1" sc="451,-15,99,15,186,15,254,-15" hai1="2,5,8,36,38,74,79,81,87,90,94,100,105" hai2="1,6,9,22,27,30,37,39,112,113" /><INIT seed="5,2,1,0,5,84" ten="436,114,201,239" oya="1" hai0="98,87,132,66,108,53,76,113,131,71,72,24,86" hai1="20,70,88,123,111,46,95,27,11,12,124,37,128" hai2="30,45,49,81,5,40,59,117,126,112,120,0,135" hai3="54,44,114,62,35,56,29,25,32,102,97,63,8"/><U51/><E123/><V39/><F120/><W101/><G114/><T78/><D108/><U34/><E111/><V38/><F117/><W103/><G35/><T69/><D66/><U47/><E70/><V94/><F30/><W60/><G44/><T18/><D53/><U75/><E75/><V125/><F135/><W115/><G115/><T90/><D24/><U61/><E34/><V21/><F21/><W116/><G116/><T74/><D18/><U48/><E61/><V100/><F81/><W130/><G130/><T3/><D3/><U92/><E92/><V31/><F31/><W80/><G80/><N who="0" m="49511" /><D71/><U43/><E128/><V134/><F134/><W16/><G97/><T64/><D64/><U28/><E124/><N who="2" m="47723" /><F59/><W10/><REACH who="3" step="1"/><G16/><REACH who="3" ten="436,114,201,229" step="2"/><T23/><D98/><N who="1" m="57703" /><E37/><V104/><F39/><W73/><G73/><T65/><D72/><U22/><E22/><V9/><F38/><W82/><G82/><T33/><D74/><U121/><E121/><V14/><F112/><W57/><G57/><T13/><D33/><U19/><E48/><AGARI ba="2,2" hai="8,10,25,29,32,48,54,56,60,62,63,101,102,103" machi="48" ten="40,1300,0" yaku="1,1,53,0" doraHai="84" doraHaiUra="118" who="3" fromWho="1" sc="436,0,114,-19,201,0,229,39" /><INIT seed="6,0,0,3,1,105" ten="436,95,201,268" oya="2" hai0="28,78,23,58,72,6,133,3,40,97,31,69,109" hai1="103,129,26,122,43,110,34,101,56,61,114,127,65" hai2="25,77,32,48,125,135,39,117,76,107,13,41,79" hai3="100,126,62,134,124,20,86,47,5,116,24,66,46"/><V81/><F117/><W10/><G134/><T19/><D69/><U67/><E110/><V33/><F107/><W22/><G100/><T17/><D109/><U95/><E122/><V7/><F39/><W12/><G86/><T59/><D133/><U91/><E127/><N who="3" m="48682" /><G116/><T99/><D40/><U120/><E120/><V55/><F41/><W71/><G22/><T36/><D36/><U115/><E129/><V53/><F53/><W45/><G46/><T9/><D78/><U104/><E43/><V4/><F25/><W1/><G1/><T50/><D50/><U70/><E67/><V85/><F135/><W52/><G52/><T88/><D23/><U51/><E51/><V74/><F13/><W87/><G87/><T73/><D9/><U106/><E56/><V21/><F4/><W38/><G38/><T121/><D6/><U42/><E42/><V35/><F21/><W44/><G44/><T98/><D98/><U118/><E118/><V128/><F128/><W131/><G131/><T37/><D37/><U15/><E15/><V84/><F7/><W119/><G119/><T64/><D64/><U60/><E60/><V30/><F30/><AGARI ba="0,0" hai="5,10,12,20,24,30,45,47,62,66,71" m="48682" machi="30" ten="30,1000,0" yaku="18,1" doraHai="105" who="3" fromWho="2" sc="436,0,95,0,201,-10,268,10" /><INIT seed="7,0,0,3,2,126" ten="436,95,191,278" oya="3" hai0="6,23,29,48,127,2,103,55,79,117,51,8,54" hai1="98,46,89,108,93,116,42,22,101,129,100,125,131" hai2="19,87,39,86,44,34,95,81,91,57,107,13,36" hai3="99,67,58,53,25,118,102,121,76,31,1,88,82"/><W112/><G118/><T12/><D117/><U40/><E108/><V96/><F34/><W61/><G112/><T56/><D127/><U106/><E116/><V78/><F44/><W20/><G1/><T119/><D119/><U49/><E125/><V15/><F15/><W3/><G3/><T80/><D103/><U60/><E42/><V71/><F71/><W90/><G121/><T5/><D5/><U72/><E72/><V70/><F70/><W97/><G97/><T10/><D10/><U63/><E22/><V132/><F132/><W83/><G53/><T47/><D2/><U33/><E33/><V9/><F107/><W135/><G135/><T134/><D134/><U115/><E115/><V64/><F64/><W111/><G111/><T120/><D120/><U109/><E109/><V38/><F57/><W62/><G62/><T69/><D69/><U94/><E106/><V17/><F17/><W50/><G50/><T14/><D14/><U26/><E26/><V0/><F0/><W124/><G124/><T110/><D110/><U32/><E32/><V28/><F28/><W45/><G45/><T27/><D80/><U4/><E4/><V77/><F38/><W66/><G66/><T59/><D79/><U24/><E24/><V74/><F74/><W16/><G31/><T21/><D21/><U37/><E37/><V7/><F7/><W105/><G83/><AGARI ba="0,0" hai="9,13,19,36,39,77,78,81,83,86,87,91,95,96" machi="83" ten="40,1300,0" yaku="9,1" doraHai="126" who="2" fromWho="3" sc="436,0,95,0,191,13,278,-13" owari="436,53.0,95,-40.0,204,-20.0,265,7.0" /></mjloggm>