<mjloggm ver="2.3"><GO type="169" lobby="0"/><UN n0="%E3%82%B7%E3%82%A7%E3%83%95%E3%83%81%E3%83%A7%E3%82%B3" n1="%73%68%61%70%65%6C%65%72" n2="%E3%82%A6%E3%83%AB%E3%83%88%E3%83%A9%E7%AB%8B%E7%9B%B4" n3="%E7%B5%B6%E5%AF%BE%E4%B8%8D%E5%8F%AF%E4%BE%B5%E9%A0%98%E5%9F%9F" dan="16,17,17,17" rate="2140.47,2139.01,2223.66,2140.37" sx="M,M,M,M"/><TAIKYOKU oya="0"/><INIT seed="0,0,0,4,5,16" ten="250,250,250,250" oya="0" hai0="71,51,33,76,36,1,81,19,28,103,112,77,66" hai1="9,99,125,61,92,29,22,135,126,30,88,65,132" hai2="89,128,104,94,44,134,37,129,32,119,2,124,102" hai3="75,79,39,10,46,17,57,73,31,48,72,111,25"/><T5/><D112/><U130/><E9/><V38/><F2/><W3/><G111/><T117/><D51/><U43/><E43/><V55/><F32/><W85/><G85/><T93/><D93/><U42/><E42/><V127/><F119/><W41/><G57/><T86/><D76/><U90/><E90/><V0/><F0/><W20/><G48/><T53/><D53/><U7/><E7/><V123/><F123/><W78/><REACH who="3" step="1"/><G17/><REACH who="3" ten="250,250,250,240" step="2"/><T64/><D19/><U114/><E114/><V62/><F38/><W49/><G49/><T100/><D36/><U18/><E130/><V109/><F37/><W131/><G131/><T115/><D115/><U45/><E45/><V8/><F44/><W122/><G122/><T63/><D117/><U24/><E30/><V40/><F109/><W106/><G106/><T87/><D86/><U120/><E29/><V11/><F104/><W96/><G96/><T4/><D66/><U47/><E47/><V13/><F129/><W68/><G68/><T54/><D54/><U12/><E120/><V101/><F55/><W21/><G21/><T50/><D50/><U97/><E97/><V56/><F56/><W110/><G110/><T67/><D67/><U58/><REACH who="1" step="1"/><E24/><REACH who="1" ten="250,240,250,240" step="2"/><V60/><F128/><W6/><AGARI ba="0,2" hai="3,6,10,20,25,31,39,41,46,72,73,75,78,79" machi="6" ten="40,5200,0" yaku="1,1,0,1,52,1,53,0" doraHai="16" doraHaiUra="108" who="3" fromWho="3" sc="250,-26,240,-13,250,-13,240,72" /><INIT seed="1,0,0,3,1,15" ten="224,227,237,312" oya="1" hai0="108,7,32,62,111,17,39,29,135,78,3,60,31" hai1="103,49,12,83,61,119,36,38,54,133,13,28,80" hai2="70,98,33,110,64,72,134,53,89,117,76,118,97" hai3="75,18,58,92,71,56,104,130,128,10,14,126,40"/><U0/><E0/><V101/><F33/><W45/><G104/><T77/><D39/><U95/><E119/><V74/><F53/><W125/><G71/><T52/><D135/><U22/><E133/><V124/><F64/><W26/><G75/><T23/><D3/><U99/><E38/><V109/><F70/><W66/><G92/><T82/><D7/><U73/><E36/><V51/><F51/><N who="3" m="27047" /><G26/><N who="0" m="14703" /><D62/><U69/><E69/><V113/><F134/><W55/><G66/><T121/><D121/><U19/><E28/><N who="0" m="10825" /><D82/><U67/><E61/><V91/><F101/><W132/><G132/><T34/><D34/><U48/><E67/><V123/><F123/><W50/><G58/><N who="0" m="34887" /><D32/><U63/><E73/><V47/><F47/><W129/><AGARI ba="0,0" hai="10,14,18,50,55,56,125,126,128,129,130" m="27047" machi="129" ten="40,2700,0" yaku="19,1,52,1" doraHai="15" who="3" fromWho="3" sc="224,-7,227,-13,237,-7,312,27" /><INIT seed="2,0,0,5,4,76" ten="217,214,230,339" oya="2" hai0="124,110,106,31,38,126,100,36,21,92,98,102,35" hai1="61,50,10,25,77,59,37,51,135,114,63,52,19" hai2="115,13,67,42,83,27,22,128,1,40,99,20,11" hai3="26,6,9,123,74,117,64,71,132,108,47,68,75"/><V23/><F1/><N who="3" m="207" /><G117/><T131/><D35/><U0/><E37/><V46/><F115/><W133/><G123/><T125/><D110/><U85/><E114/><V57/><F128/><W41/><G108/><T2/><D2/><U34/><E135/><N who="3" m="51786" /><G26/><N who="0" m="16847" /><D131/><U127/><E127/><V73/><F99/><AGARI ba="0,0" hai="36,38,92,98,99,100,102,106,124,125,126" m="16847" machi="99" ten="30,1000,0" yaku="18,1" doraHai="76" who="0" fromWho="2" sc="217,10,214,0,230,-10,339,0" /><INIT seed="3,0,0,3,5,130" ten="227,214,220,339" oya="3" hai0="115,102,128,31,109,40,86,73,105,22,114,44,95" hai1="103,117,49,85,93,79,132,134,63,57,25,5,36" hai2="71,50,20,91,14,97,47,98,24,60,70,41,0" hai3="94,15,78,108,51,122,65,72,113,66,129,82,28"/><W92/><G113/><T30/><D73/><U80/><E36/><V83/><F0/><W87/><G122/><T16/><D128/><U107/><E107/><V90/><F14/><W131/><G28/><T33/><D105/><U2/><E117/><V77/><F98/><W64/><G129/><T123/><D123/><U19/><E2/><V110/><F110/><W69/><G131/><T124/><D109/><U111/><E5/><V116/><F116/><W11/><G108/><T61/><D124/><U13/><E49/><V112/><F112/><N who="0" m="43050" /><D61/><U8/><E25/><V75/><F60/><W54/><G69/><T88/><D102/><U119/><E119/><V39/><F39/><W43/><G43/><T89/><D89/><U58/><E111/><V21/><F21/><W96/><G72/><T38/><D33/><U133/><E63/><V23/><F23/><W46/><REACH who="3" step="1"/><G96/><AGARI ba="0,0" hai="8,13,19,57,58,79,80,85,93,96,103,132,133,134" machi="96" ten="40,8000,1" yaku="20,1,52,3" doraHai="130" who="1" fromWho="3" sc="227,0,214,80,220,0,339,-80" /><INIT seed="4,0,0,3,4,62" ten="227,294,220,259" oya="0" hai0="122,108,16,58,69,53,133,121,21,33,14,40,80" hai1="107,118,102,50,98,8,66,119,123,106,100,70,10" hai2="79,38,113,49,97,13,68,89,110,109,73,117,82" hai3="48,115,27,112,134,47,67,125,20,75,18,4,34"/><T60/><D133/><U6/><E123/><V54/><F38/><W77/><G134/><T2/><D108/><U46/><E10/><V96/><F113/><W44/><G34/><T24/><D40/><U65/><E70/><V26/><F68/><W135/><G135/><T81/><D2/><U92/><E118/><V64/><F64/><W31/><G67/><T51/><D69/><U17/><E17/><V90/><F117/><W23/><G4/><T37/><D37/><U15/><E119/><V5/><F26/><N who="3" m="14711" /><G48/><T114/><D114/><N who="3" m="43561" /><G125/><T22/><D33/><U120/><E120/><V9/><F97/><W83/><AGARI ba="0,0" hai="20,27,31,44,47,75,77,83" m="43561,14711" machi="83" ten="30,1100,0" yaku="15,1" doraHai="62" who="3" fromWho="3" sc="227,-5,294,-3,220,-3,259,11" /><INIT seed="5,0,0,1,0,132" ten="222,291,217,270" oya="1" hai0="0,71,9,47,42,101,57,128,15,119,61,116,125" hai1="69,39,134,70,3,49,32,118,40,98,43,76,23" hai2="26,84,117,88,123,58,38,17,80,11,48,44,5" hai3="50,1,79,24,56,82,29,108,19,7,130,107,46"/><U64/><E32/><V97/><F123/><W81/><G107/><T121/><D0/><U67/><E3/><V94/><F117/><W86/><G108/><T90/><D128/><U105/><E118/><V122/><F122/><W96/><G130/><T75/><D121/><U78/><E39/><V112/><F112/><W135/><G135/><T14/><D71/><U10/><E134/><V91/><F38/><W54/><G1/><T115/><D75/><U87/><E10/><V124/><F124/><W104/><G7/><T109/><D109/><U66/><E23/><V31/><F58/><W37/><G37/><T131/><D131/><U53/><E69/><V89/><F5/><W22/><G82/><T34/><D34/><U127/><E70/><V103/><F17/><W20/><G104/><T65/><D101/><U13/><E127/><V60/><F60/><W73/><G96/><T62/><D14/><U12/><E98/><V36/><F11/><W129/><G73/><T25/><D62/><U83/><E78/><V99/><F99/><W33/><G129/><T85/><D25/><U77/><E77/><V93/><F80/><W92/><G92/><N who="0" m="54351" /><D115/><U21/><E105/><V18/><F18/><W72/><G72/><T133/><D125/><U74/><E74/><V59/><F36/><W55/><G19/><N who="0" m="8687" /><D133/><U63/><E63/><AGARI ba="0,0" hai="20,22,24,29,33,46,50,54,55,56,63,79,81,86" machi="63" ten="30,1000,0" yaku="7,1" doraHai="132" who="3" fromWho="1" sc="222,0,291,-10,217,0,270,10" /><INIT seed="6,0,0,5,1,77" ten="222,281,217,280" oya="2" hai0="12,4,129,13,123,3,72,0,52,39,37,40,5" hai1="65,90,24,109,73,85,45,21,16,94,126,29,79" hai2="66,55,115,14,114,132,57,43,80,28,117,20,41" hai3="67,120,82,10,42,76,95,49,30,122,103,69,111"/><V23/><F117/><W110/><G30/><T7/><D123/><U106/><E106/><V83/><F66/><W54/><G42/><N who="2" m="15881" /><F132/><W89/><G10/><T135/><D135/><U6/><E109/><V68/><F68/><W84/><G69/><T116/><D116/><U98/><E126/><V32/><F32/><W108/><G67/><T1/><D129/><U47/><E73/><V105/><F105/><W74/><REACH who="3" step="1"/><G103/><REACH who="3" ten="222,281,217,270" step="2"/><T56/><D1/><U51/><E65/><V44/><F28/><W62/><G62/><T133/><D133/><U26/><E51/><V88/><F115/><W71/><G71/><T61/><D40/><U25/><E29/><V34/><F114/><W97/><G97/><T53/><D61/><U131/><E131/><V96/><F34/><W27/><G27/><N who="1" m="10314" /><E6/><V112/><F112/><W127/><G127/><T87/><D5/><U35/><E35/><V86/><F96/><W63/><G63/><T22/><D22/><U130/><E130/><V75/><F23/><W9/><G9/><T15/><D0/><U60/><E60/><N who="2" m="35903" /><F20/><W134/><G134/><T50/><D3/><U99/><E99/><V59/><F14/><W58/><AGARI ba="0,1" hai="49,54,58,74,76,82,84,89,95,108,110,111,120,122" machi="58" ten="30,4000,0" yaku="1,1,0,1,52,1,53,0" doraHai="77" doraHaiUra="100" who="3" fromWho="3" sc="222,-10,281,-10,217,-20,270,50" /><INIT seed="7,0,0,2,2,44" ten="212,271,197,320" oya="3" hai0="124,84,125,99,107,68,110,52,50,67,5,14,89" hai1="41,38,77,43,32,90,36,1,119,103,51,47,73" hai2="114,22,100,63,20,74,12,122,10,92,6,134,49" hai3="118,54,42,104,19,26,115,7,131,126,95,4,81"/><W117/><G104/><T130/><D110/><U35/><E1/><V28/><F74/><W15/><G42/><T91/><D130/><U17/><E119/><V40/><F122/><W0/><G81/><T21/><D67/><U113/><E113/><V25/><F114/><W31/><G115/><T132/><D132/><U58/><E103/><V57/><F134/><W78/><G78/><T33/><D33/><U8/><E73/><V13/><F22/><W121/><G95/><N who="0" m="54695" /><D68/><U34/><E77/><V88/><F100/><W83/><G83/><T79/><D79/><U45/><E90/><V86/><F40/><W61/><G61/><T76/><D76/><U39/><E58/><V133/><F133/><W53/><G53/><T37/><D37/><U102/><E102/><V16/><F49/><W101/><G54/><T127/><D107/><U87/><E87/><V27/><F28/><W93/><G101/><T59/><D5/><U2/><E2/><V24/><F24/><W111/><G111/><T55/><D55/><AGARI ba="0,0" hai="6,10,12,13,16,20,25,27,55,57,63,86,88,92" machi="55" ten="30,7700,0" yaku="7,1,8,1,54,2" doraHai="44" who="2" fromWho="0" sc="212,-77,271,0,197,77,320,0" owari="135,-36.0,271,-13.0,274,7.0,320,42.0" /></mjloggm>