<mjloggm ver="2.3"><GO type="169" lobby="0"/><UN n0="%6B%69%79%6F%6E%61%72%69" n1="%E5%B0%B1%E6%B4%BB%E7%94%9F%40%E5%B7%9D%E6%9D%91%E8%BB%8D%E5%9B%A3" n2="%E3%81%B2%E3%81%90%E3%81%A1" n3="%E3%82%AB%E3%83%84%E3%82%AA%E6%AD%A6%E5%A3%AB" dan="16,17,16,16" rate="2123.12,2158.40,2159.09,2044.80" sx="M,M,M,M"/><TAIKYOKU oya="0"/><INIT seed="0,0,0,2,5,72" ten="250,250,250,250" oya="0" hai0="56,98,16,53,119,64,128,58,103,131,100,20,7" hai1="60,90,36,111,11,28,87,86,54,31,134,127,109" hai2="13,29,69,46,48,120,113,2,34,10,76,99,26" hai3="14,33,77,45,81,41,4,115,92,94,8,42,130"/><T80/><D119/><U40/><E127/><V1/><F113/><W125/><G115/><T27/><D7/><U38/><E134/><V22/><F120/><W61/><G125/><T79/><D64/><U17/><BYE who="0" /><E11/><V39/><F69/><W12/><G33/><T15/><D15/><U117/><E17/><V106/><F39/><W110/><G110/><T118/><D118/><U51/><E117/><V74/><F106/><W107/><G107/><T43/><D43/><U89/><E40/><V70/><F70/><W108/><G108/><T135/><D135/><U52/><REACH who="1" step="1"/><E51/><REACH who="1" ten="250,240,250,250" step="2"/><V112/><F48/><W101/><G42/><T19/><D19/><U5/><E5/><V132/><F10/><W91/><G41/><T116/><D116/><U9/><E9/><V63/><F132/><W123/><G8/><T44/><D44/><U30/><E30/><V102/><F46/><W121/><G4/><T97/><D97/><U59/><E59/><V93/><F99/><W114/><G121/><T126/><D126/><U95/><E95/><V129/><F93/><W105/><G94/><T124/><D124/><U71/><E71/><V66/><F29/><W83/><G92/><T37/><D37/><U122/><E122/><V78/><F112/><W47/><G114/><T67/><D67/><U84/><E84/><V57/><F66/><W50/><G50/><T35/><D35/><U24/><E24/><V23/><F34/><W88/><G123/><T0/><D0/><U21/><E21/><V49/><F22/><W6/><G47/><T25/><D25/><U68/><E68/><RYUUKYOKU ba="0,1" sc="250,-10,240,30,250,-10,250,-10" hai1="28,31,36,38,52,54,60,86,87,89,90,109,111" /><INIT seed="1,1,1,4,3,82" ten="240,270,240,240" oya="1" hai0="80,17,75,127,27,100,73,117,8,45,97,131,29" hai1="66,123,92,19,125,14,60,49,112,71,1,113,42" hai2="11,40,79,32,62,108,35,93,48,70,7,61,56" hai3="6,55,25,124,58,106,86,114,122,77,81,52,101"/><U94/><E1/><V102/><F108/><W105/><G114/><T34/><D34/><U50/><E123/><V85/><F70/><W88/><G122/><T54/><D54/><U95/><E125/><V128/><F128/><W90/><G55/><T26/><D26/><U69/><E69/><V87/><F35/><W130/><G130/><T57/><D57/><U37/><E37/><V44/><F32/><W41/><G41/><T107/><D107/><U134/><E134/><V84/><F79/><W9/><G25/><T28/><D28/><U15/><E42/><V0/><REACH who="2" step="1"/><F56/><REACH who="2" ten="240,270,230,240" step="2"/><W22/><G124/><T72/><D72/><U21/><REACH who="1" step="1"/><E14/><REACH who="1" ten="240,260,230,240" step="2"/><V23/><F23/><W98/><G22/><T83/><D83/><U20/><E20/><V74/><F74/><W3/><G106/><T13/><D13/><U120/><E120/><V103/><F103/><W133/><G133/><T5/><D5/><U68/><E68/><V67/><F67/><W132/><G132/><T18/><D18/><U115/><AGARI ba="1,3" hai="15,19,21,49,50,60,66,71,92,94,95,112,113,115" machi="115" ten="40,3900,0" yaku="1,1,0,1,53,0" doraHai="82" doraHaiUra="53" who="1" fromWho="1" sc="240,-14,260,72,230,-14,240,-14" /><INIT seed="1,2,0,5,1,124" ten="226,332,216,226" oya="1" hai0="89,78,71,61,74,10,109,53,83,117,33,63,13" hai1="85,34,16,135,46,59,7,52,111,1,32,54,75" hai2="133,5,80,131,18,77,123,120,95,107,98,37,0" hai3="76,105,11,118,87,43,60,42,27,108,49,2,106"/><U69/><E75/><V94/><F37/><W96/><G118/><T31/><D31/><U40/><E69/><V132/><F5/><W38/><G38/><T21/><D21/><U45/><E135/><N who="2" m="51787" /><F18/><W64/><G105/><T127/><D127/><U125/><E125/><V39/><F0/><W88/><G76/><T12/><D12/><U122/><E122/><N who="2" m="46635" /><F39/><W97/><G27/><T110/><D110/><U82/><E7/><V93/><F131/><W24/><G24/><T20/><D20/><U114/><E1/><V73/><F107/><W41/><G49/><T130/><D130/><U68/><E111/><V44/><F44/><W126/><G106/><T134/><D134/><U58/><E114/><V30/><F30/><W90/><G108/><T129/><D129/><U26/><E68/><V121/><N who="2" m="46643" /><V36/><DORA hai="22" /><F36/><W23/><G23/><T15/><D15/><U25/><E40/><V70/><F70/><W115/><G115/><T6/><D6/><U17/><E85/><V48/><F48/><W116/><G87/><T51/><D51/><U50/><E50/><V9/><F9/><W56/><G2/><T79/><D79/><U112/><E112/><V3/><F3/><W29/><G29/><T62/><D62/><U55/><E55/><V86/><F73/><W100/><G43/><T65/><D65/><U81/><AGARI ba="2,0" hai="16,17,25,26,32,34,45,46,52,54,58,59,81,82" machi="81" ten="25,18000,2" yaku="0,1,22,2,52,2,54,2" doraHai="124,22" who="1" fromWho="1" sc="226,-62,332,186,216,-62,226,-62" /><INIT seed="1,3,0,1,5,70" ten="164,518,154,164" oya="1" hai0="20,19,1,110,58,51,122,105,78,124,96,77,85" hai1="119,2,31,75,12,80,66,48,95,71,116,18,10" hai2="23,120,73,15,46,17,29,90,50,16,11,45,86" hai3="49,125,47,6,57,67,61,135,97,9,3,56,123"/><U5/><E31/><V92/><F120/><W89/><G123/><T30/><D30/><U108/><E108/><V42/><F73/><W91/><G135/><T100/><D100/><U98/><E80/><V60/><F60/><W22/><G125/><T54/><D54/><U106/><E106/><V14/><F46/><W93/><G56/><T126/><D126/><U88/><E75/><V28/><AGARI ba="3,0" hai="11,14,15,16,17,23,28,29,42,45,50,86,90,92" machi="28" ten="30,4000,0" yaku="0,1,8,1,54,1" doraHai="70" who="2" fromWho="2" sc="164,-13,518,-23,154,49,164,-13" /><INIT seed="2,0,0,0,0,111" ten="151,495,203,151" oya="2" hai0="127,103,124,56,134,40,20,34,107,87,30,8,102" hai1="69,84,16,105,115,133,47,14,76,52,129,18,27" hai2="59,70,49,26,77,72,131,91,98,119,63,64,79" hai3="45,112,82,93,99,92,75,10,32,53,1,81,31"/><V15/><F119/><W126/><G126/><T132/><D132/><U23/><E69/><V88/><F131/><W71/><G71/><T108/><D108/><U96/><E129/><V128/><F128/><W94/><G32/><T24/><D24/><U35/><E133/><V114/><F114/><W58/><G45/><T3/><D3/><U55/><E35/><V106/><F26/><W22/><G99/><T61/><D61/><U116/><E116/><V51/><F106/><W65/><G65/><T6/><D6/><U130/><E130/><V0/><F0/><W5/><G75/><T97/><D97/><U135/><E135/><V73/><F73/><W83/><G31/><T60/><D60/><U36/><E115/><V86/><F72/><W11/><G22/><T101/><D101/><U68/><E68/><V21/><F98/><W12/><G112/><T95/><D95/><U2/><E2/><V54/><F49/><W89/><G10/><T41/><D41/><U37/><E96/><V66/><F66/><W39/><G39/><T43/><D43/><U13/><E105/><V117/><F117/><W109/><G109/><T104/><D104/><U17/><E37/><V67/><F67/><W74/><G74/><T38/><D38/><U7/><E36/><V33/><F33/><W78/><G1/><T9/><D9/><N who="1" m="4287" /><E47/><V57/><F70/><W28/><G78/><N who="2" m="29705" /><F86/><N who="3" m="50383" /><G28/><T123/><D123/><U100/><E100/><V85/><F85/><W25/><G25/><T122/><D122/><U120/><E120/><V110/><F110/><W80/><G94/><T44/><D44/><RYUUKYOKU ba="0,0" sc="151,-15,495,-15,203,15,151,15" hai2="15,21,51,54,57,59,63,64,88,91" hai3="5,11,12,53,58,80,82,83,92,93" /><INIT seed="2,1,0,2,4,1" ten="136,480,218,166" oya="2" hai0="86,122,102,44,38,88,0,65,95,41,13,12,72" hai1="118,134,130,99,98,114,45,115,69,16,128,116,3" hai2="18,50,125,107,36,67,131,30,26,35,27,37,97" hai3="71,92,9,42,126,74,53,64,100,84,48,90,23"/><V106/><F125/><W7/><G74/><T29/><D29/><U4/><E69/><V120/><F120/><W112/><G126/><T60/><D60/><U91/><E134/><V28/><F131/><N who="1" m="50217" /><E45/><V22/><F67/><W8/><G42/><T78/><D78/><U85/><E3/><V61/><F61/><W111/><G111/><T96/><D96/><N who="1" m="36907" /><E16/><V52/><F18/><W77/><G23/><T104/><D104/><U83/><E4/><V33/><F22/><W19/><G64/><T119/><D119/><AGARI ba="1,0" hai="83,85,91,114,115,116,118,119" m="36907,50217" machi="119" ten="30,3900,0" yaku="19,1,34,2" doraHai="1" who="1" fromWho="0" sc="136,-42,480,42,218,0,166,0" /><INIT seed="3,0,0,2,2,99" ten="94,522,218,166" oya="3" hai0="120,62,30,69,10,50,3,34,125,56,112,88,91" hai1="19,52,2,46,67,12,82,86,114,39,73,0,59" hai2="64,134,71,102,89,55,49,126,63,87,31,133,74" hai3="37,81,4,92,65,101,22,98,118,44,106,1,32"/><W58/><G32/><T40/><D40/><U28/><E114/><V70/><F74/><W36/><G81/><T15/><D15/><U7/><E73/><V13/><F126/><W84/><G118/><T90/><D90/><U21/><E67/><V18/><F31/><W23/><G4/><T123/><D123/><U24/><E7/><V43/><F43/><W124/><G1/><T51/><D51/><U135/><E135/><N who="2" m="51723" /><F71/><W38/><G124/><T108/><D108/><U9/><E39/><V33/><F33/><W75/><G75/><T97/><D97/><U66/><E66/><V132/><F132/><W77/><G44/><T25/><D25/><U41/><E41/><V29/><F29/><W80/><G106/><T79/><D79/><U110/><E110/><V117/><F117/><W6/><G6/><T17/><D17/><U100/><E100/><V93/><F102/><W42/><G42/><T5/><D5/><U53/><E46/><N who="2" m="28087" /><F13/><W68/><REACH who="3" step="1"/><G68/><REACH who="3" ten="94,522,218,156" step="2"/><T128/><D128/><U116/><E116/><V47/><F47/><W54/><G54/><T20/><D20/><U131/><E53/><V27/><F70/><W104/><G104/><T26/><D26/><U72/><E72/><V111/><F111/><W105/><G105/><T85/><D85/><U127/><E127/><V76/><F76/><W83/><G83/><T11/><D11/><U109/><E109/><V113/><F27/><W61/><AGARI ba="0,1" hai="22,23,36,37,38,58,61,65,77,80,84,92,98,101" machi="61" ten="40,12000,1" yaku="1,1,0,1,52,1,53,1" doraHai="99" doraHaiUra="95" who="3" fromWho="3" sc="94,-40,522,-40,218,-40,156,130" /><INIT seed="3,1,0,3,0,42" ten="54,482,178,286" oya="3" hai0="49,121,85,13,82,23,76,102,78,9,90,109,73" hai1="3,50,24,64,75,128,37,104,95,68,10,98,61" hai2="123,12,29,80,84,44,46,5,83,30,60,38,112" hai3="55,71,63,107,117,47,67,19,79,20,56,31,89"/><W100/><G79/><T86/><D86/><U11/><E128/><V43/><F112/><W96/><G31/><N who="2" m="11785" /><F38/><W15/><G89/><T58/><D58/><U91/><E37/><V81/><F123/><W1/><G1/><T92/><D92/><U120/><E120/><V127/><F127/><W2/><G2/><T70/><D70/><U34/><E3/><V74/><F74/><W116/><G47/><N who="2" m="17961" /><F43/><W77/><G77/><T16/><D16/><U45/><E75/><V126/><F126/><W105/><G105/><T111/><D111/><U129/><E129/><V27/><F60/><AGARI ba="1,0" hai="15,19,20,55,56,60,63,67,71,96,100,107,116,117" machi="60" ten="30,1500,0" yaku="7,1" doraHai="42" who="3" fromWho="2" sc="54,0,482,0,178,-18,286,18" /><INIT seed="3,2,0,5,3,16" ten="54,482,160,304" oya="3" hai0="5,123,77,6,29,22,76,91,133,33,63,11,128" hai1="59,18,96,37,4,60,124,121,132,23,3,109,84" hai2="103,13,78,79,30,70,51,119,50,94,80,108,17" hai3="55,66,9,68,7,85,8,81,53,43,44,129,135"/><W54/><G135/><T74/><D74/><U38/><E121/><V36/><F108/><W46/><G46/><T97/><D97/><U93/><E132/><V99/><F119/><W118/><G118/><T87/><D87/><U27/><E109/><V62/><F36/><W14/><G66/><T69/><D69/><U111/><E111/><V41/><F30/><W102/><G102/><T101/><D101/><U39/><E124/><V100/><F100/><W86/><G86/><T106/><D106/><U61/><E84/><V19/><F19/><W92/><G92/><T126/><D126/><U73/><E73/><V57/><F70/><W35/><G35/><T120/><D120/><U2/><E4/><V52/><F41/><W110/><G68/><T56/><D56/><U122/><E122/><V25/><F25/><W58/><G129/><T1/><D1/><U116/><E116/><V45/><F80/><W88/><G9/><T114/><D114/><U21/><E21/><N who="2" m="11439" /><F50/><N who="3" m="26911" /><G110/><T12/><D12/><U28/><E28/><V113/><F113/><W49/><AGARI ba="2,0" hai="7,8,14,49,53,54,55,58,81,85,88" m="26911" machi="49" ten="30,3000,0" yaku="8,1,54,1" doraHai="16" who="3" fromWho="3" sc="54,-12,482,-12,160,-12,304,36" /><INIT seed="3,3,0,5,4,40" ten="42,470,148,340" oya="3" hai0="38,5,103,57,101,44,15,116,46,32,43,62,119" hai1="100,56,29,131,50,34,28,22,81,124,72,87,115" hai2="102,112,133,113,125,21,108,31,42,71,7,23,97" hai3="47,0,88,16,90,86,95,89,105,111,83,107,49"/><W30/><G0/><T93/><D93/><U129/><E72/><V73/><F73/><W77/><G30/><T59/><D59/><U68/><E68/><V4/><F71/><W109/><G95/><T65/><D65/><U10/><E34/><V58/><F42/><W48/><G48/><T39/><D39/><U66/><E124/><V37/><F37/><W96/><G96/><T54/><D54/><U61/><E115/><V130/><F58/><W55/><G16/><T78/><D78/><U80/><E100/><V69/><F69/><W27/><G27/><T24/><D24/><U25/><E29/><V127/><F97/><W106/><AGARI ba="3,0" hai="47,49,55,77,83,86,88,89,90,105,106,107,109,111" machi="106" ten="40,7800,0" yaku="0,1,52,1,54,1" doraHai="40" who="3" fromWho="3" sc="42,-29,470,-29,148,-29,340,87" /><INIT seed="3,4,0,2,3,22" ten="13,441,119,427" oya="3" hai0="131,27,101,100,40,76,126,79,39,73,17,15,43" hai1="38,4,45,12,113,109,16,132,37,59,36,65,135" hai2="9,46,87,62,90,47,34,63,98,35,114,112,91" hai3="2,104,3,13,119,60,95,107,102,69,64,19,105"/><W57/><G119/><T18/><D18/><U1/><E113/><V42/><F9/><W82/><G82/><T21/><D21/><U26/><E109/><V28/><F28/><W80/><G80/><T94/><D94/><U24/><E45/><V67/><F87/><W31/><G69/><T49/><D49/><U29/><E1/><V23/><F23/><W134/><G134/><N who="1" m="51242" /><E4/><V61/><F98/><W125/><G125/><T115/><D115/><N who="2" m="44074" /><F67/><W68/><G68/><T111/><D111/><U33/><E33/><N who="2" m="12299" /><F42/><W81/><G81/><T96/><D96/><U5/><E5/><V25/><F25/><N who="1" m="9833" /><E29/><V54/><F54/><W116/><G31/><T127/><D127/><U78/><E78/><V128/><F128/><W122/><G3/><T53/><D53/><U50/><E50/><V48/><F48/><W58/><G2/><T123/><D123/><U0/><E0/><V88/><AGARI ba="4,0" hai="46,47,61,62,63,88,90,91" m="12299,44074" machi="88" ten="40,5200,0" yaku="28,2,54,1" doraHai="22" who="2" fromWho="2" sc="13,-17,441,-17,119,64,427,-30" owari="-4,-50.0,424,52.0,183,-22.0,397,20.0" /></mjloggm>