<mjloggm ver="2.3"><GO type="169" lobby="0"/><UN n0="%EF%BC%9D%E4%BC%8A%E8%97%A4%E3%81%8B%E3%81%AA%E6%81%B5%EF%BC%9D" n1="%E5%B0%B1%E6%B4%BB%E7%94%9F%40%E5%B7%9D%E6%9D%91%E8%BB%8D%E5%9B%A3" n2="%70%67%61%69%6E" n3="%4D%E5%B8%9D%E2%85%A2" dan="16,18,16,16" rate="2167.91,2331.64,2134.51,2039.62" sx="F,M,M,M"/><TAIKYOKU oya="0"/><INIT seed="0,0,0,4,5,54" ten="250,250,250,250" oya="0" hai0="78,128,3,63,104,23,35,72,108,121,56,117,95" hai1="60,2,4,28,52,106,115,41,39,38,59,120,82" hai2="98,88,94,71,12,93,31,75,47,92,89,66,27" hai3="40,65,101,119,80,110,131,50,36,113,42,1,83"/><T123/><D117/><U70/><E120/><V103/><F75/><W7/><G119/><T68/><D23/><U22/><E106/><V45/><F71/><W105/><G113/><T85/><D95/><N who="2" m="36426" /><F12/><W81/><G36/><T17/><D17/><U126/><E126/><V10/><F10/><W16/><G65/><T91/><D91/><N who="2" m="34890" /><F66/><W90/><G90/><T29/><D72/><U100/><E70/><V49/><F49/><W58/><G131/><T6/><D128/><U116/><E4/><V21/><AGARI ba="0,0" hai="21,27,31,45,47,94,98,103" m="34890,36426" machi="21" ten="30,2000,0" yaku="8,1,54,1" doraHai="54" who="2" fromWho="2" sc="250,-10,250,-5,250,20,250,-5" /><INIT seed="1,0,0,4,2,60" ten="240,245,270,245" oya="1" hai0="99,85,65,29,37,31,55,5,51,80,44,117,88" hai1="131,97,58,93,76,67,21,128,66,18,78,104,27" hai2="15,48,7,109,16,62,13,43,3,19,122,54,35" hai3="23,83,133,63,68,90,53,79,132,12,64,32,74"/><U127/><E104/><V101/><F109/><W26/><G32/><T116/><D37/><U95/><E127/><V47/><F35/><W130/><G130/><N who="1" m="49706" /><E93/><V110/><F110/><W94/><G12/><T24/><D5/><U75/><E58/><N who="2" m="35159" /><F3/><W121/><G121/><T135/><D135/><U34/><E34/><V14/><F122/><W123/><G123/><T96/><D65/><N who="1" m="24587" /><E75/><V33/><F33/><W39/><G39/><T8/><D117/><U89/><AGARI ba="0,0" hai="18,21,27,76,78,89,95,97" m="24587,49706" machi="89" ten="30,11700,0" yaku="19,1,52,3" doraHai="60" who="1" fromWho="1" sc="240,-39,245,117,270,-39,245,-39" /><INIT seed="1,1,0,2,3,106" ten="201,362,231,206" oya="1" hai0="78,16,50,83,62,57,48,116,108,24,110,25,43" hai1="95,89,97,104,2,4,27,58,111,14,53,75,9" hai2="101,69,21,84,35,18,122,88,30,38,105,90,63" hai3="41,120,13,15,12,99,28,85,67,71,132,121,86"/><U19/><E104/><V23/><F38/><W49/><G132/><T47/><D116/><U125/><E125/><V109/><F109/><N who="0" m="42090" /><D50/><U91/><E111/><V40/><F122/><W31/><G99/><T32/><D32/><U59/><E59/><V61/><F40/><W127/><G127/><T79/><D16/><U39/><E39/><V29/><F35/><W130/><G130/><T42/><D42/><U7/><E91/><V103/><F105/><W3/><G3/><T26/><D83/><U72/><E4/><V107/><F18/><W51/><G41/><T135/><D135/><U93/><E93/><V119/><F107/><W45/><G45/><T65/><AGARI ba="1,0" hai="24,25,26,43,47,48,57,62,65,78,79" m="42090" machi="65" ten="30,1100,0" yaku="14,1" doraHai="106" who="0" fromWho="0" sc="201,14,362,-6,231,-4,206,-4" /><INIT seed="2,0,0,4,2,71" ten="215,356,227,202" oya="2" hai0="117,58,2,74,124,88,97,13,131,78,96,112,79" hai1="110,102,65,38,98,16,43,61,21,4,135,41,27" hai2="35,86,99,118,111,91,77,123,25,66,68,44,26" hai3="69,122,0,95,50,59,18,45,49,87,29,31,120"/><V23/><F118/><W70/><G0/><T133/><D2/><U37/><E4/><V9/><F123/><W90/><G70/><T34/><D112/><U17/><E135/><V48/><F77/><W42/><G69/><T125/><D133/><U6/><E6/><V24/><F99/><W53/><REACH who="3" step="1"/><G18/><REACH who="3" ten="215,356,227,192" step="2"/><T104/><D117/><U83/><E17/><N who="2" m="12399" /><F68/><W39/><G39/><T81/><D124/><U10/><E110/><V28/><F111/><W51/><G51/><T72/><D125/><U5/><E41/><V12/><F48/><W101/><G101/><T56/><D131/><U73/><E43/><V33/><F28/><AGARI ba="0,1" hai="28,29,31,42,45,49,50,53,59,87,90,95,120,122" machi="28" ten="40,1300,0" yaku="1,1,53,0" doraHai="71" doraHaiUra="60" who="3" fromWho="2" sc="215,0,356,0,227,-13,192,23" /><INIT seed="3,0,0,4,0,9" ten="215,356,214,215" oya="3" hai0="56,103,132,135,130,122,34,119,39,46,12,1,70" hai1="8,121,63,118,35,59,30,52,29,86,105,11,25" hai2="65,58,48,104,100,127,98,53,40,106,110,23,28" hai3="45,13,83,126,75,90,64,116,61,47,97,14,80"/><W36/><G116/><T114/><RYUUKYOKU type="yao9" ba="0,0" sc="215,0,356,0,214,0,215,0" hai0="1,12,34,39,46,56,70,103,114,119,122,130,132,135" /><INIT seed="3,1,0,0,2,16" ten="215,356,214,215" oya="3" hai0="123,32,133,82,120,74,49,37,1,96,52,80,7" hai1="55,98,94,99,65,5,18,67,83,2,15,100,21" hai2="122,101,110,58,45,129,81,35,28,89,36,112,117" hai3="8,13,77,124,128,23,19,34,59,43,57,78,41"/><W30/><G124/><T66/><D32/><U17/><E2/><V87/><F110/><W10/><G128/><T54/><D37/><U46/><E5/><V107/><F112/><W114/><G114/><T25/><D133/><U119/><E119/><V70/><F70/><W76/><G34/><T44/><D66/><U62/><E83/><V104/><F117/><W64/><G59/><T50/><D96/><U56/><E46/><V3/><F3/><W9/><REACH who="3" step="1"/><G30/><REACH who="3" ten="215,356,214,205" step="2"/><T29/><D29/><U53/><E67/><V135/><F28/><W72/><G72/><T92/><D74/><U26/><REACH who="1" step="1"/><E98/><REACH who="1" ten="215,346,214,205" step="2"/><N who="2" m="61495" /><F129/><W109/><G109/><T134/><D134/><U68/><E68/><V105/><F135/><W24/><G24/><T6/><D25/><U42/><E42/><V11/><F122/><W75/><G75/><T40/><D40/><U91/><E91/><V39/><F89/><W71/><G71/><T69/><D69/><U108/><E108/><V84/><F58/><W111/><G111/><T125/><D120/><U61/><E61/><AGARI ba="1,2" hai="8,9,10,13,19,23,41,43,57,61,64,76,77,78" machi="61" ten="40,18000,2" yaku="1,1,8,1,52,1,53,3" doraHai="16" doraHaiUra="73" who="3" fromWho="1" sc="215,0,346,-183,214,0,205,203" /><INIT seed="3,2,0,5,5,2" ten="215,163,214,408" oya="3" hai0="100,48,96,101,77,132,4,125,39,86,20,38,88" hai1="83,1,23,103,81,131,22,108,92,58,75,65,79" hai2="45,115,62,68,37,124,28,47,71,7,117,113,63" hai3="55,90,97,13,52,73,9,24,95,54,85,121,29"/><W134/><G73/><T27/><D77/><U118/><E131/><V21/><F21/><W46/><G134/><T69/><D132/><U70/><E108/><V64/><F28/><W94/><G121/><T80/><D125/><U8/><E118/><V130/><F7/><W16/><G46/><N who="2" m="17417" /><F37/><W126/><G126/><T3/><D69/><U49/><E70/><V128/><F117/><W89/><REACH who="3" step="1"/><G54/><REACH who="3" ten="215,163,214,398" step="2"/><T123/><D123/><U14/><E75/><V53/><F53/><W122/><G122/><T41/><D39/><U31/><E65/><N who="2" m="41015" /><F124/><W15/><G15/><T11/><D38/><U102/><E14/><V116/><F116/><W26/><G26/><T111/><D27/><U30/><E1/><V104/><F130/><W106/><G106/><T76/><D3/><U133/><E133/><V10/><F104/><W135/><G135/><T32/><D111/><U0/><E0/><V40/><F128/><W107/><G107/><T127/><D127/><U109/><E109/><V66/><F66/><W67/><G67/><T119/><D119/><U44/><E44/><V25/><F25/><W61/><G61/><T87/><D48/><U43/><E49/><V72/><F72/><W19/><G19/><T18/><D18/><U42/><E31/><V93/><F71/><W35/><AGARI ba="2,1" hai="9,13,16,24,29,35,52,55,85,89,90,94,95,97" machi="35" ten="20,12000,1" yaku="1,1,0,1,7,1,54,2,53,0" doraHai="2" doraHaiUra="120" who="3" fromWho="3" sc="215,-42,163,-42,214,-42,398,136" /><INIT seed="3,3,0,4,1,10" ten="173,121,172,534" oya="3" hai0="102,96,65,30,47,34,85,101,59,77,87,4,81" hai1="114,53,14,27,6,74,28,56,61,109,128,36,29" hai2="91,125,72,2,100,55,63,15,44,35,62,19,32" hai3="105,42,115,89,117,121,45,131,123,0,111,76,90"/><W33/><G33/><T49/><D4/><U129/><E74/><V8/><F72/><W17/><G117/><T94/><D34/><U103/><E36/><V106/><F2/><W130/><G0/><T70/><D70/><U93/><E114/><V86/><F125/><W38/><G115/><T24/><D87/><U7/><E109/><V48/><F35/><W46/><G105/><T71/><D71/><U110/><E110/><V82/><F32/><W20/><G111/><T116/><D116/><U127/><E127/><V95/><F106/><W12/><G76/><T134/><D134/><U69/><E69/><V79/><F79/><W122/><REACH who="3" step="1"/><G46/><REACH who="3" ten="173,121,172,524" step="2"/><T133/><D47/><U40/><E128/><AGARI ba="3,1" hai="12,17,20,38,42,45,89,90,121,122,123,128,130,131" machi="128" ten="50,12000,1" yaku="1,1,2,1,19,1,52,1,53,1" doraHai="10" doraHaiUra="68" who="3" fromWho="1" sc="173,0,121,-129,172,0,524,139" owari="173,-3.0,-8,-51.0,172,-23.0,663,77.0" /></mjloggm>