<mjloggm ver="2.3"><GO type="41" lobby="0"/><UN n0="%E5%B0%B1%E6%B4%BB%E7%94%9F%40%E5%B7%9D%E6%9D%91%E8%BB%8D%E5%9B%A3" n1="%E3%81%AE%E3%81%B3%E3%81%97%E3%82%8D%E2%99%82" n2="%4B%45%49%E2%80%A0%48" n3="%E7%99%BD%E3%81%99%E3%81%B4%E3%81%A3%E3%81%A4%EF%BC%A0%E5%8D%8A%E8%8D%98" dan="17,14,13,14" rate="2169.77,1955.23,1836.75,1911.37" sx="M,M,F,M"/><TAIKYOKU oya="0"/><INIT seed="0,0,0,1,4,31" ten="250,250,250,250" oya="0" hai0="80,117,103,118,75,18,64,130,100,1,8,44,14" hai1="85,96,79,115,77,32,120,74,43,0,17,135,49" hai2="2,3,93,45,11,4,16,65,50,101,59,37,111" hai3="24,113,57,110,69,22,63,53,55,127,36,52,128"/><T94/><D130/><U76/><E74/><V105/><F105/><W86/><G113/><T82/><D1/><U27/><E120/><V47/><F2/><W30/><G36/><T123/><D123/><U109/><E0/><V19/><F111/><W33/><G110/><T133/><D133/><U62/><E109/><V6/><F6/><W81/><G128/><T112/><D112/><U67/><E115/><V23/><F37/><W13/><G127/><T132/><D132/><U104/><E135/><V41/><F45/><W91/><REACH who="3" step="1"/><G69/><REACH who="3" ten="250,250,250,240" step="2"/><T21/><D117/><U124/><E124/><V5/><F3/><W46/><G46/><T99/><D118/><U106/><E106/><V116/><F47/><W12/><G12/><T38/><D38/><U73/><E104/><V68/><F68/><W26/><G26/><T66/><D44/><U39/><E27/><V7/><F116/><W131/><G131/><T84/><D103/><U70/><E70/><V34/><F101/><W56/><G56/><T28/><D75/><U54/><E73/><V51/><F59/><W20/><G20/><T15/><D82/><U83/><E83/><V72/><F23/><W60/><G60/><T61/><D61/><U48/><E62/><V78/><F50/><W87/><G87/><T95/><D95/><U58/><E85/><V97/><F51/><W90/><G90/><N who="0" m="51463" /><D15/><U108/><E39/><V25/><F72/><W89/><G89/><T10/><D10/><U35/><E108/><V71/><F11/><W88/><G88/><T114/><D114/><U119/><E119/><V9/><F9/><RYUUKYOKU ba="0,1" sc="250,15,250,-15,250,-15,240,15" hai0="8,14,18,21,28,64,66,94,99,100" hai3="13,22,24,30,33,52,53,55,57,63,81,86,91" /><INIT seed="0,1,1,0,1,83" ten="265,235,235,255" oya="0" hai0="93,96,115,50,19,130,30,18,80,88,91,34,102" hai1="46,38,60,53,44,58,27,56,84,16,35,112,42" hai2="39,48,7,8,61,67,1,78,133,92,29,12,70" hai3="66,24,121,4,118,51,87,82,110,95,101,113,114"/><T76/><D115/><U41/><E112/><V117/><F133/><W100/><G110/><T81/><D130/><U10/><E35/><V107/><F107/><W62/><G118/><T129/><D129/><U6/><E58/><V31/><F39/><W69/><G121/><T45/><D34/><U71/><E71/><V123/><F123/><W134/><G134/><T124/><D30/><U86/><E27/><V33/><F117/><W28/><G4/><T25/><D124/><U85/><E16/><N who="0" m="6185" /><D25/><U49/><REACH who="1" step="1"/><E85/><REACH who="1" ten="265,225,235,255" step="2"/><V5/><F70/><W74/><G113/><T17/><D17/><U54/><E54/><V132/><F33/><W2/><G114/><T73/><D73/><U75/><E75/><V116/><F132/><W108/><G24/><T135/><D135/><U40/><E40/><V109/><F116/><W127/><G28/><T126/><D126/><U20/><E20/><V122/><F31/><W120/><G127/><T98/><D98/><U131/><E131/><V47/><F29/><W37/><G120/><T26/><D26/><U125/><E125/><V97/><F122/><W104/><G69/><T128/><D128/><U106/><E106/><V99/><F97/><W13/><G104/><T52/><D76/><U14/><AGARI ba="1,2" hai="6,10,14,38,41,42,44,46,49,53,56,60,84,86" machi="14" ten="20,12000,2" yaku="1,1,0,1,7,1,52,2,53,1" doraHai="83" doraHaiUra="55" who="1" fromWho="1" sc="265,-61,225,143,235,-31,255,-31" /><INIT seed="1,0,0,5,3,8" ten="204,368,204,224" oya="1" hai0="130,70,71,0,57,90,121,134,91,42,53,68,97" hai1="119,84,37,30,73,114,74,15,18,117,36,4,5" hai2="48,65,82,81,98,50,32,110,112,106,122,33,28" hai3="67,43,118,78,132,126,24,125,11,31,89,34,45"/><U6/><E114/><V21/><F122/><W7/><G132/><T133/><D0/><U76/><E30/><V93/><F112/><W19/><G118/><T16/><D121/><U47/><E84/><V12/><F106/><W128/><G128/><T64/><D130/><U52/><E37/><V104/><F104/><W102/><G102/><T131/><D42/><U60/><E36/><V61/><F110/><W99/><G78/><T88/><D131/><U83/><E74/><V113/><F33/><W49/><G67/><T62/><D97/><U124/><E124/><V75/><F32/><W2/><REACH who="3" step="1"/><G19/><REACH who="3" ten="204,368,204,214" step="2"/><T26/><D64/><U127/><E127/><V129/><F65/><W105/><G105/><T39/><D39/><U135/><E135/><N who="0" m="51721" /><D26/><U80/><E119/><V46/><F129/><W108/><G108/><T9/><D71/><U116/><E117/><V63/><F113/><W77/><G77/><T38/><D38/><U29/><E116/><V3/><F28/><W115/><G115/><T109/><D109/><U35/><E29/><V86/><F75/><W100/><G100/><T13/><AGARI ba="0,1" hai="9,13,16,53,57,62,68,70,88,90,91" m="51721" machi="13" ten="40,8000,1" yaku="20,1,52,1,54,2" doraHai="8" who="0" fromWho="0" sc="204,90,368,-40,204,-20,214,-20" /><INIT seed="2,0,0,2,3,133" ten="294,328,184,194" oya="2" hai0="132,19,7,69,46,81,48,6,72,42,64,80,94" hai1="54,13,112,106,113,35,89,85,60,135,17,131,66" hai2="75,53,88,26,51,58,61,21,28,122,63,76,83" hai3="50,25,74,55,86,62,39,27,84,124,56,111,121"/><V37/><F122/><W24/><G111/><T59/><D69/><U29/><E106/><V32/><F37/><W14/><G121/><T118/><D118/><U41/><E135/><V70/><F70/><W117/><G117/><T119/><D119/><U12/><E131/><V100/><F100/><W5/><G74/><T120/><D120/><U105/><E105/><V45/><F63/><W114/><G39/><T73/><D73/><U2/><E2/><V98/><F32/><W0/><G0/><T10/><D72/><U104/><E104/><V31/><F98/><W20/><G114/><T33/><D33/><U102/><E102/><V116/><F116/><W130/><G130/><T9/><D94/><U93/><E12/><V91/><REACH who="2" step="1"/><F31/><REACH who="2" ten="294,328,174,194" step="2"/><N who="3" m="17799" /><G62/><N who="0" m="37983" /><D132/><U128/><E128/><V126/><F126/><W34/><G124/><T57/><D7/><U3/><E35/><V11/><F11/><N who="3" m="4463" /><G34/><T65/><D19/><U1/><E17/><V90/><F90/><W36/><G36/><T115/><D115/><U30/><E89/><V108/><F108/><W18/><G18/><T95/><D10/><U40/><E30/><V8/><F8/><W109/><G109/><T77/><D9/><U103/><E29/><V134/><F134/><W123/><G123/><T71/><D6/><U38/><E113/><V99/><F99/><W44/><G25/><T92/><D71/><U49/><E112/><V87/><F87/><N who="3" m="33323" /><G27/><T47/><D77/><U16/><E38/><V129/><F129/><W67/><G67/><AGARI ba="0,1" hai="21,26,28,45,51,53,58,61,67,75,76,83,88,91" machi="67" ten="30,5800,0" yaku="1,1,7,1,54,1,53,0" doraHai="133" doraHaiUra="82" who="2" fromWho="3" sc="294,0,328,0,174,68,194,-58" /><INIT seed="2,1,0,3,0,41" ten="294,328,242,136" oya="2" hai0="26,111,103,22,117,66,56,105,52,27,118,123,100" hai1="132,75,25,63,77,1,92,73,97,51,69,90,82" hai2="42,17,96,122,99,29,115,87,32,3,61,108,15" hai3="119,6,93,4,43,110,10,11,125,79,83,50,2"/><V46/><F115/><W101/><G119/><N who="0" m="45579" /><D123/><U44/><E132/><V12/><F122/><W81/><G110/><T112/><D112/><U91/><E1/><V8/><F3/><W113/><G113/><T28/><D111/><U131/><E131/><V114/><F108/><W133/><G133/><T72/><D72/><U70/><E73/><V38/><F114/><W74/><G125/><T0/><D0/><U109/><E109/><V47/><F29/><W45/><G83/><T23/><D66/><U129/><E129/><V107/><F32/><W34/><G34/><T19/><D105/><U84/><E63/><AGARI ba="1,0" hai="19,22,23,26,27,28,52,56,63,100,103" m="45579" machi="63" ten="30,2000,0" yaku="12,1,54,1" doraHai="41" who="0" fromWho="1" sc="294,23,328,-23,242,0,136,0" /><INIT seed="3,0,0,2,5,73" ten="317,305,242,136" oya="3" hai0="46,66,58,67,113,122,71,0,101,77,48,133,4" hai1="3,37,134,128,69,64,41,51,17,28,92,130,114" hai2="129,108,110,26,1,20,99,123,115,33,70,8,68" hai3="19,27,100,32,43,39,63,72,34,35,50,118,97"/><W62/><G118/><T79/><D122/><U95/><E114/><V18/><F115/><W103/><G72/><T111/><D71/><U55/><E3/><V60/><F123/><W105/><G39/><T88/><D113/><U53/><E28/><V57/><F129/><N who="1" m="49769" /><E17/><V59/><F33/><W125/><G125/><T126/><D126/><U7/><E7/><V87/><F99/><W12/><G27/><T102/><D0/><U86/><E86/><V117/><F117/><W61/><G100/><N who="0" m="38507" /><D111/><N who="2" m="42538" /><F87/><W75/><G75/><T112/><D112/><U22/><E22/><V104/><F104/><W135/><G135/><T127/><D133/><U36/><E95/><V89/><F89/><W107/><G107/><T94/><D4/><U6/><E92/><V9/><F57/><W47/><REACH who="3" step="1"/><G34/><REACH who="3" ten="317,305,242,126" step="2"/><T49/><D127/><U120/><E134/><V84/><F84/><W109/><G109/><T124/><D124/><U13/><E120/><V56/><F26/><W23/><AGARI ba="0,1" hai="12,19,23,32,35,43,47,50,61,62,63,97,103,105" machi="23" ten="30,6000,0" yaku="1,1,0,1,53,1" doraHai="73" doraHaiUra="15" who="3" fromWho="3" sc="317,-20,305,-20,242,-20,126,70" /><INIT seed="3,1,0,4,1,71" ten="297,285,222,196" oya="3" hai0="78,14,121,100,106,30,12,52,9,119,49,127,40" hai1="72,55,82,103,92,96,110,126,3,11,80,36,0" hai2="135,79,111,10,45,39,4,19,27,87,43,73,35" hai3="26,120,54,77,59,46,8,60,68,32,70,125,115"/><W51/><G115/><T38/><D121/><U13/><E110/><V114/><F114/><W132/><G120/><T47/><D119/><U44/><E126/><V134/><F111/><W112/><G112/><T91/><D127/><U90/><E55/><V128/><F128/><W89/><G125/><T84/><D78/><U117/><E117/><V61/><F61/><W81/><G132/><N who="2" m="50729" /><F87/><W83/><G8/><T23/><D100/><U6/><E82/><N who="2" m="45423" /><F19/><W93/><G26/><T5/><D106/><U50/><E50/><V98/><F98/><W107/><G32/><T75/><D75/><U131/><E131/><V124/><F124/><W31/><G31/><T24/><D14/><U7/><E7/><V88/><F27/><W109/><G109/><T74/><D74/><U62/><E62/><V28/><F28/><W17/><G17/><T58/><D84/><U20/><E20/><V86/><F35/><W130/><G107/><T57/><D91/><U66/><E66/><V37/><F10/><W76/><G130/><T33/><D33/><U1/><E72/><V133/><F4/><W122/><G122/><T65/><D65/><U105/><E80/><N who="3" m="30794" /><G70/><T22/><D22/><U25/><E25/><V116/><F116/><W41/><G68/><T118/><D118/><U2/><E2/><V15/><N who="2" m="50737" /><V67/><DORA hai="18" /><F15/><W94/><G94/><T113/><D113/><U129/><E129/><V102/><F102/><W48/><G60/><T64/><D64/><U16/><E105/><V123/><F67/><W97/><AGARI ba="1,0" hai="41,46,48,51,54,59,76,77,89,93,97" m="30794" machi="97" ten="30,1500,0" yaku="8,1" doraHai="71,18" who="3" fromWho="3" sc="297,-6,285,-6,222,-6,196,18" /><INIT seed="3,2,0,2,1,72" ten="291,279,216,214" oya="3" hai0="112,79,76,108,95,53,82,38,13,37,73,20,23" hai1="16,135,132,32,116,69,51,123,1,126,63,96,56" hai2="100,65,98,109,21,86,6,41,39,68,91,122,120" hai3="14,17,22,111,102,58,47,52,2,45,121,19,7"/><W90/><G121/><N who="2" m="46697" /><F109/><W113/><G113/><T70/><D108/><U43/><E123/><V99/><F6/><W125/><G111/><T50/><D70/><U57/><E1/><V114/><F114/><W26/><G125/><T5/><D112/><U12/><E32/><V119/><F119/><W127/><G127/><T49/><D49/><U59/><E126/><V3/><F3/><W64/><G64/><T35/><D35/><U110/><E110/><V71/><F21/><N who="3" m="11447" /><G2/><T31/><D95/><U130/><E130/><V97/><F39/><W74/><G74/><T8/><D79/><U92/><E116/><V46/><F65/><W78/><G7/><T118/><D118/><U124/><E124/><V133/><F133/><N who="1" m="51273" /><E69/><N who="2" m="26699" /><F46/><W89/><G102/><T117/><D117/><U94/><E63/><V105/><F41/><W28/><G78/><T101/><D101/><N who="1" m="60551" /><E94/><AGARI ba="2,0" hai="86,91,94,97,98,99,100,105" m="26699,46697" machi="94" ten="30,1000,0" yaku="13,1" doraHai="72" who="2" fromWho="1" sc="291,0,279,-16,216,16,214,0" /><INIT seed="4,0,0,5,2,57" ten="291,263,232,214" oya="0" hai0="60,24,122,20,21,92,95,133,56,82,55,110,101" hai1="99,120,3,42,31,109,1,130,52,7,112,0,38" hai2="102,115,125,49,126,2,63,123,71,80,6,46,97" hai3="29,48,128,53,104,131,10,45,117,15,65,84,85"/><T94/><D122/><U134/><E109/><V74/><F123/><W111/><G111/><T72/><D110/><U116/><E120/><V23/><F115/><W12/><G117/><T19/><D133/><U69/><E116/><V5/><F23/><W88/><G104/><T51/><D101/><U35/><E130/><N who="3" m="49706" /><G29/><T59/><D72/><U32/><E7/><V107/><F74/><W11/><G65/><T106/><D106/><U62/><E134/><V13/><F80/><N who="3" m="49159" /><G85/><T61/><D82/><U113/><E31/><V124/><F2/><W36/><G36/><T87/><D87/><U47/><E99/><V39/><F39/><W66/><G66/><N who="0" m="39175" /><D21/><U89/><E89/><V86/><F86/><W73/><G73/><T14/><D24/><U96/><E96/><V17/><F13/><AGARI ba="0,0" hai="10,11,12,13,15,45,48,53" m="49159,49706" machi="13" ten="30,2000,0" yaku="19,1,54,1" doraHai="57" who="3" fromWho="2" sc="291,0,263,0,232,-20,214,20" /><INIT seed="5,0,0,5,5,15" ten="291,263,212,234" oya="1" hai0="88,71,68,54,124,35,107,48,100,53,134,98,8" hai1="111,121,119,38,82,61,67,17,28,18,120,106,13" hai2="96,73,133,91,123,99,56,112,22,80,84,9,114" hai3="77,105,65,60,110,75,46,74,26,31,7,12,94"/><U14/><E119/><V126/><F123/><W92/><G110/><T64/><D35/><U55/><E106/><V32/><F32/><W21/><G105/><T2/><D53/><U89/><E38/><V95/><F133/><W16/><G7/><T127/><D134/><U70/><E111/><V24/><F126/><N who="0" m="48170" /><D64/><U49/><E28/><V115/><F9/><W29/><G77/><T43/><D43/><U11/><E82/><V102/><F96/><W78/><G78/><T20/><D20/><U36/><E89/><V85/><F73/><W130/><G130/><T63/><D63/><U33/><E36/><V59/><REACH who="2" step="1"/><F84/><REACH who="2" ten="291,263,202,234" step="2"/><W57/><G75/><T93/><D8/><U76/><E33/><V40/><F40/><W23/><G74/><T90/><D2/><U0/><E0/><V108/><F108/><W39/><G39/><T3/><D3/><U81/><E121/><V25/><F25/><W4/><G4/><T10/><D10/><U132/><E120/><V117/><F117/><W62/><G23/><T37/><D98/><U41/><E41/><V128/><F128/><W34/><G21/><T135/><D135/><U86/><E132/><V69/><F69/><W118/><G34/><T52/><D71/><U103/><E103/><V125/><F125/><W5/><G5/><T50/><D68/><U30/><E30/><AGARI ba="0,1" hai="22,24,30,56,59,80,85,91,95,99,102,112,114,115" machi="30" ten="40,5200,0" yaku="1,1,15,1,11,1,53,0" doraHai="15" doraHaiUra="1" who="2" fromWho="1" sc="291,0,263,-52,202,62,234,0" /><INIT seed="6,0,0,3,2,125" ten="291,211,264,234" oya="2" hai0="21,80,120,3,79,121,61,51,30,132,70,12,10" hai1="23,88,104,100,91,97,57,36,118,49,63,22,1" hai2="56,86,60,32,64,35,50,129,29,127,72,94,8" hai3="52,43,20,114,31,111,99,13,18,19,47,110,4"/><V81/><F127/><W105/><G114/><T53/><D132/><U83/><E36/><V66/><F66/><W76/><G76/><T85/><D3/><U131/><E118/><V84/><F72/><W113/><G113/><T34/><D34/><U109/><E109/><V16/><F50/><W98/><G105/><T26/><D61/><U101/><E1/><V17/><F29/><W69/><G69/><T5/><D70/><U107/><E49/><V62/><F62/><W87/><G87/><T48/><D48/><U15/><E131/><V67/><F67/><W25/><G110/><T6/><D6/><U108/><E108/><V134/><F134/><W75/><G75/><T122/><D122/><U33/><E33/><V130/><F94/><W117/><G117/><T112/><D112/><U65/><E83/><V28/><F28/><W74/><G74/><T77/><D77/><U135/><E135/><V9/><F84/><W123/><G52/><T38/><D38/><U54/><E65/><V24/><F35/><W95/><G123/><T44/><AGARI ba="0,0" hai="5,10,12,21,26,30,44,51,53,79,80,85,120,121" machi="44" ten="20,1500,0" yaku="0,1,7,1" doraHai="125" who="0" fromWho="0" sc="291,15,211,-4,264,-7,234,-4" /><INIT seed="7,0,0,2,2,58" ten="306,207,257,230" oya="3" hai0="14,66,65,131,129,11,97,82,64,89,119,3,5" hai1="128,31,112,100,99,45,7,22,29,74,78,39,23" hai2="32,2,111,110,40,125,41,42,38,116,91,86,37" hai3="135,109,71,47,27,123,16,90,20,0,81,50,68"/><W93/><G123/><T21/><D119/><U76/><E112/><V49/><F116/><W25/><G0/><T103/><D89/><U59/><E128/><N who="0" m="49225" /><D82/><U55/><E7/><V107/><F107/><W51/><G135/><T115/><D115/><U85/><E74/><V102/><F102/><W84/><G109/><T56/><D56/><U87/><E39/><V124/><F2/><W63/><G63/><T48/><D48/><N who="3" m="18473" /><G68/><T52/><D52/><U35/><E45/><N who="2" m="25767" /><F32/><W105/><G105/><N who="0" m="63727" /><D21/><U13/><E35/><V53/><F91/><N who="3" m="51599" /><G71/><T46/><D46/><U79/><E23/><V6/><F53/><W61/><G47/><T120/><D3/><U60/><E13/><V44/><F86/><N who="3" m="52439" /><G61/><T96/><D96/><U43/><E43/><V18/><F41/><W9/><G9/><T95/><D95/><U75/><E75/><V108/><F37/><W70/><G70/><T121/><AGARI ba="0,0" hai="5,11,14,64,65,66,120,121" m="63727,49225" machi="121" ten="40,1500,0" yaku="19,1" doraHai="58" who="0" fromWho="0" sc="306,15,207,-4,257,-4,230,-7" owari="321,43.0,203,-30.0,253,5.0,223,-18.0" /></mjloggm>