<mjloggm ver="2.3"><GO type="169" lobby="0"/><UN n0="%E6%B8%8B%E8%B0%B7%E3%81%AE%64%6F%76%65" n1="%E3%82%A6%E3%83%AB%E3%83%88%E3%83%A9%E7%AB%8B%E7%9B%B4" n2="%E2%80%A0%58%54%45%4E%44%E2%80%A0" n3="%E3%82%82%E3%81%BF%E3%81%82%E3%81%92" dan="17,18,17,16" rate="2126.63,2221.12,2105.89,2026.87" sx="F,M,F,M"/><TAIKYOKU oya="0"/><INIT seed="0,0,0,2,4,55" ten="250,250,250,250" oya="0" hai0="29,114,25,94,43,39,52,18,126,135,88,112,15" hai1="72,115,5,67,70,80,35,87,36,63,104,42,128" hai2="40,124,125,1,26,41,17,37,45,133,7,117,51" hai3="131,111,68,58,82,27,118,123,81,31,98,23,85"/><T9/><D126/><N who="2" m="48746" /><F133/><W110/><G118/><T54/><D135/><U20/><E35/><V69/><F69/><W92/><G131/><T33/><D43/><U130/><E72/><V49/><F117/><W50/><G68/><T32/><D39/><U127/><E104/><V6/><F41/><W103/><G123/><T47/><D32/><U86/><E86/><V119/><F119/><W11/><G11/><T91/><D91/><U93/><E93/><V113/><F113/><W14/><G14/><T106/><D106/><U12/><E115/><V77/><F77/><W95/><G95/><T61/><D54/><U38/><E127/><V74/><F74/><W121/><G121/><T90/><D90/><U60/><E60/><V57/><F1/><W62/><G50/><N who="2" m="18953" /><F57/><W84/><G84/><T96/><REACH who="0" step="1"/><D47/><REACH who="0" ten="240,250,250,250" step="2"/><U83/><E42/><V4/><F6/><W64/><REACH who="3" step="1"/><G82/><REACH who="3" ten="240,250,250,240" step="2"/><T101/><D101/><U34/><E83/><V76/><F4/><W56/><G56/><AGARI ba="0,2" hai="9,15,18,25,29,33,52,56,61,88,94,96,112,114" machi="56" ten="40,12000,1" yaku="1,1,52,1,54,2,53,0" doraHai="55" doraHaiUra="116" who="0" fromWho="3" sc="240,140,250,0,250,0,240,-120" /><INIT seed="0,1,0,0,3,56" ten="380,250,250,120" oya="0" hai0="123,64,30,99,89,8,42,49,80,36,98,51,17" hai1="32,86,88,5,12,110,50,125,76,131,53,57,20" hai2="9,91,105,97,37,43,83,90,117,18,60,128,68" hai3="33,129,75,27,119,109,13,133,104,66,22,92,62"/><T132/><D123/><U21/><E32/><V73/><F128/><W112/><G104/><T46/><D132/><U101/><E110/><V45/><F117/><W26/><G75/><T79/><D30/><U72/><E125/><V124/><F124/><W59/><G112/><T85/><D64/><U35/><E35/><V106/><F73/><W126/><G126/><T2/><D17/><U48/><E101/><V100/><F106/><W69/><G129/><T38/><D38/><U31/><E131/><V77/><F77/><W134/><G109/><T52/><D79/><U1/><E1/><V0/><F83/><W87/><G119/><T81/><D81/><U71/><E71/><V115/><F115/><W28/><G13/><T107/><D107/><U70/><E70/><V94/><F105/><W135/><G92/><T102/><D102/><U111/><E76/><V6/><REACH who="2" step="1"/><F18/><REACH who="2" ten="380,250,240,120" step="2"/><W61/><G87/><T127/><D127/><U96/><E86/><V113/><F113/><W34/><G22/><T3/><D98/><U116/><E21/><V130/><F130/><W25/><G25/><T84/><D99/><U95/><E72/><V15/><F15/><W55/><G55/><T118/><D118/><U108/><E116/><V74/><F74/><W7/><G7/><T120/><D85/><U4/><E111/><V23/><F23/><W29/><G134/><T82/><D82/><U122/><E108/><V78/><F78/><W14/><G14/><T54/><D80/><U16/><E4/><V58/><F58/><W10/><G10/><T40/><D84/><U67/><E5/><RYUUKYOKU ba="1,1" sc="380,-15,250,-15,240,15,120,15" hai2="0,6,9,37,43,45,60,68,90,91,94,97,100" hai3="26,27,28,29,33,34,59,61,62,66,69,133,135" /><INIT seed="1,2,1,3,5,96" ten="365,235,255,135" oya="1" hai0="73,39,84,25,42,1,71,100,133,106,56,31,23" hai1="51,131,9,128,5,113,127,76,28,19,65,32,70" hai2="112,4,45,60,3,26,14,116,36,121,107,0,105" hai3="11,88,35,66,83,125,120,52,114,86,79,54,53"/><U44/><E113/><V74/><F121/><W57/><G120/><T40/><D73/><U110/><E65/><V20/><F116/><W13/><G35/><T69/><D1/><U64/><E64/><V7/><F74/><W17/><G125/><T6/><D6/><U10/><E70/><V122/><F122/><W48/><G114/><T41/><D39/><U124/><E76/><V58/><F112/><W126/><G126/><N who="1" m="48170" /><E110/><V29/><F4/><W99/><G66/><T93/><D133/><U115/><E115/><V61/><F61/><W104/><REACH who="3" step="1"/><G79/><REACH who="3" ten="365,235,255,125" step="2"/><T49/><D69/><U16/><E32/><V130/><F130/><N who="1" m="49705" /><E28/><V12/><F29/><W97/><G97/><T22/><D71/><U8/><E5/><V38/><F7/><W47/><G47/><T80/><D31/><U15/><E19/><V129/><F129/><W62/><G62/><T135/><D135/><U101/><E101/><AGARI ba="2,2" hai="11,13,17,48,52,53,54,57,83,86,88,99,101,104" machi="101" ten="40,8000,1" yaku="1,1,52,1,54,2,53,1" doraHai="96" doraHaiUra="94" who="3" fromWho="1" sc="365,0,235,-86,255,0,125,106" /><INIT seed="2,0,0,1,4,124" ten="365,149,255,231" oya="2" hai0="78,134,95,132,105,86,27,75,1,135,88,25,113" hai1="67,34,37,82,10,21,18,81,9,87,117,90,6" hai2="42,128,102,36,71,114,28,49,62,58,89,26,131" hai3="64,101,115,7,109,91,63,125,52,122,24,72,41"/><V22/><F114/><W98/><G109/><T70/><D1/><U15/><E34/><V99/><F89/><W66/><G125/><T127/><D127/><U40/><E117/><V57/><F36/><W85/><G122/><T14/><D70/><U2/><E67/><N who="2" m="39383" /><F71/><W80/><G72/><T110/><D110/><U54/><E37/><V43/><F57/><N who="3" m="35239" /><G41/><T35/><D113/><U74/><E40/><N who="2" m="15403" /><F49/><W100/><G115/><T53/><D105/><U130/><E21/><V61/><F61/><W31/><G7/><T29/><D53/><U104/><E104/><V69/><F69/><W16/><G31/><T13/><D25/><U84/><E74/><V11/><F11/><W38/><G38/><T33/><D33/><U111/><E111/><V79/><F79/><W83/><G83/><AGARI ba="0,0" hai="13,14,27,29,35,75,78,83,86,88,95,132,134,135" machi="83" ten="40,2600,0" yaku="20,1,54,1" doraHai="124" who="0" fromWho="3" sc="365,26,149,0,255,0,231,-26" /><INIT seed="3,0,0,4,5,12" ten="391,149,255,205" oya="3" hai0="128,121,85,37,73,31,106,40,71,38,134,98,20" hai1="89,132,43,8,124,110,100,29,11,45,135,22,129" hai2="86,91,19,39,63,26,108,5,88,109,25,0,68" hai3="61,115,14,133,69,113,34,4,51,65,117,70,30"/><W96/><G117/><T16/><D73/><U3/><E100/><V77/><F39/><W27/><G133/><T99/><D121/><U75/><E75/><V66/><F5/><W50/><G70/><T74/><D74/><U10/><E89/><V84/><F0/><W47/><G96/><T33/><D71/><U23/><E45/><V48/><F48/><W42/><REACH who="3" step="1"/><G51/><REACH who="3" ten="391,149,255,195" step="2"/><T58/><D134/><U78/><E135/><V80/><F77/><W1/><G1/><T97/><D37/><U62/><E78/><V81/><F26/><W120/><G120/><T52/><D98/><U28/><E3/><V21/><AGARI ba="0,1" hai="19,21,25,63,66,68,80,81,84,86,88,91,108,109" machi="21" ten="30,7900,0" yaku="0,1,9,1,52,1,54,1" doraHai="12" who="2" fromWho="2" sc="391,-20,149,-20,255,89,195,-39" /><INIT seed="4,0,0,3,5,36" ten="371,129,344,156" oya="0" hai0="56,113,101,78,80,129,76,3,57,68,29,69,13" hai1="15,85,75,65,5,98,119,132,135,105,31,74,62" hai2="91,116,41,66,55,34,54,87,108,33,27,126,7" hai3="84,81,26,97,110,39,122,63,35,23,46,48,100"/><T83/><D3/><U58/><E119/><V133/><F108/><W130/><G110/><T9/><D113/><U70/><E85/><V51/><F116/><W16/><G130/><T123/><D29/><U21/><E58/><V10/><F34/><W125/><G125/><T102/><D13/><U38/><E38/><V6/><F126/><W22/><G35/><T37/><D37/><U120/><E120/><V20/><F33/><W24/><G39/><T117/><D117/><U32/><E75/><V118/><F118/><W52/><G63/><T121/><REACH who="0" step="1"/><D9/><REACH who="0" ten="361,129,344,156" step="2"/><U4/><E15/><V61/><F10/><W28/><G122/><T92/><D92/><U111/><E111/><V14/><F14/><W112/><G112/><T106/><D106/><U17/><E31/><V104/><F104/><W0/><G0/><T2/><D2/><U73/><E105/><V60/><F27/><W93/><G81/><T109/><D109/><U79/><E32/><V18/><F20/><W72/><G72/><T19/><D19/><U8/><E21/><V59/><F18/><W49/><G16/><T95/><D95/><U127/><E73/><V88/><F6/><W50/><G93/><T90/><D90/><U124/><E124/><V47/><F7/><N who="1" m="2633" /><E127/><V128/><F91/><W99/><G22/><T82/><D82/><N who="1" m="45431" /><E17/><V86/><F88/><W107/><G23/><T67/><D67/><U134/><E8/><V77/><F66/><W44/><G28/><T89/><D89/><U53/><E98/><V114/><F114/><W11/><G97/><T43/><D43/><U1/><E1/><RYUUKYOKU ba="0,1" sc="361,15,129,15,344,-15,156,-15" hai0="56,57,68,69,76,78,80,83,101,102,121,123,129" hai1="53,62,65,70,132,134,135" /><INIT seed="4,1,1,2,3,123" ten="376,144,329,141" oya="0" hai0="13,83,10,97,6,102,50,22,34,27,125,79,135" hai1="61,12,133,63,122,72,134,67,126,70,59,103,94" hai2="111,51,76,18,9,42,88,46,55,56,109,115,24" hai3="5,121,57,58,41,53,48,14,113,52,20,132,120"/><T85/><D135/><U40/><E72/><V107/><F107/><W105/><G105/><T1/><D125/><U99/><E122/><N who="3" m="47210" /><G113/><T2/><D34/><U101/><E126/><V82/><F115/><W106/><G106/><T93/><REACH who="0" step="1"/><D50/><REACH who="0" ten="366,144,329,141" step="2"/><U39/><E134/><V110/><F51/><W95/><G132/><T112/><D112/><U100/><E133/><V26/><F110/><W69/><G48/><T16/><AGARI ba="1,2" hai="1,2,6,10,13,16,22,27,79,83,85,93,97,102" machi="16" ten="20,7800,0" yaku="1,1,0,1,7,1,54,1,53,0" doraHai="123" doraHaiUra="117" who="0" fromWho="0" sc="366,101,144,-27,329,-27,141,-27" /><INIT seed="4,2,0,3,4,53" ten="467,117,302,114" oya="0" hai0="75,42,68,80,62,9,48,96,74,52,77,133,54" hai1="69,72,73,93,11,60,81,17,50,126,36,28,58" hai2="128,39,99,43,51,45,120,106,15,20,87,79,71" hai3="67,38,101,63,83,118,22,89,117,78,10,119,98"/><T13/><D133/><U114/><E36/><V59/><F120/><W123/><G123/><T18/><D75/><U103/><E28/><V86/><F71/><W112/><G112/><T111/><D111/><U19/><E126/><V44/><F128/><W57/><G38/><T113/><D113/><U116/><E116/><V16/><F79/><W91/><G22/><T8/><D96/><U4/><E114/><V124/><F124/><W122/><G10/><T7/><D42/><U108/><E69/><V31/><F31/><W135/><G135/><T61/><D68/><U105/><E105/><V125/><F125/><W107/><REACH who="3" step="1"/><G122/><REACH who="3" ten="467,117,302,104" step="2"/><T23/><D8/><U65/><E108/><V30/><F39/><W134/><G134/><T104/><D104/><U129/><E129/><V85/><F106/><W115/><G115/><T6/><D6/><U32/><E32/><V26/><F20/><W102/><G102/><T49/><D9/><U35/><E35/><V92/><F26/><W127/><G127/><T27/><D7/><U70/><E11/><V121/><F121/><W100/><G100/><T110/><D27/><U21/><E4/><V37/><F37/><W2/><G2/><T5/><D5/><U41/><E21/><V3/><F3/><W40/><G40/><T90/><D110/><U14/><E41/><V94/><F43/><W84/><AGARI ba="2,1" hai="57,63,67,78,83,84,89,91,98,101,107,117,118,119" machi="84" ten="30,7900,0" yaku="1,1,0,1,52,1,53,1" doraHai="53" doraHaiUra="97" who="3" fromWho="3" sc="467,-41,117,-22,302,-22,104,95" /><INIT seed="5,0,0,5,3,96" ten="426,95,280,199" oya="1" hai0="74,100,41,94,20,112,130,120,118,83,0,135,3" hai1="29,123,37,134,9,38,131,10,36,19,86,107,104" hai2="88,108,115,34,78,21,91,126,6,69,43,39,92" hai3="113,68,72,12,105,4,56,111,125,5,14,52,93"/><U101/><E123/><V84/><F108/><W42/><G111/><T116/><D112/><U58/><E29/><V109/><F109/><W1/><G105/><N who="1" m="40522" /><E19/><V98/><F115/><W66/><G113/><T27/><D41/><U23/><E23/><V73/><F34/><W26/><G125/><T47/><D47/><U99/><E58/><V30/><F126/><W40/><G72/><T49/><D120/><U85/><E99/><V121/><F69/><W64/><G68/><T25/><D49/><U80/><E80/><V90/><F121/><W53/><G26/><T24/><D24/><U15/><E15/><N who="3" m="5674" /><G93/><T8/><D27/><U95/><E95/><V106/><F106/><W122/><G1/><T55/><D94/><U110/><E110/><V81/><F98/><W89/><G89/><T28/><D3/><U132/><E131/><V18/><F30/><W16/><G122/><T48/><D130/><U31/><E31/><V76/><F90/><W65/><G16/><T71/><D71/><U79/><E101/><V133/><F91/><W50/><G53/><T54/><D100/><U45/><E45/><V46/><F78/><W7/><AGARI ba="0,0" hai="4,5,7,40,42,50,52,56,64,65,66" m="5674" machi="7" ten="40,2700,0" yaku="8,1,54,1" doraHai="96" who="3" fromWho="3" sc="426,-7,95,-13,280,-7,199,27" /><INIT seed="6,0,0,4,0,23" ten="419,82,273,226" oya="2" hai0="76,79,60,39,14,124,8,111,4,121,88,53,77" hai1="24,132,101,105,22,89,83,108,102,113,2,103,42" hai2="18,104,98,54,116,67,122,100,96,127,26,66,63" hai3="0,91,69,10,73,38,125,48,107,55,71,118,72"/><V114/><F122/><W12/><G125/><T58/><D39/><U129/><E2/><V78/><F116/><W15/><G38/><T135/><D121/><U47/><E108/><V34/><F127/><W128/><G128/><T13/><D124/><U110/><E110/><V80/><F114/><W97/><G0/><T19/><D111/><U94/><E113/><V21/><F34/><W95/><G107/><T17/><D135/><U106/><E132/><V43/><F43/><W50/><G50/><T134/><D134/><U32/><E32/><V40/><F40/><W93/><G93/><T61/><D88/><U37/><E83/><V119/><F98/><W90/><G90/><T65/><D13/><U41/><E41/><V86/><F119/><W29/><G15/><T1/><D1/><U62/><E62/><V126/><F126/><W130/><G130/><T75/><D75/><U92/><E129/><V59/><AGARI ba="0,0" hai="18,21,26,54,59,63,66,67,78,80,86,96,100,104" machi="59" ten="30,3000,0" yaku="0,1,52,1" doraHai="23" who="2" fromWho="2" sc="419,-10,82,-10,273,30,226,-10" /><INIT seed="6,1,0,4,5,65" ten="409,72,303,216" oya="2" hai0="16,97,49,21,81,74,37,125,110,121,56,70,106" hai1="104,63,29,78,88,134,72,87,34,47,58,59,17" hai2="71,4,15,112,45,6,5,135,55,119,118,22,99" hai3="30,13,11,28,126,73,75,90,0,101,3,116,122"/><V115/><F135/><W68/><G122/><T57/><D37/><U44/><E104/><V42/><F55/><W107/><G116/><T12/><D110/><U25/><E134/><V9/><F99/><W127/><G75/><T111/><D111/><U82/><E17/><V86/><F86/><W39/><G39/><T114/><D121/><U124/><E124/><N who="3" m="47658" /><G73/><T40/><D70/><U117/><E117/><V67/><F22/><W109/><G90/><T84/><D74/><U62/><E59/><V60/><F119/><W89/><G89/><T85/><D85/><U1/><E1/><N who="3" m="586" /><G68/><T38/><D38/><U14/><E14/><V129/><F118/><W102/><G107/><T41/><D125/><U51/><E51/><N who="2" m="27063" /><F129/><W54/><G102/><T7/><D106/><U53/><REACH who="1" step="1"/><E63/><REACH who="1" ten="409,62,303,216" step="2"/><V96/><F15/><W31/><G13/><T76/><D49/><U24/><E24/><V64/><F60/><W36/><G36/><T130/><D12/><U18/><E18/><V27/><F27/><W83/><G109/><T48/><D16/><U113/><E113/><V79/><F115/><W132/><G132/><T120/><D48/><U128/><E128/><V2/><F112/><W33/><G30/><T80/><D130/><U61/><E61/><V100/><F5/><W77/><G28/><T94/><D7/><U105/><E105/><N who="2" m="63623" /><F6/><W108/><G31/><T66/><D114/><U103/><E103/><V35/><F4/><W23/><G101/><T43/><D57/><U26/><E26/><V52/><F2/><W95/><G108/><T32/><D56/><U91/><E91/><RYUUKYOKU ba="1,1" sc="409,-10,62,30,303,-10,216,-10" hai1="25,29,34,44,47,53,58,62,72,78,82,87,88" /><INIT seed="7,2,1,0,2,11" ten="399,92,293,206" oya="3" hai0="62,76,103,120,111,73,49,26,101,79,99,66,123" hai1="47,45,52,75,8,112,82,42,125,67,78,39,44" hai2="97,1,135,50,90,59,95,87,70,80,77,4,40" hai3="23,17,14,16,20,48,104,83,72,124,28,130,30"/><W74/><G104/><T32/><D111/><U10/><E112/><V113/><F70/><W19/><G124/><T108/><D108/><U46/><E125/><V51/><F113/><W33/><G130/><T118/><D118/><U129/><E129/><V133/><F1/><W71/><G71/><N who="0" m="42455" /><D103/><U37/><E67/><V106/><F106/><W13/><G33/><T57/><D57/><U126/><E126/><V9/><F135/><W0/><G0/><T128/><D49/><U61/><REACH who="1" step="1"/><E39/><REACH who="1" ten="399,82,293,206" step="2"/><V43/><F133/><W116/><G116/><T58/><D128/><U22/><E22/><V105/><F105/><W35/><G23/><T91/><D58/><U93/><E93/><V121/><F121/><W36/><G20/><T3/><D3/><U122/><E122/><V109/><F109/><W38/><G38/><T55/><D120/><U56/><AGARI ba="2,2" hai="8,10,37,42,44,45,46,47,52,56,61,75,78,82" machi="56" ten="30,4000,0" yaku="1,1,0,1,54,1,53,0" doraHai="11" doraHaiUra="100" who="1" fromWho="1" sc="399,-12,82,66,293,-12,206,-22" owari="387,49.0,148,-35.0,281,8.0,184,-22.0" /></mjloggm>