<mjloggm ver="2.3"><GO type="169" lobby="0"/><UN n0="%E8%B6%85%E4%BA%BA%EF%BC%AD" n1="%E3%83%B4%E3%82%A3%E3%83%B4%E3%82%A3%E3%82%A2%E3%83%B3" n2="%E3%83%88%E3%83%88%E3%83%AA%E5%85%88%E7%94%9F%31%39%E6%AD%B3" n3="%E3%83%AD%E3%83%83%E3%83%86%E9%9B%80%E7%90%83" dan="17,16,18,18" rate="2220.14,2060.73,2235.13,2247.53" sx="M,M,F,M"/><TAIKYOKU oya="0"/><INIT seed="0,0,0,1,1,61" ten="250,250,250,250" oya="0" hai0="126,90,55,5,121,36,123,41,15,132,8,110,37" hai1="6,114,51,91,60,65,81,101,4,31,117,64,78" hai2="46,43,19,107,39,40,68,111,88,92,12,33,32" hai3="96,84,17,94,59,76,45,118,89,53,75,11,104"/><T85/><D132/><U24/><E117/><V73/><F73/><W3/><G118/><T87/><D87/><U105/><E114/><V52/><F111/><W28/><G28/><T100/><D126/><U119/><E119/><V134/><F134/><W67/><G45/><T115/><D115/><U129/><E129/><V102/><F68/><W108/><G108/><T47/><D110/><U49/><E91/><V7/><F7/><W20/><G75/><T38/><D55/><U34/><E4/><V128/><F128/><W77/><G11/><T125/><D100/><U27/><E6/><V48/><F107/><W122/><G3/><T18/><D5/><U0/><E0/><V130/><F102/><W44/><G44/><T50/><REACH who="0" step="1"/><D125/><REACH who="0" ten="240,250,250,250" step="2"/><U2/><E2/><V95/><F130/><W70/><G53/><T112/><D112/><U29/><E101/><V82/><F43/><W71/><G84/><T16/><D16/><U116/><E116/><V9/><F82/><AGARI ba="0,1" hai="8,15,18,36,37,38,41,47,50,82,85,90,121,123" machi="82" ten="40,2000,0" yaku="1,1,53,0" doraHai="61" doraHaiUra="127" who="0" fromWho="2" sc="240,30,250,0,250,-20,250,0" /><INIT seed="0,1,0,4,2,55" ten="270,250,230,250" oya="0" hai0="105,108,71,83,27,25,124,88,86,6,41,104,39" hai1="92,70,0,96,119,64,103,131,54,84,23,109,130" hai2="73,11,46,72,34,78,44,19,7,81,9,38,29" hai3="107,61,82,69,122,101,127,14,112,75,33,53,1"/><T76/><D71/><U59/><E0/><V63/><F72/><W58/><G1/><T79/><D124/><U2/><E2/><V35/><F29/><W120/><G33/><T77/><D6/><U135/><E119/><V60/><F19/><W89/><G112/><T3/><D3/><U125/><E109/><V91/><F91/><W10/><G127/><T18/><D108/><U48/><E125/><V100/><F100/><W114/><G114/><T22/><REACH who="0" step="1"/><D27/><REACH who="0" ten="260,250,230,250" step="2"/><U40/><E70/><V118/><F7/><W110/><G69/><T95/><D95/><U21/><E135/><V99/><F118/><W12/><G110/><T13/><D13/><U113/><E113/><V123/><F123/><W57/><G12/><T121/><D121/><U94/><E131/><V32/><F32/><W126/><G126/><T97/><D97/><U8/><E130/><V36/><F99/><W47/><G14/><T134/><D134/><U16/><E94/><V50/><F35/><W128/><G128/><T117/><D117/><U93/><E93/><V20/><F34/><W106/><G122/><T129/><D129/><U15/><E96/><V17/><F9/><W56/><G10/><T111/><D111/><U52/><E8/><V31/><F11/><W115/><G120/><T30/><D30/><U102/><E21/><V132/><F31/><W62/><G115/><T66/><D66/><U24/><E64/><V49/><F132/><W26/><G26/><T4/><D4/><U133/><E24/><V45/><F20/><W85/><G107/><T28/><D28/><U116/><E133/><RYUUKYOKU ba="1,1" sc="260,30,250,-10,230,-10,250,-10" hai0="18,22,25,39,41,76,77,79,83,86,88,104,105" /><INIT seed="0,2,1,3,4,0" ten="290,240,220,240" oya="0" hai0="37,132,19,14,94,63,28,123,78,106,56,125,18" hai1="118,122,116,44,105,6,1,86,96,54,117,62,9" hai2="47,75,67,127,29,77,58,7,93,90,68,17,92" hai3="66,103,74,20,100,133,60,119,114,25,97,113,48"/><T8/><D106/><U55/><E122/><V31/><F68/><W69/><G119/><T128/><D37/><U129/><E129/><V38/><F127/><W23/><G74/><T99/><D123/><U4/><E4/><V120/><F120/><W51/><G133/><T80/><D28/><U85/><E105/><V76/><F17/><W35/><G103/><T59/><D125/><U81/><E86/><V95/><F90/><W107/><G20/><T84/><D132/><U42/><E96/><V43/><F67/><W121/><G121/><T24/><D128/><U39/><REACH who="1" step="1"/><E62/><REACH who="1" ten="290,230,220,240" step="2"/><V88/><F7/><W108/><G108/><T73/><D73/><U89/><AGARI ba="2,2" hai="1,6,9,39,42,44,54,55,81,85,89,116,117,118" machi="89" ten="30,7900,0" yaku="1,1,2,1,0,1,52,1,53,0" doraHai="0" doraHaiUra="53" who="1" fromWho="1" sc="290,-41,230,105,220,-22,240,-22" /><INIT seed="1,0,0,2,1,21" ten="249,335,198,218" oya="1" hai0="26,32,47,70,119,100,59,12,132,4,68,54,28" hai1="61,104,71,96,110,75,2,116,39,0,18,67,55" hai2="79,108,80,121,53,51,63,118,43,6,46,56,65" hai3="94,7,107,95,87,62,17,37,125,124,106,29,11"/><U120/><E75/><V91/><F108/><W76/><G37/><T60/><D119/><U111/><E39/><V81/><F118/><W117/><G117/><T66/><D132/><U123/><E116/><V19/><F121/><W109/><G109/><T15/><D100/><U131/><E55/><V85/><F6/><W134/><G17/><T1/><D47/><U128/><E18/><V27/><F81/><N who="3" m="47527" /><G62/><T40/><D40/><U45/><E45/><V69/><F19/><W10/><G29/><T72/><D72/><U130/><E110/><V31/><F79/><W49/><G49/><T93/><D93/><N who="3" m="35337" /><G11/><T77/><D77/><U114/><E111/><V133/><F133/><W33/><G33/><T105/><D105/><U97/><E114/><V113/><F113/><W88/><G134/><T5/><D70/><U74/><E74/><V20/><REACH who="2" step="1"/><F69/><REACH who="2" ten="249,335,188,218" step="2"/><W101/><G7/><T64/><D5/><U8/><E123/><V135/><F135/><W83/><G83/><T129/><D68/><U112/><E120/><V36/><F36/><W38/><G38/><T22/><D1/><U126/><E112/><V13/><F13/><W103/><G125/><T50/><D15/><U30/><E126/><V57/><F57/><W58/><G58/><T90/><D4/><N who="1" m="1031" /><E2/><V44/><F44/><W41/><G124/><T78/><D12/><U9/><E128/><V82/><F82/><W84/><G103/><T3/><D3/><U73/><E131/><V89/><F89/><W34/><G88/><T14/><D129/><U115/><E130/><V92/><F92/><W48/><G101/><RYUUKYOKU ba="0,1" sc="249,-10,335,-10,188,30,218,-10" hai2="20,27,31,43,46,51,53,56,63,65,80,85,91" /><INIT seed="2,1,1,2,0,83" ten="239,325,218,208" oya="2" hai0="46,78,114,88,68,19,133,22,89,57,118,119,20" hai1="112,2,11,115,9,26,127,99,27,63,79,72,49" hai2="116,53,96,113,117,33,122,107,55,7,66,13,3" hai3="120,37,85,50,91,82,61,24,130,56,16,21,101"/><V98/><F113/><W81/><G130/><T75/><D68/><U17/><E127/><V126/><F122/><W74/><G37/><T70/><D70/><U102/><E112/><V92/><F3/><W109/><G109/><T4/><D114/><U110/><E115/><V8/><F33/><W52/><G101/><T105/><D105/><U31/><E110/><V38/><F126/><W64/><G120/><T54/><D4/><U29/><E2/><V12/><F38/><W40/><G40/><T69/><D69/><U30/><E79/><V48/><F66/><W95/><G74/><T32/><D32/><U58/><E72/><V44/><F13/><W41/><G41/><T36/><D78/><U73/><E49/><V134/><F134/><W111/><G111/><T15/><D22/><U47/><E47/><AGARI ba="1,1" hai="16,21,24,47,50,52,56,61,64,81,82,85,91,95" machi="47" ten="30,8000,1" yaku="7,1,8,1,52,1,54,2" doraHai="83" who="3" fromWho="1" sc="239,0,325,-83,218,0,208,93" /><INIT seed="3,0,0,5,5,30" ten="239,242,218,301" oya="3" hai0="128,66,101,5,106,25,32,93,81,47,62,127,71" hai1="45,24,53,63,118,4,123,75,17,77,84,60,0" hai2="26,34,110,57,6,69,73,44,29,36,15,119,43" hai3="102,116,14,86,40,111,7,114,1,83,131,56,96"/><W33/><G1/><T115/><D5/><U70/><E75/><V129/><F119/><W22/><G114/><T51/><D115/><U13/><E123/><V37/><F73/><W105/><G116/><T10/><D10/><U9/><E118/><V130/><F69/><W112/><G112/><T104/><D81/><U76/><E70/><V58/><F37/><W35/><G131/><N who="2" m="50185" /><F110/><W27/><G111/><T107/><D127/><U108/><E108/><V90/><F90/><W99/><G40/><T52/><D128/><U18/><E24/><V78/><F78/><W28/><G99/><N who="0" m="61503" /><D93/><U65/><E65/><V89/><F89/><W20/><G56/><N who="2" m="21609" /><F15/><W12/><G12/><T39/><D39/><U8/><E17/><V100/><F6/><W126/><G126/><T133/><D133/><U117/><E117/><V3/><F100/><W54/><G54/><T85/><D85/><U38/><E38/><V135/><F3/><W121/><G121/><T31/><AGARI ba="0,0" hai="25,31,32,47,51,52,62,66,71,106,107" m="61503" machi="31" ten="30,4000,0" yaku="25,1,52,1,54,1" doraHai="30" who="0" fromWho="0" sc="239,40,242,-10,218,-10,301,-20" /><INIT seed="4,0,0,5,3,107" ten="279,232,208,281" oya="0" hai0="135,43,29,115,72,120,10,1,59,87,2,14,22" hai1="134,7,75,103,74,86,105,82,131,26,19,9,70" hai2="53,3,5,20,77,39,31,97,42,116,36,83,38" hai3="110,50,49,76,118,99,12,91,24,57,119,56,73"/><T30/><D43/><U47/><E70/><V15/><F116/><W55/><G110/><T80/><D120/><U32/><E134/><V90/><F3/><W11/><G24/><T114/><D59/><U0/><E131/><V13/><F42/><W88/><G50/><T95/><D95/><U117/><E117/><V35/><F35/><W8/><G56/><T93/><D93/><U25/><E103/><V96/><F53/><W66/><G66/><T78/><D87/><U98/><E98/><V4/><F90/><W68/><G68/><T69/><D69/><U71/><E71/><V23/><F31/><N who="0" m="11786" /><D22/><U109/><E105/><V60/><F38/><W133/><G99/><T92/><D92/><U111/><E32/><V113/><F83/><W48/><G57/><T51/><D51/><U121/><E47/><V52/><F77/><W54/><G76/><T123/><D123/><U33/><E33/><V44/><F44/><W40/><G40/><T104/><D104/><U124/><E121/><V100/><F100/><W127/><G119/><T125/><D135/><U94/><E94/><V6/><F52/><W101/><G133/><T102/><D125/><U27/><E19/><V45/><F45/><W112/><G127/><T21/><D21/><U58/><E58/><V89/><F39/><W85/><G101/><T16/><D102/><U81/><E124/><V18/><F36/><W34/><G34/><T84/><D84/><U108/><E82/><V63/><F96/><W37/><G37/><T128/><D128/><U41/><E41/><V65/><F97/><W126/><G118/><RYUUKYOKU ba="0,0" sc="279,15,232,15,208,-15,281,-15" hai0="1,2,10,14,16,72,78,80,114,115" hai1="0,7,9,25,26,27,74,75,81,86,108,109,111" /><INIT seed="4,1,0,1,3,44" ten="294,247,193,266" oya="0" hai0="34,110,42,112,43,36,128,29,103,72,14,97,108" hai1="71,61,84,134,98,132,50,119,107,89,82,115,120" hai2="81,131,24,18,15,70,8,31,117,96,19,11,79" hai3="118,67,123,9,60,5,73,59,75,111,2,77,38"/><T40/><D36/><U13/><E119/><V91/><F70/><W65/><G111/><N who="0" m="42539" /><D72/><U86/><E120/><V23/><F131/><W95/><G118/><T100/><D128/><U101/><E71/><V58/><F117/><W32/><G32/><T113/><D14/><U47/><E61/><V68/><F68/><W22/><G67/><T135/><D135/><U105/><E13/><V114/><F114/><N who="0" m="44138" /><D97/><U4/><E4/><V99/><F91/><W121/><G38/><T129/><D129/><U37/><E37/><V109/><F109/><W104/><G75/><T87/><D87/><U39/><E39/><V94/><F11/><W1/><G9/><T17/><D17/><U124/><E115/><V83/><F19/><W0/><G5/><T35/><D29/><U53/><E124/><V69/><F69/><W106/><G0/><T93/><D93/><U125/><E125/><V55/><F94/><W10/><G95/><T12/><D12/><U45/><E45/><V64/><F83/><N who="3" m="45487" /><G1/><T88/><D88/><U92/><REACH who="1" step="1"/><E86/><REACH who="1" ten="294,237,193,266" step="2"/><N who="2" m="48447" /><F64/><W90/><G65/><T16/><D16/><U46/><E46/><V133/><F133/><AGARI ba="1,1" hai="47,50,53,82,84,89,92,98,101,105,107,132,133,134" machi="133" ten="40,5200,0" yaku="1,1,20,1,52,1,53,0" doraHai="44" doraHaiUra="30" who="1" fromWho="2" sc="294,0,237,65,193,-55,266,0" /><INIT seed="5,0,0,1,3,52" ten="294,302,138,266" oya="1" hai0="88,116,111,79,43,132,32,42,91,115,95,27,83" hai1="104,135,109,23,99,9,128,134,82,120,105,117,118" hai2="35,124,121,78,12,48,45,63,71,50,74,46,10" hai3="0,24,85,130,61,67,103,94,96,53,65,19,86"/><U17/><E9/><V81/><F121/><W8/><G130/><T30/><D116/><N who="1" m="44651" /><E17/><V34/><F124/><W38/><G38/><T110/><D132/><N who="1" m="50731" /><E23/><V68/><F68/><W125/><G125/><T87/><D115/><U62/><E62/><V72/><F72/><W58/><G0/><T64/><D64/><N who="3" m="24649" /><G24/><T3/><D3/><U7/><E7/><V97/><F97/><W5/><G5/><T131/><D131/><U4/><E4/><V66/><F12/><AGARI ba="0,0" hai="8,12,19,53,58,61,85,86,94,96,103" m="24649" machi="12" ten="30,2000,0" yaku="8,1,52,1" doraHai="52" who="3" fromWho="2" sc="294,0,302,0,138,-20,266,20" /><INIT seed="6,0,0,1,5,105" ten="294,302,118,286" oya="2" hai0="64,3,79,50,57,31,4,73,15,35,27,94,117" hai1="49,19,100,81,13,38,129,87,10,106,75,48,133" hai2="115,80,46,131,32,33,68,86,103,110,12,99,124" hai3="135,51,59,52,119,113,2,102,111,17,132,89,26"/><V56/><F68/><W53/><G111/><T83/><D117/><U74/><E38/><V134/><F110/><W11/><G119/><T23/><D94/><U82/><E133/><N who="3" m="51274" /><G102/><T42/><D64/><U18/><E129/><V96/><F131/><W97/><G113/><T109/><D109/><U122/><E122/><V125/><F134/><W66/><G66/><T61/><D61/><U108/><E108/><V114/><F12/><W71/><G71/><T63/><D63/><U65/><E65/><V121/><F56/><W98/><G89/><T37/><D57/><U30/><E30/><V93/><F46/><W107/><G107/><T91/><D50/><U126/><E126/><N who="2" m="48747" /><F121/><W45/><G26/><T95/><D3/><U41/><E82/><V127/><N who="2" m="48755" /><V90/><DORA hai="101" /><F33/><W55/><G2/><T22/><D15/><U43/><E43/><V25/><F25/><W62/><G55/><T44/><REACH who="0" step="1"/><D4/><REACH who="0" ten="284,302,118,286" step="2"/><U120/><E120/><V40/><F40/><W47/><G47/><T54/><D54/><U60/><E41/><V5/><F5/><W69/><G69/><T128/><D128/><U9/><E13/><AGARI ba="0,1" hai="11,13,17,45,51,52,53,59,62,97,98" m="51274" machi="13" ten="30,2000,0" yaku="20,1,54,1" doraHai="105,101" who="3" fromWho="1" sc="284,0,302,-20,118,0,286,30" /><INIT seed="7,0,0,2,3,46" ten="284,282,118,316" oya="3" hai0="1,62,72,35,103,40,108,97,49,135,12,14,2" hai1="27,75,36,93,28,92,126,19,55,6,116,95,94" hai2="31,83,132,119,51,102,7,107,85,115,122,100,76" hai3="15,106,60,105,90,110,79,96,131,66,63,128,99"/><W109/><G79/><T98/><D35/><U80/><E36/><V10/><F119/><W57/><G15/><T11/><D72/><U121/><E121/><V64/><F115/><W21/><G21/><T18/><D108/><N who="3" m="41577" /><G63/><T123/><D123/><U39/><E39/><V91/><F132/><W53/><G53/><T130/><D135/><U13/><E116/><V112/><F112/><W124/><G124/><T54/><D130/><N who="3" m="49705" /><G90/><T87/><D2/><U23/><E126/><V68/><F122/><W84/><G84/><T32/><D1/><U134/><E6/><V52/><F31/><W117/><G117/><T89/><D32/><U29/><E134/><V3/><F64/><W74/><G74/><T73/><D73/><U42/><E42/><V30/><F68/><W8/><G8/><N who="0" m="6407" /><D103/><U37/><E37/><V120/><F120/><W61/><G61/><T20/><D62/><U86/><E75/><V127/><F127/><W58/><G58/><N who="0" m="33103" /><D20/><U34/><E29/><V17/><F30/><W114/><G114/><T4/><D40/><U101/><E101/><V77/><F17/><W22/><G22/><T70/><D70/><U45/><N who="1" m="24064" /><DORA hai="88" /><U69/><E69/><V16/><F16/><W104/><AGARI ba="0,0" hai="57,60,66,96,99,104,105,106" m="49705,41577" machi="104" ten="40,3900,0" yaku="10,1,19,1" doraHai="46,88" who="3" fromWho="3" sc="284,-13,282,-13,118,-13,316,39" owari="271,7.0,269,-13.0,105,-39.0,355,45.0" /></mjloggm>