<mjloggm ver="2.3"><GO type="169" lobby="0"/><UN n0="%E3%82%A6%E3%83%AB%E3%83%88%E3%83%A9%E7%AB%8B%E7%9B%B4" n1="%E2%98%86%E3%82%92%E3%82%8F%E3%82%93%E2%98%86" n2="%73%68%61%70%65%6C%65%72" n3="%E3%81%AD%E3%82%8A%E3%82%B4%E3%83%9E" dan="18,16,16,16" rate="2241.46,2116.98,2156.20,2098.51" sx="M,M,M,M"/><TAIKYOKU oya="0"/><INIT seed="0,0,0,4,1,129" ten="250,250,250,250" oya="0" hai0="40,26,48,84,106,128,10,68,32,107,46,95,132" hai1="0,72,121,16,30,54,14,81,57,11,96,31,34" hai2="79,90,87,12,67,4,18,2,94,37,66,105,126" hai3="24,101,43,15,41,52,33,70,71,122,99,53,110"/><T112/><D112/><U103/><E121/><V77/><F105/><W21/><G122/><T3/><D68/><U91/><E34/><V5/><F37/><W6/><G70/><T115/><D115/><U78/><E91/><V124/><F2/><W131/><G71/><T38/><D128/><U80/><E80/><V51/><F51/><W8/><G110/><T97/><D84/><U88/><E0/><V20/><F124/><W42/><G131/><T113/><D113/><U135/><E135/><V69/><F69/><W127/><G33/><T45/><D132/><U23/><E11/><V36/><F36/><W74/><G74/><T134/><D134/><U27/><E14/><V118/><F118/><W62/><G62/><T117/><D117/><U75/><E75/><V89/><F89/><W58/><G58/><T82/><D82/><U64/><E64/><N who="2" m="24619" /><F126/><W49/><G127/><T100/><D10/><U47/><E47/><V60/><F60/><W98/><G49/><T56/><D56/><U119/><E119/><V123/><F123/><W83/><G83/><T114/><D3/><U92/><E103/><V28/><F28/><N who="3" m="17423" /><G101/><T55/><REACH who="0" step="1"/><D114/><REACH who="0" ten="240,250,250,250" step="2"/><U1/><REACH who="1" step="1"/><E1/><REACH who="1" ten="240,240,250,250" step="2"/><V7/><AGARI ba="0,2" hai="4,5,7,12,18,20,77,79,87,90,94" m="24619" machi="7" ten="30,1100,0" yaku="8,1" doraHai="129" who="2" fromWho="2" sc="240,-5,240,-3,250,31,250,-3" /><INIT seed="1,0,0,1,2,31" ten="235,237,281,247" oya="1" hai0="85,15,28,109,13,25,38,127,35,111,9,71,27" hai1="96,77,126,92,132,94,112,61,86,26,99,135,16" hai2="115,93,30,10,105,76,54,42,21,113,120,82,36" hai3="50,63,46,119,70,40,101,62,60,67,128,57,97"/><U7/><E112/><V39/><F105/><W100/><G97/><T12/><D38/><U14/><E126/><V69/><F69/><W22/><G101/><T65/><D85/><U79/><E7/><V55/><F10/><W56/><G100/><T114/><D65/><U123/><E123/><V34/><F21/><W134/><G22/><T0/><D71/><U110/><E110/><N who="0" m="41993" /><D127/><U32/><E61/><N who="3" m="23658" /><G119/><T81/><D81/><U102/><E86/><V58/><F93/><W75/><G75/><T66/><D66/><U51/><E51/><V116/><F116/><W23/><G23/><T117/><D117/><U83/><E83/><V53/><F120/><W59/><G134/><N who="1" m="51242" /><E94/><V106/><F106/><W122/><G122/><T37/><D37/><U125/><E96/><V1/><F36/><N who="3" m="21767" /><G128/><T124/><D124/><U88/><E102/><V84/><F1/><W80/><G80/><T91/><D91/><U103/><E103/><V95/><F95/><W47/><G47/><T5/><D27/><U49/><E125/><V74/><F74/><W90/><G90/><T44/><D44/><U29/><E49/><AGARI ba="0,0" hai="49,50,56,57,59,63,67,70" m="21767,23658" machi="49" ten="30,8000,1" yaku="35,5" doraHai="31" who="3" fromWho="1" sc="235,0,237,-80,281,0,247,80" /><INIT seed="2,0,0,1,3,31" ten="235,157,281,327" oya="2" hai0="2,55,48,5,110,111,24,85,87,134,40,60,14" hai1="56,132,37,128,7,91,64,9,23,96,81,98,66" hai2="30,36,61,106,70,15,39,43,74,50,41,76,52" hai3="33,115,42,125,83,17,16,109,54,35,32,105,94"/><V131/><F106/><W46/><G105/><T29/><D2/><U18/><E37/><V63/><F30/><W26/><G109/><T20/><D134/><U73/><E132/><V104/><F104/><W117/><G117/><T0/><D0/><U130/><E73/><V49/><F15/><W10/><G125/><T112/><D112/><U77/><E77/><V27/><F27/><W99/><G115/><T84/><D40/><N who="2" m="15434" /><F76/><W101/><G54/><T28/><D28/><U65/><E81/><V93/><F93/><W72/><G26/><T21/><D60/><U127/><E127/><V124/><F74/><W62/><G62/><T59/><D5/><U34/><E34/><V1/><F1/><W120/><G120/><T69/><D69/><U108/><E91/><V102/><F102/><W45/><G10/><T88/><D88/><U58/><E9/><V107/><F107/><W12/><G12/><T89/><D89/><U25/><E7/><V4/><F4/><W6/><G6/><T3/><D3/><U78/><E78/><V86/><F86/><W57/><G57/><T38/><D38/><N who="2" m="14378" /><F124/><W123/><G123/><T51/><D14/><U47/><E25/><V11/><F11/><W79/><REACH who="3" step="1"/><G42/><REACH who="3" ten="235,157,281,317" step="2"/><T113/><D113/><U92/><E18/><AGARI ba="0,1" hai="16,17,18,32,33,35,45,46,72,79,83,94,99,101" machi="18" ten="40,12000,2" yaku="1,1,2,1,52,3,54,1,53,0" doraHai="31" doraHaiUra="135" who="3" fromWho="1" sc="235,0,157,-120,281,0,317,130" /><INIT seed="3,0,0,2,5,69" ten="235,37,281,447" oya="3" hai0="68,23,127,47,97,53,85,18,43,48,95,52,3" hai1="72,103,110,128,67,78,118,30,46,108,93,66,26" hai2="7,102,73,119,40,79,63,86,76,87,13,56,96" hai3="99,15,55,20,11,27,39,131,37,101,130,51,64"/><W113/><G113/><T19/><D3/><U124/><E118/><V10/><F40/><W28/><G64/><T90/><D68/><U32/><E128/><N who="3" m="49194" /><G55/><T107/><D127/><U21/><E124/><V4/><F4/><N who="3" m="3559" /><G51/><T33/><D33/><U100/><E103/><V65/><F119/><W92/><AGARI ba="0,0" hai="20,27,28,37,39,92,99,101" m="3559,49194" machi="92" ten="30,6000,0" yaku="19,1,52,2" doraHai="69" who="3" fromWho="3" sc="235,-20,37,-20,281,-20,447,60" /><INIT seed="3,1,0,3,1,104" ten="215,17,261,507" oya="3" hai0="126,75,8,44,47,106,16,13,35,38,42,40,128" hai1="24,1,19,103,26,113,9,72,133,125,60,59,131" hai2="108,63,61,55,127,43,56,123,23,28,2,62,21" hai3="11,49,73,45,89,20,50,80,37,66,54,132,101"/><W82/><G132/><T77/><D106/><U85/><E113/><V90/><F2/><W36/><G101/><T46/><D126/><U100/><E125/><V122/><F127/><W102/><G102/><T74/><D128/><U109/><E26/><V12/><F43/><W41/><G66/><T116/><D116/><U39/><E39/><V124/><F124/><W86/><G20/><T110/><D110/><U31/><E131/><V65/><F108/><W130/><G130/><T7/><D35/><U107/><E133/><V69/><F63/><W14/><G80/><T70/><D70/><U51/><E51/><V99/><F28/><W53/><G41/><T67/><D67/><U22/><E72/><V52/><F55/><W27/><G27/><T18/><D47/><U96/><E103/><V94/><REACH who="2" step="1"/><F12/><REACH who="2" ten="215,17,251,507" step="2"/><W92/><G36/><T135/><D135/><U48/><E109/><V79/><F79/><N who="3" m="46431" /><G37/><T78/><D78/><U118/><E118/><V58/><F58/><W3/><G3/><T117/><D117/><U95/><E48/><V4/><F4/><N who="3" m="3431" /><G50/><T119/><D119/><U134/><E134/><V57/><F57/><W17/><G53/><T68/><D77/><U112/><E112/><V6/><F6/><W84/><G17/><T10/><D38/><U76/><E1/><V121/><AGARI ba="1,1" hai="21,23,52,56,61,62,65,69,90,94,99,121,122,123" machi="121" ten="30,8000,1" yaku="1,1,0,1,13,1,54,1,53,1" doraHai="104" doraHaiUra="91" who="2" fromWho="2" sc="215,-21,17,-21,251,93,507,-41" owari="194,-21.0,-4,-50.0,344,14.0,466,57.0" /></mjloggm>