<mjloggm ver="2.3"><GO type="169" lobby="0"/><UN n0="%E9%8A%80%E3%81%B0%E3%81%95%E3%81%BF" n1="%E5%B0%B1%E6%B4%BB%E7%94%9F%40%E5%B7%9D%E6%9D%91%E8%BB%8D%E5%9B%A3" n2="%4B%E3%80%82" n3="%41%79%6F%75%46" dan="18,17,17,18" rate="2229.99,2187.26,2147.59,2196.56" sx="M,M,M,M"/><TAIKYOKU oya="0"/><INIT seed="0,0,0,2,3,52" ten="250,250,250,250" oya="0" hai0="129,35,75,29,94,108,83,72,120,34,60,126,80" hai1="39,58,10,124,86,63,5,95,57,21,128,89,51" hai2="100,134,43,85,16,38,106,8,93,97,123,46,48" hai3="12,104,23,32,105,27,9,26,133,110,74,78,61"/><T44/><D120/><U37/><E124/><V65/><F123/><W76/><G110/><T96/><D126/><U107/><E107/><V90/><F134/><W119/><G119/><T50/><D129/><U79/><E128/><V121/><F121/><W3/><G27/><T13/><D108/><U77/><E39/><V98/><F65/><W41/><G41/><T42/><D13/><N who="1" m="5327" /><E37/><V7/><F38/><W53/><G133/><T2/><D2/><U91/><E21/><V36/><F36/><W45/><G32/><T87/><D83/><N who="1" m="49375" /><E51/><V113/><F113/><W103/><G3/><T20/><D20/><U73/><E73/><V88/><F16/><W18/><G74/><T70/><D70/><U116/><E116/><V132/><F132/><W125/><G125/><T28/><D34/><U99/><E63/><V40/><F40/><W67/><G105/><T31/><D35/><U0/><E0/><V109/><F109/><W11/><G103/><T25/><D25/><U22/><E22/><V6/><REACH who="2" step="1"/><F8/><REACH who="2" ten="250,250,240,250" step="2"/><W84/><G11/><T111/><D111/><U82/><E82/><AGARI ba="0,1" hai="6,7,43,46,48,82,85,88,90,93,97,98,100,106" machi="82" ten="30,7700,0" yaku="1,1,2,1,7,1,54,1,53,0" doraHai="52" doraHaiUra="118" who="2" fromWho="1" sc="250,0,250,-77,240,87,250,0" /><INIT seed="1,0,0,2,1,3" ten="250,173,327,250" oya="1" hai0="124,92,116,132,123,69,32,27,71,96,83,30,31" hai1="130,5,87,95,25,0,54,118,94,4,100,107,88" hai2="2,117,67,7,128,28,52,8,85,82,62,24,89" hai3="15,12,86,80,109,18,41,105,13,21,110,60,93"/><U129/><E118/><V29/><F128/><N who="1" m="49257" /><E0/><V9/><F117/><W22/><G105/><T55/><D116/><U6/><E25/><V125/><F125/><W56/><G41/><T84/><D124/><U40/><E40/><V120/><F120/><W17/><G93/><T99/><D132/><U23/><E23/><V106/><F106/><W72/><G72/><T14/><D123/><U51/><E107/><V97/><F97/><W121/><G121/><T74/><D74/><U119/><E119/><V48/><F24/><W10/><G86/><T58/><D31/><U75/><E75/><V114/><F114/><W37/><G80/><T39/><D39/><U61/><E61/><V11/><F29/><W47/><G47/><T38/><D38/><U90/><E100/><V26/><F67/><W127/><G37/><T115/><D115/><U131/><E131/><V1/><F62/><W133/><G127/><T57/><D14/><U19/><E19/><V112/><F112/><W45/><G45/><T76/><D99/><N who="1" m="57799" /><E5/><V134/><F2/><W64/><G133/><T65/><D27/><U91/><E91/><V63/><F63/><W42/><G42/><T43/><D43/><U108/><E108/><V66/><F134/><W103/><G103/><T98/><D98/><U122/><E122/><V49/><F49/><W68/><G68/><T20/><D71/><U126/><E126/><V50/><F48/><W78/><G78/><T70/><D69/><U46/><AGARI ba="0,0" hai="4,6,46,51,54,87,90,95" m="57799,49257" machi="46" ten="30,11700,0" yaku="19,1,52,2,54,1" doraHai="3" who="1" fromWho="1" sc="250,-39,173,117,327,-39,250,-39" /><INIT seed="1,1,0,0,5,56" ten="211,290,288,211" oya="1" hai0="62,44,24,18,29,127,125,10,87,135,39,26,12" hai1="19,78,98,112,23,107,80,120,124,27,28,70,92" hai2="121,122,102,117,32,22,31,104,75,73,47,15,2" hai3="9,130,7,119,16,36,97,129,33,43,5,93,132"/><U113/><E107/><V38/><F117/><W95/><G33/><T52/><D87/><U3/><E120/><V71/><F2/><W34/><G34/><T46/><D135/><U40/><E124/><N who="0" m="47689" /><D39/><U105/><E105/><V49/><F38/><W69/><G69/><T109/><D109/><U0/><E70/><V66/><F15/><N who="3" m="7279" /><G93/><T41/><D41/><U91/><E40/><V25/><F22/><W72/><G72/><T50/><D26/><U84/><REACH who="1" step="1"/><E28/><REACH who="1" ten="211,280,288,211" step="2"/><V63/><F122/><W76/><G119/><T68/><D68/><U100/><E100/><V45/><F121/><W77/><G132/><T96/><D96/><U79/><E79/><V126/><F126/><W53/><G77/><T118/><D118/><U51/><E51/><V86/><F102/><W67/><G76/><T103/><D103/><U55/><E55/><V89/><F104/><W110/><G53/><T54/><D54/><U1/><AGARI ba="1,1" hai="0,1,3,19,23,27,78,80,84,91,92,98,112,113" machi="1" ten="30,6000,0" yaku="1,1,0,1,53,1" doraHai="56" doraHaiUra="17" who="1" fromWho="1" sc="211,-21,280,73,288,-21,211,-21" /><INIT seed="1,2,0,5,2,38" ten="190,353,267,190" oya="1" hai0="22,16,64,12,19,102,128,36,59,134,131,84,7" hai1="11,1,21,23,15,58,71,45,30,101,31,99,132" hai2="63,78,113,14,5,116,67,108,62,54,6,41,55" hai3="77,122,93,126,119,88,90,100,125,92,49,103,27"/><U76/><E71/><V4/><F116/><W112/><G27/><T83/><D102/><N who="3" m="38953" /><G49/><T56/><D7/><U86/><E1/><V29/><F108/><W18/><G18/><T0/><D0/><U37/><E132/><V70/><F78/><W74/><G122/><T69/><D36/><U20/><E58/><V39/><F113/><W32/><G32/><T66/><D134/><U3/><E3/><V109/><F109/><W80/><G112/><T124/><D124/><N who="3" m="47721" /><G119/><T81/><D84/><U34/><E34/><V135/><F135/><W123/><G123/><T40/><D69/><U120/><E120/><V28/><F14/><W97/><G97/><T10/><D12/><U129/><E129/><V43/><F39/><W13/><G13/><T26/><D26/><U111/><E111/><V82/><F6/><W85/><G90/><T127/><D127/><U107/><E11/><V94/><F70/><W50/><G50/><T87/><D87/><U9/><E9/><V105/><F67/><W53/><G53/><T91/><D10/><U47/><E15/><V65/><F65/><W73/><G73/><T118/><D118/><U104/><E37/><V60/><F55/><W52/><G52/><T106/><D91/><U68/><E68/><V33/><F54/><W95/><AGARI ba="2,0" hai="74,77,80,85,88,92,93,95" m="47721,38953" machi="95" ten="30,7900,0" yaku="18,1,34,2,54,1" doraHai="38" who="3" fromWho="3" sc="190,-22,353,-41,267,-22,190,85" /><INIT seed="2,0,0,4,3,36" ten="168,312,245,275" oya="2" hai0="115,123,0,72,111,23,44,14,57,10,55,7,132" hai1="93,38,113,100,56,73,29,116,18,24,22,64,77" hai2="109,19,52,17,78,34,3,99,54,131,48,87,68" hai3="58,79,122,118,97,31,80,107,25,114,13,62,108"/><V103/><F131/><W121/><G118/><T74/><D123/><U104/><E104/><V120/><F120/><W130/><G130/><T27/><D115/><U37/><E113/><V16/><F109/><W12/><G114/><T5/><D132/><U133/><E133/><V135/><F135/><W65/><G108/><T1/><D111/><U71/><E71/><V81/><F34/><W117/><G117/><T41/><D14/><U105/><E105/><V30/><F30/><W53/><G13/><T70/><D70/><U59/><E59/><V94/><F68/><W134/><G134/><T63/><D5/><U125/><E125/><V40/><F3/><W89/><G12/><T4/><D4/><U110/><E110/><V26/><F26/><W2/><G2/><T47/><D47/><AGARI ba="0,0" hai="16,17,19,40,47,48,52,54,78,81,87,94,99,103" machi="47" ten="40,12000,1" yaku="8,1,52,1,54,2" doraHai="36" who="2" fromWho="0" sc="168,-120,312,0,245,120,275,0" /><INIT seed="2,1,0,5,0,135" ten="48,312,365,275" oya="2" hai0="95,134,94,130,9,33,71,17,44,98,37,108,3" hai1="0,47,50,101,109,97,89,128,78,120,26,74,23" hai2="131,60,115,77,100,133,84,125,30,15,43,56,55" hai3="102,63,2,62,10,58,69,122,123,7,12,114,40"/><V75/><F115/><W18/><G114/><T29/><D71/><U72/><E109/><V126/><F133/><W92/><G40/><T46/><D134/><U88/><E0/><V51/><F131/><W107/><G107/><T20/><D108/><U124/><E120/><V117/><F117/><W118/><G118/><T6/><D130/><U91/><E128/><V132/><F132/><W53/><G102/><T110/><D110/><U39/><E39/><V64/><F100/><W52/><G92/><T85/><D85/><U45/><E45/><V24/><F75/><W111/><G111/><T54/><D37/><U38/><E38/><V93/><F15/><W32/><G32/><T25/><D54/><U27/><E27/><V35/><F43/><W34/><G34/><T1/><D1/><U11/><E11/><V19/><F19/><W41/><G41/><T119/><D119/><U67/><E67/><V28/><F28/><W13/><G2/><T59/><D59/><U22/><E74/><V36/><F36/><W113/><G113/><T48/><D48/><U8/><E8/><V87/><F77/><W14/><G69/><T73/><D73/><U83/><E26/><V61/><F61/><W68/><G68/><T116/><D116/><U90/><N who="1" m="23040" /><DORA hai="80" /><U82/><E82/><V99/><F99/><W57/><G14/><N who="0" m="9271" /><D95/><N who="1" m="58559" /><E23/><AGARI ba="1,0" hai="7,10,12,13,18,23,52,53,57,58,62,63,122,123" machi="23" ten="30,3900,0" yaku="7,1,9,1,54,1" doraHai="135,80" who="3" fromWho="1" sc="48,0,312,-42,365,0,275,42" /><INIT seed="3,0,0,5,3,94" ten="48,270,365,317" oya="3" hai0="37,46,87,73,119,111,62,116,33,63,24,45,48" hai1="1,101,89,49,17,16,86,112,23,117,21,114,67" hai2="53,3,127,56,52,30,109,106,81,61,31,83,90" hai3="12,2,88,4,5,36,27,102,7,58,55,107,82"/><W113/><G113/><T13/><D73/><U95/><E1/><V118/><F118/><W42/><G2/><T66/><D13/><U10/><E117/><N who="0" m="45129" /><D87/><U77/><E10/><V15/><F3/><W28/><G12/><T84/><D84/><U78/><E67/><V126/><F109/><W60/><G36/><T85/><D85/><U64/><E64/><V79/><F106/><W130/><G42/><N who="0" m="22735" /><D24/><N who="1" m="14375" /><E112/><V91/><F53/><W123/><G123/><T93/><D93/><U121/><E121/><V47/><F47/><W25/><G25/><T50/><D33/><U59/><E101/><V100/><F100/><W0/><G0/><T29/><D29/><U6/><E6/><V110/><F110/><W20/><G82/><T132/><D111/><U133/><E133/><V65/><F65/><W54/><G54/><N who="0" m="29975" /><D132/><U122/><E122/><V92/><F81/><W98/><REACH who="3" step="1"/><G130/><REACH who="3" ten="48,270,365,307" step="2"/><T120/><D120/><U125/><E114/><V108/><F108/><W74/><G74/><T44/><D66/><U39/><E39/><V51/><F15/><W8/><G8/><T38/><D38/><U80/><E80/><V70/><F83/><W14/><G14/><T71/><D71/><U22/><E78/><V129/><F79/><W131/><G131/><T76/><D76/><U40/><E77/><V41/><F129/><W103/><G103/><T105/><D105/><U18/><E89/><AGARI ba="0,1" hai="4,5,7,20,27,28,55,58,60,88,89,98,102,107" machi="89" ten="40,7700,0" yaku="1,1,52,1,54,1,53,0" doraHai="94" doraHaiUra="134" who="3" fromWho="1" sc="48,0,270,-77,365,0,307,87" /><INIT seed="3,1,0,5,0,55" ten="48,193,365,394" oya="3" hai0="65,59,106,26,88,104,82,56,127,93,37,100,79" hai1="124,118,84,6,121,7,132,24,18,54,90,30,64" hai2="92,102,57,21,81,125,28,3,66,133,98,85,45" hai3="74,86,108,135,107,50,16,17,126,38,60,8,97"/><W41/><G74/><T114/><D37/><U71/><E121/><V101/><F3/><W117/><G38/><T89/><D127/><U116/><E124/><V11/><F125/><W68/><G126/><T53/><D114/><U94/><E132/><V12/><F133/><W123/><G135/><T83/><D26/><U40/><E18/><V48/><F102/><W99/><G117/><N who="1" m="45162" /><E40/><V27/><F66/><W13/><G123/><T72/><D100/><U109/><E109/><V120/><F120/><W128/><G128/><T80/><D80/><U112/><E112/><V10/><F12/><W58/><G68/><T32/><D32/><N who="1" m="20551" /><E54/><N who="2" m="31943" /><F45/><N who="3" m="25903" /><G107/><T1/><D1/><U131/><E131/><V91/><AGARI ba="1,0" hai="10,11,21,27,28,81,85,91,92,98,101" m="31943" machi="91" ten="30,2000,0" yaku="8,1,52,1" doraHai="55" who="2" fromWho="2" sc="48,-6,193,-6,365,23,394,-11" /><INIT seed="4,0,0,1,4,23" ten="42,187,388,383" oya="0" hai0="52,103,130,1,126,117,25,73,94,34,80,108,10" hai1="84,16,85,9,86,72,46,127,33,74,57,60,116" hai2="51,135,42,6,120,66,92,21,102,129,12,133,36" hai3="38,0,59,27,41,28,113,35,100,18,122,44,3"/><T115/><D117/><U67/><E116/><V39/><F120/><W64/><G113/><T99/><D115/><U89/><E33/><V90/><F102/><W55/><G122/><T49/><D108/><U95/><E127/><V37/><F129/><W119/><G119/><T20/><D126/><U76/><E46/><V132/><F66/><W97/><G64/><T61/><D34/><U22/><E9/><V124/><F124/><W7/><G18/><T123/><D123/><U125/><E125/><V31/><F6/><W78/><G78/><T75/><D130/><U83/><REACH who="1" step="1"/><E72/><REACH who="1" ten="42,177,388,383" step="2"/><V114/><F114/><W19/><G7/><T14/><D1/><U45/><E45/><V68/><F133/><W65/><G3/><T13/><D61/><U82/><E82/><V128/><F132/><W50/><G0/><T101/><D101/><U5/><E5/><V111/><F135/><W88/><G100/><T121/><D121/><U4/><E4/><V93/><F128/><W91/><G44/><T56/><D10/><U58/><E58/><V81/><F81/><W30/><G59/><T63/><D75/><U24/><AGARI ba="0,1" hai="16,22,24,57,60,67,74,76,83,84,85,86,89,95" machi="24" ten="20,12000,2" yaku="1,1,0,1,7,1,52,1,54,1,53,1" doraHai="23" doraHaiUra="53" who="1" fromWho="1" sc="42,-60,177,130,388,-30,383,-30" owari="-18,-52.0,307,-9.0,358,46.0,353,15.0" /></mjloggm>