<mjloggm ver="2.3"><GO type="169" lobby="0"/><UN n0="%E3%83%88%E3%83%88%E3%83%AA%E5%85%88%E7%94%9F%31%39%E6%AD%B3" n1="%E9%87%8E%E3%80%85%E5%AE%AE%E8%97%8D" n2="%E3%81%BF%E3%81%A3%E3%81%A4%E3%81%83%EF%BD%9E" n3="%E5%AE%89%E6%9C%AC%E5%BD%A9%E8%8A%B1" dan="19,16,16,16" rate="2268.02,2043.51,2139.23,2151.29" sx="F,F,F,F"/><TAIKYOKU oya="0"/><INIT seed="0,0,0,4,4,129" ten="250,250,250,250" oya="0" hai0="79,113,134,97,11,124,89,122,6,24,3,46,98" hai1="68,82,5,114,33,4,66,40,57,75,21,52,36" hai2="8,67,59,70,109,83,41,19,38,17,105,30,110" hai3="28,73,9,47,60,101,91,58,111,12,26,35,131"/><T84/><D113/><U117/><E117/><V104/><F70/><W32/><G73/><T99/><D122/><U88/><E33/><V74/><F30/><W27/><G111/><N who="2" m="42505" /><F38/><W62/><G131/><T126/><D79/><U118/><E114/><V65/><F41/><W10/><G101/><T107/><D107/><N who="2" m="41034" /><F59/><W93/><G47/><T2/><D134/><U54/><E118/><V49/><F49/><W25/><G28/><T123/><D123/><U76/><E54/><V1/><F1/><W50/><G50/><T135/><D135/><U71/><E71/><V22/><F8/><W43/><G43/><T55/><D3/><U42/><E42/><V116/><F116/><W92/><G9/><T0/><D0/><U7/><E21/><V119/><F119/><W133/><G133/><T77/><D77/><U72/><E72/><V63/><F22/><W48/><G32/><T69/><D69/><U15/><E66/><N who="2" m="25099" /><F63/><W13/><G35/><T86/><D24/><U14/><E68/><V120/><F120/><W90/><G27/><T128/><D128/><U115/><E115/><V94/><F94/><W106/><G106/><T96/><D55/><U130/><E130/><V108/><N who="2" m="42513" /><V78/><AGARI ba="0,0" hai="17,19,74,78,83" m="25099,41034,42513" machi="78" ten="50,3200,0" yaku="4,1,14,1" doraHai="129" who="2" fromWho="2" sc="250,-16,250,-8,250,32,250,-8" /><INIT seed="1,0,0,2,1,26" ten="234,242,282,242" oya="1" hai0="50,47,121,3,13,32,40,2,87,104,125,119,67" hai1="92,115,79,120,107,60,63,8,132,131,17,118,34" hai2="101,95,49,11,45,12,35,10,64,55,110,59,123" hai3="98,7,90,122,48,105,27,78,14,94,130,21,53"/><U127/><E107/><V41/><F123/><W77/><G122/><T81/><D121/><U133/><E118/><V111/><F35/><W18/><G105/><T117/><D125/><U0/><E120/><V61/><F101/><W114/><G130/><T1/><D104/><U97/><E115/><V124/><F95/><W100/><G100/><T6/><D67/><U16/><E127/><V109/><F124/><W112/><G114/><T108/><D32/><U24/><E79/><V76/><F76/><W68/><G68/><T31/><D108/><U19/><E131/><V126/><F126/><W128/><G128/><T134/><D134/><N who="1" m="51819" /><E8/><V44/><REACH who="2" step="1"/><F12/><REACH who="2" ten="234,242,272,242" step="2"/><W83/><G112/><T135/><D135/><U102/><E0/><V4/><F4/><W103/><G103/><T75/><D13/><U73/><E73/><V93/><F93/><W25/><G7/><T69/><D6/><U33/><E33/><V5/><F5/><W86/><G77/><N who="0" m="46511" /><D75/><U38/><E38/><AGARI ba="0,1" hai="10,11,38,41,44,45,49,55,59,61,64,109,110,111" machi="38" ten="40,2600,0" yaku="1,1,14,1,53,0" doraHai="26" doraHaiUra="29" who="2" fromWho="1" sc="234,0,242,-26,272,36,242,0" /><INIT seed="2,0,0,2,1,36" ten="234,216,308,242" oya="2" hai0="27,92,114,76,1,68,29,53,60,133,62,75,90" hai1="102,10,51,33,20,86,69,87,37,28,117,121,34" hai2="118,46,77,110,129,64,41,22,82,13,105,80,35" hai3="103,116,130,58,119,135,23,43,47,30,2,42,71"/><V122/><F118/><W74/><G71/><T108/><D114/><U31/><E69/><V14/><F122/><W26/><G74/><T67/><D1/><U83/><E37/><V38/><F35/><W40/><G135/><T96/><D133/><U126/><E117/><V88/><F105/><W112/><G112/><T73/><D76/><U91/><E121/><V111/><F64/><W134/><G134/><T0/><D0/><U98/><E126/><V99/><F129/><W7/><G130/><T25/><D25/><U94/><E10/><V54/><F54/><W32/><G47/><T11/><D108/><N who="2" m="41514" /><F22/><W97/><G32/><T70/><D11/><U16/><E34/><V39/><F39/><W95/><REACH who="3" step="1"/><G58/><REACH who="3" ten="234,216,308,232" step="2"/><T101/><D70/><U107/><E33/><V4/><F4/><W56/><G56/><T104/><D68/><U113/><E113/><V85/><F99/><W72/><G72/><AGARI ba="0,1" hai="13,14,38,41,46,72,77,80,82,85,88" m="41514" machi="72" ten="30,11600,0" yaku="14,1,10,1,52,1,54,1" doraHai="36" who="2" fromWho="3" sc="234,0,216,0,308,126,232,-116" /><INIT seed="2,1,0,4,5,95" ten="234,216,434,116" oya="2" hai0="6,113,25,116,101,74,7,63,3,75,134,128,58" hai1="37,8,86,97,119,82,71,112,62,16,42,120,26" hai2="68,12,61,14,18,96,81,108,106,50,67,72,59" hai3="78,60,102,0,83,88,21,33,105,133,64,13,65"/><V93/><F106/><W43/><G33/><T130/><D113/><U77/><E112/><V92/><F92/><W79/><G0/><T131/><D134/><U52/><E119/><V41/><F108/><W76/><G43/><T135/><D135/><U49/><E120/><V107/><F107/><W87/><G133/><T30/><D116/><U5/><E37/><V45/><F68/><W20/><G64/><N who="0" m="39031" /><D101/><U100/><E71/><V98/><F93/><W84/><G13/><T11/><D7/><U24/><E62/><V122/><F122/><W19/><G19/><T118/><D118/><U94/><E42/><V91/><F14/><W121/><G121/><T40/><D40/><U27/><E16/><V129/><F129/><W2/><G2/><T99/><D99/><N who="2" m="37930" /><F72/><W90/><G105/><T15/><D3/><U55/><E49/><V51/><F50/><W80/><REACH who="3" step="1"/><G102/><REACH who="3" ten="234,216,434,106" step="2"/><T117/><D117/><U44/><E44/><N who="2" m="25999" /><F18/><W123/><G123/><T28/><D28/><U111/><E111/><V4/><F45/><W1/><G1/><T35/><AGARI ba="1,1" hai="6,11,15,25,30,35,74,75,128,130,131" m="39031" machi="35" ten="30,1100,0" yaku="19,1" doraHai="95" who="0" fromWho="0" sc="234,24,216,-4,434,-6,106,-4" /><INIT seed="3,0,0,2,3,17" ten="258,212,428,102" oya="3" hai0="82,76,35,26,110,10,89,127,29,7,8,108,95" hai1="102,16,23,74,123,13,45,59,107,88,94,129,70" hai2="32,38,2,78,93,68,90,100,115,130,103,121,11" hai3="34,3,71,79,116,128,31,24,98,112,118,122,120"/><W104/><G71/><T83/><D127/><U73/><E70/><V27/><F38/><W61/><G61/><T117/><D117/><N who="3" m="45161" /><G79/><T54/><D54/><U65/><E123/><N who="3" m="47146" /><G112/><T109/><D7/><U135/><E129/><V91/><F130/><W85/><G85/><N who="0" m="52655" /><D83/><U22/><E135/><V87/><F68/><W28/><G128/><T57/><D57/><U124/><E124/><V81/><F115/><W126/><G104/><T134/><D134/><U50/><E107/><V105/><F105/><W5/><G98/><T44/><D44/><U55/><E102/><V114/><F114/><W58/><G58/><T53/><D53/><U1/><E1/><V49/><F49/><W48/><G48/><T63/><D63/><N who="1" m="38143" /><E74/><AGARI ba="0,0" hai="8,10,26,29,35,74,76,82,108,109,110" m="52655" machi="74" ten="30,1000,0" yaku="14,1" doraHai="17" who="0" fromWho="1" sc="258,10,212,-10,428,0,102,0" /><INIT seed="4,0,0,2,2,62" ten="268,202,428,102" oya="0" hai0="11,100,31,129,40,103,84,29,94,110,82,9,42" hai1="67,49,0,18,66,23,60,14,46,107,120,35,54" hai2="81,101,87,68,85,113,124,89,121,111,44,52,8" hai3="135,41,32,30,7,78,39,38,15,51,105,128,5"/><T43/><D129/><U134/><E120/><V114/><F111/><W65/><G105/><T20/><D110/><U71/><E107/><V123/><F101/><N who="0" m="38986" /><D94/><U76/><E35/><V79/><F124/><W34/><G135/><T91/><D20/><U126/><E134/><V33/><F33/><W98/><G98/><T88/><D91/><U53/><E126/><V3/><F68/><W97/><G97/><T90/><D90/><U131/><E0/><V95/><F3/><W2/><G2/><T132/><D132/><U48/><E131/><V12/><F123/><W133/><G133/><T108/><D108/><U10/><E76/><V70/><F70/><W73/><G128/><T58/><D58/><U55/><E67/><V61/><F121/><W26/><G32/><T96/><D96/><U47/><REACH who="1" step="1"/><E23/><REACH who="1" ten="268,192,428,102" step="2"/><V74/><F114/><W92/><G65/><T127/><D127/><U63/><E63/><V69/><F113/><W83/><G34/><T4/><D4/><U24/><E24/><V37/><F61/><W102/><G26/><T72/><D72/><U56/><E56/><V117/><F74/><W13/><G5/><T119/><D119/><U130/><E130/><V28/><F117/><W19/><G7/><T99/><D99/><U75/><E75/><V122/><F122/><W125/><G73/><T1/><D1/><U6/><E6/><N who="2" m="3095" /><F69/><W77/><G125/><T36/><D36/><U22/><E22/><V16/><F37/><W25/><G38/><T59/><D59/><U21/><E21/><V80/><F79/><W106/><G39/><T112/><D112/><RYUUKYOKU ba="0,1" sc="268,15,192,15,428,-15,102,-15" hai0="9,11,29,31,40,42,43,82,84,88" hai1="10,14,18,46,47,48,49,53,54,55,60,66,71" /><INIT seed="4,1,1,1,5,84" ten="283,207,413,87" oya="0" hai0="82,83,111,7,131,30,32,81,5,63,9,74,20" hai1="113,92,6,36,27,24,39,48,38,121,8,66,98" hai2="57,72,133,85,100,118,29,12,114,117,77,73,19" hai3="65,18,0,115,21,104,87,53,11,43,124,46,10"/><T75/><D32/><U22/><E121/><V68/><F68/><W16/><G115/><T88/><D131/><U31/><E113/><V134/><F114/><W26/><G124/><T79/><D111/><U37/><N who="1" m="9728" /><DORA hai="123" /><U42/><E27/><V122/><F122/><W44/><G104/><T51/><D75/><N who="2" m="28746" /><F29/><W95/><G43/><T47/><D74/><U93/><E66/><V55/><F100/><W105/><G105/><T128/><D128/><U96/><E93/><V60/><F77/><W126/><G126/><T61/><D79/><U119/><E119/><N who="2" m="45579" /><F85/><W25/><G65/><T41/><D20/><AGARI ba="1,1" hai="12,19,20,55,57,60,133,134" m="45579,28746" machi="20" ten="30,1000,0" yaku="12,1" doraHai="84,123" who="2" fromWho="0" sc="283,-13,207,0,413,23,87,0" /><INIT seed="5,0,0,0,5,16" ten="270,207,436,87" oya="1" hai0="62,20,135,27,79,128,110,100,103,48,6,72,61" hai1="30,21,40,56,101,116,115,34,120,73,31,19,94" hai2="119,25,23,57,39,97,36,92,102,75,24,43,7" hai3="127,134,5,3,123,74,108,33,17,107,91,55,76"/><U42/><E116/><V37/><F119/><W44/><G123/><T82/><D110/><U132/><E120/><V53/><F75/><W118/><G108/><T105/><D128/><U112/><E73/><V41/><F7/><W77/><G107/><T68/><D135/><U88/><E101/><V80/><F80/><W96/><G134/><T51/><D6/><U122/><E122/><V106/><F106/><W47/><G33/><T90/><D90/><U35/><E56/><V84/><F84/><W11/><G127/><T22/><D27/><N who="1" m="14783" /><E132/><V64/><F25/><W89/><G118/><T8/><D105/><U45/><E34/><V113/><F113/><N who="1" m="43593" /><E35/><V49/><REACH who="2" step="1"/><F64/><REACH who="2" ten="270,207,426,87" step="2"/><W9/><G74/><T85/><D72/><U130/><E130/><V71/><F71/><W65/><G65/><T28/><D68/><U83/><E83/><V59/><F59/><W67/><G67/><T109/><D82/><U121/><E121/><V129/><F129/><W26/><G26/><T2/><D109/><U32/><E32/><V125/><F125/><W86/><G5/><T52/><D85/><N who="1" m="52495" /><E42/><V104/><F104/><W50/><G86/><T14/><D79/><U131/><E131/><V0/><F0/><W95/><G3/><T111/><D2/><U1/><E1/><V124/><F124/><W126/><G126/><T15/><D111/><U46/><E40/><V60/><F60/><W99/><G99/><T133/><D133/><U10/><E45/><V70/><F70/><W13/><G44/><T117/><D117/><U114/><E46/><V66/><F66/><W63/><G47/><RYUUKYOKU ba="0,1" sc="270,-10,207,-10,426,30,87,-10" hai2="23,24,36,37,39,41,43,49,53,57,92,97,102" /><INIT seed="6,1,1,2,4,77" ten="260,197,456,77" oya="2" hai0="32,14,42,53,117,66,39,109,104,105,69,13,36" hai1="21,97,30,65,28,103,15,29,58,121,63,45,4" hai2="61,37,33,88,108,59,113,34,47,51,44,68,114" hai3="17,12,8,89,129,62,64,107,23,38,16,126,133"/><V110/><F88/><W92/><G107/><T5/><D109/><N who="2" m="42090" /><F34/><W125/><G133/><T22/><D32/><U7/><E121/><V55/><F33/><W18/><G38/><T106/><D53/><U134/><E134/><V50/><BYE who="1" /><F37/><W43/><G43/><T10/><D117/><UN n1="%E9%87%8E%E3%80%85%E5%AE%AE%E8%97%8D" /><U0/><E0/><V116/><F116/><W120/><G120/><T6/><D42/><U91/><E91/><V11/><F11/><W93/><G129/><T95/><D95/><N who="1" m="58815" /><E45/><N who="2" m="17483" /><F68/><W102/><G102/><T19/><D5/><N who="1" m="2123" /><E15/><V101/><F101/><W83/><G83/><T3/><D3/><U49/><E49/><AGARI ba="1,1" hai="49,50,51,55,59,61,113,114" m="17483,42090" machi="49" ten="30,5800,0" yaku="10,1,34,2" doraHai="77" who="2" fromWho="1" sc="260,0,197,-61,456,71,77,0" /><INIT seed="6,2,0,3,4,47" ten="260,136,527,77" oya="2" hai0="41,110,0,83,122,22,56,53,3,80,28,25,89" hai1="39,27,34,92,65,119,135,90,88,78,73,15,24" hai2="31,1,49,114,117,124,97,85,57,70,40,107,16" hai3="91,109,67,102,38,55,126,36,69,94,8,123,61"/><V82/><F70/><W13/><G109/><T115/><D110/><U120/><E119/><V100/><F1/><W130/><G123/><T21/><D122/><U18/><E39/><V26/><F117/><W44/><G102/><T52/><D115/><U11/><E120/><V77/><F114/><W116/><G116/><T29/><D41/><U99/><E135/><V104/><F124/><W112/><G126/><T113/><D113/><U62/><E34/><V58/><F107/><W6/><G112/><T33/><D33/><U75/><E90/><V131/><F131/><W4/><G130/><T2/><D89/><U46/><E46/><N who="2" m="25799" /><F104/><W98/><REACH who="3" step="1"/><G4/><REACH who="3" ten="260,136,527,67" step="2"/><T37/><D37/><U68/><REACH who="1" step="1"/><E78/><REACH who="1" ten="260,126,527,67" step="2"/><N who="2" m="46295" /><F100/><W84/><G84/><T133/><D133/><U10/><E10/><V42/><F77/><W17/><G17/><T19/><D19/><U12/><E12/><V64/><F16/><W23/><G23/><T118/><D118/><U103/><E103/><V106/><F97/><W43/><G43/><T96/><D96/><U81/><E81/><V51/><F42/><W121/><G121/><T76/><D0/><U32/><E32/><V108/><F108/><W20/><G20/><T134/><D76/><U93/><E93/><V125/><F125/><W35/><G35/><T79/><D79/><U71/><E71/><V54/><F106/><W9/><G9/><T129/><D134/><U59/><E59/><V50/><F58/><W86/><G86/><T63/><D56/><U7/><E7/><V127/><F127/><W87/><G87/><T128/><D128/><U66/><E66/><RYUUKYOKU ba="2,2" sc="260,-15,126,15,527,-15,67,15" hai1="11,15,18,24,27,62,65,68,73,75,88,92,99" hai3="6,8,13,36,38,44,55,61,67,69,91,94,98" /><INIT seed="7,3,2,2,2,15" ten="245,141,512,82" oya="3" hai0="121,61,72,90,92,71,98,28,87,89,30,107,88" hai1="4,23,133,19,95,75,49,101,57,132,36,18,126" hai2="114,124,0,43,112,96,39,29,99,78,70,63,34" hai3="113,37,108,106,115,66,129,46,122,52,22,25,58"/><W13/><G122/><T33/><D121/><U123/><E36/><V3/><F124/><W134/><G106/><T64/><D72/><U41/><E75/><V62/><F78/><W76/><G134/><N who="1" m="51818" /><E123/><V120/><F29/><N who="3" m="17591" /><G129/><T82/><D33/><U20/><E4/><V5/><F34/><W94/><G76/><T83/><D107/><U2/><E2/><N who="2" m="555" /><F5/><W40/><G108/><T38/><D38/><U73/><E73/><V45/><F120/><W128/><G128/><T55/><D55/><N who="1" m="31983" /><E41/><V97/><F70/><W91/><G13/><T85/><AGARI ba="3,2" hai="28,30,61,64,71,82,83,85,87,88,89,90,92,98" machi="85" ten="30,4000,0" yaku="0,1,9,1,54,1" doraHai="15" who="0" fromWho="0" sc="245,69,141,-13,512,-13,82,-23" owari="314,11.0,128,-27.0,499,60.0,59,-44.0" /></mjloggm>