<mjloggm ver="2.3"><GO type="233" lobby="0"/><UN n0="%72%61%74%74%61%74%74%61" n1="%6D%61%74%69%6F%73%61%6E" n2="%E3%82%A6%E3%83%AB%E3%83%88%E3%83%A9%E7%AB%8B%E7%9B%B4" n3="%E3%82%A2%E3%82%B9%E3%82%BF%E3%83%8A" dan="17,18,18,17" rate="2163.22,2178.62,2211.63,2153.08" sx="M,M,M,M"/><TAIKYOKU oya="0"/><INIT seed="0,0,0,0,5,117" ten="250,250,250,250" oya="0" hai0="2,110,123,15,113,99,95,116,132,100,134,42,61" hai1="115,22,135,54,29,72,39,106,108,45,6,94,96" hai2="41,27,122,131,19,82,107,12,17,71,9,4,62" hai3="59,28,26,83,90,68,92,79,128,130,114,133,50"/><T65/><D2/><U97/><E108/><V33/><F107/><W78/><G68/><T75/><D75/><U10/><E72/><V7/><F41/><W88/><G133/><N who="0" m="51307" /><D116/><U112/><E135/><V5/><F82/><W60/><G50/><T125/><D42/><U101/><E29/><N who="2" m="19647" /><F62/><W32/><G114/><T127/><D113/><U16/><E112/><V46/><F46/><W66/><G83/><T18/><D110/><U126/><E126/><V43/><F71/><W73/><G73/><T31/><D31/><U36/><E115/><V30/><F43/><W121/><G121/><T57/><D123/><U63/><E63/><V23/><F131/><N who="3" m="50219" /><G90/><T70/><D70/><U37/><E45/><V21/><F122/><W120/><G120/><T102/><D102/><U77/><E77/><V44/><F44/><W85/><AGARI ba="0,0" hai="26,28,32,59,60,66,78,79,85,88,92" m="50219" machi="85" ten="30,2000,0" yaku="19,1,54,1" doraHai="117" who="3" fromWho="3" sc="250,-10,250,-5,250,-5,250,20" /><INIT seed="1,0,0,2,5,81" ten="240,245,245,270" oya="1" hai0="37,78,72,40,113,7,26,99,46,85,71,17,122" hai1="48,70,43,38,127,60,118,108,15,130,131,28,109" hai2="115,22,75,121,55,100,57,65,94,9,106,62,13" hai3="35,76,125,97,87,45,33,107,4,53,114,19,24"/><U44/><E28/><V42/><F75/><W51/><G114/><T132/><D113/><U116/><E15/><V80/><F106/><W41/><G125/><T2/><D71/><U89/><E127/><V103/><F121/><W49/><G4/><T98/><D122/><U47/><E89/><V135/><F135/><W1/><G1/><T30/><D17/><U74/><E74/><V96/><F115/><W36/><G107/><T128/><D128/><N who="1" m="49195" /><E70/><V6/><F42/><W123/><G123/><T110/><D110/><N who="1" m="42603" /><E60/><V84/><F103/><W63/><G63/><T92/><D72/><U117/><E47/><V69/><F69/><W3/><G45/><T5/><D46/><U29/><E29/><V31/><F31/><W88/><G88/><T104/><D30/><U119/><E119/><V91/><REACH who="2" step="1"/><F22/><REACH who="2" ten="240,245,235,270" step="2"/><W12/><G35/><T133/><D133/><U8/><E8/><V124/><F124/><W111/><G33/><T34/><D34/><U86/><E86/><V126/><F126/><W27/><G87/><T112/><D85/><U83/><E83/><V23/><F23/><W56/><G111/><T0/><D132/><U58/><E58/><V14/><F14/><W79/><G56/><T61/><D0/><U21/><E21/><V105/><F105/><W73/><G12/><T18/><D2/><U52/><E38/><V39/><F39/><W67/><G3/><T134/><D37/><U20/><E20/><V25/><F25/><W64/><G27/><T59/><D134/><U68/><E68/><V32/><F32/><W50/><G36/><T66/><D112/><RYUUKYOKU ba="0,1" sc="240,-15,245,15,235,15,270,-15" hai1="43,44,48,52,116,117,118" hai2="6,9,13,55,57,62,65,80,84,91,94,96,100" /><INIT seed="1,1,1,2,1,110" ten="225,260,250,255" oya="1" hai0="126,51,122,117,78,14,103,62,46,131,61,43,63" hai1="55,25,92,28,134,82,65,71,11,106,66,116,69" hai2="34,23,89,50,80,68,26,133,90,88,10,36,42" hai3="54,60,83,52,48,76,124,74,77,119,79,12,72"/><U1/><E116/><V127/><F68/><W129/><G119/><T98/><D117/><U45/><E106/><V5/><F127/><W4/><G124/><T13/><D126/><U104/><E104/><V30/><F133/><W41/><G129/><T7/><D122/><U135/><E82/><V53/><F36/><W118/><G118/><T38/><D131/><U44/><E1/><V49/><F42/><W81/><G60/><T35/><D35/><U0/><E0/><V97/><F34/><W112/><G112/><T96/><D78/><U31/><E11/><V22/><F22/><W21/><G77/><T15/><D7/><U73/><E92/><V101/><F53/><W93/><G93/><T86/><D86/><U84/><E84/><V115/><F80/><W108/><G108/><T102/><REACH who="0" step="1"/><D38/><REACH who="0" ten="215,260,250,255" step="2"/><U100/><E73/><V24/><F5/><W111/><G111/><T27/><D27/><U113/><E25/><V107/><F26/><W128/><G128/><T32/><D32/><U56/><E135/><V33/><F33/><W39/><G39/><T121/><D121/><U95/><E134/><V114/><REACH who="2" step="1"/><F10/><REACH who="2" ten="215,260,240,255" step="2"/><W123/><G123/><T67/><D67/><U2/><E66/><V59/><F59/><W19/><G4/><T125/><D125/><U70/><E65/><V75/><F75/><W94/><G74/><T3/><D3/><U18/><E2/><V130/><F130/><W9/><G72/><T64/><D64/><U8/><E70/><V91/><N who="2" m="22528" /><DORA hai="120" /><V57/><F57/><W87/><G9/><T99/><AGARI ba="1,3" hai="13,14,15,43,46,51,61,62,63,96,98,99,102,103" machi="99" ten="40,12000,2" yaku="1,1,0,1,29,2,8,1,53,1" doraHai="110,120" doraHaiUra="40,109" who="0" fromWho="0" sc="215,153,260,-61,240,-31,255,-31" /><INIT seed="2,0,0,4,2,59" ten="368,199,209,224" oya="2" hai0="8,87,65,124,12,83,52,78,90,13,103,69,30" hai1="17,111,75,132,86,94,88,74,84,0,20,14,123" hai2="58,53,48,82,44,1,89,108,45,18,116,93,120" hai3="16,10,32,31,38,7,27,60,135,81,70,99,40"/><V35/><F120/><W24/><G135/><T91/><D124/><U47/><E123/><V71/><F116/><W62/><G81/><T122/><D122/><U128/><E0/><V112/><F71/><W118/><G118/><T97/><D30/><U19/><E132/><V61/><F112/><W95/><G70/><T55/><D69/><U15/><E111/><V63/><F35/><W4/><G40/><T102/><D65/><U100/><E128/><V104/><F104/><W98/><G38/><T28/><D28/><U3/><E3/><V56/><F1/><W126/><G126/><T129/><D13/><U92/><E47/><V11/><F82/><W34/><G95/><N who="0" m="56575" /><D78/><U133/><E133/><V110/><F11/><W79/><G31/><T50/><D129/><U125/><E125/><V76/><F18/><W5/><G79/><T39/><D39/><U107/><E107/><V134/><F76/><W51/><G51/><T119/><D119/><U130/><E130/><V106/><F106/><W54/><G54/><N who="0" m="20523" /><D50/><U36/><E36/><V96/><F134/><W21/><G10/><T113/><D113/><U73/><E100/><V49/><F48/><W2/><G2/><T105/><D105/><U127/><E127/><V46/><REACH who="2" step="1"/><F58/><REACH who="2" ten="368,199,199,224" step="2"/><W77/><G77/><T43/><D43/><U26/><E19/><AGARI ba="0,1" hai="8,12,19,83,87,90,102,103" m="20523,56575" machi="19" ten="30,2000,0" yaku="8,1,54,1" doraHai="59" who="0" fromWho="1" sc="368,30,199,-20,199,0,224,0" /><INIT seed="3,0,0,5,0,74" ten="398,179,199,224" oya="3" hai0="89,102,105,55,87,83,101,14,84,79,25,13,104" hai1="114,7,64,37,60,94,2,49,99,93,1,67,91" hai2="116,98,113,109,44,47,41,34,106,124,28,31,103" hai3="132,4,39,119,33,72,56,16,130,66,51,54,68"/><W117/><G33/><T115/><D25/><U11/><E37/><V15/><F116/><W62/><G4/><T61/><D115/><U76/><E114/><V118/><F118/><W129/><G72/><T0/><D0/><U20/><E67/><V88/><F113/><W38/><G16/><T53/><D61/><U8/><E20/><V126/><F109/><W9/><G9/><T111/><D111/><U95/><E49/><V112/><F112/><W77/><G77/><T97/><D53/><U122/><E122/><V65/><F65/><W45/><G132/><T36/><D55/><U128/><E128/><N who="3" m="49258" /><G38/><T90/><D36/><U29/><E29/><V81/><F31/><W82/><G82/><N who="0" m="49399" /><D13/><U125/><E125/><V19/><F15/><W58/><G58/><T23/><D23/><U63/><E63/><V46/><F34/><W107/><G107/><N who="0" m="41035" /><D14/><U40/><E40/><AGARI ba="0,0" hai="39,40,45,51,54,56,62,66,68,117,119" m="49258" machi="40" ten="30,11600,0" yaku="24,1,19,1,34,2" doraHai="74" who="3" fromWho="1" sc="398,0,179,-116,199,0,224,116" /><INIT seed="3,1,0,5,1,4" ten="398,63,199,340" oya="3" hai0="94,35,24,105,41,82,25,116,117,22,101,68,64" hai1="90,120,19,127,53,30,107,72,37,128,8,16,106" hai2="14,109,31,78,121,125,119,62,80,59,85,11,71" hai3="126,84,12,39,46,79,104,129,83,65,58,132,133"/><W49/><G104/><T9/><D41/><U81/><E120/><V99/><F121/><W88/><G39/><T23/><D105/><U51/><E37/><V113/><F113/><W96/><G126/><T43/><D43/><U27/><E127/><V33/><F119/><W110/><G129/><T66/><D35/><U102/><E128/><V111/><F71/><W15/><G110/><T29/><D82/><U134/><E134/><N who="3" m="51818" /><G58/><T1/><D68/><U103/><E106/><V3/><F3/><W18/><G65/><T10/><D1/><U67/><E67/><V6/><F125/><W60/><G60/><T114/><D101/><U56/><E107/><V92/><F31/><W115/><G115/><T91/><D91/><U122/><E122/><V100/><REACH who="2" step="1"/><F33/><REACH who="2" ten="398,63,189,340" step="2"/><W112/><G112/><T7/><D114/><U123/><E123/><V57/><F57/><W20/><G79/><T87/><D29/><U40/><E30/><V50/><F50/><W98/><G15/><T86/><D117/><U108/><E56/><V55/><AGARI ba="1,1" hai="6,11,14,55,59,62,78,80,85,92,99,100,109,111" machi="55" ten="30,7900,0" yaku="1,1,0,1,52,1,53,1" doraHai="4" doraHaiUra="75" who="2" fromWho="2" sc="398,-21,63,-21,189,92,340,-40" /><INIT seed="4,0,0,3,5,115" ten="377,42,281,300" oya="0" hai0="35,40,5,59,126,72,17,38,55,95,6,58,57" hai1="26,76,71,99,8,49,134,93,111,42,125,2,82" hai2="103,4,128,69,66,84,51,114,108,112,88,116,129" hai3="39,18,94,61,90,56,30,97,44,48,65,50,83"/><T87/><D72/><U86/><E71/><V102/><F4/><N who="0" m="1642" /><D35/><U68/><E68/><V29/><F29/><W15/><G30/><T36/><D36/><U119/><E111/><V45/><F108/><W132/><G132/><T16/><D38/><U27/><E134/><V133/><F133/><W92/><G83/><T25/><D40/><U47/><E125/><V13/><F13/><W122/><G122/><T106/><D106/><U21/><E2/><V100/><F66/><W60/><G60/><T32/><D32/><U77/><E8/><V62/><F62/><W7/><G7/><T54/><D126/><U124/><E124/><V20/><F20/><W89/><G44/><T14/><D25/><U105/><E105/><V130/><F69/><W52/><G39/><T1/><D1/><U123/><E123/><V101/><N who="2" m="25600" /><DORA hai="75" /><V43/><REACH who="2" step="1"/><F116/><REACH who="2" ten="377,42,271,300" step="2"/><W53/><G65/><T85/><D14/><U78/><E119/><V12/><F12/><W33/><G33/><T19/><D95/><AGARI ba="0,1" hai="43,45,51,84,88,95,112,114,128,129,130" m="25600" machi="95" ten="60,8000,1" yaku="1,1,19,1,54,1,53,2" doraHai="115,75" doraHaiUra="22,110" who="2" fromWho="0" sc="377,-80,42,0,271,90,300,0" /><INIT seed="5,0,0,5,1,56" ten="297,42,361,300" oya="1" hai0="44,126,129,2,73,124,125,78,119,122,20,85,96" hai1="102,109,76,58,26,112,57,81,67,43,1,13,27" hai2="8,84,108,14,118,62,23,79,107,100,10,4,46" hai3="3,95,94,61,53,34,91,15,17,132,19,110,74"/><U0/><E109/><V12/><F118/><W71/><G3/><T106/><D2/><U31/><E43/><V39/><F23/><W69/><G74/><T99/><D20/><U90/><E102/><V88/><F79/><W55/><G34/><T82/><D44/><U105/><E105/><V133/><F133/><W63/><G110/><T111/><D111/><U29/><E90/><V92/><F108/><W30/><G15/><T35/><D35/><U115/><E13/><V77/><F77/><W89/><REACH who="3" step="1"/><G30/><REACH who="3" ten="297,42,361,290" step="2"/><T131/><D119/><U134/><E134/><AGARI ba="0,1" hai="17,19,53,55,61,63,69,71,89,91,94,95,132,134" machi="134" ten="25,12000,2" yaku="1,1,2,1,22,2,52,2,53,0" doraHai="56" doraHaiUra="37" who="3" fromWho="1" sc="297,0,42,-120,361,0,290,130" owari="297,-10.0,-78,-58.0,361,16.0,420,52.0" /></mjloggm>