<mjloggm ver="2.3"><GO type="169" lobby="0"/><UN n0="%E3%83%88%E3%83%88%E3%83%AA%E5%85%88%E7%94%9F%31%39%E6%AD%B3" n1="%E3%82%88%E3%81%86%E3%81%B8%E3%83%BC%58" n2="%D0%A1%E3%82%AB%E3%83%83%E3%83%97%E5%A4%A7%E9%96%A2" n3="%E5%AE%9F%E5%A6%B9" dan="19,16,16,16" rate="2289.89,2078.58,2091.87,2075.13" sx="F,M,M,F"/><TAIKYOKU oya="0"/><INIT seed="0,0,0,4,3,123" ten="250,250,250,250" oya="0" hai0="88,84,45,77,22,9,26,121,23,30,24,53,114" hai1="83,41,97,80,33,109,125,108,37,42,74,16,21" hai2="70,65,40,127,78,116,129,93,38,130,6,0,35" hai3="72,128,28,101,31,12,106,107,19,15,104,135,57"/><T20/><D114/><U118/><E118/><V119/><F35/><W25/><G72/><T95/><D121/><U79/><E33/><V134/><F78/><W67/><G128/><N who="2" m="49257" /><F134/><W7/><G135/><T92/><D77/><N who="1" m="44087" /><E97/><V122/><F122/><W113/><G113/><T10/><D23/><U56/><E37/><V63/><F127/><W124/><G124/><T85/><D45/><U17/><E56/><V54/><F93/><W1/><G1/><T131/><D131/><U52/><E52/><V111/><F6/><W29/><G101/><T89/><REACH who="0" step="1"/><D53/><REACH who="0" ten="240,250,250,250" step="2"/><U66/><E66/><V2/><F54/><W102/><G67/><T126/><D126/><U76/><E125/><V62/><F40/><N who="1" m="15465" /><E79/><V96/><F116/><W82/><G57/><T115/><D115/><U46/><E46/><V49/><F119/><W44/><G44/><T86/><D86/><N who="1" m="48487" /><E21/><V5/><F65/><W50/><G50/><T58/><D58/><U47/><E47/><V60/><F49/><W99/><G99/><T36/><D36/><U69/><E69/><V112/><F70/><W94/><G31/><AGARI ba="0,1" hai="9,10,20,22,24,26,30,31,84,85,88,89,92,95" machi="31" ten="30,18000,2" yaku="1,1,7,1,32,3,8,1,54,1,53,0" doraHai="123" doraHaiUra="120" who="0" fromWho="3" sc="240,190,250,0,250,0,250,-180" /><INIT seed="0,1,0,2,2,15" ten="430,250,250,70" oya="0" hai0="93,21,84,120,22,85,106,1,13,59,116,18,52" hai1="77,2,36,90,87,110,14,9,133,16,43,8,58" hai2="111,54,3,38,79,27,4,81,74,128,123,26,71" hai3="97,62,78,100,76,96,125,104,118,24,61,66,7"/><T69/><D116/><U40/><E36/><V25/><F123/><W6/><G118/><T63/><D120/><U89/><E110/><V48/><F111/><W95/><G125/><T131/><D106/><U20/><E133/><V107/><F71/><W34/><G62/><T10/><D131/><U72/><E72/><V127/><F107/><W80/><G78/><T35/><D35/><U31/><E2/><V23/><F38/><W112/><G112/><T45/><D1/><U41/><E58/><V33/><F33/><W113/><G113/><T109/><D109/><U117/><E117/><V19/><F127/><W121/><G121/><T50/><D69/><U49/><E49/><V70/><F70/><W44/><G44/><T5/><D93/><U75/><E75/><V129/><F4/><W60/><G60/><T56/><D56/><U32/><E32/><V51/><F51/><W57/><G34/><T130/><D130/><N who="2" m="50282" /><F3/><W91/><REACH who="3" step="1"/><G24/><REACH who="3" ten="430,250,250,60" step="2"/><N who="0" m="14391" /><D22/><U86/><E77/><V105/><F105/><W115/><G115/><T39/><D39/><U94/><E31/><V114/><F114/><W29/><G29/><T83/><D83/><AGARI ba="1,1" hai="8,9,14,16,20,40,41,43,83,86,87,89,90,94" machi="83" ten="40,5200,0" yaku="8,1,52,1,54,1" doraHai="15" who="1" fromWho="0" sc="430,-55,250,65,250,0,60,0" /><INIT seed="1,0,0,1,4,135" ten="375,315,250,60" oya="1" hai0="40,75,74,43,99,7,128,9,77,31,14,73,18" hai1="32,33,13,58,11,30,45,84,25,20,5,28,50" hai2="116,117,60,118,91,0,63,29,67,48,82,15,44" hai3="17,72,80,41,39,79,134,54,51,127,88,107,120"/><U70/><E70/><V122/><F0/><W76/><G120/><T109/><D109/><U130/><E130/><V69/><F122/><W94/><G107/><T123/><D123/><U49/><E58/><V68/><F29/><W38/><G134/><T19/><D128/><U125/><E125/><V4/><F4/><W110/><G110/><T22/><D77/><U115/><E115/><V78/><F91/><W90/><G79/><T12/><D31/><U62/><E62/><V108/><F15/><W104/><G104/><T8/><REACH who="0" step="1"/><D99/><REACH who="0" ten="365,315,250,60" step="2"/><U16/><E30/><V87/><F108/><W34/><G34/><T65/><D65/><U101/><E33/><V83/><F78/><W102/><G102/><T124/><D124/><U46/><E101/><V106/><F67/><W131/><G131/><T121/><D121/><U56/><E84/><V53/><F87/><W35/><G35/><T93/><D93/><U1/><E56/><V96/><F106/><W111/><G111/><T26/><AGARI ba="0,1" hai="7,8,9,12,14,18,19,22,26,40,43,73,74,75" machi="26" ten="30,8000,1" yaku="1,1,0,1,53,3" doraHai="135" doraHaiUra="105" who="0" fromWho="0" sc="365,90,315,-40,250,-20,60,-20" /><INIT seed="2,0,0,3,3,5" ten="455,275,230,40" oya="2" hai0="130,88,67,113,75,23,79,97,128,11,99,72,31" hai1="19,108,104,57,43,10,45,63,74,58,24,9,116" hai2="26,69,27,3,21,61,17,80,50,44,8,51,36" hai3="83,121,134,39,102,15,103,135,132,89,59,90,56"/><V12/><F36/><W95/><G39/><T73/><D113/><U115/><E104/><V105/><F105/><W112/><G112/><T114/><D114/><U33/><E74/><V13/><F3/><W64/><G121/><T77/><D67/><U91/><E115/><V71/><F80/><W54/><G83/><T1/><D31/><U119/><E33/><V18/><F61/><W55/><G64/><T117/><D23/><N who="1" m="13439" /><E108/><V34/><F34/><W127/><G15/><T106/><D11/><N who="1" m="4107" /><E119/><V94/><F94/><W110/><G110/><T70/><D70/><U60/><E116/><V65/><F65/><W126/><G132/><T98/><D1/><U101/><E101/><V40/><F69/><W123/><G123/><T125/><D106/><U48/><E91/><V78/><F78/><N who="0" m="29706" /><D117/><U66/><E63/><V4/><F71/><W25/><G25/><N who="2" m="9225" /><F51/><W122/><G122/><T47/><D88/><U131/><E131/><V129/><F129/><W37/><G37/><T96/><D75/><U53/><E58/><V32/><F32/><W124/><G124/><T84/><D125/><U28/><E28/><V93/><F93/><AGARI ba="0,0" hai="54,55,56,59,89,90,93,95,102,103,126,127,134,135" machi="93" ten="25,1600,0" yaku="22,2" doraHai="5" who="3" fromWho="2" sc="455,0,275,0,230,-16,40,16" /><INIT seed="3,0,0,5,2,65" ten="455,275,214,56" oya="3" hai0="123,133,48,127,84,100,33,49,103,22,2,102,78" hai1="13,121,83,122,4,67,35,89,58,56,87,74,5" hai2="45,52,37,63,28,51,114,71,40,27,72,134,15" hai3="86,132,6,80,94,19,41,81,117,60,43,36,88"/><W125/><G117/><T1/><D33/><U14/><E35/><V95/><F114/><W120/><G120/><T25/><D123/><U101/><E74/><V62/><F72/><W70/><G125/><T57/><D127/><U24/><E101/><V66/><F134/><W68/><G132/><T128/><D133/><U109/><E109/><V9/><F95/><W116/><G116/><T107/><D107/><U11/><E24/><V0/><F0/><W110/><G110/><T105/><D105/><U112/><E112/><V77/><F77/><W39/><G6/><T18/><D128/><U55/><E67/><V69/><F27/><W20/><G60/><T3/><D57/><U16/><E58/><N who="2" m="33055" /><F28/><W106/><G106/><T79/><D84/><U44/><E44/><V29/><F29/><W64/><G64/><T124/><D124/><U73/><E73/><V82/><F82/><W91/><G43/><T92/><D92/><U75/><E75/><V118/><F118/><W26/><G81/><T17/><D17/><N who="1" m="8383" /><E122/><V23/><F23/><W38/><REACH who="3" step="1"/><G41/><REACH who="3" ten="455,275,214,46" step="2"/><T104/><D104/><U34/><E121/><V130/><F130/><W96/><AGARI ba="0,1" hai="19,20,26,36,38,39,68,70,80,86,88,91,94,96" machi="96" ten="30,18000,2" yaku="1,1,2,1,0,1,52,2,54,1,53,1" doraHai="65" doraHaiUra="76" who="3" fromWho="3" sc="455,-60,275,-60,214,-60,46,190" /><INIT seed="3,1,0,4,1,71" ten="395,215,154,236" oya="3" hai0="20,79,128,39,109,127,38,26,42,61,59,30,135" hai1="103,45,70,116,124,89,98,35,117,100,114,10,44" hai2="49,36,56,57,52,88,123,54,63,51,104,65,113" hai3="80,5,27,122,106,19,96,115,73,91,23,102,15"/><W120/><G115/><T107/><D107/><U43/><E114/><V55/><F104/><W8/><G91/><T33/><D109/><U133/><E35/><V105/><F105/><W0/><REACH who="3" step="1"/><G27/><REACH who="3" ten="395,215,154,226" step="2"/><T34/><D26/><U13/><E117/><V78/><F113/><W130/><G130/><T16/><D128/><U112/><E116/><V2/><F78/><AGARI ba="1,1" hai="0,5,8,15,19,23,73,78,80,96,102,106,120,122" machi="78" ten="40,3900,0" yaku="1,1,53,1" doraHai="71" doraHaiUra="74" who="3" fromWho="2" sc="395,0,215,0,154,-42,226,52" /><INIT seed="3,2,0,5,4,27" ten="395,215,112,278" oya="3" hai0="8,15,12,2,99,91,67,84,117,63,6,7,123" hai1="23,39,109,65,93,20,82,120,127,11,59,85,106" hai2="81,45,14,92,66,113,90,95,96,100,74,132,3" hai3="53,87,114,44,37,108,35,29,22,131,79,75,134"/><W4/><G114/><T60/><D117/><U50/><E106/><V19/><F3/><W119/><G119/><T56/><D123/><U57/><E39/><V21/><F113/><W36/><G35/><T62/><D99/><U33/><E33/><V83/><F132/><W55/><G134/><T121/><D121/><U51/><E120/><V101/><F66/><W61/><G75/><T49/><D49/><N who="1" m="18443" /><E109/><V125/><F125/><W88/><G79/><T89/><D89/><N who="1" m="51383" /><E127/><V9/><F74/><W46/><G37/><T0/><D0/><U102/><E11/><V128/><F128/><W133/><G133/><T98/><D98/><N who="1" m="59727" /><E59/><V34/><F34/><W52/><G108/><T71/><D71/><U80/><E80/><V16/><F45/><N who="3" m="17515" /><G36/><T78/><D78/><U48/><N who="1" m="18451" /><U76/><DORA hai="1" /><E76/><V70/><F70/><W30/><G131/><T38/><D38/><U122/><E122/><V116/><F116/><W47/><G47/><T86/><D86/><U41/><E41/><V17/><F101/><W5/><G61/><AGARI ba="2,0" hai="20,23,57,61,65" m="59727,51383,18451" machi="61" ten="30,1000,0" yaku="8,1" doraHai="27,1" who="1" fromWho="3" sc="395,0,215,16,112,0,278,-16" /><INIT seed="4,0,0,0,3,79" ten="395,231,112,262" oya="0" hai0="112,59,6,64,57,65,47,77,39,117,88,94,24" hai1="123,104,23,122,63,38,58,125,29,62,22,40,20" hai2="41,131,13,35,113,119,89,93,50,51,76,105,118" hai3="28,86,107,26,70,45,73,83,67,135,111,2,46"/><T52/><D117/><N who="2" m="44554" /><F105/><W1/><G73/><T66/><D112/><U11/><E104/><V68/><F68/><W128/><G107/><T21/><D6/><U133/><E29/><V124/><F35/><W91/><G111/><T55/><D77/><U102/><E102/><V115/><F124/><W78/><G128/><T7/><D7/><U127/><E133/><V33/><F33/><W54/><G135/><T15/><D15/><U82/><E38/><V72/><F131/><W99/><G70/><T114/><D114/><N who="2" m="43530" /><F41/><W120/><G120/><N who="1" m="46122" /><E40/><V75/><F13/><W42/><G67/><T14/><D14/><U30/><E30/><V31/><F31/><W84/><G99/><N who="0" m="57799" /><D39/><U37/><E37/><V5/><F5/><W92/><G54/><N who="0" m="20523" /><D47/><U80/><E11/><V132/><F132/><W36/><REACH who="3" step="1"/><G46/><REACH who="3" ten="395,231,112,252" step="2"/><T129/><D129/><U9/><E58/><V10/><F75/><W53/><G53/><T87/><D59/><U44/><E44/><V98/><F10/><W134/><G134/><T60/><D65/><U43/><E9/><V130/><F130/><W121/><G121/><T103/><D66/><U95/><E43/><V69/><F69/><W48/><G48/><T110/><D110/><U116/><E116/><V108/><F108/><W81/><G81/><AGARI ba="0,1" hai="50,51,72,76,81,89,93,98" m="43530,44554" machi="81" ten="30,3900,0" yaku="12,1,15,1,52,1" doraHai="79" who="2" fromWho="3" sc="395,0,231,0,112,49,252,-39" /><INIT seed="5,0,0,5,2,60" ten="395,231,161,213" oya="1" hai0="39,4,117,58,54,94,123,51,97,19,119,108,28" hai1="82,128,52,116,40,27,134,12,6,3,72,126,29" hai2="88,86,53,81,56,33,15,91,64,78,89,62,31" hai3="118,79,38,45,112,35,84,85,80,67,69,22,16"/><U129/><E3/><V24/><REACH who="2" step="1"/><F15/><REACH who="2" ten="395,231,151,213" step="2"/><W130/><G118/><T93/><D117/><U30/><E116/><V65/><AGARI ba="0,1" hai="24,31,33,53,56,62,64,65,78,81,86,88,89,91" machi="65" ten="30,12000,2" yaku="21,2,2,1,0,1,52,2,54,1,53,0" doraHai="60" doraHaiUra="37" who="2" fromWho="2" sc="395,-30,231,-60,151,130,213,-30" /><INIT seed="6,0,0,2,2,86" ten="365,171,281,183" oya="2" hai0="78,63,123,122,66,112,26,13,134,70,81,98,115" hai1="117,27,68,2,131,107,120,32,75,7,15,42,100" hai2="72,12,47,61,87,99,49,90,22,80,129,64,18" hai3="74,108,71,118,91,54,125,52,29,106,40,135,39"/><V30/><F72/><W25/><G106/><T6/><D134/><U9/><E9/><V76/><F129/><W67/><G74/><N who="0" m="43223" /><D26/><U56/><E56/><V50/><F30/><W121/><G118/><T36/><D36/><U35/><E15/><V79/><F99/><W88/><G135/><T45/><D45/><U5/><E42/><V104/><F104/><W97/><G121/><T113/><D98/><U114/><E100/><V48/><REACH who="2" step="1"/><F47/><REACH who="2" ten="365,171,271,183" step="2"/><W119/><G29/><T69/><D122/><U0/><E35/><V110/><F110/><W46/><G108/><T59/><D123/><U24/><E32/><V83/><F83/><W109/><G109/><T92/><D92/><U8/><E107/><V17/><F17/><W55/><G119/><T128/><D128/><U53/><E75/><V73/><F73/><W4/><G4/><T28/><D28/><U31/><E131/><V62/><F62/><W16/><G125/><T127/><D127/><U130/><E130/><V133/><F133/><W58/><G71/><AGARI ba="0,1" hai="12,18,22,48,49,50,61,64,71,76,79,80,87,90" machi="71" ten="40,3900,0" yaku="1,1,52,1,53,0" doraHai="86" doraHaiUra="96" who="2" fromWho="3" sc="365,0,171,0,271,49,183,-39" /><INIT seed="6,1,0,4,4,50" ten="365,171,320,144" oya="2" hai0="35,26,1,48,3,10,34,130,52,134,72,125,89" hai1="31,97,58,5,16,54,55,29,78,0,80,129,64" hai2="14,90,107,100,23,9,132,118,33,101,20,102,92" hai3="40,126,115,87,45,74,13,81,69,84,103,86,94"/><V71/><F107/><W114/><G69/><T117/><D72/><U91/><E0/><V56/><F71/><W70/><G70/><T73/><D73/><U113/><E5/><V15/><F33/><W82/><G13/><T46/><D130/><U51/><E129/><V53/><F118/><W67/><G67/><T119/><D134/><U30/><E113/><N who="3" m="43018" /><G45/><T8/><D125/><U7/><E7/><N who="2" m="3391" /><F132/><W131/><G40/><T95/><D10/><U105/><E105/><V127/><F127/><W98/><G131/><T122/><D122/><U25/><E78/><V106/><F106/><W17/><G17/><T88/><D89/><U19/><E64/><V38/><F38/><W121/><G126/><T28/><D34/><U75/><E75/><V99/><F15/><W133/><G133/><T61/><D61/><AGARI ba="1,0" hai="20,23,53,56,61,90,92,99,100,101,102" m="3391" machi="61" ten="30,2900,0" yaku="8,1,52,1" doraHai="50" who="2" fromWho="0" sc="365,-32,171,0,320,32,144,0" /><INIT seed="6,2,0,1,2,118" ten="333,171,352,144" oya="2" hai0="110,64,92,47,123,39,93,131,24,51,1,36,55" hai1="50,13,121,100,79,115,107,37,23,34,75,45,20" hai2="76,134,17,119,87,104,106,102,78,72,53,96,67" hai3="103,18,12,10,56,101,127,129,84,22,7,49,41"/><V114/><F119/><W5/><G127/><T9/><D110/><U124/><E37/><V71/><F72/><W68/><G68/><T109/><D109/><U42/><E34/><V77/><F106/><W11/><G129/><T27/><D123/><U30/><E124/><V132/><F53/><W60/><G84/><T83/><D131/><U26/><E115/><V14/><F114/><W66/><G49/><T52/><D64/><U111/><E111/><V61/><REACH who="2" step="1"/><F87/><REACH who="2" ten="333,171,342,144" step="2"/><W21/><G41/><T40/><D55/><U95/><E107/><V70/><F70/><W8/><REACH who="3" step="1"/><G22/><AGARI ba="2,1" hai="14,17,22,61,67,71,76,77,78,96,102,104,132,134" machi="22" ten="40,12000,1" yaku="1,1,53,3" doraHai="118" doraHaiUra="73" who="2" fromWho="3" sc="333,0,171,0,342,136,144,-126" /><INIT seed="6,3,0,2,5,0" ten="333,171,478,18" oya="2" hai0="68,98,85,57,9,115,105,96,108,13,61,117,59" hai1="70,111,103,93,38,36,63,26,54,130,66,80,81" hai2="16,45,14,19,109,33,110,76,49,21,91,71,10" hai3="56,87,35,79,65,11,32,75,6,134,72,60,124"/><V52/><F71/><W101/><G101/><BYE who="3" /><T127/><D108/><N who="2" m="41578" /><F33/><W64/><G64/><T113/><D127/><U121/><E103/><V48/><F76/><W29/><G29/><T107/><D117/><U20/><E93/><V3/><F91/><W30/><G30/><T78/><D68/><U12/><E81/><V120/><F120/><W15/><G15/><T34/><D34/><U55/><E80/><V51/><F3/><W131/><G131/><T89/><D78/><U99/><E99/><N who="0" m="37929" /><D59/><N who="1" m="35327" /><E12/><V1/><F1/><W2/><G2/><T42/><D42/><U39/><E26/><AGARI ba="3,0" hai="10,14,16,19,21,26,45,48,49,51,52" m="41578" machi="26" ten="30,5800,0" yaku="10,1,54,2" doraHai="0" who="2" fromWho="1" sc="333,0,171,-67,478,67,18,0" /><INIT seed="6,4,0,2,3,103" ten="333,104,545,18" oya="2" hai0="78,15,34,115,116,36,90,8,122,67,93,42,28" hai1="54,30,120,39,91,102,31,94,37,32,118,112,5" hai2="2,68,11,125,29,121,27,77,95,110,47,99,64" hai3="119,25,61,75,135,80,4,41,43,82,100,73,114"/><V109/><F121/><W106/><G106/><T123/><D115/><U127/><E102/><V24/><F77/><W53/><G53/><T7/><D116/><U14/><E5/><V55/><F125/><W17/><G17/><T74/><D67/><U72/><E14/><V10/><F68/><W86/><G86/><T105/><D34/><U59/><E72/><V83/><F83/><W62/><G62/><T126/><D28/><U63/><E31/><V130/><F64/><W117/><G117/><T33/><D33/><U129/><E30/><V22/><F130/><W16/><G16/><T71/><D71/><U107/><E107/><V45/><F27/><W66/><G66/><T84/><D126/><U128/><E32/><V60/><F2/><W19/><G19/><T0/><D15/><U38/><E112/><V70/><F70/><W133/><G133/><T81/><D105/><U20/><E20/><V85/><F85/><W76/><G76/><T131/><D131/><N who="1" m="50251" /><E118/><V79/><F79/><W44/><G44/><T1/><D1/><U52/><E120/><V18/><F47/><AGARI ba="4,0" hai="0,7,8,36,42,47,74,78,81,84,90,93,122,123" machi="47" ten="40,2600,0" yaku="25,2" doraHai="103" who="0" fromWho="2" sc="333,38,104,0,545,-38,18,0" /><INIT seed="7,0,0,2,4,16" ten="371,104,507,18" oya="3" hai0="116,77,103,28,88,45,23,109,91,14,10,106,48" hai1="42,59,83,3,5,44,74,69,63,18,134,125,72" hai2="75,24,66,123,130,113,101,29,128,33,20,2,68" hai3="67,120,41,60,127,39,124,86,135,7,51,100,119"/><W58/><G58/><T8/><D116/><U98/><E69/><V117/><F117/><W46/><G46/><T61/><D109/><U9/><E18/><V114/><F75/><W64/><G64/><T110/><D110/><U34/><E34/><V35/><F101/><W111/><G111/><T121/><D121/><U57/><E57/><V94/><F94/><W22/><G22/><T55/><D106/><U92/><E134/><V95/><F95/><W25/><G25/><T99/><D77/><U1/><E1/><V97/><F97/><W13/><G13/><T80/><D103/><U0/><E0/><V56/><F68/><W132/><G132/><T133/><D133/><U84/><E125/><V26/><F2/><W105/><G105/><T89/><D99/><U36/><E92/><V93/><F93/><W131/><G131/><T90/><N who="0" m="22528" /><DORA hai="53" /><T71/><D80/><U129/><E129/><V107/><F35/><W78/><G78/><T73/><D73/><U104/><E98/><V102/><F123/><W118/><G118/><T85/><D85/><U82/><E104/><V32/><F32/><W15/><G15/><T126/><D126/><U38/><E83/><V87/><F87/><W21/><G21/><T52/><D71/><U81/><E84/><V108/><F108/><W11/><G11/><T50/><D61/><U6/><E82/><V40/><F130/><W43/><G43/><T12/><D12/><U79/><E81/><V37/><F128/><W30/><G30/><T17/><D28/><U54/><E74/><V31/><F107/><W27/><G27/><RYUUKYOKU ba="0,0" sc="371,30,104,-10,507,-10,18,-10" hai0="8,10,14,17,23,45,48,50,52,55" owari="401,20.0,94,-31.0,497,60.0,8,-49.0" /></mjloggm>