<mjloggm ver="2.3"><GO type="169" lobby="0"/><UN n0="%E3%81%91%E3%82%93%31%39%37%30" n1="%E3%83%88%E3%83%88%E3%83%AA%E5%85%88%E7%94%9F%31%39%E6%AD%B3" n2="%73%68%61%70%65%6C%65%72" n3="%E3%81%98%E3%81%BE%E3%81%AE%E3%82%8A" dan="16,19,17,17" rate="2150.97,2290.48,2203.05,2125.66" sx="M,F,M,M"/><TAIKYOKU oya="0"/><INIT seed="0,0,0,5,2,120" ten="250,250,250,250" oya="0" hai0="101,111,23,66,47,6,12,60,21,31,62,87,83" hai1="9,63,76,67,112,8,1,135,14,128,78,131,55" hai2="119,130,10,118,13,125,99,19,2,92,72,44,127" hai3="117,134,26,103,16,52,48,42,74,68,38,41,93"/><T64/><D101/><U110/><E135/><V51/><F72/><W71/><G117/><N who="2" m="44553" /><F2/><W58/><G134/><T34/><D34/><U126/><E126/><V124/><F130/><N who="1" m="49705" /><E112/><V116/><N who="2" m="44561" /><V30/><DORA hai="25" /><F30/><W59/><G74/><T29/><D47/><U53/><E1/><V84/><F84/><W75/><G75/><T56/><D6/><N who="1" m="3351" /><E9/><V3/><F3/><W106/><G106/><T24/><D111/><U22/><E22/><V35/><F35/><W91/><G103/><T40/><D40/><U77/><E110/><V69/><F69/><AGARI ba="0,0" hai="53,55,63,67,69,76,77,78" m="3351,49705" machi="69" ten="30,1000,0" yaku="19,1" doraHai="120,25" who="1" fromWho="2" sc="250,0,250,10,250,-10,250,0" /><INIT seed="1,0,0,4,5,38" ten="250,260,240,250" oya="1" hai0="58,67,46,66,113,109,20,21,28,39,17,12,91" hai1="45,5,81,49,53,100,10,70,101,30,131,25,127" hai2="14,85,16,7,74,13,89,132,135,96,44,37,114" hai3="64,119,18,56,133,4,93,124,102,55,19,41,50"/><U62/><E131/><V121/><F74/><W79/><G124/><T15/><D109/><U78/><E127/><V111/><F121/><W60/><G133/><T130/><D113/><U120/><E120/><V97/><F111/><W107/><G119/><T63/><D130/><U83/><E70/><V8/><F114/><W6/><G79/><T73/><D73/><U0/><E62/><V86/><F86/><W32/><G107/><T99/><D67/><U98/><E78/><V47/><F132/><W59/><G32/><T80/><D28/><U68/><E68/><V9/><F135/><W106/><G106/><T23/><D15/><U31/><E31/><V69/><F69/><W117/><G117/><T36/><D36/><U54/><E54/><V82/><REACH who="2" step="1"/><F37/><REACH who="2" ten="250,260,230,250" step="2"/><W123/><G123/><T104/><D80/><U95/><REACH who="1" step="1"/><E101/><REACH who="1" ten="250,250,230,250" step="2"/><V122/><F122/><W90/><G102/><T26/><D63/><U134/><E134/><V43/><F43/><W34/><G41/><T61/><D61/><U48/><E48/><V57/><F57/><W128/><G128/><T29/><D58/><U3/><E3/><V35/><F35/><AGARI ba="0,2" hai="0,5,10,25,30,35,45,49,53,81,83,95,98,100" machi="35" ten="30,5800,0" yaku="1,1,7,1,53,1" doraHai="38" doraHaiUra="33" who="1" fromWho="2" sc="250,0,250,78,230,-58,250,0" /><INIT seed="1,1,0,2,2,131" ten="250,328,172,250" oya="1" hai0="81,64,118,37,21,89,77,20,69,92,43,8,67" hai1="53,97,121,79,31,127,40,38,120,90,134,1,111" hai2="129,110,122,62,29,107,66,45,22,112,86,52,5" hai3="83,108,2,105,14,16,101,17,103,95,74,76,98"/><U61/><E1/><V12/><F122/><W28/><G2/><T70/><D118/><U82/><E134/><V99/><F129/><W44/><G108/><T23/><D8/><U85/><E127/><V10/><F110/><W32/><G32/><T56/><D43/><U58/><E111/><V80/><F112/><W116/><G28/><T35/><D35/><U115/><E115/><V15/><F107/><W100/><G116/><T68/><D37/><U106/><E31/><V47/><F99/><W72/><G72/><T102/><D102/><U128/><E128/><V26/><F15/><W91/><G44/><T71/><N who="0" m="17408" /><DORA hai="78" /><T50/><D50/><U4/><E4/><V7/><F66/><W94/><G94/><T27/><D56/><U114/><E114/><V49/><F62/><W123/><G123/><T48/><D48/><U6/><E6/><N who="2" m="3159" /><F47/><W57/><G57/><T0/><D27/><U9/><E9/><V54/><F54/><W51/><G51/><T19/><D19/><U132/><E120/><V41/><F41/><W13/><G13/><T18/><D18/><U109/><E121/><V117/><F117/><W93/><G17/><T119/><D119/><U135/><E109/><V42/><F42/><W65/><G65/><T33/><D33/><U36/><E106/><V96/><F96/><W46/><G46/><T63/><D63/><U133/><E40/><V124/><F124/><W24/><G24/><T60/><D60/><U104/><E104/><V84/><F84/><N who="3" m="52455" /><G95/><AGARI ba="1,0" hai="36,38,53,58,61,79,82,85,90,95,97,132,133,135" machi="95" ten="40,12000,1" yaku="20,1,52,4" doraHai="131,78" who="1" fromWho="3" sc="250,0,328,123,172,0,250,-123" /><INIT seed="1,2,0,2,1,115" ten="250,451,172,127" oya="1" hai0="69,119,87,90,133,135,84,77,65,50,3,73,106" hai1="26,113,125,81,74,97,86,99,100,62,4,109,51" hai2="61,111,72,52,75,12,21,49,108,18,56,78,30" hai3="82,131,91,25,48,80,35,39,94,120,28,9,14"/><U29/><E113/><V15/><F30/><W53/><G39/><T98/><D3/><U104/><E74/><V105/><F105/><W123/><G131/><T63/><D50/><U37/><E37/><V47/><F15/><W1/><G1/><T43/><D43/><U20/><E125/><V95/><F95/><W2/><G2/><T6/><D6/><U117/><E4/><V112/><F112/><W102/><G102/><T68/><D68/><U89/><E109/><N who="2" m="42059" /><F78/><W103/><G103/><N who="0" m="62839" /><D87/><U13/><E117/><V130/><F130/><W126/><G126/><T121/><D121/><U22/><E99/><V8/><F8/><W16/><G123/><T33/><D33/><U24/><E13/><V83/><F83/><W59/><REACH who="3" step="1"/><G120/><REACH who="3" ten="250,451,172,117" step="2"/><T5/><D135/><U36/><E36/><V71/><F71/><W19/><G19/><T23/><D133/><U54/><E100/><V96/><F96/><AGARI ba="2,1" hai="9,14,16,25,28,35,48,53,59,80,82,91,94,96" machi="96" ten="30,8000,1" yaku="1,1,7,1,54,1,53,2" doraHai="115" doraHaiUra="76" who="3" fromWho="2" sc="250,0,451,0,172,-86,117,96" /><INIT seed="2,0,0,0,2,51" ten="250,451,86,213" oya="2" hai0="112,47,98,105,2,43,38,29,118,21,26,19,108" hai1="73,91,82,65,41,20,115,15,90,48,7,95,111" hai2="120,39,16,130,72,4,45,113,119,23,52,62,132" hai3="101,103,104,81,49,14,32,71,58,122,116,9,37"/><V10/><F120/><W134/><G116/><T40/><D112/><U99/><E115/><V1/><F113/><W131/><G122/><T28/><D2/><U97/><E111/><V53/><F119/><W34/><G37/><T75/><D108/><U44/><E73/><V13/><F72/><W77/><G71/><T84/><D75/><U127/><E127/><V74/><F74/><W69/><G69/><T68/><D68/><U24/><E65/><V123/><F123/><W35/><G134/><T102/><D118/><U107/><E107/><V30/><F132/><W124/><G124/><T106/><D106/><U8/><E82/><V22/><F130/><W46/><G58/><T11/><D43/><U12/><E12/><V61/><F39/><W83/><G131/><T66/><D66/><U93/><E20/><V25/><F45/><W0/><G0/><T85/><D11/><U67/><E67/><V78/><F78/><W59/><G59/><T96/><D96/><U33/><E24/><N who="2" m="16671" /><F1/><W70/><G70/><T42/><D42/><U63/><E63/><AGARI ba="0,0" hai="4,10,13,16,22,25,52,53,61,62,63" m="16671" machi="63" ten="30,12000,1" yaku="8,1,52,2,54,2" doraHai="51" who="2" fromWho="1" sc="250,0,451,-120,86,120,213,0" /><INIT seed="2,1,0,2,0,117" ten="250,331,206,213" oya="2" hai0="116,121,106,93,120,1,123,125,104,20,14,99,37" hai1="73,8,132,133,72,21,135,15,96,58,130,87,74" hai2="81,66,79,0,134,11,19,127,12,6,57,29,25" hai3="2,52,88,18,3,75,17,78,5,82,22,27,115"/><V24/><F134/><W105/><G105/><T59/><D1/><U71/><E71/><V50/><F127/><W112/><G5/><T110/><D37/><U107/><E130/><V92/><F92/><W10/><G10/><T38/><D38/><U47/><E21/><V53/><F66/><W128/><G128/><T56/><D110/><U62/><E47/><V94/><F94/><W55/><G18/><T61/><D125/><U65/><E87/><V54/><F54/><N who="3" m="20523" /><G88/><T119/><D14/><U68/><E68/><V70/><F70/><W122/><G122/><T23/><D61/><U42/><E42/><V63/><F63/><W111/><G111/><T69/><D69/><U80/><E80/><V39/><F39/><W86/><G86/><T40/><D40/><U46/><E46/><V83/><F29/><W90/><G90/><T100/><D104/><U7/><E73/><V67/><F67/><W31/><G31/><T95/><D106/><U36/><E36/><V109/><F109/><W28/><G28/><T91/><D91/><U124/><E124/><V84/><REACH who="2" step="1"/><F83/><REACH who="2" ten="250,331,196,213" step="2"/><W101/><G101/><AGARI ba="1,1" hai="7,8,15,58,62,65,72,74,96,101,107,132,133,135" machi="101" ten="40,1300,0" yaku="20,1" doraHai="117" who="1" fromWho="3" sc="250,0,331,26,196,0,213,-16" /><INIT seed="3,0,0,5,5,80" ten="250,357,196,197" oya="3" hai0="39,100,55,24,6,30,42,16,54,46,82,97,79" hai1="26,109,63,15,126,65,113,31,25,20,67,104,86" hai2="110,105,51,44,49,118,61,114,107,111,83,76,33" hai3="4,135,112,43,94,99,32,37,1,88,28,119,115"/><W11/><G119/><T62/><D6/><U124/><E113/><V59/><F33/><W98/><G135/><T120/><D120/><U19/><E104/><V48/><F44/><W87/><G43/><T7/><D7/><U93/><E109/><N who="2" m="41483" /><F118/><W17/><G37/><T40/><D40/><U81/><E93/><V102/><F102/><W73/><G73/><T52/><D62/><U89/><E26/><V53/><F114/><W12/><G28/><T50/><D39/><U38/><E38/><V5/><F5/><W117/><G32/><T35/><D16/><U96/><E96/><V127/><F127/><N who="1" m="48681" /><E63/><V128/><F128/><W72/><G72/><AGARI ba="0,0" hai="48,49,51,53,59,61,72,76,83,105,107" m="41483" machi="72" ten="30,1000,0" yaku="14,1" doraHai="80" who="2" fromWho="3" sc="250,0,357,0,196,10,197,-10" /><INIT seed="4,0,0,2,2,92" ten="250,357,206,187" oya="0" hai0="86,89,95,12,80,15,43,131,97,73,98,55,42" hai1="62,51,124,85,65,52,1,108,122,0,96,21,126" hai2="128,120,53,4,116,23,46,56,83,45,60,44,6" hai3="94,5,129,11,39,28,25,26,134,68,37,61,59"/><T99/><D131/><U113/><E108/><V64/><F120/><W88/><G129/><T110/><D110/><U125/><E122/><V22/><F128/><W3/><G68/><T109/><D109/><U14/><E113/><V121/><F121/><W29/><G134/><T76/><REACH who="0" step="1"/><D55/><REACH who="0" ten="240,357,206,187" step="2"/><U38/><E126/><V41/><F116/><W40/><G40/><AGARI ba="0,1" hai="12,15,40,42,43,73,76,80,86,89,95,97,98,99" machi="40" ten="40,12000,1" yaku="1,1,2,1,52,3,53,0" doraHai="92" doraHaiUra="48" who="0" fromWho="3" sc="240,130,357,0,206,0,187,-120" /><INIT seed="4,1,0,5,0,80" ten="370,357,206,67" oya="0" hai0="50,104,93,86,25,130,23,70,36,62,88,42,72" hai1="89,73,6,94,19,112,0,53,35,52,74,5,22" hai2="3,120,111,18,20,127,43,103,44,65,27,82,4" hai3="108,100,59,38,57,109,49,39,95,63,78,119,114"/><T9/><D72/><U117/><E117/><V128/><F120/><W41/><G78/><T96/><D130/><U46/><E35/><V32/><F111/><W90/><G100/><T116/><D116/><U31/><E112/><V129/><F32/><W71/><G119/><T98/><D36/><U21/><E73/><V135/><F103/><W76/><G76/><T33/><D33/><U61/><E74/><V37/><F65/><W1/><G1/><T92/><D104/><U134/><E134/><V12/><F135/><W13/><G114/><T10/><D70/><U2/><E2/><V11/><F127/><W34/><G34/><T113/><D62/><U107/><E107/><V77/><REACH who="2" step="1"/><F27/><REACH who="2" ten="370,357,196,67" step="2"/><W106/><G108/><T133/><D133/><U101/><E101/><V105/><F105/><W75/><G106/><T29/><D113/><U30/><E0/><V47/><F47/><W7/><G109/><T40/><D98/><U102/><E102/><V79/><F79/><W69/><G71/><T123/><D123/><U66/><E46/><V64/><F64/><W8/><G69/><T83/><D96/><U17/><E66/><V56/><F56/><W81/><G59/><T14/><D42/><U84/><E53/><V48/><F48/><W122/><G49/><T24/><D24/><N who="1" m="14399" /><E52/><V121/><F121/><W28/><G41/><T55/><D40/><U15/><E61/><V99/><F99/><W118/><G63/><T91/><D50/><U54/><E54/><V125/><F125/><W131/><G122/><T97/><D55/><U68/><E68/><V67/><F67/><RYUUKYOKU ba="1,1" sc="370,-15,357,15,196,15,67,-15" hai1="5,6,15,17,22,30,31,84,89,94" hai2="3,4,11,12,18,20,37,43,44,77,82,128,129" /><INIT seed="5,2,1,0,1,44" ten="355,372,211,52" oya="1" hai0="87,45,105,64,81,104,113,29,28,108,73,120,55" hai1="40,92,41,36,74,43,127,51,48,24,117,135,3" hai2="23,123,54,110,121,103,13,67,119,71,80,78,39" hai3="38,66,46,102,57,31,1,131,12,11,99,34,98"/><U58/><E117/><V8/><F39/><W70/><G131/><T89/><D73/><U52/><E3/><V0/><F119/><W42/><G57/><T85/><D108/><U96/><E74/><V77/><F110/><W17/><G99/><T16/><D64/><U83/><E36/><V118/><F118/><W37/><G17/><T91/><D113/><U49/><E135/><V47/><F0/><W126/><G12/><T4/><D4/><U53/><E127/><V86/><F77/><W94/><G126/><T10/><D120/><U9/><E83/><V106/><F23/><W132/><G132/><T84/><D105/><U62/><E9/><V61/><F103/><W2/><G11/><T30/><D104/><U6/><E6/><V129/><F106/><W50/><G50/><N who="0" m="29135" /><D91/><N who="1" m="55327" /><E24/><V26/><F26/><W93/><G38/><T107/><D107/><U7/><E7/><V116/><F129/><W27/><REACH who="3" step="1"/><G93/><REACH who="3" ten="355,372,211,42" step="2"/><T15/><AGARI ba="2,2" hai="10,15,16,28,29,30,81,84,85,87,89" m="29135" machi="15" ten="30,7900,0" yaku="25,1,8,1,52,1,54,1" doraHai="44" who="0" fromWho="0" sc="355,105,372,-41,211,-22,42,-22" /><INIT seed="6,0,0,4,0,15" ten="460,331,189,20" oya="2" hai0="80,78,6,29,108,7,16,12,8,53,101,83,66" hai1="92,90,55,95,20,47,45,17,123,118,81,43,128" hai2="91,124,99,70,38,13,30,98,35,127,113,19,120" hai3="64,62,93,21,121,18,37,44,104,63,4,107,131"/><V103/><F120/><W54/><G131/><T97/><D108/><U69/><E118/><V52/><F38/><W61/><G121/><T96/><D66/><U24/><E123/><V56/><F70/><W34/><G34/><T1/><D29/><U122/><E122/><V23/><F113/><W75/><G75/><T111/><D111/><U57/><E128/><V65/><F65/><W106/><G4/><T109/><D109/><U0/><E0/><V2/><F2/><W125/><G125/><T31/><D31/><U102/><E69/><V49/><F91/><W27/><G93/><N who="0" m="58511" /><D97/><N who="1" m="59711" /><E43/><V22/><F35/><W100/><G100/><T130/><D130/><U73/><E73/><V10/><F98/><W85/><G85/><N who="0" m="48279" /><D1/><U39/><E81/><V71/><F71/><W129/><G129/><T105/><D105/><U74/><E74/><V117/><F117/><W82/><G82/><T26/><D26/><U114/><E39/><V32/><F32/><W46/><G37/><T76/><D53/><U51/><E114/><V79/><F79/><W132/><G132/><T135/><D135/><U67/><E67/><V68/><F68/><W3/><G3/><T41/><D41/><U50/><E50/><V87/><F87/><AGARI ba="0,0" hai="6,7,8,12,16,76,83,87" m="48279,58511" machi="87" ten="30,3900,0" yaku="8,1,52,1,54,1" doraHai="15" who="0" fromWho="2" sc="460,39,331,0,189,-39,20,0" /><AGARI ba="0,0" hai="17,20,24,45,47,51,55,57,87,90,92" m="59711" machi="87" ten="30,2000,0" yaku="8,1,52,1" doraHai="15" who="1" fromWho="2" sc="499,0,331,20,150,-20,20,0" /><INIT seed="7,0,0,1,0,49" ten="499,351,130,20" oya="3" hai0="95,0,83,14,22,86,48,61,115,98,134,42,119" hai1="89,77,94,120,9,109,135,21,66,121,69,118,70" hai2="34,122,13,43,35,27,131,116,7,53,90,68,129" hai3="59,5,2,108,60,87,37,51,125,30,63,102,92"/><W64/><G108/><T97/><D0/><U62/><E77/><V106/><F116/><W52/><G125/><T56/><D119/><U58/><E9/><V18/><F68/><W84/><G37/><T78/><D134/><U126/><E118/><V127/><F106/><W111/><G111/><T112/><D42/><U82/><E109/><V44/><F127/><W81/><G30/><T132/><D48/><U32/><E82/><V103/><F103/><W38/><G38/><T123/><D132/><U130/><E32/><V110/><F110/><W4/><G2/><T50/><D50/><U28/><E135/><V101/><F101/><W72/><G72/><T16/><D123/><U33/><E33/><V128/><F122/><W85/><G81/><T55/><D95/><U113/><E126/><V133/><F133/><W11/><G11/><T41/><D41/><U88/><E70/><V39/><F7/><N who="3" m="2635" /><G64/><T40/><D40/><U19/><E28/><V114/><F35/><W20/><G20/><T73/><D73/><U24/><E69/><V8/><F34/><W10/><G10/><T3/><D3/><U75/><E75/><V12/><F8/><W76/><G76/><T65/><D65/><U124/><E124/><V80/><F80/><W54/><G54/><T31/><D31/><U74/><E74/><V100/><F53/><W93/><G93/><T117/><D117/><U36/><E120/><V96/><F39/><W47/><G47/><T107/><D107/><U67/><E36/><V71/><F129/><W79/><G79/><T25/><D25/><U26/><E26/><RYUUKYOKU ba="0,0" sc="499,15,351,-15,130,-15,20,15" hai0="14,16,22,55,56,61,78,83,86,97,98,112,115" hai3="51,52,59,60,63,84,85,87,92,102" /><INIT seed="7,1,0,5,4,19" ten="514,336,115,35" oya="3" hai0="122,126,99,109,7,134,44,58,1,90,31,59,54" hai1="104,61,82,94,4,27,93,49,22,52,105,84,127" hai2="41,110,35,42,37,66,75,56,10,97,96,132,81" hai3="124,6,118,14,121,23,67,40,100,11,15,113,115"/><W68/><G40/><T102/><D109/><U34/><E34/><V50/><F35/><W64/><G100/><T70/><D70/><U130/><E130/><V78/><F110/><W83/><G121/><T128/><D122/><U21/><E127/><V80/><F132/><W131/><G118/><T57/><D126/><U112/><E112/><N who="3" m="43082" /><G124/><T2/><D31/><U45/><E104/><V89/><F37/><W12/><G131/><T17/><D90/><U120/><E105/><V123/><F123/><W16/><G83/><T39/><D134/><U103/><E4/><V111/><F111/><W77/><G77/><T106/><D128/><U95/><E120/><V98/><F42/><W91/><G91/><T116/><D116/><U135/><E135/><V8/><F81/><W129/><G129/><T18/><D39/><U114/><E114/><V51/><F89/><W29/><G29/><T72/><D72/><U53/><E27/><V76/><F76/><W88/><G88/><T101/><D101/><U26/><E26/><V65/><F41/><W69/><G15/><T73/><D73/><U87/><E103/><V47/><F75/><W9/><G9/><N who="0" m="2287" /><D2/><U117/><E117/><V32/><F78/><W48/><G48/><T36/><D36/><U5/><E82/><V46/><F80/><W43/><G43/><T20/><D102/><U86/><E5/><V3/><F98/><W55/><G55/><T24/><D99/><U30/><E30/><V108/><F108/><W60/><G67/><T107/><D54/><U79/><E79/><V119/><F119/><W13/><G13/><RYUUKYOKU ba="1,0" sc="514,-15,336,15,115,-15,35,15" hai1="21,22,45,49,52,53,61,84,86,87,93,94,95" hai3="6,11,12,14,16,23,60,64,68,69" /><INIT seed="7,2,0,0,3,96" ten="499,351,100,50" oya="3" hai0="23,73,123,6,5,125,92,46,58,27,126,70,45" hai1="88,127,99,28,37,104,84,109,135,133,131,15,50" hai2="98,63,94,67,17,53,26,65,36,100,7,66,40" hai3="68,19,10,81,78,72,4,54,38,22,74,56,57"/><W55/><G38/><T117/><D70/><U134/><E37/><V106/><F106/><W31/><G31/><T25/><D73/><U112/><E28/><V21/><F36/><W51/><G68/><T115/><D117/><U80/><E15/><V35/><F35/><W34/><G34/><T2/><D123/><U75/><E50/><V79/><F79/><W33/><G33/><T24/><D23/><U42/><E42/><V102/><F40/><W1/><G72/><T76/><D76/><N who="1" m="44063" /><E109/><V93/><F7/><N who="0" m="2570" /><D2/><U48/><E48/><V83/><F83/><W12/><REACH who="3" step="1"/><G55/><REACH who="3" ten="499,351,100,40" step="2"/><T29/><D29/><U49/><E134/><V39/><F39/><W114/><G114/><T132/><D115/><U107/><E112/><V122/><F122/><W13/><G13/><T120/><D132/><U118/><E133/><V69/><F53/><W62/><G62/><T128/><D120/><U20/><E135/><V101/><F69/><W47/><AGARI ba="2,1" hai="1,4,10,12,19,22,47,51,54,56,57,74,78,81" machi="47" ten="20,3900,0" yaku="1,1,0,1,7,1,53,0" doraHai="96" doraHaiUra="97" who="3" fromWho="3" sc="499,-15,351,-15,100,-15,40,55" /><INIT seed="7,3,0,3,0,104" ten="484,336,85,95" oya="3" hai0="7,21,116,23,38,55,115,90,74,26,0,100,69" hai1="113,77,126,46,50,97,29,37,53,6,119,71,132" hai2="42,58,75,56,3,131,54,134,63,33,68,2,93" hai3="124,84,32,18,85,95,87,8,16,27,13,86,43"/><W25/><G124/><T117/><D69/><U118/><E29/><V129/><F75/><W36/><G36/><T47/><D100/><U5/><E97/><V28/><F68/><W35/><G43/><T76/><D115/><U52/><E77/><V78/><F78/><W108/><G108/><T99/><D23/><U19/><E19/><V48/><F134/><W64/><G64/><T83/><D90/><U94/><E94/><V34/><F93/><W11/><N who="3" m="21504" /><DORA hai="1" /><W120/><G95/><T44/><D44/><U40/><E113/><V98/><F98/><W65/><G65/><T41/><D55/><U51/><E71/><V105/><F105/><W92/><G92/><T106/><D99/><U127/><E37/><V102/><F102/><W59/><G59/><T88/><D88/><U111/><E40/><V91/><F91/><W82/><G82/><T125/><D125/><U62/><E62/><V123/><F123/><W4/><G120/><T60/><D60/><U49/><E49/><V20/><F42/><W133/><G133/><T130/><D106/><U45/><REACH who="1" step="1"/><E132/><REACH who="1" ten="484,326,85,95" step="2"/><V121/><F121/><W79/><G79/><T67/><D76/><U17/><E17/><V12/><F34/><W101/><G101/><T9/><D41/><U39/><E39/><V128/><F33/><N who="3" m="12875" /><G18/><T14/><D38/><U135/><E135/><V80/><F80/><W96/><G96/><T10/><D83/><U107/><E107/><V57/><F28/><W22/><G11/><T24/><D10/><U89/><E89/><V122/><F122/><W31/><G31/><T81/><D9/><RYUUKYOKU ba="3,1" sc="484,-15,326,15,85,-15,95,15" hai1="5,6,45,46,50,51,52,53,111,118,119,126,127" hai3="4,8,13,16,22,25,27" /><INIT seed="7,4,1,2,0,92" ten="469,341,70,110" oya="3" hai0="34,80,0,18,105,43,2,118,115,44,86,112,6" hai1="19,39,55,88,79,97,70,126,42,81,106,74,29" hai2="130,5,68,9,33,89,48,60,94,95,104,99,13" hai3="3,101,98,20,46,63,22,65,132,57,1,23,16"/><W84/><G132/><T100/><D118/><U119/><E119/><V129/><F33/><W38/><G38/><T67/><D34/><U24/><E126/><V117/><F117/><W73/><G73/><T91/><D67/><U7/><E70/><V122/><F122/><W69/><G69/><T32/><D32/><U61/><E7/><V77/><F77/><W59/><G59/><T76/><D6/><U47/><E19/><V21/><F48/><W52/><G84/><T41/><D41/><U134/><E134/><V124/><F124/><W133/><G133/><T102/><D18/><U56/><E106/><V27/><F104/><W8/><G1/><N who="0" m="619" /><D76/><U58/><E58/><V4/><F94/><N who="3" m="58583" /><G3/><T87/><D87/><U49/><E39/><V30/><REACH who="2" step="1"/><F4/><REACH who="2" ten="469,341,60,110" step="2"/><W96/><G96/><T125/><D125/><U82/><E79/><V114/><F114/><N who="0" m="43562" /><D105/><U37/><E74/><V66/><AGARI ba="4,2" hai="5,9,13,21,27,30,60,66,68,89,95,99,129,130" machi="66" ten="30,4000,0" yaku="1,1,0,1,52,1,53,0" doraHai="92" doraHaiUra="78" who="2" fromWho="2" sc="469,-14,341,-14,60,72,110,-24" owari="455,55.0,327,13.0,132,-27.0,86,-41.0" /></mjloggm>