<mjloggm ver="2.3"><GO type="169" lobby="0"/><UN n0="%E3%81%B6%E3%81%A3%E3%81%A8%E3%81%B3%E3%82%AB%E3%83%BC%E3%83%89" n1="%E3%83%9F%E3%83%8E%E3%83%AA" n2="%E3%81%84%E3%81%8F%E3%82%84%E3%81%BE%E2%98%86%E3%81%95%E3%82%80%E3%81%8A" n3="%E3%82%A6%E3%83%AB%E3%83%88%E3%83%A9%E7%AB%8B%E7%9B%B4" dan="16,16,16,17" rate="2088.84,2087.02,2114.80,2180.14" sx="F,M,M,M"/><TAIKYOKU oya="0"/><INIT seed="0,0,0,5,2,101" ten="250,250,250,250" oya="0" hai0="125,79,75,1,46,12,3,57,65,130,102,32,22" hai1="92,59,21,64,61,67,112,128,43,104,52,17,47" hai2="40,31,39,24,89,135,11,86,132,48,119,84,96" hai3="53,38,97,68,0,62,118,41,91,50,114,29,93"/><T23/><D75/><U69/><E128/><V108/><F108/><W133/><G0/><N who="0" m="75" /><D102/><U121/><E121/><V88/><F39/><W116/><G29/><T80/><D46/><U33/><E33/><N who="2" m="20711" /><F11/><W9/><G114/><T66/><D57/><U122/><E122/><V78/><F78/><W35/><G118/><T60/><D60/><U124/><E112/><V107/><F119/><W127/><G62/><T37/><D80/><U105/><E124/><V129/><F129/><W76/><G127/><T100/><D100/><U28/><E28/><V42/><F48/><W70/><G50/><T120/><D79/><U13/><E92/><N who="2" m="54295" /><F96/><W85/><G93/><T94/><D94/><U55/><E55/><V19/><F19/><W6/><G53/><T27/><D37/><U71/><E67/><N who="0" m="25609" /><D32/><U74/><E74/><V26/><F26/><W45/><G35/><T5/><D27/><U95/><E95/><V134/><F107/><W115/><G38/><T90/><D90/><U8/><E8/><V131/><F131/><W56/><G91/><T16/><D130/><U30/><E30/><V83/><AGARI ba="0,0" hai="40,42,83,84,89,132,134,135" m="54295,20711" machi="83" ten="30,2000,0" yaku="20,1,54,1" doraHai="101" who="2" fromWho="2" sc="250,-10,250,-5,250,20,250,-5" /><INIT seed="1,0,0,1,3,121" ten="240,245,270,245" oya="1" hai0="94,104,77,73,105,92,13,93,17,25,69,56,66" hai1="47,78,40,63,113,60,51,74,65,23,128,118,33" hai2="117,111,24,45,16,46,4,9,107,67,50,37,34" hai3="115,31,22,44,58,102,59,43,95,26,21,18,29"/><U7/><E33/><V79/><F117/><W41/><G115/><T27/><D69/><U68/><E118/><V61/><F107/><W90/><G102/><T6/><D104/><U48/><E113/><V19/><F79/><W88/><G90/><T62/><D105/><U87/><E128/><V96/><F37/><W12/><G31/><T135/><D135/><U112/><E112/><V131/><F96/><W129/><G129/><T55/><D6/><U2/><E23/><V119/><F119/><W101/><G101/><T89/><D89/><U76/><E76/><V0/><F131/><W84/><REACH who="3" step="1"/><G43/><REACH who="3" ten="240,245,270,235" step="2"/><T49/><D77/><U5/><E74/><V110/><F110/><W35/><G35/><T71/><REACH who="0" step="1"/><D73/><REACH who="0" ten="230,245,270,235" step="2"/><U10/><E78/><V124/><F111/><W106/><G106/><T109/><D109/><U83/><E83/><V11/><F124/><W30/><G30/><T54/><D54/><U28/><E28/><V52/><F52/><W116/><G116/><T127/><D127/><U72/><E72/><V82/><F67/><W3/><G3/><T32/><D32/><U38/><E65/><V91/><F0/><W64/><G64/><T123/><D123/><U70/><E2/><V8/><F91/><W100/><G100/><T132/><D132/><U130/><E130/><V125/><F34/><W75/><G75/><T98/><D98/><U57/><E40/><V14/><F125/><W53/><G53/><T86/><D86/><U85/><E85/><V114/><F114/><W122/><G122/><T81/><D81/><U120/><E87/><V99/><F82/><RYUUKYOKU ba="0,2" sc="230,15,245,-15,270,-15,235,15" hai0="13,17,25,27,49,55,56,62,66,71,92,93,94" hai3="12,18,21,22,26,29,41,44,58,59,84,88,95" /><INIT seed="2,1,2,2,5,13" ten="245,230,255,250" oya="2" hai0="45,55,18,100,85,52,119,118,121,54,59,50,102" hai1="129,11,16,86,75,130,133,83,101,123,120,23,126" hai2="108,127,25,46,77,74,91,7,21,38,62,79,114" hai3="90,73,29,65,78,80,93,28,41,60,63,14,88"/><V44/><F114/><W113/><G113/><T15/><D121/><N who="1" m="46667" /><E133/><V49/><F38/><W81/><G41/><N who="0" m="24879" /><D85/><U6/><E101/><V34/><F34/><W10/><G90/><T4/><D4/><U3/><E75/><V9/><F74/><W111/><G111/><T53/><D119/><U116/><E116/><V98/><F108/><W35/><G81/><T58/><D118/><U67/><E67/><V61/><F127/><W22/><G22/><N who="0" m="11615" /><D59/><U19/><E126/><V132/><F132/><W26/><G29/><T27/><D27/><N who="1" m="14823" /><E19/><V33/><F33/><W2/><G2/><T104/><D104/><U117/><E117/><V97/><F7/><W105/><G105/><T110/><D110/><U57/><E57/><V89/><F9/><W68/><G68/><T131/><D131/><U66/><E66/><V69/><F69/><W128/><G65/><T0/><D0/><U37/><E37/><V24/><F21/><W56/><G56/><T95/><D95/><U124/><E124/><V51/><AGARI ba="1,2" hai="24,25,44,46,49,51,61,62,77,79,89,91,97,98" machi="51" ten="25,9600,0" yaku="0,1,22,2,8,1" doraHai="13" who="2" fromWho="2" sc="245,-33,230,-33,255,119,250,-33" /><INIT seed="2,2,0,3,5,44" ten="212,197,374,217" oya="2" hai0="104,77,24,47,125,69,65,100,17,75,123,96,39" hai1="32,43,55,80,7,116,97,56,18,103,10,134,29" hai2="31,45,13,16,6,40,105,33,130,3,111,22,94" hai3="102,79,38,110,52,132,81,129,108,35,88,14,73"/><V23/><F105/><W99/><G38/><T87/><D123/><U28/><E116/><V133/><F130/><W131/><G35/><T117/><D117/><U62/><E134/><V114/><F114/><W9/><G14/><T30/><D87/><U135/><E135/><V57/><F133/><W126/><G9/><T66/><D17/><U83/><E43/><V93/><F57/><W53/><G132/><T86/><D86/><U112/><E18/><V91/><F23/><W78/><G78/><T48/><D39/><U34/><E112/><V1/><F111/><N who="3" m="42539" /><G126/><T101/><D125/><U27/><E29/><V2/><F6/><W92/><G102/><T60/><D66/><U64/><E64/><V11/><F33/><W63/><G63/><T120/><D101/><U41/><E41/><V106/><F106/><W12/><G12/><T37/><D37/><U109/><E34/><V113/><F113/><W36/><G36/><T19/><D120/><U67/><E67/><V42/><F45/><W49/><G53/><T21/><D77/><U84/><E109/><V59/><F59/><AGARI ba="2,0" hai="49,52,59,73,79,81,88,92,99,129,131" m="42539" machi="59" ten="30,7700,0" yaku="14,1,52,1,54,2" doraHai="44" who="3" fromWho="2" sc="212,0,197,0,374,-83,217,83" /><INIT seed="3,0,0,4,0,49" ten="212,197,291,300" oya="3" hai0="125,130,26,101,35,119,93,6,50,29,71,61,121" hai1="102,15,120,72,7,87,90,17,78,24,108,62,53" hai2="68,11,45,107,80,123,10,9,117,129,51,128,32" hai3="118,64,54,95,37,25,47,94,99,48,134,18,8"/><W12/><G118/><T100/><D119/><U38/><E38/><V91/><F117/><W92/><G134/><T21/><D121/><U5/><E120/><V113/><F113/><W73/><G73/><T19/><D130/><N who="2" m="50282" /><F123/><W60/><G37/><T74/><D74/><U59/><E108/><V40/><F107/><W81/><G81/><T13/><D125/><U97/><E24/><V41/><F68/><W96/><REACH who="3" step="1"/><G25/><REACH who="3" ten="212,197,291,290" step="2"/><T82/><D82/><U126/><E72/><V67/><F80/><W75/><G75/><T69/><D26/><U85/><E126/><V111/><F111/><W116/><G116/><T89/><D71/><AGARI ba="0,1" hai="8,12,18,47,48,54,60,64,71,92,94,95,96,99" machi="71" ten="40,3900,0" yaku="1,1,52,1,53,0" doraHai="49" doraHaiUra="110" who="3" fromWho="0" sc="212,-39,197,0,291,0,290,49" /><INIT seed="3,1,0,4,0,45" ten="173,197,291,339" oya="3" hai0="70,47,37,20,77,114,42,103,28,27,116,54,68" hai1="32,36,118,22,82,15,62,108,75,6,53,86,56" hai2="84,131,3,71,130,50,64,109,134,10,90,111,65" hai3="61,58,57,78,23,115,38,105,106,99,132,30,48"/><W43/><G115/><T125/><D116/><U81/><E32/><V33/><F33/><W2/><G2/><T16/><D114/><U40/><E118/><V97/><F97/><W124/><G132/><T60/><D125/><U9/><E108/><N who="2" m="41547" /><F71/><W74/><G124/><T128/><D128/><N who="2" m="49194" /><F134/><W59/><G38/><T112/><D112/><U89/><E22/><V101/><F101/><W29/><G105/><T123/><D123/><U93/><E75/><V39/><F39/><W119/><G74/><T8/><D77/><U5/><E6/><N who="2" m="1375" /><F50/><W120/><G99/><T85/><D103/><U92/><E36/><V133/><F133/><W102/><G102/><T0/><D85/><U17/><E5/><V107/><F107/><W83/><G48/><T55/><D0/><U46/><E86/><V14/><F14/><W66/><G106/><T79/><D70/><U88/><E15/><V76/><F76/><W63/><G78/><T18/><D79/><U80/><E89/><V4/><F4/><W95/><G63/><T35/><D68/><U121/><E88/><V26/><F26/><W1/><G61/><T7/><D60/><U127/><E127/><V113/><F113/><W135/><G1/><N who="0" m="111" /><D35/><U129/><E129/><V21/><F21/><W12/><G23/><T52/><D37/><U122/><E9/><V41/><F41/><W25/><G43/><T34/><D34/><U100/><E100/><V67/><F67/><W69/><G66/><T13/><D13/><U98/><E40/><V73/><F73/><W117/><G12/><T49/><D42/><U44/><E122/><RYUUKYOKU ba="1,0" sc="173,15,197,-15,291,15,339,-15" hai0="16,18,20,27,28,47,49,52,54,55" hai2="64,65,84,90" /><INIT seed="4,2,0,5,1,49" ten="188,182,306,324" oya="0" hai0="15,88,22,90,98,11,100,69,73,75,35,128,65" hai1="105,118,0,38,4,134,23,20,12,110,81,43,89" hai2="78,71,51,64,63,66,29,18,60,129,87,36,101" hai3="76,122,46,86,72,44,83,48,94,62,24,56,55"/><T57/><D35/><U50/><E105/><V59/><F29/><W121/><G24/><T8/><D69/><U26/><E110/><V25/><F101/><W95/><G44/><T85/><D128/><U31/><E118/><V10/><F129/><W92/><REACH who="3" step="1"/><G72/><REACH who="3" ten="188,182,306,314" step="2"/><T14/><D75/><U3/><E26/><V104/><F25/><W79/><G79/><T1/><D73/><U135/><E135/><V28/><F78/><W117/><G117/><T114/><D114/><U124/><E134/><V42/><F28/><W130/><G130/><T34/><D34/><U120/><E31/><V112/><F112/><W47/><G47/><T97/><D1/><U52/><E0/><V91/><F36/><W109/><G109/><T33/><D33/><U45/><E3/><V123/><F123/><W107/><G107/><T68/><D68/><U96/><E120/><V70/><F104/><W115/><G115/><T7/><D22/><U16/><E23/><V119/><F119/><W106/><G106/><T39/><D39/><U54/><E38/><V111/><F111/><W13/><G13/><T93/><D90/><U5/><E124/><V77/><F77/><W32/><G32/><T9/><D9/><U67/><E89/><V53/><F10/><W82/><G82/><T17/><D100/><U132/><E132/><V127/><F127/><W61/><G61/><AGARI ba="2,1" hai="7,8,11,14,15,17,57,61,65,85,88,93,97,98" machi="61" ten="40,3900,0" yaku="8,1,54,1" doraHai="49" who="0" fromWho="3" sc="188,55,182,0,306,0,314,-45" /><INIT seed="4,3,0,3,1,74" ten="243,182,306,269" oya="0" hai0="63,64,124,26,23,24,99,45,96,91,1,113,94" hai1="40,28,107,59,105,129,47,109,65,116,36,106,25" hai2="52,131,108,11,43,134,72,42,88,135,33,78,83" hai3="73,39,60,86,115,79,112,10,77,84,69,49,2"/><T5/><D113/><N who="3" m="43593" /><G39/><T57/><D124/><U35/><E109/><V44/><F108/><W121/><G121/><T128/><D128/><U123/><E123/><V66/><F33/><W27/><G49/><T31/><D1/><U90/><E129/><V87/><F131/><W133/><G133/><N who="2" m="50697" /><F66/><N who="3" m="41159" /><G27/><N who="0" m="16895" /><D5/><U54/><E116/><V130/><F11/><W14/><G2/><T81/><D45/><U71/><E90/><V0/><F0/><W102/><G102/><N who="0" m="60695" /><D99/><U41/><E41/><V22/><F130/><W9/><G73/><T50/><D50/><N who="1" m="31191" /><E106/><V82/><F22/><W30/><G30/><T68/><D68/><U4/><E4/><V118/><F118/><W8/><G14/><T93/><D93/><U38/><E38/><N who="2" m="21591" /><F43/><W46/><G46/><T126/><D126/><U20/><E35/><V103/><F103/><W32/><G32/><T18/><D18/><U111/><E111/><V101/><F101/><W76/><AGARI ba="3,0" hai="8,9,10,76,77,79,84,86" m="41159,43593" machi="76" ten="40,8000,1" yaku="15,1,52,3" doraHai="74" who="3" fromWho="3" sc="243,-43,182,-23,306,-23,269,89" /><INIT seed="5,0,0,5,3,18" ten="200,159,283,358" oya="1" hai0="114,40,32,81,0,83,113,92,3,37,64,133,57" hai1="47,118,119,112,93,27,53,48,9,108,135,109,125" hai2="103,130,106,71,20,75,74,134,98,46,45,91,14" hai3="7,116,132,16,84,35,26,88,42,124,68,58,28"/><U128/><E93/><V104/><F104/><W80/><G68/><T34/><D133/><U15/><E135/><V99/><F134/><W60/><G132/><T87/><D92/><U72/><E72/><V79/><F71/><W31/><G124/><T5/><D5/><U10/><E125/><V62/><F62/><W56/><G7/><T111/><D111/><N who="1" m="42571" /><E112/><N who="0" m="43113" /><D37/><U36/><E128/><V97/><F130/><W102/><G42/><T25/><D40/><N who="1" m="22919" /><E27/><V50/><F74/><W33/><G26/><T86/><D57/><N who="1" m="32935" /><E10/><V55/><F75/><W76/><G80/><N who="0" m="30795" /><D64/><U95/><E95/><V94/><F106/><W115/><G115/><T105/><D25/><U49/><E49/><V110/><F110/><W43/><G35/><N who="0" m="13355" /><D105/><U65/><E65/><V100/><F50/><W29/><G33/><T101/><D101/><U78/><E78/><V73/><F79/><W90/><G76/><T11/><D11/><U63/><E63/><V69/><F73/><W117/><G60/><T13/><D13/><U70/><E70/><V21/><F69/><W52/><G102/><T19/><D19/><AGARI ba="0,0" hai="9,15,19,118,119" m="32935,22919,42571" machi="19" ten="30,1500,0" yaku="10,1" doraHai="18" who="1" fromWho="0" sc="200,-15,159,15,283,0,358,0" /><INIT seed="5,1,0,2,0,122" ten="185,174,283,358" oya="1" hai0="110,74,38,97,67,32,129,135,27,99,73,40,28" hai1="59,84,132,71,121,35,98,86,10,17,70,64,113" hai2="60,33,2,87,131,72,105,93,9,6,8,127,88" hai3="128,116,22,56,125,58,78,85,34,21,130,13,42"/><U26/><E121/><V124/><F131/><W63/><G34/><T16/><D129/><N who="3" m="49769" /><G125/><N who="2" m="48201" /><F33/><W54/><G42/><T115/><D135/><U48/><E132/><V24/><F72/><W11/><G58/><T69/><D115/><U134/><E134/><V19/><F105/><W106/><G106/><T100/><D99/><U117/><E117/><V47/><F60/><W95/><G116/><T77/><D16/><U108/><E113/><V43/><F24/><W39/><G39/><T68/><D110/><U51/><E108/><V83/><F19/><N who="3" m="8639" /><G95/><T79/><D69/><U92/><E70/><V52/><F9/><W80/><AGARI ba="1,0" hai="21,22,54,56,63,78,80,85" m="8639,49769" machi="80" ten="30,1100,0" yaku="19,1" doraHai="122" who="3" fromWho="3" sc="185,-4,174,-6,283,-4,358,14" /><INIT seed="6,0,0,1,0,39" ten="181,168,279,372" oya="2" hai0="32,94,117,116,30,49,1,29,129,37,36,8,18" hai1="61,12,26,10,0,118,127,102,4,119,74,97,120" hai2="126,91,3,82,95,92,67,13,128,20,53,66,122" hai3="133,17,6,28,64,41,19,22,131,71,132,113,69"/><V16/><F122/><W72/><G72/><T46/><D94/><U50/><E74/><V79/><F3/><W68/><G64/><T83/><D83/><U112/><E120/><V9/><F126/><W33/><G33/><T111/><D111/><U43/><E127/><V15/><F128/><W89/><G131/><T98/><D98/><U48/><E112/><V24/><F53/><W57/><G113/><T106/><D106/><U123/><E123/><V70/><F70/><W77/><G77/><T59/><D59/><U42/><E26/><V80/><F15/><W11/><G89/><T87/><D87/><U110/><E110/><V125/><F125/><W44/><G57/><T76/><D76/><U107/><E61/><V101/><F101/><W23/><G28/><N who="0" m="10859" /><D32/><U27/><E27/><V104/><F104/><W86/><G86/><T109/><D109/><U75/><E75/><V55/><F55/><W84/><G84/><T99/><D99/><U60/><E60/><V130/><F130/><W124/><G124/><T31/><D31/><U62/><E62/><V45/><F45/><W134/><G68/><T85/><D85/><U34/><E34/><V81/><F79/><W135/><G135/><T65/><D65/><N who="2" m="24586" /><F91/><W21/><G71/><T25/><D129/><U40/><REACH who="1" step="1"/><E0/><REACH who="1" ten="181,158,279,372" step="2"/><V103/><F103/><W78/><G69/><T35/><D35/><U93/><E93/><V47/><F92/><W96/><G134/><T73/><D73/><U38/><E38/><N who="0" m="14953" /><D25/><U52/><E52/><V63/><F63/><W58/><G133/><T2/><D2/><U114/><E114/><RYUUKYOKU ba="0,1" sc="181,-10,158,30,279,-10,372,-10" hai1="4,10,12,40,42,43,48,50,97,102,107,118,119" /><INIT seed="7,1,1,2,4,54" ten="171,188,269,362" oya="3" hai0="71,13,94,110,107,126,105,125,102,103,73,98,67" hai1="62,51,76,97,130,55,68,87,91,47,2,78,86" hai2="70,99,123,28,45,65,127,42,40,83,89,74,135" hai3="27,88,69,50,118,3,131,18,7,43,16,59,34"/><W122/><G18/><T20/><D110/><U53/><E2/><V112/><F28/><W36/><G88/><N who="0" m="55623" /><D73/><U80/><E130/><V32/><F32/><W56/><G50/><T22/><D71/><U117/><E117/><V31/><F31/><W21/><G27/><T129/><D67/><U14/><E14/><V29/><F29/><W92/><G21/><N who="0" m="8299" /><D13/><U96/><E76/><V1/><F1/><W25/><G43/><T132/><D129/><U113/><E113/><V5/><F74/><W63/><G7/><T133/><D107/><U108/><E108/><V84/><F5/><W49/><G25/><T39/><D39/><U6/><E6/><V15/><F65/><W106/><G36/><T61/><D61/><U52/><E68/><V57/><F70/><W38/><G38/><T95/><D105/><U48/><E62/><V93/><F112/><W115/><G115/><T12/><D12/><U128/><E128/><V100/><F15/><W66/><G66/><T116/><D116/><U82/><E53/><V37/><F37/><W35/><G35/><T9/><D9/><U85/><REACH who="1" step="1"/><E86/><REACH who="1" ten="171,178,269,362" step="2"/><V109/><F84/><W124/><G131/><T64/><D64/><U114/><E114/><V72/><F109/><W75/><G69/><T19/><D19/><U111/><E111/><V134/><F72/><W58/><G75/><T10/><D10/><U24/><E24/><V90/><F123/><W4/><G122/><T26/><D26/><U44/><AGARI ba="1,2" hai="44,47,48,51,52,55,78,80,82,85,87,91,96,97" machi="44" ten="20,12000,2" yaku="1,1,0,1,7,1,9,1,8,1,54,1,53,0" doraHai="54" doraHaiUra="33" who="1" fromWho="1" sc="171,-31,178,143,269,-31,362,-61" owari="140,-36.0,321,42.0,238,-16.0,301,10.0" /></mjloggm>