<mjloggm ver="2.3"><GO type="169" lobby="0"/><UN n0="%E5%B0%B1%E6%B4%BB%E7%94%9F%40%E5%B7%9D%E6%9D%91%E8%BB%8D%E5%9B%A3" n1="%EF%BC%8A%E3%82%A4%E3%83%83%E3%83%91%E3%83%84%EF%BC%8A" n2="%E4%B8%8B%E5%AE%B6%E3%81%AF%E3%82%B2%E3%82%A4" n3="%33%31%6A%69%6E" dan="17,17,16,17" rate="2268.57,2155.91,2093.94,2110.55" sx="M,M,M,F"/><TAIKYOKU oya="0"/><INIT seed="0,0,0,2,3,113" ten="250,250,250,250" oya="0" hai0="118,64,130,38,31,19,133,36,97,48,55,93,34" hai1="88,41,112,62,43,80,76,114,21,92,99,53,101" hai2="14,27,15,57,40,2,73,105,11,71,135,100,6" hai3="0,54,107,119,49,60,68,5,22,9,121,70,125"/><T37/><D118/><U46/><E21/><V39/><F135/><W35/><G121/><T77/><D133/><U128/><E128/><V78/><F71/><W24/><G125/><T86/><D130/><U3/><E3/><V74/><F57/><W23/><G107/><T110/><D64/><U26/><E26/><V123/><F123/><W104/><G104/><T32/><D31/><U134/><E134/><V91/><F91/><W65/><G68/><T18/><D110/><U124/><E124/><V108/><F74/><W7/><G7/><T89/><D77/><U81/><E101/><V30/><F108/><W17/><G35/><T56/><REACH who="0" step="1"/><D97/><REACH who="0" ten="240,250,250,250" step="2"/><U13/><E76/><V20/><F78/><W52/><G119/><T132/><D132/><U10/><E99/><V25/><F73/><W94/><G22/><T84/><D84/><U106/><E112/><V1/><F27/><W8/><G8/><T69/><D69/><U90/><E10/><V67/><F67/><W129/><G129/><T45/><D45/><U127/><E46/><V61/><F11/><W102/><G70/><T63/><D63/><U95/><E62/><V16/><F61/><W87/><G65/><T12/><D12/><U115/><E13/><V82/><F14/><W47/><G60/><T51/><D51/><U109/><E127/><V126/><F126/><W28/><G28/><T98/><D98/><U103/><E109/><V116/><F30/><W50/><G87/><T4/><D4/><U96/><E96/><V33/><F6/><W72/><G72/><T42/><D42/><U44/><E114/><RYUUKYOKU ba="0,1" sc="240,30,250,-10,250,-10,250,-10" hai0="18,19,32,34,36,37,38,48,55,56,86,89,93" /><INIT seed="0,1,1,2,0,107" ten="270,240,240,240" oya="0" hai0="29,62,96,69,103,65,23,95,50,117,135,81,3" hai1="6,87,22,114,61,106,35,113,28,73,60,38,134" hai2="121,33,133,37,93,44,17,20,66,11,127,109,47" hai3="31,26,88,55,32,98,36,24,104,52,80,64,13"/><T12/><D117/><U54/><E106/><V115/><F121/><W97/><G36/><T72/><D3/><U27/><E38/><V1/><F115/><N who="1" m="44041" /><E73/><V94/><F33/><W63/><G26/><T108/><D135/><U41/><E134/><V83/><F133/><W110/><G110/><T48/><D108/><U79/><E41/><V57/><F109/><W78/><G13/><T112/><D112/><U19/><E6/><V16/><F127/><W10/><G10/><T2/><D2/><U105/><E105/><V131/><F1/><W85/><G97/><T101/><D101/><U45/><E45/><N who="2" m="17483" /><F131/><W90/><G90/><T53/><D53/><U67/><E54/><V0/><F37/><W124/><G124/><T122/><D122/><U99/><E99/><V111/><F111/><W116/><G116/><T49/><D29/><U9/><E9/><V18/><F11/><W102/><REACH who="3" step="1"/><G78/><REACH who="3" ten="270,240,240,230" step="2"/><T59/><D12/><N who="1" m="9575" /><E79/><V84/><F0/><W91/><G91/><T100/><D100/><U68/><E27/><V92/><F20/><W30/><G30/><T21/><D21/><U25/><E25/><V58/><F66/><W46/><G46/><T43/><D23/><U74/><E67/><V40/><F40/><W126/><G126/><T130/><D43/><U118/><E28/><V120/><F120/><W70/><AGARI ba="1,2" hai="24,31,32,52,55,63,64,70,80,85,88,98,102,104" machi="70" ten="20,12000,2" yaku="1,1,0,1,7,1,25,2,54,2,53,0" doraHai="107" doraHaiUra="89" who="3" fromWho="3" sc="270,-61,240,-31,240,-31,230,143" /><INIT seed="1,0,0,4,3,78" ten="209,209,209,373" oya="1" hai0="27,82,81,0,108,35,65,41,80,4,101,59,103" hai1="22,67,52,8,36,1,92,91,88,3,39,128,74" hai2="56,131,61,66,29,42,10,11,51,106,69,95,57" hai3="116,120,6,130,94,125,85,13,19,105,16,107,102"/><U21/><E128/><V113/><F106/><W28/><G120/><T23/><D35/><U77/><E67/><V49/><F131/><W58/><G125/><T73/><D73/><U123/><E123/><V111/><F111/><W117/><G130/><T53/><D108/><U63/><E91/><V31/><F113/><W18/><G28/><N who="0" m="17535" /><D0/><U20/><E1/><V109/><F109/><W100/><G58/><T7/><D41/><U118/><E118/><N who="3" m="45674" /><G85/><T129/><D65/><U46/><E46/><V114/><F114/><W83/><G83/><T12/><D129/><U32/><E32/><V71/><F66/><W124/><G124/><T126/><D126/><U121/><E121/><V132/><F132/><W133/><G133/><T135/><D135/><U15/><E3/><V60/><REACH who="2" step="1"/><F95/><REACH who="2" ten="209,209,199,373" step="2"/><W75/><G94/><T90/><D90/><U134/><E88/><V30/><F30/><W127/><G127/><T112/><D112/><U14/><E134/><V76/><F76/><W110/><G110/><T104/><D104/><U9/><E77/><V84/><F84/><W97/><G75/><T96/><D96/><U43/><E74/><V93/><F93/><W24/><G97/><T26/><D103/><U98/><E92/><V2/><F2/><W86/><G100/><T115/><D101/><U55/><E98/><V99/><F99/><N who="3" m="61663" /><G107/><T5/><D115/><U64/><E36/><V70/><F70/><W17/><G86/><T33/><D33/><U25/><E39/><V54/><F54/><W38/><G24/><T87/><D87/><U40/><E25/><V34/><F34/><RYUUKYOKU ba="0,1" sc="209,-10,209,-10,199,30,373,-10" hai2="10,11,29,31,42,49,51,56,57,60,61,69,71" /><INIT seed="2,1,1,5,0,62" ten="199,199,229,363" oya="2" hai0="69,51,91,46,75,78,125,38,65,79,64,96,10" hai1="70,31,114,59,108,14,72,95,28,32,50,129,109" hai2="5,33,102,134,55,11,103,119,15,101,116,9,130" hai3="80,26,8,90,39,47,85,56,112,105,41,48,23"/><V123/><F123/><W2/><G112/><T120/><D120/><U35/><E114/><V68/><F33/><W36/><G105/><T126/><D38/><U57/><E72/><V77/><F134/><W43/><G56/><N who="1" m="21578" /><E70/><V73/><F55/><W118/><G118/><T6/><D69/><U74/><E74/><V27/><F68/><W128/><G128/><T3/><D96/><U83/><E50/><V104/><F104/><W84/><G43/><N who="0" m="25055" /><D91/><U21/><E83/><V110/><F130/><W25/><G84/><T82/><D78/><U131/><E95/><V12/><F77/><W92/><G80/><T29/><D29/><N who="1" m="11339" /><E21/><V24/><F73/><W97/><G23/><T67/><D75/><U61/><E61/><V44/><F44/><W135/><G39/><T94/><D94/><U113/><E14/><V54/><F54/><W66/><G36/><T58/><D58/><U100/><E100/><V30/><F102/><W1/><G2/><T20/><D20/><U133/><E113/><V22/><F30/><W4/><G1/><T111/><D111/><N who="1" m="42571" /><E133/><V87/><F22/><W76/><G135/><T53/><D53/><U18/><E18/><V34/><F110/><W7/><G92/><T99/><D99/><U60/><E60/><V19/><F34/><AGARI ba="1,1" hai="32,34,35,129,131" m="42571,11339,21578" machi="34" ten="40,5200,0" yaku="28,2,14,1" doraHai="62" who="1" fromWho="2" sc="199,0,199,65,229,-55,363,0" /><INIT seed="3,0,0,4,1,26" ten="199,264,174,363" oya="3" hai0="32,120,34,60,112,130,40,91,79,54,132,100,111" hai1="116,12,110,38,114,90,42,103,29,10,85,57,16" hai2="58,81,24,134,97,78,4,99,17,55,31,127,87" hai3="22,0,41,74,108,35,70,7,126,5,123,105,101"/><W80/><G123/><T129/><D120/><U96/><E114/><V68/><F68/><W115/><G115/><T102/><D112/><U113/><E113/><V98/><F127/><W94/><G126/><T109/><D40/><U21/><E116/><V71/><F71/><W64/><G94/><T86/><D79/><U15/><E110/><N who="0" m="41993" /><D60/><U51/><E38/><V9/><F134/><W92/><G35/><N who="0" m="13355" /><D54/><U53/><E42/><V20/><F4/><W28/><G7/><T2/><D2/><U131/><E131/><N who="0" m="50185" /><D132/><U119/><E119/><V8/><REACH who="2" step="1"/><F17/><REACH who="2" ten="199,264,164,363" step="2"/><W37/><G5/><T84/><D91/><U3/><E90/><V18/><F18/><W88/><G88/><T50/><D50/><AGARI ba="0,1" hai="8,9,20,24,31,50,55,58,78,81,87,97,98,99" machi="50" ten="40,8000,1" yaku="1,1,8,1,52,1,53,1" doraHai="26" doraHaiUra="47" who="2" fromWho="0" sc="199,-80,264,0,164,90,363,0" /><INIT seed="4,0,0,2,0,84" ten="119,264,254,363" oya="0" hai0="2,129,124,95,4,61,134,115,132,47,25,104,36" hai1="106,40,119,37,123,74,13,31,3,113,10,38,108" hai2="62,27,94,48,60,19,8,131,89,43,75,28,9" hai3="52,34,126,91,65,85,81,102,112,1,24,58,15"/><T21/><D104/><U55/><E31/><V99/><F75/><W35/><G112/><T50/><D36/><U107/><E13/><V56/><F131/><W29/><G1/><T6/><D129/><U12/><E12/><V49/><F62/><W26/><G126/><T72/><D72/><U83/><E55/><N who="2" m="33823" /><F28/><W46/><G102/><T18/><D124/><U97/><E113/><V73/><F73/><W135/><G135/><N who="0" m="51755" /><D115/><U96/><E108/><V66/><F66/><W122/><G122/><T32/><D32/><U59/><E59/><V77/><F77/><W90/><G65/><T101/><D2/><U111/><E111/><V86/><F86/><W118/><G46/><T70/><D70/><U67/><E67/><V130/><F130/><W57/><G34/><T30/><D61/><U100/><E123/><V44/><F49/><W133/><G118/><T14/><D101/><N who="1" m="62759" /><E40/><V125/><F125/><W92/><G133/><T20/><D95/><U88/><E119/><V98/><F98/><N who="3" m="57623" /><G35/><T16/><D30/><U54/><E37/><V78/><F78/><W68/><G29/><T51/><D51/><U128/><E38/><V103/><F103/><W53/><G68/><T71/><D71/><U64/><E100/><V110/><F110/><W79/><G79/><T63/><D63/><U87/><E74/><V7/><F7/><W5/><G53/><AGARI ba="0,0" hai="4,6,14,16,18,20,21,25,47,50,53" m="51755" machi="53" ten="30,2900,0" yaku="20,1,54,1" doraHai="84" who="0" fromWho="3" sc="119,29,264,0,254,0,363,-29" /><INIT seed="4,1,0,2,2,4" ten="148,264,254,334" oya="0" hai0="77,114,50,12,131,94,55,90,43,17,28,102,53" hai1="31,27,92,104,103,9,96,13,23,41,135,56,126" hai2="79,130,39,75,14,134,72,7,15,0,133,25,37" hai3="117,46,113,67,34,35,6,66,95,18,11,80,73"/><T76/><D114/><U85/><E135/><N who="2" m="51723" /><F25/><W83/><G113/><T48/><D131/><U30/><E126/><V29/><F29/><W98/><G117/><T115/><D115/><U24/><E41/><V124/><F7/><W60/><G18/><T8/><D102/><U101/><E56/><V87/><F87/><W52/><G34/><T108/><D28/><U47/><E47/><V118/><F79/><N who="0" m="30282" /><D108/><U68/><E68/><V93/><F93/><W19/><G35/><T105/><D105/><U42/><E42/><V63/><F63/><W40/><G19/><T69/><D69/><U127/><E127/><V65/><F65/><W22/><G22/><T78/><N who="0" m="30290" /><T1/><DORA hai="57" /><D1/><U121/><E121/><V49/><F124/><W38/><G73/><N who="2" m="28233" /><F130/><W89/><G66/><T45/><D50/><U84/><E104/><V110/><F49/><N who="3" m="26823" /><G67/><T107/><D107/><U81/><E103/><V20/><F118/><W123/><G38/><T82/><D82/><U132/><E81/><V33/><F33/><W32/><G32/><T2/><D2/><U106/><E106/><V119/><F119/><W122/><G123/><T71/><D71/><U111/><E132/><V61/><F0/><W112/><G122/><T16/><D17/><N who="1" m="8367" /><E111/><V62/><F110/><W129/><G112/><T64/><D64/><U125/><E125/><V44/><F39/><W21/><G129/><T99/><AGARI ba="1,0" hai="8,12,16,43,45,48,53,55,90,94,99" m="30290" machi="99" ten="30,6000,0" yaku="8,1,52,1,54,1" doraHai="4,57" who="0" fromWho="0" sc="148,63,264,-21,254,-21,334,-21" /><INIT seed="4,2,0,3,4,134" ten="211,243,233,313" oya="0" hai0="35,92,45,19,31,39,60,32,124,36,99,94,58" hai1="3,74,112,102,49,121,20,52,96,9,133,27,115" hai2="80,82,91,28,69,120,88,135,23,14,16,55,110" hai3="64,77,8,119,10,13,62,15,53,37,34,79,33"/><T57/><D124/><U70/><E70/><V73/><F120/><W41/><G119/><T4/><D4/><U129/><E121/><V5/><F69/><W18/><G53/><T89/><D31/><U63/><E74/><V42/><F110/><W65/><G37/><T46/><D19/><U22/><E63/><V98/><F135/><W43/><G62/><T75/><D60/><U25/><E133/><V78/><F42/><W123/><REACH who="3" step="1"/><G18/><REACH who="3" ten="211,243,233,303" step="2"/><T125/><D125/><U103/><E52/><V127/><F55/><W114/><G114/><T50/><D50/><U7/><E49/><V105/><F127/><W111/><G111/><T116/><D116/><U47/><E115/><V122/><F122/><AGARI ba="2,1" hai="8,10,13,15,33,34,41,43,64,65,77,79,122,123" machi="122" ten="25,3200,0" yaku="1,1,22,2,53,0" doraHai="134" doraHaiUra="130" who="3" fromWho="2" sc="211,0,243,0,233,-38,303,48" /><INIT seed="5,0,0,4,3,89" ten="211,243,195,351" oya="1" hai0="17,90,93,25,113,55,131,2,133,111,114,59,32" hai1="87,109,134,96,66,98,132,122,102,123,128,117,91" hai2="45,120,121,7,35,48,34,57,81,77,37,28,12" hai3="86,108,26,74,38,47,18,126,4,94,3,85,9"/><U105/><E66/><V124/><F124/><W100/><G126/><T53/><D111/><U21/><E21/><V51/><F37/><W49/><G38/><T67/><D2/><U112/><E117/><V24/><F34/><W104/><G74/><T61/><D131/><U64/><E64/><V16/><F7/><W80/><G104/><T29/><D17/><U23/><E23/><V58/><F51/><W75/><G75/><T42/><D42/><U70/><E70/><V20/><F120/><N who="1" m="46121" /><E128/><V50/><F50/><W43/><G108/><T106/><D106/><U0/><E0/><V82/><F121/><W129/><G129/><T22/><D133/><N who="1" m="51307" /><E98/><V84/><REACH who="2" step="1"/><F81/><REACH who="2" ten="211,243,185,351" step="2"/><W36/><G80/><T39/><D32/><U78/><E109/><V14/><F14/><W10/><G4/><T101/><D39/><U33/><E33/><V115/><F115/><W27/><G36/><T92/><D113/><U69/><E112/><V107/><F107/><W127/><G3/><T76/><D114/><U65/><E69/><V116/><F116/><W72/><G127/><T11/><D25/><U99/><E105/><V130/><F130/><W15/><G15/><T135/><D135/><U110/><E110/><V71/><F71/><W30/><G26/><T68/><D68/><U8/><E8/><V97/><F97/><W6/><G10/><T95/><D11/><U44/><E99/><V56/><F56/><W63/><G9/><T41/><D59/><U73/><E96/><V31/><F31/><W13/><G27/><T5/><D29/><U125/><E125/><V19/><F19/><RYUUKYOKU ba="0,1" sc="211,-10,243,-10,185,30,351,-10" hai2="12,16,20,24,28,35,45,48,57,58,77,82,84" /><INIT seed="6,1,1,2,2,39" ten="201,233,215,341" oya="2" hai0="135,90,9,40,6,41,112,7,107,118,15,72,26" hai1="17,57,4,62,92,95,121,27,99,5,130,100,110" hai2="10,66,42,109,117,129,79,87,60,105,63,49,69" hai3="75,20,127,88,116,96,23,128,22,24,55,108,50"/><V18/><F117/><W16/><G116/><T12/><D72/><U74/><E74/><V70/><F105/><W91/><G108/><T25/><D107/><U2/><E110/><V106/><F106/><W21/><G75/><T48/><D118/><U56/><E121/><V102/><F102/><W14/><G128/><T123/><D123/><U64/><E130/><V38/><F109/><W71/><G71/><T11/><D112/><U94/><E2/><V76/><F38/><W19/><G127/><T132/><D48/><U35/><E57/><V0/><F129/><W124/><G124/><T134/><D90/><N who="3" m="34345" /><G96/><T119/><D119/><U131/><E131/><V29/><F29/><W33/><G33/><T133/><N who="0" m="34304" /><DORA hai="46" /><T111/><D111/><U58/><E56/><AGARI ba="1,1" hai="14,16,19,20,21,22,23,24,50,55,56" m="34345" machi="56" ten="30,7700,0" yaku="8,1,52,1,54,2" doraHai="39,46" who="3" fromWho="1" sc="201,0,233,-80,215,0,341,90" /><INIT seed="7,0,0,0,4,132" ten="201,153,215,431" oya="3" hai0="96,93,3,86,57,92,70,59,43,99,102,133,98" hai1="111,45,85,122,100,46,72,28,5,123,75,11,112" hai2="36,126,42,54,55,48,125,119,80,95,91,21,30" hai3="83,88,56,22,81,82,31,113,84,25,94,128,74"/><W129/><G56/><N who="0" m="21579" /><D70/><U39/><E111/><V26/><F119/><W6/><G6/><T87/><D3/><U35/><E112/><V23/><F36/><W115/><G74/><T63/><D133/><U17/><E17/><V77/><F23/><W65/><G65/><T12/><D63/><U60/><E85/><N who="0" m="32265" /><D43/><U101/><E60/><V14/><F14/><W105/><G105/><T90/><D12/><U15/><E39/><V127/><F48/><W116/><G116/><T13/><D13/><U124/><E35/><V24/><F24/><W20/><G20/><T16/><D16/><U34/><E34/><V7/><F42/><W76/><G76/><T49/><D49/><U58/><E58/><V103/><F7/><W2/><G2/><T117/><D117/><U106/><E106/><V135/><F135/><W38/><G38/><T108/><D108/><U53/><E28/><V47/><F47/><W69/><G69/><T78/><D78/><U61/><E15/><V40/><F40/><W18/><G18/><T62/><D62/><U32/><E61/><V51/><F51/><W114/><AGARI ba="0,0" hai="22,25,31,81,82,83,84,88,94,113,114,115,128,129" machi="114" ten="40,7800,0" yaku="0,1,15,1,54,1" doraHai="132" who="3" fromWho="3" sc="201,-26,153,-26,215,-26,431,78" owari="175,-22.0,127,-37.0,189,-1.0,509,60.0" /></mjloggm>