<mjloggm ver="2.3"><GO type="169" lobby="0"/><UN n0="%68%6F%73%69%67%61%6D%69" n1="%E3%81%84%E3%81%AA%E3%81%97%E3%82%93%E3%80%82" n2="%E5%B0%B1%E6%B4%BB%E7%94%9F%40%E5%B7%9D%E6%9D%91%E8%BB%8D%E5%9B%A3" n3="%6C%67%32%31" dan="17,16,18,16" rate="2196.65,2072.95,2284.49,2166.51" sx="M,F,M,M"/><TAIKYOKU oya="0"/><INIT seed="0,0,0,0,0,10" ten="250,250,250,250" oya="0" hai0="108,129,6,37,62,31,11,126,18,33,102,65,55" hai1="64,119,91,90,9,68,46,72,95,94,38,118,29" hai2="105,19,20,4,70,16,83,52,35,87,60,41,112" hai3="115,57,133,80,44,3,134,51,43,1,30,66,77"/><T111/><D37/><U14/><E72/><V63/><F35/><W85/><G115/><T26/><D129/><U24/><E64/><V107/><F112/><W120/><G30/><T50/><D126/><U21/><E68/><V86/><F41/><W74/><G74/><T114/><D114/><U56/><E56/><V61/><F70/><W113/><G113/><T103/><D18/><U81/><E81/><V116/><F4/><W36/><G120/><T96/><D50/><U125/><E125/><V131/><F131/><W17/><G51/><T12/><D55/><U73/><E73/><V135/><F135/><N who="3" m="51723" /><G17/><T88/><D88/><N who="1" m="33835" /><E38/><V54/><F116/><W97/><G97/><T101/><REACH who="0" step="1"/><D96/><REACH who="0" ten="240,250,250,250" step="2"/><U76/><E118/><V109/><F19/><W34/><G36/><T122/><D122/><U0/><E119/><V106/><F109/><W99/><G99/><T59/><AGARI ba="0,1" hai="6,11,12,26,31,33,59,62,65,101,102,103,108,111" machi="59" ten="30,18000,2" yaku="1,1,0,1,52,1,53,3" doraHai="10" doraHaiUra="98" who="0" fromWho="0" sc="240,190,250,-60,250,-60,250,-60" /><INIT seed="0,1,0,4,4,21" ten="430,190,190,190" oya="0" hai0="107,118,1,47,80,0,27,45,67,50,35,41,18" hai1="14,38,97,70,87,17,68,77,113,54,11,3,9" hai2="95,10,112,100,65,15,20,53,22,64,110,119,12" hai3="122,76,74,134,130,37,71,32,96,129,121,98,28"/><T26/><D118/><U25/><E38/><V75/><F112/><W101/><G71/><T99/><D67/><N who="2" m="25674" /><F75/><W7/><G37/><T24/><D35/><U106/><E113/><V49/><F110/><W83/><G7/><T5/><D18/><U34/><E77/><V51/><F119/><W13/><G13/><N who="2" m="5193" /><F10/><W61/><G61/><T39/><D5/><U48/><E87/><V88/><F100/><W46/><G46/><T43/><REACH who="0" step="1"/><D80/><REACH who="0" ten="420,190,190,190" step="2"/><U2/><E2/><V135/><F135/><W86/><G134/><T60/><D60/><U36/><E3/><V94/><F94/><W8/><G8/><T58/><D58/><U40/><E9/><V81/><F81/><W103/><G32/><T102/><AGARI ba="1,1" hai="0,1,24,26,27,39,41,43,45,47,50,99,102,107" machi="102" ten="30,12000,1" yaku="1,1,0,1,52,3,53,0" doraHai="21" doraHaiUra="16" who="0" fromWho="0" sc="420,133,190,-41,190,-41,190,-41" /><INIT seed="0,2,0,5,3,43" ten="553,149,149,149" oya="0" hai0="79,110,124,123,6,104,8,105,12,118,101,109,117" hai1="37,4,114,57,39,46,60,132,36,11,128,100,49" hai2="92,76,50,93,20,7,65,130,42,10,41,16,88" hai3="131,25,74,15,13,3,94,56,116,72,63,48,129"/><T127/><D79/><U28/><E132/><V55/><F130/><N who="3" m="49675" /><G3/><T121/><D101/><U31/><E128/><V53/><F76/><W45/><G94/><T77/><D77/><U83/><E100/><V90/><F65/><N who="3" m="39143" /><G25/><T122/><D104/><U38/><E83/><V89/><F10/><W119/><G13/><T78/><D78/><U34/><N who="1" m="9216" /><DORA hai="22" /><U97/><E97/><V95/><F7/><W125/><G15/><T85/><D85/><U134/><E134/><V75/><F75/><N who="3" m="28715" /><G125/><N who="0" m="48203" /><D105/><U18/><E18/><V1/><F1/><W108/><G108/><AGARI ba="2,0" hai="6,8,12,108,109,110,117,118,121,122,123" m="48203" machi="108" ten="40,12000,1" yaku="14,1,10,1,18,1,34,2" doraHai="43,22" who="0" fromWho="3" sc="553,126,149,0,149,0,149,-126" /><INIT seed="0,3,0,5,5,97" ten="679,149,149,23" oya="0" hai0="103,112,49,34,77,104,72,1,33,25,83,32,61" hai1="41,27,116,28,85,36,109,120,96,10,90,40,62" hai2="86,50,98,75,8,66,123,119,6,82,45,30,65" hai3="39,15,95,13,105,2,31,67,134,80,73,26,76"/><T107/><D112/><U101/><E120/><V113/><F123/><W88/><G2/><T37/><D37/><U108/><E10/><V9/><F113/><W46/><G134/><T132/><D1/><U94/><E116/><V44/><F75/><W133/><G133/><T127/><D132/><U42/><E62/><V135/><F135/><W53/><G67/><T118/><D118/><U126/><E126/><V59/><F30/><W43/><G53/><T93/><D127/><U115/><E36/><V63/><F119/><W17/><G17/><T125/><D125/><U3/><E3/><V20/><F20/><W22/><REACH who="3" step="1"/><G105/><REACH who="3" ten="679,149,149,13" step="2"/><T128/><D107/><U89/><E115/><V117/><F66/><W55/><G55/><T110/><D104/><U14/><E108/><V91/><F117/><W5/><G5/><T122/><D110/><U23/><E109/><V48/><F6/><W18/><G18/><T57/><D122/><U87/><E14/><V131/><F131/><W100/><G100/><T4/><D103/><U106/><E42/><N who="2" m="24599" /><F98/><AGARI ba="3,1" hai="13,15,22,26,31,39,43,46,73,76,80,88,95,98" machi="98" ten="30,3900,0" yaku="1,1,7,1,54,1,53,0" doraHai="97" doraHaiUra="56" who="3" fromWho="2" sc="679,0,149,0,149,-48,13,58" /><INIT seed="1,0,0,4,4,117" ten="679,149,101,71" oya="1" hai0="54,37,4,128,86,17,36,87,74,92,5,105,50" hai1="66,47,88,39,45,25,133,118,14,135,84,116,1" hai2="111,71,102,132,55,26,130,85,16,114,62,27,78" hai3="103,30,96,43,52,35,58,99,48,109,106,6,121"/><U34/><E1/><V115/><F130/><W124/><G109/><T8/><D74/><U13/><E66/><V113/><F111/><W44/><G124/><T15/><D105/><U93/><E34/><V59/><F132/><N who="1" m="50761" /><E25/><V67/><F102/><W75/><G75/><T51/><D128/><U19/><E14/><V56/><F71/><W70/><G121/><T80/><D36/><U73/><E73/><V97/><F97/><W127/><G127/><T134/><D37/><U126/><E126/><V57/><F57/><W101/><G70/><T22/><D134/><U61/><E61/><V3/><F3/><W94/><G6/><T76/><D50/><U122/><E122/><V49/><REACH who="2" step="1"/><F16/><REACH who="2" ten="679,149,91,71" step="2"/><W112/><G112/><T18/><D18/><U125/><E125/><V46/><F46/><N who="1" m="17417" /><E39/><V2/><F2/><W79/><G30/><T23/><D4/><U119/><E119/><V41/><F41/><W81/><G43/><T107/><D5/><U28/><E28/><V60/><F60/><W7/><G7/><T10/><D10/><AGARI ba="0,1" hai="10,13,19,84,88,93,116,118" m="17417,50761" machi="10" ten="30,2900,0" yaku="20,1,54,1" doraHai="117" who="1" fromWho="0" sc="679,-29,149,39,91,0,71,0" /><INIT seed="1,1,0,1,1,116" ten="650,188,91,71" oya="1" hai0="74,98,55,135,51,101,35,25,36,85,108,58,26" hai1="112,16,134,114,79,78,117,49,67,9,21,52,33" hai2="28,107,118,5,17,41,66,56,127,29,125,86,62" hai3="109,119,87,69,0,50,32,37,19,81,132,42,46"/><U72/><E117/><V94/><F118/><W6/><G119/><T39/><D74/><U115/><E33/><V15/><F107/><W102/><G109/><T11/><D108/><U2/><E134/><V31/><F5/><W12/><G32/><T65/><D135/><U24/><E67/><V113/><F41/><W59/><G102/><T106/><D25/><U76/><E2/><V80/><F94/><W124/><G124/><N who="2" m="47689" /><F113/><W43/><G69/><T68/><D11/><U20/><E9/><N who="2" m="6383" /><F31/><W92/><G6/><T105/><D85/><U61/><E61/><V121/><F121/><W130/><G0/><T103/><D103/><U84/><E84/><V83/><F83/><W73/><G73/><T126/><D106/><U44/><REACH who="1" step="1"/><E20/><REACH who="1" ten="650,178,91,71" step="2"/><V93/><F93/><W111/><G132/><T57/><D126/><U89/><E89/><AGARI ba="1,1" hai="28,29,56,62,66,80,86,89" m="6383,47689" machi="89" ten="30,1000,0" yaku="18,1" doraHai="116" who="2" fromWho="1" sc="650,0,178,-13,91,23,71,0" /><INIT seed="2,0,0,4,4,14" ten="650,165,114,71" oya="2" hai0="62,20,130,106,42,7,28,105,13,124,23,43,49" hai1="34,39,92,73,74,99,18,98,131,24,8,2,46" hai2="15,134,79,1,25,26,103,35,71,60,95,129,50" hai3="88,3,114,0,93,22,84,59,38,133,125,108,17"/><V64/><F1/><W109/><G133/><T76/><D130/><U57/><E131/><V117/><F117/><W55/><G125/><T87/><D124/><U77/><E99/><V81/><F129/><W37/><G114/><T120/><D120/><U58/><E34/><V126/><F126/><W101/><G101/><T100/><D62/><U10/><E10/><V104/><F134/><W135/><G135/><T6/><D100/><U67/><E67/><V33/><F104/><W86/><G86/><T30/><D87/><U121/><E121/><V94/><F50/><N who="3" m="31223" /><G37/><T29/><D76/><U96/><E96/><V116/><F116/><W113/><G38/><T12/><D30/><U72/><E77/><V69/><F103/><W53/><G53/><T65/><D65/><U61/><E61/><V102/><F102/><W32/><G32/><T107/><D107/><U52/><E2/><N who="3" m="554" /><G113/><T85/><D85/><U47/><E39/><V122/><F122/><W54/><G54/><T75/><D49/><U82/><E82/><V56/><F71/><W83/><G83/><T111/><D75/><U48/><E46/><V128/><F128/><W127/><G127/><T45/><D45/><U4/><E4/><V63/><F35/><W41/><G41/><T123/><D123/><U11/><E47/><V80/><F33/><W40/><G40/><T118/><D118/><U44/><E44/><V21/><F69/><W91/><G91/><T90/><D90/><N who="1" m="55575" /><E58/><V51/><F63/><W5/><G5/><T115/><D115/><U132/><E132/><V16/><F60/><W36/><G36/><RYUUKYOKU ba="0,0" sc="650,10,165,10,114,-30,71,10" hai0="6,7,12,13,20,23,28,29,42,43,105,106,111" hai1="8,11,18,24,48,52,57,72,73,74" hai3="17,22,84,88,93,108,109" /><INIT seed="3,1,0,5,5,66" ten="660,175,84,81" oya="3" hai0="92,124,93,12,118,110,14,23,106,108,46,135,6" hai1="82,123,16,67,83,70,100,45,75,115,34,122,72" hai2="103,130,97,29,7,104,77,134,55,80,62,42,120" hai3="65,50,27,79,91,73,18,44,58,48,116,51,69"/><W88/><G116/><T102/><D118/><U71/><E67/><V25/><F130/><W53/><G73/><T113/><D106/><U26/><E45/><V41/><F134/><W4/><G79/><T119/><D119/><U117/><E117/><V96/><F120/><W24/><G4/><T1/><D1/><U20/><E100/><V101/><F7/><W35/><G35/><T17/><D135/><U40/><E40/><V28/><F55/><W13/><G69/><N who="1" m="26122" /><E34/><V128/><F62/><N who="3" m="38103" /><G24/><T57/><D46/><U56/><E56/><V78/><F128/><W125/><G27/><T109/><D57/><U52/><E52/><V87/><F77/><W99/><G125/><T81/><D124/><U129/><E129/><V11/><F11/><N who="3" m="6463" /><G91/><T36/><D6/><U121/><E115/><V9/><F9/><W10/><G10/><T98/><D113/><U30/><E16/><V86/><F25/><W15/><G15/><T114/><D114/><U31/><E20/><V2/><F2/><W19/><G19/><T43/><D17/><U94/><E26/><V63/><F78/><W84/><G99/><T22/><D23/><U38/><E38/><V127/><F127/><W131/><G131/><T90/><D22/><U49/><E30/><V126/><F126/><W61/><G61/><T112/><D112/><U54/><E31/><V89/><F63/><W0/><G0/><T39/><D39/><U105/><E121/><V111/><F89/><W85/><G85/><T132/><D36/><U37/><E123/><V107/><F80/><AGARI ba="1,0" hai="44,48,50,51,53,80,84,88" m="6463,38103" machi="80" ten="30,5800,0" yaku="25,1,8,1,54,1" doraHai="66" who="3" fromWho="2" sc="660,0,175,0,84,-61,81,61" /><INIT seed="3,2,0,4,3,32" ten="660,175,23,142" oya="3" hai0="103,85,95,134,94,37,78,76,38,71,61,82,70" hai1="43,36,87,115,120,111,53,77,11,66,25,130,125" hai2="92,16,27,34,110,112,2,65,5,26,90,75,108" hai3="107,22,50,72,105,48,6,21,80,28,47,131,23"/><W91/><G28/><T42/><D134/><U133/><E87/><V113/><F75/><W58/><G131/><T35/><D35/><U62/><E77/><V45/><F65/><W106/><G6/><T63/><D85/><U17/><E17/><V116/><F45/><W118/><G118/><T44/><D44/><N who="1" m="23655" /><E25/><V128/><F92/><W117/><G117/><T102/><D42/><U54/><E11/><N who="2" m="2487" /><F90/><W79/><G58/><T135/><D135/><U3/><E3/><V49/><F49/><W30/><G30/><T15/><D15/><U101/><E101/><V109/><F116/><W59/><G59/><T121/><D82/><U51/><E133/><V33/><F128/><W12/><G91/><T56/><D56/><N who="1" m="37191" /><E130/><V46/><F46/><W83/><G47/><T9/><D9/><U60/><E60/><V64/><F64/><W129/><G129/><T123/><AGARI ba="2,0" hai="37,38,61,63,70,71,76,78,94,95,102,103,121,123" machi="123" ten="25,3200,0" yaku="0,1,22,2" doraHai="32" who="0" fromWho="0" sc="660,38,175,-10,23,-10,142,-18" /><INIT seed="4,0,0,4,5,6" ten="698,165,13,124" oya="0" hai0="33,34,104,130,53,3,1,84,12,30,17,79,35" hai1="52,126,66,70,134,103,89,31,5,16,43,92,108" hai2="80,114,105,41,77,83,87,120,49,7,90,133,61" hai3="44,127,18,76,67,20,10,98,121,75,37,38,50"/><T32/><D104/><U62/><E108/><V59/><F120/><W123/><G67/><T129/><D79/><U125/><E43/><V65/><F114/><W82/><G98/><T40/><D84/><U13/><E5/><V57/><F133/><W135/><G127/><N who="1" m="48650" /><E31/><V115/><F115/><W78/><G78/><T86/><D86/><N who="1" m="52279" /><E52/><V9/><F105/><W112/><G135/><T116/><D53/><U27/><E27/><V110/><F110/><W71/><G112/><T100/><D40/><U48/><E48/><V55/><F41/><W93/><G37/><T106/><D116/><U74/><E134/><V69/><F77/><W132/><G38/><T60/><D60/><U58/><E103/><V91/><F91/><W8/><G71/><T109/><D100/><U101/><E101/><V39/><F39/><W97/><G50/><T95/><D109/><U117/><E117/><V29/><F29/><W26/><G44/><T14/><D30/><U124/><E124/><V47/><REACH who="2" step="1"/><F83/><REACH who="2" ten="698,165,3,124" step="2"/><W122/><G132/><T36/><D36/><U113/><E113/><V81/><F81/><W88/><AGARI ba="0,1" hai="8,10,18,20,26,75,76,82,88,93,97,121,122,123" machi="88" ten="30,8000,1" yaku="0,1,13,1,52,2,54,1" doraHai="6" who="3" fromWho="3" sc="698,-40,165,-20,3,-20,124,90" owari="658,76.0,145,-25.0,-17,-52.0,214,1.0" /></mjloggm>