<mjloggm ver="2.3"><GO type="169" lobby="0"/><UN n0="%70%6F%6E%5F%6B%61%73%75" n1="%E3%81%84%E3%81%84%E7%AC%91%E9%A1%94" n2="%E3%82%A6%E3%83%AB%E3%83%88%E3%83%A9%E7%AB%8B%E7%9B%B4" n3="%E3%83%86%E3%83%AC%E3%83%93%E3%81%A3%E5%AD%90" dan="16,17,17,17" rate="2057.06,2235.35,2146.63,2143.96" sx="M,F,M,M"/><TAIKYOKU oya="0"/><INIT seed="0,0,0,1,4,13" ten="250,250,250,250" oya="0" hai0="61,124,34,42,64,20,86,56,27,36,131,53,128" hai1="121,35,115,5,66,68,107,119,134,40,25,37,62" hai2="29,67,72,45,70,89,63,84,50,92,135,105,17" hai3="130,55,94,47,46,77,32,106,112,33,60,52,7"/><T65/><D124/><U111/><RYUUKYOKU type="yao9" ba="0,0" sc="250,0,250,0,250,0,250,0" hai1="5,25,35,37,40,62,66,68,107,111,115,119,121,134" /><INIT seed="0,1,0,5,5,44" ten="250,250,250,250" oya="0" hai0="82,90,84,71,22,108,89,99,2,26,104,15,79" hai1="74,135,83,0,86,92,131,56,133,94,46,124,100" hai2="13,87,1,61,118,20,55,125,106,111,16,81,5" hai3="127,31,80,114,97,62,113,9,88,95,34,41,53"/><T85/><D2/><U101/><E0/><V58/><F106/><W27/><G127/><T49/><D71/><U69/><E69/><V33/><F125/><W42/><G9/><T102/><D108/><U126/><E56/><V35/><F111/><W17/><G17/><T18/><D85/><U32/><E32/><V54/><F118/><W121/><G121/><T119/><D119/><U48/><E46/><V57/><F5/><W66/><G53/><T109/><D109/><U4/><E4/><V67/><F1/><W122/><G122/><T64/><D64/><U43/><E43/><V105/><F105/><W68/><REACH who="3" step="1"/><G80/><REACH who="3" ten="250,250,250,240" step="2"/><T96/><D96/><U132/><E83/><V38/><F67/><W73/><G73/><T14/><D14/><U129/><E74/><V123/><F123/><W78/><G78/><T21/><REACH who="0" step="1"/><D49/><REACH who="0" ten="240,250,250,240" step="2"/><U28/><E48/><V47/><F38/><W40/><AGARI ba="1,2" hai="27,31,34,40,41,42,62,66,68,88,95,97,113,114" machi="40" ten="30,4000,0" yaku="1,1,0,1,54,1,53,0" doraHai="44" doraHaiUra="51" who="3" fromWho="3" sc="240,-21,250,-11,250,-11,240,63" /><INIT seed="1,0,0,4,0,26" ten="219,239,239,303" oya="1" hai0="125,43,6,86,24,113,85,16,74,51,111,44,0" hai1="102,29,58,4,27,56,84,79,99,22,45,110,31" hai2="18,122,3,14,124,128,36,117,105,116,32,132,78" hai3="131,55,57,59,2,135,34,49,12,92,133,35,52"/><U108/><E4/><V119/><F78/><W39/><G2/><T53/><D113/><U100/><E45/><V97/><F97/><W38/><G131/><T115/><D115/><U10/><E10/><V71/><F18/><W68/><G68/><T89/><D74/><U130/><E130/><V13/><F14/><W65/><G65/><T104/><D104/><U67/><E79/><V73/><F13/><W107/><G107/><T23/><D125/><U109/><E84/><V106/><F106/><W82/><G12/><T8/><D111/><U114/><E114/><V134/><F134/><W30/><G92/><T129/><D129/><U75/><E75/><V112/><F119/><W90/><G49/><T63/><D63/><N who="1" m="38375" /><E58/><V127/><F127/><W87/><G87/><T20/><D43/><U95/><E102/><V70/><F70/><W17/><G82/><T11/><D11/><U54/><E54/><V72/><F72/><W60/><G60/><T42/><D42/><U50/><E50/><V19/><F19/><AGARI ba="0,0" hai="19,22,27,29,31,95,99,100,108,109,110" m="38375" machi="19" ten="30,11600,0" yaku="14,1,10,1,52,2" doraHai="26" who="1" fromWho="2" sc="219,0,239,116,239,-116,303,0" /><INIT seed="1,1,0,5,2,19" ten="219,355,123,303" oya="1" hai0="28,0,20,12,63,127,35,116,39,61,71,49,6" hai1="89,97,26,129,112,51,104,33,84,48,74,103,68" hai2="10,113,86,32,13,54,2,80,126,106,105,9,83" hai3="50,93,123,76,30,132,59,43,88,3,78,73,87"/><U124/><E112/><V134/><F32/><W82/><G123/><T42/><D116/><U79/><E68/><V46/><F113/><W101/><G132/><T133/><D133/><U66/><E66/><V40/><F134/><W109/><G109/><T21/><D39/><U96/><E129/><V94/><F126/><W29/><G3/><T119/><D119/><U8/><E124/><V99/><F2/><W41/><G78/><T128/><D127/><U135/><E135/><V118/><F118/><W4/><G4/><T56/><D128/><U111/><E111/><V107/><F54/><W131/><G131/><T81/><D0/><U102/><E8/><V117/><F117/><W15/><G15/><T67/><D81/><N who="1" m="45303" /><E26/><V100/><F86/><W121/><G121/><T36/><D28/><U53/><E53/><V77/><F77/><W90/><G90/><T27/><D27/><U31/><E31/><V85/><F85/><W110/><G110/><T1/><D1/><U72/><E33/><V11/><REACH who="2" step="1"/><F13/><REACH who="2" ten="219,355,113,303" step="2"/><W14/><G14/><T69/><D35/><U122/><E122/><V34/><F34/><W75/><G75/><T17/><D12/><U65/><E72/><V52/><F52/><N who="3" m="32151" /><G41/><T62/><D42/><U24/><E65/><V5/><F5/><W64/><G43/><T130/><D6/><U16/><E84/><V114/><F114/><W47/><G64/><T25/><D130/><U95/><E103/><V44/><F44/><W23/><G47/><T98/><D67/><U58/><E58/><V70/><F70/><W57/><G57/><T37/><D56/><RYUUKYOKU ba="1,1" sc="219,-15,355,15,113,15,303,-15" hai1="16,24,48,51,89,95,96,97,102,104" hai2="9,10,11,40,46,80,83,94,99,100,105,106,107" /><INIT seed="1,2,1,0,0,81" ten="204,370,128,288" oya="1" hai0="27,135,123,116,98,28,122,128,4,89,131,54,12" hai1="1,50,130,72,22,73,97,47,32,18,9,34,17" hai2="102,92,115,11,13,132,62,108,127,45,66,90,60" hai3="88,110,3,7,20,24,42,79,51,26,55,48,87"/><U101/><E130/><N who="0" m="49705" /><D116/><U25/><E72/><V23/><F115/><W85/><G3/><T93/><D135/><U29/><E73/><V67/><F132/><W125/><G7/><T107/><D107/><U37/><E37/><V49/><F102/><W6/><G6/><T129/><D129/><U99/><E1/><V16/><F108/><W40/><G110/><T84/><D54/><U8/><E34/><V61/><F11/><N who="1" m="4169" /><E32/><V77/><F77/><W106/><G106/><T44/><D44/><U119/><E119/><V74/><F74/><W14/><G125/><T59/><D59/><U64/><E64/><V15/><F15/><W33/><G33/><N who="0" m="20639" /><D12/><U120/><E120/><N who="0" m="46121" /><D4/><U91/><E101/><V100/><F100/><W0/><G0/><T70/><D70/><U82/><E29/><V36/><F127/><W46/><G14/><T112/><D112/><U124/><E124/><V109/><F109/><W65/><G65/><T38/><D38/><U113/><E113/><V117/><F36/><W118/><G118/><T30/><D30/><U21/><E47/><V121/><F121/><W104/><G104/><T75/><D75/><U43/><E43/><N who="2" m="24767" /><F117/><W133/><G133/><T86/><AGARI ba="2,1" hai="84,86,89,93,98" m="46121,20639,49705" machi="86" ten="40,8000,1" yaku="19,1,13,1,52,2" doraHai="81" who="0" fromWho="0" sc="204,96,370,-42,128,-22,288,-22" /><INIT seed="2,0,0,5,5,96" ten="300,328,106,266" oya="2" hai0="2,89,35,101,130,21,108,51,84,6,40,15,88" hai1="114,134,73,42,1,126,54,71,128,112,55,14,68" hai2="99,86,127,50,115,129,81,90,118,63,117,120,53" hai3="61,104,95,9,98,80,57,87,67,91,43,24,109"/><V111/><F120/><W18/><G109/><T48/><D35/><U39/><E14/><V27/><F115/><N who="1" m="44073" /><E1/><V103/><F111/><W72/><G43/><T105/><D108/><U59/><E73/><V58/><F127/><W25/><G72/><T38/><D130/><U113/><E113/><V31/><F129/><W8/><G104/><T11/><D89/><U29/><E29/><V19/><F19/><W131/><G131/><T7/><D38/><U46/><E128/><V77/><F77/><W16/><G24/><T52/><D48/><N who="1" m="31207" /><E134/><V135/><F50/><W125/><G125/><T94/><D40/><U33/><E33/><V132/><F132/><W124/><G124/><T70/><D70/><N who="1" m="26667" /><E126/><V5/><F5/><W44/><G44/><T69/><D69/><U100/><E100/><V83/><F135/><W22/><G18/><N who="0" m="10463" /><D11/><U37/><E54/><V41/><F41/><W26/><REACH who="3" step="1"/><G25/><REACH who="3" ten="300,328,106,256" step="2"/><T133/><D133/><U12/><E12/><V20/><REACH who="2" step="1"/><F83/><REACH who="2" ten="300,328,96,256" step="2"/><W76/><AGARI ba="0,2" hai="8,9,16,22,26,57,61,67,76,80,87,91,95,98" machi="76" ten="20,12000,2" yaku="1,1,2,1,0,1,7,1,8,1,54,1,53,0" doraHai="96" doraHaiUra="3" who="3" fromWho="3" sc="300,-30,328,-30,96,-60,256,140" /><INIT seed="3,0,0,5,5,100" ten="270,298,36,396" oya="3" hai0="93,15,94,74,6,22,102,67,62,40,7,35,70" hai1="38,10,134,51,50,106,112,71,78,84,89,75,85" hai2="5,82,80,42,73,16,118,91,123,58,124,117,60" hai3="99,57,104,48,110,120,29,32,105,23,3,95,59"/><W49/><G3/><T133/><D35/><U11/><E112/><V56/><F123/><W77/><G32/><T107/><D74/><U2/><E38/><V43/><F124/><W36/><G36/><T131/><D40/><U72/><E71/><V66/><F5/><W68/><G68/><T109/><D6/><U20/><E134/><V18/><F60/><W88/><G120/><T98/><D133/><U46/><E20/><V39/><F39/><W132/><G132/><T31/><D109/><U37/><E89/><V45/><F91/><W92/><G77/><T81/><D131/><U61/><E37/><V26/><F45/><W135/><G135/><T25/><D81/><U21/><E21/><V27/><REACH who="2" step="1"/><F73/><REACH who="2" ten="270,298,26,396" step="2"/><W17/><G110/><T113/><D113/><U14/><E61/><V69/><F69/><W79/><G79/><T115/><D115/><U114/><E78/><V28/><F28/><W126/><G29/><T53/><D7/><U54/><E114/><V52/><F52/><W121/><G121/><T127/><D53/><U125/><E54/><V0/><F0/><W33/><G126/><T12/><D127/><U34/><E125/><V86/><F86/><W128/><G88/><T101/><D70/><U13/><E46/><V30/><F30/><W47/><G47/><T96/><D62/><U83/><E2/><V64/><AGARI ba="0,1" hai="16,18,26,27,42,43,56,58,64,66,80,82,117,118" machi="64" ten="25,8000,1" yaku="1,1,0,1,22,2,54,1,53,0" doraHai="100" doraHaiUra="44" who="2" fromWho="2" sc="270,-20,298,-20,26,90,396,-40" /><INIT seed="4,0,0,3,2,107" ten="250,278,116,356" oya="0" hai0="117,134,96,42,112,127,68,48,3,106,33,23,70" hai1="97,118,59,114,17,27,125,30,0,100,25,57,104" hai2="132,1,121,120,69,119,91,67,8,124,90,5,35" hai3="131,61,46,15,60,29,13,82,7,135,28,89,115"/><T71/><D33/><U123/><E118/><V110/><F91/><W94/><G115/><T19/><D117/><U32/><E123/><V63/><F90/><W44/><G135/><T9/><D112/><U40/><E0/><V54/><F54/><W55/><G82/><T130/><D134/><U21/><E114/><V88/><F88/><W92/><G89/><T26/><D127/><U93/><E125/><V128/><F63/><W102/><G131/><T72/><D130/><U105/><REACH who="1" step="1"/><E40/><REACH who="1" ten="250,268,116,356" step="2"/><V50/><F121/><W77/><G55/><T66/><D42/><U99/><E99/><V2/><F120/><W108/><G108/><T4/><D66/><U81/><E81/><V45/><F110/><W83/><G83/><T98/><D106/><AGARI ba="0,1" hai="17,21,25,27,30,32,57,59,93,97,100,104,105,106" machi="106" ten="40,2600,0" yaku="1,1,53,1" doraHai="107" doraHaiUra="12" who="1" fromWho="0" sc="250,-26,268,36,116,0,356,0" /><INIT seed="5,0,0,3,1,100" ten="224,304,116,356" oya="1" hai0="107,95,124,83,82,43,134,37,10,47,40,111,68" hai1="13,57,54,60,5,71,39,106,130,93,102,64,119" hai2="78,127,4,35,101,77,38,133,76,126,108,115,72" hai3="63,135,0,90,31,84,21,34,27,56,58,110,66"/><U19/><E119/><V62/><F38/><W104/><G0/><T11/><D68/><U96/><E39/><V112/><F35/><W75/><G75/><T88/><D111/><U85/><E5/><V118/><F4/><W117/><G110/><T132/><D43/><U20/><E130/><V79/><F108/><W17/><G117/><T14/><D107/><U123/><E123/><V42/><F42/><W91/><G135/><N who="0" m="51755" /><D124/><N who="2" m="47658" /><F62/><W113/><G113/><N who="2" m="43593" /><F133/><W6/><G6/><N who="0" m="3415" /><D11/><U105/><REACH who="1" step="1"/><E85/><AGARI ba="0,0" hai="37,40,47,82,83,85,88,95" m="3415,51755" machi="85" ten="30,2000,0" yaku="20,1,54,1" doraHai="100" who="0" fromWho="1" sc="224,20,304,-20,116,0,356,0" /><INIT seed="6,0,0,0,1,50" ten="244,284,116,356" oya="2" hai0="26,131,67,5,118,78,114,40,66,61,10,46,73" hai1="11,107,119,48,106,29,3,129,55,76,30,80,44" hai2="83,102,59,135,43,126,110,94,52,130,108,122,103" hai3="34,32,109,72,7,19,24,111,37,64,81,39,31"/><V82/><F122/><W1/><G19/><T0/><D114/><U18/><E119/><V127/><F43/><W85/><G64/><T86/><D118/><U101/><E129/><V63/><F130/><W13/><G13/><T97/><D131/><U4/><E18/><V90/><F135/><W8/><G85/><T15/><D97/><U27/><E101/><N who="2" m="38411" /><F94/><W70/><G34/><T105/><D86/><U49/><E48/><V79/><F90/><W36/><G70/><T57/><D26/><U89/><E89/><V22/><F22/><W74/><G81/><N who="2" m="30729" /><F79/><W6/><G6/><T88/><D88/><U75/><REACH who="1" step="1"/><E27/><REACH who="1" ten="244,274,116,356" step="2"/><V69/><F69/><W38/><G38/><N who="0" m="21783" /><D5/><U2/><E2/><V54/><F54/><W84/><G84/><T115/><D0/><U56/><E56/><V112/><F112/><W21/><G74/><T104/><D57/><U47/><E47/><V28/><F28/><AGARI ba="0,1" hai="3,4,11,28,29,30,44,49,55,75,76,80,106,107" machi="28" ten="40,2600,0" yaku="1,1,52,1,53,0" doraHai="50" doraHaiUra="113" who="1" fromWho="2" sc="244,0,274,36,116,-26,356,0" /><INIT seed="7,0,0,4,5,39" ten="244,310,90,356" oya="3" hai0="67,59,113,38,2,49,25,27,126,19,91,54,72" hai1="120,81,61,85,87,56,0,128,51,13,8,62,93" hai2="18,70,78,68,75,28,90,50,96,64,33,110,123" hai3="116,34,84,17,42,83,1,77,3,99,107,134,102"/><W101/><G116/><T47/><D72/><U109/><E109/><V130/><F18/><W105/><G34/><T80/><D2/><U43/><E0/><V106/><F90/><W55/><G134/><T129/><D126/><U114/><E120/><V7/><F50/><W9/><G55/><T66/><D129/><U15/><E128/><V82/><F28/><W117/><G117/><T4/><D4/><U89/><E114/><V22/><F22/><W118/><G118/><T121/><D121/><U52/><E43/><V94/><F64/><W98/><G42/><T30/><D113/><U37/><E37/><V26/><F26/><W124/><G124/><T41/><D19/><U57/><E57/><V135/><F7/><W97/><G97/><T133/><D133/><U95/><E15/><AGARI ba="0,0" hai="1,3,9,15,17,77,83,84,98,99,101,102,105,107" machi="15" ten="40,2000,0" yaku="9,1" doraHai="39" who="3" fromWho="1" sc="244,0,310,-20,90,0,356,20" owari="244,-16.0,290,9.0,90,-41.0,376,48.0" /></mjloggm>