<mjloggm ver="2.3"><GO type="169" lobby="0"/><UN n0="%68%61%7A%75%6B%69%38%39" n1="%E5%A4%A9%E9%BC%93" n2="%79%61%6C%70%68%61" n3="%E5%B0%B1%E6%B4%BB%E7%94%9F%40%E5%B7%9D%E6%9D%91%E8%BB%8D%E5%9B%A3" dan="16,18,17,17" rate="2034.08,2164.39,2143.87,2200.69" sx="F,M,M,M"/><TAIKYOKU oya="0"/><INIT seed="0,0,0,1,2,58" ten="250,250,250,250" oya="0" hai0="100,61,33,75,126,63,105,114,11,70,53,10,38" hai1="101,77,88,97,47,44,60,62,103,69,130,124,46" hai2="31,76,129,111,36,127,106,95,133,132,80,79,73" hai3="134,50,51,65,67,85,96,45,115,123,6,37,121"/><T28/><D114/><U104/><E69/><V66/><F31/><W9/><G115/><T49/><D75/><U108/><E108/><V26/><F36/><W72/><G72/><T8/><D38/><U83/><E130/><V68/><F26/><W110/><G110/><T0/><D0/><U16/><E124/><V86/><F111/><W125/><G125/><T112/><D112/><U5/><E5/><V59/><F59/><W29/><BYE who="2" /><G29/><T22/><D33/><UN n2="%79%61%6C%70%68%61" /><U71/><E71/><V14/><F66/><W20/><G20/><T78/><D78/><N who="2" m="29738" /><F14/><W15/><G134/><N who="2" m="51817" /><F68/><W117/><G117/><T18/><D28/><U30/><E30/><V131/><F106/><W32/><G32/><T92/><D105/><U42/><E42/><V39/><F39/><W81/><G37/><T84/><D70/><U107/><E16/><V116/><F73/><W35/><G35/><T24/><D126/><U113/><E113/><V82/><F127/><W93/><G123/><T13/><D24/><U40/><E40/><V41/><F41/><W48/><G45/><N who="0" m="27823" /><D100/><N who="1" m="38475" /><E107/><V91/><F116/><W118/><G118/><T122/><D122/><U34/><E104/><V99/><F99/><W54/><G121/><T57/><D57/><U43/><E43/><V52/><F52/><W25/><G54/><T7/><D7/><U109/><E109/><V17/><F17/><W2/><G25/><T119/><D119/><U1/><E1/><V89/><F89/><AGARI ba="0,0" hai="8,10,11,13,18,22,61,63,84,89,92" m="27823" machi="89" ten="30,5800,0" yaku="8,1,52,2" doraHai="58" who="0" fromWho="2" sc="250,58,250,0,250,-58,250,0" /><INIT seed="0,1,0,3,0,89" ten="308,250,192,250" oya="0" hai0="97,75,126,73,37,83,39,47,21,104,118,108,6" hai1="69,49,9,18,70,62,57,116,42,16,13,45,92" hai2="79,111,53,25,82,15,78,3,10,121,130,88,114" hai3="95,38,109,123,91,112,133,34,131,4,119,81,101"/><T94/><D118/><U52/><E116/><V103/><F121/><W8/><G38/><T120/><D120/><U110/><E110/><V135/><F114/><W55/><G34/><T22/><D6/><U51/><E51/><V31/><F3/><W20/><G109/><T17/><D104/><U46/><E46/><V85/><F103/><W125/><G112/><T65/><D108/><U58/><E58/><V128/><F135/><W48/><G133/><T12/><D65/><U90/><E18/><V77/><F53/><W36/><G36/><T98/><D126/><U84/><AGARI ba="1,0" hai="9,13,16,42,45,49,52,57,62,69,70,84,90,92" machi="84" ten="20,8000,1" yaku="0,1,7,1,52,1,54,2" doraHai="89" who="1" fromWho="1" sc="308,-41,250,83,192,-21,250,-21" /><INIT seed="1,0,0,4,2,127" ten="267,333,171,229" oya="1" hai0="80,53,10,45,9,86,78,92,97,31,51,82,84" hai1="128,74,118,46,120,2,96,115,26,88,125,17,112" hai2="35,73,48,83,36,129,133,25,34,43,56,132,3" hai3="113,107,22,109,13,60,14,64,58,108,116,100,75"/><U71/><E120/><V99/><F36/><W101/><G75/><T37/><D37/><U123/><E123/><V122/><F3/><W117/><G113/><T8/><D31/><U18/><E118/><N who="3" m="45674" /><G107/><T89/><REACH who="0" step="1"/><D9/><REACH who="0" ten="257,333,171,229" step="2"/><U59/><E115/><V50/><F122/><W93/><G22/><T119/><D119/><U21/><E112/><V134/><F35/><W63/><G108/><T104/><D104/><U135/><E21/><V49/><F34/><W47/><G109/><T24/><D24/><U77/><E26/><V68/><F25/><W67/><G47/><T12/><D12/><N who="3" m="4713" /><G93/><T27/><D27/><U39/><E46/><V38/><F134/><W11/><G11/><T126/><D126/><U98/><E135/><V5/><F133/><W33/><G33/><T102/><AGARI ba="0,1" hai="8,10,45,51,53,78,80,82,84,86,89,92,97,102" machi="102" ten="20,5200,0" yaku="1,1,0,1,7,1,8,1,53,0" doraHai="127" doraHaiUra="52" who="0" fromWho="0" sc="257,62,333,-26,171,-13,229,-13" /><INIT seed="2,0,0,2,2,65" ten="319,307,158,216" oya="2" hai0="57,71,40,41,19,83,85,117,98,121,59,16,17" hai1="34,5,79,35,0,108,38,44,30,18,72,116,66" hai2="94,73,21,52,84,92,118,28,69,78,119,99,115" hai3="8,11,43,55,1,86,24,42,26,81,67,100,87"/><V61/><F115/><W76/><G100/><T37/><D121/><U15/><E116/><V12/><F73/><W101/><G101/><T75/><D75/><U134/><E108/><V104/><F104/><W7/><G8/><T133/><D117/><U128/><E128/><V125/><F125/><W107/><G107/><T62/><D98/><U91/><E134/><V50/><F119/><W9/><G9/><T129/><D129/><U2/><E91/><V25/><F118/><W112/><G112/><T3/><D3/><U130/><E66/><V29/><F12/><W4/><G4/><T14/><D14/><U93/><E93/><V106/><F106/><W111/><G111/><T127/><D127/><U82/><E30/><V120/><F120/><W132/><G132/><T49/><D37/><U103/><E103/><V36/><F36/><W90/><G67/><N who="0" m="39391" /><D71/><U114/><E2/><V102/><F69/><W109/><G55/><N who="0" m="31983" /><D133/><U13/><E13/><V113/><F113/><W48/><G109/><T46/><D46/><U6/><E6/><V74/><F74/><W97/><G97/><T56/><D56/><U39/><E39/><V20/><F61/><W32/><G32/><T135/><D135/><U53/><E130/><V131/><F131/><W47/><G43/><T123/><D123/><U68/><E114/><V88/><F78/><AGARI ba="0,0" hai="16,17,19,40,41,78,83,85" m="31983,39391" machi="78" ten="30,2000,0" yaku="8,1,54,1" doraHai="65" who="0" fromWho="2" sc="319,20,307,0,158,-20,216,0" /><INIT seed="3,0,0,1,2,70" ten="339,307,138,216" oya="3" hai0="113,93,129,112,65,73,23,49,22,56,59,42,96" hai1="111,100,107,58,98,126,35,48,81,57,132,99,20" hai2="94,2,130,55,37,101,115,84,86,8,88,108,114" hai3="117,124,63,24,32,69,54,50,28,61,74,90,66"/><W31/><G117/><T67/><D73/><U128/><E35/><V40/><F101/><W87/><G74/><T75/><D75/><U14/><E111/><V110/><F55/><W123/><G123/><T119/><D129/><U43/><E128/><V4/><F130/><W41/><G124/><T127/><D127/><U109/><E109/><N who="2" m="42091" /><F86/><W17/><G41/><T105/><D105/><U64/><E126/><V11/><F11/><W44/><G63/><T76/><D76/><U125/><E125/><V104/><F104/><W131/><G131/><T91/><D119/><U82/><E132/><V5/><F5/><W77/><G77/><T7/><D7/><U52/><E99/><V103/><F103/><W102/><G102/><T121/><D121/><U79/><E43/><V29/><F29/><W122/><G122/><T46/><D59/><U97/><E97/><V51/><F51/><W36/><G28/><T39/><D67/><U106/><E106/><V116/><F116/><W12/><G12/><T9/><D9/><U16/><E79/><V34/><F34/><W10/><G17/><T71/><D71/><U19/><E19/><V53/><F53/><W68/><G10/><T13/><D49/><U80/><REACH who="1" step="1"/><E64/><REACH who="1" ten="339,297,138,216" step="2"/><V118/><F118/><W18/><G18/><T85/><D96/><U135/><E135/><V60/><F115/><W45/><G90/><T21/><D112/><U92/><E92/><V26/><F114/><W133/><G133/><T62/><D113/><U83/><N who="1" m="20480" /><DORA hai="134" /><U30/><E30/><V78/><F94/><W95/><G95/><T120/><D120/><RYUUKYOKU ba="0,1" sc="339,15,297,15,138,-15,216,-15" hai0="13,21,22,23,39,42,46,56,62,65,85,91,93" hai1="14,16,20,48,52,57,58,98,100,107" /><INIT seed="4,1,1,4,0,17" ten="354,312,123,201" oya="0" hai0="74,132,77,51,31,60,47,50,115,24,82,123,19" hai1="9,42,99,81,106,96,1,13,41,52,105,98,111" hai2="90,92,33,128,63,39,97,28,88,44,93,112,40" hai3="57,131,61,130,101,87,66,83,107,124,48,38,70"/><T49/><D123/><U109/><E1/><V46/><F128/><N who="3" m="49195" /><G38/><T84/><D132/><U71/><E71/><V58/><F112/><W78/><G124/><T26/><D115/><U89/><E106/><V56/><F46/><W80/><G80/><T64/><D74/><U134/><E105/><V126/><F126/><W20/><G20/><T125/><D125/><U73/><E134/><V119/><F119/><W18/><G18/><T55/><D19/><U86/><E73/><V103/><F33/><W29/><G29/><T118/><D118/><U27/><E27/><V54/><F28/><W15/><G15/><T8/><D8/><U62/><E109/><V14/><F14/><W53/><G107/><T45/><D24/><U6/><E111/><V59/><REACH who="2" step="1"/><F103/><AGARI ba="1,1" hai="48,53,57,61,66,70,78,83,87,101,103" m="49195" machi="103" ten="30,1000,0" yaku="19,1" doraHai="17" who="3" fromWho="2" sc="354,0,312,0,123,-13,201,23" /><INIT seed="5,0,0,5,5,71" ten="354,312,110,224" oya="1" hai0="58,94,46,124,127,96,24,37,115,120,135,111,132" hai1="57,55,130,73,70,22,92,61,129,8,5,51,80" hai2="75,83,100,47,56,108,125,102,15,13,68,6,112" hai3="11,128,106,14,36,35,64,114,53,103,110,123,59"/><U131/><E22/><V66/><F108/><W133/><G35/><T45/><D111/><U85/><E92/><V116/><F116/><W81/><G110/><T93/><D24/><U26/><E26/><V90/><F68/><W1/><G1/><T89/><D115/><U12/><E73/><V42/><F112/><W48/><G123/><T41/><D120/><U109/><E109/><V122/><F122/><W119/><G114/><T95/><D58/><U18/><E5/><V104/><F125/><N who="0" m="48202" /><D46/><U19/><E19/><V0/><F104/><W3/><G3/><T118/><D118/><U28/><E28/><V74/><F56/><W62/><G128/><T27/><D27/><U91/><REACH who="1" step="1"/><E70/><REACH who="1" ten="354,302,110,224" step="2"/><V25/><F74/><W63/><G119/><T97/><D94/><U32/><E32/><V105/><F75/><W38/><G133/><N who="0" m="51275" /><D95/><U49/><AGARI ba="0,1" hai="8,12,18,49,51,55,57,61,80,85,91,129,130,131" machi="49" ten="40,7800,0" yaku="1,1,0,1,19,1,53,0" doraHai="71" doraHaiUra="16" who="1" fromWho="1" sc="354,-26,302,88,110,-26,224,-26" /><INIT seed="5,1,0,3,5,26" ten="328,390,84,198" oya="1" hai0="102,116,34,84,134,128,55,30,39,121,88,11,127" hai1="133,120,71,31,50,0,18,78,77,49,86,106,81" hai2="21,125,33,62,6,4,91,82,94,117,95,9,32" hai3="100,63,105,123,101,14,69,87,111,72,20,23,40"/><U16/><E120/><V17/><F117/><W13/><G72/><T90/><D116/><U42/><E106/><V25/><F125/><W129/><G111/><T36/><D127/><U46/><E0/><V124/><F124/><W10/><G123/><T108/><D108/><U65/><E133/><V119/><F119/><W48/><G129/><T83/><D128/><U97/><E97/><V54/><F82/><W45/><G105/><T52/><D102/><N who="3" m="39529" /><G69/><T80/><D11/><U118/><E118/><V53/><F95/><W131/><G131/><T8/><D8/><U44/><E78/><V96/><F4/><N who="3" m="3271" /><G63/><T107/><D107/><U98/><E98/><V132/><F132/><W64/><G64/><T3/><D3/><U58/><E71/><V110/><F110/><W2/><G2/><T74/><D121/><U41/><E31/><V112/><F112/><W47/><G14/><T115/><D115/><U130/><E130/><V73/><F73/><W28/><G28/><T79/><D90/><U109/><E109/><V104/><F104/><W27/><G27/><T68/><D68/><U7/><E7/><V57/><REACH who="2" step="1"/><F54/><REACH who="2" ten="328,390,74,198" step="2"/><N who="3" m="29967" /><G87/><T22/><D134/><U61/><AGARI ba="1,1" hai="16,18,41,42,44,46,49,50,58,61,65,77,81,86" machi="61" ten="30,11700,0" yaku="0,1,9,1,8,1,54,1" doraHai="26" who="1" fromWho="1" sc="328,-40,390,130,74,-40,198,-40" /><INIT seed="5,2,0,1,0,114" ten="288,520,34,158" oya="1" hai0="123,98,4,71,15,65,24,3,44,56,49,10,132" hai1="32,82,104,54,29,92,117,23,5,21,131,76,40" hai2="100,113,52,53,18,61,48,39,87,135,64,60,67" hai3="73,58,134,9,50,102,84,37,112,96,122,63,109"/><U101/><E104/><V31/><F31/><W55/><G73/><T42/><D132/><U80/><E32/><V17/><F135/><W0/><G109/><T124/><D124/><U83/><E131/><V14/><F39/><W94/><G37/><T22/><D123/><U45/><E54/><N who="2" m="21099" /><F113/><W34/><G34/><T93/><D71/><U13/><E29/><V110/><F110/><W46/><G112/><T74/><D74/><U41/><E76/><V35/><F35/><W59/><G122/><T108/><D108/><U115/><E117/><V7/><F100/><W70/><G134/><T27/><D3/><U88/><E101/><V66/><F48/><W130/><G130/><T111/><D111/><U8/><E115/><V105/><F105/><W1/><G84/><T38/><D38/><U133/><E133/><V2/><F2/><W126/><G126/><T6/><D6/><U16/><E45/><V62/><F87/><W97/><G97/><T129/><D129/><U85/><REACH who="1" step="1"/><E23/><REACH who="1" ten="288,510,34,158" step="2"/><V125/><F125/><W89/><G102/><N who="0" m="60751" /><D22/><U68/><E68/><V103/><F103/><W120/><G70/><T128/><D128/><U72/><E72/><V19/><F7/><W28/><G28/><T119/><D119/><U33/><E33/><V77/><F77/><W78/><G78/><T86/><D4/><U11/><E11/><AGARI ba="2,1" hai="11,14,17,18,19,60,61,62,64,66,67" m="21099" machi="11" ten="30,2000,0" yaku="8,1,54,1" doraHai="114" who="2" fromWho="1" sc="288,0,510,-26,34,36,158,0" /><INIT seed="6,0,0,2,4,33" ten="288,484,70,158" oya="2" hai0="43,126,80,72,15,13,67,31,88,62,69,18,110" hai1="20,129,7,2,61,103,29,113,81,104,122,134,48" hai2="73,123,55,91,35,82,23,52,66,0,105,71,102" hai3="97,87,111,74,39,54,98,25,119,96,84,47,4"/><V59/><F123/><W12/><G111/><T132/><D110/><U109/><E109/><V131/><F35/><W65/><G74/><T9/><D126/><U107/><E103/><V135/><F71/><W128/><G128/><T16/><D132/><U118/><E118/><V37/><F37/><W116/><G119/><T46/><D31/><U60/><E48/><V127/><F135/><W108/><G108/><T49/><D72/><U3/><E7/><V76/><F127/><W22/><G65/><T75/><D75/><U30/><E20/><V112/><F131/><W53/><G39/><T44/><D44/><U68/><E81/><V100/><F112/><W64/><G64/><T115/><D115/><U38/><E38/><V63/><F0/><W10/><G116/><T50/><D50/><U1/><E1/><V99/><F102/><W45/><G45/><T93/><D80/><U14/><E14/><V21/><F91/><W117/><G117/><T34/><D34/><U19/><E122/><V83/><F83/><W86/><G47/><BYE who="2" /><T40/><D40/><UN n2="%79%61%6C%70%68%61" /><U77/><E68/><V8/><F8/><W51/><G51/><T56/><D69/><U70/><E70/><V41/><F41/><W36/><G36/><T26/><D26/><U57/><E134/><V5/><F5/><W58/><G58/><T11/><D88/><U79/><E113/><V85/><F73/><W101/><G101/><T130/><D130/><U24/><E129/><V124/><F124/><W32/><G32/><T6/><D6/><U125/><E125/><V27/><F21/><W42/><G42/><RYUUKYOKU ba="0,0" sc="288,10,484,-30,70,10,158,10" hai0="9,11,13,15,16,18,43,46,49,56,62,67,93" hai2="23,27,52,55,59,63,66,76,82,85,99,100,105" hai3="4,10,12,22,25,53,54,84,86,87,96,97,98" /><INIT seed="6,1,0,2,3,126" ten="298,454,80,168" oya="2" hai0="124,56,122,92,105,100,103,21,97,87,2,33,17" hai1="80,77,34,96,70,76,68,38,47,0,95,8,54" hai2="14,61,73,22,108,4,44,25,125,43,120,15,11" hai3="32,81,5,23,119,7,64,39,41,71,106,49,36"/><V46/><F120/><W116/><G32/><T82/><D33/><U93/><E34/><V110/><F73/><W16/><G106/><T107/><D2/><U128/><E77/><V53/><F125/><W104/><G104/><T90/><D124/><U83/><E83/><V1/><F61/><W50/><G81/><T40/><D122/><U115/><E115/><V12/><F53/><W132/><G132/><T30/><D30/><U3/><E93/><V129/><F46/><W79/><G79/><T72/><D40/><U27/><E27/><V29/><F44/><W31/><G31/><T24/><D72/><U101/><E54/><V63/><F63/><W67/><G23/><T84/><D56/><U102/><E102/><V57/><F57/><W111/><G111/><N who="2" m="42537" /><F43/><W91/><G91/><T121/><D121/><U51/><E68/><V134/><F134/><W89/><G89/><T114/><D114/><U48/><E70/><V98/><F98/><W117/><G71/><T59/><D59/><U60/><E60/><V6/><F6/><W69/><G69/><T112/><D112/><U133/><E133/><V13/><N who="2" m="3584" /><DORA hai="26" /><V118/><F118/><W86/><G117/><T66/><D66/><U10/><E47/><V113/><F113/><W109/><G109/><T74/><D74/><U20/><E96/><V58/><F58/><W18/><G41/><T88/><D103/><U52/><E101/><V127/><F127/><W99/><G99/><T131/><D105/><U130/><E3/><V55/><F55/><W123/><G123/><T45/><D45/><U28/><E52/><RYUUKYOKU ba="1,0" sc="298,10,454,-30,80,10,168,10" hai0="17,21,24,82,84,87,88,90,92,97,100,107,131" hai2="1,4,11,22,25,29,129" hai3="5,7,16,18,36,39,49,50,64,67,86,116,119" /><INIT seed="6,2,0,2,0,65" ten="308,424,90,178" oya="2" hai0="26,45,33,61,42,118,57,59,30,15,16,94,23" hai1="41,119,81,55,130,90,133,98,74,117,69,112,72" hai2="19,127,49,120,123,11,25,35,110,58,50,87,63" hai3="2,22,27,132,107,38,52,126,78,91,128,64,109"/><V86/><F120/><W44/><G109/><T36/><D118/><U40/><E69/><V92/><F92/><W121/><BYE who="2" /><G107/><T89/><REACH who="0" step="1"/><D61/><REACH who="0" ten="298,424,90,178" step="2"/><UN n2="%79%61%6C%70%68%61" /><U37/><E119/><V32/><F123/><W93/><G121/><T24/><D24/><U8/><E117/><V5/><F110/><W68/><G27/><T51/><D51/><U135/><E37/><V53/><F50/><W108/><G38/><T18/><D18/><U77/><E135/><V88/><F19/><W122/><G132/><T34/><D34/><U134/><E133/><V1/><F25/><W28/><G108/><T0/><D0/><U7/><E134/><V95/><F127/><W116/><G2/><T101/><D101/><U14/><E14/><V131/><F131/><W76/><G128/><T60/><D60/><U96/><E130/><V105/><F105/><W113/><G126/><T83/><D83/><U106/><E81/><V46/><REACH who="2" step="1"/><F87/><AGARI ba="2,1" hai="15,16,23,26,30,33,36,42,45,57,59,87,89,94" machi="87" ten="30,7700,0" yaku="1,1,7,1,54,1,53,1" doraHai="65" doraHaiUra="21" who="0" fromWho="2" sc="298,93,424,0,90,-83,178,0" /><INIT seed="7,0,0,1,4,117" ten="391,424,7,178" oya="3" hai0="109,95,25,66,129,118,33,134,103,105,31,73,70" hai1="75,34,26,110,106,91,13,45,12,96,102,119,23" hai2="112,35,63,88,8,127,38,104,49,55,76,100,81" hai3="79,48,11,47,89,14,36,120,99,86,67,116,64"/><W125/><G116/><T15/><D118/><U123/><E123/><V30/><F88/><W126/><G36/><T68/><D95/><U58/><E119/><V80/><F55/><W133/><G133/><T85/><D85/><U113/><E110/><V50/><F49/><W107/><G120/><T78/><D15/><U130/><E34/><V16/><F50/><W131/><G79/><T71/><D109/><U94/><E130/><V101/><F16/><W69/><G131/><T28/><D28/><U53/><E45/><V97/><F101/><W108/><G108/><T17/><D17/><N who="1" m="12655" /><E75/><V82/><F127/><W114/><G99/><N who="0" m="61695" /><D134/><U18/><E18/><V10/><F112/><W111/><G114/><T29/><D29/><U51/><E113/><V84/><F38/><W40/><G111/><T92/><D92/><N who="1" m="56351" /><E106/><V2/><F35/><W90/><G107/><T52/><D52/><U122/><E122/><V41/><F30/><W32/><G32/><T115/><D129/><U9/><E9/><V65/><F41/><W3/><G3/><T83/><D115/><U62/><E62/><AGARI ba="0,0" hai="25,31,33,62,66,68,70,71,73,78,83" m="61695" machi="62" ten="30,3900,0" yaku="25,1,33,2" doraHai="117" who="0" fromWho="1" sc="391,39,424,-39,7,0,178,0" owari="430,52.0,385,19.0,7,-49.0,178,-22.0" /></mjloggm>