<mjloggm ver="2.3"><GO type="169" lobby="0"/><UN n0="%E3%82%A6%E3%83%AB%E3%83%88%E3%83%A9%E7%AB%8B%E7%9B%B4" n1="%70%6F%77%74%65%72" n2="%E3%81%8B%E3%81%97%E3%81%8B%E3%81%8A" n3="%E3%81%8B%E3%81%AB%E3%83%9E%E3%82%B8%E3%83%B3" dan="18,16,16,17" rate="2223.89,2020.42,2125.40,2175.60" sx="M,M,M,M"/><TAIKYOKU oya="0"/><INIT seed="0,0,0,0,3,23" ten="250,250,250,250" oya="0" hai0="6,36,1,72,62,42,107,124,43,106,117,77,47" hai1="61,17,46,104,39,11,48,41,55,57,31,116,128" hai2="66,84,12,44,111,52,75,40,135,127,7,4,86" hai3="123,94,115,24,54,50,21,110,131,92,13,0,133"/><T122/><D122/><U20/><E116/><V97/><F75/><W102/><G0/><T5/><D117/><U45/><E128/><V100/><F66/><W132/><G115/><T109/><D6/><U2/><E104/><V90/><F111/><W89/><G110/><T49/><D109/><U71/><E31/><V96/><F135/><N who="3" m="51787" /><G13/><T108/><D108/><U19/><E71/><V101/><F127/><W112/><G131/><T82/><D124/><U33/><E33/><V16/><F40/><W118/><G118/><T87/><D87/><U83/><E83/><V80/><F86/><W113/><G102/><N who="2" m="39529" /><F97/><N who="3" m="57487" /><G94/><T29/><D29/><U8/><E2/><V98/><F96/><W10/><G10/><N who="0" m="2351" /><D62/><U105/><E105/><N who="0" m="39945" /><D49/><U74/><E74/><V25/><F98/><W103/><G103/><T81/><D43/><U64/><REACH who="1" step="1"/><E17/><REACH who="1" ten="250,240,250,250" step="2"/><V60/><F4/><W59/><G123/><T30/><D30/><AGARI ba="0,1" hai="21,24,30,50,54,59,112,113" m="57487,51787" machi="30" ten="30,2000,0" yaku="20,1,52,1" doraHai="23" who="3" fromWho="0" sc="250,-20,240,0,250,0,250,30" /><INIT seed="1,0,0,2,3,42" ten="230,240,250,280" oya="1" hai0="96,132,39,116,75,84,10,111,46,38,95,113,7" hai1="6,120,98,1,70,128,40,109,77,110,62,131,45" hai2="108,66,97,83,123,74,60,29,54,124,43,52,129" hai3="20,88,49,118,16,81,73,117,0,50,103,19,125"/><U53/><E120/><V44/><F123/><W25/><G0/><T9/><D75/><U104/><E77/><V37/><F108/><N who="1" m="41577" /><E1/><V12/><F12/><W71/><G71/><T76/><D111/><U69/><E6/><V78/><F29/><W106/><G125/><T51/><D116/><N who="3" m="44649" /><G19/><T93/><D113/><U57/><E98/><V80/><F124/><W82/><G82/><T27/><D27/><U34/><E34/><V3/><F129/><N who="1" m="49737" /><E104/><V18/><F18/><W107/><G73/><T92/><D132/><U85/><E85/><V56/><F83/><W14/><G14/><T28/><D28/><U2/><E2/><V79/><F79/><W36/><G106/><T133/><D133/><U65/><E65/><V63/><F97/><N who="3" m="61935" /><G36/><AGARI ba="0,0" hai="36,40,45,53,57,62,69,70" m="49737,41577" machi="36" ten="30,18000,2" yaku="14,1,10,1,19,1,34,2,52,1" doraHai="42" who="1" fromWho="3" sc="230,0,240,180,250,0,280,-180" /><INIT seed="1,1,0,0,0,83" ten="230,420,250,100" oya="1" hai0="59,105,84,17,19,25,34,115,134,114,81,36,55" hai1="121,27,22,95,128,78,64,20,51,127,93,130,88" hai2="107,40,12,131,37,133,73,94,7,106,89,87,117" hai3="62,53,97,57,72,90,39,123,92,110,109,129,100"/><U75/><E121/><V69/><F69/><W126/><G123/><T31/><D105/><U13/><E127/><V11/><F117/><W10/><G126/><T52/><D36/><U56/><E75/><V33/><F33/><W32/><G39/><T54/><D59/><U21/><E78/><V50/><F37/><W66/><G32/><T45/><D45/><U86/><E95/><V113/><F73/><W16/><G72/><T30/><D30/><U71/><E71/><V76/><F133/><W49/><G129/><N who="1" m="49770" /><E13/><V28/><F28/><W82/><G82/><T116/><D134/><U118/><E118/><V104/><F76/><W112/><G112/><T132/><D132/><U9/><E9/><V8/><F131/><W111/><G10/><T2/><D2/><U102/><E102/><V58/><F113/><W15/><G15/><T122/><D116/><U98/><E98/><V44/><F58/><W38/><G38/><T108/><D122/><U47/><E64/><V135/><F135/><W67/><G16/><T35/><D115/><U5/><E5/><V43/><REACH who="2" step="1"/><F11/><REACH who="2" ten="230,420,240,100" step="2"/><W4/><G4/><T63/><D114/><U65/><E56/><V91/><F91/><W124/><G124/><T125/><D125/><U1/><E88/><V6/><F6/><W23/><G23/><T120/><D120/><U14/><E22/><V70/><F70/><W18/><G18/><N who="0" m="6667" /><D35/><U77/><E20/><V85/><F85/><N who="3" m="52303" /><G62/><T24/><D63/><U103/><E21/><V79/><F79/><W41/><G41/><AGARI ba="1,1" hai="7,8,12,40,41,43,44,50,87,89,94,104,106,107" machi="41" ten="40,8000,1" yaku="1,1,52,1,53,3" doraHai="83" doraHaiUra="101" who="2" fromWho="3" sc="230,0,420,0,240,93,100,-83" /><INIT seed="2,0,0,5,3,12" ten="230,420,333,17" oya="2" hai0="94,75,5,121,22,117,64,72,131,89,125,115,26" hai1="51,47,7,114,113,102,6,52,21,14,24,85,82" hai2="108,61,60,111,69,100,97,79,127,55,126,56,90" hai3="10,31,53,66,28,39,91,129,134,44,83,30,106"/><V49/><F79/><W32/><G106/><T16/><D121/><U11/><E102/><V63/><F90/><W3/><G129/><T86/><D115/><U65/><E7/><V15/><F15/><W23/><G134/><T107/><D107/><U18/><E65/><V43/><F69/><W67/><G32/><T58/><D131/><U34/><E34/><V88/><F100/><W110/><G110/><N who="2" m="42025" /><F43/><W93/><G83/><T36/><D36/><U1/><E1/><V112/><F112/><W74/><G74/><T38/><D38/><U25/><E25/><V19/><F19/><W118/><G118/><T45/><D117/><U20/><E20/><V98/><F98/><N who="3" m="57663" /><G39/><T87/><D75/><U135/><E135/><V84/><F97/><W119/><G119/><T124/><D72/><U33/><E33/><V81/><AGARI ba="0,0" hai="49,55,56,60,61,63,81,84,88,126,127" m="42025" machi="81" ten="40,7800,0" yaku="14,1,10,1,54,1" doraHai="12" who="2" fromWho="2" sc="230,-26,420,-26,333,78,17,-26" owari="204,-20.0,394,19.0,411,52.0,-9,-51.0" /></mjloggm>