<mjloggm ver="2.3"><GO type="169" lobby="0"/><UN n0="%E9%BA%BB%E9%9B%80%E7%89%87%E6%83%B3%E3%81%84" n1="%E3%82%A6%E3%83%AB%E3%83%88%E3%83%A9%E7%AB%8B%E7%9B%B4" n2="%E3%82%AC%E3%83%9F%E3%82%B4%E3%83%B3" n3="%30%30%73%61%69" dan="16,18,17,17" rate="2140.36,2191.52,2116.03,2105.18" sx="M,M,M,M"/><TAIKYOKU oya="0"/><INIT seed="0,0,0,5,2,112" ten="250,250,250,250" oya="0" hai0="69,111,12,101,127,53,9,94,96,73,35,63,121" hai1="43,41,47,46,132,1,126,130,44,36,119,128,123" hai2="77,48,79,8,51,87,97,54,25,55,3,34,122" hai3="26,24,129,16,89,32,18,84,28,20,76,19,22"/><T50/><D121/><U71/><E1/><V118/><F122/><W14/><G129/><N who="1" m="49770" /><E123/><V131/><F131/><W66/><G66/><T83/><D127/><U114/><E126/><V56/><F87/><W40/><G40/><T70/><D35/><U64/><E114/><V60/><F60/><W91/><G76/><T85/><D73/><U42/><E132/><V103/><F3/><W57/><G57/><T61/><D70/><U45/><E119/><V21/><F8/><W115/><G115/><T80/><D69/><U11/><E11/><V62/><F118/><W29/><REACH who="3" step="1"/><G91/><REACH who="3" ten="250,250,250,240" step="2"/><T59/><D111/><U100/><E100/><V38/><F38/><W68/><G68/><T105/><D105/><U67/><E67/><V30/><F62/><AGARI ba="0,1" hai="36,41,42,43,44,45,46,47,62,64,71" m="49770" machi="62" ten="30,3900,0" yaku="19,1,34,2" doraHai="112" who="1" fromWho="2" sc="250,0,250,49,250,-39,240,0" /><INIT seed="1,0,0,1,2,41" ten="250,299,211,240" oya="1" hai0="28,24,109,78,85,101,31,58,68,122,115,71,17" hai1="5,8,119,117,10,107,26,16,80,74,87,113,105" hai2="40,125,86,120,129,84,118,133,37,110,44,73,89" hai3="102,92,49,81,72,127,82,18,69,4,96,6,128"/><U1/><E74/><V65/><F73/><W39/><G39/><T13/><D115/><U94/><E113/><V62/><F118/><W38/><G38/><T126/><D122/><U46/><E94/><V70/><F120/><W27/><G69/><T33/><D31/><U123/><E123/><V83/><F110/><W11/><G128/><T19/><D19/><U48/><E117/><V55/><F129/><W121/><G121/><T35/><D35/><U116/><E116/><V29/><F133/><W88/><G127/><T2/><D2/><U124/><E124/><V57/><F125/><W0/><G6/><T91/><D78/><U67/><E67/><V50/><F86/><W131/><G72/><T99/><D58/><U15/><E26/><V63/><F63/><W98/><G49/><T51/><D51/><U76/><E119/><V61/><F61/><W53/><G53/><AGARI ba="0,0" hai="1,5,8,10,15,16,46,48,53,76,80,87,105,107" machi="53" ten="30,5800,0" yaku="7,1,52,1,54,1" doraHai="41" who="1" fromWho="3" sc="250,0,299,58,211,0,240,-58" /><INIT seed="1,1,0,1,4,96" ten="250,357,211,182" oya="1" hai0="33,7,102,82,62,116,32,103,121,2,133,42,25" hai1="86,123,122,9,80,134,1,37,3,113,93,107,40" hai2="31,12,106,98,130,75,60,131,44,111,15,118,105" hai3="39,24,135,13,101,94,26,100,10,115,108,70,54"/><U92/><E107/><V76/><F118/><W67/><G39/><T90/><D116/><U22/><E113/><V14/><F111/><W95/><G115/><T5/><D133/><U27/><E134/><V69/><F31/><W77/><G135/><T41/><D62/><U43/><E80/><N who="2" m="45087" /><F44/><W49/><G70/><T114/><D82/><U87/><E22/><V124/><F98/><W30/><G67/><T45/><D90/><U0/><E27/><N who="3" m="10282" /><G77/><T18/><D25/><U57/><E57/><V109/><F109/><W38/><G38/><T23/><D23/><U68/><E37/><V21/><F21/><W17/><G30/><T35/><D114/><U72/><E72/><V11/><F11/><W112/><G112/><T6/><D2/><U74/><E9/><V65/><F124/><W48/><G48/><T36/><D42/><U89/><E74/><V29/><F29/><W110/><G110/><T85/><D85/><U99/><E68/><V58/><F69/><W56/><G108/><T73/><D73/><U16/><E0/><V34/><F34/><W125/><G125/><T64/><D64/><U97/><E3/><V120/><F120/><W20/><G10/><T51/><D18/><U59/><E16/><V55/><F65/><W128/><G128/><AGARI ba="1,0" hai="12,14,15,55,58,60,105,106,128,130,131" m="45087" machi="128" ten="30,1000,0" yaku="19,1" doraHai="96" who="2" fromWho="3" sc="250,0,357,0,211,13,182,-13" /><INIT seed="2,0,0,3,0,3" ten="250,357,224,169" oya="2" hai0="35,107,85,60,98,17,33,72,25,123,4,8,63" hai1="134,132,99,94,58,100,54,87,69,34,122,50,67" hai2="76,128,105,14,117,106,46,118,64,91,7,70,21" hai3="97,29,113,48,96,22,55,30,104,78,131,110,27"/><V115/><F76/><W68/><G68/><T62/><D72/><U127/><E34/><V11/><F115/><W80/><G110/><T10/><D123/><U56/><E69/><V124/><F105/><W42/><G131/><T19/><D85/><U130/><E130/><V49/><F128/><W28/><G113/><T73/><D73/><U93/><E127/><V39/><F106/><W16/><G42/><T119/><D119/><U44/><E122/><V92/><F39/><W2/><G2/><T126/><D126/><U6/><E67/><V13/><F124/><W89/><G89/><T57/><D57/><U135/><E6/><V51/><F51/><W103/><G97/><T12/><D25/><U79/><E79/><V36/><F36/><W52/><REACH who="3" step="1"/><G48/><REACH who="3" ten="250,357,224,159" step="2"/><T20/><D98/><U66/><E99/><N who="2" m="57759" /><F70/><W24/><G24/><T129/><D129/><U81/><E135/><V86/><F118/><W74/><AGARI ba="0,1" hai="16,22,27,28,29,30,52,55,74,78,80,96,103,104" machi="74" ten="30,8000,1" yaku="1,1,0,1,54,2,53,1" doraHai="3" doraHaiUra="18" who="3" fromWho="3" sc="250,-20,357,-20,224,-40,159,90" /><INIT seed="3,0,0,3,1,96" ten="230,337,184,249" oya="3" hai0="75,54,97,3,107,90,91,120,132,44,103,109,28" hai1="78,47,50,116,64,125,104,48,14,73,99,118,0" hai2="76,68,110,87,52,2,105,83,34,113,57,121,65" hai3="94,101,13,102,82,112,84,79,63,23,126,10,46"/><W106/><G106/><T61/><D120/><U15/><E0/><V66/><F113/><W89/><G112/><T29/><D3/><U19/><E125/><V24/><F2/><W119/><G119/><T12/><D109/><U25/><E64/><V37/><F37/><W62/><G126/><T1/><D1/><U38/><E38/><V56/><F68/><W108/><G23/><T71/><D75/><U17/><E25/><V129/><F110/><W60/><G46/><T95/><D132/><U134/><E134/><V30/><F121/><W111/><G111/><T128/><D128/><U11/><E78/><V74/><F129/><W16/><REACH who="3" step="1"/><G108/><REACH who="3" ten="230,337,184,239" step="2"/><T31/><D107/><U58/><E104/><V7/><F105/><W27/><G27/><T9/><D71/><U72/><E47/><V117/><F117/><W130/><G130/><T4/><REACH who="0" step="1"/><D44/><REACH who="0" ten="220,337,184,239" step="2"/><U8/><E118/><V43/><F57/><AGARI ba="0,2" hai="4,9,12,28,29,31,54,57,61,90,91,95,97,103" machi="57" ten="40,8000,1" yaku="1,1,2,1,8,1,52,1,53,0" doraHai="96" doraHaiUra="39" who="0" fromWho="2" sc="220,100,337,0,184,-80,239,0" /><INIT seed="4,0,0,5,4,113" ten="320,337,104,239" oya="0" hai0="40,78,15,82,9,121,115,63,50,76,69,58,92" hai1="35,107,125,24,54,111,132,80,14,131,68,45,98" hai2="104,37,48,119,95,96,56,44,74,38,31,53,112" hai3="94,3,83,135,46,103,97,41,84,114,51,55,17"/><T116/><D115/><U100/><E111/><V62/><F112/><W12/><G3/><T2/><D2/><U25/><E25/><V91/><F74/><W7/><G135/><T99/><D69/><U117/><E132/><V90/><F104/><W10/><G114/><T36/><D36/><U47/><E54/><V124/><F124/><W93/><G93/><T20/><D82/><U21/><E131/><V42/><F119/><W122/><G122/><T67/><D116/><U123/><E123/><V4/><F4/><W26/><G26/><T81/><D81/><U89/><E125/><V61/><F31/><W128/><G128/><T70/><D20/><U33/><E33/><V71/><REACH who="2" step="1"/><F91/><REACH who="2" ten="320,337,94,239" step="2"/><N who="3" m="51615" /><G41/><T59/><D40/><U108/><E89/><V49/><F49/><N who="3" m="29111" /><G7/><T134/><D121/><U19/><E117/><V28/><F28/><W66/><G51/><T127/><D50/><U16/><E107/><V0/><F0/><W101/><G101/><T88/><D127/><U79/><E100/><V29/><F29/><W22/><G103/><T27/><D134/><U118/><E118/><V39/><F39/><W65/><G17/><T110/><D88/><U23/><E19/><V57/><F57/><W73/><G73/><T120/><D59/><U64/><E16/><V34/><F34/><W18/><G18/><T1/><D58/><U30/><E35/><V105/><F105/><W106/><G106/><T102/><D1/><U130/><E30/><V5/><F5/><W133/><G133/><T13/><D102/><U109/><E130/><V60/><F60/><W6/><G22/><RYUUKYOKU ba="0,1" sc="320,-15,337,-15,94,15,239,15" hai2="37,38,42,44,48,53,56,61,62,71,90,95,96" hai3="6,10,12,65,66,94,97" /><INIT seed="5,1,1,3,2,27" ten="305,322,109,254" oya="1" hai0="39,101,45,58,44,28,83,78,114,129,7,22,20" hai1="98,134,49,106,23,95,0,116,84,79,41,77,127" hai2="40,121,75,36,29,25,10,90,125,12,70,123,109" hai3="47,56,104,35,52,59,100,51,124,94,111,24,18"/><U64/><E0/><V46/><F109/><W8/><G104/><T126/><D114/><U76/><E64/><V5/><F125/><W6/><G111/><T62/><D129/><U73/><E73/><V135/><F135/><W53/><G124/><T15/><D101/><U54/><E41/><V14/><F75/><W74/><G74/><T48/><D39/><U19/><E106/><V120/><F70/><W55/><G35/><T3/><D3/><U17/><E134/><V122/><N who="2" m="30720" /><DORA hai="80" /><V132/><F132/><W1/><G24/><T105/><D28/><U2/><E2/><V85/><F10/><W38/><G18/><T42/><D45/><U103/><E19/><V96/><F96/><W43/><G100/><T115/><D115/><U131/><E116/><V113/><F5/><W21/><G21/><T34/><D34/><U119/><E119/><V82/><REACH who="2" step="1"/><F113/><REACH who="2" ten="305,322,99,254" step="2"/><W89/><G59/><T61/><D58/><N who="1" m="33103" /><E127/><V60/><F60/><W4/><G6/><T68/><D68/><U65/><E131/><V97/><F97/><AGARI ba="1,2" hai="1,4,8,38,43,47,51,52,53,55,56,89,94,97" machi="97" ten="30,2000,0" yaku="7,1,54,1" doraHai="27,80" who="3" fromWho="2" sc="305,0,322,0,99,-23,254,43" /><INIT seed="6,0,0,5,3,108" ten="305,322,76,297" oya="2" hai0="89,77,47,22,49,113,88,29,1,129,14,86,117" hai1="92,112,98,11,91,85,26,12,100,60,107,116,69" hai2="110,78,118,34,7,57,109,63,9,30,21,28,126" hai3="119,43,40,33,99,101,16,0,37,3,4,121,79"/><V23/><F78/><W52/><G119/><T102/><D1/><U105/><E116/><V53/><F118/><W95/><G33/><T122/><D117/><U73/><E73/><V25/><F126/><W15/><G37/><T80/><D113/><U74/><E74/><V13/><REACH who="2" step="1"/><F30/><REACH who="2" ten="305,322,66,297" step="2"/><W123/><G79/><T87/><D29/><U70/><E107/><V24/><F24/><W56/><G121/><T45/><D77/><U84/><E26/><V66/><F66/><W61/><G123/><T127/><D122/><U76/><E76/><V5/><F5/><W94/><G4/><T115/><D127/><U71/><E105/><V38/><F38/><W18/><G0/><T62/><D129/><U31/><E31/><V83/><F83/><W42/><G3/><T93/><D80/><U125/><E125/><V130/><F130/><W72/><G72/><T20/><D115/><U44/><E112/><V41/><F41/><W75/><G75/><T134/><D134/><U67/><E67/><V58/><F58/><W27/><G27/><T97/><D47/><U104/><E44/><V6/><F6/><W111/><G111/><AGARI ba="0,1" hai="7,9,13,21,23,25,28,34,53,57,63,109,110,111" machi="111" ten="40,3900,0" yaku="1,1,10,1,53,0" doraHai="108" doraHaiUra="68" who="2" fromWho="3" sc="305,0,322,0,66,49,297,-39" /><INIT seed="6,1,0,2,3,43" ten="305,322,115,258" oya="2" hai0="33,4,42,77,41,52,104,34,22,30,127,85,17" hai1="62,15,48,91,21,23,27,70,38,102,58,28,35" hai2="101,106,134,123,110,96,11,133,68,113,60,36,20" hai3="83,66,126,37,0,46,84,18,3,65,32,88,117"/><V99/><F123/><W97/><G117/><T61/><D104/><U103/><E38/><V55/><F113/><W1/><G32/><T112/><D4/><U47/><E70/><V8/><F110/><W26/><G126/><T59/><D127/><U69/><E69/><V51/><F36/><W53/><G26/><T13/><D112/><U54/><E91/><V24/><F99/><W100/><G18/><T63/><D34/><U105/><E105/><V125/><F125/><W9/><G9/><T79/><D33/><U56/><E56/><V93/><F106/><W72/><G72/><T80/><D30/><U118/><E118/><V86/><F86/><W73/><G73/><T124/><D77/><U119/><E119/><V12/><F60/><W98/><G98/><T31/><D31/><U130/><E130/><V50/><F68/><W64/><G53/><T75/><D75/><U7/><E35/><V116/><F116/><W114/><G114/><T121/><D121/><U108/><E108/><V67/><F67/><W45/><REACH who="3" step="1"/><G37/><REACH who="3" ten="305,322,115,248" step="2"/><T89/><D124/><U120/><E120/><V95/><F11/><W94/><AGARI ba="1,1" hai="0,1,3,45,46,64,65,66,83,84,88,94,97,100" machi="94" ten="40,12000,2" yaku="1,1,2,1,0,1,52,2,54,1,53,0" doraHai="43" doraHaiUra="44" who="3" fromWho="3" sc="305,-31,322,-31,115,-61,248,133" /><INIT seed="7,0,0,1,4,41" ten="274,291,54,381" oya="3" hai0="77,97,112,88,26,116,49,36,5,34,39,108,18" hai1="23,96,32,101,19,76,122,3,40,70,114,134,78" hai2="12,31,28,65,58,66,121,99,132,95,131,25,11" hai3="17,30,29,105,15,71,113,128,111,91,60,4,130"/><W46/><G105/><T86/><D108/><U100/><E32/><V48/><F132/><W53/><G91/><T35/><D116/><U80/><E122/><V98/><F131/><W127/><G127/><T129/><D129/><U10/><E70/><V37/><F37/><W74/><G74/><T54/><D112/><U72/><E134/><V133/><F133/><W27/><G113/><T125/><D125/><U117/><E114/><V123/><F123/><W83/><G83/><T57/><D5/><U89/><E117/><V55/><F121/><W47/><G4/><T38/><D77/><U82/><E10/><V33/><F31/><N who="3" m="11787" /><G71/><T109/><D109/><U85/><E3/><V110/><F110/><W42/><G27/><T124/><D124/><U87/><E19/><V104/><F104/><W2/><G17/><T81/><REACH who="0" step="1"/><D97/><REACH who="0" ten="264,291,54,381" step="2"/><U102/><E23/><AGARI ba="0,1" hai="18,23,26,34,35,36,38,39,49,54,57,81,86,88" machi="23" ten="40,12000,2" yaku="1,1,2,1,54,1,53,3" doraHai="41" doraHaiUra="68" who="0" fromWho="1" sc="264,130,291,-120,54,0,381,0" owari="394,50.0,171,-23.0,54,-45.0,381,18.0" /></mjloggm>