<mjloggm ver="2.3"><GO type="169" lobby="0"/><UN n0="%61%71%75%61%72%69%75%73" n1="%E5%B0%B1%E6%B4%BB%E7%94%9F%40%E5%B7%9D%E6%9D%91%E8%BB%8D%E5%9B%A3" n2="%E6%9D%8E%E7%A9%8E%E8%97%8D" n3="%33%31%6A%69%6E" dan="16,18,19,17" rate="2107.91,2188.74,2272.70,2184.90" sx="M,M,M,F"/><TAIKYOKU oya="0"/><INIT seed="0,0,0,2,0,86" ten="250,250,250,250" oya="0" hai0="116,112,127,36,122,35,3,92,74,53,125,34,45" hai1="31,26,130,79,32,104,85,10,132,82,105,41,42" hai2="81,124,99,56,14,128,18,57,123,9,97,13,76" hai3="88,44,66,121,75,51,80,29,50,91,52,22,6"/><T47/><D116/><U40/><E130/><V48/><F123/><W21/><G6/><T30/><D112/><U120/><E120/><V5/><F128/><W19/><G66/><T135/><D122/><U7/><REACH who="1" step="1"/><E132/><REACH who="1" ten="250,240,250,250" step="2"/><V4/><F124/><W100/><G121/><T134/><D127/><U28/><E28/><V84/><F5/><W27/><G100/><T24/><D30/><U54/><E54/><N who="2" m="31815" /><F57/><N who="3" m="32919" /><G75/><T65/><D53/><U95/><E95/><V83/><F81/><W114/><G80/><T16/><D92/><U108/><E108/><V68/><F68/><W119/><G119/><T70/><D74/><U61/><E61/><V87/><F87/><W69/><G114/><T8/><D125/><U15/><AGARI ba="0,1" hai="7,10,15,26,31,32,40,41,42,79,82,85,104,105" machi="15" ten="30,2000,0" yaku="1,1,0,1,53,0" doraHai="86" doraHaiUra="58" who="1" fromWho="1" sc="250,-10,240,30,250,-5,250,-5" /><INIT seed="1,0,0,4,3,64" ten="240,270,245,245" oya="1" hai0="22,117,51,33,99,19,130,74,108,103,39,48,54" hai1="114,87,78,73,100,67,105,68,7,27,129,17,121" hai2="79,26,127,20,113,88,1,131,118,83,32,134,111" hai3="75,120,133,2,125,53,69,92,36,30,61,35,6"/><U4/><E73/><V60/><F118/><W58/><G120/><T89/><D117/><U23/><E114/><V3/><F113/><W128/><G128/><T96/><D74/><U46/><E129/><V56/><F32/><W123/><G123/><T90/><D39/><U72/><E72/><V104/><F104/><W106/><G75/><T63/><D33/><U81/><E121/><V124/><F79/><W38/><G106/><T101/><D63/><U40/><E100/><V13/><F13/><W37/><G125/><N who="2" m="48201" /><F111/><W62/><G133/><T135/><D108/><U91/><E105/><V24/><F134/><W9/><G92/><N who="0" m="56343" /><D135/><U132/><E132/><V29/><F26/><W49/><REACH who="3" step="1"/><G69/><REACH who="3" ten="240,270,245,235" step="2"/><T8/><D130/><U80/><E68/><V122/><F131/><W21/><G21/><T94/><D8/><U44/><E80/><V50/><F122/><W107/><G107/><T28/><D28/><U119/><E119/><V98/><F83/><W84/><G84/><T55/><D22/><U70/><E78/><V95/><F29/><W126/><G126/><T115/><D115/><U43/><E70/><V85/><F85/><W116/><G116/><T112/><D112/><U59/><E87/><V76/><F76/><W10/><G10/><T0/><D99/><U82/><E81/><V109/><F109/><W65/><G65/><T11/><D94/><U42/><E82/><V97/><F98/><W102/><G102/><T5/><D89/><U47/><E91/><V16/><F88/><W25/><AGARI ba="0,1" hai="2,6,9,25,30,35,36,37,38,49,53,58,61,62" machi="25" ten="40,2700,0" yaku="1,1,0,1,53,0" doraHai="64" doraHaiUra="18" who="3" fromWho="3" sc="240,-7,270,-13,245,-7,235,37" /><INIT seed="2,0,0,3,5,58" ten="233,257,238,272" oya="2" hai0="30,111,47,42,66,56,60,134,84,112,7,118,19" hai1="26,79,115,71,114,121,37,95,125,90,126,116,74" hai2="83,50,25,106,77,65,132,103,80,2,102,20,53" hai3="6,5,67,14,81,99,110,10,89,92,88,21,113"/><V127/><F2/><W16/><G110/><T78/><D112/><N who="1" m="43051" /><E37/><V40/><F40/><W75/><G113/><T107/><D111/><U46/><E46/><V55/><F65/><W91/><G67/><T61/><D134/><U4/><E4/><V63/><F132/><W129/><G129/><T59/><D107/><U33/><E71/><V93/><F106/><W72/><G6/><T0/><D118/><U117/><E26/><V44/><F127/><N who="1" m="48649" /><E33/><V122/><F122/><W85/><REACH who="3" step="1"/><G91/><REACH who="3" ten="233,257,238,262" step="2"/><T123/><D7/><U49/><E121/><V62/><F103/><W73/><G73/><T120/><D123/><U41/><E79/><V27/><F77/><W43/><G43/><T29/><D120/><U8/><E74/><V52/><F102/><W11/><G11/><T96/><D0/><AGARI ba="0,1" hai="0,5,10,14,16,21,72,75,81,85,88,89,92,99" machi="0" ten="30,7700,0" yaku="1,1,7,1,54,2,53,0" doraHai="58" doraHaiUra="101" who="3" fromWho="0" sc="233,-77,257,0,238,0,262,87" /><INIT seed="3,0,0,4,0,67" ten="156,257,238,349" oya="3" hai0="111,35,121,94,33,101,97,88,114,48,38,32,77" hai1="91,5,28,0,108,118,89,7,133,39,99,71,86" hai2="34,51,56,125,17,64,43,1,14,112,104,123,73" hai3="126,45,109,16,130,95,129,27,12,85,93,92,116"/><W63/><G116/><T59/><D121/><U9/><E7/><V52/><F112/><W40/><G126/><T3/><D111/><U42/><E108/><V60/><F1/><W72/><G72/><T90/><D38/><U66/><E133/><V74/><F104/><W113/><G27/><T49/><D77/><U69/><E66/><V103/><F34/><W44/><G113/><T57/><D3/><U79/><E28/><V135/><F135/><W68/><G85/><T6/><D6/><U115/><E115/><V36/><F103/><W87/><G87/><T25/><D25/><U47/><E118/><V10/><F125/><W58/><G68/><T82/><D114/><U127/><E127/><V37/><F123/><W54/><G109/><T75/><D75/><U83/><REACH who="1" step="1"/><E99/><REACH who="1" ten="156,247,238,349" step="2"/><V26/><F64/><W11/><REACH who="3" step="1"/><G45/><REACH who="3" ten="156,247,238,339" step="2"/><T8/><D35/><U70/><AGARI ba="0,2" hai="0,5,9,39,42,47,69,70,71,79,83,86,89,91" machi="70" ten="30,12000,2" yaku="1,1,2,1,0,1,52,3,53,0" doraHai="67" doraHaiUra="128" who="1" fromWho="1" sc="156,-30,247,140,238,-30,339,-60" /><INIT seed="4,0,0,3,5,61" ten="126,387,208,279" oya="0" hai0="4,86,33,54,95,135,69,123,99,88,39,40,64" hai1="91,74,115,130,117,118,102,41,93,35,80,0,32" hai2="7,53,66,72,30,70,10,92,77,111,131,38,60" hai3="109,22,79,31,110,56,133,129,52,122,2,42,90"/><T126/><D123/><U119/><E0/><V96/><F111/><N who="3" m="42507" /><G79/><T71/><D33/><U128/><E41/><V55/><F38/><W132/><G2/><T9/><D135/><N who="3" m="51785" /><G122/><T57/><D126/><U121/><E121/><V68/><F68/><W127/><G42/><T25/><D25/><U101/><E35/><V106/><F106/><W65/><G65/><T83/><D64/><U81/><E32/><V24/><F77/><W94/><G129/><N who="1" m="49770" /><E115/><V103/><F131/><W87/><G127/><T89/><D40/><U85/><E74/><V100/><F72/><W27/><G52/><T67/><D39/><U58/><E58/><AGARI ba="0,0" hai="22,27,31,56,58,87,90,94" m="51785,42507" machi="58" ten="30,1000,0" yaku="20,1" doraHai="61" who="3" fromWho="1" sc="126,0,387,-10,208,0,279,10" /><INIT seed="5,0,0,3,4,107" ten="126,377,208,289" oya="1" hai0="28,16,89,120,91,13,70,29,81,3,76,26,14" hai1="108,42,95,104,127,118,1,27,116,37,49,78,133" hai2="12,97,83,96,23,18,103,20,74,34,0,113,135" hai3="77,7,67,52,21,41,2,30,36,98,22,48,124"/><U35/><E49/><V68/><F34/><W53/><G124/><T82/><D120/><U115/><E95/><V88/><F0/><W6/><G36/><T10/><D70/><U17/><E17/><V125/><F68/><W119/><G119/><T38/><D38/><U90/><E90/><V122/><F122/><W55/><G67/><T86/><D3/><U99/><E78/><V15/><F125/><W8/><G77/><T33/><D13/><U72/><E27/><V87/><F135/><W9/><G98/><T61/><D61/><U46/><E46/><V100/><F113/><W73/><G73/><T44/><D44/><U69/><E42/><V47/><F74/><W54/><G41/><T25/><REACH who="0" step="1"/><D82/><REACH who="0" ten="116,377,208,289" step="2"/><U65/><E69/><V59/><F47/><W62/><G62/><T43/><D43/><U39/><E37/><V80/><F80/><W79/><G30/><T66/><D66/><U64/><E39/><V132/><F132/><W134/><G134/><T60/><D60/><U114/><E65/><V11/><F59/><W32/><G48/><T117/><D117/><U84/><E64/><V123/><F123/><W111/><G2/><T51/><D51/><U19/><E1/><V45/><F45/><W5/><G53/><T93/><D93/><U94/><E94/><N who="2" m="58423" /><F15/><W112/><G55/><T129/><D129/><U102/><E116/><V128/><F128/><W56/><G54/><T40/><D40/><U110/><E118/><V92/><AGARI ba="0,1" hai="11,12,18,20,23,83,87,88,92,96,103" m="58423" machi="92" ten="30,2000,0" yaku="8,1,54,1" doraHai="107" who="2" fromWho="2" sc="116,-5,377,-10,208,30,289,-5" /><INIT seed="6,0,0,3,5,36" ten="111,367,238,284" oya="2" hai0="90,115,67,77,97,70,61,113,75,73,11,108,78" hai1="114,47,82,81,101,96,116,71,129,26,42,6,86" hai2="22,124,134,128,3,132,119,40,45,85,21,74,5" hai3="92,60,84,53,41,8,13,122,83,91,123,31,98"/><V121/><F121/><W20/><G31/><T52/><D108/><U68/><E116/><V95/><F119/><W18/><G41/><T14/><D78/><U54/><E54/><V112/><F74/><W125/><G125/><T135/><D135/><N who="2" m="51754" /><F112/><W1/><G1/><T102/><D90/><U133/><E114/><V72/><F72/><W0/><G0/><T48/><D115/><U63/><E133/><V105/><F105/><W4/><G53/><T88/><D77/><U49/><E129/><V12/><F3/><W32/><G32/><T118/><D113/><U10/><E26/><V24/><F128/><W50/><G60/><T25/><D25/><U59/><E96/><V7/><F124/><W56/><G83/><T120/><D120/><U117/><E117/><V62/><F62/><W65/><G98/><T80/><D102/><U109/><E109/><V79/><F12/><W76/><G123/><T16/><D97/><U2/><E101/><V66/><F66/><W15/><G65/><T110/><D110/><U9/><E9/><V100/><F100/><W27/><G122/><T30/><D30/><U34/><E34/><V17/><F22/><W103/><G103/><T89/><D118/><U104/><E104/><V57/><F79/><W29/><G76/><T111/><D111/><U55/><E81/><V94/><F94/><W39/><G13/><T64/><D64/><U106/><E106/><V130/><F130/><W19/><G39/><T35/><D35/><U43/><E82/><V33/><F33/><W51/><G51/><T93/><D75/><U46/><E2/><RYUUKYOKU ba="0,0" sc="111,-10,367,-10,238,-10,284,30" hai3="4,8,15,18,19,20,27,29,50,56,84,91,92" /><INIT seed="7,1,0,2,4,115" ten="101,357,228,314" oya="3" hai0="113,132,85,62,108,6,110,126,91,79,55,82,33" hai1="87,72,59,119,28,50,127,96,66,37,11,3,34" hai2="45,76,21,98,29,74,49,69,88,56,116,53,122" hai3="26,2,118,52,104,18,58,102,31,8,20,121,51"/><W75/><G121/><T134/><D62/><U95/><E37/><V5/><F69/><W117/><G75/><T60/><D60/><U71/><E72/><V22/><F116/><W106/><G2/><T35/><D6/><U68/><E34/><V32/><F32/><W93/><G93/><T9/><D9/><U30/><E68/><V46/><F5/><W103/><G104/><T80/><D55/><U109/><E71/><V77/><F122/><W114/><G114/><T130/><D35/><U57/><E109/><V4/><F4/><W15/><REACH who="3" step="1"/><G106/><REACH who="3" ten="101,357,228,304" step="2"/><T111/><D33/><U1/><E95/><V133/><F74/><W24/><G24/><T90/><D113/><U86/><E127/><V41/><F133/><W25/><G25/><T39/><D39/><U61/><E1/><V27/><F27/><W14/><G14/><T67/><D67/><U65/><E3/><V13/><F13/><W125/><G125/><T135/><D126/><U36/><E66/><V78/><F29/><W70/><G70/><T0/><D0/><U16/><E30/><V73/><F73/><W120/><G120/><T64/><D64/><U43/><E28/><V17/><F17/><W19/><G19/><T84/><REACH who="0" step="1"/><D130/><REACH who="0" ten="91,357,228,304" step="2"/><U129/><E65/><V23/><F53/><W42/><G42/><T47/><D47/><U131/><E131/><V128/><F128/><W48/><G48/><T92/><D92/><U81/><E129/><V40/><F46/><W100/><AGARI ba="1,2" hai="8,15,18,20,26,31,51,52,58,100,102,103,117,118" machi="100" ten="30,18000,2" yaku="1,1,0,1,52,2,54,1,53,1" doraHai="115" doraHaiUra="54" who="3" fromWho="3" sc="91,-61,357,-61,228,-61,304,203" owari="30,-47.0,296,10.0,167,-23.0,507,60.0" /></mjloggm>