<mjloggm ver="2.3"><GO type="169" lobby="0"/><UN n0="%E3%82%A6%E3%83%AB%E3%83%88%E3%83%A9%E7%AB%8B%E7%9B%B4" n1="%E6%9D%BE%E5%B1%8B%E3%81%8A%E3%81%98%E3%81%95%E3%82%93" n2="%6E%61%6B%61%6A%75%75%6E" n3="%58%E7%8C%AB" dan="18,16,17,16" rate="2190.61,2084.69,2202.38,2091.75" sx="M,M,M,M"/><TAIKYOKU oya="0"/><INIT seed="0,0,0,4,3,33" ten="250,250,250,250" oya="0" hai0="74,108,36,21,66,40,5,70,44,73,103,18,0" hai1="65,4,135,28,121,61,41,42,12,64,29,75,19" hai2="130,78,126,14,131,134,63,82,52,133,57,92,13" hai3="23,11,101,45,102,76,32,120,3,93,9,51,30"/><T117/><D117/><U27/><E75/><V49/><F92/><W129/><G32/><T24/><D108/><U98/><E121/><V109/><F109/><W96/><G120/><T132/><D132/><N who="2" m="50794" /><F63/><W15/><G129/><N who="2" m="49161" /><F126/><W87/><G3/><T35/><D103/><U122/><E122/><V34/><F34/><W2/><G2/><T88/><D35/><U116/><E116/><V84/><AGARI ba="0,0" hai="13,14,49,52,57,78,82,84" m="49161,50794" machi="84" ten="30,4000,0" yaku="20,1,19,1,54,1" doraHai="33" who="2" fromWho="2" sc="250,-20,250,-10,250,40,250,-10" /><INIT seed="1,0,0,1,4,44" ten="230,240,290,240" oya="1" hai0="6,36,69,11,117,88,123,84,124,93,31,54,75" hai1="68,35,16,8,82,97,112,85,115,58,41,91,119" hai2="12,64,79,113,65,74,134,7,42,9,17,135,99" hai3="120,23,4,14,61,103,86,133,73,121,108,131,18"/><U55/><E119/><V22/><F113/><W5/><G73/><T125/><D117/><U33/><E68/><V2/><F42/><W72/><G72/><T67/><D75/><U70/><E70/><V48/><F48/><W63/><G103/><T118/><D118/><U40/><E35/><V111/><F111/><W127/><G86/><T81/><D123/><U89/><E33/><V66/><F99/><W101/><G101/><T53/><D36/><U122/><E122/><V50/><F50/><W34/><G34/><T87/><D31/><U39/><E39/><V110/><F110/><W13/><G108/><T1/><D67/><U80/><E112/><V98/><F98/><W29/><G29/><T26/><D26/><U46/><E46/><V92/><F92/><W95/><G95/><T106/><D106/><U100/><E115/><V104/><F104/><W21/><G133/><N who="2" m="50697" /><F74/><W105/><G105/><T47/><D69/><U60/><E100/><V45/><F45/><W78/><G78/><AGARI ba="0,0" hai="2,7,9,12,17,22,64,65,66,78,79" m="50697" machi="78" ten="30,1000,0" yaku="20,1" doraHai="44" who="2" fromWho="3" sc="230,0,240,0,290,10,240,-10" /><INIT seed="2,0,0,4,1,85" ten="230,240,300,230" oya="2" hai0="10,95,39,96,27,86,32,84,4,34,40,104,75" hai1="76,82,33,45,23,123,55,15,16,64,99,117,12" hai2="130,36,22,135,132,57,37,28,67,49,51,19,118" hai3="87,65,78,107,31,52,8,43,115,70,0,89,68"/><V113/><F28/><W121/><G121/><T58/><D75/><U20/><E33/><V29/><F29/><W131/><G107/><T122/><D104/><U48/><E117/><V47/><F118/><W72/><G31/><T83/><D122/><U124/><E124/><V129/><F113/><W106/><G106/><T90/><D84/><U126/><E126/><V97/><F97/><W112/><G43/><T105/><D105/><U109/><E109/><V62/><F19/><W50/><G78/><T69/><D69/><U127/><E127/><V94/><F94/><N who="3" m="54591" /><G72/><T114/><D58/><U125/><E125/><V134/><F22/><W25/><G25/><T79/><D27/><U44/><E64/><V119/><F119/><W53/><G65/><T3/><REACH who="0" step="1"/><D114/><REACH who="0" ten="220,240,300,230" step="2"/><N who="3" m="43561" /><G131/><N who="2" m="50185" /><F51/><W102/><G102/><T98/><D98/><U46/><E99/><V5/><F5/><N who="3" m="1063" /><G50/><T88/><D88/><U80/><E123/><V11/><F11/><W128/><G128/><T92/><D92/><U101/><E101/><V120/><F120/><W42/><G42/><AGARI ba="0,1" hai="36,37,42,47,49,57,62,67,132,134,135" m="50185" machi="42" ten="40,12000,1" yaku="20,1,19,1,34,2" doraHai="85" who="2" fromWho="3" sc="220,0,240,0,300,130,230,-120" /><INIT seed="2,1,0,2,5,42" ten="220,240,430,110" oya="2" hai0="121,134,123,55,81,17,94,73,92,133,68,93,126" hai1="103,13,15,113,35,77,12,53,115,78,110,49,98" hai2="29,99,62,118,105,80,60,57,89,70,39,38,20" hai3="86,130,22,66,33,3,24,9,26,43,45,64,131"/><V104/><F118/><W47/><G33/><T7/><D68/><U1/><E1/><V91/><F70/><W107/><G107/><T135/><D7/><U95/><E35/><V54/><F62/><W28/><G86/><T100/><D17/><U129/><E110/><V27/><F104/><W117/><G117/><T23/><D23/><U109/><E109/><V125/><F125/><W5/><G26/><T61/><D61/><U120/><E129/><N who="3" m="49162" /><G43/><T116/><D55/><U127/><E127/><V11/><F11/><W108/><G108/><T96/><D116/><U67/><E67/><AGARI ba="1,0" hai="3,5,9,22,24,28,45,47,64,66,67" m="49162" machi="67" ten="30,3900,0" yaku="19,1,52,2" doraHai="42" who="3" fromWho="1" sc="220,0,240,-42,430,0,110,42" /><INIT seed="3,0,0,3,2,17" ten="220,198,430,152" oya="3" hai0="13,135,31,102,54,121,11,21,84,73,129,134,33" hai1="45,39,42,52,106,26,86,90,107,25,57,82,112" hai2="120,77,47,79,104,1,60,75,30,71,118,131,89" hai3="133,91,119,34,113,44,132,5,35,67,115,128,20"/><W32/><G67/><T40/><D73/><U124/><E112/><N who="3" m="43082" /><G44/><T51/><D40/><U63/><REACH who="1" step="1"/><E124/><REACH who="1" ten="220,188,430,152" step="2"/><V80/><F120/><W93/><G119/><T117/><D121/><U61/><E61/><V43/><F60/><W103/><G128/><T27/><D129/><U105/><AGARI ba="0,1" hai="25,26,39,42,45,52,57,63,82,86,90,105,106,107" machi="105" ten="30,7900,0" yaku="1,1,0,1,54,1,53,1" doraHai="17" doraHaiUra="49" who="1" fromWho="1" sc="220,-20,188,89,430,-20,152,-39" /><INIT seed="4,0,0,4,2,13" ten="200,277,410,113" oya="0" hai0="76,16,68,20,58,27,36,28,48,86,77,19,55" hai1="9,21,42,37,23,114,31,57,49,122,65,72,115" hai2="43,85,54,106,1,32,123,98,0,91,40,7,45" hai3="73,84,25,131,50,116,89,46,104,5,3,33,102"/><T18/><D68/><U97/><E122/><V59/><F32/><W61/><G116/><T10/><D36/><U62/><E72/><V14/><F123/><W52/><G73/><T119/><D119/><U110/><E110/><V120/><F120/><W70/><G131/><T92/><D10/><U135/><E135/><V53/><F40/><W128/><G128/><T124/><D124/><U88/><E37/><V81/><F54/><W133/><G133/><T112/><D112/><N who="1" m="43051" /><E9/><V132/><F7/><W29/><G3/><T101/><D86/><U109/><E109/><V24/><F24/><W78/><G78/><T34/><D34/><U66/><E66/><V30/><F30/><W105/><G5/><T121/><D121/><U90/><E97/><AGARI ba="0,0" hai="16,18,19,20,27,28,48,55,58,76,77,92,97,101" machi="97" ten="40,12000,1" yaku="8,1,52,3,54,1" doraHai="13" who="0" fromWho="1" sc="200,120,277,-120,410,0,113,0" /><INIT seed="4,1,0,0,4,134" ten="320,157,410,113" oya="0" hai0="70,29,5,79,20,90,117,95,63,0,113,82,102" hai1="65,50,58,33,45,28,52,129,36,37,44,103,67" hai2="107,78,101,48,71,41,56,12,73,21,43,124,72" hai3="135,125,1,99,19,85,111,76,94,10,42,84,32"/><T112/><D117/><U30/><E103/><V35/><F35/><W46/><G111/><T123/><D123/><U133/><E33/><V22/><F71/><W110/><G32/><T24/><D102/><U92/><E92/><V62/><F78/><W3/><G110/><T40/><D40/><U16/><E16/><V51/><F101/><W128/><G99/><T38/><D38/><N who="1" m="14955" /><E28/><V114/><F114/><W25/><G94/><T127/><D5/><U116/><E30/><V66/><F12/><W118/><G42/><T54/><D0/><U4/><E4/><V97/><F97/><W105/><G46/><N who="1" m="18026" /><E116/><V75/><F107/><W17/><G118/><T83/><D83/><U81/><E81/><V130/><F72/><W18/><G76/><T53/><D79/><U100/><E100/><V109/><F73/><W7/><G105/><T2/><D82/><U57/><E133/><V98/><F98/><W89/><G135/><T14/><D2/><U49/><E129/><V8/><F75/><W77/><G128/><T59/><D14/><U23/><E23/><V126/><F130/><W104/><G104/><T119/><D119/><U87/><E87/><N who="3" m="33354" /><G77/><T34/><D34/><U6/><E6/><V55/><F8/><W86/><G3/><T122/><D95/><U121/><E121/><V88/><F109/><W91/><G25/><T60/><D122/><U106/><E106/><V27/><F22/><W93/><G91/><T131/><D90/><U13/><E13/><V15/><F15/><W132/><G132/><T96/><D131/><U74/><E74/><V108/><F108/><RYUUKYOKU ba="1,0" sc="320,-15,157,15,410,-15,113,15" hai1="49,50,52,57,58,65,67" hai3="1,7,10,17,18,19,86,89,93,125" /><INIT seed="5,2,0,4,3,15" ten="305,172,395,128" oya="1" hai0="131,13,2,48,21,84,134,98,103,105,11,54,38" hai1="90,25,37,77,94,78,56,7,62,125,6,59,75" hai2="35,4,69,122,112,3,95,71,128,20,30,32,44" hai3="91,0,55,113,63,47,17,73,41,33,127,39,81"/><U23/><E125/><V123/><F44/><W52/><G33/><T34/><D34/><U80/><E37/><V61/><F61/><W115/><G0/><T58/><D131/><U83/><E94/><V53/><F53/><W49/><G127/><T65/><D134/><U57/><E90/><V119/><F95/><W45/><G73/><T40/><D65/><U50/><E50/><V126/><F71/><W66/><G81/><T76/><D2/><U70/><E70/><V132/><F20/><W29/><G29/><T68/><D68/><U19/><REACH who="1" step="1"/><E62/><REACH who="1" ten="305,162,395,128" step="2"/><V72/><F122/><W18/><G91/><T101/><D38/><U104/><E104/><V96/><F123/><W135/><G135/><T106/><D48/><U109/><E109/><V100/><F126/><W120/><G120/><T5/><D106/><U42/><E42/><V28/><F69/><N who="3" m="42207" /><G55/><T16/><D40/><U118/><E118/><V46/><F119/><W114/><AGARI ba="2,1" hai="17,18,39,41,45,47,49,52,113,114,115" m="42207" machi="114" ten="30,7900,0" yaku="15,1,52,2,54,1" doraHai="15" who="3" fromWho="3" sc="305,-22,162,-41,395,-22,128,95" /><INIT seed="6,0,0,4,2,127" ten="283,121,373,223" oya="2" hai0="2,106,102,5,21,43,125,131,114,121,3,135,39" hai1="19,73,108,24,45,46,76,52,87,116,82,22,128" hai2="25,42,34,110,41,12,58,129,68,4,124,100,57" hai3="56,117,61,35,9,120,91,55,104,80,85,0,77"/><V20/><F68/><W1/><G120/><T90/><D90/><U13/><E108/><V63/><F110/><W69/><G117/><T88/><D88/><U6/><E116/><V44/><F124/><W111/><G111/><T89/><D89/><U112/><E112/><V113/><F113/><W60/><G35/><T122/><D21/><U74/><E128/><V31/><F129/><W28/><G28/><T33/><D102/><U119/><E119/><V75/><F75/><W65/><G104/><T70/><D43/><U62/><E74/><V78/><F78/><W83/><REACH who="3" step="1"/><G9/><REACH who="3" ten="283,121,373,213" step="2"/><T109/><D122/><U99/><E99/><V50/><F34/><W84/><AGARI ba="0,1" hai="0,1,55,56,60,61,65,69,77,80,83,84,85,91" machi="84" ten="20,12000,2" yaku="1,1,2,1,0,1,7,1,53,2" doraHai="127" doraHaiUra="81" who="3" fromWho="3" sc="283,-30,121,-30,373,-60,213,130" /><INIT seed="7,0,0,3,0,94" ten="253,91,313,343" oya="3" hai0="39,123,118,70,44,134,80,69,111,131,36,72,45" hai1="100,34,58,6,33,103,35,51,101,47,121,17,43" hai2="84,91,9,102,95,64,135,99,113,71,79,54,23" hai3="61,24,112,130,81,108,105,115,128,3,88,2,63"/><W107/><G24/><T18/><D18/><U32/><N who="1" m="8704" /><DORA hai="78" /><U77/><E121/><V14/><F113/><W37/><G37/><T92/><D92/><U56/><E17/><V98/><F135/><W89/><G81/><T25/><D25/><U16/><E16/><N who="2" m="8271" /><F71/><W127/><G127/><T129/><D72/><U90/><E77/><V1/><F1/><W66/><G66/><T48/><D80/><U120/><E120/><V85/><F64/><W76/><G76/><T38/><D123/><U114/><E114/><V83/><F102/><W119/><G119/><T28/><D28/><U0/><E90/><V57/><F23/><W30/><G30/><T110/><D118/><U42/><E51/><AGARI ba="0,0" hai="51,54,57,79,83,84,85,91,95,98,99" m="8271" machi="51" ten="30,8000,1" yaku="8,1,52,3,54,1" doraHai="94,78" who="2" fromWho="1" sc="253,0,91,-80,313,80,343,0" owari="253,-15.0,11,-49.0,393,50.0,343,14.0" /></mjloggm>