<mjloggm ver="2.3"><GO type="169" lobby="0"/><UN n0="%E6%9D%BE%E5%B1%8B%E3%81%8A%E3%81%98%E3%81%95%E3%82%93" n1="%E3%83%8B%E3%83%A3%E3%83%83%E3%83%94%E3%83%BC%E5%A4%8F%E7%9B%AE" n2="%E3%82%AB%E3%83%96%E3%83%88" n3="%E5%B0%B1%E6%B4%BB%E7%94%9F%40%E5%B7%9D%E6%9D%91%E8%BB%8D%E5%9B%A3" dan="16,16,18,16" rate="2130.84,2139.61,2173.98,2145.33" sx="M,M,M,M"/><TAIKYOKU oya="0"/><INIT seed="0,0,0,5,1,24" ten="250,250,250,250" oya="0" hai0="26,56,27,48,81,55,62,93,43,58,98,99,3" hai1="13,86,110,130,104,61,85,76,82,134,66,89,70" hai2="90,67,112,52,34,108,105,36,91,109,65,69,117" hai3="45,100,60,101,12,88,11,16,113,97,68,30,50"/><T20/><D3/><U122/><E110/><N who="2" m="42603" /><F112/><W121/><G113/><T7/><D7/><U8/><E130/><V92/><F105/><W80/><G121/><T64/><D43/><U116/><E134/><V133/><F133/><W9/><G9/><T44/><D27/><U74/><E104/><V28/><F36/><W135/><G135/><T72/><D72/><U15/><E122/><V18/><F18/><W22/><G60/><T25/><D25/><U107/><E107/><V63/><F67/><W57/><G57/><T84/><D44/><U77/><E116/><V46/><F117/><W37/><G37/><T106/><D93/><U51/><E74/><V118/><F118/><W87/><G68/><T4/><D4/><U40/><E76/><V79/><F79/><W23/><G30/><N who="0" m="17735" /><D106/><U124/><E124/><V2/><F2/><W35/><G35/><T21/><D21/><N who="3" m="7689" /><G97/><T132/><D132/><U0/><E0/><V6/><F6/><W71/><G71/><T53/><D64/><U95/><E8/><V102/><F34/><W14/><G14/><T5/><D5/><U17/><E17/><V123/><F123/><W127/><G127/><T42/><D42/><AGARI ba="0,0" hai="11,12,16,42,45,50,80,87,88,100,101" m="7689" machi="42" ten="30,3900,0" yaku="8,1,54,2" doraHai="24" who="3" fromWho="0" sc="250,-39,250,0,250,0,250,39" /><INIT seed="1,0,0,0,5,114" ten="211,250,250,289" oya="1" hai0="3,40,125,6,67,23,126,5,119,108,96,46,100" hai1="55,50,14,57,123,35,121,31,79,12,39,129,20" hai2="128,10,41,106,98,110,85,44,29,109,49,111,51" hai3="76,105,58,22,80,13,1,130,18,122,11,25,99"/><U134/><E39/><V115/><F115/><W107/><G122/><T0/><D67/><U90/><E129/><V113/><F113/><W68/><G68/><T8/><D108/><U82/><E134/><V63/><F128/><W19/><G130/><T112/><D112/><U81/><E35/><V15/><F29/><W32/><G32/><T74/><D74/><U89/><E123/><V30/><F30/><W24/><G1/><T66/><D66/><U86/><E121/><V56/><F85/><W27/><G58/><T75/><D75/><U77/><E31/><V83/><F83/><W73/><G99/><T4/><D23/><U53/><E53/><N who="2" m="34191" /><F106/><W71/><G71/><T16/><D119/><U45/><E57/><V21/><F21/><W116/><G116/><T91/><D91/><U54/><E54/><V2/><F98/><W117/><G117/><T28/><D28/><U127/><E127/><N who="0" m="48649" /><D16/><U7/><E12/><V84/><F2/><W36/><G36/><N who="0" m="21767" /><D3/><U87/><REACH who="1" step="1"/><E20/><REACH who="1" ten="211,240,250,289" step="2"/><V118/><F118/><W133/><G133/><T104/><AGARI ba="0,1" hai="0,4,5,6,8,96,100,104" m="21767,48649" machi="104" ten="30,1100,0" yaku="18,1" doraHai="114" who="0" fromWho="0" sc="211,21,240,-5,250,-3,289,-3" /><INIT seed="2,0,0,2,3,96" ten="232,235,247,286" oya="2" hai0="73,12,8,17,63,113,131,9,116,97,133,115,26" hai1="1,37,124,95,50,86,3,69,100,92,25,107,33" hai2="94,79,59,71,19,105,118,109,15,7,42,55,22" hai3="106,117,111,60,132,72,36,78,48,122,13,52,14"/><V43/><F118/><W85/><G36/><T30/><D73/><U108/><E37/><V0/><F105/><W89/><G117/><T11/><D116/><U83/><E108/><V82/><F71/><W130/><G122/><T16/><D63/><U126/><E69/><V90/><F109/><W64/><G106/><T103/><D133/><U65/><E65/><V129/><F129/><W38/><G38/><T28/><D131/><U128/><E128/><V61/><F0/><W10/><G132/><T68/><D68/><U29/><E107/><V57/><F7/><W88/><G72/><T58/><D58/><U23/><E33/><V41/><F59/><N who="3" m="36895" /><G130/><T24/><D97/><N who="1" m="59431" /><E95/><V114/><F114/><N who="0" m="43530" /><D103/><U18/><E50/><V120/><F120/><W119/><G119/><T134/><D134/><U135/><E18/><N who="0" m="7273" /><D12/><N who="3" m="4713" /><G10/><T44/><D44/><U75/><E75/><V32/><F32/><W51/><G51/><T35/><D35/><U98/><E135/><V110/><F110/><W49/><G49/><T2/><D2/><U5/><E1/><V104/><F104/><W74/><G74/><T99/><D99/><U45/><E98/><V101/><F101/><W80/><G111/><T67/><D67/><U127/><E45/><AGARI ba="0,0" hai="45,48,52,78,80,85,88,89" m="4713,36895" machi="45" ten="30,3900,0" yaku="8,1,54,2" doraHai="96" who="3" fromWho="1" sc="232,0,235,-39,247,0,286,39" /><INIT seed="3,0,0,2,4,9" ten="232,196,247,325" oya="3" hai0="107,96,90,4,135,79,6,1,105,22,69,58,86" hai1="114,127,115,125,102,7,17,56,20,73,0,59,5" hai2="116,3,32,130,92,38,91,82,11,111,42,71,72" hai3="120,84,33,64,63,28,109,34,10,53,41,47,123"/><W106/><G106/><T67/><D69/><U121/><E102/><V50/><F50/><W88/><G109/><T78/><D1/><U62/><E73/><V52/><F52/><W103/><G103/><T89/><D22/><U85/><E85/><V16/><F16/><W100/><G100/><T70/><D70/><U66/><E121/><V8/><F8/><W26/><G34/><T24/><D24/><U131/><E131/><V93/><F91/><W77/><G77/><T37/><D37/><U112/><E56/><V132/><F82/><W51/><G10/><T45/><D45/><U110/><E110/><V104/><F11/><W124/><G124/><N who="1" m="47690" /><E0/><V68/><F42/><W97/><G97/><T94/><D86/><U134/><E134/><V25/><F25/><AGARI ba="0,0" hai="5,7,17,20,25,59,62,66,112,114,115" m="47690" machi="25" ten="40,1300,0" yaku="18,1" doraHai="9" who="1" fromWho="2" sc="232,0,196,13,247,-13,325,0" /><INIT seed="4,0,0,0,3,111" ten="232,209,234,325" oya="0" hai0="27,33,53,55,54,116,52,2,101,31,11,26,107" hai1="62,127,57,19,102,134,79,125,105,58,123,60,22" hai2="117,119,6,42,71,65,126,45,67,93,70,51,69" hai3="75,88,39,94,130,14,17,61,81,43,20,82,86"/><T40/><D116/><N who="2" m="44618" /><F6/><W36/><G130/><T10/><D40/><U1/><E1/><V74/><F74/><W135/><G135/><T112/><D112/><U23/><E79/><V106/><F93/><W15/><G75/><T87/><D26/><U108/><E108/><V50/><F106/><W44/><G36/><T80/><N who="0" m="13824" /><DORA hai="114" /><T84/><D87/><U103/><E105/><V128/><F128/><W64/><REACH who="3" step="1"/><G14/><REACH who="3" ten="232,209,234,315" step="2"/><T131/><D131/><U24/><E134/><V56/><F126/><W97/><G97/><T4/><D2/><U76/><E125/><V90/><F90/><W38/><G38/><T92/><D4/><U32/><E127/><V72/><F72/><W120/><G120/><T96/><REACH who="0" step="1"/><D107/><REACH who="0" ten="222,209,234,315" step="2"/><U66/><E123/><V100/><F100/><W124/><G124/><T16/><D16/><U68/><E103/><V0/><F0/><W83/><G83/><T63/><D63/><U48/><E102/><V109/><F109/><W18/><G18/><T95/><D95/><U98/><E19/><V41/><F41/><W29/><G29/><T9/><D9/><U122/><E62/><N who="2" m="38087" /><F51/><W28/><G28/><T77/><AGARI ba="0,2" hai="10,11,27,31,33,77,80,84,92,96,101" m="13824" machi="77" ten="40,12000,1" yaku="1,1,0,1,54,1,53,2" doraHai="111,114" doraHaiUra="5,37" who="0" fromWho="0" sc="222,140,209,-40,234,-40,315,-40" /><INIT seed="4,1,0,1,2,105" ten="362,169,194,275" oya="0" hai0="123,104,128,29,122,93,82,30,84,8,65,13,61" hai1="108,66,28,53,14,85,57,49,91,109,124,38,70" hai2="20,4,27,17,126,40,51,98,129,16,2,116,63" hai3="11,6,58,130,19,88,135,44,119,134,35,42,46"/><T1/><D104/><U92/><E124/><V111/><F111/><W125/><G35/><T90/><D1/><U103/><E38/><V96/><F126/><W12/><G119/><T112/><D112/><U31/><E103/><V9/><F116/><W101/><G101/><T15/><D128/><U50/><E50/><V34/><F129/><W110/><G110/><T72/><D122/><U127/><E127/><V76/><F34/><W24/><G130/><T78/><D123/><U74/><E74/><V107/><F76/><W26/><G58/><T106/><D106/><U39/><E39/><V43/><F63/><W32/><G32/><T25/><D25/><U23/><E109/><V94/><F107/><W62/><G62/><T115/><D115/><U60/><REACH who="1" step="1"/><E108/><REACH who="1" ten="362,159,194,275" step="2"/><V132/><F51/><W83/><G125/><T68/><REACH who="0" step="1"/><D15/><REACH who="0" ten="352,159,194,275" step="2"/><U89/><E89/><V21/><F2/><W120/><G88/><T67/><D67/><U10/><E10/><V33/><F9/><W118/><G12/><T55/><D55/><U47/><E47/><V87/><F40/><W81/><G11/><T121/><D121/><U73/><E73/><V77/><F43/><W45/><G45/><T56/><D56/><U114/><E114/><V95/><F27/><W22/><G42/><T102/><D102/><U59/><E59/><V75/><F75/><W133/><G26/><T71/><D71/><U64/><E64/><V18/><F132/><W36/><G133/><T48/><D48/><U100/><E100/><V54/><F54/><W5/><G134/><T41/><D41/><U99/><E99/><RYUUKYOKU ba="1,2" sc="352,15,159,15,194,-15,275,-15" hai0="8,13,29,30,61,65,68,72,78,82,84,90,93" hai1="14,23,28,31,49,53,57,60,66,70,85,91,92" /><INIT seed="4,2,2,3,5,37" ten="367,174,179,260" oya="0" hai0="76,119,35,22,109,80,26,7,8,118,40,15,133" hai1="34,92,127,128,117,103,94,44,18,129,95,19,13" hai2="5,14,23,54,64,104,56,9,112,105,49,51,108" hai3="130,48,89,30,86,45,68,101,71,113,78,77,59"/><T63/><D133/><U11/><E117/><V67/><F108/><W135/><G135/><T75/><D109/><U52/><E127/><V73/><F73/><W20/><G113/><T87/><D35/><U102/><E34/><V10/><F112/><W38/><G38/><T110/><D110/><U53/><E19/><V81/><F23/><W65/><G130/><N who="1" m="50282" /><E44/><V36/><F36/><W39/><G39/><T100/><D100/><AGARI ba="2,2" hai="11,13,18,52,53,92,94,95,100,102,103" m="50282" machi="100" ten="30,2000,0" yaku="19,1,54,1" doraHai="37" who="1" fromWho="0" sc="367,-26,174,46,179,0,260,0" /><INIT seed="5,0,0,4,4,24" ten="341,220,179,260" oya="1" hai0="62,111,2,10,67,126,6,79,97,48,8,47,109" hai1="42,133,74,22,54,100,98,69,0,95,108,46,112" hai2="123,130,41,7,1,26,118,12,91,19,39,64,122" hai3="49,85,76,25,107,93,117,131,68,82,90,57,134"/><U30/><E0/><V9/><F118/><W35/><G68/><T59/><D126/><U13/><E74/><V28/><F130/><W88/><G107/><T106/><D79/><U99/><E69/><V71/><F91/><W75/><G117/><T44/><D44/><U104/><E112/><V51/><F39/><W31/><G131/><T38/><D38/><U20/><E133/><V92/><F92/><W3/><G3/><T87/><D87/><U132/><E132/><V102/><F102/><W66/><G134/><T114/><D114/><U101/><E108/><V86/><F86/><W58/><G66/><T120/><D120/><U129/><E129/><V5/><F41/><W17/><G17/><T73/><D73/><U33/><E54/><V127/><F127/><W96/><REACH who="3" step="1"/><G49/><REACH who="3" ten="341,220,179,250" step="2"/><T116/><D116/><U70/><E70/><V65/><F51/><W110/><G110/><T128/><D128/><U84/><E104/><V80/><F71/><W29/><G29/><T16/><D106/><U56/><E30/><V61/><F65/><W103/><G103/><T37/><D37/><U55/><E101/><V83/><F1/><W32/><G32/><T43/><D109/><U115/><E33/><N who="2" m="20631" /><F123/><W113/><G113/><T135/><D135/><U40/><E115/><V27/><F122/><W50/><G50/><T11/><D111/><U60/><E100/><V78/><F7/><W21/><G21/><T72/><D67/><U94/><E22/><N who="2" m="13791" /><F64/><W105/><G105/><T121/><D121/><U77/><E20/><V15/><F5/><W45/><G45/><T63/><D47/><RYUUKYOKU ba="0,1" sc="341,-10,220,-10,179,-10,250,30" hai3="25,31,35,57,58,75,76,82,85,88,90,93,96" /><INIT seed="6,1,1,4,2,69" ten="331,210,169,280" oya="2" hai0="55,89,132,91,127,90,121,99,29,75,84,50,39" hai1="134,73,113,54,123,118,47,59,28,70,4,122,9" hai2="41,86,92,107,130,43,27,128,10,20,125,15,105" hai3="12,17,6,66,72,83,67,3,78,7,93,117,51"/><V94/><F125/><W103/><G117/><T104/><D39/><U30/><E70/><V119/><F119/><W126/><G126/><T23/><D75/><U62/><E118/><V14/><F86/><N who="3" m="48503" /><G3/><T26/><D121/><N who="1" m="46091" /><E73/><V85/><F85/><W33/><G33/><T131/><D132/><U32/><E134/><V1/><F1/><W24/><G24/><T11/><D131/><N who="2" m="50218" /><F27/><W97/><G51/><T48/><D48/><N who="1" m="28959" /><E32/><V21/><F21/><N who="3" m="11431" /><G72/><T129/><D11/><U80/><E80/><V53/><F20/><W111/><G111/><T5/><D5/><AGARI ba="1,1" hai="5,6,7,66,67,93,97,103" m="11431,48503" machi="5" ten="30,1000,0" yaku="8,1" doraHai="69" who="3" fromWho="0" sc="331,-13,210,0,169,0,280,23" /><INIT seed="7,0,0,0,2,78" ten="318,210,169,303" oya="3" hai0="8,75,112,33,132,105,61,11,39,123,16,30,53" hai1="71,47,46,59,54,24,77,117,40,7,10,41,74" hai2="67,9,82,102,65,126,25,13,108,103,122,36,89" hai3="87,107,99,93,86,72,28,80,37,45,20,69,96"/><W12/><G69/><T31/><D105/><U94/><E71/><V97/><F108/><W1/><G1/><T128/><D75/><U52/><E117/><V18/><F36/><W63/><G107/><T70/><D39/><U62/><E24/><V5/><F126/><W133/><G133/><T19/><D123/><U131/><E131/><V27/><F122/><W57/><G72/><T38/><D38/><U130/><E130/><V84/><F103/><W17/><G28/><T73/><D73/><U14/><E77/><V68/><F68/><W34/><G34/><T55/><D33/><U100/><E74/><V56/><F56/><W95/><G45/><N who="1" m="16906" /><E54/><V109/><F109/><W83/><G95/><T21/><D112/><U26/><E26/><V120/><F120/><W60/><G60/><T22/><D70/><U23/><E23/><V51/><F51/><W66/><G37/><T127/><D132/><U113/><E113/><V91/><F91/><N who="3" m="51655" /><G93/><T42/><D128/><U92/><E92/><V48/><F48/><W79/><AGARI ba="0,0" hai="12,17,20,57,63,66,79,83,87,96,99" m="51655" machi="79" ten="30,6000,0" yaku="8,1,52,2" doraHai="78" who="3" fromWho="3" sc="318,-20,210,-20,169,-20,303,60" owari="298,10.0,190,-21.0,149,-35.0,363,46.0" /></mjloggm>