<mjloggm ver="2.3"><GO type="169" lobby="0"/><UN n0="%E7%88%86%E5%BC%BE%E4%BA%94%E9%83%8E%EF%BC%92" n1="%E3%83%9E%E3%83%A1%E3%83%9D%E3%82%B3" n2="%E3%82%A6%E3%83%AB%E3%83%88%E3%83%A9%E7%AB%8B%E7%9B%B4" n3="%73%68%6F%6F%74%33%39" dan="17,16,17,18" rate="2142.04,2154.43,2238.04,2200.26" sx="M,M,M,M"/><TAIKYOKU oya="0"/><INIT seed="0,0,0,1,1,12" ten="250,250,250,250" oya="0" hai0="98,45,66,41,117,31,36,81,63,122,103,116,33" hai1="47,44,13,121,7,108,92,30,48,97,76,37,26" hai2="73,135,126,65,79,60,120,55,88,72,19,95,113" hai3="83,29,84,75,67,38,118,70,109,51,99,14,18"/><T133/><D122/><U5/><E121/><V124/><F113/><W57/><G118/><T0/><D133/><U112/><E112/><V17/><F55/><W35/><G109/><T87/><D0/><U52/><E76/><V15/><F120/><W123/><G38/><T111/><D111/><U86/><E86/><V82/><F72/><W69/><G75/><T61/><D61/><U93/><E108/><V11/><F135/><W100/><G123/><T2/><D2/><U91/><E93/><V131/><F131/><W68/><G29/><T27/><D87/><U114/><E114/><V42/><F42/><W89/><G35/><T40/><D41/><U115/><E115/><V132/><F132/><W77/><G77/><T59/><REACH who="0" step="1"/><D81/><REACH who="0" ten="240,250,250,250" step="2"/><U96/><E96/><V85/><REACH who="2" step="1"/><F19/><REACH who="2" ten="240,250,240,250" step="2"/><W102/><G18/><T110/><D110/><U4/><E37/><V10/><F10/><W1/><G83/><T28/><D28/><U49/><E30/><V106/><F106/><AGARI ba="0,2" hai="27,31,33,36,40,45,59,63,66,98,103,106,116,117" machi="106" ten="30,2900,0" yaku="1,1,7,1,53,0" doraHai="12" doraHaiUra="6" who="0" fromWho="2" sc="240,49,250,0,240,-29,250,0" /><INIT seed="0,1,0,1,1,68" ten="289,250,211,250" oya="0" hai0="11,93,119,110,79,9,69,77,121,35,100,62,13" hai1="88,27,82,108,102,1,41,39,17,44,131,28,105" hai2="16,71,109,4,91,46,86,56,53,47,89,135,114" hai3="34,52,49,87,10,101,112,45,29,130,32,99,64"/><T96/><D35/><U57/><E1/><V38/><F114/><W94/><G112/><T8/><D119/><U116/><E116/><V66/><F109/><W40/><G130/><T106/><D121/><U72/><E108/><V26/><F135/><W22/><G64/><T6/><D110/><U60/><E131/><V23/><F71/><W55/><G10/><N who="0" m="4311" /><D69/><U127/><E17/><V132/><F132/><W65/><G65/><T107/><D107/><U21/><E127/><V84/><F66/><W31/><G32/><T12/><D106/><U80/><E72/><V50/><F4/><W75/><G75/><T63/><D12/><U115/><E115/><V2/><F2/><W25/><G31/><T15/><D15/><U129/><E129/><V111/><F111/><W120/><G34/><T18/><D18/><U128/><E128/><V33/><F33/><W19/><G29/><T134/><D134/><U30/><E30/><V42/><REACH who="2" step="1"/><F56/><REACH who="2" ten="289,250,201,250" step="2"/><W126/><G126/><T81/><D81/><U133/><E133/><V73/><F73/><W118/><G118/><T54/><D8/><U20/><E82/><V61/><F61/><N who="0" m="23050" /><D9/><U78/><E60/><V24/><F24/><W0/><G0/><T48/><D11/><U85/><E57/><AGARI ba="1,1" hai="48,54,57,77,79,93,96,100" m="23050,4311" machi="57" ten="30,1500,0" yaku="8,1" doraHai="68" who="0" fromWho="1" sc="289,28,250,-18,201,0,250,0" /><INIT seed="0,2,0,5,1,29" ten="317,232,201,250" oya="0" hai0="75,119,96,52,58,7,88,67,30,37,44,117,79" hai1="74,47,42,53,0,25,107,59,38,71,100,106,122" hai2="81,132,125,56,6,133,8,80,129,70,90,5,54" hai3="36,76,83,104,4,69,35,64,31,13,95,68,66"/><T40/><D7/><U135/><E122/><V134/><F70/><W51/><G95/><T62/><D79/><U82/><E135/><V109/><F109/><W93/><G93/><T99/><D75/><U130/><E130/><V114/><F114/><W63/><G51/><T26/><D99/><U101/><E71/><V120/><F120/><W126/><G13/><T115/><D115/><U57/><E0/><V72/><F129/><W86/><G4/><T98/><D98/><U32/><E59/><V105/><F105/><W94/><G104/><T43/><D43/><U15/><E15/><V85/><F125/><W124/><G36/><T19/><D19/><U55/><E107/><V87/><F72/><W131/><G94/><T116/><D96/><U10/><E10/><V121/><F8/><W22/><G22/><T18/><D18/><U45/><E106/><V14/><F14/><W89/><G89/><T28/><D88/><U34/><E25/><V111/><F111/><W17/><G17/><T108/><D108/><U78/><E45/><V49/><REACH who="2" step="1"/><F121/><REACH who="2" ten="317,232,191,250" step="2"/><W77/><G131/><T41/><D119/><U102/><REACH who="1" step="1"/><E55/><REACH who="1" ten="317,222,191,250" step="2"/><V60/><F60/><AGARI ba="2,2" hai="32,34,38,42,47,53,57,60,74,78,82,100,101,102" machi="60" ten="40,8000,1" yaku="1,1,2,1,52,2,53,0" doraHai="29" doraHaiUra="16" who="1" fromWho="2" sc="317,0,222,106,191,-86,250,0" /><INIT seed="1,0,0,0,5,126" ten="317,328,105,250" oya="1" hai0="15,26,6,134,53,90,47,40,23,48,101,31,97" hai1="93,24,18,57,52,50,132,27,123,105,100,96,62" hai2="114,119,63,5,99,7,33,32,61,106,35,127,37" hai3="116,130,84,124,75,128,87,91,86,17,95,81,108"/><U82/><E123/><V9/><F119/><W41/><G41/><T22/><D134/><U14/><E132/><V51/><F37/><W45/><G45/><T69/><D69/><U129/><E129/><N who="3" m="49770" /><G124/><T111/><D111/><U29/><E105/><V110/><F127/><W21/><G108/><T3/><D3/><U66/><E82/><V80/><F110/><W2/><G2/><T125/><D125/><U88/><E100/><V30/><F114/><W135/><G135/><T71/><D71/><U49/><E29/><V118/><F118/><W13/><G116/><T25/><D90/><U64/><E50/><V76/><F51/><W59/><G59/><T113/><D113/><U83/><E83/><V89/><F30/><W28/><G28/><T60/><D26/><N who="1" m="9771" /><E49/><V70/><F70/><W58/><G58/><N who="0" m="34895" /><D6/><U34/><E34/><V131/><F131/><W54/><G54/><T115/><D115/><U20/><AGARI ba="0,0" hai="14,18,20,52,57,62,64,66,88,93,96" m="9771" machi="20" ten="30,6000,0" yaku="8,1,54,2" doraHai="126" who="1" fromWho="1" sc="317,-20,328,60,105,-20,250,-20" /><INIT seed="1,1,0,4,0,66" ten="297,388,85,230" oya="1" hai0="74,86,27,53,122,13,43,35,3,101,126,72,23" hai1="87,36,90,62,6,14,38,103,121,5,32,1,8" hai2="76,71,20,135,60,57,91,106,124,63,17,28,61" hai3="80,46,11,78,100,98,128,21,56,50,59,130,68"/><U77/><E121/><V9/><F106/><W2/><G21/><T115/><D3/><U12/><E32/><V111/><F76/><W75/><G2/><T107/><D122/><U105/><E77/><V118/><F118/><W69/><G11/><T45/><D115/><U117/><E117/><V102/><F102/><W134/><G134/><T19/><D126/><U83/><E62/><V95/><F135/><W64/><G64/><T39/><D53/><U16/><E14/><V54/><F124/><W109/><G109/><T29/><REACH who="0" step="1"/><D86/><REACH who="0" ten="287,388,85,230" step="2"/><U22/><REACH who="1" step="1"/><E5/><REACH who="1" ten="287,378,85,230" step="2"/><V94/><F111/><W104/><G130/><T82/><D82/><U93/><E93/><V99/><F95/><W132/><G128/><T84/><D84/><U0/><E0/><V116/><F116/><W24/><G132/><T79/><D79/><U89/><E89/><V125/><F125/><W49/><G80/><T47/><D47/><U73/><E73/><V40/><F91/><W41/><G78/><T123/><D123/><U33/><E33/><V52/><F94/><W44/><G75/><T26/><D26/><U97/><AGARI ba="1,2" hai="1,6,8,12,16,22,36,38,83,87,90,97,103,105" machi="97" ten="30,11700,0" yaku="1,1,0,1,54,1,53,1" doraHai="66" doraHaiUra="34" who="1" fromWho="1" sc="287,-40,378,140,85,-40,230,-40" /><INIT seed="1,2,0,3,5,42" ten="247,518,45,190" oya="1" hai0="59,11,17,55,123,46,22,69,89,27,13,92,54" hai1="131,31,47,119,99,16,87,126,75,29,30,129,39" hai2="51,0,43,34,95,114,5,116,21,84,66,36,79" hai3="52,127,8,20,63,37,4,50,86,106,26,133,64"/><U33/><E75/><V56/><F34/><W9/><G37/><T45/><D69/><U60/><E119/><V14/><F116/><W78/><G106/><T130/><D123/><U49/><E39/><V105/><F105/><W110/><G133/><T74/><D74/><U6/><E126/><V67/><F114/><W94/><G110/><T65/><D65/><U107/><E6/><V81/><F0/><W38/><G38/><T25/><D130/><N who="1" m="49675" /><E60/><V90/><F36/><W41/><G41/><T93/><D93/><U57/><E57/><V82/><F82/><W120/><G120/><T91/><D91/><U1/><E1/><V72/><F56/><N who="3" m="36967" /><G4/><T98/><D27/><N who="1" m="18623" /><E87/><V7/><F7/><W113/><G127/><T68/><D68/><U18/><E31/><V122/><F122/><W125/><G113/><T102/><D102/><N who="1" m="62943" /><E30/><V70/><F70/><W109/><G125/><T134/><D134/><U118/><E118/><V135/><F135/><W77/><G109/><T76/><D59/><U108/><E108/><V23/><F67/><W71/><G71/><T2/><D2/><U19/><E19/><V112/><F66/><W28/><G86/><T73/><D25/><U80/><E80/><V101/><F112/><W15/><G94/><T62/><D62/><U128/><N who="1" m="49683" /><U115/><DORA hai="32" /><E115/><V48/><F72/><W85/><G85/><T124/><D124/><U103/><E103/><V88/><F101/><W96/><G96/><T44/><REACH who="0" step="1"/><D22/><REACH who="0" ten="237,518,45,190" step="2"/><U97/><E97/><V61/><F23/><W35/><G35/><T132/><D132/><U58/><E58/><RYUUKYOKU ba="2,1" sc="237,15,518,15,45,-15,190,-15" hai0="11,13,17,44,45,46,54,55,73,76,89,92,98" hai1="16,18,47,49" /><INIT seed="1,3,1,2,5,90" ten="252,533,30,175" oya="1" hai0="17,94,22,130,103,34,55,97,65,118,128,30,27" hai1="89,44,62,95,50,113,4,21,124,46,61,3,131" hai2="121,35,38,64,49,63,26,91,42,5,87,2,78" hai3="53,106,80,7,104,39,9,31,60,81,133,41,123"/><U105/><E105/><V122/><F38/><W19/><G123/><T58/><D118/><U8/><E113/><V24/><F78/><W125/><G31/><T13/><REACH who="0" step="1"/><D65/><REACH who="0" ten="242,533,30,175" step="2"/><U75/><E131/><V0/><F122/><W117/><G117/><T73/><D73/><U129/><E75/><V127/><F64/><W23/><G133/><T126/><D126/><U116/><E116/><V88/><F127/><W72/><G125/><T37/><D37/><U45/><E129/><V98/><F121/><W25/><G72/><T11/><D11/><U52/><E124/><V107/><F0/><W33/><G9/><T96/><D96/><U109/><E109/><V120/><F98/><W18/><G39/><T74/><D74/><U83/><E83/><V66/><F2/><W59/><G81/><T108/><D108/><U86/><REACH who="1" step="1"/><E21/><REACH who="1" ten="242,523,30,175" step="2"/><V77/><F120/><W85/><G23/><T102/><D102/><U134/><E134/><V56/><F35/><W71/><G80/><T101/><D101/><U48/><E48/><AGARI ba="3,3" hai="13,17,22,27,30,34,48,55,58,94,97,103,128,130" machi="48" ten="40,2600,0" yaku="1,1,52,1,53,0" doraHai="90" doraHaiUra="115" who="0" fromWho="1" sc="242,65,523,-35,30,0,175,0" /><INIT seed="2,0,0,5,2,105" ten="307,488,30,175" oya="2" hai0="67,83,68,64,114,16,123,9,26,135,110,23,98" hai1="18,121,87,111,46,28,90,10,118,45,7,79,69" hai2="1,12,52,128,71,66,38,40,20,119,102,59,91" hai3="116,11,58,65,132,48,93,100,29,97,86,24,21"/><V22/><F119/><W76/><G132/><T104/><D123/><U15/><E118/><V34/><F1/><W88/><G116/><T19/><D114/><U113/><E113/><V30/><F128/><W61/><G11/><T112/><D112/><U92/><E121/><V120/><F120/><W125/><G125/><T85/><D135/><U31/><E69/><V41/><F102/><W80/><REACH who="3" step="1"/><G48/><REACH who="3" ten="307,488,30,165" step="2"/><T89/><D110/><U36/><E111/><V63/><F38/><W62/><G62/><T2/><D68/><U35/><E36/><V99/><F41/><W43/><G43/><T4/><D104/><U60/><E60/><V81/><F40/><W95/><G95/><T73/><D9/><U27/><E31/><V8/><F30/><W5/><G5/><T70/><D70/><U124/><E124/><V37/><F37/><W47/><G47/><T133/><D4/><U50/><E50/><V94/><F34/><W42/><G42/><T55/><D133/><U127/><E127/><V75/><F71/><W131/><G131/><T115/><D115/><U51/><E51/><V108/><F108/><W126/><G126/><T72/><D2/><U32/><E32/><V74/><F66/><W129/><G129/><T44/><D64/><U84/><E7/><V101/><F22/><W49/><G49/><N who="0" m="29095" /><D19/><U3/><E3/><V130/><F20/><W82/><G82/><T106/><D67/><U53/><E53/><V109/><F130/><W57/><G57/><T33/><D33/><U122/><E122/><V96/><F109/><W13/><G13/><T54/><D54/><RYUUKYOKU ba="0,1" sc="307,10,488,10,30,-30,165,10" hai0="16,23,26,72,73,83,85,89,98,106" hai1="10,15,18,27,28,35,45,46,79,84,87,90,92" hai3="21,24,29,58,61,65,76,80,86,88,93,97,100" /><INIT seed="3,1,1,3,3,47" ten="317,498,0,175" oya="3" hai0="19,110,2,116,69,28,30,27,70,77,58,57,46" hai1="86,12,118,55,45,5,31,64,23,95,80,62,87" hai2="134,104,99,96,79,65,101,10,15,42,4,111,133" hai3="40,32,1,75,119,120,18,100,98,11,3,103,68"/><W29/><G120/><T76/><D2/><U13/><E118/><V88/><F79/><W59/><G119/><T130/><D116/><U93/><E64/><V53/><F65/><W83/><G68/><T114/><D114/><U91/><E5/><V90/><F42/><W73/><G18/><T127/><D19/><U89/><E80/><V7/><F7/><W106/><G103/><T84/><D84/><U25/><E62/><V33/><F33/><W135/><G59/><T43/><D130/><U123/><E123/><V61/><F99/><W56/><G56/><T121/><D121/><U74/><E74/><V112/><F112/><W81/><G135/><N who="2" m="51721" /><F111/><W17/><G17/><T39/><D110/><U78/><E78/><V108/><F108/><W20/><G20/><T126/><D76/><U124/><E124/><N who="0" m="47657" /><D77/><U26/><E26/><V67/><F53/><W115/><G115/><T49/><D30/><U22/><E22/><V60/><F60/><W37/><G11/><T82/><D39/><U71/><E71/><AGARI ba="1,1" hai="4,10,15,61,67,71,88,90,96,101,104" m="51721" machi="71" ten="30,2000,0" yaku="20,1,54,1" doraHai="47" who="2" fromWho="1" sc="317,0,498,-23,0,33,175,0" /><INIT seed="4,0,0,4,0,39" ten="317,475,33,175" oya="0" hai0="122,75,40,45,93,88,36,133,19,7,82,56,120" hai1="58,107,21,115,108,92,61,135,37,2,53,11,60" hai2="102,16,77,118,1,100,32,66,90,127,48,24,42" hai3="79,110,41,5,86,31,20,130,113,95,81,26,117"/><T72/><D133/><U65/><E107/><V78/><F32/><W15/><G117/><T64/><D19/><U99/><E108/><V97/><F1/><W129/><G110/><T69/><D69/><U55/><E135/><V63/><F118/><W119/><G119/><T52/><D64/><U17/><E37/><V126/><F90/><W105/><G105/><T76/><D75/><U28/><E115/><V114/><F114/><W54/><G113/><T8/><D93/><U6/><E28/><V73/><F73/><W9/><G54/><T13/><D88/><U14/><E61/><AGARI ba="0,0" hai="7,8,13,36,40,45,52,56,61,72,76,82,120,122" machi="61" ten="30,5800,0" yaku="7,1,52,1,54,1" doraHai="39" who="0" fromWho="1" sc="317,58,475,-58,33,0,175,0" /><INIT seed="4,1,0,0,1,22" ten="375,417,33,175" oya="0" hai0="82,125,80,11,91,106,113,103,60,79,84,57,90" hai1="123,44,48,23,63,130,15,131,132,69,16,71,100" hai2="129,119,85,62,110,37,7,101,72,41,2,27,93" hai3="13,65,39,120,43,61,3,105,42,118,6,68,66"/><T64/><D113/><U34/><E34/><V25/><F110/><W38/><G13/><T35/><D35/><U135/><E100/><V67/><F72/><W45/><G105/><T36/><D36/><U58/><E123/><V49/><F37/><N who="3" m="13835" /><G6/><T46/><D125/><U86/><E86/><V0/><F0/><W55/><G3/><T73/><D46/><U54/><E69/><V99/><F129/><N who="1" m="49161" /><E71/><V14/><F2/><W4/><G4/><T33/><D33/><U95/><E95/><V51/><F119/><W81/><G81/><T74/><D11/><U115/><E115/><V116/><F116/><W28/><G28/><T122/><D122/><U121/><E121/><V20/><F85/><W109/><G109/><T114/><D114/><U133/><E44/><N who="2" m="25743" /><F51/><AGARI ba="1,0" hai="15,16,23,48,51,54,58,63,132,133,135" m="49161" machi="51" ten="40,5200,0" yaku="20,1,19,1,54,1" doraHai="22" who="1" fromWho="2" sc="375,0,417,55,33,-55,175,0" owari="375,18.0,472,56.0,-22,-52.0,175,-22.0" /></mjloggm>