<mjloggm ver="2.3"><GO type="41" lobby="0"/><UN n0="%E5%B0%B1%E6%B4%BB%E7%94%9F%40%E5%B7%9D%E6%9D%91%E8%BB%8D%E5%9B%A3" n1="%E5%81%B6%E5%B0%8F%E9%8A%80" n2="%E6%B1%9F%E5%B4%8E%EF%BC%BE" n3="%E2%80%90%E3%81%AF%E3%81%9A%E3%81%8D%E3%82%93%E3%81%90%E2%80%90" dan="16,13,14,13" rate="2111.50,1876.30,1964.38,1944.07" sx="M,M,M,F"/><TAIKYOKU oya="0"/><INIT seed="0,0,0,2,2,97" ten="250,250,250,250" oya="0" hai0="11,80,134,104,67,95,103,88,129,86,71,90,51" hai1="31,18,59,112,14,98,43,126,37,64,7,65,115" hai2="68,81,10,45,66,105,122,55,22,62,132,36,102" hai3="24,61,74,4,113,133,60,93,117,52,1,58,73"/><T28/><D129/><U12/><E126/><V84/><F132/><W124/><G117/><T44/><D134/><U99/><E31/><V118/><F118/><W127/><G113/><N who="1" m="43594" /><E37/><V119/><F119/><W33/><G133/><T111/><D111/><U40/><E7/><V20/><F122/><W120/><G120/><T123/><D123/><U19/><E98/><V109/><F109/><W87/><G61/><T75/><D28/><U91/><E91/><V6/><F102/><W85/><G24/><T89/><D67/><N who="1" m="25675" /><E99/><V76/><F105/><W53/><G53/><T3/><D71/><U38/><E59/><V32/><F32/><W78/><G33/><T50/><D44/><U15/><E38/><V41/><REACH who="2" step="1"/><F55/><REACH who="2" ten="250,250,240,250" step="2"/><W57/><G52/><T101/><D104/><U42/><AGARI ba="0,1" hai="12,14,15,18,19,40,42,43" m="25675,43594" machi="42" ten="40,5200,0" yaku="28,2,11,1" doraHai="97" who="1" fromWho="1" sc="250,-26,250,62,240,-13,250,-13" /><INIT seed="1,0,0,2,4,100" ten="224,312,227,237" oya="1" hai0="110,65,112,78,83,122,1,94,73,113,41,16,131" hai1="105,64,130,32,82,119,129,9,50,104,108,25,106" hai2="97,132,103,13,68,19,21,52,51,18,39,74,66" hai3="7,91,30,118,17,70,20,81,135,40,85,98,121"/><U134/><E119/><V117/><F117/><W4/><G118/><T127/><D1/><U128/><E134/><V46/><F132/><W107/><G135/><T89/><D127/><U23/><E32/><V24/><F74/><W102/><G121/><T14/><D131/><U5/><E108/><V54/><F39/><W61/><G40/><T92/><D122/><U27/><E64/><V133/><F133/><W55/><G30/><T57/><D110/><U35/><E35/><V114/><F114/><W15/><G55/><T47/><D65/><U2/><E82/><V71/><F66/><W76/><G61/><T77/><D77/><U123/><E123/><V49/><F19/><W120/><G70/><T115/><D57/><U125/><E125/><V96/><F24/><N who="1" m="9289" /><E50/><V109/><F109/><W116/><G120/><T80/><D80/><U26/><N who="1" m="9297" /><U3/><DORA hai="72" /><E23/><V31/><F31/><W33/><G33/><T44/><D41/><U22/><E22/><V28/><F28/><W48/><G116/><T37/><D37/><U101/><E2/><V126/><F126/><W87/><REACH who="3" step="1"/><G48/><REACH who="3" ten="224,312,227,227" step="2"/><T90/><D47/><U0/><E0/><V53/><F53/><W75/><G75/><T6/><D44/><U63/><E63/><V12/><F46/><W111/><G111/><T93/><REACH who="0" step="1"/><D6/><REACH who="0" ten="214,312,227,227" step="2"/><U88/><E3/><V8/><F68/><W69/><G69/><T36/><D36/><U79/><E5/><V43/><F71/><W59/><G59/><T29/><D29/><U84/><E130/><V10/><F43/><W62/><G62/><T58/><D58/><RYUUKYOKU ba="0,2" sc="214,15,312,-15,227,-15,227,15" hai0="14,16,73,78,83,89,90,92,93,94,112,113,115" hai3="4,7,15,17,20,76,81,85,87,91,98,102,107" /><INIT seed="2,1,2,2,1,87" ten="229,297,212,242" oya="2" hai0="35,103,21,75,67,15,82,60,88,104,53,14,109" hai1="86,89,63,90,41,134,114,128,91,85,70,118,64" hai2="12,122,44,56,3,126,57,28,129,68,95,11,106" hai3="10,58,43,5,101,110,69,52,22,113,2,121,116"/><V102/><F106/><W131/><G116/><T13/><D35/><U108/><E118/><V47/><F57/><W135/><G121/><T130/><D130/><U29/><E114/><V127/><F68/><W24/><G69/><T124/><D124/><N who="2" m="47658" /><F122/><W92/><G131/><T105/><D109/><U98/><E128/><V40/><F129/><W81/><G110/><T7/><D7/><U99/><E108/><V45/><F3/><W96/><G135/><T4/><D4/><U79/><E134/><V107/><F107/><W54/><G113/><T55/><D75/><U61/><E29/><V42/><F28/><W50/><G81/><T77/><D77/><U37/><E61/><V0/><F0/><W16/><G43/><T30/><D104/><U25/><E25/><V19/><F56/><W112/><G112/><T93/><D103/><U100/><E79/><V36/><F36/><W20/><G20/><T120/><D82/><U39/><E41/><V38/><F38/><W111/><G111/><T32/><D32/><U132/><E132/><V6/><F6/><W125/><G125/><T84/><D105/><U123/><E123/><V119/><F119/><W31/><G54/><T73/><D73/><U9/><E37/><V72/><F72/><W117/><G117/><T51/><D51/><U78/><E39/><V23/><F23/><W71/><G71/><N who="0" m="42471" /><D120/><U65/><E9/><V66/><F66/><W27/><G31/><T115/><D115/><U1/><E65/><V48/><F48/><W80/><G80/><T133/><D133/><U49/><E49/><V76/><F76/><RYUUKYOKU ba="1,2" sc="229,10,297,-30,212,10,242,10" hai0="13,14,15,21,30,53,55,84,88,93" hai2="11,12,19,40,42,44,45,47,95,102" hai3="2,5,10,16,22,24,27,50,52,58,92,96,101" /><INIT seed="2,2,2,3,3,130" ten="239,267,222,252" oya="2" hai0="119,3,16,21,27,48,26,94,46,92,132,113,99" hai1="1,18,124,50,39,13,129,64,24,128,61,81,91" hai2="131,7,127,33,53,54,15,115,5,17,67,70,85" hai3="72,45,58,22,43,134,76,102,35,62,95,10,68"/><V116/><F131/><N who="1" m="50249" /><E1/><V88/><F115/><W32/><G68/><T98/><D119/><U117/><E117/><V90/><F116/><W104/><G104/><T101/><D113/><U28/><E39/><V36/><F36/><W135/><G76/><T89/><D3/><U49/><E124/><V112/><F112/><W100/><G72/><T23/><D132/><N who="3" m="50729" /><G22/><T56/><D56/><U121/><E121/><V111/><F33/><N who="3" m="12875" /><G95/><T125/><D125/><U34/><E91/><V118/><F118/><W19/><G19/><T110/><D110/><U57/><E81/><V86/><F127/><W74/><G10/><AGARI ba="2,2" hai="10,13,18,24,28,34,49,50,57,61,64" m="50249" machi="10" ten="30,1000,0" yaku="19,1" doraHai="130" who="1" fromWho="3" sc="239,0,267,36,222,0,252,-16" /><INIT seed="3,0,0,4,5,21" ten="239,303,222,236" oya="3" hai0="93,1,56,119,28,30,86,106,78,17,25,18,124" hai1="55,122,8,71,44,64,99,129,50,57,82,39,83" hai2="40,33,116,109,114,118,0,9,128,110,80,38,90" hai3="92,103,2,26,7,5,23,70,12,49,77,100,105"/><W66/><G105/><T29/><D106/><U127/><E122/><V125/><F38/><W48/><G77/><T95/><D1/><U104/><E129/><V130/><F40/><W108/><G2/><T6/><D124/><U101/><E127/><V51/><F51/><W79/><G79/><T27/><D6/><U10/><E10/><V67/><F67/><W96/><G108/><N who="2" m="41577" /><F90/><W32/><G32/><T126/><D126/><U34/><E8/><V117/><F125/><W115/><G115/><T20/><D56/><U11/><E11/><V89/><F89/><W43/><G103/><T88/><D78/><U19/><E19/><V107/><F107/><W134/><G134/><T73/><D73/><U87/><E34/><V113/><F80/><W132/><G132/><T123/><D123/><U112/><E112/><N who="2" m="43115" /><F33/><W133/><G133/><T15/><D119/><N who="2" m="30466" /><V131/><DORA hai="69" /><F9/><W41/><G48/><T4/><D95/><U135/><E135/><V42/><F42/><W111/><G111/><T91/><D91/><U85/><E82/><V54/><F54/><W13/><G49/><T76/><D76/><U65/><E83/><V62/><F0/><W14/><G66/><T84/><D4/><N who="3" m="1609" /><G70/><T46/><D46/><U31/><E64/><V35/><F35/><W60/><G60/><AGARI ba="0,0" hai="60,62,128,130,131" m="30466,43115,41577" machi="60" ten="60,12000,2" yaku="28,2,19,1,14,1,34,2" doraHai="21,69" who="2" fromWho="3" sc="239,0,303,0,222,120,236,-120" /><INIT seed="4,0,0,5,2,115" ten="239,303,342,116" oya="0" hai0="61,7,10,102,35,40,122,66,73,36,76,84,75" hai1="113,111,60,94,53,97,104,30,119,43,26,86,59" hai2="54,106,78,91,38,71,90,34,88,89,49,127,108" hai3="21,62,93,128,58,41,77,118,12,95,129,98,48"/><T116/><D122/><U133/><E104/><V46/><F34/><W63/><G77/><T134/><D35/><U24/><E111/><V14/><F106/><W13/><G93/><T4/><D134/><U64/><E119/><V52/><F108/><W27/><G63/><T101/><D116/><U70/><E133/><V15/><F71/><W28/><G118/><T69/><D84/><U18/><E43/><N who="2" m="24799" /><F38/><W125/><G125/><T57/><D69/><U135/><E135/><V16/><F127/><W55/><G128/><T44/><D7/><U83/><E113/><V56/><F78/><W130/><G130/><T2/><REACH who="0" step="1"/><D75/><REACH who="0" ten="229,303,342,116" step="2"/><U45/><E70/><V39/><F39/><W100/><G129/><T121/><D121/><U120/><E120/><V17/><F91/><W105/><G105/><T107/><D107/><U31/><E86/><V6/><F6/><W74/><G74/><T37/><D37/><U50/><E31/><V132/><F132/><W67/><REACH who="3" step="1"/><G41/><REACH who="3" ten="229,303,342,106" step="2"/><T0/><D0/><U22/><E30/><V81/><F81/><AGARI ba="0,2" hai="2,4,10,36,40,44,57,61,66,73,76,81,101,102" machi="81" ten="40,7700,0" yaku="1,1,25,2,53,0" doraHai="115" doraHaiUra="114" who="0" fromWho="2" sc="229,97,303,0,342,-77,106,0" /><INIT seed="4,1,0,5,0,83" ten="326,303,265,106" oya="0" hai0="113,34,50,119,110,60,53,89,65,90,99,19,68" hai1="28,20,88,42,104,52,29,79,118,112,100,38,87" hai2="63,25,41,21,97,70,32,80,5,134,98,123,43" hai3="111,131,81,116,23,106,40,122,9,67,10,133,62"/><T109/><D34/><U114/><E118/><V44/><F32/><W56/><G111/><N who="0" m="42507" /><D119/><U129/><E129/><V66/><F123/><W108/><G108/><T45/><D113/><N who="1" m="43627" /><E79/><V24/><F134/><W101/><G116/><T27/><D99/><N who="1" m="61471" /><E38/><V17/><F5/><W64/><G133/><T121/><D121/><U0/><E0/><V48/><F43/><W78/><G131/><T16/><D27/><U61/><E42/><V13/><F80/><W73/><G122/><T126/><D126/><U85/><E85/><V58/><F70/><W26/><G67/><T96/><D96/><AGARI ba="1,0" hai="13,17,21,24,25,41,44,48,58,63,66,96,97,98" machi="96" ten="40,1300,0" yaku="8,1" doraHai="83" who="2" fromWho="0" sc="326,-16,303,0,265,16,106,0" /><INIT seed="5,0,0,3,3,59" ten="310,303,281,106" oya="1" hai0="100,124,135,10,44,76,43,18,105,51,116,92,67" hai1="130,107,6,15,9,73,129,104,27,52,16,40,12" hai2="1,87,48,71,90,61,32,123,111,24,29,75,86" hai3="103,68,11,88,93,14,79,99,5,115,98,2,69"/><U30/><E73/><V77/><F75/><W34/><G34/><T94/><D116/><U126/><E126/><V57/><F123/><W72/><G115/><T66/><D124/><U8/><E40/><V95/><F1/><W83/><REACH who="3" step="1"/><G2/><REACH who="3" ten="310,303,281,96" step="2"/><T78/><D135/><U133/><E133/><V110/><F111/><W33/><G33/><T53/><D105/><AGARI ba="0,1" hai="5,11,14,68,69,72,79,83,88,93,98,99,103,105" machi="105" ten="30,3900,0" yaku="1,1,7,1,54,1,53,0" doraHai="59" doraHaiUra="128" who="3" fromWho="0" sc="310,-39,303,0,281,0,96,49" /><INIT seed="6,0,0,4,1,75" ten="271,303,281,145" oya="2" hai0="112,26,108,81,33,29,51,109,13,69,41,63,100" hai1="134,3,89,113,16,96,9,80,106,83,60,79,52" hai2="90,56,88,38,47,7,95,5,73,20,59,57,49" hai3="34,132,133,65,102,64,44,43,72,39,91,54,1"/><V27/><F38/><W32/><G1/><T4/><D112/><U70/><E113/><V115/><F115/><W124/><G102/><T74/><D100/><U35/><E134/><N who="3" m="51818" /><G72/><T104/><D104/><U93/><E35/><N who="3" m="13354" /><G124/><T37/><D51/><U101/><E3/><V6/><F73/><W50/><G91/><T28/><D28/><U128/><E128/><V42/><REACH who="2" step="1"/><F95/><REACH who="2" ten="271,303,271,145" step="2"/><W122/><G122/><T121/><D121/><U111/><E93/><V116/><F116/><W105/><G105/><T125/><D125/><U11/><E106/><V48/><F48/><W31/><G31/><AGARI ba="0,1" hai="5,6,7,20,27,31,42,47,49,56,57,59,88,90" machi="31" ten="40,12000,1" yaku="1,1,8,1,54,1,53,1" doraHai="75" doraHaiUra="24" who="2" fromWho="3" sc="271,0,303,0,271,130,145,-120" /><INIT seed="6,1,0,4,0,45" ten="271,303,401,25" oya="2" hai0="110,135,91,108,55,104,90,69,106,15,33,105,111" hai1="93,94,56,122,81,63,97,99,34,6,26,29,129" hai2="18,103,109,11,124,102,67,37,73,134,5,80,96" hai3="9,41,76,92,25,60,79,22,113,98,20,66,4"/><V59/><F37/><W133/><G133/><T107/><D69/><U49/><E129/><V40/><F40/><W61/><G113/><T72/><D33/><U64/><E122/><V126/><F134/><W13/><G41/><T1/><D1/><U52/><E6/><V57/><F18/><W8/><G8/><T118/><D135/><U74/><E74/><V28/><F28/><W71/><G60/><T82/><D118/><U16/><E81/><V62/><F59/><W10/><G10/><T42/><D42/><U101/><E16/><V86/><F73/><W0/><G0/><T88/><D15/><U32/><E32/><V114/><F114/><W120/><G22/><T75/><N who="0" m="27136" /><DORA hai="58" /><T31/><D31/><U50/><REACH who="1" step="1"/><E64/><REACH who="1" ten="271,293,401,25" step="2"/><V46/><F5/><W24/><G120/><T23/><D23/><U14/><E14/><V43/><F11/><W12/><G12/><T35/><D35/><U39/><E39/><V38/><F80/><W95/><G25/><T53/><REACH who="0" step="1"/><D75/><REACH who="0" ten="261,293,401,25" step="2"/><U48/><E48/><V127/><F38/><W3/><G3/><T2/><D2/><U7/><E7/><V70/><F70/><W131/><G131/><T30/><D30/><U36/><E36/><V84/><F43/><W27/><G27/><T44/><D44/><U68/><E68/><V130/><F46/><W83/><G24/><T85/><D85/><U21/><E21/><V89/><F130/><W117/><G20/><T115/><D115/><U121/><E121/><V78/><F86/><W87/><G87/><T112/><D112/><U51/><E51/><V77/><F84/><RYUUKYOKU ba="1,2" sc="261,15,293,15,401,-15,25,-15" hai0="53,55,72,82,88,90,91,108,110,111" hai1="26,29,34,49,50,52,56,63,93,94,97,99,101" /><INIT seed="7,2,2,4,3,91" ten="276,308,386,10" oya="3" hai0="24,133,59,5,6,90,132,104,107,14,128,94,11" hai1="68,34,54,108,71,47,0,3,52,35,16,118,61" hai2="80,15,19,28,58,105,100,79,36,134,40,43,44" hai3="70,51,74,32,13,102,89,42,46,9,78,33,66"/><W65/><G102/><T98/><D128/><U29/><E108/><V92/><F105/><W50/><G78/><T31/><D5/><U18/><E29/><V49/><F28/><W77/><G70/><N who="1" m="26666" /><E61/><V99/><F43/><W131/><G131/><T122/><D59/><U88/><E47/><V87/><F134/><N who="0" m="51818" /><D122/><U8/><E8/><N who="2" m="6631" /><F36/><W115/><G115/><T121/><D121/><U97/><E88/><V64/><F58/><W135/><G135/><T27/><D27/><U21/><E97/><V114/><F114/><W111/><G111/><T63/><D63/><U96/><E96/><V85/><F85/><W123/><G123/><T1/><D1/><N who="1" m="587" /><E21/><AGARI ba="2,2" hai="6,11,14,21,24,31,90,94,98,104,107" m="51818" machi="21" ten="30,2000,0" yaku="20,1,52,1" doraHai="91" who="0" fromWho="1" sc="276,46,308,-26,386,0,10,0" owari="322,12.0,282,-12.0,386,49.0,10,-49.0" /></mjloggm>