<mjloggm ver="2.3"><GO type="169" lobby="0"/><UN n0="%E3%82%A6%E3%83%AB%E3%83%88%E3%83%A9%E7%AB%8B%E7%9B%B4" n1="%E3%83%9E%E3%83%88%E3%83%AA%E3%83%83%E3%82%AF%E3%82%B9" n2="%E7%88%86%E5%BC%BE%E4%BA%94%E9%83%8E%EF%BC%92" n3="%74%61%74%73%75%37%30%32" dan="17,16,17,16" rate="2234.74,2166.26,2140.09,2170.71" sx="M,M,M,M"/><TAIKYOKU oya="0"/><INIT seed="0,0,0,5,5,106" ten="250,250,250,250" oya="0" hai0="68,9,27,14,10,115,104,129,45,82,54,44,133" hai1="116,59,75,90,79,3,76,16,99,117,8,112,35" hai2="108,40,95,81,47,38,33,36,41,13,42,83,25" hai3="101,111,120,63,6,66,20,114,109,124,128,56,19"/><T29/><D115/><U46/><E35/><V100/><F108/><W57/><G114/><T64/><D104/><U60/><E112/><V118/><F118/><W22/><G124/><T28/><D129/><U55/><E3/><V135/><F100/><W85/><G128/><T103/><D103/><U131/><E131/><V130/><F95/><W17/><G120/><T122/><D122/><U0/><E0/><V72/><F13/><W93/><G6/><T24/><D64/><U32/><E32/><V50/><F83/><W80/><G93/><T78/><D68/><U84/><E99/><V31/><F135/><W48/><G101/><T53/><D133/><U132/><E132/><V89/><F89/><W39/><G39/><T113/><D113/><U127/><E127/><V105/><F105/><W4/><G4/><T110/><D14/><N who="1" m="7239" /><E75/><V21/><F33/><W65/><G111/><T15/><D15/><U61/><E117/><V1/><F1/><W26/><G109/><T43/><D110/><U5/><E5/><V49/><F130/><W2/><G2/><T87/><D43/><U74/><E74/><V52/><REACH who="2" step="1"/><F49/><REACH who="2" ten="250,250,240,250" step="2"/><W71/><G48/><T18/><D82/><N who="1" m="49431" /><E116/><V96/><F96/><W30/><G80/><T86/><D78/><AGARI ba="0,1" hai="21,25,31,36,38,40,41,42,47,50,52,72,78,81" machi="78" ten="40,5200,0" yaku="1,1,52,1,54,1,53,0" doraHai="106" doraHaiUra="119" who="2" fromWho="0" sc="250,-52,250,0,240,62,250,0" /><INIT seed="1,0,0,1,3,90" ten="198,250,302,250" oya="1" hai0="29,102,49,10,50,69,30,79,94,34,41,43,82" hai1="56,93,121,7,46,51,104,25,134,106,116,54,31" hai2="127,66,38,5,130,0,1,110,123,33,3,8,45" hai3="75,74,128,131,26,11,122,13,48,80,55,120,108"/><U118/><E121/><V135/><F66/><W61/><G61/><T65/><D69/><U62/><E134/><V21/><F123/><W12/><G108/><T58/><D34/><U98/><E7/><V24/><F45/><W99/><G99/><T107/><D107/><U113/><E113/><V52/><F52/><W72/><G26/><T105/><D105/><U112/><E112/><V57/><F57/><W85/><G13/><T126/><D126/><U37/><E37/><V71/><F71/><W124/><G124/><T103/><D10/><U87/><E87/><V53/><F53/><W91/><G122/><T27/><D27/><U95/><E104/><V78/><F78/><W132/><G132/><T115/><D115/><U88/><E106/><V81/><F81/><W2/><G2/><T9/><D9/><U73/><E73/><V40/><F40/><W119/><G119/><T70/><D70/><U114/><E114/><V89/><F38/><W36/><G36/><T129/><D129/><U109/><E109/><V117/><F130/><W6/><REACH who="3" step="1"/><G120/><REACH who="3" ten="198,250,302,240" step="2"/><T83/><D65/><U101/><E101/><V18/><F135/><W17/><G17/><T67/><D67/><U111/><E111/><V125/><F110/><W68/><G68/><T76/><REACH who="0" step="1"/><D58/><AGARI ba="0,1" hai="6,11,12,48,55,58,72,74,75,80,85,91,128,131" machi="58" ten="40,2600,0" yaku="1,1,53,1" doraHai="90" doraHaiUra="44" who="3" fromWho="0" sc="198,-26,250,0,302,0,240,36" /><INIT seed="2,0,0,3,3,93" ten="172,250,302,276" oya="2" hai0="46,11,129,82,62,125,83,102,121,28,122,124,114" hai1="23,76,37,54,73,17,96,109,68,20,101,48,5" hai2="112,66,88,8,52,31,19,118,131,74,7,95,21" hai3="56,98,47,75,64,127,57,63,107,16,92,26,49"/><V36/><F36/><W135/><G107/><T78/><D28/><U80/><E37/><V53/><F74/><W59/><G75/><T133/><D11/><U60/><E109/><V89/><F118/><W34/><G127/><N who="0" m="48715" /><D46/><U87/><E5/><V65/><F131/><W130/><G135/><T132/><D62/><U120/><E120/><N who="0" m="46185" /><D114/><U40/><E40/><V14/><F89/><N who="3" m="55567" /><G130/><T44/><D44/><U38/><E38/><V94/><F94/><W91/><G91/><T29/><D29/><U90/><E68/><V106/><F106/><W43/><G34/><T126/><N who="0" m="48723" /><T39/><DORA hai="9" /><D39/><U108/><E60/><V111/><F111/><W113/><G113/><T3/><D3/><U58/><E108/><V128/><F31/><W72/><G72/><N who="0" m="43335" /><D129/><U119/><E119/><V134/><F128/><W85/><G85/><T22/><D22/><AGARI ba="0,0" hai="16,22,26,43,47,49,56,57,59,63,64" m="55567" machi="22" ten="30,3900,0" yaku="8,1,52,1,54,1" doraHai="93,9" who="3" fromWho="0" sc="172,-39,250,0,302,0,276,39" /><INIT seed="3,0,0,5,0,22" ten="133,250,302,315" oya="3" hai0="46,41,113,61,59,92,118,96,42,29,95,98,120" hai1="82,24,128,111,34,97,56,1,7,31,103,101,93" hai2="18,63,87,78,50,48,64,127,5,74,112,57,30" hai3="25,122,45,33,88,116,16,115,123,32,110,60,80"/><W132/><G116/><T52/><D120/><U0/><E111/><V125/><F74/><W53/><G110/><T37/><D118/><U86/><E128/><V4/><F112/><W84/><G122/><T54/><D113/><U12/><E103/><V26/><F18/><W21/><G132/><T28/><D42/><U121/><E121/><V67/><F67/><W35/><G123/><T85/><D85/><U102/><E102/><V124/><F78/><W73/><G115/><T6/><D6/><N who="2" m="2666" /><F87/><W20/><G73/><T79/><D79/><U108/><E108/><V133/><F133/><W106/><G106/><T38/><D38/><U10/><REACH who="1" step="1"/><E56/><REACH who="1" ten="133,240,302,315" step="2"/><V83/><F83/><W62/><G45/><T9/><D54/><U71/><E71/><V44/><F44/><W117/><G53/><T76/><D76/><AGARI ba="0,1" hai="0,1,7,10,12,24,31,34,76,82,86,93,97,101" machi="76" ten="30,7700,0" yaku="1,1,7,1,52,1,53,1" doraHai="22" doraHaiUra="77" who="1" fromWho="0" sc="133,-77,240,87,302,0,315,0" /><INIT seed="4,0,0,5,4,92" ten="56,327,302,315" oya="0" hai0="30,108,29,32,122,100,40,46,86,60,45,120,52" hai1="126,83,42,106,35,113,6,11,17,14,26,71,50" hai2="4,63,115,101,79,125,73,10,7,51,134,12,34" hai3="62,97,19,94,43,54,90,109,76,2,96,37,130"/><T8/><D108/><U25/><E71/><V48/><F34/><W81/><G109/><T68/><D100/><U3/><E106/><V39/><F39/><W22/><G2/><T103/><D103/><U78/><E126/><V70/><F125/><W66/><G130/><T93/><D32/><U129/><E129/><V131/><F115/><W102/><G54/><T128/><D128/><U55/><E113/><V38/><F38/><W114/><G114/><T61/><D8/><U0/><E42/><V105/><F131/><W135/><G135/><T99/><D86/><U27/><E35/><V88/><F134/><W91/><G97/><T132/><D132/><U1/><E55/><V77/><F7/><W13/><G43/><T28/><D68/><U16/><REACH who="1" step="1"/><E50/><REACH who="1" ten="56,317,302,315" step="2"/><V98/><F48/><W121/><G37/><T33/><D33/><U18/><E18/><V74/><F51/><W133/><G133/><T87/><D40/><U64/><E64/><V67/><F74/><AGARI ba="0,1" hai="0,1,3,6,11,14,16,17,25,26,27,74,78,83" machi="74" ten="50,6400,0" yaku="1,1,54,1,53,1" doraHai="92" doraHaiUra="104" who="1" fromWho="2" sc="56,0,317,74,302,-64,315,0" /><INIT seed="5,0,0,5,5,47" ten="56,391,238,315" oya="1" hai0="75,19,40,28,100,105,38,98,21,50,10,81,2" hai1="62,46,84,3,11,108,32,9,45,126,39,85,92" hai2="116,77,5,24,130,94,124,26,102,107,42,128,25" hai3="127,35,4,113,66,133,115,90,37,65,59,18,54"/><U86/><E32/><V49/><F116/><W33/><G37/><T34/><D21/><U12/><E126/><V111/><F124/><W56/><G127/><T95/><D19/><U57/><E108/><V103/><F111/><W114/><G133/><T93/><D50/><U83/><E3/><V23/><F107/><W79/><G79/><T69/><D69/><U13/><E39/><V129/><F77/><W41/><G41/><T104/><D95/><U43/><E92/><V6/><F23/><W101/><G101/><N who="2" m="38409" /><F94/><W99/><G4/><N who="2" m="1641" /><F49/><N who="3" m="30799" /><G18/><T80/><D93/><U27/><E27/><V14/><F14/><N who="1" m="5737" /><E83/><V134/><F42/><W73/><G73/><T67/><D40/><U125/><E125/><V30/><F30/><W110/><G110/><T97/><D28/><U117/><E117/><V0/><F134/><W119/><G119/><T74/><D34/><N who="3" m="12809" /><G90/><T78/><D38/><U131/><E43/><V1/><AGARI ba="0,0" hai="0,1,24,25,26,128,129,130" m="1641,38409" machi="1" ten="40,5200,0" yaku="28,2,19,1" doraHai="47" who="2" fromWho="2" sc="56,-13,391,-26,238,52,315,-13" /><INIT seed="6,0,0,1,4,12" ten="43,365,290,302" oya="2" hai0="24,81,87,56,95,85,100,73,7,121,92,114,125" hai1="76,74,102,132,116,60,61,52,8,126,19,32,0" hai2="75,15,25,78,21,94,27,16,104,9,84,39,6" hai3="91,79,96,42,108,54,68,86,127,22,119,133,80"/><V110/><F39/><W14/><G119/><T113/><D56/><U89/><E116/><V124/><F104/><W37/><G108/><T123/><D24/><U43/><E32/><V128/><F110/><W17/><G68/><T115/><D7/><U63/><E102/><V36/><F36/><W11/><G127/><T71/><D71/><U122/><E126/><V48/><F124/><W62/><G133/><T99/><D125/><U26/><E43/><V105/><F105/><W44/><G22/><T49/><D49/><U40/><E40/><V51/><F75/><W33/><G33/><T135/><D135/><U47/><E132/><V30/><F128/><W20/><G20/><T46/><D46/><U41/><E122/><V82/><F94/><W58/><REACH who="3" step="1"/><G96/><REACH who="3" ten="43,365,290,292" step="2"/><T129/><D129/><U109/><E109/><V93/><F93/><W98/><G98/><T64/><D64/><U53/><E26/><V3/><F27/><W118/><G118/><T1/><D1/><U13/><E0/><V38/><F38/><W120/><G120/><N who="0" m="46155" /><D95/><U90/><E13/><V97/><F97/><W67/><G67/><T111/><D111/><U70/><E70/><V130/><F130/><W66/><G66/><T31/><D31/><U101/><E8/><AGARI ba="0,1" hai="3,6,8,9,15,16,21,25,30,48,51,78,82,84" machi="8" ten="30,5800,0" yaku="7,1,52,1,54,1" doraHai="12" who="2" fromWho="1" sc="43,0,365,-58,290,68,292,0" /><INIT seed="6,1,0,1,5,9" ten="43,307,358,292" oya="2" hai0="3,60,118,87,51,30,67,44,34,38,127,98,2" hai1="96,48,45,27,107,114,90,94,117,13,104,59,29" hai2="21,76,54,120,50,97,49,41,12,125,35,8,109" hai3="64,102,37,4,36,92,121,103,22,86,91,100,46"/><V135/><F35/><W99/><G121/><T126/><D118/><U132/><E117/><V134/><F120/><W111/><G111/><T53/><D126/><U95/><E114/><V113/><F125/><W75/><G75/><T71/><D127/><U81/><E132/><N who="2" m="50731" /><F109/><W77/><G64/><T11/><D87/><U119/><E119/><V19/><F113/><W23/><G4/><T70/><D70/><U14/><E59/><N who="2" m="33231" /><F76/><W78/><G37/><T61/><D61/><U89/><E81/><V116/><F116/><W62/><G62/><T124/><D124/><U66/><E66/><V20/><F97/><W39/><G39/><T68/><D68/><U105/><E90/><V31/><F31/><W79/><REACH who="3" step="1"/><G99/><REACH who="3" ten="43,307,358,282" step="2"/><T18/><D98/><U122/><E122/><V65/><F65/><W128/><G128/><T17/><D38/><U58/><E107/><V0/><F0/><W69/><G69/><T40/><D2/><U24/><E105/><V73/><F73/><W101/><N who="3" m="25600" /><DORA hai="106" /><W110/><G110/><T57/><D3/><U16/><E104/><V133/><F133/><W85/><G85/><T15/><D34/><U7/><E96/><V115/><F115/><W47/><G47/><AGARI ba="1,1" hai="8,12,19,20,21,41,47,50" m="33231,50731" machi="47" ten="30,2900,0" yaku="20,1,52,1" doraHai="9,106" who="2" fromWho="3" sc="43,0,307,0,358,42,282,-32" /><INIT seed="6,2,0,2,1,82" ten="43,307,400,250" oya="2" hai0="112,111,100,49,119,31,92,66,103,84,50,60,96" hai1="134,77,90,107,6,67,95,71,124,78,14,15,123" hai2="17,38,62,76,114,89,87,86,34,97,132,63,128" hai3="120,126,91,121,65,73,55,36,45,48,29,54,21"/><V39/><F34/><W117/><G73/><T47/><D111/><U80/><E107/><V5/><F5/><W79/><G79/><T3/><D3/><U129/><E134/><V110/><F76/><W69/><G91/><T40/><D112/><U28/><E28/><V133/><F89/><W11/><G11/><T20/><D119/><U85/><E124/><V75/><F97/><W125/><G21/><T57/><D103/><U135/><E135/><V18/><F128/><W68/><G29/><T83/><D49/><U25/><E25/><V102/><F102/><W0/><G0/><T118/><D118/><U64/><E129/><V9/><F9/><W70/><G117/><T27/><D83/><U12/><E123/><N who="3" m="47178" /><G36/><T42/><REACH who="0" step="1"/><D84/><REACH who="0" ten="33,307,400,250" step="2"/><N who="1" m="48151" /><E71/><V81/><F81/><W56/><G70/><T1/><D1/><U44/><E77/><V2/><F2/><W58/><G69/><T22/><D22/><U88/><E90/><V99/><F110/><W59/><G126/><T51/><D51/><U30/><E6/><V106/><F114/><W4/><G4/><T52/><AGARI ba="2,1" hai="20,27,31,40,42,47,50,52,57,60,66,92,96,100" machi="52" ten="20,12000,2" yaku="1,1,0,1,7,1,25,2,8,1,54,1,53,0" doraHai="82" doraHaiUra="74" who="0" fromWho="0" sc="33,136,307,-32,400,-62,250,-32" /><INIT seed="7,0,0,0,0,96" ten="169,275,338,218" oya="3" hai0="97,50,37,107,34,44,53,105,108,1,119,28,60" hai1="78,124,134,115,64,132,126,86,89,48,87,49,62" hai2="117,65,11,71,2,45,110,41,26,128,17,16,131" hai3="106,91,85,122,80,76,113,46,27,104,90,54,109"/><W40/><G113/><T79/><D108/><U10/><E10/><V102/><F102/><W18/><G122/><T98/><D119/><U6/><E6/><V70/><F110/><W103/><G109/><T21/><D1/><U39/><E78/><V66/><F26/><W25/><G54/><T52/><D34/><U24/><E24/><V9/><F45/><W22/><G27/><T7/><D37/><U125/><E115/><V74/><F74/><W58/><G58/><T47/><D79/><U84/><E39/><V33/><F41/><W19/><G18/><T73/><D73/><U99/><E89/><V112/><F112/><W12/><G25/><T0/><D60/><U30/><E30/><V95/><F95/><W23/><G23/><T92/><D21/><U127/><N who="1" m="31744" /><DORA hai="121" /><U94/><E99/><V72/><F72/><W29/><G29/><T67/><D28/><U8/><E94/><V56/><F56/><W43/><G43/><T133/><D133/><N who="1" m="51307" /><E8/><V57/><F57/><AGARI ba="0,0" hai="48,49,57,62,64,84,86,87" m="51307,31744" machi="57" ten="60,3900,0" yaku="18,1,20,1" doraHai="96,121" who="1" fromWho="2" sc="169,0,275,39,338,-39,218,0" owari="169,-33.0,314,41.0,299,10.0,218,-18.0" /></mjloggm>