<mjloggm ver="2.3"><GO type="169" lobby="0"/><UN n0="%66%75%6A%69%6D%75%72%61" n1="%6A%75%6D%70%2D%75%70" n2="%E3%82%A6%E3%83%AB%E3%83%88%E3%83%A9%E7%AB%8B%E7%9B%B4" n3="%EF%BC%8A%E3%82%A4%E3%83%83%E3%83%91%E3%83%84%EF%BC%8A" dan="16,17,17,16" rate="2163.28,2195.07,2163.06,2032.39" sx="M,M,M,M"/><TAIKYOKU oya="0"/><INIT seed="0,0,0,4,5,15" ten="250,250,250,250" oya="0" hai0="2,55,88,115,49,7,118,1,51,71,105,106,22" hai1="67,84,46,87,56,25,72,4,40,5,126,30,80" hai2="75,17,135,35,39,45,74,50,48,58,43,53,116" hai3="31,131,12,91,36,26,66,16,119,124,37,69,60"/><T33/><D33/><U68/><E68/><V79/><F35/><W47/><G119/><T128/><D118/><U117/><E72/><V99/><F116/><W101/><G124/><T107/><D115/><U8/><E126/><V93/><F135/><W114/><G114/><T134/><D71/><U133/><E133/><V110/><F110/><W111/><G131/><T44/><D134/><U94/><E94/><V82/><F75/><W21/><G111/><T11/><D128/><U125/><E125/><V86/><F74/><W121/><G121/><T77/><D77/><U19/><E19/><V95/><F39/><W108/><G108/><T98/><D22/><U112/><E112/><V27/><F99/><W127/><G127/><T61/><D61/><U10/><E87/><V89/><F79/><W23/><G101/><T41/><D2/><U14/><E56/><V32/><F32/><W113/><G113/><T38/><REACH who="0" step="1"/><D55/><REACH who="0" ten="240,250,250,250" step="2"/><U90/><E117/><V92/><F27/><W54/><G54/><T6/><D6/><U65/><E5/><V102/><F102/><W62/><G62/><T76/><D76/><U129/><E8/><V73/><F73/><W24/><G69/><T81/><D81/><U130/><E129/><V100/><F100/><W122/><G60/><T0/><D0/><U85/><E130/><V83/><F83/><W59/><G23/><T18/><D18/><AGARI ba="0,1" hai="17,18,43,45,48,50,53,58,82,86,89,92,93,95" machi="18" ten="40,5200,0" yaku="8,1,52,2" doraHai="15" who="2" fromWho="0" sc="240,-52,250,0,250,62,250,0" /><INIT seed="1,0,0,1,2,34" ten="188,250,312,250" oya="1" hai0="94,35,125,103,109,135,11,71,67,22,81,131,58" hai1="113,106,48,10,115,7,25,56,3,110,24,59,88" hai2="80,133,8,119,100,75,62,18,30,66,38,112,89" hai3="46,9,98,55,16,96,52,90,107,114,26,4,41"/><U6/><E106/><V128/><F119/><W32/><G114/><T86/><D35/><U129/><E129/><V27/><F112/><W23/><G32/><T45/><D71/><U51/><E110/><V60/><F128/><W39/><G98/><N who="0" m="59863" /><D109/><U53/><E88/><V74/><F38/><W76/><G76/><N who="0" m="46375" /><D135/><U44/><E7/><V134/><F100/><W123/><G123/><T20/><D125/><U91/><E91/><V63/><F66/><W85/><G96/><T43/><D11/><U120/><E120/><V15/><F89/><W101/><G101/><T108/><D108/><U5/><E5/><V127/><F127/><W61/><G61/><N who="0" m="38327" /><D131/><U118/><E118/><V65/><F65/><W122/><G107/><T72/><D72/><U104/><E104/><V33/><REACH who="2" step="1"/><F80/><REACH who="2" ten="188,250,302,250" step="2"/><W29/><G122/><T37/><D37/><U126/><E113/><V92/><F92/><W116/><G116/><T14/><D43/><U17/><E126/><V12/><F12/><W28/><G90/><T1/><D1/><U84/><E115/><V97/><F97/><W79/><G79/><T49/><D14/><U93/><E3/><V2/><F2/><W54/><REACH who="3" step="1"/><G85/><REACH who="3" ten="188,250,302,240" step="2"/><T36/><D36/><U68/><E84/><V57/><F57/><W95/><G95/><T105/><D105/><U40/><E93/><V19/><F19/><W124/><G124/><T31/><D31/><U42/><E17/><V0/><F0/><AGARI ba="0,2" hai="0,4,9,16,23,26,28,29,39,41,46,52,54,55" machi="0" ten="40,8000,1" yaku="1,1,52,1,54,2,53,0" doraHai="34" doraHaiUra="82" who="3" fromWho="2" sc="188,0,250,0,302,-80,240,100" /><INIT seed="2,0,0,5,4,129" ten="188,250,222,340" oya="2" hai0="120,74,1,130,113,27,24,108,127,59,17,86,133" hai1="7,49,25,15,32,70,96,117,46,13,12,64,55" hai2="102,36,112,79,8,35,131,28,10,114,115,105,107" hai3="104,3,84,75,78,99,19,65,26,83,54,16,45"/><V81/><F36/><W60/><G3/><T98/><D59/><U77/><E117/><V68/><F68/><W73/><G19/><T61/><D61/><U22/><E32/><V29/><F131/><W72/><G45/><T134/><D86/><U9/><E77/><V135/><F135/><N who="0" m="51722" /><D74/><U53/><E70/><V126/><F126/><W62/><G54/><T69/><D130/><U0/><E64/><V128/><F128/><W52/><G65/><T63/><D120/><U14/><N who="1" m="3584" /><DORA hai="85" /><U100/><E55/><V58/><F58/><W30/><G52/><T97/><D113/><U56/><E53/><V5/><F5/><W111/><G73/><T109/><D1/><U39/><E39/><V34/><F81/><W119/><G75/><T122/><D122/><U66/><E56/><V92/><F79/><W116/><G62/><T87/><D87/><U82/><E66/><V121/><F121/><W71/><G60/><T132/><D127/><U42/><E82/><V33/><F92/><W43/><G83/><T93/><N who="0" m="51730" /><T2/><DORA hai="50" /><D2/><U95/><E49/><V88/><F114/><W101/><G72/><T57/><D69/><U67/><E67/><V20/><F115/><W123/><G71/><T90/><D57/><U23/><E46/><V11/><F112/><W48/><G123/><T124/><D124/><U47/><E47/><V118/><F8/><W4/><G84/><N who="0" m="52423" /><D63/><U38/><E38/><V76/><F10/><W125/><G125/><T89/><D17/><N who="1" m="12495" /><E42/><V80/><F11/><W51/><G43/><T91/><D91/><U94/><E95/><RYUUKYOKU ba="0,0" sc="188,-10,250,30,222,-10,340,-10" hai1="0,7,9,23,94,96,100" /><INIT seed="3,1,0,3,5,45" ten="178,280,212,330" oya="3" hai0="84,55,26,16,104,78,61,77,95,103,125,88,24" hai1="66,56,4,85,52,41,58,96,120,34,92,107,75" hai2="1,31,7,59,6,71,82,8,44,64,2,112,63" hai3="100,124,133,116,122,14,48,37,99,117,51,127,68"/><W38/><G14/><T72/><D125/><N who="3" m="48201" /><G122/><T40/><D40/><U13/><E75/><V35/><F112/><W98/><G68/><T54/><D26/><U19/><E34/><V46/><F31/><W53/><G53/><T12/><D24/><U28/><E107/><V15/><F35/><W131/><G133/><T86/><D61/><N who="1" m="38183" /><E85/><V76/><F71/><W62/><G62/><T29/><D29/><U83/><E83/><V94/><F94/><N who="3" m="58455" /><G99/><N who="0" m="61567" /><D86/><U32/><E28/><V0/><REACH who="2" step="1"/><F7/><REACH who="2" ten="178,280,202,330" step="2"/><W47/><G131/><T74/><D74/><AGARI ba="1,1" hai="0,1,2,6,8,15,44,46,59,63,64,74,76,82" machi="74" ten="40,2600,0" yaku="1,1,2,1,53,0" doraHai="45" doraHaiUra="87" who="2" fromWho="0" sc="178,-29,280,0,202,39,330,0" /><INIT seed="4,0,0,0,1,105" ten="149,280,241,330" oya="0" hai0="6,101,27,95,54,83,121,90,37,81,23,31,103" hai1="85,39,70,74,77,116,29,63,115,109,66,49,4" hai2="26,65,79,120,124,91,10,129,25,89,127,72,9" hai3="13,64,1,98,119,57,0,44,55,107,16,68,3"/><T69/><D121/><U24/><E109/><V130/><F65/><W8/><G119/><T92/><D37/><U19/><E39/><V76/><F120/><W123/><G123/><T71/><D6/><U45/><E116/><V133/><F133/><W126/><G126/><T34/><D34/><U96/><E96/><V21/><F21/><W15/><G44/><T118/><D118/><U38/><E38/><V60/><F60/><W106/><G98/><N who="0" m="59615" /><D69/><U61/><E61/><V73/><AGARI ba="0,0" hai="9,10,25,26,72,73,76,79,89,91,124,127,129,130" machi="73" ten="25,8000,1" yaku="0,1,22,2,52,2" doraHai="105" who="2" fromWho="2" sc="149,-40,280,-20,241,80,330,-20" /><INIT seed="5,0,0,1,4,114" ten="109,260,321,310" oya="1" hai0="125,17,98,129,99,66,112,28,24,10,130,73,5" hai1="9,83,132,19,75,29,97,115,45,35,7,40,52" hai2="16,21,121,84,77,37,70,76,128,8,60,104,49" hai3="78,74,38,111,58,53,33,56,39,54,101,93,12"/><U62/><E132/><V44/><F121/><W72/><G33/><T13/><D73/><U22/><E115/><V27/><F104/><W30/><G111/><T69/><D112/><U82/><E97/><V126/><F37/><W103/><G93/><T94/><D98/><U61/><E61/><V131/><F126/><W48/><G30/><T32/><D125/><U63/><E63/><V122/><F122/><W135/><G12/><T80/><D80/><U11/><E29/><V34/><F34/><W87/><G87/><T64/><D69/><U105/><E35/><V42/><F8/><N who="1" m="3145" /><E7/><V67/><REACH who="2" step="1"/><F84/><REACH who="2" ten="109,260,311,310" step="2"/><W57/><G38/><T68/><D68/><U107/><E105/><V14/><F14/><W55/><G39/><T116/><D116/><U46/><E107/><V6/><F6/><W92/><G135/><T51/><D130/><AGARI ba="0,1" hai="16,21,27,42,44,49,60,67,70,76,77,128,130,131" machi="130" ten="40,5200,0" yaku="1,1,19,1,54,1,53,0" doraHai="114" doraHaiUra="2" who="2" fromWho="0" sc="109,-52,260,0,311,62,310,0" /><INIT seed="6,0,0,0,1,40" ten="57,260,373,310" oya="2" hai0="118,99,5,26,97,2,105,52,72,3,93,124,70" hai1="130,1,90,17,49,74,115,35,114,71,19,24,92" hai2="16,127,129,117,83,22,8,76,30,9,132,54,46" hai3="78,21,43,116,4,98,107,62,88,122,106,80,28"/><V108/><F117/><W59/><G116/><T48/><D118/><U64/><E1/><V61/><F129/><W134/><G122/><T110/><D110/><U23/><E74/><V53/><F127/><W96/><G134/><T18/><D124/><U41/><E35/><V112/><F112/><W79/><G4/><T56/><D72/><U131/><E19/><V31/><F132/><W121/><G121/><T109/><D109/><U25/><E25/><V20/><F108/><W13/><G43/><T67/><D5/><U119/><E64/><V135/><F135/><W120/><G120/><T125/><D125/><U36/><E36/><V27/><F61/><W82/><G13/><T111/><D111/><U103/><E103/><V65/><F65/><W133/><G21/><T39/><D39/><U94/><E94/><V91/><F91/><W81/><G28/><T100/><D70/><U128/><E71/><V51/><F54/><W29/><G29/><N who="2" m="10761" /><F22/><W32/><G32/><T57/><D26/><U95/><E95/><V101/><F101/><W14/><G62/><T77/><D77/><N who="3" m="29193" /><G59/><T55/><D67/><U66/><E66/><V60/><F60/><W75/><G133/><T73/><D73/><U69/><E69/><V34/><F34/><W102/><G14/><T0/><D18/><U12/><E12/><V38/><F38/><W85/><G75/><T89/><D3/><U63/><E63/><V86/><AGARI ba="0,0" hai="8,9,16,20,27,46,51,53,76,83,86" m="10761" machi="86" ten="30,6000,0" yaku="8,1,52,1,54,1" doraHai="40" who="2" fromWho="2" sc="57,-20,260,-20,373,60,310,-20" /><INIT seed="6,1,0,5,3,34" ten="37,240,433,290" oya="2" hai0="74,48,106,113,129,63,53,9,51,120,102,49,125" hai1="3,44,107,131,133,97,82,5,1,69,17,72,0" hai2="99,58,35,16,15,39,93,52,130,79,81,57,60" hai3="61,80,91,111,87,43,110,55,30,90,6,114,13"/><V88/><F39/><W76/><G114/><T42/><D74/><U104/><E69/><V71/><F35/><W40/><G30/><T64/><D120/><U26/><E5/><V67/><F130/><W27/><G27/><T70/><D106/><U47/><E131/><V78/><F81/><W19/><G6/><T108/><D102/><U28/><E17/><V14/><F71/><W68/><G68/><T46/><D9/><U123/><E133/><V7/><F7/><W20/><G111/><T54/><D108/><U116/><E116/><V124/><F124/><W38/><G38/><N who="0" m="21847" /><D113/><U37/><E123/><V105/><F105/><W50/><G61/><N who="0" m="40207" /><D125/><U85/><E72/><V59/><F59/><N who="3" m="33271" /><G110/><T31/><D31/><U92/><E37/><V10/><F15/><W75/><G75/><T95/><D95/><U84/><E84/><V56/><F56/><W89/><AGARI ba="1,0" hai="13,19,20,40,43,76,80,87,89,90,91" m="33271" machi="89" ten="30,1100,0" yaku="8,1" doraHai="34" who="3" fromWho="3" sc="37,-4,240,-4,433,-6,290,14" /><INIT seed="7,0,0,0,0,4" ten="33,236,427,304" oya="3" hai0="120,81,47,8,125,88,30,56,105,6,52,20,61" hai1="82,41,11,129,110,49,67,31,75,69,19,133,53" hai2="26,106,92,122,3,134,93,28,89,103,22,71,121" hai3="7,77,123,112,40,111,126,38,72,107,115,42,124"/><W130/><G107/><T119/><D105/><U35/><E133/><V60/><F3/><W29/><G29/><T9/><D119/><U21/><E129/><V70/><F134/><W10/><G123/><N who="2" m="47113" /><F60/><W14/><G130/><T23/><D120/><U33/><E110/><V37/><F37/><W94/><G94/><N who="2" m="36457" /><F89/><W51/><G38/><T91/><D125/><N who="3" m="48233" /><G111/><T127/><D127/><U44/><E82/><V54/><F54/><W13/><G51/><T104/><D104/><U17/><E75/><V66/><F66/><W2/><G77/><T109/><D109/><U96/><E67/><V46/><F46/><W86/><G72/><T74/><D74/><U113/><E69/><V73/><F73/><W55/><G55/><T24/><D6/><U85/><E96/><AGARI ba="0,0" hai="22,26,28,70,71,96,103,106" m="36457,47113" machi="96" ten="30,1000,0" yaku="13,1" doraHai="4" who="2" fromWho="1" sc="33,0,236,-10,427,10,304,0" owari="33,-47.0,226,-17.0,437,54.0,304,10.0" /></mjloggm>