<mjloggm ver="2.3"><GO type="169" lobby="0"/><UN n0="%E3%82%B8%E3%82%A7%E3%83%B3%E3%83%88" n1="%E3%83%88%E3%83%88%E3%83%AA%E5%85%88%E7%94%9F%31%39%E6%AD%B3" n2="%6B%6C%62%73%74%38%38" n3="%49%53%53%4F%4E%34" dan="16,19,17,17" rate="2106.86,2233.75,2230.40,2174.43" sx="F,F,M,M"/><TAIKYOKU oya="0"/><INIT seed="0,0,0,3,5,122" ten="250,250,250,250" oya="0" hai0="42,94,77,44,133,82,34,0,87,108,29,40,91" hai1="120,46,12,24,102,2,110,71,101,98,37,97,35" hai2="33,68,63,112,132,73,106,76,92,104,119,20,21" hai3="75,115,58,7,111,79,135,128,54,129,22,81,123"/><T38/><D0/><U85/><E120/><V1/><F92/><W17/><G123/><T4/><D133/><U65/><E2/><V31/><F76/><W67/><G135/><T15/><D40/><U78/><E12/><V83/><F83/><W117/><G117/><T3/><D3/><U47/><E37/><V45/><F45/><W36/><G36/><T89/><D34/><U11/><E11/><V5/><F63/><W72/><G67/><T6/><D29/><U86/><E78/><V114/><F31/><W90/><G7/><T61/><D61/><U134/><E134/><V66/><F66/><W88/><G75/><T8/><D108/><U50/><E65/><V107/><F107/><W69/><G69/><T10/><REACH who="0" step="1"/><D94/><REACH who="0" ten="240,250,250,250" step="2"/><U27/><E35/><V23/><F33/><W80/><G111/><T13/><AGARI ba="0,1" hai="4,6,8,10,13,15,38,42,44,77,82,87,89,91" machi="13" ten="20,18000,2" yaku="1,1,2,1,0,1,7,1,9,1,53,1" doraHai="122" doraHaiUra="70" who="0" fromWho="0" sc="240,190,250,-60,250,-60,250,-60" /><INIT seed="0,1,0,5,2,37" ten="430,190,190,190" oya="0" hai0="133,67,47,87,72,13,100,114,36,12,0,51,40" hai1="8,116,90,43,119,92,58,80,57,22,10,102,101" hai2="85,96,50,45,60,1,44,63,64,128,81,125,93" hai3="73,2,88,118,123,134,35,70,77,115,34,105,21"/><T15/><D0/><U106/><E80/><V9/><F125/><W27/><RYUUKYOKU type="yao9" ba="1,0" sc="430,0,190,0,190,0,190,0" hai3="2,21,27,34,35,70,73,77,88,105,115,118,123,134" /><INIT seed="0,2,0,1,5,97" ten="430,190,190,190" oya="0" hai0="43,55,101,39,21,27,48,131,95,73,112,5,104" hai1="19,130,63,7,123,86,58,128,120,75,76,60,135" hai2="14,122,100,121,8,108,105,116,50,40,99,51,85" hai3="77,94,13,70,54,49,4,109,64,25,103,20,42"/><T15/><D104/><U9/><E75/><V119/><F108/><W80/><G109/><T16/><D73/><U56/><E19/><V46/><F51/><W66/><G70/><T36/><D112/><U31/><E31/><V92/><F105/><W71/><G71/><T83/><D131/><N who="1" m="50219" /><E135/><V18/><REACH who="2" step="1"/><F85/><REACH who="2" ten="430,190,180,190" step="2"/><W127/><G127/><T29/><D39/><U115/><E86/><V82/><F82/><W45/><G42/><T88/><D36/><U93/><E115/><V2/><F2/><W52/><G80/><T129/><D43/><U107/><E107/><V34/><F34/><W84/><G84/><N who="0" m="52615" /><D83/><U132/><E93/><V124/><F124/><W12/><G94/><T134/><D129/><U44/><E132/><V0/><F0/><W68/><G49/><T78/><D134/><U35/><E35/><V26/><F26/><W6/><G25/><T87/><D87/><U126/><E126/><V98/><F98/><W118/><G118/><AGARI ba="2,1" hai="8,14,18,40,46,50,92,99,100,116,118,119,121,122" machi="118" ten="40,8000,1" yaku="1,1,12,1,52,1,53,1" doraHai="97" doraHaiUra="91" who="2" fromWho="3" sc="430,0,190,0,180,96,190,-86" /><INIT seed="1,0,0,2,0,94" ten="430,190,276,104" oya="1" hai0="29,24,122,66,98,133,37,19,7,28,1,13,14" hai1="84,114,23,61,17,110,113,89,86,11,51,81,30" hai2="76,111,48,40,129,134,44,32,124,49,25,5,85" hai3="131,16,125,27,68,50,3,71,20,82,21,57,93"/><U0/><E110/><V115/><F134/><W31/><G3/><T69/><D37/><U10/><E30/><N who="0" m="11881" /><D66/><U56/><E51/><V119/><F129/><W101/><G131/><T47/><D47/><U90/><E0/><V53/><F124/><W95/><G125/><T38/><D38/><U72/><E72/><V127/><F127/><W121/><G121/><T6/><D69/><U79/><E114/><V123/><F119/><W116/><G116/><T2/><D98/><U33/><E33/><V106/><F106/><W88/><G71/><T70/><D70/><U45/><E45/><V130/><F123/><W92/><G68/><T36/><D36/><U41/><E41/><V117/><F111/><W96/><G82/><T118/><D122/><U34/><E34/><V59/><F32/><W102/><G102/><T112/><D118/><U52/><E113/><V67/><F115/><W77/><G77/><T43/><D43/><U18/><E18/><V87/><F130/><W135/><G135/><T74/><D74/><U62/><E62/><V120/><F120/><W105/><G50/><T42/><D42/><U128/><E128/><V4/><F117/><W35/><G57/><T132/><D112/><U126/><E126/><V22/><F67/><W103/><G103/><T46/><D46/><U55/><E55/><V9/><F76/><W54/><G54/><T83/><D2/><U64/><E64/><V12/><F4/><N who="0" m="1578" /><D1/><U58/><E58/><V63/><F48/><W108/><G108/><T39/><D39/><U99/><E79/><V107/><F107/><W60/><G105/><RYUUKYOKU ba="0,0" sc="430,-10,190,-10,276,30,104,-10" hai2="5,9,12,22,25,40,44,49,53,59,63,85,87" /><INIT seed="2,1,0,4,1,42" ten="420,180,306,94" oya="2" hai0="119,117,73,63,74,81,134,130,49,107,50,86,61" hai1="39,18,14,43,80,38,44,8,89,34,11,4,68" hai2="91,127,120,82,85,6,41,98,121,62,110,88,36" hai3="95,12,93,70,124,46,97,35,25,45,75,67,132"/><V101/><F6/><W123/><G75/><N who="0" m="28683" /><D107/><U79/><E34/><V102/><F127/><W30/><G123/><T84/><D134/><U59/><E68/><V21/><F110/><W109/><G109/><T33/><D33/><U72/><E59/><V48/><F36/><W16/><G132/><T10/><D10/><U20/><E39/><V60/><F91/><W23/><G124/><T128/><D61/><U125/><E125/><V51/><F51/><N who="0" m="19466" /><D63/><U87/><REACH who="1" step="1"/><E4/><REACH who="1" ten="420,170,306,94" step="2"/><V27/><F120/><W100/><REACH who="3" step="1"/><G95/><AGARI ba="1,1" hai="8,11,14,18,20,38,43,44,72,79,80,87,89,95" machi="95" ten="30,7700,0" yaku="1,1,2,1,7,1,52,1,53,0" doraHai="42" doraHaiUra="126" who="1" fromWho="3" sc="420,0,170,90,306,0,94,-80" /><INIT seed="3,0,0,2,1,3" ten="420,260,306,14" oya="3" hai0="35,72,117,64,82,102,33,122,108,8,75,66,20" hai1="32,98,112,87,14,16,78,56,125,123,126,19,24" hai2="85,111,1,97,113,30,118,109,60,115,61,7,26" hai3="54,79,15,73,10,48,39,46,106,101,81,133,18"/><W57/><G133/><T103/><D122/><U62/><E123/><V77/><F97/><W53/><G39/><T55/><D20/><U22/><E112/><V37/><F37/><W2/><G2/><T88/><D55/><U129/><E129/><V52/><F118/><W47/><G101/><T13/><D108/><N who="2" m="41546" /><F77/><W5/><G106/><T105/><D82/><N who="1" m="47575" /><E98/><V25/><F85/><W91/><G91/><T107/><D13/><U23/><E32/><N who="2" m="20559" /><F26/><W17/><REACH who="3" step="1"/><G47/><REACH who="3" ten="420,260,306,4" step="2"/><T58/><D88/><U49/><E125/><V135/><F135/><W38/><G38/><T96/><D105/><U43/><E126/><V41/><F115/><W11/><G11/><T83/><D8/><U99/><E99/><V131/><F113/><W63/><AGARI ba="0,1" hai="5,10,15,17,18,46,48,53,54,57,63,73,79,81" machi="63" ten="20,7800,0" yaku="1,1,0,1,7,1,52,1,53,0" doraHai="3" doraHaiUra="93" who="3" fromWho="3" sc="420,-26,260,-26,306,-26,4,88" /><INIT seed="3,1,0,3,0,135" ten="394,234,280,92" oya="3" hai0="64,59,129,107,43,27,14,36,94,44,12,97,29" hai1="5,103,42,89,81,106,73,76,88,113,119,67,102" hai2="30,82,91,60,87,77,57,18,25,78,101,108,71" hai3="125,84,109,121,32,7,133,111,90,96,13,2,120"/><W8/><G32/><T10/><D107/><U95/><E67/><V53/><F108/><N who="3" m="41547" /><G96/><T61/><D129/><U116/><E42/><V124/><F124/><W54/><G133/><T79/><D79/><U3/><E5/><V39/><F39/><W68/><G68/><T75/><D75/><U104/><E3/><V51/><F101/><N who="1" m="38409" /><E89/><V130/><F130/><W49/><G2/><T80/><D80/><U55/><E55/><V70/><F18/><W117/><G125/><T66/><D66/><U40/><E40/><V41/><F71/><W69/><G69/><T46/><D46/><U122/><E122/><V11/><F11/><W48/><G117/><N who="1" m="45130" /><E113/><V22/><F70/><W34/><G34/><T98/><D14/><U74/><E74/><V9/><F9/><W20/><G20/><T131/><D131/><U83/><E83/><V105/><F105/><W126/><G126/><T132/><D94/><U33/><E33/><V99/><F99/><AGARI ba="1,0" hai="73,76,81,88,95,99,104,106" m="45130,38409" machi="99" ten="30,7700,0" yaku="12,1,34,2,54,1" doraHai="135" who="1" fromWho="2" sc="394,0,234,80,280,-80,92,0" /><INIT seed="4,0,0,3,5,92" ten="394,314,200,92" oya="0" hai0="4,50,122,131,42,2,127,17,84,119,29,110,113" hai1="120,105,19,53,36,13,51,112,67,89,129,1,128" hai2="9,60,96,22,25,108,76,93,47,121,83,107,30" hai3="106,46,62,38,16,69,14,82,49,45,130,63,58"/><T78/><D122/><U101/><E120/><V124/><F108/><W24/><G130/><N who="1" m="50282" /><E36/><V44/><F124/><W125/><G125/><T57/><D127/><U86/><E1/><V52/><F107/><W11/><G106/><T37/><D131/><U68/><E112/><V98/><F121/><W135/><G135/><T88/><D119/><U6/><E6/><V64/><F9/><W0/><G0/><T21/><D37/><U111/><E111/><V71/><F93/><W54/><G69/><T75/><D2/><U61/><E105/><V104/><F104/><W43/><G58/><T35/><D75/><U118/><E101/><V109/><F109/><W126/><G126/><T12/><D113/><U55/><E51/><V59/><F47/><W134/><G134/><T20/><D35/><U74/><E74/><V81/><F44/><W80/><REACH who="3" step="1"/><G24/><REACH who="3" ten="394,314,200,82" step="2"/><N who="0" m="16519" /><D57/><U26/><E26/><V66/><F71/><W102/><G102/><T27/><D110/><U72/><E118/><V79/><F66/><W90/><G90/><T7/><D27/><U103/><E103/><V133/><F64/><W33/><G33/><T91/><D91/><U31/><E67/><V117/><F133/><W40/><G40/><T23/><D78/><N who="2" m="29738" /><F117/><W77/><G77/><T99/><D42/><U3/><E72/><V95/><F59/><W18/><G18/><T65/><D65/><N who="1" m="41007" /><E3/><V32/><F32/><W56/><G56/><T97/><D17/><U114/><E114/><V70/><F70/><W15/><G15/><T115/><D12/><U34/><E34/><V73/><F73/><W10/><G10/><RYUUKYOKU ba="0,1" sc="394,-10,314,-10,200,-10,82,30" hai3="11,14,16,38,43,45,46,49,54,62,63,80,82" /><INIT seed="5,1,1,0,0,83" ten="384,304,190,112" oya="1" hai0="101,80,39,6,47,126,12,61,115,53,113,121,32" hai1="119,42,8,95,76,69,37,109,86,85,58,129,104" hai2="67,133,122,66,108,10,87,74,19,90,7,111,99" hai3="117,64,116,89,96,105,112,31,98,4,62,135,49"/><U91/><E119/><V43/><F74/><W11/><G112/><N who="0" m="43083" /><D32/><U14/><E104/><V24/><F122/><W130/><G130/><T50/><D121/><U63/><E69/><V21/><F133/><W70/><G135/><T110/><D110/><U28/><E109/><V36/><F99/><W82/><G49/><T34/><D34/><U41/><E28/><V94/><F108/><W103/><G96/><T124/><D101/><U79/><E129/><V73/><F73/><W20/><G20/><T88/><D39/><U33/><E33/><V23/><F23/><W0/><G89/><T30/><D61/><U25/><E25/><V57/><F111/><W45/><G31/><T123/><D30/><U9/><E9/><V35/><F35/><W56/><G56/><T52/><D53/><N who="1" m="34255" /><E37/><V100/><F100/><W44/><REACH who="3" step="1"/><G82/><REACH who="3" ten="384,304,190,102" step="2"/><T16/><D123/><U75/><E79/><V3/><REACH who="2" step="1"/><F57/><REACH who="2" ten="384,304,180,102" step="2"/><W46/><AGARI ba="1,3" hai="0,4,11,44,45,46,62,64,70,98,103,105,116,117" machi="46" ten="30,4000,0" yaku="1,1,2,1,0,1,53,0" doraHai="83" doraHaiUra="125" who="3" fromWho="3" sc="384,-11,304,-21,180,-11,102,73" /><INIT seed="6,0,0,4,3,69" ten="373,283,169,175" oya="2" hai0="111,43,86,82,108,39,74,66,98,135,34,78,90" hai1="103,38,4,62,71,94,40,10,127,95,27,20,12" hai2="50,109,131,83,6,24,35,119,49,76,63,32,134" hai3="60,80,104,28,100,29,33,117,126,107,13,44,106"/><V11/><F119/><W59/><G117/><T45/><D34/><U15/><E127/><V85/><F109/><W124/><G100/><T56/><D135/><U79/><E79/><V120/><F120/><W75/><G13/><T65/><D98/><U53/><E103/><V0/><F134/><W64/><G44/><T8/><D8/><U19/><E71/><V52/><F131/><W68/><G59/><T47/><D47/><U87/><E38/><V18/><F63/><W129/><G129/><T46/><D46/><U99/><E40/><V116/><F116/><W1/><G1/><T14/><D14/><N who="1" m="5447" /><E87/><V72/><F50/><W48/><G48/><T113/><D113/><U122/><E122/><V97/><F97/><W42/><G42/><T73/><D73/><U91/><E95/><V2/><F2/><W57/><G57/><AGARI ba="0,0" hai="12,15,19,20,27,53,57,62,91,94,99" m="5447" machi="57" ten="30,2000,0" yaku="25,1,8,1" doraHai="69" who="1" fromWho="3" sc="373,0,283,20,169,0,175,-20" /><INIT seed="7,0,0,3,0,40" ten="373,303,169,155" oya="3" hai0="62,95,22,13,50,84,103,17,101,122,106,10,75" hai1="30,35,123,131,63,16,31,129,119,99,105,130,98" hai2="8,92,68,82,46,78,132,51,96,49,100,54,25" hai3="23,29,93,21,55,124,59,41,2,87,64,27,121"/><W20/><G121/><T102/><D75/><U9/><E123/><V43/><F132/><W42/><G2/><T88/><D106/><U12/><E119/><V72/><F68/><W38/><G124/><T126/><D126/><U15/><E35/><V65/><F65/><W91/><G64/><T19/><D122/><U26/><E63/><V28/><F8/><W5/><G5/><T110/><D110/><U109/><E109/><V67/><F67/><W77/><G77/><T135/><D135/><U36/><E36/><V111/><F111/><W79/><G79/><T57/><D50/><U24/><E105/><V86/><F72/><W94/><G94/><T3/><D3/><U117/><E117/><V118/><F118/><W44/><REACH who="3" step="1"/><G42/><REACH who="3" ten="373,303,169,145" step="2"/><T134/><D134/><U115/><E129/><V6/><F6/><W11/><G11/><T83/><D95/><U128/><E128/><V52/><REACH who="2" step="1"/><F51/><AGARI ba="0,1" hai="20,21,23,27,29,38,41,44,51,55,59,87,91,93" machi="51" ten="30,11600,0" yaku="1,1,7,1,52,1,53,1" doraHai="40" doraHaiUra="69" who="3" fromWho="2" sc="373,0,303,0,169,-116,145,126" /><INIT seed="7,1,0,5,4,20" ten="373,303,53,271" oya="3" hai0="17,112,79,47,57,28,104,131,43,81,68,115,37" hai1="93,67,46,61,14,113,76,135,128,98,19,110,77" hai2="125,63,102,97,39,33,38,111,106,66,91,114,31" hai3="64,45,119,92,89,35,90,103,49,6,127,60,124"/><W109/><G119/><T51/><D68/><U54/><E110/><V126/><F91/><W121/><G121/><T2/><D104/><U34/><E34/><V134/><F111/><W84/><G109/><T41/><D2/><U70/><E113/><N who="0" m="43593" /><D131/><U99/><E135/><V78/><F134/><W4/><G35/><T80/><D28/><U0/><E0/><V82/><F114/><W86/><G103/><T58/><D81/><U13/><E99/><V133/><F133/><W100/><G100/><T83/><D83/><U59/><E14/><V10/><F10/><W44/><G44/><N who="0" m="23599" /><D17/><U11/><E128/><V52/><F52/><N who="3" m="29743" /><G90/><T101/><D101/><N who="1" m="60623" /><E70/><V71/><F125/><N who="3" m="48203" /><G86/><AGARI ba="1,0" hai="43,47,51,57,58,79,80,86" m="23599,43593" machi="86" ten="30,2000,0" yaku="15,1,11,1" doraHai="20" who="0" fromWho="3" sc="373,23,303,0,53,0,271,-23" owari="396,50.0,303,10.0,53,-45.0,248,-15.0" /></mjloggm>