<mjloggm ver="2.3"><GO type="169" lobby="0"/><UN n0="%6D%61%74%69%6F%73%61%6E" n1="%E3%82%A6%E3%83%AB%E3%83%88%E3%83%A9%E7%AB%8B%E7%9B%B4" n2="%E5%A5%B3%E5%AD%90%E5%8A%9B%E2%98%86%E3%81%94%E3%82%8A%E3%82%89" n3="%74%61%72%6F%33%39%30%30" dan="17,17,17,17" rate="2162.75,2179.35,2121.86,2132.47" sx="M,M,M,M"/><TAIKYOKU oya="0"/><INIT seed="0,0,0,1,1,111" ten="250,250,250,250" oya="0" hai0="68,17,85,16,7,78,119,31,45,118,27,115,29" hai1="112,94,0,92,62,77,30,100,58,11,12,120,114" hai2="80,1,47,127,2,28,22,73,35,60,55,97,70" hai3="67,81,128,57,18,38,15,61,52,133,101,46,102"/><T42/><D68/><U54/><E120/><V39/><F127/><W26/><G128/><T110/><D7/><U122/><E122/><V34/><F22/><W66/><G133/><T53/><D110/><U14/><E0/><V36/><F97/><W4/><G4/><T19/><D53/><U65/><E30/><V86/><F55/><W84/><G26/><T109/><D109/><U6/><E77/><N who="2" m="44079" /><F86/><W106/><G106/><T51/><D115/><N who="1" m="44075" /><E100/><N who="3" m="38506" /><G46/><T75/><D75/><U43/><E43/><N who="2" m="23015" /><F39/><W72/><G38/><T79/><D31/><U98/><E98/><V121/><F121/><W10/><G72/><T59/><D78/><AGARI ba="0,0" hai="10,15,18,52,57,61,66,67,78,81,84" m="38506" machi="78" ten="30,2000,0" yaku="8,1,54,1" doraHai="111" who="3" fromWho="0" sc="250,-20,250,0,250,0,250,20" /><INIT seed="1,0,0,5,5,35" ten="230,250,250,270" oya="1" hai0="71,125,56,82,69,106,96,9,0,23,67,83,64" hai1="123,79,124,43,107,127,25,28,26,121,47,113,32" hai2="76,80,130,114,10,115,117,1,111,48,50,77,62" hai3="37,8,131,57,87,60,112,14,12,73,34,4,63"/><U45/><E107/><V72/><F111/><W81/><G112/><N who="2" m="43049" /><F117/><W109/><G109/><T75/><D56/><U3/><E113/><V110/><F110/><W105/><G131/><T20/><D106/><U27/><E79/><V6/><F130/><W99/><G73/><T86/><D86/><U101/><E101/><V19/><F77/><W135/><G37/><T93/><D93/><U78/><E78/><V21/><F62/><W7/><G34/><T68/><D96/><U95/><E95/><V116/><F116/><W55/><G135/><T41/><D41/><U58/><E58/><V51/><F50/><W91/><G63/><T46/><D46/><N who="1" m="17419" /><E43/><V94/><F94/><W129/><G129/><T102/><D102/><U16/><E3/><V49/><F49/><W118/><G118/><T38/><D71/><U66/><E66/><V120/><F120/><N who="1" m="46153" /><E16/><V22/><F22/><W36/><G36/><T92/><D92/><U53/><E53/><V90/><F90/><W126/><G105/><T89/><D38/><U54/><E54/><V2/><F2/><W65/><G55/><T39/><D39/><U5/><E5/><V42/><F42/><W85/><G99/><T33/><D89/><U104/><E104/><V24/><AGARI ba="0,0" hai="1,6,10,19,21,24,48,51,72,76,80" m="43049" machi="24" ten="30,2000,0" yaku="11,1,52,1" doraHai="35" who="2" fromWho="2" sc="230,-5,250,-10,250,20,270,-5" /><INIT seed="2,0,0,1,0,125" ten="225,240,270,265" oya="2" hai0="53,33,59,75,0,93,82,134,120,126,19,2,107" hai1="88,94,8,124,38,37,79,111,105,121,87,74,25" hai2="57,52,113,48,101,132,43,12,122,4,97,131,63" hai3="22,68,35,77,23,123,114,34,13,5,72,130,96"/><V66/><F113/><W58/><G68/><T99/><D120/><U17/><E124/><V81/><F122/><W117/><G123/><T47/><D126/><U15/><E121/><V60/><F132/><W29/><G117/><T98/><D134/><U128/><E111/><V18/><F4/><W40/><G114/><T106/><D33/><U62/><E105/><V11/><F81/><W32/><G40/><T65/><D106/><U14/><E74/><V27/><F27/><W73/><G58/><T45/><D65/><U67/><E79/><V115/><F115/><W56/><G56/><T78/><D99/><U119/><E119/><V95/><F131/><W36/><G130/><T10/><D107/><U30/><E15/><V116/><F116/><W89/><G36/><T41/><D19/><U24/><E24/><V133/><F133/><W55/><G77/><T104/><D104/><U39/><E128/><V3/><F3/><W76/><G76/><T135/><D135/><U90/><E90/><V83/><F83/><W129/><G89/><T109/><D109/><U84/><E84/><V50/><REACH who="2" step="1"/><F43/><REACH who="2" ten="225,240,260,265" step="2"/><W61/><G129/><T80/><D80/><U102/><E102/><V51/><F51/><W7/><G7/><N who="0" m="1383" /><D2/><U31/><REACH who="1" step="1"/><E25/><REACH who="1" ten="225,230,260,265" step="2"/><V86/><F86/><W92/><G73/><T49/><D41/><U70/><AGARI ba="0,2" hai="8,14,17,30,31,37,38,39,62,67,70,87,88,94" machi="70" ten="30,7900,0" yaku="1,1,2,1,0,1,54,1,53,0" doraHai="125" doraHaiUra="103" who="1" fromWho="1" sc="225,-20,230,99,260,-39,265,-20" /><INIT seed="3,0,0,4,0,60" ten="205,329,221,245" oya="3" hai0="36,123,49,134,87,73,117,7,133,89,109,111,105" hai1="135,9,93,19,14,15,4,121,64,81,76,82,91" hai2="98,114,106,110,57,71,70,127,125,107,92,28,85" hai3="59,50,51,99,46,75,43,2,12,47,32,131,128"/><W35/><G2/><T45/><D73/><U116/><E121/><V24/><F114/><W120/><G120/><T1/><D123/><U52/><E135/><N who="0" m="51721" /><D36/><U130/><E116/><V31/><F110/><N who="0" m="41994" /><D105/><N who="2" m="39946" /><F85/><W126/><G126/><N who="2" m="48137" /><F57/><W41/><G75/><T102/><D102/><U25/><E130/><N who="3" m="49706" /><G99/><T11/><D117/><U119/><E25/><V58/><F58/><W79/><G79/><T17/><D17/><U6/><E19/><V84/><F84/><W86/><G86/><T40/><D87/><U33/><E119/><V95/><F28/><W13/><G59/><T44/><D45/><U112/><E112/><V3/><F3/><W18/><G13/><T122/><D122/><U83/><E15/><V94/><F98/><W103/><G103/><T69/><D89/><U56/><E14/><V22/><AGARI ba="0,0" hai="22,24,31,70,71,92,94,95" m="48137,39946" machi="22" ten="40,1500,0" yaku="18,1" doraHai="60" who="2" fromWho="2" sc="205,-4,329,-4,221,15,245,-7" /><INIT seed="4,0,0,2,3,110" ten="201,325,236,238" oya="0" hai0="116,45,73,54,118,30,17,74,122,42,56,58,112" hai1="101,67,108,24,2,15,36,113,86,7,62,9,63" hai2="18,41,33,13,129,44,47,11,55,0,81,25,10" hai3="28,21,39,34,68,12,135,79,52,64,124,23,133"/><T107/><D122/><U50/><E108/><V5/><F129/><W22/><G124/><T117/><D107/><U83/><E36/><V4/><F41/><W97/><G39/><T111/><D111/><U100/><E2/><V20/><F33/><W84/><G97/><T98/><D98/><U49/><E24/><V114/><F114/><W123/><G123/><T102/><D102/><U3/><E113/><V57/><REACH who="2" step="1"/><F81/><REACH who="2" ten="201,325,226,238" step="2"/><W92/><G34/><T103/><D112/><U88/><E3/><V91/><F91/><W19/><G135/><T85/><D103/><U35/><E35/><V132/><F132/><W126/><G133/><T94/><D117/><U90/><E90/><V106/><F106/><W48/><G126/><T60/><D118/><U40/><E40/><V37/><F37/><W78/><G78/><T87/><D116/><U65/><E101/><V6/><F6/><W76/><G76/><T134/><D134/><U8/><E100/><V51/><AGARI ba="0,1" hai="0,4,5,10,11,13,18,20,25,44,47,51,55,57" machi="51" ten="20,2700,0" yaku="1,1,0,1,7,1,53,0" doraHai="110" doraHaiUra="121" who="2" fromWho="2" sc="201,-13,325,-7,226,37,238,-7" /><INIT seed="5,0,0,2,1,107" ten="188,318,263,231" oya="1" hai0="103,96,17,12,9,18,130,20,89,54,35,11,44" hai1="71,83,70,100,26,2,31,61,27,24,8,5,81" hai2="77,106,15,111,117,104,94,47,126,23,25,55,41" hai3="115,3,46,86,45,53,75,38,78,7,6,132,120"/><U125/><E125/><V98/><F111/><W40/><G120/><T28/><D130/><U92/><E31/><V73/><F55/><W65/><G115/><T122/><D122/><U0/><E0/><V112/><F15/><W129/><G129/><T113/><D113/><U110/><E110/><V68/><F68/><W21/><G132/><T133/><D133/><U13/><E2/><V93/><F93/><W95/><G65/><T14/><D89/><U91/><E100/><V87/><F117/><W121/><G121/><T50/><D35/><U97/><E70/><V79/><F87/><W60/><G3/><T4/><D28/><U67/><AGARI ba="0,0" hai="5,8,13,24,26,27,61,67,71,81,83,91,92,97" machi="67" ten="30,1500,0" yaku="0,1" doraHai="107" who="1" fromWho="1" sc="188,-5,318,15,263,-5,231,-5" /><INIT seed="5,1,0,2,0,130" ten="183,333,258,226" oya="1" hai0="25,64,79,103,89,115,30,122,85,42,32,126,51" hai1="19,119,60,14,29,125,77,81,24,55,66,4,44" hai2="100,84,70,129,132,75,1,11,116,88,20,54,101" hai3="50,15,18,43,135,7,82,99,73,49,128,22,69"/><U124/><E119/><V31/><F116/><W8/><G128/><T63/><D115/><U59/><E4/><V28/><F75/><W2/><G69/><T10/><D126/><U97/><E97/><V72/><F72/><W68/><G68/><T53/><D122/><U110/><E110/><V117/><F117/><W62/><G62/><T17/><D42/><U106/><E106/><V127/><F70/><W95/><G43/><T92/><D79/><U26/><E29/><V35/><F35/><W34/><G34/><T3/><D103/><U16/><E19/><V13/><F1/><W113/><G113/><T12/><D3/><U48/><E125/><V57/><F129/><W23/><G23/><T71/><D51/><U86/><REACH who="1" step="1"/><E124/><REACH who="1" ten="183,323,258,226" step="2"/><V120/><F127/><W0/><G7/><T112/><D112/><U102/><E102/><V58/><F31/><W105/><G105/><T93/><D30/><U52/><E52/><V96/><F54/><W9/><G18/><T56/><D53/><U108/><E108/><V111/><F111/><W74/><G99/><T91/><D17/><U40/><E40/><V83/><F96/><W65/><G0/><T90/><D32/><U41/><E41/><V80/><F28/><W114/><G2/><T5/><D5/><U94/><E94/><V47/><F101/><W133/><G95/><T61/><D93/><U38/><E38/><V78/><F100/><W87/><G114/><T134/><D92/><U98/><E98/><V131/><F131/><W27/><G82/><T36/><D36/><U123/><E123/><V109/><F120/><RYUUKYOKU ba="1,1" sc="183,-10,323,30,258,-10,226,-10" hai1="14,16,24,26,44,48,55,59,60,66,77,81,86" /><INIT seed="5,2,1,0,1,80" ten="173,353,248,216" oya="1" hai0="15,44,116,102,96,39,26,100,90,101,14,91,13" hai1="114,71,6,7,95,45,4,88,62,125,108,87,32" hai2="30,82,33,21,54,65,24,53,113,51,93,47,55" hai3="132,3,84,61,77,41,27,43,19,72,48,75,106"/><U9/><E32/><V89/><F113/><W29/><G106/><T46/><D116/><U38/><E114/><V1/><F1/><W135/><G3/><T104/><D104/><U121/><E121/><V97/><F65/><W85/><G19/><T98/><D26/><U17/><E125/><V126/><F126/><W73/><G77/><T5/><D39/><U99/><E108/><V35/><REACH who="2" step="1"/><F82/><REACH who="2" ten="173,353,238,216" step="2"/><W22/><G61/><T42/><D5/><U31/><E62/><V40/><AGARI ba="2,2" hai="21,24,30,33,35,40,47,51,53,54,55,89,93,97" machi="40" ten="30,4000,0" yaku="1,1,2,1,0,1,53,0" doraHai="80" doraHaiUra="57" who="2" fromWho="2" sc="173,-12,353,-22,238,66,216,-12" /><INIT seed="6,0,0,3,5,116" ten="161,331,304,204" oya="2" hai0="39,43,40,87,101,6,77,66,117,19,4,135,118" hai1="69,49,1,59,86,46,54,72,131,83,108,2,127" hai2="104,58,102,96,93,13,68,63,90,27,52,12,41" hai3="119,62,7,35,33,14,112,22,11,126,114,85,25"/><V76/><F68/><W105/><G105/><T10/><D101/><U125/><E69/><V79/><F41/><N who="0" m="15946" /><D39/><U124/><E108/><V89/><F27/><W130/><G85/><T78/><D66/><U113/><E72/><V120/><F120/><W44/><G62/><T132/><D19/><U91/><E113/><N who="3" m="43626" /><G44/><T45/><D45/><U36/><E131/><V133/><F133/><N who="0" m="51274" /><D87/><U115/><E115/><V37/><F37/><W95/><G95/><T18/><D18/><U8/><E36/><V30/><F30/><N who="3" m="17719" /><G119/><N who="0" m="45579" /><D10/><U38/><E8/><V92/><F104/><W84/><G84/><T29/><D29/><U67/><E38/><V107/><F107/><W103/><G103/><T23/><D23/><U57/><E46/><V47/><F47/><W134/><G134/><T50/><D50/><U28/><E28/><V61/><F61/><AGARI ba="0,0" hai="1,2,49,54,57,59,61,67,83,86,91,124,125,127" machi="61" ten="40,1300,0" yaku="18,1" doraHai="116" who="1" fromWho="2" sc="161,0,331,13,304,-13,204,0" /><INIT seed="7,0,0,0,3,8" ten="161,344,291,204" oya="3" hai0="87,105,0,49,134,70,114,121,90,9,135,67,31" hai1="62,41,88,82,129,64,44,21,73,48,84,57,113" hai2="104,131,69,3,85,72,23,59,77,86,76,53,75" hai3="94,30,117,14,123,79,107,68,39,20,74,35,32"/><W119/><G107/><T130/><D121/><U71/><E73/><V116/><F116/><W95/><G123/><T55/><D105/><U120/><E120/><V81/><F69/><W45/><G68/><T89/><D31/><U92/><E113/><V24/><F3/><W60/><G60/><T47/><D114/><U110/><E110/><V22/><F104/><W19/><G117/><T26/><D26/><U125/><E125/><V18/><F131/><W109/><G119/><T6/><D130/><U124/><E124/><V63/><F22/><W80/><G109/><T10/><D70/><U56/><E129/><V128/><F128/><W46/><G46/><T50/><D67/><U115/><E115/><V122/><F122/><W2/><G2/><T17/><D49/><U100/><E21/><V96/><F96/><W28/><G28/><T66/><D66/><U108/><E108/><V126/><F126/><W98/><G30/><T102/><D102/><U43/><E43/><V36/><F36/><W11/><G20/><T65/><D65/><U15/><E15/><V29/><F29/><W106/><G106/><T5/><D17/><U37/><E37/><V118/><F118/><W12/><G35/><T1/><REACH who="0" step="1"/><D90/><REACH who="0" ten="151,344,291,204" step="2"/><U91/><E100/><V42/><F18/><N who="3" m="8479" /><G32/><T27/><D27/><U133/><E71/><V34/><F24/><W54/><G39/><T58/><D58/><U112/><E57/><V40/><F59/><W78/><G19/><T61/><D61/><U38/><E38/><V13/><F63/><W7/><G45/><T16/><D16/><U52/><E44/><RYUUKYOKU ba="0,1" sc="151,30,344,-10,291,-10,204,-10" hai0="0,1,5,6,9,10,47,50,55,87,89,134,135" owari="181,-32.0,344,45.0,281,8.0,194,-21.0" /></mjloggm>