<mjloggm ver="2.3"><GO type="169" lobby="0"/><UN n0="%E2%80%A0%E3%81%BE%E3%83%BC%E5%9D%8A%E2%80%A0" n1="%E7%84%9A%E3%81%8D%E7%81%AB" n2="%E3%82%A6%E3%83%AB%E3%83%88%E3%83%A9%E7%AB%8B%E7%9B%B4" n3="%E3%82%AF%E3%83%AA%E3%82%B9%E3%82%AB" dan="16,17,17,16" rate="2077.17,2216.14,2163.82,2083.67" sx="M,M,M,M"/><TAIKYOKU oya="0"/><INIT seed="0,0,0,3,5,20" ten="250,250,250,250" oya="0" hai0="100,15,124,112,117,86,28,80,133,50,76,64,83" hai1="120,101,68,79,49,103,53,69,123,38,33,130,125" hai2="37,108,22,75,88,82,48,5,94,97,78,51,3" hai3="92,25,102,110,89,67,44,31,43,23,118,56,116"/><T17/><D112/><U132/><E38/><V2/><F108/><W57/><G110/><T115/><D115/><U126/><E79/><V128/><F128/><W30/><G30/><T73/><D117/><U0/><E0/><V36/><F2/><W27/><G102/><N who="1" m="38922" /><E33/><V65/><F65/><W34/><G67/><T19/><D124/><N who="1" m="47723" /><E130/><V10/><F51/><W39/><G116/><T45/><D133/><U91/><E91/><V13/><F48/><W35/><G118/><T7/><D100/><U90/><E90/><V62/><F62/><W96/><G35/><T54/><D28/><U26/><E26/><V122/><F122/><N who="1" m="46633" /><E132/><V72/><F72/><W59/><G57/><AGARI ba="0,0" hai="49,53,57,68,69" m="46633,47723,38922" machi="57" ten="30,1000,0" yaku="18,1" doraHai="20" who="1" fromWho="3" sc="250,0,250,10,250,0,250,-10" /><INIT seed="1,0,0,5,3,99" ten="250,260,250,240" oya="1" hai0="7,120,129,24,108,61,35,124,51,46,60,31,96" hai1="38,45,28,80,100,91,70,23,13,89,112,66,78" hai2="2,11,33,114,20,81,63,127,88,34,122,98,55" hai3="65,134,87,103,92,126,67,73,131,128,86,16,82"/><U26/><E112/><V85/><F122/><W39/><G39/><T29/><D120/><U37/><E70/><V119/><F119/><W50/><G67/><T19/><D108/><U3/><E66/><V83/><F127/><W62/><G50/><T56/><D124/><U40/><E38/><V22/><F114/><W5/><G5/><T107/><D129/><N who="3" m="49737" /><G126/><T57/><D7/><U17/><E3/><V21/><F2/><W75/><G134/><T53/><D29/><U74/><REACH who="1" step="1"/><E100/><REACH who="1" ten="250,250,250,240" step="2"/><V54/><F34/><AGARI ba="0,1" hai="13,17,23,26,28,34,37,40,45,74,78,80,89,91" machi="34" ten="30,5800,0" yaku="1,1,2,1,7,1,53,0" doraHai="99" doraHaiUra="6" who="1" fromWho="2" sc="250,0,250,68,250,-58,240,0" /><INIT seed="1,1,0,4,1,13" ten="250,318,192,240" oya="1" hai0="109,110,20,78,125,57,86,99,17,60,23,15,24" hai1="48,29,101,10,114,80,44,56,93,40,21,32,91" hai2="9,117,73,115,87,35,68,61,120,94,123,36,39" hai3="46,38,49,11,31,22,103,59,67,1,72,54,92"/><U130/><E114/><V108/><F87/><W76/><G72/><T25/><D125/><U2/><E32/><V47/><F94/><W88/><G76/><T104/><D104/><U131/><E101/><V97/><F97/><W107/><G107/><T66/><D99/><U53/><E80/><V84/><F84/><W58/><G103/><T132/><D132/><U100/><E100/><V51/><F9/><W75/><G75/><T121/><D121/><U3/><E29/><V18/><F35/><W81/><G81/><N who="0" m="47415" /><D23/><U79/><E79/><V34/><F34/><W0/><G38/><T64/><D64/><U27/><E10/><V30/><F30/><W133/><G133/><T90/><D90/><U126/><E126/><V33/><F33/><W16/><G67/><T98/><D98/><N who="1" m="57663" /><E27/><V89/><F73/><W134/><G134/><T77/><D77/><U74/><E21/><V42/><F89/><W111/><G1/><T95/><D95/><U45/><E45/><V14/><F117/><W82/><G82/><T8/><D8/><U122/><E122/><V69/><F115/><W85/><G111/><AGARI ba="1,0" hai="15,17,20,24,25,57,60,66,109,110,111" m="47415" machi="111" ten="30,2000,0" yaku="14,1,52,1" doraHai="13" who="0" fromWho="3" sc="250,23,318,0,192,0,240,-23" /><INIT seed="2,0,0,3,4,103" ten="273,318,192,217" oya="2" hai0="14,2,68,73,75,44,69,47,64,107,85,0,72" hai1="80,133,22,100,30,81,49,99,46,54,31,41,24" hai2="117,111,59,135,60,56,67,27,82,1,86,33,23" hai3="52,51,66,13,57,84,134,6,19,7,115,53,10"/><V36/><F117/><W105/><G134/><T123/><D14/><U37/><E133/><V58/><F135/><W125/><G125/><T118/><D123/><U108/><E108/><V128/><F111/><W130/><G130/><T63/><D118/><U4/><E4/><V25/><F128/><W9/><G115/><T101/><D85/><U29/><E80/><V104/><F36/><W16/><G105/><T92/><D92/><U132/><E132/><V112/><F1/><W55/><G66/><T106/><D69/><U77/><E41/><V89/><F112/><W79/><G7/><T28/><D28/><U62/><E62/><V124/><F124/><W116/><G116/><T78/><D78/><U91/><E91/><V5/><F104/><N who="0" m="39978" /><D101/><U34/><E34/><V12/><F33/><W114/><G114/><T96/><D96/><U113/><E37/><V93/><F93/><W48/><G9/><T76/><D47/><U39/><E113/><V26/><REACH who="2" step="1"/><F23/><REACH who="2" ten="273,318,182,217" step="2"/><W131/><G131/><T126/><D126/><U98/><E22/><V42/><F42/><W95/><G95/><T40/><D76/><U121/><E77/><V119/><F119/><W8/><G8/><AGARI ba="0,1" hai="5,8,12,25,26,27,56,58,59,60,67,82,86,89" machi="8" ten="40,3900,0" yaku="1,1,8,1,53,0" doraHai="103" doraHaiUra="50" who="2" fromWho="3" sc="273,0,318,0,182,49,217,-39" /><INIT seed="2,1,0,0,1,49" ten="273,318,231,178" oya="2" hai0="6,101,30,91,47,74,53,21,56,90,112,46,59" hai1="13,89,11,113,27,68,104,87,103,124,98,55,105" hai2="24,126,26,93,3,114,25,66,131,62,97,125,64" hai3="116,48,41,110,81,102,36,76,78,123,95,67,45"/><V121/><F3/><W73/><G116/><T12/><D112/><U42/><E113/><V38/><F114/><W63/><G110/><T65/><D74/><U57/><E68/><V79/><F121/><W69/><G123/><T135/><D135/><U15/><E124/><N who="2" m="47723" /><F131/><W107/><G78/><T9/><D101/><U18/><E42/><V133/><F133/><W92/><G107/><T23/><D65/><U40/><E40/><V7/><F38/><W61/><G102/><T50/><D59/><U0/><E105/><V100/><F7/><W109/><G109/><T34/><D34/><U106/><E106/><V83/><F62/><W60/><G60/><T31/><D23/><U29/><E0/><V54/><F54/><W84/><G73/><AGARI ba="1,0" hai="24,25,26,64,66,73,79,83,93,97,100" m="47723" machi="73" ten="30,1500,0" yaku="18,1" doraHai="49" who="2" fromWho="3" sc="273,0,318,0,231,18,178,-18" /><INIT seed="2,2,0,3,2,72" ten="273,318,249,160" oya="2" hai0="84,51,27,30,59,61,90,64,87,24,120,1,26" hai1="23,36,83,130,92,85,25,33,18,101,45,110,86" hai2="31,34,127,70,99,11,0,21,57,49,40,123,119" hai3="44,66,94,116,124,77,8,43,9,10,17,32,100"/><V13/><F70/><W75/><G116/><T129/><D120/><U69/><E69/><V112/><F112/><W65/><G32/><T6/><D129/><U134/><E130/><V16/><F119/><W68/><G68/><T93/><D1/><U125/><E33/><V81/><F123/><W37/><G124/><T42/><D6/><U29/><E125/><V106/><F127/><W126/><G126/><T52/><D42/><U95/><E134/><V109/><F109/><W7/><G17/><T80/><D30/><U58/><E110/><V20/><F34/><W79/><G7/><T15/><D15/><U60/><E36/><V91/><F0/><W50/><G37/><T2/><D2/><U78/><E45/><N who="2" m="25767" /><F106/><W97/><G75/><T89/><REACH who="0" step="1"/><D24/><REACH who="0" ten="263,318,249,160" step="2"/><U96/><E96/><V76/><F31/><W105/><REACH who="3" step="1"/><G105/><REACH who="3" ten="263,318,249,150" step="2"/><T114/><D114/><U54/><E29/><V115/><F115/><W73/><G73/><T3/><D3/><U107/><E107/><V63/><F16/><W46/><G46/><AGARI ba="2,2" hai="26,27,46,51,52,59,61,64,80,84,87,89,90,93" machi="46" ten="30,8000,1" yaku="1,1,7,1,8,1,54,1,53,1" doraHai="72" doraHaiUra="41" who="0" fromWho="3" sc="263,106,318,0,249,0,150,-86" /><INIT seed="3,0,0,5,4,135" ten="369,318,249,64" oya="3" hai0="119,61,17,28,21,5,63,12,24,113,31,129,71" hai1="81,70,0,10,65,76,36,90,124,14,18,52,121" hai2="42,97,74,126,91,59,131,80,108,67,32,64,118" hai3="66,116,82,40,55,15,49,16,79,48,117,85,58"/><W83/><G66/><T60/><D113/><U100/><E121/><V35/><F59/><W11/><G40/><T47/><D119/><U102/><E36/><V38/><F38/><W115/><G115/><T41/><D129/><U120/><E120/><V95/><F42/><W44/><REACH who="3" step="1"/><G83/><REACH who="3" ten="369,318,249,54" step="2"/><T105/><D71/><U56/><E65/><V8/><F80/><W111/><G111/><T4/><D41/><U50/><E70/><V7/><F67/><W54/><AGARI ba="0,1" hai="11,15,16,44,48,49,54,55,58,79,82,85,116,117" machi="54" ten="20,18000,2" yaku="1,1,0,1,7,1,54,1,53,2" doraHai="135" doraHaiUra="112" who="3" fromWho="3" sc="369,-60,318,-60,249,-60,54,190" /><INIT seed="3,1,0,0,2,101" ten="309,258,189,244" oya="3" hai0="62,51,70,85,122,110,78,68,107,31,131,44,19" hai1="33,132,14,52,73,71,118,60,65,99,74,108,97" hai2="105,87,50,36,93,114,59,2,23,61,89,56,54" hai3="133,109,75,53,92,58,124,80,37,125,25,90,7"/><W76/><G37/><T84/><D122/><U94/><E118/><V46/><F114/><W120/><G120/><T24/><D110/><U3/><E3/><V16/><F2/><W49/><G109/><T72/><D131/><U13/><E108/><V86/><F36/><W21/><G7/><T113/><D19/><U119/><E119/><V95/><F105/><W102/><G102/><T28/><D28/><U112/><E112/><V26/><F61/><W15/><G133/><T96/><D72/><U8/><E13/><V47/><F59/><W135/><G135/><T129/><D78/><U45/><E33/><V121/><F121/><W117/><G117/><T34/><D70/><U106/><E99/><V81/><REACH who="2" step="1"/><F95/><REACH who="2" ten="309,258,179,244" step="2"/><W79/><G124/><T57/><D113/><U29/><E106/><V10/><F10/><W30/><G125/><T91/><D57/><U127/><E132/><V63/><F63/><W103/><G92/><T20/><D107/><U104/><E104/><V98/><F98/><W27/><G58/><T130/><D96/><U18/><E127/><V11/><F11/><W43/><G75/><T66/><D130/><U116/><E116/><V35/><F35/><W123/><G123/><T111/><D34/><U69/><E69/><V42/><F42/><W82/><G43/><N who="0" m="24991" /><D129/><U134/><E134/><V6/><F6/><W128/><G128/><T38/><D111/><U9/><E74/><V17/><F17/><W67/><G30/><T55/><D38/><U41/><E29/><V22/><F22/><W83/><G21/><T48/><D31/><U100/><E73/><RYUUKYOKU ba="1,1" sc="309,-10,258,-10,179,30,244,-10" hai2="16,23,26,46,47,50,54,56,81,86,87,89,93" /><INIT seed="4,2,1,3,4,112" ten="299,248,209,234" oya="0" hai0="69,67,56,45,48,95,24,99,16,111,6,73,53" hai1="28,109,7,22,42,115,84,20,43,135,97,47,36" hai2="90,129,106,54,125,77,79,71,87,68,35,3,60" hai3="21,80,116,23,2,32,100,83,119,93,49,123,94"/><T128/><D73/><U66/><E109/><V39/><F3/><W124/><G2/><T75/><D75/><U58/><E43/><V127/><F106/><W122/><G49/><T110/><D128/><U89/><E115/><V40/><F35/><W10/><G10/><T92/><D6/><U108/><E108/><N who="0" m="41513" /><D69/><U25/><E135/><V15/><F40/><W46/><G46/><T1/><D1/><U118/><E7/><V133/><F39/><W34/><G100/><T103/><D67/><U27/><E97/><V26/><F26/><W31/><G31/><T72/><D72/><U65/><E58/><N who="2" m="34903" /><F15/><W82/><REACH who="3" step="1"/><G80/><REACH who="3" ten="299,248,209,224" step="2"/><T64/><D45/><U0/><E0/><V52/><F133/><W62/><G62/><T50/><D50/><U88/><E28/><V5/><F5/><W44/><G44/><T18/><D103/><U41/><E47/><V14/><F129/><W81/><G81/><T114/><D114/><U9/><E9/><V91/><F125/><AGARI ba="2,2" hai="21,23,32,34,82,83,93,94,116,119,122,123,124,125" machi="125" ten="25,12000,2" yaku="1,1,22,2,52,2,53,2" doraHai="112" doraHaiUra="78" who="3" fromWho="2" sc="299,0,248,0,209,-126,224,146" /><INIT seed="5,0,0,3,5,42" ten="299,248,83,370" oya="1" hai0="100,110,50,57,107,85,34,127,119,96,81,29,62" hai1="113,54,44,16,69,15,3,117,130,45,101,17,12" hai2="7,28,73,71,32,30,108,89,122,49,90,134,94" hai3="129,4,114,60,87,51,82,132,66,5,128,83,53"/><U102/><E3/><V21/><F21/><W33/><BYE who="2" /><G33/><T31/><D110/><U2/><E2/><UN n2="%E3%82%A6%E3%83%AB%E3%83%88%E3%83%A9%E7%AB%8B%E7%9B%B4" /><V135/><F49/><W63/><G114/><T41/><D119/><U6/><E117/><V93/><F7/><N who="3" m="2635" /><G132/><T46/><D34/><U8/><E69/><V26/><F32/><W22/><G22/><T37/><D37/><U118/><E118/><V103/><F103/><N who="1" m="39433" /><E113/><V68/><F26/><W74/><G74/><T125/><D125/><U65/><E130/><N who="3" m="50282" /><G66/><T84/><D127/><U36/><E36/><V13/><F13/><W76/><G83/><T88/><REACH who="0" step="1"/><D84/><REACH who="0" ten="289,248,83,370" step="2"/><U126/><E126/><V67/><F73/><W80/><G80/><T133/><D133/><U70/><E70/><V92/><F108/><W58/><AGARI ba="0,1" hai="51,53,58,60,63,76,82,87" m="50282,2635" machi="58" ten="30,1100,0" yaku="19,1" doraHai="42" who="3" fromWho="3" sc="289,-3,248,-5,83,-3,370,21" /><INIT seed="6,0,0,1,5,31" ten="286,243,80,391" oya="2" hai0="103,17,56,101,105,110,96,1,28,18,44,68,100" hai1="26,30,124,45,5,65,35,91,37,127,118,114,132" hai2="42,94,2,41,24,47,88,131,87,11,60,27,46" hai3="55,14,135,113,21,54,57,79,70,6,52,10,48"/><V61/><F131/><W95/><G70/><T73/><D1/><U67/><E118/><V50/><F2/><W43/><G135/><T109/><D18/><U0/><E91/><V29/><F11/><W66/><G113/><T85/><D73/><U23/><E114/><V130/><F130/><W80/><G66/><T20/><D68/><U71/><E132/><V90/><F90/><W108/><G108/><T99/><D100/><U7/><E23/><V4/><F4/><W78/><G43/><T121/><D28/><U86/><E86/><V133/><F133/><W22/><G79/><T117/><D121/><U82/><E82/><V102/><F102/><W134/><G134/><T16/><D17/><U115/><E115/><V89/><F89/><W69/><G69/><T64/><D44/><U92/><E92/><V119/><F119/><W34/><G34/><T53/><D64/><U25/><E25/><V12/><F12/><W77/><G77/><T39/><D39/><U74/><E74/><V58/><F58/><W123/><G95/><T8/><D8/><N who="1" m="2087" /><E7/><V40/><F40/><W33/><G33/><T116/><D116/><U72/><E72/><V62/><REACH who="2" step="1"/><F29/><REACH who="2" ten="286,243,70,391" step="2"/><W107/><G123/><T3/><D117/><U76/><E71/><V63/><N who="2" m="15360" /><DORA hai="128" /><V126/><F126/><N who="1" m="48169" /><E76/><V19/><F19/><W125/><G125/><T32/><D3/><U106/><E67/><V9/><F9/><W13/><G10/><T112/><D112/><U104/><E65/><V97/><F97/><W93/><G6/><T122/><D103/><U84/><E30/><V59/><F59/><RYUUKYOKU ba="0,1" sc="286,-10,243,-10,70,30,391,-10" hai2="24,27,41,42,46,47,50,87,88,94" /><INIT seed="6,1,1,1,1,82" ten="276,233,100,381" oya="2" hai0="129,29,89,95,106,58,122,44,111,2,48,67,17" hai1="107,88,37,91,8,116,100,54,39,110,47,10,59" hai2="103,5,93,77,130,31,46,134,41,126,133,6,98" hai3="43,102,40,4,132,7,30,21,56,19,94,131,70"/><V51/><F126/><W36/><G70/><T113/><D2/><U84/><E116/><V104/><F130/><W52/><G30/><T72/><D122/><U124/><E110/><V64/><F77/><W97/><G132/><N who="2" m="50793" /><F64/><W45/><G131/><T63/><D111/><U66/><E124/><V49/><F31/><W15/><G40/><T53/><D106/><U60/><E91/><V101/><F51/><AGARI ba="1,1" hai="4,7,15,19,21,36,43,45,51,52,56,94,97,102" machi="51" ten="30,2000,0" yaku="7,1,54,1" doraHai="82" who="3" fromWho="2" sc="276,0,233,0,100,-23,381,33" /><INIT seed="7,0,0,2,0,59" ten="276,233,77,414" oya="3" hai0="44,19,80,56,69,99,118,7,36,131,55,63,95" hai1="133,37,35,57,124,94,78,24,22,50,39,113,110" hai2="114,93,73,112,15,47,128,0,82,86,16,45,115" hai3="31,77,48,65,38,10,109,84,130,75,76,60,52"/><W135/><G75/><T40/><D118/><U119/><E35/><V67/><F0/><W9/><G38/><T26/><D131/><U74/><E110/><V106/><F106/><W62/><G130/><T66/><D7/><U101/><E119/><V6/><F128/><W96/><G31/><T88/><D80/><U81/><E124/><V20/><F6/><W71/><G135/><T89/><D26/><U134/><E113/><V8/><F73/><W121/><G121/><T3/><D19/><U126/><E126/><V34/><F34/><W70/><G96/><T41/><D41/><U49/><E37/><V87/><F93/><W25/><G25/><T123/><D3/><U72/><E39/><V111/><F111/><W58/><G109/><T64/><D123/><U61/><E74/><V103/><F103/><W23/><G23/><T79/><D79/><U2/><E2/><V132/><F132/><W21/><G21/><T100/><D66/><U13/><E134/><V102/><F102/><W98/><G98/><T43/><D43/><U14/><E133/><V92/><F92/><W11/><G84/><T91/><D100/><U129/><E129/><V116/><F116/><W108/><G108/><T85/><D85/><U117/><E117/><V18/><F67/><AGARI ba="0,0" hai="9,10,11,48,52,58,60,62,65,67,70,71,76,77" machi="67" ten="40,12000,1" yaku="9,1,52,2,54,1" doraHai="59" who="3" fromWho="2" sc="276,0,233,0,77,-120,414,120" owari="276,8.0,233,-17.0,-43,-54.0,534,63.0" /></mjloggm>