<mjloggm ver="2.3"><GO type="169" lobby="0"/><UN n0="%E3%81%AB%E3%81%9B%E6%82%9F%E7%A9%BA" n1="%48%6F%6F%6F%6F%6F%6F%69" n2="%E3%82%A6%E3%83%AB%E3%83%88%E3%83%A9%E7%AB%8B%E7%9B%B4" n3="%E3%82%82%E3%82%84%E3%81%97%E3%82%82%E3%82%93" dan="17,16,17,16" rate="2159.99,2154.37,2223.36,2155.62" sx="M,M,M,F"/><TAIKYOKU oya="0"/><INIT seed="0,0,0,2,5,35" ten="250,250,250,250" oya="0" hai0="110,88,81,104,33,99,69,57,78,26,74,68,83" hai1="92,115,102,70,85,20,32,8,94,86,34,89,48" hai2="15,19,66,120,98,16,100,5,3,87,2,117,52" hai3="135,77,67,7,97,90,42,1,111,9,60,91,107"/><T122/><D122/><U79/><E70/><V21/><F120/><W27/><G111/><T128/><D128/><U40/><E115/><V55/><F66/><W44/><G135/><T10/><D110/><U82/><E20/><V95/><F117/><W29/><G77/><T119/><D119/><U22/><E22/><V59/><F5/><W13/><G13/><T126/><D126/><U36/><E36/><V106/><F19/><W45/><G107/><T129/><D129/><U53/><E40/><V132/><F132/><W47/><G42/><T38/><D38/><U28/><E28/><V31/><F31/><W76/><G76/><T103/><D57/><U41/><E41/><V101/><F101/><W75/><G75/><T54/><D54/><U105/><E105/><V133/><F133/><W39/><G97/><T30/><REACH who="0" step="1"/><D10/><REACH who="0" ten="240,250,250,250" step="2"/><U49/><E53/><V50/><F55/><W51/><G39/><T124/><D124/><U46/><E46/><V84/><REACH who="2" step="1"/><F106/><REACH who="2" ten="240,250,240,250" step="2"/><W25/><G47/><T130/><D130/><U4/><E49/><V18/><F18/><W43/><G45/><T71/><D71/><U125/><E48/><V0/><AGARI ba="0,2" hai="0,2,3,15,16,21,50,52,59,84,87,95,98,100" machi="0" ten="30,12000,2" yaku="1,1,0,1,52,3,54,2,53,0" doraHai="35" doraHaiUra="127" who="2" fromWho="2" sc="240,-60,250,-30,240,140,250,-30" /><INIT seed="1,0,0,2,2,4" ten="180,220,380,220" oya="1" hai0="73,134,55,124,90,18,29,31,79,115,94,117,84" hai1="110,125,26,128,87,8,108,93,112,21,16,11,37" hai2="88,30,107,40,71,109,25,74,127,39,105,85,130" hai3="20,77,53,46,82,67,92,60,132,6,62,81,49"/><U41/><E112/><V43/><F74/><W27/><G132/><T13/><D115/><U7/><E7/><V63/><F39/><W129/><G129/><T35/><D117/><U122/><E122/><V58/><F71/><W68/><G6/><T75/><D134/><U123/><E123/><V126/><F130/><W89/><G62/><T121/><D121/><U76/><E128/><V106/><F109/><N who="1" m="42089" /><E125/><N who="2" m="47627" /><F58/><N who="3" m="37271" /><G77/><T36/><D36/><U50/><E37/><V101/><F63/><W51/><G49/><T0/><D124/><U64/><E64/><V12/><F12/><W133/><G68/><T86/><D0/><U95/><E76/><V120/><F101/><W3/><G3/><T118/><D118/><U119/><E119/><V131/><F131/><W10/><G10/><N who="1" m="3626" /><E87/><V116/><F116/><W1/><G133/><T14/><D79/><U65/><E65/><V34/><F120/><W114/><G114/><T99/><D84/><U45/><AGARI ba="0,0" hai="16,21,26,41,45,50,93,95" m="3626,42089" machi="45" ten="30,18000,2" yaku="14,1,10,1,52,3,54,1" doraHai="4" who="1" fromWho="1" sc="180,-60,220,180,380,-60,220,-60" /><INIT seed="1,1,0,1,4,6" ten="120,400,320,160" oya="1" hai0="8,73,101,104,84,108,122,81,51,48,112,132,12" hai1="33,78,82,96,25,129,29,65,53,61,105,3,91" hai2="113,99,94,31,127,126,24,34,130,134,37,17,58" hai3="60,36,22,89,85,109,98,35,26,114,52,55,45"/><U75/><E129/><V102/><F37/><W128/><G114/><T68/><D112/><U27/><E27/><V119/><F119/><W107/><G128/><T116/><D116/><U97/><E53/><V110/><F130/><W41/><G35/><T21/><D68/><U43/><E43/><V56/><F113/><W95/><G109/><T103/><D73/><U28/><E28/><V63/><F110/><W50/><G60/><T19/><D108/><U115/><E115/><V47/><F134/><W1/><G1/><T92/><D132/><U71/><E91/><V93/><F47/><W30/><G107/><T15/><D104/><U69/><E96/><V64/><F93/><W7/><G7/><T39/><D39/><U66/><E3/><V100/><F100/><W46/><REACH who="3" step="1"/><G55/><REACH who="3" ten="120,400,320,150" step="2"/><T83/><D122/><U88/><E66/><V124/><F64/><W117/><G117/><T23/><D19/><U74/><E69/><V49/><F17/><W10/><G10/><T67/><D67/><U44/><E105/><V106/><F106/><W87/><AGARI ba="1,1" hai="22,26,30,36,41,45,46,50,52,85,87,89,95,98" machi="87" ten="30,4000,0" yaku="1,1,0,1,54,1,53,0" doraHai="6" doraHaiUra="125" who="3" fromWho="3" sc="120,-11,400,-21,320,-11,150,53" /><INIT seed="2,0,0,0,4,118" ten="109,379,309,203" oya="2" hai0="103,90,79,43,63,52,113,35,130,78,70,45,71" hai1="121,82,67,114,98,30,55,122,106,125,25,92,128" hai2="109,95,5,44,120,133,76,93,115,84,49,132,22" hai3="66,104,29,46,14,58,31,27,77,107,75,105,85"/><V54/><F115/><W21/><G75/><T100/><D113/><U26/><E114/><V51/><F5/><W112/><G112/><T57/><D35/><U87/><E106/><V134/><F109/><W40/><G29/><T1/><D1/><U18/><E67/><V42/><F22/><W3/><G3/><T69/><D130/><U80/><E125/><V135/><N who="2" m="33792" /><DORA hai="119" /><V8/><F8/><W33/><G66/><T17/><D90/><U32/><E55/><V72/><F72/><W48/><G58/><T94/><D17/><U110/><E110/><V73/><F73/><W50/><G48/><T116/><D116/><U65/><E65/><V41/><F120/><N who="1" m="46185" /><E128/><V34/><F34/><W89/><G33/><T60/><D60/><U12/><E87/><V99/><F41/><W37/><G104/><T62/><D62/><U23/><E26/><V19/><F84/><W124/><G105/><T129/><D129/><U96/><E96/><V123/><F99/><W20/><G107/><T127/><D127/><U102/><AGARI ba="0,0" hai="12,18,23,25,30,32,80,82,92,98,102" m="46185" machi="102" ten="30,12000,2" yaku="13,1,52,6" doraHai="118,119" who="1" fromWho="1" sc="109,-30,379,120,309,-60,203,-30" /><INIT seed="3,0,0,4,2,58" ten="79,499,249,173" oya="3" hai0="125,43,65,102,30,80,50,11,48,32,8,45,87" hai1="4,97,126,23,134,51,46,18,13,12,0,122,29" hai2="117,84,67,70,75,22,56,73,92,121,72,118,78" hai3="115,79,34,123,89,85,42,93,71,94,119,74,113"/><W62/><G34/><T114/><D114/><N who="3" m="43529" /><G42/><T77/><D125/><U6/><E122/><V101/><F56/><W110/><G123/><T133/><D133/><U66/><E0/><V112/><F121/><W103/><G62/><T9/><D102/><U52/><E126/><V128/><F22/><W105/><G71/><T31/><D32/><U36/><E36/><V7/><F72/><W82/><G119/><T61/><REACH who="0" step="1"/><D48/><REACH who="0" ten="69,499,249,173" step="2"/><U132/><E51/><V109/><F101/><W27/><G110/><T88/><D88/><U99/><E132/><V108/><F109/><W60/><G103/><T86/><D86/><U76/><E134/><V25/><F84/><W83/><G89/><T100/><D100/><U120/><E120/><V64/><F108/><W14/><G85/><T68/><AGARI ba="0,1" hai="8,9,11,30,31,43,45,50,61,65,68,77,80,87" machi="68" ten="30,4000,0" yaku="1,1,0,1,52,1,53,0" doraHai="58" doraHaiUra="91" who="0" fromWho="0" sc="69,50,499,-10,249,-10,173,-20" /><INIT seed="4,0,0,5,5,84" ten="119,489,239,153" oya="0" hai0="19,73,1,17,96,125,104,11,132,76,120,112,31" hai1="20,113,128,41,70,80,92,133,24,16,114,22,52" hai2="105,123,62,23,71,48,2,135,119,78,0,130,39" hai3="29,57,89,107,129,111,49,36,5,131,109,110,6"/><T37/><D37/><U85/><E70/><V66/><F23/><W118/><G36/><T56/><D120/><U18/><E41/><V53/><F78/><W12/><G107/><T25/><D73/><U3/><E3/><V134/><F105/><W8/><G118/><T122/><D76/><U13/><E128/><N who="3" m="49226" /><G29/><T88/><D122/><U59/><E133/><V98/><F53/><N who="3" m="31919" /><G89/><T121/><D121/><U47/><E47/><V46/><F46/><W54/><G54/><T72/><D72/><U35/><E35/><V44/><F0/><W74/><G74/><T33/><D132/><U4/><E4/><AGARI ba="0,0" hai="4,5,6,8,12,109,110,111" m="31919,49226" machi="4" ten="40,1300,0" yaku="19,1" doraHai="84" who="3" fromWho="1" sc="119,0,489,-13,239,0,153,13" /><INIT seed="5,0,0,5,1,3" ten="119,476,239,166" oya="1" hai0="61,14,80,106,67,33,90,94,82,128,66,4,86" hai1="135,97,70,81,58,56,25,1,64,16,65,92,112" hai2="115,72,7,99,109,76,44,40,32,74,91,20,59" hai3="50,46,19,75,52,85,45,123,62,8,23,2,12"/><U49/><E1/><V103/><F32/><W113/><G75/><T120/><D33/><U47/><E112/><V39/><F109/><W48/><G113/><T17/><D106/><U27/><E81/><V69/><F69/><W18/><G123/><T31/><D31/><U10/><E70/><V29/><F115/><W104/><G104/><T117/><D117/><U41/><E135/><V116/><F116/><W34/><G34/><T30/><D30/><U57/><E10/><V124/><F91/><W131/><G131/><T114/><D128/><U15/><E15/><V53/><F76/><W129/><G129/><T98/><D114/><U21/><REACH who="1" step="1"/><E27/><REACH who="1" ten="119,466,239,166" step="2"/><V88/><F74/><W9/><G2/><T130/><D130/><U37/><E37/><V0/><F39/><W127/><G9/><N who="0" m="4391" /><D120/><U89/><AGARI ba="0,1" hai="16,21,25,41,47,49,56,57,58,64,65,89,92,97" machi="89" ten="30,11700,0" yaku="1,1,0,1,8,1,54,1,53,0" doraHai="3" doraHaiUra="119" who="1" fromWho="1" sc="119,-39,466,127,239,-39,166,-39" /><INIT seed="5,1,0,4,5,122" ten="80,593,200,127" oya="1" hai0="90,71,80,29,58,56,77,31,124,75,131,111,25" hai1="3,127,98,14,36,47,38,105,46,100,125,69,34" hai2="118,28,78,60,103,76,91,37,135,43,83,20,74" hai3="17,96,120,117,16,9,48,42,119,54,99,13,61"/><U88/><E3/><V108/><F37/><W12/><G120/><T11/><D71/><U52/><E34/><V95/><F43/><W8/><G42/><T4/><D131/><U72/><E72/><V93/><F60/><W134/><G61/><T21/><D124/><N who="1" m="47691" /><E69/><V19/><F28/><W132/><G54/><T1/><D111/><U116/><E116/><N who="3" m="44618" /><G48/><T57/><D90/><U112/><E112/><V94/><F108/><W85/><G85/><T0/><D0/><U26/><E26/><V35/><F94/><W129/><G129/><T79/><REACH who="0" step="1"/><D77/><REACH who="0" ten="70,593,200,127" step="2"/><U115/><E88/><V10/><F91/><W133/><AGARI ba="1,1" hai="8,9,12,13,16,17,96,99,132,133,134" m="44618" machi="133" ten="40,5200,0" yaku="20,1,12,1,54,1" doraHai="122" who="3" fromWho="3" sc="70,-14,593,-27,200,-14,127,65" /><INIT seed="6,0,0,0,1,64" ten="56,566,186,192" oya="2" hai0="87,73,134,98,80,62,56,26,60,133,118,16,46" hai1="117,132,44,12,32,130,79,2,49,59,17,48,89" hai2="4,93,82,96,106,15,23,97,91,108,75,9,115" hai3="20,112,52,36,116,58,68,114,3,10,70,18,43"/><V47/><F115/><N who="3" m="44075" /><G116/><T99/><D118/><U85/><E117/><V27/><F108/><W14/><G36/><T131/><D73/><U128/><E2/><V31/><F106/><W126/><G43/><T111/><D111/><U53/><E32/><V67/><F67/><W74/><G74/><T30/><D131/><N who="1" m="50219" /><E79/><V119/><F119/><W77/><G77/><T7/><D7/><U57/><E49/><V103/><F75/><W120/><G126/><T41/><D62/><U39/><E39/><V122/><F122/><W66/><G66/><T21/><D30/><U35/><E35/><V1/><F82/><W22/><G120/><T102/><D102/><U83/><E132/><V76/><F76/><W90/><G90/><T50/><D134/><U113/><E113/><V61/><F103/><W51/><G3/><T25/><D25/><U38/><E38/><V11/><F1/><W55/><G55/><T95/><D95/><U24/><E24/><V101/><F101/><W29/><G29/><T19/><D19/><U78/><E78/><V63/><F93/><W88/><G88/><N who="0" m="51303" /><D133/><U100/><E100/><V104/><F104/><W71/><AGARI ba="0,0" hai="10,14,18,20,22,51,52,58,68,70,71" m="44075" machi="71" ten="40,12000,2" yaku="15,1,11,1,52,3,54,1" doraHai="64" who="3" fromWho="3" sc="56,-30,566,-30,186,-60,192,120" /><INIT seed="7,0,0,1,5,104" ten="26,536,126,312" oya="3" hai0="66,59,123,115,114,45,109,4,75,91,107,95,85" hai1="97,108,121,118,101,0,2,62,50,3,19,127,65" hai2="22,103,98,31,131,111,28,125,128,130,52,87,57" hai3="55,113,94,80,68,41,5,78,32,100,51,56,69"/><W89/><G113/><N who="0" m="43019" /><D4/><U99/><E121/><V129/><F129/><W79/><G32/><T90/><D45/><U54/><E108/><V1/><F125/><W93/><G5/><T27/><D27/><U17/><E118/><V120/><F1/><W36/><G36/><T74/><D66/><U77/><E77/><V133/><F111/><W10/><G10/><T58/><D109/><U40/><E40/><V92/><F120/><W26/><G26/><T122/><D107/><U102/><E99/><V37/><F37/><W11/><G11/><T119/><D119/><U20/><E127/><V70/><F70/><W124/><G124/><T16/><D16/><U48/><E54/><V61/><F22/><W67/><G41/><T25/><D25/><U35/><E35/><V112/><F112/><W34/><G34/><T63/><D63/><U53/><E53/><V30/><F133/><W47/><G79/><T14/><D14/><U64/><E102/><V13/><F13/><W33/><G33/><T84/><D58/><U132/><E132/><V81/><F31/><W86/><G100/><T83/><D59/><N who="1" m="36959" /><E65/><V43/><F43/><W88/><G67/><T105/><D105/><N who="1" m="63663" /><E20/><V21/><F21/><W134/><G134/><T24/><D24/><U82/><E82/><V60/><F60/><W23/><G23/><T46/><D46/><U76/><E76/><AGARI ba="0,0" hai="28,30,52,57,61,76,81,87,92,98,103,128,130,131" machi="76" ten="40,2600,0" yaku="19,1,54,1" doraHai="104" who="2" fromWho="1" sc="26,0,536,-26,126,26,312,0" owari="26,-47.0,510,61.0,152,-25.0,312,11.0" /></mjloggm>