<mjloggm ver="2.3"><GO type="169" lobby="0"/><UN n0="%E5%B0%B1%E6%B4%BB%E7%94%9F%40%E5%B7%9D%E6%9D%91%E8%BB%8D%E5%9B%A3" n1="%65%6E%6B%61%69%73%6D" n2="%E3%81%9F%E3%81%91%E3%81%93%E3%81%97" n3="%E2%80%A0%E3%83%81%E3%82%BF%E3%83%B3%E3%83%80%E3%82%A8%E3%83%AB%E2%80%A0" dan="16,16,16,16" rate="2155.76,2006.27,2038.17,2072.87" sx="M,F,M,M"/><TAIKYOKU oya="0"/><INIT seed="0,0,0,5,0,62" ten="250,250,250,250" oya="0" hai0="115,40,11,104,13,49,32,46,126,1,75,29,105" hai1="102,43,38,26,10,77,63,50,113,14,84,95,59" hai2="106,30,4,76,44,64,83,20,72,52,123,57,56" hai3="69,85,112,94,132,25,8,131,71,53,7,118,22"/><T87/><D75/><U127/><E127/><V16/><F123/><W45/><G118/><T24/><D115/><U3/><E3/><V78/><F106/><W39/><G112/><T67/><D126/><U92/><E113/><V124/><F4/><W41/><G132/><T129/><D129/><U128/><E38/><V98/><F124/><W5/><G131/><T108/><D108/><U100/><E128/><V0/><F0/><W101/><G53/><T70/><D1/><U82/><E26/><N who="2" m="14599" /><F72/><W47/><G47/><T15/><D15/><U116/><E116/><V89/><F30/><W55/><G55/><T65/><D87/><U17/><E50/><N who="2" m="28743" /><F83/><W80/><G5/><T121/><D121/><U81/><E81/><V125/><F125/><W36/><G36/><T66/><REACH who="0" step="1"/><D70/><REACH who="0" ten="240,250,250,250" step="2"/><U12/><E12/><V79/><F64/><W119/><G119/><T117/><D117/><U33/><E14/><V18/><F18/><AGARI ba="0,1" hai="11,13,18,24,29,32,40,46,49,65,66,67,104,105" machi="18" ten="40,12000,1" yaku="1,1,52,3,53,0" doraHai="62" doraHaiUra="73" who="0" fromWho="2" sc="240,130,250,0,250,-120,250,0" /><INIT seed="0,1,0,0,3,53" ten="370,250,130,250" oya="0" hai0="107,89,62,4,120,73,39,19,33,14,15,115,6" hai1="41,55,21,66,83,84,47,12,78,91,75,3,42" hai2="118,51,48,2,131,26,5,30,114,50,7,31,108" hai3="112,11,57,58,74,93,99,67,40,37,65,27,25"/><T106/><D73/><U49/><E3/><V119/><F114/><W28/><G112/><T35/><D39/><U43/><E66/><N who="3" m="25098" /><G74/><T24/><D62/><U132/><E132/><V134/><F134/><W101/><G37/><T68/><D68/><U0/><E0/><V95/><F95/><W124/><G124/><T133/><D89/><U76/><E75/><V123/><F2/><W10/><G40/><T44/><D44/><U90/><E90/><V113/><F113/><W72/><G72/><T59/><D133/><U32/><E32/><V117/><F26/><N who="3" m="9739" /><G28/><N who="2" m="10793" /><F123/><W36/><G36/><T23/><D115/><U69/><E69/><V98/><F98/><W121/><G121/><T129/><D120/><U46/><E47/><V116/><N who="2" m="30208" /><DORA hai="82" /><V60/><F60/><W77/><G77/><T97/><D97/><U105/><E105/><V17/><F17/><AGARI ba="1,0" hai="12,17,21,41,42,43,46,49,55,76,78,83,84,91" machi="17" ten="40,2600,0" yaku="8,1,52,1" doraHai="53,82" who="1" fromWho="2" sc="370,0,250,29,130,-29,250,0" /><INIT seed="1,0,0,3,2,62" ten="370,279,101,250" oya="1" hai0="3,124,85,89,60,61,7,13,94,129,39,26,63" hai1="131,118,16,5,135,119,48,116,56,29,106,52,68" hai2="88,20,82,120,114,49,30,67,121,0,96,133,127" hai3="12,101,123,134,35,33,22,45,111,17,130,53,72"/><U9/><E106/><V92/><F0/><W57/><G123/><T112/><D39/><U117/><N who="1" m="29696" /><DORA hai="132" /><U70/><E135/><V95/><F133/><W24/><G134/><T8/><D112/><U83/><E131/><V46/><F114/><W69/><G69/><T36/><D36/><U75/><E29/><V110/><F110/><W99/><G72/><T21/><D129/><U6/><E6/><V113/><F113/><W109/><G130/><T34/><D34/><U32/><E32/><V40/><F82/><W97/><G45/><T50/><D3/><U74/><E16/><V19/><F30/><W59/><G99/><T104/><D104/><U128/><E128/><V122/><F127/><W44/><G44/><T55/><D124/><U126/><E126/><V65/><REACH who="2" step="1"/><F95/><REACH who="2" ten="370,279,91,250" step="2"/><W77/><G111/><T2/><D2/><U64/><E83/><V31/><F31/><W86/><G109/><T42/><D94/><U107/><E107/><V80/><F80/><W14/><G35/><T100/><D100/><U11/><E75/><V81/><F81/><W71/><G33/><T28/><D89/><U87/><E74/><V102/><F102/><W103/><G103/><T15/><D85/><U73/><E87/><V58/><F58/><W76/><G57/><T90/><D90/><U105/><E73/><V47/><F47/><W93/><G86/><T38/><D28/><U51/><E105/><V10/><F10/><W41/><G59/><T78/><D8/><U43/><E11/><V37/><F37/><W25/><G101/><T79/><D38/><U98/><E9/><RYUUKYOKU ba="0,1" sc="370,-10,279,-10,91,30,250,-10" hai2="19,20,40,46,49,65,67,88,92,96,120,121,122" /><INIT seed="2,1,1,3,3,101" ten="360,269,121,240" oya="2" hai0="134,135,106,42,9,62,54,19,111,95,130,73,26" hai1="114,10,24,45,12,22,33,126,123,27,44,113,110" hai2="75,21,118,56,129,132,13,66,14,35,80,76,25" hai3="84,61,8,65,87,11,109,104,112,58,52,50,18"/><V102/><F118/><W5/><G109/><T74/><D111/><U40/><E110/><V7/><F129/><W49/><G112/><T15/><D130/><U37/><E126/><V32/><F132/><N who="0" m="50730" /><D106/><U86/><E123/><V63/><F102/><W82/><G104/><T53/><D42/><U69/><E69/><V98/><F98/><W96/><G96/><T23/><D95/><U89/><E45/><V70/><F70/><W68/><G82/><T3/><D3/><U67/><E67/><V78/><F78/><W36/><G36/><T120/><D120/><U124/><E124/><V107/><F107/><W127/><G127/><T115/><D115/><U121/><E121/><V100/><F100/><W125/><G125/><T0/><D0/><U108/><E27/><V97/><F97/><W99/><G99/><T88/><D88/><U60/><E108/><V47/><F47/><W122/><G122/><T83/><D83/><U43/><E43/><V16/><REACH who="2" step="1"/><F7/><REACH who="2" ten="360,269,111,240" step="2"/><W4/><G4/><N who="0" m="3495" /><D74/><U29/><E114/><V81/><F81/><W1/><G68/><T2/><D73/><U28/><E113/><V116/><F116/><W93/><G5/><T72/><D72/><U71/><E71/><V94/><F94/><W17/><G93/><T31/><D2/><U20/><E44/><V91/><F91/><W64/><G1/><T55/><D31/><U51/><E28/><V103/><F103/><W30/><G30/><T34/><D34/><AGARI ba="1,2" hai="13,14,16,21,25,32,34,35,56,63,66,75,76,80" machi="34" ten="40,7700,0" yaku="1,1,54,1,53,1" doraHai="101" doraHaiUra="77" who="2" fromWho="0" sc="360,-80,269,0,111,100,240,0" /><INIT seed="2,2,0,5,3,7" ten="280,269,211,240" oya="2" hai0="62,44,5,38,26,59,108,96,112,90,69,105,99" hai1="24,17,28,40,117,4,92,49,109,113,79,58,102" hai2="22,104,20,74,130,43,64,46,27,78,94,84,30" hai3="134,77,118,111,72,121,126,60,128,6,68,97,9"/><V70/><F130/><W95/><G121/><T13/><D69/><U67/><E109/><V35/><F74/><W57/><G118/><T80/><D112/><U12/><E79/><V114/><F114/><W123/><G123/><T10/><D108/><U127/><E113/><V85/><F85/><W53/><G111/><T11/><D105/><U100/><E127/><V65/><F65/><W31/><G126/><T89/><D38/><U25/><E117/><V116/><F116/><W21/><G128/><T29/><D44/><U120/><E4/><V14/><F104/><W15/><G134/><T41/><D41/><U55/><E40/><V75/><F75/><W107/><G107/><T93/><D80/><U76/><E76/><V47/><F35/><W3/><G68/><T2/><D96/><U71/><E120/><V32/><F32/><W16/><G31/><T129/><D129/><U23/><E25/><V91/><F78/><W86/><G72/><T125/><D125/><U87/><E67/><V98/><F84/><W83/><G97/><T18/><D26/><U8/><E71/><V115/><F115/><W106/><G106/><T73/><D29/><U103/><REACH who="1" step="1"/><E87/><REACH who="1" ten="280,259,211,240" step="2"/><V81/><F43/><W51/><REACH who="3" step="1"/><G95/><AGARI ba="2,1" hai="8,12,17,23,24,28,49,55,58,92,95,100,102,103" machi="95" ten="40,8000,1" yaku="1,1,2,1,8,1,52,1,53,0" doraHai="7" doraHaiUra="82" who="1" fromWho="3" sc="280,0,259,96,211,0,240,-86" /><INIT seed="3,0,0,4,2,16" ten="280,355,211,154" oya="3" hai0="98,21,107,102,28,134,114,79,122,48,39,43,37" hai1="47,19,80,55,3,121,10,127,97,57,131,52,113" hai2="81,5,70,18,125,25,116,40,22,20,86,82,50" hai3="45,72,58,7,32,83,63,15,120,103,129,61,112"/><W123/><G112/><T8/><D122/><U12/><E121/><V105/><F116/><W117/><G117/><T111/><D111/><U92/><E113/><V96/><F70/><W13/><G32/><T49/><D134/><U124/><E131/><V118/><F118/><W75/><G129/><T84/><D8/><U29/><E29/><V56/><F5/><W14/><G7/><T44/><D49/><N who="1" m="28735" /><E80/><V24/><F125/><N who="1" m="48201" /><E3/><V126/><F126/><W64/><G103/><T38/><D114/><U104/><E104/><V132/><F132/><W87/><G45/><T6/><D6/><U101/><E55/><N who="2" m="31863" /><F105/><W17/><G17/><T89/><D79/><U23/><E57/><V130/><F40/><W27/><G27/><T100/><D100/><U115/><E115/><V67/><F67/><W93/><G93/><T62/><D28/><U60/><E60/><V26/><F130/><W133/><G133/><T1/><D62/><U4/><E4/><V53/><F53/><W51/><G51/><T91/><D1/><U30/><E30/><N who="2" m="17671" /><F81/><W108/><G108/><T54/><D43/><U11/><AGARI ba="0,0" hai="10,11,12,19,23,92,97,101" m="48201,28735" machi="11" ten="30,4000,0" yaku="18,1,52,1,54,1" doraHai="16" who="1" fromWho="1" sc="280,-10,355,40,211,-10,154,-20" /><INIT seed="4,0,0,0,5,62" ten="270,395,201,134" oya="0" hai0="60,40,63,102,69,117,135,18,114,64,58,81,113" hai1="4,15,16,92,131,83,2,6,11,99,8,1,51" hai2="20,67,76,122,3,47,37,90,61,85,100,56,9" hai3="96,59,130,54,118,89,126,14,68,38,33,41,52"/><T21/><D117/><U45/><E131/><V75/><F122/><W94/><G118/><T7/><D7/><U23/><E83/><V86/><F100/><W125/><G68/><T133/><D102/><U124/><E124/><N who="3" m="47722" /><G130/><T127/><D81/><U44/><REACH who="1" step="1"/><E51/><REACH who="1" ten="270,385,201,134" step="2"/><V35/><F37/><W128/><G128/><T29/><D127/><U80/><E80/><V115/><F115/><N who="0" m="44042" /><D29/><U123/><E123/><V97/><F75/><W87/><G33/><T111/><D111/><U73/><E73/><V129/><F35/><W36/><G36/><T55/><D40/><U53/><E53/><V116/><F129/><W108/><G108/><T24/><AGARI ba="0,1" hai="18,21,24,55,58,60,63,64,69,133,135" m="44042" machi="24" ten="30,3000,0" yaku="15,1,52,1" doraHai="62" who="0" fromWho="0" sc="270,40,385,-10,201,-10,134,-10" /><INIT seed="4,1,0,3,0,120" ten="310,375,191,124" oya="0" hai0="33,45,25,82,74,37,71,28,40,132,108,105,115" hai1="73,124,35,9,99,4,8,0,22,16,42,19,128" hai2="21,106,113,10,103,6,88,55,17,104,67,101,2" hai3="110,12,31,87,56,100,77,133,134,52,116,32,80"/><T3/><D105/><U90/><E73/><V23/><F113/><W89/><G116/><T130/><D115/><U126/><E42/><V66/><F55/><W135/><G100/><T78/><D130/><U54/><E54/><V131/><F131/><W109/><G12/><T97/><D132/><U49/><E49/><V53/><F53/><W20/><G32/><T95/><D3/><N who="1" m="31" /><E90/><V27/><F104/><W83/><G20/><T34/><D71/><U65/><E99/><V14/><F106/><W5/><G31/><T114/><D114/><U59/><E59/><V61/><F67/><W91/><G5/><T46/><D46/><U123/><E65/><V43/><F43/><W84/><G77/><T63/><D63/><AGARI ba="1,0" hai="52,56,63,80,83,84,87,89,91,109,110,133,134,135" machi="63" ten="40,8000,1" yaku="9,1,20,1,52,2,54,1" doraHai="120" who="3" fromWho="0" sc="310,-83,375,0,191,0,124,83" /><INIT seed="5,0,0,3,4,31" ten="227,375,191,207" oya="1" hai0="3,5,134,0,87,132,76,20,43,118,53,124,45" hai1="48,70,41,34,108,30,2,91,117,92,110,1,101" hai2="32,15,7,38,103,56,75,107,36,100,25,26,65" hai3="44,128,8,58,69,37,106,125,82,131,51,27,74"/><U84/><E70/><V54/><F75/><W16/><G69/><T9/><D118/><U13/><E117/><V83/><F83/><W72/><G125/><T130/><D124/><U46/><E13/><V105/><F65/><W111/><G111/><N who="1" m="42538" /><E101/><V95/><F95/><W17/><G106/><T61/><D3/><U115/><E115/><V122/><F122/><W22/><G37/><T35/><D35/><U18/><E18/><V86/><F86/><W57/><G8/><T73/><D20/><U28/><E28/><V81/><F81/><W114/><G17/><T126/><D126/><U97/><E97/><V55/><F56/><N who="3" m="21611" /><G82/><N who="0" m="45327" /><D53/><U89/><E89/><V102/><F102/><W21/><G21/><T4/><D4/><U33/><E30/><V88/><F15/><W129/><G114/><T14/><D14/><U50/><E50/><V68/><F68/><W104/><G104/><T66/><D130/><U116/><E116/><V123/><F123/><W120/><G120/><T49/><D87/><U12/><E12/><V96/><F96/><W79/><G79/><T85/><D85/><U52/><E41/><AGARI ba="0,0" hai="16,22,27,41,44,51,72,74,128,129,131" m="21611" machi="41" ten="30,2000,0" yaku="19,1,54,1" doraHai="31" who="3" fromWho="1" sc="227,0,375,-20,191,0,207,20" /><INIT seed="6,0,0,4,5,97" ten="227,355,191,227" oya="2" hai0="123,59,78,96,5,117,82,32,25,7,77,132,112" hai1="46,66,89,108,84,103,42,55,83,99,130,45,65" hai2="111,6,39,3,2,17,92,110,22,126,34,127,40" hai3="107,36,91,12,105,44,57,63,134,29,71,80,37"/><V70/><F70/><W67/><G134/><T20/><D32/><U24/><E130/><V113/><F39/><W35/><G12/><T50/><D123/><U61/><E108/><N who="2" m="41515" /><F40/><W101/><G44/><T58/><D112/><U69/><E66/><V1/><F92/><W0/><G0/><T95/><D132/><U33/><E55/><V73/><F73/><W88/><G57/><N who="0" m="21515" /><D50/><U30/><E42/><V28/><F113/><W133/><G133/><T38/><D38/><N who="3" m="14953" /><G80/><T106/><D106/><AGARI ba="0,0" hai="24,30,33,45,46,61,65,69,83,84,89,99,103,106" machi="106" ten="30,7700,0" yaku="7,1,25,2,52,1" doraHai="97" who="1" fromWho="0" sc="227,-77,355,77,191,0,227,0" /><INIT seed="7,0,0,2,5,23" ten="150,432,191,227" oya="3" hai0="129,52,80,125,42,98,20,39,31,79,69,3,38" hai1="46,131,109,94,118,30,50,100,104,54,6,22,24" hai2="68,78,55,130,71,26,41,67,34,128,77,73,127" hai3="2,43,93,106,56,84,62,122,64,63,51,92,8"/><W32/><G122/><T16/><D69/><N who="2" m="26698" /><F67/><W18/><G106/><T76/><D3/><U90/><E131/><N who="2" m="50219" /><F127/><W103/><G32/><T101/><D129/><U119/><E90/><V85/><F73/><W113/><G113/><T27/><D125/><U13/><E22/><V59/><F41/><W87/><G63/><T124/><D124/><U72/><E13/><V4/><F4/><W132/><G132/><T47/><D39/><U81/><E94/><V45/><F45/><W89/><G2/><T25/><D80/><U7/><E50/><N who="2" m="31223" /><F85/><W74/><G74/><T96/><D52/><U126/><E100/><V133/><F133/><W97/><G84/><T99/><REACH who="0" step="1"/><D101/><REACH who="0" ten="140,432,191,227" step="2"/><U15/><E15/><V105/><F105/><W65/><G65/><T0/><D0/><U19/><E19/><V86/><F86/><W110/><G103/><T112/><D112/><U134/><E7/><V102/><F102/><W49/><G87/><T29/><D29/><AGARI ba="0,1" hai="26,29,34,77,78" m="31223,50219,26698" machi="29" ten="30,2000,0" yaku="19,1,52,1" doraHai="23" who="2" fromWho="0" sc="140,-20,432,0,191,30,227,0" owari="120,-38.0,432,53.0,221,-18.0,227,3.0" /></mjloggm>