<mjloggm ver="2.3"><GO type="169" lobby="0"/><UN n0="%4D%61%73%61%4D%61%73%61" n1="%E3%81%9C%E3%82%8D%E3%82%81%E3%81%90" n2="%EF%BC%9D%E9%B7%BA%E6%A3%AE%E7%81%BC%EF%BC%9D" n3="%E3%82%A6%E3%83%AB%E3%83%88%E3%83%A9%E7%AB%8B%E7%9B%B4" dan="16,16,16,18" rate="2009.73,2161.22,2052.35,2199.10" sx="F,F,F,M"/><TAIKYOKU oya="0"/><INIT seed="0,0,0,3,2,52" ten="250,250,250,250" oya="0" hai0="80,108,14,132,61,31,77,29,47,109,85,116,72" hai1="84,59,48,64,113,117,35,121,114,65,4,91,96" hai2="131,1,25,122,18,40,101,110,81,17,128,58,23" hai3="3,42,0,6,98,53,30,55,32,73,41,93,67"/><T33/><D116/><U5/><E117/><V13/><F110/><N who="0" m="42602" /><D132/><U112/><E121/><V68/><F68/><W36/><G73/><T74/><D61/><U133/><E133/><V135/><F1/><W39/><G30/><N who="0" m="11275" /><D33/><U10/><E35/><V76/><F122/><W50/><G32/><T21/><D47/><U70/><E96/><V127/><F127/><W66/><G6/><N who="1" m="2666" /><E10/><V45/><F135/><W118/><G118/><T46/><D46/><U49/><E70/><V56/><F101/><W103/><G50/><N who="1" m="19562" /><E59/><V124/><F124/><W130/><G0/><T8/><D21/><U22/><E22/><N who="2" m="11567" /><F45/><W105/><G3/><T126/><D126/><U79/><E79/><V57/><F40/><W26/><G41/><T115/><D115/><U71/><E71/><V15/><F131/><W54/><G42/><T86/><D72/><U95/><AGARI ba="0,0" hai="64,65,84,91,95,112,113,114" m="19562,2666" machi="95" ten="40,1500,0" yaku="11,1" doraHai="52" who="1" fromWho="1" sc="250,-7,250,15,250,-4,250,-4" /><INIT seed="1,0,0,2,2,126" ten="243,265,246,246" oya="1" hai0="52,73,70,122,105,44,121,97,113,99,89,26,82" hai1="4,87,38,1,119,18,41,9,64,29,33,111,103" hai2="42,98,63,129,66,92,84,35,30,117,90,100,0" hai3="48,125,32,128,34,101,118,76,59,96,8,80,130"/><U11/><E119/><V110/><F110/><W85/><G118/><T109/><D70/><U51/><E111/><V78/><F78/><W134/><G125/><T88/><D113/><U135/><E38/><V22/><F0/><W53/><G8/><T19/><D109/><U25/><E64/><V120/><F120/><N who="0" m="46186" /><D26/><U116/><E116/><V75/><F75/><W24/><G134/><T17/><D17/><U45/><E135/><V93/><F42/><W115/><G115/><T21/><D21/><U72/><E72/><V95/><F117/><W83/><G83/><T54/><D19/><U49/><E103/><V133/><F133/><W106/><G24/><T43/><D99/><U58/><E87/><V39/><F39/><W131/><AGARI ba="0,0" hai="32,34,48,53,59,76,80,85,96,101,106,128,130,131" machi="131" ten="30,8000,1" yaku="0,1,19,1,52,3" doraHai="126" who="3" fromWho="3" sc="243,-20,265,-40,246,-20,246,80" /><INIT seed="2,0,0,3,3,36" ten="223,225,226,326" oya="2" hai0="85,44,68,115,65,84,73,26,18,43,28,132,71" hai1="16,123,32,38,113,54,57,125,12,106,14,110,122" hai2="46,119,104,116,1,35,87,79,64,135,13,100,8" hai3="25,4,72,17,76,67,127,31,42,133,96,75,128"/><V121/><F121/><N who="1" m="46089" /><E113/><V92/><F1/><W11/><G17/><T78/><D115/><U22/><E110/><V94/><F35/><W90/><G127/><T27/><D73/><U23/><E125/><V93/><F64/><W112/><G128/><T97/><D132/><U33/><E106/><V101/><F135/><W70/><G133/><T37/><D97/><U6/><E38/><V47/><F119/><W59/><G70/><T99/><D65/><U2/><E54/><V15/><F116/><W48/><G76/><T108/><D108/><U130/><E57/><V103/><F104/><W3/><G112/><T102/><D18/><N who="1" m="10567" /><E130/><V80/><REACH who="2" step="1"/><F15/><REACH who="2" ten="223,225,216,326" step="2"/><W107/><G67/><T63/><D71/><U45/><E45/><V21/><F21/><W51/><G107/><T126/><D68/><U52/><E33/><V88/><F88/><W60/><G90/><T29/><D126/><U89/><E32/><V105/><F105/><W83/><G3/><T131/><D44/><U53/><E89/><V58/><F58/><W91/><G59/><T9/><D131/><U19/><E19/><AGARI ba="0,1" hai="8,13,19,46,47,79,80,87,92,93,94,100,101,103" machi="19" ten="40,3900,0" yaku="1,1,8,1,53,0" doraHai="36" doraHaiUra="50" who="2" fromWho="1" sc="223,0,225,-39,216,49,326,0" /><INIT seed="2,1,0,2,1,3" ten="223,186,265,326" oya="2" hai0="24,114,72,89,92,83,35,99,40,46,110,79,100" hai1="88,66,28,122,56,37,19,87,75,39,132,43,30" hai2="135,90,57,45,26,115,65,15,69,91,102,108,25" hai3="23,119,38,130,27,58,116,64,70,44,125,67,95"/><V20/><F69/><W113/><G70/><T112/><D110/><U106/><E75/><V105/><F115/><W4/><G113/><T17/><D35/><U50/><E132/><V96/><F135/><W2/><G125/><T29/><D29/><U48/><E106/><V109/><F45/><W73/><G130/><T123/><D123/><U34/><E122/><V59/><F15/><W129/><G129/><T86/><D24/><N who="2" m="9322" /><F20/><W32/><G32/><T55/><D55/><U134/><E134/><V126/><F126/><W101/><G73/><T36/><REACH who="0" step="1"/><D17/><REACH who="0" ten="213,186,265,326" step="2"/><U16/><E34/><V128/><F128/><W118/><G118/><T49/><D49/><U11/><E19/><V131/><F131/><W33/><G27/><T107/><AGARI ba="1,1" hai="36,40,46,72,79,83,86,89,92,99,100,107,112,114" machi="107" ten="20,8000,1" yaku="1,1,0,1,7,1,24,2,53,0" doraHai="3" doraHaiUra="133" who="0" fromWho="0" sc="213,93,186,-21,265,-41,326,-21" /><INIT seed="3,0,0,4,3,56" ten="306,165,224,305" oya="3" hai0="11,116,2,19,127,83,73,9,82,69,35,3,75" hai1="16,42,54,37,68,125,77,22,45,85,66,44,17" hai2="27,115,93,18,121,95,31,117,65,15,129,91,97" hai3="64,48,131,90,76,61,47,59,33,122,14,58,99"/><W49/><G33/><T130/><D69/><U0/><E125/><V109/><F115/><W135/><G122/><T132/><D35/><U39/><E0/><V124/><F117/><W46/><G76/><T38/><D38/><U114/><E114/><V63/><F124/><W23/><G131/><T107/><D127/><U10/><E10/><V113/><F113/><W6/><G135/><T34/><D34/><U52/><E17/><V128/><F109/><W21/><G90/><T106/><D19/><U123/><E123/><V110/><F110/><W62/><G99/><T12/><D12/><U71/><E85/><V40/><F40/><N who="3" m="24647" /><G6/><T112/><D112/><U126/><E77/><V13/><F95/><W4/><G4/><T72/><D72/><U89/><E89/><V92/><F92/><W5/><G5/><T79/><D79/><U118/><E118/><V50/><F50/><W53/><G14/><T26/><D116/><U28/><E126/><V80/><F80/><W96/><G96/><T30/><D130/><U86/><E86/><V102/><F91/><W20/><G20/><T134/><REACH who="0" step="1"/><D26/><REACH who="0" ten="296,165,224,305" step="2"/><U74/><E74/><V25/><F25/><W84/><G84/><T55/><D55/><AGARI ba="0,1" hai="21,23,47,49,53,55,58,59,61,62,64" m="24647" machi="55" ten="30,5800,0" yaku="8,1,52,2" doraHai="56" who="3" fromWho="0" sc="296,-58,165,0,224,0,305,68" /><INIT seed="3,1,0,4,0,117" ten="238,165,224,373" oya="3" hai0="82,63,70,22,135,35,76,52,107,55,36,132,1" hai1="50,118,114,125,99,15,116,40,73,58,44,47,66" hai2="110,60,2,85,51,80,83,77,27,127,112,33,29" hai3="131,10,39,41,62,133,90,17,103,123,111,30,28"/><W23/><G103/><T46/><D35/><U24/><E73/><V5/><F112/><W61/><G39/><T129/><D1/><U49/><E24/><V89/><F110/><W102/><G102/><T84/><D107/><U86/><E99/><V119/><F127/><W113/><G41/><T74/><D129/><U87/><E114/><V0/><F119/><N who="1" m="45609" /><E125/><V57/><F51/><W56/><G113/><T120/><D74/><U37/><E15/><V124/><F5/><W79/><G79/><T115/><D115/><U108/><E108/><V128/><F128/><W26/><G131/><T19/><D120/><U96/><E96/><V7/><F7/><W105/><G123/><T3/><D3/><U18/><E18/><V9/><F9/><W25/><G105/><T93/><D93/><U67/><E86/><V94/><F124/><W65/><G111/><T34/><D34/><U78/><E87/><V134/><F134/><N who="0" m="51242" /><D36/><U45/><E78/><V54/><REACH who="2" step="1"/><F83/><REACH who="2" ten="238,165,214,373" step="2"/><W88/><G133/><T121/><D82/><U72/><E37/><V6/><F6/><W81/><G81/><T97/><D63/><U16/><E50/><V32/><F32/><W104/><G62/><T68/><D68/><U42/><E49/><V48/><F48/><W69/><G69/><T95/><D70/><U100/><E42/><V12/><F12/><N who="3" m="7319" /><G104/><T8/><D8/><U20/><E40/><V98/><AGARI ba="1,1" hai="0,2,27,29,33,54,57,60,77,80,85,89,94,98" machi="98" ten="20,2700,0" yaku="1,1,0,1,7,1,53,0" doraHai="117" doraHaiUra="43" who="2" fromWho="2" sc="238,-8,165,-8,214,40,373,-14" /><INIT seed="4,0,0,2,3,10" ten="230,157,254,359" oya="0" hai0="35,58,90,83,114,77,74,102,125,115,20,59,1" hai1="123,33,23,76,124,131,37,3,129,87,127,48,41" hai2="15,67,64,100,9,106,121,132,84,117,98,69,49" hai3="66,50,19,29,25,22,91,133,107,56,2,112,54"/><T45/><D35/><U39/><E33/><V130/><F121/><W32/><G107/><T119/><D119/><U79/><E3/><V34/><F34/><W122/><G112/><N who="0" m="43051" /><D1/><U46/><E123/><V95/><F130/><N who="1" m="49673" /><E23/><V12/><F69/><W5/><G133/><T113/><D125/><N who="1" m="48203" /><E87/><V11/><F132/><W62/><G91/><T61/><D113/><U70/><E79/><V57/><F117/><W40/><G122/><T44/><D102/><U51/><E76/><V96/><F84/><W135/><G135/><T73/><D73/><U108/><E108/><V26/><F26/><W13/><G40/><T60/><D90/><U31/><E31/><V4/><F96/><W101/><G101/><T36/><D20/><U43/><E70/><V28/><F28/><W85/><G2/><T103/><D103/><U8/><E8/><V53/><F106/><W68/><G5/><AGARI ba="0,0" hai="4,5,9,11,12,15,49,53,57,64,67,95,98,100" machi="5" ten="30,8000,1" yaku="7,1,9,1,8,1,52,2" doraHai="10" who="2" fromWho="3" sc="230,0,157,0,254,80,359,-80" /><INIT seed="5,0,0,5,2,101" ten="230,157,334,279" oya="1" hai0="85,131,0,1,53,18,108,2,7,29,33,13,84" hai1="51,128,20,9,118,4,42,74,126,10,83,16,125" hai2="90,89,76,65,57,117,54,66,97,22,36,34,64" hai3="45,8,102,46,110,106,99,5,38,95,135,75,62"/><U58/><E118/><V15/><F34/><W123/><G123/><T56/><D108/><U52/><E128/><V132/><F36/><W39/><G110/><T17/><D131/><U103/><E42/><V100/><F76/><W129/><G75/><T112/><D112/><U124/><E103/><V80/><F132/><W25/><G129/><T50/><D29/><U88/><E4/><V26/><F15/><W24/><G135/><T116/><D116/><U59/><E59/><V3/><F3/><W67/><G95/><T111/><D111/><U81/><E74/><V127/><F127/><W115/><G115/><T63/><D33/><U48/><E48/><N who="2" m="30919" /><F80/><N who="1" m="30793" /><E88/><V94/><F117/><W87/><G87/><T98/><D98/><U37/><E37/><V11/><F11/><W121/><G121/><T44/><D7/><U78/><E78/><V92/><F92/><W6/><G39/><T122/><D122/><U71/><E71/><V86/><F86/><W93/><G93/><T40/><REACH who="0" step="1"/><D18/><AGARI ba="0,0" hai="18,22,26,64,65,66,89,90,94,97,100" m="30919" machi="18" ten="30,1000,0" yaku="8,1" doraHai="101" who="2" fromWho="0" sc="230,-10,157,0,334,10,279,0" /><INIT seed="6,0,0,3,5,35" ten="220,157,344,279" oya="2" hai0="40,84,13,82,48,118,74,67,66,2,79,116,18" hai1="72,85,64,110,115,101,44,92,8,121,0,49,83" hai2="88,114,36,107,54,28,1,90,29,16,5,103,7" hai3="31,129,21,78,99,37,70,86,22,45,125,26,117"/><V123/><F123/><W56/><G70/><T95/><D74/><U34/><E121/><V43/><F36/><W109/><G109/><T122/><D122/><U53/><E115/><V100/><F43/><W135/><G117/><N who="0" m="45163" /><D95/><U47/><E110/><V32/><F32/><W94/><G125/><T42/><D2/><U113/><E113/><V55/><F107/><W15/><G129/><T24/><D24/><U77/><E34/><V17/><F114/><W19/><G135/><T73/><D73/><U96/><E64/><N who="0" m="24617" /><D48/><U63/><E63/><V10/><F10/><AGARI ba="0,0" hai="10,13,18,40,42,79,82,84" m="24617,45163" machi="10" ten="30,1000,0" yaku="12,1" doraHai="35" who="0" fromWho="2" sc="220,10,157,0,344,-10,279,0" /><INIT seed="7,0,0,5,4,15" ten="230,157,334,279" oya="3" hai0="63,73,22,124,65,51,10,100,43,46,56,105,92" hai1="14,23,133,40,117,93,31,110,13,118,121,86,20" hai2="67,24,91,11,28,104,77,16,34,128,9,61,29" hai3="39,33,135,88,21,59,45,60,78,37,41,2,72"/><W66/><G33/><T38/><D124/><U30/><E40/><V114/><F104/><W36/><G2/><T109/><D109/><U68/><E68/><V3/><F77/><W82/><G135/><T106/><D73/><U89/><E110/><V19/><F29/><W48/><G21/><T26/><D10/><U119/><E121/><V108/><F108/><W64/><G64/><T4/><D4/><U81/><E133/><V102/><F102/><W103/><G103/><T50/><D50/><U52/><E81/><V90/><F114/><W112/><G112/><T32/><D32/><U125/><E125/><V49/><F49/><W85/><REACH who="3" step="1"/><G48/><REACH who="3" ten="230,157,334,269" step="2"/><T74/><D22/><U116/><N who="1" m="29696" /><DORA hai="7" /><U6/><E6/><V79/><F3/><W96/><G96/><T42/><D65/><U57/><E23/><V62/><F67/><W132/><G132/><T113/><D113/><U97/><E97/><V75/><F34/><W98/><G98/><T129/><D38/><U44/><E44/><V71/><F71/><W122/><G122/><T84/><D46/><U27/><REACH who="1" step="1"/><E31/><REACH who="1" ten="230,147,334,269" step="2"/><V127/><F28/><W12/><G12/><T76/><D26/><U111/><E111/><V115/><F24/><W131/><G131/><T69/><D129/><U94/><E94/><AGARI ba="0,2" hai="36,37,39,41,45,59,60,66,72,78,82,85,88,94" machi="94" ten="30,11600,0" yaku="1,1,7,1,54,1,53,1" doraHai="15,7" doraHaiUra="53,123" who="3" fromWho="1" sc="230,0,147,-116,334,0,269,136" owari="230,-17.0,31,-47.0,334,13.0,405,51.0" /></mjloggm>