<mjloggm ver="2.3"><GO type="169" lobby="0"/><UN n0="%E5%B0%B1%E6%B4%BB%E7%94%9F%40%E5%B7%9D%E6%9D%91%E8%BB%8D%E5%9B%A3" n1="%E3%82%82%E3%81%9A%E3%81%8F%E3%80%82" n2="%79%75%6D%69%6B%69%6B%61" n3="%E5%A3%87%E2%98%86%E8%9C%9C" dan="17,16,17,17" rate="2213.58,2094.51,2135.74,2197.03" sx="M,M,M,M"/><TAIKYOKU oya="0"/><INIT seed="0,0,0,1,2,26" ten="250,250,250,250" oya="0" hai0="91,57,112,53,75,77,134,65,1,20,78,109,111" hai1="135,98,73,116,122,105,63,103,90,110,49,10,113" hai2="121,41,3,30,32,0,94,47,85,100,37,22,92" hai3="36,117,44,95,74,67,56,115,14,45,97,79,7"/><T86/><D112/><U6/><E116/><V60/><F121/><W12/><G117/><T93/><D1/><U125/><E122/><V76/><F32/><W33/><G33/><T16/><D134/><U130/><E135/><V8/><F8/><W25/><G74/><T2/><D65/><U23/><E110/><N who="0" m="41993" /><D75/><U81/><E125/><V24/><F60/><W40/><G79/><T13/><D2/><U4/><E63/><AGARI ba="0,0" hai="13,16,20,53,57,63,77,78,86,91,93" m="41993" machi="63" ten="30,5800,0" yaku="14,1,10,1,54,1" doraHai="26" who="0" fromWho="1" sc="250,58,250,-58,250,0,250,0" /><INIT seed="0,1,0,3,2,18" ten="308,192,250,250" oya="0" hai0="135,69,45,123,5,38,55,14,113,131,101,10,29" hai1="127,37,97,88,57,90,21,54,1,86,58,107,71" hai2="6,72,7,79,3,9,104,87,96,60,117,31,121" hai3="30,84,82,94,36,67,51,41,83,23,115,75,81"/><T124/><D123/><U11/><E71/><V122/><F117/><W118/><G115/><T0/><D113/><U20/><E37/><V129/><F129/><W100/><G36/><T53/><D69/><U128/><E128/><V130/><F130/><W132/><G132/><T44/><D131/><U99/><E127/><V26/><F7/><W80/><G67/><T24/><D124/><U47/><E47/><V76/><F76/><W2/><G2/><T120/><D120/><U70/><E70/><V92/><F60/><W50/><G75/><T52/><D135/><U68/><E68/><V110/><F87/><W62/><G62/><T42/><D101/><U108/><E108/><V74/><F92/><W4/><G4/><T25/><D25/><U13/><E1/><V116/><F110/><W77/><G41/><T125/><D125/><U43/><E43/><V48/><F48/><N who="3" m="18475" /><G118/><T39/><D45/><U61/><E58/><V85/><F74/><W112/><G112/><T91/><D91/><N who="1" m="34859" /><E86/><V27/><F72/><W105/><G105/><T126/><D126/><U98/><E107/><V35/><F85/><W114/><G114/><T65/><D39/><U12/><E12/><V16/><F79/><W73/><G73/><T93/><D0/><U8/><E8/><V40/><F40/><W109/><G109/><T22/><REACH who="0" step="1"/><D65/><REACH who="0" ten="298,192,250,250" step="2"/><U106/><E106/><V133/><F133/><W32/><G100/><T63/><D63/><U89/><E89/><V34/><F116/><W95/><G95/><AGARI ba="1,1" hai="5,10,14,22,24,29,38,42,44,52,53,55,93,95" machi="95" ten="40,12000,1" yaku="1,1,52,1,54,1,53,1" doraHai="18" doraHaiUra="17" who="0" fromWho="3" sc="298,133,192,0,250,0,250,-123" /><INIT seed="0,2,0,1,4,5" ten="431,192,250,127" oya="0" hai0="26,30,12,124,130,54,16,33,106,126,95,24,92" hai1="59,44,83,78,56,115,15,69,11,113,27,19,122" hai2="51,43,36,40,38,39,80,34,60,89,116,91,85" hai3="32,110,31,8,129,131,57,135,53,65,79,58,118"/><T10/><D106/><U42/><E69/><V63/><F116/><W66/><G118/><T125/><D130/><N who="3" m="49673" /><G110/><T93/><D26/><U96/><E96/><V2/><F34/><W119/><G119/><T3/><D3/><U84/><E27/><V127/><F127/><W25/><G135/><T88/><REACH who="0" step="1"/><D54/><REACH who="0" ten="421,192,250,127" step="2"/><U111/><E111/><V1/><F2/><W86/><G53/><T21/><D21/><U48/><E122/><V101/><F1/><W61/><G66/><T112/><D112/><AGARI ba="2,1" hai="11,15,19,42,44,48,56,59,78,83,84,112,113,115" machi="112" ten="40,2600,0" yaku="11,1,52,1" doraHai="5" who="1" fromWho="0" sc="421,-32,192,42,250,0,127,0" /><INIT seed="1,0,0,4,5,119" ten="389,234,250,127" oya="1" hai0="85,89,56,135,68,14,105,76,82,5,101,23,123" hai1="91,55,103,65,74,100,124,38,81,41,111,64,28" hai2="109,54,84,66,93,126,52,39,80,19,45,128,62" hai3="106,32,18,10,134,95,50,11,40,2,125,33,87"/><U130/><E38/><V96/><F109/><W117/><G106/><T121/><D68/><U67/><E41/><V48/><F128/><W36/><G36/><T86/><D135/><U107/><E130/><V104/><F126/><W73/><G73/><T8/><D56/><U27/><E124/><V49/><F104/><W77/><G125/><T129/><D129/><U71/><E111/><V0/><F39/><W88/><G134/><T78/><D23/><U110/><E110/><V13/><F0/><W113/><G113/><T53/><D53/><U37/><E37/><V120/><F120/><N who="0" m="46154" /><D86/><U70/><E55/><V127/><F54/><W43/><G117/><T131/><D131/><U122/><E122/><V22/><F48/><W57/><G77/><T3/><D3/><U132/><E132/><V114/><F114/><W9/><G2/><T92/><D92/><U75/><E70/><V26/><F127/><W115/><G115/><T90/><D90/><U1/><E1/><V47/><F47/><W16/><G57/><T112/><D112/><U83/><E71/><V30/><F52/><W72/><G72/><T98/><AGARI ba="0,0" hai="5,8,14,76,78,82,85,89,98,101,105" m="46154" machi="98" ten="30,7900,0" yaku="13,1,52,3" doraHai="119" who="0" fromWho="0" sc="389,79,234,-39,250,-20,127,-20" /><INIT seed="2,0,0,0,2,62" ten="468,195,230,107" oya="2" hai0="7,32,101,17,133,84,104,20,47,16,30,40,50" hai1="68,131,94,74,87,39,13,1,89,54,121,112,61" hai2="90,18,55,52,19,29,119,83,108,103,58,35,91" hai3="8,60,5,120,109,76,122,27,85,12,86,53,71"/><V134/><F119/><W63/><G109/><T41/><D133/><U117/><E112/><V59/><F134/><W44/><G27/><N who="0" m="16743" /><D104/><U107/><E117/><V126/><F108/><W23/><G23/><T70/><D70/><U51/><E1/><V88/><F126/><W132/><G132/><T22/><D32/><U31/><E39/><V15/><F103/><W95/><G120/><T75/><D75/><U64/><E74/><V80/><F29/><W124/><G124/><T49/><D7/><U42/><E42/><V57/><F35/><W130/><G130/><T4/><D4/><U128/><E107/><V93/><F93/><W25/><G25/><T129/><D129/><N who="1" m="49739" /><E31/><V9/><REACH who="2" step="1"/><F18/><REACH who="2" ten="468,195,220,107" step="2"/><W69/><G122/><T67/><D101/><U92/><E121/><V81/><AGARI ba="0,1" hai="9,15,19,52,55,57,58,59,80,81,83,88,90,91" machi="81" ten="40,24000,3" yaku="1,1,2,1,0,1,29,2,8,1,54,2,53,0" doraHai="62" doraHaiUra="123" who="2" fromWho="2" sc="468,-80,195,-80,220,250,107,-80" /><INIT seed="2,1,0,5,4,107" ten="388,115,470,27" oya="2" hai0="15,64,51,121,67,36,74,102,41,135,48,127,33" hai1="60,29,53,27,134,19,6,11,61,5,12,76,66" hai2="100,128,26,63,117,62,30,55,108,130,54,113,9" hai3="99,98,38,25,1,88,39,112,56,75,124,93,8"/><V119/><F100/><W13/><G124/><T122/><D33/><U40/><E134/><V35/><F113/><W28/><G1/><T80/><D102/><U47/><E53/><N who="2" m="19979" /><F9/><W89/><G112/><T111/><D15/><U4/><E76/><V85/><F85/><W70/><G70/><T96/><D96/><U18/><E19/><V32/><F26/><W116/><G116/><N who="2" m="44617" /><F30/><W42/><G56/><T58/><D80/><U34/><REACH who="1" step="1"/><E66/><REACH who="1" ten="388,105,470,27" step="2"/><V2/><F108/><W57/><G57/><T73/><D111/><U7/><N who="1" m="1024" /><DORA hai="115" /><U94/><E94/><V46/><F2/><W131/><G131/><N who="2" m="50217" /><F46/><W95/><G42/><T3/><D41/><U83/><E83/><V92/><F92/><W129/><G129/><T84/><D135/><U14/><E14/><V90/><F90/><W59/><G59/><T118/><D58/><U78/><E78/><V0/><F0/><W24/><G75/><T125/><D3/><U110/><E110/><V101/><F101/><W82/><G82/><T23/><D74/><U106/><E106/><V81/><F81/><W20/><G25/><T65/><D73/><U17/><E17/><AGARI ba="1,1" hai="8,13,17,20,24,28,38,39,88,89,93,95,98,99" machi="17" ten="30,3900,0" yaku="7,1,9,1,54,1" doraHai="107,115" who="3" fromWho="1" sc="388,0,105,-42,470,0,27,52" /><INIT seed="3,0,0,5,5,56" ten="388,63,470,79" oya="3" hai0="52,19,121,39,90,114,105,124,97,131,29,76,11" hai1="74,130,122,100,30,115,70,127,46,89,135,34,107" hai2="17,15,96,55,126,25,14,117,98,9,7,125,99" hai3="112,45,86,41,37,69,111,61,133,26,116,119,0"/><W36/><G0/><T113/><D121/><U83/><RYUUKYOKU type="yao9" ba="0,0" sc="388,0,63,0,470,0,79,0" hai1="30,34,46,70,74,83,89,100,107,115,122,127,130,135" /><INIT seed="3,1,0,1,2,69" ten="388,63,470,79" oya="3" hai0="89,15,20,57,99,33,18,86,17,134,40,43,26" hai1="5,21,70,31,106,85,107,35,28,58,113,9,6" hai2="102,81,129,3,84,135,109,55,45,82,50,126,118" hai3="114,87,117,120,73,123,93,7,116,53,103,2,54"/><W46/><G114/><T37/><D134/><U88/><E113/><V104/><F118/><W10/><G73/><T30/><D37/><U64/><E70/><V1/><F109/><W41/><G116/><T12/><D99/><U74/><E35/><V61/><F126/><W42/><G117/><T52/><D15/><U14/><E74/><V60/><F129/><W59/><G42/><T78/><D78/><U122/><E122/><V13/><F81/><W63/><G54/><T72/><D18/><U24/><E31/><V132/><F13/><W125/><G125/><T22/><D33/><U56/><E6/><V105/><F60/><W23/><G23/><T44/><D44/><U94/><REACH who="1" step="1"/><E64/><REACH who="1" ten="388,53,470,79" step="2"/><V48/><F132/><W19/><G19/><T49/><REACH who="0" step="1"/><D72/><REACH who="0" ten="378,53,470,79" step="2"/><U32/><E32/><V124/><F124/><W4/><G4/><T51/><D51/><U111/><E111/><V79/><F48/><W90/><REACH who="3" step="1"/><G103/><REACH who="3" ten="378,53,470,69" step="2"/><T29/><D29/><U119/><E119/><V66/><F102/><W96/><G96/><T0/><D0/><U100/><E100/><V110/><F1/><W95/><G95/><AGARI ba="1,3" hai="12,17,20,22,26,30,40,43,49,52,57,86,89,95" machi="95" ten="30,12000,2" yaku="1,1,7,1,25,2,8,1,54,1,53,0" doraHai="69" doraHaiUra="65" who="0" fromWho="3" sc="378,153,53,0,470,0,69,-123" owari="531,63.0,53,-35.0,470,27.0,-54,-55.0" /></mjloggm>