<mjloggm ver="2.3"><GO type="169" lobby="0"/><UN n0="%E5%B0%B1%E6%B4%BB%E7%94%9F%40%E5%B7%9D%E6%9D%91%E8%BB%8D%E5%9B%A3" n1="%E3%80%90%E7%BD%AA%E6%AD%8C%E3%80%91" n2="%E3%82%AB%E3%83%B3%E3%83%80%E3%82%BF" n3="%E3%82%B9%E3%82%B1%E3%83%BC%E3%82%BF%E3%83%BC" dan="17,19,17,18" rate="2210.01,2288.06,2156.50,2194.52" sx="M,F,M,M"/><TAIKYOKU oya="0"/><INIT seed="0,0,0,1,4,56" ten="250,250,250,250" oya="0" hai0="51,130,96,45,72,29,49,95,2,66,125,26,17" hai1="46,23,93,85,126,60,69,80,88,71,30,52,119" hai2="100,82,113,133,3,92,79,54,7,16,64,18,28" hai3="127,121,37,12,128,1,89,103,134,70,74,109,48"/><T81/><D2/><U41/><E119/><V122/><F122/><W65/><RYUUKYOKU type="yao9" ba="0,0" sc="250,0,250,0,250,0,250,0" hai3="1,12,37,48,65,70,74,89,103,109,121,127,128,134" /><INIT seed="0,1,0,1,2,57" ten="250,250,250,250" oya="0" hai0="124,7,6,15,45,91,63,37,2,133,23,108,61" hai1="14,97,85,125,72,79,54,126,41,120,0,17,38" hai2="70,113,9,81,44,96,88,87,69,75,130,11,102" hai3="42,129,116,28,67,24,104,99,82,50,127,52,78"/><T31/><D2/><U68/><E0/><V39/><F113/><W101/><G129/><T12/><D124/><U83/><E120/><V115/><F115/><W5/><G127/><T35/><D35/><U107/><E68/><V73/><F130/><W36/><G5/><N who="0" m="1547" /><D37/><U20/><E38/><V122/><F122/><W4/><G4/><T34/><D34/><U98/><E41/><V105/><F70/><W32/><G116/><T77/><D77/><U119/><E119/><V53/><F69/><W84/><G36/><T64/><D64/><U43/><E43/><V117/><F117/><W30/><G42/><T76/><D76/><U65/><E65/><V80/><F39/><W55/><G30/><T114/><D114/><U123/><E123/><V118/><F118/><W19/><G67/><T49/><D133/><U111/><E107/><V112/><F112/><W13/><REACH who="3" step="1"/><G50/><REACH who="3" ten="250,250,250,240" step="2"/><T134/><D134/><U22/><E126/><V47/><F53/><W74/><G74/><T100/><D108/><U29/><E111/><V21/><F75/><W62/><G62/><N who="0" m="23563" /><D100/><U110/><E72/><V18/><F73/><W60/><G60/><T3/><D3/><U10/><E110/><V90/><F102/><W89/><G89/><T25/><D91/><U92/><E125/><V86/><F88/><W40/><G40/><AGARI ba="1,1" hai="12,15,23,25,31,40,45,49" m="23563,1547" machi="40" ten="30,11600,0" yaku="8,1,52,3" doraHai="57" who="0" fromWho="3" sc="250,129,250,0,250,0,240,-119" /><INIT seed="0,2,0,1,3,58" ten="379,250,250,121" oya="0" hai0="44,93,125,30,54,124,15,105,65,22,31,71,18" hai1="77,102,17,127,27,47,9,69,122,94,12,60,13" hai2="11,50,78,135,70,92,43,100,113,40,116,109,56" hai3="98,61,96,101,121,128,85,117,84,1,0,86,83"/><T103/><D105/><U66/><E122/><V110/><F113/><W6/><G117/><T33/><D33/><U57/><E127/><V39/><F78/><W62/><G6/><T72/><D72/><U76/><E69/><V73/><F73/><W123/><G83/><T99/><D44/><U26/><E47/><V115/><F115/><W88/><G88/><T37/><D37/><U35/><E35/><V89/><F116/><W16/><G16/><T90/><D103/><U42/><E42/><V134/><F100/><W34/><G34/><T129/><D54/><U63/><E63/><N who="3" m="24074" /><G128/><T91/><D129/><U104/><E104/><V95/><F11/><W5/><G5/><T10/><D91/><U82/><E13/><V79/><F79/><N who="1" m="30281" /><E82/><V118/><F118/><W8/><G8/><T68/><D30/><U36/><E36/><V133/><F70/><W87/><N who="3" m="21504" /><DORA hai="19" /><W55/><G55/><T2/><D2/><N who="3" m="1129" /><G101/><T132/><D31/><U130/><E130/><V119/><F119/><W14/><G14/><T41/><D10/><U25/><E102/><V114/><F114/><W23/><G23/><T45/><D18/><N who="1" m="8463" /><E94/><V32/><F32/><W106/><G106/><T49/><D15/><U24/><E24/><V52/><F39/><W29/><G29/><T3/><D3/><U20/><AGARI ba="2,0" hai="17,20,25,26,27,57,60,66" m="8463,30281" machi="20" ten="30,4000,0" yaku="8,1,52,2" doraHai="58,19" who="1" fromWho="1" sc="379,-22,250,46,250,-12,121,-12" /><INIT seed="1,0,0,4,4,52" ten="357,296,238,109" oya="1" hai0="65,0,25,98,112,1,50,48,89,109,26,15,67" hai1="20,111,18,103,68,132,3,66,12,11,7,94,106" hai2="70,114,99,83,126,116,81,23,129,30,124,37,32" hai3="90,92,5,115,113,31,21,88,64,93,97,51,133"/><U13/><E106/><V121/><F116/><W34/><G133/><T17/><D112/><U16/><E68/><V35/><F121/><W91/><G34/><T44/><D109/><U19/><E66/><N who="0" m="25097" /><D1/><U100/><E132/><V42/><F70/><W36/><G36/><T135/><D0/><U2/><E111/><V24/><F114/><W110/><G110/><T104/><D104/><U43/><E43/><V47/><F99/><W74/><G74/><T29/><D29/><U54/><E2/><V130/><F35/><W96/><G5/><T73/><D73/><U134/><E134/><V41/><F41/><W59/><G91/><T56/><D50/><U33/><E33/><V8/><F8/><W27/><REACH who="3" step="1"/><G51/><REACH who="3" ten="357,296,238,99" step="2"/><T62/><D89/><U55/><E103/><V22/><F32/><W61/><AGARI ba="0,1" hai="21,27,31,59,61,64,88,90,92,93,96,97,113,115" machi="61" ten="30,12000,2" yaku="1,1,2,1,0,1,9,1,52,1,54,1,53,0" doraHai="52" doraHaiUra="69" who="3" fromWho="3" sc="357,-30,296,-60,238,-30,99,130" /><INIT seed="2,0,0,0,3,58" ten="327,236,208,229" oya="2" hai0="51,81,128,83,110,62,65,15,61,45,116,66,26" hai1="92,105,68,41,98,43,115,79,74,37,48,16,4" hai2="106,96,123,111,52,23,112,38,29,109,55,21,46" hai3="97,103,100,2,14,3,56,10,77,91,54,134,135"/><V33/><F112/><W87/><G77/><T17/><D110/><N who="2" m="41994" /><F123/><W85/><G85/><T69/><D26/><U82/><E115/><V130/><F130/><W49/><G3/><T131/><D116/><U7/><E37/><V120/><F120/><W12/><G12/><T99/><D99/><U117/><E117/><V72/><F72/><W133/><G97/><T60/><D128/><U113/><E113/><V18/><F33/><W0/><G0/><T40/><D131/><U118/><E105/><V50/><F38/><W102/><G2/><T64/><D69/><U53/><E68/><V27/><F55/><W80/><REACH who="3" step="1"/><G103/><REACH who="3" ten="327,236,208,219" step="2"/><T119/><D119/><U124/><E118/><V129/><F129/><W30/><G30/><T5/><D5/><AGARI ba="0,1" hai="5,10,14,49,54,56,80,87,91,100,102,133,134,135" machi="5" ten="40,2600,0" yaku="1,1,20,1,53,0" doraHai="58" doraHaiUra="19" who="3" fromWho="0" sc="327,-26,236,0,208,0,219,36" /><INIT seed="3,0,0,2,2,120" ten="301,236,208,255" oya="3" hai0="109,127,96,15,100,34,119,121,79,101,18,125,111" hai1="135,128,75,124,10,98,126,22,90,63,17,5,1" hai2="103,45,29,131,66,57,67,3,97,123,47,20,33" hai3="52,9,27,30,25,91,59,68,8,62,80,85,37"/><W0/><G37/><T93/><D121/><U84/><E75/><V86/><F123/><W4/><G68/><T43/><D119/><U102/><E135/><V118/><F118/><W71/><G71/><T88/><D34/><U54/><E128/><V2/><F131/><W129/><G129/><T38/><D79/><U130/><E130/><V44/><F33/><W49/><G9/><N who="0" m="6511" /><D43/><U7/><E7/><V108/><F86/><W81/><G81/><T134/><D38/><U114/><E114/><V64/><F57/><W55/><REACH who="3" step="1"/><G30/><REACH who="3" ten="301,236,208,245" step="2"/><T23/><D134/><U70/><E70/><V31/><F31/><W78/><G78/><T41/><D23/><U61/><E22/><V115/><F20/><W50/><G50/><T107/><D41/><U13/><E10/><V60/><F29/><W117/><G117/><T99/><D101/><U104/><E102/><V132/><F103/><W39/><G39/><T42/><D42/><U112/><E112/><V82/><F132/><W74/><G74/><T21/><D21/><U122/><E122/><V11/><F115/><W35/><G35/><T105/><D105/><U95/><E104/><V12/><F11/><W58/><AGARI ba="0,1" hai="0,4,8,25,27,49,52,55,58,59,62,80,85,91" machi="58" ten="20,7800,0" yaku="1,1,0,1,7,1,54,1,53,0" doraHai="120" doraHaiUra="73" who="3" fromWho="3" sc="301,-26,236,-26,208,-26,245,88" /><INIT seed="3,1,0,3,2,55" ten="275,210,182,333" oya="3" hai0="93,76,71,94,35,101,38,109,111,89,28,99,60" hai1="31,128,24,50,5,131,104,107,32,68,61,77,33" hai2="26,36,86,1,100,130,44,78,39,11,102,110,17" hai3="133,16,66,123,116,46,106,82,96,122,37,64,97"/><W49/><G37/><T42/><D76/><U73/><E5/><V13/><F110/><W118/><G133/><T67/><D38/><U98/><E50/><V129/><F1/><W63/><G82/><T2/><D2/><U113/><E33/><V14/><F26/><W117/><G106/><T54/><D42/><U108/><E108/><N who="0" m="41545" /><D54/><U121/><E113/><V6/><F78/><W20/><G66/><T75/><D75/><U79/><E121/><V23/><F86/><W41/><G123/><T87/><D28/><U56/><E68/><V51/><F39/><W62/><G62/><T27/><D27/><U84/><E84/><V92/><F36/><W83/><G83/><T7/><D7/><U8/><E8/><V91/><F130/><N who="1" m="49705" /><E98/><N who="2" m="57631" /><F129/><W18/><G18/><T3/><D3/><U132/><E132/><V30/><F30/><W57/><REACH who="3" step="1"/><G122/><REACH who="3" ten="275,210,182,323" step="2"/><T25/><D60/><U10/><E79/><V114/><F114/><W59/><G59/><T43/><D67/><N who="1" m="39335" /><E10/><V47/><F47/><W9/><G9/><T127/><D71/><U34/><E77/><V45/><F45/><W88/><G88/><T12/><D89/><U115/><E115/><V70/><F70/><W15/><AGARI ba="1,1" hai="15,16,20,41,46,49,57,63,64,96,97,116,117,118" machi="15" ten="30,12000,1" yaku="1,1,0,1,52,1,54,1,53,1" doraHai="55" doraHaiUra="58" who="3" fromWho="3" sc="275,-41,210,-41,182,-41,323,133" /><INIT seed="3,2,0,5,5,66" ten="234,169,141,456" oya="3" hai0="95,102,25,92,122,91,51,127,97,26,126,134,23" hai1="73,128,55,115,75,130,74,132,81,22,118,34,0" hai2="99,17,59,3,10,125,54,65,16,58,68,29,79" hai3="49,133,41,110,21,101,43,88,61,109,57,103,37"/><W47/><G133/><T20/><D122/><U36/><E34/><V6/><F79/><W112/><G112/><T114/><D134/><U63/><E0/><V123/><F123/><W84/><G21/><N who="0" m="8267" /><D51/><U90/><E132/><V67/><F125/><N who="0" m="47626" /><D114/><U33/><E33/><V8/><F29/><W4/><G4/><T108/><D108/><N who="3" m="41577" /><G43/><T2/><D2/><U60/><E36/><V56/><F3/><W131/><G131/><T45/><D45/><U44/><E44/><V89/><F6/><W52/><G49/><T86/><AGARI ba="2,0" hai="25,26,86,91,92,95,97,102" m="47626,8267" machi="86" ten="30,1100,0" yaku="18,1" doraHai="66" who="0" fromWho="0" sc="234,17,169,-5,141,-5,456,-7" /><INIT seed="4,0,0,4,2,21" ten="251,164,136,449" oya="0" hai0="33,55,100,82,59,114,17,91,134,81,87,49,52" hai1="14,95,133,126,109,26,118,35,83,62,99,61,89" hai2="107,65,64,31,13,96,72,32,76,94,121,60,43" hai3="29,11,120,57,86,110,105,74,104,116,97,127,20"/><T63/><D114/><U37/><E118/><V123/><F43/><W3/><G74/><T101/><D134/><U79/><E37/><V70/><F65/><W2/><G57/><T48/><D33/><U7/><E133/><V75/><F13/><W15/><G86/><T6/><D6/><U41/><E41/><V111/><F111/><W132/><G97/><T42/><D81/><U51/><E51/><V53/><F53/><W80/><G15/><T47/><REACH who="0" step="1"/><D17/><REACH who="0" ten="241,164,136,449" step="2"/><U77/><E83/><V46/><F32/><W44/><G80/><T113/><D113/><U135/><E35/><V106/><F121/><W16/><G16/><T5/><D5/><U92/><E7/><V18/><F18/><W24/><G132/><T88/><D88/><U122/><E89/><V67/><F123/><W103/><G120/><T98/><D98/><U34/><E99/><V12/><F96/><W39/><G116/><T84/><D84/><U0/><E122/><V9/><F75/><W117/><G117/><T25/><D25/><U50/><E26/><V102/><F72/><W108/><G24/><T40/><D40/><U78/><E34/><V28/><F106/><W128/><G105/><T125/><D125/><U69/><E126/><V36/><F107/><W115/><G104/><T119/><D119/><U19/><E19/><V112/><F112/><W90/><G115/><T58/><AGARI ba="0,1" hai="42,47,48,49,52,55,58,59,63,82,87,91,100,101" machi="58" ten="20,12000,1" yaku="1,1,0,1,7,1,8,1,54,1,53,0" doraHai="21" doraHaiUra="124" who="0" fromWho="0" sc="241,130,164,-40,136,-40,449,-40" /><INIT seed="4,1,0,3,2,6" ten="371,124,96,409" oya="0" hai0="110,45,49,126,95,116,27,93,85,40,134,24,21" hai1="129,132,1,50,37,51,53,11,76,57,87,120,88" hai2="14,36,55,89,47,8,91,23,100,75,3,117,41" hai3="13,113,127,61,33,16,130,80,94,106,114,20,99"/><T72/><D72/><U9/><E120/><V135/><F135/><W81/><G106/><T0/><D0/><U64/><E37/><V69/><F117/><W98/><G33/><T66/><D116/><U96/><E1/><V17/><F75/><W30/><G30/><T101/><D134/><U63/><E132/><V67/><F100/><W86/><G130/><T56/><D126/><U35/><E35/><V32/><F32/><W133/><G127/><T22/><D110/><U12/><E129/><V28/><F55/><W131/><G131/><T60/><D101/><U65/><E96/><V48/><F36/><W112/><G61/><T111/><D111/><U109/><E76/><V44/><F44/><W4/><G4/><T25/><D85/><U84/><E84/><V52/><F41/><W7/><G7/><T43/><D40/><U92/><E109/><V5/><REACH who="2" step="1"/><F28/><REACH who="2" ten="371,124,86,409" step="2"/><W15/><G133/><T83/><D83/><U125/><E125/><V97/><F97/><W39/><G81/><T34/><D34/><U105/><E105/><V123/><F123/><W19/><G39/><T108/><D108/><U78/><E65/><V58/><F58/><W118/><G118/><T82/><D82/><U104/><E104/><V26/><F26/><W103/><G99/><T74/><D74/><U115/><E64/><V10/><F10/><N who="3" m="6199" /><G80/><T70/><D70/><U54/><E9/><V62/><AGARI ba="1,1" hai="3,5,8,14,17,23,47,48,52,62,67,69,89,91" machi="62" ten="30,8000,1" yaku="1,1,0,1,52,1,54,1,53,1" doraHai="6" doraHaiUra="18" who="2" fromWho="2" sc="371,-41,124,-21,86,93,409,-21" /><INIT seed="5,0,0,3,0,31" ten="330,103,179,388" oya="1" hai0="131,48,123,73,134,77,126,45,98,41,91,10,40" hai1="39,130,68,111,25,81,132,18,9,107,20,44,27" hai2="2,58,42,121,120,4,28,95,6,53,61,83,119" hai3="16,1,36,124,69,14,76,86,122,113,7,133,80"/><U102/><E132/><V64/><F119/><W47/><G69/><T32/><D131/><U23/><E130/><V106/><F106/><W46/><G122/><T85/><D126/><U49/><E39/><V26/><F42/><W11/><G113/><T24/><D134/><U12/><E68/><V87/><F95/><W70/><G70/><T82/><D123/><U88/><E111/><V30/><F30/><W19/><G124/><T63/><D63/><U103/><E107/><V108/><F108/><W17/><G133/><T34/><D40/><U51/><E23/><V100/><F100/><W99/><G36/><T33/><D98/><U116/><E27/><V75/><F75/><W110/><G110/><T37/><D10/><U59/><E59/><V56/><F2/><W90/><G1/><T66/><D66/><U13/><E13/><V78/><F120/><W92/><AGARI ba="0,0" hai="7,11,14,16,17,19,46,47,76,80,86,90,92,99" machi="92" ten="30,4000,0" yaku="0,1,8,1,54,1" doraHai="31" who="3" fromWho="3" sc="330,-10,103,-20,179,-10,388,40" /><INIT seed="6,0,0,0,2,72" ten="320,83,169,428" oya="2" hai0="107,0,32,24,121,40,123,52,45,18,56,92,46" hai1="66,77,22,69,130,35,62,81,99,71,91,109,115" hai2="118,128,87,19,122,119,44,108,9,68,49,43,104" hai3="34,12,78,29,102,27,95,86,100,36,42,61,15"/><V41/><F104/><W54/><G36/><T23/><D107/><U31/><E109/><V110/><F122/><W93/><G42/><T70/><D70/><U90/><E130/><V82/><F128/><W127/><G127/><T67/><D67/><U2/><E2/><V129/><F129/><W51/><G61/><T83/><D0/><U21/><E71/><V116/><F68/><W64/><G64/><T133/><D133/><U57/><E115/><V11/><F41/><W58/><G95/><T114/><D114/><U105/><E57/><V7/><F19/><W63/><G51/><T39/><D45/><U16/><E21/><V3/><REACH who="2" step="1"/><F11/><REACH who="2" ten="320,83,159,428" step="2"/><W132/><G132/><T106/><D106/><U101/><E31/><V20/><F20/><W85/><G29/><T6/><D32/><U112/><E112/><V97/><F97/><W124/><G34/><T98/><D6/><U131/><E35/><V96/><F96/><W47/><G124/><T111/><D111/><U79/><E131/><V14/><F14/><W65/><G15/><T125/><D125/><U8/><E8/><V5/><F5/><W94/><G12/><T89/><D121/><U17/><E17/><V135/><F135/><W55/><G27/><T1/><D123/><U48/><E48/><V53/><F53/><W10/><G55/><T88/><D1/><U103/><E103/><V33/><F33/><W60/><G54/><T76/><D52/><U59/><E69/><V73/><F73/><W134/><G134/><T50/><D56/><U113/><E113/><V117/><N who="2" m="29696" /><DORA hai="75" /><V84/><F84/><RYUUKYOKU ba="0,1" sc="320,-10,83,-10,159,30,428,-10" hai2="3,7,9,43,44,49,82,87,108,110" /><INIT seed="6,1,1,4,4,106" ten="310,73,189,418" oya="2" hai0="96,117,76,103,91,45,121,135,23,18,72,56,126" hai1="63,41,40,25,37,89,114,43,86,128,122,131,52" hai2="49,29,62,100,78,8,98,60,46,84,12,57,85" hai3="4,65,83,134,73,90,17,101,88,0,116,2,16"/><V64/><F29/><W105/><G65/><T48/><D121/><U42/><E114/><V10/><F62/><W51/><G116/><T108/><D108/><U27/><N who="1" m="10240" /><DORA hai="66" /><U102/><E102/><V127/><F127/><W94/><G51/><T44/><D91/><U33/><E37/><V39/><F39/><W111/><G90/><T50/><D76/><U5/><E5/><V120/><F120/><W32/><G32/><T112/><D72/><U107/><E107/><V21/><F21/><W129/><G129/><T55/><D48/><U118/><E118/><V19/><F8/><W24/><G24/><T109/><D135/><U7/><E7/><V75/><F75/><W26/><G26/><T53/><D53/><U6/><E6/><V67/><F67/><W59/><G4/><T87/><D87/><U22/><E122/><V95/><F78/><W20/><G73/><T115/><D126/><U35/><E27/><V125/><F125/><W30/><G30/><T34/><D34/><U13/><E13/><V74/><F74/><W31/><G31/><T3/><D3/><U113/><E113/><N who="0" m="43593" /><D109/><U61/><E33/><V11/><F11/><W70/><G2/><T54/><D54/><AGARI ba="1,1" hai="10,12,19,46,49,54,57,60,64,84,85,95,98,100" machi="54" ten="30,2900,0" yaku="7,1,8,1" doraHai="106,66" who="2" fromWho="0" sc="310,-32,73,0,189,42,418,0" /><INIT seed="6,2,0,2,2,81" ten="278,73,231,418" oya="2" hai0="95,44,55,124,22,14,115,76,4,77,128,102,109" hai1="94,12,57,47,27,2,0,86,18,73,100,58,5" hai2="41,28,130,25,30,10,125,93,123,134,108,103,87" hai3="97,135,21,129,61,133,105,62,49,29,106,51,65"/><V84/><F123/><W66/><G97/><N who="0" m="59711" /><D109/><U78/><E73/><V59/><F108/><W46/><G129/><T19/><D124/><U79/><E2/><V104/><F130/><W69/><G21/><T40/><D128/><U88/><E0/><V38/><F125/><W34/><G29/><T63/><D4/><U53/><E100/><V74/><F74/><W92/><G92/><T3/><D3/><U75/><E75/><V132/><F10/><W83/><G83/><T122/><D115/><U45/><E5/><V17/><F17/><W82/><G82/><T52/><D122/><U110/><E58/><V1/><F1/><W8/><G8/><T33/><D33/><U39/><E27/><V60/><F104/><W23/><G23/><T26/><D14/><U16/><E18/><V37/><F37/><W90/><G90/><T116/><D116/><U70/><E70/><V121/><F121/><W32/><G46/><N who="1" m="17418" /><E39/><V54/><F41/><W85/><G69/><T43/><D43/><U112/><E112/><V113/><F38/><W20/><G20/><T56/><D40/><U107/><E107/><V42/><F42/><W114/><G114/><T96/><D44/><U120/><E110/><V131/><F131/><W48/><G34/><T68/><D55/><U98/><E98/><N who="2" m="59855" /><F113/><W119/><G32/><T71/><D96/><U91/><E91/><V72/><F72/><W126/><G126/><T80/><D76/><U7/><E7/><V24/><F24/><W67/><G119/><T36/><D36/><U111/><E111/><V6/><F25/><W99/><G99/><RYUUKYOKU ba="2,0" sc="278,30,73,-10,231,-10,418,-10" hai0="19,22,26,52,56,63,68,71,77,80" /><INIT seed="7,3,0,0,5,102" ten="308,63,221,408" oya="3" hai0="49,83,55,7,59,74,46,53,68,122,34,30,19" hai1="11,40,105,57,85,50,101,23,2,8,35,79,63" hai2="27,3,90,99,129,36,92,1,54,78,14,10,119" hai3="66,32,104,127,4,106,56,9,95,84,107,20,75"/><W125/><G32/><T64/><D122/><U51/><E35/><V77/><F119/><W124/><G75/><T117/><D117/><U45/><E2/><V103/><F36/><W113/><G113/><T6/><D68/><U72/><E72/><V70/><F70/><W47/><G47/><T88/><D64/><U39/><E39/><V115/><F115/><W69/><G69/><T112/><D112/><U100/><E100/><V80/><F78/><W31/><G20/><T52/><D74/><U133/><E133/><V42/><F42/><W43/><G31/><T33/><D33/><U131/><E131/><V26/><F129/><W58/><G43/><T91/><D83/><U29/><E51/><V89/><F89/><N who="3" m="53671" /><G66/><T73/><D73/><U123/><E123/><V5/><F54/><W110/><G110/><T126/><D126/><U71/><E71/><V48/><F48/><W94/><G94/><T93/><D19/><U128/><E128/><V118/><F118/><W41/><G41/><T97/><D91/><U134/><E134/><V98/><F3/><AGARI ba="3,0" hai="3,4,9,56,58,104,106,107,124,125,127" m="53671" machi="3" ten="40,12000,1" yaku="18,1,52,3" doraHai="102" who="3" fromWho="2" sc="308,0,63,0,221,-129,408,129" owari="308,11.0,63,-44.0,92,-31.0,537,64.0" /></mjloggm>