<mjloggm ver="2.3"><GO type="41" lobby="0"/><UN n0="%E9%AE%AB%E5%B3%B6%E5%AE%8F%E6%98%8C%CE%B1" n1="%E5%B0%B1%E6%B4%BB%E7%94%9F%40%E5%B7%9D%E6%9D%91%E8%BB%8D%E5%9B%A3" n2="%63%74%73%6F%61%35%37" n3="%53%53%52%49" dan="13,17,14,13" rate="1906.58,2200.44,1946.87,1884.23" sx="M,M,M,M"/><TAIKYOKU oya="0"/><INIT seed="0,0,0,2,5,5" ten="250,250,250,250" oya="0" hai0="102,24,8,7,26,29,32,44,110,134,43,85,28" hai1="39,79,35,66,14,73,1,80,113,27,65,133,16" hai2="122,54,105,75,12,117,112,19,18,109,47,127,124" hai3="69,87,23,13,76,129,93,22,30,91,67,100,95"/><T96/><D134/><U68/><E113/><V53/><F105/><W31/><G129/><T56/><D110/><U123/><E123/><V116/><F75/><W60/><G76/><T33/><D85/><U21/><E133/><V46/><F122/><W17/><G23/><T107/><D56/><U106/><E106/><V57/><F57/><W0/><G0/><T42/><REACH who="0" step="1"/><D44/><REACH who="0" ten="240,250,250,250" step="2"/><U74/><E74/><V34/><F109/><W20/><G69/><T125/><D125/><U82/><E68/><V4/><F112/><W135/><G135/><T49/><D49/><U84/><E39/><V9/><F34/><W36/><G36/><T120/><D120/><U25/><E1/><AGARI ba="0,1" hai="1,7,8,24,26,28,29,32,33,42,43,96,102,107" machi="1" ten="30,18000,2" yaku="1,1,7,1,9,1,52,1,53,2" doraHai="5" doraHaiUra="37" who="0" fromWho="1" sc="240,190,250,-180,250,0,250,0" /><INIT seed="0,1,0,0,3,48" ten="430,70,250,250" oya="0" hai0="7,102,94,40,21,87,0,117,131,59,13,14,132" hai1="17,99,75,112,30,134,35,73,61,58,133,103,27" hai2="80,6,110,4,15,127,65,84,122,104,57,66,109" hai3="95,79,77,88,32,113,71,36,8,33,45,91,83"/><T69/><D117/><U5/><E5/><V9/><F122/><W16/><G113/><T41/><D69/><U97/><E112/><V93/><F104/><W85/><G71/><T19/><D132/><U24/><E17/><V118/><F118/><W124/><G124/><T54/><D131/><U22/><E22/><V12/><F93/><W1/><G1/><T125/><D125/><U120/><E27/><V107/><F107/><W86/><G36/><T106/><D106/><U90/><E90/><V100/><F100/><W74/><G74/><T101/><D0/><U72/><E120/><V82/><F127/><W62/><G62/><N who="0" m="36215" /><D87/><U78/><E78/><V25/><F84/><W89/><G89/><T130/><D130/><U53/><REACH who="1" step="1"/><E103/><REACH who="1" ten="430,60,250,250" step="2"/><N who="0" m="39433" /><D94/><U135/><AGARI ba="1,1" hai="24,30,35,53,58,61,72,73,75,97,99,133,134,135" machi="135" ten="40,8000,1" yaku="1,1,0,1,20,1,52,1,53,1" doraHai="48" doraHaiUra="51" who="1" fromWho="1" sc="430,-41,60,93,250,-21,250,-21" /><INIT seed="1,0,0,4,2,97" ten="389,153,229,229" oya="1" hai0="9,119,70,28,104,4,92,2,71,27,15,42,109" hai1="74,66,50,81,82,13,55,46,31,17,53,128,37" hai2="33,41,69,78,8,113,32,54,114,20,61,64,132" hai3="11,30,62,91,84,14,123,103,124,65,135,29,18"/><U24/><E128/><V73/><F132/><W51/><G123/><T43/><D104/><U3/><E3/><V76/><F41/><W99/><G135/><T126/><D119/><U101/><E37/><V25/><F54/><W34/><G34/><T110/><D126/><U133/><E133/><V79/><F73/><W89/><G124/><T12/><D92/><U68/><E74/><V63/><F8/><W39/><G39/><T45/><D43/><U120/><E120/><V7/><F7/><W23/><G51/><T94/><D94/><U85/><E55/><V121/><F63/><W10/><G10/><T58/><D58/><U35/><E101/><V98/><F98/><W90/><G84/><T59/><D59/><U118/><E118/><V44/><F44/><W36/><G36/><N who="0" m="21703" /><D12/><U129/><E129/><V100/><F100/><W115/><G115/><N who="2" m="44041" /><F121/><W48/><G48/><T111/><D15/><U93/><E66/><V72/><F72/><W40/><G40/><T49/><D49/><U57/><E68/><V134/><F134/><W60/><G11/><T86/><D86/><U95/><E57/><V108/><F108/><W77/><G77/><N who="2" m="19713" /><V38/><DORA hai="67" /><F38/><W26/><G26/><T96/><D96/><U125/><E125/><V116/><F116/><W0/><G0/><T21/><AGARI ba="0,0" hai="2,4,9,21,27,28,70,71,109,110,111" m="21703" machi="21" ten="30,4000,0" yaku="14,1,52,2" doraHai="97,67" who="0" fromWho="0" sc="389,40,153,-20,229,-10,229,-10" /><INIT seed="2,0,0,1,4,84" ten="429,133,219,219" oya="2" hai0="10,91,40,85,30,27,20,61,52,15,80,133,4" hai1="74,79,55,92,103,72,66,50,130,83,19,126,114" hai2="110,23,59,99,127,97,135,24,96,95,5,57,94" hai3="31,54,115,82,8,0,120,134,102,1,3,76,106"/><V64/><F127/><W47/><G120/><T11/><D133/><U35/><E114/><V32/><F32/><W63/><G115/><T34/><D40/><U77/><E126/><V112/><F112/><W2/><G134/><T109/><D109/><U88/><E35/><V122/><F122/><W6/><G31/><T43/><D43/><U90/><E130/><V12/><F135/><W132/><G132/><T104/><D104/><U17/><E66/><V44/><F44/><W51/><G63/><T36/><D36/><U46/><E103/><V89/><F110/><W45/><G106/><T39/><D39/><U60/><E60/><V67/><F5/><W38/><G102/><T37/><D37/><U56/><E46/><V125/><F12/><W98/><G98/><T28/><D34/><U129/><E129/><V93/><F125/><W71/><G71/><T22/><D11/><U69/><E69/><V73/><F73/><W107/><G107/><T14/><D14/><U111/><E111/><V81/><F23/><N who="0" m="8746" /><D27/><U108/><E108/><V53/><F24/><W78/><G82/><T18/><D4/><U75/><E92/><N who="2" m="35435" /><F81/><W117/><G117/><T62/><D61/><U118/><E118/><V29/><F29/><W128/><G128/><T49/><D62/><U65/><E65/><N who="2" m="25163" /><F53/><W70/><G70/><T101/><D101/><U26/><E26/><V7/><F7/><W33/><G33/><T123/><D123/><U41/><E41/><V116/><F116/><W100/><G100/><T16/><D18/><N who="1" m="6667" /><E83/><V131/><F131/><W58/><G38/><T42/><D42/><RYUUKYOKU ba="0,0" sc="429,0,133,0,219,0,219,0" hai0="10,15,16,28,30,49,52,80,85,91" hai1="50,55,56,72,74,75,77,79,88,90" hai2="57,59,89,95,96,97,99" hai3="0,1,2,3,6,8,45,47,51,54,58,76,78" /><INIT seed="2,1,0,3,3,63" ten="429,133,219,219" oya="2" hai0="119,134,58,73,11,91,110,18,112,122,5,39,34" hai1="61,59,89,10,60,48,19,72,15,43,129,47,92" hai2="90,38,62,87,46,118,67,24,25,101,51,37,116" hai3="135,64,130,96,1,97,76,74,20,65,55,6,35"/><V78/><F101/><W100/><G35/><T86/><D122/><U85/><E129/><V94/><F78/><W54/><G135/><T104/><D112/><U81/><E72/><V27/><F38/><W88/><G130/><T80/><D104/><U30/><E30/><V128/><F37/><W14/><G1/><T77/><D119/><U75/><E75/><V12/><F12/><W103/><G76/><T0/><D134/><U36/><E36/><V29/><F29/><W53/><G74/><T111/><D34/><U71/><E71/><V70/><REACH who="2" step="1"/><F128/><REACH who="2" ten="429,133,209,219" step="2"/><W132/><G132/><T40/><D39/><U49/><E92/><V127/><F127/><W32/><G32/><T41/><D110/><U114/><E114/><V44/><F44/><W83/><G103/><T79/><D111/><U123/><E123/><V126/><F126/><W66/><G100/><T26/><D73/><U131/><E131/><V50/><F50/><W8/><G20/><T21/><D79/><U45/><REACH who="1" step="1"/><E59/><REACH who="1" ten="429,123,209,219" step="2"/><V17/><F17/><W13/><REACH who="3" step="1"/><G13/><REACH who="3" ten="429,123,209,209" step="2"/><T93/><REACH who="0" step="1"/><D58/><REACH who="0" ten="419,123,209,209" step="2"/><RYUUKYOKU type="reach4" ba="1,4" sc="419,0,123,0,209,0,209,0" hai0="0,5,11,18,21,26,40,41,77,80,86,91,93" hai1="10,15,19,43,45,47,48,49,60,61,81,85,89" hai2="24,25,27,46,51,62,67,70,87,90,94,116,118" hai3="6,8,14,53,54,55,64,65,66,83,88,96,97" /><INIT seed="2,2,4,0,1,90" ten="419,123,209,209" oya="2" hai0="42,120,112,126,60,39,53,57,21,16,14,92,35" hai1="99,127,86,79,118,44,46,77,73,24,80,109,32" hai2="55,33,100,70,50,96,56,58,83,65,26,45,17" hai3="111,59,89,123,27,115,97,10,132,51,116,7,103"/><V84/><F70/><W29/><G123/><T135/><D35/><U30/><E118/><V128/><F65/><W122/><G122/><T48/><D120/><U43/><E127/><V2/><F2/><W20/><G116/><T31/><D126/><U108/><E99/><V107/><F128/><W11/><G115/><T6/><D135/><U106/><E106/><V9/><F33/><W47/><G132/><T74/><D74/><U25/><E25/><V13/><F26/><W5/><G111/><N who="1" m="42570" /><E43/><V15/><F15/><W49/><G59/><T124/><D124/><U37/><E37/><V66/><F66/><W40/><G51/><T68/><D112/><U69/><E69/><V117/><F117/><W91/><G11/><T4/><D92/><U28/><E28/><V101/><F101/><W75/><G7/><T130/><D130/><U34/><E34/><V8/><F9/><W1/><G75/><T72/><D72/><U134/><E134/><V95/><F107/><AGARI ba="2,4" hai="1,5,10,20,27,29,40,47,49,89,91,97,103,107" machi="107" ten="30,1000,0" yaku="7,1" doraHai="90" who="3" fromWho="2" sc="419,0,123,0,209,-16,209,56" /><INIT seed="3,0,0,5,2,63" ten="419,123,193,265" oya="3" hai0="11,61,88,107,38,91,22,89,46,79,86,124,125" hai1="43,25,55,108,24,73,16,23,5,20,120,9,75" hai2="54,21,133,18,129,78,113,40,114,74,77,92,119" hai3="111,81,128,15,57,45,52,8,19,121,71,3,0"/><W112/><G121/><T47/><D107/><U30/><E120/><V32/><F54/><W12/><G112/><T110/><D110/><U48/><E108/><V98/><F40/><W10/><G111/><T87/><D11/><U105/><E43/><V122/><F119/><W99/><G128/><T33/><D33/><U50/><E50/><V95/><F32/><W64/><G45/><N who="0" m="16907" /><D38/><U66/><E105/><V34/><F34/><W118/><G118/><T130/><D130/><U31/><E66/><V14/><F95/><W56/><G71/><T127/><D22/><U70/><E70/><V104/><F104/><W35/><G35/><T131/><D131/><U76/><E76/><V97/><F97/><W65/><G99/><T41/><D41/><U58/><REACH who="1" step="1"/><E31/><REACH who="1" ten="419,113,193,265" step="2"/><V67/><F78/><W134/><G134/><T53/><D79/><U28/><E28/><V106/><F106/><W27/><G27/><T132/><D132/><U82/><E82/><V7/><F133/><W117/><G81/><T80/><D80/><U100/><E100/><V1/><F122/><W126/><G117/><T59/><AGARI ba="0,1" hai="53,59,61,86,87,88,89,91,124,125,127" m="16907" machi="59" ten="40,2700,0" yaku="18,1,54,1" doraHai="63" who="0" fromWho="0" sc="419,37,113,-7,193,-7,265,-13" /><INIT seed="4,0,0,5,1,100" ten="456,106,186,252" oya="0" hai0="46,45,21,48,109,38,2,119,125,28,101,60,20" hai1="26,111,132,126,92,39,57,52,72,47,55,123,68" hai2="124,7,8,53,117,90,130,97,89,61,31,18,49" hai3="56,63,112,103,12,69,80,133,85,114,131,65,32"/><T23/><D2/><U105/><E123/><V4/><F117/><W51/><G32/><T3/><D3/><U37/><E72/><V88/><F130/><W78/><G131/><T81/><D119/><U16/><E111/><V34/><F124/><W98/><G133/><T99/><D125/><U50/><E68/><V10/><F61/><W29/><G29/><T113/><D113/><N who="3" m="43625" /><G12/><T25/><D109/><U118/><E126/><V135/><F135/><W54/><G103/><T62/><D81/><U107/><E118/><V87/><F97/><AGARI ba="0,0" hai="51,54,56,63,65,69,78,80,85,97,98" m="43625" machi="97" ten="30,1000,0" yaku="15,1" doraHai="100" who="3" fromWho="2" sc="456,0,106,0,186,-10,252,10" /><INIT seed="5,0,0,1,2,68" ten="456,106,176,262" oya="1" hai0="99,11,122,71,7,70,134,6,60,17,128,36,41" hai1="85,18,67,80,111,83,104,102,113,107,96,51,24" hai2="126,81,69,86,127,22,129,97,135,88,77,95,89" hai3="103,73,91,32,100,58,53,93,114,82,12,56,65"/><U54/><E111/><V44/><F69/><W123/><G123/><T106/><D122/><U98/><E113/><V133/><F44/><W20/><G32/><T14/><D134/><N who="2" m="51210" /><F22/><W4/><G114/><T50/><D128/><U5/><E5/><V19/><F19/><W59/><G65/><T52/><D99/><U78/><E67/><V38/><F38/><W117/><G117/><T34/><D34/><U61/><E61/><V101/><F129/><W120/><G120/><T16/><D106/><U132/><E132/><V2/><F2/><W64/><G64/><T90/><D90/><AGARI ba="0,0" hai="77,81,86,88,89,90,95,97,101,126,127" m="51210" machi="90" ten="30,7700,0" yaku="20,1,34,2,54,1" doraHai="68" who="2" fromWho="0" sc="456,-77,106,0,176,77,262,0" /><INIT seed="6,0,0,4,0,17" ten="379,106,253,262" oya="2" hai0="86,120,39,103,20,6,35,119,60,91,51,128,19" hai1="98,124,104,29,46,70,27,48,31,28,43,12,111" hai2="99,15,65,132,72,0,106,96,14,130,26,71,10" hai3="110,79,4,36,123,30,92,22,89,41,54,85,94"/><V66/><F72/><W115/><G123/><T126/><D39/><U1/><E111/><V69/><F106/><W87/><G110/><T134/><D35/><U33/><E124/><V44/><F132/><W127/><G127/><T37/><D120/><U50/><E1/><V122/><F122/><W40/><G115/><T77/><D126/><U84/><E50/><V107/><F130/><W11/><G36/><T5/><D37/><U38/><E48/><V16/><F44/><W135/><G135/><T97/><D119/><U109/><E109/><V133/><F133/><W118/><G118/><T3/><D3/><U121/><E121/><V90/><F0/><W74/><G74/><T102/><D134/><U25/><E84/><V88/><F26/><N who="3" m="16727" /><G54/><T8/><D128/><U45/><E12/><V47/><F47/><W63/><G63/><T24/><D77/><U13/><E13/><V131/><F131/><W56/><G56/><T23/><D60/><U114/><E46/><V73/><F73/><W80/><G94/><N who="0" m="58679" /><D51/><U112/><E70/><V49/><F49/><W42/><G11/><T101/><D8/><U55/><E55/><V83/><F107/><W61/><G61/><T113/><D113/><U117/><E117/><V18/><F10/><W100/><G100/><N who="0" m="38475" /><D20/><U82/><E112/><V76/><F76/><W21/><G4/><T129/><D129/><U78/><E114/><V125/><F125/><W62/><G62/><T52/><D52/><U67/><E67/><V9/><F9/><W53/><G53/><T68/><D68/><U75/><E33/><V116/><F116/><RYUUKYOKU ba="0,0" sc="379,0,106,0,253,0,262,0" hai0="5,6,19,23,24,86,91" hai1="25,27,28,29,31,38,43,45,75,78,82,98,104" hai2="14,15,16,18,65,66,69,71,83,88,90,96,99" hai3="21,40,41,42,79,80,85,87,89,92" /><INIT seed="6,1,0,3,5,89" ten="379,106,253,262" oya="2" hai0="58,48,12,2,106,128,1,99,132,75,108,124,30" hai1="33,94,107,11,28,81,121,23,18,129,82,127,118" hai2="93,135,122,43,105,37,44,4,114,130,104,59,115" hai3="51,6,90,38,29,53,13,117,133,72,27,60,21"/><V17/><F122/><W109/><G117/><T46/><D75/><U68/><E118/><V47/><F135/><W95/><G72/><T69/><D69/><U85/><E107/><V5/><F130/><W102/><G109/><T63/><D106/><U96/><E129/><V22/><F59/><W112/><G112/><N who="2" m="43049" /><F47/><W20/><G38/><T119/><D108/><U14/><E68/><V126/><F126/><W24/><G133/><T70/><D70/><U100/><E121/><V116/><F116/><W74/><G74/><T8/><D119/><U10/><E127/><V61/><F61/><W80/><G60/><T36/><D36/><U0/><E85/><V19/><F104/><W87/><G6/><N who="2" m="2665" /><F105/><W39/><G39/><T110/><D124/><U62/><E0/><V101/><F22/><N who="3" m="15511" /><G27/><T42/><D132/><U32/><E32/><V98/><AGARI ba="1,0" hai="17,19,37,43,44,93,98,101" m="2665,43049" machi="98" ten="30,3000,0" yaku="15,1,52,1" doraHai="89" who="2" fromWho="2" sc="379,-11,106,-11,253,33,262,-11" /><INIT seed="6,2,0,5,2,82" ten="368,95,286,251" oya="2" hai0="12,78,83,33,58,30,9,119,76,61,7,39,103" hai1="90,134,113,35,14,75,120,79,98,85,74,41,51" hai2="40,77,123,69,102,124,1,38,114,118,72,28,8" hai3="17,44,42,129,127,116,6,112,80,53,4,117,110"/><V109/><RYUUKYOKU type="yao9" ba="2,0" sc="368,0,95,0,286,0,251,0" hai2="1,8,28,38,40,69,72,77,102,109,114,118,123,124" /><INIT seed="6,3,0,3,3,110" ten="368,95,286,251" oya="2" hai0="13,60,46,105,22,41,92,106,86,97,126,115,108" hai1="15,93,91,70,102,7,114,133,134,36,56,42,9" hai2="107,1,131,23,123,63,0,94,135,125,39,124,55" hai3="40,48,18,57,21,10,43,132,116,80,6,122,67"/><V66/><F107/><W11/><G122/><T104/><D108/><U34/><E70/><V38/><F123/><W101/><G116/><T35/><D35/><U75/><E34/><V103/><F23/><W19/><G132/><T85/><D126/><N who="2" m="48746" /><F55/><W76/><G101/><T59/><D115/><U32/><E32/><V117/><F117/><W33/><G33/><T90/><D22/><U25/><E75/><V112/><F131/><W5/><G67/><T64/><REACH who="0" step="1"/><D13/><REACH who="0" ten="358,95,286,251" step="2"/><U98/><E25/><V96/><F112/><W121/><G121/><T54/><D54/><U130/><E130/><V12/><F135/><W71/><G21/><T73/><D73/><U27/><E114/><V109/><F12/><W81/><G71/><T51/><AGARI ba="3,1" hai="41,46,51,59,60,64,85,86,90,92,97,104,105,106" machi="51" ten="30,2000,0" yaku="1,1,0,1,53,0" doraHai="110" doraHaiUra="74" who="0" fromWho="0" sc="358,39,95,-8,286,-13,251,-8" /><INIT seed="7,0,0,1,4,88" ten="397,87,273,243" oya="3" hai0="116,70,35,81,96,78,104,53,79,72,24,73,119" hai1="6,32,122,113,111,83,46,108,107,42,2,16,134" hai2="58,80,110,45,118,49,135,98,13,62,101,39,0" hai3="93,18,27,50,9,7,22,77,123,26,91,63,48"/><W23/><G123/><T74/><D70/><U126/><E83/><V92/><F110/><W57/><G77/><N who="0" m="44199" /><D53/><U114/><E46/><V89/><F0/><W109/><G109/><T106/><D24/><U85/><E85/><V10/><F39/><W55/><G7/><T128/><D35/><U43/><E43/><V82/><F118/><N who="0" m="45098" /><D128/><U15/><E42/><V127/><F127/><W71/><G71/><T125/><D125/><U25/><E107/><N who="0" m="41001" /><D96/><U66/><E66/><V69/><F69/><W129/><G129/><T31/><D31/><U95/><E95/><V37/><F37/><W36/><G36/><T4/><D4/><U97/><E97/><V34/><F34/><W51/><G9/><T28/><D28/><U20/><E126/><V8/><F8/><W14/><REACH who="3" step="1"/><G23/><REACH who="3" ten="397,87,273,233" step="2"/><T84/><D79/><U65/><E122/><V102/><F135/><W29/><G29/><T75/><D78/><U68/><E134/><V105/><F105/><W12/><G12/><T41/><D73/><U64/><E68/><V76/><F76/><W67/><G67/><T94/><D75/><U121/><E65/><V130/><F130/><W86/><AGARI ba="0,1" hai="14,18,22,26,27,48,50,51,55,57,63,86,91,93" machi="86" ten="30,11700,0" yaku="1,1,0,1,8,1,52,1,53,0" doraHai="88" doraHaiUra="1" who="3" fromWho="3" sc="397,-39,87,-39,273,-39,233,127" owari="358,16.0,48,-45.0,234,-17.0,360,46.0" /></mjloggm>