<mjloggm ver="2.3"><GO type="169" lobby="0"/><UN n0="%E3%81%84%E3%81%91%E3%81%9F%E3%82%93" n1="%E3%83%A4%E3%82%AD%E3%83%B3" n2="%E3%82%A6%E3%83%AB%E3%83%88%E3%83%A9%E7%AB%8B%E7%9B%B4" n3="%6D%6F%65%2E%6E" dan="16,18,17,16" rate="2155.92,2124.77,2165.25,2104.99" sx="M,M,M,F"/><TAIKYOKU oya="0"/><INIT seed="0,0,0,2,0,53" ten="250,250,250,250" oya="0" hai0="105,92,17,55,50,72,23,38,135,83,62,100,25" hai1="6,19,109,80,65,1,77,107,39,3,4,84,43" hai2="93,127,67,71,132,13,74,117,9,85,134,104,31" hai3="61,59,14,79,86,45,102,95,121,119,129,114,124"/><T27/><D38/><U99/><E43/><V122/><F31/><W133/><G114/><T75/><D105/><U91/><E39/><V103/><F67/><W0/><G0/><T29/><D62/><U112/><E112/><V131/><F13/><W54/><G119/><T125/><D125/><U46/><E46/><V64/><F9/><W32/><G32/><T56/><D135/><U90/><E109/><V123/><F64/><W21/><G124/><T115/><D115/><U78/><E19/><V36/><F85/><W52/><G133/><T40/><D40/><U10/><E65/><V116/><F93/><W35/><G35/><T106/><D106/><U68/><E68/><V42/><F103/><W97/><G129/><T73/><D100/><U34/><E34/><V28/><F28/><W33/><G33/><T58/><D92/><U126/><E126/><V48/><F42/><W87/><G121/><T111/><D111/><U130/><E130/><V37/><F48/><N who="3" m="28687" /><G79/><T8/><D83/><U49/><E49/><V15/><F127/><W89/><G102/><T70/><D70/><U113/><E113/><V120/><F71/><W118/><G118/><T69/><D69/><U76/><E107/><V16/><F104/><W26/><G14/><T24/><D8/><U7/><E10/><V41/><F117/><W96/><G96/><T30/><REACH who="0" step="1"/><D58/><REACH who="0" ten="240,250,250,250" step="2"/><U2/><REACH who="1" step="1"/><E91/><REACH who="1" ten="240,240,250,250" step="2"/><V110/><F134/><W57/><G57/><T22/><D22/><U51/><E51/><V81/><F132/><W94/><G94/><AGARI ba="0,2" hai="1,2,3,4,6,7,76,77,78,80,84,90,94,99" machi="94" ten="50,1600,0" yaku="1,1,53,0" doraHai="53" doraHaiUra="108" who="1" fromWho="3" sc="240,0,240,36,250,0,250,-16" /><INIT seed="1,0,0,5,5,8" ten="240,276,250,234" oya="1" hai0="33,131,6,21,76,127,30,134,54,46,69,122,84" hai1="80,110,126,101,70,129,60,116,75,103,23,57,112" hai2="124,97,65,1,73,117,40,109,18,28,123,16,7" hai3="42,111,47,113,17,105,68,133,32,90,104,128,2"/><U114/><E116/><V24/><F73/><W35/><G90/><T9/><D69/><U93/><E70/><V78/><F40/><W44/><G17/><T79/><D33/><U77/><E126/><V45/><F45/><W98/><G98/><T19/><D30/><U38/><E38/><V61/><F78/><W55/><G55/><T81/><D134/><U52/><E129/><V92/><F117/><W0/><G42/><T67/><D67/><U41/><E41/><V71/><F123/><W120/><G44/><T91/><D131/><U119/><E119/><V34/><F124/><W107/><G47/><T39/><D39/><U12/><E110/><V89/><REACH who="2" step="1"/><F109/><REACH who="2" ten="240,276,240,234" step="2"/><W3/><G111/><T94/><D122/><U36/><E36/><V118/><F118/><W121/><G128/><T56/><D127/><U22/><E114/><V82/><F82/><W102/><G113/><T20/><D46/><U43/><E112/><V72/><F72/><W26/><G120/><T106/><D81/><U62/><E43/><V99/><F99/><W59/><G121/><T135/><D79/><U66/><E75/><V4/><F4/><W125/><G125/><T37/><D6/><U63/><E80/><V50/><F50/><W49/><G49/><T29/><D37/><U95/><E77/><V14/><F14/><W58/><G0/><T108/><D76/><U53/><E12/><V130/><F130/><W10/><G2/><T25/><D108/><U74/><E74/><V64/><F64/><W87/><G3/><T85/><D85/><U86/><E86/><V27/><F27/><RYUUKYOKU ba="0,1" sc="240,-10,276,-10,240,30,234,-10" hai2="1,7,16,18,24,28,34,61,65,71,89,92,97" /><INIT seed="2,1,1,0,2,27" ten="230,266,270,224" oya="2" hai0="97,13,23,31,34,3,101,129,91,104,32,44,56" hai1="66,2,115,14,99,98,39,114,122,85,59,53,12" hai2="6,28,111,72,60,93,96,50,47,81,51,119,126" hai3="61,102,107,52,29,117,128,58,105,8,121,24,118"/><V83/><F119/><W16/><G121/><T133/><D3/><U4/><E2/><V57/><F72/><W46/><G128/><T19/><D129/><U18/><E39/><V5/><F126/><W130/><G130/><T135/><D44/><U43/><E43/><N who="2" m="24959" /><F51/><W7/><G46/><T90/><D56/><U134/><E66/><N who="2" m="39183" /><F28/><W15/><G7/><N who="2" m="2569" /><F111/><W120/><G120/><T71/><D71/><U0/><E122/><V132/><F132/><N who="0" m="50762" /><D34/><U95/><E134/><V127/><F127/><W11/><G11/><T68/><D68/><U103/><E114/><V25/><F25/><AGARI ba="1,1" hai="13,19,23,25,31,32,90,91,97,101,104" m="50762" machi="25" ten="30,2000,0" yaku="20,1,52,1" doraHai="27" who="0" fromWho="2" sc="230,33,266,0,270,-23,224,0" /><INIT seed="3,0,0,2,5,45" ten="263,266,247,224" oya="3" hai0="47,126,122,10,26,78,87,24,79,33,40,57,39" hai1="70,76,35,20,67,111,131,116,115,92,124,51,4" hai2="96,46,55,11,29,129,22,52,30,27,43,77,119" hai3="98,132,120,82,53,50,23,12,13,133,58,97,112"/><W14/><G112/><T135/><D122/><U83/><E35/><V127/><F119/><W8/><G120/><T88/><D126/><U0/><E115/><V73/><F127/><W9/><G23/><T106/><D106/><U69/><E116/><V93/><F129/><W84/><G97/><T36/><D36/><U61/><E131/><V16/><F77/><W134/><REACH who="3" step="1"/><G98/><REACH who="3" ten="263,266,247,214" step="2"/><T6/><D33/><U15/><E20/><V34/><F34/><W102/><G102/><T86/><D135/><U80/><E124/><V107/><F30/><W100/><G100/><T54/><D26/><U66/><E111/><V21/><F21/><W19/><G19/><T38/><D24/><U2/><E0/><V105/><F105/><W109/><G109/><T95/><D86/><U44/><E2/><V42/><F107/><W123/><G123/><T85/><D85/><U101/><E101/><V3/><F73/><W71/><G71/><T37/><D79/><AGARI ba="0,1" hai="8,9,12,13,14,50,53,58,79,82,84,132,133,134" machi="79" ten="50,12000,1" yaku="1,1,20,1,52,1,53,2" doraHai="45" doraHaiUra="7" who="3" fromWho="0" sc="263,-120,266,0,247,0,214,130" /><INIT seed="3,1,0,3,4,37" ten="143,266,247,344" oya="3" hai0="32,39,79,46,91,59,31,34,17,90,92,83,44" hai1="130,18,129,30,105,21,48,78,56,73,126,128,120" hai2="111,127,15,60,10,109,119,106,108,16,95,14,112" hai3="22,27,107,6,135,84,63,102,132,1,76,70,71"/><W53/><G1/><T134/><D134/><N who="3" m="51241" /><G6/><T43/><D59/><U57/><E120/><V50/><F106/><W12/><G12/><T116/><D116/><U0/><E105/><V62/><F119/><W41/><G102/><T81/><D17/><U7/><E30/><V33/><F112/><W61/><G107/><T35/><D31/><U113/><E113/><V110/><F33/><W66/><G41/><T23/><D23/><U25/><E126/><V58/><F127/><W94/><G53/><T29/><D29/><U47/><E0/><V69/><F111/><W51/><G51/><T54/><D92/><U36/><E36/><V5/><F95/><W103/><G103/><T80/><REACH who="0" step="1"/><D79/><REACH who="0" ten="133,266,247,344" step="2"/><U8/><E7/><V122/><F122/><W115/><G115/><T133/><D133/><U100/><E78/><V104/><F104/><W86/><G94/><T68/><D68/><U87/><E130/><V65/><F69/><W64/><G76/><T4/><D4/><U9/><E129/><V38/><F110/><W98/><G98/><T131/><D131/><U121/><E128/><V117/><F109/><W123/><G123/><T72/><D72/><U85/><E73/><V42/><F108/><W3/><G3/><T124/><D124/><U99/><E121/><V19/><F117/><W93/><G93/><T96/><D96/><U13/><E99/><V114/><F114/><W28/><AGARI ba="1,1" hai="22,27,28,61,63,64,66,70,71,84,86" m="51241" machi="28" ten="30,1500,0" yaku="20,1" doraHai="37" who="3" fromWho="3" sc="133,-6,266,-6,247,-6,344,28" /><INIT seed="3,2,0,0,2,34" ten="127,260,241,372" oya="3" hai0="12,89,119,39,91,18,75,4,81,68,90,128,118" hai1="53,60,92,102,46,13,16,134,24,66,35,87,43" hai2="48,107,72,127,117,7,15,47,78,84,73,59,104" hai3="71,112,1,33,106,19,131,32,125,36,105,31,121"/><W28/><RYUUKYOKU type="yao9" ba="2,0" sc="127,0,260,0,241,0,372,0" hai3="1,19,28,31,32,33,36,71,105,106,112,121,125,131" /><INIT seed="3,3,0,4,1,26" ten="127,260,241,372" oya="3" hai0="75,84,70,100,128,86,102,9,133,52,63,41,2" hai1="43,1,11,18,61,72,103,122,126,21,117,46,14" hai2="35,78,13,111,32,60,28,85,83,131,134,29,99" hai3="22,45,20,23,129,87,67,81,0,57,55,98,77"/><W88/><G0/><T10/><D75/><U105/><E122/><V108/><F131/><W107/><G129/><T101/><D128/><U24/><E72/><V95/><F134/><W42/><G67/><T40/><D133/><U119/><E126/><V27/><F13/><W127/><G127/><T8/><D2/><U34/><E61/><V49/><F49/><N who="3" m="26807" /><G107/><T48/><D70/><U89/><E89/><V96/><F60/><N who="3" m="35903" /><G98/><T120/><D63/><U123/><E123/><V130/><F99/><W71/><G71/><T112/><D112/><U124/><E124/><V65/><F65/><W74/><G74/><T76/><D120/><U79/><E34/><V38/><F38/><W53/><G53/><T47/><REACH who="0" step="1"/><D76/><AGARI ba="3,0" hai="20,22,23,76,77,81,87,88" m="35903,26807" machi="76" ten="30,2900,0" yaku="8,1,54,1" doraHai="26" who="3" fromWho="0" sc="127,-38,260,0,241,0,372,38" /><INIT seed="3,4,0,5,4,14" ten="89,260,241,410" oya="3" hai0="71,104,83,91,13,26,82,52,23,59,130,77,110" hai1="75,95,64,62,45,60,46,3,63,27,9,51,61" hai2="44,33,99,109,37,114,32,96,18,69,68,132,30" hai3="131,101,66,49,89,92,103,126,111,84,133,7,74"/><W1/><G1/><T105/><D71/><U121/><E121/><V117/><F44/><W20/><G7/><T12/><D110/><U5/><E75/><V88/><F37/><W79/><G66/><T15/><D130/><U42/><E63/><V58/><F58/><W21/><G131/><T47/><D47/><U100/><E27/><V48/><F48/><W0/><G0/><T129/><D129/><U57/><E100/><V97/><F30/><W119/><G119/><T113/><D113/><U86/><E95/><V94/><F114/><W54/><G111/><T72/><D83/><U116/><E116/><V35/><F109/><W39/><G39/><T53/><D91/><U125/><E125/><V22/><F132/><W135/><G126/><T81/><D81/><U65/><E65/><V34/><N who="2" m="8192" /><DORA hai="85" /><V87/><REACH who="2" step="1"/><F117/><REACH who="2" ten="89,260,231,410" step="2"/><W128/><G128/><T4/><D4/><U10/><E46/><V127/><F127/><W8/><G133/><T70/><D70/><U31/><E31/><V11/><F11/><W43/><G8/><T122/><D122/><U134/><E10/><V90/><F90/><W102/><G135/><T56/><D56/><U98/><E134/><V73/><F73/><W19/><G74/><T50/><REACH who="0" step="1"/><D53/><REACH who="0" ten="79,260,231,410" step="2"/><U2/><E2/><V78/><F78/><W76/><G54/><T124/><D124/><U24/><E57/><V106/><F106/><W118/><G118/><T16/><AGARI ba="4,2" hai="12,13,15,16,23,26,50,52,59,72,77,82,104,105" machi="16" ten="30,8000,1" yaku="1,1,0,1,52,1,54,2,53,0" doraHai="14,85" doraHaiUra="38,28" who="0" fromWho="0" sc="79,112,260,-24,231,-24,410,-44" /><INIT seed="4,0,0,5,1,12" ten="191,236,207,366" oya="0" hai0="46,118,83,21,86,16,41,105,42,40,62,19,112" hai1="53,54,74,27,25,24,4,58,99,0,70,94,111" hai2="97,56,29,73,119,20,2,7,89,60,3,92,85" hai3="37,103,127,68,26,113,71,9,116,33,121,52,50"/><T132/><D105/><U124/><E111/><V43/><F73/><W78/><G113/><T122/><D118/><U133/><E70/><V90/><F43/><W47/><G116/><T84/><D122/><U31/><E74/><V64/><F119/><W66/><G121/><T49/><D112/><U128/><E124/><V14/><F7/><W11/><G127/><T75/><D75/><U95/><E133/><V76/><F76/><W36/><G78/><T108/><D132/><U18/><E4/><V104/><F104/><W110/><G110/><T135/><D135/><U1/><E128/><V125/><F125/><W117/><G117/><T101/><D101/><U114/><E95/><V134/><F134/><W109/><G109/><T79/><D108/><U126/><E126/><V15/><F15/><W39/><G103/><T34/><D34/><U23/><E114/><V93/><REACH who="2" step="1"/><F29/><REACH who="2" ten="191,236,197,366" step="2"/><W67/><G26/><N who="0" m="14631" /><D41/><U120/><E120/><V10/><F10/><W48/><G9/><T123/><D42/><U102/><E27/><V8/><F8/><W38/><G11/><T130/><D123/><U13/><E25/><V22/><F22/><W98/><G33/><T35/><D35/><U55/><E0/><V32/><F32/><W81/><G39/><T5/><D5/><U57/><E1/><V30/><F30/><W28/><G28/><T107/><D107/><U87/><E31/><V106/><F106/><W80/><G37/><T69/><D130/><U77/><E24/><V96/><F96/><W17/><G38/><T45/><D40/><U59/><E77/><V91/><F91/><RYUUKYOKU ba="0,1" sc="191,-15,236,15,197,15,366,-15" hai1="13,18,23,53,54,55,57,58,59,87,94,99,102" hai2="2,3,14,20,56,60,64,85,89,90,92,93,97" /><INIT seed="5,1,1,1,2,1" ten="176,251,212,351" oya="1" hai0="20,121,77,34,105,65,95,3,93,87,75,102,19" hai1="110,109,62,104,47,51,48,107,55,26,12,82,61" hai2="59,94,2,41,17,63,118,97,98,125,120,11,78" hai3="43,67,68,24,13,44,7,52,91,4,71,100,83"/><U5/><E26/><V112/><F120/><W30/><G100/><T46/><D34/><U18/><E82/><V127/><F118/><W123/><G123/><T135/><D121/><U116/><E116/><V35/><F35/><W40/><G68/><T89/><D135/><U88/><E51/><V27/><F41/><N who="3" m="15947" /><G71/><T38/><D38/><U126/><E126/><N who="2" m="48139" /><F78/><W57/><G13/><T21/><D46/><U114/><E114/><V15/><F2/><W113/><G67/><T36/><D36/><U9/><E18/><V54/><F112/><W29/><G44/><T132/><D3/><U133/><E133/><V72/><F72/><W108/><G108/><N who="1" m="41578" /><E88/><N who="2" m="55495" /><F98/><W128/><G128/><T50/><D132/><U32/><E32/><V8/><F27/><W130/><G130/><T22/><D75/><U39/><E39/><V25/><F25/><W90/><G113/><T16/><D77/><U10/><E107/><V58/><F58/><W86/><G24/><T28/><D105/><U119/><E104/><V129/><F129/><W117/><G117/><T76/><D76/><U99/><E99/><V101/><F11/><W134/><G134/><T69/><D28/><N who="3" m="10857" /><G91/><T103/><D50/><AGARI ba="1,1" hai="4,7,50,52,57,83,86,90" m="10857,15947" machi="50" ten="30,7700,0" yaku="8,1,52,2,54,1" doraHai="1" who="3" fromWho="0" sc="176,-80,251,0,212,0,351,90" /><INIT seed="6,0,0,0,4,59" ten="96,251,212,441" oya="2" hai0="80,118,3,22,93,41,110,120,40,53,133,16,119" hai1="126,47,87,58,92,78,83,63,33,123,0,56,130" hai2="21,27,10,5,114,116,66,61,62,109,129,12,28" hai3="96,88,32,95,25,38,122,125,113,15,94,101,72"/><V106/><F106/><W17/><G122/><T84/><D3/><U55/><E33/><V9/><F116/><W24/><G72/><T90/><D110/><U18/><E0/><V100/><F109/><W34/><G38/><T68/><D120/><U77/><E123/><V97/><F114/><W57/><G113/><T31/><D31/><U73/><E126/><V67/><F129/><W8/><G125/><T64/><D133/><U39/><E130/><V1/><F67/><W117/><G117/><T19/><D19/><U91/><E77/><V35/><F66/><W108/><G108/><T48/><D118/><U51/><E39/><V89/><F89/><W132/><G132/><T43/><D119/><U37/><E37/><V36/><F36/><W11/><G11/><T75/><D75/><U4/><E4/><V69/><F69/><W26/><REACH who="3" step="1"/><G57/><REACH who="3" ten="96,251,212,431" step="2"/><T98/><D68/><U46/><E58/><V135/><F135/><W2/><G2/><T103/><D64/><U124/><E124/><V60/><F10/><W121/><G121/><T127/><D127/><U54/><E47/><V102/><F97/><AGARI ba="0,1" hai="8,15,17,24,25,26,32,34,88,94,95,96,97,101" machi="97" ten="40,2600,0" yaku="1,1,54,1,53,0" doraHai="59" doraHaiUra="134" who="3" fromWho="2" sc="96,0,251,0,212,-26,431,36" /><INIT seed="7,0,0,1,1,73" ten="96,251,186,467" oya="3" hai0="39,5,130,92,126,54,29,34,79,128,105,32,71" hai1="21,129,13,46,47,77,60,51,74,68,84,93,66" hai2="25,127,88,83,107,28,69,48,6,120,49,103,102" hai3="33,58,96,133,89,55,37,134,56,104,12,20,17"/><W4/><G37/><T110/><D105/><U113/><E74/><V116/><F69/><W22/><G33/><T132/><D110/><U111/><E111/><V26/><F6/><W87/><G4/><T109/><D109/><U8/><E113/><V45/><F49/><W125/><G125/><T1/><D71/><U86/><E21/><V72/><F26/><W3/><G3/><T94/><D39/><U63/><E63/><V10/><F10/><W99/><G22/><T0/><D5/><U135/><E135/><N who="3" m="51722" /><G58/><T30/><D132/><U123/><E123/><V42/><F103/><W35/><G104/><T67/><D67/><U108/><E129/><V70/><F42/><W19/><G19/><T52/><REACH who="0" step="1"/><D126/><REACH who="0" ten="86,251,186,467" step="2"/><U43/><E66/><V119/><F70/><W14/><G35/><T114/><D114/><U81/><E108/><V115/><F107/><W9/><G9/><T75/><D75/><U38/><E68/><V100/><F72/><W11/><G11/><T80/><D80/><U85/><E81/><V41/><F83/><N who="3" m="49407" /><G14/><T64/><D64/><U97/><E13/><V112/><F127/><W7/><G7/><T59/><D59/><U36/><E36/><V16/><F115/><W90/><G90/><T76/><AGARI ba="0,1" hai="0,1,29,30,32,34,52,54,76,79,92,94,128,130" machi="76" ten="25,12000,2" yaku="1,1,0,1,22,2,52,2,54,1,53,0" doraHai="73" doraHaiUra="65" who="0" fromWho="0" sc="86,130,251,-30,186,-30,467,-60" owari="216,-18.0,221,2.0,156,-34.0,407,50.0" /></mjloggm>