<mjloggm ver="2.3"><GO type="233" lobby="0"/><UN n0="%E3%81%8A%E7%9F%A5%E3%82%89%E3%81%9B" n1="%E9%BB%92%E7%8C%AB%40%E3%81%BA%E3%82%8D%E3%81%BA%E3%82%8D%E2%98%86" n2="%E3%82%A6%E3%83%AB%E3%83%88%E3%83%A9%E7%AB%8B%E7%9B%B4" n3="%6E%61%6B%61%6A%75%75%6E" dan="16,18,18,17" rate="2108.41,2231.65,2186.32,2138.96" sx="M,F,M,M"/><TAIKYOKU oya="0"/><INIT seed="0,0,0,1,1,76" ten="250,250,250,250" oya="0" hai0="78,130,82,21,51,50,60,73,34,115,117,32,10" hai1="44,49,47,108,3,39,120,15,111,58,116,125,80" hai2="28,0,7,84,71,14,122,133,123,2,64,129,33" hai3="55,41,119,68,93,13,16,101,70,36,85,25,88"/><T24/><D24/><U96/><BYE who="0" /><E3/><V104/><F84/><W69/><G119/><T57/><D57/><U91/><E116/><V56/><F56/><W128/><G128/><T27/><D27/><U23/><E120/><V75/><F64/><W127/><G127/><T86/><D86/><N who="1" m="50631" /><E125/><UN n0="%E3%81%8A%E7%9F%A5%E3%82%89%E3%81%9B" /><V31/><F14/><W6/><G101/><T54/><D115/><U90/><E39/><V61/><F61/><W59/><G6/><T40/><D117/><U1/><E1/><V135/><F71/><W42/><G25/><T66/><D21/><U22/><E96/><V99/><F99/><W35/><G35/><T102/><D130/><U79/><E90/><V83/><F104/><W26/><G26/><T124/><D124/><U107/><E107/><V74/><F129/><W17/><G36/><T103/><D32/><U118/><E79/><V110/><F33/><W65/><G65/><T126/><D34/><U48/><E58/><V121/><F121/><W53/><G17/><T9/><D126/><U89/><E89/><V11/><F11/><W109/><G109/><N who="1" m="42058" /><E15/><V114/><F110/><W92/><G92/><T29/><D102/><U8/><E8/><V4/><REACH who="2" step="1"/><F114/><REACH who="2" ten="250,250,240,250" step="2"/><W100/><G100/><T30/><D103/><U98/><E98/><V19/><F19/><W12/><G12/><T38/><D9/><U37/><E118/><V43/><F43/><N who="3" m="16395" /><G59/><N who="0" m="37151" /><D10/><U18/><E18/><V132/><F132/><W72/><G69/><T81/><D38/><U63/><E37/><V95/><F95/><W5/><G70/><T77/><D40/><N who="1" m="24583" /><E63/><V45/><F45/><W112/><G68/><RYUUKYOKU ba="0,1" sc="250,-15,250,15,240,15,250,-15" hai1="22,23,47,49" hai2="0,2,4,7,28,31,74,75,83,122,123,133,135" /><INIT seed="1,1,1,5,3,104" ten="235,265,255,235" oya="1" hai0="120,103,68,7,98,49,35,67,101,86,6,108,79" hai1="28,64,94,65,71,117,13,43,14,52,61,128,34" hai2="77,69,70,102,105,29,121,88,20,126,114,66,112" hai3="91,85,33,39,135,10,4,26,119,40,50,16,18"/><U95/><E117/><V8/><F121/><W97/><G39/><T87/><D35/><U124/><E128/><V75/><F8/><W110/><G110/><T44/><D68/><U25/><E124/><V72/><F126/><W123/><G123/><T51/><D67/><U38/><E65/><V83/><F66/><W42/><G135/><T63/><D63/><U23/><E43/><V54/><F54/><W134/><G134/><T125/><D125/><U118/><E38/><V12/><F70/><W122/><G122/><T46/><D120/><U57/><E118/><V93/><F69/><W92/><G119/><T76/><REACH who="0" step="1"/><D98/><REACH who="0" ten="225,265,255,235" step="2"/><U55/><E34/><V113/><F113/><W60/><G60/><T21/><D21/><U74/><E71/><V82/><F114/><W31/><G97/><T107/><D107/><U27/><E64/><V99/><F112/><W62/><G62/><T17/><D17/><U47/><E23/><V111/><F111/><AGARI ba="1,2" hai="6,7,44,46,49,51,76,79,86,87,101,103,108,111" machi="111" ten="25,3200,0" yaku="1,1,22,2,53,0" doraHai="104" doraHaiUra="132" who="0" fromWho="2" sc="225,55,265,0,255,-35,235,0" /><INIT seed="2,0,0,2,4,98" ten="280,265,220,235" oya="2" hai0="107,24,123,116,113,105,29,104,15,70,128,126,132" hai1="12,85,55,28,66,0,44,99,108,72,112,62,88" hai2="103,96,52,77,20,49,129,86,37,43,78,131,69" hai3="48,33,122,59,45,50,110,67,14,68,9,31,95"/><V18/><F69/><W30/><G122/><T101/><D123/><U102/><E0/><V16/><F43/><W56/><G110/><T106/><D113/><U92/><E108/><V47/><F37/><W5/><G68/><T94/><D70/><U71/><E112/><V1/><F1/><W26/><G31/><T80/><D132/><U117/><E117/><V39/><F39/><W65/><G95/><T21/><D128/><N who="2" m="49226" /><F86/><W35/><G35/><T109/><D109/><U8/><E72/><V124/><F124/><W17/><G48/><T27/><D126/><U10/><E28/><V76/><F20/><W60/><G59/><T51/><D116/><U125/><E125/><V81/><F81/><W73/><G73/><T23/><D80/><U111/><E111/><V120/><F120/><W54/><REACH who="3" step="1"/><G5/><REACH who="3" ten="280,265,220,225" step="2"/><T25/><D29/><U3/><E71/><V22/><F22/><W58/><G58/><T36/><D21/><U42/><E10/><V57/><F57/><W133/><G133/><T2/><D36/><U53/><E8/><V11/><F11/><W97/><G97/><T100/><D23/><U127/><E99/><V118/><F118/><W84/><G84/><T7/><D24/><U40/><E85/><V13/><F13/><W82/><G82/><T64/><D15/><U91/><E12/><V75/><F75/><W46/><G46/><T135/><D25/><U41/><E44/><V63/><F63/><W32/><G32/><T83/><D27/><U34/><E34/><V79/><N who="2" m="19456" /><DORA hai="121" /><V4/><F4/><W87/><G87/><T74/><D74/><RYUUKYOKU ba="0,1" sc="280,-15,265,-15,220,15,225,15" hai2="16,18,47,49,52,96,103" hai3="9,14,17,26,30,33,45,50,54,56,60,65,67" /><INIT seed="2,1,1,4,4,53" ten="265,250,235,240" oya="2" hai0="91,27,96,70,68,24,31,66,127,23,7,0,58" hai1="100,74,131,78,105,49,42,56,30,13,19,12,109" hai2="122,87,43,72,81,113,82,85,16,6,39,103,60" hai3="108,32,107,86,37,61,95,10,121,118,54,11,64"/><V18/><F122/><W59/><G121/><T29/><D127/><U112/><E112/><V4/><F113/><W134/><G118/><T47/><D7/><N who="2" m="2602" /><F39/><W119/><G119/><T28/><D0/><U106/><E106/><V114/><F72/><W101/><G108/><T135/><D135/><U115/><E109/><V67/><F43/><W33/><G37/><T128/><D128/><U25/><E42/><V71/><F71/><W126/><G126/><T17/><D27/><U14/><E131/><V26/><F103/><W80/><G134/><T57/><D47/><U111/><E100/><V102/><F102/><W51/><G107/><T52/><D66/><U40/><E40/><V93/><F114/><W73/><G33/><T124/><D58/><U5/><E5/><V129/><F129/><W2/><G32/><T132/><D132/><U50/><E105/><V34/><F34/><W38/><G38/><T36/><D36/><U75/><E75/><V44/><F44/><W35/><G35/><T45/><D45/><U89/><E74/><V88/><F26/><W15/><G2/><T65/><D65/><U41/><E25/><V92/><F92/><W1/><G1/><T63/><D124/><U104/><E104/><V8/><F8/><W83/><G73/><T125/><D125/><U62/><E115/><V110/><F110/><W79/><G83/><N who="2" m="31753" /><F87/><W21/><G101/><T98/><D98/><U9/><E41/><V84/><F84/><W133/><G133/><T123/><D123/><U90/><E111/><V97/><F85/><W20/><G86/><T117/><D117/><RYUUKYOKU ba="1,1" sc="265,15,250,-15,235,15,240,-15" hai0="17,23,24,28,29,31,52,57,63,68,70,91,96" hai2="16,18,60,67,88,93,97" /><INIT seed="2,2,1,3,1,88" ten="280,235,250,225" oya="2" hai0="97,32,65,110,41,123,57,111,114,47,58,80,81" hai1="48,63,22,119,76,64,115,40,3,42,34,78,1" hai2="35,128,100,16,37,87,118,9,60,113,117,31,61" hai3="54,23,38,92,85,103,125,82,5,51,33,53,95"/><V121/><F37/><W52/><G33/><T91/><D32/><U94/><E34/><V10/><F100/><W0/><G38/><T131/><D123/><U74/><E119/><N who="2" m="45579" /><F87/><W130/><G130/><T39/><D131/><U70/><E115/><V12/><F61/><W62/><G125/><T2/><D2/><U28/><E78/><V73/><F60/><W8/><G62/><N who="0" m="38095" /><D58/><U90/><E76/><V104/><F104/><W17/><G103/><T129/><D114/><U107/><E74/><V56/><F56/><W79/><REACH who="3" step="1"/><G51/><REACH who="3" ten="280,235,250,215" step="2"/><T50/><D50/><U93/><E48/><V105/><F128/><W36/><G36/><T4/><D39/><U30/><E63/><V108/><F113/><W86/><G86/><T77/><D129/><U72/><E72/><V21/><F73/><W132/><G132/><T24/><D111/><U83/><E64/><V124/><F105/><W14/><AGARI ba="2,2" hai="0,5,8,14,17,23,52,53,54,79,82,85,92,95" machi="14" ten="30,8000,1" yaku="1,1,0,1,52,2,54,1,53,0" doraHai="88" doraHaiUra="134" who="3" fromWho="3" sc="280,-22,235,-22,250,-42,215,106" /><INIT seed="3,0,0,1,3,73" ten="258,213,208,321" oya="3" hai0="24,95,121,3,109,50,22,1,108,84,111,101,62" hai1="115,42,81,123,63,79,61,77,134,34,23,69,18" hai2="94,87,120,112,83,15,93,132,54,88,26,60,72" hai3="21,124,67,118,71,65,49,51,125,4,133,68,64"/><W5/><G21/><T119/><D119/><U103/><E123/><V33/><F112/><W29/><G29/><N who="0" m="17559" /><D121/><U106/><E34/><V130/><F120/><W53/><G118/><T57/><D50/><N who="3" m="18953" /><G133/><T100/><D84/><U102/><E115/><V12/><F132/><W56/><G56/><T129/><D129/><U122/><E122/><V47/><F130/><W13/><G53/><N who="0" m="34095" /><D95/><N who="2" m="36362" /><F33/><W9/><G13/><N who="2" m="5193" /><F72/><W76/><G9/><T90/><D90/><U66/><E134/><V36/><F36/><W25/><G25/><T59/><D59/><U37/><E37/><V104/><F104/><W14/><G14/><T10/><D10/><U89/><E106/><V45/><F26/><W107/><G107/><T85/><D1/><U35/><E35/><V105/><F105/><W11/><G11/><T110/><D3/><U2/><E2/><V39/><F39/><W98/><G98/><T0/><D0/><U28/><E28/><V70/><F70/><N who="3" m="26667" /><G76/><T82/><D111/><U58/><E79/><V126/><F60/><W80/><G80/><T78/><AGARI ba="0,0" hai="78,82,85,100,101,108,109,110" m="34095,17559" machi="78" ten="30,2000,0" yaku="14,1,52,1" doraHai="73" who="0" fromWho="0" sc="258,20,213,-5,208,-5,321,-10" /><INIT seed="4,0,0,1,4,39" ten="278,208,203,311" oya="0" hai0="77,87,43,18,44,50,10,115,81,132,105,76,34" hai1="128,134,1,73,37,21,58,101,6,17,8,92,64" hai2="97,54,116,80,69,16,107,0,89,98,20,75,59" hai3="24,53,106,130,22,100,110,135,47,74,46,62,108"/><T90/><D105/><U35/><E73/><V119/><F0/><W121/><G74/><T51/><D132/><U125/><E134/><V55/><F69/><W45/><G135/><T56/><D34/><U2/><E35/><V41/><F107/><W84/><G130/><T13/><REACH who="0" step="1"/><D115/><REACH who="0" ten="268,208,203,311" step="2"/><U93/><E128/><V124/><F119/><W26/><G106/><T7/><D7/><U79/><E6/><V4/><F116/><W30/><G108/><T36/><D36/><U61/><E37/><V95/><F4/><W42/><G110/><T88/><D88/><U82/><E101/><V31/><F89/><W114/><G100/><T3/><D3/><U104/><E104/><V85/><F124/><W96/><G114/><T19/><D19/><U109/><E125/><V78/><F16/><W127/><G127/><T102/><D102/><U68/><E109/><V49/><F31/><W99/><G30/><T70/><D70/><U67/><E1/><V86/><F78/><W32/><G32/><T27/><D27/><U57/><E68/><V60/><F20/><W33/><G22/><T91/><D91/><U40/><E2/><V5/><F5/><W129/><G33/><T123/><D123/><U15/><E21/><V83/><F95/><W9/><G121/><T48/><D48/><U11/><E93/><V14/><F49/><W29/><G129/><T52/><AGARI ba="0,1" hai="10,13,18,43,44,50,51,52,56,76,77,81,87,90" machi="52" ten="30,12000,1" yaku="1,1,0,1,8,1,52,1,54,1,53,0" doraHai="39" doraHaiUra="113" who="0" fromWho="0" sc="268,130,208,-40,203,-40,311,-40" /><INIT seed="4,1,0,1,0,10" ten="398,168,163,271" oya="0" hai0="111,31,98,108,71,127,130,116,122,39,66,23,29" hai1="4,110,126,73,14,3,64,90,19,133,96,8,74" hai2="92,15,105,100,9,70,41,132,2,1,118,58,83" hai3="121,34,20,27,89,97,49,26,104,99,7,12,117"/><T37/><D122/><U109/><E133/><V51/><F70/><W30/><G117/><T76/><D116/><U13/><E126/><V0/><F118/><W35/><G121/><T129/><D76/><U57/><E3/><V67/><F132/><W68/><G68/><T128/><D98/><U28/><E28/><N who="0" m="10825" /><D23/><U53/><E64/><V5/><F105/><W62/><G27/><T107/><D107/><U79/><E90/><V43/><F83/><W25/><G25/><T63/><D127/><U59/><E59/><V135/><F135/><W72/><G72/><T21/><D21/><U46/><E46/><V47/><F43/><W95/><G62/><T94/><D94/><U78/><E96/><V32/><F32/><W69/><G69/><T120/><D120/><U86/><E86/><V82/><F82/><W17/><G49/><T115/><D115/><U113/><E113/><V75/><F75/><W38/><G38/><AGARI ba="1,0" hai="37,38,39,63,66,71,108,111,128,129,130" m="10825" machi="38" ten="40,2000,0" yaku="19,1" doraHai="10" who="0" fromWho="3" sc="398,23,168,0,163,0,271,-23" /><INIT seed="4,2,0,0,4,133" ten="421,168,163,248" oya="0" hai0="124,32,108,9,100,15,134,120,0,40,78,82,20" hai1="105,30,95,103,76,90,19,52,130,58,57,50,119" hai2="61,129,44,13,28,51,131,11,79,39,118,6,132" hai3="23,106,7,85,1,33,47,16,98,125,111,87,65"/><T2/><D32/><U123/><E123/><V93/><F39/><W49/><G111/><T5/><D134/><U45/><E119/><V77/><F132/><W4/><G33/><T21/><D100/><U75/><E130/><N who="2" m="49675" /><F118/><W109/><G109/><T70/><D70/><U126/><E126/><V112/><F112/><W97/><G125/><T101/><D101/><U127/><E127/><V121/><F121/><W53/><G65/><T35/><D35/><U29/><E19/><V55/><F28/><W22/><G22/><T83/><D40/><U104/><E104/><V48/><F61/><W88/><G106/><T74/><D108/><U86/><E29/><V17/><F93/><N who="3" m="54431" /><G85/><T96/><D0/><U67/><E30/><V56/><F6/><N who="3" m="2091" /><G1/><T102/><D2/><U26/><E26/><AGARI ba="2,0" hai="16,23,26,47,49,53,97,98" m="2091,54431" machi="26" ten="30,3900,0" yaku="8,1,54,2" doraHai="133" who="3" fromWho="1" sc="421,0,168,-45,163,0,248,45" /><INIT seed="5,0,0,3,3,105" ten="421,123,163,293" oya="1" hai0="110,128,21,42,104,2,103,17,122,87,65,107,34" hai1="74,86,28,126,101,93,78,124,118,83,35,53,92" hai2="131,96,37,23,11,55,77,40,25,81,66,67,62" hai3="61,14,108,4,75,134,132,123,49,100,85,29,73"/><U94/><E35/><V51/><F131/><W30/><G123/><T95/><D2/><U43/><E43/><V111/><F111/><W71/><G108/><T80/><D65/><U88/><E28/><N who="3" m="10858" /><G100/><T57/><D57/><U130/><E130/><V9/><F40/><W50/><G85/><T47/><D34/><U32/><E32/><V27/><F37/><W13/><G61/><T116/><D116/><U15/><E15/><N who="3" m="5642" /><G71/><T16/><D122/><U56/><E118/><V44/><F96/><W59/><G4/><T54/><D103/><U12/><E12/><V48/><F48/><N who="3" m="18539" /><G59/><T10/><D87/><U18/><E18/><V68/><F66/><W84/><G84/><T69/><D16/><U33/><E33/><V120/><F120/><W76/><G76/><T99/><D17/><U5/><E5/><V121/><F121/><W89/><G89/><T115/><D110/><U26/><E26/><V58/><F68/><W129/><G129/><T60/><D69/><U45/><E101/><V3/><F3/><W52/><G52/><T36/><D54/><U31/><E31/><V70/><F70/><W39/><G39/><T133/><D36/><U41/><E56/><V119/><F27/><W97/><G97/><T98/><D98/><U7/><E53/><V8/><F25/><W6/><G6/><T106/><D99/><U82/><REACH who="1" step="1"/><E7/><REACH who="1" ten="421,113,163,293" step="2"/><V91/><F119/><W46/><G46/><T135/><D47/><U90/><E90/><V125/><F91/><W22/><G22/><T1/><D21/><U127/><E127/><V20/><F125/><W24/><G24/><RYUUKYOKU ba="0,1" sc="421,-30,113,10,163,10,293,10" hai1="41,45,74,78,82,83,86,88,92,93,94,124,126" hai2="8,9,11,20,23,44,51,55,58,62,67,77,81" hai3="73,75,132,134" /><INIT seed="5,1,1,3,5,7" ten="391,123,173,303" oya="1" hai0="131,84,61,75,120,98,70,95,56,114,80,52,102" hai1="53,134,76,54,1,65,27,90,57,5,99,69,59" hai2="26,105,73,39,32,14,51,28,122,6,60,34,78" hai3="92,62,0,23,135,111,87,104,119,94,133,43,18"/><U29/><E134/><N who="3" m="51210" /><G111/><T25/><D114/><U117/><E117/><V55/><F39/><W24/><G104/><T126/><D126/><U129/><E129/><V112/><F122/><W123/><G123/><T116/><D120/><U31/><E69/><V49/><F105/><W47/><G0/><T42/><D42/><U97/><E65/><V66/><F112/><W33/><G33/><T74/><D131/><U108/><E76/><V85/><F73/><W22/><G119/><T96/><D70/><U17/><E108/><V30/><F85/><W91/><G62/><T15/><D116/><U16/><E5/><V8/><F78/><W124/><G23/><T79/><D25/><U48/><E1/><V35/><F30/><N who="1" m="11273" /><E27/><V38/><F38/><N who="3" m="22007" /><G124/><T9/><REACH who="0" step="1"/><D98/><REACH who="0" ten="381,123,173,303" step="2"/><N who="1" m="37387" /><E90/><V86/><F34/><W77/><G77/><T81/><D81/><AGARI ba="1,2" hai="18,22,24,81,87,91,92,94" m="22007,51210" machi="81" ten="30,1000,0" yaku="20,1" doraHai="7" who="3" fromWho="0" sc="381,-13,123,0,173,0,303,33" /><INIT seed="6,0,0,4,0,36" ten="368,123,173,336" oya="2" hai0="110,29,96,7,57,2,134,107,27,121,62,52,13" hai1="78,112,77,128,113,100,75,126,64,93,123,18,102" hai2="50,25,59,35,3,69,22,91,65,119,99,46,118" hai3="17,45,4,120,49,6,43,31,23,39,87,106,73"/><V101/><F3/><W129/><G120/><T40/><D110/><U42/><E64/><V122/><F122/><W104/><G73/><T16/><D2/><U135/><E123/><V105/><F59/><W98/><G129/><T80/><D134/><U92/><E18/><V11/><F11/><W56/><G31/><T74/><D40/><U28/><E28/><V33/><F33/><W125/><G125/><T68/><D68/><U109/><E42/><V37/><F37/><W132/><G132/><T20/><D7/><U108/><E135/><V95/><F35/><W12/><G87/><T81/><D74/><U130/><REACH who="1" step="1"/><E75/><REACH who="1" ten="368,113,173,336" step="2"/><V61/><F119/><W127/><G127/><AGARI ba="0,1" hai="77,78,92,93,100,102,108,109,112,113,126,127,128,130" machi="127" ten="25,12000,2" yaku="1,1,2,1,22,2,34,3,53,0" doraHai="36" doraHaiUra="114" who="1" fromWho="3" sc="368,0,113,130,173,0,336,-120" /><INIT seed="7,0,0,0,0,125" ten="368,243,173,216" oya="3" hai0="104,44,2,91,3,14,118,123,32,29,112,51,102" hai1="55,17,105,40,87,68,78,133,12,111,84,76,94" hai2="74,34,10,24,13,46,49,132,9,38,48,124,126" hai3="65,22,45,117,92,33,114,64,47,113,19,31,26"/><W93/><G117/><T109/><D102/><U107/><E111/><V100/><F74/><W88/><G47/><T128/><D104/><U86/><E68/><V41/><F132/><W37/><G92/><T75/><D75/><U129/><E40/><V89/><F100/><W82/><G82/><T99/><D99/><U101/><E55/><V5/><F126/><W8/><G8/><T80/><D123/><U54/><E54/><V119/><F119/><W4/><G4/><T134/><D134/><U98/><E12/><V97/><F124/><W23/><G45/><T62/><D118/><U57/><E17/><V27/><F38/><W35/><G37/><T58/><D109/><U69/><E57/><V108/><F108/><W73/><G73/><T110/><D110/><U122/><E69/><V130/><F34/><W20/><G19/><T115/><D80/><U6/><E6/><V50/><F130/><W21/><G33/><T1/><D32/><U59/><E129/><V79/><F79/><W85/><N who="3" m="5120" /><DORA hai="90" /><W116/><REACH who="3" step="1"/><G116/><REACH who="3" ten="368,243,173,206" step="2"/><T72/><D128/><U0/><E94/><N who="2" m="56527" /><F10/><W135/><G135/><T60/><D72/><U106/><E133/><V67/><F67/><AGARI ba="0,1" hai="26,31,35,64,65,67,85,88,93,113,114" m="5120" machi="67" ten="50,12000,1" yaku="1,1,52,1,54,1,53,1" doraHai="125,90" doraHaiUra="36,30" who="3" fromWho="2" sc="368,0,243,0,173,-120,206,130" /><INIT seed="7,1,0,0,5,91" ten="368,243,53,336" oya="3" hai0="130,99,76,74,57,56,97,21,109,4,72,52,55" hai1="114,64,53,134,47,0,94,132,135,131,67,123,70" hai2="29,22,12,51,42,101,2,63,65,24,128,6,98" hai3="107,49,48,117,106,35,59,31,62,5,84,34,7"/><W82/><G117/><T27/><D109/><U92/><E0/><V69/><F128/><W17/><G107/><T90/><D130/><U110/><E131/><V120/><F120/><W32/><G106/><T33/><D33/><U41/><E110/><V81/><F2/><W26/><G17/><N who="0" m="12719" /><D74/><U88/><E123/><V50/><F42/><W89/><G7/><T19/><D76/><U40/><E114/><V125/><F125/><W1/><G5/><T58/><D72/><U78/><E78/><V100/><F100/><W20/><REACH who="3" step="1"/><G1/><REACH who="3" ten="368,243,53,326" step="2"/><T28/><D4/><U73/><E134/><V39/><F39/><W9/><G9/><T87/><D19/><U75/><E70/><V11/><F81/><W61/><G61/><N who="0" m="35975" /><D28/><U96/><E47/><V108/><F108/><W121/><G121/><T54/><D58/><U85/><E135/><V115/><F115/><W60/><G60/><N who="0" m="35895" /><D55/><AGARI ba="1,1" hai="20,26,31,32,34,35,48,49,55,59,62,82,84,89" machi="55" ten="40,7700,0" yaku="1,1,53,2" doraHai="91" doraHaiUra="45" who="3" fromWho="0" sc="368,-80,243,0,53,0,326,90" owari="288,9.0,243,-16.0,53,-45.0,416,52.0" /></mjloggm>