<mjloggm ver="2.3"><GO type="169" lobby="0"/><UN n0="%E3%82%A6%E3%83%AB%E3%83%88%E3%83%A9%E7%AB%8B%E7%9B%B4" n1="%66%75%6A%69%6D%75%72%61" n2="%E3%82%B4%E3%83%BC%E3%83%AB%E3%83%87%E3%83%B3%E3%81%B2%E3%82%88%E3%81%93" n3="%E3%82%AE%E3%82%AC%E3%83%9E%E3%82%A4%E3%83%B3" dan="17,16,17,16" rate="2167.78,2161.07,2159.35,2140.39" sx="M,M,M,M"/><TAIKYOKU oya="0"/><INIT seed="0,0,0,5,1,11" ten="250,250,250,250" oya="0" hai0="80,67,133,33,5,70,113,7,50,32,79,119,91" hai1="10,74,42,46,4,60,25,105,122,85,31,8,66" hai2="81,134,9,16,86,127,43,104,100,83,55,84,82" hai3="30,96,26,45,54,129,51,22,107,62,128,27,0"/><T132/><D91/><U120/><E74/><V87/><F43/><W36/><G0/><T125/><D50/><U56/><E105/><V90/><F127/><W39/><G62/><N who="0" m="40311" /><D119/><U118/><E118/><V71/><F71/><W15/><G27/><T38/><D38/><U103/><E103/><V41/><F41/><W63/><G63/><T114/><D7/><U64/><E64/><V61/><F134/><N who="0" m="51818" /><D5/><U44/><E85/><N who="2" m="32875" /><F104/><W93/><G107/><T29/><D125/><U19/><E10/><V69/><F100/><W13/><G39/><T49/><D49/><U18/><E122/><V53/><F69/><W68/><G68/><T35/><D29/><U28/><E120/><V92/><F61/><W52/><G36/><T111/><D111/><U115/><E115/><V117/><F117/><W123/><G123/><T101/><D101/><U76/><E76/><V23/><F9/><W102/><G54/><T135/><N who="0" m="51826" /><T124/><DORA hai="131" /><D124/><U75/><E75/><AGARI ba="0,0" hai="32,33,35,75,79,80,113,114" m="51826,40311" machi="75" ten="50,18000,2" yaku="20,1,23,1,52,4" doraHai="11,131" who="0" fromWho="1" sc="250,180,250,-180,250,0,250,0" /><INIT seed="0,1,0,2,2,16" ten="430,70,250,250" oya="0" hai0="75,24,89,130,57,25,65,77,35,1,11,84,114" hai1="22,86,72,54,87,94,13,91,104,132,76,69,110" hai2="92,109,108,106,42,47,3,129,39,116,40,66,52" hai3="115,58,117,64,121,88,135,67,9,19,8,43,33"/><T63/><D114/><U126/><E69/><V15/><F106/><W85/><G115/><T73/><D130/><U80/><E110/><N who="2" m="42603" /><F3/><W36/><G117/><T128/><D128/><U82/><E132/><V18/><F129/><W7/><G33/><T105/><D105/><U26/><E126/><V99/><F116/><W112/><G112/><T111/><D111/><U59/><E104/><V83/><F83/><W2/><G135/><T102/><D102/><U23/><E13/><V93/><F66/><W74/><G74/><T95/><D77/><U131/><E131/><V46/><F99/><W90/><G121/><T61/><D1/><U10/><E10/><N who="2" m="6519" /><F52/><W81/><G90/><T125/><D125/><U124/><E124/><V79/><F79/><W53/><G9/><T119/><D11/><U31/><E72/><V51/><AGARI ba="1,0" hai="39,40,42,46,47,51,92,93" m="6519,42603" machi="51" ten="30,1100,0" yaku="14,1" doraHai="16" who="2" fromWho="2" sc="430,-6,70,-4,250,14,250,-4" /><INIT seed="1,0,0,5,0,74" ten="424,66,264,246" oya="1" hai0="57,51,82,23,8,110,30,133,35,33,18,91,79" hai1="12,76,93,83,9,66,131,68,50,119,3,108,109" hai2="61,47,124,56,45,88,49,77,63,64,111,85,80" hai3="90,99,25,116,28,117,126,134,16,34,97,67,55"/><U0/><E119/><N who="3" m="45642" /><G134/><T75/><D133/><U106/><E106/><V122/><F122/><W58/><G126/><T123/><D123/><U128/><E93/><V81/><F124/><W22/><G67/><T95/><D110/><N who="1" m="42603" /><E50/><V118/><F111/><W104/><G90/><T24/><D51/><U60/><E12/><V20/><F118/><W6/><G6/><T17/><D57/><U36/><E36/><V1/><F1/><N who="1" m="585" /><E9/><V21/><F63/><N who="3" m="36319" /><G104/><T38/><D38/><U32/><E32/><V4/><F4/><W100/><G100/><T2/><D2/><U62/><E62/><V13/><F13/><AGARI ba="0,0" hai="13,16,22,25,28,34,97,99" m="36319,45642" machi="13" ten="30,2000,0" yaku="12,1,54,1" doraHai="74" who="3" fromWho="2" sc="424,0,66,0,264,-20,246,20" /><INIT seed="2,0,0,1,5,22" ten="424,66,244,266" oya="2" hai0="84,110,135,119,94,42,99,23,45,97,47,92,85" hai1="14,73,32,29,7,70,66,105,130,74,28,0,31" hai2="88,57,51,96,115,126,53,68,104,33,134,107,34" hai3="133,44,109,122,83,63,102,17,43,80,59,127,103"/><V131/><F68/><W91/><G122/><T52/><D119/><U101/><E130/><V30/><F131/><W98/><G109/><T36/><D110/><U60/><E14/><V79/><F115/><W55/><G127/><T13/><D135/><U15/><E15/><V113/><F113/><W87/><G133/><T38/><D13/><U89/><E89/><V12/><F134/><W128/><G128/><T93/><D23/><U116/><E31/><V78/><F126/><W3/><G3/><T118/><D118/><U75/><E29/><V18/><F34/><W58/><G83/><T24/><D24/><N who="1" m="18439" /><E116/><V16/><F18/><W90/><G17/><T65/><D65/><U120/><E120/><V100/><F104/><W6/><G6/><T129/><D129/><U20/><E20/><V19/><F19/><W41/><G59/><T61/><D94/><U8/><E75/><V108/><F108/><W114/><G114/><T40/><D61/><U50/><E50/><V86/><F30/><W72/><G72/><T37/><D37/><U39/><E39/><V2/><F2/><W112/><G112/><T69/><D52/><U123/><E123/><V26/><F26/><W111/><G111/><T106/><D106/><U117/><E117/><V21/><F33/><W62/><G62/><T121/><D121/><U35/><E35/><V125/><F125/><W27/><G27/><T1/><D1/><U95/><E95/><AGARI ba="0,0" hai="12,16,21,51,53,57,78,79,86,88,95,96,100,107" machi="95" ten="30,12000,1" yaku="7,1,25,2,54,2" doraHai="22" who="2" fromWho="1" sc="424,0,66,-120,244,120,266,0" owari="424,52.0,-54,-55.0,364,16.0,266,-13.0" /></mjloggm>