<mjloggm ver="2.3"><GO type="225" lobby="0"/><UN n0="%E3%82%A6%E3%83%AB%E3%83%88%E3%83%A9%E7%AB%8B%E7%9B%B4" n1="%65%76%65%72%31%37%2A" n2="%E3%81%84%E3%81%8F%E3%82%84%E3%81%BE%E2%98%86%E3%81%95%E3%82%80%E3%81%8A" n3="%E2%98%86%E9%BB%84%E7%80%AC%E3%82%84%E3%82%88%E3%81%84%E2%98%86" dan="17,16,16,16" rate="2163.99,2075.65,2128.48,2133.25" sx="M,M,M,F"/><TAIKYOKU oya="0"/><INIT seed="0,0,0,4,4,52" ten="250,250,250,250" oya="0" hai0="110,20,57,83,15,61,132,120,7,2,122,72,28" hai1="119,56,35,58,19,84,53,85,97,92,100,76,103" hai2="90,134,27,81,49,46,5,116,86,55,123,37,93" hai3="51,96,24,106,67,105,130,38,69,89,124,10,71"/><T77/><D132/><U45/><E35/><V33/><F134/><W107/><G38/><T42/><D110/><U102/><E119/><V133/><F133/><W50/><G130/><T95/><D42/><U30/><E30/><V21/><F123/><W40/><G124/><T99/><D2/><U16/><E76/><V127/><F116/><W79/><G79/><T43/><D43/><U73/><E73/><V41/><F127/><W18/><G40/><T36/><D36/><U111/><E111/><V104/><F104/><W6/><G24/><T64/><D7/><U34/><E34/><V44/><F33/><W62/><G18/><N who="1" m="6698" /><E45/><V54/><F5/><W135/><G135/><T65/><D65/><U78/><E78/><V117/><F117/><W1/><REACH who="3" step="1"/><G69/><REACH who="3" ten="250,250,250,240" step="2"/><T75/><D75/><U87/><E53/><V82/><REACH who="2" step="1"/><F55/><REACH who="2" ten="250,250,240,240" step="2"/><W66/><G66/><T91/><D122/><U47/><E47/><V0/><F0/><W48/><G48/><T115/><D120/><U29/><E29/><AGARI ba="0,2" hai="21,27,29,37,41,44,46,49,54,81,82,86,90,93" machi="29" ten="30,3900,0" yaku="1,1,7,1,53,1" doraHai="52" doraHaiUra="25" who="2" fromWho="1" sc="250,0,250,-39,240,59,240,0" /><INIT seed="1,0,0,2,0,99" ten="250,211,299,240" oya="1" hai0="0,21,90,23,60,29,52,25,15,59,110,98,45" hai1="82,132,89,18,3,57,134,22,115,70,119,135,16" hai2="113,66,129,6,117,106,87,80,123,108,13,77,100" hai3="111,33,20,127,48,81,76,19,42,38,75,122,83"/><U61/><E119/><V96/><F66/><W86/><G122/><T14/><D0/><U17/><E70/><V41/><F123/><W63/><G127/><T93/><D110/><U4/><E115/><V97/><F113/><W109/><G33/><T43/><REACH who="0" step="1"/><D23/><REACH who="0" ten="240,211,299,240" step="2"/><U91/><E82/><V53/><F108/><W128/><G111/><T49/><AGARI ba="0,1" hai="14,15,21,25,29,43,45,49,52,59,60,90,93,98" machi="49" ten="20,12000,2" yaku="1,1,2,1,0,1,7,1,8,1,54,1,53,0" doraHai="99" doraHaiUra="7" who="0" fromWho="0" sc="240,130,211,-60,299,-30,240,-30" /><INIT seed="2,0,0,2,4,128" ten="370,151,269,210" oya="2" hai0="5,12,38,22,86,134,35,105,37,96,133,104,83" hai1="64,0,30,118,17,69,6,125,44,46,41,112,16" hai2="19,21,117,4,3,101,82,123,120,1,89,109,27" hai3="106,113,93,36,126,121,53,84,49,56,124,91,92"/><V88/><F117/><W29/><G121/><T59/><D35/><U111/><E118/><V26/><F101/><W10/><G106/><T71/><D71/><U7/><E112/><V74/><F74/><W43/><G113/><T76/><D59/><U55/><E125/><N who="3" m="48234" /><G29/><T127/><D127/><U61/><E111/><V115/><F115/><W20/><G10/><N who="0" m="4175" /><D22/><U90/><E30/><V62/><F62/><W100/><G20/><T28/><D28/><U108/><E108/><V87/><F109/><W11/><G11/><T107/><D96/><U58/><E90/><V99/><F27/><W80/><G100/><T97/><D97/><U13/><E0/><V57/><F57/><W18/><G18/><T67/><D67/><U66/><E66/><V33/><F33/><W78/><G91/><T116/><D116/><U8/><E17/><V129/><F129/><W98/><G98/><T73/><D73/><U77/><E77/><V130/><F130/><W48/><G36/><T119/><D119/><U52/><E55/><V39/><F39/><W70/><G70/><T65/><D65/><U54/><E54/><V110/><F110/><W15/><G15/><T81/><D81/><U47/><REACH who="1" step="1"/><E41/><REACH who="1" ten="370,141,269,210" step="2"/><V50/><F1/><W23/><G43/><T85/><D76/><U131/><E131/><V34/><F3/><W114/><G114/><T68/><D68/><U51/><AGARI ba="0,1" hai="6,7,8,13,16,44,46,47,51,52,58,61,64,69" machi="51" ten="30,7900,0" yaku="1,1,0,1,54,2,53,0" doraHai="128" doraHaiUra="25" who="1" fromWho="1" sc="370,-20,141,89,269,-39,210,-20" /><INIT seed="3,0,0,4,5,34" ten="350,230,230,190" oya="3" hai0="72,82,38,102,53,31,75,4,71,70,13,98,123" hai1="24,104,46,73,109,99,48,36,56,84,1,135,7" hai2="105,62,9,28,121,25,117,22,114,120,103,43,47" hai3="39,0,79,40,35,51,127,124,5,87,111,88,52"/><W19/><G35/><T128/><D38/><U15/><E73/><V55/><F117/><W95/><G111/><T76/><D53/><U29/><E84/><V6/><F114/><W45/><G79/><T80/><D13/><U107/><E1/><N who="2" m="207" /><F62/><W78/><G78/><N who="0" m="44103" /><D4/><U108/><E109/><V97/><F55/><W61/><G61/><T32/><D128/><U115/><E108/><V133/><F133/><W20/><G5/><T41/><D41/><U81/><E135/><V18/><F47/><W85/><G0/><T21/><D21/><U68/><E46/><V74/><F43/><W16/><G87/><T63/><D63/><U66/><E36/><V134/><F134/><W2/><G2/><T132/><D123/><N who="2" m="47178" /><F74/><W8/><G8/><T11/><D11/><U42/><E42/><V37/><F37/><W49/><G39/><T14/><D132/><U60/><E115/><V129/><F129/><W10/><G10/><T3/><D70/><U64/><E68/><V92/><F105/><W57/><G19/><AGARI ba="0,0" hai="18,19,22,25,28,92,97,103" m="47178,207" machi="19" ten="30,2000,0" yaku="13,1,52,1" doraHai="34" who="2" fromWho="3" sc="350,0,230,0,230,20,190,-20" owari="350,45.0,230,-17.0,250,5.0,170,-33.0" /></mjloggm>