<mjloggm ver="2.3"><GO type="169" lobby="0"/><UN n0="%E6%8E%A8%E7%A9%BA%EF%BC%B0" n1="%E5%BD%A9%E4%BA%AC" n2="%74%6F%6E%6E%75%72%61" n3="%E5%B0%B1%E6%B4%BB%E7%94%9F%40%E5%B7%9D%E6%9D%91%E8%BB%8D%E5%9B%A3" dan="16,16,17,17" rate="2157.85,2055.73,2139.46,2168.86" sx="F,M,M,M"/><TAIKYOKU oya="0"/><INIT seed="0,0,0,0,5,45" ten="250,250,250,250" oya="0" hai0="47,56,108,44,64,78,121,80,67,117,32,18,10" hai1="41,65,123,23,87,20,119,86,16,1,85,17,34" hai2="107,118,75,125,110,0,95,124,28,129,82,92,120" hai3="12,77,21,54,31,104,103,39,134,79,50,62,60"/><T122/><D32/><U14/><E123/><V81/><F0/><W116/><G39/><T102/><D117/><U97/><E119/><V83/><F118/><W115/><G116/><T114/><D114/><U113/><E34/><V74/><F28/><W48/><G115/><T9/><D102/><U130/><E130/><V27/><F27/><W3/><G3/><T55/><D108/><U89/><E1/><V49/><F120/><W84/><G134/><T38/><D38/><U70/><E113/><V13/><F13/><W5/><G103/><T53/><D56/><U6/><E6/><V91/><F49/><N who="3" m="19051" /><G104/><T26/><D80/><U135/><E41/><V33/><F33/><W30/><G84/><T127/><D18/><U61/><E135/><V100/><F110/><W88/><G88/><T69/><D78/><N who="3" m="29705" /><G54/><T66/><D121/><U73/><E73/><N who="2" m="27659" /><F129/><W98/><G98/><T68/><D122/><U29/><E97/><N who="2" m="61839" /><F92/><W59/><G59/><T24/><D66/><U37/><E37/><V109/><F109/><W43/><G43/><T106/><D106/><U71/><E71/><V112/><F112/><W132/><G132/><T72/><D72/><U25/><REACH who="1" step="1"/><E29/><REACH who="1" ten="250,240,250,250" step="2"/><N who="3" m="10762" /><G5/><T7/><D7/><U15/><E15/><V51/><F91/><AGARI ba="0,1" hai="14,16,17,20,23,25,61,65,70,85,86,87,89,91" machi="91" ten="40,2600,0" yaku="1,1,54,1,53,0" doraHai="45" doraHaiUra="101" who="1" fromWho="2" sc="250,0,240,36,250,-26,250,0" /><INIT seed="1,0,0,0,4,16" ten="250,276,224,250" oya="1" hai0="36,129,101,40,35,42,132,99,98,128,116,121,20" hai1="86,74,7,17,95,120,26,94,0,80,56,59,102" hai2="49,105,109,55,27,47,51,31,32,46,76,100,1" hai3="112,133,38,77,114,11,65,125,23,53,130,57,61"/><U54/><E120/><V85/><F109/><W123/><G77/><T37/><D35/><U69/><E74/><V14/><F1/><W63/><G123/><T124/><D121/><U82/><E69/><V91/><F76/><W24/><G38/><T6/><D101/><U12/><E0/><V3/><F3/><W67/><G130/><T58/><D58/><U9/><E102/><V43/><F14/><W118/><G125/><T122/><D122/><U84/><E59/><V93/><F100/><W25/><G133/><T66/><D66/><U106/><E106/><V88/><F91/><W44/><G25/><T29/><D29/><U104/><E104/><V60/><F105/><W34/><G34/><T79/><D79/><N who="1" m="46111" /><E86/><V52/><F60/><W22/><G118/><T71/><D71/><U50/><E82/><V70/><F70/><W78/><G78/><T39/><D116/><U115/><E115/><V18/><F18/><W96/><G96/><T48/><D37/><U10/><E10/><V13/><F13/><W15/><G112/><T119/><D119/><U28/><E7/><V97/><F97/><W134/><G134/><T113/><D6/><U81/><E81/><V127/><F127/><W64/><G114/><T107/><D113/><U83/><E83/><V5/><F5/><N who="3" m="3567" /><G63/><T30/><D132/><U33/><E33/><V4/><F4/><W103/><G103/><T111/><D107/><U92/><E26/><V75/><F75/><W68/><G24/><T21/><D124/><U110/><E110/><V62/><F62/><N who="3" m="39959" /><G67/><T45/><D111/><U90/><E90/><RYUUKYOKU ba="0,0" sc="250,-30,276,10,224,10,250,10" hai1="9,12,17,28,50,54,56,92,94,95" hai2="27,31,32,43,46,47,49,51,52,55,85,88,93" hai3="22,23,44,53,57,61,65" /><INIT seed="1,1,0,3,0,70" ten="220,286,234,260" oya="1" hai0="130,102,21,39,13,135,54,67,0,5,112,88,63" hai1="85,61,38,24,77,30,86,94,55,114,17,87,8" hai2="22,44,64,20,133,57,108,83,74,31,19,107,34" hai3="48,69,124,120,76,45,33,99,52,59,2,80,1"/><U95/><E114/><V40/><F108/><W71/><G120/><T56/><D112/><U116/><E116/><V10/><F107/><W113/><G33/><T6/><D0/><U98/><E77/><V43/><F133/><W23/><G113/><T91/><D130/><U89/><E38/><V134/><F134/><W122/><G122/><T47/><D135/><U97/><E61/><V125/><F34/><W111/><G111/><T90/><D102/><U14/><E55/><V16/><F31/><W73/><G124/><T119/><D119/><U109/><E109/><V104/><F104/><W75/><G75/><T103/><D103/><U132/><E132/><V96/><F96/><W81/><G80/><T58/><D39/><U118/><E118/><V27/><F10/><W60/><G99/><T105/><D47/><U9/><E9/><V126/><F83/><W84/><G73/><T65/><D105/><U129/><E129/><V37/><F43/><W127/><G127/><N who="2" m="48649" /><F74/><W82/><G82/><T53/><D21/><N who="2" m="8298" /><F27/><W46/><G2/><T36/><D36/><U106/><E106/><V78/><F78/><W12/><G1/><T42/><D42/><U62/><E24/><V68/><F68/><W50/><G71/><T28/><D28/><U11/><E30/><V128/><F128/><W79/><G69/><T92/><D92/><U26/><E26/><V7/><F7/><N who="0" m="2570" /><D13/><U66/><E14/><V3/><F3/><W35/><G35/><T100/><D100/><N who="1" m="60471" /><E17/><V25/><F25/><W32/><G32/><T121/><D121/><U51/><E51/><AGARI ba="1,0" hai="51,53,54,56,58,63,65,67,88,90,91" m="2570" machi="51" ten="30,2000,0" yaku="8,1,54,1" doraHai="70" who="0" fromWho="1" sc="220,23,286,-23,234,0,260,0" /><INIT seed="2,0,0,5,5,117" ten="243,263,234,260" oya="2" hai0="35,129,42,52,56,113,41,100,11,9,18,17,73" hai1="101,131,93,54,72,7,22,84,134,115,43,120,123" hai2="10,23,105,109,26,57,130,119,68,107,91,51,96" hai3="32,112,27,98,28,53,21,87,89,59,95,86,85"/><V33/><F119/><W63/><REACH who="3" step="1"/><G112/><REACH who="3" ten="243,263,234,250" step="2"/><T16/><D113/><U36/><E115/><V132/><F109/><W111/><G111/><T62/><D129/><U133/><E131/><V1/><F130/><W99/><G99/><T4/><D73/><U50/><E72/><V66/><F132/><N who="1" m="50793" /><E7/><V39/><F39/><W37/><G37/><T126/><D4/><U124/><E124/><V8/><F1/><W6/><G6/><T127/><D100/><U19/><E36/><V46/><F68/><W55/><G55/><T12/><D35/><AGARI ba="0,1" hai="21,27,28,32,35,53,59,63,85,86,87,89,95,98" machi="35" ten="40,8000,1" yaku="21,2,53,3" doraHai="117" doraHaiUra="82" who="3" fromWho="0" sc="243,-80,263,0,234,0,250,90" /><INIT seed="3,0,0,3,4,58" ten="163,263,234,340" oya="3" hai0="97,43,4,103,70,44,60,132,19,0,122,67,63" hai1="104,76,1,80,18,90,94,51,111,73,23,57,36" hai2="66,127,50,46,41,102,37,135,125,110,133,11,14" hai3="42,49,77,106,93,121,6,82,92,71,91,33,48"/><W131/><G106/><T8/><D132/><N who="2" m="50762" /><F102/><W7/><G33/><T85/><D122/><U96/><E36/><V86/><F86/><W27/><G71/><T29/><D85/><U15/><E1/><V124/><F66/><W108/><G131/><T17/><D29/><U52/><E111/><V61/><F110/><W62/><G108/><T105/><REACH who="0" step="1"/><D60/><REACH who="0" ten="153,263,234,340" step="2"/><U115/><REACH who="1" step="1"/><E104/><REACH who="1" ten="153,253,234,340" step="2"/><V64/><F124/><W12/><G121/><T87/><D87/><U75/><E75/><V20/><F127/><W74/><G74/><T117/><D117/><U2/><E2/><V116/><F116/><W32/><G77/><T39/><AGARI ba="0,2" hai="0,4,8,17,19,39,43,44,63,67,70,97,103,105" machi="39" ten="20,5200,0" yaku="1,1,0,1,7,1,52,1,53,0" doraHai="58" doraHaiUra="54" who="0" fromWho="0" sc="153,72,253,-13,234,-13,340,-26" /><INIT seed="4,0,0,5,4,83" ten="225,240,221,314" oya="0" hai0="61,48,52,114,38,123,59,45,110,17,7,103,65" hai1="101,32,127,43,60,10,13,56,95,133,124,91,4" hai2="23,105,44,28,34,57,108,2,24,107,33,85,11" hai3="16,18,51,94,125,5,68,50,120,89,26,90,69"/><T29/><D123/><U73/><E32/><V54/><F108/><W119/><G119/><T71/><D114/><U97/><E73/><V135/><F44/><W112/><G5/><T74/><D74/><U3/><E133/><V9/><F135/><W106/><G106/><T0/><D110/><U87/><E43/><V39/><F39/><W109/><G109/><T113/><D113/><U6/><E3/><V78/><F34/><W72/><G72/><T132/><D132/><U115/><E6/><V37/><F37/><W19/><G112/><T1/><D103/><U79/><E79/><V99/><F2/><W12/><G12/><T8/><D17/><U63/><E115/><V22/><F22/><W116/><G116/><T128/><D29/><U27/><E27/><V14/><F33/><W100/><G26/><T25/><D25/><U118/><E118/><V126/><F126/><N who="1" m="48169" /><E56/><V35/><F35/><W122/><G125/><T40/><D128/><U21/><E21/><V134/><F134/><W20/><G20/><T15/><AGARI ba="0,0" hai="0,1,7,8,15,38,40,45,48,52,59,61,65,71" machi="15" ten="20,12000,1" yaku="0,1,7,1,24,2,54,1" doraHai="83" who="0" fromWho="0" sc="225,120,240,-40,221,-40,314,-40" /><INIT seed="4,1,0,0,2,54" ten="345,200,181,274" oya="0" hai0="56,17,66,44,52,23,95,103,26,101,107,128,105" hai1="120,1,133,57,38,41,99,35,76,16,22,100,119" hai2="98,14,84,4,20,37,68,24,75,78,71,92,5" hai3="61,69,63,97,9,65,74,13,89,10,114,30,34"/><T113/><D113/><U130/><E120/><V125/><F75/><W42/><G74/><T81/><D128/><U94/><E119/><V58/><F37/><W102/><G114/><T126/><D126/><U132/><E130/><V51/><F71/><W135/><G135/><N who="1" m="51786" /><E35/><V80/><F68/><W49/><G89/><T19/><D107/><U96/><E1/><V83/><F83/><W12/><G61/><N who="0" m="38183" /><D105/><U72/><E76/><V87/><F87/><W31/><G42/><T117/><D117/><U104/><E72/><V8/><F125/><W28/><G49/><N who="0" m="28711" /><D81/><U111/><E111/><V2/><F2/><W47/><G47/><T109/><D109/><U134/><N who="1" m="51794" /><U29/><DORA hai="64" /><E29/><V32/><F32/><W110/><G110/><T73/><D73/><U60/><E41/><V55/><F5/><W59/><G69/><T50/><D50/><U48/><E48/><V86/><F80/><W82/><G82/><T43/><D43/><U112/><E38/><V7/><F7/><W18/><G34/><T122/><D122/><U123/><E123/><V27/><F78/><W67/><G67/><T108/><D108/><U129/><E129/><V127/><F127/><W6/><G31/><N who="0" m="17887" /><D103/><N who="1" m="60823" /><E112/><V36/><F36/><W118/><G118/><T11/><D11/><U88/><E88/><V116/><F116/><W106/><AGARI ba="1,0" hai="6,9,10,12,13,18,28,30,59,63,65,97,102,106" machi="106" ten="20,2700,0" yaku="0,1,7,1,52,1" doraHai="54,64" who="3" fromWho="3" sc="345,-14,200,-8,181,-8,274,30" /><INIT seed="5,0,0,5,4,61" ten="331,192,173,304" oya="1" hai0="28,81,33,106,79,88,56,20,128,65,92,90,107" hai1="129,24,39,84,3,27,115,123,17,108,50,40,2" hai2="135,21,105,8,72,116,73,68,121,101,93,97,36" hai3="4,38,85,57,29,9,95,49,11,76,0,55,66"/><U30/><E39/><V15/><F68/><W103/><G38/><T54/><D33/><U94/><E123/><V42/><F121/><W91/><G29/><T89/><D128/><U59/><E108/><V19/><F116/><W125/><G125/><T75/><D106/><U124/><E124/><V126/><F135/><W63/><G103/><T18/><D107/><U133/><E129/><V127/><F127/><W110/><G110/><T32/><D32/><U5/><E133/><V23/><F126/><W112/><G112/><T98/><D28/><U80/><E115/><V102/><F102/><W16/><G76/><T113/><D65/><U7/><E94/><V87/><F23/><W10/><REACH who="3" step="1"/><G16/><REACH who="3" ten="331,192,173,294" step="2"/><T1/><D113/><U44/><E17/><V47/><F19/><W117/><G117/><T6/><D6/><U111/><E5/><V26/><F101/><W100/><G100/><T64/><D18/><U120/><E7/><V82/><F36/><W71/><AGARI ba="0,1" hai="0,4,9,10,11,49,55,57,63,66,71,85,91,95" machi="71" ten="20,5200,0" yaku="1,1,0,1,7,1,52,1,53,0" doraHai="61" doraHaiUra="78" who="3" fromWho="3" sc="331,-13,192,-26,173,-13,294,62" /><INIT seed="6,0,0,4,5,62" ten="318,166,160,356" oya="2" hai0="8,113,85,93,70,18,71,123,129,36,42,101,20" hai1="94,10,96,89,84,112,23,19,6,121,32,124,80" hai2="49,43,7,97,37,99,61,131,74,77,119,68,118" hai3="69,64,30,104,57,132,72,14,44,103,114,41,83"/><V58/><F131/><W28/><G69/><T66/><D123/><U76/><E124/><V39/><F7/><W40/><G132/><T117/><D113/><U98/><E32/><V9/><F9/><W107/><G107/><T54/><D8/><U52/><E112/><V56/><F77/><W75/><G41/><T122/><D122/><U26/><E121/><V111/><F74/><W3/><G3/><T2/><D54/><U87/><REACH who="1" step="1"/><E52/><REACH who="1" ten="318,156,160,356" step="2"/><N who="2" m="31759" /><F111/><W91/><G114/><T48/><D117/><N who="2" m="44554" /><F99/><W46/><G40/><T17/><D42/><U12/><AGARI ba="0,1" hai="6,10,12,19,23,26,76,80,84,87,89,94,96,98" machi="12" ten="20,5200,0" yaku="1,1,0,1,7,1,8,1,53,0" doraHai="62" doraHaiUra="133" who="1" fromWho="1" sc="318,-13,156,62,160,-26,356,-13" /><INIT seed="7,0,0,4,0,25" ten="305,218,134,343" oya="3" hai0="32,134,78,97,79,108,133,100,26,47,28,128,84" hai1="21,94,126,77,40,118,101,98,95,69,68,50,74" hai2="87,121,123,2,63,58,33,56,24,27,10,48,53" hai3="31,54,22,80,111,7,5,114,116,92,1,17,55"/><W66/><G116/><T90/><D108/><U96/><E118/><V15/><F2/><W124/><G1/><T127/><D47/><U131/><E126/><V125/><F125/><W46/><G124/><T106/><D127/><U129/><E50/><V67/><F121/><W41/><G114/><T64/><D128/><U0/><E40/><V52/><F123/><W112/><G112/><T107/><D107/><U117/><E0/><V39/><F39/><W34/><G66/><T29/><D64/><U105/><E117/><V91/><F33/><W81/><G34/><T23/><D79/><U38/><E38/><V11/><F67/><W19/><G92/><T13/><D78/><U65/><E21/><V113/><F113/><W110/><G41/><T122/><D122/><U36/><E36/><V51/><F63/><W43/><G43/><T103/><D103/><U8/><E68/><V132/><F132/><N who="0" m="50794" /><D13/><U115/><E65/><V30/><F30/><W104/><G104/><T59/><D59/><U75/><E69/><V82/><REACH who="2" step="1"/><F11/><REACH who="2" ten="305,218,124,343" step="2"/><W99/><G31/><N who="0" m="17887" /><D32/><U93/><E8/><V16/><AGARI ba="0,1" hai="10,15,16,24,27,48,51,52,53,56,58,82,87,91" machi="16" ten="20,16000,3" yaku="1,1,0,1,7,1,9,1,8,1,54,2,53,1" doraHai="25" doraHaiUra="76" who="2" fromWho="2" sc="305,-40,218,-40,124,170,343,-80" /><INIT seed="8,0,0,1,0,134" ten="265,178,294,263" oya="0" hai0="40,103,80,2,37,113,96,105,112,13,52,91,17" hai1="0,1,16,92,11,100,90,120,6,57,76,71,22" hai2="68,95,21,42,31,79,23,106,97,73,121,27,81" hai3="51,30,74,65,48,53,130,62,5,70,132,109,84"/><T46/><D2/><U128/><E71/><V114/><F106/><W4/><G74/><T55/><D80/><U115/><E120/><V135/><F121/><W99/><G109/><T49/><D91/><U89/><E128/><V60/><F114/><W14/><G130/><T61/><D61/><U26/><E115/><V59/><F68/><W56/><G132/><T125/><D125/><U39/><E39/><V119/><F42/><W12/><G30/><T123/><D123/><U41/><E41/><V118/><F135/><W15/><G99/><T93/><D105/><U34/><E1/><V133/><F133/><W102/><G102/><T20/><REACH who="0" step="1"/><D55/><REACH who="0" ten="255,178,294,263" step="2"/><U122/><E122/><V72/><F81/><W8/><G53/><T127/><D127/><U63/><E76/><V24/><F60/><W67/><G67/><T43/><D43/><U82/><E82/><V69/><F79/><W104/><G104/><T47/><AGARI ba="0,1" hai="13,17,20,37,40,46,47,49,52,93,96,103,112,113" machi="47" ten="20,12000,1" yaku="1,1,0,1,7,1,54,1,53,1" doraHai="134" doraHaiUra="19" who="0" fromWho="0" sc="255,130,178,-40,294,-40,263,-40" owari="385,49.0,138,-36.0,254,5.0,223,-18.0" /></mjloggm>