<mjloggm ver="2.3"><GO type="169" lobby="0"/><UN n0="%E5%A4%A7%E6%AD%A3%E7%BE%A9%E9%87%8E%E7%90%83%E5%A8%98" n1="%E5%B0%B1%E6%B4%BB%E7%94%9F%40%E5%B7%9D%E6%9D%91%E8%BB%8D%E5%9B%A3" n2="%E3%83%81%E3%83%A3%E3%82%A4%E3%82%B8" n3="%6E%65%70%65%72%6F" dan="16,18,17,16" rate="2159.45,2304.69,2171.90,2144.44" sx="F,M,M,M"/><TAIKYOKU oya="0"/><INIT seed="0,0,0,0,5,131" ten="250,250,250,250" oya="0" hai0="106,119,103,84,62,73,8,133,33,69,77,93,91" hai1="54,125,47,74,35,107,29,75,56,13,49,31,126" hai2="43,97,118,114,127,100,85,65,132,38,26,10,32" hai3="79,45,55,67,111,129,28,19,14,120,123,41,86"/><T44/><D119/><U42/><E107/><V135/><F114/><W122/><G129/><T90/><D33/><U22/><E35/><V92/><F118/><W7/><G111/><T48/><D73/><U24/><E31/><V83/><F127/><N who="1" m="48649" /><E13/><V99/><F65/><W82/><G28/><T63/><D106/><U9/><E9/><V59/><F59/><W128/><G128/><T50/><D69/><U37/><AGARI ba="0,0" hai="22,24,29,37,42,47,49,54,56,74,75" m="48649" machi="37" ten="30,1100,0" yaku="18,1" doraHai="131" who="1" fromWho="1" sc="250,-5,250,11,250,-3,250,-3" /><INIT seed="1,0,0,2,1,17" ten="245,261,247,247" oya="1" hai0="104,5,71,118,24,45,91,23,49,51,123,96,113" hai1="97,35,54,134,64,6,78,40,19,42,87,28,26" hai2="38,1,10,14,69,125,111,101,30,109,68,112,99" hai3="72,66,102,77,27,74,4,93,11,70,56,65,107"/><U76/><E134/><V34/><F38/><W50/><G70/><T88/><D113/><U114/><E114/><V129/><F125/><W39/><G39/><T52/><D118/><U75/><E75/><V110/><F129/><W83/><G74/><T58/><D71/><U37/><E37/><V116/><F116/><W36/><G36/><T60/><D123/><U103/><E6/><V128/><F128/><W117/><G117/><T94/><D104/><U57/><E64/><V8/><F14/><W13/><G107/><T132/><D132/><U47/><E19/><V41/><F41/><W2/><G2/><T53/><D5/><U73/><E73/><V92/><F112/><W95/><G65/><T115/><D115/><U61/><E47/><V84/><F84/><W48/><G102/><N who="0" m="60695" /><D60/><U21/><E35/><V122/><F122/><W43/><G43/><N who="1" m="16426" /><E87/><V80/><F80/><W59/><G66/><T108/><D108/><U121/><E121/><V127/><F127/><W20/><G59/><T9/><D9/><N who="2" m="3690" /><F1/><W82/><G82/><T81/><D81/><U85/><E85/><V100/><F100/><W63/><G63/><T90/><D90/><U133/><E133/><V106/><F106/><W55/><REACH who="3" step="1"/><G50/><REACH who="3" ten="245,261,247,237" step="2"/><T67/><D67/><U62/><E62/><V33/><F68/><W86/><G86/><T126/><D126/><U29/><E78/><V25/><F69/><W3/><G3/><T31/><AGARI ba="0,1" hai="23,24,31,45,49,51,52,53,58,88,91" m="60695" machi="31" ten="30,7900,0" yaku="8,1,52,1,54,2" doraHai="17" who="0" fromWho="0" sc="245,89,261,-39,247,-20,237,-20" /><INIT seed="2,0,0,1,4,121" ten="334,222,227,217" oya="2" hai0="110,7,49,117,22,66,50,38,2,39,30,8,1" hai1="116,100,82,23,125,126,105,46,45,132,70,86,51" hai2="81,27,73,85,57,47,60,14,31,108,78,19,0" hai3="59,119,120,40,67,53,20,32,130,96,12,106,98"/><V17/><F108/><W68/><G32/><T61/><D2/><U26/><E116/><V131/><F131/><W127/><G119/><T87/><D117/><U64/><E132/><V88/><F0/><W99/><G106/><T63/><D63/><N who="1" m="40223" /><E100/><V71/><F71/><W109/><G120/><T5/><D5/><U129/><E105/><V16/><F47/><W97/><N who="3" m="24576" /><DORA hai="29" /><W35/><G35/><T92/><D110/><U80/><E86/><V48/><F48/><W76/><G109/><T55/><D49/><U128/><E80/><V69/><F69/><W101/><G101/><T37/><D30/><U41/><E82/><V95/><F27/><W24/><G127/><N who="1" m="48650" /><E23/><V90/><F31/><W10/><G76/><T114/><D22/><U58/><E26/><V79/><F90/><W44/><G67/><T135/><D135/><U77/><E77/><V9/><REACH who="2" step="1"/><F78/><REACH who="2" ten="334,222,217,217" step="2"/><W124/><G68/><T107/><D107/><U13/><E13/><V93/><F93/><W104/><G124/><T113/><D92/><U89/><E89/><V4/><F4/><W134/><G104/><T83/><D83/><U118/><E118/><V42/><F42/><W28/><G134/><T11/><D7/><U112/><E58/><V15/><F15/><W54/><G59/><N who="0" m="37183" /><D1/><U6/><E6/><V62/><F62/><W36/><REACH who="3" step="1"/><G130/><REACH who="3" ten="334,222,217,207" step="2"/><T52/><D87/><U33/><E128/><V25/><F25/><W75/><G75/><T91/><D91/><U21/><E129/><V111/><F111/><W18/><AGARI ba="0,2" hai="10,12,18,20,24,28,36,40,44,53,54" m="24576" machi="18" ten="40,2700,0" yaku="1,1,0,1,53,0" doraHai="121,29" doraHaiUra="115,122" who="3" fromWho="3" sc="334,-7,222,-7,217,-13,207,47" /><INIT seed="3,0,0,5,2,126" ten="327,215,204,254" oya="3" hai0="60,46,132,57,117,19,110,89,14,4,123,92,88" hai1="102,82,95,29,86,20,45,135,112,96,59,74,16" hai2="113,85,107,43,17,7,12,94,116,9,91,81,32" hai3="58,73,39,69,109,37,125,128,54,56,48,67,40"/><W64/><G73/><T22/><D117/><U44/><E112/><V87/><F113/><W53/><G125/><T71/><D123/><U76/><E135/><V130/><F107/><W121/><G121/><T0/><D71/><U36/><E36/><N who="3" m="13898" /><G109/><T23/><D110/><U97/><E29/><V106/><F32/><W62/><G128/><T8/><D132/><U101/><E59/><V98/><F106/><W118/><G118/><T41/><D23/><U31/><E31/><V30/><F116/><W26/><G26/><T25/><D0/><U133/><E133/><V108/><F30/><W50/><G69/><T1/><D1/><U90/><E97/><V84/><F108/><W103/><G103/><T70/><D70/><U3/><E3/><V83/><F130/><W33/><G33/><T10/><D10/><U127/><E127/><V75/><F75/><W68/><G68/><T21/><D21/><U47/><REACH who="1" step="1"/><E74/><REACH who="1" ten="327,205,204,254" step="2"/><V65/><F65/><W99/><G99/><T124/><D124/><U111/><E111/><V63/><F63/><W105/><G105/><T72/><D72/><U13/><AGARI ba="0,1" hai="13,16,20,44,45,47,76,82,86,90,95,96,101,102" machi="13" ten="30,7900,0" yaku="1,1,0,1,8,1,54,1,53,0" doraHai="126" doraHaiUra="134" who="1" fromWho="1" sc="327,-20,205,89,204,-20,254,-39" /><INIT seed="4,0,0,2,2,49" ten="307,294,184,215" oya="0" hai0="63,33,100,94,41,70,42,79,69,74,26,97,6" hai1="44,20,104,50,101,31,59,84,66,34,106,58,81" hai2="83,32,38,89,36,18,27,30,72,90,28,107,5" hai3="0,80,35,40,43,24,1,68,128,123,121,62,3"/><T95/><D6/><U113/><E34/><V57/><F107/><W9/><G128/><T124/><D124/><U7/><E7/><V53/><F28/><W82/><G9/><T78/><D74/><U13/><E106/><V25/><F5/><W76/><G24/><T45/><D26/><U91/><E113/><V132/><F132/><W134/><G35/><T14/><D33/><U48/><E66/><V61/><F89/><W103/><G103/><T108/><D14/><U51/><E44/><V135/><F135/><W8/><G8/><T118/><D118/><U109/><E109/><V47/><F47/><W105/><G105/><T86/><D108/><U127/><E127/><V29/><F18/><W17/><G17/><T110/><D110/><U22/><E101/><V10/><F10/><W116/><G116/><T98/><D86/><U111/><E104/><V16/><F29/><W52/><G68/><T117/><D117/><U92/><E81/><N who="3" m="31338" /><G76/><T21/><D45/><U112/><E112/><V4/><F4/><W64/><G64/><T114/><D100/><U133/><E133/><V119/><F119/><W65/><G65/><T11/><D114/><U73/><E73/><V55/><F72/><W15/><G15/><T96/><D70/><U46/><E46/><V85/><REACH who="2" step="1"/><F53/><REACH who="2" ten="307,294,174,215" step="2"/><W88/><G88/><T12/><D11/><U19/><E111/><V93/><F93/><W120/><G134/><T99/><D94/><U71/><E31/><V130/><F130/><W2/><N who="3" m="0" /><DORA hai="87" /><W54/><G54/><T60/><N who="0" m="24576" /><DORA hai="77" /><T102/><D95/><U125/><E92/><RYUUKYOKU ba="0,1" sc="307,-15,294,-15,174,15,215,15" hai2="16,25,27,30,32,36,38,55,57,61,83,85,90" hai3="40,43,52,62,120,121,123" /><INIT seed="5,1,1,3,5,105" ten="292,279,189,230" oya="1" hai0="80,115,11,113,111,78,93,91,26,48,51,27,127" hai1="19,22,76,42,23,60,124,61,69,90,0,53,104" hai2="57,112,106,101,134,31,54,16,55,10,95,9,46" hai3="24,123,33,47,117,110,118,72,15,66,7,119,4"/><U84/><E0/><V75/><F134/><W20/><G123/><T65/><D111/><U32/><E32/><V133/><F106/><W116/><N who="3" m="29696" /><DORA hai="52" /><W68/><G110/><T77/><D127/><U70/><E104/><V114/><F31/><N who="3" m="19687" /><G47/><T38/><D38/><U64/><E124/><V128/><F133/><W35/><G35/><T82/><D65/><U3/><E3/><V36/><F128/><W130/><G130/><T129/><D11/><U121/><E76/><V126/><F126/><W2/><G2/><T108/><D129/><U63/><E42/><V85/><F75/><W39/><G39/><T59/><D108/><U30/><E30/><V44/><F36/><W97/><G97/><T5/><D5/><U81/><E121/><V131/><F131/><W135/><G135/><T28/><D28/><U92/><E19/><V132/><F132/><W87/><G87/><T73/><D73/><U34/><E34/><V29/><F29/><W49/><G49/><T100/><D78/><U37/><E37/><V109/><F109/><W45/><G45/><T50/><D77/><U58/><E81/><V21/><F46/><W67/><G72/><T96/><D80/><U122/><E122/><V71/><F44/><W25/><G68/><T74/><D74/><U86/><E86/><V8/><F71/><W1/><G1/><T120/><D120/><U98/><E84/><V43/><F43/><W99/><G99/><T18/><D82/><U83/><E83/><V125/><F125/><W89/><G7/><T17/><D96/><U6/><E6/><V41/><F41/><RYUUKYOKU ba="1,1" sc="292,-10,279,30,189,-10,230,-10" hai1="22,23,53,58,60,61,63,64,69,70,90,92,98" /><INIT seed="5,2,1,4,1,115" ten="282,309,179,220" oya="1" hai0="134,60,83,67,124,94,107,0,24,103,62,11,100" hai1="135,37,57,81,66,35,79,125,69,114,72,117,16" hai2="54,86,63,127,108,130,22,113,92,119,78,84,88" hai3="76,45,6,33,40,18,75,13,109,58,50,51,7"/><U71/><E117/><V89/><F108/><W8/><G33/><T49/><D107/><U36/><E35/><V93/><F113/><W102/><G109/><T90/><D83/><U95/><E114/><V68/><F130/><W96/><G76/><T23/><D62/><U26/><E125/><V25/><F127/><W129/><G75/><T87/><D124/><U10/><E135/><V3/><F3/><W85/><G85/><T56/><D134/><U97/><E57/><V70/><F78/><W64/><G129/><T106/><D106/><U133/><E133/><V21/><F119/><W122/><G122/><T123/><D123/><U104/><E104/><V31/><F21/><W53/><REACH who="3" step="1"/><G64/><REACH who="3" ten="282,309,179,210" step="2"/><T65/><D67/><U34/><E34/><V5/><F5/><W116/><G116/><T112/><D112/><U47/><E66/><V77/><F77/><W105/><AGARI ba="2,2" hai="6,7,8,13,18,40,45,50,51,53,58,96,102,105" machi="105" ten="20,2700,0" yaku="1,1,0,1,7,1,53,0" doraHai="115" doraHaiUra="80" who="3" fromWho="3" sc="282,-9,309,-15,179,-9,210,53" /><INIT seed="6,0,0,0,5,114" ten="273,294,170,263" oya="2" hai0="37,90,23,17,111,29,24,52,38,130,100,128,36" hai1="35,69,76,102,5,26,105,25,14,134,97,129,110" hai2="59,47,78,74,50,94,127,0,53,28,61,40,32" hai3="135,83,18,66,80,15,79,109,64,55,34,71,126"/><V63/><F0/><W101/><G109/><T77/><D111/><U48/><E110/><V125/><F32/><W31/><G126/><T104/><D77/><U65/><E129/><N who="0" m="49769" /><D90/><U22/><E134/><V124/><F28/><W41/><G135/><T70/><D70/><U20/><E76/><V131/><F94/><W62/><G41/><T11/><D100/><U92/><E48/><V46/><F131/><W58/><G101/><T88/><D104/><U6/><E92/><V132/><F132/><W85/><G31/><T16/><D11/><U133/><E133/><V122/><F122/><W8/><G34/><T9/><D9/><U7/><E14/><V89/><F89/><W60/><G71/><T120/><D120/><U73/><E73/><V98/><F98/><W27/><G27/><T93/><D52/><U121/><E26/><V108/><F108/><W2/><G2/><T4/><D4/><U113/><E113/><V103/><F103/><W123/><G123/><T56/><D56/><U3/><E3/><V87/><F87/><AGARI ba="0,0" hai="16,17,23,24,29,36,37,38,87,88,93" m="49769" machi="87" ten="40,5200,0" yaku="19,1,54,2" doraHai="114" who="0" fromWho="2" sc="273,52,294,0,170,-52,263,0" /><INIT seed="7,0,0,2,1,67" ten="325,294,118,263" oya="3" hai0="10,86,59,111,80,62,88,12,116,28,61,103,73" hai1="105,26,77,125,43,3,130,69,135,19,35,72,5" hai2="82,75,2,110,108,128,95,13,44,68,99,119,117" hai3="64,109,84,45,39,33,47,94,9,83,8,131,18"/><W87/><G131/><T11/><D111/><U7/><E43/><V112/><F2/><W74/><G74/><T85/><D73/><U58/><E58/><V104/><F13/><N who="3" m="7463" /><G33/><T29/><D103/><U21/><E77/><V102/><F44/><N who="3" m="16971" /><G39/><T0/><D116/><U107/><E72/><V93/><F68/><W115/><G115/><T122/><D122/><U31/><E69/><V55/><F55/><W70/><G70/><T106/><D106/><U32/><E105/><V92/><F112/><W23/><G9/><N who="0" m="3083" /><D12/><N who="1" m="9447" /><E107/><V50/><F50/><W51/><G64/><N who="0" m="38975" /><D0/><U4/><E130/><V81/><F128/><W17/><G109/><T101/><D101/><U133/><E125/><V54/><F54/><W40/><G83/><N who="0" m="49215" /><D62/><U113/><E113/><V24/><F24/><N who="3" m="14447" /><G94/><T118/><D118/><U41/><E41/><V42/><F42/><W114/><G114/><T91/><AGARI ba="0,0" hai="28,29,80,86,91" m="49215,38975,3083" machi="91" ten="30,2000,0" yaku="8,1,54,1" doraHai="67" who="0" fromWho="0" sc="325,20,294,-5,118,-5,263,-10" owari="345,45.0,289,9.0,113,-39.0,253,-15.0" /></mjloggm>