<mjloggm ver="2.3"><GO type="169" lobby="0"/><UN n0="%79%6F%6A%6F" n1="%E5%BE%A9%E8%AE%90%E3%81%A1%E3%82%83%E3%82%93" n2="%74%61%72%6F%6F" n3="%E5%B0%B1%E6%B4%BB%E7%94%9F%40%E5%B7%9D%E6%9D%91%E8%BB%8D%E5%9B%A3" dan="17,17,18,17" rate="2184.86,2212.42,2177.17,2226.69" sx="F,F,M,M"/><TAIKYOKU oya="0"/><INIT seed="0,0,0,1,2,131" ten="250,250,250,250" oya="0" hai0="14,17,127,9,77,80,107,100,39,60,71,96,20" hai1="57,1,89,26,44,30,19,8,45,120,41,35,70" hai2="15,114,84,65,122,72,102,27,16,47,90,135,133" hai3="59,81,87,0,54,74,119,52,97,63,43,115,5"/><T37/><D127/><U123/><E70/><V126/><F72/><W101/><G115/><T56/><D71/><U51/><E57/><V128/><F114/><W55/><G119/><T7/><D56/><U110/><E110/><V64/><F122/><W42/><G74/><T112/><D112/><U33/><E33/><V34/><F102/><W113/><G5/><T79/><D79/><U25/><E89/><V29/><F128/><W103/><G0/><T83/><D83/><U109/><E109/><V73/><F73/><W86/><G86/><T85/><REACH who="0" step="1"/><D60/><REACH who="0" ten="240,250,250,250" step="2"/><U68/><E68/><V76/><F126/><W32/><G113/><T121/><D121/><U61/><E61/><V46/><F76/><W11/><G59/><T28/><D28/><U134/><E30/><V58/><F58/><W13/><G63/><T104/><D104/><U88/><E120/><V6/><F6/><W111/><G111/><T130/><D130/><U12/><E123/><V50/><F64/><W82/><G82/><T22/><D22/><U99/><E44/><V38/><F65/><W69/><G69/><T53/><D53/><U132/><E35/><V116/><F47/><W105/><G32/><T93/><D93/><N who="1" m="56743" /><E1/><AGARI ba="0,1" hai="1,7,9,14,17,20,37,39,77,80,85,96,100,107" machi="1" ten="30,5800,0" yaku="1,1,7,1,53,1" doraHai="131" doraHaiUra="4" who="0" fromWho="1" sc="240,68,250,-58,250,0,250,0" /><INIT seed="0,1,0,4,0,117" ten="308,192,250,250" oya="0" hai0="106,69,57,76,27,97,25,43,64,59,77,83,96" hai1="72,99,123,124,65,67,90,19,61,18,132,31,21" hai2="24,0,16,52,6,100,133,115,26,130,118,14,82" hai3="103,104,32,45,22,62,37,2,105,95,91,44,68"/><T107/><D64/><U129/><E72/><V92/><F115/><W34/><G2/><T75/><D75/><U94/><E124/><V35/><F118/><W113/><G113/><T116/><D116/><U119/><E119/><V58/><F133/><W39/><G22/><T20/><D20/><U5/><E132/><V128/><F6/><W121/><G103/><T50/><D50/><U112/><E112/><V38/><F0/><W47/><G62/><T33/><D83/><U9/><E129/><N who="2" m="49771" /><F38/><W120/><G68/><T15/><D15/><U70/><E65/><V46/><F46/><W81/><G81/><T74/><D74/><U108/><E108/><V53/><F82/><W80/><G80/><T71/><REACH who="0" step="1"/><D43/><REACH who="0" ten="298,192,250,250" step="2"/><U126/><E67/><V54/><F35/><AGARI ba="1,1" hai="25,27,33,35,57,59,69,71,76,77,96,97,106,107" machi="35" ten="25,9600,0" yaku="1,1,2,1,22,2,53,0" doraHai="117" doraHaiUra="110" who="0" fromWho="2" sc="298,109,192,0,250,-99,250,0" /><INIT seed="0,2,0,5,5,70" ten="407,192,151,250" oya="0" hai0="44,116,29,49,3,84,1,46,59,111,36,35,127" hai1="42,80,62,66,128,48,107,17,117,122,41,73,65" hai2="72,33,112,8,67,108,15,31,54,69,74,101,38" hai3="7,96,131,51,6,90,61,27,37,21,5,76,39"/><T2/><D116/><U103/><E117/><V13/><F112/><W78/><G131/><T56/><D29/><U55/><E128/><V95/><F108/><W71/><G51/><T88/><D35/><U124/><E124/><V12/><F69/><W98/><G71/><T106/><D106/><U86/><E73/><V91/><F67/><W0/><G61/><T132/><D132/><U92/><E107/><V85/><F101/><W25/><G90/><T81/><D127/><U120/><E120/><V34/><F31/><W11/><G21/><T43/><REACH who="0" step="1"/><D111/><REACH who="0" ten="397,192,151,250" step="2"/><U4/><E122/><V83/><F33/><W129/><G129/><T50/><D50/><U113/><E48/><V77/><F34/><W24/><G0/><T32/><D32/><U130/><E130/><V114/><F114/><W110/><G110/><T28/><D28/><U26/><E113/><V119/><F119/><W47/><G11/><T87/><D87/><U100/><E86/><V93/><F74/><W22/><G22/><T125/><D125/><U16/><E62/><V134/><F134/><W102/><G47/><T105/><D105/><U75/><E75/><V118/><F118/><W126/><G126/><T82/><D82/><U104/><E80/><V135/><F135/><W53/><G98/><T40/><AGARI ba="2,1" hai="1,2,3,36,40,43,44,46,49,56,59,81,84,88" machi="40" ten="40,12000,1" yaku="1,1,0,1,52,1,54,1,53,1" doraHai="70" doraHaiUra="68" who="0" fromWho="0" sc="397,136,192,-42,151,-42,250,-42" /><INIT seed="0,3,0,5,4,112" ten="533,150,109,208" oya="0" hai0="101,51,123,77,58,93,80,110,100,130,57,107,8" hai1="109,116,132,103,113,68,26,41,70,48,30,53,2" hai2="98,1,67,87,10,124,99,7,69,23,56,59,82" hai3="125,36,95,86,47,106,65,122,12,127,90,63,39"/><T32/><D32/><U6/><E113/><V94/><F124/><N who="3" m="47691" /><G106/><T134/><D130/><U44/><E132/><V120/><F120/><W97/><G122/><T9/><D93/><U71/><E109/><V91/><F99/><W27/><G27/><T31/><D31/><U33/><E103/><V79/><F69/><N who="3" m="42175" /><G12/><T18/><D110/><U45/><E6/><V126/><F126/><W46/><G97/><T40/><D18/><U119/><REACH who="1" step="1"/><E2/><REACH who="1" ten="533,140,109,208" step="2"/><V61/><F1/><W24/><G24/><T43/><D101/><U66/><E66/><V96/><F67/><W35/><G35/><T131/><D100/><U49/><AGARI ba="3,1" hai="26,30,33,41,44,45,48,49,53,68,70,71,116,119" machi="49" ten="40,8000,1" yaku="1,1,0,1,52,2,53,0" doraHai="112" doraHaiUra="105" who="1" fromWho="1" sc="533,-43,140,99,109,-23,208,-23" /><INIT seed="1,0,0,2,3,88" ten="490,239,86,185" oya="1" hai0="80,11,37,55,66,34,0,20,95,60,133,99,22" hai1="51,23,94,97,91,53,109,129,115,63,27,122,24" hai2="131,116,25,72,92,105,26,81,35,78,83,13,31" hai3="57,82,74,47,85,68,118,104,3,19,36,125,102"/><U6/><E115/><V43/><F116/><W62/><G3/><T48/><D34/><U117/><E117/><V93/><F105/><W135/><G74/><T111/><D37/><U5/><E122/><V45/><F131/><W44/><G68/><T49/><D111/><U79/><E129/><V76/><F13/><W61/><G36/><T86/><D11/><U46/><E109/><V108/><F25/><W77/><G125/><T40/><D40/><U128/><E128/><V65/><F65/><W50/><G135/><T126/><D0/><U58/><E79/><V121/><F121/><W103/><G118/><T56/><D133/><U17/><REACH who="1" step="1"/><E27/><REACH who="1" ten="490,229,86,185" step="2"/><V132/><F108/><W100/><G104/><T69/><D126/><U21/><E21/><V84/><REACH who="2" step="1"/><F132/><REACH who="2" ten="490,229,76,185" step="2"/><W33/><G33/><T59/><D22/><U38/><E38/><AGARI ba="0,2" hai="26,31,35,38,43,45,72,76,78,81,83,84,92,93" machi="38" ten="30,8000,1" yaku="1,1,2,1,7,1,52,2,53,0" doraHai="88" doraHaiUra="7" who="2" fromWho="1" sc="490,0,229,-80,76,100,185,0" /><INIT seed="2,0,0,1,0,37" ten="490,149,176,185" oya="2" hai0="68,36,27,46,63,10,43,78,126,105,14,90,28" hai1="4,80,16,45,109,62,11,64,21,100,38,107,88" hai2="0,99,117,74,12,121,40,127,73,66,60,116,95" hai3="34,22,124,96,130,76,41,13,86,106,24,32,35"/><V30/><F0/><W104/><G124/><T115/><D126/><U2/><E109/><V120/><F127/><W52/><G130/><T132/><D132/><U113/><E113/><V65/><F30/><W56/><G13/><T29/><D105/><U53/><E100/><V108/><F12/><W84/><G41/><T101/><D101/><U83/><E107/><V47/><F95/><W114/><G114/><T17/><D115/><U79/><E53/><V71/><F99/><W112/><G112/><T23/><D78/><U125/><E125/><V131/><F73/><W49/><G96/><T81/><D81/><U51/><E51/><N who="2" m="27111" /><F74/><W89/><G76/><T55/><D90/><U75/><E83/><V70/><F131/><W69/><G69/><N who="2" m="26121" /><F108/><W135/><G135/><T19/><D68/><U87/><E75/><V7/><F7/><W58/><G58/><T133/><D133/><U91/><E91/><V8/><F8/><W123/><G86/><T111/><D111/><U93/><E80/><V50/><F50/><W98/><G98/><T61/><D28/><U18/><E79/><V77/><F77/><W85/><G85/><T15/><D29/><U6/><E6/><V103/><F103/><W20/><G20/><T118/><D14/><U92/><E21/><V102/><F102/><W1/><G1/><T67/><D15/><U39/><E92/><V97/><F97/><W42/><G106/><T122/><D10/><U9/><E11/><V82/><F82/><N who="3" m="49303" /><G104/><T48/><D23/><U3/><E2/><V59/><F66/><W129/><G129/><T5/><D67/><RYUUKYOKU ba="0,0" sc="490,-10,149,-10,176,30,185,-10" hai2="59,60,65,116,117,120,121" /><INIT seed="2,1,0,0,2,103" ten="480,139,206,175" oya="2" hai0="69,129,55,107,45,135,46,95,37,76,79,87,131" hai1="115,60,44,72,9,38,24,14,41,25,58,77,67" hai2="19,108,101,57,127,132,51,93,109,26,86,125,78" hai3="0,88,13,133,39,83,74,20,66,1,118,85,33"/><V94/><F132/><W29/><G118/><T121/><D121/><U8/><E115/><V120/><F120/><W111/><G133/><T62/><D107/><U53/><E8/><V48/><F26/><W113/><G113/><T30/><D30/><U40/><E40/><V49/><F19/><W104/><G104/><T84/><D135/><U3/><E3/><V97/><F57/><W64/><G39/><T119/><D119/><U126/><E126/><N who="2" m="48139" /><F78/><W82/><G111/><N who="2" m="42569" /><F86/><W68/><G68/><T114/><D69/><U90/><E77/><V75/><F75/><W70/><G70/><T17/><D79/><U130/><E72/><V71/><F71/><W47/><G33/><T10/><D17/><U31/><E31/><V22/><F22/><W42/><G74/><T35/><D76/><U106/><E25/><V18/><F18/><W96/><G20/><T59/><D35/><U52/><E24/><V117/><F117/><W92/><G29/><T23/><D87/><U80/><E9/><V15/><F15/><W54/><G13/><T99/><D84/><U100/><E14/><V34/><F34/><W27/><G27/><T5/><D23/><U43/><E58/><V28/><F28/><W63/><G1/><T105/><D10/><U134/><E134/><V32/><F32/><W16/><G0/><T50/><D59/><U98/><E43/><V21/><F21/><W116/><G16/><T81/><D114/><U36/><E41/><V110/><N who="2" m="42577" /><V124/><N who="2" m="48147" /><DORA hai="11" /><V102/><DORA hai="89" /><F102/><W61/><G116/><T128/><D128/><U4/><E130/><RYUUKYOKU ba="1,0" sc="480,-10,139,-10,206,30,175,-10" hai2="48,49,51,93,94,97,101" /><INIT seed="2,2,0,3,3,118" ten="470,129,236,165" oya="2" hai0="34,39,55,110,23,101,13,40,24,130,58,120,100" hai1="98,16,42,2,62,21,96,37,19,107,44,22,5" hai2="30,46,132,93,127,54,17,88,1,104,60,57,90" hai3="9,87,135,36,63,7,76,69,85,56,129,80,92"/><V50/><F104/><W41/><G129/><T71/><D120/><U52/><E107/><V123/><F1/><W103/><G135/><T109/><D71/><U45/><E5/><V116/><F123/><W119/><G119/><T61/><D130/><U51/><E2/><V66/><F116/><W113/><G113/><T133/><D133/><U128/><E128/><V6/><F127/><W106/><G106/><T122/><D122/><U94/><E62/><V25/><F6/><W134/><G69/><T0/><D0/><U84/><E84/><V108/><F108/><N who="0" m="41578" /><D34/><U49/><E37/><V4/><F4/><W59/><G134/><T78/><D78/><U70/><E70/><V82/><F17/><N who="1" m="6729" /><E96/><V131/><F131/><W10/><G7/><T12/><D40/><U75/><E75/><V91/><F132/><W3/><G3/><T47/><D47/><U11/><E11/><V105/><F105/><W15/><G15/><N who="0" m="5707" /><D39/><U35/><E35/><V26/><F82/><W18/><G41/><T31/><AGARI ba="2,0" hai="23,24,31,55,58,61,100,101" m="5707,41578" machi="31" ten="30,1100,0" yaku="14,1" doraHai="118" who="0" fromWho="0" sc="470,17,129,-5,236,-7,165,-5" /><INIT seed="3,0,0,1,4,0" ten="487,124,229,160" oya="3" hai0="71,50,120,40,32,114,52,78,134,63,107,59,60" hai1="109,102,82,69,75,94,105,13,34,27,124,6,61" hai2="21,17,28,66,92,117,93,108,54,104,4,29,130" hai3="126,88,110,23,25,74,131,72,128,1,116,26,125"/><W68/><G68/><T57/><D107/><U15/><E109/><V38/><F104/><W135/><G116/><T98/><D98/><U76/><E124/><N who="3" m="47722" /><G1/><T87/><D32/><U121/><E121/><V46/><F108/><W48/><G110/><T132/><D120/><U86/><E69/><V22/><F130/><N who="3" m="49707" /><G48/><T73/><D73/><N who="3" m="28265" /><G23/><T51/><D71/><U58/><E75/><V91/><F22/><W7/><G7/><T67/><D40/><U70/><E6/><V47/><F4/><W36/><G36/><T64/><D51/><U65/><E70/><V56/><F38/><W24/><G88/><T129/><D129/><U62/><E62/><V118/><F91/><W127/><N who="3" m="47730" /><W115/><DORA hai="42" /><G115/><T18/><D114/><U96/><E34/><V122/><F118/><W39/><G39/><T33/><D33/><U83/><E61/><V16/><F117/><W9/><G9/><T133/><D18/><U111/><E111/><V37/><F17/><W3/><G3/><T49/><D52/><U84/><E15/><V5/><F5/><W112/><G112/><T8/><D8/><U79/><E13/><V55/><F16/><W31/><G31/><T100/><D50/><U45/><E27/><V43/><F28/><W12/><G12/><T20/><D49/><U81/><E45/><V53/><F29/><W119/><G119/><T10/><D10/><U41/><E41/><V77/><F43/><W85/><G85/><T19/><D19/><U2/><E2/><V30/><F30/><W99/><G99/><T44/><D20/><U123/><E96/><RYUUKYOKU ba="0,0" sc="487,-10,124,-10,229,-10,160,30" hai3="24,25,26,135" /><INIT seed="3,1,0,3,2,0" ten="477,114,219,190" oya="3" hai0="127,31,43,8,114,65,23,39,2,58,26,89,45" hai1="55,80,24,29,15,1,73,32,7,83,123,75,105" hai2="69,22,84,106,71,66,109,46,10,93,122,88,42" hai3="4,59,102,121,133,67,101,63,6,49,68,30,57"/><W38/><G121/><T97/><D127/><U54/><E123/><V14/><F122/><W125/><G125/><T33/><D114/><U96/><E1/><V27/><F106/><W87/><G38/><T17/><D65/><U20/><E105/><V28/><F109/><W9/><G133/><T77/><D77/><U107/><E107/><V94/><F94/><W128/><G128/><T34/><D58/><U35/><E96/><V41/><F66/><W62/><G30/><T129/><D129/><U16/><E35/><V112/><F112/><W60/><G9/><T120/><D120/><U92/><E92/><V135/><F135/><W51/><G87/><T113/><D113/><U110/><E110/><V48/><REACH who="2" step="1"/><F42/><REACH who="2" ten="477,114,209,190" step="2"/><W25/><G68/><T56/><D43/><U95/><E95/><V47/><F47/><W12/><G67/><T124/><D45/><U13/><E80/><V86/><F86/><W103/><G12/><T117/><D2/><U111/><E111/><V78/><F78/><W53/><G25/><T5/><D26/><U134/><E134/><V132/><F132/><W37/><G37/><T119/><D39/><U131/><E131/><V130/><F130/><W36/><G36/><T50/><D124/><U85/><E85/><V40/><F40/><W70/><G70/><T61/><D97/><U100/><E15/><V90/><F90/><W98/><G98/><T64/><D89/><U76/><E13/><V126/><F126/><W11/><G11/><T116/><D8/><U108/><E108/><V21/><F21/><W74/><G74/><T44/><D23/><RYUUKYOKU ba="1,1" sc="477,-15,114,-15,209,15,190,15" hai2="10,14,22,27,28,41,46,48,69,71,84,88,93" hai3="4,6,49,51,53,57,59,60,62,63,101,102,103" /><INIT seed="3,2,1,0,4,7" ten="462,99,224,205" oya="3" hai0="13,102,109,45,54,76,50,28,5,126,129,98,101" hai1="6,80,125,118,93,51,116,68,119,58,97,15,85" hai2="20,57,87,104,42,103,122,89,90,37,74,79,48" hai3="94,95,17,36,86,39,60,56,34,96,71,69,62"/><W53/><G34/><T30/><D109/><U0/><E0/><V128/><F37/><W43/><G43/><T70/><D70/><U18/><E6/><V11/><F128/><W41/><G41/><T113/><D129/><U77/><E68/><V35/><F35/><W132/><G132/><T1/><D1/><U31/><E31/><V44/><F74/><W99/><G86/><T12/><D126/><U27/><E27/><V124/><F103/><W108/><G17/><T91/><D76/><U49/><E58/><V65/><F104/><W83/><G83/><T46/><D113/><U16/><E18/><V32/><F32/><W66/><G108/><T105/><D105/><U135/><E125/><V64/><F122/><W21/><G21/><T10/><D13/><U25/><E25/><V4/><F20/><W115/><G115/><T117/><D117/><U38/><E38/><V23/><F23/><W110/><G110/><T121/><D121/><U114/><E135/><V19/><F19/><W106/><G106/><T22/><D46/><U73/><E73/><V107/><F107/><W130/><G130/><T47/><D45/><U63/><E63/><N who="2" m="37999" /><F65/><W14/><G14/><T75/><D75/><U59/><E59/><V82/><F124/><W72/><G72/><T78/><D78/><U111/><E111/><V9/><F4/><W134/><G134/><T88/><D22/><N who="1" m="11551" /><E114/><V33/><F33/><W100/><G71/><T84/><D30/><U8/><E8/><AGARI ba="2,1" hai="8,9,11,42,44,48,79,82,87,89,90" m="37999" machi="8" ten="30,7700,0" yaku="8,1,52,3" doraHai="7" who="2" fromWho="1" sc="462,0,99,-83,224,93,205,0" /><INIT seed="4,0,0,0,0,109" ten="462,16,317,205" oya="0" hai0="21,46,82,104,91,67,37,62,56,51,119,17,95" hai1="68,112,60,120,9,29,73,48,116,77,133,88,81" hai2="106,76,26,129,97,47,43,66,108,39,102,103,27" hai3="118,38,28,57,107,5,79,44,69,131,127,65,22"/><T7/><D104/><U114/><E116/><V0/><F108/><W89/><G107/><T36/><D7/><U128/><E120/><V126/><F0/><W15/><G69/><T23/><D82/><U32/><E128/><V113/><F102/><W105/><G105/><T115/><D119/><U72/><E72/><V70/><F76/><W54/><G118/><T58/><D58/><U14/><E133/><V96/><F96/><W59/><G131/><T3/><D3/><U111/><E111/><V78/><F78/><W61/><G79/><T124/><D124/><U71/><E48/><V99/><F99/><W93/><G127/><T12/><D21/><U41/><E41/><V132/><F132/><W13/><G44/><T121/><D121/><U94/><E29/><V123/><F123/><W122/><G38/><T125/><D125/><U1/><E1/><V55/><F129/><W45/><G45/><T135/><D135/><U18/><E32/><V85/><F126/><W31/><G5/><T24/><D24/><U34/><E34/><V63/><F85/><W87/><G122/><T101/><D101/><U64/><REACH who="1" step="1"/><E71/><REACH who="1" ten="462,6,317,205" step="2"/><V100/><F70/><W10/><G31/><T52/><D37/><U20/><E20/><V74/><F39/><W16/><G28/><T86/><D36/><U42/><E42/><V53/><F43/><W11/><G15/><T80/><D80/><U98/><AGARI ba="0,1" hai="9,14,18,60,64,68,73,77,81,88,94,98,112,114" machi="98" ten="30,12000,2" yaku="1,1,0,1,52,2,54,1,53,1" doraHai="109" doraHaiUra="92" who="1" fromWho="1" sc="462,-60,6,130,317,-30,205,-30" /><INIT seed="5,0,0,0,4,91" ten="402,136,287,175" oya="1" hai0="12,124,133,34,76,40,77,7,113,114,8,17,44" hai1="108,132,73,54,62,106,18,47,36,65,6,41,112" hai2="125,99,58,24,84,0,39,5,135,33,55,52,68" hai3="70,21,3,97,51,37,96,83,75,56,86,104,123"/><U74/><E112/><N who="0" m="43113" /><D133/><U64/><E132/><V16/><F68/><W80/><G21/><N who="0" m="11431" /><D34/><U79/><E108/><V1/><F39/><W78/><G56/><T88/><D88/><U66/><E106/><V71/><F71/><W67/><G51/><N who="0" m="27015" /><D124/><U111/><E111/><V31/><F125/><W109/><G67/><T117/><D117/><U42/><E42/><V32/><F32/><W35/><G35/><T50/><D50/><U48/><E6/><V38/><F38/><W13/><G37/><T27/><D27/><U53/><E18/><V105/><F84/><W11/><G3/><AGARI ba="0,0" hai="3,7,8,76,77" m="27015,11431,43113" machi="3" ten="30,1000,0" yaku="15,1" doraHai="91" who="0" fromWho="3" sc="402,10,136,0,287,0,175,-10" /><INIT seed="6,0,0,4,3,67" ten="412,136,287,165" oya="2" hai0="63,107,41,48,44,121,6,91,3,28,40,76,32" hai1="10,55,23,133,8,118,49,71,75,81,54,62,73" hai2="25,53,100,94,80,130,103,64,9,43,20,5,114" hai3="26,60,88,57,22,108,33,126,120,122,39,27,82"/><V34/><F114/><W89/><G108/><T46/><D107/><U86/><E118/><V0/><F130/><W11/><G39/><T14/><D3/><U117/><E117/><V47/><F34/><W112/><G112/><T78/><D63/><U129/><E129/><V106/><F106/><W116/><G116/><T98/><D28/><U119/><E119/><V65/><F53/><W93/><G126/><T50/><D32/><U29/><E133/><V79/><F94/><W104/><G104/><T135/><D121/><U131/><E131/><V36/><F103/><W134/><G134/><T45/><D45/><U68/><E62/><V61/><F100/><W69/><G33/><T132/><D132/><U90/><E55/><V30/><REACH who="2" step="1"/><F61/><REACH who="2" ten="412,136,277,165" step="2"/><W115/><G60/><T85/><D135/><U72/><E29/><V37/><F37/><W24/><G93/><N who="0" m="54511" /><D98/><U74/><N who="1" m="18432" /><DORA hai="87" /><U70/><REACH who="1" step="1"/><E23/><REACH who="1" ten="412,126,277,165" step="2"/><V92/><F92/><W101/><G22/><T15/><D41/><U21/><E21/><V77/><F77/><W111/><G115/><T13/><D78/><U42/><E42/><V127/><F127/><W1/><G120/><T7/><D76/><U66/><E66/><V38/><F38/><W123/><G122/><T99/><D99/><U35/><E35/><V31/><F31/><W19/><G123/><T96/><D96/><U51/><E51/><V16/><F16/><W124/><G19/><T12/><N who="0" m="3072" /><DORA hai="56" /><T110/><D48/><U125/><E125/><V52/><F52/><W2/><G124/><T18/><D50/><U58/><AGARI ba="0,2" hai="8,10,49,54,58,68,70,71,81,86,90" m="18432" machi="58" ten="70,24000,4" yaku="1,1,0,1,52,4,53,6" doraHai="67,87,56" doraHaiUra="59,105,4" who="1" fromWho="1" sc="412,-60,126,260,277,-120,165,-60" /><INIT seed="7,0,0,3,1,49" ten="352,386,157,105" oya="3" hai0="36,14,71,69,9,73,107,1,82,8,32,89,37" hai1="29,34,104,25,120,66,51,117,42,108,43,128,125" hai2="83,10,58,13,70,52,50,94,123,118,22,48,101" hai3="131,134,113,99,47,114,129,133,119,5,46,98,30"/><W126/><G30/><T24/><D107/><U18/><E108/><V76/><F118/><W2/><G5/><T26/><D1/><U68/><E120/><V57/><F70/><W55/><G2/><T96/><D96/><N who="3" m="36905" /><G119/><T39/><D32/><U65/><E104/><V53/><F123/><W31/><G31/><T64/><D64/><U75/><E75/><V33/><F33/><W61/><G126/><T4/><D73/><U85/><E117/><V23/><F94/><W80/><G80/><T91/><D39/><U81/><E125/><V28/><F101/><W79/><G79/><T78/><D82/><U67/><E68/><V11/><F28/><W109/><G109/><T77/><D14/><U95/><E95/><V115/><F115/><N who="3" m="44043" /><G61/><T100/><REACH who="0" step="1"/><D4/><REACH who="0" ten="342,386,157,105" step="2"/><U121/><E121/><V111/><F111/><W122/><G122/><T0/><D0/><U16/><E34/><V135/><F83/><W110/><G110/><T15/><D15/><U127/><E127/><V103/><F13/><W72/><G72/><T90/><D90/><U132/><E81/><V92/><F76/><W38/><G38/><T21/><D21/><U62/><E25/><V44/><F22/><W45/><G55/><T87/><D87/><U74/><E85/><V60/><F23/><W27/><G27/><T3/><D3/><U6/><E6/><V102/><F53/><W112/><N who="3" m="44051" /><W116/><DORA hai="63" /><G116/><T7/><D7/><U124/><E124/><V41/><F52/><W105/><G105/><T88/><D88/><U40/><E74/><V17/><F102/><AGARI ba="0,1" hai="8,9,24,26,36,37,69,71,77,78,89,91,100,102" machi="102" ten="25,8000,1" yaku="1,1,22,2,53,2" doraHai="49,63" doraHaiUra="97,93" who="0" fromWho="2" sc="342,90,386,0,157,-80,105,0" owari="432,52.0,386,19.0,77,-42.0,105,-29.0" /></mjloggm>