<mjloggm ver="2.3"><GO type="41" lobby="0"/><UN n0="%37%37%6E%61%6D%69%37%37" n1="%E3%81%AE%E3%81%A9%E3%81%94%E3%81%97%E3%80%88%E7%94%9F%E3%80%89" n2="%56%65%6E%75%73%47%61%79" n3="%E5%B0%B1%E6%B4%BB%E7%94%9F%40%E5%B7%9D%E6%9D%91%E8%BB%8D%E5%9B%A3" dan="14,14,14,17" rate="1830.23,1936.80,1933.41,2214.30" sx="F,M,M,M"/><TAIKYOKU oya="0"/><INIT seed="0,0,0,2,5,132" ten="250,250,250,250" oya="0" hai0="108,74,60,35,72,12,54,111,5,41,1,32,116" hai1="80,37,101,109,51,93,125,121,68,85,43,113,123" hai2="34,69,119,92,53,107,88,44,102,110,128,38,61" hai3="81,56,0,114,57,95,31,98,105,7,84,40,26"/><T18/><D116/><U124/><E68/><V15/><F119/><W4/><G114/><T117/><D41/><U90/><E37/><V9/><F110/><N who="0" m="42026" /><D117/><U24/><E24/><V20/><F34/><N who="0" m="12842" /><D5/><U27/><E27/><V126/><F20/><N who="3" m="15815" /><G105/><T39/><D1/><U55/><E43/><V120/><F120/><W115/><G40/><T22/><D39/><U50/><E50/><V129/><F107/><W79/><G0/><T16/><D18/><U58/><E113/><V33/><F33/><W28/><G28/><T3/><D3/><U70/><E70/><V106/><F106/><W122/><G122/><T19/><D19/><U71/><E71/><V97/><F69/><W10/><G115/><T78/><D78/><U52/><E55/><V13/><F53/><W86/><G10/><T89/><D89/><U83/><E109/><V30/><F9/><W77/><G7/><T48/><D60/><U100/><E121/><V2/><F61/><W131/><G4/><T75/><D75/><U46/><E123/><V21/><F2/><W65/><G131/><T25/><D25/><U87/><E58/><AGARI ba="0,0" hai="12,16,22,48,54,58,72,74" m="12842,42026" machi="58" ten="30,5800,0" yaku="14,1,10,1,54,1" doraHai="132" who="0" fromWho="1" sc="250,58,250,-58,250,0,250,0" /><INIT seed="0,1,0,0,2,85" ten="308,192,250,250" oya="0" hai0="56,48,70,104,79,18,12,129,98,55,117,87,35" hai1="11,2,130,40,132,121,102,24,21,39,76,90,50" hai2="128,82,4,94,58,59,68,60,107,124,122,112,57" hai3="42,8,125,41,65,91,22,93,43,126,54,13,108"/><T92/><D70/><U0/><E39/><V99/><F122/><W75/><G75/><T88/><D35/><U14/><E76/><V26/><F112/><W47/><G108/><T77/><D129/><U63/><E102/><V46/><F128/><W67/><G22/><N who="0" m="11591" /><D117/><U34/><E63/><V25/><F124/><N who="3" m="47723" /><G54/><T114/><D114/><U81/><E34/><V45/><F107/><W71/><G71/><T106/><D98/><U16/><E132/><V109/><F109/><W3/><G3/><T69/><D69/><U120/><E130/><V32/><F4/><N who="3" m="3207" /><G47/><N who="2" m="17929" /><F32/><W119/><G119/><T33/><D33/><U115/><E115/><V51/><F68/><W37/><G37/><T30/><D30/><U53/><E40/><N who="3" m="10242" /><W10/><DORA hai="123" /><G10/><T7/><D7/><U31/><E121/><V49/><F60/><W95/><G95/><T103/><D103/><U78/><E120/><V38/><F38/><W17/><G17/><T9/><D9/><U80/><E80/><V36/><F82/><W110/><G110/><T20/><D20/><U97/><E2/><V100/><F36/><W111/><G111/><T89/><D106/><U127/><E127/><V83/><F83/><W74/><G74/><T27/><D104/><U52/><E0/><V5/><F5/><W135/><G135/><T6/><D6/><U23/><E23/><V96/><F94/><W105/><G105/><T118/><D118/><U44/><E81/><V1/><F1/><W29/><G29/><T134/><D134/><U61/><E31/><V64/><F100/><W62/><G62/><T15/><D77/><RYUUKYOKU ba="1,0" sc="308,-10,192,-10,250,-10,250,30" hai3="65,67,91,93" /><INIT seed="1,2,0,2,4,128" ten="298,182,240,280" oya="1" hai0="87,119,18,65,132,81,93,111,47,27,35,109,121" hai1="95,52,125,82,130,21,36,84,44,12,112,88,2" hai2="79,67,96,29,76,120,57,123,91,69,92,22,133" hai3="6,45,110,25,28,122,100,90,10,4,134,48,131"/><U56/><E2/><V73/><F69/><W103/><G122/><T24/><D119/><U99/><E125/><V68/><F68/><W26/><G131/><T63/><D93/><U33/><E33/><V60/><F133/><W102/><G110/><N who="0" m="41995" /><D47/><U107/><E107/><V0/><F0/><W32/><G134/><T86/><D18/><N who="1" m="10439" /><E36/><V98/><F98/><W106/><G26/><N who="0" m="9771" /><D35/><U54/><E112/><V117/><F117/><W16/><G106/><T104/><D87/><U46/><E130/><V17/><F29/><W113/><G113/><T72/><D72/><U20/><E20/><V53/><F67/><W116/><G116/><T126/><D104/><U38/><E38/><V129/><F129/><W5/><G90/><N who="0" m="51535" /><D126/><U9/><E9/><V42/><F73/><W13/><REACH who="3" step="1"/><G103/><REACH who="3" ten="298,182,240,270" step="2"/><T66/><D121/><U11/><E11/><V49/><F120/><W85/><G85/><T94/><D132/><U30/><E30/><V71/><F123/><W37/><G37/><T41/><D94/><U34/><E34/><V39/><F92/><W59/><G59/><T7/><D66/><U124/><E124/><V55/><F39/><W115/><G115/><T80/><D65/><U77/><E56/><V70/><F57/><W15/><G15/><T97/><D80/><U83/><E82/><V31/><F71/><W23/><G23/><T89/><D97/><U3/><E3/><V78/><F96/><W118/><G118/><T8/><D89/><U61/><E61/><V51/><F91/><W40/><AGARI ba="2,1" hai="4,5,6,10,13,16,25,28,32,40,45,48,100,102" machi="40" ten="30,4000,0" yaku="1,1,0,1,54,1,53,0" doraHai="128" doraHaiUra="64" who="3" fromWho="3" sc="298,-12,182,-22,240,-12,270,56" /><INIT seed="2,0,0,1,1,125" ten="286,160,228,326" oya="2" hai0="131,92,74,54,87,26,113,123,67,76,134,60,43" hai1="14,126,65,91,89,72,79,52,97,81,98,16,25" hai2="130,107,100,4,68,114,119,0,31,22,132,49,45" hai3="85,13,18,103,129,118,59,115,10,39,32,73,95"/><V55/><F119/><W88/><G118/><T17/><D113/><U121/><E65/><V24/><F114/><W66/><G115/><T46/><D123/><U117/><E25/><V30/><F68/><W5/><G39/><T135/><D74/><U96/><E126/><V44/><F132/><N who="0" m="50730" /><D54/><U38/><E38/><V1/><F31/><W7/><G32/><T53/><D53/><U6/><E6/><V51/><F4/><W50/><G73/><T21/><D92/><U133/><E121/><V40/><REACH who="2" step="1"/><F130/><REACH who="2" ten="286,160,218,326" step="2"/><W70/><G70/><T62/><D131/><U75/><E133/><V83/><F83/><W112/><G129/><T58/><D62/><U3/><E117/><V86/><F86/><W34/><G112/><T122/><D87/><U109/><E72/><V42/><F42/><W12/><G34/><T93/><D122/><U90/><E3/><V116/><F116/><W105/><G7/><T41/><D43/><U102/><E102/><V37/><F37/><W19/><G103/><T99/><D41/><U80/><E80/><V28/><F28/><W124/><G124/><T104/><D46/><U106/><E106/><V15/><F15/><W82/><G13/><T11/><D104/><U8/><E109/><V56/><F56/><W36/><G36/><T110/><D110/><U63/><E63/><V2/><F2/><W27/><G5/><T23/><D58/><U48/><REACH who="1" step="1"/><E98/><AGARI ba="0,1" hai="0,1,22,24,30,40,44,45,49,51,55,98,100,107" machi="98" ten="40,2000,0" yaku="1,1,53,0" doraHai="125" doraHaiUra="78" who="2" fromWho="1" sc="286,0,160,-20,218,30,326,0" /><INIT seed="2,1,0,2,0,115" ten="286,140,248,326" oya="2" hai0="87,8,51,90,99,63,29,111,54,31,101,25,126" hai1="83,43,114,66,6,10,27,52,18,34,49,132,135" hai2="61,28,26,1,76,122,65,88,74,14,117,91,30" hai3="7,67,46,12,104,24,97,95,109,56,9,125,106"/><V70/><F122/><W53/><G109/><T19/><D126/><U62/><E114/><V33/><F1/><W80/><G125/><T68/><D63/><U38/><E83/><V113/><F113/><W73/><G67/><T110/><D68/><U60/><E43/><V78/><F117/><W85/><G73/><T3/><D25/><U86/><E86/><V0/><F0/><W42/><G24/><T134/><D134/><N who="1" m="51243" /><E38/><V133/><F133/><W37/><G95/><T16/><D8/><U128/><E66/><V121/><F121/><W112/><G97/><T131/><D3/><N who="1" m="351" /><E18/><N who="0" m="6697" /><D131/><U23/><E23/><V69/><F61/><W44/><G44/><N who="0" m="28007" /><D99/><U84/><E128/><V98/><F98/><W105/><G112/><T75/><D101/><U123/><E84/><V59/><F65/><W119/><G119/><T45/><D75/><U71/><E71/><V79/><F74/><W15/><G15/><T118/><D45/><N who="1" m="27695" /><E123/><V36/><F36/><W129/><G129/><T120/><D118/><U22/><E22/><V39/><F39/><W82/><G85/><T81/><D120/><U2/><E2/><V130/><F130/><W100/><G100/><T50/><D50/><U94/><E94/><V40/><F70/><W55/><G55/><T103/><D103/><U58/><E58/><V13/><F59/><W92/><G92/><T102/><D102/><U77/><E77/><V72/><F72/><W127/><G127/><T48/><D48/><U108/><E108/><AGARI ba="1,0" hai="29,31,81,87,90,108,110,111" m="28007,6697" machi="108" ten="30,2000,0" yaku="14,1,54,1" doraHai="115" who="0" fromWho="1" sc="286,23,140,-23,248,0,326,0" /><INIT seed="3,0,0,3,5,96" ten="309,117,248,326" oya="3" hai0="44,35,100,20,16,4,53,0,38,45,50,65,135" hai1="126,95,6,88,30,63,59,82,127,117,14,37,91" hai2="128,125,77,74,118,7,97,129,67,18,28,22,13" hai3="33,36,57,24,103,40,23,70,108,87,116,92,3"/><W34/><G116/><T111/><D135/><U46/><E117/><V61/><F118/><W90/><G70/><T81/><D35/><U64/><E30/><V60/><F125/><W105/><G3/><T43/><D65/><U112/><E112/><V109/><F109/><W27/><G108/><T21/><D81/><U122/><E122/><V102/><F28/><W9/><G9/><T94/><D21/><U99/><E82/><V73/><F7/><W48/><G36/><T132/><D132/><U98/><E6/><V83/><F73/><W80/><G105/><T106/><D106/><U113/><E14/><V75/><F75/><W120/><G120/><T41/><D4/><U72/><E72/><V107/><REACH who="2" step="1"/><F61/><REACH who="2" ten="309,117,238,326" step="2"/><W39/><G34/><T17/><D111/><U1/><E113/><V69/><AGARI ba="0,1" hai="13,18,22,60,67,69,74,77,83,97,102,107,128,129" machi="69" ten="30,7900,0" yaku="1,1,2,1,0,1,52,1,53,0" doraHai="96" doraHaiUra="32" who="2" fromWho="2" sc="309,-20,117,-20,238,89,326,-39" /><INIT seed="4,0,0,0,3,35" ten="289,97,327,287" oya="0" hai0="74,28,62,32,117,71,15,83,19,58,87,101,88" hai1="10,53,4,65,47,40,123,54,1,6,120,99,45" hai2="122,26,61,128,109,112,7,133,129,96,110,44,132" hai3="57,68,38,94,131,13,60,82,16,34,116,127,24"/><T73/><D117/><U37/><E65/><V77/><F77/><W69/><G116/><T9/><D71/><U134/><E134/><N who="2" m="51819" /><F7/><W56/><G38/><T108/><D108/><N who="2" m="41578" /><F122/><W114/><G114/><T43/><D43/><U75/><E75/><V113/><F96/><W93/><G127/><T29/><D101/><U95/><E47/><V130/><F44/><W98/><G131/><T66/><REACH who="0" step="1"/><D32/><REACH who="0" ten="279,97,327,287" step="2"/><U46/><E123/><V67/><F26/><W102/><G69/><AGARI ba="0,1" hai="61,67,69,112,113,128,129,130" m="41578,51819" machi="69" ten="40,8000,1" yaku="19,1,20,1,23,1,34,2" doraHai="35" who="2" fromWho="3" sc="279,0,97,0,327,90,287,-80" /><INIT seed="5,0,0,0,4,109" ten="279,97,417,207" oya="1" hai0="41,12,76,107,85,90,6,134,115,14,71,132,4" hai1="47,128,68,95,102,59,2,60,38,72,73,23,67" hai2="61,45,13,79,114,104,28,3,24,96,31,15,129" hai3="106,42,33,119,54,135,29,5,66,17,81,117,9"/><U0/><E128/><V131/><F3/><W37/><G135/><N who="0" m="51755" /><D76/><U57/><E57/><V40/><F114/><W130/><G106/><T69/><D41/><U63/><E63/><V18/><F79/><W123/><G123/><T30/><D30/><U101/><E23/><V70/><F96/><W74/><G130/><N who="2" m="49673" /><F104/><W97/><G54/><T20/><D20/><U25/><E25/><V48/><F18/><W89/><G17/><T1/><D1/><U83/><E59/><V16/><F24/><W105/><G89/><T51/><D51/><U62/><E62/><V52/><F40/><W26/><G97/><T43/><D43/><U98/><E102/><V94/><F94/><W27/><G105/><T127/><D85/><U91/><E73/><V75/><F75/><W44/><G27/><T50/><D50/><U118/><E118/><V46/><F46/><W21/><G21/><T121/><D90/><U126/><E126/><V11/><F13/><N who="0" m="5226" /><D107/><U53/><E38/><V49/><F49/><W124/><G66/><AGARI ba="0,0" hai="11,15,16,28,31,45,48,52,61,66,70" m="49673" machi="66" ten="30,3900,0" yaku="19,1,54,2" doraHai="109" who="2" fromWho="3" sc="279,0,97,0,417,39,207,-39" /><INIT seed="6,0,0,5,1,2" ten="279,97,456,168" oya="2" hai0="119,78,22,103,15,11,130,51,32,98,10,39,71" hai1="20,54,67,125,82,96,102,18,31,58,8,109,92" hai2="72,57,84,118,100,4,114,127,120,37,36,19,107" hai3="89,135,132,26,60,64,79,110,70,111,91,128,59"/><V73/><F120/><W86/><G128/><T48/><D39/><U9/><E125/><V115/><F118/><W131/><G131/><T33/><D71/><U94/><E109/><V44/><F127/><W77/><G26/><T50/><D78/><N who="3" m="29705" /><G70/><T3/><D119/><U113/><E82/><V112/><F57/><W66/><G91/><T93/><D22/><U34/><E34/><V116/><F84/><W1/><G1/><T63/><D63/><U65/><E113/><V16/><F44/><W80/><G66/><T45/><D45/><U53/><E92/><V69/><F69/><W68/><G68/><T99/><D99/><U90/><E102/><V129/><F129/><W49/><G49/><T134/><D134/><AGARI ba="0,0" hai="59,60,64,80,86,89,110,111,132,134,135" m="29705" machi="134" ten="30,1000,0" yaku="20,1" doraHai="2" who="3" fromWho="0" sc="279,-10,97,0,456,0,168,10" /><INIT seed="7,0,0,3,0,74" ten="269,97,456,178" oya="3" hai0="15,84,13,127,17,60,5,73,98,58,34,91,11" hai1="59,85,27,112,32,8,108,134,24,122,102,65,78" hai2="37,83,45,121,69,81,52,124,82,40,88,44,97" hai3="42,43,21,89,107,3,28,16,113,20,51,71,62"/><W48/><G113/><T77/><D34/><U23/><E32/><V128/><F128/><W100/><G3/><T133/><D73/><U109/><E122/><V39/><F121/><W79/><G79/><T54/><D133/><U111/><E134/><V6/><F69/><W125/><G125/><T87/><D127/><U14/><E112/><V80/><F124/><W115/><G115/><T10/><D77/><U130/><E130/><V119/><F119/><W4/><G4/><T63/><D63/><U41/><E41/><V31/><F31/><W106/><G28/><T12/><D13/><U35/><E102/><V86/><F6/><W120/><G62/><T90/><D98/><U0/><E35/><V30/><F30/><W7/><G7/><T26/><D26/><U94/><E0/><V29/><F29/><W33/><G33/><T70/><D70/><U22/><E94/><V123/><F123/><W2/><G2/><T114/><D114/><U36/><E36/><V1/><F1/><W131/><G100/><T25/><D25/><U46/><E46/><V53/><F97/><W104/><G71/><T61/><D60/><U96/><E96/><V118/><F118/><W18/><G106/><T64/><D64/><U95/><E65/><V105/><F105/><W101/><G131/><T132/><D132/><U9/><E59/><V110/><F110/><W75/><G101/><T92/><D92/><U76/><E109/><V47/><F47/><W57/><G104/><T116/><D116/><U55/><E108/><V67/><F67/><W99/><G120/><T49/><D61/><RYUUKYOKU ba="0,0" sc="269,15,97,-15,456,15,178,-15" hai0="5,10,11,12,15,17,49,54,58,84,87,90,91" hai2="37,39,40,44,45,52,53,80,81,82,83,86,88" owari="284,8.0,82,-42.0,471,58.0,163,-24.0" /></mjloggm>