<mjloggm ver="2.3"><GO type="169" lobby="0"/><UN n0="%E5%BB%83%E4%BA%BA%E9%81%94%E9%9B%86%E5%90%88" n1="%E3%81%A9%E3%82%93%E3%82%88%E3%81%8F" n2="%E3%82%A6%E3%83%AB%E3%83%88%E3%83%A9%E7%AB%8B%E7%9B%B4" n3="%7A%6F%6F%31%39%36%34" dan="16,18,17,16" rate="2123.23,2267.04,2130.19,2051.32" sx="M,M,M,M"/><TAIKYOKU oya="0"/><INIT seed="0,0,0,3,0,113" ten="250,250,250,250" oya="0" hai0="27,84,43,123,80,120,25,5,97,46,88,4,64" hai1="38,19,33,3,42,117,134,39,74,13,132,124,50" hai2="83,106,9,109,90,6,30,76,101,15,127,100,133" hai3="107,60,54,17,34,21,14,87,82,51,95,47,116"/><T129/><D129/><U2/><E74/><V94/><F127/><W66/><G107/><T72/><D72/><U126/><E33/><V111/><F30/><W73/><G34/><T10/><D64/><U63/><E63/><V105/><F133/><N who="1" m="51305" /><E50/><V115/><F115/><W86/><G116/><T65/><D65/><U119/><E42/><V48/><F48/><W52/><G54/><T131/><D131/><U11/><E39/><V130/><F130/><W45/><G45/><T44/><D123/><U12/><E38/><V114/><F114/><W56/><G73/><T96/><D120/><U35/><E35/><V75/><F105/><W108/><G108/><N who="2" m="41545" /><F106/><W55/><G82/><T16/><D46/><U58/><E58/><V1/><F1/><N who="1" m="9" /><E13/><V62/><F62/><W110/><G110/><T20/><D27/><U49/><E49/><V128/><F128/><W29/><G29/><T26/><D26/><U85/><E85/><AGARI ba="0,0" hai="6,9,15,75,76,83,85,90,94,100,101" m="41545" machi="85" ten="30,1000,0" yaku="14,1" doraHai="113" who="2" fromWho="1" sc="250,0,250,-10,250,10,250,0" /><INIT seed="1,0,0,0,4,55" ten="250,240,260,250" oya="1" hai0="113,3,109,53,46,7,77,71,33,59,61,82,22" hai1="98,133,2,74,18,84,123,57,4,117,100,21,17" hai2="12,120,49,9,23,62,58,72,111,39,29,105,68" hai3="42,95,76,31,92,13,127,126,121,32,0,19,97"/><U112/><E74/><V45/><F120/><W115/><G0/><T52/><D33/><U5/><E117/><V119/><F119/><W103/><G121/><T70/><D113/><U110/><E123/><V107/><F72/><W80/><G115/><T134/><D134/><U10/><E112/><V85/><F111/><W114/><G114/><T43/><D109/><U78/><E5/><V88/><F68/><W75/><G42/><T37/><D22/><U83/><E110/><V40/><F39/><W11/><G31/><T131/><D131/><U35/><E35/><V132/><F132/><W129/><G32/><T128/><D128/><U34/><E34/><V135/><F135/><W47/><G47/><T90/><D90/><U27/><E133/><V79/><F79/><W16/><G129/><T108/><D108/><U56/><REACH who="1" step="1"/><E18/><REACH who="1" ten="250,230,260,250" step="2"/><N who="2" m="8463" /><F107/><AGARI ba="0,1" hai="2,4,10,17,21,27,56,57,78,83,84,98,100,107" machi="107" ten="30,12000,1" yaku="1,1,7,1,52,2,53,1" doraHai="55" doraHaiUra="102" who="1" fromWho="2" sc="250,0,230,130,260,-120,250,0" /><INIT seed="1,1,0,5,1,121" ten="250,360,140,250" oya="1" hai0="108,61,105,126,101,92,58,76,120,42,60,106,134" hai1="41,34,38,5,26,48,125,56,85,23,37,95,86" hai2="24,84,94,96,98,72,57,49,8,75,73,9,131" hai3="100,11,110,83,25,55,18,89,127,66,20,27,44"/><U99/><E34/><V12/><F131/><W79/><G127/><T117/><D120/><U4/><E125/><V53/><F24/><W135/><G135/><T6/><D126/><U15/><E37/><V13/><F84/><W16/><G110/><T0/><D134/><U88/><E38/><V39/><F39/><W128/><G128/><T107/><D117/><U40/><E15/><V35/><F35/><W122/><G122/><T103/><D42/><U68/><E68/><V102/><F102/><W54/><G66/><T97/><D76/><U116/><E116/><V50/><F94/><W46/><G100/><T112/><D112/><U1/><E1/><V111/><F111/><W14/><G89/><T71/><D108/><U104/><E104/><V129/><F129/><W109/><G27/><T2/><D101/><U21/><E21/><V133/><F133/><W30/><G30/><T51/><D6/><N who="1" m="2667" /><E56/><V87/><F87/><N who="1" m="33289" /><E48/><V31/><F31/><AGARI ba="1,0" hai="23,26,31,40,41,88,95,99" m="33289,2667" machi="31" ten="30,2900,0" yaku="8,1,54,1" doraHai="121" who="1" fromWho="2" sc="250,0,360,32,140,-32,250,0" /><INIT seed="1,2,0,5,5,113" ten="250,392,108,250" oya="1" hai0="22,104,26,23,130,50,33,94,70,32,15,117,76" hai1="91,105,19,57,44,80,97,12,73,43,14,133,30" hai2="116,92,17,65,41,131,24,98,46,89,55,134,34" hai3="71,86,51,28,61,54,45,68,5,112,59,90,67"/><U63/><E133/><V115/><F134/><W58/><G112/><T127/><D104/><U7/><E30/><V40/><F115/><W0/><G28/><T11/><D70/><N who="3" m="26665" /><G90/><T85/><D127/><U53/><E7/><V64/><F131/><W52/><G5/><T96/><D130/><U31/><E31/><V25/><F116/><W100/><G86/><T82/><D117/><U27/><E105/><V122/><F122/><W121/><G100/><T110/><D110/><U124/><E124/><V83/><F34/><W114/><G0/><T4/><D32/><U111/><E111/><V108/><F108/><W47/><G121/><T106/><D33/><U62/><E62/><V87/><F55/><N who="3" m="30207" /><G114/><T2/><D2/><U60/><E60/><V81/><F81/><W35/><G35/><T18/><D23/><N who="1" m="13823" /><E73/><V125/><F125/><W77/><G77/><T9/><D106/><U119/><E119/><V29/><F29/><W101/><G101/><T69/><D69/><U72/><E72/><V95/><F17/><W56/><G45/><T21/><D26/><U49/><E80/><V1/><F1/><W126/><G126/><T107/><D107/><U36/><E12/><V48/><F83/><W10/><G10/><T66/><D11/><U6/><E14/><V8/><F8/><W109/><G109/><T135/><D4/><U20/><E6/><V13/><F13/><W128/><G128/><T16/><D135/><U132/><E132/><V102/><F24/><W84/><G84/><N who="0" m="48199" /><D15/><U75/><E75/><V42/><F25/><W129/><G129/><T118/><D9/><RYUUKYOKU ba="2,0" sc="250,-15,392,-15,108,15,250,15" hai2="40,41,42,46,48,64,65,87,89,92,95,98,102" hai3="52,54,56,58,59,61,67" /><INIT seed="2,3,0,5,1,98" ten="235,377,123,265" oya="2" hai0="118,33,81,119,2,127,108,110,113,60,39,12,68" hai1="58,73,121,123,124,30,82,107,16,42,47,105,66" hai2="27,4,104,129,103,83,88,32,84,10,57,38,120" hai3="62,74,28,61,7,80,87,115,48,63,92,97,72"/><V17/><F129/><W46/><G115/><T116/><D12/><U45/><E30/><V133/><F133/><W95/><G28/><T96/><D113/><U94/><E124/><V70/><F70/><W54/><G7/><T79/><D33/><U0/><E0/><V31/><F120/><W52/><G92/><T44/><D127/><U11/><E94/><V71/><F71/><W53/><G74/><T64/><D96/><U101/><E66/><V90/><F38/><W132/><G72/><T102/><D102/><U37/><E58/><V114/><F114/><W19/><G19/><T55/><D2/><U41/><E82/><V40/><F40/><W34/><G34/><T75/><REACH who="0" step="1"/><D55/><REACH who="0" ten="225,377,123,265" step="2"/><U13/><E101/><V15/><F103/><N who="3" m="60863" /><G132/><T65/><D65/><U1/><E1/><V109/><F104/><W20/><G20/><T100/><D100/><U5/><E73/><V117/><F117/><W93/><G93/><T76/><D76/><AGARI ba="3,1" hai="46,48,52,53,54,61,62,63,76,80,87" m="60863" machi="76" ten="30,3900,0" yaku="8,1,52,1,54,1" doraHai="98" who="3" fromWho="0" sc="225,-48,377,0,123,0,265,58" /><INIT seed="3,0,0,1,5,130" ten="177,377,123,323" oya="3" hai0="30,7,23,74,10,35,98,54,12,86,129,92,38" hai1="61,102,18,40,8,72,81,69,134,31,14,62,15" hai2="49,83,63,126,128,73,5,42,48,108,22,78,27" hai3="67,133,53,26,4,50,77,135,89,124,43,37,96"/><W70/><G77/><T125/><D38/><U47/><E31/><V68/><F128/><W44/><G4/><T28/><D74/><U32/><E32/><V88/><F108/><W91/><G26/><T20/><D129/><U127/><E102/><V16/><F126/><W95/><G124/><T100/><D125/><U75/><E127/><V11/><F42/><W122/><G122/><T112/><D112/><U57/><E69/><V29/><F68/><W110/><G110/><T103/><D35/><U3/><E3/><V0/><F63/><N who="3" m="40319" /><G91/><T65/><D65/><U87/><E15/><V39/><F39/><W82/><G82/><T58/><D100/><U51/><E62/><V59/><F59/><AGARI ba="0,0" hai="37,43,44,50,53,59,89,95,96,133,135" m="40319" machi="59" ten="30,5800,0" yaku="24,1,52,2" doraHai="130" who="3" fromWho="2" sc="177,0,377,0,123,-58,323,58" /><INIT seed="3,1,0,3,2,72" ten="177,377,65,381" oya="3" hai0="0,28,54,42,93,128,82,40,46,5,127,121,33" hai1="6,55,19,124,84,102,91,53,63,111,52,15,34" hai2="29,3,88,44,47,99,13,16,14,134,114,68,43" hai3="112,17,71,104,126,105,51,62,9,115,45,79,69"/><W60/><G126/><T38/><D127/><U116/><E124/><V83/><F3/><W37/><G37/><T101/><D121/><U122/><E111/><V12/><F68/><N who="3" m="26187" /><G79/><T41/><D33/><U66/><E122/><V85/><F114/><N who="3" m="43563" /><G17/><T65/><D28/><U97/><E116/><V64/><F134/><W94/><G94/><T120/><D128/><U100/><E34/><V30/><F64/><W123/><G9/><T4/><D65/><U73/><E73/><V86/><F99/><W23/><G23/><T32/><D32/><U119/><E6/><V80/><F16/><W76/><G76/><T35/><D35/><U75/><E75/><V7/><F7/><W59/><G123/><T98/><D5/><U92/><E119/><V49/><F44/><W130/><G130/><T70/><D70/><U20/><E84/><V25/><F25/><W133/><G133/><T39/><D120/><U135/><E135/><V2/><F2/><W96/><G96/><T57/><D39/><U22/><E22/><V11/><F11/><W10/><G10/><T26/><D26/><U67/><E67/><V90/><AGARI ba="1,0" hai="12,13,14,29,30,43,47,49,80,83,85,86,88,90" machi="90" ten="30,7900,0" yaku="0,1,9,1,8,1,54,1" doraHai="72" who="2" fromWho="2" sc="177,-21,377,-21,65,82,381,-40" /><INIT seed="4,0,0,2,4,65" ten="156,356,147,341" oya="0" hai0="127,81,125,6,47,30,4,75,98,57,95,85,82" hai1="118,120,49,35,130,1,58,26,71,133,41,24,21" hai2="131,22,93,18,68,38,73,27,80,119,12,45,66" hai3="29,33,13,55,77,91,111,7,76,0,72,60,69"/><T9/><D30/><U92/><E1/><V99/><F131/><W17/><G72/><T15/><D6/><U8/><E120/><V61/><F119/><W3/><G111/><T132/><D132/><U106/><E106/><V53/><F73/><W48/><G7/><T105/><D57/><U112/><E118/><V103/><F80/><W134/><G134/><T67/><D67/><U70/><E35/><V102/><F102/><W109/><G109/><T54/><D105/><U44/><E133/><V19/><F53/><W117/><G117/><T34/><D34/><U52/><E130/><V96/><F96/><W74/><G74/><T108/><D108/><U135/><E135/><V114/><F114/><W51/><G51/><N who="0" m="29055" /><D75/><U56/><E56/><V123/><F123/><W128/><G29/><T84/><D127/><U31/><E8/><V37/><REACH who="2" step="1"/><F45/><REACH who="2" ten="156,356,137,341" step="2"/><W78/><G55/><T116/><D116/><U115/><E92/><V10/><AGARI ba="0,1" hai="10,12,18,19,22,27,37,38,61,66,68,93,99,103" machi="10" ten="20,8000,1" yaku="1,1,2,1,0,1,7,1,52,1,53,0" doraHai="65" doraHaiUra="126" who="2" fromWho="2" sc="156,-40,356,-20,137,90,341,-20" /><INIT seed="5,0,0,5,1,69" ten="116,336,227,321" oya="1" hai0="31,24,2,65,68,105,39,127,30,111,38,116,86" hai1="95,22,64,108,70,135,74,52,91,128,8,103,131" hai2="10,117,98,13,5,82,75,14,9,32,90,63,113" hai3="106,96,107,71,62,0,55,109,56,119,12,73,132"/><U83/><E103/><V130/><F32/><W46/><G0/><T41/><D111/><U40/><E108/><V99/><F117/><W53/><G119/><T26/><D116/><U89/><E40/><V35/><F35/><W67/><G73/><T66/><D2/><U37/><E37/><V20/><F113/><W59/><G109/><T4/><D41/><U81/><E135/><V112/><F130/><W57/><G132/><T33/><D4/><U17/><E8/><V122/><F112/><W43/><G12/><T36/><D105/><U93/><E64/><V110/><F110/><W115/><G115/><T133/><D133/><U19/><E70/><V88/><F122/><W126/><G126/><T6/><D6/><U27/><E74/><V125/><F125/><W121/><G121/><T21/><D127/><U34/><E34/><V50/><F20/><W101/><REACH who="3" step="1"/><G107/><REACH who="3" ten="116,336,227,311" step="2"/><T28/><D68/><U100/><E100/><V102/><F14/><W72/><G72/><T18/><REACH who="0" step="1"/><D86/><REACH who="0" ten="106,336,227,311" step="2"/><U84/><E131/><V44/><F75/><W29/><G29/><AGARI ba="0,2" hai="18,21,24,26,28,29,30,31,33,36,38,39,65,66" machi="29" ten="50,8000,1" yaku="1,1,2,1,52,3,53,0" doraHai="69" doraHaiUra="77" who="0" fromWho="3" sc="106,100,336,0,227,0,311,-80" /><INIT seed="6,0,0,0,4,67" ten="206,336,227,231" oya="2" hai0="37,0,7,78,129,102,92,116,62,126,111,12,106" hai1="74,40,65,35,80,114,113,10,125,64,6,90,22" hai2="112,27,98,3,15,70,104,49,50,63,47,131,20" hai3="2,127,51,31,46,124,75,48,33,41,134,34,71"/><V61/><F3/><W26/><G75/><T119/><D111/><U122/><E35/><V100/><F112/><N who="1" m="43113" /><E125/><N who="3" m="48202" /><G2/><T87/><D126/><U101/><E101/><V69/><F131/><W93/><G134/><T81/><D129/><U66/><E40/><V11/><F63/><W107/><G107/><T44/><D0/><N who="1" m="327" /><E22/><V16/><F61/><W14/><G34/><T28/><D28/><U117/><E117/><V24/><F24/><W97/><G14/><T95/><D62/><U96/><E122/><V89/><F89/><N who="3" m="55471" /><G51/><T133/><D133/><U121/><E121/><V13/><F13/><W9/><G9/><N who="0" m="4159" /><D106/><U76/><E96/><V135/><F135/><W39/><G48/><T99/><D99/><U85/><E90/><V88/><F88/><W55/><G55/><T42/><D102/><U120/><E120/><V30/><F50/><W118/><G118/><AGARI ba="0,0" hai="37,42,44,78,81,87,92,95,116,118,119" m="4159" machi="118" ten="30,1000,0" yaku="12,1" doraHai="67" who="0" fromWho="3" sc="206,10,336,0,227,0,231,-10" /><INIT seed="7,0,0,3,5,14" ten="216,336,227,221" oya="3" hai0="64,132,86,11,128,99,85,53,91,57,10,2,115" hai1="81,54,60,74,67,116,47,118,23,123,69,131,12" hai2="119,126,39,48,70,111,109,19,63,92,133,18,106" hai3="31,68,5,40,110,62,56,66,71,33,49,37,25"/><W83/><G110/><T103/><D2/><U42/><E123/><V24/><F39/><W17/><G5/><T13/><D128/><U79/><E54/><V124/><F119/><N who="1" m="45609" /><E131/><V61/><F106/><W16/><G83/><N who="0" m="49599" /><D132/><U80/><E80/><V122/><F133/><W4/><G4/><T120/><D120/><U102/><E102/><V45/><F122/><W84/><G84/><T21/><D115/><U89/><E89/><V88/><F111/><W135/><G135/><T34/><D86/><U27/><E12/><V100/><F100/><W101/><G101/><T73/><D34/><U26/><E23/><V8/><F109/><W0/><G0/><T130/><D73/><U113/><E113/><V127/><F88/><W41/><G41/><T9/><D130/><U78/><E78/><V77/><F77/><W93/><G93/><N who="0" m="58863" /><D64/><U97/><E97/><V104/><F126/><W6/><G6/><N who="0" m="3255" /><D21/><U117/><E117/><V20/><F20/><W44/><G71/><T72/><D72/><U114/><E114/><V36/><F70/><W95/><G95/><T105/><D105/><U50/><AGARI ba="0,0" hai="26,27,42,47,50,60,67,69,74,79,81" m="45609" machi="50" ten="30,1100,0" yaku="12,1" doraHai="14" who="1" fromWho="1" sc="216,-3,336,11,227,-3,221,-5" owari="213,-29.0,347,45.0,224,2.0,216,-18.0" /></mjloggm>