<mjloggm ver="2.3"><GO type="169" lobby="0"/><UN n0="%53%55%50%45%52%43%41%52" n1="%E7%AB%8B%E8%8F%AF%E5%A5%8F" n2="%E3%81%B5%E3%81%8B%E3%81%98" n3="%E5%B0%B1%E6%B4%BB%E7%94%9F%40%E5%B7%9D%E6%9D%91%E8%BB%8D%E5%9B%A3" dan="16,17,16,18" rate="2128.42,2193.77,2069.73,2324.46" sx="M,F,M,M"/><TAIKYOKU oya="0"/><INIT seed="0,0,0,4,5,107" ten="250,250,250,250" oya="0" hai0="9,0,63,86,52,104,101,66,81,10,89,8,103" hai1="125,119,131,70,72,117,73,30,92,98,27,17,38" hai2="4,79,133,74,110,54,106,19,65,53,45,18,16" hai3="111,105,113,24,32,62,91,120,83,102,108,87,12"/><T3/><D104/><U67/><E38/><V129/><F106/><W88/><G113/><T46/><D103/><U116/><E125/><V15/><F110/><N who="3" m="42027" /><G62/><T13/><D13/><U132/><E132/><V61/><F129/><W39/><G39/><T14/><D14/><U22/><E131/><V23/><F133/><W112/><G112/><T76/><D101/><U78/><E78/><V128/><F128/><W114/><G12/><T43/><D89/><U85/><E85/><V26/><F4/><W97/><G114/><T122/><D122/><U5/><E5/><V41/><F79/><N who="3" m="46591" /><G120/><T48/><REACH who="0" step="1"/><D43/><REACH who="0" ten="240,250,250,250" step="2"/><U55/><E119/><V35/><F15/><W115/><G115/><T93/><D93/><U99/><E117/><V84/><F41/><W126/><G126/><T33/><D33/><U134/><E116/><V31/><F35/><W56/><G32/><T60/><D60/><U11/><E92/><V25/><F61/><W34/><G34/><T28/><D28/><U44/><E30/><V21/><F31/><W2/><G2/><T1/><D1/><U36/><E134/><V75/><F25/><W124/><G24/><T135/><D135/><U71/><E27/><V57/><F26/><W130/><G124/><T40/><D40/><U6/><E6/><V20/><F19/><W49/><G130/><T7/><D7/><U127/><E17/><V90/><F16/><W69/><G91/><T50/><D50/><U118/><E127/><V68/><F90/><W121/><G121/><T94/><D94/><U80/><E118/><V59/><F18/><W95/><G95/><RYUUKYOKU ba="0,1" sc="240,30,250,-10,250,-10,250,-10" hai0="0,3,8,9,10,46,48,52,63,66,76,81,86" /><INIT seed="0,1,1,4,2,96" ten="270,240,240,240" oya="0" hai0="2,10,4,14,34,51,19,80,26,29,43,31,131" hai1="7,101,127,79,20,103,15,27,56,128,130,135,134" hai2="23,58,35,120,90,28,124,88,82,41,12,59,107" hai3="73,22,53,99,38,97,100,66,39,104,1,75,108"/><T13/><D131/><N who="1" m="50219" /><E79/><V60/><F120/><W8/><G108/><T18/><D80/><U83/><E83/><V116/><F35/><W126/><G22/><N who="0" m="11607" /><D51/><U109/><E109/><V11/><F107/><N who="3" m="63887" /><G53/><T37/><D37/><N who="3" m="13833" /><G66/><T50/><D50/><U52/><E127/><V9/><F41/><W33/><G33/><T5/><D43/><U3/><E3/><V129/><F124/><W63/><G63/><T30/><D4/><U25/><E7/><V86/><F129/><W21/><G21/><AGARI ba="1,1" hai="2,5,10,13,19,21,26,29,30,31,34" m="11607" machi="21" ten="30,18000,2" yaku="24,1,35,5" doraHai="96" who="0" fromWho="3" sc="270,193,240,0,240,0,240,-183" /><INIT seed="0,2,0,0,2,24" ten="463,240,240,57" oya="0" hai0="63,50,109,15,38,32,95,33,26,128,0,44,43" hai1="80,108,61,70,59,104,37,53,105,10,77,85,97" hai2="66,99,62,64,134,107,16,20,30,2,135,12,81" hai3="58,36,98,42,103,110,90,122,54,60,39,17,23"/><T125/><D0/><U118/><E108/><V18/><F2/><W67/><G110/><T71/><D109/><U106/><E118/><V34/><F81/><W27/><G122/><T9/><D125/><U11/><E37/><V25/><F18/><W82/><G42/><T113/><D113/><U56/><E70/><N who="2" m="42263" /><F66/><W52/><G39/><T19/><D128/><U73/><E56/><V51/><F51/><W55/><G36/><T124/><D124/><U4/><E97/><V111/><F111/><W123/><G123/><T132/><D71/><U45/><E45/><V117/><F117/><W46/><G46/><T96/><D63/><U112/><E112/><V49/><F49/><W35/><G35/><T72/><D72/><U127/><E127/><V133/><F133/><W119/><G119/><T115/><D115/><U75/><REACH who="1" step="1"/><E11/><REACH who="1" ten="463,230,240,57" step="2"/><V6/><F134/><W41/><G41/><T100/><D132/><U94/><E94/><V22/><F135/><W65/><G65/><T68/><D68/><U114/><E114/><V31/><F99/><W78/><G103/><T3/><D38/><U83/><E83/><V74/><F107/><W1/><G98/><T91/><D100/><U130/><E130/><V131/><F131/><W126/><G126/><T47/><D44/><U14/><AGARI ba="2,1" hai="4,10,14,53,59,61,73,75,77,80,85,104,105,106" machi="14" ten="30,8000,1" yaku="1,1,0,1,53,3" doraHai="24" doraHaiUra="101" who="1" fromWho="1" sc="463,-42,230,96,240,-22,57,-22" /><INIT seed="1,0,0,0,2,44" ten="421,326,218,35" oya="1" hai0="89,77,92,95,24,51,135,25,87,131,71,130,110" hai1="108,46,45,16,68,117,66,104,22,1,126,120,100" hai2="7,39,99,78,80,10,58,48,40,53,67,38,82" hai3="26,127,29,96,83,61,54,19,97,28,23,119,112"/><U42/><E117/><V47/><F67/><W30/><G112/><T91/><D71/><U34/><E120/><V93/><F39/><W35/><G119/><T133/><D77/><U81/><E1/><V72/><F78/><W36/><G36/><T124/><D110/><U129/><E108/><V116/><F72/><W32/><G127/><T21/><D124/><U76/><E126/><V27/><F27/><W94/><G83/><T6/><D6/><U118/><E118/><V79/><F79/><W52/><G97/><T8/><D8/><U3/><E3/><V134/><F134/><N who="0" m="51210" /><D51/><U64/><E34/><V18/><F18/><W90/><REACH who="3" step="1"/><G54/><REACH who="3" ten="421,326,218,25" step="2"/><T55/><D55/><U85/><E129/><V17/><F116/><W106/><G106/><T122/><D130/><U41/><E104/><V75/><F82/><W59/><AGARI ba="0,1" hai="19,23,26,28,29,30,32,35,52,59,61,90,94,96" machi="59" ten="30,12000,2" yaku="1,1,0,1,25,2,54,1,53,1" doraHai="44" doraHaiUra="49" who="3" fromWho="3" sc="421,-30,326,-60,218,-30,25,130" /><INIT seed="2,0,0,0,5,37" ten="391,266,188,155" oya="2" hai0="69,96,10,17,124,106,60,102,72,71,36,86,38" hai1="67,12,55,61,46,73,104,82,68,59,43,14,1" hai2="41,65,50,129,22,111,105,120,31,18,44,117,109" hai3="42,6,35,135,114,112,64,76,113,19,77,126,27"/><V74/><F117/><W23/><G135/><T53/><D72/><U49/><E104/><V56/><F120/><W0/><G126/><T2/><D124/><U20/><E1/><V15/><F105/><W54/><G64/><T26/><D86/><U110/><E110/><N who="2" m="41995" /><F74/><W58/><G35/><T62/><D53/><U103/><E103/><V30/><F129/><W45/><G6/><T131/><D131/><U39/><REACH who="1" step="1"/><E20/><REACH who="1" ten="391,256,188,155" step="2"/><V107/><F107/><W116/><G0/><T90/><D2/><U51/><E51/><V16/><F18/><W13/><G116/><T80/><D17/><U8/><E8/><V85/><F85/><W33/><G33/><T3/><D10/><U119/><E119/><V40/><F40/><W4/><G4/><T121/><D106/><U81/><E81/><V75/><F75/><W84/><G84/><T88/><D80/><U100/><E100/><V66/><F66/><W95/><G95/><T130/><D102/><U99/><E99/><V94/><F94/><W87/><G87/><T98/><D130/><U83/><E83/><V125/><F125/><W93/><G93/><T57/><D98/><U63/><E63/><AGARI ba="0,1" hai="15,16,22,30,31,41,44,50,56,63,65" m="41995" machi="63" ten="30,11600,0" yaku="14,1,10,1,52,1,54,1" doraHai="37" who="2" fromWho="1" sc="391,0,256,-116,188,126,155,0" /><INIT seed="2,1,0,5,3,62" ten="391,140,314,155" oya="2" hai0="79,128,104,4,39,64,2,46,61,40,59,69,125" hai1="109,105,60,25,111,3,65,6,110,23,53,27,44" hai2="30,7,87,33,11,63,102,107,20,96,12,14,106" hai3="9,86,82,90,18,114,123,31,81,38,16,92,13"/><V124/><F124/><W88/><G123/><T71/><D104/><U129/><E129/><V91/><F106/><W41/><G114/><T78/><D125/><U66/><E105/><V100/><F100/><W0/><G0/><T19/><D128/><U118/><E118/><V122/><F122/><W94/><G31/><T37/><D37/><U101/><E101/><V73/><F73/><W36/><G41/><T119/><D119/><U83/><E83/><V34/><F63/><W75/><G18/><T48/><D19/><U84/><E84/><V98/><F98/><W112/><G112/><T56/><D56/><N who="1" m="34831" /><E44/><V116/><F116/><W1/><G1/><T67/><D71/><U49/><E49/><V52/><F52/><W22/><G75/><T131/><D131/><U97/><E97/><V15/><F20/><W72/><G72/><T80/><D80/><N who="3" m="30825" /><G38/><T95/><D95/><U54/><E54/><V29/><F34/><W45/><G45/><T43/><D43/><U50/><E50/><V113/><F113/><W121/><G36/><T76/><D67/><N who="1" m="25611" /><E23/><V99/><F33/><W135/><G121/><T89/><D69/><U24/><E24/><V120/><F120/><W77/><G77/><T115/><D115/><U93/><E93/><N who="2" m="54527" /><F96/><N who="3" m="57351" /><G135/><T103/><D39/><U47/><E47/><V57/><F57/><W28/><G28/><T35/><D46/><U126/><E126/><V51/><F51/><W10/><AGARI ba="1,0" hai="9,10,13,16,22,86,90,94" m="57351,30825" machi="10" ten="30,4000,0" yaku="8,1,54,2" doraHai="62" who="3" fromWho="3" sc="391,-11,140,-11,314,-21,155,43" /><INIT seed="3,0,0,2,4,8" ten="380,129,293,198" oya="3" hai0="68,46,19,59,99,4,97,1,3,71,48,96,130" hai1="87,40,134,106,34,105,107,112,125,82,120,85,17" hai2="50,10,132,51,135,123,38,27,104,69,18,108,118" hai3="83,63,53,28,128,90,44,124,12,84,24,80,39"/><W47/><G124/><T11/><D130/><U55/><E125/><V121/><F118/><W81/><G128/><T54/><D3/><U60/><E112/><V56/><F69/><W2/><G2/><T13/><REACH who="0" step="1"/><D46/><REACH who="0" ten="370,129,293,198" step="2"/><U72/><E120/><V102/><F121/><W22/><G47/><T37/><D37/><U115/><E115/><V91/><F38/><W94/><G39/><T117/><D117/><U0/><E0/><V57/><F123/><W35/><G44/><T6/><D6/><U62/><E134/><V43/><F132/><W5/><G5/><T76/><D76/><U73/><E40/><V32/><F43/><W92/><G53/><T23/><AGARI ba="0,1" hai="1,4,11,13,19,23,48,54,59,68,71,96,97,99" machi="23" ten="30,4000,0" yaku="1,1,0,1,52,1,53,0" doraHai="8" doraHaiUra="127" who="0" fromWho="0" sc="370,50,129,-10,293,-10,198,-20" /><INIT seed="4,0,0,0,3,40" ten="420,119,283,178" oya="0" hai0="44,93,86,18,24,120,107,34,106,82,105,21,0" hai1="52,122,60,77,119,133,79,96,4,90,68,3,61" hai2="91,92,132,48,14,134,47,35,97,37,66,41,78" hai3="57,127,16,110,58,94,13,69,75,25,64,123,88"/><T128/><D120/><U72/><E122/><V17/><F35/><W19/><G123/><T59/><D0/><U130/><E119/><V30/><F30/><W108/><G75/><T23/><D128/><U12/><E130/><V83/><F66/><W104/><G104/><T54/><D34/><U10/><E133/><V89/><F89/><W87/><G127/><T99/><D23/><U112/><E112/><V63/><F63/><W74/><G74/><T20/><D20/><U6/><E72/><V129/><F37/><W26/><G69/><T126/><D126/><U70/><E3/><V50/><F50/><W62/><G57/><T103/><D44/><U118/><E118/><V65/><F65/><W31/><G19/><T27/><D27/><U111/><E111/><V116/><F129/><W109/><REACH who="3" step="1"/><G31/><REACH who="3" ten="420,119,283,168" step="2"/><T2/><D106/><U114/><E114/><V76/><F116/><W53/><G53/><T102/><D105/><U45/><E70/><V33/><F17/><W11/><AGARI ba="0,1" hai="11,13,16,25,26,58,62,64,87,88,94,108,109,110" machi="11" ten="30,8000,1" yaku="1,1,0,1,54,2,53,1" doraHai="40" doraHaiUra="81" who="3" fromWho="3" sc="420,-40,119,-20,283,-20,168,90" /><INIT seed="5,0,0,2,1,102" ten="380,99,263,258" oya="1" hai0="34,84,56,99,117,14,88,124,133,63,112,81,98" hai1="132,128,105,121,52,118,126,75,13,18,43,65,15" hai2="114,97,60,54,32,64,23,100,8,123,74,7,53" hai3="131,91,44,36,19,109,31,70,92,122,134,55,40"/><U57/><E118/><V45/><F123/><W76/><G109/><T135/><D117/><U86/><E121/><V49/><F74/><W127/><G122/><T3/><D3/><U20/><E75/><V6/><F114/><W62/><G131/><T106/><D34/><U116/><E116/><V85/><F32/><W108/><G108/><T24/><D112/><U66/><E128/><V35/><F35/><W73/><G31/><T90/><D124/><U130/><E130/><V58/><F85/><W21/><G134/><N who="0" m="51211" /><D24/><U27/><E132/><V47/><F23/><W16/><G127/><T37/><D37/><U119/><E119/><V25/><F25/><W113/><G113/><T42/><D42/><U4/><E126/><V110/><F110/><W22/><G76/><T17/><D90/><U51/><E43/><V107/><F8/><W94/><G73/><T78/><D78/><U93/><E105/><V80/><F80/><W9/><G9/><N who="0" m="6351" /><D106/><U50/><E50/><AGARI ba="0,0" hai="6,7,45,47,49,50,53,54,58,60,64,97,100,107" machi="50" ten="40,2600,0" yaku="9,1,52,1" doraHai="102" who="2" fromWho="1" sc="380,0,99,-26,263,26,258,0" /><INIT seed="6,0,0,4,0,116" ten="380,73,289,258" oya="2" hai0="104,32,1,117,91,76,80,73,97,133,10,107,121" hai1="131,82,108,126,28,49,8,61,90,109,21,29,102" hai2="103,129,67,99,71,24,95,96,118,66,105,20,94" hai3="110,39,43,70,48,120,16,132,101,59,45,62,36"/><V111/><F118/><W88/><G101/><T3/><D32/><U38/><E102/><V119/><F119/><W122/><G88/><T77/><D117/><U44/><E38/><N who="3" m="14378" /><G16/><T55/><D55/><U19/><E126/><V17/><F129/><W57/><G110/><T89/><D97/><U12/><E131/><V135/><F135/><W34/><G34/><T87/><D133/><U31/><E61/><V27/><F111/><W115/><G115/><T14/><D14/><U40/><E109/><V6/><F71/><W60/><G132/><T92/><D92/><U56/><E108/><V51/><F6/><W83/><G83/><T124/><D80/><U64/><E64/><N who="2" m="24619" /><F105/><W86/><G86/><T37/><D87/><U79/><E56/><N who="3" m="21578" /><G70/><T26/><D73/><U100/><E100/><N who="2" m="60439" /><F27/><W50/><G50/><AGARI ba="0,0" hai="17,20,24,50,51,95,99,103" m="60439,24619" machi="50" ten="30,1500,0" yaku="8,1" doraHai="116" who="2" fromWho="3" sc="380,0,73,0,289,15,258,-15" /><INIT seed="6,1,0,1,3,124" ten="380,73,304,243" oya="2" hai0="130,18,115,55,123,59,74,132,46,31,65,39,24" hai1="57,78,5,94,84,80,99,43,17,122,79,87,117" hai2="118,119,49,107,108,93,32,69,97,47,120,86,96" hai3="98,95,70,121,116,6,4,22,68,105,67,71,85"/><V34/><F69/><W64/><G116/><T40/><D123/><U20/><E117/><V30/><F120/><W125/><G125/><T109/><D109/><U25/><E122/><V21/><F108/><W113/><G121/><T73/><D115/><U83/><E43/><V36/><F36/><W101/><G113/><T104/><D104/><U60/><E5/><V89/><F118/><W0/><G22/><T12/><D65/><U76/><E76/><V63/><F119/><W56/><G64/><T129/><D132/><U88/><E57/><V81/><F63/><AGARI ba="1,0" hai="17,20,25,60,63,78,79,80,83,84,87,88,94,99" machi="63" ten="40,5200,0" yaku="9,1,8,1,54,1" doraHai="124" who="1" fromWho="2" sc="380,0,73,55,304,-55,243,0" /><INIT seed="7,0,0,3,4,95" ten="380,128,249,243" oya="3" hai0="40,111,4,116,91,0,18,69,77,121,8,99,105" hai1="15,103,75,98,86,22,132,29,10,90,128,66,33" hai2="129,14,134,122,81,52,28,21,124,73,12,84,7" hai3="49,41,11,118,130,112,133,61,125,92,51,79,31"/><W44/><G118/><T135/><D116/><U115/><E33/><V67/><F73/><W102/><G125/><T101/><D111/><U26/><E75/><V54/><F124/><W45/><G130/><T58/><D121/><U6/><E128/><V47/><F129/><W131/><G133/><T62/><D135/><U120/><E132/><V113/><F113/><W30/><G112/><T100/><D69/><U36/><E36/><V1/><F1/><W76/><G61/><T80/><D40/><U17/><E115/><V70/><F70/><W117/><G117/><T82/><D101/><U50/><E120/><V96/><F67/><W88/><G11/><T127/><D127/><U64/><E50/><N who="2" m="28767" /><F7/><W32/><G102/><T93/><D18/><U89/><E6/><V60/><F96/><N who="3" m="57351" /><G32/><T68/><D77/><N who="3" m="29769" /><G131/><T56/><D8/><U63/><E86/><V24/><F122/><W110/><G110/><T83/><D100/><U20/><E10/><V72/><F72/><W9/><G9/><T38/><D62/><U119/><E119/><V25/><F134/><W65/><G65/><T16/><D68/><U55/><E55/><AGARI ba="0,0" hai="30,31,41,44,45,49,51,55" m="29769,57351" machi="55" ten="30,5800,0" yaku="8,1,52,1,54,1" doraHai="95" who="3" fromWho="1" sc="380,0,128,-58,249,0,243,58" /><INIT seed="7,1,0,0,0,95" ten="380,70,249,301" oya="3" hai0="41,7,131,122,24,17,42,88,96,116,4,31,36" hai1="39,58,10,1,71,105,60,124,47,65,106,54,75" hai2="79,84,117,87,108,81,129,69,35,22,53,52,134" hai3="99,97,61,12,6,119,132,78,72,135,98,30,27"/><W120/><G119/><T55/><D116/><U109/><E75/><V126/><F35/><W33/><G120/><T26/><D122/><U89/><E109/><V16/><F69/><W44/><G61/><T50/><D131/><U133/><E1/><V102/><F108/><W100/><G44/><T103/><D36/><U115/><E10/><V46/><F117/><W3/><G3/><T19/><D103/><U62/><E89/><V74/><F129/><W18/><G6/><N who="0" m="2091" /><D96/><U107/><E107/><V34/><F34/><W8/><REACH who="3" step="1"/><G100/><REACH who="3" ten="380,70,249,291" step="2"/><T77/><D77/><U38/><E106/><V11/><F102/><W51/><G51/><T20/><D88/><U56/><E105/><V73/><F46/><W82/><AGARI ba="1,1" hai="8,12,18,27,30,33,72,78,82,97,98,99,132,135" machi="82" ten="30,18000,2" yaku="1,1,0,1,52,3,53,1" doraHai="95" doraHaiUra="21" who="3" fromWho="3" sc="380,-61,70,-61,249,-61,291,193" owari="319,12.0,9,-49.0,188,-21.0,484,58.0" /></mjloggm>