<mjloggm ver="2.3"><GO type="169" lobby="0"/><UN n0="%E3%82%8F%E3%83%BC%E3%81%BF%E3%83%BC" n1="%E3%82%AC%E3%83%9F%E3%82%B4%E3%83%B3" n2="%E5%B0%B1%E6%B4%BB%E7%94%9F%40%E5%B7%9D%E6%9D%91%E8%BB%8D%E5%9B%A3" n3="%33%35%2B" dan="16,17,18,17" rate="2004.78,2159.81,2320.03,2181.29" sx="M,M,M,M"/><TAIKYOKU oya="0"/><INIT seed="0,0,0,4,5,18" ten="250,250,250,250" oya="0" hai0="36,43,26,91,98,6,135,85,90,53,74,128,86" hai1="60,49,116,47,14,127,64,108,32,16,130,134,124" hai2="125,10,13,44,113,59,8,21,66,87,25,131,51" hai3="45,114,50,34,0,56,118,63,107,19,93,48,33"/><T11/><D74/><U58/><E32/><V102/><F113/><W31/><G107/><T101/><D135/><U39/><E116/><V121/><F121/><W71/><G114/><T78/><D128/><U81/><E134/><V72/><F72/><W3/><G71/><T27/><D78/><U69/><E130/><V79/><F131/><W115/><G115/><T67/><D67/><U126/><E108/><V20/><F102/><W112/><G118/><T88/><D36/><U84/><E39/><V1/><F1/><W22/><G0/><T12/><D43/><U38/><E38/><V46/><F125/><W42/><G3/><T120/><D120/><U105/><E105/><V94/><F25/><N who="0" m="9226" /><D53/><U28/><E28/><V123/><F10/><W24/><G112/><T76/><D76/><U110/><E110/><V23/><F123/><W57/><G31/><T83/><D83/><U7/><E7/><N who="2" m="3231" /><F51/><W4/><G4/><T75/><D75/><U132/><E132/><V29/><F29/><W15/><G24/><T117/><D117/><U103/><E69/><V80/><F94/><AGARI ba="0,0" hai="6,11,12,85,86,88,90,91,94,98,101" m="9226" machi="94" ten="30,2900,0" yaku="8,1,54,1" doraHai="18" who="0" fromWho="2" sc="250,29,250,0,250,-29,250,0" /><INIT seed="0,1,0,3,5,57" ten="279,250,221,250" oya="0" hai0="36,9,53,24,88,35,14,114,44,68,74,107,63" hai1="87,60,65,66,62,58,117,70,120,98,94,105,49" hai2="103,28,61,106,2,81,130,18,30,134,72,121,111" hai3="25,32,116,101,135,89,122,37,71,29,8,75,12"/><T104/><D114/><U55/><E117/><V78/><F2/><W108/><G116/><T112/><D112/><U115/><E115/><V85/><F121/><W91/><G37/><T33/><D74/><U34/><E34/><V52/><F130/><W73/><G101/><T10/><D36/><U21/><E120/><V99/><F134/><W40/><G135/><T97/><D44/><U76/><E21/><V1/><F1/><W17/><G40/><T77/><D77/><U5/><E5/><V93/><F18/><W64/><G122/><T90/><D97/><U109/><E109/><V82/><F111/><W100/><G100/><T46/><D46/><U42/><E42/><V132/><F132/><W119/><G108/><T23/><D68/><U41/><E41/><V67/><F82/><W83/><G119/><T27/><D53/><U3/><E3/><V118/><F118/><W7/><G7/><T4/><D4/><U127/><E127/><V124/><F124/><W86/><REACH who="3" step="1"/><G91/><REACH who="3" ten="279,250,221,240" step="2"/><T96/><D88/><N who="1" m="55623" /><E105/><V123/><F123/><W50/><G50/><T11/><D104/><U39/><E39/><V51/><F106/><W128/><G128/><T95/><D107/><U13/><E49/><V92/><F92/><W56/><G56/><T69/><D95/><U47/><E70/><V84/><F93/><W80/><G80/><T131/><D131/><U102/><E102/><V48/><F103/><W20/><G20/><T79/><D23/><U16/><E47/><N who="2" m="27679" /><F51/><W43/><G43/><T133/><D133/><U126/><E126/><V19/><F81/><W113/><G113/><RYUUKYOKU ba="1,1" sc="279,-10,250,-10,221,-10,240,30" hai3="8,12,17,25,29,32,64,71,73,75,83,86,89" /><INIT seed="1,2,1,0,0,26" ten="269,240,211,270" oya="1" hai0="134,106,85,29,86,110,131,32,95,8,36,43,61" hai1="75,71,9,34,5,91,66,102,12,109,82,4,37" hai2="46,88,14,24,111,81,117,21,17,22,11,127,60" hai3="38,78,16,58,20,27,122,103,44,67,7,129,48"/><U40/><E34/><V35/><F117/><W47/><G122/><T132/><D106/><U30/><E102/><V59/><F111/><W123/><G123/><T120/><D110/><U53/><E109/><V25/><F127/><W93/><G129/><T99/><D120/><U104/><E104/><V87/><F46/><W112/><G112/><T70/><D131/><U100/><E100/><V76/><F76/><W116/><G116/><T90/><D8/><U84/><E75/><V23/><REACH who="2" step="1"/><F35/><REACH who="2" ten="269,240,201,270" step="2"/><W124/><G124/><T56/><D132/><U69/><E37/><V73/><F73/><W119/><G119/><T105/><D134/><U3/><E40/><V72/><F72/><W50/><G78/><T52/><D43/><U68/><E66/><AGARI ba="2,2" hai="11,14,17,21,22,23,24,25,59,60,66,81,87,88" machi="66" ten="40,5200,0" yaku="1,1,8,1,54,1,53,0" doraHai="26" doraHaiUra="101" who="2" fromWho="1" sc="269,0,240,-58,201,78,270,0" /><INIT seed="2,0,0,5,0,85" ten="269,182,279,270" oya="2" hai0="91,1,39,24,102,118,59,15,109,78,77,129,44" hai1="126,14,8,133,64,86,49,25,65,47,72,63,45" hai2="110,131,40,93,31,52,104,74,22,0,7,97,68" hai3="10,54,66,51,135,32,90,55,99,61,105,134,43"/><V48/><F104/><W6/><G32/><T107/><D1/><U19/><E72/><V13/><F74/><W53/><G105/><T122/><D122/><U11/><E126/><V56/><F68/><W35/><G35/><T4/><D109/><U117/><E117/><V33/><F33/><W119/><G119/><T58/><D107/><U20/><E133/><V95/><F131/><W28/><G28/><T103/><D39/><U98/><E11/><N who="2" m="4351" /><F0/><W123/><G123/><T82/><D44/><U23/><E23/><V36/><F36/><W106/><G106/><T113/><D113/><U100/><E86/><V18/><F110/><W50/><G43/><T84/><D24/><U46/><E49/><N who="3" m="18442" /><G66/><T27/><D27/><U92/><REACH who="1" step="1"/><E63/><REACH who="1" ten="269,172,279,270" step="2"/><V2/><F40/><W37/><G61/><T57/><D118/><U96/><E96/><V108/><F108/><W89/><G99/><T17/><D129/><U124/><E124/><V112/><F112/><W130/><G37/><T111/><D111/><U3/><E3/><V42/><F42/><W76/><G130/><T9/><REACH who="0" step="1"/><D4/><AGARI ba="0,1" hai="4,8,14,19,20,25,45,46,47,64,65,92,98,100" machi="4" ten="40,2600,0" yaku="1,1,8,1,53,0" doraHai="85" doraHaiUra="116" who="1" fromWho="0" sc="269,-26,172,36,279,0,270,0" /><INIT seed="3,0,0,0,3,40" ten="243,208,279,270" oya="3" hai0="55,39,67,37,2,127,1,106,22,33,56,20,77" hai1="48,130,88,131,36,87,62,54,134,101,124,15,72" hai2="5,8,112,11,3,35,28,38,111,81,110,115,69" hai3="82,30,27,80,10,100,63,18,121,98,60,123,95"/><W43/><G43/><T46/><D33/><U51/><E36/><V132/><F69/><W78/><G82/><T12/><D106/><U53/><E72/><V66/><F66/><W97/><G98/><T109/><D109/><N who="2" m="41482" /><F38/><W7/><G18/><T75/><D127/><U45/><E124/><V4/><F81/><W24/><G121/><T42/><D67/><U86/><E134/><V31/><F132/><W135/><G123/><T9/><D39/><U13/><E101/><V65/><F65/><W117/><G117/><T57/><D57/><U83/><E62/><V64/><F64/><W89/><G100/><T52/><D55/><U6/><E6/><V93/><F93/><W26/><G30/><N who="2" m="11305" /><F35/><W104/><G104/><T19/><D77/><U61/><E61/><V116/><F116/><W44/><G63/><T23/><REACH who="0" step="1"/><D75/><REACH who="0" ten="233,208,279,270" step="2"/><U118/><E118/><V126/><F126/><W74/><G135/><T92/><D92/><N who="1" m="54295" /><E131/><V59/><F59/><W128/><G128/><T16/><D16/><U120/><E130/><V84/><F84/><W99/><G99/><T34/><D34/><U129/><E129/><V21/><F115/><W119/><G119/><T90/><D90/><N who="1" m="51583" /><E120/><V133/><F133/><W79/><G79/><T0/><D0/><U102/><E102/><V25/><F112/><W91/><G91/><T70/><D70/><U58/><AGARI ba="0,1" hai="13,15,45,48,51,53,54,58" m="51583,54295" machi="58" ten="30,4000,0" yaku="8,1,52,1,54,1" doraHai="40" who="1" fromWho="1" sc="233,-10,208,50,279,-10,270,-20" /><INIT seed="4,0,0,4,4,120" ten="223,258,269,250" oya="0" hai0="30,51,19,21,24,39,130,105,88,102,55,31,16" hai1="35,113,122,69,87,125,119,61,59,60,91,128,4" hai2="0,9,23,28,75,124,20,5,44,134,77,43,80" hai3="56,135,114,103,36,129,64,46,132,111,48,98,93"/><T62/><D39/><U70/><E122/><V50/><F134/><N who="3" m="51243" /><G114/><T118/><D118/><U10/><E35/><V14/><F124/><W25/><G129/><T123/><D123/><U54/><E119/><V12/><F28/><N who="0" m="10794" /><D105/><U29/><E29/><V49/><F49/><W115/><G115/><T27/><D102/><U15/><E113/><V127/><F127/><W66/><G25/><N who="0" m="9803" /><D21/><U3/><E125/><V17/><F14/><W104/><G104/><T58/><D130/><U52/><E128/><V101/><F101/><W67/><G36/><T38/><D38/><U8/><E54/><V100/><F100/><W109/><G56/><N who="0" m="32895" /><D88/><U2/><E61/><V32/><F32/><W37/><G37/><T90/><D90/><U116/><E116/><V6/><F6/><W117/><G117/><T7/><D7/><U57/><E57/><V121/><F121/><W89/><G103/><T131/><D131/><U47/><E47/><V33/><F33/><W45/><G45/><T94/><D94/><U95/><E2/><V112/><F112/><W13/><G13/><T97/><D97/><U42/><E42/><AGARI ba="0,0" hai="42,46,48,64,66,67,89,93,98,109,111" m="51243" machi="42" ten="30,3900,0" yaku="20,1,52,2" doraHai="120" who="3" fromWho="1" sc="223,0,258,-39,269,0,250,39" /><INIT seed="5,0,0,2,5,10" ten="223,219,269,289" oya="1" hai0="67,1,78,127,88,126,30,128,124,89,117,47,7" hai1="33,104,17,20,94,32,35,90,14,125,91,62,41" hai2="99,134,44,96,110,18,60,75,81,86,29,34,87" hai3="73,19,0,102,109,132,123,129,55,76,26,56,64"/><U69/><E104/><V72/><F110/><W98/><G109/><T135/><D117/><U82/><E125/><V52/><F34/><W130/><G0/><T131/><D78/><U114/><E114/><V15/><F29/><W106/><G64/><T112/><D112/><U113/><E113/><V58/><F75/><W74/><G123/><T40/><D30/><U50/><E82/><V120/><F72/><W122/><G122/><T21/><D21/><U66/><REACH who="1" step="1"/><E94/><REACH who="1" ten="223,209,269,289" step="2"/><V3/><F120/><W108/><G108/><T16/><D124/><U77/><E77/><V27/><F134/><W103/><G76/><T22/><D135/><U2/><E2/><V133/><F3/><W54/><G132/><T59/><D1/><U107/><E107/><V49/><F133/><W97/><G106/><T6/><D127/><U92/><E92/><V8/><F27/><W11/><G26/><T46/><D126/><U71/><E71/><V43/><F86/><W70/><G70/><T68/><D68/><U12/><E12/><V61/><F61/><W111/><G111/><T31/><D128/><U83/><E83/><V38/><F60/><W79/><G73/><T37/><D131/><U63/><E63/><V115/><F115/><W84/><G74/><T101/><D7/><U5/><E5/><V9/><F96/><W121/><G121/><T36/><D6/><U25/><E25/><V48/><F99/><W95/><G129/><T93/><D93/><U116/><E116/><V105/><F105/><W45/><G95/><T42/><D101/><U24/><E24/><V80/><F81/><RYUUKYOKU ba="0,1" sc="223,-10,209,30,269,-10,289,-10" hai1="14,17,20,32,33,35,41,50,62,66,69,90,91" /><INIT seed="5,1,1,2,2,12" ten="213,239,259,279" oya="1" hai0="48,3,117,111,40,107,8,105,19,32,9,119,60" hai1="44,37,59,101,46,89,24,129,131,4,28,36,97" hai2="6,49,41,29,66,17,103,82,110,42,109,73,81" hai3="76,108,13,47,85,124,56,98,79,30,31,11,123"/><U80/><E4/><V1/><F103/><W14/><G123/><T90/><D111/><U52/><E89/><V120/><F120/><W113/><G124/><T84/><D32/><U68/><E80/><V121/><F121/><W127/><G127/><T78/><D78/><N who="3" m="29737" /><G113/><T10/><D3/><U65/><E65/><V74/><F29/><N who="3" m="10763" /><G108/><T62/><D105/><U58/><E58/><V38/><F38/><W102/><G47/><T133/><D107/><U87/><E87/><V23/><F6/><W39/><G39/><T0/><D0/><U35/><E68/><V106/><F106/><W130/><G130/><N who="1" m="49674" /><E37/><V22/><F66/><W115/><G115/><T55/><D84/><U118/><E118/><V88/><F1/><W100/><G85/><T63/><D117/><U33/><E33/><V43/><F49/><W132/><G56/><T27/><D119/><U75/><E75/><V116/><F116/><W94/><G100/><T77/><D48/><N who="1" m="31111" /><E36/><V112/><F112/><W15/><G132/><T26/><D133/><U91/><E91/><V34/><F34/><W71/><G71/><T99/><D90/><U122/><E122/><V72/><F72/><W104/><G104/><AGARI ba="1,1" hai="24,28,35,44,46,97,101,104" m="31111,49674" machi="104" ten="30,2900,0" yaku="19,1,54,1" doraHai="12" who="1" fromWho="3" sc="213,0,239,42,259,0,279,-32" /><INIT seed="5,2,0,0,3,104" ten="213,281,259,247" oya="1" hai0="103,2,123,83,11,65,125,106,133,24,51,126,22" hai1="99,73,56,21,95,94,75,85,134,107,35,57,25" hai2="70,97,113,120,117,72,77,6,18,92,20,135,3" hai3="58,13,110,90,49,36,127,102,1,122,105,131,130"/><U53/><E35/><V119/><F120/><W50/><G1/><T9/><D123/><U109/><E107/><V7/><F70/><W59/><G122/><T108/><D108/><U79/><E57/><N who="3" m="21514" /><G110/><T34/><D34/><U88/><E109/><V17/><F135/><W82/><G105/><T129/><D2/><U0/><E0/><V101/><F113/><W81/><G102/><T63/><D133/><U78/><E78/><V40/><F40/><W114/><G114/><T30/><D129/><N who="3" m="49161" /><G36/><T121/><D121/><U5/><E5/><V64/><F64/><W48/><G127/><N who="0" m="48651" /><D51/><U98/><E98/><V47/><F3/><W80/><G13/><T67/><D103/><U43/><E43/><V84/><F47/><W23/><G23/><T62/><D106/><U68/><E68/><V41/><F20/><W116/><G116/><T89/><D67/><U27/><E27/><V28/><F41/><W61/><G61/><N who="0" m="23051" /><D65/><U31/><E134/><V111/><F111/><W8/><G8/><T87/><AGARI ba="2,0" hai="9,11,22,24,30,83,87,89" m="23051,48651" machi="87" ten="30,1100,0" yaku="18,1" doraHai="104" who="0" fromWho="0" sc="213,17,281,-7,259,-5,247,-5" /><INIT seed="6,0,0,5,3,103" ten="230,274,254,242" oya="2" hai0="7,26,73,89,57,125,47,41,108,107,16,8,35" hai1="32,14,95,27,30,13,67,11,48,104,33,17,96" hai2="46,129,4,82,75,113,63,86,56,99,101,49,94" hai3="135,22,68,116,84,9,55,18,124,40,6,23,20"/><V120/><F120/><W111/><G116/><T54/><D108/><U131/><E67/><V109/><F113/><W85/><G111/><T38/><D73/><U81/><E104/><V25/><F109/><W76/><G68/><T44/><D125/><U0/><E81/><V15/><F129/><W83/><G124/><T64/><D64/><U97/><E97/><V134/><F134/><W1/><G135/><T79/><D79/><U58/><E131/><V133/><F133/><W42/><G18/><T102/><D89/><U93/><E32/><V72/><F25/><W98/><G55/><T60/><D41/><U88/><E95/><V127/><F127/><W21/><N who="3" m="5632" /><DORA hai="91" /><W126/><G126/><T29/><D38/><U119/><E119/><V53/><F15/><W45/><G98/><T61/><D16/><U71/><E71/><V10/><F10/><W34/><G34/><T5/><D5/><U87/><E96/><V69/><F4/><W80/><REACH who="3" step="1"/><G45/><REACH who="3" ten="230,274,254,232" step="2"/><T100/><D47/><U117/><E33/><V112/><F69/><W74/><G74/><T66/><D44/><U128/><E17/><V2/><F112/><W19/><G19/><T62/><D35/><U130/><E117/><V132/><F132/><W52/><G52/><T114/><D54/><U31/><E128/><V77/><F75/><W36/><G36/><T28/><D114/><U39/><E39/><V12/><F72/><W92/><G92/><T90/><D29/><U3/><E31/><V37/><F37/><W115/><G115/><T110/><D28/><U122/><E130/><V24/><F46/><RYUUKYOKU ba="0,1" sc="230,-10,274,-10,254,-10,232,30" hai3="1,6,9,40,42,76,80,83,84,85" /><INIT seed="7,1,1,1,0,97" ten="220,264,244,262" oya="3" hai0="123,85,79,134,104,62,29,89,6,22,118,92,64" hai1="100,83,10,24,130,65,82,40,66,27,60,112,14" hai2="78,23,111,103,2,96,20,91,69,132,80,77,71" hai3="44,13,72,5,126,36,75,56,21,59,54,110,25"/><W30/><G126/><T31/><D123/><U106/><E112/><V93/><F111/><W38/><G110/><T58/><D104/><U51/><E130/><V133/><F2/><W63/><G72/><T120/><D118/><U26/><E106/><V28/><F91/><W88/><G75/><T84/><D120/><U116/><E116/><V127/><F127/><W86/><G56/><T101/><D134/><N who="2" m="51818" /><F28/><N who="0" m="10826" /><D6/><U81/><E100/><V46/><F46/><W12/><G5/><T124/><D124/><U102/><E102/><V55/><F55/><W128/><G128/><T67/><D22/><N who="2" m="8234" /><F78/><W121/><G121/><T125/><D101/><U49/><E40/><V98/><F96/><W74/><G74/><AGARI ba="1,1" hai="69,71,74,77,80,93,98,103" m="8234,51818" machi="74" ten="30,2000,0" yaku="20,1,52,1" doraHai="97" who="2" fromWho="3" sc="220,0,264,0,244,33,262,-23" /><INIT seed="8,0,0,5,0,21" ten="220,264,277,239" oya="0" hai0="85,52,62,28,32,33,60,106,61,38,115,25,43" hai1="66,40,81,26,89,34,109,95,83,121,23,19,134" hai2="97,8,105,2,91,53,110,44,42,59,14,73,96" hai3="124,17,86,41,6,132,133,35,127,1,90,48,103"/><T50/><D106/><U18/><E109/><V7/><F73/><W80/><G35/><T15/><D115/><U102/><E121/><V77/><F77/><W12/><G103/><T56/><D15/><U68/><E102/><V49/><F110/><W79/><G1/><T129/><D129/><U82/><E34/><V11/><F105/><W87/><G6/><T104/><D104/><U92/><E40/><V45/><F45/><N who="3" m="25647" /><G86/><T126/><D126/><N who="3" m="48169" /><G79/><T39/><D43/><U113/><E134/><V51/><F91/><W0/><G0/><T94/><REACH who="0" step="1"/><D32/><REACH who="0" ten="210,264,277,239" step="2"/><U27/><E113/><V65/><F14/><W117/><G117/><T13/><D13/><U125/><E125/><V70/><F8/><AGARI ba="0,1" hai="8,12,17,80,87,90,132,133" m="48169,25647" machi="8" ten="30,1000,0" yaku="18,1" doraHai="21" who="3" fromWho="2" sc="210,0,264,0,277,-10,239,20" /><INIT seed="9,0,0,3,2,42" ten="210,264,267,259" oya="1" hai0="92,135,56,37,94,109,4,40,49,51,65,47,75" hai1="100,12,129,7,9,39,102,122,48,74,57,28,111" hai2="32,22,52,14,82,10,132,27,110,112,36,15,53" hai3="5,54,3,72,118,88,35,6,18,86,108,117,89"/><U95/><E39/><V34/><F110/><W97/><G108/><T11/><D109/><U80/><E111/><V68/><F68/><W66/><G72/><T2/><D135/><U19/><E122/><V41/><F15/><W33/><G66/><T76/><D51/><U29/><E129/><V31/><F82/><N who="3" m="49239" /><G18/><T46/><D56/><U125/><E125/><V17/><F132/><W30/><G30/><N who="1" m="11882" /><E74/><V8/><F112/><W134/><G134/><T127/><D65/><U119/><E119/><N who="3" m="45578" /><G54/><N who="0" m="30015" /><D127/><U85/><E95/><V91/><F34/><N who="3" m="12811" /><G3/><T126/><D126/><U107/><E19/><V123/><F123/><W124/><G124/><T104/><D104/><U61/><E107/><V128/><F128/><W121/><G121/><T23/><D23/><U16/><E7/><V63/><F32/><W113/><G113/><T25/><D25/><U62/><E62/><V43/><F63/><W55/><G55/><T130/><D130/><U13/><E13/><V83/><F10/><W81/><G81/><AGARI ba="0,0" hai="2,4,11,37,40,46,75,76,81,92,94" m="30015" machi="81" ten="30,3900,0" yaku="25,1,52,2" doraHai="42" who="0" fromWho="3" sc="210,39,264,0,267,0,259,-39" /><INIT seed="10,0,0,5,0,92" ten="249,264,267,220" oya="2" hai0="117,81,16,73,122,49,87,57,89,93,1,0,64" hai1="25,82,36,107,130,116,52,72,100,43,84,129,53" hai2="94,133,26,79,106,29,77,11,56,15,114,42,37" hai3="103,39,121,71,17,54,30,115,50,24,69,67,110"/><V14/><F114/><W132/><G110/><T108/><D108/><U88/><E72/><V47/><F106/><W118/><G115/><T119/><D122/><U40/><E116/><N who="0" m="44617" /><D16/><U66/><E66/><V128/><F128/><N who="1" m="49257" /><E25/><V124/><F124/><W112/><G112/><T83/><D49/><U3/><E3/><N who="0" m="1097" /><D73/><U134/><E134/><V31/><F133/><W98/><G132/><T61/><AGARI ba="0,0" hai="57,61,64,81,83,87,89,93" m="1097,44617" machi="61" ten="40,2700,0" yaku="16,1,12,1" doraHai="92" who="0" fromWho="0" sc="249,27,264,-7,267,-13,220,-7" /><INIT seed="11,0,0,5,3,5" ten="276,257,254,213" oya="3" hai0="103,9,31,26,132,128,39,92,124,122,14,27,74" hai1="89,28,120,29,121,91,21,35,123,61,40,76,2" hai2="101,116,6,58,70,109,73,33,48,12,37,3,41" hai3="49,110,119,105,47,10,17,53,117,75,114,42,93"/><W60/><G114/><T88/><D122/><U126/><E35/><V133/><F109/><W36/><G110/><T22/><D74/><U23/><E61/><V71/><F3/><W65/><G105/><T68/><D68/><U1/><E76/><V0/><F0/><N who="1" m="105" /><E40/><V99/><F73/><W44/><G75/><T51/><D39/><U20/><E126/><V125/><F125/><W97/><G65/><T113/><D113/><U46/><E46/><V108/><F116/><W50/><G36/><T64/><D64/><U102/><E102/><V72/><F72/><W134/><G60/><T38/><D103/><U80/><E80/><V96/><F108/><W85/><G85/><T135/><D38/><U127/><E127/><V84/><F33/><W16/><G17/><T55/><D124/><U18/><E18/><V118/><F118/><W131/><G131/><T32/><D128/><U104/><E104/><V43/><F133/><W79/><G134/><T130/><D130/><U57/><E57/><V54/><F84/><W67/><G67/><T94/><D135/><U81/><E81/><V90/><F90/><AGARI ba="0,0" hai="20,21,23,28,29,89,90,91,120,121,123" m="105" machi="90" ten="40,2600,0" yaku="28,2" doraHai="5" who="1" fromWho="2" sc="276,0,257,26,254,-26,213,0" owari="276,8.0,283,38.0,228,-17.0,213,-29.0" /></mjloggm>