<mjloggm ver="2.3"><GO type="169" lobby="0"/><UN n0="%E3%81%BE%E3%81%93%E3%81%95%E3%81%A8%76%65%72%32" n1="%E3%83%94%E3%82%B3%E3%83%9E%E3%82%B9%E3%83%86%E3%82%A3%E3%83%95" n2="%E7%92%BD%E7%94%B1%E6%A3%8B%E7%8E%8B" n3="%E5%B0%B1%E6%B4%BB%E7%94%9F%40%E5%B7%9D%E6%9D%91%E8%BB%8D%E5%9B%A3" dan="17,18,17,17" rate="2216.29,2183.52,2183.18,2232.29" sx="M,M,M,M"/><TAIKYOKU oya="0"/><INIT seed="0,0,0,4,4,49" ten="250,250,250,250" oya="0" hai0="34,128,97,43,103,11,120,57,44,64,54,122,10" hai1="86,105,91,127,81,111,113,88,12,0,71,9,67" hai2="110,60,33,31,118,68,108,40,87,2,93,135,16" hai3="100,107,62,134,17,101,69,56,21,77,125,37,8"/><T59/><D34/><U23/><E105/><V70/><F2/><W35/><G125/><T96/><D128/><U4/><E127/><V132/><F40/><W109/><G134/><N who="2" m="51241" /><F118/><W52/><G109/><N who="2" m="42089" /><F60/><W36/><G35/><T41/><D64/><U90/><E111/><V130/><F130/><W89/><G77/><T104/><D44/><U115/><E71/><V14/><F33/><W1/><G69/><T83/><D83/><U5/><E67/><V78/><F31/><W124/><G124/><T114/><D114/><N who="1" m="43531" /><E5/><V58/><F58/><W29/><G29/><T24/><D24/><U42/><E42/><V121/><F121/><W117/><G117/><T123/><D59/><U6/><E6/><V85/><F93/><W18/><G107/><T32/><D32/><U126/><E126/><V99/><F99/><W15/><G36/><T119/><D96/><U79/><E23/><N who="2" m="11671" /><F87/><W116/><G37/><T131/><D131/><U98/><E0/><V74/><F74/><W75/><G75/><T65/><D65/><U72/><E98/><V53/><F53/><W13/><G1/><T39/><D119/><U61/><E61/><V48/><F48/><W28/><G116/><T51/><D39/><U3/><E3/><V55/><F55/><W19/><G28/><T82/><D82/><AGARI ba="0,0" hai="4,9,12,72,79,81,82,86,88,90,91" m="43531" machi="82" ten="30,2000,0" yaku="11,1,54,1" doraHai="49" who="1" fromWho="0" sc="250,-20,250,20,250,0,250,0" /><AGARI ba="0,0" hai="68,70,78,82,85" m="11671,42089,51241" machi="82" ten="30,3900,0" yaku="20,1,14,1,54,1" doraHai="49" who="2" fromWho="0" sc="230,-39,270,0,250,39,250,0" /><INIT seed="1,0,0,2,1,71" ten="191,270,289,250" oya="1" hai0="109,52,84,70,44,113,35,123,24,4,64,38,66" hai1="43,69,96,103,56,67,133,6,83,87,121,22,73" hai2="65,51,50,98,26,129,55,47,106,34,19,135,21" hai3="88,86,124,79,97,120,59,11,99,42,107,115,101"/><U9/><E121/><V62/><F135/><W20/><G120/><T77/><D4/><U18/><E73/><V76/><F76/><W27/><G115/><T95/><D123/><U53/><E133/><V61/><F129/><W63/><G124/><T25/><D113/><U33/><E33/><V29/><F51/><W14/><G79/><T28/><D109/><U110/><E110/><V131/><F131/><W94/><G42/><T7/><D70/><U46/><E69/><V49/><F49/><W72/><G72/><T74/><D74/><U57/><E67/><V134/><F134/><W45/><G45/><T85/><D85/><U13/><E53/><V102/><REACH who="2" step="1"/><F65/><REACH who="2" ten="191,270,279,250" step="2"/><W104/><G104/><T75/><D66/><U3/><E43/><V23/><F23/><W128/><G128/><T117/><D77/><U112/><E112/><V60/><F60/><W31/><G107/><T89/><D64/><U125/><E46/><V5/><F5/><W15/><G63/><T82/><D7/><U132/><E132/><V118/><F118/><W40/><G59/><T37/><D117/><U68/><E68/><V8/><F8/><W30/><G11/><T36/><D75/><U127/><E127/><V41/><F41/><W122/><G40/><T116/><D116/><U111/><E125/><V0/><F0/><W16/><G122/><T126/><D126/><U32/><E111/><V2/><F2/><W130/><G130/><T39/><D39/><U119/><E119/><V90/><F90/><W10/><G10/><T12/><D36/><U114/><E114/><V78/><F78/><RYUUKYOKU ba="0,1" sc="191,-10,270,-10,279,30,250,-10" hai2="19,21,26,29,34,47,50,55,61,62,98,102,106" /><INIT seed="2,1,1,4,4,69" ten="181,260,309,240" oya="2" hai0="0,6,22,115,94,62,20,50,124,81,23,80,45" hai1="135,92,53,47,84,48,126,77,116,36,24,134,103" hai2="18,107,122,63,105,61,27,129,57,132,42,4,44" hai3="28,85,71,26,128,111,96,12,86,117,34,101,8"/><V33/><F122/><W1/><G117/><T102/><D115/><U67/><E116/><V97/><F132/><N who="1" m="50729" /><E126/><V15/><F129/><W13/><G128/><T95/><D124/><U90/><E67/><V32/><F4/><W35/><G111/><T68/><D68/><U46/><E24/><V89/><F63/><W75/><G75/><T65/><D0/><U104/><E77/><V7/><F7/><W16/><G71/><T40/><D6/><U110/><E110/><V58/><F58/><W114/><G114/><T133/><D133/><U130/><E130/><V127/><F127/><W31/><G1/><T21/><N who="0" m="5120" /><DORA hai="125" /><T59/><REACH who="0" step="1"/><D102/><REACH who="0" ten="171,260,309,240" step="2"/><U9/><E9/><V52/><F27/><W60/><G13/><T64/><D64/><U56/><E36/><V11/><F33/><W131/><G131/><T79/><D79/><U88/><E90/><V55/><F32/><W54/><G34/><T93/><AGARI ba="1,2" hai="40,45,50,59,62,65,80,81,93,94,95" m="5120" machi="93" ten="50,12000,2" yaku="1,1,0,1,8,1,53,3" doraHai="69,125" doraHaiUra="91,30" who="0" fromWho="0" sc="171,143,260,-31,309,-61,240,-31" /><INIT seed="3,0,0,1,5,38" ten="314,229,248,209" oya="3" hai0="36,79,12,65,49,31,107,71,3,80,97,28,112" hai1="7,93,111,41,96,59,75,78,16,63,119,82,50" hai2="87,88,86,60,106,122,133,118,44,104,84,27,56" hai3="128,91,19,131,130,6,39,55,113,53,5,52,30"/><W13/><G113/><T35/><D3/><U37/><E111/><V29/><F118/><W103/><G30/><T33/><D36/><U46/><E119/><V95/><F133/><W57/><G103/><T90/><D12/><U25/><E7/><V77/><F122/><W45/><G91/><T42/><D65/><U120/><E120/><V125/><F125/><W21/><REACH who="3" step="1"/><G57/><REACH who="3" ten="314,229,248,199" step="2"/><T40/><D90/><U68/><E68/><V81/><F56/><W72/><G72/><T83/><D71/><U67/><E37/><V134/><F29/><W47/><G47/><T70/><D70/><U126/><E126/><V115/><F44/><W69/><G69/><T110/><D28/><U124/><E124/><V58/><F88/><W132/><G132/><T32/><D31/><U11/><E96/><V129/><F134/><W17/><G17/><T98/><D97/><U26/><REACH who="1" step="1"/><E93/><REACH who="1" ten="314,219,248,199" step="2"/><V43/><F95/><W99/><G99/><T9/><D98/><U4/><E4/><V121/><F121/><W54/><N who="3" m="13824" /><DORA hai="15" /><W105/><G105/><T101/><D107/><U89/><E89/><V92/><F106/><W34/><G34/><T127/><D35/><U14/><AGARI ba="0,2" hai="11,14,16,25,26,41,46,50,59,63,67,75,78,82" machi="14" ten="30,8000,1" yaku="1,1,0,1,52,2,54,1,53,0" doraHai="38,15" doraHaiUra="135,117" who="1" fromWho="1" sc="314,-20,219,100,248,-20,199,-40" /><INIT seed="4,0,0,2,1,59" ten="294,319,228,159" oya="0" hai0="100,105,27,110,41,118,34,82,121,18,103,12,119" hai1="45,87,25,132,99,128,53,86,33,73,102,96,84" hai2="39,63,62,122,115,93,36,10,26,66,106,83,70" hai3="31,89,67,81,55,56,8,44,51,2,101,91,5"/><T72/><D121/><U61/><E73/><V17/><F122/><W107/><G31/><T125/><D125/><U21/><E33/><V64/><F106/><W38/><G107/><T15/><D110/><U6/><E128/><V76/><F93/><W37/><G101/><T13/><D41/><U123/><E123/><V20/><F10/><W32/><G32/><T108/><D108/><U114/><E132/><V69/><F115/><W68/><G38/><T4/><D4/><U112/><E6/><V14/><F26/><W74/><G68/><T22/><D34/><U117/><E117/><V134/><F134/><W50/><G50/><T98/><REACH who="0" step="1"/><D103/><REACH who="0" ten="284,319,228,159" step="2"/><U94/><E112/><V16/><REACH who="2" step="1"/><F17/><REACH who="2" ten="284,319,218,159" step="2"/><W92/><G5/><T88/><D88/><U54/><E114/><V58/><F58/><W120/><G89/><T78/><AGARI ba="0,2" hai="12,13,15,18,22,27,72,78,82,98,100,105,118,119" machi="78" ten="30,6000,0" yaku="1,1,0,1,53,1" doraHai="59" doraHaiUra="104" who="0" fromWho="0" sc="284,80,319,-20,218,-20,159,-20" /><INIT seed="4,1,0,0,0,38" ten="364,299,198,139" oya="0" hai0="97,53,130,121,40,128,109,106,56,117,132,69,7" hai1="48,103,79,6,5,18,111,34,46,52,82,30,32" hai2="0,98,101,44,123,65,41,55,51,126,67,90,68" hai3="64,2,110,71,66,50,54,108,99,47,125,39,119"/><T37/><D7/><U11/><E111/><V89/><F123/><W95/><G2/><T13/><D13/><U1/><E5/><V114/><F126/><W77/><G119/><T43/><D117/><U102/><E18/><V131/><F131/><N who="0" m="50218" /><D69/><U122/><E122/><V29/><F0/><W94/><G125/><T96/><D37/><U59/><E30/><V21/><F114/><W20/><G77/><T104/><D121/><U112/><E112/><V17/><F29/><W10/><G10/><T127/><D127/><U72/><REACH who="1" step="1"/><E59/><REACH who="1" ten="364,289,198,139" step="2"/><V81/><F17/><W113/><G113/><T134/><D109/><U60/><E60/><V120/><F68/><W135/><G71/><T49/><D106/><U73/><E73/><V26/><F120/><W3/><G110/><T4/><D4/><U36/><E36/><V27/><F27/><W124/><G108/><T14/><D14/><U84/><E84/><V12/><F12/><W19/><G124/><T75/><D75/><U76/><E76/><V28/><F28/><W9/><G3/><T58/><D58/><U115/><E115/><V25/><F25/><W118/><G118/><T22/><D22/><U33/><AGARI ba="1,1" hai="1,6,11,32,33,34,46,48,52,72,79,82,102,103" machi="33" ten="30,7900,0" yaku="1,1,0,1,54,1,53,1" doraHai="38" doraHaiUra="107" who="1" fromWho="1" sc="364,-40,289,92,198,-21,139,-21" /><INIT seed="5,0,0,2,0,44" ten="324,381,177,118" oya="1" hai0="130,109,10,81,57,119,25,40,88,122,42,62,30" hai1="59,38,126,110,129,66,133,34,128,95,112,33,76" hai2="2,6,74,8,45,121,97,87,117,32,125,37,61" hai3="14,55,85,104,134,58,41,92,20,71,4,21,64"/><U0/><E0/><V43/><F121/><W47/><G104/><T46/><D109/><U108/><E38/><V18/><F125/><W39/><G134/><T111/><D111/><N who="1" m="42539" /><E76/><V70/><F117/><W29/><G29/><T49/><D130/><N who="1" m="50283" /><E126/><V48/><F37/><W17/><G4/><T96/><D119/><U79/><E79/><V106/><F74/><W73/><G73/><T65/><D122/><U23/><E133/><V26/><F87/><W116/><G116/><T101/><D10/><U98/><E23/><V107/><F8/><W103/><G21/><T72/><D72/><U82/><E82/><V113/><F2/><W9/><G9/><T51/><D101/><N who="1" m="60639" /><E112/><V135/><F113/><W15/><G15/><T90/><D81/><U80/><E80/><V24/><F135/><W84/><G103/><T19/><D96/><U13/><E13/><V115/><F97/><W99/><G99/><T75/><D75/><U77/><E77/><V60/><F115/><W11/><G11/><T53/><D19/><U118/><E118/><V63/><F18/><W78/><G78/><T35/><REACH who="0" step="1"/><D40/><REACH who="0" ten="314,381,177,118" step="2"/><U102/><E102/><V1/><F43/><W7/><G7/><T86/><D86/><U69/><E69/><AGARI ba="0,1" hai="25,30,35,42,46,49,51,53,57,62,65,69,88,90" machi="69" ten="30,12000,2" yaku="1,1,7,1,52,2,54,1,53,1" doraHai="44" doraHaiUra="31" who="0" fromWho="1" sc="314,130,381,-120,177,0,118,0" /><INIT seed="6,0,0,3,5,28" ten="444,261,177,118" oya="2" hai0="102,71,95,44,52,121,129,34,32,41,132,53,13" hai1="113,104,57,135,103,76,11,29,88,8,117,67,93" hai2="20,37,36,69,45,133,87,116,2,61,86,43,50" hai3="74,17,58,94,16,99,82,39,105,63,101,80,89"/><V14/><F116/><W5/><G39/><T24/><D71/><U128/><E117/><V56/><F2/><W97/><G5/><T25/><D121/><U31/><E76/><V64/><F133/><W107/><G107/><T66/><D66/><U81/><E104/><V48/><F37/><W70/><G70/><T62/><D62/><N who="1" m="38351" /><E113/><V111/><F111/><W7/><G7/><T84/><D13/><U55/><E55/><N who="2" m="31863" /><F48/><W19/><REACH who="3" step="1"/><G74/><REACH who="3" ten="444,261,177,108" step="2"/><T118/><D118/><U60/><E135/><V109/><F109/><W134/><G134/><T33/><D132/><U110/><E110/><V3/><F3/><W23/><G23/><T83/><D129/><U27/><E128/><V15/><F20/><W120/><G120/><T75/><D75/><U26/><E8/><V112/><F112/><W59/><G59/><T1/><D1/><U126/><E11/><V9/><F9/><W122/><G122/><T18/><D44/><U35/><E35/><V131/><F131/><W124/><G124/><T73/><D33/><U51/><E126/><V119/><F119/><W49/><G49/><T22/><D34/><U47/><E51/><V130/><F130/><W91/><G91/><T4/><D4/><U79/><E88/><V125/><F125/><W30/><G30/><T0/><D73/><U68/><E68/><V92/><F69/><W96/><G96/><T127/><D0/><U54/><E47/><V114/><F114/><W10/><G10/><T46/><D46/><U115/><E115/><V85/><F45/><W72/><G72/><T38/><D127/><U42/><E31/><RYUUKYOKU ba="0,1" sc="444,-10,261,-10,177,-10,108,30" hai3="16,17,19,58,63,80,82,89,94,97,99,101,105" /><INIT seed="7,1,1,2,2,120" ten="434,251,167,138" oya="3" hai0="104,79,82,35,133,45,78,57,72,113,121,31,61" hai1="52,29,53,100,5,92,49,38,55,0,47,8,41" hai2="112,56,27,125,103,127,18,77,116,119,101,135,126" hai3="99,128,94,129,43,59,7,64,114,111,83,24,108"/><W1/><G114/><T11/><D104/><U89/><E29/><V22/><F112/><W60/><G43/><T131/><D78/><U23/><E100/><N who="2" m="38475" /><F77/><W67/><G67/><T54/><D133/><U42/><E23/><V98/><F98/><W70/><G70/><T86/><D131/><N who="3" m="50249" /><G83/><T32/><D72/><U15/><E0/><V96/><F96/><W37/><G37/><T85/><D85/><N who="1" m="52271" /><E38/><V40/><F135/><W44/><G44/><T74/><D45/><N who="1" m="25783" /><E41/><V14/><F40/><W109/><G24/><T19/><D82/><U130/><E130/><V4/><F56/><W80/><G80/><T87/><D54/><U50/><AGARI ba="1,1" hai="5,8,15,47,50,52,53,55" m="25783,52271" machi="50" ten="30,2000,0" yaku="8,1,54,1" doraHai="120" who="1" fromWho="1" sc="434,-6,251,33,167,-6,138,-11" owari="428,53.0,284,8.0,161,-24.0,127,-37.0" /></mjloggm>