<mjloggm ver="2.3"><GO type="225" lobby="0"/><UN n0="%4D%72%2E%6E%69%6B%75%39" n1="%E3%83%88%E3%83%88%E3%83%AA%E5%85%88%E7%94%9F%31%39%E6%AD%B3" n2="%E5%A3%87%E2%98%86%E8%9C%9C" n3="%74%61%74%73%75%37%30%32" dan="17,17,17,17" rate="2180.92,2159.21,2180.42,2271.79" sx="M,F,M,M"/><TAIKYOKU oya="0"/><INIT seed="0,0,0,1,2,44" ten="250,250,250,250" oya="0" hai0="71,101,21,2,78,90,129,4,95,60,96,37,70" hai1="102,62,57,117,77,7,26,17,64,51,50,110,61" hai2="63,47,23,24,10,106,111,75,29,42,135,91,126" hai3="13,125,56,88,118,52,30,0,27,53,80,131,109"/><T41/><D129/><U18/><E117/><V79/><F106/><W107/><G118/><T45/><D78/><U28/><E110/><V33/><F33/><W94/><G107/><T116/><D116/><U103/><E77/><V92/><F111/><W85/><G109/><T22/><D60/><U9/><E62/><V66/><F135/><W82/><G0/><T16/><D22/><N who="1" m="15447" /><E7/><V32/><F32/><W99/><G131/><T3/><D101/><N who="1" m="38411" /><E9/><V31/><F10/><W67/><G125/><T114/><D114/><U40/><E40/><V38/><F126/><W76/><G82/><T130/><D130/><U93/><E93/><V108/><F108/><W14/><G67/><T112/><D112/><U86/><E86/><V12/><F79/><W104/><G104/><T49/><D4/><U5/><E5/><V123/><F75/><W48/><G53/><T15/><REACH who="0" step="1"/><D37/><REACH who="0" ten="240,250,250,250" step="2"/><U122/><E122/><V8/><F63/><W65/><G65/><T43/><D43/><U39/><E39/><V133/><F66/><W121/><G121/><T11/><D11/><U36/><E36/><V132/><F123/><W34/><AGARI ba="0,1" hai="13,14,27,30,34,48,52,56,76,80,85,88,94,99" machi="34" ten="20,8000,1" yaku="0,1,7,1,52,1,54,2" doraHai="44" who="3" fromWho="3" sc="240,-40,250,-20,250,-20,250,90" /><INIT seed="1,0,0,5,2,5" ten="200,230,230,340" oya="1" hai0="7,32,14,84,64,113,44,103,54,43,19,85,27" hai1="17,9,122,23,130,53,79,58,114,16,55,22,41" hai2="102,106,119,118,37,13,6,87,121,72,63,25,133" hai3="109,125,128,98,65,62,38,117,100,45,42,39,116"/><U94/><E114/><V34/><F72/><W29/><G109/><T52/><D113/><U51/><E122/><V49/><F37/><W67/><G125/><T50/><D64/><U18/><E130/><V108/><F108/><W30/><G128/><T110/><D110/><U105/><E105/><V8/><F121/><W59/><G67/><T31/><D7/><U81/><E41/><V1/><F133/><W68/><G59/><T111/><D111/><U97/><E53/><V11/><F63/><W134/><G38/><T99/><D54/><U77/><E9/><V123/><F49/><W104/><G134/><T56/><D99/><U80/><E80/><V40/><F40/><W47/><G47/><T12/><D103/><U86/><REACH who="1" step="1"/><E79/><REACH who="1" ten="200,220,230,340" step="2"/><V126/><F123/><W96/><G117/><T61/><D14/><U82/><E82/><V46/><F118/><W26/><G116/><T78/><REACH who="0" step="1"/><D78/><REACH who="0" ten="190,220,230,340" step="2"/><U57/><E57/><V69/><F13/><W124/><G65/><T48/><D48/><U75/><E75/><V107/><F119/><W20/><G39/><T129/><D129/><U127/><E127/><V60/><F126/><W120/><G124/><T74/><D74/><U0/><E0/><V132/><F1/><W24/><G120/><T71/><D71/><U88/><AGARI ba="0,2" hai="16,17,18,22,23,51,55,58,77,81,86,88,94,97" machi="88" ten="30,12000,1" yaku="1,1,0,1,8,1,54,2,53,0" doraHai="5" doraHaiUra="4" who="1" fromWho="1" sc="190,-40,220,140,230,-40,340,-40" /><INIT seed="1,1,0,2,1,36" ten="150,360,190,300" oya="1" hai0="89,110,72,16,35,43,83,107,127,63,90,59,12" hai1="94,84,104,34,1,96,79,3,135,112,39,38,115" hai2="25,92,65,71,129,9,7,68,31,70,4,130,11" hai3="54,88,123,118,51,60,116,30,27,44,133,95,50"/><U13/><E34/><V113/><F65/><W117/><G123/><T29/><D107/><U73/><E135/><V17/><F17/><W14/><G14/><T66/><D110/><U26/><E26/><V24/><F92/><W119/><N who="3" m="29696" /><DORA hai="48" /><W125/><G125/><T18/><D127/><U15/><E104/><V93/><F93/><W19/><G19/><T40/><D35/><U131/><E94/><V80/><F80/><W91/><G133/><T62/><D29/><U37/><E84/><V86/><F86/><N who="3" m="52631" /><G91/><N who="0" m="34827" /><D72/><U41/><E96/><V74/><F74/><W22/><G51/><T53/><D83/><U45/><E38/><V78/><F78/><W77/><G60/><T57/><D18/><U0/><E0/><V32/><F113/><W87/><G87/><T10/><AGARI ba="1,0" hai="10,12,16,40,43,53,57,59,62,63,66" m="34827" machi="10" ten="30,8000,1" yaku="8,1,52,3,54,1" doraHai="36,48" who="0" fromWho="0" sc="150,83,360,-41,190,-21,300,-21" /><INIT seed="2,0,0,5,1,19" ten="233,319,169,279" oya="2" hai0="53,23,18,112,75,85,66,132,134,111,7,37,133" hai1="69,4,80,90,63,83,117,26,67,73,34,113,10" hai2="9,16,119,1,129,27,72,127,50,0,123,89,15" hai3="84,46,87,36,54,99,88,45,29,103,114,78,48"/><V94/><F72/><W121/><G121/><T104/><D111/><U130/><E113/><V101/><F123/><W40/><G114/><T68/><D112/><U82/><E117/><V41/><F119/><W56/><G78/><T47/><D75/><U126/><E130/><V13/><F129/><W98/><G29/><T43/><D104/><U86/><E126/><V12/><F101/><W93/><REACH who="3" step="1"/><G46/><REACH who="3" ten="233,319,169,269" step="2"/><T38/><D47/><U39/><E73/><V135/><F127/><W92/><AGARI ba="0,1" hai="36,40,45,48,54,56,84,87,88,92,93,98,99,103" machi="92" ten="20,8000,1" yaku="1,1,2,1,0,1,7,1,54,1,53,0" doraHai="19" doraHaiUra="128" who="3" fromWho="3" sc="233,-20,319,-20,169,-40,269,90" /><INIT seed="3,0,0,3,2,29" ten="213,299,129,359" oya="3" hai0="44,90,26,93,4,114,70,133,120,91,72,54,21" hai1="124,104,108,103,42,60,22,100,30,53,56,34,128" hai2="79,121,101,41,71,48,52,67,10,8,105,132,99" hai3="118,38,25,65,37,126,81,86,117,61,39,78,76"/><W12/><G12/><T94/><D70/><U80/><E108/><V49/><F132/><W122/><G122/><T87/><D120/><U113/><E113/><V0/><F121/><W46/><G126/><T15/><D72/><U59/><E124/><V23/><F79/><W73/><G78/><T62/><D114/><U111/><E111/><V110/><F110/><W127/><G127/><T131/><D131/><U109/><E109/><V51/><F0/><W135/><G135/><T96/><D133/><U63/><E128/><V55/><F41/><N who="3" m="22831" /><G25/><T20/><D44/><U33/><E42/><V75/><F75/><W74/><G86/><T9/><D26/><U98/><E80/><V134/><F134/><W6/><G6/><T14/><D14/><U43/><E43/><V116/><F116/><N who="3" m="44651" /><G74/><T115/><D115/><U40/><E40/><V3/><F23/><W85/><G85/><T2/><D2/><U88/><E88/><V125/><F125/><W123/><G123/><T82/><D82/><U97/><E22/><V50/><N who="2" m="12288" /><DORA hai="19" /><V57/><F57/><AGARI ba="0,0" hai="4,9,15,20,21,54,57,62,87,90,91,93,94,96" machi="57" ten="40,5200,0" yaku="8,1,52,2" doraHai="29,19" who="0" fromWho="2" sc="213,52,299,0,129,-52,359,0" owari="265,-13.0,299,10.0,77,-42.0,359,45.0" /></mjloggm>