<mjloggm ver="2.3"><GO type="169" lobby="0"/><UN n0="%6A%64%75%68%67%72%79%32" n1="%E3%81%8C%E3%81%B6%E3%82%8A%E5%AF%84%E3%82%8A" n2="%E3%82%A6%E3%83%AB%E3%83%88%E3%83%A9%E7%AB%8B%E7%9B%B4" n3="%E5%B0%B1%E6%B4%BB%E7%94%9F%40%E5%B7%9D%E6%9D%91%E8%BB%8D%E5%9B%A3" dan="16,16,16,17" rate="2096.49,2064.50,2108.87,2210.83" sx="M,M,M,M"/><TAIKYOKU oya="0"/><INIT seed="0,0,0,4,5,20" ten="250,250,250,250" oya="0" hai0="113,55,8,2,53,83,117,84,7,39,104,121,97" hai1="28,69,5,59,78,56,122,23,36,62,3,106,108" hai2="110,11,68,90,61,118,14,32,81,134,9,98,128" hai3="52,107,65,125,135,74,37,94,72,100,132,45,93"/><T129/><D113/><U51/><E36/><V4/><F110/><W12/><G37/><T40/><D117/><U16/><E106/><V29/><F118/><W96/><G65/><T0/><D121/><U38/><E38/><V19/><F128/><W131/><G12/><T50/><D129/><U102/><E102/><V71/><F134/><N who="3" m="51243" /><G131/><T10/><D39/><U66/><E122/><V79/><F61/><W116/><G116/><T35/><D35/><U92/><E108/><V46/><F90/><W44/><G44/><T13/><D97/><U17/><E3/><V64/><F98/><W114/><G125/><T115/><D104/><U130/><E5/><V60/><F46/><W34/><G34/><T80/><D115/><U30/><E130/><V119/><F119/><W99/><G114/><T63/><D40/><U15/><E92/><N who="3" m="35434" /><G96/><T42/><D42/><U27/><E78/><V75/><F71/><W43/><G43/><T24/><D2/><U88/><E88/><V103/><F103/><W31/><G31/><T109/><D109/><U73/><E73/><V85/><F75/><W87/><G87/><T22/><D84/><U77/><E77/><V26/><REACH who="2" step="1"/><F4/><REACH who="2" ten="250,250,240,250" step="2"/><W120/><G120/><T124/><D7/><U47/><E69/><V76/><F76/><W126/><G126/><T95/><D124/><U67/><E47/><V105/><F105/><W49/><AGARI ba="0,1" hai="45,49,52,72,74,99,100,107" m="35434,51243" machi="49" ten="30,2000,0" yaku="20,1,54,1" doraHai="20" who="3" fromWho="3" sc="250,-10,250,-5,240,-5,250,30" /><INIT seed="1,0,0,4,5,53" ten="240,245,235,280" oya="1" hai0="71,50,55,102,124,114,14,70,99,135,41,30,92" hai1="105,54,31,88,101,122,82,3,80,132,120,98,69" hai2="85,37,109,96,56,28,44,59,33,12,63,34,134" hai3="130,125,0,18,91,74,94,60,89,61,78,13,129"/><U104/><E3/><V75/><F75/><W116/><G0/><T81/><D114/><U42/><E69/><V76/><F109/><W16/><G125/><T57/><D124/><U119/><E42/><V107/><F134/><W27/><G116/><T39/><D135/><U86/><E31/><V97/><F107/><W20/><G78/><T48/><D39/><U90/><E132/><V4/><F34/><W40/><G40/><T127/><D127/><U29/><E29/><V68/><F68/><W83/><G83/><T115/><D115/><U24/><E24/><V58/><F44/><W9/><G74/><T8/><D30/><U133/><E133/><V7/><F37/><W26/><G26/><T25/><D25/><U2/><E2/><V21/><F33/><W52/><G61/><T65/><D65/><U126/><E54/><V67/><F28/><W110/><G110/><T66/><D66/><U15/><E15/><V117/><F117/><W113/><G113/><T95/><D81/><U111/><E126/><V79/><F7/><W103/><G103/><T108/><D95/><N who="1" m="58591" /><E119/><V77/><F85/><W32/><G32/><T38/><D38/><U35/><E35/><V43/><F43/><W72/><G72/><T131/><D108/><U49/><E49/><V121/><F121/><N who="1" m="46697" /><E111/><V62/><F67/><W123/><G123/><T45/><REACH who="0" step="1"/><D131/><REACH who="0" ten="230,245,235,280" step="2"/><N who="3" m="50185" /><G94/><T23/><D23/><U47/><E47/><V19/><F4/><AGARI ba="0,1" hai="4,8,14,41,45,48,50,55,57,70,71,92,99,102" machi="4" ten="30,7700,0" yaku="1,1,7,1,52,1,53,1" doraHai="53" doraHaiUra="1" who="0" fromWho="2" sc="230,87,245,0,235,-77,280,0" /><INIT seed="2,0,0,4,5,128" ten="317,245,158,280" oya="2" hai0="86,53,123,105,0,50,20,116,54,63,1,93,99" hai1="120,52,109,28,78,70,49,35,75,38,114,91,117" hai2="96,72,97,134,101,47,21,31,130,104,42,133,34" hai3="5,82,81,12,77,4,68,71,64,66,127,132,19"/><V122/><F21/><W11/><G127/><T69/><D123/><U115/><E38/><N who="2" m="21975" /><F122/><W25/><G132/><N who="2" m="50793" /><F130/><W58/><G71/><T41/><D86/><U102/><E120/><V24/><F97/><W45/><G68/><T118/><D105/><U3/><E3/><V135/><N who="2" m="50801" /><V6/><DORA hai="87" /><F6/><W84/><G45/><T92/><D92/><U88/><E102/><V98/><F98/><W40/><G40/><T89/><D41/><U15/><E15/><V22/><F22/><W14/><G58/><N who="0" m="35279" /><D69/><U65/><E28/><V55/><F55/><W90/><G25/><T23/><D1/><U27/><E27/><V95/><F72/><W73/><G5/><T10/><D0/><U29/><E29/><V107/><AGARI ba="0,0" hai="24,31,34,95,96,101,104,107" m="50801,21975" machi="107" ten="40,12000,1" yaku="20,1,52,4" doraHai="128,87" who="2" fromWho="2" sc="317,-40,245,-40,158,120,280,-40" /><INIT seed="2,1,0,4,0,36" ten="277,205,278,240" oya="2" hai0="46,12,118,128,58,27,52,99,86,20,122,40,69" hai1="64,92,89,115,43,24,34,74,73,77,59,21,67" hai2="85,121,7,10,39,129,57,119,35,47,96,94,71" hai3="9,19,11,95,23,4,26,56,60,65,13,111,75"/><V63/><F35/><W120/><G120/><T66/><D122/><U110/><E34/><V107/><F121/><W49/><G75/><T61/><D128/><U123/><E115/><V90/><F129/><W82/><G111/><T29/><D118/><U48/><E123/><V130/><F130/><W88/><G82/><T6/><D99/><U112/><E112/><V124/><F124/><W125/><G125/><T8/><D86/><U55/><E110/><V70/><F119/><W30/><G49/><N who="0" m="26823" /><D69/><U54/><E73/><V14/><F107/><W127/><G127/><T0/><D0/><U76/><E55/><AGARI ba="1,0" hai="6,8,12,20,27,29,52,55,58,61,66" m="26823" machi="55" ten="30,3900,0" yaku="8,1,52,1,54,1" doraHai="36" who="0" fromWho="1" sc="277,42,205,-42,278,0,240,0" /><INIT seed="3,0,0,5,4,4" ten="319,163,278,240" oya="3" hai0="62,97,114,99,93,14,95,80,44,75,119,21,118" hai1="63,26,35,29,27,32,23,5,101,53,41,88,72" hai2="81,37,42,133,111,7,116,134,124,69,121,59,89" hai3="96,39,58,45,135,132,30,66,2,105,17,77,9"/><W28/><G77/><T13/><D114/><U108/><E72/><V31/><F89/><W18/><G105/><T8/><D44/><U0/><E41/><V48/><F81/><W86/><G96/><T85/><D75/><U74/><E74/><V60/><F31/><N who="3" m="11819" /><G86/><T127/><D127/><U104/><E27/><V82/><F82/><W67/><G45/><T22/><D62/><U68/><E108/><V91/><F60/><W90/><G90/><N who="0" m="55479" /><D14/><U40/><E40/><V19/><F91/><W73/><G39/><T94/><D119/><U122/><E122/><V57/><F42/><W123/><G123/><T55/><D55/><U113/><E113/><V20/><F37/><W70/><G70/><T24/><D24/><U49/><E101/><V71/><F69/><W125/><G125/><T34/><D34/><U102/><E102/><V47/><F71/><W52/><G73/><T76/><D118/><U11/><E104/><V64/><F116/><W43/><G43/><T129/><D129/><U16/><E29/><V56/><F124/><W130/><G130/><T36/><D36/><U79/><E79/><V12/><F121/><W10/><G132/><T103/><D95/><U128/><E128/><V38/><F38/><W117/><G135/><T33/><D33/><U3/><E3/><V107/><F107/><W98/><G98/><T1/><D1/><U50/><E88/><V120/><F120/><W25/><G2/><T6/><AGARI ba="0,0" hai="6,8,13,21,22,76,80,85,94,99,103" m="55479" machi="6" ten="30,2000,0" yaku="8,1,52,1" doraHai="4" who="0" fromWho="0" sc="319,20,163,-5,278,-5,240,-10" /><INIT seed="4,0,0,4,5,132" ten="339,158,273,230" oya="0" hai0="24,27,109,64,77,1,97,106,82,91,95,53,112" hai1="58,14,120,65,42,35,51,127,79,23,3,83,45" hai2="46,68,84,119,103,72,99,32,17,61,88,6,33" hai3="122,16,116,104,101,89,63,81,31,59,36,30,94"/><T71/><D112/><U126/><E35/><V9/><F72/><W102/><G116/><T44/><D109/><U70/><E3/><V29/><F119/><W10/><G36/><T47/><D1/><U62/><E120/><V92/><F17/><W43/><G43/><T66/><D106/><U18/><REACH who="1" step="1"/><E70/><REACH who="1" ten="339,148,273,230" step="2"/><V48/><F33/><W74/><G122/><T128/><D71/><U78/><E78/><V69/><F68/><W52/><G104/><T110/><D77/><U111/><E111/><V54/><F32/><W107/><G107/><T105/><D105/><U37/><E37/><V38/><F38/><W108/><G108/><T121/><D110/><U2/><E2/><V13/><F69/><W76/><G101/><T125/><D121/><U96/><E96/><V41/><F103/><W113/><G102/><T100/><D97/><U85/><AGARI ba="0,1" hai="14,18,23,42,45,51,58,62,65,79,83,85,126,127" machi="85" ten="30,7900,0" yaku="1,1,0,1,52,2,53,0" doraHai="132" doraHaiUra="118" who="1" fromWho="1" sc="339,-39,148,89,273,-20,230,-20" /><INIT seed="5,0,0,1,3,125" ten="300,237,253,210" oya="1" hai0="119,130,5,49,16,105,78,112,11,2,22,126,89" hai1="43,118,0,123,1,66,10,87,19,60,63,24,51" hai2="84,29,90,46,120,81,18,92,41,79,116,73,85" hai3="35,61,40,56,110,9,57,32,17,25,67,115,27"/><U45/><E123/><V42/><F120/><W82/><G110/><T121/><D105/><U72/><E72/><V80/><F116/><W88/><G115/><T133/><D78/><U34/><E118/><V98/><F29/><W6/><G40/><T100/><D100/><U54/><E43/><V122/><F122/><W23/><G57/><T97/><D121/><U48/><E48/><V77/><F18/><W33/><G27/><T30/><D30/><U12/><E60/><V113/><F113/><W28/><G82/><T104/><D119/><U38/><E38/><V75/><REACH who="2" step="1"/><F41/><REACH who="2" ten="300,237,243,210" step="2"/><W107/><G107/><T36/><D16/><U111/><E111/><V13/><F13/><W96/><G28/><T68/><D104/><U3/><E24/><V124/><F124/><W21/><G21/><T65/><D22/><U114/><E114/><V117/><F117/><W59/><G6/><T134/><D5/><U26/><E26/><V69/><F69/><W109/><G9/><T93/><D68/><U128/><E34/><V83/><F83/><W37/><G109/><T108/><D11/><U7/><E7/><V8/><F8/><W39/><REACH who="3" step="1"/><G56/><REACH who="3" ten="300,237,243,200" step="2"/><T95/><D108/><U76/><E76/><V64/><F64/><W15/><G15/><T50/><D65/><U86/><REACH who="1" step="1"/><E128/><REACH who="1" ten="300,227,243,200" step="2"/><V131/><F131/><W94/><AGARI ba="0,3" hai="17,23,25,32,33,35,37,39,59,61,67,88,94,96" machi="94" ten="40,5200,0" yaku="1,1,0,1,54,1,53,0" doraHai="125" doraHaiUra="132" who="3" fromWho="3" sc="300,-13,227,-26,243,-13,200,82" /><INIT seed="6,0,0,1,3,79" ten="287,201,230,282" oya="2" hai0="99,92,121,44,96,70,122,100,105,73,95,21,16" hai1="52,7,134,20,103,47,106,36,76,6,114,77,85" hai2="15,66,90,81,55,123,40,108,30,68,57,34,3" hai3="51,91,14,93,22,118,124,41,116,45,126,117,8"/><V110/><F3/><W115/><G115/><T125/><D70/><U43/><E114/><V19/><F123/><W130/><G130/><T42/><D73/><U67/><E67/><V4/><F4/><W50/><G22/><T97/><D125/><N who="3" m="48233" /><G51/><T83/><D83/><U82/><E134/><V33/><F40/><W32/><G32/><T10/><D10/><U71/><E71/><V131/><F131/><W64/><G64/><T133/><D105/><U38/><E38/><V35/><F30/><W24/><G24/><T58/><D58/><U2/><E2/><V26/><F26/><W60/><G60/><T25/><D99/><U28/><E76/><V62/><F66/><W53/><G41/><T54/><D54/><U12/><E28/><V98/><F68/><W48/><G48/><T13/><D25/><U127/><E127/><V87/><REACH who="2" step="1"/><F98/><REACH who="2" ten="287,201,220,282" step="2"/><N who="3" m="57663" /><G117/><T49/><D133/><U69/><E69/><V86/><F86/><W94/><G118/><T102/><AGARI ba="0,1" hai="13,16,21,42,44,49,92,95,96,97,100,102,121,122" machi="102" ten="20,5200,0" yaku="0,1,7,1,9,1,54,1" doraHai="79" who="0" fromWho="0" sc="287,62,201,-13,220,-26,282,-13" /><INIT seed="7,0,0,2,4,123" ten="349,188,194,269" oya="3" hai0="77,66,107,125,122,27,33,75,50,56,70,48,12" hai1="96,85,54,95,53,18,80,40,34,131,23,113,71" hai2="105,21,99,0,108,3,89,35,7,26,94,119,134" hai3="29,5,117,72,58,116,6,16,67,63,42,82,8"/><W36/><G29/><T61/><D122/><U64/><E34/><V2/><F108/><W109/><G109/><T59/><D107/><U88/><E113/><V110/><F110/><W55/><G6/><T76/><D125/><U115/><E115/><V101/><F119/><W39/><G39/><T68/><D12/><U17/><E131/><V60/><F60/><W104/><G104/><T25/><D61/><U10/><E40/><V43/><F43/><W79/><G55/><N who="1" m="21002" /><E71/><V92/><F134/><W9/><G9/><T130/><D27/><N who="1" m="14831" /><E64/><V103/><F35/><W112/><G112/><T19/><D77/><U129/><E129/><V132/><F132/><W84/><G84/><T65/><D19/><U14/><E96/><V62/><F62/><W31/><G31/><T98/><D50/><U57/><E57/><V1/><N who="2" m="0" /><DORA hai="78" /><V47/><F47/><W86/><G72/><T45/><D25/><U69/><E69/><V118/><F118/><W114/><G114/><T11/><D45/><U127/><E127/><V37/><F37/><W52/><G67/><T44/><D66/><U15/><E15/><V13/><F13/><W38/><G38/><T135/><D65/><U111/><E111/><V128/><F128/><W30/><G36/><T91/><D130/><U87/><E87/><N who="2" m="52287" /><F7/><W4/><G4/><T93/><D135/><U126/><E126/><V32/><F32/><W102/><G5/><T83/><D70/><U49/><E49/><V74/><F74/><W41/><G41/><T100/><D75/><U124/><E124/><V51/><F51/><W46/><G46/><RYUUKYOKU ba="0,0" sc="349,-10,188,30,194,-10,269,-10" hai1="10,14,18,80,85,88,95" owari="339,44.0,218,-18.0,184,-32.0,259,6.0" /></mjloggm>