<mjloggm ver="2.3"><GO type="169" lobby="0"/><UN n0="%E9%87%8E%E7%94%B0%E7%A5%9E" n1="%E7%99%BD%E9%B9%BF%E6%84%9B%E8%8E%89" n2="%E5%B0%B1%E6%B4%BB%E7%94%9F%40%E5%B7%9D%E6%9D%91%E8%BB%8D%E5%9B%A3" n3="%E3%81%8F%E3%81%95%E3%81%8F%E3%81%AA%E3%81%84%E3%81%8A" dan="16,17,17,16" rate="2177.10,2168.39,2228.66,2087.13" sx="F,F,M,M"/><TAIKYOKU oya="0"/><INIT seed="0,0,0,4,1,120" ten="250,250,250,250" oya="0" hai0="0,30,25,41,13,4,89,68,111,129,107,86,85" hai1="133,77,131,134,92,100,132,96,9,19,64,12,55" hai2="26,23,27,6,33,82,11,51,108,56,118,105,60" hai3="3,81,46,110,97,113,95,114,99,106,80,16,58"/><T2/><D107/><U130/><E64/><V24/><F105/><W65/><G3/><T75/><D75/><U36/><E36/><V43/><F33/><W128/><G128/><N who="1" m="49194" /><E55/><V7/><F118/><W66/><G46/><T104/><D129/><U61/><E61/><V44/><F108/><W87/><G106/><T109/><D104/><U74/><E77/><V70/><F70/><W42/><G42/><T49/><D68/><U101/><E74/><V35/><F35/><W10/><G58/><T76/><D76/><U117/><E117/><V28/><F7/><W116/><G116/><T127/><D127/><U53/><E53/><V90/><F90/><AGARI ba="0,0" hai="9,12,19,90,92,96,100,101,132,133,134" m="49194" machi="90" ten="40,2600,0" yaku="20,1,19,1" doraHai="120" who="1" fromWho="2" sc="250,0,250,26,250,-26,250,0" /><INIT seed="1,0,0,3,0,51" ten="250,276,224,250" oya="1" hai0="47,67,125,135,30,21,99,85,74,33,124,36,127" hai1="88,3,117,73,53,122,23,96,46,130,112,61,126" hai2="64,63,107,68,92,78,109,79,14,18,90,134,55" hai3="116,120,87,123,45,32,94,10,132,39,106,105,80"/><U8/><E112/><V97/><F109/><W58/><G32/><T41/><D74/><U19/><E117/><V103/><F134/><W129/><G116/><T16/><D135/><U54/><E122/><V5/><F5/><W84/><G132/><T108/><D108/><U12/><E73/><V128/><F128/><W100/><G129/><T44/><D33/><U118/><E118/><V114/><F114/><W62/><G106/><T131/><D30/><U121/><E121/><V2/><F2/><W65/><G105/><T28/><D28/><U104/><E130/><V72/><F72/><W101/><G101/><T133/><D133/><U82/><E104/><V66/><F66/><W77/><G10/><T25/><D131/><U9/><E3/><V102/><F102/><W11/><G11/><N who="1" m="4170" /><E126/><V13/><F18/><W48/><G39/><T93/><D67/><U49/><E82/><V71/><F71/><W83/><G94/><T40/><D85/><U98/><E88/><V37/><F37/><W81/><G81/><T43/><REACH who="0" step="1"/><D36/><REACH who="0" ten="240,276,224,250" step="2"/><U6/><E6/><V38/><F38/><W52/><REACH who="3" step="1"/><G100/><AGARI ba="0,1" hai="16,21,25,40,41,43,44,47,93,99,100,124,125,127" machi="100" ten="50,8000,1" yaku="1,1,2,1,18,1,54,1,53,0" doraHai="51" doraHaiUra="34" who="0" fromWho="3" sc="240,90,276,0,224,0,250,-80" /><INIT seed="2,0,0,5,4,9" ten="330,276,224,170" oya="2" hai0="59,35,122,104,74,118,85,44,51,14,65,60,110" hai1="30,109,103,10,75,132,34,68,77,32,78,6,114" hai2="40,61,87,90,129,133,52,23,123,120,5,28,24" hai3="131,55,86,89,56,84,4,58,54,57,102,96,3"/><V83/><F129/><W80/><G131/><T95/><D122/><U29/><E114/><V94/><F133/><W21/><G3/><T127/><D35/><U107/><E68/><V97/><F40/><W71/><G71/><T16/><D74/><U99/><E109/><V106/><F106/><W116/><G116/><T17/><D110/><U113/><E113/><V8/><F61/><W26/><G4/><T43/><D104/><U73/><E132/><V125/><F125/><W93/><REACH who="3" step="1"/><G86/><REACH who="3" ten="330,276,224,160" step="2"/><T45/><D118/><U66/><E75/><V134/><F134/><W117/><G117/><T130/><D130/><U15/><E73/><V13/><REACH who="2" step="1"/><F52/><REACH who="2" ten="330,276,214,160" step="2"/><W0/><G0/><T41/><D127/><U42/><E42/><V53/><F53/><W39/><G39/><T105/><D41/><U76/><E66/><V88/><AGARI ba="0,2" hai="5,8,13,23,24,28,83,87,88,90,94,97,120,123" machi="88" ten="20,18000,2" yaku="1,1,0,1,7,1,52,1,54,1,53,1" doraHai="9" doraHaiUra="19" who="2" fromWho="2" sc="330,-60,276,-60,214,200,160,-60" /><INIT seed="2,1,0,0,0,33" ten="270,216,414,100" oya="2" hai0="53,40,100,39,8,48,106,132,37,28,15,58,90" hai1="87,30,34,17,111,94,80,25,47,49,54,66,60" hai2="32,96,67,65,69,42,50,116,95,36,92,7,97" hai3="23,0,21,115,121,86,76,10,124,26,126,51,102"/><V133/><F116/><W22/><G102/><T112/><D112/><U12/><E111/><V125/><F36/><W6/><G121/><T74/><D132/><U5/><E94/><V11/><F32/><W99/><G99/><T62/><D74/><U130/><E130/><V27/><F27/><W107/><G107/><T29/><D106/><U45/><E5/><V19/><F19/><W108/><G108/><T68/><D100/><U110/><E47/><V127/><F133/><W64/><G64/><T103/><D103/><U43/><E43/><V35/><F35/><W14/><G115/><T104/><D104/><U120/><E120/><V78/><F78/><W98/><G98/><T85/><D39/><U114/><E114/><V131/><F131/><W38/><G38/><T1/><D37/><U70/><E110/><V118/><F118/><W128/><G128/><T24/><D1/><U82/><REACH who="1" step="1"/><E87/><REACH who="1" ten="270,206,414,100" step="2"/><V16/><F7/><W93/><G93/><T101/><D40/><U31/><E31/><V9/><F42/><W79/><G86/><T123/><D28/><U46/><E46/><V105/><F105/><W72/><G72/><T134/><D29/><U18/><E18/><V113/><F16/><W63/><G6/><T129/><D85/><U3/><E3/><V4/><F4/><W89/><G0/><T122/><D122/><U81/><E81/><V71/><F113/><W13/><G13/><T109/><D15/><U57/><E57/><V44/><F44/><W117/><G14/><T75/><D123/><U41/><E41/><V83/><F83/><W55/><G117/><RYUUKYOKU ba="1,1" sc="270,-15,206,15,414,15,100,-15" hai1="12,17,25,30,34,45,49,54,60,66,70,80,82" hai2="9,11,50,65,67,69,71,92,95,96,97,125,127" /><INIT seed="2,2,1,3,3,91" ten="255,221,429,85" oya="2" hai0="44,33,79,27,20,100,55,11,35,22,92,126,25" hai1="129,43,1,102,66,124,125,59,52,81,58,8,47" hai2="54,77,88,114,93,89,94,21,10,15,19,75,13" hai3="16,0,121,74,39,18,96,87,30,61,86,117,132"/><V101/><F114/><W72/><G121/><T97/><D126/><N who="1" m="48747" /><E129/><V17/><F101/><W67/><G117/><T85/><D11/><U23/><E102/><V122/><F122/><W3/><G39/><T107/><D35/><U42/><E23/><N who="0" m="8745" /><D33/><U95/><E81/><V51/><F77/><W46/><G46/><T37/><D37/><U83/><E83/><V53/><F75/><W80/><G96/><T24/><D107/><U32/><E32/><V118/><F118/><W82/><G61/><T36/><D36/><U57/><E66/><V113/><F113/><W29/><REACH who="3" step="1"/><G67/><REACH who="3" ten="255,221,429,75" step="2"/><T41/><D41/><U71/><E43/><V14/><F51/><W128/><G128/><T133/><D44/><U34/><E42/><V119/><F119/><W5/><G5/><T120/><D120/><U90/><E47/><V2/><F2/><W111/><G111/><T78/><D55/><U26/><E52/><V9/><F15/><W110/><G110/><T56/><D97/><N who="1" m="57591" /><E1/><V112/><F112/><W64/><G64/><T109/><D109/><U62/><E62/><V116/><F116/><W123/><G123/><T6/><D6/><U28/><E8/><V135/><F21/><W105/><G105/><T7/><D7/><U31/><E28/><V115/><F115/><W106/><G106/><T104/><D104/><U103/><E103/><V60/><F60/><W4/><G4/><T50/><D100/><U40/><E40/><V45/><F45/><W38/><G38/><T108/><D108/><U134/><E134/><AGARI ba="2,2" hai="9,10,13,14,17,19,53,54,88,89,93,94,134,135" machi="134" ten="25,12000,1" yaku="22,2,52,2,54,1" doraHai="91" who="2" fromWho="1" sc="255,0,221,-126,429,146,75,0" /><AGARI ba="2,0" hai="0,3,16,18,29,30,72,74,80,82,86,87,132,134" machi="134" ten="25,6400,0" yaku="1,1,22,2,54,1,53,0" doraHai="91" doraHaiUra="49" who="3" fromWho="1" sc="255,0,95,-64,575,0,75,64" /><INIT seed="2,3,0,2,3,5" ten="255,31,575,139" oya="2" hai0="110,22,35,88,8,19,108,86,52,64,115,95,25" hai1="109,135,133,74,31,111,87,129,114,122,103,116,62" hai2="128,104,10,18,80,53,44,32,37,24,2,55,29" hai3="28,75,14,96,120,112,3,72,15,127,131,91,58"/><V7/><F128/><W117/><G120/><T89/><D115/><U13/><E31/><V76/><F104/><W6/><G117/><T40/><D40/><U34/><E34/><V92/><F92/><W94/><G131/><T119/><D119/><U71/><E129/><V48/><F18/><W38/><G38/><T113/><D113/><U134/><E116/><V63/><F63/><W69/><G69/><T23/><D35/><U59/><E114/><V124/><F124/><W77/><G112/><T118/><D118/><U4/><E74/><V49/><F37/><W105/><G127/><T79/><D79/><U99/><E122/><V123/><F123/><W60/><G28/><T121/><D121/><U9/><E87/><V73/><F49/><W20/><G105/><T54/><D64/><U36/><E36/><V1/><REACH who="2" step="1"/><F2/><REACH who="2" ten="255,31,565,139" step="2"/><W51/><G51/><T82/><D95/><U70/><E111/><V30/><F30/><W16/><G3/><T33/><D110/><U45/><E109/><V83/><F83/><W27/><G60/><T43/><D108/><U11/><E11/><V107/><F107/><W126/><G126/><T46/><D8/><U85/><E85/><V17/><F17/><W57/><G75/><T98/><D19/><U0/><E0/><V101/><F101/><W130/><G130/><T106/><D86/><U132/><N who="1" m="33792" /><DORA hai="67" /><U90/><E103/><V93/><F93/><W68/><G72/><T50/><D106/><U26/><E62/><V65/><F65/><W39/><G39/><T125/><D125/><U81/><E81/><V102/><F102/><RYUUKYOKU ba="3,1" sc="255,-10,31,-10,565,30,139,-10" hai2="1,7,10,24,29,32,44,48,53,55,73,76,80" /><INIT seed="2,4,1,3,0,123" ten="245,21,595,129" oya="2" hai0="5,120,135,128,133,83,93,89,78,127,121,104,38" hai1="92,3,14,45,84,17,98,82,65,11,100,97,21" hai2="77,52,72,44,43,76,111,115,56,4,119,54,6" hai3="117,33,37,35,53,102,64,85,99,41,126,30,0"/><V130/><F115/><W8/><G117/><T79/><D38/><U29/><E97/><V13/><F119/><W32/><G126/><T48/><D5/><N who="2" m="2154" /><F130/><W81/><G8/><T70/><D70/><U66/><E3/><V107/><F72/><W28/><G0/><T16/><D104/><U132/><E132/><N who="0" m="50761" /><D127/><U49/><E29/><V110/><F107/><W134/><G64/><T24/><D48/><U124/><E21/><V131/><F13/><W74/><G74/><N who="0" m="43479" /><D79/><N who="2" m="30282" /><F56/><W59/><G134/><T122/><D128/><U86/><E124/><V129/><F129/><W10/><G10/><T75/><D75/><U42/><REACH who="1" step="1"/><E82/><REACH who="1" ten="245,11,595,129" step="2"/><V12/><F131/><W46/><G81/><T60/><D122/><U105/><E105/><V55/><F12/><W57/><G28/><T71/><D121/><U103/><E103/><V40/><F44/><W91/><G30/><T87/><D120/><U25/><E25/><V112/><F112/><W108/><G102/><T67/><D24/><U2/><E2/><V15/><F15/><W1/><G1/><T51/><D93/><U27/><E27/><V18/><F18/><W101/><G101/><T63/><D16/><U113/><E113/><V31/><F31/><W88/><G32/><T116/><D116/><U50/><E50/><V19/><F19/><W47/><G33/><T62/><D51/><U9/><E9/><V69/><F69/><W20/><G35/><T114/><D114/><U106/><E106/><V26/><F26/><W118/><G47/><T125/><D125/><U7/><E7/><V61/><F61/><W109/><G118/><RYUUKYOKU ba="4,2" sc="245,10,11,10,595,10,129,-30" hai0="60,62,63,67,71,87,89" hai1="11,14,17,42,45,49,65,66,84,86,92,98,100" hai2="40,43,52,54,55,110,111" /><INIT seed="2,5,2,1,5,81" ten="255,21,605,99" oya="2" hai0="7,43,83,57,73,11,24,67,112,25,68,58,23" hai1="66,108,6,118,92,97,69,46,16,111,2,99,32" hai2="47,129,135,10,26,36,85,8,82,72,9,80,94" hai3="12,64,71,128,86,90,103,123,98,119,104,131,53"/><V109/><F129/><N who="3" m="49739" /><G123/><T127/><D112/><U63/><E118/><V18/><F135/><W101/><G101/><T37/><D127/><U87/><E32/><V78/><F109/><N who="1" m="42057" /><E46/><V1/><F1/><W33/><G33/><T113/><D113/><U22/><E6/><V89/><F36/><W41/><G41/><T126/><D126/><U34/><E34/><V74/><F47/><W115/><G119/><T100/><D100/><U96/><E2/><V31/><F18/><W42/><G42/><T93/><D37/><U133/><E133/><V13/><F13/><W15/><G115/><T44/><D43/><U20/><E16/><V55/><F55/><W114/><G114/><T28/><D44/><U105/><E105/><V124/><F124/><W125/><G125/><T95/><D25/><U75/><E75/><V79/><F26/><W106/><G106/><T54/><D7/><U52/><E52/><V21/><F21/><N who="1" m="8297" /><E87/><V38/><F38/><W17/><G53/><T59/><D54/><U27/><E27/><V49/><F49/><W0/><G0/><T134/><D134/><U116/><E116/><V45/><F45/><W39/><G39/><T70/><D11/><U19/><E19/><V40/><F40/><W130/><G130/><T61/><D73/><U5/><E5/><V48/><F48/><W51/><G51/><T91/><D61/><U62/><E63/><V29/><AGARI ba="5,2" hai="8,9,10,29,31,72,74,78,79,80,82,85,89,94" machi="29" ten="30,6000,0" yaku="0,1,9,1,52,1" doraHai="81" who="2" fromWho="2" sc="255,-25,21,-25,605,95,99,-25" owari="230,3.0,-4,-50.0,700,80.0,74,-33.0" /></mjloggm>