<mjloggm ver="2.3"><GO type="169" lobby="0"/><UN n0="%E8%85%90%E7%94%9F%E8%B1%9A%E3%82%B3%E3%83%84%E3%83%9C%E3%83%BC" n1="%E9%AD%94%E5%A5%B4%E5%8C%96" n2="%E5%B0%B1%E6%B4%BB%E7%94%9F%40%E5%B7%9D%E6%9D%91%E8%BB%8D%E5%9B%A3" n3="%E6%B0%B4%E6%9C%AC%E3%82%86%E3%81%8B%E3%82%8A" dan="17,16,17,16" rate="2196.10,2141.81,2203.54,2107.30" sx="M,M,M,F"/><TAIKYOKU oya="0"/><INIT seed="0,0,0,1,2,95" ten="250,250,250,250" oya="0" hai0="119,45,99,58,38,24,26,66,51,106,68,135,76" hai1="133,2,131,53,44,8,54,91,96,89,17,115,40" hai2="78,127,46,92,64,128,77,84,37,75,87,41,90" hai3="111,32,134,34,10,72,123,4,35,69,130,28,48"/><T74/><D119/><U25/><E133/><V6/><F127/><W9/><G72/><T108/><D135/><U79/><E79/><V13/><F128/><W116/><G69/><T22/><D108/><U0/><E131/><V15/><F64/><W71/><G71/><T94/><D106/><U61/><E115/><V122/><F122/><W47/><G134/><T36/><D68/><U73/><E73/><V52/><F84/><W109/><G130/><T104/><D104/><U121/><E2/><V20/><F75/><W57/><G123/><T65/><D26/><U113/><E113/><V1/><F1/><W100/><G116/><T126/><D126/><U114/><E114/><V16/><F6/><W120/><G120/><T60/><D66/><U7/><E25/><V12/><REACH who="2" step="1"/><F52/><REACH who="2" ten="250,250,240,250" step="2"/><W81/><G111/><T42/><D74/><U112/><E54/><V59/><F59/><W5/><G57/><T117/><D117/><U43/><E121/><V30/><F30/><W56/><G28/><N who="0" m="17431" /><D76/><AGARI ba="0,1" hai="12,13,15,16,20,37,41,46,76,77,78,87,90,92" machi="76" ten="40,2600,0" yaku="1,1,54,1,53,0" doraHai="95" doraHaiUra="50" who="2" fromWho="0" sc="250,-26,250,0,240,36,250,0" /><INIT seed="1,0,0,1,0,59" ten="224,250,276,250" oya="1" hai0="116,103,83,38,7,135,90,27,54,24,56,25,87" hai1="105,132,44,66,71,1,60,36,20,3,39,112,67" hai2="91,35,2,73,37,22,75,10,107,51,53,100,101" hai3="40,92,128,109,115,52,63,16,26,99,34,72,82"/><U0/><E112/><V129/><F35/><W110/><G115/><T14/><D116/><U97/><E20/><V127/><F37/><W48/><G128/><T81/><D38/><U117/><E117/><V6/><F127/><W89/><G72/><T79/><D135/><U119/><E119/><V74/><F107/><W69/><G82/><T57/><D103/><N who="1" m="62703" /><E44/><V85/><F22/><N who="3" m="13639" /><G34/><T15/><D57/><U58/><E58/><V31/><F31/><W70/><G40/><T18/><D7/><U108/><E132/><V29/><F29/><W23/><G23/><T120/><D120/><U50/><E50/><V28/><F28/><W118/><G118/><T122/><D122/><U32/><E32/><V30/><F30/><W84/><G84/><N who="0" m="48191" /><D18/><U33/><E33/><V133/><F133/><W96/><G96/><T76/><D76/><U65/><E65/><V62/><F129/><W5/><G5/><T78/><D78/><U124/><E124/><V41/><F41/><W106/><G106/><T49/><AGARI ba="0,0" hai="14,15,24,25,27,49,54,56,83,87,90" m="48191" machi="49" ten="30,1100,0" yaku="8,1" doraHai="59" who="0" fromWho="0" sc="224,11,250,-5,276,-3,250,-3" /><INIT seed="2,0,0,5,2,130" ten="235,245,273,247" oya="2" hai0="51,86,17,20,34,9,13,135,94,83,18,93,14" hai1="40,37,52,64,68,45,116,71,78,62,59,70,88" hai2="50,6,123,16,42,112,121,81,0,15,23,61,35" hai3="58,101,109,12,49,92,67,117,100,65,91,46,72"/><V44/><F112/><W39/><G117/><T21/><D135/><U19/><E78/><V132/><F132/><W33/><G109/><T103/><D34/><U28/><E28/><V54/><F35/><W87/><G72/><T125/><D125/><U113/><E19/><V31/><F31/><W38/><G33/><T1/><D103/><U76/><E76/><V79/><F0/><W66/><G58/><T97/><D97/><U24/><E24/><V29/><F29/><W41/><REACH who="3" step="1"/><G12/><REACH who="3" ten="235,245,273,237" step="2"/><T7/><REACH who="0" step="1"/><D51/><REACH who="0" ten="225,245,273,237" step="2"/><N who="1" m="31135" /><E116/><V43/><F121/><W129/><G129/><T89/><AGARI ba="0,2" hai="1,7,9,13,14,17,18,20,21,83,86,89,93,94" machi="89" ten="20,5200,0" yaku="1,1,0,1,7,1,9,1,53,0" doraHai="130" doraHaiUra="73" who="0" fromWho="0" sc="225,72,245,-13,273,-26,237,-13" /><INIT seed="3,0,0,2,0,10" ten="297,232,247,224" oya="3" hai0="24,49,118,22,53,25,115,113,45,60,13,64,87" hai1="14,126,54,77,81,67,89,1,2,0,109,66,72" hai2="114,41,132,127,99,103,27,75,96,20,94,40,8" hai3="26,100,4,110,30,12,108,122,47,129,107,79,9"/><W117/><G117/><T135/><D118/><U18/><E109/><N who="3" m="42090" /><G122/><T69/><D135/><U16/><E126/><V97/><F114/><N who="0" m="43530" /><D87/><U21/><E89/><V82/><F132/><W86/><G129/><T15/><D24/><U134/><E134/><V6/><F127/><W125/><G125/><T131/><D131/><U48/><REACH who="1" step="1"/><E18/><AGARI ba="0,0" hai="13,15,18,22,25,45,49,53,60,64,69" m="43530" machi="18" ten="30,3900,0" yaku="11,1,52,2" doraHai="10" who="0" fromWho="1" sc="297,39,232,-39,247,0,224,0" /><INIT seed="4,0,0,4,0,65" ten="336,193,247,224" oya="0" hai0="17,39,33,135,35,106,115,14,13,74,32,57,7" hai1="67,80,130,111,91,79,0,71,50,52,46,97,9" hai2="42,81,63,109,133,51,53,31,25,15,1,3,105" hai3="78,73,48,38,64,12,132,122,104,16,28,77,84"/><T96/><D39/><U24/><E111/><V37/><F105/><W86/><G38/><T4/><D74/><U62/><E130/><V116/><F109/><W101/><G132/><T100/><D135/><U87/><E24/><V49/><F37/><W108/><G108/><T40/><D115/><U18/><E0/><V107/><F107/><W20/><G122/><T102/><D102/><U94/><E9/><V75/><F42/><W55/><G64/><T103/><D103/><U113/><REACH who="1" step="1"/><E18/><REACH who="1" ten="336,183,247,224" step="2"/><V56/><F3/><W88/><G28/><T2/><D2/><U127/><E127/><V125/><F1/><W44/><G73/><T126/><D126/><U70/><E70/><V59/><F15/><W124/><G124/><T95/><D14/><U69/><E69/><V27/><F125/><W8/><G8/><T22/><D106/><U134/><E134/><V129/><F129/><W118/><G118/><T36/><D7/><U114/><AGARI ba="0,1" hai="46,50,52,62,67,71,79,80,87,91,94,97,113,114" machi="114" ten="30,7900,0" yaku="1,1,0,1,52,1,54,1,53,0" doraHai="65" doraHaiUra="26" who="1" fromWho="1" sc="336,-39,183,89,247,-20,224,-20" /><INIT seed="5,0,0,2,5,67" ten="297,272,227,204" oya="1" hai0="113,62,18,125,89,115,132,123,119,106,46,53,2" hai1="9,47,44,45,120,102,6,36,59,105,121,129,11" hai2="23,107,80,117,83,33,75,57,122,54,25,17,81" hai3="61,95,60,101,30,48,69,73,87,96,31,41,77"/><U49/><E129/><V51/><F122/><W109/><G109/><T7/><D119/><U112/><E36/><V110/><F117/><W72/><G72/><T52/><D123/><U16/><E112/><V29/><F110/><W27/><G73/><T76/><D76/><U15/><E59/><V21/><F107/><W128/><G128/><T40/><D106/><U8/><E49/><V118/><F118/><W0/><G0/><T50/><D132/><U133/><E133/><V88/><F75/><W12/><G69/><T20/><D125/><U86/><E86/><V104/><F104/><W13/><G61/><T38/><D89/><U14/><REACH who="1" step="1"/><E11/><REACH who="1" ten="297,262,227,204" step="2"/><V111/><F111/><W1/><G48/><N who="0" m="28695" /><D38/><U58/><E58/><V26/><F33/><W127/><G87/><AGARI ba="0,1" hai="17,21,23,25,26,29,51,54,57,80,81,83,87,88" machi="87" ten="40,2600,0" yaku="8,1,54,1" doraHai="67" who="2" fromWho="3" sc="297,0,262,0,227,36,204,-26" /><INIT seed="6,0,0,4,5,0" ten="297,262,263,178" oya="2" hai0="110,50,21,16,3,56,91,121,62,41,63,2,79" hai1="8,34,67,46,66,96,100,60,134,22,14,87,122" hai2="106,78,42,54,101,135,5,7,93,82,45,29,133" hai3="4,97,71,40,17,72,38,105,104,35,18,127,77"/><V51/><F106/><W98/><G127/><T81/><D110/><U44/><E34/><V128/><F128/><W61/><G35/><T39/><D121/><U117/><E134/><N who="2" m="51211" /><F29/><W47/><G71/><T88/><D39/><U75/><E75/><N who="2" m="43359" /><F42/><W112/><G61/><T55/><D41/><U120/><E117/><V37/><F37/><W19/><G112/><T118/><D118/><U24/><E60/><V70/><F70/><W132/><G132/><T13/><D2/><U124/><E124/><V53/><F53/><W58/><G58/><N who="0" m="33143" /><D3/><U92/><E46/><V76/><F76/><W86/><G72/><T30/><D30/><U74/><E74/><V23/><F23/><W52/><G52/><N who="0" m="34055" /><D63/><U20/><E44/><V84/><F84/><AGARI ba="0,0" hai="13,16,21,79,81,84,88,91" m="34055,33143" machi="84" ten="30,7700,0" yaku="8,1,54,3" doraHai="0" who="0" fromWho="2" sc="297,77,262,0,263,-77,178,0" /><INIT seed="7,0,0,5,4,16" ten="374,262,186,178" oya="3" hai0="124,77,78,38,69,84,13,107,41,131,88,36,42" hai1="61,49,126,6,85,21,8,60,70,66,103,80,106" hai2="76,120,11,34,44,99,23,128,112,18,19,30,125" hai3="9,35,46,25,90,7,95,110,134,48,82,98,55"/><W116/><G116/><T68/><D107/><U1/><E126/><V91/><F112/><W96/><G134/><T31/><D124/><U115/><E115/><V111/><F111/><W52/><G110/><T14/><D88/><U100/><E61/><V12/><F34/><W123/><G123/><T50/><D50/><U5/><E5/><V22/><F125/><W79/><G98/><T101/><D84/><U118/><E21/><N who="2" m="7691" /><F30/><W47/><G35/><T56/><D31/><U29/><E29/><V64/><F128/><W39/><G25/><T72/><D72/><U4/><E4/><N who="2" m="3175" /><F76/><W102/><G102/><T37/><D101/><U40/><E106/><V89/><F120/><W2/><G39/><T94/><D78/><U127/><E127/><V53/><F64/><W114/><G114/><T86/><D77/><U54/><E118/><V133/><F133/><W73/><REACH who="3" step="1"/><G46/><REACH who="3" ten="374,262,186,168" step="2"/><N who="0" m="23847" /><D38/><U105/><E103/><V93/><F91/><W74/><G74/><T109/><D37/><U83/><E100/><V59/><F44/><W63/><G63/><AGARI ba="0,1" hai="18,19,53,59,63,89,93,99" m="3175,7691" machi="63" ten="30,7700,0" yaku="8,1,52,3" doraHai="16" who="2" fromWho="3" sc="374,0,262,0,186,87,168,-77" owari="374,48.0,262,-14.0,273,7.0,91,-41.0" /></mjloggm>