<mjloggm ver="2.3"><GO type="169" lobby="0"/><UN n0="%6D%61%65%2D%30%31%32%37" n1="%E5%B0%B1%E6%B4%BB%E7%94%9F%40%E5%B7%9D%E6%9D%91%E8%BB%8D%E5%9B%A3" n2="%E3%81%87%E3%82%8B%E3%81%87%E3%82%8B" n3="%74%61%63%6F%73" dan="16,17,16,16" rate="2087.26,2134.12,2078.31,2090.44" sx="M,M,M,M"/><TAIKYOKU oya="0"/><INIT seed="0,0,0,0,0,120" ten="250,250,250,250" oya="0" hai0="48,3,101,12,128,56,9,26,127,86,24,88,66" hai1="13,39,107,134,77,62,58,92,69,83,118,18,75" hai2="95,29,25,36,117,15,132,81,54,41,40,119,115" hai3="0,100,99,20,91,111,85,76,67,133,102,21,27"/><T96/><D127/><U106/><E118/><V61/><F115/><W90/><G0/><T112/><D128/><U63/><E134/><V57/><F132/><W19/><G133/><T8/><D3/><U35/><E35/><V70/><F70/><W114/><G114/><T11/><D112/><U74/><E39/><V89/><F81/><W59/><G76/><T49/><D12/><U42/><E42/><V37/><F15/><W108/><G21/><T113/><D113/><U79/><E92/><V64/><F64/><W105/><G100/><T5/><D5/><U14/><E69/><V109/><F109/><N who="3" m="42059" /><G85/><T46/><D96/><U98/><E98/><V52/><F119/><W135/><G135/><T43/><D101/><U93/><E93/><V84/><F117/><W34/><G34/><T122/><D122/><U121/><E121/><V124/><F124/><W4/><G4/><T97/><D97/><U51/><E77/><V28/><F84/><W22/><G22/><T78/><D78/><U30/><E79/><V80/><F89/><W16/><G19/><T116/><D116/><U55/><E75/><V104/><F29/><W131/><G131/><T10/><N who="0" m="2048" /><DORA hai="82" /><T33/><D33/><U73/><E30/><V1/><F28/><W32/><G32/><T31/><D31/><U53/><E74/><V126/><F1/><W7/><G7/><T44/><D88/><U110/><E73/><V68/><F126/><W6/><G6/><T23/><D86/><U123/><E123/><V60/><F104/><N who="1" m="39977" /><E110/><V47/><F95/><W94/><G105/><T71/><D23/><RYUUKYOKU ba="0,0" sc="250,-10,250,-10,250,-10,250,30" hai3="16,20,27,59,67,90,91,94,99,102" /><INIT seed="1,1,0,1,2,103" ten="240,240,240,280" oya="1" hai0="106,133,23,79,55,84,94,125,122,92,42,61,104" hai1="123,128,100,32,16,129,7,62,105,115,37,29,110" hai2="108,88,67,3,78,59,49,134,96,109,1,12,10" hai3="73,93,81,53,126,124,101,60,71,48,43,83,107"/><U120/><E37/><V135/><F78/><W99/><G43/><T8/><D42/><U47/><E47/><V40/><F40/><W113/><G113/><T19/><D8/><U44/><E44/><V18/><F49/><W119/><G119/><T63/><D55/><U75/><E75/><V66/><F1/><W69/><G93/><N who="0" m="35947" /><D84/><U45/><E45/><V131/><F96/><W85/><G73/><T25/><D79/><U102/><E62/><V11/><F88/><N who="3" m="51247" /><G83/><T46/><D46/><U65/><E65/><V117/><F117/><W114/><G114/><T68/><D68/><U14/><E115/><V80/><F80/><W52/><G48/><T118/><D118/><U38/><E38/><V9/><F3/><W22/><G22/><T30/><D63/><U17/><E110/><N who="2" m="42603" /><F59/><N who="3" m="34919" /><G53/><T95/><D61/><U76/><E76/><V111/><F111/><W4/><G4/><T0/><D95/><U70/><E70/><V34/><F34/><W36/><G36/><T98/><D0/><U41/><E41/><V87/><F67/><W82/><G82/><T86/><D98/><U54/><E54/><V121/><F66/><W97/><G97/><T57/><D86/><U20/><E7/><V15/><F87/><W89/><G89/><T51/><D57/><U5/><E5/><V24/><F121/><W27/><G27/><T33/><D51/><U50/><E50/><V35/><F35/><W116/><G116/><T72/><D72/><U64/><E32/><V130/><F24/><W26/><G26/><T91/><D33/><U31/><E64/><V28/><F28/><RYUUKYOKU ba="1,0" sc="240,-10,240,-10,240,-10,280,30" hai3="69,71,99,101,107,124,126" /><INIT seed="2,2,0,0,0,59" ten="230,230,230,310" oya="2" hai0="123,129,42,9,86,79,120,68,127,34,76,100,23" hai1="116,96,60,5,84,81,16,74,6,73,69,49,11" hai2="66,29,104,38,33,61,52,72,71,89,4,63,101" hai3="58,124,134,118,113,90,111,128,22,133,14,102,65"/><V20/><F72/><W15/><G102/><T28/><D68/><U78/><E116/><V62/><F38/><W26/><G90/><T95/><D129/><U121/><E121/><V112/><F112/><W107/><G107/><T130/><D127/><U2/><E5/><V50/><F4/><W24/><G65/><T53/><D130/><U7/><E7/><V3/><F3/><W45/><G45/><T115/><D115/><U18/><E96/><N who="2" m="61479" /><F20/><W12/><G58/><T64/><D123/><U21/><E49/><V46/><F89/><W82/><G82/><T83/><D34/><U37/><E37/><V125/><F125/><W31/><G128/><T99/><D120/><U117/><E117/><V93/><F93/><W91/><G91/><T92/><D64/><U47/><E47/><V36/><F36/><W51/><G124/><T108/><D42/><U132/><E132/><N who="3" m="50794" /><G22/><T131/><D131/><U88/><E21/><V126/><F126/><W103/><G103/><T94/><D76/><U13/><E2/><V35/><F35/><W119/><G113/><T40/><D100/><U67/><E74/><V1/><F1/><W27/><G118/><T80/><D99/><U98/><E98/><V44/><F46/><W39/><G39/><T109/><D83/><AGARI ba="2,0" hai="6,11,13,16,18,60,67,69,73,78,81,83,84,88" machi="83" ten="30,7700,0" yaku="7,1,52,1,54,2" doraHai="59" who="1" fromWho="0" sc="230,-83,230,83,230,0,310,0" /><INIT seed="3,0,0,5,3,120" ten="147,313,230,310" oya="3" hai0="25,6,12,5,111,71,81,33,9,85,72,41,99" hai1="119,127,89,93,96,54,75,29,90,114,116,83,125" hai2="73,84,98,32,19,44,47,46,76,8,134,15,49" hai3="43,124,52,34,10,79,95,14,105,37,103,39,60"/><W62/><G105/><T129/><D71/><U132/><E29/><V38/><F32/><W64/><G34/><T87/><D41/><U104/><E54/><V11/><F73/><W24/><G79/><T57/><D129/><U17/><E17/><V45/><F134/><W35/><G124/><N who="1" m="47690" /><E132/><V61/><F38/><W100/><G60/><T94/><D6/><U117/><E114/><V36/><F36/><W22/><G35/><T101/><D111/><U68/><E68/><V2/><F98/><W56/><G43/><T51/><D72/><U121/><E121/><V74/><F74/><W97/><G64/><T135/><D135/><U133/><E133/><V26/><F61/><W59/><G59/><T13/><D85/><N who="1" m="50367" /><E75/><V70/><F70/><W53/><G53/><N who="0" m="31935" /><D25/><U4/><E4/><V122/><F122/><W42/><G42/><T7/><D33/><U67/><E67/><V50/><F26/><W131/><G37/><T107/><D107/><AGARI ba="0,0" hai="90,93,96,104,107,116,117,119" m="50367,47690" machi="107" ten="40,8000,1" yaku="12,1,18,1,34,2" doraHai="120" who="1" fromWho="0" sc="147,-80,313,80,230,0,310,0" /><INIT seed="4,0,0,5,1,88" ten="67,393,230,310" oya="0" hai0="24,50,31,78,63,90,41,108,121,102,74,19,53" hai1="100,47,6,32,98,67,101,104,80,35,37,96,93" hai2="0,92,95,128,117,29,42,18,57,26,89,68,9" hai3="3,114,111,106,52,119,77,28,55,10,16,97,5"/><T134/><D121/><U109/><E109/><V115/><F68/><W65/><G111/><T4/><D134/><U129/><E129/><V46/><F115/><W112/><G119/><T54/><D108/><U48/><E37/><V124/><F128/><W86/><G28/><T71/><D102/><U2/><E67/><V23/><F117/><W127/><G127/><T82/><D4/><U43/><E6/><V69/><F69/><W1/><G1/><T123/><D123/><U85/><REACH who="1" step="1"/><E2/><REACH who="1" ten="67,383,230,310" step="2"/><V30/><F124/><W99/><G65/><T40/><D19/><U13/><E13/><V36/><F0/><W105/><G16/><T60/><D71/><U14/><E14/><V87/><F18/><W81/><G3/><T91/><D41/><U33/><E33/><V7/><F7/><W25/><G5/><T118/><D40/><U44/><E44/><V38/><F38/><W103/><G25/><T94/><D118/><U76/><AGARI ba="0,1" hai="32,35,43,47,48,76,80,85,93,96,98,100,101,104" machi="76" ten="20,5200,0" yaku="1,1,0,1,7,1,52,1,53,0" doraHai="88" doraHaiUra="21" who="1" fromWho="1" sc="67,-26,383,62,230,-13,310,-13" /><INIT seed="5,0,0,1,3,51" ten="41,445,217,297" oya="1" hai0="104,38,124,133,63,103,121,34,79,108,134,68,81" hai1="28,120,57,83,32,88,50,54,37,114,61,4,35" hai2="5,53,100,49,24,90,122,0,87,130,31,123,129" hai3="82,85,48,89,46,116,80,58,72,14,30,110,97"/><U94/><E120/><V17/><F100/><W105/><G110/><T67/><D121/><U70/><E114/><V84/><F0/><W96/><G116/><T117/><D108/><U47/><E4/><V15/><F5/><W42/><G105/><T109/><D117/><U9/><E9/><V118/><F118/><W102/><G30/><T45/><D109/><U115/><E115/><V10/><F122/><W18/><G102/><T99/><D124/><U6/><E6/><V76/><F76/><W65/><G72/><T3/><D3/><U19/><E19/><V111/><F111/><W16/><G80/><T21/><D21/><U132/><E132/><V126/><F126/><W127/><G18/><T7/><D7/><U135/><E135/><V107/><F107/><W13/><G13/><T55/><D55/><U29/><E83/><N who="2" m="49439" /><F87/><W41/><G41/><T33/><D134/><U125/><E125/><V106/><F106/><W44/><G44/><T74/><D133/><U39/><E39/><V131/><F123/><W40/><G40/><AGARI ba="0,0" hai="33,34,38,40,45,63,67,68,74,79,81,99,103,104" machi="40" ten="40,5200,0" yaku="33,3" doraHai="51" who="0" fromWho="3" sc="41,52,445,0,217,0,297,-52" /><INIT seed="6,0,0,0,4,59" ten="93,445,217,245" oya="2" hai0="14,31,132,54,135,134,57,118,91,77,72,39,64" hai1="10,55,1,87,13,3,73,25,42,105,11,60,69" hai2="123,79,76,43,80,102,6,113,12,110,92,49,81" hai3="74,96,40,7,103,94,56,109,8,130,46,27,90"/><V53/><F123/><W61/><G109/><T38/><D91/><U97/><E73/><V128/><F110/><W114/><G74/><T58/><D77/><U121/><E121/><V36/><F36/><N who="0" m="13866" /><D72/><U51/><E42/><V24/><F43/><W133/><G114/><T17/><D31/><U45/><E25/><V19/><F113/><W23/><G130/><T2/><D2/><U119/><E119/><V37/><F37/><W71/><G71/><T107/><D107/><U67/><E11/><V84/><F128/><W117/><G117/><T95/><D95/><U78/><E78/><V126/><F126/><W16/><G103/><T120/><D120/><U68/><E68/><V52/><F6/><W85/><G133/><N who="0" m="34051" /><T83/><DORA hai="33" /><D83/><U108/><E108/><V116/><F24/><W82/><G8/><T28/><D28/><U100/><E87/><V111/><F116/><W18/><G7/><AGARI ba="0,0" hai="1,3,7,10,13,45,51,55,60,67,69,97,100,105" machi="7" ten="30,7700,0" yaku="7,1,52,3" doraHai="59,33" who="1" fromWho="3" sc="93,0,445,77,217,0,245,-77" /><INIT seed="7,0,0,3,0,134" ten="93,522,217,168" oya="3" hai0="37,71,129,5,116,115,78,106,28,17,20,79,55" hai1="34,7,108,67,105,4,31,110,123,124,50,65,58" hai2="12,133,82,103,85,39,26,104,84,32,2,40,109" hai3="80,70,122,93,94,22,51,89,72,54,27,87,41"/><W33/><G70/><T118/><D71/><U77/><E105/><V57/><F2/><W100/><G33/><T53/><D106/><U102/><E102/><V13/><F39/><W76/><G122/><T47/><D129/><U132/><E77/><V64/><F40/><W24/><G41/><T63/><D115/><U99/><E99/><V90/><F104/><W48/><G48/><T117/><D37/><U18/><E58/><V19/><F103/><W86/><G22/><T126/><D28/><U11/><E18/><V49/><F32/><W66/><G66/><T59/><D5/><U73/><E50/><V16/><F26/><W61/><G61/><T81/><D78/><U130/><E31/><V14/><F133/><W30/><G30/><T96/><D96/><U114/><E67/><V97/><F97/><N who="3" m="59447" /><G72/><T6/><D6/><U52/><E65/><V45/><F64/><W43/><G43/><T68/><D47/><AGARI ba="0,0" hai="24,27,47,51,54,76,80,86,87,89,93" m="59447" machi="47" ten="30,1500,0" yaku="8,1" doraHai="134" who="3" fromWho="0" sc="93,-15,522,0,217,0,168,15" /><INIT seed="7,1,0,4,1,2" ten="78,522,217,183" oya="3" hai0="10,55,90,47,91,15,94,65,33,89,30,40,7" hai1="58,27,84,49,130,54,133,73,17,3,134,102,64" hai2="21,78,14,19,63,85,28,77,97,104,108,107,100" hai3="62,121,88,86,115,95,53,87,72,56,51,0,122"/><W116/><G116/><T22/><D33/><U57/><E73/><V132/><F108/><W9/><G72/><T44/><D65/><U129/><E3/><V110/><F110/><W12/><G0/><T119/><D119/><U113/><E113/><V67/><F132/><N who="1" m="50793" /><E102/><V39/><F39/><W1/><G115/><T69/><D69/><U34/><E84/><V74/><F74/><W18/><G1/><T37/><D47/><U60/><E17/><V23/><F107/><W135/><G135/><T25/><REACH who="0" step="1"/><D55/><REACH who="0" ten="68,522,217,183" step="2"/><U35/><E35/><V71/><F71/><W76/><G121/><T50/><D50/><U93/><E93/><V123/><F123/><W114/><G122/><T16/><D16/><U75/><E75/><V126/><F67/><W42/><G114/><T6/><D6/><U98/><E98/><V128/><F19/><W20/><G51/><T24/><D24/><U46/><E46/><V125/><F97/><W48/><G48/><T101/><D101/><U26/><E26/><V70/><F100/><W92/><G53/><T41/><D41/><U82/><E82/><V131/><F70/><W120/><G18/><T80/><D80/><U4/><E4/><V36/><F36/><W103/><G42/><T106/><D106/><U13/><E13/><V117/><F14/><W79/><G12/><T111/><D111/><U81/><E81/><V43/><F104/><W45/><G103/><T68/><D68/><U66/><E66/><V52/><F43/><W124/><G45/><T5/><D5/><U29/><AGARI ba="1,1" hai="27,29,34,49,54,57,58,60,64,129,130" m="50793" machi="29" ten="30,1100,0" yaku="20,1" doraHai="2" who="1" fromWho="1" sc="68,-4,522,24,217,-4,183,-6" owari="64,-44.0,546,65.0,213,1.0,177,-22.0" /></mjloggm>