<mjloggm ver="2.3"><GO type="169" lobby="0"/><UN n0="%E3%83%A9%E3%83%83%E3%82%AD%E3%83%BC%E3%83%89%E3%83%83%E3%82%B0" n1="%E3%82%A6%E3%83%AB%E3%83%88%E3%83%A9%E7%AB%8B%E7%9B%B4" n2="%E6%9C%9D%E6%AF%94%E5%A5%88%E5%A4%A7%E5%90%BE" n3="%E6%99%82%E3%81%AE%E6%BC%82%E6%B3%8A" dan="16,17,16,17" rate="2117.98,2175.52,2050.48,2167.82" sx="M,M,M,F"/><TAIKYOKU oya="0"/><INIT seed="0,0,0,1,3,134" ten="250,250,250,250" oya="0" hai0="107,60,105,133,48,69,121,91,100,90,24,67,29" hai1="118,109,2,79,117,38,31,97,25,35,15,80,50" hai2="73,116,124,119,22,83,14,72,78,98,46,87,19" hai3="103,52,120,33,99,59,64,101,39,21,74,47,18"/><T7/><D121/><U26/><E38/><V5/><F98/><W49/><G120/><T44/><D133/><U82/><E2/><V9/><F46/><W135/><G135/><T40/><D7/><U111/><E15/><V131/><F131/><W13/><G33/><N who="0" m="20647" /><D107/><U68/><E68/><V132/><F132/><W81/><G39/><T61/><D60/><U108/><E25/><V3/><REACH who="2" step="1"/><F124/><REACH who="2" ten="250,250,240,250" step="2"/><W104/><G99/><AGARI ba="0,1" hai="40,44,48,61,67,69,90,91,99,100,105" m="20647" machi="99" ten="30,1500,0" yaku="25,1" doraHai="134" who="0" fromWho="3" sc="250,25,250,0,240,0,250,-15" /><INIT seed="0,1,0,0,0,22" ten="275,250,240,235" oya="0" hai0="99,12,33,66,123,55,50,91,80,65,116,108,77" hai1="9,51,18,7,82,45,83,96,26,17,69,100,10" hai2="25,107,120,6,15,30,59,76,72,113,94,5,75" hai3="126,86,29,56,127,111,4,73,70,20,119,74,87"/><T31/><D123/><U37/><E69/><V121/><F107/><W48/><G70/><T109/><D116/><U32/><E37/><V19/><F113/><W62/><G119/><T93/><D12/><U90/><E10/><V98/><F19/><W16/><G4/><T27/><D50/><U128/><E128/><V39/><F39/><W85/><G29/><T43/><D43/><U132/><E132/><V52/><F76/><W41/><G111/><N who="0" m="42571" /><D55/><U89/><E83/><V79/><F79/><W106/><G106/><T114/><D114/><U53/><E82/><V124/><F75/><AGARI ba="1,0" hai="27,31,33,65,66,75,77,80,91,93,99" m="42571" machi="75" ten="30,5800,0" yaku="14,1,10,1,52,1" doraHai="22" who="0" fromWho="2" sc="275,61,250,0,240,-61,235,0" /><INIT seed="0,2,0,2,1,58" ten="336,250,179,235" oya="0" hai0="50,86,29,32,10,23,77,88,31,121,109,126,104" hai1="93,130,61,75,44,92,62,107,98,97,53,14,132" hai2="84,46,8,115,6,30,2,55,51,13,0,114,119" hai3="57,39,60,17,124,34,131,73,80,3,118,59,26"/><T69/><D69/><U68/><E107/><V125/><F125/><W24/><G118/><T1/><D104/><U7/><E75/><V12/><F119/><W42/><G3/><T91/><D121/><U127/><E68/><V117/><F117/><W54/><G124/><T81/><D126/><U133/><E127/><V116/><F116/><W33/><G131/><T45/><D109/><U85/><E85/><V36/><F30/><W70/><G70/><T100/><D100/><U111/><E111/><V21/><F36/><W102/><G102/><T95/><D32/><U134/><E130/><V67/><F67/><W35/><G59/><T120/><D120/><U37/><E14/><V43/><F43/><W123/><G123/><T18/><D91/><N who="1" m="55455" /><E7/><V89/><F0/><W4/><G4/><T83/><D83/><U66/><E66/><V49/><F49/><W22/><G80/><T5/><D23/><U96/><E53/><V65/><F65/><W20/><G73/><T41/><REACH who="0" step="1"/><D18/><REACH who="0" ten="326,250,179,235" step="2"/><U19/><E19/><V48/><F21/><W56/><G35/><T103/><D103/><N who="1" m="60815" /><E98/><AGARI ba="2,1" hai="1,5,10,29,31,41,45,50,77,81,86,88,95,98" machi="98" ten="30,12000,1" yaku="1,1,7,1,54,1,53,2" doraHai="58" doraHaiUra="25" who="0" fromWho="1" sc="326,136,250,-126,179,0,235,0" /><INIT seed="0,3,0,1,4,11" ten="462,124,179,235" oya="0" hai0="8,13,46,119,5,42,107,67,32,40,26,10,124" hai1="129,48,70,114,45,58,33,109,89,59,54,85,82" hai2="21,81,66,90,36,104,86,75,69,4,56,126,61" hai3="134,98,49,78,30,80,6,34,105,47,76,132,22"/><T14/><D107/><U135/><E70/><V103/><F36/><W130/><G34/><T20/><D119/><U94/><E33/><V24/><F126/><W133/><G130/><T79/><D124/><U127/><E127/><V96/><F75/><W117/><G117/><T38/><D40/><U91/><E129/><V95/><F4/><W106/><G6/><T23/><D67/><U25/><E109/><V123/><F123/><W122/><G122/><T17/><REACH who="0" step="1"/><D79/><REACH who="0" ten="452,124,179,235" step="2"/><U68/><E114/><V62/><F104/><W72/><G78/><T2/><D2/><U73/><E68/><V29/><REACH who="2" step="1"/><F62/><REACH who="2" ten="452,124,169,235" step="2"/><W15/><G105/><T88/><D88/><U12/><E91/><V0/><F0/><W101/><G106/><T16/><D16/><U118/><E89/><V3/><F3/><W28/><G76/><T121/><D121/><U60/><E60/><V55/><F55/><W18/><G132/><T39/><D39/><U108/><E54/><V111/><F111/><W52/><G133/><T44/><D44/><U97/><E45/><V83/><F83/><W120/><G134/><T99/><D99/><U31/><E97/><V37/><F37/><W128/><G128/><T131/><BYE who="3" /><D131/><U57/><E135/><V112/><F112/><W64/><G64/><T43/><D43/><U65/><E65/><V27/><F27/><UN n3="%E6%99%82%E3%81%AE%E6%BC%82%E6%B3%8A" /><W53/><G80/><T115/><D115/><U87/><E82/><V19/><F19/><W100/><G98/><T102/><D102/><U77/><E25/><V63/><F63/><W51/><G120/><T113/><D113/><U84/><E108/><RYUUKYOKU ba="3,2" sc="452,15,124,-15,169,15,235,-15" hai0="5,8,10,13,14,17,20,23,26,32,38,42,46" hai2="21,24,29,56,61,66,69,81,86,90,95,96,103" /><INIT seed="0,4,2,4,2,44" ten="467,109,184,220" oya="0" hai0="96,45,19,128,87,24,4,110,104,25,27,40,28" hai1="13,130,118,32,78,134,59,29,79,84,16,106,126" hai2="57,85,129,43,60,80,115,38,100,81,5,113,14" hai3="7,102,131,22,83,98,74,8,99,17,94,49,55"/><T120/><D120/><U95/><E106/><V9/><F129/><W90/><G131/><T97/><D128/><U50/><E130/><V58/><F100/><W39/><G39/><T66/><D4/><U42/><E118/><V125/><F125/><W1/><G74/><T52/><D110/><U10/><E126/><V86/><F43/><W114/><G114/><T41/><D66/><U71/><E71/><V48/><F38/><W76/><G76/><N who="1" m="29226" /><E32/><V47/><F115/><W89/><G83/><N who="2" m="31817" /><F113/><W23/><G17/><T82/><D19/><U132/><E29/><V2/><F2/><W33/><G90/><T122/><D28/><U63/><E132/><V31/><F31/><W62/><G62/><T73/><D73/><U26/><E26/><V11/><F11/><W123/><G33/><T133/><D133/><U93/><E134/><V112/><F112/><W109/><G109/><T116/><D116/><U91/><E95/><V65/><F58/><W72/><G72/><T119/><D119/><U124/><E124/><V68/><F68/><W61/><G61/><T108/><D108/><U121/><E121/><V53/><AGARI ba="4,2" hai="5,9,14,47,48,53,57,60,65,85,86" m="31817" machi="53" ten="30,2000,0" yaku="8,1,52,1" doraHai="44" who="2" fromWho="2" sc="467,-14,109,-9,184,52,220,-9" /><INIT seed="1,0,0,2,1,53" ten="453,100,236,211" oya="1" hai0="135,58,99,23,0,92,67,68,97,94,5,14,108" hai1="75,44,32,1,91,60,131,8,15,127,52,87,109" hai2="35,9,69,84,55,129,48,85,79,12,126,11,61" hai3="10,110,133,81,37,119,95,130,89,20,114,117,112"/><U2/><E75/><V40/><F35/><W65/><G37/><T39/><D39/><U19/><E32/><V43/><F129/><W62/><G81/><T22/><D108/><U107/><E107/><V124/><F69/><W103/><G103/><N who="0" m="60839" /><D68/><U28/><E28/><V38/><F61/><W63/><G110/><T56/><D0/><U120/><E120/><V105/><F105/><W118/><G130/><T45/><D45/><U125/><E131/><V31/><F31/><W111/><G111/><T51/><D51/><N who="1" m="28775" /><E60/><V101/><F38/><W113/><G133/><T33/><D67/><U50/><E50/><V57/><F124/><N who="1" m="47689" /><E109/><V132/><F126/><W4/><G65/><T96/><D33/><U21/><E21/><N who="0" m="7689" /><D135/><U73/><E73/><V83/><F132/><W46/><G20/><T30/><D30/><U3/><E3/><V41/><F9/><W66/><G46/><T115/><D115/><U104/><E104/><V64/><F64/><W42/><G66/><T24/><D24/><U6/><E6/><V27/><F27/><W80/><G10/><N who="0" m="4431" /><D99/><U86/><E86/><N who="2" m="48511" /><F12/><W128/><G4/><T123/><D123/><U59/><E59/><V76/><F11/><W70/><G128/><T102/><AGARI ba="0,0" hai="56,58,94,96,102" m="4431,7689,60839" machi="102" ten="30,4000,0" yaku="8,1,52,2" doraHai="53" who="0" fromWho="0" sc="453,40,100,-20,236,-10,211,-10" /><INIT seed="2,0,0,5,4,0" ten="493,80,226,201" oya="2" hai0="127,18,28,17,111,115,98,37,56,33,119,79,54" hai1="68,2,12,97,11,103,19,62,107,55,71,40,96" hai2="84,130,81,8,82,95,5,80,133,47,7,78,26" hai3="59,90,41,99,3,22,51,58,93,43,129,75,9"/><V126/><F133/><W42/><G75/><T70/><D70/><U114/><E114/><V63/><F130/><W92/><G129/><T50/><D37/><U85/><E40/><V23/><F126/><W89/><G22/><T135/><D111/><U116/><E116/><V32/><F32/><W20/><G20/><T30/><D135/><U76/><E2/><V104/><F104/><W13/><G3/><T131/><D115/><U25/><E25/><V67/><F47/><W14/><G51/><T73/><D131/><U39/><E39/><V49/><F49/><W16/><REACH who="3" step="1"/><G14/><REACH who="3" ten="493,80,226,191" step="2"/><T124/><D50/><U38/><E38/><V29/><F78/><W83/><G83/><T15/><D73/><U121/><E121/><V101/><F8/><W27/><G27/><T123/><D123/><U53/><E76/><V132/><F132/><W6/><G6/><T102/><D79/><U48/><E48/><V118/><F118/><W66/><G66/><T35/><D119/><U87/><E12/><V4/><F67/><W77/><G77/><T88/><D15/><U100/><E11/><V120/><F120/><W117/><G117/><T134/><D134/><U128/><E128/><V69/><F63/><W44/><G44/><T86/><D127/><U65/><E65/><V109/><F109/><W31/><G31/><T36/><D28/><U74/><E74/><V113/><F23/><W106/><G106/><T94/><D30/><U125/><E125/><V21/><F21/><W45/><G45/><T108/><D36/><U110/><E107/><V60/><F29/><W64/><G64/><RYUUKYOKU ba="0,1" sc="493,-10,80,-10,226,-10,191,30" hai3="9,13,16,41,42,43,58,59,89,90,92,93,99" /><INIT seed="3,1,1,2,1,133" ten="483,70,216,221" oya="3" hai0="32,53,104,62,27,59,68,73,109,122,97,35,20" hai1="26,8,11,126,110,86,95,30,63,66,102,18,85" hai2="36,82,108,127,116,79,12,19,114,113,96,3,46" hai3="45,24,92,33,132,42,80,87,22,65,125,101,31"/><W131/><G132/><T129/><D109/><U77/><E110/><V120/><F108/><W84/><G131/><T134/><D73/><U39/><E39/><V37/><F116/><W123/><G125/><T128/><D134/><U121/><E121/><V2/><F96/><N who="3" m="59527" /><G33/><T130/><D68/><U83/><E18/><V70/><F70/><W117/><G123/><T67/><D53/><U44/><E44/><V52/><F120/><W99/><G117/><T60/><D60/><U103/><E126/><V15/><F127/><W9/><G65/><T100/><D122/><U54/><E54/><V17/><F36/><W88/><G9/><T135/><D135/><U29/><E29/><AGARI ba="1,1" hai="20,27,29,32,35,59,62,67,97,100,104,128,129,130" machi="29" ten="40,1300,0" yaku="19,1" doraHai="133" who="0" fromWho="1" sc="483,26,70,-16,216,0,221,0" /><INIT seed="4,0,0,3,1,56" ten="509,54,216,221" oya="0" hai0="108,36,86,27,58,20,51,66,77,82,71,121,3" hai1="111,29,100,113,24,55,105,32,49,64,72,33,70" hai2="112,16,63,132,62,120,48,107,98,61,84,130,60" hai3="23,22,99,126,135,8,80,57,103,118,109,5,69"/><T28/><D36/><U129/><E72/><V102/><F120/><W96/><G69/><T95/><D121/><U50/><E111/><V44/><F112/><W89/><G109/><T93/><D3/><U21/><E113/><V117/><F130/><W119/><G135/><T114/><D114/><U74/><E74/><V2/><F2/><W94/><G126/><T39/><D39/><U101/><E129/><V9/><F132/><W41/><G119/><T115/><D115/><U35/><E105/><V134/><F117/><W116/><G116/><T37/><D37/><U81/><E81/><V0/><F0/><W79/><G41/><T131/><D131/><U6/><E6/><V40/><F134/><W11/><G11/><T13/><D13/><U91/><E91/><V34/><F34/><W26/><G26/><T65/><D65/><U133/><E133/><V87/><N who="2" m="15360" /><DORA hai="83" /><V7/><REACH who="2" step="1"/><F7/><REACH who="2" ten="509,54,206,221" step="2"/><W128/><G5/><T85/><D108/><U31/><E64/><V25/><F25/><W38/><G118/><T1/><D27/><U110/><E110/><V123/><F123/><W4/><G4/><T68/><D66/><U78/><E33/><V104/><F104/><W106/><G106/><T92/><D1/><U14/><E35/><V18/><F18/><W52/><G128/><T73/><D71/><U19/><E70/><V43/><F43/><W47/><G38/><T17/><D68/><U12/><E32/><V45/><F45/><W76/><G47/><T42/><D42/><U125/><E24/><V15/><AGARI ba="0,1" hai="9,15,16,40,44,48,84,87,98,102,107" m="15360" machi="15" ten="40,32000,5" yaku="1,1,0,1,52,6,54,1,53,4" doraHai="56,83" doraHaiUra="124,59" who="2" fromWho="2" sc="509,-160,54,-80,206,330,221,-80" owari="349,15.0,-26,-53.0,536,64.0,141,-26.0" /></mjloggm>