<mjloggm ver="2.3"><GO type="169" lobby="0"/><UN n0="%E5%A4%8F%E8%94%AD" n1="%52%4F%4C%4C%59" n2="%67%75%73%68" n3="%E3%83%88%E3%83%88%E3%83%AA%E5%85%88%E7%94%9F%31%39%E6%AD%B3" dan="16,17,17,19" rate="2105.51,2161.59,2173.33,2276.70" sx="M,M,M,F"/><TAIKYOKU oya="0"/><INIT seed="0,0,0,0,4,74" ten="250,250,250,250" oya="0" hai0="102,39,87,125,64,46,105,73,3,80,77,43,71" hai1="57,26,94,126,123,98,84,56,47,127,42,81,114" hai2="122,70,13,52,16,6,10,100,113,132,124,96,61" hai3="32,130,86,31,30,62,83,35,22,55,34,7,88"/><T69/><D125/><N who="1" m="47627" /><E123/><V19/><F122/><W24/><G130/><T15/><D64/><U119/><E119/><V108/><F113/><W75/><G7/><T101/><D15/><U135/><E135/><V48/><F132/><W4/><G4/><T72/><D3/><U97/><E26/><V1/><F124/><W66/><G55/><T90/><D73/><U60/><E94/><V121/><F121/><W11/><G11/><T59/><D59/><N who="1" m="22603" /><E60/><V104/><F108/><W91/><G75/><T67/><D67/><U9/><E9/><V45/><REACH who="2" step="1"/><F1/><REACH who="2" ten="250,250,240,250" step="2"/><W14/><G35/><T58/><D58/><U50/><E114/><V12/><F12/><W106/><G14/><T63/><D63/><U78/><AGARI ba="0,1" hai="42,47,50,78,81,84,97,98" m="22603,47627" machi="78" ten="30,2000,0" yaku="18,1,52,1" doraHai="74" who="1" fromWho="1" sc="250,-10,250,30,240,-5,250,-5" /><INIT seed="1,0,0,0,5,79" ten="240,280,235,245" oya="1" hai0="92,113,33,67,58,19,38,37,42,76,26,135,85" hai1="47,110,63,11,17,126,18,54,2,75,0,104,131" hai2="52,109,83,27,102,39,65,81,7,134,3,70,22" hai3="30,34,72,100,68,128,107,114,120,40,78,32,112"/><U99/><E126/><V130/><F39/><W59/><G68/><T84/><D113/><U105/><E75/><V20/><F109/><W95/><G120/><T127/><D127/><U108/><E131/><V133/><F130/><W96/><G128/><T69/><D69/><U103/><E104/><V66/><F102/><W60/><G40/><T28/><D135/><N who="2" m="51722" /><F20/><W129/><G129/><T61/><D19/><N who="1" m="7179" /><E11/><N who="2" m="2559" /><F52/><W88/><G30/><T55/><D67/><N who="2" m="25610" /><F70/><W132/><G132/><T94/><D38/><U62/><E47/><V116/><F116/><W5/><G5/><T125/><D125/><U118/><E118/><V56/><F56/><W14/><G59/><T101/><D101/><U51/><E62/><V53/><F53/><W87/><G60/><T97/><D37/><U121/><E63/><V45/><F45/><W82/><REACH who="3" step="1"/><G14/><REACH who="3" ten="240,280,235,235" step="2"/><T23/><D42/><U117/><E121/><V80/><F80/><W115/><AGARI ba="0,1" hai="32,34,72,78,82,87,88,95,96,100,107,112,114,115" machi="115" ten="30,16000,3" yaku="1,1,2,1,0,1,24,2,52,1,54,1,53,2" doraHai="79" doraHaiUra="31" who="3" fromWho="3" sc="240,-40,280,-80,235,-40,235,170" /><INIT seed="2,0,0,1,4,34" ten="200,200,195,405" oya="2" hai0="99,112,44,77,16,109,59,12,134,63,117,113,119" hai1="18,3,128,105,92,90,48,130,45,17,89,133,78" hai2="46,38,68,131,72,31,24,129,97,9,32,108,135" hai3="11,124,10,101,74,52,111,127,49,126,26,13,98"/><V43/><F135/><W114/><G74/><T6/><D134/><U121/><E105/><V55/><F108/><W118/><G118/><N who="0" m="45067" /><D109/><U33/><E33/><V123/><F123/><W115/><G111/><T2/><D77/><U75/><E133/><V14/><F72/><W5/><G26/><T30/><D44/><U122/><E78/><V50/><F68/><W53/><G11/><N who="0" m="2519" /><D99/><N who="1" m="57743" /><E90/><V85/><F85/><W21/><G21/><N who="0" m="11399" /><D30/><U37/><E37/><V42/><F97/><W36/><G36/><T132/><D132/><U76/><E75/><V1/><F38/><W27/><G98/><T94/><D94/><U86/><E76/><V107/><F107/><W69/><G101/><T110/><D110/><U4/><E86/><V58/><F46/><N who="3" m="27703" /><G69/><T62/><D62/><U87/><E87/><V22/><F43/><W91/><G91/><T41/><D41/><N who="1" m="24623" /><E122/><V51/><F42/><W54/><G54/><AGARI ba="0,0" hai="54,59,63,112,113" m="11399,2519,45067" machi="54" ten="30,3900,0" yaku="12,1,52,1,54,1" doraHai="34" who="0" fromWho="3" sc="200,39,200,0,195,0,405,-39" /><INIT seed="3,0,0,3,5,113" ten="239,200,195,366" oya="3" hai0="55,70,124,43,95,45,101,34,2,16,82,131,76" hai1="79,63,97,81,73,118,71,13,87,29,14,1,74" hai2="44,17,51,134,117,40,54,18,106,42,48,59,28" hai3="128,84,4,64,108,62,116,41,57,121,109,56,12"/><W93/><G121/><T105/><D105/><U33/><E1/><V130/><F106/><W49/><G128/><T132/><D34/><U112/><E112/><V126/><F130/><W120/><G120/><T98/><D131/><U114/><E114/><V60/><F134/><W89/><G116/><T99/><D2/><U39/><E39/><V38/><F117/><W37/><G37/><T6/><D70/><U19/><E118/><V133/><F133/><W94/><G94/><T8/><D132/><U10/><E14/><V31/><F126/><W36/><G36/><T80/><D124/><U9/><E9/><V86/><F86/><W68/><G4/><T107/><D55/><U35/><E97/><V115/><F115/><W0/><G0/><T47/><D6/><U111/><E111/><N who="3" m="42570" /><G12/><T27/><D8/><U96/><E96/><V52/><F38/><W102/><G102/><T77/><D82/><U7/><E7/><V26/><F40/><W75/><G75/><T30/><D80/><U15/><E73/><V50/><F50/><W21/><G21/><T85/><D95/><U100/><E74/><V72/><F72/><W66/><G66/><T135/><D135/><U20/><E100/><V58/><REACH who="2" step="1"/><F31/><REACH who="2" ten="239,200,185,366" step="2"/><W123/><G123/><T67/><D30/><U83/><E29/><V91/><F91/><W46/><AGARI ba="0,1" hai="41,46,49,56,57,62,64,68,84,89,93" m="42570" machi="46" ten="30,3000,0" yaku="14,1,10,1" doraHai="113" who="3" fromWho="3" sc="239,-10,200,-10,185,-10,366,40" /><INIT seed="3,1,0,4,2,18" ten="229,190,175,406" oya="3" hai0="117,23,76,115,1,36,94,64,63,17,50,121,111" hai1="42,67,132,124,110,71,84,130,5,12,87,100,39" hai2="107,93,77,59,126,54,0,112,122,128,83,120,65" hai3="13,8,56,11,102,113,62,29,49,114,135,25,80"/><W55/><G135/><T103/><D36/><U43/><E132/><V89/><F107/><W57/><G102/><T26/><D117/><U51/><E39/><V70/><F112/><W22/><G80/><T2/><D121/><N who="2" m="46698" /><F0/><W78/><G78/><T101/><D111/><U15/><E110/><V129/><F126/><W79/><G79/><T58/><D115/><U99/><E124/><V127/><F127/><W106/><G106/><T9/><D76/><U37/><E37/><V60/><F93/><W66/><REACH who="3" step="1"/><G8/><REACH who="3" ten="229,190,175,396" step="2"/><T47/><D9/><U123/><E100/><V96/><F89/><W28/><G28/><T40/><D101/><U16/><E123/><V46/><F83/><W109/><G109/><T69/><D103/><U24/><E130/><V133/><F77/><W27/><G27/><T119/><D119/><U68/><E24/><V105/><F133/><W33/><G33/><T73/><D73/><U44/><E84/><V95/><F105/><W4/><AGARI ba="1,1" hai="4,11,13,22,25,29,49,55,56,57,62,66,113,114" machi="4" ten="20,7800,0" yaku="1,1,0,1,7,1,52,1,53,0" doraHai="18" doraHaiUra="90" who="3" fromWho="3" sc="229,-27,190,-27,175,-27,396,91" /><INIT seed="3,2,0,1,5,7" ten="202,163,148,487" oya="3" hai0="47,113,24,54,44,61,12,130,94,49,14,59,57" hai1="68,8,10,115,87,81,2,122,28,83,105,127,29" hai2="15,80,116,50,118,120,18,75,36,90,30,119,101" hai3="133,91,103,37,85,25,34,27,129,96,89,117,17"/><W64/><G117/><T67/><D113/><U111/><E105/><V131/><F120/><W106/><G37/><T52/><D130/><U66/><E115/><V45/><F131/><W4/><G129/><T42/><D24/><U132/><E122/><V9/><F36/><W114/><G114/><T92/><D92/><U93/><E2/><V109/><F109/><W126/><G126/><T123/><D123/><U124/><E111/><V112/><F112/><W16/><G133/><T82/><D82/><U58/><E68/><V43/><F101/><W76/><G76/><T3/><D3/><U86/><E93/><V135/><F30/><N who="1" m="11881" /><E132/><V39/><F135/><W56/><G34/><T73/><D73/><U19/><E19/><V51/><REACH who="2" step="1"/><F90/><REACH who="2" ten="202,163,138,487" step="2"/><W78/><G91/><T46/><D94/><U41/><E127/><V95/><F95/><W33/><G103/><T72/><D72/><U108/><E124/><V38/><F38/><W84/><G89/><T20/><D42/><U77/><E41/><V0/><F0/><W31/><G31/><T74/><D74/><U65/><E108/><V55/><F55/><W32/><G32/><T128/><D128/><U107/><E107/><V26/><F26/><W6/><G106/><T125/><D125/><U13/><E13/><N who="0" m="5225" /><D54/><U79/><E66/><V102/><F102/><W48/><G33/><T21/><AGARI ba="2,1" hai="20,21,44,46,47,49,52,57,59,61,67" m="5225" machi="21" ten="30,2000,0" yaku="8,1,54,1" doraHai="7" who="0" fromWho="0" sc="202,36,163,-7,138,-7,487,-12" /><INIT seed="4,0,0,1,1,123" ten="238,156,131,475" oya="0" hai0="53,30,40,128,45,118,122,15,52,76,3,88,94" hai1="89,49,33,105,100,78,77,2,10,61,134,36,43" hai2="9,111,16,0,4,8,121,124,1,110,101,92,18" hai3="108,54,95,104,70,79,103,12,69,73,27,29,83"/><T99/><D122/><U62/><E33/><V34/><F121/><W35/><G108/><N who="2" m="41513" /><F101/><W132/><G132/><T72/><D3/><U13/><E2/><V71/><F71/><W116/><G116/><T57/><D118/><U109/><E36/><V63/><F63/><N who="1" m="24073" /><E105/><V65/><F65/><W59/><G104/><T96/><D128/><U23/><E100/><V26/><F92/><W130/><G130/><T90/><D30/><U85/><E109/><V25/><F124/><W107/><G107/><T20/><D72/><U113/><E23/><V74/><F74/><W19/><G95/><N who="0" m="56423" /><D76/><U131/><E131/><V46/><F46/><W93/><G93/><T47/><D40/><U97/><E97/><V64/><F64/><W28/><G103/><T87/><D99/><U80/><E134/><V7/><F26/><W37/><G37/><T125/><D125/><U98/><E98/><V41/><F41/><W127/><G127/><T14/><D53/><U112/><E113/><V17/><F17/><W133/><G133/><T56/><D52/><U11/><E112/><V5/><F5/><W135/><G135/><T55/><D55/><U84/><E43/><V102/><F102/><W42/><G42/><T39/><D39/><U31/><E31/><AGARI ba="0,0" hai="0,1,4,7,8,9,16,18,25,31,34" m="41513" machi="31" ten="30,12000,2" yaku="34,2,52,3,54,1" doraHai="123" who="2" fromWho="1" sc="238,0,156,-120,131,120,475,0" /><INIT seed="5,0,0,2,1,20" ten="238,36,251,475" oya="1" hai0="124,84,34,65,111,80,90,66,18,62,128,43,108" hai1="24,7,103,98,87,104,68,64,39,70,52,69,42" hai2="40,109,21,30,73,107,36,132,58,106,102,61,54" hai3="125,3,115,83,76,75,99,8,71,11,105,123,134"/><U110/><E110/><V89/><F109/><W19/><G11/><T135/><D34/><U114/><E114/><V94/><F73/><W60/><G19/><T38/><D135/><U118/><E118/><V112/><F132/><W122/><G134/><T74/><D128/><U44/><E7/><V15/><F112/><W119/><G115/><T81/><D124/><U55/><E64/><V129/><F129/><W23/><G23/><T50/><D38/><U82/><REACH who="1" step="1"/><E24/><REACH who="1" ten="238,26,251,475" step="2"/><V79/><F79/><AGARI ba="0,1" hai="39,42,44,52,55,68,69,70,79,82,87,98,103,104" machi="79" ten="40,7700,0" yaku="1,1,2,1,54,1,53,0" doraHai="20" doraHaiUra="2" who="1" fromWho="2" sc="238,0,26,87,251,-77,475,0" /><INIT seed="5,1,0,1,0,86" ten="238,113,174,475" oya="1" hai0="48,22,129,55,131,69,122,11,132,47,27,114,67" hai1="15,49,128,66,74,64,96,93,40,37,14,23,2" hai2="31,46,84,52,106,1,18,108,115,68,65,21,35" hai3="33,88,51,100,79,24,17,42,127,124,29,36,133"/><U110/><E2/><V10/><F108/><W59/><G36/><T4/><D114/><U116/><E37/><V121/><F121/><W107/><G133/><T0/><D132/><U97/><E74/><V95/><F106/><W25/><G79/><T53/><D122/><U6/><E116/><V75/><F75/><W92/><G100/><T101/><D101/><U20/><E110/><V43/><F115/><W104/><G24/><T72/><D72/><U85/><E85/><V117/><F117/><W39/><G17/><T13/><D0/><U28/><E128/><N who="0" m="49225" /><D67/><N who="1" m="25643" /><E97/><V34/><F52/><N who="0" m="20042" /><D69/><U9/><E15/><V113/><F113/><W134/><G59/><T119/><D119/><U103/><E28/><V61/><F31/><W8/><G39/><T112/><D112/><U26/><E26/><V118/><F118/><W98/><G134/><T44/><D48/><U5/><E5/><V80/><F1/><W38/><G38/><T77/><D77/><U30/><E30/><AGARI ba="1,0" hai="4,11,13,22,27,30,44,47" m="20042,49225" machi="30" ten="30,2000,0" yaku="19,1,54,1" doraHai="86" who="0" fromWho="1" sc="238,23,113,-23,174,0,475,0" /><INIT seed="6,0,0,0,3,98" ten="261,90,174,475" oya="2" hai0="94,59,23,81,71,37,11,69,116,54,100,58,0" hai1="79,86,85,91,13,33,70,111,16,89,14,113,106" hai2="51,83,90,76,68,87,132,12,99,6,65,56,107" hai3="5,88,134,110,24,26,80,75,93,117,40,29,27"/><V124/><F132/><W48/><G110/><T109/><D109/><U114/><E70/><V41/><F124/><W21/><G117/><T135/><D37/><U10/><E106/><V67/><F68/><W60/><G134/><T133/><D116/><U96/><E33/><V92/><F107/><W17/><G5/><T95/><D81/><U34/><E34/><V127/><F127/><W42/><G75/><T84/><D23/><U101/><E111/><V46/><F56/><W9/><G80/><T30/><D30/><U118/><E118/><V97/><F97/><W64/><G9/><AGARI ba="0,0" hai="6,9,12,41,46,51,65,67,76,83,87,90,92,99" machi="9" ten="40,7700,0" yaku="25,2,8,1" doraHai="98" who="2" fromWho="3" sc="261,0,90,0,174,77,475,-77" /><INIT seed="6,1,0,5,4,77" ten="261,90,251,398" oya="2" hai0="47,110,81,112,86,98,117,19,16,97,32,67,14" hai1="5,33,31,85,118,88,100,133,15,0,92,35,17" hai2="10,70,122,116,4,72,91,6,22,1,44,2,46" hai3="37,34,62,36,24,30,78,39,66,103,58,52,25"/><V73/><F122/><W127/><G127/><T29/><D110/><U9/><E118/><V61/><F116/><W114/><G114/><T99/><D117/><U134/><E100/><V83/><F22/><W3/><G3/><T79/><D112/><U11/><REACH who="1" step="1"/><E31/><REACH who="1" ten="261,80,251,398" step="2"/><V109/><F109/><W131/><G103/><T95/><D67/><U93/><E93/><V20/><F20/><W74/><G66/><T102/><D95/><U125/><E125/><V41/><F10/><W60/><G30/><T82/><D102/><U123/><E123/><V80/><F70/><W96/><G34/><AGARI ba="1,1" hai="0,5,9,11,15,17,33,34,35,85,88,92,133,134" machi="34" ten="40,2600,0" yaku="1,1,54,1,53,0" doraHai="77" doraHaiUra="108" who="1" fromWho="3" sc="261,0,80,39,251,0,398,-29" /><INIT seed="7,0,0,2,3,106" ten="261,119,251,369" oya="3" hai0="33,53,132,74,25,1,118,13,114,6,15,23,124" hai1="29,61,21,97,91,50,108,8,14,48,56,117,87" hai2="101,22,31,120,89,84,109,54,57,79,100,44,24" hai3="131,98,81,26,75,130,102,12,36,99,43,39,18"/><W19/><G26/><T62/><D74/><U34/><E117/><V67/><F120/><W41/><G75/><T0/><D53/><U88/><E108/><V10/><F109/><W94/><G81/><T96/><D96/><U92/><E34/><V47/><F79/><W104/><G43/><T5/><D62/><U119/><E119/><V16/><F67/><W77/><G77/><T83/><D83/><U60/><E29/><V111/><F111/><W37/><G41/><T38/><D38/><U122/><E122/><V66/><F66/><W72/><G72/><T35/><D118/><U9/><E9/><V51/><F101/><N who="3" m="60631" /><G12/><N who="0" m="4683" /><D132/><U80/><E21/><N who="2" m="15759" /><F10/><W133/><G133/><T112/><D124/><U110/><E61/><V42/><F100/><W121/><G121/><T17/><D112/><U82/><E82/><N who="2" m="49303" /><F42/><W49/><G49/><T103/><D103/><U69/><E69/><V20/><F20/><W64/><G64/><T55/><D55/><U65/><REACH who="1" step="1"/><E110/><REACH who="1" ten="261,109,251,369" step="2"/><V95/><F22/><W46/><G104/><T2/><D114/><U78/><E78/><V63/><F63/><W126/><G126/><T28/><D28/><U134/><E134/><V76/><F76/><W129/><G129/><T40/><D33/><U52/><E52/><V113/><F54/><W125/><G131/><T45/><D35/><U7/><AGARI ba="0,1" hai="7,8,14,48,50,56,60,65,80,87,88,91,92,97" machi="7" ten="20,8000,1" yaku="1,1,0,1,7,1,8,1,54,1,53,0" doraHai="106" doraHaiUra="127" who="1" fromWho="1" sc="261,-20,109,90,251,-20,369,-40" owari="241,4.0,199,-30.0,231,-17.0,329,43.0" /></mjloggm>