<mjloggm ver="2.3"><GO type="169" lobby="0"/><UN n0="%E3%81%BE%E3%82%8B%E3%81%9F%E3%82%8D%E3%81%86" n1="%E9%A3%9B%E6%B2%AB" n2="%57%49%4E%E7%A5%9E" n3="%E5%B0%B1%E6%B4%BB%E7%94%9F%40%E5%B7%9D%E6%9D%91%E8%BB%8D%E5%9B%A3" dan="16,16,16,17" rate="2058.50,2097.56,2117.52,2223.06" sx="F,M,M,M"/><TAIKYOKU oya="0"/><INIT seed="0,0,0,4,0,79" ten="250,250,250,250" oya="0" hai0="36,41,19,35,22,98,74,94,85,68,40,56,17" hai1="3,114,100,107,104,128,54,90,24,23,53,62,28" hai2="33,83,2,51,124,97,99,32,105,31,5,30,117" hai3="59,121,10,133,78,14,130,47,9,21,0,123,125"/><T126/><D68/><U11/><E128/><V71/><F124/><W108/><G59/><T65/><D74/><U91/><E114/><V46/><F117/><W52/><G125/><T72/><D72/><U113/><E113/><V87/><F71/><W49/><G130/><T131/><D35/><U13/><E3/><V67/><F67/><W110/><G133/><T37/><D126/><U73/><E73/><V64/><F64/><W15/><G78/><T77/><D37/><U6/><E54/><V129/><F129/><W25/><G0/><T34/><D34/><U95/><E100/><V8/><F33/><W103/><G103/><T119/><D119/><U111/><E111/><N who="3" m="42538" /><G15/><N who="0" m="9535" /><D36/><U66/><E53/><V120/><F120/><N who="3" m="46155" /><G14/><T81/><D19/><AGARI ba="0,0" hai="9,10,19,21,25,47,49,52" m="46155,42538" machi="19" ten="30,3900,0" yaku="14,1,13,1,54,1" doraHai="79" who="3" fromWho="0" sc="250,-39,250,0,250,0,250,39" /><INIT seed="1,0,0,2,4,101" ten="211,250,250,289" oya="1" hai0="112,82,76,75,127,109,123,9,35,113,13,5,10" hai1="134,133,73,46,1,21,20,106,121,30,7,71,16" hai2="80,66,94,60,117,128,23,62,103,126,67,41,99" hai3="129,59,119,93,88,105,135,43,108,8,114,47,28"/><U70/><E121/><V34/><F117/><W100/><G114/><T11/><D123/><U15/><E73/><V3/><F34/><W12/><G119/><T4/><D35/><U65/><E65/><V132/><F132/><N who="1" m="50793" /><E46/><V92/><F128/><W115/><G115/><T31/><D31/><U6/><E106/><V50/><F3/><W32/><G135/><T42/><D127/><U125/><E125/><V53/><F41/><W69/><G69/><N who="1" m="26122" /><E1/><V87/><F126/><W104/><G129/><T19/><D109/><U49/><E49/><V95/><F67/><W17/><G108/><T24/><D42/><U130/><E130/><V25/><F66/><W51/><G100/><T84/><D112/><U77/><E77/><N who="2" m="46479" /><F62/><W122/><G122/><T26/><D113/><U63/><E63/><V2/><F60/><W33/><G59/><T48/><D48/><U78/><E78/><V36/><F2/><W18/><G18/><T107/><D107/><U102/><E102/><V52/><F36/><W91/><G91/><T38/><D75/><U74/><E74/><V131/><F131/><W40/><G40/><T85/><D38/><U97/><E97/><V56/><F53/><W55/><G43/><T81/><D84/><U45/><E45/><V68/><F68/><W14/><G104/><T37/><D37/><U110/><E110/><V120/><F120/><W29/><G105/><T22/><D81/><U124/><E124/><V116/><F116/><W39/><G39/><T72/><D72/><U64/><E64/><V0/><F0/><W58/><G51/><T44/><D44/><RYUUKYOKU ba="0,0" sc="211,10,250,10,250,10,289,-30" hai0="4,5,9,10,11,13,19,22,24,26,76,82,85" hai1="6,7,15,16,20,21,30" hai2="23,25,50,52,56,92,94,95,99,103" /><INIT seed="1,1,0,3,4,5" ten="221,260,260,259" oya="1" hai0="95,82,111,2,44,110,108,20,53,57,104,45,23" hai1="66,19,67,61,70,3,90,37,113,84,30,100,103" hai2="65,56,68,92,122,46,33,9,81,127,133,40,62" hai3="71,126,18,16,24,15,39,1,60,114,112,80,58"/><U13/><E113/><V74/><F122/><W59/><G1/><T134/><D104/><U77/><E77/><V55/><F133/><W118/><G39/><T35/><D35/><U26/><E3/><V78/><F127/><W31/><G126/><T63/><D2/><U73/><E37/><V125/><F33/><W8/><G118/><T28/><D134/><U22/><E67/><V32/><F32/><W132/><G132/><T10/><D82/><U124/><E73/><V105/><F105/><W21/><G71/><T34/><D95/><U14/><E14/><V64/><F92/><W54/><G80/><T131/><D131/><U128/><E128/><V130/><F130/><W41/><G41/><T47/><D10/><U89/><E124/><V102/><F102/><W120/><G120/><T4/><REACH who="0" step="1"/><D4/><REACH who="0" ten="211,260,260,259" step="2"/><U83/><REACH who="1" step="1"/><E90/><REACH who="1" ten="211,250,260,259" step="2"/><V0/><F125/><W42/><G114/><T135/><D135/><U117/><E117/><V121/><F121/><W99/><G112/><T7/><D7/><U93/><E93/><V101/><F0/><W115/><G115/><T97/><D97/><U75/><E75/><V116/><F74/><W119/><G99/><T6/><D6/><U86/><E86/><V79/><F116/><W12/><G119/><T38/><D38/><U106/><E106/><V11/><F79/><W25/><G15/><T50/><D50/><U36/><E36/><V123/><F78/><W48/><G12/><T51/><D51/><U109/><E109/><V69/><F123/><W96/><G48/><T87/><D87/><U107/><E107/><V76/><F76/><RYUUKYOKU ba="1,2" sc="211,15,250,15,260,-15,259,-15" hai0="20,23,28,34,44,45,47,53,57,63,108,110,111" hai1="13,19,22,26,30,61,66,70,83,84,89,100,103" /><INIT seed="1,2,2,1,1,51" ten="226,265,245,244" oya="1" hai0="48,61,86,118,135,20,36,29,104,13,83,11,128" hai1="88,77,8,68,131,65,115,22,38,67,114,35,43" hai2="108,55,72,112,122,39,127,34,6,105,71,62,30" hai3="117,14,93,119,111,87,4,52,25,33,59,15,123"/><U92/><E35/><V44/><RYUUKYOKU type="yao9" ba="2,2" sc="226,0,265,0,245,0,244,0" hai2="6,30,34,39,44,55,62,71,72,105,108,112,122,127" /><INIT seed="1,3,2,5,3,81" ten="226,265,245,244" oya="1" hai0="29,11,37,5,104,87,54,100,50,25,72,92,127" hai1="48,70,35,111,51,116,106,132,130,108,24,4,19" hai2="15,74,135,3,134,119,43,39,117,42,16,105,59" hai3="28,68,96,8,0,102,77,123,18,44,98,46,64"/><U128/><E116/><N who="2" m="44619" /><F3/><W97/><G123/><T114/><D72/><U109/><E132/><N who="2" m="50731" /><F74/><W52/><G28/><T69/><D114/><U47/><E70/><V115/><F115/><W23/><G77/><T9/><D37/><U85/><E106/><V45/><F43/><W79/><G79/><T60/><D127/><U118/><E118/><V17/><F105/><W67/><G68/><T6/><D104/><U26/><E4/><N who="0" m="1641" /><D60/><U91/><E35/><V61/><F15/><N who="3" m="7527" /><G0/><T121/><D69/><U99/><E99/><V112/><F112/><W41/><G102/><T110/><D110/><U56/><E56/><V1/><F1/><W80/><G80/><T27/><D121/><U113/><E113/><V33/><F33/><W40/><G23/><N who="0" m="15551" /><D27/><N who="1" m="10283" /><E19/><V73/><F73/><W94/><G94/><T7/><D7/><U63/><E63/><V84/><F84/><W34/><G34/><T36/><D36/><U62/><E62/><V22/><F22/><W57/><G40/><T107/><D107/><U126/><E126/><V30/><F30/><W82/><G82/><T20/><D20/><U90/><E85/><V49/><F39/><W76/><G76/><T131/><D87/><U12/><E12/><V124/><F124/><W58/><G41/><T32/><D32/><U55/><E48/><V83/><F83/><W71/><G71/><T86/><D86/><U125/><E125/><V101/><F101/><W120/><G120/><T133/><D133/><U38/><E38/><V65/><AGARI ba="3,2" hai="16,17,42,45,49,59,61,65" m="50731,44619" machi="65" ten="30,2000,0" yaku="20,1,54,1" doraHai="81" who="2" fromWho="2" sc="226,-8,265,-13,245,49,244,-8" /><INIT seed="2,0,0,5,1,101" ten="218,252,294,236" oya="2" hai0="115,110,84,130,74,100,69,116,17,61,120,132,95" hai1="42,81,3,70,60,7,94,35,122,77,66,26,62" hai2="79,2,49,102,5,76,89,52,91,14,51,124,54" hai3="33,36,41,117,12,67,82,87,58,68,23,133,30"/><V45/><F2/><W59/><G117/><T34/><RYUUKYOKU type="yao9" ba="0,0" sc="218,0,252,0,294,0,236,0" hai0="17,34,61,69,74,84,95,100,110,115,116,120,130,132" /><INIT seed="2,1,0,2,2,36" ten="218,252,294,236" oya="2" hai0="9,27,48,0,67,111,98,58,35,107,8,130,96" hai1="42,75,25,90,22,65,57,71,18,70,116,131,124" hai2="56,81,119,86,19,117,104,49,54,29,41,135,94" hai3="85,126,17,39,76,6,28,64,103,63,87,40,62"/><V11/><F104/><W88/><G126/><T108/><D130/><U46/><E75/><V23/><F135/><W118/><G118/><T3/><D35/><U112/><E112/><V123/><F123/><W121/><G121/><T59/><D27/><U109/><E116/><V32/><F32/><W97/><G6/><T101/><D67/><U5/><E5/><V7/><F29/><W95/><G28/><T53/><D98/><U84/><E109/><N who="0" m="42057" /><D59/><U114/><E124/><V77/><F41/><W16/><G76/><T115/><D115/><U106/><E106/><V33/><F94/><W26/><G26/><T78/><D78/><U125/><E131/><V66/><F66/><W30/><G30/><T52/><D53/><U134/><E134/><V60/><F33/><W45/><G63/><T133/><D133/><U31/><E31/><V129/><F60/><W10/><G10/><AGARI ba="1,0" hai="0,3,8,9,10,48,52,58,96,101,107" m="42057" machi="10" ten="30,2000,0" yaku="14,1,54,1" doraHai="36" who="0" fromWho="3" sc="218,23,252,0,294,0,236,-23" /><INIT seed="3,0,0,4,3,86" ten="241,252,294,213" oya="3" hai0="91,16,24,116,38,3,7,126,59,114,81,28,105" hai1="123,107,17,95,119,22,109,30,94,117,92,12,15" hai2="25,55,27,68,132,49,79,41,83,133,69,33,134" hai3="121,75,31,110,1,35,67,97,82,14,87,66,129"/><W29/><G1/><T2/><D116/><N who="1" m="44619" /><E123/><V32/><F41/><W108/><G121/><T42/><D105/><U101/><E30/><N who="3" m="11274" /><G35/><N who="2" m="13385" /><F69/><W127/><G75/><T50/><D126/><U111/><E107/><V47/><F68/><W73/><G73/><AGARI ba="0,0" hai="25,27,47,49,55,73,79,83,132,133,134" m="13385" machi="73" ten="40,1300,0" yaku="20,1" doraHai="86" who="2" fromWho="3" sc="241,0,252,0,294,13,213,-13" /><INIT seed="4,0,0,5,4,106" ten="241,252,307,200" oya="0" hai0="126,20,28,3,75,27,90,1,63,118,65,98,131" hai1="14,69,120,104,74,29,101,35,70,49,83,94,89" hai2="102,110,116,95,55,43,122,39,21,22,71,87,86" hai3="115,12,26,17,84,46,91,96,57,62,19,45,60"/><T7/><D118/><U85/><E120/><V82/><F122/><W133/><G115/><T73/><D126/><U67/><E67/><V125/><F116/><W77/><G133/><T127/><D127/><U48/><E14/><V5/><F125/><W23/><G77/><T64/><D64/><U100/><E100/><V109/><F71/><W76/><G76/><T59/><D131/><U10/><E10/><V114/><F114/><W52/><G62/><T51/><D51/><U119/><E119/><V68/><F55/><W25/><G25/><T81/><D7/><U112/><E112/><V18/><F5/><W99/><G99/><T121/><D121/><U58/><E29/><V36/><F68/><W111/><G111/><N who="2" m="42505" /><F102/><W93/><G84/><N who="2" m="32297" /><F95/><W15/><G15/><T124/><D124/><U41/><E35/><V107/><F107/><W108/><G108/><T33/><D33/><U16/><E48/><V66/><F82/><W11/><AGARI ba="0,0" hai="11,12,17,19,23,26,45,46,52,57,60,91,93,96" machi="11" ten="20,12000,2" yaku="0,1,7,1,25,2,8,1,54,1" doraHai="106" who="3" fromWho="3" sc="241,-60,252,-30,307,-30,200,120" /><INIT seed="5,0,0,5,0,85" ten="181,222,277,320" oya="1" hai0="88,32,71,105,127,133,96,73,70,25,109,64,97" hai1="39,0,21,66,83,65,124,59,10,14,126,28,6" hai2="78,55,52,29,38,26,80,16,77,113,117,19,2" hai3="92,1,76,98,53,58,99,79,135,46,89,18,34"/><U75/><E39/><V131/><F117/><W104/><G34/><T37/><D109/><U87/><E75/><V5/><F38/><W40/><G1/><T93/><D73/><U41/><E41/><V23/><F131/><W90/><G135/><T128/><D37/><U22/><E59/><V61/><F113/><W43/><G18/><N who="2" m="6697" /><F2/><W111/><G111/><T94/><D105/><U12/><E0/><V24/><F5/><W4/><G4/><T119/><D119/><U110/><E110/><V20/><F80/><W51/><G104/><T100/><D128/><U68/><E12/><V9/><F9/><W134/><G134/><T101/><D133/><U103/><E103/><V60/><F60/><N who="3" m="35919" /><G43/><T95/><D127/><N who="1" m="48683" /><E68/><V102/><F102/><W42/><G42/><T130/><D130/><U31/><E22/><V116/><F116/><W62/><G62/><T123/><D123/><U112/><E112/><V108/><F108/><W8/><G8/><T49/><D49/><U47/><E47/><V107/><F107/><W11/><G11/><T15/><D15/><U63/><E63/><V132/><F132/><W48/><G48/><T74/><D74/><U7/><E7/><V118/><F118/><W17/><G17/><T129/><D129/><U82/><E21/><V81/><F61/><W114/><G114/><T56/><D32/><U57/><E10/><V69/><F69/><W86/><G99/><N who="0" m="57767" /><D25/><U67/><E6/><V27/><F26/><W33/><G33/><T45/><D45/><U30/><E14/><V54/><F27/><W91/><G98/><T72/><D72/><RYUUKYOKU ba="0,0" sc="181,15,222,-15,277,-15,320,15" hai0="56,64,70,71,94,95,96,97,100,101" hai3="40,46,51,76,79,86,89,90,91,92" /><INIT seed="6,1,0,4,2,56" ten="196,207,262,335" oya="2" hai0="58,62,19,91,95,38,80,9,132,114,3,117,127" hai1="119,121,134,93,96,17,82,22,70,76,108,16,81" hai2="6,59,65,2,100,1,32,94,57,64,63,18,27" hai3="73,61,54,75,87,14,109,8,74,83,5,46,125"/><V92/><F6/><W51/><G109/><T78/><D38/><U48/><E119/><V104/><F104/><W39/><G125/><T35/><D127/><U69/><E108/><V102/><F18/><W43/><G61/><T79/><D35/><U37/><E37/><V26/><F32/><W52/><REACH who="3" step="1"/><G39/><REACH who="3" ten="196,207,262,325" step="2"/><T120/><D117/><U68/><E121/><V36/><F36/><W25/><G25/><T130/><D120/><U47/><E134/><V10/><F10/><W60/><G60/><AGARI ba="1,1" hai="1,2,26,27,57,59,60,63,64,65,92,94,100,102" machi="60" ten="25,9600,0" yaku="22,2,52,2" doraHai="56" who="2" fromWho="3" sc="196,0,207,0,262,109,325,-99" /><INIT seed="6,2,0,2,4,112" ten="196,207,371,226" oya="2" hai0="132,134,90,76,13,49,84,101,56,63,120,86,47" hai1="77,94,36,117,125,55,91,42,105,106,8,50,20" hai2="21,52,95,131,40,71,31,25,66,59,30,58,69" hai3="37,121,61,129,126,104,74,11,79,128,119,3,43"/><V7/><F131/><N who="3" m="50251" /><G121/><T103/><D120/><U4/><E117/><V89/><F31/><W35/><G35/><T14/><D76/><U110/><E77/><V93/><F40/><W29/><G29/><T88/><D56/><U127/><E110/><V0/><F95/><W92/><G119/><T60/><REACH who="0" step="1"/><D49/><REACH who="0" ten="186,207,371,226" step="2"/><U53/><E50/><V111/><F59/><W102/><G79/><T9/><D9/><U99/><E36/><V122/><F58/><W27/><G11/><T26/><D26/><U45/><E45/><AGARI ba="2,1" hai="13,14,45,47,60,63,84,86,88,90,101,103,132,134" machi="45" ten="25,6400,0" yaku="1,1,22,2,54,1,53,0" doraHai="112" doraHaiUra="62" who="0" fromWho="1" sc="186,80,207,-70,371,0,226,0" /><INIT seed="7,0,0,5,0,92" ten="266,137,371,226" oya="3" hai0="19,39,31,85,71,106,82,36,125,13,102,44,64" hai1="110,40,130,48,124,8,27,50,118,78,95,33,46" hai2="90,7,115,99,86,68,97,96,87,93,20,120,61" hai3="66,26,98,131,21,123,72,43,41,91,37,22,17"/><W105/><G123/><T122/><D122/><U59/><E110/><V11/><F120/><W128/><G72/><T23/><D31/><U24/><E118/><V57/><F115/><W56/><G37/><T47/><D39/><U1/><E130/><V127/><F68/><W16/><G66/><T4/><D36/><U52/><E124/><V111/><F111/><W45/><G56/><T76/><D4/><U42/><E33/><V55/><F127/><W5/><G5/><T126/><D126/><U100/><E78/><V80/><F20/><W25/><G45/><T119/><D119/><U74/><E74/><V107/><F107/><W133/><G133/><T14/><D14/><U70/><E70/><V15/><F87/><W30/><G30/><T112/><D125/><U103/><E103/><AGARI ba="0,0" hai="7,11,15,55,57,61,80,86,90,93,96,97,99,103" machi="103" ten="30,8000,1" yaku="7,1,8,1,52,3" doraHai="92" who="2" fromWho="1" sc="266,0,137,-80,371,80,226,0" owari="266,7.0,57,-44.0,451,54.0,226,-17.0" /></mjloggm>