<mjloggm ver="2.3"><GO type="169" lobby="0"/><UN n0="%47%4F%4B%49%47%45%4E" n1="%E3%83%8D%E3%83%BC%E3%83%A0%E3%83%AC%E3%82%B9%EF%BC%97" n2="%E5%B0%B1%E6%B4%BB%E7%94%9F%40%E5%B7%9D%E6%9D%91%E8%BB%8D%E5%9B%A3" n3="%E2%98%86%E9%BB%84%E7%80%AC%E3%82%84%E3%82%88%E3%81%84%E2%98%86" dan="16,17,17,16" rate="2117.63,2121.47,2138.80,2040.24" sx="M,M,M,F"/><TAIKYOKU oya="0"/><INIT seed="0,0,0,4,0,74" ten="250,250,250,250" oya="0" hai0="15,9,76,130,34,79,61,57,81,25,83,71,111" hai1="86,12,48,18,123,22,37,89,106,124,102,75,114" hai2="17,110,36,28,127,62,64,44,128,6,82,120,55" hai3="40,117,84,108,7,131,66,88,65,11,32,1,91"/><T68/><D130/><U49/><E123/><V60/><F120/><W3/><G117/><T56/><D34/><U112/><E37/><V94/><F6/><W100/><G32/><T92/><D25/><U52/><E75/><V38/><F28/><W39/><G131/><T119/><D92/><U46/><E124/><V85/><F110/><W132/><G132/><T13/><D111/><U126/><E126/><V42/><F128/><W122/><G122/><T24/><D24/><U97/><REACH who="1" step="1"/><E49/><REACH who="1" ten="250,240,250,250" step="2"/><V116/><F38/><W135/><G108/><T67/><D119/><U72/><E72/><V113/><F116/><W19/><G39/><T109/><D109/><U8/><E8/><V73/><F73/><W58/><G11/><T41/><D9/><U43/><E43/><V115/><F42/><W26/><G40/><T4/><D41/><U118/><E118/><V16/><F36/><W104/><G135/><T5/><D61/><U129/><E129/><V33/><F127/><W29/><G1/><T107/><D107/><U20/><E20/><V90/><F33/><W69/><G3/><T27/><D27/><U99/><E99/><V103/><F113/><W21/><G104/><T101/><D101/><U121/><E121/><V50/><F115/><W30/><G100/><T80/><D80/><AGARI ba="0,1" hai="12,18,22,46,48,52,80,86,89,97,102,106,112,114" machi="80" ten="40,5200,0" yaku="1,1,54,1,53,1" doraHai="74" doraHaiUra="51" who="1" fromWho="0" sc="250,-52,240,62,250,0,250,0" /><INIT seed="1,0,0,5,5,127" ten="198,302,250,250" oya="1" hai0="49,89,7,8,81,91,135,77,45,92,53,124,41" hai1="125,75,85,25,13,29,58,9,72,126,110,6,90" hai2="78,59,80,62,112,111,12,114,35,43,18,14,73" hai3="94,42,134,109,117,28,105,36,118,82,103,27,104"/><U65/><E110/><V86/><F35/><W88/><G109/><T71/><D71/><U123/><E123/><V122/><F122/><W83/><G134/><T116/><D116/><N who="3" m="44649" /><G36/><T133/><D124/><N who="1" m="47723" /><E65/><V84/><F111/><W76/><G42/><T100/><D100/><U1/><E58/><V96/><F43/><W55/><G55/><T99/><D91/><U20/><E1/><V120/><F96/><N who="3" m="57415" /><G103/><T69/><D69/><U0/><E0/><V98/><F98/><W34/><G83/><AGARI ba="0,0" hai="6,9,13,20,25,29,72,75,83,85,90" m="47723" machi="83" ten="30,1500,0" yaku="18,1" doraHai="127" who="1" fromWho="3" sc="198,0,302,15,250,0,250,-15" /><INIT seed="1,1,0,3,0,125" ten="198,317,250,235" oya="1" hai0="114,46,28,101,24,76,50,65,39,32,109,63,67" hai1="132,69,14,79,107,117,103,78,126,56,22,58,8" hai2="118,116,23,3,44,72,106,92,124,96,128,130,45" hai3="51,111,133,88,70,11,34,37,74,33,119,40,30"/><U43/><E117/><V59/><F3/><W91/><G119/><N who="2" m="45609" /><F72/><W81/><G133/><T104/><D39/><U134/><E69/><V35/><F35/><W77/><G111/><T38/><D109/><U131/><E126/><V85/><F85/><W102/><G70/><T89/><D38/><U29/><E43/><V127/><F59/><W27/><G34/><T10/><D76/><U97/><E131/><N who="2" m="50219" /><F106/><W95/><G74/><T42/><D114/><U68/><E68/><V82/><F82/><W100/><G81/><T99/><D10/><U84/><E84/><V9/><F9/><W129/><G11/><T49/><D50/><U123/><E123/><V57/><F57/><W1/><G37/><T5/><D5/><U120/><E120/><V113/><F113/><W122/><G51/><T31/><D63/><U12/><E58/><V87/><F87/><W110/><G122/><T20/><D32/><U6/><E56/><V25/><F124/><W75/><G75/><T73/><D73/><U7/><E79/><V36/><F36/><W105/><G77/><T4/><D4/><U54/><E78/><V47/><F127/><W41/><G1/><T60/><D60/><U98/><E132/><V53/><F53/><W112/><G129/><T80/><D65/><U17/><E134/><V15/><F15/><W83/><G112/><T90/><D67/><U66/><E66/><V62/><F62/><W21/><G105/><T16/><D80/><U86/><E86/><V93/><F96/><N who="3" m="57471" /><G83/><T64/><D64/><U94/><E97/><V108/><F108/><W48/><G110/><RYUUKYOKU ba="1,0" sc="198,15,317,-15,250,15,235,-15" hai0="16,20,24,28,31,42,46,49,89,90,99,101,104" hai2="23,25,44,45,47,92,93" /><INIT seed="2,2,0,5,4,110" ten="213,302,265,220" oya="2" hai0="71,89,111,88,73,2,5,118,8,11,70,105,36" hai1="99,107,124,125,129,61,126,66,28,59,116,65,3" hai2="21,77,41,48,27,117,55,29,127,4,91,58,80" hai3="86,113,6,22,115,133,47,44,112,32,85,120,57"/><V67/><F117/><W109/><G120/><T76/><D118/><U119/><E3/><V34/><F127/><W49/><G109/><T93/><D105/><U20/><E129/><V75/><F4/><W51/><G32/><T26/><D111/><U38/><E38/><V92/><F67/><W30/><G133/><T64/><D36/><U102/><REACH who="1" step="1"/><E66/><REACH who="1" ten="213,292,265,220" step="2"/><V13/><F41/><N who="3" m="24815" /><G6/><T98/><D64/><U103/><E103/><V24/><F13/><W25/><G57/><T74/><D26/><AGARI ba="2,1" hai="20,26,28,59,61,65,99,102,107,116,119,124,125,126" machi="26" ten="40,5200,0" yaku="1,1,18,1,53,1" doraHai="110" doraHaiUra="60" who="1" fromWho="0" sc="213,-58,292,68,265,0,220,0" /><INIT seed="3,0,0,4,2,95" ten="155,360,265,220" oya="3" hai0="6,15,92,53,103,34,7,73,96,38,62,90,126" hai1="19,118,28,123,128,81,91,21,50,40,41,119,46" hai2="82,60,85,75,113,58,115,94,65,74,108,88,129" hai3="97,17,135,80,57,68,77,30,33,66,106,122,56"/><W37/><G122/><T111/><D38/><U102/><E123/><V127/><F108/><W130/><G37/><T16/><D73/><U49/><E128/><V124/><F129/><W114/><G114/><N who="2" m="43529" /><F82/><W116/><G116/><T110/><D34/><U55/><E28/><V67/><F67/><W45/><G135/><T131/><D126/><AGARI ba="0,0" hai="58,60,65,74,75,85,88,94,124,126,127" m="43529" machi="126" ten="30,2000,0" yaku="18,1,54,1" doraHai="95" who="2" fromWho="0" sc="155,-20,360,0,265,20,220,0" /><INIT seed="4,0,0,0,3,46" ten="135,360,285,220" oya="0" hai0="102,119,93,57,25,120,29,104,105,123,131,20,67" hai1="7,95,6,75,87,5,1,68,16,19,45,4,11" hai2="113,86,47,54,114,63,30,108,52,107,58,78,106" hai3="90,31,26,121,35,21,32,115,74,130,82,135,124"/><T51/><D119/><U56/><E75/><V12/><F108/><W118/><G118/><T13/><D131/><U126/><E68/><V62/><F30/><W101/><G130/><T33/><D120/><U80/><E126/><V94/><F12/><W109/><G109/><T61/><D123/><U65/><E95/><V111/><F111/><W27/><G124/><T116/><D116/><U73/><E73/><V128/><F128/><W99/><G135/><T117/><D117/><U8/><E45/><V14/><F14/><W10/><G115/><N who="2" m="44041" /><F78/><W85/><G74/><T103/><D103/><U28/><E28/><V22/><F22/><W132/><G132/><T0/><D0/><U72/><E72/><V112/><F112/><W88/><G121/><T81/><D81/><U39/><E39/><V60/><F47/><W9/><G90/><T100/><D100/><U17/><E65/><V41/><F41/><W83/><G83/><T36/><D36/><U48/><E56/><N who="2" m="34823" /><F62/><W37/><G37/><T49/><D33/><U133/><E133/><V2/><F2/><W15/><G27/><T24/><D24/><U50/><REACH who="1" step="1"/><E11/><REACH who="1" ten="135,350,285,220" step="2"/><V42/><F42/><W43/><G43/><T3/><D3/><U134/><E134/><V76/><F94/><W127/><G127/><T59/><D57/><U40/><E40/><V122/><F122/><W64/><G64/><T110/><D110/><U18/><E18/><V55/><F55/><W71/><G71/><T129/><D129/><U23/><E23/><V96/><F96/><W98/><G98/><N who="0" m="59727" /><D13/><U84/><E84/><V97/><F97/><RYUUKYOKU ba="0,1" sc="135,10,350,10,285,10,220,-30" hai0="20,25,29,49,51,59,61,67,104,105" hai1="1,4,5,6,7,8,16,17,19,48,50,80,87" hai2="54,58,63,76,86,106,107" /><INIT seed="4,1,1,2,0,20" ten="145,360,295,190" oya="0" hai0="89,116,48,105,39,12,19,69,40,135,120,53,103" hai1="30,82,24,88,15,123,118,87,130,111,119,52,14" hai2="127,58,11,0,31,86,93,71,124,131,34,42,22" hai3="102,110,33,64,50,100,4,101,45,117,54,55,95"/><T85/><D116/><U83/><E111/><V65/><F71/><W7/><G110/><T66/><D120/><U27/><E123/><V61/><F34/><W77/><G117/><T43/><D135/><U9/><E130/><V121/><F121/><W79/><G33/><T16/><D103/><U91/><E30/><V115/><F131/><W17/><G64/><T37/><D105/><U13/><E9/><V28/><F42/><W96/><G54/><T68/><D39/><U5/><E5/><N who="3" m="2122" /><G17/><T94/><D37/><U106/><E106/><V99/><F86/><W133/><G133/><T63/><D68/><U97/><E119/><V6/><F115/><W107/><G107/><T112/><D19/><U70/><E70/><V26/><REACH who="2" step="1"/><F28/><REACH who="2" ten="145,360,285,190" step="2"/><W23/><G79/><T74/><D112/><U78/><E118/><V92/><F92/><W56/><G77/><T51/><D74/><U38/><E38/><V128/><F128/><W122/><G122/><T35/><D35/><U29/><E29/><V84/><F84/><W3/><G95/><T57/><REACH who="0" step="1"/><D51/><REACH who="0" ten="135,360,285,190" step="2"/><U1/><E83/><V72/><F72/><W59/><G50/><T10/><AGARI ba="1,3" hai="10,12,16,40,43,48,53,57,63,66,69,85,89,94" machi="10" ten="20,12000,1" yaku="1,1,2,1,0,1,7,1,54,1,53,0" doraHai="20" doraHaiUra="25" who="0" fromWho="0" sc="135,153,360,-41,285,-41,190,-41" /><INIT seed="4,2,0,5,0,7" ten="288,319,244,149" oya="0" hai0="49,45,12,15,74,131,27,123,23,79,66,42,70" hai1="98,65,125,64,13,3,2,68,133,122,109,116,130" hai2="113,29,71,86,107,17,48,105,88,119,54,37,95" hai3="30,82,101,103,73,106,28,40,5,80,0,96,75"/><T69/><D123/><U81/><E109/><V89/><F37/><W11/><G103/><T83/><D131/><U132/><E122/><V77/><F71/><W46/><G80/><T72/><D74/><U127/><E116/><V9/><F77/><W63/><G63/><T44/><D66/><N who="1" m="25707" /><E68/><V61/><F119/><W93/><G106/><T19/><D45/><U36/><E36/><V35/><F61/><W60/><G60/><T114/><D114/><U18/><E98/><V97/><F29/><W58/><G58/><T16/><REACH who="0" step="1"/><D27/><REACH who="0" ten="278,319,244,149" step="2"/><U76/><E130/><V1/><F113/><W111/><G111/><T67/><D67/><U39/><E133/><V41/><F41/><W85/><G75/><T22/><AGARI ba="2,1" hai="12,15,16,19,22,23,42,44,49,69,70,72,79,83" machi="22" ten="20,18000,2" yaku="1,1,0,1,7,1,9,1,54,1,53,1" doraHai="7" doraHaiUra="47" who="0" fromWho="0" sc="278,196,319,-62,244,-62,149,-62" /><INIT seed="4,3,0,0,2,116" ten="474,257,182,87" oya="0" hai0="134,132,87,0,97,100,50,130,59,36,47,13,121" hai1="102,93,37,85,109,63,18,64,126,55,125,129,91" hai2="52,128,33,69,4,25,11,108,94,58,35,67,110" hai3="81,115,32,44,80,88,75,49,71,17,16,2,77"/><T73/><D0/><U1/><E109/><V57/><F128/><W107/><G107/><T72/><D121/><U5/><E37/><V83/><F69/><W12/><G2/><T82/><D36/><U48/><E129/><V112/><F112/><W29/><G115/><T28/><D28/><U46/><E102/><V60/><F83/><W21/><G71/><T9/><D59/><U89/><E5/><V24/><F94/><W34/><G29/><T66/><D66/><U42/><E1/><V53/><F67/><W86/><REACH who="3" step="1"/><G17/><REACH who="3" ten="474,257,182,77" step="2"/><T90/><D130/><U98/><E18/><V131/><F131/><W22/><G22/><T68/><D68/><U127/><E127/><V106/><F106/><W120/><G120/><T38/><D134/><U78/><E126/><V54/><F35/><W113/><G113/><T30/><D30/><U117/><E125/><V118/><F118/><W135/><G135/><T95/><D132/><U23/><E117/><V114/><F114/><W19/><G19/><N who="0" m="8623" /><D38/><U6/><E23/><V99/><F33/><W51/><G51/><T119/><D119/><U111/><E111/><V123/><F123/><W65/><G65/><T105/><D105/><U20/><E20/><V133/><F133/><W104/><G104/><T62/><D62/><U10/><E64/><V124/><F124/><W3/><G3/><T61/><D61/><U41/><E63/><V45/><F108/><W76/><G76/><T101/><D50/><U96/><E78/><V92/><F110/><W15/><G15/><T14/><D14/><U8/><E48/><V122/><F122/><RYUUKYOKU ba="3,1" sc="474,-10,257,-10,182,-10,77,30" hai3="12,16,21,32,34,44,49,75,77,80,81,86,88" /><INIT seed="5,4,1,1,0,3" ten="464,247,172,107" oya="1" hai0="92,38,35,32,72,134,104,27,4,133,100,8,111" hai1="103,54,135,121,71,79,56,2,34,37,9,97,47" hai2="52,82,67,62,21,74,45,110,46,116,85,84,126" hai3="130,33,53,43,113,107,55,24,112,122,7,40,114"/><U109/><E121/><V14/><F110/><W83/><G122/><T86/><D111/><U129/><E109/><V124/><F116/><W106/><G130/><T101/><D72/><U23/><E34/><V90/><F74/><W81/><G33/><T98/><D38/><U59/><E71/><V91/><F21/><W117/><G24/><T17/><D27/><U94/><E129/><V76/><F14/><W64/><G64/><T128/><D17/><U39/><E135/><N who="0" m="51721" /><D128/><U30/><E79/><V77/><F77/><W6/><REACH who="3" step="1"/><G114/><REACH who="3" ten="464,247,172,97" step="2"/><T66/><D66/><U12/><E2/><V70/><F124/><W78/><G78/><T42/><D35/><U95/><E37/><V10/><F126/><W87/><G87/><T1/><D32/><U13/><E39/><V123/><F123/><W96/><G96/><T28/><D86/><U93/><E97/><V58/><F76/><W49/><G49/><T26/><D26/><U29/><E13/><V61/><REACH who="2" step="1"/><F10/><REACH who="2" ten="464,247,162,97" step="2"/><W0/><G0/><T80/><D1/><U115/><E9/><V88/><F88/><W132/><G132/><T99/><D8/><U11/><E11/><V75/><F75/><W16/><G16/><T50/><D28/><U44/><E12/><V31/><F31/><W19/><G19/><T22/><D22/><U131/><E23/><V20/><F20/><W63/><G63/><T127/><D127/><U73/><E29/><V125/><F125/><W65/><G65/><T57/><D104/><U120/><E30/><V60/><F60/><W48/><G48/><T102/><D50/><U36/><E73/><RYUUKYOKU ba="4,3" sc="464,-15,247,-15,162,15,97,15" hai2="45,46,52,58,61,62,67,70,82,84,85,90,91" hai3="6,7,40,43,53,55,81,83,106,107,112,113,117" /><INIT seed="6,5,3,1,0,106" ten="449,232,177,112" oya="2" hai0="72,8,21,5,107,64,71,4,76,89,124,79,1" hai1="134,24,118,73,41,70,20,126,50,113,125,129,135" hai2="120,97,69,86,28,58,33,77,22,111,78,25,55" hai3="130,98,29,13,121,65,115,127,6,32,62,132,104"/><V45/><F69/><N who="3" m="42167" /><G121/><T57/><D107/><U110/><E110/><V90/><F111/><W68/><G68/><T42/><D124/><U109/><E109/><V11/><F120/><W36/><G127/><N who="1" m="48650" /><E118/><V18/><F45/><W56/><G36/><T14/><D71/><U66/><E113/><V44/><F44/><W39/><G39/><T91/><D42/><U81/><E66/><V12/><F97/><W48/><G115/><T19/><D5/><U93/><E70/><V63/><REACH who="2" step="1"/><F33/><REACH who="2" ten="449,232,167,112" step="2"/><W83/><G132/><T131/><D131/><U119/><E129/><V88/><F88/><W105/><G130/><T59/><D91/><U95/><E135/><V112/><F112/><W17/><G105/><T61/><D89/><U94/><E134/><V67/><F67/><W92/><G6/><T26/><D64/><U116/><E116/><V84/><F84/><W99/><G99/><T74/><D59/><U43/><E119/><V114/><F114/><W47/><G56/><T128/><D57/><U54/><E54/><V40/><F40/><N who="3" m="24679" /><G104/><T3/><D128/><U80/><E43/><V10/><F10/><N who="3" m="6327" /><G32/><T35/><D35/><U38/><E38/><V23/><F23/><W101/><G29/><T15/><D21/><U34/><E34/><V60/><F60/><W75/><G75/><T87/><D61/><U31/><E73/><V0/><F0/><W7/><G7/><T27/><D4/><U102/><E102/><V122/><F122/><W108/><G108/><T46/><D74/><U9/><E9/><V53/><F53/><W82/><G101/><T117/><D72/><RYUUKYOKU ba="5,4" sc="449,-30,232,10,167,10,112,10" hai1="20,24,31,41,50,80,81,93,94,95" hai2="11,12,18,22,25,28,55,58,63,77,78,86,90" hai3="82,83,92,98" /><INIT seed="6,6,4,2,0,31" ten="419,242,177,122" oya="2" hai0="34,104,62,33,75,133,74,55,1,109,41,0,134" hai1="36,83,32,24,117,114,15,125,51,37,68,92,40" hai2="85,90,79,61,57,38,3,71,113,107,81,44,112" hai3="115,50,84,10,39,8,116,80,101,4,6,130,21"/><V45/><F3/><N who="0" m="1098" /><D41/><U28/><E117/><V95/><F71/><W66/><G39/><T131/><D55/><U65/><E114/><N who="2" m="44139" /><F107/><W42/><G116/><T108/><D62/><U58/><E125/><V132/><F38/><W43/><G130/><T98/><D98/><U14/><E68/><V124/><F124/><W73/><G73/><N who="0" m="27659" /><D131/><U70/><E70/><V72/><F132/><N who="0" m="50794" /><D104/><U64/><E40/><N who="3" m="15402" /><G115/><T29/><D29/><U53/><E28/><V17/><F17/><W52/><G66/><AGARI ba="6,4" hai="44,45,57,61,66,72,79,81,85,90,95" m="44139" machi="66" ten="30,1500,0" yaku="15,1" doraHai="31" who="2" fromWho="3" sc="419,0,242,0,177,73,122,-33" /><INIT seed="6,7,0,1,1,131" ten="419,242,250,89" oya="2" hai0="6,107,97,52,130,91,14,19,1,18,92,46,126" hai1="37,84,90,79,76,87,54,53,69,44,21,66,7" hai2="117,20,11,112,133,73,40,17,26,74,58,71,72" hai3="43,103,118,30,65,70,86,110,119,13,12,39,129"/><V24/><F71/><W48/><G39/><T77/><D1/><U89/><E7/><V38/><F117/><W3/><G3/><T55/><D130/><U47/><E69/><V35/><F112/><W29/><G129/><T104/><D126/><U123/><E66/><V63/><F11/><W135/><G110/><T113/><D113/><U49/><E123/><V101/><F101/><W99/><G70/><T83/><D104/><U124/><E124/><V25/><F35/><W80/><G65/><T128/><D107/><U28/><E37/><V4/><F4/><W120/><G120/><T108/><D108/><U114/><E114/><V105/><F105/><W109/><G109/><T64/><D64/><U45/><E28/><V93/><F93/><W106/><G118/><T22/><D46/><U115/><E115/><V36/><F40/><W31/><G119/><T102/><D6/><U61/><E21/><V68/><F68/><W81/><G81/><T75/><D102/><U27/><E27/><V2/><F2/><W5/><G5/><T67/><D67/><U57/><E87/><V33/><F38/><W100/><G100/><T59/><D59/><N who="1" m="35063" /><E90/><V127/><F36/><W116/><G116/><T111/><D111/><U82/><AGARI ba="7,0" hai="44,45,47,49,53,57,76,79,82,84,89" m="35063" machi="82" ten="30,1100,0" yaku="8,1" doraHai="131" who="1" fromWho="1" sc="419,-10,242,32,250,-12,89,-10" /><INIT seed="7,0,0,0,2,8" ten="409,274,238,79" oya="3" hai0="20,126,51,135,84,18,122,99,72,76,22,15,100" hai1="128,64,67,132,4,11,65,6,119,104,79,74,77" hai2="89,36,50,83,113,87,28,32,75,96,90,70,117" hai3="48,34,52,124,101,3,80,14,129,120,2,0,97"/><W60/><G120/><T49/><D122/><U21/><E104/><V121/><F36/><W37/><G37/><T98/><D72/><U62/><E132/><V33/><F70/><W88/><G34/><T31/><D135/><U9/><E128/><V131/><F75/><W102/><G129/><T40/><D126/><U118/><E62/><V66/><F66/><W71/><G124/><T81/><D40/><U47/><E21/><V123/><F113/><W93/><G80/><T17/><D31/><U12/><E47/><V43/><F131/><W109/><G109/><T116/><D116/><N who="1" m="44587" /><E74/><V86/><F96/><N who="0" m="36906" /><D100/><U68/><E68/><V24/><F117/><W95/><G95/><T1/><D1/><AGARI ba="0,0" hai="1,4,6,9,11,12,64,65,67,77,79" m="44587" machi="1" ten="30,2000,0" yaku="12,1,52,1" doraHai="8" who="1" fromWho="0" sc="409,-20,274,20,238,0,79,0" owari="389,49.0,294,9.0,238,-16.0,79,-42.0" /></mjloggm>