<mjloggm ver="2.3"><GO type="169" lobby="0"/><UN n0="%E3%83%88%E3%83%88%E3%83%AA%E5%85%88%E7%94%9F%31%39%E6%AD%B3" n1="%E2%80%A0%41%71%75%61%E2%80%A0" n2="%E3%82%B5%E3%83%B3%E3%83%9E%E9%81%93%E6%A5%BD%E4%BB%A3%E8%A1%A8" n3="%E3%83%94%E3%83%A8%E3%81%A3%E3%81%99" dan="19,16,18,16" rate="2252.62,2120.04,2217.57,2098.58" sx="F,M,M,M"/><TAIKYOKU oya="0"/><INIT seed="0,0,0,2,2,11" ten="250,250,250,250" oya="0" hai0="107,57,48,39,47,108,43,82,80,28,1,101,81" hai1="94,38,14,100,33,8,69,93,78,22,55,12,30" hai2="17,112,122,76,18,59,119,124,83,127,114,102,56" hai3="61,41,99,120,42,118,36,123,3,98,15,86,19"/><T111/><D1/><U50/><E38/><V65/><F102/><W9/><G3/><T71/><D71/><U46/><E69/><V126/><F122/><N who="3" m="46635" /><G118/><T97/><D28/><U67/><E67/><V106/><F106/><W37/><G61/><T45/><REACH who="0" step="1"/><D57/><REACH who="0" ten="240,250,250,250" step="2"/><N who="2" m="22090" /><F65/><W109/><G109/><T4/><D4/><U13/><E30/><V7/><F7/><W92/><G37/><T133/><D133/><U63/><E33/><V134/><F134/><W35/><G35/><T132/><D132/><U49/><E63/><V21/><F119/><W74/><G36/><T129/><D129/><U70/><E70/><V20/><F18/><W84/><G19/><T104/><D104/><U135/><E135/><V77/><F17/><W103/><G42/><AGARI ba="0,1" hai="39,42,43,45,47,48,80,81,82,97,101,107,108,111" machi="42" ten="40,2000,0" yaku="1,1,53,0" doraHai="11" doraHaiUra="87" who="0" fromWho="3" sc="240,30,250,0,250,0,250,-20" /><INIT seed="0,1,0,0,0,135" ten="270,250,250,230" oya="0" hai0="50,13,71,37,12,42,67,100,56,106,117,68,60" hai1="72,48,16,108,74,122,95,61,62,92,107,19,18" hai2="76,96,133,132,84,114,41,63,86,23,89,113,52" hai3="29,110,64,130,99,17,10,65,3,83,70,131,45"/><T81/><D117/><U75/><E107/><V30/><F41/><W120/><G120/><T93/><D106/><U85/><E122/><V87/><F30/><W11/><G110/><T90/><D100/><U1/><E108/><V22/><F76/><W111/><G111/><T44/><D81/><U97/><E48/><V73/><F73/><W28/><G99/><T33/><D33/><U6/><E85/><V57/><F96/><W2/><G45/><T27/><D27/><U58/><E58/><V94/><F94/><W126/><G83/><T38/><D71/><U35/><E35/><V129/><F89/><W119/><G17/><T26/><D26/><U127/><E127/><V31/><F129/><W69/><G119/><T14/><REACH who="0" step="1"/><D68/><REACH who="0" ten="260,250,250,230" step="2"/><U24/><E24/><V82/><F82/><W77/><G77/><T49/><D49/><U9/><REACH who="1" step="1"/><E95/><REACH who="1" ten="260,240,250,230" step="2"/><V54/><F132/><W91/><G130/><T102/><D102/><AGARI ba="1,2" hai="1,6,9,16,18,19,61,62,72,74,75,92,97,102" machi="102" ten="50,6400,0" yaku="1,1,2,1,54,1,53,0" doraHai="135" doraHaiUra="118" who="1" fromWho="0" sc="260,-67,240,87,250,0,230,0" /><INIT seed="1,0,0,0,4,4" ten="193,327,250,230" oya="1" hai0="71,116,89,70,24,30,62,18,2,11,65,49,10" hai1="29,93,64,56,20,72,22,123,91,101,134,25,59" hai2="133,9,121,48,57,77,119,84,46,122,0,8,51" hai3="55,118,35,40,103,63,128,92,38,75,47,100,50"/><U124/><E123/><V83/><F119/><W42/><G35/><T61/><D116/><U39/><E72/><V88/><F133/><W67/><G75/><T36/><D36/><U12/><E39/><V102/><F0/><W98/><G128/><T117/><D117/><U120/><E120/><V54/><F102/><W80/><G80/><T126/><D126/><U129/><E129/><V107/><F107/><W85/><G85/><T130/><D130/><U14/><E134/><V87/><F122/><W44/><G118/><T26/><D2/><U96/><E124/><V110/><F110/><W66/><G103/><T108/><D108/><U115/><E115/><V97/><F97/><W113/><G113/><T95/><D49/><U106/><E22/><V31/><F31/><W90/><G100/><T60/><D18/><U34/><E34/><V125/><F125/><W33/><G33/><T15/><D15/><U99/><REACH who="1" step="1"/><E59/><REACH who="1" ten="193,317,250,230" step="2"/><V53/><F121/><W19/><G38/><T5/><D70/><U41/><E41/><V1/><F1/><W76/><G42/><T114/><D114/><U109/><E109/><V6/><F6/><W37/><G37/><T79/><D5/><U81/><E81/><AGARI ba="0,1" hai="8,9,46,48,51,53,54,57,77,81,83,84,87,88" machi="81" ten="30,8000,1" yaku="7,1,8,1,52,2,54,1" doraHai="4" who="2" fromWho="1" sc="193,0,317,-80,250,90,230,0" /><INIT seed="2,0,0,5,5,96" ten="193,237,340,230" oya="2" hai0="102,29,114,51,123,75,89,14,66,79,120,84,54" hai1="7,115,87,74,127,91,16,112,111,33,101,18,17" hai2="24,76,60,82,45,26,95,5,11,107,73,20,10" hai3="104,128,13,78,110,125,55,61,113,129,71,105,32"/><V23/><F107/><W81/><G32/><T134/><D114/><U57/><E74/><V47/><F60/><W69/><G113/><T6/><D134/><U68/><E68/><V44/><F95/><W90/><G125/><T133/><D133/><U64/><E33/><V98/><F98/><W27/><G71/><T63/><D29/><U22/><E127/><V72/><F5/><W117/><G27/><N who="2" m="10281" /><F82/><W80/><G117/><T126/><D126/><U88/><E111/><V8/><F76/><W31/><G110/><T37/><D37/><U85/><E7/><V19/><F19/><W34/><G31/><T15/><D79/><U130/><E130/><V83/><F83/><W25/><G34/><T12/><D6/><U109/><E109/><V97/><F97/><W93/><G81/><T1/><D63/><N who="1" m="37999" /><E115/><V52/><F52/><W2/><G55/><T94/><D66/><U108/><E108/><V28/><F28/><W56/><G69/><T43/><D54/><U36/><E36/><V39/><F39/><W122/><G129/><T135/><D135/><U49/><E112/><V118/><F118/><W132/><G132/><T58/><D58/><U62/><E62/><V3/><F3/><W92/><G56/><T65/><D1/><U70/><E70/><V86/><F86/><N who="1" m="32777" /><E49/><V50/><F50/><W46/><G61/><T77/><D65/><U53/><E53/><V38/><F38/><W124/><G124/><T99/><D77/><U116/><E116/><V42/><F42/><W119/><G78/><T48/><D43/><U21/><E101/><V0/><F0/><RYUUKYOKU ba="0,0" sc="193,-15,237,15,340,15,230,-15" hai1="16,17,18,21,22,88,91" hai2="8,10,11,20,23,44,45,47,72,73" /><INIT seed="2,1,0,2,2,119" ten="178,252,355,215" oya="2" hai0="61,66,58,6,1,50,57,72,69,93,24,18,108" hai1="54,90,13,109,28,55,4,79,68,130,127,124,64" hai2="5,44,80,46,41,56,43,95,59,62,100,135,82" hai3="45,114,12,10,117,0,8,63,31,94,15,9,102"/><V132/><F5/><W7/><G117/><T86/><D72/><U70/><E109/><V104/><F95/><W22/><G114/><T73/><D73/><U115/><E115/><V37/><F100/><W101/><G0/><T32/><D108/><U118/><E118/><V26/><F26/><N who="3" m="16855" /><G63/><T35/><D6/><U39/><E39/><V60/><REACH who="2" step="1"/><F37/><REACH who="2" ten="178,252,345,215" step="2"/><W34/><G7/><T75/><D24/><U123/><E4/><V107/><AGARI ba="1,1" hai="41,43,44,46,56,59,60,62,80,82,104,107,132,135" machi="107" ten="25,12000,1" yaku="1,1,2,1,0,1,22,2,53,0" doraHai="119" doraHaiUra="92" who="2" fromWho="2" sc="178,-41,252,-41,345,133,215,-41" /><INIT seed="2,2,0,0,1,76" ten="137,211,478,174" oya="2" hai0="106,68,98,2,8,60,133,22,57,37,128,5,20" hai1="6,14,30,80,135,40,82,23,27,109,53,17,55" hai2="28,3,65,105,127,83,25,21,32,4,72,111,75" hai3="1,7,70,48,19,63,34,36,51,74,38,91,15"/><V54/><F105/><W61/><G74/><T132/><D37/><U13/><E109/><V46/><F65/><W42/><G34/><T11/><D68/><U95/><E40/><V103/><F103/><W110/><G110/><T39/><D39/><U130/><E130/><V125/><F111/><W31/><G31/><T66/><D128/><U50/><E135/><N who="0" m="51785" /><D11/><N who="1" m="4343" /><E95/><V35/><F75/><W124/><G36/><T121/><D121/><U64/><E64/><V96/><F96/><W108/><G108/><T67/><D67/><U114/><E114/><V113/><F113/><W58/><G70/><T126/><D126/><N who="2" m="48138" /><F4/><W77/><G7/><T134/><N who="0" m="51793" /><T79/><DORA hai="49" /><D79/><U26/><E26/><V44/><F3/><W123/><G1/><T112/><D112/><U90/><E90/><V93/><F93/><W52/><G91/><T104/><D104/><U129/><E129/><V85/><F72/><W59/><G124/><T9/><D98/><U16/><E30/><V92/><F92/><W115/><G123/><T69/><D106/><U10/><E53/><V100/><F100/><W94/><G94/><T45/><D69/><U47/><AGARI ba="2,0" hai="10,14,16,17,23,27,47,50,55,80,82" m="4343" machi="47" ten="30,8000,1" yaku="8,1,52,3,54,1" doraHai="76,49" who="1" fromWho="1" sc="137,-22,211,86,478,-42,174,-22" /><INIT seed="3,0,0,0,2,62" ten="115,297,436,152" oya="3" hai0="49,24,23,42,47,12,114,11,15,78,131,70,6" hai1="130,110,30,82,87,74,22,21,52,45,101,61,121" hai2="96,32,39,28,65,105,38,128,124,89,63,94,16" hai3="19,10,50,27,5,123,97,116,31,43,81,20,132"/><W71/><G116/><T64/><D131/><U29/><E121/><V111/><F111/><W108/><G71/><T95/><D114/><U120/><E74/><V35/><F128/><W90/><G123/><T83/><D95/><U48/><E120/><V4/><F4/><W3/><G108/><T1/><D70/><U133/><E110/><V86/><F124/><W66/><G66/><T118/><D118/><U134/><E101/><N who="2" m="62631" /><F32/><W99/><G132/><N who="1" m="50794" /><E130/><V33/><F35/><W36/><G36/><T25/><D64/><U88/><E61/><V26/><F16/><W60/><G60/><T17/><REACH who="0" step="1"/><D1/><REACH who="0" ten="105,297,436,152" step="2"/><U37/><E37/><V73/><F73/><AGARI ba="0,1" hai="6,11,12,15,17,23,24,25,42,47,49,73,78,83" machi="73" ten="30,7700,0" yaku="1,1,2,1,7,1,53,1" doraHai="62" doraHaiUra="7" who="0" fromWho="2" sc="105,87,297,0,436,-77,152,0" /><INIT seed="4,0,0,5,5,43" ten="192,297,359,152" oya="0" hai0="134,51,99,9,1,54,127,115,95,125,44,129,47" hai1="48,65,5,69,121,94,133,64,108,76,109,97,90" hai2="56,104,45,79,116,78,83,59,89,15,36,25,123" hai3="18,22,88,80,39,74,82,72,68,120,30,40,12"/><T128/><D115/><U11/><E121/><V91/><F104/><W84/><G68/><T113/><D113/><U42/><E133/><V100/><F123/><W87/><G120/><T110/><D134/><U61/><E76/><V81/><F100/><W13/><G30/><T50/><D110/><U41/><E65/><V0/><F25/><W24/><G39/><T20/><D20/><U93/><E93/><V14/><F36/><W2/><G2/><T23/><D23/><U103/><E103/><V8/><F8/><W49/><G24/><T38/><D38/><U37/><E37/><V10/><F10/><W124/><G124/><N who="0" m="47691" /><D1/><U35/><E35/><V58/><F0/><W130/><G130/><N who="0" m="50283" /><D9/><U4/><E109/><V132/><F132/><W28/><G28/><T29/><D29/><U71/><E108/><V126/><F126/><W16/><G40/><N who="0" m="24839" /><D95/><U92/><E11/><V7/><F7/><W6/><G6/><T111/><D111/><U107/><E92/><V57/><F15/><W62/><G22/><T60/><D99/><U131/><E131/><V21/><F14/><W119/><G13/><T102/><D102/><U86/><E4/><V33/><F21/><W98/><G12/><T118/><D60/><U85/><E5/><V117/><F33/><W112/><G62/><T63/><D63/><U19/><E97/><V32/><F32/><W106/><G98/><T53/><D118/><U77/><E94/><V46/><N who="2" m="14336" /><DORA hai="26" /><V67/><F117/><W66/><G119/><T3/><D3/><U73/><E61/><V55/><F116/><W105/><G112/><RYUUKYOKU ba="0,0" sc="192,30,297,-10,359,-10,152,-10" hai0="47,51,53,54" /><INIT seed="4,1,0,1,2,59" ten="222,287,349,142" oya="0" hai0="44,24,132,5,14,48,125,123,2,66,11,115,111" hai1="104,56,68,112,47,89,114,40,117,52,90,86,17" hai2="65,62,79,106,94,81,116,34,83,124,75,0,55" hai3="93,57,107,74,119,113,95,72,126,80,63,23,22"/><T50/><D123/><U129/><E68/><V134/><F106/><W19/><G107/><T130/><D115/><N who="1" m="44075" /><E117/><V45/><F34/><W43/><G113/><T41/><D130/><U71/><E71/><V102/><F0/><W12/><G119/><T39/><D132/><U30/><E104/><V16/><F83/><W21/><G126/><T25/><D125/><U13/><E30/><V53/><F134/><W118/><G118/><T26/><D111/><U98/><E98/><V51/><F124/><W92/><G43/><T122/><D122/><U120/><E86/><V121/><F121/><W46/><G46/><T60/><REACH who="0" step="1"/><D2/><REACH who="0" ten="212,287,349,142" step="2"/><U35/><E120/><V1/><F1/><W96/><G96/><T78/><D78/><U135/><E129/><V42/><F116/><W64/><REACH who="3" step="1"/><G80/><REACH who="3" ten="212,287,349,132" step="2"/><T77/><D77/><U103/><E135/><V31/><F81/><W91/><G91/><T3/><D3/><U109/><E90/><V127/><F79/><W7/><G7/><T82/><D82/><U29/><E89/><V85/><F127/><W67/><G67/><T133/><D133/><U9/><E109/><V49/><F65/><W54/><G54/><T36/><D36/><U27/><E52/><V18/><F55/><W38/><G38/><T58/><AGARI ba="1,2" hai="5,11,14,24,25,26,39,41,44,48,50,58,60,66" machi="58" ten="30,6000,0" yaku="1,1,0,1,52,1,53,0" doraHai="59" doraHaiUra="32" who="0" fromWho="0" sc="212,83,287,-21,349,-21,132,-21" /><INIT seed="4,2,0,2,0,72" ten="295,266,328,111" oya="0" hai0="92,18,108,98,55,96,7,110,67,84,109,58,133" hai1="135,112,36,39,103,3,63,128,66,38,8,106,4" hai2="93,91,48,132,86,130,125,52,117,35,82,37,79" hai3="100,111,78,127,43,19,74,53,80,22,45,1,77"/><T75/><D75/><U81/><E128/><V85/><F35/><W129/><G1/><T123/><D123/><U89/><E112/><V30/><F30/><W5/><G5/><T25/><D133/><U115/><E115/><V134/><F37/><W33/><G33/><T62/><D7/><U21/><E135/><N who="2" m="51755" /><F125/><W13/><G129/><T119/><D119/><U34/><E21/><V6/><F6/><W51/><G127/><T118/><D118/><U61/><E34/><V15/><F15/><W16/><G111/><T102/><D96/><U29/><E29/><V42/><F42/><W73/><G100/><T47/><D84/><U14/><E3/><V11/><F11/><W50/><G19/><T95/><D95/><U9/><E9/><V105/><F105/><W0/><G0/><T90/><D102/><U32/><E32/><V17/><F17/><W46/><G78/><T60/><D47/><U97/><E66/><V65/><F65/><W70/><G70/><T41/><D41/><U94/><REACH who="1" step="1"/><E81/><REACH who="1" ten="295,256,328,111" step="2"/><V121/><F130/><W49/><REACH who="3" step="1"/><G49/><REACH who="3" ten="295,256,328,101" step="2"/><T101/><D109/><U99/><AGARI ba="2,2" hai="4,8,14,36,38,39,61,63,89,94,97,99,103,106" machi="99" ten="40,5200,0" yaku="1,1,2,1,0,1,53,0" doraHai="72" doraHaiUra="64" who="1" fromWho="1" sc="295,-28,256,78,328,-15,101,-15" /><INIT seed="5,0,0,5,0,80" ten="267,334,313,86" oya="1" hai0="18,24,53,129,107,95,68,0,132,64,75,93,72" hai1="19,115,52,77,111,51,34,114,4,89,26,121,1" hai2="15,108,58,79,2,70,104,98,83,12,123,44,103" hai3="42,130,110,105,5,99,87,119,113,30,90,33,11"/><U56/><E121/><V59/><F108/><W22/><G110/><T49/><D107/><U16/><E77/><V37/><F70/><W116/><G33/><T45/><D0/><U28/><E111/><V29/><F29/><W133/><G133/><T131/><D132/><U69/><E69/><V3/><F58/><W86/><G130/><N who="0" m="49675" /><D18/><U10/><REACH who="1" step="1"/><E89/><REACH who="1" ten="267,324,313,86" step="2"/><V14/><F123/><W50/><G113/><AGARI ba="0,1" hai="1,4,10,16,19,26,28,34,51,52,56,113,114,115" machi="113" ten="40,12000,1" yaku="1,1,2,1,15,1,54,2,53,0" doraHai="80" doraHaiUra="127" who="1" fromWho="3" sc="267,0,324,130,313,0,86,-120" owari="267,-13.0,454,55.0,313,11.0,-34,-53.0" /></mjloggm>