<mjloggm ver="2.3"><GO type="233" lobby="0"/><UN n0="%E5%B0%8F%E9%98%AA%E3%81%A1%E3%81%B2%E3%82%8D" n1="%E3%83%AA%E3%83%81%E3%83%A3%21%21" n2="%E6%99%AE%E8%B3%A2" n3="%E3%82%A6%E3%83%AB%E3%83%88%E3%83%A9%E7%AB%8B%E7%9B%B4" dan="18,18,16,18" rate="2240.81,2227.72,2163.85,2240.58" sx="F,M,M,M"/><TAIKYOKU oya="0"/><INIT seed="0,0,0,0,1,130" ten="250,250,250,250" oya="0" hai0="86,27,4,30,66,101,88,41,80,54,42,135,115" hai1="127,12,109,68,59,0,116,21,51,133,105,110,82" hai2="107,102,125,85,31,16,67,78,129,132,1,123,50" hai3="36,134,77,49,57,15,103,5,69,106,93,104,62"/><T20/><D115/><U32/><E116/><V74/><F123/><W29/><G36/><T84/><D66/><U87/><E127/><V43/><F129/><W83/><G69/><T79/><D101/><U23/><E68/><V40/><F1/><W64/><G29/><T113/><D113/><U48/><E0/><V35/><F67/><W6/><G134/><T100/><D100/><U117/><E32/><V96/><F132/><W92/><G104/><T75/><D75/><U56/><E105/><V91/><F125/><W39/><G39/><T47/><D4/><U60/><E117/><V99/><F99/><W90/><G106/><T98/><D98/><U7/><E133/><V72/><F72/><W95/><G103/><T131/><D131/><U119/><E119/><V38/><F38/><W34/><G34/><T121/><D121/><U55/><E48/><V65/><F65/><W94/><G49/><N who="0" m="28991" /><D135/><U97/><E97/><V76/><F50/><W73/><REACH who="3" step="1"/><G15/><REACH who="3" ten="250,250,250,240" step="2"/><T112/><D112/><U10/><E110/><V111/><F111/><W26/><G26/><T53/><D53/><N who="1" m="33903" /><E109/><V58/><F35/><W3/><G3/><T22/><D22/><U44/><E44/><V28/><F102/><W37/><G37/><T46/><D46/><U128/><E128/><V124/><F107/><W126/><G126/><T14/><D14/><U63/><E51/><V8/><F124/><W118/><G118/><T108/><D108/><U52/><E55/><V70/><F70/><W24/><G24/><T2/><D2/><U19/><E7/><V33/><F33/><W122/><G122/><RYUUKYOKU ba="0,1" sc="250,10,250,10,250,-30,240,10" hai0="20,27,30,41,42,79,80,84,86,88" hai1="10,12,19,21,23,52,56,63,82,87" hai3="5,6,57,62,64,73,77,83,90,92,93,94,95" /><INIT seed="0,1,1,0,3,9" ten="260,260,220,250" oya="0" hai0="11,60,59,71,27,56,117,21,125,122,62,61,10" hai1="42,68,26,98,50,28,45,19,110,87,39,83,55" hai2="16,17,128,22,121,73,24,135,25,23,116,20,115" hai3="109,72,30,53,69,127,106,43,37,13,32,101,88"/><T47/><D122/><U58/><E110/><V74/><F121/><W132/><G72/><T63/><D117/><U5/><E68/><V103/><F116/><W12/><G69/><T111/><D125/><U114/><E114/><V93/><F115/><W78/><G78/><T77/><D71/><U15/><E5/><V130/><F135/><W6/><G6/><T14/><D10/><U29/><E98/><V65/><F65/><W3/><G3/><T81/><D47/><U124/><E124/><V0/><F0/><W7/><G7/><T46/><D46/><U133/><E26/><V102/><F22/><W96/><G127/><T38/><D38/><U41/><E41/><V85/><F85/><W107/><G107/><T49/><D49/><U94/><E94/><V108/><REACH who="2" step="1"/><F93/><REACH who="2" ten="260,260,210,250" step="2"/><W18/><G132/><T67/><D111/><AGARI ba="1,2" hai="16,17,20,23,24,25,73,74,102,103,108,111,128,130" machi="111" ten="25,8000,1" yaku="1,1,2,1,22,2,54,1,53,0" doraHai="9" doraHaiUra="129" who="2" fromWho="0" sc="260,-83,260,0,210,103,250,0" /><INIT seed="1,0,0,4,4,42" ten="177,260,313,250" oya="1" hai0="41,32,33,99,110,83,21,61,114,38,80,109,12" hai1="85,73,39,63,7,64,8,121,44,111,128,94,81" hai2="37,107,97,134,68,129,2,117,28,16,86,6,60" hai3="58,62,101,102,84,0,50,55,26,36,79,89,66"/><U71/><E121/><V65/><F117/><W57/><G0/><T88/><D114/><U29/><E128/><V24/><F129/><W70/><G79/><T9/><D21/><U54/><E111/><N who="0" m="42505" /><D61/><U59/><E29/><V124/><F124/><W122/><G122/><T5/><D80/><U82/><E73/><V113/><F113/><W67/><G36/><T133/><D133/><U103/><E103/><V23/><F134/><W49/><G26/><T135/><D135/><U131/><E131/><V87/><F37/><W43/><G67/><T11/><D11/><U108/><E108/><V25/><F6/><W74/><G74/><T126/><D126/><U92/><E82/><V17/><F2/><W47/><REACH who="3" step="1"/><G70/><REACH who="3" ten="177,260,313,240" step="2"/><T3/><D3/><U95/><E71/><V127/><F127/><W105/><G105/><T112/><D112/><U51/><E39/><V31/><F107/><W77/><G77/><T19/><D38/><U132/><E132/><V10/><F25/><W1/><G1/><T98/><D32/><U115/><E115/><V118/><F118/><W45/><G45/><T22/><D33/><U104/><E104/><V130/><F130/><W56/><G56/><T106/><D106/><U123/><E123/><V120/><F120/><W75/><G75/><T119/><D119/><U69/><E69/><V125/><F125/><W90/><G90/><T72/><D72/><U93/><N who="1" m="23552" /><DORA hai="30" /><U91/><REACH who="1" step="1"/><E8/><REACH who="1" ten="177,250,313,240" step="2"/><V34/><F10/><W40/><G40/><T48/><D41/><U100/><E100/><V53/><F68/><W13/><G13/><T18/><D9/><RYUUKYOKU ba="0,2" sc="177,-15,250,15,313,-15,240,15" hai1="7,44,51,54,59,63,64,81,85,91" hai3="43,47,49,50,55,57,58,62,66,84,89,101,102" /><INIT seed="1,1,2,1,4,91" ten="162,265,298,255" oya="1" hai0="129,74,94,62,92,57,110,58,121,83,98,4,10" hai1="6,99,15,113,59,66,14,65,68,130,42,88,70" hai2="36,22,12,100,39,48,69,61,0,104,106,52,125" hai3="82,37,17,127,90,20,118,33,85,47,102,111,60"/><U51/><E113/><V71/><F0/><W34/><G111/><T95/><D110/><U53/><E130/><V3/><F3/><W19/><G127/><T21/><D129/><U133/><E133/><V116/><F116/><W96/><G118/><T41/><D121/><U78/><E78/><V8/><F125/><W63/><G34/><T122/><D122/><U84/><E99/><V56/><F22/><W50/><G37/><T23/><D74/><U126/><E126/><V124/><F124/><W103/><G33/><T49/><D83/><U73/><E73/><V27/><F27/><N who="3" m="14735" /><G19/><T89/><D21/><U26/><E26/><V35/><F35/><W30/><G30/><T75/><D75/><U86/><E86/><V128/><F128/><W105/><G105/><T13/><D23/><U87/><E87/><V101/><F106/><W72/><G72/><T18/><D18/><U32/><E32/><V117/><F117/><W115/><G115/><T112/><D112/><U55/><E42/><V9/><F9/><W2/><G2/><T29/><D29/><U38/><E38/><V11/><F11/><W120/><G120/><T16/><D4/><U123/><E123/><V114/><F114/><W28/><G28/><T109/><D109/><U54/><E70/><V76/><F71/><W132/><G132/><T46/><D57/><N who="1" m="32959" /><E68/><V25/><F69/><W1/><G1/><T108/><D108/><U44/><E44/><V67/><F39/><W107/><G103/><T119/><D119/><U43/><E43/><V7/><F36/><W134/><G134/><T31/><D31/><RYUUKYOKU ba="1,2" sc="162,15,265,-15,298,-15,255,15" hai0="10,13,16,41,46,49,58,62,89,92,94,95,98" hai3="47,50,60,63,82,85,90,96,102,107" /><INIT seed="2,2,2,1,5,3" ten="177,250,283,270" oya="2" hai0="84,70,79,7,100,113,68,17,118,27,124,57,19" hai1="106,9,83,119,10,46,111,66,72,42,20,56,60" hai2="126,76,14,6,61,47,12,18,50,94,13,53,59" hai3="134,37,28,116,127,64,121,125,52,93,91,16,96"/><V51/><F126/><N who="3" m="48139" /><G121/><T69/><D124/><U128/><E106/><V31/><F31/><W36/><G116/><T21/><D113/><U131/><E111/><V108/><F108/><W112/><G134/><T92/><D118/><U87/><E119/><V34/><F34/><W80/><G64/><T45/><D45/><U130/><E20/><N who="2" m="11335" /><F76/><W123/><G123/><T0/><D19/><U54/><E72/><V1/><F1/><W49/><G28/><T5/><D0/><U103/><E103/><V99/><F6/><W23/><G80/><T101/><D57/><U132/><E132/><V40/><F61/><W135/><G135/><T4/><REACH who="0" step="1"/><D79/><REACH who="0" ten="167,250,283,270" step="2"/><N who="1" m="46591" /><E66/><V86/><F86/><W30/><G112/><T122/><D122/><U77/><E77/><V26/><F26/><N who="3" m="14695" /><G30/><T97/><D97/><U62/><E62/><V114/><F114/><W33/><G33/><T63/><D63/><U73/><E73/><V78/><F78/><W81/><G81/><T95/><D95/><U65/><E65/><V71/><F71/><W75/><G75/><T32/><D32/><U29/><E29/><V24/><F24/><W74/><G74/><T44/><D44/><AGARI ba="2,3" hai="36,37,44,49,52,91,93,96" m="14695,48139" machi="44" ten="30,3900,0" yaku="18,1,54,2" doraHai="3" who="3" fromWho="0" sc="167,-45,250,0,283,0,270,75" /><INIT seed="3,0,0,3,5,60" ten="122,250,283,345" oya="3" hai0="82,59,101,4,90,94,83,65,41,25,9,35,112" hai1="11,63,47,123,89,134,118,119,39,88,107,27,131" hai2="84,44,58,132,110,67,38,24,117,69,68,102,7" hai3="85,105,106,77,124,10,36,20,50,121,96,62,128"/><W126/><G36/><T75/><D112/><U113/><E113/><V28/><F117/><N who="1" m="44553" /><E123/><V37/><F110/><W130/><G121/><T64/><D75/><U14/><E131/><N who="3" m="50218" /><G50/><T53/><D101/><U6/><E134/><V72/><F72/><W32/><G32/><T135/><D135/><U19/><E107/><V92/><F132/><W49/><G49/><N who="0" m="31151" /><D35/><U48/><E39/><V54/><F7/><W22/><G10/><T34/><D41/><N who="1" m="24687" /><E63/><V0/><F0/><W66/><G105/><T5/><D25/><U23/><AGARI ba="0,0" hai="6,11,14,19,23,27,88,89" m="24687,44553" machi="23" ten="30,2000,0" yaku="12,1,54,1" doraHai="60" who="1" fromWho="1" sc="122,-5,250,20,283,-5,345,-10" /><INIT seed="4,0,0,5,5,103" ten="117,270,278,335" oya="0" hai0="114,130,113,90,35,126,59,53,81,41,69,62,94" hai1="120,112,80,128,98,1,4,49,95,14,40,26,124" hai2="3,31,117,29,83,105,27,97,7,36,129,102,48" hai3="96,64,123,134,85,54,43,57,70,30,44,106,28"/><T0/><D0/><U87/><E120/><V131/><F36/><W86/><G134/><T17/><D35/><U110/><E110/><V109/><F109/><W33/><G33/><T111/><D111/><U76/><E1/><V100/><F117/><W127/><G127/><T125/><D130/><N who="2" m="49674" /><F27/><W115/><G86/><N who="0" m="52567" /><D81/><U133/><E95/><N who="2" m="58431" /><F83/><W119/><G85/><T47/><D69/><U9/><E49/><V13/><F3/><W71/><G71/><T88/><D17/><U107/><E9/><N who="2" m="4287" /><F48/><N who="3" m="30919" /><G123/><T20/><D20/><U45/><E26/><V99/><AGARI ba="0,0" hai="29,31,99,102,105" m="4287,58431,49674" machi="99" ten="30,2000,0" yaku="19,1,52,1" doraHai="103" who="2" fromWho="2" sc="117,-10,270,-5,278,20,335,-5" /><INIT seed="5,0,0,3,0,94" ten="107,265,298,330" oya="1" hai0="78,113,73,46,7,17,10,26,34,22,93,19,110" hai1="119,35,9,41,88,57,95,50,135,29,114,109,122" hai2="59,47,68,125,53,21,126,37,43,51,123,96,100" hai3="38,64,101,6,1,27,87,129,108,132,67,124,80"/><U20/><E119/><V105/><F123/><W99/><G38/><T102/><D110/><U128/><E122/><V134/><F134/><W11/><G108/><T90/><D113/><U127/><E109/><V106/><F106/><W39/><G39/><T104/><D34/><U28/><E35/><V8/><F8/><W66/><G132/><T81/><D46/><N who="1" m="25935" /><E135/><V86/><F86/><W61/><G27/><T84/><D17/><U40/><E114/><V112/><F112/><W65/><G124/><T31/><D19/><U91/><E128/><V58/><F58/><W36/><G36/><T13/><D104/><U79/><E40/><V74/><F74/><W24/><G24/><T89/><D89/><U107/><E107/><V14/><F14/><W3/><G3/><T72/><REACH who="0" step="1"/><D102/><REACH who="0" ten="97,265,298,330" step="2"/><U12/><E91/><V0/><F126/><W60/><G101/><T45/><D45/><U55/><E127/><V77/><F125/><W33/><G33/><T130/><D130/><U120/><E120/><V49/><F47/><W56/><G129/><T42/><D42/><U44/><E44/><V52/><F43/><W4/><G67/><T54/><D54/><U15/><E79/><V23/><F37/><W117/><G66/><T82/><D82/><U48/><E88/><V18/><F77/><W30/><G65/><T75/><AGARI ba="0,1" hai="7,10,13,22,26,31,72,73,75,78,81,84,90,93" machi="75" ten="20,2700,0" yaku="1,1,0,1,7,1,53,0" doraHai="94" doraHaiUra="32" who="0" fromWho="0" sc="97,37,265,-13,298,-7,330,-7" /><INIT seed="6,0,0,0,1,0" ten="134,252,291,323" oya="2" hai0="91,5,89,41,76,63,67,78,31,134,59,42,70" hai1="52,58,130,122,96,9,36,131,64,35,25,88,28" hai2="57,119,66,107,8,75,126,54,93,33,56,127,15" hai3="46,117,121,106,53,94,6,120,69,14,73,95,98"/><V92/><F119/><W19/><G69/><T48/><D134/><U110/><E110/><V104/><F75/><W105/><G73/><T99/><D31/><U10/><E122/><V109/><F33/><W90/><G117/><T45/><D42/><U74/><E36/><V3/><F3/><W83/><G83/><T4/><D70/><U72/><E64/><V37/><F37/><W60/><G105/><T38/><D38/><U2/><E10/><V118/><F118/><W40/><G106/><T7/><D89/><U85/><E96/><V133/><F133/><W29/><G29/><T115/><D115/><U32/><E9/><V102/><F109/><W16/><G95/><AGARI ba="0,0" hai="4,5,7,41,45,48,59,63,67,76,78,91,95,99" machi="95" ten="40,8000,1" yaku="8,1,52,3" doraHai="0" who="0" fromWho="3" sc="134,80,252,0,291,0,323,-80" /><INIT seed="7,0,0,4,0,88" ten="214,252,291,243" oya="3" hai0="126,131,61,124,123,122,130,28,16,104,129,14,13" hai1="108,110,2,78,45,12,36,81,1,9,79,118,73" hai2="64,50,121,53,37,103,120,5,71,95,132,3,105" hai3="34,46,31,87,0,54,127,109,93,115,65,133,72"/><W89/><G0/><T17/><D104/><U107/><E118/><V8/><F132/><W116/><G116/><T94/><D28/><U125/><E125/><N who="0" m="48233" /><D94/><U69/><E79/><V29/><F105/><W55/><G72/><T63/><D63/><U41/><E12/><N who="0" m="4713" /><D61/><U102/><E69/><V75/><F75/><W52/><G31/><T92/><D92/><U66/><E66/><V80/><F80/><W112/><G65/><T27/><D27/><U51/><E51/><V6/><F29/><W77/><G127/><T20/><D20/><U90/><E90/><V135/><F135/><W4/><G133/><T113/><D113/><N who="3" m="43593" /><G34/><T30/><D30/><U23/><E23/><V99/><F64/><W43/><G109/><T38/><D38/><U15/><E15/><V24/><F37/><N who="3" m="21871" /><G77/><T101/><D101/><U68/><E68/><V62/><F71/><W96/><G96/><T44/><D44/><U58/><E58/><N who="2" m="33079" /><F62/><W10/><G10/><T47/><D47/><U86/><E86/><V74/><F74/><W35/><G35/><T40/><D40/><U33/><E33/><V97/><F97/><W57/><G57/><T91/><D91/><U25/><E9/><V60/><F60/><W49/><G49/><T76/><D76/><U98/><REACH who="1" step="1"/><E25/><REACH who="1" ten="214,242,291,243" step="2"/><V22/><F24/><W117/><G117/><T59/><D59/><U42/><E42/><V82/><F8/><W39/><G39/><T111/><D111/><AGARI ba="0,1" hai="1,2,36,41,45,73,78,81,98,102,107,108,110,111" machi="111" ten="40,5200,0" yaku="1,1,23,2,53,0" doraHai="88" doraHaiUra="56" who="1" fromWho="0" sc="214,-52,242,62,291,0,243,0" owari="162,-34.0,304,41.0,291,9.0,243,-16.0" /></mjloggm>