<mjloggm ver="2.3"><GO type="169" lobby="0"/><UN n0="%E6%A1%9C%E4%BA%95%E3%81%95%E3%82%93" n1="%43%2E%43%2E%E3%82%B5%E3%83%90%E3%82%B7%E3%82%A2" n2="%E3%82%A2%E3%83%95%E3%83%AA%E3%82%AB" n3="%E5%B0%B1%E6%B4%BB%E7%94%9F%40%E5%B7%9D%E6%9D%91%E8%BB%8D%E5%9B%A3" dan="16,16,16,16" rate="2121.84,2048.70,2108.24,2114.38" sx="M,F,M,M"/><TAIKYOKU oya="0"/><INIT seed="0,0,0,5,5,6" ten="250,250,250,250" oya="0" hai0="0,80,123,39,19,64,40,56,94,82,3,116,22" hai1="34,48,108,75,132,30,36,18,27,9,69,92,17" hai2="89,126,13,62,16,121,134,54,72,44,93,57,2" hai3="21,124,88,42,63,7,51,125,130,85,24,129,31"/><T59/><D116/><U95/><E36/><V78/><F2/><W81/><G63/><T91/><D123/><U71/><E75/><V47/><F121/><W26/><G24/><T5/><D39/><U52/><E108/><V127/><F72/><W115/><G115/><T12/><D40/><U131/><E17/><V55/><F78/><W50/><G7/><T41/><D41/><U97/><E131/><N who="3" m="50186" /><G42/><T104/><D104/><U60/><E132/><V25/><F134/><W117/><G117/><T120/><D120/><U70/><E60/><V119/><F25/><W103/><G103/><T79/><D64/><U102/><E95/><V83/><F83/><W105/><G105/><T128/><D128/><U99/><E99/><N who="2" m="57775" /><F55/><W65/><G65/><T33/><D33/><U107/><E107/><V11/><F119/><W98/><G98/><T38/><D38/><U1/><E1/><V43/><F43/><W114/><G114/><T37/><D37/><U8/><REACH who="1" step="1"/><E18/><REACH who="1" ten="250,240,250,250" step="2"/><V77/><F16/><W109/><G109/><T14/><D3/><U87/><E87/><V122/><F122/><W10/><G51/><T49/><D0/><U67/><E67/><V112/><F112/><W84/><G84/><N who="0" m="52583" /><D49/><U73/><E73/><V28/><F62/><W32/><G50/><T135/><D135/><U96/><E96/><V61/><F61/><W113/><G113/><T86/><D82/><U111/><E111/><V58/><F127/><N who="3" m="48715" /><G32/><T90/><D79/><U106/><E106/><V100/><F77/><W35/><G35/><T110/><D110/><U101/><E101/><V45/><F100/><RYUUKYOKU ba="0,1" sc="250,10,240,10,250,-30,250,10" hai0="5,12,14,19,22,56,59,80,86,90" hai1="8,9,27,30,34,48,52,69,70,71,92,97,102" hai3="10,21,26,31,81,85,88" /><INIT seed="0,1,1,5,4,16" ten="260,250,220,260" oya="0" hai0="31,127,63,97,135,119,74,80,15,24,47,112,110" hai1="4,35,44,28,134,125,100,41,23,91,90,40,121" hai2="108,113,58,129,13,114,69,102,51,64,89,48,109" hai3="76,46,78,9,1,94,118,107,38,39,6,79,72"/><T115/><D119/><U81/><E121/><V7/><F102/><W21/><G107/><T68/><D135/><U104/><E35/><V14/><F89/><W5/><G5/><T70/><D127/><U36/><E134/><V53/><F129/><W52/><G118/><T18/><D47/><U22/><E125/><V77/><F77/><W105/><G105/><T30/><D97/><U57/><E4/><V49/><F14/><W120/><G94/><T130/><D80/><U96/><E28/><V55/><F13/><W85/><G85/><T84/><D84/><U124/><E124/><V20/><F20/><W19/><G72/><T12/><D74/><U8/><E8/><V92/><F92/><W61/><G120/><T106/><D106/><U99/><E41/><V11/><F11/><W56/><REACH who="3" step="1"/><G46/><REACH who="3" ten="260,250,220,250" step="2"/><T27/><D112/><U0/><E0/><V82/><F7/><W126/><G126/><T62/><D115/><U116/><E116/><V59/><F82/><W73/><G73/><T71/><D130/><U43/><E81/><V117/><F117/><W65/><G65/><T17/><D71/><U66/><E104/><V25/><F114/><W98/><G98/><T26/><D26/><AGARI ba="1,2" hai="1,6,9,19,21,26,38,39,52,56,61,76,78,79" machi="26" ten="40,5200,0" yaku="1,1,52,1,54,1,53,0" doraHai="16" doraHaiUra="111" who="3" fromWho="0" sc="260,-55,250,0,220,0,250,75" /><INIT seed="1,0,0,2,1,42" ten="205,250,220,325" oya="1" hai0="67,122,109,82,100,75,53,114,58,103,30,54,121" hai1="7,74,93,134,76,91,1,33,38,28,72,41,97" hai2="84,85,102,131,87,36,5,119,32,2,45,104,133" hai3="69,51,12,31,9,96,105,26,111,89,8,52,16"/><U125/><E125/><V15/><F2/><W46/><G69/><T22/><D114/><U88/><E134/><V107/><F32/><W78/><G78/><N who="0" m="44383" /><D67/><U135/><E135/><V127/><F133/><W128/><G128/><T115/><D115/><U10/><E91/><V3/><F3/><W50/><G111/><T106/><D109/><U124/><E124/><V34/><F34/><W77/><G77/><T126/><D126/><U68/><E68/><V98/><F131/><W57/><G105/><T73/><D73/><U37/><E37/><V113/><F113/><W20/><G96/><T129/><D106/><U90/><E90/><V43/><F127/><W112/><G89/><T79/><D79/><U80/><E74/><V6/><F119/><W70/><G70/><T117/><D117/><U0/><E0/><V64/><F64/><W35/><G112/><T86/><D86/><U11/><E11/><V61/><F61/><W47/><G57/><T40/><D40/><AGARI ba="0,0" hai="8,9,12,16,20,26,31,35,40,46,47,50,51,52" machi="40" ten="30,8000,1" yaku="7,1,52,2,54,2" doraHai="42" who="3" fromWho="0" sc="205,-80,250,0,220,0,325,80" /><INIT seed="2,0,0,1,1,67" ten="125,250,220,405" oya="2" hai0="36,115,21,7,90,27,33,6,84,31,29,124,125" hai1="86,87,63,117,114,111,85,127,93,42,4,39,8" hai2="126,135,0,98,16,50,107,92,2,104,17,22,5" hai3="49,40,23,70,52,20,97,30,59,121,103,68,102"/><V81/><F135/><W79/><G121/><T35/><D36/><U18/><E117/><V96/><F126/><N who="0" m="48746" /><D90/><U101/><E114/><V32/><F32/><N who="0" m="12362" /><D84/><U13/><E111/><V95/><F50/><W38/><G79/><T15/><D115/><U76/><E127/><V60/><F60/><W9/><G9/><N who="0" m="4535" /><D7/><U3/><E85/><V71/><F5/><W62/><G102/><T133/><D133/><U105/><E86/><V116/><F81/><W89/><G89/><T128/><D128/><U28/><E101/><V113/><F113/><W72/><G72/><T56/><D56/><U14/><E87/><V66/><F66/><W120/><G120/><T74/><D74/><U55/><E76/><V110/><F110/><W77/><G77/><T54/><D54/><U100/><E100/><V43/><F43/><W61/><G61/><T75/><D75/><U131/><E55/><V78/><F78/><W82/><G82/><T53/><D53/><U134/><E63/><V112/><F112/><W73/><G73/><T130/><D130/><U47/><E131/><V83/><F83/><W34/><G97/><T118/><D118/><U41/><E134/><V10/><F116/><W91/><G103/><T123/><D123/><U26/><E42/><V48/><F48/><W132/><G91/><T94/><D94/><U88/><E41/><V80/><F80/><W45/><G132/><T12/><D12/><U119/><E119/><V129/><F129/><W57/><G57/><T11/><D11/><U51/><E51/><V37/><F37/><W108/><G38/><T64/><D64/><RYUUKYOKU ba="0,0" sc="125,30,250,-10,220,-10,405,-10" hai0="21,27,29,31" /><INIT seed="3,1,0,0,1,18" ten="155,240,210,395" oya="3" hai0="5,109,135,10,101,124,25,114,119,42,59,74,0" hai1="92,89,23,2,91,15,24,49,73,77,132,82,47" hai2="60,30,72,88,37,122,44,83,95,112,102,26,130" hai3="48,103,79,21,69,76,104,129,106,38,55,6,39"/><W65/><G6/><T4/><D119/><U70/><E132/><V115/><F122/><W78/><G129/><T40/><D74/><U131/><E131/><V121/><F121/><W63/><G103/><T97/><D135/><U118/><E2/><V87/><F130/><W66/><G66/><T80/><D109/><U52/><E118/><V53/><F37/><W117/><G117/><T113/><D124/><U108/><E108/><V17/><F17/><W71/><G71/><T128/><D128/><U81/><E70/><V22/><F102/><W41/><G39/><T110/><D110/><U84/><E15/><V99/><F99/><W94/><G94/><T36/><D5/><U20/><E24/><V107/><F107/><W75/><G75/><T62/><D80/><U100/><E100/><V29/><F29/><W9/><G9/><T116/><D116/><U33/><E33/><V56/><REACH who="2" step="1"/><F44/><REACH who="2" ten="155,240,200,395" step="2"/><W31/><G38/><T3/><D36/><U28/><E28/><V16/><F16/><W96/><G96/><AGARI ba="1,1" hai="20,23,47,49,52,73,77,81,82,84,89,91,92,96" machi="96" ten="30,7700,0" yaku="7,1,52,2,54,1" doraHai="18" who="1" fromWho="3" sc="155,0,240,90,200,0,395,-80" /><INIT seed="4,0,0,0,3,65" ten="155,330,200,315" oya="0" hai0="127,93,102,51,118,44,56,63,113,78,108,52,5" hai1="121,74,71,105,57,66,16,48,7,10,81,98,19" hai2="95,124,125,9,123,88,64,30,11,73,67,104,24" hai3="45,12,13,92,28,34,32,76,130,131,119,29,128"/><T112/><D118/><U99/><E121/><V90/><F104/><W50/><G76/><T135/><D78/><U60/><E74/><V53/><F73/><W39/><G39/><T114/><D5/><U116/><E116/><V40/><F40/><W106/><G106/><T126/><D102/><U21/><E81/><V25/><F53/><W14/><G92/><T107/><D107/><U111/><E111/><V1/><F1/><W132/><G132/><T42/><D93/><U89/><E89/><N who="2" m="34411" /><F95/><W117/><G50/><N who="0" m="26903" /><D135/><U33/><E19/><V3/><F3/><W20/><G45/><N who="0" m="27759" /><D108/><U100/><E33/><N who="3" m="12906" /><G20/><T109/><D109/><U49/><E57/><V15/><F123/><W37/><G37/><T115/><N who="0" m="28672" /><DORA hai="91" /><T36/><D36/><U54/><E98/><V46/><F46/><W87/><G87/><T61/><D61/><U47/><E47/><V77/><F77/><W55/><G119/><T69/><D69/><U96/><E96/><V38/><F38/><W120/><G117/><T17/><D17/><U80/><E71/><V70/><F70/><W75/><G75/><T22/><D22/><U43/><E99/><V58/><F58/><W103/><G120/><T31/><D31/><N who="3" m="11849" /><G103/><T83/><D83/><U72/><E80/><V62/><F30/><W23/><G23/><T4/><D4/><U101/><E72/><V85/><F85/><W68/><G68/><T134/><D134/><U2/><E105/><V41/><F41/><W26/><G26/><T6/><D6/><U0/><E43/><V110/><F110/><W133/><G133/><T86/><D86/><RYUUKYOKU ba="0,0" sc="155,15,330,-15,200,-15,315,15" hai0="56,63,126,127" hai3="12,13,14,55,128,130,131" /><INIT seed="4,1,0,4,3,128" ten="170,315,185,330" oya="0" hai0="103,92,17,48,94,73,100,46,22,18,43,119,111" hai1="0,110,107,126,33,25,49,59,10,16,38,3,53" hai2="98,129,86,20,130,1,28,102,58,90,71,36,101" hai3="72,56,5,52,120,68,45,99,117,64,123,19,67"/><T127/><D119/><U116/><E110/><V11/><F71/><W122/><G72/><T41/><D73/><U15/><E116/><V81/><F36/><W47/><G5/><T8/><D111/><U85/><E126/><V84/><F84/><W74/><G74/><T96/><D127/><U34/><E107/><V109/><F109/><W23/><G99/><N who="0" m="59495" /><D8/><U50/><E38/><V24/><F58/><W70/><G117/><T77/><D77/><U118/><E118/><V113/><F113/><W14/><G70/><T2/><D2/><U125/><E125/><V115/><F115/><W95/><G95/><T87/><D87/><U21/><E85/><V66/><F66/><N who="3" m="25131" /><G68/><T30/><D43/><U82/><E82/><V80/><F80/><W69/><G69/><T29/><D18/><U60/><E3/><V112/><F112/><W106/><G106/><T31/><D31/><N who="1" m="19695" /><E34/><V9/><F1/><W76/><G76/><T75/><D75/><U7/><AGARI ba="1,0" hai="0,7,10,15,16,21,49,50,53,59,60" m="19695" machi="7" ten="30,2000,0" yaku="24,1,54,1" doraHai="128" who="1" fromWho="1" sc="170,-11,315,23,185,-6,330,-6" /><INIT seed="5,0,0,2,0,11" ten="159,338,179,324" oya="1" hai0="124,27,32,40,61,71,119,115,37,77,80,134,10" hai1="2,23,75,90,66,99,100,13,101,5,12,47,93" hai2="62,17,96,55,70,72,57,68,128,38,92,14,30" hai3="58,131,20,24,102,107,60,76,91,135,51,53,9"/><U117/><E117/><V85/><F72/><W83/><G131/><T63/><D119/><U64/><E75/><V54/><F128/><W108/><G108/><T26/><D115/><U122/><E122/><V56/><F38/><W36/><G36/><T125/><D134/><U39/><E39/><V118/><F118/><W3/><G135/><T133/><D133/><U4/><E2/><V45/><F45/><W33/><G33/><T73/><D40/><U1/><E1/><V126/><F126/><N who="0" m="48746" /><D37/><U16/><E47/><V129/><F129/><W22/><G91/><T123/><D123/><U116/><E116/><V29/><F85/><W98/><G24/><N who="0" m="9259" /><D71/><U79/><E79/><V84/><F84/><W88/><G88/><T81/><D32/><U43/><E43/><V25/><F25/><W89/><G89/><T106/><D106/><U112/><E112/><V46/><F70/><W31/><G31/><T15/><D81/><U69/><E69/><V8/><F68/><W114/><G114/><T41/><D41/><U44/><E44/><V94/><F46/><W109/><G109/><T34/><D34/><U42/><E42/><V6/><F96/><W35/><G35/><T48/><D48/><U120/><E120/><V49/><F6/><AGARI ba="0,0" hai="6,10,15,61,63,73,77,80" m="9259,48746" machi="6" ten="30,2000,0" yaku="18,1,52,1" doraHai="11" who="0" fromWho="2" sc="159,20,338,0,179,-20,324,0" /><INIT seed="6,0,0,1,3,90" ten="179,338,159,324" oya="2" hai0="8,103,26,44,45,29,31,72,82,76,21,37,100" hai1="25,85,110,89,133,61,120,36,131,81,51,32,47" hai2="42,16,121,115,122,86,96,64,49,52,35,116,46" hai3="101,77,68,107,15,22,58,124,104,6,65,134,23"/><V0/><F35/><W109/><G68/><T79/><D79/><U135/><E110/><V14/><F0/><W113/><G77/><T83/><D83/><U50/><E131/><V126/><F116/><W11/><G109/><T130/><D130/><U60/><E36/><V39/><F115/><W56/><G113/><T123/><D123/><U19/><E120/><V27/><F27/><W125/><G134/><N who="1" m="51210" /><E51/><V40/><F126/><N who="3" m="48747" /><G101/><T70/><D70/><U99/><E99/><V69/><F96/><W108/><G108/><T3/><D31/><N who="1" m="19567" /><E19/><V112/><F112/><W55/><G65/><T94/><D94/><U34/><E34/><V97/><F97/><W105/><G58/><T132/><D132/><U87/><E85/><V66/><F121/><W73/><G73/><T12/><D45/><U43/><AGARI ba="0,0" hai="43,47,50,60,61,81,87,89" m="19567,51210" machi="43" ten="30,1100,0" yaku="20,1" doraHai="90" who="1" fromWho="1" sc="179,-3,338,11,159,-5,324,-3" /><INIT seed="7,0,0,5,2,30" ten="176,349,154,321" oya="3" hai0="130,82,104,29,14,108,45,53,34,2,41,11,47" hai1="50,37,36,17,84,64,58,5,31,65,55,110,54" hai2="60,105,8,48,39,46,20,123,1,4,72,59,26" hai3="92,32,33,28,103,6,44,128,85,112,76,71,78"/><W95/><G71/><T131/><D108/><U127/><E110/><V19/><F123/><W10/><G28/><T81/><D104/><U52/><E36/><V91/><F105/><W89/><G112/><T97/><D2/><U63/><E37/><V77/><F39/><W49/><G128/><N who="0" m="49195" /><D97/><U94/><E127/><V35/><F91/><W100/><G76/><T124/><D124/><U9/><E17/><V121/><F121/><W38/><G38/><N who="0" m="21687" /><D34/><U93/><E31/><V115/><F115/><W13/><G78/><T129/><D29/><U0/><E64/><V12/><F77/><W87/><G87/><T113/><N who="0" m="49203" /><T3/><DORA hai="111" /><D3/><U133/><E133/><V107/><F107/><W118/><G118/><T40/><D40/><U109/><E109/><V15/><F72/><W21/><G21/><T74/><D74/><U73/><E73/><V57/><F35/><W42/><REACH who="3" step="1"/><G100/><REACH who="3" ten="176,349,154,311" step="2"/><T61/><D113/><U22/><E22/><V132/><F132/><W101/><G101/><T135/><D135/><U126/><E126/><V68/><F68/><W43/><G43/><T23/><D23/><U106/><E106/><V134/><F134/><W96/><AGARI ba="0,1" hai="6,10,13,32,33,42,44,49,85,89,92,95,96,103" machi="96" ten="30,18000,2" yaku="1,1,0,1,52,2,53,2" doraHai="30,111" doraHaiUra="79,90" who="3" fromWho="3" sc="176,-60,349,-60,154,-60,311,190" owari="116,-28.0,289,9.0,94,-41.0,501,60.0" /></mjloggm>