<mjloggm ver="2.3"><GO type="169" lobby="0"/><UN n0="%E4%BC%8A%E8%A3%8F%E9%87%8E%E5%8A%A0%E5%A5%88" n1="%E3%83%88%E3%83%88%E3%83%AA%E5%85%88%E7%94%9F%31%39%E6%AD%B3" n2="%E4%B8%89%E5%B0%BA%E7%8E%89" n3="%E6%B0%B4%E6%9C%AC%E3%82%86%E3%81%8B%E3%82%8A" dan="16,18,16,16" rate="2038.82,2217.08,2092.93,2057.99" sx="F,F,M,F"/><TAIKYOKU oya="0"/><INIT seed="0,0,0,1,5,112" ten="250,250,250,250" oya="0" hai0="6,114,51,10,97,65,34,82,70,106,129,87,17" hai1="135,48,24,127,108,26,75,132,123,30,13,42,111" hai2="79,29,2,76,80,113,66,43,81,54,58,69,94" hai3="133,53,40,20,130,62,46,103,27,64,49,78,89"/><T105/><D114/><U60/><E75/><V120/><F2/><W9/><G133/><N who="1" m="51274" /><E42/><V39/><F120/><W32/><G130/><T18/><D34/><N who="1" m="20807" /><E48/><V55/><F29/><W56/><G32/><T98/><D129/><U77/><E77/><V11/><F11/><W115/><G115/><T73/><D73/><U37/><E37/><V68/><F66/><W41/><G78/><T25/><D51/><U3/><E60/><V118/><F113/><W90/><G9/><T45/><D45/><U12/><E3/><V28/><F43/><N who="3" m="16459" /><G103/><T101/><D101/><U107/><E107/><V83/><F39/><W102/><G102/><T47/><D105/><U1/><E1/><V91/><F76/><W38/><G38/><T21/><D106/><U72/><E72/><V57/><F79/><W63/><G63/><T0/><D0/><U4/><E123/><V119/><F69/><W86/><G86/><T84/><D84/><U16/><E127/><V67/><F67/><W52/><G64/><T36/><D65/><U59/><E59/><V110/><F68/><W99/><G99/><T121/><D121/><U96/><E96/><N who="0" m="36969" /><D70/><U44/><E44/><V109/><F58/><W22/><G49/><T5/><D47/><U33/><E4/><N who="0" m="1641" /><D36/><U61/><E61/><V100/><F100/><W134/><G46/><T71/><D71/><U131/><E131/><V126/><F126/><W14/><G134/><T8/><D18/><U93/><E16/><V15/><F57/><W128/><G128/><T74/><D74/><U104/><E104/><V122/><F122/><W117/><G56/><RYUUKYOKU ba="0,0" sc="250,30,250,-10,250,-10,250,-10" hai0="8,10,17,21,25,82,87" /><INIT seed="0,1,0,4,2,99" ten="280,240,240,240" oya="0" hai0="118,107,42,5,104,59,16,68,87,7,100,112,0" hai1="8,46,22,4,84,52,124,80,106,75,29,37,122" hai2="30,32,105,126,113,36,119,102,20,131,129,123,121" hai3="111,132,57,55,14,67,127,109,82,110,79,48,91"/><T116/><D112/><U25/><E122/><V85/><F36/><W43/><G132/><T77/><D68/><U13/><E75/><V95/><F113/><W28/><G127/><T6/><D0/><U34/><E124/><V44/><F126/><W21/><G91/><T33/><D33/><U92/><E106/><V83/><F32/><W18/><G28/><T54/><D42/><U78/><E37/><V23/><F44/><W39/><G67/><T38/><D38/><U63/><E34/><V74/><F23/><W89/><G89/><T93/><D107/><U58/><E92/><V117/><F20/><W88/><G88/><T120/><D120/><N who="2" m="46154" /><F105/><W3/><G3/><T60/><D104/><U64/><REACH who="1" step="1"/><E46/><REACH who="1" ten="280,230,240,240" step="2"/><V40/><F74/><N who="3" m="43383" /><G39/><T96/><D116/><U12/><E12/><V128/><F117/><W135/><G135/><T133/><D118/><U66/><AGARI ba="1,1" hai="4,8,13,22,25,29,52,58,63,64,66,78,80,84" machi="66" ten="30,7900,0" yaku="1,1,0,1,8,1,54,1,53,0" doraHai="99" doraHaiUra="65" who="1" fromWho="1" sc="280,-40,230,92,240,-21,240,-21" /><INIT seed="1,0,0,1,5,24" ten="240,322,219,219" oya="1" hai0="39,29,73,49,44,57,97,110,18,20,40,100,9" hai1="32,129,90,101,132,104,102,54,56,89,25,84,83" hai2="21,50,55,134,35,85,119,135,114,96,38,46,34" hai3="133,6,64,117,2,121,41,65,128,120,79,111,51"/><U47/><E129/><V108/><F119/><W94/><G2/><T123/><D110/><U70/><E70/><V131/><F108/><W16/><G6/><T68/><D73/><U13/><E132/><N who="2" m="50731" /><F131/><W62/><G111/><T67/><D123/><U106/><E47/><V36/><F85/><W93/><G117/><T88/><D9/><U60/><E90/><V113/><F21/><W19/><G133/><T17/><D68/><U122/><E122/><V28/><F96/><W118/><G118/><T31/><D17/><N who="3" m="6729" /><G128/><T66/><D39/><N who="2" m="14890" /><F28/><N who="0" m="10826" /><D100/><U95/><E102/><V107/><F107/><W81/><G121/><T23/><D57/><U71/><E71/><V53/><F53/><W45/><G120/><T125/><D125/><U124/><E124/><V10/><F10/><W75/><G75/><T92/><D23/><U115/><E104/><V78/><F78/><W37/><G79/><T27/><AGARI ba="0,0" hai="18,20,27,40,44,49,66,67,88,92,97" m="10826" machi="27" ten="30,8000,1" yaku="8,1,52,3,54,1" doraHai="24" who="0" fromWho="0" sc="240,80,322,-40,219,-20,219,-20" /><INIT seed="2,0,0,3,2,120" ten="320,282,199,199" oya="2" hai0="6,32,75,5,0,18,37,29,7,44,113,71,100" hai1="22,4,109,28,129,52,95,55,50,74,135,91,92" hai2="33,20,36,131,72,133,84,39,90,96,85,108,31" hai3="53,81,45,51,103,89,97,61,54,121,35,16,119"/><V114/><F114/><W2/><G121/><T25/><D113/><U132/><E74/><V63/><F33/><W8/><G35/><T30/><D71/><U23/><E129/><V17/><F72/><W79/><G119/><T1/><D100/><U46/><E4/><V99/><F31/><W105/><G89/><T116/><D75/><U43/><E109/><V86/><F131/><W112/><G112/><T115/><D115/><U76/><E76/><V111/><F63/><W26/><G61/><T117/><D44/><U107/><E107/><V42/><F133/><N who="1" m="51273" /><E95/><N who="2" m="56439" /><F42/><W19/><G26/><N who="0" m="18487" /><D37/><N who="1" m="21871" /><E28/><V102/><F17/><W40/><G40/><T104/><D104/><U98/><E55/><V130/><F130/><W124/><G53/><T82/><D82/><U69/><E69/><V83/><F83/><W64/><G64/><T122/><D122/><U78/><E78/><V93/><F20/><W10/><G81/><T110/><D110/><AGARI ba="0,0" hai="36,39,84,85,86,93,99,102,108,110,111" m="56439" machi="110" ten="30,12000,1" yaku="14,1,10,1,52,3" doraHai="120" who="2" fromWho="0" sc="320,-120,282,0,199,120,199,0" /><INIT seed="2,1,0,0,0,79" ten="200,282,319,199" oya="2" hai0="23,107,5,128,104,81,54,119,78,3,68,86,88" hai1="101,92,2,49,84,62,100,64,47,58,1,123,112" hai2="37,56,66,10,22,115,53,98,61,89,31,70,134" hai3="130,121,7,19,106,60,6,32,52,69,67,109,108"/><V39/><F115/><W20/><G32/><T63/><D128/><U17/><E112/><V43/><F43/><W110/><G121/><T113/><D113/><U44/><E123/><V118/><F118/><W82/><G106/><T38/><D119/><U125/><E125/><V51/><F10/><W36/><G36/><T99/><D38/><U50/><E2/><V46/><F134/><W83/><G52/><T135/><D135/><U77/><E1/><V95/><F70/><W117/><G117/><T96/><D3/><U24/><E24/><V132/><F132/><W76/><G130/><T26/><D5/><N who="3" m="1545" /><G76/><T124/><D124/><U111/><E17/><V27/><AGARI ba="1,0" hai="22,27,31,37,39,46,51,53,56,61,66,89,95,98" machi="27" ten="30,1500,0" yaku="0,1" doraHai="79" who="2" fromWho="2" sc="200,-6,282,-6,319,18,199,-6" /><INIT seed="2,2,0,1,5,71" ten="194,276,337,193" oya="2" hai0="101,117,125,50,100,24,92,32,126,76,11,6,4" hai1="38,52,131,7,65,45,60,17,79,20,104,123,22" hai2="48,63,121,54,13,43,90,62,61,107,47,29,118" hai3="113,69,37,41,132,119,99,25,19,82,39,46,3"/><V96/><F121/><W134/><G119/><T114/><D114/><U28/><E104/><V97/><F107/><W16/><G69/><T94/><D117/><U105/><E105/><V66/><F118/><W103/><G3/><T95/><D76/><U108/><E108/><V116/><F116/><W56/><G113/><T78/><D78/><U111/><E111/><V5/><F29/><W88/><G56/><T12/><D4/><U67/><E123/><V128/><F128/><W112/><G112/><T40/><D32/><U59/><E131/><V87/><F66/><W68/><G68/><T23/><D50/><U110/><E110/><V14/><F54/><W51/><G103/><T57/><D57/><U83/><E7/><V44/><F44/><W85/><G99/><T10/><D10/><U36/><E28/><V72/><F72/><W93/><G82/><T2/><D40/><U42/><E36/><N who="3" m="13898" /><G25/><T27/><D2/><U81/><E81/><N who="2" m="49519" /><F14/><W58/><G58/><T8/><D8/><AGARI ba="2,0" hai="5,8,13,43,47,48,61,62,63,96,97" m="49519" machi="8" ten="30,1500,0" yaku="8,1" doraHai="71" who="2" fromWho="0" sc="194,-21,276,0,337,21,193,0" /><INIT seed="2,3,0,0,3,11" ten="173,276,358,193" oya="2" hai0="8,123,90,105,113,81,120,14,70,82,85,38,60" hai1="83,7,100,10,20,51,134,35,27,72,43,124,23" hai2="29,84,103,130,19,133,67,45,74,18,31,117,44" hai3="48,129,66,68,109,1,54,0,102,79,59,50,55"/><V15/><F74/><W75/><G129/><T76/><D113/><U49/><E134/><V25/><F117/><W57/><G109/><T65/><D105/><U99/><E124/><V78/><F130/><W86/><G75/><T112/><D38/><U26/><E35/><V34/><F103/><W108/><G102/><T88/><D112/><U36/><E36/><V2/><F2/><W28/><G28/><N who="2" m="10825" /><F67/><W96/><G96/><T91/><REACH who="0" step="1"/><D81/><REACH who="0" ten="163,276,358,193" step="2"/><U56/><E83/><N who="2" m="47223" /><F133/><W47/><G108/><T5/><AGARI ba="3,1" hai="5,8,14,60,65,70,76,82,85,88,90,91,120,123" machi="5" ten="30,7900,0" yaku="1,1,0,1,52,1,54,1,53,0" doraHai="11" doraHaiUra="40" who="0" fromWho="0" sc="163,98,276,-23,358,-42,193,-23" /><INIT seed="3,0,0,3,2,27" ten="261,253,316,170" oya="3" hai0="24,36,48,75,113,26,21,121,83,56,64,19,39" hai1="35,85,51,96,31,134,129,92,16,32,23,105,46" hai2="118,6,45,49,82,70,13,124,132,122,65,7,130" hai3="112,106,14,67,90,107,9,1,42,104,4,57,79"/><W88/><G112/><T117/><D121/><U110/><E110/><V91/><F118/><W74/><G42/><T77/><D117/><U53/><E129/><V73/><F122/><W44/><G44/><T29/><D113/><U111/><E111/><V2/><F2/><W40/><G40/><T15/><D26/><U68/><E68/><V115/><F115/><W30/><G1/><T80/><D80/><U63/><E134/><V60/><F130/><W95/><G30/><T93/><D93/><U47/><E105/><V62/><F62/><W135/><G135/><T101/><D101/><U114/><E114/><V54/><F124/><W41/><G41/><T98/><D98/><U116/><E116/><V52/><F54/><W81/><REACH who="3" step="1"/><G95/><REACH who="3" ten="261,253,316,160" step="2"/><T131/><D131/><U86/><E46/><V34/><F132/><W38/><G38/><T99/><D39/><U120/><E31/><V5/><F45/><W55/><G55/><T76/><D36/><U125/><E120/><V128/><F52/><W11/><G11/><T18/><D29/><U59/><E125/><V78/><F128/><W28/><G28/><T10/><D10/><U66/><E35/><V8/><F34/><W94/><G94/><T109/><D109/><U58/><E47/><V126/><F126/><W127/><G127/><T72/><D64/><U103/><E32/><V61/><F65/><W37/><G37/><T100/><D21/><U17/><E23/><V71/><F8/><W25/><G25/><T12/><D24/><U3/><E3/><V69/><F13/><W20/><G20/><T50/><D12/><RYUUKYOKU ba="0,1" sc="261,-15,253,15,316,-15,160,15" hai1="16,17,51,53,58,59,63,66,85,86,92,96,103" hai3="4,9,14,57,67,74,79,81,88,90,104,106,107" /><INIT seed="3,1,1,3,5,126" ten="246,268,301,175" oya="3" hai0="90,133,50,67,2,110,1,13,37,105,96,123,112" hai1="99,23,52,24,3,56,64,127,6,81,19,73,95" hai2="109,4,101,36,118,43,0,89,78,69,92,98,124" hai3="27,120,80,97,34,113,42,21,22,100,72,9,55"/><W86/><G72/><T84/><D123/><U44/><E127/><V7/><F69/><W65/><G120/><T39/><D110/><U5/><E3/><V46/><F109/><W125/><G125/><T74/><D74/><U40/><E64/><V18/><F118/><W54/><G113/><T77/><D112/><U29/><E29/><V68/><F68/><W108/><G108/><T30/><D67/><U35/><E35/><V41/><F0/><W57/><G34/><T102/><D77/><U16/><E19/><V38/><F78/><W17/><G42/><T128/><D30/><U93/><E81/><V14/><F124/><W132/><G132/><T45/><D133/><U58/><E58/><V122/><F122/><W63/><G9/><T26/><D1/><U134/><E73/><V71/><F71/><W103/><G22/><T15/><D26/><U66/><E66/><V115/><F115/><W104/><REACH who="3" step="1"/><G103/><REACH who="3" ten="246,268,301,165" step="2"/><T119/><D102/><U75/><E75/><V76/><F101/><W20/><G20/><T48/><D119/><U12/><E134/><V8/><F41/><W85/><G85/><T61/><D84/><U135/><E135/><V130/><F43/><W33/><G33/><T88/><D39/><N who="1" m="21535" /><E99/><V87/><F98/><W121/><G121/><T117/><D37/><U79/><E23/><V60/><F38/><W47/><G47/><T107/><D45/><U82/><E5/><N who="2" m="2123" /><F46/><W114/><G114/><T131/><D117/><U32/><E6/><V49/><F36/><W129/><G129/><T111/><D96/><U25/><E32/><V28/><F130/><RYUUKYOKU ba="1,2" sc="246,-10,268,-10,301,-10,165,30" hai3="17,21,27,54,55,57,63,65,80,86,97,100,104" /><INIT seed="3,2,2,0,0,42" ten="236,258,291,195" oya="3" hai0="105,22,26,110,106,97,130,37,115,41,76,69,116" hai1="21,52,59,121,124,50,31,102,75,2,101,94,112" hai2="80,100,72,84,18,92,35,29,20,125,134,45,19" hai3="3,61,56,15,28,133,93,129,47,95,107,6,123"/><W77/><G107/><T99/><D116/><U57/><E121/><V67/><F35/><W117/><G117/><T131/><D69/><U11/><E75/><V40/><F134/><W33/><G123/><T39/><D110/><U10/><E112/><V122/><F125/><W64/><G3/><T113/><D76/><U58/><E124/><V91/><F67/><W1/><G1/><T0/><D0/><U53/><E2/><V135/><F135/><W51/><G133/><T128/><D41/><U96/><E101/><V79/><F122/><W74/><G129/><T114/><D22/><U32/><E32/><V108/><F108/><W43/><G28/><T109/><D26/><N who="1" m="16847" /><E53/><V49/><F100/><W118/><G33/><T55/><D55/><U60/><E60/><V65/><F65/><W63/><G118/><T82/><D82/><U98/><E96/><N who="0" m="36937" /><D109/><U9/><AGARI ba="2,2" hai="9,10,11,50,52,57,58,59,94,98,102" m="16847" machi="9" ten="30,2000,0" yaku="8,1,54,1" doraHai="42" who="1" fromWho="1" sc="236,-7,258,46,291,-7,195,-12" /><INIT seed="4,0,0,4,3,19" ten="229,304,284,183" oya="0" hai0="70,44,11,107,57,72,32,51,17,22,47,20,125" hai1="13,112,0,82,67,108,58,64,116,4,66,77,3" hai2="132,26,63,95,92,83,30,24,73,71,86,93,50" hai3="75,7,101,14,130,15,78,18,90,8,34,42,56"/><T133/><D70/><U81/><E108/><V102/><F73/><W115/><G34/><T123/><D123/><U65/><E116/><V68/><F102/><W88/><G130/><T104/><D72/><U87/><E112/><V135/><F50/><W52/><G115/><T28/><D32/><U12/><E58/><V27/><F30/><W74/><G101/><T85/><D125/><U97/><E97/><V39/><F39/><W89/><G42/><T61/><D133/><N who="2" m="51274" /><F63/><W84/><G78/><AGARI ba="0,0" hai="24,26,27,68,71,78,83,86,92,93,95" m="51274" machi="78" ten="40,1300,0" yaku="20,1" doraHai="19" who="2" fromWho="3" sc="229,0,304,0,284,13,183,-13" /><INIT seed="5,0,0,3,3,85" ten="229,304,297,170" oya="1" hai0="37,49,16,58,57,88,59,11,30,48,17,34,116" hai1="54,103,56,74,82,52,75,14,25,40,72,18,66" hai2="46,29,80,39,61,111,98,109,8,132,67,101,62" hai3="9,51,38,4,27,129,2,33,73,3,79,22,128"/><U133/><E133/><V83/><F132/><W65/><G38/><T23/><D37/><U127/><E127/><V87/><F61/><W113/><G65/><T55/><D116/><U119/><E119/><V7/><F46/><W125/><G73/><T121/><D34/><U6/><E6/><V42/><F42/><W20/><G79/><T91/><D121/><U97/><E25/><V44/><F80/><W115/><G51/><N who="0" m="19531" /><D55/><U5/><E5/><V114/><F29/><N who="3" m="19647" /><G3/><T112/><D112/><N who="3" m="43081" /><G125/><T122/><D122/><U124/><E40/><V130/><F44/><W50/><G50/><T106/><D106/><U63/><E82/><V108/><F39/><W118/><G118/><T0/><D0/><U102/><E124/><V71/><F114/><W104/><G104/><T81/><D81/><U107/><REACH who="1" step="1"/><E103/><REACH who="1" ten="229,294,297,170" step="2"/><V47/><F101/><W28/><G28/><T76/><D76/><U32/><E32/><V96/><F83/><W68/><G68/><T84/><D30/><U12/><E12/><V123/><F71/><W69/><G69/><T105/><D105/><U131/><E131/><AGARI ba="0,1" hai="2,4,9,20,22,128,129,131" m="43081,19647" machi="131" ten="30,7700,0" yaku="19,1,15,1,34,2" doraHai="85" who="3" fromWho="1" sc="229,0,294,-77,297,0,170,87" /><INIT seed="6,0,0,0,1,75" ten="229,217,297,257" oya="2" hai0="110,41,105,25,106,4,77,40,69,92,10,86,68" hai1="11,18,63,74,99,124,17,125,117,95,51,60,39" hai2="93,98,56,129,112,131,24,132,14,67,1,30,108" hai3="88,19,53,83,81,46,61,116,102,55,7,87,101"/><V89/><F1/><W50/><G116/><T58/><D110/><U71/><E117/><V3/><F3/><W111/><G111/><T91/><D77/><U5/><E39/><V49/><F108/><W44/><G7/><T12/><D25/><U82/><E51/><V59/><F112/><W62/><G19/><N who="1" m="7178" /><E71/><V134/><F14/><W80/><G46/><T23/><D23/><U118/><E118/><V119/><F119/><W76/><G53/><T6/><D6/><U52/><E82/><N who="3" m="31850" /><G88/><T122/><D122/><U109/><E74/><V103/><F89/><W115/><G115/><T31/><D31/><U22/><E22/><N who="2" m="15639" /><F49/><W72/><G72/><T29/><D29/><U97/><E109/><V126/><F126/><N who="1" m="48745" /><E95/><V130/><F67/><W37/><G37/><T2/><D69/><U78/><E78/><V90/><F90/><W28/><G28/><T127/><D68/><U15/><E60/><AGARI ba="0,0" hai="44,50,55,60,61,62,76,83,87,101,102" m="31850" machi="60" ten="30,2000,0" yaku="8,1,52,1" doraHai="75" who="3" fromWho="1" sc="229,0,217,-20,297,0,257,20" /><INIT seed="7,0,0,1,2,23" ten="229,197,297,277" oya="3" hai0="122,43,135,50,24,93,100,5,75,95,0,118,29" hai1="42,27,9,131,132,111,114,22,35,36,73,98,32" hai2="14,77,89,51,47,38,80,90,101,70,34,120,69" hai3="81,76,103,123,105,65,106,3,61,113,53,41,52"/><W79/><G3/><T108/><D118/><U92/><E111/><V11/><F38/><W94/><G123/><T83/><D122/><U96/><E73/><V127/><F34/><W20/><G106/><T46/><D135/><U67/><E132/><V6/><F101/><W134/><G105/><T45/><D100/><U4/><E114/><V68/><F120/><W37/><G37/><T99/><D99/><U58/><E131/><V115/><F127/><W117/><G117/><T87/><D75/><U102/><E98/><V107/><F107/><W13/><G41/><T129/><D129/><U63/><E42/><N who="2" m="25079" /><F115/><W86/><G79/><T128/><D128/><U78/><E78/><V59/><F59/><N who="3" m="37055" /><G113/><T112/><D112/><U56/><E56/><V62/><F62/><W10/><G20/><T40/><D5/><U126/><E36/><V85/><AGARI ba="0,0" hai="6,11,14,68,69,70,77,80,85,89,90" m="25079" machi="85" ten="30,1100,0" yaku="25,1" doraHai="23" who="2" fromWho="2" sc="229,-3,197,-3,297,11,277,-5" owari="226,-17.0,194,-31.0,308,41.0,272,7.0" /></mjloggm>