<mjloggm ver="2.3"><GO type="169" lobby="0"/><UN n0="%E3%83%88%E3%83%88%E3%83%AA%E5%85%88%E7%94%9F%31%39%E6%AD%B3" n1="%EF%BC%9D%E4%BC%8A%E8%97%A4%E3%81%8B%E3%81%AA%E6%81%B5%EF%BC%9D" n2="%E3%83%9E%E3%83%A1%E3%83%9D%E3%82%B3" n3="%E3%81%9F%E3%81%BE%E3%81%AD%E3%81%8E%E5%89%A3%E5%A3%AB" dan="18,17,16,17" rate="2214.65,2126.25,2025.35,2158.14" sx="F,F,M,M"/><TAIKYOKU oya="0"/><INIT seed="0,0,0,1,2,118" ten="250,250,250,250" oya="0" hai0="48,35,34,116,66,54,52,115,97,130,121,37,101" hai1="90,119,104,50,98,28,129,117,78,14,124,88,67" hai2="71,127,99,60,106,132,53,40,24,10,102,49,80" hai3="107,112,3,23,12,44,26,128,69,114,89,84,72"/><T39/><D116/><U134/><E67/><V131/><F131/><W57/><G3/><T126/><D115/><U4/><E28/><V135/><F127/><W43/><G72/><T27/><D130/><U77/><E129/><V45/><F80/><W87/><G69/><T9/><D126/><U58/><E124/><V13/><F24/><W47/><G128/><T22/><D121/><U8/><E119/><V15/><F71/><W103/><G84/><T29/><D66/><U75/><E117/><V123/><F123/><W111/><G12/><T20/><D9/><U38/><E38/><V17/><F15/><W100/><G57/><T70/><D70/><U21/><E21/><V59/><AGARI ba="0,0" hai="10,13,17,40,45,49,53,59,60,99,102,106,132,135" machi="59" ten="30,1100,0" yaku="0,1" doraHai="118" who="2" fromWho="2" sc="250,-5,250,-3,250,11,250,-3" /><INIT seed="1,0,0,2,2,127" ten="245,247,261,247" oya="1" hai0="5,31,132,42,83,94,29,49,6,121,119,13,82" hai1="0,9,52,35,116,10,27,77,101,40,79,41,15" hai2="46,23,56,89,66,110,100,28,26,106,88,120,25" hai3="74,109,98,21,39,87,36,91,47,103,76,71,60"/><U16/><E116/><V73/><F73/><W111/><G21/><T59/><D119/><U125/><E125/><V128/><F120/><W1/><G1/><T81/><D121/><U55/><E101/><V117/><F117/><W44/><G74/><T64/><D132/><U115/><E115/><V78/><F78/><N who="1" m="29705" /><E35/><V37/><F110/><N who="3" m="41995" /><G76/><T84/><D42/><N who="1" m="16491" /><E0/><V113/><F37/><N who="3" m="14411" /><G60/><N who="0" m="37919" /><D49/><U130/><E130/><V123/><F128/><W133/><G71/><T69/><D69/><U95/><E27/><V108/><F108/><W33/><G33/><T97/><D84/><U122/><E122/><V30/><F123/><W86/><G86/><T14/><D14/><N who="1" m="7247" /><E95/><V134/><F106/><N who="3" m="63863" /><G133/><T96/><D96/><U92/><E92/><AGARI ba="0,0" hai="44,47,87,91,92" m="63863,14411,41995" machi="92" ten="30,1000,0" yaku="14,1" doraHai="127" who="3" fromWho="1" sc="245,0,247,-10,261,0,247,10" /><INIT seed="2,0,0,3,5,120" ten="245,237,261,257" oya="2" hai0="0,124,74,116,79,85,101,95,17,13,16,128,118" hai1="127,68,71,121,46,33,126,65,90,99,31,96,106" hai2="92,113,117,109,91,94,14,12,32,26,76,115,89" hai3="43,83,86,70,111,10,15,8,123,134,2,125,75"/><V29/><F117/><N who="0" m="45162" /><D0/><U1/><E121/><V108/><F76/><W42/><G123/><T48/><D128/><U52/><E1/><V35/><F26/><W56/><G75/><T40/><D124/><N who="1" m="47659" /><E90/><V11/><F11/><W45/><G70/><N who="1" m="26666" /><E65/><V41/><F41/><W103/><G103/><T102/><D74/><U88/><E106/><V87/><F87/><W60/><G125/><T114/><D17/><U38/><E88/><V25/><F25/><W82/><G82/><N who="0" m="47327" /><D95/><U69/><E69/><V19/><F19/><W100/><G2/><T97/><D97/><U81/><E81/><V133/><F29/><W9/><G83/><T93/><D93/><U6/><E6/><V67/><F67/><W53/><G86/><T44/><D114/><U98/><E38/><V131/><F131/><W122/><G122/><T135/><D135/><AGARI ba="0,0" hai="12,14,32,35,89,91,92,94,108,109,113,115,133,135" machi="135" ten="25,9600,0" yaku="22,2,52,2" doraHai="120" who="2" fromWho="0" sc="245,-96,237,0,261,96,257,0" /><INIT seed="2,1,0,1,5,89" ten="149,237,357,257" oya="2" hai0="83,22,81,44,126,99,34,78,69,108,91,12,45" hai1="97,80,122,85,84,4,24,43,64,32,102,63,109" hai2="104,21,11,75,40,6,13,107,65,1,29,106,30" hai3="71,54,73,133,76,86,31,7,26,87,116,9,5"/><V118/><F118/><W131/><G71/><T50/><D34/><U58/><E109/><V98/><F75/><W110/><G116/><T74/><D69/><U119/><E119/><V20/><F65/><W55/><G110/><T61/><D108/><U68/><E122/><V37/><F98/><W49/><G131/><T15/><D126/><U111/><E111/><V25/><F13/><W2/><G133/><T77/><D61/><U52/><E43/><V62/><F62/><W132/><G132/><T56/><D56/><U38/><E38/><V101/><F101/><W117/><G117/><T93/><D22/><U46/><E46/><V115/><F115/><W41/><G7/><T94/><D94/><U95/><E4/><V124/><F124/><W92/><G92/><T120/><D45/><U128/><E128/><V134/><F134/><W8/><G8/><T35/><D35/><U36/><E36/><V82/><F82/><W96/><G96/><T27/><D27/><U66/><E68/><V127/><F127/><W114/><G114/><T48/><D120/><U47/><E47/><V59/><F59/><W10/><G10/><T103/><D103/><U72/><E32/><V14/><F1/><W3/><G3/><T53/><REACH who="0" step="1"/><D48/><REACH who="0" ten="139,237,357,257" step="2"/><U88/><E24/><V19/><F21/><N who="3" m="15823" /><G49/><T57/><D57/><U0/><E63/><V79/><F37/><W129/><G129/><T121/><D121/><U33/><E33/><V28/><REACH who="2" step="1"/><F40/><REACH who="2" ten="139,237,347,257" step="2"/><W23/><G41/><T60/><D60/><U39/><E58/><V112/><F112/><W100/><G23/><T90/><D90/><RYUUKYOKU ba="1,2" sc="139,15,237,-15,347,15,257,-15" hai0="12,15,44,50,53,74,77,78,81,83,91,93,99" hai2="6,11,14,19,20,25,28,29,30,79,104,106,107" /><INIT seed="2,2,2,2,4,125" ten="154,222,362,242" oya="2" hai0="116,69,56,15,42,121,84,87,47,102,30,38,14" hai1="124,22,74,66,106,49,90,85,100,104,129,23,119" hai2="115,53,122,8,76,103,81,48,16,26,70,128,118" hai3="19,61,110,127,41,27,7,114,9,43,126,89,109"/><V105/><F122/><W75/><G75/><T120/><D69/><U79/><E119/><V36/><F118/><W28/><G114/><T13/><D116/><U99/><E124/><N who="3" m="47658" /><G89/><T10/><D10/><U1/><E104/><V3/><F70/><W117/><G117/><T78/><D30/><U67/><E1/><V37/><F115/><W72/><G72/><T39/><D39/><U83/><E129/><V50/><F128/><W113/><G113/><T135/><D135/><U24/><E49/><V130/><F130/><W93/><G93/><T68/><D68/><U77/><E77/><V11/><F50/><W60/><G61/><T18/><D18/><U133/><E133/><V31/><F3/><N who="3" m="255" /><G60/><T82/><D102/><U52/><E52/><V112/><F37/><W29/><G43/><T6/><D6/><U96/><E96/><V131/><F36/><W132/><G41/><T0/><D0/><U2/><E2/><V46/><F112/><W12/><G132/><T88/><REACH who="0" step="1"/><D56/><REACH who="0" ten="144,222,362,242" step="2"/><U34/><E34/><V54/><F131/><W134/><G134/><T123/><D123/><U80/><E23/><V62/><F31/><AGARI ba="2,3" hai="22,24,31,66,67,74,79,80,83,85,90,99,100,106" machi="31" ten="30,1000,0" yaku="7,1" doraHai="125" who="1" fromWho="2" sc="144,0,222,46,362,-16,242,0" /><INIT seed="3,0,0,0,4,132" ten="144,268,346,242" oya="3" hai0="65,37,59,17,6,31,12,90,64,121,124,15,77" hai1="4,73,125,94,97,14,32,5,134,48,105,109,98" hai2="92,70,29,55,71,30,127,36,78,99,47,11,18" hai3="41,1,0,54,83,27,103,33,19,62,80,61,24"/><W107/><G33/><T22/><D121/><U23/><E32/><V45/><F78/><W120/><G120/><T113/><D37/><U128/><E134/><V40/><F127/><W38/><G38/><T102/><D113/><U49/><E73/><V3/><F70/><W114/><G114/><T34/><D102/><U135/><E135/><V35/><F71/><W100/><G41/><T52/><D124/><U46/><E125/><V96/><F96/><W133/><G133/><T95/><D77/><U8/><E109/><V53/><F35/><W7/><G7/><T21/><D34/><U130/><E5/><V118/><F118/><W39/><G39/><T25/><D12/><U104/><E23/><V116/><F116/><W9/><G9/><T108/><D6/><U85/><E85/><V119/><F3/><W87/><G87/><T82/><D82/><U84/><E49/><V44/><F119/><W57/><G107/><N who="1" m="41034" /><E94/><V20/><F11/><W117/><G117/><T115/><D108/><U42/><E84/><V67/><F40/><W131/><G131/><AGARI ba="0,0" hai="4,8,14,42,46,48,97,98,128,130,131" m="41034" machi="131" ten="30,1000,0" yaku="19,1" doraHai="132" who="1" fromWho="3" sc="144,0,268,10,346,0,242,-10" /><INIT seed="4,0,0,5,5,128" ten="144,278,346,232" oya="0" hai0="54,104,38,51,126,35,22,14,34,129,130,16,28" hai1="4,91,1,8,102,111,18,75,58,68,72,59,3" hai2="99,82,39,53,103,26,84,46,19,119,30,6,2" hai3="80,23,93,5,131,122,12,73,52,42,127,47,88"/><T60/><D104/><U105/><E111/><V21/><F119/><W77/><G131/><N who="0" m="50187" /><D38/><U106/><E18/><V9/><F39/><W112/><G112/><T27/><D60/><U97/><E68/><V55/><F46/><W70/><G70/><T87/><D87/><U92/><E105/><V90/><REACH who="2" step="1"/><F30/><REACH who="2" ten="144,278,336,232" step="2"/><W108/><G108/><T50/><D126/><U0/><E72/><V37/><F37/><W123/><G127/><T113/><D113/><U64/><E75/><V69/><F69/><W76/><G122/><T110/><D110/><U79/><E59/><V33/><F33/><N who="0" m="12298" /><D54/><U66/><E64/><V11/><F11/><AGARI ba="0,1" hai="11,14,16,22,27,28,50,51" m="12298,50187" machi="11" ten="30,2900,0" yaku="19,1,54,1" doraHai="128" who="0" fromWho="2" sc="144,39,278,0,336,-29,232,0" /><INIT seed="4,1,0,4,1,19" ten="183,278,307,232" oya="0" hai0="107,22,33,18,41,51,3,7,10,98,92,1,89" hai1="54,4,20,44,105,23,71,112,97,52,87,131,56" hai2="58,133,84,66,115,88,64,31,53,127,91,34,123" hai3="8,49,125,96,134,61,59,110,14,65,85,83,79"/><T132/><D132/><U55/><E71/><V26/><F123/><W121/><G134/><T16/><D33/><U76/><E131/><V12/><F133/><W47/><G121/><T86/><D18/><U74/><E74/><V102/><F115/><W11/><G125/><T50/><D3/><U29/><E112/><V90/><F127/><W116/><G110/><T129/><D129/><U114/><E114/><V108/><F108/><W103/><G116/><T25/><D41/><U80/><E4/><V15/><F102/><W111/><G111/><T40/><D40/><U67/><E29/><V0/><F0/><W43/><REACH who="3" step="1"/><G14/><REACH who="3" ten="183,278,307,222" step="2"/><T77/><REACH who="0" step="1"/><D107/><AGARI ba="1,1" hai="8,11,43,47,49,59,61,65,79,83,85,96,103,107" machi="107" ten="30,3900,0" yaku="1,1,2,1,7,1,53,0" doraHai="19" doraHaiUra="68" who="3" fromWho="0" sc="183,-42,278,0,307,0,222,52" /><INIT seed="5,0,0,5,3,73" ten="141,278,307,274" oya="1" hai0="48,20,117,113,115,34,65,22,101,60,111,41,50" hai1="36,89,59,66,43,39,78,57,92,52,56,31,24" hai2="16,123,82,74,84,69,116,3,99,33,9,12,104" hai3="10,102,44,13,42,62,17,15,131,100,28,86,32"/><U21/><E66/><V94/><F123/><W114/><G131/><T129/><D34/><U121/><E121/><V27/><F116/><W47/><G114/><N who="0" m="43531" /><D117/><U23/><E78/><V51/><F69/><W19/><G62/><T26/><D111/><U107/><E107/><V0/><F74/><W83/><G28/><T76/><D129/><U55/><E23/><N who="0" m="8745" /><D26/><U68/><E68/><V77/><F104/><W135/><G32/><T126/><D101/><N who="3" m="39017" /><G135/><T119/><D119/><U61/><E43/><V35/><F51/><N who="0" m="19498" /><D41/><U93/><E93/><V97/><F35/><W110/><G42/><T38/><D126/><U106/><E106/><V128/><F128/><W91/><G110/><T54/><D54/><U46/><E46/><V1/><REACH who="2" step="1"/><F94/><REACH who="2" ten="141,278,297,274" step="2"/><W108/><G108/><T37/><D76/><U120/><E120/><V133/><F133/><W25/><G25/><T79/><D79/><U98/><E61/><V5/><F5/><W72/><G72/><T29/><D29/><AGARI ba="0,1" hai="0,1,3,9,12,16,27,29,33,77,82,84,97,99" machi="29" ten="40,5200,0" yaku="1,1,52,1,54,1,53,0" doraHai="73" doraHaiUra="88" who="2" fromWho="0" sc="141,-52,278,0,297,62,274,0" /><INIT seed="6,0,0,5,5,83" ten="89,278,359,274" oya="2" hai0="23,107,40,108,81,121,47,96,16,61,60,94,62" hai1="27,86,50,125,8,128,76,59,78,22,79,95,65" hai2="118,88,74,109,134,14,129,82,33,43,87,123,91" hai3="63,13,55,124,72,38,85,18,53,117,0,51,122"/><V131/><F123/><W100/><G72/><T31/><D108/><U52/><E125/><V69/><F118/><W2/><G38/><T97/><D121/><U42/><E128/><N who="2" m="49227" /><F109/><W30/><G122/><T17/><D107/><U4/><E65/><V113/><F69/><W89/><G117/><T103/><D96/><U84/><E95/><V64/><F64/><W67/><G30/><T46/><D31/><N who="1" m="17911" /><E42/><V93/><F33/><W127/><G100/><T114/><D114/><U12/><AGARI ba="0,0" hai="4,8,12,50,52,59,76,78,79,84,86" m="17911" machi="12" ten="30,7900,0" yaku="8,1,52,2,54,1" doraHai="83" who="1" fromWho="1" sc="89,-20,278,79,359,-39,274,-20" /><INIT seed="7,0,0,2,4,77" ten="69,357,320,254" oya="3" hai0="72,45,21,24,76,131,3,104,66,55,40,124,15" hai1="132,85,36,62,30,47,101,60,50,1,81,98,107" hai2="65,29,27,135,53,121,52,48,110,20,63,73,22" hai3="113,103,119,35,11,61,94,88,126,100,39,75,64"/><W112/><G75/><T108/><D55/><U14/><E1/><V4/><F135/><W2/><G119/><T127/><D15/><U57/><E132/><V58/><F121/><W70/><G35/><T87/><D21/><U23/><E36/><V56/><F73/><W67/><G39/><T118/><D24/><U125/><E125/><V34/><F110/><W134/><G67/><T25/><D25/><U54/><E57/><V43/><F43/><W111/><G134/><T33/><D87/><U18/><E30/><V89/><F4/><N who="3" m="1431" /><G126/><T116/><D76/><AGARI ba="0,0" hai="14,18,23,47,50,54,60,62,76,81,85,98,101,107" machi="76" ten="30,2000,0" yaku="7,1,52,1" doraHai="77" who="1" fromWho="0" sc="69,-20,357,20,320,0,254,0" owari="49,-45.0,377,48.0,320,12.0,254,-15.0" /></mjloggm>