<mjloggm ver="2.3"><GO type="169" lobby="0"/><UN n0="%E5%B0%B1%E6%B4%BB%E7%94%9F%40%E5%B7%9D%E6%9D%91%E8%BB%8D%E5%9B%A3" n1="%E3%81%99%E3%81%BF%E3%82%84%E3%81%AB" n2="%68%69%6E%61%6A%69%6E%6E" n3="%E6%9A%97%E3%81%84%E7%AC%A6" dan="18,18,16,19" rate="2244.25,2205.68,2099.51,2302.16" sx="M,M,M,M"/><TAIKYOKU oya="0"/><INIT seed="0,0,0,4,3,13" ten="250,250,250,250" oya="0" hai0="122,88,47,52,97,133,56,102,134,64,121,31,18" hai1="5,54,58,12,76,26,14,107,119,19,81,35,87" hai2="68,132,1,69,45,78,37,80,130,65,113,104,115" hai3="55,120,6,118,42,108,62,63,32,7,126,103,59"/><T82/><D31/><U40/><E119/><V36/><F132/><N who="0" m="50794" /><D64/><U20/><E107/><V38/><F130/><W127/><G32/><T125/><D125/><N who="3" m="47625" /><G118/><T4/><D4/><U28/><E40/><V21/><F104/><W106/><G42/><T135/><D47/><U66/><E66/><V84/><F1/><W24/><G24/><T105/><N who="0" m="50802" /><T90/><DORA hai="74" /><D18/><U46/><E46/><V39/><F65/><W85/><G63/><N who="0" m="36231" /><D82/><U114/><E5/><V75/><F45/><W33/><G33/><T94/><D90/><U72/><E14/><V98/><F39/><W131/><G6/><T95/><D94/><U16/><E19/><V77/><F68/><W129/><G7/><T99/><AGARI ba="0,0" hai="88,95,97,99,102,105,121,122" m="36231,50802" machi="99" ten="40,7800,0" yaku="20,1,54,2" doraHai="13,74" who="0" fromWho="0" sc="250,78,250,-26,250,-26,250,-26" /><INIT seed="0,1,0,2,2,55" ten="328,224,224,224" oya="0" hai0="84,49,7,42,94,126,100,21,25,81,93,127,129" hai1="89,76,115,54,36,11,108,103,135,30,83,125,15" hai2="48,41,117,119,45,4,86,3,72,102,104,10,74" hai3="26,56,27,9,23,17,96,62,99,1,40,8,120"/><T63/><D129/><U71/><E71/><V60/><F86/><W90/><G40/><T24/><D7/><U101/><E36/><V128/><F128/><W80/><G120/><T98/><D93/><U109/><E30/><V122/><F122/><W5/><G9/><T107/><D107/><U132/><E54/><V39/><F48/><W31/><G80/><T133/><D133/><N who="1" m="51275" /><E15/><V34/><F34/><W59/><G90/><T66/><D49/><U85/><E11/><V82/><F60/><W116/><G116/><N who="2" m="44617" /><F82/><W58/><REACH who="3" step="1"/><G62/><REACH who="3" ten="328,224,224,214" step="2"/><T35/><D42/><U121/><E121/><V44/><F41/><W79/><G79/><T118/><D118/><U77/><E115/><V88/><F88/><W92/><G92/><T50/><D50/><U61/><E61/><V95/><F95/><W130/><G130/><T134/><D134/><U46/><E125/><V110/><F39/><W78/><G78/><N who="1" m="30314" /><E46/><V6/><F45/><W114/><G114/><T57/><D126/><U69/><E69/><V131/><F131/><W124/><G124/><T37/><D127/><U67/><E67/><V106/><F44/><W64/><G64/><T91/><D37/><U28/><E103/><V70/><F102/><W29/><G29/><T14/><D35/><AGARI ba="1,1" hai="1,5,8,17,23,26,27,31,35,56,58,59,96,99" machi="35" ten="40,8000,1" yaku="1,1,52,3,53,1" doraHai="55" doraHaiUra="19" who="3" fromWho="0" sc="328,-83,224,0,224,0,214,93" /><INIT seed="1,0,0,0,0,82" ten="245,224,224,307" oya="1" hai0="7,9,56,53,70,80,2,12,108,87,104,14,68" hai1="75,83,55,38,73,65,60,32,118,50,1,112,54" hai2="110,132,61,36,119,127,85,59,126,125,97,62,90" hai3="89,69,92,24,76,33,78,121,6,79,41,96,106"/><U20/><E32/><V128/><F36/><W122/><G69/><T42/><D104/><U115/><E1/><V52/><F119/><W58/><G6/><T91/><D108/><U22/><E38/><V16/><F110/><W28/><G41/><T134/><D134/><U48/><E83/><V95/><F132/><W43/><G43/><T114/><D114/><U120/><E120/><V27/><F128/><W113/><G113/><T5/><D42/><U67/><REACH who="1" step="1"/><E60/><REACH who="1" ten="245,214,224,307" step="2"/><N who="2" m="35943" /><F97/><W129/><G129/><T34/><D34/><U135/><E135/><V71/><F71/><W10/><G122/><T8/><D2/><U88/><E88/><V131/><F131/><W45/><G89/><T23/><D23/><AGARI ba="0,1" hai="16,23,27,61,62,85,90,95,125,126,127" m="35943" machi="23" ten="30,7700,0" yaku="18,1,52,1,54,2" doraHai="82" who="2" fromWho="0" sc="245,-77,214,0,224,87,307,0" /><INIT seed="2,0,0,0,3,8" ten="168,214,311,307" oya="2" hai0="69,114,63,81,51,112,11,16,98,49,131,83,79" hai1="68,73,126,120,18,128,87,44,102,88,48,109,19" hai2="123,74,2,108,14,56,5,37,90,45,53,59,106" hai3="47,17,93,40,130,103,134,39,64,55,77,125,43"/><V22/><F106/><W110/><G77/><T118/><D118/><U28/><E73/><V20/><F108/><W127/><G103/><T42/><D131/><U10/><E68/><V33/><F33/><W62/><G93/><T38/><D38/><U57/><E109/><V70/><F70/><N who="3" m="42263" /><G110/><T80/><D79/><U21/><E128/><V107/><F107/><W36/><G17/><T71/><D98/><U72/><E72/><V129/><F129/><W121/><G130/><T104/><D104/><U101/><E126/><N who="3" m="48138" /><G121/><T132/><D132/><U60/><E120/><V52/><F74/><W25/><G25/><T76/><D76/><U86/><E86/><V67/><F123/><W6/><G6/><T1/><D1/><U3/><E3/><V35/><F2/><W89/><G89/><T122/><D122/><U58/><E102/><V9/><F35/><W84/><G84/><T113/><D42/><U4/><E101/><V95/><F37/><W34/><G34/><T0/><D71/><U54/><E4/><V32/><F32/><W135/><G55/><T65/><REACH who="0" step="1"/><D0/><REACH who="0" ten="158,214,311,307" step="2"/><U85/><E85/><V99/><F53/><W23/><G40/><T75/><D75/><U46/><E54/><V91/><F67/><W116/><G36/><T117/><D117/><U50/><E87/><V111/><F111/><W41/><G41/><T15/><AGARI ba="0,1" hai="11,15,16,49,51,63,65,69,80,81,83,112,113,114" machi="15" ten="40,8000,1" yaku="1,1,0,1,52,1,54,1,53,1" doraHai="8" doraHaiUra="7" who="0" fromWho="0" sc="158,90,214,-20,311,-40,307,-20" /><INIT seed="3,0,0,3,3,24" ten="248,194,271,287" oya="3" hai0="49,67,46,101,97,121,50,31,69,58,74,132,103" hai1="63,91,105,1,95,11,118,130,126,22,66,116,51" hai2="84,82,122,114,64,134,6,124,79,111,55,3,107" hai3="53,131,10,98,117,71,32,104,128,94,123,87,4"/><W59/><G71/><T0/><D74/><U15/><E105/><V80/><F107/><W68/><G68/><T76/><D0/><U72/><E72/><V81/><F114/><W28/><G104/><T129/><D129/><N who="3" m="49737" /><G87/><T108/><D132/><U14/><E130/><V85/><F134/><W41/><G41/><T93/><D108/><U44/><E126/><V42/><F111/><W35/><G123/><T102/><D69/><U86/><E1/><V7/><F124/><W92/><G35/><T61/><D76/><U62/><E66/><V5/><F42/><W57/><G94/><T36/><D121/><U109/><E109/><V39/><F39/><W90/><G53/><T60/><D60/><U23/><E22/><V133/><F133/><W25/><G117/><T8/><D8/><U115/><E115/><V73/><F122/><W78/><G78/><T20/><D36/><U83/><E95/><V89/><F64/><W127/><G127/><T77/><D77/><U45/><E118/><V17/><F55/><W119/><G119/><T65/><D65/><U9/><E116/><V106/><F106/><W47/><G47/><T12/><D49/><U27/><E62/><V38/><F38/><W120/><G120/><T13/><D50/><U43/><E63/><V88/><REACH who="2" step="1"/><F17/><REACH who="2" ten="248,194,261,287" step="2"/><W75/><G75/><T99/><D67/><U54/><E54/><V16/><F16/><W110/><G110/><T100/><D61/><U135/><E135/><V112/><F112/><W125/><G125/><T37/><D37/><U70/><E70/><V30/><F30/><W33/><G28/><RYUUKYOKU ba="0,1" sc="248,-10,194,-10,261,30,287,-10" hai2="3,5,6,7,73,79,80,81,82,84,85,88,89" /><INIT seed="4,1,1,5,2,114" ten="238,184,291,277" oya="0" hai0="129,84,122,68,82,123,92,127,0,40,76,77,130" hai1="8,58,37,105,75,106,74,38,48,72,22,25,133" hai2="60,94,97,131,13,30,109,65,5,42,134,73,53" hai3="45,59,81,132,86,3,54,100,36,27,79,113,85"/><T31/><D68/><U96/><E133/><V126/><F109/><W78/><G3/><T28/><D0/><U34/><E34/><V56/><F73/><W17/><G100/><T120/><D40/><U102/><E106/><V119/><F134/><W115/><G132/><T1/><D1/><U19/><E8/><V20/><F42/><W50/><G27/><T52/><D127/><U87/><E87/><V12/><F131/><N who="0" m="50186" /><D77/><U99/><E99/><V39/><F39/><W116/><G17/><T95/><D52/><U89/><E89/><V10/><F53/><W4/><G4/><T135/><D135/><U64/><REACH who="1" step="1"/><E48/><REACH who="1" ten="238,174,291,277" step="2"/><V70/><F10/><W104/><G50/><T124/><D124/><U112/><E112/><V14/><F126/><W2/><G115/><T26/><D31/><U7/><E7/><V80/><F5/><W6/><G6/><T33/><AGARI ba="1,2" hai="26,28,33,76,82,84,92,95,120,122,123" m="50186" machi="33" ten="40,2100,0" yaku="19,1" doraHai="114" who="0" fromWho="0" sc="238,44,174,-8,291,-8,277,-8" /><INIT seed="4,2,0,0,3,89" ten="282,166,283,269" oya="0" hai0="87,13,21,49,40,28,11,69,4,10,126,41,93" hai1="91,1,54,25,33,6,119,26,115,110,52,77,103" hai2="102,130,30,27,81,64,106,66,125,24,113,31,55" hai3="35,128,43,72,127,105,131,88,122,32,78,99,48"/><T133/><D126/><U114/><E119/><V16/><F130/><N who="3" m="49707" /><G105/><T80/><D69/><U104/><E110/><V129/><F125/><W68/><G68/><T67/><D133/><U111/><E111/><V19/><F81/><N who="3" m="45255" /><G127/><T112/><D112/><N who="1" m="43051" /><E77/><V22/><F113/><W63/><G63/><T57/><D11/><N who="1" m="2511" /><E103/><V0/><F0/><W109/><G109/><T8/><D8/><U97/><E104/><V100/><F129/><W121/><G48/><T46/><D21/><U85/><E97/><V74/><F74/><W37/><G43/><T116/><D28/><N who="1" m="19599" /><E26/><V9/><F106/><W95/><G37/><T45/><D116/><U107/><E107/><V92/><F102/><W71/><G71/><T101/><D67/><U5/><E5/><V23/><F9/><W42/><G42/><N who="0" m="24759" /><D57/><U60/><E60/><V120/><F100/><W83/><G83/><AGARI ba="2,0" hai="52,54,83,85,91" m="19599,2511,43051" machi="83" ten="30,3900,0" yaku="15,1,11,1,54,1" doraHai="89" who="1" fromWho="3" sc="282,0,166,45,283,0,269,-45" /><INIT seed="5,0,0,0,2,134" ten="282,211,283,224" oya="1" hai0="65,126,102,50,26,35,70,106,77,4,21,48,24" hai1="83,97,133,41,76,93,135,108,87,15,121,105,128" hai2="99,28,10,112,49,5,17,33,117,53,79,127,92" hai3="0,111,114,47,19,43,123,74,25,42,122,38,85"/><U103/><E41/><V60/><F117/><W89/><G0/><T120/><D77/><U82/><E15/><V37/><F37/><W95/><G74/><T113/><D4/><U86/><E121/><V130/><F130/><W110/><G114/><T104/><D113/><U7/><E7/><V116/><F116/><W69/><G69/><T31/><D120/><U45/><E45/><V90/><F79/><W14/><G25/><T101/><D126/><U44/><E44/><V78/><F78/><W16/><G19/><N who="0" m="12351" /><D102/><U13/><E13/><V107/><F107/><W124/><G43/><T131/><D106/><U88/><E128/><V54/><F112/><W91/><G123/><T34/><D34/><U8/><E8/><V100/><F100/><W11/><G122/><T20/><D20/><U52/><E108/><V80/><F33/><W56/><G56/><T57/><D57/><U68/><E68/><V64/><F28/><W55/><G55/><T98/><D131/><U23/><E23/><V46/><F17/><W61/><G61/><AGARI ba="0,0" hai="26,31,35,48,50,61,65,70,98,101,104" m="12351" machi="61" ten="30,1000,0" yaku="25,1" doraHai="134" who="0" fromWho="3" sc="282,10,211,0,283,0,224,-10" /><INIT seed="6,0,0,2,2,101" ten="292,211,283,214" oya="2" hai0="64,93,82,16,32,102,51,69,104,79,0,52,74" hai1="133,86,55,27,47,135,124,118,7,30,106,87,113" hai2="109,4,28,85,34,56,5,122,59,23,12,6,80" hai3="131,15,37,95,76,14,117,66,119,19,72,50,25"/><V22/><F122/><W103/><G37/><T42/><D32/><U40/><E118/><V88/><F109/><W2/><G2/><T44/><D0/><U49/><E124/><V97/><F34/><W73/><G66/><T63/><D93/><U11/><E113/><V115/><F115/><W99/><G25/><T48/><D102/><U116/><E116/><V41/><F41/><W33/><G33/><T61/><D104/><U94/><E40/><V92/><F28/><W100/><G131/><T68/><D16/><U105/><E94/><V134/><F134/><N who="1" m="51209" /><E87/><V90/><F12/><W123/><G123/><T111/><D111/><U8/><E86/><V128/><F128/><W62/><G62/><T77/><D77/><U53/><E55/><V120/><F120/><W107/><G73/><T71/><D63/><U112/><E112/><V54/><F59/><AGARI ba="0,0" hai="42,44,48,51,52,59,61,64,68,69,71,74,79,82" machi="59" ten="30,2000,0" yaku="7,1,54,1" doraHai="101" who="0" fromWho="2" sc="292,20,211,0,283,-20,214,0" /><INIT seed="7,0,0,5,2,8" ten="312,211,263,214" oya="3" hai0="133,1,80,38,42,93,119,113,70,35,102,7,116" hai1="71,49,69,125,25,32,63,15,61,44,101,50,100" hai2="77,48,79,65,130,132,31,0,108,131,103,3,22" hai3="111,17,117,122,45,104,82,39,114,55,99,105,67"/><W21/><G122/><T23/><D35/><U5/><E125/><V43/><F108/><W59/><G117/><T94/><D70/><U86/><E32/><V110/><F110/><W107/><G111/><T11/><D93/><U98/><E25/><V13/><F65/><W62/><G82/><T37/><D23/><U56/><E86/><V60/><F60/><W134/><G114/><T78/><D133/><U88/><E71/><V109/><F132/><W96/><G134/><T36/><D113/><U124/><E69/><V120/><F120/><W28/><G28/><T81/><D81/><U20/><E124/><V4/><F103/><N who="1" m="39497" /><E63/><V52/><F43/><W129/><G129/><N who="2" m="49161" /><F109/><W126/><G126/><T83/><D83/><U16/><E5/><V115/><F115/><W19/><G19/><T123/><D123/><U89/><E98/><V46/><F31/><W72/><G72/><N who="0" m="43079" /><D38/><U74/><E74/><V41/><F41/><W9/><G39/><T85/><D37/><U6/><E6/><V53/><F53/><W47/><G55/><T87/><D87/><U12/><E12/><V73/><F73/><W30/><G99/><N who="0" m="59767" /><D85/><U91/><E44/><AGARI ba="0,0" hai="1,7,11,36,42,44,116,119" m="59767,43079" machi="44" ten="30,1000,0" yaku="25,1" doraHai="8" who="0" fromWho="1" sc="312,10,211,-10,263,0,214,0" owari="322,43.0,201,-30.0,263,6.0,214,-19.0" /></mjloggm>