<mjloggm ver="2.3"><GO type="169" lobby="0"/><UN n0="%73%66%73%66" n1="%E3%82%82%E3%82%81%E3%82%93%E3%81%AA%E3%81%A1%E3%82%83%E3%81%84" n2="%E3%83%88%E3%83%88%E3%83%AA%E5%85%88%E7%94%9F%31%39%E6%AD%B3" n3="%E3%81%93%E3%81%A3%E3%81%97%E3%83%BC" dan="16,19,18,17" rate="2120.46,2242.34,2196.94,2141.21" sx="M,M,F,M"/><TAIKYOKU oya="0"/><INIT seed="0,0,0,0,3,56" ten="250,250,250,250" oya="0" hai0="31,112,63,71,47,13,11,124,107,87,100,12,8" hai1="97,19,0,98,3,117,113,76,69,57,45,102,40" hai2="6,132,91,14,78,111,48,110,66,53,16,54,101" hai3="43,73,70,109,82,1,133,67,2,123,105,129,120"/><T27/><D112/><U99/><E69/><V39/><F39/><W24/><G109/><N who="2" m="41481" /><F132/><W5/><G129/><T127/><D47/><U86/><E117/><V121/><F121/><N who="3" m="46667" /><G133/><T52/><D87/><U80/><E113/><V74/><F6/><W36/><G24/><T116/><D116/><U58/><E102/><V23/><F101/><W81/><G105/><T93/><D93/><U55/><E19/><V30/><F30/><W131/><G131/><T85/><D85/><U118/><E118/><V41/><F91/><W42/><G42/><T61/><D71/><U49/><REACH who="1" step="1"/><E58/><REACH who="1" ten="250,240,250,250" step="2"/><V104/><F16/><W115/><G115/><T134/><D134/><U22/><E22/><V26/><F23/><W64/><G70/><T7/><D100/><U95/><E95/><V46/><F104/><W4/><G4/><N who="0" m="3079" /><D107/><U38/><AGARI ba="0,1" hai="0,3,38,40,45,49,55,57,76,80,86,97,98,99" machi="38" ten="30,7900,0" yaku="1,1,0,1,53,2" doraHai="56" doraHaiUra="32" who="1" fromWho="1" sc="250,-39,240,89,250,-20,250,-20" /><INIT seed="1,0,0,0,3,106" ten="211,329,230,230" oya="1" hai0="81,80,112,42,116,29,32,48,115,49,117,98,26" hai1="50,110,66,22,68,56,62,74,34,64,52,131,122" hai2="134,18,135,58,95,132,33,60,76,111,44,102,53" hai3="121,93,57,19,109,13,61,92,59,28,101,8,113"/><U6/><E122/><V119/><F119/><W127/><G109/><T41/><D26/><U47/><E34/><V78/><F111/><W75/><G127/><T87/><D87/><U17/><E110/><V83/><F33/><W94/><G75/><T4/><D32/><U45/><E131/><V14/><F44/><W3/><G113/><T23/><D23/><U51/><E74/><V104/><F104/><W0/><G28/><T25/><D25/><U73/><E73/><V88/><F102/><W31/><G31/><T35/><D35/><U10/><E66/><V114/><F83/><W105/><G121/><T16/><D4/><U125/><E125/><V65/><F65/><W128/><G128/><T15/><D15/><U12/><REACH who="1" step="1"/><E50/><REACH who="1" ten="211,319,230,230" step="2"/><V99/><REACH who="2" step="1"/><F114/><REACH who="2" ten="211,319,220,230" step="2"/><W2/><G61/><T97/><REACH who="0" step="1"/><D29/><REACH who="0" ten="201,319,220,230" step="2"/><U72/><E72/><V91/><F91/><W107/><REACH who="3" step="1"/><G101/><REACH who="3" ten="201,319,220,220" step="2"/><RYUUKYOKU type="reach4" ba="0,4" sc="201,0,319,0,220,0,220,0" hai0="16,41,42,48,49,80,81,97,98,112,115,116,117" hai1="6,10,12,17,22,45,47,51,52,56,62,64,68" hai2="14,18,53,58,60,76,78,88,95,99,132,134,135" hai3="0,2,3,8,13,19,57,59,92,93,94,105,107" /><INIT seed="1,1,4,2,4,118" ten="201,319,220,220" oya="1" hai0="8,134,130,45,74,26,44,40,102,65,120,52,90" hai1="135,96,46,64,2,113,92,98,22,36,11,34,38" hai2="48,31,132,115,68,58,69,56,20,18,3,129,66" hai3="17,28,127,123,73,100,104,124,6,10,41,112,78"/><U37/><E34/><V99/><F3/><W7/><G123/><T1/><D74/><U77/><E113/><V63/><F129/><W60/><G28/><T79/><D79/><U51/><E77/><V91/><F132/><W42/><G60/><T103/><D134/><U126/><E135/><V108/><F31/><W94/><G104/><T32/><D130/><U105/><E126/><N who="3" m="48170" /><G112/><T29/><D65/><U14/><E64/><V85/><F99/><N who="3" m="59511" /><G17/><T114/><D114/><U106/><E2/><V23/><F108/><W97/><G97/><T50/><D120/><U87/><E22/><V43/><F20/><W128/><G128/><T80/><D8/><U55/><E87/><V81/><F115/><W76/><G7/><T35/><D32/><U53/><E53/><V39/><F39/><W88/><G88/><T61/><D90/><U67/><E67/><V122/><F122/><W24/><G24/><T89/><D89/><U93/><E93/><V75/><F18/><W9/><G78/><T101/><D80/><U110/><E110/><V86/><F23/><W109/><G109/><T47/><D1/><U107/><REACH who="1" step="1"/><E92/><REACH who="1" ten="201,309,220,220" step="2"/><N who="2" m="54383" /><F86/><W133/><G133/><T33/><D33/><U84/><E84/><V71/><F71/><W121/><G121/><T72/><D72/><U54/><E54/><N who="2" m="31815" /><F69/><W95/><G95/><T13/><D35/><U30/><E30/><V82/><F68/><W0/><G10/><T111/><D111/><U15/><E15/><V119/><F75/><W19/><G0/><T70/><D13/><U131/><E131/><V49/><F119/><W4/><G73/><RYUUKYOKU ba="1,5" sc="201,-15,309,15,220,15,220,-15" hai1="11,14,36,37,38,46,51,55,96,98,105,106,107" hai2="43,49,58,63,66,81,82" /><INIT seed="1,2,5,4,3,64" ten="186,324,235,205" oya="1" hai0="61,46,98,129,106,42,52,25,2,10,101,9,37" hai1="0,62,131,30,29,51,56,134,95,5,20,128,21" hai2="100,99,111,121,33,90,110,71,78,96,135,122,55" hai3="127,92,27,26,76,54,34,50,43,12,66,85,11"/><U132/><E51/><V86/><F33/><W123/><G127/><T31/><D129/><N who="1" m="49739" /><E95/><N who="2" m="56439" /><F71/><W53/><G66/><T59/><D2/><U104/><E104/><N who="2" m="63519" /><F55/><N who="3" m="21003" /><G34/><AGARI ba="2,5" hai="9,10,25,31,34,37,42,46,52,59,61,98,101,106" machi="34" ten="30,2000,0" yaku="7,1,54,1" doraHai="64" who="0" fromWho="3" sc="186,76,324,0,235,0,205,-26" /><INIT seed="2,0,0,1,5,112" ten="262,324,235,179" oya="2" hai0="64,23,0,48,93,72,120,51,83,117,108,9,119" hai1="74,65,116,127,57,125,85,14,15,25,4,38,109" hai2="124,40,128,53,126,42,52,66,102,2,131,67,29" hai3="90,135,30,41,70,71,78,3,16,31,50,35,110"/><V17/><F2/><W73/><G110/><T98/><D108/><U5/><E74/><V75/><F75/><W59/><G135/><T69/><D120/><U44/><E109/><V82/><F82/><W100/><G100/><T129/><D129/><N who="2" m="49738" /><F17/><W122/><G3/><T107/><D107/><U26/><E85/><V49/><F29/><W61/><G35/><T18/><D9/><U58/><E65/><N who="2" m="24587" /><F53/><W27/><G122/><T45/><D0/><U39/><REACH who="1" step="1"/><E44/><REACH who="1" ten="262,314,235,179" step="2"/><N who="2" m="27687" /><F102/><W76/><G73/><T36/><D72/><U115/><E115/><V1/><F1/><W104/><G76/><T62/><D64/><U133/><E133/><V68/><F68/><W43/><G78/><T106/><D69/><U118/><AGARI ba="0,1" hai="4,5,14,15,25,26,38,39,57,58,116,118,125,127" machi="118" ten="25,12000,2" yaku="1,1,0,1,22,2,52,2,53,0" doraHai="112" doraHaiUra="130" who="1" fromWho="1" sc="262,-30,314,130,235,-60,179,-30" /><INIT seed="3,0,0,3,5,16" ten="232,444,175,149" oya="3" hai0="128,34,129,123,22,46,50,18,134,56,53,60,102" hai1="44,72,5,95,125,87,118,10,96,39,64,54,105" hai2="88,94,31,35,86,110,91,20,21,9,41,36,59" hai3="48,26,85,7,69,101,78,114,51,49,57,76,42"/><W19/><G69/><T70/><D34/><U79/><E64/><V71/><F71/><W131/><G131/><N who="0" m="50251" /><D123/><U40/><E125/><V23/><F110/><W116/><G7/><T38/><D102/><U135/><E135/><V99/><F36/><W74/><G74/><T66/><D134/><U14/><E105/><V103/><F35/><W109/><G114/><T52/><D38/><U24/><E72/><V122/><F122/><W47/><G116/><T84/><D84/><U98/><E118/><V75/><F75/><W30/><G109/><T93/><D93/><U37/><E37/><V1/><F41/><W73/><G73/><T32/><D32/><U124/><E124/><V90/><F31/><W65/><G101/><T33/><D33/><U77/><E98/><V45/><F45/><W63/><G30/><T55/><D70/><U130/><E87/><V43/><F43/><W29/><G29/><T0/><D0/><U13/><E40/><V61/><F9/><W111/><G111/><T82/><D82/><U27/><E10/><V120/><F1/><W11/><G11/><T2/><D2/><U25/><E5/><V97/><F97/><W6/><G6/><T17/><D17/><U67/><E96/><V4/><F4/><W126/><G126/><T119/><D119/><U117/><E39/><V81/><F120/><W106/><G106/><T107/><D107/><U89/><E117/><V113/><F113/><W62/><G85/><T121/><D121/><U100/><E100/><V3/><F3/><W92/><G92/><T8/><D8/><U83/><E130/><RYUUKYOKU ba="0,0" sc="232,15,444,-15,175,15,149,-15" hai0="18,22,46,50,52,53,55,56,60,66" hai2="20,21,23,59,61,81,86,88,90,91,94,99,103" /><INIT seed="4,1,0,0,3,71" ten="247,429,190,134" oya="0" hai0="64,92,114,63,61,34,112,76,41,72,84,119,4" hai1="6,91,40,65,95,25,82,29,70,49,78,123,125" hai2="69,75,9,32,30,85,67,35,74,105,130,12,1" hai3="81,19,131,127,55,97,86,51,21,134,88,62,0"/><T2/><D34/><U98/><E123/><V17/><F105/><W47/><G134/><T106/><D106/><U135/><E125/><V10/><F130/><W68/><G131/><T107/><D107/><U16/><E6/><V8/><F69/><W73/><G0/><T56/><D119/><U14/><E135/><V52/><F67/><W87/><G73/><T11/><D72/><U108/><E108/><V117/><F117/><W45/><G127/><T27/><D27/><U77/><E65/><V79/><F75/><W128/><G128/><T57/><D41/><U50/><E70/><V42/><F74/><W99/><G47/><T101/><D76/><U102/><E91/><V126/><F126/><W115/><G115/><N who="0" m="44075" /><D84/><U13/><E13/><V111/><F111/><W15/><REACH who="3" step="1"/><G87/><REACH who="3" ten="247,429,190,124" step="2"/><T121/><D121/><U110/><E110/><V83/><F1/><W36/><G36/><T5/><D2/><U20/><E40/><V109/><F42/><W44/><G44/><T38/><D38/><U46/><E46/><V80/><F109/><W104/><G104/><T22/><D11/><U90/><E77/><V116/><F116/><W54/><G54/><N who="0" m="33943" /><D22/><N who="1" m="15543" /><E78/><N who="2" m="46231" /><F32/><W23/><G23/><T3/><D3/><U39/><E39/><V66/><F66/><AGARI ba="1,1" hai="15,19,21,45,51,55,62,66,68,81,86,88,97,99" machi="66" ten="40,5200,0" yaku="1,1,54,1,53,1" doraHai="71" doraHaiUra="59" who="3" fromWho="2" sc="247,0,429,0,190,-55,124,65" /><INIT seed="5,0,0,2,0,62" ten="247,429,135,189" oya="1" hai0="68,27,108,81,13,50,59,1,118,37,38,65,91" hai1="29,32,93,125,30,96,88,92,124,5,55,104,83" hai2="101,77,67,130,23,7,112,6,116,89,45,69,74" hai3="120,31,78,103,115,76,28,66,75,132,71,19,86"/><U106/><E83/><V113/><F116/><W43/><G115/><N who="2" m="44105" /><F130/><W47/><G132/><T134/><D1/><U12/><E55/><V33/><F33/><W122/><G75/><T34/><D13/><U73/><E73/><V18/><F101/><W110/><G110/><T39/><D91/><U129/><E93/><V8/><F89/><W58/><G71/><T111/><D27/><U131/><E12/><N who="2" m="9671" /><F45/><W61/><G103/><T24/><D24/><N who="1" m="18471" /><E5/><N who="2" m="1547" /><F8/><W79/><G86/><T117/><D34/><U36/><E104/><V40/><F40/><W41/><G41/><T127/><D81/><U4/><E106/><V107/><F107/><W63/><G19/><T135/><D117/><U133/><E4/><V35/><F35/><W54/><G43/><T99/><D118/><U94/><E94/><V70/><F74/><W100/><G47/><T46/><D46/><U84/><E92/><V10/><F10/><W2/><G100/><T109/><D99/><U56/><E96/><V0/><F0/><W25/><G2/><T60/><D135/><U21/><E133/><V119/><F119/><W72/><G72/><T105/><D134/><U87/><E87/><V51/><F51/><W64/><G25/><T53/><D105/><U17/><E84/><V97/><F97/><W123/><G54/><T44/><D44/><U20/><E131/><V121/><F121/><W128/><G128/><T11/><D11/><U57/><E88/><V3/><F3/><W114/><G114/><T95/><D95/><U90/><E129/><V52/><F52/><W126/><G123/><T9/><D9/><RYUUKYOKU ba="0,0" sc="247,30,429,-10,135,-10,189,-10" hai0="37,38,39,50,53,59,60,65,68,108,109,111,127" /><INIT seed="6,1,0,0,0,80" ten="277,419,125,179" oya="2" hai0="99,5,130,97,134,29,37,9,91,57,121,58,17" hai1="54,132,67,64,38,35,70,34,75,68,43,102,90" hai2="8,11,0,116,2,82,104,4,113,76,101,12,1" hai3="119,55,106,46,6,89,118,61,15,126,129,103,40"/><V92/><F116/><W56/><G129/><T79/><D37/><U84/><E75/><V39/><F39/><W60/><G126/><T49/><D121/><U33/><E102/><V14/><F104/><W93/><G61/><T3/><D29/><U66/><E54/><V63/><F113/><W117/><G103/><T107/><D79/><U22/><E22/><V42/><F42/><W85/><G106/><T100/><D130/><U26/><E26/><V41/><F41/><W25/><G25/><T86/><D99/><U10/><E10/><V127/><F127/><W131/><G131/><T65/><D65/><U83/><E132/><V16/><F63/><W105/><G105/><T45/><D17/><U50/><E50/><V120/><F120/><W31/><G31/><T28/><D28/><U27/><E27/><V111/><F111/><W77/><G77/><T109/><D134/><U44/><AGARI ba="1,0" hai="33,34,35,38,43,44,64,66,67,68,70,83,84,90" machi="44" ten="40,2700,0" yaku="0,1,52,1" doraHai="80" who="1" fromWho="1" sc="277,-8,419,30,125,-14,179,-8" /><INIT seed="7,0,0,0,1,132" ten="269,449,111,171" oya="3" hai0="52,41,104,96,71,81,83,75,33,116,120,13,64" hai1="127,31,102,69,65,121,94,89,17,9,12,110,20" hai2="50,57,42,128,112,114,122,131,24,129,6,21,76" hai3="111,28,72,46,34,37,105,93,80,63,18,109,67"/><W60/><G105/><T77/><D116/><U79/><E127/><V10/><F76/><N who="3" m="44039" /><G93/><T38/><D33/><U0/><E79/><V118/><F42/><N who="3" m="22863" /><G18/><T68/><D120/><U115/><E17/><N who="2" m="12335" /><F50/><W100/><G100/><N who="0" m="62471" /><D13/><U44/><E94/><V85/><F85/><W55/><G55/><T78/><D52/><U7/><E12/><N who="2" m="5207" /><F57/><W91/><G91/><T126/><D126/><U86/><E31/><V87/><F87/><W133/><G133/><T16/><D16/><U70/><E20/><V8/><F122/><W124/><G124/><T36/><D41/><U48/><E115/><N who="2" m="44075" /><F8/><W54/><G54/><T4/><D36/><U40/><E89/><V73/><F73/><W103/><G103/><T5/><D38/><U98/><E102/><V27/><F27/><N who="3" m="18719" /><G60/><T49/><D49/><U26/><E121/><V135/><F135/><W56/><G56/><T58/><D58/><U15/><E15/><V3/><F3/><W45/><G45/><T62/><D62/><U51/><E51/><V25/><F25/><W130/><G130/><T117/><D75/><U107/><E26/><V23/><F23/><W14/><G14/><T99/><D78/><U113/><E113/><V30/><F30/><W11/><G11/><T90/><D77/><U1/><E1/><V123/><F123/><W97/><G97/><T108/><D99/><U43/><E0/><V88/><F88/><W2/><G2/><T22/><D90/><U92/><E98/><V125/><F125/><W32/><G63/><N who="0" m="39967" /><D22/><U101/><E48/><V47/><F47/><W61/><G61/><T59/><D59/><RYUUKYOKU ba="0,0" sc="269,-10,449,-10,111,30,171,-10" hai2="118,128,129,131" owari="259,6.0,439,54.0,141,-36.0,161,-24.0" /></mjloggm>