<mjloggm ver="2.3"><GO type="97" lobby="0"/><UN n0="%E5%B0%B1%E6%B4%BB%E7%94%9F%40%E5%B7%9D%E6%9D%91%E8%BB%8D%E5%9B%A3" n1="%72%69%6F%75%63%68%61%6E" n2="%E3%83%89%E3%83%AD%E3%83%98%E3%83%89%E3%83%AD" n3="%54%61%6E%79" dan="16,16,13,13" rate="2099.99,2103.65,2021.15,1847.01" sx="M,M,M,M"/><TAIKYOKU oya="0"/><INIT seed="0,0,0,3,1,117" ten="250,250,250,250" oya="0" hai0="64,122,104,27,50,93,35,70,6,10,54,42,8" hai1="94,23,83,130,45,14,100,134,49,99,56,65,61" hai2="26,126,89,59,80,7,98,41,127,88,33,71,118" hai3="28,11,20,111,103,12,119,131,57,18,19,43,109"/><T68/><D122/><U34/><E34/><V38/><F118/><W0/><G119/><T2/><D104/><U73/><E130/><V46/><F71/><W16/><G103/><T22/><D35/><U105/><E134/><V90/><F7/><N who="3" m="1511" /><G43/><T120/><D120/><U39/><E39/><V58/><F33/><W9/><G57/><T115/><D115/><U81/><E73/><V66/><F26/><N who="3" m="16455" /><G131/><T74/><D10/><U96/><E14/><V82/><F66/><W17/><AGARI ba="0,0" hai="9,12,16,17,18,19,109,111" m="16455,1511" machi="17" ten="30,4000,0" yaku="34,2,54,1" doraHai="117" who="3" fromWho="3" sc="250,-20,250,-10,250,-10,250,40" /><INIT seed="1,0,0,4,5,112" ten="230,240,240,290" oya="1" hai0="1,43,51,97,30,29,5,56,96,16,113,76,33" hai1="80,2,87,116,131,44,98,103,10,120,130,11,79" hai2="50,38,20,110,3,73,124,58,46,9,8,41,71" hai3="105,6,74,37,114,32,15,61,101,117,85,42,106"/><U83/><E116/><V4/><F110/><W88/><G74/><T125/><D113/><U18/><E120/><V52/><F124/><W93/><G114/><T75/><D125/><U64/><E64/><V133/><F133/><W67/><G32/><T134/><D134/><U17/><E44/><V81/><F71/><W40/><G117/><T100/><D33/><U135/><E135/><V132/><F132/><W94/><G94/><T31/><D5/><N who="1" m="1335" /><E80/><V7/><F20/><W12/><G37/><T72/><D1/><U19/><E11/><V68/><F68/><W69/><G105/><T89/><D76/><U92/><E17/><V115/><F115/><W22/><G106/><T77/><D77/><U90/><E18/><V23/><F23/><W119/><G119/><T21/><D89/><U28/><E19/><V107/><F107/><W66/><G101/><T48/><D43/><U104/><E28/><V39/><F81/><W82/><G66/><T95/><D96/><U24/><E24/><V27/><F27/><W123/><G123/><T13/><REACH who="0" step="1"/><D56/><REACH who="0" ten="220,240,240,290" step="2"/><U111/><E111/><V127/><F127/><W0/><G40/><T99/><D99/><U129/><E104/><V109/><F109/><W65/><G42/><T36/><D36/><U102/><AGARI ba="0,1" hai="79,83,87,90,92,98,102,103,129,130,131" m="1335" machi="102" ten="40,2100,0" yaku="19,1" doraHai="112" who="1" fromWho="1" sc="220,-7,240,31,240,-7,290,-7" /><INIT seed="1,1,0,3,1,45" ten="213,271,233,283" oya="1" hai0="15,67,74,32,53,55,42,134,60,43,46,119,92" hai1="63,83,64,65,121,97,28,105,114,4,5,112,39" hai2="2,11,3,128,78,108,107,113,130,109,35,0,20" hai3="44,103,95,58,125,122,91,117,33,62,99,26,68"/><U30/><E121/><V7/><F107/><W38/><G122/><T8/><D119/><U47/><E83/><V129/><F78/><W56/><G117/><T81/><D32/><U61/><E105/><V9/><F113/><N who="1" m="43625" /><E47/><V82/><F82/><W12/><G125/><T16/><D134/><U17/><E17/><V6/><F35/><W88/><G68/><T110/><D110/><U34/><E39/><V1/><F20/><W13/><G33/><T36/><D42/><U118/><E97/><V76/><REACH who="2" step="1"/><F76/><REACH who="2" ten="213,271,223,283" step="2"/><W41/><G103/><T93/><D81/><U127/><E34/><V75/><F75/><W24/><G91/><T22/><D22/><U104/><E118/><V69/><F69/><W57/><G62/><N who="1" m="23562" /><E104/><V59/><F59/><W96/><G58/><T72/><D72/><U23/><E23/><V50/><F50/><W54/><G57/><T77/><D77/><U84/><E127/><V90/><F90/><W106/><G56/><T89/><D74/><U19/><E64/><V135/><F135/><W29/><G106/><T86/><D92/><U10/><E65/><V133/><F133/><W85/><G95/><T70/><AGARI ba="1,1" hai="8,15,16,36,43,46,53,55,60,67,70,86,89,93" machi="70" ten="20,2700,0" yaku="0,1,7,1,54,1" doraHai="45" who="0" fromWho="0" sc="213,40,271,-14,223,-8,283,-8" /><INIT seed="2,0,0,1,5,58" ten="253,257,215,275" oya="2" hai0="125,41,72,30,60,66,111,106,57,38,116,93,95" hai1="68,130,78,11,103,86,16,61,4,55,102,71,47" hai2="109,92,126,132,127,8,107,99,17,7,91,135,110" hai3="120,73,89,76,131,20,97,18,39,121,15,40,118"/><V49/><F107/><W31/><G118/><T65/><D106/><U62/><E71/><V21/><F49/><W19/><G131/><T56/><D72/><U101/><E130/><V9/><F91/><W119/><G119/><T23/><D116/><U48/><E68/><V1/><F92/><N who="0" m="35402" /><D38/><U128/><E128/><V25/><F99/><W0/><G0/><T64/><D111/><N who="2" m="42506" /><F9/><W43/><G39/><T46/><D125/><AGARI ba="0,0" hai="1,7,8,17,21,25,125,126,127,132,135" m="42506" machi="125" ten="30,12000,1" yaku="18,1,14,1,10,1,34,2" doraHai="58" who="2" fromWho="0" sc="253,-120,257,0,215,120,275,0" /><INIT seed="2,1,0,2,1,24" ten="133,257,335,275" oya="2" hai0="48,116,120,41,75,55,123,32,20,134,3,77,117" hai1="86,27,36,65,106,97,33,21,93,73,46,8,23" hai2="57,18,87,22,78,39,114,80,13,102,99,26,35" hai3="128,122,51,7,129,133,59,94,12,0,42,135,98"/><V4/><F114/><W19/><G122/><N who="0" m="46635" /><D32/><U29/><E73/><V54/><F39/><W90/><G0/><T108/><D3/><U104/><E65/><V53/><F35/><W101/><G7/><T74/><D77/><U1/><E86/><V6/><F26/><W130/><G59/><N who="0" m="33255" /><D74/><U40/><E23/><V105/><REACH who="2" step="1"/><F53/><REACH who="2" ten="133,257,325,275" step="2"/><W70/><G128/><T118/><D75/><U52/><E52/><V112/><F112/><W60/><G129/><T31/><D41/><U88/><E33/><V10/><F10/><W79/><G42/><T89/><D134/><U25/><REACH who="1" step="1"/><E27/><REACH who="1" ten="133,247,325,275" step="2"/><V115/><F115/><W76/><G130/><T17/><D108/><U5/><AGARI ba="1,2" hai="1,5,8,21,25,29,36,40,46,88,93,97,104,106" machi="5" ten="30,12000,2" yaku="1,1,2,1,0,1,52,1,54,1,53,2" doraHai="24" doraHaiUra="103" who="1" fromWho="1" sc="133,-31,247,143,325,-61,275,-31" /><INIT seed="3,0,0,1,1,19" ten="102,390,264,244" oya="3" hai0="89,1,105,56,50,22,43,116,80,55,126,79,27" hai1="28,34,51,111,110,64,47,135,45,108,75,101,39" hai2="92,62,115,18,5,109,124,14,40,128,20,95,81" hai3="72,24,129,133,77,98,123,41,59,113,132,46,76"/><W117/><G117/><T49/><D126/><U125/><E135/><N who="3" m="51786" /><G123/><T17/><D116/><U60/><E125/><V32/><F115/><W11/><G113/><T82/><D105/><U119/><E119/><V83/><F124/><W96/><G129/><T63/><D1/><U9/><E75/><V106/><F109/><W12/><G24/><T134/><D134/><U68/><E101/><V2/><F128/><W71/><G71/><T13/><D43/><N who="1" m="22783" /><E9/><V31/><F40/><W4/><G59/><T25/><D25/><N who="1" m="18703" /><E51/><V93/><F106/><W26/><G26/><T103/><D103/><U37/><E47/><V99/><F62/><W122/><G122/><T131/><D131/><U30/><E30/><V67/><F67/><W73/><G73/><T90/><D13/><U121/><E37/><V88/><F83/><N who="3" m="45447" /><G77/><T87/><D79/><U84/><E84/><V66/><F66/><W85/><G85/><T91/><D91/><U38/><E38/><AGARI ba="0,0" hai="4,11,12,38,41,46,96,98" m="45447,51786" machi="38" ten="30,1500,0" yaku="20,1" doraHai="19" who="3" fromWho="1" sc="102,0,390,-15,264,0,244,15" /><INIT seed="3,1,0,1,2,102" ten="102,375,264,259" oya="3" hai0="19,38,9,124,88,26,32,29,82,126,56,132,68" hai1="87,112,5,49,81,24,8,55,110,129,90,16,44" hai2="96,52,79,67,23,28,78,119,73,41,98,17,100" hai3="74,25,10,84,114,15,27,95,47,108,62,113,0"/><W70/><G74/><T50/><D68/><U71/><E110/><V22/><F119/><W130/><G0/><T20/><D38/><U92/><E129/><V51/><F67/><W21/><G130/><T107/><D132/><U105/><E112/><V134/><F134/><W64/><G108/><T35/><D56/><U54/><E105/><V39/><F28/><W115/><G47/><T91/><D50/><N who="1" m="28999" /><E71/><V12/><F39/><W46/><G46/><T31/><D82/><U58/><E5/><V42/><F73/><W133/><G133/><T4/><D107/><U57/><E57/><V93/><F96/><W85/><G95/><T1/><D91/><U135/><E135/><V76/><REACH who="2" step="1"/><F23/><REACH who="2" ten="102,375,254,259" step="2"/><W59/><G70/><T75/><D75/><U60/><E87/><V18/><F18/><W63/><G21/><T121/><D121/><U118/><E16/><V48/><F48/><W99/><G99/><T116/><D116/><U128/><E118/><V66/><F66/><W45/><G113/><T3/><D3/><U89/><E49/><V6/><F6/><W37/><G115/><T36/><D36/><U117/><E117/><V61/><F61/><W104/><G114/><T77/><D77/><U53/><E60/><V106/><F106/><W11/><G63/><T86/><D86/><U33/><E33/><V40/><F40/><N who="3" m="22671" /><G104/><T109/><D109/><U120/><E8/><V101/><F101/><W34/><G34/><N who="0" m="12843" /><D88/><U65/><E89/><V123/><F123/><W2/><G2/><T122/><D122/><U43/><E43/><V83/><F83/><W111/><G111/><RYUUKYOKU ba="1,1" sc="102,15,375,-15,254,15,259,-15" hai0="1,4,9,19,20,26,29,31,124,126" hai2="12,17,22,41,42,51,52,76,78,79,93,98,100" owari="117,-38.0,370,47.0,269,7.0,244,-16.0" /></mjloggm>