<mjloggm ver="2.3"><GO type="169" lobby="0"/><UN n0="%E5%B0%B1%E6%B4%BB%E7%94%9F%40%E5%B7%9D%E6%9D%91%E8%BB%8D%E5%9B%A3" n1="%70%67%61%69%6E" n2="%E6%99%82%E3%81%AE%E6%BC%82%E6%B3%8A" n3="%64%6F%6F%6F%6F%77%79" dan="18,16,17,16" rate="2277.31,2118.48,2224.96,2179.10" sx="M,M,F,M"/><TAIKYOKU oya="0"/><INIT seed="0,0,0,0,5,8" ten="250,250,250,250" oya="0" hai0="7,37,130,108,19,116,91,77,103,86,46,52,3" hai1="2,44,17,74,101,112,39,14,109,110,97,34,21" hai2="0,95,72,12,68,128,89,62,75,41,134,123,30" hai3="36,84,113,129,92,85,48,18,122,70,115,73,120"/><T29/><D116/><U119/><E34/><V99/><F0/><W96/><G36/><T104/><D77/><U5/><E74/><V94/><F123/><N who="3" m="47147" /><G70/><T79/><D79/><U27/><E2/><V38/><F30/><W35/><G35/><T20/><D29/><U102/><E119/><V55/><F128/><W57/><G73/><T15/><D130/><U118/><E118/><V121/><F121/><W60/><G48/><T45/><D37/><U9/><E112/><N who="3" m="43082" /><G18/><T51/><D108/><N who="1" m="41579" /><E97/><V26/><F38/><W10/><G10/><N who="0" m="4575" /><D104/><U40/><AGARI ba="0,0" hai="5,9,14,17,21,27,39,40,44,101,102" m="41579" machi="40" ten="30,2000,0" yaku="14,1,52,1" doraHai="8" who="1" fromWho="1" sc="250,-10,250,20,250,-5,250,-5" /><INIT seed="1,0,0,4,1,131" ten="240,270,245,245" oya="1" hai0="107,59,13,127,21,95,130,86,63,6,117,26,118" hai1="125,20,124,25,106,74,48,123,111,10,75,57,52" hai2="92,36,15,45,94,29,53,77,73,109,90,114,18" hai3="2,100,14,4,129,133,98,71,80,102,97,23,38"/><U67/><E123/><V43/><F109/><W56/><G129/><T112/><D107/><U87/><E106/><V1/><F114/><W126/><G71/><T0/><D0/><U76/><E67/><V16/><F29/><W35/><G38/><T17/><D127/><N who="1" m="48715" /><E10/><V60/><F1/><W44/><G35/><T49/><D112/><U40/><E40/><V5/><F5/><W96/><G44/><T122/><D122/><U78/><E111/><V104/><F104/><W54/><G126/><T134/><D49/><U135/><E135/><V3/><F3/><W84/><G133/><T27/><D134/><U22/><E22/><V120/><F120/><W69/><G69/><T42/><D42/><U62/><E48/><V93/><F90/><W70/><G70/><T58/><D130/><U68/><E68/><V65/><F65/><W61/><G2/><T8/><D27/><U101/><E101/><V132/><F132/><W11/><REACH who="3" step="1"/><G23/><REACH who="3" ten="240,270,245,235" step="2"/><T34/><D34/><U28/><E87/><V88/><F36/><W66/><G66/><T119/><D86/><U110/><E110/><V82/><F43/><W51/><G51/><T55/><D59/><U46/><E46/><V64/><F64/><W89/><AGARI ba="0,1" hai="4,11,14,54,56,61,80,84,89,96,97,98,100,102" machi="89" ten="30,4000,0" yaku="1,1,0,1,8,1,53,0" doraHai="131" doraHaiUra="24" who="3" fromWho="3" sc="240,-10,270,-20,245,-10,235,50" /><INIT seed="2,0,0,0,5,24" ten="230,250,235,285" oya="2" hai0="87,127,83,108,96,123,121,100,2,111,102,26,4" hai1="37,120,73,88,64,122,133,103,85,80,31,10,63" hai2="35,72,56,29,62,98,18,114,20,25,41,113,118" hai3="42,16,17,97,48,132,99,125,82,5,33,69,27"/><V76/><F118/><W3/><G69/><T66/><D2/><U126/><E37/><V109/><F41/><W28/><G132/><T6/><D66/><U116/><E116/><V39/><F39/><W134/><G134/><T46/><D46/><U1/><E133/><V86/><F72/><W36/><G48/><T75/><D26/><U65/><E103/><V68/><F68/><W77/><G125/><T61/><D61/><U106/><E106/><V32/><F98/><W94/><G42/><T81/><D6/><N who="1" m="1359" /><E73/><V52/><F109/><N who="0" m="42058" /><D4/><U110/><E126/><V43/><F43/><W128/><G36/><T74/><D127/><U38/><E65/><V34/><REACH who="2" step="1"/><F18/><REACH who="2" ten="230,250,225,285" step="2"/><W101/><G99/><T112/><D75/><U89/><E38/><V15/><F15/><W84/><REACH who="3" step="1"/><G128/><REACH who="3" ten="230,250,225,275" step="2"/><T67/><D96/><U131/><E131/><V93/><F93/><W7/><G7/><T91/><D121/><U45/><E110/><V12/><F12/><W119/><G119/><T23/><D123/><U105/><E122/><V107/><F107/><W14/><G14/><T79/><D83/><AGARI ba="0,2" hai="20,25,29,32,34,35,52,56,62,76,83,86,113,114" machi="83" ten="40,7700,0" yaku="1,1,52,1,54,1,53,0" doraHai="24" doraHaiUra="60" who="2" fromWho="0" sc="230,-77,250,0,225,97,275,0" /><INIT seed="2,1,0,0,0,118" ten="153,250,322,275" oya="2" hai0="21,103,114,32,110,3,42,56,126,108,98,71,102" hai1="36,16,121,30,106,85,86,109,11,27,104,63,79" hai2="89,116,128,75,8,31,117,38,84,92,72,87,9" hai3="53,26,76,93,130,120,67,115,12,51,57,4,68"/><V131/><F31/><W100/><G130/><N who="2" m="49705" /><F38/><W6/><G115/><T97/><D71/><U70/><E109/><V90/><F9/><W74/><G120/><T50/><D32/><U95/><E121/><V96/><F8/><W113/><G113/><T1/><D114/><U19/><E63/><V122/><F122/><W20/><G68/><T77/><D77/><U25/><E11/><V69/><F69/><W15/><G67/><T58/><D21/><U39/><E70/><V66/><F66/><W14/><G76/><T43/><REACH who="0" step="1"/><D50/><REACH who="0" ten="143,250,322,275" step="2"/><U35/><E79/><V34/><F34/><W54/><G20/><T29/><D29/><U5/><E30/><V135/><F135/><W41/><G51/><T127/><AGARI ba="1,1" hai="1,3,42,43,56,58,97,98,102,103,108,110,126,127" machi="127" ten="25,12000,2" yaku="1,1,0,1,22,2,53,2" doraHai="118" doraHaiUra="99" who="0" fromWho="0" sc="143,133,250,-31,322,-61,275,-31" /><INIT seed="3,0,0,0,2,67" ten="276,219,261,244" oya="3" hai0="88,28,66,20,103,73,59,2,84,112,63,95,58" hai1="116,85,52,97,3,105,91,77,60,76,40,96,102" hai2="42,32,33,56,4,133,92,41,22,93,27,29,43" hai3="75,62,132,71,36,126,125,107,120,127,83,16,26"/><W121/><G132/><T13/><D2/><U79/><E3/><V131/><F4/><W89/><G36/><T15/><D73/><U54/><E40/><V37/><F37/><W134/><G134/><T114/><D103/><U45/><E116/><V49/><F133/><W135/><G135/><T39/><D39/><U1/><E1/><V117/><F117/><W46/><G46/><T11/><D59/><N who="1" m="34919" /><E105/><V38/><F38/><W44/><G44/><T31/><D15/><U53/><E102/><V108/><F108/><W21/><G107/><T110/><D110/><U129/><E129/><V35/><F131/><W78/><G89/><T74/><D74/><U123/><E123/><V47/><REACH who="2" step="1"/><F56/><REACH who="2" ten="276,219,251,244" step="2"/><W87/><REACH who="3" step="1"/><G75/><REACH who="3" ten="276,219,251,234" step="2"/><T30/><D112/><U109/><E109/><V64/><F64/><AGARI ba="0,2" hai="16,21,26,62,64,71,78,83,87,120,121,125,126,127" machi="64" ten="40,18000,2" yaku="1,1,2,1,18,1,52,1,54,1,53,2" doraHai="67" doraHaiUra="119" who="3" fromWho="2" sc="276,0,219,0,251,-180,234,200" /><INIT seed="3,1,0,2,4,12" ten="276,219,71,434" oya="3" hai0="80,63,8,121,10,2,129,35,33,11,9,130,76" hai1="89,98,20,103,41,79,32,102,108,68,3,4,124" hai2="34,117,120,25,118,59,119,31,97,95,18,107,112" hai3="100,133,29,66,6,62,90,92,60,14,127,67,111"/><W44/><G133/><T7/><D63/><U96/><E108/><V88/><F112/><W15/><G127/><T128/><REACH who="0" step="1"/><D121/><REACH who="0" ten="266,219,71,434" step="2"/><U91/><E124/><V42/><F120/><W131/><G62/><T52/><D52/><U87/><E41/><V56/><F42/><W110/><G60/><T69/><D69/><U39/><E68/><V83/><F107/><W55/><G55/><T106/><D106/><U13/><E103/><V26/><REACH who="2" step="1"/><F83/><REACH who="2" ten="266,219,61,434" step="2"/><W101/><G111/><T86/><AGARI ba="1,2" hai="2,7,8,9,10,11,33,35,76,80,86,128,129,130" machi="86" ten="40,5200,0" yaku="1,1,0,1,19,1,53,0" doraHai="12" doraHaiUra="114" who="0" fromWho="0" sc="266,75,219,-14,61,-14,434,-27" /><INIT seed="4,0,0,0,1,48" ten="341,205,47,407" oya="0" hai0="53,60,36,15,24,114,23,112,47,111,103,37,86" hai1="92,117,19,115,49,71,57,74,109,40,66,134,124" hai2="120,28,12,118,50,84,113,88,107,132,101,58,116" hai3="110,62,54,27,20,129,43,11,33,119,14,99,65"/><T56/><D111/><U34/><E92/><V69/><F69/><W25/><G110/><T72/><D72/><U26/><E19/><V41/><F120/><W32/><G119/><N who="2" m="45609" /><F28/><W68/><G129/><T17/><D103/><U79/><E26/><V95/><F113/><N who="0" m="43626" /><D86/><U90/><E34/><V83/><F132/><W2/><G43/><N who="0" m="23015" /><D37/><U87/><E74/><V133/><F133/><W75/><G75/><T61/><D61/><U108/><E87/><V52/><F41/><W127/><G127/><T82/><D82/><U35/><E40/><V42/><F42/><W13/><G2/><T45/><D45/><U122/><E124/><V7/><F107/><W5/><G99/><T131/><D131/><U8/><E134/><V125/><F125/><W55/><G14/><AGARI ba="0,0" hai="14,15,17,23,24,53,56,60" m="23015,43626" machi="14" ten="30,2900,0" yaku="15,1,52,1" doraHai="48" who="0" fromWho="3" sc="341,29,205,0,47,0,407,-29" /><INIT seed="4,1,0,0,2,49" ten="370,205,47,378" oya="0" hai0="98,89,102,25,122,72,43,2,62,129,91,107,56" hai1="87,119,81,115,85,33,66,104,88,39,65,36,57" hai2="10,120,37,19,125,109,90,30,130,86,100,53,35" hai3="41,106,127,68,6,7,82,59,116,101,9,74,61"/><T118/><D122/><U22/><E119/><V76/><F37/><W95/><G116/><T63/><D118/><U112/><E33/><V38/><F38/><N who="1" m="14377" /><E104/><V73/><F109/><W84/><G127/><T70/><D72/><U52/><E22/><V26/><F120/><W111/><G68/><T134/><D2/><U96/><E87/><V83/><F125/><W131/><G131/><T126/><D134/><U14/><E14/><V3/><F130/><W93/><G41/><T46/><D129/><U105/><E96/><V69/><F69/><W18/><G111/><T51/><D126/><U34/><E34/><V54/><F100/><W77/><G106/><T114/><D114/><N who="1" m="43563" /><E105/><V29/><F29/><W20/><G101/><T1/><D1/><U44/><E44/><V12/><REACH who="2" step="1"/><F3/><REACH who="2" ten="370,205,37,378" step="2"/><W78/><G74/><T28/><D28/><U15/><E15/><V117/><F117/><W92/><G78/><T108/><D25/><U67/><E67/><V128/><F128/><W60/><G77/><T47/><D108/><U21/><E21/><V16/><F16/><W132/><G18/><T45/><D91/><U17/><E17/><V110/><F110/><W103/><G20/><T99/><D89/><U24/><E24/><V40/><F40/><W79/><G103/><T48/><D102/><U97/><E97/><V13/><F13/><W4/><G79/><T75/><D99/><U5/><E5/><V133/><F133/><W113/><G132/><T71/><D98/><U55/><E66/><V58/><F58/><W42/><G113/><T32/><D107/><U8/><E65/><RYUUKYOKU ba="1,1" sc="370,-10,205,-10,37,30,378,-10" hai2="10,12,19,26,30,35,53,54,73,76,83,86,90" /><INIT seed="5,2,1,3,5,8" ten="360,195,67,368" oya="1" hai0="73,9,27,119,3,37,48,26,14,94,41,4,83" hai1="70,34,96,98,49,125,122,12,97,103,62,6,66" hai2="10,105,133,113,116,31,0,74,72,5,127,106,132" hai3="24,84,43,40,19,101,111,55,57,20,123,120,52"/><U1/><E122/><V18/><F31/><W100/><G111/><T108/><D108/><U51/><E1/><V60/><F60/><W42/><G120/><T17/><D119/><U58/><E125/><V77/><F116/><W59/><G123/><T47/><D94/><N who="1" m="58775" /><E34/><V80/><F127/><W76/><G76/><N who="0" m="44431" /><D48/><N who="1" m="18507" /><E70/><V63/><F63/><N who="3" m="36263" /><G84/><T15/><D15/><U124/><E124/><V91/><F91/><W29/><G29/><T135/><D135/><N who="2" m="51786" /><F18/><W22/><G20/><AGARI ba="2,1" hai="3,4,9,14,17,20,26,27,37,41,47" m="44431" machi="20" ten="30,2000,0" yaku="25,1,52,1" doraHai="8" who="0" fromWho="3" sc="360,36,195,0,67,0,368,-26" /><INIT seed="6,0,0,4,1,63" ten="396,195,67,342" oya="2" hai0="57,8,65,100,31,93,12,81,58,71,98,131,95" hai1="126,112,86,118,119,24,85,115,76,33,101,91,45" hai2="70,10,38,37,67,39,20,32,30,60,127,5,102" hai3="72,1,74,88,0,42,36,23,89,13,132,55,64"/><V9/><F127/><W121/><G121/><T41/><D131/><U4/><E126/><V109/><F109/><W6/><G132/><T19/><D31/><N who="1" m="19687" /><E101/><V22/><F10/><W133/><G133/><T77/><D41/><U83/><E45/><V130/><F130/><W114/><G114/><N who="1" m="43562" /><E4/><V96/><F30/><W123/><G123/><T44/><D44/><U2/><E2/><V128/><F32/><W18/><G36/><T107/><D71/><U49/><E49/><V25/><F25/><W7/><G42/><T129/><D129/><U105/><E105/><V134/><F128/><W82/><G55/><T27/><D27/><U40/><E40/><V50/><F50/><W61/><G6/><T84/><D58/><U75/><E75/><V104/><REACH who="2" step="1"/><F134/><REACH who="2" ten="396,195,57,342" step="2"/><W108/><G108/><T80/><D8/><U125/><E125/><V69/><F69/><W113/><G113/><T78/><D12/><AGARI ba="0,1" hai="5,9,12,20,22,37,38,39,60,67,70,96,102,104" machi="12" ten="40,3900,0" yaku="1,1,52,1,53,0" doraHai="63" doraHaiUra="15" who="2" fromWho="0" sc="396,-39,195,0,57,49,342,0" /><INIT seed="6,1,0,4,4,68" ten="357,195,106,342" oya="2" hai0="14,127,20,117,84,113,62,43,47,122,21,9,10" hai1="131,6,109,111,32,75,130,134,110,40,49,103,7" hai2="114,55,8,30,69,23,78,87,36,82,46,64,74" hai3="51,27,132,19,41,71,106,73,31,98,89,120,60"/><V57/><F114/><W112/><G112/><T104/><D122/><U52/><E134/><V25/><F8/><W58/><G120/><T100/><D113/><U77/><E32/><V3/><F3/><W115/><G115/><T26/><D127/><U105/><E40/><V108/><F108/><W123/><G123/><T28/><D104/><U2/><E2/><V11/><F11/><W16/><G73/><T90/><D100/><U50/><E50/><V96/><F96/><W107/><G132/><T129/><D62/><U37/><E37/><V66/><F69/><W86/><G71/><T67/><D67/><U45/><E77/><V65/><F74/><W93/><G41/><T92/><D129/><N who="1" m="49163" /><E75/><V91/><F78/><W34/><G51/><N who="0" m="27135" /><D117/><U4/><E103/><V12/><F12/><W63/><G63/><T76/><D76/><U61/><E61/><V85/><F87/><W0/><G0/><T97/><D84/><U116/><E105/><V101/><F101/><W35/><G35/><T18/><AGARI ba="1,0" hai="9,10,14,18,20,21,26,28,90,92,97" m="27135" machi="18" ten="30,1100,0" yaku="8,1" doraHai="68" who="0" fromWho="0" sc="357,14,195,-4,106,-6,342,-4" /><INIT seed="7,0,0,5,4,120" ten="371,191,100,338" oya="3" hai0="11,40,87,47,42,77,30,59,52,113,70,35,44" hai1="31,102,24,49,56,43,96,12,54,69,125,41,61" hai2="101,19,71,13,22,27,91,85,67,23,111,26,5" hai3="130,4,88,105,6,112,64,16,93,39,122,97,98"/><W51/><G122/><T81/><D70/><U121/><E12/><V18/><F101/><W75/><G39/><T62/><D113/><U50/><E121/><V114/><F67/><W33/><G112/><T48/><D35/><N who="1" m="20967" /><E50/><V37/><F37/><W133/><G130/><T55/><D30/><U126/><E43/><N who="0" m="16425" /><D11/><U3/><E41/><V108/><F71/><W92/><G133/><T20/><D20/><U68/><E3/><V25/><F114/><W107/><G75/><T116/><D116/><U100/><E100/><V46/><F46/><AGARI ba="0,0" hai="44,46,47,48,52,55,59,62,77,81,87" m="16425" machi="46" ten="30,2000,0" yaku="8,1,54,1" doraHai="120" who="0" fromWho="2" sc="371,20,191,0,100,-20,338,0" owari="391,49.0,191,-21.0,80,-42.0,338,14.0" /></mjloggm>