<mjloggm ver="2.3"><GO type="169" lobby="0"/><UN n0="%6A%69%7A%6F%75%2D" n1="%E3%83%88%E3%83%88%E3%83%AA%E5%85%88%E7%94%9F%31%39%E6%AD%B3" n2="%E3%83%90%E3%83%90%E3%82%A2%E3%81%AE%E6%97%A5%E5%82%98" n3="%E6%AE%8B%E5%B0%BF%E6%84%9F%E3%81%AA%E3%81%84%EF%BC%9F" dan="16,19,17,17" rate="2055.85,2262.26,2181.27,2164.57" sx="M,F,F,F"/><TAIKYOKU oya="0"/><INIT seed="0,0,0,3,5,53" ten="250,250,250,250" oya="0" hai0="28,64,1,110,83,104,27,105,62,121,102,9,69" hai1="21,18,5,55,132,71,99,130,4,44,32,76,122" hai2="35,129,57,3,116,127,91,51,43,90,92,67,93" hai3="40,80,75,126,31,82,65,106,15,86,113,48,24"/><T14/><D1/><U0/><E122/><V112/><F112/><W60/><G113/><T96/><D121/><U107/><E71/><V12/><F3/><W88/><G106/><N who="0" m="63815" /><D83/><U81/><E32/><V95/><F35/><W54/><G126/><T74/><D74/><U38/><E130/><V42/><F127/><W97/><G40/><T98/><D98/><U84/><E132/><V133/><F129/><W47/><G97/><T101/><D101/><U115/><E0/><V117/><F133/><W46/><G15/><T6/><D110/><U33/><E33/><AGARI ba="0,0" hai="6,9,14,27,28,33,62,64,69,104,105" m="63815" machi="33" ten="30,1500,0" yaku="25,1" doraHai="53" who="0" fromWho="1" sc="250,15,250,-15,250,0,250,0" /><INIT seed="0,1,0,0,0,75" ten="265,235,250,250" oya="0" hai0="0,119,57,129,121,26,1,6,113,8,16,109,38" hai1="101,127,15,97,9,81,76,27,115,106,21,64,12" hai2="2,42,5,89,62,73,58,122,83,66,124,54,90" hai3="7,32,112,35,102,28,60,85,134,78,48,107,114"/><T18/><D38/><U126/><E115/><V24/><F124/><N who="1" m="47657" /><E64/><V37/><F2/><W40/><G48/><T108/><D121/><U92/><E106/><V65/><F5/><W98/><G40/><T104/><D104/><U39/><E39/><V25/><F37/><W99/><G7/><N who="0" m="1127" /><D57/><U69/><E69/><V14/><F42/><W93/><G28/><T23/><D119/><U88/><E101/><V87/><F73/><W72/><G35/><T47/><D47/><U17/><E9/><V4/><F4/><W116/><G32/><T67/><D67/><N who="2" m="25610" /><F14/><W125/><G60/><T33/><D113/><U63/><E63/><V68/><F68/><W79/><G125/><T84/><D33/><U44/><E44/><V128/><F128/><W86/><G116/><T96/><D129/><U10/><E10/><V3/><F3/><W95/><G107/><T91/><D1/><U11/><E11/><V120/><F120/><W55/><G55/><T51/><D6/><U22/><E22/><V132/><F132/><W36/><G36/><T30/><D51/><U80/><E15/><V56/><F122/><W13/><G13/><T61/><D61/><U135/><E135/><V29/><F58/><W45/><G45/><T31/><D30/><U49/><E12/><V20/><F24/><W110/><G134/><T123/><D123/><U100/><E49/><V52/><F54/><W131/><G131/><T94/><D31/><U103/><E81/><V117/><F117/><W41/><G41/><T111/><D18/><U53/><E53/><V77/><AGARI ba="1,0" hai="20,25,29,52,56,62,77,83,87,89,90" m="25610" machi="77" ten="30,4000,0" yaku="8,1,52,1,54,1" doraHai="75" who="2" fromWho="2" sc="265,-21,235,-11,250,43,250,-11" /><INIT seed="1,0,0,4,2,38" ten="244,224,293,239" oya="1" hai0="28,43,32,110,96,49,62,76,59,128,54,95,102" hai1="39,36,21,98,12,129,9,63,26,87,58,40,90" hai2="74,116,66,30,45,122,35,121,130,8,81,124,60" hai3="27,56,3,133,41,113,88,75,22,107,13,134,120"/><U92/><E129/><V24/><F116/><W25/><G120/><T57/><D110/><U44/><E39/><V78/><F124/><W126/><G75/><T91/><D128/><U100/><E9/><V70/><F130/><W65/><G107/><T64/><D76/><U125/><E12/><V16/><REACH who="2" step="1"/><F45/><REACH who="2" ten="244,224,283,239" step="2"/><W118/><G126/><T85/><D32/><U50/><E125/><V19/><F19/><W20/><G118/><T73/><D28/><U109/><E109/><V18/><F18/><W10/><G134/><T69/><D73/><U131/><E131/><V112/><F112/><W11/><G113/><T6/><D6/><U104/><E36/><V17/><F17/><W55/><G133/><T106/><REACH who="0" step="1"/><D43/><REACH who="0" ten="234,224,283,239" step="2"/><U103/><E40/><V2/><F2/><W37/><G3/><T89/><D89/><U51/><E90/><V105/><F105/><W115/><G88/><T77/><D77/><U23/><E104/><V52/><F52/><W79/><G55/><T68/><AGARI ba="0,2" hai="49,54,57,59,62,64,68,69,85,91,95,96,102,106" machi="68" ten="30,2000,0" yaku="1,1,0,1,53,0" doraHai="38" doraHaiUra="111" who="0" fromWho="0" sc="234,40,224,-10,283,-5,239,-5" /><INIT seed="2,0,0,2,4,90" ten="274,214,278,234" oya="2" hai0="129,92,59,29,89,130,95,128,132,25,46,88,120" hai1="106,123,68,15,23,105,57,28,131,30,26,80,56" hai2="20,7,101,16,24,78,58,83,85,44,81,110,27" hai3="115,6,51,99,71,82,118,8,124,107,13,93,127"/><V45/><F110/><W65/><G118/><T53/><D120/><U9/><E68/><V70/><F70/><W17/><G107/><T3/><D46/><U14/><E123/><V21/><F7/><W36/><G36/><T42/><D42/><U104/><E131/><V134/><F134/><W119/><G119/><T87/><D3/><U113/><E113/><V125/><F125/><N who="3" m="48203" /><G115/><T102/><D102/><U135/><E135/><V12/><F101/><N who="3" m="60655" /><G51/><N who="0" m="31167" /><D132/><U47/><E106/><V35/><F35/><W84/><G65/><T31/><D25/><U79/><E105/><V64/><F83/><W2/><G71/><T55/><D55/><U52/><E104/><V34/><F34/><W39/><G39/><T69/><D69/><U112/><E112/><V96/><F96/><AGARI ba="0,0" hai="29,31,87,88,89,92,95,96,128,129,130" m="31167" machi="96" ten="30,7700,0" yaku="19,1,52,2,54,1" doraHai="90" who="0" fromWho="2" sc="274,77,214,0,278,-77,234,0" /><INIT seed="3,0,0,2,5,43" ten="351,214,201,234" oya="3" hai0="1,109,17,49,85,100,111,26,134,80,57,123,13" hai1="120,104,88,18,131,45,34,51,121,82,64,24,108" hai2="103,6,93,7,8,35,28,22,31,129,72,63,119" hai3="96,91,42,44,53,101,65,73,2,59,75,54,126"/><W114/><G114/><T46/><D123/><U68/><E104/><V33/><F72/><W12/><G2/><T56/><D134/><U74/><E108/><N who="0" m="41545" /><D1/><U79/><E131/><V58/><F103/><W50/><G126/><T41/><D26/><U5/><E5/><N who="2" m="1547" /><F58/><W55/><G12/><T9/><D100/><U48/><E48/><V115/><F63/><W77/><G91/><AGARI ba="0,0" hai="9,13,17,41,46,49,56,57,80,85,91" m="41545" machi="91" ten="30,2000,0" yaku="14,1,52,1" doraHai="43" who="0" fromWho="3" sc="351,20,214,0,201,0,234,-20" /><INIT seed="4,0,0,3,0,40" ten="371,214,201,214" oya="0" hai0="59,23,84,12,102,87,80,32,114,133,115,64,90" hai1="15,106,96,47,36,75,103,44,24,89,116,122,113" hai2="71,22,38,110,108,45,20,58,14,109,11,57,73" hai3="49,100,85,127,69,26,130,124,21,62,19,66,27"/><T94/><D32/><U39/><E116/><V61/><F73/><W78/><G100/><T63/><D133/><U34/><E122/><V37/><F58/><W125/><G130/><T126/><D126/><U92/><E75/><V82/><F71/><W31/><G49/><T131/><D131/><U118/><E118/><V79/><F37/><W29/><REACH who="3" step="1"/><G27/><REACH who="3" ten="371,214,201,204" step="2"/><T28/><D102/><U41/><E24/><V83/><F38/><W67/><G67/><T5/><D64/><U97/><E39/><V56/><F108/><W35/><G35/><T4/><D114/><U112/><E34/><V95/><F109/><W128/><G128/><T48/><D48/><U55/><E113/><V18/><F110/><W42/><G42/><T10/><D115/><U52/><E112/><V65/><F65/><W30/><G30/><T99/><D28/><U70/><E41/><V16/><F61/><W13/><G13/><T121/><D12/><U6/><E36/><V74/><F22/><W53/><G53/><T8/><D23/><U119/><E119/><V104/><F20/><W117/><G117/><T93/><D63/><U51/><E55/><V72/><F14/><W1/><G1/><T81/><D121/><U7/><E15/><V54/><F54/><W107/><G107/><T25/><D25/><U111/><E111/><V86/><F104/><W2/><G2/><T17/><D10/><U9/><E9/><V134/><F11/><W135/><G135/><T77/><D8/><U132/><E132/><V60/><F134/><W105/><G105/><T68/><D5/><N who="1" m="1547" /><E47/><V101/><F45/><RYUUKYOKU ba="0,1" sc="371,-15,214,15,201,-15,204,15" hai1="44,51,52,70,89,92,96,97,103,106" hai3="19,21,26,29,31,62,66,69,78,85,124,125,127" /><INIT seed="5,1,1,4,4,54" ten="356,229,186,219" oya="1" hai0="27,24,49,92,4,116,78,39,121,45,53,97,10" hai1="102,23,59,64,37,125,106,21,88,63,48,104,93" hai2="3,46,19,76,98,120,82,70,20,105,91,29,15" hai3="52,8,33,26,83,132,130,68,50,69,131,89,86"/><U126/><E37/><V36/><F3/><W81/><G132/><T13/><D116/><U118/><E118/><V90/><F120/><W65/><G65/><T108/><D108/><U77/><E77/><V2/><F2/><W117/><G117/><T84/><D39/><U79/><E79/><V72/><F70/><W103/><G103/><N who="0" m="60839" /><D121/><U61/><E48/><V58/><F29/><N who="3" m="19639" /><G83/><AGARI ba="1,1" hai="4,10,13,24,27,45,49,53,78,83,84" m="60839" machi="83" ten="30,1000,0" yaku="8,1" doraHai="54" who="0" fromWho="3" sc="356,23,229,0,186,0,219,-13" /><INIT seed="6,0,0,2,2,70" ten="379,229,186,206" oya="2" hai0="118,67,65,72,91,69,75,88,94,9,43,100,27" hai1="48,97,122,127,81,44,52,2,99,84,80,4,92" hai2="121,54,96,51,113,135,40,19,89,3,8,125,63" hai3="62,1,55,71,115,20,82,49,45,79,124,95,66"/><V47/><F113/><W26/><G1/><T87/><D43/><U17/><E127/><V83/><F135/><W107/><G107/><T42/><D42/><U101/><E122/><V18/><F125/><W5/><G5/><T23/><D100/><U41/><E2/><V53/><F121/><W104/><G104/><T24/><D9/><U123/><E4/><V11/><F3/><W112/><G95/><T102/><D102/><U59/><E123/><V16/><F96/><W110/><G110/><T126/><D118/><U116/><E116/><V73/><F73/><W129/><G129/><T38/><D38/><U56/><E56/><N who="2" m="35223" /><F40/><W25/><G124/><T131/><D131/><U10/><E97/><V103/><F103/><W61/><G62/><T105/><D105/><U36/><E84/><AGARI ba="0,0" hai="8,11,16,18,19,47,51,53,83,84,89" m="35223" machi="84" ten="30,2900,0" yaku="8,1,54,1" doraHai="70" who="2" fromWho="1" sc="379,0,229,-29,186,29,206,0" /><INIT seed="6,1,0,5,3,79" ten="379,200,215,206" oya="2" hai0="104,21,17,9,135,101,85,117,120,25,134,122,16" hai1="53,93,99,61,103,6,86,89,126,112,131,87,115" hai2="12,31,97,44,55,5,23,77,30,121,36,2,8" hai3="50,49,7,113,91,90,19,64,105,123,13,109,127"/><V38/><F121/><W28/><G123/><T78/><D117/><U37/><E37/><V132/><F132/><N who="0" m="50730" /><D78/><U65/><E131/><V119/><F119/><W42/><G28/><T46/><D85/><U98/><E126/><V67/><F67/><W94/><G105/><T34/><D34/><U62/><E6/><V128/><F31/><W59/><G7/><T47/><D47/><U45/><E45/><V56/><F44/><W116/><G42/><T70/><D70/><U26/><E26/><V66/><F66/><W73/><G73/><T3/><D46/><U18/><E18/><V111/><F111/><W60/><G116/><T48/><D48/><U39/><E39/><V22/><F22/><W52/><G109/><T4/><D17/><U54/><E87/><V68/><F68/><W106/><G106/><T0/><D0/><U10/><E62/><V124/><F124/><W20/><G50/><T72/><D72/><U76/><E76/><V41/><F77/><W82/><G127/><T108/><D108/><U24/><E86/><V57/><F128/><W32/><G32/><T83/><D83/><U102/><E61/><N who="2" m="35999" /><F41/><W69/><G82/><T92/><D104/><U74/><E74/><V100/><F2/><W63/><G63/><T133/><D133/><U110/><E110/><V14/><F30/><W129/><G129/><T95/><D95/><U71/><E93/><N who="2" m="58415" /><F57/><W33/><G33/><T88/><D101/><U96/><E102/><V43/><F43/><W51/><G94/><T27/><D27/><U35/><E24/><V125/><F125/><W118/><G118/><RYUUKYOKU ba="1,0" sc="379,15,200,-15,215,15,206,-15" hai0="3,4,9,16,21,25,88,92,120,122" hai2="5,8,12,14,23,36,38" /><INIT seed="6,2,0,2,5,125" ten="394,185,230,191" oya="2" hai0="84,94,23,85,28,90,46,35,18,50,58,45,57" hai1="29,61,129,77,7,119,21,88,9,4,40,32,67" hai2="78,71,103,3,25,12,30,70,6,93,59,107,82" hai3="2,15,95,96,92,135,98,114,99,5,44,39,121"/><V105/><F12/><W134/><G121/><T55/><D28/><U34/><E119/><V66/><F59/><N who="0" m="22538" /><D35/><U41/><E77/><V91/><F103/><W131/><G2/><T110/><D110/><U51/><E129/><V123/><F123/><W19/><G5/><T48/><D85/><U56/><E34/><N who="2" m="20815" /><F91/><W73/><G131/><T11/><D11/><U86/><E32/><V122/><F93/><W87/><G73/><T47/><D55/><U54/><E21/><V69/><F66/><W89/><G114/><T101/><D101/><U68/><E29/><V79/><F79/><W17/><G95/><T109/><D109/><U0/><REACH who="1" step="1"/><E7/><REACH who="1" ten="394,175,230,191" step="2"/><V97/><F6/><W80/><G19/><T102/><D18/><U100/><E100/><V49/><F122/><W37/><G17/><T63/><D23/><U133/><E133/><N who="3" m="50698" /><G15/><T33/><D33/><U22/><E22/><V62/><F78/><N who="3" m="46487" /><G39/><T53/><D102/><U60/><E60/><V130/><F62/><W65/><G65/><T124/><D63/><U1/><E1/><V113/><F3/><W120/><G120/><T116/><D116/><U31/><E31/><V104/><F130/><W10/><G10/><T43/><D90/><U38/><E38/><V13/><F13/><W83/><G83/><AGARI ba="2,1" hai="0,4,9,40,41,51,54,56,61,67,68,83,86,88" machi="83" ten="30,3900,0" yaku="1,1,7,1,54,1,53,0" doraHai="125" doraHaiUra="106" who="1" fromWho="3" sc="394,0,175,55,230,0,191,-45" /><INIT seed="7,0,0,3,0,75" ten="394,230,230,146" oya="3" hai0="124,70,23,32,134,131,5,67,46,34,83,58,68" hai1="82,53,71,127,77,104,78,45,92,42,17,28,73" hai2="111,122,99,12,26,43,41,57,22,87,52,21,108" hai3="49,50,101,25,110,72,66,121,48,65,63,4,112"/><W84/><G72/><T24/><D5/><U11/><E104/><V118/><F108/><W85/><G121/><T15/><D15/><U76/><E71/><V94/><F118/><W37/><G37/><T13/><D13/><N who="1" m="7359" /><E73/><V18/><F87/><N who="3" m="33355" /><G112/><T81/><D58/><U105/><E105/><V33/><F33/><W93/><G110/><T56/><D83/><U113/><E127/><V61/><F122/><W54/><G4/><T96/><D96/><U98/><E113/><V115/><F115/><W130/><G130/><T95/><D24/><U90/><E28/><N who="2" m="17487" /><F111/><W20/><G54/><T9/><D23/><U62/><E82/><V59/><F57/><N who="3" m="37103" /><G66/><T106/><D67/><U79/><E79/><V129/><F129/><W10/><G10/><T91/><D9/><U128/><E128/><V97/><F97/><N who="3" m="59567" /><G49/><T40/><D131/><U1/><E1/><V103/><AGARI ba="0,0" hai="12,18,22,41,43,52,59,61,94,99,103" m="17487" machi="103" ten="30,2000,0" yaku="8,1,54,1" doraHai="75" who="2" fromWho="2" sc="394,-5,230,-5,230,20,146,-10" owari="389,48.0,225,-17.0,250,5.0,136,-36.0" /></mjloggm>