<mjloggm ver="2.3"><GO type="169" lobby="0"/><UN n0="%E6%B0%B4%E6%9C%AC%E3%82%86%E3%81%8B%E3%82%8A" n1="%E7%88%86%E5%BC%BE%E4%BA%94%E9%83%8E%EF%BC%92" n2="%E3%83%8D%E3%83%BC%E3%83%A0%E3%83%AC%E3%82%B9%EF%BC%97" n3="%E5%B0%B1%E6%B4%BB%E7%94%9F%40%E5%B7%9D%E6%9D%91%E8%BB%8D%E5%9B%A3" dan="16,17,17,18" rate="2108.73,2143.86,2124.01,2241.47" sx="F,M,M,M"/><TAIKYOKU oya="0"/><INIT seed="0,0,0,3,1,42" ten="250,250,250,250" oya="0" hai0="66,39,73,15,78,20,55,13,28,98,46,26,32" hai1="88,61,108,74,102,5,119,21,71,122,106,70,47" hai2="132,89,90,57,121,30,94,58,129,77,128,120,115" hai3="41,87,105,59,44,76,68,109,86,24,125,113,25"/><T52/><D66/><U14/><E74/><V60/><F115/><W22/><G68/><T27/><D73/><U49/><E122/><N who="2" m="47211" /><F30/><W82/><G105/><T40/><D78/><U0/><E0/><V133/><F57/><W111/><G113/><T131/><D131/><N who="2" m="50250" /><F58/><W123/><G125/><T99/><D15/><U134/><E119/><V48/><F60/><W85/><G123/><T29/><REACH who="0" step="1"/><D13/><REACH who="0" ten="240,250,250,250" step="2"/><U97/><E134/><V135/><F77/><W62/><G76/><T83/><D83/><U72/><E72/><V35/><F133/><W53/><G82/><T67/><D67/><U107/><E70/><V130/><F130/><W64/><G64/><T95/><D95/><U124/><E106/><V127/><F94/><W75/><G75/><T112/><D112/><U93/><E71/><V37/><F132/><W18/><REACH who="3" step="1"/><G24/><REACH who="3" ten="240,250,250,240" step="2"/><T79/><D79/><U118/><E107/><V50/><F135/><W51/><AGARI ba="0,2" hai="18,22,25,41,44,51,53,59,62,85,86,87,109,111" machi="51" ten="30,8000,1" yaku="1,1,2,1,0,1,52,1,53,1" doraHai="42" doraHaiUra="54" who="3" fromWho="3" sc="240,-40,250,-20,250,-20,240,100" /><INIT seed="1,0,0,1,5,102" ten="200,230,230,340" oya="1" hai0="26,92,112,128,28,38,78,11,125,43,79,63,130" hai1="113,0,14,85,95,84,127,82,56,20,62,55,134" hai2="31,27,42,77,124,6,13,109,50,29,97,4,23" hai3="120,69,107,65,7,110,10,91,9,87,133,18,122"/><U83/><E0/><V104/><F109/><W93/><G110/><T12/><D112/><U1/><E1/><V123/><F123/><W121/><G133/><T76/><D125/><U129/><E127/><V16/><F124/><W41/><G41/><T64/><D92/><U71/><E71/><V57/><F77/><W15/><G65/><T116/><D116/><U90/><E134/><V33/><F31/><W48/><G69/><T117/><D117/><U73/><E73/><V45/><REACH who="2" step="1"/><F57/><REACH who="2" ten="200,230,220,340" step="2"/><W135/><G135/><T37/><D79/><N who="1" m="46175" /><E113/><V111/><F111/><W40/><G120/><T96/><D78/><U17/><E129/><V67/><F67/><W59/><G121/><T46/><D76/><U103/><E103/><AGARI ba="0,1" hai="4,6,13,16,23,27,29,33,42,45,50,97,103,104" machi="103" ten="40,5200,0" yaku="1,1,52,1,54,1,53,0" doraHai="102" doraHaiUra="51" who="2" fromWho="1" sc="200,0,230,-52,220,62,340,0" /><INIT seed="2,0,0,4,3,93" ten="200,178,282,340" oya="2" hai0="113,64,119,130,8,54,82,110,98,42,86,100,80" hai1="77,3,7,14,21,89,84,38,131,123,92,36,44" hai2="19,52,34,22,55,32,18,20,33,108,1,104,68" hai3="126,85,88,12,6,45,79,102,124,70,103,94,60"/><V117/><F117/><W69/><G45/><T87/><D113/><U96/><E123/><V24/><F68/><W128/><G128/><T122/><D122/><U132/><E131/><V134/><F134/><W114/><G79/><T59/><D130/><U73/><E132/><V53/><F108/><W49/><G49/><T116/><D110/><U121/><E121/><V0/><REACH who="2" step="1"/><F104/><REACH who="2" ten="200,178,272,340" step="2"/><W135/><G135/><T9/><D119/><U25/><E3/><V62/><F62/><W109/><G60/><T28/><D116/><U115/><E115/><V91/><F91/><W30/><G109/><T61/><D61/><U107/><E107/><V65/><F65/><W95/><G70/><T133/><D64/><U111/><E111/><V120/><F120/><W83/><G69/><T4/><D133/><U71/><E71/><V106/><F106/><W29/><G114/><T118/><D118/><U63/><E63/><V57/><F57/><W90/><G90/><T50/><D59/><U10/><E44/><V46/><F46/><W40/><G88/><T72/><D100/><U11/><E73/><V74/><F74/><W99/><G102/><T76/><D72/><U37/><E77/><V127/><F127/><W26/><G103/><T75/><D75/><U39/><E84/><V48/><F48/><W17/><G85/><T41/><D86/><U66/><E66/><V35/><N who="2" m="8192" /><DORA hai="15" /><V16/><F16/><W81/><G17/><T58/><D87/><U13/><E38/><V2/><F2/><W47/><G124/><T27/><D76/><U23/><E25/><AGARI ba="0,1" hai="0,1,18,19,20,22,24,25,52,53,55" m="8192" machi="25" ten="70,12000,1" yaku="1,1,9,1,52,2,54,1,53,0" doraHai="93,15" doraHaiUra="56,125" who="2" fromWho="1" sc="200,0,178,-120,272,130,340,0" /><INIT seed="2,1,0,1,4,9" ten="200,58,402,340" oya="2" hai0="29,19,12,64,131,41,24,70,57,16,32,88,52" hai1="75,28,78,67,74,116,96,55,103,100,120,106,7" hai2="15,3,104,22,105,1,83,102,107,20,31,109,98" hai3="112,44,51,76,33,53,125,119,58,61,47,86,124"/><V62/><F109/><W128/><G33/><T68/><D131/><U69/><E116/><V17/><F83/><W121/><G119/><T115/><D115/><U8/><E103/><V129/><F129/><W6/><G6/><T25/><D41/><U60/><E120/><V82/><F82/><N who="3" m="47431" /><G128/><T135/><D135/><U48/><E78/><V80/><F80/><W84/><G84/><T18/><D25/><U95/><E95/><V108/><F108/><W89/><G89/><T94/><D64/><U130/><E130/><V45/><F45/><N who="3" m="27887" /><G121/><T42/><D42/><U4/><E4/><V2/><REACH who="2" step="1"/><F62/><REACH who="2" ten="200,58,392,340" step="2"/><W65/><G112/><T79/><D79/><U85/><E74/><V5/><F5/><W92/><G125/><T123/><D123/><U132/><E75/><V23/><F23/><W40/><G124/><T43/><D32/><U72/><E72/><V26/><AGARI ba="1,1" hai="1,2,3,15,17,20,22,26,31,98,102,104,105,107" machi="26" ten="40,12000,1" yaku="1,1,0,1,52,1,53,1" doraHai="9" doraHaiUra="99" who="2" fromWho="2" sc="200,-41,58,-41,392,133,340,-41" /><INIT seed="2,2,0,2,5,74" ten="159,17,525,299" oya="2" hai0="90,0,106,125,24,1,41,29,111,113,114,42,102" hai1="103,44,89,33,69,6,122,57,15,2,130,92,43" hai2="7,61,82,98,131,71,36,64,93,70,135,13,126" hai3="123,55,75,58,21,68,79,20,51,59,127,129,78"/><V9/><F135/><W35/><G35/><T10/><D102/><U49/><E69/><V128/><F126/><W66/><G75/><T99/><D99/><U12/><E33/><V5/><F36/><W17/><G68/><T85/><D106/><U14/><E122/><V86/><F70/><W83/><G123/><T22/><D111/><U91/><E130/><N who="2" m="49707" /><F5/><W77/><G127/><T11/><D125/><U30/><E30/><V116/><F116/><W48/><G129/><T62/><D62/><U115/><E115/><V45/><F45/><W50/><G83/><T121/><D121/><U8/><E103/><N who="2" m="60879" /><F82/><W118/><G118/><T38/><D38/><U67/><E67/><V47/><F47/><W105/><G105/><T133/><D133/><U110/><E110/><V109/><F86/><W34/><G34/><T54/><D85/><U31/><E31/><V25/><F25/><N who="3" m="14479" /><G21/><T3/><D22/><U23/><E57/><N who="3" m="21514" /><G66/><T124/><D124/><U95/><E95/><V46/><F46/><AGARI ba="2,0" hai="46,48,50,51,55,77,78,79" m="21514,14479" machi="46" ten="30,7700,0" yaku="8,1,52,3" doraHai="74" who="3" fromWho="2" sc="159,0,17,0,525,-83,299,83" /><INIT seed="3,0,0,3,3,32" ten="159,17,442,382" oya="3" hai0="35,134,98,44,75,80,4,45,33,46,97,36,128" hai1="74,86,111,0,20,76,81,112,58,39,66,30,14" hai2="69,89,109,21,77,82,64,103,106,65,83,15,93" hai3="23,100,47,126,96,108,113,8,24,57,120,52,7"/><W53/><G120/><T118/><D36/><U6/><E39/><V135/><F109/><W2/><G113/><T110/><D118/><U17/><E111/><V79/><F135/><W71/><G108/><T59/><D110/><U63/><E112/><V62/><F65/><W90/><G126/><T29/><D134/><U70/><E74/><V55/><F106/><W13/><G71/><T132/><D132/><U92/><E92/><V102/><F55/><W11/><G90/><T28/><D128/><U41/><E41/><V34/><F34/><W31/><G47/><T91/><D4/><U95/><E95/><V85/><F21/><W22/><G22/><T94/><D98/><U73/><E73/><V114/><F114/><W37/><G37/><T38/><D38/><U5/><E0/><V27/><F27/><W67/><G67/><T116/><D116/><U25/><REACH who="1" step="1"/><E70/><REACH who="1" ten="159,7,442,382" step="2"/><V99/><F15/><W49/><G53/><T119/><D119/><U18/><E18/><V133/><F133/><W115/><G115/><T51/><D75/><AGARI ba="0,1" hai="62,64,69,75,77,79,82,83,85,89,93,99,102,103" machi="75" ten="30,1000,0" yaku="7,1" doraHai="32" who="2" fromWho="0" sc="159,-10,7,0,442,20,382,0" /><INIT seed="4,0,0,5,1,120" ten="149,7,462,382" oya="0" hai0="127,38,130,100,63,99,131,84,5,66,89,7,39" hai1="57,37,82,20,97,45,94,24,42,31,121,107,49" hai2="12,135,80,62,103,52,43,76,90,123,91,50,119" hai3="116,4,56,73,79,115,60,30,17,102,68,71,48"/><T9/><D127/><U8/><E121/><V117/><F123/><W64/><G116/><N who="2" m="44617" /><F135/><W15/><G115/><T86/><D39/><U87/><E107/><V118/><F118/><W18/><G102/><T98/><D38/><U3/><E3/><V51/><F103/><W28/><G4/><N who="0" m="1611" /><D9/><U35/><E37/><V65/><F12/><W113/><G113/><T23/><D23/><U55/><E8/><V10/><F43/><W70/><G18/><T53/><D53/><U6/><E6/><V108/><F108/><W75/><G48/><N who="2" m="18473" /><F10/><W67/><G67/><T133/><D133/><U44/><E35/><V0/><F0/><W54/><G64/><T72/><D72/><U34/><E34/><V59/><F65/><W95/><G75/><AGARI ba="0,0" hai="52,59,62,75,76,80,90,91" m="18473,44617" machi="75" ten="30,2000,0" yaku="12,1,54,1" doraHai="120" who="2" fromWho="3" sc="149,0,7,0,462,20,382,-20" /><INIT seed="5,0,0,1,1,15" ten="149,7,482,362" oya="1" hai0="55,6,104,59,40,95,101,26,118,22,132,53,74" hai1="72,1,47,25,112,20,64,39,84,87,80,30,19" hai2="127,21,67,56,46,82,94,129,119,93,70,98,115" hai3="7,29,63,126,3,60,11,48,5,79,92,45,62"/><U91/><E1/><V86/><F119/><W41/><G126/><T33/><D33/><U134/><E134/><V131/><F127/><W49/><G5/><T122/><D74/><U4/><E112/><V38/><F70/><W68/><G29/><T83/><D104/><U51/><E72/><V12/><F115/><W31/><G31/><T32/><D32/><U28/><E39/><V14/><F67/><W110/><G110/><T125/><D122/><U9/><E64/><V135/><F135/><W73/><G92/><T24/><D118/><U65/><E65/><V133/><F133/><W117/><G117/><T105/><D105/><U2/><E87/><V106/><F106/><W43/><G68/><T13/><D125/><U120/><E120/><V107/><F56/><W17/><G17/><T54/><D59/><U50/><E50/><V58/><F58/><W0/><G0/><T44/><D44/><U96/><E96/><V85/><F107/><W66/><G66/><T89/><D132/><U128/><E128/><N who="2" m="49227" /><F94/><W121/><G121/><T8/><D95/><U113/><E113/><V23/><F12/><W27/><G27/><T88/><D83/><U90/><E91/><N who="2" m="55615" /><F14/><W108/><G108/><T10/><D89/><U114/><E114/><V16/><F16/><W35/><G35/><T71/><D88/><U130/><E130/><V76/><F86/><W100/><G100/><T61/><D101/><U42/><AGARI ba="0,0" hai="2,4,9,19,20,25,28,30,42,47,51,80,84,90" machi="42" ten="20,3900,0" yaku="0,1,7,1,52,1" doraHai="15" who="1" fromWho="1" sc="149,-13,7,39,482,-13,362,-13" /><INIT seed="5,1,0,0,1,37" ten="136,46,469,349" oya="1" hai0="11,17,94,68,105,51,49,46,126,16,81,5,101" hai1="85,99,125,120,72,54,113,116,112,84,114,0,70" hai2="7,96,15,12,34,60,21,118,31,55,83,69,75" hai3="134,28,119,27,88,50,98,14,52,23,111,76,73"/><U48/><E72/><V129/><F118/><W131/><G111/><T66/><D126/><U35/><E70/><V39/><F129/><W108/><G108/><T102/><D105/><U67/><E35/><V3/><F39/><W95/><G131/><T56/><D68/><U82/><E67/><V4/><F34/><W79/><G134/><T29/><D29/><U121/><E0/><V107/><F3/><W133/><G133/><T19/><D81/><U40/><E125/><V32/><F32/><W89/><G73/><T13/><D94/><U106/><E106/><V45/><F69/><W132/><G132/><T36/><D36/><U58/><E116/><V103/><F31/><W71/><G71/><T43/><D51/><U92/><E40/><V117/><F117/><W77/><G14/><T135/><D135/><U104/><E104/><V93/><F107/><W42/><G119/><T74/><D74/><U22/><E22/><V90/><F75/><W53/><G89/><T20/><D20/><U25/><E25/><V18/><F12/><W8/><G8/><T115/><D115/><U61/><E48/><N who="2" m="29071" /><F60/><AGARI ba="1,0" hai="5,11,13,16,17,19,43,46,49,56,60,66,101,102" machi="60" ten="40,5200,0" yaku="8,1,52,1,54,1" doraHai="37" who="0" fromWho="2" sc="136,55,46,0,469,-55,349,0" /><INIT seed="6,0,0,2,2,113" ten="191,46,414,349" oya="2" hai0="50,104,64,53,48,33,115,63,14,19,27,52,91" hai1="78,60,31,130,81,107,109,70,119,68,65,16,94" hai2="12,51,103,129,90,0,28,21,124,11,114,96,118" hai3="67,87,108,71,37,77,1,3,131,10,92,59,23"/><V25/><F114/><W89/><G108/><T20/><D104/><U95/><E107/><V135/><F135/><W133/><G71/><T116/><D115/><U79/><E109/><V34/><F129/><W75/><G37/><T38/><D38/><U8/><E130/><V56/><F124/><W32/><G32/><T40/><D33/><U43/><E43/><V97/><F118/><W62/><G131/><T93/><D116/><U46/><E46/><V35/><F0/><W120/><G120/><T22/><D40/><U6/><E31/><V4/><F90/><W117/><G117/><T84/><D64/><U85/><E70/><V82/><F82/><W74/><G133/><T42/><D63/><U36/><E36/><V66/><F97/><W99/><G23/><T45/><D50/><U72/><E119/><V83/><F83/><W5/><G1/><T100/><D100/><U61/><E78/><V105/><REACH who="2" step="1"/><F66/><REACH who="2" ten="191,46,404,349" step="2"/><W86/><G77/><T126/><D126/><U102/><E72/><V9/><F9/><W132/><G132/><T88/><D91/><U17/><E102/><V69/><F69/><W76/><G76/><T73/><D73/><U101/><E101/><V29/><F29/><AGARI ba="0,1" hai="14,19,20,22,27,29,42,45,48,52,53,84,88,93" machi="29" ten="30,7700,0" yaku="7,1,8,1,54,2" doraHai="113" who="0" fromWho="2" sc="191,87,46,0,404,-77,349,0" /><INIT seed="7,0,0,3,2,3" ten="278,46,327,349" oya="3" hai0="26,120,8,19,90,122,129,88,123,114,13,73,4" hai1="71,43,41,34,80,59,86,135,20,25,21,128,77" hai2="16,133,9,85,94,113,130,64,125,119,103,127,118" hai3="49,30,68,72,48,74,75,117,47,106,84,98,33"/><W110/><G68/><T69/><D69/><U36/><E71/><V24/><F113/><W51/><G117/><T91/><D73/><U54/><E36/><V132/><F130/><W95/><G110/><T11/><D129/><U50/><E135/><N who="2" m="51787" /><F64/><W6/><G6/><T56/><D114/><U76/><E34/><V27/><F103/><W121/><G121/><T65/><D26/><N who="2" m="9770" /><F85/><W52/><G30/><T116/><D116/><N who="2" m="44586" /><F94/><W40/><G33/><T100/><D100/><U99/><E128/><V7/><F16/><W87/><G106/><T45/><D45/><U37/><E37/><V0/><AGARI ba="0,0" hai="0,7,9,125,127" m="44586,9770,51787" machi="0" ten="40,8000,1" yaku="20,1,34,2,52,1" doraHai="3" who="2" fromWho="2" sc="278,-20,46,-20,327,80,349,-40" owari="258,-14.0,26,-47.0,407,50.0,309,11.0" /></mjloggm>