<mjloggm ver="2.3"><GO type="169" lobby="0"/><UN n0="%E3%81%8D%E3%81%97%E3%82%8A%E3%81%A3%E3%81%97%E3%82%85" n1="%E5%B0%B1%E6%B4%BB%E7%94%9F%40%E5%B7%9D%E6%9D%91%E8%BB%8D%E5%9B%A3" n2="%6B%69%79%6F%6E%61%72%69" n3="%74%6F%72%69%30%36%31%32" dan="17,17,16,16" rate="2135.83,2228.48,2104.97,2035.51" sx="M,M,M,M"/><TAIKYOKU oya="0"/><INIT seed="0,0,0,1,2,80" ten="250,250,250,250" oya="0" hai0="11,55,135,22,119,68,116,89,59,3,134,97,125" hai1="35,52,94,126,36,6,117,64,16,110,86,24,9" hai2="122,45,2,12,107,54,130,17,79,49,77,81,60" hai3="71,4,133,44,92,58,106,31,7,73,72,40,111"/><T50/><D68/><U109/><E117/><V33/><F122/><W63/><G106/><T93/><D22/><N who="1" m="13383" /><E36/><V10/><F130/><W115/><G71/><T34/><D34/><U18/><E35/><V39/><F107/><W96/><G115/><T13/><D3/><U23/><E64/><V78/><F33/><W14/><G31/><T19/><REACH who="0" step="1"/><D125/><REACH who="0" ten="240,250,250,250" step="2"/><U8/><E126/><V104/><F2/><W46/><G133/><AGARI ba="0,1" hai="11,13,19,50,55,59,89,93,97,116,119,133,134,135" machi="133" ten="40,7700,0" yaku="1,1,2,1,20,1,53,0" doraHai="80" doraHaiUra="123" who="0" fromWho="3" sc="240,87,250,0,250,0,250,-77" /><INIT seed="0,1,0,1,4,45" ten="327,250,250,173" oya="0" hai0="98,46,85,93,101,73,35,49,81,111,51,87,110" hai1="55,104,59,13,31,30,4,117,36,118,24,21,6" hai2="23,105,120,99,132,28,90,41,60,88,33,94,48" hai3="86,83,39,2,11,100,32,78,135,63,123,128,131"/><T57/><D35/><U37/><E104/><V91/><F120/><W66/><G32/><T64/><D73/><U72/><E72/><V116/><F132/><W10/><G123/><T109/><D46/><U18/><E37/><V75/><F116/><W71/><G135/><T74/><D74/><U53/><E36/><V56/><F33/><W69/><G39/><T82/><D64/><U115/><E115/><V7/><F105/><W84/><G100/><T38/><D38/><U20/><E31/><V14/><F75/><W26/><G26/><T54/><REACH who="0" step="1"/><D49/><REACH who="0" ten="317,250,250,173" step="2"/><U77/><E117/><V44/><F48/><W8/><G2/><T125/><D125/><U43/><E118/><V9/><F44/><W47/><G47/><T52/><D52/><U34/><E34/><V29/><F41/><W42/><G42/><T106/><D106/><U67/><E43/><V62/><F62/><W126/><G126/><T114/><D114/><U127/><E127/><V58/><F60/><W22/><G71/><T122/><D122/><U108/><E108/><V16/><F58/><W97/><G63/><T1/><D1/><U25/><E67/><V95/><F56/><W102/><G66/><T19/><D19/><U0/><E0/><V96/><REACH who="2" step="1"/><F91/><REACH who="2" ten="317,250,240,173" step="2"/><N who="3" m="51615" /><G69/><T133/><D133/><U3/><E59/><V5/><F5/><W79/><G79/><T124/><D124/><U89/><E77/><V112/><F112/><W80/><G128/><T92/><D92/><U15/><E89/><V119/><F119/><W113/><G131/><T70/><D70/><U107/><E107/><V103/><F103/><RYUUKYOKU ba="1,2" sc="317,15,250,-15,240,15,173,-15" hai0="51,54,57,81,82,85,87,93,98,101,109,110,111" hai2="7,9,14,16,23,28,29,88,90,94,95,96,99" /><INIT seed="0,2,2,5,5,93" ten="332,235,255,158" oya="0" hai0="14,12,22,74,106,105,125,113,71,34,20,29,108" hai1="94,116,36,27,72,53,61,52,32,42,30,37,109" hai2="73,87,119,35,81,1,17,84,121,24,97,41,60" hai3="104,67,5,18,100,135,31,54,98,75,95,16,132"/><T2/><D74/><U66/><E116/><V25/><F121/><W83/><G31/><T134/><D71/><U101/><E72/><V50/><F119/><W48/><G67/><T90/><D113/><U9/><E109/><V117/><F117/><W131/><G5/><T103/><D2/><U107/><E94/><V21/><F1/><W69/><G69/><T122/><D122/><U58/><E9/><V64/><F73/><W55/><G55/><T47/><D34/><U33/><E33/><V6/><F6/><W130/><G104/><T0/><D0/><U115/><E115/><V114/><F114/><W91/><G100/><T40/><D106/><U112/><E112/><V127/><F127/><W92/><G92/><T28/><D125/><U44/><REACH who="1" step="1"/><E36/><REACH who="1" ten="332,225,255,158" step="2"/><V11/><F11/><W39/><G39/><T49/><D108/><U85/><E85/><V128/><F84/><W15/><G75/><T133/><D105/><U76/><E76/><V123/><F35/><W51/><G83/><T124/><D124/><U65/><E65/><V110/><F110/><W86/><G86/><T120/><D120/><U10/><E10/><V77/><F123/><W79/><G79/><T3/><D134/><N who="3" m="51241" /><G15/><T88/><D3/><U102/><E102/><V62/><F64/><W82/><G82/><T80/><D103/><U23/><E23/><N who="0" m="8745" /><D133/><U57/><E57/><V46/><F25/><W78/><G78/><T89/><D80/><U70/><E70/><V111/><F111/><W96/><G95/><T68/><D68/><U45/><E45/><V4/><F24/><W7/><G91/><RYUUKYOKU ba="2,3" sc="332,15,225,15,255,-15,158,-15" hai0="12,14,28,29,40,47,49,88,89,90" hai1="27,30,32,37,42,44,52,53,58,61,66,101,107" /><INIT seed="0,3,3,4,5,82" ten="347,240,240,143" oya="0" hai0="119,12,96,19,9,4,90,71,35,108,94,72,86" hai1="105,113,112,101,91,126,73,62,56,89,36,47,100" hai2="65,121,33,1,20,59,87,57,2,81,54,77,107" hai3="79,120,60,40,52,135,109,16,15,80,110,3,50"/><T99/><D119/><U6/><E126/><V28/><F121/><W98/><G3/><T131/><D72/><U14/><E73/><V63/><F33/><W74/><G135/><T68/><D35/><U5/><E47/><V24/><REACH who="2" step="1"/><F107/><REACH who="2" ten="347,240,230,143" step="2"/><W122/><G122/><T111/><D131/><U84/><E105/><V114/><F114/><N who="1" m="44137" /><E36/><V26/><F26/><W49/><G120/><T67/><D111/><N who="3" m="42505" /><G98/><T45/><D108/><U102/><E14/><V55/><F55/><W61/><G40/><T44/><D99/><U21/><E21/><V125/><F125/><W7/><G7/><N who="1" m="2570" /><E84/><V127/><F127/><W64/><G64/><AGARI ba="3,4" hai="56,62,64,89,91,100,101,102" m="2570,44137" machi="64" ten="30,1000,0" yaku="11,1" doraHai="82" who="1" fromWho="3" sc="347,0,240,59,230,0,143,-19" /><INIT seed="1,0,0,3,4,31" ten="347,299,230,124" oya="1" hai0="56,59,16,55,42,116,40,89,83,68,8,129,23" hai1="62,72,108,130,47,104,75,81,97,133,41,76,50" hai2="86,124,57,66,64,29,78,28,36,112,103,94,123" hai3="111,125,48,35,65,131,120,82,1,63,38,77,58"/><U15/><E130/><V12/><F123/><W45/><G1/><T54/><D68/><U43/><E133/><V91/><F36/><W21/><G120/><T26/><D116/><U51/><E108/><V74/><F124/><W25/><G38/><T98/><D129/><U2/><E2/><V109/><F109/><W22/><G125/><T101/><D8/><U11/><E62/><V10/><F112/><W102/><G102/><T39/><D39/><U88/><E75/><V13/><F103/><W122/><G122/><T67/><D67/><U110/><E110/><V127/><F78/><W119/><G119/><T6/><D6/><U106/><E50/><V33/><F74/><W69/><G69/><T132/><D101/><U71/><E71/><V134/><F134/><W128/><G111/><T92/><D83/><U60/><E60/><V61/><F127/><W113/><G113/><T19/><D19/><U4/><E43/><V18/><F33/><W9/><G9/><T115/><D115/><U90/><REACH who="1" step="1"/><E97/><REACH who="1" ten="347,289,230,124" step="2"/><V118/><F118/><W73/><G131/><T114/><D132/><U27/><E27/><V96/><F96/><W46/><G128/><T32/><D114/><U95/><E95/><V80/><F94/><W84/><G73/><T24/><D42/><U30/><E30/><V107/><F29/><N who="3" m="19887" /><G48/><N who="0" m="30791" /><D40/><U20/><E20/><V3/><F28/><W0/><G0/><T37/><D37/><U14/><E14/><V126/><F126/><W53/><G65/><T105/><D105/><AGARI ba="0,1" hai="4,11,15,41,47,51,72,76,81,88,90,104,105,106" machi="105" ten="40,3900,0" yaku="1,1,54,1,53,0" doraHai="31" doraHaiUra="121" who="1" fromWho="0" sc="347,-39,289,49,230,0,124,0" /><INIT seed="1,1,0,1,5,132" ten="308,338,230,124" oya="1" hai0="92,113,24,71,21,22,119,20,84,105,89,124,55" hai1="4,131,90,127,98,125,118,62,123,97,11,43,82" hai2="108,74,83,114,87,44,9,73,68,53,51,116,122" hai3="39,14,79,40,93,135,130,75,69,8,38,54,115"/><U30/><E118/><V47/><F108/><W95/><G69/><T2/><D2/><U99/><E123/><V117/><F122/><W77/><G115/><T33/><D71/><U12/><E131/><V13/><F114/><W31/><G31/><T120/><D105/><U32/><E43/><V133/><F133/><W15/><G54/><T28/><D113/><U1/><E12/><V107/><F68/><W18/><G75/><T70/><D70/><U37/><E37/><V66/><F66/><W72/><G72/><T128/><D128/><U27/><E62/><V35/><F35/><W0/><G0/><T45/><D119/><U81/><E90/><V60/><F60/><W57/><G40/><T64/><D64/><U100/><E100/><V10/><F107/><W78/><G135/><T126/><D120/><U61/><E61/><V23/><F13/><W59/><G130/><T91/><D91/><U52/><E52/><V16/><F53/><W29/><G15/><T41/><REACH who="0" step="1"/><D55/><REACH who="0" ten="298,338,230,124" step="2"/><U110/><E110/><V25/><F117/><W102/><G102/><T134/><D134/><U48/><E48/><AGARI ba="1,1" hai="20,21,22,24,28,33,41,45,48,84,89,92,124,126" machi="48" ten="40,5200,0" yaku="1,1,52,2,53,0" doraHai="132" doraHaiUra="111" who="0" fromWho="1" sc="298,65,338,-55,230,0,124,0" /><INIT seed="2,0,0,2,3,113" ten="363,283,230,124" oya="2" hai0="100,32,123,117,40,38,98,96,122,85,48,108,115" hai1="51,124,68,71,69,133,119,135,87,76,66,106,50" hai2="18,53,77,65,110,95,118,102,4,56,35,132,25" hai3="129,92,109,13,79,60,2,86,75,101,34,94,59"/><V39/><F39/><W107/><G2/><T46/><D32/><U41/><E106/><V55/><F132/><N who="1" m="50761" /><E124/><V22/><F118/><W10/><G34/><T0/><D98/><U36/><E119/><V21/><F35/><W63/><G109/><T9/><D85/><U30/><E30/><V16/><F110/><W12/><G75/><T3/><D48/><N who="1" m="18475" /><E76/><V121/><F121/><W26/><G107/><T84/><D9/><U1/><E87/><V11/><F77/><W5/><G26/><T127/><D100/><U19/><E19/><V116/><F116/><W28/><G28/><T6/><D46/><N who="1" m="23847" /><E1/><V23/><F23/><W43/><G43/><T8/><D40/><U78/><E78/><V42/><F42/><W33/><G33/><T81/><D38/><U74/><E74/><V93/><F11/><W125/><G125/><T15/><D96/><U72/><E72/><V70/><F4/><W61/><G101/><T104/><D104/><U126/><E126/><V54/><F102/><W89/><G79/><N who="0" m="46143" /><D115/><U103/><E103/><V82/><F82/><W47/><G47/><T67/><D108/><U134/><N who="1" m="50769" /><U14/><DORA hai="97" /><E14/><V44/><F44/><W27/><G27/><T131/><D117/><U112/><E112/><V45/><F45/><W105/><G105/><T120/><D127/><U7/><E7/><V80/><F80/><W130/><G13/><T20/><D3/><U49/><N who="1" m="18483" /><U64/><AGARI ba="0,0" hai="64,66,68,69,71" m="23847,18483,50769" machi="64" ten="60,8000,1" yaku="4,1,20,1,34,2" doraHai="113,97" who="1" fromWho="1" sc="363,-20,283,80,230,-40,124,-20" /><INIT seed="3,0,0,0,3,48" ten="343,363,190,104" oya="3" hai0="6,26,15,47,94,71,60,100,113,17,65,25,4" hai1="24,111,50,57,67,49,106,93,19,27,18,85,16" hai2="119,66,134,63,89,70,5,104,132,79,129,108,101" hai3="74,91,115,51,10,81,88,84,73,46,98,29,69"/><W0/><G69/><T44/><D26/><N who="1" m="9771" /><E106/><V114/><F108/><W92/><G115/><T53/><D47/><U130/><E130/><V131/><F114/><W107/><G29/><T55/><D44/><U128/><E128/><N who="2" m="49227" /><F119/><W80/><G107/><T118/><D25/><U90/><E111/><V45/><F79/><W135/><G135/><T125/><D118/><U87/><E87/><V82/><F5/><W9/><G0/><T62/><D125/><U31/><E31/><V123/><F123/><W30/><G30/><T13/><D65/><U112/><E112/><V77/><F89/><W37/><G37/><T1/><D1/><U127/><E127/><V52/><F101/><W122/><G122/><T7/><D15/><U133/><E133/><V14/><F14/><W54/><REACH who="3" step="1"/><G81/><REACH who="3" ten="343,363,190,94" step="2"/><T105/><D71/><U83/><E83/><V78/><F104/><W61/><G61/><AGARI ba="0,1" hai="16,18,19,49,50,57,61,67,85,90,93" m="9771" machi="61" ten="30,2000,0" yaku="8,1,54,1" doraHai="48" who="1" fromWho="3" sc="343,0,363,30,190,0,94,-20" /><INIT seed="4,0,0,1,0,5" ten="343,393,190,74" oya="0" hai0="71,108,33,113,128,29,68,86,97,75,52,35,105" hai1="72,13,57,21,129,0,50,24,56,110,91,53,93" hai2="8,28,65,130,1,30,114,22,122,73,89,103,78" hai3="66,121,2,43,11,19,51,14,77,16,107,31,3"/><T32/><D75/><U96/><E110/><V127/><F122/><W85/><G107/><T36/><D36/><U38/><E129/><V69/><F130/><W101/><G101/><T81/><D128/><U39/><E0/><V47/><F103/><W54/><G66/><T6/><D108/><U95/><E72/><V34/><F34/><W7/><G31/><T98/><D113/><U10/><E56/><V99/><F114/><W123/><G43/><T125/><D125/><U4/><REACH who="1" step="1"/><E93/><REACH who="1" ten="343,383,190,74" step="2"/><V118/><F73/><W84/><G3/><T41/><D71/><U76/><E76/><V23/><F1/><W132/><G132/><T134/><D68/><U37/><E37/><V46/><F69/><W59/><G77/><T104/><D134/><U115/><E115/><V27/><F78/><W48/><G121/><T25/><D105/><U20/><E20/><V80/><F23/><W61/><G123/><T92/><D104/><U106/><E106/><V40/><F22/><W135/><G135/><T26/><D33/><U17/><AGARI ba="0,1" hai="4,10,13,17,21,24,38,39,50,53,57,91,95,96" machi="17" ten="20,8000,1" yaku="1,1,0,1,7,1,52,1,53,1" doraHai="5" doraHaiUra="49" who="1" fromWho="1" sc="343,-40,383,90,190,-20,74,-20" /><INIT seed="5,0,0,4,5,58" ten="303,473,170,54" oya="1" hai0="37,12,128,94,126,33,76,24,79,102,21,103,30" hai1="87,113,17,62,1,133,3,84,65,56,67,86,93" hai2="16,119,129,124,95,5,98,25,0,55,135,51,83" hai3="110,89,64,131,125,15,31,9,40,52,105,23,53"/><U70/><E113/><V116/><F129/><W112/><G105/><T71/><D37/><U47/><E133/><V66/><F135/><W22/><G110/><T41/><D71/><U91/><E47/><V38/><F38/><W11/><G112/><T85/><D41/><U10/><E70/><V111/><F111/><W107/><G107/><T2/><D2/><U117/><E117/><V14/><F25/><N who="3" m="16823" /><G40/><T19/><D126/><U8/><E67/><V13/><F0/><W106/><G106/><T108/><D128/><U74/><E74/><V27/><F124/><W50/><G53/><T4/><D4/><U18/><E3/><V28/><F66/><W115/><G115/><T6/><D6/><U68/><E68/><V114/><F5/><W122/><G64/><T57/><D108/><U118/><E118/><V75/><F114/><W123/><G125/><T35/><D35/><U69/><E69/><V49/><F75/><W109/><G109/><T90/><D79/><U99/><E1/><V48/><F55/><W20/><G131/><T72/><D76/><U59/><E59/><V80/><F116/><W60/><G50/><T104/><D104/><U81/><E81/><V97/><F119/><W92/><G123/><T42/><D42/><U29/><E29/><V132/><F51/><W26/><G122/><T44/><D44/><U73/><E73/><V43/><F49/><W77/><G77/><T100/><D72/><U61/><E61/><V34/><F48/><W120/><G120/><T82/><D82/><U96/><E96/><V121/><F121/><W39/><G39/><RYUUKYOKU ba="0,0" sc="303,15,473,15,170,-15,54,-15" hai0="12,19,21,24,30,33,57,85,90,94,100,102,103" hai1="8,10,17,18,56,62,65,84,86,87,91,93,99" /><INIT seed="5,1,0,4,0,89" ten="318,488,155,39" oya="1" hai0="131,127,97,63,126,30,114,87,41,59,98,25,23" hai1="107,54,50,72,92,38,18,58,19,113,75,13,15" hai2="102,110,112,21,3,104,69,67,66,51,91,73,37" hai3="85,123,122,88,130,116,48,16,64,65,5,62,74"/><U121/><E107/><V20/><F37/><W134/><G74/><T35/><D41/><U118/><E121/><V47/><F110/><W115/><G116/><T99/><D114/><U31/><E118/><V124/><F112/><W86/><G5/><T6/><D131/><U80/><E113/><V11/><F73/><W45/><G85/><T33/><D6/><U17/><E38/><V93/><F102/><W103/><G103/><T52/><REACH who="0" step="1"/><D87/><REACH who="0" ten="308,488,155,39" step="2"/><U94/><E72/><V14/><F124/><AGARI ba="1,1" hai="23,25,30,33,35,52,59,63,97,98,99,124,126,127" machi="124" ten="40,8000,1" yaku="1,1,2,1,18,1,54,1,53,0" doraHai="89" doraHaiUra="4" who="0" fromWho="2" sc="308,93,488,0,155,-83,39,0" /><INIT seed="6,0,0,3,3,127" ten="401,488,72,39" oya="2" hai0="114,49,81,43,12,54,118,122,30,113,120,16,35" hai1="55,48,41,75,104,130,8,78,1,65,15,111,59" hai2="23,57,70,133,20,22,6,126,119,69,91,103,109" hai3="101,62,7,72,106,89,67,39,28,76,82,47,58"/><V56/><F119/><W10/><G28/><T4/><D43/><U79/><E111/><V2/><F126/><W36/><G89/><T42/><D42/><U97/><E1/><V11/><F109/><W116/><G116/><T68/><D81/><U61/><E75/><V121/><F121/><N who="0" m="46698" /><D49/><U92/><E130/><V3/><F133/><W46/><G101/><T63/><D54/><U85/><E41/><V18/><F103/><W123/><G106/><T19/><D63/><U17/><E85/><V100/><F100/><W71/><G58/><T112/><D68/><U51/><E104/><V87/><F3/><W0/><REACH who="3" step="1"/><G123/><REACH who="3" ten="401,488,72,29" step="2"/><T107/><D107/><U88/><E51/><V134/><F134/><W34/><G34/><T99/><D99/><U124/><E124/><V129/><F129/><W37/><AGARI ba="0,1" hai="0,7,10,36,37,39,46,47,62,67,71,72,76,82" machi="37" ten="30,2000,0" yaku="1,1,0,1,53,0" doraHai="127" doraHaiUra="25" who="3" fromWho="3" sc="401,-5,488,-5,72,-10,29,30" /><INIT seed="7,0,0,3,0,10" ten="396,483,62,59" oya="3" hai0="2,83,60,73,56,6,11,34,81,98,16,31,48" hai1="51,112,17,131,92,108,71,32,113,13,93,47,67" hai2="24,23,120,42,18,135,46,88,100,119,116,121,28" hai3="97,19,45,26,62,86,123,43,25,107,35,111,133"/><W102/><G123/><N who="2" m="47177" /><F135/><W41/><G133/><T63/><D48/><U30/><E108/><V115/><F115/><N who="1" m="44105" /><E131/><V129/><F129/><W20/><G111/><T54/><D98/><U58/><E71/><V103/><F88/><W94/><G62/><T8/><D73/><U14/><E30/><V38/><F28/><W126/><G126/><T91/><D91/><U80/><E32/><V77/><F77/><W61/><G61/><T21/><D8/><N who="1" m="6311" /><E80/><V109/><F109/><W134/><G134/><T130/><D130/><U66/><E14/><V118/><AGARI ba="0,0" hai="18,23,24,38,42,46,100,103,116,118,119" m="47177" machi="118" ten="40,1500,0" yaku="13,1" doraHai="10" who="2" fromWho="2" sc="396,-4,483,-4,62,15,59,-7" owari="392,19.0,479,58.0,77,-32.0,52,-45.0" /></mjloggm>