<mjloggm ver="2.3"><GO type="225" lobby="0"/><UN n0="%E3%81%84%E3%81%A3%E3%81%9F%E3%82%93" n1="%43%52%63%68%61%6E" n2="%E3%82%A6%E3%83%AB%E3%83%88%E3%83%A9%E7%AB%8B%E7%9B%B4" n3="%E8%87%AA%E7%A7%B0%E6%9C%80%E5%BC%B7%E9%9B%80%E5%A3%AB%EF%BC%93" dan="16,16,17,16" rate="2076.32,2061.23,2152.33,2156.09" sx="M,M,M,M"/><TAIKYOKU oya="0"/><INIT seed="0,0,0,1,0,130" ten="250,250,250,250" oya="0" hai0="48,1,59,120,135,108,16,29,109,51,133,10,24" hai1="9,26,93,87,5,39,61,124,101,53,7,23,89" hai2="90,91,58,49,81,103,28,111,86,38,15,98,8" hai3="25,45,88,31,96,42,69,80,99,84,125,40,65"/><T115/><D115/><U134/><E39/><V47/><F111/><N who="0" m="42570" /><D120/><U73/><E73/><V70/><F70/><W72/><G72/><T37/><D37/><U12/><E124/><V116/><F116/><W18/><G125/><T0/><D16/><N who="1" m="8207" /><E134/><N who="0" m="51209" /><D59/><N who="1" m="35055" /><E101/><V66/><F28/><AGARI ba="0,0" hai="5,7,23,26,28,87,89,93" m="35055,8207" machi="28" ten="30,2000,0" yaku="8,1,54,1" doraHai="130" who="1" fromWho="2" sc="250,0,250,20,250,-20,250,0" /><INIT seed="1,0,0,2,0,31" ten="250,270,230,250" oya="1" hai0="80,84,129,23,134,106,104,1,101,81,125,120,11" hai1="114,39,47,50,87,82,36,62,118,94,12,85,111" hai2="98,130,6,86,77,46,91,25,14,10,66,28,22" hai3="71,32,127,38,68,4,105,9,49,108,107,64,54"/><U117/><E114/><V132/><F130/><W37/><G127/><T110/><D125/><U115/><E115/><V60/><F132/><W34/><G64/><T19/><D129/><U45/><E94/><V97/><F77/><W89/><G89/><T126/><D126/><U42/><E82/><V35/><F46/><W24/><G24/><T55/><D134/><U116/><E12/><V119/><F119/><W26/><G26/><T8/><D81/><U44/><E87/><V30/><F30/><W99/><G49/><T2/><D2/><U65/><E85/><V48/><F48/><W20/><G20/><T18/><D18/><U40/><E111/><V78/><F78/><W56/><G56/><T100/><D106/><N who="3" m="40457" /><G54/><T43/><D104/><U41/><E50/><V135/><F22/><W96/><G108/><T59/><D110/><U75/><E75/><V103/><F103/><N who="0" m="39498" /><D43/><U72/><E72/><V5/><F5/><W51/><G51/><N who="0" m="31231" /><D1/><U79/><E79/><V128/><F128/><W7/><G9/><T53/><D53/><U17/><E17/><V95/><REACH who="2" step="1"/><F135/><REACH who="2" ten="250,270,220,250" step="2"/><W29/><G7/><T122/><D120/><U27/><REACH who="1" step="1"/><E27/><REACH who="1" ten="250,260,220,250" step="2"/><V13/><F13/><W69/><G4/><T33/><D122/><U83/><E83/><V123/><F123/><W131/><G131/><T63/><D80/><U57/><AGARI ba="0,2" hai="36,39,40,41,42,44,45,47,57,62,65,116,117,118" machi="57" ten="40,18000,2" yaku="1,1,0,1,29,2,34,3,53,0" doraHai="31" doraHaiUra="124" who="1" fromWho="1" sc="250,-60,260,200,220,-60,250,-60" /><INIT seed="1,1,0,3,4,3" ten="190,460,160,190" oya="1" hai0="71,43,133,52,47,92,128,22,98,103,31,95,16" hai1="20,66,134,36,37,120,46,9,104,35,83,121,63" hai2="131,50,23,113,102,88,86,57,44,61,67,56,127" hai3="130,12,125,38,1,2,78,33,135,42,115,108,124"/><U15/><E104/><V122/><F122/><W21/><G115/><T53/><D128/><U94/><E35/><V129/><F102/><W91/><G78/><T80/><D71/><U105/><E105/><V75/><F75/><W74/><G74/><T14/><D133/><U30/><E134/><V6/><F113/><W55/><G135/><T4/><D31/><U25/><E83/><V32/><F32/><W106/><G106/><T59/><D80/><U69/><E94/><N who="2" m="54551" /><F23/><W107/><G107/><T118/><D118/><U29/><E29/><V99/><F99/><W65/><G33/><T40/><D95/><U101/><E101/><V10/><F127/><W24/><G65/><T126/><D126/><U110/><E110/><V62/><F50/><W28/><G108/><T0/><D0/><U13/><E121/><V73/><F44/><W18/><G124/><T39/><D43/><U72/><E120/><V93/><F93/><W79/><G125/><T97/><D97/><U117/><E72/><V34/><F34/><W58/><G130/><N who="2" m="49673" /><F73/><W111/><G111/><T60/><D39/><U123/><E123/><V114/><F114/><W70/><G38/><T48/><D47/><U45/><E117/><V89/><F89/><W19/><G42/><T64/><D40/><U96/><E96/><V84/><F84/><W49/><G91/><T85/><D85/><U26/><E37/><V112/><F112/><W82/><G79/><T90/><D103/><U68/><E36/><V81/><F81/><W87/><G87/><T76/><D76/><U100/><E100/><V41/><F41/><RYUUKYOKU ba="1,0" sc="190,0,460,0,160,0,190,0" /><INIT seed="2,2,0,3,5,6" ten="190,460,160,190" oya="2" hai0="46,77,71,74,87,34,83,105,103,114,33,43,44" hai1="49,100,121,68,61,17,19,22,97,50,86,48,104" hai2="57,132,28,14,80,116,122,123,65,126,59,25,2" hai3="120,130,117,101,32,85,45,111,52,24,112,75,1"/><V84/><F2/><W11/><G120/><T69/><D114/><U9/><E121/><V72/><F72/><W15/><G117/><T63/><D87/><U89/><E68/><N who="0" m="26185" /><D63/><U124/><E124/><V4/><F116/><W51/><G75/><T125/><D46/><U94/><E61/><V55/><F65/><W40/><G112/><T5/><D5/><U91/><E22/><N who="2" m="15415" /><F126/><W73/><G73/><T98/><D125/><U53/><E53/><V96/><F132/><W106/><G1/><T76/><D76/><U58/><E58/><N who="2" m="22027" /><F55/><W56/><G130/><T18/><D18/><U13/><REACH who="1" step="1"/><E91/><REACH who="1" ten="190,450,160,190" step="2"/><N who="2" m="51591" /><F123/><W102/><G56/><T8/><D34/><U37/><E37/><V78/><F122/><W21/><G32/><T16/><D33/><U29/><E29/><V0/><F0/><W70/><G70/><T23/><D43/><U10/><E10/><N who="2" m="4423" /><F78/><W7/><G40/><T27/><D8/><U110/><E110/><V36/><F36/><W31/><G111/><T129/><D129/><U134/><E134/><V128/><F128/><W47/><G45/><T99/><D44/><U54/><E54/><V66/><F66/><W38/><G38/><T62/><D62/><U42/><E42/><V119/><F119/><W3/><G3/><T82/><D77/><U92/><E92/><V118/><F118/><W108/><G106/><T67/><D67/><U20/><E20/><V30/><F30/><W133/><G108/><T79/><D105/><U109/><E109/><V115/><F115/><W90/><G133/><T60/><D79/><U39/><E39/><V26/><F26/><RYUUKYOKU ba="2,1" sc="190,-30,450,10,160,10,190,10" hai1="9,13,17,19,48,49,50,86,89,94,97,100,104" hai2="96" hai3="7,11,15,21,24,31,47,51,52,85,90,101,102" /><INIT seed="2,3,1,4,1,31" ten="160,460,170,200" oya="2" hai0="47,39,13,122,80,115,41,125,61,75,91,21,33" hai1="123,114,132,134,69,24,3,37,127,72,46,90,82" hai2="8,14,19,88,99,68,66,89,107,43,4,64,128" hai3="32,12,0,1,79,86,15,83,94,95,38,30,57"/><V98/><F128/><W124/><G38/><T130/><D115/><U110/><E90/><N who="2" m="34923" /><F68/><W26/><G124/><T119/><D122/><U100/><E100/><V51/><F107/><W2/><REACH who="3" step="1"/><G57/><REACH who="3" ten="160,460,170,190" step="2"/><T53/><D125/><U34/><E127/><V102/><F4/><W97/><G97/><N who="2" m="36873" /><F102/><W52/><G52/><T59/><D53/><U44/><E37/><V62/><F62/><W118/><G118/><T11/><D61/><U7/><E123/><V85/><F85/><W20/><G20/><T40/><D21/><U106/><E114/><V111/><F111/><W93/><AGARI ba="3,2" hai="0,1,2,12,15,26,30,32,79,83,86,93,94,95" machi="93" ten="40,5200,0" yaku="1,1,0,1,52,1,53,0" doraHai="31" doraHaiUra="135" who="3" fromWho="3" sc="160,-16,460,-16,170,-29,190,81" /><INIT seed="3,0,0,1,0,14" ten="144,444,141,271" oya="3" hai0="3,35,27,16,23,113,107,82,51,86,127,32,134" hai1="18,103,66,121,89,108,15,42,53,49,24,119,93" hai2="28,52,87,85,106,61,122,11,101,62,99,20,111" hai3="69,68,19,57,116,130,41,78,77,55,102,60,100"/><W31/><G116/><T47/><D127/><U40/><E108/><V117/><F117/><W92/><G130/><T104/><D3/><U110/><E110/><V129/><F111/><W70/><G41/><T58/><D134/><U72/><E72/><V118/><F118/><W95/><G31/><T37/><D37/><U5/><E119/><V112/><F112/><W73/><G73/><T26/><D113/><U21/><E121/><V8/><F129/><W7/><G7/><T45/><D58/><U22/><E66/><V46/><F122/><W4/><G4/><T50/><D45/><N who="1" m="27823" /><E103/><V54/><F106/><W94/><G100/><T29/><D35/><U80/><E80/><V88/><F101/><W124/><G102/><T97/><D97/><N who="1" m="57519" /><E5/><V81/><F99/><W120/><G120/><T43/><D51/><U48/><E48/><N who="2" m="28695" /><F85/><W2/><G2/><T96/><D96/><U64/><E64/><V12/><F54/><W98/><G98/><T75/><D75/><U63/><E63/><N who="2" m="24075" /><F12/><W34/><G34/><T105/><D105/><U67/><E67/><V84/><F84/><W6/><G6/><T10/><D10/><U132/><E132/><V133/><F133/><W13/><REACH who="3" step="1"/><G124/><REACH who="3" ten="144,444,141,261" step="2"/><T115/><D115/><U17/><AGARI ba="0,1" hai="15,17,18,21,22,24,40,42" m="57519,27823" machi="17" ten="30,4000,0" yaku="8,1,52,2" doraHai="14" who="1" fromWho="1" sc="144,-10,444,50,141,-10,261,-20" owari="134,-27.0,494,60.0,131,-37.0,241,4.0" /></mjloggm>