<mjloggm ver="2.3"><GO type="41" lobby="0"/><UN n0="%E5%B0%B1%E6%B4%BB%E7%94%9F%40%E5%B7%9D%E6%9D%91%E8%BB%8D%E5%9B%A3" n1="%E3%82%B8%E3%82%B0%E3%82%BD%E3%82%A6%EF%BC%86%E3%83%93%E3%83%AA%E3%83%BC" n2="%E6%92%AD%E5%B7%9E%E7%88%86%E8%B5%B0%E5%A8%98%E3%80%82" n3="%E7%B5%B6%E5%AF%BE%E4%B9%B1%E8%88%9E" dan="17,14,13,15" rate="2183.73,1944.84,1886.11,1954.39" sx="M,M,M,M"/><TAIKYOKU oya="0"/><INIT seed="0,0,0,4,1,10" ten="250,250,250,250" oya="0" hai0="115,30,18,75,118,68,78,109,72,55,107,77,62" hai1="106,22,25,81,46,47,29,4,100,44,3,66,121" hai2="37,119,42,96,67,26,2,89,27,5,131,84,88" hai3="69,123,85,17,80,129,40,110,94,135,114,8,79"/><T91/><D118/><U122/><E106/><V132/><F131/><W43/><G129/><T97/><D115/><U0/><E100/><V73/><F73/><W98/><G114/><T1/><D1/><U125/><E66/><V90/><F132/><W101/><G135/><T54/><D30/><U92/><E92/><V39/><F67/><W86/><G69/><T41/><D41/><U19/><E81/><V51/><F96/><W9/><G110/><T82/><D109/><U87/><E87/><V34/><F34/><W128/><G123/><T36/><D36/><U38/><E38/><V48/><F119/><W120/><G120/><T56/><D68/><U112/><E112/><V15/><F2/><W20/><G128/><T126/><D126/><U130/><E130/><V21/><F39/><W16/><G85/><T95/><D107/><U65/><E65/><V12/><F84/><W33/><G33/><T60/><D18/><U31/><E125/><V105/><F105/><W23/><G23/><T117/><D117/><U49/><E3/><V11/><F37/><W50/><G17/><T83/><REACH who="0" step="1"/><D54/><REACH who="0" ten="240,250,250,250" step="2"/><U133/><E133/><V102/><F42/><N who="3" m="15915" /><G50/><AGARI ba="0,1" hai="50,55,56,60,62,72,75,77,78,82,83,91,95,97" machi="50" ten="30,5800,0" yaku="1,1,7,1,9,1,53,0" doraHai="10" doraHaiUra="124" who="0" fromWho="3" sc="240,68,250,0,250,0,250,-58" /><INIT seed="0,1,0,5,1,78" ten="308,250,250,192" oya="0" hai0="31,5,133,132,90,2,28,11,18,118,92,45,97" hai1="87,89,65,33,12,80,51,81,108,79,127,104,35" hai2="26,135,93,40,6,46,124,121,123,17,15,20,10" hai3="88,9,119,54,83,29,16,95,74,128,0,70,68"/><T22/><D118/><U21/><E104/><V69/><F124/><W100/><G119/><T48/><D132/><U102/><E127/><V76/><F135/><W60/><G128/><T41/><REACH who="0" step="1"/><D133/><REACH who="0" ten="298,250,250,192" step="2"/><U53/><E108/><V82/><F123/><W57/><G70/><T94/><D94/><U63/><E102/><V14/><F69/><W101/><G68/><T131/><D131/><U36/><E36/><V107/><F107/><W19/><G95/><T111/><D111/><U106/><E106/><V44/><F121/><W62/><G101/><T134/><D134/><U129/><E129/><V109/><F109/><W27/><G100/><T120/><D120/><U4/><E35/><V43/><F93/><W105/><G105/><T42/><D42/><U99/><E33/><V85/><F43/><W38/><G38/><T23/><D23/><U24/><E99/><V39/><F39/><W59/><G9/><T34/><D34/><U61/><E65/><V84/><F40/><W86/><G54/><T91/><D91/><U98/><E98/><V113/><F113/><W130/><G88/><T77/><D77/><U3/><E3/><V125/><F125/><W67/><G0/><T115/><D115/><U30/><E79/><V25/><F85/><W56/><G86/><T1/><D1/><U72/><E72/><V50/><F76/><W64/><G74/><T126/><D126/><U73/><E73/><V49/><F84/><W58/><G130/><T13/><AGARI ba="1,1" hai="2,5,11,13,18,22,28,31,41,45,48,90,92,97" machi="13" ten="20,3900,0" yaku="1,1,0,1,7,1,53,0" doraHai="78" doraHaiUra="122" who="0" fromWho="0" sc="298,52,250,-14,250,-14,192,-14" /><INIT seed="0,2,0,2,2,3" ten="350,236,236,178" oya="0" hai0="41,85,12,126,89,122,116,57,31,87,134,121,123" hai1="114,39,48,94,109,135,86,105,49,107,52,70,120" hai2="73,50,100,2,37,22,71,36,53,27,110,40,104" hai3="15,42,28,38,62,61,59,75,78,24,133,102,43"/><T88/><D41/><U108/><E120/><V112/><F110/><N who="1" m="42601" /><E39/><V124/><F112/><W132/><G102/><T47/><D47/><U131/><E70/><V92/><F73/><W51/><G38/><T17/><D116/><U90/><E114/><V6/><F104/><N who="1" m="40009" /><E49/><V93/><F71/><W91/><G91/><T81/><D126/><U82/><E135/><N who="3" m="51786" /><G15/><T113/><D134/><U72/><E131/><V46/><F124/><W8/><G8/><T55/><D31/><U56/><E72/><V115/><F115/><W30/><G30/><T66/><D66/><U98/><E98/><V26/><F37/><W97/><G97/><T16/><D113/><U101/><E101/><V118/><F100/><W4/><G4/><T95/><REACH who="0" step="1"/><D12/><REACH who="0" ten="340,236,236,178" step="2"/><U103/><E103/><V79/><F118/><W18/><G28/><T5/><D5/><U77/><E77/><V130/><F79/><W125/><G78/><T25/><D25/><U21/><E21/><V68/><F36/><W13/><G24/><T117/><D117/><U58/><E58/><V20/><F27/><W129/><G59/><T54/><D54/><U1/><E1/><V69/><F53/><W64/><G42/><T96/><D96/><U99/><E99/><V119/><F26/><W33/><G43/><T29/><D29/><U7/><E7/><V65/><F119/><W128/><G125/><T10/><D10/><U74/><E74/><V9/><F6/><W0/><G75/><T32/><D32/><U63/><E63/><AGARI ba="2,1" hai="16,17,55,57,63,81,85,87,88,89,95,121,122,123" machi="63" ten="40,12000,1" yaku="1,1,54,2,53,2" doraHai="3" doraHaiUra="84" who="0" fromWho="1" sc="340,136,236,-126,236,0,178,0" /><INIT seed="0,3,0,3,4,109" ten="476,110,236,178" oya="0" hai0="135,31,134,114,85,80,116,88,38,77,124,10,93" hai1="32,64,92,76,47,9,52,115,16,112,28,68,56" hai2="94,63,43,79,27,95,78,18,35,23,75,89,91" hai3="111,73,6,21,62,0,123,49,40,2,98,96,72"/><T66/><D38/><U104/><E104/><V53/><F35/><W39/><G111/><T34/><D34/><U108/><E108/><V19/><F43/><W20/><G123/><T8/><D31/><U55/><E76/><V1/><F1/><W37/><G40/><T122/><D116/><U128/><E128/><V99/><F75/><W86/><G49/><T106/><D106/><U14/><E68/><V5/><F5/><W65/><G6/><T113/><D66/><U129/><E129/><V121/><F19/><W74/><G74/><T103/><D103/><U36/><E64/><V101/><F101/><W25/><G65/><T100/><D100/><U110/><E110/><V51/><F121/><W11/><G11/><N who="0" m="4139" /><D124/><U29/><E32/><V54/><F54/><W30/><G30/><T83/><D122/><U131/><E92/><V48/><F48/><W42/><G42/><T71/><D71/><U132/><E131/><V90/><F90/><W45/><G45/><T97/><D80/><U133/><E36/><V59/><F51/><W105/><G105/><T82/><D83/><U41/><E41/><V12/><F12/><W69/><G69/><T107/><D107/><U81/><E81/><V33/><F33/><W127/><G127/><T126/><D126/><U17/><E47/><V125/><F125/><W13/><G37/><T15/><D15/><U119/><E119/><V61/><F61/><W67/><G39/><T22/><D22/><U70/><E70/><V102/><F102/><W118/><G62/><T44/><D44/><U117/><E117/><V130/><F130/><RYUUKYOKU ba="3,0" sc="476,15,110,-15,236,15,178,-15" hai0="77,82,85,88,93,97,113,114,134,135" hai2="18,23,27,53,59,63,78,79,89,91,94,95,99" /><INIT seed="0,4,0,5,4,73" ten="491,95,251,163" oya="0" hai0="53,2,132,5,54,21,113,52,48,133,69,1,111" hai1="70,46,45,105,71,75,25,120,26,28,66,83,135" hai2="0,104,95,36,92,81,31,3,88,119,6,62,77" hai3="98,51,80,106,20,16,100,74,58,122,61,9,114"/><T124/><D113/><U14/><E120/><V118/><F104/><W128/><G114/><T125/><D69/><U89/><E105/><V42/><F62/><W12/><G122/><T99/><D111/><U117/><E117/><N who="2" m="44555" /><F31/><W41/><G128/><T10/><D1/><U11/><E135/><N who="0" m="51785" /><D99/><U93/><E71/><V27/><F95/><W103/><G103/><T84/><D84/><U82/><E26/><V4/><F27/><W76/><G41/><T23/><D48/><U127/><E127/><AGARI ba="4,0" hai="2,5,10,21,23,52,53,54,124,125,127" m="51785" machi="127" ten="40,7700,0" yaku="18,1,20,1,54,1" doraHai="73" who="0" fromWho="1" sc="491,89,95,-89,251,0,163,0" /><INIT seed="0,5,0,2,4,45" ten="580,6,251,163" oya="0" hai0="18,135,37,119,46,84,117,99,51,118,47,59,43" hai1="16,17,32,5,109,26,66,129,70,106,113,77,95" hai2="126,82,30,132,120,83,3,2,112,34,111,9,63" hai3="108,67,98,103,58,134,116,7,115,107,114,28,121"/><T73/><D73/><U0/><E106/><V39/><F120/><W110/><G121/><T125/><D84/><U54/><E77/><V48/><F112/><W27/><G116/><T68/><D18/><U40/><E40/><V124/><F39/><W60/><G7/><T42/><D99/><U87/><E70/><V14/><F34/><W72/><G72/><T131/><D68/><U13/><E66/><V78/><F30/><W31/><G134/><T35/><D35/><U105/><E105/><V76/><F132/><W44/><G44/><N who="0" m="23631" /><D135/><U55/><E113/><N who="3" m="43018" /><G27/><T11/><D11/><U80/><E95/><V23/><F9/><W36/><G36/><N who="0" m="21863" /><D131/><U25/><E129/><V6/><F23/><W88/><G88/><T81/><D81/><U33/><E0/><V12/><F6/><W133/><G133/><T41/><D125/><U75/><E75/><V61/><F126/><W123/><G123/><T85/><D85/><U50/><E5/><V101/><F124/><W10/><G10/><T65/><D65/><U74/><E74/><V56/><F101/><W57/><G57/><AGARI ba="5,0" hai="41,47,51,57,59,117,118,119" m="21863,23631" machi="57" ten="30,5800,0" yaku="34,2,52,1" doraHai="45" who="0" fromWho="3" sc="580,73,6,0,251,0,163,-73" /><INIT seed="0,6,0,3,0,87" ten="653,6,251,90" oya="0" hai0="61,58,9,67,93,48,88,72,5,37,92,60,91" hai1="33,74,86,14,97,75,122,25,134,129,99,44,90" hai2="112,20,113,81,121,50,100,80,119,131,54,132,103" hai3="70,40,111,124,127,24,69,84,0,135,34,110,18"/><T30/><D72/><U32/><E122/><V96/><F121/><W107/><G107/><T46/><D37/><U116/><E116/><V11/><F132/><W94/><G135/><T125/><D125/><N who="3" m="48201" /><G0/><T43/><D30/><U41/><E134/><V17/><F131/><W53/><G40/><T21/><D21/><U38/><E129/><V73/><F11/><W4/><G4/><T105/><D105/><U89/><E14/><V118/><F73/><W3/><G53/><T123/><D123/><U77/><E25/><V51/><F54/><W56/><G56/><T2/><D61/><U62/><E62/><V15/><F113/><W13/><G3/><T79/><D79/><U27/><E27/><V63/><F63/><W120/><G120/><T39/><D39/><U128/><E128/><V47/><F112/><W109/><G24/><T1/><D1/><U83/><E75/><V85/><F51/><W49/><G49/><T7/><D2/><U23/><E23/><V71/><F50/><W55/><G55/><T78/><D78/><U16/><E16/><V115/><F17/><W64/><G34/><T10/><D10/><U76/><E74/><V35/><F20/><N who="3" m="11343" /><G64/><T8/><D8/><U82/><E33/><V36/><F36/><W114/><G114/><T28/><D28/><U45/><E32/><V42/><F35/><W57/><G57/><T26/><D26/><U6/><E6/><N who="0" m="2057" /><D9/><U101/><E45/><V130/><F130/><W126/><N who="3" m="48209" /><W31/><DORA hai="106" /><G31/><T66/><D66/><U108/><E108/><N who="3" m="27650" /><W117/><DORA hai="12" /><G117/><T133/><D133/><RYUUKYOKU ba="6,0" sc="653,15,6,-15,251,-15,90,15" hai0="43,46,48,58,60,67,88,91,92,93" hai3="69,70,84,94" owari="668,76.0,-9,-51.0,236,4.0,105,-29.0" /></mjloggm>