<mjloggm ver="2.3"><GO type="169" lobby="0"/><UN n0="%E3%82%A6%E3%83%AB%E3%83%88%E3%83%A9%E7%AB%8B%E7%9B%B4" n1="%E8%88%AC%E5%8D%93%E6%B0%91%E3%81%AE%E6%9C%9D%E3%81%AF%E6%97%A9%E3%81%84" n2="%63%75%6A%6F" n3="%E3%82%8A%E3%82%81%E3%82%8D" dan="17,17,16,16" rate="2142.71,2140.03,2034.84,2154.82" sx="M,M,M,M"/><TAIKYOKU oya="0"/><INIT seed="0,0,0,5,2,69" ten="250,250,250,250" oya="0" hai0="1,115,117,54,107,113,37,27,124,108,26,120,105" hai1="77,91,64,36,79,18,10,61,78,33,7,13,62" hai2="14,16,30,128,134,130,103,25,29,114,45,59,0" hai3="133,5,34,20,98,106,76,8,118,112,123,46,95"/><T81/><D54/><U121/><E121/><V40/><F114/><N who="0" m="43530" /><D81/><U12/><E33/><V19/><F0/><W44/><G34/><T71/><D1/><U6/><E36/><N who="2" m="21639" /><F103/><W9/><G112/><T43/><D120/><U131/><E131/><N who="2" m="50219" /><F19/><W135/><G118/><T47/><D26/><U75/><E75/><V51/><F25/><W84/><G106/><N who="0" m="40459" /><D117/><U122/><E122/><V89/><F89/><W94/><G123/><T42/><D42/><U86/><E64/><V68/><F68/><W66/><G66/><T109/><D71/><U85/><E85/><V2/><F2/><W23/><G84/><T4/><D4/><N who="1" m="1579" /><E12/><V97/><F97/><W129/><G5/><T90/><D90/><U92/><AGARI ba="0,0" hai="10,13,18,61,62,77,78,79,86,91,92" m="1579" machi="92" ten="30,1100,0" yaku="8,1" doraHai="69" who="1" fromWho="1" sc="250,-5,250,11,250,-3,250,-3" /><INIT seed="1,0,0,4,2,32" ten="245,261,247,247" oya="1" hai0="74,121,119,11,19,6,131,39,24,106,116,104,69" hai1="101,17,44,114,97,83,22,64,84,58,33,5,76" hai2="127,56,51,88,8,27,47,46,86,98,110,36,105" hai3="72,122,99,37,21,71,23,79,53,81,1,10,109"/><U87/><E114/><V0/><F110/><W124/><G109/><T42/><D19/><U9/><E33/><V135/><F135/><W2/><G122/><T108/><D24/><U13/><E44/><V102/><F127/><W92/><G71/><T130/><D42/><U30/><E30/><V16/><F36/><W12/><G124/><T54/><D54/><U111/><E111/><V132/><F132/><W45/><G23/><T93/><D93/><N who="1" m="58543" /><E84/><V40/><F47/><W48/><G21/><T120/><D74/><U18/><E22/><V78/><F78/><W35/><G35/><T113/><D69/><U15/><E15/><V129/><F129/><N who="0" m="49162" /><D39/><U60/><AGARI ba="0,0" hai="5,9,13,17,18,58,60,64,76,83,87" m="58543" machi="60" ten="30,1500,0" yaku="8,1" doraHai="32" who="1" fromWho="1" sc="245,-5,261,15,247,-5,247,-5" /><INIT seed="1,1,0,5,1,17" ten="240,276,242,242" oya="1" hai0="33,52,124,82,81,125,129,3,107,128,55,23,95" hai1="19,75,132,117,53,61,42,116,126,72,92,15,24" hai2="120,45,4,97,78,34,59,26,30,91,10,13,39" hai3="38,103,66,32,119,68,108,115,80,90,85,8,71"/><U12/><E126/><N who="0" m="48745" /><D33/><U54/><E132/><V130/><F120/><W35/><G115/><T111/><D107/><U5/><E42/><V86/><F130/><N who="0" m="50282" /><D3/><U96/><E24/><V7/><F78/><W112/><G112/><T98/><D111/><U43/><E43/><V131/><F131/><W48/><G108/><T31/><D31/><U76/><E5/><V51/><F97/><W50/><G103/><N who="0" m="60895" /><D23/><U134/><E19/><V99/><F99/><W27/><G32/><T0/><D0/><U109/><E96/><V102/><F102/><W101/><G35/><T14/><D14/><U65/><E15/><V110/><F110/><W21/><G101/><T123/><D123/><U113/><E12/><V69/><F7/><W87/><G27/><T89/><D89/><U56/><E109/><V114/><F114/><W63/><G90/><T74/><D74/><U67/><E113/><V2/><F2/><W100/><G87/><T60/><D60/><U118/><E75/><V16/><F4/><W104/><G100/><T79/><D79/><U9/><E76/><V77/><F77/><W49/><G63/><T121/><D121/><U46/><E72/><V127/><F127/><W135/><G85/><T88/><D82/><U29/><E61/><V44/><F91/><W57/><G80/><T6/><D6/><U22/><E29/><V64/><F86/><AGARI ba="1,0" hai="52,55,81,86,88" m="60895,50282,48745" machi="86" ten="30,7700,0" yaku="18,1,19,1,54,2" doraHai="17" who="0" fromWho="2" sc="240,80,276,0,242,-80,242,0" /><INIT seed="2,0,0,4,1,63" ten="320,276,162,242" oya="2" hai0="84,93,85,49,64,7,23,132,65,116,101,109,22" hai1="11,121,1,41,83,9,35,68,118,74,38,82,76" hai2="94,42,111,15,96,44,18,115,91,10,128,71,129" hai3="98,30,95,100,126,77,37,48,105,46,88,43,89"/><V27/><F115/><W21/><G126/><T0/><D0/><U79/><E118/><V6/><F71/><W72/><G37/><T122/><D122/><U117/><E117/><V25/><F111/><W106/><G89/><T16/><D116/><U24/><E121/><V107/><F107/><W19/><G30/><T92/><D7/><U73/><E68/><V70/><F70/><W61/><G100/><T47/><D132/><U3/><E9/><V80/><F80/><W86/><G72/><T5/><D5/><U58/><E11/><V90/><F91/><W34/><G34/><T103/><D109/><U59/><E59/><V131/><REACH who="2" step="1"/><F6/><REACH who="2" ten="320,276,152,242" step="2"/><W81/><G105/><T62/><D103/><U2/><E82/><V57/><F57/><W17/><G106/><T104/><D101/><U52/><E83/><V102/><F102/><W39/><G81/><T51/><D104/><U26/><E76/><V125/><F125/><W33/><G77/><T40/><D93/><U36/><E79/><V69/><F69/><W53/><G95/><T123/><D92/><U14/><E73/><V127/><F127/><W8/><G88/><T130/><D123/><U32/><E74/><V4/><F4/><W13/><G98/><T113/><D113/><U67/><E1/><V108/><F108/><W28/><G86/><T20/><D85/><U31/><E2/><V55/><F55/><W56/><G53/><T66/><D84/><U114/><E3/><V119/><F119/><W78/><G78/><T112/><D112/><U97/><E114/><V29/><F29/><W54/><G54/><RYUUKYOKU ba="0,1" sc="320,-10,276,-10,152,30,242,-10" hai2="10,15,18,25,27,42,44,90,94,96,128,129,131" /><INIT seed="2,1,1,2,2,29" ten="310,266,182,232" oya="2" hai0="51,58,23,47,0,28,81,117,80,100,96,16,131" hai1="13,49,114,21,91,3,41,11,116,56,63,2,67" hai2="113,19,78,92,8,39,35,48,42,69,15,34,132" hai3="77,98,5,101,119,128,60,36,43,111,124,134,104"/><V46/><F113/><W61/><G119/><T133/><D0/><U83/><E116/><V18/><F69/><W125/><G111/><T127/><D131/><U22/><E3/><V123/><F123/><W84/><G128/><T126/><D28/><U88/><E2/><V94/><F132/><W32/><G5/><T64/><D117/><U102/><E102/><V103/><F78/><W68/><G134/><T14/><D133/><U95/><E114/><V33/><F103/><W86/><G32/><T7/><D7/><N who="1" m="3327" /><E83/><V20/><REACH who="2" step="1"/><F39/><REACH who="2" ten="310,266,172,232" step="2"/><W71/><G77/><T44/><D100/><U110/><E110/><V85/><F85/><W82/><G71/><T97/><D97/><N who="1" m="57575" /><E91/><V9/><F9/><W62/><G68/><T107/><D96/><U70/><E70/><V52/><F52/><W75/><G86/><T93/><D64/><U25/><E25/><AGARI ba="1,2" hai="8,15,18,19,20,25,33,34,35,42,46,48,92,94" machi="25" ten="40,12000,1" yaku="1,1,52,3,53,0" doraHai="29" doraHaiUra="65" who="2" fromWho="1" sc="310,0,266,-123,172,143,232,0" /><INIT seed="2,2,0,5,4,93" ten="310,143,315,232" oya="2" hai0="13,117,76,94,32,54,23,66,7,42,67,131,77" hai1="114,79,63,61,17,83,127,97,50,0,65,118,88" hai2="99,46,90,47,29,2,122,48,92,129,64,135,6" hai3="116,74,16,52,34,45,105,130,3,125,73,103,124"/><V126/><F122/><W18/><G116/><T78/><D32/><U98/><E118/><V10/><F135/><W35/><G3/><T11/><D117/><U80/><E114/><V49/><F126/><N who="3" m="48747" /><G130/><T33/><D33/><N who="3" m="12297" /><G105/><T59/><D131/><U134/><E127/><V56/><F129/><W58/><G103/><T37/><D37/><U26/><E0/><V107/><F107/><W69/><G45/><T84/><D42/><U82/><E134/><V75/><F75/><N who="3" m="28683" /><G69/><T19/><D84/><N who="1" m="50183" /><E50/><AGARI ba="2,0" hai="16,18,50,52,58" m="28683,12297,48747" machi="50" ten="40,5200,0" yaku="18,1,54,2" doraHai="93" who="3" fromWho="1" sc="310,0,143,-58,315,0,232,58" /><INIT seed="3,0,0,5,4,109" ten="310,85,315,290" oya="3" hai0="71,79,64,3,59,51,96,58,126,89,125,63,36" hai1="119,41,112,75,43,17,123,78,67,12,38,44,82" hai2="100,131,33,108,116,20,42,10,84,13,40,4,86" hai3="93,127,113,46,50,95,65,107,110,121,62,114,128"/><W133/><G121/><T85/><D3/><U134/><E123/><V53/><F33/><W104/><G110/><T60/><D79/><U72/><E119/><V68/><F68/><W87/><G133/><T99/><D36/><U73/><E134/><V81/><F116/><W18/><G128/><T135/><D51/><U118/><E118/><V14/><F86/><W23/><G127/><N who="0" m="48651" /><D135/><U55/><E67/><V49/><F100/><W47/><G107/><T39/><D39/><U21/><E43/><V101/><F101/><W88/><G104/><T74/><D74/><U98/><E98/><N who="0" m="37417" /><D63/><U61/><REACH who="1" step="1"/><E112/><REACH who="1" ten="310,75,315,290" step="2"/><V102/><F108/><W124/><G124/><T57/><D71/><U83/><E83/><AGARI ba="0,1" hai="57,58,59,60,64,83,85,89" m="37417,48651" machi="83" ten="30,1000,0" yaku="18,1" doraHai="109" who="0" fromWho="1" sc="310,20,75,-10,315,0,290,0" /><INIT seed="4,0,0,5,3,56" ten="330,65,315,290" oya="0" hai0="30,39,104,10,128,11,72,118,129,15,36,34,87" hai1="83,18,109,31,110,114,7,120,25,27,60,111,32" hai2="88,117,55,85,19,9,57,125,40,100,59,107,51" hai3="91,94,130,121,82,116,43,127,97,86,64,54,5"/><T95/><D104/><U135/><E120/><V81/><F125/><W42/><G116/><T33/><D72/><U103/><E103/><V38/><F117/><W29/><G127/><T37/><D118/><U61/><E135/><V105/><F100/><W115/><G130/><N who="0" m="50283" /><D30/><U13/><E114/><V79/><F38/><W41/><G115/><T4/><D95/><U75/><E27/><V17/><F40/><W20/><G121/><T123/><D123/><U92/><E7/><V98/><F105/><W65/><G54/><T67/><D87/><U45/><E45/><N who="2" m="28143" /><F107/><W47/><G47/><T21/><D21/><U93/><E93/><N who="2" m="56615" /><F19/><W16/><G29/><T52/><D67/><U78/><REACH who="1" step="1"/><E92/><REACH who="1" ten="330,55,315,290" step="2"/><V49/><F81/><W1/><G5/><T126/><D126/><U102/><E102/><V84/><F17/><W112/><G112/><T69/><D34/><U90/><E90/><V0/><F79/><W23/><G91/><T113/><D33/><U2/><E2/><V122/><F0/><W124/><G1/><T119/><D113/><U48/><E48/><V24/><F49/><W71/><G124/><T133/><D133/><U99/><E99/><V14/><F122/><W63/><G97/><T44/><D119/><U134/><E134/><V108/><F24/><W35/><G94/><T106/><D106/><U80/><E80/><V46/><F46/><W96/><G96/><T132/><D132/><U89/><E89/><V66/><F14/><W58/><G82/><T77/><D15/><U101/><E101/><V8/><F66/><W74/><G64/><T12/><D12/><RYUUKYOKU ba="0,1" sc="330,-10,55,30,315,-10,290,-10" hai1="13,18,25,31,32,60,61,75,78,83,109,110,111" /><INIT seed="5,1,1,1,4,29" ten="320,85,305,280" oya="1" hai0="10,52,108,102,37,5,54,82,119,88,59,58,124" hai1="60,46,96,117,116,53,31,16,79,91,12,18,99" hai2="114,89,50,15,55,73,14,47,74,105,94,84,21" hai3="2,133,78,27,0,40,98,86,132,128,43,87,3"/><U44/><E116/><V123/><F123/><W83/><G128/><T101/><D37/><U26/><E117/><V6/><F105/><W70/><G70/><T69/><D69/><U120/><E120/><V63/><F114/><W110/><G110/><T103/><D108/><U75/><E75/><V127/><F127/><W42/><G98/><N who="1" m="37418" /><E79/><V49/><F73/><W8/><G27/><T115/><D124/><U113/><E113/><V13/><F74/><W72/><REACH who="3" step="1"/><G8/><REACH who="3" ten="320,85,305,270" step="2"/><T24/><D24/><U93/><E31/><V129/><F129/><W1/><N who="3" m="0" /><DORA hai="35" /><W77/><G77/><T131/><D131/><U126/><E126/><V33/><F15/><W106/><G106/><T28/><D10/><N who="1" m="6167" /><E26/><V38/><F14/><W104/><G104/><T62/><D28/><U68/><E68/><V48/><F13/><W92/><G92/><T76/><D119/><U41/><E18/><V134/><F94/><W20/><G20/><T22/><D22/><U135/><E135/><AGARI ba="1,2" hai="40,42,43,72,78,83,86,87,132,133,135" m="0" machi="135" ten="70,12000,2" yaku="1,1,20,1,52,4,53,0" doraHai="29,35" doraHaiUra="56,71" who="3" fromWho="1" sc="320,0,85,-123,305,0,270,143" owari="320,12.0,-38,-54.0,305,-9.0,413,51.0" /></mjloggm>