<mjloggm ver="2.3"><GO type="169" lobby="0"/><UN n0="%E3%81%8F%E3%81%85%E3%81%A1%E3%82%83%E3%82%93%EF%BC%A0%50%45" n1="%E5%B0%B1%E6%B4%BB%E7%94%9F%40%E5%B7%9D%E6%9D%91%E8%BB%8D%E5%9B%A3" n2="%52%69%2D%4D%6F%2D" n3="%63%65%73%39" dan="16,16,19,17" rate="2079.09,2144.26,2295.32,2131.79" sx="M,M,M,M"/><TAIKYOKU oya="0"/><INIT seed="0,0,0,5,2,18" ten="250,250,250,250" oya="0" hai0="86,99,25,6,24,16,90,71,44,62,33,105,66" hai1="68,85,59,96,78,8,83,14,23,38,79,120,11" hai2="27,89,122,91,12,50,101,95,127,88,17,60,32" hai3="74,94,131,135,43,45,121,42,108,10,19,7,111"/><T129/><D129/><U48/><E68/><V51/><F122/><W118/><G118/><T49/><D6/><U1/><E38/><V126/><F60/><W56/><G131/><T31/><D105/><U21/><E120/><V39/><F39/><W72/><G121/><T103/><D103/><U29/><E1/><V64/><F64/><W4/><G135/><T109/><D109/><U82/><E96/><N who="2" m="59551" /><F32/><W40/><G45/><T124/><D124/><N who="2" m="47658" /><F27/><W110/><G94/><T115/><D99/><U75/><E29/><V70/><F70/><W134/><G134/><T97/><D97/><U106/><E106/><V67/><F67/><W58/><G19/><T47/><D115/><U102/><E102/><V9/><AGARI ba="0,0" hai="9,12,17,50,51,88,89,91" m="47658,59551" machi="9" ten="30,2000,0" yaku="18,1,54,1" doraHai="18" who="2" fromWho="2" sc="250,-10,250,-5,250,20,250,-5" /><INIT seed="1,0,0,4,2,90" ten="240,245,270,245" oya="1" hai0="2,102,57,26,8,45,86,40,99,19,12,46,94" hai1="1,135,82,112,7,106,105,69,22,71,109,98,115" hai2="35,58,113,48,108,15,68,88,11,96,43,114,52" hai3="120,20,101,72,104,34,73,127,59,107,13,65,83"/><U95/><E135/><V41/><F35/><W66/><G34/><T30/><D2/><U4/><E109/><V16/><F68/><W126/><G120/><T78/><D57/><U75/><E22/><V97/><F108/><W25/><G83/><T51/><D45/><U14/><E1/><V3/><F3/><W64/><G13/><T47/><D47/><U27/><E27/><V128/><F128/><W39/><G39/><T5/><D30/><U49/><E49/><V117/><F117/><W44/><G44/><T9/><D26/><U130/><E130/><V23/><F11/><W76/><G76/><T54/><D54/><U92/><E14/><V121/><F121/><W100/><G59/><T133/><D133/><U81/><E98/><N who="2" m="37995" /><F88/><W28/><G73/><AGARI ba="0,0" hai="4,7,69,71,73,75,81,82,92,95,105,106,112,115" machi="73" ten="25,9600,0" yaku="22,2,52,2" doraHai="90" who="1" fromWho="3" sc="240,0,245,96,270,0,245,-96" /><INIT seed="1,1,0,5,1,55" ten="240,341,270,149" oya="1" hai0="104,23,91,5,99,56,121,20,101,90,39,40,89" hai1="68,87,0,9,4,108,122,47,103,119,57,59,92" hai2="66,45,133,14,22,132,19,65,67,134,114,54,118" hai3="6,2,46,79,51,129,53,37,43,116,58,111,96"/><U33/><E68/><V70/><F118/><W130/><G111/><T100/><D121/><U63/><E119/><V27/><F114/><W88/><G116/><T61/><D5/><U107/><E122/><V62/><F54/><W106/><G79/><T109/><D109/><U41/><E33/><V94/><F45/><W81/><G106/><T97/><D40/><U105/><E108/><V3/><F3/><W50/><G37/><T38/><D38/><U117/><E117/><V60/><F70/><W52/><G43/><T30/><D39/><U49/><E63/><V115/><F115/><W13/><G2/><T124/><D124/><U78/><E78/><V36/><F36/><W77/><G77/><T34/><D34/><U110/><E110/><V74/><F74/><W128/><G81/><T123/><D123/><U73/><E73/><V131/><F131/><W71/><G71/><T29/><D29/><U120/><E120/><V95/><F27/><W21/><G21/><T83/><D83/><U44/><E44/><V8/><F22/><W1/><G1/><T85/><D85/><U82/><E82/><V7/><F7/><W135/><G135/><T25/><D23/><U15/><E0/><V64/><N who="2" m="16384" /><DORA hai="16" /><V69/><F69/><W80/><G80/><T112/><D112/><U127/><E127/><V31/><F31/><W11/><G96/><N who="0" m="36939" /><D104/><U17/><E4/><V35/><F35/><W42/><G42/><T18/><D30/><U10/><E103/><V98/><F94/><W113/><G113/><T75/><D75/><U24/><E105/><V32/><F32/><RYUUKYOKU ba="1,0" sc="240,10,341,-30,270,10,149,10" hai0="18,20,25,56,61,89,90,91,100,101" hai2="8,14,19,60,62,95,98,132,133,134" hai3="6,11,13,46,50,51,52,53,58,88,128,129,130" /><INIT seed="2,2,0,0,3,104" ten="250,311,280,159" oya="2" hai0="20,105,22,45,94,29,15,98,16,122,115,31,51" hai1="124,131,96,77,133,110,32,66,118,82,4,2,57" hai2="87,27,8,50,125,40,48,108,71,74,127,75,107" hai3="23,3,135,117,26,55,134,103,70,58,52,73,68"/><V76/><F107/><W121/><G3/><T43/><D115/><U36/><E36/><V28/><F71/><N who="3" m="27179" /><G103/><T72/><D122/><U120/><E118/><V95/><F108/><W90/><G90/><T1/><D1/><U130/><E32/><V60/><F60/><N who="3" m="35911" /><G55/><T18/><D105/><U54/><E66/><V129/><F8/><W56/><G56/><T38/><D72/><N who="2" m="27690" /><F40/><W46/><G73/><T37/><D31/><U69/><E110/><V85/><F129/><N who="1" m="49161" /><E69/><V47/><F47/><W99/><G46/><T42/><D42/><U10/><E120/><V5/><F5/><W128/><G121/><T39/><D29/><U64/><E64/><V59/><F59/><W91/><G117/><T44/><D44/><U112/><E112/><V9/><F9/><W25/><G23/><T102/><D37/><U101/><E57/><V100/><F100/><W53/><G53/><T21/><D22/><U7/><E54/><V61/><F61/><W86/><G86/><N who="2" m="32777" /><F95/><W93/><G93/><T0/><D0/><U24/><E4/><V97/><F97/><W41/><G99/><T81/><D81/><U114/><E96/><V84/><F84/><W111/><G128/><T67/><D67/><U49/><E101/><V14/><F14/><AGARI ba="2,0" hai="14,15,16,18,20,21,38,39,43,45,51,94,98,102" machi="14" ten="30,3900,0" yaku="7,1,9,1,54,1" doraHai="104" who="0" fromWho="2" sc="250,45,311,0,280,-45,159,0" /><INIT seed="3,0,0,2,5,16" ten="295,311,235,159" oya="3" hai0="70,106,121,118,22,96,38,111,0,11,54,91,44" hai1="25,18,131,134,8,128,80,43,45,58,57,129,93" hai2="89,73,133,127,40,12,66,7,104,87,95,110,112" hai3="135,94,48,81,34,39,97,98,85,115,28,49,130"/><W55/><G115/><T108/><D121/><U69/><E69/><V36/><F112/><W105/><G39/><T32/><D32/><U109/><E109/><V29/><F104/><W123/><G123/><T102/><D118/><U26/><E134/><V14/><F73/><W17/><G105/><T1/><D70/><U5/><E80/><V19/><F110/><N who="0" m="42026" /><D11/><U77/><E77/><V63/><F133/><W3/><G3/><T9/><D9/><U13/><E93/><V82/><F7/><W33/><G135/><T90/><D22/><N who="1" m="13527" /><E26/><V6/><F6/><W83/><G17/><T52/><D1/><U15/><E15/><V122/><F122/><W42/><G42/><N who="0" m="22615" /><D0/><U71/><E71/><V126/><F29/><W125/><G28/><T101/><D101/><U114/><E114/><V21/><F12/><W65/><G65/><T61/><D91/><U4/><E4/><V113/><F113/><W107/><G107/><T64/><D90/><U117/><E117/><V79/><F36/><AGARI ba="0,0" hai="5,8,13,36,43,45,57,58,128,129,131" m="13527" machi="36" ten="30,2000,0" yaku="19,1,52,1" doraHai="16" who="1" fromWho="2" sc="295,0,311,20,235,-20,159,0" /><INIT seed="4,0,0,1,4,90" ten="295,331,215,159" oya="0" hai0="29,3,115,80,109,10,31,81,16,6,121,86,82" hai1="15,24,52,56,69,119,21,125,27,51,95,34,38" hai2="13,105,110,7,87,134,116,32,108,117,5,68,130" hai3="19,48,131,102,11,96,103,41,84,59,97,55,71"/><T44/><D121/><U122/><E122/><V135/><F105/><W12/><G71/><T1/><D115/><U26/><E119/><N who="2" m="45643" /><F68/><W43/><G131/><T126/><D126/><U101/><E69/><V118/><F118/><W50/><G84/><T111/><D3/><U28/><E38/><V106/><F106/><W93/><REACH who="3" step="1"/><G50/><REACH who="3" ten="295,331,215,149" step="2"/><T17/><D86/><U8/><E125/><V42/><F130/><W89/><G89/><T100/><D100/><U128/><E128/><V54/><F87/><W62/><G62/><T57/><D111/><U65/><E34/><V132/><F32/><W47/><G47/><T72/><D109/><U35/><E35/><V64/><F108/><W99/><G99/><T129/><D129/><U20/><E28/><V30/><F110/><W73/><G73/><T23/><D72/><U63/><E63/><V74/><F74/><W88/><G88/><T91/><D91/><U124/><E124/><V107/><F30/><W61/><G61/><T83/><D31/><U25/><N who="1" m="6656" /><DORA hai="85" /><U127/><E127/><V113/><F132/><W60/><G60/><T120/><D29/><U22/><E65/><V66/><F135/><W2/><G2/><T78/><D120/><U104/><E101/><V4/><F134/><W98/><G98/><T45/><D1/><U112/><E112/><V92/><F113/><W18/><G18/><T49/><D17/><U76/><E51/><V94/><F64/><W79/><G79/><T133/><D49/><U37/><E76/><V77/><F66/><W0/><G0/><T123/><D78/><U70/><E70/><RYUUKYOKU ba="0,1" sc="295,-10,331,-10,215,-10,149,30" hai3="11,12,19,41,43,48,55,59,93,96,97,102,103" /><INIT seed="5,1,1,5,2,77" ten="285,321,205,179" oya="1" hai0="41,99,114,22,131,83,75,12,121,86,133,122,19" hai1="71,25,78,7,49,59,98,38,58,26,36,5,89" hai2="110,62,46,13,51,37,123,70,124,80,72,47,109" hai3="135,112,69,120,55,128,20,66,8,111,53,54,4"/><U93/><E71/><V1/><F13/><W91/><G111/><T11/><D75/><U27/><E78/><V118/><F1/><W97/><G120/><N who="0" m="46187" /><D114/><U105/><E105/><V132/><F123/><W45/><G112/><T57/><D131/><U76/><E76/><V108/><F80/><W21/><G135/><T113/><D113/><U126/><E126/><V42/><F72/><W130/><G45/><T129/><D129/><N who="3" m="49769" /><G66/><T92/><D41/><U2/><E2/><V95/><F132/><W60/><G60/><T102/><D57/><U81/><E81/><V68/><F95/><N who="3" m="56575" /><G69/><N who="2" m="26729" /><F124/><W104/><G104/><T16/><D133/><U24/><N who="1" m="6656" /><DORA hai="17" /><U18/><E18/><V103/><F103/><W6/><G6/><N who="0" m="3191" /><D22/><U35/><E35/><V100/><F100/><W64/><G64/><T115/><D115/><U39/><REACH who="1" step="1"/><E59/><REACH who="1" ten="285,311,205,179" step="2"/><V29/><F110/><W65/><G65/><T87/><D83/><U9/><E9/><V85/><F109/><W3/><AGARI ba="1,2" hai="3,4,8,20,21,53,54,55" m="56575,49769" machi="3" ten="30,4000,0" yaku="19,1,52,2" doraHai="77,17" who="3" fromWho="3" sc="285,-11,311,-21,205,-11,179,63" /><INIT seed="6,0,0,4,1,91" ten="274,290,194,242" oya="2" hai0="56,127,111,9,15,59,77,40,3,19,94,83,96" hai1="38,27,78,106,57,88,58,22,42,64,28,71,63" hai2="129,101,117,84,7,89,81,72,121,125,110,61,21" hai3="5,124,50,90,93,53,45,114,14,130,108,87,13"/><V70/><F121/><W126/><G108/><T1/><D111/><U112/><E106/><V131/><F110/><W17/><G130/><N who="2" m="49673" /><F117/><W92/><G114/><T60/><D40/><U47/><E112/><V118/><F118/><W62/><G62/><T134/><D127/><N who="3" m="48681" /><G5/><T0/><D134/><U116/><E116/><V103/><F125/><W86/><G17/><T6/><D6/><U115/><E115/><V46/><F7/><W26/><G26/><T98/><D98/><U128/><E128/><V105/><F105/><W33/><G33/><T68/><D68/><U67/><E67/><N who="2" m="41327" /><F21/><W85/><G90/><T122/><D60/><U54/><E78/><N who="2" m="44231" /><F46/><W36/><G36/><T4/><D4/><U55/><E71/><V51/><F51/><W80/><G80/><AGARI ba="0,0" hai="80,84,89,101,103" m="44231,41327,49673" machi="80" ten="30,1500,0" yaku="19,1" doraHai="91" who="2" fromWho="3" sc="274,0,290,0,194,15,242,-15" /><INIT seed="6,1,0,2,0,103" ten="274,290,209,227" oya="2" hai0="77,15,50,32,123,10,2,97,95,18,5,127,109" hai1="27,29,135,86,67,84,73,75,107,3,79,26,112" hai2="76,87,52,14,100,128,126,124,25,89,24,70,37" hai3="65,92,131,71,88,129,125,49,55,19,94,56,72"/><V36/><F70/><W23/><G72/><T61/><D123/><U82/><E107/><V4/><F76/><W54/><G125/><N who="2" m="48233" /><F128/><W11/><G11/><T42/><D32/><U16/><E3/><V21/><F100/><W104/><G94/><T99/><D109/><U115/><E135/><V68/><F68/><W6/><G6/><T74/><D127/><U51/><E67/><V47/><F4/><W113/><G104/><T98/><D74/><U117/><E117/><V116/><F14/><W20/><G20/><T78/><D61/><U114/><E75/><V38/><F116/><W130/><G71/><T66/><D66/><U85/><E29/><N who="2" m="17551" /><F25/><N who="3" m="14591" /><G113/><T108/><D108/><U132/><E132/><V33/><F33/><W133/><G133/><T121/><D121/><U58/><E16/><V7/><F7/><W60/><G49/><T1/><D1/><U119/><E119/><V90/><F87/><AGARI ba="1,0" hai="54,55,56,60,65,87,88,92,129,130,131" m="14591" machi="87" ten="30,2000,0" yaku="19,1,54,1" doraHai="103" who="3" fromWho="2" sc="274,0,290,0,209,-23,227,23" /><INIT seed="7,0,0,0,0,79" ten="274,290,186,250" oya="3" hai0="119,44,70,104,30,50,62,124,91,23,0,96,2" hai1="121,19,58,105,80,134,66,88,56,116,53,93,45" hai2="43,17,63,37,82,42,117,8,40,118,69,14,109" hai3="125,107,38,12,127,81,126,61,83,54,46,15,3"/><W132/><G3/><T9/><D119/><U73/><E105/><V55/><F109/><W133/><G107/><T27/><D124/><U10/><E121/><V94/><F37/><W108/><G108/><T110/><D110/><U113/><E113/><V67/><F94/><W7/><G61/><T60/><D60/><N who="1" m="38151" /><E73/><V33/><F33/><W28/><G28/><T31/><D31/><U1/><E1/><V57/><REACH who="2" step="1"/><F82/><REACH who="2" ten="274,290,176,250" step="2"/><N who="3" m="31243" /><G38/><T34/><D34/><U47/><E80/><V100/><F100/><W106/><G106/><T90/><D104/><U65/><E116/><V131/><F131/><W102/><G102/><T99/><D70/><U6/><E134/><N who="3" m="51818" /><G7/><T48/><D0/><U16/><E6/><V64/><F64/><W71/><G71/><T114/><D2/><U18/><E65/><V76/><F76/><W68/><G68/><T72/><D114/><U84/><E10/><V51/><AGARI ba="0,1" hai="8,14,17,40,42,43,51,55,57,63,67,69,117,118" machi="51" ten="30,2000,0" yaku="1,1,0,1,53,0" doraHai="79" doraHaiUra="35" who="2" fromWho="2" sc="274,-5,290,-5,176,30,250,-10" /><INIT seed="8,0,0,2,3,67" ten="269,285,206,240" oya="0" hai0="76,125,126,45,84,10,2,121,69,106,117,21,22" hai1="15,97,133,63,32,56,46,99,105,24,75,1,73" hai2="38,39,23,116,108,92,43,68,110,3,82,88,14" hai3="70,132,36,27,29,79,109,20,101,26,7,62,91"/><T130/><D121/><U93/><E1/><V111/><F3/><W118/><G109/><T41/><D117/><U87/><E133/><V48/><F116/><W64/><G118/><T37/><D106/><U129/><E129/><V114/><F114/><W107/><G132/><T19/><D130/><U4/><E46/><V90/><F82/><W18/><G36/><T98/><D98/><U124/><E124/><N who="0" m="47721" /><D22/><U104/><E87/><V52/><F43/><W0/><G79/><T49/><D76/><U53/><E104/><V78/><F78/><W40/><G40/><T54/><D84/><U61/><E61/><V72/><F72/><W94/><G7/><N who="0" m="1399" /><D69/><U50/><E105/><V6/><F68/><W33/><G0/><T80/><D80/><U60/><E99/><V11/><F23/><W55/><G55/><T58/><D21/><U122/><E122/><V65/><F65/><W112/><G112/><T35/><D19/><U95/><E95/><V8/><F8/><W57/><G107/><T102/><D35/><U128/><E128/><V25/><F25/><W103/><REACH who="3" step="1"/><G57/><REACH who="3" ten="269,285,206,230" step="2"/><N who="0" m="32975" /><D102/><U12/><E73/><V47/><REACH who="2" step="1"/><F90/><REACH who="2" ten="269,285,196,230" step="2"/><W77/><G77/><T66/><D66/><U34/><E75/><V127/><F127/><W85/><AGARI ba="0,2" hai="18,20,26,27,29,33,62,64,70,85,91,94,101,103" machi="85" ten="20,12000,2" yaku="1,1,0,1,7,1,52,1,53,2" doraHai="67" doraHaiUra="96" who="3" fromWho="3" sc="269,-60,285,-30,196,-30,230,140" owari="209,-19.0,255,6.0,166,-33.0,370,46.0" /></mjloggm>