<mjloggm ver="2.3"><GO type="169" lobby="0"/><UN n0="%E3%83%AA%E3%82%B5%E3%81%95%E3%81%BE" n1="%E2%98%86%E3%82%AB%E3%83%AA%E3%83%A1%E3%83%AD%E2%98%86" n2="%E3%83%94%E3%83%BC%E3%83%81%E3%83%BB%E3%83%9E%E3%82%AD" n3="%E5%B0%B1%E6%B4%BB%E7%94%9F%40%E5%B7%9D%E6%9D%91%E8%BB%8D%E5%9B%A3" dan="16,16,16,17" rate="2056.46,2001.91,2108.09,2263.34" sx="F,M,F,M"/><TAIKYOKU oya="0"/><INIT seed="0,0,0,2,4,41" ten="250,250,250,250" oya="0" hai0="42,132,58,108,2,53,24,134,61,84,105,59,128" hai1="47,106,10,75,33,122,104,3,51,55,102,93,117" hai2="57,86,126,4,16,98,65,111,21,95,119,131,35" hai3="99,94,28,8,72,14,133,54,123,70,12,6,26"/><T22/><D2/><U44/><E117/><V76/><F35/><W50/><G72/><T62/><D105/><U67/><E75/><V89/><F119/><W63/><G133/><T82/><D128/><U109/><E33/><V127/><F131/><W103/><G123/><T27/><D108/><U17/><E122/><V64/><F4/><W90/><G14/><T23/><D42/><U19/><E67/><V11/><F11/><W40/><G40/><T110/><D110/><U29/><E29/><V113/><F113/><W107/><G63/><T34/><D34/><U36/><E109/><V91/><F76/><W68/><G26/><N who="0" m="9771" /><D134/><U83/><E36/><V125/><F57/><W96/><REACH who="3" step="1"/><G28/><REACH who="3" ten="250,250,250,240" step="2"/><T115/><D132/><U116/><E116/><V121/><F121/><W71/><G71/><T39/><D115/><U100/><E3/><V118/><F111/><W49/><G49/><T9/><D39/><U66/><E51/><V30/><F30/><W85/><G85/><T7/><D84/><U13/><E13/><N who="2" m="9359" /><F118/><W87/><G87/><T60/><D62/><U120/><E120/><V81/><AGARI ba="0,1" hai="64,65,81,86,89,91,95,98,125,126,127" m="9359" machi="81" ten="30,2000,0" yaku="18,1,54,1" doraHai="41" who="2" fromWho="2" sc="250,-10,250,-5,250,30,240,-5" /><INIT seed="1,0,0,0,3,129" ten="240,245,280,235" oya="1" hai0="32,91,39,126,114,89,18,2,95,0,111,119,71" hai1="134,105,45,108,1,50,78,87,26,14,70,46,84" hai2="40,104,5,24,96,65,121,98,10,118,41,25,51" hai3="21,124,132,135,16,74,127,123,36,27,69,102,30"/><U58/><E1/><V77/><F118/><W99/><G74/><T125/><D111/><U131/><E131/><V79/><F65/><W93/><G123/><T116/><D18/><U90/><E70/><V62/><F62/><W42/><G69/><T64/><D71/><U92/><E105/><V8/><F51/><W63/><G63/><T48/><D64/><U85/><E108/><V15/><F104/><W100/><G100/><T55/><D48/><U68/><E68/><V6/><REACH who="2" step="1"/><F15/><REACH who="2" ten="240,245,270,235" step="2"/><N who="3" m="9375" /><G36/><T37/><D39/><U122/><E14/><V75/><F75/><W49/><G49/><T56/><D37/><U101/><E50/><V107/><F107/><W82/><G42/><T110/><D2/><U67/><E67/><V120/><AGARI ba="0,1" hai="5,6,8,10,24,25,40,41,77,79,96,98,120,121" machi="120" ten="25,6400,0" yaku="1,1,0,1,22,2,53,0" doraHai="129" doraHaiUra="59" who="2" fromWho="2" sc="240,-16,245,-32,270,74,235,-16" /><INIT seed="2,0,0,3,4,119" ten="224,213,344,219" oya="2" hai0="47,103,57,77,40,75,81,37,86,58,12,18,27" hai1="24,36,89,15,66,20,107,126,45,128,71,41,88" hai2="116,98,23,11,133,84,4,26,25,62,91,87,35" hai3="13,8,93,117,19,113,16,21,17,38,0,109,56"/><V63/><F116/><W28/><G38/><T80/><D103/><U124/><E107/><V104/><F133/><W78/><G117/><T122/><D27/><U79/><E128/><V131/><F131/><W64/><G109/><T34/><D34/><U68/><E79/><V111/><F111/><W135/><G135/><T82/><D82/><U22/><E15/><V83/><F35/><W39/><G39/><T50/><D37/><U44/><E44/><V127/><F127/><N who="1" m="48681" /><E20/><V30/><F26/><N who="3" m="16463" /><G0/><T70/><D70/><N who="1" m="26667" /><E66/><V65/><F65/><W43/><G43/><T102/><D102/><U95/><E95/><V33/><F33/><W85/><G113/><T61/><D57/><U53/><E53/><V74/><F74/><W60/><G78/><T99/><D80/><U59/><E59/><V118/><F118/><W101/><G85/><T132/><D75/><U2/><E2/><V108/><F87/><W96/><AGARI ba="0,0" hai="8,13,16,17,19,56,60,64,93,96,101" m="16463" machi="96" ten="30,4000,0" yaku="25,1,8,1,54,1" doraHai="119" who="3" fromWho="3" sc="224,-10,213,-10,344,-20,219,40" /><INIT seed="3,0,0,3,0,75" ten="214,203,324,259" oya="3" hai0="88,135,11,15,110,47,79,69,27,92,45,91,89" hai1="60,43,109,67,30,68,104,13,1,44,5,127,33" hai2="70,108,93,48,95,117,24,96,64,6,26,82,106" hai3="53,81,9,99,86,41,61,132,97,17,0,133,58"/><W114/><G114/><T57/><D110/><U66/><E109/><V22/><F108/><W124/><G124/><T80/><D135/><U102/><E127/><V130/><F6/><W19/><G41/><T119/><D119/><U62/><E13/><V46/><F106/><W16/><G0/><T12/><D69/><U20/><E20/><V98/><F130/><W31/><G31/><T120/><D120/><U118/><E118/><V90/><F82/><W107/><G9/><T23/><D92/><U51/><E5/><V35/><F35/><W103/><REACH who="3" step="1"/><G97/><REACH who="3" ten="214,203,324,249" step="2"/><T105/><D105/><U94/><E104/><V65/><F117/><W4/><G4/><N who="0" m="3175" /><D15/><U84/><E1/><V115/><F115/><W76/><AGARI ba="0,1" hai="16,17,19,53,58,61,76,81,86,99,103,107,132,133" machi="76" ten="30,11700,0" yaku="1,1,0,1,52,1,54,1,53,0" doraHai="75" doraHaiUra="36" who="3" fromWho="3" sc="214,-39,203,-39,324,-39,249,127" /><INIT seed="3,1,0,5,5,114" ten="175,164,285,376" oya="3" hai0="68,20,42,104,30,39,4,107,119,100,74,79,133" hai1="95,117,61,121,78,103,93,6,126,102,120,88,52" hai2="5,127,113,130,106,89,53,112,25,87,14,31,101" hai3="76,108,59,109,98,131,63,33,22,32,49,82,34"/><W12/><G131/><T115/><D20/><U24/><E126/><V8/><F130/><W55/><G98/><N who="0" m="61463" /><D30/><U70/><E78/><V66/><F127/><W69/><G69/><T15/><D15/><U18/><E6/><V90/><F66/><W86/><G63/><T58/><D58/><U77/><E77/><V19/><F53/><W122/><G122/><T116/><D4/><U129/><E129/><V50/><F50/><W65/><G65/><T67/><D115/><U36/><E36/><V83/><F5/><W135/><G135/><T41/><D41/><U38/><E38/><V60/><F60/><W64/><G64/><T99/><D133/><U7/><E7/><V94/><F106/><W44/><G59/><T21/><D21/><U16/><E70/><V3/><F101/><W48/><G48/><T128/><D128/><U37/><E37/><V46/><F46/><W54/><G54/><T80/><D99/><U62/><E24/><V84/><F3/><W123/><G123/><T17/><D17/><U132/><E132/><V56/><F56/><W1/><G1/><T124/><D124/><U35/><E52/><V23/><AGARI ba="1,0" hai="8,14,19,23,25,31,83,84,87,89,90,94,112,113" machi="23" ten="20,1500,0" yaku="0,1,7,1" doraHai="114" who="2" fromWho="2" sc="175,-5,164,-5,285,18,376,-8" /><INIT seed="4,0,0,3,2,79" ten="170,159,303,368" oya="0" hai0="56,10,34,58,8,23,72,85,65,22,17,1,51" hai1="87,100,39,0,116,27,49,107,121,42,70,14,80" hai2="16,92,93,120,134,20,36,9,126,89,90,62,104" hai3="61,76,50,46,68,25,45,112,47,95,86,6,2"/><T113/><D113/><U41/><E121/><V31/><F104/><W26/><G112/><T7/><D72/><U59/><E116/><V30/><F36/><W97/><G2/><T78/><D34/><U135/><E0/><V69/><F120/><W67/><G6/><T13/><D65/><U99/><E70/><V77/><F77/><W12/><G12/><T54/><REACH who="0" step="1"/><D58/><REACH who="0" ten="160,159,303,368" step="2"/><U115/><E115/><V106/><F69/><W96/><G68/><T91/><D91/><U128/><E59/><V127/><F90/><W129/><G67/><T110/><D110/><U53/><E128/><V28/><F89/><W83/><G129/><T117/><D117/><U18/><E135/><V24/><F134/><W82/><G47/><T119/><D119/><U123/><E123/><V32/><F32/><W66/><G45/><T101/><D101/><U71/><E71/><V19/><F127/><W48/><G66/><T131/><D131/><U132/><E132/><V84/><F126/><W37/><G46/><T40/><D40/><U133/><E133/><V4/><F30/><W52/><G52/><T11/><D11/><U108/><E108/><V55/><F31/><W64/><G64/><T74/><D74/><U94/><E41/><V81/><F28/><W130/><G130/><T98/><D98/><U124/><E124/><V105/><F9/><W102/><G96/><T5/><D5/><U109/><E109/><V35/><F4/><W60/><G97/><T88/><D88/><U111/><E111/><V29/><F29/><W114/><G114/><T73/><D73/><U15/><E42/><RYUUKYOKU ba="0,1" sc="160,30,159,-10,303,-10,368,-10" hai0="1,7,8,10,13,17,22,23,51,54,56,78,85" /><INIT seed="4,1,1,0,4,102" ten="190,149,293,358" oya="0" hai0="57,100,67,132,24,113,0,101,4,31,69,64,89" hai1="62,120,29,128,51,7,2,121,105,42,97,56,37" hai2="6,40,71,30,43,5,68,54,83,8,76,47,65" hai3="28,19,110,90,66,35,125,130,55,13,61,106,12"/><T32/><D69/><U18/><E128/><V46/><F30/><W115/><G106/><T108/><D4/><U114/><E29/><V3/><F54/><W122/><G110/><T52/><D0/><U107/><E37/><V59/><F59/><W104/><G104/><T93/><D113/><U75/><E75/><V85/><F6/><W131/><G115/><T53/><D53/><U25/><E114/><V99/><F99/><W84/><G125/><T33/><D33/><U49/><E2/><V129/><F65/><W78/><G78/><T38/><D38/><U74/><E74/><V95/><F95/><N who="3" m="54727" /><G55/><T96/><D132/><U82/><E7/><V103/><F103/><W60/><G122/><T10/><D10/><U72/><E72/><V116/><F116/><W73/><G73/><T119/><D119/><U15/><E25/><V16/><F129/><N who="3" m="49163" /><G19/><T70/><D108/><U86/><E120/><V14/><F16/><W98/><G98/><T21/><D32/><U79/><E97/><V50/><REACH who="2" step="1"/><F3/><REACH who="2" ten="190,149,283,358" step="2"/><W63/><G66/><N who="0" m="25131" /><D70/><U94/><E121/><V34/><F34/><W44/><G44/><T109/><D109/><U87/><E42/><V118/><F118/><W48/><G35/><T20/><D21/><U26/><E56/><V111/><F111/><W126/><G126/><T23/><D20/><U80/><E18/><V133/><F133/><W117/><G117/><T41/><D41/><U88/><E26/><V1/><F1/><W127/><G127/><T45/><D45/><U9/><E9/><V17/><F17/><W27/><G28/><T58/><D58/><RYUUKYOKU ba="1,2" sc="190,15,149,-15,283,15,358,-15" hai0="23,24,31,52,57,89,93,96,100,101" hai2="5,8,14,40,43,46,47,50,68,71,76,83,85" /><INIT seed="4,2,2,5,2,120" ten="205,134,298,343" oya="0" hai0="34,45,33,88,12,86,77,37,87,18,47,91,119" hai1="92,58,50,38,104,25,81,78,13,64,70,128,113" hai2="105,109,36,23,5,103,95,112,31,79,101,8,22" hai3="73,28,131,94,118,2,80,124,126,134,52,98,4"/><T135/><D119/><U85/><E104/><V123/><F36/><W9/><G118/><T0/><D0/><U117/><E117/><V99/><F123/><W21/><G131/><T30/><D135/><U15/><E38/><V29/><F109/><W114/><G114/><T48/><D77/><U42/><E128/><V41/><F41/><W106/><G106/><T83/><D37/><U74/><E113/><V20/><F112/><W76/><G134/><T3/><D3/><U67/><E70/><V89/><F79/><W40/><G40/><T59/><D59/><U102/><E25/><V69/><F69/><W1/><G1/><T82/><D30/><N who="2" m="11274" /><F105/><W35/><G35/><T97/><D97/><N who="1" m="59687" /><E74/><V7/><F8/><W110/><G110/><T14/><REACH who="0" step="1"/><D18/><REACH who="0" ten="195,134,298,343" step="2"/><U61/><E67/><V16/><F16/><W133/><G133/><T60/><D60/><U44/><AGARI ba="2,3" hai="13,15,42,44,50,58,61,64,78,81,85" m="59687" machi="44" ten="30,1100,0" yaku="8,1" doraHai="120" who="1" fromWho="1" sc="195,-7,134,47,298,-5,343,-5" /><INIT seed="5,0,0,5,1,74" ten="188,181,293,338" oya="1" hai0="8,131,67,106,16,132,121,2,90,125,11,27,95" hai1="22,72,63,7,53,57,13,96,61,28,110,48,55" hai2="122,69,44,81,101,126,105,124,115,21,31,52,128" hai3="14,83,111,77,29,82,56,58,62,76,30,135,114"/><U104/><E110/><V129/><F69/><W32/><G111/><T117/><D117/><U49/><E72/><V1/><F1/><W37/><G37/><T71/><D106/><U10/><E104/><V133/><F122/><W87/><G32/><T25/><D121/><U6/><E6/><V39/><F105/><W66/><G135/><T98/><D132/><U38/><E38/><V109/><F101/><W19/><G114/><T43/><D43/><U116/><E116/><V3/><F3/><W64/><G58/><T123/><D123/><U100/><E100/><V79/><F109/><W85/><G66/><T35/><D131/><N who="2" m="50250" /><F115/><W84/><G84/><T134/><D134/><U130/><E130/><V9/><F9/><AGARI ba="0,0" hai="9,14,19,29,30,56,62,64,76,77,82,83,85,87" machi="9" ten="30,8000,1" yaku="7,1,9,1,8,1,52,2" doraHai="74" who="3" fromWho="2" sc="188,0,181,0,293,-80,338,80" /><INIT seed="6,0,0,2,1,41" ten="188,181,213,418" oya="2" hai0="94,38,2,90,1,68,78,70,119,19,130,124,66" hai1="30,131,79,105,102,71,91,110,21,16,121,82,54" hai2="126,73,108,46,29,24,77,55,22,47,132,43,76" hai3="114,101,72,53,116,123,49,36,106,127,92,67,98"/><V7/><F108/><W4/><G36/><T104/><D104/><U65/><E110/><V34/><F132/><W6/><G72/><T95/><D38/><U125/><E121/><V113/><F113/><W133/><G116/><T57/><D78/><N who="2" m="30314" /><F73/><W120/><G106/><T35/><D35/><U115/><E115/><V26/><F34/><W15/><G114/><T32/><D32/><U48/><E105/><V100/><F43/><W75/><G75/><T56/><D130/><U58/><E131/><V28/><F7/><W44/><G133/><T96/><D124/><U33/><E125/><V37/><F37/><W14/><G127/><T9/><D119/><U12/><E102/><V31/><F126/><W62/><G6/><T10/><D66/><U134/><E134/><V83/><F100/><W84/><G84/><T111/><D96/><U63/><E33/><V51/><F83/><W25/><G25/><N who="2" m="9833" /><F22/><W85/><G4/><T50/><D111/><U89/><REACH who="1" step="1"/><E30/><REACH who="1" ten="188,171,213,418" step="2"/><V52/><F55/><W86/><G120/><T87/><D2/><U128/><E128/><V107/><F107/><W20/><G123/><T23/><D1/><U0/><E0/><V13/><F13/><W88/><G15/><T117/><D117/><U27/><E27/><V3/><F3/><W18/><G101/><T129/><D129/><U11/><E11/><V40/><F40/><W99/><G14/><T135/><D10/><U109/><E109/><V93/><F29/><W45/><G53/><T60/><D9/><U39/><E39/><V64/><F28/><W122/><G122/><T17/><D135/><RYUUKYOKU ba="0,1" sc="188,-10,171,30,213,-10,418,-10" hai1="12,16,21,48,54,58,63,65,71,79,82,89,91" /><INIT seed="7,1,1,4,1,127" ten="178,201,203,408" oya="3" hai0="48,32,92,107,86,57,117,108,17,9,62,118,95" hai1="33,59,43,54,29,66,24,15,97,28,21,71,119" hai2="134,104,13,109,23,100,67,10,88,121,55,74,129" hai3="63,73,130,37,83,58,65,41,45,122,61,72,90"/><W96/><G130/><T11/><D108/><U69/><E119/><V2/><F67/><W19/><G122/><T53/><D107/><U125/><E125/><V7/><F74/><W115/><G115/><T60/><D32/><U91/><E43/><V111/><F121/><W132/><G132/><T98/><D117/><U84/><E97/><V4/><F129/><W46/><G46/><N who="0" m="27799" /><D118/><U80/><E66/><V30/><F100/><W31/><G31/><T81/><D60/><U101/><E101/><V77/><F30/><W3/><G96/><T34/><D34/><U89/><E89/><V16/><F88/><W64/><G90/><N who="0" m="51535" /><D17/><U112/><E112/><V82/><F16/><W113/><G83/><T20/><D20/><U39/><E39/><V103/><F82/><W110/><G45/><T49/><D49/><U102/><E102/><V47/><F103/><W22/><G113/><T135/><D135/><U94/><E80/><V42/><F134/><W124/><G41/><T8/><D98/><U78/><E78/><V36/><F77/><W87/><G87/><T40/><D40/><U85/><E85/><V70/><F42/><W38/><G65/><AGARI ba="1,1" hai="8,9,11,57,62,65,92,95" m="51535,27799" machi="65" ten="30,1000,0" yaku="8,1" doraHai="127" who="0" fromWho="3" sc="178,23,201,0,203,0,408,-13" owari="201,-20.0,201,-30.0,203,0.0,395,50.0" /></mjloggm>