<mjloggm ver="2.3"><GO type="169" lobby="0"/><UN n0="%E5%B2%A9%E7%9F%B3%E3%82%AA%E3%83%BC%E3%83%97%E3%83%B3" n1="%E5%B0%B1%E6%B4%BB%E7%94%9F%40%E5%B7%9D%E6%9D%91%E8%BB%8D%E5%9B%A3" n2="%E4%B8%96%E7%95%8C%E3%81%AE%E9%9D%92%E6%9C%A8" n3="%44%6F%72%61%6B%6F" dan="16,18,16,16" rate="2121.76,2208.62,2065.44,2114.16" sx="M,M,M,M"/><TAIKYOKU oya="0"/><INIT seed="0,0,0,5,5,68" ten="250,250,250,250" oya="0" hai0="19,8,89,98,85,126,40,110,108,93,5,13,130" hai1="51,59,91,65,61,87,1,29,41,100,18,134,88" hai2="113,124,131,2,4,46,21,95,16,34,43,135,17" hai3="105,118,20,96,52,114,74,99,133,36,77,123,22"/><T104/><D130/><U117/><E117/><V24/><F113/><W33/><G114/><T72/><D72/><U103/><E134/><V35/><F124/><W26/><G118/><T32/><D32/><U115/><E115/><V56/><F135/><W23/><G133/><T86/><D126/><U80/><E1/><V48/><F131/><W101/><G123/><T7/><D40/><U30/><E18/><V102/><F17/><W50/><G96/><T127/><D127/><U120/><E120/><V70/><F70/><W55/><G36/><T75/><D75/><U121/><E121/><V9/><F102/><N who="1" m="38953" /><E91/><V25/><F25/><W62/><G62/><T15/><D104/><U109/><E109/><N who="0" m="42089" /><D5/><U122/><E122/><V47/><F95/><W106/><G106/><T54/><D54/><U81/><E81/><V125/><F56/><W53/><G77/><T64/><D64/><U82/><E82/><V11/><F125/><W79/><G79/><T60/><D60/><U94/><E80/><V69/><F69/><W132/><G132/><T3/><D3/><U116/><E116/><V63/><F63/><W97/><G74/><T28/><D28/><U90/><E90/><V73/><BYE who="1" /><F73/><UN n1="%E5%B0%B1%E6%B4%BB%E7%94%9F%40%E5%B7%9D%E6%9D%91%E8%BB%8D%E5%9B%A3" /><W78/><G78/><T84/><D84/><U111/><E111/><V42/><REACH who="2" step="1"/><F11/><AGARI ba="0,0" hai="7,8,11,13,15,19,85,86,89,93,98" m="42089" machi="11" ten="30,2900,0" yaku="14,1,10,1" doraHai="68" who="0" fromWho="2" sc="250,29,250,0,250,-29,250,0" /><INIT seed="0,1,0,0,2,96" ten="279,250,221,250" oya="0" hai0="3,48,104,93,119,26,29,95,107,35,91,51,58" hai1="52,130,135,77,83,20,18,74,46,34,102,128,89" hai2="54,59,115,14,13,7,70,40,114,45,113,75,21" hai3="43,50,36,86,97,6,105,117,5,62,134,47,80"/><T9/><D119/><U100/><E34/><V22/><F70/><W15/><G117/><T30/><D30/><U116/><E116/><V57/><F75/><W49/><G134/><T67/><D95/><U24/><E89/><V31/><F59/><W76/><G62/><T111/><D111/><U98/><E135/><V79/><F79/><W123/><G123/><T132/><D132/><U73/><E73/><V32/><F32/><W17/><G49/><T84/><D51/><N who="1" m="28791" /><E98/><V118/><F118/><W94/><G105/><T61/><REACH who="0" step="1"/><D48/><REACH who="0" ten="269,250,221,250" step="2"/><U126/><E126/><V68/><F31/><W106/><G106/><T99/><D99/><U25/><E25/><V87/><F115/><W0/><G36/><T71/><D71/><U28/><E28/><V120/><F114/><W131/><G131/><AGARI ba="1,1" hai="18,20,24,74,77,83,100,102,128,130,131" m="28791" machi="131" ten="30,7700,0" yaku="19,1,52,2,54,1" doraHai="96" who="1" fromWho="3" sc="269,0,250,90,221,0,250,-80" /><INIT seed="1,0,0,3,3,104" ten="269,340,221,170" oya="1" hai0="124,22,101,89,49,2,57,100,80,67,119,48,111" hai1="28,4,42,58,76,73,113,59,43,34,103,123,83" hai2="92,107,86,20,35,82,109,91,52,36,1,0,8" hai3="11,6,126,130,98,33,37,17,134,75,27,31,25"/><U55/><E123/><V112/><F35/><W47/><G126/><T95/><D124/><U97/><E113/><V127/><F107/><W38/><G134/><T65/><D119/><U61/><E4/><V93/><F36/><W63/><G130/><T40/><D2/><U60/><E28/><V24/><F127/><W68/><G98/><T105/><D105/><U32/><E43/><V116/><F116/><W64/><G27/><T16/><D80/><U69/><E69/><V56/><F109/><W18/><G18/><T96/><D111/><U3/><E42/><V132/><F132/><W125/><G17/><T108/><D108/><U62/><E3/><V131/><F131/><W133/><G133/><T14/><D40/><U74/><E74/><V26/><F26/><W118/><G118/><T99/><D99/><U94/><REACH who="1" step="1"/><E60/><REACH who="1" ten="269,330,221,170" step="2"/><V135/><F135/><W71/><G125/><T30/><D30/><U114/><E114/><V45/><F0/><N who="3" m="455" /><G71/><T39/><D39/><N who="3" m="14857" /><G47/><T77/><D49/><U87/><E87/><V44/><F112/><W72/><AGARI ba="0,1" hai="25,31,33,63,64,68,72,75" m="14857,455" machi="72" ten="30,7900,0" yaku="33,2,52,2" doraHai="104" who="3" fromWho="3" sc="269,-20,330,-39,221,-20,170,89" /><INIT seed="2,0,0,2,4,63" ten="249,291,201,259" oya="2" hai0="20,39,94,19,32,103,49,40,25,37,51,26,69" hai1="122,1,92,11,61,114,17,10,120,97,43,46,72" hai2="9,83,80,22,82,24,102,85,79,125,99,13,0" hai3="108,123,134,2,45,34,76,124,98,67,35,119,77"/><V93/><F0/><W95/><G119/><T44/><D37/><U130/><E114/><V74/><F125/><W5/><G123/><N who="1" m="47146" /><E72/><V41/><F41/><W36/><G108/><T38/><D38/><N who="1" m="21879" /><E130/><V29/><REACH who="2" step="1"/><F74/><REACH who="2" ten="249,291,191,259" step="2"/><W127/><G127/><T78/><D40/><U89/><E1/><V14/><F14/><W66/><G124/><T52/><D26/><U104/><E104/><V31/><F31/><W106/><G106/><T30/><D25/><U88/><E17/><AGARI ba="0,1" hai="9,13,17,22,24,29,79,80,82,83,85,93,99,102" machi="17" ten="30,11600,0" yaku="1,1,7,1,8,1,53,1" doraHai="63" doraHaiUra="12" who="2" fromWho="1" sc="249,0,291,-116,191,126,259,0" /><INIT seed="2,1,0,2,1,53" ten="249,175,317,259" oya="2" hai0="30,123,54,105,74,101,75,58,23,38,22,120,40" hai1="15,37,48,1,28,8,113,79,6,93,2,47,5" hai2="129,99,19,13,122,62,31,60,18,21,66,110,97" hai3="92,86,90,39,131,76,127,104,88,63,82,87,7"/><V56/><F122/><W111/><G39/><T10/><D40/><U36/><E113/><V50/><F129/><W64/><G131/><T55/><D38/><U78/><E28/><V121/><F121/><W124/><G7/><T109/><D101/><U135/><E135/><V46/><F110/><W118/><G118/><T89/><D105/><U100/><E37/><V114/><F114/><W52/><G111/><T61/><D109/><U91/><E36/><V80/><F31/><W16/><G104/><T106/><D106/><U67/><E67/><V125/><F125/><N who="3" m="48203" /><G16/><T27/><D10/><U11/><E100/><V41/><F80/><W9/><G9/><T133/><D133/><U26/><E26/><V83/><F83/><W35/><G35/><T59/><D22/><U70/><E70/><V43/><F43/><W17/><G17/><T51/><D123/><U29/><E29/><V71/><REACH who="2" step="1"/><F19/><REACH who="2" ten="249,175,307,259" step="2"/><W102/><G82/><T108/><D120/><U77/><E15/><V115/><F115/><W132/><G132/><T95/><REACH who="0" step="1"/><D108/><REACH who="0" ten="239,175,307,259" step="2"/><U117/><E117/><V24/><F24/><W25/><G25/><T49/><D49/><U72/><E72/><V128/><F128/><W44/><G76/><T33/><D33/><U20/><E20/><V126/><F126/><W103/><G103/><T42/><D42/><U57/><E78/><V12/><F12/><W112/><G102/><T84/><AGARI ba="1,2" hai="23,27,30,51,54,55,58,59,61,74,75,84,89,95" machi="84" ten="20,8000,1" yaku="1,1,0,1,7,1,52,2,53,0" doraHai="53" doraHaiUra="32" who="0" fromWho="0" sc="239,103,175,-21,307,-41,259,-21" /><INIT seed="3,0,0,1,3,23" ten="342,154,266,238" oya="3" hai0="112,66,129,79,29,44,45,128,4,130,55,113,64" hai1="108,3,106,74,38,59,90,53,133,103,31,24,8" hai2="114,125,63,121,117,42,97,46,16,99,86,36,126" hai3="119,69,51,92,57,21,52,48,102,109,105,43,122"/><W65/><G105/><T62/><D4/><U72/><E38/><V28/><F117/><W26/><G119/><T10/><D10/><U33/><E108/><V1/><F114/><N who="0" m="44138" /><D29/><U18/><E133/><V83/><F1/><W61/><G109/><T34/><D34/><U88/><E106/><V2/><F2/><W35/><G35/><T123/><D123/><U14/><E103/><V131/><F131/><W75/><G75/><T22/><D22/><U85/><E90/><V93/><F63/><W68/><G122/><T134/><D79/><U50/><REACH who="1" step="1"/><E3/><REACH who="1" ten="342,144,266,238" step="2"/><V27/><F121/><W81/><G102/><T58/><D134/><U47/><E47/><AGARI ba="0,1" hai="44,45,47,55,58,62,64,66,128,129,130" m="44138" machi="47" ten="40,8000,1" yaku="19,1,11,1,34,2" doraHai="23" who="0" fromWho="1" sc="342,90,144,-80,266,0,238,0" /><INIT seed="4,0,0,2,5,33" ten="432,64,266,238" oya="0" hai0="59,61,71,39,47,72,42,84,1,100,103,77,76" hai1="91,89,21,92,32,63,68,122,40,106,118,82,79" hai2="131,101,51,58,86,99,83,19,55,2,43,25,41" hai3="26,67,116,12,24,112,80,45,31,56,16,48,70"/><T105/><D84/><U17/><E32/><V97/><F2/><W127/><G116/><T88/><D88/><U54/><E106/><V114/><F114/><W90/><G127/><T20/><D77/><U117/><E122/><V124/><F131/><W64/><G112/><T107/><D20/><U134/><E134/><V49/><F124/><W46/><G70/><T93/><D93/><U66/><E40/><V96/><F101/><W14/><G56/><T110/><D103/><U44/><E44/><V7/><F7/><W123/><G123/><T53/><D100/><U109/><E109/><V29/><F19/><W120/><G120/><T129/><D129/><U28/><E28/><V74/><F74/><W115/><G115/><T69/><D69/><U22/><E54/><V135/><F51/><W87/><G31/><T60/><D60/><U108/><E108/><V81/><F81/><W9/><G12/><T18/><D18/><U98/><E89/><V15/><F15/><W27/><G45/><T130/><D130/><U37/><E22/><N who="2" m="15543" /><F135/><W125/><G125/><T111/><D71/><U133/><E133/><V102/><F102/><W23/><G23/><T0/><D111/><U11/><E37/><V13/><F13/><W34/><G34/><T121/><D121/><U3/><E3/><N who="0" m="1097" /><D110/><U30/><E30/><V4/><F4/><W6/><G6/><T65/><D107/><U126/><E126/><V113/><F113/><W75/><G75/><T35/><D35/><U52/><E117/><V104/><F104/><W73/><G73/><T94/><D105/><U85/><E118/><RYUUKYOKU ba="0,0" sc="432,-15,64,-15,266,15,238,15" hai2="41,43,49,55,58,83,86,96,97,99" hai3="9,14,16,24,26,27,46,48,64,67,80,87,90" /><INIT seed="5,1,0,1,1,13" ten="417,49,281,253" oya="1" hai0="82,39,105,93,117,109,19,68,120,61,95,8,79" hai1="90,73,0,21,12,20,57,115,67,133,25,131,49" hai2="74,100,1,31,46,51,28,119,128,3,43,15,85" hai3="69,27,22,52,80,118,76,135,53,101,81,113,10"/><U129/><E0/><V91/><F74/><W94/><G69/><T96/><D117/><U2/><E2/><V60/><F119/><W47/><G118/><T16/><D39/><U40/><E73/><V41/><F41/><W66/><G66/><T54/><D105/><U14/><E115/><V34/><F128/><N who="1" m="49225" /><E133/><V114/><F100/><W77/><G10/><T89/><D8/><U110/><E110/><V127/><F60/><W23/><G113/><T4/><D4/><U134/><E134/><V56/><F56/><W84/><G135/><T75/><D109/><U17/><E90/><V36/><F91/><W9/><G9/><T98/><D120/><U71/><E71/><V37/><F1/><W72/><G22/><T106/><D106/><U123/><E123/><V29/><F3/><W122/><G47/><T121/><D121/><U83/><E83/><V112/><F46/><W132/><G132/><T58/><D68/><U6/><E6/><V48/><F114/><W108/><G108/><T26/><D26/><N who="1" m="14607" /><E40/><V62/><F43/><W33/><G122/><T5/><D5/><U78/><E78/><V111/><F111/><W18/><G33/><T59/><D59/><U45/><E45/><V103/><F34/><W63/><G63/><T65/><D65/><U30/><E49/><V50/><F51/><W116/><G116/><T86/><D75/><U35/><E35/><V11/><F50/><W70/><G70/><T88/><AGARI ba="1,0" hai="16,19,54,58,61,79,82,86,88,89,93,95,96,98" machi="88" ten="20,16000,3" yaku="0,1,7,1,9,1,8,1,52,2,54,2" doraHai="13" who="0" fromWho="0" sc="417,163,49,-81,281,-41,253,-41" owari="580,68.0,-32,-53.0,240,4.0,212,-19.0" /></mjloggm>