<mjloggm ver="2.3"><GO type="169" lobby="0"/><UN n0="%7A%6B%75%72%74" n1="%E3%82%A6%E3%83%AB%E3%83%88%E3%83%A9%E7%AB%8B%E7%9B%B4" n2="%E3%81%B9%E3%81%A3%E3%81%93%E3%83%BC%E2%99%AA" n3="%E3%83%8B%E3%83%A3%E3%83%83%E3%83%94%E3%83%BC%E5%A4%8F%E7%9B%AE" dan="18,18,16,18" rate="2194.11,2155.96,2084.08,2167.93" sx="M,M,F,M"/><TAIKYOKU oya="0"/><INIT seed="0,0,0,0,1,78" ten="250,250,250,250" oya="0" hai0="4,79,91,19,115,66,100,51,90,76,46,101,20" hai1="42,135,37,108,43,49,97,62,98,118,109,73,35" hai2="106,25,125,60,81,128,9,56,27,105,96,48,22" hai3="111,45,80,32,8,55,131,33,59,31,12,82,85"/><T7/><D115/><U113/><E35/><V3/><F128/><W114/><G114/><T92/><D66/><U72/><E113/><V10/><F125/><W120/><G131/><T71/><D71/><U124/><E62/><V47/><F3/><W61/><G111/><T38/><D38/><U39/><E49/><V28/><F25/><W94/><G120/><T6/><D79/><U26/><E26/><V83/><F105/><W34/><G31/><T75/><D76/><U119/><REACH who="1" step="1"/><E124/><REACH who="1" ten="250,240,250,250" step="2"/><V11/><F106/><W116/><G116/><T77/><D51/><U103/><E103/><V64/><REACH who="2" step="1"/><F96/><REACH who="2" ten="250,240,240,250" step="2"/><W104/><G104/><T54/><D100/><U67/><E67/><V2/><F2/><W126/><G126/><T117/><D101/><U14/><E14/><V127/><F127/><W15/><G15/><T65/><D65/><U86/><E86/><V84/><F84/><W1/><G1/><T23/><D117/><U88/><E88/><V18/><F18/><W68/><G85/><T134/><D91/><U52/><E52/><AGARI ba="0,2" hai="9,10,11,22,27,28,47,48,52,56,60,64,81,83" machi="52" ten="40,16000,3" yaku="1,1,8,1,52,2,54,1,53,3" doraHai="78" doraHaiUra="5" who="2" fromWho="1" sc="250,0,240,-160,240,180,250,0" /><INIT seed="1,0,0,1,2,83" ten="250,80,420,250" oya="1" hai0="18,30,95,65,72,112,116,92,46,117,80,135,33" hai1="21,84,43,90,12,114,23,131,87,126,57,7,66" hai2="50,1,81,59,36,25,101,58,99,45,20,93,119" hai3="24,91,5,89,27,28,70,4,102,111,124,118,42"/><U105/><E105/><V64/><F119/><W69/><G111/><T2/><D2/><U11/><E114/><V34/><F34/><W77/><G102/><T63/><D112/><U94/><E126/><V51/><F1/><W26/><G28/><T47/><D135/><U78/><E131/><V127/><F127/><W76/><G124/><T52/><D30/><U71/><E71/><N who="3" m="27146" /><G42/><T97/><D33/><U79/><E43/><V121/><F121/><W15/><G15/><T132/><D132/><U86/><E57/><V60/><F59/><W48/><G48/><T106/><D106/><U115/><E66/><V29/><REACH who="2" step="1"/><F81/><REACH who="2" ten="250,80,410,250" step="2"/><W98/><G118/><T133/><D133/><U68/><E68/><V17/><F17/><W8/><G4/><T88/><D18/><U44/><E115/><V85/><F85/><N who="1" m="32873" /><E44/><V113/><F113/><W75/><G75/><T0/><D0/><U130/><E130/><V40/><AGARI ba="0,1" hai="20,25,29,36,40,45,50,51,58,60,64,93,99,101" machi="40" ten="30,7900,0" yaku="1,1,0,1,25,2,53,0" doraHai="83" doraHaiUra="104" who="2" fromWho="2" sc="250,-20,80,-39,410,89,250,-20" /><INIT seed="2,0,0,4,5,74" ten="230,41,499,230" oya="2" hai0="103,81,112,13,118,7,65,119,123,48,111,91,46" hai1="99,113,36,125,107,8,117,23,53,69,63,85,12" hai2="52,10,109,101,4,100,124,61,131,126,35,127,20" hai3="58,71,79,59,95,77,67,0,133,70,16,38,31"/><V5/><F35/><W121/><G38/><T42/><D123/><U115/><E117/><V29/><F131/><W110/><G0/><T96/><D112/><U24/><E36/><V129/><F129/><W80/><G121/><T37/><D111/><U26/><E125/><V75/><F75/><W92/><G110/><T97/><D65/><U22/><E85/><V135/><F135/><W14/><G31/><T6/><D37/><U73/><E73/><V56/><F109/><W27/><G27/><T93/><D81/><U60/><E99/><V132/><F5/><W1/><G1/><T55/><D42/><U122/><E12/><N who="2" m="5191" /><F132/><W50/><G133/><T9/><REACH who="0" step="1"/><D7/><REACH who="0" ten="220,41,499,230" step="2"/><U40/><E40/><V68/><F126/><W49/><G80/><T47/><D47/><U94/><E122/><V32/><F127/><W33/><G67/><T108/><D108/><U11/><E53/><V98/><F52/><W17/><G33/><T78/><D78/><U120/><E120/><V34/><F124/><W25/><G25/><T54/><D54/><U64/><E64/><V88/><F61/><W82/><G82/><T83/><D83/><U87/><E60/><V45/><F45/><W89/><G89/><T116/><D116/><U15/><E63/><V102/><F88/><W90/><G90/><T62/><D62/><U28/><E115/><V130/><F130/><W44/><G44/><T86/><D86/><U3/><E87/><V43/><F34/><W106/><G106/><AGARI ba="0,1" hai="6,9,13,46,48,55,91,93,96,97,103,106,118,119" machi="106" ten="40,1300,0" yaku="1,1,53,0" doraHai="74" doraHaiUra="57" who="0" fromWho="3" sc="220,23,41,0,499,0,230,-13" /><INIT seed="3,0,0,3,1,44" ten="243,41,499,217" oya="3" hai0="69,47,40,57,6,20,74,75,82,53,27,70,51" hai1="65,0,107,81,89,49,120,87,113,131,90,78,104" hai2="50,64,128,21,19,29,106,35,79,84,3,130,46" hai3="13,1,134,96,55,95,118,41,114,54,34,119,42"/><W18/><G114/><T93/><D6/><U32/><E32/><V110/><F3/><W135/><G1/><T37/><D93/><N who="1" m="54463" /><E49/><V80/><F106/><N who="1" m="40489" /><E65/><V76/><F110/><W117/><G34/><T30/><D70/><U58/><E58/><V8/><F8/><W108/><G108/><T39/><D39/><U112/><E0/><V38/><F38/><W92/><G42/><T52/><D69/><U9/><E9/><V100/><F64/><W83/><G41/><T63/><D82/><U5/><E5/><V17/><F29/><W91/><G83/><T61/><D61/><U127/><E120/><V133/><F35/><W4/><G4/><T98/><D98/><U22/><E22/><V97/><F21/><W12/><G95/><T45/><AGARI ba="0,0" hai="20,27,30,37,40,45,47,51,52,53,57,63,74,75" machi="45" ten="20,5200,0" yaku="0,1,7,1,52,1,54,1" doraHai="44" who="0" fromWho="0" sc="243,52,41,-13,499,-13,217,-26" /><INIT seed="4,0,0,3,2,30" ten="295,28,486,191" oya="0" hai0="29,56,75,114,39,94,108,31,116,19,12,4,21" hai1="57,102,79,44,76,121,124,27,104,122,96,81,45" hai2="10,65,115,40,6,16,18,58,112,49,107,55,50" hai3="47,111,5,126,103,11,24,119,32,80,85,28,98"/><T41/><D116/><U88/><E45/><N who="2" m="25767" /><F107/><W17/><G111/><T53/><D108/><U91/><E57/><V37/><F37/><W92/><G119/><T78/><D114/><N who="2" m="43562" /><F65/><W72/><G126/><T100/><D4/><U133/><E44/><V105/><F105/><W0/><G72/><T25/><D39/><U101/><E27/><V106/><F106/><W109/><G109/><T8/><D41/><U125/><E104/><V132/><F132/><W67/><G47/><T87/><D75/><U36/><E36/><V82/><F82/><W22/><G67/><T43/><D43/><U134/><E81/><V62/><F50/><W7/><G7/><T1/><D1/><AGARI ba="0,0" hai="1,6,10,16,18,55,58,62" m="43562,25767" machi="1" ten="30,2000,0" yaku="15,1,54,1" doraHai="30" who="2" fromWho="0" sc="295,-20,28,0,486,20,191,0" /><INIT seed="5,0,0,3,0,106" ten="275,28,506,191" oya="1" hai0="47,7,38,121,53,119,78,82,46,31,55,84,33" hai1="54,39,114,122,43,50,76,124,4,13,92,77,69" hai2="68,9,134,95,110,90,3,79,102,115,21,123,16" hai3="89,128,27,61,130,116,32,103,64,87,67,5,113"/><U101/><E122/><V45/><F68/><W57/><G113/><T81/><D119/><U26/><E69/><V66/><F102/><W83/><G116/><T29/><D121/><U34/><E114/><V126/><F45/><W91/><G103/><T105/><D105/><U0/><E0/><V132/><F66/><W20/><G32/><T107/><D107/><U70/><E70/><V8/><F79/><N who="1" m="30281" /><E34/><V86/><F123/><W88/><G67/><T111/><D111/><U56/><E39/><V96/><F110/><W36/><G36/><T127/><D7/><U135/><E135/><V71/><F71/><W2/><G5/><T40/><D33/><U98/><E124/><V15/><F126/><W100/><G2/><T25/><D127/><U65/><E65/><V23/><F115/><W120/><G120/><T1/><D1/><U24/><E43/><V30/><F3/><W41/><G41/><T108/><D108/><U22/><E22/><V59/><F23/><W49/><G49/><T80/><D40/><U6/><E6/><V35/><F132/><W117/><G117/><T85/><D38/><U60/><E50/><V12/><F35/><W10/><G10/><AGARI ba="0,0" hai="4,10,13,24,26,54,56,60,92,98,101" m="30281" machi="10" ten="30,1500,0" yaku="8,1" doraHai="106" who="1" fromWho="3" sc="275,0,28,15,506,0,191,-15" /><INIT seed="5,1,0,3,1,117" ten="275,43,506,176" oya="1" hai0="122,62,45,101,25,0,132,64,85,13,38,86,110" hai1="130,99,9,30,15,51,131,87,135,31,125,71,17" hai2="89,103,81,4,116,80,33,109,65,48,126,1,78" hai3="93,34,134,70,72,83,29,55,107,76,32,82,53"/><U102/><E71/><V42/><F4/><W105/><G70/><T2/><D110/><U24/><E125/><V115/><F109/><W23/><G134/><T91/><D101/><U75/><E75/><V97/><F1/><W94/><G23/><T49/><D38/><U19/><E87/><V20/><F33/><W90/><G29/><T8/><D25/><U18/><E51/><V77/><F20/><W11/><G11/><T21/><D21/><N who="1" m="15631" /><E31/><V47/><F48/><W59/><G72/><T54/><D86/><U127/><E127/><V79/><F47/><W124/><G124/><T112/><D132/><U129/><E135/><V37/><F65/><W120/><G59/><T7/><D122/><U46/><E46/><V133/><F42/><W123/><G90/><T108/><D108/><U88/><E88/><V111/><F37/><W118/><REACH who="3" step="1"/><G76/><REACH who="3" ten="275,43,506,166" step="2"/><T52/><D91/><U95/><AGARI ba="1,1" hai="9,15,17,18,19,95,99,102,129,130,131" m="15631" machi="95" ten="30,1500,0" yaku="19,1" doraHai="117" who="1" fromWho="1" sc="275,-6,43,28,506,-6,166,-6" /><INIT seed="5,2,0,4,5,54" ten="269,71,500,160" oya="1" hai0="6,106,53,84,44,101,117,124,98,72,35,125,74" hai1="41,132,57,63,122,29,42,38,30,43,2,61,70" hai2="27,104,7,12,37,62,92,75,128,24,87,135,129" hai3="88,32,48,85,50,71,77,119,96,39,95,25,9"/><U36/><E2/><V15/><F37/><N who="1" m="14441" /><E29/><V69/><F104/><W65/><G39/><T115/><D117/><U130/><E30/><V0/><F75/><W59/><G71/><T16/><D35/><U107/><E107/><V81/><F69/><W4/><G119/><T68/><D6/><U82/><E82/><V8/><F12/><N who="3" m="5159" /><G32/><T83/><D68/><U66/><E122/><V94/><F15/><W113/><G113/><T60/><D115/><U76/><E76/><V86/><F92/><N who="3" m="54287" /><G25/><T134/><D74/><U21/><E21/><V108/><F27/><W131/><G131/><T93/><D72/><U102/><E102/><V14/><F24/><W23/><G77/><T22/><D106/><U79/><E79/><V5/><F14/><W100/><G23/><T73/><D73/><U121/><E121/><V116/><F0/><W58/><G65/><T80/><D22/><U64/><E132/><V1/><F1/><W49/><AGARI ba="2,0" hai="48,49,50,58,59,95,96,100" m="54287,5159" machi="49" ten="30,7900,0" yaku="8,1,52,2,54,1" doraHai="54" who="3" fromWho="3" sc="269,-22,71,-41,500,-22,160,85" /><INIT seed="6,0,0,0,0,108" ten="247,30,478,245" oya="2" hai0="127,16,99,77,43,29,12,80,50,101,32,121,132" hai1="129,24,87,83,41,94,116,10,48,47,103,15,33" hai2="69,40,17,119,131,123,60,76,91,27,124,107,111" hai3="102,56,96,19,130,84,75,89,46,114,23,70,65"/><V18/><F18/><W64/><G75/><T97/><D121/><U1/><E1/><V106/><F17/><W28/><G130/><T72/><D127/><U67/><E116/><V36/><F27/><W62/><G114/><T117/><D132/><U38/><E38/><V122/><F91/><W134/><G134/><T85/><D117/><U66/><E129/><V35/><F35/><W113/><G113/><T45/><D72/><U109/><E109/><V82/><F119/><W126/><G126/><T52/><D32/><U118/><E118/><V79/><F111/><W42/><G28/><T63/><D29/><U104/><E104/><V71/><F124/><W92/><G70/><T90/><D77/><U51/><E51/><V68/><F60/><W13/><G65/><T30/><D30/><U98/><E24/><V112/><F76/><W0/><G0/><T128/><D128/><U133/><E33/><V125/><F112/><W37/><G84/><T6/><D6/><U22/><E22/><V25/><F25/><W5/><G5/><T58/><D101/><U49/><E49/><V2/><F2/><W74/><G74/><T95/><D95/><U53/><E133/><V55/><F125/><W20/><G102/><T14/><D14/><U39/><E39/><V120/><F131/><W88/><G89/><T31/><D31/><U8/><E41/><V86/><F55/><W81/><G81/><T100/><D100/><U78/><REACH who="1" step="1"/><E8/><AGARI ba="0,0" hai="8,13,19,20,23,37,42,46,56,62,64,88,92,96" machi="8" ten="30,2000,0" yaku="7,1,54,1" doraHai="108" who="3" fromWho="1" sc="247,0,30,-20,478,0,245,20" /><AGARI ba="0,0" hai="8,12,16,43,45,50,52,58,63,80,85,90,97,99" machi="8" ten="30,7700,0" yaku="7,1,8,1,54,2" doraHai="108" who="0" fromWho="1" sc="247,77,10,-77,478,0,265,0" owari="324,12.0,-67,-57.0,478,58.0,265,-13.0" /></mjloggm>