<mjloggm ver="2.3"><GO type="225" lobby="0"/><UN n0="%E5%B0%B1%E6%B4%BB%E7%94%9F%40%E5%B7%9D%E6%9D%91%E8%BB%8D%E5%9B%A3" n1="%E7%AB%B6%E9%A6%AC%E7%A0%94%E7%A9%B6%E6%89%80" n2="%E3%81%AA%E3%81%A3%E3%81%8D%E3%82%8A" n3="%E3%81%8B%E3%82%8A%E3%82%93%E3%81%95%E3%82%93" dan="17,18,16,17" rate="2172.33,2219.09,2103.76,2180.33" sx="M,M,M,M"/><TAIKYOKU oya="0"/><INIT seed="0,0,0,5,3,99" ten="250,250,250,250" oya="0" hai0="100,34,85,4,39,3,130,111,90,13,6,53,72" hai1="31,59,0,29,40,74,126,2,106,110,18,44,116" hai2="124,127,8,121,35,30,94,87,92,5,122,103,133" hai3="104,95,52,48,76,67,11,115,41,56,63,62,101"/><T45/><D3/><U98/><E74/><V7/><F133/><W21/><G115/><T91/><D72/><U17/><E116/><V96/><F30/><W86/><G104/><T73/><D73/><U80/><E80/><V14/><F35/><W93/><G41/><T65/><D34/><U81/><E81/><V128/><F128/><W69/><G11/><T27/><D65/><U50/><E59/><V64/><F64/><W83/><G101/><T84/><D84/><U75/><E75/><V123/><REACH who="2" step="1"/><F7/><REACH who="2" ten="250,250,240,250" step="2"/><W89/><G21/><T79/><D6/><U88/><E31/><V25/><F25/><W57/><G76/><T70/><D27/><U119/><E29/><V28/><F28/><W24/><G24/><T37/><D4/><U54/><E119/><V68/><F68/><W47/><G69/><T113/><D70/><U108/><E17/><V134/><F134/><W66/><AGARI ba="0,1" hai="47,48,52,56,57,62,63,66,67,83,86,89,93,95" machi="66" ten="20,8000,1" yaku="0,1,7,1,9,1,8,1,54,1" doraHai="99" who="3" fromWho="3" sc="250,-40,250,-20,240,-20,250,90" /><INIT seed="1,0,0,2,3,22" ten="210,230,220,340" oya="1" hai0="61,14,90,125,31,71,79,47,111,93,17,127,101" hai1="53,51,70,119,0,35,124,13,92,45,59,115,30" hai2="131,62,86,15,80,38,73,16,118,52,82,104,42" hai3="74,122,49,32,105,63,85,129,3,65,10,87,128"/><U5/><E119/><V72/><F118/><W81/><G74/><T77/><D111/><U26/><E70/><V133/><F104/><W34/><G105/><T37/><D101/><U19/><E115/><V8/><F133/><W68/><G122/><T134/><D134/><U46/><E124/><N who="0" m="47689" /><D31/><U64/><E64/><V54/><F131/><N who="3" m="50251" /><G49/><T114/><D114/><U99/><E5/><V33/><F33/><N who="3" m="12907" /><G81/><T9/><D61/><U39/><E0/><V78/><F62/><W95/><G95/><T24/><D71/><U2/><E2/><V88/><REACH who="2" step="1"/><F73/><REACH who="2" ten="210,230,210,340" step="2"/><W25/><G63/><T102/><D102/><U106/><E106/><V97/><F97/><W1/><G85/><N who="0" m="52431" /><D24/><U41/><E99/><V112/><F112/><W126/><G87/><T23/><D77/><U83/><E83/><V50/><F50/><W55/><G25/><T28/><D79/><U66/><E92/><V123/><F123/><W7/><G126/><T116/><D116/><U94/><E94/><V29/><F29/><W84/><G84/><T60/><D60/><U117/><E117/><V120/><F120/><W4/><G68/><T48/><D37/><U58/><REACH who="1" step="1"/><E66/><REACH who="1" ten="210,220,210,340" step="2"/><V113/><F113/><W20/><G65/><T43/><D28/><U135/><E135/><V11/><F11/><AGARI ba="0,2" hai="9,11,14,17,23,43,47,48" m="52431,47689" machi="11" ten="30,1000,0" yaku="18,1" doraHai="22" who="0" fromWho="2" sc="210,30,220,0,210,-10,340,0" /><AGARI ba="0,0" hai="11,13,19,26,30,35,39,41,45,46,51,53,58,59" machi="11" ten="30,5800,0" yaku="1,1,7,1,52,1,53,0" doraHai="22" doraHaiUra="108" who="1" fromWho="2" sc="240,0,220,58,200,-58,340,0" /><INIT seed="1,1,0,4,3,15" ten="240,278,142,340" oya="1" hai0="103,30,11,86,91,95,38,50,47,61,73,34,44" hai1="75,2,42,84,88,51,111,57,125,55,89,13,65" hai2="49,54,5,1,32,105,124,56,109,40,129,37,58" hai3="97,63,113,27,62,107,72,119,115,46,35,43,92"/><U39/><E2/><V18/><F32/><W127/><G72/><T94/><D73/><U6/><E75/><V21/><F109/><W134/><G107/><T69/><D38/><U112/><E112/><V20/><F129/><W130/><G134/><T104/><D11/><U108/><E125/><V29/><F124/><W52/><G127/><T133/><D133/><U117/><E117/><V67/><F105/><W19/><G130/><T16/><D30/><U93/><E65/><V96/><F1/><W77/><G77/><T14/><D34/><U76/><E76/><V64/><F5/><W0/><G0/><T128/><D47/><U33/><E33/><V116/><F116/><W36/><G119/><T78/><D78/><U87/><E42/><V23/><F37/><W82/><G82/><N who="0" m="49623" /><D104/><U106/><E39/><V98/><F40/><W81/><G81/><T79/><D79/><U71/><E71/><V3/><F3/><W135/><G135/><T28/><D28/><U123/><E123/><V101/><F29/><W22/><G35/><T41/><D103/><U110/><E106/><N who="2" m="63783" /><F98/><W66/><G63/><T121/><D121/><U10/><E89/><V131/><F131/><W45/><G66/><N who="2" m="25129" /><F58/><N who="3" m="35143" /><G45/><T53/><D69/><U7/><E7/><V8/><F8/><W132/><G132/><T70/><D70/><U60/><E60/><V25/><F56/><W31/><G31/><T83/><D83/><U12/><E87/><V80/><F80/><W102/><G115/><T17/><D128/><U85/><E85/><V99/><F99/><N who="3" m="59751" /><G113/><T26/><D61/><U118/><E118/><RYUUKYOKU ba="1,0" sc="240,-30,278,10,142,10,340,10" hai1="6,10,12,13,51,55,57,84,88,93,108,110,111" hai2="18,20,21,23,25,49,54" hai3="19,22,27,36,43,46,97" /><INIT seed="1,2,0,0,4,134" ten="210,288,152,350" oya="1" hai0="103,71,3,28,58,42,39,44,128,124,114,69,27" hai1="98,47,72,53,29,54,112,19,115,38,5,94,79" hai2="10,97,131,48,41,43,117,78,84,37,85,76,86" hai3="56,15,91,73,55,12,18,13,61,33,80,111,30"/><U127/><E29/><V65/><F117/><W75/><G111/><T20/><D114/><U93/><E93/><V81/><F37/><W77/><G75/><T108/><D3/><U40/><E19/><V68/><F131/><W34/><G30/><T123/><D123/><U106/><E106/><V100/><F68/><W118/><G118/><T36/><D36/><U101/><E115/><V67/><F10/><W110/><G110/><T107/><D108/><U125/><E112/><V109/><F109/><W129/><G129/><T60/><D128/><U0/><E54/><V132/><F132/><W16/><REACH who="3" step="1"/><G91/><REACH who="3" ten="210,288,152,340" step="2"/><T74/><D74/><U6/><E53/><V4/><F4/><W83/><G83/><T119/><D119/><U25/><E25/><V2/><F2/><W82/><G82/><T51/><D27/><U32/><E32/><AGARI ba="2,1" hai="12,13,15,16,18,32,33,34,55,56,61,73,77,80" machi="32" ten="40,5200,0" yaku="1,1,54,1,53,1" doraHai="134" doraHaiUra="105" who="3" fromWho="1" sc="210,0,288,-58,152,0,340,68" /><INIT seed="2,0,0,3,5,119" ten="210,230,152,408" oya="2" hai0="64,99,112,100,89,73,8,36,130,107,102,76,39" hai1="66,86,4,20,74,26,97,50,54,118,129,123,13" hai2="10,2,94,131,108,47,57,98,23,5,104,6,3" hai3="1,117,48,72,70,65,113,15,27,124,114,52,77"/><V79/><F131/><W111/><G1/><T19/><D112/><N who="3" m="43113" /><G117/><T59/><D102/><U24/><E74/><V127/><F127/><W68/><G124/><T91/><D76/><U125/><E118/><V11/><F108/><W33/><G111/><T82/><D73/><U133/><E125/><V51/><F79/><W14/><G27/><T81/><D39/><U44/><E129/><V109/><F109/><W122/><G33/><T90/><D36/><U58/><E133/><V37/><F104/><W93/><G122/><T87/><D81/><U53/><E123/><V55/><F23/><W25/><G25/><T121/><D121/><U30/><E66/><V126/><F126/><W35/><G35/><T83/><D83/><U29/><E97/><V75/><F75/><W9/><G93/><T135/><D135/><U105/><E105/><V7/><F7/><N who="3" m="3391" /><G65/><T41/><D41/><U12/><E86/><V128/><F128/><W115/><G15/><N who="0" m="7655" /><D130/><U31/><E4/><V69/><F69/><W96/><G96/><T43/><D43/><U92/><E92/><V60/><F37/><W49/><G115/><T28/><D28/><N who="1" m="17415" /><E26/><V84/><F84/><W38/><G38/><T95/><D107/><U71/><E71/><V22/><F22/><W56/><G72/><T42/><D42/><U21/><E21/><V63/><REACH who="2" step="1"/><F47/><REACH who="2" ten="210,230,142,408" step="2"/><N who="3" m="27679" /><G77/><T67/><D59/><U0/><E0/><V32/><F32/><W110/><G110/><T88/><AGARI ba="0,1" hai="64,67,82,87,88,89,90,91,95,99,100" m="7655" machi="88" ten="30,2000,0" yaku="8,1,54,1" doraHai="119" who="0" fromWho="0" sc="210,30,230,-5,142,-10,408,-5" /><INIT seed="3,0,0,4,4,32" ten="240,225,132,403" oya="3" hai0="0,135,27,50,102,100,65,23,117,1,14,132,59" hai1="28,47,123,70,31,87,46,20,43,85,78,104,45" hai2="74,113,36,73,72,40,62,76,118,8,61,101,79" hai3="49,2,130,86,126,129,80,110,116,115,122,69,37"/><W41/><G86/><T15/><D117/><U107/><E123/><V54/><F118/><W51/><G80/><T68/><D68/><U108/><E70/><V6/><F113/><W94/><G49/><T127/><D127/><U13/><E108/><V97/><F79/><W22/><G51/><T82/><D82/><U53/><E43/><V21/><F21/><W134/><G22/><T121/><D121/><U105/><E53/><V16/><F16/><W96/><G94/><T128/><D128/><U66/><E66/><V124/><F124/><W38/><G96/><T42/><D15/><U29/><E78/><V34/><F34/><W30/><G41/><T112/><D14/><U19/><AGARI ba="0,0" hai="13,19,20,28,29,31,45,46,47,85,87,104,105,107" machi="19" ten="40,5200,0" yaku="0,1,29,2" doraHai="32" who="1" fromWho="1" sc="240,-13,225,52,132,-13,403,-26" owari="227,-17.0,277,8.0,119,-38.0,377,47.0" /></mjloggm>