<mjloggm ver="2.3"><GO type="169" lobby="0"/><UN n0="%E3%82%A6%E3%83%AB%E3%83%88%E3%83%A9%E7%AB%8B%E7%9B%B4" n1="%E9%87%98%E5%AE%AE%E7%97%85%E6%82%A3%E8%80%85" n2="%47%45%59%55" n3="%E5%85%AC%E5%8B%99%E5%93%A1%E3%81%8F%E3%82%93" dan="17,16,17,16" rate="2141.22,2153.50,2170.82,2133.21" sx="M,F,M,F"/><TAIKYOKU oya="0"/><INIT seed="0,0,0,3,0,76" ten="250,250,250,250" oya="0" hai0="56,30,88,60,40,115,72,104,112,54,64,31,135" hai1="90,7,66,92,1,70,27,84,55,134,17,99,100" hai2="95,79,14,101,102,125,120,9,61,25,97,68,19" hai3="71,29,96,16,106,35,82,105,87,20,24,107,119"/><T49/><D104/><U110/><E110/><V62/><F120/><W67/><G119/><T103/><D103/><U34/><E134/><V63/><F125/><W0/><G0/><T4/><D135/><U81/><E55/><V122/><F122/><W22/><G71/><T53/><D72/><U13/><E1/><V117/><F117/><W132/><G67/><T123/><D123/><U33/><E7/><V8/><F68/><W130/><G130/><T59/><D4/><U52/><E27/><V47/><F47/><W2/><G2/><T116/><D116/><U37/><E37/><V93/><F25/><W18/><G132/><T44/><D115/><U80/><E66/><V109/><F109/><W77/><G96/><T131/><D131/><U111/><E70/><V15/><F79/><W129/><REACH who="3" step="1"/><G129/><REACH who="3" ten="250,250,250,240" step="2"/><T51/><D112/><U58/><E111/><V133/><F133/><W23/><AGARI ba="0,1" hai="16,18,20,22,23,24,29,35,77,82,87,105,106,107" machi="23" ten="40,8000,1" yaku="1,1,2,1,0,1,52,1,54,1,53,0" doraHai="76" doraHaiUra="50" who="3" fromWho="3" sc="250,-40,250,-20,250,-20,240,90" /><INIT seed="1,0,0,0,4,129" ten="210,230,230,330" oya="1" hai0="12,111,110,77,64,75,17,98,121,85,93,28,54" hai1="89,40,99,88,112,55,97,63,91,15,21,9,14" hai2="27,0,66,132,44,103,126,120,58,30,20,123,35" hai3="37,106,10,8,62,11,50,90,109,79,81,4,100"/><U127/><E127/><V34/><F103/><W71/><G37/><T41/><D75/><U60/><E112/><V96/><F96/><N who="1" m="36937" /><E40/><V80/><F80/><W73/><G106/><T122/><D64/><U74/><E74/><V83/><F83/><W86/><G100/><T46/><D54/><U49/><E21/><V104/><F104/><W45/><G109/><N who="0" m="41483" /><D28/><U82/><E82/><V23/><F126/><W102/><G102/><N who="0" m="60751" /><D85/><U95/><E95/><V48/><F30/><W87/><G71/><T2/><D2/><U13/><E9/><V7/><F0/><W61/><G4/><T24/><D24/><U114/><E114/><V107/><F27/><W42/><G73/><T135/><D77/><U116/><E116/><V36/><F7/><W25/><G25/><T18/><D122/><U33/><E33/><V67/><F107/><W38/><G38/><N who="0" m="21815" /><D121/><U53/><E49/><V29/><F48/><W68/><G68/><T119/><D119/><U133/><E133/><V51/><F132/><W94/><AGARI ba="0,0" hai="8,10,11,42,45,50,61,62,79,81,86,87,90,94" machi="94" ten="30,2000,0" yaku="0,1,8,1" doraHai="129" who="3" fromWho="3" sc="210,-5,230,-10,230,-5,330,20" /><INIT seed="2,0,0,1,4,130" ten="205,220,225,350" oya="2" hai0="124,17,76,80,24,68,90,131,78,46,10,7,113" hai1="89,103,59,9,12,4,55,38,20,70,102,84,58" hai2="110,109,116,11,32,81,37,40,48,2,60,71,52" hai3="44,77,31,120,27,21,115,66,106,82,39,117,19"/><V99/><F116/><W41/><G106/><T127/><D68/><U14/><E70/><V23/><F32/><W85/><G117/><T50/><D113/><U125/><E38/><V108/><F37/><W25/><G115/><T83/><D131/><U75/><E75/><V15/><F99/><W96/><G120/><T13/><D24/><U67/><E67/><N who="2" m="41447" /><F81/><W47/><G47/><T18/><D90/><U28/><E125/><N who="0" m="48201" /><D80/><U73/><E73/><V98/><F98/><W1/><G96/><T61/><D61/><U62/><E58/><N who="2" m="33031" /><F40/><W63/><G1/><T94/><D94/><N who="1" m="54567" /><E28/><V33/><F33/><W104/><G104/><T126/><N who="0" m="48209" /><T118/><DORA hai="36" /><D118/><U87/><E87/><V119/><F119/><W29/><G27/><T0/><D0/><U30/><E30/><V8/><F2/><W97/><G97/><T79/><D83/><U134/><E102/><V16/><AGARI ba="0,0" hai="8,11,15,16,23,108,109,110" m="33031,41447" machi="16" ten="40,12000,1" yaku="14,1,10,1,54,2" doraHai="130,36" who="2" fromWho="2" sc="205,-40,220,-40,225,120,350,-40" /><INIT seed="2,1,0,2,1,27" ten="165,180,345,310" oya="2" hai0="29,135,108,36,78,113,106,105,17,47,10,102,73" hai1="62,28,53,66,123,21,131,64,92,87,16,1,2" hai2="81,30,126,77,95,18,9,45,84,125,13,23,86" hai3="101,19,31,133,118,120,103,83,99,71,93,38,121"/><V115/><F115/><W63/><G118/><T35/><D17/><U42/><E131/><V67/><F67/><N who="1" m="25641" /><E1/><V39/><F39/><W41/><G71/><T55/><D55/><U89/><E2/><V85/><F45/><W128/><G63/><T74/><D10/><U20/><E42/><V130/><F130/><W124/><G41/><T127/><D102/><U116/><E116/><V22/><F23/><W80/><G38/><T26/><D78/><U8/><E123/><V75/><REACH who="2" step="1"/><F95/><REACH who="2" ten="165,180,335,310" step="2"/><W50/><G93/><T37/><D47/><U59/><E20/><V0/><F0/><W94/><G94/><T114/><D37/><U24/><E8/><V109/><F109/><W12/><G121/><T33/><D36/><U43/><E43/><V25/><AGARI ba="1,1" hai="9,13,18,22,25,30,75,77,81,84,85,86,125,126" machi="25" ten="30,18000,2" yaku="1,1,0,1,52,1,53,3" doraHai="27" doraHaiUra="82" who="2" fromWho="2" sc="165,-61,180,-61,335,193,310,-61" /><INIT seed="2,2,0,0,3,48" ten="104,119,528,249" oya="2" hai0="122,15,100,39,72,52,23,60,73,97,93,46,24" hai1="50,92,17,30,6,62,11,95,53,45,1,42,130" hai2="61,112,108,29,41,102,67,12,7,64,110,37,111" hai3="87,5,27,75,101,2,125,83,104,58,36,135,69"/><V21/><F112/><W78/><G69/><T51/><D122/><U89/><E130/><V84/><F102/><W107/><G36/><T55/><D39/><U115/><E115/><V33/><F33/><W22/><G125/><T57/><REACH who="0" step="1"/><D15/><REACH who="0" ten="94,119,528,249" step="2"/><U119/><E119/><V127/><F37/><W105/><G2/><T129/><D129/><U114/><E114/><V70/><F12/><W90/><G135/><T56/><D56/><U31/><E17/><AGARI ba="2,1" hai="17,23,24,46,51,52,55,57,60,72,73,93,97,100" machi="17" ten="30,8000,1" yaku="1,1,7,1,52,2,54,1,53,0" doraHai="48" doraHaiUra="74" who="0" fromWho="1" sc="94,96,119,-86,528,0,249,0" /><INIT seed="3,0,0,3,4,55" ten="190,33,528,249" oya="3" hai0="1,118,120,105,79,91,43,81,115,41,25,64,48" hai1="14,45,76,94,131,122,88,51,33,83,61,24,123" hai2="112,113,0,21,126,20,72,82,17,134,86,65,40" hai3="4,109,46,132,18,102,58,60,15,103,54,62,59"/><W78/><G132/><T49/><D1/><U10/><E131/><V96/><F0/><W5/><G109/><T127/><D105/><U9/><E122/><V89/><F134/><W7/><G78/><T47/><D120/><U35/><E123/><V66/><F21/><W130/><G46/><T6/><D118/><U95/><E61/><V117/><F117/><W37/><G37/><T80/><D6/><U97/><E94/><V27/><F126/><W111/><G111/><T101/><D101/><U16/><E24/><V84/><F72/><W100/><G130/><T26/><D64/><U8/><E35/><V13/><F40/><W44/><G44/><T107/><D107/><U74/><REACH who="1" step="1"/><E33/><REACH who="1" ten="190,23,528,249" step="2"/><V12/><F27/><W67/><G102/><T110/><D25/><U19/><E19/><V3/><F17/><W52/><G67/><T63/><D26/><U2/><E2/><V93/><F3/><W87/><G87/><T39/><D110/><U119/><E119/><V36/><F84/><W11/><AGARI ba="0,1" hai="4,5,7,11,15,18,52,54,58,59,60,62,100,103" machi="11" ten="30,18000,2" yaku="0,1,9,1,8,1,52,2,54,1" doraHai="55" who="3" fromWho="3" sc="190,-60,23,-60,528,-60,249,190" owari="130,-27.0,-37,-54.0,468,57.0,439,24.0" /></mjloggm>