<mjloggm ver="2.3"><GO type="169" lobby="0"/><UN n0="%E6%96%B0%E4%B8%96%E7%95%8C%E3%81%AE%E7%B4%99" n1="%55%4D" n2="%E3%82%88%E3%81%86%E3%81%B8%E3%83%BC%58" n3="%E3%83%88%E3%83%88%E3%83%AA%E5%85%88%E7%94%9F%31%39%E6%AD%B3" dan="16,17,16,19" rate="2130.24,2168.34,2083.38,2279.28" sx="M,M,M,F"/><TAIKYOKU oya="0"/><INIT seed="0,0,0,0,3,34" ten="250,250,250,250" oya="0" hai0="84,47,42,120,8,94,64,121,60,18,122,68,98" hai1="88,37,89,67,123,50,129,12,32,111,15,13,109" hai2="95,66,31,52,54,126,114,118,69,97,134,86,128" hai3="21,87,3,75,26,16,59,132,2,131,127,99,83"/><T91/><D98/><U85/><E123/><V90/><F114/><W25/><G75/><T124/><D124/><U53/><E37/><V71/><F126/><W0/><G127/><T81/><D94/><U40/><E40/><V44/><F134/><W130/><G132/><T119/><D119/><U48/><E32/><V133/><F133/><W33/><G59/><T82/><D82/><U96/><E129/><N who="3" m="49162" /><G99/><T112/><D112/><U110/><E67/><V70/><F128/><W51/><G51/><T36/><REACH who="0" step="1"/><D121/><REACH who="0" ten="240,250,250,250" step="2"/><U35/><E96/><V30/><F118/><W113/><G113/><T43/><D43/><U93/><E89/><V104/><F97/><W117/><G117/><T55/><D55/><U101/><E101/><V6/><F54/><W92/><G92/><T78/><D78/><U1/><E53/><V11/><F66/><W58/><G58/><T7/><D7/><U100/><E100/><V24/><F52/><W9/><G83/><T57/><D57/><U125/><E125/><V79/><F71/><W61/><G87/><T39/><D39/><U41/><E41/><V17/><F70/><W4/><G61/><T20/><D20/><U80/><E80/><V27/><F69/><W107/><G107/><T56/><D56/><U74/><E35/><V103/><F104/><W72/><G72/><T76/><D76/><U62/><E74/><V135/><F103/><W38/><G38/><T22/><D22/><U29/><E62/><V77/><F135/><W106/><G106/><T5/><D5/><U65/><E85/><V49/><F86/><W102/><G102/><RYUUKYOKU ba="0,1" sc="240,15,250,-15,250,-15,250,15" hai0="8,18,36,42,47,60,64,68,81,84,91,120,122" hai3="0,2,3,4,9,16,21,25,26,33" /><INIT seed="0,1,1,1,1,24" ten="255,235,235,265" oya="0" hai0="88,85,127,2,81,27,3,39,4,20,99,10,103" hai1="129,31,125,1,49,71,55,25,68,8,41,17,133" hai2="45,40,76,29,14,74,13,87,135,108,117,44,131" hai3="98,52,109,128,112,56,105,94,26,134,21,115,124"/><T65/><D127/><U48/><E125/><V104/><F74/><W73/><G124/><T62/><D39/><U72/><E72/><V95/><F104/><W51/><G105/><T66/><D3/><U82/><E133/><V70/><F70/><W30/><G134/><T42/><D42/><U18/><E129/><V123/><F123/><W102/><G128/><T64/><D99/><U32/><E82/><V5/><F135/><W11/><G73/><T61/><REACH who="0" step="1"/><D103/><REACH who="0" ten="245,235,235,265" step="2"/><U6/><E41/><V110/><F40/><W38/><G38/><T15/><D15/><U54/><E1/><V46/><F131/><W7/><G109/><T132/><D132/><U84/><E25/><V130/><F130/><W122/><G122/><T89/><D89/><U111/><E111/><V16/><F110/><W97/><G98/><T92/><D92/><U22/><E71/><V0/><F0/><AGARI ba="1,2" hai="0,7,11,21,26,30,51,52,56,94,97,102,112,115" machi="0" ten="30,3900,0" yaku="7,1,52,1,54,1" doraHai="24" who="3" fromWho="2" sc="245,0,235,0,235,-42,265,62" /><INIT seed="1,0,0,2,2,107" ten="245,235,193,327" oya="1" hai0="75,106,56,134,118,38,85,51,72,47,94,82,93" hai1="126,57,74,12,70,69,91,132,62,87,17,64,58" hai2="89,127,102,95,68,15,98,5,33,100,27,54,29" hai3="41,53,71,14,128,10,109,124,0,32,65,110,60"/><U28/><E74/><V108/><F108/><N who="3" m="41579" /><G32/><T2/><D106/><U76/><E132/><V26/><F127/><W24/><G124/><T113/><D113/><U97/><E126/><V4/><F68/><W30/><G0/><T44/><D118/><U40/><E28/><V3/><F3/><W39/><G53/><T52/><D2/><U1/><E1/><V59/><F27/><W79/><G79/><T96/><D134/><U66/><E40/><V9/><REACH who="2" step="1"/><F5/><REACH who="2" ten="245,235,183,327" step="2"/><W25/><G25/><T18/><D18/><U120/><E70/><V34/><F34/><W115/><G24/><T133/><D133/><U13/><E69/><V45/><F45/><N who="3" m="23743" /><G30/><T111/><D111/><U23/><E12/><V103/><F103/><W7/><G115/><T49/><D44/><U104/><E13/><V130/><F130/><AGARI ba="0,1" hai="7,10,14,60,65,71,128,130" m="23743,41579" machi="130" ten="30,1000,0" yaku="14,1" doraHai="107" who="3" fromWho="2" sc="245,0,235,0,183,-10,327,20" /><INIT seed="2,0,0,1,0,49" ten="245,235,173,347" oya="2" hai0="56,87,135,58,82,41,88,9,105,59,24,70,38" hai1="114,28,80,99,62,68,3,23,109,30,73,55,128" hai2="90,115,121,107,53,43,72,29,21,85,39,67,57" hai3="132,125,33,6,61,48,2,74,51,102,83,34,101"/><V4/><F121/><W84/><G74/><T45/><D135/><U8/><E114/><V15/><F115/><W66/><G132/><T26/><D105/><U27/><E109/><V123/><F72/><W42/><G125/><T116/><D116/><U112/><E112/><V77/><F123/><W64/><G2/><T96/><D70/><U18/><E128/><V113/><F113/><W78/><G6/><T16/><REACH who="0" step="1"/><D96/><REACH who="0" ten="235,235,173,347" step="2"/><U127/><E99/><V118/><F107/><W124/><G124/><T12/><AGARI ba="0,1" hai="9,12,16,24,26,38,41,45,56,58,59,82,87,88" machi="12" ten="30,8000,1" yaku="1,1,2,1,0,1,54,2,53,0" doraHai="49" doraHaiUra="98" who="0" fromWho="0" sc="235,90,235,-20,173,-40,347,-20" /><INIT seed="3,0,0,2,3,102" ten="325,215,133,327" oya="3" hai0="94,31,23,117,85,49,101,105,95,64,107,40,30" hai1="29,50,81,33,1,5,12,65,91,127,8,68,128" hai2="20,119,89,75,28,58,122,57,55,129,48,133,39" hai3="73,17,103,21,70,99,120,36,44,84,110,100,47"/><W135/><G120/><T54/><D117/><U86/><E127/><V34/><F119/><W60/><G73/><T43/><D64/><U83/><E128/><V24/><F129/><W104/><G135/><T108/><D108/><U52/><E33/><V63/><F133/><W13/><G110/><T22/><D101/><U19/><E29/><V46/><F122/><W42/><G103/><T96/><D85/><U115/><E115/><V78/><F78/><W134/><G134/><T9/><D49/><U109/><E109/><V80/><F75/><W56/><G70/><T6/><D9/><U98/><E98/><V7/><F7/><W69/><G69/><T114/><D96/><U116/><E116/><V25/><F39/><W32/><G32/><T4/><REACH who="0" step="1"/><D54/><REACH who="0" ten="315,215,133,327" step="2"/><U79/><E65/><V112/><F112/><AGARI ba="0,1" hai="4,6,22,23,30,31,40,43,94,95,105,107,112,114" machi="112" ten="25,12000,2" yaku="1,1,2,1,22,2,52,2,53,0" doraHai="102" doraHaiUra="126" who="0" fromWho="2" sc="315,130,215,0,133,-120,327,0" /><INIT seed="4,0,0,2,5,31" ten="445,215,13,327" oya="0" hai0="67,107,113,95,116,128,57,29,49,125,40,21,88" hai1="93,56,1,83,76,58,47,99,24,7,6,36,48" hai2="86,87,55,60,115,90,120,39,54,122,26,71,130" hai3="19,129,100,23,101,63,2,51,131,8,41,92,135"/><T112/><D107/><U28/><E36/><V123/><F130/><N who="3" m="49675" /><G135/><T97/><D128/><U59/><E1/><V9/><F115/><N who="0" m="44106" /><D116/><U61/><E61/><V114/><F114/><W3/><G63/><N who="0" m="38383" /><D125/><U68/><E68/><V77/><F39/><W11/><G51/><T30/><D21/><N who="1" m="15375" /><E83/><V53/><F9/><N who="3" m="3659" /><G41/><T38/><D38/><U20/><E76/><V103/><F103/><N who="3" m="39499" /><G92/><T124/><D124/><U81/><E20/><V108/><F108/><W64/><G64/><T15/><D15/><AGARI ba="0,0" hai="2,3,15,19,23" m="39499,3659,49675" machi="15" ten="30,1000,0" yaku="19,1" doraHai="31" who="3" fromWho="0" sc="445,-10,215,0,13,0,327,10" /><INIT seed="5,0,0,4,3,80" ten="435,215,13,337" oya="1" hai0="54,10,83,114,96,58,3,48,82,57,32,125,15" hai1="34,8,120,60,30,26,0,52,31,133,17,117,13" hai2="23,121,128,84,62,126,66,71,42,24,93,68,99" hai3="14,18,113,47,123,45,73,56,88,87,132,69,36"/><U115/><E115/><V38/><F121/><W130/><G123/><T106/><D3/><U91/><E120/><V29/><F128/><W33/><G69/><T100/><D32/><U19/><E117/><V98/><F126/><W6/><G33/><T61/><D125/><U63/><E133/><V75/><F75/><W92/><G73/><T27/><D27/><U12/><E0/><V39/><F71/><W112/><G6/><T131/><D131/><U109/><E109/><V103/><F42/><W35/><G35/><T9/><D114/><N who="3" m="44137" /><G36/><T110/><D110/><U44/><E31/><V5/><F5/><W46/><G130/><T97/><D97/><U53/><E91/><V111/><F111/><W124/><G124/><T89/><D89/><U22/><E44/><V4/><F4/><W50/><G132/><T51/><D51/><U108/><E108/><V20/><F20/><N who="3" m="11351" /><G46/><T78/><D15/><U49/><E49/><V65/><F65/><W77/><G77/><T104/><D78/><U86/><E63/><V134/><F134/><W119/><G119/><T107/><D10/><U40/><E60/><V81/><REACH who="2" step="1"/><F99/><REACH who="2" ten="435,215,3,337" step="2"/><W16/><G16/><T76/><D96/><U25/><E40/><V37/><F37/><W127/><G127/><T7/><D7/><U85/><E26/><V41/><F41/><W55/><AGARI ba="0,1" hai="45,47,50,55,56,87,88,92" m="11351,44137" machi="55" ten="30,7900,0" yaku="25,1,15,1,52,1,54,1" doraHai="80" who="3" fromWho="3" sc="435,-20,215,-39,3,-20,337,89" owari="415,22.0,176,-22.0,-17,-52.0,426,52.0" /></mjloggm>