<mjloggm ver="2.3"><GO type="225" lobby="0"/><UN n0="%E5%B0%B1%E6%B4%BB%E7%94%9F%40%E5%B7%9D%E6%9D%91%E8%BB%8D%E5%9B%A3" n1="%E3%82%B4%E3%83%BC%E3%83%AB%E3%83%87%E3%83%B3%E3%81%B2%E3%82%88%E3%81%93" n2="%E5%90%91%E4%BA%95%E7%90%86" n3="%E7%B4%85%E3%81%84%E7%9E%B3%E3%81%AE%E6%AD%A6%E4%B8%B8" dan="17,16,16,17" rate="2218.31,2132.27,2150.61,2133.71" sx="M,M,M,M"/><TAIKYOKU oya="0"/><INIT seed="0,0,0,3,4,133" ten="250,250,250,250" oya="0" hai0="82,49,95,114,43,34,132,10,66,97,117,18,105" hai1="87,77,11,39,59,58,101,123,72,89,7,130,121" hai2="0,53,134,90,8,44,125,80,67,100,52,71,24" hai3="25,128,73,19,32,70,75,41,135,102,40,103,88"/><T26/><D117/><U79/><E130/><V93/><F134/><W42/><G135/><T96/><D132/><U131/><E131/><V30/><F100/><W35/><G128/><T27/><D114/><U109/><E39/><V111/><F80/><W124/><G70/><T56/><D34/><U110/><E101/><V5/><F111/><N who="1" m="42505" /><E59/><V20/><F125/><W126/><G19/><T78/><D105/><U86/><E58/><V46/><F67/><W38/><G88/><T55/><D43/><U84/><E72/><V14/><F71/><W129/><G129/><T92/><D66/><U2/><E89/><V122/><F0/><W107/><G41/><T113/><D113/><U50/><E50/><V45/><REACH who="2" step="1"/><F122/><AGARI ba="0,0" hai="2,7,11,77,79,84,86,87,121,122,123" m="42505" machi="122" ten="40,1300,0" yaku="14,1" doraHai="133" who="1" fromWho="2" sc="250,0,250,13,250,-13,250,0" /><INIT seed="1,0,0,4,3,101" ten="250,263,237,250" oya="1" hai0="94,9,62,55,102,54,3,115,75,59,119,69,70" hai1="18,12,23,111,120,51,95,0,33,114,26,65,36" hai2="81,38,7,22,58,20,121,37,78,68,41,71,10" hai3="122,74,43,127,13,46,87,28,77,5,31,106,50"/><U45/><E120/><V48/><F121/><W82/><G127/><T16/><D119/><U89/><E114/><V134/><F134/><W97/><G122/><T60/><D115/><U86/><E0/><N who="2" m="359" /><F38/><W99/><G74/><T91/><D75/><U92/><E36/><V112/><F112/><W104/><G97/><T124/><D124/><U29/><E111/><V93/><F93/><W8/><G99/><T19/><D102/><U76/><E76/><V27/><F58/><W132/><G132/><T57/><D3/><U11/><E65/><V117/><F48/><W79/><G79/><T88/><D9/><U123/><E123/><V72/><F117/><W40/><G43/><T105/><REACH who="0" step="1"/><D94/><REACH who="0" ten="240,263,237,250" step="2"/><U53/><E33/><V83/><F72/><W129/><G129/><T24/><D24/><U107/><E107/><AGARI ba="0,1" hai="5,8,13,28,31,40,46,50,77,82,87,104,106,107" machi="107" ten="40,8000,1" yaku="25,2,52,3" doraHai="101" who="3" fromWho="1" sc="240,0,263,-80,237,0,250,90" /><AGARI ba="0,0" hai="16,19,54,55,57,59,60,62,69,70,88,91,105,107" machi="107" ten="25,12000,2" yaku="1,1,22,2,52,2,54,2,53,0" doraHai="101" doraHaiUra="61" who="0" fromWho="1" sc="240,120,183,-120,237,0,340,0" /><INIT seed="2,0,0,3,3,121" ten="360,63,237,340" oya="2" hai0="20,12,105,119,17,22,84,18,96,42,36,48,127" hai1="14,3,90,24,120,35,98,103,117,74,115,44,6" hai2="26,76,133,37,53,66,21,71,29,82,128,102,101" hai3="78,134,55,95,85,61,13,124,94,126,40,68,81"/><V99/><F37/><W77/><G134/><T112/><D112/><U73/><E117/><V135/><F128/><W51/><G77/><T87/><D127/><N who="3" m="48681" /><G40/><T65/><D36/><U111/><E120/><V88/><F53/><W58/><G13/><T43/><D119/><U30/><E115/><V92/><F66/><AGARI ba="0,0" hai="51,55,58,61,66,68,78,81,85,94,95" m="48681" machi="66" ten="30,1000,0" yaku="18,1" doraHai="121" who="3" fromWho="2" sc="360,0,63,0,237,-10,340,10" /><INIT seed="3,0,0,3,1,80" ten="360,63,227,350" oya="3" hai0="123,14,25,40,43,8,94,6,103,66,11,55,106" hai1="119,31,85,41,72,134,105,89,33,28,61,36,86" hai2="16,127,2,92,110,111,95,120,57,64,30,60,101" hai3="131,114,109,38,9,10,132,23,102,32,63,58,7"/><W44/><G114/><T104/><D123/><U98/><E119/><V34/><F34/><W19/><G32/><T108/><D106/><U15/><E134/><V71/><F30/><W47/><G132/><T67/><D104/><U93/><E72/><V121/><F2/><W46/><G38/><T12/><D25/><U96/><E36/><V17/><F127/><W130/><G109/><N who="2" m="41481" /><F71/><W84/><G102/><T69/><D108/><U118/><E118/><V51/><F16/><W77/><G84/><T22/><D22/><U75/><E75/><V97/><F51/><W0/><G10/><T1/><D1/><U78/><E33/><V37/><F92/><W29/><G77/><T124/><D124/><U3/><E3/><V100/><F57/><W113/><G29/><T54/><D69/><U21/><E105/><V90/><F90/><W45/><G45/><T56/><D56/><U18/><E41/><N who="0" m="15945" /><D94/><U48/><E61/><V62/><F17/><W87/><G87/><T117/><D117/><U122/><E122/><V4/><F60/><W126/><G126/><T68/><D68/><U20/><E31/><V88/><F62/><W70/><G70/><T53/><D103/><U82/><E28/><V49/><F37/><W42/><G42/><T35/><D35/><U135/><E135/><V74/><F74/><W116/><G116/><T115/><D115/><U91/><E78/><V65/><F121/><W76/><G76/><T52/><N who="0" m="13824" /><DORA hai="81" /><T13/><D13/><U128/><E128/><V73/><F120/><W26/><G113/><T99/><D99/><U59/><E21/><RYUUKYOKU ba="0,0" sc="360,10,63,10,227,-30,350,10" hai0="6,8,11,12,14,66,67" hai1="15,18,20,48,59,82,85,86,89,91,93,96,98" hai3="0,7,9,19,23,26,44,46,47,58,63,130,131" /><INIT seed="3,1,0,1,0,1" ten="370,73,197,360" oya="3" hai0="111,56,61,21,106,125,135,32,79,80,73,48,67" hai1="92,77,27,9,64,46,7,129,117,85,38,97,17" hai2="110,14,34,87,91,51,13,43,28,90,12,3,52" hai3="89,100,112,104,42,15,107,86,116,113,132,118,68"/><W25/><G68/><T102/><D32/><U120/><E120/><V22/><F3/><W35/><G42/><T75/><D125/><U123/><E123/><V88/><F34/><W4/><G4/><T49/><D135/><U16/><E129/><V99/><F43/><W26/><G15/><T20/><D111/><U115/><E115/><N who="3" m="44106" /><G26/><T95/><D106/><N who="3" m="40489" /><G25/><T29/><D75/><U37/><E117/><N who="3" m="45162" /><G35/><T24/><D21/><U103/><E64/><V98/><F90/><W60/><G60/><T81/><D81/><U96/><E38/><V19/><F87/><W65/><G65/><T83/><D83/><U130/><E130/><V23/><F98/><AGARI ba="1,0" hai="20,24,29,48,49,56,61,67,73,79,80,95,98,102" machi="98" ten="40,2600,0" yaku="25,2" doraHai="1" who="0" fromWho="2" sc="370,29,73,0,197,-29,360,0" owari="399,50.0,73,-43.0,168,-23.0,360,16.0" /></mjloggm>