<mjloggm ver="2.3"><GO type="225" lobby="0"/><UN n0="%72%75%6E%65%2D%72%61%6E" n1="%E3%83%8A%E3%82%BA%E6%98%9F%40%E6%9D%8F%E6%9D%8F%E8%BB%8D%E5%9C%98" n2="%E3%82%A6%E3%83%AB%E3%83%88%E3%83%A9%E7%AB%8B%E7%9B%B4" n3="%E5%8F%8B%E6%B2%A2" dan="16,16,17,16" rate="2060.49,2047.52,2147.59,2155.56" sx="M,F,M,M"/><TAIKYOKU oya="0"/><INIT seed="0,0,0,4,1,45" ten="250,250,250,250" oya="0" hai0="47,40,127,57,15,63,91,122,70,66,111,112,1" hai1="4,9,55,41,19,0,3,98,6,126,78,44,39" hai2="118,14,131,75,134,83,123,107,26,90,37,2,94" hai3="12,124,119,56,95,52,87,99,35,113,17,46,50"/><T34/><D122/><U16/><E126/><V69/><RYUUKYOKU type="yao9" ba="0,0" sc="250,0,250,0,250,0,250,0" hai2="2,14,26,37,69,75,83,90,94,107,118,123,131,134" /><INIT seed="0,1,0,3,3,119" ten="250,250,250,250" oya="0" hai0="4,13,72,103,82,35,75,113,107,40,108,25,125" hai1="38,89,63,110,86,121,51,21,50,19,45,105,99" hai2="41,127,70,91,126,93,8,43,67,58,65,77,5" hai3="46,57,81,94,112,100,48,17,88,78,87,0,11"/><T3/><D113/><U101/><E110/><V129/><F70/><W30/><G112/><T22/><D35/><U102/><E102/><V122/><F77/><W71/><G71/><T26/><D26/><U20/><E121/><V61/><F67/><W29/><G100/><T59/><D125/><N who="2" m="47626" /><F129/><W32/><G57/><T123/><D123/><U37/><E63/><V106/><F106/><W130/><G32/><T44/><D108/><U33/><E33/><V42/><F122/><W47/><G47/><T132/><D13/><U109/><E109/><V60/><F60/><W74/><G130/><T98/><D59/><U95/><E51/><V56/><F56/><W10/><G17/><T62/><D62/><U49/><E49/><V124/><N who="2" m="47634" /><V96/><DORA hai="114" /><F43/><W76/><G76/><N who="0" m="44295" /><D75/><U68/><E68/><V97/><F97/><W64/><G64/><T31/><D31/><U55/><REACH who="1" step="1"/><E20/><REACH who="1" ten="250,240,250,250" step="2"/><V85/><F96/><W14/><G48/><T117/><D22/><U80/><E80/><V79/><F79/><W39/><G78/><T53/><D103/><U69/><E69/><V66/><F66/><W52/><G81/><T104/><D107/><U116/><E116/><V34/><F34/><W18/><G74/><T83/><D117/><U90/><E90/><V84/><F84/><W131/><G131/><T9/><D83/><U115/><E115/><V23/><F23/><W128/><G128/><T111/><D104/><U73/><E73/><V1/><AGARI ba="1,1" hai="1,5,8,41,42,58,61,65,85,91,93" m="47634" machi="1" ten="40,1500,0" yaku="18,1" doraHai="119,114" who="2" fromWho="2" sc="250,-8,240,-5,250,28,250,-5" /><INIT seed="1,0,0,1,4,10" ten="242,235,278,245" oya="1" hai0="115,124,93,35,3,103,90,57,21,69,88,73,1" hai1="38,13,45,31,82,104,118,65,33,126,22,64,25" hai2="96,74,113,107,125,44,12,133,127,24,123,47,83" hai3="50,85,27,75,41,16,54,60,40,59,61,8,72"/><U131/><E118/><V30/><F123/><W5/><G61/><T15/><D35/><U112/><E112/><V80/><F113/><W81/><G75/><T79/><D69/><U48/><E104/><V92/><F107/><W52/><G72/><T109/><D115/><U36/><E131/><V0/><F0/><W122/><G122/><T9/><D21/><U119/><E119/><V6/><F74/><W116/><G116/><T110/><D103/><U68/><E126/><N who="2" m="48139" /><F133/><W70/><G27/><T17/><D124/><U20/><E33/><N who="2" m="20679" /><F12/><N who="3" m="7175" /><G5/><T49/><D73/><U94/><E82/><N who="2" m="31275" /><F6/><W114/><G70/><T28/><D79/><U129/><E129/><V14/><F14/><W19/><G19/><T91/><D93/><U34/><E34/><V11/><F11/><W135/><G135/><T102/><D28/><U43/><E68/><V87/><F87/><W32/><G32/><T58/><D102/><AGARI ba="0,0" hai="44,47,92,96,102" m="31275,20679,48139" machi="102" ten="30,1000,0" yaku="18,1" doraHai="10" who="2" fromWho="0" sc="242,-10,235,0,278,10,245,0" /><INIT seed="2,0,0,2,0,89" ten="232,235,288,245" oya="2" hai0="14,81,101,15,45,61,0,22,118,113,112,60,86" hai1="4,33,80,76,129,52,26,93,88,134,98,130,97" hai2="58,131,72,47,90,43,17,5,16,12,91,65,54" hai3="57,20,35,77,125,116,100,9,126,87,82,95,25"/><V73/><F65/><W94/><G35/><T66/><D0/><U46/><E4/><V135/><F131/><N who="1" m="50185" /><E134/><V120/><F120/><W6/><G116/><T2/><D2/><U51/><E98/><V21/><F135/><W110/><G110/><T19/><D118/><U7/><E7/><V10/><F73/><W69/><G69/><T74/><D74/><N who="1" m="43031" /><E26/><V1/><F17/><W36/><G36/><T79/><D101/><U104/><E104/><V59/><F72/><W103/><G103/><T49/><D14/><U34/><AGARI ba="0,0" hai="33,34,46,51,52,88,93,97" m="43031,50185" machi="34" ten="30,7900,0" yaku="19,1,52,1,54,2" doraHai="89" who="1" fromWho="1" sc="232,-20,235,79,288,-39,245,-20" /><INIT seed="3,0,0,0,2,42" ten="212,314,249,225" oya="3" hai0="50,79,67,2,86,74,100,18,119,116,36,37,113" hai1="30,43,85,72,82,102,107,31,23,21,40,110,4" hai2="115,54,134,34,124,51,71,133,57,121,70,9,135" hai3="1,24,105,73,117,47,127,22,13,12,87,7,103"/><W45/><G117/><T83/><D2/><U39/><E72/><V111/><F34/><W11/><G73/><T49/><D67/><U112/><E112/><V48/><F9/><N who="3" m="4159" /><G1/><T131/><D113/><U108/><E4/><V16/><F115/><W6/><G105/><T14/><D131/><U56/><E102/><V76/><F76/><W129/><G129/><T106/><D74/><U92/><E92/><V15/><F121/><W58/><G103/><T65/><D65/><U68/><E68/><V53/><F111/><W91/><G58/><T10/><D49/><U89/><E107/><V46/><F124/><W96/><G96/><T5/><D5/><U123/><E123/><V130/><F130/><W95/><G127/><T20/><D10/><U98/><E98/><V66/><F66/><W29/><AGARI ba="0,0" hai="6,11,13,22,24,29,45,47,87,91,95" m="4159" machi="29" ten="30,6000,0" yaku="8,1,52,2" doraHai="42" who="3" fromWho="3" sc="212,-20,314,-20,249,-20,225,60" /><INIT seed="3,1,0,1,5,121" ten="192,294,229,285" oya="3" hai0="49,7,53,110,44,129,72,24,58,114,101,33,63" hai1="50,91,79,124,93,38,28,86,59,88,36,111,6" hai2="117,135,77,3,109,46,104,43,102,62,41,19,122" hai3="55,15,64,57,47,71,8,11,17,14,97,2,103"/><W76/><G2/><T35/><D114/><U10/><E111/><V13/><F3/><W120/><G120/><T128/><D72/><U84/><E124/><V67/><F117/><W73/><G71/><T69/><D7/><U105/><E105/><V21/><F122/><W125/><G125/><T0/><D0/><U42/><E28/><V30/><F135/><W118/><G118/><T12/><D69/><U20/><E20/><V22/><F109/><W127/><G127/><T23/><D12/><N who="1" m="5207" /><E59/><V74/><F77/><W87/><G73/><T90/><D101/><U100/><E91/><V34/><F74/><W5/><G87/><T52/><D110/><U60/><E60/><V61/><F61/><N who="3" m="37935" /><G76/><T83/><D83/><N who="1" m="47231" /><E100/><V16/><F34/><W54/><G47/><AGARI ba="1,0" hai="36,38,42,47,50,86,88,93" m="47231,5207" machi="47" ten="30,2000,0" yaku="25,1,54,1" doraHai="121" who="1" fromWho="3" sc="192,0,294,23,229,0,285,-23" owari="192,-31.0,317,42.0,229,-17.0,262,6.0" /></mjloggm>