<mjloggm ver="2.3"><GO type="169" lobby="0"/><UN n0="%67%6F%69%73%75%62%61%69" n1="%3D%E5%9C%92%E5%9F%8E%E5%AF%BA%E6%80%9C%3D" n2="%E3%83%88%E3%83%88%E3%83%AA%E5%85%88%E7%94%9F%31%39%E6%AD%B3" n3="%70%67%61%69%6E" dan="16,19,18,16" rate="2157.87,2261.61,2206.12,2093.46" sx="M,F,F,M"/><TAIKYOKU oya="0"/><INIT seed="0,0,0,2,4,6" ten="250,250,250,250" oya="0" hai0="22,17,125,72,86,132,116,58,84,28,29,45,32" hai1="97,106,21,59,67,11,94,108,114,33,90,69,66" hai2="53,131,89,15,70,0,3,30,8,112,129,103,19" hai3="40,101,31,77,9,71,4,85,26,62,24,54,2"/><T44/><D72/><U98/><E33/><V78/><F70/><W83/><G40/><T99/><D116/><U57/><E69/><V121/><F78/><W68/><G101/><T118/><D118/><U10/><E108/><V64/><F64/><N who="1" m="24617" /><E106/><V36/><F36/><W20/><G62/><T42/><D132/><U43/><E114/><V56/><F112/><W76/><G76/><T51/><D125/><U87/><E21/><V48/><F121/><W119/><G119/><T134/><D134/><U1/><E1/><V111/><F111/><W27/><G27/><T38/><D58/><N who="1" m="22027" /><E43/><V102/><F30/><W49/><REACH who="3" step="1"/><G26/><REACH who="3" ten="250,250,250,240" step="2"/><T12/><D42/><U7/><E7/><V46/><F102/><W41/><G41/><T52/><D38/><U124/><E124/><V39/><F103/><W128/><G128/><T25/><D29/><U135/><E135/><V110/><F39/><W60/><G60/><T55/><D99/><AGARI ba="0,1" hai="10,11,87,90,94,97,98,99" m="22027,24617" machi="99" ten="30,3900,0" yaku="8,1,52,2" doraHai="6" who="1" fromWho="0" sc="250,-39,250,49,250,0,240,0" /><INIT seed="1,0,0,0,2,70" ten="211,299,250,240" oya="1" hai0="80,43,39,73,88,72,82,74,3,57,126,102,29" hai1="129,95,83,135,97,12,123,58,61,122,79,119,124" hai2="9,85,90,41,120,23,10,96,16,114,75,62,66" hai3="93,32,13,45,65,109,15,94,49,125,22,51,5"/><U21/><E119/><V53/><F120/><W127/><G32/><T52/><D3/><U115/><E115/><V104/><F75/><W134/><G65/><T55/><D29/><U111/><E124/><N who="3" m="47690" /><G109/><T121/><D126/><U4/><E129/><V1/><F114/><W30/><G134/><T27/><D121/><U31/><E4/><V28/><F28/><W101/><G101/><T86/><D102/><U117/><E117/><V64/><F104/><W0/><G0/><T36/><D27/><U128/><E128/><V7/><F96/><W19/><G30/><T35/><D35/><U131/><E135/><V37/><F10/><N who="3" m="4303" /><G51/><T67/><D67/><U133/><E111/><V46/><F62/><W68/><G68/><T116/><D116/><U33/><E33/><V69/><F69/><W14/><G15/><T108/><D108/><U11/><E133/><V2/><F2/><W106/><G106/><T38/><D43/><AGARI ba="0,0" hai="14,19,22,43,45,49,93,94" m="4303,47690" machi="43" ten="30,1000,0" yaku="18,1" doraHai="70" who="3" fromWho="0" sc="211,-10,299,0,250,0,240,10" /><INIT seed="2,0,0,2,5,109" ten="201,299,250,250" oya="2" hai0="124,49,82,69,1,120,17,127,76,26,39,47,48" hai1="79,66,130,32,30,60,90,2,112,54,31,24,84" hai2="111,20,25,55,97,61,45,40,101,27,118,92,38" hai3="77,58,107,116,91,122,94,87,29,70,113,99,42"/><V88/><F118/><W62/><G116/><T78/><D1/><U34/><E2/><V93/><F111/><W52/><G122/><T128/><D69/><U0/><E0/><V83/><F83/><W100/><G70/><T11/><D120/><U134/><E79/><V80/><F80/><W85/><G42/><T14/><D128/><U131/><E54/><V64/><F55/><W108/><G108/><T46/><D39/><U75/><E75/><V43/><F43/><W6/><G6/><T106/><D106/><U86/><E134/><V110/><F20/><W22/><G87/><T8/><D26/><U16/><E16/><V89/><F110/><W7/><G7/><T104/><D104/><U41/><E41/><V68/><REACH who="2" step="1"/><F101/><REACH who="2" ten="201,299,240,250" step="2"/><W59/><G22/><T103/><D82/><U36/><E131/><V28/><F28/><W115/><G29/><T5/><D103/><U15/><E130/><V56/><F56/><N who="3" m="35079" /><G77/><T13/><D5/><U73/><E30/><V123/><F123/><W135/><G135/><T57/><D57/><U21/><E31/><V133/><F133/><W63/><G63/><T33/><D17/><U126/><E60/><V12/><F12/><W71/><G71/><T35/><AGARI ba="0,1" hai="8,11,13,14,33,35,46,47,48,49,76,78,124,127" machi="35" ten="25,3200,0" yaku="0,1,22,2" doraHai="109" who="0" fromWho="0" sc="201,42,299,-8,240,-16,250,-8" /><INIT seed="3,0,0,0,4,41" ten="243,291,224,242" oya="3" hai0="16,2,36,123,42,101,110,65,97,38,84,56,9" hai1="34,3,91,99,39,35,104,1,67,89,4,80,53" hai2="112,86,51,15,107,69,48,18,88,29,17,85,114" hai3="72,76,92,49,128,47,74,109,102,79,33,73,55"/><W96/><G33/><T95/><D123/><U78/><E67/><V11/><F107/><W93/><G128/><T62/><D110/><U87/><E39/><V44/><F69/><W52/><G109/><T77/><D2/><U122/><E122/><V25/><F51/><W125/><G125/><T54/><D42/><U105/><E53/><V14/><F85/><W75/><N who="3" m="18432" /><DORA hai="23" /><W30/><G30/><T21/><D9/><U121/><E4/><V132/><F132/><W113/><G113/><T90/><D77/><U61/><E61/><V68/><F68/><W40/><G55/><T26/><REACH who="0" step="1"/><D65/><REACH who="0" ten="233,291,224,242" step="2"/><U10/><E78/><V81/><F114/><W120/><G120/><T71/><D71/><U7/><E1/><V5/><F112/><W31/><G40/><T45/><D45/><U43/><E43/><N who="2" m="24607" /><F14/><W111/><G111/><T98/><D98/><U59/><E99/><V100/><F100/><W50/><G96/><T20/><D20/><AGARI ba="0,1" hai="5,11,15,17,18,20,25,29,81,86,88" m="24607" machi="20" ten="30,7700,0" yaku="8,1,52,2,54,1" doraHai="41,23" who="2" fromWho="0" sc="233,-77,291,0,224,87,242,0" /><INIT seed="4,0,0,1,0,121" ten="156,291,311,242" oya="0" hai0="13,116,24,25,112,27,63,120,132,129,100,130,50" hai1="16,15,62,81,33,89,106,105,73,91,92,2,47" hai2="108,118,11,10,18,46,7,65,41,51,119,44,79" hai3="84,32,131,22,60,86,70,133,57,55,74,56,113"/><T78/><D100/><U80/><E33/><V123/><F123/><W1/><G32/><T125/><D120/><U82/><E2/><V52/><F108/><W117/><G117/><N who="2" m="44553" /><F65/><W114/><G70/><T9/><D116/><U23/><E73/><V14/><F79/><W88/><G74/><T30/><D78/><U31/><E31/><V94/><F94/><W17/><G1/><T45/><D112/><N who="3" m="43113" /><G131/><N who="0" m="50187" /><D63/><U3/><E3/><N who="2" m="383" /><F46/><W29/><G29/><T49/><D125/><U75/><E75/><V77/><F77/><W134/><G57/><T5/><D132/><N who="3" m="50793" /><G88/><T90/><D90/><U38/><E89/><V6/><F6/><W68/><G68/><T97/><D97/><U85/><E91/><V40/><AGARI ba="0,0" hai="11,14,18,40,41,44,51,52" m="383,44553" machi="40" ten="30,2000,0" yaku="12,1,54,1" doraHai="121" who="2" fromWho="2" sc="156,-10,291,-5,311,20,242,-5" /><INIT seed="5,0,0,3,1,57" ten="146,286,331,237" oya="1" hai0="42,119,61,131,77,69,133,0,103,87,115,34,28" hai1="92,13,62,130,134,39,2,122,111,12,113,86,125" hai2="105,4,17,26,49,21,93,70,53,33,43,35,19" hai3="23,106,84,83,30,25,72,10,110,32,126,60,8"/><U112/><E39/><V98/><F105/><W52/><G110/><T80/><D0/><U95/><E2/><V9/><F70/><W67/><G72/><T116/><D115/><U75/><E75/><V118/><F118/><W51/><G126/><T31/><D133/><U104/><E104/><V64/><F64/><W88/><G32/><T22/><D131/><U109/><E86/><V124/><F124/><W99/><G99/><T89/><D34/><U45/><E45/><V66/><F66/><W27/><G27/><T58/><D69/><U65/><E122/><V96/><F96/><W18/><G30/><T82/><D103/><U81/><E81/><V37/><F37/><W24/><G24/><T101/><D101/><U121/><E121/><V44/><F43/><W73/><G73/><T15/><D42/><U79/><E79/><V123/><F123/><W117/><G117/><T91/><D91/><U36/><E36/><V29/><F35/><W128/><G128/><T107/><D107/><U71/><E134/><V68/><F68/><W16/><G18/><N who="0" m="10591" /><D116/><U56/><E71/><V38/><F33/><W5/><G5/><T127/><D127/><U97/><E125/><V120/><F38/><W102/><G102/><T54/><D119/><U41/><E130/><V76/><F76/><W14/><G25/><T135/><D135/><U1/><E109/><V94/><F120/><W85/><G85/><AGARI ba="0,0" hai="28,31,54,58,61,77,80,82,85,87,89" m="10591" machi="85" ten="30,2000,0" yaku="8,1,52,1" doraHai="57" who="0" fromWho="3" sc="146,20,286,0,331,0,237,-20" /><INIT seed="6,0,0,2,4,52" ten="166,286,331,217" oya="2" hai0="69,107,21,33,113,127,17,20,85,104,7,130,73" hai1="122,26,82,32,45,97,87,72,75,133,91,19,74" hai2="134,6,103,124,51,78,16,59,108,35,83,64,14" hai3="25,84,58,10,125,93,121,22,63,106,115,110,62"/><V50/><F35/><W55/><G110/><T34/><D69/><U61/><E133/><V96/><F134/><W135/><G135/><T40/><D73/><U100/><E45/><V132/><F6/><W15/><G121/><T4/><D40/><U8/><E8/><V38/><F38/><W86/><G106/><T3/><D85/><U118/><E118/><V41/><F124/><W18/><G125/><T39/><D127/><U94/><E19/><V66/><F108/><W24/><G115/><T2/><D130/><U117/><E117/><V60/><F66/><W46/><G46/><T30/><D17/><U65/><E26/><V109/><F41/><W53/><G93/><T0/><D30/><U128/><E32/><V57/><F57/><N who="3" m="35119" /><G25/><T80/><D2/><U43/><E43/><V28/><F109/><W81/><G81/><T36/><REACH who="0" step="1"/><D80/><REACH who="0" ten="156,286,331,217" step="2"/><U44/><E128/><V23/><F132/><W90/><G90/><T5/><D5/><AGARI ba="0,1" hai="5,10,15,18,22,24,55,58,63,84,86" m="35119" machi="5" ten="30,3900,0" yaku="8,1,52,2" doraHai="52" who="3" fromWho="0" sc="156,-39,286,0,331,0,217,49" /><INIT seed="7,0,0,2,0,65" ten="117,286,331,266" oya="3" hai0="101,29,26,27,104,63,71,30,78,94,20,49,88" hai1="135,96,103,131,5,91,84,28,62,16,66,13,14" hai2="112,17,108,119,3,77,0,32,110,57,85,100,129" hai3="61,9,22,6,130,99,55,90,76,128,8,116,111"/><W34/><G34/><T15/><D78/><U59/><E131/><N who="3" m="50218" /><G116/><T64/><D15/><U117/><E135/><V2/><F119/><W33/><G33/><T105/><D49/><U134/><E134/><V82/><F32/><W115/><G115/><T133/><D101/><U109/><E109/><V118/><F118/><W54/><G111/><T121/><D121/><U1/><E28/><V7/><F7/><W21/><G76/><T80/><D80/><U95/><E117/><V93/><F112/><W24/><G61/><T75/><D75/><U102/><E1/><V37/><F37/><W114/><G114/><T106/><D133/><U38/><E38/><V79/><F129/><W72/><G72/><T58/><D58/><U73/><E73/><V107/><F107/><W10/><G6/><T97/><REACH who="0" step="1"/><D106/><REACH who="0" ten="107,286,331,266" step="2"/><U39/><E103/><V127/><F77/><W51/><G51/><T40/><D40/><U12/><E39/><V120/><F79/><W52/><G24/><T92/><D92/><AGARI ba="0,1" hai="8,9,10,21,22,52,54,55,90,92,99" m="50218" machi="92" ten="40,3900,0" yaku="19,1,54,1" doraHai="65" who="3" fromWho="0" sc="107,-39,286,0,331,0,266,49" /><INIT seed="7,1,0,2,2,5" ten="68,286,331,315" oya="3" hai0="60,78,66,97,77,90,79,53,63,50,46,16,103" hai1="49,21,102,38,120,37,30,20,100,1,42,36,95" hai2="59,68,35,19,70,113,96,33,4,51,18,132,29" hai3="3,94,87,101,92,128,89,119,85,98,52,24,56"/><W17/><G119/><T130/><D130/><U108/><E108/><V15/><F4/><W13/><G3/><T111/><D111/><U86/><E120/><V82/><F29/><W28/><G128/><T84/><D103/><U81/><E1/><V69/><F113/><W112/><G112/><T14/><D97/><U131/><E131/><V118/><F118/><W104/><G104/><T116/><D116/><U6/><E6/><V22/><F132/><W107/><G107/><T43/><D43/><U54/><E42/><V134/><F134/><W114/><G114/><T72/><D72/><U99/><E102/><V25/><F96/><N who="3" m="57359" /><G24/><T10/><REACH who="0" step="1"/><D66/><REACH who="0" ten="58,286,331,315" step="2"/><U27/><E20/><V39/><F22/><N who="3" m="11567" /><G28/><T2/><D2/><U31/><E31/><V121/><F33/><W55/><G55/><T126/><D126/><U135/><E135/><V125/><F35/><W67/><G67/><T34/><D34/><U75/><E75/><V83/><F125/><W40/><G40/><T106/><D106/><U127/><E127/><V129/><F129/><W110/><G110/><T64/><D64/><U47/><REACH who="1" step="1"/><E37/><REACH who="1" ten="58,276,331,315" step="2"/><V74/><F39/><W117/><G117/><T91/><D91/><AGARI ba="1,2" hai="21,27,30,36,38,47,49,54,81,86,91,95,99,100" machi="91" ten="30,7700,0" yaku="1,1,2,1,7,1,53,1" doraHai="5" doraHaiUra="88" who="1" fromWho="0" sc="58,-80,276,100,331,0,315,0" owari="-22,-52.0,376,47.0,331,13.0,315,-8.0" /></mjloggm>