<mjloggm ver="2.3"><GO type="41" lobby="0"/><UN n0="%E5%B0%B1%E6%B4%BB%E7%94%9F%40%E5%B7%9D%E6%9D%91%E8%BB%8D%E5%9B%A3" n1="%E3%82%B8%E3%82%BF%E3%83%BC%E3%83%90%E3%82%B0" n2="%68%69%64%65%6C%79" n3="%6F%6F%6F%6F%6D%6F%72%69" dan="18,13,13,15" rate="2210.97,1829.03,1883.40,1995.46" sx="M,M,M,M"/><TAIKYOKU oya="0"/><INIT seed="0,0,0,2,5,42" ten="250,250,250,250" oya="0" hai0="84,85,81,20,47,119,24,123,115,124,64,2,59" hai1="129,117,95,49,12,56,3,18,133,79,77,97,17" hai2="100,86,74,126,26,91,58,128,63,113,101,65,102" hai3="19,44,6,87,54,89,71,32,37,110,40,90,7"/><T118/><D123/><U80/><E133/><V57/><F57/><W67/><BYE who="2" /><G110/><T39/><D2/><U33/><E129/><V34/><F34/><W13/><G32/><T36/><D115/><U103/><E33/><V120/><F120/><W78/><G78/><T9/><D124/><U11/><E3/><V106/><F106/><W125/><G125/><T94/><D94/><U29/><E29/><V111/><F111/><W51/><G67/><T4/><D84/><U73/><E79/><V22/><F22/><W109/><G71/><T28/><D9/><U10/><E117/><V30/><F30/><W31/><G31/><T76/><D4/><U93/><E93/><V41/><F41/><W83/><G109/><T60/><REACH who="0" step="1"/><D47/><REACH who="0" ten="240,250,250,250" step="2"/><U61/><E10/><V121/><F121/><W70/><G6/><T27/><D27/><U38/><E11/><V69/><F69/><W122/><G7/><T75/><D75/><U55/><E12/><V131/><F131/><W62/><G70/><T1/><D1/><U112/><E112/><V92/><F92/><W88/><G122/><UN n2="%68%69%64%65%6C%79" /><T35/><D35/><U50/><E38/><AGARI ba="0,1" hai="20,24,28,36,38,39,59,60,64,76,81,85,118,119" machi="38" ten="40,2000,0" yaku="1,1,53,0" doraHai="42" doraHaiUra="134" who="0" fromWho="1" sc="240,30,250,-20,250,0,250,0" /><INIT seed="0,1,0,5,2,58" ten="270,230,250,250" oya="0" hai0="79,87,41,92,66,36,28,101,103,53,93,44,110" hai1="13,105,113,114,75,89,35,119,109,8,3,76,29" hai2="73,18,11,47,38,134,94,7,15,69,6,97,19" hai3="34,16,91,100,111,0,22,124,108,117,71,132,40"/><T90/><D79/><U39/><E105/><V30/><F30/><W125/><BYE who="2" /><G117/><T104/><D104/><U67/><E39/><V115/><F115/><W129/><G71/><UN n2="%68%69%64%65%6C%79" /><T55/><D110/><N who="3" m="42025" /><G100/><T131/><D131/><U65/><E109/><V82/><F73/><W43/><G91/><T51/><D28/><U81/><E3/><V102/><F69/><W42/><G129/><T118/><D118/><U130/><E130/><V106/><F134/><W27/><G132/><T99/><D66/><U57/><E119/><V25/><F82/><W96/><G96/><T54/><REACH who="0" step="1"/><D103/><REACH who="0" ten="260,230,250,250" step="2"/><U128/><E128/><V62/><F106/><W123/><G123/><T83/><D83/><U45/><E114/><V84/><F102/><W112/><G112/><T46/><AGARI ba="1,1" hai="36,41,44,46,51,53,54,55,87,90,92,93,99,101" machi="46" ten="20,3900,0" yaku="1,1,0,1,7,1,53,0" doraHai="58" doraHaiUra="21" who="0" fromWho="0" sc="260,52,230,-14,250,-14,250,-14" /><INIT seed="0,2,0,2,2,109" ten="312,216,236,236" oya="0" hai0="68,71,91,122,106,55,39,92,77,8,67,2,46" hai1="54,94,47,48,111,18,73,65,27,124,12,7,133" hai2="75,19,110,82,127,117,23,85,89,129,25,135,83" hai3="57,33,30,32,6,93,116,59,3,113,112,34,49"/><T24/><D106/><U97/><E133/><V105/><F110/><W16/><G116/><T74/><D122/><U35/><E124/><V115/><F105/><W128/><G128/><T20/><D67/><U60/><E73/><V104/><F104/><W66/><G30/><T56/><D77/><U11/><E111/><V62/><F129/><W134/><G134/><T61/><D74/><U81/><E81/><V0/><F135/><W132/><G132/><T70/><D8/><U36/><E36/><V103/><F0/><W15/><G6/><T45/><D2/><U96/><E94/><V53/><F103/><W90/><G3/><T86/><REACH who="0" step="1"/><D39/><REACH who="0" ten="302,216,236,236" step="2"/><U29/><E7/><V107/><F107/><W126/><G66/><T40/><D40/><U43/><E43/><V22/><F75/><W121/><G121/><T84/><D84/><U52/><E54/><V9/><F9/><W101/><G126/><T125/><D125/><U118/><E118/><V31/><F117/><W102/><G112/><T95/><D95/><U99/><E99/><V37/><F37/><W98/><G113/><T131/><D131/><U120/><E120/><V17/><F115/><W108/><G108/><T41/><D41/><U42/><E42/><V87/><F127/><W50/><G98/><T10/><D10/><U4/><REACH who="1" step="1"/><E4/><REACH who="1" ten="302,206,236,236" step="2"/><V63/><F63/><W69/><G93/><T88/><D88/><U21/><E21/><V64/><F62/><W44/><G90/><T80/><D80/><U26/><E26/><N who="2" m="16855" /><F64/><W13/><G33/><T38/><D38/><U114/><E114/><V72/><F72/><RYUUKYOKU ba="2,2" sc="302,15,206,15,236,-15,236,-15" hai0="20,24,45,46,55,56,61,68,70,71,86,91,92" hai1="11,12,18,27,29,35,47,48,52,60,65,96,97" /><INIT seed="0,3,2,2,4,108" ten="317,221,221,221" oya="0" hai0="95,66,119,20,10,110,128,18,135,90,6,123,9" hai1="100,83,99,21,118,72,40,63,81,96,98,38,116" hai2="109,111,103,69,104,117,23,77,26,17,71,24,35" hai3="58,132,31,120,82,36,39,73,49,12,29,52,37"/><T114/><D119/><U88/><E38/><V5/><F117/><W55/><G132/><T59/><D123/><U4/><E40/><V44/><F5/><W8/><G120/><T54/><D114/><U1/><E1/><V0/><F0/><W41/><G41/><T46/><D135/><U61/><E4/><V45/><F77/><W75/><G55/><T79/><D79/><U122/><E72/><V30/><F104/><W115/><G115/><T51/><D110/><N who="2" m="41994" /><F103/><W62/><G62/><N who="1" m="23562" /><E122/><V11/><F11/><N who="0" m="4106" /><D6/><U42/><E42/><V28/><F17/><W76/><REACH who="3" step="1"/><G75/><REACH who="3" ten="317,221,221,211" step="2"/><T13/><D128/><U93/><E118/><V85/><F85/><W102/><G102/><T131/><D131/><U19/><E100/><V78/><F78/><W97/><G97/><N who="1" m="37482" /><E116/><V3/><F3/><W68/><G68/><AGARI ba="3,3" hai="23,24,26,28,30,35,44,45,68,69,71" m="41994" machi="68" ten="30,1000,0" yaku="14,1" doraHai="108" who="2" fromWho="3" sc="317,0,221,0,221,49,211,-19" /><INIT seed="1,0,0,4,2,71" ten="317,221,270,192" oya="1" hai0="93,64,75,121,47,10,50,89,28,116,46,12,25" hai1="87,124,37,129,3,65,97,56,7,99,45,19,48" hai2="0,43,95,36,120,49,123,102,63,22,84,59,77" hai3="30,132,94,101,14,126,92,11,115,135,16,6,39"/><U91/><E129/><V74/><F49/><W134/><G115/><T122/><D75/><U113/><E124/><V125/><F125/><W112/><G112/><T79/><D79/><U57/><E113/><V9/><F22/><W88/><G126/><T4/><D64/><U78/><E78/><V109/><F109/><W58/><G30/><T107/><D107/><U21/><E57/><V41/><F41/><W54/><G101/><T61/><D61/><N who="1" m="38055" /><E7/><N who="2" m="1255" /><F102/><W1/><G39/><T23/><D116/><U72/><E3/><V67/><F95/><W82/><G82/><T70/><D70/><U118/><E118/><V83/><F84/><W104/><G104/><T111/><D111/><U52/><E72/><V117/><F117/><W5/><G92/><T44/><REACH who="0" step="1"/><D50/><REACH who="0" ten="307,221,270,192" step="2"/><U55/><E37/><V73/><F74/><W133/><N who="3" m="33792" /><DORA hai="35" /><W20/><G1/><T38/><D38/><U33/><E33/><V114/><F114/><W103/><G103/><T98/><AGARI ba="0,1" hai="4,10,12,23,25,28,44,46,47,89,93,98,121,122" machi="98" ten="30,2000,0" yaku="1,1,0,1,53,0" doraHai="71,35" doraHaiUra="100,51" who="0" fromWho="0" sc="307,30,221,-10,270,-5,192,-5" /><INIT seed="2,0,0,5,1,118" ten="337,211,265,187" oya="2" hai0="47,121,73,104,46,107,14,93,6,117,1,110,42" hai1="112,7,66,78,80,23,22,15,37,5,35,0,59" hai2="84,106,41,40,61,108,95,53,105,28,8,71,131" hai3="99,89,75,100,132,115,12,11,34,18,82,97,64"/><V96/><F131/><W43/><G34/><T74/><D1/><U92/><E37/><V48/><F108/><W50/><G132/><T21/><D93/><U125/><E125/><V13/><F28/><W26/><G115/><T57/><D57/><U88/><E35/><V25/><F25/><W49/><G64/><T60/><D60/><U63/><E0/><V79/><F106/><W122/><G122/><T54/><D54/><U33/><E33/><V55/><F105/><W2/><G2/><T16/><D6/><U67/><E67/><V113/><F113/><W102/><G75/><T114/><D121/><U69/><E69/><V109/><F109/><W134/><G134/><T58/><D58/><U77/><E77/><V9/><F71/><W81/><G89/><T124/><D110/><U17/><E23/><V120/><F120/><W103/><G26/><T62/><D62/><U126/><E126/><V94/><F61/><W130/><G130/><T70/><D70/><U98/><REACH who="1" step="1"/><E112/><REACH who="1" ten="337,201,265,187" step="2"/><V85/><F79/><W90/><G11/><T3/><D3/><U52/><E52/><N who="2" m="20043" /><F8/><W39/><G39/><T91/><D124/><U127/><E127/><V31/><F48/><W86/><G49/><T27/><D114/><U119/><E119/><V56/><F56/><W87/><G50/><T133/><D133/><U20/><E20/><V44/><F44/><W24/><G43/><T4/><D47/><U32/><E32/><V45/><F41/><W116/><G116/><T72/><D46/><U101/><E101/><V68/><F40/><W129/><G102/><T123/><D42/><RYUUKYOKU ba="0,1" sc="337,-10,201,30,265,-10,187,-10" hai1="5,7,15,17,22,59,63,66,78,80,88,92,98" /><INIT seed="3,1,1,3,4,69" ten="327,231,255,177" oya="3" hai0="109,59,42,92,28,82,45,84,0,75,67,8,22" hai1="130,62,94,128,29,1,58,111,78,47,106,132,133" hai2="72,9,18,89,123,121,12,57,23,134,126,117,95" hai3="41,40,125,20,73,104,70,14,44,16,49,131,91"/><W21/><G104/><T66/><D109/><U11/><E106/><V116/><F72/><W74/><G125/><T6/><D75/><U64/><E29/><V101/><F101/><W110/><G131/><N who="1" m="50218" /><E78/><V81/><F126/><W96/><G110/><T113/><D113/><U65/><E111/><V97/><F134/><W33/><G33/><T105/><D105/><U86/><E1/><V98/><F98/><W71/><G41/><T61/><D92/><U52/><E11/><V35/><F35/><W118/><G118/><T15/><D28/><U37/><E86/><V88/><F57/><W26/><G73/><T36/><D22/><U27/><E27/><V112/><F112/><W3/><G3/><T76/><D0/><U17/><E17/><V4/><F116/><W99/><G74/><T32/><D32/><U54/><E94/><V93/><F117/><W50/><G50/><T34/><D34/><U77/><E77/><V60/><F81/><W7/><G7/><T100/><D100/><U83/><E83/><V135/><F60/><W19/><REACH who="3" step="1"/><G91/><REACH who="3" ten="327,231,255,167" step="2"/><T124/><D124/><U80/><E133/><V85/><REACH who="2" step="1"/><F135/><REACH who="2" ten="327,231,245,167" step="2"/><W2/><G2/><AGARI ba="1,3" hai="2,4,9,12,18,23,85,88,89,93,95,97,121,123" machi="2" ten="40,8000,1" yaku="1,1,2,1,54,1,53,1" doraHai="69" doraHaiUra="13" who="2" fromWho="3" sc="327,0,231,0,245,113,167,-83" /><INIT seed="4,0,0,1,1,107" ten="327,231,358,84" oya="0" hai0="119,99,35,112,135,46,3,6,43,85,106,5,19" hai1="81,79,9,101,41,109,78,77,42,127,93,110,131" hai2="121,2,49,102,1,124,48,118,128,37,90,114,30" hai3="70,45,92,63,26,73,125,88,67,33,76,74,134"/><T0/><D119/><U14/><E131/><V8/><F90/><W117/><G117/><T69/><D69/><U96/><E127/><V22/><F102/><W15/><G125/><T83/><D35/><U116/><E116/><V66/><F66/><W86/><G134/><T11/><D135/><U12/><E81/><V91/><F91/><W97/><G15/><T111/><D112/><U61/><E61/><V4/><F48/><W25/><G45/><T133/><D133/><U64/><E64/><V94/><F94/><W32/><G32/><T36/><D111/><U28/><E28/><V123/><F49/><W100/><G76/><T115/><D115/><U10/><E14/><V18/><F37/><W53/><G53/><T62/><D62/><U129/><E129/><V51/><F51/><W65/><G65/><T31/><D31/><U95/><E12/><N who="2" m="5127" /><F118/><W52/><G52/><T13/><D99/><U89/><E110/><V50/><F50/><W113/><G113/><T68/><D106/><U34/><E34/><V47/><F30/><N who="3" m="19663" /><G26/><T54/><D54/><U38/><E38/><V58/><F114/><W60/><G60/><T57/><D57/><U17/><E109/><V130/><F124/><W55/><G55/><T44/><D68/><U82/><E42/><V108/><F108/><W104/><AGARI ba="0,0" hai="63,67,70,73,74,86,88,92,97,100,104" m="19663" machi="104" ten="30,7900,0" yaku="25,1,52,2,54,1" doraHai="107" who="3" fromWho="3" sc="327,-39,231,-20,358,-20,84,79" /><INIT seed="5,0,0,4,3,49" ten="288,211,338,163" oya="1" hai0="93,95,83,124,37,56,31,91,134,15,57,121,35" hai1="4,2,113,13,94,86,21,111,41,112,28,43,50" hai2="73,77,36,14,131,19,109,0,40,71,92,82,106" hai3="18,99,125,76,85,122,39,1,59,78,98,107,69"/><U127/><E2/><V51/><F106/><W132/><G69/><T79/><D37/><U100/><E28/><V47/><F71/><W87/><G122/><T103/><D124/><U42/><E127/><V84/><F109/><W46/><G125/><T89/><D103/><U27/><E27/><V72/><F131/><W70/><G70/><T63/><D134/><U129/><E129/><V130/><F130/><W80/><G132/><T75/><D35/><U30/><E30/><V53/><F92/><W24/><G1/><T97/><D31/><U74/><E74/><V66/><F66/><W22/><G107/><T119/><D119/><U54/><E111/><V110/><F0/><W3/><G3/><T17/><D63/><U133/><E133/><V12/><F12/><W55/><G46/><T26/><D26/><U90/><E100/><V20/><F110/><W10/><G10/><T118/><D118/><U67/><E67/><V7/><F7/><W123/><G39/><T126/><D121/><U58/><E4/><V65/><F65/><W32/><G32/><T38/><D38/><U68/><E68/><V120/><F120/><W88/><G123/><T108/><D108/><U115/><E41/><V44/><AGARI ba="0,0" hai="14,19,20,36,40,44,47,51,53,72,73,77,82,84" machi="44" ten="20,2700,0" yaku="0,1,7,1,52,1" doraHai="49" who="2" fromWho="2" sc="288,-7,211,-13,338,27,163,-7" /><INIT seed="6,0,0,3,0,85" ten="281,198,365,156" oya="2" hai0="119,42,9,61,95,116,90,81,26,12,57,55,96" hai1="127,59,87,122,7,43,34,58,92,134,98,110,73" hai2="126,63,49,40,37,67,94,100,89,33,117,29,16" hai3="82,52,72,104,21,30,48,125,131,133,111,54,120"/><V79/><F117/><N who="0" m="45130" /><D26/><U25/><E134/><V0/><F0/><W130/><G111/><T77/><D42/><U35/><E127/><V114/><F114/><W10/><G120/><T13/><D9/><U27/><E73/><AGARI ba="0,0" hai="12,13,55,57,61,73,77,81,90,95,96" m="45130" machi="73" ten="30,2000,0" yaku="12,1,52,1" doraHai="85" who="0" fromWho="1" sc="281,20,198,-20,365,0,156,0" /><INIT seed="7,0,0,3,4,85" ten="301,178,365,156" oya="3" hai0="129,96,106,84,12,18,65,5,118,90,10,4,44" hai1="92,101,67,111,48,66,76,105,46,52,117,80,123" hai2="98,16,70,95,7,32,59,45,69,35,26,57,103" hai3="21,86,14,82,121,68,71,132,78,73,38,64,49"/><W63/><G121/><T1/><D118/><U112/><E117/><V119/><F119/><W88/><G38/><T116/><D116/><U55/><E123/><V108/><F7/><W74/><G132/><T81/><D129/><U61/><E105/><V34/><F108/><W133/><G133/><T22/><D65/><U28/><E28/><V125/><F125/><W134/><G134/><T29/><D29/><U40/><E111/><V31/><F45/><W27/><G14/><T50/><D1/><U122/><E122/><V75/><F75/><W87/><G49/><T104/><D22/><U36/><E112/><V53/><F31/><W127/><G68/><T94/><D104/><U114/><E114/><V97/><F97/><W8/><G8/><T13/><D13/><U11/><E11/><V120/><F120/><W2/><G2/><T83/><D83/><U39/><E39/><V135/><F135/><W124/><G127/><T126/><D106/><U113/><E113/><V54/><F59/><W128/><G128/><T0/><D0/><U33/><E33/><V51/><F54/><N who="1" m="20521" /><E36/><V17/><REACH who="2" step="1"/><F26/><REACH who="2" ten="301,178,355,156" step="2"/><W115/><G115/><T43/><REACH who="0" step="1"/><D126/><REACH who="0" ten="291,178,355,156" step="2"/><U131/><E131/><V60/><F60/><W41/><G124/><T100/><AGARI ba="0,2" hai="4,5,10,12,18,43,44,50,81,84,90,94,96,100" machi="100" ten="20,12000,2" yaku="1,1,2,1,0,1,7,1,8,1,52,1,53,0" doraHai="85" doraHaiUra="109" who="0" fromWho="0" sc="291,140,178,-30,355,-30,156,-60" owari="431,52.0,148,-25.0,325,13.0,96,-40.0" /></mjloggm>