<mjloggm ver="2.3"><GO type="169" lobby="0"/><UN n0="%E3%81%A8%E3%81%A9%E3%81%8C" n1="%E5%B0%B1%E6%B4%BB%E7%94%9F%40%E5%B7%9D%E6%9D%91%E8%BB%8D%E5%9B%A3" n2="%58%57" n3="%E3%83%96%E3%83%AB%E3%83%96%E3%83%AB%E3%83%8F%E3%83%BC%E3%83%84" dan="16,17,16,18" rate="2089.47,2172.16,2094.09,2226.02" sx="M,M,M,M"/><TAIKYOKU oya="0"/><INIT seed="0,0,0,1,2,36" ten="250,250,250,250" oya="0" hai0="116,38,89,118,133,64,107,80,26,111,31,88,58" hai1="22,126,67,53,11,14,132,117,48,99,28,7,9" hai2="74,51,119,30,56,113,114,2,92,120,93,62,39" hai3="33,91,42,45,12,25,129,103,71,106,0,52,17"/><T27/><D107/><U102/><E117/><V77/><F2/><W127/><G0/><T20/><D133/><U46/><E132/><V87/><F74/><W128/><G71/><T61/><D111/><U55/><E126/><V131/><F30/><W18/><G127/><T65/><D38/><U121/><E121/><V84/><F39/><W122/><G122/><T83/><D116/><U104/><E67/><V21/><F119/><W123/><G123/><T3/><D3/><U73/><E73/><V5/><F5/><W85/><G103/><T4/><D4/><U41/><REACH who="1" step="1"/><E9/><REACH who="1" ten="250,240,250,250" step="2"/><V115/><F120/><W37/><G128/><T49/><D118/><U32/><E32/><V63/><F131/><W86/><G33/><T76/><D64/><U1/><E1/><V29/><F114/><W97/><G129/><T24/><D20/><U10/><E10/><V8/><F8/><W81/><G25/><AGARI ba="0,1" hai="7,11,14,22,25,28,41,46,48,53,55,99,102,104" machi="25" ten="40,2600,0" yaku="1,1,52,1,53,0" doraHai="36" doraHaiUra="75" who="1" fromWho="3" sc="250,0,240,36,250,0,250,-26" /><INIT seed="1,0,0,3,2,110" ten="250,276,250,224" oya="1" hai0="119,122,14,80,41,123,44,77,64,16,66,18,1" hai1="98,128,134,61,84,91,4,130,0,38,113,103,109" hai2="92,55,24,36,115,57,85,25,40,56,29,127,21" hai3="45,121,75,51,69,7,126,102,72,97,88,58,39"/><U114/><E38/><V54/><F127/><W107/><G69/><T74/><D1/><U65/><E0/><V117/><F117/><W86/><G121/><N who="0" m="46091" /><D119/><U105/><E4/><V89/><F24/><W19/><G126/><T53/><D53/><U108/><E134/><V27/><F27/><W22/><G7/><T15/><D15/><U116/><E116/><V135/><F135/><W34/><G58/><T50/><D18/><U47/><E47/><V82/><F56/><W99/><G99/><T8/><AGARI ba="0,0" hai="8,14,16,41,44,50,64,66,74,77,80" m="46091" machi="8" ten="30,2000,0" yaku="13,1,54,1" doraHai="110" who="0" fromWho="0" sc="250,20,276,-10,250,-5,224,-5" /><INIT seed="2,0,0,3,3,39" ten="270,266,245,219" oya="2" hai0="109,66,1,104,54,105,45,0,48,64,67,42,23" hai1="131,59,14,106,18,17,99,130,112,35,116,43,32" hai2="70,80,86,52,11,110,101,51,117,13,103,37,84" hai3="75,40,61,72,81,36,113,28,4,134,63,78,57"/><V38/><F117/><W20/><G72/><T60/><D109/><U6/><E116/><V126/><F70/><W85/><G134/><T127/><D127/><U123/><E112/><V24/><F126/><W83/><G113/><T3/><D60/><U7/><E59/><V2/><F2/><W118/><G4/><N who="1" m="1578" /><E99/><V98/><F110/><W49/><G36/><T53/><REACH who="0" step="1"/><D23/><REACH who="0" ten="260,266,245,219" step="2"/><U135/><E135/><V69/><F69/><W97/><G61/><T41/><D41/><U132/><E43/><V25/><F38/><W95/><G118/><T124/><D124/><U122/><E132/><V22/><F37/><W133/><G133/><T115/><D115/><U47/><E35/><V12/><F22/><W56/><G20/><T108/><D108/><U16/><E32/><V129/><F129/><N who="1" m="49161" /><E106/><AGARI ba="0,1" hai="0,1,3,42,45,48,53,54,64,66,67,104,105,106" machi="106" ten="50,3200,0" yaku="1,1,52,1,53,0" doraHai="39" doraHaiUra="94" who="0" fromWho="1" sc="260,42,266,-32,245,0,219,0" /><INIT seed="3,0,0,0,5,10" ten="302,234,245,219" oya="3" hai0="32,73,11,29,64,22,76,105,34,38,60,8,71" hai1="26,114,129,124,122,79,108,116,41,56,130,0,46" hai2="2,98,25,47,99,54,31,65,90,21,17,24,52" hai3="36,19,118,92,89,91,110,13,133,16,96,120,4"/><W119/><G120/><T104/><D38/><U42/><E0/><V127/><F2/><W30/><G36/><T102/><D22/><U112/><E79/><V128/><F127/><W61/><G118/><T78/><D32/><U72/><E72/><V40/><F128/><N who="1" m="49257" /><E26/><V67/><F40/><N who="1" m="15465" /><E122/><V37/><F37/><W87/><G119/><T63/><D104/><U83/><E83/><V44/><F31/><W6/><G133/><T106/><D106/><U77/><E77/><V27/><F90/><W111/><G61/><T126/><D63/><U117/><E46/><V45/><F65/><W55/><G55/><N who="2" m="21033" /><F67/><W132/><G19/><T5/><D73/><U66/><E108/><N who="3" m="41514" /><G132/><T3/><D126/><U109/><E109/><V49/><F49/><W88/><G30/><T101/><D29/><U68/><E68/><V39/><F39/><W51/><G51/><T20/><D34/><U74/><E74/><V134/><F134/><W100/><G87/><T113/><D3/><U7/><E7/><V121/><F121/><W84/><G84/><T59/><D5/><U57/><E124/><V85/><F85/><W14/><G14/><AGARI ba="0,0" hai="14,17,21,24,25,27,44,45,47,98,99" m="21033" machi="14" ten="30,3900,0" yaku="8,1,52,1,54,1" doraHai="10" who="2" fromWho="3" sc="302,0,234,0,245,39,219,-39" /><INIT seed="4,0,0,1,1,100" ten="302,234,284,180" oya="0" hai0="98,30,70,27,83,26,71,46,48,104,85,78,41" hai1="130,56,73,25,74,119,21,101,52,63,34,110,111" hai2="69,43,15,82,80,51,22,50,14,123,31,108,94" hai3="92,75,132,128,10,8,7,115,24,133,19,66,121"/><T77/><D78/><U28/><E119/><V20/><F69/><W114/><G75/><T99/><D27/><U88/><E130/><V72/><F108/><W95/><G66/><T13/><D13/><N who="2" m="4618" /><F72/><W58/><G128/><T96/><REACH who="0" step="1"/><D104/><REACH who="0" ten="292,234,284,180" step="2"/><U47/><E110/><V67/><F123/><W9/><G7/><T84/><D84/><U135/><E111/><V86/><F86/><W5/><G5/><T118/><D118/><U37/><E25/><V129/><F129/><W35/><G121/><T45/><D45/><U49/><E47/><V44/><F31/><N who="3" m="19943" /><G19/><T116/><D116/><U117/><E28/><V39/><F44/><W125/><G125/><T93/><D93/><U60/><E117/><V112/><F94/><W87/><G95/><T89/><D89/><U16/><E88/><V1/><F1/><W59/><G92/><T33/><AGARI ba="0,1" hai="26,30,33,41,46,48,70,71,77,83,85,96,98,99" machi="33" ten="30,3000,0" yaku="1,1,0,1,53,0" doraHai="100" doraHaiUra="97" who="0" fromWho="0" sc="292,40,234,-10,284,-10,180,-10" /><INIT seed="4,1,0,5,1,45" ten="332,224,274,170" oya="0" hai0="43,5,107,26,60,109,63,54,65,0,48,93,115" hai1="15,98,57,13,112,125,51,135,32,12,25,124,19" hai2="49,23,21,68,47,29,1,42,113,17,76,116,59" hai3="22,2,53,129,70,81,82,24,134,52,105,97,108"/><T72/><D107/><U14/><E135/><V130/><F68/><W78/><G108/><T16/><D72/><U80/><E98/><V30/><F1/><W35/><G35/><T117/><D117/><U114/><E80/><V89/><F116/><W83/><G70/><T9/><D109/><U104/><E104/><V77/><F113/><N who="1" m="43625" /><E57/><V64/><F130/><W40/><G2/><T69/><D115/><U31/><E51/><N who="2" m="27127" /><F89/><W132/><G40/><T75/><D75/><U46/><E46/><V111/><F111/><W122/><G122/><T6/><D43/><U121/><E121/><V85/><F23/><AGARI ba="1,0" hai="12,13,14,15,19,23,25,31,32,124,125" m="43625" machi="23" ten="30,7700,0" yaku="15,1,11,1,34,2" doraHai="45" who="1" fromWho="2" sc="332,0,224,80,274,-80,170,0" /><INIT seed="5,0,0,0,3,22" ten="332,304,194,170" oya="1" hai0="41,61,38,32,133,16,80,106,96,59,99,108,113" hai1="19,50,121,83,127,118,42,110,45,94,88,92,66" hai2="102,122,62,46,4,17,57,10,33,82,90,107,116" hai3="34,103,135,128,26,44,125,9,48,93,28,130,85"/><U115/><E121/><V67/><F122/><W86/><G125/><T68/><D108/><U126/><E118/><V20/><F33/><W112/><G135/><T117/><D117/><U55/><E66/><V24/><F116/><W21/><G112/><T75/><D113/><U40/><E115/><V53/><F107/><W119/><G119/><T109/><D109/><U13/><E92/><V35/><F35/><W91/><G103/><T78/><D133/><U29/><E29/><V58/><F102/><W60/><G9/><T6/><D68/><U124/><E110/><V104/><F46/><W51/><G34/><T7/><D106/><U132/><E132/><V129/><F129/><N who="3" m="49771" /><G60/><T87/><D32/><U3/><E3/><V101/><F101/><W76/><G44/><T52/><D75/><U79/><E79/><V120/><F104/><W8/><G8/><T31/><D31/><U39/><E39/><V27/><F120/><W100/><G100/><T77/><D78/><U0/><E0/><V105/><F105/><W25/><G25/><T123/><D123/><U95/><E95/><V1/><F67/><W97/><G76/><T43/><D38/><U114/><E114/><V64/><F90/><N who="3" m="55479" /><G85/><T30/><D96/><N who="1" m="57415" /><E83/><AGARI ba="0,0" hai="21,26,28,48,51,83,86,91" m="55479,49771" machi="83" ten="30,2000,0" yaku="19,1,52,1" doraHai="22" who="3" fromWho="1" sc="332,0,304,-20,194,0,170,20" /><INIT seed="6,0,0,3,3,125" ten="332,284,194,190" oya="2" hai0="33,12,10,85,50,71,64,7,36,86,8,1,20" hai1="13,6,63,80,93,118,77,2,116,9,126,69,106" hai2="41,115,100,74,40,65,120,17,82,14,56,37,52" hai3="110,101,99,97,26,35,72,95,81,88,113,87,53"/><V28/><F120/><W29/><G110/><T31/><D36/><U49/><E106/><V51/><F115/><W103/><G113/><T67/><D50/><U18/><E126/><V19/><F28/><W127/><G127/><T90/><D85/><U89/><E49/><V68/><F100/><W0/><G0/><T114/><D71/><U60/><E69/><V112/><F112/><W58/><G72/><T70/><D70/><U61/><E77/><V132/><F132/><W91/><REACH who="3" step="1"/><G99/><REACH who="3" ten="332,284,194,180" step="2"/><T128/><D114/><U66/><E2/><V134/><F134/><W98/><G98/><T76/><D1/><U75/><E75/><V131/><F131/><W45/><G45/><T92/><D128/><U16/><E116/><V4/><F74/><W133/><G133/><T57/><D76/><U59/><E118/><V119/><F119/><W62/><AGARI ba="0,1" hai="26,29,35,53,58,62,81,87,88,91,95,97,101,103" machi="62" ten="20,8000,1" yaku="1,1,0,1,7,1,54,1,53,1" doraHai="125" doraHaiUra="21" who="3" fromWho="3" sc="332,-20,284,-20,194,-40,180,90" /><INIT seed="7,0,0,2,3,115" ten="312,264,154,270" oya="3" hai0="26,55,32,6,90,41,52,102,28,80,69,117,66" hai1="118,27,51,74,35,58,129,124,121,75,94,29,36" hai2="59,134,40,103,71,63,12,76,17,37,128,15,4" hai3="132,3,107,22,127,96,86,73,105,104,62,131,31"/><W119/><G3/><T88/><D117/><U125/><E36/><V72/><F71/><W39/><G39/><T61/><D41/><U33/><E121/><V111/><F111/><W101/><G119/><T43/><D43/><U77/><E129/><V93/><F128/><W100/><G131/><T110/><D110/><U16/><E35/><V85/><F134/><W60/><G73/><T24/><D6/><U106/><E106/><V114/><F114/><W20/><G132/><T87/><D24/><U95/><E118/><V44/><F4/><W10/><G10/><T48/><D90/><U67/><E16/><V7/><F7/><W34/><G86/><T9/><D48/><U0/><E0/><V84/><F72/><N who="1" m="27689" /><E77/><V83/><F17/><W21/><G127/><N who="1" m="48714" /><E51/><V64/><REACH who="2" step="1"/><F103/><REACH who="2" ten="312,264,144,270" step="2"/><W13/><G100/><T112/><D112/><U89/><E89/><AGARI ba="0,1" hai="12,15,37,40,44,59,63,64,76,83,84,85,89,93" machi="89" ten="40,2600,0" yaku="1,1,2,1,53,0" doraHai="115" doraHaiUra="123" who="2" fromWho="1" sc="312,0,264,-26,144,36,270,0" owari="312,41.0,238,-16.0,180,-32.0,270,7.0" /></mjloggm>