<mjloggm ver="2.3"><GO type="225" lobby="0"/><UN n0="%E3%81%B1%E3%81%8A%E3%83%BC%E3%83%BC%E3%82%93" n1="%E6%9C%80%E5%BC%B7%E6%9C%80%E5%BE%8C" n2="%6E%61%67%69%73%61%31%31" n3="%E5%B0%B1%E6%B4%BB%E7%94%9F%40%E5%B7%9D%E6%9D%91%E8%BB%8D%E5%9B%A3" dan="16,16,16,17" rate="2122.83,2153.45,2166.44,2132.76" sx="M,M,F,M"/><TAIKYOKU oya="0"/><INIT seed="0,0,0,1,3,10" ten="250,250,250,250" oya="0" hai0="68,107,122,1,2,35,41,65,54,99,40,106,104" hai1="131,80,43,11,33,75,132,45,3,27,59,78,34" hai2="42,118,53,48,120,63,112,100,90,50,22,64,92" hai3="25,49,38,61,119,24,110,47,116,0,129,113,32"/><T20/><D122/><U84/><E59/><N who="2" m="36991" /><F118/><W87/><G0/><T70/><D35/><U67/><E131/><V79/><F120/><W123/><G38/><T66/><D20/><U5/><E67/><N who="0" m="25609" /><D54/><U85/><E132/><V94/><F112/><W98/><G123/><T133/><D99/><U13/><E33/><V62/><F79/><W124/><G113/><T31/><D31/><U6/><E6/><V28/><F42/><N who="0" m="16490" /><D133/><U69/><E69/><AGARI ba="0,0" hai="1,2,68,69,70,104,106,107" m="16490,25609" machi="69" ten="40,3900,0" yaku="28,2" doraHai="10" who="0" fromWho="1" sc="250,39,250,-39,250,0,250,0" /><INIT seed="0,1,0,4,3,128" ten="289,211,250,250" oya="0" hai0="40,135,109,103,97,122,119,59,47,55,5,23,45" hai1="31,80,121,127,114,111,108,74,112,34,116,6,39" hai2="33,72,16,117,49,41,53,21,1,126,3,64,2" hai3="100,107,35,18,75,38,115,24,63,67,51,96,104"/><T46/><D119/><U70/><E39/><V71/><F72/><W27/><G38/><T91/><D122/><U132/><E70/><V4/><F126/><W124/><G115/><N who="1" m="44074" /><E6/><V13/><F117/><W92/><G75/><T8/><D91/><U90/><E116/><V110/><F110/><N who="1" m="42025" /><E31/><V68/><F41/><W7/><G7/><T89/><D89/><U30/><E34/><V94/><F94/><W48/><G124/><T101/><D109/><U32/><E30/><V9/><F64/><W113/><G113/><T25/><D40/><U15/><E15/><V43/><F43/><W44/><G35/><T61/><D5/><U98/><E32/><V105/><F105/><W22/><G27/><T58/><D8/><U120/><E127/><V62/><F33/><W82/><G82/><T118/><D118/><U83/><E132/><V26/><REACH who="2" step="1"/><F62/><REACH who="2" ten="289,211,240,250" step="2"/><W69/><G51/><T37/><D37/><U134/><E74/><V102/><F102/><W52/><AGARI ba="1,1" hai="18,22,24,44,48,52,63,67,69,92,96,100,104,107" machi="52" ten="20,2700,0" yaku="0,1,7,1,54,1" doraHai="128" who="3" fromWho="3" sc="289,-14,211,-8,240,-8,250,40" /><INIT seed="1,0,0,4,0,42" ten="275,203,232,290" oya="1" hai0="78,45,12,79,20,40,125,70,85,55,39,60,135" hai1="129,49,92,31,14,98,63,53,2,38,58,17,106" hai2="61,112,28,88,103,21,54,94,119,132,90,9,32" hai3="81,124,43,123,128,80,121,130,133,87,107,114,29"/><U89/><E2/><V118/><F132/><W19/><G29/><T75/><D135/><U6/><E38/><V7/><F112/><W5/><G5/><T109/><D109/><U24/><E106/><V52/><F32/><W68/><G68/><T115/><D115/><U104/><E6/><V76/><F76/><N who="3" m="46471" /><G19/><T73/><D125/><U59/><E104/><V122/><F122/><N who="3" m="46603" /><G43/><T105/><D105/><U117/><E129/><N who="3" m="49770" /><G133/><T99/><D40/><U44/><E117/><V22/><F119/><W16/><G16/><T50/><D75/><U97/><E98/><N who="2" m="59863" /><F118/><W84/><G107/><T62/><D73/><U111/><E111/><V26/><F22/><W10/><G10/><T13/><D20/><N who="1" m="15751" /><E63/><V74/><F74/><W102/><G102/><T101/><D60/><U56/><E59/><N who="2" m="35047" /><F54/><W134/><G134/><T66/><D39/><U131/><E131/><V46/><F7/><W3/><G3/><T0/><D0/><U95/><E92/><V36/><F36/><W27/><G27/><T51/><D62/><U120/><E120/><V110/><F110/><W34/><G34/><T83/><D55/><U4/><E4/><V57/><F57/><W48/><G48/><T108/><D51/><U35/><E35/><V8/><F26/><W47/><G114/><T71/><D108/><U127/><E127/><V41/><F28/><W37/><G37/><T82/><D50/><U126/><E126/><V1/><F1/><W33/><G33/><T93/><D93/><U64/><E64/><V96/><F41/><W86/><G124/><T116/><D116/><U100/><E100/><RYUUKYOKU ba="0,0" sc="275,-10,203,30,232,-10,290,-10" hai1="14,17,44,49,53,56,58,89,95,97" /><INIT seed="1,1,0,5,2,31" ten="265,233,222,280" oya="1" hai0="54,72,117,103,22,33,38,85,118,9,114,128,77" hai1="60,21,123,132,106,15,95,27,79,25,75,46,109" hai2="0,43,47,135,99,45,62,84,14,20,111,5,78" hai3="56,121,90,50,63,58,127,102,10,93,91,87,12"/><U88/><E106/><V101/><F135/><W96/><G121/><T131/><D114/><U51/><E123/><V2/><F111/><W17/><G127/><T94/><D38/><U130/><E132/><V116/><F116/><W36/><G36/><T1/><D22/><U69/><E130/><N who="0" m="49705" /><D54/><U28/><E15/><V6/><F0/><W52/><REACH who="3" step="1"/><G87/><REACH who="3" ten="265,233,222,270" step="2"/><T82/><D85/><N who="1" m="52623" /><E109/><V110/><F110/><W119/><G119/><T53/><D118/><U49/><E75/><V126/><F126/><W86/><G86/><T120/><D117/><U59/><E79/><V40/><F78/><W8/><G8/><T68/><D77/><U125/><E125/><V113/><F84/><W97/><G97/><T107/><D9/><U44/><E69/><V65/><F113/><W3/><G3/><T76/><D68/><U74/><E74/><V37/><F2/><W42/><G42/><T80/><D1/><U24/><E28/><V81/><F43/><W34/><G34/><T98/><D76/><U70/><E70/><V26/><F40/><W41/><G41/><T4/><D72/><U48/><E21/><V92/><F37/><W57/><G57/><T124/><D124/><U73/><E73/><V30/><F81/><N who="0" m="31338" /><D33/><U18/><E59/><N who="2" m="37087" /><F47/><W55/><AGARI ba="1,1" hai="10,12,17,50,52,55,56,58,63,90,91,93,96,102" machi="55" ten="20,8000,1" yaku="1,1,0,1,7,1,8,1,54,1,53,0" doraHai="31" doraHaiUra="39" who="3" fromWho="3" sc="265,-21,233,-41,222,-21,270,93" /><INIT seed="2,0,0,0,5,135" ten="244,192,201,363" oya="2" hai0="108,5,127,103,104,35,130,41,62,78,112,51,89" hai1="55,64,128,43,59,90,79,24,98,9,60,82,69" hai2="4,106,95,3,97,84,52,85,100,110,53,117,71" hai3="18,132,101,50,73,44,87,14,10,19,93,36,131"/><V30/><F117/><W86/><G73/><T34/><D112/><U70/><E128/><V16/><F71/><W45/><G36/><T81/><D130/><U109/><E43/><V77/><F3/><W22/><G132/><T25/><D5/><U39/><E109/><V126/><F110/><W72/><G72/><T7/><D7/><U38/><E24/><V32/><F32/><W129/><G129/><T88/><D35/><U47/><E9/><V31/><F126/><W119/><G119/><T27/><D127/><U49/><E90/><V83/><F4/><W42/><G45/><T13/><D27/><U46/><E98/><V114/><F114/><W96/><G131/><T80/><D80/><U56/><E82/><N who="2" m="47183" /><F106/><W63/><G63/><T116/><D116/><U113/><E79/><N who="2" m="46335" /><F16/><W11/><G11/><T123/><D123/><U74/><E74/><V68/><F68/><N who="1" m="26217" /><E113/><V102/><F102/><W65/><G65/><T2/><D25/><AGARI ba="0,0" hai="10,14,18,19,22,25,42,44,50,86,87,93,96,101" machi="25" ten="30,2000,0" yaku="7,1,8,1" doraHai="135" who="3" fromWho="0" sc="244,-20,192,0,201,0,363,20" /><INIT seed="3,0,0,4,0,24" ten="224,192,201,383" oya="3" hai0="18,42,57,81,105,80,74,113,29,65,108,126,94" hai1="112,27,62,63,125,5,8,30,47,119,97,86,44" hai2="121,78,60,117,37,55,23,101,118,35,107,32,85" hai3="72,98,53,77,54,88,64,2,21,127,14,87,132"/><W39/><G88/><T34/><D105/><U104/><E112/><V48/><F37/><W36/><G53/><T15/><D108/><U25/><E125/><V100/><F121/><W84/><G84/><T7/><D113/><U13/><E119/><V93/><F107/><W79/><G21/><T135/><D135/><U66/><E27/><V110/><F110/><W41/><G14/><T11/><D126/><U9/><E63/><V75/><F75/><W20/><G79/><T116/><D116/><U56/><E86/><V91/><F35/><W122/><G54/><T90/><D42/><U106/><E9/><V49/><F32/><W38/><G20/><T70/><D70/><U89/><E106/><V109/><F109/><W67/><G87/><T0/><D74/><U76/><E76/><V124/><F124/><W128/><G77/><T114/><D114/><U68/><E68/><V26/><F118/><W50/><G98/><N who="0" m="57687" /><D57/><U82/><E104/><V3/><F78/><W103/><G67/><T1/><D65/><U17/><E5/><V130/><F3/><W58/><G2/><T96/><D96/><U12/><E12/><V115/><F130/><W69/><G58/><T83/><D7/><U92/><E82/><V45/><F115/><W19/><G64/><T71/><D71/><U51/><E51/><N who="2" m="29167" /><F60/><W43/><G50/><N who="2" m="19561" /><F117/><W22/><G69/><T33/><D33/><AGARI ba="0,0" hai="8,13,17,25,30,33,44,47,56,62,66,89,92,97" machi="33" ten="30,2000,0" yaku="7,1,52,1" doraHai="24" who="1" fromWho="0" sc="224,-20,192,20,201,0,383,0" owari="204,-20.0,212,1.0,201,-30.0,383,49.0" /></mjloggm>