<mjloggm ver="2.3"><GO type="41" lobby="0"/><UN n0="%E3%83%81%E3%82%BB%EF%BC%A0" n1="%43%6F%6E%43%65%69%74" n2="%E5%B0%B1%E6%B4%BB%E7%94%9F%40%E5%B7%9D%E6%9D%91%E8%BB%8D%E5%9B%A3" n3="%E3%81%95%E3%82%93%E3%81%B0%E7%8E%8B" dan="15,13,18,15" rate="2028.87,1862.00,2220.11,1914.47" sx="M,M,M,M"/><TAIKYOKU oya="0"/><INIT seed="0,0,0,0,2,51" ten="250,250,250,250" oya="0" hai0="69,54,56,57,133,7,71,60,120,128,98,12,132" hai1="110,95,48,20,6,75,49,3,44,42,64,30,76" hai2="8,15,97,89,114,77,61,126,94,2,130,88,35" hai3="4,63,123,70,100,118,122,79,135,46,18,38,102"/><T80/><D120/><N who="3" m="46121" /><G118/><T41/><D128/><U87/><E110/><V90/><F114/><W34/><G34/><T115/><D115/><U99/><E75/><V62/><F2/><W93/><G79/><T26/><D98/><U106/><E64/><V58/><F35/><W50/><G4/><T13/><D41/><U52/><E6/><V74/><F126/><W0/><G0/><T85/><D26/><N who="1" m="16711" /><E3/><V5/><F130/><W17/><G135/><N who="0" m="51787" /><D57/><U32/><E32/><V14/><F14/><N who="0" m="5738" /><D7/><U92/><E106/><V28/><F62/><W40/><G93/><T67/><D67/><U119/><E119/><V11/><F11/><W59/><G70/><T107/><D107/><U22/><E22/><V134/><F134/><W124/><G124/><T47/><D47/><N who="1" m="25719" /><E99/><V81/><REACH who="2" step="1"/><F28/><REACH who="2" ten="250,250,240,250" step="2"/><W104/><G104/><T82/><D82/><AGARI ba="0,1" hai="44,49,52,76,82,87,92,95" m="25719,16711" machi="82" ten="30,3900,0" yaku="8,1,52,1,54,1" doraHai="51" who="1" fromWho="0" sc="250,-39,250,49,240,0,250,0" /><INIT seed="1,0,0,2,4,105" ten="211,299,240,250" oya="1" hai0="124,61,50,95,52,125,110,43,131,117,62,97,35" hai1="123,120,29,80,101,19,126,118,94,88,96,74,21" hai2="4,90,130,2,78,49,77,56,17,66,72,86,46" hai3="132,16,28,12,24,54,5,0,109,40,68,36,1"/><U113/><E118/><V107/><F107/><W15/><G68/><T13/><D117/><U11/><E113/><V91/><F130/><W79/><G79/><T69/><D35/><U44/><E126/><N who="0" m="48745" /><D131/><U92/><E123/><V31/><F31/><W14/><G54/><T9/><D110/><U20/><E120/><V84/><F17/><W128/><G40/><T119/><D43/><U18/><E44/><V93/><F4/><W25/><G36/><T3/><D3/><N who="3" m="1097" /><G128/><T51/><D69/><U33/><E33/><V38/><F2/><W76/><G76/><N who="2" m="29289" /><F72/><W65/><G65/><T103/><D50/><U134/><E74/><V45/><F38/><W23/><G132/><T75/><D119/><U116/><E134/><V34/><F34/><N who="3" m="20743" /><G109/><T53/><D75/><U104/><E104/><V98/><F98/><W37/><G37/><T133/><D133/><U112/><E116/><V6/><F6/><AGARI ba="0,0" hai="5,6,12,14,15,16,23,25" m="20743,1097" machi="6" ten="30,12000,2" yaku="35,5,54,1" doraHai="105" who="3" fromWho="2" sc="211,0,299,0,240,-120,250,120" /><INIT seed="2,0,0,1,4,127" ten="211,299,120,370" oya="2" hai0="36,132,118,77,71,88,135,91,57,83,0,27,10" hai1="98,47,78,86,94,19,7,67,3,126,80,41,75" hai2="49,102,39,30,38,114,103,115,119,50,24,85,107" hai3="106,23,25,133,14,116,37,99,113,20,104,117,4"/><V111/><F119/><W54/><G37/><T56/><D71/><U61/><E126/><V90/><F39/><W45/><G133/><N who="0" m="51275" /><D36/><U2/><E19/><V84/><F38/><W17/><G106/><T63/><D118/><U59/><E7/><V43/><F111/><W29/><G113/><T76/><D27/><U122/><E122/><V22/><F85/><W108/><G108/><T93/><D93/><U9/><E9/><V128/><F128/><W70/><G70/><T120/><D120/><U73/><E73/><V5/><F5/><W110/><G110/><T51/><D51/><U8/><E8/><V55/><F43/><W48/><REACH who="3" step="1"/><G4/><REACH who="3" ten="211,299,120,360" step="2"/><N who="0" m="1287" /><D56/><U33/><E59/><V34/><F107/><W81/><G81/><T66/><D77/><U6/><E80/><V123/><F123/><W15/><G15/><T68/><D68/><U44/><E78/><V72/><F114/><W65/><G65/><T21/><D76/><U125/><E2/><V121/><F115/><W87/><G87/><T32/><D83/><U64/><E86/><V134/><F121/><W13/><G13/><T131/><D66/><U124/><E67/><V96/><F134/><W12/><G12/><T129/><D91/><U46/><E64/><V11/><F72/><W89/><G89/><T28/><D88/><U100/><E75/><V42/><F96/><W112/><G112/><T62/><D57/><U1/><E98/><V16/><F102/><AGARI ba="0,1" hai="14,17,20,23,25,29,45,48,54,99,102,104,116,117" machi="102" ten="40,1300,0" yaku="1,1,53,0" doraHai="127" doraHaiUra="105" who="3" fromWho="2" sc="211,0,299,0,120,-13,360,23" /><INIT seed="3,0,0,1,3,39" ten="211,299,107,383" oya="3" hai0="135,82,103,75,64,23,96,22,36,131,65,42,87" hai1="1,86,102,109,14,104,9,119,19,28,99,27,113" hai2="45,10,54,44,15,83,43,120,30,101,51,68,6" hai3="52,108,49,61,57,63,67,12,24,110,5,132,59"/><W31/><G132/><T81/><D135/><U8/><E113/><V32/><F120/><W2/><G2/><T79/><D131/><U80/><E119/><V58/><F68/><W116/><G116/><T41/><D64/><U66/><E66/><V78/><F101/><W4/><G61/><T33/><D33/><U40/><E109/><N who="3" m="42090" /><G12/><T55/><D65/><U92/><E1/><V124/><F124/><W56/><G59/><T69/><D69/><U38/><E104/><V76/><F45/><W35/><AGARI ba="0,0" hai="4,5,24,31,35,49,52,56,57,63,67" m="42090" machi="35" ten="30,6000,0" yaku="14,1,10,1,54,1" doraHai="39" who="3" fromWho="3" sc="211,-20,299,-20,107,-20,383,60" /><INIT seed="3,1,0,2,5,1" ten="191,279,87,443" oya="3" hai0="39,6,5,55,92,98,31,12,90,56,60,111,22" hai1="67,57,27,11,106,126,77,16,58,43,124,19,88" hai2="132,129,14,122,3,123,83,29,114,72,15,115,50" hai3="48,36,49,44,87,28,37,117,97,42,62,103,32"/><W118/><G37/><T116/><D116/><U4/><E106/><V120/><F72/><W20/><G32/><T63/><D39/><U21/><E43/><V80/><F3/><W59/><G36/><T76/><D111/><U108/><E108/><V70/><F70/><W17/><G49/><N who="0" m="30831" /><D76/><U101/><E101/><V121/><N who="2" m="31232" /><DORA hai="40" /><V45/><F29/><W91/><G28/><T86/><D98/><U26/><E77/><V9/><F129/><W38/><G38/><T34/><D34/><U2/><E88/><V130/><F130/><W93/><G117/><T51/><D51/><U52/><E67/><V74/><F132/><W95/><G118/><T96/><D96/><U81/><E81/><N who="2" m="31307" /><F74/><W13/><G59/><T69/><D69/><U125/><REACH who="1" step="1"/><E52/><REACH who="1" ten="191,269,87,443" step="2"/><N who="2" m="29775" /><F14/><W110/><G110/><T131/><D131/><U85/><E85/><V134/><F134/><W0/><G0/><T65/><D12/><U89/><E89/><V71/><F71/><W104/><G104/><T7/><D65/><U119/><E119/><V73/><F73/><W25/><G62/><T82/><D82/><U10/><E10/><V41/><F41/><W35/><G35/><T100/><D100/><U127/><N who="1" m="32256" /><DORA hai="99" /><U64/><E64/><V102/><F102/><W24/><AGARI ba="1,1" hai="13,17,20,24,25,42,44,48,87,91,93,95,97,103" machi="24" ten="30,11700,0" yaku="0,1,8,1,52,2" doraHai="1,40,99" who="3" fromWho="3" sc="191,-40,269,-40,87,-40,443,130" /><INIT seed="3,2,0,3,0,1" ten="151,229,47,573" oya="3" hai0="83,107,116,45,9,91,20,84,23,49,135,35,12" hai1="7,71,132,103,102,13,112,93,111,89,21,130,67" hai2="14,51,6,32,123,96,61,76,17,16,11,78,19" hai3="105,53,31,100,59,79,117,50,37,74,28,63,40"/><W113/><G117/><T46/><D116/><U52/><E112/><V55/><F32/><W44/><G113/><T25/><D135/><U120/><E120/><V54/><F123/><W3/><G3/><T131/><D131/><U80/><E111/><V98/><F61/><W108/><G108/><T122/><D122/><U133/><E80/><V73/><F73/><W18/><G74/><T104/><D35/><U34/><E34/><V27/><F27/><W128/><G79/><N who="2" m="30249" /><F55/><W5/><G128/><T0/><D0/><U101/><E130/><V62/><F62/><W114/><G114/><T77/><D46/><AGARI ba="2,0" hai="6,11,14,16,17,19,46,51,54,96,98" m="30249" machi="46" ten="30,3900,0" yaku="8,1,52,1,54,1" doraHai="1" who="2" fromWho="0" sc="151,-45,229,0,47,45,573,0" /><INIT seed="4,0,0,0,2,31" ten="106,229,92,573" oya="0" hai0="88,2,101,82,60,64,74,13,73,87,121,81,6" hai1="24,11,58,7,75,129,89,12,16,128,118,49,10" hai2="76,120,72,104,36,78,1,62,23,126,68,3,19" hai3="27,113,25,29,54,130,83,111,123,15,42,84,47"/><T35/><D121/><U108/><E75/><V33/><F120/><W107/><G111/><T50/><D2/><U125/><E108/><V77/><F72/><W14/><G123/><T45/><D101/><U92/><E118/><V34/><F36/><W100/><G130/><T105/><D105/><U70/><E70/><V20/><F104/><W85/><G113/><T114/><D114/><U122/><E122/><V18/><F126/><W93/><G107/><T115/><D115/><U91/><E125/><V80/><F80/><W59/><G84/><T124/><D35/><N who="2" m="13322" /><F62/><W106/><G106/><T17/><D6/><U112/><E112/><V21/><F68/><W39/><G27/><T51/><D124/><U61/><E49/><V99/><F99/><W65/><G65/><T119/><D119/><U117/><E117/><V95/><F95/><W71/><G71/><T134/><D81/><U57/><E57/><V32/><N who="2" m="13330" /><V28/><DORA hai="56" /><F28/><W79/><G100/><T66/><D51/><U103/><E103/><V37/><F37/><W5/><G93/><T132/><D73/><U67/><E91/><V44/><F44/><W110/><G110/><T96/><D96/><U135/><E135/><N who="0" m="51753" /><D60/><U40/><E40/><V127/><F127/><W55/><G54/><N who="0" m="30031" /><D74/><U8/><E129/><V0/><AGARI ba="0,0" hai="0,1,3,18,19,20,21,23,76,77,78" m="13330" machi="0" ten="60,16000,3" yaku="29,2,28,2,52,4" doraHai="31,56" who="2" fromWho="2" sc="106,-80,229,-40,92,160,573,-40" /><INIT seed="5,0,0,3,2,40" ten="26,189,252,533" oya="1" hai0="89,13,61,37,83,108,86,7,87,4,88,56,91" hai1="121,109,77,8,131,134,59,81,105,23,67,98,117" hai2="120,97,54,69,94,26,111,34,107,3,32,9,60" hai3="127,62,2,58,100,15,10,29,20,96,39,11,43"/><U57/><E121/><V125/><F120/><W66/><G127/><T78/><D108/><U21/><E117/><V101/><F111/><W44/><G2/><T123/><D123/><U73/><E109/><V48/><F125/><W25/><REACH who="3" step="1"/><G15/><REACH who="3" ten="26,189,252,523" step="2"/><T0/><D0/><U92/><E134/><V128/><F3/><W119/><G119/><T75/><D37/><U112/><E112/><V63/><F128/><W28/><G28/><T122/><D122/><U118/><E131/><V17/><F32/><W14/><G14/><T49/><D49/><U5/><E118/><V126/><F34/><W41/><G41/><T31/><D31/><U74/><E23/><V38/><F9/><W115/><G115/><T65/><REACH who="0" step="1"/><D4/><REACH who="0" ten="16,189,252,523" step="2"/><U47/><E5/><V116/><F48/><W36/><G36/><T27/><D27/><U93/><E8/><AGARI ba="0,2" hai="7,8,13,56,61,65,75,78,83,86,87,88,89,91" machi="8" ten="40,2600,0" yaku="1,1,54,1,53,0" doraHai="40" doraHaiUra="113" who="0" fromWho="1" sc="16,46,189,-26,252,0,523,0" /><INIT seed="6,0,0,0,3,60" ten="62,163,252,523" oya="2" hai0="38,44,10,93,74,110,36,97,64,76,13,77,84" hai1="69,14,107,54,49,125,25,11,98,4,94,35,109" hai2="108,102,66,132,43,129,133,59,95,87,106,89,7" hai3="37,96,112,73,118,42,75,120,6,41,115,48,30"/><V116/><F116/><W56/><G118/><T100/><D110/><U23/><E109/><V72/><F72/><N who="3" m="27723" /><G120/><T16/><D74/><U101/><E69/><V26/><F129/><W31/><G6/><T85/><D38/><U58/><E125/><V61/><F108/><W15/><G96/><T117/><D117/><U55/><E35/><V111/><F111/><W51/><G15/><T114/><D114/><N who="3" m="43561" /><G37/><T128/><D128/><U18/><REACH who="1" step="1"/><E55/><REACH who="1" ten="62,153,252,523" step="2"/><V12/><F132/><W104/><G56/><T52/><D64/><U19/><E19/><V88/><F59/><W20/><G20/><T33/><D33/><U53/><E53/><V22/><F66/><W134/><G134/><T2/><D2/><U68/><E68/><V28/><F22/><W99/><G42/><T103/><D103/><U21/><E21/><V124/><F43/><W78/><G41/><T131/><D131/><U70/><E70/><V45/><F102/><N who="3" m="62559" /><G78/><N who="0" m="30315" /><D36/><U90/><E90/><V67/><F89/><W0/><G0/><T119/><D119/><U130/><E130/><V62/><F88/><W113/><G113/><T71/><D71/><U65/><E65/><V86/><F67/><W126/><G126/><T1/><D1/><U29/><E29/><AGARI ba="0,1" hai="29,30,31,48,51" m="62559,43561,27723" machi="29" ten="30,2000,0" yaku="15,1,11,1" doraHai="60" who="3" fromWho="1" sc="62,0,153,-20,252,0,523,30" /><INIT seed="7,0,0,0,4,90" ten="62,133,252,553" oya="3" hai0="95,132,78,52,21,32,47,109,53,65,51,125,26" hai1="84,58,36,23,100,76,54,1,115,4,126,6,104" hai2="42,34,15,134,11,103,25,31,92,38,14,10,101" hai3="117,114,128,116,13,82,71,12,74,107,50,33,3"/><W22/><G71/><T70/><D109/><U112/><E36/><V61/><F61/><W99/><G3/><T2/><D2/><U118/><E100/><V59/><F59/><W93/><G33/><T29/><D125/><U41/><E41/><V57/><F57/><W63/><G63/><T16/><D132/><U133/><E104/><V9/><F92/><W79/><G107/><T49/><D78/><U108/><E84/><V37/><F11/><W69/><G69/><T18/><D70/><U119/><E76/><V17/><F134/><W120/><G120/><T5/><D65/><U86/><E86/><V77/><F77/><W105/><G105/><T135/><D135/><U102/><E102/><V39/><F42/><W19/><G114/><T66/><D66/><U81/><E81/><V113/><F113/><N who="1" m="43593" /><E133/><V94/><F94/><W8/><G50/><N who="0" m="28767" /><D5/><N who="1" m="2155" /><E1/><V7/><AGARI ba="0,0" hai="7,9,10,14,15,17,25,31,34,37,38,39,101,103" machi="7" ten="30,1100,0" yaku="0,1" doraHai="90" who="2" fromWho="2" sc="62,-3,133,-3,252,11,553,-5" owari="59,-44.0,130,-27.0,263,6.0,548,65.0" /></mjloggm>