<mjloggm ver="2.3"><GO type="169" lobby="0"/><UN n0="%E3%81%8B%E3%81%97%E3%81%8B%E3%81%8A" n1="%E3%82%A6%E3%83%AB%E3%83%88%E3%83%A9%E7%AB%8B%E7%9B%B4" n2="%E6%8C%AF%E8%BE%BC%E5%A4%AA%E9%99%BD" n3="%E6%9F%9A%E6%AF%94%E6%A5%93%E4%BB%81" dan="17,18,17,17" rate="2187.29,2197.65,2184.67,2147.32" sx="M,M,M,M"/><TAIKYOKU oya="0"/><INIT seed="0,0,0,5,2,94" ten="250,250,250,250" oya="0" hai0="42,46,75,15,121,34,79,130,90,38,74,131,100" hai1="50,84,91,72,28,119,77,102,133,96,52,0,25" hai2="115,59,122,70,4,117,23,86,10,18,89,85,40" hai3="55,61,126,106,64,127,124,66,101,19,93,8,134"/><T71/><D71/><U54/><E0/><V22/><F70/><W5/><G106/><T99/><D34/><U29/><E119/><V81/><F115/><W48/><G19/><T17/><D121/><U32/><E29/><V113/><F113/><W53/><G134/><T120/><D120/><U65/><E133/><V58/><F117/><W73/><G73/><T109/><D90/><U60/><E77/><V129/><F129/><N who="0" m="49162" /><D79/><U112/><E72/><V92/><F122/><W12/><G61/><T118/><D109/><U37/><E37/><V95/><F92/><W51/><G51/><T47/><D47/><U1/><E1/><V98/><F86/><W2/><G2/><T105/><D118/><U6/><E6/><V26/><F40/><W80/><G80/><T108/><D108/><U14/><E14/><N who="2" m="5447" /><F23/><AGARI ba="0,0" hai="15,17,23,38,42,46,74,75,99,100,105" m="49162" machi="23" ten="30,2900,0" yaku="19,1,52,1" doraHai="94" who="0" fromWho="2" sc="250,29,250,0,250,-29,250,0" /><INIT seed="0,1,0,1,4,15" ten="279,250,221,250" oya="0" hai0="72,95,17,54,85,12,50,11,84,108,44,112,30" hai1="69,132,100,131,51,45,4,92,47,64,101,111,35" hai2="126,121,56,60,125,33,8,43,90,74,6,97,118" hai3="66,78,36,62,46,99,114,57,9,65,0,91,130"/><T105/><D112/><U115/><E35/><V58/><F33/><W94/><G114/><T10/><D105/><U49/><E115/><V75/><F121/><W68/><G130/><T5/><D72/><U133/><E4/><V53/><F43/><W127/><G127/><N who="2" m="48649" /><F118/><W38/><G78/><T32/><D108/><U2/><E2/><N who="2" m="87" /><F58/><W28/><G28/><T61/><D32/><U26/><E26/><V86/><F97/><W117/><G117/><T71/><D30/><U13/><E13/><V67/><F67/><W29/><G29/><T116/><D116/><U83/><E64/><V34/><F34/><W7/><G46/><T41/><D71/><U63/><E69/><V48/><F60/><W42/><G42/><T21/><D95/><AGARI ba="1,0" hai="48,53,56,74,75,86,90,95" m="87,48649" machi="95" ten="30,1000,0" yaku="18,1" doraHai="15" who="2" fromWho="0" sc="279,-13,250,0,221,13,250,0" /><INIT seed="1,0,0,0,4,7" ten="266,250,234,250" oya="1" hai0="9,126,45,128,1,97,92,134,122,43,55,96,20" hai1="27,124,120,60,8,107,133,109,116,90,66,121,77" hai2="110,100,26,39,22,99,28,117,14,15,42,41,56" hai3="132,118,34,93,48,40,5,47,67,49,72,53,54"/><U71/><E116/><V36/><F117/><W62/><G34/><T114/><D114/><U32/><E90/><V129/><F129/><W44/><G72/><T111/><D128/><U4/><E124/><V68/><F68/><N who="3" m="42103" /><G93/><T74/><D74/><U50/><E50/><V91/><F91/><W29/><G29/><T119/><D119/><U23/><E77/><V51/><F15/><W125/><G5/><T130/><D130/><U2/><E133/><V70/><F70/><W6/><G6/><T24/><D134/><U0/><E0/><V89/><F89/><W12/><G12/><T79/><D79/><U64/><E64/><V38/><F110/><W46/><G118/><T105/><D111/><U10/><E109/><V73/><F73/><W127/><G132/><T85/><D126/><N who="3" m="48137" /><G47/><T61/><D105/><U76/><E10/><V16/><F99/><W95/><G95/><T80/><D97/><U59/><E32/><V106/><F100/><W11/><G11/><T33/><D9/><U13/><E2/><V21/><F106/><W17/><G17/><T108/><D33/><U115/><E107/><V83/><F83/><W94/><G94/><T113/><D92/><U86/><E71/><V18/><F28/><W37/><G37/><T112/><D80/><N who="1" m="47367" /><E115/><V25/><F14/><W88/><G88/><T131/><D108/><U65/><E27/><V87/><F87/><W102/><G102/><T123/><D131/><U78/><E78/><V30/><F30/><W98/><G98/><T82/><D113/><U135/><E135/><V31/><F31/><W52/><AGARI ba="0,0" hai="40,44,46,48,49,52,53,54" m="48137,42103" machi="52" ten="30,8000,1" yaku="5,1,18,1,34,2,54,1" doraHai="7" who="3" fromWho="3" sc="266,-20,250,-40,234,-20,250,80" /><INIT seed="2,0,0,5,1,110" ten="246,210,214,330" oya="2" hai0="13,4,85,128,109,25,58,15,6,96,84,77,106" hai1="9,28,89,7,44,120,99,52,91,2,68,66,27" hai2="117,14,0,59,111,100,50,12,40,39,5,90,26" hai3="10,19,47,97,31,75,123,127,104,122,33,105,87"/><V67/><F117/><W63/><G75/><T114/><D109/><U41/><E120/><V81/><F111/><W24/><G105/><T22/><D128/><U119/><E119/><V74/><F100/><W23/><G127/><T45/><D45/><U54/><E66/><V3/><F3/><W80/><G47/><T70/><D70/><U76/><E68/><V107/><F107/><W129/><G129/><T83/><D106/><U49/><E76/><V71/><F71/><W115/><G10/><T113/><D96/><U55/><REACH who="1" step="1"/><E99/><REACH who="1" ten="246,200,214,330" step="2"/><V73/><F67/><W134/><G97/><T94/><D77/><U1/><E1/><V11/><F0/><W21/><G123/><T65/><D65/><U78/><E78/><V60/><F73/><W72/><G72/><T125/><D125/><U17/><E17/><V116/><F74/><W29/><G19/><T118/><D118/><U82/><E82/><V88/><F81/><W38/><G80/><T46/><D83/><U34/><AGARI ba="0,1" hai="2,7,9,27,28,34,41,44,49,52,54,55,89,91" machi="34" ten="30,4000,0" yaku="1,1,0,1,54,1,53,0" doraHai="110" doraHaiUra="69" who="1" fromWho="1" sc="246,-10,200,50,214,-20,330,-10" /><INIT seed="3,0,0,4,3,107" ten="236,250,194,320" oya="3" hai0="2,126,11,63,104,106,103,7,131,44,130,38,5" hai1="119,28,43,67,122,91,105,14,83,56,99,4,123" hai2="3,121,124,10,102,42,94,113,128,79,12,108,74" hai3="85,72,100,17,24,80,96,47,34,32,19,86,30"/><W16/><G47/><T13/><D126/><U49/><E28/><V62/><F3/><W114/><G114/><T59/><D7/><U112/><E14/><V117/><F117/><W58/><G58/><T89/><D2/><U127/><E4/><V41/><F108/><W76/><REACH who="3" step="1"/><G32/><REACH who="3" ten="236,250,194,310" step="2"/><T37/><D44/><U0/><E56/><V23/><F113/><W82/><G82/><T27/><D130/><U55/><E83/><V88/><F124/><W8/><G8/><T66/><D131/><U73/><E127/><V133/><F128/><W70/><G70/><T78/><D59/><U125/><E125/><V45/><F45/><W9/><G9/><T33/><D11/><U25/><E112/><V48/><F10/><W75/><G75/><T120/><D33/><U53/><E73/><V26/><F74/><W129/><G129/><T52/><D5/><U31/><E0/><V64/><F23/><W51/><G51/><T65/><D38/><U81/><E49/><V50/><F48/><W134/><G134/><T21/><D37/><U22/><E81/><V29/><F50/><W57/><G57/><T135/><D21/><U54/><E22/><V69/><F133/><W1/><G1/><T93/><D135/><U71/><E71/><V46/><F46/><W92/><AGARI ba="0,1" hai="16,17,19,24,30,34,72,76,80,85,86,92,96,100" machi="92" ten="30,11700,0" yaku="1,1,0,1,52,1,54,1,53,0" doraHai="107" doraHaiUra="6" who="3" fromWho="3" sc="236,-39,250,-39,194,-39,310,127" /><INIT seed="3,1,0,1,4,66" ten="197,211,155,437" oya="3" hai0="48,43,135,26,39,36,27,118,62,128,119,44,72" hai1="109,3,12,116,79,94,129,127,113,40,76,83,60" hai2="20,55,17,105,110,14,131,32,49,77,11,74,65" hai3="56,9,54,86,59,70,114,52,58,35,85,104,125"/><W68/><G104/><T46/><D72/><U41/><E3/><V100/><F110/><W82/><G35/><T96/><D96/><U29/><E109/><V37/><F37/><W2/><G114/><T98/><D98/><U93/><E29/><V132/><F32/><W19/><G125/><T124/><D26/><U5/><E127/><V6/><F131/><W73/><G73/><T64/><D27/><U84/><E129/><V25/><F132/><W122/><G122/><T89/><D89/><U31/><E31/><V42/><F105/><W123/><G123/><T90/><D90/><U133/><E133/><V120/><F100/><W10/><G56/><T134/><D128/><U16/><E5/><V7/><F42/><N who="1" m="16489" /><E113/><V95/><F65/><W15/><G19/><T57/><D124/><U126/><E126/><V71/><F71/><W23/><G15/><T51/><D135/><U24/><E24/><V97/><F120/><W121/><G121/><T67/><D134/><U61/><E79/><V1/><F1/><W112/><G112/><T87/><D87/><U88/><E116/><N who="0" m="44585" /><D67/><U22/><E94/><V63/><F74/><W92/><G92/><T33/><D33/><U78/><E78/><V18/><F77/><W99/><G2/><T38/><D51/><U81/><E81/><V13/><F49/><W45/><G82/><T111/><D111/><U102/><E102/><N who="2" m="60735" /><F25/><W115/><G115/><T69/><D57/><AGARI ba="1,0" hai="6,7,11,13,14,17,18,20,55,57,63" m="60735" machi="57" ten="30,1000,0" yaku="8,1" doraHai="66" who="2" fromWho="0" sc="197,-13,211,0,155,13,437,0" /><INIT seed="4,0,0,4,5,124" ten="184,211,168,437" oya="0" hai0="115,18,111,41,133,67,77,68,14,63,66,19,56" hai1="134,110,106,21,33,83,127,50,28,23,100,130,34" hai2="97,125,65,48,96,128,89,109,112,60,57,38,17" hai3="16,26,114,3,59,15,126,122,79,99,44,47,37"/><T95/><D41/><U78/><E100/><V69/><F38/><W72/><G3/><T119/><D119/><U31/><E106/><V132/><F125/><W74/><G126/><T102/><D77/><U42/><E127/><V22/><F112/><W90/><G114/><T103/><D115/><U13/><E110/><V12/><F109/><W7/><G79/><T30/><D30/><U61/><E61/><V86/><F132/><W92/><G122/><T108/><D133/><U51/><E13/><V11/><F128/><W32/><G59/><T9/><D111/><U36/><E78/><V35/><F35/><W82/><G82/><T76/><D108/><U6/><E83/><V91/><F91/><W0/><G7/><T8/><D76/><U71/><E6/><V75/><F75/><W80/><G0/><T104/><D104/><U81/><E81/><V5/><F48/><W98/><G80/><T4/><D68/><U120/><E71/><V73/><F69/><W64/><G37/><T49/><D49/><U25/><E120/><V117/><F117/><W40/><G74/><T85/><D67/><U94/><E36/><V53/><F65/><W2/><G64/><T20/><D18/><U129/><E134/><V131/><F73/><W84/><G16/><T88/><REACH who="0" step="1"/><D9/><REACH who="0" ten="174,211,168,437" step="2"/><U135/><E135/><V43/><F43/><W116/><G40/><T27/><AGARI ba="0,1" hai="4,8,14,19,20,27,56,63,66,85,88,95,102,103" machi="27" ten="20,18000,2" yaku="1,1,2,1,0,1,7,1,8,1,54,1,53,0" doraHai="124" doraHaiUra="39" who="0" fromWho="0" sc="174,190,211,-60,168,-60,437,-60" /><INIT seed="4,1,0,2,2,63" ten="364,151,108,377" oya="0" hai0="36,112,96,74,6,121,49,93,18,14,33,39,4" hai1="7,78,100,98,2,65,67,11,37,64,34,15,101" hai2="22,19,87,90,27,1,51,53,69,130,72,94,104" hai3="129,26,125,45,60,91,46,21,79,95,119,20,120"/><T38/><D74/><U29/><E37/><V115/><F115/><W23/><G119/><T70/><D121/><U24/><E78/><V50/><F130/><W128/><G120/><T92/><D33/><U133/><E133/><V111/><F111/><W102/><G79/><T66/><D112/><U108/><E108/><V88/><F104/><W61/><G102/><T0/><D0/><U110/><E110/><V105/><F105/><W122/><G26/><T56/><D70/><U40/><E40/><V107/><F107/><W135/><G122/><T41/><D41/><U35/><E35/><V54/><F1/><W106/><G106/><T10/><D93/><U89/><REACH who="1" step="1"/><E2/><REACH who="1" ten="364,141,108,377" step="2"/><V3/><F3/><W44/><G135/><T81/><D39/><U103/><E103/><V31/><F72/><W132/><G132/><T8/><D38/><U80/><E80/><V117/><F117/><W73/><G73/><T30/><D36/><U131/><E131/><V84/><F90/><W114/><G114/><T123/><D81/><U42/><E42/><V83/><F83/><W134/><G134/><T75/><D75/><U59/><E59/><V118/><F118/><W13/><G129/><T5/><D123/><U55/><E55/><N who="2" m="21003" /><F69/><W127/><G128/><T85/><D49/><U82/><E82/><N who="2" m="49175" /><F51/><W99/><G91/><T28/><D56/><U71/><E71/><V113/><F50/><W68/><G68/><T116/><D116/><U17/><E17/><V76/><F113/><W58/><G58/><T16/><D18/><U48/><E48/><V43/><F43/><W32/><G32/><RYUUKYOKU ba="1,1" sc="364,-10,141,30,108,-10,377,-10" hai1="7,11,15,24,29,34,64,65,67,89,98,100,101" /><INIT seed="5,2,1,1,5,109" ten="354,171,98,367" oya="1" hai0="25,20,22,96,34,49,130,127,32,6,16,101,23" hai1="70,50,0,92,45,121,94,118,120,85,86,87,10" hai2="91,105,60,134,58,135,1,14,19,116,66,11,53" hai3="65,3,89,43,74,79,38,24,88,41,17,15,9"/><U46/><E70/><V56/><F116/><W78/><G3/><T75/><D75/><U124/><E118/><V27/><F105/><W5/><G65/><T36/><D36/><U110/><E110/><V26/><F1/><W117/><G117/><T28/><D130/><U39/><E124/><V80/><F134/><W114/><G114/><T104/><D127/><U59/><E59/><V44/><F44/><W31/><G74/><T54/><D6/><U30/><E30/><V131/><F131/><W42/><G38/><T95/><D34/><U106/><E106/><V108/><F135/><W83/><G83/><T125/><D125/><U123/><E39/><V69/><F69/><W84/><G84/><T37/><D37/><U18/><E0/><V61/><F108/><W33/><REACH who="3" step="1"/><G5/><REACH who="3" ten="354,171,98,357" step="2"/><T63/><D104/><U102/><E87/><AGARI ba="2,2" hai="11,14,19,26,27,53,56,58,60,61,66,80,87,91" machi="87" ten="40,1300,0" yaku="8,1" doraHai="109" who="2" fromWho="1" sc="354,0,171,-19,98,39,357,0" /><INIT seed="6,0,0,4,4,30" ten="354,152,137,357" oya="2" hai0="38,26,105,97,134,133,74,0,92,128,51,36,9" hai1="111,15,100,116,121,85,28,76,54,93,78,117,43" hai2="110,129,14,88,63,55,80,123,29,67,99,8,47" hai3="37,125,57,127,17,46,94,71,87,53,48,83,108"/><V6/><F123/><W75/><G108/><T70/><D74/><U132/><E43/><V79/><F129/><W114/><G71/><T33/><D70/><U45/><E28/><V56/><F110/><W90/><G114/><T104/><D128/><U106/><E111/><V32/><F32/><W131/><G131/><T95/><D51/><U5/><E106/><V18/><F29/><W39/><G17/><T31/><D105/><U24/><E24/><V27/><F27/><W60/><G75/><T42/><D104/><U3/><E3/><V113/><F113/><W34/><G34/><T81/><D81/><U135/><E121/><V49/><F79/><W98/><G125/><T64/><D64/><U23/><E76/><V107/><F107/><W40/><REACH who="3" step="1"/><G127/><REACH who="3" ten="354,152,137,347" step="2"/><T11/><D134/><U7/><E135/><V89/><F18/><W59/><G59/><T20/><D133/><U13/><E132/><V115/><F115/><W22/><G22/><T118/><D118/><U50/><E23/><V52/><F80/><W66/><G66/><T103/><D20/><U126/><E126/><V122/><F122/><W58/><G58/><T120/><D120/><U62/><E117/><V96/><F67/><W109/><G109/><T16/><D16/><U12/><E116/><V101/><F101/><AGARI ba="0,1" hai="37,39,40,46,48,53,57,60,83,87,90,94,98,101" machi="101" ten="30,2000,0" yaku="1,1,7,1,53,0" doraHai="30" doraHaiUra="102" who="3" fromWho="2" sc="354,0,152,0,137,-20,347,30" /><INIT seed="7,0,0,5,0,75" ten="354,152,117,377" oya="3" hai0="65,49,110,61,3,60,100,115,13,123,121,9,24" hai1="119,81,14,84,118,52,131,97,111,113,77,63,45" hai2="108,36,78,101,5,35,114,106,2,40,95,109,74" hai3="47,68,28,132,103,71,135,17,39,56,99,27,98"/><W79/><G79/><T73/><D73/><U102/><E111/><V62/><F62/><W21/><G56/><T44/><D110/><U20/><E113/><V116/><F116/><N who="1" m="44585" /><E131/><V125/><F114/><W6/><G6/><T7/><D115/><U1/><E1/><V31/><F125/><W105/><G98/><T51/><D100/><U134/><E134/><N who="3" m="51242" /><G28/><T83/><D83/><U16/><E63/><V38/><F95/><W76/><G76/><T92/><D92/><N who="1" m="58663" /><E52/><V133/><F38/><W96/><G96/><T130/><D130/><U59/><E45/><N who="2" m="23687" /><F133/><W50/><G39/><T0/><D61/><U122/><E59/><V124/><F124/><W80/><G80/><T33/><D0/><U54/><E54/><AGARI ba="0,0" hai="17,21,27,47,50,54,68,71,99,103,105" m="51242" machi="54" ten="30,1500,0" yaku="20,1" doraHai="75" who="3" fromWho="1" sc="354,0,152,-15,117,0,377,15" owari="354,15.0,137,-26.0,117,-38.0,392,49.0" /></mjloggm>