<mjloggm ver="2.3"><GO type="169" lobby="0"/><UN n0="%E5%B0%B1%E6%B4%BB%E7%94%9F%40%E5%B7%9D%E6%9D%91%E8%BB%8D%E5%9B%A3" n1="%E3%82%B8%E3%83%A3%E3%82%B9%E3%82%BF%E3%82%A6%E3%82%A7%E3%82%A4" n2="%70%6F%70%E2%98%86%63%6F%72%6E" n3="%70%61%72%61%6F%6E%64%65" dan="17,17,16,17" rate="2144.75,2184.85,2049.38,2185.35" sx="M,M,M,M"/><TAIKYOKU oya="0"/><INIT seed="0,0,0,1,1,86" ten="250,250,250,250" oya="0" hai0="106,114,34,38,76,80,53,112,4,79,5,28,49" hai1="87,116,69,26,73,9,124,90,66,105,110,35,68" hai2="61,122,41,51,72,40,37,130,94,83,81,12,103" hai3="21,45,120,118,107,11,117,132,109,104,77,131,113"/><T71/><D106/><N who="3" m="40489" /><G11/><T84/><D38/><U55/><E116/><N who="3" m="44650" /><G21/><T134/><D134/><U125/><E110/><V97/><F37/><W75/><G45/><T102/><D102/><U54/><E73/><V1/><F1/><W13/><G13/><T57/><D71/><U111/><E105/><V0/><F0/><W20/><G20/><T14/><D76/><U6/><E111/><V23/><F72/><W42/><G42/><T135/><D135/><U39/><E39/><V44/><F41/><W74/><G109/><T96/><D96/><U101/><E101/><V64/><F122/><W108/><G108/><T43/><D43/><U70/><E66/><V27/><F130/><W85/><G132/><T123/><D123/><U31/><E55/><V58/><F12/><W19/><G19/><T65/><D65/><U99/><E54/><V78/><F78/><W67/><G67/><T92/><D92/><U8/><E99/><V15/><F15/><W128/><G120/><T50/><D50/><U25/><E25/><V95/><F95/><W32/><G32/><T22/><D34/><U126/><E6/><V48/><F51/><W7/><G7/><N who="0" m="2635" /><D14/><U91/><E87/><V29/><AGARI ba="0,0" hai="23,27,29,40,44,48,58,61,64,81,83,94,97,103" machi="29" ten="20,8000,1" yaku="0,1,7,1,25,2,8,1" doraHai="86" who="2" fromWho="2" sc="250,-40,250,-20,250,80,250,-20" /><INIT seed="1,0,0,1,5,38" ten="210,230,330,230" oya="1" hai0="60,87,54,20,110,52,40,102,123,92,84,130,64" hai1="80,118,48,34,21,129,50,98,119,37,82,128,7" hai2="31,91,61,90,11,78,81,46,67,58,28,79,69" hai3="117,132,88,2,0,23,70,125,75,124,134,62,96"/><U104/><E34/><V72/><F78/><W19/><G75/><T106/><D110/><U99/><E7/><V1/><F28/><W111/><G111/><T9/><D130/><N who="1" m="50283" /><E21/><V135/><F31/><W14/><G117/><N who="1" m="44554" /><E37/><V30/><F30/><W113/><G113/><T44/><D106/><U33/><E33/><V65/><F65/><N who="3" m="41271" /><G88/><T43/><D123/><U10/><E10/><V25/><F25/><W39/><G96/><N who="1" m="36906" /><E104/><V41/><F69/><W63/><G39/><T35/><D35/><U116/><N who="1" m="44562" /><U36/><DORA hai="74" /><E36/><N who="2" m="21799" /><F135/><N who="3" m="51755" /><G63/><T71/><D20/><U59/><E59/><V32/><F32/><W12/><G12/><T42/><D9/><U49/><AGARI ba="0,0" hai="48,49,50,80,82" m="36906,44562,50283" machi="49" ten="50,9600,0" yaku="28,2,19,1" doraHai="38,74" who="1" fromWho="1" sc="210,-32,230,96,330,-32,230,-32" /><INIT seed="1,1,0,5,0,40" ten="178,326,298,198" oya="1" hai0="9,39,125,130,81,135,69,27,82,2,85,17,102" hai1="75,71,87,73,3,44,22,18,13,121,8,37,11" hai2="76,51,25,127,106,61,115,134,35,95,19,26,56" hai3="110,41,80,93,54,96,92,132,94,12,15,123,105"/><U31/><E121/><V20/><F106/><W101/><G123/><T1/><D69/><U88/><E71/><V29/><F127/><W84/><G41/><T86/><D102/><U49/><E37/><V32/><F134/><W10/><G132/><T104/><D104/><U117/><E117/><V111/><F111/><W108/><G54/><T53/><D135/><U120/><E120/><V24/><F76/><W63/><G63/><T128/><D39/><U98/><E98/><V36/><F36/><W97/><G12/><T7/><D53/><U65/><E65/><V89/><F115/><W45/><G45/><T59/><D59/><U83/><E3/><V126/><F51/><W46/><G46/><T16/><D27/><N who="1" m="16887" /><E8/><V52/><F126/><W114/><G114/><T23/><D23/><U100/><E100/><V122/><F122/><W72/><G15/><T62/><D62/><U131/><E131/><V66/><F66/><W50/><G10/><T112/><D9/><U47/><E47/><V28/><F35/><W116/><G116/><T118/><D125/><U90/><E90/><V33/><F89/><N who="3" m="51335" /><G50/><T99/><D118/><U30/><E30/><V57/><F57/><W103/><G72/><T0/><D0/><U14/><E14/><V60/><F60/><W21/><G21/><T77/><D112/><U113/><E113/><V79/><F79/><W4/><G4/><T124/><D124/><U48/><E48/><V133/><F133/><W42/><G42/><T55/><D77/><U64/><E64/><V67/><F67/><W38/><G38/><T43/><D2/><RYUUKYOKU ba="1,0" sc="178,-30,326,10,298,10,198,10" hai1="11,13,18,44,49,73,75,83,87,88" hai2="19,20,24,25,26,28,29,32,33,52,56,61,95" hai3="92,93,94,96,97,101,103,105,108,110" /><INIT seed="1,2,0,2,3,121" ten="148,336,308,208" oya="1" hai0="109,52,45,17,123,60,55,119,58,96,72,90,31" hai1="103,94,38,19,98,9,51,91,120,48,80,106,27" hai2="32,50,20,63,46,1,79,86,56,71,124,131,84" hai3="35,5,54,108,47,26,73,12,7,117,30,87,118"/><U95/><E38/><V85/><F1/><W92/><G73/><T101/><D119/><N who="3" m="45577" /><G108/><T6/><D72/><U77/><E120/><V107/><F71/><W41/><G54/><T70/><D123/><U135/><E135/><V68/><F32/><W76/><G12/><T113/><D113/><U22/><E9/><V29/><F107/><W43/><G43/><T75/><D75/><U83/><E106/><V102/><F102/><W21/><G21/><T34/><D109/><U100/><E100/><V82/><F68/><W88/><G76/><T53/><D6/><U130/><E130/><V62/><F124/><W39/><AGARI ba="2,0" hai="5,7,26,30,35,39,41,47,87,88,92" m="45577" machi="39" ten="30,2000,0" yaku="12,1,54,1" doraHai="121" who="3" fromWho="3" sc="148,-7,336,-12,308,-7,208,26" /><INIT seed="2,0,0,3,3,125" ten="141,324,301,234" oya="2" hai0="103,84,126,131,77,22,112,76,7,70,97,114,19" hai1="56,0,37,105,128,92,30,40,118,109,121,31,14" hai2="72,82,87,35,43,45,129,100,13,116,29,119,122" hai3="69,51,63,79,78,54,9,5,91,25,111,15,65"/><V8/><F100/><W73/><G111/><T88/><D70/><U33/><E105/><V99/><F99/><W120/><G120/><T68/><D68/><U90/><E0/><V113/><F113/><W107/><G107/><T21/><D126/><U132/><E118/><V55/><F122/><W23/><G73/><T94/><D7/><U108/><E56/><V61/><F72/><W53/><G91/><T3/><D3/><U34/><E14/><V71/><F29/><W134/><G134/><T32/><D32/><U75/><E75/><V101/><F35/><W2/><G53/><T46/><D22/><U48/><E37/><V127/><F101/><W41/><G41/><T64/><D64/><U106/><E106/><V89/><F127/><W18/><G2/><T52/><D112/><U47/><E132/><V98/><F98/><W66/><G66/><T104/><D114/><U124/><E121/><V86/><F86/><W115/><G115/><T26/><REACH who="0" step="1"/><D131/><REACH who="0" ten="131,324,301,234" step="2"/><U17/><E128/><V67/><F129/><W123/><G123/><T20/><D20/><U133/><E33/><V44/><F119/><W24/><G24/><T135/><D135/><U38/><E34/><V28/><F116/><W4/><G5/><T58/><D58/><AGARI ba="0,1" hai="4,9,15,18,23,25,51,54,58,63,65,69,78,79" machi="58" ten="30,1000,0" yaku="7,1" doraHai="125" who="3" fromWho="0" sc="131,-10,324,0,301,0,234,20" /><INIT seed="3,0,0,1,3,96" ten="121,324,301,254" oya="3" hai0="29,64,31,68,61,54,66,32,132,22,107,35,60" hai1="112,40,131,86,62,72,28,4,76,124,106,25,58" hai2="117,79,111,109,18,84,74,13,10,15,85,78,11" hai3="104,45,42,43,126,0,53,97,102,27,133,73,14"/><W41/><G0/><T127/><D127/><U110/><E112/><V108/><F117/><W30/><G126/><T67/><D132/><U118/><E72/><V34/><F34/><W122/><G122/><T92/><D107/><U24/><E124/><V9/><F74/><W88/><G73/><T82/><D82/><U125/><E106/><V46/><F46/><W2/><G2/><T80/><D80/><U7/><E40/><V77/><F18/><W128/><G128/><T105/><D105/><U5/><E125/><V101/><REACH who="2" step="1"/><F101/><REACH who="2" ten="121,324,291,254" step="2"/><W75/><G75/><T94/><D35/><U36/><E118/><V39/><F39/><W56/><G45/><T1/><D32/><U49/><E36/><V71/><F71/><W129/><G129/><T123/><D123/><U26/><E131/><V134/><F134/><W95/><G133/><T16/><D68/><U20/><E110/><V81/><F81/><W63/><G14/><AGARI ba="0,1" hai="9,10,11,13,14,15,77,78,79,84,85,108,109,111" machi="14" ten="50,12000,2" yaku="1,1,29,2,28,2,14,1,53,0" doraHai="96" doraHaiUra="103" who="2" fromWho="3" sc="121,0,324,0,291,130,254,-120" /><INIT seed="4,0,0,2,2,22" ten="121,324,421,134" oya="0" hai0="80,12,111,50,105,114,109,27,99,130,34,126,65" hai1="108,117,60,128,121,30,100,82,134,83,110,85,15" hai2="86,33,88,43,11,42,3,72,131,41,59,67,49" hai3="24,2,70,124,90,103,48,92,58,63,74,46,19"/><T6/><D65/><U97/><E117/><V29/><F72/><W36/><G36/><T55/><D114/><U127/><E121/><V89/><F131/><W75/><G2/><T135/><D130/><U14/><E128/><V123/><F123/><W26/><G70/><T62/><D62/><U31/><E134/><V7/><F67/><W44/><G124/><T35/><D135/><U0/><E0/><V8/><F8/><W47/><G74/><T51/><D126/><U79/><E127/><V116/><F116/><W61/><G75/><T56/><D80/><U16/><E15/><V106/><F106/><W39/><G103/><T91/><D51/><U38/><E38/><V66/><F66/><N who="3" m="39223" /><G39/><T57/><D57/><U13/><E13/><V96/><F96/><N who="3" m="57367" /><G63/><T9/><D27/><N who="3" m="10281" /><G19/><T119/><D119/><U5/><E60/><V102/><F102/><W115/><G115/><T132/><D132/><U118/><E118/><V113/><F33/><W129/><G129/><T84/><D99/><U37/><E37/><V53/><F113/><W64/><G64/><T87/><D105/><U94/><E5/><V69/><F69/><W120/><G120/><T68/><D68/><U76/><E110/><N who="0" m="41993" /><D87/><N who="1" m="48583" /><E108/><V40/><F7/><W133/><G133/><T78/><D78/><U95/><E100/><V32/><F3/><W17/><G17/><T18/><D18/><U81/><E97/><V101/><F32/><W77/><G77/><T20/><D35/><U23/><E79/><V54/><N who="2" m="10240" /><DORA hai="10" /><V122/><F101/><W112/><G112/><T4/><D34/><U104/><E104/><RYUUKYOKU ba="0,0" sc="121,-10,324,-10,421,-10,134,30" hai3="44,46,47,48" /><INIT seed="5,1,0,2,2,68" ten="111,314,411,164" oya="1" hai0="131,135,43,95,21,38,88,26,77,30,10,39,18" hai1="122,120,4,60,20,22,91,44,74,76,67,124,2" hai2="98,78,27,14,94,103,33,121,51,107,102,45,63" hai3="83,128,29,25,12,28,113,53,75,90,85,129,111"/><U71/><E124/><V101/><F121/><W46/><G111/><T11/><D43/><U37/><E91/><V41/><F78/><W8/><G75/><T72/><D131/><N who="3" m="50249" /><G113/><T96/><D135/><U70/><E22/><V24/><F14/><W6/><G25/><T35/><D77/><U3/><E20/><V0/><F0/><N who="1" m="41" /><E4/><V133/><F133/><W126/><G126/><T87/><D72/><U58/><E58/><V55/><F33/><W108/><G108/><T99/><D99/><U1/><E70/><V66/><F41/><W36/><G53/><T109/><D109/><U112/><E1/><V19/><F107/><W32/><G32/><T106/><D106/><U52/><E52/><V5/><F5/><W54/><G54/><T65/><D65/><U17/><E17/><V31/><F19/><W80/><G80/><T42/><D96/><U69/><E69/><V110/><F110/><W97/><G97/><T16/><D42/><AGARI ba="1,0" hai="6,8,12,28,29,36,42,46,83,85,90" m="50249" machi="42" ten="30,2000,0" yaku="19,1,52,1" doraHai="68" who="3" fromWho="0" sc="111,-23,314,0,411,0,164,23" /><INIT seed="6,0,0,4,5,124" ten="88,314,411,187" oya="2" hai0="105,0,28,57,123,50,78,107,65,64,111,81,133" hai1="109,110,73,51,38,10,48,49,131,98,63,33,27" hai2="89,96,14,47,29,62,21,6,68,17,3,61,112" hai3="60,13,135,101,52,4,67,94,20,88,41,113,72"/><V31/><F112/><W74/><G135/><T55/><D111/><U23/><E38/><V9/><F47/><W118/><G118/><T11/><D123/><U121/><E33/><V80/><F80/><W93/><G41/><T76/><D133/><U75/><E10/><V43/><F43/><W120/><G94/><T82/><D28/><U102/><E121/><V126/><F126/><W115/><G101/><T24/><D24/><U134/><E134/><V7/><F7/><W86/><G120/><T128/><D0/><U44/><E44/><V100/><F89/><W87/><G87/><T1/><D1/><U18/><E75/><V25/><F29/><W22/><G67/><T45/><D11/><U53/><E73/><V71/><F68/><W90/><G90/><T36/><D36/><U129/><E63/><V30/><F30/><W79/><G79/><T26/><D26/><U59/><E53/><V40/><F40/><W92/><G92/><T46/><D57/><U8/><E8/><V83/><F83/><W69/><G69/><T95/><D95/><N who="1" m="58719" /><E59/><V85/><F85/><W35/><G35/><T34/><D34/><U56/><E56/><V42/><F42/><W91/><G4/><T108/><D108/><U15/><E27/><V5/><F71/><W119/><G115/><T99/><D55/><U130/><AGARI ba="0,0" hai="15,18,23,48,49,51,109,110,129,130,131" m="58719" machi="130" ten="40,8000,1" yaku="19,1,52,3" doraHai="124" who="1" fromWho="1" sc="88,-20,314,80,411,-40,187,-20" /><INIT seed="7,0,0,2,2,37" ten="68,394,371,167" oya="3" hai0="128,21,48,131,9,17,126,11,42,92,54,55,6" hai1="78,81,56,49,116,68,108,85,135,82,73,125,24" hai2="77,133,50,89,14,52,99,117,84,10,75,18,91" hai3="30,100,90,29,23,31,118,0,66,101,8,34,7"/><W130/><G66/><T13/><D126/><U57/><E108/><V2/><F117/><W69/><G69/><T64/><D64/><U123/><E68/><V74/><F133/><W80/><G118/><T134/><D134/><U72/><E116/><V38/><F38/><W39/><G39/><T62/><D62/><U112/><E135/><V109/><F109/><W119/><G119/><T26/><D9/><U12/><E123/><V132/><F132/><W124/><G130/><T104/><D104/><U20/><E12/><V27/><F2/><W102/><G34/><T1/><D1/><U95/><E112/><V71/><F71/><W16/><G124/><T33/><D33/><U127/><E95/><N who="2" m="56831" /><F75/><W88/><G80/><T93/><D128/><U97/><E97/><V46/><F74/><W115/><G115/><T61/><D131/><U79/><E85/><V107/><F107/><W35/><G35/><T98/><D61/><U40/><E127/><V41/><F27/><W5/><G5/><T120/><D120/><U111/><E111/><V47/><F77/><W114/><G114/><T59/><D92/><U19/><E125/><V121/><F121/><W32/><G32/><T67/><D67/><U15/><E24/><V65/><F65/><W25/><AGARI ba="0,0" hai="0,7,8,16,23,25,29,30,31,88,90,100,101,102" machi="25" ten="30,6000,0" yaku="0,1,54,2" doraHai="37" who="3" fromWho="3" sc="68,-20,394,-20,371,-20,167,60" /><INIT seed="7,1,0,0,4,105" ten="48,374,351,227" oya="3" hai0="21,107,121,89,81,54,70,2,120,23,77,126,8" hai1="26,5,16,46,102,7,32,129,71,119,134,55,125" hai2="65,36,111,132,85,91,50,106,87,12,73,64,75" hai3="11,39,27,93,113,133,94,57,90,110,108,52,61"/><W72/><G72/><T62/><D23/><U60/><E71/><V123/><F36/><W135/><G39/><T92/><D21/><N who="1" m="13607" /><E32/><V17/><F111/><N who="3" m="42539" /><G27/><T35/><D89/><U59/><E129/><V79/><F106/><W53/><G113/><T83/><D83/><U100/><E125/><V69/><F69/><W124/><G124/><T33/><D92/><N who="3" m="35433" /><G11/><T97/><D54/><U116/><E134/><N who="3" m="51210" /><G90/><T42/><D126/><U29/><E29/><V95/><F132/><W44/><G44/><T1/><D120/><U30/><E30/><V49/><F123/><W51/><G51/><N who="2" m="19465" /><F73/><W103/><G103/><N who="1" m="39466" /><E46/><V45/><F75/><W20/><G20/><T78/><D121/><U25/><E25/><V74/><F74/><W80/><G80/><T84/><D78/><U15/><E15/><V13/><F45/><W99/><G99/><T40/><D97/><U6/><E119/><V68/><F12/><W9/><G9/><T67/><D107/><U109/><E116/><V43/><F79/><W122/><G122/><T118/><D118/><U82/><E109/><V24/><F24/><W28/><G28/><T88/><D77/><U128/><E128/><V66/><F13/><W101/><G101/><T130/><D130/><U22/><E82/><V34/><F91/><W127/><G127/><T76/><D76/><U98/><E22/><V31/><F31/><W14/><G14/><T114/><D114/><U96/><AGARI ba="1,0" hai="5,6,7,55,59,60,96,98" m="39466,13607" machi="96" ten="30,2000,0" yaku="8,1,54,1" doraHai="105" who="1" fromWho="1" sc="48,-6,374,23,351,-6,227,-11" owari="42,-46.0,397,49.0,345,15.0,216,-18.0" /></mjloggm>