<mjloggm ver="2.3"><GO type="169" lobby="0"/><UN n0="%E5%B0%B1%E6%B4%BB%E7%94%9F%40%E5%B7%9D%E6%9D%91%E8%BB%8D%E5%9B%A3" n1="%73%26%63%6F%2E" n2="%3D%E5%9C%92%E5%9F%8E%E5%AF%BA%E6%80%9C%3D" n3="%6B%6F%6A%69%6D%6F%6E%39" dan="17,16,19,16" rate="2149.56,2146.99,2234.90,2091.04" sx="M,M,F,M"/><TAIKYOKU oya="0"/><INIT seed="0,0,0,5,5,57" ten="250,250,250,250" oya="0" hai0="79,13,40,68,67,65,20,42,38,97,21,96,32" hai1="39,123,23,135,115,4,73,37,110,63,91,6,133" hai2="129,33,127,125,36,90,132,5,106,88,75,12,49" hai3="104,105,66,10,92,94,52,126,84,0,72,45,34"/><T74/><D32/><U119/><E123/><V53/><F36/><W2/><G72/><T114/><D114/><U128/><E119/><V64/><F75/><W28/><G66/><T117/><D117/><U82/><E115/><V51/><F33/><W86/><G28/><T55/><D55/><U78/><E128/><V130/><F106/><W121/><G34/><T131/><D131/><N who="2" m="50186" /><F64/><W9/><G45/><T50/><D74/><U87/><E110/><V60/><F132/><W107/><G107/><T16/><D79/><U43/><E6/><V19/><F5/><W30/><G30/><T15/><D38/><U99/><E99/><V61/><F49/><W120/><REACH who="3" step="1"/><G52/><REACH who="3" ten="250,250,250,240" step="2"/><T70/><D50/><U14/><E73/><V93/><F51/><W83/><G83/><T47/><D47/><U8/><E82/><V62/><F53/><W134/><G134/><T22/><D22/><U26/><E23/><N who="2" m="11751" /><F93/><W95/><G95/><T112/><D112/><U85/><E135/><V58/><F58/><W111/><G111/><T101/><D101/><U108/><E108/><V118/><F118/><W7/><G7/><T80/><D80/><U48/><E4/><V59/><F59/><W56/><G56/><T44/><D44/><U17/><E133/><V54/><F54/><W124/><AGARI ba="0,1" hai="0,2,9,10,84,86,92,94,104,105,120,121,124,126" machi="124" ten="25,12000,2" yaku="1,1,0,1,22,2,53,2" doraHai="57" doraHaiUra="100" who="3" fromWho="3" sc="250,-60,250,-30,250,-30,240,130" /><INIT seed="1,0,0,0,0,37" ten="190,220,220,370" oya="1" hai0="107,77,1,2,20,112,46,82,3,32,103,10,29" hai1="15,4,56,76,135,27,117,63,116,62,93,129,38" hai2="31,134,99,40,79,28,100,64,94,41,21,68,6" hai3="42,19,47,108,122,109,35,127,90,119,69,60,120"/><U89/><E135/><V110/><F134/><W58/><G35/><T53/><D112/><U65/><E129/><V22/><F110/><N who="3" m="42603" /><G19/><T101/><D32/><U115/><E115/><V16/><F6/><W49/><G90/><T123/><D123/><N who="3" m="47145" /><G127/><T57/><D107/><U104/><E104/><V125/><F125/><W121/><G121/><T11/><D11/><U130/><E117/><V74/><F74/><W105/><G105/><T113/><D113/><U83/><E116/><V48/><F79/><W124/><G124/><T80/><D10/><U78/><E78/><V126/><F126/><W30/><G30/><N who="2" m="11305" /><F68/><W12/><G12/><T50/><D80/><U55/><E83/><V111/><F111/><W43/><G69/><T36/><D20/><U92/><E76/><V97/><F22/><W98/><G98/><T85/><D29/><U52/><E4/><V128/><F97/><W67/><G119/><T131/><D131/><U73/><E130/><V87/><F87/><W59/><G59/><T23/><D23/><U114/><E114/><V70/><F70/><W44/><G44/><T91/><D91/><U7/><E7/><V26/><F128/><W18/><G18/><T102/><D57/><U88/><E56/><V133/><F100/><W72/><G72/><T5/><D5/><U14/><E73/><V86/><F94/><W13/><G13/><T132/><D132/><U17/><E17/><V75/><F16/><W45/><G45/><T8/><D8/><U61/><E93/><V39/><F75/><W0/><G0/><T81/><D81/><U84/><E92/><RYUUKYOKU ba="0,0" sc="190,15,220,-15,220,-15,370,15" hai0="1,2,3,36,46,50,53,77,82,85,101,102,103" hai3="42,43,47,49,58,60,67" /><INIT seed="2,1,0,5,3,131" ten="205,205,205,385" oya="2" hai0="83,124,29,129,76,23,122,80,24,43,17,35,69" hai1="66,112,6,28,22,100,99,1,50,108,73,110,70" hai2="59,96,61,133,20,65,130,87,127,114,48,91,119" hai3="39,10,89,101,38,49,92,85,0,88,116,104,53"/><V72/><F72/><W55/><G116/><T90/><D122/><U21/><E73/><V98/><F114/><W63/><G101/><T79/><D69/><U33/><E112/><V19/><F130/><W93/><G104/><T118/><D129/><U16/><E50/><V57/><F127/><W86/><G63/><T94/><D124/><U42/><E42/><V9/><F9/><W102/><G102/><T11/><D43/><U4/><E66/><V32/><F32/><W81/><G81/><T109/><D109/><N who="1" m="42091" /><E70/><V14/><F133/><W134/><G134/><T12/><D118/><U25/><E99/><V18/><F18/><W111/><G111/><T2/><D79/><U36/><E100/><V107/><F107/><W117/><G117/><T47/><D47/><U26/><E36/><V5/><F5/><N who="1" m="2153" /><E33/><V46/><F119/><W52/><G49/><T97/><D76/><U68/><E68/><V58/><F58/><W103/><G103/><T37/><D37/><U45/><E45/><V8/><F57/><W115/><G115/><T62/><D62/><U44/><E44/><V13/><F48/><W82/><G82/><T77/><D77/><U113/><E113/><V78/><F78/><W34/><G34/><T123/><D123/><U40/><E40/><V27/><F46/><W95/><G95/><T67/><D67/><U84/><E84/><V30/><F13/><W51/><G51/><T128/><D128/><U125/><E125/><V121/><F121/><W75/><G75/><T105/><D105/><U106/><E106/><V31/><F31/><W60/><G60/><RYUUKYOKU ba="1,0" sc="205,0,205,0,205,0,385,0" hai0="2,11,12,17,23,24,29,35,80,83,90,94,97" hai1="1,16,21,22,25,26,28" hai2="8,14,19,20,27,30,59,61,65,87,91,96,98" hai3="0,10,38,39,52,53,55,85,86,88,89,92,93" /><INIT seed="2,2,0,0,4,31" ten="205,205,205,385" oya="2" hai0="32,102,2,47,84,128,13,33,106,122,92,132,12" hai1="108,20,65,59,34,119,18,111,110,98,120,16,29" hai2="118,25,96,78,76,116,40,3,95,69,131,79,49" hai3="11,99,19,28,70,51,21,48,66,53,41,17,9"/><V86/><F69/><W0/><G70/><T62/><D122/><U117/><E120/><V74/><F3/><W67/><G99/><T83/><D2/><U94/><E65/><N who="3" m="24586" /><G0/><T55/><D106/><U71/><E59/><V80/><F25/><N who="3" m="16431" /><G41/><T101/><D128/><U57/><E57/><V127/><F131/><W115/><G115/><T22/><D132/><U24/><E71/><V124/><F49/><N who="3" m="19019" /><G53/><T89/><D47/><U6/><E6/><V15/><F40/><W64/><G64/><T23/><D55/><U14/><REACH who="1" step="1"/><E18/><AGARI ba="2,0" hai="9,11,17,18,19" m="19019,16431,24586" machi="18" ten="30,1000,0" yaku="8,1" doraHai="31" who="3" fromWho="1" sc="205,0,205,-16,205,0,385,16" /><INIT seed="3,0,0,4,3,13" ten="205,189,205,401" oya="3" hai0="78,10,127,58,26,69,50,52,68,122,102,128,35" hai1="97,33,103,25,43,15,8,4,81,123,40,85,37" hai2="29,94,109,75,17,24,42,86,47,132,12,18,46" hai3="125,65,117,100,41,83,88,118,89,60,31,7,111"/><W30/><G100/><T62/><D122/><U38/><E123/><V120/><F75/><W71/><G7/><T124/><D78/><U106/><E38/><V121/><F109/><W84/><G111/><T99/><D128/><U39/><E39/><V72/><F72/><W93/><G41/><T19/><D35/><U105/><E105/><V113/><F113/><W48/><G48/><T56/><D56/><U59/><E37/><V101/><F132/><W98/><REACH who="3" step="1"/><G125/><REACH who="3" ten="205,189,205,391" step="2"/><T28/><D50/><U77/><E43/><V54/><F42/><W135/><G135/><T55/><D124/><U34/><E40/><V44/><F120/><W23/><G23/><T22/><D127/><U116/><E34/><V21/><F121/><W27/><G27/><T126/><D126/><U6/><E25/><V115/><F101/><W36/><G36/><T114/><D114/><U134/><E33/><V9/><F115/><W61/><G61/><T53/><D68/><U45/><E134/><V3/><F3/><W57/><G57/><T32/><D69/><U76/><E59/><V119/><F119/><AGARI ba="0,1" hai="30,31,60,65,71,83,84,88,89,93,98,117,118,119" machi="119" ten="40,3900,0" yaku="1,1,54,1,53,0" doraHai="13" doraHaiUra="131" who="3" fromWho="2" sc="205,0,189,0,205,-39,391,49" /><INIT seed="3,1,0,0,0,27" ten="205,189,166,440" oya="3" hai0="133,60,43,2,0,52,83,94,135,30,111,15,119" hai1="116,3,131,126,7,19,33,23,124,64,37,130,17" hai2="120,13,57,25,128,65,107,71,32,91,36,39,31" hai3="77,67,20,115,104,55,113,70,29,21,95,123,44"/><W112/><G104/><T122/><D119/><U96/><E37/><V45/><F128/><N who="1" m="49193" /><E64/><V26/><F120/><W109/><G123/><T61/><D122/><U89/><E116/><V22/><F45/><W9/><G77/><T16/><D43/><U6/><E89/><V40/><F40/><W103/><G9/><T76/><D94/><U118/><E96/><V4/><F107/><W92/><G67/><T80/><D111/><U87/><E87/><V14/><F71/><W110/><G70/><T12/><D76/><U51/><E51/><V121/><F121/><W11/><G11/><T86/><D86/><U73/><E73/><V78/><F4/><N who="1" m="1577" /><E3/><V72/><F91/><W117/><G117/><T99/><D99/><U62/><E62/><V134/><F36/><W1/><G1/><T63/><D63/><U10/><E33/><V102/><F102/><W47/><G55/><T8/><D80/><U34/><E34/><V98/><F98/><W59/><G59/><T93/><D83/><U82/><E82/><V97/><F97/><W54/><G54/><T50/><D93/><U129/><E129/><V79/><F39/><W108/><G103/><T88/><D52/><U41/><E41/><V48/><F79/><W56/><G56/><T125/><D50/><U101/><E101/><V46/><F78/><W114/><G115/><T84/><D84/><U49/><E49/><V42/><F72/><W81/><G81/><T18/><D88/><U24/><E118/><V68/><F68/><W38/><G38/><T5/><D61/><U85/><E85/><V105/><F105/><RYUUKYOKU ba="1,0" sc="205,-10,189,30,166,-10,440,-10" hai1="10,17,19,23,24,124,126" /><INIT seed="4,2,0,4,3,62" ten="195,219,156,430" oya="0" hai0="115,107,6,129,16,22,15,34,135,60,123,12,65" hai1="41,106,92,83,44,126,53,20,104,63,23,79,55" hai2="56,91,118,40,84,8,37,95,42,113,17,38,99" hai3="124,93,74,11,76,28,112,39,121,81,52,30,47"/><T18/><D123/><U78/><E126/><V85/><F113/><W64/><G64/><T133/><D107/><U80/><E92/><V89/><F118/><W96/><G112/><T4/><D34/><U54/><E63/><V122/><F122/><W131/><G121/><T49/><D49/><U71/><E71/><V5/><F17/><W109/><G109/><T69/><D115/><U48/><E106/><V82/><F56/><W67/><G11/><T14/><D129/><U51/><E104/><V128/><F128/><W19/><G19/><T90/><D90/><U116/><E116/><V33/><F33/><W29/><G124/><T13/><REACH who="0" step="1"/><D18/><REACH who="0" ten="185,219,156,430" step="2"/><U101/><E51/><V73/><F37/><W26/><G39/><T0/><D0/><U2/><E2/><V100/><F38/><W117/><G131/><T25/><D25/><U50/><E50/><V7/><F91/><W87/><G26/><T3/><D3/><U75/><E101/><V45/><F89/><W36/><G36/><T108/><D108/><U66/><E48/><V97/><F100/><W21/><G117/><T24/><D24/><U43/><E44/><V125/><F45/><W110/><G110/><T46/><D46/><U61/><E41/><V88/><F40/><W27/><G47/><T9/><D9/><U32/><E43/><V86/><F42/><W130/><G130/><T120/><D120/><U111/><E32/><V132/><F8/><W58/><G27/><T70/><D70/><N who="1" m="42319" /><E111/><V72/><F88/><W35/><G35/><T119/><D119/><U114/><E114/><V127/><F127/><RYUUKYOKU ba="2,1" sc="185,15,219,15,156,-15,430,-15" hai0="4,6,12,13,14,15,16,22,60,65,69,133,135" hai1="20,23,53,54,55,75,78,79,80,83" /><INIT seed="4,3,1,0,2,38" ten="200,234,141,415" oya="0" hai0="133,132,134,25,119,15,83,34,117,86,42,103,108" hai1="28,5,57,21,14,105,33,94,92,126,46,24,27" hai2="43,118,120,123,91,125,52,9,29,104,10,130,60" hai3="100,44,107,76,73,0,114,68,69,53,90,19,102"/><T95/><D15/><U77/><E105/><V111/><F104/><W2/><G90/><T62/><D62/><U59/><E126/><V56/><F111/><W41/><G53/><T20/><D34/><U78/><E5/><V13/><F125/><W16/><G102/><T30/><D108/><U121/><E14/><V81/><F130/><W47/><G47/><T4/><D4/><U89/><E46/><V45/><F29/><W58/><G58/><T128/><D128/><U79/><E121/><V26/><F26/><W49/><G49/><T7/><D7/><U72/><E72/><V54/><F118/><W36/><G16/><T11/><D11/><U129/><E129/><V85/><F54/><W115/><G19/><T112/><D112/><U70/><E70/><N who="3" m="27242" /><G115/><T66/><D66/><U131/><E131/><V110/><F110/><W50/><G50/><T135/><N who="0" m="34304" /><DORA hai="116" /><T71/><D71/><U127/><E127/><V82/><F9/><W101/><G101/><T18/><D18/><U67/><E67/><V35/><F35/><W122/><G122/><T48/><D95/><U39/><E94/><V61/><F61/><W37/><G114/><T97/><D97/><N who="1" m="57487" /><E39/><V98/><F98/><N who="3" m="61847" /><G36/><T84/><D103/><U22/><E33/><V109/><F109/><W124/><G124/><T55/><D55/><U74/><E74/><V96/><F96/><W63/><G63/><T31/><D31/><AGARI ba="3,1" hai="21,22,24,27,28,31,57,59,77,78,79" m="57487" machi="31" ten="30,1000,0" yaku="8,1" doraHai="38,116" who="1" fromWho="0" sc="200,-19,234,29,141,0,415,0" /><INIT seed="5,0,0,3,4,17" ten="181,263,141,415" oya="1" hai0="25,26,75,71,19,94,101,84,92,29,60,34,51" hai1="27,23,47,33,125,8,128,62,121,50,88,80,115" hai2="15,3,55,93,52,123,102,64,22,35,7,103,11" hai3="82,112,13,58,96,109,42,21,57,86,56,10,20"/><U72/><E121/><V43/><F35/><W69/><G69/><T124/><D75/><U61/><E33/><V9/><F123/><W54/><G109/><T31/><D124/><U79/><E125/><V117/><F117/><W14/><G42/><T46/><D101/><U83/><E128/><V81/><F64/><W39/><G39/><T70/><D19/><U116/><E116/><V18/><F43/><W118/><G14/><T113/><D113/><U12/><E115/><V100/><F93/><W59/><G112/><T108/><D108/><U104/><E104/><V67/><F67/><W0/><G96/><T37/><D37/><U30/><E83/><V130/><F130/><W111/><G0/><T44/><D34/><U135/><E88/><V63/><F63/><N who="3" m="36247" /><G111/><T2/><D60/><U89/><E89/><V114/><F114/><W73/><G73/><T68/><D68/><U48/><E48/><V106/><F106/><W129/><G129/><T1/><D51/><U16/><E135/><V119/><F119/><W5/><G118/><T49/><D49/><U85/><E72/><V40/><F40/><AGARI ba="0,0" hai="8,12,16,23,27,30,40,47,50,61,62,79,80,85" machi="40" ten="30,11600,0" yaku="7,1,8,1,52,1,54,1" doraHai="17" who="1" fromWho="2" sc="181,0,263,116,141,-116,415,0" /><INIT seed="5,1,0,2,5,106" ten="181,379,25,415" oya="1" hai0="27,112,84,22,118,130,11,124,40,102,19,114,51" hai1="62,28,34,131,100,38,96,14,78,71,16,63,86" hai2="126,60,82,135,41,122,87,134,65,108,52,15,9" hai3="79,0,4,83,104,46,31,92,7,32,44,6,10"/><U72/><E38/><V95/><F122/><W99/><G104/><T110/><D110/><U69/><E131/><V80/><F108/><W111/><G111/><T103/><D118/><U55/><E34/><V101/><F126/><W123/><G123/><T94/><D124/><U53/><E28/><V39/><F41/><W47/><G31/><T37/><D37/><U113/><E113/><V85/><F39/><W5/><G32/><T12/><D130/><U116/><E116/><V50/><F101/><W73/><REACH who="3" step="1"/><G6/><REACH who="3" ten="181,379,25,405" step="2"/><T49/><D112/><U1/><E71/><V67/><F134/><W91/><AGARI ba="1,1" hai="0,4,5,7,10,44,46,47,73,79,83,91,92,99" machi="91" ten="30,7900,0" yaku="1,1,2,1,0,1,52,1,53,0" doraHai="106" doraHaiUra="45" who="3" fromWho="3" sc="181,-21,379,-40,25,-21,405,92" /><INIT seed="6,0,0,3,5,52" ten="160,339,4,497" oya="2" hai0="21,9,0,70,115,85,6,30,83,49,111,129,96" hai1="133,101,130,122,54,23,22,68,109,42,12,78,10" hai2="61,77,58,87,105,108,110,132,28,86,29,17,15" hai3="95,41,37,53,67,131,25,11,51,66,100,81,1"/><V60/><F105/><W5/><G131/><T92/><D111/><N who="2" m="42538" /><F132/><W121/><G121/><T65/><D129/><U128/><E68/><V134/><F134/><W97/><G25/><T76/><D115/><U8/><E122/><V24/><F61/><W46/><G81/><T74/><D49/><U4/><E133/><V63/><F60/><W32/><G32/><T106/><D106/><U57/><E42/><V89/><F77/><W35/><G35/><T72/><D65/><U135/><E78/><V120/><F120/><W84/><G84/><N who="2" m="32297" /><F89/><W59/><AGARI ba="0,0" hai="1,5,11,37,41,46,51,53,59,66,67,95,97,100" machi="59" ten="20,2700,0" yaku="0,1,7,1,52,1" doraHai="52" who="3" fromWho="3" sc="160,-7,339,-7,4,-13,497,27" owari="153,-25.0,332,13.0,-9,-51.0,524,63.0" /></mjloggm>