<mjloggm ver="2.3"><GO type="169" lobby="0"/><UN n0="%E3%82%A6%E3%83%AB%E3%83%88%E3%83%A9%E7%AB%8B%E7%9B%B4" n1="%E3%81%94%E3%82%93%E3%81%96%E3%81%B6%E3%82%8D%E3%83%BC" n2="%E3%83%8B%E3%83%BC%E3%83%88%E7%A4%BE%E9%95%B7" n3="%79%75%6D%69%63%63%68%69" dan="16,17,16,16" rate="2159.79,2136.14,2155.55,2118.95" sx="M,M,M,M"/><TAIKYOKU oya="0"/><INIT seed="0,0,0,4,3,124" ten="250,250,250,250" oya="0" hai0="131,0,78,97,69,64,94,77,20,120,12,34,133" hai1="19,116,130,53,21,37,80,76,36,28,47,74,32" hai2="71,46,39,129,17,111,35,117,123,110,61,43,9" hai3="25,132,60,48,7,59,108,98,75,104,65,103,62"/><T122/><D0/><U27/><E116/><V40/><F123/><N who="0" m="47146" /><D34/><U50/><REACH who="1" step="1"/><E130/><REACH who="1" ten="250,240,250,250" step="2"/><V68/><F117/><W45/><G132/><T100/><D133/><U67/><E67/><V33/><F129/><W57/><G75/><T118/><D131/><U29/><E29/><V3/><F111/><W102/><G108/><T15/><D64/><U41/><E41/><V127/><F40/><W126/><G126/><T10/><D118/><U51/><E51/><V14/><F127/><W107/><G7/><T23/><D69/><U30/><E30/><V44/><F110/><W92/><G25/><AGARI ba="0,1" hai="19,21,25,27,28,32,36,37,47,50,53,74,76,80" machi="25" ten="30,2000,0" yaku="1,1,7,1,53,0" doraHai="124" doraHaiUra="4" who="1" fromWho="3" sc="250,0,240,30,250,0,250,-20" /><INIT seed="1,0,0,1,2,25" ten="250,270,250,230" oya="1" hai0="42,34,98,133,113,5,74,9,102,50,15,49,88" hai1="85,16,11,43,97,131,35,82,63,87,39,29,55" hai2="83,77,68,117,105,91,101,52,3,75,90,30,65" hai3="84,17,66,46,64,36,67,72,110,0,18,135,76"/><U92/><E131/><V32/><F117/><W122/><G122/><T119/><D74/><U100/><E39/><V45/><F3/><W4/><G110/><T22/><D34/><U53/><E43/><V12/><F12/><W61/><G135/><T58/><D113/><U33/><E85/><V80/><F80/><W48/><G36/><T118/><D133/><U8/><E8/><V127/><F45/><W94/><G72/><T109/><D109/><U62/><E35/><V19/><F19/><W44/><G61/><N who="1" m="23050" /><E29/><V120/><F30/><W38/><G38/><T7/><D7/><U96/><E96/><N who="2" m="61607" /><F32/><W69/><G69/><T28/><D42/><U89/><E33/><V132/><F132/><W31/><G46/><T2/><D2/><U106/><E106/><V26/><F120/><W27/><G0/><T103/><D119/><U47/><E47/><V1/><F1/><W124/><G4/><T54/><D118/><U6/><E6/><V126/><F68/><W81/><G94/><N who="0" m="56647" /><D50/><U130/><E130/><V21/><F65/><W59/><G59/><T112/><D112/><U51/><E51/><V41/><F41/><W60/><G60/><T24/><AGARI ba="0,0" hai="5,9,15,22,24,28,49,54,58,102,103" m="56647" machi="24" ten="30,4000,0" yaku="8,1,52,1,54,1" doraHai="25" who="0" fromWho="0" sc="250,40,270,-20,250,-10,230,-10" /><INIT seed="2,0,0,2,0,30" ten="290,250,240,220" oya="2" hai0="6,26,112,117,45,23,48,11,126,20,41,99,24" hai1="91,59,96,110,43,93,115,18,77,56,111,124,67" hai2="73,81,94,104,17,49,37,95,119,39,0,89,42" hai3="10,66,85,87,129,84,32,22,35,47,55,31,50"/><V63/><F119/><W70/><G10/><T46/><D112/><U103/><E115/><V58/><F0/><W118/><G118/><T100/><D117/><U1/><E1/><V8/><F104/><W53/><G129/><T34/><D126/><U25/><E124/><V74/><F74/><W134/><G134/><T29/><D46/><U61/><E43/><V107/><F107/><W68/><G55/><T13/><REACH who="0" step="1"/><D24/><REACH who="0" ten="280,250,240,220" step="2"/><U90/><E25/><V2/><F37/><W71/><REACH who="3" step="1"/><G66/><REACH who="3" ten="280,250,240,210" step="2"/><T62/><D62/><U133/><E61/><V44/><F63/><W97/><G97/><T82/><D82/><U21/><E67/><V33/><F81/><W80/><G80/><T131/><D131/><U105/><E133/><V57/><F39/><W60/><G60/><T98/><D98/><U72/><E96/><V78/><F44/><W108/><G108/><T106/><AGARI ba="0,2" hai="6,11,13,20,23,26,29,34,41,45,48,99,100,106" machi="106" ten="20,5200,0" yaku="1,1,0,1,7,1,52,1,53,0" doraHai="30" doraHaiUra="127" who="0" fromWho="0" sc="280,72,250,-13,240,-26,210,-13" /><INIT seed="3,0,0,1,4,100" ten="352,237,214,197" oya="3" hai0="0,35,22,77,61,68,47,51,9,116,13,111,82" hai1="103,67,26,104,80,69,15,115,20,105,135,93,52" hai2="90,118,66,110,55,72,97,132,43,3,50,108,38" hai3="30,131,34,6,2,70,109,16,48,101,134,92,7"/><W5/><G70/><T106/><D35/><U127/><E115/><V98/><F118/><W113/><G113/><T112/><D116/><U73/><E73/><V84/><F72/><W119/><G119/><T123/><D123/><U49/><E135/><V117/><F132/><W23/><G134/><T76/><D76/><U29/><E80/><N who="2" m="49415" /><F3/><W130/><G109/><N who="2" m="42089" /><F117/><W27/><G48/><T122/><D22/><U44/><E127/><V126/><F126/><W36/><G36/><T45/><D0/><U78/><E78/><V31/><F66/><W12/><G2/><T120/><D82/><U86/><E15/><V95/><F31/><W99/><AGARI ba="0,0" hai="5,6,7,12,16,23,27,30,34,92,99,101,130,131" machi="99" ten="30,3000,0" yaku="0,1,54,1" doraHai="100" who="3" fromWho="3" sc="352,-10,237,-10,214,-10,197,30" /><INIT seed="3,1,0,2,5,131" ten="342,227,204,227" oya="3" hai0="6,15,88,124,121,87,40,18,98,133,34,31,76" hai1="120,130,134,101,73,97,135,21,85,67,74,83,89" hai2="26,75,27,24,39,102,57,20,41,113,71,69,33" hai3="56,95,4,65,77,129,16,92,12,25,80,43,104"/><W32/><G104/><T110/><D121/><U50/><E120/><V29/><F113/><W3/><G129/><T9/><D76/><U1/><E1/><V126/><F75/><W2/><G43/><T86/><D40/><U35/><E35/><V68/><F126/><W5/><G65/><T58/><D124/><U72/><E67/><V108/><F108/><W119/><G119/><T59/><D87/><U115/><E130/><V64/><F102/><W82/><G56/><T0/><D98/><U112/><E21/><V42/><F39/><W93/><G80/><T13/><D13/><U11/><E11/><V28/><REACH who="2" step="1"/><F26/><REACH who="2" ten="342,227,194,227" step="2"/><W127/><G127/><T132/><D110/><U107/><E50/><V51/><F51/><W46/><G25/><T123/><D123/><U117/><E117/><V14/><F14/><W94/><G2/><T22/><D34/><U60/><E60/><AGARI ba="1,1" hai="20,24,27,28,29,33,41,42,57,60,64,68,69,71" machi="60" ten="40,2600,0" yaku="1,1,53,1" doraHai="131" doraHaiUra="63" who="2" fromWho="1" sc="342,0,227,-29,194,39,227,0" /><INIT seed="4,0,0,2,3,35" ten="342,198,233,227" oya="0" hai0="19,90,91,70,0,135,53,11,46,128,107,77,129" hai1="89,112,132,58,64,22,55,34,131,62,23,17,113" hai2="26,28,114,42,12,95,111,130,108,30,94,125,87" hai3="2,123,103,41,67,40,98,115,85,10,83,110,60"/><T52/><D107/><U134/><E34/><V51/><F114/><N who="1" m="44137" /><E131/><N who="0" m="50249" /><D70/><U65/><E89/><N who="0" m="33801" /><D135/><N who="1" m="51755" /><E23/><V3/><F108/><W84/><G110/><T61/><D77/><U102/><E102/><V99/><F111/><W81/><G123/><T93/><D93/><U104/><E104/><V31/><F130/><W105/><G115/><T4/><D61/><U121/><E121/><V29/><F94/><W36/><G83/><T86/><D86/><U118/><E118/><V5/><F95/><W71/><G36/><T18/><D46/><U6/><E6/><V122/><F5/><W56/><G71/><T54/><AGARI ba="0,0" hai="0,4,11,18,19,52,53,54" m="33801,50249" machi="54" ten="40,7800,0" yaku="19,1,52,1,54,1" doraHai="35" who="0" fromWho="0" sc="342,78,198,-26,233,-26,227,-26" /><INIT seed="4,1,0,5,5,125" ten="420,172,207,201" oya="0" hai0="81,15,85,124,42,20,131,102,29,101,48,111,5" hai1="55,57,109,38,16,64,14,11,68,103,121,6,89" hai2="134,36,52,91,80,50,58,44,49,18,53,62,110" hai3="12,7,118,37,73,104,130,96,116,8,56,108,70"/><T113/><D124/><U21/><E109/><V1/><F110/><W63/><G108/><T82/><D82/><U65/><E38/><V24/><F134/><W99/><G73/><T31/><D113/><U35/><E103/><V123/><F123/><W39/><G70/><T127/><D127/><U128/><E128/><V132/><F132/><W83/><G130/><T0/><D0/><U135/><E135/><V98/><F1/><W33/><G33/><T22/><D131/><U84/><E35/><V17/><F36/><W97/><G104/><T75/><D75/><U66/><E68/><V90/><F24/><W77/><G39/><T30/><D22/><U27/><E121/><V41/><F98/><W40/><G37/><T93/><D93/><U86/><REACH who="1" step="1"/><E89/><REACH who="1" ten="420,162,207,201" step="2"/><N who="2" m="33803" /><F80/><W79/><G83/><T47/><D111/><U2/><E2/><V95/><F95/><W100/><G100/><T115/><D102/><U71/><E71/><V61/><F61/><AGARI ba="1,1" hai="6,11,14,16,21,27,55,57,61,64,65,66,84,86" machi="61" ten="40,8000,1" yaku="1,1,8,1,54,1,53,1" doraHai="125" doraHaiUra="19" who="1" fromWho="2" sc="420,0,162,93,207,-83,201,0" /><INIT seed="5,0,0,4,5,120" ten="420,255,124,201" oya="1" hai0="52,110,95,47,53,103,97,123,10,44,69,88,51" hai1="28,135,84,39,34,0,64,107,122,128,5,56,16" hai2="102,77,104,133,100,4,11,22,79,25,126,129,48" hai3="85,1,57,23,111,33,75,2,124,15,13,134,119"/><U55/><E107/><V12/><F133/><W40/><G75/><T118/><D69/><U86/><E39/><V82/><F129/><W112/><G33/><T92/><D118/><U121/><E64/><V78/><F126/><W17/><G40/><T54/><D110/><U26/><E128/><V91/><F104/><W9/><G111/><T65/><D65/><U89/><E135/><V18/><F48/><W125/><G134/><T38/><D123/><U68/><E68/><V62/><REACH who="2" step="1"/><F62/><REACH who="2" ten="420,255,114,201" step="2"/><W41/><G119/><T30/><D38/><U63/><E122/><V66/><F66/><W3/><G124/><T58/><D53/><U115/><E121/><V45/><F45/><W50/><G125/><T36/><D47/><U19/><E115/><V73/><F73/><W113/><G41/><T93/><D36/><U46/><E46/><V132/><F132/><W90/><G50/><T131/><D54/><U116/><E116/><V21/><F21/><W94/><REACH who="3" step="1"/><G57/><REACH who="3" ten="420,255,114,191" step="2"/><T27/><D58/><U61/><E61/><V127/><F127/><W117/><G117/><T83/><D51/><U29/><E63/><V109/><F109/><W24/><G24/><T76/><D27/><U6/><E56/><V20/><F20/><W43/><G43/><T70/><D70/><U101/><E26/><V87/><AGARI ba="0,2" hai="4,11,12,18,22,25,77,78,79,82,87,91,100,102" machi="87" ten="30,7900,0" yaku="1,1,0,1,8,1,53,1" doraHai="120" doraHaiUra="8" who="2" fromWho="2" sc="420,-20,255,-39,114,99,191,-20" /><INIT seed="6,0,0,5,0,21" ten="400,216,213,171" oya="2" hai0="19,111,134,15,109,7,124,48,94,60,97,16,117" hai1="39,42,85,86,84,54,78,64,77,79,6,10,56" hai2="76,114,47,135,75,80,129,116,46,17,9,2,31" hai3="69,127,25,26,122,13,104,106,74,115,112,88,29"/><V33/><F114/><N who="3" m="43563" /><G122/><T11/><D19/><U119/><E119/><V105/><F105/><N who="3" m="40555" /><G74/><T24/><D117/><U34/><E34/><V37/><F116/><W113/><G113/><T65/><D48/><U121/><E121/><V58/><F46/><W3/><G3/><T82/><D82/><U91/><E64/><V14/><F58/><W45/><G127/><T30/><D7/><U18/><E39/><V101/><F101/><W95/><G69/><T51/><D51/><U120/><E120/><V131/><F135/><W5/><G29/><T81/><D81/><U20/><E42/><N who="2" m="22991" /><F33/><W73/><G73/><T0/><D124/><U66/><E66/><V53/><F53/><W87/><G45/><T71/><D0/><U52/><E56/><V41/><F41/><W55/><G55/><T38/><D38/><U102/><E102/><V93/><F93/><W32/><G32/><T68/><D68/><U4/><E54/><V12/><F31/><W132/><G132/><T125/><D134/><U107/><E52/><V49/><F49/><W89/><G89/><T103/><D125/><U23/><E91/><V90/><F90/><W70/><G70/><T44/><D44/><U59/><E59/><V100/><F100/><W8/><AGARI ba="0,0" hai="5,8,13,25,26,87,88,95" m="40555,43563" machi="8" ten="40,8000,1" yaku="15,1,11,1,52,2,54,1" doraHai="21" who="3" fromWho="3" sc="400,-20,216,-20,213,-40,171,80" /><INIT seed="7,0,0,4,1,8" ten="380,196,173,251" oya="3" hai0="47,121,74,81,3,77,92,101,63,94,80,104,56" hai1="86,54,124,29,130,73,127,82,93,134,110,45,52" hai2="42,129,44,40,91,123,38,118,85,7,55,100,23" hai3="125,9,90,71,103,116,97,111,98,113,79,96,12"/><W108/><G71/><T57/><D121/><U128/><E110/><N who="3" m="42026" /><G116/><T114/><D3/><U36/><E29/><V126/><F118/><W48/><G79/><T15/><D114/><U19/><E73/><V88/><F129/><N who="1" m="49769" /><E93/><N who="2" m="54415" /><F38/><W13/><G125/><N who="1" m="48202" /><E19/><V132/><F132/><W2/><G103/><T0/><D57/><U102/><E102/><V64/><F126/><W70/><G70/><T120/><D47/><U34/><E34/><V35/><F35/><W99/><G113/><T59/><D0/><U16/><E16/><V49/><F123/><W53/><G2/><T21/><D77/><N who="1" m="46415" /><E134/><V106/><F106/><W115/><G115/><T11/><D63/><U75/><E75/><V33/><F33/><W109/><G109/><T4/><D120/><U27/><E27/><V1/><F100/><W30/><G30/><T131/><D131/><U43/><AGARI ba="0,0" hai="36,43,45,52,54" m="46415,48202,49769" machi="43" ten="40,5200,0" yaku="19,1,18,1,54,1" doraHai="8" who="1" fromWho="1" sc="380,-13,196,52,173,-13,251,-26" owari="367,46.0,248,5.0,160,-34.0,225,-17.0" /></mjloggm>