<mjloggm ver="2.3"><GO type="169" lobby="0"/><UN n0="%E3%83%89%E3%83%A9%EF%BC%91%EF%BC%92%EF%BC%90%EF%BC%85" n1="%E5%B0%B1%E6%B4%BB%E7%94%9F%40%E5%B7%9D%E6%9D%91%E8%BB%8D%E5%9B%A3" n2="%E5%BB%83%E4%BA%BA%E9%81%94%E9%9B%86%E5%90%88" n3="%E3%82%B7%E3%83%A3%E3%83%BC%E3%83%AA%E3%83%97%E3%83%88%E3%83%A9" dan="16,17,16,16" rate="2165.43,2177.73,2108.03,2129.10" sx="M,M,M,M"/><TAIKYOKU oya="0"/><INIT seed="0,0,0,5,2,118" ten="250,250,250,250" oya="0" hai0="22,94,36,68,44,110,124,70,34,130,131,55,35" hai1="50,73,79,53,105,63,87,24,32,86,102,30,59" hai2="104,122,10,78,108,120,90,84,97,88,45,133,106" hai3="82,42,93,100,40,67,96,75,29,13,62,126,21"/><T54/><D124/><U11/><E73/><V114/><F10/><W74/><G126/><T17/><D94/><U134/><E134/><V65/><F65/><W115/><G115/><T48/><D36/><U31/><E31/><V83/><F45/><W49/><G13/><T8/><D8/><U119/><E79/><V51/><F51/><W101/><G101/><T123/><D55/><U121/><E119/><V98/><F114/><W135/><G135/><T57/><D44/><U3/><E121/><N who="2" m="46699" /><F108/><W1/><G1/><T18/><D18/><U99/><E3/><V47/><F47/><N who="3" m="25831" /><G82/><T19/><D19/><U0/><E0/><V125/><F125/><W4/><G4/><T25/><D110/><U60/><E11/><V72/><F133/><W56/><G42/><T58/><D58/><U109/><E109/><V39/><F39/><W33/><G33/><T20/><D20/><U103/><E103/><N who="2" m="62575" /><F72/><W69/><G69/><N who="0" m="26731" /><D123/><U117/><E117/><V127/><F127/><W37/><G37/><T14/><D14/><U15/><E15/><V43/><F43/><W41/><G41/><T27/><D35/><U9/><E9/><V111/><F111/><W28/><G28/><T61/><D48/><U77/><E50/><V113/><F113/><W81/><G29/><T132/><D132/><U64/><E63/><V112/><F112/><W92/><G21/><T85/><D85/><N who="1" m="32267" /><E53/><V71/><F71/><W76/><G74/><T23/><D23/><U7/><E7/><V5/><F5/><W89/><G100/><AGARI ba="0,0" hai="78,83,84,88,90,98,100,106" m="62575,46699" machi="100" ten="30,12000,2" yaku="34,2,52,3,54,1" doraHai="118" who="2" fromWho="3" sc="250,0,250,0,250,120,250,-120" /><INIT seed="1,0,0,5,0,52" ten="250,250,370,130" oya="1" hai0="39,95,99,37,9,32,17,131,133,130,7,3,117" hai1="42,56,80,69,8,73,87,44,72,25,45,43,114" hai2="122,12,54,116,38,100,97,48,20,70,118,119,59" hai3="65,66,24,62,90,41,96,128,47,5,71,135,109"/><U63/><E114/><V104/><F70/><W53/><G109/><T27/><D117/><U6/><E69/><V11/><F38/><W115/><G115/><T121/><D133/><U123/><E123/><V77/><F77/><W120/><G120/><T101/><D121/><U82/><E25/><V126/><F122/><W36/><G135/><T31/><REACH who="0" step="1"/><D17/><REACH who="0" ten="240,250,370,130" step="2"/><U79/><E43/><V134/><F134/><W132/><G132/><T102/><D102/><U16/><E16/><V88/><F119/><W22/><G128/><AGARI ba="0,1" hai="3,7,9,27,31,32,37,39,95,99,101,128,130,131" machi="128" ten="40,5200,0" yaku="1,1,19,1,53,1" doraHai="52" doraHaiUra="21" who="0" fromWho="3" sc="240,62,250,0,370,0,130,-52" /><INIT seed="2,0,0,2,4,97" ten="302,250,370,78" oya="2" hai0="40,55,109,1,106,48,32,87,96,108,86,59,94" hai1="24,61,21,131,68,83,17,112,38,3,102,7,37" hai2="88,18,28,110,70,57,47,122,34,105,54,124,2" hai3="66,31,69,100,46,35,95,114,62,63,73,80,120"/><V127/><F122/><W121/><G114/><T64/><D1/><U77/><E112/><V16/><F70/><W119/><G119/><T75/><D32/><U115/><E115/><V27/><F2/><W6/><G6/><T113/><D113/><U90/><E131/><V42/><F105/><W22/><G35/><T117/><D75/><U81/><E7/><V72/><F72/><W25/><G46/><T103/><D117/><U134/><E134/><V130/><F130/><W85/><G63/><N who="0" m="38015" /><D40/><U11/><E11/><V49/><F88/><W65/><G65/><T107/><D107/><U53/><E3/><V9/><F110/><N who="0" m="42602" /><D106/><U93/><E102/><V123/><F123/><W132/><G132/><T0/><D0/><U43/><E43/><V60/><REACH who="2" step="1"/><F9/><REACH who="2" ten="302,250,360,78" step="2"/><W98/><REACH who="3" step="1"/><G73/><REACH who="3" ten="302,250,360,68" step="2"/><T125/><D125/><AGARI ba="0,2" hai="16,18,27,28,34,42,47,49,54,57,60,124,125,127" machi="125" ten="40,12000,1" yaku="1,1,2,1,18,1,54,1,53,0" doraHai="97" doraHaiUra="74" who="2" fromWho="0" sc="302,-120,250,0,360,140,68,0" /><INIT seed="2,1,0,5,0,91" ten="182,250,500,68" oya="2" hai0="86,18,46,22,78,23,94,53,92,11,27,21,100" hai1="122,48,134,20,36,85,80,123,32,52,109,24,39" hai2="41,76,50,33,71,72,75,126,116,108,70,17,124" hai3="83,44,99,120,0,62,19,93,9,40,7,49,84"/><V38/><F50/><W88/><G120/><N who="1" m="46122" /><E32/><V57/><F57/><W29/><G29/><T51/><D100/><U56/><E109/><V67/><F17/><W103/><G19/><T47/><D47/><U6/><E6/><V28/><F116/><W117/><REACH who="3" step="1"/><G62/><REACH who="3" ten="182,250,500,58" step="2"/><T129/><D129/><U133/><E133/><V89/><F28/><W121/><G121/><T58/><D46/><U35/><E35/><V81/><F33/><W42/><G42/><T59/><D59/><U15/><E134/><V73/><F41/><W69/><G69/><T3/><D27/><U114/><E114/><V90/><F71/><W54/><G54/><T104/><D18/><N who="1" m="10335" /><E24/><V65/><F65/><W10/><G10/><T43/><D11/><U110/><E110/><V105/><F67/><W77/><G77/><AGARI ba="1,1" hai="36,39,48,52,56,77,80,85" m="10335,46122" machi="77" ten="30,2000,0" yaku="13,1,54,1" doraHai="91" who="1" fromWho="3" sc="182,0,250,33,500,0,58,-23" /><INIT seed="3,0,0,5,4,83" ten="182,283,500,35" oya="3" hai0="84,72,58,129,99,79,4,123,61,23,46,50,60" hai1="118,135,73,101,92,121,132,35,66,111,87,6,48" hai2="26,81,90,2,109,49,120,25,88,7,36,55,29" hai3="37,131,70,93,0,27,95,8,122,47,3,57,34"/><W22/><G122/><T85/><D123/><U105/><E35/><V107/><F120/><W42/><G70/><T19/><D4/><U33/><E33/><V98/><F36/><W28/><G131/><T53/><D129/><U30/><E30/><V44/><F109/><W62/><G34/><T74/><D99/><U10/><E73/><V39/><F39/><W18/><G95/><T102/><D102/><U75/><E75/><V108/><F108/><W14/><REACH who="3" step="1"/><G93/><REACH who="3" ten="182,283,500,25" step="2"/><T86/><D79/><U133/><E111/><V80/><F107/><W112/><G112/><T77/><D77/><U12/><E121/><V32/><F32/><W31/><G31/><T59/><D61/><U106/><E118/><V51/><F29/><W103/><G103/><T41/><REACH who="0" step="1"/><D59/><REACH who="0" ten="172,283,500,25" step="2"/><U5/><E101/><V15/><F90/><W127/><G127/><T91/><D91/><U52/><E106/><V68/><F88/><W71/><G71/><T119/><D119/><U16/><E105/><V69/><F69/><W21/><G21/><T126/><D126/><U117/><E117/><V9/><F68/><W115/><G115/><T20/><D20/><U24/><E132/><V11/><F11/><W116/><G116/><T1/><D1/><U64/><E135/><V128/><F2/><W94/><G94/><T17/><D17/><U96/><E133/><V38/><F9/><W113/><G113/><T125/><D125/><U100/><E10/><V76/><F128/><W13/><G13/><AGARI ba="0,2" hai="13,19,23,41,46,50,53,58,60,72,74,84,85,86" machi="13" ten="40,8000,1" yaku="1,1,52,3,53,1" doraHai="83" doraHaiUra="40" who="0" fromWho="3" sc="172,100,283,0,500,0,25,-80" owari="272,-13.0,283,8.0,500,61.0,-55,-56.0" /></mjloggm>