<mjloggm ver="2.3"><GO type="41" lobby="0"/><UN n0="%73%75%6D%69%79%61" n1="%73%69%6B%69%2D%61%72%6B" n2="%E3%83%A1%E3%83%AD%E3%83%B3%E3%83%91%E3%83%B3" n3="%E5%B0%B1%E6%B4%BB%E7%94%9F%40%E5%B7%9D%E6%9D%91%E8%BB%8D%E5%9B%A3" dan="14,15,13,17" rate="2000.24,1931.92,1972.02,2218.07" sx="M,M,M,M"/><TAIKYOKU oya="0"/><INIT seed="0,0,0,5,5,81" ten="250,250,250,250" oya="0" hai0="49,117,123,121,116,42,82,15,32,1,10,134,3" hai1="33,29,72,36,65,83,100,120,128,130,68,27,9" hai2="79,39,77,25,44,41,53,104,67,57,30,48,78" hai3="17,52,112,14,69,24,51,133,11,74,126,111,90"/><T21/><D42/><U86/><E120/><N who="0" m="46153" /><D82/><U115/><E115/><V122/><F104/><W96/><G112/><T76/><D49/><U59/><E36/><V6/><F6/><W109/><G74/><T0/><D76/><U106/><E9/><V85/><F122/><W84/><G69/><T34/><D21/><U18/><E18/><V35/><REACH who="2" step="1"/><F67/><REACH who="2" ten="250,250,240,250" step="2"/><W8/><G133/><T50/><D134/><U28/><E106/><V20/><F20/><W54/><G126/><T19/><D50/><U70/><E65/><V26/><F26/><W129/><G129/><T127/><D127/><U40/><E27/><V66/><F66/><W61/><G24/><T47/><D47/><U105/><E105/><V23/><F23/><W63/><G11/><T75/><D75/><U71/><E130/><V37/><F37/><W135/><G135/><T101/><D101/><U2/><E128/><V73/><F73/><W13/><G8/><T5/><D5/><U55/><E100/><V89/><F89/><W4/><G90/><T12/><D12/><U125/><E72/><V118/><F118/><AGARI ba="0,1" hai="0,1,3,10,15,19,32,34,116,117,118" m="46153" machi="118" ten="40,3900,0" yaku="34,2" doraHai="81" who="0" fromWho="2" sc="250,49,250,0,240,-39,250,0" /><INIT seed="0,1,0,5,3,58" ten="299,250,201,250" oya="0" hai0="41,68,72,106,32,98,84,16,44,25,117,118,112" hai1="11,111,60,5,95,131,126,6,45,78,9,115,37" hai2="20,83,81,102,121,67,76,79,82,92,23,27,21" hai3="134,101,108,89,110,125,53,100,71,35,93,51,2"/><T73/><D68/><U33/><E33/><V31/><F121/><W13/><G2/><T120/><D112/><U43/><E115/><V36/><F36/><W47/><G35/><T48/><D120/><U64/><E126/><V86/><F67/><W77/><G125/><T99/><D84/><U75/><E111/><N who="3" m="42538" /><G134/><T34/><D32/><U8/><E131/><V123/><F123/><W42/><G71/><T46/><D34/><U127/><E127/><V12/><F12/><W103/><G77/><N who="2" m="29769" /><F86/><N who="3" m="52407" /><G13/><T50/><D106/><U38/><E95/><V18/><F18/><W124/><G124/><T97/><D25/><U29/><E37/><V54/><F54/><AGARI ba="1,0" hai="42,47,51,53,54,100,101,103" m="52407,42538" machi="54" ten="30,1000,0" yaku="14,1" doraHai="58" who="3" fromWho="2" sc="299,0,250,0,201,-13,250,13" /><INIT seed="1,0,0,0,4,119" ten="299,250,188,263" oya="1" hai0="1,58,81,36,112,88,130,8,50,94,21,61,10" hai1="20,116,12,75,30,80,78,22,73,129,124,44,63" hai2="127,9,41,70,74,133,11,39,42,131,134,93,0" hai3="24,109,96,71,13,99,15,17,56,45,77,76,59"/><U111/><E116/><V7/><F70/><W34/><G71/><T122/><D36/><U66/><E75/><V95/><F127/><W97/><G109/><T60/><D112/><U6/><E124/><V89/><F74/><W43/><G34/><T54/><D81/><U47/><E129/><V87/><F131/><W23/><G43/><T48/><D1/><U126/><E126/><V69/><F69/><W98/><G45/><T62/><D130/><U123/><E111/><V114/><F114/><W102/><G102/><T105/><D105/><U68/><E123/><V108/><F108/><W4/><N who="3" m="25088" /><DORA hai="117" /><W29/><G4/><T84/><D122/><U118/><E118/><V65/><F65/><W83/><G83/><T107/><D107/><U52/><E30/><V16/><F93/><W32/><REACH who="3" step="1"/><G13/><REACH who="3" ten="299,250,188,253" step="2"/><T19/><D48/><U103/><E103/><V104/><F104/><W100/><G100/><T91/><REACH who="0" step="1"/><D91/><REACH who="0" ten="289,250,188,253" step="2"/><U2/><E2/><V51/><F51/><W31/><G31/><T90/><D90/><U37/><E37/><V53/><F39/><W79/><AGARI ba="0,2" hai="15,17,23,24,29,32,56,59,76,77,79" m="25088" machi="79" ten="50,3200,0" yaku="1,1,0,1,53,0" doraHai="119,117" doraHaiUra="120,113" who="3" fromWho="3" sc="289,-8,250,-16,188,-8,253,52" /><INIT seed="2,0,0,2,3,60" ten="281,234,180,305" oya="2" hai0="10,81,54,27,72,113,9,41,39,26,35,49,7" hai1="135,65,88,1,24,122,43,102,82,85,37,92,71" hai2="96,114,55,38,66,25,97,44,103,104,47,119,46" hai3="87,64,84,4,111,105,0,112,125,5,95,12,62"/><V14/><F114/><W131/><G105/><T32/><D113/><U73/><E1/><V116/><F66/><W89/><G0/><T19/><D41/><U58/><E122/><V78/><F78/><W76/><G112/><T36/><D54/><U21/><E135/><V101/><F25/><N who="0" m="9226" /><D49/><U67/><E71/><V8/><F55/><W106/><G106/><T53/><D53/><U128/><E128/><V90/><F90/><W45/><G125/><T69/><D81/><U42/><E73/><V86/><F86/><W16/><G131/><T129/><D69/><U51/><E37/><V120/><F120/><W83/><G111/><T110/><D72/><U124/><E124/><V20/><F20/><N who="3" m="11271" /><G45/><T28/><D36/><U6/><E6/><V31/><F31/><W68/><G68/><T117/><D39/><U94/><E58/><V3/><F3/><W23/><G23/><T107/><D107/><U63/><E63/><V134/><F38/><W11/><G11/><T115/><D129/><U133/><E133/><V34/><F34/><N who="0" m="12842" /><D115/><U40/><E51/><V30/><F134/><W13/><G84/><T59/><D59/><U123/><E123/><V93/><REACH who="2" step="1"/><F30/><REACH who="2" ten="281,234,170,305" step="2"/><W126/><G126/><T2/><D28/><N who="1" m="17423" /><E102/><V118/><F118/><W61/><G64/><AGARI ba="0,1" hai="40,42,43,64,65,67,82,85,88,92,94" m="17423" machi="64" ten="30,8000,1" yaku="8,1,52,3,54,1" doraHai="60" who="1" fromWho="3" sc="281,0,234,90,170,0,305,-80" /><INIT seed="3,0,0,5,3,10" ten="281,324,170,225" oya="3" hai0="65,27,28,79,15,42,100,119,124,40,20,92,71" hai1="36,113,115,104,89,130,134,123,128,73,48,127,57" hai2="49,19,58,66,38,105,3,72,61,68,133,86,35" hai3="122,125,5,90,23,107,75,2,32,87,46,91,34"/><W56/><G75/><T52/><D124/><U110/><RYUUKYOKU type="yao9" ba="0,0" sc="281,0,324,0,170,0,225,0" hai1="36,48,57,73,89,104,110,113,115,123,127,128,130,134" /><INIT seed="3,1,0,0,0,124" ten="281,324,170,225" oya="3" hai0="125,3,86,64,48,82,114,47,43,42,77,102,17" hai1="35,63,115,123,61,6,75,58,83,95,26,15,76" hai2="7,51,90,130,33,91,129,81,88,19,104,9,32" hai3="5,30,46,107,37,93,41,97,4,27,13,28,127"/><W45/><G107/><T34/><D3/><U132/><E123/><V92/><F104/><W56/><G127/><T69/><D34/><U66/><E115/><V12/><F51/><W57/><G45/><T122/><D122/><U112/><E112/><V101/><F81/><W65/><G28/><T44/><D114/><U98/><E132/><V89/><F101/><W85/><G85/><T84/><D125/><U29/><E15/><V67/><F67/><W131/><G131/><N who="2" m="50185" /><F7/><W8/><G65/><T10/><D64/><U118/><E6/><V50/><F50/><W119/><G119/><T113/><D69/><U78/><E63/><V99/><AGARI ba="1,0" hai="9,12,19,32,33,88,89,90,91,92,99" m="50185" machi="99" ten="30,8000,1" yaku="19,1,52,3,54,1" doraHai="124" who="2" fromWho="2" sc="281,-21,324,-21,170,83,225,-41" /><INIT seed="4,0,0,0,3,21" ten="260,303,253,184" oya="0" hai0="59,26,124,62,111,117,0,34,93,66,80,44,63" hai1="46,114,130,55,134,25,95,96,131,85,47,99,45" hai2="79,119,71,132,69,125,120,127,41,106,78,43,81" hai3="12,102,9,53,54,6,14,82,51,129,105,65,112"/><T52/><D117/><U118/><E118/><V98/><F120/><W135/><G112/><T92/><D124/><N who="2" m="47690" /><F119/><W1/><G135/><T7/><D111/><U115/><E134/><V50/><F50/><W39/><G129/><N who="1" m="49162" /><E25/><V42/><F132/><W23/><G39/><T32/><D34/><U19/><E19/><V126/><N who="2" m="47698" /><V90/><DORA hai="72" /><F106/><W48/><G65/><T17/><D0/><U18/><E18/><V100/><F90/><W16/><G82/><T36/><D7/><U2/><E2/><V86/><F79/><W31/><G31/><T58/><D80/><U49/><E85/><V61/><F61/><W73/><G73/><T27/><D36/><U3/><E3/><V24/><F24/><N who="0" m="9258" /><D32/><U11/><E11/><V74/><F74/><W38/><G38/><T40/><D40/><N who="2" m="10242" /><V5/><DORA hai="30" /><F5/><W109/><G109/><T8/><D44/><N who="1" m="17003" /><E99/><V35/><F35/><W33/><G33/><T28/><D28/><U64/><E64/><V122/><F122/><W128/><G128/><T94/><D17/><U110/><E110/><V123/><F123/><W15/><G102/><AGARI ba="0,0" hai="47,49,55,95,96,102,114,115" m="17003,49162" machi="102" ten="30,1000,0" yaku="19,1" doraHai="21,72,30" who="1" fromWho="3" sc="260,0,303,10,253,0,184,-10" /><INIT seed="5,0,0,1,5,6" ten="260,313,253,174" oya="1" hai0="48,80,79,124,97,130,106,59,133,127,50,82,2" hai1="87,135,132,26,78,42,65,114,0,67,44,100,76" hai2="63,21,118,73,5,7,98,51,1,129,52,77,90" hai3="39,119,37,116,30,68,14,60,20,15,17,18,35"/><U66/><E0/><V32/><F32/><W55/><G35/><T120/><D2/><U93/><E114/><V131/><F118/><W105/><G105/><T22/><D133/><N who="1" m="51275" /><E26/><V10/><F7/><W38/><G30/><T91/><D130/><N who="2" m="49674" /><F21/><W13/><G55/><T88/><D22/><U11/><E11/><V110/><F63/><W9/><REACH who="3" step="1"/><G13/><REACH who="3" ten="260,313,253,164" step="2"/><T109/><D120/><U29/><E29/><V47/><F1/><W81/><G81/><T83/><D109/><U64/><E64/><AGARI ba="0,1" hai="9,14,15,17,18,20,37,38,39,60,64,68,116,119" machi="64" ten="50,3200,0" yaku="1,1,52,1,53,0" doraHai="6" doraHaiUra="54" who="3" fromWho="1" sc="260,0,313,-32,253,0,164,42" /><INIT seed="6,0,0,1,4,91" ten="260,281,253,206" oya="2" hai0="43,68,83,18,48,49,57,67,54,60,107,89,102" hai1="12,45,50,75,69,65,73,98,39,133,72,1,44" hai2="100,104,135,24,123,96,58,94,38,51,92,97,47" hai3="82,61,40,25,22,78,79,114,30,62,74,2,66"/><V105/><F135/><W95/><G2/><T71/><D107/><U101/><E133/><V124/><F124/><W6/><G6/><T37/><D102/><U80/><E1/><V5/><F5/><W87/><G114/><T26/><D83/><U27/><E65/><V131/><F131/><W122/><G122/><T32/><D32/><U130/><E69/><V42/><F24/><W28/><G40/><T9/><D9/><U109/><E109/><V119/><F119/><W120/><G120/><T52/><D89/><U29/><E12/><V0/><F0/><W93/><G30/><T20/><D18/><U35/><E130/><V17/><F17/><W111/><G111/><T116/><D20/><U81/><E39/><V77/><F77/><W10/><G10/><T112/><D26/><U7/><E7/><V70/><F70/><W126/><G126/><T3/><D3/><U41/><REACH who="1" step="1"/><E45/><REACH who="1" ten="260,271,253,206" step="2"/><V106/><F123/><W19/><G66/><T99/><D116/><U115/><E115/><V23/><F23/><N who="3" m="15423" /><G74/><T64/><D112/><U113/><E113/><V16/><F16/><W85/><G22/><T4/><D4/><U14/><E14/><V63/><F38/><W125/><G19/><T117/><D117/><U8/><E8/><V55/><REACH who="2" step="1"/><F106/><AGARI ba="0,1" hai="27,29,35,41,44,50,72,73,75,80,81,98,101,106" machi="106" ten="40,1300,0" yaku="1,1,53,0" doraHai="91" doraHaiUra="127" who="1" fromWho="2" sc="260,0,271,23,253,-13,206,0" /><INIT seed="7,0,0,5,4,101" ten="260,294,240,206" oya="3" hai0="60,12,123,43,55,32,105,86,29,62,54,30,96" hai1="97,51,5,121,16,90,95,114,130,56,44,33,122" hai2="64,108,36,129,127,63,135,2,61,47,7,69,65" hai3="41,25,66,37,111,98,73,76,0,72,120,53,67"/><W19/><G120/><T68/><D123/><U79/><E130/><V82/><F108/><W59/><G0/><T100/><D43/><U106/><E114/><V71/><F127/><W70/><G111/><T10/><D86/><U118/><E118/><V22/><F22/><N who="3" m="13535" /><G72/><T88/><D60/><U20/><E33/><V84/><F135/><W85/><G73/><T35/><D29/><U131/><E131/><V74/><F129/><W15/><G70/><T116/><D35/><U18/><E56/><V134/><F134/><W87/><G37/><T93/><D116/><U80/><E5/><V104/><F104/><W40/><G15/><T126/><D126/><U83/><E18/><V110/><F110/><W26/><G26/><T6/><D88/><U78/><E106/><V14/><F2/><W49/><G98/><T99/><D93/><U58/><E58/><V31/><F31/><W57/><G87/><T3/><D96/><U92/><E92/><V102/><F102/><W117/><G117/><T133/><D3/><U91/><E90/><V45/><F74/><W34/><G34/><T39/><D39/><U11/><E11/><V75/><F75/><W52/><G85/><T9/><D9/><U89/><E89/><V94/><F94/><W1/><G76/><N who="1" m="29226" /><E122/><V77/><F36/><W113/><G113/><T109/><D133/><U8/><E8/><AGARI ba="0,0" hai="7,8,14,45,47,61,63,64,65,69,71,77,82,84" machi="8" ten="40,1300,0" yaku="9,1" doraHai="101" who="2" fromWho="1" sc="260,0,294,-13,240,13,206,0" /><INIT seed="8,0,0,1,4,1" ten="260,281,253,206" oya="0" hai0="2,9,107,80,52,14,78,70,87,127,134,29,7" hai1="102,120,13,116,91,104,4,31,65,57,8,83,109" hai2="27,131,123,130,56,18,112,53,90,41,93,50,59" hai3="15,48,98,100,75,45,115,5,71,108,86,22,3"/><T95/><D107/><U21/><E109/><V99/><F112/><W73/><G115/><T97/><D70/><U61/><E120/><V79/><F123/><W85/><G108/><T92/><D134/><U76/><E116/><V135/><F135/><W82/><G71/><T43/><D127/><U55/><E104/><V37/><F79/><W32/><G32/><T20/><D43/><U42/><E42/><V133/><F133/><W63/><G3/><T66/><D66/><U46/><E102/><V118/><F118/><W67/><G67/><T77/><D78/><U72/><E91/><V132/><F132/><W62/><G75/><T126/><D126/><U125/><E125/><V16/><F56/><W110/><G73/><T33/><D33/><U114/><E114/><V25/><F41/><N who="3" m="24623" /><G22/><T113/><D113/><U39/><E39/><V40/><F40/><W10/><G110/><T103/><D2/><U122/><E122/><V19/><REACH who="2" step="1"/><F37/><REACH who="2" ten="260,281,243,206" step="2"/><W74/><G74/><T88/><D77/><U68/><E68/><V119/><F119/><W28/><G28/><T124/><D124/><U0/><E31/><V11/><F11/><W64/><G64/><T69/><D69/><U12/><E65/><V106/><F106/><W81/><G63/><T24/><D80/><N who="3" m="30825" /><G62/><T54/><AGARI ba="0,1" hai="7,9,14,20,24,29,52,54,87,88,92,95,97,103" machi="54" ten="30,12000,1" yaku="0,1,8,1,52,1,54,2" doraHai="1" who="0" fromWho="0" sc="260,130,281,-40,243,-40,206,-40" owari="390,49.0,241,4.0,203,-20.0,166,-33.0" /></mjloggm>