<mjloggm ver="2.3"><GO type="169" lobby="0"/><UN n0="%E6%B4%A5%E7%94%B0%E6%B2%BC%E3%81%A3%E5%AD%90" n1="%68%6B%5F%6B%69%62%61" n2="%E3%82%A6%E3%83%AB%E3%83%88%E3%83%A9%E7%AB%8B%E7%9B%B4" n3="%78%E3%83%AB%E3%83%AB%78" dan="16,16,18,16" rate="2134.59,2081.70,2219.17,2097.52" sx="M,M,M,M"/><TAIKYOKU oya="0"/><INIT seed="0,0,0,3,2,22" ten="250,250,250,250" oya="0" hai0="73,105,75,67,0,21,96,14,29,113,27,25,117" hai1="57,5,35,56,100,87,19,46,28,62,6,70,53" hai2="16,127,123,98,2,92,78,118,44,79,97,132,133" hai3="107,66,4,11,30,112,61,1,50,89,135,134,9"/><T51/><D113/><U8/><E70/><V109/><F2/><W82/><G112/><T68/><D0/><U69/><E69/><V124/><F44/><W101/><G50/><T39/><D39/><U31/><E100/><V121/><F16/><W108/><G108/><T52/><D117/><U125/><E125/><N who="2" m="48203" /><F109/><W37/><G37/><T45/><D14/><N who="1" m="7623" /><E35/><V72/><F118/><W114/><G114/><T13/><D13/><U106/><E106/><V26/><F26/><W103/><G107/><T85/><D85/><U102/><E102/><N who="2" m="60711" /><F98/><W115/><G11/><T119/><D119/><U81/><E46/><V74/><F79/><W84/><G115/><T122/><D122/><N who="2" m="46602" /><F78/><W71/><G30/><N who="1" m="11306" /><E57/><V55/><F55/><W64/><G64/><T34/><D67/><U60/><E60/><V93/><F93/><W95/><G95/><T94/><D68/><U63/><E63/><V48/><F48/><W42/><G42/><T91/><D105/><U32/><E32/><V130/><F130/><W65/><G65/><T90/><D90/><AGARI ba="0,0" hai="5,6,53,56,62,81,87,90" m="11306,7623" machi="90" ten="30,1000,0" yaku="8,1" doraHai="22" who="1" fromWho="0" sc="250,-10,250,10,250,0,250,0" /><INIT seed="1,0,0,4,5,57" ten="240,260,250,250" oya="1" hai0="66,72,24,129,125,34,17,51,128,135,83,124,115" hai1="77,54,122,97,119,108,47,118,13,99,105,78,48" hai2="7,31,116,134,67,132,130,11,82,80,53,63,111" hai3="42,69,40,60,38,25,39,8,64,59,36,16,22"/><U68/><E122/><V1/><F116/><W55/><REACH who="3" step="1"/><G8/><REACH who="3" ten="240,260,250,240" step="2"/><T107/><D115/><U98/><E119/><V103/><F11/><W102/><G102/><T4/><D4/><U110/><E118/><V33/><F7/><W120/><G120/><T10/><D10/><U5/><E105/><V37/><F103/><W73/><G73/><T30/><D107/><U96/><E5/><V43/><F134/><W79/><G79/><T46/><D135/><U93/><E78/><V6/><F6/><W112/><G112/><T0/><D0/><U12/><E77/><V23/><F1/><W88/><G88/><T75/><D75/><U56/><E110/><V18/><F111/><W14/><G14/><T95/><D72/><U21/><E108/><V133/><F133/><W90/><G90/><T35/><D125/><U52/><E21/><V28/><F23/><W121/><G121/><T85/><D124/><U74/><E74/><V114/><F132/><W71/><G71/><T3/><D3/><U117/><E68/><V9/><F9/><W126/><G126/><T29/><D129/><U15/><E117/><V131/><F130/><W32/><G32/><T49/><D128/><U65/><E15/><V87/><F131/><W89/><G89/><T92/><D35/><U123/><E123/><V109/><F33/><W113/><G113/><T20/><D34/><U61/><E65/><V91/><F67/><W58/><G58/><T127/><D66/><U50/><E13/><V86/><F109/><W101/><G101/><T62/><D127/><U81/><E12/><V44/><F114/><RYUUKYOKU ba="0,1" sc="240,-10,260,-10,250,-10,240,30" hai3="16,22,25,36,38,39,40,42,55,59,60,64,69" /><INIT seed="2,1,1,5,3,127" ten="230,250,240,270" oya="2" hai0="101,64,13,131,67,60,53,12,3,113,105,44,133" hai1="57,28,91,40,7,30,29,93,112,4,21,17,92" hai2="14,50,116,8,108,99,72,94,117,88,39,51,56" hai3="35,106,79,118,68,34,42,24,71,63,74,22,59"/><V90/><F39/><W9/><G118/><T95/><D3/><U66/><E112/><V120/><F72/><W87/><G42/><T82/><D113/><U15/><E40/><V89/><F120/><W20/><G74/><T132/><D105/><U115/><E115/><V5/><F108/><W70/><G106/><T49/><D82/><U98/><REACH who="1" step="1"/><E93/><REACH who="1" ten="230,240,240,270" step="2"/><V83/><F117/><W45/><G35/><T76/><D95/><U119/><E119/><V110/><F116/><W69/><G34/><T86/><D133/><U130/><E130/><V37/><F110/><W2/><G22/><T124/><D131/><U18/><E18/><V46/><F37/><W0/><G9/><T55/><D132/><U102/><E102/><V16/><F83/><W65/><G20/><T58/><D101/><U62/><AGARI ba="1,2" hai="4,7,15,17,21,28,29,30,57,62,66,91,92,98" machi="62" ten="30,4000,0" yaku="1,1,0,1,8,1,53,0" doraHai="127" doraHaiUra="123" who="1" fromWho="1" sc="230,-11,240,63,240,-21,270,-11" /><INIT seed="3,0,0,1,4,54" ten="219,303,219,259" oya="3" hai0="101,31,44,15,98,89,130,3,69,45,65,83,32" hai1="35,119,135,126,57,52,91,49,17,13,64,27,123" hai2="23,59,108,37,74,115,24,47,28,94,12,71,29" hai3="55,103,43,112,48,41,96,16,21,120,9,50,84"/><W118/><G120/><T111/><D3/><U30/><E123/><V53/><F71/><W125/><G118/><T72/><D111/><U76/><E119/><V34/><F74/><W104/><G125/><T113/><D113/><U42/><E126/><V129/><F108/><W121/><G112/><T79/><D130/><U90/><E135/><V93/><F115/><W22/><G9/><T66/><D66/><U67/><E76/><V102/><F129/><W78/><G121/><T107/><D15/><U1/><E1/><V75/><F75/><W88/><G78/><T80/><D80/><U62/><E42/><V106/><F106/><W68/><G50/><T20/><D20/><U0/><E0/><V131/><F131/><W132/><G132/><T87/><D65/><U77/><E77/><V39/><F39/><W85/><G85/><T14/><D14/><U36/><E36/><V38/><F38/><W19/><G21/><T70/><D70/><U58/><E67/><V10/><F102/><W95/><G68/><T46/><D69/><U133/><E133/><V109/><F109/><W60/><G60/><T117/><D117/><U97/><E97/><V11/><F11/><AGARI ba="0,0" hai="11,13,17,27,30,35,49,52,57,58,62,64,90,91" machi="11" ten="30,7700,0" yaku="7,1,52,2,54,1" doraHai="54" who="1" fromWho="2" sc="219,0,303,77,219,-77,259,0" /><INIT seed="4,0,0,3,4,66" ten="219,380,142,259" oya="0" hai0="13,120,118,71,70,23,27,20,29,51,115,28,34" hai1="40,59,99,98,79,42,3,113,91,86,43,15,64" hai2="81,122,117,60,105,82,56,106,33,26,101,85,37" hai3="4,109,1,31,55,67,130,69,9,36,52,125,19"/><T84/><D120/><U114/><E3/><V119/><F37/><W128/><G36/><T24/><D118/><N who="2" m="45066" /><F33/><W95/><G109/><T46/><D115/><N who="1" m="44043" /><E79/><N who="2" m="46271" /><F26/><W126/><G31/><T10/><D84/><U54/><E15/><V77/><F56/><W132/><G19/><T16/><D34/><U18/><E18/><V7/><F60/><N who="3" m="40167" /><G95/><T25/><D25/><U47/><E64/><V135/><F7/><W127/><G132/><T73/><D73/><U83/><E47/><V111/><F122/><W57/><G57/><T72/><D72/><U68/><E68/><V65/><F65/><W0/><G0/><T121/><D121/><U102/><E102/><V76/><F111/><W35/><G35/><T123/><D123/><U92/><E83/><V87/><F135/><W63/><G63/><AGARI ba="0,0" hai="40,42,43,54,59,63,86,91,92,98,99" m="44043" machi="63" ten="30,2000,0" yaku="15,1,11,1" doraHai="66" who="1" fromWho="3" sc="219,0,380,20,142,0,259,-20" /><INIT seed="5,0,0,3,2,103" ten="219,400,142,239" oya="1" hai0="57,33,71,19,4,59,38,121,43,131,123,93,129" hai1="91,76,56,81,52,26,95,24,96,99,13,18,30" hai2="128,72,65,44,115,31,15,110,11,104,84,36,20" hai3="62,21,48,16,50,49,85,125,3,12,87,98,68"/><U1/><E1/><V55/><F72/><W112/><G3/><T132/><D33/><U82/><E99/><V77/><F110/><W9/><G112/><T134/><D4/><U37/><E37/><V2/><F115/><W67/><G125/><T42/><D19/><U94/><E94/><V80/><F128/><N who="0" m="49226" /><D71/><U113/><E113/><V97/><F65/><W35/><G35/><T78/><D78/><U69/><E69/><V64/><F64/><W41/><G41/><N who="0" m="15371" /><D93/><U105/><E105/><V102/><F36/><W119/><G119/><T23/><D23/><N who="1" m="15711" /><E24/><V14/><F31/><W83/><G83/><T0/><D0/><U130/><E76/><V79/><F20/><W107/><REACH who="3" step="1"/><G21/><REACH who="3" ten="219,400,142,229" step="2"/><T53/><D38/><U114/><E114/><V133/><F133/><N who="0" m="51306" /><D59/><U124/><E130/><V45/><F2/><W34/><G34/><T116/><D116/><U22/><E56/><V70/><F70/><W6/><G6/><T89/><D89/><U10/><E91/><V25/><F79/><W127/><G127/><T126/><D126/><U92/><E124/><V74/><F77/><W58/><G58/><T120/><D120/><U90/><E90/><V73/><F74/><W51/><N who="3" m="12288" /><DORA hai="108" /><W111/><G111/><T63/><AGARI ba="0,1" hai="53,57,63,121,123" m="51306,15371,49226" machi="63" ten="40,8000,1" yaku="19,1,20,1,34,2" doraHai="103,108" who="0" fromWho="0" sc="219,90,400,-40,142,-20,229,-20" /><INIT seed="6,0,0,4,3,71" ten="309,360,122,209" oya="2" hai0="113,19,1,81,128,29,84,12,133,21,116,69,48" hai1="134,79,117,67,60,34,62,103,59,64,97,53,11" hai2="106,13,104,6,24,2,132,125,108,80,15,52,35" hai3="18,112,98,88,127,82,92,94,96,46,39,130,107"/><V56/><F125/><W37/><G18/><T26/><D69/><U22/><E34/><V89/><F132/><W43/><G127/><T32/><D133/><U110/><E110/><V90/><F108/><W93/><G130/><T61/><D61/><U51/><E117/><V23/><F35/><W68/><G68/><T7/><D116/><U20/><E79/><V40/><F40/><W41/><G112/><T36/><D36/><U91/><E11/><V99/><F2/><W95/><G107/><T30/><D30/><U3/><E3/><V16/><F104/><W8/><G8/><N who="0" m="2159" /><D48/><U38/><E38/><V135/><F106/><W72/><G98/><T124/><D124/><U63/><E91/><V78/><F135/><W77/><G93/><T66/><D66/><N who="1" m="25131" /><E134/><V25/><F25/><W49/><G49/><T33/><D33/><U73/><E73/><V76/><F89/><W28/><G28/><T70/><D70/><U115/><E115/><V75/><F78/><W0/><G0/><T55/><D55/><U118/><E118/><V9/><F9/><W17/><G17/><T121/><D113/><U10/><E10/><V74/><F6/><W100/><G100/><T111/><D111/><U123/><E123/><V45/><F45/><AGARI ba="0,0" hai="37,39,41,43,45,46,72,77,82,88,92,94,95,96" machi="45" ten="40,8000,1" yaku="9,1,52,2,54,1" doraHai="71" who="3" fromWho="2" sc="309,0,360,0,122,-80,209,80" /><INIT seed="7,0,0,4,0,72" ten="309,360,42,289" oya="3" hai0="78,82,112,100,69,102,113,121,127,49,73,64,26" hai1="76,33,77,68,15,120,134,0,115,17,103,117,29" hai2="3,13,118,24,109,99,35,88,124,14,57,106,91" hai3="104,12,31,132,36,133,122,22,84,16,30,59,45"/><W92/><G104/><T70/><D121/><U67/><E120/><V60/><F3/><W6/><G122/><T66/><D127/><U110/><E110/><V97/><F109/><W101/><G6/><T38/><D38/><U85/><E85/><V62/><F124/><W65/><G36/><T1/><D1/><U98/><E0/><V95/><F118/><W54/><G45/><T128/><D128/><U48/><E48/><V20/><F35/><W80/><G65/><N who="0" m="25195" /><D49/><U25/><E115/><N who="0" m="44105" /><D26/><U125/><E125/><V56/><F106/><W18/><G18/><T52/><D52/><U111/><E111/><V34/><F34/><W23/><G23/><T107/><D107/><N who="1" m="63991" /><E134/><N who="3" m="51818" /><G101/><AGARI ba="0,0" hai="69,70,73,78,82,100,101,102" m="44105,25195" machi="101" ten="30,3900,0" yaku="15,1,11,1,52,1" doraHai="72" who="0" fromWho="3" sc="309,39,360,0,42,0,289,-39" owari="348,15.0,360,46.0,42,-46.0,250,-15.0" /></mjloggm>