<mjloggm ver="2.3"><GO type="225" lobby="0"/><UN n0="%E5%B0%B1%E6%B4%BB%E7%94%9F%40%E5%B7%9D%E6%9D%91%E8%BB%8D%E5%9B%A3" n1="%65%71%6D%6D" n2="%E7%89%8C%E5%AD%90" n3="%E3%81%B9%E3%81%91%E3%82%93" dan="17,16,16,16" rate="2170.32,2082.99,2134.04,2181.72" sx="M,M,F,M"/><TAIKYOKU oya="0"/><INIT seed="0,0,0,3,5,25" ten="250,250,250,250" oya="0" hai0="11,119,2,31,127,54,90,47,60,104,46,67,34" hai1="77,38,28,101,21,27,57,91,82,74,128,35,124" hai2="64,51,6,63,73,131,85,113,96,100,36,23,62" hai3="98,52,116,30,80,20,66,42,71,7,78,37,26"/><T53/><D119/><U114/><E38/><V56/><F73/><W32/><G116/><T79/><D104/><U102/><E124/><V70/><F36/><W12/><G71/><T45/><D79/><U22/><E128/><V133/><F113/><W95/><G66/><T14/><D2/><U9/><E114/><V61/><F131/><W69/><G69/><T8/><D127/><U59/><E9/><V122/><F122/><W106/><G106/><T129/><D129/><U41/><E41/><V5/><F133/><W135/><G135/><T81/><D31/><U75/><E75/><V15/><F51/><W3/><G42/><T120/><D34/><U10/><E10/><N who="0" m="3625" /><D14/><U4/><E4/><V92/><F85/><N who="3" m="48279" /><G37/><T65/><D120/><U93/><E35/><V97/><F5/><W83/><G32/><T117/><D117/><U94/><E22/><V68/><F68/><W49/><G3/><T29/><D29/><U126/><E126/><V0/><F0/><W99/><G12/><T89/><D81/><U132/><E132/><V50/><F70/><W107/><G107/><T110/><D110/><U118/><E118/><V33/><F33/><W115/><G115/><T84/><D84/><N who="1" m="52455" /><E94/><N who="2" m="58391" /><F64/><N who="0" m="24650" /><D60/><U13/><E13/><V40/><F15/><W86/><G7/><T17/><D17/><U111/><E111/><V103/><F6/><W48/><G48/><T24/><D24/><U112/><E112/><V88/><F50/><W105/><G105/><T58/><D58/><N who="1" m="22027" /><E74/><V76/><F56/><N who="3" m="32783" /><G83/><T19/><D19/><U130/><E130/><V18/><F18/><W134/><G134/><RYUUKYOKU ba="0,0" sc="250,10,250,10,250,-30,250,10" hai0="45,46,47,53,54,89,90" hai1="21,27,28,77,82,101,102" hai3="20,26,30,86,95,98,99" /><INIT seed="0,1,0,5,0,128" ten="260,260,220,260" oya="0" hai0="14,20,114,69,84,116,46,101,118,74,109,132,85" hai1="135,56,123,42,50,1,23,65,120,47,57,73,79" hai2="45,15,103,7,26,54,32,115,52,38,27,133,63" hai3="21,30,13,60,40,6,61,66,67,78,70,77,4"/><T33/><D74/><U90/><E1/><V29/><F115/><W112/><G112/><T51/><D33/><U134/><E90/><V119/><F119/><W59/><G40/><T88/><D69/><U99/><E99/><V107/><F27/><W83/><G30/><T43/><D101/><U80/><E23/><V94/><F107/><W16/><REACH who="3" step="1"/><G77/><REACH who="3" ten="260,260,220,250" step="2"/><T11/><D114/><U22/><E22/><V36/><F29/><W49/><G49/><T28/><D20/><U39/><E50/><V0/><F36/><W8/><G8/><T96/><D28/><U31/><E31/><V98/><F38/><W9/><G9/><T72/><D51/><U24/><E24/><V41/><F26/><W12/><G12/><T92/><D43/><U106/><E106/><V104/><F32/><W44/><G44/><T2/><D46/><U64/><E64/><V89/><F15/><W10/><G10/><T5/><D2/><U121/><REACH who="1" step="1"/><E65/><REACH who="1" ten="260,250,220,250" step="2"/><V110/><F104/><W124/><G124/><T108/><D14/><U55/><E55/><V113/><F54/><W93/><G93/><T58/><D92/><U129/><E129/><V105/><F52/><W35/><G35/><T68/><D11/><U75/><E75/><AGARI ba="1,2" hai="4,6,13,16,21,59,60,61,66,67,70,75,78,83" machi="75" ten="30,3900,0" yaku="1,1,7,1,54,1,53,0" doraHai="128" doraHaiUra="25" who="3" fromWho="1" sc="260,0,250,-42,220,0,250,62" /><INIT seed="1,0,0,0,5,13" ten="260,208,220,312" oya="1" hai0="33,44,116,48,21,74,112,31,68,52,123,106,120" hai1="135,85,62,102,2,97,109,46,107,11,128,59,82" hai2="117,56,124,29,134,26,84,18,41,3,22,110,63" hai3="5,89,77,54,45,24,119,27,103,94,50,61,9"/><U30/><E30/><V101/><F117/><W39/><G77/><T1/><D112/><U10/><E128/><V69/><F3/><W65/><G39/><T53/><D1/><U125/><E125/><V32/><F124/><W35/><G103/><T88/><D33/><U71/><E71/><V122/><F122/><N who="0" m="46634" /><D68/><U16/><E135/><V43/><F134/><W38/><G38/><T57/><D106/><U132/><E132/><V40/><F69/><W95/><G119/><T121/><D74/><U79/><E2/><V104/><F110/><W80/><G80/><T96/><D116/><U19/><E109/><V4/><F4/><W113/><G113/><T76/><D76/><U73/><E46/><V90/><F101/><W23/><G35/><T42/><D57/><U51/><E51/><V49/><F104/><W100/><G100/><T47/><D47/><U64/><REACH who="1" step="1"/><E73/><REACH who="1" ten="260,198,220,312" step="2"/><V93/><F49/><W86/><G50/><T12/><D121/><U17/><AGARI ba="0,1" hai="10,11,16,17,19,59,62,64,79,82,85,97,102,107" machi="17" ten="30,18000,2" yaku="1,1,2,1,0,1,52,3,54,1,53,0" doraHai="13" doraHaiUra="25" who="1" fromWho="1" sc="260,-60,198,190,220,-60,312,-60" /><INIT seed="1,1,0,3,1,118" ten="200,388,160,252" oya="1" hai0="65,17,29,133,100,106,6,49,109,120,97,114,12" hai1="110,47,128,116,35,13,27,61,81,14,64,67,39" hai2="21,25,44,85,38,80,77,95,1,122,124,92,83" hai3="20,37,50,15,33,107,119,91,40,2,22,111,112"/><U51/><E39/><V125/><F1/><W66/><G112/><T48/><D114/><U43/><E116/><V105/><F105/><W32/><G2/><T89/><D6/><U71/><E128/><V19/><F80/><W60/><G107/><T78/><D78/><U135/><E135/><V94/><F38/><W103/><G37/><T5/><D5/><U113/><E113/><V132/><F132/><W62/><G103/><T23/><D133/><U127/><E127/><N who="2" m="48715" /><F44/><W74/><G74/><T108/><D65/><U30/><E110/><N who="0" m="42601" /><D29/><U68/><E81/><V115/><F115/><W90/><G60/><AGARI ba="1,0" hai="13,14,27,30,35,43,47,51,60,61,64,67,68,71" machi="60" ten="40,2000,0" yaku="9,1" doraHai="118" who="1" fromWho="3" sc="200,0,388,23,160,0,252,-23" /><INIT seed="1,2,0,2,2,98" ten="200,411,160,229" oya="1" hai0="35,42,26,82,104,21,49,43,100,56,75,106,114" hai1="74,2,93,117,108,33,65,59,40,31,90,18,128" hai2="23,34,121,86,16,27,44,54,125,48,76,132,52" hai3="120,7,58,116,39,66,123,80,0,81,28,17,133"/><U94/><E74/><V41/><F121/><W15/><G39/><T99/><D35/><U87/><E2/><V92/><F132/><W57/><G133/><T101/><D114/><U11/><E117/><V107/><F107/><W102/><G28/><T96/><D75/><U73/><E73/><V20/><F34/><W113/><G113/><T77/><D77/><U14/><E40/><V91/><F125/><W126/><G126/><T129/><D82/><U109/><E128/><V69/><F69/><W10/><G116/><T8/><D8/><U36/><E36/><V61/><F76/><W63/><G120/><T12/><D12/><U103/><E31/><V119/><F119/><W124/><G124/><T111/><D111/><U83/><E33/><V62/><F23/><W127/><G127/><T30/><D129/><U131/><E131/><V45/><REACH who="2" step="1"/><F54/><AGARI ba="2,0" hai="21,26,30,42,43,49,54,56,96,99,100,101,104,106" machi="54" ten="40,5200,0" yaku="9,1,52,2" doraHai="98" who="0" fromWho="2" sc="200,58,411,0,160,-58,229,0" /><INIT seed="2,0,0,4,2,71" ten="258,411,102,229" oya="2" hai0="36,11,34,129,89,113,86,60,116,46,92,87,103" hai1="100,97,64,21,95,134,32,133,127,72,80,109,117" hai2="67,62,25,70,35,76,84,82,56,1,40,20,93" hai3="96,7,130,90,126,49,66,0,110,114,15,119,47"/><V118/><F118/><W122/><G119/><T31/><D116/><U54/><E32/><V42/><F1/><W58/><G122/><T61/><D129/><U52/><E117/><V88/><F70/><W75/><G110/><T33/><D103/><U131/><E109/><V73/><REACH who="2" step="1"/><F35/><REACH who="2" ten="258,411,92,229" step="2"/><W115/><G0/><T39/><D34/><U45/><E131/><V53/><F53/><W135/><G130/><T68/><D33/><U55/><E52/><V128/><F128/><W98/><G114/><T28/><D68/><U74/><E54/><V24/><F24/><W78/><G115/><T123/><D113/><U59/><E55/><V2/><F2/><W124/><G126/><T48/><D123/><U17/><E127/><V99/><F99/><W14/><G98/><T13/><D86/><U26/><E97/><V104/><F104/><W125/><G96/><T22/><D61/><U16/><E26/><V37/><F37/><W18/><G124/><T81/><D60/><U9/><E72/><V91/><F91/><W121/><G90/><T111/><D111/><U57/><E74/><V23/><F23/><W12/><G75/><T44/><D22/><U69/><E21/><V106/><F106/><W77/><G125/><T5/><D39/><U43/><E69/><V83/><F83/><W29/><G121/><T50/><D81/><U27/><E80/><V85/><F85/><W79/><G79/><T38/><D38/><U132/><E27/><V3/><F3/><W108/><G77/><T112/><D36/><U94/><E132/><V19/><AGARI ba="0,1" hai="19,20,25,40,42,56,62,67,73,76,82,84,88,93" machi="19" ten="20,7800,0" yaku="1,1,0,1,7,1,54,1,53,0" doraHai="71" doraHaiUra="4" who="2" fromWho="2" sc="258,-26,411,-26,92,88,229,-26" /><INIT seed="2,1,0,5,0,83" ten="232,385,180,203" oya="2" hai0="38,112,3,106,119,93,78,39,57,6,58,97,127" hai1="118,132,47,128,86,41,11,0,82,74,72,1,60" hai2="71,120,123,32,69,133,130,49,5,28,65,18,75" hai3="52,89,48,7,54,12,8,109,104,26,14,107,80"/><V115/><F115/><W17/><G109/><T117/><D106/><U122/><E118/><N who="0" m="45065" /><D127/><U10/><E128/><V42/><F130/><W114/><G114/><T85/><D112/><U101/><E132/><V34/><F133/><W55/><G26/><T98/><D6/><U15/><E122/><N who="2" m="46635" /><F18/><W68/><G68/><N who="2" m="26185" /><F65/><W110/><G110/><T30/><D30/><U95/><E60/><V50/><F75/><W81/><G104/><T35/><D35/><N who="2" m="13354" /><F42/><W121/><G107/><T53/><D3/><U44/><E72/><V79/><F79/><W36/><G121/><T25/><D25/><U9/><E74/><V16/><F16/><W62/><G62/><N who="0" m="36143" /><D58/><U77/><E41/><V24/><F24/><W22/><G48/><N who="2" m="18537" /><F5/><W96/><G36/><N who="0" m="13867" /><D78/><U4/><E77/><V125/><F125/><W40/><G40/><T134/><D134/><U56/><E4/><V92/><F92/><AGARI ba="1,0" hai="7,8,12,14,17,22,52,54,55,80,81,89,92,96" machi="92" ten="40,2600,0" yaku="8,1,54,1" doraHai="83" who="3" fromWho="2" sc="232,0,385,0,180,-29,203,29" /><INIT seed="3,0,0,3,2,40" ten="232,385,151,232" oya="3" hai0="120,124,59,3,11,86,82,74,119,36,26,94,100" hai1="28,69,126,16,125,105,132,73,57,78,121,107,110" hai2="14,133,72,38,29,50,24,18,101,135,60,106,12" hai3="63,75,109,123,56,93,112,85,68,84,39,127,95"/><W35/><G112/><T117/><D74/><U2/><E69/><V6/><F38/><W87/><G123/><T22/><D120/><U15/><E121/><V91/><F72/><W54/><G75/><T48/><D36/><U65/><E2/><V43/><F60/><W104/><G104/><T44/><D59/><U116/><E110/><V61/><F61/><W111/><G35/><T131/><D11/><N who="1" m="6271" /><E132/><N who="2" m="50763" /><F91/><W33/><G33/><T80/><D48/><U19/><E19/><V62/><F62/><W0/><G0/><T71/><D86/><U4/><E4/><V31/><F101/><W79/><G79/><T76/><D100/><U46/><E28/><N who="2" m="10827" /><F106/><W23/><G68/><T66/><D71/><U58/><E65/><V7/><F50/><W5/><G39/><T47/><D80/><U102/><E102/><V34/><F43/><W115/><G95/><T122/><D94/><U98/><E107/><V42/><F42/><W97/><G63/><T92/><D92/><U9/><E105/><V77/><F77/><W128/><G93/><T52/><D82/><U21/><E78/><V41/><F41/><W8/><G97/><T88/><D76/><U49/><E98/><V70/><F70/><W17/><G87/><T108/><D66/><U83/><E83/><V129/><F34/><W90/><G84/><T103/><D103/><U30/><E73/><V64/><F64/><W118/><G85/><T114/><D122/><U130/><E49/><V81/><F81/><W55/><G90/><T25/><D88/><U96/><E96/><V45/><F45/><W32/><G32/><RYUUKYOKU ba="0,0" sc="232,0,385,0,151,0,232,0" owari="232,3.0,385,49.0,151,-35.0,232,-17.0" /></mjloggm>