<mjloggm ver="2.3"><GO type="169" lobby="0"/><UN n0="%E3%81%B6%E3%81%A3%E3%81%A8%E3%81%B3%E3%82%AB%E3%83%BC%E3%83%89" n1="%E6%A1%9C%E4%BA%95%E3%81%95%E3%82%93" n2="%79%61%6C%70%68%61" n3="%E5%B0%B1%E6%B4%BB%E7%94%9F%40%E5%B7%9D%E6%9D%91%E8%BB%8D%E5%9B%A3" dan="17,17,17,17" rate="2156.10,2208.56,2149.73,2194.77" sx="M,M,M,M"/><TAIKYOKU oya="0"/><INIT seed="0,0,0,4,5,4" ten="250,250,250,250" oya="0" hai0="56,40,28,113,127,58,43,55,14,94,92,115,116" hai1="60,103,48,5,69,18,85,64,93,98,75,73,50" hai2="70,19,78,61,11,120,13,0,97,114,65,16,39" hai3="26,6,74,68,34,118,71,80,10,20,130,106,38"/><T3/><D3/><U76/><E5/><V89/><F114/><W122/><G20/><T95/><D116/><U86/><E18/><V31/><F120/><W44/><G118/><T27/><D127/><U25/><E25/><V83/><F39/><W82/><G82/><T128/><D128/><U17/><E17/><V22/><F31/><N who="3" m="19831" /><G130/><T49/><D113/><U107/><E86/><V24/><F0/><N who="3" m="327" /><G122/><T33/><D115/><U121/><E121/><V88/><REACH who="2" step="1"/><F97/><REACH who="2" ten="250,250,240,250" step="2"/><W100/><G106/><T32/><D33/><U46/><E107/><V15/><F15/><W66/><G100/><T67/><REACH who="0" step="1"/><D14/><REACH who="0" ten="240,250,240,250" step="2"/><U53/><E103/><V91/><F91/><W37/><G37/><T30/><D30/><U132/><E132/><V109/><F109/><W54/><G38/><T21/><D21/><U35/><E35/><V84/><AGARI ba="0,2" hai="11,13,16,19,22,24,61,65,70,78,83,84,88,89" machi="84" ten="20,12000,2" yaku="1,1,0,1,7,1,52,1,54,2,53,0" doraHai="4" doraHaiUra="96" who="2" fromWho="2" sc="240,-60,250,-30,240,140,250,-30" /><INIT seed="1,0,0,3,5,118" ten="180,220,380,220" oya="1" hai0="69,35,40,3,130,37,18,32,135,66,48,127,1" hai1="80,19,114,62,132,108,64,36,95,9,26,33,41" hai2="44,73,93,20,34,17,55,94,91,113,63,104,45" hai3="115,61,7,99,27,79,43,117,97,82,78,77,50"/><U92/><E114/><V100/><F104/><W16/><G115/><T58/><D127/><U22/><E132/><V11/><F73/><W129/><G117/><T56/><D135/><U47/><E108/><V8/><F34/><W75/><G129/><T119/><D119/><U10/><E33/><V88/><F100/><W103/><G7/><T111/><D130/><U110/><E110/><V52/><F113/><W39/><G39/><T121/><D111/><U24/><E24/><V74/><F74/><W85/><G61/><N who="0" m="40143" /><D58/><U21/><E21/><V109/><F109/><W98/><G75/><T53/><D18/><U120/><E120/><V59/><F55/><W72/><G72/><T122/><D35/><U67/><E67/><V29/><F29/><W46/><REACH who="3" step="1"/><G103/><REACH who="3" ten="180,220,380,210" step="2"/><T134/><D134/><U125/><E125/><V28/><F8/><W107/><G107/><T81/><D121/><U60/><E60/><V106/><F106/><W96/><N who="3" m="25088" /><DORA hai="49" /><W4/><G4/><T12/><D122/><U0/><E10/><V42/><F11/><W2/><G2/><T31/><D3/><U133/><E133/><V51/><F63/><W23/><AGARI ba="0,1" hai="16,23,27,43,46,50,77,78,79,82,85" m="25088" machi="23" ten="40,8000,1" yaku="1,1,0,1,8,1,54,1,53,0" doraHai="118,49" doraHaiUra="131,102" who="3" fromWho="3" sc="180,-20,220,-40,380,-20,210,90" /><INIT seed="2,0,0,3,2,27" ten="160,180,360,300" oya="2" hai0="57,29,74,37,82,54,89,10,96,135,92,63,83" hai1="121,76,20,0,9,53,129,81,23,47,71,24,72" hai2="38,2,8,66,128,113,88,33,70,44,68,58,117" hai3="130,26,107,119,108,67,14,94,52,90,78,105,59"/><V32/><F117/><W123/><G119/><T35/><D135/><U25/><E71/><V62/><F113/><W60/><G123/><T49/><D37/><U61/><E121/><V124/><F128/><W93/><G130/><T7/><D74/><U40/><E129/><V18/><F124/><W99/><G108/><T55/><D35/><U125/><E125/><V3/><F33/><W21/><G78/><T101/><D29/><U86/><E86/><V64/><F32/><W112/><G112/><T109/><D109/><U87/><E87/><V41/><F88/><W126/><G126/><T132/><D132/><U97/><E97/><V75/><F58/><W45/><G14/><T103/><D103/><U36/><E61/><V73/><F18/><W102/><G93/><T34/><D34/><U5/><E53/><V30/><F30/><N who="3" m="17743" /><G90/><T111/><D111/><U50/><E50/><AGARI ba="0,0" hai="45,50,52,59,60,67,94,99,102,105,107" m="17743" machi="50" ten="30,3900,0" yaku="25,1,52,1,54,1" doraHai="27" who="3" fromWho="1" sc="160,0,180,-39,360,0,300,39" /><INIT seed="3,0,0,2,2,109" ten="160,141,360,339" oya="3" hai0="53,90,133,38,99,121,72,102,98,81,69,114,8" hai1="35,10,22,77,2,68,64,59,126,83,61,89,24" hai2="34,86,118,18,62,20,92,47,124,19,132,37,13" hai3="31,117,107,84,67,112,32,21,129,4,63,27,119"/><W71/><G129/><T14/><D69/><U50/><E35/><V95/><F118/><W110/><G110/><T5/><D121/><U1/><E126/><V111/><F34/><W12/><G84/><T82/><D38/><U42/><E89/><V130/><F124/><W23/><G112/><T48/><D133/><U127/><E127/><V41/><F111/><W36/><G36/><T11/><D114/><U44/><E68/><V78/><F132/><W58/><G58/><T15/><D90/><U7/><E22/><V3/><F3/><W28/><G28/><T106/><D99/><U100/><E24/><V80/><F130/><W85/><G85/><T104/><D104/><U125/><E100/><V51/><F37/><W101/><G21/><T43/><D43/><U131/><E131/><V56/><REACH who="2" step="1"/><F18/><REACH who="2" ten="160,141,350,339" step="2"/><N who="3" m="10695" /><G4/><T49/><D5/><U76/><E125/><V25/><F25/><W30/><G30/><T103/><D15/><U0/><REACH who="1" step="1"/><E76/><REACH who="1" ten="160,131,350,339" step="2"/><V105/><F105/><W9/><G9/><T55/><D106/><U70/><E70/><V65/><AGARI ba="0,2" hai="13,19,20,41,47,51,56,62,65,78,80,86,92,95" machi="65" ten="20,8000,1" yaku="1,1,0,1,7,1,8,1,53,1" doraHai="109" doraHaiUra="74" who="2" fromWho="2" sc="160,-20,131,-20,350,100,339,-40" /><INIT seed="4,0,0,2,3,60" ten="140,111,450,299" oya="0" hai0="21,34,94,61,31,0,74,86,72,100,19,46,79" hai1="109,52,13,81,96,124,68,103,133,38,64,28,7" hai2="10,41,117,120,134,110,75,113,62,43,57,93,65" hai3="16,119,25,128,78,116,48,114,2,11,14,132,3"/><T4/><D100/><U125/><E109/><V126/><F75/><W98/><G78/><T89/><D79/><U9/><E38/><V123/><F110/><W18/><G48/><T44/><D74/><U50/><E133/><V76/><F76/><W84/><G84/><T82/><D82/><U88/><E28/><V92/><F134/><W35/><G98/><T127/><D127/><N who="1" m="48715" /><E68/><V77/><F77/><W111/><G111/><T80/><D80/><U107/><E64/><V135/><F135/><W36/><G36/><T47/><D72/><U58/><E81/><V102/><F126/><W15/><G132/><T29/><D34/><U54/><E54/><V8/><F117/><N who="3" m="45131" /><G114/><T26/><REACH who="0" step="1"/><D61/><REACH who="0" ten="130,111,450,299" step="2"/><U42/><E103/><V91/><F102/><W85/><G128/><T105/><D105/><U108/><E107/><V33/><F33/><W27/><G35/><T22/><D22/><U131/><E108/><V121/><F113/><W32/><G32/><T95/><D95/><N who="1" m="56423" /><E131/><V118/><F118/><W104/><G104/><T17/><D17/><U115/><E115/><V71/><F93/><W66/><G18/><T87/><D87/><U129/><E129/><V99/><F120/><W1/><G85/><T49/><D49/><U6/><E7/><V59/><F123/><W73/><G73/><T5/><D5/><U90/><E90/><V97/><F121/><W70/><G16/><T112/><D112/><U23/><E23/><V63/><F99/><W40/><G11/><AGARI ba="0,1" hai="0,4,11,19,21,26,29,31,44,46,47,86,89,94" machi="11" ten="40,2000,0" yaku="1,1,53,0" doraHai="60" doraHaiUra="45" who="0" fromWho="3" sc="130,30,111,0,450,0,299,-20" /><INIT seed="4,1,0,2,4,40" ten="160,111,450,279" oya="0" hai0="108,125,44,71,66,6,110,126,83,49,3,103,104" hai1="2,5,87,127,12,19,60,90,4,81,47,16,11" hai2="29,14,130,121,111,62,57,38,32,84,115,25,113" hai3="128,21,26,39,30,8,7,129,33,69,75,9,59"/><T117/><D117/><U85/><E127/><N who="0" m="48649" /><D83/><U17/><E60/><V99/><F38/><W61/><G75/><T132/><D132/><U24/><E24/><V106/><F111/><N who="0" m="42538" /><D6/><U52/><E87/><V96/><F121/><W134/><G69/><T100/><D3/><U55/><E55/><V68/><F68/><W76/><G76/><T109/><N who="0" m="42546" /><T95/><DORA hai="48" /><D104/><U107/><E107/><V51/><F106/><W1/><G134/><T31/><D31/><U124/><E124/><V41/><F29/><W123/><G123/><T53/><D95/><U112/><E112/><V28/><F115/><W131/><G39/><T91/><D91/><U23/><REACH who="1" step="1"/><E5/><REACH who="1" ten="160,101,450,279" step="2"/><V116/><F113/><W46/><G7/><T67/><D67/><U133/><E133/><V120/><F116/><W94/><G129/><T63/><AGARI ba="1,1" hai="44,49,53,63,66,71,100,103" m="42546,48649" machi="63" ten="50,12000,1" yaku="18,1,10,1,52,2" doraHai="40,48" who="0" fromWho="0" sc="160,133,101,-41,450,-41,279,-41" /><INIT seed="4,2,0,4,2,54" ten="293,60,409,238" oya="0" hai0="58,131,76,64,66,47,129,38,128,113,56,81,99" hai1="123,52,11,36,132,6,25,62,61,73,14,2,86" hai2="46,16,19,48,117,1,35,21,59,65,41,67,135" hai3="37,74,60,57,22,92,71,23,111,53,43,105,102"/><T93/><D113/><U63/><E123/><V72/><F35/><W91/><G74/><N who="0" m="43159" /><D38/><U0/><E73/><V9/><F117/><W96/><G111/><T97/><D47/><U85/><E36/><V87/><F72/><W79/><G79/><T69/><D99/><U130/><E130/><V90/><F135/><W55/><G71/><T98/><D97/><U125/><E132/><V24/><F1/><W8/><G8/><T116/><D116/><U18/><E125/><V77/><F77/><W31/><G31/><T100/><D69/><U32/><E2/><V114/><F114/><W124/><G124/><T126/><D126/><U44/><E32/><V94/><F59/><AGARI ba="2,0" hai="56,58,59,64,66,93,98,100,128,129,131" m="43159" machi="59" ten="30,11600,0" yaku="19,1,52,3" doraHai="54" who="0" fromWho="2" sc="293,122,60,0,409,-122,238,0" /><INIT seed="4,3,0,5,4,79" ten="415,60,287,238" oya="0" hai0="15,67,55,60,95,125,120,37,111,44,68,91,135" hai1="59,131,118,21,105,54,22,2,24,9,133,99,65" hai2="11,52,114,61,74,13,43,104,90,30,62,40,132" hai3="36,46,119,83,39,97,130,50,1,16,116,0,34"/><T48/><D120/><U89/><E118/><V66/><F104/><W101/><G34/><T72/><D72/><U78/><E131/><V41/><F74/><W69/><G69/><T102/><D135/><U71/><E133/><V98/><F132/><W18/><G130/><T134/><D134/><U123/><E123/><V25/><F114/><W81/><G46/><T45/><D125/><U7/><E71/><V77/><F77/><W49/><G97/><T121/><D121/><U87/><E65/><V35/><F66/><W3/><G3/><T86/><D111/><U115/><E115/><V29/><F29/><W31/><G101/><T63/><D63/><U126/><E126/><V76/><F76/><W47/><G47/><T32/><D32/><U23/><E78/><V8/><F8/><W57/><G57/><T4/><D102/><U85/><E105/><V127/><F127/><W58/><G58/><T27/><D27/><U26/><E87/><V88/><F98/><W93/><G31/><T96/><D96/><U20/><N who="1" m="5120" /><DORA hai="33" /><U42/><E42/><V94/><F62/><W14/><G14/><T64/><D64/><U75/><E75/><V51/><F61/><W12/><G12/><T84/><D84/><U109/><E109/><V53/><F94/><AGARI ba="3,0" hai="0,1,16,18,36,39,49,50,81,83,93,94,116,119" machi="94" ten="25,12000,2" yaku="22,2,52,4,54,1" doraHai="79,33" who="3" fromWho="2" sc="415,0,60,0,287,-129,238,129" /><INIT seed="5,0,0,1,2,56" ten="415,60,158,367" oya="1" hai0="66,88,123,23,96,74,14,111,67,21,17,18,97" hai1="102,52,40,95,128,58,134,55,133,130,26,38,107" hai2="53,10,84,89,92,50,110,31,9,79,91,7,105" hai3="93,70,124,119,117,77,46,32,5,83,113,103,71"/><U78/><E107/><V69/><F105/><W47/><G32/><T16/><D111/><U42/><E78/><V62/><F110/><W33/><G33/><T131/><D74/><U81/><E81/><V27/><F79/><W73/><G113/><T135/><D123/><U114/><E26/><V19/><F91/><W30/><G30/><T125/><D131/><N who="1" m="50219" /><E114/><V129/><F129/><W35/><G35/><T59/><D135/><N who="1" m="51723" /><E38/><V101/><F101/><W44/><G5/><T82/><D97/><N who="1" m="59711" /><E55/><V51/><F53/><W25/><G25/><T72/><D72/><U15/><E15/><V8/><F27/><W121/><G93/><T86/><D14/><U54/><E54/><V108/><F31/><W106/><G106/><T41/><D96/><U22/><E22/><V36/><F108/><W115/><G115/><T1/><D21/><U13/><E13/><V3/><F36/><W98/><G98/><T12/><D23/><U104/><E104/><V11/><F19/><W126/><G103/><T116/><D12/><U45/><E45/><V60/><F7/><W75/><G47/><T4/><D18/><U120/><E120/><V85/><F92/><W64/><G83/><T87/><D17/><U132/><N who="1" m="51731" /><U29/><DORA hai="49" /><E29/><V24/><F24/><W37/><G121/><T43/><D16/><U94/><E94/><V2/><F11/><W20/><G77/><T63/><D4/><U61/><AGARI ba="0,0" hai="40,42,52,58,61" m="59711,51731,50219" machi="61" ten="50,12000,1" yaku="19,1,20,1,52,2,54,1" doraHai="56,49" who="1" fromWho="1" sc="415,-40,60,120,158,-40,367,-40" /><INIT seed="5,1,0,0,4,122" ten="375,180,118,327" oya="1" hai0="2,107,73,131,105,90,52,14,133,7,71,16,78" hai1="81,112,25,68,121,12,102,80,114,51,58,10,65" hai2="70,40,76,83,106,95,42,49,63,41,22,37,123" hai3="128,98,103,20,110,120,36,84,26,43,23,50,101"/><U129/><E121/><V86/><F106/><W85/><G36/><T91/><D71/><U53/><E129/><V79/><F123/><W87/><G110/><T1/><D131/><U47/><E102/><V21/><F37/><W3/><G3/><T104/><D133/><U0/><E0/><V61/><F79/><W130/><G120/><T30/><D30/><U4/><E68/><V66/><F95/><W75/><G75/><T92/><D7/><U56/><E25/><V34/><F34/><W115/><G115/><N who="1" m="44074" /><E65/><V33/><F33/><W31/><G23/><N who="2" m="8713" /><F70/><W15/><G15/><T24/><D24/><U11/><E11/><V9/><F66/><W57/><G98/><T44/><D104/><U93/><E93/><V126/><F126/><W48/><G48/><T60/><D105/><U18/><E4/><V117/><F117/><W97/><G97/><T17/><D107/><U118/><E118/><V27/><F27/><W119/><G119/><T45/><D92/><U99/><E99/><V127/><F127/><W94/><G94/><T29/><D14/><U100/><E100/><V54/><F9/><W108/><G101/><T113/><D113/><U124/><E124/><V74/><F74/><W135/><G103/><T13/><D13/><U96/><E96/><V88/><F76/><W109/><G135/><T69/><D69/><U134/><E134/><V111/><F111/><N who="3" m="42571" /><G130/><T67/><D2/><U46/><E58/><AGARI ba="1,0" hai="40,41,42,49,54,58,61,63,83,86,88" m="8713" machi="58" ten="30,2000,0" yaku="8,1,54,1" doraHai="122" who="2" fromWho="1" sc="375,0,180,-23,118,23,327,0" /><INIT seed="6,0,0,3,2,43" ten="375,157,141,327" oya="2" hai0="58,79,67,2,89,112,106,123,34,4,40,131,51" hai1="98,88,113,77,109,97,55,78,68,121,27,108,119" hai2="7,127,63,48,65,93,69,76,111,38,10,14,44" hai3="16,45,52,132,5,107,57,1,101,8,90,59,80"/><V15/><F38/><W13/><G132/><T25/><D106/><U102/><E68/><V120/><F120/><W103/><G107/><T70/><D79/><N who="1" m="30219" /><E55/><V39/><F39/><W96/><G1/><T73/><D131/><U129/><E27/><V17/><F127/><W66/><G5/><T85/><D85/><U22/><E22/><V134/><F134/><W122/><G122/><T62/><D89/><U83/><E121/><V87/><F111/><N who="1" m="42569" /><E119/><V114/><F114/><W116/><G116/><T11/><D73/><U3/><E3/><V12/><F17/><W56/><G66/><T126/><D112/><U95/><E113/><V82/><REACH who="2" step="1"/><F93/><REACH who="2" ten="375,157,131,327" step="2"/><N who="3" m="56375" /><G80/><T36/><D126/><U42/><E129/><V30/><F30/><W74/><G74/><T75/><D75/><U110/><E110/><V49/><F49/><AGARI ba="0,1" hai="8,13,16,45,49,52,56,57,59,101,103" m="56375" machi="49" ten="30,7700,0" yaku="8,1,52,1,54,2" doraHai="43" who="3" fromWho="2" sc="375,0,157,0,131,-77,327,87" /><INIT seed="7,0,0,3,5,38" ten="375,157,54,414" oya="3" hai0="132,28,130,79,34,74,57,44,107,85,30,112,86" hai1="67,92,76,3,4,33,43,48,21,62,13,78,63" hai2="59,50,31,66,2,18,118,80,27,84,94,19,98" hai3="46,11,56,105,110,89,114,60,111,129,125,15,5"/><W108/><G114/><T123/><D123/><U12/><E92/><V83/><F2/><W126/><G105/><T71/><D107/><U131/><E48/><V24/><F118/><W96/><G129/><T53/><D71/><U40/><E21/><V135/><F135/><W117/><G117/><T81/><D130/><U134/><E4/><V1/><F1/><W128/><G128/><T41/><D132/><U95/><E95/><V23/><F27/><W115/><G115/><T87/><D112/><U51/><E51/><V52/><F66/><N who="3" m="39175" /><G46/><T88/><D34/><U9/><E9/><V47/><F83/><W106/><G89/><T109/><D109/><U0/><E33/><V69/><F69/><W116/><G116/><T82/><D87/><U122/><E131/><V99/><F99/><W100/><AGARI ba="0,0" hai="5,11,15,96,100,106,108,110,111,125,126" m="39175" machi="100" ten="40,2100,0" yaku="10,1" doraHai="38" who="3" fromWho="3" sc="375,-7,157,-7,54,-7,414,21" owari="368,17.0,150,-25.0,47,-45.0,435,53.0" /></mjloggm>