<mjloggm ver="2.3"><GO type="169" lobby="0"/><UN n0="%74%6F%74%6F%74%61%72%6F" n1="%E3%83%88%E3%83%88%E3%83%AA%E5%85%88%E7%94%9F%31%39%E6%AD%B3" n2="%E4%BD%95%E3%81%A7%EF%BC%9F" n3="%E3%81%84%E3%81%9F%E3%83%92%E3%83%AD" dan="16,19,16,16" rate="2040.65,2284.19,2125.03,2149.59" sx="M,F,M,M"/><TAIKYOKU oya="0"/><INIT seed="0,0,0,0,2,99" ten="250,250,250,250" oya="0" hai0="36,61,29,76,50,110,134,104,15,101,62,135,2" hai1="91,77,63,92,0,122,132,95,9,102,116,27,124" hai2="125,71,65,8,4,74,10,87,103,11,39,51,126" hai3="75,48,83,13,66,52,59,54,67,56,1,30,6"/><T22/><D36/><U44/><E116/><V70/><F74/><W17/><G30/><T57/><D2/><U97/><E122/><V45/><F39/><W64/><G1/><T38/><D38/><U131/><E131/><V32/><F32/><W72/><G6/><T96/><D76/><U133/><E124/><N who="2" m="47723" /><F87/><W31/><G31/><T100/><D110/><U60/><E77/><V20/><F20/><W28/><G28/><T26/><D50/><U58/><E27/><V33/><F33/><W123/><G123/><T82/><D82/><U35/><E35/><V25/><F25/><W98/><G98/><N who="0" m="61463" /><D15/><U5/><E44/><V85/><F85/><W84/><G75/><T73/><D73/><U115/><E115/><V78/><F78/><W69/><G69/><N who="2" m="26121" /><F103/><W40/><G40/><T107/><D57/><U19/><E58/><N who="3" m="22058" /><G48/><T3/><D3/><U14/><E60/><V86/><F86/><W105/><G105/><T127/><D127/><U113/><E63/><V21/><F21/><N who="3" m="11439" /><G72/><T94/><D107/><U16/><E113/><V53/><F65/><W7/><G7/><AGARI ba="0,0" hai="4,7,8,10,11,45,51,53" m="26121,47723" machi="7" ten="40,1300,0" yaku="18,1" doraHai="99" who="2" fromWho="3" sc="250,0,250,0,250,13,250,-13" /><INIT seed="1,0,0,5,3,131" ten="250,250,263,237" oya="1" hai0="119,60,48,78,114,32,30,55,104,58,96,17,65" hai1="37,43,47,124,112,39,36,84,6,80,44,59,86" hai2="85,83,5,67,129,109,93,54,35,66,71,15,62" hai3="8,7,68,127,9,94,77,14,134,25,123,31,13"/><U82/><E112/><V33/><F109/><W19/><G68/><T51/><D114/><U101/><E124/><V126/><F129/><W69/><G69/><T90/><D78/><U56/><E101/><V45/><F67/><W64/><G64/><T46/><D119/><U91/><E6/><V87/><F126/><W74/><G123/><T41/><D32/><U79/><REACH who="1" step="1"/><E47/><REACH who="1" ten="250,240,263,237" step="2"/><V12/><F5/><W1/><G127/><T28/><D104/><U20/><E20/><V122/><F33/><W130/><G130/><T133/><D17/><U29/><E29/><V50/><F35/><W100/><G100/><T118/><D118/><U22/><E22/><V63/><F122/><W11/><G31/><T116/><D116/><U117/><E117/><V42/><F71/><W0/><G7/><T98/><D30/><U135/><E135/><V18/><F18/><W95/><G134/><T110/><D28/><U120/><E120/><V113/><F113/><W2/><G19/><T76/><D133/><U75/><E75/><V125/><F125/><W10/><G10/><T102/><D102/><U49/><AGARI ba="0,1" hai="36,37,39,43,44,49,56,59,79,80,82,84,86,91" machi="49" ten="30,6000,0" yaku="1,1,0,1,53,1" doraHai="131" doraHaiUra="40" who="1" fromWho="1" sc="250,-20,240,70,263,-20,237,-20" /><INIT seed="1,1,0,5,2,59" ten="230,310,243,217" oya="1" hai0="64,116,114,36,75,98,45,131,16,28,3,14,4" hai1="68,42,89,58,101,119,94,135,9,92,38,60,26" hai2="20,88,129,124,125,61,110,130,37,100,1,120,128" hai3="127,15,22,21,57,117,50,5,31,76,67,34,78"/><U93/><E119/><V99/><F37/><W62/><G117/><T41/><D116/><U66/><E135/><V19/><F1/><W47/><G34/><T115/><D131/><U70/><E101/><V109/><F120/><W96/><G127/><N who="2" m="48713" /><F88/><W7/><G96/><T27/><D64/><U106/><E106/><N who="2" m="63775" /><F61/><W23/><G31/><T12/><D12/><AGARI ba="1,0" hai="12,19,20,109,110,128,129,130" m="63775,48713" machi="12" ten="40,2600,0" yaku="19,1,18,1" doraHai="59" who="2" fromWho="0" sc="230,-29,310,0,243,29,217,0" /><INIT seed="2,0,0,2,2,76" ten="201,310,272,217" oya="2" hai0="7,22,78,11,55,34,38,0,19,5,132,24,12" hai1="64,39,99,54,84,93,56,82,45,57,119,95,32" hai2="73,51,133,117,88,113,89,102,80,66,1,77,28" hai3="67,60,103,98,69,49,85,20,106,27,47,96,81"/><V130/><F117/><W58/><G69/><T129/><D38/><U43/><E119/><V41/><F113/><W35/><G35/><T116/><D116/><U108/><E108/><V4/><F133/><W6/><G6/><N who="0" m="1479" /><D78/><U44/><E32/><V70/><F130/><W122/><G122/><T17/><D55/><U65/><E44/><V101/><F28/><W112/><G112/><T105/><D105/><U86/><E86/><V8/><F70/><W30/><G106/><T40/><D40/><U114/><E114/><V29/><F66/><W115/><G115/><T16/><D132/><U75/><E75/><V72/><F29/><W14/><G14/><N who="0" m="9495" /><D129/><U25/><E25/><V63/><F63/><W125/><G125/><T124/><D124/><U31/><E31/><V135/><F73/><W131/><G131/><T107/><D107/><U79/><E95/><V61/><F61/><W100/><G100/><T21/><D34/><U118/><E118/><V15/><F1/><W46/><G46/><T127/><D127/><U10/><E57/><V71/><F71/><W94/><G98/><T62/><D62/><U68/><E68/><V42/><F135/><W18/><G18/><T97/><D97/><U91/><E56/><V111/><F42/><W110/><G110/><T36/><D36/><U87/><E99/><V121/><F111/><W83/><G85/><T9/><AGARI ba="0,0" hai="5,7,9,12,17,19,21,24" m="9495,1479" machi="9" ten="30,12000,2" yaku="35,5,54,1" doraHai="76" who="0" fromWho="0" sc="201,120,310,-30,272,-60,217,-30" /><INIT seed="3,0,0,5,1,37" ten="321,280,212,187" oya="3" hai0="45,64,31,23,121,49,54,134,113,9,84,83,80" hai1="73,111,33,35,130,98,40,81,8,75,116,133,112" hai2="44,76,109,103,18,22,74,69,50,0,30,58,65" hai3="14,131,42,6,68,119,129,28,127,1,17,91,2"/><W3/><G68/><T26/><D134/><U110/><E112/><V78/><F0/><W117/><G91/><T52/><D121/><U32/><E133/><V71/><F109/><N who="1" m="41481" /><E130/><V87/><F74/><N who="1" m="28169" /><E116/><N who="3" m="44618" /><G42/><T56/><D113/><U29/><E81/><V86/><F103/><W102/><G102/><T85/><D64/><U27/><E98/><V46/><F30/><W107/><G107/><T48/><D9/><U106/><E106/><V66/><F50/><W114/><G114/><T24/><D24/><U77/><E77/><V20/><F58/><W90/><G90/><T55/><D55/><U125/><E125/><V88/><F88/><W115/><G115/><T93/><REACH who="0" step="1"/><D93/><REACH who="0" ten="311,280,212,187" step="2"/><U61/><E8/><V120/><REACH who="2" step="1"/><F18/><REACH who="2" ten="311,280,202,187" step="2"/><W70/><G17/><T51/><D51/><U59/><E29/><V95/><F95/><W126/><G28/><T34/><D34/><U62/><E33/><V101/><F101/><W15/><G6/><T92/><D92/><U104/><E35/><V118/><F118/><W100/><G100/><T12/><D12/><N who="3" m="4649" /><G70/><T105/><D105/><U39/><E104/><V53/><F53/><W124/><AGARI ba="0,2" hai="1,2,3,124,126,127,129,131" m="4649,44618" machi="124" ten="50,12000,1" yaku="28,2,18,1,34,2" doraHai="37" who="3" fromWho="3" sc="311,-40,280,-40,202,-40,187,140" /><INIT seed="3,1,0,0,5,33" ten="271,240,162,327" oya="3" hai0="57,60,133,35,113,2,128,103,30,97,98,13,27" hai1="84,0,36,55,68,26,63,94,134,49,120,131,10" hai2="105,108,11,12,119,75,73,9,37,81,80,86,115" hai3="118,90,20,123,17,22,79,96,50,58,16,135,125"/><W72/><G123/><T61/><D128/><U82/><E120/><V88/><F105/><W126/><G118/><T41/><D133/><U95/><E36/><V91/><F108/><W112/><G112/><T107/><D113/><U116/><E131/><V44/><F115/><W14/><G135/><T6/><D97/><U122/><E122/><V77/><F119/><W102/><G90/><T114/><D41/><U65/><E134/><V70/><F70/><W24/><G79/><T129/><D129/><U74/><E74/><V64/><F64/><W59/><G72/><T48/><D13/><U40/><E40/><V111/><F111/><W21/><G22/><T32/><D32/><U51/><E26/><V121/><F121/><W100/><G50/><T52/><REACH who="0" step="1"/><D114/><REACH who="0" ten="261,240,162,327" step="2"/><U45/><E116/><V3/><F12/><W43/><G43/><T85/><D85/><U5/><REACH who="1" step="1"/><E51/><REACH who="1" ten="261,230,162,327" step="2"/><V19/><F37/><W66/><G24/><T47/><D47/><U104/><E104/><V92/><F44/><W56/><G125/><T4/><D4/><U54/><E54/><V7/><F7/><W93/><G126/><T87/><D87/><U53/><E53/><V71/><F86/><W46/><G66/><T99/><D99/><U34/><E34/><V130/><F130/><W28/><G46/><T83/><D83/><U1/><E1/><V69/><F3/><W124/><G124/><T117/><D117/><U23/><E23/><V29/><F81/><W76/><G21/><T15/><D15/><U127/><E127/><V38/><F80/><W89/><G20/><T39/><D39/><RYUUKYOKU ba="1,2" sc="261,15,230,15,162,-15,327,-15" hai0="2,6,27,30,35,48,52,57,60,61,98,103,107" hai1="0,5,10,45,49,55,63,65,68,82,84,94,95" /><INIT seed="4,2,2,3,4,54" ten="276,245,147,312" oya="0" hai0="58,132,94,116,27,20,1,17,44,42,56,78,92" hai1="130,12,47,32,40,86,100,59,50,102,9,128,26" hai2="79,21,114,101,108,25,77,81,133,83,95,22,68" hai3="48,33,39,135,15,71,103,89,66,82,41,125,91"/><T13/><D1/><U70/><E70/><V55/><F68/><W87/><G33/><T4/><D116/><U121/><E121/><V109/><F114/><W69/><G39/><T126/><D126/><U60/><E86/><V97/><F133/><W65/><G103/><T51/><D132/><U64/><E26/><V99/><F55/><W76/><G135/><T72/><D72/><U104/><E32/><V45/><F45/><W117/><G71/><T98/><D78/><U37/><E37/><V111/><F25/><W127/><G117/><T43/><D43/><U2/><E2/><V23/><F95/><N who="0" m="36394" /><D98/><N who="2" m="37386" /><F101/><W28/><G28/><T24/><D24/><U3/><E3/><V96/><N who="2" m="37394" /><V19/><DORA hai="75" /><F19/><W8/><G69/><T35/><D35/><U124/><E104/><V120/><F120/><W123/><G123/><T10/><AGARI ba="2,2" hai="4,10,13,17,20,27,42,44,51,56,58" m="36394" machi="10" ten="30,6000,0" yaku="8,1,52,2" doraHai="54,75" who="0" fromWho="0" sc="276,86,245,-22,147,-22,312,-22" /><INIT seed="4,3,0,2,3,29" ten="362,223,125,290" oya="0" hai0="103,129,14,5,72,112,122,105,88,68,40,60,41" hai1="25,84,17,15,87,102,42,107,93,54,9,62,46" hai2="109,52,81,128,66,123,99,63,96,53,56,131,73" hai3="130,47,114,76,65,106,125,23,4,95,19,135,79"/><T75/><D122/><U11/><E107/><V78/><F123/><W51/><G106/><T127/><D112/><U67/><E54/><V43/><F43/><W64/><G114/><T91/><D105/><U36/><E9/><V13/><F109/><W126/><G4/><T44/><D5/><U20/><E93/><V71/><F53/><W97/><G135/><T113/><D14/><U69/><REACH who="1" step="1"/><E102/><REACH who="1" ten="362,213,125,290" step="2"/><V116/><F116/><W50/><G95/><T118/><D103/><U31/><AGARI ba="3,1" hai="11,15,17,20,25,31,36,42,46,62,67,69,84,87" machi="31" ten="20,5200,0" yaku="1,1,2,1,0,1,7,1,53,0" doraHai="29" doraHaiUra="48" who="1" fromWho="1" sc="362,-29,213,71,125,-16,290,-16" /><INIT seed="5,0,0,2,2,133" ten="333,284,109,274" oya="1" hai0="116,28,17,22,29,132,114,60,103,14,37,41,57" hai1="100,73,38,59,79,53,88,36,0,96,81,75,21" hai2="15,30,97,69,66,125,5,122,124,131,76,72,55" hai3="2,65,44,56,64,115,10,19,120,101,12,118,77"/><U130/><E0/><V46/><F122/><W93/><G120/><T1/><D1/><U95/><E130/><V7/><F30/><W16/><G2/><T104/><D116/><U126/><E75/><V4/><F131/><W61/><G118/><T6/><D6/><U85/><E21/><V107/><F76/><W45/><G115/><T42/><D114/><U94/><REACH who="1" step="1"/><E126/><REACH who="1" ten="333,274,109,274" step="2"/><N who="2" m="48747" /><F72/><W26/><G65/><T71/><D22/><U129/><E129/><V32/><F32/><W98/><G77/><T20/><D20/><AGARI ba="0,1" hai="10,12,16,19,20,26,44,45,56,61,64,93,98,101" machi="20" ten="40,2600,0" yaku="8,1,54,1" doraHai="133" who="3" fromWho="0" sc="333,-26,274,0,109,0,274,36" /><INIT seed="6,0,0,2,4,108" ten="307,274,109,310" oya="2" hai0="102,63,50,125,40,132,45,135,35,39,11,127,67" hai1="82,133,131,112,128,118,87,98,28,96,0,60,30" hai2="107,100,101,2,18,117,90,47,36,17,29,16,27" hai3="4,121,8,99,52,9,3,134,34,95,65,122,106"/><V94/><F117/><W31/><G134/><N who="0" m="51243" /><D35/><U68/><E133/><V78/><F2/><W23/><G106/><T80/><D80/><U7/><E118/><V76/><F36/><W38/><G38/><T32/><D32/><U72/><E72/><V21/><F47/><W124/><G124/><N who="0" m="47691" /><D102/><N who="2" m="39530" /><F107/><W91/><G65/><T69/><D11/><N who="1" m="2535" /><E112/><V43/><F43/><W71/><G71/><T83/><D83/><U115/><E115/><V6/><F6/><W105/><G105/><T116/><D116/><U13/><E13/><V20/><F20/><W24/><G9/><T64/><D64/><N who="1" m="40967" /><E28/><V110/><F110/><W55/><REACH who="3" step="1"/><G34/><REACH who="3" ten="307,274,109,300" step="2"/><T84/><D84/><AGARI ba="0,1" hai="16,17,18,21,27,29,76,78,84,90,94" m="39530" machi="84" ten="30,2900,0" yaku="8,1,54,1" doraHai="108" who="2" fromWho="0" sc="307,-29,274,0,109,39,300,0" /><INIT seed="6,1,0,3,4,61" ten="278,274,148,300" oya="2" hai0="76,108,12,111,19,14,130,51,6,100,134,72,35" hai1="7,62,124,77,83,24,113,101,66,93,40,71,1" hai2="89,110,116,29,102,69,42,70,37,64,68,84,38" hai3="67,26,128,4,112,114,30,107,121,132,15,90,28"/><V120/><F116/><W96/><G121/><T94/><D35/><U54/><E113/><V36/><F120/><W13/><G132/><T34/><D34/><U39/><E124/><V73/><F73/><W8/><G128/><T18/><D72/><U104/><E104/><V31/><F102/><W44/><G44/><T45/><D76/><U53/><E24/><V106/><F106/><W41/><G41/><T3/><D3/><U55/><E101/><V59/><F42/><W88/><G107/><T74/><D74/><N who="1" m="43447" /><E55/><V20/><F20/><W127/><G127/><T60/><D6/><U47/><E93/><V25/><F25/><W75/><G75/><T27/><D27/><U21/><E21/><V85/><F110/><W0/><G67/><T117/><D130/><U105/><E105/><V135/><F135/><W122/><G122/><T118/><D134/><U79/><E79/><V126/><F126/><W109/><G109/><T87/><D111/><U23/><E23/><V82/><REACH who="2" step="1"/><F85/><REACH who="2" ten="278,274,138,300" step="2"/><W5/><G26/><T11/><D108/><U56/><E40/><V78/><F78/><W22/><G22/><T92/><D118/><U52/><E39/><V43/><F43/><W131/><G131/><T86/><D86/><U125/><E125/><V33/><F33/><W58/><G114/><T57/><D87/><U50/><E47/><V95/><F95/><W97/><G112/><T65/><D117/><U49/><E49/><V32/><F32/><W123/><G123/><T63/><D100/><U98/><E98/><V115/><F115/><W80/><G97/><T99/><D99/><RYUUKYOKU ba="1,1" sc="278,-15,274,15,138,15,300,-15" hai1="1,7,50,52,53,54,56,62,66,71" hai2="29,31,36,37,38,59,64,68,69,70,82,84,89" /><INIT seed="6,2,1,3,2,119" ten="263,289,153,285" oya="2" hai0="98,114,24,23,64,61,39,76,48,31,82,81,100" hai1="95,89,60,12,71,115,49,62,111,56,70,34,94" hai2="3,2,123,63,45,16,130,88,99,36,44,72,57" hai3="8,14,35,124,18,10,9,28,13,129,7,83,27"/><V54/><F72/><W78/><G129/><T66/><D39/><U103/><E111/><V135/><F123/><W51/><G124/><T38/><D38/><U15/><E34/><V53/><F130/><W5/><G83/><T52/><D114/><U25/><E115/><V77/><F77/><W134/><G134/><T105/><D82/><U109/><E109/><V50/><F135/><W43/><G51/><T126/><D126/><U122/><E25/><V116/><F116/><W33/><G43/><T131/><D61/><U29/><E29/><V91/><F16/><N who="3" m="8231" /><G78/><T6/><D6/><N who="3" m="2057" /><G9/><T80/><D80/><U84/><E122/><V32/><F32/><AGARI ba="2,1" hai="10,14,18,27,28,32,33,35" m="2057,8231" machi="32" ten="30,12000,2" yaku="35,5,54,1" doraHai="119" who="3" fromWho="2" sc="263,0,289,0,153,-126,285,136" /><INIT seed="7,0,0,5,2,123" ten="263,289,27,421" oya="3" hai0="68,106,6,85,1,53,51,31,44,59,118,63,36" hai1="9,67,129,103,78,111,120,32,43,132,48,105,30" hai2="88,113,40,61,5,2,39,38,66,28,76,62,20" hai3="135,94,45,112,0,110,104,3,80,100,4,47,16"/><W130/><G110/><T11/><D118/><U17/><E111/><V82/><F62/><W97/><G112/><T77/><D106/><U37/><E120/><V12/><F88/><W26/><G135/><T70/><D31/><U15/><E37/><V23/><F20/><W7/><G130/><T49/><D49/><U126/><E129/><V60/><F23/><W116/><G116/><T91/><D77/><U64/><E132/><V72/><F61/><W65/><G65/><N who="1" m="25162" /><E32/><V35/><F12/><W54/><G0/><T14/><D36/><U41/><E105/><V121/><F121/><W95/><G3/><T117/><D117/><U108/><E126/><V109/><F113/><W89/><G104/><T25/><D1/><U74/><E103/><V79/><F79/><W33/><G80/><T19/><D6/><U71/><E30/><V124/><F109/><W86/><G4/><T46/><D25/><U119/><E71/><V128/><F128/><W115/><G7/><T92/><REACH who="0" step="1"/><D46/><REACH who="0" ten="253,289,27,421" step="2"/><N who="1" m="25679" /><E119/><V21/><F21/><W99/><G47/><T8/><D8/><U133/><E108/><V13/><F13/><W55/><G45/><T102/><D102/><U134/><E43/><AGARI ba="0,1" hai="11,14,19,43,44,51,53,59,63,68,70,85,91,92" machi="43" ten="30,2000,0" yaku="1,1,7,1,53,0" doraHai="123" doraHaiUra="24" who="0" fromWho="1" sc="253,30,289,-20,27,0,421,0" owari="283,8.0,269,-13.0,27,-47.0,421,52.0" /></mjloggm>