<mjloggm ver="2.3"><GO type="225" lobby="0"/><UN n0="%65%76%61%63%61%6E%69%61" n1="%E5%B0%B1%E6%B4%BB%E7%94%9F%40%E5%B7%9D%E6%9D%91%E8%BB%8D%E5%9B%A3" n2="%E9%9B%80%E9%BE%8D%E9%96%80%5F%59%75%74%69" n3="%E5%8F%8B%47%46%49" dan="16,17,17,16" rate="2057.06,2199.63,2150.54,2021.37" sx="M,M,M,M"/><TAIKYOKU oya="0"/><INIT seed="0,0,0,2,2,85" ten="250,250,250,250" oya="0" hai0="53,98,59,88,116,71,27,28,77,81,9,86,41" hai1="120,103,127,67,58,48,74,16,4,129,64,47,130" hai2="76,56,23,117,107,97,17,62,91,108,115,94,92" hai3="30,87,14,126,83,123,109,7,38,105,84,100,65"/><T46/><D71/><U18/><E127/><V42/><F115/><W15/><G38/><T20/><D116/><U61/><E74/><V63/><F117/><W68/><G126/><T37/><D9/><U33/><E33/><V11/><F108/><W131/><G109/><T34/><D98/><U121/><E103/><V24/><F42/><W6/><G131/><N who="1" m="50186" /><E4/><V112/><F76/><W29/><G123/><N who="1" m="47178" /><E67/><V101/><F112/><W114/><G114/><T79/><REACH who="0" step="1"/><D34/><REACH who="0" ten="240,250,250,250" step="2"/><U12/><E12/><V93/><F11/><W5/><G14/><T134/><D134/><U45/><E45/><V66/><REACH who="2" step="1"/><F62/><AGARI ba="0,1" hai="20,27,28,37,41,46,53,59,62,77,79,81,86,88" machi="62" ten="30,12000,1" yaku="1,1,7,1,52,1,54,1,53,1" doraHai="85" doraHaiUra="54" who="0" fromWho="2" sc="240,130,250,0,250,-120,250,0" /><INIT seed="0,1,0,5,2,75" ten="370,250,130,250" oya="0" hai0="123,117,28,77,126,63,56,8,97,96,124,73,132" hai1="78,27,109,11,60,131,116,30,133,115,86,23,59" hai2="104,122,83,36,26,65,39,44,50,7,108,29,106" hai3="125,9,53,1,110,92,94,69,130,68,52,81,74"/><T113/><D113/><U99/><E116/><V61/><F122/><W48/><G110/><T32/><D117/><U80/><E131/><V66/><F108/><W22/><G130/><T42/><D123/><U120/><E109/><V84/><F7/><W25/><G125/><N who="0" m="48235" /><D132/><U51/><E133/><V3/><F3/><W118/><G118/><T10/><D42/><U16/><E120/><V45/><F45/><W85/><G74/><T43/><D43/><U62/><E99/><N who="0" m="37961" /><D32/><U107/><E107/><V98/><F66/><W49/><G1/><T103/><D28/><U93/><E93/><N who="3" m="35946" /><G69/><T102/><D77/><U57/><E115/><V128/><F128/><W41/><G68/><T58/><D73/><U14/><E51/><N who="3" m="19530" /><G41/><T5/><D58/><AGARI ba="1,0" hai="11,14,16,23,27,30,57,58,59,60,62,78,80,86" machi="58" ten="40,5200,0" yaku="8,1,52,1,54,1" doraHai="75" who="1" fromWho="0" sc="370,-55,250,55,130,0,250,0" /><INIT seed="1,0,0,3,3,36" ten="315,305,130,250" oya="1" hai0="10,15,31,100,35,56,96,119,2,24,16,33,52" hai1="113,57,112,55,118,17,123,68,63,81,51,23,6" hai2="133,114,115,61,75,82,29,109,21,38,43,60,120" hai3="58,8,70,11,14,93,41,107,71,4,77,64,74"/><U124/><E123/><V47/><F120/><W97/><G107/><T117/><D35/><U134/><E118/><V65/><F109/><W34/><G34/><T40/><D2/><U0/><E134/><V79/><F133/><W86/><G74/><T44/><D96/><U39/><E124/><V101/><F101/><W116/><G116/><T110/><D110/><U32/><E32/><V103/><F103/><W66/><G70/><T108/><D100/><U78/><E39/><V127/><F127/><W76/><G71/><T7/><D7/><U128/><E128/><V53/><F53/><W46/><G11/><T37/><D108/><U121/><E121/><V13/><F61/><AGARI ba="0,0" hai="10,15,16,24,31,33,37,40,44,52,56,61,117,119" machi="61" ten="30,7700,0" yaku="7,1,52,1,54,2" doraHai="36" who="0" fromWho="2" sc="315,77,305,0,130,-77,250,0" /><INIT seed="2,0,0,4,1,97" ten="392,305,53,250" oya="2" hai0="10,53,85,8,74,82,124,111,31,73,118,56,100" hai1="13,40,17,132,18,107,133,48,4,114,103,23,90" hai2="5,125,127,55,123,27,93,81,83,89,80,78,86" hai3="49,58,6,29,64,101,9,69,129,39,121,57,110"/><V105/><F5/><W19/><G121/><T34/><D111/><U52/><E114/><V84/><F27/><W70/><G110/><T91/><D124/><N who="2" m="47690" /><F55/><W131/><G39/><T35/><D100/><U67/><E67/><V77/><F123/><W122/><G101/><T25/><D35/><U68/><E68/><N who="3" m="26218" /><G122/><T3/><D118/><U117/><E40/><V0/><F0/><N who="3" m="199" /><G64/><T30/><D30/><U65/><E65/><V20/><F20/><W46/><G19/><T2/><D2/><U119/><E4/><V26/><F26/><W106/><G106/><T12/><D3/><U41/><E41/><V11/><F11/><W98/><G98/><T72/><REACH who="0" step="1"/><D12/><REACH who="0" ten="382,305,53,250" step="2"/><U75/><E117/><V51/><F105/><W28/><G29/><T76/><D76/><N who="2" m="29290" /><F51/><AGARI ba="0,1" hai="8,10,25,31,34,51,53,56,72,73,74,82,85,91" machi="51" ten="40,5200,0" yaku="1,1,53,2" doraHai="97" doraHaiUra="7" who="0" fromWho="2" sc="382,62,305,0,53,-52,250,0" /><INIT seed="3,0,0,5,1,131" ten="444,305,1,250" oya="3" hai0="12,74,122,49,65,133,40,107,8,58,53,73,51" hai1="82,6,62,93,115,85,103,35,28,1,9,87,37" hai2="98,5,36,97,88,79,47,99,52,134,72,94,111" hai3="66,127,113,121,132,0,19,45,63,44,17,22,101"/><W135/><G113/><T10/><D107/><U43/><E115/><V102/><F5/><W126/><G121/><T27/><D133/><N who="3" m="51273" /><G0/><T50/><D122/><U117/><E117/><V41/><F134/><W30/><G101/><T20/><D65/><U59/><E35/><V69/><F111/><W39/><G30/><N who="0" m="17767" /><D74/><U118/><E28/><V100/><F69/><N who="3" m="42207" /><G17/><N who="0" m="8327" /><D73/><U95/><E103/><V21/><F21/><W54/><G54/><T78/><D78/><U13/><E118/><V84/><F52/><W106/><G106/><T26/><D26/><U68/><E68/><V11/><F11/><W57/><G57/><T96/><D96/><U92/><E1/><V90/><F47/><N who="3" m="17995" /><G39/><T112/><D112/><U75/><E37/><V4/><F4/><W124/><G124/><T125/><D125/><U128/><E128/><V67/><F67/><W116/><G116/><T15/><D40/><U25/><E43/><V105/><F41/><W119/><G119/><T110/><D110/><U60/><E59/><V42/><F42/><W64/><G64/><T129/><D129/><U130/><E130/><V33/><F36/><W76/><G76/><T108/><D108/><U86/><E25/><AGARI ba="0,0" hai="19,22,25,126,127" m="17995,42207,51273" machi="25" ten="30,11600,0" yaku="20,1,52,3" doraHai="131" who="3" fromWho="1" sc="444,0,305,-116,1,0,250,116" /><INIT seed="3,1,0,5,3,55" ten="444,189,1,366" oya="3" hai0="121,111,3,127,83,27,90,66,123,85,108,8,116" hai1="135,119,64,9,88,98,34,77,112,26,60,19,133" hai2="76,110,131,43,36,130,72,106,62,105,125,61,21" hai3="109,81,48,100,129,128,2,104,52,73,39,5,17"/><W132/><G39/><T22/><D116/><U80/><E119/><V107/><F21/><W96/><G132/><N who="1" m="50762" /><E112/><V91/><F110/><N who="0" m="42026" /><D127/><U4/><E88/><V37/><F125/><W86/><G109/><T10/><D66/><U45/><E98/><V18/><F18/><W0/><G73/><T25/><D25/><U28/><E45/><V50/><F91/><W57/><G17/><N who="0" m="12751" /><D3/><N who="1" m="159" /><E19/><V30/><F30/><W46/><G46/><T35/><D35/><U13/><E13/><V38/><F72/><W118/><G118/><T54/><D54/><U71/><E80/><V20/><F20/><W67/><G67/><T47/><D47/><U68/><E77/><V92/><F76/><N who="3" m="46375" /><G5/><T51/><D51/><U126/><E126/><V122/><F92/><W49/><G49/><T7/><D7/><U32/><E32/><V1/><F1/><W69/><G69/><AGARI ba="1,0" hai="26,28,34,60,64,68,69,71" m="159,50762" machi="69" ten="30,2000,0" yaku="20,1,23,1" doraHai="55" who="1" fromWho="3" sc="444,0,189,23,1,0,366,-23" owari="444,55.0,212,-19.0,1,-50.0,343,14.0" /></mjloggm>