<mjloggm ver="2.3"><GO type="225" lobby="0"/><UN n0="%E5%AE%AE%E6%B0%B8%E7%85%A7%EF%BC%A0%E7%99%BD%E7%B3%B8%E5%8F%B0" n1="%E3%83%A9%E3%82%B0%E3%83%A9%E3%83%BC%E3%82%B8" n2="%E3%82%A6%E3%83%AB%E3%83%88%E3%83%A9%E7%AB%8B%E7%9B%B4" n3="%E3%82%B4%E3%83%9F%E3%82%AF%E3%82%BA%E4%B8%83%E6%AE%B5" dan="16,16,17,16" rate="2077.24,2145.67,2153.20,2182.12" sx="M,F,M,F"/><TAIKYOKU oya="0"/><INIT seed="0,0,0,3,4,75" ten="250,250,250,250" oya="0" hai0="117,105,120,64,40,74,99,15,111,100,95,84,17" hai1="10,43,32,39,128,13,58,33,82,102,115,60,87" hai2="114,103,104,97,12,1,91,130,131,127,19,123,85" hai3="67,80,98,93,109,108,21,132,112,2,22,18,24"/><T14/><D120/><U77/><E128/><V113/><F1/><W66/><G112/><N who="2" m="43113" /><F12/><N who="3" m="9415" /><G132/><T23/><D117/><U7/><E115/><V30/><F19/><N who="3" m="12383" /><G2/><T110/><D64/><U116/><E116/><V9/><F9/><W89/><G80/><T3/><D3/><U79/><E102/><V26/><F26/><W101/><G89/><N who="0" m="53671" /><D40/><U107/><E107/><V76/><F30/><W90/><G90/><T49/><D49/><U133/><E133/><V72/><F123/><W41/><G41/><T36/><D36/><U57/><E79/><V53/><F53/><W31/><G31/><T48/><D48/><U25/><E25/><V16/><F127/><W118/><G118/><T38/><D38/><U70/><E70/><V121/><F121/><W125/><G125/><T62/><D62/><U54/><REACH who="1" step="1"/><E58/><REACH who="1" ten="250,240,250,250" step="2"/><V44/><F76/><W68/><G68/><T59/><D59/><U51/><E51/><V56/><F56/><W134/><G134/><T122/><D122/><U20/><E20/><V8/><F131/><W81/><G101/><T11/><D74/><U27/><E27/><V135/><F72/><W45/><G108/><N who="0" m="41515" /><D23/><U28/><E28/><V106/><F130/><W119/><G109/><T94/><D105/><U34/><E34/><V52/><F106/><W124/><G119/><T6/><D15/><U88/><E88/><V65/><F91/><N who="3" m="55615" /><G124/><T129/><D129/><U47/><AGARI ba="0,1" hai="7,10,13,32,33,39,43,47,54,57,60,77,82,87" machi="47" ten="30,4000,0" yaku="1,1,0,1,52,1,53,0" doraHai="75" doraHaiUra="46" who="1" fromWho="1" sc="250,-20,240,50,250,-10,250,-10" /><INIT seed="1,0,0,3,4,28" ten="230,290,240,240" oya="1" hai0="9,85,12,127,23,50,21,47,79,132,66,95,74" hai1="51,111,3,18,64,46,49,97,90,134,8,44,69" hai2="24,81,54,45,14,110,34,120,56,13,19,135,86" hai3="32,105,101,65,76,112,77,102,25,57,130,133,93"/><U38/><E38/><V82/><F120/><W75/><G112/><T106/><D106/><U104/><E134/><V15/><F135/><W125/><G133/><T99/><D132/><U11/><E111/><V4/><F110/><W42/><G130/><T63/><D74/><U100/><E3/><V123/><F123/><W17/><G125/><T27/><D127/><U119/><E119/><V36/><F36/><W78/><G105/><T129/><D129/><U26/><E90/><V131/><F131/><W40/><G75/><T29/><D79/><U55/><E64/><V41/><F41/><W2/><G2/><T30/><D85/><U115/><E69/><V107/><F107/><W84/><G32/><T6/><D63/><U113/><E8/><V48/><F4/><W61/><G101/><T5/><D66/><U103/><E103/><V121/><F121/><W62/><G62/><T117/><D6/><U92/><E104/><V31/><F56/><W126/><G126/><T37/><D37/><U43/><E11/><V58/><F58/><W91/><REACH who="3" step="1"/><G102/><REACH who="3" ten="230,290,240,230" step="2"/><N who="0" m="60799" /><D117/><U124/><E124/><V1/><F1/><W83/><G83/><T73/><D73/><U16/><E115/><V60/><F60/><W118/><G118/><T39/><D39/><U33/><E113/><V128/><F82/><W122/><G122/><T94/><D94/><U67/><E67/><V80/><F80/><W96/><G96/><T71/><D71/><U53/><E33/><V98/><F98/><W59/><G59/><T70/><D70/><U109/><E109/><V116/><F116/><W10/><G10/><RYUUKYOKU ba="0,1" sc="230,-10,290,-10,240,-10,230,30" hai3="17,25,40,42,57,61,65,76,77,78,84,91,93" /><INIT seed="2,1,1,4,0,37" ten="220,280,230,260" oya="2" hai0="6,40,98,2,111,4,135,109,126,70,107,50,53" hai1="25,14,16,29,130,99,9,0,34,94,42,71,56" hai2="106,95,5,46,124,32,11,45,39,18,62,101,47" hai3="7,116,72,33,120,65,132,54,78,8,38,100,30"/><V43/><F106/><W44/><G116/><T117/><D70/><U83/><E71/><V102/><F32/><W134/><G120/><T3/><D117/><U89/><E130/><V52/><F124/><W91/><G100/><T17/><D17/><U68/><E68/><V61/><F18/><W88/><G65/><T28/><D28/><U104/><E104/><V1/><F101/><W24/><G78/><T77/><D77/><U115/><E115/><V103/><F103/><W133/><G72/><T119/><D119/><U86/><E0/><N who="0" m="41" /><D98/><U122/><E122/><V73/><F73/><W23/><G33/><T90/><D90/><U129/><E129/><V110/><F110/><N who="0" m="41994" /><D107/><U93/><E99/><V87/><F87/><W63/><G7/><N who="0" m="2603" /><D135/><U15/><E15/><V80/><F80/><W64/><G8/><T13/><D13/><U36/><E83/><V69/><F69/><N who="3" m="42143" /><G54/><T81/><D81/><U57/><E94/><V85/><F85/><W114/><G114/><T58/><D126/><U31/><E31/><V51/><REACH who="2" step="1"/><F47/><REACH who="2" ten="220,280,220,260" step="2"/><W19/><G19/><T55/><D55/><U92/><E93/><V112/><F112/><W12/><G12/><T67/><D67/><U96/><E86/><V75/><F75/><W82/><G82/><T97/><D97/><AGARI ba="1,2" hai="1,5,11,39,43,45,46,51,52,61,62,95,97,102" machi="97" ten="40,7700,0" yaku="1,1,52,1,54,1,53,0" doraHai="37" doraHaiUra="84" who="2" fromWho="0" sc="220,-80,280,0,220,100,260,0" /><INIT seed="2,2,0,0,5,33" ten="140,280,320,260" oya="2" hai0="130,9,69,11,65,3,127,38,76,54,98,4,39" hai1="25,106,37,123,0,109,46,50,93,131,6,43,99" hai2="111,21,83,64,14,48,20,45,104,26,103,16,7" hai3="96,55,91,80,89,124,40,135,28,13,100,59,24"/><V102/><F111/><W97/><G135/><T12/><D54/><U32/><E109/><V41/><F104/><W2/><G124/><T82/><D130/><U117/><E117/><V8/><F64/><W85/><G40/><T49/><D127/><U133/><E131/><V114/><F114/><W129/><G129/><T86/><D98/><U70/><E133/><V23/><F83/><W95/><G13/><T53/><D65/><U118/><E118/><V61/><F61/><W116/><G116/><T22/><D69/><U17/><E70/><V73/><F73/><W34/><G2/><T132/><D132/><U94/><E123/><V42/><F42/><W81/><G97/><T87/><D22/><AGARI ba="2,0" hai="7,8,14,16,20,21,22,23,26,41,45,48,102,103" machi="22" ten="40,3900,0" yaku="8,1,54,1" doraHai="33" who="2" fromWho="0" sc="140,-45,280,0,320,45,260,0" /><INIT seed="2,3,0,0,0,50" ten="95,280,365,260" oya="2" hai0="69,103,39,110,4,101,74,94,111,23,67,81,106" hai1="52,10,41,72,73,24,38,51,97,34,21,121,35" hai2="85,15,54,115,28,108,17,29,19,119,113,30,37" hai3="96,13,93,56,105,3,6,2,79,5,1,57,63"/><V42/><F37/><W134/><G134/><T95/><D23/><U89/><E38/><V90/><F42/><W66/><G105/><T53/><D4/><U78/><E41/><V122/><F119/><W46/><G79/><N who="0" m="44279" /><D39/><U59/><E10/><V47/><F122/><W80/><G80/><T118/><D67/><U8/><E8/><N who="2" m="6375" /><F19/><W127/><G127/><T14/><D53/><U86/><E97/><V133/><F133/><W68/><G46/><T48/><D48/><U32/><E78/><V92/><F108/><N who="0" m="41514" /><D14/><U120/><E72/><V7/><F7/><W58/><REACH who="3" step="1"/><G13/><REACH who="3" ten="95,280,365,250" step="2"/><T40/><D40/><U104/><E104/><V99/><F47/><W43/><G43/><T135/><D135/><U60/><E73/><V36/><F36/><W123/><G123/><T65/><D118/><U88/><E121/><V20/><F115/><W25/><G25/><T55/><D69/><U76/><E120/><V62/><F113/><W16/><G16/><T130/><D130/><U131/><E131/><V114/><F114/><W27/><G27/><T22/><D22/><U98/><E21/><V102/><F20/><W124/><G124/><T49/><D65/><U44/><E24/><V84/><F28/><W61/><G61/><T11/><D11/><U9/><E9/><V132/><F29/><W117/><G117/><T64/><D64/><U31/><E31/><V82/><F30/><W125/><G125/><T0/><D0/><U87/><E60/><V109/><F109/><W112/><G112/><T83/><D83/><N who="1" m="47463" /><E44/><V26/><F62/><W71/><G71/><T77/><D106/><RYUUKYOKU ba="3,1" sc="95,-10,280,-10,365,-10,250,30" hai3="1,2,3,5,6,56,57,58,63,66,68,93,96" /><INIT seed="3,4,1,0,0,37" ten="85,270,355,280" oya="3" hai0="16,120,58,70,17,75,52,114,55,56,30,7,115" hai1="68,131,46,34,15,63,73,1,62,93,129,109,36" hai2="6,22,23,41,124,20,87,83,59,72,97,35,82" hai3="60,25,13,134,9,88,48,125,116,57,38,32,51"/><W96/><G116/><T4/><D30/><U118/><E1/><V45/><F35/><W44/><G125/><T107/><D107/><U92/><E34/><V135/><F72/><W42/><G134/><T99/><D99/><U76/><E109/><V3/><F3/><W77/><G77/><T111/><D111/><U91/><E118/><V49/><F135/><W18/><G32/><T113/><D120/><U21/><E36/><V24/><F6/><W126/><G126/><T43/><D113/><U133/><E133/><V71/><F71/><W5/><G25/><T11/><D70/><U128/><E46/><V103/><F59/><W61/><G18/><T33/><D33/><U112/><E112/><V117/><F117/><W119/><G119/><T28/><D28/><U26/><E15/><V81/><F124/><W110/><G110/><T27/><D27/><U54/><E54/><V84/><REACH who="2" step="1"/><F24/><REACH who="2" ten="85,270,345,280" step="2"/><W12/><G12/><T80/><D80/><N who="1" m="45071" /><E68/><V127/><F127/><W31/><G31/><T85/><D75/><U66/><E66/><V122/><F122/><W121/><G121/><T40/><D85/><N who="1" m="52335" /><E93/><AGARI ba="4,2" hai="20,22,23,41,45,49,81,82,83,84,87,93,97,103" machi="93" ten="40,5200,0" yaku="1,1,8,1,52,1,53,0" doraHai="37" doraHaiUra="104" who="2" fromWho="1" sc="85,0,270,-64,345,84,280,0" owari="85,-41.0,206,-19.0,429,52.0,280,8.0" /></mjloggm>