<mjloggm ver="2.3"><GO type="225" lobby="0"/><UN n0="%E3%81%9F%E3%81%8C%E3%81%BF%E5%89%9B" n1="%74%61%6B%75%61%6B%61" n2="%E8%85%B9%E7%97%9B%E3%81%BD%E3%81%A3%E3%81%8F%E3%82%93" n3="%E3%82%A6%E3%83%AB%E3%83%88%E3%83%A9%E7%AB%8B%E7%9B%B4" dan="16,18,16,17" rate="2093.59,2185.51,2135.75,2198.68" sx="M,M,M,M"/><TAIKYOKU oya="0"/><INIT seed="0,0,0,3,3,49" ten="250,250,250,250" oya="0" hai0="132,30,13,2,90,60,44,37,100,104,106,62,105" hai1="55,88,109,99,129,81,29,98,14,123,73,15,92" hai2="9,84,97,112,56,39,41,108,28,42,107,18,4" hai3="64,87,38,45,80,115,32,25,89,82,54,19,71"/><T78/><D2/><U111/><E123/><V17/><F112/><W68/><G115/><T135/><D78/><N who="1" m="44239" /><E129/><V8/><F28/><W50/><G38/><T91/><D30/><U47/><E29/><V67/><F108/><N who="1" m="41545" /><E99/><V22/><F39/><W133/><G133/><T10/><D37/><U117/><E117/><V53/><F67/><W85/><G64/><T7/><D44/><U77/><E77/><V93/><F84/><W122/><G122/><T52/><D100/><U48/><AGARI ba="0,0" hai="14,15,47,48,55,88,92,98" m="41545,44239" machi="48" ten="30,4000,0" yaku="14,1,52,1,54,1" doraHai="49" who="1" fromWho="1" sc="250,-20,250,40,250,-10,250,-10" /><INIT seed="1,0,0,1,2,88" ten="230,290,240,240" oya="1" hai0="102,110,117,44,111,73,69,29,127,86,13,85,132" hai1="129,74,82,103,116,12,5,72,7,32,19,109,65" hai2="63,27,76,83,81,112,115,118,40,77,79,90,108" hai3="107,53,37,68,58,66,59,92,11,4,46,39,41"/><U91/><E116/><V22/><F118/><W60/><G107/><T106/><D69/><U55/><E32/><V87/><F40/><W80/><G80/><T6/><D29/><U113/><E113/><N who="2" m="43595" /><F63/><N who="3" m="36303" /><G92/><T25/><D25/><U56/><E65/><V135/><F108/><W3/><G11/><T131/><D117/><U47/><E47/><V57/><F57/><W0/><G4/><T89/><D6/><U43/><E43/><V34/><F34/><W49/><G3/><T18/><D73/><U51/><E129/><V100/><F135/><W10/><G10/><T67/><D67/><U104/><E74/><N who="2" m="43255" /><F100/><W120/><G0/><T121/><D44/><U26/><E72/><V1/><F1/><W101/><G101/><T133/><D131/><U45/><E109/><V38/><F38/><N who="3" m="14347" /><G120/><T122/><D102/><U42/><E103/><V30/><AGARI ba="0,0" hai="22,27,30,76,77,83,87,90" m="43255,43595" machi="30" ten="30,1100,0" yaku="11,1" doraHai="88" who="2" fromWho="2" sc="230,-3,290,-5,240,11,240,-3" /><INIT seed="2,0,0,0,0,15" ten="227,285,251,237" oya="2" hai0="64,47,102,58,91,23,51,28,24,22,20,127,69" hai1="97,72,85,83,80,119,135,56,76,106,13,66,61" hai2="87,126,103,75,89,25,7,0,12,27,60,1,99" hai3="41,113,132,8,26,65,16,117,71,18,116,131,31"/><V38/><F75/><W105/><G41/><T11/><D69/><U98/><E119/><N who="3" m="45642" /><G105/><T77/><D77/><U53/><E135/><V45/><F126/><W4/><G65/><T32/><D127/><U70/><E106/><V57/><F38/><W107/><G71/><T84/><D102/><U78/><REACH who="1" step="1"/><E13/><REACH who="1" ten="227,275,251,237" step="2"/><V67/><F0/><W125/><G107/><T86/><D11/><U50/><AGARI ba="0,1" hai="50,53,56,61,66,70,72,76,78,80,83,85,97,98" machi="50" ten="20,5200,0" yaku="1,1,2,1,0,1,7,1,53,0" doraHai="15" doraHaiUra="37" who="1" fromWho="1" sc="227,-13,275,62,251,-26,237,-13" /><INIT seed="3,0,0,0,0,130" ten="214,337,225,224" oya="3" hai0="56,55,128,114,22,34,119,20,35,131,133,92,64" hai1="71,48,46,68,96,78,18,115,93,42,38,100,15" hai2="81,102,50,25,104,32,70,57,45,58,23,24,127" hai3="0,94,108,86,26,27,1,124,107,49,118,6,135"/><W60/><G107/><T5/><D119/><U31/><E115/><V83/><F127/><W7/><G118/><T132/><D64/><U63/><E31/><V84/><F70/><W29/><G124/><T134/><D92/><U53/><E63/><V2/><F2/><W101/><G135/><T120/><D114/><U67/><E67/><V66/><F32/><N who="0" m="12330" /><D120/><U77/><E71/><V21/><F102/><W19/><G108/><T51/><D5/><U39/><E68/><V95/><F104/><W97/><G60/><T87/><D87/><U41/><E39/><V61/><F95/><W98/><G86/><T12/><D12/><U103/><E103/><V16/><F57/><W79/><G98/><T85/><D85/><U59/><E41/><N who="2" m="24879" /><F84/><W44/><G0/><T8/><D8/><AGARI ba="0,0" hai="8,15,18,38,42,46,48,53,59,77,78,93,96,100" machi="8" ten="30,1000,0" yaku="7,1" doraHai="130" who="1" fromWho="0" sc="214,-10,337,10,225,0,224,0" owari="204,-30.0,347,45.0,225,3.0,224,-18.0" /></mjloggm>