<mjloggm ver="2.3"><GO type="169" lobby="0"/><UN n0="%E6%99%82%E3%81%AE%E6%BC%82%E6%B3%8A" n1="%E5%BE%A9%E8%AE%90%E3%81%A1%E3%82%83%E3%82%93" n2="%E5%B0%B1%E6%B4%BB%E7%94%9F%40%E5%B7%9D%E6%9D%91%E8%BB%8D%E5%9B%A3" n3="%E9%85%94%E5%A5%B4%E4%BA%BA" dan="16,17,17,17" rate="2145.51,2233.39,2179.69,2179.72" sx="F,F,F,M"/><TAIKYOKU oya="0"/><INIT seed="0,0,0,0,5,49" ten="250,250,250,250" oya="0" hai0="46,53,56,71,34,109,24,57,61,116,28,133,94" hai1="121,119,98,21,42,65,102,70,51,54,23,115,50" hai2="25,19,100,114,110,29,26,92,48,2,32,43,27" hai3="60,125,66,132,93,4,5,62,77,40,107,59,36"/><T84/><D116/><U130/><E119/><V39/><F2/><W20/><G107/><T75/><D75/><U85/><E121/><V122/><F39/><W38/><G125/><T104/><D104/><U123/><E123/><V10/><F122/><W67/><G132/><T95/><D133/><U76/><E130/><V68/><F68/><W80/><G93/><T44/><D71/><U82/><E115/><V35/><F110/><W106/><G106/><T90/><D109/><U127/><E127/><V63/><F63/><W33/><G33/><T22/><D34/><U88/><E76/><V83/><F83/><W64/><G20/><T105/><D105/><U55/><E55/><V108/><F108/><W111/><G111/><T16/><D28/><U73/><E73/><V69/><F69/><W18/><G18/><T6/><D6/><U30/><E30/><V74/><F74/><W135/><G135/><T89/><D57/><N who="1" m="32983" /><E65/><V78/><F114/><W31/><G31/><T81/><D81/><U15/><E70/><V9/><F78/><W126/><G126/><T103/><D103/><U87/><E102/><V7/><F7/><W41/><G67/><T99/><AGARI ba="0,0" hai="16,22,24,44,46,53,56,61,84,89,90,94,95,99" machi="99" ten="20,18000,2" yaku="0,1,7,1,25,2,8,1,52,1,54,1" doraHai="49" who="0" fromWho="0" sc="250,180,250,-60,250,-60,250,-60" /><INIT seed="0,1,0,5,4,107" ten="430,190,190,190" oya="0" hai0="125,0,129,113,11,34,87,134,115,99,131,23,53" hai1="62,111,20,77,89,70,75,130,79,88,4,132,63" hai2="59,24,5,94,36,50,22,42,35,91,33,127,38" hai3="122,110,57,78,97,41,85,123,109,54,117,101,3"/><T104/><D34/><U133/><E4/><V55/><F127/><W2/><G41/><T58/><D87/><U84/><E130/><N who="0" m="49673" /><D125/><U7/><E7/><V72/><F72/><W9/><G85/><T26/><D134/><N who="1" m="51819" /><E111/><N who="3" m="42506" /><G78/><T92/><D104/><U8/><E8/><V95/><F95/><N who="3" m="58559" /><G9/><T19/><D11/><U128/><E79/><V46/><F5/><W106/><G106/><T21/><D0/><N who="3" m="41" /><G117/><T124/><D23/><U126/><E126/><V120/><F38/><W82/><G82/><T49/><D124/><U116/><E116/><V60/><F36/><W64/><G64/><T27/><D27/><U67/><E84/><V12/><F12/><W56/><G56/><T105/><D105/><U90/><E128/><V10/><F10/><W112/><G112/><T6/><D6/><U71/><E20/><V43/><F120/><W39/><G39/><T76/><D76/><U52/><E77/><V61/><F42/><W102/><G102/><AGARI ba="1,0" hai="19,21,26,49,53,58,92,99,102,113,115" m="49673" machi="102" ten="30,1500,0" yaku="19,1" doraHai="107" who="0" fromWho="3" sc="430,18,190,0,190,0,190,-18" /><INIT seed="0,2,0,4,3,20" ten="448,190,190,172" oya="0" hai0="84,109,16,97,14,116,107,71,117,75,22,56,121" hai1="131,44,94,28,88,87,98,104,30,12,90,45,3" hai2="77,4,126,135,129,114,61,118,124,29,6,108,106" hai3="123,111,54,19,74,57,96,38,100,101,69,113,36"/><T31/><D121/><U27/><E3/><V60/><F106/><W37/><G113/><T59/><D75/><U53/><E131/><V86/><F114/><W92/><G111/><T110/><D71/><U105/><E30/><V0/><F0/><W8/><G123/><T78/><D107/><U120/><E120/><V5/><F118/><W51/><G74/><T64/><D97/><U55/><E104/><V18/><F108/><N who="0" m="41578" /><D31/><U99/><E105/><V47/><F47/><W62/><G100/><T63/><D59/><U58/><E12/><V15/><F129/><W41/><G69/><T33/><D33/><U25/><E28/><V26/><F135/><W79/><G79/><T32/><D32/><U70/><E70/><V65/><F77/><W24/><G8/><T130/><D130/><U67/><E67/><V85/><F85/><W10/><G10/><T35/><D35/><U127/><E58/><V42/><F42/><W122/><G122/><T2/><D2/><U68/><E68/><V66/><F86/><W40/><REACH who="3" step="1"/><G51/><REACH who="3" ten="448,190,190,162" step="2"/><T13/><D117/><U17/><E90/><V7/><N who="2" m="1536" /><DORA hai="89" /><V125/><F65/><W81/><G81/><N who="0" m="47159" /><D116/><U132/><E132/><V73/><F73/><W76/><G76/><T115/><D115/><U9/><E9/><N who="2" m="6511" /><F66/><W46/><G46/><T50/><D50/><U52/><E45/><V133/><F133/><W82/><G82/><T93/><D64/><U80/><E44/><V91/><F91/><W103/><G103/><T48/><D48/><U39/><E88/><V49/><F49/><W72/><G72/><T43/><D43/><RYUUKYOKU ba="2,1" sc="448,-15,190,-15,190,15,162,15" hai2="26,29,60,61,124,125,126" hai3="19,24,36,37,38,40,41,54,57,62,92,96,101" /><INIT seed="1,3,1,3,4,11" ten="433,175,205,177" oya="1" hai0="133,63,58,111,90,25,72,57,65,56,60,67,64" hai1="62,30,2,46,82,121,16,28,88,79,9,20,74" hai2="135,95,91,70,81,1,80,108,84,86,101,19,107" hai3="122,18,40,109,89,98,14,76,131,32,24,6,44"/><U112/><E112/><V22/><F70/><W128/><G109/><T55/><D72/><U31/><E121/><V13/><F1/><W94/><G122/><T59/><D111/><U7/><E62/><V125/><F108/><W69/><G69/><T36/><D36/><U45/><REACH who="1" step="1"/><E88/><REACH who="1" ten="433,165,205,177" step="2"/><V114/><F114/><W97/><G76/><T49/><D90/><U42/><E42/><V83/><F135/><W17/><G98/><T4/><D63/><U105/><E105/><V5/><F125/><W21/><G131/><T34/><D60/><U123/><E123/><V39/><F107/><W103/><G128/><T23/><D133/><U92/><E92/><V116/><F116/><W47/><G89/><T110/><D110/><U61/><E61/><V3/><F101/><W53/><G40/><T0/><D67/><U104/><E104/><V129/><F129/><W15/><G53/><T8/><D65/><U27/><AGARI ba="3,2" hai="2,7,9,16,20,27,28,30,31,45,46,74,79,82" machi="27" ten="30,6000,0" yaku="1,1,0,1,54,1,53,0" doraHai="11" doraHaiUra="100" who="1" fromWho="1" sc="433,-23,165,89,205,-23,177,-23" /><INIT seed="1,4,0,5,4,129" ten="410,254,182,154" oya="1" hai0="128,108,112,11,88,57,32,43,63,119,2,73,42" hai1="52,130,58,114,110,111,79,18,77,19,51,101,37" hai2="93,74,131,90,20,34,28,31,116,22,105,23,8" hai3="69,44,123,26,106,99,92,27,53,0,41,124,66"/><U50/><E37/><V56/><F105/><W55/><G123/><T39/><D112/><U10/><E114/><V109/><F74/><W70/><G106/><T61/><D119/><U1/><E101/><V115/><F116/><W122/><G122/><T71/><D32/><U9/><E130/><V134/><F131/><W35/><G0/><T91/><D128/><U33/><E33/><V48/><F34/><W104/><G104/><T95/><D73/><U121/><E121/><V117/><F117/><W16/><G124/><T60/><D108/><N who="1" m="41515" /><E51/><V64/><F109/><W12/><G69/><T113/><D113/><U40/><E40/><V15/><F115/><W68/><G66/><T30/><D71/><U83/><E77/><V38/><F38/><W67/><G67/><T29/><D39/><U5/><E10/><V84/><F134/><W62/><G68/><T82/><D57/><U47/><E47/><V127/><F127/><W135/><G70/><T17/><D2/><U4/><E5/><V94/><F94/><W98/><G135/><T102/><D102/><U76/><E76/><V89/><F89/><W25/><G35/><T96/><D43/><U78/><E78/><V6/><F48/><N who="3" m="26639" /><G92/><T80/><D42/><U54/><E54/><N who="3" m="20490" /><G62/><AGARI ba="4,0" hai="6,8,15,20,22,23,28,31,56,62,64,84,90,93" machi="62" ten="40,1300,0" yaku="8,1" doraHai="129" who="2" fromWho="3" sc="410,0,254,0,182,25,154,-25" /><INIT seed="2,0,0,3,1,83" ten="410,254,207,129" oya="2" hai0="3,110,131,32,126,111,1,40,99,65,122,119,105" hai1="74,33,112,45,51,4,49,21,55,98,78,62,71" hai2="43,77,42,100,130,29,38,46,0,97,19,134,85" hai3="88,60,127,53,124,18,7,125,17,86,135,76,41"/><V68/><F0/><W37/><G135/><T2/><D122/><U114/><E33/><V36/><F134/><W89/><G7/><T116/><D32/><U95/><E4/><V16/><F130/><W24/><G76/><T129/><D40/><U75/><E75/><V48/><F68/><W9/><G9/><T14/><D65/><U10/><E10/><V23/><F29/><W31/><G89/><T117/><D14/><U120/><E120/><V103/><F42/><W108/><G108/><N who="0" m="41515" /><D126/><U54/><E78/><V107/><F100/><AGARI ba="0,0" hai="1,2,3,99,100,105,116,117,119,129,131" m="41515" machi="100" ten="50,6400,0" yaku="12,1,14,1,23,1" doraHai="83" who="0" fromWho="2" sc="410,64,254,0,207,-64,129,0" /><INIT seed="3,0,0,1,5,98" ten="474,254,143,129" oya="3" hai0="31,7,105,38,111,80,57,6,84,46,123,21,101" hai1="29,5,40,104,100,53,92,85,70,116,118,35,45" hai2="78,113,23,131,19,96,28,52,65,74,15,16,112" hai3="102,50,39,94,9,97,41,107,73,25,75,43,125"/><W108/><G125/><T82/><D123/><U77/><E5/><V33/><F65/><W30/><G39/><T14/><D111/><U55/><E70/><V133/><F133/><W62/><G108/><T61/><D82/><U120/><E104/><V11/><F131/><W130/><G130/><T51/><D38/><U12/><E12/><V95/><F78/><W48/><G9/><T128/><D128/><U59/><E120/><V47/><F74/><W127/><G127/><T122/><D122/><U79/><E29/><V18/><F33/><W114/><G114/><T32/><D32/><U88/><E35/><V124/><F124/><W10/><G10/><T8/><D105/><U4/><E4/><V20/><F112/><W86/><G107/><T119/><D119/><N who="1" m="45611" /><E100/><N who="2" m="60447" /><F113/><W58/><G86/><T134/><D101/><U106/><E106/><V68/><F68/><W117/><G117/><T66/><D134/><U1/><E1/><V69/><F69/><W87/><G87/><T109/><D109/><U24/><E24/><N who="2" m="16391" /><F23/><N who="3" m="15679" /><G75/><T90/><D31/><U17/><E17/><V34/><F34/><W67/><G73/><T89/><D21/><U2/><E2/><V64/><F64/><W121/><G121/><T56/><D7/><U13/><E13/><V36/><F36/><W129/><G129/><T91/><D57/><U93/><E59/><V76/><F76/><W72/><G72/><T49/><D49/><AGARI ba="0,0" hai="11,15,16,18,19,47,49,52" m="16391,60447" machi="49" ten="30,7700,0" yaku="8,1,52,1,54,2" doraHai="98" who="2" fromWho="0" sc="474,-77,254,0,143,77,129,0" /><AGARI ba="0,0" hai="41,43,48,49,50,58,62,67,94,97,102" m="15679" machi="49" ten="30,5800,0" yaku="25,1,8,1,52,1" doraHai="98" who="3" fromWho="0" sc="397,-58,254,0,220,0,129,58" /><INIT seed="3,1,0,5,0,35" ten="339,254,220,187" oya="3" hai0="5,43,7,12,97,37,73,98,11,117,129,63,82" hai1="8,60,54,6,114,29,25,128,33,57,101,72,51" hai2="120,41,44,67,78,116,36,42,30,106,104,135,125" hai3="47,132,79,107,131,53,27,55,87,23,31,103,95"/><W56/><G131/><T64/><D117/><U122/><E128/><V119/><F42/><W9/><G132/><T65/><D129/><U93/><E72/><V124/><F135/><W127/><G127/><T16/><D65/><U19/><E122/><V61/><F78/><W1/><G107/><N who="2" m="41001" /><F30/><W81/><G47/><T110/><D110/><U62/><E114/><V96/><F96/><W71/><G71/><T49/><D37/><U86/><E19/><V17/><F17/><W94/><G103/><T108/><D108/><U20/><E33/><V28/><F28/><W26/><G27/><T3/><D7/><U66/><E66/><V74/><F74/><W18/><G55/><T89/><D49/><U52/><E54/><V92/><F92/><W15/><REACH who="3" step="1"/><G1/><REACH who="3" ten="339,254,220,177" step="2"/><T38/><D43/><U112/><E112/><V105/><F105/><W130/><G130/><T0/><D0/><U121/><E101/><V39/><F120/><W77/><G77/><T91/><D38/><U111/><E121/><V21/><F39/><W69/><G69/><T32/><D32/><U99/><E111/><V4/><F119/><W80/><G80/><T113/><D113/><U85/><E52/><V133/><F116/><W58/><G58/><T123/><D123/><U70/><E57/><N who="2" m="37295" /><F133/><W118/><G118/><T59/><D91/><U100/><E100/><V48/><F125/><W75/><G75/><T126/><D126/><U109/><E109/><V24/><F124/><W40/><G40/><T2/><D73/><U88/><E70/><V50/><F36/><W68/><G68/><T76/><D76/><RYUUKYOKU ba="1,1" sc="339,-10,254,-10,220,-10,177,30" hai3="9,15,18,23,26,31,53,56,79,81,87,94,95" /><INIT seed="3,2,1,1,3,99" ten="329,244,210,207" oya="3" hai0="124,120,86,126,61,33,23,71,39,17,75,15,125" hai1="133,59,48,30,80,35,135,50,116,89,70,56,88" hai2="132,63,19,45,16,32,78,11,36,84,29,42,127" hai3="37,2,72,58,95,111,6,21,110,20,98,134,10"/><W118/><G118/><T76/><D39/><U67/><E70/><V119/><F119/><W104/><G104/><T13/><D120/><U90/><E116/><V92/><F127/><W103/><G37/><T55/><D75/><U1/><E1/><V60/><F132/><N who="1" m="50761" /><E80/><V112/><F112/><W109/><G134/><T18/><D33/><U101/><E101/><V122/><F122/><W85/><G72/><T82/><D71/><U26/><E67/><V66/><F63/><W43/><G43/><T123/><D123/><U93/><E93/><V81/><F11/><W100/><G85/><T113/><D113/><U91/><E91/><V114/><F114/><W105/><G58/><AGARI ba="2,1" hai="26,30,35,48,50,56,58,59,88,89,90" m="50761" machi="58" ten="30,2000,0" yaku="20,1,54,1" doraHai="99" who="1" fromWho="3" sc="329,0,244,36,210,0,207,-26" /><INIT seed="4,0,0,0,0,91" ten="329,280,210,181" oya="0" hai0="20,19,102,1,30,126,112,17,26,32,55,53,6" hai1="74,133,35,88,69,104,56,28,97,103,116,77,41" hai2="21,4,75,76,123,49,96,25,109,70,18,106,64" hai3="23,118,113,131,125,40,13,95,0,12,5,22,59"/><T38/><D38/><U130/><E116/><V66/><F109/><W94/><G118/><T105/><D112/><U72/><E69/><V110/><F110/><W9/><G113/><T10/><D126/><U85/><E41/><V82/><F123/><W7/><G125/><T65/><D19/><U84/><E28/><V31/><F70/><W39/><G131/><T3/><D3/><U79/><E35/><V100/><F4/><W54/><G39/><T11/><D11/><U101/><E56/><V63/><F49/><W61/><G40/><T73/><D73/><N who="1" m="28267" /><E130/><V52/><F52/><W117/><G117/><T93/><D65/><U99/><E133/><V86/><F63/><W87/><G87/><N who="1" m="33354" /><E88/><V78/><F78/><W67/><G54/><T57/><D57/><U135/><E135/><V115/><F115/><W119/><G119/><T51/><D51/><U37/><E37/><V2/><F2/><W83/><G0/><T129/><D129/><U80/><E80/><V71/><F71/><W42/><G83/><T46/><D46/><U132/><E132/><V89/><REACH who="2" step="1"/><F31/><REACH who="2" ten="329,280,200,181" step="2"/><W33/><G42/><T62/><D62/><U107/><AGARI ba="0,1" hai="77,79,97,99,101,103,104,107" m="33354,28267" machi="107" ten="30,8000,1" yaku="35,5" doraHai="91" who="1" fromWho="1" sc="329,-40,280,90,200,-20,181,-20" /><INIT seed="5,0,0,2,1,5" ten="289,370,180,161" oya="1" hai0="82,38,42,131,17,7,23,110,77,135,129,95,130" hai1="56,74,45,3,37,105,48,120,102,4,52,20,91" hai2="67,34,111,122,43,127,47,40,97,0,44,88,73" hai3="1,8,33,85,112,58,69,21,78,104,64,19,11"/><U126/><E120/><V99/><F73/><W28/><G104/><T49/><D38/><U32/><E32/><V76/><F34/><W133/><G69/><T87/><D110/><U84/><E74/><V71/><F111/><W83/><G112/><T134/><D95/><U101/><E105/><V18/><F76/><W132/><G28/><T92/><D92/><U16/><E126/><V24/><F122/><W10/><G33/><T50/><D7/><U66/><E4/><V41/><F0/><W35/><G35/><T62/><D62/><N who="1" m="38215" /><E37/><V89/><F67/><W72/><G1/><T59/><D59/><U79/><E79/><V27/><F71/><W93/><G72/><T98/><D98/><N who="2" m="37386" /><F18/><W36/><G93/><T60/><D60/><U9/><E3/><V125/><F24/><W114/><G36/><T108/><D108/><U96/><E96/><V26/><F26/><W86/><G114/><T94/><D94/><N who="1" m="54631" /><E20/><V124/><F27/><W75/><G21/><T113/><D113/><U70/><E70/><V13/><F13/><AGARI ba="0,0" hai="9,13,16,45,48,52,101,102" m="54631,38215" machi="13" ten="30,11600,0" yaku="8,1,52,1,54,2" doraHai="5" who="1" fromWho="2" sc="289,0,370,116,180,-116,161,0" /><INIT seed="5,1,0,1,0,111" ten="289,486,64,161" oya="1" hai0="28,97,90,128,37,89,33,31,87,35,24,46,45" hai1="65,77,131,50,106,104,42,26,11,134,51,22,34" hai2="98,57,8,64,107,120,3,133,115,80,112,30,84" hai3="41,94,19,62,83,91,88,81,66,110,16,39,21"/><U127/><E34/><V116/><F120/><W9/><G110/><T53/><D128/><U93/><E131/><V15/><F116/><W25/><G39/><T10/><D10/><U92/><E65/><V95/><F133/><W76/><G41/><T52/><D97/><U124/><E77/><V18/><F3/><W132/><G132/><T1/><D1/><U113/><E134/><V17/><F107/><W49/><G49/><T114/><D87/><U103/><E11/><V27/><F64/><W7/><G19/><T23/><D23/><U69/><E22/><V55/><F18/><W32/><G32/><T109/><D24/><U102/><E26/><V105/><F105/><W44/><G44/><T100/><D100/><U119/><E69/><V117/><F117/><W56/><G94/><T61/><D109/><U135/><E135/><V79/><F27/><W108/><G108/><T72/><D61/><U75/><E75/><V101/><REACH who="2" step="1"/><F30/><REACH who="2" ten="289,486,54,161" step="2"/><W60/><G7/><T68/><D31/><U58/><E119/><V118/><F118/><W59/><G9/><T74/><D28/><U122/><E122/><V70/><F70/><W43/><G66/><T14/><D68/><U130/><E130/><V129/><F129/><W86/><G25/><T48/><D35/><U47/><E104/><V125/><F125/><W2/><G2/><T54/><D33/><U20/><E106/><V71/><F71/><W123/><G123/><T0/><D0/><U4/><E124/><V121/><F121/><W40/><G16/><T82/><D14/><U78/><E127/><V96/><F96/><RYUUKYOKU ba="1,1" sc="289,-10,486,-10,54,30,161,-10" hai2="8,15,17,55,57,79,80,84,95,98,101,112,115" /><INIT seed="6,2,1,2,5,45" ten="279,476,84,151" oya="2" hai0="76,30,55,4,88,58,133,106,104,15,10,134,94" hai1="127,25,23,69,36,100,46,71,92,17,37,20,87" hai2="74,27,89,49,123,8,79,116,99,61,39,28,72" hai3="75,84,38,41,24,47,32,9,105,77,85,91,111"/><V59/><F39/><W18/><G111/><T21/><D76/><U101/><E127/><V135/><F116/><W129/><G129/><T60/><D30/><U108/><E108/><V14/><F123/><W118/><G118/><T29/><D29/><U86/><E46/><V113/><F113/><W102/><G32/><T130/><D130/><U13/><E92/><V31/><F135/><N who="0" m="51722" /><D21/><U0/><E13/><V7/><F79/><W95/><G85/><AGARI ba="2,1" hai="4,10,15,55,58,60,85,88,94,104,106" m="51722" machi="85" ten="30,2000,0" yaku="20,1,54,1" doraHai="45" who="0" fromWho="3" sc="279,36,476,0,84,0,151,-26" /><INIT seed="7,0,0,3,0,6" ten="315,476,84,125" oya="3" hai0="63,88,78,106,97,58,19,22,36,76,113,26,126" hai1="127,69,4,39,33,109,52,121,87,102,59,10,12" hai2="95,49,82,68,134,120,0,116,54,132,45,65,47" hai3="28,100,41,94,129,14,90,112,48,117,56,16,114"/><W128/><G28/><T30/><D36/><U93/><E33/><V44/><F0/><W21/><G100/><T74/><D126/><U57/><E39/><V13/><F95/><W123/><G123/><T110/><D110/><U118/><E69/><V81/><F81/><W119/><G41/><T8/><D113/><N who="3" m="43625" /><G48/><T70/><D70/><U133/><E109/><V62/><F82/><W99/><G56/><T89/><D74/><U108/><E108/><V29/><F29/><W42/><G42/><T96/><D106/><U73/><E73/><V60/><F13/><W1/><G1/><T7/><D30/><U85/><E59/><V67/><F116/><AGARI ba="0,0" hai="14,16,21,90,94,99,116,117,119,128,129" m="43625" machi="116" ten="30,2900,0" yaku="15,1,54,1" doraHai="6" who="3" fromWho="2" sc="315,0,476,0,84,-29,125,29" /><INIT seed="7,1,0,4,4,127" ten="315,476,55,154" oya="3" hai0="4,45,52,92,17,67,83,64,10,79,122,91,40" hai1="31,107,23,19,42,30,65,115,74,44,134,125,105" hai2="133,89,51,84,69,15,73,126,46,77,28,61,9" hai3="26,130,80,129,12,93,55,62,48,49,100,2,112"/><W0/><G112/><T78/><D122/><U33/><E74/><V108/><F126/><W128/><G12/><T75/><D79/><U29/><E125/><V35/><F108/><W3/><G80/><T16/><D67/><U135/><E33/><V117/><F133/><N who="1" m="50697" /><E65/><V71/><F117/><W94/><G26/><T11/><D64/><U53/><E53/><V96/><F96/><N who="3" m="59407" /><G94/><T119/><D119/><U109/><E109/><V57/><F77/><W56/><AGARI ba="1,0" hai="0,2,3,48,49,55,56,62,128,129,130" m="59407" machi="56" ten="40,12000,1" yaku="19,1,52,3" doraHai="127" who="3" fromWho="3" sc="315,-41,476,-41,55,-41,154,123" /><INIT seed="7,2,0,0,4,47" ten="274,435,14,277" oya="3" hai0="50,78,81,18,20,35,61,73,28,134,126,131,74" hai1="37,70,46,45,130,2,91,64,3,127,114,34,44" hai2="86,27,16,63,6,117,123,80,128,17,72,40,107" hai3="8,102,52,53,101,12,75,79,66,43,41,112,7"/><W19/><G112/><T132/><D61/><U98/><E34/><V42/><F117/><W120/><G120/><T14/><D126/><U15/><E37/><V25/><F123/><W133/><G133/><N who="0" m="51307" /><D131/><U68/><E64/><V38/><F107/><W49/><G66/><T115/><D115/><U118/><E114/><V76/><F72/><W48/><G75/><N who="0" m="43231" /><D50/><N who="3" m="19561" /><G79/><T60/><D60/><U122/><E122/><V119/><F128/><W95/><G7/><T121/><D121/><U56/><E130/><V83/><F119/><W104/><G104/><T84/><D84/><U23/><E118/><V71/><F71/><W65/><G65/><T135/><D135/><U39/><E39/><V9/><F38/><W11/><G8/><N who="0" m="6471" /><D35/><U22/><E2/><V24/><F63/><W125/><G125/><T100/><D100/><N who="3" m="38505" /><G95/><T30/><D30/><U58/><E3/><V93/><F93/><W59/><G59/><T113/><D113/><U1/><E1/><V62/><F62/><W129/><G129/><T5/><D5/><U54/><E127/><V87/><F40/><W110/><G110/><T21/><D21/><U69/><E23/><V94/><F94/><W4/><G4/><T33/><D33/><U32/><E32/><V10/><F42/><W55/><AGARI ba="2,0" hai="11,12,19,41,43,52,53,55" m="38505,19561" machi="55" ten="30,12000,1" yaku="8,1,52,3,54,1" doraHai="47" who="3" fromWho="3" sc="274,-42,435,-42,14,-42,277,126" owari="232,-17.0,393,19.0,-28,-53.0,403,51.0" /></mjloggm>