<mjloggm ver="2.3"><GO type="169" lobby="0"/><UN n0="%E3%83%A1%E3%82%AB%E3%82%BC%E3%83%83%E3%83%88%E3%83%B3" n1="%E6%93%AC%E4%BC%BC%E9%80%A3%E5%AE%9D%E7%87%88%E7%BE%8E" n2="%E3%81%84%E3%81%84%E7%AC%91%E9%A1%94" n3="%E3%82%A6%E3%83%AB%E3%83%88%E3%83%A9%E7%AB%8B%E7%9B%B4" dan="17,17,17,17" rate="2188.57,2176.56,2239.77,2160.87" sx="M,M,F,M"/><TAIKYOKU oya="0"/><INIT seed="0,0,0,5,5,111" ten="250,250,250,250" oya="0" hai0="38,132,11,69,99,128,77,82,32,133,3,86,33" hai1="29,37,75,85,52,48,60,105,131,98,87,13,89" hai2="115,66,6,62,125,104,110,108,0,26,9,106,72" hai3="129,114,14,57,83,19,58,95,68,43,123,35,88"/><T4/><D69/><U18/><E37/><V5/><F5/><W103/><G68/><T67/><D67/><U97/><E75/><V76/><F26/><W41/><G35/><T56/><D38/><U23/><E131/><V84/><F84/><N who="3" m="50207" /><G114/><T79/><D128/><U102/><E60/><V80/><F125/><W7/><G7/><T22/><D79/><U28/><E98/><V8/><F8/><N who="3" m="6599" /><G129/><T17/><D56/><N who="3" m="21609" /><G123/><T12/><REACH who="0" step="1"/><D99/><AGARI ba="0,0" hai="41,43,95,99,103" m="21609,6599,50207" machi="99" ten="30,2000,0" yaku="8,1,54,1" doraHai="111" who="3" fromWho="0" sc="250,-20,250,0,250,0,250,20" /><INIT seed="1,0,0,1,5,110" ten="230,250,250,270" oya="1" hai0="15,101,23,96,104,81,55,16,27,82,1,46,44" hai1="20,67,113,89,8,25,58,14,63,57,68,71,135" hai2="32,79,130,34,107,131,78,120,99,112,109,111,9" hai3="122,88,29,56,106,97,47,45,66,31,36,121,118"/><U30/><E135/><V73/><F120/><W90/><G56/><T125/><D1/><U26/><E113/><V70/><F70/><W52/><G97/><T13/><D125/><U54/><E26/><V6/><F99/><W102/><G102/><T21/><D13/><U7/><REACH who="1" step="1"/><E89/><REACH who="1" ten="230,240,250,270" step="2"/><V119/><F112/><W93/><G88/><T127/><D127/><U103/><E103/><V92/><F119/><W5/><G90/><T132/><D132/><U91/><E91/><V117/><F117/><W86/><G118/><T40/><D82/><U38/><E38/><V12/><F111/><W75/><G36/><T65/><D81/><U116/><E116/><V28/><F109/><W133/><G133/><T95/><D104/><U59/><E59/><V48/><F107/><W124/><G106/><T77/><D101/><U114/><E114/><V53/><F92/><W84/><G93/><T123/><D95/><U62/><AGARI ba="0,1" hai="7,8,14,20,25,30,54,57,58,62,63,67,68,71" machi="62" ten="20,12000,1" yaku="1,1,0,1,7,1,53,2" doraHai="110" doraHaiUra="64" who="1" fromWho="1" sc="230,-40,240,130,250,-40,270,-40" /><INIT seed="1,1,0,0,5,10" ten="190,370,210,230" oya="1" hai0="11,119,92,135,128,55,87,32,52,0,37,109,16" hai1="129,122,130,80,13,29,66,49,96,58,74,127,28" hai2="62,71,93,83,120,124,101,134,117,86,60,133,54" hai3="84,25,132,63,30,67,97,112,106,20,47,105,98"/><U23/><E122/><V18/><F120/><W59/><G112/><T14/><D37/><U125/><E96/><N who="2" m="59535" /><F117/><W31/><G132/><N who="2" m="50793" /><F71/><W34/><G84/><T121/><D32/><U26/><E29/><V85/><F124/><N who="1" m="47689" /><E13/><V38/><F38/><W102/><G47/><T44/><D121/><U41/><E41/><V68/><F68/><W46/><G46/><T3/><D119/><U89/><E89/><N who="2" m="51391" /><F54/><W99/><G106/><T40/><D135/><U110/><E66/><V53/><F53/><W108/><G108/><T81/><D109/><U61/><E110/><V64/><F64/><W88/><G88/><N who="0" m="51311" /><D3/><U103/><E103/><V57/><F57/><W126/><G126/><T45/><D0/><U82/><E58/><V15/><F86/><W56/><G56/><T77/><D77/><N who="1" m="44087" /><E61/><V36/><F36/><W73/><G73/><T115/><D40/><U72/><E49/><V111/><F111/><W12/><G31/><T42/><D42/><U75/><E75/><V5/><F5/><W22/><G34/><T8/><D44/><U76/><AGARI ba="1,0" hai="23,26,28,72,76,82,129,130" m="44087,47689" machi="76" ten="30,1500,0" yaku="18,1" doraHai="10" who="1" fromWho="1" sc="190,-6,370,18,210,-6,230,-6" /><INIT seed="1,2,0,1,4,119" ten="184,388,204,224" oya="1" hai0="106,95,30,17,74,128,59,27,43,34,105,7,14" hai1="25,32,97,26,135,52,54,63,104,48,131,117,13" hai2="126,9,37,10,94,101,80,110,39,65,124,108,130" hai3="51,114,22,64,8,18,81,122,115,116,71,89,93"/><U36/><E36/><N who="2" m="13899" /><F65/><W66/><G116/><T1/><D74/><U121/><E117/><V86/><F94/><W112/><G71/><T100/><D128/><U132/><E131/><V85/><F101/><W50/><G122/><T40/><D59/><N who="1" m="35303" /><E32/><V129/><F129/><W61/><G8/><N who="2" m="3177" /><F80/><W134/><G81/><T56/><D7/><U69/><E121/><V55/><F55/><W44/><G134/><N who="1" m="51242" /><E69/><V102/><F102/><W76/><G76/><T113/><D100/><N who="1" m="62479" /><E13/><V125/><F130/><W60/><G66/><T45/><D14/><U53/><E53/><V35/><F35/><W87/><G64/><T77/><D34/><U118/><E118/><V96/><F96/><W29/><G29/><T57/><D30/><U49/><E49/><V41/><F41/><W4/><G51/><T133/><D43/><U42/><E42/><V111/><AGARI ba="2,0" hai="85,86,108,110,111,124,125,126" m="3177,13899" machi="111" ten="50,8000,1" yaku="28,2,14,1,18,1" doraHai="119" who="2" fromWho="2" sc="184,-22,388,-42,204,86,224,-22" /><INIT seed="2,0,0,1,2,60" ten="162,346,290,202" oya="2" hai0="129,55,14,78,46,0,57,80,131,88,59,76,45" hai1="56,18,89,27,73,20,12,71,124,123,63,125,120" hai2="66,15,26,100,127,86,84,4,87,52,5,43,114" hai3="21,106,53,107,64,111,103,117,115,34,75,8,68"/><V119/><F114/><W130/><G53/><T134/><D0/><U116/><E116/><V29/><F119/><W99/><G21/><T58/><D134/><U91/><E71/><V102/><F43/><W9/><G117/><T97/><D14/><U98/><E73/><V19/><F52/><W48/><G48/><T126/><D126/><N who="1" m="48747" /><E12/><V79/><F79/><N who="0" m="30250" /><D55/><N who="1" m="34207" /><E98/><V105/><F105/><W69/><G75/><T10/><D10/><U62/><E62/><V23/><F66/><W25/><G107/><T16/><D16/><U11/><E11/><V6/><REACH who="2" step="1"/><F127/><REACH who="2" ten="162,346,280,202" step="2"/><W13/><G64/><T24/><D45/><U77/><E77/><V122/><F122/><AGARI ba="0,1" hai="18,20,27,89,91,120,122,123" m="34207,48747" machi="122" ten="30,2000,0" yaku="13,1,18,1" doraHai="60" who="1" fromWho="2" sc="162,0,346,30,280,-20,202,0" /><INIT seed="3,0,0,5,0,17" ten="162,376,260,202" oya="3" hai0="89,38,67,126,135,22,73,92,12,123,95,109,25" hai1="107,9,117,16,118,128,28,44,50,98,85,27,116" hai2="110,29,11,30,69,2,57,77,15,66,72,82,23" hai3="20,103,13,45,58,0,131,104,42,34,87,24,39"/><W35/><G0/><T60/><D38/><U121/><E121/><V133/><F110/><W80/><G131/><T130/><D73/><U36/><E128/><V102/><F133/><W120/><G120/><T94/><D130/><U46/><E36/><V114/><F114/><W63/><G13/><T32/><D109/><U53/><E85/><V33/><F69/><W115/><G115/><T31/><D123/><U1/><E46/><V83/><F102/><W21/><G103/><T113/><D113/><U10/><E1/><V6/><F82/><W91/><G104/><T64/><D135/><U81/><E81/><V86/><F72/><W5/><G5/><T84/><D126/><U26/><E107/><V3/><F3/><W37/><G37/><T59/><REACH who="0" step="1"/><D64/><REACH who="0" ten="152,376,260,202" step="2"/><U79/><E118/><V19/><F66/><W4/><G4/><T61/><D61/><U40/><E117/><V124/><F124/><W122/><G122/><T18/><AGARI ba="0,1" hai="12,18,22,25,31,32,59,60,67,84,89,92,94,95" machi="18" ten="30,4000,0" yaku="1,1,0,1,52,1,53,0" doraHai="17" doraHaiUra="7" who="0" fromWho="0" sc="152,50,376,-10,260,-10,202,-20" /><INIT seed="4,0,0,0,2,43" ten="202,366,250,182" oya="0" hai0="44,36,42,35,60,21,91,20,64,94,11,73,2" hai1="63,59,127,30,109,77,107,69,104,19,38,25,5" hai2="100,23,84,79,134,1,0,13,55,65,85,7,31" hai3="16,122,129,56,34,133,87,72,61,101,3,81,128"/><T39/><D35/><U29/><E109/><V105/><F134/><W26/><G3/><T86/><D73/><U95/><E69/><V119/><F119/><W102/><G72/><T27/><D36/><U46/><E5/><V96/><F65/><W18/><G133/><T32/><D2/><U131/><E19/><N who="3" m="7210" /><G26/><T117/><D11/><U89/><E77/><V9/><F85/><W114/><G34/><T130/><D130/><N who="3" m="50281" /><G114/><T51/><D117/><U41/><E127/><V124/><F124/><W93/><G93/><T28/><REACH who="0" step="1"/><D39/><REACH who="0" ten="192,366,250,182" step="2"/><U4/><E38/><V37/><F37/><W103/><G122/><T48/><D48/><U125/><E131/><V98/><F9/><W62/><G56/><AGARI ba="0,1" hai="20,21,27,28,32,42,44,51,56,60,64,86,91,94" machi="56" ten="30,5800,0" yaku="1,1,7,1,52,1,53,0" doraHai="43" doraHaiUra="92" who="0" fromWho="3" sc="192,68,366,0,250,0,182,-58" /><INIT seed="4,1,0,1,5,19" ten="260,366,250,124" oya="0" hai0="82,15,10,111,90,73,93,37,79,103,57,43,50" hai1="59,33,63,25,20,125,118,2,71,110,104,95,68" hai2="45,84,46,13,105,69,75,26,94,128,40,135,134" hai3="28,96,11,8,17,65,91,107,85,36,97,30,31"/><T76/><D111/><U127/><E104/><V5/><F75/><W1/><G36/><T58/><D76/><U109/><E33/><V100/><F69/><N who="1" m="26697" /><E2/><V89/><F128/><W98/><G107/><T112/><D112/><U114/><E95/><V54/><F54/><W64/><G1/><T55/><D103/><U24/><E24/><V78/><F78/><W119/><G119/><T7/><D43/><U92/><E92/><V66/><F66/><W21/><G65/><T133/><D133/><U117/><E114/><V51/><F45/><W106/><G64/><T62/><D37/><U49/><E49/><V116/><F116/><N who="1" m="44649" /><E20/><V4/><F13/><W77/><G77/><T42/><D42/><U34/><E25/><V129/><F26/><N who="3" m="14639" /><G106/><T48/><REACH who="0" step="1"/><D57/><REACH who="0" ten="250,366,250,124" step="2"/><U70/><E70/><V0/><F100/><W130/><G130/><T123/><D123/><U52/><E109/><V88/><F129/><W22/><G22/><T6/><D6/><U115/><E115/><V72/><F4/><W102/><G102/><T41/><D41/><U67/><E110/><V121/><F5/><W80/><AGARI ba="1,1" hai="8,11,28,30,31,80,85,91,96,97,98" m="14639" machi="80" ten="30,2000,0" yaku="8,1,52,1" doraHai="19" who="3" fromWho="3" sc="250,-11,366,-6,250,-6,124,33" /><INIT seed="5,0,0,3,3,118" ten="239,360,244,157" oya="1" hai0="61,5,102,135,100,133,21,79,39,36,15,50,33" hai1="97,3,27,98,109,19,82,101,115,103,72,17,71" hai2="51,120,48,88,96,12,8,78,73,31,20,129,93" hai3="90,29,87,112,117,58,107,32,54,43,49,41,123"/><U23/><E71/><V91/><F120/><W30/><G107/><T62/><D33/><U44/><E115/><V75/><F129/><W56/><G112/><T59/><D79/><U68/><E68/><V35/><F35/><W57/><G117/><T22/><D50/><U38/><E3/><V25/><F75/><W16/><G123/><T132/><D5/><U60/><E60/><N who="0" m="23145" /><D59/><U66/><E66/><V53/><F53/><W84/><G32/><T104/><D104/><U26/><E109/><V95/><F78/><W110/><G110/><T105/><D105/><U94/><E82/><V24/><F24/><W46/><G16/><N who="0" m="10399" /><D22/><U111/><E72/><V10/><F73/><W67/><G67/><T89/><D89/><U65/><E65/><V2/><F2/><W122/><G122/><T9/><D9/><U106/><E111/><V6/><REACH who="2" step="1"/><F10/><REACH who="2" ten="239,360,234,157" step="2"/><W70/><G54/><T34/><D34/><U64/><E64/><V42/><F42/><W4/><G43/><T18/><D135/><U81/><E27/><V7/><F7/><W125/><G4/><T52/><D52/><U119/><E119/><V28/><F28/><N who="3" m="10859" /><G70/><T128/><D132/><U45/><E19/><V76/><F76/><W86/><G125/><T40/><D133/><U11/><E11/><V47/><F47/><W1/><G1/><T13/><D40/><N who="1" m="22551" /><E45/><V83/><F83/><AGARI ba="0,1" hai="41,46,49,56,57,58,83,84,86,87,90" m="10859" machi="83" ten="30,1000,0" yaku="8,1" doraHai="118" who="3" fromWho="2" sc="239,0,360,0,234,-10,157,20" /><INIT seed="6,0,0,2,0,50" ten="239,360,224,177" oya="2" hai0="90,111,103,80,117,29,97,35,133,118,124,94,58" hai1="31,61,120,131,114,84,109,93,110,71,33,88,47" hai2="16,37,41,101,128,27,48,107,18,24,36,54,104" hai3="60,115,44,59,28,12,130,72,74,38,21,19,75"/><V108/><F41/><W42/><G130/><T119/><D111/><U66/><E131/><V121/><F128/><W126/><G115/><T82/><D133/><U127/><E114/><V51/><F101/><W34/><G126/><T69/><D69/><U56/><E127/><V73/><F73/><W99/><G99/><T11/><D124/><U98/><E120/><V87/><F87/><W100/><G100/><T64/><D11/><U43/><E33/><V89/><F89/><W91/><G91/><T112/><D112/><U122/><E31/><V23/><F23/><W22/><G34/><T9/><D9/><U45/><E122/><V85/><F85/><W46/><G46/><T96/><D29/><U15/><E47/><V86/><F86/><W102/><G102/><T129/><D35/><U2/><E2/><V65/><F65/><W4/><G4/><T3/><D3/><U49/><E15/><V39/><F39/><W135/><G135/><T5/><D5/><U106/><E106/><V70/><F70/><W76/><G76/><T95/><D129/><U6/><E6/><V52/><F121/><W1/><G1/><T25/><D25/><U78/><E71/><V105/><F105/><W13/><G28/><T0/><D0/><U53/><E43/><V55/><F55/><W30/><G30/><T20/><D20/><U81/><AGARI ba="0,0" hai="45,49,53,56,61,66,78,81,84,88,93,98,109,110" machi="81" ten="30,4000,0" yaku="0,1,52,1,54,1" doraHai="50" who="1" fromWho="1" sc="239,-10,360,40,224,-20,177,-10" /><INIT seed="7,0,0,0,3,109" ten="229,400,204,167" oya="3" hai0="60,77,84,66,68,124,62,78,83,9,18,102,113" hai1="121,90,32,39,38,5,4,106,100,87,12,33,7" hai2="34,17,130,45,99,23,82,135,92,95,126,79,1" hai3="116,2,3,75,88,8,133,55,44,101,46,56,94"/><W25/><G116/><T31/><D102/><U42/><E121/><V69/><F69/><W11/><G75/><T72/><D31/><U85/><E12/><V15/><F34/><W120/><G120/><T110/><D110/><U115/><E7/><V112/><F1/><W132/><G101/><T22/><D9/><N who="3" m="3657" /><G25/><T47/><D124/><U28/><E39/><V58/><F126/><W105/><G105/><T123/><D123/><U53/><E38/><V52/><F45/><N who="3" m="17515" /><G56/><T43/><D72/><U51/><E100/><V37/><F37/><W125/><G55/><T122/><D122/><U19/><E53/><V35/><F35/><W65/><G65/><T70/><D70/><U119/><E106/><V20/><F52/><W24/><G24/><T36/><D62/><U103/><E103/><V98/><F58/><W29/><G29/><T40/><D40/><U91/><E28/><V127/><F127/><W97/><G125/><T117/><D117/><U67/><E67/><V48/><F15/><W49/><G49/><T57/><D68/><U6/><E51/><V26/><F48/><W108/><G108/><T129/><D57/><U41/><E5/><V81/><F26/><W27/><G27/><T21/><D36/><U89/><E119/><V30/><F30/><W54/><G54/><T0/><D66/><U118/><E118/><V10/><F10/><W134/><AGARI ba="0,0" hai="2,3,88,94,97,132,133,134" m="17515,3657" machi="134" ten="40,3900,0" yaku="20,1,54,1" doraHai="109" who="3" fromWho="3" sc="229,-13,400,-13,204,-13,167,39" /><INIT seed="7,1,0,2,4,43" ten="216,387,191,206" oya="3" hai0="47,10,44,30,111,128,36,85,90,123,127,42,4" hai1="24,91,19,99,86,18,67,41,29,52,97,15,124" hai2="84,71,5,57,66,16,122,79,34,63,104,73,46" hai3="119,13,81,37,80,101,106,105,116,27,50,118,32"/><W53/><G37/><T98/><D111/><U76/><E76/><V0/><F104/><W135/><G135/><T89/><D123/><U133/><E41/><V107/><F107/><W129/><G129/><T35/><D128/><U102/><E67/><V9/><F34/><W96/><G106/><T92/><D127/><U125/><E52/><V115/><F122/><W131/><G131/><T7/><D47/><U31/><E133/><V126/><F126/><W69/><G69/><T12/><D30/><U103/><E91/><V68/><F115/><W23/><G13/><T110/><D35/><U117/><E86/><V40/><F16/><W100/><G100/><T2/><D110/><U54/><E54/><V3/><F84/><W70/><G70/><T51/><D36/><U114/><E15/><V21/><F21/><W72/><G72/><T121/><D121/><U75/><E24/><V87/><F87/><W58/><REACH who="3" step="1"/><G32/><REACH who="3" ten="216,387,191,196" step="2"/><T120/><D120/><U49/><E75/><V1/><F68/><W88/><G88/><T82/><D2/><U78/><E103/><V132/><F132/><W134/><G134/><T38/><D38/><U39/><E102/><V93/><F71/><W45/><G45/><T26/><D26/><U60/><E39/><N who="2" m="21791" /><F93/><W14/><G14/><T33/><D33/><U108/><E125/><V55/><F66/><W112/><G112/><T48/><D4/><U28/><E114/><V22/><F22/><W109/><G109/><T11/><D11/><U59/><E108/><V77/><F77/><W130/><G130/><T64/><D64/><N who="1" m="38943" /><E124/><V74/><F74/><RYUUKYOKU ba="1,1" sc="216,10,387,-30,191,10,196,10" hai0="7,10,12,42,44,48,51,82,85,89,90,92,98" hai2="0,1,3,5,9,55,57,63,73,79" hai3="23,27,50,53,58,80,81,96,101,105,116,118,119" /><INIT seed="7,2,1,5,2,68" ten="226,357,201,206" oya="3" hai0="44,125,18,115,73,48,83,1,88,133,103,104,22" hai1="92,86,58,54,2,67,114,77,65,7,8,26,64" hai2="87,100,0,37,57,113,134,63,123,112,110,89,29" hai3="62,4,35,128,85,12,82,47,32,56,106,41,130"/><W119/><G106/><T122/><D1/><U38/><E38/><V129/><F110/><W80/><G119/><T97/><D122/><U66/><E66/><V49/><F37/><W52/><G4/><T21/><D125/><U132/><E114/><N who="2" m="44139" /><F0/><W40/><G12/><T94/><D115/><U98/><E65/><N who="2" m="39151" /><F123/><W108/><G108/><T69/><D69/><U135/><E98/><V11/><F11/><W93/><G93/><T75/><D83/><N who="3" m="31785" /><G85/><T127/><D22/><U19/><E92/><N who="2" m="54335" /><F129/><N who="3" m="49771" /><G41/><T91/><D97/><U101/><E7/><V25/><F134/><W30/><G30/><T28/><D28/><U76/><E86/><V6/><F6/><W90/><G90/><T121/><D88/><U39/><E132/><V9/><F9/><W14/><G14/><T45/><D133/><U99/><E8/><V126/><F126/><W31/><G31/><T71/><D127/><U70/><E135/><V34/><F49/><AGARI ba="2,1" hai="32,35,40,47,49,52,56,62" m="49771,31785" machi="49" ten="30,2900,0" yaku="19,1,54,1" doraHai="68" who="3" fromWho="2" sc="226,0,357,0,201,-35,206,45" /><INIT seed="7,3,0,5,4,25" ten="226,357,166,251" oya="3" hai0="100,24,17,20,9,120,130,126,27,132,118,84,88" hai1="122,60,87,108,114,62,67,80,28,104,125,46,7" hai2="85,71,61,94,102,97,30,112,90,129,36,18,86" hai3="23,135,117,2,96,93,98,44,50,41,48,8,68"/><W51/><G68/><T63/><D120/><U133/><E108/><V32/><F112/><W33/><G33/><T89/><D118/><U34/><E104/><V72/><F129/><W107/><G135/><T64/><D132/><U45/><E133/><V124/><F124/><W10/><G107/><T59/><D126/><U6/><E125/><V69/><F36/><W15/><G98/><T91/><D130/><U55/><E122/><V123/><F123/><W134/><G117/><T29/><D100/><U116/><E114/><V79/><F86/><W82/><G82/><N who="0" m="49303" /><D24/><U73/><E73/><V106/><F18/><N who="3" m="10719" /><G2/><T47/><D47/><U11/><E46/><V103/><F103/><N who="3" m="60815" /><G134/><T105/><D105/><U131/><E80/><V101/><F101/><W13/><G8/><T127/><D127/><U56/><E11/><V52/><F79/><W81/><G81/><T35/><D35/><U0/><E0/><V53/><F72/><W119/><G119/><T115/><D115/><U92/><E131/><V19/><F19/><AGARI ba="3,0" hai="10,13,19,41,44,48,50,51" m="60815,10719" machi="19" ten="30,1500,0" yaku="8,1" doraHai="25" who="3" fromWho="2" sc="226,0,357,0,166,-24,251,24" /><INIT seed="7,4,0,1,1,127" ten="226,357,142,275" oya="3" hai0="40,68,11,111,18,4,7,99,98,19,72,22,82" hai1="50,125,52,90,3,27,32,81,26,83,94,15,103" hai2="16,113,17,46,129,44,10,76,84,96,38,87,134" hai3="42,64,119,110,5,51,1,132,62,112,39,31,89"/><W33/><G51/><T106/><D68/><U61/><E3/><V100/><F113/><W45/><G89/><T109/><D40/><U48/><E125/><V114/><F114/><W128/><G132/><T14/><D106/><U131/><E131/><V36/><F134/><W130/><G119/><T135/><D135/><U95/><E32/><V34/><F34/><W12/><G12/><T121/><D82/><U20/><E61/><V85/><F76/><W117/><G117/><T30/><D72/><U63/><E63/><V69/><F69/><N who="3" m="42135" /><G110/><T115/><D30/><U107/><E107/><V105/><F10/><N who="3" m="2351" /><G112/><T70/><D70/><U93/><E103/><V66/><F66/><W13/><G13/><T97/><D115/><U49/><E52/><V122/><F122/><W37/><G37/><T53/><D121/><U2/><E2/><V35/><F35/><W74/><G74/><T59/><D109/><U80/><E90/><V71/><F71/><W60/><G60/><N who="0" m="35951" /><D111/><U108/><E108/><V56/><F56/><W9/><G9/><T0/><D0/><U43/><E43/><V120/><F120/><W88/><G88/><T67/><D67/><U124/><E124/><V79/><F79/><W8/><G8/><T6/><D6/><U123/><E123/><V116/><F116/><W54/><G54/><T133/><D133/><U24/><E15/><AGARI ba="4,0" hai="4,7,11,14,15,18,19,22,97,98,99" m="35951" machi="15" ten="30,1000,0" yaku="8,1" doraHai="127" who="0" fromWho="1" sc="226,22,357,-22,142,0,275,0" owari="248,-15.0,335,43.0,142,-36.0,275,8.0" /></mjloggm>