<mjloggm ver="2.3"><GO type="169" lobby="0"/><UN n0="%E3%82%AD%E3%83%A9%E3%83%BC%E3%83%9E%E3%82%B8%E3%83%B3%E3%82%AC%E6%A7%98" n1="%E3%83%90%E3%83%90%E3%82%A2%E3%81%AE%E6%97%A5%E5%82%98" n2="%E5%B0%B1%E6%B4%BB%E7%94%9F%40%E5%B7%9D%E6%9D%91%E8%BB%8D%E5%9B%A3" n3="%E2%98%86%E5%AE%AE%E6%B0%B8%E7%85%A7%E3%81%A1%E3%82%83%E3%82%93%E2%98%86" dan="17,17,17,16" rate="2182.02,2180.38,2232.31,2136.97" sx="F,F,M,M"/><TAIKYOKU oya="0"/><INIT seed="0,0,0,3,5,97" ten="250,250,250,250" oya="0" hai0="68,14,90,26,86,28,9,75,121,50,94,79,54" hai1="73,96,11,0,111,33,132,74,7,127,71,25,41" hai2="10,118,35,108,92,102,62,129,93,8,123,19,45" hai3="77,16,98,6,59,109,60,117,46,3,30,99,78"/><T47/><D68/><U69/><E111/><V34/><F123/><W135/><G109/><T133/><D133/><U112/><E127/><V63/><F108/><W122/><G135/><T124/><D124/><U107/><E41/><V58/><F129/><W17/><G122/><T82/><D121/><U27/><E27/><V100/><F58/><W48/><G117/><T83/><D94/><N who="2" m="36458" /><F19/><N who="3" m="7243" /><G6/><T12/><REACH who="0" step="1"/><D9/><REACH who="0" ten="240,250,250,250" step="2"/><N who="2" m="3690" /><F45/><W66/><G3/><T37/><D37/><U40/><E132/><V36/><F36/><W84/><G30/><T128/><D128/><U134/><E134/><V18/><F18/><W64/><G84/><T31/><D31/><U44/><E69/><V39/><F39/><W104/><G104/><T15/><D15/><U57/><E71/><V38/><F38/><W42/><G66/><T22/><AGARI ba="0,1" hai="12,14,22,26,28,47,50,54,75,79,82,83,86,90" machi="22" ten="20,3900,0" yaku="1,1,0,1,7,1,53,0" doraHai="97" doraHaiUra="88" who="0" fromWho="0" sc="240,49,250,-13,250,-13,250,-13" /><INIT seed="0,1,0,5,4,100" ten="289,237,237,237" oya="0" hai0="110,62,10,44,103,121,65,97,70,60,69,80,35" hai1="9,104,68,86,41,29,83,112,18,98,33,8,24" hai2="134,130,57,99,59,32,27,11,38,20,74,14,3" hai3="129,43,34,6,96,77,122,52,124,58,67,111,37"/><T135/><D121/><U2/><E112/><V46/><F130/><W123/><G111/><T12/><D35/><U45/><E68/><V61/><F134/><W131/><G34/><T63/><D135/><U30/><E30/><V127/><F127/><W22/><G6/><T66/><D110/><U15/><E2/><V50/><F74/><W36/><G22/><T73/><D44/><U116/><E116/><V21/><F38/><N who="3" m="14955" /><G96/><T119/><D119/><U16/><E98/><V28/><F3/><W132/><G77/><T101/><D63/><U85/><E104/><V88/><F32/><W48/><G132/><T90/><D73/><U120/><E120/><N who="3" m="46122" /><G124/><T75/><D75/><U113/><E113/><V13/><F21/><W78/><G78/><T71/><D71/><U5/><E8/><V106/><F61/><N who="3" m="38327" /><G43/><T26/><D26/><U87/><REACH who="1" step="1"/><E83/><REACH who="1" ten="289,227,237,237" step="2"/><V107/><F107/><W94/><G94/><T82/><D82/><U79/><E79/><V84/><F99/><W42/><G42/><T51/><D80/><U128/><E128/><V105/><F105/><W23/><G23/><T55/><D97/><U0/><E0/><V7/><F106/><W126/><G126/><T117/><D117/><U53/><E53/><N who="2" m="29911" /><F14/><W47/><AGARI ba="1,1" hai="47,48,52,129,131" m="38327,46122,14955" machi="47" ten="40,8000,1" yaku="13,1,34,2,54,1" doraHai="100" who="3" fromWho="3" sc="289,-41,227,-21,237,-21,237,93" /><INIT seed="1,0,0,1,2,98" ten="248,206,216,330" oya="1" hai0="11,103,40,120,127,113,82,51,28,20,17,79,123" hai1="60,52,1,109,105,66,118,43,124,9,45,91,39" hai2="121,32,18,16,58,84,37,3,10,5,73,112,90" hai3="75,31,36,68,128,7,44,15,4,29,0,77,115"/><U21/><E118/><V111/><F73/><W38/><G115/><T62/><D113/><U64/><E124/><V6/><F121/><W47/><G128/><T42/><D127/><U134/><E134/><V122/><F122/><W94/><G68/><T99/><D28/><U12/><E1/><V57/><F112/><W65/><G65/><T135/><D135/><U46/><E109/><V97/><F37/><W81/><G94/><T117/><D117/><U126/><E21/><V110/><F32/><W2/><G15/><T88/><D11/><U95/><E105/><V86/><F97/><W96/><G96/><T130/><D62/><U83/><E126/><V125/><F125/><W129/><G129/><T101/><D130/><U119/><E119/><V106/><F106/><W56/><G56/><T85/><D123/><U63/><E83/><V80/><F6/><W23/><G23/><T34/><D34/><U61/><E46/><V70/><F70/><W50/><G81/><T26/><D120/><U107/><E52/><V19/><REACH who="2" step="1"/><F84/><REACH who="2" ten="248,206,206,330" step="2"/><W53/><G38/><T71/><D71/><U35/><E107/><V13/><F13/><W108/><G36/><T27/><D27/><U8/><E35/><V100/><F100/><N who="0" m="38474" /><D51/><U102/><E39/><V93/><F93/><AGARI ba="0,1" hai="17,20,26,40,42,79,82,85,88,93,99" m="38474" machi="93" ten="30,8000,1" yaku="8,1,52,3,54,1" doraHai="98" who="0" fromWho="2" sc="248,90,206,0,206,-80,330,0" /><INIT seed="2,0,0,4,5,50" ten="338,206,126,330" oya="2" hai0="38,115,7,34,6,57,105,47,113,28,125,77,92" hai1="54,124,39,103,71,82,27,73,52,83,88,99,119" hai2="133,62,114,97,101,41,127,80,117,78,21,122,24" hai3="56,45,95,20,17,96,128,22,11,118,55,135,49"/><V68/><F122/><W9/><G118/><T1/><D105/><U66/><E39/><V26/><F117/><W35/><G35/><T65/><D77/><U126/><E119/><V23/><F114/><W44/><G128/><T4/><D1/><U89/><E66/><V59/><F133/><W104/><G104/><T0/><D0/><U69/><E27/><V60/><F127/><N who="1" m="48681" /><E82/><V134/><F134/><W33/><G33/><T108/><D92/><N who="1" m="56711" /><E103/><V107/><F41/><W31/><G31/><T75/><D65/><U106/><E106/><V110/><F110/><W79/><G79/><T29/><D28/><U30/><E30/><V37/><F37/><W32/><G32/><T131/><D29/><U81/><E81/><V67/><F26/><W100/><G135/><T112/><D34/><U61/><E61/><V43/><F43/><W46/><REACH who="3" step="1"/><G20/><REACH who="3" ten="338,206,126,320" step="2"/><T3/><D125/><U102/><E73/><V19/><F23/><W93/><G93/><T36/><D75/><U42/><E102/><V123/><F123/><W86/><G86/><T8/><D115/><U18/><E42/><V70/><REACH who="2" step="1"/><F60/><REACH who="2" ten="338,206,116,320" step="2"/><W5/><G5/><T40/><D113/><U94/><E18/><V15/><F15/><AGARI ba="0,2" hai="9,11,15,17,22,44,45,46,49,55,56,95,96,100" machi="15" ten="40,5200,0" yaku="1,1,8,1,52,1,53,0" doraHai="50" doraHaiUra="120" who="3" fromWho="2" sc="338,0,206,0,116,-52,320,72" /><INIT seed="3,0,0,3,4,95" ten="338,206,64,392" oya="3" hai0="73,22,114,62,133,27,74,110,101,82,5,66,76" hai1="88,57,132,90,116,4,15,36,129,109,97,33,64" hai2="25,39,9,135,31,21,103,45,35,127,107,72,124" hai3="123,50,32,18,108,102,12,75,91,93,65,81,121"/><W41/><G32/><T106/><D110/><U10/><E109/><V11/><F72/><W112/><G108/><T28/><D133/><U13/><E129/><V130/><F39/><W23/><G112/><T47/><D5/><U56/><E33/><V92/><F107/><W16/><G65/><T44/><D74/><U83/><E36/><V3/><F45/><W131/><G131/><T99/><REACH who="0" step="1"/><D114/><REACH who="0" ten="328,206,64,392" step="2"/><U69/><E132/><V78/><F135/><W7/><G121/><T68/><AGARI ba="0,1" hai="22,27,28,44,47,62,66,68,73,76,82,99,101,106" machi="68" ten="20,12000,2" yaku="1,1,2,1,0,1,7,1,52,1,53,2" doraHai="95" doraHaiUra="43" who="0" fromWho="0" sc="328,130,206,-30,64,-30,392,-60" /><INIT seed="4,0,0,2,5,80" ten="458,176,34,332" oya="0" hai0="117,20,13,79,23,86,9,63,130,49,91,107,54" hai1="119,48,110,28,44,104,32,72,38,77,3,125,7" hai2="85,16,15,5,29,6,35,132,70,26,109,67,75" hai3="88,121,81,1,24,66,39,102,19,27,82,21,45"/><T46/><D117/><U11/><E48/><V112/><F75/><W43/><G121/><T62/><D107/><U126/><E110/><V129/><F109/><W4/><G102/><T87/><D79/><U17/><E17/><V94/><F129/><W50/><G66/><T123/><D130/><U36/><E104/><V0/><F132/><W111/><G111/><T34/><D34/><U97/><E97/><V128/><F128/><W42/><G4/><N who="0" m="3239" /><D123/><U56/><E56/><V134/><F134/><W53/><G1/><T118/><D118/><U92/><E92/><V122/><F122/><W58/><G42/><T76/><D76/><U18/><E18/><V103/><F112/><W22/><G88/><T108/><D108/><U40/><E36/><V51/><F0/><W59/><G59/><N who="0" m="35191" /><D63/><U106/><E106/><V124/><F124/><W71/><G71/><T89/><D89/><U30/><E119/><V100/><F100/><W61/><G39/><T84/><D91/><U25/><REACH who="1" step="1"/><E30/><AGARI ba="0,0" hai="19,21,22,24,27,30,43,45,50,53,58,61,81,82" machi="30" ten="30,2000,0" yaku="7,1,8,1" doraHai="80" who="3" fromWho="1" sc="458,0,176,-20,34,0,332,20" /><INIT seed="5,0,0,2,3,86" ten="458,156,34,352" oya="1" hai0="76,104,29,37,135,79,45,80,13,40,69,107,41" hai1="68,17,52,38,63,128,109,96,95,97,90,64,6" hai2="7,85,98,56,16,49,131,42,22,132,93,121,103" hai3="116,115,87,102,110,19,73,24,67,59,129,2,44"/><U71/><E38/><V55/><F121/><W31/><G110/><T27/><D69/><U46/><E128/><V105/><F131/><W30/><G129/><T36/><D13/><U18/><E71/><V58/><F132/><W34/><G2/><T70/><D70/><U125/><E125/><V77/><F7/><W119/><G73/><T4/><D4/><U35/><E109/><V78/><F42/><W23/><G115/><T11/><D11/><U12/><E35/><V82/><F105/><W28/><G102/><T114/><D114/><U62/><E97/><V134/><F134/><W89/><G44/><T1/><D1/><U126/><E126/><V99/><F99/><W50/><G34/><T74/><D79/><U133/><E133/><V117/><F117/><W57/><G57/><T9/><D9/><N who="1" m="4151" /><E68/><V26/><REACH who="2" step="1"/><F58/><REACH who="2" ten="458,156,24,352" step="2"/><W43/><G43/><T100/><D107/><U21/><E96/><V14/><F14/><W51/><G116/><T72/><D104/><U39/><E46/><V122/><F122/><W91/><G119/><T53/><D45/><U106/><E106/><V47/><F47/><W108/><G108/><T81/><D135/><U94/><E39/><V61/><F61/><N who="3" m="38335" /><G87/><T8/><D37/><U84/><E63/><V25/><F25/><W124/><G124/><T101/><D27/><U66/><E62/><V75/><F75/><W15/><G15/><T118/><D36/><U120/><E84/><V83/><F83/><W33/><G33/><T20/><D118/><U10/><E120/><V60/><F60/><W32/><G32/><T48/><D74/><RYUUKYOKU ba="0,1" sc="458,-15,156,-15,24,15,352,15" hai2="16,22,26,49,55,56,77,78,82,85,93,98,103" hai3="19,23,24,28,30,31,50,51,89,91" /><INIT seed="6,1,1,2,5,133" ten="443,141,39,367" oya="2" hai0="85,13,110,49,125,2,115,29,40,6,124,15,38" hai1="108,42,132,98,8,66,69,11,92,109,61,84,50" hai2="10,123,22,131,119,71,41,21,19,87,34,1,54" hai3="120,134,129,17,97,0,60,78,14,94,48,80,114"/><V35/><F71/><W130/><G134/><T9/><D110/><U47/><E132/><V31/><F41/><W77/><G120/><T62/><D38/><U63/><E84/><V70/><F70/><W117/><G117/><T73/><D73/><U51/><E8/><V72/><F72/><W128/><G0/><T105/><D105/><U83/><E83/><V25/><F123/><W57/><G48/><T33/><D115/><U16/><E61/><V126/><F119/><W3/><G3/><T111/><D85/><U56/><E69/><V46/><F46/><W100/><G80/><T86/><D86/><U112/><E51/><V4/><F87/><W27/><G27/><N who="0" m="18623" /><D62/><U52/><E112/><V135/><F54/><N who="3" m="33847" /><G114/><T113/><D111/><U43/><E109/><V122/><F122/><W99/><G99/><T75/><D75/><U82/><E82/><V36/><F36/><W106/><G106/><T12/><D113/><U39/><E108/><V107/><F107/><W93/><G93/><T95/><D95/><U32/><E32/><N who="2" m="12331" /><F135/><W65/><G65/><T37/><D37/><U96/><E39/><V104/><F104/><W81/><G81/><T67/><D67/><U121/><E121/><V116/><F116/><W45/><G45/><T101/><D49/><U127/><E42/><V58/><F58/><W74/><G74/><T20/><D40/><U102/><E43/><V103/><F103/><W88/><G100/><T7/><D101/><U30/><E102/><V23/><F131/><N who="3" m="33539" /><W68/><DORA hai="64" /><G68/><T53/><D53/><U89/><E52/><V44/><F44/><RYUUKYOKU ba="1,1" sc="443,-10,141,-10,39,-10,367,30" hai3="14,17,77,78,88,94,97" /><INIT seed="7,2,1,5,1,101" ten="433,131,29,397" oya="3" hai0="80,32,68,106,122,46,90,63,20,61,3,5,1" hai1="119,107,99,79,113,130,87,12,96,4,91,131,125" hai2="16,26,54,17,9,25,33,15,115,75,34,28,100" hai3="8,52,78,110,37,121,53,105,14,43,134,124,55"/><W48/><G121/><T128/><D32/><U126/><E79/><V50/><F75/><W56/><G105/><T42/><D122/><U41/><E113/><V85/><F115/><W132/><G110/><T129/><D106/><U127/><E41/><V31/><F100/><W111/><G111/><T51/><D20/><U36/><E36/><V6/><REACH who="2" step="1"/><F85/><REACH who="2" ten="433,131,19,397" step="2"/><W116/><G116/><T83/><D68/><U23/><E119/><V123/><F123/><W74/><G124/><T70/><D70/><U21/><E126/><V13/><F13/><W39/><G39/><T11/><D3/><U94/><E127/><V22/><F22/><W57/><G37/><T67/><D67/><U58/><E23/><V104/><F104/><W59/><G74/><T77/><D90/><U27/><E125/><V47/><AGARI ba="2,2" hai="6,9,15,16,17,25,26,28,31,33,34,47,50,54" machi="47" ten="20,12000,2" yaku="1,1,0,1,7,1,9,1,54,1,53,1" doraHai="101" doraHaiUra="7" who="2" fromWho="2" sc="433,-32,131,-32,19,146,397,-62" owari="401,49.0,99,-40.0,165,-23.0,335,14.0" /></mjloggm>