<mjloggm ver="2.3"><GO type="169" lobby="0"/><UN n0="%E6%A4%8B%E5%A4%A7%E6%A8%B9" n1="%E3%83%97%E3%83%AD%E3%82%AD%E3%82%B7%E3%83%BC" n2="%E3%82%A6%E3%83%AB%E3%83%88%E3%83%A9%E7%AB%8B%E7%9B%B4" n3="%67%72%61%64%6C%69%6E%65" dan="18,16,17,16" rate="2168.39,2145.23,2214.94,2145.13" sx="M,M,M,M"/><TAIKYOKU oya="0"/><INIT seed="0,0,0,2,4,118" ten="250,250,250,250" oya="0" hai0="64,8,5,39,121,23,82,68,78,26,28,50,32" hai1="81,7,19,94,104,71,36,0,106,52,86,76,13" hai2="74,63,45,100,123,92,18,98,99,117,97,124,53" hai3="9,85,33,37,101,125,11,79,110,134,131,56,49"/><T91/><D39/><U46/><E71/><V31/><F74/><W41/><G33/><T15/><D121/><U48/><E36/><V135/><F124/><W108/><G101/><T66/><D68/><U122/><E122/><V87/><F135/><W102/><G102/><T17/><D50/><U29/><E29/><V12/><F123/><W130/><G37/><T67/><D91/><U72/><E0/><V34/><F117/><W4/><G125/><T21/><D21/><U3/><E3/><V80/><F31/><W10/><G4/><T105/><D105/><U65/><E65/><V83/><F83/><N who="3" m="47359" /><G134/><T129/><D129/><N who="3" m="49161" /><G41/><T62/><D62/><U116/><E7/><V114/><F34/><W73/><G73/><T20/><REACH who="0" step="1"/><D5/><REACH who="0" ten="240,250,250,250" step="2"/><U77/><E116/><V70/><F70/><W54/><AGARI ba="0,1" hai="9,10,11,49,54,56,108,110" m="49161,47359" machi="54" ten="40,1500,0" yaku="19,1" doraHai="118" who="3" fromWho="3" sc="240,-7,250,-4,250,-4,250,25" /><INIT seed="1,0,0,2,5,18" ten="233,246,246,275" oya="1" hai0="43,92,133,94,117,89,42,56,121,22,87,124,15" hai1="52,39,102,99,108,67,16,113,80,25,50,100,120" hai2="14,70,54,101,129,106,46,41,27,24,82,48,49" hai3="95,128,84,6,86,110,71,90,26,63,116,97,36"/><U126/><E120/><V61/><F129/><W68/><G36/><T57/><D117/><U9/><E113/><V11/><F106/><W13/><G116/><T72/><D72/><U131/><E39/><V74/><F101/><W59/><G128/><T125/><D133/><U45/><E131/><V105/><F105/><W37/><G37/><T104/><D104/><U79/><E126/><N who="0" m="48745" /><D92/><U29/><E108/><V122/><F122/><W135/><G110/><T112/><D112/><U44/><E67/><V115/><F115/><W76/><G135/><T65/><D57/><U103/><E45/><V38/><F49/><W51/><G51/><T73/><D73/><U107/><E29/><V33/><F33/><W7/><G26/><T83/><D83/><U35/><E35/><V21/><F82/><N who="3" m="47175" /><G68/><T53/><D65/><U98/><E107/><V1/><F74/><W130/><G71/><T118/><D118/><U30/><E30/><V127/><F127/><W60/><G60/><N who="0" m="35855" /><D121/><U31/><E31/><V109/><F109/><W78/><G130/><T88/><D89/><U123/><E123/><V19/><F61/><W81/><G13/><T111/><D111/><U2/><E2/><V23/><F70/><W62/><G62/><T47/><D47/><U69/><E69/><V3/><F3/><W91/><G91/><T17/><AGARI ba="0,0" hai="15,17,22,42,43,87,88,94" m="35855,48745" machi="17" ten="30,4000,0" yaku="18,1,52,1,54,1" doraHai="18" who="0" fromWho="0" sc="233,40,246,-20,246,-10,275,-10" /><INIT seed="2,0,0,2,1,54" ten="273,226,236,265" oya="2" hai0="62,49,131,27,50,111,35,18,133,25,93,104,83" hai1="96,79,32,125,24,23,63,13,20,109,126,34,72" hai2="81,55,5,0,28,114,118,4,2,44,12,38,70" hai3="19,115,85,78,57,48,66,100,33,119,7,73,69"/><V9/><F70/><W108/><G33/><N who="1" m="12906" /><E96/><V99/><F118/><W14/><G108/><T39/><D111/><U71/><E79/><V21/><F114/><W77/><G73/><T106/><D35/><U117/><E63/><V1/><F5/><W26/><G69/><T40/><D62/><U95/><E95/><V60/><F99/><W92/><G7/><T47/><D93/><U65/><E65/><V107/><F107/><W74/><G74/><T68/><D83/><U127/><E72/><V91/><F28/><W90/><G100/><T10/><D47/><U53/><E53/><V94/><F81/><W80/><G119/><T22/><D40/><U134/><E71/><V110/><F110/><W98/><G115/><T122/><D39/><U87/><E87/><V67/><F21/><N who="3" m="11511" /><G26/><T121/><D68/><U113/><E113/><V101/><F101/><N who="3" m="60615" /><G66/><T88/><D106/><U43/><E109/><V116/><F116/><W124/><G124/><T103/><D103/><U17/><E43/><N who="2" m="22647" /><F67/><W3/><G3/><T102/><D102/><U130/><E117/><V132/><F132/><W59/><G48/><T105/><D133/><U30/><E134/><V75/><F75/><W41/><G41/><T45/><D105/><U36/><E36/><V15/><F15/><W129/><G129/><AGARI ba="0,0" hai="13,17,20,23,24,30,125,126,127,129,130" m="12906" machi="129" ten="40,5200,0" yaku="18,1,34,2" doraHai="54" who="1" fromWho="3" sc="273,0,226,52,236,0,265,-52" /><INIT seed="3,0,0,3,0,83" ten="273,278,236,213" oya="3" hai0="57,11,35,104,118,105,121,99,51,74,76,77,36" hai1="12,81,6,30,47,18,63,106,115,130,134,22,98" hai2="129,80,70,27,64,101,52,71,69,132,38,54,127" hai3="122,46,84,58,91,32,61,43,42,19,49,53,44"/><W79/><G32/><T92/><D36/><U7/><E115/><V59/><F101/><W31/><G122/><T65/><D35/><U28/><E130/><V26/><F26/><W62/><G31/><T126/><D104/><U123/><E134/><V13/><F27/><W95/><G79/><T75/><D105/><U107/><E107/><V1/><F1/><W109/><G109/><T114/><D121/><U8/><E123/><V119/><F13/><W128/><G128/><T16/><D118/><U124/><E124/><V55/><F80/><W33/><G33/><T82/><D126/><U97/><E106/><V45/><F127/><W108/><G108/><T78/><D114/><U20/><E47/><N who="3" m="17962" /><G19/><T15/><D75/><U40/><E40/><AGARI ba="0,0" hai="40,42,43,49,53,58,61,62,84,91,95" m="17962" machi="40" ten="30,2900,0" yaku="8,1,52,1" doraHai="83" who="3" fromWho="1" sc="273,0,278,-29,236,0,213,29" /><INIT seed="3,1,0,5,2,54" ten="273,249,236,242" oya="3" hai0="132,97,127,88,4,17,103,53,21,109,77,56,64" hai1="44,81,119,18,83,60,72,71,121,51,58,1,124" hai2="26,0,67,130,23,47,133,69,48,123,110,117,126" hai3="101,76,85,41,34,6,30,90,3,128,43,102,46"/><W120/><G120/><T129/><D109/><U42/><E121/><V63/><F117/><W131/><G76/><T84/><D127/><U39/><E124/><V16/><F123/><W13/><G3/><T15/><D129/><N who="3" m="49737" /><G30/><T14/><D132/><U108/><E108/><V62/><F126/><W106/><G34/><T19/><D64/><N who="1" m="41351" /><E1/><V38/><F110/><W78/><G78/><T99/><D77/><U59/><E72/><V45/><F130/><W100/><G106/><T79/><D79/><U32/><E32/><V12/><F0/><W65/><G65/><T114/><D4/><U33/><E33/><V7/><F133/><W92/><G46/><T115/><D103/><N who="3" m="26369" /><W96/><DORA hai="49" /><G96/><T10/><D114/><U27/><E119/><V122/><F122/><W107/><G107/><T95/><D115/><U66/><E66/><V36/><F47/><W9/><AGARI ba="1,0" hai="6,9,13,41,43,85,90,92" m="26369,49737" machi="9" ten="40,2100,0" yaku="19,1" doraHai="54,49" who="3" fromWho="3" sc="273,-8,249,-8,236,-8,242,24" /><INIT seed="3,2,0,5,3,110" ten="265,241,228,266" oya="3" hai0="94,0,98,125,69,81,37,70,71,119,52,128,46" hai1="91,132,55,17,121,25,36,8,84,59,9,26,6" hai2="93,54,83,28,106,127,109,92,123,24,108,18,62" hai3="118,85,115,79,4,124,90,22,60,113,15,86,27"/><W68/><G118/><T56/><D0/><U97/><E36/><V7/><F106/><W80/><G124/><T82/><D119/><U111/><E111/><V87/><F127/><W13/><G68/><T20/><D128/><U50/><E132/><V101/><F123/><W1/><G1/><T39/><D125/><U112/><E121/><V14/><F7/><W19/><G60/><T122/><D122/><U114/><E97/><V66/><F54/><W134/><G134/><T53/><D53/><U41/><E41/><V61/><F61/><W29/><G4/><T133/><D133/><U47/><E59/><V130/><F130/><W99/><G99/><T104/><D104/><U120/><E120/><V129/><F129/><W51/><G51/><T103/><D20/><U95/><E25/><V57/><F101/><W30/><G15/><T31/><D31/><U88/><E91/><V78/><F108/><W48/><G48/><T44/><D44/><U76/><E76/><V10/><REACH who="2" step="1"/><F109/><REACH who="2" ten="265,241,218,266" step="2"/><W64/><G64/><T23/><D52/><U35/><E6/><V135/><F135/><W67/><G67/><T74/><D103/><U2/><E2/><V12/><F12/><W63/><G63/><T89/><D70/><U16/><E17/><V21/><AGARI ba="2,1" hai="10,14,18,21,24,28,57,62,66,78,83,87,92,93" machi="21" ten="20,5200,0" yaku="1,1,0,1,7,1,8,1,53,0" doraHai="110" doraHaiUra="40" who="2" fromWho="2" sc="265,-15,241,-15,218,68,266,-28" /><INIT seed="4,0,0,3,4,92" ten="250,226,286,238" oya="0" hai0="75,4,20,29,45,39,94,115,89,83,132,118,64" hai1="41,71,42,15,18,103,65,7,134,9,91,112,117" hai2="0,124,19,99,66,93,95,96,26,23,2,3,1" hai3="125,11,68,61,102,108,47,17,110,100,32,88,122"/><T111/><D118/><U97/><E117/><V106/><F0/><W53/><G32/><T8/><D115/><U84/><E134/><V10/><F124/><W129/><G125/><T69/><D132/><U85/><E112/><V35/><F35/><W22/><G122/><T25/><D64/><U31/><E31/><V119/><F119/><W51/><G129/><T56/><D56/><U87/><E91/><V74/><F74/><W38/><G11/><T105/><D105/><U90/><E90/><V12/><F66/><W52/><G38/><T63/><D63/><U80/><E80/><V82/><F82/><W5/><G5/><T48/><D69/><U44/><E44/><V73/><F73/><W62/><G68/><T36/><D111/><U86/><E7/><V54/><F54/><W49/><G108/><T43/><D83/><U78/><E78/><V135/><F135/><W109/><G110/><T101/><D101/><N who="3" m="39017" /><G109/><T55/><D43/><U46/><E46/><V40/><F40/><W77/><G77/><T76/><D76/><U127/><E127/><V81/><F81/><W104/><G104/><T30/><D75/><U98/><N who="1" m="21504" /><DORA hai="58" /><U67/><E67/><V14/><F106/><W16/><G88/><T107/><D107/><U27/><E103/><N who="2" m="60815" /><F10/><W34/><G34/><T21/><D94/><U120/><E71/><V128/><F128/><W130/><G130/><T70/><D70/><U50/><E9/><V126/><F126/><W123/><G123/><T33/><D89/><U24/><E120/><V131/><F131/><W116/><G116/><T113/><D33/><RYUUKYOKU ba="0,0" sc="250,-10,226,-10,286,30,238,-10" hai2="1,2,3,12,14,19,23,26,95,99" /><INIT seed="5,1,0,0,5,80" ten="240,216,316,228" oya="1" hai0="24,19,78,47,62,4,14,17,37,90,42,48,127" hai1="43,69,50,96,54,79,115,28,66,101,61,22,81" hai2="99,128,120,68,32,129,59,85,30,132,107,121,135" hai3="34,112,98,100,113,25,52,51,91,29,21,82,41"/><U88/><E115/><N who="3" m="44106" /><G41/><T26/><D127/><U1/><E1/><V131/><F68/><W92/><G82/><T57/><D19/><U134/><E134/><N who="2" m="51243" /><F59/><N who="3" m="33183" /><G100/><T114/><D4/><U49/><E43/><V87/><F30/><W72/><G72/><T58/><D58/><U110/><E110/><V31/><F31/><W39/><G39/><T33/><D33/><AGARI ba="1,0" hai="21,25,29,33,34,91,92,98" m="33183,44106" machi="33" ten="30,2000,0" yaku="15,1,54,1" doraHai="80" who="3" fromWho="0" sc="240,-23,216,0,316,0,228,23" /><INIT seed="6,0,0,1,3,17" ten="217,216,316,251" oya="2" hai0="43,11,88,103,95,60,71,35,69,8,104,70,39" hai1="84,72,54,57,28,30,19,126,25,79,15,120,98" hai2="119,12,114,129,85,6,87,76,37,33,67,56,47" hai3="20,0,63,58,48,40,1,34,18,106,82,75,109"/><V86/><F33/><W101/><G34/><T62/><D103/><U92/><E72/><V44/><F114/><W5/><G5/><T68/><D104/><U32/><E126/><V78/><F129/><W127/><G109/><T124/><D35/><U51/><E120/><V122/><F37/><W14/><G127/><T128/><D124/><U9/><E32/><V100/><F100/><W45/><G101/><T115/><D115/><U61/><E51/><V7/><F7/><W110/><G106/><T66/><D62/><U21/><E98/><V46/><F119/><W135/><G135/><T99/><REACH who="0" step="1"/><D128/><REACH who="0" ten="207,216,316,251" step="2"/><U117/><E117/><V123/><F123/><W55/><G110/><T22/><D22/><U36/><E36/><V94/><F122/><W29/><G63/><T10/><D10/><U3/><E3/><V50/><F94/><W52/><G0/><T113/><D113/><U105/><E105/><V121/><F121/><W13/><G1/><T102/><D102/><U16/><E92/><V74/><F50/><W133/><G133/><T26/><D26/><U31/><E31/><V42/><F78/><W107/><G29/><T27/><D27/><U81/><AGARI ba="0,1" hai="9,15,16,19,21,25,28,30,54,57,61,79,81,84" machi="81" ten="30,7900,0" yaku="0,1,8,1,52,1,54,1" doraHai="17" who="1" fromWho="1" sc="207,-20,216,89,316,-39,251,-20" /><INIT seed="7,0,0,5,0,52" ten="187,305,277,231" oya="3" hai0="127,101,117,106,79,57,65,50,132,47,59,70,112" hai1="40,58,1,66,110,126,72,90,64,3,54,12,7" hai2="20,26,41,51,63,37,5,93,44,91,33,83,43" hai3="128,103,0,74,99,13,34,69,92,76,16,28,46"/><W130/><G69/><T31/><D117/><U53/><E72/><V73/><F33/><W98/><G0/><T123/><D123/><U78/><E110/><V14/><F37/><W27/><G46/><T134/><D127/><U94/><E78/><V89/><F73/><W8/><G99/><N who="0" m="61759" /><D79/><U95/><E40/><V18/><F83/><W133/><G133/><N who="0" m="51307" /><D112/><U24/><E24/><V119/><F119/><W80/><AGARI ba="0,0" hai="8,13,16,27,28,34,74,76,80,92,98,103,128,130" machi="80" ten="30,3000,0" yaku="0,1,54,1" doraHai="52" who="3" fromWho="3" sc="187,-10,305,-10,277,-10,231,30" /><INIT seed="7,1,0,2,3,63" ten="177,295,267,261" oya="3" hai0="108,11,66,120,46,13,131,23,9,74,53,113,91" hai1="134,56,61,84,70,47,7,41,37,24,14,87,95" hai2="127,94,50,90,98,34,119,39,0,115,8,22,107" hai3="93,80,16,38,89,96,12,72,109,121,55,43,54"/><W114/><G121/><T123/><D108/><U20/><E134/><V48/><F34/><W58/><G109/><T75/><D75/><U27/><E70/><V52/><F39/><W49/><G38/><T10/><D74/><U86/><E95/><V6/><F119/><W51/><G43/><T67/><D123/><U1/><E1/><V128/><F115/><W126/><G114/><T97/><D131/><U28/><E27/><V26/><F127/><W44/><G126/><T117/><D117/><U78/><E7/><V68/><F107/><W17/><G72/><T103/><D120/><U73/><E73/><V32/><F32/><W65/><G65/><N who="0" m="24587" /><D103/><U102/><E14/><V77/><F77/><W125/><G125/><T69/><D69/><U129/><E102/><V100/><F100/><N who="3" m="60431" /><G12/><T2/><D2/><U45/><E129/><V118/><F68/><W116/><G116/><T15/><D23/><U5/><E78/><V29/><F118/><W59/><G44/><T85/><D97/><U104/><E104/><V132/><F132/><W135/><G135/><T133/><D133/><U21/><E20/><V106/><F106/><W124/><G124/><T42/><D42/><U33/><E21/><V31/><F128/><W57/><G57/><T105/><D105/><U88/><E56/><N who="2" m="32775" /><F31/><W111/><G111/><T30/><D30/><U79/><E28/><V122/><F122/><W76/><G76/><T3/><D3/><U81/><E79/><V101/><F101/><W40/><G40/><T64/><N who="0" m="24595" /><T112/><DORA hai="99" /><D112/><U35/><E41/><V82/><F0/><RYUUKYOKU ba="1,0" sc="177,-10,295,-10,267,-10,261,30" hai3="16,17,49,51,54,55,58,59,80,89" /><INIT seed="7,2,0,2,2,93" ten="167,285,257,291" oya="3" hai0="102,99,118,129,19,22,5,69,104,47,128,41,100" hai1="78,24,103,123,76,37,125,84,2,106,111,75,71" hai2="87,44,64,13,9,79,72,62,31,57,127,0,117" hai3="28,132,26,90,95,131,98,81,7,101,122,51,35"/><W92/><G122/><T40/><D118/><U133/><RYUUKYOKU type="yao9" ba="2,0" sc="167,0,285,0,257,0,291,0" hai1="2,24,37,71,75,76,78,84,103,106,111,123,125,133" /><INIT seed="7,3,0,5,2,122" ten="167,285,257,291" oya="3" hai0="128,61,29,16,79,36,113,23,112,74,26,56,13" hai1="47,42,10,60,17,63,114,50,53,11,116,90,1" hai2="65,43,46,19,9,18,104,62,73,103,126,66,119" hai3="76,89,135,57,102,95,45,87,20,123,8,22,52"/><W85/><G123/><T58/><D128/><U14/><E114/><N who="0" m="44137" /><D36/><U108/><E108/><V106/><F73/><W117/><G117/><T101/><D101/><U97/><E116/><V4/><F126/><W51/><G102/><T2/><D2/><U132/><E132/><V115/><F119/><W28/><G135/><T38/><D38/><U70/><E70/><V39/><F115/><W82/><G28/><T120/><D120/><U127/><E127/><V21/><F103/><W111/><G111/><T77/><D74/><U68/><E68/><V44/><F44/><W30/><G30/><T41/><D41/><U86/><E97/><V81/><F81/><W134/><G134/><T67/><D58/><U125/><E125/><V25/><F19/><W124/><G8/><AGARI ba="3,0" hai="8,13,16,23,26,29,56,61,67,77,79" m="44137" machi="8" ten="30,3900,0" yaku="15,1,11,1,54,1" doraHai="122" who="0" fromWho="3" sc="167,48,285,0,257,0,291,-48" /><INIT seed="8,0,0,3,3,98" ten="215,285,257,243" oya="0" hai0="117,108,3,44,92,135,77,97,76,134,6,106,15" hai1="50,94,67,4,41,83,84,7,17,22,35,33,55" hai2="36,70,66,93,123,11,42,82,124,132,25,56,87" hai3="48,130,10,46,125,90,37,34,12,110,75,122,74"/><T96/><D117/><U119/><E119/><V73/><F70/><W120/><G37/><T109/><D3/><U113/><E113/><V79/><F123/><N who="3" m="47147" /><G34/><T60/><D60/><U13/><E67/><V23/><F124/><W21/><G110/><N who="0" m="42603" /><D44/><U88/><E41/><V71/><F71/><W58/><G125/><T85/><D97/><N who="1" m="57543" /><E35/><V115/><F42/><N who="3" m="24663" /><G130/><T91/><D106/><U18/><E18/><V31/><F36/><W38/><G38/><T19/><D6/><U57/><E33/><V131/><F115/><W78/><G21/><N who="0" m="11519" /><D85/><U8/><E8/><V53/><F131/><W69/><G69/><T116/><D116/><U5/><E4/><V20/><F66/><W49/><G90/><AGARI ba="0,0" hai="5,7,13,17,22,50,55,57,83,84,90" m="57543" machi="90" ten="30,2000,0" yaku="8,1,54,1" doraHai="98" who="1" fromWho="3" sc="215,0,285,20,257,0,243,-20" owari="215,-28.0,305,40.0,257,6.0,223,-18.0" /></mjloggm>