<mjloggm ver="2.3"><GO type="97" lobby="0"/><UN n0="%E5%B0%B1%E6%B4%BB%E7%94%9F%40%E5%B7%9D%E6%9D%91%E8%BB%8D%E5%9B%A3" n1="%E3%81%97%E3%81%B0%E3%81%92%E3%81%A9" n2="%54%48%30%30%30" n3="%53%61%6D%33" dan="16,15,14,15" rate="2128.16,2018.33,1928.76,1974.86" sx="M,M,M,M"/><TAIKYOKU oya="0"/><INIT seed="0,0,0,2,4,58" ten="250,250,250,250" oya="0" hai0="114,134,79,45,60,28,119,0,59,91,93,46,44" hai1="98,24,48,5,51,128,68,132,27,115,74,125,19" hai2="54,73,65,133,23,127,14,90,84,38,53,37,124" hai3="85,18,13,8,30,131,94,26,50,7,56,63,112"/><T52/><D0/><U41/><E74/><V113/><F73/><W61/><G131/><T117/><D114/><U67/><E115/><V76/><F133/><W6/><G112/><T120/><D120/><U129/><E5/><V101/><F76/><W97/><G85/><T2/><D2/><U34/><E132/><V87/><F65/><W69/><G69/><T100/><D134/><U15/><E125/><N who="2" m="48203" /><F101/><W78/><G78/><T3/><D3/><U102/><E41/><V35/><F35/><W103/><G6/><T122/><D122/><U135/><E135/><V47/><F84/><W99/><G7/><T4/><D4/><U55/><E15/><V57/><F113/><W106/><G56/><T10/><D10/><U116/><E116/><V66/><F47/><W77/><G77/><T43/><D43/><U72/><E72/><V123/><F123/><W21/><REACH who="3" step="1"/><G50/><REACH who="3" ten="250,250,250,240" step="2"/><T70/><D79/><U32/><E48/><V86/><F86/><W118/><G118/><T109/><D70/><U62/><E129/><V25/><F38/><W22/><G22/><T95/><D117/><U75/><E128/><V81/><F37/><W11/><G11/><T1/><D119/><U83/><E75/><V80/><F80/><W33/><G33/><T36/><D36/><U121/><E83/><V12/><F57/><W96/><G96/><N who="0" m="59407" /><D1/><U111/><E121/><V9/><F9/><W49/><G49/><T130/><D130/><U108/><E34/><V39/><F39/><W89/><AGARI ba="0,1" hai="8,13,18,21,26,30,61,63,89,94,97,99,103,106" machi="89" ten="20,8000,1" yaku="1,1,0,1,7,1,52,2,53,0" doraHai="58" doraHaiUra="126" who="3" fromWho="3" sc="250,-40,250,-20,250,-20,240,90" /><INIT seed="1,0,0,2,5,15" ten="210,230,230,330" oya="1" hai0="43,58,101,97,21,61,76,91,133,95,105,106,121" hai1="36,98,25,87,13,83,131,6,94,103,71,37,44" hai2="7,123,14,64,70,108,42,130,20,22,107,10,55" hai3="66,74,26,102,29,68,27,132,85,67,62,112,51"/><U126/><E71/><V77/><F107/><W54/><G74/><T28/><D133/><U39/><E131/><V3/><F123/><W72/><G72/><T124/><D124/><U46/><E126/><V117/><F117/><W90/><G112/><T2/><D2/><U53/><E25/><V47/><F108/><W50/><G102/><T65/><D121/><U129/><E129/><V45/><F77/><W38/><G38/><T118/><D118/><U49/><E46/><V116/><F116/><W113/><G113/><T110/><D110/><U127/><E127/><V122/><F122/><W134/><G67/><T111/><D111/><U56/><E56/><V135/><F135/><N who="3" m="51755" /><G54/><T86/><D43/><U59/><E59/><V16/><F55/><W79/><G79/><T52/><D76/><U104/><E104/><V4/><F130/><W125/><G125/><T48/><D48/><N who="3" m="18473" /><G29/><T84/><D52/><U99/><E98/><V115/><F115/><W128/><G128/><T12/><D86/><U35/><E35/><V114/><F114/><W31/><G31/><T69/><D69/><U80/><REACH who="1" step="1"/><E87/><REACH who="1" ten="210,220,230,330" step="2"/><V92/><F47/><W33/><G33/><T82/><D28/><U120/><E120/><V63/><F45/><W18/><G27/><T0/><D0/><U9/><AGARI ba="0,1" hai="6,9,13,36,37,39,44,49,53,80,83,94,99,103" machi="9" ten="40,3900,0" yaku="1,1,0,1,53,0" doraHai="15" doraHaiUra="23" who="1" fromWho="1" sc="210,-13,220,49,230,-13,330,-13" /><INIT seed="1,1,0,3,5,66" ten="197,269,217,317" oya="1" hai0="54,30,6,33,97,25,95,21,39,100,69,36,128" hai1="51,38,112,62,107,70,13,40,125,81,43,14,74" hai2="113,18,122,56,131,59,64,19,89,23,57,12,96" hai3="37,52,72,15,114,16,26,83,41,104,42,61,102"/><U79/><E112/><V134/><F122/><W71/><G114/><T1/><D128/><U120/><E120/><V106/><F131/><W87/><G72/><T0/><D69/><U67/><E125/><V35/><F35/><W20/><G104/><T4/><D33/><U28/><E28/><V94/><F134/><W92/><G37/><T85/><D85/><U48/><E107/><V49/><F106/><W11/><G92/><T3/><D6/><U109/><E109/><V88/><F19/><W60/><G71/><T9/><REACH who="0" step="1"/><D54/><REACH who="0" ten="187,269,217,317" step="2"/><U123/><E123/><V129/><F129/><W124/><G52/><T32/><D32/><U75/><E74/><V110/><F113/><W108/><G87/><T31/><D31/><U65/><E67/><V116/><F110/><W27/><G108/><T126/><D126/><U50/><REACH who="1" step="1"/><E38/><AGARI ba="1,1" hai="0,1,3,4,9,21,25,30,36,38,39,95,97,100" machi="38" ten="40,1300,0" yaku="1,1,53,0" doraHai="66" doraHaiUra="132" who="0" fromWho="1" sc="187,26,269,-16,217,0,317,0" /><INIT seed="2,0,0,3,3,110" ten="213,253,217,317" oya="2" hai0="16,58,92,119,59,114,61,13,23,38,64,87,123" hai1="26,120,111,3,82,68,41,117,31,113,101,55,5" hai2="19,132,104,24,6,22,135,34,75,88,30,130,80" hai3="70,40,102,71,9,43,134,84,21,76,122,11,0"/><V12/><F104/><W52/><G122/><T112/><D123/><U129/><E68/><V90/><F130/><W66/><G102/><T33/><D38/><U48/><E117/><V96/><F96/><W2/><G21/><T86/><D33/><U27/><E120/><V108/><F108/><W15/><G76/><T107/><D107/><U103/><E111/><V65/><F65/><W98/><G98/><T17/><D119/><U57/><E41/><V105/><F105/><W85/><G15/><T4/><D4/><U63/><E129/><V47/><F47/><W89/><G89/><T99/><D17/><U100/><E113/><V124/><F124/><W50/><G50/><T44/><D44/><U45/><E82/><V121/><F121/><W7/><G66/><T8/><D8/><U54/><E3/><V93/><F93/><W106/><G106/><T91/><REACH who="0" step="1"/><D58/><REACH who="0" ten="203,253,217,317" step="2"/><U127/><E127/><V20/><F6/><W115/><G7/><T116/><D116/><U133/><E5/><V62/><F62/><W42/><BYE who="2" /><G2/><T126/><D126/><U56/><E133/><V49/><F49/><W94/><G0/><T109/><D109/><U73/><E73/><V128/><F128/><W69/><G134/><T32/><D32/><U97/><E31/><V78/><F78/><W35/><G35/><T28/><D28/><U14/><E14/><V95/><F95/><W46/><G94/><T79/><D79/><U72/><E72/><V36/><F36/><W18/><G18/><T1/><D1/><U53/><E97/><V51/><F51/><AGARI ba="0,1" hai="26,27,45,48,51,53,54,55,56,57,63,100,101,103" machi="51" ten="40,1300,0" yaku="8,1" doraHai="110" who="1" fromWho="2" sc="203,0,253,23,217,-13,317,0" /><INIT seed="3,0,0,0,1,93" ten="203,276,204,317" oya="3" hai0="96,75,8,105,31,92,116,35,26,1,125,83,48" hai1="84,128,119,23,29,55,110,47,94,113,13,24,46" hai2="30,120,81,28,91,112,34,79,53,17,95,50,20" hai3="103,78,2,49,102,64,135,126,43,101,104,32,60"/><W41/><G2/><T122/><D116/><U89/><E113/><V9/><F9/><W99/><G135/><T63/><D105/><U10/><E110/><V87/><F87/><W134/><G134/><T56/><D122/><U22/><E128/><UN n2="%54%48%30%30%30" /><V5/><F120/><W123/><G123/><T21/><D125/><U0/><E119/><V88/><F112/><W117/><G117/><T25/><D1/><U14/><E0/><V97/><F5/><W98/><G126/><T27/><D8/><U61/><E22/><V33/><F91/><W73/><G32/><T40/><D35/><U36/><E36/><V86/><F34/><W71/><G49/><T114/><D114/><U107/><E107/><V42/><F42/><W76/><G102/><N who="0" m="60679" /><D83/><U65/><E55/><V131/><F33/><W80/><G78/><T51/><D75/><U90/><E89/><V70/><F70/><W57/><G71/><T12/><D40/><U54/><E54/><V44/><F131/><W45/><G45/><T19/><D31/><U11/><E11/><V124/><F124/><W59/><G57/><T133/><D133/><U132/><E132/><V108/><F108/><W130/><G130/><T37/><D37/><U106/><E106/><AGARI ba="0,0" hai="41,43,59,60,64,73,76,80,98,99,101,103,104,106" machi="106" ten="30,11600,0" yaku="7,1,9,1,52,2" doraHai="93" who="3" fromWho="1" sc="203,0,276,-116,204,0,317,116" owari="203,-20.0,160,-34.0,204,0.0,433,54.0" /></mjloggm>