<mjloggm ver="2.3"><GO type="225" lobby="0"/><UN n0="%E3%82%B4%E3%83%9F%E3%82%AF%E3%82%BA%E4%B8%83%E6%AE%B5" n1="%E3%82%A6%E3%83%AB%E3%83%88%E3%83%A9%E7%AB%8B%E7%9B%B4" n2="%E3%82%8A%E3%82%81%E3%82%8D" n3="%E3%81%BD%E3%83%BC%E3%82%93%64%65%E3%83%AA%E3%83%B3%E3%82%B0" dan="16,17,16,17" rate="2180.59,2158.89,2163.08,2230.13" sx="F,M,M,M"/><TAIKYOKU oya="0"/><INIT seed="0,0,0,5,1,10" ten="250,250,250,250" oya="0" hai0="78,40,101,127,4,43,122,94,58,17,34,30,72" hai1="88,134,75,41,71,77,13,1,108,26,106,82,117" hai2="76,126,39,24,89,90,48,96,19,5,12,36,66" hai3="18,92,95,116,105,133,67,0,86,59,3,37,99"/><T128/><D122/><U131/><E1/><V22/><F66/><W49/><G116/><T91/><D127/><U70/><E117/><V29/><F126/><W42/><G37/><T44/><D128/><U46/><E106/><V103/><F76/><W21/><G105/><T32/><D101/><U120/><E120/><V113/><F113/><W8/><G133/><T109/><D109/><U80/><E134/><V130/><F130/><W84/><G3/><T54/><D4/><U11/><E26/><V62/><F62/><N who="3" m="38367" /><G8/><T68/><D68/><U31/><E31/><V111/><F111/><W65/><G65/><T114/><D114/><U110/><E131/><V79/><F79/><W52/><G42/><T7/><D7/><U45/><E110/><V53/><F36/><W64/><G64/><T16/><D78/><U73/><E108/><V129/><F39/><W33/><G33/><T135/><D72/><U119/><E119/><V132/><F5/><W83/><G83/><T61/><D135/><U60/><E60/><V100/><F129/><W69/><G0/><T97/><D43/><U104/><E104/><N who="2" m="63495" /><F103/><N who="3" m="60903" /><G95/><T115/><D115/><U20/><E73/><V14/><F132/><W28/><G28/><T50/><REACH who="0" step="1"/><D30/><REACH who="0" ten="240,250,250,250" step="2"/><U2/><E71/><V23/><F29/><W25/><G69/><T47/><D47/><AGARI ba="0,1" hai="18,21,25,47,49,52,84,86" m="60903,38367" machi="47" ten="30,2000,0" yaku="8,1,54,1" doraHai="10" who="3" fromWho="0" sc="240,-20,250,0,250,0,250,30" /><INIT seed="1,0,0,0,3,4" ten="220,250,250,280" oya="1" hai0="64,14,108,37,13,39,29,23,46,78,121,105,35" hai1="124,25,55,24,17,34,132,97,93,88,65,114,42" hai2="49,41,5,53,92,48,72,73,27,2,44,129,28" hai3="116,86,71,117,57,9,96,135,68,126,94,20,40"/><U50/><E114/><V21/><F129/><W100/><G135/><T98/><D108/><U22/><E132/><V77/><F77/><W103/><G40/><T8/><D121/><U63/><E124/><V90/><F5/><W11/><G126/><T12/><D64/><U115/><E42/><V79/><F79/><W47/><G47/><T16/><D78/><U81/><E81/><V31/><F2/><W36/><G36/><T107/><D46/><U1/><E1/><V83/><F83/><W113/><G113/><T125/><D125/><U120/><E120/><V119/><F119/><N who="3" m="45643" /><G86/><T54/><D54/><U62/><E115/><V84/><F31/><W26/><G57/><AGARI ba="0,0" hai="21,27,28,41,44,48,49,53,57,72,73,84,90,92" machi="57" ten="30,1000,0" yaku="7,1" doraHai="4" who="2" fromWho="3" sc="220,0,250,0,250,10,280,-10" /><INIT seed="2,0,0,1,1,14" ten="220,250,260,270" oya="2" hai0="130,56,12,106,4,109,13,90,117,129,120,135,66" hai1="38,10,1,112,57,70,32,59,89,46,58,7,62" hai2="45,53,44,80,93,86,111,73,47,92,71,110,17" hai3="104,0,95,77,48,20,3,64,51,35,60,37,83"/><V102/><F71/><W19/><G37/><T122/><D120/><U34/><E112/><V121/><F73/><W69/><G104/><T27/><D122/><U24/><E24/><V65/><F65/><W108/><G35/><T74/><D109/><N who="2" m="41482" /><F102/><W54/><G95/><N who="2" m="36425" /><F121/><W8/><G108/><T72/><D135/><U131/><E131/><N who="0" m="50185" /><D117/><U63/><E89/><N who="2" m="51399" /><F17/><W22/><G19/><T84/><D106/><U33/><E70/><V99/><F99/><W49/><G64/><T36/><D27/><U28/><E28/><V15/><F15/><N who="0" m="5706" /><D4/><U132/><E132/><V6/><F6/><W97/><G97/><T30/><D30/><U133/><E133/><V82/><F82/><W98/><G98/><T128/><N who="0" m="50193" /><T79/><DORA hai="105" /><D79/><U94/><E94/><V88/><F88/><W114/><G83/><N who="0" m="49439" /><D36/><U91/><E91/><V75/><F75/><N who="0" m="28714" /><D66/><U76/><E76/><V127/><F127/><W23/><G77/><T18/><D18/><U113/><E113/><V68/><F68/><W96/><G114/><T42/><D42/><U2/><E38/><V43/><F43/><W134/><G96/><T29/><D29/><U55/><E7/><V87/><F87/><W9/><G134/><T16/><D16/><U5/><E5/><V115/><F115/><W100/><G69/><T67/><D67/><U41/><E41/><V50/><AGARI ba="0,0" hai="44,45,47,50,53" m="51399,36425,41482" machi="50" ten="30,3000,0" yaku="14,1,10,1" doraHai="14,105" who="2" fromWho="2" sc="220,-10,250,-10,260,30,270,-10" /><INIT seed="2,1,0,1,5,85" ten="210,240,290,260" oya="2" hai0="90,3,65,99,121,124,125,14,24,45,53,38,47" hai1="111,34,93,133,67,35,88,108,101,84,5,40,98" hai2="46,71,56,11,135,117,79,37,105,83,51,95,48" hai3="64,4,73,19,52,122,29,120,86,63,50,68,77"/><V0/><F105/><W49/><G73/><T75/><D121/><U69/><E5/><V74/><F71/><W32/><G4/><T9/><D3/><U36/><E133/><V15/><F135/><W119/><G119/><T43/><D75/><U8/><E8/><V115/><F115/><W41/><G29/><T89/><D65/><U66/><E40/><V58/><F0/><W112/><G32/><N who="1" m="12330" /><E36/><V126/><F126/><N who="0" m="48746" /><D24/><U17/><E17/><V113/><F37/><W57/><G112/><T6/><D99/><U131/><E69/><V10/><F10/><W25/><G25/><T27/><D27/><U12/><E12/><V62/><F15/><W128/><G19/><T91/><D47/><U16/><E16/><V127/><F46/><N who="3" m="25807" /><G86/><T100/><D53/><U26/><E26/><V80/><F74/><W106/><G106/><T97/><D97/><U61/><E61/><V21/><F127/><W76/><G76/><T107/><D107/><N who="1" m="63927" /><E131/><V102/><F62/><N who="3" m="39959" /><G77/><T31/><D31/><U123/><E123/><N who="3" m="47146" /><G128/><T44/><D44/><U82/><E66/><V130/><F79/><W72/><G72/><T42/><D42/><U87/><E67/><V78/><F130/><W39/><G39/><T114/><D114/><U134/><E134/><V129/><F78/><W13/><G13/><T110/><D110/><N who="1" m="42027" /><E87/><V30/><F129/><W103/><G63/><T33/><D33/><U54/><E54/><V60/><F113/><W2/><G2/><T70/><D70/><U94/><AGARI ba="1,0" hai="82,84,88,93,94" m="42027,63927,12330" machi="94" ten="40,5200,0" yaku="14,1,52,1,54,1" doraHai="85" who="1" fromWho="1" sc="210,-14,240,55,290,-27,260,-14" /><INIT seed="3,0,0,0,2,91" ten="196,295,263,246" oya="3" hai0="105,7,103,88,58,121,61,33,112,110,17,54,135" hai1="1,16,118,114,70,52,14,55,76,28,75,11,106" hai2="132,47,82,50,49,108,18,80,34,111,6,38,67" hai3="51,77,128,115,116,37,68,57,46,124,62,45,65"/><W87/><G116/><T129/><D121/><U134/><E106/><V79/><F34/><W126/><G77/><T59/><D33/><U99/><E70/><V20/><F38/><W102/><G102/><T36/><D110/><N who="2" m="42026" /><F67/><W93/><G115/><T83/><D135/><U123/><E123/><V4/><F80/><W72/><G72/><T40/><D129/><U74/><E114/><V120/><F132/><W48/><G93/><T10/><D112/><U35/><E134/><V101/><F101/><W78/><G87/><T104/><D17/><U53/><E76/><V117/><F117/><W24/><G24/><T89/><D59/><U81/><E81/><V100/><F100/><W127/><G78/><T113/><D113/><U125/><E99/><V39/><F39/><W133/><G133/><T42/><D42/><U21/><E125/><V44/><F44/><N who="3" m="17003" /><G37/><T27/><D40/><U29/><E118/><V96/><F96/><W19/><G19/><T71/><D36/><U13/><E29/><V41/><F50/><N who="3" m="18987" /><G128/><T15/><D103/><U97/><E97/><V109/><F120/><W130/><G130/><T73/><D27/><N who="1" m="18847" /><E14/><N who="2" m="9303" /><F109/><W31/><G31/><T64/><D89/><U22/><E22/><V9/><F9/><W69/><AGARI ba="0,0" hai="57,62,65,68,69,124,126,127" m="18987,17003" machi="69" ten="40,7800,0" yaku="18,1,34,2" doraHai="91" who="3" fromWho="3" sc="196,-26,295,-26,263,-26,246,78" owari="170,-33.0,269,7.0,237,-16.0,324,42.0" /></mjloggm>