<mjloggm ver="2.3"><GO type="169" lobby="0"/><UN n0="%47%61%72%61%6B" n1="%68%72%6B%69%6E%67" n2="%E3%82%B3%E3%83%BC%E3%83%A9%E4%B8%8B%E3%81%95%E3%81%84" n3="%E3%82%A6%E3%83%AB%E3%83%88%E3%83%A9%E7%AB%8B%E7%9B%B4" dan="16,16,18,17" rate="2128.92,2147.56,2214.31,2224.97" sx="M,M,M,M"/><TAIKYOKU oya="0"/><INIT seed="0,0,0,0,3,3" ten="250,250,250,250" oya="0" hai0="15,53,111,42,102,81,104,96,48,94,51,23,80" hai1="109,11,72,93,118,29,65,9,60,56,121,32,133" hai2="130,90,33,74,35,44,57,132,34,106,59,67,77" hai3="116,0,18,114,4,73,49,91,68,129,135,87,20"/><T92/><D111/><U63/><E109/><V127/><F106/><W115/><G73/><T24/><D104/><U107/><E107/><V131/><F127/><W117/><G68/><T45/><D94/><U126/><E126/><V78/><F132/><W105/><G105/><T14/><D81/><U6/><E121/><V85/><F44/><W47/><G135/><T82/><D82/><U62/><E133/><V38/><F38/><W61/><G61/><T7/><D80/><U5/><E118/><V99/><F99/><W95/><G129/><N who="2" m="49161" /><F74/><W110/><G110/><T1/><D1/><U108/><E108/><V16/><F16/><W46/><G46/><N who="0" m="27895" /><D7/><N who="1" m="2571" /><E32/><V41/><F41/><W113/><G4/><T58/><D58/><N who="2" m="22026" /><F67/><W88/><G0/><T124/><D124/><U22/><E72/><V64/><F64/><W70/><G116/><T120/><D120/><U86/><E56/><V125/><F125/><W31/><G117/><T2/><D2/><U26/><E65/><V100/><F100/><W43/><G115/><T50/><D50/><U36/><E36/><V40/><F40/><W89/><G114/><T13/><D13/><U8/><E8/><V103/><F103/><W39/><G39/><T101/><D101/><U12/><E12/><V69/><F69/><W25/><G70/><T76/><D76/><U55/><E55/><V112/><F112/><W71/><G71/><T54/><D54/><U66/><E66/><V134/><F134/><W97/><G113/><T10/><D10/><U122/><E122/><V75/><F75/><W21/><G97/><T128/><D128/><RYUUKYOKU ba="0,0" sc="250,0,250,0,250,0,250,0" hai0="14,15,23,24,42,45,48,92,96,102" hai1="9,11,22,26,29,60,62,63,86,93" hai2="33,34,35,77,78,85,90" hai3="18,20,21,25,31,43,47,49,87,88,89,91,95" /><INIT seed="0,1,0,3,3,65" ten="250,250,250,250" oya="0" hai0="97,43,2,35,55,110,38,26,41,22,119,20,60" hai1="45,94,3,14,27,29,40,68,11,82,15,42,63" hai2="130,121,89,19,61,34,44,100,6,4,24,50,8" hai3="118,18,115,90,76,102,105,74,59,112,85,92,70"/><T39/><D119/><U111/><E111/><V122/><F100/><W95/><G59/><T99/><D2/><U134/><E134/><V66/><F130/><W49/><G49/><T79/><D110/><U31/><E82/><V5/><F89/><W33/><G18/><T135/><D135/><U17/><E3/><V120/><F34/><W56/><G56/><T93/><D79/><U58/><E68/><V46/><F24/><W53/><G53/><T13/><D35/><U96/><E15/><V129/><F129/><W36/><G70/><T128/><D128/><U132/><E132/><V123/><F123/><W72/><G36/><T57/><D93/><U116/><E116/><V67/><F50/><W71/><G71/><T77/><D77/><U1/><E1/><V16/><F8/><W114/><G33/><T107/><D107/><U64/><E45/><N who="2" m="17515" /><F61/><W25/><G25/><T126/><D38/><U32/><E31/><V47/><N who="2" m="17523" /><V125/><DORA hai="80" /><F125/><W133/><G133/><T10/><D126/><U30/><REACH who="1" step="1"/><E30/><REACH who="1" ten="250,240,250,250" step="2"/><V78/><F78/><W117/><G76/><T51/><D39/><U86/><E86/><V28/><F28/><W83/><G118/><T98/><D13/><U106/><E106/><V9/><F9/><W101/><G117/><T75/><D10/><U54/><E54/><V7/><N who="2" m="1024" /><DORA hai="109" /><V131/><F131/><W108/><G105/><T48/><D75/><N who="3" m="28713" /><G108/><T103/><D55/><U62/><E62/><V52/><F52/><W81/><G81/><T127/><D127/><U91/><AGARI ba="1,1" hai="11,14,17,27,29,32,40,42,58,63,64,91,94,96" machi="91" ten="20,8000,1" yaku="1,1,0,1,7,1,53,2" doraHai="65,80,109" doraHaiUra="124,87,21" who="1" fromWho="1" sc="250,-41,240,93,250,-21,250,-21" /><INIT seed="1,0,0,4,3,96" ten="209,333,229,229" oya="1" hai0="82,8,10,49,30,104,51,46,68,107,9,15,69" hai1="121,84,54,110,2,122,41,4,28,47,57,26,29" hai2="123,48,116,77,97,7,73,120,125,63,58,105,109" hai3="134,12,95,111,33,43,3,80,112,66,56,21,126"/><U78/><E110/><V100/><F116/><W79/><G33/><T93/><D30/><U5/><E78/><V132/><F109/><W50/><G3/><T64/><D82/><U27/><E84/><V113/><F125/><W88/><G126/><T115/><D115/><U106/><E106/><V131/><F7/><W11/><G134/><T102/><D15/><U99/><E99/><V44/><F132/><W19/><G111/><T103/><D64/><U20/><E54/><V55/><F131/><W62/><G112/><T34/><D93/><U18/><E57/><V91/><F113/><W38/><G38/><T59/><D59/><U114/><E114/><V117/><F117/><W71/><G71/><N who="0" m="27211" /><D46/><U127/><E127/><V101/><F91/><W133/><G133/><T14/><D14/><U90/><E90/><V108/><F108/><W35/><G35/><T22/><D22/><N who="1" m="15479" /><E41/><V6/><F6/><N who="1" m="2665" /><E47/><V70/><F100/><N who="0" m="38442" /><D34/><N who="1" m="20791" /><E2/><V16/><F70/><W87/><G43/><T23/><D23/><U1/><E1/><V81/><F120/><W85/><G21/><T119/><D119/><U135/><E135/><V17/><REACH who="2" step="1"/><F123/><REACH who="2" ten="209,333,219,229" step="2"/><W76/><G76/><T31/><D31/><U83/><E122/><V74/><F74/><W53/><G66/><AGARI ba="0,1" hai="16,17,44,48,55,58,63,66,73,77,81,97,101,105" machi="66" ten="30,8000,1" yaku="1,1,7,1,52,1,54,1,53,1" doraHai="96" doraHaiUra="98" who="2" fromWho="3" sc="209,0,333,0,219,90,229,-80" /><INIT seed="2,0,0,4,3,71" ten="209,333,309,149" oya="2" hai0="91,98,26,62,120,93,33,115,13,101,74,104,34" hai1="105,39,134,3,22,77,90,0,28,132,66,109,103" hai2="126,17,59,36,127,116,65,133,14,135,54,1,20" hai3="76,122,25,8,70,27,69,55,73,117,52,96,6"/><V2/><F65/><W53/><G117/><T41/><D115/><U12/><E77/><V42/><F116/><W45/><G122/><T11/><D26/><U10/><E66/><V57/><F57/><W63/><G70/><T123/><D62/><U89/><E109/><V87/><F87/><W112/><G112/><T81/><D41/><U35/><E35/><V119/><F119/><W78/><G69/><T92/><D33/><U44/><E103/><V23/><F23/><W102/><G63/><T16/><D34/><U121/><E105/><V68/><F68/><W114/><G114/><T129/><D129/><U61/><E61/><V128/><F128/><W83/><G76/><N who="0" m="44183" /><D93/><U100/><E100/><V46/><F59/><W64/><G64/><T99/><D99/><U88/><E121/><V30/><F30/><W51/><G27/><T67/><D67/><U108/><E108/><V131/><F54/><W94/><REACH who="3" step="1"/><G25/><REACH who="3" ten="209,333,309,139" step="2"/><T125/><D120/><U50/><E28/><V49/><F131/><W43/><G43/><T21/><D123/><U9/><E0/><AGARI ba="0,1" hai="0,6,8,45,51,52,53,55,73,78,83,94,96,102" machi="0" ten="30,3900,0" yaku="1,1,7,1,54,1,53,0" doraHai="71" doraHaiUra="85" who="3" fromWho="1" sc="209,0,333,-39,309,0,139,49" /><INIT seed="3,0,0,0,5,36" ten="209,294,309,188" oya="3" hai0="55,80,131,88,26,104,115,22,105,97,30,65,119" hai1="117,133,21,1,32,29,107,74,79,89,43,15,122" hai2="20,24,40,134,14,87,98,54,68,94,48,77,93" hai3="25,34,123,13,64,124,38,41,121,92,37,132,42"/><W60/><G34/><T129/><D119/><U17/><E122/><N who="3" m="46602" /><G25/><T69/><D115/><U85/><E117/><V49/><F134/><W120/><N who="3" m="46610" /><W86/><DORA hai="83" /><G13/><T135/><D135/><U31/><E133/><V73/><F68/><N who="3" m="41991" /><G86/><N who="0" m="50247" /><D55/><U76/><E107/><V4/><F73/><W52/><G92/><T12/><D97/><U118/><E118/><V125/><F125/><W46/><G132/><T110/><D12/><U35/><E1/><V126/><F126/><W84/><G84/><T50/><D50/><U108/><E74/><V91/><F14/><W95/><G95/><T3/><D3/><U127/><E127/><V28/><F4/><W2/><G2/><T90/><D90/><U19/><E15/><V71/><F71/><W109/><G124/><T18/><D18/><U116/><E116/><V111/><F77/><W6/><G6/><T99/><D99/><U75/><E75/><V44/><F94/><W70/><G70/><T128/><D104/><U114/><E114/><V63/><F98/><W101/><G101/><T61/><D105/><U81/><E89/><V0/><F0/><W100/><G100/><T23/><D23/><U106/><E106/><V130/><F20/><W33/><G33/><T56/><D69/><U5/><E5/><V10/><F93/><W66/><G66/><T8/><D8/><U16/><E81/><V112/><F10/><W102/><G102/><T72/><D72/><U27/><E21/><V45/><F112/><W11/><G11/><T9/><D9/><U78/><E78/><V51/><F91/><W62/><G109/><AGARI ba="0,0" hai="22,26,30,56,61,65,109,110,128,129,131" m="50247" machi="109" ten="40,8000,1" yaku="6,1,19,1,52,1,54,1" doraHai="36,83" who="0" fromWho="3" sc="209,80,294,0,309,0,188,-80" /><INIT seed="4,0,0,0,5,121" ten="289,294,309,108" oya="0" hai0="1,40,41,22,67,81,70,128,55,66,133,116,48" hai1="85,69,135,33,120,44,6,102,130,124,50,96,9" hai2="76,61,71,106,109,68,12,113,125,84,62,72,79" hai3="43,78,2,111,97,11,15,82,73,57,38,20,105"/><T115/><D1/><U107/><E120/><V123/><F123/><W92/><G111/><T91/><D116/><U7/><E33/><V65/><F106/><W4/><G105/><T94/><D81/><U77/><E124/><V100/><F100/><W29/><G57/><T3/><D3/><U112/><E69/><V119/><F125/><W52/><G52/><T132/><D115/><U122/><E122/><V24/><F72/><W88/><G29/><T134/><D22/><U25/><E25/><V86/><F12/><W101/><G20/><T93/><D93/><U37/><E37/><V131/><F24/><W31/><G31/><T64/><D128/><U8/><E130/><V23/><F23/><W126/><G126/><T56/><REACH who="0" step="1"/><D70/><REACH who="0" ten="279,294,309,108" step="2"/><U19/><E112/><V103/><F113/><W27/><G27/><T95/><D95/><U118/><E118/><V63/><F131/><W60/><G15/><T47/><D47/><U104/><E104/><V39/><F119/><W117/><G117/><T16/><D16/><U90/><E19/><V36/><F71/><W13/><G13/><T5/><D5/><U21/><E7/><V98/><F68/><W99/><G99/><AGARI ba="0,1" hai="40,41,48,55,56,64,66,67,91,94,99,132,133,134" machi="99" ten="50,4800,0" yaku="1,1,20,1,53,0" doraHai="121" doraHaiUra="35" who="0" fromWho="3" sc="279,58,294,0,309,0,108,-48" /><INIT seed="4,1,0,1,1,38" ten="337,294,309,60" oya="0" hai0="104,121,81,113,8,19,101,95,23,78,85,4,92" hai1="16,29,3,30,110,89,123,49,6,62,131,133,118" hai2="124,63,34,70,50,88,82,99,21,37,60,79,126" hai3="9,107,102,65,72,11,66,74,83,115,35,31,86"/><T71/><D121/><U26/><E123/><V87/><F34/><W96/><G115/><T17/><D71/><U14/><E110/><V20/><F37/><W27/><G11/><T47/><D113/><U51/><E118/><V33/><F33/><W116/><G116/><T119/><D119/><U1/><E133/><V69/><F50/><W41/><G9/><T120/><D120/><U93/><E131/><V56/><F63/><W130/><G130/><T100/><D23/><N who="2" m="8778" /><F99/><W97/><G97/><T77/><D104/><U129/><E129/><V76/><F76/><W52/><G66/><T73/><D73/><U18/><E62/><V106/><F79/><W134/><G134/><T54/><D78/><U0/><E26/><V22/><F22/><W105/><G105/><T112/><D112/><U36/><E36/><V44/><F44/><W108/><G108/><T58/><D47/><U64/><E64/><N who="2" m="38919" /><F106/><W127/><G127/><AGARI ba="1,0" hai="69,70,82,87,88,124,126,127" m="38919,8778" machi="127" ten="30,2000,0" yaku="18,1,54,1" doraHai="38" who="2" fromWho="3" sc="337,0,294,0,309,23,60,-23" /><INIT seed="5,0,0,2,2,121" ten="337,294,332,37" oya="1" hai0="3,135,63,34,16,66,43,31,86,85,11,99,116" hai1="19,56,120,123,24,83,101,88,115,117,67,23,2" hai2="9,76,79,70,54,84,75,105,55,1,10,45,50" hai3="127,42,49,106,89,103,61,47,8,58,125,15,87"/><U18/><E117/><V74/><F105/><W30/><G30/><T72/><D72/><U124/><E2/><V44/><F70/><W131/><G131/><T97/><D43/><U90/><E124/><V104/><F104/><W111/><G103/><T5/><D135/><U20/><E115/><V25/><F25/><W118/><G106/><T81/><D86/><U57/><E101/><V80/><F1/><W28/><G28/><T32/><D32/><U13/><E83/><V109/><F84/><W68/><G68/><T77/><D116/><U126/><E126/><V62/><F62/><W36/><G36/><T132/><D132/><U52/><E67/><V91/><F91/><W128/><G128/><T100/><D100/><U46/><E46/><V78/><F109/><W119/><G118/><T69/><REACH who="0" step="1"/><D16/><REACH who="0" ten="327,294,332,37" step="2"/><U73/><E73/><V48/><F76/><W112/><G119/><T38/><D38/><U33/><E33/><V41/><F41/><W7/><G112/><T21/><D21/><U60/><REACH who="1" step="1"/><E57/><REACH who="1" ten="327,284,332,37" step="2"/><V113/><F113/><W82/><REACH who="3" step="1"/><G111/><REACH who="3" ten="327,284,332,27" step="2"/><T102/><D102/><U27/><E27/><AGARI ba="0,3" hai="3,5,11,27,31,34,63,66,69,77,81,85,97,99" machi="27" ten="40,1300,0" yaku="1,1,53,0" doraHai="121" doraHaiUra="134" who="0" fromWho="1" sc="327,43,284,-13,332,0,27,0" /><INIT seed="6,0,0,2,3,72" ten="370,271,332,27" oya="2" hai0="135,108,18,122,43,124,24,33,40,125,109,28,114" hai1="42,4,36,110,6,16,92,64,66,89,118,1,21" hai2="115,82,55,15,102,112,7,34,131,83,56,133,111" hai3="23,38,54,17,75,63,120,76,52,31,105,57,53"/><V88/><F34/><W3/><G120/><T0/><D114/><N who="2" m="43562" /><F131/><W94/><G105/><T74/><D135/><U20/><E110/><V97/><F111/><W86/><G38/><T107/><D107/><U22/><E118/><V19/><F7/><W104/><G104/><T12/><D74/><U95/><E1/><V91/><F133/><W41/><G3/><T69/><D69/><U26/><E36/><V32/><F32/><W35/><G41/><N who="0" m="15947" /><D0/><U103/><E42/><V73/><F73/><W78/><G35/><T106/><D106/><U47/><E47/><V29/><F29/><W65/><G75/><T62/><D62/><U14/><E22/><N who="2" m="11647" /><F102/><W46/><G46/><T30/><D30/><N who="1" m="17735" /><E6/><V27/><F27/><N who="3" m="14831" /><G31/><T130/><D130/><U79/><E4/><V68/><F68/><W116/><G116/><T113/><D122/><U98/><E66/><V100/><F100/><W8/><G8/><N who="0" m="6407" /><D113/><U96/><E64/><V101/><F101/><W127/><G127/><AGARI ba="0,0" hai="24,28,33,108,109,124,125,127" m="6407,15947" machi="127" ten="30,1000,0" yaku="18,1" doraHai="72" who="0" fromWho="3" sc="370,10,271,0,332,0,27,-10" /><INIT seed="7,0,0,4,5,58" ten="380,271,332,17" oya="3" hai0="102,108,32,95,103,53,122,80,109,90,34,44,67" hai1="133,38,81,8,50,104,127,96,42,52,71,56,55" hai2="87,51,54,60,111,6,48,134,72,84,26,19,79" hai3="126,74,112,43,65,86,40,78,1,28,11,73,92"/><W2/><G126/><T89/><D67/><U70/><E127/><V45/><F111/><W93/><G112/><T83/><D122/><U115/><E115/><V75/><F134/><W85/><G65/><T125/><D53/><U35/><E35/><V128/><F128/><W132/><G11/><T119/><D44/><N who="1" m="23639" /><E8/><V41/><F6/><W37/><G78/><T0/><D119/><U76/><E96/><V61/><F72/><W31/><REACH who="3" step="1"/><G37/><REACH who="3" ten="380,271,332,7" step="2"/><T131/><D125/><U129/><E129/><V23/><F79/><W33/><G33/><T24/><D131/><U116/><E116/><V36/><F36/><W120/><G120/><T30/><D34/><U63/><E133/><AGARI ba="0,1" hai="1,2,28,31,40,43,73,74,85,86,92,93,132,133" machi="133" ten="25,4800,0" yaku="1,1,22,2,53,0" doraHai="58" doraHaiUra="12" who="3" fromWho="1" sc="380,0,271,-48,332,0,7,58" /><INIT seed="7,1,0,2,0,60" ten="380,223,332,65" oya="3" hai0="56,6,61,16,19,83,71,38,65,135,3,120,70" hai1="108,87,12,8,0,111,2,42,59,9,25,32,69" hai2="84,5,7,104,93,18,26,107,62,13,124,101,102" hai3="11,115,36,23,121,47,122,76,54,21,117,128,55"/><W119/><G76/><T94/><D120/><N who="3" m="46185" /><G11/><T64/><D38/><U67/><E42/><V106/><F124/><W113/><G128/><T131/><D131/><U50/><E69/><V10/><F26/><W27/><G27/><T98/><D56/><U80/><E25/><V40/><F40/><N who="3" m="22919" /><G21/><T116/><D83/><U22/><E22/><V28/><F28/><W118/><G23/><T33/><D3/><U31/><E31/><V123/><F123/><W133/><G133/><T97/><D6/><U90/><E32/><V58/><F102/><W30/><G30/><T78/><D78/><U57/><E8/><V91/><REACH who="2" step="1"/><F101/><REACH who="2" ten="380,223,322,65" step="2"/><W96/><G96/><T81/><D97/><U132/><E80/><V44/><F44/><W34/><G34/><T114/><D81/><U86/><E9/><V105/><N who="2" m="26624" /><DORA hai="52" /><V134/><F134/><W14/><G14/><T110/><D98/><U68/><E90/><V37/><F37/><W88/><G88/><T51/><D135/><U63/><E87/><V112/><F112/><AGARI ba="1,1" hai="54,55,112,113,115,117,118,119" m="22919,46185" machi="112" ten="40,7700,0" yaku="15,1,34,2" doraHai="60,52" who="3" fromWho="2" sc="380,0,223,0,322,-80,65,90" /><INIT seed="7,2,0,5,5,102" ten="380,223,242,155" oya="3" hai0="57,56,9,42,81,41,132,18,77,127,79,105,63" hai1="47,15,68,26,59,94,120,100,10,75,91,20,39" hai2="107,90,38,96,11,129,93,80,40,17,70,64,8" hai3="92,87,122,69,52,45,16,88,134,85,66,98,60"/><W6/><G122/><T54/><D105/><U55/><E120/><V43/><F129/><W74/><G74/><T73/><D127/><U14/><E68/><V123/><F123/><W108/><G134/><T99/><D79/><U0/><E75/><V62/><F107/><W112/><G112/><T124/><D124/><U101/><E0/><V76/><F38/><W111/><G6/><T4/><D18/><U95/><E47/><V104/><F104/><W1/><G1/><T28/><D28/><U114/><E39/><V3/><F11/><W72/><G72/><T84/><D99/><U37/><E37/><V46/><F46/><W48/><G16/><T22/><D22/><U130/><E130/><V128/><F128/><W23/><G23/><T7/><D7/><U121/><E121/><V2/><F2/><W31/><G31/><T135/><D73/><U89/><E114/><V36/><F36/><W117/><G117/><T29/><D57/><U58/><E20/><V27/><F27/><W78/><G78/><T83/><D83/><U44/><E44/><V53/><F53/><W133/><G133/><N who="0" m="51275" /><D29/><U106/><E106/><V65/><F65/><W12/><G12/><AGARI ba="2,0" hai="4,9,12,41,42,54,56,63,77,81,84" m="51275" machi="12" ten="30,1000,0" yaku="20,1" doraHai="102" who="0" fromWho="3" sc="380,16,223,0,242,0,155,-16" owari="396,50.0,223,-18.0,242,4.0,139,-36.0" /></mjloggm>