<mjloggm ver="2.3"><GO type="225" lobby="0"/><UN n0="%E5%B0%B1%E6%B4%BB%E7%94%9F%40%E5%B7%9D%E6%9D%91%E8%BB%8D%E5%9B%A3" n1="%74%61%74%73%75%37%30%32" n2="%E3%81%84%E3%81%8F%E3%82%84%E3%81%BE%E2%98%86%E3%81%95%E3%82%80%E3%81%8A" n3="%65%71%6D%6D" dan="17,16,16,16" rate="2195.39,2179.80,2089.19,2106.36" sx="M,M,M,M"/><TAIKYOKU oya="0"/><INIT seed="0,0,0,3,5,103" ten="250,250,250,250" oya="0" hai0="118,95,47,78,128,58,52,18,107,40,74,76,79" hai1="122,2,125,120,82,112,90,14,104,36,134,35,94" hai2="65,33,49,75,67,39,10,53,32,50,4,126,131" hai3="101,135,123,63,86,60,59,11,114,1,132,5,102"/><T108/><D118/><U117/><RYUUKYOKU type="yao9" ba="0,0" sc="250,0,250,0,250,0,250,0" hai1="2,14,35,36,82,90,94,104,112,117,120,122,125,134" /><INIT seed="0,1,0,2,5,1" ten="250,250,250,250" oya="0" hai0="61,57,106,104,52,11,128,123,44,28,132,93,73" hai1="33,133,111,92,80,76,131,70,127,26,23,135,88" hai2="112,51,125,37,97,12,102,99,45,14,6,83,124" hai3="78,81,60,69,27,29,71,105,2,75,35,134,32"/><T0/><D123/><U91/><E70/><V115/><F37/><W117/><G134/><N who="1" m="51210" /><E33/><V4/><F83/><W18/><G117/><T84/><D73/><N who="1" m="43023" /><E111/><V56/><F56/><W17/><G35/><T108/><D132/><U116/><E116/><V90/><F90/><N who="1" m="34345" /><E127/><N who="2" m="48715" /><F115/><W122/><G71/><T41/><D28/><N who="1" m="17503" /><E92/><N who="2" m="58663" /><F99/><W22/><G69/><T40/><D93/><U53/><E53/><N who="2" m="29935" /><F112/><W34/><G34/><T13/><D108/><U109/><E109/><V100/><F100/><W65/><G32/><T72/><D72/><U119/><E119/><V129/><F129/><AGARI ba="1,0" hai="129,131" m="17503,34345,43023,51210" machi="129" ten="30,2000,0" yaku="20,1,54,1" doraHai="1" who="1" fromWho="2" sc="250,0,250,23,250,-23,250,0" /><INIT seed="1,0,0,1,4,17" ten="250,273,227,250" oya="1" hai0="97,40,66,129,9,108,57,13,20,80,33,50,15" hai1="117,86,94,107,85,116,62,120,36,82,34,39,58" hai2="64,88,21,114,113,101,83,67,11,119,41,22,105" hai3="30,53,26,103,112,68,63,6,127,28,126,59,115"/><U74/><E34/><V61/><F119/><W29/><G68/><T98/><D33/><U23/><E107/><V100/><F41/><W18/><G6/><N who="0" m="3255" /><D108/><U54/><E74/><V0/><F0/><W102/><G18/><N who="0" m="10335" /><D129/><U46/><E120/><V133/><F11/><W52/><G26/><T118/><D118/><U55/><E23/><N who="2" m="8715" /><F133/><W38/><G38/><T8/><D8/><U27/><E27/><V122/><F122/><W48/><G112/><N who="2" m="43113" /><F105/><W44/><G115/><T16/><D80/><U87/><E82/><V131/><F131/><W2/><G2/><T123/><D123/><U43/><E39/><V1/><F1/><W111/><G111/><T77/><D77/><U134/><E134/><V92/><F83/><W10/><G10/><T132/><D16/><U49/><REACH who="1" step="1"/><E94/><REACH who="1" ten="250,263,227,250" step="2"/><V4/><F4/><W5/><G5/><T24/><D24/><U75/><E75/><V93/><F93/><W81/><G81/><T125/><D132/><U90/><E90/><V7/><F7/><W65/><G126/><T84/><D125/><U121/><E121/><V110/><F110/><W104/><G127/><T135/><D135/><U32/><E32/><V130/><F130/><W79/><G104/><T96/><D84/><U109/><E109/><V72/><F72/><W3/><G3/><T31/><D31/><U73/><E73/><V89/><F89/><W51/><G30/><T47/><D98/><U128/><E128/><V56/><F67/><W71/><G79/><T76/><D76/><U35/><E35/><V124/><F124/><W45/><G65/><T25/><D25/><RYUUKYOKU ba="0,1" sc="250,10,263,10,227,10,250,-30" hai0="40,47,50,57,66,96,97" hai1="36,43,46,49,54,55,58,62,85,86,87,116,117" hai2="56,61,64,88,92,100,101" /><INIT seed="1,1,1,3,4,127" ten="260,273,237,220" oya="1" hai0="42,12,133,130,74,104,87,131,21,41,135,19,82" hai1="22,6,29,110,113,102,98,58,59,92,122,71,20" hai2="120,121,46,17,54,77,119,16,10,26,53,47,43" hai3="93,50,49,69,80,117,68,76,63,1,73,132,62"/><U90/><E113/><V18/><F119/><W38/><G1/><T85/><D104/><U128/><E122/><N who="2" m="47211" /><F26/><W5/><G38/><T91/><D74/><U45/><E71/><V35/><F10/><W83/><G117/><T13/><D13/><U114/><E114/><V78/><F43/><N who="0" m="16394" /><D85/><U94/><E6/><V125/><F35/><W30/><G132/><AGARI ba="1,1" hai="12,19,21,82,87,91,130,131,132,133,135" m="16394" machi="132" ten="30,3900,0" yaku="20,1,52,2" doraHai="127" who="0" fromWho="3" sc="260,52,273,0,237,0,220,-42" /><INIT seed="2,0,0,1,5,31" ten="312,273,237,178" oya="2" hai0="92,42,75,115,26,8,19,68,10,49,15,82,84" hai1="74,76,71,38,91,37,40,100,126,98,90,72,88" hai2="48,29,30,97,55,24,62,66,111,12,89,94,77" hai3="16,99,59,20,58,116,130,80,39,23,134,119,110"/><V41/><F41/><W0/><G110/><T52/><D68/><U25/><E71/><V87/><F111/><W78/><G130/><T118/><D115/><U47/><E38/><V112/><F112/><W93/><G134/><T114/><D114/><U101/><E101/><V9/><F77/><W127/><G127/><T135/><D75/><U35/><E126/><V11/><F97/><W36/><G0/><T133/><D42/><U129/><E76/><V132/><F132/><N who="0" m="50762" /><D26/><U65/><E65/><V83/><F83/><W63/><G39/><T95/><D10/><U105/><REACH who="1" step="1"/><E129/><REACH who="1" ten="312,263,237,178" step="2"/><V128/><F128/><W57/><G36/><T123/><D118/><U21/><E21/><V106/><F106/><W53/><G119/><T108/><D108/><U28/><AGARI ba="0,1" hai="25,28,35,37,40,47,72,74,88,90,91,98,100,105" machi="28" ten="30,8000,1" yaku="1,1,0,1,52,1,54,1,53,1" doraHai="31" doraHaiUra="96" who="1" fromWho="1" sc="312,-20,263,90,237,-40,178,-20" /><INIT seed="3,0,0,5,0,38" ten="292,353,197,158" oya="3" hai0="20,122,80,92,40,23,28,41,36,131,52,13,68" hai1="119,105,86,103,84,10,62,108,14,21,58,94,129" hai2="110,57,78,44,25,97,34,24,93,123,6,61,66" hai3="1,5,111,98,59,69,109,95,9,37,117,106,91"/><W133/><G117/><T99/><D68/><U128/><E108/><N who="3" m="41546" /><G133/><T77/><D36/><U16/><E105/><V107/><F107/><W3/><G69/><T132/><D131/><N who="1" m="50251" /><E119/><V134/><F110/><W102/><G37/><T81/><D28/><U42/><E42/><N who="0" m="16489" /><D132/><U112/><E112/><V89/><F34/><W135/><G135/><T100/><D122/><U124/><E124/><V0/><F134/><W73/><G73/><T45/><D13/><N who="1" m="9359" /><E103/><V43/><F0/><N who="3" m="167" /><G59/><T60/><D77/><U12/><E12/><V11/><F123/><W87/><AGARI ba="0,0" hai="1,3,87,91,95,98,102,106" m="167,41546" machi="87" ten="30,3000,0" yaku="14,1,10,1" doraHai="38" who="3" fromWho="3" sc="292,-10,353,-10,197,-10,158,30" /><INIT seed="3,1,0,2,5,18" ten="282,343,187,188" oya="3" hai0="21,30,13,69,90,63,81,58,78,61,105,10,132" hai1="131,49,92,4,74,38,121,50,62,65,117,42,41" hai2="19,84,1,40,135,64,100,70,23,93,46,56,86" hai3="112,3,59,124,60,126,5,71,57,29,75,101,88"/><W129/><G112/><T54/><D132/><U34/><E34/><V128/><F70/><W17/><G101/><T9/><D105/><U52/><E74/><V123/><F128/><W94/><G29/><T104/><D104/><U36/><E4/><V2/><F2/><W113/><G75/><T48/><D90/><U35/><E35/><V99/><F1/><W43/><G43/><N who="1" m="16394" /><E92/><V91/><F135/><W115/><G129/><T130/><D130/><U55/><E131/><V110/><F110/><W120/><G120/><T31/><D69/><N who="1" m="42167" /><E117/><V39/><F123/><W80/><G80/><T24/><D31/><U108/><E108/><V16/><F84/><N who="3" m="52487" /><G5/><T15/><D15/><U72/><E72/><V133/><F133/><W47/><G3/><T82/><D10/><U83/><E83/><N who="0" m="31753" /><D78/><U106/><E106/><V97/><F97/><W66/><G113/><T7/><AGARI ba="1,0" hai="7,9,13,21,24,30,48,54,58,61,63" m="31753" machi="7" ten="30,2000,0" yaku="8,1,52,1" doraHai="18" who="0" fromWho="0" sc="282,23,343,-6,187,-6,188,-11" owari="305,11.0,337,43.0,181,-22.0,177,-32.0" /></mjloggm>