<mjloggm ver="2.3"><GO type="169" lobby="0"/><UN n0="%67%61%6D%6F%33" n1="%E3%83%88%E3%83%88%E3%83%AA%E5%85%88%E7%94%9F%31%39%E6%AD%B3" n2="%E3%81%B5%E3%81%8B%E3%81%BF" n3="%49%53%53%4F%4E%34" dan="17,18,17,16" rate="2123.61,2213.47,2207.39,2128.58" sx="M,F,F,M"/><TAIKYOKU oya="0"/><INIT seed="0,0,0,0,1,122" ten="250,250,250,250" oya="0" hai0="60,114,119,48,14,86,93,4,46,89,20,134,109" hai1="11,59,42,84,128,99,45,24,30,19,0,55,97" hai2="10,51,25,125,62,21,110,95,113,43,88,112,71" hai3="75,41,98,73,130,69,22,77,61,67,53,126,1"/><T129/><D119/><U87/><E128/><V44/><F125/><W107/><G1/><T115/><D129/><U17/><E0/><V120/><F120/><W64/><G130/><T58/><D134/><U135/><E135/><V94/><F110/><W70/><G22/><T34/><D34/><U80/><E84/><V49/><F10/><W117/><G53/><T131/><D109/><U123/><E123/><V103/><F103/><W108/><G108/><T78/><D78/><U91/><E17/><V15/><F15/><W105/><G98/><T56/><D131/><U79/><E79/><V81/><F81/><W65/><G77/><T33/><D33/><U39/><E19/><V47/><F71/><W57/><G57/><T101/><D101/><U28/><E11/><V38/><F62/><W27/><G27/><T23/><D23/><U85/><E85/><V2/><F2/><W74/><G61/><T116/><D116/><U40/><E40/><V82/><F82/><W118/><G41/><T83/><D83/><U37/><E37/><V12/><F12/><W106/><REACH who="3" step="1"/><G126/><REACH who="3" ten="250,250,250,240" step="2"/><T96/><D96/><N who="1" m="36939" /><E24/><V18/><F25/><W102/><G102/><T16/><D56/><U3/><E3/><V9/><F21/><W76/><G76/><T29/><D58/><U52/><E55/><V13/><F43/><W124/><G124/><T127/><D127/><U111/><E111/><V66/><F66/><W36/><G36/><T8/><D60/><N who="1" m="35943" /><E28/><V31/><F31/><W50/><G50/><T100/><D29/><U63/><E30/><V32/><F38/><W6/><G6/><RYUUKYOKU ba="0,1" sc="250,-15,250,15,250,-15,240,15" hai1="39,42,45,63,80,87,91" hai3="64,65,67,69,70,73,74,75,105,106,107,117,118" /><INIT seed="1,1,1,0,5,114" ten="235,265,235,255" oya="1" hai0="110,38,63,73,80,24,30,9,13,82,61,104,26" hai1="108,35,20,85,87,2,79,77,91,81,129,4,122" hai2="128,130,36,28,49,97,88,16,7,27,33,46,93" hai3="51,72,126,124,86,92,45,14,95,132,41,84,25"/><U56/><E122/><V71/><F36/><W31/><G72/><T40/><D104/><U134/><E35/><V101/><F71/><W67/><G132/><T55/><D24/><U64/><E134/><V58/><F7/><W5/><G67/><T102/><D102/><U109/><E129/><N who="2" m="49771" /><F58/><W23/><G5/><T70/><D110/><N who="1" m="42603" /><E20/><N who="2" m="13703" /><F28/><W106/><G106/><T119/><D73/><U100/><E100/><V131/><F33/><W52/><G14/><T17/><D61/><N who="1" m="37927" /><E85/><N who="3" m="32874" /><G41/><T19/><D55/><U125/><E125/><AGARI ba="1,1" hai="23,25,31,45,51,52,92,95,124,125,126" m="32874" machi="125" ten="30,2000,0" yaku="18,1,54,1" doraHai="114" who="3" fromWho="1" sc="235,0,265,-23,235,0,255,33" /><INIT seed="2,0,0,1,4,126" ten="235,242,235,288" oya="2" hai0="8,88,7,62,69,28,55,72,118,42,83,3,82" hai1="109,11,74,113,87,29,15,30,59,17,102,63,71" hai2="57,46,128,12,70,60,114,75,89,90,26,105,1" hai3="132,65,16,49,106,52,45,10,95,21,68,9,53"/><V39/><F1/><W35/><G106/><T125/><D125/><U48/><E113/><V107/><F75/><W78/><G132/><T121/><D121/><U97/><E74/><V61/><F114/><W129/><G78/><T24/><D72/><U91/><E71/><V108/><F70/><W116/><G116/><T73/><D73/><U93/><E48/><V127/><F127/><W0/><G35/><T84/><D42/><U67/><REACH who="1" step="1"/><E109/><REACH who="1" ten="235,232,235,288" step="2"/><V44/><F108/><W40/><G68/><T85/><D69/><U23/><E23/><V98/><F39/><W101/><G21/><T14/><D118/><U77/><E77/><V100/><F60/><W81/><G49/><T94/><D62/><U117/><E117/><V6/><F61/><W119/><G119/><T76/><D76/><U104/><AGARI ba="0,1" hai="11,15,17,29,30,59,63,67,87,91,93,97,102,104" machi="104" ten="20,2700,0" yaku="1,1,0,1,7,1,53,0" doraHai="126" doraHaiUra="41" who="1" fromWho="1" sc="235,-7,232,37,235,-13,288,-7" /><INIT seed="3,0,0,3,0,29" ten="228,269,222,281" oya="3" hai0="23,92,12,107,85,115,69,129,105,25,125,34,19" hai1="37,59,110,54,75,95,6,40,61,10,0,65,13" hai2="35,15,74,32,5,3,84,62,89,81,119,22,45" hai3="1,99,133,128,57,127,93,86,124,30,122,46,64"/><W87/><G122/><T100/><D129/><U116/><E110/><V66/><F119/><W131/><G1/><T20/><D69/><U28/><E116/><V55/><F3/><W53/><G64/><T52/><D125/><N who="3" m="48201" /><G46/><T14/><D115/><U41/><E75/><V18/><F5/><W9/><G9/><T104/><D34/><U112/><E112/><V102/><F102/><W2/><G2/><T121/><D121/><U98/><E37/><V70/><REACH who="2" step="1"/><F74/><REACH who="2" ten="228,269,212,281" step="2"/><W63/><G133/><T58/><D100/><U16/><E0/><V31/><F31/><W47/><G30/><T78/><D107/><U132/><E132/><V111/><F111/><W49/><G131/><T38/><D105/><U43/><E28/><V17/><F17/><W108/><G128/><T135/><D104/><U134/><E134/><V60/><F60/><W114/><G108/><T36/><D135/><U44/><E6/><V39/><F39/><W48/><G114/><T4/><D4/><U126/><E126/><V21/><F21/><W97/><G63/><T79/><D36/><U88/><REACH who="1" step="1"/><E44/><REACH who="1" ten="228,259,212,281" step="2"/><V91/><F91/><N who="3" m="55487" /><G99/><T96/><D38/><U77/><E77/><V56/><F56/><W80/><G47/><T27/><D96/><U94/><E94/><V120/><F120/><W7/><G7/><T76/><D92/><U123/><E123/><V24/><F24/><W118/><G118/><T68/><D25/><U73/><E73/><V109/><F109/><W51/><G87/><T113/><D113/><U67/><AGARI ba="0,2" hai="10,13,16,40,41,43,54,59,61,65,67,88,95,98" machi="67" ten="30,8000,1" yaku="1,1,0,1,8,1,54,2,53,0" doraHai="29" doraHaiUra="130" who="1" fromWho="1" sc="228,-20,259,100,212,-20,281,-40" /><INIT seed="4,0,0,4,3,100" ten="208,359,192,241" oya="0" hai0="28,18,116,114,30,57,8,23,75,49,132,135,134" hai1="97,22,91,79,33,4,86,62,78,83,71,117,2" hai2="110,34,37,80,52,130,131,128,121,59,48,44,126" hai3="66,24,74,109,111,99,127,89,32,58,54,76,84"/><T93/><D75/><U108/><E117/><V5/><F34/><W112/><G66/><T6/><D116/><U124/><E108/><V64/><F5/><W70/><G70/><T11/><D93/><U16/><E33/><V65/><F80/><W56/><G56/><T13/><D57/><U51/><E124/><V69/><F121/><W73/><G73/><T120/><D49/><U39/><E39/><V1/><F1/><W17/><G99/><T95/><D95/><U61/><E97/><V31/><F31/><N who="0" m="11818" /><D114/><U21/><E21/><V104/><F104/><W115/><G32/><T20/><D120/><U72/><E4/><V67/><F110/><W9/><G127/><T90/><D90/><U7/><E7/><V60/><F126/><W87/><G74/><T10/><D23/><U81/><E2/><AGARI ba="0,0" hai="2,6,8,10,11,13,18,20,132,134,135" m="11818" machi="2" ten="30,5800,0" yaku="20,1,34,2" doraHai="100" who="0" fromWho="1" sc="208,58,359,-58,192,0,241,0" /><INIT seed="4,1,0,3,1,2" ten="266,301,192,241" oya="0" hai0="37,113,105,65,107,100,60,18,3,82,56,127,86" hai1="123,135,32,33,98,9,6,126,90,89,38,43,34" hai2="124,49,76,104,80,133,75,79,40,128,84,45,112" hai3="1,4,67,8,130,83,109,24,58,114,103,118,57"/><T51/><D37/><U29/><E123/><V21/><F104/><W66/><G109/><T62/><D3/><U78/><E135/><V110/><F110/><W85/><G118/><T17/><D113/><U52/><E126/><V117/><F124/><W23/><G114/><T14/><D127/><U12/><E78/><V15/><F112/><W125/><G125/><T27/><D27/><U96/><E43/><V26/><F133/><W129/><G103/><T5/><D107/><U59/><E38/><V48/><F117/><W134/><G66/><T119/><D119/><U131/><E131/><N who="3" m="50186" /><G67/><T132/><D132/><U74/><E74/><V63/><F128/><W116/><G116/><T61/><D100/><U106/><E29/><V20/><F63/><N who="0" m="24138" /><D51/><U31/><E31/><N who="2" m="17863" /><F75/><W69/><G69/><T25/><D25/><U73/><E73/><V50/><F76/><N who="3" m="46311" /><G134/><T72/><D72/><U16/><E106/><V101/><F101/><W41/><G41/><T95/><D105/><U7/><E34/><V111/><F111/><W99/><G99/><N who="1" m="37930" /><E33/><V115/><F115/><W0/><G0/><T11/><D95/><U54/><E32/><V91/><F79/><AGARI ba="1,0" hai="5,11,14,17,18,56,62,65,79,82,86" m="24138" machi="79" ten="30,2900,0" yaku="8,1,52,1" doraHai="2" who="0" fromWho="2" sc="266,32,301,0,192,-32,241,0" /><INIT seed="4,2,0,5,5,54" ten="298,301,160,241" oya="0" hai0="81,97,32,109,22,78,7,91,108,88,127,102,85" hai1="106,132,26,39,72,119,130,118,16,122,82,92,43" hai2="27,115,87,6,94,21,124,11,104,53,24,59,17" hai3="113,79,33,99,86,56,74,57,103,37,105,69,18"/><T80/><D32/><U8/><E106/><V49/><F104/><W126/><G69/><T30/><D7/><U71/><E122/><V41/><F115/><W134/><G33/><T9/><D9/><U77/><E71/><V40/><F124/><W5/><G37/><T93/><D127/><U89/><E130/><V123/><F123/><W129/><G126/><T133/><D22/><U15/><E132/><V67/><F67/><W73/><G134/><T111/><D30/><U125/><E125/><V12/><REACH who="2" step="1"/><F27/><REACH who="2" ten="298,301,150,241" step="2"/><W3/><G129/><T95/><D133/><U68/><E26/><V131/><F131/><W120/><G113/><T83/><REACH who="0" step="1"/><D102/><REACH who="0" ten="288,301,150,241" step="2"/><U66/><E118/><V70/><F70/><W25/><G120/><T75/><AGARI ba="2,2" hai="75,78,80,81,83,85,88,91,93,95,97,108,109,111" machi="75" ten="30,24000,3" yaku="1,1,2,1,0,1,10,1,34,3,54,1,53,0" doraHai="54" doraHaiUra="98" who="0" fromWho="0" sc="288,266,301,-82,150,-82,241,-82" /><INIT seed="4,3,0,1,3,27" ten="554,219,68,159" oya="0" hai0="104,49,58,57,34,29,129,135,131,92,12,83,36" hai1="6,65,43,98,128,72,33,4,85,24,123,117,23" hai2="62,101,73,28,103,32,1,70,18,16,46,63,68" hai3="56,45,7,96,134,78,61,125,54,3,87,79,20"/><T52/><D36/><U133/><E72/><V50/><F73/><W114/><G114/><T2/><D2/><U8/><E117/><V99/><F1/><W97/><G125/><T21/><D104/><U15/><E33/><V109/><F109/><W51/><G134/><T17/><D83/><U102/><E123/><V39/><F39/><W132/><G132/><T127/><D135/><U41/><E133/><V69/><F32/><W107/><G7/><T108/><D127/><U77/><E6/><V113/><F113/><W48/><G3/><T10/><D34/><U118/><E118/><V9/><F28/><W0/><G0/><T116/><D116/><U126/><E128/><V91/><F91/><W67/><G107/><T80/><D80/><N who="1" m="47247" /><E65/><V30/><F30/><W81/><G79/><T40/><D40/><U84/><E84/><V38/><F38/><W14/><G51/><T44/><D108/><U110/><E110/><V112/><F112/><W75/><G75/><T86/><D86/><U25/><E25/><V93/><F103/><W105/><G105/><T19/><D92/><N who="1" m="58695" /><E126/><V60/><REACH who="2" step="1"/><F9/><REACH who="2" ten="554,219,58,159" step="2"/><W121/><G121/><T100/><D100/><U106/><E106/><V130/><F130/><W111/><G111/><T42/><D129/><U55/><E8/><V71/><N who="2" m="17408" /><DORA hai="64" /><V119/><F119/><W76/><G76/><T124/><D131/><U22/><E22/><V82/><F82/><W88/><G78/><T122/><D124/><U74/><E23/><V89/><F89/><W90/><G90/><T53/><D21/><U66/><E74/><V47/><F47/><RYUUKYOKU ba="3,1" sc="554,-15,219,-15,58,15,159,15" hai2="16,18,46,50,60,62,63,93,99,101" hai3="14,20,45,48,54,56,61,67,81,87,88,96,97" /><INIT seed="5,4,1,1,0,2" ten="539,204,73,174" oya="1" hai0="54,55,30,22,12,110,99,96,43,15,41,53,135" hai1="11,14,57,130,121,101,48,113,92,65,75,25,129" hai2="111,29,68,103,32,108,70,66,49,79,50,60,91" hai3="42,87,74,23,35,6,131,82,10,26,128,62,64"/><U127/><E121/><V105/><F70/><W16/><G74/><T81/><D110/><U5/><E75/><V114/><F79/><W84/><G42/><N who="0" m="15883" /><D81/><U27/><E113/><V3/><F91/><W71/><G35/><T90/><D135/><U63/><E127/><V120/><F120/><W76/><REACH who="3" step="1"/><G87/><REACH who="3" ten="539,204,73,164" step="2"/><T133/><D133/><U56/><E130/><V7/><F32/><W95/><G95/><N who="0" m="56439" /><D99/><N who="1" m="59623" /><E129/><V125/><F125/><W134/><G134/><T118/><D118/><U122/><E122/><V104/><F104/><W19/><G19/><T88/><D88/><U58/><E48/><V94/><F49/><W77/><G77/><T52/><D30/><U83/><E83/><V1/><F29/><W0/><AGARI ba="4,2" hai="0,6,10,16,23,26,62,64,71,76,82,84,128,131" machi="0" ten="30,7900,0" yaku="1,1,0,1,52,1,54,1,53,0" doraHai="2" doraHaiUra="36" who="3" fromWho="3" sc="539,-24,204,-43,73,-24,164,111" /><INIT seed="6,0,0,0,5,55" ten="515,161,49,275" oya="2" hai0="44,124,125,37,21,113,19,47,134,46,106,97,75" hai1="74,122,82,96,88,24,30,9,98,115,14,43,102" hai2="68,13,112,62,91,28,26,94,111,23,81,109,7" hai3="15,133,135,103,32,64,67,63,22,35,34,41,40"/><V31/><F112/><W54/><G54/><T53/><D113/><U20/><E115/><V5/><F31/><W99/><G22/><T57/><D75/><U50/><E122/><V129/><F129/><W120/><G15/><T0/><D0/><U78/><E88/><V128/><F128/><W48/><G120/><T60/><D134/><N who="3" m="51209" /><G48/><T58/><D37/><U61/><E61/><V72/><F72/><W65/><G63/><T126/><D57/><U87/><E74/><V33/><F81/><W25/><G25/><N who="0" m="14527" /><D97/><U79/><E79/><V108/><F33/><W101/><G101/><T89/><D89/><U38/><E38/><V69/><F13/><W8/><G8/><T83/><D83/><U90/><E90/><V121/><F121/><W49/><G49/><T51/><D106/><AGARI ba="0,0" hai="32,34,35,40,41,64,65,67,99,103,106" m="51209" machi="106" ten="40,1300,0" yaku="20,1" doraHai="55" who="3" fromWho="0" sc="515,-13,161,0,49,0,275,13" /><INIT seed="7,0,0,0,3,126" ten="502,161,49,288" oya="3" hai0="32,70,46,40,69,49,99,133,13,132,107,29,96" hai1="62,10,64,50,43,0,57,111,27,87,26,123,18" hai2="84,91,86,16,60,7,97,61,75,127,41,135,88" hai3="119,67,116,74,3,35,24,56,80,42,59,66,25"/><W6/><G42/><T38/><D13/><N who="1" m="7479" /><E0/><V2/><F75/><W53/><G74/><T130/><D49/><U131/><E131/><V90/><F127/><W120/><G80/><T48/><D130/><U44/><E111/><V106/><F135/><N who="0" m="51786" /><D48/><N who="1" m="26655" /><E123/><V122/><F122/><W115/><G120/><T89/><D107/><U112/><E112/><V93/><F106/><W37/><G53/><T65/><D65/><U98/><E98/><N who="0" m="37417" /><D89/><U58/><E87/><V117/><F117/><W20/><G20/><T5/><D5/><U79/><E79/><V55/><F41/><W15/><G59/><T94/><D94/><U76/><E76/><V36/><F36/><W39/><G56/><T104/><D104/><U51/><E51/><V71/><F2/><W114/><G3/><T103/><D103/><U30/><E30/><V28/><F28/><W113/><G113/><T17/><D17/><U110/><E110/><V34/><F34/><W23/><G23/><T109/><D109/><U121/><E121/><V134/><F134/><W8/><G8/><T19/><D19/><U12/><E12/><V54/><F7/><W21/><G6/><T92/><D92/><U45/><E58/><V22/><F71/><W105/><G105/><T81/><D81/><U128/><E128/><V73/><F73/><W108/><G116/><T63/><D63/><N who="2" m="24138" /><F86/><W118/><G114/><T100/><D100/><U68/><E68/><V33/><F33/><W124/><G118/><T125/><D125/><U95/><E62/><V47/><F47/><W9/><G124/><T78/><D70/><U14/><E45/><RYUUKYOKU ba="0,0" sc="502,0,161,0,49,0,288,0" owari="502,60.0,161,-24.0,49,-45.0,288,9.0" /></mjloggm>