<mjloggm ver="2.3"><GO type="169" lobby="0"/><UN n0="%E3%81%AC%E3%81%8F%E3%82%82%E3%82%8A" n1="%6D%6F%74%69%37%32%2E%2E" n2="%E5%B0%B1%E6%B4%BB%E7%94%9F%40%E5%B7%9D%E6%9D%91%E8%BB%8D%E5%9B%A3" n3="%53%55%50%45%52%43%41%52" dan="16,17,17,17" rate="2102.77,2079.35,2201.24,2148.60" sx="M,M,M,M"/><TAIKYOKU oya="0"/><INIT seed="0,0,0,1,1,126" ten="250,250,250,250" oya="0" hai0="54,87,123,64,4,27,114,8,57,110,98,81,68" hai1="12,69,5,32,132,104,39,96,22,56,36,3,116" hai2="122,133,23,0,65,38,17,134,74,108,13,128,71" hai3="83,6,61,15,59,119,129,99,44,78,91,55,62"/><T53/><D114/><U43/><E69/><V89/><F74/><W100/><G119/><T103/><D123/><U130/><E32/><V86/><F38/><W109/><G109/><T47/><D110/><U34/><E34/><V20/><F122/><W135/><G44/><T7/><D27/><U26/><E3/><V49/><F0/><W80/><G135/><T115/><D115/><U79/><E79/><V16/><F108/><W29/><G29/><T42/><D68/><U127/><E43/><V106/><F106/><W117/><G91/><T90/><D64/><U30/><E56/><V37/><F37/><W50/><G117/><T52/><D57/><U105/><E105/><V10/><F49/><W60/><G78/><T73/><D73/><U113/><E132/><N who="2" m="50795" /><F128/><W120/><G129/><T11/><D7/><U82/><E130/><V14/><F65/><W45/><G45/><T58/><D58/><U75/><E39/><V46/><F46/><W92/><G120/><T19/><D19/><N who="2" m="7242" /><F71/><W72/><REACH who="3" step="1"/><G72/><REACH who="3" ten="250,250,250,240" step="2"/><T131/><D131/><U88/><E75/><V77/><F77/><W118/><G118/><T63/><D47/><U76/><E76/><V31/><F31/><W125/><G125/><T121/><D121/><U70/><E127/><V25/><F89/><W35/><G35/><T66/><D90/><U9/><E36/><V51/><F86/><W94/><G94/><T111/><D87/><N who="1" m="50295" /><E116/><V1/><F51/><W84/><G84/><T67/><D111/><U33/><E33/><V124/><F124/><W41/><G41/><T24/><D42/><U40/><E40/><RYUUKYOKU ba="0,1" sc="250,-10,250,-10,250,-10,240,30" hai3="6,15,50,55,59,60,61,62,80,83,92,99,100" /><INIT seed="1,1,1,5,4,104" ten="240,240,240,270" oya="1" hai0="38,133,101,90,46,127,33,102,129,37,107,51,84" hai1="135,34,31,40,77,13,41,64,78,57,6,23,125" hai2="4,32,76,27,93,66,44,15,14,11,10,126,85" hai3="43,109,91,81,71,75,123,3,89,118,120,61,114"/><U79/><E34/><V50/><F126/><W25/><G3/><T103/><D107/><U9/><E125/><V82/><F66/><W17/><G43/><T117/><D117/><U22/><E135/><V55/><F32/><W56/><G71/><T110/><D127/><U68/><E68/><V80/><F27/><W60/><G114/><T59/><D133/><U2/><E2/><V124/><F124/><W67/><G109/><T86/><D33/><U73/><E73/><V108/><F108/><W113/><G113/><T74/><D110/><U115/><E115/><V116/><F116/><W119/><G119/><T53/><D129/><U105/><E105/><V100/><F100/><W20/><G118/><T95/><D74/><U1/><E1/><V122/><F122/><W8/><G8/><T42/><REACH who="0" step="1"/><D86/><REACH who="0" ten="230,240,240,270" step="2"/><U63/><E23/><V36/><F36/><AGARI ba="1,2" hai="36,37,38,42,46,51,53,59,84,90,95,101,102,103" machi="36" ten="40,5200,0" yaku="1,1,2,1,53,1" doraHai="104" doraHaiUra="83" who="0" fromWho="2" sc="230,75,240,0,240,-55,270,0" /><INIT seed="2,0,0,0,0,79" ten="305,240,185,270" oya="2" hai0="116,90,42,10,106,5,15,13,64,41,17,25,2" hai1="132,131,84,108,40,74,113,39,1,120,31,6,130" hai2="22,96,135,77,105,26,117,127,52,23,29,33,109" hai3="35,128,76,11,48,92,123,122,62,94,38,57,70"/><V30/><F117/><W89/><G35/><T7/><D116/><U69/><RYUUKYOKU type="yao9" ba="0,0" sc="305,0,240,0,185,0,270,0" hai1="1,6,31,39,40,69,74,84,108,113,120,130,131,132" /><INIT seed="2,1,0,3,2,105" ten="305,240,185,270" oya="2" hai0="59,63,111,125,50,77,23,78,18,76,86,42,92" hai1="124,132,19,17,25,108,88,74,33,90,127,99,133" hai2="68,31,48,123,5,131,58,82,109,70,130,55,39" hai3="27,36,134,47,73,30,10,119,28,29,67,83,126"/><V61/><F31/><W135/><G119/><T37/><D37/><U64/><E108/><V3/><F3/><W85/><G126/><N who="1" m="48170" /><E64/><N who="2" m="38967" /><F5/><W2/><G67/><T107/><D107/><U97/><E74/><V0/><F0/><W35/><G47/><N who="0" m="25975" /><D111/><U116/><E116/><V81/><F109/><W6/><G36/><T12/><D125/><U32/><E97/><V94/><F94/><W129/><G129/><N who="2" m="49161" /><F123/><W75/><G30/><T115/><D115/><U122/><E122/><V52/><F39/><W106/><G29/><T89/><D77/><U53/><E99/><V96/><F96/><W120/><G106/><T114/><D114/><U54/><E33/><V103/><F103/><W95/><G95/><T110/><D110/><U11/><E32/><V104/><F104/><W93/><G93/><T44/><D76/><U80/><E80/><N who="2" m="30827" /><F55/><W22/><G120/><T41/><D78/><U38/><E38/><V45/><AGARI ba="1,0" hai="45,48,52,68,70" m="30827,49161,38967" machi="45" ten="30,3000,0" yaku="19,1,54,1" doraHai="105" who="2" fromWho="2" sc="305,-11,240,-11,185,33,270,-11" /><INIT seed="2,2,0,4,2,134" ten="294,229,218,259" oya="2" hai0="24,71,98,10,96,56,79,67,6,42,18,116,40" hai1="76,54,107,39,69,45,15,47,66,64,120,125,2" hai2="46,55,114,124,123,23,35,4,30,94,99,111,112" hai3="27,57,88,41,108,0,26,106,44,118,58,135,117"/><V97/><F123/><W95/><G106/><T80/><D71/><U65/><E2/><V48/><F35/><W115/><G0/><T8/><D116/><U22/><E107/><V78/><F78/><W83/><G108/><T17/><D40/><N who="1" m="22687" /><E22/><V13/><F111/><W89/><G135/><T126/><D42/><U28/><E15/><V127/><F30/><W50/><G115/><T43/><D43/><U77/><E28/><V31/><F31/><W132/><G132/><T9/><D6/><U105/><E105/><V73/><F73/><W61/><G117/><T133/><D24/><N who="3" m="9257" /><G118/><T85/><D126/><N who="2" m="48170" /><F99/><N who="0" m="37930" /><D133/><U130/><E125/><V122/><F122/><W84/><G61/><AGARI ba="2,0" hai="8,9,10,17,18,56,61,67,79,80,85" m="37930" machi="61" ten="30,1000,0" yaku="8,1" doraHai="134" who="0" fromWho="3" sc="294,16,229,0,218,0,259,-16" /><INIT seed="3,0,0,1,4,127" ten="310,229,218,243" oya="3" hai0="102,108,73,41,80,82,25,92,84,50,64,121,40" hai1="94,39,67,88,116,58,31,105,77,22,44,45,81" hai2="120,11,42,100,66,113,96,17,43,124,4,117,97" hai3="24,30,69,89,47,135,68,91,111,33,46,23,18"/><W54/><G135/><T79/><D121/><U15/><E105/><V115/><F117/><W74/><G74/><T36/><D36/><U109/><E109/><V53/><F124/><W57/><G111/><T55/><D108/><U123/><E123/><V118/><F118/><W2/><G2/><T103/><D64/><U56/><E116/><V9/><F120/><W106/><G106/><T76/><D25/><U85/><E39/><V12/><F66/><W72/><G72/><T5/><D5/><U125/><E125/><V6/><F53/><W114/><G114/><T16/><D16/><N who="1" m="10527" /><E31/><V28/><F28/><W27/><G68/><T122/><D122/><U62/><E58/><V87/><F87/><AGARI ba="0,0" hai="44,45,56,62,67,77,81,85,87,88,94" m="10527" machi="87" ten="30,3900,0" yaku="8,1,54,2" doraHai="127" who="1" fromWho="2" sc="310,0,229,39,218,-39,243,0" /><INIT seed="4,0,0,3,0,92" ten="310,268,179,243" oya="0" hai0="36,79,64,80,56,134,124,72,127,110,61,73,7" hai1="25,43,28,51,40,119,26,49,45,113,102,5,0" hai2="105,129,47,59,55,54,42,41,118,107,3,35,90" hai3="22,75,10,81,86,69,100,103,23,112,101,27,46"/><T77/><D36/><U88/><E119/><V65/><F35/><W33/><G69/><T60/><D134/><U95/><E102/><V39/><F3/><W19/><G112/><T122/><D122/><U116/><E116/><V16/><F118/><W130/><G130/><T132/><D132/><U126/><E113/><V29/><F29/><W13/><G75/><T133/><D133/><U98/><E126/><N who="0" m="48169" /><D110/><U57/><E28/><V67/><F129/><W63/><G33/><T32/><D32/><U91/><E0/><V12/><F90/><W24/><G63/><N who="0" m="37991" /><D7/><U120/><E5/><V1/><F1/><W66/><G66/><T94/><D94/><N who="1" m="56647" /><E120/><V9/><F41/><W83/><G46/><T52/><D52/><N who="1" m="31903" /><E43/><V128/><F55/><W89/><G83/><AGARI ba="0,0" hai="60,61,72,73,77,79,80,83" m="37991,48169" machi="83" ten="30,1500,0" yaku="18,1" doraHai="92" who="0" fromWho="3" sc="310,15,268,0,179,0,243,-15" /><INIT seed="4,1,0,3,2,32" ten="325,268,179,228" oya="0" hai0="96,134,89,122,101,121,44,80,30,1,57,117,34" hai1="92,56,17,25,12,111,71,97,68,103,64,135,70" hai2="42,108,0,81,79,124,10,84,72,132,16,35,75" hai3="9,102,86,127,114,67,29,95,74,65,52,110,38"/><T100/><D117/><U5/><E111/><V53/><F35/><W13/><G74/><T73/><D134/><U33/><E135/><V94/><F132/><W41/><G110/><T116/><D116/><U11/><E33/><V55/><F108/><W120/><G114/><T109/><D109/><U83/><E83/><V126/><F42/><W8/><G127/><N who="2" m="48681" /><F94/><W50/><G120/><T69/><D69/><U3/><E25/><V98/><F98/><N who="3" m="59743" /><G38/><T36/><D57/><U54/><E64/><V23/><F72/><W128/><G128/><T130/><D73/><U93/><E93/><V115/><F115/><W112/><G112/><T18/><D34/><U99/><E99/><V90/><F79/><W61/><G29/><T113/><D30/><U85/><E85/><V45/><F45/><N who="3" m="25903" /><G86/><T60/><D121/><U39/><E39/><V131/><F131/><W51/><G61/><T43/><D60/><U104/><E92/><V20/><F75/><W58/><G9/><T77/><D130/><U59/><REACH who="1" step="1"/><E54/><REACH who="1" ten="325,258,179,228" step="2"/><V88/><F90/><W2/><G65/><T7/><D89/><U76/><E76/><V106/><F106/><W62/><G67/><T125/><D77/><U133/><E133/><V123/><F123/><W91/><G91/><T22/><D125/><U48/><E48/><V27/><F23/><AGARI ba="1,1" hai="3,5,11,12,17,23,56,59,68,70,71,97,103,104" machi="23" ten="40,2600,0" yaku="1,1,52,1,53,0" doraHai="32" doraHaiUra="37" who="1" fromWho="2" sc="325,0,258,39,179,-29,228,0" /><INIT seed="5,0,0,5,0,60" ten="325,297,150,228" oya="1" hai0="48,117,32,17,112,11,67,44,56,75,65,15,45" hai1="105,25,90,128,50,22,53,26,9,14,119,7,82" hai2="1,104,88,72,97,80,76,84,98,58,114,130,92" hai3="103,0,116,52,39,125,24,49,120,87,20,2,28"/><U95/><E105/><V19/><F1/><W62/><G120/><T94/><D75/><U4/><E119/><V12/><F130/><W126/><G39/><T79/><D117/><U91/><E128/><V111/><F111/><W13/><G116/><T71/><D71/><U31/><E7/><V3/><F3/><W37/><G37/><T36/><D32/><U64/><E82/><V133/><F133/><W99/><G62/><T55/><D112/><U43/><E43/><V57/><F114/><W33/><G87/><T124/><D124/><N who="3" m="47721" /><G13/><T68/><D68/><U59/><E64/><N who="0" m="24649" /><D36/><U63/><E63/><V38/><F97/><W89/><G33/><T121/><D121/><U16/><E95/><V107/><F38/><W29/><G2/><T8/><D79/><U86/><E86/><V109/><F109/><W100/><G0/><T127/><D127/><U47/><E47/><N who="0" m="17993" /><D94/><U129/><E129/><V10/><REACH who="2" step="1"/><F107/><REACH who="2" ten="325,297,140,228" step="2"/><W108/><G108/><T34/><D34/><AGARI ba="0,1" hai="4,9,14,16,22,25,26,31,34,50,53,59,90,91" machi="34" ten="30,2900,0" yaku="7,1,54,1" doraHai="60" who="1" fromWho="0" sc="325,-29,297,39,140,0,228,0" /><INIT seed="5,1,0,3,1,7" ten="296,336,140,228" oya="1" hai0="103,131,43,114,99,94,61,45,16,108,60,17,5" hai1="38,52,112,62,115,13,81,134,15,54,126,80,89" hai2="41,128,35,18,71,37,106,57,86,66,119,129,6" hai3="101,28,42,30,12,104,11,102,1,64,47,105,70"/><U125/><E62/><V10/><F106/><W96/><G1/><T109/><D114/><U33/><E38/><V9/><F119/><W20/><G70/><T65/><D131/><N who="2" m="50250" /><F71/><W84/><G64/><T67/><D5/><U46/><E46/><N who="2" m="23855" /><F35/><W95/><G84/><T72/><D72/><U93/><E93/><V124/><F124/><W122/><G122/><T83/><D83/><U85/><E33/><V49/><F6/><W56/><G56/><T29/><D29/><U90/><REACH who="1" step="1"/><E85/><REACH who="1" ten="296,326,140,228" step="2"/><V123/><F123/><W73/><G95/><T59/><D108/><U21/><E21/><V130/><F130/><W53/><G20/><T8/><D109/><U3/><E3/><V51/><F86/><W107/><G107/><T50/><REACH who="0" step="1"/><D8/><REACH who="0" ten="286,326,140,228" step="2"/><N who="2" m="3178" /><F18/><W110/><G110/><T23/><D23/><U40/><E40/><V19/><F19/><W39/><G42/><T25/><D25/><U127/><E127/><V88/><F88/><W63/><G11/><T74/><D74/><U87/><E87/><V48/><F66/><W78/><G73/><T121/><D121/><U68/><E68/><AGARI ba="1,2" hai="16,17,43,45,50,59,60,61,65,67,68,94,99,103" machi="68" ten="30,3900,0" yaku="1,1,7,1,54,1,53,0" doraHai="7" doraHaiUra="0" who="0" fromWho="1" sc="286,62,326,-42,140,0,228,0" /><INIT seed="6,0,0,4,3,90" ten="348,284,140,228" oya="2" hai0="29,78,73,66,54,96,10,6,135,59,83,53,35" hai1="4,5,122,48,50,55,77,108,61,95,15,60,80" hai2="125,31,101,47,63,99,18,89,111,41,23,91,121" hai3="84,75,129,82,105,37,58,128,42,36,32,92,51"/><V124/><F121/><W38/><G105/><T74/><D135/><U118/><E108/><V8/><F111/><W64/><G32/><T14/><D73/><U67/><E118/><V3/><F31/><W69/><G75/><T46/><D46/><U81/><E50/><V25/><F63/><W94/><G69/><T132/><D132/><U62/><E67/><V76/><F76/><N who="3" m="46151" /><G42/><T103/><D66/><U98/><E122/><V21/><F21/><W19/><G19/><T70/><D70/><U126/><E126/><V116/><F116/><W0/><G0/><T17/><D35/><U13/><E13/><V56/><F56/><W27/><G27/><T43/><D43/><U2/><E2/><V115/><F115/><W12/><G12/><T127/><D29/><U68/><E15/><V28/><F3/><W93/><G51/><T87/><D127/><N who="2" m="48714" /><F8/><W71/><G71/><T72/><D17/><U100/><E68/><V97/><F28/><W20/><G20/><T40/><D40/><U88/><E77/><V34/><F34/><W114/><G114/><T106/><D54/><U117/><E117/><V30/><F30/><W119/><G119/><T110/><D110/><U107/><E55/><V7/><F7/><W11/><G11/><T39/><D39/><U24/><E24/><V109/><F109/><W120/><G120/><T131/><D131/><N who="3" m="50249" /><G36/><T26/><D26/><U33/><E33/><V65/><F65/><W49/><G49/><AGARI ba="0,0" hai="6,10,14,49,53,59,72,74,78,83,87,96,103,106" machi="49" ten="30,1000,0" yaku="7,1" doraHai="90" who="0" fromWho="3" sc="348,10,284,0,140,0,228,-10" /><INIT seed="7,0,0,5,1,135" ten="358,284,140,218" oya="3" hai0="46,39,120,83,116,132,94,127,73,30,53,15,48" hai1="124,111,65,121,100,74,78,117,133,59,114,6,113" hai2="134,98,88,105,33,43,54,99,41,29,104,106,58" hai3="28,8,67,51,118,92,76,45,24,101,52,4,64"/><W60/><G118/><T61/><D120/><U20/><E6/><V131/><F134/><W103/><G76/><T9/><D116/><U10/><E10/><V56/><F131/><W86/><G86/><T16/><D127/><U115/><E133/><V72/><F72/><W42/><G42/><T95/><D39/><U123/><E117/><V122/><F122/><W11/><G92/><T0/><D0/><U63/><E111/><V36/><F36/><W97/><G97/><T2/><D2/><U110/><E110/><V108/><F108/><W130/><G130/><T112/><D112/><U84/><E74/><V12/><F12/><W66/><G60/><T27/><D132/><U126/><E20/><V62/><F99/><W22/><REACH who="3" step="1"/><G11/><REACH who="3" ten="358,284,140,208" step="2"/><T57/><D73/><U87/><E78/><V81/><F58/><W79/><G79/><T70/><D70/><U25/><E87/><V68/><F68/><W69/><G69/><T21/><D83/><U49/><E84/><V18/><F81/><W55/><G55/><AGARI ba="0,1" hai="9,15,16,21,27,30,46,48,53,55,57,61,94,95" machi="55" ten="30,3900,0" yaku="7,1,8,1,54,1" doraHai="135" who="0" fromWho="3" sc="358,49,284,0,140,0,208,-39" owari="407,51.0,284,8.0,140,-36.0,169,-23.0" /></mjloggm>