<mjloggm ver="2.3"><GO type="225" lobby="0"/><UN n0="%E3%83%A9%E3%82%B0%E3%83%A9%E3%83%BC%E3%82%B8" n1="%E3%83%AD%E3%83%9C%E3%82%B3%E3%83%97" n2="%63%6F%61" n3="%E3%82%A6%E3%83%AB%E3%83%88%E3%83%A9%E7%AB%8B%E7%9B%B4" dan="16,17,16,17" rate="2169.77,2173.07,2124.83,2168.45" sx="F,M,M,M"/><TAIKYOKU oya="0"/><INIT seed="0,0,0,5,2,107" ten="250,250,250,250" oya="0" hai0="65,102,54,73,17,80,70,29,116,134,6,96,56" hai1="39,68,129,45,128,23,127,35,120,27,99,47,2" hai2="114,13,3,36,38,61,8,79,53,40,112,22,85" hai3="87,58,75,57,132,117,41,108,106,33,115,48,18"/><T19/><D116/><U5/><E120/><V81/><F3/><W63/><G106/><T20/><D134/><U24/><E68/><V111/><F111/><W110/><G33/><T118/><D118/><U78/><E2/><V89/><F22/><W92/><G115/><T105/><D6/><U46/><E5/><V42/><F38/><W12/><G117/><T101/><D101/><U97/><E78/><V43/><F36/><W72/><G132/><T95/><D70/><U74/><E39/><V76/><F112/><W113/><G113/><T109/><D109/><N who="3" m="42089" /><G41/><T124/><D124/><U123/><E123/><V15/><F114/><W59/><G48/><T100/><D65/><U66/><E66/><V88/><F79/><W7/><G63/><T4/><D4/><U69/><E69/><V119/><F119/><W37/><G37/><T21/><D29/><N who="1" m="19903" /><E127/><V71/><F71/><W90/><G7/><T51/><D105/><U9/><E9/><AGARI ba="0,0" hai="9,12,18,57,58,59,72,75,87,90,92" m="42089" machi="9" ten="30,3900,0" yaku="14,1,52,2" doraHai="107" who="3" fromWho="1" sc="250,0,250,-39,250,0,250,39" /><INIT seed="1,0,0,0,3,41" ten="250,211,250,289" oya="1" hai0="56,69,31,24,39,114,44,85,77,104,46,94,108" hai1="103,23,34,48,107,130,128,93,47,12,16,76,42" hai2="124,8,134,97,79,92,105,95,61,6,53,26,78" hai3="96,127,68,22,70,33,28,82,38,35,115,20,60"/><U118/><E118/><V54/><F105/><W122/><G38/><T84/><D114/><U36/><E107/><V126/><F134/><W52/><G122/><T30/><D69/><U40/><E34/><V3/><F26/><W111/><G115/><T100/><D104/><U81/><E103/><V123/><F123/><W66/><G70/><T133/><D133/><U87/><E93/><V112/><F112/><W120/><G120/><T58/><D108/><U50/><E42/><V21/><F21/><W13/><G96/><N who="0" m="59415" /><D39/><U32/><E32/><V9/><F9/><W7/><G82/><N who="0" m="47183" /><D85/><U89/><E76/><N who="2" m="29227" /><F95/><W10/><G111/><T75/><D75/><U80/><E80/><V27/><F27/><W11/><G68/><T18/><D18/><U19/><E19/><V14/><F3/><W55/><G35/><T62/><D56/><U116/><E116/><V121/><F121/><W101/><G101/><T98/><D98/><U125/><E125/><N who="2" m="48235" /><F61/><W74/><G60/><T65/><D24/><U2/><E2/><V15/><F15/><W110/><G13/><T0/><D0/><U29/><E29/><AGARI ba="0,0" hai="29,30,31,44,46,58,62,65" m="47183,59415" machi="29" ten="30,3900,0" yaku="8,1,52,2" doraHai="41" who="0" fromWho="1" sc="250,39,211,-39,250,0,289,0" /><INIT seed="2,0,0,4,5,73" ten="289,172,250,289" oya="2" hai0="132,81,4,77,119,17,117,45,18,84,5,6,83" hai1="68,19,8,116,31,135,42,66,91,82,98,99,38" hai2="79,43,3,67,110,52,109,28,53,7,103,74,50" hai3="122,14,32,58,61,9,48,64,104,112,125,47,90"/><V118/><F118/><N who="0" m="45066" /><D132/><U105/><E116/><V126/><F126/><W101/><G32/><T123/><D123/><U107/><E68/><V92/><F67/><W23/><G122/><T120/><D120/><U71/><E31/><V36/><F28/><W56/><G104/><T108/><D108/><N who="2" m="41578" /><F92/><W88/><G101/><T21/><D21/><U34/><E34/><V134/><F103/><W130/><G130/><T100/><D100/><U70/><E38/><V55/><F134/><W41/><G125/><T89/><D45/><U78/><E135/><V22/><F22/><W114/><G23/><T60/><D60/><U97/><E105/><V72/><F36/><W26/><G26/><T29/><D29/><U128/><E107/><V94/><F94/><W33/><G33/><T35/><D35/><U57/><E66/><V54/><F43/><W51/><G114/><T37/><D37/><U2/><E42/><V86/><F3/><W1/><G1/><T63/><D63/><U10/><E2/><V11/><F11/><W127/><G127/><T24/><D24/><U12/><E10/><V0/><F0/><W115/><G115/><T133/><D133/><U13/><E128/><V44/><F7/><N who="3" m="3391" /><G112/><T121/><D121/><U59/><E71/><V46/><F46/><W93/><G93/><T102/><D102/><U80/><E70/><V131/><F131/><W25/><G25/><T62/><D17/><U76/><E13/><V16/><F16/><W85/><G64/><T113/><D113/><U95/><E95/><V27/><F27/><W111/><G111/><T65/><D65/><RYUUKYOKU ba="0,0" sc="289,-10,172,-10,250,30,289,-10" hai2="44,50,52,53,54,55,72,74,79,86" /><INIT seed="2,1,0,1,0,75" ten="279,162,280,279" oya="2" hai0="4,14,56,104,109,127,106,35,26,124,121,45,54" hai1="6,69,101,119,82,39,31,5,128,72,94,37,96" hai2="61,123,52,18,98,62,66,57,110,70,93,76,67" hai3="120,3,23,0,43,10,2,90,19,115,46,95,20"/><V80/><F123/><W89/><G120/><T65/><D121/><U79/><E119/><V40/><F110/><W55/><G55/><T27/><D109/><U77/><E69/><V22/><F40/><W88/><G115/><T125/><D65/><U132/><E31/><V9/><F9/><W107/><G107/><N who="0" m="41003" /><D35/><U126/><E126/><V118/><F118/><W87/><G10/><N who="0" m="4423" /><D45/><U74/><E128/><V114/><F114/><W1/><N who="3" m="0" /><DORA hai="7" /><W12/><REACH who="3" step="1"/><G20/><REACH who="3" ten="279,162,280,269" step="2"/><T86/><D124/><U103/><E132/><V38/><F22/><W97/><G97/><T63/><D54/><U111/><E111/><V21/><F21/><W47/><G47/><T44/><D44/><U50/><E96/><V73/><F38/><AGARI ba="1,1" hai="12,19,23,38,43,46,87,88,89,90,95" m="0" machi="38" ten="70,4500,0" yaku="1,1,54,1,53,0" doraHai="75,7" doraHaiUra="134,133" who="3" fromWho="2" sc="279,0,162,0,280,-48,269,58" /><INIT seed="3,0,0,0,2,114" ten="279,162,232,327" oya="3" hai0="108,63,74,130,132,110,18,121,87,81,86,7,124" hai1="98,30,113,106,125,31,100,95,22,37,88,118,48" hai2="46,19,131,3,41,135,10,27,69,2,29,62,52" hai3="90,64,25,58,36,17,73,89,92,94,45,93,133"/><W67/><G73/><T12/><D121/><U75/><E113/><V122/><F122/><W129/><G36/><T120/><D120/><U9/><E37/><V39/><F131/><W1/><G1/><T21/><D130/><U32/><E32/><V127/><F127/><W96/><G45/><T6/><D124/><U116/><E125/><V43/><F43/><W26/><G94/><T82/><D132/><U14/><E75/><V128/><F128/><W49/><G133/><T104/><D104/><U123/><E48/><V56/><F135/><W66/><G17/><T54/><D74/><U16/><E123/><V101/><F101/><W79/><G79/><N who="0" m="46431" /><D63/><U68/><E68/><V111/><F111/><N who="0" m="42538" /><D54/><U24/><REACH who="1" step="1"/><E31/><REACH who="1" ten="279,152,232,327" step="2"/><V38/><F38/><W78/><G129/><T55/><D55/><U71/><E71/><V76/><F69/><W11/><G49/><T105/><D105/><U8/><E8/><V99/><F10/><W115/><G11/><T119/><D6/><U117/><E117/><V42/><F19/><W28/><G115/><T61/><D7/><U47/><E47/><V15/><F39/><W51/><G51/><T40/><D119/><U5/><E5/><V44/><F44/><W70/><G70/><T134/><D134/><U53/><E53/><V97/><F46/><W23/><G28/><T84/><D40/><U59/><E59/><V109/><F56/><W13/><G58/><T72/><D72/><U126/><E126/><V0/><F42/><W57/><G57/><T91/><D18/><U60/><E60/><V112/><F62/><W4/><G4/><RYUUKYOKU ba="0,1" sc="279,-10,152,30,232,-10,327,-10" hai1="9,14,16,22,24,30,88,95,98,100,106,116,118" owari="269,7.0,182,-32.0,222,-18.0,327,43.0" /></mjloggm>