<mjloggm ver="2.3"><GO type="169" lobby="0"/><UN n0="%E3%82%A6%E3%83%AB%E3%83%88%E3%83%A9%E7%AB%8B%E7%9B%B4" n1="%E3%83%AA%E3%83%B3%E3%82%AC%E3%83%B3%E3%82%BF%E3%83%AB%E3%83%91%E3%82%BA" n2="%74%61%6B%75%61%6B%61" n3="%E3%81%AA%E3%81%BE%E3%81%AF%E3%81%92%E3%83%AA%E3%83%BC%E3%83%81%E2%98%86" dan="17,16,17,18" rate="2220.11,2109.70,2172.25,2261.53" sx="M,M,M,M"/><TAIKYOKU oya="0"/><INIT seed="0,0,0,4,0,96" ten="250,250,250,250" oya="0" hai0="31,98,54,93,103,9,86,116,110,27,8,7,64" hai1="20,106,48,60,39,73,101,118,71,77,6,26,25" hai2="85,3,4,100,14,33,55,2,117,134,61,131,51" hai3="13,41,129,19,115,120,47,75,67,21,119,123,87"/><T84/><D116/><U133/><E118/><V81/><F117/><W50/><G75/><T82/><D110/><U135/><E39/><V126/><F126/><W107/><G119/><T24/><D64/><U95/><E106/><V38/><F131/><W91/><G115/><T1/><D9/><U10/><E48/><V97/><F33/><W78/><G78/><T74/><D74/><U70/><E60/><V23/><F38/><W99/><G129/><T112/><D112/><U121/><E121/><N who="3" m="46666" /><G67/><T90/><D31/><U5/><E73/><V89/><F61/><W29/><G29/><T56/><REACH who="0" step="1"/><D86/><REACH who="0" ten="240,250,250,250" step="2"/><U72/><E10/><V80/><F85/><W113/><G113/><T63/><AGARI ba="0,1" hai="1,7,8,24,27,54,56,63,82,84,90,93,98,103" machi="63" ten="20,12000,1" yaku="1,1,2,1,0,1,7,1,52,1,53,0" doraHai="96" doraHaiUra="15" who="0" fromWho="0" sc="240,130,250,-40,250,-40,250,-40" /><INIT seed="0,1,0,3,0,53" ten="370,210,210,210" oya="0" hai0="64,66,45,110,115,2,33,131,88,42,90,60,54" hai1="95,50,1,40,103,134,26,48,114,72,62,129,38" hai2="87,135,109,82,69,75,93,85,23,67,80,20,121" hai3="132,84,52,16,6,30,57,119,128,35,49,22,107"/><T99/><D2/><U83/><E114/><V37/><F121/><W118/><G107/><T122/><D33/><U101/><E1/><V59/><F109/><W120/><G120/><T91/><D122/><U21/><E38/><V29/><F69/><W34/><G6/><T92/><D115/><U15/><E134/><V78/><F135/><W14/><G132/><T56/><D110/><U8/><E129/><V32/><F37/><W127/><G128/><T7/><D7/><U70/><E72/><V51/><F75/><W104/><G104/><T55/><D55/><U73/><E70/><V94/><F32/><W124/><G35/><T126/><D126/><N who="3" m="48169" /><G84/><T112/><D112/><U12/><E62/><N who="2" m="38367" /><F51/><W81/><G81/><T11/><D11/><U58/><E50/><V63/><F63/><W123/><G123/><T108/><D108/><U10/><E48/><V27/><F20/><W97/><G97/><T24/><D131/><U111/><E21/><V4/><F4/><W31/><G34/><T77/><D42/><U106/><E8/><V39/><F39/><W117/><AGARI ba="1,0" hai="14,16,22,30,31,49,52,57,117,118,119" m="48169" machi="117" ten="40,8000,1" yaku="18,1,52,1,54,2" doraHai="53" who="3" fromWho="3" sc="370,-41,210,-21,210,-21,210,83" /><INIT seed="1,0,0,5,4,6" ten="329,189,189,293" oya="1" hai0="76,67,104,100,38,98,99,117,110,125,66,62,126" hai1="88,22,40,1,108,122,52,128,113,95,14,101,44" hai2="74,115,49,43,37,120,28,35,24,118,34,30,29" hai3="18,25,9,11,127,85,65,60,33,53,107,51,86"/><U84/><E1/><V4/><F37/><W68/><G107/><T16/><D38/><U79/><E122/><V96/><F74/><W61/><G127/><T71/><D117/><U39/><E113/><V70/><F70/><W135/><G135/><T83/><D67/><U134/><E134/><V90/><F120/><W45/><G60/><T50/><D110/><U47/><E108/><V55/><F43/><W82/><G86/><T69/><D69/><U17/><E128/><V36/><F36/><W78/><REACH who="3" step="1"/><G18/><REACH who="3" ten="329,189,189,283" step="2"/><T57/><D16/><U81/><E101/><V132/><F132/><W131/><G131/><T80/><D125/><U123/><E123/><V124/><F124/><W94/><G94/><T111/><D126/><U42/><E52/><V73/><F55/><W58/><G58/><T54/><D111/><U13/><E13/><V93/><F93/><W133/><G133/><T103/><D76/><U19/><E19/><V97/><F97/><W63/><G63/><T109/><D109/><U72/><E40/><V75/><F96/><W10/><G10/><T112/><D112/><U7/><REACH who="1" step="1"/><E47/><REACH who="1" ten="329,179,189,283" step="2"/><V114/><F114/><W77/><G77/><T32/><D103/><U0/><E0/><V3/><F115/><W87/><G87/><T31/><D99/><U5/><AGARI ba="0,2" hai="5,7,14,17,22,39,42,44,72,79,81,84,88,95" machi="5" ten="30,11700,0" yaku="1,1,0,1,54,1,53,1" doraHai="6" doraHaiUra="15" who="1" fromWho="1" sc="329,-39,179,137,189,-39,283,-39" /><INIT seed="1,1,0,1,4,3" ten="290,316,150,244" oya="1" hai0="87,101,37,64,90,121,19,56,72,25,67,14,2" hai1="117,39,21,13,71,76,30,134,0,83,125,70,135" hai2="53,54,68,105,63,38,59,80,96,130,49,44,66" hai3="133,92,109,84,27,43,1,115,78,102,79,36,118"/><U103/><E0/><V60/><F130/><W77/><G1/><T58/><D2/><U104/><E117/><V16/><F80/><W52/><G115/><T106/><D37/><U42/><E125/><V8/><F38/><W31/><G118/><T51/><D72/><N who="1" m="43399" /><E39/><V82/><F82/><W20/><G36/><T33/><D101/><U41/><E103/><V88/><F105/><W4/><G43/><N who="1" m="16394" /><E104/><V10/><REACH who="2" step="1"/><F16/><REACH who="2" ten="290,316,140,244" step="2"/><W47/><G79/><T61/><D19/><N who="1" m="10479" /><E30/><V26/><F26/><W29/><G78/><T45/><D25/><U93/><E93/><AGARI ba="1,1" hai="8,10,44,49,53,54,59,60,63,66,68,88,93,96" machi="93" ten="40,2600,0" yaku="1,1,54,1,53,0" doraHai="3" doraHaiUra="126" who="2" fromWho="1" sc="290,0,316,-29,140,39,244,0" /><INIT seed="2,0,0,4,3,67" ten="290,287,179,244" oya="2" hai0="33,110,130,7,91,20,69,123,53,96,36,97,37" hai1="88,121,26,21,16,57,127,87,120,27,70,72,112" hai2="79,118,133,100,125,18,82,114,23,0,13,83,51" hai3="128,108,75,9,43,59,92,71,90,55,109,105,39"/><V32/><F118/><W35/><G105/><T104/><D33/><U85/><E72/><V45/><F114/><W54/><G35/><T134/><D123/><N who="1" m="47179" /><E112/><V50/><F125/><W73/><G128/><T86/><D7/><U93/><E127/><V15/><F0/><W28/><G28/><T38/><D97/><N who="1" m="57511" /><E70/><V74/><F32/><W98/><G71/><T131/><D69/><U25/><E57/><V22/><F133/><W116/><G75/><T124/><D124/><U76/><E76/><V44/><F100/><W77/><G77/><T4/><D134/><U34/><E34/><V95/><F95/><W132/><G73/><T10/><D96/><U5/><E5/><V8/><F74/><W61/><G132/><T107/><D104/><U17/><E17/><V30/><F79/><W31/><G116/><T111/><D107/><U41/><E41/><V48/><F30/><W81/><G31/><T14/><D53/><U6/><E6/><V47/><REACH who="2" step="1"/><F13/><AGARI ba="0,0" hai="13,16,21,25,26,27,85,87" m="57511,47179" machi="13" ten="30,3900,0" yaku="13,1,54,2" doraHai="67" who="1" fromWho="2" sc="290,0,287,39,179,-39,244,0" /><INIT seed="3,0,0,5,5,21" ten="290,326,140,244" oya="3" hai0="92,135,133,125,59,57,105,32,129,106,2,87,100" hai1="85,108,112,3,80,26,122,20,44,54,10,99,8" hai2="16,5,130,89,109,4,77,67,31,23,29,60,131" hai3="53,0,49,56,95,128,17,132,79,22,110,37,96"/><W42/><G0/><T115/><D2/><U27/><E122/><V18/><F77/><W38/><G132/><T120/><D120/><U69/><E69/><V70/><F89/><W25/><G128/><N who="2" m="49193" /><F109/><W30/><G110/><T55/><D32/><U117/><E108/><V28/><F18/><W104/><G104/><T127/><D129/><U98/><E112/><V102/><F102/><W81/><G42/><T50/><D59/><U34/><E117/><V51/><F51/><W35/><G95/><T62/><D50/><N who="1" m="28999" /><E34/><V93/><F93/><W45/><G96/><N who="1" m="36906" /><E3/><V118/><F118/><W43/><G38/><T97/><D115/><U113/><E113/><V63/><F63/><W46/><G56/><T68/><D68/><U107/><E107/><N who="0" m="40969" /><D87/><U47/><E47/><V75/><F75/><W6/><G6/><T116/><D116/><U94/><E94/><V9/><F9/><N who="1" m="3689" /><E20/><V14/><AGARI ba="0,0" hai="4,5,14,16,23,28,29,31,60,67,70" m="49193" machi="14" ten="30,2000,0" yaku="19,1,54,1" doraHai="21" who="2" fromWho="2" sc="290,-5,326,-5,140,20,244,-10" /><INIT seed="4,0,0,2,5,91" ten="285,321,160,234" oya="0" hai0="103,15,64,60,111,131,72,53,57,78,126,42,38" hai1="19,82,120,29,89,77,92,135,22,115,90,101,86" hai2="94,54,8,13,121,76,33,116,93,41,16,132,24" hai3="97,114,133,66,4,11,50,55,80,105,106,26,5"/><T9/><D126/><U48/><E120/><V51/><F121/><W99/><G114/><T85/><D72/><U7/><E115/><V117/><F132/><W44/><G133/><T21/><D131/><U46/><E135/><V129/><F41/><W70/><G106/><T35/><D35/><U124/><E124/><V58/><F129/><W123/><G105/><T109/><D21/><U112/><E112/><V125/><F76/><W134/><G123/><T31/><D31/><U83/><E29/><N who="2" m="19623" /><F125/><W122/><G122/><T88/><D103/><U87/><E7/><V108/><F108/><N who="0" m="41546" /><D78/><U79/><E101/><V2/><F2/><W40/><G5/><N who="0" m="3503" /><D42/><N who="1" m="24663" /><E82/><V68/><F68/><W3/><G80/><N who="0" m="49191" /><D38/><U23/><E23/><V25/><F25/><AGARI ba="0,0" hai="19,22,25,77,79,83,86,87,89,90,92" m="24663" machi="25" ten="30,2000,0" yaku="8,1,52,1" doraHai="91" who="1" fromWho="2" sc="285,0,321,20,160,-20,234,0" /><INIT seed="5,0,0,2,4,96" ten="285,341,140,234" oya="1" hai0="92,30,34,83,2,119,24,60,70,62,4,116,3" hai1="6,99,79,37,57,56,105,7,5,86,50,71,44" hai2="115,17,130,36,107,52,82,65,47,103,89,46,122" hai3="43,113,8,64,124,132,61,20,58,106,121,31,45"/><U66/><E37/><V110/><F122/><W13/><G121/><T112/><D62/><U94/><E105/><V117/><F110/><W118/><G113/><T88/><D83/><N who="1" m="47487" /><E71/><V23/><F117/><W29/><G106/><T97/><D112/><U100/><E66/><V91/><F130/><W15/><G124/><T78/><D78/><U127/><E127/><V102/><F107/><W9/><G132/><T123/><D123/><U11/><E11/><V1/><F1/><W109/><G109/><T133/><D133/><U90/><E90/><N who="2" m="34315" /><F36/><W49/><G20/><T108/><D108/><U69/><E69/><V80/><F65/><W84/><G84/><T72/><D72/><U98/><E98/><V85/><F115/><W101/><G118/><T126/><D126/><U16/><E16/><V41/><F41/><AGARI ba="0,0" hai="5,6,7,41,44,50,56,57,94,99,100" m="47487" machi="41" ten="30,2900,0" yaku="8,1,52,1" doraHai="96" who="1" fromWho="2" sc="285,0,341,29,140,-29,234,0" /><INIT seed="5,1,0,1,3,134" ten="285,370,111,234" oya="1" hai0="0,83,6,85,52,100,56,65,113,13,67,66,61" hai1="97,84,16,9,125,76,20,70,36,129,103,8,35" hai2="40,63,72,1,130,79,38,39,101,92,54,15,50" hai3="34,119,86,107,105,43,95,53,55,68,124,21,122"/><U117/><E35/><V23/><F1/><W48/><G68/><T109/><D113/><U90/><E70/><V44/><F130/><W2/><G2/><T71/><D109/><U82/><E36/><V88/><F101/><W77/><G34/><T75/><D75/><U10/><E129/><V46/><F63/><W98/><G43/><T127/><D0/><U4/><E117/><V58/><F72/><W25/><G122/><T96/><D127/><U26/><E125/><V116/><F79/><W131/><G119/><T87/><D71/><U110/><E110/><V30/><F116/><W27/><G27/><T132/><D132/><U42/><E42/><V118/><F118/><W57/><G124/><T73/><D73/><U81/><E4/><V111/><F111/><W80/><G55/><T128/><D128/><U19/><E82/><V89/><F89/><W49/><G49/><T14/><D6/><U12/><REACH who="1" step="1"/><E76/><REACH who="1" ten="285,360,111,234" step="2"/><V51/><F38/><W37/><G37/><T114/><D83/><U32/><E32/><V91/><F39/><W60/><G131/><T5/><D5/><U123/><E123/><V33/><F33/><W126/><G126/><T24/><D114/><U3/><E3/><V69/><F69/><W99/><G80/><T74/><D74/><U62/><E62/><V7/><F7/><W31/><G60/><T135/><D61/><U47/><E47/><V115/><F44/><W18/><G77/><T59/><D135/><U106/><AGARI ba="1,1" hai="8,9,10,12,16,19,20,26,81,84,90,97,103,106" machi="106" ten="20,7800,0" yaku="1,1,0,1,7,1,54,1,53,0" doraHai="134" doraHaiUra="120" who="1" fromWho="1" sc="285,-27,360,91,111,-27,234,-27" /><INIT seed="5,2,0,4,5,4" ten="258,451,84,207" oya="1" hai0="2,103,25,62,133,123,104,5,3,115,19,81,96" hai1="64,50,17,44,23,71,105,36,16,97,99,109,9" hai2="120,67,95,61,98,58,122,92,6,79,135,40,125" hai3="32,18,15,100,34,52,70,127,75,66,59,118,128"/><U116/><E36/><V8/><F125/><W26/><G75/><T55/><D3/><U124/><E124/><V22/><F135/><W35/><G127/><T68/><D19/><U42/><E116/><V80/><F40/><W30/><G118/><T77/><D25/><U85/><E109/><V51/><F51/><W24/><G128/><T12/><D12/><U45/><E45/><V83/><F22/><W1/><G1/><T82/><D82/><U119/><E119/><V43/><F43/><W73/><G73/><T57/><D68/><U39/><E39/><V33/><F33/><W7/><G7/><T106/><D115/><U47/><E47/><V121/><F98/><W78/><G78/><T54/><D54/><U10/><E85/><V28/><F28/><W69/><G100/><T31/><D31/><U87/><E87/><V93/><REACH who="2" step="1"/><F79/><REACH who="2" ten="258,451,74,207" step="2"/><W108/><G30/><T111/><D96/><U74/><E23/><V84/><F84/><W13/><G35/><T110/><D77/><U113/><E99/><V101/><F101/><W129/><G34/><T65/><D103/><U21/><E97/><V38/><F38/><W107/><G32/><T130/><D133/><U60/><E21/><V90/><F90/><W14/><G107/><T132/><D106/><U72/><E105/><V76/><F76/><W131/><G131/><T117/><D104/><U91/><E91/><V37/><F37/><W126/><G129/><T114/><D130/><U94/><E74/><V56/><F56/><W63/><G126/><T89/><D57/><U41/><E72/><V88/><F88/><RYUUKYOKU ba="2,1" sc="258,-10,451,-10,74,30,207,-10" hai2="6,8,58,61,67,80,83,92,93,95,120,121,122" /><INIT seed="6,3,1,5,2,18" ten="248,441,104,197" oya="2" hai0="54,50,102,111,112,14,49,45,35,7,63,52,27" hai1="128,84,123,119,110,101,91,103,60,11,6,4,22" hai2="21,113,23,76,70,132,30,9,31,118,92,43,86" hai3="85,124,51,0,100,131,71,24,69,130,65,2,16"/><V108/><F118/><W34/><G124/><T28/><D111/><U109/><E119/><V79/><F113/><W56/><G100/><T62/><D102/><U116/><E116/><V72/><F132/><W129/><G85/><T93/><D93/><U53/><E123/><V1/><F70/><N who="3" m="26635" /><G16/><T104/><D104/><U5/><E103/><V117/><F117/><W67/><G51/><T105/><D105/><U47/><E101/><V127/><F127/><W135/><G135/><T15/><D15/><U33/><E33/><V134/><F134/><W46/><G46/><T75/><D75/><U29/><E11/><V59/><F108/><W87/><G87/><T121/><D121/><U8/><E8/><V64/><F43/><W95/><G95/><T13/><D13/><U25/><E110/><V125/><F125/><W68/><G68/><T44/><D112/><U97/><E97/><V89/><F9/><AGARI ba="3,1" hai="7,9,14,27,28,35,44,45,49,50,52,54,62,63" machi="9" ten="40,2600,0" yaku="9,1,54,1" doraHai="18" who="0" fromWho="2" sc="248,45,441,0,104,-35,197,0" /><INIT seed="7,0,0,0,5,15" ten="293,441,69,197" oya="3" hai0="89,1,87,104,13,102,14,3,19,24,55,23,116" hai1="28,45,27,122,85,2,69,129,54,91,127,90,112" hai2="57,20,51,83,21,119,7,96,73,126,95,92,123" hai3="60,78,74,18,134,114,98,135,94,34,66,106,47"/><W100/><G34/><T41/><D41/><U108/><E69/><V33/><F119/><W43/><G114/><T36/><D36/><U88/><E2/><V6/><F33/><W35/><G35/><T44/><D116/><U32/><E112/><V37/><F37/><W81/><G94/><T70/><D70/><U0/><E0/><V62/><F126/><W79/><G79/><T120/><D120/><U65/><E65/><V26/><F123/><W64/><G18/><T58/><D3/><U46/><E127/><V5/><F51/><W86/><G86/><T71/><D1/><U9/><E9/><V97/><F73/><W128/><G128/><T117/><D71/><U38/><E129/><V52/><F83/><W48/><G60/><T84/><D84/><U4/><E4/><V101/><REACH who="2" step="1"/><F26/><REACH who="2" ten="293,441,59,197" step="2"/><W80/><G80/><T133/><D24/><U113/><E122/><V12/><F12/><W99/><G81/><T75/><D14/><U124/><E38/><V131/><F131/><W105/><G74/><T107/><D75/><U125/><E32/><V17/><F17/><W40/><G48/><T11/><D19/><U61/><E125/><V77/><F77/><W68/><G78/><T53/><D13/><U110/><E124/><V31/><F31/><W22/><G135/><T76/><D133/><U30/><E30/><V42/><F42/><W115/><G40/><T49/><D76/><U63/><E28/><V103/><AGARI ba="0,1" hai="5,6,7,20,21,52,57,62,92,95,96,97,101,103" machi="103" ten="30,12000,2" yaku="1,1,0,1,9,1,8,1,54,1,53,2" doraHai="15" doraHaiUra="93" who="2" fromWho="2" sc="293,-30,441,-30,59,130,197,-60" owari="263,6.0,411,51.0,189,-21.0,137,-36.0" /></mjloggm>