<mjloggm ver="2.3"><GO type="169" lobby="0"/><UN n0="%E5%B0%B1%E6%B4%BB%E7%94%9F%40%E5%B7%9D%E6%9D%91%E8%BB%8D%E5%9B%A3" n1="%E6%B0%B4%E5%93%89%E3%81%AE%E3%83%AC%E3%82%B8%E3%82%A7%E3%83%B3%E3%83%89" n2="%E5%99%82%E3%81%AE%E3%81%8D%E3%81%BF%E3%81%A9%E3%82%8A" n3="%E3%83%8B%E3%83%A3%E3%83%83%E3%83%94%E3%83%BC%E5%A4%8F%E7%9B%AE" dan="18,16,16,17" rate="2238.87,2084.77,2134.83,2140.54" sx="M,M,F,M"/><TAIKYOKU oya="0"/><INIT seed="0,0,0,1,5,30" ten="250,250,250,250" oya="0" hai0="109,36,48,119,91,29,78,76,83,55,79,120,121" hai1="89,1,23,28,33,98,105,107,42,60,18,10,6" hai2="49,131,27,43,39,25,95,103,92,3,110,115,73" hai3="22,57,75,20,13,15,74,64,87,81,117,84,51"/><T35/><D36/><U34/><E42/><V40/><F110/><W69/><G69/><T130/><D119/><U9/><E9/><V41/><F73/><W118/><G81/><T129/><D109/><U45/><E45/><N who="2" m="25767" /><F39/><W86/><G51/><T135/><D135/><U50/><E50/><V93/><F3/><W77/><G57/><T65/><D65/><U113/><E113/><V12/><F115/><W54/><G54/><T100/><D100/><U47/><E47/><V11/><F131/><N who="0" m="50186" /><D91/><U116/><E116/><V90/><F103/><W128/><G128/><T66/><D66/><U124/><E124/><V67/><F67/><W134/><G64/><T99/><D99/><U0/><E0/><V44/><F44/><W21/><G134/><T133/><D83/><U32/><E60/><V112/><F112/><W24/><G118/><T8/><D8/><U111/><E111/><V123/><F123/><W125/><G117/><T114/><D114/><U127/><E127/><V106/><F106/><W58/><G125/><T102/><D102/><U5/><E5/><N who="2" m="3183" /><F90/><W61/><G61/><T53/><D133/><U126/><E126/><V62/><F62/><W17/><G77/><T96/><D96/><U104/><E89/><V59/><F59/><W108/><G58/><N who="0" m="33063" /><D55/><U94/><E104/><V82/><F82/><W68/><G108/><T122/><D122/><U101/><REACH who="1" step="1"/><E28/><REACH who="1" ten="250,240,250,250" step="2"/><V26/><AGARI ba="0,1" hai="25,26,27,41,43,92,93,95" m="3183,25767" machi="26" ten="30,1100,0" yaku="8,1" doraHai="30" who="2" fromWho="2" sc="250,-5,240,-3,250,21,250,-3" /><INIT seed="1,0,0,5,2,132" ten="245,237,271,247" oya="1" hai0="40,1,129,14,46,41,121,116,60,104,91,81,110" hai1="16,97,53,128,93,52,103,8,32,96,4,99,45" hai2="94,100,131,78,90,18,64,2,63,17,30,48,83" hai3="123,126,58,19,49,86,44,0,70,5,65,80,120"/><U68/><E32/><V26/><F131/><W55/><G5/><T13/><D1/><U92/><E128/><V71/><F2/><W7/><G7/><T89/><D104/><U79/><E68/><V28/><F100/><W98/><G0/><T119/><D129/><U72/><E4/><V125/><F30/><W38/><G98/><T57/><D110/><U25/><E72/><V102/><F125/><W88/><G126/><T42/><D46/><U122/><E79/><V105/><F48/><W50/><G19/><T75/><D75/><U107/><E122/><V133/><F133/><W95/><G80/><T85/><D121/><U20/><E8/><V21/><F105/><W108/><G108/><T29/><D29/><U23/><E23/><V101/><F102/><W54/><REACH who="3" step="1"/><G38/><REACH who="3" ten="245,237,271,237" step="2"/><T118/><REACH who="0" step="1"/><D89/><REACH who="0" ten="235,237,271,237" step="2"/><U11/><E107/><V15/><F101/><W61/><AGARI ba="0,2" hai="44,49,50,54,55,58,61,65,70,86,88,95,120,123" machi="61" ten="30,7900,0" yaku="1,1,2,1,0,1,54,1,53,0" doraHai="132" doraHaiUra="39" who="3" fromWho="3" sc="235,-20,237,-39,271,-20,237,99" /><INIT seed="2,0,0,4,1,99" ten="215,198,251,336" oya="2" hai0="17,60,10,65,58,52,41,102,4,123,20,106,82" hai1="3,129,110,91,113,95,132,6,13,44,14,109,131" hai2="38,77,47,98,33,70,23,34,105,46,79,71,51" hai3="11,0,96,42,12,112,94,37,5,75,80,97,115"/><V29/><F38/><W54/><G12/><T104/><BYE who="1" /><D123/><U126/><E126/><V9/><F9/><W93/><G54/><T40/><D104/><U133/><E133/><V39/><F39/><W19/><G19/><T48/><D82/><U78/><E78/><V35/><F47/><N who="3" m="24015" /><G97/><T84/><D84/><U88/><E88/><V57/><F57/><W128/><G128/><T135/><D135/><U7/><E7/><V86/><F86/><UN n1="%E6%B0%B4%E5%93%89%E3%81%AE%E3%83%AC%E3%82%B8%E3%82%A7%E3%83%B3%E3%83%89" /><W55/><G55/><T24/><D102/><U30/><E113/><N who="3" m="43594" /><G96/><T117/><D117/><U50/><E132/><V74/><F74/><W89/><G89/><T53/><D106/><U73/><E30/><V64/><F64/><W127/><G127/><T21/><D21/><U116/><E116/><V22/><F105/><W31/><G31/><T101/><D101/><U103/><E103/><V8/><F98/><W36/><G36/><T111/><D111/><N who="1" m="42507" /><E73/><V68/><F8/><W45/><G45/><T130/><D130/><N who="1" m="49675" /><E6/><V63/><F63/><W120/><G120/><T83/><D83/><U69/><E3/><V2/><F2/><W18/><G18/><T27/><D27/><U134/><E134/><V114/><F114/><W1/><G1/><T87/><D4/><U49/><E49/><V56/><F29/><W90/><G90/><T28/><D28/><U61/><E61/><V67/><F79/><AGARI ba="0,0" hai="0,5,11,75,79,80,93,94" m="43594,24015" machi="79" ten="30,2000,0" yaku="25,1,11,1" doraHai="99" who="3" fromWho="2" sc="215,0,198,0,251,-20,336,20" /><INIT seed="3,0,0,2,4,89" ten="215,198,231,356" oya="3" hai0="131,23,5,20,100,60,91,62,113,19,47,102,123" hai1="7,118,67,65,104,17,43,130,94,14,83,36,84" hai2="12,105,38,98,76,50,86,41,58,134,129,15,2" hai3="61,109,26,54,114,101,112,66,29,25,28,48,75"/><W18/><G75/><T40/><D123/><U32/><E104/><V97/><F2/><W78/><G78/><T9/><D131/><U4/><E118/><V39/><F134/><W121/><G121/><T22/><D113/><U73/><E32/><V120/><F105/><W108/><G101/><T0/><D19/><U85/><E130/><V88/><F129/><W21/><G114/><T51/><REACH who="0" step="1"/><D91/><REACH who="0" ten="205,198,231,356" step="2"/><U80/><E17/><V10/><F120/><W90/><G112/><T110/><D110/><U68/><E4/><V74/><F88/><W115/><G18/><T53/><D53/><U30/><E7/><V52/><F52/><W135/><G90/><T127/><D127/><U82/><E82/><V133/><F98/><W99/><G99/><T96/><D96/><U92/><E83/><V45/><F97/><W49/><G54/><T95/><D95/><U24/><E80/><V57/><F133/><W44/><G115/><T1/><D1/><U34/><E92/><V56/><F12/><W79/><G135/><T106/><D106/><U35/><E94/><V27/><F27/><W103/><G26/><T33/><D33/><U69/><E34/><V122/><F122/><W6/><G25/><T64/><D64/><U31/><E65/><V117/><F117/><W70/><G6/><T111/><D111/><U124/><E67/><V81/><REACH who="2" step="1"/><F74/><REACH who="2" ten="205,198,221,356" step="2"/><W87/><G108/><T8/><D8/><U132/><E24/><V71/><F71/><N who="3" m="42447" /><G109/><T128/><D128/><U13/><E13/><V119/><F119/><W11/><G70/><T125/><D125/><U16/><E14/><RYUUKYOKU ba="0,2" sc="205,15,198,-15,221,15,356,-15" hai0="0,5,9,20,22,23,40,47,51,60,62,100,102" hai2="10,15,38,39,41,45,50,56,57,58,76,81,86" /><INIT seed="4,1,2,2,1,52" ten="220,183,236,341" oya="0" hai0="45,78,71,99,61,11,32,7,94,18,68,28,74" hai1="76,101,102,65,100,118,31,124,33,128,73,104,19" hai2="72,110,126,85,92,80,2,108,26,60,63,135,83" hai3="35,114,125,9,47,88,91,120,107,106,13,62,3"/><T115/><D115/><U117/><E33/><V105/><F2/><W1/><G35/><T6/><D32/><U16/><E31/><V86/><F126/><W54/><G114/><T133/><D133/><U41/><E41/><V43/><F43/><W82/><G125/><T23/><D28/><U75/><E124/><V40/><F40/><W96/><G120/><T46/><D78/><U79/><E65/><V49/><F92/><W50/><G62/><T134/><D74/><U5/><E5/><V0/><F0/><N who="3" m="75" /><G91/><T38/><D134/><U17/><E104/><V130/><F135/><W84/><G96/><T69/><D61/><U44/><E44/><V131/><F26/><W70/><G70/><T4/><D11/><U119/><REACH who="1" step="1"/><E128/><REACH who="1" ten="220,173,236,341" step="2"/><V97/><F131/><W66/><G66/><T59/><D38/><U77/><AGARI ba="1,3" hai="16,17,19,73,75,76,77,79,100,101,102,117,118,119" machi="77" ten="50,32000,5" yakuman="40" doraHai="52" doraHaiUra="67" who="1" fromWho="1" sc="220,-161,173,353,236,-81,341,-81" /><INIT seed="5,0,0,3,4,57" ten="59,526,155,260" oya="1" hai0="80,30,93,17,96,41,90,105,113,0,84,76,20" hai1="51,91,74,64,100,55,131,26,10,125,112,19,9" hai2="7,44,43,65,94,68,24,133,48,49,23,5,115" hai3="128,66,82,11,127,111,77,98,56,95,70,28,83"/><U73/><E112/><V42/><F133/><W120/><G70/><T101/><D113/><U29/><E131/><V109/><F109/><W34/><G111/><T36/><D0/><U40/><E40/><V92/><F115/><W108/><G108/><T103/><D30/><U79/><E100/><V52/><F68/><W3/><G120/><T132/><D132/><U14/><E64/><V121/><F65/><W114/><G114/><T22/><D22/><U62/><E10/><V119/><F43/><W87/><G128/><T85/><D36/><U50/><E79/><V99/><F121/><W129/><G129/><T89/><D41/><U122/><E122/><V124/><F124/><W25/><G127/><T88/><REACH who="0" step="1"/><D101/><REACH who="0" ten="49,526,155,260" step="2"/><U58/><E125/><V33/><F119/><W27/><G28/><T8/><D8/><U1/><E1/><V107/><F33/><W134/><G11/><T18/><D18/><U32/><E9/><V47/><F107/><W135/><G3/><T59/><D59/><U110/><E19/><V46/><F47/><W71/><G56/><T15/><AGARI ba="0,1" hai="15,17,20,76,80,84,85,88,89,90,93,96,103,105" machi="15" ten="20,5200,0" yaku="1,1,0,1,7,1,54,1,53,0" doraHai="57" doraHaiUra="63" who="0" fromWho="0" sc="49,62,526,-26,155,-13,260,-13" /><INIT seed="6,0,0,4,2,68" ten="111,500,142,247" oya="2" hai0="112,0,58,79,122,115,45,59,19,28,63,86,117" hai1="17,109,128,82,42,41,5,20,26,81,53,113,12" hai2="92,11,94,24,98,7,52,60,75,15,130,120,71" hai3="83,37,30,46,66,84,56,111,62,100,69,54,77"/><V3/><F120/><W72/><G100/><T10/><D122/><U88/><E109/><V76/><F130/><W29/><G72/><T4/><D117/><U22/><E128/><V116/><F116/><W55/><G55/><T129/><D129/><U126/><E113/><N who="0" m="43593" /><D28/><U103/><E103/><N who="2" m="60871" /><F75/><W101/><G101/><T91/><D19/><U40/><E126/><V121/><F3/><W127/><G111/><T13/><D79/><U87/><E53/><V50/><F71/><W70/><G70/><T39/><D0/><U16/><E5/><V119/><F119/><W65/><G65/><T51/><D63/><U105/><E105/><V132/><F132/><W118/><G127/><T114/><N who="0" m="43601" /><T93/><DORA hai="31" /><D39/><U43/><E43/><AGARI ba="0,0" hai="4,10,13,43,45,51,58,59,86,91,93" m="43601" machi="43" ten="40,1300,0" yaku="15,1" doraHai="68,31" who="0" fromWho="1" sc="111,13,500,-13,142,0,247,0" /><INIT seed="7,0,0,0,3,84" ten="124,487,142,247" oya="3" hai0="19,36,86,33,73,89,108,80,15,25,24,135,58" hai1="26,28,132,35,107,53,113,67,22,66,8,71,82" hai2="75,32,39,37,124,103,115,4,125,100,64,78,127" hai3="111,120,57,87,65,31,134,29,9,117,121,63,14"/><W96/><G96/><T93/><D108/><U70/><E82/><N who="2" m="45407" /><F115/><W76/><G134/><T42/><D135/><U62/><E107/><V77/><F77/><W13/><G13/><T7/><D33/><U2/><E8/><V52/><F32/><W68/><G68/><T34/><D34/><U6/><E2/><V106/><F64/><W45/><G120/><T128/><D128/><U94/><E6/><V112/><F112/><W10/><G10/><N who="0" m="4575" /><D36/><N who="2" m="13898" /><F106/><W44/><G117/><T27/><D73/><U129/><E129/><V110/><F110/><W123/><G123/><T54/><D42/><U1/><E1/><V102/><F4/><W51/><G45/><T5/><D5/><U49/><E70/><V99/><F99/><W116/><G116/><T131/><D131/><U109/><E94/><V114/><F114/><W11/><G11/><T118/><D118/><U74/><E74/><V105/><F105/><W130/><G130/><T38/><D38/><U61/><E61/><V101/><F101/><W50/><G50/><N who="0" m="31063" /><D19/><U85/><E85/><V81/><F52/><W122/><G111/><T17/><D17/><U98/><E98/><V30/><F30/><W18/><G121/><T91/><D93/><U12/><E12/><V133/><F133/><W21/><G122/><T59/><D59/><U95/><E95/><V23/><F23/><W104/><G21/><T0/><D0/><U16/><E16/><V69/><F69/><W41/><G18/><T47/><D47/><U48/><E48/><V40/><F40/><W46/><G104/><T119/><D119/><U83/><E132/><RYUUKYOKU ba="0,0" sc="124,15,487,-15,142,15,247,-15" hai0="24,25,27,80,86,89,91" hai2="81,100,102,103,124,125,127" owari="139,-36.0,472,57.0,157,-24.0,232,3.0" /></mjloggm>