<mjloggm ver="2.3"><GO type="169" lobby="0"/><UN n0="%E6%96%87%E5%9B%9B%E9%83%8E" n1="%E5%B0%B1%E6%B4%BB%E7%94%9F%40%E5%B7%9D%E6%9D%91%E8%BB%8D%E5%9B%A3" n2="%E5%A0%B4%E4%BB%A3" n3="%41%E3%82%86%E3%81%A3%E3%81%93%E3%82%93%E3%81%90" dan="16,18,16,17" rate="2120.21,2245.55,2127.34,2128.84" sx="M,M,M,M"/><TAIKYOKU oya="0"/><INIT seed="0,0,0,2,0,109" ten="250,250,250,250" oya="0" hai0="65,107,31,85,11,41,133,55,50,81,117,4,87" hai1="56,63,60,118,36,100,127,37,80,95,58,83,113" hai2="134,71,122,66,0,120,44,76,35,5,62,79,72" hai3="82,94,17,124,29,86,19,48,18,126,61,27,70"/><T12/><D117/><U30/><E118/><V52/><F134/><W64/><G48/><T26/><D107/><U84/><E127/><V96/><F35/><W6/><G94/><T93/><D65/><U77/><E30/><V130/><F130/><W99/><G99/><T23/><D133/><U7/><E7/><V57/><F44/><W101/><G101/><T110/><D110/><U15/><E15/><V16/><F96/><W135/><G6/><T73/><D41/><U1/><E1/><V116/><F116/><W119/><G135/><T43/><D43/><U123/><E123/><V92/><F92/><W106/><G106/><T104/><D104/><U39/><E83/><V129/><F129/><W103/><G103/><T112/><D112/><U131/><E131/><V24/><F5/><W121/><G121/><T2/><D93/><U34/><E34/><V132/><F0/><W14/><G14/><T49/><D49/><U67/><E95/><V33/><F132/><W115/><G115/><T20/><D73/><U54/><REACH who="1" step="1"/><E100/><REACH who="1" ten="250,240,250,250" step="2"/><V108/><F108/><W42/><G119/><T68/><D81/><U38/><N who="1" m="9728" /><DORA hai="90" /><U3/><E3/><V8/><F120/><W13/><G13/><T28/><D2/><U9/><E9/><V47/><F8/><W69/><G126/><T125/><D125/><U128/><E128/><V32/><F32/><N who="3" m="20543" /><G124/><T88/><D31/><U75/><E75/><V10/><F72/><W46/><G82/><T74/><D74/><U78/><E78/><V40/><F122/><W21/><G21/><T53/><D23/><U111/><E111/><RYUUKYOKU ba="0,1" sc="250,-10,240,30,250,-10,250,-10" hai1="54,56,58,60,63,67,77,80,84,113" /><INIT seed="1,1,1,2,1,17" ten="240,270,240,240" oya="1" hai0="103,92,15,27,102,78,57,135,30,123,5,126,132" hai1="68,128,85,107,59,96,52,35,1,91,118,65,24" hai2="115,90,43,109,39,122,113,114,76,32,29,19,101" hai3="131,11,55,88,133,66,97,72,54,44,127,48,77"/><U23/><E1/><V2/><F122/><W94/><G131/><T8/><D78/><U3/><E3/><V62/><F2/><W61/><G133/><N who="0" m="51275" /><D123/><U70/><E118/><V79/><F109/><W45/><G127/><T18/><D126/><U13/><E128/><V22/><F101/><W40/><G11/><T0/><D57/><U130/><E130/><V53/><F29/><W106/><G106/><T83/><D83/><U129/><E129/><V69/><F32/><W36/><G72/><T14/><D92/><U124/><E65/><N who="2" m="41143" /><F53/><W4/><G4/><T108/><D108/><U38/><E38/><V86/><F43/><W51/><G77/><T121/><D0/><U9/><E35/><V80/><F39/><W99/><G36/><T12/><D12/><AGARI ba="1,1" hai="12,19,22,76,79,80,86,90,113,114,115" m="41143" machi="12" ten="30,2000,0" yaku="11,1,52,1" doraHai="17" who="2" fromWho="0" sc="240,-23,270,0,240,33,240,0" /><INIT seed="2,0,0,0,5,7" ten="217,270,273,240" oya="2" hai0="34,117,128,60,134,35,45,92,89,10,100,59,94" hai1="97,27,11,18,26,99,12,106,2,125,31,39,74" hai2="131,30,132,20,52,91,68,85,44,78,110,49,62" hai3="90,13,5,133,61,114,48,104,71,115,116,70,95"/><V66/><F132/><W57/><G116/><T83/><D134/><U3/><E74/><V0/><F0/><W46/><G104/><T80/><D128/><U130/><E39/><V16/><F131/><W65/><G133/><T88/><D100/><U108/><E130/><V72/><F72/><W43/><G5/><T124/><D117/><U36/><E36/><V32/><F32/><W123/><G123/><T86/><D124/><U28/><E108/><V38/><F30/><W21/><G13/><T79/><D45/><U109/><E109/><V54/><F110/><W55/><G21/><T63/><D59/><U119/><E119/><V112/><F78/><W19/><G19/><T25/><D79/><U96/><E106/><V17/><F112/><N who="3" m="43051" /><G95/><T29/><D86/><U102/><E102/><V4/><F4/><W15/><G15/><T53/><D29/><U58/><E58/><V42/><F38/><N who="3" m="21879" /><G90/><T118/><D118/><U37/><E125/><V40/><F40/><W135/><G135/><T8/><D53/><U67/><E67/><V93/><F17/><W105/><G105/><T23/><D23/><U1/><E37/><V24/><AGARI ba="0,0" hai="16,20,24,42,44,49,52,54,62,66,68,85,91,93" machi="24" ten="20,7800,0" yaku="0,1,7,1,54,2" doraHai="7" who="2" fromWho="2" sc="217,-26,270,-26,273,78,240,-26" /><INIT seed="2,1,0,1,0,103" ten="191,244,351,214" oya="2" hai0="104,121,16,97,101,67,90,24,72,86,78,2,123" hai1="124,96,54,113,131,10,27,36,111,81,77,38,4" hai2="73,18,66,118,43,60,107,109,83,32,17,76,115" hai3="87,22,20,133,61,80,31,84,37,25,79,56,34"/><V28/><F115/><W74/><G37/><T19/><D67/><U134/><E113/><V95/><F118/><W40/><G40/><T55/><D2/><U42/><E111/><V59/><F107/><W82/><G133/><T120/><D55/><U100/><E134/><V93/><F43/><W91/><REACH who="3" step="1"/><G74/><REACH who="3" ten="191,244,351,204" step="2"/><T108/><D108/><U46/><E38/><V8/><F109/><W49/><G49/><T51/><D51/><U47/><E42/><V89/><F73/><W0/><G0/><T12/><D24/><U130/><E27/><V122/><F122/><W9/><G9/><T114/><D114/><U94/><E10/><V41/><F8/><W50/><G50/><T132/><D132/><U119/><E36/><V44/><F41/><W33/><G33/><T75/><D12/><U106/><E119/><V65/><F32/><W23/><G23/><T13/><D13/><U127/><E131/><V3/><F3/><W135/><G135/><T110/><D110/><U15/><E15/><V11/><F11/><W1/><G1/><T117/><D117/><U26/><E26/><V112/><F112/><W85/><G85/><T105/><D75/><U30/><E130/><V7/><F7/><W5/><G5/><T21/><D21/><U48/><E4/><V53/><F60/><W29/><G29/><T64/><D72/><U35/><E30/><V129/><F28/><W99/><G99/><T63/><D97/><N who="1" m="61711" /><E35/><V68/><F129/><W52/><AGARI ba="1,1" hai="20,22,25,31,34,52,56,61,79,80,82,84,87,91" machi="52" ten="20,5200,0" yaku="1,1,0,1,7,1,54,1,53,0" doraHai="103" doraHaiUra="62" who="3" fromWho="3" sc="191,-14,244,-14,351,-27,204,65" /><INIT seed="3,0,0,3,3,37" ten="177,230,324,269" oya="3" hai0="21,123,28,77,32,96,34,27,61,56,102,133,91" hai1="45,38,87,33,93,90,119,23,40,7,74,127,82" hai2="97,126,1,110,109,41,25,14,10,17,19,124,50" hai3="130,113,125,43,6,62,104,9,20,118,111,72,86"/><W76/><G86/><T2/><D123/><U92/><E33/><V26/><F97/><W65/><G20/><T78/><D2/><U59/><E127/><N who="2" m="48683" /><F1/><N who="3" m="207" /><G125/><T88/><D133/><U108/><E108/><N who="2" m="41579" /><F17/><W49/><G49/><T106/><D34/><U105/><E105/><V64/><F64/><W52/><G52/><T80/><D32/><U39/><E39/><V67/><F67/><W98/><G111/><T112/><D77/><U84/><E119/><V47/><AGARI ba="0,0" hai="10,14,19,25,26,41,47,50" m="41579,48683" machi="47" ten="40,5200,0" yaku="18,1,14,1,52,1" doraHai="37" who="2" fromWho="2" sc="177,-13,230,-13,324,52,269,-26" /><INIT seed="4,0,0,5,5,85" ten="164,217,376,243" oya="0" hai0="81,112,8,4,13,9,35,67,3,36,106,101,88" hai1="42,6,37,21,99,82,116,54,91,14,132,134,75" hai2="33,131,105,45,31,19,12,76,59,53,120,78,113" hai3="58,29,103,108,133,128,119,55,104,32,2,61,50"/><T70/><D36/><U110/><E116/><V22/><F105/><W56/><G119/><T92/><D35/><U127/><E75/><V100/><F120/><W114/><G108/><T84/><D106/><U111/><E37/><V0/><F100/><W23/><G114/><T93/><D112/><U122/><E122/><V72/><F113/><W1/><G32/><T10/><D10/><U95/><E42/><V96/><F96/><W125/><G128/><T46/><D46/><U30/><E54/><V94/><F94/><W41/><G133/><N who="1" m="51306" /><E127/><V90/><F90/><W98/><G125/><T135/><D135/><U5/><E82/><V79/><F0/><W109/><G109/><N who="1" m="41482" /><E14/><V74/><F45/><W20/><G41/><T38/><D38/><U18/><E18/><V126/><F126/><W86/><G2/><T64/><D101/><U40/><E40/><V115/><F131/><W89/><G1/><T73/><D70/><U118/><E118/><V97/><F115/><W66/><REACH who="3" step="1"/><G29/><REACH who="3" ten="164,217,376,233" step="2"/><T44/><D44/><U25/><AGARI ba="0,1" hai="5,6,21,25,30,91,95,99" m="41482,51306" machi="25" ten="40,2700,0" yaku="20,1,52,1" doraHai="85" who="1" fromWho="1" sc="164,-13,217,37,376,-7,233,-7" /><INIT seed="5,0,0,3,3,99" ten="151,254,369,226" oya="1" hai0="58,128,70,18,131,50,110,92,24,135,15,107,38" hai1="77,41,83,53,26,13,78,93,25,6,94,71,16" hai2="112,76,124,37,33,119,97,104,28,113,121,98,1" hai3="7,9,95,72,108,0,69,14,120,106,85,123,27"/><U129/><E71/><V100/><F1/><W12/><G108/><T59/><D110/><U115/><E115/><N who="2" m="44107" /><F37/><W40/><G72/><T89/><D107/><U52/><E41/><V111/><F111/><W118/><G69/><T127/><D38/><U68/><E68/><V48/><F121/><W81/><G106/><T39/><D39/><U60/><E6/><V44/><F119/><W65/><G65/><T117/><D70/><U130/><E60/><V10/><F76/><N who="1" m="29289" /><E83/><V73/><F73/><W57/><G81/><T55/><D117/><U51/><E129/><V105/><F10/><W31/><G118/><T66/><D127/><U23/><E130/><N who="0" m="49705" /><D135/><U79/><E79/><V82/><F82/><W45/><G123/><T64/><D24/><N who="1" m="9323" /><E53/><N who="2" m="29831" /><F124/><W96/><G120/><T35/><D35/><U42/><E42/><V36/><F36/><W114/><G40/><T122/><D122/><U43/><E43/><V133/><F133/><W30/><G114/><T102/><D59/><AGARI ba="0,0" hai="13,16,23,51,52,59,93,94" m="9323,29289" machi="59" ten="30,5800,0" yaku="8,1,54,2" doraHai="99" who="1" fromWho="0" sc="151,-58,254,58,369,0,226,0" /><INIT seed="5,1,0,0,0,43" ten="93,312,369,226" oya="1" hai0="58,20,53,107,52,70,116,106,99,80,22,94,33" hai1="108,71,77,122,76,73,32,115,114,105,4,118,110" hai2="65,72,38,5,90,45,31,132,36,55,13,130,98" hai3="50,84,14,64,111,51,11,26,1,67,34,9,129"/><U81/><E32/><V59/><F72/><W121/><G111/><N who="1" m="42538" /><E4/><V124/><F31/><W28/><G121/><T133/><D116/><U56/><E56/><V49/><F124/><W75/><G75/><T112/><D70/><U89/><E71/><V12/><F132/><W41/><G1/><T8/><D33/><U103/><E122/><V6/><F130/><W85/><G129/><T66/><D133/><U35/><E35/><V68/><F36/><W95/><G11/><T46/><D112/><N who="1" m="43051" /><E118/><V44/><F38/><W37/><G64/><T123/><D123/><U7/><E7/><N who="2" m="2571" /><F68/><W19/><G67/><T126/><D126/><U74/><E89/><V93/><F65/><W82/><G34/><T23/><D8/><U97/><E76/><V27/><F27/><W15/><G26/><T101/><D66/><U92/><E73/><V104/><F13/><W47/><G14/><T16/><D16/><U131/><E131/><V127/><F127/><W86/><G28/><T128/><D128/><U78/><E77/><V57/><F57/><W69/><G69/><T40/><D53/><U88/><E88/><V63/><F12/><W39/><G39/><T100/><D80/><U62/><E62/><V119/><F119/><W10/><G82/><T18/><D18/><U79/><E79/><V24/><F24/><W91/><G10/><T17/><D17/><U117/><E117/><V60/><F60/><W96/><AGARI ba="1,0" hai="9,15,19,37,41,47,50,51,84,85,86,91,95,96" machi="96" ten="30,2000,0" yaku="0,1,52,1" doraHai="43" who="3" fromWho="3" sc="93,-6,312,-11,369,-6,226,23" /><INIT seed="6,0,0,2,5,129" ten="87,301,363,249" oya="2" hai0="79,46,29,110,107,87,56,61,95,32,78,0,81" hai1="71,72,11,9,84,104,28,52,23,41,89,15,119" hai2="54,58,134,96,5,38,18,24,12,50,35,102,57" hai3="66,43,85,40,99,6,36,21,106,130,26,131,14"/><V60/><F134/><W128/><G66/><T76/><D110/><U83/><E119/><V123/><F38/><W101/><G36/><T77/><D107/><U67/><E41/><V13/><F123/><W120/><G120/><T82/><D0/><U93/><E104/><V135/><F135/><W100/><G100/><T112/><D112/><U109/><E109/><V44/><F57/><W33/><G33/><T64/><D32/><U20/><E71/><V68/><F5/><W17/><REACH who="3" step="1"/><G85/><REACH who="3" ten="87,301,363,239" step="2"/><T73/><D29/><U25/><E72/><V74/><F74/><W75/><G75/><T55/><D95/><U51/><E83/><V133/><F133/><W37/><G37/><T30/><D30/><U125/><E125/><V10/><F35/><W98/><G98/><T132/><D132/><U122/><E122/><V97/><F97/><W108/><G108/><T94/><D94/><U103/><E67/><V80/><F80/><W2/><G2/><T59/><REACH who="0" step="1"/><D46/><REACH who="0" ten="77,301,363,239" step="2"/><N who="1" m="27767" /><E103/><V19/><F44/><W115/><G115/><T42/><D42/><U62/><E28/><V126/><F102/><W70/><G70/><T113/><D113/><U1/><E1/><V16/><F68/><W27/><G27/><T53/><D53/><U31/><E25/><V111/><F24/><W92/><G92/><T90/><D90/><U48/><E31/><V86/><F111/><W127/><G127/><T124/><D124/><U88/><E89/><V8/><F126/><W3/><G3/><T91/><D91/><U22/><E93/><V65/><F54/><W39/><G39/><T49/><AGARI ba="0,2" hai="49,55,56,59,61,64,73,76,77,78,79,81,82,87" machi="49" ten="20,5200,0" yaku="1,1,5,1,0,1,7,1,53,0" doraHai="129" doraHaiUra="116" who="0" fromWho="0" sc="77,72,301,-13,363,-26,239,-13" /><INIT seed="7,0,0,1,0,32" ten="149,288,337,226" oya="3" hai0="103,7,3,119,38,75,18,47,28,133,25,56,84" hai1="101,61,128,4,121,60,5,114,20,31,126,29,102" hai2="85,23,1,65,34,58,98,67,45,89,105,95,33" hai3="48,46,49,11,86,134,42,83,90,125,55,36,52"/><W116/><G134/><T109/><D109/><U17/><E114/><V30/><F1/><W123/><G125/><T54/><D119/><U51/><E51/><V96/><F34/><W113/><G116/><T120/><D120/><U110/><E128/><V68/><F33/><W92/><G123/><T80/><D133/><U99/><E110/><V13/><F68/><W107/><G107/><T131/><D131/><U43/><E43/><V100/><F45/><W127/><G113/><T53/><D18/><U112/><E112/><V82/><F58/><N who="3" m="33031" /><G36/><T37/><D103/><N who="1" m="39435" /><E99/><V24/><F13/><W135/><G127/><T122/><D122/><U26/><E121/><V108/><F108/><W66/><G66/><T50/><D75/><U124/><E124/><V14/><F14/><W57/><G135/><T79/><D28/><N who="1" m="10827" /><E126/><V44/><F44/><W22/><G11/><T72/><D25/><U94/><E94/><V93/><F105/><W71/><G71/><T8/><REACH who="0" step="1"/><D72/><REACH who="0" ten="139,288,337,226" step="2"/><U77/><E17/><V132/><F132/><W130/><G130/><T111/><D111/><U76/><E26/><V106/><F106/><W19/><G19/><T87/><D87/><U59/><E20/><V129/><F129/><W16/><G16/><T9/><D9/><U10/><E10/><V97/><F97/><W63/><G22/><T0/><D0/><U88/><E5/><V39/><F98/><W62/><G86/><T81/><D81/><U70/><E4/><V40/><F82/><W73/><G83/><T15/><D15/><U2/><E2/><V74/><F74/><W115/><G73/><RYUUKYOKU ba="0,1" sc="139,15,288,-15,337,15,226,-15" hai0="3,7,8,37,38,47,50,53,54,56,79,80,84" hai2="23,24,30,39,40,65,67,85,89,93,95,96,100" owari="154,-35.0,273,7.0,362,47.0,211,-19.0" /></mjloggm>