<mjloggm ver="2.3"><GO type="169" lobby="0"/><UN n0="%E3%83%88%E3%83%88%E3%83%AA%E5%85%88%E7%94%9F%31%39%E6%AD%B3" n1="%43%2D%E3%83%93%E3%83%83%E3%82%AF" n2="%E3%82%AD%E3%83%A9%E3%83%BC%E3%83%9E%E3%82%B8%E3%83%B3%E3%82%AC%E6%A7%98" n3="%E3%82%A2%E3%83%95%E3%83%AA%E3%82%AB" dan="18,16,16,16" rate="2238.20,2132.73,2082.81,2105.54" sx="F,M,M,M"/><TAIKYOKU oya="0"/><INIT seed="0,0,0,1,3,81" ten="250,250,250,250" oya="0" hai0="96,43,71,125,45,120,123,0,30,131,100,115,37" hai1="23,27,34,31,78,126,119,77,33,107,38,50,76" hai2="17,56,90,91,40,113,86,25,49,87,84,6,1" hai3="93,95,60,39,15,42,82,20,64,108,65,97,128"/><T54/><D115/><U7/><E38/><V61/><F113/><W2/><G2/><T59/><D0/><U121/><E119/><V10/><F25/><W19/><G108/><T3/><D3/><U35/><E121/><V117/><F117/><W132/><G128/><T135/><D71/><U9/><E126/><V48/><F17/><W70/><G65/><T130/><D125/><U75/><E107/><V14/><F1/><W124/><G124/><T98/><D30/><U106/><E106/><V111/><F111/><W66/><G66/><T46/><D135/><U85/><E75/><V80/><F40/><W110/><G110/><T18/><D18/><U24/><E50/><N who="2" m="19563" /><F80/><W44/><G132/><T41/><D100/><U79/><N who="1" m="19456" /><DORA hai="89" /><U68/><E68/><V29/><F29/><W112/><G82/><T72/><D59/><U69/><E69/><V105/><F105/><W99/><REACH who="3" step="1"/><G112/><REACH who="3" ten="250,250,250,240" step="2"/><T109/><D109/><U114/><E114/><V67/><AGARI ba="0,1" hai="6,10,14,56,61,67,84,86,87,90,91" m="19563" machi="67" ten="30,7900,0" yaku="8,1,52,3" doraHai="81,89" who="2" fromWho="2" sc="250,-39,250,-20,250,89,240,-20" /><INIT seed="1,0,0,5,4,99" ten="211,230,339,220" oya="1" hai0="61,52,93,28,9,129,86,33,14,112,96,51,70" hai1="34,24,111,49,18,119,120,66,5,35,50,77,3" hai2="64,43,117,100,65,72,74,19,101,107,8,73,10" hai3="59,16,106,25,37,27,62,7,125,56,45,36,53"/><U102/><E119/><V109/><F107/><W95/><G106/><T57/><D112/><U2/><E120/><V78/><F78/><W13/><G125/><T118/><D118/><U12/><E77/><V63/><F43/><W135/><G135/><T98/><D129/><U80/><E80/><V31/><F31/><W132/><G132/><T23/><D33/><U114/><E114/><V127/><F117/><W87/><G7/><T39/><D39/><U44/><E66/><N who="2" m="25707" /><F19/><W71/><G71/><T32/><D32/><U69/><E69/><V6/><F6/><W17/><G17/><N who="0" m="8399" /><D70/><U104/><E5/><V89/><F89/><N who="3" m="53695" /><G45/><T21/><D96/><U122/><E122/><V110/><F63/><N who="3" m="36239" /><G37/><T115/><D115/><U134/><E134/><V47/><F47/><W105/><G105/><T20/><D86/><U29/><E35/><V82/><F82/><W113/><G36/><T97/><D97/><U75/><E75/><V38/><F38/><W26/><G113/><T42/><D42/><U128/><E44/><V121/><F127/><W81/><G81/><T108/><D61/><U91/><E104/><V133/><F133/><W131/><G131/><T46/><D46/><U123/><E128/><V1/><F121/><W130/><G130/><T41/><D41/><U84/><E123/><V68/><F68/><W124/><G124/><T90/><D28/><U92/><E29/><V11/><F1/><W54/><G16/><T88/><D90/><U79/><E2/><V76/><F76/><W4/><G4/><T22/><N who="0" m="5120" /><DORA hai="15" /><T0/><D0/><U30/><E3/><RYUUKYOKU ba="0,0" sc="211,10,230,-30,339,10,220,10" hai0="51,52,57,88,93,98,108" hai2="8,10,11,72,73,74,100,101,109,110" hai3="13,25,26,27,54,59,62" /><INIT seed="2,1,0,0,2,0" ten="221,200,349,230" oya="2" hai0="115,121,64,118,79,46,35,38,123,6,104,77,83" hai1="82,42,72,2,73,91,39,3,92,44,20,94,47" hai2="17,129,52,48,14,132,93,24,53,101,10,134,119" hai3="89,87,41,43,8,56,69,51,117,126,135,40,113"/><V22/><F129/><W124/><G69/><T5/><D115/><U86/><E20/><V16/><F119/><W34/><G34/><T71/><D35/><U120/><E120/><V54/><REACH who="2" step="1"/><F48/><REACH who="2" ten="221,200,339,230" step="2"/><W28/><G51/><T37/><D118/><U21/><E39/><V57/><F57/><W4/><G56/><T58/><D58/><U55/><E47/><V66/><F66/><W131/><G131/><T78/><D46/><U130/><E44/><V122/><F122/><W25/><G117/><T96/><D64/><U133/><E130/><V23/><F23/><W36/><G36/><T74/><D71/><U60/><E21/><V30/><F30/><W68/><G68/><T75/><D37/><U32/><E32/><V97/><AGARI ba="1,1" hai="10,14,16,17,22,24,52,53,54,93,97,101,132,134" machi="97" ten="30,11700,0" yaku="1,1,0,1,54,2,53,0" doraHai="0" doraHaiUra="1" who="2" fromWho="2" sc="221,-40,200,-40,339,130,230,-40" /><INIT seed="2,2,0,3,3,116" ten="181,160,469,190" oya="2" hai0="21,92,93,20,114,11,133,67,126,34,1,5,58" hai1="26,0,10,128,65,82,99,71,66,117,35,57,101" hai2="122,2,112,23,48,77,91,19,52,120,31,76,42" hai3="56,15,38,107,103,85,28,118,130,80,22,16,84"/><V123/><F112/><W81/><G118/><T124/><D114/><U44/><E117/><V106/><F106/><W102/><G38/><T121/><D34/><U25/><E57/><V24/><F2/><W17/><G130/><T96/><D133/><U74/><E128/><V46/><F91/><N who="3" m="51591" /><G107/><T68/><D68/><U94/><E71/><V97/><F97/><W33/><G33/><T109/><D109/><U89/><E44/><V134/><F134/><W30/><G56/><T75/><D75/><U59/><E35/><V32/><REACH who="2" step="1"/><F42/><REACH who="2" ten="181,160,459,190" step="2"/><W49/><G103/><T63/><D96/><U9/><E89/><V108/><F108/><W64/><G102/><T104/><D104/><U18/><E99/><V125/><F125/><W135/><G135/><T61/><D124/><U51/><E101/><V72/><F72/><W13/><G85/><T6/><D126/><U113/><E0/><V69/><F69/><W40/><G40/><T53/><D1/><U79/><E113/><V62/><F62/><W73/><G73/><T111/><D111/><U36/><E74/><V41/><F41/><W55/><G81/><T127/><D127/><U39/><E82/><V27/><AGARI ba="2,1" hai="19,23,24,27,31,32,46,48,52,76,77,120,122,123" machi="27" ten="40,18000,2" yaku="1,1,0,1,52,3,54,1,53,0" doraHai="116" doraHaiUra="100" who="2" fromWho="2" sc="181,-62,160,-62,459,196,190,-62" /><INIT seed="2,3,0,3,4,77" ten="119,98,655,128" oya="2" hai0="99,63,39,75,29,131,42,64,13,81,104,27,66" hai1="88,65,112,31,118,1,115,33,3,110,22,49,36" hai2="134,0,48,121,41,53,93,57,123,60,90,84,119" hai3="125,89,72,40,2,127,12,25,38,6,34,26,5"/><V16/><F119/><W109/><G109/><T55/><D131/><U23/><E36/><V128/><F0/><N who="1" m="73" /><E49/><V76/><F128/><W56/><G56/><T14/><D55/><U103/><E103/><V8/><F134/><W24/><G2/><T37/><D64/><U132/><E88/><V97/><F41/><W35/><G89/><T87/><D75/><U67/><E67/><V59/><F76/><W19/><G72/><T78/><D39/><U80/><E80/><V71/><F71/><W108/><G108/><T116/><D116/><U28/><E65/><V100/><F8/><N who="3" m="6535" /><G40/><T124/><D124/><N who="3" m="47689" /><G38/><T113/><D113/><N who="1" m="43595" /><E110/><V83/><F16/><W117/><G117/><T30/><D42/><U122/><E118/><V82/><F123/><W135/><G135/><T96/><D37/><U91/><E91/><V58/><F121/><W43/><G43/><T61/><D66/><U85/><E122/><V70/><F70/><W107/><G107/><T92/><D104/><U86/><E132/><V68/><F68/><W47/><G47/><T17/><D92/><U9/><E9/><V4/><F4/><AGARI ba="3,0" hai="4,5,6,24,25,26,34,35" m="47689,6535" machi="4" ten="30,3900,0" yaku="18,1,34,2" doraHai="77" who="3" fromWho="2" sc="119,0,98,0,655,-48,128,48" /><INIT seed="3,0,0,4,2,99" ten="119,98,607,176" oya="3" hai0="29,79,20,22,7,70,60,92,96,93,104,2,6" hai1="88,84,74,25,50,94,8,113,4,130,1,46,0" hai2="53,42,108,102,121,117,98,132,100,17,80,14,123" hai3="66,13,37,69,90,40,10,48,59,44,78,122,128"/><W24/><G128/><T30/><D104/><U61/><E113/><V62/><F117/><W16/><G122/><T105/><D105/><U32/><E130/><V116/><F116/><W21/><G78/><T89/><D79/><U9/><E74/><V72/><F42/><W23/><G90/><T107/><D107/><U87/><E61/><V65/><F53/><N who="3" m="32167" /><G24/><T57/><D70/><U28/><E84/><V119/><F119/><W45/><G44/><T86/><D2/><U19/><E19/><V3/><F3/><W56/><G56/><T110/><D110/><U75/><E75/><V126/><F108/><W83/><G83/><T120/><D120/><U31/><E31/><V71/><F80/><W67/><G67/><T125/><D125/><U5/><E50/><V18/><F72/><W27/><G27/><T12/><D29/><U49/><E49/><V54/><F126/><W47/><G47/><AGARI ba="0,0" hai="0,1,4,5,8,9,25,28,32,46,47,87,88,94" machi="47" ten="40,2600,0" yaku="9,1,54,1" doraHai="99" who="1" fromWho="3" sc="119,0,98,26,607,0,176,-26" /><INIT seed="4,0,0,5,3,1" ten="119,124,607,150" oya="0" hai0="87,6,0,73,101,68,92,34,124,70,36,64,50" hai1="14,97,134,107,54,78,28,43,10,84,93,110,24" hai2="126,91,61,13,60,38,82,27,83,111,102,85,98" hai3="48,26,81,99,30,57,74,53,9,115,40,114,122"/><T2/><D36/><U31/><E110/><V55/><F38/><W29/><G122/><T129/><D73/><U44/><E107/><V47/><F111/><W39/><G99/><T75/><D75/><U51/><E134/><V3/><F3/><W69/><G69/><T77/><D34/><U45/><E24/><V35/><F83/><W22/><G9/><T56/><D2/><U33/><E33/><V79/><F91/><W8/><G8/><T12/><D0/><U72/><E72/><V15/><F61/><W21/><G40/><T112/><D112/><N who="3" m="43049" /><G39/><T5/><D129/><U17/><E84/><V121/><F13/><W131/><G131/><T71/><D124/><U95/><E78/><V130/><F60/><W7/><G7/><N who="0" m="2571" /><D12/><U125/><E125/><V128/><F126/><W86/><G74/><T96/><D70/><U104/><E104/><V123/><F15/><W37/><G37/><T113/><D113/><U62/><E62/><V58/><F35/><N who="3" m="20919" /><G30/><N who="1" m="11306" /><E97/><V89/><F98/><W80/><G80/><N who="0" m="47503" /><D71/><U52/><E43/><V11/><F121/><W116/><G116/><T20/><D68/><U46/><E54/><V109/><F55/><W23/><G23/><T49/><D20/><U16/><E52/><V25/><F123/><W90/><AGARI ba="0,0" hai="21,22,48,53,57,81,86,90" m="20919,43049" machi="90" ten="30,1100,0" yaku="15,1" doraHai="1" who="3" fromWho="3" sc="119,-5,124,-3,607,-3,150,11" /><INIT seed="5,0,0,3,5,54" ten="114,121,604,161" oya="1" hai0="114,99,36,101,135,42,77,26,61,60,126,72,132" hai1="28,134,122,89,33,4,130,95,35,47,125,98,50" hai2="133,15,7,79,3,20,113,108,55,41,24,2,74" hai3="46,6,57,8,21,59,67,131,121,103,110,51,56"/><U106/><E122/><V85/><F74/><W10/><G121/><T104/><D114/><U92/><E106/><V18/><F41/><W83/><G110/><T127/><D26/><U58/><E130/><V9/><F108/><W111/><G111/><T31/><D31/><U76/><E134/><N who="0" m="51241" /><D42/><U119/><E119/><V81/><F113/><W1/><G131/><T105/><D36/><U53/><E125/><N who="0" m="47625" /><D61/><U73/><E4/><V75/><F133/><W94/><G21/><T93/><D60/><U91/><E28/><V5/><F5/><W14/><G67/><T78/><D72/><U30/><E30/><V64/><F64/><W120/><G120/><T109/><D109/><U52/><E73/><V80/><F55/><W13/><G10/><T66/><D66/><U90/><E76/><AGARI ba="0,0" hai="2,3,7,9,15,18,20,24,75,76,79,80,81,85" machi="76" ten="30,1000,0" yaku="7,1" doraHai="54" who="2" fromWho="1" sc="114,0,121,-10,604,10,161,0" /><AGARI ba="0,0" hai="76,77,78,93,99,101,104,105" m="47625,51241" machi="76" ten="30,7700,0" yaku="20,1,18,1,34,2" doraHai="54" who="0" fromWho="1" sc="114,77,111,-77,614,0,161,0" /><INIT seed="6,0,0,3,0,61" ten="191,34,614,161" oya="2" hai0="25,116,48,77,12,91,79,60,58,100,87,84,98" hai1="15,133,92,49,110,29,73,94,67,20,27,14,71" hai2="1,7,44,57,78,88,30,39,23,112,22,42,37" hai3="101,2,104,107,134,102,69,32,135,97,47,96,19"/><V18/><F112/><W117/><G117/><T108/><D108/><U55/><E73/><V0/><F39/><W120/><G120/><T72/><D116/><U132/><E110/><V76/><F30/><W3/><G19/><T131/><D131/><U38/><E38/><V127/><F127/><W125/><G125/><T128/><D128/><U68/><E29/><V119/><F119/><W82/><G47/><T121/><D121/><U89/><E20/><V56/><F22/><W70/><G82/><T115/><D72/><U50/><E27/><V105/><F105/><W62/><G62/><T81/><D115/><U13/><E55/><V80/><F78/><W93/><G93/><N who="0" m="58447" /><D25/><U43/><E15/><V122/><F122/><W95/><G95/><T10/><D48/><U126/><E126/><V52/><F88/><W36/><G36/><T24/><D84/><U53/><E53/><V28/><F28/><W35/><AGARI ba="0,0" hai="2,3,32,35,69,70,96,97,101,102,104,107,134,135" machi="35" ten="25,3200,0" yaku="0,1,22,2" doraHai="61" who="3" fromWho="3" sc="191,-8,34,-8,614,-16,161,32" /><INIT seed="7,0,0,2,3,81" ten="183,26,598,193" oya="3" hai0="127,18,98,96,134,132,27,104,105,14,35,112,119" hai1="36,64,63,23,48,91,107,135,29,122,26,57,79" hai2="3,38,77,72,21,28,97,120,114,93,101,87,99" hai3="40,133,131,76,92,2,89,33,116,124,88,5,31"/><W62/><G116/><T66/><D119/><U37/><E122/><V83/><F38/><W103/><G40/><T8/><D112/><U121/><E121/><V109/><F3/><W108/><G133/><N who="0" m="51307" /><D127/><U95/><E107/><N who="0" m="41033" /><D66/><U16/><E135/><V17/><F28/><AGARI ba="0,0" hai="8,14,18,27,28,35,96,98" m="41033,51307" machi="28" ten="30,1000,0" yaku="20,1" doraHai="81" who="0" fromWho="2" sc="183,10,26,0,598,-10,193,0" owari="193,-1.0,26,-47.0,588,69.0,193,-21.0" /></mjloggm>