<mjloggm ver="2.3"><GO type="169" lobby="0"/><UN n0="%E3%82%A6%E3%83%AB%E3%83%88%E3%83%A9%E7%AB%8B%E7%9B%B4" n1="%73%61%72%69%65%72%75%2D" n2="%E9%87%8C%E6%9C%A8%E4%BB%81" n3="%6B%E3%81%AE%64%65%73%75" dan="17,16,16,16" rate="2207.82,2088.37,2094.54,2078.92" sx="M,M,M,M"/><TAIKYOKU oya="0"/><INIT seed="0,0,0,1,1,75" ten="250,250,250,250" oya="0" hai0="38,15,86,79,117,49,102,33,9,81,32,17,42" hai1="99,103,115,23,3,123,82,69,2,135,89,106,80" hai2="16,25,109,98,27,60,68,78,110,72,61,128,53" hai3="35,71,105,1,11,91,70,57,67,52,96,111,34"/><T97/><D38/><U39/><E39/><V44/><F128/><W66/><G111/><N who="2" m="42505" /><F98/><W93/><G105/><T83/><D117/><U74/><E69/><V29/><F16/><W113/><G113/><T37/><D37/><U22/><E115/><V84/><F72/><W56/><G1/><T85/><D49/><U119/><E119/><V62/><F68/><W0/><G0/><T126/><D42/><U7/><E123/><V24/><F44/><W51/><G11/><T92/><REACH who="0" step="1"/><D126/><REACH who="0" ten="240,250,250,250" step="2"/><U45/><E45/><V87/><F29/><W77/><G51/><T118/><D118/><U104/><E135/><V14/><F53/><W116/><G52/><T88/><AGARI ba="0,1" hai="9,15,17,32,33,79,81,83,85,86,88,92,97,102" machi="88" ten="20,12000,1" yaku="1,1,0,1,7,1,52,1,54,1,53,0" doraHai="75" doraHaiUra="107" who="0" fromWho="0" sc="240,130,250,-40,250,-40,250,-40" /><INIT seed="0,1,0,0,2,16" ten="370,210,210,210" oya="0" hai0="14,129,58,111,79,73,71,10,20,92,98,63,133" hai1="3,5,9,29,64,95,40,131,80,76,101,19,45" hai2="110,23,47,69,122,27,89,116,36,39,22,48,54" hai3="85,21,93,6,106,96,82,134,77,28,34,91,88"/><T17/><D71/><U108/><E108/><V105/><F122/><W114/><G134/><T8/><D133/><U130/><E29/><V75/><F110/><W135/><G135/><T38/><D38/><U94/><E64/><V112/><F112/><W104/><G114/><T97/><D111/><U87/><E101/><V13/><F116/><W52/><G34/><T126/><D129/><N who="1" m="49163" /><E19/><V132/><F132/><W66/><G66/><T31/><D126/><U119/><E119/><V121/><F121/><W4/><G104/><T84/><D73/><U70/><E70/><V78/><F89/><W2/><G106/><T53/><D31/><U12/><E3/><V37/><F105/><W55/><G77/><T41/><D41/><U24/><E24/><V102/><F102/><W25/><G2/><T49/><D63/><U62/><E62/><V83/><F69/><W61/><G61/><T115/><D115/><U59/><E59/><V35/><REACH who="2" step="1"/><F13/><REACH who="2" ten="370,210,200,210" step="2"/><W99/><G96/><N who="0" m="36971" /><D79/><U120/><E120/><V107/><F107/><W11/><G11/><T7/><D10/><U65/><E65/><V30/><AGARI ba="1,1" hai="22,23,27,30,35,36,37,39,47,48,54,75,78,83" machi="30" ten="40,8000,1" yaku="1,1,0,1,52,2,53,0" doraHai="16" doraHaiUra="118" who="2" fromWho="2" sc="370,-41,210,-21,200,93,210,-21" /><INIT seed="1,0,0,1,4,53" ten="329,189,293,189" oya="1" hai0="59,40,121,65,126,78,110,99,127,19,106,11,0" hai1="87,108,86,34,95,10,57,1,6,132,74,63,25" hai2="26,84,35,52,68,41,120,66,46,113,76,30,102" hai3="104,51,64,16,123,47,22,93,50,62,109,107,8"/><U27/><E74/><V75/><F120/><W96/><G123/><T85/><D40/><U36/><E36/><N who="2" m="21799" /><F84/><W122/><G109/><T111/><D121/><U125/><E108/><N who="0" m="41513" /><D85/><U21/><E132/><V42/><F52/><W133/><G133/><T105/><D78/><U12/><E125/><N who="0" m="47625" /><D99/><U72/><E72/><V15/><F42/><W101/><G8/><T3/><D19/><U60/><E60/><N who="2" m="40007" /><F102/><W49/><G47/><T67/><D11/><U100/><E100/><V48/><F113/><W54/><G54/><T98/><D98/><U114/><E114/><V94/><F94/><W83/><G83/><T39/><D39/><U55/><E95/><V118/><F118/><W32/><G32/><T134/><D134/><U71/><E71/><V103/><F103/><W20/><G122/><T31/><D31/><N who="1" m="19839" /><E25/><V45/><F26/><W7/><G7/><T38/><D38/><U24/><E24/><V44/><F76/><W23/><REACH who="3" step="1"/><G16/><AGARI ba="0,0" hai="1,6,10,12,16,21,55,57,63,86,87" m="19839" machi="16" ten="30,5800,0" yaku="24,1,52,1,54,1" doraHai="53" who="1" fromWho="3" sc="329,0,189,58,293,0,189,-58" /><INIT seed="1,1,0,0,4,20" ten="329,247,293,131" oya="1" hai0="113,32,81,111,29,3,22,129,50,58,19,6,45" hai1="9,121,44,100,14,101,52,36,73,83,51,5,134" hai2="115,53,18,57,125,126,40,48,60,23,128,17,38" hai3="43,0,80,90,92,67,64,95,79,93,96,104,117"/><U103/><E121/><V59/><F128/><W13/><G117/><T88/><D113/><U21/><E134/><V110/><F115/><W94/><G0/><T77/><D129/><U15/><E36/><V105/><F105/><W63/><G43/><T132/><D132/><U72/><E83/><V1/><F1/><W118/><G118/><T82/><D111/><U71/><E71/><V78/><F78/><W131/><G131/><T35/><D58/><U86/><E86/><V133/><F133/><W85/><G13/><T87/><D29/><U91/><E91/><V68/><F110/><W99/><G63/><T2/><D6/><U122/><E122/><V98/><F98/><N who="3" m="57719" /><G64/><T66/><D66/><U30/><REACH who="1" step="1"/><E14/><REACH who="1" ten="329,237,293,131" step="2"/><N who="2" m="9655" /><F68/><W135/><G135/><T70/><D70/><U74/><E74/><V42/><F38/><W49/><G85/><T61/><D2/><U31/><E31/><V123/><F123/><W55/><G80/><T34/><D3/><U46/><E46/><V116/><F116/><W27/><G79/><T124/><D77/><U89/><E89/><V112/><F112/><W16/><G96/><T47/><D81/><U97/><E97/><V120/><F120/><W102/><G99/><T28/><D47/><U33/><E33/><V106/><F106/><W26/><G104/><T65/><D35/><U127/><E127/><V114/><F114/><W37/><G37/><T84/><D124/><U4/><E4/><V41/><F18/><W76/><G76/><T56/><D87/><U54/><E54/><N who="2" m="31943" /><F126/><W75/><G75/><T130/><D130/><U69/><E69/><RYUUKYOKU ba="1,1" sc="329,-15,237,15,293,15,131,-15" hai1="5,9,15,21,30,44,51,52,72,73,100,101,103" hai2="40,41,42,53,59,60,125" /><INIT seed="1,2,1,5,3,84" ten="314,252,308,116" oya="1" hai0="11,117,5,72,111,29,8,118,4,86,49,93,31" hai1="47,14,113,134,58,40,112,38,30,95,22,24,56" hai2="42,98,81,90,3,121,115,41,54,19,46,91,130" hai3="101,68,59,109,50,135,133,76,55,105,128,94,21"/><U127/><E127/><V106/><F121/><W2/><G109/><T62/><D86/><U9/><E134/><N who="3" m="51210" /><G128/><T116/><D49/><U89/><E113/><V107/><F130/><W17/><G68/><T74/><D93/><U83/><E83/><V108/><F108/><W82/><G2/><T78/><D62/><U23/><E23/><V20/><F3/><W122/><G105/><T33/><D111/><U57/><E112/><V131/><F131/><W44/><G122/><T77/><D117/><U102/><E102/><V6/><F6/><W114/><G114/><T35/><AGARI ba="2,1" hai="4,5,8,11,29,31,33,35,72,74,77,78,116,118" machi="35" ten="25,3200,0" yaku="0,1,22,2" doraHai="84" who="0" fromWho="0" sc="314,48,252,-18,308,-10,116,-10" /><INIT seed="2,0,0,5,2,7" ten="362,234,298,106" oya="2" hai0="33,100,32,130,75,10,43,55,21,104,127,128,20" hai1="80,73,98,116,70,68,63,114,99,8,118,81,44" hai2="135,37,61,92,28,72,74,24,120,19,108,46,95" hai3="50,18,119,47,133,83,62,12,51,123,91,71,79"/><V35/><F120/><W57/><G123/><T112/><D75/><U96/><E44/><V122/><F122/><W52/><G133/><T65/><D65/><U49/><E49/><V30/><F135/><W87/><G119/><T117/><D112/><U110/><E114/><V54/><F30/><W5/><G71/><T121/><D121/><U129/><E129/><V59/><F108/><W94/><G5/><T4/><D43/><U126/><E126/><V34/><F34/><W42/><G62/><T101/><D55/><U11/><E96/><V58/><F58/><W105/><G105/><T115/><D4/><U102/><E63/><V97/><F19/><W111/><G111/><T31/><D31/><U132/><E110/><V40/><REACH who="2" step="1"/><F95/><REACH who="2" ten="362,234,288,106" step="2"/><W15/><REACH who="3" step="1"/><G18/><REACH who="3" ten="362,234,288,96" step="2"/><T76/><D115/><U69/><E132/><V22/><F22/><W48/><G48/><T106/><D21/><U82/><E69/><V29/><F29/><W90/><G90/><AGARI ba="0,2" hai="24,28,35,37,40,46,54,59,61,72,74,90,92,97" machi="90" ten="30,2900,0" yaku="1,1,7,1,53,0" doraHai="7" doraHaiUra="66" who="2" fromWho="3" sc="362,0,234,0,288,49,96,-29" /><INIT seed="2,1,0,2,5,99" ten="362,234,337,67" oya="2" hai0="63,27,89,135,125,109,132,104,120,93,85,11,59" hai1="71,31,115,61,14,83,46,39,117,50,116,9,77" hai2="5,25,66,91,51,126,107,130,75,35,36,87,128" hai3="4,81,112,18,98,94,48,69,60,121,82,45,54"/><V20/><F36/><W78/><G121/><T24/><D120/><U108/><E39/><V13/><F75/><W86/><G112/><T76/><D104/><U80/><E108/><V37/><F37/><W23/><G4/><T101/><D109/><U17/><E115/><V67/><F107/><W74/><G69/><T88/><D76/><U19/><E31/><V84/><F84/><W113/><G113/><T97/><D11/><U26/><E80/><V70/><F51/><W28/><G28/><T90/><D85/><U1/><E1/><V129/><F70/><W2/><G2/><T68/><D68/><U56/><E71/><V110/><F110/><W118/><G118/><T32/><D125/><U42/><E26/><V79/><F79/><W3/><G3/><T7/><D7/><U12/><E56/><V92/><F35/><W34/><G34/><T47/><D47/><U22/><E61/><V55/><F55/><W127/><G127/><T65/><D32/><U103/><E103/><V111/><F111/><W119/><G119/><T58/><D58/><U124/><E124/><V49/><F49/><W40/><G60/><T131/><D131/><U15/><E15/><V44/><F44/><W95/><G98/><T96/><D96/><U16/><E19/><N who="2" m="12447" /><F126/><W73/><G40/><T123/><D123/><U52/><REACH who="1" step="1"/><E42/><REACH who="1" ten="362,224,337,67" step="2"/><V21/><F129/><W62/><G62/><T133/><AGARI ba="1,1" hai="24,27,59,63,65,88,89,90,93,97,101,132,133,135" machi="133" ten="40,8000,1" yaku="0,1,20,1,52,1,54,1" doraHai="99" who="0" fromWho="0" sc="362,93,224,-21,337,-41,67,-21" /><INIT seed="3,0,0,4,5,78" ten="455,203,296,46" oya="3" hai0="106,49,86,122,84,83,7,12,4,29,128,119,22" hai1="130,124,79,55,2,91,134,34,88,111,69,107,99" hai2="112,35,43,6,20,48,126,0,89,54,19,18,53" hai3="25,113,23,13,70,45,97,123,28,14,1,132,121"/><W117/><G70/><T73/><D106/><U100/><E2/><V74/><F35/><W108/><G45/><T118/><D73/><U92/><E34/><V21/><F74/><W8/><G97/><T135/><D122/><N who="3" m="46601" /><G117/><T116/><D86/><U76/><E69/><V16/><F89/><W52/><G113/><T77/><D128/><U96/><E130/><V36/><F36/><W37/><G52/><T15/><D49/><U75/><E55/><V129/><F112/><W103/><G103/><T104/><D104/><U26/><E26/><V120/><F129/><W80/><G80/><T61/><D61/><U115/><E115/><V93/><F93/><W67/><G67/><T114/><D114/><U39/><E39/><V57/><F120/><W46/><G132/><T3/><D135/><U85/><E134/><V72/><F72/><W5/><G37/><T40/><D84/><U56/><E56/><V68/><F68/><W62/><G62/><T94/><D94/><U17/><E17/><V9/><F43/><W95/><G95/><T24/><D40/><U71/><E71/><V105/><F105/><W51/><G108/><T110/><D110/><U98/><E111/><V27/><F54/><W58/><G58/><T50/><D50/><U82/><E76/><V127/><F19/><W59/><G59/><T33/><D118/><U101/><E91/><V90/><F90/><W10/><G10/><T31/><D119/><U66/><E66/><V63/><F63/><W42/><G42/><T65/><D116/><U131/><E131/><V60/><F60/><W30/><G30/><RYUUKYOKU ba="0,0" sc="455,-15,203,-15,296,15,46,15" hai2="0,6,9,16,18,20,21,27,48,53,57,126,127" hai3="1,5,8,13,14,23,25,28,46,51" /><INIT seed="3,1,0,0,4,3" ten="440,188,311,61" oya="3" hai0="10,40,89,127,27,44,29,19,8,105,30,65,110" hai1="84,99,130,31,135,118,39,114,122,53,0,63,103" hai2="72,23,41,108,5,129,109,61,87,133,126,93,86" hai3="82,55,11,26,4,116,117,113,128,100,60,98,70"/><W69/><G113/><T94/><D105/><U62/><E122/><V24/><F72/><W57/><G128/><T15/><D110/><N who="2" m="42602" /><F129/><W35/><G82/><T80/><D80/><U48/><E135/><V97/><F41/><W79/><G79/><T56/><D127/><U50/><E114/><V51/><F51/><W104/><G26/><T132/><D132/><U115/><E115/><V119/><F5/><W75/><G35/><T73/><D73/><U134/><E134/><V9/><F9/><W21/><G21/><T95/><D8/><U74/><E74/><V25/><F25/><W77/><G77/><T6/><D19/><U64/><E84/><V76/><F119/><W2/><REACH who="3" step="1"/><G75/><REACH who="3" ten="440,188,311,51" step="2"/><T131/><D27/><U54/><E130/><V45/><F76/><W13/><G13/><T58/><D15/><U83/><E83/><V49/><F133/><W20/><G20/><T66/><D131/><U67/><E0/><V28/><F126/><W33/><G33/><T36/><D30/><U34/><E31/><V88/><F23/><W37/><G37/><T1/><D29/><U59/><E34/><V14/><F14/><W22/><G22/><T52/><D36/><U16/><E39/><V47/><F24/><W90/><G90/><T102/><D89/><U81/><E81/><V112/><F112/><W120/><G120/><T68/><D1/><U71/><E103/><V78/><F88/><W107/><G107/><T121/><D102/><U43/><E16/><V38/><F78/><W125/><G125/><T111/><D121/><U42/><E71/><AGARI ba="1,1" hai="2,4,11,55,57,60,69,70,71,98,100,104,116,117" machi="71" ten="40,3900,0" yaku="1,1,52,1,53,0" doraHai="3" doraHaiUra="123" who="3" fromWho="1" sc="440,0,188,-42,311,0,51,52" /><INIT seed="3,2,0,2,1,104" ten="440,146,311,103" oya="3" hai0="79,102,1,134,6,3,103,109,89,116,65,47,112" hai1="127,84,21,101,9,130,4,53,64,50,17,83,128" hai2="54,26,29,44,123,108,25,63,62,22,55,37,11" hai3="105,94,88,119,56,100,99,115,40,129,0,85,81"/><W51/><G119/><T14/><D14/><U20/><E127/><V49/><F108/><W74/><G115/><T93/><D93/><U36/><E36/><V41/><F123/><W30/><G129/><N who="1" m="49770" /><E101/><V82/><F55/><W59/><G0/><T71/><D47/><N who="1" m="27871" /><E64/><V46/><F11/><W66/><G30/><T48/><D89/><N who="1" m="51359" /><E17/><V43/><F54/><W52/><G40/><T18/><D103/><U97/><E97/><V126/><F126/><W12/><G12/><AGARI ba="2,0" hai="4,9,12,20,21" m="51359,27871,49770" machi="12" ten="30,1000,0" yaku="19,1" doraHai="104" who="1" fromWho="3" sc="440,0,146,16,311,0,103,-16" /><INIT seed="4,0,0,0,0,115" ten="440,162,311,87" oya="0" hai0="100,38,6,119,14,51,92,39,86,76,103,1,26" hai1="69,13,9,3,124,95,87,84,114,113,75,36,31" hai2="91,94,54,32,121,8,98,130,61,11,128,102,85" hai3="19,43,22,49,110,107,127,74,62,41,72,56,104"/><T120/><D1/><U52/><E3/><V123/><F32/><W48/><G110/><T125/><D120/><U23/><E36/><V34/><F34/><W16/><G22/><T35/><D103/><U99/><E69/><V45/><F8/><W96/><G56/><T4/><D4/><U66/><E66/><V60/><F11/><W10/><G10/><T44/><D14/><U71/><E71/><V111/><F45/><W70/><G70/><T89/><D6/><U82/><E124/><V81/><F111/><W55/><G96/><T90/><D100/><U134/><E134/><V108/><F108/><W5/><G5/><T59/><D76/><U12/><E75/><N who="3" m="28714" /><G55/><T21/><D35/><U63/><E31/><V25/><F25/><W68/><G62/><N who="2" m="24169" /><F54/><W132/><G68/><T2/><D59/><N who="1" m="35303" /><E23/><V46/><F46/><W47/><G127/><T129/><D125/><U67/><E67/><V78/><F78/><W83/><G83/><T133/><D21/><U101/><E13/><V33/><F33/><W15/><G15/><T53/><D26/><U40/><E40/><N who="3" m="15434" /><G47/><T7/><D44/><U42/><E42/><V27/><F27/><W0/><G0/><T57/><D2/><U58/><E58/><V106/><F106/><N who="3" m="40491" /><G132/><T30/><D133/><U80/><E80/><V18/><F121/><W126/><G126/><T131/><D7/><N who="1" m="3135" /><E82/><V28/><F123/><W77/><G77/><T88/><D39/><U79/><E79/><V17/><F28/><W93/><G93/><T118/><D38/><U73/><E73/><V122/><F122/><W109/><G109/><RYUUKYOKU ba="0,0" sc="440,-30,162,10,311,10,87,10" hai1="84,87,95,99,101,113,114" hai2="17,18,81,85,91,94,98,102,128,130" hai3="16,19,48,49" /><INIT seed="5,1,0,5,5,37" ten="410,172,321,97" oya="1" hai0="48,125,6,85,90,26,109,116,102,24,60,133,65" hai1="75,33,15,78,74,63,83,45,57,124,34,36,70" hai2="132,131,130,28,81,88,23,97,13,62,72,20,123" hai3="58,68,111,30,42,114,38,12,100,3,82,67,95"/><U120/><E70/><V21/><F123/><W55/><G111/><T93/><D109/><U4/><E120/><V22/><F132/><W0/><G114/><T128/><D116/><U71/><E71/><V7/><F62/><W19/><G30/><T35/><D35/><U119/><E119/><V56/><F56/><W54/><G54/><T16/><D6/><U51/><E36/><V41/><F41/><W1/><G82/><T69/><D102/><U49/><E49/><V76/><F7/><W18/><G67/><T59/><D133/><U5/><E124/><V11/><F11/><W129/><G68/><T91/><D125/><U103/><E103/><V61/><F61/><W101/><G129/><T44/><D128/><U25/><E75/><V112/><F112/><W8/><G95/><T29/><D29/><U104/><E104/><V87/><F97/><W96/><G96/><T64/><D64/><U52/><E25/><V32/><F32/><W50/><REACH who="3" step="1"/><G19/><REACH who="3" ten="410,172,321,87" step="2"/><T134/><D16/><U118/><E118/><V14/><F28/><W40/><G40/><N who="0" m="24583" /><D134/><U115/><E115/><V2/><F131/><W39/><G39/><T47/><D69/><U98/><E98/><V113/><F113/><W73/><G73/><T27/><D47/><AGARI ba="1,1" hai="0,1,3,8,12,18,38,42,47,50,55,58,100,101" machi="47" ten="40,2600,0" yaku="1,1,52,1,53,0" doraHai="37" doraHaiUra="66" who="3" fromWho="0" sc="410,-29,172,0,321,0,87,39" /><INIT seed="6,0,0,3,1,122" ten="381,172,321,126" oya="2" hai0="18,102,76,65,53,110,75,100,111,34,82,86,108" hai1="73,68,59,31,128,118,54,61,113,116,24,56,1" hai2="14,6,43,123,130,83,95,57,78,16,2,87,10" hai3="94,19,11,103,35,44,134,3,63,105,33,26,107"/><V15/><F123/><W71/><G134/><T99/><D34/><U50/><E73/><V12/><F130/><W85/><G44/><T117/><D65/><U8/><E128/><V135/><F135/><W89/><G103/><T25/><D117/><U32/><E68/><V66/><F43/><W115/><G115/><T79/><D53/><U127/><E127/><V13/><F95/><W90/><G71/><T120/><D18/><U93/><E113/><V114/><F114/><W77/><G77/><N who="0" m="44351" /><D25/><U74/><E74/><V22/><REACH who="2" step="1"/><F2/><REACH who="2" ten="381,172,311,126" step="2"/><W20/><G3/><T17/><D120/><U30/><E93/><V41/><F41/><W48/><G94/><N who="0" m="58487" /><D102/><U88/><E1/><V72/><F72/><W9/><G105/><T37/><D37/><U38/><E38/><V101/><F101/><W112/><G107/><T70/><D70/><U96/><E118/><V40/><F40/><W69/><G69/><T58/><D111/><U21/><E116/><V80/><F80/><W49/><G112/><T23/><D110/><U104/><E104/><V55/><F55/><W0/><G0/><T51/><D108/><U97/><E54/><V7/><F7/><W125/><G125/><T46/><D86/><U4/><E4/><V81/><F81/><W28/><G85/><T132/><D132/><U39/><E39/><V5/><F5/><W45/><G33/><T129/><D129/><U52/><E32/><V92/><F92/><W67/><G35/><T64/><D64/><U42/><E42/><V119/><F119/><W124/><G67/><T109/><D109/><U131/><E131/><RYUUKYOKU ba="0,1" sc="381,-10,172,-10,311,30,126,-10" hai2="6,10,12,13,14,15,16,22,57,66,78,83,87" /><INIT seed="6,1,1,5,1,120" ten="371,162,341,116" oya="2" hai0="48,118,36,13,42,50,90,69,28,29,79,30,9" hai1="24,5,100,21,20,35,45,121,115,2,122,104,34" hai2="86,108,110,109,88,130,95,91,65,32,102,64,59" hai3="103,40,129,22,76,38,73,82,124,106,107,43,3"/><V10/><F130/><W97/><G129/><T133/><D69/><U125/><E104/><V23/><F32/><N who="1" m="12329" /><E100/><V26/><F102/><W51/><G124/><T0/><D0/><U78/><E78/><V1/><F59/><W8/><G51/><T47/><D79/><U92/><E92/><N who="2" m="54391" /><F10/><W72/><G22/><T94/><D133/><U56/><E56/><V119/><F119/><W54/><G54/><T39/><D39/><U71/><E71/><V67/><F1/><W113/><G113/><T27/><D27/><U116/><E45/><V77/><F77/><W41/><G106/><T16/><REACH who="0" step="1"/><D118/><REACH who="0" ten="361,162,341,116" step="2"/><U98/><E116/><V62/><F62/><W44/><REACH who="3" step="1"/><G73/><REACH who="3" ten="361,162,341,106" step="2"/><T57/><D57/><U14/><E115/><V66/><F66/><W96/><G96/><AGARI ba="1,3" hai="9,13,16,28,29,30,36,42,47,48,50,90,94,96" machi="96" ten="40,2600,0" yaku="1,1,54,1,53,0" doraHai="120" doraHaiUra="126" who="0" fromWho="3" sc="361,59,162,0,341,0,106,-29" /><INIT seed="7,0,0,0,3,84" ten="420,162,341,77" oya="3" hai0="33,44,126,51,134,55,6,97,101,111,18,133,61" hai1="71,13,38,58,7,8,125,22,96,65,89,135,0" hai2="9,85,69,41,29,106,72,45,17,123,83,11,53" hai3="12,16,54,124,122,3,73,34,39,4,128,95,127"/><W59/><G122/><T52/><D33/><U68/><E38/><V49/><F72/><W56/><G128/><T19/><D6/><U121/><E121/><V32/><F106/><W40/><G73/><T30/><D30/><U77/><E77/><V64/><F123/><W112/><G112/><T43/><D111/><U10/><E22/><V82/><F82/><W102/><G34/><T93/><D126/><N who="3" m="48169" /><G4/><T117/><D117/><U107/><E135/><N who="0" m="51721" /><D52/><U60/><E125/><V27/><F41/><W119/><G3/><T86/><D86/><U87/><E96/><V63/><F17/><W36/><G119/><T57/><AGARI ba="0,0" hai="18,19,43,44,51,55,57,61,93,97,101" m="51721" machi="57" ten="30,1100,0" yaku="20,1" doraHai="84" who="0" fromWho="0" sc="420,11,162,-3,341,-3,77,-5" owari="431,53.0,159,-24.0,338,14.0,72,-43.0" /></mjloggm>