<mjloggm ver="2.3"><GO type="169" lobby="0"/><UN n0="%43%52%41%5A%59%42%45%45" n1="%57%6F%6D%62%61%74" n2="%68%6F%73%69%67%61%6D%69" n3="%E3%82%A6%E3%83%AB%E3%83%88%E3%83%A9%E7%AB%8B%E7%9B%B4" dan="17,16,16,18" rate="2148.91,2076.19,2159.24,2211.13" sx="M,M,M,M"/><TAIKYOKU oya="0"/><INIT seed="0,0,0,2,5,87" ten="250,250,250,250" oya="0" hai0="67,133,126,29,79,88,114,110,28,60,118,99,47" hai1="38,109,89,135,134,94,78,105,6,15,93,19,42" hai2="31,12,128,75,121,21,27,30,86,122,83,129,113" hai3="102,85,48,33,57,101,131,63,115,104,125,127,7"/><T58/><D118/><U66/><E105/><V112/><F75/><W5/><G33/><T50/><D114/><N who="2" m="44138" /><F86/><W77/><G48/><T2/><D2/><U36/><E109/><V106/><F83/><N who="3" m="47343" /><G115/><T3/><D3/><U69/><E6/><N who="3" m="2058" /><G104/><T82/><D133/><N who="1" m="50699" /><E78/><V54/><F106/><W14/><G14/><T20/><D126/><N who="3" m="48137" /><G131/><N who="2" m="50249" /><F54/><AGARI ba="0,0" hai="54,57,63,101,102" m="48137,2058,47343" machi="54" ten="30,1000,0" yaku="18,1" doraHai="87" who="3" fromWho="2" sc="250,0,250,0,250,-10,250,10" /><INIT seed="1,0,0,3,4,106" ten="250,250,240,260" oya="1" hai0="65,37,17,24,0,2,31,89,93,83,29,36,50" hai1="85,135,48,87,99,52,71,95,129,74,27,82,39" hai2="86,15,53,19,46,113,76,110,18,62,72,104,132" hai3="66,40,6,16,55,25,70,22,10,61,54,26,8"/><U13/><E39/><V14/><F104/><W125/><G125/><T123/><D65/><U84/><E71/><V134/><F110/><W41/><G26/><T42/><D123/><U12/><E129/><V97/><F113/><W80/><G80/><T98/><D37/><U124/><E124/><V112/><F112/><W1/><REACH who="3" step="1"/><G10/><REACH who="3" ten="250,250,240,250" step="2"/><T77/><D24/><U63/><E27/><V127/><F127/><W131/><G131/><T67/><D83/><U43/><E135/><V94/><F134/><W108/><G108/><T3/><D31/><U122/><E122/><V120/><F120/><W121/><G121/><T56/><D29/><U92/><E82/><V11/><F11/><W79/><G79/><T119/><D77/><U126/><E126/><V90/><F76/><W115/><G115/><T88/><D0/><U109/><E109/><V91/><F132/><W21/><G21/><T133/><D2/><U28/><E28/><V34/><F34/><W118/><G118/><T103/><D3/><U64/><E13/><V128/><F14/><W116/><G116/><T100/><D119/><U96/><E12/><V32/><F15/><W73/><G73/><T5/><D133/><U51/><E74/><V38/><F72/><W59/><G59/><T69/><D56/><N who="1" m="36967" /><E43/><AGARI ba="0,1" hai="1,6,8,16,22,25,40,41,43,54,55,61,66,70" machi="43" ten="40,5200,0" yaku="1,1,54,1,53,1" doraHai="106" doraHaiUra="7" who="3" fromWho="1" sc="250,0,250,-52,240,0,250,62" /><INIT seed="2,0,0,4,2,13" ten="250,198,240,312" oya="2" hai0="126,14,56,111,75,78,98,5,58,41,102,130,48" hai1="108,76,125,71,20,133,109,112,30,50,2,113,51" hai2="38,53,122,95,72,35,105,19,26,118,101,121,31" hai3="36,106,91,37,34,129,18,0,127,73,83,43,115"/><V69/><F118/><W59/><G106/><T11/><D111/><N who="1" m="42571" /><E71/><V8/><F72/><W47/><G34/><T80/><D126/><U29/><E76/><V117/><F117/><W1/><G37/><T52/><D130/><U89/><E125/><V135/><F38/><W134/><G127/><T94/><REACH who="0" step="1"/><D41/><REACH who="0" ten="240,198,240,312" step="2"/><U3/><E113/><V61/><F122/><W6/><G43/><T57/><AGARI ba="0,1" hai="5,11,14,48,52,56,57,58,75,78,80,94,98,102" machi="57" ten="20,12000,2" yaku="1,1,2,1,0,1,7,1,54,1,53,1" doraHai="13" doraHaiUra="97" who="0" fromWho="0" sc="240,130,198,-30,240,-60,312,-30" /><INIT seed="3,0,0,2,3,1" ten="370,168,180,282" oya="3" hai0="36,133,76,85,101,64,84,114,31,32,112,57,111" hai1="47,51,12,40,28,132,94,98,38,93,27,126,34" hai2="14,19,53,86,39,120,105,104,68,122,102,88,109" hai3="2,130,83,124,3,18,37,0,77,11,69,95,60"/><W10/><G37/><T90/><D36/><U20/><E126/><V35/><F35/><W67/><G124/><T29/><D111/><U70/><E132/><V115/><F115/><N who="0" m="44074" /><D133/><U26/><E12/><V5/><F68/><W113/><G113/><T61/><D32/><U99/><E70/><V58/><F39/><W21/><G130/><T107/><D76/><U22/><E34/><V75/><F75/><W123/><G95/><N who="1" m="36362" /><E38/><V59/><F109/><W91/><G91/><T119/><D119/><U30/><AGARI ba="0,0" hai="20,22,26,27,28,30,40,47,51,98,99" m="36362" machi="30" ten="30,1100,0" yaku="8,1" doraHai="1" who="1" fromWho="1" sc="370,-3,168,11,180,-3,282,-5" /><INIT seed="4,0,0,0,3,11" ten="367,179,177,277" oya="0" hai0="9,43,34,36,62,5,33,4,122,0,51,117,133" hai1="63,3,15,30,131,1,75,82,85,41,118,134,116" hai2="79,59,8,86,37,21,44,2,35,53,127,28,47" hai3="92,13,31,132,129,135,99,103,55,108,91,29,14"/><T46/><D122/><U106/><E75/><V101/><F127/><W38/><G38/><T104/><D117/><U83/><E106/><V107/><F35/><W111/><G55/><T73/><D104/><U112/><E41/><V126/><F126/><W78/><G78/><T81/><D133/><N who="3" m="51273" /><G91/><T119/><D5/><U32/><E134/><V124/><F124/><W90/><G90/><T128/><D119/><U56/><E131/><V121/><F121/><W125/><G125/><T45/><D128/><U25/><E116/><V80/><F37/><W76/><G76/><N who="0" m="44175" /><D62/><U84/><E118/><V57/><F57/><W77/><G77/><T18/><D46/><U22/><E112/><V97/><F28/><N who="3" m="10827" /><G129/><T24/><D51/><U120/><E120/><V88/><F79/><W72/><G72/><T19/><D34/><U95/><E82/><V94/><F107/><W89/><G89/><T68/><D68/><U12/><E83/><V6/><REACH who="2" step="1"/><F21/><REACH who="2" ten="367,179,167,277" step="2"/><W58/><G58/><T93/><D33/><U60/><E32/><V113/><F113/><W50/><G50/><AGARI ba="0,1" hai="2,6,8,44,47,50,53,59,80,86,88,94,97,101" machi="50" ten="30,3900,0" yaku="1,1,7,1,54,1,53,0" doraHai="11" doraHaiUra="109" who="2" fromWho="3" sc="367,0,179,0,167,49,277,-39" /><INIT seed="5,0,0,2,3,70" ten="367,179,216,238" oya="1" hai0="94,102,49,130,105,76,134,90,103,20,119,109,24" hai1="133,52,91,81,83,72,77,42,22,10,33,129,117" hai2="123,115,3,16,37,127,63,71,19,111,89,44,112" hai3="114,92,100,65,0,88,27,54,5,15,98,67,93"/><U57/><E117/><V30/><F111/><W78/><G0/><T46/><D109/><U120/><E33/><V118/><F118/><W11/><G114/><N who="2" m="43561" /><F3/><W74/><G78/><T34/><D34/><U51/><E120/><V135/><F123/><W47/><G74/><T2/><D2/><U41/><E129/><V85/><F30/><W13/><G27/><T1/><D24/><U12/><E133/><V110/><F110/><W6/><G6/><T56/><D1/><U73/><E22/><V82/><F127/><W39/><G15/><T32/><D32/><U80/><E80/><V66/><F135/><W29/><G29/><T121/><D134/><U38/><E38/><V28/><F28/><W4/><G4/><T14/><D119/><U62/><E62/><V128/><F128/><W48/><REACH who="3" step="1"/><G39/><REACH who="3" ten="367,179,216,228" step="2"/><T43/><D130/><U23/><E72/><V9/><F9/><W35/><G35/><T131/><D131/><U97/><E23/><V108/><F108/><W84/><AGARI ba="0,1" hai="5,11,13,47,48,54,65,67,84,88,92,93,98,100" machi="84" ten="20,8000,1" yaku="1,1,0,1,7,1,8,1,54,1,53,0" doraHai="70" doraHaiUra="25" who="3" fromWho="3" sc="367,-20,179,-40,216,-20,228,90" /><INIT seed="6,0,0,4,2,134" ten="347,139,196,318" oya="2" hai0="87,24,98,115,84,47,58,81,44,52,64,56,17" hai1="34,109,74,68,104,107,60,8,105,21,65,35,99" hai2="100,22,119,118,76,43,113,111,66,112,69,55,54" hai3="27,88,28,114,53,95,20,51,117,3,32,124,63"/><V9/><F76/><W80/><G3/><T96/><D115/><N who="2" m="44106" /><F100/><W73/><G117/><N who="2" m="44553" /><F22/><W79/><G124/><T18/><D64/><U97/><E109/><V123/><F9/><W67/><G114/><T39/><D39/><U129/><E129/><V77/><F77/><W45/><G32/><T2/><D2/><U37/><E21/><V4/><F4/><W110/><G110/><T93/><D93/><U36/><E8/><V19/><F19/><W102/><G102/><T108/><D108/><U120/><E120/><V70/><F111/><W23/><G27/><T14/><D24/><U90/><E74/><V40/><F123/><W131/><G131/><T49/><D14/><U41/><E41/><N who="2" m="15947" /><F66/><W5/><G5/><T62/><D18/><U1/><E1/><V57/><F54/><W106/><G28/><T86/><D17/><U6/><E6/><V48/><AGARI ba="0,0" hai="48,55,57,69,70" m="15947,44553,44106" machi="48" ten="40,7800,0" yaku="15,1,34,2" doraHai="134" who="2" fromWho="2" sc="347,-26,139,-26,196,78,318,-26" /><INIT seed="6,1,0,1,4,130" ten="321,113,274,292" oya="2" hai0="94,93,17,53,101,64,131,39,119,38,90,2,9" hai1="40,125,121,8,46,114,112,16,50,0,85,106,30" hai2="92,63,104,10,103,115,76,36,67,100,1,11,109" hai3="77,62,4,82,3,69,21,6,66,45,33,54,34"/><V117/><F117/><W7/><G3/><T49/><D64/><U56/><E106/><V134/><F36/><W5/><N who="3" m="1024" /><DORA hai="83" /><W55/><G21/><T26/><D2/><U105/><E0/><V12/><F1/><W99/><G99/><T120/><D120/><U124/><E105/><V122/><F104/><W37/><G37/><T35/><D131/><U73/><E73/><V127/><F122/><W135/><G135/><T25/><D35/><U80/><E30/><V129/><F134/><W70/><G70/><T118/><D39/><U41/><E121/><V71/><F129/><W19/><G19/><T13/><D38/><U68/><E68/><V102/><F115/><N who="1" m="44073" /><E56/><V87/><F127/><N who="1" m="48713" /><E40/><V78/><F109/><W98/><G33/><T86/><D118/><U24/><E24/><V14/><F76/><W32/><G32/><T43/><D43/><U18/><E8/><V81/><REACH who="2" step="1"/><F92/><REACH who="2" ten="321,113,264,292" step="2"/><W48/><G77/><AGARI ba="1,1" hai="16,18,41,46,50,77,80,85" m="48713,44073" machi="77" ten="30,7700,0" yaku="15,1,18,1,52,1,54,1" doraHai="130,83" who="1" fromWho="3" sc="321,0,113,90,264,0,292,-80" /><INIT seed="7,0,0,1,1,57" ten="321,203,264,212" oya="3" hai0="59,66,98,21,18,108,70,97,131,105,104,69,107" hai1="54,134,39,72,13,49,118,116,53,63,111,89,123" hai2="82,14,1,115,51,28,112,58,96,128,114,62,50" hai3="33,30,130,24,81,100,133,102,83,99,101,9,47"/><W2/><G130/><T88/><D108/><U78/><E123/><V41/><F1/><W135/><G99/><T12/><D131/><U29/><E111/><V10/><F128/><W121/><G121/><T71/><D88/><U113/><E113/><V86/><F96/><W40/><G9/><T6/><D6/><U74/><E39/><V120/><F28/><W65/><G65/><T80/><D80/><U67/><E134/><N who="3" m="51210" /><G2/><T126/><D126/><U44/><E29/><V77/><F41/><W117/><G117/><N who="1" m="45162" /><E54/><N who="2" m="34135" /><F120/><W119/><G119/><T85/><D85/><U45/><E45/><V38/><F38/><AGARI ba="0,0" hai="24,30,33,38,40,47,81,83,100,101,102" m="51210" machi="38" ten="30,1500,0" yaku="20,1" doraHai="57" who="3" fromWho="2" sc="321,0,203,0,264,-15,212,15" /><INIT seed="7,1,0,4,5,2" ten="321,203,249,227" oya="3" hai0="74,91,15,123,31,38,51,12,135,79,65,97,33" hai1="56,104,94,49,36,11,30,112,108,39,67,59,25" hai2="34,37,24,20,126,13,19,120,90,103,88,117,124" hai3="127,48,89,107,22,80,125,92,64,110,17,3,76"/><W45/><G107/><T70/><D123/><U134/><E104/><V72/><F117/><W10/><G64/><T60/><D38/><U26/><E108/><V96/><F72/><W35/><G35/><T78/><D135/><U85/><E134/><V41/><F120/><W14/><G110/><T68/><D68/><U130/><E112/><V66/><F66/><W106/><G106/><T5/><D12/><U61/><E130/><V23/><F34/><W47/><G3/><T32/><D32/><U99/><E85/><V119/><F119/><W44/><G22/><T81/><D78/><U116/><E116/><V111/><F111/><W4/><G17/><T86/><D97/><U42/><E11/><V93/><F41/><W118/><G118/><T87/><D91/><U100/><E26/><V43/><F43/><W128/><G128/><T102/><D102/><U18/><E18/><N who="2" m="10319" /><F37/><W50/><G80/><T40/><D31/><U29/><E29/><V113/><F113/><W1/><G76/><T71/><D33/><U101/><E101/><V16/><F19/><W54/><G1/><T121/><D121/><U21/><E56/><V46/><F46/><AGARI ba="1,0" hai="21,25,30,36,39,42,46,49,59,61,67,94,99,100" machi="46" ten="40,2600,0" yaku="25,2" doraHai="2" who="1" fromWho="2" sc="321,0,203,29,249,-29,227,0" owari="321,42.0,232,3.0,220,-28.0,227,-17.0" /></mjloggm>