<mjloggm ver="2.3"><GO type="225" lobby="0"/><UN n0="%E3%83%86%E3%82%A3%E3%82%AB%2D%CE%B3" n1="%E3%83%88%E3%83%88%E3%83%AA%E5%85%88%E7%94%9F%31%39%E6%AD%B3" n2="%4D%40%53%4F" n3="%E9%8A%80%E3%81%B0%E3%81%95%E3%81%BF" dan="17,17,16,17" rate="2169.01,2182.76,2212.18,2156.29" sx="M,F,M,M"/><TAIKYOKU oya="0"/><INIT seed="0,0,0,2,5,94" ten="250,250,250,250" oya="0" hai0="56,119,74,5,19,18,1,104,46,26,32,28,130" hai1="30,131,106,134,21,43,73,52,54,112,88,13,89" hai2="125,107,71,7,105,48,34,8,33,60,97,39,15" hai3="108,103,96,68,41,127,77,64,3,132,66,10,93"/><T99/><D74/><U40/><E73/><V58/><F39/><W83/><G108/><T65/><D119/><U129/><E106/><V2/><F125/><W57/><G127/><T59/><D130/><N who="1" m="49675" /><E134/><V50/><F71/><W4/><G68/><T113/><D113/><U6/><E112/><V20/><F33/><W44/><G57/><T76/><D76/><U133/><E133/><V82/><F82/><W86/><REACH who="3" step="1"/><G132/><REACH who="3" ten="250,250,250,240" step="2"/><T35/><D56/><U36/><E36/><AGARI ba="0,1" hai="3,4,10,36,41,44,64,66,77,83,86,93,96,103" machi="36" ten="30,7700,0" yaku="1,1,2,1,7,1,52,1,53,0" doraHai="94" doraHaiUra="135" who="3" fromWho="1" sc="250,0,250,-77,250,0,240,87" /><INIT seed="1,0,0,2,2,87" ten="250,173,250,327" oya="1" hai0="82,98,110,40,33,25,108,121,6,65,43,117,58" hai1="19,83,17,34,28,30,36,89,119,111,0,1,41" hai2="113,35,135,91,92,128,51,112,63,73,114,133,126" hai3="27,38,32,106,123,96,66,46,53,24,116,134,97"/><U101/><E119/><V81/><F35/><W55/><G123/><T69/><D69/><U9/><E111/><V104/><F104/><W50/><G38/><T90/><D6/><U42/><E101/><V2/><F2/><N who="1" m="1129" /><E36/><V16/><F128/><W31/><G116/><T71/><D71/><U109/><E83/><V80/><F126/><W44/><G66/><T99/><D117/><U52/><E109/><N who="0" m="42089" /><D121/><U70/><E70/><V67/><F51/><W93/><G106/><T122/><D99/><U4/><E52/><V84/><F16/><N who="1" m="6217" /><E42/><V130/><F130/><W59/><G53/><T100/><D100/><U8/><E41/><V61/><F61/><W72/><G55/><T86/><D98/><U118/><E118/><V127/><F127/><W47/><G96/><T64/><D64/><U7/><E89/><V78/><REACH who="2" step="1"/><F81/><REACH who="2" ten="250,173,240,327" step="2"/><W107/><G50/><T85/><D122/><U39/><E39/><V22/><F22/><W102/><G107/><T60/><D82/><U129/><E129/><V26/><F26/><W131/><G27/><T10/><D60/><U94/><E94/><V115/><N who="2" m="28672" /><DORA hai="15" /><V45/><F45/><W95/><G131/><T13/><D25/><N who="1" m="18703" /><E30/><V77/><F77/><W20/><G31/><T48/><D43/><U68/><E68/><AGARI ba="0,1" hai="63,67,68,73,78,80,84,91,92,133,135" m="28672" machi="68" ten="70,8000,1" yaku="1,1,11,1,52,1,53,1" doraHai="87,15" doraHaiUra="75,29" who="2" fromWho="1" sc="250,0,173,-80,240,90,327,0" /><INIT seed="2,0,0,4,5,20" ten="250,93,330,327" oya="2" hai0="104,72,110,126,31,44,9,64,111,89,63,34,114" hai1="66,87,92,45,76,68,88,10,54,7,83,60,128" hai2="5,79,96,74,15,59,47,108,118,91,81,37,102" hai3="131,57,84,122,8,98,43,26,80,127,100,18,13"/><V24/><F118/><W61/><G122/><T116/><D89/><U133/><E128/><V14/><F108/><W103/><G127/><T58/><D72/><U2/><E133/><V107/><F59/><W49/><G131/><T62/><D114/><U46/><REACH who="1" step="1"/><E54/><REACH who="1" ten="250,83,330,327" step="2"/><V30/><F37/><W113/><G113/><T124/><D126/><U33/><E33/><V120/><F120/><W22/><G43/><T90/><D34/><U86/><AGARI ba="0,1" hai="2,7,10,45,46,60,66,68,76,83,86,87,88,92" machi="86" ten="20,5200,0" yaku="1,1,0,1,7,1,54,1,53,0" doraHai="20" doraHaiUra="117" who="1" fromWho="1" sc="250,-13,83,62,330,-26,327,-13" /><INIT seed="3,0,0,4,5,84" ten="237,145,304,314" oya="3" hai0="105,21,104,92,71,93,102,127,134,27,80,3,74" hai1="79,106,25,24,132,85,96,58,32,20,62,47,11" hai2="69,65,128,101,67,55,10,31,95,72,36,6,26" hai3="88,57,82,18,7,64,108,86,119,90,129,78,117"/><W87/><G129/><T111/><D3/><U4/><E132/><V56/><F36/><W16/><G108/><T68/><D27/><U37/><E32/><V81/><F128/><W124/><G124/><T52/><D21/><U5/><E25/><V125/><F69/><W44/><G7/><T118/><D118/><U112/><E112/><V70/><F70/><W91/><G117/><T35/><D35/><U89/><E37/><V15/><F125/><W2/><G2/><T28/><D74/><U50/><E79/><V48/><F72/><W9/><G119/><T131/><D68/><U122/><E122/><V22/><F81/><N who="3" m="47415" /><G44/><T30/><D71/><U107/><E96/><AGARI ba="0,0" hai="6,10,15,22,26,31,48,55,56,65,67,95,96,101" machi="96" ten="40,1300,0" yaku="8,1" doraHai="84" who="2" fromWho="1" sc="237,0,145,-13,304,13,314,0" owari="237,-16.0,132,-37.0,317,42.0,314,11.0" /></mjloggm>