<mjloggm ver="2.3"><GO type="169" lobby="0"/><UN n0="%E5%B0%B1%E6%B4%BB%E7%94%9F%40%E5%B7%9D%E6%9D%91%E8%BB%8D%E5%9B%A3" n1="%E3%81%86%E3%81%91%E3%81%AA%E3%81%8C%E3%81%99%E3%81%9C" n2="%53%48%49%53%55%4B%45" n3="%E3%83%8B%E3%83%A3%E3%83%83%E3%83%94%E3%83%BC%E5%A4%8F%E7%9B%AE" dan="17,17,16,16" rate="2249.35,2185.89,2014.31,2083.59" sx="M,F,M,M"/><TAIKYOKU oya="0"/><INIT seed="0,0,0,0,4,47" ten="250,250,250,250" oya="0" hai0="45,125,91,108,76,117,18,55,86,43,58,127,80" hai1="82,126,116,111,72,122,52,13,85,61,94,70,44" hai2="14,100,128,77,113,115,20,121,90,39,1,5,65" hai3="134,129,103,114,25,60,29,30,28,99,3,106,101"/><T36/><D117/><U9/><E122/><V107/><F121/><W102/><G114/><T0/><D0/><U133/><E116/><V68/><F14/><W93/><G129/><T15/><D108/><U22/><E126/><V35/><F90/><W88/><G3/><T37/><D37/><U66/><E133/><V33/><F20/><W53/><G134/><T32/><D32/><U105/><E105/><V135/><F77/><W31/><G60/><T27/><D27/><U24/><E94/><V109/><F128/><W59/><G59/><T130/><D130/><U120/><E72/><V89/><F89/><W12/><G53/><T83/><D76/><U92/><E92/><V50/><F39/><W131/><G12/><T26/><D26/><U49/><E111/><V118/><F118/><W11/><G11/><T56/><D83/><U62/><E120/><V17/><F17/><W69/><G69/><T38/><D38/><U42/><E42/><V112/><F135/><W16/><G131/><T48/><REACH who="0" step="1"/><D56/><REACH who="0" ten="240,250,250,250" step="2"/><U21/><E24/><V67/><F109/><W54/><G31/><T46/><D46/><U84/><E82/><V23/><F115/><W2/><G2/><T40/><D40/><U7/><E21/><AGARI ba="0,1" hai="15,18,21,36,43,45,48,55,58,80,86,91,125,127" machi="21" ten="40,7700,0" yaku="1,1,52,1,53,1" doraHai="47" doraHaiUra="10" who="0" fromWho="1" sc="240,87,250,-77,250,0,250,0" /><INIT seed="0,1,0,0,1,109" ten="327,173,250,250" oya="0" hai0="42,68,4,119,50,85,10,24,11,15,111,73,122" hai1="121,63,128,100,72,123,49,14,38,92,94,129,45" hai2="130,77,2,32,78,8,40,104,65,67,33,55,52" hai3="21,51,61,120,89,23,106,84,69,35,5,26,101"/><T113/><D73/><U62/><E72/><V102/><F130/><N who="1" m="50281" /><E100/><V126/><F126/><W66/><G5/><T19/><D111/><U54/><E14/><V0/><F8/><W22/><G51/><T86/><D119/><U30/><E30/><V132/><F40/><W13/><G120/><N who="1" m="46154" /><E94/><V118/><F102/><W75/><G75/><T27/><D68/><U28/><E28/><V91/><F118/><W34/><G13/><N who="0" m="5319" /><D113/><U17/><E17/><V9/><F91/><W76/><G76/><T117/><D117/><U115/><E92/><V99/><F99/><N who="3" m="61759" /><G34/><T58/><D122/><U56/><E115/><V59/><F9/><W116/><G116/><T57/><D24/><U108/><E108/><V47/><F104/><W6/><G6/><T80/><D27/><U3/><E3/><V131/><F131/><W46/><G21/><T83/><D83/><U107/><E107/><V134/><F2/><W112/><G112/><T127/><D127/><U87/><E87/><N who="0" m="33289" /><D80/><U29/><E29/><V93/><F0/><W82/><G35/><T31/><D31/><U25/><E25/><V36/><F32/><W125/><G26/><T20/><D20/><N who="3" m="7721" /><G125/><T114/><D114/><U70/><E70/><V133/><F33/><W53/><G82/><T88/><D88/><U74/><E74/><V44/><F78/><W98/><G89/><T79/><D79/><U97/><E97/><V41/><F77/><W110/><G110/><T48/><D42/><AGARI ba="1,0" hai="38,42,45,49,54,56,62,63" m="46154,50281" machi="42" ten="30,3900,0" yaku="19,1,34,2" doraHai="109" who="1" fromWho="0" sc="327,-42,173,42,250,0,250,0" /><INIT seed="1,0,0,2,3,100" ten="285,215,250,250" oya="1" hai0="113,84,115,37,60,52,91,12,43,89,28,94,71" hai1="133,87,131,85,17,127,104,5,56,19,120,132,16" hai2="101,79,121,40,68,77,73,21,20,0,29,109,98" hai3="46,31,66,65,69,128,90,54,50,70,105,130,8"/><U123/><E5/><V9/><F121/><W24/><G8/><T57/><D71/><N who="3" m="27145" /><G90/><T49/><D37/><U124/><E56/><V59/><F68/><W110/><G105/><T96/><D28/><U58/><E58/><V36/><F109/><W81/><G81/><T48/><D43/><U62/><E62/><V6/><F59/><W34/><G110/><T83/><REACH who="0" step="1"/><D12/><REACH who="0" ten="275,215,250,250" step="2"/><U27/><E27/><V103/><F29/><W134/><G134/><N who="1" m="51818" /><E131/><AGARI ba="0,1" hai="24,31,34,46,50,54,65,66,128,130,131" m="27145" machi="131" ten="30,1000,0" yaku="19,1" doraHai="100" who="3" fromWho="1" sc="275,0,215,-10,250,0,250,20" /><INIT seed="2,0,0,0,1,21" ten="275,205,250,270" oya="2" hai0="19,44,118,127,108,28,104,92,5,122,34,68,120" hai1="36,78,126,52,130,14,40,8,42,32,125,93,124" hai2="99,82,112,70,84,94,46,91,63,105,116,111,86" hai3="100,59,72,11,131,41,23,102,117,37,1,15,0"/><V22/><F112/><W65/><G117/><T109/><D104/><U71/><E71/><V39/><F116/><W51/><G72/><T121/><D68/><U27/><E78/><V6/><F111/><N who="0" m="42570" /><D44/><U56/><E36/><V98/><F6/><W47/><G131/><T57/><D57/><U43/><E130/><V85/><F70/><W97/><G23/><T45/><D45/><U54/><E56/><V25/><F105/><W132/><G132/><T12/><D92/><U106/><E106/><V30/><F63/><W7/><G100/><T90/><D90/><U66/><E66/><V38/><F98/><W18/><G7/><T73/><D73/><U16/><E93/><V76/><REACH who="2" step="1"/><F46/><REACH who="2" ten="275,205,240,270" step="2"/><W29/><G47/><T67/><D5/><U103/><E103/><V31/><F31/><AGARI ba="0,1" hai="8,14,16,27,31,32,40,42,43,52,54,124,125,126" machi="31" ten="50,8000,1" yaku="18,1,52,1,54,2" doraHai="21" who="1" fromWho="2" sc="275,0,205,90,240,-80,270,0" /><INIT seed="3,0,0,3,1,41" ten="275,295,160,270" oya="3" hai0="59,78,133,0,15,105,75,76,56,71,109,39,70" hai1="24,106,97,132,115,116,3,8,53,98,28,120,26" hai2="49,93,51,11,47,31,83,89,42,86,113,134,44" hai3="112,38,114,50,55,2,100,17,37,46,81,84,104"/><W7/><G7/><T125/><D0/><U36/><E120/><V12/><F113/><W57/><G2/><T126/><D105/><U135/><E115/><V4/><F134/><W13/><G114/><T99/><D39/><U72/><E53/><V45/><F31/><W16/><G112/><T19/><D133/><N who="1" m="51275" /><E26/><V101/><F101/><W29/><G29/><T67/><D99/><U80/><E36/><V111/><F111/><W102/><G17/><T62/><D109/><U79/><E106/><V5/><F5/><W30/><G30/><T52/><D75/><U61/><E61/><V121/><F121/><W35/><G35/><T95/><D95/><U22/><E116/><V131/><F131/><W130/><G130/><T63/><D76/><U128/><E128/><V68/><F68/><W32/><G32/><T21/><REACH who="0" step="1"/><D78/><REACH who="0" ten="265,295,160,270" step="2"/><U118/><E118/><V58/><F93/><W10/><G104/><T87/><D87/><U40/><E3/><V124/><F124/><AGARI ba="0,1" hai="15,19,21,52,56,59,62,63,67,70,71,124,125,126" machi="124" ten="40,8000,1" yaku="1,1,18,1,54,1,53,2" doraHai="41" doraHaiUra="66" who="0" fromWho="2" sc="265,90,295,0,160,-80,270,0" /><INIT seed="4,0,0,5,0,49" ten="355,295,80,270" oya="0" hai0="36,18,45,34,100,37,53,94,17,65,66,81,80" hai1="135,21,39,10,29,55,126,107,61,46,22,105,47" hai2="112,38,30,3,63,25,60,35,124,52,27,58,79" hai3="111,89,86,4,31,116,133,41,120,11,48,24,83"/><T72/><D34/><U12/><E126/><V75/><F38/><W101/><G111/><T23/><D36/><U76/><E135/><V70/><F3/><W28/><G133/><T85/><D72/><U1/><E1/><V84/><F124/><W108/><G108/><T20/><D37/><U102/><E76/><V92/><F112/><W69/><G69/><T90/><D23/><U54/><E39/><V121/><F121/><W123/><G116/><T14/><D17/><U16/><E107/><V43/><F43/><W8/><G101/><T2/><D2/><U77/><E77/><V129/><F129/><W122/><G4/><T62/><D100/><U59/><E105/><V99/><F75/><W127/><G127/><T125/><D125/><U19/><E102/><V130/><F130/><W64/><G64/><T131/><D131/><U0/><E0/><V5/><F5/><W71/><G71/><T56/><D66/><U96/><E96/><V119/><F119/><W113/><G113/><T15/><D15/><N who="1" m="9471" /><E54/><V6/><F6/><W9/><G24/><AGARI ba="0,0" hai="10,12,16,22,24,29,46,47,55,59,61" m="9471" machi="24" ten="30,3900,0" yaku="8,1,52,1,54,1" doraHai="49" who="1" fromWho="3" sc="355,0,295,39,80,0,270,-39" /><INIT seed="5,0,0,5,3,81" ten="355,334,80,231" oya="1" hai0="110,126,99,100,101,59,84,52,120,71,131,60,123" hai1="122,125,40,6,103,13,114,14,106,121,35,44,82" hai2="90,83,4,17,9,69,68,42,33,28,70,116,53" hai3="135,128,29,132,38,8,34,75,21,24,61,109,43"/><U65/><E125/><V97/><F116/><W15/><G75/><T73/><D110/><U58/><E35/><V119/><F119/><W1/><G61/><T86/><D73/><U11/><E114/><V77/><F33/><W27/><G43/><T111/><D111/><U50/><E106/><V2/><F28/><N who="3" m="19719" /><G38/><T66/><D126/><U98/><E14/><V55/><F17/><N who="3" m="8423" /><G109/><T54/><D131/><U51/><E103/><N who="0" m="39497" /><D99/><U117/><E98/><V41/><F42/><W56/><G56/><T115/><D115/><U63/><E117/><V88/><F41/><W20/><G1/><T3/><D3/><U113/><E113/><V95/><REACH who="2" step="1"/><F90/><REACH who="2" ten="355,334,70,231" step="2"/><W22/><G128/><T124/><D124/><U112/><E112/><V23/><F23/><AGARI ba="0,1" hai="20,21,22,23,27,29,132,135" m="8423,19719" machi="23" ten="30,2000,0" yaku="34,2" doraHai="81" who="3" fromWho="2" sc="355,0,334,0,70,-20,231,30" /><INIT seed="6,0,0,5,1,79" ten="355,334,50,261" oya="2" hai0="130,36,3,125,112,20,117,39,78,55,75,103,41" hai1="35,63,70,11,104,51,128,1,84,65,132,46,29" hai2="54,107,98,0,87,17,116,96,85,52,38,43,76" hai3="115,82,120,89,113,93,26,56,94,47,24,114,99"/><V45/><F116/><W25/><G120/><T37/><D3/><U102/><E128/><V86/><F0/><W108/><G108/><T121/><D121/><U126/><E126/><V13/><F76/><W81/><G56/><T32/><D32/><U16/><E132/><V64/><F64/><W118/><G118/><T119/><D112/><U72/><E84/><V90/><F107/><W53/><G94/><T33/><D33/><U4/><E72/><V6/><F6/><W123/><G123/><T57/><D125/><U106/><E102/><V133/><F133/><W14/><G14/><T135/><D130/><U67/><E65/><V59/><F90/><W27/><N who="3" m="6144" /><DORA hai="21" /><W111/><G111/><T19/><D103/><U44/><E44/><V15/><F15/><W97/><G97/><T105/><D105/><U22/><E29/><V68/><F68/><W34/><G34/><T31/><D31/><U48/><E35/><V77/><F77/><W2/><G2/><T61/><D135/><U58/><E70/><V10/><REACH who="2" step="1"/><F54/><REACH who="2" ten="355,334,40,261" step="2"/><W18/><G18/><T109/><D78/><U88/><E106/><V7/><F7/><W42/><G53/><T49/><D55/><U71/><E104/><V50/><AGARI ba="0,1" hai="10,13,17,38,43,45,50,52,59,85,86,87,96,98" machi="50" ten="30,12000,1" yaku="1,1,0,1,54,1,53,2" doraHai="79,21" doraHaiUra="92,110" who="2" fromWho="2" sc="355,-40,334,-40,40,130,261,-40" /><INIT seed="6,1,0,2,1,23" ten="315,294,170,221" oya="2" hai0="47,26,66,54,10,118,89,108,70,85,86,109,114" hai1="67,3,93,71,44,111,64,98,88,18,20,90,135" hai2="97,36,103,83,104,95,50,72,19,40,80,45,106" hai3="125,37,1,0,22,81,107,116,63,2,43,4,5"/><V132/><F132/><W9/><G107/><T113/><D118/><U21/><E111/><V112/><F112/><N who="0" m="43114" /><D10/><U68/><E135/><V134/><F134/><W13/><G116/><T73/><D73/><U35/><E35/><V115/><F115/><W120/><G120/><T39/><D85/><U131/><E131/><V28/><F28/><W51/><G37/><T53/><D66/><U92/><E44/><V14/><F36/><W58/><G125/><T117/><D117/><U122/><E3/><V41/><F40/><W78/><G22/><T77/><D77/><U48/><E122/><V101/><F72/><W56/><G5/><T15/><D15/><U94/><E94/><V123/><F123/><W30/><G30/><T60/><D60/><U49/><E18/><V61/><F61/><W65/><G58/><T12/><D12/><U110/><E110/><V79/><F79/><W124/><G124/><T32/><D70/><U6/><REACH who="1" step="1"/><E98/><REACH who="1" ten="315,284,170,221" step="2"/><V102/><F106/><W129/><G129/><T87/><D108/><U84/><E84/><V34/><F34/><W8/><G0/><T59/><D109/><U62/><E62/><V55/><F41/><W33/><G33/><T96/><D87/><U69/><E69/><V24/><F104/><W17/><G1/><T121/><D96/><U126/><E126/><V76/><F97/><W52/><G43/><T128/><D86/><U29/><E29/><V75/><F95/><W25/><G63/><T91/><D47/><U74/><E74/><V105/><F105/><W27/><G65/><T127/><D121/><U130/><E130/><RYUUKYOKU ba="1,1" sc="315,-15,284,15,170,-15,221,15" hai1="6,20,21,48,49,64,67,68,71,88,90,92,93" hai3="2,4,8,9,13,17,25,27,51,52,56,78,81" /><INIT seed="7,2,1,1,3,49" ten="300,299,155,236" oya="3" hai0="23,100,34,3,70,124,37,31,135,86,28,127,104" hai1="133,93,115,79,33,102,112,46,87,24,50,27,129" hai2="65,40,12,117,71,39,56,84,121,36,5,53,110" hai3="35,123,29,85,47,105,89,73,120,77,4,68,95"/><W19/><G68/><T72/><D72/><U90/><E129/><V32/><F32/><W52/><G4/><T22/><D70/><U59/><E133/><V60/><F5/><W17/><G105/><T6/><D37/><U21/><E79/><V88/><F110/><W116/><G116/><T74/><D74/><U9/><E9/><V48/><F117/><W118/><G118/><T13/><D135/><U80/><E59/><V132/><F132/><W114/><G114/><N who="1" m="43562" /><E33/><V2/><F121/><W57/><G47/><T81/><D100/><U43/><E21/><N who="0" m="7689" /><D104/><U113/><E113/><V125/><F2/><W64/><G64/><T42/><D42/><U63/><E63/><V26/><F125/><N who="0" m="48202" /><D34/><U106/><E106/><V78/><F26/><W99/><G73/><T76/><D3/><U75/><E75/><V66/><F65/><W82/><G123/><T111/><D111/><U126/><E126/><V97/><F12/><W0/><G0/><T51/><D51/><U38/><E38/><V45/><F39/><W83/><G83/><T15/><D15/><U109/><E109/><V10/><F10/><AGARI ba="2,1" hai="6,10,13,28,31,76,81,86" m="48202,7689" machi="10" ten="30,1000,0" yaku="18,1" doraHai="49" who="0" fromWho="2" sc="300,26,299,0,155,-16,236,0" owari="326,42.0,299,10.0,139,-36.0,236,-16.0" /></mjloggm>