<mjloggm ver="2.3"><GO type="169" lobby="0"/><UN n0="%67%61%72%75%63%69%61" n1="%E6%81%8B%E6%96%87" n2="%69%63%65%6D%61%6E%32" n3="%E5%B0%B1%E6%B4%BB%E7%94%9F%40%E5%B7%9D%E6%9D%91%E8%BB%8D%E5%9B%A3" dan="17,16,16,17" rate="2226.86,2217.11,2135.26,2226.15" sx="M,M,M,M"/><TAIKYOKU oya="0"/><INIT seed="0,0,0,1,3,80" ten="250,250,250,250" oya="0" hai0="120,121,43,51,79,105,52,30,59,57,68,107,19" hai1="124,3,101,98,39,23,108,84,100,134,38,130,37" hai2="96,128,88,9,16,95,5,112,11,20,83,31,132" hai3="32,104,125,60,90,12,81,56,26,4,109,33,46"/><T76/><D68/><U42/><E3/><V103/><F112/><W113/><G104/><T91/><D30/><U40/><E134/><V75/><F132/><W92/><G113/><T72/><D72/><U71/><E71/><V8/><F128/><W18/><G125/><T116/><D116/><U106/><E124/><V35/><F35/><W111/><G4/><T82/><D107/><U62/><E62/><V118/><F118/><W29/><G46/><T69/><D69/><U47/><E108/><V102/><F31/><W2/><G2/><T63/><D105/><U86/><E23/><V122/><F122/><W94/><G33/><T73/><D79/><U117/><E117/><V10/><N who="2" m="2048" /><DORA hai="22" /><V93/><F5/><W1/><G1/><T25/><D91/><U27/><E27/><N who="2" m="14727" /><F75/><W115/><G115/><T89/><D89/><U114/><E130/><V44/><F83/><W99/><G81/><T133/><D133/><U34/><E34/><V131/><F131/><W67/><G18/><T50/><D43/><U123/><E38/><V21/><F44/><W85/><REACH who="3" step="1"/><G12/><REACH who="3" ten="250,250,250,240" step="2"/><T58/><D121/><U24/><E123/><V70/><F70/><W53/><G53/><T77/><D120/><U55/><E55/><V41/><F41/><W48/><G48/><T49/><D77/><U17/><E42/><V54/><F54/><W0/><G0/><T14/><D14/><U87/><E114/><V6/><F6/><W7/><G7/><T45/><D45/><U65/><E47/><V28/><F95/><W135/><G135/><T110/><D110/><U97/><E40/><RYUUKYOKU ba="0,1" sc="250,10,250,-30,250,10,240,10" hai0="19,25,49,50,51,52,57,58,59,63,73,76,82" hai2="21,28,88,93,96,102,103" hai3="26,29,32,56,60,67,85,90,92,94,99,109,111" /><INIT seed="0,1,1,5,4,7" ten="260,220,260,250" oya="0" hai0="61,40,55,125,15,22,122,127,98,124,94,50,87" hai1="45,9,11,133,126,29,62,123,38,112,120,113,84" hai2="64,52,14,51,76,71,115,134,72,42,4,81,54" hai3="37,108,0,58,34,25,89,74,103,65,59,118,16"/><T18/><D122/><U53/><E29/><V49/><F115/><N who="1" m="44105" /><E84/><V43/><F134/><W56/><G118/><T1/><D1/><U33/><E33/><V121/><F121/><N who="1" m="46665" /><E133/><V73/><F64/><W5/><G108/><T10/><D87/><U26/><E26/><V131/><F71/><W114/><G74/><T19/><D61/><U47/><E126/><V104/><F104/><W8/><G114/><T3/><D40/><N who="1" m="22679" /><E47/><V13/><F4/><W48/><G37/><T63/><D63/><U35/><E35/><V70/><F70/><W99/><G89/><N who="0" m="55631" /><D3/><U67/><E53/><V68/><F68/><AGARI ba="1,1" hai="9,11,62,67,68" m="22679,46665,44105" machi="68" ten="30,3900,0" yaku="11,1,52,2" doraHai="7" who="1" fromWho="2" sc="260,0,220,52,260,-42,250,0" /><INIT seed="1,0,0,4,5,109" ten="260,272,218,250" oya="1" hai0="17,89,43,128,81,30,3,80,57,125,29,132,45" hai1="115,108,107,126,112,46,35,133,116,129,64,130,106" hai2="134,105,104,88,13,68,78,66,85,71,48,55,27" hai3="9,26,70,75,34,122,117,111,47,103,73,53,19"/><U101/><E64/><V63/><F78/><W94/><G111/><T14/><D3/><U92/><E46/><V54/><F134/><W87/><G70/><T33/><D132/><U110/><E133/><V8/><F27/><W127/><G122/><T11/><D128/><N who="1" m="49259" /><E35/><V74/><F74/><W135/><G127/><T60/><D33/><U28/><E28/><V58/><F55/><W32/><G135/><T56/><D125/><U1/><E1/><V93/><REACH who="2" step="1"/><F71/><REACH who="2" ten="260,272,208,250" step="2"/><W4/><G26/><T37/><D57/><U123/><E110/><V61/><F61/><W120/><G53/><T51/><D37/><U90/><E108/><V79/><F79/><W20/><G47/><T5/><D5/><AGARI ba="0,1" hai="5,8,13,48,54,58,63,66,68,85,88,93,104,105" machi="5" ten="30,3900,0" yaku="1,1,7,1,54,1,53,0" doraHai="109" doraHaiUra="12" who="2" fromWho="0" sc="260,-39,272,0,208,49,250,0" /><INIT seed="2,0,0,2,4,52" ten="221,272,257,250" oya="2" hai0="98,129,126,123,61,96,101,75,20,84,111,56,117" hai1="127,81,68,48,10,134,110,131,97,71,102,47,89" hai2="65,46,55,83,86,13,116,93,53,23,62,70,109" hai3="35,125,28,105,0,78,22,95,45,67,132,87,15"/><V121/><F121/><W1/><G105/><T103/><D75/><U124/><E110/><V115/><F116/><W119/><G119/><T31/><D117/><U135/><E89/><V30/><F115/><W133/><G125/><N who="1" m="48202" /><E81/><V64/><F109/><W60/><G35/><T29/><D126/><U88/><E10/><V7/><F93/><W37/><G37/><T27/><D111/><U99/><E102/><N who="0" m="38921" /><D123/><U77/><E77/><V16/><F30/><N who="0" m="11274" /><D129/><U94/><E99/><N who="0" m="37929" /><D84/><U9/><E9/><V120/><F120/><W57/><G1/><T5/><D5/><U42/><E131/><V66/><F7/><W82/><G0/><T107/><D107/><U8/><E8/><V104/><F104/><W79/><G79/><T114/><D114/><U19/><E19/><V39/><F39/><W90/><G45/><T73/><D73/><U41/><E41/><V11/><F23/><W24/><REACH who="3" step="1"/><G15/><REACH who="3" ten="221,272,257,240" step="2"/><T36/><D36/><U4/><E4/><V38/><F38/><W74/><AGARI ba="0,1" hai="22,24,28,57,60,67,74,78,82,87,90,95,132,133" machi="74" ten="30,7900,0" yaku="1,1,2,1,0,1,52,1,53,0" doraHai="52" doraHaiUra="43" who="3" fromWho="3" sc="221,-20,272,-20,257,-39,240,89" /><INIT seed="3,0,0,3,0,53" ten="201,252,218,329" oya="3" hai0="89,0,22,106,102,79,128,117,100,116,34,66,64" hai1="35,95,68,88,110,38,78,1,131,72,134,127,125" hai2="109,4,9,123,121,65,91,81,8,101,120,32,57" hai3="103,10,126,73,99,41,43,84,21,80,130,76,25"/><W108/><G126/><T26/><D0/><U55/><RYUUKYOKU type="yao9" ba="0,0" sc="201,0,252,0,218,0,329,0" hai1="1,35,38,55,68,72,78,88,95,110,125,127,131,134" /><INIT seed="3,1,0,4,3,51" ten="201,252,218,329" oya="3" hai0="109,113,13,21,130,29,121,43,11,114,69,9,14" hai1="33,15,0,80,20,85,38,86,67,31,97,110,30" hai2="49,3,24,64,7,57,37,62,129,120,90,112,122" hai3="26,74,72,6,41,98,1,35,94,76,36,99,45"/><W127/><G127/><T132/><D69/><U50/><E38/><V5/><F112/><N who="0" m="43114" /><D43/><U73/><E0/><V103/><F37/><W82/><G72/><T84/><D121/><U126/><E33/><V28/><F3/><W83/><G82/><T123/><D123/><N who="2" m="47146" /><F129/><W125/><G125/><T10/><D84/><U2/><E2/><V52/><F90/><W47/><G45/><T116/><D116/><U101/><E110/><V61/><F103/><W107/><G107/><T18/><D109/><U58/><E126/><V128/><F128/><W71/><G71/><T56/><D130/><U66/><E73/><V75/><F75/><W115/><G115/><T96/><D96/><U17/><E97/><V100/><F100/><W16/><G94/><T95/><D95/><U78/><E101/><V8/><F8/><N who="0" m="3178" /><D56/><U118/><E86/><V87/><F87/><W42/><G42/><T4/><D29/><N who="1" m="10763" /><E118/><V89/><F89/><W79/><G79/><T39/><D39/><U111/><E111/><V93/><F93/><W53/><G35/><T23/><D23/><U91/><E91/><V63/><F64/><W46/><G1/><N who="0" m="399" /><D132/><U68/><E68/><V102/><F102/><W131/><G6/><T117/><D117/><U77/><E78/><V106/><F106/><W133/><G131/><T119/><D119/><U88/><E77/><V105/><F105/><W55/><G133/><T25/><AGARI ba="1,0" hai="13,14,18,21,25" m="399,3178,43114" machi="25" ten="30,4000,0" yaku="11,1,34,2" doraHai="51" who="0" fromWho="0" sc="201,43,252,-11,218,-11,329,-21" /><INIT seed="4,0,0,2,1,42" ten="244,241,207,308" oya="0" hai0="11,52,101,53,80,126,70,127,73,94,15,118,130" hai1="119,104,111,128,79,38,112,19,62,44,30,114,100" hai2="99,69,13,129,96,8,63,78,16,90,39,95,75" hai3="82,58,135,14,5,132,107,46,31,108,105,121,33"/><T85/><D118/><U29/><E111/><V41/><F129/><W93/><G108/><T50/><D70/><U64/><E128/><V102/><F69/><W61/><G121/><T49/><D73/><U66/><E79/><V51/><F39/><W40/><G93/><T47/><D130/><U133/><E19/><V115/><F115/><N who="1" m="44073" /><E133/><V2/><F2/><W26/><G82/><T83/><D101/><U77/><E77/><V110/><F110/><W84/><G84/><T65/><D65/><U120/><E119/><V54/><F63/><W55/><G14/><T48/><D48/><U7/><E7/><V59/><F41/><W10/><G10/><T18/><D94/><U20/><E62/><V92/><F75/><W36/><REACH who="3" step="1"/><G5/><REACH who="3" ten="244,241,207,298" step="2"/><T0/><D0/><U37/><E120/><V34/><F34/><W86/><G86/><T125/><REACH who="0" step="1"/><D85/><REACH who="0" ten="234,241,207,298" step="2"/><U28/><E104/><AGARI ba="0,2" hai="26,31,33,36,40,46,55,58,61,104,105,107,132,135" machi="104" ten="40,5200,0" yaku="1,1,52,1,53,1" doraHai="42" doraHaiUra="22" who="3" fromWho="1" sc="234,0,241,-52,207,0,298,72" /><INIT seed="5,0,0,2,1,15" ten="234,189,207,370" oya="1" hai0="120,49,21,109,126,93,59,130,128,62,64,135,122" hai1="3,36,121,25,54,11,52,7,72,26,133,86,111" hai2="74,87,24,113,1,56,29,78,22,73,98,35,84" hai3="43,6,14,10,81,131,83,132,77,92,80,13,71"/><U129/><E36/><V60/><F1/><W97/><G131/><N who="0" m="50219" /><D93/><U125/><E121/><N who="0" m="46697" /><D21/><U8/><E129/><V69/><F69/><W118/><G132/><T5/><D5/><U46/><E133/><V40/><F40/><W33/><G33/><T79/><D79/><U67/><E72/><V99/><F113/><W108/><G118/><T127/><D135/><U112/><E111/><V105/><F105/><W27/><G108/><T38/><D38/><U37/><E112/><V44/><F44/><W16/><G71/><T82/><D82/><U116/><E116/><V61/><F35/><W2/><G43/><T23/><D23/><U91/><E67/><V85/><F78/><W28/><G77/><T42/><D109/><U90/><E125/><V41/><F41/><W31/><G27/><T95/><D95/><U124/><E124/><V17/><F29/><W117/><G117/><T100/><D100/><U55/><E11/><V4/><F4/><W66/><G66/><T30/><D30/><U63/><E37/><V19/><F22/><N who="3" m="11535" /><G2/><T106/><D106/><U57/><E46/><AGARI ba="0,0" hai="42,46,49,59,62,64,126,127" m="46697,50219" machi="46" ten="40,8000,1" yaku="19,1,13,1,34,2" doraHai="15" who="0" fromWho="1" sc="234,80,189,-80,207,0,370,0" /><INIT seed="6,0,0,3,5,134" ten="314,109,207,370" oya="2" hai0="90,100,35,113,115,83,27,93,78,44,79,3,126" hai1="92,4,97,42,31,6,123,75,13,51,84,15,7" hai2="130,18,86,108,36,47,12,82,34,50,66,5,69" hai3="132,110,87,121,68,120,81,1,63,74,21,49,19"/><V33/><F36/><W116/><G132/><T77/><D3/><U57/><E123/><V22/><F130/><W124/><G110/><T107/><D44/><U105/><E105/><V39/><F39/><W30/><G1/><T26/><D26/><U41/><E75/><V133/><F133/><W131/><G74/><T56/><D56/><U95/><E31/><V62/><F5/><N who="1" m="1281" /><U43/><DORA hai="102" /><E84/><V14/><F14/><N who="1" m="5129" /><E97/><V60/><F60/><W48/><G30/><T117/><D27/><U135/><E135/><V55/><REACH who="2" step="1"/><F108/><REACH who="2" ten="314,109,197,370" step="2"/><W59/><G131/><T89/><D117/><U52/><AGARI ba="0,1" hai="41,42,43,51,52,57,92,95" m="5129,1281" machi="52" ten="40,2700,0" yaku="8,1,54,1" doraHai="134,102" who="1" fromWho="1" sc="314,-7,109,37,197,-13,370,-7" /><INIT seed="7,0,0,4,4,57" ten="307,146,184,363" oya="3" hai0="93,45,4,112,94,30,41,1,29,132,100,86,82" hai1="114,87,95,2,59,28,70,49,16,133,26,106,77" hai2="118,46,135,58,31,62,103,36,44,85,102,56,131" hai3="21,101,39,80,0,18,122,50,19,108,113,109,43"/><W92/><G0/><T116/><D116/><U34/><E106/><V84/><F36/><W98/><G122/><T6/><D132/><U9/><E70/><V126/><F135/><W117/><G39/><T81/><D112/><U60/><E133/><V88/><F118/><W33/><G33/><T69/><D69/><U73/><E114/><V42/><F31/><W125/><G125/><T35/><D35/><U127/><E127/><V7/><F7/><W14/><G113/><T120/><D120/><U105/><E105/><V111/><F111/><W24/><G117/><T72/><D72/><U123/><E123/><V37/><F126/><W134/><G134/><T97/><D94/><U119/><E119/><V40/><F131/><W55/><G80/><T63/><D81/><U53/><E73/><V11/><F11/><W51/><G43/><T68/><D30/><U91/><E77/><V17/><F17/><W115/><G115/><T61/><D29/><U129/><E129/><V75/><F75/><W10/><G55/><T48/><D68/><U76/><E76/><V89/><F37/><W32/><G32/><T71/><D71/><U47/><E2/><V15/><F15/><W79/><G79/><N who="0" m="46431" /><D1/><U121/><E121/><V23/><F23/><W3/><G3/><T107/><D107/><U90/><E90/><V83/><F83/><W8/><G8/><T78/><D78/><U38/><E38/><V96/><F96/><W13/><G13/><T99/><D99/><U27/><E34/><V67/><F67/><W5/><G14/><T130/><D130/><U128/><E128/><RYUUKYOKU ba="0,0" sc="307,15,146,-15,184,15,363,-15" hai0="4,6,41,45,48,61,63,93,97,100" hai2="40,42,44,46,56,58,62,84,85,88,89,102,103" owari="322,12.0,131,-37.0,199,-20.0,348,45.0" /></mjloggm>