<mjloggm ver="2.3"><GO type="169" lobby="0"/><UN n0="%E3%83%88%E3%83%88%E3%83%AA%E5%85%88%E7%94%9F%31%39%E6%AD%B3" n1="%E3%81%8B%E3%81%AB%E3%83%9E%E3%82%B8%E3%83%B3" n2="%E3%83%8F%E3%82%A4%E3%83%86%E3%83%B3%E3%83%9C%E3%83%BC" n3="%E4%B8%AD%E3%81%AE%E4%B8%8A" dan="18,17,16,16" rate="2181.77,2190.45,2142.34,2125.83" sx="F,M,M,M"/><TAIKYOKU oya="0"/><INIT seed="0,0,0,0,4,60" ten="250,250,250,250" oya="0" hai0="18,22,3,29,102,32,66,8,114,2,25,11,126" hai1="83,85,125,27,109,49,116,4,73,10,124,23,74" hai2="107,96,76,81,112,46,72,47,90,5,89,45,119" hai3="78,31,117,69,65,21,97,17,87,67,6,98,84"/><T1/><D102/><U14/><E116/><V16/><F112/><W86/><G117/><T43/><D43/><U50/><E109/><V88/><F119/><W99/><G69/><T120/><D66/><N who="3" m="25097" /><G6/><T48/><D48/><U63/><E63/><V64/><F64/><W37/><G37/><T93/><D93/><U122/><E122/><V26/><F5/><W129/><G129/><T127/><D120/><U56/><E73/><V135/><F135/><W91/><G78/><T55/><D55/><U110/><E74/><V30/><F107/><W40/><G40/><T35/><D114/><U44/><E56/><V54/><F54/><W118/><G118/><T38/><D38/><U130/><E110/><V95/><REACH who="2" step="1"/><F16/><REACH who="2" ten="250,250,240,250" step="2"/><W70/><G70/><T15/><REACH who="0" step="1"/><D8/><REACH who="0" ten="240,250,240,250" step="2"/><U12/><E10/><V123/><F123/><W132/><G132/><T68/><D68/><U92/><E130/><V108/><F108/><W104/><G104/><T111/><D111/><U7/><E124/><AGARI ba="0,2" hai="1,2,3,11,15,18,22,25,29,32,35,124,126,127" machi="124" ten="50,12000,1" yaku="1,1,18,1,34,3,53,0" doraHai="60" doraHaiUra="77" who="0" fromWho="1" sc="240,140,250,-120,240,0,250,0" /><INIT seed="0,1,0,2,0,128" ten="380,130,240,250" oya="0" hai0="112,131,97,25,121,13,30,74,45,39,21,18,111" hai1="102,55,86,1,119,48,42,77,62,118,5,34,72" hai2="80,99,110,106,6,105,133,40,24,96,107,89,60" hai3="52,14,109,63,91,8,81,38,41,79,67,32,73"/><T0/><D112/><U31/><E72/><V124/><F40/><W2/><G109/><T11/><D121/><U64/><E102/><V49/><F6/><W87/><G32/><T4/><D74/><U117/><E42/><V65/><F110/><W135/><G2/><T78/><D111/><U126/><E126/><V93/><F124/><W92/><G41/><T26/><D78/><U98/><E98/><V83/><F49/><W12/><G38/><T22/><D45/><U20/><E34/><V95/><F24/><W35/><G35/><N who="0" m="20943" /><D97/><U76/><E86/><V103/><F60/><W71/><G8/><N who="0" m="2055" /><D39/><U75/><E75/><V82/><F65/><W134/><REACH who="3" step="1"/><G52/><REACH who="3" ten="380,130,240,240" step="2"/><T130/><D22/><U85/><E20/><V113/><F113/><W9/><G9/><T36/><D36/><U29/><E55/><V84/><REACH who="2" step="1"/><F133/><AGARI ba="1,1" hai="12,14,63,67,71,73,79,81,87,91,92,133,134,135" machi="133" ten="40,12000,2" yaku="1,1,20,1,52,3,53,1" doraHai="128" doraHaiUra="104" who="3" fromWho="2" sc="380,0,130,0,240,-123,240,133" /><INIT seed="1,0,0,5,4,30" ten="380,130,117,373" oya="1" hai0="105,61,60,68,71,22,40,70,92,25,119,134,49" hai1="28,38,85,12,51,52,8,48,125,59,80,41,17" hai2="89,111,112,58,5,6,132,3,15,97,94,46,1" hai3="99,32,65,104,101,86,19,130,120,9,90,107,96"/><U127/><E38/><V18/><F132/><W66/><G120/><T53/><D105/><U122/><E122/><V109/><F112/><W73/><G73/><T131/><D119/><U7/><E28/><V14/><F14/><W20/><G130/><T93/><D131/><U50/><E17/><V115/><F115/><W84/><G9/><T113/><D113/><U110/><E110/><N who="2" m="41995" /><F46/><W31/><G31/><T13/><D40/><U117/><E117/><V100/><F58/><W76/><G76/><T36/><D36/><U74/><E74/><V47/><F47/><W2/><G2/><N who="2" m="521" /><F100/><W121/><G121/><T98/><D13/><U106/><E106/><V78/><F78/><W102/><G32/><T133/><D71/><U75/><E75/><V88/><F89/><W35/><G35/><T4/><D70/><U72/><E72/><V82/><F82/><W27/><REACH who="3" step="1"/><G86/><REACH who="3" ten="380,130,117,363" step="2"/><T16/><D133/><U116/><E116/><V63/><F63/><W62/><G62/><T39/><D61/><U95/><E41/><V43/><F43/><W81/><AGARI ba="0,1" hai="19,20,27,65,66,81,84,90,96,99,101,102,104,107" machi="81" ten="20,8000,1" yaku="1,1,0,1,7,1,9,1,53,1" doraHai="30" doraHaiUra="87" who="3" fromWho="3" sc="380,-20,130,-40,117,-20,363,90" /><INIT seed="2,0,0,1,3,21" ten="360,90,97,453" oya="2" hai0="72,135,74,18,130,54,7,79,91,107,6,28,115" hai1="15,0,11,82,69,128,41,114,78,81,5,90,83" hai2="122,80,29,43,19,8,84,117,103,97,38,125,49" hai3="12,65,95,10,67,25,27,88,68,108,121,111,132"/><V34/><F122/><W31/><G121/><T124/><D115/><U61/><E114/><V76/><F117/><W56/><G68/><T87/><D107/><U113/><E113/><V70/><F70/><W24/><G31/><T101/><D101/><U131/><E41/><V17/><F38/><W23/><G23/><T119/><D124/><U99/><E69/><V96/><F125/><W85/><G132/><T2/><D130/><N who="1" m="49707" /><E61/><V3/><F97/><W52/><G111/><T44/><D135/><U86/><E99/><V116/><F116/><W16/><G108/><T63/><D119/><U57/><E57/><V48/><F3/><W1/><G1/><T42/><D28/><U134/><E134/><V50/><F43/><W110/><G110/><T13/><D79/><U26/><E0/><V33/><F8/><W51/><AGARI ba="0,0" hai="10,12,16,24,25,27,51,52,56,65,67,85,88,95" machi="51" ten="30,16000,3" yaku="0,1,8,1,52,3,54,3" doraHai="21" who="3" fromWho="3" sc="360,-40,90,-40,97,-80,453,160" /><INIT seed="3,0,0,5,3,121" ten="320,50,17,613" oya="3" hai0="100,135,110,40,59,25,85,6,118,112,60,1,111" hai1="17,122,86,28,64,43,39,83,14,8,11,57,18" hai2="77,119,127,128,73,24,26,37,41,51,58,13,87" hai3="54,69,16,124,108,68,45,129,48,10,78,65,120"/><W31/><G120/><T126/><D118/><U96/><E122/><V44/><F119/><W12/><G124/><T21/><D126/><U0/><E39/><V62/><F127/><W99/><G129/><T95/><D135/><U132/><E132/><V63/><F128/><W29/><G78/><T15/><D1/><U82/><E43/><V66/><F73/><W52/><G108/><N who="0" m="41515" /><D112/><U94/><E28/><V101/><F101/><W5/><G65/><N who="0" m="39071" /><D40/><U130/><E130/><V42/><F42/><W89/><G69/><T27/><D85/><U116/><E86/><V107/><F107/><W117/><G68/><T106/><D95/><U102/><E0/><V22/><F37/><W36/><G36/><T53/><D53/><U109/><E116/><V55/><F87/><W105/><G54/><T92/><D92/><U131/><E131/><V75/><F75/><W32/><G52/><T9/><D21/><U115/><E115/><V79/><F79/><W49/><G117/><T134/><D134/><U56/><E109/><V38/><F77/><W88/><G105/><T81/><D81/><N who="1" m="30731" /><E64/><V70/><F63/><W71/><G71/><T19/><D19/><AGARI ba="0,0" hai="13,19,22,24,26,38,41,44,51,55,58,62,66,70" machi="19" ten="40,2600,0" yaku="24,2" doraHai="121" who="2" fromWho="0" sc="320,-26,50,0,17,26,613,0" /><INIT seed="4,0,0,0,0,51" ten="294,50,43,613" oya="0" hai0="130,27,69,127,83,39,125,73,95,133,79,115,49" hai1="87,131,76,116,9,105,89,100,119,34,92,63,0" hai2="30,23,71,68,50,46,36,57,53,45,24,7,52" hai3="58,10,81,12,43,75,26,88,6,86,112,78,103"/><T40/><D69/><U66/><E34/><V65/><F7/><W107/><G112/><T122/><D39/><U72/><E131/><V102/><F102/><W67/><G43/><T99/><D122/><U97/><E9/><V42/><F65/><W132/><G132/><T8/><D133/><U22/><E22/><V59/><F45/><W56/><G67/><T123/><D123/><U85/><E0/><V77/><F77/><W25/><G58/><T62/><D130/><U64/><E64/><V44/><F44/><W55/><G107/><T101/><D62/><AGARI ba="0,0" hai="23,24,30,36,42,46,50,52,53,57,59,62,68,71" machi="62" ten="30,7700,0" yaku="7,1,52,2,54,1" doraHai="51" who="2" fromWho="0" sc="294,-77,50,0,43,77,613,0" /><INIT seed="5,0,0,1,0,85" ten="217,50,120,613" oya="1" hai0="131,69,60,115,30,26,118,103,63,32,77,109,43" hai1="108,117,113,127,25,93,98,55,107,13,82,6,19" hai2="4,128,53,94,95,79,57,15,68,99,114,31,58" hai3="73,5,132,35,100,90,104,106,86,70,8,2,36"/><U124/><E117/><V80/><F68/><W129/><G73/><T51/><D109/><U81/><E107/><V112/><F31/><W116/><G36/><T49/><D118/><U97/><E108/><V52/><F128/><W96/><G106/><T83/><D131/><U23/><E98/><V119/><F119/><W16/><G129/><T28/><D115/><N who="2" m="44074" /><F15/><W48/><G35/><T27/><D103/><U102/><E113/><V42/><F42/><W125/><G70/><T54/><D43/><U33/><E55/><N who="2" m="21067" /><F4/><W22/><G5/><T44/><D49/><U3/><E3/><V134/><F134/><W41/><G41/><T47/><D47/><U45/><E45/><V10/><F10/><W105/><G8/><T122/><D69/><U72/><E6/><V40/><F95/><W50/><G105/><T17/><D17/><U126/><E72/><N who="2" m="43111" /><F40/><W110/><G2/><T7/><D7/><U11/><E11/><V62/><F62/><W75/><G116/><T78/><D63/><U46/><E46/><V64/><F64/><W29/><G110/><T76/><D60/><U9/><E9/><V12/><F12/><W101/><G132/><T133/><D133/><U38/><E38/><V91/><AGARI ba="0,0" hai="57,58,91,94,99" m="43111,21067,44074" machi="91" ten="30,7900,0" yaku="15,1,11,1,52,1,54,1" doraHai="85" who="2" fromWho="2" sc="217,-20,50,-39,120,79,613,-20" /><INIT seed="6,0,0,5,2,96" ten="197,11,199,593" oya="2" hai0="125,27,69,133,99,75,29,81,83,17,53,40,61" hai1="108,45,82,33,54,64,2,74,70,22,49,102,46" hai2="79,104,58,18,117,92,124,67,110,63,85,39,15" hai3="86,109,123,51,118,103,93,130,66,37,34,10,44"/><V42/><F117/><W47/><G118/><T78/><D133/><U135/><E135/><V100/><F104/><W71/><G34/><T31/><D125/><U5/><E33/><V113/><F124/><W23/><G109/><T41/><D17/><U8/><E108/><V48/><F39/><W30/><G47/><T26/><D83/><U25/><E70/><V32/><F32/><W89/><G89/><T132/><D132/><U88/><E64/><V57/><F113/><W6/><G86/><T122/><D122/><U11/><E11/><V112/><F112/><W36/><G51/><T97/><D97/><U73/><E45/><V50/><F42/><W13/><G66/><T120/><D120/><U101/><E73/><V98/><F58/><W38/><G44/><T35/><D99/><U91/><E74/><V3/><F3/><W121/><G71/><T95/><D95/><U52/><E54/><V62/><F62/><W128/><G38/><T21/><REACH who="0" step="1"/><D69/><REACH who="0" ten="187,11,199,593" step="2"/><U65/><E65/><V127/><F127/><W72/><G123/><T106/><D106/><U111/><E111/><V7/><F110/><W24/><G121/><T0/><D0/><U56/><E46/><V116/><F116/><W16/><G37/><T55/><D55/><U76/><E76/><V94/><F7/><W114/><G36/><T28/><D28/><U20/><E20/><N who="2" m="11359" /><F79/><W77/><G6/><T119/><D119/><U60/><E60/><V9/><F9/><W126/><G126/><T43/><D43/><U80/><E80/><V134/><F134/><W14/><G10/><T59/><AGARI ba="0,1" hai="21,26,27,29,31,35,40,41,53,59,61,75,78,81" machi="59" ten="30,7900,0" yaku="1,1,5,1,0,1,53,1" doraHai="96" doraHaiUra="105" who="0" fromWho="0" sc="187,89,11,-20,199,-39,593,-20" owari="276,8.0,-9,-51.0,160,-24.0,573,67.0" /></mjloggm>