<mjloggm ver="2.3"><GO type="169" lobby="0"/><UN n0="%E5%B0%B1%E6%B4%BB%E7%94%9F%40%E5%B7%9D%E6%9D%91%E8%BB%8D%E5%9B%A3" n1="%E3%82%80%E3%81%AD%E3%81%95%E3%82%93" n2="%E5%86%A5%E5%9C%9F%E3%81%AE%E3%83%AF%E3%83%8B%E8%94%B5" n3="%E3%83%90%E3%83%90%E3%82%A2%E3%81%AE%E6%97%A5%E5%82%98" dan="17,16,18,16" rate="2153.41,2070.28,2133.15,2113.51" sx="M,M,M,F"/><TAIKYOKU oya="0"/><INIT seed="0,0,0,5,4,21" ten="250,250,250,250" oya="0" hai0="9,124,131,98,39,8,1,82,40,63,89,10,38" hai1="120,123,74,16,111,19,17,46,29,5,110,134,24" hai2="88,117,47,36,4,91,33,112,75,90,99,31,18" hai3="77,56,44,94,14,105,87,107,6,100,37,97,128"/><T118/><D118/><U67/><E74/><V72/><F112/><W41/><G128/><T70/><D124/><U132/><E46/><V92/><F117/><W80/><G6/><T69/><D131/><U81/><E5/><V28/><F4/><W11/><G11/><T104/><D1/><U25/><E81/><V78/><F18/><W129/><G14/><T61/><D104/><U65/><E17/><V35/><F78/><W119/><G119/><T109/><D109/><U53/><E53/><V122/><F122/><W102/><G129/><T125/><D125/><U121/><E121/><V62/><F62/><W83/><G102/><T55/><D55/><U133/><E133/><V43/><F31/><AGARI ba="0,0" hai="16,19,24,25,29,31,65,67,110,111,120,123,132,134" machi="31" ten="25,8000,1" yaku="22,2,52,2,54,1" doraHai="21" who="1" fromWho="2" sc="250,0,250,80,250,-80,250,0" /><INIT seed="1,0,0,4,0,85" ten="250,330,170,250" oya="1" hai0="113,34,83,86,3,17,18,104,94,90,53,54,123" hai1="66,88,1,38,0,58,84,102,7,78,131,128,108" hai2="98,55,70,95,52,91,21,130,61,23,117,14,20" hai3="36,107,118,109,82,11,68,19,16,122,37,4,93"/><U26/><E38/><V44/><F117/><W30/><G107/><T27/><D113/><U29/><E102/><V50/><F130/><N who="1" m="49705" /><E78/><V92/><F70/><W125/><G68/><T89/><D104/><U74/><E74/><V135/><F135/><W40/><G30/><T103/><D123/><U9/><E108/><V99/><F14/><W12/><G122/><T24/><D3/><N who="1" m="255" /><E66/><V39/><F39/><W97/><G125/><T13/><D103/><U2/><E58/><N who="2" m="35039" /><F23/><W71/><G118/><T119/><D119/><U124/><E124/><V134/><F134/><W76/><G71/><T80/><D34/><N who="1" m="20791" /><E0/><V62/><F62/><W42/><G37/><T8/><D83/><AGARI ba="0,0" hai="1,2,83,84,88" m="20791,255,49705" machi="83" ten="30,5800,0" yaku="19,1,52,1,54,1" doraHai="85" who="1" fromWho="0" sc="250,-58,330,58,170,0,250,0" /><INIT seed="1,1,0,4,1,92" ten="192,388,170,250" oya="1" hai0="128,14,86,19,3,23,85,130,102,112,84,41,57" hai1="118,61,89,77,53,34,16,21,91,110,101,35,36" hai2="65,7,12,39,87,18,76,124,114,32,79,67,94" hai3="113,78,29,119,55,70,80,127,54,63,133,0,2"/><U108/><E36/><V71/><F32/><W15/><G113/><T52/><D3/><U68/><E77/><V20/><F114/><W98/><G54/><T100/><D112/><U109/><E101/><V31/><F39/><W59/><G133/><T90/><D41/><U99/><E118/><V58/><F124/><W123/><G123/><T44/><D44/><U45/><E45/><V49/><F71/><W135/><G135/><T5/><D5/><U43/><E43/><V126/><F126/><W30/><G70/><T24/><D14/><U27/><E68/><V13/><F31/><W106/><G127/><T72/><D72/><U73/><E73/><V111/><F111/><W132/><G132/><T129/><REACH who="0" step="1"/><D90/><REACH who="0" ten="182,388,170,250" step="2"/><N who="1" m="34315" /><E99/><V115/><F115/><W75/><G0/><T116/><D116/><U88/><E88/><V134/><F134/><W8/><G2/><T120/><D120/><U28/><E108/><V62/><F7/><W1/><G1/><T37/><D37/><U104/><E110/><V131/><F12/><W46/><G119/><T97/><D97/><U10/><E109/><V83/><F76/><W93/><G46/><T47/><D47/><U125/><E125/><V50/><F79/><W95/><G15/><T107/><D107/><U82/><E104/><V122/><F122/><W51/><G106/><T11/><D11/><U74/><E10/><V25/><F94/><N who="3" m="35851" /><G8/><T56/><D56/><N who="1" m="34959" /><E82/><V105/><F83/><W22/><G98/><T38/><D38/><U96/><E96/><V33/><F105/><W42/><G42/><T66/><D66/><U117/><E117/><RYUUKYOKU ba="1,1" sc="182,30,388,-10,170,-10,250,-10" hai0="19,23,24,52,57,84,85,86,100,102,128,129,130" /><INIT seed="2,2,1,0,2,115" ten="212,378,160,240" oya="2" hai0="16,80,53,2,104,39,44,84,96,27,8,42,78" hai1="57,135,51,47,62,11,120,64,32,94,81,98,3" hai2="55,56,12,43,61,119,127,45,13,15,18,21,102" hai3="25,24,66,121,70,79,35,38,34,103,40,82,101"/><V112/><F112/><W126/><G121/><T76/><D2/><U92/><E32/><V107/><F127/><W91/><G91/><T93/><D104/><U23/><E120/><V37/><REACH who="2" step="1"/><F119/><REACH who="2" ten="212,378,150,240" step="2"/><W118/><G118/><T22/><D53/><U130/><E135/><V108/><F108/><W50/><G126/><T111/><D111/><U59/><E130/><V0/><F0/><W49/><G40/><T19/><D8/><U73/><E11/><V110/><F110/><W117/><G117/><T122/><D122/><U133/><E3/><V97/><AGARI ba="2,2" hai="12,13,15,18,21,37,43,45,55,56,61,97,102,107" machi="97" ten="30,3000,0" yaku="1,1,0,1,53,0" doraHai="115" doraHaiUra="132" who="2" fromWho="2" sc="212,-12,378,-12,150,56,240,-12" /><INIT seed="2,3,0,3,0,94" ten="200,366,206,228" oya="2" hai0="104,98,78,56,34,39,120,86,121,13,52,57,50" hai1="55,54,115,4,112,5,76,105,82,100,60,44,88" hai2="111,33,20,2,90,38,0,63,27,15,77,118,99" hai3="30,8,67,22,68,84,17,66,32,31,103,101,107"/><V72/><F118/><W97/><G32/><T35/><D39/><U21/><E112/><V96/><F38/><W80/><G8/><T14/><D78/><U11/><E55/><V59/><F33/><W23/><G101/><T48/><D86/><U51/><E115/><V28/><F0/><W65/><G68/><T61/><D104/><U37/><E60/><V74/><F2/><W24/><REACH who="3" step="1"/><G23/><REACH who="3" ten="200,366,206,218" step="2"/><T9/><D61/><U73/><E21/><V81/><F111/><W29/><G29/><T12/><D9/><U19/><E100/><V93/><F15/><W133/><G133/><T40/><D14/><U108/><E11/><V58/><F72/><W91/><AGARI ba="3,1" hai="17,22,24,30,31,65,66,67,80,84,91,97,103,107" machi="91" ten="30,7900,0" yaku="1,1,0,1,52,1,53,1" doraHai="94" doraHaiUra="87" who="3" fromWho="3" sc="200,-23,366,-23,206,-42,218,98" /><INIT seed="3,0,0,5,3,4" ten="177,343,164,316" oya="3" hai0="40,110,11,75,49,79,135,119,128,46,107,55,8" hai1="6,92,61,24,71,106,12,69,98,13,39,28,101" hai2="84,103,53,85,7,104,50,127,35,34,83,121,21" hai3="90,67,59,122,102,95,20,31,52,10,80,48,33"/><W44/><G33/><T132/><D119/><U100/><E39/><V134/><F121/><W68/><G68/><T5/><D107/><U30/><E30/><V29/><F127/><W60/><G122/><T81/><D110/><U63/><E63/><V58/><F134/><W0/><G102/><T76/><D128/><U105/><E105/><V32/><F7/><W97/><G80/><T74/><D55/><U94/><E94/><V130/><F130/><W114/><G114/><T73/><D76/><U111/><E111/><V93/><F104/><W54/><G0/><T124/><D124/><U70/><E6/><V17/><F29/><W56/><G10/><T2/><REACH who="0" step="1"/><D8/><REACH who="0" ten="167,343,164,316" step="2"/><U120/><E120/><V72/><F53/><W19/><G54/><T62/><D62/><U87/><E61/><V89/><F72/><AGARI ba="0,1" hai="2,5,11,40,46,49,72,73,74,75,79,81,132,135" machi="72" ten="40,5200,0" yaku="1,1,52,1,53,1" doraHai="4" doraHaiUra="38" who="0" fromWho="2" sc="167,62,343,0,164,-52,316,0" /><INIT seed="4,0,0,2,3,30" ten="229,343,112,316" oya="0" hai0="46,87,4,21,68,80,134,74,9,55,115,47,102" hai1="41,40,50,16,6,8,79,7,48,113,130,22,49" hai2="44,66,93,58,14,26,43,118,94,120,71,84,52" hai3="20,126,65,17,61,19,82,83,0,81,106,132,73"/><T38/><D134/><U129/><E8/><V10/><F120/><W85/><G106/><T54/><D115/><U86/><E79/><V103/><F118/><W33/><G33/><T116/><D116/><U92/><E113/><V53/><F71/><W124/><G73/><T28/><D68/><U35/><E35/><V56/><F66/><W1/><G85/><T105/><D74/><U60/><E60/><V62/><F26/><N who="3" m="14607" /><G19/><T96/><D21/><U131/><E92/><V27/><F27/><W67/><G67/><T123/><D28/><U133/><E86/><V72/><F72/><W57/><G132/><T100/><D100/><U70/><E70/><V109/><F109/><W32/><G32/><T34/><D34/><U90/><E90/><V95/><F84/><W25/><G25/><T98/><D98/><U91/><E91/><V112/><F112/><W127/><AGARI ba="0,0" hai="0,1,57,61,65,81,82,83,124,126,127" m="14607" machi="127" ten="40,1500,0" yaku="18,1" doraHai="30" who="3" fromWho="3" sc="229,-7,343,-4,112,-4,316,15" /><INIT seed="5,0,0,5,2,135" ten="222,339,108,331" oya="1" hai0="56,30,127,71,65,8,31,111,6,85,54,46,106" hai1="129,133,22,41,32,52,25,114,26,95,80,87,113" hai2="115,59,7,90,120,53,38,45,98,112,116,63,118" hai3="3,28,105,14,102,131,82,104,16,36,62,77,78"/><U27/><E133/><V0/><F7/><W96/><G3/><T43/><D111/><U83/><E41/><N who="2" m="22711" /><F0/><W93/><G131/><T97/><D71/><U66/><E66/><V124/><F98/><W17/><G36/><T92/><D65/><U123/><E123/><V10/><F10/><W19/><G28/><T55/><D85/><U15/><E129/><V2/><F2/><W121/><G121/><T110/><D106/><U75/><E75/><V12/><F120/><W64/><G14/><T117/><D110/><U33/><E95/><V69/><F90/><W73/><REACH who="3" step="1"/><G78/><REACH who="3" ten="222,339,108,321" step="2"/><T79/><D79/><U60/><E32/><V89/><F12/><W101/><G101/><T21/><D31/><U13/><E33/><V107/><F89/><W109/><G109/><T99/><D30/><U51/><E13/><V9/><F116/><W122/><G122/><T49/><D117/><U86/><E15/><V94/><F118/><W20/><G20/><T47/><D21/><U125/><E22/><V72/><F9/><W134/><G134/><T100/><D8/><U42/><E25/><V50/><F112/><W74/><G74/><T5/><D5/><U24/><E113/><V130/><F72/><W29/><G29/><T119/><D6/><U11/><E11/><V81/><F115/><W48/><G48/><N who="0" m="26719" /><D119/><U84/><E114/><V34/><F50/><W126/><G126/><T76/><D127/><U108/><E125/><V70/><F124/><W39/><G39/><T44/><D76/><U68/><E108/><V61/><F130/><W88/><G88/><T91/><D91/><RYUUKYOKU ba="0,1" sc="222,-10,339,-10,108,-10,321,30" hai3="16,17,19,62,64,73,77,82,93,96,102,104,105" /><INIT seed="6,1,1,0,1,80" ten="212,329,98,351" oya="2" hai0="8,17,34,73,95,127,26,53,27,39,51,2,99" hai1="76,113,102,42,82,117,107,91,1,83,55,74,86" hai2="4,126,105,9,35,119,63,15,133,110,3,96,10" hai3="30,14,84,87,45,47,0,121,24,89,5,104,12"/><V101/><F119/><W79/><G104/><T75/><D39/><U61/><E1/><V103/><F110/><W72/><G72/><T64/><D127/><U25/><E117/><V100/><F126/><W81/><G0/><T125/><D125/><U54/><E113/><V48/><F133/><W66/><G66/><T6/><D64/><U20/><E42/><V85/><F35/><W44/><G5/><T77/><D77/><U46/><E46/><V93/><F63/><W18/><G121/><T62/><D27/><U36/><E36/><V111/><F111/><W69/><G69/><T52/><D62/><U129/><E129/><V58/><F58/><W57/><G18/><T134/><D53/><U23/><E23/><V33/><F48/><W115/><G57/><T16/><D134/><U124/><E124/><V116/><F33/><W106/><G106/><T98/><D98/><U131/><E131/><V128/><F128/><W22/><G115/><T94/><D94/><AGARI ba="1,1" hai="12,14,22,24,30,44,45,47,79,81,84,87,89,94" machi="94" ten="40,5200,0" yaku="8,1,52,2" doraHai="80" who="3" fromWho="0" sc="212,-55,329,0,98,0,351,65" /><INIT seed="7,0,0,2,2,24" ten="157,329,98,416" oya="3" hai0="106,113,114,131,95,68,18,107,36,34,4,32,133" hai1="117,122,53,72,0,85,60,91,125,42,102,30,79" hai2="54,55,17,78,25,115,39,104,33,88,29,16,49" hai3="75,31,9,57,70,56,65,76,110,93,63,135,84"/><W50/><G75/><T2/><D131/><U67/><E0/><V22/><F39/><W123/><G123/><T27/><D133/><U21/><E122/><V47/><F104/><W37/><G37/><T83/><D68/><U134/><E134/><V26/><F115/><N who="0" m="44042" /><D36/><U1/><E1/><V20/><F78/><W96/><G57/><T62/><D95/><U90/><E125/><V116/><F116/><W8/><G9/><N who="0" m="2199" /><D62/><U66/><E117/><V73/><F73/><W43/><G76/><T108/><D108/><U81/><E42/><V7/><F7/><W112/><G8/><T38/><D38/><U12/><E102/><V121/><F121/><W6/><G84/><T82/><D32/><U46/><E72/><V69/><F69/><W119/><G50/><T92/><D92/><U5/><E46/><V74/><F74/><W105/><G43/><T52/><D52/><U118/><E118/><V89/><F54/><W80/><G80/><N who="0" m="30763" /><D18/><U126/><E126/><V98/><F98/><W51/><G96/><T99/><D99/><U11/><E53/><V77/><F77/><W129/><G119/><T120/><D120/><U130/><E130/><V45/><F45/><W19/><G129/><T14/><D14/><AGARI ba="0,0" hai="14,16,17,20,22,25,26,29,33,47,49,55,88,89" machi="14" ten="30,7700,0" yaku="7,1,52,1,54,2" doraHai="24" who="2" fromWho="0" sc="157,-77,329,0,98,77,416,0" owari="80,-42.0,329,13.0,175,-22.0,416,51.0" /></mjloggm>