<mjloggm ver="2.3"><GO type="169" lobby="0"/><UN n0="%61%69%73%79%6F" n1="%E3%82%82%E3%81%98%E3%82%89" n2="%E5%B0%B1%E6%B4%BB%E7%94%9F%40%E5%B7%9D%E6%9D%91%E8%BB%8D%E5%9B%A3" n3="%E3%81%A8%E3%81%A9%E3%81%8C" dan="17,16,16,16" rate="2229.37,2153.34,2121.05,2114.06" sx="M,F,M,M"/><TAIKYOKU oya="0"/><INIT seed="0,0,0,4,4,28" ten="250,250,250,250" oya="0" hai0="132,135,112,39,106,19,42,56,103,97,129,17,128" hai1="131,69,70,14,105,71,16,60,41,24,130,62,72" hai2="30,29,59,81,126,58,52,18,31,51,34,89,0" hai3="107,101,76,5,78,63,80,124,96,8,94,40,15"/><T48/><D112/><U108/><E72/><V50/><F0/><W113/><G124/><T134/><D39/><U35/><E41/><V4/><F4/><W7/><G113/><T57/><D42/><U46/><E46/><V93/><F126/><W1/><G40/><T102/><D48/><U45/><E45/><V133/><F133/><W44/><G44/><T127/><D127/><U53/><E105/><V61/><F81/><W100/><G107/><T111/><D111/><U6/><E6/><V74/><F74/><W88/><G7/><T54/><D103/><U22/><E108/><V125/><F125/><W116/><G116/><T92/><D106/><U11/><E35/><V109/><F109/><W122/><G122/><T47/><D47/><U12/><E11/><V2/><F2/><W21/><G63/><N who="1" m="24106" /><E53/><V26/><F18/><N who="0" m="6666" /><D54/><U114/><E114/><V10/><F10/><W65/><G65/><T38/><D38/><U83/><E83/><V37/><F37/><W32/><G32/><T120/><D120/><U98/><E98/><V86/><REACH who="2" step="1"/><F51/><REACH who="2" ten="250,250,240,250" step="2"/><W33/><G1/><T23/><D135/><U90/><E16/><V66/><AGARI ba="0,1" hai="26,29,30,31,34,50,52,58,59,61,66,86,89,93" machi="66" ten="20,12000,2" yaku="1,1,2,1,0,1,7,1,52,1,54,1,53,1" doraHai="28" doraHaiUra="20" who="2" fromWho="2" sc="250,-60,250,-30,240,130,250,-30" /><INIT seed="1,0,0,5,2,51" ten="190,220,370,220" oya="1" hai0="12,5,119,17,81,96,78,57,38,42,83,7,105" hai1="109,67,48,0,85,117,126,127,4,61,93,26,24" hai2="9,134,107,71,132,25,39,59,10,30,13,123,75" hai3="106,44,133,114,125,52,90,8,95,124,63,18,36"/><U21/><E117/><V74/><F71/><W37/><G114/><T100/><D119/><U129/><E24/><V120/><F39/><W55/><G106/><T1/><D1/><U72/><E72/><N who="2" m="27691" /><F107/><W22/><G8/><N who="2" m="3177" /><F13/><W2/><G2/><T128/><D128/><U103/><E4/><V58/><F25/><N who="3" m="14551" /><G133/><N who="2" m="51305" /><F30/><W56/><G37/><T54/><D38/><U118/><E0/><V131/><F131/><W32/><G32/><T86/><D42/><U64/><E129/><V16/><F16/><W108/><G36/><T92/><D83/><U97/><E26/><V88/><F88/><W80/><G80/><T29/><D29/><U101/><E21/><V41/><F41/><W89/><G95/><T76/><D105/><U116/><E116/><V31/><F31/><W14/><G14/><T6/><D78/><U113/><E118/><V15/><F15/><W68/><G68/><T46/><D46/><U79/><E103/><V94/><F94/><W47/><G47/><T121/><D17/><U65/><E65/><V77/><F77/><W34/><G34/><T84/><D12/><U102/><E67/><V19/><F19/><W43/><G43/><T135/><D135/><U35/><E101/><V91/><F91/><W130/><G130/><T40/><D40/><U50/><E35/><V82/><F82/><W87/><G90/><T104/><D104/><U27/><E27/><V73/><N who="2" m="27699" /><V70/><DORA hai="53" /><F70/><W60/><G89/><T62/><D84/><U110/><E85/><V99/><F99/><W45/><G87/><T11/><D11/><U33/><E79/><RYUUKYOKU ba="0,0" sc="190,15,220,-15,370,15,220,-15" hai0="5,6,7,54,57,62,76,81,86,92,96,100,121" hai2="58,59,120,123" /><INIT seed="2,1,0,1,2,22" ten="205,205,385,205" oya="2" hai0="39,8,45,62,20,16,41,90,121,86,122,76,92" hai1="34,37,105,11,78,110,17,114,5,88,134,4,131" hai2="29,12,70,60,21,49,112,36,104,115,42,28,67" hai3="100,13,118,87,99,55,133,1,72,79,96,89,91"/><V116/><F104/><W103/><G1/><T107/><D107/><U59/><E37/><V38/><F116/><W40/><G40/><T54/><D76/><U63/><E110/><V97/><F29/><W58/><G118/><T19/><D19/><U43/><E43/><V124/><F124/><W57/><G133/><T75/><D75/><U127/><E34/><V64/><F64/><W93/><G72/><T50/><D8/><U51/><E105/><V47/><F97/><W44/><G79/><T7/><D62/><U0/><E78/><V123/><F123/><W10/><G99/><T109/><D7/><U117/><E51/><V82/><F82/><W81/><G58/><T6/><D6/><N who="1" m="2667" /><E0/><V77/><F77/><W48/><G57/><T74/><D74/><U32/><E32/><V56/><F38/><W66/><G66/><T31/><D31/><U130/><E114/><V102/><F102/><W95/><G93/><T128/><D109/><U101/><E101/><V33/><F33/><W129/><G129/><N who="1" m="49162" /><E88/><V125/><F125/><W98/><G96/><T80/><D128/><U61/><E134/><V83/><F83/><W26/><G26/><T135/><D80/><U85/><E85/><V68/><F36/><W25/><G25/><N who="0" m="14471" /><D135/><U46/><E117/><V108/><F108/><W69/><G69/><T23/><D41/><U132/><E132/><V2/><F2/><W14/><G13/><T15/><D39/><U84/><E84/><V53/><F70/><W113/><G113/><T126/><D126/><U111/><E127/><V30/><F112/><W3/><G3/><RYUUKYOKU ba="1,0" sc="205,15,205,-15,385,-15,205,15" hai0="15,23,45,50,54,86,90,92,121,122" hai3="10,14,44,48,55,81,87,89,91,95,98,100,103" /><INIT seed="3,2,0,3,3,77" ten="220,190,370,220" oya="3" hai0="124,119,74,66,84,73,20,121,76,101,133,30,112" hai1="22,63,78,85,14,25,5,132,104,29,32,88,43" hai2="7,125,96,21,28,47,45,123,106,95,42,3,111" hai3="127,128,17,68,118,115,113,39,69,4,99,41,8"/><W55/><G118/><T12/><D121/><U60/><E104/><V57/><F106/><W50/><G99/><T131/><D119/><U109/><E109/><V6/><F111/><W58/><G17/><T37/><D37/><U34/><E78/><V33/><F33/><W71/><G8/><T70/><D124/><U15/><E32/><V56/><F125/><W38/><G4/><N who="2" m="1577" /><F3/><W94/><G94/><T51/><D133/><U97/><E97/><V130/><F130/><W110/><G127/><T61/><D131/><U72/><E72/><V24/><F123/><W122/><G128/><T40/><D101/><U116/><E116/><V26/><F26/><W19/><G19/><T90/><D76/><U98/><E98/><V31/><F31/><W83/><G110/><T108/><D112/><N who="3" m="43081" /><G122/><T1/><D1/><U44/><E132/><V59/><F42/><W114/><N who="3" m="43089" /><W92/><DORA hai="65" /><G83/><T80/><D108/><U48/><E34/><V67/><F67/><W87/><G92/><T13/><D74/><U93/><E14/><V36/><F36/><N who="3" m="13867" /><G87/><T81/><D73/><U103/><E103/><AGARI ba="2,0" hai="21,24,28,45,47,56,57,59,95,96,103" m="1577" machi="103" ten="30,1000,0" yaku="8,1" doraHai="77,65" who="2" fromWho="1" sc="220,0,190,-16,370,16,220,0" /><INIT seed="4,0,0,1,1,75" ten="220,174,386,220" oya="0" hai0="113,133,34,74,21,3,82,66,52,38,31,55,78" hai1="105,86,26,122,121,47,14,80,7,8,119,9,130" hai2="63,45,89,79,97,81,128,46,85,90,112,114,115" hai3="18,58,41,134,22,2,72,30,33,101,109,35,69"/><T48/><D38/><U36/><E130/><V95/><F128/><W88/><G69/><T0/><D34/><U111/><E111/><V1/><F1/><W4/><G109/><T94/><D66/><U125/><E125/><V19/><F19/><W96/><G33/><T25/><D113/><U103/><E119/><V70/><REACH who="2" step="1"/><F90/><REACH who="2" ten="220,174,376,220" step="2"/><W131/><G131/><T61/><D133/><U6/><E121/><V98/><F98/><W28/><G134/><T76/><D0/><U13/><E122/><V56/><F56/><W23/><G18/><T87/><D3/><U32/><E105/><V116/><F116/><W83/><G58/><N who="0" m="35015" /><D74/><U42/><E103/><V20/><F20/><W5/><G2/><T120/><D120/><U99/><E32/><V117/><F117/><W60/><G35/><T27/><D94/><U127/><E127/><V77/><F77/><W11/><G72/><T64/><D27/><U106/><E26/><V124/><F124/><W73/><G73/><T39/><D78/><U44/><E106/><V43/><F43/><W15/><G41/><T108/><D108/><U16/><E99/><V118/><F118/><W24/><G24/><T110/><D110/><U92/><E42/><V10/><F10/><W68/><G96/><T37/><D64/><AGARI ba="0,1" hai="45,46,63,64,70,79,81,85,89,95,97,112,114,115" machi="64" ten="40,8000,1" yaku="1,1,15,1,52,1,53,1" doraHai="75" doraHaiUra="59" who="2" fromWho="0" sc="220,-80,174,0,376,90,220,0" /><INIT seed="5,0,0,3,3,94" ten="140,174,466,220" oya="1" hai0="122,43,107,13,54,37,72,114,33,62,45,59,85" hai1="116,119,20,34,47,110,92,117,132,63,82,4,98" hai2="111,61,104,106,50,84,48,51,95,79,52,29,130" hai3="53,8,65,100,97,41,57,126,31,10,96,112,105"/><U135/><E34/><V68/><F111/><W133/><G41/><T80/><D114/><U23/><E4/><V113/><F113/><W70/><G112/><T120/><D107/><U14/><E110/><V18/><F130/><W15/><G70/><T12/><D33/><U109/><E109/><V40/><F29/><W108/><G31/><T75/><D75/><U46/><E63/><V66/><F40/><W123/><G108/><T39/><D39/><U56/><E56/><V24/><F52/><W76/><G65/><T26/><D26/><U21/><E82/><V55/><F55/><W6/><G123/><T99/><D99/><N who="3" m="37961" /><G100/><T42/><D42/><U9/><E9/><V129/><F129/><W19/><G105/><T7/><D72/><U36/><E14/><V81/><F95/><W27/><G76/><T30/><D30/><U11/><E11/><V88/><F79/><W17/><G10/><T128/><D128/><U44/><REACH who="1" step="1"/><E36/><REACH who="1" ten="140,164,466,220" step="2"/><V1/><F1/><W102/><G6/><T87/><D7/><U38/><E38/><V131/><F131/><W124/><G8/><T22/><D22/><U89/><AGARI ba="0,1" hai="20,21,23,44,46,47,89,92,98,116,117,119,132,135" machi="89" ten="40,12000,1" yaku="1,1,0,1,29,2,52,1,53,0" doraHai="94" doraHaiUra="32" who="1" fromWho="1" sc="140,-40,164,130,466,-40,220,-40" /><INIT seed="5,1,0,0,4,75" ten="100,294,426,180" oya="1" hai0="29,41,68,49,55,95,112,72,53,37,111,130,87" hai1="120,11,20,33,44,133,60,89,24,99,28,35,129" hai2="3,86,104,31,109,63,62,2,93,46,27,59,131" hai3="66,17,94,80,76,123,106,81,52,8,1,79,19"/><U125/><E120/><V117/><F104/><W116/><G106/><T34/><D68/><U74/><E74/><V51/><F109/><W57/><G123/><T25/><D72/><U100/><E129/><V91/><F117/><W36/><G36/><T108/><D112/><U58/><E133/><V132/><F132/><W114/><G114/><T38/><D130/><U70/><E70/><V13/><F131/><W110/><G110/><T5/><D5/><U67/><E89/><V16/><F3/><W65/><G116/><T56/><D41/><U84/><E84/><V54/><F2/><W39/><G39/><T101/><D108/><U6/><E44/><V92/><F92/><W69/><G1/><T118/><D118/><U21/><E21/><N who="2" m="15855" /><F46/><W135/><G69/><T96/><D111/><U64/><E64/><N who="3" m="24682" /><G94/><T97/><D97/><U30/><E30/><V90/><F91/><W126/><G126/><T45/><REACH who="0" step="1"/><D87/><REACH who="0" ten="90,294,426,180" step="2"/><U0/><E125/><V121/><F121/><W22/><G135/><T83/><D83/><U4/><E6/><V15/><F15/><N who="3" m="7399" /><G81/><T14/><D14/><U18/><E28/><V71/><F71/><W119/><G80/><T134/><D134/><U48/><E4/><V122/><F122/><W107/><G119/><T10/><D10/><AGARI ba="1,1" hai="10,13,16,51,54,59,62,63,86,90,93" m="15855" machi="10" ten="30,2000,0" yaku="8,1,54,1" doraHai="75" who="2" fromWho="0" sc="90,-23,294,0,426,33,180,0" /><INIT seed="6,0,0,5,3,25" ten="67,294,459,180" oya="2" hai0="88,76,14,15,62,45,105,80,4,84,37,66,68" hai1="70,122,58,134,94,49,1,124,46,42,65,63,118" hai2="91,113,23,119,120,7,98,129,11,61,71,38,44" hai3="41,77,35,13,115,59,102,87,104,89,103,101,21"/><V50/><F38/><W51/><G35/><T114/><D114/><U33/><E1/><V34/><F34/><W8/><G115/><T69/><D105/><U99/><E118/><V10/><F113/><W60/><G77/><T40/><D69/><U16/><E33/><V26/><F119/><W133/><G133/><T111/><D111/><U22/><E134/><V18/><F120/><W116/><G116/><T82/><REACH who="0" step="1"/><D4/><REACH who="0" ten="57,294,459,180" step="2"/><U3/><E70/><V6/><F6/><N who="3" m="3223" /><G104/><T55/><D55/><U96/><E122/><V43/><F7/><W54/><G41/><T20/><D20/><U39/><E22/><V53/><F71/><W57/><G21/><T128/><D128/><U5/><E5/><V29/><F129/><W30/><G54/><T107/><D107/><U121/><E121/><V9/><F53/><W56/><G60/><T31/><D31/><U48/><E63/><V72/><F61/><W19/><G30/><T79/><D79/><U90/><E65/><V47/><F29/><W126/><G126/><T75/><AGARI ba="0,1" hai="14,15,37,40,45,62,66,68,75,76,80,82,84,88" machi="75" ten="20,5200,0" yaku="1,1,0,1,7,1,54,1,53,0" doraHai="25" doraHaiUra="2" who="0" fromWho="0" sc="57,62,294,-13,459,-26,180,-13" /><INIT seed="7,0,0,1,2,84" ten="119,281,433,167" oya="3" hai0="97,129,51,29,11,105,109,48,50,43,119,36,124" hai1="61,17,30,75,128,70,132,15,20,106,65,53,4" hai2="104,35,123,34,117,89,26,127,38,79,44,21,92" hai3="2,67,24,66,39,78,135,57,122,63,130,98,93"/><W118/><G122/><T73/><D119/><U82/><E106/><V81/><F104/><W120/><G118/><T22/><D109/><U121/><E121/><V42/><F117/><W60/><G120/><T88/><D73/><U3/><E128/><V68/><F68/><W77/><G130/><T32/><D32/><U96/><E96/><V131/><F131/><W94/><G39/><T45/><D129/><U10/><E132/><V125/><F123/><W72/><G2/><T59/><D124/><N who="2" m="47690" /><F81/><W83/><G78/><T99/><D105/><U58/><E82/><V69/><F69/><W87/><G135/><T115/><D115/><U1/><E75/><V74/><F79/><W5/><G72/><T13/><D59/><U9/><E30/><N who="2" m="17743" /><F74/><W126/><G126/><T27/><REACH who="0" step="1"/><D88/><REACH who="0" ten="109,281,433,167" step="2"/><U134/><E58/><V107/><F107/><W85/><G85/><AGARI ba="0,1" hai="34,35,38,42,44,85,89,92" m="17743,47690" machi="85" ten="30,2000,0" yaku="18,1,52,1" doraHai="84" who="2" fromWho="3" sc="109,0,281,0,433,30,167,-20" owari="109,-39.0,281,8.0,463,56.0,147,-25.0" /></mjloggm>