<mjloggm ver="2.3"><GO type="97" lobby="0"/><UN n0="%E5%B0%B1%E6%B4%BB%E7%94%9F%40%E5%B7%9D%E6%9D%91%E8%BB%8D%E5%9B%A3" n1="%E6%A0%B9%E5%85%83%E3%81%8B%E3%82%89%E5%90%B9%E3%81%A3%E9%A3%9B%E3%81%B6" n2="%E3%83%AA%E3%83%B3%E3%81%A1%E3%82%83%E3%82%93%E3%81%AA%E3%81%86" n3="%E3%82%BC%E3%83%AA%E3%83%BC%EF%BC%A0%EF%BC%A0" dan="17,15,14,15" rate="2163.96,1982.80,1922.13,1925.50" sx="M,M,M,M"/><TAIKYOKU oya="0"/><INIT seed="0,0,0,5,1,105" ten="250,250,250,250" oya="0" hai0="116,106,14,78,117,7,71,4,101,55,51,17,5" hai1="96,21,53,128,36,126,120,48,8,95,34,64,74" hai2="63,124,35,61,54,39,23,80,32,121,84,67,30" hai3="103,111,41,22,94,102,49,110,99,70,59,79,47"/><T85/><D71/><U18/><E120/><V57/><F39/><W86/><G70/><T24/><D106/><U25/><E36/><V89/><F121/><W58/><G103/><T108/><D108/><BYE who="0" /><N who="3" m="41513" /><G79/><T83/><D83/><U107/><E107/><UN n0="%E5%B0%B1%E6%B4%BB%E7%94%9F%40%E5%B7%9D%E6%9D%91%E8%BB%8D%E5%9B%A3" /><V75/><F124/><W20/><G86/><T125/><D101/><U6/><E128/><V90/><F75/><W44/><G44/><T127/><D85/><U91/><E74/><V45/><F45/><W135/><G135/><T100/><D100/><U73/><E73/><V82/><F82/><W68/><G68/><T118/><D78/><U97/><E97/><V11/><F90/><W31/><G31/><T77/><D77/><U131/><E131/><V9/><F63/><W60/><G58/><T46/><REACH who="0" step="1"/><D24/><REACH who="0" ten="240,250,250,250" step="2"/><U1/><E25/><V52/><F80/><W66/><AGARI ba="0,1" hai="20,22,41,47,49,59,60,66,94,99,102" m="41513" machi="66" ten="30,1100,0" yaku="14,1" doraHai="105" who="3" fromWho="3" sc="240,-5,250,-3,250,-3,250,21" /><INIT seed="1,0,0,1,1,129" ten="235,247,247,271" oya="1" hai0="110,46,45,68,109,87,26,93,12,133,49,127,29" hai1="106,123,0,77,135,58,114,21,94,42,126,53,15" hai2="95,17,100,79,62,74,113,4,30,101,131,90,23" hai3="24,32,22,102,105,75,132,16,20,128,6,117,125"/><U99/><E123/><V11/><F131/><W41/><G75/><T31/><D68/><U97/><E0/><V104/><F113/><W92/><G105/><T91/><D127/><U108/><E114/><V96/><F30/><W36/><G32/><T76/><D76/><U39/><E126/><V70/><F74/><W78/><G125/><T51/><D12/><U85/><E135/><V107/><F79/><W118/><G132/><T7/><D7/><U10/><E39/><V89/><F104/><W63/><G78/><T61/><D61/><U33/><E33/><V122/><F101/><W52/><G128/><T130/><D130/><U98/><E106/><V134/><F134/><W34/><G34/><T25/><D133/><U59/><E42/><V2/><F107/><W27/><G6/><T3/><D3/><U116/><E116/><N who="3" m="44650" /><G41/><T71/><D71/><U66/><E108/><N who="0" m="41577" /><D29/><U121/><E121/><V80/><F80/><W88/><G36/><T82/><D82/><N who="1" m="47311" /><E21/><N who="3" m="8298" /><G102/><T18/><D18/><N who="1" m="8567" /><E66/><V56/><F70/><W8/><G8/><T60/><D31/><U55/><E53/><V65/><REACH who="2" step="1"/><F122/><REACH who="2" ten="235,247,237,271" step="2"/><W54/><G54/><N who="0" m="29999" /><D26/><AGARI ba="0,1" hai="2,4,11,17,23,26,56,62,65,89,90,95,96,100" machi="26" ten="30,2000,0" yaku="1,1,7,1,53,0" doraHai="129" doraHaiUra="43" who="2" fromWho="0" sc="235,-20,247,0,237,30,271,0" /><INIT seed="2,0,0,3,5,5" ten="215,247,267,271" oya="2" hai0="116,115,43,28,65,50,75,33,21,87,60,94,98" hai1="135,76,31,1,41,8,113,13,47,118,83,26,85" hai2="117,55,114,19,78,15,24,79,18,133,32,16,90" hai3="20,123,45,34,101,39,88,95,14,66,6,93,30"/><V59/><F114/><W125/><G34/><T130/><D75/><U4/><E118/><V126/><F117/><W57/><G123/><T46/><D33/><U73/><E113/><V37/><F37/><W96/><G125/><T62/><D116/><U77/><E135/><V53/><F133/><W36/><G45/><T11/><D115/><U48/><E76/><N who="2" m="29227" /><F32/><W68/><G68/><T27/><D130/><U82/><E82/><V74/><F74/><W56/><G56/><T58/><D62/><U71/><E71/><V106/><F106/><W89/><G89/><T105/><D105/><U23/><E73/><V9/><F126/><W84/><G6/><T0/><D87/><U72/><E72/><V124/><F124/><W91/><G101/><N who="0" m="60631" /><D0/><AGARI ba="0,0" hai="0,1,4,8,13,23,26,31,41,47,48,77,83,85" machi="0" ten="40,5200,0" yaku="25,2,52,1" doraHai="5" who="1" fromWho="0" sc="215,-52,247,52,267,0,271,0" /><INIT seed="3,0,0,3,1,5" ten="163,299,267,271" oya="3" hai0="119,107,73,103,66,121,29,54,12,33,106,127,128" hai1="34,43,0,30,47,88,116,22,94,134,72,10,83" hai2="48,41,124,65,75,86,104,84,57,120,87,82,63" hai3="64,24,39,129,59,92,100,108,98,74,36,53,89"/><W111/><G74/><T51/><D73/><U16/><E34/><V46/><F104/><N who="3" m="63511" /><G64/><T3/><D3/><U38/><E30/><V25/><F124/><W58/><G24/><T8/><D121/><U109/><E109/><N who="3" m="42058" /><G129/><T99/><D127/><U2/><E134/><V69/><F25/><W71/><G71/><T112/><D119/><U76/><E116/><V28/><F120/><W61/><G59/><T110/><D110/><U32/><E32/><V70/><F28/><W40/><G40/><T90/><D128/><U113/><E113/><V20/><F20/><W21/><G21/><T95/><D112/><U18/><E22/><V130/><F130/><W49/><G49/><T133/><D66/><U31/><E31/><V45/><F45/><W17/><G17/><T42/><D133/><U97/><E2/><V50/><F48/><W52/><G53/><T80/><D42/><U122/><E122/><V56/><F56/><W37/><G37/><T132/><D132/><U68/><E68/><V55/><F75/><W79/><G79/><T126/><D126/><U91/><E0/><V114/><F114/><W23/><G23/><T118/><D118/><U78/><E78/><N who="2" m="46167" /><F70/><W26/><G26/><T7/><D29/><U6/><E18/><V67/><F67/><W125/><G125/><T13/><D33/><U85/><E16/><V9/><F9/><W81/><G81/><T105/><D13/><N who="1" m="5335" /><E72/><V77/><F77/><W115/><G115/><T96/><REACH who="0" step="1"/><D80/><REACH who="0" ten="153,299,267,271" step="2"/><U15/><E83/><V101/><F65/><W27/><G36/><T93/><D93/><N who="1" m="56487" /><E38/><V131/><F131/><RYUUKYOKU ba="0,1" sc="153,30,299,-10,267,-10,271,-10" hai0="7,8,12,51,54,90,95,96,99,103,105,106,107" /><INIT seed="4,1,1,3,0,32" ten="183,289,257,261" oya="0" hai0="36,25,37,117,124,104,101,10,66,22,67,59,9" hai1="20,2,80,55,3,16,103,54,5,98,75,110,58" hai2="70,116,52,83,72,63,109,108,1,0,44,21,61" hai3="31,93,95,53,38,81,24,128,87,131,82,92,28"/><T100/><D117/><U11/><E2/><V132/><F116/><W135/><G38/><T69/><D69/><U33/><E33/><V39/><F132/><W107/><G107/><T130/><D130/><N who="3" m="49705" /><G135/><T118/><D118/><U57/><E110/><N who="2" m="42603" /><F21/><N who="3" m="15375" /><G31/><N who="0" m="17847" /><D104/><U85/><E75/><V73/><F52/><W50/><G87/><T102/><D37/><U112/><E112/><V48/><F63/><W40/><G40/><T126/><D36/><U79/><E55/><V114/><F48/><W68/><G68/><T111/><D111/><U90/><E54/><V99/><F99/><W121/><G121/><T105/><D105/><U13/><E79/><N who="2" m="44519" /><F73/><W76/><G76/><T23/><D23/><U60/><E60/><V42/><F114/><W49/><G49/><T62/><D67/><AGARI ba="1,1" hai="0,1,39,42,44,61,67,70" m="44519,42603" machi="67" ten="30,3900,0" yaku="23,1,52,2" doraHai="32" who="2" fromWho="0" sc="183,-42,289,0,257,52,261,0" owari="141,-36.0,289,9.0,309,41.0,261,-14.0" /></mjloggm>