<mjloggm ver="2.3"><GO type="169" lobby="0"/><UN n0="%E3%83%8B%E3%83%A3%E3%83%83%E3%83%94%E3%83%BC%E5%A4%8F%E7%9B%AE" n1="%E8%88%AC%E5%8D%93%E6%B0%91%E3%81%AE%E6%9C%9D%E3%81%AF%E6%97%A9%E3%81%84" n2="%E3%82%A6%E3%83%AB%E3%83%88%E3%83%A9%E7%AB%8B%E7%9B%B4" n3="%6B%65%69%30%34%31%33" dan="17,17,17,16" rate="2172.03,2124.42,2193.57,2060.87" sx="M,M,M,M"/><TAIKYOKU oya="0"/><INIT seed="0,0,0,0,5,62" ten="250,250,250,250" oya="0" hai0="55,25,119,118,92,116,69,16,49,10,80,56,85" hai1="71,117,114,93,132,124,8,50,82,72,106,67,99" hai2="15,111,130,46,2,20,98,104,68,1,3,83,88" hai3="91,86,24,129,41,6,13,74,47,60,7,65,23"/><T101/><D69/><U121/><E117/><V53/><F111/><W33/><G74/><T103/><D92/><U115/><E106/><V27/><F130/><W96/><G33/><T4/><D25/><U51/><E121/><V14/><F68/><W34/><G34/><T84/><D84/><U79/><E124/><V120/><F120/><W112/><G112/><N who="1" m="43050" /><E8/><V110/><F110/><W78/><G129/><T59/><D59/><U90/><E132/><V64/><F64/><W133/><G133/><T29/><D29/><U11/><E11/><V32/><F32/><W97/><G13/><T105/><D105/><U134/><E134/><V37/><F104/><W81/><G96/><T57/><D57/><U21/><E21/><V63/><F63/><AGARI ba="0,0" hai="50,51,63,67,71,72,79,82,90,93,99" m="43050" machi="63" ten="30,2000,0" yaku="11,1,52,1" doraHai="62" who="1" fromWho="2" sc="250,0,250,20,250,-20,250,0" /><INIT seed="1,0,0,1,4,65" ten="250,270,230,250" oya="1" hai0="110,14,131,111,33,135,57,85,22,55,103,95,101" hai1="133,104,70,40,115,128,60,35,7,39,53,58,37" hai2="109,43,6,105,78,59,51,20,97,107,26,67,75" hai3="127,2,102,66,73,54,49,63,89,88,90,24,112"/><U114/><E104/><V108/><F6/><W68/><G112/><T87/><D33/><U99/><E35/><V118/><F118/><W4/><G102/><T129/><D135/><U130/><E99/><V72/><F43/><W15/><G2/><T132/><D132/><U16/><E7/><V13/><F13/><W8/><G127/><T48/><D103/><U3/><E3/><V120/><F120/><W38/><G38/><T123/><D123/><U10/><E133/><V11/><F11/><W0/><G0/><T106/><D106/><U93/><E93/><V29/><F97/><W92/><G24/><T21/><D101/><U96/><E96/><V23/><F23/><N who="0" m="8714" /><D14/><N who="1" m="7255" /><E70/><V84/><F75/><W126/><G73/><T44/><D44/><N who="1" m="23567" /><E39/><V113/><F72/><W74/><G74/><T64/><D64/><U28/><E28/><V100/><F113/><W36/><G36/><T27/><D27/><U81/><E81/><N who="2" m="47159" /><F100/><W91/><G126/><T47/><D47/><U17/><E17/><V12/><F12/><W82/><G82/><T34/><D34/><U9/><E9/><V32/><F32/><W50/><REACH who="3" step="1"/><G54/><REACH who="3" ten="250,270,230,240" step="2"/><T62/><D55/><U1/><E1/><V86/><F107/><W121/><G121/><T69/><D95/><U116/><E116/><V61/><F105/><W41/><G41/><T52/><D52/><U125/><E125/><V30/><F30/><W56/><G56/><T79/><D57/><U5/><E5/><V25/><F25/><W119/><G119/><T117/><D117/><U46/><E46/><V94/><F51/><W122/><G122/><RYUUKYOKU ba="0,1" sc="250,-30,270,10,230,10,240,10" hai1="53,58,60,114,115,128,130" hai2="20,26,29,59,61,67,86,94,108,109" hai3="4,8,15,49,50,63,66,68,88,89,90,91,92" /><INIT seed="1,1,1,0,5,41" ten="220,280,240,250" oya="1" hai0="49,51,119,113,115,106,134,40,75,58,133,80,44" hai1="98,72,7,25,60,91,99,88,30,95,100,13,39" hai2="29,71,22,50,21,23,68,33,96,0,17,28,85" hai3="79,31,32,19,135,70,48,131,14,59,111,63,47"/><U6/><E39/><V4/><F96/><W18/><G131/><T104/><D119/><U37/><E37/><V73/><F85/><W36/><G70/><T107/><D58/><U15/><E72/><V78/><F50/><W108/><G36/><T27/><D27/><U64/><E7/><V2/><F78/><W122/><G122/><T132/><D49/><U121/><E121/><V55/><F55/><N who="3" m="34303" /><G79/><AGARI ba="1,1" hai="40,44,51,75,79,80,104,106,107,113,115,132,133,134" machi="79" ten="50,3200,0" yaku="20,1,52,1" doraHai="41" who="0" fromWho="3" sc="220,45,280,0,240,0,250,-35" /><INIT seed="2,0,0,3,0,12" ten="265,280,240,215" oya="2" hai0="7,30,118,130,63,135,113,22,75,24,26,103,4" hai1="65,125,9,1,50,23,84,62,21,122,101,131,54" hai2="116,77,29,70,71,98,128,87,17,67,76,43,88" hai3="11,39,45,78,56,126,114,94,41,83,95,42,55"/><V20/><F116/><W66/><G126/><T133/><D75/><U5/><E125/><V134/><F128/><W25/><G42/><T13/><D103/><U0/><E0/><V2/><F2/><W60/><G114/><T119/><D63/><U102/><E131/><V15/><F134/><N who="0" m="51210" /><D130/><U44/><E122/><V85/><F70/><W33/><G11/><N who="0" m="4327" /><D113/><U91/><E101/><V97/><F71/><W124/><G124/><T53/><D53/><U82/><E102/><V37/><F37/><W100/><G100/><T96/><D96/><N who="2" m="36970" /><F67/><W48/><G25/><N who="0" m="16695" /><D7/><U72/><E72/><V14/><F43/><W19/><G33/><T35/><D35/><U16/><E65/><V52/><F29/><W115/><G115/><T108/><D108/><U120/><E62/><V127/><F127/><W31/><G31/><T34/><D34/><U90/><E120/><V18/><F52/><W107/><G107/><T132/><D132/><U64/><E64/><V117/><F117/><AGARI ba="0,0" hai="24,26,117,118,119" m="16695,4327,51210" machi="117" ten="30,7700,0" yaku="12,1,20,1,34,2" doraHai="12" who="0" fromWho="2" sc="265,77,280,0,240,-77,215,0" /><INIT seed="3,0,0,4,1,63" ten="342,280,163,215" oya="3" hai0="84,8,72,107,15,127,34,78,92,23,43,24,20" hai1="106,105,65,98,66,46,82,38,56,111,54,6,109" hai2="59,117,74,27,133,101,36,95,1,22,91,64,50" hai3="71,110,135,49,124,45,69,47,75,33,70,67,87"/><W86/><G75/><T0/><D107/><U96/><E6/><V73/><F36/><W128/><G33/><T52/><D127/><U61/><E82/><V37/><F37/><W93/><G93/><T17/><D43/><N who="1" m="22903" /><E98/><V121/><F117/><W40/><G86/><T68/><D68/><N who="3" m="26217" /><G87/><T77/><D72/><U12/><E12/><V119/><F119/><W112/><G112/><T39/><D39/><U104/><E96/><V120/><F133/><W100/><G100/><T32/><D32/><U123/><E123/><N who="2" m="47179" /><F1/><W85/><G85/><T131/><D34/><U108/><AGARI ba="0,0" hai="54,56,61,65,66,104,105,106,108,109,111" m="22903" machi="108" ten="40,5200,0" yaku="14,1,52,2" doraHai="63" who="1" fromWho="1" sc="342,-13,280,52,163,-13,215,-26" /><INIT seed="4,0,0,0,4,27" ten="329,332,150,189" oya="0" hai0="0,123,94,98,5,24,130,93,76,109,4,68,113" hai1="135,25,103,97,78,117,47,39,129,102,67,127,9" hai2="17,108,111,59,89,49,23,7,131,34,71,42,80" hai3="19,61,118,74,32,45,52,79,3,101,26,18,10"/><T13/><D68/><U125/><E117/><V84/><F131/><W43/><G118/><T126/><D123/><U56/><E129/><V65/><F34/><W33/><G101/><T99/><D130/><U53/><E78/><V91/><F71/><W2/><G19/><T134/><D113/><U112/><E112/><V31/><F7/><W51/><G33/><T16/><D134/><U40/><E135/><V132/><F132/><W55/><G2/><T41/><D76/><U12/><E67/><V122/><F122/><W50/><G61/><T96/><D0/><U22/><E12/><V114/><F114/><W44/><G18/><T121/><D121/><U64/><E9/><V36/><F36/><W57/><G79/><T1/><D1/><U11/><E11/><V77/><F111/><W46/><G74/><T69/><D69/><U119/><E64/><V92/><F108/><W86/><G86/><T105/><D105/><U110/><E110/><V128/><F128/><W62/><G45/><T63/><D109/><U95/><E103/><V116/><F116/><W14/><G14/><T28/><D63/><U6/><E6/><N who="0" m="2665" /><D41/><U48/><E119/><V60/><F49/><W8/><REACH who="3" step="1"/><G3/><REACH who="3" ten="329,332,150,179" step="2"/><T35/><D35/><U90/><E102/><V38/><F77/><W29/><AGARI ba="0,1" hai="8,10,26,29,32,43,44,46,50,51,52,55,57,62" machi="29" ten="30,8000,1" yaku="1,1,2,1,0,1,52,1,54,1,53,0" doraHai="27" doraHaiUra="120" who="3" fromWho="3" sc="329,-40,332,-20,150,-20,179,90" /><INIT seed="5,0,0,5,3,107" ten="289,312,130,269" oya="1" hai0="30,26,44,47,129,76,50,15,63,19,92,106,23" hai1="122,77,60,88,43,98,116,13,71,104,93,24,101" hai2="134,27,124,0,132,29,21,46,85,53,17,121,37" hai3="33,11,95,14,113,55,69,87,51,90,58,1,81"/><U133/><E116/><V72/><F121/><W79/><G69/><T6/><D106/><U64/><E122/><V54/><F0/><W102/><G1/><T56/><D129/><U94/><E133/><N who="2" m="51307" /><F124/><W118/><G33/><T127/><D127/><U38/><E77/><V52/><F85/><W49/><G118/><T9/><D76/><U35/><E13/><N who="2" m="9391" /><F37/><W114/><G102/><T86/><D30/><N who="1" m="19911" /><E88/><V8/><F8/><W61/><G113/><T119/><D119/><U48/><E48/><V117/><F117/><W103/><G103/><T34/><D34/><U66/><E66/><V42/><F42/><W78/><G78/><T20/><D20/><U65/><E65/><V57/><F46/><AGARI ba="0,0" hai="38,43,46,60,64,71,93,94,98,101,104" m="19911" machi="46" ten="30,1500,0" yaku="25,1" doraHai="107" who="1" fromWho="2" sc="289,0,312,15,130,-15,269,0" /><INIT seed="5,1,0,3,3,105" ten="289,327,115,269" oya="1" hai0="88,102,0,130,125,3,123,83,42,17,120,98,107" hai1="81,63,119,40,21,91,44,72,43,25,27,121,122" hai2="133,106,78,26,11,89,109,6,126,30,66,71,73" hai3="97,52,47,13,68,93,32,104,131,4,92,57,58"/><U31/><E119/><V33/><F109/><W124/><G68/><T60/><D130/><U41/><E63/><N who="2" m="40415" /><F89/><W74/><G32/><T112/><D112/><U129/><E129/><V84/><F84/><W100/><G131/><T51/><D125/><U65/><E65/><V56/><F56/><W14/><G74/><T48/><D60/><U77/><E44/><V35/><F133/><W113/><G113/><T75/><D17/><U39/><E39/><V12/><F12/><W117/><G117/><T22/><D22/><U132/><E132/><V2/><F126/><W87/><G124/><T108/><D108/><U80/><E80/><N who="2" m="45135" /><F35/><W38/><G38/><T114/><D114/><U8/><E8/><V19/><F19/><W5/><G104/><AGARI ba="1,0" hai="2,6,11,26,30,33,104,106" m="45135,40415" machi="104" ten="30,3900,0" yaku="33,2,52,1" doraHai="105" who="2" fromWho="3" sc="289,0,327,0,115,42,269,-42" /><INIT seed="6,0,0,4,1,89" ten="289,327,157,227" oya="2" hai0="29,85,77,75,117,46,41,69,83,122,94,125,65" hai1="135,21,5,7,19,120,62,34,55,95,76,26,115" hai2="56,97,28,109,119,93,130,80,112,25,13,45,101" hai3="78,11,31,90,126,17,96,6,98,105,44,134,67"/><V79/><F119/><W103/><G126/><T22/><D122/><U61/><E120/><V8/><F112/><W60/><G134/><T99/><D125/><U73/><E73/><V12/><F130/><W51/><G31/><T32/><D32/><U106/><E106/><V1/><F109/><W129/><G129/><T84/><D117/><U81/><E34/><V71/><F71/><W49/><G78/><T15/><D65/><U37/><E37/><V0/><F45/><W23/><G44/><T127/><D69/><U27/><E27/><V102/><F56/><W54/><G54/><T3/><D3/><U68/><E68/><V114/><F102/><W128/><G128/><T118/><D118/><U132/><E81/><V74/><F114/><W36/><G36/><T133/><D133/><U4/><E76/><V2/><REACH who="2" step="1"/><F8/><REACH who="2" ten="289,327,147,227" step="2"/><W16/><G103/><N who="0" m="60919" /><D127/><U35/><E115/><V33/><AGARI ba="0,1" hai="0,1,2,12,13,25,28,33,74,79,80,93,97,101" machi="33" ten="30,6000,0" yaku="1,1,0,1,52,1,53,0" doraHai="89" doraHaiUra="113" who="2" fromWho="2" sc="289,-20,327,-20,147,70,227,-20" /><INIT seed="6,1,0,4,4,3" ten="269,307,217,207" oya="2" hai0="111,22,30,56,121,53,134,126,70,124,69,44,75" hai1="128,45,50,4,16,77,125,123,64,114,62,6,74" hai2="2,110,5,106,113,43,27,79,76,19,20,25,93" hai3="104,21,116,83,49,72,82,84,9,107,98,91,51"/><V14/><F106/><N who="3" m="40491" /><G49/><N who="0" m="30767" /><D75/><U97/><E77/><N who="2" m="29771" /><F2/><W71/><G51/><T39/><D22/><U132/><E74/><V65/><F110/><W90/><G71/><N who="0" m="27147" /><D30/><U80/><E80/><N who="3" m="30762" /><G21/><T87/><D87/><U81/><E81/><V92/><F113/><W127/><G9/><T34/><D34/><U120/><E128/><V23/><F65/><W103/><G72/><T47/><D111/><U129/><E125/><N who="0" m="48233" /><D121/><U54/><E114/><V86/><F86/><W48/><G48/><T130/><D130/><U105/><E50/><V41/><F93/><N who="3" m="58831" /><G127/><T40/><D47/><U67/><E45/><V37/><F92/><N who="3" m="54343" /><G116/><T96/><D96/><U63/><E97/><V32/><F32/><W66/><G66/><T8/><D8/><U17/><E105/><V133/><F23/><W101/><G91/><T85/><D85/><U68/><E68/><V0/><F20/><W122/><G122/><T10/><D10/><U118/><E129/><V58/><F25/><W57/><G57/><T115/><D115/><U89/><E89/><V131/><F58/><W7/><G7/><T11/><D11/><U59/><E59/><V108/><F131/><W99/><G99/><T102/><D134/><U117/><E54/><V28/><F133/><AGARI ba="1,0" hai="4,6,16,17,62,63,64,67,117,118,120,123,132,133" machi="133" ten="25,8000,1" yaku="22,2,52,2,54,1" doraHai="3" who="1" fromWho="2" sc="269,0,307,83,217,-83,207,0" /><INIT seed="7,0,0,0,2,21" ten="269,390,134,207" oya="3" hai0="17,113,102,101,73,1,80,82,58,44,2,96,110" hai1="3,69,42,72,85,62,103,89,127,94,6,39,106" hai2="117,29,86,48,76,46,38,50,134,40,105,15,34" hai3="107,8,66,12,61,114,36,16,9,128,53,68,91"/><W11/><BYE who="2" /><G36/><T92/><D110/><U116/><E72/><V124/><F124/><W129/><G107/><T5/><D102/><UN n2="%E3%82%A6%E3%83%AB%E3%83%88%E3%83%A9%E7%AB%8B%E7%9B%B4" /><U77/><E127/><V55/><F117/><W4/><G114/><T115/><D17/><U24/><E77/><V13/><F105/><W99/><G53/><T71/><D71/><U64/><E3/><N who="0" m="1033" /><D73/><U74/><E6/><V31/><F134/><W32/><G32/><T78/><D78/><U45/><E74/><V87/><F38/><W47/><G47/><T26/><D5/><U67/><E67/><V65/><F65/><W121/><G121/><T88/><D26/><U33/><E116/><V14/><F34/><W75/><G75/><T133/><D133/><U98/><E33/><V35/><F35/><W131/><REACH who="3" step="1"/><G4/><REACH who="3" ten="269,390,134,197" step="2"/><T49/><D44/><U63/><E106/><V119/><F119/><W60/><G60/><T95/><D49/><U51/><E63/><V83/><REACH who="2" step="1"/><F87/><REACH who="2" ten="269,390,124,197" step="2"/><W20/><G20/><T41/><D115/><U132/><E62/><V120/><F120/><W19/><G19/><T7/><D113/><U122/><E45/><AGARI ba="0,2" hai="13,14,15,29,31,40,45,46,48,50,55,76,83,86" machi="45" ten="40,5200,0" yaku="1,1,8,1,53,1" doraHai="21" doraHaiUra="79" who="2" fromWho="1" sc="269,0,390,-52,124,72,197,0" owari="269,7.0,338,43.0,196,-30.0,197,-20.0" /></mjloggm>