<mjloggm ver="2.3"><GO type="169" lobby="0"/><UN n0="%E3%82%A2%E3%83%95%E3%83%AA%E3%82%AB" n1="%E5%B0%B1%E6%B4%BB%E7%94%9F%40%E5%B7%9D%E6%9D%91%E8%BB%8D%E5%9B%A3" n2="%E6%A1%9C%E4%BA%95%E3%81%95%E3%82%93" n3="%E3%83%9E%E3%83%84%E3%82%B6%E3%82%AD" dan="16,16,16,18" rate="2102.20,2120.30,2119.73,2299.05" sx="M,M,M,M"/><TAIKYOKU oya="0"/><INIT seed="0,0,0,4,4,74" ten="250,250,250,250" oya="0" hai0="17,14,68,0,42,77,55,85,114,56,65,64,82" hai1="121,72,84,71,61,105,97,70,116,108,45,103,125" hai2="66,63,53,58,75,88,117,109,7,33,35,133,50" hai3="39,83,32,30,1,112,10,100,11,126,91,49,128"/><T69/><D0/><U20/><E72/><V15/><F109/><W48/><G39/><T123/><D114/><U89/><E121/><V40/><F133/><W3/><G112/><T24/><D123/><U27/><E116/><V67/><F117/><W124/><G100/><T54/><D42/><U5/><E108/><V134/><F134/><W102/><G102/><T107/><D107/><U113/><E125/><V118/><F118/><W79/><G91/><T6/><D55/><U78/><E5/><V52/><F75/><W46/><G30/><T96/><D96/><U80/><E113/><V23/><F40/><W59/><G32/><T94/><D94/><U44/><E89/><V81/><F35/><W47/><G59/><T132/><D132/><U8/><E8/><N who="2" m="4511" /><F23/><W28/><G28/><T4/><D69/><U87/><E87/><N who="2" m="50287" /><F33/><W122/><G83/><T19/><D68/><U34/><E71/><V73/><F73/><W129/><G122/><T86/><D86/><U101/><E101/><V127/><F127/><W111/><G111/><T120/><D120/><U29/><REACH who="1" step="1"/><E20/><REACH who="1" ten="250,240,250,250" step="2"/><V98/><F98/><W37/><G37/><T25/><D6/><U9/><E9/><V18/><F18/><N who="0" m="6666" /><D4/><U43/><E43/><V99/><F99/><W106/><G106/><T60/><D14/><U16/><E16/><V12/><F12/><W135/><G135/><T92/><D92/><U110/><E110/><V95/><F95/><W131/><G129/><T104/><D104/><U93/><E93/><V119/><F119/><W76/><AGARI ba="0,1" hai="1,3,10,11,46,47,48,49,76,79,124,126,128,131" machi="76" ten="25,8000,1" yaku="0,1,22,2,52,2" doraHai="74" who="3" fromWho="3" sc="250,-40,240,-20,250,-20,250,90" /><INIT seed="1,0,0,0,4,2" ten="210,220,230,340" oya="1" hai0="58,9,28,118,125,111,26,83,128,87,49,116,59" hai1="131,135,112,14,122,52,129,77,84,89,105,64,21" hai2="97,42,53,37,13,56,31,78,18,0,71,50,61" hai3="104,41,82,15,107,117,44,11,8,67,12,92,7"/><U29/><E105/><V43/><F0/><W57/><G117/><T126/><D111/><U46/><E112/><V99/><F31/><W123/><G123/><T108/><D108/><U27/><E122/><V3/><F3/><W134/><G134/><T106/><D106/><U100/><E100/><V88/><F78/><W95/><G82/><T30/><D9/><U110/><E64/><V90/><F37/><W96/><G67/><T63/><D49/><N who="1" m="28727" /><E110/><V70/><F70/><W81/><G57/><N who="0" m="21515" /><D63/><U4/><E77/><V79/><F79/><W132/><G81/><T119/><D128/><N who="1" m="49227" /><E135/><V113/><F113/><W38/><G132/><T17/><D119/><U102/><E102/><V101/><F71/><W109/><G109/><T55/><D118/><U16/><E4/><V19/><F101/><W73/><G73/><T36/><D116/><U22/><E84/><V54/><F61/><W115/><G115/><T35/><D87/><U33/><E89/><V103/><F103/><W47/><G107/><T62/><D62/><U80/><E80/><V39/><F39/><W20/><G104/><T25/><D36/><U68/><E68/><V74/><F74/><W76/><G76/><T1/><D83/><U120/><E120/><V91/><F91/><W32/><G38/><T98/><D98/><U114/><E114/><V85/><F85/><W5/><G96/><T72/><D72/><U130/><N who="1" m="49235" /><U65/><DORA hai="48" /><E65/><V51/><F56/><W24/><G95/><T94/><D94/><U133/><E133/><V121/><F121/><W10/><G92/><T66/><D66/><RYUUKYOKU ba="0,0" sc="210,-15,220,15,230,15,340,-15" hai1="14,16,21,22,27,29,33" hai2="13,18,19,42,43,50,51,53,54,88,90,97,99" /><INIT seed="1,1,0,5,1,116" ten="195,235,245,325" oya="1" hai0="85,77,94,67,3,69,106,35,19,70,101,127,126" hai1="110,39,13,100,28,22,111,16,46,30,17,58,117" hai2="109,80,99,71,63,50,114,60,131,122,73,62,47" hai3="87,104,7,10,9,57,48,132,11,38,120,130,44"/><U83/><E117/><V21/><F99/><W29/><G104/><T93/><D3/><U82/><E100/><V5/><F5/><W34/><G130/><T52/><D35/><U135/><E135/><V68/><F21/><W128/><G128/><T61/><D19/><U89/><E58/><V129/><F80/><N who="1" m="30761" /><E89/><V123/><F73/><W12/><G132/><T88/><D77/><U4/><E4/><V118/><F118/><W75/><G75/><T8/><D8/><N who="1" m="6183" /><E46/><V134/><F134/><W121/><G57/><N who="0" m="34983" /><D106/><U55/><E55/><N who="2" m="30175" /><F131/><W112/><G44/><T23/><D67/><U25/><E39/><V76/><F76/><W95/><G38/><T42/><D42/><U78/><E78/><V1/><F1/><W51/><G7/><T14/><D70/><N who="2" m="26666" /><F129/><W65/><G65/><T20/><D69/><U49/><E49/><V92/><F92/><W103/><G51/><T81/><D94/><U125/><E125/><N who="0" m="47625" /><D14/><U40/><E40/><V115/><F109/><AGARI ba="1,0" hai="17,22,25,28,30,109,110,111" m="6183,30761" machi="109" ten="30,5800,0" yaku="14,1,10,1,54,1" doraHai="116" who="1" fromWho="2" sc="195,0,235,61,245,-61,325,0" /><INIT seed="1,2,0,3,2,29" ten="195,296,184,325" oya="1" hai0="50,75,56,62,116,108,49,66,31,70,21,58,74" hai1="22,65,104,45,44,64,9,63,24,80,40,130,85" hai2="133,3,87,114,27,6,111,1,125,82,69,128,132" hai3="30,112,134,118,102,47,10,42,110,13,96,129,131"/><U68/><E104/><V67/><F69/><W120/><G112/><T32/><D116/><U103/><E103/><V36/><F36/><W126/><G120/><T19/><D108/><U115/><E115/><V121/><F67/><W5/><G110/><T93/><D93/><U11/><E65/><V117/><F111/><W35/><G118/><T18/><D70/><U135/><E135/><V88/><F117/><W59/><G134/><N who="2" m="51817" /><F114/><W73/><G73/><T97/><D97/><U92/><E92/><V78/><F121/><W23/><G59/><T4/><D4/><U79/><E45/><V33/><F128/><N who="3" m="49227" /><G23/><T38/><D38/><U106/><E106/><V109/><F109/><W91/><G91/><T86/><D21/><U76/><E79/><V26/><F125/><W48/><G126/><T113/><D113/><U95/><E95/><N who="2" m="54687" /><F6/><W41/><G41/><T39/><D75/><U53/><E130/><V15/><F15/><W25/><G96/><T55/><D74/><U51/><REACH who="1" step="1"/><E40/><REACH who="1" ten="195,286,184,325" step="2"/><V61/><F78/><W60/><G102/><T123/><D123/><U17/><AGARI ba="2,1" hai="9,11,17,22,24,44,51,53,63,64,68,76,80,85" machi="17" ten="20,7800,0" yaku="1,1,2,1,0,1,7,1,53,0" doraHai="29" doraHaiUra="71" who="1" fromWho="1" sc="195,-28,286,94,184,-28,325,-28" /><INIT seed="1,3,0,1,0,135" ten="167,380,156,297" oya="1" hai0="38,63,96,2,50,70,59,21,7,126,129,134,64" hai1="34,121,85,45,104,78,114,16,83,58,89,52,117" hai2="76,22,105,11,87,12,26,71,57,82,98,25,4" hai3="0,90,109,86,127,17,80,18,107,102,27,122,69"/><U75/><E121/><V24/><F71/><W100/><G0/><T30/><D134/><U94/><E117/><V29/><F105/><W112/><G69/><T91/><D129/><U40/><E114/><V42/><F42/><W95/><G112/><T10/><D38/><U116/><E116/><V74/><F74/><W113/><G113/><T67/><D126/><U120/><E120/><V55/><REACH who="2" step="1"/><F98/><REACH who="2" ten="167,380,146,297" step="2"/><W123/><G107/><T15/><D70/><U36/><E104/><V133/><F133/><W103/><G122/><T79/><D2/><U73/><E73/><V68/><F68/><W53/><G123/><T128/><D128/><U106/><E106/><V5/><F5/><W101/><G109/><T118/><D118/><U115/><E115/><V8/><F8/><W81/><G127/><T54/><D96/><U56/><E34/><V124/><F124/><W37/><G37/><T119/><D119/><U84/><E75/><V19/><F19/><W92/><G17/><T88/><D79/><U32/><E32/><V60/><AGARI ba="3,1" hai="4,11,12,22,24,25,26,29,55,57,60,76,82,87" machi="60" ten="20,5200,0" yaku="1,1,0,1,7,1,8,1,53,0" doraHai="135" doraHaiUra="47" who="2" fromWho="2" sc="167,-16,380,-29,146,71,297,-16" /><INIT seed="2,0,0,5,0,112" ten="151,351,217,281" oya="2" hai0="25,55,131,94,133,73,76,92,43,31,89,59,97" hai1="77,124,93,106,54,99,23,8,30,119,90,47,22" hai2="15,104,53,14,111,49,68,85,40,84,2,4,26" hai3="67,88,28,3,82,27,48,13,110,123,108,0,1"/><V46/><F104/><W34/><G123/><T120/><D133/><U11/><E119/><V134/><F134/><W130/><G130/><T61/><D131/><U83/><E106/><V135/><F135/><W103/><G103/><T127/><D127/><U86/><E124/><V32/><F68/><W100/><G100/><T18/><D120/><U113/><E113/><V80/><F111/><N who="3" m="42539" /><G67/><T66/><D43/><U6/><E30/><V70/><F70/><W60/><G60/><T7/><D7/><U132/><E132/><V56/><F32/><W65/><G65/><T16/><D94/><U95/><E95/><V101/><F101/><W39/><G39/><T117/><D117/><U74/><E74/><V51/><F85/><N who="3" m="50231" /><G13/><T63/><D76/><U126/><E126/><V12/><F26/><W115/><G115/><T121/><D73/><U35/><E35/><V21/><F2/><W50/><AGARI ba="0,0" hai="0,1,3,27,28,34,48,50" m="50231,42539" machi="50" ten="40,2700,0" yaku="14,1,54,1" doraHai="112" who="3" fromWho="3" sc="151,-7,351,-7,217,-13,281,27" /><INIT seed="3,0,0,5,3,25" ten="144,344,204,308" oya="3" hai0="106,112,41,135,31,27,116,96,86,123,99,75,84" hai1="24,118,48,40,82,5,133,4,52,81,13,101,63" hai2="104,23,88,126,74,100,71,62,26,109,108,20,49" hai3="1,12,121,94,42,69,91,29,85,35,95,77,114"/><W98/><G1/><T113/><D75/><U127/><E133/><V131/><F74/><W28/><G114/><N who="0" m="44139" /><D123/><U70/><E127/><V16/><F126/><W83/><G121/><T43/><D135/><U6/><E118/><V107/><F131/><W7/><G69/><T93/><D106/><U72/><E72/><V45/><F100/><W103/><G35/><N who="0" m="20991" /><D116/><U68/><E101/><V46/><F46/><W11/><G42/><N who="0" m="15883" /><D99/><AGARI ba="0,0" hai="7,11,12,28,29,77,83,85,91,94,95,98,99,103" machi="99" ten="30,11600,0" yaku="7,1,8,1,52,2" doraHai="25" who="3" fromWho="0" sc="144,-116,344,0,204,0,308,116" /><INIT seed="3,1,0,1,0,3" ten="28,344,204,424" oya="3" hai0="107,57,130,25,125,121,120,71,58,28,6,110,117" hai1="0,83,1,116,73,17,129,34,19,81,14,123,36" hai2="32,12,114,10,69,26,22,96,119,100,122,4,11" hai3="44,118,59,101,88,20,62,29,128,18,106,87,67"/><W86/><G118/><T53/><D107/><U15/><E36/><V52/><F119/><W111/><G128/><T63/><D117/><U56/><E73/><V102/><F114/><W78/><G29/><T95/><D71/><U13/><E34/><V133/><F69/><W42/><G111/><T93/><D110/><U49/><E123/><V9/><F32/><W21/><G78/><T47/><D130/><U35/><E35/><V98/><F133/><W46/><G86/><T61/><D125/><U91/><E129/><V2/><F122/><W8/><G101/><N who="2" m="39017" /><F2/><W84/><G84/><T39/><D39/><U115/><E115/><V66/><F66/><W105/><G8/><N who="2" m="3177" /><F52/><W68/><G68/><T109/><D109/><U30/><E30/><AGARI ba="1,0" hai="4,11,12,22,26,30,96,98" m="3177,39017" machi="30" ten="30,2000,0" yaku="8,1,52,1" doraHai="3" who="2" fromWho="1" sc="28,0,344,-23,204,23,424,0" /><INIT seed="4,0,0,3,0,100" ten="28,321,227,424" oya="0" hai0="13,89,18,12,48,46,92,19,27,32,61,25,120" hai1="40,11,130,128,101,34,5,90,125,7,78,135,129" hai2="85,81,87,59,38,9,24,113,117,39,63,65,60" hai3="55,72,114,52,16,36,33,76,104,71,44,122,21"/><T69/><D120/><U30/><E78/><V68/><F113/><W47/><G71/><T95/><D32/><U127/><E40/><V10/><F117/><W23/><G33/><T131/><D131/><U4/><E101/><V111/><F111/><W49/><G104/><T8/><D61/><U82/><E82/><V99/><F39/><W3/><G3/><T103/><D69/><U74/><E74/><V115/><F38/><W35/><G35/><T29/><D29/><U119/><E90/><V108/><F108/><W45/><G114/><T43/><D103/><U79/><E79/><V132/><F132/><W67/><G67/><T50/><D50/><U118/><E11/><V73/><F99/><W124/><G122/><T75/><D75/><U51/><E51/><V37/><F37/><W107/><G107/><T57/><D57/><U80/><E80/><V22/><F73/><W28/><G36/><T77/><D77/><U121/><E121/><V86/><F81/><W98/><G76/><T6/><D6/><U31/><E135/><V94/><F94/><N who="0" m="35882" /><D89/><U17/><E17/><V91/><F91/><W106/><G72/><T54/><D43/><U15/><E15/><V58/><F68/><W1/><G49/><T0/><D0/><U66/><E66/><N who="2" m="39191" /><F115/><W41/><G41/><T93/><N who="0" m="35890" /><T62/><DORA hai="102" /><D62/><U42/><E42/><V97/><F97/><W20/><G1/><T133/><D133/><U53/><E53/><N who="3" m="20554" /><G28/><AGARI ba="0,0" hai="9,10,22,24,28,59,63,65,85,86,87" m="39191" machi="28" ten="30,1000,0" yaku="8,1" doraHai="100,102" who="2" fromWho="3" sc="28,0,321,0,227,10,424,-10" /><INIT seed="5,0,0,5,4,28" ten="28,321,237,414" oya="1" hai0="65,99,51,31,41,58,133,91,7,46,95,78,115" hai1="50,14,94,96,117,84,32,125,89,34,56,116,86" hai2="35,54,74,16,63,132,71,21,105,77,128,126,73" hai3="106,37,103,20,62,70,42,17,72,129,121,33,52"/><U30/><E125/><V75/><F105/><W92/><G72/><T53/><D115/><U24/><E34/><V69/><F77/><W13/><G121/><T101/><D133/><U114/><E114/><V80/><F80/><W120/><G120/><T118/><D118/><U36/><E36/><V100/><F100/><W1/><G1/><T8/><D78/><U26/><E26/><V98/><F98/><W60/><G106/><T119/><D119/><U2/><E2/><V110/><F110/><W25/><G70/><T23/><D65/><U97/><E14/><V102/><F102/><W79/><G79/><T9/><D101/><U6/><E6/><V109/><F109/><W112/><G129/><T38/><D7/><U134/><E134/><V4/><F4/><W12/><G112/><T88/><D91/><U122/><E122/><V90/><F90/><W107/><G107/><T61/><D38/><U66/><E86/><V47/><F132/><W29/><G12/><T19/><REACH who="0" step="1"/><D31/><REACH who="0" ten="18,321,237,414" step="2"/><U104/><E104/><V127/><F127/><W83/><G37/><T93/><D93/><U3/><E116/><V48/><F126/><W0/><G92/><T18/><D18/><U39/><E39/><V55/><F16/><W67/><G103/><T5/><D5/><U59/><E117/><V64/><F64/><W82/><G67/><T10/><D10/><U43/><E66/><V124/><F124/><W123/><G123/><T76/><D76/><U108/><E108/><V131/><F73/><W57/><G17/><T113/><D113/><U68/><E94/><V135/><F74/><RYUUKYOKU ba="0,1" sc="18,30,321,-10,237,-10,414,-10" hai0="8,9,19,23,41,46,51,53,58,61,88,95,99" /><INIT seed="6,1,1,0,4,113" ten="48,311,227,404" oya="2" hai0="88,6,112,46,110,58,34,87,40,103,125,118,48" hai1="102,134,120,60,117,65,64,10,45,43,81,96,84" hai2="47,107,91,86,104,105,55,122,135,78,20,133,37" hai3="80,19,51,22,3,73,100,85,49,101,98,93,129"/><V79/><F20/><W83/><G3/><T121/><D121/><U82/><E117/><V33/><F33/><W1/><G1/><T94/><D112/><U123/><E134/><N who="2" m="51211" /><F122/><N who="1" m="46633" /><E10/><V13/><F13/><N who="3" m="9583" /><G73/><T97/><D125/><U72/><E72/><V52/><F37/><W130/><G101/><T2/><D110/><U35/><E35/><V76/><F47/><W128/><G83/><AGARI ba="1,1" hai="52,55,76,78,79,83,86,91,104,105,107" m="51211" machi="83" ten="40,3900,0" yaku="20,1,54,1" doraHai="113" who="2" fromWho="3" sc="48,0,311,0,227,52,404,-42" /><INIT seed="6,2,0,1,1,26" ten="48,311,279,362" oya="2" hai0="106,65,104,29,36,109,135,99,84,52,95,79,119" hai1="37,131,102,31,111,114,70,98,19,66,13,126,9" hai2="117,103,72,63,112,4,97,87,6,100,75,129,10" hai3="32,60,42,67,16,3,0,105,80,30,45,115,93"/><V57/><F117/><W89/><G105/><T7/><D36/><U51/><E111/><V82/><F112/><W85/><G115/><T68/><D109/><U39/><E126/><V76/><F129/><W91/><G16/><T53/><D119/><U83/><E114/><V74/><F10/><W86/><G32/><T22/><D7/><U61/><E131/><V92/><REACH who="2" step="1"/><F103/><REACH who="2" ten="48,311,269,362" step="2"/><W41/><G0/><T133/><D133/><U94/><E39/><V56/><F56/><W15/><G3/><T108/><D135/><U23/><E37/><V134/><F134/><W69/><G45/><T59/><D59/><U14/><E9/><V49/><F49/><W64/><G69/><T47/><D108/><U38/><E51/><V127/><F127/><W48/><G48/><T21/><D47/><U34/><E38/><V116/><F116/><W55/><G60/><T8/><D8/><U81/><E61/><V54/><AGARI ba="2,1" hai="4,6,54,57,63,72,74,75,76,82,87,92,97,100" machi="54" ten="30,3000,0" yaku="1,1,0,1,53,0" doraHai="26" doraHaiUra="118" who="2" fromWho="2" sc="48,-12,311,-12,269,46,362,-12" /><INIT seed="6,3,0,1,3,9" ten="36,299,315,350" oya="2" hai0="30,33,88,4,94,46,132,27,32,34,18,40,126" hai1="84,69,90,7,67,105,112,110,103,61,106,73,92" hai2="62,42,86,98,52,5,81,66,14,3,130,104,87" hai3="129,121,119,97,122,101,113,118,91,25,107,44,26"/><V74/><F130/><W12/><G129/><T28/><D132/><U95/><E110/><V36/><F3/><W8/><G113/><T63/><D126/><U41/><E112/><V21/><F36/><W24/><G91/><T85/><D4/><U77/><E7/><V115/><F42/><W108/><G108/><T23/><D63/><U0/><E0/><V75/><F115/><W53/><G53/><T22/><D22/><U133/><E41/><V54/><F75/><W48/><G48/><T15/><REACH who="0" step="1"/><D30/><REACH who="0" ten="26,299,315,350" step="2"/><U111/><E133/><V68/><F5/><W31/><G31/><T47/><D47/><U100/><E111/><V51/><F21/><W11/><G44/><T128/><D128/><U78/><E61/><V124/><F62/><W64/><G122/><T55/><D55/><U131/><E131/><V114/><F52/><W80/><G121/><T82/><D82/><U102/><E67/><V116/><F66/><W6/><G64/><T20/><D20/><U19/><E69/><V134/><F68/><W83/><G83/><T43/><D43/><U49/><E19/><V79/><F124/><W59/><G80/><T99/><D99/><U127/><E127/><V89/><F134/><W60/><G60/><T120/><D120/><U17/><E17/><V45/><F114/><W1/><G59/><T13/><D13/><U72/><E49/><AGARI ba="3,1" hai="15,18,23,27,28,32,33,34,40,46,49,85,88,94" machi="49" ten="30,7700,0" yaku="1,1,7,1,52,1,54,1,53,0" doraHai="9" doraHaiUra="56" who="0" fromWho="1" sc="26,96,299,-86,315,0,350,0" /><INIT seed="7,0,0,0,0,103" ten="122,213,315,350" oya="3" hai0="102,62,92,5,49,9,70,35,110,57,78,89,81" hai1="85,122,76,10,97,72,11,40,1,28,87,130,96" hai2="44,77,32,53,19,46,16,108,74,47,67,79,21" hai3="80,61,93,99,134,22,129,86,12,26,133,59,15"/><W107/><G107/><T37/><D110/><U7/><E122/><V6/><F108/><W4/><G129/><T90/><D35/><U75/><E130/><V36/><F32/><W121/><G121/><T14/><D70/><U127/><E127/><V115/><F115/><W114/><G114/><T101/><D37/><U54/><E28/><V64/><F36/><W30/><G4/><T25/><D25/><U51/><E40/><V111/><F111/><W84/><G12/><T18/><D49/><U56/><E11/><V125/><F74/><W109/><G15/><T132/><D132/><N who="3" m="50793" /><G80/><T100/><D5/><U13/><E1/><V31/><F6/><W95/><G109/><T118/><D118/><U82/><E75/><V42/><F42/><W43/><G43/><T116/><D116/><U128/><E128/><V65/><F125/><W52/><G95/><T48/><D48/><U38/><E38/><V24/><REACH who="2" step="1"/><F53/><REACH who="2" ten="122,213,305,350" step="2"/><W2/><G2/><T83/><D78/><AGARI ba="0,1" hai="16,19,21,24,31,44,46,47,64,65,67,77,78,79" machi="78" ten="40,8000,1" yaku="1,1,2,1,8,1,54,1,53,0" doraHai="103" doraHaiUra="29" who="2" fromWho="0" sc="122,-80,213,0,305,90,350,0" owari="42,-46.0,213,-19.0,395,50.0,350,15.0" /></mjloggm>