<mjloggm ver="2.3"><GO type="169" lobby="0"/><UN n0="%54%65%72%65%73%61%33%39" n1="%E5%BC%93%E9%9F%B3" n2="%E3%82%A6%E3%83%AB%E3%83%88%E3%83%A9%E7%AB%8B%E7%9B%B4" n3="%E7%A2%BA%E8%AA%8D%E4%BA%8B%E9%A0%85" dan="16,16,16,16" rate="2112.76,2103.25,2084.47,2165.47" sx="M,F,M,M"/><TAIKYOKU oya="0"/><INIT seed="0,0,0,0,1,12" ten="250,250,250,250" oya="0" hai0="106,110,25,69,90,6,73,34,121,74,50,27,99" hai1="1,16,111,39,8,85,127,56,122,82,43,126,62" hai2="76,104,28,57,26,46,124,2,112,102,54,53,71" hai3="125,48,120,133,58,132,65,14,109,18,92,114,96"/><T20/><D121/><U75/><E75/><V103/><F112/><W66/><G114/><T41/><D69/><U47/><E122/><V105/><F2/><W95/><G120/><T135/><D135/><N who="3" m="51785" /><G109/><T9/><D110/><U11/><E111/><V123/><F71/><W63/><G125/><T70/><D70/><U36/><E39/><V80/><F123/><W84/><G48/><T79/><D34/><U13/><E1/><V7/><F7/><W4/><G4/><T64/><D64/><U83/><E8/><V42/><F124/><N who="1" m="47657" /><E85/><V131/><F131/><W32/><G32/><T59/><D79/><U116/><E116/><V38/><F104/><W94/><G84/><T23/><D106/><U0/><E0/><V118/><F118/><W101/><G66/><AGARI ba="0,0" hai="11,13,16,36,43,47,56,62,66,82,83" m="47657" machi="66" ten="30,3900,0" yaku="18,1,52,1,54,1" doraHai="12" who="1" fromWho="3" sc="250,0,250,39,250,0,250,-39" /><INIT seed="1,0,0,0,4,31" ten="250,289,250,211" oya="1" hai0="5,19,111,42,99,129,117,67,57,25,83,9,120" hai1="79,75,118,3,38,54,41,2,128,49,105,91,17" hai2="62,113,74,0,59,48,60,69,66,110,43,70,53" hai3="98,11,95,101,73,77,72,93,132,115,35,127,14"/><U12/><E118/><V22/><F22/><W121/><G121/><T63/><D117/><U29/><E105/><V122/><F74/><W80/><G115/><T126/><D111/><U134/><E41/><V51/><F0/><W64/><G132/><T33/><D120/><U85/><E38/><V52/><F122/><W58/><G127/><T46/><D126/><U36/><E36/><V78/><F78/><W1/><G1/><T44/><D129/><U87/><E75/><V68/><F110/><W21/><G21/><T94/><D83/><U100/><E100/><V133/><F133/><W84/><G35/><T92/><D42/><U45/><E29/><V15/><F15/><W103/><G64/><T28/><D19/><U8/><E128/><V97/><F97/><W116/><G58/><T104/><D104/><U123/><E123/><V135/><F135/><W23/><G23/><T108/><D108/><U89/><E79/><V130/><F130/><W50/><G50/><T102/><REACH who="0" step="1"/><D94/><REACH who="0" ten="240,289,250,211" step="2"/><N who="1" m="54575" /><E134/><V37/><F113/><W27/><G116/><T24/><D24/><U119/><E119/><V13/><F37/><W124/><G27/><T114/><D114/><U47/><E45/><N who="2" m="25663" /><F13/><AGARI ba="0,1" hai="5,9,13,25,28,33,44,46,57,63,67,92,99,102" machi="13" ten="30,7700,0" yaku="1,1,7,1,52,1,53,1" doraHai="31" doraHaiUra="20" who="0" fromWho="2" sc="240,87,289,0,250,-77,211,0" /><INIT seed="2,0,0,0,0,99" ten="327,289,173,211" oya="2" hai0="115,100,27,53,134,52,107,17,98,112,64,117,12" hai1="108,110,62,33,26,19,48,122,28,0,102,58,81" hai2="11,129,91,43,8,44,70,57,59,101,6,74,67" hai3="34,32,69,3,121,38,130,72,22,42,14,126,21"/><V96/><F74/><W75/><G69/><T15/><D64/><U1/><E122/><V45/><F129/><W95/><G3/><T92/><D134/><U93/><E48/><V24/><F91/><W79/><G121/><T37/><D37/><U105/><E105/><V35/><F11/><W128/><G126/><T113/><D117/><U89/><E19/><V30/><F45/><W118/><G38/><T83/><D83/><U82/><E0/><V5/><F5/><W109/><G42/><T73/><D73/><U76/><E1/><V114/><F114/><W87/><G14/><T56/><D107/><U2/><E2/><V65/><F8/><W123/><G123/><T55/><REACH who="0" step="1"/><D56/><REACH who="0" ten="317,289,173,211" step="2"/><U94/><E81/><V106/><F6/><W39/><G75/><T61/><D61/><U4/><E4/><V77/><F77/><W71/><G79/><T68/><D68/><U90/><E82/><V54/><F70/><W49/><G71/><T40/><D40/><U36/><E36/><V46/><F59/><W103/><G39/><T104/><D104/><U13/><E76/><V133/><F133/><W66/><G72/><T50/><D50/><U84/><E58/><V116/><F116/><W29/><G49/><T125/><D125/><U25/><E62/><N who="2" m="36151" /><F43/><W18/><G118/><T85/><D85/><U51/><E84/><V7/><F7/><W23/><G87/><T120/><D120/><U111/><E51/><V132/><F132/><W10/><G66/><N who="2" m="25097" /><F46/><W131/><G131/><T135/><D135/><U20/><E90/><V127/><F44/><W63/><G130/><RYUUKYOKU ba="0,1" sc="317,15,289,-15,173,15,211,-15" hai0="12,15,17,27,52,53,55,92,98,100,112,113,115" hai2="24,30,35,96,101,106,127" /><INIT seed="2,1,1,2,1,131" ten="332,274,188,196" oya="2" hai0="6,64,99,50,66,67,27,38,59,133,35,120,44" hai1="42,2,20,61,30,77,83,78,109,41,49,84,76" hai2="87,52,0,63,92,128,130,79,95,135,125,1,14" hai3="129,112,81,12,24,74,26,97,32,110,28,65,72"/><V86/><F125/><W69/><G129/><N who="2" m="49769" /><F14/><W36/><G36/><T104/><D120/><U60/><E2/><N who="2" m="1131" /><F135/><W132/><G132/><T82/><D133/><U33/><E33/><V17/><F17/><W56/><G12/><T123/><D123/><U70/><E70/><V46/><F79/><W8/><G8/><T126/><D6/><U16/><E30/><V22/><F22/><W90/><G28/><T118/><D118/><U93/><E109/><V21/><F21/><W18/><G110/><T96/><D126/><U111/><E111/><V91/><F63/><W106/><G18/><T3/><D3/><U117/><E117/><V37/><F37/><W62/><G62/><T114/><D114/><U107/><E107/><V53/><F46/><W51/><G112/><T48/><D35/><U121/><E121/><V9/><F9/><W101/><G32/><T94/><D27/><U7/><E7/><V29/><F29/><W68/><G26/><T108/><D108/><U40/><E49/><V47/><F47/><W13/><G24/><T23/><D23/><U4/><E4/><V113/><F113/><W73/><G13/><T80/><D38/><U103/><E61/><V115/><F115/><W105/><G51/><T15/><D15/><U124/><E60/><V57/><F57/><W75/><G56/><T119/><D59/><U10/><E124/><V71/><F71/><N who="3" m="27211" /><G65/><T89/><D119/><U102/><E10/><V134/><F134/><W19/><G19/><T100/><D48/><U43/><E20/><V85/><F91/><W45/><G90/><T122/><D122/><RYUUKYOKU ba="1,1" sc="332,15,274,-15,188,15,196,-15" hai0="44,50,64,66,67,80,82,89,94,96,99,100,104" hai2="52,53,85,86,87,92,95" /><INIT seed="2,2,1,3,1,71" ten="347,259,203,181" oya="2" hai0="17,5,113,2,79,10,94,84,28,29,11,104,117" hai1="30,6,72,31,102,54,77,109,106,64,55,26,134" hai2="43,45,7,78,69,87,68,135,105,8,0,114,111" hai3="132,81,50,41,74,49,25,47,59,121,9,98,73"/><V58/><F114/><W112/><G121/><T46/><D104/><U66/><E6/><V127/><F105/><W119/><G119/><T107/><D107/><U86/><E72/><V44/><F127/><W62/><G112/><T76/><D113/><U23/><E102/><V65/><F135/><W39/><G132/><T124/><D124/><U115/><E109/><V35/><F35/><W99/><G25/><T51/><D117/><U61/><E106/><V130/><F111/><W108/><G108/><T18/><D79/><U1/><E1/><V21/><F130/><W27/><G27/><T37/><D37/><U85/><E115/><V110/><F21/><W128/><G128/><T60/><D60/><U13/><E134/><V123/><F45/><W122/><G122/><T103/><D103/><U95/><E31/><V12/><F0/><W91/><G9/><T34/><D34/><U48/><E77/><V93/><F123/><W118/><G118/><T116/><D116/><U63/><E95/><V19/><F19/><W82/><G74/><T53/><D18/><U20/><E30/><V22/><F22/><W38/><G73/><T15/><REACH who="0" step="1"/><D76/><REACH who="0" ten="337,259,203,181" step="2"/><U89/><E61/><N who="2" m="38071" /><F110/><W125/><G125/><T88/><AGARI ba="2,2" hai="2,5,10,11,15,17,28,29,46,51,53,84,88,94" machi="88" ten="30,4000,0" yaku="1,1,0,1,54,1,53,0" doraHai="71" doraHaiUra="52" who="0" fromWho="0" sc="337,66,259,-12,203,-22,181,-12" /><INIT seed="3,0,0,4,1,67" ten="403,247,181,169" oya="3" hai0="92,47,98,80,12,81,38,113,5,17,107,71,117" hai1="39,58,133,134,118,126,85,30,65,29,130,90,66" hai2="54,61,73,108,13,86,34,45,16,77,115,32,110" hai3="63,33,93,75,116,112,15,4,44,25,120,125,23"/><W95/><G112/><T91/><D117/><U31/><E39/><V76/><F73/><W60/><G116/><T101/><D5/><U59/><E118/><V72/><F72/><W28/><G120/><T119/><D119/><U135/><E90/><V89/><F115/><W121/><G121/><T124/><D113/><U20/><E85/><V114/><F114/><W70/><G75/><T56/><D124/><U82/><E82/><V27/><F77/><W51/><G125/><T83/><D71/><U74/><E74/><V68/><F76/><W26/><G15/><T52/><D47/><U37/><E20/><V0/><F0/><W87/><G4/><T111/><D38/><U8/><E8/><N who="2" m="6183" /><F27/><W57/><G70/><T78/><D111/><N who="2" m="42538" /><F45/><W10/><G10/><N who="0" m="6295" /><D107/><U18/><E37/><V62/><F62/><W43/><G87/><N who="0" m="50687" /><D78/><U104/><E104/><V69/><F34/><W3/><G3/><T109/><D109/><U96/><E126/><V103/><F32/><W127/><G127/><T6/><D6/><U102/><E18/><V7/><F7/><W64/><REACH who="3" step="1"/><G63/><AGARI ba="0,0" hai="52,56,63,80,81,92,98,101" m="50687,6295" machi="63" ten="30,2000,0" yaku="8,1,54,1" doraHai="67" who="0" fromWho="3" sc="403,20,247,0,181,0,169,-20" /><INIT seed="4,0,0,5,2,57" ten="423,247,181,149" oya="0" hai0="48,29,121,54,99,18,3,78,82,75,47,43,15" hai1="55,128,79,129,85,125,111,86,80,67,10,107,36" hai2="84,4,68,109,42,46,61,132,66,58,34,41,27" hai3="134,39,119,8,102,113,7,89,104,44,74,101,124"/><T50/><D121/><U133/><E36/><V49/><F109/><W5/><G119/><T116/><D116/><U6/><E107/><V14/><F132/><W22/><G134/><T2/><D29/><U64/><E111/><V90/><F34/><W62/><G113/><T13/><D99/><U20/><E125/><V106/><F106/><W52/><G124/><T96/><D96/><U33/><E33/><V12/><F27/><W76/><G104/><T21/><REACH who="0" step="1"/><D13/><REACH who="0" ten="413,247,181,149" step="2"/><U63/><E133/><V110/><F14/><W117/><G117/><T93/><D93/><U65/><E128/><V135/><F135/><W32/><G32/><T77/><D77/><U28/><E129/><V30/><F30/><W19/><G76/><T38/><D38/><U94/><E28/><V123/><F123/><W100/><G39/><T69/><D69/><U87/><E94/><V1/><F68/><W45/><G102/><T59/><AGARI ba="0,1" hai="2,3,15,18,21,43,47,48,50,54,59,75,78,82" machi="59" ten="20,3900,0" yaku="1,1,0,1,7,1,53,0" doraHai="57" doraHaiUra="25" who="0" fromWho="0" sc="413,49,247,-13,181,-13,149,-13" /><INIT seed="4,1,0,4,1,132" ten="462,234,168,136" oya="0" hai0="122,99,116,128,5,130,129,19,9,96,38,3,59" hai1="125,4,17,49,51,82,111,6,27,108,95,50,40" hai2="87,57,11,55,60,97,29,46,58,114,80,106,113" hai3="30,110,71,92,62,35,20,84,121,26,66,126,101"/><T85/><D122/><U131/><E82/><V14/><F29/><W76/><G121/><T117/><D38/><U107/><E107/><V36/><F106/><W81/><G110/><T64/><D85/><U31/><E17/><V75/><F75/><W89/><G101/><T41/><D41/><U22/><E40/><V53/><F97/><N who="0" m="37450" /><D19/><U69/><E69/><V12/><F46/><W70/><G70/><T103/><D103/><U88/><E108/><V72/><F72/><W133/><G133/><T94/><D94/><U7/><E111/><V68/><F36/><W16/><G92/><T67/><D59/><U112/><E112/><V123/><F68/><W63/><G76/><T98/><N who="0" m="37458" /><T18/><DORA hai="24" /><D18/><U52/><E95/><V118/><F123/><W124/><REACH who="3" step="1"/><G63/><REACH who="3" ten="462,234,168,126" step="2"/><T104/><D104/><U127/><E131/><V34/><F60/><W134/><G134/><T42/><D117/><U100/><E100/><V109/><F118/><W77/><G77/><T39/><D116/><U105/><E105/><V120/><F109/><W79/><G79/><T13/><D128/><U73/><E73/><V1/><F120/><W37/><G37/><T21/><D129/><U44/><E88/><V10/><F80/><W45/><G45/><T135/><D135/><U2/><E2/><V119/><F119/><W25/><AGARI ba="1,1" hai="16,20,25,26,30,35,62,66,71,81,84,89,124,126" machi="25" ten="30,12000,2" yaku="1,1,0,1,52,3,54,1,53,1" doraHai="132,24" doraHaiUra="78,8" who="3" fromWho="3" sc="462,-61,234,-31,168,-31,126,133" /><INIT seed="5,0,0,4,0,102" ten="401,203,137,259" oya="1" hai0="86,66,113,129,8,122,20,60,100,21,84,14,68" hai1="106,3,46,32,49,74,133,16,105,112,47,43,62" hai2="12,89,13,9,132,50,65,99,130,41,80,48,103" hai3="10,108,40,93,109,33,17,114,38,36,1,83,125"/><U70/><E74/><V75/><F130/><W63/><G33/><T18/><D129/><U56/><E32/><V79/><F132/><W45/><G38/><T90/><D113/><U22/><E3/><V121/><F121/><W71/><G114/><T110/><D110/><U95/><E112/><V88/><F65/><W85/><G93/><T98/><D122/><U64/><E133/><V97/><F13/><W51/><G36/><T28/><D28/><U101/><E47/><V52/><F41/><W11/><G125/><T31/><D31/><U44/><E44/><V59/><F48/><W119/><G119/><T123/><D123/><U92/><E70/><V29/><F29/><W77/><G11/><T78/><D78/><U19/><E19/><V117/><F117/><W76/><G76/><T25/><D25/><U126/><E126/><V124/><F124/><W91/><G77/><T104/><REACH who="0" step="1"/><D86/><REACH who="0" ten="391,203,137,259" step="2"/><U127/><E127/><V35/><F35/><W27/><G27/><T107/><D107/><U4/><E105/><V134/><F134/><W120/><G120/><T118/><D118/><U53/><E106/><V73/><F73/><W87/><G87/><T81/><AGARI ba="0,1" hai="8,14,18,20,21,60,66,68,81,84,90,98,100,104" machi="81" ten="20,8000,1" yaku="1,1,0,1,7,1,52,1,53,1" doraHai="102" doraHaiUra="61" who="0" fromWho="0" sc="391,90,203,-40,137,-20,259,-20" /><INIT seed="6,0,0,3,1,31" ten="481,163,117,239" oya="2" hai0="19,97,8,21,115,128,77,16,37,109,95,3,103" hai1="71,93,117,127,64,22,54,78,90,123,70,80,72" hai2="88,133,131,121,68,82,30,51,65,9,43,25,55" hai3="74,52,101,18,49,4,119,62,134,87,33,89,124"/><V85/><F121/><W63/><G74/><T79/><D109/><U17/><E117/><V75/><F131/><W38/><G38/><T10/><D37/><U29/><E29/><V42/><F133/><W107/><G33/><T44/><D128/><U84/><E123/><V61/><F9/><W57/><G119/><T99/><D115/><U45/><E127/><V23/><REACH who="2" step="1"/><F75/><REACH who="2" ten="481,163,107,239" step="2"/><W56/><G134/><T122/><D122/><U130/><E130/><V11/><F11/><W53/><G124/><T32/><D10/><U1/><E1/><V28/><F28/><W83/><G4/><T26/><D8/><U67/><E70/><V108/><F108/><W6/><G6/><T105/><D3/><U104/><E71/><V20/><F20/><W94/><G18/><T129/><D19/><U132/><E132/><V59/><AGARI ba="0,1" hai="23,25,30,42,43,51,55,59,61,65,68,82,85,88" machi="59" ten="20,7800,0" yaku="1,1,0,1,7,1,54,1,53,0" doraHai="31" doraHaiUra="114" who="2" fromWho="2" sc="481,-26,163,-26,107,88,239,-26" /><INIT seed="6,1,0,4,0,27" ten="455,137,195,213" oya="2" hai0="104,39,37,100,1,48,23,13,52,65,123,76,12" hai1="105,32,95,70,127,81,133,111,50,106,11,30,26" hai2="54,45,91,110,77,20,71,118,93,43,129,72,86" hai3="8,34,55,42,68,134,89,44,60,66,92,103,124"/><V83/><F118/><W128/><G34/><T35/><D35/><U0/><E111/><V53/><F71/><W131/><G134/><T73/><D1/><U116/><E116/><V115/><F110/><W98/><G124/><T109/><D109/><U17/><E127/><V31/><F115/><W96/><G55/><T16/><D123/><U132/><E70/><V126/><F126/><W2/><G8/><T33/><D33/><U75/><E95/><V36/><REACH who="2" step="1"/><F129/><REACH who="2" ten="455,137,185,213" step="2"/><W117/><G117/><T41/><D37/><U74/><E132/><V46/><F46/><W9/><G131/><T47/><D39/><U38/><E38/><V122/><F122/><W101/><G128/><T82/><D47/><U10/><E133/><V61/><F61/><W80/><G44/><T24/><D48/><U18/><E50/><V102/><F102/><W59/><G68/><T94/><D100/><U88/><E74/><V7/><F7/><W87/><G103/><T119/><D73/><U78/><E0/><V64/><F64/><W49/><G101/><T29/><D65/><U28/><E75/><V21/><F21/><W51/><G51/><T67/><D23/><U5/><E32/><V85/><F85/><W107/><G49/><T97/><D67/><U121/><E5/><V113/><F113/><W14/><G2/><T84/><D84/><U112/><E112/><V79/><F79/><W56/><G66/><T69/><D76/><U135/><E78/><V120/><F120/><W130/><G60/><T25/><D69/><U4/><E135/><V58/><F58/><W90/><G56/><RYUUKYOKU ba="1,1" sc="455,-10,137,-10,185,30,213,-10" hai2="20,31,36,43,45,53,54,72,77,83,86,91,93" /><INIT seed="6,2,1,2,0,56" ten="445,127,215,203" oya="2" hai0="44,18,112,0,101,111,96,37,6,7,98,52,87" hai1="100,1,94,21,78,45,128,93,47,89,66,29,13" hai2="10,68,88,104,130,85,9,62,92,58,135,133,117" hai3="134,103,79,35,4,77,83,49,42,2,70,123,23"/><V97/><F68/><W20/><G35/><T33/><D111/><U81/><E1/><V72/><F72/><W59/><G70/><T64/><D33/><U54/><E128/><V22/><F22/><W36/><G123/><T110/><D110/><U69/><E100/><N who="2" m="62479" /><F117/><W131/><G103/><T74/><D74/><U28/><E93/><V80/><F80/><W12/><G131/><T46/><D112/><U129/><E129/><V95/><F95/><W86/><G79/><T113/><D113/><U30/><E54/><N who="2" m="34135" /><F130/><W60/><G36/><T25/><D64/><U51/><E66/><V115/><F115/><W82/><G82/><T34/><D37/><U57/><E69/><V14/><F14/><W114/><G2/><T27/><D0/><U125/><E125/><V3/><F3/><W31/><G114/><T91/><D34/><U61/><E51/><V126/><F126/><W43/><G49/><T121/><D121/><U40/><E40/><V118/><F118/><W84/><G43/><T16/><D25/><U32/><E32/><V63/><F63/><W8/><G42/><T65/><D27/><U15/><E61/><V39/><F39/><W106/><G106/><T90/><D101/><U132/><E21/><N who="3" m="8266" /><G31/><T99/><D98/><U124/><E124/><V73/><F73/><W119/><G119/><T102/><D96/><U75/><E57/><V17/><F17/><W109/><G59/><T5/><D18/><U107/><E107/><V55/><F55/><W108/><G108/><T127/><D52/><U24/><E30/><V105/><F105/><W122/><G109/><RYUUKYOKU ba="2,1" sc="445,-10,127,-10,215,30,203,-10" hai2="9,10,85,88,92,133,135" /><INIT seed="6,3,1,5,0,78" ten="435,117,245,193" oya="2" hai0="17,113,71,55,35,99,80,56,91,125,28,108,27" hai1="86,49,118,44,127,120,79,6,101,11,68,33,103" hai2="72,64,95,131,2,25,31,89,40,57,54,109,47" hai3="82,87,119,90,133,21,69,77,59,43,84,24,100"/><V70/><F2/><W130/><G119/><T65/><D108/><U14/><E68/><V114/><F72/><W38/><G69/><T23/><D125/><U98/><E118/><V62/><F114/><W74/><G100/><T3/><D3/><U135/><E33/><V32/><F131/><W76/><G130/><T94/><D113/><U88/><E120/><V112/><F112/><W81/><G133/><T121/><D121/><U111/><E111/><V116/><F116/><W37/><G43/><T110/><D110/><U58/><E127/><V83/><F109/><W63/><G74/><T124/><D124/><U5/><E135/><V106/><F106/><W123/><G90/><T104/><D104/><U39/><E39/><V22/><F83/><W45/><G45/><T53/><D71/><U105/><E101/><V36/><F32/><W20/><G123/><T61/><D80/><U66/><E79/><V117/><F117/><W60/><G59/><T48/><D48/><U29/><E29/><V75/><F75/><W122/><G122/><T13/><AGARI ba="3,1" hai="13,17,23,27,28,35,53,55,56,61,65,91,94,99" machi="13" ten="20,1500,0" yaku="0,1,7,1" doraHai="78" who="0" fromWho="0" sc="435,34,117,-7,245,-10,193,-7" /><INIT seed="7,0,0,4,1,110" ten="469,110,235,186" oya="3" hai0="43,104,27,114,125,91,47,81,58,53,32,119,107" hai1="99,45,13,80,128,105,101,134,93,98,122,87,38" hai2="22,102,60,44,92,23,108,94,61,18,69,73,64" hai3="106,103,130,76,82,40,75,28,54,56,120,49,39"/><W35/><G120/><T123/><D123/><U90/><E13/><V48/><F73/><W95/><G106/><T126/><D119/><U129/><E45/><V46/><F46/><W112/><G39/><N who="0" m="22015" /><D114/><U8/><E8/><V96/><F108/><W71/><G130/><T65/><D65/><U29/><E29/><V116/><F116/><W117/><G95/><T11/><D11/><U111/><E38/><V3/><F3/><W62/><G62/><N who="0" m="36175" /><D32/><U113/><E111/><V21/><F61/><W31/><G75/><T132/><D27/><U12/><E12/><V85/><F85/><W20/><G20/><T84/><D132/><U16/><E16/><V15/><F94/><W30/><G35/><T9/><D9/><U72/><E122/><V4/><F4/><W25/><G25/><T63/><D63/><U14/><E14/><V34/><F34/><W124/><G124/><AGARI ba="0,0" hai="81,84,91,104,107,124,125,126" m="36175,22015" machi="124" ten="30,1000,0" yaku="18,1" doraHai="110" who="0" fromWho="3" sc="469,10,110,0,235,0,186,-10" owari="479,57.0,110,-39.0,235,4.0,176,-22.0" /></mjloggm>