<mjloggm ver="2.3"><GO type="169" lobby="0"/><UN n0="%53%61%62%75%52%75%6E" n1="%E9%9B%80%E5%A3%AB%E3%81%AC%E3%82%8B%E3%82%8A%E3%82%93" n2="%68%61%73%65%33%32%38" n3="%E5%B0%B1%E6%B4%BB%E7%94%9F%40%E5%B7%9D%E6%9D%91%E8%BB%8D%E5%9B%A3" dan="16,16,16,16" rate="2088.93,2109.06,2077.80,2147.97" sx="M,M,M,M"/><TAIKYOKU oya="0"/><INIT seed="0,0,0,0,1,102" ten="250,250,250,250" oya="0" hai0="118,55,63,110,37,69,5,50,49,120,16,27,35" hai1="62,14,1,65,79,100,112,34,51,42,28,72,107" hai2="129,58,131,92,40,39,104,126,77,81,70,93,66" hai3="74,48,105,78,10,45,88,109,98,68,128,47,52"/><T95/><D118/><U101/><E1/><V43/><F126/><W130/><G68/><T24/><D120/><U30/><E14/><V121/><F121/><W86/><G109/><T36/><D110/><U94/><E94/><V125/><F125/><W89/><G10/><T17/><D5/><U99/><E100/><V97/><F70/><W38/><G38/><T123/><D123/><U67/><E65/><V115/><F115/><W80/><G47/><T75/><D75/><U113/><E51/><V0/><F0/><W54/><G54/><T56/><D95/><U32/><E30/><V73/><F66/><W96/><G89/><T21/><D35/><U132/><E42/><N who="2" m="15915" /><F58/><W82/><REACH who="3" step="1"/><G105/><REACH who="3" ten="250,250,250,240" step="2"/><T83/><D69/><U134/><E112/><V108/><F108/><W87/><G87/><T15/><D37/><U76/><E113/><V59/><F39/><W13/><G13/><T12/><D36/><U116/><E107/><V31/><F104/><W9/><G9/><N who="0" m="6159" /><D15/><U114/><E114/><V111/><F111/><W71/><G71/><T53/><D53/><U60/><E67/><V3/><F3/><W2/><G2/><T19/><D50/><U84/><E84/><V135/><F73/><W4/><G4/><T11/><D49/><U25/><E72/><V41/><F41/><W26/><G26/><T6/><D6/><U18/><E25/><V85/><F85/><W122/><G122/><T46/><D46/><U22/><E116/><V23/><F59/><W103/><G103/><T90/><D11/><U44/><E44/><V124/><F124/><W106/><G106/><RYUUKYOKU ba="0,1" sc="250,-10,250,-10,250,-10,240,30" hai3="45,48,52,74,78,80,82,86,88,96,98,128,130" /><INIT seed="1,1,1,0,2,111" ten="240,240,240,270" oya="1" hai0="114,86,56,107,13,50,70,110,131,18,95,6,77" hai1="44,103,16,119,132,1,76,108,125,82,17,52,87" hai2="80,126,45,68,30,19,38,36,4,78,84,105,51" hai3="67,26,89,98,92,71,118,66,130,72,34,27,14"/><U106/><E119/><V20/><F126/><W79/><G130/><T129/><D107/><U32/><E1/><V85/><F105/><W83/><G118/><T96/><D70/><U69/><E32/><V49/><F68/><W8/><G34/><T39/><D39/><U116/><E69/><V104/><F104/><W10/><G10/><T65/><D110/><U61/><E116/><V47/><F4/><W33/><G33/><T55/><D65/><U128/><E108/><V48/><F38/><W43/><G43/><T15/><D114/><U25/><E128/><V133/><F133/><W59/><G71/><T94/><D129/><U100/><E132/><V74/><F30/><W120/><G120/><T97/><D77/><U9/><E106/><V123/><F123/><W21/><G59/><T12/><D86/><U115/><E115/><V134/><F134/><W124/><G124/><T54/><D6/><U64/><E64/><V63/><F63/><W31/><REACH who="3" step="1"/><G26/><REACH who="3" ten="240,240,240,260" step="2"/><T35/><D35/><U99/><E125/><V62/><F47/><W117/><G117/><T121/><D121/><U22/><E44/><V81/><F45/><W28/><G28/><T41/><D41/><U135/><E135/><V122/><F122/><W127/><G127/><T23/><D131/><U40/><E40/><V60/><F20/><W90/><G90/><N who="0" m="55383" /><D55/><U2/><E2/><V58/><F58/><W3/><G3/><T112/><D112/><U102/><E52/><V75/><F36/><W24/><G24/><T53/><D54/><U29/><E22/><V57/><F57/><W101/><G101/><AGARI ba="1,2" hai="12,13,15,18,23,50,53,56,95,97,101" m="55383" machi="101" ten="30,2000,0" yaku="6,1,8,1" doraHai="111" who="0" fromWho="3" sc="240,43,240,0,240,0,260,-23" /><INIT seed="2,0,0,2,5,21" ten="283,240,240,237" oya="2" hai0="12,71,36,122,66,1,24,79,35,7,103,11,111" hai1="39,68,120,128,132,2,54,117,18,56,61,80,8" hai2="49,92,89,26,115,94,109,75,81,102,73,82,23" hai3="27,101,25,96,95,46,121,57,97,124,4,113,118"/><V0/><F115/><W62/><G121/><T64/><D122/><U51/><E117/><V63/><F109/><W93/><G118/><T86/><D36/><U32/><E120/><V53/><F0/><W5/><G46/><T40/><D40/><U42/><E32/><V98/><F75/><W17/><G124/><T76/><D111/><U84/><E132/><V107/><F107/><W20/><G113/><T14/><D103/><U87/><E128/><V9/><F9/><W104/><G104/><T90/><BYE who="3" /><D14/><N who="1" m="7495" /><E2/><V78/><F63/><W37/><G37/><T114/><D114/><U74/><E80/><V65/><F65/><W13/><G13/><T15/><D15/><U72/><E72/><V29/><F78/><W125/><G125/><T22/><D66/><N who="1" m="41039" /><E74/><UN n3="%E5%B0%B1%E6%B4%BB%E7%94%9F%40%E5%B7%9D%E6%9D%91%E8%BB%8D%E5%9B%A3" /><V43/><F43/><W55/><REACH who="3" step="1"/><G25/><REACH who="3" ten="283,240,240,227" step="2"/><T30/><D12/><U134/><E134/><V130/><F130/><W112/><G112/><T60/><REACH who="0" step="1"/><D35/><REACH who="0" ten="273,240,240,227" step="2"/><U58/><E39/><V41/><F41/><W129/><G129/><T10/><D10/><U108/><E42/><V91/><F26/><W105/><G105/><T45/><D45/><U33/><E33/><V99/><F73/><W16/><G16/><T48/><D48/><U19/><E108/><V135/><F135/><W77/><G77/><T59/><D59/><N who="1" m="33247" /><E19/><V110/><F110/><W69/><G69/><T31/><D31/><U85/><E56/><V38/><F38/><W83/><G83/><AGARI ba="0,2" hai="1,7,11,22,24,30,60,64,71,76,79,83,86,90" machi="83" ten="30,3900,0" yaku="1,1,7,1,52,1,53,0" doraHai="21" doraHaiUra="106" who="0" fromWho="3" sc="273,59,240,0,240,0,227,-39" /><INIT seed="3,0,0,0,2,110" ten="332,240,240,188" oya="3" hai0="123,117,84,88,41,66,6,74,39,37,124,23,18" hai1="38,81,127,93,116,114,29,15,122,13,45,101,71" hai2="12,132,70,42,79,30,118,4,129,56,130,82,26" hai3="103,108,113,73,102,21,95,28,62,51,111,35,49"/><W10/><G73/><T91/><D117/><U14/><E122/><V19/><F118/><W109/><G35/><T87/><D74/><U120/><E120/><V90/><F132/><W78/><G78/><T76/><D123/><U11/><E71/><V25/><F70/><W94/><G10/><T60/><D76/><U83/><E116/><V126/><F126/><W52/><G62/><T125/><D41/><U86/><E29/><V36/><F4/><W121/><G121/><T100/><D100/><U69/><E69/><V20/><F90/><W24/><G113/><T104/><D104/><U31/><E31/><V53/><F42/><W107/><G51/><T27/><D6/><U5/><E127/><V134/><F134/><W63/><G63/><T0/><D0/><U67/><E114/><V92/><F92/><N who="3" m="35371" /><G107/><T8/><D8/><U32/><E32/><V33/><F36/><W98/><G98/><T77/><D77/><U1/><E38/><V135/><F26/><W105/><G105/><T85/><D124/><U65/><E101/><V17/><F17/><W89/><G89/><N who="0" m="34379" /><D125/><U47/><E93/><V46/><F46/><AGARI ba="0,0" hai="21,24,28,46,49,52,102,103,108,109,111" m="35371" machi="46" ten="30,5800,0" yaku="14,1,10,1,54,1" doraHai="110" who="3" fromWho="2" sc="332,0,240,0,240,-58,188,58" /><INIT seed="3,1,0,5,4,24" ten="332,240,182,246" oya="3" hai0="77,91,25,45,41,73,2,89,84,70,62,85,44" hai1="61,6,135,46,75,31,132,14,38,116,125,43,10" hai2="26,113,32,109,94,12,123,103,35,37,98,28,118" hai3="105,18,126,66,36,67,79,49,104,59,83,99,120"/><W53/><G36/><T29/><D2/><U0/><E125/><V55/><F118/><W34/><G120/><T30/><D73/><U13/><E116/><V22/><F113/><W50/><G126/><T16/><D77/><U56/><E75/><V131/><F123/><W119/><G119/><T51/><D70/><U95/><E95/><V130/><F109/><W60/><G34/><T134/><D62/><U63/><E63/><V86/><F37/><W114/><G114/><T112/><D112/><U82/><E82/><V92/><F12/><W111/><G111/><T23/><D134/><N who="1" m="51243" /><E31/><N who="0" m="11785" /><D45/><U124/><E124/><V127/><F127/><W121/><G121/><T115/><D115/><U129/><E129/><N who="2" m="49163" /><F55/><AGARI ba="1,0" hai="0,6,10,13,14,38,43,46,55,56,61" m="51243" machi="55" ten="30,1000,0" yaku="20,1" doraHai="24" who="1" fromWho="2" sc="332,0,240,13,182,-13,246,0" /><INIT seed="4,0,0,3,5,50" ten="332,253,169,246" oya="0" hai0="115,28,45,39,27,113,24,8,65,135,85,16,127" hai1="43,102,68,79,105,128,126,89,17,118,110,30,36" hai2="132,122,106,119,70,33,123,90,116,47,92,98,117" hai3="44,108,101,46,76,15,4,42,57,10,82,23,53"/><T1/><D135/><U67/><E79/><V66/><F33/><W11/><G108/><T80/><D127/><U129/><E89/><V97/><F47/><W75/><G101/><T93/><D65/><U25/><E17/><V12/><F12/><W32/><G32/><T109/><D109/><U91/><E91/><V121/><F66/><W96/><G96/><T95/><D1/><U41/><E118/><V120/><F70/><W13/><G23/><N who="0" m="13415" /><D39/><U20/><E126/><V61/><N who="2" m="30720" /><DORA hai="19" /><V2/><F61/><W87/><G75/><T7/><D45/><U69/><E36/><V81/><F2/><W88/><G76/><N who="0" m="46215" /><D7/><U73/><E73/><V77/><F132/><W86/><G86/><T55/><D55/><U56/><E69/><V0/><F0/><W35/><G35/><N who="0" m="20895" /><D8/><U133/><E68/><V63/><F63/><N who="3" m="36271" /><G42/><N who="1" m="15882" /><E133/><V22/><F22/><W62/><G62/><T64/><D64/><U71/><E71/><V114/><F106/><W52/><G52/><T26/><D26/><U59/><E110/><V3/><F3/><W31/><G31/><T37/><D37/><U6/><E67/><V107/><F107/><W54/><G54/><T21/><D21/><U74/><E105/><V134/><F134/><W111/><G111/><T124/><D124/><U5/><E20/><V72/><F98/><W51/><G51/><T131/><D131/><U18/><E128/><V48/><F48/><W125/><G125/><T40/><D40/><U104/><E129/><V38/><F38/><W14/><G4/><T130/><D130/><U103/><E104/><V94/><F94/><AGARI ba="0,0" hai="93,94,95,113,115" m="20895,46215,13415" machi="94" ten="30,5800,0" yaku="6,1,52,1,54,1" doraHai="50,19" who="0" fromWho="2" sc="332,58,253,0,169,-58,246,0" /><INIT seed="4,1,0,5,1,84" ten="390,253,111,246" oya="0" hai0="91,64,60,55,59,42,32,49,83,44,69,103,1" hai1="107,46,7,16,30,80,109,39,73,41,111,71,98" hai2="86,14,95,74,4,23,63,94,79,85,130,97,102" hai3="76,45,56,129,33,5,67,15,36,134,54,117,58"/><T18/><D1/><U78/><E71/><V133/><F133/><W89/><G33/><T96/><D32/><U106/><E30/><V68/><F130/><W110/><G110/><T122/><D122/><U28/><E28/><V0/><F74/><W120/><G117/><T118/><D118/><U112/><E112/><V24/><F0/><W66/><G76/><T65/><D18/><U3/><E16/><V25/><F68/><W124/><G124/><T126/><D126/><U57/><E57/><V8/><F63/><W29/><G29/><T100/><D65/><U92/><E109/><V90/><REACH who="2" step="1"/><F23/><REACH who="2" ten="390,253,101,246" step="2"/><W43/><G134/><T81/><D69/><U34/><E34/><V116/><F116/><W51/><G129/><T99/><D60/><U93/><E111/><V21/><F21/><W62/><G120/><T37/><D64/><U47/><E47/><V22/><F22/><W115/><G115/><T121/><D121/><U20/><E20/><V114/><F114/><W128/><G128/><T75/><D75/><U52/><E3/><V2/><F2/><W131/><G131/><T123/><D123/><U48/><E73/><V135/><F135/><W105/><G67/><T27/><D44/><U31/><E46/><V127/><F127/><W26/><G66/><T9/><D59/><U125/><E125/><V13/><F13/><W88/><G58/><T38/><D27/><U12/><E12/><V17/><F17/><W101/><G26/><T6/><D6/><U61/><E7/><V132/><F132/><W40/><G56/><T35/><D35/><U10/><E61/><RYUUKYOKU ba="1,1" sc="390,-10,253,-10,101,30,246,-10" hai2="4,8,14,24,25,79,85,86,90,94,95,97,102" /><INIT seed="5,2,1,0,5,27" ten="380,243,131,236" oya="1" hai0="39,91,70,34,32,38,119,108,23,115,15,55,54" hai1="42,81,98,65,130,97,124,8,29,107,88,113,68" hai2="99,120,80,21,77,109,30,18,114,48,28,52,73" hai3="4,12,110,14,84,82,11,101,74,132,9,63,128"/><U69/><E113/><V51/><F109/><W3/><G110/><T118/><D23/><U76/><E42/><V112/><F120/><W96/><G74/><T95/><D15/><U78/><E8/><V116/><F116/><W57/><G128/><T33/><D95/><U16/><E130/><V87/><F73/><W133/><G96/><T86/><D86/><U122/><E122/><V93/><F114/><W64/><G101/><T36/><D91/><U58/><E58/><N who="2" m="33031" /><F51/><W47/><G47/><T66/><D108/><U104/><E65/><V1/><F1/><W111/><G111/><T7/><D115/><U40/><E40/><V117/><F117/><W123/><G123/><T90/><D34/><U67/><E67/><V71/><F71/><W25/><G25/><T41/><D66/><U2/><E124/><V72/><F72/><W106/><G106/><T35/><D41/><U83/><E81/><V125/><F125/><W89/><REACH who="3" step="1"/><G3/><REACH who="3" ten="380,243,131,226" step="2"/><T17/><D118/><U127/><E2/><V45/><F45/><W31/><G31/><T85/><D119/><U105/><E127/><V129/><F129/><W26/><G26/><T20/><D39/><U13/><E97/><V37/><F37/><W75/><G75/><T50/><D38/><U19/><E98/><V49/><F112/><W121/><G121/><T46/><D36/><U79/><E104/><V92/><F99/><W59/><G59/><T135/><D46/><U5/><E107/><V43/><F43/><W53/><G53/><T100/><D55/><U134/><E105/><V44/><F44/><W62/><G62/><RYUUKYOKU ba="2,2" sc="380,-10,243,-10,131,-10,226,30" hai3="4,9,11,12,14,57,63,64,82,84,89,132,133" /><INIT seed="6,3,2,1,3,41" ten="370,233,121,256" oya="2" hai0="81,91,30,21,88,102,33,42,119,78,126,46,35" hai1="11,93,32,72,96,43,36,108,57,45,0,22,106" hai2="12,47,37,110,77,83,117,90,124,89,49,112,34" hai3="87,131,50,82,64,105,71,115,123,94,39,86,135"/><V100/><F117/><W76/><G105/><T23/><D126/><U29/><E108/><V68/><F124/><W59/><G39/><T62/><D102/><U129/><E129/><V132/><F34/><W6/><G123/><T70/><D119/><U101/><E57/><V18/><F68/><W1/><G131/><T5/><D5/><N who="1" m="1447" /><E22/><V8/><F110/><W98/><G115/><T133/><D133/><U55/><E55/><V51/><F112/><W122/><G135/><T27/><D21/><U84/><E84/><N who="2" m="48239" /><F132/><W9/><G122/><T52/><D70/><U3/><E93/><V125/><F125/><W26/><G26/><T75/><D35/><U113/><E113/><V60/><F37/><W69/><G87/><T109/><D33/><U24/><E72/><V61/><F100/><W48/><G48/><N who="2" m="18505" /><F47/><W66/><G71/><T56/><D109/><U118/><E118/><V73/><F73/><W95/><G69/><T4/><D4/><U74/><E74/><V58/><F61/><W65/><G98/><T7/><D7/><U19/><E3/><V14/><F14/><W107/><G107/><T31/><D31/><U120/><E19/><V99/><F99/><W17/><G17/><T16/><D30/><U54/><E120/><V121/><F121/><W13/><G1/><T127/><D127/><U67/><E106/><V79/><F79/><W63/><G50/><AGARI ba="3,2" hai="16,23,27,42,46,50,52,56,62,75,78,81,88,91" machi="50" ten="30,8000,1" yaku="7,1,52,1,54,3" doraHai="41" who="0" fromWho="3" sc="370,109,233,0,121,0,256,-89" /><INIT seed="7,0,0,5,1,128" ten="479,233,121,167" oya="3" hai0="106,41,37,53,130,57,3,44,32,133,64,17,112" hai1="127,59,105,45,35,68,87,47,10,60,25,18,48" hai2="93,108,100,121,119,30,91,101,79,33,69,111,1" hai3="54,83,61,46,22,56,122,74,116,7,88,123,2"/><W115/><G116/><T97/><D3/><U113/><E105/><V85/><F69/><W78/><G115/><T55/><D32/><U16/><E68/><V50/><F1/><W28/><G28/><T70/><D17/><U95/><E113/><V110/><F30/><W39/><G22/><T29/><D97/><U71/><E71/><V86/><F33/><W84/><G7/><T129/><D106/><U114/><E35/><V126/><F50/><W23/><G23/><T21/><D55/><U5/><E25/><V11/><F11/><W34/><G34/><T52/><D53/><U24/><E24/><V103/><F119/><W96/><G96/><T15/><D112/><U75/><E47/><V27/><F27/><W107/><G107/><T120/><D120/><U42/><E75/><V109/><N who="2" m="27648" /><DORA hai="20" /><V81/><F126/><W77/><G77/><T38/><D44/><U82/><E127/><V104/><F104/><W66/><G2/><T6/><D6/><U132/><E114/><V36/><F36/><W62/><G39/><T135/><D37/><U98/><E5/><V14/><F14/><W26/><G26/><T0/><D0/><U40/><E10/><V65/><F65/><W102/><G102/><T67/><D67/><U31/><E31/><V63/><F63/><W19/><G19/><T8/><D29/><U125/><E18/><V118/><F118/><W73/><G62/><T72/><D21/><U13/><E16/><V51/><F51/><W9/><G66/><T94/><D64/><U12/><E60/><V43/><F43/><W76/><G61/><RYUUKYOKU ba="0,0" sc="479,-10,233,-10,121,30,167,-10" hai2="79,81,85,86,91,93,100,101,103,121" owari="469,57.0,223,2.0,151,-35.0,157,-24.0" /></mjloggm>