<mjloggm ver="2.3"><GO type="169" lobby="0"/><UN n0="%28%E3%81%A3%27%E3%83%AE%27%63%29" n1="%E5%B0%8F%E6%89%8B%E8%BF%94%E6%92%B2%E6%BB%85%E4%BC%9A%E9%95%B7" n2="%E3%83%92%E3%81%A8%E3%82%B7" n3="%E3%82%A6%E3%83%AB%E3%83%88%E3%83%A9%E7%AB%8B%E7%9B%B4" dan="16,16,17,17" rate="2141.94,2079.05,2163.87,2142.77" sx="F,M,M,M"/><TAIKYOKU oya="0"/><INIT seed="0,0,0,3,1,54" ten="250,250,250,250" oya="0" hai0="43,16,67,51,112,11,39,29,107,22,83,73,104" hai1="63,106,134,72,28,81,121,87,84,96,70,8,5" hai2="30,114,59,89,44,52,32,108,1,66,2,35,46" hai3="126,45,78,64,47,0,17,74,9,130,21,12,127"/><T75/><D112/><U103/><E134/><V20/><F114/><W48/><G64/><T133/><D39/><U86/><E121/><V99/><F35/><W31/><G130/><T76/><D133/><U7/><E28/><V101/><F32/><W122/><G122/><T33/><D73/><U62/><E70/><V25/><F108/><W113/><G113/><T120/><D120/><U3/><REACH who="1" step="1"/><E7/><REACH who="1" ten="250,240,250,250" step="2"/><V135/><F135/><W90/><G31/><T58/><D29/><U100/><E100/><V69/><F69/><W40/><G126/><T4/><D33/><U111/><E111/><V132/><F132/><W55/><G127/><T68/><D68/><U105/><E105/><V42/><F89/><W57/><G90/><T85/><D107/><U77/><AGARI ba="0,1" hai="3,5,8,62,63,72,77,81,84,86,87,96,103,106" machi="77" ten="30,2000,0" yaku="1,1,0,1,53,0" doraHai="54" doraHaiUra="60" who="1" fromWho="1" sc="250,-10,240,30,250,-5,250,-5" /><INIT seed="1,0,0,0,4,63" ten="240,270,245,245" oya="1" hai0="109,92,31,124,125,61,4,50,87,75,70,80,27" hai1="121,26,120,46,1,35,105,127,112,0,103,6,79" hai2="132,64,21,81,53,93,113,82,91,117,15,25,60" hai3="110,122,86,88,130,72,59,118,68,115,77,102,76"/><U14/><E112/><V95/><F117/><W37/><G68/><T116/><D116/><U66/><E14/><V17/><F132/><W10/><G37/><T39/><D39/><U41/><E79/><V57/><F113/><W44/><G115/><T9/><D109/><U131/><E127/><V8/><F53/><W100/><G118/><T38/><D38/><N who="1" m="21815" /><E131/><V5/><REACH who="2" step="1"/><F95/><REACH who="2" ten="240,270,235,245" step="2"/><W83/><G130/><T13/><D92/><U101/><E105/><V104/><F104/><W71/><G110/><T32/><D124/><U135/><E135/><V98/><AGARI ba="0,1" hai="5,8,15,17,21,25,57,60,64,81,82,91,93,98" machi="98" ten="20,12000,2" yaku="1,1,0,1,7,1,8,1,52,1,53,1" doraHai="63" doraHaiUra="85" who="2" fromWho="2" sc="240,-30,270,-60,235,130,245,-30" /><INIT seed="2,0,0,4,4,82" ten="210,210,365,215" oya="2" hai0="122,3,2,31,28,9,71,11,34,69,104,1,123" hai1="83,131,85,58,55,40,98,87,17,57,107,29,18" hai2="88,95,48,24,56,72,0,101,91,76,66,106,129" hai3="89,134,121,15,30,67,79,86,92,8,114,81,93"/><V13/><F0/><W7/><G121/><T59/><D59/><N who="1" m="22539" /><E107/><V75/><F129/><W63/><G134/><T112/><D104/><U110/><E110/><V132/><F132/><W109/><G109/><T16/><D112/><U102/><E131/><V64/><F106/><W126/><G126/><T120/><D34/><U43/><E83/><V128/><F128/><W96/><G114/><T130/><D130/><U111/><E111/><V90/><F13/><W6/><G30/><N who="0" m="11307" /><D69/><U74/><E74/><V14/><F24/><W23/><G23/><T60/><D60/><U54/><E98/><N who="2" m="59615" /><F76/><W116/><G116/><T47/><D47/><U20/><E102/><V105/><F105/><W38/><G38/><T77/><D71/><U115/><E29/><V25/><F25/><W80/><G63/><T50/><D50/><U100/><E100/><V127/><F75/><W42/><G67/><T36/><D77/><U41/><E115/><V135/><F72/><W52/><G79/><T46/><D46/><U61/><E61/><V39/><F39/><W22/><G96/><T19/><D36/><U108/><E108/><V119/><F119/><W99/><G99/><T94/><D94/><U125/><E125/><V33/><F33/><W73/><G93/><T4/><D4/><U53/><E20/><V32/><F32/><W113/><G22/><T84/><D84/><AGARI ba="0,0" hai="17,18,40,41,43,53,54,55,84,85,87" m="22539" machi="84" ten="40,12000,2" yaku="28,2,8,1,52,3" doraHai="82" who="1" fromWho="0" sc="210,-120,210,120,365,0,215,0" /><INIT seed="3,0,0,0,0,70" ten="90,330,365,215" oya="3" hai0="112,101,102,5,91,25,30,52,8,36,80,59,98" hai1="89,49,6,62,86,55,115,63,66,135,78,75,127" hai2="90,81,105,26,122,2,34,134,29,92,116,128,113" hai3="88,0,21,10,117,1,69,93,119,77,12,97,76"/><W111/><G69/><T16/><D112/><U27/><E115/><V58/><F116/><W82/><G111/><T84/><D36/><U53/><E78/><V99/><F113/><W129/><G129/><T114/><D114/><U23/><E75/><V110/><F134/><W20/><G117/><T100/><D98/><U57/><E127/><V107/><F110/><W4/><G119/><T32/><D16/><U14/><E135/><V18/><F2/><W19/><G21/><T31/><D31/><U22/><E62/><V64/><F128/><W35/><G35/><T13/><REACH who="0" step="1"/><D102/><REACH who="0" ten="80,330,365,215" step="2"/><U96/><E96/><N who="2" m="57367" /><F18/><W87/><REACH who="3" step="1"/><G76/><REACH who="3" ten="80,330,365,205" step="2"/><T118/><D118/><U15/><E23/><V106/><F34/><W44/><G44/><T43/><D43/><U24/><E22/><V85/><F122/><W73/><G73/><T50/><AGARI ba="0,2" hai="5,8,13,25,30,32,50,52,59,80,84,91,100,101" machi="50" ten="20,5200,0" yaku="1,1,0,1,7,1,54,1,53,0" doraHai="70" doraHaiUra="74" who="0" fromWho="0" sc="80,72,330,-13,365,-13,205,-26" /><INIT seed="4,0,0,5,4,65" ten="152,317,352,179" oya="0" hai0="118,58,110,100,41,129,86,116,87,51,46,18,5" hai1="9,120,117,23,72,8,92,53,25,71,85,56,66" hai2="31,48,52,114,63,124,38,37,80,104,133,108,134" hai3="81,74,26,123,50,12,78,67,107,88,22,121,21"/><T126/><D126/><U79/><E117/><V11/><F104/><W3/><G3/><T28/><D129/><U57/><E72/><V1/><F108/><W106/><G67/><T69/><D110/><U36/><E36/><V7/><F114/><W75/><G75/><T34/><D69/><U93/><E71/><V4/><F4/><W84/><G50/><T89/><D5/><U94/><E66/><V68/><F124/><W43/><G43/><T105/><D86/><U49/><E57/><V45/><F63/><W47/><G47/><T14/><D34/><U10/><E120/><N who="3" m="46154" /><G12/><T54/><D28/><N who="1" m="17471" /><E79/><V27/><F68/><W19/><G22/><T90/><D100/><U59/><E59/><V102/><F102/><W77/><G77/><T16/><D105/><U128/><E128/><V2/><F2/><W83/><AGARI ba="0,0" hai="19,21,26,74,78,81,83,84,88,106,107" m="46154" machi="83" ten="30,2000,0" yaku="13,1,54,1" doraHai="65" who="3" fromWho="3" sc="152,-10,317,-5,352,-5,179,20" /><INIT seed="5,0,0,5,4,66" ten="142,312,347,199" oya="1" hai0="109,88,120,134,53,1,80,54,128,45,48,56,96" hai1="47,123,36,122,95,92,72,28,0,60,21,38,17" hai2="106,97,20,58,130,71,74,83,62,24,15,27,86" hai3="5,110,18,65,29,16,68,102,84,94,10,40,50"/><U26/><E72/><V70/><F74/><W100/><G110/><T103/><D109/><U111/><E111/><V75/><F75/><W39/><G39/><T14/><D1/><U22/><E0/><V133/><F15/><W34/><G34/><T119/><D119/><U55/><E38/><V35/><F35/><W43/><G29/><T117/><D117/><U46/><E36/><V99/><F27/><W3/><G50/><T124/><D124/><U82/><E123/><V114/><F133/><W13/><G18/><T59/><D134/><U31/><E82/><V32/><F32/><W52/><G52/><T33/><D33/><U104/><E104/><V89/><F130/><W67/><G67/><T125/><D125/><U131/><E131/><V19/><F114/><W118/><G118/><T25/><D25/><N who="1" m="14511" /><E31/><V98/><REACH who="2" step="1"/><F106/><REACH who="2" ten="142,312,337,199" step="2"/><W116/><G116/><T9/><D128/><U127/><E127/><V79/><F79/><W115/><G115/><T107/><D120/><U57/><E122/><V108/><F108/><W30/><G30/><T64/><D14/><U121/><E121/><V4/><F4/><W49/><G5/><T132/><D132/><U135/><E135/><V87/><F87/><W90/><G3/><T11/><D107/><U129/><E129/><V63/><F63/><W41/><REACH who="3" step="1"/><G49/><REACH who="3" ten="142,312,337,189" step="2"/><T12/><D48/><U2/><E2/><V101/><F101/><W23/><G23/><T126/><D126/><U113/><E113/><V81/><F81/><W7/><G7/><T8/><D80/><U91/><E95/><V6/><F6/><W69/><G69/><RYUUKYOKU ba="0,2" sc="142,-30,312,10,337,10,189,10" hai1="22,26,28,46,47,55,57,60,91,92" hai2="19,20,24,58,62,70,71,83,86,89,97,98,99" hai3="10,13,16,40,41,43,65,68,84,90,94,100,102" /><INIT seed="5,1,2,4,3,112" ten="112,322,347,199" oya="1" hai0="99,19,55,96,66,17,20,121,73,128,16,105,39" hai1="32,122,119,104,100,103,123,117,36,63,57,6,47" hai2="70,127,31,81,132,11,58,25,108,76,67,24,49" hai3="101,40,106,124,50,113,29,62,42,61,59,109,107"/><U14/><E32/><V21/><F108/><W84/><G109/><T10/><D128/><U33/><E33/><V60/><F132/><W27/><G124/><T0/><D121/><U98/><E103/><V133/><F127/><W13/><G113/><T69/><D73/><U92/><E104/><V51/><F133/><W15/><G101/><T79/><D79/><U48/><E36/><V22/><F11/><W114/><G114/><T41/><D105/><U9/><E123/><V18/><REACH who="2" step="1"/><F70/><REACH who="2" ten="112,322,337,199" step="2"/><W54/><G107/><T95/><D10/><U26/><E122/><V77/><F77/><W12/><G106/><T65/><D69/><U8/><E8/><V94/><F94/><W125/><G125/><T89/><D0/><U30/><E30/><V129/><F129/><W131/><G131/><T80/><D80/><U44/><E26/><V85/><AGARI ba="1,3" hai="18,21,22,24,25,31,49,51,58,60,67,76,81,85" machi="85" ten="20,5200,0" yaku="1,1,0,1,7,1,8,1,53,0" doraHai="112" doraHaiUra="28" who="2" fromWho="2" sc="112,-14,322,-27,337,85,199,-14" /><INIT seed="6,0,0,5,4,69" ten="98,295,422,185" oya="2" hai0="101,28,21,99,55,8,93,64,16,106,18,91,125" hai1="58,31,12,112,88,51,34,33,83,39,35,119,80" hai2="26,113,41,130,49,126,60,131,105,15,46,36,27" hai3="44,68,14,62,47,124,76,59,11,65,110,1,20"/><V121/><F121/><W128/><G110/><T85/><D125/><U122/><E119/><V82/><F105/><W118/><G118/><T19/><D64/><U0/><E0/><V22/><F126/><W50/><G124/><T10/><REACH who="0" step="1"/><D55/><REACH who="0" ten="88,295,422,185" step="2"/><U5/><E122/><V9/><F131/><W132/><G128/><T52/><D52/><U129/><E129/><V116/><F130/><W29/><G65/><T38/><D38/><U86/><E39/><V43/><F36/><W79/><G68/><T77/><D77/><U17/><E112/><V78/><F113/><W3/><G79/><T90/><D90/><U45/><E58/><V95/><F78/><W108/><G59/><T37/><D37/><U67/><E67/><V103/><F43/><W71/><G71/><T48/><D48/><U134/><E51/><V92/><F116/><W66/><G50/><T7/><D7/><U4/><E88/><V104/><F49/><W57/><G76/><T107/><D107/><U74/><E4/><V89/><F104/><W40/><G40/><T70/><D70/><U23/><E5/><V63/><F41/><W54/><G54/><T127/><D127/><U111/><E74/><V2/><F60/><W114/><G62/><T133/><D133/><U100/><E100/><V123/><F63/><W72/><G66/><T94/><D94/><U61/><E61/><V75/><F89/><W102/><G102/><T117/><D117/><U81/><E134/><V109/><F103/><W30/><G132/><T32/><D32/><U98/><E34/><V13/><F75/><W84/><G72/><RYUUKYOKU ba="0,1" sc="88,30,295,-10,422,-10,185,-10" hai0="8,10,16,18,19,21,28,85,91,93,99,101,106" /><INIT seed="7,1,1,4,3,83" ten="118,285,412,175" oya="3" hai0="125,75,11,127,128,63,79,121,19,31,13,70,46" hai1="24,17,18,104,119,20,91,84,12,6,58,107,117" hai2="114,116,95,15,41,96,100,27,82,29,37,21,103" hai3="23,36,88,115,62,47,90,67,118,73,94,33,59"/><W135/><G33/><T30/><D75/><U39/><E39/><V51/><F114/><W0/><G0/><T106/><D106/><U86/><E6/><V76/><F37/><W110/><G118/><N who="1" m="45066" /><E58/><V64/><F64/><W120/><G120/><T26/><D79/><U122/><E122/><V98/><F15/><W34/><G34/><T65/><D121/><U126/><E126/><V130/><F130/><W78/><G115/><T40/><D128/><U25/><E25/><V72/><F116/><W2/><G2/><T5/><D5/><U38/><E38/><V134/><F134/><W113/><G135/><T14/><D14/><U68/><E68/><V132/><F132/><W77/><G113/><T87/><D87/><N who="1" m="33323" /><E91/><V22/><F27/><W56/><G90/><T81/><D81/><U32/><E32/><V112/><F82/><W42/><G88/><T53/><D53/><U71/><E71/><V85/><F76/><W50/><G78/><T109/><D109/><U80/><E80/><V108/><F112/><W61/><G77/><T16/><D19/><U131/><E131/><V69/><F69/><W102/><G110/><T35/><REACH who="0" step="1"/><D31/><REACH who="0" ten="108,285,412,175" step="2"/><U44/><E18/><V7/><F108/><W99/><G73/><T49/><AGARI ba="1,2" hai="11,13,16,26,30,35,40,46,49,63,65,70,125,127" machi="49" ten="30,8000,1" yaku="1,1,2,1,0,1,54,1,53,1" doraHai="83" doraHaiUra="43" who="0" fromWho="0" sc="108,103,285,-21,412,-21,175,-41" owari="211,-19.0,264,6.0,391,50.0,134,-37.0" /></mjloggm>