<mjloggm ver="2.3"><GO type="169" lobby="0"/><UN n0="%E2%80%A0%E5%AE%88%E8%AD%B7%E5%A4%A9%E4%BD%BF%E2%80%A0" n1="%E8%99%8E%E7%9A%AE%E7%8C%AB" n2="%E3%82%B8%E3%83%A3%E3%82%B9%E3%82%BF%E3%82%A6%E3%82%A7%E3%82%A4" n3="%E3%82%A6%E3%83%AB%E3%83%88%E3%83%A9%E7%AB%8B%E7%9B%B4" dan="16,17,16,16" rate="2139.29,2182.89,2111.60,2156.55" sx="M,F,M,M"/><TAIKYOKU oya="0"/><INIT seed="0,0,0,3,3,13" ten="250,250,250,250" oya="0" hai0="120,8,81,55,19,87,78,12,96,94,41,59,75" hai1="62,36,56,6,121,129,64,4,25,33,134,40,29" hai2="52,48,77,9,130,79,109,46,27,111,70,80,128" hai3="66,122,132,60,49,22,113,76,24,97,110,57,89"/><T42/><D75/><U21/><E121/><V131/><F70/><W15/><G113/><T63/><REACH who="0" step="1"/><D120/><REACH who="0" ten="240,250,250,250" step="2"/><U123/><E123/><V69/><F69/><W119/><G122/><T116/><D116/><U45/><E134/><V7/><F27/><W1/><G119/><T2/><D2/><U118/><E118/><V91/><F91/><AGARI ba="0,1" hai="8,12,19,41,42,55,59,63,78,81,87,91,94,96" machi="91" ten="30,11600,0" yaku="1,1,7,1,8,1,52,1,53,0" doraHai="13" doraHaiUra="127" who="0" fromWho="2" sc="240,126,250,0,250,-116,250,0" /><INIT seed="0,1,0,0,0,65" ten="366,250,134,250" oya="0" hai0="39,110,54,52,59,109,63,56,7,117,42,78,122" hai1="41,96,105,23,74,94,15,16,21,131,57,48,28" hai2="114,70,98,135,50,123,3,19,112,100,90,47,115" hai3="87,5,68,66,13,81,119,43,38,85,93,73,77"/><T29/><D117/><U22/><E74/><V134/><F3/><W104/><G119/><T33/><D122/><U71/><E131/><V9/><F90/><W128/><G104/><T30/><D7/><U26/><E105/><V1/><F123/><W111/><G38/><T53/><D78/><U75/><E75/><V88/><F100/><W83/><G43/><T55/><D59/><U51/><E71/><V99/><F99/><W14/><G128/><T86/><D86/><U124/><E124/><V49/><F1/><W27/><G111/><N who="0" m="42507" /><D33/><U107/><E107/><V10/><F19/><W101/><G5/><T133/><D133/><N who="2" m="50698" /><F70/><W72/><G68/><T34/><D34/><U37/><E37/><V121/><F121/><W4/><G4/><T44/><AGARI ba="1,0" hai="29,30,39,42,44,52,53,54,55,56,63" m="42507" machi="44" ten="40,7800,0" yaku="14,1,10,1,54,1" doraHai="65" who="0" fromWho="0" sc="366,81,250,-27,134,-27,250,-27" /><INIT seed="0,2,0,3,3,130" ten="447,223,107,223" oya="0" hai0="45,49,77,26,67,39,83,132,73,10,25,110,23" hai1="15,134,55,96,6,87,38,4,5,97,29,82,34" hai2="109,69,81,126,63,76,75,57,100,54,70,113,95" hai3="94,135,18,79,47,65,127,122,61,111,102,129,66"/><T84/><D39/><U124/><E124/><V80/><F113/><W60/><G79/><T36/><D36/><U7/><E38/><V104/><F109/><W56/><G127/><T11/><D110/><U33/><E134/><V44/><F126/><W37/><G111/><T0/><D132/><U98/><E55/><V112/><F112/><W14/><G129/><T8/><D0/><U123/><E123/><V13/><F44/><W119/><G119/><T30/><D67/><U71/><E71/><V72/><F13/><W2/><G2/><T78/><D26/><U41/><E41/><V125/><F125/><W59/><G122/><T118/><D118/><U114/><E114/><V107/><F107/><W19/><G135/><T46/><REACH who="0" step="1"/><D49/><REACH who="0" ten="437,223,107,223" step="2"/><U74/><E33/><V93/><F69/><W1/><G1/><T68/><D68/><U27/><E27/><V28/><F70/><W101/><G14/><T58/><D58/><U121/><E15/><V51/><F51/><W62/><G59/><T105/><D105/><U40/><E34/><V42/><F28/><W116/><G56/><T115/><D115/><U16/><E121/><V89/><F57/><W12/><G116/><T90/><D90/><U103/><E103/><V131/><F100/><W120/><G120/><T9/><N who="0" m="2048" /><DORA hai="24" /><T50/><D50/><U91/><E91/><V88/><F89/><W43/><G12/><T64/><D64/><N who="3" m="24681" /><G102/><T86/><D86/><U17/><E87/><V21/><F131/><W53/><G101/><T85/><D85/><U117/><E117/><V22/><F75/><W31/><G37/><RYUUKYOKU ba="2,1" sc="437,30,223,-10,107,-10,223,-10" hai0="23,25,30,45,46,73,77,78,83,84" /><INIT seed="0,3,1,1,4,93" ten="467,213,97,213" oya="0" hai0="78,10,6,100,16,36,128,64,101,90,33,96,82" hai1="22,3,112,124,48,127,17,81,111,56,4,83,123" hai2="15,42,26,9,120,79,37,68,55,105,13,66,115" hai3="104,133,121,129,7,108,94,95,130,99,35,106,86"/><T41/><D33/><U135/><E123/><V23/><F120/><W110/><G7/><T98/><D128/><N who="3" m="49257" /><G35/><T131/><D131/><U61/><E111/><N who="3" m="42538" /><G121/><T58/><D36/><U52/><E135/><V2/><F115/><W5/><G5/><T72/><D41/><U91/><E112/><V28/><F79/><W69/><G69/><T70/><D70/><U0/><E61/><V45/><F105/><N who="3" m="40555" /><G133/><T47/><D47/><U126/><E4/><V12/><F2/><N who="1" m="553" /><E91/><V31/><F31/><W8/><G8/><T11/><D90/><U30/><E30/><V54/><F54/><W51/><G51/><T40/><D40/><U44/><E44/><V21/><F21/><W39/><G39/><T114/><D114/><U75/><E22/><V65/><F55/><W89/><G95/><T113/><D113/><U132/><E132/><V59/><F68/><W60/><G60/><T63/><D16/><U1/><E17/><V49/><F37/><W103/><G103/><T18/><D18/><U14/><E14/><V20/><F20/><W71/><G71/><T19/><D19/><U38/><E38/><V32/><F32/><W117/><G117/><T57/><D58/><U25/><E1/><V122/><F122/><W80/><G80/><N who="1" m="30794" /><E25/><V109/><F109/><W87/><AGARI ba="3,1" hai="86,87,89,94,99" m="40555,42538,49257" machi="87" ten="40,8000,1" yaku="19,1,14,1,34,2,52,1" doraHai="93" who="3" fromWho="3" sc="467,-43,213,-23,97,-23,213,99" /><INIT seed="1,0,0,4,2,25" ten="424,190,74,312" oya="1" hai0="118,119,99,48,67,116,24,69,80,123,38,103,79" hai1="96,28,89,94,101,21,85,16,47,124,27,117,133" hai2="12,4,75,56,90,44,92,65,57,36,125,84,18" hai3="122,22,52,11,53,10,108,64,5,7,19,58,131"/><U134/><E117/><V60/><F125/><W115/><G122/><T106/><D38/><U66/><E124/><V82/><F4/><W111/><G115/><T77/><D48/><U34/><E66/><V1/><F1/><W95/><G64/><T41/><D41/><U72/><E72/><V20/><F75/><W120/><G120/><T32/><D123/><U9/><E9/><N who="3" m="3082" /><G95/><T33/><D80/><U29/><E47/><V130/><F130/><W83/><G83/><T86/><D86/><U107/><E34/><V14/><F57/><W93/><G93/><T70/><D33/><U63/><E63/><V102/><F36/><W121/><G131/><T42/><D42/><U110/><E110/><N who="3" m="42026" /><G121/><T62/><D70/><U88/><E89/><V55/><F102/><W59/><G59/><T51/><D51/><U114/><E114/><V127/><F127/><W35/><G35/><T0/><D0/><U23/><E23/><V81/><REACH who="2" step="1"/><F12/><REACH who="2" ten="424,190,64,312" step="2"/><N who="3" m="9575" /><G58/><T43/><D118/><U105/><REACH who="1" step="1"/><E107/><REACH who="1" ten="424,180,64,312" step="2"/><V126/><F126/><W17/><G7/><T30/><D116/><U76/><E76/><V8/><F8/><W46/><G5/><T13/><D119/><U15/><E15/><V37/><F37/><W98/><G46/><T74/><D74/><U2/><E2/><V3/><F3/><W135/><G135/><AGARI ba="0,2" hai="16,21,27,28,29,85,88,94,96,101,105,133,134,135" machi="135" ten="40,18000,2" yaku="1,1,20,1,52,2,54,2,53,1" doraHai="25" doraHaiUra="100" who="1" fromWho="3" sc="424,0,180,200,64,0,312,-180" /><INIT seed="1,1,0,2,0,10" ten="424,380,64,132" oya="1" hai0="64,11,0,13,116,7,4,66,129,94,55,83,65" hai1="92,67,131,27,62,99,18,20,95,98,112,39,3" hai2="21,69,49,134,50,81,90,60,63,31,75,111,84" hai3="23,97,45,115,120,38,32,87,110,53,86,59,44"/><U78/><E39/><V109/><F75/><W135/><G32/><T37/><D116/><U52/><E3/><V132/><F31/><W43/><G115/><T114/><D114/><U74/><E112/><V48/><F21/><W103/><G120/><T61/><D129/><U128/><E78/><V100/><F100/><W71/><G71/><T104/><D104/><U47/><E74/><V36/><F36/><W19/><G45/><T46/><D94/><U127/><E127/><V73/><F73/><W108/><G135/><N who="2" m="51753" /><F69/><W124/><G124/><T126/><D126/><U29/><E29/><V107/><F107/><W5/><G5/><T113/><D113/><U133/><E133/><V51/><N who="2" m="12288" /><DORA hai="117" /><V106/><F106/><N who="3" m="63855" /><G53/><T85/><D7/><U54/><E47/><V82/><F82/><W41/><G59/><T58/><D58/><N who="1" m="37335" /><E128/><V80/><F80/><W22/><G43/><T26/><D83/><U17/><E131/><V16/><F16/><N who="1" m="6249" /><E92/><V24/><F24/><N who="3" m="14431" /><G23/><T25/><D25/><U9/><E9/><V102/><F102/><W91/><G41/><T76/><D26/><U105/><E105/><V101/><F101/><W56/><G38/><T77/><D37/><U40/><E40/><V121/><F121/><W122/><G122/><T42/><D42/><U123/><E123/><V30/><F30/><W2/><G44/><T96/><D46/><U6/><E6/><V118/><F118/><W72/><G72/><T15/><D4/><U14/><E95/><V93/><F93/><N who="3" m="54519" /><G56/><T1/><D1/><U89/><E99/><V68/><F68/><W28/><G2/><RYUUKYOKU ba="1,0" sc="424,-10,380,-10,64,30,132,-10" hai2="60,63,81,84,90,109,111" /><INIT seed="2,2,0,1,2,60" ten="414,370,94,122" oya="2" hai0="79,133,131,61,115,117,125,57,37,54,86,71,130" hai1="22,110,70,12,7,106,114,23,68,63,112,24,111" hai2="122,4,53,28,17,93,74,91,6,119,88,90,82" hai3="51,42,95,5,62,1,26,65,81,16,59,78,66"/><V13/><F119/><W124/><G124/><T58/><D86/><U121/><E106/><V98/><F122/><W109/><G1/><T105/><D79/><U27/><E63/><V97/><F28/><W135/><G5/><N who="2" m="2153" /><F74/><W129/><G109/><N who="1" m="41482" /><E121/><V84/><F53/><N who="3" m="34159" /><G129/><N who="0" m="49163" /><D105/><U128/><E128/><V31/><F31/><W10/><G135/><T25/><D25/><N who="1" m="9803" /><E68/><V55/><F55/><W0/><G0/><T36/><D115/><N who="1" m="44075" /><E70/><V2/><F2/><W83/><G95/><T126/><D133/><U92/><E92/><V21/><F97/><W30/><G30/><T80/><D80/><N who="3" m="30793" /><G78/><AGARI ba="2,0" hai="13,17,21,78,82,84,88,90,91,93,98" m="2153" machi="78" ten="30,2900,0" yaku="8,1,54,1" doraHai="60" who="2" fromWho="3" sc="414,0,370,0,94,35,122,-35" /><INIT seed="2,3,0,2,1,61" ten="414,370,129,87" oya="2" hai0="63,64,35,101,126,54,7,15,22,105,25,33,95" hai1="68,79,18,62,128,11,12,108,46,110,29,125,24" hai2="32,129,66,50,132,52,30,31,87,38,85,80,99" hai3="106,37,71,82,84,60,134,41,65,131,8,26,89"/><V93/><F38/><W16/><G106/><T118/><D105/><U5/><E128/><V133/><F129/><W42/><G131/><T43/><D43/><U78/><E125/><V0/><F0/><W123/><G123/><T2/><D2/><U114/><E114/><V45/><F66/><W4/><G134/><N who="2" m="51817" /><F32/><W121/><G121/><T44/><D126/><U90/><E90/><N who="2" m="51495" /><F87/><W1/><REACH who="3" step="1"/><G37/><REACH who="3" ten="414,370,129,77" step="2"/><T74/><D118/><U111/><E108/><V39/><F39/><W130/><G130/><T57/><D35/><U56/><E110/><V34/><F34/><W6/><G6/><T53/><D33/><U81/><E5/><V109/><F109/><W102/><G102/><AGARI ba="3,1" hai="30,31,45,50,52,93,99,102" m="51495,51817" machi="102" ten="30,2900,0" yaku="20,1,54,1" doraHai="61" who="2" fromWho="3" sc="414,0,370,0,129,48,77,-38" /><INIT seed="2,4,0,1,3,77" ten="414,370,177,39" oya="2" hai0="78,18,53,32,85,112,106,6,64,126,58,24,108" hai1="36,133,35,5,105,8,124,97,22,86,132,52,99" hai2="29,83,66,21,102,95,113,9,46,93,69,74,55" hai3="121,119,48,79,4,44,128,54,92,13,70,14,17"/><V25/><F113/><W96/><G119/><T104/><D112/><U134/><E35/><V1/><F69/><W103/><G121/><T116/><D116/><U89/><E36/><V30/><F66/><W109/><G109/><T56/><D108/><U117/><E124/><V10/><F30/><W23/><G128/><T87/><D6/><U110/><E110/><V75/><F75/><W101/><G70/><T81/><D126/><U111/><E111/><V130/><F1/><W51/><G79/><T67/><D104/><U2/><E117/><V80/><F74/><W11/><REACH who="3" step="1"/><G51/><REACH who="3" ten="414,370,177,29" step="2"/><T68/><D78/><U41/><E132/><V118/><F130/><W26/><G26/><T3/><D24/><U59/><E133/><V82/><F118/><W49/><G49/><T84/><D68/><U7/><E134/><V43/><F102/><AGARI ba="4,1" hai="4,11,13,14,17,23,44,48,54,92,96,101,102,103" machi="102" ten="30,3900,0" yaku="1,1,7,1,8,1,53,0" doraHai="77" doraHaiUra="37" who="3" fromWho="2" sc="414,0,370,0,177,-51,29,61" /><INIT seed="3,0,0,0,5,61" ten="414,370,126,90" oya="3" hai0="91,131,80,48,124,133,120,85,103,46,49,112,70" hai1="68,22,90,63,19,41,122,64,115,16,34,132,97" hai2="81,66,58,28,87,79,15,1,3,60,11,7,96" hai3="18,40,57,99,108,52,20,42,9,65,107,36,74"/><W88/><G74/><T32/><D120/><U62/><E122/><V128/><F128/><W23/><G36/><T104/><D32/><U56/><E34/><V24/><REACH who="2" step="1"/><F96/><REACH who="2" ten="414,370,116,90" step="2"/><W116/><G116/><T8/><D131/><U135/><E97/><V17/><F17/><W67/><G108/><T76/><D112/><U127/><E115/><V44/><F44/><W129/><G129/><T106/><D46/><U114/><E114/><V82/><F82/><W94/><G107/><T119/><D80/><U86/><E19/><V117/><F117/><W5/><G5/><T10/><D106/><U77/><E16/><V95/><F95/><W71/><G9/><T26/><D104/><U125/><E132/><V38/><F38/><W35/><G35/><AGARI ba="0,1" hai="1,3,7,11,15,24,28,35,58,60,66,79,81,87" machi="35" ten="30,3900,0" yaku="1,1,7,1,52,1,53,0" doraHai="61" doraHaiUra="12" who="2" fromWho="3" sc="414,0,370,0,116,49,90,-39" /><INIT seed="4,0,0,1,2,15" ten="414,370,165,51" oya="0" hai0="68,128,112,50,96,70,74,111,65,133,5,49,90" hai1="36,122,60,62,117,64,85,4,81,27,109,31,37" hai2="66,130,89,16,124,95,48,19,79,110,13,17,29" hai3="103,129,104,40,131,76,58,126,118,120,33,75,23"/><T100/><D74/><U115/><E117/><V116/><F110/><W55/><G33/><T8/><D111/><U44/><E109/><V73/><F116/><W2/><G2/><T87/><D112/><U99/><E122/><V45/><F130/><W86/><G118/><T32/><D32/><U28/><E115/><V63/><F124/><W46/><G120/><T71/><D128/><N who="3" m="49225" /><G75/><T14/><D65/><U119/><E119/><V18/><F29/><W113/><G113/><T88/><D133/><U98/><E4/><V101/><F101/><W127/><G103/><T93/><REACH who="0" step="1"/><D90/><REACH who="0" ten="404,370,165,51" step="2"/><U34/><E34/><V26/><F73/><W69/><G127/><T51/><D51/><U59/><E64/><V1/><F79/><W106/><G126/><T72/><D72/><U67/><E67/><V41/><F26/><W108/><G108/><T25/><D25/><U107/><E27/><V102/><F102/><W7/><G76/><T10/><D10/><U80/><E37/><V92/><F89/><W57/><G69/><T114/><D114/><U52/><E36/><V97/><F1/><W47/><G23/><T121/><D121/><U21/><E21/><N who="2" m="11407" /><F66/><W3/><G3/><T43/><D43/><U11/><E11/><V42/><F42/><W105/><G40/><T30/><D30/><U9/><E28/><V12/><F63/><W134/><G134/><T6/><D6/><U84/><E31/><V35/><F35/><W22/><G7/><T83/><AGARI ba="0,1" hai="5,8,14,49,50,68,70,71,83,87,88,93,96,100" machi="83" ten="30,6000,0" yaku="1,1,0,1,54,1,53,0" doraHai="15" doraHaiUra="135" who="0" fromWho="0" sc="404,70,370,-20,165,-20,51,-20" /><INIT seed="4,1,0,5,3,102" ten="474,350,145,31" oya="0" hai0="101,27,113,123,110,112,105,135,84,73,48,90,1" hai1="26,64,74,78,25,67,60,76,98,39,108,80,41" hai2="49,42,97,51,119,75,34,44,9,45,85,24,57" hai3="54,86,116,117,132,106,103,31,20,79,0,56,3"/><T33/><D123/><U130/><E108/><V134/><F75/><W118/><G132/><T47/><D135/><U121/><E121/><V92/><F134/><W104/><G103/><T16/><D73/><U72/><E130/><V83/><F119/><W127/><G127/><T28/><D1/><U53/><E53/><V70/><F70/><W100/><G100/><T35/><D35/><U69/><E98/><V18/><F34/><W4/><G0/><T82/><D16/><U63/><E41/><V50/><F57/><W129/><G129/><T126/><D126/><U52/><E39/><V115/><F115/><W114/><G114/><N who="0" m="44139" /><D110/><U46/><E46/><V13/><F24/><W6/><G6/><T22/><D33/><U65/><E67/><V29/><F29/><W96/><G4/><T8/><D8/><U87/><E87/><V68/><F68/><W7/><G7/><T43/><D101/><U120/><E120/><V107/><F44/><W59/><G3/><T11/><D11/><U61/><E74/><V131/><F45/><W38/><G96/><T62/><D62/><U23/><E63/><V37/><F9/><W15/><G15/><T88/><D90/><U12/><E61/><V2/><F13/><W93/><G118/><T55/><D43/><U21/><E72/><V5/><F42/><W109/><G109/><T10/><D10/><U122/><E122/><V58/><F2/><W14/><G117/><T17/><D28/><U19/><E60/><V40/><F5/><W133/><G116/><T32/><D32/><U99/><E69/><V66/><F40/><RYUUKYOKU ba="1,0" sc="474,30,350,-10,145,-10,31,-10" hai0="17,22,27,47,48,55,82,84,88,105" /><INIT seed="4,2,0,4,4,47" ten="504,340,135,21" oya="0" hai0="80,128,91,129,86,96,25,71,58,72,24,94,68" hai1="57,46,11,98,131,22,114,62,84,54,90,110,0" hai2="92,43,118,37,134,95,17,6,108,32,130,126,111" hai3="93,66,48,42,41,103,101,12,8,135,49,60,29"/><T5/><D72/><U21/><E110/><V125/><F32/><W79/><G135/><T107/><D107/><U120/><E120/><V23/><F6/><W7/><G29/><T51/><D5/><U34/><E34/><V14/><F134/><W113/><G113/><T56/><D68/><U119/><E119/><V64/><F64/><W30/><G30/><T26/><D71/><U112/><E131/><N who="0" m="50249" /><D51/><N who="3" m="19529" /><G79/><AGARI ba="2,0" hai="24,25,26,56,58,79,80,86,91,94,96" m="50249" machi="79" ten="30,1500,0" yaku="19,1" doraHai="47" who="0" fromWho="3" sc="504,21,340,0,135,0,21,-21" /><INIT seed="4,3,0,4,0,63" ten="525,340,135,0" oya="0" hai0="114,18,38,50,2,65,39,117,4,6,115,126,13" hai1="49,53,85,103,30,19,60,122,28,127,133,129,58" hai2="23,7,80,118,72,43,71,11,17,70,89,25,45" hai3="8,67,3,55,86,1,24,112,69,78,109,128,113"/><T54/><D65/><N who="1" m="39063" /><E122/><V0/><F118/><W100/><G109/><T31/><D6/><U96/><E133/><V51/><F89/><W92/><G69/><T90/><D50/><U29/><E129/><V9/><F9/><W87/><G67/><T33/><D90/><U102/><E127/><V74/><F74/><W27/><G55/><T99/><D13/><U106/><E106/><V32/><F32/><W15/><G78/><T5/><D18/><U76/><E96/><V111/><F111/><W56/><G56/><T131/><D54/><U64/><E19/><V46/><F46/><W77/><G128/><T98/><D98/><U125/><E64/><V124/><F124/><W110/><G110/><T130/><D99/><U116/><E116/><V66/><F66/><W97/><G3/><T40/><D2/><U16/><E16/><V61/><F61/><W107/><G1/><T82/><D33/><U59/><E125/><V42/><F42/><W14/><G107/><T47/><D40/><U135/><E135/><V73/><F73/><W83/><G87/><T88/><D126/><U48/><E49/><V94/><F71/><W12/><G8/><T123/><D117/><U35/><E35/><V62/><F62/><W79/><G79/><T52/><D123/><U108/><E108/><V120/><F70/><W34/><G34/><T104/><D130/><U81/><AGARI ba="3,0" hai="28,29,30,48,53,59,76,81,85,102,103" m="39063" machi="81" ten="30,2000,0" yaku="8,1,52,1" doraHai="63" who="1" fromWho="1" sc="525,-13,340,29,135,-8,0,-8" owari="512,61.0,369,17.0,127,-27.0,-8,-51.0" /></mjloggm>