<mjloggm ver="2.3"><GO type="169" lobby="0"/><UN n0="%6D%73%69%67%65%72%75" n1="%E5%AE%AE%E6%9C%AC%E4%BE%86%E5%A4%8F" n2="%E5%B0%B1%E6%B4%BB%E7%94%9F%40%E5%B7%9D%E6%9D%91%E8%BB%8D%E5%9B%A3" n3="%63%67%66%35%34%38%35%38" dan="16,16,17,17" rate="2055.44,2110.85,2173.89,2191.39" sx="M,F,F,M"/><TAIKYOKU oya="0"/><INIT seed="0,0,0,5,4,73" ten="250,250,250,250" oya="0" hai0="45,112,20,110,42,15,124,8,30,93,126,127,99" hai1="101,131,98,58,120,90,32,43,128,108,48,97,16" hai2="38,81,119,23,63,77,28,22,135,6,102,50,130" hai3="104,92,3,91,5,51,46,37,105,14,31,1,94"/><T109/><D112/><U79/><E120/><V57/><F38/><W113/><G37/><T12/><D30/><U129/><E32/><V40/><F130/><W78/><G3/><T27/><D27/><U118/><E118/><V125/><F135/><W106/><G1/><T65/><D65/><U44/><E108/><N who="0" m="41577" /><D20/><U66/><E90/><V74/><F125/><W133/><G113/><T0/><D0/><U33/><E33/><V47/><F119/><W60/><G133/><T121/><D121/><U86/><E101/><V117/><F117/><W53/><G31/><T29/><D29/><U115/><E115/><V76/><F28/><W26/><G26/><T36/><D8/><U85/><E85/><V64/><F102/><AGARI ba="0,0" hai="12,15,36,42,45,93,99,102,124,126,127" m="41577" machi="102" ten="40,7700,0" yaku="18,1,14,1,10,1" doraHai="73" who="0" fromWho="2" sc="250,77,250,0,250,-77,250,0" /><INIT seed="0,1,0,0,5,56" ten="327,250,173,250" oya="0" hai0="100,9,96,113,109,124,1,110,107,28,46,126,2" hai1="123,94,12,135,93,70,44,20,71,79,129,43,54" hai2="36,92,60,73,76,115,13,14,82,103,66,112,26" hai3="89,21,6,81,105,88,62,102,74,95,16,37,121"/><T11/><D113/><U7/><E123/><V58/><F36/><W0/><G37/><T72/><D72/><U133/><E54/><V34/><F112/><W17/><G121/><T64/><D64/><U61/><E79/><V29/><REACH who="2" step="1"/><F115/><REACH who="2" ten="327,250,163,250" step="2"/><W68/><G105/><T8/><D124/><U77/><E133/><V78/><F78/><W23/><G74/><T33/><D126/><U125/><E77/><V51/><F51/><W52/><G68/><T57/><D109/><U59/><E70/><V10/><F10/><W106/><G106/><T65/><D110/><U63/><E71/><V15/><F15/><N who="3" m="9375" /><G0/><T127/><D127/><U3/><E125/><V5/><F5/><W40/><G6/><T31/><D1/><U75/><E3/><V99/><AGARI ba="1,1" hai="13,14,26,29,34,58,60,66,73,76,82,92,99,103" machi="99" ten="30,7900,0" yaku="1,1,0,1,52,1,53,1" doraHai="56" doraHaiUra="53" who="2" fromWho="2" sc="327,-40,250,-21,163,92,250,-21" /><INIT seed="1,0,0,2,3,124" ten="287,229,255,229" oya="1" hai0="54,35,86,114,115,15,39,14,112,63,97,96,40" hai1="56,44,30,131,109,5,84,50,121,134,88,9,16" hai2="118,19,2,116,48,103,74,130,38,89,62,108,31" hai3="104,72,46,22,70,76,6,33,135,83,32,133,55"/><U101/><E121/><V75/><F38/><W117/><G104/><T3/><D3/><U92/><E134/><V129/><F2/><W71/><G22/><T80/><D35/><N who="3" m="13385" /><G6/><T12/><D40/><U69/><E69/><N who="3" m="26122" /><G55/><T49/><D39/><U27/><E109/><V120/><F31/><W20/><G20/><T79/><REACH who="0" step="1"/><D63/><REACH who="0" ten="277,229,255,229" step="2"/><U47/><E101/><V122/><F62/><W123/><G123/><T100/><D100/><U68/><E68/><V91/><F48/><W10/><G117/><T107/><D107/><U110/><E110/><V21/><F103/><W58/><G133/><T65/><D65/><U24/><E50/><V113/><F108/><W29/><G135/><T60/><D60/><U102/><E102/><V13/><F113/><W57/><G29/><T87/><D87/><U51/><E30/><V94/><F122/><W90/><G72/><T82/><D82/><U37/><E37/><V53/><F120/><W11/><G83/><T99/><D99/><U59/><E51/><V128/><F53/><W132/><G132/><T67/><D67/><U127/><E127/><V85/><F91/><W119/><G119/><AGARI ba="0,1" hai="13,19,21,74,75,85,89,94,116,118,119,128,129,130" machi="119" ten="50,8000,1" yaku="19,1,52,3" doraHai="124" who="2" fromWho="3" sc="277,0,229,0,255,90,229,-80" /><INIT seed="2,0,0,5,0,54" ten="277,229,345,149" oya="2" hai0="48,56,55,27,71,63,132,89,133,99,6,115,121" hai1="15,125,70,52,109,39,16,113,69,107,7,51,74" hai2="45,40,122,93,75,17,86,20,114,96,50,35,37" hai3="128,64,25,112,102,1,81,57,61,76,32,0,28"/><V134/><F75/><W130/><G102/><T95/><D121/><U92/><E113/><V4/><F35/><W11/><G112/><T2/><D115/><U13/><E107/><V110/><F114/><W94/><G94/><T49/><D2/><U88/><E74/><V85/><F122/><W3/><REACH who="3" step="1"/><G11/><REACH who="3" ten="277,229,345,139" step="2"/><T43/><D132/><U22/><E109/><V29/><F110/><W68/><G68/><T106/><D133/><U111/><E111/><V8/><F134/><W9/><G9/><T131/><D106/><U5/><E69/><V91/><F37/><W101/><G101/><T67/><D95/><U38/><E39/><V30/><F30/><W53/><G53/><T119/><D55/><U90/><E70/><V10/><F29/><W24/><G24/><T33/><D27/><N who="1" m="14791" /><E38/><V41/><F41/><W18/><G18/><T98/><D43/><U44/><E125/><V79/><F10/><W124/><G124/><T34/><D71/><U72/><E72/><AGARI ba="0,1" hai="0,1,3,25,28,32,57,61,64,72,76,81,128,130" machi="72" ten="40,2600,0" yaku="1,1,52,1,53,0" doraHai="54" doraHaiUra="108" who="3" fromWho="1" sc="277,0,229,-26,345,0,139,36" /><INIT seed="3,0,0,1,0,77" ten="277,203,345,175" oya="3" hai0="21,116,55,101,7,106,3,39,11,131,73,58,110" hai1="38,119,103,47,19,22,51,0,80,81,60,92,31" hai2="134,57,109,121,25,30,37,114,28,48,86,67,33" hai3="100,105,10,45,135,52,89,36,120,62,88,108,68"/><W34/><G120/><T90/><D116/><U59/><E38/><V79/><F37/><W40/><G34/><T128/><D73/><U132/><E0/><V91/><F114/><W29/><G29/><T123/><D39/><U127/><E119/><V107/><F107/><W6/><G135/><T125/><D123/><U130/><E31/><V74/><F30/><W126/><G126/><T75/><D75/><U26/><E127/><V2/><F2/><W14/><G108/><T71/><D71/><U1/><E1/><V24/><F24/><W65/><G105/><T98/><D125/><U94/><E130/><N who="0" m="49705" /><D90/><U99/><E94/><V41/><F109/><W129/><G129/><T115/><D110/><U87/><E87/><V44/><F134/><W64/><G100/><T84/><D84/><U69/><E69/><V122/><F79/><W46/><REACH who="3" step="1"/><G65/><REACH who="3" ten="277,203,345,165" step="2"/><T15/><D115/><U32/><E32/><V43/><F67/><W133/><G133/><T53/><D101/><U97/><E132/><V54/><F121/><W35/><G35/><T61/><D106/><U76/><E76/><V5/><F122/><W104/><G104/><T17/><D98/><U16/><E99/><V50/><F28/><W72/><G72/><T102/><D102/><U9/><E103/><V23/><F74/><W111/><G111/><T124/><D124/><U117/><E97/><V8/><F33/><W4/><G4/><T78/><D78/><U13/><E117/><V56/><F5/><W63/><G63/><T70/><D7/><U85/><E60/><V66/><F66/><W12/><G12/><RYUUKYOKU ba="0,1" sc="277,-10,203,-10,345,-10,165,30" hai3="6,10,14,36,40,45,46,52,62,64,68,88,89" /><INIT seed="3,1,1,4,4,62" ten="267,193,335,195" oya="3" hai0="127,124,6,134,10,131,96,104,98,81,112,78,45" hai1="15,122,113,102,94,128,5,100,109,2,93,86,64" hai2="89,108,34,28,37,123,68,57,87,58,0,129,20" hai3="50,79,120,14,118,92,19,82,56,47,13,130,40"/><W114/><G118/><T31/><D131/><U90/><E113/><V59/><F34/><W61/><G114/><T106/><D112/><U121/><E2/><V35/><F35/><W101/><G120/><T39/><D31/><U17/><E128/><V12/><F0/><W60/><G130/><T22/><D22/><U83/><E5/><V72/><F123/><W111/><G111/><T103/><D96/><U115/><E115/><V117/><F72/><W74/><G61/><T16/><D16/><U51/><E109/><V30/><F117/><W7/><G7/><T1/><D104/><U65/><E51/><V44/><F108/><W49/><G49/><T9/><D9/><N who="1" m="6383" /><E121/><V110/><F68/><W43/><G43/><N who="0" m="22783" /><D134/><U53/><E53/><V48/><F37/><W76/><G76/><T97/><D97/><U4/><E4/><V52/><F110/><W66/><REACH who="3" step="1"/><G19/><REACH who="3" ten="267,193,335,185" step="2"/><T75/><AGARI ba="1,2" hai="1,6,10,75,78,81,98,103,106,124,127" m="22783" machi="75" ten="30,2000,0" yaku="25,1,23,1" doraHai="62" who="0" fromWho="0" sc="267,43,193,-6,335,-6,185,-11" /><INIT seed="4,0,0,5,2,99" ten="310,187,329,174" oya="0" hai0="17,50,5,15,11,49,18,72,78,40,8,108,24" hai1="98,115,76,121,77,109,133,120,36,117,86,1,122" hai2="16,60,48,6,73,96,23,66,41,53,52,64,45" hai3="107,7,75,91,71,90,97,103,93,25,113,94,129"/><T21/><D108/><U56/><E36/><V9/><F73/><W79/><G71/><T22/><D72/><U89/><E1/><V4/><F96/><N who="3" m="61927" /><G7/><N who="2" m="2601" /><F9/><W126/><G25/><T26/><D78/><U130/><E56/><N who="2" m="36871" /><F66/><W20/><G20/><T46/><REACH who="0" step="1"/><D11/><REACH who="0" ten="300,187,329,174" step="2"/><U63/><E77/><V54/><F41/><W65/><G75/><T123/><D123/><U132/><E76/><V51/><F45/><W33/><G79/><T2/><D2/><U19/><E109/><V0/><F0/><W100/><G33/><T110/><D110/><U39/><E120/><V32/><F32/><W127/><G129/><T13/><D13/><AGARI ba="0,1" hai="13,16,23,48,51,52,53,54" m="36871,2601" machi="13" ten="30,3900,0" yaku="8,1,54,2" doraHai="99" who="2" fromWho="0" sc="300,-39,187,0,329,49,174,0" /><INIT seed="5,0,0,0,5,87" ten="261,187,378,174" oya="1" hai0="96,8,85,70,90,32,28,33,130,25,107,52,37" hai1="100,15,71,3,95,88,14,4,122,35,63,111,17" hai2="42,73,19,110,115,121,58,64,93,5,105,44,132" hai3="74,2,126,10,46,29,80,128,34,101,24,106,60"/><U6/><E122/><V118/><F19/><W133/><G126/><T61/><D37/><U79/><E35/><V59/><F5/><N who="1" m="2153" /><E3/><V135/><F93/><W109/><G109/><T120/><D130/><U51/><E71/><V113/><F105/><W21/><G128/><T39/><D39/><U75/><E75/><V31/><F31/><W82/><G133/><N who="2" m="51273" /><F73/><W47/><G34/><T18/><D120/><U86/><E111/><V22/><F22/><W97/><G2/><T91/><D33/><U0/><E0/><V26/><F26/><W66/><G10/><T116/><D116/><U36/><E36/><V129/><F42/><W54/><G54/><T20/><D8/><N who="1" m="6343" /><E79/><V23/><F23/><W81/><REACH who="3" step="1"/><G74/><REACH who="3" ten="261,187,378,164" step="2"/><T98/><D32/><U48/><E100/><V134/><F129/><W9/><G9/><T112/><D20/><U50/><E15/><V77/><F110/><W7/><G7/><T124/><D124/><U99/><E63/><V103/><F121/><W30/><G30/><T11/><D61/><U119/><E119/><V78/><F118/><W127/><G127/><T1/><D28/><U13/><E13/><V67/><F115/><W94/><G94/><T49/><D112/><U123/><E123/><V55/><F113/><W12/><G12/><T125/><D125/><U84/><AGARI ba="0,1" hai="48,50,51,84,86,88,95,99" m="6343,2153" machi="84" ten="30,6000,0" yaku="8,1,52,1,54,1" doraHai="87" who="1" fromWho="1" sc="261,-20,187,70,378,-20,164,-20" /><INIT seed="5,1,0,5,0,57" ten="241,257,358,144" oya="1" hai0="44,77,17,127,40,5,76,126,81,116,28,79,18" hai1="115,27,29,56,97,134,64,122,102,70,80,105,108" hai2="95,12,75,132,90,1,89,41,59,32,45,107,96" hai3="6,47,13,62,15,21,68,91,50,48,35,120,0"/><U92/><E122/><V55/><F1/><W72/><G35/><T86/><D116/><U88/><E115/><V103/><F75/><W73/><G120/><T10/><D28/><U3/><E3/><V53/><F32/><W34/><G34/><T19/><D126/><U78/><E134/><V99/><F132/><W93/><G48/><N who="0" m="26631" /><D127/><U54/><E64/><V63/><F12/><AGARI ba="1,0" hai="5,10,12,17,18,19,76,77,79,81,86" m="26631" machi="12" ten="30,2000,0" yaku="25,1,8,1" doraHai="57" who="0" fromWho="2" sc="241,23,257,0,358,-23,144,0" /><INIT seed="6,0,0,2,1,56" ten="264,257,335,144" oya="2" hai0="24,105,7,21,11,32,126,125,62,53,26,74,80" hai1="43,133,95,31,115,78,22,37,76,106,45,19,60" hai2="103,59,134,77,34,55,27,131,89,9,120,58,33" hai3="4,119,111,20,110,116,97,123,127,63,18,81,0"/><V83/><F120/><W52/><G81/><T44/><D105/><U108/><E106/><V2/><F131/><W82/><G82/><T104/><D104/><U13/><E108/><N who="3" m="41514" /><G97/><T109/><D109/><U69/><E115/><V51/><F134/><W70/><G18/><T17/><D44/><U14/><E133/><V128/><F103/><W50/><G20/><T49/><D49/><U101/><E31/><V129/><F89/><W75/><G4/><T65/><D53/><U113/><E113/><V67/><F9/><W102/><G102/><T28/><D80/><U8/><E95/><V16/><F2/><W122/><G75/><T66/><D74/><U30/><E101/><V41/><F41/><W88/><G88/><T73/><D73/><U1/><E1/><V124/><F124/><N who="0" m="47722" /><D62/><U99/><E99/><V107/><F107/><W61/><G0/><AGARI ba="0,0" hai="0,7,11,17,21,24,26,28,32,65,66" m="47722" machi="0" ten="30,1000,0" yaku="18,1" doraHai="56" who="0" fromWho="3" sc="264,10,257,0,335,0,144,-10" /><INIT seed="7,0,0,2,4,65" ten="274,257,335,134" oya="3" hai0="17,94,72,23,85,34,61,84,37,117,35,26,131" hai1="22,66,13,118,100,68,97,21,25,59,2,103,33" hai2="116,132,10,52,62,87,78,130,76,38,120,125,91" hai3="134,64,105,32,101,48,112,129,18,57,36,69,124"/><W29/><G36/><T60/><D72/><U108/><E108/><V27/><F116/><W54/><G124/><T30/><D37/><U41/><E2/><V95/><F38/><W89/><G129/><T6/><D131/><U16/><E118/><V56/><F130/><W115/><G134/><T96/><D117/><U79/><E33/><V43/><F125/><W86/><G18/><T55/><D6/><U73/><E68/><V11/><F132/><W107/><G32/><T44/><D35/><U122/><E122/><V128/><F128/><W82/><G29/><T24/><D61/><N who="1" m="38207" /><E73/><V99/><F43/><W51/><G51/><T110/><D110/><U28/><E79/><N who="2" m="30251" /><F120/><W5/><G5/><T127/><D127/><U39/><E39/><V4/><F4/><W40/><G40/><T123/><D123/><U98/><E41/><V90/><F27/><W121/><G121/><T126/><D44/><U45/><E45/><V50/><F50/><W114/><REACH who="3" step="1"/><G101/><AGARI ba="0,0" hai="13,16,21,22,25,28,97,98,100,101,103" m="38207" machi="101" ten="30,2000,0" yaku="8,1,54,1" doraHai="65" who="1" fromWho="3" sc="274,0,257,20,335,0,134,-20" owari="274,-13.0,277,8.0,335,44.0,114,-39.0" /></mjloggm>