<mjloggm ver="2.3"><GO type="169" lobby="0"/><UN n0="%64%75%72%72%72%72%72" n1="%53%48%49%53%55%4B%45" n2="%E2%80%A0%73%74%72%61%77%E2%80%A0" n3="%E3%83%88%E3%83%88%E3%83%AA%E5%85%88%E7%94%9F%31%39%E6%AD%B3" dan="16,16,16,18" rate="2092.36,2103.84,2142.77,2187.76" sx="M,M,M,F"/><TAIKYOKU oya="0"/><INIT seed="0,0,0,4,5,13" ten="250,250,250,250" oya="0" hai0="99,52,49,81,114,63,35,89,43,39,41,0,27" hai1="97,103,1,61,38,75,108,98,121,85,8,2,10" hai2="47,84,26,124,64,134,36,109,117,46,101,17,30" hai3="119,88,20,95,54,83,53,22,4,37,3,59,116"/><T128/><D114/><U5/><E75/><V78/><F109/><W111/><G37/><T80/><D39/><U55/><E121/><V126/><F134/><W106/><G106/><T135/><D0/><U122/><E122/><V120/><F120/><W33/><G33/><T7/><D135/><U14/><E38/><V130/><F130/><W92/><G111/><T102/><D7/><U132/><E132/><V65/><F101/><W40/><G40/><T79/><D128/><U62/><E108/><V67/><F117/><W68/><G68/><T29/><D63/><U77/><E55/><V105/><F105/><W82/><G4/><T42/><D89/><U44/><E44/><V71/><F71/><W15/><G15/><T23/><D35/><U96/><E103/><V133/><F133/><W18/><G59/><T45/><REACH who="0" step="1"/><D79/><REACH who="0" ten="240,250,250,250" step="2"/><U131/><E131/><V34/><F36/><W127/><G88/><T118/><D118/><U115/><E115/><V51/><F78/><W70/><G3/><T6/><D6/><U91/><E77/><V58/><F34/><W94/><G119/><T87/><D87/><U28/><E1/><V100/><F84/><W60/><G60/><T31/><D31/><U21/><E85/><V66/><F30/><W93/><G116/><T19/><D19/><N who="1" m="8647" /><E91/><V50/><F17/><W104/><G18/><T74/><D74/><U110/><E110/><V24/><F124/><W86/><G127/><T73/><D73/><U76/><E76/><V113/><F126/><W12/><G86/><T25/><D25/><N who="1" m="16431" /><E2/><V129/><F113/><W125/><G125/><RYUUKYOKU ba="0,1" sc="240,15,250,15,250,-15,250,-15" hai0="23,27,29,41,42,43,45,49,52,80,81,99,102" hai1="5,10,61,62,96,97,98" /><INIT seed="0,1,1,2,0,130" ten="255,265,235,235" oya="0" hai0="0,95,66,65,13,57,119,60,36,107,29,132,62" hai1="75,71,76,72,4,16,97,11,19,26,51,111,87" hai2="104,106,117,100,77,9,3,118,31,28,41,50,96" hai3="48,69,127,20,129,27,82,68,99,54,59,134,125"/><T43/><D107/><U58/><E71/><V34/><F104/><W73/><G129/><T56/><D0/><U80/><E111/><V32/><F77/><N who="3" m="44335" /><G99/><T8/><D119/><N who="2" m="45578" /><F50/><W133/><G68/><T128/><D128/><U61/><E51/><V37/><F28/><N who="3" m="17511" /><G69/><T39/><D132/><AGARI ba="1,1" hai="48,54,59,125,127,132,133,134" m="17511,44335" machi="132" ten="30,7700,0" yaku="20,1,52,3" doraHai="130" who="3" fromWho="0" sc="255,-80,265,0,235,0,235,90" /><INIT seed="1,0,0,5,1,30" ten="175,265,235,325" oya="1" hai0="97,85,42,5,78,124,45,116,103,25,114,19,58" hai1="54,79,119,65,31,21,134,60,92,95,112,130,102" hai2="4,70,44,108,24,98,59,27,83,26,68,22,132" hai3="1,87,29,106,115,88,104,2,81,9,11,36,113"/><U71/><E119/><V110/><F132/><W0/><G36/><T89/><D116/><U39/><E112/><V86/><F22/><W75/><G75/><T121/><D114/><U49/><E39/><V50/><F59/><W135/><G113/><T74/><D124/><U52/><E134/><V118/><F98/><W16/><G115/><T76/><D121/><U73/><E102/><V13/><F118/><W93/><G135/><T101/><D74/><U3/><E3/><V48/><F13/><W107/><G29/><T77/><D5/><U56/><E130/><V23/><F23/><W123/><G123/><T53/><D97/><U12/><E54/><N who="2" m="29959" /><F50/><W127/><G127/><T15/><D25/><U32/><E32/><V67/><F67/><W64/><G64/><T41/><D45/><U35/><E35/><V100/><F4/><W51/><G51/><N who="0" m="31039" /><D42/><U43/><E43/><V38/><F100/><N who="0" m="38474" /><D41/><U125/><E125/><V72/><F72/><W91/><REACH who="3" step="1"/><G16/><REACH who="3" ten="175,265,235,315" step="2"/><T66/><D66/><U7/><E31/><V126/><F38/><W82/><G82/><N who="0" m="49335" /><D78/><U120/><E120/><V129/><F126/><W46/><G46/><T20/><AGARI ba="0,1" hai="15,19,20,76,77" m="49335,38474,31039" machi="20" ten="30,1100,0" yaku="8,1" doraHai="30" who="0" fromWho="0" sc="175,21,265,-5,235,-3,315,-3" /><INIT seed="2,0,0,4,1,32" ten="196,260,232,312" oya="2" hai0="73,87,54,85,72,68,108,42,116,7,50,63,131" hai1="26,133,92,117,112,70,18,86,121,44,29,113,51" hai2="9,31,90,19,23,55,69,109,102,61,132,24,122" hai3="16,21,47,62,97,1,95,56,66,65,43,57,34"/><V74/><F122/><W3/><G34/><T104/><D104/><U48/><E117/><V94/><F74/><W45/><G57/><T30/><D116/><U107/><E107/><V17/><F132/><W79/><G79/><T91/><D108/><U60/><E18/><V93/><F109/><W59/><G59/><T14/><D131/><U12/><E12/><V105/><F105/><W120/><G66/><T103/><D103/><U40/><E51/><V81/><F9/><W37/><G45/><T27/><D42/><U78/><E133/><V33/><F102/><W53/><G65/><T22/><D85/><U123/><E60/><V20/><F33/><W118/><G120/><N who="1" m="46154" /><E70/><V135/><F135/><W75/><G75/><T100/><D100/><U82/><E92/><N who="2" m="35435" /><F69/><W2/><G118/><T89/><D89/><U88/><E78/><V52/><F61/><W129/><G129/><T41/><D41/><U126/><E126/><V101/><F101/><W35/><G35/><AGARI ba="0,0" hai="26,29,35,40,44,48,82,86,88,112,113" m="46154" machi="35" ten="30,2000,0" yaku="13,1,54,1" doraHai="32" who="1" fromWho="3" sc="196,0,260,20,232,0,312,-20" /><INIT seed="3,0,0,4,5,0" ten="196,280,232,292" oya="3" hai0="53,25,3,16,115,108,101,83,132,29,17,34,106" hai1="96,72,78,119,107,19,128,15,126,21,57,93,10" hai2="68,20,42,109,51,52,66,37,97,62,94,32,58" hai3="124,75,127,18,8,11,24,104,114,60,112,64,14"/><W120/><G104/><T98/><D108/><U84/><E107/><V69/><F109/><W48/><G75/><T22/><D132/><U49/><E72/><V77/><F32/><W100/><G100/><T110/><D110/><U65/><E126/><N who="3" m="48170" /><G48/><T41/><D115/><N who="3" m="44073" /><G120/><T113/><D113/><U55/><E128/><V116/><F116/><W56/><G24/><T91/><D3/><U33/><E119/><V90/><F77/><W40/><G40/><T99/><D41/><U133/><E133/><V27/><F69/><W102/><G102/><T26/><D53/><U105/><E105/><V50/><F50/><W61/><G61/><T85/><REACH who="0" step="1"/><D99/><REACH who="0" ten="186,280,232,292" step="2"/><U67/><E96/><V134/><F134/><W73/><G73/><T39/><D39/><U7/><E55/><V35/><F35/><W2/><G2/><T9/><D9/><AGARI ba="0,1" hai="8,9,11,14,18,56,60,64" m="44073,48170" machi="9" ten="30,1500,0" yaku="18,1" doraHai="0" who="3" fromWho="0" sc="186,-15,280,0,232,0,292,25" /><INIT seed="3,1,0,2,2,132" ten="171,280,232,317" oya="3" hai0="3,48,52,122,64,72,38,112,84,130,25,93,82" hai1="86,15,30,133,117,70,35,79,17,129,28,50,95" hai2="24,33,108,37,96,68,125,54,45,11,16,94,107" hai3="29,4,73,123,67,6,56,106,0,111,134,116,75"/><W113/><G113/><T8/><D38/><U61/><E133/><V115/><F115/><W81/><G116/><T103/><D112/><U47/><E35/><V14/><F108/><W51/><G123/><T41/><D122/><U87/><E70/><V5/><F68/><W77/><G134/><T44/><D130/><U31/><E117/><V120/><F120/><W89/><G106/><T91/><D64/><U20/><E129/><V78/><F107/><W60/><G111/><T58/><D3/><U49/><E61/><V2/><F78/><W131/><G131/><T53/><D8/><U18/><E79/><V110/><F110/><W69/><G75/><T101/><D72/><U57/><E95/><V92/><F125/><W121/><G121/><T36/><D93/><U98/><E98/><V43/><F54/><W118/><G118/><T88/><D91/><U9/><E57/><V65/><F65/><W40/><G0/><T127/><D127/><U39/><E39/><V13/><F96/><W104/><G104/><T119/><D119/><U34/><E34/><V7/><F7/><W109/><G73/><T99/><D99/><U27/><E50/><V63/><F63/><W19/><G69/><T76/><D76/><U55/><AGARI ba="1,0" hai="9,15,17,18,20,27,28,30,31,47,49,55,86,87" machi="55" ten="30,2000,0" yaku="0,1,8,1" doraHai="132" who="1" fromWho="1" sc="171,-6,280,23,232,-6,317,-11" /><INIT seed="4,0,0,4,1,18" ten="165,303,226,306" oya="0" hai0="112,88,82,96,121,67,105,52,12,58,56,122,19" hai1="87,93,120,41,129,79,63,94,40,78,21,85,65" hai2="118,70,76,3,95,116,71,8,131,86,133,97,30" hai3="0,77,73,44,101,49,103,91,5,128,69,126,114"/><T32/><D32/><U130/><E21/><V47/><F133/><W109/><G109/><T48/><D112/><U14/><E14/><V89/><F131/><W84/><G69/><T33/><D33/><U10/><E10/><V117/><F47/><W45/><G114/><T26/><D26/><U6/><E6/><N who="2" m="1119" /><F30/><W124/><G128/><T37/><D37/><U98/><E63/><V42/><F42/><W43/><G77/><T125/><D125/><N who="3" m="48233" /><G73/><T135/><D135/><U106/><E65/><V25/><F25/><W39/><G5/><T38/><D38/><U111/><E98/><V55/><F55/><N who="3" m="30119" /><G0/><T119/><D119/><U22/><E111/><V36/><F36/><W110/><G110/><T127/><D127/><U46/><E46/><V27/><F27/><W2/><G2/><T11/><D105/><U17/><E106/><V64/><F64/><W60/><G60/><N who="0" m="38295" /><D121/><U28/><E120/><V83/><AGARI ba="0,0" hai="70,71,76,83,86,89,95,97,116,117,118" m="1119" machi="83" ten="40,1500,0" yaku="12,1" doraHai="18" who="2" fromWho="2" sc="165,-7,303,-4,226,15,306,-4" /><INIT seed="5,0,0,0,5,99" ten="158,299,241,302" oya="1" hai0="112,40,57,22,1,126,24,89,76,5,9,82,104" hai1="93,19,33,87,75,45,81,71,53,88,66,0,69" hai2="34,49,116,72,105,44,25,85,133,35,18,74,39" hai3="92,16,43,12,123,94,17,78,37,8,46,120,98"/><U95/><E33/><V11/><F116/><W77/><G92/><T31/><D112/><U60/><E0/><V29/><F39/><W135/><G135/><T52/><D126/><U108/><E71/><V79/><F35/><W100/><REACH who="3" step="1"/><G17/><REACH who="3" ten="158,299,241,292" step="2"/><T109/><D109/><U134/><E108/><V103/><F133/><W42/><G42/><T58/><D104/><U2/><E134/><V61/><F18/><W121/><AGARI ba="0,1" hai="8,12,16,37,43,46,77,78,94,98,100,120,121,123" machi="121" ten="30,8000,1" yaku="1,1,0,1,52,1,54,1,53,1" doraHai="99" doraHaiUra="15" who="3" fromWho="3" sc="158,-20,299,-40,241,-20,292,90" /><INIT seed="6,0,0,5,3,21" ten="138,259,221,382" oya="2" hai0="4,93,44,54,132,107,6,126,26,60,28,78,3" hai1="92,1,103,58,100,68,17,47,113,69,111,30,76" hai2="110,89,19,56,61,46,116,90,53,11,14,29,120" hai3="124,106,43,64,125,91,23,5,109,82,84,27,12"/><V75/><F116/><W122/><G109/><T57/><D107/><U118/><E1/><V10/><F120/><W99/><G122/><T34/><D132/><U83/><E111/><V77/><F110/><W16/><G64/><T50/><D126/><N who="3" m="48745" /><G43/><T134/><D134/><U22/><E30/><V105/><F105/><W73/><G73/><T123/><D123/><U45/><E58/><V8/><F29/><W70/><G70/><T115/><D3/><U55/><E69/><V97/><F46/><W96/><G106/><T88/><D78/><U79/><E68/><V41/><F41/><W0/><G0/><T95/><D95/><U81/><E55/><V114/><F114/><W101/><G101/><T108/><D115/><U33/><E33/><V35/><F35/><W9/><AGARI ba="0,0" hai="5,9,12,16,23,27,82,84,91,96,99" m="48745" machi="9" ten="30,4000,0" yaku="18,1,52,1,54,1" doraHai="21" who="3" fromWho="3" sc="138,-10,259,-10,221,-20,382,40" /><INIT seed="7,0,0,2,1,92" ten="128,249,201,422" oya="3" hai0="49,13,18,10,24,110,87,5,103,20,44,47,123" hai1="45,62,68,106,48,73,35,54,37,128,133,70,0" hai2="107,129,1,27,112,130,33,96,116,95,93,7,32" hai3="26,108,90,22,41,100,55,43,132,11,98,61,57"/><W122/><G122/><T94/><D110/><U91/><E0/><V42/><F116/><W113/><G113/><T14/><D123/><U115/><E35/><V8/><F112/><W83/><G132/><T78/><D47/><U50/><E106/><V15/><F42/><N who="3" m="15883" /><G108/><T31/><D78/><U60/><E37/><V28/><F33/><W79/><G79/><T119/><D119/><U85/><E73/><V135/><F135/><W104/><G104/><T30/><D24/><U124/><E70/><V97/><F1/><W69/><G69/><T88/><REACH who="0" step="1"/><D103/><REACH who="0" ten="118,249,201,422" step="2"/><U3/><E45/><V34/><F34/><W9/><G100/><T17/><D17/><U21/><E115/><V80/><F80/><W39/><G39/><T86/><D86/><U56/><E85/><V59/><F59/><W82/><G98/><N who="2" m="37993" /><F107/><W118/><G118/><T67/><D67/><U52/><E56/><V25/><F25/><W77/><G77/><T36/><D36/><U109/><E68/><V63/><F63/><W131/><G82/><T101/><D101/><U111/><E62/><V51/><F51/><W12/><G83/><T81/><D81/><U29/><E50/><V2/><F27/><W76/><G26/><T120/><D120/><U19/><E48/><V71/><F71/><W6/><G76/><T127/><D127/><U4/><E124/><V66/><F66/><W84/><G61/><T46/><D46/><U134/><E60/><V74/><F74/><W126/><G57/><T65/><D65/><U125/><E133/><V117/><F117/><W53/><G126/><T105/><D105/><RYUUKYOKU ba="0,1" sc="118,30,249,-10,201,-10,422,-10" hai0="5,10,13,14,18,20,30,31,44,49,87,88,94" owari="148,-35.0,239,4.0,191,-21.0,422,52.0" /></mjloggm>