<mjloggm ver="2.3"><GO type="169" lobby="0"/><UN n0="%E3%83%97%E3%83%83%E3%82%B7%E3%83%A5%E6%8A%BC%E3%81%99%E5%83%A7" n1="%E3%83%8D%E3%82%AA%E3%81%91%E3%82%8D%E3%81%A3%E3%81%A1%E3%82%87" n2="%E3%83%88%E3%83%88%E3%83%AA%E5%85%88%E7%94%9F%31%39%E6%AD%B3" n3="%E3%83%80%E3%83%B3%E3%83%86" dan="16,16,18,17" rate="2094.63,2107.56,2204.55,2219.56" sx="M,M,F,M"/><TAIKYOKU oya="0"/><INIT seed="0,0,0,0,1,120" ten="250,250,250,250" oya="0" hai0="79,89,122,8,63,28,87,56,10,76,104,15,101" hai1="116,39,92,77,126,49,31,24,57,51,107,29,93" hai2="65,22,36,115,60,99,34,11,100,103,5,50,119" hai3="35,19,58,117,12,71,53,95,114,91,105,64,102"/><T97/><D122/><U110/><E116/><V6/><F115/><W26/><G114/><T94/><D28/><U83/><E39/><V118/><F34/><W106/><G117/><N who="2" m="44553" /><F36/><W44/><G44/><T9/><REACH who="0" step="1"/><D15/><REACH who="0" ten="240,250,250,250" step="2"/><U123/><E123/><V70/><F5/><W109/><G12/><T69/><D69/><U42/><E29/><V45/><F6/><W98/><G19/><T13/><D13/><U125/><E107/><V2/><F70/><W23/><G71/><T129/><D129/><U80/><E31/><V0/><F0/><W84/><G106/><T54/><AGARI ba="0,1" hai="8,9,10,54,56,63,76,79,87,89,94,97,101,104" machi="54" ten="30,6000,0" yaku="1,1,0,1,53,1" doraHai="120" doraHaiUra="48" who="0" fromWho="0" sc="240,70,250,-20,250,-20,250,-20" /><INIT seed="0,1,0,5,2,116" ten="310,230,230,230" oya="0" hai0="34,107,104,99,27,1,100,67,132,111,95,93,133" hai1="33,70,42,121,63,135,44,87,16,30,43,55,114" hai2="3,92,66,117,120,45,58,73,97,119,51,112,74" hai3="113,98,40,11,59,47,123,60,82,21,76,53,102"/><T108/><D1/><U81/><E135/><N who="0" m="51785" /><D34/><U125/><E125/><V8/><F112/><W14/><G113/><T110/><D67/><U96/><E96/><V15/><F3/><W48/><G21/><T89/><D27/><U90/><E121/><V52/><F120/><W115/><G123/><T129/><D129/><U46/><E114/><V85/><F85/><AGARI ba="1,0" hai="85,89,93,95,99,100,104,107,108,110,111" m="51785" machi="85" ten="40,12000,1" yaku="14,1,10,1,20,1,34,2" doraHai="116" who="0" fromWho="2" sc="310,123,230,0,230,-123,230,0" /><INIT seed="0,2,0,0,3,30" ten="433,230,107,230" oya="0" hai0="132,133,77,126,116,69,99,118,131,51,102,4,130" hai1="122,54,79,123,38,97,35,100,0,129,25,42,75" hai2="55,6,3,7,24,2,11,64,81,31,5,28,84" hai3="8,18,86,12,121,92,120,108,134,127,66,48,68"/><T58/><D69/><U128/><E0/><N who="2" m="423" /><F55/><W34/><G108/><T82/><D51/><U57/><E57/><V98/><F98/><W19/><G134/><N who="0" m="51819" /><D58/><U61/><E61/><V23/><F84/><W26/><G127/><T43/><D43/><U37/><E54/><V45/><F81/><W110/><G110/><T113/><D4/><N who="2" m="1578" /><F45/><W17/><G48/><T78/><D126/><U67/><E67/><V16/><F64/><W27/><G66/><T117/><D113/><U39/><E42/><V56/><F56/><W32/><G68/><T50/><D50/><U40/><E40/><V96/><F96/><W87/><G92/><N who="0" m="58727" /><D78/><U109/><E79/><V111/><F111/><W71/><G71/><T36/><D36/><U74/><E109/><V44/><F44/><W73/><G73/><AGARI ba="2,0" hai="73,77,82,116,117,118,130,131" m="58727,51819" machi="73" ten="40,7700,0" yaku="20,1,34,2" doraHai="30" who="0" fromWho="3" sc="433,83,230,0,107,0,230,-83" /><INIT seed="0,3,0,3,3,93" ten="516,230,107,147" oya="0" hai0="35,54,128,21,15,95,7,14,31,16,56,82,126" hai1="114,42,53,122,91,23,87,46,9,98,12,24,111" hai2="6,101,8,66,105,5,92,0,63,130,64,20,60" hai3="94,109,127,34,62,97,99,118,27,59,51,102,32"/><T71/><D71/><U33/><E122/><V11/><F130/><W19/><G109/><T52/><D128/><U84/><E111/><V90/><F20/><W74/><G74/><T50/><D126/><U83/><E33/><V40/><F40/><W58/><G127/><T47/><D35/><U86/><E53/><V85/><F64/><W115/><G115/><T134/><D134/><U28/><E98/><N who="3" m="37386" /><G34/><T78/><D95/><U3/><E3/><V13/><F63/><W129/><G118/><T77/><D31/><U68/><E68/><V22/><F22/><N who="3" m="13791" /><G32/><T2/><D2/><U43/><E114/><V106/><REACH who="2" step="1"/><F101/><REACH who="2" ten="516,230,97,147" step="2"/><W73/><G129/><T38/><D38/><U55/><E42/><V119/><F119/><W29/><G29/><T81/><D77/><U4/><E43/><V123/><F123/><W48/><G62/><N who="0" m="36103" /><D78/><U39/><E39/><V75/><F75/><W41/><G73/><T26/><D26/><U120/><E120/><V135/><F135/><W30/><G30/><T125/><D125/><U45/><E55/><V25/><F25/><W113/><G113/><T79/><D79/><U107/><E107/><V117/><F117/><W10/><G41/><T103/><D103/><U57/><E28/><V100/><F100/><W72/><G72/><T49/><D49/><U104/><E104/><V18/><F18/><W88/><G102/><T108/><D108/><U116/><E116/><V80/><F80/><W69/><G51/><T37/><D37/><U65/><E65/><V110/><F110/><W70/><G48/><T131/><D131/><U121/><E121/><RYUUKYOKU ba="3,1" sc="516,15,230,-15,97,15,147,-15" hai0="7,14,15,16,21,47,50,54,81,82" hai2="0,5,6,8,11,13,60,66,85,90,92,105,106" /><INIT seed="0,4,1,3,3,128" ten="531,215,112,132" oya="0" hai0="0,27,110,115,132,95,81,16,55,126,82,70,24" hai1="78,66,48,96,133,54,120,14,85,2,15,20,37" hai2="46,17,38,83,131,129,101,11,98,21,10,135,84" hai3="59,29,63,108,104,77,62,18,130,31,49,42,26"/><T89/><D115/><U58/><E120/><V73/><F73/><W33/><G104/><T93/><D70/><U50/><E37/><V8/><F38/><W113/><G113/><T67/><D0/><U116/><E116/><V47/><F135/><W52/><G130/><N who="2" m="49673" /><F21/><N who="3" m="13623" /><G33/><T32/><D67/><U118/><E133/><V92/><F17/><W34/><G34/><T74/><D110/><U22/><E2/><V90/><AGARI ba="4,1" hai="8,10,11,46,47,83,84,90,92,98,101" m="49673" machi="90" ten="30,1100,0" yaku="19,1" doraHai="128" who="2" fromWho="2" sc="531,-9,215,-7,112,33,132,-7" /><INIT seed="1,0,0,2,4,81" ten="522,208,145,125" oya="1" hai0="14,80,128,61,92,12,42,29,93,54,52,135,24" hai1="126,127,49,34,6,78,122,4,9,76,111,130,25" hai2="36,38,59,32,118,47,94,19,37,132,105,51,109" hai3="71,33,97,65,5,73,75,16,90,41,123,15,40"/><U124/><E122/><V56/><F118/><W27/><G123/><T112/><D112/><U74/><E49/><V3/><F3/><W129/><G5/><N who="1" m="2154" /><E74/><V104/><F32/><W48/><G129/><T102/><D128/><U107/><E107/><V28/><F28/><W67/><G27/><T101/><D42/><U72/><E72/><V119/><F119/><W45/><G33/><T44/><D61/><U134/><E9/><V70/><F70/><W46/><G71/><T64/><D135/><U77/><E130/><V63/><F109/><W113/><G73/><T13/><D101/><U89/><E34/><V55/><F132/><W82/><G113/><T30/><D102/><U26/><E134/><V103/><F59/><W100/><G75/><T95/><D64/><U121/><E121/><V10/><F10/><W43/><G100/><T62/><D62/><U8/><E8/><V69/><F69/><W68/><G68/><T53/><D44/><N who="3" m="17001" /><G48/><T125/><D125/><U50/><E50/><V31/><F105/><W1/><G1/><T86/><D24/><N who="1" m="9323" /><E111/><V114/><F104/><W7/><G7/><T2/><D2/><U83/><E89/><AGARI ba="0,0" hai="12,13,14,29,30,52,53,54,80,86,89,92,93,95" machi="89" ten="50,8000,1" yaku="29,2,8,1,52,1,54,1" doraHai="81" who="0" fromWho="1" sc="522,80,208,-80,145,0,125,0" /><INIT seed="2,0,0,3,3,51" ten="602,128,145,125" oya="2" hai0="97,13,30,17,44,94,127,1,118,113,52,68,64" hai1="18,125,55,128,134,3,133,115,106,105,121,98,126" hai2="8,12,7,10,108,47,36,78,19,11,25,107,79" hai3="14,2,40,80,58,69,53,112,38,20,65,32,131"/><V74/><F107/><N who="1" m="40969" /><E98/><V59/><F108/><W101/><G101/><T62/><D1/><U67/><E67/><V95/><F74/><W50/><G32/><T61/><D127/><N who="1" m="48651" /><E18/><V82/><F82/><W48/><G2/><T120/><D30/><U93/><E93/><V71/><F71/><W116/><G116/><T49/><D120/><U99/><E99/><V117/><F117/><W29/><G29/><T135/><D113/><U124/><E3/><V90/><F47/><N who="3" m="23959" /><G80/><T85/><D85/><U91/><E91/><V86/><F36/><W103/><G103/><T76/><D76/><N who="2" m="29226" /><F59/><W0/><G0/><T87/><D87/><U73/><E55/><V110/><F110/><W130/><G112/><T27/><D118/><U37/><E37/><V45/><F45/><W132/><G69/><T60/><D27/><U122/><E73/><V22/><AGARI ba="0,0" hai="7,8,10,11,12,19,22,25,86,90,95" m="29226" machi="22" ten="30,1500,0" yaku="8,1" doraHai="51" who="2" fromWho="2" sc="602,-5,128,-5,145,15,125,-5" /><INIT seed="2,1,0,2,3,115" ten="597,123,160,120" oya="2" hai0="34,92,116,72,31,100,103,82,125,123,16,107,9" hai1="15,2,95,12,128,83,29,113,102,133,7,93,98" hai2="126,90,96,22,99,36,61,134,14,30,55,26,1" hai3="127,109,89,131,68,13,119,48,8,32,69,54,65"/><V80/><F1/><W52/><G32/><T42/><D123/><U104/><E113/><V120/><F120/><W73/><G73/><T130/><D130/><U91/><E29/><V97/><F36/><W20/><G131/><T6/><D125/><U63/><E128/><V23/><F126/><W106/><G106/><T19/><D107/><U86/><E133/><V58/><F134/><W39/><G39/><T124/><D42/><U118/><E118/><V44/><F44/><W75/><G75/><T3/><D116/><U10/><E63/><V40/><F40/><W38/><G38/><T25/><D124/><U71/><E71/><V60/><F60/><W49/><G20/><T66/><D66/><U43/><E43/><V85/><REACH who="2" step="1"/><F14/><REACH who="2" ten="597,123,150,120" step="2"/><W121/><G13/><T101/><D92/><U21/><E12/><V50/><F50/><W78/><G49/><T64/><D64/><U105/><E15/><V57/><F57/><W70/><G48/><T62/><D62/><U74/><E2/><V17/><F17/><W18/><G65/><T110/><D16/><U53/><E53/><V41/><F41/><W81/><G18/><T33/><D19/><U47/><E47/><V88/><F88/><W122/><G89/><T117/><D3/><U129/><E7/><V111/><F111/><W76/><G109/><T108/><D110/><U45/><E45/><V67/><F67/><W11/><G127/><T112/><D6/><U84/><E129/><V56/><F56/><W35/><G69/><T132/><D132/><U4/><E91/><V27/><F27/><W87/><G122/><RYUUKYOKU ba="1,1" sc="597,-10,123,-10,150,30,120,-10" hai2="22,23,26,30,55,58,61,80,85,90,96,97,99" /><INIT seed="2,2,1,0,2,127" ten="587,113,180,110" oya="2" hai0="27,61,69,52,75,17,4,81,73,112,104,121,131" hai1="94,105,91,25,109,110,67,23,2,43,22,123,14" hai2="66,93,95,107,48,77,133,111,92,40,41,31,33" hai3="42,44,6,60,108,16,114,35,115,70,103,98,88"/><V134/><F107/><W129/><G35/><T47/><D104/><U84/><E2/><V1/><F1/><W87/><G108/><T80/><D121/><U59/><E105/><V119/><F119/><W21/><G6/><T0/><D0/><U18/><E43/><V46/><F111/><W120/><G120/><T49/><D4/><U32/><E123/><V24/><F77/><W34/><G34/><T78/><D112/><N who="3" m="43049" /><G129/><T89/><D131/><U38/><E38/><V117/><F117/><W55/><G55/><T28/><D17/><U5/><E5/><V51/><REACH who="2" step="1"/><F66/><REACH who="2" ten="587,113,170,110" step="2"/><W7/><G7/><T68/><D78/><U102/><E109/><V130/><F130/><W37/><G70/><T10/><D69/><U63/><E110/><V57/><F57/><W135/><G135/><T122/><D68/><U54/><E67/><V11/><F11/><W9/><G9/><T36/><D10/><U96/><E32/><V71/><F71/><W45/><G45/><AGARI ba="2,2" hai="24,31,33,40,41,45,46,48,51,92,93,95,133,134" machi="45" ten="40,7700,0" yaku="1,1,9,1,53,1" doraHai="127" doraHaiUra="30" who="2" fromWho="3" sc="587,0,113,0,170,103,110,-83" /><INIT seed="2,3,0,1,1,106" ten="587,113,273,27" oya="2" hai0="37,131,17,44,0,60,18,54,90,88,68,58,3" hai1="79,107,118,93,24,48,34,130,81,50,51,100,77" hai2="43,103,20,40,102,30,7,19,98,110,13,96,111" hai3="121,124,56,15,89,28,25,105,104,91,134,9,92"/><V94/><F7/><W35/><G121/><T80/><D68/><U64/><E118/><V6/><F30/><W116/><G116/><T4/><D131/><U2/><E2/><V109/><REACH who="2" step="1"/><F6/><REACH who="2" ten="587,113,263,27" step="2"/><W99/><G134/><T86/><D4/><U8/><E130/><V14/><F14/><W59/><G124/><T117/><D117/><U52/><E8/><V45/><F45/><W10/><G15/><T57/><D44/><U127/><E127/><V5/><F5/><W73/><G9/><T101/><D3/><U47/><E24/><V128/><F128/><W46/><G10/><T26/><D0/><U16/><E34/><V42/><F42/><W1/><G46/><T31/><D26/><U29/><E29/><V49/><F49/><W21/><G1/><T129/><D31/><U78/><E16/><V83/><F83/><W87/><G35/><T125/><D129/><U69/><E81/><V71/><F71/><W120/><G120/><T97/><D125/><U11/><E11/><V22/><F22/><W70/><G70/><T53/><D18/><U76/><E69/><V113/><F113/><W67/><G21/><T133/><D17/><U41/><E50/><V82/><F82/><N who="3" m="49399" /><G25/><T95/><D133/><U33/><E33/><V85/><F85/><W75/><G28/><T38/><D38/><U32/><E32/><V27/><F27/><W61/><G59/><T12/><D37/><U123/><E123/><V72/><F72/><W132/><G132/><T122/><D12/><U112/><E47/><V39/><F39/><W23/><G23/><T65/><D122/><RYUUKYOKU ba="3,1" sc="587,-15,113,-15,263,15,27,15" hai2="13,19,20,40,43,94,96,98,102,103,109,110,111" hai3="56,61,67,73,75,91,92,99,104,105" /><INIT seed="2,4,1,2,0,68" ten="572,98,278,42" oya="2" hai0="41,87,74,11,51,30,85,34,15,98,128,54,23" hai1="67,84,75,4,13,127,49,18,118,115,47,102,25" hai2="94,79,60,6,52,59,114,82,19,134,125,17,69" hai3="9,103,0,117,16,29,21,119,24,132,3,93,42"/><V38/><F114/><W80/><G80/><T72/><D34/><U10/><E118/><N who="3" m="45066" /><G103/><T43/><D72/><U116/><E127/><V97/><F125/><W81/><G81/><T20/><D74/><U7/><E115/><V53/><F134/><W8/><G93/><T58/><D128/><U64/><E75/><V45/><F69/><W135/><G42/><N who="0" m="15883" /><D98/><U90/><E102/><V109/><F109/><W28/><G9/><T66/><D66/><N who="1" m="25131" /><E25/><V33/><F33/><W26/><G8/><T12/><D12/><U111/><E111/><V5/><F5/><W55/><G55/><T27/><D23/><U63/><E63/><V65/><F6/><AGARI ba="4,1" hai="6,11,15,20,27,30,51,54,58,85,87" m="15883" machi="6" ten="30,1000,0" yaku="8,1" doraHai="68" who="0" fromWho="2" sc="572,32,98,0,278,-22,42,0" /><INIT seed="3,0,0,3,3,1" ten="604,98,256,42" oya="3" hai0="132,64,100,86,67,47,80,42,102,110,93,2,20" hai1="112,5,57,59,30,94,44,115,96,103,15,62,71" hai2="28,92,50,82,107,69,36,9,78,4,101,109,33" hai3="29,34,73,24,74,72,3,40,46,79,118,51,11"/><W104/><G118/><T48/><D2/><U91/><E44/><V122/><F36/><W45/><G104/><T87/><D132/><U39/><E39/><V16/><F69/><W0/><G46/><T133/><D133/><U83/><E30/><V76/><F107/><W108/><G108/><T22/><D110/><U35/><E35/><V113/><F109/><W8/><G3/><T131/><D131/><U21/><E71/><V49/><F113/><W70/><G70/><T60/><D87/><U17/><E57/><V7/><F122/><W10/><REACH who="3" step="1"/><G0/><REACH who="3" ten="604,98,256,32" step="2"/><T55/><D47/><U13/><E112/><V27/><F33/><W124/><G124/><T117/><D117/><U97/><E115/><V14/><F76/><AGARI ba="0,1" hai="8,10,11,24,29,34,40,45,51,72,73,74,76,79" machi="76" ten="50,2400,0" yaku="1,1,53,0" doraHai="1" doraHaiUra="116" who="3" fromWho="2" sc="604,0,98,0,256,-24,32,34" /><INIT seed="3,1,0,3,4,16" ten="604,98,232,66" oya="3" hai0="118,18,115,98,120,128,28,76,135,101,60,52,67" hai1="105,82,4,7,34,89,29,33,99,62,21,69,110" hai2="56,77,95,10,35,12,109,23,94,25,100,19,24" hai3="11,72,27,32,74,15,81,51,55,58,5,0,87"/><W126/><G126/><T133/><D120/><U107/><E110/><V106/><F109/><W88/><REACH who="3" step="1"/><G0/><REACH who="3" ten="604,98,232,56" step="2"/><T112/><D112/><U37/><E105/><V42/><F106/><W123/><G123/><T22/><D115/><U122/><E122/><V111/><F111/><W113/><G113/><T70/><D133/><U65/><E107/><V38/><F35/><W83/><G83/><T45/><D135/><U103/><E82/><V1/><F1/><W63/><G63/><T30/><D60/><U36/><E33/><V79/><F94/><W54/><G54/><T41/><D52/><U20/><E34/><V31/><F95/><W91/><G91/><T130/><D130/><U49/><E89/><V97/><F79/><W14/><G14/><T44/><D128/><U102/><E62/><V26/><F77/><W124/><G124/><T8/><D76/><U47/><E103/><V96/><F100/><W86/><G86/><T43/><D101/><U71/><E102/><V78/><F78/><W92/><G92/><T104/><D104/><U90/><E90/><V132/><F132/><W116/><G116/><T57/><D118/><U66/><E99/><V119/><F119/><W53/><G53/><T121/><D98/><U117/><E117/><V127/><F127/><W75/><G75/><T59/><D121/><U2/><E2/><V68/><F97/><W64/><G64/><T40/><D67/><U85/><E85/><V114/><F96/><W61/><G61/><T125/><D125/><U39/><E65/><V73/><F114/><W129/><G129/><T108/><D108/><RYUUKYOKU ba="1,1" sc="604,-10,98,-10,232,-10,56,30" hai3="5,11,15,27,32,51,55,58,72,74,81,87,88" /><INIT seed="3,2,1,2,4,94" ten="594,88,222,86" oya="3" hai0="97,24,89,70,68,87,114,67,74,83,20,2,29" hai1="33,50,107,122,42,95,99,106,18,32,8,37,80" hai2="11,79,10,108,133,101,111,124,105,131,5,21,88" hai3="64,41,109,13,4,76,92,17,119,14,86,91,63"/><W56/><G119/><T30/><D2/><U57/><E37/><V16/><F131/><W51/><G109/><N who="2" m="42057" /><F133/><W117/><G117/><T75/><D114/><U98/><E80/><V62/><F124/><W26/><G76/><T9/><D30/><U36/><E36/><V77/><F62/><W129/><G129/><T38/><D38/><U53/><E122/><V23/><F101/><W58/><G4/><T69/><D67/><U48/><E8/><V22/><F105/><W134/><G134/><T43/><D43/><U121/><E121/><V1/><F88/><W40/><G26/><T46/><D46/><U15/><E42/><V59/><F59/><W54/><REACH who="3" step="1"/><G14/><AGARI ba="2,1" hai="1,5,10,11,14,16,21,22,23,77,79" m="42057" machi="14" ten="30,2000,0" yaku="14,1,54,1" doraHai="94" who="2" fromWho="3" sc="594,0,88,0,222,36,86,-26" /><INIT seed="4,0,0,0,3,61" ten="594,88,258,60" oya="0" hai0="83,82,134,55,89,70,57,50,36,21,117,99,114" hai1="131,128,96,84,14,28,43,122,120,23,29,121,107" hai2="85,1,105,37,124,34,44,56,79,6,132,67,112" hai3="15,101,130,74,3,88,106,69,86,4,78,11,38"/><T16/><D117/><U33/><E43/><V35/><F105/><W100/><G38/><T31/><D36/><U47/><E47/><V52/><F132/><W0/><G130/><N who="1" m="49706" /><E84/><V104/><F104/><W10/><G69/><T95/><D114/><U81/><E81/><V19/><F124/><W103/><G106/><T72/><D134/><U41/><E41/><V113/><F67/><W49/><G78/><T125/><D125/><U53/><E53/><V30/><F19/><W2/><G74/><T115/><D115/><N who="2" m="44106" /><F30/><N who="1" m="11881" /><E96/><V127/><F127/><W9/><REACH who="3" step="1"/><G49/><REACH who="3" ten="594,88,258,50" step="2"/><T98/><D72/><U60/><E107/><V13/><F79/><W76/><G76/><T32/><D70/><U8/><E60/><V46/><F37/><W20/><G20/><T108/><D50/><U87/><E23/><V91/><F35/><W63/><G63/><T133/><D32/><U90/><E33/><V123/><F34/><W135/><G135/><T17/><D133/><U119/><E119/><V58/><F123/><W92/><AGARI ba="0,1" hai="0,2,3,4,9,10,11,15,86,88,92,100,101,103" machi="92" ten="40,5200,0" yaku="1,1,0,1,54,1,53,0" doraHai="61" doraHaiUra="62" who="3" fromWho="3" sc="594,-26,88,-13,258,-13,50,62" /><INIT seed="5,0,0,5,5,107" ten="568,75,245,112" oya="1" hai0="84,102,90,8,108,125,1,118,111,47,16,115,79" hai1="18,91,117,82,69,123,126,6,67,50,75,2,62" hai2="93,106,17,59,112,49,39,127,61,30,57,96,36" hai3="92,78,86,98,15,85,31,14,63,124,4,28,94"/><U9/><E117/><V58/><F106/><W13/><G124/><T3/><D118/><U29/><E123/><V110/><F110/><W103/><G4/><T54/><D102/><U99/><E126/><V33/><F127/><W73/><G73/><T72/><D115/><U76/><E29/><V65/><F112/><W97/><G63/><T41/><D125/><U52/><E18/><V132/><F132/><W89/><G78/><T34/><D34/><U20/><E20/><V22/><F33/><W135/><G135/><T46/><D79/><U21/><E21/><V24/><F17/><W87/><AGARI ba="0,0" hai="13,14,15,28,31,85,86,87,89,92,94,97,98,103" machi="87" ten="30,2000,0" yaku="0,1,8,1" doraHai="107" who="3" fromWho="3" sc="568,-5,75,-10,245,-5,112,20" /><INIT seed="6,0,0,2,5,15" ten="563,65,240,132" oya="2" hai0="106,35,118,87,12,56,129,80,72,6,101,110,57" hai1="104,93,112,91,32,121,18,125,5,19,10,65,53" hai2="48,100,64,135,102,122,8,81,68,107,25,103,22" hai3="27,128,41,24,73,113,62,3,54,51,134,16,71"/><V130/><F122/><W4/><G73/><T49/><D35/><U79/><E32/><V20/><F130/><W66/><G41/><T97/><D110/><U127/><E104/><V94/><F107/><W95/><G134/><T44/><D72/><U38/><E121/><V78/><F103/><W50/><G128/><T82/><D82/><U126/><E79/><V96/><F102/><W83/><G83/><T58/><D118/><U33/><E33/><V28/><F135/><W84/><G113/><T40/><D129/><U26/><E26/><V36/><F36/><W34/><G27/><T111/><D111/><U98/><E112/><V69/><F20/><W119/><G119/><T105/><D105/><U133/><E133/><V131/><F131/><W90/><G34/><T74/><D74/><U115/><E115/><V55/><F8/><W0/><G4/><T46/><D46/><U67/><E53/><V52/><F55/><W61/><G61/><T123/><D123/><U63/><E38/><V45/><F64/><N who="1" m="24649" /><E63/><V88/><F100/><W1/><REACH who="3" step="1"/><G54/><REACH who="3" ten="563,65,240,122" step="2"/><T59/><D6/><U85/><E85/><AGARI ba="0,1" hai="22,25,28,45,48,52,68,69,78,81,85,88,94,96" machi="85" ten="30,5800,0" yaku="7,1,54,2" doraHai="15" who="2" fromWho="1" sc="563,0,65,-58,240,68,122,0" /><INIT seed="6,1,0,0,0,44" ten="563,7,308,122" oya="2" hai0="93,112,98,65,84,103,110,78,87,32,135,42,41" hai1="109,36,68,104,95,67,53,124,17,101,37,9,123" hai2="33,72,77,29,108,27,71,22,115,111,94,16,8" hai3="128,18,60,121,91,40,35,119,25,47,10,106,105"/><V59/><F71/><W26/><G121/><T83/><D32/><U107/><E109/><N who="2" m="42059" /><F115/><W113/><G119/><T45/><D112/><U117/><E117/><V99/><F72/><W97/><G60/><T88/><D135/><U15/><E123/><V54/><F77/><W125/><G128/><T118/><D118/><U51/><E124/><V64/><F64/><W75/><G75/><T133/><D133/><U82/><E107/><V48/><F8/><W11/><G125/><T13/><D65/><U52/><E104/><V1/><F1/><W12/><G11/><T50/><D110/><U2/><E53/><V14/><F94/><W46/><G113/><T86/><D13/><U90/><E2/><V63/><F99/><W102/><G106/><T49/><D78/><U57/><E101/><V126/><F63/><W43/><G91/><T69/><D69/><U114/><E114/><V73/><F73/><W62/><G62/><T81/><D81/><U34/><E34/><V74/><F74/><W0/><G0/><T20/><D20/><U134/><E134/><V100/><F100/><W92/><G105/><T4/><D4/><U131/><E131/><V24/><F14/><W38/><G35/><T132/><D132/><U5/><E5/><V3/><F3/><W23/><G10/><T76/><D76/><U21/><E9/><V116/><F116/><W66/><G66/><T58/><D58/><U129/><E129/><V61/><F61/><W28/><G28/><T7/><D7/><U122/><E122/><V30/><F30/><W70/><G70/><T31/><D31/><RYUUKYOKU ba="1,0" sc="563,10,7,-30,308,10,122,10" hai0="41,42,45,49,50,83,84,86,87,88,93,98,103" hai2="16,22,24,27,29,33,48,54,59,126" hai3="12,18,23,25,26,38,40,43,46,47,92,97,102" owari="573,67.0,-23,-52.0,318,12.0,132,-27.0" /></mjloggm>