<mjloggm ver="2.3"><GO type="169" lobby="0"/><UN n0="%E3%82%A8%E3%83%83%E3%83%95%E3%82%A7%E3%83%AB%E5%A1%94" n1="%E8%85%90%E7%94%9F%E8%B1%9A%E3%82%B3%E3%83%84%E3%83%9C%E3%83%BC" n2="%E3%82%A6%E3%83%AB%E3%83%88%E3%83%A9%E7%AB%8B%E7%9B%B4" n3="%68%61%72%75%72%75%39%31" dan="16,17,17,16" rate="2145.94,2147.66,2227.92,2056.38" sx="M,M,M,M"/><TAIKYOKU oya="0"/><INIT seed="0,0,0,0,4,58" ten="250,250,250,250" oya="0" hai0="7,41,84,28,96,80,65,92,107,5,35,4,70" hai1="47,9,112,93,69,85,111,88,74,59,94,127,91" hai2="126,71,52,97,103,0,89,133,36,56,21,86,16" hai3="101,29,60,109,119,14,2,95,8,131,23,32,115"/><T1/><D1/><U6/><E69/><V117/><F36/><W99/><G115/><T106/><D41/><U108/><E74/><V134/><F0/><W83/><G119/><T128/><D128/><U113/><E47/><V110/><F71/><W78/><G131/><T50/><D50/><U57/><E127/><V12/><F126/><W19/><G109/><N who="1" m="42058" /><E59/><V81/><F117/><W118/><G118/><T114/><D114/><N who="1" m="44139" /><E57/><V51/><REACH who="2" step="1"/><F110/><REACH who="2" ten="250,250,240,250" step="2"/><W55/><G2/><T98/><D70/><U73/><E73/><V53/><F53/><W26/><G32/><T44/><D65/><U130/><E130/><V79/><F79/><W66/><G55/><T135/><D106/><AGARI ba="0,1" hai="12,16,21,51,52,56,81,86,89,97,103,106,133,134" machi="106" ten="40,5200,0" yaku="1,1,54,2,53,0" doraHai="58" doraHaiUra="37" who="2" fromWho="0" sc="250,-52,250,0,240,62,250,0" /><INIT seed="1,0,0,5,3,126" ten="198,250,302,250" oya="1" hai0="37,111,72,58,18,6,38,110,84,119,15,78,109" hai1="121,24,21,1,2,132,36,123,20,65,83,99,63" hai2="7,95,23,75,135,47,67,88,71,94,50,11,122" hai3="54,29,12,91,100,98,28,56,118,34,10,16,87"/><U80/><E36/><V49/><F75/><W117/><G34/><T8/><D119/><N who="3" m="45577" /><G87/><T102/><D72/><U52/><E132/><V127/><F127/><W131/><G91/><T41/><D102/><U32/><E99/><V4/><F95/><N who="3" m="58463" /><G131/><T51/><D58/><U3/><E32/><V104/><F47/><W26/><G26/><T112/><D112/><U62/><E52/><V77/><F67/><W105/><G105/><T61/><D61/><AGARI ba="0,0" hai="10,12,16,28,29,54,56,61" m="58463,45577" machi="61" ten="30,2000,0" yaku="12,1,54,1" doraHai="126" who="3" fromWho="0" sc="198,-20,250,0,302,0,250,20" /><INIT seed="2,0,0,1,3,57" ten="178,250,302,270" oya="2" hai0="55,103,88,70,108,98,66,83,13,107,39,49,128" hai1="31,3,89,64,58,106,50,43,47,28,41,11,24" hai2="26,72,133,116,53,2,101,114,125,54,17,129,126" hai3="79,16,10,32,15,119,84,96,0,6,30,52,110"/><V56/><F72/><W75/><G119/><T34/><D39/><U91/><E106/><V67/><F2/><W61/><G110/><T77/><D108/><U65/><E3/><V38/><F116/><W82/><G96/><T21/><D34/><U9/><E58/><V92/><F38/><W42/><G42/><T69/><D128/><U80/><E80/><V130/><F114/><W99/><G99/><T123/><D123/><U86/><E24/><V45/><F101/><W74/><G61/><T5/><D66/><U87/><REACH who="1" step="1"/><E50/><REACH who="1" ten="178,240,302,270" step="2"/><V20/><F129/><W27/><REACH who="3" step="1"/><G52/><REACH who="3" ten="178,240,302,260" step="2"/><T48/><D55/><U78/><E78/><V68/><F54/><W46/><G46/><AGARI ba="0,2" hai="9,11,28,31,41,43,46,47,64,65,86,87,89,91" machi="46" ten="25,6400,0" yaku="1,1,22,2,8,1,53,0" doraHai="57" doraHaiUra="22" who="1" fromWho="3" sc="178,0,240,84,302,0,260,-64" /><INIT seed="3,0,0,1,0,128" ten="178,324,302,196" oya="3" hai0="56,120,3,2,6,52,26,96,121,49,103,35,51" hai1="102,110,39,118,134,38,69,66,75,97,119,14,22" hai2="86,17,87,82,31,89,81,101,133,34,53,90,18" hai3="57,37,24,80,28,112,36,50,42,54,44,65,100"/><W32/><G112/><T20/><D35/><U45/><E75/><V127/><F127/><W74/><G100/><T43/><D43/><U19/><E110/><V11/><F101/><W77/><REACH who="3" step="1"/><G65/><REACH who="3" ten="178,324,302,186" step="2"/><T91/><D121/><U48/><E66/><V88/><F89/><W73/><G73/><T113/><D113/><U99/><E102/><V4/><F88/><W85/><G85/><T111/><D120/><U46/><E99/><V132/><F90/><W23/><G23/><T25/><D91/><U13/><E22/><V94/><F87/><W79/><G79/><T104/><D111/><U15/><E97/><V135/><F86/><W41/><G41/><T117/><D117/><U61/><E119/><V10/><F82/><W131/><G131/><T114/><D114/><U129/><E129/><V125/><F81/><W78/><G78/><T72/><D72/><U8/><E118/><V68/><F125/><W115/><G115/><T33/><D20/><U58/><E8/><V76/><F76/><W116/><G116/><T67/><D67/><U122/><E122/><V27/><F11/><W9/><G9/><T55/><D103/><U70/><E13/><V7/><F10/><W30/><G30/><T59/><D33/><U71/><E14/><V95/><F34/><W123/><G123/><T0/><D6/><U16/><E15/><V108/><F4/><W92/><G92/><T64/><D64/><U63/><E19/><V1/><F17/><W47/><G47/><T29/><D29/><U5/><E16/><V83/><F18/><W98/><G98/><T107/><D96/><RYUUKYOKU ba="0,1" sc="178,15,324,-15,302,-15,186,15" hai0="0,2,3,25,26,49,51,52,55,56,59,104,107" hai3="24,28,32,36,37,42,44,50,54,57,74,77,80" /><INIT seed="3,1,1,4,3,120" ten="193,309,287,201" oya="3" hai0="96,29,58,89,79,37,110,48,9,52,97,49,108" hai1="73,85,129,38,60,13,103,5,80,18,114,117,28" hai2="10,66,81,107,126,119,56,6,22,101,4,46,14" hai3="23,121,32,100,68,92,7,124,36,51,113,115,20"/><W15/><G121/><T98/><D37/><U67/><E38/><V106/><F119/><W130/><G32/><T70/><D70/><U74/><E114/><V25/><F126/><W84/><G36/><T93/><D79/><U134/><E117/><V43/><F6/><W118/><G118/><T76/><D76/><U61/><E129/><V102/><F106/><W127/><G68/><T1/><D29/><U112/><E112/><V75/><F107/><W8/><G51/><T47/><D9/><U90/><E28/><V44/><F81/><W40/><G40/><T82/><D82/><U2/><E103/><N who="2" m="39435" /><F43/><W105/><G105/><T55/><REACH who="0" step="1"/><D1/><REACH who="0" ten="183,309,287,201" step="2"/><U94/><E2/><V77/><F77/><W135/><G130/><T41/><D41/><U53/><E80/><V24/><F75/><W31/><G31/><T86/><AGARI ba="1,2" hai="47,48,49,52,55,58,86,89,93,96,97,98,108,110" machi="86" ten="30,8000,1" yaku="1,1,0,1,52,2,54,1,53,0" doraHai="120" doraHaiUra="63" who="0" fromWho="0" sc="183,103,309,-21,287,-21,201,-41" /><INIT seed="4,0,0,0,1,88" ten="286,288,266,160" oya="0" hai0="109,99,117,102,49,126,80,94,133,125,95,16,127" hai1="85,121,111,66,130,98,4,93,27,92,135,7,83" hai2="116,128,101,60,104,14,13,44,35,19,46,20,64" hai3="65,61,91,38,57,71,79,73,31,72,103,50,39"/><T132/><D49/><U41/><E121/><V58/><F35/><W47/><G103/><T120/><D120/><U5/><E111/><V18/><F128/><W112/><G112/><T90/><D117/><U123/><E123/><V22/><F116/><W129/><G129/><T106/><D109/><U134/><E130/><V56/><F104/><W69/><G31/><T33/><D33/><U42/><E27/><V86/><F101/><W122/><G122/><T40/><D40/><N who="1" m="15467" /><E98/><V119/><F119/><W48/><G73/><T131/><D131/><U82/><E66/><V75/><F75/><W68/><G79/><T6/><D6/><U97/><E97/><V96/><F96/><W28/><G28/><T81/><D16/><U110/><E110/><V55/><F86/><W23/><G23/><T115/><D115/><U37/><E37/><N who="3" m="13834" /><G91/><T53/><D53/><U108/><E108/><V17/><F17/><W1/><G1/><T0/><D0/><U70/><E70/><V32/><F32/><W21/><G21/><T10/><D10/><U36/><E36/><V77/><F77/><W107/><G107/><T105/><D105/><U78/><E83/><N who="0" m="31817" /><D90/><U113/><E113/><V84/><F84/><W67/><G72/><T2/><D2/><U74/><E74/><V62/><AGARI ba="0,0" hai="13,14,18,19,20,22,44,46,55,56,58,60,62,64" machi="62" ten="20,5200,0" yaku="0,1,7,1,9,1,8,1" doraHai="88" who="2" fromWho="2" sc="286,-26,288,-13,266,52,160,-13" /><INIT seed="5,0,0,0,3,38" ten="260,275,318,147" oya="1" hai0="11,53,75,104,22,35,41,105,68,83,34,103,17" hai1="87,15,56,28,30,16,133,90,61,6,24,50,36" hai2="48,69,27,25,20,60,45,94,33,121,54,32,12" hai3="55,115,59,49,106,100,128,57,114,42,82,116,134"/><U65/><E36/><V4/><F121/><W31/><G31/><T44/><D68/><U81/><E133/><V43/><F27/><W77/><G100/><T98/><D105/><U126/><E126/><V132/><F132/><W127/><G106/><T85/><D53/><U66/><E66/><V73/><F73/><W21/><G21/><T3/><D75/><U88/><E90/><V47/><F94/><W86/><G134/><T84/><D11/><N who="1" m="4599" /><E50/><V46/><F46/><N who="3" m="25815" /><G128/><T23/><D3/><U13/><E24/><V5/><F5/><W120/><G120/><T102/><D102/><U62/><E62/><V119/><F119/><W70/><G70/><T99/><D99/><U8/><AGARI ba="0,0" hai="8,13,16,28,30,56,61,65,81,87,88" m="4599" machi="8" ten="30,6000,0" yaku="8,1,54,2" doraHai="38" who="1" fromWho="1" sc="260,-20,275,60,318,-20,147,-20" /><INIT seed="5,1,0,5,5,37" ten="240,335,298,127" oya="1" hai0="53,34,125,67,25,107,20,61,75,116,122,17,83" hai1="80,4,44,131,38,8,45,84,43,98,123,11,99" hai2="40,134,7,93,35,89,49,86,57,39,27,18,22" hai3="3,96,124,70,51,47,19,28,76,111,58,59,26"/><U104/><E123/><V103/><F134/><W110/><G70/><T109/><D53/><U56/><E131/><V21/><F35/><W106/><G3/><T74/><D83/><U55/><E104/><V62/><F7/><W29/><G76/><T42/><D61/><U2/><E45/><V120/><F120/><W101/><G19/><T16/><D67/><U30/><E11/><V48/><F103/><W10/><G10/><T108/><D107/><U95/><E95/><V13/><F39/><W126/><G29/><T81/><D81/><U90/><REACH who="1" step="1"/><E30/><REACH who="1" ten="240,325,298,127" step="2"/><V102/><F93/><W127/><G110/><T1/><D122/><U114/><E114/><V71/><F102/><W133/><G111/><T23/><D109/><U128/><E128/><V66/><F71/><W91/><G133/><T60/><D108/><U77/><E77/><V94/><F94/><W64/><G91/><T92/><D92/><U121/><E121/><V69/><F89/><W85/><G85/><T46/><D46/><U87/><E87/><V32/><F86/><W15/><G106/><T88/><D88/><U6/><E6/><V129/><F69/><W24/><G28/><T119/><D1/><U50/><AGARI ba="1,1" hai="2,4,8,38,43,44,50,55,56,80,84,90,98,99" machi="50" ten="20,12000,1" yaku="1,1,0,1,7,1,52,1,53,1" doraHai="37" doraHaiUra="5" who="1" fromWho="1" sc="240,-41,325,133,298,-41,127,-41" /><INIT seed="5,2,0,2,0,0" ten="199,458,257,86" oya="1" hai0="26,23,116,21,72,96,117,37,107,32,100,20,52" hai1="40,10,102,31,113,103,42,27,85,114,33,79,67" hai2="91,121,89,128,68,130,56,54,70,78,35,101,88" hai3="76,2,106,59,24,8,65,66,49,132,74,9,46"/><U17/><E67/><V63/><F35/><W39/><G106/><T13/><D37/><U22/><E102/><V38/><F121/><W133/><G24/><T53/><D72/><U87/><E103/><V119/><F119/><W110/><G110/><T120/><D120/><U77/><E10/><V90/><F38/><W98/><G98/><T6/><D117/><U73/><E73/><V50/><F101/><W93/><G93/><T60/><D116/><U45/><E79/><V131/><F78/><W71/><G9/><T61/><D32/><U12/><E77/><V124/><F124/><W122/><G122/><T44/><D26/><U84/><REACH who="1" step="1"/><E42/><REACH who="1" ten="199,448,257,86" step="2"/><V81/><F81/><W82/><G71/><T34/><D100/><U51/><AGARI ba="2,1" hai="12,17,22,27,31,33,40,45,51,84,85,87,113,114" machi="51" ten="30,12000,1" yaku="1,1,2,1,0,1,53,2" doraHai="0" doraHaiUra="111" who="1" fromWho="1" sc="199,-42,448,136,257,-42,86,-42" /><INIT seed="5,3,0,5,3,15" ten="157,584,215,44" oya="1" hai0="67,128,65,115,122,31,19,35,129,53,74,83,18" hai1="61,133,34,11,66,29,47,121,94,84,99,73,72" hai2="81,93,50,7,0,1,108,119,89,124,9,131,91" hai3="78,79,3,41,120,87,20,127,126,75,44,80,109"/><U117/><E121/><V46/><F119/><W58/><G120/><T38/><D122/><U6/><E117/><V112/><F124/><W107/><G107/><T111/><D111/><U5/><E133/><V48/><F131/><N who="0" m="50250" /><D38/><U106/><E47/><V118/><F50/><W110/><G3/><T56/><D115/><U21/><E106/><V105/><F105/><W114/><G58/><T54/><D31/><U36/><E84/><V102/><F102/><W60/><G60/><N who="0" m="35863" /><D35/><U85/><E85/><V100/><F1/><W2/><G2/><T77/><D53/><U39/><E34/><V135/><F0/><W23/><G75/><T101/><D101/><U69/><E73/><V130/><F100/><W88/><G114/><T4/><D4/><U28/><E72/><V43/><F7/><W26/><G109/><T51/><D51/><U22/><E6/><V95/><F48/><N who="3" m="26639" /><G110/><T123/><D123/><U70/><E69/><V52/><F108/><W10/><G126/><T68/><D68/><U59/><E70/><V45/><F112/><W104/><G127/><T98/><D98/><U33/><E33/><V86/><F118/><W62/><G62/><T37/><D37/><U103/><E39/><V32/><F32/><W14/><G104/><T125/><D125/><U71/><E36/><V92/><F43/><W134/><G134/><T13/><D13/><N who="1" m="5359" /><E71/><V116/><F135/><W16/><G26/><T113/><D113/><U57/><E57/><V97/><F130/><W27/><G27/><T64/><AGARI ba="3,0" hai="18,19,64,65,67,74,77,83" m="35863,50250" machi="64" ten="30,4000,0" yaku="19,1,52,2" doraHai="15" who="0" fromWho="0" sc="157,49,584,-23,215,-13,44,-13" /><INIT seed="6,0,0,1,5,9" ten="206,561,202,31" oya="2" hai0="17,11,21,110,20,2,22,23,7,112,48,135,65" hai1="132,12,128,126,15,19,94,87,83,31,82,50,72" hai2="115,43,116,80,108,26,64,37,99,36,47,28,45" hai3="77,119,81,121,103,67,0,10,51,41,129,125,61"/><V16/><F116/><W79/><G121/><T75/><D75/><U114/><E126/><V66/><F115/><W53/><G119/><T123/><D65/><U106/><E106/><V91/><F108/><W86/><G125/><T97/><D123/><U14/><E114/><V76/><F91/><W30/><G30/><T59/><D112/><U100/><E31/><V25/><F99/><W3/><G41/><T122/><D122/><U104/><E104/><V73/><F45/><W56/><G79/><T120/><D120/><U133/><E128/><V69/><F37/><W6/><G103/><T107/><D110/><U130/><E130/><V52/><F52/><W38/><G38/><T34/><D34/><U4/><E4/><V93/><F93/><W1/><REACH who="3" step="1"/><G129/><REACH who="3" ten="206,561,202,21" step="2"/><T44/><D135/><N who="1" m="51787" /><E50/><V18/><F28/><W113/><G113/><T124/><D124/><U55/><E55/><V35/><F35/><W92/><G92/><T42/><D107/><U60/><E60/><V24/><F66/><W74/><G74/><T32/><D32/><U58/><E58/><AGARI ba="0,1" hai="0,1,3,6,10,51,53,56,58,61,67,77,81,86" machi="58" ten="30,2000,0" yaku="1,1,7,1,53,0" doraHai="9" doraHaiUra="131" who="3" fromWho="1" sc="206,0,561,-20,202,0,21,30" /><INIT seed="7,0,0,4,3,71" ten="206,541,202,51" oya="3" hai0="108,128,133,72,129,49,7,105,25,22,15,103,41" hai1="10,132,115,40,56,28,24,20,131,90,23,37,94" hai2="86,46,77,0,83,21,18,2,109,75,58,1,110" hai3="4,69,81,111,116,38,127,70,107,126,26,96,68"/><W98/><G116/><T85/><D72/><U95/><E115/><V112/><F112/><W82/><G111/><T130/><D108/><U53/><E132/><V43/><F58/><W99/><G107/><T67/><D67/><U3/><E131/><V61/><F61/><W16/><G4/><T122/><D122/><U45/><E23/><V80/><F80/><W97/><N who="3" m="24576" /><DORA hai="36" /><W73/><G38/><T59/><D103/><U118/><E118/><V31/><F31/><W119/><G119/><T76/><D105/><U84/><E10/><V13/><REACH who="2" step="1"/><F75/><REACH who="2" ten="206,541,192,51" step="2"/><W87/><G73/><T9/><D133/><U33/><E3/><V121/><F121/><W123/><G123/><T89/><D76/><U14/><E14/><V100/><F100/><W78/><REACH who="3" step="1"/><G82/><REACH who="3" ten="206,541,192,41" step="2"/><T135/><D135/><U42/><E37/><AGARI ba="0,2" hai="0,1,2,13,18,21,37,43,46,77,83,86,109,110" machi="37" ten="40,8000,1" yaku="1,1,52,2,53,1" doraHai="71,36" doraHaiUra="44,79" who="2" fromWho="1" sc="206,0,541,-80,192,100,41,0" owari="206,-19.0,461,56.0,292,9.0,41,-46.0" /></mjloggm>