<mjloggm ver="2.3"><GO type="169" lobby="0"/><UN n0="%E2%98%86%E7%9C%9F%E9%A2%A8%E2%98%86" n1="%E9%9D%92%E7%8C%AB" n2="%E5%B0%B1%E6%B4%BB%E7%94%9F%40%E5%B7%9D%E6%9D%91%E8%BB%8D%E5%9B%A3" n3="%E3%83%8B%E3%83%A3%E3%83%83%E3%83%94%E3%83%BC%E5%A4%8F%E7%9B%AE" dan="17,17,17,18" rate="2170.33,2075.27,2226.94,2155.91" sx="F,M,M,M"/><TAIKYOKU oya="0"/><INIT seed="0,0,0,0,0,22" ten="250,250,250,250" oya="0" hai0="69,117,85,37,110,1,124,28,55,61,64,13,81" hai1="2,72,59,58,87,93,116,88,46,38,89,36,114" hai2="39,15,100,95,105,125,77,24,111,18,84,121,132" hai3="78,92,82,63,108,21,31,131,104,35,109,48,115"/><T5/><D117/><U11/><E116/><V62/><F121/><W9/><G104/><T20/><D124/><U128/><E72/><V118/><F111/><W79/><G115/><T86/><D110/><U57/><E114/><V91/><F132/><W16/><G131/><T83/><D37/><U99/><E46/><V26/><F125/><W19/><G35/><T8/><D55/><U70/><E70/><V0/><F0/><W120/><G120/><T107/><D107/><U51/><E51/><V3/><F3/><W74/><G78/><T44/><D44/><U98/><E128/><V49/><F39/><W73/><G73/><T71/><D71/><U113/><E113/><V7/><F7/><W135/><G135/><T75/><D75/><U23/><E99/><V33/><F33/><W129/><G129/><T90/><D1/><U119/><E119/><V30/><F30/><W133/><G133/><T45/><D45/><U50/><E50/><V6/><F6/><W17/><G9/><T14/><D14/><U103/><E89/><V40/><F77/><W56/><G48/><T97/><D97/><U102/><E102/><V25/><F118/><W65/><REACH who="3" step="1"/><G92/><REACH who="3" ten="250,250,250,240" step="2"/><T76/><D20/><U4/><REACH who="1" step="1"/><E23/><REACH who="1" ten="250,240,250,240" step="2"/><N who="2" m="11743" /><F105/><AGARI ba="0,2" hai="2,4,11,36,38,57,58,59,87,88,93,98,103,105" machi="105" ten="40,5200,0" yaku="1,1,54,1,53,1" doraHai="22" doraHaiUra="32" who="1" fromWho="2" sc="250,0,240,72,250,-52,240,0" /><INIT seed="1,0,0,5,5,135" ten="250,312,198,240" oya="1" hai0="92,20,122,9,53,43,54,58,57,111,96,46,84" hai1="129,2,79,109,121,56,133,40,78,89,23,81,99" hai2="82,110,38,130,118,67,24,22,32,65,0,117,116" hai3="50,44,51,76,119,80,33,87,75,6,60,98,104"/><U31/><E121/><V29/><F38/><W47/><G33/><T123/><D111/><U120/><E2/><V69/><F110/><W97/><G119/><T4/><D84/><U5/><E120/><N who="0" m="46121" /><D20/><U134/><E109/><V62/><F130/><W86/><G75/><T11/><D57/><U12/><E129/><V128/><F128/><W34/><G34/><T36/><D58/><U103/><E40/><V26/><F0/><W93/><G104/><T106/><D106/><U108/><E108/><V83/><REACH who="2" step="1"/><F65/><REACH who="2" ten="250,312,188,240" step="2"/><W68/><G6/><T124/><D124/><U1/><E1/><V100/><F100/><W48/><G44/><T114/><D114/><U27/><E103/><V25/><F25/><W77/><G47/><T70/><D4/><U74/><E5/><V66/><F66/><W59/><G68/><T7/><D70/><U8/><E27/><V112/><F112/><W131/><G131/><T42/><D7/><U28/><E56/><V90/><F90/><N who="3" m="53471" /><G76/><T102/><D42/><U94/><E79/><V14/><F14/><W35/><G77/><T85/><D53/><U132/><E8/><N who="0" m="3145" /><D54/><U49/><E49/><V113/><F113/><W18/><G48/><T19/><D36/><U72/><E72/><V73/><F73/><W105/><G59/><T61/><D43/><U39/><E39/><V3/><F3/><W21/><G50/><T41/><D41/><U88/><E89/><V13/><F13/><W115/><G51/><T107/><D46/><U52/><E52/><V10/><F10/><W127/><G115/><T64/><D64/><U37/><E37/><RYUUKYOKU ba="0,1" sc="250,-15,312,15,188,15,240,-15" hai1="12,23,28,31,74,78,81,88,94,99,132,133,134" hai2="22,24,26,29,32,62,67,69,82,83,116,117,118" /><INIT seed="1,1,1,0,4,35" ten="235,327,203,225" oya="1" hai0="81,84,57,67,52,3,89,100,18,74,125,122,30" hai1="45,135,134,123,15,20,91,133,69,103,110,61,4" hai2="96,5,68,107,102,73,72,109,130,83,36,47,43" hai3="64,79,2,87,44,106,75,121,8,1,120,119,101"/><U114/><E123/><N who="3" m="47178" /><G87/><T90/><D122/><U92/><E114/><V28/><F109/><W93/><G93/><T56/><D74/><U34/><E34/><V13/><F130/><W86/><G86/><T71/><D71/><U66/><E110/><V115/><F115/><W131/><G8/><T29/><D125/><U99/><E45/><V108/><F108/><W97/><G131/><T117/><D117/><U14/><E4/><V24/><F13/><W58/><G58/><T116/><D3/><N who="3" m="1033" /><G64/><T0/><D0/><U94/><E20/><V10/><F10/><W6/><G6/><T17/><D116/><U76/><E76/><V51/><F5/><W26/><G26/><T53/><D67/><U33/><E33/><V27/><F27/><W46/><G46/><T65/><D65/><U38/><E38/><V88/><F51/><W41/><G119/><T49/><D100/><U128/><E128/><V124/><F124/><W21/><G21/><T48/><D90/><U54/><E54/><V32/><F68/><W80/><G44/><T104/><D104/><U16/><E16/><AGARI ba="1,1" hai="16,17,18,29,30,48,49,52,53,56,57,81,84,89" machi="16" ten="40,8000,1" yaku="9,1,8,1,54,2" doraHai="35" who="0" fromWho="1" sc="235,93,327,-83,203,0,225,0" /><INIT seed="2,0,0,4,1,15" ten="328,244,203,225" oya="2" hai0="114,67,24,19,35,94,7,132,38,123,31,37,28" hai1="130,26,124,49,84,105,60,91,22,57,75,127,111" hai2="11,58,76,77,25,121,48,108,10,125,14,72,95" hai3="61,85,79,65,20,100,8,29,56,135,16,46,78"/><V97/><F121/><W116/><G116/><T43/><D114/><U81/><E105/><V66/><F125/><N who="1" m="48201" /><E75/><V54/><F108/><W122/><G122/><T102/><D132/><U98/><E130/><V4/><F72/><W0/><G135/><T129/><D129/><U9/><E9/><V80/><F80/><W120/><G120/><T103/><D7/><U104/><E49/><V23/><F66/><W112/><G112/><T6/><D6/><U1/><E1/><V12/><F12/><N who="3" m="7175" /><G0/><T93/><D67/><U40/><E40/><V50/><F11/><W30/><G100/><T117/><D123/><U74/><E74/><V88/><REACH who="2" step="1"/><F48/><REACH who="2" ten="328,244,193,225" step="2"/><W42/><G78/><T109/><D109/><U126/><E126/><V128/><F128/><W55/><G65/><T113/><D113/><U27/><E111/><V133/><F133/><W5/><G79/><T131/><D131/><U2/><E81/><V45/><F45/><W87/><G46/><T118/><D24/><U36/><E27/><V86/><F86/><W44/><G85/><T82/><D82/><U52/><E84/><V62/><F62/><W47/><G87/><T90/><D117/><U106/><E60/><V70/><F70/><W68/><G68/><T17/><D118/><U41/><E26/><V71/><F71/><W59/><G47/><T63/><D63/><U53/><E57/><V110/><F110/><W89/><G56/><T83/><D83/><U134/><E134/><V92/><F92/><W21/><G44/><T73/><D94/><U18/><E106/><V3/><F3/><W119/><G59/><RYUUKYOKU ba="0,1" sc="328,-10,244,-10,193,30,225,-10" hai2="4,10,14,23,25,50,54,58,76,77,88,95,97" /><INIT seed="2,1,1,1,0,68" ten="318,234,223,215" oya="2" hai0="124,129,39,133,91,75,55,100,85,77,54,30,60" hai1="86,114,115,21,62,15,33,92,98,25,122,71,16" hai2="79,52,105,41,24,108,11,123,57,31,107,6,63" hai3="45,44,134,58,128,51,69,65,82,7,66,126,120"/><V95/><F123/><W80/><G120/><T111/><D111/><U4/><E86/><V53/><F108/><W83/><G134/><T0/><D0/><U97/><E122/><V67/><F79/><W27/><G128/><T116/><D133/><U96/><E92/><V101/><F41/><W135/><G135/><T40/><D129/><U109/><E109/><V106/><F101/><W118/><G118/><T13/><D124/><U2/><E71/><V1/><REACH who="2" step="1"/><F95/><REACH who="2" ten="318,234,213,215" step="2"/><W22/><G126/><T103/><D103/><U78/><E78/><V119/><F119/><W87/><G80/><T5/><D100/><U35/><E115/><V47/><F47/><W59/><G82/><T3/><D77/><U90/><E114/><V12/><F12/><W94/><G45/><T28/><D13/><U76/><E76/><V73/><F73/><W61/><G94/><T131/><D40/><U42/><E42/><V89/><F89/><W37/><G83/><T130/><D91/><U132/><E132/><V110/><F110/><W84/><G44/><T36/><D75/><U23/><E90/><V70/><F70/><W49/><G69/><T121/><D121/><U64/><E15/><V17/><F17/><W72/><G72/><T48/><D116/><U104/><E16/><V19/><F19/><W38/><G59/><T81/><D81/><U46/><E46/><V29/><F29/><W8/><G58/><T9/><D28/><U32/><E2/><V99/><F99/><W117/><G117/><T56/><D30/><U102/><E97/><V20/><AGARI ba="1,2" hai="1,6,11,20,24,31,52,53,57,63,67,105,106,107" machi="20" ten="30,6000,0" yaku="1,1,0,1,54,1,53,0" doraHai="68" doraHaiUra="93" who="2" fromWho="2" sc="318,-21,234,-21,213,83,215,-21" /><INIT seed="2,2,0,4,1,1" ten="297,213,296,194" oya="2" hai0="96,106,40,7,48,103,89,73,36,58,56,110,47" hai1="109,49,100,117,101,13,55,84,44,25,118,15,30" hai2="53,108,90,51,114,83,29,71,46,23,11,27,43" hai3="39,125,22,134,34,75,92,19,81,10,78,50,16"/><V132/><F114/><W127/><G39/><T129/><D110/><U24/><E109/><V41/><F108/><W105/><G105/><T42/><D129/><U85/><E49/><V94/><F71/><W76/><G34/><T20/><D73/><U93/><E93/><V80/><F132/><W28/><G134/><T45/><D89/><U115/><E44/><V33/><F33/><W37/><G37/><T35/><D35/><U86/><E55/><V62/><F11/><W135/><G135/><T102/><D102/><U107/><E30/><V87/><F62/><W133/><G133/><T17/><REACH who="0" step="1"/><D7/><REACH who="0" ten="287,213,296,194" step="2"/><U21/><E101/><V74/><F74/><W61/><G75/><T120/><D120/><U112/><E100/><V79/><F79/><W98/><G78/><T52/><D52/><U8/><E115/><V116/><F116/><W66/><G76/><T65/><D65/><U122/><E112/><V126/><F126/><W67/><G66/><T95/><D95/><U121/><E107/><V38/><REACH who="2" step="1"/><F41/><REACH who="2" ten="287,213,286,194" step="2"/><W99/><G127/><T128/><D128/><U60/><E118/><V54/><F54/><W77/><G125/><T5/><D5/><U131/><E117/><V59/><AGARI ba="2,2" hai="23,27,29,38,43,46,51,53,59,80,83,87,90,94" machi="59" ten="20,3900,0" yaku="1,1,0,1,7,1,53,0" doraHai="1" doraHaiUra="2" who="2" fromWho="2" sc="287,-15,213,-15,286,65,194,-15" /><INIT seed="2,3,0,5,1,100" ten="272,198,351,179" oya="2" hai0="18,119,67,106,103,104,22,50,91,8,93,48,2" hai1="74,113,95,53,17,107,42,114,46,78,10,123,66" hai2="1,86,9,116,89,109,63,36,126,16,35,38,57" hai3="59,43,90,124,128,72,79,98,102,23,12,39,54"/><V25/><F116/><W27/><G128/><T127/><D119/><U26/><E123/><V122/><F122/><W88/><G124/><T112/><D112/><U52/><E66/><V68/><F126/><W80/><G12/><T125/><D127/><U64/><E64/><V108/><F68/><W7/><G7/><T76/><D76/><U94/><E107/><V83/><F35/><W75/><G75/><T49/><D125/><U13/><E114/><V87/><F1/><W32/><G32/><T71/><D103/><U134/><E134/><V121/><F87/><W60/><G43/><T81/><D81/><U82/><E113/><V101/><F101/><W11/><G11/><T70/><D8/><U31/><E95/><V5/><F5/><W84/><G72/><T29/><D29/><U37/><REACH who="1" step="1"/><E94/><REACH who="1" ten="272,188,351,179" step="2"/><V133/><F133/><W47/><G39/><T69/><D67/><U41/><E41/><V135/><F135/><W40/><G40/><T3/><D106/><U0/><E0/><V33/><F121/><W56/><G47/><T44/><D104/><U97/><E97/><V24/><F38/><W62/><G98/><T115/><D115/><U117/><E117/><V92/><F36/><W132/><G132/><T77/><D44/><U131/><E131/><V111/><F92/><W28/><G102/><T61/><D3/><U105/><E105/><V30/><F108/><W20/><G20/><AGARI ba="3,1" hai="10,13,17,20,26,31,37,42,46,52,53,74,78,82" machi="20" ten="30,7700,0" yaku="1,1,7,1,54,1,53,1" doraHai="100" doraHaiUra="15" who="1" fromWho="3" sc="272,0,188,96,351,0,179,-86" /><INIT seed="3,0,0,0,2,125" ten="272,284,351,93" oya="3" hai0="37,38,102,11,127,130,114,70,52,51,72,3,104" hai1="10,36,32,117,83,93,17,108,50,66,12,103,39" hai2="14,55,100,76,135,4,112,75,80,74,94,9,54" hai3="1,0,123,132,105,2,18,56,65,91,84,61,92"/><W25/><G123/><T21/><D127/><U67/><E32/><V35/><F112/><W28/><G105/><T113/><D70/><U126/><E126/><V96/><F135/><W99/><G132/><T73/><D104/><U115/><E115/><N who="0" m="44041" /><D102/><U34/><E34/><V48/><F35/><W45/><G18/><T63/><D63/><U77/><E108/><V133/><F133/><W98/><REACH who="3" step="1"/><G45/><REACH who="3" ten="272,284,351,83" step="2"/><N who="0" m="27759" /><D73/><U26/><E17/><V79/><F75/><W33/><AGARI ba="0,1" hai="0,1,2,25,28,33,56,61,65,84,91,92,98,99" machi="33" ten="30,3000,0" yaku="1,1,0,1,53,0" doraHai="125" doraHaiUra="111" who="3" fromWho="3" sc="272,-10,284,-10,351,-10,83,40" /><INIT seed="3,1,0,3,0,78" ten="262,274,341,123" oya="3" hai0="15,55,29,105,114,50,0,102,112,113,134,68,109" hai1="126,39,90,47,6,7,99,25,54,70,49,79,94" hai2="121,22,27,61,98,108,51,66,24,35,119,52,117" hai3="1,96,125,21,111,26,2,89,8,28,87,13,53"/><W43/><G125/><T133/><D0/><U101/><E70/><V91/><F108/><W32/><G111/><T110/><D29/><U12/><E126/><V58/><F121/><W38/><G96/><N who="0" m="61639" /><D15/><U118/><E118/><V82/><F35/><W10/><G32/><T40/><D40/><U44/><E79/><V19/><F27/><W57/><G43/><T120/><D68/><U130/><E130/><V135/><F135/><N who="0" m="51722" /><D120/><U103/><E25/><V14/><F24/><W5/><G38/><T83/><D83/><U41/><E6/><V59/><F98/><W84/><G10/><T75/><D75/><U64/><E64/><V106/><F106/><W77/><G77/><T131/><D131/><U45/><E45/><AGARI ba="1,0" hai="45,50,55,109,110,112,113,114" m="51722,61639" machi="45" ten="40,2600,0" yaku="11,1,20,1" doraHai="78" who="0" fromWho="1" sc="262,29,274,-29,341,0,123,0" /><INIT seed="4,0,0,5,1,51" ten="291,245,341,123" oya="0" hai0="42,73,39,104,116,135,54,80,131,60,61,50,36" hai1="77,82,72,49,87,29,84,27,44,20,34,123,107" hai2="12,79,103,14,55,22,106,94,76,89,81,128,43" hai3="90,47,25,121,88,91,86,57,59,117,35,127,110"/><T134/><D104/><U112/><E123/><V16/><F128/><W13/><G110/><T120/><D73/><U95/><E107/><V75/><F79/><W93/><G117/><T126/><D80/><U53/><E112/><V71/><F71/><W6/><G127/><T130/><D116/><U56/><E34/><V63/><F43/><W111/><G111/><T85/><D85/><U109/><E109/><V96/><F63/><N who="0" m="24138" /><D120/><U48/><REACH who="1" step="1"/><E95/><REACH who="1" ten="291,235,341,123" step="2"/><V21/><F106/><W4/><G121/><T64/><D126/><U92/><E92/><V70/><F70/><W74/><G35/><T19/><D64/><U11/><E11/><V31/><F103/><W37/><G93/><T24/><D131/><U38/><E38/><V52/><F31/><W78/><G37/><T0/><D130/><U68/><E68/><V2/><F2/><W18/><G91/><T23/><D0/><U113/><E113/><V122/><F122/><W32/><G90/><T26/><D39/><U7/><E7/><V3/><F3/><W1/><G4/><T33/><D36/><U125/><E125/><V65/><F65/><W67/><G67/><T45/><D33/><U69/><E69/><V101/><F101/><W124/><G6/><T133/><D26/><U5/><E5/><V100/><F100/><W108/><G25/><T83/><D83/><U115/><E115/><V97/><F97/><W105/><G1/><T15/><D24/><U114/><E114/><V41/><F96/><W102/><G124/><T8/><D8/><U46/><E46/><V98/><F94/><N who="3" m="54551" /><G108/><T17/><D17/><RYUUKYOKU ba="0,1" sc="291,15,235,15,341,-15,123,-15" hai0="15,19,23,42,45,50,54,133,134,135" hai1="20,27,29,44,48,49,53,56,72,77,82,84,87" /><INIT seed="4,1,1,3,4,134" ten="306,250,326,108" oya="0" hai0="12,2,28,130,5,79,103,57,80,42,83,87,75" hai1="96,40,109,94,64,41,124,125,22,32,132,56,113" hai2="63,101,120,11,45,90,20,84,66,3,98,15,10" hai3="88,74,116,55,19,37,70,7,25,111,48,38,0"/><T18/><D130/><U114/><E32/><V58/><F120/><W65/><G111/><T44/><D103/><U107/><E107/><V95/><F3/><W117/><G74/><T17/><D28/><U27/><E109/><V60/><F45/><W9/><G37/><N who="0" m="21583" /><D57/><U108/><E108/><V53/><F20/><W61/><G38/><T14/><D14/><U102/><E132/><V93/><REACH who="2" step="1"/><F15/><REACH who="2" ten="306,250,316,108" step="2"/><W119/><G119/><T77/><D12/><U118/><E118/><V43/><F43/><W105/><G117/><T8/><AGARI ba="1,2" hai="2,5,8,17,18,75,77,79,80,83,87" m="21583" machi="8" ten="30,1500,0" yaku="25,1" doraHai="134" who="0" fromWho="0" sc="306,38,250,-6,316,-6,108,-6" /><INIT seed="4,2,0,5,5,131" ten="344,244,310,102" oya="0" hai0="122,22,43,83,44,37,32,42,98,65,116,87,120" hai1="59,71,80,36,100,72,69,9,99,68,104,135,101" hai2="6,78,103,129,62,55,14,10,66,134,81,76,47" hai3="50,7,107,21,121,106,117,38,90,92,4,48,108"/><T52/><D32/><U85/><E72/><V111/><F129/><W67/><G38/><T84/><D116/><U58/><E36/><V114/><F111/><W23/><G108/><T110/><D110/><U132/><E101/><V56/><F114/><W82/><G117/><T94/><D65/><U20/><E9/><V27/><F134/><N who="1" m="51241" /><E20/><N who="3" m="7754" /><G107/><T75/><D22/><U127/><E127/><V126/><F126/><W30/><G106/><T24/><D75/><U102/><E102/><V74/><F103/><W41/><G121/><T25/><D37/><U124/><E124/><V54/><F27/><W93/><G30/><T61/><D25/><U96/><E96/><V3/><F3/><W17/><G67/><T95/><D24/><U88/><AGARI ba="2,0" hai="58,59,68,69,71,80,85,88,99,100,104" m="51241" machi="88" ten="40,8000,1" yaku="20,1,52,3,54,1" doraHai="131" who="1" fromWho="1" sc="344,-42,244,86,310,-22,102,-22" /><INIT seed="5,0,0,4,5,33" ten="302,330,288,80" oya="1" hai0="37,125,30,19,63,104,127,12,119,93,60,64,22" hai1="10,120,129,126,36,38,47,118,27,67,122,88,98" hai2="103,75,15,106,83,124,59,20,81,117,24,80,6" hai3="40,101,0,35,21,128,5,41,84,3,2,107,13"/><U68/><E122/><V74/><F117/><W130/><G35/><T39/><D104/><U29/><E120/><V66/><F124/><N who="0" m="47690" /><D119/><U121/><E121/><V89/><F106/><W112/><G112/><T78/><D78/><U28/><E118/><V42/><F103/><W54/><G84/><T92/><D30/><U97/><E126/><V7/><F42/><W62/><G101/><T114/><D63/><U90/><E129/><N who="3" m="49770" /><G107/><T113/><D93/><U51/><E10/><V109/><F109/><W123/><G123/><T131/><D92/><U86/><E90/><V34/><F34/><W25/><G62/><T55/><D55/><U61/><E98/><V1/><F89/><W96/><G96/><T87/><D87/><U11/><E97/><V14/><F66/><W69/><G54/><T102/><D102/><U45/><E11/><V18/><F59/><W73/><G73/><T95/><D95/><U65/><E65/><V9/><REACH who="2" step="1"/><F7/><REACH who="2" ten="302,330,278,80" step="2"/><W72/><G69/><N who="0" m="42119" /><D131/><U52/><E47/><V76/><F76/><W48/><G48/><T32/><D32/><U110/><E110/><V58/><F58/><W16/><G72/><AGARI ba="0,1" hai="1,6,9,14,15,18,20,24,72,74,75,80,81,83" machi="72" ten="40,2600,0" yaku="1,1,52,1,53,0" doraHai="33" doraHaiUra="31" who="2" fromWho="3" sc="302,0,330,0,278,36,80,-26" /><INIT seed="6,0,0,0,0,101" ten="302,330,314,54" oya="2" hai0="100,8,27,99,94,34,61,38,58,130,117,20,122" hai1="16,90,78,125,73,29,103,39,113,12,57,43,119" hai2="111,98,124,19,71,86,68,93,48,91,121,26,55" hai3="25,109,47,42,67,63,102,3,13,65,54,112,60"/><V32/><F121/><W81/><G3/><T50/><D122/><U97/><E119/><V62/><F111/><W1/><G1/><T127/><D38/><U82/><E29/><V77/><F124/><W133/><G109/><T69/><D34/><U92/><E125/><V116/><F116/><W5/><G133/><T106/><D127/><U96/><E113/><V74/><F74/><W104/><G112/><T132/><D117/><U135/><E135/><V59/><F48/><W37/><G25/><T4/><D130/><U15/><E57/><V36/><F36/><W66/><G81/><T49/><D69/><U128/><E128/><V14/><F32/><W123/><G123/><T108/><D108/><U46/><REACH who="1" step="1"/><E16/><REACH who="1" ten="302,320,314,54" step="2"/><V107/><F26/><W41/><G47/><T129/><D129/><U6/><E6/><V51/><F62/><W2/><G60/><T84/><D132/><U45/><E45/><V24/><F24/><W18/><G5/><T44/><D44/><U95/><AGARI ba="0,1" hai="12,15,39,43,46,73,78,82,90,92,95,96,97,103" machi="95" ten="20,5200,0" yaku="1,1,0,1,7,1,53,1" doraHai="101" doraHaiUra="72" who="1" fromWho="1" sc="302,-13,320,62,314,-26,54,-13" /><INIT seed="7,0,0,0,3,42" ten="289,382,288,41" oya="3" hai0="113,13,44,107,47,41,76,45,65,28,34,92,75" hai1="12,70,2,67,105,104,110,129,96,58,22,27,103" hai2="15,114,134,63,43,89,26,10,16,18,74,111,59" hai3="85,125,57,69,79,116,36,73,78,133,46,112,84"/><W119/><G69/><T52/><D107/><U55/><E2/><V100/><F111/><W23/><G133/><T14/><D75/><U81/><E110/><V94/><F74/><W109/><G109/><T71/><D71/><U30/><E129/><V8/><F134/><W49/><G112/><T51/><D34/><U98/><E81/><V6/><F114/><W87/><G125/><T106/><D106/><U91/><E67/><N who="2" m="39423" /><F100/><W20/><G36/><T33/><D33/><U117/><E117/><V120/><F120/><W38/><G38/><T68/><D68/><U95/><E70/><V7/><F43/><W56/><G119/><T77/><D65/><U48/><E12/><N who="0" m="4713" /><D28/><U132/><E132/><V108/><F108/><W32/><G32/><T1/><D1/><U3/><E3/><V61/><F61/><W102/><G102/><T29/><D29/><U35/><E35/><V115/><F115/><W121/><G116/><T128/><D128/><U126/><E126/><V83/><F83/><W54/><G121/><T131/><D131/><U4/><E4/><N who="2" m="1579" /><F26/><W50/><G57/><N who="0" m="32927" /><D113/><U88/><E105/><V101/><F101/><AGARI ba="0,0" hai="22,27,30,48,55,58,88,91,95,96,98,101,103,104" machi="101" ten="30,2000,0" yaku="7,1,54,1" doraHai="42" who="1" fromWho="2" sc="289,0,382,20,288,-20,41,0" owari="289,9.0,402,50.0,268,-13.0,41,-46.0" /></mjloggm>