<mjloggm ver="2.3"><GO type="169" lobby="0"/><UN n0="%E2%80%A0%58%54%45%4E%44%E2%80%A0" n1="%E3%83%88%E3%83%88%E3%83%AA%E5%85%88%E7%94%9F%31%39%E6%AD%B3" n2="%E3%82%AF%E3%83%AD%E3%83%8E%E3%82%B9%40" n3="%2E%44%49%56%41" dan="17,19,16,16" rate="2132.43,2270.55,2167.06,2006.79" sx="F,F,M,M"/><TAIKYOKU oya="0"/><INIT seed="0,0,0,1,1,58" ten="250,250,250,250" oya="0" hai0="14,84,126,94,56,65,133,79,48,113,15,33,25" hai1="129,75,49,89,30,24,72,67,87,97,96,16,1" hai2="3,80,120,99,81,70,134,60,110,105,122,18,52" hai3="27,62,68,92,83,93,12,29,117,82,6,100,74"/><T2/><D113/><U121/><E121/><V55/><F3/><W45/><G117/><T8/><D126/><U98/><E1/><V107/><F110/><W53/><G68/><T5/><D133/><U50/><E129/><V20/><F134/><W103/><G74/><T11/><D2/><U64/><E72/><V59/><F70/><W42/><G42/><T43/><D33/><U109/><E75/><V102/><F107/><W44/><G27/><T86/><D25/><U4/><E4/><V108/><F108/><W132/><G132/><T63/><D79/><U114/><E114/><V17/><F17/><W38/><G29/><T21/><D21/><N who="1" m="13351" /><E109/><V7/><F7/><W135/><G135/><T88/><D43/><U77/><E77/><V130/><F130/><W19/><G19/><T106/><D106/><U104/><E30/><V69/><F69/><W128/><G6/><N who="0" m="3351" /><D48/><N who="1" m="18539" /><E104/><V118/><F118/><W123/><G38/><T40/><D40/><U31/><E31/><V111/><F111/><W131/><G123/><T119/><D119/><U28/><E28/><V51/><F122/><W127/><G127/><T124/><D124/><U10/><E10/><V115/><F120/><W47/><G44/><T13/><D13/><U46/><E46/><N who="2" m="27767" /><F115/><W66/><G12/><T71/><D71/><U125/><E125/><V57/><F57/><W95/><G45/><T73/><D73/><U0/><E0/><V61/><F61/><W112/><G112/><T35/><D35/><U23/><E23/><V9/><F9/><W41/><G128/><T26/><D26/><U78/><E78/><RYUUKYOKU ba="0,0" sc="250,10,250,10,250,10,250,-30" hai0="5,11,15,56,63,65,84,86,88,94" hai1="64,67,87,89,96,97,98" hai2="18,20,55,59,60,80,81,99,102,105" /><INIT seed="0,1,0,1,4,0" ten="260,260,260,220" oya="0" hai0="129,45,89,59,82,116,34,49,67,107,28,21,35" hai1="52,90,134,92,104,58,130,46,85,80,41,1,78" hai2="61,112,120,69,2,110,122,62,91,10,119,42,22" hai3="63,17,75,76,38,60,127,23,126,94,37,100,93"/><T20/><D116/><U115/><E130/><V84/><F112/><W6/><G76/><T19/><D107/><U77/><E134/><V27/><F110/><W125/><G75/><T54/><D129/><U105/><E1/><V118/><F42/><W65/><G6/><T31/><D35/><U86/><E115/><V121/><F2/><W56/><G63/><N who="0" m="38399" /><D34/><U131/><E131/><V50/><F10/><W18/><G100/><T48/><D21/><U12/><E12/><V135/><F135/><W8/><G8/><T95/><D49/><U123/><E123/><V15/><F15/><N who="3" m="9663" /><G18/><T43/><D82/><U133/><E133/><V11/><F11/><W117/><G117/><N who="2" m="44553" /><F50/><W55/><G65/><T29/><D43/><U36/><REACH who="1" step="1"/><E78/><REACH who="1" ten="260,250,260,220" step="2"/><V7/><F120/><W57/><G126/><T39/><D39/><U103/><E103/><V9/><F121/><W74/><G38/><T44/><D44/><U96/><E96/><V66/><F122/><W30/><G37/><T3/><D3/><U132/><E132/><V64/><F69/><W25/><G125/><T98/><D29/><U88/><E88/><V79/><F79/><W106/><G127/><T83/><D83/><U32/><E32/><V51/><F91/><W47/><G47/><T87/><D98/><U128/><E128/><V109/><F109/><W102/><G30/><T97/><D97/><U108/><E108/><V24/><F24/><AGARI ba="1,1" hai="19,20,24,28,31,45,48,54,87,89,95" m="38399" machi="24" ten="30,1500,0" yaku="8,1" doraHai="0" who="0" fromWho="2" sc="260,28,250,0,260,-18,220,0" /><INIT seed="0,2,0,3,1,43" ten="288,250,242,220" oya="0" hai0="92,14,31,25,110,18,32,40,132,89,36,129,58" hai1="8,7,37,42,47,51,86,66,114,80,122,60,17" hai2="120,82,70,64,95,123,49,20,5,27,55,105,24" hai3="16,12,11,61,131,84,128,87,107,9,39,79,116"/><T35/><D129/><N who="3" m="49737" /><G116/><T115/><D115/><U133/><E114/><V97/><F105/><W102/><G102/><T125/><D125/><U1/><E133/><V69/><F5/><W65/><G39/><T73/><D73/><U21/><E122/><V103/><F82/><N who="3" m="47199" /><G107/><T113/><D113/><U3/><E3/><V53/><F53/><W2/><G87/><T13/><D132/><U28/><E28/><V108/><F108/><W124/><G124/><T74/><D74/><U134/><E134/><V130/><F130/><W54/><G54/><T85/><D35/><U127/><E127/><V100/><F100/><W44/><G44/><T10/><D110/><U126/><E126/><V50/><F50/><W135/><G135/><T23/><D40/><U63/><E66/><V67/><F27/><W57/><G2/><T68/><D68/><U118/><E118/><V75/><F75/><W56/><G9/><T104/><D36/><U90/><REACH who="1" step="1"/><E37/><REACH who="1" ten="288,240,242,220" step="2"/><V78/><F67/><W6/><G6/><T22/><D32/><U26/><AGARI ba="2,1" hai="1,7,8,17,21,26,42,47,51,60,63,80,86,90" machi="26" ten="20,12000,2" yaku="1,1,2,1,0,1,7,1,52,1,53,1" doraHai="43" doraHaiUra="77" who="1" fromWho="1" sc="288,-62,240,136,242,-32,220,-32" /><INIT seed="1,0,0,0,5,5" ten="226,376,210,188" oya="1" hai0="128,15,63,13,8,32,70,49,97,75,39,119,109" hai1="113,41,19,46,126,65,89,47,9,102,106,91,2" hai2="34,54,16,112,125,117,58,107,78,131,127,66,129" hai3="4,83,104,38,133,68,30,105,62,92,45,43,56"/><U3/><E113/><V100/><F34/><W40/><G133/><T27/><D39/><U71/><E126/><N who="2" m="48139" /><F112/><W135/><G135/><T12/><D75/><U51/><E106/><V84/><F66/><W118/><G118/><T33/><D119/><U115/><E102/><V35/><F35/><W95/><G68/><T76/><D76/><U29/><E115/><V67/><F67/><W60/><G30/><T28/><D109/><U52/><E29/><V6/><F117/><W98/><G4/><T122/><D128/><N who="2" m="49226" /><F6/><W48/><G83/><T88/><D33/><U64/><E2/><V59/><F54/><W96/><G48/><T74/><D70/><U1/><E1/><V44/><F44/><W116/><G116/><T42/><D32/><U57/><E46/><V23/><F84/><W85/><G45/><T80/><D42/><U37/><E65/><V79/><F79/><W121/><G85/><T18/><D63/><N who="1" m="40351" /><E3/><V93/><F107/><W26/><G56/><T11/><D49/><U114/><E114/><V50/><F78/><W124/><G124/><T7/><D74/><U73/><E73/><V24/><F50/><W14/><G38/><T36/><D36/><U25/><E25/><V82/><F82/><W111/><G26/><T130/><D130/><U99/><E99/><AGARI ba="0,0" hai="16,23,24,58,59,93,99,100" m="49226,48139" machi="99" ten="30,3900,0" yaku="18,1,19,1,54,1" doraHai="5" who="2" fromWho="1" sc="226,0,376,-39,210,39,188,0" /><INIT seed="2,0,0,4,4,81" ten="226,337,249,188" oya="2" hai0="111,78,39,89,8,100,114,28,63,49,37,121,52" hai1="93,47,59,17,34,21,61,54,118,12,85,57,62" hai2="103,80,77,53,1,69,0,117,51,50,38,36,31" hai3="110,42,109,58,134,116,119,113,22,135,76,30,26"/><V79/><F117/><N who="3" m="45131" /><G42/><T67/><D114/><U96/><E118/><V4/><F69/><W128/><G58/><T10/><D121/><U19/><E34/><V132/><F132/><N who="3" m="50731" /><G76/><T35/><D111/><N who="3" m="42505" /><G113/><T11/><D78/><U99/><E19/><V127/><F79/><W24/><G24/><T43/><D43/><U66/><E47/><V6/><F77/><W112/><G112/><T7/><D39/><U55/><E66/><V87/><F38/><W106/><G106/><T115/><D37/><U94/><E94/><V56/><F36/><W15/><G15/><T98/><D115/><U9/><E96/><V120/><F56/><W68/><G68/><T20/><D98/><U72/><E72/><V3/><F0/><W5/><G5/><T44/><D7/><U122/><E122/><V16/><F1/><W75/><G75/><T40/><D67/><U29/><E99/><V108/><F3/><W32/><G128/><T2/><D2/><U101/><E101/><V90/><F103/><W45/><G45/><T48/><D100/><U92/><E57/><V74/><F74/><W91/><G91/><T86/><D89/><N who="1" m="53295" /><E61/><V41/><F4/><W130/><G130/><T83/><D63/><U27/><E93/><V95/><F6/><W97/><G97/><T105/><D105/><U71/><E71/><V73/><F95/><W23/><AGARI ba="0,0" hai="22,23,26,30,32" m="42505,50731,45131" machi="23" ten="40,8000,1" yaku="20,1,14,1,34,2" doraHai="81" who="3" fromWho="3" sc="226,-20,337,-20,249,-40,188,80" /><INIT seed="3,0,0,2,0,55" ten="206,317,209,268" oya="3" hai0="49,97,24,31,70,91,66,29,94,121,90,47,58" hai1="132,130,25,43,92,81,83,100,4,125,15,118,85" hai2="103,2,111,3,134,76,93,46,69,109,115,57,73" hai3="127,14,99,19,64,112,26,108,87,35,51,18,13"/><W88/><G112/><T104/><D121/><U133/><E130/><V23/><F69/><W27/><G127/><T67/><D104/><U71/><E71/><V5/><F115/><W74/><G74/><T28/><D70/><U40/><E125/><V48/><F134/><N who="1" m="51817" /><E118/><V61/><F23/><N who="3" m="11735" /><G35/><T62/><D67/><U21/><E81/><N who="2" m="45199" /><F5/><W7/><G7/><T107/><D107/><U124/><E92/><V12/><F12/><W84/><G108/><N who="2" m="41545" /><F103/><W101/><G101/><T77/><D77/><N who="1" m="46319" /><E100/><V110/><F110/><W65/><G51/><T72/><D72/><U75/><E75/><V123/><F93/><N who="3" m="56743" /><G27/><T53/><REACH who="0" step="1"/><D91/><REACH who="0" ten="196,317,209,268" step="2"/><U0/><E124/><V17/><F123/><W10/><G26/><AGARI ba="0,1" hai="24,26,28,29,31,47,49,53,58,62,66,90,94,97" machi="26" ten="40,8000,1" yaku="1,1,2,1,8,1,52,1,53,0" doraHai="55" doraHaiUra="116" who="0" fromWho="3" sc="196,90,317,0,209,0,268,-80" /><INIT seed="4,0,0,4,4,105" ten="286,317,209,188" oya="0" hai0="54,1,44,56,129,68,78,22,92,131,8,71,2" hai1="42,99,75,84,55,60,36,67,134,51,45,20,6" hai2="126,98,34,37,86,108,46,33,17,87,66,81,116" hai3="104,25,88,77,69,58,35,96,123,63,40,89,79"/><T57/><D44/><U80/><E134/><V65/><F108/><W117/><G117/><T59/><D54/><U5/><E99/><V15/><F126/><W73/><G123/><T3/><D8/><U10/><E20/><V11/><F116/><W102/><G40/><T97/><D22/><U125/><E125/><V112/><F112/><W121/><G121/><T74/><D92/><U103/><E103/><V12/><F98/><W18/><G18/><T135/><D97/><U32/><E32/><V101/><F101/><W107/><G107/><T115/><D135/><U0/><E6/><V106/><F106/><W91/><G73/><T24/><D24/><U14/><E14/><V62/><F86/><W85/><G85/><T82/><REACH who="0" step="1"/><D115/><REACH who="0" ten="276,317,209,188" step="2"/><U50/><E55/><V128/><F46/><W95/><G95/><T93/><D93/><U64/><E64/><V53/><F53/><W47/><G47/><T7/><D7/><U23/><E23/><V119/><F65/><N who="3" m="41151" /><G58/><T72/><D72/><U43/><E43/><V110/><F66/><W4/><G4/><T118/><D118/><U122/><E122/><V94/><F119/><W28/><AGARI ba="0,1" hai="25,28,35,77,79,88,89,91,96,102,104" m="41151" machi="28" ten="30,2000,0" yaku="25,1,54,1" doraHai="105" who="3" fromWho="3" sc="276,-10,317,-5,209,-5,188,30" /><INIT seed="5,0,0,5,0,112" ten="266,312,204,218" oya="1" hai0="21,97,72,52,111,26,104,1,44,78,10,108,40" hai1="115,105,45,5,56,118,23,51,47,67,12,85,46" hai2="109,37,132,13,92,9,58,81,53,48,36,125,96" hai3="7,113,15,98,41,69,66,2,29,128,34,25,16"/><U55/><E105/><V83/><F109/><W28/><G41/><T116/><D116/><U63/><E115/><V19/><F132/><W14/><G66/><T35/><D52/><U38/><E118/><V22/><F125/><W32/><G69/><T129/><D129/><U61/><E85/><V82/><REACH who="2" step="1"/><F9/><REACH who="2" ten="266,312,194,218" step="2"/><N who="3" m="2295" /><G113/><T3/><D10/><N who="1" m="4175" /><E38/><V73/><F73/><W119/><G119/><T59/><D72/><U120/><E120/><V77/><F77/><W114/><G114/><T99/><D78/><U54/><E67/><V124/><F124/><W89/><G128/><T126/><D126/><U20/><E63/><V86/><F86/><W80/><G98/><T131/><D99/><U62/><E61/><V110/><F110/><W42/><G42/><T18/><D97/><U30/><E30/><N who="3" m="11882" /><G80/><T121/><D111/><U70/><E70/><V135/><F135/><W6/><G89/><AGARI ba="0,1" hai="13,19,22,36,37,48,53,58,81,82,83,89,92,96" machi="89" ten="40,5200,0" yaku="1,1,53,2" doraHai="112" doraHaiUra="71" who="2" fromWho="3" sc="266,0,312,0,194,62,218,-52" /><INIT seed="6,0,0,1,2,11" ten="266,312,256,166" oya="2" hai0="20,107,58,120,64,43,85,94,134,26,103,75,52" hai1="72,17,74,48,23,65,105,28,6,84,111,69,108" hai2="8,44,60,90,91,83,34,50,32,39,5,49,98" hai3="133,45,80,36,106,1,117,53,7,95,59,93,118"/><V73/><F60/><W18/><G106/><T88/><D120/><U41/><E105/><V104/><F50/><W16/><G133/><T30/><D75/><U128/><E28/><V78/><F91/><W101/><G80/><T123/><D123/><U54/><E41/><V115/><F115/><W56/><G7/><T71/><D134/><U129/><E6/><V3/><F49/><W13/><G1/><T0/><D0/><U62/><E84/><V132/><F132/><W31/><G31/><T68/><D64/><U9/><E9/><V22/><F22/><W126/><G126/><T66/><D66/><U2/><E2/><V82/><F82/><W119/><G18/><T127/><D127/><U77/><E77/><V96/><F96/><W35/><G35/><T21/><D43/><U114/><E114/><V25/><F25/><W27/><G27/><T121/><D121/><U112/><E112/><V100/><F90/><W102/><G95/><T51/><D20/><U33/><E33/><V12/><F12/><W63/><G59/><T29/><D29/><U24/><E72/><V46/><F46/><W79/><G79/><T99/><AGARI ba="0,0" hai="21,26,30,51,52,58,68,71,85,88,94,99,103,107" machi="99" ten="30,4000,0" yaku="0,1,54,2" doraHai="11" who="0" fromWho="0" sc="266,40,312,-10,256,-20,166,-10" /><INIT seed="7,0,0,5,1,92" ten="306,302,236,156" oya="3" hai0="91,51,90,9,48,73,86,13,129,65,27,19,35" hai1="96,115,130,47,43,87,120,69,102,42,52,124,57" hai2="135,14,66,100,31,23,83,119,0,11,79,54,16" hai3="32,101,40,25,110,97,45,114,12,15,70,71,63"/><W46/><G114/><T93/><D73/><U20/><E120/><V74/><F135/><W2/><G2/><T134/><D134/><U75/><E75/><V50/><F119/><W41/><G110/><T116/><D129/><U68/><E130/><V123/><F123/><W103/><G63/><T29/><D116/><U117/><E117/><V99/><F66/><W128/><G128/><T33/><D33/><U3/><E3/><V88/><F88/><W44/><G32/><T39/><D39/><U95/><E115/><V55/><F50/><W81/><G25/><T26/><D26/><U108/><E108/><V4/><REACH who="2" step="1"/><F31/><REACH who="2" ten="306,302,226,156" step="2"/><W126/><G81/><T18/><D65/><U127/><E68/><V72/><F72/><W24/><G24/><T60/><D60/><N who="1" m="35879" /><E69/><V109/><F109/><W30/><G44/><T98/><D19/><U104/><E47/><V82/><F82/><AGARI ba="0,1" hai="9,13,18,27,29,35,48,51,82,86,90,91,93,98" machi="82" ten="30,2000,0" yaku="7,1,52,1" doraHai="92" who="0" fromWho="2" sc="306,30,302,0,226,-20,156,0" owari="336,43.0,302,10.0,206,-19.0,156,-34.0" /></mjloggm>