<mjloggm ver="2.3"><GO type="225" lobby="0"/><UN n0="%E6%A9%8B%E6%9C%AC%E5%8D%83%E5%85%89%E5%B9%B4" n1="%E3%81%8A%E3%83%BC%E3%81%84%E3%81%8A%E8%8C%B6" n2="%E5%B0%B1%E6%B4%BB%E7%94%9F%40%E5%B7%9D%E6%9D%91%E8%BB%8D%E5%9B%A3" n3="%E5%90%91%E4%BA%95%E7%90%86" dan="16,17,17,16" rate="2209.42,2194.12,2163.14,2190.95" sx="M,M,M,M"/><TAIKYOKU oya="0"/><INIT seed="0,0,0,0,0,129" ten="250,250,250,250" oya="0" hai0="60,36,95,76,106,72,37,45,118,111,7,19,102" hai1="54,28,24,131,53,74,128,93,85,20,69,0,123" hai2="124,33,49,51,98,56,40,80,43,65,22,115,31" hai3="133,73,87,30,114,67,79,2,17,61,46,110,125"/><T10/><D118/><U81/><E123/><V92/><F115/><W5/><G73/><T39/><D106/><U101/><E69/><V44/><F124/><W52/><G114/><T11/><D111/><U26/><E0/><V59/><F33/><W112/><G112/><T50/><D60/><U82/><E26/><V132/><F132/><W99/><G110/><T103/><D95/><U14/><E14/><V6/><F6/><W113/><G133/><T55/><D19/><U130/><E101/><V134/><F134/><W16/><G125/><T41/><D11/><U13/><E13/><V4/><F4/><W62/><G30/><T63/><D63/><N who="3" m="24073" /><G5/><T57/><D103/><U104/><E104/><V64/><F80/><N who="1" m="30825" /><E74/><V108/><F108/><W38/><G2/><N who="0" m="375" /><D102/><U126/><E126/><V94/><F31/><W66/><G38/><T121/><D121/><U90/><AGARI ba="0,0" hai="20,24,28,53,54,85,90,93,128,130,131" m="30825" machi="90" ten="40,1500,0" yaku="19,1" doraHai="129" who="1" fromWho="1" sc="250,-7,250,15,250,-4,250,-4" /><INIT seed="1,0,0,1,2,129" ten="243,265,246,246" oya="1" hai0="60,70,0,91,84,95,5,58,83,59,106,66,57" hai1="31,78,16,2,12,42,121,85,89,101,133,104,74" hai2="11,76,38,127,27,46,126,68,39,6,116,34,122" hai3="94,50,48,33,115,110,73,26,67,90,23,14,1"/><U99/><E121/><V114/><F116/><W113/><G1/><T77/><D106/><U102/><E2/><V103/><F122/><W30/><G73/><T53/><D0/><U52/><E42/><V72/><F114/><W35/><G110/><T29/><D29/><U8/><E31/><V3/><F103/><W45/><G67/><T63/><REACH who="0" step="1"/><D5/><REACH who="0" ten="233,265,246,246" step="2"/><U37/><E104/><V21/><F34/><W24/><G33/><T71/><D71/><U117/><E117/><V88/><F68/><W105/><G105/><T25/><D25/><U131/><E131/><V123/><F123/><W75/><G24/><T107/><D107/><U81/><E74/><AGARI ba="0,1" hai="53,57,58,59,60,63,66,70,74,77,83,84,91,95" machi="74" ten="30,2000,0" yaku="1,1,7,1,53,0" doraHai="129" doraHaiUra="98" who="0" fromWho="1" sc="233,30,265,-20,246,0,246,0" /><INIT seed="2,0,0,1,0,110" ten="263,245,246,246" oya="2" hai0="31,42,113,9,114,70,12,44,102,67,108,90,40" hai1="48,59,119,99,50,85,89,64,11,30,97,134,0" hai2="130,125,21,96,19,51,53,92,2,118,80,34,77" hai3="78,15,26,84,25,32,68,45,95,109,112,7,14"/><V124/><F118/><W107/><G107/><T87/><D102/><U63/><E119/><V135/><F135/><W128/><G68/><T132/><D31/><U81/><E134/><V47/><F130/><W18/><G109/><T116/><D132/><U76/><E30/><V37/><F37/><W98/><G32/><T117/><D116/><U126/><E126/><V13/><F2/><W93/><G128/><T94/><D108/><U74/><E0/><V66/><F66/><W56/><G112/><T73/><D73/><U88/><E11/><V62/><F62/><W46/><G56/><T41/><D44/><U55/><E48/><V8/><F34/><W20/><G46/><T86/><D86/><U83/><REACH who="1" step="1"/><E89/><REACH who="1" ten="263,235,246,246" step="2"/><V57/><F8/><N who="3" m="4383" /><G78/><T104/><D117/><U22/><E22/><V69/><F69/><AGARI ba="0,1" hai="50,55,59,63,64,69,74,76,81,83,85,88,97,99" machi="69" ten="30,3900,0" yaku="1,1,7,1,54,1,53,0" doraHai="110" doraHaiUra="71" who="1" fromWho="2" sc="263,0,235,49,246,-39,246,0" /><INIT seed="3,0,0,3,1,11" ten="263,284,207,246" oya="3" hai0="45,57,35,89,106,19,79,109,134,58,94,16,39" hai1="12,17,66,46,56,113,54,95,37,42,14,59,49" hai2="99,97,88,108,34,116,110,29,65,77,81,80,67" hai3="112,61,43,6,31,9,135,127,24,21,102,0,78"/><W114/><G135/><T98/><D35/><U4/><E113/><V75/><F29/><W71/><G127/><T36/><D134/><U44/><E66/><V101/><F34/><W50/><G102/><T104/><D109/><N who="2" m="42090" /><F116/><W70/><G78/><T129/><D129/><U92/><E4/><V1/><F1/><W84/><G84/><T115/><D79/><U121/><E121/><V125/><F125/><W96/><G96/><N who="2" m="36937" /><F101/><W73/><G73/><T23/><D19/><U60/><E59/><V48/><F48/><W128/><G128/><T62/><D58/><U130/><E130/><V53/><F53/><W52/><G43/><N who="0" m="22759" /><D39/><U28/><E28/><V72/><F88/><W93/><G93/><T90/><D90/><U117/><E92/><V107/><F107/><W5/><G5/><T133/><D133/><U15/><E95/><V120/><F120/><W47/><REACH who="3" step="1"/><G61/><REACH who="3" ten="263,284,207,236" step="2"/><T20/><D106/><U38/><E60/><V131/><F131/><W68/><AGARI ba="0,1" hai="0,6,9,21,24,31,47,50,52,68,70,71,112,114" machi="68" ten="30,12000,1" yaku="1,1,2,1,0,1,54,1,53,1" doraHai="11" doraHaiUra="32" who="3" fromWho="3" sc="263,-40,284,-40,207,-40,236,130" owari="223,-18.0,244,4.0,167,-33.0,366,47.0" /></mjloggm>