<mjloggm ver="2.3"><GO type="169" lobby="0"/><UN n0="%E3%82%A6%E3%83%AB%E3%83%88%E3%83%A9%E7%AB%8B%E7%9B%B4" n1="%70%70%61%61%6F%6F" n2="%E3%83%9F%E3%82%AF%E3%83%AD" n3="%E3%81%8A%E7%9F%A5%E3%82%89%E3%81%9B" dan="17,18,16,16" rate="2219.15,2264.32,2096.52,2136.77" sx="M,M,M,M"/><TAIKYOKU oya="0"/><INIT seed="0,0,0,2,1,71" ten="250,250,250,250" oya="0" hai0="91,43,100,22,1,69,86,20,29,73,57,82,132" hai1="63,40,24,92,3,47,11,64,85,80,62,51,49" hai2="110,31,45,6,54,135,46,52,17,42,2,34,88" hai3="114,123,119,84,74,13,7,83,75,55,108,118,32"/><T68/><D1/><U70/><E24/><V67/><F110/><W87/><G32/><T12/><D69/><U113/><E113/><V116/><F67/><W128/><G7/><T133/><D68/><U8/><E63/><V35/><F135/><N who="0" m="51786" /><D29/><U27/><E92/><V89/><F116/><W97/><G13/><T14/><D100/><U53/><E27/><V9/><F17/><W77/><G55/><T65/><D43/><U59/><REACH who="1" step="1"/><E3/><REACH who="1" ten="250,240,250,250" step="2"/><V94/><F31/><W96/><G114/><T131/><D131/><U4/><E4/><V105/><F105/><W117/><G128/><T81/><D12/><U122/><E122/><V134/><F134/><W109/><G123/><T106/><D106/><U90/><AGARI ba="0,1" hai="8,11,40,47,49,51,53,59,62,64,70,80,85,90" machi="90" ten="20,5200,0" yaku="1,1,0,1,7,1,53,1" doraHai="71" doraHaiUra="60" who="1" fromWho="1" sc="250,-26,240,62,250,-13,250,-13" /><INIT seed="1,0,0,0,1,86" ten="224,302,237,237" oya="1" hai0="70,22,7,130,21,87,32,37,85,114,44,41,133" hai1="101,115,120,20,99,10,50,132,76,111,108,59,4" hai2="45,19,12,61,49,1,75,17,91,71,95,73,2" hai3="47,104,56,107,9,34,66,27,39,89,100,134,57"/><U6/><E115/><V16/><F12/><W96/><G134/><T42/><D114/><U119/><E120/><V69/><F75/><W63/><G107/><T60/><D32/><U92/><E119/><V94/><F73/><W124/><G124/><T84/><D133/><U28/><E132/><V18/><N who="2" m="4096" /><DORA hai="46" /><V54/><F94/><W93/><G9/><T8/><D130/><U109/><E76/><V24/><F24/><W82/><G82/><T117/><D117/><U65/><E10/><V67/><REACH who="2" step="1"/><F69/><REACH who="2" ten="224,302,227,237" step="2"/><W38/><G27/><T127/><D127/><U58/><E4/><V131/><F131/><W15/><G15/><T43/><D21/><U129/><E6/><V116/><F116/><W112/><G112/><T110/><D22/><U48/><E129/><V80/><F80/><W13/><G13/><T33/><D33/><U103/><E20/><V135/><F135/><W51/><G34/><T23/><D23/><U81/><E28/><V118/><F118/><W36/><G57/><N who="1" m="21514" /><E81/><V52/><F52/><W102/><REACH who="3" step="1"/><G104/><REACH who="3" ten="224,302,227,227" step="2"/><T106/><D106/><N who="1" m="63807" /><E65/><V79/><F79/><W29/><G29/><T113/><D113/><U62/><E62/><V98/><AGARI ba="0,2" hai="1,2,45,49,54,61,67,71,91,95,98" m="4096" machi="98" ten="40,12000,2" yaku="1,1,0,1,52,2,54,1,53,1" doraHai="86,46" doraHaiUra="88,74" who="2" fromWho="2" sc="224,-30,302,-60,227,140,227,-30" /><INIT seed="2,0,0,3,1,73" ten="194,242,367,197" oya="2" hai0="59,27,90,72,39,85,122,65,74,15,5,31,60" hai1="66,53,114,94,130,14,67,38,105,129,88,32,17" hai2="36,117,41,92,126,42,62,102,35,23,44,25,131" hai3="83,115,123,69,57,128,77,81,37,100,70,33,10"/><V98/><F117/><W6/><G123/><T64/><D39/><U96/><E32/><V80/><F131/><N who="1" m="50185" /><E114/><V68/><F126/><W45/><G33/><T120/><D65/><U134/><E134/><V7/><F35/><W29/><G29/><T118/><D118/><U19/><E38/><V47/><F7/><W58/><G100/><T111/><D111/><U78/><E105/><V54/><F80/><W48/><G128/><T55/><D74/><U30/><E30/><V63/><F54/><W106/><G106/><T93/><D72/><U113/><E113/><V51/><REACH who="2" step="1"/><F68/><REACH who="2" ten="194,242,357,197" step="2"/><W50/><G83/><T121/><D55/><U125/><E125/><V52/><F52/><W2/><G69/><T8/><D122/><U108/><E53/><V34/><F34/><AGARI ba="0,1" hai="5,8,15,27,31,34,59,60,64,85,90,93,120,121" machi="34" ten="30,1000,0" yaku="7,1" doraHai="73" who="0" fromWho="2" sc="194,20,242,0,357,-10,197,0" /><INIT seed="3,0,0,1,5,126" ten="214,242,347,197" oya="3" hai0="79,62,83,86,72,29,40,101,52,64,132,4,67" hai1="130,23,24,61,30,131,107,51,111,6,122,25,59" hai2="127,128,93,35,3,31,57,87,32,5,36,58,117" hai3="7,71,68,63,55,19,102,104,41,26,91,109,9"/><W28/><G109/><T84/><D132/><U81/><E122/><V106/><F106/><W133/><G133/><T80/><D72/><U112/><E112/><V0/><F36/><W39/><G19/><T124/><D124/><U48/><E107/><V12/><F127/><W65/><G55/><T33/><D101/><U10/><E111/><V85/><F12/><W47/><G91/><T27/><D40/><U135/><E81/><V70/><F93/><W103/><G68/><T38/><D38/><U60/><E25/><V94/><F94/><W129/><G104/><T88/><REACH who="0" step="1"/><D4/><REACH who="0" ten="204,242,347,197" step="2"/><U18/><E135/><V43/><F43/><W115/><G115/><T78/><D78/><U74/><E74/><V15/><F5/><W76/><G76/><T73/><D73/><U2/><E30/><V34/><F31/><W99/><G103/><T110/><D110/><U20/><E20/><V17/><F35/><W1/><G102/><T56/><AGARI ba="0,1" hai="27,29,33,52,56,62,64,67,79,80,83,84,86,88" machi="56" ten="30,7900,0" yaku="1,1,0,1,54,2,53,0" doraHai="126" doraHaiUra="66" who="0" fromWho="0" sc="204,89,242,-20,347,-20,197,-39" /><INIT seed="4,0,0,1,2,124" ten="293,222,327,158" oya="0" hai0="42,78,69,128,130,2,64,91,36,110,121,133,112" hai1="24,120,109,116,125,13,107,61,44,9,56,32,8" hai2="118,99,122,66,93,50,89,14,71,94,98,31,87" hai3="22,16,46,35,68,53,41,48,59,19,86,104,1"/><T103/><D2/><U97/><E109/><V101/><F122/><W117/><G117/><T30/><D103/><U105/><E116/><V70/><F118/><W3/><G35/><T84/><D78/><U62/><E120/><V113/><F113/><W29/><G68/><T60/><D121/><U115/><E125/><V49/><F31/><W15/><G104/><T80/><D112/><U67/><E8/><V47/><F49/><W10/><G29/><T100/><D100/><U28/><E115/><V26/><F26/><W20/><G86/><T85/><D85/><U132/><E132/><V76/><F76/><W126/><G126/><T108/><D30/><U0/><E0/><V111/><F111/><N who="0" m="42538" /><D133/><U43/><E62/><V90/><F14/><W40/><G40/><T73/><D73/><U74/><E97/><V5/><F5/><W72/><G72/><T88/><D91/><U135/><E74/><V123/><F66/><W54/><G54/><T92/><D92/><U4/><REACH who="1" step="1"/><E135/><REACH who="1" ten="293,212,327,158" step="2"/><V127/><F127/><W17/><G10/><T79/><D79/><U63/><E63/><V58/><F123/><W134/><G134/><T119/><D119/><U131/><E131/><V25/><F99/><W27/><REACH who="3" step="1"/><G19/><REACH who="3" ten="293,212,327,148" step="2"/><T129/><D129/><U77/><E77/><V33/><F98/><W23/><G23/><T95/><D80/><U82/><E82/><V37/><F33/><W21/><G21/><T81/><D81/><U34/><E34/><V18/><F18/><W45/><G45/><AGARI ba="0,2" hai="36,42,45,60,64,69,84,88,95,128,130" m="42538" machi="45" ten="30,11600,0" yaku="10,1,52,2,54,1" doraHai="124" who="0" fromWho="3" sc="293,136,212,0,327,0,148,-116" /><INIT seed="4,1,0,2,0,3" ten="429,212,327,32" oya="0" hai0="65,118,82,135,2,0,6,51,53,29,87,35,110" hai1="114,117,92,43,63,125,111,131,126,57,28,54,124" hai2="48,40,23,115,17,62,93,26,27,116,81,9,67" hai3="90,88,22,98,15,24,47,99,83,77,78,108,72"/><T132/><D118/><U20/><E117/><V44/><F116/><W76/><G108/><T75/><D75/><U70/><E111/><V85/><F115/><W61/><G15/><T128/><D65/><N who="1" m="41279" /><E92/><V120/><F120/><W107/><G61/><T55/><D110/><U18/><E28/><V16/><F9/><W50/><G22/><T122/><D122/><U42/><E114/><V79/><F93/><N who="3" m="56615" /><G24/><N who="0" m="18855" /><D6/><U69/><E131/><V109/><F109/><W37/><G50/><T45/><D55/><U14/><E69/><V10/><F10/><W1/><G47/><T56/><D56/><U106/><E106/><V84/><F84/><N who="3" m="50463" /><G37/><T39/><D128/><U4/><E4/><V73/><F73/><W52/><G52/><T33/><D39/><U59/><E59/><V133/><F133/><N who="0" m="51274" /><D33/><U41/><E41/><V101/><F67/><W19/><G19/><T49/><D49/><AGARI ba="1,0" hai="14,18,20,42,43,49,54,57,124,125,126" m="41279" machi="49" ten="30,1000,0" yaku="18,1" doraHai="3" who="1" fromWho="0" sc="429,-13,212,13,327,0,32,0" /><INIT seed="5,0,0,0,0,11" ten="416,225,327,32" oya="1" hai0="98,48,39,13,36,74,62,76,61,124,125,96,93" hai1="132,89,119,6,87,104,105,90,23,53,83,10,5" hai2="111,85,18,97,58,108,57,112,101,126,66,115,52" hai3="77,59,109,64,29,42,34,3,106,44,73,63,116"/><U8/><E119/><V24/><F85/><W27/><G116/><T99/><D93/><U30/><E132/><V128/><F128/><W134/><G109/><T14/><D48/><U2/><E53/><V20/><F126/><N who="0" m="48746" /><D76/><U117/><E117/><V72/><F72/><W68/><G134/><T7/><D74/><U60/><E60/><N who="0" m="23145" /><D7/><U110/><E110/><V131/><F66/><W40/><G40/><T133/><D133/><U81/><E23/><V9/><F9/><W78/><G3/><T56/><D56/><U102/><E30/><V123/><F58/><W43/><G43/><T127/><D127/><U80/><E102/><V71/><F71/><W65/><G65/><T69/><D69/><U54/><E54/><V86/><F86/><W35/><G35/><T120/><D120/><U84/><REACH who="1" step="1"/><E81/><REACH who="1" ten="416,215,327,32" step="2"/><V67/><F123/><W129/><G129/><T0/><D0/><AGARI ba="0,1" hai="0,2,5,6,8,10,80,83,84,87,89,90,104,105" machi="0" ten="30,18000,2" yaku="1,1,2,1,7,1,32,3,53,0" doraHai="11" doraHaiUra="41" who="1" fromWho="0" sc="416,-180,215,190,327,0,32,0" /><INIT seed="5,1,0,1,0,78" ten="236,405,327,32" oya="1" hai0="101,19,102,88,120,94,7,64,109,9,98,91,30" hai1="32,125,92,73,39,128,115,116,37,26,10,56,45" hai2="90,48,105,100,25,65,38,81,41,70,80,124,6" hai3="28,29,134,46,89,68,62,86,63,21,69,24,11"/><U106/><E106/><V75/><F124/><W104/><G134/><T12/><D120/><U123/><E123/><V85/><F6/><W82/><G104/><T20/><D109/><U2/><E116/><V72/><F38/><W23/><G68/><T76/><D76/><U66/><E56/><V43/><F65/><W61/><G69/><T97/><D64/><U67/><E92/><V114/><F70/><W15/><G46/><T50/><D30/><U93/><E93/><V133/><F133/><W99/><G99/><T1/><REACH who="0" step="1"/><D50/><REACH who="0" ten="226,405,327,32" step="2"/><U16/><E66/><V74/><F48/><W96/><G96/><T71/><D71/><U33/><E67/><V18/><F75/><W121/><G121/><T127/><D127/><U14/><E73/><V113/><F72/><W108/><G108/><T119/><D119/><U54/><E125/><V111/><F111/><W35/><REACH who="3" step="1"/><G29/><REACH who="3" ten="226,405,327,22" step="2"/><T126/><D126/><U31/><E31/><V132/><F132/><W5/><AGARI ba="1,2" hai="5,11,15,21,23,24,28,35,61,62,63,82,86,89" machi="5" ten="30,8000,1" yaku="1,1,2,1,0,1,52,1,53,1" doraHai="78" doraHaiUra="83" who="3" fromWho="3" sc="226,-21,405,-41,327,-21,22,103" /><INIT seed="6,0,0,2,2,38" ten="205,364,306,125" oya="2" hai0="23,74,9,48,70,96,100,22,80,133,106,53,26" hai1="60,90,123,19,87,75,63,36,46,113,71,92,81" hai2="2,101,132,122,68,50,76,129,43,79,59,27,108" hai3="64,107,55,41,103,78,62,126,34,10,37,0,117"/><V11/><F122/><W72/><G117/><T115/><D70/><U6/><E123/><V77/><F68/><W33/><G55/><T97/><D115/><U119/><E119/><V1/><F129/><W14/><G14/><T21/><D133/><U44/><E6/><V114/><F114/><W65/><G65/><T30/><D96/><U121/><E75/><V47/><F132/><W112/><G126/><T24/><D9/><U51/><E36/><V18/><F101/><W8/><G8/><T102/><D102/><U31/><E31/><V91/><F108/><W83/><G112/><T120/><D120/><U45/><E71/><V5/><F2/><W127/><G127/><T110/><D110/><U58/><E121/><V98/><F59/><W105/><G62/><N who="1" m="23594" /><E58/><V85/><F98/><N who="3" m="61687" /><G64/><T16/><D22/><U40/><E113/><V28/><F18/><W15/><G15/><T13/><D13/><U25/><E81/><V3/><F3/><W57/><G57/><T116/><D116/><U12/><E25/><V104/><F104/><W42/><G42/><T89/><D53/><U49/><E49/><V131/><F131/><W73/><G73/><T69/><D48/><U93/><E93/><V130/><F130/><W35/><G107/><T99/><D69/><U135/><E135/><V111/><F111/><W56/><G56/><T66/><D66/><U20/><AGARI ba="0,0" hai="12,19,20,40,44,45,46,51,87,90,92" m="23594" machi="20" ten="30,2000,0" yaku="8,1,52,1" doraHai="38" who="1" fromWho="1" sc="205,-5,364,20,306,-10,125,-5" /><INIT seed="7,0,0,1,1,56" ten="200,384,296,120" oya="3" hai0="46,95,127,117,51,65,57,22,115,99,131,63,38" hai1="23,39,15,94,32,48,58,37,69,36,126,78,81" hai2="68,25,61,109,118,13,31,96,53,91,8,106,114" hai3="110,111,59,119,88,71,73,55,82,104,47,49,79"/><W34/><G71/><T83/><D117/><U67/><E32/><V102/><F109/><N who="3" m="41483" /><G34/><T112/><D38/><U29/><E69/><V100/><F114/><N who="0" m="43562" /><D131/><U72/><E94/><N who="2" m="56415" /><F68/><W27/><G104/><T35/><D35/><U122/><E122/><V11/><F106/><W40/><G119/><T80/><D22/><U30/><E126/><V21/><F118/><W66/><G27/><T3/><D3/><U5/><E23/><V33/><F33/><W64/><G88/><N who="0" m="55783" /><D127/><U97/><E97/><V26/><F26/><W92/><G92/><T10/><D10/><U24/><E24/><V75/><F75/><W108/><N who="3" m="41491" /><W6/><DORA hai="54" /><G6/><T1/><D1/><U90/><E5/><N who="2" m="3215" /><F11/><W77/><G77/><T41/><AGARI ba="0,0" hai="41,46,51,57,63,65,80,83" m="55783,43562" machi="41" ten="30,8000,1" yaku="15,1,11,1,52,2,54,1" doraHai="56,54" who="0" fromWho="0" sc="200,80,384,-20,296,-20,120,-40" owari="280,8.0,364,46.0,276,-12.0,80,-42.0" /></mjloggm>