<mjloggm ver="2.3"><GO type="97" lobby="0"/><UN n0="%59%61%6B%69%63%68%69%CE%A3" n1="%E4%B8%89%E8%89%B2%E4%B8%89%E7%AF%80%E9%AB%98" n2="%E6%9D%B1%E9%A2%A8%E7%A5%9E%59%75%75%6B%69" n3="%E5%B0%B1%E6%B4%BB%E7%94%9F%40%E5%B7%9D%E6%9D%91%E8%BB%8D%E5%9B%A3" dan="14,15,15,16" rate="1855.53,2026.53,2014.12,2121.45" sx="M,M,F,M"/><TAIKYOKU oya="0"/><INIT seed="0,0,0,2,0,132" ten="250,250,250,250" oya="0" hai0="95,97,32,16,66,58,24,21,128,22,53,60,89" hai1="103,6,96,52,8,25,17,61,94,102,11,57,107" hai2="109,112,44,48,59,73,35,111,50,79,31,130,76" hai3="84,27,91,69,75,46,129,39,10,3,119,56,20"/><T135/><D128/><U88/><E107/><V110/><F112/><W114/><G69/><T121/><D135/><U38/><E38/><V86/><F130/><W49/><G75/><T126/><D126/><U90/><E90/><V101/><F73/><W71/><G71/><T104/><D104/><U23/><E11/><V51/><F101/><W7/><G114/><T65/><D32/><U14/><AGARI ba="0,0" hai="6,8,14,17,23,25,52,57,61,88,94,96,102,103" machi="14" ten="20,12000,2" yaku="0,1,7,1,25,2,8,1,54,2" doraHai="132" who="1" fromWho="1" sc="250,-60,250,120,250,-30,250,-30" /><INIT seed="1,0,0,2,3,97" ten="190,370,220,220" oya="1" hai0="51,68,7,111,4,56,1,3,106,48,93,64,82" hai1="135,35,102,61,47,74,65,73,86,98,31,18,132" hai2="40,46,88,94,44,117,99,39,116,110,120,81,11" hai3="96,131,60,72,2,83,9,101,17,107,23,19,71"/><U52/><E35/><V15/><F120/><W124/><G131/><T69/><D106/><U59/><E31/><V134/><F110/><W41/><G124/><T16/><D111/><U50/><E86/><V32/><F32/><W10/><G41/><T66/><D56/><U67/><E18/><V89/><F134/><N who="1" m="51241" /><E67/><V75/><F46/><W108/><G108/><T26/><D93/><AGARI ba="0,0" hai="47,50,52,59,61,65,73,74,93,98,102" m="51241" machi="93" ten="30,5800,0" yaku="20,1,52,1,54,1" doraHai="97" who="1" fromWho="0" sc="190,-58,370,58,220,0,220,0" /><INIT seed="1,1,0,4,5,21" ten="132,428,220,220" oya="1" hai0="93,105,18,109,19,116,66,10,44,60,8,101,118" hai1="23,54,52,117,130,80,120,26,47,50,111,92,91" hai2="27,135,16,42,7,113,53,32,20,51,103,125,28" hai3="94,0,102,85,123,35,9,14,31,56,73,70,84"/><U98/><E117/><V22/><F125/><W41/><G70/><T115/><D105/><U134/><E134/><V6/><F135/><W76/><G0/><T96/><D109/><U67/><E111/><V128/><F113/><W127/><G127/><T49/><D115/><U132/><E132/><V87/><F128/><W133/><G123/><T46/><D118/><U122/><E130/><V100/><F42/><W17/><G133/><T29/><D29/><U3/><E3/><V65/><F65/><W38/><G73/><T79/><D79/><U129/><E129/><V40/><F40/><W89/><G102/><N who="2" m="38953" /><F32/><W77/><G56/><T30/><D30/><U104/><E104/><V107/><F107/><W58/><G58/><T75/><D75/><U61/><E54/><V63/><F87/><W68/><G68/><T126/><D126/><U119/><E80/><V4/><F63/><W112/><G112/><T39/><D39/><U90/><E90/><V83/><F83/><W81/><G38/><T1/><D1/><U43/><E43/><V131/><F131/><W45/><G41/><T69/><D116/><U37/><E37/><V124/><F124/><W95/><G77/><T99/><D99/><U64/><E119/><V25/><F7/><W12/><G94/><T110/><D110/><U88/><E91/><V11/><F11/><W108/><G108/><T34/><D8/><U59/><E67/><V15/><F15/><W72/><G12/><N who="0" m="7447" /><D34/><U86/><E86/><V62/><F62/><W114/><G114/><T55/><D19/><AGARI ba="1,0" hai="19,23,26,47,50,52,59,61,64,88,92,98,120,122" machi="19" ten="30,11600,0" yaku="7,1,52,1,54,2" doraHai="21" who="1" fromWho="0" sc="132,-119,428,119,220,0,220,0" /><INIT seed="1,2,0,2,3,9" ten="13,547,220,220" oya="1" hai0="81,133,4,89,51,84,105,30,71,74,103,110,19" hai1="86,8,85,82,119,20,36,91,1,76,72,7,56" hai2="32,92,64,100,35,112,38,50,107,40,109,113,125" hai3="48,52,18,66,69,88,102,101,108,58,97,65,99"/><U45/><E119/><V106/><F109/><W22/><G108/><T3/><D71/><U29/><E56/><V43/><F38/><W93/><G69/><T10/><D110/><U130/><E130/><V98/><F125/><W37/><G37/><T79/><D133/><U26/><E91/><V21/><F64/><N who="3" m="24683" /><G97/><T16/><D30/><U67/><E67/><V55/><F21/><W122/><G122/><T131/><D131/><U116/><E116/><V33/><F106/><W6/><G6/><T31/><D31/><U78/><E78/><V128/><F128/><W83/><G83/><T123/><D123/><U25/><E26/><AGARI ba="2,0" hai="18,22,26,48,52,58,88,93,99,101,102" m="24683" machi="26" ten="30,3900,0" yaku="8,1,54,2" doraHai="9" who="3" fromWho="1" sc="13,0,547,-45,220,0,220,45" /><INIT seed="2,0,0,4,0,36" ten="13,502,220,265" oya="2" hai0="118,11,114,34,76,115,72,33,116,2,93,55,97" hai1="74,59,66,53,131,125,78,133,83,26,58,40,7" hai2="128,35,57,94,22,113,6,9,64,54,119,82,90" hai3="117,0,121,89,41,15,27,30,70,120,124,102,75"/><V100/><F119/><W42/><G0/><T29/><D114/><U14/><E125/><V84/><F35/><W8/><G70/><T77/><D115/><U101/><E133/><V112/><F64/><W16/><G75/><T12/><D2/><U129/><E101/><V60/><F128/><N who="1" m="49225" /><E40/><N who="3" m="15466" /><G117/><T99/><D12/><U21/><E66/><V79/><F100/><W69/><G69/><T10/><D55/><U95/><E95/><V88/><F22/><N who="3" m="15735" /><G124/><T110/><D110/><U20/><E59/><V32/><F32/><W13/><G120/><T123/><D93/><U46/><E46/><V86/><REACH who="2" step="1"/><F79/><REACH who="2" ten="13,502,210,265" step="2"/><W23/><G121/><T45/><D29/><U103/><E103/><V5/><F5/><N who="3" m="3215" /><G102/><T87/><D123/><U91/><E7/><V52/><F52/><W61/><G61/><T122/><D122/><U17/><E53/><V126/><F126/><W127/><G127/><T49/><D118/><U25/><E74/><V134/><F134/><W104/><G104/><T28/><D72/><U92/><E26/><V67/><F67/><W73/><G73/><T80/><D116/><U1/><E25/><V56/><F56/><W135/><G135/><T65/><D77/><U39/><E58/><V37/><F37/><W96/><G89/><T47/><D65/><U3/><E91/><V106/><F106/><W132/><G132/><T109/><D109/><U44/><E39/><V105/><F105/><W43/><G43/><N who="0" m="24767" /><D47/><U111/><E44/><V48/><F48/><W38/><G38/><T98/><D34/><U19/><E111/><V108/><F108/><W107/><G107/><RYUUKYOKU ba="0,1" sc="13,10,502,-30,210,10,265,10" hai0="10,11,28,33,76,80,87,97,98,99" hai2="6,9,54,57,60,82,84,86,88,90,94,112,113" hai3="15,16,23,96" /><INIT seed="2,1,1,0,2,131" ten="23,472,220,275" oya="2" hai0="114,104,75,18,98,109,113,118,42,115,11,2,41" hai1="15,21,111,12,61,96,58,34,1,121,79,0,32" hai2="66,110,67,37,135,16,40,36,103,20,48,38,45" hai3="85,124,23,78,88,122,82,74,54,112,29,24,50"/><V47/><F110/><W63/><G124/><T84/><D75/><U6/><E79/><V22/><F103/><W117/><G112/><T7/><D109/><U39/><E39/><V123/><F123/><W35/><G122/><T92/><D118/><U83/><E111/><V68/><F135/><W76/><G117/><T87/><D104/><U19/><E121/><V70/><F22/><W93/><G76/><T52/><D18/><U119/><E83/><V125/><F125/><W26/><G63/><T30/><D30/><U3/><E119/><V80/><F80/><W51/><REACH who="3" step="1"/><G54/><REACH who="3" ten="23,472,220,265" step="2"/><T64/><D64/><N who="2" m="24618" /><F20/><W127/><G127/><T73/><D73/><U25/><E34/><V62/><F16/><AGARI ba="1,2" hai="16,23,24,26,29,35,50,51,74,78,82,85,88,93" machi="16" ten="30,8000,1" yaku="1,1,7,1,54,2,53,1" doraHai="131" doraHaiUra="72" who="3" fromWho="2" sc="23,0,472,0,220,-83,265,103" /><INIT seed="3,0,0,2,4,74" ten="23,472,137,368" oya="3" hai0="107,36,73,131,16,130,118,113,71,62,92,111,127" hai1="5,14,18,48,57,20,44,66,52,78,67,50,63" hai2="45,8,98,114,70,58,104,32,85,55,27,3,110" hai3="132,65,10,2,31,87,33,100,79,11,116,122,125"/><W46/><G122/><T102/><D92/><U101/><E78/><V68/><F114/><W0/><G116/><T54/><D54/><N who="1" m="29959" /><E101/><V93/><F110/><W35/><G100/><T83/><D83/><U88/><E5/><V106/><F45/><W124/><G65/><T135/><D16/><U41/><E88/><V25/><F85/><W60/><G60/><T86/><D86/><U53/><E41/><V13/><F3/><N who="3" m="1067" /><G46/><AGARI ba="0,0" hai="14,18,20,46,50,52,53,57,63,66,67" m="29959" machi="46" ten="30,2000,0" yaku="8,1,54,1" doraHai="74" who="1" fromWho="3" sc="23,0,472,20,137,0,368,-20" owari="23,-48.0,492,59.0,137,-26.0,348,15.0" /></mjloggm>