<mjloggm ver="2.3"><GO type="169" lobby="0"/><UN n0="%E3%81%AA%E3%81%BE%E3%81%AF%E3%81%92%E3%83%AA%E3%83%BC%E3%83%81%E2%98%86" n1="%79%6F%6B%6F%77%61%73%68" n2="%E3%82%A6%E3%83%AB%E3%83%88%E3%83%A9%E7%AB%8B%E7%9B%B4" n3="%E6%96%B0%E6%BD%9F%E3%83%89%E3%83%A9%E3%82%B4%E3%83%B3" dan="18,16,17,16" rate="2250.55,2044.65,2220.89,2140.08" sx="M,M,M,M"/><TAIKYOKU oya="0"/><INIT seed="0,0,0,3,5,107" ten="250,250,250,250" oya="0" hai0="127,101,122,46,102,34,76,47,38,54,49,12,14" hai1="111,64,57,59,100,10,81,82,96,58,132,79,29" hai2="68,120,113,90,126,114,37,108,63,25,72,97,115" hai3="36,78,66,125,52,130,129,26,17,106,9,2,43"/><T112/><D122/><U124/><E111/><V22/><F37/><W105/><G66/><T50/><D34/><U70/><E132/><V119/><F120/><W19/><G125/><T0/><D38/><U1/><E124/><V121/><F121/><W16/><G26/><T5/><D127/><U80/><E29/><V24/><F108/><W134/><G134/><T32/><D32/><U20/><E20/><V91/><F126/><W117/><G117/><T84/><D0/><U110/><E110/><V53/><F119/><W67/><G67/><T60/><D60/><U21/><E21/><V35/><F35/><W88/><G78/><T93/><D112/><U131/><E131/><N who="3" m="50186" /><G52/><N who="0" m="29751" /><D76/><U135/><E135/><V103/><F68/><W128/><N who="3" m="50194" /><W28/><DORA hai="3" /><G28/><T69/><D69/><U92/><E70/><V73/><F114/><W104/><G88/><N who="0" m="53383" /><D14/><U89/><E64/><V7/><F115/><W42/><G36/><T65/><D65/><U95/><E79/><V109/><F113/><W56/><G56/><T55/><D55/><U45/><E59/><V123/><F109/><W62/><G62/><T40/><D54/><U13/><E1/><V75/><F123/><W30/><G30/><T51/><D51/><U74/><E45/><V98/><F75/><W71/><G71/><T18/><D18/><N who="1" m="8503" /><E74/><V44/><F73/><W116/><G116/><T15/><D15/><U8/><E57/><V48/><F72/><W39/><G39/><T86/><D86/><N who="1" m="52279" /><E58/><V23/><F48/><W133/><G133/><T85/><D85/><U99/><E99/><V118/><F97/><RYUUKYOKU ba="0,0" sc="250,10,250,10,250,-30,250,10" hai0="5,12,40,47,50,101,102" hai1="8,80,81,82,95,96,100" hai3="2,9,16,17,19,42,43,104,105,106" /><INIT seed="0,1,0,5,4,46" ten="260,260,220,260" oya="0" hai0="55,89,99,127,121,49,105,0,92,32,35,128,86" hai1="120,31,130,39,43,84,118,50,9,77,69,106,95" hai2="109,100,79,7,114,91,28,37,82,94,38,24,93" hai3="71,60,34,17,1,66,113,25,33,126,8,131,15"/><T62/><D0/><U124/><E106/><V36/><F114/><W23/><G113/><T56/><D121/><U81/><E69/><V76/><F109/><W29/><G131/><T122/><D122/><U3/><E120/><V103/><F7/><W123/><G123/><T116/><D116/><U107/><E107/><V67/><F67/><W19/><G126/><T52/><D128/><U111/><E31/><V58/><F58/><W78/><G78/><T108/><D127/><U2/><E111/><V135/><F135/><W40/><G40/><T47/><REACH who="0" step="1"/><D108/><REACH who="0" ten="250,260,220,260" step="2"/><U53/><E2/><V134/><F134/><W132/><G132/><T12/><D12/><U75/><E124/><V101/><F76/><W5/><REACH who="3" step="1"/><G19/><REACH who="3" ten="250,260,220,250" step="2"/><T97/><D97/><U48/><E130/><V87/><REACH who="2" step="1"/><F79/><REACH who="2" ten="250,260,210,250" step="2"/><W68/><G68/><T63/><D63/><U64/><E77/><V61/><F61/><W90/><G90/><T18/><D18/><U80/><E118/><V11/><F11/><AGARI ba="1,3" hai="1,5,8,11,15,17,23,25,29,33,34,60,66,71" machi="11" ten="30,2000,0" yaku="1,1,7,1,53,0" doraHai="46" doraHaiUra="72" who="3" fromWho="2" sc="250,0,260,0,210,-23,250,53" /><INIT seed="1,0,0,4,3,86" ten="250,260,187,303" oya="1" hai0="98,103,66,116,33,119,63,92,44,23,45,3,64" hai1="91,73,19,122,81,2,8,112,50,93,42,65,121" hai2="27,79,62,29,39,30,133,123,76,72,49,10,115" hai3="26,0,74,114,60,35,130,135,58,69,31,88,9"/><U22/><E112/><V21/><F39/><W68/><G74/><T127/><D33/><U99/><E65/><V43/><F123/><W36/><G114/><T40/><D3/><U83/><E42/><V124/><F115/><W20/><G36/><T102/><D127/><U61/><E61/><V96/><F124/><W28/><G130/><T111/><D111/><U24/><E50/><V34/><F133/><W104/><G104/><T52/><D66/><U71/><E71/><V84/><F72/><W105/><G105/><T89/><D44/><U5/><REACH who="1" step="1"/><E73/><REACH who="1" ten="250,250,187,303" step="2"/><V14/><F62/><W120/><G68/><T82/><D64/><U94/><E94/><V48/><F49/><W101/><G69/><T109/><D40/><U108/><E108/><V55/><F43/><W7/><G60/><T13/><D109/><U87/><E87/><V18/><F84/><W132/><G135/><T37/><D37/><U75/><E75/><V85/><F85/><W100/><G132/><T15/><D63/><U54/><E54/><V25/><F96/><W113/><G113/><T59/><D98/><U41/><E41/><V70/><F70/><W53/><G53/><T4/><D52/><U78/><E78/><V97/><F97/><W110/><G110/><T129/><D92/><U38/><E38/><V125/><F125/><W32/><G120/><AGARI ba="0,1" hai="2,5,8,19,22,24,81,83,91,93,99,120,121,122" machi="120" ten="40,7700,0" yaku="1,1,52,1,53,1" doraHai="86" doraHaiUra="16" who="1" fromWho="3" sc="250,0,250,87,187,0,303,-77" /><INIT seed="1,1,0,5,5,25" ten="250,337,187,226" oya="1" hai0="16,79,52,18,134,30,73,19,120,103,38,5,60" hai1="66,35,64,128,124,89,39,54,26,70,114,116,40" hai2="61,7,27,127,112,55,133,110,48,104,68,56,57" hai3="29,123,32,63,6,76,85,108,51,75,82,50,119"/><U33/><E116/><V36/><F104/><W91/><G123/><T84/><D38/><U130/><E114/><V67/><F7/><W118/><G108/><T88/><D120/><U17/><E70/><V86/><F110/><W23/><G32/><T106/><D134/><U87/><E124/><V96/><F96/><W99/><G6/><T126/><D126/><U3/><E3/><V122/><F122/><W93/><G63/><T131/><D131/><U117/><E117/><N who="3" m="44554" /><G75/><T0/><D73/><U24/><E17/><V4/><F4/><W109/><G109/><T14/><D79/><U20/><E20/><V95/><F127/><W100/><G100/><T58/><D30/><U107/><E33/><V15/><F133/><W69/><G69/><T22/><D106/><U1/><E1/><V71/><F36/><W21/><G21/><T59/><D103/><U105/><E35/><V47/><F112/><W43/><G43/><T111/><D111/><U45/><E107/><V101/><F71/><W44/><G44/><T11/><D59/><U81/><E105/><V31/><F15/><W10/><G10/><T102/><D102/><U46/><E130/><V115/><F115/><W37/><G37/><T42/><D42/><U62/><E128/><V49/><F49/><W135/><G135/><T92/><AGARI ba="1,0" hai="0,5,11,14,16,18,19,22,52,58,60,84,88,92" machi="92" ten="20,8000,1" yaku="0,1,7,1,54,3" doraHai="25" who="0" fromWho="0" sc="250,83,337,-41,187,-21,226,-21" /><INIT seed="2,0,0,5,0,93" ten="333,296,166,205" oya="2" hai0="76,20,42,52,74,78,116,111,14,50,53,41,34" hai1="73,28,77,97,70,134,12,104,83,33,61,107,54" hai2="32,128,103,91,80,129,69,47,29,9,113,110,3" hai3="112,21,25,98,37,24,87,36,100,75,2,115,124"/><V82/><F69/><W60/><G75/><T131/><D34/><U17/><E134/><V114/><F32/><W120/><G120/><T96/><D111/><U55/><E107/><V106/><F29/><W127/><G2/><T16/><D131/><N who="2" m="50250" /><F47/><W95/><G87/><T22/><D116/><U71/><E70/><V48/><F48/><W58/><G37/><T57/><D74/><U85/><E73/><V86/><F9/><W49/><G49/><N who="0" m="30863" /><D96/><U26/><E12/><V11/><F11/><W13/><G13/><T117/><D22/><U23/><E17/><V81/><F3/><W109/><G36/><T59/><D117/><U10/><E10/><V6/><F6/><W122/><G109/><T133/><D133/><U63/><E63/><V51/><F51/><W64/><G122/><T31/><D31/><U19/><E19/><V125/><F125/><N who="3" m="48203" /><G25/><T68/><D68/><U39/><E23/><V30/><F30/><AGARI ba="0,0" hai="21,24,30,58,60,64,95,98,100,112,115" m="48203" machi="30" ten="30,3900,0" yaku="25,1,18,1,52,1" doraHai="93" who="3" fromWho="2" sc="333,0,296,0,166,-39,205,39" /><INIT seed="3,0,0,4,3,72" ten="333,296,127,244" oya="3" hai0="122,83,16,64,38,110,57,51,70,133,12,47,2" hai1="93,116,5,95,56,99,10,74,21,49,35,79,125" hai2="39,44,65,119,102,135,40,34,69,130,27,32,31" hai3="101,134,63,20,19,82,104,62,100,59,28,84,60"/><W42/><G134/><T67/><D2/><U113/><E35/><V124/><F119/><W91/><G42/><T81/><D122/><U123/><E113/><V114/><F114/><W96/><G101/><T30/><D110/><U18/><E123/><V33/><F135/><W128/><G128/><T92/><D70/><U78/><E125/><V53/><F124/><W105/><G28/><T52/><D133/><U98/><E74/><V25/><F130/><W58/><REACH who="3" step="1"/><G105/><REACH who="3" ten="333,296,127,234" step="2"/><T1/><D30/><U29/><E29/><V118/><F118/><W17/><G17/><T6/><D16/><U85/><E116/><V41/><F41/><W55/><G55/><T87/><D52/><N who="1" m="31759" /><E18/><V94/><F31/><W3/><G3/><T89/><D1/><U127/><E127/><V131/><F131/><W23/><G23/><T77/><D64/><U26/><E21/><V111/><F53/><W88/><G88/><T97/><D89/><N who="1" m="53423" /><E26/><AGARI ba="0,1" hai="19,20,26,58,59,60,62,63,82,84,91,96,100,104" machi="26" ten="40,2000,0" yaku="1,1,53,0" doraHai="72" doraHaiUra="129" who="3" fromWho="1" sc="333,0,296,-20,127,0,234,30" /><INIT seed="3,1,0,1,5,108" ten="333,276,127,264" oya="3" hai0="52,21,49,62,18,14,31,98,28,34,100,44,130" hai1="86,60,56,115,134,114,85,0,63,54,7,64,78" hai2="45,89,1,40,76,68,10,19,120,104,95,99,5" hai3="126,30,24,72,46,16,36,124,22,119,42,57,97"/><W116/><G72/><T123/><D123/><U82/><E134/><V25/><F120/><W67/><G97/><T15/><D130/><U37/><E37/><V75/><F68/><W133/><G133/><T38/><D34/><U84/><E0/><V23/><F104/><W33/><G67/><T79/><D38/><U32/><E7/><V105/><F105/><W117/><REACH who="3" step="1"/><G57/><REACH who="3" ten="333,276,127,254" step="2"/><T61/><D98/><U88/><E32/><V39/><F75/><W59/><G59/><T122/><D122/><U110/><E110/><V12/><REACH who="2" step="1"/><F76/><REACH who="2" ten="333,276,117,254" step="2"/><W50/><G50/><T107/><D79/><U77/><E78/><V69/><F69/><W113/><G113/><T87/><D49/><U131/><E131/><V92/><F92/><W106/><G106/><T26/><D107/><U47/><E77/><V4/><F4/><W132/><G132/><T103/><D62/><U3/><E63/><V74/><F74/><W91/><G91/><T83/><D61/><U125/><E88/><V73/><F73/><W29/><G29/><T128/><D31/><U111/><E111/><V58/><F58/><W102/><G102/><T101/><D128/><U17/><E56/><V112/><F112/><W71/><G71/><T109/><D109/><U9/><E114/><V20/><F20/><W135/><G135/><T2/><D28/><U6/><E115/><V13/><AGARI ba="1,2" hai="1,5,10,12,13,19,23,25,39,40,45,89,95,99" machi="13" ten="30,4000,0" yaku="1,1,0,1,53,1" doraHai="108" doraHaiUra="43" who="2" fromWho="2" sc="333,-11,276,-11,117,63,254,-21" /><INIT seed="4,0,0,5,0,68" ten="322,265,180,233" oya="0" hai0="13,29,105,113,126,98,47,34,1,106,97,114,101" hai1="127,128,0,20,121,70,63,67,129,111,82,26,62" hai2="66,86,12,94,57,122,41,130,55,102,21,52,75" hai3="40,17,32,104,79,73,31,5,91,108,35,81,64"/><T23/><D1/><U89/><E0/><V124/><F75/><W87/><G108/><T119/><D34/><U135/><E111/><V9/><F122/><W99/><G64/><T43/><D119/><U74/><E121/><V80/><F124/><W115/><G5/><T58/><D126/><U2/><E2/><V6/><F130/><N who="1" m="50281" /><E135/><V30/><F41/><W19/><G115/><T11/><D58/><U77/><E63/><V118/><F118/><W18/><G31/><T93/><D29/><U14/><E89/><V117/><F117/><W110/><G40/><T27/><D23/><U109/><E14/><V88/><F66/><W22/><G22/><T39/><D27/><U38/><E109/><V95/><F102/><N who="3" m="62559" /><G110/><T42/><D42/><U60/><E60/><N who="2" m="35879" /><F55/><W24/><G24/><AGARI ba="0,0" hai="6,9,12,21,24,30,80,86,88,94,95" m="35879" machi="24" ten="30,3900,0" yaku="8,1,54,2" doraHai="68" who="2" fromWho="3" sc="322,0,265,0,180,39,233,-39" /><INIT seed="5,0,0,5,1,99" ten="322,265,219,194" oya="1" hai0="134,52,131,22,59,30,37,40,1,133,65,129,60" hai1="106,89,81,126,105,27,18,2,111,130,124,62,11" hai2="7,69,103,57,49,78,101,100,107,17,6,8,117" hai3="39,113,15,98,87,135,93,53,91,86,74,63,73"/><U33/><E130/><N who="0" m="49673" /><D1/><U72/><E111/><V123/><F69/><W13/><G39/><T125/><D30/><U48/><E62/><V38/><F38/><W26/><G113/><T61/><D22/><N who="1" m="13783" /><E33/><V10/><F107/><W12/><G135/><N who="0" m="51723" /><D125/><N who="1" m="48235" /><E48/><V115/><F117/><W132/><G132/><T36/><D40/><U127/><E127/><V85/><F115/><W71/><G26/><T109/><D109/><U43/><E43/><V41/><F123/><W46/><G71/><AGARI ba="0,0" hai="36,37,52,59,60,61,65,71" m="51723,49673" machi="71" ten="30,8000,1" yaku="19,1,20,1,34,2,54,1" doraHai="99" who="0" fromWho="3" sc="322,80,265,0,219,0,194,-80" /><INIT seed="6,0,0,1,5,60" ten="402,265,219,114" oya="2" hai0="97,5,76,28,127,51,71,108,66,133,2,107,119" hai1="126,117,56,23,129,82,121,53,57,112,88,31,6" hai2="17,100,7,55,12,54,87,65,4,73,106,78,64" hai3="49,40,62,130,125,26,34,69,85,70,37,128,22"/><V63/><F73/><W25/><G37/><T111/><D51/><U38/><E38/><V52/><F100/><W98/><G125/><T50/><D50/><U99/><E117/><V77/><F106/><W35/><G98/><T103/><D127/><U92/><E112/><V36/><F36/><W61/><G85/><T89/><D89/><U132/><E6/><N who="2" m="2091" /><F63/><W21/><REACH who="3" step="1"/><G49/><REACH who="3" ten="402,265,219,104" step="2"/><T15/><D97/><U3/><E99/><V29/><F87/><W83/><G83/><T14/><D111/><U10/><E82/><V16/><F29/><W45/><G45/><T20/><D28/><U13/><E31/><V8/><F17/><W134/><G134/><T24/><D133/><U91/><E132/><V44/><F44/><W96/><G96/><T75/><D103/><U59/><E126/><V68/><F68/><W109/><G109/><T30/><D71/><U1/><E92/><V95/><F95/><W135/><G135/><T114/><D108/><U120/><E121/><V41/><F41/><AGARI ba="0,1" hai="21,22,25,26,34,35,40,41,61,62,69,70,128,130" machi="41" ten="25,3200,0" yaku="1,1,22,2,53,0" doraHai="60" doraHaiUra="80" who="3" fromWho="2" sc="402,0,265,0,219,-32,104,42" /><INIT seed="7,0,0,0,4,8" ten="402,265,187,146" oya="3" hai0="78,95,132,112,65,56,133,104,4,47,72,42,40" hai1="103,122,10,115,99,129,54,32,50,31,108,120,109" hai2="57,110,38,82,105,63,66,49,126,79,12,9,43" hai3="34,100,0,2,134,23,58,64,101,93,80,81,51"/><W98/><G34/><T76/><D104/><U17/><E31/><V33/><F105/><W90/><G134/><T41/><D112/><U92/><E32/><V113/><F33/><W52/><G64/><T128/><D128/><U77/><E77/><N who="0" m="29801" /><D72/><U16/><E115/><V130/><F126/><W96/><G90/><T89/><D4/><U84/><E129/><V20/><F38/><W74/><G74/><T124/><D124/><U121/><E84/><N who="2" m="48223" /><F113/><W53/><G53/><T131/><D131/><U14/><E17/><N who="2" m="8335" /><F130/><W37/><G37/><T5/><D5/><U125/><E125/><V1/><F1/><W94/><REACH who="3" step="1"/><G23/><REACH who="3" ten="402,265,187,136" step="2"/><T3/><D65/><U13/><E54/><V71/><F20/><W22/><G22/><T97/><D133/><U15/><E122/><V21/><F21/><W68/><G68/><T114/><D132/><U29/><E121/><V39/><F39/><W25/><G25/><T48/><D114/><U36/><E36/><V91/><F91/><W75/><G75/><T116/><D42/><U46/><E120/><V117/><F71/><W86/><G86/><T30/><D41/><U18/><E10/><V107/><F43/><W119/><G119/><T127/><D116/><U11/><E11/><V26/><F117/><W135/><G135/><T24/><D127/><U61/><E109/><V44/><F110/><W69/><G69/><T60/><D24/><U83/><E108/><V59/><F26/><W123/><G123/><T19/><D40/><U85/><E85/><V70/><F70/><W118/><G118/><T73/><D73/><U6/><E6/><RYUUKYOKU ba="0,1" sc="402,-10,265,-10,187,-10,136,30" hai3="0,2,51,52,58,80,81,93,94,96,98,100,101" /><INIT seed="7,1,1,0,2,61" ten="392,255,177,166" oya="3" hai0="66,45,123,91,124,109,112,77,76,81,73,65,22" hai1="42,125,68,9,6,95,47,127,126,87,16,24,111" hai2="57,70,115,21,101,37,23,48,83,128,92,79,96" hai3="0,72,86,38,93,82,20,121,114,129,13,25,71"/><W43/><G0/><T5/><D109/><U89/><E68/><V10/><F37/><W122/><G72/><T62/><D123/><U118/><E118/><V102/><F70/><W130/><G93/><T33/><D33/><U80/><E111/><V15/><F102/><W97/><G97/><T59/><D5/><U44/><E42/><V12/><F115/><W78/><G114/><T85/><D124/><U28/><E95/><V41/><F128/><N who="3" m="49259" /><G13/><T14/><D73/><U4/><E16/><N who="2" m="8215" /><F15/><W58/><G71/><T56/><D45/><N who="1" m="17483" /><E9/><V105/><F105/><W29/><G38/><T107/><D112/><U110/><E110/><V50/><F41/><W19/><G43/><T49/><D107/><U34/><AGARI ba="1,1" hai="4,6,24,28,34,80,87,89,125,126,127" m="17483" machi="34" ten="40,1500,0" yaku="18,1" doraHai="61" who="1" fromWho="1" sc="392,-5,255,28,177,-5,166,-8" owari="387,49.0,283,8.0,172,-23.0,158,-34.0" /></mjloggm>