<mjloggm ver="2.3"><GO type="169" lobby="0"/><UN n0="%E3%83%89%E3%83%A9%E3%83%AD%E3%83%B3%E3%83%80%E3%82%A4%E3%83%B4" n1="%E5%B0%B1%E6%B4%BB%E7%94%9F%40%E5%B7%9D%E6%9D%91%E8%BB%8D%E5%9B%A3" n2="%47%4F%4B%49%47%45%4E" n3="%E5%BE%A9%E8%AE%90%E3%81%A1%E3%82%83%E3%82%93" dan="16,17,16,17" rate="2148.11,2204.15,2109.85,2125.74" sx="M,M,M,F"/><TAIKYOKU oya="0"/><INIT seed="0,0,0,2,0,24" ten="250,250,250,250" oya="0" hai0="95,90,77,10,135,8,58,91,55,133,11,23,121" hai1="33,107,94,74,38,31,39,28,87,50,6,71,117" hai2="43,65,114,89,93,126,106,104,116,49,78,29,60" hai3="79,67,4,57,51,110,109,15,18,105,12,2,45"/><T119/><D119/><U81/><E107/><V73/><F114/><W132/><G105/><T102/><D121/><U84/><E33/><V82/><F126/><W97/><G132/><N who="0" m="50763" /><D77/><U128/><E71/><V66/><F66/><W72/><G79/><T101/><D23/><U56/><E117/><V48/><F106/><W25/><G72/><T46/><D46/><U111/><E111/><V103/><F43/><W70/><G45/><T115/><D115/><U52/><E74/><V120/><F29/><N who="1" m="11337" /><E39/><V80/><F80/><W36/><G2/><T127/><D127/><U108/><E38/><V41/><F41/><W75/><G36/><T42/><D42/><U16/><E108/><V59/><F120/><W122/><G75/><T125/><D125/><U9/><E128/><V113/><F113/><W20/><G122/><T69/><D69/><U22/><E94/><V118/><F118/><W68/><G68/><T17/><D17/><U21/><E6/><V63/><F116/><W83/><G4/><T32/><D32/><U99/><E99/><V35/><F35/><W85/><G70/><T96/><D102/><U112/><E112/><V123/><F103/><W88/><G109/><T92/><D95/><U62/><E62/><AGARI ba="0,0" hai="8,10,11,55,58,62,90,91,92,96,101" m="50763" machi="62" ten="30,1500,0" yaku="20,1" doraHai="24" who="0" fromWho="1" sc="250,15,250,-15,250,0,250,0" /><INIT seed="0,1,0,0,1,78" ten="265,235,250,250" oya="0" hai0="49,3,116,79,95,17,47,127,29,61,31,5,128" hai1="37,63,119,74,39,20,135,113,2,41,126,83,102" hai2="13,82,120,59,106,104,36,123,69,134,97,87,15" hai3="28,38,121,60,57,62,26,111,27,90,125,46,77"/><T7/><D116/><U35/><E20/><V21/><F69/><W122/><G111/><T9/><D128/><U70/><E102/><V108/><F36/><W76/><G125/><T55/><D127/><U67/><E126/><V45/><F134/><W0/><G0/><T34/><D34/><U56/><E56/><V64/><F45/><W114/><G114/><T80/><D7/><U110/><E110/><V91/><F108/><W19/><G19/><T118/><D118/><U66/><E66/><V52/><F64/><W81/><G90/><T103/><D17/><U100/><E113/><V85/><F106/><W4/><G4/><T131/><D131/><U84/><E135/><V112/><F112/><W12/><G12/><T1/><D1/><U92/><E119/><V16/><F13/><W96/><G96/><T99/><REACH who="0" step="1"/><D61/><REACH who="0" ten="255,235,250,250" step="2"/><U75/><E35/><V129/><F129/><W132/><G62/><T89/><D89/><U130/><E2/><V109/><F109/><W6/><G60/><T94/><D94/><U42/><E130/><V133/><F133/><W98/><G6/><T25/><D25/><U8/><E92/><V50/><F104/><W58/><G26/><T32/><D32/><U23/><E63/><V71/><F123/><W107/><G132/><T115/><D115/><U54/><E67/><V44/><F120/><W18/><G27/><T43/><D43/><U14/><E41/><V105/><F105/><W72/><G121/><T10/><D10/><U53/><E42/><V117/><F117/><W11/><G122/><T40/><D40/><U101/><E8/><RYUUKYOKU ba="1,1" sc="255,30,235,-10,250,-10,250,-10" hai0="3,5,9,29,31,47,49,55,79,80,95,99,103" /><INIT seed="0,2,1,0,0,101" ten="285,225,240,240" oya="0" hai0="106,125,77,89,54,94,114,2,30,70,123,16,122" hai1="71,48,129,6,104,51,33,19,65,78,66,1,90" hai2="113,100,32,63,75,83,8,46,112,72,44,87,18" hai3="58,130,59,29,124,127,133,116,98,0,56,45,68"/><T49/><D114/><U22/><E33/><V23/><F32/><W62/><G0/><T82/><D70/><U80/><E129/><V109/><F109/><W60/><G29/><T103/><D2/><U132/><E132/><V69/><F72/><W52/><G98/><T115/><D115/><U61/><E66/><V50/><F75/><W5/><G5/><T121/><D30/><U95/><E104/><V76/><F100/><W28/><G28/><T135/><D135/><U36/><E36/><V118/><F8/><W17/><G17/><T64/><D64/><U3/><E6/><V74/><F74/><W7/><G7/><T85/><D125/><U108/><E108/><V41/><F118/><W12/><G12/><T25/><D103/><U57/><E71/><V11/><F11/><W96/><G96/><T128/><D128/><U131/><E131/><V79/><F79/><W43/><G130/><T42/><D42/><U67/><E67/><V39/><F63/><W38/><G116/><T53/><D106/><U34/><E34/><V15/><F69/><W20/><G20/><N who="0" m="13447" /><D49/><U47/><E47/><V35/><F35/><W117/><G117/><T105/><D105/><U97/><E3/><V14/><F15/><W93/><G133/><T81/><D77/><U88/><E1/><V31/><F31/><W55/><G68/><T37/><D37/><U84/><E78/><V99/><F99/><W4/><G4/><T102/><D102/><U120/><E120/><V26/><F14/><AGARI ba="2,1" hai="14,19,22,48,51,57,61,65,80,84,88,90,95,97" machi="14" ten="30,3900,0" yaku="7,1,8,1,54,1" doraHai="101" who="1" fromWho="2" sc="285,0,225,55,240,-45,240,0" /><INIT seed="1,0,0,0,2,0" ten="285,280,195,240" oya="1" hai0="34,117,20,108,96,116,104,32,103,12,79,99,134" hai1="28,95,92,124,76,89,83,26,58,18,23,35,13" hai2="16,41,43,75,123,51,71,44,45,86,53,63,17" hai3="36,113,106,88,49,109,57,131,82,39,74,68,125"/><U65/><E124/><V126/><F75/><W56/><G68/><T118/><D108/><U81/><E65/><V90/><F126/><W94/><G106/><T9/><D134/><U6/><E58/><V100/><F123/><W27/><G109/><T128/><D128/><U38/><E38/><V52/><F100/><W2/><G2/><T59/><D79/><U84/><REACH who="1" step="1"/><E6/><REACH who="1" ten="285,270,195,240" step="2"/><V48/><F71/><W11/><G125/><T14/><D59/><U19/><E19/><N who="2" m="7243" /><F63/><W127/><G57/><T10/><D117/><U78/><E78/><V66/><F66/><W102/><G56/><T42/><D118/><U132/><E132/><V29/><F29/><W70/><G39/><T87/><D116/><U80/><E80/><AGARI ba="0,1" hai="41,43,44,45,48,51,52,53,80,86,90" m="7243" machi="80" ten="30,3900,0" yaku="8,1,54,2" doraHai="0" who="2" fromWho="1" sc="285,0,270,-39,195,49,240,0" /><INIT seed="2,0,0,0,2,39" ten="285,231,244,240" oya="2" hai0="70,84,14,120,38,67,7,116,76,91,130,98,21" hai1="95,20,34,3,35,0,124,59,82,41,32,80,50" hai2="106,118,99,108,90,12,31,37,75,105,71,15,64" hai3="110,42,102,55,1,85,8,78,86,117,19,9,127"/><V72/><F37/><W58/><G117/><T112/><D120/><U69/><E69/><V62/><F118/><W115/><G110/><T65/><D112/><U104/><E104/><V25/><F105/><W77/><G127/><T49/><D116/><U10/><E124/><V13/><F108/><W88/><G102/><T66/><D38/><U92/><E20/><V74/><F90/><W23/><G115/><T45/><D130/><U129/><E129/><V132/><F132/><W24/><G85/><T18/><D76/><U60/><E10/><V46/><F46/><W126/><G42/><T51/><D98/><U44/><E92/><V56/><F56/><W22/><G22/><T133/><D133/><U30/><E30/><V73/><N who="2" m="18944" /><DORA hai="54" /><V11/><F106/><W27/><G27/><T121/><D121/><U40/><E40/><V57/><F99/><W26/><G26/><T5/><D51/><U131/><E95/><V93/><F93/><N who="3" m="54423" /><G1/><T28/><D28/><U103/><E103/><V114/><F71/><W61/><G126/><T52/><REACH who="0" step="1"/><D70/><REACH who="0" ten="275,231,244,240" step="2"/><U83/><REACH who="1" step="1"/><E131/><REACH who="1" ten="275,221,244,240" step="2"/><V101/><F114/><W97/><G97/><T111/><D111/><U125/><E125/><V36/><F36/><W33/><G33/><T107/><D107/><U87/><E87/><V123/><F123/><W63/><G63/><T113/><D113/><U96/><E96/><V16/><REACH who="2" step="1"/><F101/><REACH who="2" ten="275,221,234,240" step="2"/><W119/><G119/><T135/><D135/><U68/><E68/><V79/><F79/><AGARI ba="0,3" hai="8,9,19,23,24,55,58,61,77,78,79" m="54423" machi="79" ten="30,3900,0" yaku="8,1,52,1,54,1" doraHai="39,54" who="3" fromWho="2" sc="275,0,221,0,234,-39,240,69" /><INIT seed="3,0,0,2,5,57" ten="275,221,195,309" oya="3" hai0="11,117,107,108,39,59,116,52,92,58,31,76,54" hai1="27,124,93,125,55,0,69,42,48,61,46,113,77" hai2="53,103,20,75,2,6,49,72,110,15,7,47,60" hai3="126,19,4,98,67,68,90,121,79,101,106,9,112"/><W25/><G121/><T123/><D107/><U115/><E0/><V30/><F2/><W70/><G112/><N who="1" m="43082" /><E77/><V120/><F110/><W34/><G79/><T12/><D123/><U17/><E17/><V5/><F120/><W62/><G70/><T122/><D122/><U134/><E27/><V109/><F109/><W86/><G126/><N who="1" m="48746" /><E93/><V135/><F135/><W32/><G19/><T74/><D108/><U81/><E81/><V102/><F75/><W83/><G25/><T88/><D31/><U87/><E87/><V50/><F72/><W96/><REACH who="3" step="1"/><G98/><REACH who="3" ten="275,221,195,299" step="2"/><T132/><D76/><U1/><E134/><V16/><F30/><W94/><G94/><T36/><D132/><U22/><E22/><V18/><F18/><W111/><G111/><T71/><D92/><U95/><E95/><V37/><F103/><W114/><G114/><T84/><D84/><U97/><E97/><V105/><F102/><W133/><G133/><T99/><D99/><U91/><E91/><V26/><F105/><W85/><G85/><T128/><D88/><U66/><E1/><AGARI ba="0,1" hai="1,4,9,32,34,62,67,68,83,86,90,96,101,106" machi="1" ten="30,5800,0" yaku="1,1,7,1,52,1,53,0" doraHai="57" doraHaiUra="131" who="3" fromWho="1" sc="275,0,221,-58,195,0,299,68" /><INIT seed="3,1,0,2,4,92" ten="275,163,195,367" oya="3" hai0="36,124,123,47,56,21,126,82,102,25,74,108,57" hai1="60,3,133,70,85,107,131,12,0,7,119,52,26" hai2="122,111,41,46,135,44,72,106,10,31,117,75,59" hai3="6,53,134,91,115,28,40,68,33,127,130,90,27"/><W35/><G115/><T43/><D108/><U116/><E107/><V112/><F106/><W18/><G68/><T67/><D123/><U81/><E131/><V48/><F117/><N who="1" m="45129" /><E133/><V17/><F112/><W61/><G40/><T4/><D4/><U78/><E26/><V50/><F111/><W128/><G6/><T14/><D14/><U30/><E30/><V98/><F31/><W129/><G35/><T62/><D102/><U113/><E113/><V9/><F135/><W89/><G134/><T22/><D57/><N who="1" m="34855" /><E70/><V114/><F59/><N who="3" m="35055" /><G18/><T77/><REACH who="0" step="1"/><D25/><REACH who="0" ten="265,163,195,367" step="2"/><U86/><E12/><V34/><F122/><W94/><G127/><AGARI ba="1,1" hai="21,22,36,43,47,56,62,67,74,77,82,124,126,127" machi="127" ten="40,5200,0" yaku="1,1,2,1,18,1,53,0" doraHai="92" doraHaiUra="121" who="0" fromWho="3" sc="265,65,163,0,195,0,367,-55" /><INIT seed="4,0,0,4,5,82" ten="330,163,195,312" oya="0" hai0="77,121,78,103,14,22,119,114,74,32,28,19,88" hai1="76,132,31,68,117,66,64,58,79,120,57,83,43" hai2="85,1,95,33,11,0,7,13,72,101,131,86,2" hai3="10,21,17,97,25,54,69,16,55,73,135,23,47"/><T41/><D119/><U106/><E106/><V111/><F33/><W46/><G135/><T112/><D121/><U110/><E110/><V108/><F72/><W87/><G73/><T59/><D103/><U92/><E117/><V116/><F116/><W115/><G69/><T8/><D32/><U27/><E120/><V5/><F5/><W38/><G97/><T40/><D59/><U99/><E132/><V65/><F65/><W56/><G10/><T12/><D28/><U75/><E43/><N who="0" m="16457" /><D74/><U18/><E18/><V3/><F131/><W124/><G38/><T123/><D123/><U89/><E79/><V70/><F70/><W105/><G105/><T90/><D77/><U30/><E30/><V126/><F126/><W81/><G124/><T98/><D78/><U109/><E109/><V62/><F62/><N who="3" m="36119" /><G55/><T67/><D98/><U45/><E45/><V113/><F108/><W15/><G115/><N who="0" m="44075" /><D67/><U133/><E133/><V29/><F113/><W96/><G96/><T60/><D60/><U118/><E118/><V122/><F111/><W24/><G24/><T9/><D9/><U44/><E44/><V100/><F122/><W52/><G52/><T93/><D93/><U20/><E66/><V104/><F104/><W80/><G80/><T84/><D84/><N who="2" m="32362" /><F95/><W61/><G61/><T134/><D134/><U48/><E68/><V71/><F71/><W50/><G50/><T94/><D94/><U127/><E127/><V53/><F0/><W26/><G26/><T35/><D35/><U4/><E64/><V6/><F1/><W34/><G34/><T130/><D130/><RYUUKYOKU ba="0,0" sc="330,15,163,-15,195,-15,312,15" hai0="8,12,14,19,22,88,90" hai3="15,16,17,21,23,25,46,47,81,87" /><INIT seed="4,1,0,2,3,115" ten="345,148,180,327" oya="0" hai0="64,36,10,122,31,112,117,129,11,47,61,135,16" hai1="44,98,5,81,130,93,76,34,28,124,107,94,84" hai2="0,87,68,101,126,73,25,116,57,80,99,26,111" hai3="103,3,9,70,110,22,24,15,128,4,27,17,77"/><T13/><D122/><U72/><E5/><V118/><F0/><W32/><G70/><T75/><D75/><U48/><E124/><V89/><F68/><W19/><G77/><T40/><D117/><N who="2" m="45162" /><F111/><W56/><G103/><T125/><D112/><U113/><E113/><V51/><F73/><W18/><G56/><T60/><D60/><U41/><E130/><V6/><F6/><W105/><G105/><T35/><D125/><U97/><E107/><N who="2" m="63935" /><F126/><W104/><G104/><T66/><D129/><U91/><E34/><V123/><F123/><W54/><G128/><T63/><D135/><U42/><E28/><V33/><F33/><W109/><G54/><AGARI ba="1,0" hai="25,26,51,54,57,80,87,89" m="63935,45162" machi="54" ten="30,7700,0" yaku="12,1,52,3" doraHai="115" who="2" fromWho="3" sc="345,0,148,0,180,80,327,-80" /><INIT seed="5,0,0,1,5,120" ten="345,148,260,247" oya="1" hai0="48,123,62,94,53,73,50,45,84,5,44,97,27" hai1="70,75,33,56,38,8,18,4,115,31,3,63,86" hai2="89,51,20,57,131,42,14,24,34,111,92,114,59" hai3="88,87,117,74,15,28,26,108,39,72,78,46,132"/><U125/><E38/><V98/><F111/><W85/><G117/><T96/><D73/><U109/><E75/><V68/><F68/><W67/><G67/><T124/><D123/><U9/><E70/><V77/><F131/><W69/><G69/><T52/><D124/><U65/><E125/><V103/><F34/><W12/><G132/><T40/><D5/><U82/><E115/><V49/><F77/><W100/><G100/><T90/><D27/><U128/><E128/><V134/><F134/><W19/><G85/><T110/><D110/><U54/><E33/><V104/><F14/><W80/><G108/><T107/><D107/><U106/><E106/><V0/><F0/><W64/><G64/><T126/><D126/><U122/><E109/><V55/><F42/><W79/><G79/><T29/><D29/><U2/><E122/><V13/><F13/><W61/><G61/><T32/><D32/><U16/><E31/><V135/><F135/><W6/><G6/><T133/><D133/><U47/><E47/><V118/><F114/><W1/><G1/><T99/><D62/><U102/><E102/><V11/><F11/><N who="3" m="6559" /><G15/><T60/><D60/><U43/><E43/><AGARI ba="0,0" hai="40,43,44,45,48,50,52,53,84,90,94,96,97,99" machi="43" ten="40,5200,0" yaku="9,1,8,1,54,1" doraHai="120" who="0" fromWho="1" sc="345,52,148,-52,260,0,247,0" /><INIT seed="6,0,0,2,1,12" ten="397,96,260,247" oya="2" hai0="89,13,72,124,25,63,130,96,92,4,14,87,22" hai1="127,93,82,36,62,51,123,83,21,48,122,125,106" hai2="111,105,128,101,55,90,53,28,32,8,56,78,84" hai3="40,1,37,49,23,45,132,10,9,98,131,42,73"/><V7/><F128/><W76/><G131/><T118/><D72/><U69/><E106/><V5/><F78/><W41/><G132/><T75/><D75/><U113/><E93/><V29/><F32/><W64/><G64/><T19/><D130/><U57/><E82/><V135/><F135/><W67/><G67/><T134/><D134/><U97/><E97/><V54/><F101/><W31/><G98/><T117/><D124/><N who="1" m="47691" /><E83/><N who="2" m="49439" /><F105/><W35/><G35/><T20/><D4/><N who="2" m="1610" /><F111/><W86/><G76/><T115/><D115/><U34/><E34/><V52/><F8/><W91/><G10/><T17/><D63/><AGARI ba="0,0" hai="28,29,52,53,54,55,56,63" m="1610,49439" machi="63" ten="30,2900,0" yaku="8,1,54,1" doraHai="12" who="2" fromWho="0" sc="397,-29,96,0,260,29,247,0" /><INIT seed="6,1,0,4,3,99" ten="368,96,289,247" oya="2" hai0="6,53,7,132,40,19,26,9,128,65,59,3,106" hai1="50,82,91,96,25,100,86,105,122,68,90,79,31" hai2="124,46,135,47,5,77,75,30,120,80,57,54,126" hai3="123,103,97,37,8,44,110,111,113,72,74,109,22"/><V81/><F120/><W104/><G123/><T73/><D73/><U45/><E122/><V14/><F30/><W0/><G22/><T127/><D106/><U121/><E121/><V12/><F81/><W17/><G113/><T36/><D65/><U63/><E68/><V11/><F12/><W94/><G94/><T64/><D64/><U134/><E134/><V27/><F27/><W21/><G37/><T89/><D7/><U2/><E2/><V125/><REACH who="2" step="1"/><F135/><REACH who="2" ten="368,96,279,247" step="2"/><W32/><G109/><T69/><D132/><U67/><E25/><V78/><F78/><W34/><G110/><T51/><D26/><U83/><E31/><V115/><F115/><W133/><G133/><T87/><D3/><U33/><E33/><V130/><F130/><W101/><G111/><T41/><D128/><U20/><E83/><V55/><F55/><W112/><G34/><T76/><D76/><U84/><E79/><V62/><AGARI ba="1,1" hai="5,11,14,46,47,54,57,62,75,77,80,124,125,126" machi="62" ten="30,6000,0" yaku="1,1,0,1,18,1,53,0" doraHai="99" doraHaiUra="118" who="2" fromWho="2" sc="368,-21,96,-21,279,73,247,-21" /><INIT seed="6,2,0,4,2,112" ten="347,75,352,226" oya="2" hai0="129,10,14,1,28,76,108,92,5,20,11,18,53" hai1="95,56,117,97,25,50,131,12,63,109,116,91,103" hai2="30,113,34,75,133,98,31,15,2,74,99,83,100" hai3="126,4,88,43,65,51,105,121,104,130,46,17,23"/><V118/><F118/><W93/><G121/><T101/><D108/><U66/><E109/><V80/><F2/><W119/><G119/><T84/><D129/><U36/><E36/><V0/><F0/><W82/><G130/><T9/><D1/><U27/><E131/><V102/><F15/><W45/><G126/><T111/><D111/><U40/><E12/><V87/><F133/><W22/><G4/><T16/><D28/><U3/><E3/><V69/><F87/><W19/><G65/><T135/><D135/><U115/><E115/><V125/><F113/><W110/><G82/><N who="0" m="47175" /><D53/><U33/><E91/><V134/><F134/><W72/><G72/><T67/><D67/><U89/><E89/><V42/><F42/><W32/><G32/><T38/><D38/><U54/><E40/><V70/><REACH who="2" step="1"/><F34/><REACH who="2" ten="347,75,342,226" step="2"/><W68/><G110/><T26/><D5/><U55/><E33/><V24/><F24/><W41/><G41/><T47/><D47/><U59/><REACH who="1" step="1"/><E66/><REACH who="1" ten="347,65,342,226" step="2"/><V86/><F86/><W114/><G43/><T64/><D64/><U6/><E6/><V48/><F48/><W29/><G51/><T120/><D120/><U132/><E132/><V73/><F73/><W58/><G114/><T85/><D85/><U81/><E81/><V123/><F123/><W127/><G127/><AGARI ba="2,2" hai="30,31,69,70,74,75,80,83,98,99,100,102,125,127" machi="127" ten="25,4800,0" yaku="1,1,22,2,53,0" doraHai="112" doraHaiUra="21" who="2" fromWho="3" sc="347,0,65,0,342,74,226,-54" /><INIT seed="6,3,0,2,2,34" ten="347,65,416,172" oya="2" hai0="13,111,40,71,135,109,60,49,35,126,113,80,116" hai1="19,132,61,28,9,27,108,30,123,7,42,103,56" hai2="41,89,15,83,120,53,25,130,51,101,24,23,36" hai3="92,93,98,46,70,106,117,18,128,16,78,114,119"/><V22/><F130/><W97/><G70/><T44/><D35/><U68/><E108/><V134/><F134/><W95/><G128/><T129/><D129/><U65/><E132/><V107/><F107/><W8/><G78/><T47/><D135/><U58/><E123/><V0/><F0/><W115/><G46/><T72/><D13/><U88/><E103/><V112/><F101/><W73/><G73/><T125/><D80/><U54/><E42/><V63/><F36/><W87/><G87/><T91/><D91/><U33/><E30/><V37/><F37/><W81/><G81/><T21/><D21/><U39/><E39/><V102/><F41/><W11/><REACH who="3" step="1"/><G93/><REACH who="3" ten="347,65,416,162" step="2"/><T32/><D72/><U122/><E122/><V100/><F83/><W69/><G69/><T84/><D84/><U110/><E110/><V4/><F120/><W67/><G67/><T2/><D71/><U131/><E131/><V82/><F82/><W66/><G66/><T118/><D111/><U62/><E19/><V52/><F4/><W85/><G85/><T3/><D109/><U5/><E88/><V31/><F89/><W94/><G94/><T38/><D47/><U6/><REACH who="1" step="1"/><E68/><REACH who="1" ten="347,55,416,162" step="2"/><V45/><F102/><W43/><G43/><T104/><D40/><U1/><AGARI ba="3,2" hai="1,5,6,7,9,27,28,33,54,56,58,61,62,65" machi="1" ten="20,8000,1" yaku="1,1,2,1,0,1,7,1,52,1,53,0" doraHai="34" doraHaiUra="76" who="1" fromWho="1" sc="347,-23,55,109,416,-43,162,-23" /><INIT seed="7,0,0,1,2,80" ten="324,164,373,139" oya="3" hai0="35,56,107,95,6,18,132,93,54,125,46,24,84" hai1="5,87,121,7,60,69,77,23,83,133,20,45,72" hai2="62,47,79,0,44,68,66,52,102,3,16,130,12" hai3="41,90,129,122,113,127,19,11,51,2,119,31,61"/><W117/><G122/><T96/><D132/><U37/><E121/><V106/><F79/><W30/><G127/><T98/><D125/><U82/><E133/><V91/><F130/><W25/><G129/><T13/><D6/><U118/><E118/><V123/><F102/><W76/><G113/><T57/><D107/><U110/><E110/><V131/><F106/><W26/><G76/><T88/><D35/><U74/><E74/><V86/><F131/><W40/><G61/><T108/><D108/><U89/><E23/><V67/><F67/><W48/><G11/><T14/><D24/><U70/><E20/><V116/><F116/><W53/><G19/><T36/><D36/><U109/><E109/><V59/><F0/><W92/><G92/><T124/><D124/><U28/><E28/><V17/><F3/><W101/><G2/><T112/><D112/><U114/><E114/><V64/><F17/><W134/><G134/><T27/><D27/><U105/><E105/><V100/><F100/><W29/><G101/><N who="0" m="60559" /><D98/><U94/><E94/><N who="2" m="54647" /><F68/><W103/><G103/><T85/><D85/><U38/><E70/><V99/><F99/><W115/><G115/><T1/><D1/><U71/><E71/><V65/><F123/><W4/><G31/><T111/><D111/><U39/><E45/><V8/><AGARI ba="0,0" hai="8,12,16,44,47,52,59,62,64,65,66" m="54647" machi="8" ten="30,7900,0" yaku="8,1,52,1,54,2" doraHai="80" who="2" fromWho="2" sc="324,-20,164,-20,373,79,139,-39" owari="304,10.0,144,-26.0,452,56.0,100,-40.0" /></mjloggm>