<mjloggm ver="2.3"><GO type="225" lobby="0"/><UN n0="%E8%B5%A4%E8%A3%8F%E3%83%9B%E3%82%B7%E3%83%BC%E3%83%8E" n1="%E3%81%9D%E3%83%BC%E3%81%B7%E5%BB%B6%E9%95%B7" n2="%E3%82%A6%E3%83%AB%E3%83%88%E3%83%A9%E7%AB%8B%E7%9B%B4" n3="%E3%81%B9%E3%81%91%E3%82%93" dan="16,16,17,16" rate="2127.76,2167.30,2177.78,2097.54" sx="M,M,M,M"/><TAIKYOKU oya="0"/><INIT seed="0,0,0,1,1,69" ten="250,250,250,250" oya="0" hai0="57,17,10,126,72,117,1,53,85,42,80,14,79" hai1="33,109,67,27,122,123,129,68,55,118,94,135,110" hai2="48,99,37,105,43,112,2,40,92,111,101,81,25" hai3="7,34,45,86,127,96,13,64,59,22,31,125,29"/><T3/><D117/><U9/><E118/><V87/><F2/><W124/><G45/><T104/><D104/><U134/><E94/><V24/><F112/><W21/><G96/><T49/><D126/><U50/><E9/><V95/><F37/><W60/><G86/><T75/><D42/><N who="2" m="15914" /><F105/><W115/><G115/><T82/><REACH who="0" step="1"/><D72/><REACH who="0" ten="240,250,250,250" step="2"/><U12/><E129/><V35/><F35/><W130/><G130/><T15/><D15/><U51/><E12/><V63/><F111/><N who="1" m="42505" /><E123/><V120/><F120/><W128/><G128/><T28/><D28/><N who="3" m="10825" /><G34/><T62/><D62/><N who="1" m="40055" /><E122/><V76/><F63/><W52/><G64/><T74/><D74/><U70/><E33/><V89/><F48/><W114/><G114/><T6/><D6/><U119/><E119/><V100/><F24/><W16/><G7/><T131/><D131/><U23/><E51/><V58/><F25/><W91/><G91/><AGARI ba="0,1" hai="1,3,10,14,17,49,53,57,75,79,80,82,85,91" machi="91" ten="30,5800,0" yaku="1,1,7,1,53,1" doraHai="69" doraHaiUra="44" who="0" fromWho="3" sc="240,68,250,0,250,0,250,-58" /><INIT seed="0,1,0,0,4,115" ten="308,250,250,192" oya="0" hai0="21,57,90,2,37,38,100,116,66,110,44,53,35" hai1="105,81,48,11,113,8,127,63,118,83,132,79,13" hai2="84,97,52,33,93,106,123,39,6,5,61,103,3" hai3="67,26,56,125,77,42,4,107,41,10,12,101,59"/><T87/><D116/><U69/><E113/><V23/><F33/><W40/><G125/><T22/><D35/><U128/><E127/><V109/><F39/><W70/><G77/><T46/><D2/><U1/><E105/><V117/><F123/><W54/><G26/><T20/><D100/><U17/><E118/><V99/><F117/><W120/><G120/><T18/><D66/><U50/><E128/><V96/><F109/><W91/><G91/><T92/><D110/><U55/><E132/><V30/><F106/><W76/><G76/><T32/><D32/><U28/><E28/><V126/><F126/><W45/><G70/><T119/><D119/><U29/><E29/><V71/><F71/><W19/><G4/><N who="2" m="1641" /><F84/><W122/><G122/><T74/><D74/><U68/><E1/><V78/><F78/><W135/><G135/><T24/><D38/><U64/><E69/><V43/><F43/><W85/><G85/><T51/><D37/><U75/><E83/><V94/><F103/><W130/><G130/><T131/><D131/><U34/><E34/><V65/><F65/><W16/><G19/><T14/><D24/><U47/><E50/><V114/><F3/><W7/><G7/><T27/><D21/><AGARI ba="1,0" hai="8,11,13,17,21,47,48,55,63,64,68,75,79,81" machi="21" ten="30,1000,0" yaku="7,1" doraHai="115" who="1" fromWho="0" sc="308,-13,250,13,250,0,192,0" /><INIT seed="1,0,0,3,1,117" ten="295,263,250,192" oya="1" hai0="64,83,30,123,45,23,74,25,114,66,100,1,80" hai1="60,59,88,72,119,4,10,122,85,18,135,41,118" hai2="24,81,63,127,120,112,17,38,8,14,62,3,5" hai3="48,89,106,19,56,22,29,79,33,71,40,125,82"/><U34/><E72/><V103/><F38/><W115/><G71/><T77/><D1/><U104/><E104/><V101/><F120/><W28/><G115/><T0/><D0/><U105/><E105/><V7/><F127/><W32/><G106/><T27/><D114/><U121/><E34/><V107/><F107/><W54/><G125/><T58/><D100/><N who="2" m="38474" /><F3/><W37/><G89/><T68/><D68/><U9/><E135/><V86/><F112/><W67/><G67/><T69/><D69/><U96/><E96/><V113/><F113/><W47/><G32/><T128/><D128/><U50/><E18/><V132/><F132/><W43/><G43/><T90/><D123/><U20/><E20/><N who="2" m="13327" /><F7/><W92/><G92/><T108/><D25/><U99/><E99/><V111/><F111/><W21/><G33/><T55/><D108/><U57/><E119/><V51/><F51/><W102/><G102/><T95/><D45/><U87/><E118/><V78/><AGARI ba="0,0" hai="5,8,14,62,63,78,81,86" m="13327,38474" machi="78" ten="30,1100,0" yaku="8,1" doraHai="117" who="2" fromWho="2" sc="295,-3,263,-5,250,11,192,-3" /><INIT seed="2,0,0,3,3,119" ten="292,258,261,189" oya="2" hai0="53,102,86,5,62,97,45,57,127,16,123,87,18" hai1="133,76,60,77,96,38,23,22,75,63,31,69,24" hai2="8,15,73,89,128,35,41,7,59,100,21,11,105" hai3="70,44,2,80,84,103,32,6,72,30,116,92,66"/><V36/><F35/><W117/><G72/><T52/><D123/><U17/><E38/><V124/><F73/><W81/><G70/><T118/><D5/><U47/><E133/><V9/><F105/><W82/><G66/><T85/><D127/><U58/><E69/><V83/><F36/><W90/><G6/><T94/><D118/><U111/><E111/><V132/><F132/><W56/><G2/><T125/><D125/><U12/><E75/><V50/><F100/><W108/><G108/><T1/><D1/><U3/><E3/><V88/><F128/><W39/><G56/><T109/><D109/><U91/><E47/><N who="2" m="25967" /><F124/><W34/><G103/><T110/><D110/><U129/><E129/><V95/><F21/><W130/><G130/><T79/><D79/><N who="1" m="30283" /><E58/><V46/><F46/><W78/><G78/><T98/><D98/><U67/><E67/><V28/><F28/><W20/><G20/><T126/><D126/><U122/><E122/><V54/><F83/><W37/><G30/><T64/><D64/><U120/><E120/><V13/><F95/><AGARI ba="0,0" hai="12,17,22,23,24,31,60,63,91,95,96" m="30283" machi="95" ten="30,1000,0" yaku="8,1" doraHai="119" who="1" fromWho="2" sc="292,0,258,10,261,-10,189,0" /><INIT seed="3,0,0,1,3,27" ten="292,268,251,189" oya="3" hai0="119,135,129,73,71,69,56,21,19,127,54,59,122" hai1="94,6,113,64,79,37,18,5,65,96,13,72,70" hai2="133,88,2,61,35,49,85,68,4,128,107,111,63" hai3="66,130,131,95,102,43,75,76,31,46,80,14,30"/><W86/><G66/><N who="1" m="25706" /><E37/><V97/><F68/><W92/><G14/><T74/><D119/><U16/><E72/><V77/><F35/><W23/><G23/><T7/><D7/><N who="1" m="2571" /><E70/><V104/><F4/><W106/><G106/><T112/><D122/><U58/><E113/><V48/><F2/><W1/><G1/><T100/><D100/><U29/><E79/><V51/><F128/><N who="3" m="49195" /><G75/><T118/><D129/><U117/><E117/><V90/><F133/><W55/><G55/><T134/><D118/><U60/><E29/><N who="3" m="10762" /><G102/><T126/><D54/><N who="1" m="33879" /><E13/><V44/><F107/><W87/><G87/><T12/><D12/><U84/><E84/><V41/><F104/><W3/><G3/><T81/><D21/><U50/><E50/><AGARI ba="0,0" hai="43,46,50,76,80,86,92,95" m="10762,49195" machi="50" ten="30,11600,0" yaku="19,1,52,3" doraHai="27" who="3" fromWho="1" sc="292,0,268,-116,251,0,189,116" owari="292,9.0,152,-35.0,251,-15.0,305,41.0" /></mjloggm>