<mjloggm ver="2.3"><GO type="169" lobby="0"/><UN n0="%E3%82%A6%E3%83%AB%E3%83%88%E3%83%A9%E7%AB%8B%E7%9B%B4" n1="%64%61%6E%6E%63%68%69" n2="%73%61%69%72%61%73%75" n3="%E6%97%85%E4%BA%BA%E3%81%A1%E3%82%88%E3%81%99%E3%81%91" dan="17,17,17,17" rate="2177.44,2118.55,2169.69,2185.86" sx="M,M,M,M"/><TAIKYOKU oya="0"/><INIT seed="0,0,0,3,4,24" ten="250,250,250,250" oya="0" hai0="134,96,30,89,78,88,8,9,90,43,87,28,27" hai1="120,106,124,75,108,122,58,80,62,3,110,51,104" hai2="14,29,67,107,123,105,54,48,39,55,40,72,66" hai3="13,112,74,53,73,79,103,94,82,76,44,133,117"/><T46/><D134/><U119/><E3/><V118/><F72/><W34/><G117/><T116/><D116/><U18/><E119/><V49/><F118/><W38/><G112/><T6/><D96/><U100/><E51/><V126/><F14/><W22/><G133/><T59/><D59/><U45/><E45/><V56/><F107/><W83/><G34/><T47/><D27/><U77/><E18/><V115/><F105/><N who="1" m="40553" /><E100/><V33/><F123/><N who="1" m="47145" /><E58/><V10/><F115/><W129/><G129/><T60/><D60/><U132/><E62/><V64/><F10/><N who="0" m="4202" /><D6/><U15/><E15/><V93/><F93/><W5/><G5/><T32/><D32/><U31/><E31/><N who="0" m="11817" /><D43/><U26/><E26/><V25/><F25/><W71/><G13/><T70/><D70/><U7/><E7/><V86/><F33/><W2/><G22/><T61/><D61/><U102/><E132/><V121/><F121/><W101/><G71/><T113/><D113/><U95/><E124/><V19/><F126/><W36/><G2/><T37/><D37/><U41/><E41/><V0/><F40/><W12/><G12/><T97/><D97/><AGARI ba="0,0" hai="75,77,80,95,97,102,108,110" m="47145,40553" machi="97" ten="40,2600,0" yaku="34,2" doraHai="24" who="1" fromWho="0" sc="250,-26,250,26,250,0,250,0" /><INIT seed="1,0,0,0,0,102" ten="224,276,250,250" oya="1" hai0="130,0,47,70,33,40,129,132,98,106,9,19,53" hai1="29,111,114,12,110,57,63,120,4,34,91,14,69" hai2="27,65,77,86,84,7,128,41,23,59,121,48,80" hai3="85,30,72,82,101,52,107,66,60,73,123,135,56"/><U20/><E114/><V134/><F121/><W24/><G123/><T13/><D70/><U46/><E69/><V6/><F134/><W2/><G2/><T68/><D68/><U95/><E120/><V10/><F128/><W116/><G116/><T113/><D113/><U96/><E46/><N who="2" m="25679" /><F10/><W31/><G135/><T21/><D33/><U54/><E34/><V42/><F42/><W71/><G30/><T127/><D53/><U100/><E4/><V122/><F86/><W108/><G108/><N who="1" m="41514" /><E91/><V35/><F35/><N who="3" m="20967" /><G85/><T5/><D132/><U37/><E37/><V109/><F122/><W117/><G82/><T89/><D89/><U45/><E45/><V43/><F43/><W126/><G117/><T93/><D130/><U25/><AGARI ba="0,0" hai="12,14,20,25,29,54,57,63,95,96,100" m="41514" machi="25" ten="30,3000,0" yaku="14,1,10,1" doraHai="102" who="1" fromWho="1" sc="224,-10,276,30,250,-10,250,-10" /><INIT seed="1,1,0,4,3,41" ten="214,306,240,240" oya="1" hai0="111,29,45,61,123,79,34,22,57,90,37,96,21" hai1="104,128,60,32,66,65,93,42,33,82,36,106,39" hai2="78,88,127,4,86,58,71,10,51,9,75,98,16" hai3="49,7,48,35,109,27,115,76,118,122,103,113,53"/><U70/><E66/><V59/><F71/><W47/><G122/><T110/><D79/><U117/><E93/><N who="2" m="56615" /><F75/><W84/><G109/><N who="0" m="41483" /><D123/><U124/><E117/><V50/><F127/><W116/><G103/><T83/><D34/><U18/><E124/><V54/><F4/><W30/><G7/><T133/><D29/><U72/><E18/><V24/><F86/><W129/><G129/><T44/><D133/><U134/><E128/><V74/><F78/><W102/><G102/><T55/><D37/><U5/><E5/><V121/><F74/><W68/><G68/><T125/><D125/><U120/><E120/><V56/><F121/><W40/><G76/><T63/><D63/><U1/><E134/><V85/><F85/><W87/><G115/><T107/><D107/><U46/><E39/><V112/><F112/><W8/><G113/><T97/><D83/><U25/><E82/><V67/><F51/><W132/><G132/><T19/><D22/><U31/><E72/><V73/><F73/><W28/><G28/><T77/><D77/><U13/><E33/><V105/><F105/><N who="1" m="40553" /><E13/><V91/><F91/><W100/><G100/><T95/><D97/><U81/><E81/><V14/><F9/><W6/><G116/><T108/><N who="0" m="41491" /><T20/><DORA hai="43" /><D20/><U99/><E99/><V130/><F130/><W114/><G118/><T62/><D62/><U2/><AGARI ba="1,0" hai="1,2,25,31,32,36,42,46,60,65,70" m="40553" machi="2" ten="30,11700,0" yaku="33,2,52,2" doraHai="41,43" who="1" fromWho="1" sc="214,-40,306,120,240,-40,240,-40" /><INIT seed="1,2,0,3,2,111" ten="174,426,200,200" oya="1" hai0="13,109,48,115,96,60,102,57,85,70,18,98,50" hai1="40,88,32,89,82,122,71,39,66,77,53,67,62" hai2="133,131,54,106,78,63,11,74,28,121,87,22,26" hai3="15,47,93,108,81,73,25,119,94,110,12,7,99"/><U125/><E32/><V49/><F121/><W29/><G119/><T92/><D70/><U38/><E122/><V65/><F106/><W2/><G2/><T130/><D109/><N who="3" m="42089" /><G47/><T51/><D130/><U112/><E67/><V21/><F133/><W19/><G7/><T114/><D98/><U58/><E125/><V127/><F11/><N who="3" m="6559" /><G15/><T69/><D85/><U113/><E40/><V9/><F74/><W84/><G99/><T42/><D69/><U64/><E39/><V10/><F127/><W30/><G73/><T90/><D102/><U4/><E38/><V117/><F22/><N who="3" m="15543" /><G30/><T123/><D42/><U0/><E4/><V100/><F117/><W3/><G3/><T83/><D123/><U8/><E0/><V126/><F126/><W120/><G120/><T44/><D44/><U31/><E31/><V52/><F131/><W129/><G129/><T61/><D83/><U101/><E8/><V105/><F9/><W107/><G107/><T16/><D18/><U56/><E101/><V37/><F10/><W97/><G97/><T86/><D96/><U124/><E124/><V36/><F105/><W24/><G24/><T27/><D27/><U17/><E17/><V132/><F100/><W68/><G68/><T59/><D16/><U118/><E71/><N who="2" m="42431" /><F37/><W1/><G1/><T41/><D13/><U91/><E118/><V55/><F36/><W95/><G95/><T35/><D41/><U45/><E45/><N who="2" m="27695" /><F132/><W72/><G72/><T104/><D104/><U116/><E116/><V103/><F103/><W20/><G20/><T75/><D75/><U134/><E134/><RYUUKYOKU ba="2,0" sc="174,-15,426,-15,200,15,200,15" hai2="21,26,28,54,55,78,87" hai3="81,84,93,94" /><INIT seed="2,3,0,0,1,62" ten="159,411,215,215" oya="2" hai0="91,132,3,78,94,89,122,12,22,23,71,8,68" hai1="11,50,39,48,6,10,32,53,70,51,29,113,1" hai2="72,124,126,24,7,27,129,49,60,95,34,57,33" hai3="44,74,38,30,102,5,90,125,119,86,64,99,128"/><V26/><F72/><W92/><G119/><T65/><D122/><U106/><E39/><V79/><F79/><W63/><G74/><T13/><D132/><U20/><E32/><V25/><F129/><W118/><G118/><T55/><D78/><U47/><E70/><V17/><F49/><W82/><G128/><T45/><D3/><U58/><E106/><V134/><F134/><W2/><G125/><N who="2" m="48233" /><F95/><W101/><G30/><T83/><D83/><U110/><E51/><V131/><F131/><W127/><G127/><T120/><D55/><U104/><E104/><V43/><F43/><W18/><G44/><T130/><D45/><U54/><E50/><V81/><F81/><W98/><G38/><T9/><D130/><U87/><E48/><V76/><F76/><W96/><G18/><T77/><D77/><U15/><E47/><V123/><F123/><W105/><G98/><T112/><D120/><U61/><E87/><V42/><F42/><W115/><G115/><T88/><D91/><U133/><E113/><V37/><F37/><W28/><G28/><T85/><D94/><U103/><E133/><V41/><F41/><W108/><G105/><T4/><D85/><U69/><E103/><V0/><F17/><W66/><G102/><T84/><D112/><U114/><E114/><V109/><N who="2" m="6144" /><DORA hai="16" /><V56/><F109/><W59/><G108/><T117/><D117/><U73/><E73/><V14/><F0/><W21/><G2/><T67/><D84/><U100/><E1/><V93/><F93/><W111/><G111/><T97/><D97/><N who="3" m="37449" /><G92/><T116/><D116/><RYUUKYOKU ba="3,0" sc="159,30,411,-10,215,-10,215,-10" hai0="4,8,9,12,13,22,23,65,67,68,71,88,89" /><INIT seed="3,4,0,2,4,10" ten="189,401,205,205" oya="3" hai0="26,112,110,116,125,4,12,13,36,51,31,75,133" hai1="39,41,129,2,109,7,134,96,82,37,19,71,98" hai2="78,46,22,1,115,86,81,11,15,94,87,68,40" hai3="48,29,95,50,34,18,97,135,32,128,76,107,103"/><W16/><G135/><T21/><D36/><U25/><E71/><V99/><F115/><W30/><G128/><T77/><D116/><U45/><E39/><V0/><F68/><W85/><G32/><T62/><D133/><U106/><E134/><V92/><F22/><W80/><G34/><T17/><D112/><U14/><E25/><V113/><F87/><W56/><G107/><T104/><D104/><U127/><E106/><V65/><F65/><W67/><G50/><T101/><D125/><U120/><E127/><V117/><F113/><W84/><G85/><T47/><D110/><U126/><E109/><V132/><F94/><W114/><G114/><T88/><D101/><U74/><E120/><V60/><F60/><N who="3" m="38279" /><G48/><T93/><D62/><U35/><E35/><V118/><F132/><W121/><G121/><T63/><D63/><U49/><E129/><V119/><F46/><W9/><G18/><T54/><D4/><U52/><E126/><V111/><F40/><W90/><G76/><T123/><D123/><U64/><E64/><V66/><F66/><W28/><G28/><T3/><D3/><U73/><E73/><V131/><F131/><W91/><G91/><T55/><D55/><U33/><E33/><V59/><F111/><W8/><G8/><T102/><D102/><U53/><E53/><V105/><F105/><W83/><G83/><N who="0" m="45503" /><D31/><U57/><E82/><V72/><F72/><W27/><G27/><T130/><D130/><U24/><E24/><V69/><F69/><W42/><G42/><T70/><D70/><U23/><E74/><V61/><F119/><RYUUKYOKU ba="4,0" sc="189,10,401,10,205,-30,205,10" hai0="12,13,17,21,26,47,51,54,88,93" hai1="2,7,14,19,23,37,41,45,49,52,57,96,98" hai3="9,16,29,30,80,84,90,95,97,103" /><INIT seed="3,5,0,2,3,32" ten="199,411,175,215" oya="3" hai0="111,44,109,95,7,43,85,78,91,94,10,120,105" hai1="61,56,110,131,31,45,88,77,118,1,20,0,2" hai2="29,68,75,55,15,9,71,30,117,33,79,107,52" hai3="34,6,57,16,74,90,23,115,104,99,3,59,101"/><W22/><G115/><T112/><D105/><U27/><E77/><V67/><F107/><W97/><G34/><T134/><D120/><U21/><E110/><V54/><F117/><W100/><G74/><T113/><D95/><U106/><E106/><V103/><F103/><W42/><G42/><T92/><D92/><U108/><E108/><N who="0" m="41545" /><D78/><U66/><E131/><V12/><F33/><W51/><G51/><N who="0" m="27039" /><D134/><U60/><E118/><V38/><F38/><W19/><G104/><T53/><D53/><U17/><E45/><V28/><F67/><W18/><G18/><T13/><AGARI ba="5,0" hai="7,10,13,85,91,94,112,113" m="27039,41545" machi="13" ten="30,1100,0" yaku="14,1" doraHai="32" who="0" fromWho="0" sc="199,26,411,-8,175,-8,215,-10" /><INIT seed="4,0,0,1,4,62" ten="225,403,167,205" oya="0" hai0="22,30,8,102,95,83,97,84,114,129,117,44,24" hai1="49,71,63,116,5,106,89,68,51,72,3,101,107" hai2="74,7,42,98,26,92,11,127,0,128,124,80,69" hai3="48,109,46,94,43,86,34,54,50,41,61,39,47"/><T125/><D117/><U133/><E72/><V53/><F128/><W134/><G34/><T27/><D129/><U81/><E5/><V64/><F26/><W119/><G109/><T60/><D125/><U21/><E3/><V77/><F53/><W79/><G119/><T36/><D114/><U16/><E89/><V14/><F14/><W55/><G134/><T6/><D60/><U130/><E81/><V45/><F69/><W126/><G126/><T88/><D27/><U38/><E38/><V10/><F10/><W115/><G115/><T70/><D70/><U111/><E111/><V73/><F73/><W110/><G110/><T19/><D30/><U1/><E1/><V23/><F23/><W135/><G135/><T93/><D44/><U35/><E35/><V76/><F76/><W12/><G12/><T91/><D36/><U99/><E107/><V33/><F64/><W18/><G18/><T82/><REACH who="0" step="1"/><D102/><REACH who="0" ten="215,403,167,205" step="2"/><U100/><E100/><N who="2" m="60487" /><F33/><W108/><G108/><T113/><D113/><U52/><E116/><V78/><F127/><W15/><G39/><T57/><D57/><N who="1" m="35239" /><E130/><V90/><F124/><W120/><G61/><T103/><D103/><U9/><E133/><V112/><F112/><W87/><G120/><T105/><D105/><U25/><E71/><V123/><F123/><W118/><G118/><T132/><D132/><U28/><E68/><V67/><F45/><W59/><G46/><T58/><D58/><U56/><E56/><V40/><F67/><W75/><G47/><T85/><D85/><U4/><E28/><V31/><F31/><W96/><G86/><RYUUKYOKU ba="0,1" sc="215,15,403,15,167,-15,205,-15" hai0="6,8,19,22,24,82,83,84,88,91,93,95,97" hai1="4,9,16,21,25,49,51,99,101,106" /><INIT seed="4,1,1,3,4,92" ten="230,418,152,190" oya="0" hai0="35,69,100,80,121,18,74,41,81,90,77,63,128" hai1="119,102,62,30,98,19,120,101,75,134,60,27,67" hai2="23,57,109,88,94,46,39,8,78,130,114,33,126" hai3="111,58,118,52,55,28,93,123,37,49,61,97,112"/><T48/><D121/><U72/><E119/><V24/><F109/><W5/><G111/><T1/><D128/><U87/><E19/><V122/><F122/><W44/><G118/><T34/><D1/><U127/><E120/><V131/><F33/><W64/><G123/><T25/><D100/><U104/><E134/><V0/><F78/><W117/><G117/><T106/><D106/><U59/><E87/><V56/><F114/><W135/><G112/><T4/><D4/><U83/><E101/><V9/><F39/><W68/><G135/><T133/><D133/><U32/><E127/><V16/><F46/><W85/><G5/><T65/><D48/><U40/><E40/><V91/><F126/><W43/><G85/><T54/><D54/><N who="1" m="33911" /><E83/><V108/><F108/><W129/><G55/><T125/><D41/><U11/><E11/><N who="2" m="4171" /><F91/><N who="3" m="55487" /><G28/><T22/><D125/><U42/><E42/><V47/><F47/><W84/><G84/><N who="0" m="50447" /><D35/><U12/><E12/><V110/><F110/><W103/><G103/><T73/><D74/><U116/><E116/><V51/><F0/><W2/><G2/><T26/><D34/><U71/><AGARI ba="1,1" hai="27,30,32,62,67,71,72,75,98,102,104" m="33911" machi="71" ten="30,2000,0" yaku="25,1,52,1" doraHai="92" who="1" fromWho="1" sc="230,-11,418,33,152,-6,190,-6" /><INIT seed="5,0,0,0,1,5" ten="219,451,146,184" oya="1" hai0="73,111,131,24,11,77,14,130,82,9,122,69,29" hai1="6,92,108,126,49,95,100,60,2,37,84,56,48" hai2="96,21,70,99,0,39,34,64,17,103,119,65,22" hai3="112,101,71,28,67,83,76,115,90,104,12,36,23"/><U10/><E37/><V127/><F119/><W102/><G36/><T97/><D111/><U78/><E126/><V46/><F34/><W123/><G123/><T113/><D69/><U50/><E100/><V109/><F109/><W135/><G135/><T124/><D124/><U20/><E108/><V26/><F0/><W66/><G90/><T4/><D122/><U118/><E118/><V42/><F127/><W129/><G129/><T91/><D113/><N who="3" m="43593" /><G71/><T107/><D11/><U35/><E35/><V25/><F70/><W79/><G79/><T68/><D68/><U116/><E116/><V19/><REACH who="2" step="1"/><F99/><REACH who="2" ten="219,451,136,184" step="2"/><N who="3" m="61503" /><G102/><T8/><D97/><U32/><E32/><V134/><F134/><W40/><G40/><T7/><D131/><U75/><E2/><V51/><F51/><W121/><G121/><T93/><D130/><U3/><E50/><V62/><F62/><W87/><G12/><T52/><D14/><U54/><E49/><V105/><AGARI ba="0,1" hai="17,19,21,22,25,26,39,42,46,64,65,96,103,105" machi="105" ten="20,5200,0" yaku="1,1,0,1,7,1,9,1,53,0" doraHai="5" doraHaiUra="33" who="2" fromWho="2" sc="219,-13,451,-26,136,62,184,-13" /><INIT seed="6,0,0,1,1,55" ten="206,425,198,171" oya="2" hai0="0,1,104,33,100,95,20,97,31,106,82,135,38" hai1="86,56,109,132,66,76,11,119,133,46,24,62,39" hai2="134,130,6,15,79,43,10,41,9,72,120,48,78" hai3="53,37,124,40,60,29,49,4,54,75,51,70,118"/><V28/><F120/><W112/><G75/><T99/><D33/><U128/><E109/><V7/><F134/><W13/><G118/><T131/><D135/><U2/><E119/><V121/><F121/><W74/><G74/><T22/><D38/><U26/><E128/><V102/><F102/><W63/><G124/><T127/><D127/><U105/><E105/><V25/><F130/><W92/><G37/><T122/><D122/><U57/><E2/><V16/><F72/><W21/><G40/><T23/><D31/><U12/><E39/><V18/><F28/><W88/><G112/><T93/><D82/><U8/><E46/><V35/><F35/><W32/><G32/><T94/><D131/><U36/><E36/><V107/><F107/><W67/><G4/><N who="2" m="1577" /><F25/><W71/><G71/><T87/><D87/><U126/><E126/><V89/><F89/><W68/><G68/><T65/><D65/><U101/><E101/><AGARI ba="0,0" hai="0,1,20,22,23,93,94,95,97,99,100,101,104,106" machi="101" ten="40,1300,0" yaku="9,1" doraHai="55" who="0" fromWho="1" sc="206,13,425,-13,198,0,171,0" /><INIT seed="7,0,0,5,5,33" ten="219,412,198,171" oya="3" hai0="104,89,88,67,125,119,77,87,80,29,55,86,15" hai1="75,84,127,92,91,1,39,107,81,121,51,6,20" hai2="72,19,99,79,106,83,61,134,25,42,9,68,65" hai3="93,113,10,70,16,50,18,111,109,8,53,130,120"/><W66/><G120/><T90/><D104/><U38/><E107/><V100/><F134/><W117/><G117/><T135/><D119/><U85/><E75/><V30/><F42/><W108/><G113/><T12/><D125/><U2/><E20/><V26/><F19/><N who="3" m="7211" /><G130/><T34/><D135/><U96/><E85/><V47/><F47/><N who="3" m="27871" /><G93/><T24/><D67/><U123/><E39/><V98/><F9/><N who="3" m="3691" /><G66/><T22/><D34/><U112/><E38/><V27/><F99/><W62/><G62/><T4/><D4/><U45/><E6/><V122/><F122/><W21/><G21/><AGARI ba="0,0" hai="21,25,26,27,30,61,65,68,72,79,83,98,100,106" machi="21" ten="30,1000,0" yaku="7,1" doraHai="33" who="2" fromWho="3" sc="219,0,412,0,198,10,171,-10" owari="219,2.0,412,51.0,208,-19.0,161,-34.0" /></mjloggm>