<mjloggm ver="2.3"><GO type="169" lobby="0"/><UN n0="%46%75%6E%54%69%6D%65" n1="%E3%83%8C%E3%82%A2%E3%82%AF%E3%82%B7%E3%83%A7%E3%83%83%E3%83%88" n2="%E3%83%95%E3%83%B3%E3%83%8C" n3="%E5%B0%B1%E6%B4%BB%E7%94%9F%40%E5%B7%9D%E6%9D%91%E8%BB%8D%E5%9B%A3" dan="16,16,16,17" rate="2128.97,2115.94,2098.59,2212.65" sx="M,M,M,M"/><TAIKYOKU oya="0"/><INIT seed="0,0,0,5,0,90" ten="250,250,250,250" oya="0" hai0="77,107,1,121,55,88,60,5,103,6,126,116,104" hai1="76,85,12,63,56,53,58,68,46,96,122,9,99" hai2="64,20,98,114,133,61,105,109,57,51,67,125,54" hai3="8,130,129,89,134,92,71,31,81,2,66,118,59"/><T52/><D116/><U34/><E34/><V135/><F114/><W70/><G118/><T32/><D121/><U13/><E68/><V75/><F75/><W36/><G36/><T94/><D32/><U119/><E122/><V39/><F39/><W101/><G134/><T25/><D77/><U74/><E74/><V128/><F109/><W86/><G31/><T97/><D126/><U62/><E46/><V14/><F125/><W11/><G59/><T84/><D25/><U44/><E44/><V113/><F128/><N who="3" m="49259" /><G66/><T17/><D107/><U23/><E119/><V21/><F67/><W40/><G40/><T108/><D108/><U27/><E85/><V26/><F113/><W91/><G101/><T7/><D1/><U28/><E76/><V45/><F26/><W93/><G81/><N who="0" m="49167" /><D104/><U102/><E102/><N who="2" m="62679" /><F14/><W72/><G72/><T100/><D17/><U78/><E78/><V123/><F123/><W87/><G2/><T115/><D115/><U112/><E112/><V111/><F111/><W124/><G124/><T50/><D103/><U30/><E30/><V4/><F4/><W82/><G82/><T73/><D73/><U19/><REACH who="1" step="1"/><E13/><REACH who="1" ten="250,240,250,250" step="2"/><V3/><F3/><W41/><G41/><T24/><D24/><U80/><E80/><V29/><F29/><W38/><G38/><T127/><D127/><U42/><E42/><V83/><F83/><W43/><G43/><T48/><D60/><U69/><E69/><AGARI ba="0,1" hai="8,11,69,70,71,86,87,89,91,92,93" m="49259" machi="69" ten="30,3900,0" yaku="19,1,52,2" doraHai="90" who="3" fromWho="1" sc="250,0,240,-39,250,0,250,49" /><INIT seed="1,0,0,4,1,0" ten="250,201,250,299" oya="1" hai0="112,23,97,68,75,49,28,133,134,4,89,95,2" hai1="20,51,16,15,96,109,58,24,93,66,83,27,105" hai2="11,37,72,32,56,79,76,98,41,86,104,101,61" hai3="34,21,60,19,47,57,123,44,127,48,108,62,9"/><U33/><E105/><V94/><F32/><W71/><G34/><T67/><D112/><U106/><E106/><V30/><F30/><W14/><G123/><T100/><D75/><U10/><E109/><V130/><F130/><W40/><G108/><T85/><D68/><U81/><E33/><V74/><F74/><W7/><G127/><T25/><D67/><U113/><E113/><V73/><F76/><W124/><G124/><T103/><D49/><U52/><E66/><V46/><F11/><W118/><G118/><T35/><D35/><U91/><REACH who="1" step="1"/><E27/><REACH who="1" ten="250,191,250,299" step="2"/><V102/><F104/><W31/><G71/><T6/><D2/><U65/><E65/><V39/><F73/><W115/><G115/><T92/><REACH who="0" step="1"/><D103/><REACH who="0" ten="240,191,250,299" step="2"/><U29/><AGARI ba="0,2" hai="10,15,16,20,24,29,51,52,58,81,83,91,93,96" machi="29" ten="20,18000,2" yaku="1,1,0,1,7,1,8,1,54,2,53,0" doraHai="0" doraHaiUra="36" who="1" fromWho="1" sc="240,-60,191,200,250,-60,299,-60" /><INIT seed="1,1,0,3,2,118" ten="180,391,190,239" oya="1" hai0="90,109,22,0,95,20,34,120,77,121,125,30,35" hai1="61,11,131,122,37,13,113,93,17,71,42,38,45" hai2="100,134,32,7,50,83,68,74,70,97,114,1,14" hai3="49,81,15,102,116,29,4,89,91,46,55,3,43"/><U73/><E73/><V79/><F134/><W58/><G3/><T128/><D0/><U84/><E113/><V19/><F114/><W92/><G116/><T76/><D109/><U132/><E132/><V80/><F32/><N who="0" m="12330" /><D30/><U9/><E131/><V106/><F7/><W52/><G29/><T27/><D128/><U99/><E84/><V67/><F67/><W65/><G65/><T126/><D27/><U62/><E38/><V78/><F50/><W111/><G111/><T63/><D63/><U87/><E87/><V8/><REACH who="2" step="1"/><F1/><REACH who="2" ten="180,391,180,239" step="2"/><W21/><G4/><T110/><D110/><U129/><E129/><V72/><AGARI ba="1,1" hai="8,14,19,68,70,72,74,78,79,80,83,97,100,106" machi="72" ten="20,8000,1" yaku="1,1,2,1,0,1,7,1,9,1,53,0" doraHai="118" doraHaiUra="40" who="2" fromWho="2" sc="180,-21,391,-41,180,93,239,-21" /><INIT seed="2,0,0,3,4,19" ten="159,350,273,218" oya="2" hai0="60,121,117,34,127,73,27,59,6,80,53,90,94" hai1="14,102,45,3,47,74,40,97,130,87,12,95,64" hai2="88,20,93,99,118,15,68,105,5,91,25,111,81" hai3="16,31,13,67,50,108,35,7,63,110,134,83,57"/><V39/><F118/><W22/><G134/><T49/><D117/><U75/><E3/><V26/><F105/><W114/><G114/><T107/><D107/><U8/><E130/><V104/><F104/><W32/><G7/><T21/><D127/><U51/><E64/><V128/><F128/><W120/><G120/><T23/><D121/><U44/><E75/><V52/><F39/><W103/><G103/><T129/><D129/><U10/><E74/><V17/><F68/><W101/><G101/><T123/><D123/><U113/><E113/><V69/><F69/><W119/><G119/><T112/><D112/><U71/><E71/><V4/><F111/><N who="3" m="42539" /><G31/><T131/><D131/><U58/><E87/><N who="2" m="50287" /><F5/><W85/><G50/><T89/><D6/><U82/><E82/><V116/><F116/><W24/><G24/><T46/><D34/><U78/><E78/><AGARI ba="0,0" hai="13,16,22,32,35,57,63,67,78,83,85" m="42539" machi="78" ten="30,3900,0" yaku="14,1,52,1,54,1" doraHai="19" who="3" fromWho="1" sc="159,0,350,-39,273,0,218,39" /><INIT seed="3,0,0,5,0,34" ten="159,311,273,257" oya="3" hai0="68,63,84,124,33,28,17,29,3,24,100,35,30" hai1="114,51,58,21,76,45,31,102,15,52,112,94,40" hai2="72,119,26,85,57,2,38,5,37,108,64,82,105" hai3="27,4,1,110,125,39,89,50,42,7,66,122,128"/><W118/><G122/><T99/><D124/><U18/><E76/><V87/><F119/><W98/><G118/><T93/><D3/><U16/><E31/><V97/><F72/><W109/><G39/><T43/><D43/><U111/><E111/><N who="3" m="42506" /><G66/><T115/><D115/><U36/><E102/><V55/><F64/><W22/><G128/><T67/><D84/><U86/><REACH who="1" step="1"/><E18/><REACH who="1" ten="159,301,273,257" step="2"/><V32/><F108/><W53/><G125/><T129/><D17/><U113/><E113/><V90/><F32/><W59/><G42/><T71/><D35/><U133/><E133/><V41/><F41/><W70/><G70/><T96/><D129/><U62/><E62/><V106/><F38/><W20/><G1/><T80/><D71/><U117/><E117/><V107/><F37/><W11/><G11/><T131/><D131/><U6/><E6/><N who="3" m="2090" /><G27/><T116/><D116/><U101/><E101/><V121/><F26/><W56/><G56/><T135/><D24/><U49/><E49/><V0/><F0/><W47/><G59/><T60/><D68/><U92/><E92/><AGARI ba="0,1" hai="20,22,47,50,53,89,92,98" m="2090,42506" machi="92" ten="30,2900,0" yaku="14,1,10,1" doraHai="34" who="3" fromWho="1" sc="159,0,301,-29,273,0,257,39" /><INIT seed="3,1,0,0,0,62" ten="159,272,273,296" oya="3" hai0="54,131,86,39,49,8,88,87,117,127,108,97,6" hai1="26,3,43,58,40,78,114,7,69,84,104,36,72" hai2="46,118,112,113,132,48,19,74,20,100,29,95,129" hai3="52,106,73,15,123,32,10,47,89,94,111,109,70"/><W130/><G106/><T42/><D117/><U134/><E69/><V83/><F118/><W82/><G32/><T80/><D108/><N who="3" m="41545" /><G123/><T110/><D110/><U122/><E72/><V34/><F129/><W59/><G70/><T51/><D131/><U31/><E122/><V85/><F74/><W93/><G130/><T23/><D127/><U77/><E104/><V115/><F132/><W121/><G121/><T41/><D39/><U50/><E134/><V12/><F29/><W4/><G47/><T9/><D97/><U55/><E36/><V64/><F34/><W105/><G105/><T119/><D119/><U22/><E114/><V66/><F95/><W107/><G107/><T5/><D23/><U60/><E3/><V38/><F100/><W18/><G4/><T53/><REACH who="0" step="1"/><D80/><REACH who="0" ten="149,272,273,296" step="2"/><U25/><E22/><V56/><F38/><W1/><G1/><T116/><D116/><U21/><E21/><V125/><F125/><W98/><G82/><T30/><D30/><U124/><E31/><V101/><F113/><W71/><G94/><T120/><D120/><U128/><E124/><V65/><F112/><W75/><G71/><T37/><D37/><U133/><E128/><V11/><F115/><W76/><G76/><T126/><D126/><U27/><E78/><N who="2" m="46327" /><F20/><W35/><G35/><T57/><D57/><U17/><E58/><V96/><F96/><W63/><AGARI ba="1,1" hai="10,15,18,52,59,63,73,75,89,93,98" m="41545" machi="63" ten="30,6000,0" yaku="14,1,10,1,54,1" doraHai="62" who="3" fromWho="3" sc="149,-21,272,-21,273,-21,296,73" /><INIT seed="3,2,0,0,5,48" ten="128,251,252,369" oya="3" hai0="103,36,115,39,131,9,5,67,71,23,105,126,60" hai1="24,31,114,121,28,52,82,61,46,64,21,76,117" hai2="133,27,80,92,66,43,34,74,37,109,69,83,13" hai3="99,98,119,106,77,84,90,123,56,95,0,53,79"/><W73/><G0/><T7/><D126/><U100/><E121/><V25/><F109/><W41/><G119/><T51/><D131/><U62/><E114/><V108/><F108/><W2/><G2/><T104/><D115/><U4/><E4/><V81/><F133/><W132/><G132/><T96/><D7/><U15/><E117/><V122/><F122/><W111/><G123/><T50/><D105/><U94/><E15/><V47/><F34/><W78/><G111/><T72/><D23/><U57/><E46/><V35/><F35/><W8/><G41/><T10/><D10/><U125/><E125/><V124/><F74/><W32/><G32/><T6/><D6/><U22/><E94/><V70/><F70/><W88/><G73/><T101/><D101/><U14/><E100/><V40/><F40/><W107/><G8/><T120/><D120/><U12/><E28/><V63/><F124/><W17/><G17/><T45/><D72/><U130/><E22/><V86/><F13/><W118/><G118/><T16/><D16/><U29/><E29/><V91/><AGARI ba="2,0" hai="25,27,37,43,47,63,66,69,80,81,83,86,91,92" machi="91" ten="30,1100,0" yaku="0,1" doraHai="48" who="2" fromWho="2" sc="128,-5,251,-5,252,17,369,-7" /><INIT seed="4,0,0,3,0,79" ten="123,246,269,362" oya="0" hai0="31,24,111,126,40,0,62,123,65,58,124,27,135" hai1="51,71,3,109,130,35,73,42,113,6,103,11,75" hai2="121,85,128,108,105,122,63,88,66,64,81,104,101" hai3="61,4,26,2,114,33,56,50,25,7,91,87,115"/><T54/><D123/><U117/><E109/><V57/><F108/><W112/><G50/><T22/><D111/><U15/><E117/><V67/><F128/><W23/><G33/><T44/><D0/><U13/><E71/><V94/><F105/><W93/><G2/><T52/><D135/><U129/><E35/><V107/><F107/><W38/><G38/><T78/><D78/><U59/><E103/><V14/><F104/><W99/><G87/><T116/><D116/><U125/><E125/><N who="0" m="48233" /><D27/><N who="3" m="10249" /><G23/><T9/><D9/><U76/><E113/><V34/><F34/><W100/><G100/><T29/><D31/><U49/><E76/><V70/><F70/><W19/><G19/><T21/><D22/><U41/><E3/><V43/><F121/><W30/><G30/><T110/><D110/><U77/><E77/><V20/><F43/><W86/><G99/><T133/><D133/><U37/><E37/><AGARI ba="0,0" hai="21,24,29,37,40,44,52,54,58,62,65" m="48233" machi="37" ten="30,2900,0" yaku="18,1,54,1" doraHai="79" who="0" fromWho="1" sc="123,29,246,-29,269,0,362,0" /><INIT seed="4,1,0,0,4,129" ten="152,217,269,362" oya="0" hai0="94,112,33,45,134,75,132,76,24,89,118,9,32" hai1="42,43,124,87,69,109,78,54,117,27,113,8,98" hai2="4,125,121,62,82,15,29,105,90,97,95,53,17" hai3="35,0,123,38,115,99,11,92,13,1,114,46,77"/><T93/><D118/><U81/><E109/><V51/><F121/><W135/><G35/><T80/><D112/><N who="3" m="43049" /><G135/><N who="0" m="51755" /><D45/><U40/><E113/><V52/><F105/><W20/><G123/><T34/><D9/><U68/><E117/><V74/><F125/><W73/><G20/><T96/><D94/><U39/><E39/><V70/><F29/><AGARI ba="1,0" hai="24,29,32,33,34,75,76,80,89,93,96" m="51755" machi="29" ten="30,11600,0" yaku="20,1,52,3" doraHai="129" who="0" fromWho="2" sc="152,119,217,0,269,-119,362,0" /><INIT seed="4,2,0,3,5,79" ten="271,217,150,362" oya="0" hai0="89,12,30,18,114,65,7,38,8,111,128,70,80" hai1="102,23,99,59,103,25,29,126,1,122,60,117,77" hai2="48,95,108,27,75,107,41,42,78,81,93,53,32" hai3="91,135,28,125,71,133,68,83,57,54,64,106,73"/><T85/><D38/><U50/><E117/><V43/><F107/><W16/><G106/><T90/><D114/><U37/><E37/><V109/><F32/><W21/><G28/><T33/><D128/><U124/><E1/><V11/><F27/><W115/><G64/><T123/><D123/><U9/><E122/><V56/><REACH who="2" step="1"/><F11/><REACH who="2" ten="271,217,140,362" step="2"/><W39/><G115/><T5/><D33/><U100/><E9/><V52/><F52/><W130/><G130/><T131/><D131/><U69/><E25/><V101/><F101/><W72/><G54/><T63/><D111/><AGARI ba="2,1" hai="41,42,43,48,53,56,75,78,81,93,95,108,109,111" machi="111" ten="40,5200,0" yaku="1,1,52,1,53,1" doraHai="79" doraHaiUra="49" who="2" fromWho="0" sc="271,-58,217,0,140,68,362,0" /><INIT seed="5,0,0,3,3,8" ten="213,217,208,362" oya="1" hai0="11,105,121,100,108,92,125,10,109,114,73,35,46" hai1="59,89,64,27,6,82,77,120,124,116,87,32,5" hai2="51,33,101,40,117,102,129,12,23,42,31,74,55" hai3="79,80,0,84,60,43,41,112,17,90,62,97,54"/><U58/><E116/><V78/><F117/><W25/><G0/><T26/><D73/><U50/><E120/><V63/><F33/><W71/><G71/><T126/><D121/><U113/><E113/><V91/><F129/><W53/><G112/><T1/><D105/><U70/><E124/><N who="0" m="47721" /><D114/><U130/><E130/><V9/><F63/><N who="3" m="24107" /><G17/><T21/><D35/><U131/><E131/><V45/><F78/><W95/><G25/><T44/><D100/><N who="2" m="38506" /><F74/><W107/><G107/><T38/><D92/><U39/><E39/><V88/><F31/><W133/><G133/><T134/><D134/><U68/><E70/><V66/><F23/><W94/><G95/><T2/><D38/><U65/><E68/><V127/><F66/><W99/><G99/><T93/><D93/><U106/><E106/><V30/><F30/><W132/><G132/><T47/><D2/><U24/><E32/><V3/><F3/><W123/><G123/><T67/><D67/><U85/><E65/><V72/><F72/><W48/><G54/><T36/><D36/><U52/><E64/><V69/><F69/><W104/><G104/><T28/><D1/><U22/><E27/><V7/><F127/><W118/><G118/><T81/><D81/><N who="1" m="49327" /><E59/><AGARI ba="0,0" hai="41,43,48,53,59,79,80,84,90,94,97" m="24107" machi="59" ten="30,1000,0" yaku="8,1" doraHai="8" who="3" fromWho="1" sc="213,0,217,-10,208,0,362,10" /><INIT seed="6,0,0,5,5,30" ten="213,207,208,372" oya="2" hai0="95,132,32,63,34,31,121,54,47,52,45,88,83" hai1="21,39,50,80,56,20,9,8,12,73,86,91,102" hai2="19,99,3,23,133,0,75,129,42,1,70,71,26" hai3="128,106,115,57,41,74,60,97,4,36,108,62,38"/><V64/><F75/><W123/><G108/><T48/><D121/><U25/><E39/><V59/><F129/><W79/><G128/><T135/><D83/><U87/><E73/><V15/><F133/><N who="0" m="51274" /><D31/><N who="1" m="17831" /><E102/><V5/><F42/><W17/><G62/><T98/><D47/><U51/><E87/><V72/><F72/><W40/><G41/><T90/><D90/><U78/><E78/><V27/><F99/><W65/><G97/><T29/><D29/><U10/><E56/><AGARI ba="0,0" hai="32,34,45,48,52,54,56,63,88,95,98" m="51274" machi="56" ten="30,8000,1" yaku="20,1,52,2,54,2" doraHai="30" who="0" fromWho="1" sc="213,80,207,-80,208,0,372,0" /><INIT seed="7,0,0,5,4,127" ten="293,127,208,372" oya="3" hai0="111,66,96,29,78,15,134,13,32,89,109,46,115" hai1="135,31,51,56,33,67,45,12,129,34,2,6,24" hai2="133,76,8,25,38,42,104,50,110,54,98,47,4" hai3="95,103,121,65,30,85,71,91,77,20,106,49,5"/><W27/><G121/><T112/><D134/><U114/><E114/><V81/><F110/><W61/><G77/><T26/><D78/><U93/><E135/><V64/><F64/><W105/><G103/><T86/><D96/><U11/><E93/><V97/><F25/><W84/><G84/><T16/><D66/><U19/><E129/><V94/><F94/><W17/><G5/><T7/><D46/><U92/><E92/><V36/><F36/><W70/><G70/><T43/><D43/><U100/><E100/><V58/><F104/><W119/><G119/><T62/><D62/><U107/><E107/><V39/><F39/><W41/><G41/><T117/><D117/><U3/><E3/><V118/><F118/><W28/><G49/><T48/><D48/><U128/><E128/><V9/><F9/><W116/><G116/><T132/><D132/><U18/><E18/><V122/><F122/><W101/><G101/><T53/><D53/><U55/><E67/><V88/><F88/><W124/><G124/><T59/><D59/><U52/><E34/><V60/><F60/><W37/><G37/><T125/><D125/><U72/><E72/><N who="2" m="43143" /><F133/><W74/><G74/><T63/><D63/><U113/><E113/><N who="0" m="43593" /><D7/><U83/><E83/><V131/><F131/><W21/><G30/><T87/><D29/><U108/><E108/><V102/><F102/><W69/><G69/><T99/><D111/><U123/><E123/><V82/><F97/><W57/><G71/><T130/><D130/><U126/><E126/><V35/><F98/><W80/><G65/><T79/><D109/><RYUUKYOKU ba="0,0" sc="293,0,127,0,208,0,372,0" owari="293,9.0,127,-37.0,208,-19.0,372,47.0" /></mjloggm>