<mjloggm ver="2.3"><GO type="169" lobby="0"/><UN n0="%E2%80%A0%58%54%45%4E%44%E2%80%A0" n1="%E5%B0%B1%E6%B4%BB%E7%94%9F%40%E5%B7%9D%E6%9D%91%E8%BB%8D%E5%9B%A3" n2="%E3%81%8F%E3%81%85%E3%81%A1%E3%82%83%E3%82%93%EF%BC%A0%50%45" n3="%79%6F%75%37%37%37" dan="17,18,16,16" rate="2191.49,2262.22,2069.13,2111.75" sx="F,M,M,M"/><TAIKYOKU oya="0"/><INIT seed="0,0,0,2,4,109" ten="250,250,250,250" oya="0" hai0="24,99,0,108,129,53,82,30,13,35,125,2,43" hai1="69,15,38,130,46,70,39,74,20,65,5,73,47" hai2="25,123,94,112,14,89,64,48,52,124,59,87,22" hai3="29,117,114,10,80,106,107,83,7,110,3,135,93"/><T68/><D108/><U95/><E130/><V91/><F123/><W54/><G110/><T51/><D68/><U27/><E95/><V116/><F124/><W86/><G117/><T75/><D129/><U44/><E5/><V23/><F116/><W120/><G120/><T134/><D125/><U121/><E15/><V18/><F112/><W1/><G114/><T127/><D127/><U60/><E121/><V66/><REACH who="2" step="1"/><F91/><REACH who="2" ten="250,250,240,250" step="2"/><W111/><G111/><T113/><D113/><U31/><REACH who="1" step="1"/><E70/><REACH who="1" ten="250,240,240,250" step="2"/><V37/><F37/><AGARI ba="0,2" hai="20,27,31,37,38,39,44,46,47,60,65,69,73,74" machi="37" ten="40,2600,0" yaku="1,1,2,1,53,0" doraHai="109" doraHaiUra="131" who="1" fromWho="2" sc="250,0,240,46,240,-26,250,0" /><INIT seed="1,0,0,0,3,67" ten="250,286,214,250" oya="1" hai0="75,5,1,110,84,115,130,60,92,116,48,103,35" hai1="134,131,114,20,36,125,31,87,80,108,64,58,4" hai2="17,66,34,23,15,117,101,53,46,25,2,105,74" hai3="91,13,128,69,6,111,45,107,40,89,83,26,106"/><U51/><E36/><V113/><F117/><W119/><G111/><T76/><D116/><U41/><E114/><V122/><F113/><W29/><G119/><T82/><D35/><U39/><E39/><V55/><F122/><W12/><G128/><T61/><D84/><U33/><E33/><V57/><F74/><W65/><G107/><T79/><D110/><U42/><E4/><V43/><F2/><W7/><G106/><T112/><D79/><U93/><E108/><V27/><F105/><W22/><G7/><T24/><D130/><U30/><E131/><V135/><F101/><W11/><G83/><T3/><D24/><U0/><E0/><V100/><F135/><W88/><G13/><T109/><D109/><U37/><E37/><V132/><F100/><W49/><REACH who="3" step="1"/><G91/><REACH who="3" ten="250,286,214,240" step="2"/><T97/><D1/><U81/><E80/><V99/><F99/><W98/><G98/><T118/><D118/><U102/><E81/><V126/><F126/><W50/><G50/><T56/><D48/><U70/><E51/><V68/><F132/><W90/><G90/><T54/><D5/><U133/><E102/><V120/><F34/><W78/><G78/><T14/><D14/><U18/><E125/><V38/><F120/><W9/><G9/><T72/><D3/><U124/><E124/><V86/><F86/><W47/><G47/><T77/><D77/><U94/><E133/><V16/><F27/><W10/><G10/><T85/><D75/><U96/><E134/><V123/><F123/><W8/><G8/><T71/><D72/><U104/><E104/><V127/><F127/><RYUUKYOKU ba="0,1" sc="250,15,286,-15,214,-15,240,15" hai0="54,56,60,61,71,76,82,85,92,97,103,112,115" hai3="6,11,12,22,26,29,40,45,49,65,69,88,89" /><INIT seed="2,1,1,5,0,104" ten="265,271,199,255" oya="2" hai0="97,132,25,96,78,31,87,46,35,62,134,20,121" hai1="66,81,23,42,68,6,33,93,40,22,2,21,10" hai2="101,71,52,100,55,43,50,39,122,118,83,72,85" hai3="28,67,79,54,98,59,18,15,99,73,103,32,75"/><V86/><F71/><W114/><G79/><T58/><D121/><U123/><E33/><V111/><F111/><W38/><G38/><T61/><D46/><U107/><E107/><V135/><F135/><N who="0" m="51754" /><D35/><U45/><E123/><V65/><F65/><W70/><G114/><T27/><D27/><U57/><E68/><V116/><F122/><W91/><G91/><T125/><D125/><U36/><E42/><V29/><F29/><W19/><G19/><T90/><D78/><U113/><E113/><V8/><F72/><W110/><G110/><T56/><D56/><U16/><E93/><V7/><F39/><W24/><G98/><N who="0" m="37995" /><D58/><U48/><E81/><AGARI ba="1,1" hai="20,25,31,61,62,81,87,90" m="37995,51754" machi="81" ten="30,1000,0" yaku="20,1" doraHai="104" who="0" fromWho="1" sc="265,23,271,-13,199,0,255,0" /><INIT seed="3,0,0,0,1,42" ten="288,258,199,255" oya="3" hai0="84,83,128,88,121,64,18,75,89,127,48,37,78" hai1="5,114,92,35,68,86,115,23,40,119,95,12,21" hai2="129,49,81,58,69,61,20,122,77,93,126,100,36" hai3="50,33,74,116,87,1,70,46,44,109,123,82,9"/><W103/><G123/><T29/><D37/><U117/><E35/><V66/><F36/><W67/><G116/><N who="1" m="44618" /><E68/><V3/><F3/><W63/><G33/><T52/><D121/><U80/><E40/><V76/><F126/><W99/><G74/><T53/><D127/><U13/><E80/><V135/><F135/><W51/><G109/><T120/><D120/><U132/><E86/><V14/><F129/><W4/><G51/><T47/><D128/><U43/><E43/><V110/><F110/><W79/><REACH who="3" step="1"/><G50/><REACH who="3" ten="288,258,199,245" step="2"/><T112/><D75/><U134/><E134/><V41/><F122/><W10/><G10/><T38/><D38/><U25/><E132/><V97/><F69/><W26/><G26/><T131/><D131/><U11/><E114/><V85/><F49/><W32/><G32/><T0/><D112/><U106/><E115/><V118/><F41/><W24/><G24/><T31/><D64/><U7/><E11/><V16/><REACH who="2" step="1"/><F118/><REACH who="2" ten="288,258,189,245" step="2"/><W107/><AGARI ba="0,2" hai="1,4,9,44,46,63,67,70,79,82,87,99,103,107" machi="107" ten="20,18000,2" yaku="1,1,0,1,7,1,52,2,53,1" doraHai="42" doraHaiUra="101" who="3" fromWho="3" sc="288,-60,258,-60,189,-60,245,200" /><INIT seed="3,1,0,2,4,13" ten="228,198,129,445" oya="3" hai0="21,34,93,68,26,104,35,90,89,125,112,10,61" hai1="53,80,69,81,3,24,25,132,100,74,45,101,65" hai2="119,44,50,78,72,122,121,85,133,111,31,131,63" hai3="83,17,43,22,70,113,1,75,92,48,82,14,108"/><W0/><G113/><T28/><D104/><U5/><E132/><V9/><F119/><W77/><G70/><T62/><D112/><U76/><E81/><V115/><F115/><W59/><G108/><T94/><D125/><U130/><E130/><V86/><F31/><W6/><G6/><T30/><D21/><U19/><E5/><V52/><F131/><W118/><G118/><T42/><D42/><U105/><E3/><V49/><F111/><W95/><G82/><T84/><D68/><U71/><E25/><V67/><F133/><W107/><G107/><T36/><D36/><U8/><E69/><V124/><F124/><W73/><G73/><T41/><D41/><U79/><E79/><V114/><F114/><W110/><G110/><T60/><D10/><U7/><E7/><V12/><F72/><W33/><G33/><T46/><D46/><U120/><E120/><V47/><F78/><W123/><G123/><N who="2" m="47113" /><F12/><W127/><G127/><T58/><D30/><U51/><E105/><V129/><F9/><W4/><G4/><T103/><D103/><U109/><E109/><V56/><F129/><W16/><G0/><T11/><D11/><U128/><E128/><V88/><F88/><W54/><G1/><T87/><REACH who="0" step="1"/><D35/><REACH who="0" ten="218,198,129,445" step="2"/><U99/><E8/><V135/><F135/><W57/><G43/><AGARI ba="1,1" hai="43,44,47,49,50,52,56,63,67,85,86" m="47113" machi="43" ten="30,2000,0" yaku="13,1,54,1" doraHai="13" who="2" fromWho="3" sc="218,0,198,0,129,33,445,-23" /><INIT seed="4,0,0,1,0,74" ten="218,198,162,422" oya="0" hai0="3,97,101,60,82,48,98,78,20,113,89,34,29" hai1="59,87,100,31,118,38,103,13,133,121,81,70,19" hai2="107,90,119,46,106,127,71,129,43,88,53,95,33" hai3="0,49,104,86,92,67,41,115,80,14,18,2,132"/><T76/><D3/><U130/><E70/><V96/><F33/><W75/><G104/><N who="2" m="39977" /><F53/><W66/><G75/><T122/><D122/><U135/><E38/><V109/><F71/><W25/><G132/><N who="1" m="50762" /><E121/><V16/><F16/><W91/><G115/><T5/><D5/><U55/><E31/><V134/><F46/><N who="3" m="25807" /><G25/><N who="0" m="16551" /><D113/><U11/><E118/><V83/><F43/><W93/><G0/><T8/><D34/><U10/><E10/><V65/><F65/><N who="3" m="24587" /><G2/><T4/><D60/><N who="1" m="35967" /><E130/><V44/><F44/><W36/><G36/><T69/><D48/><U7/><E7/><V112/><F119/><W77/><G91/><AGARI ba="0,0" hai="11,13,19,81,87,91,100,103" m="35967,50762" machi="91" ten="30,1000,0" yaku="20,1" doraHai="74" who="1" fromWho="3" sc="218,0,198,10,162,0,422,-10" /><INIT seed="5,0,0,2,0,51" ten="218,208,162,412" oya="1" hai0="63,67,6,37,2,132,55,126,130,80,54,5,101" hai1="12,62,113,108,117,59,128,23,44,50,123,103,112" hai2="81,42,57,105,66,120,26,99,115,21,121,94,124" hai3="111,134,49,1,104,118,100,69,0,48,68,91,53"/><U114/><E103/><N who="2" m="60919" /><F105/><W86/><G111/><T25/><D37/><U31/><E108/><V36/><F115/><W70/><G104/><T8/><D130/><U58/><E117/><V39/><F81/><W4/><G100/><T98/><D132/><U15/><E123/><N who="2" m="47179" /><F42/><W122/><G122/><T52/><D126/><U73/><E73/><V79/><F79/><W92/><G134/><T65/><D5/><U9/><E128/><V97/><F97/><W74/><G74/><T84/><D25/><U14/><E9/><V95/><F95/><W35/><G35/><T27/><D27/><N who="1" m="16895" /><E62/><N who="2" m="38223" /><F124/><W109/><G109/><T106/><REACH who="0" step="1"/><D63/><REACH who="0" ten="208,208,162,412" step="2"/><U56/><E15/><V20/><F20/><W129/><G4/><T61/><D61/><U38/><E38/><V60/><F60/><W47/><G129/><T83/><D83/><U30/><E30/><AGARI ba="0,1" hai="21,26,30,36,39" m="38223,47179,60919" machi="30" ten="30,1000,0" yaku="25,1" doraHai="51" who="2" fromWho="1" sc="208,0,208,-10,162,20,412,0" /><INIT seed="6,0,0,3,0,110" ten="208,198,182,412" oya="2" hai0="0,40,96,107,70,18,126,104,112,90,16,27,14" hai1="134,49,44,55,87,67,68,105,22,53,32,127,71" hai2="19,116,20,38,33,97,7,50,6,102,36,114,10" hai3="81,132,9,133,45,73,85,34,88,115,21,94,123"/><V35/><F116/><W23/><G115/><T129/><D0/><U121/><E32/><V17/><F114/><W48/><G123/><T98/><D70/><U42/><E105/><V128/><F128/><W111/><G34/><T39/><D112/><U46/><E22/><V31/><F50/><W78/><G9/><T37/><D129/><U92/><E92/><V131/><F131/><W52/><G111/><T74/><D74/><U119/><E87/><V89/><F89/><W124/><G124/><T2/><D2/><U113/><E113/><V3/><F7/><W100/><G100/><T51/><D126/><U99/><E99/><V82/><F82/><W1/><G1/><T66/><D66/><U64/><E127/><V12/><F19/><W56/><G45/><T135/><D135/><AGARI ba="0,0" hai="21,23,48,52,56,73,78,81,85,88,94,132,133,135" machi="135" ten="40,5200,0" yaku="20,1,54,2" doraHai="110" who="3" fromWho="0" sc="208,-52,198,0,182,0,412,52" /><INIT seed="7,0,0,5,4,88" ten="156,198,182,464" oya="3" hai0="14,124,77,55,44,92,82,134,115,131,117,7,96" hai1="70,81,68,114,51,15,48,56,76,57,60,91,65" hai2="121,20,2,5,45,12,22,135,97,53,87,24,0" hai3="127,61,64,125,102,112,41,67,105,43,94,34,13"/><W86/><G94/><T6/><D117/><U73/><E114/><V9/><F121/><W78/><G61/><T69/><D69/><U83/><E15/><V40/><F135/><W23/><G86/><N who="0" m="48463" /><D134/><U38/><E38/><V85/><F2/><W35/><G23/><N who="2" m="8745" /><F0/><W118/><G13/><T21/><D131/><U72/><E91/><V58/><F24/><W16/><G16/><N who="0" m="10391" /><D124/><U25/><E25/><V63/><F97/><W32/><G67/><T1/><D115/><U47/><E70/><V95/><F95/><W11/><G11/><T50/><D1/><U99/><E99/><V39/><F39/><W89/><G89/><AGARI ba="0,0" hai="6,7,44,50,55,89,92,96" m="10391,48463" machi="89" ten="30,3900,0" yaku="8,1,52,1,54,1" doraHai="88" who="0" fromWho="3" sc="156,39,198,0,182,0,464,-39" owari="195,-20.0,198,0.0,182,-32.0,425,52.0" /></mjloggm>