<mjloggm ver="2.3"><GO type="169" lobby="0"/><UN n0="%32%5F%63%6F%6F%6C" n1="%E3%83%88%E3%83%88%E3%83%AA%E5%85%88%E7%94%9F%31%39%E6%AD%B3" n2="%53%61%6D%6D%61%32" n3="%E3%83%A6%E3%83%AA%E3%82%A2" dan="16,18,16,16" rate="2081.57,2207.45,2072.65,2164.62" sx="M,F,M,F"/><TAIKYOKU oya="0"/><INIT seed="0,0,0,4,0,1" ten="250,250,250,250" oya="0" hai0="98,60,79,63,110,2,22,50,106,127,3,65,62" hai1="0,4,48,126,72,84,54,91,11,74,52,58,96" hai2="76,134,90,129,82,93,39,56,73,66,45,85,97" hai3="38,25,13,103,12,123,19,26,70,104,116,112,113"/><T41/><D127/><U120/><E120/><V59/><F134/><W81/><G70/><T53/><D41/><U17/><E126/><V128/><F66/><W15/><G104/><T71/><D79/><U47/><E96/><V20/><F20/><W33/><G103/><T31/><D65/><U5/><E17/><V8/><F8/><W88/><G38/><T35/><D71/><U131/><E131/><V94/><F45/><W37/><G37/><T23/><D35/><U101/><E101/><V99/><F39/><W27/><G116/><T135/><D135/><U29/><E29/><V75/><F56/><W109/><G81/><T7/><D110/><U105/><E105/><V100/><F59/><W34/><G88/><T18/><D31/><U67/><E5/><V89/><F73/><W122/><G109/><T6/><D3/><U51/><REACH who="1" step="1"/><E67/><REACH who="1" ten="250,240,250,250" step="2"/><V57/><F57/><W114/><REACH who="3" step="1"/><G19/><REACH who="3" ten="250,240,250,240" step="2"/><T130/><D18/><U78/><E78/><V117/><F117/><W40/><G40/><T108/><D108/><U49/><E49/><V133/><F133/><W9/><G9/><T111/><D50/><U42/><E42/><V86/><REACH who="2" step="1"/><F100/><REACH who="2" ten="250,240,240,240" step="2"/><W83/><G83/><AGARI ba="0,3" hai="0,4,11,47,48,51,52,54,58,72,74,83,84,91" machi="83" ten="30,8000,1" yaku="1,1,7,1,52,1,54,1,53,1" doraHai="1" doraHaiUra="55" who="1" fromWho="3" sc="250,0,240,110,240,0,240,-80" /><INIT seed="1,0,0,5,3,88" ten="250,350,240,160" oya="1" hai0="5,121,97,2,111,12,116,46,32,117,108,131,102" hai1="23,68,73,27,24,49,135,70,101,15,76,67,9" hai2="78,107,90,125,57,98,20,48,124,25,104,134,50" hai3="113,52,51,11,37,100,7,0,94,105,45,115,41"/><U87/><E73/><V60/><F78/><W56/><REACH who="3" step="1"/><G94/><REACH who="3" ten="250,350,240,150" step="2"/><T84/><D117/><U47/><E135/><V35/><F35/><W99/><AGARI ba="0,1" hai="0,7,11,37,41,45,51,52,56,99,100,105,113,115" machi="99" ten="30,8000,1" yaku="21,2,2,1,0,1,54,1,53,0" doraHai="88" doraHaiUra="30" who="3" fromWho="3" sc="250,-20,350,-40,240,-20,150,90" /><INIT seed="2,0,0,2,0,97" ten="230,310,220,240" oya="2" hai0="87,106,104,116,40,89,43,118,121,93,28,9,47" hai1="132,24,111,73,15,10,29,16,48,41,22,135,69" hai2="101,27,37,49,51,108,95,117,38,112,35,31,126" hai3="131,120,2,19,122,90,124,46,32,85,25,56,21"/><V20/><F117/><N who="0" m="45162" /><D121/><U17/><E73/><V33/><F112/><W14/><G2/><T94/><D28/><U81/><E81/><V5/><F5/><W109/><G109/><T84/><D9/><U59/><E69/><V110/><F126/><W86/><G131/><T1/><D1/><U13/><E59/><V134/><F134/><N who="1" m="51241" /><E48/><V119/><F119/><W54/><G124/><T65/><D65/><U68/><E41/><N who="0" m="15945" /><D47/><U125/><E68/><V36/><F51/><W78/><G46/><T113/><D113/><U77/><E77/><V57/><F49/><W107/><G107/><N who="0" m="41003" /><D89/><U60/><E125/><V61/><F35/><W92/><G78/><T64/><D64/><U52/><E52/><V55/><F33/><W8/><G85/><AGARI ba="0,0" hai="84,85,87,93,94" m="41003,15945,45162" machi="85" ten="40,5200,0" yaku="28,2,12,1" doraHai="97" who="0" fromWho="3" sc="230,52,310,0,220,0,240,-52" /><INIT seed="3,0,0,3,3,87" ten="282,310,220,188" oya="3" hai0="127,66,34,32,12,44,49,65,89,125,61,115,99" hai1="94,109,11,91,120,106,27,69,90,105,101,9,14" hai2="18,41,55,73,70,25,128,8,51,77,59,133,22" hai3="57,103,122,96,39,15,0,42,72,95,84,28,54"/><W29/><G122/><T83/><D115/><U7/><E69/><V31/><F70/><W113/><G0/><T21/><D12/><N who="1" m="5183" /><E106/><V46/><F133/><W13/><G72/><T40/><D21/><U30/><E105/><V64/><F73/><W2/><G2/><T26/><D26/><U36/><E36/><V121/><F121/><W3/><G3/><T104/><D104/><U10/><E10/><V43/><F77/><W5/><G113/><T88/><D83/><U1/><E1/><V132/><F132/><W71/><G71/><N who="0" m="42415" /><D66/><U81/><E81/><V37/><F128/><W75/><G75/><T123/><D123/><U85/><E109/><V4/><F31/><N who="3" m="11851" /><G39/><T33/><D99/><N who="1" m="59639" /><E85/><V119/><F37/><W108/><G42/><T116/><D116/><U80/><E80/><V92/><F119/><W35/><G35/><T129/><D129/><U20/><E120/><V102/><F8/><N who="3" m="4239" /><G108/><T76/><D76/><U130/><E130/><V118/><F118/><W135/><G135/><T78/><D78/><U19/><AGARI ba="0,0" hai="11,14,19,20,27,30,90,91" m="59639,5183" machi="19" ten="30,4000,0" yaku="8,1,52,2" doraHai="87" who="1" fromWho="1" sc="282,-10,310,40,220,-10,188,-20" /><INIT seed="4,0,0,3,4,16" ten="272,350,210,168" oya="0" hai0="79,17,90,128,64,45,22,66,126,32,114,108,30" hai1="80,53,24,47,83,76,65,119,44,23,88,100,19" hai2="132,120,38,18,58,131,15,127,46,112,133,121,106" hai3="122,5,86,48,134,118,84,115,3,41,99,63,8"/><T96/><D114/><U51/><E119/><V2/><F106/><W103/><G118/><T75/><D126/><U37/><E100/><V13/><F58/><W31/><G115/><T49/><D128/><U94/><E65/><V42/><F112/><W87/><G134/><N who="2" m="51817" /><F2/><W111/><G111/><T12/><D108/><U81/><E37/><V25/><F127/><W110/><G110/><T36/><D36/><U98/><REACH who="1" step="1"/><E47/><REACH who="1" ten="272,340,210,168" step="2"/><V9/><F131/><W61/><G122/><T28/><D66/><U29/><E29/><V116/><F116/><W68/><G31/><T34/><D64/><U113/><E113/><V107/><F107/><W125/><G125/><T105/><D30/><U77/><AGARI ba="0,1" hai="19,23,24,44,51,53,76,77,80,81,83,88,94,98" machi="77" ten="30,8000,1" yaku="1,1,0,1,8,1,52,1,54,1,53,0" doraHai="16" doraHaiUra="52" who="1" fromWho="1" sc="272,-40,340,90,210,-20,168,-20" /><INIT seed="5,0,0,1,0,36" ten="232,430,190,148" oya="1" hai0="73,114,119,102,64,107,77,24,52,11,132,42,20" hai1="130,59,75,55,37,128,71,12,40,7,13,96,94" hai2="17,3,109,121,111,23,4,79,1,97,81,53,127" hai3="49,34,89,2,9,72,19,133,46,115,88,83,41"/><U57/><E71/><V76/><F121/><W29/><G115/><T28/><D119/><U70/><E70/><V135/><F127/><W104/><G104/><T131/><D64/><U22/><E75/><V14/><F135/><W105/><G105/><T6/><D114/><U108/><E108/><V82/><F97/><W5/><G133/><T101/><D132/><U86/><E86/><V117/><F117/><W15/><G83/><T21/><D131/><N who="1" m="50219" /><E7/><V43/><F53/><W10/><REACH who="3" step="1"/><G72/><REACH who="3" ten="232,430,190,138" step="2"/><T69/><D73/><U65/><E94/><V116/><F116/><W106/><G106/><T33/><D107/><U120/><E120/><V32/><F111/><W91/><G91/><T123/><D123/><U78/><E78/><V87/><F109/><W126/><G126/><T68/><D77/><U85/><E85/><V134/><F134/><W50/><G50/><T35/><D102/><U95/><E95/><V113/><F113/><W129/><G129/><T100/><D101/><U62/><E96/><V16/><F82/><W112/><G112/><T8/><D100/><U74/><E74/><V0/><F79/><W56/><G56/><T26/><D68/><U60/><E59/><V84/><F84/><W45/><G45/><T47/><D47/><U51/><E57/><V118/><F118/><W31/><G31/><T98/><D28/><U93/><E93/><V61/><F87/><W18/><G18/><T110/><D69/><U38/><E37/><V92/><F76/><W27/><AGARI ba="0,1" hai="2,5,9,10,15,19,27,29,34,41,46,49,88,89" machi="27" ten="30,7900,0" yaku="1,1,0,1,52,1,54,1,53,0" doraHai="36" doraHaiUra="125" who="3" fromWho="3" sc="232,-20,430,-39,190,-20,138,89" /><INIT seed="6,0,0,4,2,46" ten="212,391,170,227" oya="2" hai0="14,127,71,34,133,103,134,50,114,64,37,43,60" hai1="13,22,70,67,99,120,24,9,88,135,47,5,45" hai2="101,102,36,12,80,77,3,54,30,62,28,63,109" hai3="94,4,26,104,79,40,96,65,52,6,57,73,82"/><V55/><F3/><W72/><G73/><T18/><D114/><U59/><E70/><V93/><F36/><W112/><G112/><T0/><D127/><U33/><E33/><V126/><F126/><W129/><G129/><T48/><D0/><U111/><E111/><V31/><F109/><W128/><G128/><T38/><D34/><U105/><E135/><N who="0" m="51721" /><D103/><U113/><E105/><V53/><F12/><W10/><G65/><T35/><D35/><U74/><E74/><V61/><F93/><W75/><G75/><AGARI ba="0,0" hai="28,30,31,53,54,55,61,62,63,75,77,80,101,102" machi="75" ten="50,4800,0" yaku="29,2" doraHai="46" who="2" fromWho="3" sc="212,0,391,0,170,48,227,-48" /><INIT seed="6,1,0,3,5,95" ten="212,391,218,179" oya="2" hai0="8,86,76,18,127,69,132,35,52,88,64,20,85" hai1="61,115,43,3,36,14,103,133,47,92,62,16,67" hai2="56,37,58,124,2,75,84,39,97,125,131,134,1" hai3="70,91,135,82,5,17,28,54,53,107,111,4,114"/><V19/><F75/><W94/><G111/><T40/><D35/><U51/><E3/><N who="2" m="1035" /><F84/><W108/><G70/><T34/><D34/><U63/><E115/><V77/><F77/><W24/><G108/><T21/><D40/><U10/><E133/><V60/><F134/><W105/><G114/><T27/><D64/><U13/><E36/><V25/><F131/><W32/><G135/><T120/><D69/><U0/><E0/><V22/><F58/><W9/><G4/><T30/><D76/><U6/><E92/><V113/><F113/><W123/><G123/><T116/><D120/><U74/><E103/><V45/><F45/><W31/><G31/><T81/><D85/><U130/><E74/><V100/><F56/><W73/><G17/><T65/><D116/><U38/><E38/><V44/><F60/><W87/><G107/><T93/><D132/><U12/><E130/><V23/><F22/><W33/><G33/><T78/><D65/><U41/><E41/><V104/><F44/><W117/><G117/><T89/><D30/><U99/><E67/><V110/><F110/><W26/><G26/><T106/><D106/><U128/><E128/><V80/><F80/><W121/><G121/><T49/><D27/><U57/><E57/><V50/><F50/><W79/><REACH who="3" step="1"/><G105/><REACH who="3" ten="212,391,218,169" step="2"/><T109/><D18/><U118/><E118/><V55/><F55/><W46/><G46/><T72/><D52/><U126/><E47/><V15/><F25/><W7/><G7/><T98/><D109/><U29/><E6/><V129/><F129/><W83/><G83/><T68/><D81/><RYUUKYOKU ba="1,1" sc="212,-15,391,-15,218,15,169,15" hai2="15,19,23,37,39,97,100,104,124,125" hai3="5,9,24,28,32,53,54,73,79,82,87,91,94" /><INIT seed="6,2,1,5,2,65" ten="197,376,233,184" oya="2" hai0="125,8,123,91,48,40,9,52,114,127,115,57,119" hai1="19,39,76,15,87,66,0,60,97,44,55,36,100" hai2="45,23,132,107,117,96,3,121,27,21,31,104,69" hai3="78,101,89,134,12,85,37,135,130,88,47,86,79"/><V70/><F121/><W99/><G37/><T26/><D123/><U24/><E0/><V81/><F117/><W34/><G34/><T54/><D119/><U73/><E73/><V109/><F3/><W28/><G28/><T30/><D40/><U74/><E74/><V133/><F109/><W68/><G68/><T71/><D91/><U20/><E76/><N who="3" m="29226" /><G47/><T58/><D71/><U98/><E87/><N who="3" m="33290" /><G130/><T63/><D8/><U5/><E98/><V17/><F81/><W77/><G12/><T4/><D9/><U61/><E5/><V67/><F67/><W33/><G33/><N who="0" m="20695" /><D4/><U25/><E36/><V82/><F82/><W126/><G126/><AGARI ba="2,1" hai="48,52,54,57,58,63,114,115,125,126,127" m="20695" machi="126" ten="30,2000,0" yaku="18,1,54,1" doraHai="65" who="0" fromWho="3" sc="197,36,376,0,233,0,184,-26" /><INIT seed="7,0,0,3,1,122" ten="233,376,233,158" oya="3" hai0="88,132,67,24,72,28,103,59,96,117,34,126,85" hai1="79,40,1,71,18,16,81,87,58,77,39,118,101" hai2="50,84,120,134,91,7,83,98,116,74,15,49,38" hai3="27,55,9,5,35,76,105,26,108,20,111,75,53"/><W10/><G105/><T63/><D72/><U66/><E1/><V114/><F38/><W11/><G76/><T0/><D0/><U90/><E71/><V64/><F116/><W89/><G75/><T2/><D2/><U12/><E118/><V29/><F74/><W109/><G89/><T4/><D117/><U102/><E40/><V48/><F120/><W51/><G5/><T125/><D4/><U21/><E39/><V119/><F119/><W23/><G35/><T3/><D3/><U45/><E45/><V68/><F114/><W110/><G110/><T73/><D73/><U60/><E18/><V17/><F29/><N who="3" m="17607" /><G51/><T80/><REACH who="0" step="1"/><D132/><REACH who="0" ten="223,376,233,158" step="2"/><U135/><E135/><V97/><F134/><W54/><G54/><T14/><D14/><U121/><E121/><V115/><F7/><W57/><G57/><T130/><D130/><U78/><AGARI ba="0,1" hai="12,16,21,58,60,66,77,78,79,81,87,90,101,102" machi="78" ten="30,4000,0" yaku="0,1,8,1,54,1" doraHai="122" who="1" fromWho="1" sc="223,-10,376,50,233,-10,158,-20" owari="213,-19.0,426,53.0,223,2.0,138,-36.0" /></mjloggm>