<mjloggm ver="2.3"><GO type="169" lobby="0"/><UN n0="%E3%82%A6%E3%83%AB%E3%83%88%E3%83%A9%E7%AB%8B%E7%9B%B4" n1="%6E%65%70%65%72%6F" n2="%7A%65%52%6F" n3="%E3%83%AD%E3%83%83%E3%83%86%E9%9B%80%E7%90%83" dan="17,17,17,18" rate="2117.37,2191.23,2226.14,2225.83" sx="M,M,M,M"/><TAIKYOKU oya="0"/><INIT seed="0,0,0,3,0,106" ten="250,250,250,250" oya="0" hai0="38,120,130,134,52,76,58,69,6,67,36,101,71" hai1="91,95,90,107,108,117,118,11,29,85,135,37,84" hai2="41,35,28,47,104,12,8,55,45,61,102,25,22" hai3="34,96,42,82,126,133,81,70,19,64,123,26,1"/><T10/><D120/><U31/><E37/><V111/><F111/><W48/><G1/><T128/><D101/><U114/><E108/><V78/><F104/><W44/><G123/><T121/><D121/><U75/><E107/><V105/><F105/><W88/><G126/><T127/><D76/><U32/><E114/><V51/><F102/><W93/><G133/><T3/><D127/><U53/><E135/><V13/><F78/><W27/><G34/><T97/><D97/><U49/><E75/><V125/><F125/><W115/><G115/><T43/><D134/><U66/><E66/><V56/><F35/><W89/><G70/><T109/><D109/><U65/><E65/><V30/><F30/><W5/><G5/><T80/><D80/><N who="3" m="30825" /><G64/><T57/><D57/><U73/><E73/><V63/><F61/><W122/><G122/><T15/><D3/><U112/><E112/><V98/><F98/><N who="3" m="57639" /><G19/><T33/><D33/><U21/><E32/><V60/><F60/><W83/><N who="3" m="30833" /><W113/><DORA hai="59" /><G113/><T50/><D38/><U132/><E132/><V99/><F99/><W77/><G77/><T2/><D2/><U20/><E117/><V62/><F62/><W116/><G116/><T100/><D100/><U86/><E118/><V18/><F47/><W7/><G7/><T40/><D67/><U16/><E29/><V39/><F39/><W87/><G87/><T124/><D124/><U14/><E31/><V103/><F103/><W94/><AGARI ba="0,0" hai="26,27,42,44,48,89,94,96" m="57639,30833" machi="94" ten="40,2700,0" yaku="8,1,54,1" doraHai="106,59" who="3" fromWho="3" sc="250,-13,250,-7,250,-7,250,27" /><INIT seed="1,0,0,2,5,82" ten="237,243,243,277" oya="1" hai0="42,29,125,63,28,104,66,76,32,121,47,50,103" hai1="131,58,25,57,133,135,21,124,122,111,105,48,79" hai2="17,40,96,44,120,52,71,27,70,95,1,24,46" hai3="83,102,86,10,67,130,61,73,69,118,113,56,16"/><U129/><E122/><V4/><F120/><W30/><G113/><T106/><D121/><U14/><E105/><V81/><F1/><W53/><G130/><N who="1" m="49674" /><E14/><V7/><F71/><W72/><G118/><T51/><D125/><U13/><E13/><V114/><F70/><W18/><G30/><T15/><D76/><U80/><E124/><V36/><F114/><W33/><G102/><T75/><D75/><N who="1" m="43135" /><E111/><V85/><F46/><W3/><G33/><T12/><D106/><U115/><E115/><V23/><F27/><W0/><G73/><T49/><D15/><U20/><E20/><V108/><F108/><W2/><G72/><T9/><D12/><U112/><E112/><V116/><F116/><W101/><G10/><T41/><D9/><U91/><E91/><V134/><F134/><N who="1" m="51209" /><E48/><N who="2" m="28679" /><F36/><W62/><REACH who="3" step="1"/><G101/><REACH who="3" ten="237,243,243,267" step="2"/><T132/><D132/><U107/><E107/><V45/><F7/><W119/><G119/><T60/><D104/><U100/><E100/><V90/><F4/><W22/><G22/><T127/><D103/><U97/><E97/><V43/><F45/><W39/><G39/><T5/><D127/><U94/><E94/><V109/><F109/><W77/><AGARI ba="0,1" hai="0,2,3,16,18,53,56,61,62,67,69,77,83,86" machi="77" ten="30,7900,0" yaku="1,1,0,1,52,1,54,1,53,0" doraHai="82" doraHaiUra="6" who="3" fromWho="3" sc="237,-20,243,-39,243,-20,267,89" /><INIT seed="2,0,0,2,3,68" ten="217,204,223,356" oya="2" hai0="55,106,87,96,126,93,69,89,65,104,132,112,3" hai1="57,100,129,42,91,73,16,66,27,60,116,92,34" hai2="24,85,98,70,28,67,19,53,63,124,117,36,50" hai3="41,71,20,78,44,59,122,111,11,46,12,123,9"/><V6/><F117/><W10/><G71/><T21/><D3/><U114/><E73/><V75/><F75/><W102/><G102/><T35/><D112/><U40/><E116/><V5/><F124/><W128/><G111/><T131/><D35/><U52/><E114/><V14/><F85/><W80/><G128/><T110/><D69/><U76/><E34/><V25/><F98/><W47/><G41/><N who="1" m="15978" /><E129/><V108/><F108/><W74/><G59/><T37/><D65/><U49/><E76/><V103/><F103/><W2/><G2/><T127/><D55/><U86/><E100/><V26/><F28/><W56/><G56/><T23/><D21/><N who="1" m="13735" /><E49/><V13/><F36/><W31/><G31/><T118/><D23/><U105/><E105/><N who="0" m="40553" /><D37/><U77/><E77/><V72/><F72/><W81/><G78/><T22/><D22/><U18/><E18/><V82/><F82/><N who="3" m="31851" /><G74/><T94/><D110/><U51/><E51/><V84/><F19/><AGARI ba="0,0" hai="9,10,11,12,19,20,44,46,47,122,123" m="31851" machi="19" ten="40,2600,0" yaku="26,2" doraHai="68" who="3" fromWho="2" sc="217,0,204,0,223,-26,356,26" /><INIT seed="3,0,0,1,0,16" ten="217,204,197,382" oya="3" hai0="71,45,1,76,135,66,108,128,31,25,17,110,94" hai1="39,7,10,122,58,49,124,33,113,26,78,2,75" hai2="98,99,102,93,19,52,68,125,42,81,88,11,53" hai3="14,115,15,46,37,79,109,127,4,73,131,69,27"/><W43/><G115/><T77/><D1/><U35/><E113/><V51/><F68/><W67/><G127/><T130/><D17/><U105/><E49/><V8/><F125/><W63/><G131/><N who="0" m="50219" /><D135/><U13/><E58/><V48/><F42/><W20/><G109/><N who="0" m="42091" /><D45/><U74/><E124/><V22/><F51/><W3/><G3/><T104/><D104/><U123/><E105/><V97/><F81/><W100/><G4/><T82/><D94/><U41/><E13/><N who="2" m="9583" /><F53/><W57/><G69/><T103/><D103/><U62/><E62/><V21/><F21/><W114/><G100/><T117/><D117/><U44/><E74/><V6/><F102/><W116/><G116/><T92/><D92/><U80/><REACH who="1" step="1"/><E26/><REACH who="1" ten="217,194,197,382" step="2"/><V111/><F111/><W86/><G27/><T54/><D25/><U12/><E12/><N who="2" m="5143" /><F11/><W72/><G72/><T28/><D71/><U107/><E107/><V38/><F38/><W133/><G73/><T134/><D134/><U95/><E95/><V83/><F83/><W90/><G37/><T106/><D82/><U65/><E65/><V29/><F29/><W56/><G67/><T126/><D66/><U121/><AGARI ba="0,1" hai="2,7,10,33,35,39,41,44,75,78,80,121,122,123" machi="121" ten="30,12000,2" yaku="1,1,0,1,25,2,23,2,53,0" doraHai="16" doraHaiUra="18" who="1" fromWho="1" sc="217,-30,194,130,197,-30,382,-60" /><INIT seed="4,0,0,0,4,78" ten="187,324,167,322" oya="0" hai0="23,32,33,57,117,86,1,101,125,110,42,116,89" hai1="52,46,54,37,58,84,9,118,16,48,97,43,134" hai2="119,36,81,120,90,96,92,129,100,12,17,64,14" hai3="22,49,65,76,77,111,62,51,63,34,131,31,60"/><T19/><D101/><U124/><E118/><N who="0" m="45673" /><D86/><U74/><E74/><V4/><F120/><W87/><G111/><T35/><D89/><U121/><E121/><V25/><F36/><W20/><G131/><T104/><D57/><U27/><E134/><V45/><F129/><W88/><G65/><T29/><D42/><U5/><E124/><V128/><F128/><W44/><G34/><T95/><D95/><U50/><E97/><V103/><F119/><W28/><G88/><T130/><D104/><U93/><E37/><V122/><F122/><W126/><G126/><T39/><D39/><U59/><E43/><V80/><F45/><W108/><G108/><T82/><D82/><N who="2" m="31850" /><F64/><W109/><G87/><T106/><D106/><U99/><E84/><V3/><F3/><W135/><G109/><T94/><D94/><U53/><E46/><V26/><F4/><W123/><G44/><T18/><D130/><U85/><E85/><V91/><F90/><W40/><G40/><T30/><D110/><U70/><E54/><V67/><F14/><W105/><G105/><T56/><D125/><U38/><E38/><V127/><F67/><W24/><G123/><T6/><D6/><U10/><E5/><V7/><F7/><W71/><G71/><T8/><D1/><U102/><E70/><V55/><F55/><W115/><G77/><T132/><D33/><U68/><E68/><V66/><F66/><W113/><G76/><T13/><D35/><U69/><E69/><V75/><F75/><W112/><G135/><T21/><D132/><U15/><E53/><V47/><F127/><RYUUKYOKU ba="0,0" sc="187,-10,324,-10,167,-10,322,30" hai3="20,22,24,28,31,49,51,60,62,63,112,113,115" /><INIT seed="5,1,0,5,1,31" ten="177,314,157,352" oya="1" hai0="16,38,84,125,118,116,51,27,88,2,33,91,59" hai1="124,102,0,58,78,20,56,82,100,23,127,12,6" hai2="130,42,50,55,73,9,101,114,53,54,89,99,105" hai3="85,62,126,69,121,119,1,14,131,13,112,63,61"/><U83/><E0/><V32/><F73/><W80/><G121/><T115/><D38/><U22/><E6/><V111/><F111/><W65/><G1/><T93/><D2/><U34/><E12/><V74/><F74/><W15/><G112/><T109/><D109/><U103/><E34/><V70/><F70/><W8/><G131/><T24/><D115/><U72/><REACH who="1" step="1"/><E83/><REACH who="1" ten="177,304,157,352" step="2"/><V25/><F114/><W81/><G81/><T129/><D33/><U75/><E75/><V97/><F130/><W5/><G15/><T64/><D129/><U48/><E48/><V68/><F32/><W113/><G14/><T49/><D49/><U96/><E96/><V44/><F25/><W66/><G113/><T92/><D51/><U90/><E90/><V10/><F99/><W43/><G80/><T21/><D27/><U41/><E41/><V106/><F89/><W40/><G40/><T18/><D24/><U122/><E122/><V95/><F10/><W37/><G43/><T134/><D91/><U87/><E87/><V30/><F9/><W104/><G85/><T60/><D88/><U45/><E45/><V26/><F26/><W47/><G47/><T17/><D84/><U29/><E29/><V110/><F30/><W94/><G13/><T107/><D18/><U128/><E128/><V46/><F46/><W77/><G8/><T132/><D16/><U36/><E36/><V117/><F110/><W123/><G37/><T7/><D17/><U57/><AGARI ba="1,1" hai="20,22,23,56,57,58,72,78,82,100,102,103,124,127" machi="57" ten="40,12000,1" yaku="1,1,0,1,29,2,53,0" doraHai="31" doraHaiUra="108" who="1" fromWho="1" sc="177,-41,304,133,157,-41,352,-41" /><INIT seed="5,2,0,0,0,77" ten="136,437,116,311" oya="1" hai0="28,119,97,35,93,124,57,16,91,100,9,61,6" hai1="2,69,67,45,65,48,11,21,51,20,87,103,64" hai2="60,39,27,24,50,126,92,96,117,80,88,74,127" hai3="12,116,53,129,59,56,26,132,37,47,71,115,89"/><U55/><E69/><V107/><F39/><W15/><G71/><T31/><D119/><U72/><E72/><V109/><F117/><W62/><G116/><T81/><D124/><N who="2" m="47658" /><F109/><W0/><G115/><T134/><D134/><U58/><E103/><N who="2" m="62951" /><F50/><W133/><G129/><T114/><D114/><U54/><E2/><V113/><F113/><W4/><G26/><T125/><D125/><U90/><REACH who="1" step="1"/><E11/><REACH who="1" ten="136,427,116,311" step="2"/><V44/><F27/><W105/><G0/><T22/><D9/><U66/><N who="1" m="16384" /><DORA hai="135" /><U101/><E101/><V18/><F24/><W112/><G133/><T46/><D100/><U3/><E3/><V49/><F74/><W108/><G132/><T110/><D110/><U40/><E40/><V63/><F18/><W106/><G108/><T99/><D16/><U1/><E1/><V73/><F73/><W32/><G112/><T75/><D75/><U13/><E13/><V79/><F79/><W5/><G15/><T25/><D25/><U84/><E84/><N who="2" m="50183" /><F92/><AGARI ba="2,1" hai="20,21,45,48,51,54,55,58,87,90,92" m="16384" machi="92" ten="50,9600,0" yaku="1,1,8,1,53,1" doraHai="77,135" doraHaiUra="121,83" who="1" fromWho="2" sc="136,0,427,112,116,-102,311,0" /><INIT seed="5,3,0,3,5,87" ten="136,539,14,311" oya="1" hai0="11,9,127,62,3,71,130,99,53,1,43,41,104" hai1="74,76,79,72,63,55,66,49,22,119,81,45,50" hai2="35,47,52,15,80,89,133,2,78,109,73,68,85" hai3="0,44,131,18,5,32,14,26,123,60,27,108,39"/><U90/><E119/><V129/><F2/><W114/><G60/><T59/><D71/><U112/><E112/><V95/><F109/><W38/><G44/><T6/><D130/><U125/><E125/><V107/><F68/><W86/><G86/><T30/><D30/><U120/><E120/><V56/><F35/><W135/><G18/><T10/><D127/><U40/><E76/><V7/><F129/><W8/><G14/><T42/><D104/><U28/><E28/><V67/><F107/><W25/><G8/><T111/><D111/><U24/><E24/><V115/><F115/><W126/><G5/><T4/><D11/><U106/><E22/><V77/><F133/><W102/><G102/><T75/><D99/><U29/><E29/><V13/><F7/><W121/><G26/><T110/><D110/><U21/><E21/><V70/><F78/><W61/><G27/><T91/><D91/><U128/><E128/><V51/><F70/><W82/><G25/><T20/><D20/><U57/><E106/><V132/><F132/><W12/><G135/><T48/><D62/><U64/><E64/><V101/><F101/><W94/><G61/><T93/><D93/><U113/><E113/><V118/><F118/><W54/><G94/><T134/><D134/><U98/><E66/><V58/><F67/><W33/><G114/><T96/><D75/><N who="1" m="43263" /><E63/><V116/><REACH who="2" step="1"/><F116/><REACH who="2" ten="136,539,4,311" step="2"/><W122/><G122/><T31/><D31/><U105/><E105/><V36/><F36/><W16/><G123/><T124/><D124/><U97/><E72/><V19/><F19/><W103/><G121/><RYUUKYOKU ba="3,1" sc="136,15,539,-15,4,15,311,-15" hai0="1,3,4,6,9,10,41,42,43,48,53,59,96" hai2="13,15,47,51,52,56,58,73,77,80,85,89,95" /><INIT seed="6,4,1,5,0,23" ten="151,524,19,296" oya="2" hai0="129,1,133,12,45,117,93,111,39,34,5,107,127" hai1="76,53,73,57,79,82,90,125,116,130,102,126,15" hai2="69,54,132,43,10,58,108,122,6,61,103,92,33" hai3="21,99,16,11,95,77,118,98,35,56,18,47,100"/><V120/><F108/><W62/><G35/><T86/><RYUUKYOKU type="yao9" ba="4,1" sc="151,0,524,0,19,0,296,0" hai0="1,5,12,34,39,45,86,93,107,111,117,127,129,133" /><INIT seed="6,5,1,3,0,18" ten="151,524,19,296" oya="2" hai0="8,37,75,0,13,39,24,101,51,92,5,10,49" hai1="115,23,94,12,65,82,81,127,86,76,102,114,108" hai2="74,48,60,17,128,15,47,109,57,41,34,7,19" hai3="90,126,123,11,64,40,43,16,42,70,125,78,46"/><V96/><F74/><W72/><G123/><T3/><D75/><U98/><E65/><V103/><F109/><W26/><G90/><T56/><D24/><U68/><E68/><V104/><F34/><W38/><G64/><T93/><D13/><U36/><E36/><V29/><F128/><W71/><G71/><T97/><D56/><U83/><E127/><N who="3" m="48650" /><G70/><T20/><D20/><U62/><E62/><V2/><F2/><W44/><G44/><T105/><D105/><U58/><E58/><V45/><F29/><W6/><G78/><T73/><D73/><U132/><E132/><V116/><F116/><W111/><G72/><T112/><D112/><N who="1" m="43051" /><E108/><V85/><F85/><W122/><G122/><T35/><D35/><U120/><E120/><V30/><F30/><W124/><G111/><T27/><D27/><U110/><E110/><V31/><F31/><W22/><G124/><T91/><D97/><U32/><E32/><V25/><F47/><W54/><G54/><T69/><D69/><U107/><E107/><V134/><F134/><W129/><G129/><T80/><D3/><AGARI ba="5,1" hai="3,6,11,16,22,26,38,40,42,43,46" m="48650" machi="3" ten="30,3900,0" yaku="18,1,52,1,54,1" doraHai="18" who="3" fromWho="0" sc="151,-54,524,0,19,0,296,64" /><INIT seed="7,0,0,1,0,10" ten="97,524,19,360" oya="3" hai0="36,29,64,103,73,77,16,112,47,53,5,2,66" hai1="48,80,114,17,46,19,74,9,111,97,127,83,130" hai2="79,75,129,113,104,99,12,85,35,87,22,43,122" hai3="32,131,91,20,107,108,30,72,8,78,132,49,28"/><W3/><G32/><T116/><D16/><N who="1" m="6219" /><E111/><V18/><F122/><W82/><G108/><T124/><D53/><U57/><E74/><V128/><F35/><W68/><G68/><T6/><D47/><U106/><E106/><V67/><F113/><W123/><G123/><T50/><D116/><U56/><E114/><V135/><F135/><W25/><G132/><T70/><D124/><U61/><E130/><V62/><F43/><W102/><G131/><T84/><D84/><U24/><E9/><V117/><F117/><W21/><G49/><T95/><D50/><U96/><E24/><V40/><F40/><W15/><G3/><T65/><D65/><N who="1" m="39079" /><E57/><V76/><F129/><W120/><G120/><T101/><D77/><U93/><E127/><V54/><F54/><W31/><G21/><T13/><D29/><U44/><E46/><V100/><F128/><W34/><G34/><T109/><D2/><U7/><E7/><V71/><REACH who="2" step="1"/><F79/><REACH who="2" ten="97,524,9,360" step="2"/><W90/><G30/><T119/><D112/><U94/><E97/><V92/><F92/><N who="1" m="35433" /><E96/><V4/><F4/><N who="3" m="3463" /><G31/><T14/><D95/><U81/><E81/><AGARI ba="0,1" hai="12,18,22,62,67,71,75,76,81,85,87,99,100,104" machi="81" ten="40,2600,0" yaku="1,1,52,1,53,0" doraHai="10" doraHaiUra="69" who="2" fromWho="1" sc="97,0,524,-26,9,36,360,0" owari="97,-30.0,498,59.0,45,-45.0,360,16.0" /></mjloggm>