<mjloggm ver="2.3"><GO type="169" lobby="0"/><UN n0="%6F%6E%65%73%74%61%72" n1="%E5%B0%B1%E6%B4%BB%E7%94%9F%40%E5%B7%9D%E6%9D%91%E8%BB%8D%E5%9B%A3" n2="%E3%80%90%E6%B8%9A%E6%A5%93%E3%80%91" n3="%47%4F%4B%49%47%45%4E" dan="17,17,17,16" rate="2130.32,2171.58,2170.96,2144.41" sx="M,M,M,M"/><TAIKYOKU oya="0"/><INIT seed="0,0,0,0,2,56" ten="250,250,250,250" oya="0" hai0="134,28,45,90,95,131,70,112,115,127,122,40,73" hai1="130,26,8,39,82,135,5,57,79,15,27,132,109" hai2="60,41,62,58,68,102,32,19,76,119,65,81,50" hai3="125,91,72,30,86,54,133,7,105,31,61,101,92"/><T2/><D28/><U67/><E39/><V84/><F119/><W3/><G72/><T59/><D122/><U13/><E130/><V63/><F32/><W71/><G125/><T126/><D73/><U44/><E44/><N who="2" m="25871" /><F68/><W121/><G133/><N who="1" m="51274" /><E109/><V4/><F4/><W64/><G121/><T94/><D134/><U25/><E57/><V46/><F102/><W96/><REACH who="3" step="1"/><G54/><REACH who="3" ten="250,250,250,240" step="2"/><T43/><D127/><U11/><E67/><V18/><F46/><W35/><G35/><T69/><D45/><U83/><E79/><V75/><F75/><W124/><G124/><T33/><D126/><U110/><E110/><V107/><F107/><W89/><G89/><T49/><D90/><U12/><E5/><V118/><F118/><W20/><G20/><T36/><D33/><U10/><AGARI ba="0,1" hai="8,10,11,12,13,15,25,26,27,82,83" m="51274" machi="10" ten="40,8000,1" yaku="29,2,28,2,20,1" doraHai="56" who="1" fromWho="1" sc="250,-40,250,90,250,-20,240,-20" /><INIT seed="1,0,0,2,3,31" ten="210,340,230,220" oya="1" hai0="80,0,5,124,32,92,51,29,125,89,43,3,119" hai1="27,97,33,132,134,66,81,25,85,62,9,19,55" hai2="7,111,36,121,84,26,24,123,78,114,113,10,38" hai3="94,49,61,23,21,103,57,63,65,14,71,73,6"/><U64/><E97/><V75/><F75/><W17/><G73/><T90/><D119/><U102/><E102/><V133/><F133/><W45/><G6/><T112/><D112/><N who="2" m="43114" /><F111/><W108/><G108/><T34/><D29/><U2/><E55/><V59/><F59/><W116/><G116/><T87/><D51/><U130/><E130/><V117/><F117/><W28/><G28/><T98/><D43/><U126/><E126/><N who="0" m="48745" /><D5/><U115/><E115/><V88/><F78/><W82/><G82/><T11/><D11/><U56/><E66/><V8/><F8/><W13/><G71/><T83/><D83/><U72/><E72/><V107/><F107/><W67/><G21/><T12/><D12/><U86/><E86/><V20/><F26/><W16/><G63/><T77/><D77/><U30/><E2/><AGARI ba="0,0" hai="0,2,3,32,34,80,87,89,90,92,98" m="48745" machi="2" ten="30,3900,0" yaku="18,1,52,2" doraHai="31" who="0" fromWho="1" sc="210,39,340,-39,230,0,220,0" /><INIT seed="2,0,0,4,2,128" ten="249,301,230,220" oya="2" hai0="42,94,88,32,123,86,80,79,115,124,64,118,97" hai1="76,100,14,45,60,101,112,52,54,116,12,67,47" hai2="70,78,2,44,9,134,28,23,108,24,102,85,105" hai3="25,114,7,73,81,66,106,93,95,6,99,129,27"/><V0/><F70/><W98/><G129/><T119/><D32/><U84/><E112/><V16/><F108/><W11/><G114/><T111/><D115/><U59/><E116/><N who="0" m="44585" /><D42/><U26/><E26/><V91/><F78/><W83/><G106/><T35/><D35/><U56/><E76/><V31/><F44/><N who="1" m="16969" /><E84/><V10/><F102/><N who="1" m="39529" /><E67/><V63/><F105/><W110/><G66/><T113/><D113/><U18/><E18/><V8/><F63/><AGARI ba="0,0" hai="12,14,52,54,56,59,60,63" m="39529,16969" machi="63" ten="30,2000,0" yaku="8,1,54,1" doraHai="128" who="1" fromWho="2" sc="249,0,301,20,230,-20,220,0" /><INIT seed="3,0,0,1,3,25" ten="249,321,210,220" oya="3" hai0="7,36,40,23,56,124,126,97,110,96,113,89,87" hai1="54,75,88,64,18,59,118,37,9,112,114,69,42" hai2="93,16,115,19,13,4,83,130,53,1,82,111,91" hai3="84,72,77,34,135,15,48,78,58,85,17,61,50"/><W128/><G34/><T102/><D110/><U52/><E75/><V104/><F104/><W28/><G128/><T44/><D113/><U45/><E118/><V31/><F111/><W123/><G123/><T76/><D76/><N who="3" m="29289" /><G135/><T120/><D120/><U39/><E54/><V24/><F130/><W121/><G72/><T122/><D122/><U32/><E32/><V100/><F100/><W27/><G85/><T0/><D23/><U47/><E18/><V57/><F1/><W129/><G84/><T81/><D56/><U67/><E9/><V80/><F4/><W127/><G127/><N who="0" m="48683" /><D102/><U8/><E8/><AGARI ba="0,0" hai="0,7,8,36,40,44,81,87,89,96,97" m="48683" machi="8" ten="30,1000,0" yaku="18,1" doraHai="25" who="0" fromWho="1" sc="249,10,321,-10,210,0,220,0" /><INIT seed="4,0,0,0,0,65" ten="259,311,210,220" oya="0" hai0="28,82,19,78,87,113,9,52,131,62,118,69,114" hai1="80,22,2,35,21,109,90,53,112,36,47,99,11" hai2="38,60,44,57,0,54,104,124,43,101,16,23,119" hai3="7,13,39,125,95,111,116,126,25,88,4,83,56"/><T67/><D131/><U71/><E35/><V5/><F124/><W18/><G39/><T17/><D118/><U15/><E71/><V70/><F119/><W77/><G111/><T63/><D28/><U89/><E2/><V29/><F29/><W135/><G25/><T45/><D9/><U74/><E74/><V96/><F0/><W107/><G107/><T59/><REACH who="0" step="1"/><D45/><REACH who="0" ten="249,311,210,220" step="2"/><U133/><E47/><V106/><F5/><W10/><G116/><T30/><D30/><U37/><E11/><V33/><F33/><W32/><G32/><T73/><D73/><U72/><E72/><V123/><F123/><W122/><G122/><T93/><D93/><U40/><E21/><V94/><REACH who="2" step="1"/><F70/><REACH who="2" ten="249,311,200,220" step="2"/><W117/><G117/><T51/><D51/><U49/><E49/><V12/><AGARI ba="0,2" hai="12,16,23,38,43,44,54,57,60,94,96,101,104,106" machi="12" ten="20,8000,1" yaku="1,1,2,1,0,1,7,1,54,1,53,0" doraHai="65" doraHaiUra="6" who="2" fromWho="2" sc="249,-40,311,-20,200,100,220,-20" /><INIT seed="5,0,0,0,5,106" ten="209,291,300,200" oya="1" hai0="104,37,2,103,27,36,3,28,121,83,39,20,101" hai1="62,59,21,125,97,120,14,88,31,30,109,110,122" hai2="71,127,114,52,45,133,11,92,82,126,48,131,1" hai3="124,94,116,33,46,61,67,115,54,119,32,69,81"/><U53/><E125/><N who="2" m="47627" /><F71/><W65/><G124/><T135/><D135/><U63/><E14/><V111/><F111/><N who="1" m="42505" /><E62/><V57/><F133/><W35/><G115/><T12/><D121/><N who="1" m="46699" /><E21/><V87/><F114/><W68/><G94/><AGARI ba="0,0" hai="30,31,53,59,63,88,94,97" m="46699,42505" machi="94" ten="30,2900,0" yaku="10,1,54,1" doraHai="106" who="1" fromWho="3" sc="209,0,291,29,300,0,200,-29" /><INIT seed="5,1,0,5,0,84" ten="209,320,300,171" oya="1" hai0="112,20,63,74,83,111,70,126,5,16,91,30,32" hai1="105,77,34,101,27,75,12,7,88,14,33,72,19" hai2="71,24,78,61,134,124,113,56,108,82,99,81,79" hai3="103,9,64,60,127,102,123,18,45,4,1,129,15"/><U76/><E7/><V53/><F108/><W36/><G123/><T13/><D111/><U128/><E128/><V110/><F110/><W51/><G129/><T114/><D126/><U132/><E132/><V135/><F124/><W44/><G36/><T40/><D40/><U6/><E6/><V80/><F71/><W25/><G127/><T50/><D50/><U69/><E69/><V37/><F37/><W125/><G125/><T73/><D5/><U31/><E101/><V115/><F24/><W120/><G120/><T98/><D30/><U133/><E105/><V21/><F21/><W121/><G25/><T11/><D11/><U86/><E34/><V10/><F10/><W35/><G35/><T54/><D32/><U97/><E97/><V2/><F99/><W85/><G4/><T87/><D98/><U58/><E58/><V100/><F100/><W43/><G1/><T106/><D106/><U92/><E14/><V119/><F119/><W47/><G103/><T95/><D70/><U17/><E133/><N who="2" m="50699" /><F2/><W131/><G102/><T55/><D74/><U38/><E38/><V109/><F109/><W118/><G121/><T117/><D117/><U8/><REACH who="1" step="1"/><E17/><REACH who="1" ten="209,310,300,171" step="2"/><V59/><F59/><N who="3" m="36895" /><G118/><T0/><D0/><U28/><E28/><V107/><F107/><W130/><G131/><T22/><D13/><U90/><E90/><V39/><F39/><W29/><G29/><T41/><D91/><U42/><E42/><V93/><F79/><AGARI ba="1,1" hai="8,12,19,27,31,33,72,75,76,77,79,86,88,92" machi="79" ten="40,7700,0" yaku="1,1,52,1,54,1,53,0" doraHai="84" doraHaiUra="65" who="1" fromWho="2" sc="209,0,310,90,300,-80,171,0" /><INIT seed="5,2,0,0,3,40" ten="209,400,220,171" oya="1" hai0="118,49,110,27,132,65,128,133,56,74,77,101,72" hai1="34,38,113,28,126,5,86,47,24,98,97,100,39" hai2="37,13,45,35,112,125,55,62,46,82,20,96,127" hai3="14,81,88,119,63,104,33,117,60,131,134,85,106"/><U30/><E113/><V32/><F37/><W114/><G33/><T73/><D128/><U42/><E126/><N who="2" m="48139" /><F112/><W122/><G122/><T51/><D118/><N who="3" m="45065" /><G114/><T66/><D110/><U105/><E30/><V109/><F109/><W120/><G120/><T71/><D71/><U52/><E5/><V59/><F96/><W43/><G131/><T19/><D101/><U78/><E97/><V124/><F82/><W121/><G121/><T22/><D77/><U80/><REACH who="1" step="1"/><E42/><REACH who="1" ten="209,390,220,171" step="2"/><V99/><F99/><W12/><G43/><T1/><D1/><U103/><E103/><V79/><F124/><W92/><G134/><T135/><D135/><U18/><E18/><N who="2" m="10319" /><F79/><W2/><G2/><T95/><D132/><U107/><E107/><V48/><F35/><W15/><G106/><T29/><D133/><U68/><E68/><V116/><F32/><W0/><G0/><T57/><D29/><U108/><E108/><V90/><F90/><N who="3" m="51503" /><G104/><T102/><D102/><U9/><E9/><V67/><F116/><W17/><G17/><T83/><D19/><U16/><E16/><V7/><F7/><W61/><G12/><T26/><D26/><U111/><E111/><V54/><F54/><W53/><G53/><T44/><D27/><U64/><E64/><V91/><F91/><W6/><G6/><T94/><D65/><U115/><E115/><V87/><F87/><AGARI ba="2,1" hai="14,15,60,61,63,87,88,92" m="51503,45065" machi="87" ten="30,2000,0" yaku="12,1,54,1" doraHai="40" who="3" fromWho="2" sc="209,0,390,0,220,-26,171,36" /><INIT seed="6,0,0,4,5,89" ten="209,390,194,207" oya="2" hai0="104,84,41,88,71,30,133,129,54,108,64,29,76" hai1="56,121,127,14,98,118,124,40,134,92,15,72,25" hai2="83,16,18,36,24,122,94,101,10,2,55,93,7" hai3="61,65,86,5,99,26,87,110,28,106,35,51,91"/><V115/><F122/><W68/><G110/><T131/><D133/><U81/><E134/><V112/><F36/><W48/><G5/><T74/><D108/><U132/><E132/><V109/><F109/><W31/><G31/><T97/><D41/><U66/><E40/><V79/><F55/><W50/><REACH who="3" step="1"/><G91/><REACH who="3" ten="209,390,194,197" step="2"/><T52/><D30/><U20/><E121/><V82/><F101/><AGARI ba="0,1" hai="26,28,35,48,50,51,61,65,68,86,87,99,101,106" machi="101" ten="40,8000,1" yaku="1,1,2,1,25,2,53,0" doraHai="89" doraHaiUra="75" who="3" fromWho="2" sc="209,0,390,0,194,-80,197,90" /><INIT seed="7,0,0,4,3,11" ten="209,390,114,287" oya="3" hai0="50,59,22,24,41,6,46,104,114,31,105,67,60" hai1="45,33,52,27,72,107,92,56,94,97,17,106,126" hai2="81,13,47,42,100,62,135,123,7,71,29,90,82" hai3="30,15,127,75,91,1,68,78,51,133,20,65,83"/><W66/><G1/><T74/><D74/><U103/><E126/><V3/><F135/><W89/><G127/><T129/><D129/><U116/><E72/><V49/><F123/><W16/><G133/><T70/><D114/><U2/><E2/><V119/><F119/><W32/><G51/><T48/><D6/><U125/><E125/><V8/><F100/><W110/><G110/><T124/><D124/><U5/><E5/><V112/><F112/><W40/><G40/><T54/><AGARI ba="0,0" hai="22,24,31,41,46,48,50,54,59,60,67,70,104,105" machi="54" ten="30,1100,0" yaku="0,1" doraHai="11" who="0" fromWho="0" sc="209,11,390,-3,114,-3,287,-5" owari="220,-18.0,387,49.0,111,-39.0,282,8.0" /></mjloggm>