<mjloggm ver="2.3"><GO type="41" lobby="0"/><UN n0="%E5%B0%B1%E6%B4%BB%E7%94%9F%40%E5%B7%9D%E6%9D%91%E8%BB%8D%E5%9B%A3" n1="%E3%82%B7%E3%83%A3%E3%83%AB%E3%83%AD%E3%83%83%E3%83%88%50" n2="%E7%8B%82%E6%88%A6%E5%A3%AB%E2%98%85" n3="%E3%83%A1%E3%83%AA%E3%82%B5%E3%83%83%E3%82%AF" dan="17,13,13,13" rate="2184.52,1840.86,1942.90,1906.67" sx="M,M,M,M"/><TAIKYOKU oya="0"/><INIT seed="0,0,0,5,3,108" ten="250,250,250,250" oya="0" hai0="28,70,39,1,41,83,67,113,91,17,30,59,40" hai1="18,34,86,102,14,43,47,3,111,71,56,63,32" hai2="55,93,4,107,94,52,97,129,84,122,127,132,119" hai3="100,89,44,123,66,126,81,0,80,77,16,75,42"/><T13/><D1/><U20/><E3/><V130/><F122/><W68/><G126/><T116/><D70/><U12/><E111/><V95/><F127/><W19/><G100/><T96/><D116/><U21/><E71/><V27/><F119/><W110/><G110/><T82/><D113/><U61/><E102/><V87/><F107/><W58/><G68/><T37/><D37/><U38/><E86/><N who="2" m="32811" /><F4/><W109/><G89/><T105/><D105/><U50/><E38/><V22/><F97/><W69/><G81/><N who="0" m="30731" /><D39/><U101/><E101/><V29/><F132/><W62/><G69/><T65/><D91/><U114/><E114/><V79/><F79/><W78/><G78/><T25/><D25/><U98/><E98/><V15/><F15/><W131/><G0/><T48/><D96/><U9/><E14/><V124/><F124/><W49/><G109/><T8/><D41/><U112/><E112/><V35/><F35/><W64/><G123/><T128/><D128/><AGARI ba="0,0" hai="22,27,29,52,55,93,94,95,128,129,130" m="32811" machi="128" ten="30,2000,0" yaku="19,1,54,1" doraHai="108" who="2" fromWho="0" sc="250,-20,250,0,250,20,250,0" /><INIT seed="1,0,0,1,3,46" ten="230,250,270,250" oya="1" hai0="115,127,52,55,98,132,5,20,30,133,83,57,95" hai1="16,91,73,128,122,62,59,19,1,79,38,32,135" hai2="45,118,33,11,113,72,105,54,43,121,92,68,88" hai3="2,71,82,21,47,111,39,80,3,123,6,27,81"/><U110/><E122/><V114/><F121/><W120/><G111/><T90/><D115/><U67/><E1/><V8/><F33/><W100/><G3/><T29/><D127/><U12/><E32/><V60/><F72/><W23/><G71/><T119/><D119/><U25/><E38/><V44/><F118/><W9/><G100/><T24/><D5/><U93/><E110/><V0/><F105/><W107/><G107/><T124/><D124/><U77/><E128/><V106/><F106/><W134/><G23/><T7/><D7/><U126/><E126/><V31/><F31/><W42/><REACH who="3" step="1"/><G134/><REACH who="3" ten="230,250,270,240" step="2"/><T28/><D132/><U130/><E135/><V96/><F0/><W17/><AGARI ba="0,1" hai="2,6,9,17,21,27,39,42,47,80,81,82,120,123" machi="17" ten="30,4000,0" yaku="1,1,2,1,0,1,53,0" doraHai="46" doraHaiUra="109" who="3" fromWho="3" sc="230,-10,250,-20,270,-10,240,50" /><INIT seed="2,0,0,0,5,51" ten="220,230,260,290" oya="2" hai0="39,135,95,70,21,46,124,73,114,92,103,11,48" hai1="22,112,14,74,43,106,86,28,13,110,121,84,47" hai2="122,78,50,20,123,12,17,7,71,116,97,82,104" hai3="80,105,63,119,65,49,132,59,0,128,108,31,38"/><V32/><F32/><W79/><G38/><T98/><D39/><U30/><E74/><V107/><F71/><W67/><G119/><T88/><D114/><U83/><E106/><V120/><F116/><W134/><G108/><T61/><D73/><U23/><E112/><V45/><F97/><W64/><G49/><T33/><D33/><U52/><E110/><V81/><F7/><W55/><G0/><T41/><D124/><U126/><E126/><V10/><F20/><N who="1" m="7721" /><E121/><V35/><F35/><W42/><G31/><N who="1" m="11818" /><E43/><V15/><F15/><N who="1" m="5641" /><E83/><V53/><REACH who="2" step="1"/><F82/><REACH who="2" ten="220,230,250,290" step="2"/><W109/><G80/><T102/><D21/><U37/><E37/><V2/><F2/><W131/><G109/><T57/><D70/><U3/><E3/><V66/><F66/><W101/><G79/><T129/><D98/><U75/><E75/><AGARI ba="0,1" hai="10,12,17,45,50,53,75,78,81,104,107,120,122,123" machi="75" ten="40,3900,0" yaku="1,1,52,1,53,0" doraHai="51" doraHaiUra="115" who="2" fromWho="1" sc="220,0,230,-39,250,49,290,0" /><INIT seed="2,1,0,0,2,94" ten="220,191,299,290" oya="2" hai0="68,59,52,130,36,66,124,53,40,44,133,79,109" hai1="34,38,3,128,70,2,91,57,81,9,118,111,32" hai2="80,123,65,77,112,14,120,5,48,85,73,103,33" hai3="17,127,96,58,20,13,95,101,22,90,27,126,89"/><V23/><F33/><W108/><G108/><T12/><D79/><U7/><E70/><V1/><F112/><W76/><G76/><T93/><D109/><U104/><E118/><V6/><F73/><W24/><G13/><T106/><D106/><U125/><E111/><V4/><F1/><W26/><G58/><T46/><D12/><U92/><E104/><V47/><F65/><W8/><G8/><T55/><D93/><U35/><E38/><V114/><F114/><W72/><G72/><T121/><D121/><U99/><E125/><N who="3" m="47626" /><G26/><T87/><D87/><U49/><E128/><V42/><F23/><W78/><G78/><T129/><D124/><U131/><E131/><N who="0" m="50185" /><D133/><U119/><E119/><V39/><F39/><W75/><G75/><T122/><D122/><U98/><E81/><V117/><F117/><W11/><G11/><T15/><D15/><U56/><E2/><V115/><F115/><W102/><G102/><T69/><D46/><U19/><E19/><AGARI ba="1,0" hai="17,19,20,22,24,27,89,90,95,96,101" m="47626" machi="19" ten="30,2000,0" yaku="18,1,52,1" doraHai="94" who="3" fromWho="1" sc="220,0,191,-23,299,0,290,23" /><INIT seed="3,0,0,0,5,88" ten="220,168,299,313" oya="3" hai0="87,57,83,7,100,130,79,39,103,25,59,69,53" hai1="80,93,78,24,35,125,40,15,58,112,106,77,50" hai2="102,48,8,133,64,76,61,111,14,13,9,56,10" hai3="108,92,122,5,18,65,17,98,36,54,116,96,21"/><W126/><G116/><T22/><D69/><U55/><E106/><V23/><F111/><W74/><G122/><T94/><D130/><U82/><E112/><V68/><F133/><W16/><G36/><T123/><D123/><U28/><E125/><V44/><F76/><W37/><G37/><T1/><D39/><U95/><E40/><V120/><F120/><W128/><G74/><T2/><D59/><U129/><E129/><V11/><F68/><W109/><G128/><T134/><D134/><U63/><E15/><V72/><F72/><W43/><G43/><T27/><D27/><U31/><E31/><V124/><F124/><W89/><G65/><T52/><D53/><U30/><E30/><V75/><F75/><W135/><G126/><T86/><D7/><U38/><E38/><V84/><F23/><W41/><G41/><T113/><D113/><U85/><REACH who="1" step="1"/><E63/><REACH who="1" ten="220,158,299,313" step="2"/><V34/><F13/><W42/><G135/><T104/><D104/><U20/><E20/><V3/><F14/><W71/><G42/><T91/><D2/><U33/><E33/><V49/><F34/><W110/><G21/><T67/><D1/><U97/><E97/><V81/><F3/><W19/><G98/><T6/><D6/><U73/><AGARI ba="0,1" hai="24,28,35,50,55,58,73,77,78,80,82,85,93,95" machi="73" ten="20,8000,1" yaku="1,1,0,1,7,1,52,2,53,0" doraHai="88" doraHaiUra="117" who="1" fromWho="1" sc="220,-20,158,90,299,-20,313,-40" /><INIT seed="4,0,0,5,1,27" ten="200,248,279,273" oya="0" hai0="117,111,20,133,49,104,109,54,56,1,85,124,67" hai1="24,89,120,125,18,44,115,79,92,106,4,3,119" hai2="100,74,46,97,84,25,95,81,23,47,38,14,35" hai3="59,58,36,63,76,34,37,21,70,0,118,15,110"/><T71/><D1/><U19/><E119/><V16/><F38/><W94/><G34/><T22/><D104/><U57/><E120/><V68/><F68/><W13/><G0/><T73/><D73/><U75/><E106/><V131/><F131/><W5/><G118/><T134/><D117/><U45/><E125/><V80/><F74/><W78/><G70/><T50/><D85/><U93/><E115/><V9/><F35/><W60/><G21/><N who="0" m="8299" /><D124/><U2/><E24/><V43/><F43/><W69/><G69/><T8/><D8/><U17/><E79/><N who="2" m="46111" /><F81/><W31/><G94/><T88/><D88/><U61/><E75/><V129/><F129/><W128/><G128/><T26/><D26/><U113/><E113/><V132/><F132/><N who="0" m="50794" /><D50/><U135/><E135/><V103/><F103/><W87/><G87/><T52/><D54/><N who="1" m="33975" /><E3/><V30/><AGARI ba="0,0" hai="9,14,16,23,25,30,46,47,95,97,100" m="46111" machi="30" ten="30,4000,0" yaku="8,1,52,1,54,1" doraHai="27" who="2" fromWho="2" sc="200,-20,248,-10,279,40,273,-10" /><INIT seed="5,0,0,3,5,27" ten="180,238,319,263" oya="1" hai0="67,108,87,77,129,125,93,5,69,64,49,127,122" hai1="37,117,73,13,22,46,48,43,96,101,131,84,56" hai2="24,114,47,72,80,121,107,130,89,120,132,92,119" hai3="65,17,8,85,134,118,36,38,91,79,83,99,1"/><U75/><E117/><V25/><F119/><W116/><G134/><T0/><D108/><U112/><E112/><V51/><F107/><W106/><G65/><T31/><D129/><U11/><E131/><V115/><F130/><W23/><G38/><T82/><D122/><U57/><E84/><V68/><F68/><W113/><G36/><T111/><D111/><U55/><E22/><V28/><F24/><W59/><G59/><T53/><D93/><U10/><E57/><V90/><F72/><W78/><G78/><T50/><D50/><U18/><REACH who="1" step="1"/><E11/><REACH who="1" ten="180,228,319,263" step="2"/><V128/><F128/><W88/><G113/><T63/><D87/><U35/><E35/><V52/><F115/><W60/><G118/><T94/><D125/><U97/><E97/><V33/><F114/><W123/><G116/><T103/><D127/><U74/><E74/><V26/><F132/><W133/><G133/><T39/><D69/><U95/><AGARI ba="0,1" hai="10,13,18,37,43,46,48,55,56,73,75,95,96,101" machi="95" ten="20,7800,0" yaku="1,1,0,1,7,1,53,1" doraHai="27" doraHaiUra="9" who="1" fromWho="1" sc="180,-26,228,88,319,-26,263,-26" /><INIT seed="5,1,0,4,1,116" ten="154,316,293,237" oya="1" hai0="9,30,90,3,55,40,65,95,112,12,71,25,101" hai1="127,72,22,103,118,45,135,59,64,5,94,119,82" hai2="63,105,81,86,52,128,26,108,107,16,39,61,124" hai3="43,76,132,99,120,60,38,79,28,20,54,14,69"/><U102/><E127/><V2/><F39/><W58/><G132/><T77/><D3/><U130/><E130/><V0/><F108/><W73/><G120/><T115/><D77/><U111/><E135/><V92/><F92/><W37/><G99/><T36/><D101/><U56/><E111/><V104/><F63/><W4/><G69/><T89/><D55/><U66/><E5/><V85/><F85/><W31/><G31/><T131/><D131/><U44/><E94/><V46/><F124/><W1/><G1/><T51/><D36/><U113/><E113/><V114/><F114/><W134/><G134/><T121/><D121/><U41/><E22/><V83/><F83/><W35/><G35/><T29/><D65/><U53/><E82/><V47/><F47/><W70/><G70/><T93/><D71/><U84/><E84/><V13/><F26/><W122/><G76/><T67/><D67/><U78/><E78/><V49/><F61/><W11/><G60/><T50/><D40/><U10/><E41/><V62/><F62/><W24/><G79/><T133/><D133/><U100/><E100/><V109/><F109/><W98/><G73/><T32/><D32/><U87/><E87/><V117/><F117/><W23/><G43/><T34/><D34/><U6/><E72/><V123/><F123/><W42/><G122/><T97/><D25/><U110/><E110/><V27/><F27/><W88/><G42/><T48/><D112/><U18/><E6/><V80/><F80/><W15/><G38/><T125/><D115/><U68/><E68/><V8/><F128/><RYUUKYOKU ba="1,0" sc="154,-10,316,-10,293,30,237,-10" hai2="0,2,8,13,16,46,49,52,81,86,104,105,107" /><INIT seed="6,2,0,5,1,26" ten="144,306,323,227" oya="2" hai0="24,90,135,40,17,100,82,118,11,67,31,54,30" hai1="2,106,28,27,111,114,13,51,4,43,63,62,38" hai2="68,103,6,104,80,72,58,34,81,7,76,83,74" hai3="53,22,87,97,115,132,16,23,89,107,44,85,129"/><V71/><F34/><W32/><G32/><T92/><D135/><U10/><E111/><V84/><F84/><W113/><G132/><T102/><D118/><U21/><E106/><V29/><F58/><W75/><G75/><T49/><D40/><U133/><E133/><V112/><F112/><N who="3" m="43083" /><G129/><T124/><D67/><U79/><E79/><V125/><F125/><W122/><G122/><T123/><D123/><U70/><E114/><V88/><F76/><W95/><G107/><T52/><D82/><U47/><E70/><V134/><F134/><W0/><G0/><T78/><D78/><U25/><E38/><V66/><F104/><W128/><G128/><T50/><D124/><U105/><E105/><V48/><F74/><W33/><G33/><T59/><D100/><U20/><E2/><V9/><F103/><W61/><G23/><N who="0" m="13423" /><D11/><U64/><E64/><V101/><F101/><W120/><G120/><T37/><D102/><U18/><AGARI ba="2,0" hai="4,10,13,18,20,21,25,27,28,43,47,51,62,63" machi="18" ten="20,5200,0" yaku="0,1,7,1,8,1,52,1" doraHai="26" who="1" fromWho="1" sc="144,-15,306,58,323,-28,227,-15" /><INIT seed="7,0,0,3,5,9" ten="129,364,295,212" oya="3" hai0="100,75,34,30,72,84,50,55,70,51,105,43,124" hai1="46,29,12,8,11,76,62,17,27,49,47,5,98" hai2="40,89,68,99,22,82,123,38,134,58,88,93,95" hai3="53,130,36,81,15,23,79,41,3,122,10,59,65"/><W63/><G130/><T39/><D124/><U77/><E98/><V111/><F111/><W73/><G122/><T20/><D70/><U0/><E62/><V135/><F68/><W109/><G109/><T54/><D34/><U21/><E47/><V71/><F71/><W97/><G23/><T48/><D39/><U126/><E126/><V86/><F38/><W125/><G125/><T14/><D43/><AGARI ba="0,0" hai="0,5,8,11,12,17,21,27,29,43,46,49,76,77" machi="43" ten="30,2000,0" yaku="7,1,52,1" doraHai="9" who="1" fromWho="0" sc="129,-20,364,20,295,0,212,0" owari="109,-39.0,384,48.0,295,10.0,212,-19.0" /></mjloggm>