<mjloggm ver="2.3"><GO type="169" lobby="0"/><UN n0="%E5%B0%B1%E6%B4%BB%E7%94%9F%40%E5%B7%9D%E6%9D%91%E8%BB%8D%E5%9B%A3" n1="%53%49%4C%41%53" n2="%66%75%6B%75%30%32" n3="%63%68%6F%6E%6A%69" dan="17,16,16,16" rate="2142.30,2146.75,2088.07,2120.41" sx="M,F,M,M"/><TAIKYOKU oya="0"/><INIT seed="0,0,0,2,0,93" ten="250,250,250,250" oya="0" hai0="125,36,52,110,6,48,102,17,46,120,53,114,75" hai1="43,82,108,115,35,10,2,24,1,22,98,28,0" hai2="107,90,135,86,96,132,70,16,59,111,131,61,51" hai3="57,119,99,11,33,68,128,112,72,66,122,94,113"/><T12/><D120/><U91/><E108/><V58/><F111/><W74/><G119/><T123/><D123/><U47/><E115/><V63/><F131/><W42/><G122/><T127/><D114/><U30/><E10/><V5/><F70/><W92/><G128/><T32/><D75/><U81/><E30/><V49/><F5/><W50/><G68/><T45/><D32/><U89/><E35/><V76/><F76/><W38/><G33/><T65/><D110/><U55/><E55/><V19/><F86/><W95/><G38/><T62/><D102/><U44/><E44/><V116/><F116/><W78/><G11/><T69/><D6/><U23/><E23/><V13/><F90/><W26/><G26/><T79/><D79/><U8/><E8/><V124/><F107/><W4/><G4/><T134/><D134/><U15/><E15/><V54/><F54/><W25/><G25/><T126/><D36/><U18/><E28/><V56/><F56/><W100/><G113/><T117/><D117/><U85/><E98/><V27/><F27/><W84/><G112/><T41/><REACH who="0" step="1"/><D45/><REACH who="0" ten="240,250,250,250" step="2"/><U77/><REACH who="1" step="1"/><E82/><REACH who="1" ten="240,240,250,250" step="2"/><V14/><F124/><W121/><G121/><T133/><D133/><U129/><E129/><V118/><F118/><W97/><G100/><T9/><AGARI ba="0,2" hai="9,12,17,41,46,48,52,53,62,65,69,125,126,127" machi="9" ten="30,11700,0" yaku="1,1,0,1,18,1,54,1,53,0" doraHai="93" doraHaiUra="80" who="0" fromWho="0" sc="240,137,240,-39,250,-39,250,-39" /><INIT seed="0,1,0,0,2,21" ten="377,201,211,211" oya="0" hai0="48,70,93,81,80,129,92,12,102,44,28,112,32" hai1="26,90,121,97,95,50,23,101,17,69,126,49,16" hai2="75,91,6,132,118,41,3,122,27,54,105,8,4" hai3="39,109,55,14,119,104,53,128,1,35,108,46,135"/><T131/><D70/><U107/><E121/><V31/><F122/><W99/><G119/><T82/><D112/><U61/><E126/><V98/><F75/><W110/><G1/><T33/><D12/><U89/><E89/><V133/><F118/><W106/><G135/><N who="2" m="51785" /><F4/><W60/><G128/><T47/><D102/><U88/><E90/><V78/><F78/><W37/><G14/><T2/><D2/><U58/><E69/><V57/><F41/><W51/><G35/><N who="0" m="13387" /><D48/><U84/><E17/><V59/><F54/><AGARI ba="1,0" hai="16,23,26,49,50,54,58,61,84,88,95,97,101,107" machi="54" ten="30,7700,0" yaku="7,1,52,1,54,2" doraHai="21" who="1" fromWho="2" sc="377,0,201,80,211,-80,211,0" /><INIT seed="1,0,0,0,0,117" ten="377,281,131,211" oya="1" hai0="74,5,12,0,13,126,60,119,2,42,37,64,81" hai1="34,23,109,105,134,32,15,116,94,102,99,89,41" hai2="24,47,75,130,82,58,101,1,88,6,66,17,38" hai3="124,90,91,40,95,65,46,35,135,39,73,104,10"/><U44/><E116/><V97/><F130/><W16/><G104/><T52/><D119/><U84/><E134/><V4/><F1/><W7/><G135/><T122/><D126/><U115/><E115/><V3/><F3/><W93/><G124/><T77/><D52/><U56/><E109/><V25/><F38/><W18/><G35/><T133/><D133/><U96/><E56/><V48/><F75/><W63/><G73/><T69/><D122/><U118/><E118/><V111/><F111/><W80/><G80/><T112/><D112/><U33/><E96/><V127/><F127/><W30/><G30/><T49/><D49/><U92/><E23/><N who="2" m="13423" /><F25/><W8/><G8/><N who="0" m="2087" /><D2/><U50/><REACH who="1" step="1"/><E15/><REACH who="1" ten="377,271,131,211" step="2"/><V72/><F58/><W57/><G10/><T78/><D78/><U62/><E62/><V114/><F114/><W128/><G7/><T120/><D120/><U123/><E123/><V27/><F4/><W51/><G128/><T21/><D12/><U43/><E43/><V36/><F6/><W9/><G39/><T45/><D13/><U87/><E87/><V29/><F36/><W125/><G125/><T110/><D110/><U14/><E14/><V98/><F72/><W79/><G9/><T31/><D21/><U19/><E19/><V20/><F20/><W70/><G18/><T131/><D131/><U26/><E26/><V121/><F27/><W11/><G16/><T85/><D85/><U61/><E61/><V100/><F121/><W53/><G11/><T54/><D54/><U67/><E67/><V132/><F66/><W76/><G65/><T55/><D55/><RYUUKYOKU ba="0,1" sc="377,15,271,15,131,-15,211,-15" hai0="31,37,42,45,60,64,69,74,77,81" hai1="32,33,34,41,44,50,84,89,92,94,99,102,105" /><INIT seed="1,1,1,1,2,40" ten="392,286,116,196" oya="1" hai0="128,32,39,112,81,74,102,55,51,93,14,111,109" hai1="19,135,107,42,130,49,114,129,27,46,121,21,100" hai2="9,61,36,26,29,25,110,63,54,67,127,88,35" hai3="119,82,105,131,56,120,48,30,133,10,45,68,22"/><U75/><E121/><V23/><F36/><W103/><G120/><T15/><D39/><U106/><E114/><V20/><F110/><N who="0" m="41994" /><D128/><N who="1" m="49259" /><E135/><V118/><F118/><W17/><G68/><T79/><D112/><U80/><E100/><V59/><F127/><W98/><G133/><T95/><D32/><U5/><E5/><V50/><F9/><W73/><G131/><T123/><D123/><U7/><E7/><V16/><F35/><W31/><G56/><N who="0" m="32895" /><D102/><U101/><E101/><V3/><F3/><W66/><G10/><T78/><D78/><AGARI ba="1,1" hai="19,21,27,42,46,49,75,78,80,106,107" m="49259" machi="78" ten="30,2900,0" yaku="19,1,52,1" doraHai="40" who="1" fromWho="0" sc="392,-32,286,42,116,0,196,0" /><INIT seed="1,2,0,0,5,89" ten="360,328,116,196" oya="1" hai0="133,98,51,130,123,44,105,6,73,124,97,26,120" hai1="117,81,106,110,13,4,135,11,18,61,122,33,9" hai2="104,76,88,35,15,109,102,28,29,54,8,115,32" hai3="5,96,12,134,116,62,17,93,10,91,59,113,20"/><U83/><E122/><N who="0" m="46633" /><D133/><U114/><E117/><V46/><F109/><W38/><G113/><T50/><D130/><U129/><E114/><V80/><F115/><W43/><G134/><T14/><D124/><U7/><E129/><V118/><F118/><W45/><G116/><T131/><D131/><U24/><E106/><V70/><F70/><W23/><REACH who="3" step="1"/><G5/><REACH who="3" ten="360,328,116,186" step="2"/><T41/><D73/><U63/><E135/><V34/><F34/><W2/><G2/><T47/><D105/><U107/><E107/><V92/><F35/><W1/><G1/><T39/><D39/><U16/><E110/><V40/><F32/><W27/><G27/><T77/><D26/><U30/><E7/><V108/><F104/><W58/><G58/><T125/><D14/><U25/><E18/><V42/><F108/><W85/><G85/><T87/><D6/><U74/><E74/><V31/><F31/><W56/><G56/><T67/><D87/><U79/><E79/><V37/><F76/><W75/><G75/><T65/><D77/><U95/><E25/><V132/><F132/><W22/><G22/><T126/><D126/><U94/><E61/><V72/><F29/><W101/><G101/><T82/><D125/><U128/><E63/><V19/><F28/><W84/><G84/><T127/><D127/><U49/><E128/><V112/><F112/><W121/><G121/><T66/><D82/><N who="1" m="31243" /><E49/><N who="2" m="28983" /><F37/><W90/><G90/><T99/><D50/><U100/><E100/><V60/><F60/><W71/><G71/><T21/><D21/><N who="1" m="11407" /><E4/><V64/><F72/><W0/><G0/><T68/><D68/><RYUUKYOKU ba="2,1" sc="360,10,328,10,116,-30,186,10" hai0="41,44,47,51,65,66,67,97,98,99" hai1="9,11,24,30,33,94,95" hai3="10,12,17,20,23,38,43,45,59,62,91,93,96" /><INIT seed="1,3,1,0,0,54" ten="370,338,86,196" oya="1" hai0="105,97,73,119,83,70,57,29,98,28,34,72,115" hai1="41,61,18,114,44,81,45,62,88,59,31,85,30" hai2="93,12,77,129,96,16,56,26,94,51,100,75,53" hai3="55,120,10,125,117,7,76,25,80,39,23,43,40"/><U71/><E114/><V79/><F129/><W103/><G120/><T46/><D70/><U86/><E71/><V37/><F37/><W15/><G125/><T60/><D115/><U116/><E116/><V38/><F38/><W2/><G117/><T74/><D119/><U123/><E123/><V127/><F127/><W35/><G35/><T87/><D46/><N who="1" m="18027" /><E41/><V91/><F26/><W82/><G2/><T68/><D68/><U69/><E69/><V90/><F75/><W112/><G112/><T113/><D113/><U32/><E32/><V131/><F131/><W132/><G132/><T49/><D49/><U106/><E106/><V128/><F128/><W63/><G103/><T13/><D13/><U47/><N who="1" m="18035" /><U1/><DORA hai="122" /><E1/><V89/><REACH who="2" step="1"/><F94/><REACH who="2" ten="370,338,76,196" step="2"/><W48/><G39/><T4/><D74/><U0/><E0/><V67/><F67/><W22/><G25/><T133/><D73/><U19/><E62/><V64/><F64/><W92/><G63/><T8/><D60/><U126/><E126/><V20/><AGARI ba="3,2" hai="12,16,20,51,53,56,77,79,89,90,91,93,96,100" machi="20" ten="30,8000,1" yaku="1,1,0,1,8,1,52,1,54,1,53,0" doraHai="54,122" doraHaiUra="118,104" who="2" fromWho="2" sc="370,-23,338,-43,76,109,196,-23" /><INIT seed="2,0,0,0,2,47" ten="347,295,185,173" oya="2" hai0="87,76,111,38,4,6,86,95,80,36,69,59,71" hai1="62,56,53,16,10,116,12,60,35,20,115,131,67" hai2="102,55,58,49,126,129,109,135,128,11,121,27,134" hai3="105,113,1,40,64,114,75,83,132,51,100,98,81"/><V21/><F121/><W18/><G1/><T65/><D111/><U118/><E116/><V8/><F109/><W29/><G132/><N who="2" m="50729" /><F102/><W97/><G97/><T90/><D69/><U101/><E118/><V89/><F89/><W120/><G120/><T50/><D71/><U68/><E35/><V25/><F25/><W19/><G64/><T39/><REACH who="0" step="1"/><D65/><REACH who="0" ten="337,295,185,173" step="2"/><U92/><E115/><N who="3" m="44042" /><G29/><T34/><D34/><U78/><E67/><V66/><F66/><W61/><G61/><T23/><D23/><U22/><E68/><V122/><F122/><W110/><G110/><T125/><D125/><U37/><E22/><V96/><F126/><W91/><G75/><T124/><D124/><U107/><E20/><V104/><F21/><W103/><G18/><T93/><D93/><U41/><E62/><V33/><F33/><W42/><G19/><T26/><D26/><U32/><E92/><V43/><F27/><W88/><G105/><T17/><D17/><U3/><E16/><V5/><F104/><W127/><G127/><T82/><D82/><U79/><E32/><V28/><F28/><W84/><G81/><T57/><D57/><U130/><E56/><V117/><F117/><W123/><G123/><T112/><D112/><U54/><E107/><V48/><F58/><W77/><G98/><T14/><D14/><U7/><E12/><N who="2" m="5135" /><F96/><W72/><G103/><T106/><D106/><U46/><E101/><V31/><F31/><W30/><G30/><T44/><D44/><U133/><E133/><V0/><F0/><W13/><G100/><T94/><D94/><U63/><E3/><RYUUKYOKU ba="0,1" sc="337,30,295,-10,185,-10,173,-10" hai0="4,6,36,38,39,50,59,76,80,86,87,90,95" /><INIT seed="3,1,1,4,4,59" ten="367,285,175,163" oya="3" hai0="38,80,17,100,115,27,18,28,87,31,121,67,49" hai1="16,73,58,95,9,22,21,5,124,120,107,29,90" hai2="43,85,82,93,23,7,71,50,114,106,118,109,126" hai3="26,129,127,99,56,14,117,103,70,79,108,94,13"/><W96/><G117/><T37/><D115/><U39/><E120/><V35/><F106/><W61/><G129/><T54/><D121/><U134/><E107/><V123/><F35/><W12/><G127/><T25/><D100/><U33/><E124/><V64/><F123/><W83/><G96/><T77/><D67/><U24/><E134/><V36/><F126/><W101/><G26/><T72/><D72/><U6/><E73/><V112/><F118/><W3/><G70/><T53/><D38/><U41/><E41/><V91/><F36/><W47/><G47/><T74/><D37/><U135/><E39/><V62/><F109/><W132/><G3/><T104/><D104/><U122/><E135/><V92/><F7/><W30/><G30/><T40/><D40/><U110/><E110/><V68/><F68/><W46/><G46/><T11/><D11/><U44/><E44/><V78/><F93/><W4/><G132/><T52/><D74/><U60/><E122/><V111/><F111/><W116/><G116/><T65/><D65/><N who="1" m="39063" /><E9/><V51/><F23/><W131/><G131/><T102/><D102/><U86/><E33/><V119/><F119/><W15/><G103/><T57/><D18/><U125/><E125/><V97/><REACH who="2" step="1"/><F43/><REACH who="2" ten="367,285,165,163" step="2"/><W84/><G108/><T69/><D69/><U81/><E95/><V48/><AGARI ba="1,2" hai="48,50,51,62,64,71,78,82,85,91,92,97,112,114" machi="48" ten="30,12000,2" yaku="1,1,2,1,0,1,52,1,53,3" doraHai="59" doraHaiUra="45" who="2" fromWho="2" sc="367,-31,285,-31,165,143,163,-61" /><INIT seed="4,0,0,2,2,85" ten="336,254,308,102" oya="0" hai0="106,91,16,112,72,48,105,63,28,93,43,95,135" hai1="92,59,67,84,113,25,33,12,78,115,110,107,104" hai2="121,133,100,46,36,90,26,62,60,82,70,55,44" hai3="29,128,47,7,4,56,17,96,66,94,97,20,23"/><T129/><D72/><U79/><E110/><V51/><F121/><W18/><G128/><T125/><D129/><U76/><E12/><V31/><F133/><W69/><G69/><T103/><D112/><N who="1" m="43083" /><E33/><V1/><F1/><W54/><G29/><T130/><D130/><U21/><E67/><V73/><F100/><W124/><G47/><T6/><D6/><U109/><E59/><V65/><F62/><W77/><G66/><T108/><D135/><U52/><E52/><V123/><F123/><W32/><G77/><T126/><D108/><U111/><E21/><V88/><F73/><W87/><G32/><T80/><D63/><U53/><E53/><V13/><F82/><W68/><G68/><T41/><D28/><U117/><E25/><V34/><REACH who="2" step="1"/><F13/><REACH who="2" ten="336,254,298,102" step="2"/><W132/><G132/><T57/><D103/><U10/><E117/><V98/><F98/><W64/><G64/><T99/><D106/><N who="1" m="40491" /><E10/><V86/><F86/><W119/><G119/><T71/><D105/><U27/><E27/><V75/><F75/><W2/><G2/><T134/><D134/><U101/><E101/><V22/><F22/><W24/><G87/><T122/><D71/><U116/><E116/><V61/><F61/><N who="3" m="35991" /><G97/><T15/><D99/><U89/><AGARI ba="0,1" hai="76,78,79,84,89,92,109,111" m="40491,43083" machi="89" ten="40,8000,1" yaku="15,1,11,1,34,2,52,1" doraHai="85" who="1" fromWho="1" sc="336,-40,254,90,298,-20,102,-20" /><INIT seed="5,0,0,0,3,64" ten="296,344,278,82" oya="1" hai0="80,9,5,63,31,93,56,75,44,115,110,39,89" hai1="85,92,1,78,32,38,46,77,102,95,71,35,58" hai2="76,117,83,29,131,13,88,121,87,11,116,130,94" hai3="47,6,101,54,61,123,60,48,23,113,114,97,134"/><U108/><E1/><V21/><F121/><W7/><G123/><T22/><D110/><U30/><E108/><V34/><F34/><W111/><G111/><T105/><D105/><U84/><E71/><V25/><F131/><W104/><G134/><T86/><D115/><U66/><E66/><V90/><F130/><W37/><G37/><T73/><D39/><U96/><E38/><V2/><F2/><W82/><G82/><T91/><D44/><U119/><E46/><V125/><F125/><W20/><G61/><T69/><D69/><U106/><E58/><V19/><REACH who="2" step="1"/><F90/><REACH who="2" ten="296,344,268,82" step="2"/><W4/><REACH who="3" step="1"/><G60/><REACH who="3" ten="296,344,268,72" step="2"/><T26/><D63/><U79/><E79/><V17/><F17/><W49/><G49/><T24/><D80/><U127/><E77/><V16/><F16/><W52/><G52/><T126/><D31/><U40/><E78/><V109/><F109/><W3/><G3/><T120/><D126/><U36/><E30/><V10/><F10/><W133/><G133/><T14/><D120/><U15/><E127/><V98/><AGARI ba="0,2" hai="11,13,19,21,25,29,76,83,87,88,94,98,116,117" machi="98" ten="20,5200,0" yaku="1,1,0,1,7,1,54,1,53,0" doraHai="64" doraHaiUra="122" who="2" fromWho="2" sc="296,-13,344,-26,268,72,72,-13" /><INIT seed="6,0,0,3,1,97" ten="283,318,340,59" oya="2" hai0="126,56,7,48,19,117,107,40,69,98,111,9,101" hai1="24,0,17,42,76,60,72,23,47,84,68,130,21" hai2="82,114,83,41,5,46,62,106,11,89,121,125,64" hai3="74,34,30,58,135,10,91,113,13,96,66,38,49"/><V79/><F121/><W102/><G135/><T110/><D69/><U45/><E130/><V50/><F106/><W15/><G38/><T105/><D126/><U6/><E84/><V1/><F125/><W81/><G113/><T119/><D107/><U104/><E104/><V90/><F114/><W28/><G15/><T88/><D88/><U95/><E95/><V22/><F22/><W37/><G37/><T14/><D19/><U35/><E35/><V112/><F112/><W52/><G66/><T71/><D71/><U36/><E45/><V63/><F83/><W16/><G34/><T103/><D103/><U65/><E24/><V118/><F118/><W93/><G74/><T59/><D40/><U122/><E17/><V85/><REACH who="2" step="1"/><F63/><REACH who="2" ten="283,318,330,59" step="2"/><W132/><G132/><T54/><REACH who="0" step="1"/><D56/><AGARI ba="0,1" hai="1,5,11,41,46,50,56,62,64,79,82,85,89,90" machi="56" ten="30,11600,0" yaku="1,1,2,1,7,1,53,1" doraHai="97" doraHaiUra="57" who="2" fromWho="0" sc="283,-116,318,0,330,126,59,0" /><INIT seed="6,1,0,1,3,110" ten="167,318,456,59" oya="2" hai0="18,25,77,6,83,134,51,40,135,48,53,108,81" hai1="10,86,56,89,130,8,132,74,52,87,115,70,50" hai2="122,126,82,121,47,12,34,109,27,55,15,13,66" hai3="35,79,96,22,95,119,99,62,63,20,7,116,61"/><V106/><F106/><W24/><G7/><T60/><D108/><U117/><E117/><V59/><F109/><W31/><G79/><T76/><D6/><U92/><E74/><V101/><F101/><W16/><G35/><T49/><D40/><U93/><E132/><N who="0" m="50729" /><D60/><U90/><E70/><V44/><F66/><W9/><G9/><T103/><D103/><U133/><E133/><V21/><F34/><W0/><G0/><T3/><D3/><U28/><E130/><V42/><F82/><N who="0" m="31242" /><D53/><U39/><E39/><V29/><F42/><W125/><G125/><T26/><D18/><U75/><E75/><V2/><F2/><W88/><REACH who="3" step="1"/><G99/><REACH who="3" ten="167,318,456,49" step="2"/><T123/><D123/><U100/><E10/><V98/><F122/><W128/><G128/><T30/><D30/><U38/><E8/><V97/><F121/><W69/><G69/><T131/><D131/><U112/><E28/><V105/><F29/><W120/><G120/><T57/><D57/><U11/><E11/><V114/><F59/><W41/><G41/><T91/><D91/><U1/><E1/><V118/><F47/><W94/><G94/><T33/><D33/><U45/><E100/><V54/><F44/><W37/><G37/><T14/><D77/><U107/><E107/><V4/><F105/><W32/><G32/><T58/><D76/><U71/><E71/><V80/><F4/><W124/><G124/><T64/><D58/><U65/><E38/><V23/><F126/><W68/><G68/><T17/><D64/><U19/><E19/><V36/><F36/><W84/><G84/><T73/><D73/><RYUUKYOKU ba="1,1" sc="167,10,318,10,456,-30,49,10" hai0="14,17,25,26,48,49,51" hai1="45,50,52,56,65,86,87,89,90,92,93,112,115" hai3="16,20,22,24,31,61,62,63,88,95,96,116,119" /><INIT seed="7,2,1,1,1,57" ten="177,328,426,59" oya="3" hai0="48,0,8,62,127,47,38,118,69,78,107,24,134" hai1="102,68,111,54,76,33,112,108,83,56,22,32,124" hai2="18,96,72,104,88,42,6,7,119,40,49,86,125" hai3="116,13,41,122,21,12,135,129,20,50,93,52,99"/><W65/><G116/><T17/><D107/><U11/><E112/><V91/><F72/><W71/><G135/><T126/><D118/><U27/><E124/><N who="0" m="47657" /><D134/><U2/><E68/><V133/><F125/><W51/><G129/><T95/><D38/><U128/><E128/><V31/><F133/><W100/><G122/><T87/><D0/><U58/><E102/><V30/><F119/><W14/><G65/><N who="0" m="41143" /><D78/><U120/><E120/><V97/><F18/><W10/><G71/><T28/><D8/><U103/><E103/><V63/><F104/><W45/><REACH who="3" step="1"/><G10/><REACH who="3" ten="177,328,426,49" step="2"/><T37/><D37/><U53/><E11/><V15/><F6/><W77/><G77/><T106/><D106/><U1/><E76/><V123/><F7/><W55/><G55/><N who="0" m="30111" /><D17/><U130/><E130/><V61/><F123/><W19/><G19/><T39/><D39/><U132/><E132/><V85/><F15/><W66/><G66/><T16/><D16/><U25/><E2/><V36/><F36/><W81/><G81/><T105/><D105/><U29/><E1/><V89/><F30/><W46/><AGARI ba="2,2" hai="12,13,14,20,21,41,45,46,50,51,52,93,99,100" machi="46" ten="30,11700,0" yaku="1,1,0,1,8,1,54,1,53,0" doraHai="57" doraHaiUra="23" who="3" fromWho="3" sc="177,-41,328,-41,426,-41,49,143" /><INIT seed="7,3,0,3,1,1" ten="136,287,385,192" oya="3" hai0="91,29,119,75,105,52,63,6,95,7,46,3,124" hai1="72,107,93,104,94,11,16,130,108,18,69,113,32" hai2="34,19,43,112,131,96,117,116,110,98,78,5,4" hai3="123,121,102,80,55,48,37,35,127,0,22,100,10"/><W13/><G37/><T67/><D105/><U30/><E108/><V33/><F110/><W132/><G35/><T2/><D119/><U17/><E72/><V36/><F78/><W50/><G132/><T97/><D124/><U64/><E113/><V135/><F112/><W79/><G127/><T62/><D75/><U106/><E130/><V39/><F131/><W120/><G0/><T28/><D2/><U54/><E54/><V26/><F135/><W23/><G102/><T47/><D3/><U74/><E74/><V59/><F59/><W40/><G100/><T86/><D97/><U68/><E11/><V118/><F19/><W51/><G55/><T60/><D67/><U66/><E30/><N who="0" m="11881" /><D47/><U134/><E32/><N who="2" m="12395" /><F26/><W84/><REACH who="3" step="1"/><G40/><REACH who="3" ten="136,287,385,182" step="2"/><T126/><D126/><U42/><E42/><V76/><F43/><W65/><G65/><N who="1" m="25194" /><E134/><V101/><F39/><W21/><G21/><T20/><D20/><U45/><E45/><V15/><F36/><W85/><G85/><T114/><D114/><U44/><E44/><V133/><F133/><W125/><G125/><T88/><D91/><U128/><E128/><V49/><F118/><W58/><G58/><T81/><D81/><U41/><E41/><V53/><F117/><W82/><G82/><T92/><D92/><AGARI ba="3,1" hai="16,17,18,68,69,92,93,94,104,106,107" m="25194" machi="92" ten="40,5200,0" yaku="28,2,54,1" doraHai="1" who="1" fromWho="0" sc="136,-61,287,71,385,0,182,0" owari="75,-42.0,358,16.0,385,48.0,182,-22.0" /></mjloggm>