<mjloggm ver="2.3"><GO type="41" lobby="0"/><UN n0="%E5%B0%B1%E6%B4%BB%E7%94%9F%40%E5%B7%9D%E6%9D%91%E8%BB%8D%E5%9B%A3" n1="%6D%65%6E%6F%73%75" n2="%E5%85%AB%E5%8D%81%E5%85%AB" n3="%E6%97%A9%E6%BC%8F%E3%81%AE%E4%BD%90%E6%9D%91%E6%B2%B3%E5%86%85" dan="17,15,14,15" rate="2185.32,1994.04,1848.41,1978.88" sx="M,M,M,M"/><TAIKYOKU oya="0"/><INIT seed="0,0,0,4,3,102" ten="250,250,250,250" oya="0" hai0="18,55,110,48,59,89,33,99,46,123,25,47,107" hai1="20,17,97,79,74,125,32,82,92,95,36,116,86" hai2="35,133,16,106,84,117,19,75,14,63,61,94,81" hai3="43,8,109,101,128,29,6,83,105,64,124,69,10"/><T62/><D123/><U54/><E32/><V24/><F75/><W78/><G43/><T53/><D110/><U0/><E0/><V22/><F117/><W21/><G109/><T115/><D115/><U58/><E36/><V23/><F35/><W90/><G90/><T91/><D46/><U3/><E3/><V38/><F38/><W131/><G64/><T31/><REACH who="0" step="1"/><D18/><REACH who="0" ten="240,250,250,250" step="2"/><U119/><E116/><V56/><F133/><W127/><G6/><T103/><AGARI ba="0,1" hai="25,31,33,47,48,53,55,59,62,89,91,99,103,107" machi="103" ten="30,11700,0" yaku="1,1,2,1,0,1,52,1,53,0" doraHai="102" doraHaiUra="135" who="0" fromWho="0" sc="240,127,250,-39,250,-39,250,-39" /><INIT seed="0,1,0,4,5,76" ten="367,211,211,211" oya="0" hai0="27,59,80,117,75,39,20,29,13,78,31,132,14" hai1="9,90,101,23,12,67,123,38,17,130,3,47,33" hai2="53,48,129,92,83,128,10,113,6,125,36,74,111" hai3="0,133,45,41,18,62,109,60,5,50,85,91,93"/><T19/><D117/><U15/><E123/><V102/><F113/><W8/><G109/><T22/><D39/><U106/><E3/><V87/><F36/><W57/><G133/><T26/><D132/><U103/><E33/><V34/><F34/><W81/><G18/><T86/><D75/><U135/><E135/><V100/><F111/><W119/><G119/><T7/><D7/><U37/><E67/><V21/><F21/><W84/><REACH who="3" step="1"/><G57/><REACH who="3" ten="367,211,211,201" step="2"/><T40/><D19/><U105/><E130/><V116/><F116/><W61/><G61/><T107/><D107/><U69/><E69/><V118/><F118/><W32/><G32/><T63/><REACH who="0" step="1"/><D40/><REACH who="0" ten="357,211,211,201" step="2"/><U82/><E17/><V94/><F129/><W4/><G4/><T55/><AGARI ba="1,2" hai="13,14,20,22,26,27,29,31,55,59,63,78,80,86" machi="55" ten="20,24000,3" yaku="1,1,2,1,0,1,7,1,9,1,8,1,52,1,53,1" doraHai="76" doraHaiUra="72" who="0" fromWho="0" sc="357,263,211,-81,211,-81,201,-81" /><INIT seed="0,2,0,2,0,13" ten="620,130,130,120" oya="0" hai0="129,100,49,90,19,56,84,54,59,132,55,121,94" hai1="70,23,108,47,65,46,125,14,87,64,9,38,75" hai2="30,81,128,24,102,43,135,83,119,120,77,126,98" hai3="113,51,82,107,48,116,117,123,2,36,95,134,42"/><T58/><D121/><U110/><E75/><V85/><F120/><W22/><G123/><T0/><D0/><U61/><E65/><V1/><F119/><W34/><G107/><T25/><D129/><U86/><E125/><V104/><F1/><W63/><G34/><T80/><D132/><U35/><E23/><V88/><F128/><W11/><G134/><T130/><D130/><U103/><E103/><V71/><F71/><W32/><G32/><T18/><D25/><U133/><E35/><V4/><F4/><W74/><G113/><T118/><D118/><U37/><E133/><V52/><F135/><W112/><G112/><T109/><D109/><N who="1" m="42091" /><E46/><V39/><F43/><W41/><G74/><T53/><D49/><U91/><E47/><V92/><F39/><N who="1" m="14857" /><E91/><V45/><F126/><W62/><G36/><T12/><D12/><U101/><E101/><V79/><F45/><W28/><G2/><T131/><D131/><U67/><E67/><V17/><F30/><W76/><G116/><T29/><D29/><U57/><E57/><V6/><F6/><AGARI ba="2,0" hai="6,9,14,61,64,70,86,87" m="14857,42091" machi="6" ten="30,1000,0" yaku="14,1" doraHai="13" who="1" fromWho="2" sc="620,0,130,16,130,-16,120,0" /><INIT seed="1,0,0,3,2,50" ten="620,146,114,120" oya="1" hai0="20,1,75,77,71,104,4,133,15,68,55,72,28" hai1="27,70,135,34,132,86,96,113,18,87,99,23,69" hai2="24,85,7,49,2,129,39,6,115,120,11,105,90" hai3="29,82,14,45,117,3,22,125,103,44,51,122,95"/><U8/><E113/><V109/><F39/><W93/><G122/><T64/><D104/><U121/><E121/><V17/><F120/><W118/><G3/><T54/><D1/><U61/><E34/><V80/><F115/><W78/><G125/><T73/><D77/><U19/><E8/><V66/><F105/><W119/><G103/><T111/><D133/><U112/><E112/><V98/><F109/><W94/><G14/><T30/><D111/><U83/><E83/><V57/><F129/><W31/><G22/><T16/><D4/><U106/><E106/><V47/><F98/><W134/><G134/><N who="1" m="51242" /><E19/><V59/><F66/><W107/><G107/><T116/><D116/><U26/><E26/><V37/><F37/><W102/><G102/><T40/><D40/><U41/><E41/><V97/><F97/><N who="1" m="37449" /><E61/><V52/><F6/><W124/><G124/><T13/><D72/><U110/><E110/><V91/><F91/><W84/><REACH who="3" step="1"/><G51/><REACH who="3" ten="620,146,114,110" step="2"/><T46/><D20/><U35/><E35/><V62/><F62/><W76/><G76/><T42/><D13/><U53/><E70/><V43/><F24/><W126/><G126/><T60/><D71/><U130/><E69/><V25/><F25/><W128/><G128/><T63/><D68/><U36/><E36/><V56/><F17/><W65/><G65/><T79/><D64/><U33/><E33/><V12/><F2/><W38/><G38/><T108/><D79/><U67/><E130/><V10/><F11/><W127/><G127/><T100/><D108/><U5/><E67/><V131/><F131/><W89/><G89/><RYUUKYOKU ba="0,1" sc="620,-15,146,-15,114,15,110,15" hai2="7,10,12,43,47,49,52,56,57,59,80,85,90" hai3="29,31,44,45,78,82,84,93,94,95,117,118,119" /><INIT seed="2,1,1,0,1,61" ten="605,131,129,125" oya="2" hai0="4,14,119,76,44,107,96,54,32,28,36,91,53" hai1="62,72,122,21,109,80,24,26,10,128,112,114,86" hai2="92,23,15,132,41,100,67,89,12,106,101,116,126" hai3="29,118,75,125,135,51,2,49,110,31,33,105,121"/><V123/><F116/><W0/><RYUUKYOKU type="yao9" ba="1,1" sc="605,0,131,0,129,0,125,0" hai3="0,2,29,31,33,49,51,75,105,110,118,121,125,135" /><INIT seed="2,2,1,2,1,117" ten="605,131,129,125" oya="2" hai0="36,9,65,61,54,103,109,46,58,56,31,30,71" hai1="38,19,127,2,47,108,75,96,52,64,34,131,0" hai2="1,107,16,17,25,106,118,70,11,134,22,130,13" hai3="100,126,20,101,86,95,124,114,26,125,83,123,14"/><V3/><F70/><W55/><G14/><T102/><D109/><U93/><E34/><V15/><F107/><W72/><G114/><T39/><D9/><U115/><E115/><V60/><F106/><W129/><G129/><T92/><D92/><U78/><E131/><V73/><F73/><W33/><G33/><T113/><D113/><U74/><E64/><V44/><F118/><W135/><G135/><T4/><D4/><U40/><E108/><V51/><F130/><W50/><G72/><T12/><D12/><U105/><E105/><V32/><F134/><W120/><G95/><T97/><D97/><U116/><E127/><V98/><F60/><W91/><G55/><T69/><D31/><U27/><E116/><V121/><F98/><W63/><G50/><N who="0" m="29015" /><D30/><U6/><E6/><N who="2" m="3319" /><F51/><W24/><G63/><N who="0" m="38119" /><D103/><N who="3" m="39497" /><G24/><T133/><D102/><U18/><E75/><V45/><F44/><W79/><G79/><T28/><D28/><AGARI ba="2,1" hai="20,26,28,83,86,91,120,123,124,125,126" m="39497" machi="28" ten="30,3900,0" yaku="18,1,52,2" doraHai="117" who="3" fromWho="0" sc="605,-45,131,0,129,0,125,55" /><INIT seed="3,0,0,5,0,32" ten="560,131,129,180" oya="3" hai0="17,67,128,35,62,116,41,115,2,126,131,75,55" hai1="79,114,6,45,28,125,47,44,110,88,4,46,31" hai2="105,132,25,49,30,18,16,53,21,71,92,117,82" hai3="23,29,96,80,64,60,52,68,81,133,77,99,13"/><W84/><G133/><T78/><D35/><U51/><E114/><V119/><F105/><W26/><G13/><T123/><D2/><U108/><E79/><V42/><F71/><W40/><G40/><T127/><D75/><U11/><E125/><N who="0" m="47625" /><D78/><U5/><E11/><V57/><F132/><W83/><G83/><T33/><D33/><U48/><N who="1" m="11776" /><DORA hai="73" /><U10/><E10/><V63/><F117/><W7/><G7/><T22/><D41/><U0/><E0/><V135/><F42/><W38/><G38/><T118/><D55/><U54/><E54/><V98/><F119/><N who="0" m="45610" /><D123/><U134/><E134/><V43/><F135/><W37/><G37/><T113/><D22/><U72/><E72/><V112/><F43/><W3/><G3/><T14/><D17/><N who="2" m="6762" /><F82/><W19/><G19/><T86/><D86/><U39/><E39/><V9/><F112/><N who="0" m="43082" /><D14/><U61/><E61/><V102/><F9/><W124/><G124/><T100/><D100/><U12/><E12/><V89/><F102/><W104/><G52/><T95/><D95/><U66/><E66/><V91/><F91/><W1/><G1/><T65/><D65/><U50/><REACH who="1" step="1"/><E88/><REACH who="1" ten="560,121,129,180" step="2"/><V101/><F89/><W27/><G64/><T93/><D62/><AGARI ba="0,1" hai="21,25,30,49,53,57,62,63,92,98,101" m="6762" machi="62" ten="30,2000,0" yaku="8,1,54,1" doraHai="32,73" who="2" fromWho="0" sc="560,-20,121,0,129,30,180,0" /><INIT seed="4,0,0,2,0,97" ten="540,121,159,180" oya="0" hai0="118,27,49,37,19,66,10,90,47,80,41,123,93" hai1="88,134,65,43,4,89,92,1,106,108,70,83,39" hai2="34,20,38,51,14,30,9,5,101,111,127,95,100" hai3="94,6,131,116,44,126,87,79,85,115,23,22,57"/><T32/><D118/><U63/><E108/><V119/><F38/><W81/><G116/><T86/><D123/><U18/><E106/><V117/><F111/><W129/><G115/><T62/><D32/><U82/><E134/><V2/><F127/><W42/><G126/><T67/><D37/><U52/><E89/><V128/><F128/><N who="3" m="49227" /><G57/><T25/><D67/><U17/><E4/><V54/><F95/><W35/><G6/><T8/><D93/><U15/><E1/><V33/><F33/><W31/><G31/><T107/><D107/><U78/><E78/><V56/><F119/><W103/><G85/><T59/><REACH who="0" step="1"/><D19/><REACH who="0" ten="530,121,159,180" step="2"/><U40/><E39/><V11/><F117/><W114/><G35/><T46/><D46/><U36/><E18/><N who="2" m="10327" /><F11/><AGARI ba="0,1" hai="8,10,11,25,27,41,47,49,59,62,66,80,86,90" machi="11" ten="40,12000,1" yaku="1,1,8,1,53,2" doraHai="97" doraHaiUra="21" who="0" fromWho="2" sc="530,130,121,0,159,-120,180,0" /><INIT seed="4,1,0,4,3,109" ten="660,121,39,180" oya="0" hai0="11,18,117,9,103,94,30,119,108,59,98,112,17" hai1="104,76,120,45,31,66,8,21,78,41,69,10,128" hai2="114,126,124,5,93,34,7,13,75,24,82,122,50" hai3="0,96,88,35,74,46,38,55,70,3,33,106,29"/><T92/><D108/><U52/><E104/><V65/><F122/><W47/><G88/><T20/><D117/><U133/><E128/><V85/><F75/><W64/><G55/><T83/><D119/><U80/><E133/><V36/><F36/><W12/><G12/><T91/><D112/><U79/><E66/><V14/><F93/><W77/><G47/><T26/><D83/><U127/><E69/><V105/><F65/><W25/><G35/><T62/><D18/><U87/><E127/><V23/><F105/><W4/><G4/><T44/><D44/><U68/><E68/><V1/><F50/><W90/><G90/><T19/><D19/><U132/><E132/><V84/><F84/><W53/><G53/><T56/><D56/><U121/><E121/><V97/><F97/><W113/><G113/><T15/><D9/><N who="1" m="3691" /><E41/><V135/><F135/><W118/><G118/><T130/><D130/><U67/><E120/><V123/><F123/><W71/><G70/><T63/><REACH who="0" step="1"/><D59/><REACH who="0" ten="650,121,39,180" step="2"/><U40/><E40/><V102/><F1/><W86/><G3/><T99/><AGARI ba="1,1" hai="11,15,17,20,26,30,62,63,91,92,94,98,99,103" machi="99" ten="20,12000,1" yaku="1,1,2,1,0,1,7,1,8,1,53,0" doraHai="109" doraHaiUra="134" who="0" fromWho="0" sc="650,133,121,-41,39,-41,180,-41" owari="783,88.0,80,-32.0,-2,-50.0,139,-6.0" /></mjloggm>