<mjloggm ver="2.3"><GO type="169" lobby="0"/><UN n0="%E8%85%B9%E7%97%9B%E3%81%BD%E3%81%A3%E3%81%8F%E3%82%93" n1="%E2%80%A0%41%71%75%61%E2%80%A0" n2="%E3%82%A6%E3%83%AB%E3%83%88%E3%83%A9%E7%AB%8B%E7%9B%B4" n3="%E8%B5%A4%E9%98%AA%E9%83%81%E4%B9%83" dan="17,17,16,16" rate="2160.57,2148.63,2098.45,2126.75" sx="M,M,M,F"/><TAIKYOKU oya="0"/><INIT seed="0,0,0,5,3,83" ten="250,250,250,250" oya="0" hai0="111,70,36,31,122,103,53,14,108,71,54,43,133" hai1="49,101,106,15,118,107,92,131,116,81,3,89,20" hai2="57,100,30,23,84,77,40,34,62,50,17,32,55" hai3="132,102,104,11,129,123,59,105,47,109,93,121,79"/><T18/><D103/><U74/><E3/><V135/><F135/><W28/><G132/><T19/><D31/><U60/><E49/><V10/><F100/><W69/><G69/><N who="0" m="26123" /><D133/><U4/><E60/><V51/><F32/><W120/><G129/><T67/><D14/><U134/><E134/><V124/><F124/><W21/><G79/><T127/><D122/><U24/><E4/><V99/><F99/><N who="3" m="59759" /><G11/><T0/><D0/><U39/><E39/><V112/><F112/><W63/><G47/><N who="0" m="24039" /><D18/><U26/><E15/><N who="2" m="7415" /><F34/><W97/><G97/><T16/><D67/><U64/><E64/><V91/><F77/><W58/><G28/><T48/><D19/><U38/><E107/><V94/><F40/><W98/><G98/><T35/><D16/><U86/><E106/><V6/><F6/><W110/><G21/><T65/><D35/><U95/><E20/><V126/><F126/><W5/><G5/><T56/><D127/><U2/><E2/><V66/><F66/><N who="3" m="39287" /><G59/><N who="0" m="33191" /><D65/><U13/><E74/><V61/><F61/><AGARI ba="0,0" hai="54,56,61,108,111" m="33191,24039,26123" machi="61" ten="30,2900,0" yaku="34,2" doraHai="83" who="0" fromWho="2" sc="250,29,250,0,250,-29,250,0" /><INIT seed="0,1,0,0,0,55" ten="279,250,221,250" oya="0" hai0="108,86,85,133,91,7,111,116,109,93,84,17,60" hai1="57,23,48,110,43,25,82,97,74,94,27,88,40" hai2="59,65,11,92,135,115,120,102,96,107,1,2,119" hai3="58,67,112,12,134,36,46,22,15,78,45,132,77"/><T54/><D7/><U21/><E110/><V105/><F120/><W124/><G112/><T24/><D116/><U10/><E74/><V4/><F115/><W18/><G124/><T114/><D114/><U42/><E82/><V47/><F135/><N who="3" m="51755" /><G12/><T68/><D133/><U126/><E126/><V64/><F119/><W130/><G130/><T3/><D3/><U66/><E10/><V61/><F65/><W44/><G36/><T53/><D68/><U30/><E48/><V101/><F2/><W5/><G5/><T6/><D6/><U49/><E49/><V98/><REACH who="2" step="1"/><F47/><REACH who="2" ten="279,250,211,250" step="2"/><W117/><G117/><T131/><D131/><U19/><REACH who="1" step="1"/><E43/><REACH who="1" ten="279,240,211,250" step="2"/><V33/><F33/><W129/><G129/><T35/><D35/><U29/><E29/><V99/><F99/><W52/><G67/><T16/><D111/><U20/><E20/><V121/><F121/><W13/><G13/><T70/><D109/><U28/><E28/><V100/><F100/><W104/><G104/><AGARI ba="1,2" hai="1,4,11,59,61,64,92,96,98,101,102,104,105,107" machi="104" ten="30,3900,0" yaku="1,1,7,1,52,1,53,0" doraHai="55" doraHaiUra="69" who="2" fromWho="3" sc="279,0,240,0,211,62,250,-42" /><INIT seed="1,0,0,2,3,49" ten="279,240,273,208" oya="1" hai0="95,98,115,19,134,128,41,53,76,7,23,118,71" hai1="110,77,10,74,62,116,92,80,17,85,126,120,2" hai2="6,109,105,117,65,96,59,25,83,58,11,46,79" hai3="3,64,30,93,21,130,43,104,20,122,32,101,15"/><U91/><E120/><V87/><F117/><W114/><G122/><T82/><D118/><U103/><E116/><V81/><F109/><W86/><G3/><T39/><D115/><U133/><E110/><V84/><F65/><W111/><G114/><T88/><D71/><U127/><E133/><V132/><F132/><W28/><G111/><T57/><D134/><U48/><E62/><V56/><F46/><W52/><G104/><T106/><D128/><U102/><E48/><V75/><F25/><W121/><G32/><T73/><D7/><N who="1" m="1399" /><E17/><V13/><REACH who="2" step="1"/><F83/><REACH who="2" ten="279,240,263,208" step="2"/><W4/><G121/><T5/><D82/><U40/><E40/><V36/><F36/><W72/><G43/><T34/><D39/><U9/><E127/><V68/><F68/><W45/><G45/><T12/><D41/><U108/><E126/><V97/><F97/><W119/><G119/><T18/><D98/><U42/><E42/><V29/><F29/><W61/><G64/><T99/><D99/><U1/><E108/><V129/><F129/><W94/><G130/><T125/><D125/><U100/><E80/><V37/><F37/><W51/><G28/><T0/><D57/><U131/><E131/><V69/><F69/><W44/><G30/><T113/><D113/><U112/><E112/><V26/><F26/><W38/><G38/><T22/><D34/><U90/><E103/><AGARI ba="0,1" hai="6,11,13,56,58,59,75,79,81,84,87,96,103,105" machi="103" ten="40,1300,0" yaku="1,1,53,0" doraHai="49" doraHaiUra="67" who="2" fromWho="1" sc="279,0,240,-13,263,23,208,0" /><INIT seed="2,0,0,0,5,44" ten="279,227,286,208" oya="2" hai0="18,29,31,19,20,105,76,34,11,36,41,97,133" hai1="84,21,107,81,85,61,94,28,125,95,13,71,22" hai2="119,63,78,130,93,74,35,112,113,49,14,48,90" hai3="47,38,12,73,60,134,79,72,126,25,103,100,109"/><V39/><F35/><W102/><G109/><T108/><D76/><U69/><E107/><V4/><F119/><W1/><G1/><T54/><D36/><U120/><E125/><V68/><F39/><W0/><G0/><T58/><D41/><U117/><E117/><V114/><F130/><W24/><G126/><T50/><D34/><U110/><E110/><V6/><F78/><W131/><G131/><T104/><D108/><U46/><E120/><V8/><F74/><W121/><G121/><T77/><D133/><U32/><E32/><V56/><F68/><W30/><G134/><T86/><D11/><U53/><E69/><V75/><F4/><W15/><G79/><T127/><D127/><U116/><E116/><V106/><F106/><W37/><G60/><T98/><D105/><U7/><E71/><V101/><F101/><W65/><G103/><T89/><D77/><U87/><E81/><V59/><F75/><W135/><G135/><T43/><D43/><U99/><E28/><N who="0" m="10825" /><D104/><U64/><E22/><V132/><F132/><W9/><G30/><T96/><D20/><U45/><E21/><V57/><REACH who="2" step="1"/><F63/><REACH who="2" ten="279,227,276,208" step="2"/><W92/><G100/><T82/><AGARI ba="0,1" hai="18,19,50,54,58,82,86,89,96,97,98" m="10825" machi="82" ten="30,2000,0" yaku="8,1,52,1" doraHai="44" who="0" fromWho="0" sc="279,30,227,-5,276,-10,208,-5" /><INIT seed="3,0,0,4,0,81" ten="309,222,266,203" oya="3" hai0="33,132,124,72,82,44,118,107,134,19,100,73,14" hai1="42,117,77,85,112,7,55,113,34,36,130,99,24" hai2="67,25,60,51,28,21,94,128,8,54,88,90,13" hai3="123,30,93,66,61,83,80,11,32,39,70,50,105"/><W17/><G105/><T115/><D33/><U74/><E74/><V37/><F37/><W69/><G39/><T91/><D44/><U38/><E7/><V116/><F128/><W127/><G123/><T120/><D14/><U43/><E130/><V79/><F79/><W111/><G111/><T46/><D19/><U63/><E99/><V31/><F31/><W18/><G127/><T101/><D46/><U58/><E34/><V35/><F35/><W110/><G110/><T27/><D27/><U129/><E24/><V29/><F29/><W102/><G30/><T0/><D0/><U126/><E129/><V6/><F116/><W10/><G50/><T5/><D5/><U104/><E104/><V114/><F114/><W108/><G32/><T57/><D57/><U56/><E126/><V45/><REACH who="2" step="1"/><F94/><REACH who="2" ten="309,222,256,203" step="2"/><W15/><G108/><T22/><D118/><U96/><E117/><V52/><F52/><W1/><G93/><T71/><D115/><U62/><E55/><V135/><F135/><W92/><G92/><T53/><D53/><U59/><E77/><V16/><F16/><W97/><G66/><T78/><D78/><U64/><E64/><V40/><F40/><W3/><G18/><T20/><D134/><U95/><E113/><V119/><F119/><W12/><G17/><T23/><D132/><U68/><E112/><V84/><F84/><W86/><G86/><N who="0" m="50647" /><D107/><U47/><E36/><V122/><F122/><W131/><G131/><T48/><D120/><U109/><E38/><V26/><F26/><W4/><G97/><T49/><D124/><U121/><E109/><RYUUKYOKU ba="0,1" sc="309,-10,222,-10,256,30,203,-10" hai2="6,8,13,21,25,28,45,51,54,60,67,88,90" /><INIT seed="4,1,1,5,0,3" ten="299,212,286,193" oya="0" hai0="32,123,66,53,130,47,74,70,115,43,126,61,133" hai1="19,55,8,119,90,120,93,36,134,41,132,63,30" hai2="1,96,27,87,85,101,73,45,65,11,114,107,35" hai3="31,110,127,79,59,91,76,2,21,25,78,81,52"/><T4/><D74/><U106/><E106/><V68/><F114/><W67/><G110/><T95/><D32/><U28/><E119/><V60/><F73/><W84/><G2/><T5/><D123/><U83/><E120/><V56/><F56/><W97/><G127/><T100/><D115/><U16/><E83/><V26/><F26/><W71/><G71/><T22/><D126/><U131/><E131/><V54/><F54/><W112/><G112/><T7/><D130/><U23/><E36/><V75/><F75/><W58/><G67/><T0/><D133/><N who="1" m="51307" /><E41/><V89/><F45/><W118/><G118/><T103/><D0/><U88/><E8/><V40/><F40/><W62/><REACH who="3" step="1"/><G59/><REACH who="3" ten="299,212,286,183" step="2"/><T102/><D70/><U37/><E37/><V14/><F1/><W92/><AGARI ba="1,2" hai="21,25,31,52,58,62,76,78,79,81,84,91,92,97" machi="92" ten="30,8000,1" yaku="1,1,2,1,0,1,8,1,54,1,53,0" doraHai="3" doraHaiUra="9" who="3" fromWho="3" sc="299,-41,212,-21,286,-21,183,103" /><INIT seed="5,0,0,4,4,113" ten="258,191,265,286" oya="1" hai0="135,114,130,23,105,41,85,46,48,25,78,64,89" hai1="38,56,79,59,21,80,14,2,39,19,18,43,90" hai2="51,134,22,107,82,5,70,132,33,54,37,86,7" hai3="11,4,98,109,129,104,60,125,76,40,100,88,57"/><U9/><E90/><V97/><F37/><W65/><G109/><T12/><D105/><U47/><E39/><V103/><F33/><W126/><G129/><T30/><D114/><U112/><E112/><V121/><F22/><W133/><G133/><N who="2" m="51305" /><F70/><W29/><G76/><T92/><D135/><U106/><E106/><V52/><F121/><W73/><G73/><T58/><D130/><U94/><E94/><V68/><F68/><W34/><G40/><T61/><D12/><U118/><E118/><V10/><F51/><W67/><G67/><T55/><REACH who="0" step="1"/><D78/><REACH who="0" ten="248,191,265,286" step="2"/><U111/><E111/><V28/><F5/><W17/><G4/><T62/><D62/><U6/><REACH who="1" step="1"/><E19/><REACH who="1" ten="248,181,265,286" step="2"/><V83/><F107/><N who="3" m="63895" /><G17/><T122/><D122/><U72/><AGARI ba="0,2" hai="2,6,9,14,18,21,38,43,47,56,59,72,79,80" machi="72" ten="20,12000,1" yaku="1,1,0,1,7,1,25,2,53,0" doraHai="113" doraHaiUra="127" who="1" fromWho="1" sc="248,-40,181,140,265,-40,286,-40" /><INIT seed="5,1,0,1,4,29" ten="208,321,225,246" oya="1" hai0="12,22,1,58,105,116,31,19,122,109,113,46,90" hai1="101,53,111,8,48,10,61,3,81,107,69,49,126" hai2="14,127,9,75,4,68,59,60,124,135,35,54,121" hai3="97,123,98,104,96,79,34,47,128,23,87,74,27"/><U13/><E126/><N who="2" m="48171" /><F121/><W76/><G123/><T102/><D122/><U89/><E107/><V63/><F75/><W41/><G128/><T67/><D109/><U57/><E101/><V64/><F135/><W95/><G34/><AGARI ba="1,0" hai="4,9,14,34,35,54,59,60,63,64,68" m="48171" machi="34" ten="30,3900,0" yaku="18,1,52,2" doraHai="29" who="2" fromWho="3" sc="208,0,321,0,225,42,246,-42" /><INIT seed="6,0,0,1,1,120" ten="208,321,267,204" oya="2" hai0="78,64,70,28,126,101,85,1,87,73,116,20,72" hai1="39,26,93,69,100,71,35,130,50,118,98,125,135" hai2="27,5,80,18,54,19,13,32,15,104,34,127,134" hai3="102,3,133,94,2,79,48,88,16,49,44,21,14"/><V97/><F104/><W86/><G133/><T46/><D1/><U91/><E39/><V40/><F40/><W53/><G102/><T112/><D70/><U105/><E118/><V59/><F134/><W51/><G51/><T129/><D64/><U92/><E135/><V8/><F127/><W65/><G65/><T9/><D9/><U4/><E125/><V52/><F97/><W30/><G30/><T81/><D126/><U75/><E130/><V107/><F107/><W111/><G111/><T119/><D129/><U25/><E4/><V90/><F54/><W68/><G68/><T58/><D58/><U36/><E36/><V47/><F47/><W57/><G79/><T42/><D101/><U122/><E122/><V106/><F106/><W62/><G62/><T103/><D103/><U132/><E132/><V123/><F123/><W128/><G128/><T41/><D112/><U84/><E93/><V24/><F34/><W82/><G82/><T83/><D28/><U12/><E12/><V55/><F32/><W7/><G7/><T89/><D20/><U131/><E131/><V10/><F5/><W38/><G38/><N who="0" m="21847" /><D41/><AGARI ba="0,0" hai="2,3,14,16,21,41,44,48,49,53,57,86,88,94" machi="41" ten="30,8000,1" yaku="7,1,25,2,54,2" doraHai="120" who="3" fromWho="0" sc="208,-80,321,0,267,0,204,80" /><INIT seed="7,0,0,5,4,125" ten="128,321,267,284" oya="3" hai0="13,5,19,3,113,129,0,20,115,64,57,2,43" hai1="98,134,101,15,33,42,110,118,103,7,102,51,4" hai2="44,117,85,58,99,86,75,95,60,124,40,120,21" hai3="130,22,123,61,66,97,35,119,55,131,109,73,93"/><W83/><G119/><T84/><D43/><U79/><E118/><V28/><F75/><W39/><G35/><T71/><D71/><U30/><E110/><V53/><F124/><W127/><G127/><T116/><D84/><U62/><E134/><V38/><F117/><W47/><G123/><T132/><D116/><U69/><E33/><V68/><F120/><W27/><G109/><T82/><D82/><U108/><E108/><V78/><F78/><N who="3" m="44495" /><G55/><T105/><D105/><U26/><E79/><V34/><F34/><W104/><G104/><T6/><D57/><U122/><E122/><V36/><F36/><W14/><G14/><T74/><D64/><U59/><E98/><V50/><F28/><N who="3" m="17527" /><G47/><T25/><D74/><U24/><E69/><V8/><F21/><W65/><G39/><T112/><D132/><U10/><E4/><N who="0" m="1641" /><D13/><U88/><E88/><N who="2" m="55783" /><F8/><W18/><G18/><T54/><D54/><N who="1" m="34167" /><E30/><V12/><F12/><W31/><G31/><T45/><D45/><AGARI ba="0,0" hai="7,10,15,24,26,42,45,51,101,102,103" m="34167" machi="45" ten="30,1000,0" yaku="8,1" doraHai="125" who="1" fromWho="0" sc="128,-10,321,10,267,0,284,0" owari="118,-38.0,331,43.0,267,-13.0,284,8.0" /></mjloggm>