<mjloggm ver="2.3"><GO type="225" lobby="0"/><UN n0="%E3%82%89%E3%81%84%E3%81%B5%E3%81%8C%E3%83%BC%E3%81%A9%E3%81%99%E3%81%8D" n1="%E3%83%88%E3%83%88%E3%83%AA%E5%85%88%E7%94%9F%31%39%E6%AD%B3" n2="%E3%81%8A%E3%81%98%E3%81%95%E3%82%93" n3="%E6%B3%95%E6%94%BF%E5%A4%A7%E5%AD%A6%EF%BC%93%E5%B9%B4" dan="18,17,16,16" rate="2181.31,2178.09,2164.38,2108.54" sx="F,F,M,M"/><TAIKYOKU oya="0"/><INIT seed="0,0,0,0,1,39" ten="250,250,250,250" oya="0" hai0="17,119,51,93,8,3,45,69,77,12,40,92,72" hai1="58,42,27,30,6,43,46,99,10,1,117,115,113" hai2="66,100,36,106,34,96,85,47,55,88,19,78,116" hai3="70,110,16,25,41,32,33,120,11,9,82,104,122"/><T79/><D119/><U20/><E117/><V121/><F116/><W63/><G104/><T74/><D69/><U118/><E118/><V14/><F34/><N who="3" m="13419" /><G82/><T134/><D134/><U90/><E46/><V111/><F121/><N who="3" m="46699" /><G110/><T50/><D3/><U23/><E58/><V35/><F35/><W75/><G75/><T5/><D74/><U128/><E128/><V86/><F111/><W56/><G70/><T97/><D72/><U76/><E76/><N who="0" m="29257" /><D5/><U84/><E99/><V94/><F66/><N who="3" m="39271" /><G41/><N who="0" m="24879" /><D97/><U83/><E23/><AGARI ba="0,0" hai="9,11,16,23,25" m="39271,46699,13419" machi="23" ten="30,2000,0" yaku="13,1,54,1" doraHai="39" who="3" fromWho="1" sc="250,0,250,-20,250,0,250,20" /><INIT seed="1,0,0,4,2,32" ten="250,230,250,270" oya="1" hai0="58,65,0,118,71,20,11,98,8,12,92,115,34" hai1="80,133,60,120,43,67,15,27,128,96,89,81,48" hai2="113,14,116,4,64,135,69,26,124,6,44,22,101" hai3="110,103,111,29,83,79,78,54,119,70,131,1,85"/><U132/><E120/><V108/><F116/><W5/><G70/><T49/><D34/><U68/><E128/><V122/><F122/><W117/><G131/><T24/><D71/><U38/><E38/><V72/><F72/><W76/><G29/><T105/><D105/><U39/><E39/><V95/><F108/><N who="3" m="41515" /><G54/><T3/><D11/><U134/><E27/><V10/><F124/><W57/><G57/><T47/><D115/><U66/><E66/><V40/><F135/><W130/><G130/><T112/><D112/><U18/><E89/><V75/><F75/><W100/><G1/><T45/><D45/><N who="1" m="25663" /><E96/><V87/><F64/><W102/><G5/><T9/><D9/><AGARI ba="0,0" hai="9,15,18,60,67,68,80,81,132,133,134" m="25663" machi="9" ten="30,1500,0" yaku="20,1" doraHai="32" who="1" fromWho="0" sc="250,-15,230,15,250,0,270,0" /><INIT seed="1,1,0,1,2,133" ten="235,245,250,270" oya="1" hai0="129,23,130,40,32,21,115,92,80,18,97,41,131" hai1="0,77,58,43,54,25,121,128,38,94,9,75,16" hai2="52,99,105,65,90,106,11,45,20,102,74,1,114" hai3="51,28,135,122,101,56,31,59,113,60,67,125,103"/><U53/><E121/><V84/><F74/><W109/><G122/><T61/><D32/><U93/><E128/><V117/><F117/><W68/><G113/><T107/><D115/><U76/><E0/><V13/><F114/><W17/><G135/><T62/><D107/><U81/><E76/><V8/><F65/><W108/><G17/><T7/><D80/><U30/><E43/><N who="0" m="16457" /><D7/><U4/><E38/><V2/><F20/><N who="0" m="7754" /><D18/><U79/><E79/><V22/><F22/><W73/><G73/><T98/><D92/><U6/><E6/><V27/><F27/><W15/><G15/><T124/><D124/><U5/><E5/><V48/><F106/><W14/><G14/><T78/><D78/><U26/><E4/><V127/><F127/><W120/><G125/><T37/><D37/><U85/><E53/><V87/><F13/><W126/><G126/><T55/><D55/><U64/><E64/><V82/><REACH who="2" step="1"/><F87/><REACH who="2" ten="235,245,240,270" step="2"/><W91/><G120/><T69/><D69/><U116/><E116/><V86/><F86/><W44/><G68/><T100/><D131/><U36/><E75/><V123/><F123/><W49/><G67/><T19/><D130/><U104/><E104/><V24/><F24/><N who="1" m="9321" /><E30/><V72/><F72/><W83/><G28/><T110/><D129/><U134/><E134/><V96/><F96/><W88/><G31/><T66/><D66/><U39/><E9/><AGARI ba="1,1" hai="1,2,8,9,11,45,48,52,82,84,90,99,102,105" machi="9" ten="40,5200,0" yaku="1,1,54,1,53,1" doraHai="133" doraHaiUra="50" who="2" fromWho="1" sc="235,0,245,-55,240,65,270,0" /><INIT seed="2,0,0,4,0,72" ten="235,190,305,270" oya="2" hai0="56,61,3,134,70,25,37,97,74,45,106,90,102" hai1="23,94,108,113,44,39,107,126,83,42,65,135,41" hai2="129,2,101,43,58,91,4,88,73,119,85,34,86" hai3="81,27,18,96,12,16,28,17,9,111,24,79,57"/><V31/><F73/><W128/><G128/><T120/><D70/><U11/><E113/><V64/><F129/><W105/><G111/><T122/><D3/><U92/><E107/><V5/><F2/><W54/><G96/><T33/><D74/><U13/><E108/><V130/><F101/><W8/><G105/><T118/><D134/><U55/><E135/><V77/><F77/><W115/><G115/><T48/><D37/><U104/><E104/><V51/><F31/><W63/><G9/><T95/><D25/><N who="3" m="9801" /><G28/><T22/><D22/><U1/><E1/><V38/><F34/><W133/><G133/><T30/><D30/><U50/><E126/><V59/><F38/><W114/><G114/><T47/><D33/><U32/><E32/><V76/><F76/><W82/><G82/><T19/><D19/><U66/><E23/><V132/><F132/><W62/><G63/><T15/><D15/><U127/><E127/><V10/><F10/><W125/><G125/><T36/><D36/><U121/><E121/><V100/><F119/><W68/><G68/><T89/><D118/><U26/><E26/><V52/><F100/><W21/><G8/><T71/><D71/><U98/><E83/><N who="2" m="49215" /><F64/><N who="1" m="24681" /><E39/><V110/><F110/><W6/><G6/><N who="2" m="2665" /><F130/><W14/><G21/><T80/><D106/><U7/><E94/><N who="2" m="54647" /><F43/><W29/><G29/><T124/><D124/><U0/><E0/><V84/><F84/><AGARI ba="0,0" hai="12,14,16,17,18,54,57,62,79,81,84" m="9801" machi="84" ten="30,3900,0" yaku="8,1,52,1,54,1" doraHai="72" who="3" fromWho="2" sc="235,0,190,0,305,-39,270,39" /><INIT seed="3,0,0,4,2,114" ten="235,190,266,309" oya="3" hai0="1,9,65,50,51,82,109,133,42,43,120,79,35" hai1="23,3,91,101,6,60,86,16,64,135,117,63,15" hai2="61,30,36,45,131,98,132,127,39,10,106,104,0" hai3="111,99,97,28,26,58,87,100,2,118,47,7,88"/><W80/><G118/><T71/><D35/><U67/><E135/><V81/><F81/><W17/><G111/><T73/><D133/><U123/><E123/><V119/><F39/><W31/><G2/><T93/><D109/><U134/><E134/><V41/><F132/><W66/><G7/><T69/><D120/><U8/><E117/><V70/><F30/><N who="3" m="11307" /><G47/><T48/><D93/><U4/><E101/><N who="2" m="62519" /><F106/><W12/><G26/><T38/><D65/><U5/><E64/><N who="2" m="41231" /><F127/><W112/><G112/><T76/><D76/><U46/><E46/><V13/><F13/><W44/><G44/><N who="0" m="23639" /><D43/><U20/><E3/><V33/><F131/><W124/><G100/><T68/><D68/><U122/><E122/><V92/><F92/><W25/><G25/><T125/><D125/><U74/><E74/><V24/><F24/><W108/><G108/><T103/><D103/><U62/><E67/><V53/><F53/><W116/><G116/><T94/><D94/><AGARI ba="0,0" hai="4,5,6,8,15,16,20,23,60,62,63,86,91,94" machi="94" ten="40,2600,0" yaku="8,1,54,1" doraHai="114" who="1" fromWho="0" sc="235,-26,190,26,266,0,309,0" owari="209,-29.0,216,-18.0,266,7.0,309,40.0" /></mjloggm>