<mjloggm ver="2.3"><GO type="169" lobby="0"/><UN n0="%3D%E5%9C%92%E5%9F%8E%E5%AF%BA%E6%80%9C%3D" n1="%E9%9D%92%E5%B1%B1%E5%B0%91%E5%B9%B4%44%58" n2="%E3%82%A6%E3%83%AB%E3%83%88%E3%83%A9%E7%AB%8B%E7%9B%B4" n3="%E3%83%8F%E3%82%A4%E3%83%86%E3%83%B3%E3%83%9C%E3%83%BC" dan="19,16,17,16" rate="2247.21,2167.66,2204.12,2131.59" sx="F,M,M,M"/><TAIKYOKU oya="0"/><INIT seed="0,0,0,0,0,75" ten="250,250,250,250" oya="0" hai0="54,53,32,91,117,98,55,70,11,45,65,110,7" hai1="122,48,15,16,36,3,21,62,1,76,134,30,2" hai2="12,22,100,24,74,68,73,107,86,28,9,31,8" hai3="99,27,44,61,29,41,101,37,4,40,6,71,42"/><T113/><D32/><U20/><E122/><V82/><F68/><W57/><G6/><T67/><D113/><U119/><E36/><V128/><F128/><W39/><G4/><T52/><D70/><U79/><E119/><V135/><F135/><W109/><G109/><T97/><D117/><U92/><E134/><V105/><F100/><W104/><G39/><T49/><D110/><U88/><E62/><V23/><F86/><W10/><G10/><T130/><D130/><U47/><E21/><V93/><F93/><W43/><G43/><T96/><REACH who="0" step="1"/><D91/><REACH who="0" ten="240,250,250,250" step="2"/><U83/><E30/><V35/><F35/><W95/><G71/><T90/><D90/><U127/><E127/><V131/><F131/><W66/><REACH who="3" step="1"/><G104/><REACH who="3" ten="240,250,250,240" step="2"/><T69/><D69/><U106/><E106/><V103/><F107/><W81/><G81/><T124/><D124/><U121/><E83/><V50/><F105/><W89/><G89/><T87/><D87/><U56/><E121/><V84/><F84/><W126/><G126/><T58/><D58/><U14/><E56/><V129/><F82/><W63/><G63/><T72/><D72/><U13/><E88/><V19/><F74/><W125/><G125/><T38/><D38/><U123/><E123/><V114/><F73/><W59/><G59/><T77/><D77/><U25/><REACH who="1" step="1"/><E92/><REACH who="1" ten="240,240,250,240" step="2"/><V111/><F129/><W102/><G102/><T80/><D80/><U120/><E120/><V46/><F103/><W51/><G51/><T0/><AGARI ba="0,3" hai="0,7,11,45,49,52,53,54,55,65,67,96,97,98" machi="0" ten="30,6000,0" yaku="1,1,0,1,54,1,53,0" doraHai="75" doraHaiUra="116" who="0" fromWho="0" sc="240,90,240,-20,250,-20,240,-20" /><INIT seed="0,1,0,5,1,67" ten="330,220,230,220" oya="0" hai0="63,22,19,10,126,29,124,100,123,25,34,37,73" hai1="135,111,70,56,109,6,4,0,31,116,79,117,98" hai2="112,87,132,28,91,120,75,88,82,68,128,1,32" hai3="55,86,27,65,43,13,5,21,44,41,12,17,108"/><T49/><D37/><U94/><E79/><V105/><RYUUKYOKU type="yao9" ba="1,0" sc="330,0,220,0,230,0,220,0" hai2="1,28,32,68,75,82,87,88,91,105,112,120,128,132" /><INIT seed="0,2,0,3,0,131" ten="330,220,230,220" oya="0" hai0="100,40,111,89,36,56,98,70,1,134,125,74,72" hai1="32,59,67,34,18,44,57,88,65,92,132,106,46" hai2="81,101,14,43,42,39,7,118,38,109,94,4,30" hai3="129,29,85,31,64,11,25,79,33,13,75,84,96"/><T55/><D1/><U108/><E108/><V10/><F109/><W58/><G129/><T24/><D70/><U71/><E92/><V68/><F68/><W9/><G75/><T87/><D40/><U50/><E71/><V0/><F118/><W93/><G31/><T76/><D36/><U63/><E50/><V128/><F128/><W52/><G64/><T127/><D24/><U16/><E63/><V22/><F39/><W80/><G85/><T121/><D76/><U19/><E19/><V49/><F38/><W6/><G6/><T61/><D121/><U41/><E41/><V21/><F81/><W27/><G27/><T48/><D48/><U120/><E88/><V2/><F49/><W17/><G9/><T126/><D111/><U78/><E78/><V51/><F51/><W91/><G58/><T119/><D119/><U15/><E15/><V37/><F14/><W66/><G66/><T54/><D54/><U20/><E20/><V115/><F22/><W123/><REACH who="3" step="1"/><G52/><REACH who="3" ten="330,220,230,210" step="2"/><T53/><D53/><U95/><E67/><V73/><F10/><W35/><G35/><T60/><D60/><U124/><E65/><V45/><F4/><W114/><G114/><T122/><D72/><U104/><E57/><V12/><F7/><W97/><G97/><T86/><D74/><U5/><E59/><V135/><F73/><W90/><G90/><T113/><D89/><U110/><E5/><V77/><F30/><W117/><G117/><T8/><D8/><U99/><E110/><V62/><F115/><W116/><G116/><T130/><D113/><U28/><E28/><RYUUKYOKU ba="2,1" sc="330,-10,220,-10,230,-10,210,30" hai3="11,13,17,25,29,33,79,80,84,91,93,96,123" /><INIT seed="1,3,1,1,0,123" ten="320,210,220,240" oya="1" hai0="31,127,28,30,103,39,122,72,27,129,65,78,62" hai1="115,69,57,97,104,55,64,92,24,87,133,0,42" hai2="108,76,43,20,23,68,4,50,96,113,67,12,85" hai3="3,58,17,71,124,116,59,117,74,19,6,75,15"/><U46/><E115/><V61/><F113/><W132/><G71/><T98/><D39/><U135/><E0/><V16/><F96/><W126/><G15/><T106/><D127/><N who="3" m="48681" /><G6/><T102/><D102/><U121/><E121/><V81/><F108/><W66/><G66/><T77/><D129/><U84/><E104/><V11/><REACH who="2" step="1"/><F16/><REACH who="2" ten="320,210,210,240" step="2"/><N who="3" m="6219" /><G132/><T70/><D122/><U99/><E99/><V41/><F41/><W33/><G33/><T130/><D130/><U95/><E97/><V1/><F1/><W120/><G3/><T112/><D112/><U49/><E135/><V52/><F52/><W14/><G14/><T56/><D27/><U22/><E133/><V105/><F105/><W38/><G120/><T125/><D125/><U48/><E24/><V34/><F34/><W82/><G38/><T118/><D98/><U44/><E22/><V107/><F107/><W21/><G21/><T36/><D36/><U51/><E55/><V88/><F88/><W45/><G45/><AGARI ba="3,2" hai="4,11,12,20,23,43,45,50,61,67,68,76,81,85" machi="45" ten="40,8000,1" yaku="1,1,25,2,53,1" doraHai="123" doraHaiUra="47" who="2" fromWho="3" sc="320,0,210,0,210,109,240,-89" /><INIT seed="2,0,0,4,1,17" ten="320,210,319,151" oya="2" hai0="16,60,43,63,94,50,24,78,23,47,98,131,7" hai1="109,15,76,124,26,93,8,116,44,90,80,21,79" hai2="18,14,132,62,108,75,130,86,127,37,95,46,41" hai3="4,73,53,74,3,1,118,9,65,32,64,33,133"/><V119/><F119/><W107/><G118/><T112/><D112/><U92/><E109/><V39/><F75/><W27/><G107/><T10/><D78/><U31/><E116/><V66/><F108/><W122/><G122/><T25/><D25/><U106/><E106/><V54/><F130/><W85/><G133/><T19/><D19/><U5/><E124/><V117/><F117/><W38/><G38/><T120/><D131/><U12/><E80/><V61/><F132/><W123/><G1/><T71/><D71/><U48/><E15/><V126/><F86/><W82/><G123/><T11/><D120/><U42/><REACH who="1" step="1"/><E93/><REACH who="1" ten="320,200,319,151" step="2"/><V100/><F126/><W22/><G74/><T113/><D113/><U101/><E101/><V128/><F127/><W59/><G73/><T110/><D110/><U0/><E0/><V13/><F13/><W114/><G114/><T51/><D94/><U72/><E72/><V103/><F95/><W34/><G82/><T111/><D111/><U45/><E45/><V129/><F129/><W29/><REACH who="3" step="1"/><G85/><AGARI ba="0,1" hai="5,8,12,21,26,31,42,44,48,76,79,85,90,92" machi="85" ten="30,8000,1" yaku="1,1,7,1,8,1,52,1,53,1" doraHai="17" doraHaiUra="36" who="1" fromWho="3" sc="320,0,200,90,319,0,151,-80" /><INIT seed="3,0,0,2,3,23" ten="320,290,319,71" oya="3" hai0="128,107,59,105,3,58,100,35,95,84,109,15,33" hai1="99,46,11,131,106,96,29,36,41,112,103,88,126" hai2="37,77,83,123,38,12,76,30,61,57,86,25,68" hai3="32,132,8,124,108,9,87,34,129,117,125,27,122"/><W45/><G122/><T91/><D3/><U79/><E112/><V50/><F123/><W92/><G117/><T62/><D59/><U78/><E131/><V2/><F2/><W74/><G74/><T127/><D109/><U42/><E126/><N who="3" m="48746" /><G129/><T44/><D128/><U40/><E29/><V130/><F130/><W14/><G132/><T93/><D105/><U51/><E11/><N who="3" m="4170" /><G108/><T19/><D107/><U111/><E111/><V119/><F119/><W75/><G75/><T73/><D44/><U47/><REACH who="1" step="1"/><E41/><REACH who="1" ten="320,280,319,71" step="2"/><V67/><F30/><N who="3" m="19551" /><G34/><T16/><D127/><U97/><E97/><V20/><F38/><W101/><G45/><T65/><D33/><U89/><E89/><V94/><F37/><W1/><G1/><T135/><D35/><U52/><E52/><V134/><F134/><W69/><G69/><T56/><D135/><U104/><E104/><V49/><F68/><W110/><G110/><T10/><D91/><U39/><E39/><V64/><F77/><W6/><G101/><T53/><D100/><U70/><E70/><V133/><F133/><W60/><G60/><T120/><D120/><U48/><E48/><V54/><F50/><W0/><G0/><T82/><D62/><U43/><E43/><V4/><F49/><W115/><G115/><T7/><D53/><U98/><E98/><V80/><F54/><W72/><G72/><T102/><D73/><U116/><E116/><V31/><F67/><W121/><G121/><T85/><D102/><U22/><E22/><V18/><F64/><W21/><G21/><N who="0" m="11423" /><D65/><U17/><E17/><V113/><F18/><RYUUKYOKU ba="0,1" sc="320,-10,280,30,319,-10,71,-10" hai1="36,40,42,46,47,51,78,79,88,96,99,103,106" /><INIT seed="4,1,1,1,1,33" ten="310,310,309,61" oya="0" hai0="130,2,6,103,1,55,67,115,86,58,75,66,21" hai1="77,54,59,62,93,108,118,12,106,104,19,61,107" hai2="14,88,65,98,101,111,18,46,11,57,15,4,121" hai3="134,73,35,120,64,42,110,128,27,0,129,133,69"/><T8/><D75/><U116/><E108/><V28/><F111/><W71/><G42/><T51/><D115/><U74/><E74/><V114/><F114/><W49/><G49/><T70/><D70/><U135/><E77/><V43/><F121/><W132/><G110/><T13/><D103/><U40/><E135/><V17/><F28/><N who="3" m="19871" /><G73/><T84/><D130/><N who="3" m="50281" /><G120/><T87/><REACH who="0" step="1"/><D21/><REACH who="0" ten="300,310,309,61" step="2"/><U9/><E118/><V78/><F101/><W30/><G30/><T24/><D24/><U39/><E116/><V92/><F78/><W45/><G45/><T50/><D50/><U119/><E119/><V79/><F79/><W85/><G85/><T26/><D26/><U31/><E31/><V52/><F15/><W99/><G99/><T96/><D96/><U89/><E39/><V131/><F131/><W25/><G25/><T10/><D10/><U16/><E62/><N who="2" m="36135" /><F65/><AGARI ba="1,2" hai="1,2,6,8,13,51,55,58,65,66,67,84,86,87" machi="65" ten="40,7700,0" yaku="1,1,52,2,53,0" doraHai="33" doraHaiUra="22" who="0" fromWho="2" sc="300,100,310,0,309,-80,61,0" /><INIT seed="4,2,0,0,3,79" ten="400,310,229,61" oya="0" hai0="132,32,17,116,124,88,20,107,72,40,81,113,125" hai1="119,131,25,134,120,122,105,63,114,129,34,87,52" hai2="16,9,126,35,46,65,29,41,130,104,26,133,56" hai3="38,62,48,7,96,74,4,64,11,103,66,78,50"/><T22/><D107/><U98/><E119/><V57/><F104/><W115/><G115/><T2/><D32/><U117/><E117/><V49/><F130/><N who="1" m="49673" /><E134/><V69/><F133/><W6/><G38/><T76/><D2/><U53/><E114/><V73/><F126/><W80/><G11/><T51/><D113/><U92/><E105/><V3/><F69/><W91/><G91/><T43/><D22/><U42/><E42/><V99/><F73/><W100/><G66/><T21/><D21/><U60/><E87/><V95/><F65/><W123/><G123/><N who="1" m="47146" /><E25/><V58/><F3/><W12/><G12/><T37/><D37/><U45/><E34/><V54/><F9/><W86/><G74/><T61/><D40/><U71/><E71/><V75/><F75/><W94/><REACH who="3" step="1"/><G103/><REACH who="3" ten="400,310,229,51" step="2"/><T127/><D132/><U112/><E112/><V15/><F15/><W5/><N who="3" m="1024" /><DORA hai="77" /><W33/><G33/><T47/><D116/><U101/><E45/><V55/><REACH who="2" step="1"/><F16/><REACH who="2" ten="400,310,219,51" step="2"/><W24/><G24/><T30/><D17/><U90/><E101/><AGARI ba="2,2" hai="26,29,35,41,46,49,54,55,56,57,58,95,99,101" machi="101" ten="40,2600,0" yaku="1,1,2,1,53,0" doraHai="79,77" doraHaiUra="108,68" who="2" fromWho="1" sc="400,0,310,-32,219,52,51,0" /><INIT seed="5,0,0,3,0,125" ten="400,278,271,51" oya="1" hai0="61,18,11,75,57,106,102,120,113,71,52,80,12" hai1="97,119,35,38,17,50,55,103,131,24,81,40,15" hai2="107,95,51,62,70,13,66,53,88,0,25,78,22" hai3="74,84,83,96,41,46,29,90,82,21,47,9,110"/><U68/><E119/><V134/><F134/><W105/><G110/><T85/><D75/><U56/><E68/><V10/><F107/><W39/><G47/><T129/><D71/><U4/><E4/><V36/><F78/><W48/><G39/><T91/><D113/><U132/><E132/><V130/><F36/><W89/><G9/><T2/><D2/><U30/><E81/><V98/><F0/><W58/><G58/><T1/><D1/><U92/><E38/><V128/><F13/><W79/><G105/><T99/><D129/><N who="2" m="49770" /><F10/><W101/><G101/><T64/><D120/><U77/><E131/><V23/><F25/><W8/><G8/><T27/><D27/><U116/><E116/><V121/><F121/><W86/><G96/><T108/><D108/><U111/><E111/><V104/><F104/><W63/><G63/><T112/><D112/><U60/><E77/><V122/><F122/><W59/><G59/><AGARI ba="0,0" hai="22,23,51,53,59,62,66,70,88,95,98" m="49770" machi="59" ten="30,8000,1" yaku="19,1,52,3,54,1" doraHai="125" who="2" fromWho="3" sc="400,0,278,0,271,80,51,-80" owari="400,50.0,278,-12.0,351,15.0,-29,-53.0" /></mjloggm>