<mjloggm ver="2.3"><GO type="169" lobby="0"/><UN n0="%74%61%6B%65%2D%79%6F%75" n1="%E5%B0%B1%E6%B4%BB%E7%94%9F%40%E5%B7%9D%E6%9D%91%E8%BB%8D%E5%9B%A3" n2="%67%6F%69%73%75%62%61%69" n3="%E3%83%AD%E3%83%B3%E3%82%88%E3%82%8A%E8%A8%BC%E6%8B%A0" dan="17,16,16,17" rate="2186.57,2122.53,2153.09,2249.97" sx="F,M,M,M"/><TAIKYOKU oya="0"/><INIT seed="0,0,0,1,1,61" ten="250,250,250,250" oya="0" hai0="38,134,46,31,41,56,96,89,67,79,1,53,48" hai1="62,11,28,75,40,47,82,120,113,115,39,52,124" hai2="13,111,116,35,86,37,25,21,55,2,63,106,5" hai3="65,130,127,54,19,132,10,108,98,16,14,90,93"/><T50/><D1/><U9/><E120/><V99/><F37/><W114/><G114/><T122/><D122/><U128/><E28/><V74/><F74/><W43/><G108/><T29/><D134/><U22/><E22/><V64/><F111/><W126/><G132/><T68/><D79/><U112/><E124/><V42/><F116/><W58/><G130/><T118/><D118/><U36/><E36/><V131/><F42/><W27/><G43/><T110/><D110/><U15/><E128/><V72/><F72/><W81/><G81/><T107/><D50/><U20/><E20/><V24/><F131/><W105/><G105/><T70/><D70/><U26/><E26/><V17/><F55/><W77/><G77/><T109/><D109/><U121/><E121/><V66/><F86/><W60/><G65/><T57/><D57/><N who="1" m="35111" /><E15/><V125/><F125/><W97/><G98/><T119/><D119/><U73/><E82/><V104/><F63/><W78/><G78/><T129/><D129/><U12/><E11/><N who="2" m="2487" /><F25/><W59/><G59/><T92/><REACH who="0" step="1"/><D107/><REACH who="0" ten="240,250,250,250" step="2"/><U95/><E75/><V23/><F106/><W91/><G91/><T133/><D133/><U88/><E73/><V44/><F104/><W4/><G127/><T84/><D84/><N who="1" m="52615" /><E115/><V30/><F99/><W34/><G126/><T0/><D0/><U49/><E39/><V76/><F76/><W85/><G85/><T100/><D100/><U71/><E71/><V87/><F87/><W45/><G97/><T80/><D80/><U102/><E102/><V103/><F103/><W33/><G93/><T83/><D83/><RYUUKYOKU ba="0,1" sc="240,15,250,15,250,-15,250,-15" hai0="29,31,38,41,46,48,53,56,67,68,89,92,96" hai1="9,12,40,47,49,112,113" /><INIT seed="0,1,1,0,4,30" ten="255,265,235,235" oya="0" hai0="23,77,114,53,118,65,38,93,122,94,19,99,39" hai1="46,61,3,24,89,121,92,62,21,1,5,42,28" hai2="13,125,27,88,73,97,75,22,48,90,87,116,96" hai3="72,57,31,106,108,117,9,45,123,34,0,100,102"/><T47/><D114/><U67/><E121/><V41/><F125/><W76/><G108/><T50/><D118/><U71/><E5/><V134/><F134/><W56/><G117/><T103/><D122/><U29/><E62/><V17/><F116/><W91/><G123/><T58/><D77/><U25/><E92/><V63/><F63/><W32/><G31/><T11/><D11/><U86/><E86/><V107/><F90/><W98/><G102/><T105/><D65/><U15/><E15/><V81/><F13/><W111/><G111/><T60/><D105/><U74/><E89/><V64/><F64/><W59/><G45/><T7/><D7/><U4/><E4/><V26/><F26/><W54/><G54/><T68/><D68/><U131/><E131/><V80/><F80/><W78/><G0/><T49/><D49/><U8/><E8/><V85/><F85/><W120/><G120/><T104/><D104/><U51/><REACH who="1" step="1"/><E74/><REACH who="1" ten="255,255,235,235" step="2"/><V82/><F107/><W52/><G9/><T124/><D93/><U112/><E112/><V127/><F73/><W43/><G91/><T36/><D60/><U35/><AGARI ba="1,2" hai="1,3,21,24,25,28,29,35,42,46,51,61,67,71" machi="35" ten="20,5200,0" yaku="1,1,0,1,7,1,52,1,53,0" doraHai="30" doraHaiUra="79" who="1" fromWho="1" sc="255,-27,255,75,235,-14,235,-14" /><INIT seed="1,0,0,4,3,115" ten="228,330,221,221" oya="1" hai0="23,21,20,2,10,84,79,57,37,91,28,135,129" hai1="66,94,92,119,130,82,76,132,116,22,31,103,11" hai2="19,108,106,121,40,69,83,102,24,65,61,87,48" hai3="71,12,13,58,15,74,124,59,90,38,60,75,127"/><U81/><E66/><V133/><F121/><W134/><G38/><T0/><D37/><U72/><E11/><V7/><F108/><W27/><G71/><T44/><D79/><N who="1" m="44263" /><E31/><V56/><F133/><W89/><G27/><T5/><D135/><U67/><E67/><V70/><F7/><W14/><G134/><T85/><D2/><U73/><E22/><V93/><F106/><W126/><N who="3" m="3072" /><DORA hai="112" /><W42/><G42/><T100/><D44/><U109/><E132/><V17/><F93/><N who="1" m="35945" /><E130/><V114/><F114/><W122/><G122/><T78/><D129/><U51/><E51/><V86/><F70/><W77/><G77/><T29/><D57/><N who="3" m="21513" /><G60/><T33/><D33/><U68/><E68/><V55/><F40/><W96/><G96/><T97/><D29/><U111/><E103/><V34/><F102/><W47/><G47/><T53/><D28/><U25/><E25/><V99/><F24/><W101/><G101/><T1/><D1/><U131/><E131/><V50/><F69/><W46/><G46/><T52/><D100/><U16/><E16/><V8/><F65/><W107/><G107/><T49/><D0/><U6/><E6/><V120/><F61/><W64/><G64/><T95/><D5/><U3/><E3/><V117/><F19/><W41/><G41/><T98/><D10/><U26/><E26/><V35/><F17/><W110/><G110/><AGARI ba="0,0" hai="73,76,82,109,110,111,116,119" m="35945,44263" machi="110" ten="30,24000,3" yaku="14,1,10,1,34,2,52,4" doraHai="115,112" who="1" fromWho="3" sc="228,0,330,240,221,0,221,-240" owari="228,3.0,570,67.0,221,-18.0,-19,-52.0" /></mjloggm>