<mjloggm ver="2.3"><GO type="169" lobby="0"/><UN n0="%E7%8E%A9%E5%80%8B%4A%42" n1="%E3%83%88%E3%83%88%E3%83%AA%E5%85%88%E7%94%9F%31%39%E6%AD%B3" n2="%E4%BB%B2%E5%B7%9D%E7%BF%94" n3="%6A%69%6E%6B%61%69" dan="17,18,16,17" rate="2177.68,2242.16,2109.21,2112.04" sx="M,F,M,M"/><TAIKYOKU oya="0"/><INIT seed="0,0,0,3,5,32" ten="250,250,250,250" oya="0" hai0="89,95,107,37,16,60,128,34,5,81,96,30,41" hai1="52,125,14,67,135,79,122,70,39,100,91,109,74" hai2="113,76,88,103,97,35,55,54,56,94,43,45,78" hai3="84,120,31,72,80,46,75,92,13,1,85,123,22"/><T17/><D107/><U36/><E122/><N who="3" m="46634" /><G1/><T68/><D128/><U126/><E109/><V116/><F35/><W3/><G3/><T87/><D5/><U23/><E135/><V59/><F113/><W114/><G46/><T62/><D62/><N who="1" m="40311" /><E100/><V86/><F116/><W134/><G13/><T38/><D38/><U6/><E91/><V7/><F7/><W131/><G22/><T0/><D0/><U33/><E33/><V111/><F111/><W51/><G31/><T10/><D10/><N who="1" m="4439" /><E79/><V21/><F21/><W105/><G51/><T112/><D112/><U115/><E74/><V64/><F64/><W47/><G47/><T71/><D71/><U69/><E69/><V44/><F44/><W57/><G75/><T18/><D37/><U99/><E115/><V117/><F117/><W49/><G72/><T98/><D41/><U9/><E23/><V19/><F19/><W93/><G131/><T118/><D118/><U63/><E9/><V110/><F110/><W66/><G134/><T25/><D68/><U61/><E61/><V24/><F24/><W127/><G105/><T29/><D60/><U108/><E108/><V133/><F133/><W132/><G132/><T102/><D34/><U48/><E63/><N who="2" m="36247" /><F45/><W53/><G114/><T124/><D25/><U26/><E26/><V82/><F43/><W106/><G106/><N who="0" m="63831" /><D29/><U73/><E73/><V15/><F15/><W12/><G12/><T119/><D30/><U20/><E20/><V8/><F8/><W101/><G66/><T40/><D119/><U104/><E48/><AGARI ba="0,0" hai="48,55,59,76,78,82,86,88,94,97,103" m="36247" machi="48" ten="30,2000,0" yaku="8,1,54,1" doraHai="32" who="2" fromWho="1" sc="250,0,250,-20,250,20,250,0" /><INIT seed="1,0,0,5,0,67" ten="250,230,270,250" oya="1" hai0="98,3,55,73,26,105,130,27,91,6,16,127,33" hai1="78,34,108,52,43,69,72,36,123,103,122,80,17" hai2="64,8,28,30,99,86,87,118,51,129,62,116,97" hai3="77,48,65,76,41,60,117,95,135,115,32,71,13"/><U44/><E34/><V102/><F129/><W38/><G117/><T56/><D73/><U85/><E108/><V22/><F51/><W2/><G32/><T9/><D130/><U81/><E69/><V75/><F75/><W134/><G2/><T40/><D40/><U121/><E103/><V89/><F97/><W47/><G115/><T21/><D127/><U50/><E17/><V124/><F86/><W15/><G95/><T7/><D7/><U68/><E68/><V132/><F132/><N who="3" m="50731" /><G38/><T111/><D111/><U45/><REACH who="1" step="1"/><E121/><REACH who="1" ten="250,220,270,250" step="2"/><V93/><F102/><W4/><G4/><T128/><D33/><U82/><E82/><V63/><F118/><W46/><G46/><T12/><D128/><U70/><E70/><V133/><F116/><W23/><G47/><T83/><D83/><U66/><E66/><V59/><F64/><W35/><G65/><T101/><REACH who="0" step="1"/><D91/><AGARI ba="0,1" hai="36,43,44,45,50,52,72,78,80,81,85,91,122,123" machi="91" ten="30,5800,0" yaku="1,1,7,1,54,1,53,0" doraHai="67" doraHaiUra="53" who="1" fromWho="0" sc="250,-58,220,68,270,0,250,0" /><INIT seed="1,1,0,3,5,123" ten="192,288,270,250" oya="1" hai0="111,101,86,3,47,121,51,24,122,67,62,15,23" hai1="18,41,114,74,6,127,115,30,55,50,53,45,59" hai2="119,87,109,44,93,129,66,19,95,100,29,131,0" hai3="77,124,126,33,48,81,28,102,132,104,79,106,20"/><U84/><E74/><V99/><F119/><W108/><G33/><T98/><D3/><U4/><E127/><N who="3" m="48682" /><G48/><T89/><D15/><U9/><E30/><V56/><F0/><W31/><G108/><T103/><D111/><U82/><E18/><V78/><F109/><W133/><G20/><T80/><D98/><U83/><E53/><V65/><F29/><N who="3" m="11339" /><G102/><T35/><D35/><U26/><E26/><V16/><F44/><W40/><G40/><T92/><D92/><U22/><E22/><V38/><F38/><W125/><N who="3" m="48690" /><W37/><DORA hai="118" /><G37/><T57/><D23/><U5/><E9/><V58/><F78/><N who="3" m="29707" /><G81/><T130/><D24/><U112/><REACH who="1" step="1"/><E84/><REACH who="1" ten="192,278,270,250" step="2"/><V63/><F87/><W12/><G12/><T69/><D130/><U7/><N who="1" m="1024" /><DORA hai="75" /><U8/><E8/><V105/><F131/><W64/><G64/><T52/><REACH who="0" step="1"/><D69/><REACH who="0" ten="182,278,270,250" step="2"/><U54/><E54/><V13/><F129/><W43/><G43/><T21/><D21/><U34/><E34/><V10/><F13/><W90/><G90/><T96/><D96/><U14/><E14/><V117/><F117/><W17/><G17/><T113/><D113/><U32/><E32/><V120/><F19/><W39/><G39/><AGARI ba="1,2" hai="39,41,45,50,55,59,82,83,112,114,115" m="1024" machi="39" ten="60,5800,0" yaku="1,1,53,1" doraHai="123,118,75" doraHaiUra="97,135,42" who="1" fromWho="3" sc="182,0,278,81,270,0,250,-61" /><INIT seed="1,2,0,0,0,10" ten="182,359,270,189" oya="1" hai0="94,7,14,31,106,104,123,99,121,119,62,21,110" hai1="91,132,56,17,122,77,19,49,16,82,5,35,128" hai2="6,115,52,92,95,53,3,102,79,29,45,0,134" hai3="60,50,48,54,76,85,112,69,127,23,126,98,34"/><U87/><E122/><N who="0" m="46601" /><D110/><U8/><E35/><V33/><F79/><W93/><G34/><T24/><D62/><U27/><E128/><V109/><F109/><W81/><G112/><T114/><D114/><U73/><E132/><V70/><F70/><W105/><G105/><T36/><D36/><U97/><E97/><V12/><F33/><W131/><G131/><T130/><D130/><U75/><E27/><V9/><F29/><W135/><G135/><T90/><D119/><U124/><E124/><N who="3" m="47658" /><G23/><T111/><D111/><U88/><E75/><V11/><F115/><W67/><G54/><T89/><D89/><AGARI ba="2,0" hai="48,50,60,67,69,76,81,85,89,93,98" m="47658" machi="89" ten="30,1000,0" yaku="18,1" doraHai="10" who="3" fromWho="0" sc="182,-16,359,0,270,0,189,16" /><INIT seed="2,0,0,4,4,113" ten="166,359,270,205" oya="2" hai0="66,47,30,71,73,91,106,111,70,127,126,109,3" hai1="129,15,37,51,69,121,24,115,48,107,43,88,93" hai2="125,8,83,130,53,39,41,90,67,1,87,31,86" hai3="132,52,12,85,92,62,25,118,14,29,32,120,16"/><V134/><F125/><N who="0" m="47626" /><D73/><U123/><E115/><V98/><F130/><W77/><G118/><T97/><D3/><U27/><E69/><V116/><F116/><W28/><G120/><N who="1" m="46154" /><E107/><V55/><F134/><W114/><G132/><T4/><D4/><U94/><E94/><V81/><F67/><W105/><G105/><T46/><D30/><N who="3" m="11881" /><G32/><T131/><D131/><U10/><E37/><V0/><F31/><W82/><G92/><N who="0" m="56479" /><D106/><U18/><E129/><V40/><F98/><W99/><G99/><T58/><D58/><U21/><E43/><V84/><F84/><W68/><G68/><N who="0" m="26155" /><D66/><U26/><E21/><V2/><F8/><W13/><G25/><T79/><D79/><U101/><E101/><V128/><F128/><W44/><G114/><T110/><AGARI ba="0,0" hai="46,47,109,110,111" m="26155,56479,47626" machi="110" ten="40,2700,0" yaku="14,1,18,1" doraHai="113" who="0" fromWho="0" sc="166,27,359,-7,270,-13,205,-7" /><INIT seed="3,0,0,5,1,75" ten="193,352,257,198" oya="3" hai0="19,51,103,115,14,49,55,25,97,73,116,125,48" hai1="54,134,60,121,107,17,70,58,18,114,0,126,89" hai2="74,112,111,42,67,53,29,59,24,26,61,47,127" hai3="123,95,46,40,130,30,3,20,104,101,68,102,33"/><W9/><G33/><T56/><D116/><U108/><E114/><V105/><F111/><W132/><G68/><T109/><D109/><U27/><E0/><V92/><F105/><W44/><G104/><T88/><D73/><U93/><E107/><V84/><F74/><W133/><G123/><T85/><D125/><U38/><E38/><V76/><F127/><W131/><G9/><T72/><D72/><U117/><E126/><V79/><F112/><W11/><G11/><T2/><D2/><U62/><E108/><V91/><F67/><W7/><G7/><T41/><D25/><U13/><E121/><V77/><REACH who="2" step="1"/><F29/><REACH who="2" ten="193,352,247,198" step="2"/><W52/><G30/><T50/><D115/><U82/><E117/><V22/><F22/><W119/><G20/><N who="0" m="11383" /><D41/><U90/><E134/><V100/><F100/><W135/><G119/><T122/><D122/><U21/><E21/><V32/><F32/><W99/><G102/><T15/><D103/><U28/><E28/><V110/><F110/><W96/><G101/><T81/><D15/><U78/><E13/><V113/><F113/><W80/><G3/><T64/><D64/><U12/><E12/><V31/><F31/><W65/><G65/><T37/><D37/><AGARI ba="0,1" hai="24,26,37,42,47,53,59,61,76,77,79,84,91,92" machi="37" ten="40,8000,1" yaku="1,1,52,3,53,0" doraHai="75" doraHaiUra="124" who="2" fromWho="0" sc="193,-80,352,0,247,90,198,0" /><INIT seed="4,0,0,4,1,93" ten="113,352,337,198" oya="0" hai0="38,94,80,73,111,29,8,13,64,24,25,99,9" hai1="20,135,91,59,129,125,108,90,62,65,22,120,51" hai2="113,134,67,18,2,82,12,101,119,42,121,87,17" hai3="46,10,132,100,74,92,60,83,63,96,39,11,30"/><T52/><D38/><U14/><E108/><V54/><F121/><W71/><G132/><T126/><D64/><U112/><E120/><V40/><F134/><W81/><G30/><T56/><D126/><U95/><E135/><V115/><F2/><W21/><G21/><T124/><D124/><U76/><E125/><V97/><F67/><W26/><G26/><T123/><D123/><U15/><E129/><V109/><F54/><W43/><G71/><T66/><D66/><U55/><E76/><V107/><F119/><W103/><G103/><T86/><D73/><U61/><E112/><N who="2" m="43083" /><F109/><W114/><G114/><T75/><D75/><U50/><E90/><N who="2" m="51575" /><F18/><W127/><G127/><T44/><D44/><U58/><E15/><V36/><F36/><W85/><G74/><T131/><D131/><U105/><E105/><V122/><F122/><W117/><G117/><T4/><D9/><AGARI ba="0,0" hai="9,12,17,40,42,97,101,107" m="51575,43083" machi="9" ten="30,2000,0" yaku="15,1,52,1" doraHai="93" who="2" fromWho="0" sc="113,-20,352,0,337,20,198,0" /><INIT seed="5,0,0,5,1,84" ten="93,352,357,198" oya="1" hai0="58,9,36,61,14,123,116,119,59,63,26,102,22" hai1="71,43,112,97,16,46,92,20,18,57,72,2,5" hai2="81,34,10,133,52,124,134,117,69,7,32,80,96" hai3="64,108,62,86,29,30,25,93,8,99,128,55,105"/><U135/><E71/><V54/><F69/><W13/><G108/><T38/><D102/><U70/><E70/><V76/><F117/><W4/><G105/><T15/><D22/><U106/><E72/><V98/><F124/><W90/><G128/><T11/><REACH who="0" step="1"/><D26/><REACH who="0" ten="83,352,357,198" step="2"/><U122/><E20/><V95/><F32/><W41/><G25/><T125/><D125/><U39/><E106/><V68/><F34/><W129/><G129/><T126/><D126/><U27/><E27/><V42/><F133/><W50/><G29/><T101/><D101/><U66/><E135/><V110/><F134/><W31/><G30/><T53/><D53/><U121/><E121/><AGARI ba="0,1" hai="9,11,14,15,36,38,58,59,61,63,116,119,121,123" machi="121" ten="25,3200,0" yaku="1,1,22,2,53,0" doraHai="84" doraHaiUra="83" who="0" fromWho="1" sc="83,42,352,-32,357,0,198,0" /><INIT seed="6,0,0,2,0,40" ten="125,320,357,198" oya="2" hai0="56,80,43,110,91,28,12,135,46,82,113,87,133" hai1="51,50,13,9,59,33,107,0,47,99,79,98,76" hai2="7,3,74,73,16,35,67,18,38,34,37,49,100" hai3="23,130,72,120,95,10,32,54,30,24,123,1,66"/><V17/><F100/><W81/><G130/><T86/><D110/><U52/><E33/><V77/><F67/><W64/><G95/><T112/><D56/><U6/><E0/><V88/><F7/><N who="3" m="1391" /><G54/><T94/><D28/><U85/><E107/><V111/><F3/><W124/><G124/><T25/><D25/><U70/><E70/><V8/><F8/><W131/><G131/><T93/><D12/><U134/><E134/><N who="0" m="51209" /><D46/><U5/><E5/><V65/><F65/><W89/><G89/><N who="0" m="51415" /><D43/><N who="1" m="24959" /><E79/><V4/><F77/><N who="3" m="44199" /><G66/><T36/><D36/><U127/><E127/><V121/><F111/><W58/><G58/><T39/><D39/><U11/><E9/><V15/><F4/><W96/><G64/><T61/><D61/><U75/><E75/><V31/><F74/><W45/><G45/><T44/><D44/><U97/><E76/><V104/><F73/><W2/><G2/><T83/><D83/><U78/><E78/><V22/><F38/><W57/><G57/><T63/><D63/><U53/><E53/><V126/><F126/><W101/><G23/><T19/><D19/><U26/><E26/><V115/><F49/><W117/><G24/><T128/><D128/><U129/><E129/><V122/><F37/><W125/><G30/><T41/><D41/><U60/><E60/><V132/><F132/><W109/><G32/><T92/><AGARI ba="0,0" hai="80,87,91,92,93,94,112,113" m="51415,51209" machi="92" ten="40,5200,0" yaku="20,1,34,2" doraHai="40" who="0" fromWho="0" sc="125,52,320,-13,357,-26,198,-13" /><INIT seed="7,0,0,1,2,134" ten="177,307,331,185" oya="3" hai0="4,88,29,30,17,114,2,36,111,8,87,85,90" hai1="27,72,18,78,1,79,69,21,52,119,123,129,32" hai2="58,105,71,121,133,60,56,126,83,5,95,130,35" hai3="97,131,98,84,89,7,127,76,10,128,93,103,67"/><W59/><G127/><T14/><D111/><U24/><E123/><V75/><F105/><N who="3" m="63727" /><G59/><T113/><D36/><U55/><E1/><V46/><F35/><W37/><G67/><T99/><D99/><U66/><E129/><N who="3" m="49738" /><G37/><T94/><D30/><U15/><E119/><V40/><F130/><W47/><G47/><T49/><D29/><U86/><E72/><V13/><F126/><W124/><G124/><T101/><D101/><U33/><E33/><V96/><F133/><W25/><G25/><N who="1" m="9802" /><E69/><V51/><F121/><W80/><G10/><T42/><D42/><U28/><E28/><V115/><F115/><N who="0" m="44042" /><D49/><U106/><E106/><V100/><F71/><W70/><G7/><T39/><D39/><U135/><E32/><V19/><F5/><W73/><G70/><T107/><D107/><U12/><E135/><V63/><F63/><W57/><G57/><T54/><D54/><N who="1" m="20523" /><E66/><V9/><F60/><W68/><G68/><T65/><D65/><U91/><E15/><V110/><F110/><W31/><G31/><T109/><D109/><U45/><E45/><V92/><F58/><W132/><G132/><T74/><D74/><AGARI ba="0,0" hai="73,74,76,80,84,89,93,98" m="49738,63727" machi="74" ten="30,5800,0" yaku="19,1,34,2" doraHai="134" who="3" fromWho="0" sc="177,-58,307,0,331,0,185,58" /><INIT seed="7,1,0,2,2,98" ten="119,307,331,243" oya="3" hai0="130,10,107,46,134,56,84,97,19,88,70,20,31" hai1="102,55,109,95,33,3,78,44,65,126,124,9,45" hai2="132,2,123,93,0,105,103,52,122,63,135,131,29" hai3="127,133,118,5,129,40,125,91,67,30,73,76,58"/><W120/><G120/><N who="2" m="46121" /><F105/><W21/><G118/><T36/><D70/><U18/><E109/><V94/><F131/><W7/><G129/><T47/><D130/><U17/><E33/><V15/><F29/><W117/><G117/><T101/><D134/><N who="2" m="51242" /><F15/><W57/><G133/><T34/><D36/><U114/><E114/><V43/><F43/><W106/><G106/><T77/><D77/><U54/><E65/><V82/><F82/><N who="3" m="45327" /><G40/><T116/><D116/><U92/><E78/><V66/><F52/><N who="1" m="20009" /><E92/><N who="2" m="35435" /><F103/><W26/><G91/><T121/><D121/><U37/><E37/><V53/><F53/><W50/><G50/><T89/><D89/><U51/><E3/><V23/><F23/><W35/><G67/><T59/><D34/><U104/><E104/><V112/><F112/><W96/><G57/><AGARI ba="1,0" hai="0,2,57,63,66" m="35435,51242,46121" machi="57" ten="30,2000,0" yaku="13,1,20,1" doraHai="98" who="2" fromWho="3" sc="119,0,307,0,331,23,243,-23" owari="119,-38.0,307,11.0,354,45.0,220,-18.0" /></mjloggm>