<mjloggm ver="2.3"><GO type="169" lobby="0"/><UN n0="%74%61%6B%61%79%79%79%79" n1="%E3%83%98%E3%82%AF%E3%82%B5%E3%83%BC" n2="%E3%83%9B%E3%83%A2%E5%85%AC" n3="%E3%83%88%E3%83%88%E3%83%AA%E5%85%88%E7%94%9F%31%39%E6%AD%B3" dan="16,16,16,18" rate="2066.92,2133.20,2109.17,2277.33" sx="M,M,F,F"/><TAIKYOKU oya="0"/><INIT seed="0,0,0,4,0,133" ten="250,250,250,250" oya="0" hai0="15,43,39,40,33,127,37,27,126,77,120,93,59" hai1="91,80,112,105,14,1,13,88,48,73,69,54,89" hai2="97,31,79,47,86,81,71,67,98,108,32,129,16" hai3="63,87,8,117,58,41,96,22,18,76,123,103,55"/><T85/><D120/><U102/><E1/><V104/><F129/><W24/><G117/><T21/><D33/><U94/><E69/><V70/><F108/><W125/><G123/><T2/><D2/><U11/><E112/><V83/><F47/><W57/><G125/><N who="0" m="47627" /><D15/><U65/><E65/><V51/><F51/><W4/><G41/><N who="0" m="15947" /><D59/><U66/><E66/><V25/><F16/><W119/><G119/><T99/><D85/><U111/><E13/><V5/><F5/><W12/><G58/><T92/><D77/><U135/><E14/><V82/><F70/><W116/><G116/><T122/><D122/><U134/><E134/><V124/><F98/><W20/><G20/><T28/><D93/><U90/><E135/><V56/><F56/><W42/><G87/><T53/><D53/><U130/><E54/><V106/><F106/><W118/><G118/><T6/><D6/><U23/><E105/><V101/><REACH who="2" step="1"/><F124/><REACH who="2" ten="250,250,240,250" step="2"/><W49/><G4/><T29/><D29/><U45/><E94/><V68/><F68/><W113/><G57/><T131/><D131/><U38/><E130/><V128/><F128/><W64/><G18/><T52/><D52/><U75/><E11/><V114/><F114/><W61/><G55/><T110/><D110/><U17/><E17/><V7/><F7/><W72/><G42/><T95/><D95/><U100/><E111/><V121/><F121/><W9/><G113/><T84/><D84/><U44/><E44/><V60/><AGARI ba="0,1" hai="25,31,32,60,67,71,79,81,82,83,86,97,101,104" machi="60" ten="30,8000,1" yaku="1,1,0,1,25,2,53,1" doraHai="133" doraHaiUra="30" who="2" fromWho="2" sc="250,-40,250,-20,240,90,250,-20" /><INIT seed="1,0,0,0,1,108" ten="210,230,330,230" oya="1" hai0="115,32,37,6,71,135,125,26,15,47,57,3,56" hai1="110,77,114,116,49,70,59,95,130,45,39,54,62" hai2="17,50,19,20,99,131,84,82,24,58,21,92,36" hai3="102,87,30,120,74,69,113,123,107,43,126,67,11"/><U13/><E116/><V28/><F36/><W48/><G74/><T65/><D115/><U100/><E130/><V133/><F133/><W85/><G113/><T129/><D129/><U42/><E110/><V93/><F131/><W14/><G126/><T73/><D135/><U132/><E132/><V78/><F99/><W22/><G107/><T122/><D125/><U27/><E114/><V89/><F78/><W97/><G69/><T112/><D112/><U105/><E105/><V25/><F28/><W118/><G118/><T33/><D15/><U34/><E13/><V79/><F79/><W44/><G67/><T53/><D53/><AGARI ba="0,0" hai="17,19,20,21,24,25,50,53,58,82,84,89,92,93" machi="53" ten="40,2600,0" yaku="9,1,8,1" doraHai="108" who="2" fromWho="0" sc="210,-26,230,0,330,26,230,0" /><INIT seed="2,0,0,0,2,124" ten="184,230,356,230" oya="2" hai0="2,29,125,79,74,68,114,89,56,37,73,43,66" hai1="106,88,19,129,15,97,115,72,92,110,20,41,65" hai2="111,104,120,135,48,71,108,24,62,133,85,105,64" hai3="60,132,53,28,90,94,36,83,131,63,61,116,70"/><V50/><F120/><W11/><G116/><T81/><D114/><U76/><E115/><V21/><F85/><W87/><G36/><T86/><D125/><U27/><E110/><N who="2" m="42027" /><F50/><W0/><G132/><N who="2" m="50761" /><F48/><W100/><G28/><AGARI ba="0,0" hai="21,24,28,62,64,71,104,105" m="50761,42027" machi="28" ten="30,5800,0" yaku="14,1,10,1,20,1" doraHai="124" who="2" fromWho="3" sc="184,0,230,0,356,58,230,-58" /><INIT seed="2,1,0,3,3,33" ten="184,230,414,172" oya="2" hai0="61,100,125,121,45,105,2,135,29,127,30,118,5" hai1="26,104,128,19,132,28,113,115,48,3,91,18,86" hai2="97,71,98,77,47,126,22,92,60,110,10,53,79" hai3="89,90,120,101,9,83,114,117,119,88,74,38,64"/><V56/><F71/><W12/><G120/><T50/><D121/><U75/><E75/><V57/><F126/><N who="0" m="48138" /><D135/><U87/><E132/><V23/><F110/><W109/><G38/><T95/><D118/><U108/><E108/><V84/><F10/><W39/><G109/><T43/><D61/><U51/><E128/><V133/><F47/><W41/><G114/><T69/><D69/><U78/><E104/><V44/><F44/><W63/><G101/><T103/><D105/><U0/><E91/><V42/><F42/><W62/><G62/><T82/><D82/><U11/><E26/><V46/><F46/><W7/><G41/><T85/><D85/><U14/><E28/><N who="0" m="10857" /><D95/><U15/><E11/><AGARI ba="1,0" hai="2,5,11,43,45,50,100,103" m="10857,48138" machi="11" ten="30,2000,0" yaku="18,1,52,1" doraHai="33" who="0" fromWho="1" sc="184,23,230,-23,414,0,172,0" /><INIT seed="3,0,0,2,4,33" ten="207,207,414,172" oya="3" hai0="129,24,109,105,32,121,11,97,113,61,16,117,8" hai1="94,67,35,80,43,82,41,66,95,1,131,12,34" hai2="120,39,71,98,100,7,107,81,86,73,96,68,79" hai3="125,88,99,23,64,46,130,135,89,14,18,70,25"/><W40/><G130/><T76/><D117/><U108/><E108/><V2/><F120/><W111/><G135/><T3/><D109/><U29/><E12/><V115/><F115/><W91/><G111/><T49/><D121/><U4/><E4/><V127/><F127/><W60/><G125/><T21/><D32/><U69/><E29/><V26/><F26/><W0/><G0/><T56/><D129/><U58/><E58/><V77/><F77/><W102/><G25/><T22/><D113/><U63/><E131/><V62/><F98/><W118/><G118/><T55/><D76/><U59/><E59/><V52/><F86/><W5/><G5/><T112/><D112/><U20/><E20/><V15/><F15/><W75/><G75/><T84/><D3/><U53/><E53/><V47/><F62/><W103/><REACH who="3" step="1"/><G99/><REACH who="3" ten="207,207,414,162" step="2"/><T72/><D72/><U17/><E1/><V45/><F7/><W110/><G110/><T83/><D97/><U38/><E35/><V106/><F2/><W51/><AGARI ba="0,1" hai="14,18,23,40,46,51,60,64,70,88,89,91,102,103" machi="51" ten="30,6000,0" yaku="1,1,0,1,54,1,53,0" doraHai="33" doraHaiUra="128" who="3" fromWho="3" sc="207,-20,207,-20,414,-20,162,70" /><INIT seed="3,1,0,3,0,106" ten="187,187,394,232" oya="3" hai0="32,64,0,84,40,31,73,119,130,67,133,55,69" hai1="101,118,1,17,131,14,111,6,109,78,81,38,35" hai2="127,37,27,13,36,124,18,41,105,2,50,65,129" hai3="113,51,92,83,85,108,74,132,125,121,48,34,110"/><W8/><G113/><T61/><D67/><U70/><E131/><V107/><F2/><W25/><G121/><T117/><D84/><U19/><E70/><V79/><F79/><N who="3" m="44535" /><G132/><T88/><D88/><U100/><E38/><N who="2" m="14955" /><F27/><W45/><G8/><T76/><D40/><U68/><E68/><V123/><F65/><W58/><G58/><T135/><D55/><U71/><E71/><V93/><F129/><W128/><G128/><T53/><D53/><U9/><E35/><V11/><F93/><W72/><G72/><T33/><D0/><U82/><E118/><N who="0" m="45065" /><D130/><U86/><E81/><V39/><F50/><W66/><G125/><N who="2" m="48201" /><F123/><W20/><G34/><N who="0" m="13419" /><D31/><U97/><E1/><V29/><F29/><N who="3" m="17575" /><G66/><T15/><D15/><U46/><E101/><V42/><F42/><W24/><G24/><T94/><D94/><N who="1" m="58423" /><E46/><AGARI ba="1,0" hai="11,13,18,39,41,46,105,107" m="48201,14955" machi="46" ten="30,1000,0" yaku="18,1" doraHai="106" who="2" fromWho="1" sc="187,0,187,-13,394,13,232,0" /><INIT seed="4,0,0,1,2,16" ten="187,174,407,232" oya="0" hai0="118,9,8,66,119,131,89,55,26,42,18,99,45" hai1="48,111,41,94,3,28,107,92,123,0,47,100,90" hai2="88,128,62,40,59,38,34,51,1,64,117,80,79" hai3="69,103,20,85,15,102,36,116,65,24,7,58,32"/><T114/><D114/><U50/><E111/><V125/><F128/><W83/><G116/><T134/><D134/><U98/><E123/><V54/><F117/><W120/><G36/><T5/><D131/><U29/><E107/><V61/><F1/><W33/><G120/><T93/><D66/><U27/><E50/><V37/><F34/><W121/><G69/><T110/><D55/><U70/><E70/><V63/><F125/><W129/><G121/><T75/><D75/><U113/><E113/><V21/><F21/><W4/><G129/><T127/><D127/><U12/><E12/><V104/><F104/><W56/><G33/><T57/><D57/><N who="3" m="22121" /><G32/><T115/><D115/><U82/><E82/><V96/><F64/><W17/><G65/><T35/><D110/><U71/><E71/><V2/><F40/><W106/><G106/><T10/><D5/><N who="3" m="2121" /><G24/><T132/><D132/><U43/><E43/><V86/><F2/><W73/><G73/><T126/><D126/><U112/><E112/><V23/><F38/><W72/><G72/><T124/><D124/><U14/><E14/><V46/><F37/><W52/><G52/><T105/><D105/><U22/><REACH who="1" step="1"/><E28/><REACH who="1" ten="187,164,407,232" step="2"/><V53/><F59/><W49/><G49/><N who="0" m="26807" /><D119/><U135/><E135/><V67/><F67/><W39/><G39/><T95/><D118/><U101/><E101/><V76/><F51/><W81/><G81/><T84/><D95/><U91/><E91/><AGARI ba="0,1" hai="15,17,20,83,85,91,102,103" m="2121,22121" machi="91" ten="30,2000,0" yaku="8,1,52,1" doraHai="16" who="3" fromWho="1" sc="187,0,164,-20,407,0,232,30" /><INIT seed="5,0,0,4,4,134" ten="187,144,407,262" oya="1" hai0="50,27,79,43,0,93,63,99,60,21,113,35,18" hai1="72,126,121,98,58,9,74,16,110,22,51,66,94" hai2="96,132,73,54,127,4,61,92,77,56,17,1,62" hai3="100,68,78,75,124,88,32,71,120,34,49,67,105"/><U45/><E121/><V8/><F127/><W7/><G124/><T26/><D0/><U117/><E126/><V29/><F132/><W95/><G120/><T57/><D113/><U125/><E125/><V52/><F29/><W41/><G7/><T106/><D106/><U118/><E9/><V3/><F17/><W39/><G39/><T23/><D79/><U89/><E110/><V80/><F1/><W19/><G100/><N who="0" m="60527" /><D35/><U84/><E72/><V76/><F76/><W114/><G105/><T40/><D50/><U37/><E74/><V31/><F31/><W69/><G114/><T81/><D81/><U87/><E37/><V70/><F70/><W44/><G67/><N who="0" m="39311" /><D63/><N who="1" m="38263" /><E118/><V115/><F115/><W109/><G109/><T82/><D82/><U13/><E117/><V90/><F61/><W14/><G78/><T112/><D112/><U108/><E108/><V101/><F101/><W53/><G41/><AGARI ba="0,0" hai="13,16,22,41,45,51,84,87,89,94,98" m="38263" machi="41" ten="30,2900,0" yaku="8,1,54,1" doraHai="134" who="1" fromWho="3" sc="187,0,144,29,407,0,262,-29" /><INIT seed="5,1,0,3,1,114" ten="187,173,407,233" oya="1" hai0="78,102,2,79,25,16,99,118,59,121,77,92,23" hai1="58,10,106,98,80,127,7,27,71,91,132,8,20" hai2="87,0,49,45,28,122,29,11,108,113,3,109,41" hai3="31,47,120,14,57,94,103,125,126,88,89,40,24"/><U4/><E71/><V130/><F122/><W100/><G120/><T104/><D121/><U48/><E127/><N who="3" m="48650" /><G57/><T50/><D2/><U66/><E132/><V36/><F113/><W21/><G14/><T65/><D118/><U135/><E135/><V72/><F130/><W6/><G6/><N who="1" m="2090" /><E106/><V54/><F72/><W12/><G12/><T73/><D104/><U76/><E76/><V38/><F87/><N who="3" m="52511" /><G89/><T75/><D75/><U69/><E69/><V22/><F3/><W70/><G70/><T101/><D73/><U64/><E80/><V111/><F11/><N who="1" m="4137" /><E91/><V1/><F1/><W56/><G56/><T17/><D65/><U62/><E98/><V67/><F0/><W19/><G19/><T9/><D17/><N who="1" m="12687" /><E62/><V18/><F38/><AGARI ba="1,0" hai="21,24,31,38,40,47,100,103" m="52511,48650" machi="38" ten="30,2000,0" yaku="18,1,54,1" doraHai="114" who="3" fromWho="2" sc="187,0,173,0,407,-23,233,23" /><INIT seed="6,0,0,2,0,47" ten="187,173,384,256" oya="2" hai0="85,21,28,16,49,91,39,38,109,88,52,51,95" hai1="68,83,75,67,77,128,108,26,90,105,71,14,48" hai2="132,120,20,101,104,46,107,64,58,42,72,33,44" hai3="36,69,10,37,115,18,4,31,94,70,19,24,0"/><V8/><F33/><W126/><G126/><T131/><D131/><U9/><E128/><V99/><F72/><W97/><G115/><T106/><D106/><U79/><E108/><V57/><F120/><W32/><G19/><T116/><D109/><U40/><E105/><V74/><F74/><W55/><G55/><T96/><D116/><U35/><E79/><V2/><F44/><W27/><G27/><N who="0" m="14759" /><D39/><U129/><E129/><V119/><F119/><W98/><G98/><T82/><D38/><U89/><E40/><V66/><F107/><W73/><G73/><T60/><D28/><U84/><E48/><V112/><F112/><W123/><G123/><T6/><D6/><U80/><E90/><V30/><F132/><W122/><G122/><T81/><D81/><U87/><E75/><V113/><F113/><W134/><G134/><T22/><D22/><U125/><E67/><V100/><F20/><W7/><G18/><T25/><D25/><U92/><E80/><V11/><F30/><W135/><G135/><T63/><D51/><U121/><E125/><V76/><F2/><W5/><G37/><T56/><AGARI ba="0,0" hai="49,52,56,60,63,82,85,88,91,95,96" m="14759" machi="56" ten="30,8000,1" yaku="8,1,52,1,54,3" doraHai="47" who="0" fromWho="0" sc="187,80,173,-20,384,-40,256,-20" /><INIT seed="7,0,0,5,3,120" ten="267,153,344,236" oya="3" hai0="16,5,50,13,3,123,70,88,132,135,49,121,93" hai1="130,60,104,119,25,73,17,61,37,118,110,114,72" hai2="47,84,109,65,101,56,106,68,86,102,128,92,8" hai3="117,10,24,29,94,108,116,96,97,4,63,91,80"/><W133/><G133/><N who="0" m="51275" /><D70/><U38/><E114/><V90/><F68/><W41/><G108/><T26/><D3/><U36/><E104/><V22/><F109/><W52/><G41/><T122/><D26/><U31/><E110/><V77/><F106/><W42/><G42/><T89/><D5/><U64/><E130/><V58/><F128/><W59/><G96/><N who="0" m="57383" /><D89/><U126/><E126/><V129/><F8/><AGARI ba="0,0" hai="8,13,16,49,50,121,122,123" m="57383,51275" machi="8" ten="40,5200,0" yaku="20,1,54,2" doraHai="120" who="0" fromWho="2" sc="267,52,153,0,344,-52,236,0" owari="319,42.0,153,-35.0,292,9.0,236,-16.0" /></mjloggm>