<mjloggm ver="2.3"><GO type="225" lobby="0"/><UN n0="%E3%82%A6%E3%83%AB%E3%83%88%E3%83%A9%E7%AB%8B%E7%9B%B4" n1="%6C%65%74%69%74%62%65" n2="%E3%83%AD%E3%83%9C%E3%82%B3%E3%83%97" n3="%E3%82%82%E3%82%81%E3%82%93%E3%81%AA%E3%81%A1%E3%82%83%E3%81%84" dan="17,16,16,17" rate="2170.02,2096.89,2114.00,2151.87" sx="M,F,M,M"/><TAIKYOKU oya="0"/><INIT seed="0,0,0,2,0,64" ten="250,250,250,250" oya="0" hai0="72,106,51,58,29,14,128,88,79,19,2,116,30" hai1="99,45,23,125,61,25,124,122,87,113,43,38,36" hai2="70,80,103,75,35,121,9,52,53,7,39,85,37" hai3="119,105,67,109,114,8,131,115,73,15,27,107,100"/><T117/><D2/><U48/><E122/><V16/><F75/><W71/><G119/><T40/><D106/><U94/><E87/><V20/><F35/><W3/><G109/><T77/><D72/><U22/><E22/><V0/><F70/><W84/><G84/><T135/><D128/><U81/><E81/><V98/><F39/><W95/><G95/><T6/><D6/><U54/><E113/><V1/><F37/><W33/><G15/><T89/><D135/><U18/><E61/><V42/><F42/><W74/><G131/><T96/><D117/><U49/><E49/><V56/><F1/><W93/><G93/><N who="0" m="56359" /><D89/><N who="1" m="55759" /><E54/><V12/><F56/><W60/><G115/><T69/><D69/><U133/><E133/><V66/><F66/><W28/><G114/><T31/><D116/><U68/><E68/><V78/><F121/><W102/><G102/><T46/><D58/><U108/><E108/><V24/><F0/><W111/><G111/><T126/><D126/><AGARI ba="0,0" hai="18,23,25,36,38,43,45,48,124,125,126" m="55759" machi="126" ten="30,1000,0" yaku="18,1" doraHai="64" who="1" fromWho="0" sc="250,-10,250,10,250,0,250,0" /><INIT seed="1,0,0,4,5,32" ten="240,260,250,250" oya="1" hai0="48,82,83,116,17,106,54,38,70,86,84,103,104" hai1="3,30,80,90,10,94,37,121,42,65,127,15,75" hai2="71,66,87,95,43,79,69,125,112,50,96,20,9" hai3="135,122,109,89,40,13,58,29,132,5,76,57,6"/><U23/><E121/><V123/><F123/><W114/><G114/><T85/><D38/><U117/><E65/><V59/><F125/><W47/><G109/><T63/><D116/><U107/><E107/><V131/><F131/><W101/><G122/><T4/><D4/><U21/><E30/><V27/><F9/><W36/><G101/><T97/><D106/><U41/><E41/><V56/><F71/><W108/><G108/><T18/><D63/><U39/><E39/><V51/><F69/><W52/><G76/><T128/><D70/><U60/><E60/><N who="2" m="38151" /><F43/><W126/><G126/><T68/><D68/><U7/><E15/><V111/><F111/><W129/><G129/><T19/><REACH who="0" step="1"/><D128/><REACH who="0" ten="230,260,250,250" step="2"/><U105/><E105/><V88/><F112/><W74/><G5/><T53/><D53/><U46/><E117/><V16/><F59/><AGARI ba="0,1" hai="17,18,19,48,54,59,82,83,84,85,86,97,103,104" machi="59" ten="40,1300,0" yaku="1,1,53,0" doraHai="32" doraHaiUra="110" who="0" fromWho="2" sc="230,23,260,0,250,-13,250,0" /><INIT seed="2,0,0,2,2,130" ten="253,260,237,250" oya="2" hai0="31,27,107,8,81,37,61,75,132,111,89,112,77" hai1="28,63,33,59,68,20,0,127,83,105,118,113,96" hai2="85,79,44,54,19,67,3,51,17,55,122,104,123" hai3="49,11,16,22,87,70,41,108,90,45,109,52,124"/><V14/><F104/><W115/><G70/><T76/><D112/><U6/><E20/><V24/><F3/><W126/><G115/><T42/><D132/><U91/><E118/><V53/><F67/><W32/><G41/><T133/><D133/><U56/><E127/><N who="3" m="48682" /><G32/><T88/><D107/><U94/><E83/><N who="2" m="47359" /><F123/><W4/><G4/><T7/><D77/><U95/><E95/><V26/><F122/><W120/><G120/><T48/><D48/><U46/><E46/><V114/><F114/><W1/><G1/><N who="0" m="111" /><D61/><U15/><E0/><V101/><F101/><W100/><G100/><T86/><D86/><U74/><E74/><V78/><F78/><W18/><G11/><T110/><D89/><U69/><E105/><V116/><F116/><W57/><G45/><N who="0" m="23759" /><D88/><N who="1" m="55367" /><E113/><V99/><F99/><W73/><G73/><T121/><D121/><U23/><E91/><V47/><F51/><W98/><G98/><T12/><D12/><U36/><E15/><V66/><F66/><W80/><G22/><AGARI ba="0,0" hai="22,27,31,75,76,81,110,111" m="23759,111" machi="22" ten="30,1000,0" yaku="25,1" doraHai="130" who="0" fromWho="3" sc="253,10,260,0,237,0,250,-10" /><INIT seed="3,0,0,1,4,28" ten="263,260,237,240" oya="3" hai0="65,50,23,115,18,67,111,30,81,43,38,5,74" hai1="88,125,10,124,11,129,71,110,75,78,27,134,120" hai2="101,41,21,33,131,113,95,90,48,92,44,96,15" hai3="32,55,37,20,77,31,60,109,87,76,107,14,99"/><W12/><G37/><T121/><D38/><U45/><E120/><V132/><F113/><W135/><G135/><T42/><D74/><U98/><E110/><V9/><F132/><W1/><G1/><T39/><D39/><U112/><E71/><V104/><F131/><W66/><G109/><T64/><D121/><U130/><E112/><V106/><F33/><W94/><G55/><T119/><D119/><U105/><E134/><V93/><F21/><W73/><G73/><T3/><D3/><U91/><E27/><V128/><F128/><N who="1" m="49257" /><E45/><V70/><F70/><W52/><G107/><T57/><D5/><U40/><E40/><V34/><F34/><W36/><G36/><T62/><D30/><U117/><E117/><V133/><F133/><W69/><G32/><T72/><D111/><U123/><E10/><V13/><F13/><W59/><G87/><T24/><D115/><U83/><E11/><V89/><REACH who="2" step="1"/><F104/><REACH who="2" ten="263,260,227,240" step="2"/><W127/><G12/><T97/><D23/><U118/><E123/><V61/><F61/><W2/><G2/><T126/><D62/><U100/><E118/><V25/><F25/><N who="3" m="16807" /><G14/><T22/><D22/><U108/><E108/><V68/><F68/><W82/><G127/><AGARI ba="0,1" hai="75,78,83,88,91,98,100,105,124,125,127" m="49257" machi="127" ten="30,8000,1" yaku="18,1,19,1,34,2,54,1" doraHai="28" who="1" fromWho="3" sc="263,0,260,90,227,0,240,-80" owari="263,6.0,350,45.0,227,-17.0,160,-34.0" /></mjloggm>