<mjloggm ver="2.3"><GO type="169" lobby="0"/><UN n0="%E3%81%B9%E3%81%91%E3%82%93" n1="%E5%B0%B1%E6%B4%BB%E7%94%9F%40%E5%B7%9D%E6%9D%91%E8%BB%8D%E5%9B%A3" n2="%E3%81%84%E3%81%A3%E3%81%8D%40%4B%55" n3="%E3%81%A8%E3%81%A8" dan="16,16,16,17" rate="2090.40,2139.13,2065.09,2133.55" sx="M,M,M,F"/><TAIKYOKU oya="0"/><INIT seed="0,0,0,3,4,50" ten="250,250,250,250" oya="0" hai0="30,82,4,9,135,16,116,85,69,96,59,118,46" hai1="26,36,62,6,68,73,88,89,21,5,125,3,114" hai2="43,133,32,130,80,2,15,99,28,77,34,27,126" hai3="10,128,45,54,56,39,86,14,113,18,53,87,108"/><T60/><D69/><U122/><E36/><V131/><F126/><W84/><G113/><T40/><D135/><U94/><E73/><V93/><F133/><W8/><G108/><T72/><D72/><U105/><E105/><V107/><F2/><W103/><G128/><N who="2" m="49193" /><F107/><W37/><G103/><T64/><D30/><U92/><E114/><V31/><F43/><W110/><G110/><T13/><D96/><U20/><E122/><V63/><F15/><W66/><G66/><T61/><D61/><U38/><E38/><V44/><F44/><W109/><G109/><T58/><D58/><U90/><E125/><V78/><F63/><W75/><G75/><T35/><D35/><N who="2" m="13354" /><F27/><W119/><G119/><T129/><D129/><U120/><E120/><V74/><F78/><W100/><G100/><AGARI ba="0,0" hai="28,31,74,77,80,93,99,100" m="13354,49193" machi="100" ten="30,1000,0" yaku="19,1" doraHai="50" who="2" fromWho="3" sc="250,0,250,0,250,10,250,-10" /><INIT seed="1,0,0,1,4,0" ten="250,250,260,240" oya="1" hai0="91,86,39,14,19,99,104,12,133,30,18,71,82" hai1="106,25,51,38,110,60,83,112,49,78,44,65,125" hai2="68,129,27,103,9,122,41,77,127,2,8,128,23" hai3="45,67,97,131,96,47,102,101,98,13,11,15,48"/><U114/><E106/><V59/><F122/><W135/><G135/><T85/><D71/><U74/><E38/><V109/><F109/><W7/><G131/><T88/><D39/><U126/><E110/><V22/><F127/><N who="1" m="48649" /><E25/><V76/><F68/><W90/><G67/><T43/><D133/><U84/><E74/><V55/><F41/><W107/><G90/><T42/><D30/><U81/><E81/><V130/><F103/><W73/><G73/><T40/><D104/><U66/><E66/><V5/><F9/><W132/><G132/><T116/><D116/><U28/><E28/><N who="2" m="17527" /><F23/><W24/><G24/><T46/><D99/><U57/><E51/><AGARI ba="0,0" hai="2,5,8,51,55,59,76,77,128,129,130" m="17527" machi="51" ten="30,2000,0" yaku="19,1,52,1" doraHai="0" who="2" fromWho="1" sc="250,0,250,-20,260,20,240,0" /><INIT seed="2,0,0,1,1,42" ten="250,230,280,240" oya="2" hai0="26,113,3,80,6,36,86,48,71,89,20,85,127" hai1="7,17,130,50,10,106,63,62,100,116,110,32,65" hai2="99,92,33,124,16,9,74,101,73,40,115,4,39" hai3="41,91,75,114,102,129,88,134,56,13,117,66,14"/><V49/><F115/><W123/><G75/><T46/><D113/><U18/><E116/><V51/><F124/><W121/><G117/><T103/><D127/><U25/><E110/><V105/><F39/><W111/><G114/><T70/><D36/><U96/><E130/><V34/><F105/><W126/><G111/><T60/><D103/><U82/><E82/><V83/><F34/><W24/><G102/><T43/><D6/><U132/><E132/><V112/><F33/><W61/><G129/><T28/><D3/><U77/><E77/><V118/><F118/><W68/><G134/><T21/><D21/><U8/><E63/><V87/><F112/><W31/><G126/><T1/><D1/><U131/><E131/><V109/><F49/><W27/><G41/><T44/><D44/><U79/><E79/><V30/><F30/><W35/><G27/><T67/><REACH who="0" step="1"/><D85/><REACH who="0" ten="240,230,280,240" step="2"/><U45/><E10/><V120/><F120/><W133/><G133/><T58/><AGARI ba="0,1" hai="20,26,28,43,46,48,58,60,67,70,71,80,86,89" machi="58" ten="20,12000,2" yaku="1,1,2,1,0,1,7,1,52,1,53,1" doraHai="42" doraHaiUra="53" who="0" fromWho="0" sc="240,130,230,-30,280,-60,240,-30" /><INIT seed="3,0,0,3,5,91" ten="370,200,220,210" oya="3" hai0="47,126,104,44,95,86,79,53,118,43,33,2,84" hai1="15,111,80,58,131,29,26,52,109,68,105,120,132" hai2="3,123,125,72,14,70,30,61,11,19,119,12,92" hai3="49,45,133,130,18,37,101,66,22,112,54,97,55"/><W57/><G112/><T88/><D104/><U128/><E120/><V127/><F119/><W62/><G133/><T73/><D73/><U134/><E68/><V9/><F123/><W100/><G130/><N who="1" m="49706" /><E105/><V36/><F36/><W20/><G37/><T25/><D118/><U23/><E80/><V24/><F72/><W42/><G22/><T87/><D2/><U10/><E58/><V117/><F117/><W1/><G1/><T103/><D126/><N who="2" m="48138" /><F3/><W56/><G56/><T64/><D64/><U121/><E121/><V115/><F115/><W75/><G75/><T99/><D79/><U89/><E89/><V107/><F107/><W67/><G67/><T82/><D53/><U116/><E52/><N who="3" m="20010" /><G97/><T0/><D0/><U83/><E83/><V7/><F61/><W8/><G8/><T63/><D63/><U124/><E124/><V74/><F74/><W13/><AGARI ba="0,0" hai="13,18,20,42,45,49,57,62,66,100,101" m="20010" machi="13" ten="30,3000,0" yaku="8,1,54,1" doraHai="91" who="3" fromWho="3" sc="370,-10,200,-10,220,-10,210,30" /><INIT seed="3,1,0,1,5,28" ten="360,190,210,240" oya="3" hai0="81,41,122,107,115,61,59,97,22,86,44,9,19" hai1="25,57,40,82,68,53,89,63,34,106,67,129,15" hai2="99,131,92,62,54,16,77,91,133,134,101,32,72" hai3="132,43,117,83,76,104,95,119,93,2,112,23,20"/><W27/><G2/><T11/><D122/><U49/><E106/><V88/><F131/><W79/><G104/><T36/><D115/><U90/><E129/><V80/><F32/><W29/><G43/><T56/><D97/><U75/><E15/><V87/><F62/><W37/><G37/><T102/><D102/><U127/><E127/><V116/><F116/><W130/><G130/><T128/><D107/><U13/><E13/><V4/><F4/><W70/><G70/><T71/><D71/><U7/><E7/><V114/><F54/><W110/><G83/><T6/><D128/><U103/><E103/><V69/><F69/><W120/><G29/><T85/><D56/><U21/><E40/><V50/><F50/><W135/><G27/><T14/><D81/><U42/><E42/><V0/><F0/><W39/><G39/><T35/><D35/><U64/><E67/><V94/><F16/><W26/><G26/><T73/><D73/><U55/><E53/><V78/><F114/><W125/><G125/><T65/><REACH who="0" step="1"/><D9/><REACH who="0" ten="350,190,210,240" step="2"/><U12/><E82/><N who="2" m="45351" /><F101/><W30/><G112/><T5/><D5/><U113/><E75/><AGARI ba="1,1" hai="75,78,80,87,88,91,92,94,99,133,134" m="45351" machi="75" ten="30,3900,0" yaku="34,2,54,1" doraHai="28" who="2" fromWho="1" sc="350,0,190,-42,210,52,240,0" /><INIT seed="4,0,0,5,3,98" ten="350,148,262,240" oya="0" hai0="11,132,47,106,135,27,107,80,94,72,22,60,18" hai1="44,28,87,118,51,116,126,43,79,103,32,7,104" hai2="25,41,97,110,127,113,76,90,55,95,38,57,52" hai3="109,77,5,54,58,134,84,2,0,15,13,48,75"/><T119/><D119/><U26/><E126/><V99/><F110/><W36/><G75/><T14/><D60/><U10/><E104/><V131/><F113/><W133/><G36/><T112/><D112/><U62/><E62/><V124/><F131/><W67/><G109/><T12/><D12/><U86/><E86/><V83/><F25/><W53/><G67/><T50/><D94/><U59/><E59/><V130/><F130/><W120/><G5/><T81/><D106/><U31/><E31/><V64/><F64/><W128/><G128/><T89/><D107/><U1/><REACH who="1" step="1"/><E103/><REACH who="1" ten="350,138,262,240" step="2"/><V8/><F124/><W39/><G58/><T121/><D72/><U123/><E123/><V34/><F127/><W37/><G84/><T30/><D121/><U23/><E23/><V85/><F34/><W69/><G120/><T21/><D21/><U105/><E105/><V73/><F8/><W70/><G77/><T61/><D61/><U78/><E78/><V125/><F125/><W66/><G66/><T6/><D30/><U33/><E33/><V92/><F73/><W71/><G71/><T17/><D22/><U111/><E111/><V9/><F9/><W101/><G101/><T4/><D11/><U100/><E100/><N who="2" m="60455" /><F57/><W65/><G65/><T102/><D102/><U16/><E16/><V93/><F76/><W91/><G91/><T108/><D17/><U29/><E29/><V88/><F95/><W45/><G45/><T129/><D47/><U115/><E115/><V82/><F82/><AGARI ba="0,1" hai="1,7,10,26,28,32,43,44,51,79,82,87,116,118" machi="82" ten="40,1300,0" yaku="1,1,53,0" doraHai="98" doraHaiUra="63" who="1" fromWho="2" sc="350,0,138,23,262,-13,240,0" /><INIT seed="5,0,0,5,2,51" ten="350,161,249,240" oya="1" hai0="10,18,35,47,112,3,31,93,122,44,41,74,49" hai1="83,48,105,114,15,135,77,57,85,62,63,55,28" hai2="128,129,53,118,115,78,68,71,37,92,16,90,33" hai3="131,67,130,19,50,9,134,6,76,42,8,79,113"/><U65/><E105/><V109/><F118/><W126/><G113/><T26/><D112/><U87/><E114/><V94/><F115/><W123/><G123/><T56/><D122/><U54/><E135/><V80/><F109/><W17/><G67/><T124/><D124/><U99/><E99/><V58/><F37/><W14/><G126/><T132/><D132/><U12/><E28/><V72/><F33/><W66/><G66/><T91/><D74/><U60/><E85/><V7/><F7/><W88/><G134/><T30/><D30/><U27/><E27/><V110/><F110/><W120/><G120/><T70/><D70/><U59/><REACH who="1" step="1"/><E62/><REACH who="1" ten="350,151,249,240" step="2"/><V119/><F119/><W103/><G131/><T95/><D31/><U23/><E23/><V43/><F128/><W52/><G130/><T84/><D26/><U61/><E61/><V40/><F129/><W102/><G9/><T86/><D10/><U106/><E106/><V39/><F72/><W69/><G8/><T100/><D86/><U38/><E38/><V4/><F39/><W133/><G133/><T81/><D84/><U73/><E73/><V107/><F107/><W45/><G6/><T98/><D98/><U29/><E29/><V1/><F4/><W101/><G19/><T32/><D18/><U82/><E82/><V127/><F16/><W13/><G17/><T24/><D81/><U22/><E22/><V25/><F80/><W121/><G121/><T75/><D24/><U96/><E96/><V125/><F25/><W5/><G5/><T111/><D75/><U97/><E97/><V116/><F127/><RYUUKYOKU ba="0,1" sc="350,-10,151,30,249,-10,240,-10" hai1="12,15,48,54,55,57,59,60,63,65,77,83,87" /><INIT seed="5,1,1,4,5,36" ten="340,181,239,230" oya="1" hai0="123,57,96,111,23,99,32,66,1,90,74,2,58" hai1="54,31,27,93,114,51,55,59,124,84,116,64,129" hai2="73,134,42,48,69,133,132,95,109,91,86,125,71" hai3="98,26,92,35,0,7,135,8,60,106,41,110,108"/><U61/><E116/><V30/><F109/><W80/><G135/><T72/><D32/><U107/><E107/><V13/><F125/><W105/><G80/><T130/><D111/><U76/><E124/><V10/><F73/><W18/><G110/><T45/><D45/><U82/><E114/><V20/><F20/><W19/><G19/><T17/><D17/><U75/><E129/><V47/><REACH who="2" step="1"/><F30/><REACH who="2" ten="340,181,229,230" step="2"/><W94/><G108/><T12/><D23/><N who="1" m="15871" /><E75/><V131/><F131/><W118/><G118/><T49/><D130/><U67/><E93/><V65/><F65/><W56/><G94/><T3/><D66/><U11/><E11/><V68/><F68/><W4/><G92/><T115/><D74/><U120/><E120/><V70/><F70/><W16/><G8/><T38/><D72/><U53/><E67/><V113/><F113/><W52/><G105/><T37/><D115/><U62/><E62/><V33/><F33/><W77/><G35/><T117/><D123/><U9/><E9/><V39/><F39/><W6/><G106/><T50/><D117/><U100/><E100/><V83/><F83/><W81/><G81/><T85/><D38/><U88/><E76/><V89/><F89/><W40/><G77/><T126/><D37/><U79/><E79/><V14/><F14/><W25/><G60/><T103/><D126/><U101/><E101/><V46/><F46/><AGARI ba="1,2" hai="46,51,53,54,55,59,61,64,82,84,88" m="15871" machi="46" ten="30,2900,0" yaku="8,1,54,1" doraHai="36" who="1" fromWho="2" sc="340,0,181,52,229,-32,230,0" /><INIT seed="5,2,0,1,3,0" ten="340,233,197,230" oya="1" hai0="7,72,108,80,129,71,44,39,94,47,10,106,28" hai1="82,125,41,76,22,33,89,36,40,128,66,67,88" hai2="110,86,48,64,2,27,24,37,11,69,93,38,122" hai3="107,45,114,113,9,32,111,4,131,63,1,23,18"/><U53/><E33/><V34/><F122/><W25/><G107/><T19/><D108/><U109/><E109/><V59/><F110/><W75/><G111/><T15/><D106/><U121/><E121/><V26/><F69/><W102/><G102/><T126/><D71/><U116/><E116/><V77/><F34/><W21/><G63/><T85/><D126/><U55/><E125/><V52/><F64/><N who="1" m="24617" /><E36/><V133/><F133/><W118/><G45/><T17/><D129/><U13/><E76/><V73/><F73/><W92/><G92/><T112/><D112/><N who="3" m="43113" /><G75/><T49/><D39/><U79/><E79/><V96/><F86/><W30/><G131/><T29/><D72/><U103/><E103/><V119/><F77/><W61/><G61/><T20/><D94/><U90/><E82/><V31/><F31/><N who="0" m="11850" /><D49/><U127/><E127/><V135/><F135/><W54/><G54/><N who="1" m="20490" /><E128/><V130/><F130/><W14/><G118/><T51/><D51/><U57/><E57/><V43/><F43/><N who="1" m="16457" /><E22/><AGARI ba="2,0" hai="1,4,9,14,18,21,22,23,25,30,32" m="43113" machi="22" ten="30,8000,1" yaku="24,1,15,1,34,2,52,1" doraHai="0" who="3" fromWho="1" sc="340,0,233,-86,197,0,230,86" /><INIT seed="6,0,0,5,2,125" ten="340,147,197,316" oya="2" hai0="104,27,6,73,36,126,117,115,65,9,107,23,40" hai1="87,64,16,28,55,5,51,92,50,110,41,81,56" hai2="80,39,61,47,57,90,95,21,72,46,33,53,20" hai3="63,58,18,4,83,8,48,31,118,34,71,44,69"/><V132/><F132/><W24/><G118/><T70/><D73/><U113/><E110/><V49/><F33/><W91/><G18/><T29/><D126/><U111/><E111/><V52/><F72/><W121/><G121/><T99/><D117/><U124/><E124/><V79/><F79/><W10/><G10/><T43/><D115/><U128/><E5/><V1/><F1/><W22/><G34/><T59/><D70/><U108/><E108/><V66/><F80/><W93/><G83/><T135/><D135/><U105/><E105/><V14/><F14/><W75/><G75/><T78/><D78/><U15/><E28/><V45/><F39/><W62/><G44/><N who="2" m="17001" /><F53/><W85/><G48/><T129/><D129/><U11/><E128/><V32/><F32/><W35/><G35/><T96/><D104/><U106/><E106/><V119/><F119/><W98/><G85/><AGARI ba="0,0" hai="20,21,47,49,52,57,61,66,85,90,95" m="17001" machi="85" ten="30,2900,0" yaku="8,1,54,1" doraHai="125" who="2" fromWho="3" sc="340,0,147,0,197,29,316,-29" /><INIT seed="6,1,0,4,2,113" ten="340,147,226,287" oya="2" hai0="123,1,120,101,9,135,11,48,59,3,63,47,26" hai1="104,15,42,131,34,51,114,132,18,68,10,125,66" hai2="54,88,99,28,19,106,62,109,75,70,46,94,90" hai3="12,5,16,126,53,93,86,35,14,103,108,118,27"/><V102/><F109/><W17/><G108/><T52/><D135/><U32/><E104/><V130/><F130/><W38/><G38/><T122/><D101/><U71/><E114/><V65/><F75/><W2/><G103/><T115/><D115/><U69/><E131/><V36/><F19/><N who="3" m="7243" /><G53/><T8/><REACH who="0" step="1"/><D26/><REACH who="0" ten="330,147,226,287" step="2"/><U97/><E132/><V85/><F90/><W73/><G27/><T134/><D134/><U43/><E125/><V80/><F28/><W92/><G126/><T95/><D95/><U129/><E129/><V116/><F116/><W57/><G93/><T81/><D81/><U119/><E119/><V30/><F30/><W31/><G92/><T100/><D100/><U133/><E133/><V13/><F106/><W74/><G31/><T64/><AGARI ba="1,1" hai="1,3,8,9,11,47,48,52,59,63,64,120,122,123" machi="64" ten="40,5200,0" yaku="1,1,0,1,54,1,53,0" doraHai="113" doraHaiUra="37" who="0" fromWho="0" sc="330,65,147,-14,226,-27,287,-14" /><INIT seed="7,0,0,4,0,122" ten="395,133,199,273" oya="3" hai0="103,52,54,82,78,45,33,92,37,18,35,110,120" hai1="90,116,71,84,68,46,57,131,115,12,129,81,101" hai2="83,27,53,29,41,114,112,106,133,88,74,69,0" hai3="11,87,130,61,97,38,6,79,32,26,25,105,104"/><W14/><G38/><T123/><D110/><U91/><E115/><N who="2" m="44075" /><F0/><W132/><G132/><T59/><D35/><U98/><E116/><V76/><F106/><W111/><G130/><T20/><D33/><U16/><E46/><V86/><F133/><W24/><G32/><T65/><D65/><U94/><E57/><V36/><F69/><W49/><G61/><T47/><D54/><U126/><E126/><V75/><F53/><W70/><G70/><T118/><D118/><U51/><E51/><V72/><F41/><W95/><G95/><T107/><D107/><U128/><REACH who="1" step="1"/><E91/><REACH who="1" ten="395,123,199,273" step="2"/><V108/><F36/><W28/><G49/><T7/><D45/><U48/><E48/><V39/><F39/><W5/><G79/><T102/><D18/><U17/><E17/><V99/><F108/><W4/><G111/><T135/><D20/><AGARI ba="0,1" hai="12,16,20,68,71,81,84,90,94,98,101,128,129,131" machi="20" ten="40,5200,0" yaku="1,1,19,1,54,1,53,0" doraHai="122" doraHaiUra="22" who="1" fromWho="0" sc="395,-52,123,62,199,0,273,0" owari="343,44.0,185,-31.0,199,-20.0,273,7.0" /></mjloggm>