<mjloggm ver="2.3"><GO type="169" lobby="0"/><UN n0="%E5%B0%B1%E6%B4%BB%E7%94%9F%40%E5%B7%9D%E6%9D%91%E8%BB%8D%E5%9B%A3" n1="%E3%82%A2%E3%83%95%E3%83%AA%E3%82%AB" n2="%52%69%2D%4D%6F%2D" n3="%E6%99%82%E3%81%AE%E6%BC%82%E6%B3%8A" dan="17,16,17,16" rate="2207.94,2111.46,2133.11,2134.75" sx="M,M,M,F"/><TAIKYOKU oya="0"/><INIT seed="0,0,0,1,3,74" ten="250,250,250,250" oya="0" hai0="94,52,79,37,86,107,118,80,34,83,120,101,2" hai1="96,21,103,71,8,106,116,123,87,100,73,119,110" hai2="97,72,109,22,19,84,77,33,14,89,93,95,28" hai3="131,60,24,91,68,104,127,124,126,112,38,46,43"/><T134/><D118/><U6/><E71/><V59/><F109/><W4/><G112/><T128/><D120/><U129/><E110/><V39/><F39/><W32/><G4/><T31/><D2/><U81/><E123/><V70/><F70/><W50/><G104/><T20/><D34/><U42/><E129/><V47/><F47/><W3/><G3/><T11/><D37/><U82/><E42/><V53/><F72/><W117/><G117/><T7/><D107/><U44/><E44/><V17/><F33/><W25/><G38/><T30/><D134/><U51/><E51/><V40/><F40/><W78/><G91/><T54/><D128/><U90/><E21/><V1/><F1/><W102/><G102/><T113/><D113/><U27/><E27/><N who="3" m="10314" /><G32/><T130/><D130/><U63/><E103/><N who="2" m="60847" /><F19/><W26/><N who="3" m="10322" /><W132/><DORA hai="88" /><G131/><T65/><D65/><U13/><REACH who="1" step="1"/><E63/><REACH who="1" ten="250,240,250,250" step="2"/><N who="2" m="36335" /><F28/><W0/><G132/><T18/><D30/><U121/><E121/><V66/><F66/><N who="3" m="41031" /><G0/><T64/><D64/><U92/><E92/><V122/><F122/><W36/><G36/><T75/><D31/><U5/><E5/><V76/><AGARI ba="0,1" hai="14,17,22,76,77,84,89,95" m="36335,60847" machi="76" ten="30,8000,1" yaku="8,1,52,4" doraHai="74,88" who="2" fromWho="2" sc="250,-40,240,-20,250,90,250,-20" /><INIT seed="1,0,0,2,1,123" ten="210,220,340,230" oya="1" hai0="106,32,105,73,24,67,5,43,57,134,12,129,62" hai1="38,50,119,64,131,69,48,81,7,15,121,29,97" hai2="35,127,33,18,100,44,63,113,107,65,61,84,103" hai3="39,94,87,83,78,21,19,75,109,89,71,47,55"/><U118/><E38/><V37/><F127/><W25/><G71/><T14/><D73/><U4/><E121/><V36/><F84/><W27/><G27/><T111/><D129/><U124/><E131/><V66/><F18/><W80/><G80/><T99/><D134/><U102/><E124/><V9/><F9/><W101/><G101/><T40/><D99/><U46/><E29/><V17/><F17/><W70/><G70/><T91/><D91/><U88/><E69/><V28/><F44/><W1/><G1/><T72/><D72/><U13/><E64/><V92/><F92/><W20/><G20/><T130/><D130/><U85/><E50/><V86/><F86/><W26/><G26/><T42/><D111/><U22/><E119/><V60/><F60/><W52/><REACH who="3" step="1"/><G109/><REACH who="3" ten="210,220,340,220" step="2"/><T120/><D120/><U98/><E102/><V49/><F100/><W108/><G108/><T0/><D24/><U95/><E81/><V104/><F103/><W10/><G10/><T34/><D0/><U125/><E125/><V126/><F126/><W8/><G8/><T59/><D32/><U45/><E22/><V56/><F35/><W41/><AGARI ba="0,1" hai="19,21,25,39,41,47,52,55,75,78,83,87,89,94" machi="41" ten="30,4000,0" yaku="1,1,0,1,54,1,53,0" doraHai="123" doraHaiUra="135" who="3" fromWho="3" sc="210,-10,220,-20,340,-10,220,50" /><INIT seed="2,0,0,3,4,36" ten="200,200,330,270" oya="2" hai0="12,65,71,42,79,81,15,128,6,44,118,53,41" hai1="47,37,9,39,43,95,135,0,96,92,125,46,45" hai2="13,75,89,113,55,88,26,134,133,106,16,22,87" hai3="82,124,2,108,103,107,49,111,54,115,62,10,5"/><V19/><F75/><W73/><G124/><T122/><D122/><U50/><E125/><V25/><F113/><W90/><G115/><T58/><D128/><U116/><E116/><V98/><F55/><W8/><G62/><N who="0" m="38103" /><D71/><U20/><E135/><N who="2" m="51723" /><F87/><N who="3" m="50551" /><G73/><T76/><D118/><U48/><E46/><V123/><F123/><W114/><G114/><T93/><D93/><U3/><E20/><N who="2" m="11279" /><F25/><W78/><G78/><N who="0" m="29739" /><D81/><U101/><E95/><N who="2" m="56679" /><F89/><W86/><G86/><T110/><D110/><U77/><E77/><V52/><F52/><W33/><G54/><T131/><D131/><U112/><E112/><V64/><F64/><W129/><G129/><T83/><D12/><U40/><E9/><V105/><AGARI ba="0,0" hai="19,22,26,105,106" m="56679,11279,51723" machi="105" ten="30,6000,0" yaku="20,1,54,2" doraHai="36" who="2" fromWho="2" sc="200,-20,200,-20,330,60,270,-20" /><INIT seed="2,1,0,0,2,37" ten="180,180,390,250" oya="2" hai0="33,58,53,113,85,3,5,133,40,39,134,72,111" hai1="101,25,121,67,15,106,23,28,4,73,87,52,90" hai2="103,34,36,50,79,44,129,120,108,18,63,2,0" hai3="109,49,114,76,56,135,71,116,60,17,19,92,115"/><V102/><F120/><W8/><G116/><T54/><D33/><U29/><E121/><V55/><F34/><W126/><G76/><T74/><D113/><U100/><E73/><V91/><F79/><W94/><G109/><T65/><D5/><U6/><E67/><V35/><F35/><W107/><G107/><T80/><D3/><U11/><E6/><V22/><F108/><W41/><G71/><T13/><D13/><U96/><E101/><V122/><F122/><W97/><G135/><N who="0" m="51723" /><D65/><U46/><E46/><V124/><F36/><W88/><G126/><T128/><D128/><U31/><E52/><N who="0" m="20073" /><D58/><U104/><E104/><V10/><F124/><W66/><G8/><T130/><D130/><U131/><E131/><V95/><F129/><W123/><G123/><T81/><D111/><U77/><REACH who="1" step="1"/><E77/><REACH who="1" ten="180,170,390,250" step="2"/><V82/><F44/><N who="3" m="25743" /><G114/><T127/><D127/><U27/><E27/><V89/><F102/><N who="3" m="60711" /><G115/><T64/><D64/><U125/><E125/><V117/><F103/><W62/><G62/><T45/><D85/><AGARI ba="1,1" hai="17,19,56,60,66,85,88,94" m="60711,25743" machi="85" ten="30,3900,0" yaku="8,1,52,1,54,1" doraHai="37" who="3" fromWho="0" sc="180,-42,170,0,390,0,250,52" /><INIT seed="3,0,0,5,1,127" ten="138,170,390,302" oya="3" hai0="30,62,37,118,45,135,85,124,32,38,65,7,122" hai1="121,71,57,131,81,47,98,19,20,77,91,114,125" hai2="27,40,59,82,110,117,13,93,101,22,113,2,1" hai3="35,104,51,102,54,34,17,9,49,115,50,44,25"/><W84/><G115/><T86/><D124/><U78/><E71/><V61/><F113/><W43/><G104/><T79/><D118/><U107/><E114/><V5/><F117/><W21/><G102/><T15/><D122/><U74/><E78/><V128/><F110/><W6/><G84/><T100/><D135/><U23/><E23/><V4/><F40/><W133/><G133/><T63/><D100/><U26/><E125/><V106/><F106/><W39/><REACH who="3" step="1"/><G54/><REACH who="3" ten="138,170,390,292" step="2"/><T94/><D85/><U60/><E107/><V16/><F101/><W132/><G132/><T8/><D86/><U109/><E121/><V130/><F93/><W112/><G112/><T36/><D79/><U56/><E109/><V41/><F82/><W67/><G67/><T3/><D94/><U31/><E81/><V97/><F97/><W108/><G108/><T42/><D65/><U105/><E98/><V73/><F73/><W69/><G69/><T28/><D3/><AGARI ba="0,1" hai="3,6,9,17,21,25,34,35,39,43,44,49,50,51" machi="3" ten="40,2000,0" yaku="1,1,53,0" doraHai="127" doraHaiUra="129" who="3" fromWho="0" sc="138,-20,170,0,390,0,292,30" /><INIT seed="3,1,0,3,1,52" ten="118,170,390,322" oya="3" hai0="60,111,96,46,103,123,5,1,114,59,127,58,12" hai1="14,97,131,119,34,2,39,81,74,115,42,73,64" hai2="54,68,108,91,26,122,124,65,55,31,49,43,133" hai3="0,87,20,40,15,84,88,72,9,94,89,47,85"/><W67/><G72/><T82/><D111/><U126/><E14/><V63/><F108/><W66/><G0/><T10/><D123/><U125/><E64/><V129/><F122/><W21/><G67/><T117/><D117/><U113/><E97/><V38/><F124/><W70/><G66/><T71/><D127/><U78/><E81/><V6/><F129/><W112/><G70/><T118/><D118/><U30/><E30/><V101/><F133/><W17/><G112/><T86/><D114/><U107/><E42/><V22/><F6/><W99/><REACH who="3" step="1"/><G89/><REACH who="3" ten="118,170,390,312" step="2"/><T121/><D121/><U27/><E74/><V98/><F91/><W128/><G128/><T100/><D71/><U62/><E131/><V23/><F65/><W36/><AGARI ba="1,1" hai="9,15,17,20,21,36,40,47,84,85,87,88,94,99" machi="36" ten="30,6000,0" yaku="1,1,0,1,54,1,53,0" doraHai="52" doraHaiUra="28" who="3" fromWho="3" sc="118,-21,170,-21,390,-21,312,73" /><INIT seed="3,2,0,5,1,51" ten="97,149,369,385" oya="3" hai0="106,108,60,7,87,105,4,5,23,77,98,66,132" hai1="40,120,18,55,1,99,6,24,26,19,126,49,68" hai2="115,72,41,80,12,130,67,91,75,65,16,83,10" hai3="81,43,69,14,124,32,86,122,17,20,89,34,128"/><W92/><G122/><T42/><D108/><U63/><E120/><V79/><F115/><W114/><G114/><T94/><D132/><U96/><E126/><V112/><F112/><W15/><G69/><T104/><D42/><U97/><E6/><V76/><F130/><W119/><G128/><T58/><D23/><U25/><E1/><V50/><F91/><W61/><G119/><T84/><REACH who="0" step="1"/><D77/><REACH who="0" ten="87,149,369,385" step="2"/><U0/><E40/><V8/><F8/><W116/><G43/><T111/><D111/><U131/><E131/><V11/><F10/><W129/><G129/><T21/><D21/><U56/><E0/><V35/><F35/><W46/><G116/><T64/><D64/><N who="1" m="39015" /><E68/><V109/><F109/><W88/><G124/><T36/><D36/><U135/><E135/><V100/><F100/><AGARI ba="2,1" hai="4,5,7,58,60,66,84,87,94,98,100,104,105,106" machi="100" ten="50,1600,0" yaku="1,1,53,0" doraHai="51" doraHaiUra="133" who="0" fromWho="2" sc="87,32,149,0,369,-22,385,0" /><INIT seed="4,0,0,4,1,45" ten="119,149,347,385" oya="0" hai0="67,33,108,103,101,10,96,21,122,18,14,131,99" hai1="90,126,38,121,32,39,118,109,58,66,15,65,54" hai2="80,52,133,61,26,25,22,69,24,9,94,41,135" hai3="0,70,36,79,3,83,1,47,51,115,88,23,53"/><T2/><D122/><U76/><E32/><V102/><F41/><W114/><G36/><N who="1" m="13866" /><E90/><V97/><F9/><W84/><G70/><T100/><D33/><U4/><E15/><V89/><F22/><W85/><REACH who="3" step="1"/><G23/><REACH who="3" ten="119,149,347,375" step="2"/><T73/><D108/><U132/><E109/><V13/><F69/><W130/><G130/><T30/><D131/><U95/><E121/><V46/><F133/><W56/><G56/><T74/><D67/><U127/><E132/><V48/><F135/><W111/><G111/><T75/><REACH who="0" step="1"/><D2/><REACH who="0" ten="109,149,347,375" step="2"/><U125/><E66/><V42/><F13/><W78/><G78/><T119/><D119/><U104/><E65/><V93/><F25/><AGARI ba="0,2" hai="10,14,18,21,25,30,73,74,75,96,99,100,101,103" machi="25" ten="50,2400,0" yaku="1,1,53,0" doraHai="45" doraHaiUra="57" who="0" fromWho="2" sc="109,44,149,0,347,-24,375,0" /><INIT seed="4,1,0,3,3,97" ten="153,149,323,375" oya="0" hai0="32,21,37,135,22,57,105,47,80,116,82,2,56" hai1="12,79,73,81,128,67,1,26,66,87,134,118,25" hai2="110,76,40,27,19,31,45,85,18,13,4,48,95" hai3="101,0,127,28,114,106,130,20,78,6,107,72,36"/><T98/><D32/><U133/><E1/><V126/><F110/><W54/><G36/><T49/><D116/><U11/><E118/><V111/><F111/><W38/><G38/><T61/><D2/><U117/><E117/><V90/><F126/><W109/><G109/><T43/><D135/><N who="1" m="51723" /><E128/><V52/><F76/><W44/><G130/><T121/><D121/><U70/><E73/><V55/><F4/><W115/><G127/><T89/><D37/><U131/><E131/><V16/><REACH who="2" step="1"/><F13/><REACH who="2" ten="153,149,313,375" step="2"/><W10/><G78/><T46/><D46/><U132/><E132/><V63/><F63/><W96/><G72/><T99/><D57/><U42/><E70/><V5/><F5/><W83/><G0/><T69/><D69/><U93/><E12/><V33/><AGARI ba="1,1" hai="16,18,19,27,31,33,40,45,48,52,55,85,90,95" machi="33" ten="30,8000,1" yaku="1,1,0,1,54,2,53,1" doraHai="97" doraHaiUra="39" who="2" fromWho="2" sc="153,-41,149,-21,313,93,375,-21" /><INIT seed="5,0,0,5,5,3" ten="112,128,406,354" oya="1" hai0="23,33,128,20,56,126,7,65,99,132,26,31,15" hai1="57,54,115,90,127,38,92,32,82,10,109,120,53" hai2="80,71,29,73,63,25,85,47,51,130,70,35,14" hai3="93,78,76,39,114,58,34,117,49,36,59,50,40"/><U18/><E38/><V95/><F130/><W67/><G93/><T111/><D111/><U104/><E104/><V116/><F116/><W103/><G103/><T66/><D128/><U134/><E32/><V97/><F73/><W131/><G131/><T75/><D75/><U87/><E120/><V74/><F74/><W133/><G34/><T16/><D132/><U83/><E134/><V21/><F63/><W108/><G133/><T113/><D113/><U123/><E123/><V124/><F124/><W5/><G67/><N who="0" m="25611" /><D33/><U48/><E115/><V13/><F13/><W6/><G114/><T64/><D126/><U112/><E112/><V30/><F30/><W106/><G40/><T46/><D46/><N who="1" m="27799" /><E109/><V9/><F35/><W101/><G101/><T84/><D84/><U52/><E127/><V8/><F70/><W45/><G108/><T118/><D118/><U98/><E57/><V27/><F27/><W110/><G110/><T119/><D119/><U81/><E87/><V12/><F71/><W121/><G117/><T69/><D69/><U22/><E10/><V60/><F9/><W1/><G121/><T17/><D99/><U129/><E129/><V135/><F135/><W122/><G122/><T91/><D91/><U0/><E0/><V4/><F97/><W107/><G45/><T44/><D44/><U43/><E43/><V24/><F47/><W125/><G125/><T2/><D2/><AGARI ba="0,0" hai="1,2,5,6,36,39,49,50,58,59,76,78,106,107" machi="2" ten="25,6400,0" yaku="22,2,52,2" doraHai="3" who="3" fromWho="0" sc="112,-64,128,0,406,0,354,64" /><INIT seed="6,0,0,4,5,17" ten="48,128,406,418" oya="2" hai0="40,80,92,123,65,67,114,22,105,96,23,126,124" hai1="101,36,28,135,131,42,77,31,49,13,19,133,110" hai2="60,3,129,90,0,73,66,61,1,51,108,86,116" hai3="128,130,52,82,56,79,70,106,5,91,12,74,75"/><V26/><F116/><W48/><G106/><T57/><D123/><U20/><E36/><V68/><F73/><W107/><G107/><T69/><D69/><U44/><E101/><V7/><F129/><N who="3" m="49771" /><G70/><T53/><D105/><U87/><E110/><V9/><F108/><W18/><G5/><T72/><D40/><U88/><E77/><V33/><F61/><W29/><G29/><T59/><D72/><U132/><E131/><V94/><REACH who="2" step="1"/><F51/><REACH who="2" ten="48,128,396,418" step="2"/><W63/><G75/><T98/><D114/><U89/><E135/><V4/><F4/><W24/><G24/><T97/><D92/><U30/><E133/><V25/><F25/><W41/><G63/><T32/><D80/><U104/><E104/><V134/><F134/><W37/><G37/><T6/><D6/><U58/><E132/><V11/><F11/><N who="3" m="6431" /><G91/><T93/><D93/><U55/><E89/><V113/><F113/><W95/><G95/><T14/><D14/><U34/><E88/><V38/><F38/><W103/><G103/><T43/><D32/><U27/><E34/><V122/><F122/><W71/><G71/><T83/><D83/><U35/><E87/><V109/><F109/><W78/><G78/><T47/><D97/><U85/><E85/><V54/><F54/><W45/><G52/><T81/><D81/><U121/><E121/><V115/><F115/><W39/><G39/><T76/><D53/><U46/><E46/><V16/><F16/><W118/><G118/><T84/><D43/><U111/><E111/><V64/><F64/><W2/><G2/><T10/><D76/><U50/><AGARI ba="0,1" hai="13,19,20,27,28,30,31,35,42,44,49,50,55,58" machi="50" ten="20,5200,0" yaku="5,1,0,1,7,1,52,1" doraHai="17" who="1" fromWho="1" sc="48,-13,128,62,396,-26,418,-13" /><INIT seed="7,0,0,0,4,37" ten="35,190,370,405" oya="3" hai0="41,52,101,135,45,77,22,30,74,10,17,43,112" hai1="90,27,7,26,2,40,104,133,134,9,114,110,60" hai2="123,129,69,85,23,103,15,95,39,100,82,25,64" hai3="31,65,32,68,3,122,50,57,102,99,49,18,80"/><W53/><G122/><T73/><D73/><U93/><E104/><V42/><F123/><W109/><G3/><T106/><D74/><U12/><E110/><V62/><F129/><W113/><G109/><T115/><D77/><U132/><E114/><N who="0" m="43561" /><D106/><U88/><E60/><V108/><F108/><W11/><G113/><T29/><D101/><U54/><E54/><V86/><F15/><N who="3" m="7551" /><G68/><T94/><D94/><U59/><E59/><V79/><F86/><W36/><G36/><T21/><D10/><U91/><E93/><V127/><F127/><W128/><G128/><T131/><D131/><U19/><E91/><V58/><F69/><W96/><G32/><T81/><D81/><U125/><E88/><V67/><F67/><W105/><G65/><T121/><D121/><U126/><E90/><V83/><F83/><W84/><G31/><N who="0" m="11787" /><D135/><U33/><E134/><V71/><F71/><W92/><G105/><T1/><D1/><U5/><E2/><V61/><F61/><N who="3" m="36015" /><G99/><T6/><D6/><U130/><E130/><V14/><F14/><W46/><G46/><T116/><D116/><U97/><E7/><V118/><F118/><W55/><G55/><T16/><D45/><U51/><E5/><V8/><F8/><W87/><G87/><T89/><D89/><AGARI ba="0,0" hai="49,50,80,84,89,92,96,102" m="36015,7551" machi="89" ten="30,1500,0" yaku="8,1" doraHai="37" who="3" fromWho="0" sc="35,-15,190,0,370,0,405,15" owari="20,-48.0,190,-21.0,370,17.0,420,52.0" /></mjloggm>