<mjloggm ver="2.3"><GO type="169" lobby="0"/><UN n0="%79%61%73%68%69%78" n1="%E5%B0%B1%E6%B4%BB%E7%94%9F%40%E5%B7%9D%E6%9D%91%E8%BB%8D%E5%9B%A3" n2="%E3%83%89%E3%83%A9%EF%BC%91%EF%BC%92%EF%BC%90%EF%BC%85" n3="%6D%75%6B%69%74%74%69" dan="16,17,17,17" rate="2198.40,2221.27,2178.01,2108.44" sx="M,M,M,M"/><TAIKYOKU oya="0"/><INIT seed="0,0,0,1,1,126" ten="250,250,250,250" oya="0" hai0="115,69,90,103,8,113,10,86,25,71,73,64,70" hai1="6,40,12,89,0,59,75,57,11,2,120,84,130" hai2="79,47,67,49,68,26,42,56,72,43,106,66,124" hai3="77,85,29,76,111,125,107,119,41,54,27,93,23"/><T96/><D73/><U100/><E75/><V102/><F102/><W22/><G107/><T92/><D64/><U95/><E120/><V94/><F94/><W121/><G119/><T46/><D25/><U101/><E40/><V30/><F106/><W132/><G125/><T5/><D46/><U116/><E116/><V108/><F124/><W15/><G121/><T62/><D62/><U28/><E28/><V36/><F79/><W55/><G111/><T52/><D52/><N who="3" m="20009" /><G132/><T21/><D21/><U19/><E0/><V98/><F66/><W58/><G41/><T81/><REACH who="0" step="1"/><D10/><REACH who="0" ten="240,250,250,250" step="2"/><U17/><E59/><V123/><F47/><W112/><G58/><T33/><D33/><U44/><E57/><V131/><F56/><W97/><G23/><T32/><D32/><U109/><E44/><V7/><F67/><W133/><G22/><T37/><D37/><U31/><E109/><V39/><F39/><W61/><G27/><T87/><D87/><U35/><E84/><V13/><F26/><W65/><G61/><T53/><D53/><U50/><E35/><V78/><F36/><W18/><G65/><T134/><D134/><U114/><E11/><V118/><F108/><W127/><G85/><T20/><D20/><U110/><E110/><V104/><F72/><W16/><G133/><T60/><D60/><U63/><E63/><V99/><F43/><W34/><G34/><T105/><D105/><U14/><E50/><V1/><F42/><W45/><G127/><T9/><D9/><U135/><E135/><V122/><F49/><W38/><G45/><T51/><D51/><RYUUKYOKU ba="0,1" sc="240,30,250,-10,250,-10,250,-10" hai0="5,8,69,70,71,81,86,90,92,96,103,113,115" /><INIT seed="0,1,1,5,1,10" ten="270,240,240,240" oya="0" hai0="5,104,33,9,92,127,102,122,68,60,97,16,13" hai1="61,88,2,15,103,82,75,56,100,14,132,44,73" hai2="19,128,21,7,1,38,85,36,129,94,135,67,101" hai3="29,58,81,125,51,113,70,0,134,12,99,39,26"/><T86/><D122/><U25/><E2/><V24/><F67/><W6/><G39/><T3/><D127/><U93/><E132/><V32/><F135/><W78/><G70/><T63/><D33/><U48/><E75/><V35/><F1/><W126/><G0/><T37/><D37/><N who="2" m="14442" /><F7/><W98/><G134/><T76/><D68/><U106/><E73/><V123/><F123/><W133/><G133/><T42/><D42/><N who="1" m="24599" /><E106/><V74/><F74/><W22/><G113/><T69/><D69/><U111/><E25/><V40/><F40/><W66/><G66/><T109/><D109/><U27/><E27/><V114/><F114/><W105/><G105/><T34/><D34/><U59/><E82/><V4/><F4/><W119/><G119/><T30/><D30/><U110/><E110/><V62/><F35/><W116/><G116/><T8/><REACH who="0" step="1"/><D92/><REACH who="0" ten="260,240,240,240" step="2"/><U90/><E111/><V41/><F32/><W17/><G126/><T107/><D107/><U131/><E131/><V45/><F129/><W118/><G125/><T20/><D20/><U72/><E72/><V83/><F128/><W121/><G121/><T23/><D23/><U71/><E71/><V53/><F94/><W65/><G22/><T124/><D124/><U43/><E43/><V130/><F41/><W57/><G29/><T115/><D115/><U87/><E90/><N who="2" m="51519" /><F130/><W52/><G118/><T55/><D55/><N who="1" m="33951" /><E59/><V50/><F53/><W89/><G52/><T112/><D112/><U49/><E49/><V95/><F50/><W18/><G51/><T31/><D31/><U117/><E117/><V91/><F24/><RYUUKYOKU ba="1,2" sc="260,15,240,15,240,-15,240,-15" hai0="3,5,8,9,13,16,60,63,76,86,97,102,104" hai1="14,15,87,88,93,100,103" /><INIT seed="0,2,2,5,1,83" ten="275,255,225,225" oya="0" hai0="23,44,1,121,28,82,77,79,26,29,92,130,62" hai1="6,129,16,11,69,56,128,43,30,127,133,113,65" hai2="8,32,78,109,38,75,9,131,66,125,122,18,110" hai3="74,63,116,96,37,97,3,104,46,76,40,103,12"/><T33/><D121/><U67/><E69/><V13/><F122/><W42/><G116/><T15/><D1/><U87/><E30/><V49/><F38/><W72/><G3/><T5/><D33/><U100/><E100/><V48/><F32/><W134/><G134/><T123/><D123/><U14/><E133/><V20/><F131/><N who="1" m="50249" /><E127/><V0/><F125/><W118/><G118/><T57/><D29/><U91/><E43/><V94/><F66/><N who="1" m="25097" /><E56/><V112/><F112/><W71/><G42/><T39/><D28/><U25/><E25/><V73/><F0/><W111/><G71/><T34/><D57/><U126/><E126/><V61/><F61/><W17/><G63/><T93/><D62/><U86/><E113/><V124/><F124/><W68/><G68/><T58/><D58/><U64/><E64/><V135/><F135/><W95/><G76/><T80/><D26/><U41/><E41/><V52/><F78/><W27/><G27/><T84/><D34/><U7/><E87/><V70/><F70/><W120/><G120/><T115/><D115/><U60/><E60/><V31/><F75/><W2/><G2/><T132/><D132/><U99/><E99/><V106/><F73/><W85/><G85/><N who="0" m="48271" /><D130/><U47/><E47/><V24/><F48/><W45/><G45/><T107/><D107/><U105/><E105/><V50/><F106/><W90/><G111/><N who="2" m="42505" /><F50/><W19/><G19/><N who="0" m="10751" /><D39/><U36/><E36/><V101/><F31/><W51/><G37/><T53/><D5/><U21/><E11/><AGARI ba="2,2" hai="11,12,17,40,46,51,72,74,90,95,96,97,103,104" machi="11" ten="30,1000,0" yaku="7,1" doraHai="83" who="3" fromWho="1" sc="275,0,255,-16,225,0,225,36" /><INIT seed="1,0,0,3,4,96" ten="275,239,225,261" oya="1" hai0="92,125,0,97,101,81,119,10,65,40,37,42,9" hai1="124,113,8,2,57,50,21,31,91,126,4,76,49" hai2="128,63,130,46,33,66,109,120,79,105,68,27,87" hai3="123,131,129,48,11,54,51,108,12,70,53,78,132"/><U34/><E113/><V43/><F120/><W18/><G123/><T107/><D119/><U98/><E76/><V100/><F109/><W111/><G70/><T112/><D112/><U77/><E77/><V121/><F121/><W45/><G78/><T133/><D125/><U24/><E34/><V35/><F87/><W7/><G7/><T134/><D65/><U41/><E41/><N who="0" m="15977" /><D37/><U36/><E36/><N who="2" m="21863" /><F79/><W106/><G106/><T72/><D0/><U93/><REACH who="1" step="1"/><E57/><REACH who="1" ten="275,229,225,261" step="2"/><V28/><F35/><W30/><G132/><T13/><D134/><U83/><E83/><V17/><F33/><W64/><G111/><T3/><D81/><U104/><E104/><V116/><F105/><W67/><G108/><T44/><D107/><U117/><E117/><V6/><F116/><W99/><G131/><T90/><D72/><U69/><E69/><V127/><F68/><W23/><G129/><T75/><D75/><U39/><E39/><V86/><F130/><W52/><G45/><T94/><D44/><U60/><E60/><V95/><F63/><W122/><G122/><T118/><D118/><U16/><E16/><V89/><F17/><W102/><G18/><T29/><D133/><U1/><E1/><V115/><F128/><W55/><G51/><AGARI ba="0,1" hai="2,4,8,21,24,31,49,50,51,91,93,98,124,126" machi="51" ten="40,7700,0" yaku="1,1,53,2" doraHai="96" doraHaiUra="135" who="1" fromWho="3" sc="275,0,229,87,225,0,261,-77" /><INIT seed="1,1,0,1,1,66" ten="275,316,225,184" oya="1" hai0="19,117,56,95,45,29,81,126,83,71,129,82,84" hai1="37,133,105,92,97,130,8,65,94,57,78,27,36" hai2="6,0,58,120,28,122,124,11,64,86,100,16,24" hai3="3,69,119,32,108,127,123,14,47,116,38,62,87"/><U80/><E130/><V79/><F100/><W40/><G3/><T131/><D29/><U13/><E133/><V52/><F64/><N who="3" m="41111" /><G32/><T10/><D117/><N who="3" m="45129" /><G123/><T55/><D126/><U30/><E105/><V125/><F79/><W110/><G87/><T54/><D71/><U7/><E92/><V103/><F103/><W48/><G14/><N who="0" m="7639" /><D45/><U44/><E44/><V89/><F122/><W91/><G91/><N who="0" m="53735" /><D56/><U41/><E41/><V77/><F77/><W132/><G132/><T35/><D35/><U74/><E65/><V4/><F120/><W5/><G5/><T106/><D106/><U68/><E57/><V46/><F46/><N who="3" m="23831" /><G127/><T73/><D73/><U98/><E98/><V1/><F6/><W101/><G101/><T96/><D96/><U60/><E97/><V90/><F1/><W50/><G50/><T53/><D131/><U72/><E72/><V99/><F99/><W15/><G15/><T107/><D107/><U63/><E94/><V26/><F90/><W20/><G20/><T109/><D129/><U25/><E25/><V111/><F26/><W59/><G59/><T88/><D81/><U39/><E27/><V42/><F28/><W2/><G2/><T21/><D83/><U31/><E31/><V61/><F125/><W134/><G134/><T118/><D21/><U17/><E30/><V128/><F124/><W34/><G34/><T121/><D121/><U67/><E7/><V112/><F128/><W23/><G23/><T33/><D33/><U113/><E63/><V70/><F61/><W102/><G102/><T135/><D118/><U18/><E18/><RYUUKYOKU ba="1,0" sc="275,-15,316,15,225,-15,184,15" hai1="8,13,17,36,37,39,60,67,68,74,78,80,113" hai3="47,48,108,110" /><INIT seed="1,2,0,0,2,98" ten="260,331,210,199" oya="1" hai0="120,104,61,75,76,36,26,126,63,96,3,122,16" hai1="11,50,38,59,12,110,131,91,111,90,123,10,86" hai2="68,103,77,56,1,19,69,20,71,39,28,66,18" hai3="7,93,100,128,42,47,15,13,112,2,29,109,124"/><U84/><E38/><V52/><F39/><W58/><G112/><T85/><D36/><U37/><E37/><V92/><F1/><W23/><G2/><T72/><D3/><U21/><E123/><V53/><F77/><W46/><G109/><N who="1" m="41482" /><E131/><V60/><F28/><W64/><G128/><T30/><D126/><U27/><E59/><V34/><F34/><W9/><G124/><T117/><D117/><U88/><E50/><V35/><F35/><W67/><G42/><T135/><D135/><U129/><E129/><V55/><REACH who="2" step="1"/><F20/><REACH who="2" ten="260,331,200,199" step="2"/><W45/><G23/><N who="0" m="13671" /><D30/><N who="1" m="17775" /><E11/><V81/><F81/><W130/><G29/><T113/><D122/><U94/><E86/><V97/><AGARI ba="2,1" hai="18,19,52,53,55,56,60,66,68,69,71,92,97,103" machi="97" ten="40,12000,2" yaku="1,1,0,1,52,1,54,1,53,3" doraHai="98" doraHaiUra="49" who="2" fromWho="2" sc="260,-32,331,-62,200,136,199,-32" /><INIT seed="2,0,0,5,0,113" ten="228,269,336,167" oya="2" hai0="107,1,135,3,68,58,62,93,50,40,132,108,112" hai1="123,92,12,49,46,91,25,6,106,30,34,14,115" hai2="119,54,52,110,27,77,127,59,73,2,23,69,88" hai3="120,11,85,75,133,71,42,111,31,100,44,105,47"/><V29/><F69/><W99/><G120/><T10/><D107/><U13/><E106/><V87/><F127/><W131/><G75/><T129/><D112/><U125/><E123/><V63/><F2/><W122/><G122/><T89/><D108/><U121/><E121/><V126/><F126/><W7/><G71/><T26/><D26/><U8/><E115/><V37/><F110/><W19/><G111/><T90/><D68/><U114/><E114/><V97/><F37/><W65/><G65/><T96/><D129/><U124/><E125/><V134/><F134/><W4/><G133/><N who="0" m="51275" /><D10/><U53/><REACH who="1" step="1"/><E124/><REACH who="1" ten="228,259,336,167" step="2"/><V67/><F119/><W64/><G105/><T83/><D1/><U118/><E118/><V17/><F73/><W39/><G131/><T109/><D3/><U102/><E102/><V95/><F29/><W45/><G31/><T43/><D109/><U5/><E5/><V79/><F79/><W28/><G28/><T117/><D90/><U20/><E20/><V22/><F22/><W76/><G7/><T103/><D89/><U56/><E56/><V81/><AGARI ba="0,1" hai="17,23,27,52,54,59,63,67,77,81,87,88,95,97" machi="81" ten="30,11700,0" yaku="0,1,8,1,54,2" doraHai="113" who="2" fromWho="2" sc="228,-39,259,-39,336,127,167,-39" /><INIT seed="2,1,0,0,1,7" ten="189,220,463,128" oya="2" hai0="63,57,90,91,40,67,130,93,129,16,68,55,124" hai1="44,118,59,86,98,56,113,20,19,10,133,103,0" hai2="112,78,79,11,123,28,134,38,1,109,105,12,51" hai3="108,36,18,43,104,60,71,5,74,34,23,29,27"/><V101/><F38/><W119/><G119/><T84/><D124/><U97/><E118/><V132/><F123/><W35/><G74/><T47/><D67/><U73/><E73/><V96/><F112/><W111/><G104/><T115/><D68/><U83/><E113/><V6/><F28/><W58/><G71/><T26/><D115/><U107/><E133/><N who="2" m="51307" /><F109/><N who="3" m="42059" /><G5/><T127/><D127/><U128/><E128/><V45/><F1/><W94/><G94/><T49/><D90/><U14/><E98/><V13/><F13/><N who="3" m="9679" /><G36/><T61/><D61/><U4/><REACH who="1" step="1"/><E44/><REACH who="1" ten="189,210,463,128" step="2"/><V89/><F89/><AGARI ba="1,1" hai="0,4,10,14,19,20,56,59,83,86,89,97,103,107" machi="89" ten="30,8000,1" yaku="1,1,2,1,7,1,52,1,53,1" doraHai="7" doraHaiUra="95" who="1" fromWho="2" sc="189,0,210,93,463,-83,128,0" /><INIT seed="3,0,0,0,2,115" ten="189,303,380,128" oya="3" hai0="4,16,57,95,84,65,10,133,67,108,124,5,98" hai1="125,6,56,97,128,42,44,134,80,12,27,35,14" hai2="60,0,93,104,28,25,41,29,77,2,126,31,106" hai3="69,50,1,46,52,123,100,7,111,91,49,71,85"/><W107/><G123/><T82/><D108/><U119/><E128/><V58/><F126/><W81/><G111/><T89/><D124/><U13/><E125/><V26/><F77/><W135/><G135/><T53/><D133/><U102/><E134/><V20/><F41/><W110/><G110/><T15/><D5/><U8/><E56/><V36/><F36/><W61/><G61/><T122/><D4/><U129/><E129/><V96/><F106/><W38/><G38/><T83/><D83/><U74/><E35/><V51/><F51/><W127/><G127/><T23/><D10/><U75/><E27/><V99/><F104/><W72/><G72/><T59/><D59/><U130/><E130/><V109/><F99/><W9/><REACH who="3" step="1"/><G50/><REACH who="3" ten="189,303,380,118" step="2"/><N who="0" m="30903" /><D122/><U62/><E62/><V64/><F109/><W32/><G32/><T73/><D73/><U116/><E75/><V37/><F37/><W19/><G19/><T105/><D105/><U54/><E74/><V92/><F29/><W88/><G88/><AGARI ba="0,1" hai="15,16,23,65,67,82,84,88,89,95,98" m="30903" machi="88" ten="30,3900,0" yaku="8,1,54,2" doraHai="115" who="0" fromWho="3" sc="189,49,303,0,380,0,118,-39" /><INIT seed="4,0,0,4,3,97" ten="238,303,380,79" oya="0" hai0="2,135,41,131,3,63,125,49,18,66,99,83,104" hai1="73,96,8,47,57,74,60,127,12,82,122,110,134" hai2="26,130,38,84,69,58,39,14,19,36,89,44,0" hai3="11,32,72,133,117,25,53,86,111,24,37,118,34"/><T21/><D125/><U9/><E110/><V5/><F69/><W51/><G72/><T91/><D131/><U132/><E127/><V59/><F130/><W68/><G111/><T124/><D135/><U105/><E47/><V108/><F108/><W112/><G37/><T77/><D124/><U87/><E96/><V113/><F113/><W6/><G68/><T120/><D120/><U23/><E23/><V116/><F0/><W33/><G112/><T27/><D49/><U48/><E48/><V16/><F5/><W17/><G133/><N who="1" m="51306" /><E105/><V94/><F44/><W79/><G79/><T100/><D91/><N who="1" m="51703" /><E122/><V42/><F42/><W128/><G128/><T67/><D41/><U71/><E71/><V62/><F116/><N who="3" m="44651" /><G86/><T98/><D98/><U70/><E70/><V15/><F62/><W92/><G51/><T61/><D61/><U103/><E103/><V50/><F50/><W85/><G53/><T52/><D3/><U1/><E1/><V115/><F115/><W20/><G85/><T95/><D104/><U28/><E28/><V114/><F114/><W123/><G92/><T119/><D2/><U75/><E12/><V129/><F129/><W54/><G54/><AGARI ba="0,0" hai="8,9,54,57,60,73,74,75" m="51703,51306" machi="54" ten="40,1300,0" yaku="20,1" doraHai="97" who="1" fromWho="3" sc="238,0,303,13,380,0,79,-13" /><INIT seed="5,0,0,0,2,45" ten="238,316,380,66" oya="1" hai0="110,91,72,30,98,40,104,115,3,24,10,51,86" hai1="56,9,26,114,19,87,50,77,46,55,90,64,83" hai2="15,36,121,14,37,105,52,1,70,78,7,65,38" hai3="122,76,119,32,31,133,6,71,80,89,28,116,25"/><U125/><E114/><V42/><F105/><W130/><G71/><T27/><D72/><U41/><E125/><V123/><F42/><W67/><G67/><T49/><D110/><U117/><E117/><N who="3" m="45130" /><G122/><T0/><D40/><U2/><E2/><V8/><F78/><W21/><G130/><T96/><D10/><U134/><E134/><V29/><F29/><W58/><G133/><T23/><D104/><U57/><E64/><V61/><REACH who="2" step="1"/><F52/><REACH who="2" ten="238,316,370,66" step="2"/><W112/><G76/><T43/><D43/><U135/><E135/><V127/><F127/><W60/><G31/><T107/><D30/><U99/><E41/><V97/><F97/><W35/><G28/><T120/><D107/><U126/><E126/><V132/><F132/><W101/><G35/><T102/><D98/><U131/><E131/><V109/><F109/><W88/><G32/><T124/><D96/><U85/><E99/><V75/><F75/><W33/><G33/><T73/><D124/><U20/><REACH who="1" step="1"/><E9/><REACH who="1" ten="238,306,370,66" step="2"/><V22/><F22/><W118/><G21/><T18/><D23/><U129/><E129/><V92/><F92/><AGARI ba="0,2" hai="19,20,26,46,50,55,56,57,77,83,85,87,90,92" machi="92" ten="30,11600,0" yaku="1,1,7,1,8,1,52,1,53,0" doraHai="45" doraHaiUra="11" who="1" fromWho="2" sc="238,0,306,136,370,-116,66,0" /><INIT seed="5,1,0,4,5,28" ten="238,442,254,66" oya="1" hai0="90,64,132,46,70,115,61,131,57,102,125,111,38" hai1="108,113,120,81,49,39,36,82,133,123,40,127,129" hai2="7,112,24,100,12,47,48,56,116,19,119,11,118" hai3="93,117,109,55,83,103,2,104,121,43,101,69,5"/><U68/><E82/><V45/><F112/><W15/><G109/><T91/><D102/><U52/><E81/><V3/><F100/><W26/><G2/><T75/><D75/><U87/><E87/><V99/><F99/><W130/><G104/><T73/><D73/><U72/><E72/><V63/><F24/><W25/><G69/><T128/><D91/><U110/><E68/><V4/><F48/><W92/><G121/><T35/><D90/><U122/><E113/><V50/><F50/><W17/><G130/><T27/><D115/><U10/><E10/><V20/><REACH who="2" step="1"/><F7/><REACH who="2" ten="238,442,244,66" step="2"/><W98/><G5/><T42/><D27/><U66/><E49/><V126/><F126/><W97/><G26/><T94/><D125/><U86/><E127/><V14/><F14/><W88/><G25/><T23/><D131/><U8/><E129/><V58/><F58/><W16/><G117/><T53/><D57/><U107/><E110/><V37/><F37/><W22/><G103/><T105/><D38/><U77/><E39/><V106/><F106/><W1/><G101/><T51/><D105/><U95/><E36/><V114/><F114/><W65/><G98/><T34/><D111/><U124/><E107/><V135/><F135/><W29/><G97/><T54/><D51/><U134/><E133/><V41/><F41/><W84/><G43/><T31/><D42/><U60/><E134/><V18/><F18/><W21/><G17/><T62/><D132/><U6/><E40/><V13/><F13/><W30/><G15/><T89/><D128/><U80/><E108/><V79/><F79/><RYUUKYOKU ba="1,1" sc="238,-10,442,-10,244,30,66,-10" hai2="3,4,11,12,19,20,45,47,56,63,116,118,119" /><INIT seed="6,2,1,2,5,126" ten="228,432,274,56" oya="2" hai0="111,95,135,124,11,120,128,131,5,103,49,108,112" hai1="65,31,16,37,54,4,18,46,71,113,105,101,41" hai2="51,93,10,67,35,123,107,20,6,130,34,39,96" hai3="97,79,24,84,33,8,36,69,21,78,55,86,58"/><V81/><F39/><W106/><G36/><T100/><D120/><U92/><E113/><V45/><F123/><W66/><G33/><T15/><D112/><U7/><E105/><V127/><F127/><W122/><G122/><T0/><D124/><U9/><E31/><V74/><F107/><W129/><G66/><T38/><D38/><U89/><E101/><V134/><F67/><W1/><G69/><T94/><D135/><U73/><E73/><V60/><F60/><W121/><G121/><T56/><D0/><U104/><E104/><V72/><F20/><W12/><G1/><T115/><D115/><U99/><E4/><V61/><F61/><N who="3" m="36063" /><G106/><T98/><D95/><U114/><E114/><V17/><F74/><W26/><G97/><T44/><D56/><U87/><E87/><N who="3" m="33322" /><G129/><N who="0" m="49739" /><D103/><U50/><E71/><V53/><F130/><W117/><G117/><T109/><D109/><U14/><E65/><V28/><F134/><W63/><G63/><T90/><D100/><U23/><E23/><V82/><F72/><W52/><G52/><AGARI ba="2,1" hai="5,11,15,44,49,52,90,94,98,108,111" m="49739" machi="52" ten="30,8000,1" yaku="19,1,52,3,54,1" doraHai="126" who="0" fromWho="3" sc="228,96,432,0,274,0,56,-86" owari="324,12.0,432,54.0,274,-13.0,-30,-53.0" /></mjloggm>