<mjloggm ver="2.3"><GO type="169" lobby="0"/><UN n0="%E3%82%AC%E3%83%9F%E3%82%B4%E3%83%B3" n1="%6D%75%6B%69%74%74%69" n2="%E3%82%A6%E3%83%AB%E3%83%88%E3%83%A9%E7%AB%8B%E7%9B%B4" n3="%E3%81%AA%E3%81%A3%E3%81%8D%E3%82%8A" dan="17,16,18,16" rate="2154.10,2032.84,2207.14,2198.30" sx="M,M,M,M"/><TAIKYOKU oya="0"/><INIT seed="0,0,0,4,4,39" ten="250,250,250,250" oya="0" hai0="73,129,24,99,35,110,26,76,5,113,34,68,22" hai1="94,98,1,111,117,107,112,109,101,85,49,10,100" hai2="17,125,61,53,77,64,58,128,126,31,33,135,70" hai3="65,105,79,59,19,21,27,25,89,93,23,30,16"/><T84/><D113/><U103/><E1/><V120/><F31/><W71/><G105/><T114/><D114/><U29/><E112/><V38/><F33/><W72/><G71/><T124/><D68/><U115/><E115/><V20/><F120/><W119/><G119/><T63/><D73/><U123/><E10/><V75/><F128/><W97/><G72/><T78/><D5/><U44/><E29/><V9/><F9/><W7/><G79/><T14/><D129/><U11/><E11/><V81/><F38/><W130/><G130/><T32/><D124/><U41/><E117/><V42/><F42/><W66/><G7/><T69/><D110/><N who="1" m="41995" /><E123/><V122/><F122/><W43/><G59/><T132/><D132/><U37/><E37/><V15/><REACH who="2" step="1"/><F135/><REACH who="2" ten="250,250,240,250" step="2"/><W52/><G30/><N who="0" m="17687" /><D32/><U57/><E57/><V133/><F133/><W80/><G43/><T48/><D34/><U3/><E3/><V88/><F88/><AGARI ba="0,1" hai="41,44,49,85,88,94,98,100,101,103,107" m="41995" machi="88" ten="30,3900,0" yaku="14,1,52,1,54,1" doraHai="39" who="1" fromWho="2" sc="250,0,250,49,240,-39,250,0" /><INIT seed="1,0,0,4,2,126" ten="250,299,201,250" oya="1" hai0="21,119,65,64,5,20,97,17,9,121,69,85,117" hai1="127,33,50,51,14,37,132,6,120,1,70,77,28" hai2="86,16,80,78,24,93,7,129,95,114,109,31,110" hai3="11,67,19,112,103,34,118,48,130,96,53,98,83"/><U40/><E120/><V46/><F7/><W10/><G34/><T91/><D121/><U49/><E1/><V26/><F114/><W92/><G112/><T8/><D97/><U15/><E70/><V60/><F60/><W42/><G42/><T35/><D35/><U74/><E127/><V13/><F46/><W94/><G67/><T29/><D29/><U66/><E66/><V106/><F106/><W0/><G0/><T61/><D65/><U131/><E132/><V100/><F129/><W134/><G134/><T47/><D47/><U27/><E37/><V55/><F55/><W105/><G105/><T99/><D99/><U43/><E131/><V44/><F44/><N who="3" m="27783" /><G118/><T104/><D104/><U38/><E38/><V113/><F113/><W72/><G72/><T41/><D41/><U3/><E3/><V25/><F31/><W45/><G45/><T36/><D36/><U54/><E54/><V75/><F100/><N who="3" m="60423" /><G130/><T84/><D119/><U122/><E122/><V4/><F4/><W102/><G83/><T32/><D32/><U90/><E90/><V89/><REACH who="2" step="1"/><F95/><REACH who="2" ten="250,299,191,250" step="2"/><W63/><G63/><N who="0" m="40095" /><D117/><U79/><E6/><V52/><F52/><W111/><G103/><T68/><D61/><U2/><E28/><V124/><F124/><W59/><G59/><T76/><D68/><U81/><E43/><V128/><F128/><W12/><G111/><T88/><D5/><U73/><E40/><V115/><F115/><W56/><G56/><T116/><D116/><U71/><E71/><V101/><F101/><W108/><G108/><T107/><D107/><U135/><E135/><RYUUKYOKU ba="0,1" sc="250,-15,299,-15,191,15,250,15" hai2="13,16,24,25,26,75,78,80,86,89,93,109,110" hai3="10,11,12,19,94,98,102" /><INIT seed="2,1,1,2,2,91" ten="235,284,206,265" oya="2" hai0="37,40,56,68,38,3,105,121,31,107,95,117,84" hai1="116,63,18,55,127,87,67,90,7,10,101,65,42" hai2="103,98,17,119,15,77,61,23,124,71,89,47,19" hai3="120,104,122,13,4,21,130,111,54,132,59,5,85"/><V110/><F119/><W60/><G104/><T94/><D68/><U118/><E127/><V128/><F124/><W24/><G111/><T80/><D3/><U20/><E101/><V39/><F110/><W123/><G132/><T49/><D121/><U12/><E42/><V70/><F128/><W69/><G130/><T52/><D107/><U8/><E55/><V46/><F77/><W36/><G36/><T131/><D105/><U97/><E97/><V113/><F113/><W66/><G85/><T16/><D131/><U134/><E134/><V106/><F89/><W14/><G14/><T75/><D75/><U41/><E41/><V43/><F47/><W58/><G13/><T51/><D37/><U50/><E50/><V78/><F78/><W1/><G1/><T32/><D38/><U115/><E115/><V112/><F112/><W135/><G135/><T6/><D6/><U81/><E10/><V108/><F108/><W45/><G45/><N who="0" m="25767" /><D32/><U48/><E48/><V22/><REACH who="2" step="1"/><F61/><REACH who="2" ten="235,284,196,265" step="2"/><N who="3" m="40143" /><G122/><T11/><D117/><U109/><E109/><V30/><F30/><W64/><G123/><T99/><D31/><U93/><E63/><V83/><F83/><W9/><G120/><T86/><D80/><U2/><E81/><V82/><F82/><W44/><G44/><T76/><D76/><U0/><E118/><V33/><F33/><W88/><G88/><N who="0" m="55783" /><D94/><U29/><E116/><V100/><F100/><W57/><G4/><T73/><D73/><U34/><E2/><V126/><F126/><W27/><G5/><T53/><D51/><U72/><E72/><V125/><F125/><RYUUKYOKU ba="1,2" sc="235,-15,284,15,196,15,265,-15" hai1="0,7,8,12,18,20,29,34,65,67,87,90,93" hai2="15,17,19,22,23,39,43,46,70,71,98,103,106" /><INIT seed="2,2,2,5,5,129" ten="220,299,211,250" oya="2" hai0="79,34,35,51,125,26,61,99,101,10,87,107,111" hai1="76,84,69,73,32,59,104,100,28,117,128,41,65" hai2="78,113,82,3,114,119,115,18,103,124,40,19,48" hai3="8,108,58,53,12,70,37,92,127,55,88,16,83"/><V135/><F119/><W123/><G123/><T30/><D111/><U81/><E117/><V27/><F3/><W130/><G130/><T49/><D125/><U43/><E128/><V4/><F4/><W77/><G70/><T116/><D116/><U46/><E59/><V94/><F124/><W118/><G118/><T1/><D35/><U121/><E121/><V72/><F135/><W105/><G105/><T31/><D31/><U50/><E43/><V54/><F40/><W109/><G37/><T14/><D1/><U97/><E73/><V45/><REACH who="2" step="1"/><F27/><REACH who="2" ten="220,299,201,250" step="2"/><W38/><G127/><T21/><D26/><U62/><E41/><V93/><F93/><W133/><G133/><T132/><D132/><U96/><E104/><V126/><F126/><W52/><G38/><T91/><D107/><U29/><E32/><V22/><F22/><W25/><G25/><T63/><D34/><U68/><E29/><V57/><F57/><W71/><G71/><T112/><D21/><U44/><E28/><V9/><F9/><W110/><G58/><T15/><D30/><U6/><E69/><V95/><F95/><W11/><G8/><T33/><D10/><U17/><E6/><V42/><F42/><W120/><G120/><T90/><D33/><U67/><E68/><V20/><F20/><W36/><G36/><T122/><D122/><U66/><E17/><V56/><F56/><W60/><G60/><T89/><D61/><U85/><E62/><V39/><F39/><W2/><G2/><T102/><D63/><U98/><E67/><V5/><F5/><W80/><G110/><RYUUKYOKU ba="2,3" sc="220,-10,299,-10,201,30,250,-10" hai2="18,19,45,48,54,72,78,82,94,103,113,114,115" /><INIT seed="2,3,3,0,1,96" ten="210,289,231,240" oya="2" hai0="102,126,91,58,119,80,69,36,120,30,31,113,18" hai1="124,106,39,19,99,61,23,2,70,24,134,122,104" hai2="3,59,123,5,44,116,62,109,83,0,42,115,101" hai3="79,72,121,75,71,27,41,130,87,112,127,13,38"/><V68/><F123/><W34/><G121/><T135/><D69/><U6/><E122/><V67/><F116/><W56/><G71/><T90/><D120/><U114/><E114/><V78/><F115/><W98/><G112/><T103/><D36/><U28/><E39/><V92/><F109/><W22/><G127/><T47/><D113/><U54/><E124/><V95/><F68/><W53/><G130/><T88/><D88/><U125/><E125/><V73/><F101/><N who="0" m="38410" /><D126/><U45/><E134/><V63/><F63/><W133/><G87/><N who="0" m="50535" /><D135/><U21/><E70/><V110/><F110/><W35/><G35/><T7/><D119/><U111/><E111/><V89/><F89/><W93/><G34/><T52/><D7/><U132/><E6/><V97/><F97/><W37/><G79/><T33/><D33/><U82/><E99/><V17/><F17/><W118/><G118/><T29/><D47/><U16/><E16/><V108/><F108/><W43/><G38/><T51/><D91/><U26/><E19/><AGARI ba="3,3" hai="18,19,29,30,31,51,52,58" m="50535,38410" machi="19" ten="30,8000,1" yaku="8,1,52,3,54,1" doraHai="96" who="0" fromWho="1" sc="210,119,289,-89,231,0,240,0" /><INIT seed="3,0,0,2,0,47" ten="329,200,231,240" oya="3" hai0="59,133,128,34,63,26,92,105,16,41,56,12,95" hai1="0,123,35,131,67,100,52,122,96,134,50,68,102" hai2="4,27,71,93,94,84,9,17,113,3,25,44,61" hai3="37,29,88,81,107,86,91,21,115,106,30,46,97"/><W103/><G115/><T85/><D105/><U45/><E0/><V2/><F2/><W104/><G91/><T62/><D133/><U82/><E35/><V42/><F113/><W28/><REACH who="3" step="1"/><G21/><REACH who="3" ten="329,200,231,230" step="2"/><N who="0" m="11399" /><D34/><U116/><E116/><V108/><F108/><W80/><G80/><T36/><D128/><U127/><E131/><V20/><F27/><W112/><G112/><T117/><D26/><U48/><E127/><V121/><F121/><W83/><G83/><T40/><D117/><U90/><E134/><V132/><F132/><W55/><G55/><T43/><D43/><AGARI ba="0,1" hai="28,29,30,37,43,46,81,86,88,97,103,104,106,107" machi="43" ten="40,3900,0" yaku="1,1,54,1,53,0" doraHai="47" doraHaiUra="64" who="3" fromWho="0" sc="329,-39,200,0,231,0,230,49" /><INIT seed="3,1,0,2,0,12" ten="290,200,231,279" oya="3" hai0="130,22,75,82,92,111,80,71,33,134,52,49,84" hai1="73,123,29,36,69,135,38,124,83,88,42,16,103" hai2="1,20,9,108,105,120,113,121,23,72,97,98,7" hai3="32,27,61,95,8,34,18,43,126,56,26,125,96"/><W122/><G43/><T117/><D117/><U2/><E123/><V47/><F113/><W70/><G70/><T131/><D33/><U14/><E69/><V128/><F72/><W91/><G122/><T54/><D71/><U15/><E2/><V64/><F128/><N who="0" m="49194" /><D111/><U62/><E38/><V0/><F108/><W66/><G27/><T35/><D35/><U58/><E36/><V25/><F64/><W17/><G8/><T4/><D4/><U116/><E73/><V67/><F67/><W48/><G48/><T100/><D134/><U119/><E135/><V132/><F132/><W10/><G10/><T24/><D75/><U114/><E114/><V79/><F9/><W110/><G110/><T94/><D100/><U60/><E42/><V93/><F7/><W90/><G90/><N who="0" m="51479" /><D80/><U68/><E68/><V40/><F121/><W51/><G51/><T78/><D78/><U46/><E46/><V87/><F79/><W109/><G109/><T76/><D76/><U129/><E129/><V133/><F47/><W5/><G5/><T21/><D21/><N who="1" m="11415" /><E103/><V57/><F133/><W19/><G26/><T59/><D54/><N who="1" m="33879" /><E29/><AGARI ba="1,0" hai="22,24,29,49,52,59,92,94" m="51479,49194" machi="29" ten="30,2000,0" yaku="19,1,54,1" doraHai="12" who="0" fromWho="1" sc="290,23,200,-23,231,0,279,0" /><INIT seed="4,0,0,4,3,133" ten="313,177,231,279" oya="0" hai0="37,120,16,60,52,31,123,119,47,45,104,71,86" hai1="73,113,78,95,36,105,23,108,57,109,103,97,87" hai2="106,2,4,91,7,51,92,96,25,131,59,134,65" hai3="94,22,130,55,33,117,24,40,84,126,127,88,17"/><T53/><D104/><U0/><E0/><V10/><F134/><W85/><G117/><T56/><D31/><U27/><E36/><V63/><F131/><W9/><G130/><T122/><D119/><U107/><E73/><V8/><F25/><W62/><G40/><N who="0" m="22671" /><D16/><U48/><E113/><V114/><F114/><W111/><G111/><T77/><D86/><U121/><E121/><V14/><F51/><W28/><G9/><T81/><D81/><U38/><E38/><V82/><F82/><W12/><REACH who="3" step="1"/><G85/><REACH who="3" ten="313,177,231,269" step="2"/><T21/><D123/><U15/><E109/><V68/><F8/><W19/><G19/><T116/><D122/><U79/><E108/><V98/><F7/><W1/><G1/><T72/><D120/><U30/><E87/><V69/><F2/><W5/><G5/><T132/><D116/><U125/><E30/><V67/><F10/><W43/><G43/><T102/><D132/><U46/><E97/><V90/><F90/><W42/><G42/><T76/><D72/><U110/><E110/><V39/><F98/><W66/><G66/><N who="0" m="41415" /><D76/><U74/><E79/><V118/><F96/><W70/><G70/><T61/><D77/><U50/><E78/><V115/><F118/><W75/><G75/><T54/><D102/><U101/><E103/><V83/><F115/><W100/><G100/><T20/><D54/><U89/><E101/><V32/><F4/><W3/><G3/><T6/><D6/><U13/><E74/><V35/><F106/><W135/><G135/><T112/><D112/><U18/><E107/><V29/><F91/><W34/><G34/><RYUUKYOKU ba="0,1" sc="313,15,177,-15,231,-15,269,15" hai0="20,21,47,52,53,56,61" hai3="12,17,22,24,28,33,55,62,84,88,94,126,127" /><INIT seed="4,1,1,0,4,70" ten="328,162,216,284" oya="0" hai0="13,127,128,112,104,46,81,126,5,73,131,48,4" hai1="63,36,3,116,40,80,45,95,130,20,0,67,75" hai2="59,47,124,121,52,22,97,12,109,27,14,133,71" hai3="24,49,58,86,129,101,111,44,98,9,114,18,100"/><T78/><D104/><U39/><E116/><V91/><F71/><W135/><G111/><T89/><D89/><U120/><E120/><V94/><F121/><W51/><G114/><T6/><D13/><U134/><E134/><V118/><F133/><W106/><G129/><N who="0" m="49739" /><D112/><U102/><E130/><V53/><F109/><W55/><G135/><T79/><D79/><U69/><E20/><V32/><F32/><W17/><G101/><T117/><D117/><U115/><E115/><V29/><F124/><W108/><G108/><T77/><D77/><U99/><E75/><V42/><F118/><W88/><G24/><T25/><D25/><U50/><REACH who="1" step="1"/><E80/><REACH who="1" ten="328,152,216,284" step="2"/><V23/><F23/><W56/><G9/><T65/><D65/><U19/><E19/><V82/><F82/><W110/><G110/><T61/><D127/><U35/><E35/><V34/><F34/><W87/><G17/><T38/><D126/><U26/><E26/><V105/><F22/><W113/><G18/><T92/><D81/><U21/><E21/><V72/><F27/><W1/><G113/><T16/><D16/><U7/><E7/><V84/><F72/><W11/><G11/><T62/><D6/><U122/><E122/><V10/><F10/><W60/><G1/><AGARI ba="1,2" hai="0,1,3,36,39,40,45,50,63,67,69,95,99,102" machi="1" ten="40,8000,1" yaku="1,1,52,2,53,1" doraHai="70" doraHaiUra="66" who="1" fromWho="3" sc="328,0,152,103,216,0,284,-83" /><INIT seed="5,0,0,3,2,47" ten="328,255,216,201" oya="1" hai0="38,132,26,85,86,107,39,51,40,69,123,79,45" hai1="25,6,24,3,81,120,66,28,11,101,131,49,98" hai2="105,93,128,125,52,64,102,91,17,55,109,4,63" hai3="78,77,94,50,80,116,90,42,65,76,114,56,124"/><U29/><E120/><V19/><F109/><W99/><G114/><T89/><D107/><U44/><E131/><V73/><F73/><W112/><G112/><T35/><D69/><U83/><E66/><V71/><F128/><W48/><G124/><T104/><D104/><U135/><E135/><V14/><F125/><W92/><G116/><T32/><D79/><U9/><E9/><V21/><F4/><W27/><G27/><T117/><D117/><U133/><E133/><V74/><F74/><W33/><G33/><T8/><D132/><U30/><E25/><V84/><REACH who="2" step="1"/><F19/><REACH who="2" ten="328,255,206,201" step="2"/><W59/><G42/><T68/><D40/><U60/><E6/><V0/><F0/><W72/><G72/><T61/><D123/><U121/><E3/><V37/><F37/><W97/><G80/><T46/><D39/><U87/><E83/><V75/><F75/><W36/><G36/><T100/><D38/><U110/><E81/><V88/><F88/><N who="3" m="55431" /><G65/><T122/><D89/><U54/><E121/><V134/><F134/><W111/><G111/><T127/><D122/><U23/><E110/><V10/><F10/><W113/><G113/><T5/><D8/><U82/><E11/><V119/><F119/><W96/><G96/><AGARI ba="0,1" hai="14,17,21,52,55,63,64,71,84,91,93,96,102,105" machi="96" ten="40,5200,0" yaku="1,1,54,1,53,1" doraHai="47" doraHaiUra="62" who="2" fromWho="3" sc="328,0,255,0,206,62,201,-52" /><INIT seed="6,0,0,5,5,87" ten="328,255,268,149" oya="2" hai0="77,65,89,44,108,21,107,118,130,117,111,112,134" hai1="41,48,101,91,86,110,6,113,32,35,125,131,10" hai2="33,18,70,47,97,60,37,126,7,114,40,36,74" hai3="3,71,73,46,27,50,98,75,45,82,67,0,128"/><V99/><F37/><W64/><G128/><T94/><D107/><U54/><E110/><V24/><F74/><W59/><G59/><T8/><D134/><U81/><E131/><V23/><F126/><W121/><G121/><T39/><D130/><U69/><E125/><V28/><F114/><W38/><G38/><T43/><D112/><U127/><E127/><V5/><F5/><W42/><G42/><T14/><D21/><U52/><E113/><V119/><F119/><N who="0" m="45578" /><D65/><U104/><E69/><V85/><F7/><W120/><G120/><T62/><D62/><U9/><E41/><V109/><F109/><W68/><G27/><T12/><D77/><U103/><E35/><V124/><F124/><W129/><G129/><T55/><D55/><N who="1" m="21035" /><E32/><V92/><F60/><W57/><G57/><T135/><D135/><U100/><E104/><V102/><F70/><W34/><G34/><T30/><D30/><U96/><E48/><V84/><REACH who="2" step="1"/><F99/><REACH who="2" ten="328,255,258,149" step="2"/><W95/><G98/><T115/><D115/><U11/><E96/><V15/><AGARI ba="0,1" hai="15,18,23,24,28,33,36,40,47,84,85,92,97,102" machi="15" ten="20,7800,0" yaku="1,1,2,1,0,1,7,1,53,0" doraHai="87" doraHaiUra="79" who="2" fromWho="2" sc="328,-26,255,-26,258,88,149,-26" /><INIT seed="6,1,0,1,0,96" ten="302,229,346,123" oya="2" hai0="55,129,130,113,29,133,18,15,22,48,14,19,24" hai1="7,103,110,100,75,60,118,54,57,105,3,120,6" hai2="16,38,44,4,117,30,11,47,106,116,2,102,89" hai3="90,46,9,50,36,81,52,26,119,51,41,71,99"/><V112/><F89/><W77/><G119/><T59/><D113/><U104/><E118/><V109/><F47/><W67/><G26/><T121/><D121/><U91/><E110/><V126/><F16/><N who="0" m="6186" /><D133/><U132/><E75/><V111/><F30/><W80/><G51/><T25/><D25/><U20/><E132/><V13/><F13/><N who="0" m="4618" /><D130/><U97/><E120/><V39/><F112/><W73/><G9/><T62/><D129/><U0/><E0/><V87/><F87/><W40/><G40/><T5/><D5/><N who="1" m="1547" /><E3/><V108/><F126/><W70/><G67/><T42/><D42/><U45/><E105/><V93/><F93/><W135/><G135/><T32/><D32/><U66/><E104/><V131/><F131/><W123/><G123/><T85/><D85/><U84/><E97/><N who="2" m="61775" /><F39/><W95/><REACH who="3" step="1"/><G81/><REACH who="3" ten="302,229,346,113" step="2"/><T78/><D48/><N who="1" m="28943" /><E20/><V8/><F8/><W74/><G74/><T94/><D22/><U88/><E91/><V64/><F64/><W23/><G23/><T68/><D24/><U98/><E98/><V114/><F114/><W82/><G82/><AGARI ba="1,1" hai="57,60,66,82,84,88,100,103" m="28943,1547" machi="82" ten="30,7700,0" yaku="8,1,52,2,54,1" doraHai="96" who="1" fromWho="3" sc="302,0,229,90,346,0,113,-80" /><INIT seed="7,0,0,1,4,86" ten="302,319,346,33" oya="3" hai0="122,116,20,100,69,47,24,21,6,35,51,16,76" hai1="0,50,77,39,58,10,132,67,45,41,133,110,4" hai2="30,62,43,130,82,19,104,57,48,3,25,93,84" hai3="53,135,27,18,60,119,7,28,49,94,129,59,34"/><W123/><G123/><T134/><D116/><U74/><E110/><V46/><F104/><W14/><G119/><T70/><D122/><U107/><E107/><V15/><F3/><W8/><G129/><T115/><D35/><U61/><REACH who="1" step="1"/><E50/><REACH who="1" ten="302,309,346,33" step="2"/><V96/><F130/><W83/><G135/><T131/><D131/><U72/><E72/><V113/><F113/><W90/><G83/><AGARI ba="0,1" hai="0,4,10,39,41,45,58,61,67,74,77,83,132,133" machi="83" ten="40,5200,0" yaku="1,1,25,2,53,0" doraHai="86" doraHaiUra="99" who="1" fromWho="3" sc="302,0,309,62,346,0,33,-52" owari="302,-10.0,371,47.0,346,15.0,-19,-52.0" /></mjloggm>