<mjloggm ver="2.3"><GO type="169" lobby="0"/><UN n0="%E5%B0%B1%E6%B4%BB%E7%94%9F%40%E5%B7%9D%E6%9D%91%E8%BB%8D%E5%9B%A3" n1="%E3%81%9F%E3%81%8C%E3%82%84%E3%81%99" n2="%52%69%2D%4D%6F%2D" n3="%74%61%72%6F%33%39%30%30" dan="16,17,19,16" rate="2152.33,2192.37,2289.55,2084.52" sx="M,M,M,M"/><TAIKYOKU oya="0"/><INIT seed="0,0,0,0,2,40" ten="250,250,250,250" oya="0" hai0="117,5,8,91,134,58,67,100,75,61,71,125,74" hai1="127,52,104,68,49,24,45,29,10,20,33,111,79" hai2="106,26,46,78,56,90,83,22,27,25,108,116,129" hai3="103,80,66,39,44,6,76,36,41,0,12,14,102"/><T97/><D117/><U65/><E79/><V101/><F116/><W73/><G66/><T92/><D134/><U118/><E118/><V4/><F108/><W62/><G62/><T115/><D115/><U121/><E127/><V13/><F129/><W9/><G39/><T16/><D125/><U85/><E85/><V23/><F90/><W38/><G38/><T50/><D100/><AGARI ba="0,0" hai="0,6,9,12,14,36,41,44,73,76,80,100,102,103" machi="100" ten="40,5200,0" yaku="25,2,52,1" doraHai="40" who="3" fromWho="0" sc="250,-52,250,0,250,0,250,52" /><INIT seed="1,0,0,2,5,98" ten="198,250,250,302" oya="1" hai0="41,79,82,15,77,116,24,59,33,124,26,96,71" hai1="47,74,3,114,121,38,14,134,51,105,35,66,106" hai2="108,89,109,113,99,100,62,2,7,44,101,23,75" hai3="133,60,43,97,69,58,57,125,34,92,17,42,16"/><U28/><E3/><V103/><F75/><W36/><G34/><T37/><D71/><U84/><E74/><V8/><F113/><W0/><G0/><T112/><D116/><U81/><E38/><V127/><F127/><W131/><G125/><T52/><D124/><U132/><E66/><V53/><F23/><W126/><G126/><T54/><D112/><U56/><E56/><V48/><F62/><W72/><G72/><T85/><D33/><U70/><E70/><V76/><F76/><W40/><G36/><T119/><D119/><U5/><E121/><V50/><F89/><W73/><G73/><T104/><D77/><U135/><E28/><V25/><F25/><W1/><G1/><T27/><D15/><U30/><E30/><V86/><F86/><W11/><G133/><T115/><D115/><U32/><E114/><V9/><F9/><W117/><G117/><T22/><D22/><U93/><E93/><V129/><F129/><W80/><G80/><T21/><D21/><U78/><E35/><V107/><F50/><W31/><G31/><T91/><D59/><U130/><E130/><V128/><F128/><W10/><G131/><T55/><D104/><U39/><E39/><V102/><AGARI ba="0,0" hai="2,7,8,44,48,53,99,100,101,102,103,107,108,109" machi="102" ten="30,8000,1" yaku="0,1,52,4" doraHai="98" who="2" fromWho="2" sc="198,-20,250,-40,250,80,302,-20" /><INIT seed="2,0,0,4,4,133" ten="178,210,330,282" oya="2" hai0="127,15,33,58,72,19,53,81,43,135,71,59,30" hai1="1,5,103,39,45,119,129,122,42,26,84,62,54" hai2="131,108,31,8,105,132,12,23,104,107,3,21,77" hai3="93,80,50,60,85,110,64,90,0,123,41,25,27"/><V117/><F117/><W95/><G123/><T7/><D71/><U96/><E84/><V6/><F132/><W18/><G0/><T67/><D135/><U79/><E129/><V22/><F131/><W120/><G110/><T113/><D7/><U74/><E26/><V32/><F108/><W35/><G120/><T125/><D113/><U14/><E14/><V83/><F32/><W29/><G41/><T46/><D30/><U70/><E54/><V116/><F116/><W38/><G38/><T36/><D33/><U86/><E86/><V37/><F37/><W17/><G50/><T109/><D109/><U101/><E96/><V52/><F52/><W92/><REACH who="3" step="1"/><G25/><REACH who="3" ten="178,210,330,272" step="2"/><T69/><D53/><U66/><E122/><V118/><F118/><W11/><G11/><T100/><D67/><U48/><E48/><V9/><F9/><W97/><G97/><T134/><D134/><U61/><E119/><V13/><REACH who="2" step="1"/><F31/><REACH who="2" ten="178,210,320,272" step="2"/><W99/><G99/><T44/><D36/><U68/><E39/><V82/><F82/><W49/><G49/><T98/><D81/><U106/><E42/><V88/><F88/><W130/><G130/><T112/><D43/><U4/><E62/><V102/><F102/><W65/><G65/><T56/><D100/><U124/><E61/><V91/><F91/><W114/><G114/><T47/><D112/><U87/><E66/><V24/><F24/><W57/><AGARI ba="0,2" hai="17,18,27,29,35,57,60,64,80,85,90,92,93,95" machi="57" ten="30,2000,0" yaku="1,1,0,1,53,0" doraHai="133" doraHaiUra="51" who="3" fromWho="3" sc="178,-5,210,-5,320,-10,272,40" /><INIT seed="3,0,0,2,4,117" ten="173,205,310,312" oya="3" hai0="77,10,97,17,1,50,88,30,64,38,72,131,86" hai1="101,19,62,60,116,11,15,4,130,70,92,83,69" hai2="41,52,48,14,98,80,82,16,94,65,55,27,12" hai3="129,54,76,109,35,87,28,79,45,6,33,22,93"/><W53/><G129/><T47/><D131/><U71/><E83/><N who="2" m="31787" /><F65/><W49/><G109/><T43/><D30/><U42/><E130/><V44/><F27/><N who="3" m="16503" /><G35/><T99/><D64/><U51/><E116/><V37/><F37/><W59/><G33/><T95/><D50/><U61/><E101/><N who="2" m="60631" /><F14/><W115/><G6/><N who="0" m="1359" /><D17/><U133/><E92/><V113/><F113/><W0/><G0/><T21/><D21/><AGARI ba="0,0" hai="12,16,21,41,44,48,52,55" m="60631,31787" machi="21" ten="30,3900,0" yaku="8,1,54,2" doraHai="117" who="2" fromWho="0" sc="173,-39,205,0,310,39,312,0" /><INIT seed="4,0,0,2,0,131" ten="134,205,349,312" oya="0" hai0="107,30,9,66,15,43,75,0,36,41,53,12,73" hai1="57,46,95,74,97,134,94,34,111,125,113,119,17" hai2="77,29,115,25,65,27,28,31,35,11,106,87,4" hai3="132,37,52,32,83,129,10,50,123,121,108,45,48"/><T86/><D107/><U54/><E34/><V40/><F106/><W110/><G32/><T98/><D0/><U7/><E74/><V71/><F115/><W33/><G33/><T130/><D130/><U101/><E7/><V13/><F71/><W1/><G129/><T56/><D66/><U8/><E125/><V6/><F65/><W104/><G104/><T114/><D114/><U67/><E111/><N who="3" m="42538" /><G83/><T47/><D41/><U96/><E119/><V109/><F109/><W39/><G10/><T69/><D69/><U100/><E46/><V120/><F120/><N who="3" m="46155" /><G1/><T42/><D42/><U14/><E67/><V63/><F40/><N who="3" m="24615" /><G132/><T5/><D30/><U124/><E134/><V18/><F35/><W2/><G2/><T82/><D98/><U26/><E26/><V22/><F6/><W44/><AGARI ba="0,0" hai="37,39,44,50,52" m="24615,46155,42538" machi="44" ten="30,7900,0" yaku="13,1,34,2,54,1" doraHai="131" who="3" fromWho="3" sc="134,-39,205,-20,349,-20,312,79" /><INIT seed="5,0,0,1,3,73" ten="95,185,329,391" oya="1" hai0="82,89,12,93,135,40,116,122,114,52,60,51,71" hai1="112,80,23,70,65,2,99,36,100,87,127,84,119" hai2="125,120,124,111,21,30,14,86,26,34,107,134,118" hai3="94,31,131,64,110,35,61,72,126,46,3,108,102"/><U29/><E36/><V96/><F111/><W132/><G3/><T133/><D116/><U79/><E2/><V88/><F118/><W16/><G131/><T129/><D129/><U63/><E112/><V10/><F120/><W8/><G126/><N who="2" m="48745" /><F134/><W39/><G132/><T37/><D114/><U123/><E127/><V117/><F117/><W50/><G39/><T83/><D122/><U90/><E119/><V7/><F107/><W27/><G72/><T105/><D105/><U59/><E70/><V53/><F53/><W106/><G94/><T20/><D133/><U109/><E109/><V33/><F96/><W9/><G9/><T32/><D32/><U22/><E29/><V17/><F7/><W4/><G4/><T15/><D135/><U113/><E113/><V57/><F57/><W25/><G102/><T48/><D37/><U58/><E58/><V62/><F62/><W28/><G106/><T38/><D38/><U6/><E6/><V13/><F13/><N who="0" m="5194" /><D71/><U18/><E123/><V103/><F103/><W97/><G108/><T130/><D130/><U19/><E99/><V66/><F66/><W121/><G97/><N who="0" m="57519" /><D20/><N who="1" m="7723" /><E100/><V45/><F33/><W67/><G110/><T54/><D60/><U55/><E65/><V77/><F34/><W42/><G121/><T1/><D1/><U85/><E85/><V74/><F74/><W68/><G67/><T47/><D40/><U92/><AGARI ba="0,0" hai="18,19,55,59,63,79,80,84,87,90,92" m="7723" machi="92" ten="30,3000,0" yaku="8,1,52,1" doraHai="73" who="1" fromWho="1" sc="95,-10,185,30,329,-10,391,-10" /><INIT seed="5,1,0,3,5,108" ten="85,215,319,381" oya="1" hai0="84,22,65,43,81,6,63,111,80,110,104,69,76" hai1="54,126,94,78,31,38,105,53,106,24,48,39,61" hai2="37,45,129,90,114,0,121,26,7,46,98,86,75" hai3="107,102,83,133,17,131,87,82,109,91,12,29,21"/><U103/><E78/><V68/><F121/><W71/><G109/><T49/><D104/><U115/><E126/><V55/><F75/><W99/><G71/><T132/><D132/><U52/><E48/><V28/><F68/><W2/><G2/><T66/><D66/><U72/><E72/><V3/><F98/><W40/><G133/><T4/><D80/><U32/><E61/><V97/><F97/><W101/><G131/><T15/><D6/><U14/><E14/><V30/><F129/><W8/><G102/><T42/><D42/><U64/><E64/><V56/><F30/><W50/><G82/><T35/><D35/><U135/><E135/><V19/><F19/><W122/><G122/><T124/><D124/><U123/><E123/><V117/><F117/><W62/><G62/><T58/><D22/><U119/><E119/><V128/><F128/><W10/><G29/><T18/><D18/><U100/><E94/><V125/><F125/><W11/><G40/><T96/><D96/><U5/><E5/><V113/><F7/><W93/><G50/><T79/><D79/><U74/><E74/><V36/><F3/><W67/><G67/><T73/><D73/><U60/><E60/><N who="2" m="35871" /><F0/><W25/><G107/><T57/><D69/><U20/><E32/><N who="2" m="20503" /><F36/><N who="1" m="13865" /><E105/><V70/><F70/><W130/><G130/><T1/><D1/><U77/><E106/><V41/><F46/><W27/><AGARI ba="1,0" hai="8,10,11,12,17,21,25,27,83,87,91,93,99,101" machi="27" ten="30,2000,0" yaku="0,1,8,1" doraHai="108" who="3" fromWho="3" sc="85,-6,215,-11,319,-6,381,23" /><INIT seed="6,0,0,2,1,76" ten="79,204,313,404" oya="2" hai0="41,14,134,51,95,114,60,97,67,12,26,131,56" hai1="103,65,31,2,1,37,32,71,10,55,66,96,130" hai2="53,52,7,13,48,85,72,129,38,132,64,89,107" hai3="125,88,9,6,16,22,133,98,127,112,75,47,122"/><V46/><F72/><W135/><G122/><T30/><D114/><U90/><E37/><V3/><F3/><N who="3" m="223" /><G112/><T27/><D134/><N who="3" m="51209" /><G75/><T104/><D104/><U34/><E55/><V86/><F132/><W109/><G109/><T101/><D131/><U62/><E65/><V25/><F107/><W15/><G47/><T70/><D27/><U8/><E90/><V68/><F38/><W59/><G59/><T84/><D84/><U73/><E130/><V69/><F129/><W118/><G118/><T28/><D28/><U83/><E10/><N who="2" m="4319" /><F68/><W18/><G18/><T50/><D50/><U21/><E21/><V77/><F69/><W110/><G110/><T63/><D63/><U23/><E23/><V39/><F39/><W124/><G88/><T81/><D81/><U99/><E8/><V92/><F64/><W45/><G45/><N who="0" m="26031" /><D70/><U57/><E71/><V113/><F113/><W106/><G106/><T111/><D111/><U117/><E73/><V0/><F0/><W49/><G49/><T82/><D82/><U119/><E83/><N who="2" m="47343" /><F25/><W5/><G5/><T126/><D126/><U102/><E1/><V121/><F121/><W24/><G24/><T94/><D94/><N who="1" m="58647" /><E2/><V29/><F29/><W43/><G125/><T44/><D44/><U35/><E31/><V54/><AGARI ba="0,0" hai="46,48,52,53,54,86,89,92" m="47343,4319" machi="54" ten="30,6000,0" yaku="8,1,52,1,54,1" doraHai="76" who="2" fromWho="2" sc="79,-20,204,-20,313,60,404,-20" /><INIT seed="6,1,0,3,1,99" ten="59,184,373,384" oya="2" hai0="96,132,130,47,120,31,9,82,87,43,97,13,75" hai1="118,124,19,26,56,54,45,39,14,40,20,53,62" hai2="44,57,66,135,94,63,76,4,46,121,106,12,60" hai3="37,1,129,70,115,65,103,112,41,59,27,61,78"/><V74/><F121/><W89/><G129/><T48/><D120/><U71/><E71/><V29/><F106/><W52/><G1/><T5/><D75/><U134/><E124/><V122/><F122/><W36/><G78/><T0/><D130/><U98/><E134/><V30/><F135/><W34/><G103/><T50/><D132/><U8/><E98/><V113/><F113/><N who="3" m="43595" /><G41/><T25/><D50/><U51/><E118/><V116/><F116/><W104/><G104/><T6/><D6/><N who="1" m="3351" /><E39/><V22/><F74/><W133/><G133/><T11/><D11/><U109/><E109/><V126/><F126/><W49/><G89/><T101/><D0/><U88/><E88/><V23/><F76/><W58/><G70/><T123/><D123/><U55/><AGARI ba="1,0" hai="19,20,26,40,45,51,53,54,55,56,62" m="3351" machi="55" ten="30,1100,0" yaku="8,1" doraHai="99" who="1" fromWho="1" sc="59,-4,184,14,373,-6,384,-4" /><INIT seed="7,0,0,0,3,49" ten="55,198,367,380" oya="3" hai0="53,101,25,4,71,30,31,45,84,124,132,52,90" hai1="47,28,36,2,46,0,127,109,121,81,118,72,111" hai2="55,77,134,14,32,93,26,92,50,64,54,83,6" hai3="110,42,24,104,100,70,3,19,62,15,87,82,16"/><W17/><G3/><T67/><D124/><U7/><E47/><V11/><F134/><W1/><G1/><T39/><D132/><U63/><E2/><V8/><F64/><W103/><G110/><T78/><D78/><N who="1" m="44231" /><E121/><V119/><F119/><W135/><G135/><T34/><D31/><U13/><E13/><N who="2" m="5271" /><F32/><W76/><G42/><T22/><D4/><U106/><E106/><V21/><F83/><W102/><G24/><T38/><D101/><U88/><E63/><V98/><F77/><W48/><G104/><T85/><D34/><U58/><E58/><N who="2" m="33111" /><F98/><W5/><G48/><T59/><D71/><U18/><E88/><V41/><F55/><W75/><G75/><T125/><D125/><U130/><E28/><N who="2" m="17487" /><F41/><W116/><G116/><T133/><D133/><U65/><E65/><V61/><F61/><W113/><G113/><T99/><D39/><U97/><E18/><AGARI ba="0,0" hai="11,14,18,92,93" m="17487,33111,5271" machi="18" ten="30,2000,0" yaku="8,1,52,1" doraHai="49" who="2" fromWho="1" sc="55,0,198,-20,367,20,380,0" owari="55,-44.0,178,-22.0,387,48.0,380,18.0" /></mjloggm>