<mjloggm ver="2.3"><GO type="225" lobby="0"/><UN n0="%E3%81%88%E3%82%8B%E3%81%9F%E3%81%9D" n1="%E9%AD%82%E9%AD%84%E5%A6%96%E5%A4%A2%2A" n2="%E3%82%A6%E3%83%AB%E3%83%88%E3%83%A9%E7%AB%8B%E7%9B%B4" n3="%E3%82%A8%E3%83%AB%E3%82%AD%E3%83%81" dan="17,16,18,17" rate="2220.96,2089.22,2162.00,2230.02" sx="F,F,M,M"/><TAIKYOKU oya="0"/><INIT seed="0,0,0,0,1,84" ten="250,250,250,250" oya="0" hai0="121,90,57,104,5,27,37,78,65,132,118,60,71" hai1="43,114,86,131,45,109,80,61,24,98,49,115,112" hai2="83,16,11,107,53,72,3,122,82,73,89,14,38" hai3="44,94,4,124,103,22,126,95,40,19,67,21,123"/><T85/><D121/><U111/><E131/><V20/><F122/><W23/><G123/><T74/><D118/><U56/><E98/><V17/><F107/><W41/><G4/><T1/><D132/><U58/><E24/><V64/><F64/><W47/><G67/><T8/><D37/><U96/><E96/><V28/><F38/><W87/><G19/><T26/><D104/><U92/><E92/><N who="3" m="35370" /><G87/><T39/><D39/><U69/><E69/><V12/><F3/><W108/><G103/><T54/><D78/><N who="1" m="46359" /><E61/><V32/><F32/><W62/><G62/><T99/><D99/><U55/><E43/><N who="3" m="16458" /><G108/><AGARI ba="0,0" hai="45,49,55,56,58,108,109,111,112,114,115" m="46359" machi="108" ten="40,2600,0" yaku="14,1,11,1" doraHai="84" who="1" fromWho="3" sc="250,0,250,26,250,0,250,-26" /><INIT seed="1,0,0,2,5,97" ten="250,276,250,224" oya="1" hai0="58,133,75,117,31,125,2,30,72,3,93,67,9" hai1="135,38,121,89,35,129,95,77,127,103,64,105,96" hai2="60,106,0,101,83,40,69,116,107,119,80,113,46" hai3="108,42,25,29,76,126,120,122,115,63,100,94,130"/><U128/><E38/><N who="2" m="21783" /><F83/><W39/><G115/><T92/><D58/><U74/><E35/><V37/><F80/><W87/><G108/><T43/><D9/><U11/><E11/><V110/><F110/><W81/><G126/><T20/><D20/><U8/><E8/><V68/><F60/><W19/><G130/><N who="1" m="50282" /><E64/><V109/><F109/><W86/><G19/><T27/><D67/><U44/><E44/><V53/><F107/><W16/><G42/><T10/><D10/><U84/><E127/><V61/><F53/><W32/><G39/><T1/><D43/><U12/><E12/><V49/><F49/><W82/><G63/><T131/><D131/><U56/><E56/><V54/><F54/><W112/><G112/><T90/><D125/><U73/><E121/><V98/><F61/><W62/><G62/><T52/><D2/><U34/><E34/><V91/><F113/><W24/><G24/><T4/><D4/><U57/><E57/><V14/><F14/><W6/><G6/><T28/><D3/><U33/><E33/><V118/><F0/><W55/><G55/><T111/><D1/><U17/><E17/><V114/><F114/><W5/><G16/><T13/><D52/><U45/><E45/><V134/><F37/><W132/><G5/><T85/><D13/><U21/><E21/><V99/><F69/><W104/><G122/><T50/><D50/><U48/><E48/><V59/><F68/><W26/><G120/><T47/><D47/><U15/><E15/><V88/><F59/><W79/><G25/><T22/><D27/><U124/><E124/><RYUUKYOKU ba="0,0" sc="250,0,276,0,250,0,224,0" /><INIT seed="2,1,0,2,1,39" ten="250,276,250,224" oya="2" hai0="36,134,88,20,86,123,90,25,46,31,117,75,107" hai1="108,69,101,61,59,72,84,120,65,12,64,76,125" hai2="91,100,19,93,122,96,50,85,28,60,121,34,0" hai3="102,1,47,53,49,58,14,29,67,32,55,106,115"/><V42/><F0/><W30/><G1/><T110/><D123/><U99/><E72/><V126/><F126/><W45/><G115/><T114/><D114/><U132/><E125/><V40/><F60/><W9/><G67/><T127/><D75/><U62/><E108/><V78/><F78/><W63/><G32/><T43/><D127/><U33/><E33/><V2/><F2/><W113/><G113/><T68/><D107/><U116/><E116/><V104/><F19/><W70/><G70/><T97/><D68/><U16/><E120/><V13/><F13/><W37/><G102/><T11/><D110/><U51/><E51/><V81/><F104/><W130/><G130/><T17/><D134/><U3/><E3/><V41/><REACH who="2" step="1"/><F50/><REACH who="2" ten="250,276,240,224" step="2"/><W124/><G106/><T56/><D117/><U38/><E76/><V103/><F103/><W87/><G124/><T6/><D17/><U15/><E16/><V133/><F133/><W8/><G49/><T74/><D36/><U4/><E38/><V27/><AGARI ba="1,1" hai="27,28,34,40,41,42,81,85,91,93,96,100,121,122" machi="27" ten="30,18000,2" yaku="1,1,0,1,52,3,53,1" doraHai="39" doraHaiUra="21" who="2" fromWho="2" sc="250,-61,276,-61,240,193,224,-61" /><INIT seed="2,2,0,3,5,12" ten="189,215,433,163" oya="2" hai0="99,120,90,13,114,122,29,85,67,22,40,5,115" hai1="51,126,135,2,125,77,0,84,62,32,113,7,103" hai2="80,117,3,66,38,48,53,56,91,59,134,4,93" hai3="121,106,31,130,82,68,63,33,107,101,20,42,78"/><V116/><F38/><W24/><G121/><T25/><D67/><U45/><E32/><V23/><F80/><W69/><G130/><T44/><D99/><U110/><E113/><V88/><F134/><W58/><G42/><T83/><D5/><U55/><E135/><V30/><F4/><W89/><G89/><T73/><D73/><U28/><E110/><V74/><F3/><W10/><G10/><T118/><D118/><U11/><E103/><V54/><F74/><W17/><G101/><T81/><D81/><N who="1" m="47151" /><E28/><V39/><F66/><W27/><G68/><T97/><D97/><U57/><E0/><V60/><F91/><W98/><G98/><T26/><D13/><U64/><E64/><V133/><F39/><W79/><G69/><T128/><D128/><U9/><E9/><V6/><F6/><W76/><REACH who="3" step="1"/><G82/><REACH who="3" ten="189,215,433,153" step="2"/><T65/><D120/><U52/><E11/><V123/><F123/><W112/><G112/><T95/><D122/><U14/><E7/><V35/><F133/><W1/><G1/><T129/><D129/><U102/><E2/><V94/><F117/><W111/><G111/><T49/><D83/><U127/><E102/><V50/><F88/><W124/><G124/><T8/><D8/><U132/><E132/><V71/><F71/><W43/><G43/><T131/><D131/><U104/><E104/><V109/><F116/><W36/><G36/><T75/><D114/><U87/><E87/><V70/><F70/><W16/><G16/><T46/><D115/><U105/><E105/><V119/><F109/><W19/><G19/><T108/><D108/><RYUUKYOKU ba="2,1" sc="189,-15,215,15,433,-15,153,15" hai1="14,45,51,52,55,57,62,125,126,127" hai3="17,20,24,27,31,33,58,63,76,78,79,106,107" /><INIT seed="3,3,1,3,1,40" ten="174,230,418,168" oya="3" hai0="19,60,99,86,48,97,135,38,83,70,89,4,90" hai1="81,54,5,80,62,93,124,85,118,105,59,45,129" hai2="84,56,122,114,104,53,39,65,9,107,11,94,92" hai3="31,115,26,101,36,14,106,55,67,133,25,0,47"/><W44/><G115/><T57/><D38/><U50/><E105/><V42/><F107/><W51/><G0/><T10/><D135/><U24/><E124/><V109/><F104/><W6/><G67/><T127/><D70/><U15/><E129/><V34/><F34/><W63/><G63/><T78/><D127/><U17/><E118/><V58/><F39/><W77/><G77/><T28/><D28/><U73/><E73/><V7/><F7/><W1/><G1/><T30/><D30/><U22/><E93/><V16/><F65/><W32/><G133/><T64/><D19/><N who="1" m="12383" /><E5/><V66/><F66/><W76/><G76/><T43/><D90/><U3/><E85/><V12/><F122/><W91/><G91/><T29/><D29/><U41/><E3/><V69/><F69/><W128/><G26/><T123/><D89/><U117/><E117/><V2/><F2/><W75/><G75/><T96/><D123/><U74/><E74/><V87/><F84/><W79/><G79/><T134/><D134/><U8/><AGARI ba="3,1" hai="8,15,17,41,45,50,54,59,62,80,81" m="12383" machi="8" ten="30,2000,0" yaku="8,1,52,1" doraHai="40" who="1" fromWho="1" sc="174,-8,230,39,418,-8,168,-13" owari="166,-23.0,269,7.0,410,50.0,155,-34.0" /></mjloggm>