<mjloggm ver="2.3"><GO type="41" lobby="0"/><UN n0="%69%6D%6F%69%6D%6F" n1="%E5%B0%B1%E6%B4%BB%E7%94%9F%40%E5%B7%9D%E6%9D%91%E8%BB%8D%E5%9B%A3" n2="%E3%81%82%E3%81%84%E3%82%8B%E3%82%93" n3="%71%77%6F%70%4D%4D%4D" dan="15,18,14,14" rate="1959.28,2312.12,2017.79,1889.87" sx="M,M,M,M"/><TAIKYOKU oya="0"/><INIT seed="0,0,0,5,2,56" ten="250,250,250,250" oya="0" hai0="45,46,38,16,59,110,85,9,11,120,73,58,109" hai1="14,44,98,51,28,25,93,88,111,124,49,108,31" hai2="101,100,122,87,26,84,77,21,74,106,42,99,118" hai3="102,17,128,7,41,4,70,35,10,5,132,18,54"/><T97/><D73/><U114/><E124/><V76/><F42/><W8/><G35/><T95/><D120/><U30/><E114/><V107/><F26/><W55/><G70/><T82/><D58/><U115/><E115/><V0/><F21/><W3/><G132/><T65/><D65/><U131/><E131/><V29/><F29/><W13/><G128/><T40/><D46/><U37/><E14/><V117/><F0/><W89/><G41/><T94/><D59/><U80/><E80/><V90/><F122/><W81/><G102/><T52/><D52/><N who="3" m="20009" /><G3/><T92/><D97/><U53/><E37/><V47/><F47/><W32/><G32/><T23/><D82/><U133/><E49/><V96/><F90/><W33/><G33/><T125/><D85/><U123/><E123/><V1/><F1/><W27/><G27/><N who="0" m="14823" /><D125/><U39/><E39/><V75/><AGARI ba="0,0" hai="74,75,76,77,84,87,96,99,100,101,106,107,117,118" machi="75" ten="25,12000,2" yaku="0,1,22,2,34,3" doraHai="56" who="2" fromWho="2" sc="250,-60,250,-30,250,120,250,-30" /><INIT seed="1,0,0,4,3,1" ten="190,220,370,220" oya="1" hai0="5,86,42,26,99,24,97,40,48,129,123,11,23" hai1="22,122,44,36,65,35,32,100,38,93,83,104,63" hai2="43,106,30,16,55,87,111,103,109,125,61,19,58" hai3="98,117,3,67,70,66,91,130,39,21,80,31,75"/><U90/><E104/><V47/><F125/><W18/><G3/><T96/><D129/><U62/><E122/><V116/><F116/><W76/><G39/><T85/><D123/><U89/><E100/><V6/><F30/><W53/><G130/><T51/><D48/><U88/><E93/><V112/><F112/><W68/><G117/><T69/><D69/><U45/><E22/><V15/><F87/><W46/><G31/><T71/><D71/><U4/><E65/><V128/><F128/><W37/><G68/><T33/><D33/><N who="1" m="12875" /><E83/><V12/><F103/><W78/><G78/><T102/><D102/><U20/><E20/><V118/><F118/><W34/><G34/><T133/><D133/><U10/><E4/><V72/><F72/><W2/><G67/><T59/><D40/><U41/><E10/><N who="2" m="4183" /><F106/><W50/><G66/><T105/><D105/><U132/><E41/><V121/><F15/><W13/><G70/><T124/><D124/><U54/><E54/><V108/><F121/><W92/><G2/><T74/><D74/><U64/><E64/><V110/><F110/><W94/><G94/><T29/><D26/><U14/><E14/><V131/><F131/><W17/><G17/><T25/><D25/><U7/><E7/><V60/><F60/><N who="1" m="23081" /><E132/><V73/><F73/><W49/><G49/><AGARI ba="0,0" hai="16,19,43,47,49,55,58,61,108,109,111" m="4183" machi="49" ten="30,3900,0" yaku="14,1,52,1,54,1" doraHai="1" who="2" fromWho="3" sc="190,0,220,0,370,39,220,-39" /><INIT seed="2,0,0,0,3,14" ten="190,220,409,181" oya="2" hai0="83,93,34,68,121,36,115,67,58,69,55,9,122" hai1="63,85,125,126,12,120,26,102,10,100,107,61,123" hai2="113,124,78,50,119,52,5,134,27,118,132,11,72" hai3="112,45,31,87,54,94,3,116,42,38,114,24,82"/><V17/><F113/><N who="3" m="43627" /><G116/><T43/><D115/><U104/><E26/><V13/><F124/><N who="1" m="47721" /><E63/><V16/><F78/><N who="3" m="46551" /><G3/><T106/><D106/><N who="1" m="40491" /><E61/><V40/><F40/><W65/><G65/><T8/><D34/><U39/><E39/><V109/><F72/><W15/><G94/><T7/><D93/><U127/><N who="1" m="47729" /><U98/><DORA hai="95" /><E85/><V90/><F90/><W41/><G15/><T108/><D67/><U99/><E102/><V23/><F109/><W86/><G86/><T66/><D66/><U75/><E75/><V18/><F118/><W80/><G80/><T1/><D108/><U70/><E70/><V92/><F92/><W111/><G111/><T47/><D83/><U33/><E33/><V73/><F73/><W74/><G74/><T131/><D69/><U19/><E100/><V130/><F130/><W49/><G38/><T77/><D131/><U25/><E25/><V88/><F88/><W0/><G0/><T48/><D68/><U133/><E133/><N who="2" m="51307" /><F119/><W117/><G117/><T129/><D129/><U57/><E57/><AGARI ba="0,0" hai="5,11,13,16,17,18,23,27,50,52,57" m="51307" machi="57" ten="30,18000,2" yaku="20,1,52,3,54,2" doraHai="14,95" who="2" fromWho="1" sc="190,0,220,-180,409,180,181,0" /><INIT seed="2,1,0,0,5,25" ten="190,40,589,181" oya="2" hai0="97,79,120,0,70,60,101,65,105,27,10,85,133" hai1="49,54,32,13,3,9,119,42,95,18,17,38,110" hai2="11,108,77,114,26,41,20,126,55,30,51,88,111" hai3="80,93,31,58,8,2,92,94,53,131,4,68,12"/><V19/><F114/><W39/><G131/><T14/><D120/><U102/><E119/><V52/><F77/><W50/><G68/><T72/><D133/><U36/><E110/><N who="2" m="42027" /><F126/><W24/><G39/><T103/><D103/><U121/><E121/><V106/><F106/><W73/><G73/><T40/><D0/><U104/><E104/><V74/><F74/><W22/><REACH who="3" step="1"/><G80/><REACH who="3" ten="190,40,589,171" step="2"/><T23/><D72/><U7/><E32/><V113/><F113/><W37/><G37/><T75/><D75/><U15/><E38/><V76/><F76/><W127/><G127/><T69/><D79/><U59/><E36/><V128/><F128/><W124/><G124/><T125/><D70/><U96/><E42/><V107/><F107/><W112/><G112/><T134/><D40/><U91/><E3/><AGARI ba="1,1" hai="2,3,4,8,12,22,24,31,50,53,58,92,93,94" machi="3" ten="40,2600,0" yaku="1,1,52,1,53,0" doraHai="25" doraHaiUra="122" who="3" fromWho="1" sc="190,0,40,-29,589,0,171,39" /><INIT seed="3,0,0,1,2,134" ten="190,11,589,210" oya="3" hai0="65,8,78,83,93,61,38,82,46,1,44,45,127" hai1="51,31,18,30,86,67,11,49,72,118,32,35,94" hai2="16,9,130,102,76,17,113,105,0,70,129,128,13" hai3="12,63,62,41,21,58,2,37,95,88,28,135,20"/><W40/><G135/><T132/><D132/><U99/><E72/><V91/><F113/><W4/><G2/><T15/><D1/><U5/><E118/><V111/><F70/><W107/><G107/><T52/><D127/><U53/><E67/><V115/><F115/><W108/><G108/><T64/><D38/><U90/><E35/><V26/><F76/><W14/><G37/><T55/><D93/><U27/><E31/><V6/><F91/><W39/><G39/><T36/><D36/><U73/><E73/><V96/><F111/><W89/><G95/><T71/><D65/><U119/><E119/><V112/><F112/><W34/><G58/><T22/><D22/><U109/><E109/><V50/><F50/><W10/><G34/><T60/><D60/><U77/><E18/><N who="2" m="7275" /><F26/><W3/><G3/><AGARI ba="0,0" hai="0,3,6,9,13,96,102,105,128,129,130" m="7275" machi="3" ten="40,2600,0" yaku="19,1,54,1" doraHai="134" who="2" fromWho="3" sc="190,0,11,0,589,26,210,-26" /><INIT seed="4,0,0,1,1,121" ten="190,11,615,184" oya="0" hai0="45,73,38,30,62,105,93,49,132,89,11,76,99" hai1="1,69,33,29,31,97,65,129,61,85,119,90,24" hai2="28,127,102,56,14,80,20,46,92,3,71,87,52" hai3="66,22,86,23,108,100,27,35,54,135,13,128,83"/><T75/><D105/><U72/><E119/><V98/><F71/><W124/><G66/><T63/><D38/><U110/><E72/><V114/><F3/><W0/><G0/><T91/><D132/><U44/><E129/><V117/><F114/><W47/><G100/><T133/><D133/><U43/><E29/><V70/><F70/><W82/><G128/><T17/><D30/><U48/><E1/><V15/><F46/><W36/><G36/><T34/><D34/><U84/><E97/><V8/><F117/><W126/><G135/><T4/><D17/><U122/><E122/><V57/><F57/><W81/><G86/><T123/><D123/><U50/><E85/><V12/><F127/><N who="3" m="48683" /><G13/><N who="0" m="5351" /><D75/><U42/><E110/><V103/><F103/><W106/><G106/><T64/><D76/><U26/><E26/><N who="2" m="16455" /><F8/><W19/><G35/><T18/><D73/><U79/><E79/><N who="2" m="46495" /><F12/><W101/><G101/><T68/><D68/><U5/><E5/><V58/><F58/><W125/><G125/><T21/><D91/><U113/><E113/><V7/><F7/><W107/><G107/><T130/><D130/><U10/><E10/><V94/><F92/><W55/><G47/><T9/><D64/><U115/><E115/><V112/><F112/><W51/><G51/><AGARI ba="0,0" hai="14,15,51,52,56,94,98,102" m="46495,16455" machi="51" ten="30,2000,0" yaku="8,1,54,1" doraHai="121" who="2" fromWho="3" sc="190,0,11,0,615,20,184,-20" /><INIT seed="5,0,0,1,5,53" ten="190,11,635,164" oya="1" hai0="96,2,34,25,36,112,27,56,23,123,115,59,49" hai1="39,63,72,7,98,1,106,75,125,133,38,126,135" hai2="77,129,111,76,29,73,43,87,104,109,65,132,92" hai3="28,86,60,4,113,47,68,31,82,48,42,93,5"/><U102/><E7/><N who="3" m="2634" /><G113/><N who="0" m="43595" /><D36/><N who="1" m="13867" /><E63/><V35/><F43/><W83/><G68/><T9/><D123/><U120/><E120/><V107/><F65/><W88/><G60/><T117/><D117/><U121/><E121/><V10/><F10/><W84/><G93/><T30/><D49/><U128/><E1/><V8/><F8/><W118/><G118/><T114/><D114/><U90/><E90/><AGARI ba="0,0" hai="28,31,42,47,48,82,83,84,86,88,90" m="2634" machi="90" ten="30,2000,0" yaku="8,1,54,1" doraHai="53" who="3" fromWho="1" sc="190,0,11,-20,635,0,164,20" owari="190,-1.0,-9,-51.0,635,74.0,184,-22.0" /></mjloggm>