<mjloggm ver="2.3"><GO type="169" lobby="0"/><UN n0="%E5%B0%B1%E6%B4%BB%E7%94%9F%40%E5%B7%9D%E6%9D%91%E8%BB%8D%E5%9B%A3" n1="%E2%91%A3%E3%82%BB%E3%83%B3%E3%83%81" n2="%74%61%74%73%75%37%30%32" n3="%E3%83%87%E3%82%A3%E3%82%BD%E3%83%BC%E3%83%AB" dan="17,18,16,16" rate="2187.82,2237.66,2186.81,2144.76" sx="M,M,M,M"/><TAIKYOKU oya="0"/><INIT seed="0,0,0,0,3,5" ten="250,250,250,250" oya="0" hai0="50,33,112,118,81,8,25,124,129,28,95,59,10" hai1="58,99,18,70,7,64,75,115,27,134,63,71,125" hai2="104,89,36,57,21,61,60,111,22,110,1,126,131" hai3="24,98,87,31,83,79,74,123,56,72,37,133,91"/><T11/><D118/><U47/><E75/><V122/><F122/><W93/><G123/><T49/><D112/><U78/><E78/><V14/><F1/><W6/><G37/><T0/><D0/><U67/><E115/><V105/><F36/><W16/><G133/><T40/><D124/><U3/><E125/><V20/><F126/><W34/><G6/><T130/><D81/><U68/><E134/><V119/><F119/><W29/><G29/><T90/><D59/><U44/><E67/><V114/><F114/><W135/><G135/><T4/><D4/><U26/><E99/><V69/><F69/><W107/><G56/><T23/><D33/><U84/><E84/><V77/><F77/><W43/><G43/><T108/><D108/><N who="2" m="41514" /><F131/><N who="0" m="50186" /><D40/><U9/><REACH who="1" step="1"/><E18/><REACH who="1" ten="250,240,250,250" step="2"/><V45/><F89/><W117/><G117/><T15/><D15/><U85/><E85/><AGARI ba="0,1" hai="8,10,11,23,25,28,49,50,85,90,95" m="50186" machi="85" ten="30,11600,0" yaku="19,1,52,3" doraHai="5" who="0" fromWho="1" sc="250,126,240,-116,250,0,250,0" /><INIT seed="0,1,0,2,3,120" ten="376,124,250,250" oya="0" hai0="12,134,21,90,34,33,30,63,29,76,59,61,89" hai1="132,114,56,71,27,88,123,112,38,121,15,98,18" hai2="115,10,133,81,45,26,92,94,119,3,82,53,62" hai3="22,52,83,74,50,47,79,2,24,116,48,69,73"/><T13/><D134/><U129/><E71/><V91/><F133/><W122/><G116/><T40/><D59/><U103/><E132/><V16/><F119/><W95/><G122/><T78/><D21/><U55/><E38/><V49/><F115/><N who="1" m="44073" /><E27/><V124/><F124/><W28/><G69/><T58/><D58/><U39/><E39/><V46/><F3/><W64/><G64/><T14/><D14/><U68/><E88/><V0/><F0/><W37/><G2/><T65/><REACH who="0" step="1"/><D40/><REACH who="0" ten="366,124,250,250" step="2"/><U42/><E42/><V113/><F45/><W6/><G37/><T102/><D102/><U125/><E68/><V31/><F62/><W107/><G50/><T19/><D19/><U131/><E125/><V127/><F127/><W54/><G6/><T106/><D106/><N who="1" m="63863" /><E123/><V25/><F113/><W44/><G107/><T84/><D84/><U87/><E87/><N who="2" m="50679" /><F81/><W66/><G74/><T99/><D99/><U17/><E121/><V7/><F7/><W1/><G1/><T97/><D97/><U57/><E57/><V60/><F60/><W23/><G23/><T35/><D35/><U108/><E18/><V105/><F105/><W93/><G47/><T77/><D77/><U72/><E72/><V32/><F26/><W51/><G51/><T128/><D128/><N who="1" m="49227" /><E17/><V11/><F16/><W96/><G48/><T75/><D75/><U118/><E15/><V80/><F80/><W20/><G83/><T85/><D85/><U111/><E118/><V36/><F36/><W135/><G73/><T4/><D4/><U110/><E56/><V86/><F86/><W43/><G135/><RYUUKYOKU ba="1,1" sc="366,10,124,10,250,10,250,-30" hai0="12,13,29,30,33,34,61,63,65,76,78,89,90" hai1="55,108,110,111" hai2="10,11,25,31,32,46,49,53,92,94" /><INIT seed="0,2,1,2,5,31" ten="376,134,260,220" oya="0" hai0="125,51,49,91,17,20,118,55,13,4,83,64,112" hai1="97,104,32,27,75,129,14,82,84,30,111,0,56" hai2="26,123,45,38,52,115,76,43,8,58,87,121,10" hai3="96,67,16,135,102,93,5,110,130,81,37,122,106"/><T36/><D36/><U94/><E0/><V33/><F115/><W41/><G130/><T100/><D118/><U1/><E1/><V98/><F98/><W69/><G135/><T113/><D125/><U92/><E129/><V107/><F107/><W60/><G110/><T62/><D100/><U85/><E111/><V25/><F26/><W73/><G122/><T29/><D29/><U15/><E75/><V7/><F10/><W109/><G109/><T114/><D4/><U131/><E131/><V54/><F54/><W34/><G5/><T127/><D127/><U124/><E124/><V86/><F25/><W21/><G93/><T88/><D83/><U119/><E119/><V53/><F53/><W48/><G48/><T95/><D95/><U24/><E24/><V99/><F99/><W6/><G6/><T42/><D42/><U120/><E120/><V116/><F33/><W18/><G21/><T2/><D2/><U61/><E104/><V108/><F86/><W103/><G103/><T90/><REACH who="0" step="1"/><D55/><REACH who="0" ten="366,134,260,220" step="2"/><N who="1" m="33951" /><E94/><V70/><F108/><W128/><G128/><T80/><D80/><U12/><E82/><N who="2" m="47559" /><F116/><W71/><G106/><T50/><D50/><U68/><E97/><V117/><F117/><W9/><G96/><T22/><D22/><U66/><E92/><V72/><F123/><W89/><G81/><T3/><D3/><U19/><E19/><V35/><F121/><W74/><G18/><T79/><D79/><U63/><E30/><V44/><F7/><W134/><G16/><T105/><D105/><U78/><E78/><V132/><F38/><W77/><G37/><RYUUKYOKU ba="2,2" sc="366,15,134,15,260,-15,220,-15" hai0="13,17,20,49,51,62,64,88,90,91,112,113,114" hai1="12,14,15,27,32,63,66,68,84,85" /><INIT seed="0,3,2,2,2,84" ten="381,149,245,205" oya="0" hai0="23,34,55,107,127,79,37,105,106,87,96,54,95" hai1="17,2,82,109,21,52,80,86,62,120,97,117,68" hai2="7,69,115,108,61,8,73,4,19,11,76,90,112" hai3="43,72,88,100,124,38,135,81,131,99,122,66,31"/><T133/><D34/><U6/><E120/><V26/><F108/><W77/><G66/><T51/><D37/><U98/><E117/><V134/><F134/><W129/><G31/><T10/><D133/><U39/><E39/><V121/><F121/><W67/><G135/><T1/><D127/><U53/><E109/><V46/><F46/><N who="3" m="23927" /><G122/><T63/><D63/><U110/><E110/><V111/><F111/><W32/><G67/><T30/><D79/><U101/><E82/><V128/><F128/><N who="3" m="49227" /><G32/><T85/><D10/><U91/><E98/><V104/><F104/><N who="3" m="63519" /><G124/><T27/><D1/><U125/><E125/><V40/><F69/><W60/><G60/><T29/><D29/><U33/><E33/><V114/><F61/><W123/><G123/><T22/><D22/><U47/><E47/><V57/><F57/><W14/><G14/><T94/><D94/><U83/><E83/><V130/><F130/><W18/><G18/><T13/><D13/><U102/><E102/><V24/><F19/><W70/><G70/><T16/><D30/><U9/><E62/><V93/><F11/><W50/><G50/><T35/><D35/><U92/><REACH who="1" step="1"/><E68/><REACH who="1" ten="381,139,245,205" step="2"/><V89/><F115/><W64/><G64/><T71/><D71/><U119/><E119/><V3/><F114/><W132/><G132/><T36/><D36/><U5/><E5/><V116/><F7/><W56/><G56/><T0/><D106/><U118/><E118/><V28/><F116/><W58/><G58/><T113/><D105/><U45/><E45/><V74/><F112/><W12/><G81/><T103/><D107/><RYUUKYOKU ba="3,3" sc="381,-10,139,30,245,-10,205,-10" hai1="2,6,9,17,21,52,53,80,86,91,92,97,101" /><INIT seed="1,4,3,3,4,70" ten="371,169,235,195" oya="1" hai0="123,131,120,7,129,116,83,134,124,48,2,14,55" hai1="61,94,99,4,28,78,96,103,42,60,13,6,75" hai2="37,117,95,8,112,66,118,107,71,93,5,125,128" hai3="12,69,30,47,113,17,1,111,121,130,50,72,38"/><U132/><E132/><V92/><F107/><W9/><G121/><N who="0" m="46667" /><D2/><U88/><E28/><V45/><F125/><W79/><G113/><T0/><D0/><U68/><E42/><V65/><F112/><W49/><G69/><T33/><D33/><U126/><E126/><V26/><F26/><W102/><G111/><T82/><D116/><U32/><E32/><V86/><F128/><N who="0" m="49226" /><D134/><U11/><E68/><V74/><F74/><W87/><G130/><T20/><D124/><U101/><E4/><V10/><F86/><W122/><G122/><T39/><D39/><U15/><E15/><V24/><F24/><W56/><G30/><T40/><D40/><U110/><E110/><V81/><F81/><W43/><G72/><T105/><D105/><U29/><E29/><V53/><F71/><W54/><G102/><T63/><D63/><U22/><E22/><V59/><F10/><W18/><G1/><T27/><D14/><U108/><E108/><V3/><F118/><W127/><G127/><T31/><D7/><U114/><E114/><V64/><F117/><W34/><G34/><T16/><D31/><U135/><E135/><V89/><F45/><AGARI ba="4,3" hai="16,20,27,45,48,55,82,83" m="49226,46667" machi="45" ten="30,3900,0" yaku="13,1,19,1,54,1" doraHai="70" who="0" fromWho="2" sc="371,81,169,0,235,-51,195,0" /><INIT seed="2,0,0,1,0,19" ten="452,169,184,195" oya="2" hai0="105,92,7,58,81,102,126,115,129,133,21,75,47" hai1="35,53,74,93,117,67,0,50,135,42,45,116,89" hai2="41,85,32,24,33,76,20,30,100,130,107,23,56" hai3="55,124,118,108,119,3,37,101,132,1,46,96,59"/><V69/><F69/><W36/><G124/><T57/><D105/><U62/><E135/><V109/><F41/><W9/><G132/><T106/><D106/><U122/><E122/><V6/><F6/><W22/><G108/><T51/><D115/><U71/><E74/><V87/><F109/><W114/><G114/><T11/><D133/><U70/><E0/><V94/><F107/><W127/><G127/><T68/><D68/><U91/><E35/><V44/><F44/><W77/><G77/><T73/><D73/><U43/><E91/><V52/><F130/><W12/><G118/><T27/><D81/><U40/><REACH who="1" step="1"/><E71/><REACH who="1" ten="452,159,184,195" step="2"/><V49/><F33/><W66/><G119/><T99/><D126/><U80/><E80/><V64/><F76/><W134/><G134/><T15/><D75/><U8/><E8/><V28/><F64/><W125/><G125/><T120/><D120/><U25/><E25/><N who="2" m="16703" /><F32/><W97/><G66/><T54/><REACH who="0" step="1"/><D129/><REACH who="0" ten="442,159,184,195" step="2"/><U29/><E29/><AGARI ba="0,2" hai="7,11,15,21,27,29,47,51,54,57,58,92,99,102" machi="29" ten="30,12000,2" yaku="1,1,2,1,7,1,8,1,52,1,53,1" doraHai="19" doraHaiUra="95" who="0" fromWho="1" sc="442,140,159,-120,184,0,195,0" /><INIT seed="3,0,0,0,2,48" ten="582,39,184,195" oya="3" hai0="94,4,127,92,38,55,41,50,51,35,79,46,117" hai1="125,24,68,71,132,37,95,86,28,72,20,13,36" hai2="65,47,63,27,33,83,30,43,21,123,53,93,54" hai3="74,78,98,14,10,73,82,81,34,109,88,131,96"/><W99/><G34/><T66/><D35/><U118/><E72/><V115/><F115/><W77/><G131/><T29/><D117/><U90/><E118/><V114/><F114/><W130/><G130/><T45/><D127/><U11/><E125/><V106/><F106/><W80/><G109/><T62/><D79/><N who="3" m="30217" /><G14/><T40/><D4/><U26/><E132/><V84/><F93/><N who="3" m="56359" /><G10/><T124/><D29/><U19/><E71/><V116/><F33/><W59/><G59/><N who="0" m="33271" /><D124/><U1/><E68/><AGARI ba="0,0" hai="38,40,41,45,46,51,62,66,68,92,94" m="33271" machi="68" ten="30,2000,0" yaku="24,1,52,1" doraHai="48" who="0" fromWho="1" sc="582,20,39,-20,184,0,195,0" /><INIT seed="4,0,0,4,2,71" ten="602,19,184,195" oya="0" hai0="26,19,89,99,107,65,90,125,29,18,20,3,113" hai1="108,57,1,0,123,70,33,114,118,55,12,121,48" hai2="97,122,64,37,60,119,85,32,51,81,120,47,54" hai3="49,17,67,103,109,132,104,7,39,80,73,91,11"/><T129/><D3/><U86/><E108/><V27/><F119/><W59/><G109/><T58/><D113/><U131/><E118/><V126/><F126/><W10/><G132/><T69/><D69/><U92/><E33/><V21/><F32/><W116/><G116/><T111/><D125/><U52/><E70/><V44/><F97/><W93/><G17/><T101/><D111/><U66/><E66/><V63/><F122/><W38/><G67/><T23/><D129/><U95/><E131/><V77/><F120/><W83/><G59/><T79/><D79/><U28/><E28/><V24/><F24/><W16/><G49/><T9/><D9/><U84/><E57/><V102/><F102/><W36/><G16/><T78/><D78/><U75/><E48/><V87/><F87/><N who="3" m="52479" /><G83/><T94/><D107/><U127/><E75/><V35/><F35/><W22/><G22/><T72/><D72/><U106/><E106/><V31/><REACH who="2" step="1"/><F64/><REACH who="2" ten="602,19,174,195" step="2"/><W43/><G7/><T128/><D128/><U13/><REACH who="1" step="1"/><E127/><REACH who="1" ten="602,9,174,195" step="2"/><V74/><F74/><W133/><G133/><T98/><D65/><U134/><E134/><V115/><F115/><AGARI ba="0,2" hai="0,1,12,13,52,55,84,86,92,95,114,115,121,123" machi="115" ten="25,6400,0" yaku="1,1,22,2,54,1,53,0" doraHai="71" doraHaiUra="5" who="1" fromWho="2" sc="602,0,9,84,174,-64,195,0" /><INIT seed="5,0,0,3,4,131" ten="602,93,110,195" oya="1" hai0="96,19,66,130,54,63,7,22,107,112,10,116,73" hai1="81,29,110,35,84,13,26,90,72,14,33,48,129" hai2="115,20,134,12,122,2,95,38,61,3,103,93,77" hai3="99,65,59,52,98,133,118,49,64,135,113,108,34"/><U117/><E117/><V101/><F38/><W85/><G108/><T106/><D73/><U126/><E129/><V28/><F122/><W132/><G118/><T15/><D116/><U78/><E110/><V39/><F39/><W89/><G113/><T11/><D130/><U4/><E126/><V32/><F32/><W102/><G34/><T74/><D74/><U127/><E127/><V53/><F115/><W24/><G24/><T71/><D112/><U27/><E4/><V60/><F77/><W46/><G46/><T123/><D123/><U9/><E9/><V69/><F12/><W30/><G30/><T105/><D54/><U97/><E97/><N who="3" m="36874" /><G102/><T82/><D82/><AGARI ba="0,0" hai="49,52,59,64,65,82,85,89,132,133,135" m="36874" machi="82" ten="30,8000,1" yaku="20,1,52,3,54,1" doraHai="131" who="3" fromWho="0" sc="602,-80,93,0,110,0,195,80" /><INIT seed="6,0,0,0,1,90" ten="522,93,110,275" oya="2" hai0="62,70,63,132,75,36,11,60,110,21,10,14,106" hai1="19,33,85,86,46,23,9,114,95,87,126,28,8" hai2="99,17,120,16,92,39,43,31,49,134,37,20,42" hai3="127,93,98,123,2,72,66,30,117,101,58,81,73"/><V121/><F134/><W128/><G2/><T131/><D106/><U129/><E114/><V94/><F31/><W104/><G30/><T34/><D34/><U116/><E116/><V122/><F99/><W103/><G58/><T7/><D75/><U113/><E113/><V118/><F49/><W80/><G66/><T112/><D112/><U124/><E129/><V96/><F96/><N who="3" m="61543" /><G117/><T135/><D36/><U82/><E28/><V74/><F20/><W35/><G35/><T44/><D44/><U0/><E33/><V67/><F67/><W27/><G27/><T45/><D45/><U68/><E68/><V53/><F53/><W3/><G3/><T59/><D131/><U5/><E9/><V83/><F83/><N who="3" m="31819" /><G127/><N who="1" m="48682" /><E46/><V47/><F47/><W115/><G123/><T78/><D78/><U108/><E82/><V76/><F76/><W57/><G57/><T84/><D110/><U64/><E64/><V32/><F32/><W133/><G115/><T61/><D70/><U107/><E107/><V65/><F65/><W111/><G111/><T91/><D11/><U105/><E105/><V29/><F29/><W4/><G4/><T52/><REACH who="0" step="1"/><D21/><REACH who="0" ten="512,93,110,275" step="2"/><U25/><E108/><V55/><F118/><W18/><G128/><T97/><D97/><U26/><E26/><V40/><F74/><N who="3" m="28779" /><G18/><N who="2" m="7273" /><F55/><W71/><G71/><T54/><D54/><U102/><E102/><V6/><F6/><W38/><G38/><AGARI ba="0,1" hai="37,38,39,40,42,43,92,94,120,121,122" m="7273" machi="38" ten="40,12000,1" yaku="28,2,52,2,54,1" doraHai="90" who="2" fromWho="3" sc="512,0,93,0,110,130,275,-120" /><INIT seed="6,1,0,1,5,113" ten="512,93,240,155" oya="2" hai0="18,108,26,44,129,61,125,123,131,41,63,120,11" hai1="68,47,24,89,64,60,83,39,9,14,71,111,66" hai2="23,57,45,79,12,130,33,69,119,43,20,101,100" hai3="117,8,58,81,74,67,133,92,56,86,59,90,96"/><V103/><F119/><W82/><G133/><T97/><D108/><U22/><E111/><V38/><F33/><W42/><G42/><T0/><D125/><U31/><E39/><V36/><F69/><W122/><G122/><T116/><D116/><U105/><E105/><V5/><F38/><W17/><G74/><T102/><D102/><U91/><E47/><V104/><F104/><W94/><G67/><T28/><D97/><U88/><E83/><V124/><F124/><W46/><G46/><T73/><D73/><U34/><E34/><V121/><F121/><W13/><REACH who="3" step="1"/><G117/><REACH who="3" ten="512,93,240,145" step="2"/><T110/><D120/><U115/><E115/><V135/><F135/><W93/><G93/><T15/><D123/><U55/><E55/><V10/><F130/><W52/><G52/><T49/><D110/><U80/><E80/><V53/><REACH who="2" step="1"/><F79/><REACH who="2" ten="512,93,230,145" step="2"/><W98/><G98/><T78/><D78/><U72/><E72/><V4/><F4/><W21/><G21/><T127/><D127/><U70/><REACH who="1" step="1"/><E66/><REACH who="1" ten="512,83,230,145" step="2"/><V1/><F1/><W107/><G107/><T2/><D0/><U35/><E35/><V54/><F54/><W77/><G77/><T32/><D2/><U37/><E37/><V48/><AGARI ba="1,3" hai="5,10,12,20,23,36,43,45,48,53,57,100,101,103" machi="48" ten="30,3000,0" yaku="1,1,0,1,53,0" doraHai="113" doraHaiUra="126" who="2" fromWho="2" sc="512,-11,83,-11,230,63,145,-11" /><INIT seed="6,2,0,4,5,26" ten="501,72,293,134" oya="2" hai0="21,134,49,50,120,77,19,132,9,106,62,88,95" hai1="127,92,29,68,100,8,56,66,61,85,129,74,119" hai2="5,60,3,110,25,43,89,115,63,37,71,22,121" hai3="2,16,28,44,54,69,59,105,108,82,42,46,116"/><V12/><F121/><W86/><G108/><T130/><D106/><U98/><E127/><V52/><F110/><W57/><G69/><T133/><D130/><U99/><E129/><V122/><F122/><W15/><G116/><T135/><D120/><U114/><E114/><V0/><F115/><W76/><G2/><T17/><D77/><U18/><E74/><V58/><F89/><W96/><G105/><T47/><D62/><U11/><E119/><V27/><F27/><W13/><G96/><T10/><D50/><U72/><E72/><V117/><F117/><W45/><G42/><N who="0" m="24823" /><D134/><U53/><E85/><V51/><F63/><W104/><G104/><T41/><D41/><U65/><E68/><V90/><F90/><W64/><G64/><T36/><D36/><U94/><E29/><N who="2" m="17591" /><F12/><W4/><G54/><T35/><D35/><U38/><E38/><V7/><F3/><W78/><G78/><T107/><D107/><U87/><E87/><V23/><F23/><N who="3" m="11679" /><G28/><T125/><D125/><U75/><E75/><V102/><F102/><W81/><G81/><T123/><D123/><U128/><E128/><V34/><F0/><W40/><G40/><T109/><D109/><U101/><REACH who="1" step="1"/><E18/><REACH who="1" ten="501,62,293,134" step="2"/><V48/><F37/><W83/><G83/><T14/><D19/><U124/><E124/><V97/><F34/><W131/><G131/><T32/><D32/><U93/><E93/><V39/><F39/><W67/><G67/><AGARI ba="2,1" hai="8,11,53,56,61,65,66,67,92,94,98,99,100,101" machi="67" ten="40,5200,0" yaku="1,1,9,1,8,1,53,0" doraHai="26" doraHaiUra="111" who="1" fromWho="3" sc="501,0,62,68,293,0,134,-58" /><INIT seed="7,0,0,5,2,16" ten="501,130,293,76" oya="3" hai0="118,66,22,38,57,35,107,72,41,1,133,127,124" hai1="40,5,114,119,71,77,99,87,32,64,75,84,33" hai2="70,29,110,34,6,18,129,97,101,60,74,76,115" hai3="65,4,63,47,67,73,61,96,54,8,131,86,7"/><W14/><G73/><T95/><D35/><U132/><E40/><V20/><F110/><W91/><G131/><T25/><D107/><U23/><E5/><V51/><F129/><W83/><G96/><T50/><D72/><U81/><E75/><V58/><F6/><W113/><G113/><T134/><D1/><U105/><E87/><V28/><F34/><W92/><G92/><T27/><D118/><U79/><E79/><V121/><F115/><W100/><G100/><T3/><D3/><U102/><E114/><V122/><F70/><W43/><G7/><T103/><D38/><U111/><E111/><V120/><F51/><W69/><G54/><N who="0" m="31959" /><D41/><U85/><E85/><V10/><F10/><W0/><G0/><T45/><D45/><U24/><E132/><N who="0" m="50793" /><D66/><U31/><E119/><V44/><F44/><W53/><G53/><T17/><D25/><U126/><E126/><V21/><F18/><W125/><G125/><T116/><D116/><U98/><E98/><AGARI ba="0,0" hai="17,22,27,95,98,103,124,127" m="50793,31959" machi="98" ten="30,2000,0" yaku="20,1,52,1" doraHai="16" who="0" fromWho="1" sc="501,20,130,-20,293,0,76,0" owari="521,62.0,110,-29.0,293,9.0,76,-42.0" /></mjloggm>