<mjloggm ver="2.3"><GO type="169" lobby="0"/><UN n0="%E6%98%9F%E9%99%8D%E3%82%8B%E8%A1%97" n1="%E3%81%9F%E3%81%A4%E3%81%8D%E3%82%80%E3%81%A8%E3%82%93" n2="%E5%85%83%E7%8F%8D" n3="%E5%B0%B1%E6%B4%BB%E7%94%9F%40%E5%B7%9D%E6%9D%91%E8%BB%8D%E5%9B%A3" dan="18,16,16,18" rate="2242.34,2070.65,2168.05,2222.71" sx="F,M,M,M"/><TAIKYOKU oya="0"/><INIT seed="0,0,0,3,4,37" ten="250,250,250,250" oya="0" hai0="19,43,78,28,88,132,127,55,60,47,107,68,26" hai1="69,18,48,20,125,83,54,118,82,129,131,112,66" hai2="36,93,80,128,86,42,85,133,110,75,14,72,101" hai3="81,30,64,71,31,113,6,44,103,126,104,3,100"/><T17/><D107/><U111/><E118/><V22/><F110/><W105/><G3/><T79/><D127/><U45/><E111/><V21/><F133/><W95/><G6/><T130/><D130/><N who="1" m="49675" /><E125/><V134/><F134/><W70/><G44/><T39/><D132/><U35/><E35/><V34/><F34/><W46/><G46/><T63/><D63/><N who="1" m="40159" /><E112/><V92/><F128/><W96/><G81/><T41/><D68/><U114/><E114/><V76/><F14/><AGARI ba="0,0" hai="14,18,20,45,48,54,82,83" m="40159,49675" machi="14" ten="30,1000,0" yaku="19,1" doraHai="37" who="1" fromWho="2" sc="250,0,250,10,250,-10,250,0" /><INIT seed="1,0,0,4,3,50" ten="250,260,240,250" oya="1" hai0="91,79,100,15,68,113,28,90,9,56,127,83,129" hai1="122,64,95,103,16,33,6,24,63,51,58,84,17" hai2="27,66,106,86,0,13,46,135,30,126,111,133,73" hai3="40,23,78,71,39,57,88,99,31,5,75,26,62"/><U36/><E36/><V112/><F73/><W92/><G71/><T47/><D68/><U4/><E122/><V7/><F0/><W128/><G128/><T29/><D113/><U76/><E33/><V130/><F106/><W2/><G2/><T107/><D129/><U14/><E24/><V8/><F130/><W19/><G5/><T104/><D127/><U119/><E119/><V105/><F105/><W70/><G70/><T53/><D47/><U114/><E114/><V81/><F112/><W67/><G39/><T41/><D41/><U102/><E17/><V12/><F126/><W124/><G124/><T10/><D10/><N who="1" m="6231" /><E51/><V134/><F111/><W20/><G75/><T35/><D35/><U87/><E76/><V117/><F117/><W121/><G121/><T123/><D104/><U11/><E11/><V1/><F66/><W38/><G78/><T25/><D25/><U72/><E72/><V98/><F98/><W21/><G38/><T94/><D107/><U101/><E87/><V52/><F27/><W54/><G40/><T108/><D28/><U120/><E120/><V42/><F30/><W131/><G131/><T55/><D29/><U65/><E65/><V77/><F42/><W61/><G31/><T115/><D115/><U125/><E125/><V116/><F116/><W89/><G67/><T110/><D123/><U48/><E48/><AGARI ba="0,0" hai="1,7,8,12,13,46,48,52,77,81,86,133,134,135" machi="48" ten="40,5200,0" yaku="20,1,52,1,54,1" doraHai="50" who="2" fromWho="1" sc="250,0,260,-52,240,52,250,0" /><INIT seed="2,0,0,1,5,96" ten="250,208,292,250" oya="2" hai0="103,119,48,86,38,14,124,59,22,34,35,32,94" hai1="118,78,109,130,111,60,93,95,40,55,52,107,102" hai2="11,87,36,56,98,112,47,62,74,1,30,113,69" hai3="41,120,132,58,68,54,71,19,80,79,25,106,42"/><V50/><F74/><W44/><G106/><T116/><D38/><U77/><E118/><V61/><F36/><W72/><G120/><T43/><D124/><U110/><E130/><V24/><F69/><W115/><G132/><T15/><D22/><U28/><E28/><V101/><F87/><W49/><G115/><T121/><D121/><U29/><E29/><V5/><F113/><W12/><G25/><T122/><D122/><U10/><E40/><V13/><F1/><W97/><G97/><N who="0" m="59831" /><D86/><U7/><E107/><V0/><F0/><W81/><G81/><T67/><D67/><U76/><E60/><V39/><F39/><W117/><G42/><T63/><D63/><U3/><E93/><V92/><F56/><W128/><G128/><T27/><D27/><U129/><E129/><V73/><F73/><W65/><G65/><T4/><D4/><U23/><E23/><N who="2" m="15647" /><F112/><W8/><REACH who="3" step="1"/><G117/><REACH who="3" ten="250,208,292,240" step="2"/><N who="0" m="45131" /><D43/><AGARI ba="0,1" hai="5,11,13,43,47,50,61,62,92,98,101" m="15647" machi="43" ten="30,2900,0" yaku="8,1,52,1" doraHai="96" who="2" fromWho="0" sc="250,-29,208,0,292,39,240,0" /><INIT seed="2,1,0,2,0,35" ten="221,208,331,240" oya="2" hai0="60,2,95,96,61,18,122,54,98,45,7,123,31" hai1="74,56,42,21,57,38,67,103,37,48,43,80,65" hai2="119,32,33,76,81,124,91,44,63,113,73,47,62" hai3="24,66,10,19,78,97,99,52,101,15,125,86,41"/><V108/><F113/><W105/><G125/><T87/><D31/><U121/><E103/><V71/><F119/><W36/><G66/><N who="1" m="25098" /><E80/><V34/><F124/><W111/><G111/><T40/><D87/><U77/><E77/><V29/><F29/><W68/><G68/><T109/><D109/><U50/><E21/><V85/><F108/><W58/><G97/><T70/><D70/><U22/><E22/><V79/><F76/><W28/><G41/><N who="1" m="15370" /><E74/><V102/><F71/><W13/><G36/><N who="1" m="13930" /><E121/><V106/><F102/><W88/><G78/><T59/><D98/><U51/><AGARI ba="1,0" hai="48,50,51,56,57" m="13930,15370,25098" machi="51" ten="40,12000,2" yaku="28,2,35,5" doraHai="35" who="1" fromWho="1" sc="221,-31,208,123,331,-61,240,-31" /><INIT seed="3,0,0,4,3,117" ten="190,331,270,209" oya="3" hai0="66,118,30,37,76,57,52,8,60,84,41,106,70" hai1="100,65,42,88,1,0,62,71,113,83,15,92,132" hai2="102,110,39,20,107,31,17,29,74,7,115,61,49" hai3="13,131,87,40,75,69,24,27,73,105,21,99,104"/><W43/><G69/><T51/><D106/><U45/><E113/><V55/><F39/><W127/><G127/><T33/><D118/><U89/><E132/><V23/><F115/><W26/><G131/><T130/><D130/><U134/><E134/><V68/><F74/><W58/><G87/><T79/><D84/><U3/><E83/><V78/><F78/><W9/><G58/><T56/><D56/><U91/><E15/><V46/><F110/><W82/><G21/><T32/><D8/><U93/><REACH who="1" step="1"/><E100/><REACH who="1" ten="190,321,270,209" step="2"/><V59/><F102/><W12/><G12/><T81/><D79/><U44/><E44/><V121/><F121/><W22/><G82/><T53/><D81/><U90/><N who="1" m="22528" /><DORA hai="116" /><U97/><E97/><V72/><F46/><W28/><G99/><T2/><D76/><U80/><E80/><V54/><F72/><W103/><G103/><T6/><D2/><U126/><E126/><V119/><F119/><W35/><G75/><T36/><D6/><U125/><E125/><V133/><F7/><W4/><G73/><T85/><D85/><U10/><E10/><V128/><F133/><W34/><G13/><T25/><D32/><U64/><E64/><V48/><F128/><W108/><G9/><T18/><D33/><U47/><E47/><V96/><F96/><W124/><G4/><T86/><D86/><U63/><E63/><V101/><F61/><W95/><G35/><T11/><D60/><U129/><E129/><V16/><F101/><W112/><G34/><T123/><D66/><U67/><E67/><V38/><F68/><W94/><G124/><RYUUKYOKU ba="0,1" sc="190,-10,321,30,270,-10,209,-10" hai1="0,1,3,42,45,62,65,71,92,93" /><INIT seed="4,1,1,3,0,34" ten="180,351,260,199" oya="0" hai0="130,21,14,38,109,17,31,59,71,75,126,77,94" hai1="124,1,68,104,27,52,36,55,56,127,91,108,30" hai2="45,125,107,18,111,42,69,78,58,106,50,61,121" hai3="57,7,123,10,0,9,12,51,96,89,86,41,3"/><T100/><D38/><U99/><E108/><V33/><F111/><W115/><G115/><T70/><D31/><U97/><E68/><V32/><F121/><W92/><G123/><T28/><D28/><U49/><E36/><V73/><F69/><W90/><G10/><T26/><D109/><U8/><E55/><V113/><F113/><W132/><G132/><T76/><D75/><U20/><E104/><V15/><F125/><N who="1" m="48201" /><E91/><V95/><F107/><W98/><G98/><N who="0" m="59479" /><D70/><U66/><E66/><V40/><F40/><W5/><G7/><AGARI ba="1,1" hai="1,7,8,20,27,30,49,52,56,97,99" m="48201" machi="7" ten="30,3900,0" yaku="18,1,52,1,54,1" doraHai="34" who="1" fromWho="3" sc="180,0,351,52,260,0,199,-42" /><INIT seed="5,0,0,2,1,13" ten="180,403,260,157" oya="1" hai0="12,112,8,78,22,68,57,89,27,91,76,114,7" hai1="10,119,32,66,98,106,65,25,0,121,100,90,52" hai2="99,110,82,126,39,134,15,47,60,63,59,67,11" hai3="105,101,88,28,75,83,64,92,62,79,69,109,48"/><U4/><E121/><V53/><F110/><W132/><G109/><T2/><D68/><U23/><E32/><V117/><F117/><W44/><G132/><T111/><D2/><U46/><E119/><V72/><F134/><W37/><G37/><T31/><D111/><U130/><E130/><V35/><F35/><W17/><G28/><T30/><D30/><U74/><E74/><V16/><F126/><W5/><G5/><T84/><D57/><U38/><E90/><N who="0" m="34313" /><D84/><U124/><E124/><V61/><F99/><W80/><G80/><T81/><D81/><U95/><E106/><V20/><F39/><W41/><G101/><T26/><D26/><U123/><E123/><V54/><F72/><W108/><G108/><T128/><D128/><U118/><E118/><V131/><F131/><W127/><G127/><T18/><D31/><U42/><REACH who="1" step="1"/><E52/><REACH who="1" ten="180,393,260,157" step="2"/><V45/><F54/><W85/><G105/><T113/><AGARI ba="0,1" hai="7,8,12,18,22,27,76,78,112,113,114" m="34313" machi="113" ten="40,2700,0" yaku="15,1,52,1" doraHai="13" who="0" fromWho="0" sc="180,37,393,-13,260,-7,157,-7" /><INIT seed="6,0,0,0,2,84" ten="217,380,253,150" oya="2" hai0="86,79,37,104,36,5,59,42,120,124,125,55,20" hai1="47,16,133,70,90,30,82,56,89,19,88,52,32" hai2="64,23,130,25,40,100,97,58,110,129,48,83,134" hai3="98,17,63,46,80,96,94,72,53,68,74,60,18"/><V39/><F39/><W75/><G80/><T61/><D104/><U105/><E70/><V2/><F2/><W8/><G8/><T91/><D79/><U22/><E105/><V122/><F122/><W0/><G0/><T7/><D120/><U29/><E133/><V38/><F38/><W26/><G26/><T24/><D42/><U87/><E32/><V126/><F134/><W3/><G3/><T132/><D132/><U135/><E47/><V12/><F126/><N who="0" m="48746" /><D37/><U76/><E135/><V118/><F118/><W15/><G15/><T21/><D36/><U81/><E81/><V1/><F1/><W128/><G128/><T111/><D111/><U34/><E34/><V11/><F110/><W115/><G115/><T119/><D119/><U109/><E109/><V101/><F83/><W112/><G112/><T93/><D21/><U57/><E57/><V45/><F64/><W14/><G14/><T62/><D62/><N who="1" m="36103" /><E16/><AGARI ba="0,0" hai="5,7,16,20,24,55,59,61,86,91,93" m="48746" machi="16" ten="30,3900,0" yaku="18,1,52,1,54,1" doraHai="84" who="0" fromWho="1" sc="217,39,380,-39,253,0,150,0" /><INIT seed="7,0,0,2,4,135" ten="256,341,253,150" oya="3" hai0="31,89,67,95,72,7,110,76,55,116,94,34,62" hai1="118,90,105,36,83,103,61,45,82,99,132,58,50" hai2="57,40,124,60,120,37,71,126,133,6,41,131,39" hai3="88,109,54,3,68,97,27,48,42,100,115,20,51"/><W1/><G68/><T0/><D31/><U29/><E36/><N who="2" m="13899" /><F6/><W108/><G115/><T13/><D34/><U107/><E132/><V49/><F133/><W30/><G42/><N who="2" m="16489" /><F131/><W91/><G3/><T86/><D72/><U65/><E118/><V112/><F112/><W25/><G1/><T121/><D76/><U44/><E107/><V123/><F49/><W43/><G43/><T28/><D28/><U8/><E29/><V77/><F77/><W113/><G113/><T22/><D110/><N who="3" m="42601" /><G27/><T66/><D0/><U129/><E129/><V23/><F23/><W46/><G51/><T92/><D116/><U38/><E38/><V70/><F57/><W69/><G69/><N who="2" m="26121" /><F60/><W33/><G33/><T9/><D121/><AGARI ba="0,0" hai="120,121,123,124,126" m="26121,16489,13899" machi="121" ten="40,12000,2" yaku="28,2,13,1,34,2,52,2" doraHai="135" who="2" fromWho="0" sc="256,-120,341,0,253,120,150,0" owari="136,-36.0,341,14.0,373,47.0,150,-25.0" /></mjloggm>