<mjloggm ver="2.3"><GO type="169" lobby="0"/><UN n0="%E3%83%9E%E3%83%BC%E3%82%AF%58" n1="%E5%BF%83%E6%BB%85" n2="%47%45%59%55" n3="%E3%82%A6%E3%83%AB%E3%83%88%E3%83%A9%E7%AB%8B%E7%9B%B4" dan="16,18,16,18" rate="2045.65,2221.39,2134.46,2167.35" sx="M,M,M,M"/><TAIKYOKU oya="0"/><INIT seed="0,0,0,0,1,45" ten="250,250,250,250" oya="0" hai0="107,23,21,109,116,20,132,41,16,56,37,68,102" hai1="121,51,86,66,62,33,6,50,0,40,80,39,49" hai2="2,127,24,31,34,76,89,22,100,60,82,5,70" hai3="36,115,46,108,65,64,110,32,93,12,123,25,71"/><T73/><D68/><U77/><E33/><V114/><F114/><W85/><G115/><T88/><D116/><U81/><E121/><V3/><F127/><W75/><G75/><T95/><D73/><U103/><E39/><V106/><F89/><W92/><G12/><T119/><D119/><U48/><E103/><V57/><F22/><W1/><G1/><T118/><D118/><U8/><E49/><V42/><F42/><W69/><G85/><T99/><D132/><U113/><E113/><V9/><F3/><W11/><G25/><T78/><D78/><U15/><E80/><V125/><F125/><W19/><G11/><T126/><D126/><U17/><E0/><V84/><F70/><W97/><G46/><T74/><D74/><U98/><E98/><V10/><F10/><W90/><G97/><T47/><D109/><U83/><E83/><V131/><F131/><W124/><G124/><T26/><D56/><N who="1" m="37191" /><E6/><V104/><REACH who="2" step="1"/><F100/><REACH who="2" ten="250,250,240,250" step="2"/><W7/><G71/><T117/><D117/><U13/><E13/><V111/><F111/><W112/><G69/><T63/><D63/><U54/><E40/><V105/><F105/><W94/><G110/><T120/><D120/><U55/><AGARI ba="0,1" hai="8,15,17,48,50,51,54,55,77,81,86" m="37191" machi="55" ten="30,7900,0" yaku="8,1,52,3" doraHai="45" who="1" fromWho="1" sc="250,-39,250,89,240,-20,250,-20" /><INIT seed="1,0,0,0,2,8" ten="211,339,220,230" oya="1" hai0="135,85,91,129,103,29,97,78,114,12,4,35,41" hai1="27,7,11,71,84,112,16,70,3,79,117,121,77" hai2="19,37,90,107,57,128,0,87,134,108,125,95,62" hai3="86,38,127,1,10,64,48,73,99,22,34,15,120"/><U51/><E121/><V46/><F108/><W50/><G38/><T24/><D114/><U45/><E117/><V58/><F0/><W92/><G73/><T113/><D113/><U5/><E112/><V55/><F107/><W110/><G34/><T130/><D41/><U18/><E7/><V54/><F128/><W26/><G1/><T74/><D74/><U17/><E27/><V43/><F134/><W80/><G64/><T14/><D78/><U21/><E21/><V94/><F125/><W82/><G110/><T72/><D72/><U66/><E66/><V39/><F37/><W119/><G127/><T31/><D31/><U100/><E100/><V68/><F68/><W63/><G63/><T132/><D4/><U67/><E67/><V61/><REACH who="2" step="1"/><F19/><REACH who="2" ten="211,339,210,230" step="2"/><W122/><G122/><T36/><D36/><U25/><E25/><V93/><AGARI ba="0,1" hai="39,43,46,54,55,57,58,61,62,87,90,93,94,95" machi="93" ten="20,8000,1" yaku="1,1,2,1,0,1,7,1,9,1,53,0" doraHai="8" doraHaiUra="109" who="2" fromWho="2" sc="211,-20,339,-40,210,90,230,-20" /><INIT seed="2,0,0,3,3,13" ten="191,299,300,210" oya="2" hai0="40,20,93,117,25,94,76,14,26,63,133,132,18" hai1="22,56,21,109,131,81,70,111,104,60,49,29,90" hai2="97,135,129,71,61,34,32,6,57,54,127,16,86" hai3="107,78,68,114,64,19,103,113,105,28,0,52,115"/><V108/><F6/><W58/><G28/><T36/><D76/><U48/><E104/><V77/><F129/><W116/><G0/><T106/><D106/><U33/><E131/><V37/><F37/><W79/><G116/><T121/><D121/><U91/><E70/><V98/><F71/><W15/><G64/><T38/><D117/><U112/><E112/><V96/><F135/><N who="0" m="51786" /><D26/><N who="1" m="16599" /><E33/><V2/><F2/><W47/><G47/><N who="0" m="23943" /><D38/><U69/><E69/><V50/><F127/><W125/><G68/><T110/><D110/><N who="1" m="41995" /><E21/><V5/><F108/><W9/><G125/><T99/><D63/><U67/><E81/><N who="2" m="47407" /><F34/><W72/><G72/><T59/><D59/><U119/><E119/><V101/><F32/><W17/><G107/><T85/><D99/><U62/><E62/><V45/><F101/><W24/><G103/><T35/><D85/><U43/><E49/><V66/><F5/><W27/><G105/><T126/><D126/><U10/><E10/><V74/><F74/><W89/><G27/><T80/><D80/><U75/><E75/><V92/><F92/><W73/><G73/><T82/><D82/><U8/><E8/><V120/><F120/><W124/><G124/><T23/><D35/><U134/><E134/><V130/><F130/><W65/><G113/><T95/><D95/><U44/><AGARI ba="0,0" hai="43,44,48,56,60,67,90,91" m="41995,16599" machi="44" ten="30,1100,0" yaku="14,1" doraHai="13" who="1" fromWho="1" sc="191,-3,299,11,300,-5,210,-3" /><INIT seed="3,0,0,4,1,66" ten="188,310,295,207" oya="3" hai0="110,10,128,130,131,37,64,33,68,40,114,21,102" hai1="99,22,89,74,109,100,57,50,48,77,78,0,31" hai2="92,20,13,135,113,29,133,119,95,127,34,104,116" hai3="2,27,19,79,83,118,82,43,51,88,123,23,84"/><W97/><G2/><T98/><D21/><U54/><E0/><V41/><F104/><W7/><G123/><T28/><D10/><U90/><E109/><V47/><F34/><W55/><G118/><T94/><D110/><U45/><E74/><V16/><F113/><W60/><G7/><T129/><N who="0" m="33280" /><DORA hai="115" /><T30/><D114/><U18/><E31/><V134/><F127/><W91/><G43/><T69/><D64/><U63/><E77/><V117/><F29/><N who="0" m="11370" /><D33/><U44/><E78/><V122/><REACH who="2" step="1"/><F122/><REACH who="2" ten="188,310,285,207" step="2"/><W62/><G97/><T46/><AGARI ba="0,1" hai="37,40,46,68,69,94,98,102" m="11370,33280" machi="46" ten="60,7900,0" yaku="19,1,52,2" doraHai="66,115" who="0" fromWho="0" sc="188,89,310,-20,285,-20,207,-39" /><INIT seed="4,0,0,3,1,76" ten="277,290,265,168" oya="0" hai0="103,9,44,62,79,51,126,14,81,60,3,88,117" hai1="109,75,64,112,45,58,41,27,32,130,8,24,119" hai2="85,66,123,90,80,19,114,30,124,4,23,10,104" hai3="37,96,29,106,105,83,1,102,69,71,100,115,47"/><T6/><D117/><U111/><E75/><V59/><F114/><W22/><G115/><T135/><D135/><U120/><E112/><V134/><F123/><W54/><G1/><T78/><D126/><U95/><E120/><V38/><F104/><W42/><G54/><T65/><D3/><U107/><E107/><V101/><F134/><W68/><G22/><T97/><D65/><U53/><E64/><V133/><F38/><W86/><G29/><T61/><D103/><U7/><E130/><V43/><F43/><W39/><G39/><T127/><D127/><U36/><E119/><V118/><F101/><W34/><G34/><T129/><D129/><U55/><E55/><V70/><F70/><W94/><REACH who="3" step="1"/><G102/><REACH who="3" ten="277,290,265,158" step="2"/><T99/><D99/><U46/><E32/><V48/><F30/><W110/><G110/><T17/><D97/><U93/><E36/><V63/><F124/><W13/><G13/><T35/><D35/><U77/><E109/><V18/><F133/><W49/><G49/><T57/><D6/><U113/><E7/><V67/><F48/><W87/><G87/><N who="0" m="50287" /><D57/><U28/><E58/><V73/><F118/><W132/><G132/><T74/><D74/><U128/><E113/><V91/><F73/><W98/><G98/><T92/><D92/><U72/><E95/><V50/><F59/><W89/><AGARI ba="0,1" hai="37,42,47,68,69,71,83,86,89,94,96,100,105,106" machi="89" ten="30,4000,0" yaku="1,1,0,1,52,1,53,0" doraHai="76" doraHaiUra="20" who="3" fromWho="3" sc="277,-20,290,-10,265,-10,158,50" /><INIT seed="5,0,0,0,3,108" ten="257,280,255,208" oya="1" hai0="75,65,42,62,105,52,26,39,60,133,78,82,30" hai1="98,25,9,95,22,83,28,71,77,3,56,19,49" hai2="96,11,46,63,61,66,88,43,117,132,33,92,13" hai3="69,79,17,8,119,7,91,6,111,112,20,68,86"/><U45/><E71/><V2/><F132/><W135/><G111/><T32/><D133/><U5/><E56/><V40/><F33/><W76/><G135/><T85/><D105/><U115/><E115/><V126/><F126/><W38/><G38/><T90/><D39/><U73/><E95/><V57/><F2/><W116/><G112/><T110/><D42/><U100/><E98/><V59/><F46/><W72/><G72/><T97/><D97/><U87/><E100/><V134/><F117/><W129/><G129/><T50/><D110/><U130/><E130/><V53/><REACH who="2" step="1"/><F134/><REACH who="2" ten="257,280,245,208" step="2"/><W123/><G119/><T99/><D65/><U48/><E45/><V34/><F34/><W118/><G118/><T21/><D32/><U74/><E74/><V102/><F102/><W44/><G116/><T127/><D127/><U55/><E73/><V121/><F121/><W23/><G44/><N who="0" m="27719" /><D75/><U27/><E55/><V94/><F94/><AGARI ba="0,1" hai="21,26,30,60,62,78,82,85,90,94,99" m="27719" machi="94" ten="30,2000,0" yaku="8,1,54,1" doraHai="108" who="0" fromWho="2" sc="257,30,280,0,245,-20,208,0" /><INIT seed="6,0,0,4,5,69" ten="287,280,225,208" oya="2" hai0="34,19,1,98,107,82,120,60,134,105,126,17,111" hai1="116,99,50,71,15,109,104,5,18,124,129,29,102" hai2="13,100,78,45,72,96,122,73,32,92,38,84,80" hai3="40,49,54,77,30,2,123,0,86,11,87,25,41"/><V59/><F122/><W33/><G123/><T63/><D120/><U56/><E116/><V36/><F32/><W61/><G61/><T79/><D34/><U113/><E109/><V75/><F45/><W135/><G135/><T53/><D1/><U31/><E71/><V52/><REACH who="2" step="1"/><F13/><REACH who="2" ten="287,280,215,208" step="2"/><W110/><G0/><T65/><D111/><U121/><E15/><V10/><F10/><W125/><G110/><T89/><D134/><U101/><E121/><V46/><F46/><W68/><G2/><T128/><D126/><U27/><E124/><V58/><F58/><W115/><G125/><T66/><D128/><U127/><E56/><V26/><F26/><W70/><G11/><T20/><D20/><U28/><E27/><V42/><F42/><W47/><G41/><T51/><D53/><U8/><E8/><V22/><F22/><W3/><G3/><T64/><D66/><U76/><E129/><V95/><F95/><W131/><G131/><T103/><D65/><U37/><E127/><V112/><F112/><W57/><G115/><T97/><D64/><U7/><E113/><V6/><F6/><W94/><G70/><T132/><D132/><U4/><E5/><V23/><F23/><W43/><G68/><T88/><D107/><U130/><E4/><V24/><F24/><W91/><G57/><T35/><D105/><U48/><E7/><V114/><F114/><W12/><G12/><T21/><D35/><U44/><E104/><V83/><F83/><N who="3" m="47471" /><G40/><T62/><D21/><U55/><E130/><V119/><F119/><W106/><G43/><T74/><D82/><RYUUKYOKU ba="0,1" sc="287,-15,280,-15,215,15,208,15" hai2="36,38,52,59,72,73,75,78,80,84,92,96,100" hai3="25,30,33,47,49,54,87,91,94,106" /><INIT seed="6,1,1,2,0,13" ten="272,265,230,223" oya="2" hai0="10,84,14,1,48,20,129,62,99,67,86,83,31" hai1="18,82,32,87,98,45,133,80,91,111,78,75,79" hai2="60,115,109,130,49,46,41,59,57,58,5,16,119" hai3="21,124,52,113,107,23,12,6,96,71,132,34,114"/><V110/><F119/><W53/><G34/><T112/><D112/><N who="3" m="43113" /><G71/><T27/><D1/><U15/><E111/><N who="2" m="42507" /><F115/><W131/><G124/><T39/><D39/><U85/><E32/><V4/><F130/><W105/><G131/><T54/><D129/><U3/><E3/><V36/><F36/><W42/><G42/><T117/><D117/><U24/><E133/><V55/><F16/><N who="3" m="10375" /><G132/><T134/><D134/><U28/><E75/><V61/><F59/><W106/><G6/><T123/><D123/><U76/><E45/><V68/><F68/><W7/><G7/><T94/><D83/><U81/><E81/><V43/><F43/><W72/><G72/><T47/><D10/><U90/><E79/><V93/><F93/><W30/><G96/><T74/><D74/><U95/><E98/><V77/><F77/><W69/><G69/><T63/><D14/><U35/><E80/><V2/><F2/><W64/><G64/><AGARI ba="1,1" hai="4,5,41,46,49,55,57,58,60,61,64" m="42507" machi="64" ten="30,1500,0" yaku="10,1" doraHai="13" who="2" fromWho="3" sc="272,0,265,0,230,28,223,-18" /><INIT seed="6,2,0,0,2,46" ten="272,265,258,205" oya="2" hai0="20,21,73,74,16,39,115,10,61,132,27,41,116" hai1="42,85,63,33,78,43,1,65,96,14,124,44,64" hai2="122,28,35,32,48,17,125,98,60,90,13,120,79" hai3="50,70,100,30,75,11,0,129,62,6,7,19,99"/><V103/><F125/><W102/><G75/><T81/><D115/><U54/><E1/><V110/><F79/><W72/><G72/><T121/><D121/><U58/><E33/><V111/><F90/><W15/><G129/><T31/><D116/><U37/><E124/><V69/><F69/><W4/><G30/><T106/><D106/><U94/><E43/><V56/><F28/><W84/><G84/><T89/><D132/><U38/><E38/><V101/><F48/><W128/><G128/><T133/><D133/><U86/><E14/><V119/><F119/><W117/><G0/><T71/><D10/><U123/><E123/><V97/><F13/><W82/><G82/><T2/><D2/><U25/><E25/><V126/><F126/><W95/><G102/><T131/><D131/><U52/><E65/><V107/><F17/><W118/><G62/><T26/><D39/><U12/><E12/><V55/><F120/><W24/><G70/><T53/><D41/><U23/><E23/><V83/><F83/><W59/><REACH who="3" step="1"/><G24/><REACH who="3" ten="272,265,258,195" step="2"/><T8/><D71/><U57/><E63/><V36/><F122/><W45/><G45/><T104/><D61/><U130/><E44/><V76/><F76/><W67/><G67/><T66/><D66/><U51/><E78/><V113/><F103/><W92/><G92/><T112/><D74/><U47/><E130/><V18/><F101/><W9/><G9/><T87/><D73/><U114/><E47/><V135/><F60/><W22/><G22/><T80/><D8/><U3/><E3/><V49/><F135/><W40/><G40/><RYUUKYOKU ba="2,1" sc="272,-10,265,-10,258,-10,195,30" hai3="4,6,7,11,15,19,50,59,95,99,100,117,118" /><INIT seed="7,3,1,1,5,57" ten="262,255,248,225" oya="3" hai0="109,29,3,64,49,46,72,70,104,132,108,82,113" hai1="26,55,24,58,39,93,125,63,90,16,107,14,84" hai2="28,122,133,80,96,86,22,106,36,79,98,130,112" hai3="102,77,59,5,18,17,73,119,8,53,42,83,127"/><W20/><G119/><T12/><D104/><U99/><E39/><V100/><F36/><W9/><G127/><T121/><D121/><U68/><E125/><V65/><F122/><W31/><G42/><T23/><D3/><U10/><E68/><V61/><F112/><W126/><G126/><T51/><D51/><U15/><E107/><V74/><F98/><W30/><G102/><T94/><D113/><U54/><E54/><V128/><F133/><W45/><G45/><T91/><D132/><U114/><E114/><V123/><F123/><W62/><G9/><T88/><D72/><U118/><E118/><V34/><F22/><W56/><G56/><T50/><D50/><U85/><E15/><V25/><REACH who="2" step="1"/><F86/><AGARI ba="3,1" hai="10,14,16,24,26,55,58,63,84,85,86,90,93,99" machi="86" ten="40,5200,0" yaku="8,1,52,1,54,1" doraHai="57" who="1" fromWho="2" sc="262,0,255,71,248,-61,225,0" owari="262,6.0,326,42.0,187,-31.0,225,-17.0" /></mjloggm>