<mjloggm ver="2.3"><GO type="169" lobby="0"/><UN n0="%EF%BC%9D%E4%BC%8A%E8%97%A4%E3%81%8B%E3%81%AA%E6%81%B5%EF%BC%9D" n1="%70%67%61%69%6E" n2="%E5%B0%B1%E6%B4%BB%E7%94%9F%40%E5%B7%9D%E6%9D%91%E8%BB%8D%E5%9B%A3" n3="%67%69%62%6F%6E" dan="16,16,18,16" rate="2169.92,2132.68,2324.83,2080.03" sx="F,M,M,M"/><TAIKYOKU oya="0"/><INIT seed="0,0,0,1,0,63" ten="250,250,250,250" oya="0" hai0="47,119,59,86,111,16,3,71,30,43,48,32,50" hai1="91,118,92,0,121,5,81,14,8,23,72,95,100" hai2="77,75,24,41,31,60,34,25,79,20,22,15,108" hai3="38,6,45,78,84,53,98,101,89,125,93,62,129"/><T49/><D119/><U54/><E118/><V96/><F108/><W26/><G129/><T42/><D71/><U58/><E121/><V134/><F134/><W104/><G125/><T9/><D111/><U103/><E0/><V83/><F77/><W126/><G126/><T27/><D43/><U64/><E72/><V70/><F41/><W40/><G6/><T10/><D59/><U105/><E105/><V102/><F15/><W130/><G130/><T80/><D3/><U35/><E35/><V65/><REACH who="2" step="1"/><F24/><REACH who="2" ten="250,250,240,250" step="2"/><W19/><G26/><T13/><REACH who="0" step="1"/><D10/><REACH who="0" ten="240,250,240,250" step="2"/><U1/><E8/><V131/><F131/><W67/><G40/><T12/><D12/><U11/><E11/><V122/><F122/><W133/><G133/><T117/><D117/><U39/><E14/><V18/><F18/><W55/><G19/><T127/><D127/><U135/><E135/><V90/><F90/><AGARI ba="0,2" hai="9,13,16,27,30,32,42,47,48,49,50,80,86,90" machi="90" ten="30,5800,0" yaku="1,1,7,1,54,1,53,0" doraHai="63" doraHaiUra="132" who="0" fromWho="2" sc="240,78,250,0,240,-58,250,0" /><INIT seed="0,1,0,5,3,109" ten="318,250,182,250" oya="0" hai0="53,29,87,6,79,72,57,94,28,12,84,129,108" hai1="119,85,2,37,131,22,4,44,112,89,124,65,126" hai2="103,83,62,0,10,54,128,127,16,27,88,95,122" hai3="1,61,114,3,76,24,73,20,116,80,132,75,51"/><T35/><D108/><U102/><E131/><V121/><F128/><W32/><G116/><T11/><D129/><U98/><E119/><V96/><F127/><N who="1" m="48681" /><E65/><V118/><F118/><W86/><G32/><T104/><D104/><U26/><E4/><V130/><F130/><W93/><G132/><T91/><D72/><U125/><E2/><V64/><F0/><W18/><G73/><T59/><D35/><U42/><E125/><V48/><F83/><W67/><G51/><T78/><D59/><U21/><E26/><V15/><F27/><W60/><G60/><T113/><D113/><U71/><E71/><V55/><F55/><W77/><G114/><T110/><D110/><U23/><E112/><V99/><F62/><W70/><G77/><N who="0" m="29195" /><D87/><U43/><E44/><V135/><F64/><W49/><G49/><AGARI ba="1,0" hai="6,11,12,28,29,49,53,57,84,91,94" m="29195" machi="49" ten="30,1500,0" yaku="8,1" doraHai="109" who="0" fromWho="3" sc="318,18,250,0,182,0,250,-18" /><INIT seed="0,2,0,4,4,35" ten="336,250,182,232" oya="0" hai0="119,65,48,99,87,91,36,39,40,88,110,33,42" hai1="28,50,9,66,74,125,75,113,92,45,56,18,72" hai2="93,77,76,44,17,103,55,15,38,90,106,1,121" hai3="0,57,132,80,7,118,30,20,109,60,8,124,73"/><T115/><D115/><U19/><E125/><V6/><F121/><W11/><G118/><T68/><D119/><U85/><E28/><V78/><F106/><W128/><G132/><T41/><D33/><U70/><E70/><V83/><F103/><W3/><G128/><T62/><D110/><U101/><E113/><V29/><F29/><W63/><G109/><T84/><D99/><U2/><E56/><V117/><F117/><W104/><G104/><T134/><D134/><U81/><E66/><V67/><F67/><W126/><G63/><T10/><D48/><U46/><E92/><V47/><F38/><W82/><G73/><T89/><REACH who="0" step="1"/><D10/><REACH who="0" ten="326,250,182,232" step="2"/><U127/><E9/><V51/><F44/><W133/><G133/><T94/><D94/><U37/><E46/><V61/><F83/><W53/><G126/><T23/><D23/><U13/><E127/><V31/><F51/><W111/><G111/><T24/><D24/><U105/><E50/><V22/><F47/><W52/><G124/><T96/><D96/><U58/><E45/><V135/><F135/><W98/><G98/><T123/><D123/><U129/><E105/><V54/><F22/><W43/><G43/><T71/><D71/><U131/><E131/><V114/><F114/><W12/><G11/><T32/><D32/><U16/><E129/><V102/><F93/><W26/><REACH who="3" step="1"/><G53/><REACH who="3" ten="326,250,182,222" step="2"/><T95/><D95/><U97/><E97/><V100/><F55/><W112/><G112/><T130/><D130/><U107/><E107/><V4/><F54/><W69/><G69/><T49/><D49/><U86/><E101/><RYUUKYOKU ba="2,2" sc="326,15,250,-15,182,-15,222,15" hai0="36,39,40,41,42,62,65,68,84,87,88,89,91" hai3="0,3,7,8,12,20,26,30,52,57,60,80,82" /><INIT seed="0,3,2,1,2,85" ten="341,235,167,237" oya="0" hai0="80,121,103,16,101,26,1,107,44,39,100,8,63" hai1="23,21,134,124,118,77,106,20,74,34,52,51,71" hai2="133,79,127,72,56,88,119,132,0,128,97,5,33" hai3="96,70,32,30,36,66,48,10,62,125,54,95,15"/><T115/><D115/><U92/><E118/><V99/><F33/><W126/><G36/><T81/><D121/><U25/><E106/><V12/><F0/><W9/><G32/><T86/><D107/><U18/><E71/><V83/><F119/><W73/><G30/><T116/><D116/><U84/><E134/><N who="2" m="51819" /><F128/><W19/><G73/><T64/><D1/><U11/><E124/><N who="3" m="47722" /><G19/><T45/><D39/><U113/><E113/><V43/><F127/><W24/><G24/><T42/><D42/><U61/><E61/><V53/><F43/><W57/><G15/><N who="0" m="7271" /><D26/><U104/><E104/><V131/><F131/><W129/><G129/><T135/><D135/><U13/><E74/><V112/><F112/><W76/><G76/><N who="0" m="46343" /><D81/><N who="1" m="47151" /><E92/><N who="2" m="56455" /><F99/><W27/><G27/><T93/><D93/><U78/><E34/><V120/><F120/><W7/><G7/><T122/><D122/><U35/><E35/><V4/><F12/><W114/><G114/><T110/><D103/><AGARI ba="3,2" hai="9,10,48,54,57,62,66,70,95,96,103" m="47722" machi="103" ten="30,1000,0" yaku="18,1" doraHai="85" who="3" fromWho="0" sc="341,-19,235,0,167,0,237,39" /><INIT seed="1,0,0,4,1,94" ten="322,235,167,276" oya="1" hai0="123,103,7,26,61,39,112,22,117,74,2,126,66" hai1="15,55,116,125,114,101,118,17,27,87,115,29,36" hai2="20,38,53,65,111,86,6,13,64,96,28,95,102" hai3="34,69,72,81,0,100,42,108,134,47,32,25,12"/><U107/><E36/><V77/><F38/><W84/><G0/><T88/><D112/><N who="1" m="43051" /><E87/><V67/><F111/><W18/><G69/><T33/><D117/><U92/><E92/><V63/><F6/><W105/><G72/><T31/><D123/><U130/><E55/><V5/><F5/><W131/><G108/><T109/><D109/><U8/><E101/><V127/><F127/><W124/><G124/><T11/><D126/><U52/><E52/><V75/><F75/><W50/><G25/><T10/><D39/><U93/><E93/><V85/><F77/><W119/><G119/><N who="1" m="45610" /><E107/><V99/><F99/><W132/><G100/><T133/><D103/><U73/><E73/><V3/><F3/><W23/><G105/><T79/><D79/><U98/><E98/><V49/><F63/><W46/><G46/><T40/><D61/><U51/><E51/><V121/><F121/><W70/><G70/><T68/><D68/><U21/><E125/><V129/><F129/><AGARI ba="0,0" hai="8,15,17,21,27,29,129,130" m="45610,43051" machi="129" ten="40,3900,0" yaku="34,2" doraHai="94" who="1" fromWho="2" sc="322,0,235,39,167,-39,276,0" /><INIT seed="1,1,0,0,2,25" ten="322,274,128,276" oya="1" hai0="102,49,69,12,129,108,59,58,22,33,6,35,112" hai1="70,89,86,20,127,78,50,122,99,24,28,88,115" hai2="43,113,98,132,39,130,126,52,103,17,4,119,71" hai3="81,97,41,76,61,75,47,62,46,120,13,82,31"/><U91/><E115/><V36/><F119/><W72/><G120/><T133/><D112/><U8/><E122/><V0/><F71/><W45/><G97/><T124/><D69/><U131/><E70/><V128/><F113/><W42/><G13/><T15/><D102/><U30/><E131/><V40/><F4/><W2/><G2/><T34/><D129/><N who="2" m="49770" /><F0/><W64/><G61/><T87/><D108/><U90/><E127/><V3/><F3/><W123/><G123/><T27/><D124/><U106/><E78/><V56/><F17/><W68/><G31/><N who="1" m="11818" /><E106/><N who="2" m="63863" /><F126/><W19/><G19/><T77/><D77/><AGARI ba="1,0" hai="41,42,45,46,47,62,64,68,72,75,76,77,81,82" machi="77" ten="40,1300,0" yaku="9,1" doraHai="25" who="3" fromWho="0" sc="322,-16,274,0,128,0,276,16" /><INIT seed="2,0,0,3,4,9" ten="306,274,128,292" oya="2" hai0="66,32,97,111,67,30,75,15,20,47,93,35,5" hai1="126,22,34,62,23,121,96,133,91,128,57,114,8" hai2="118,65,3,16,119,134,45,135,105,28,78,116,81" hai3="63,59,87,27,72,69,112,46,39,102,101,36,117"/><V132/><F105/><W50/><G72/><T13/><D75/><U49/><E133/><V24/><F3/><W33/><G117/><T7/><D111/><U61/><E128/><V79/><F65/><N who="0" m="24586" /><D35/><U120/><E126/><V80/><F45/><W89/><G69/><T94/><D32/><U38/><E34/><V26/><F28/><W29/><G59/><T42/><D42/><U31/><E38/><V107/><F107/><W43/><G63/><T124/><D47/><U130/><E130/><V109/><F109/><W85/><G112/><T99/><D124/><U4/><E57/><V55/><F55/><W17/><G17/><N who="0" m="10303" /><D30/><U12/><E62/><V100/><F100/><W41/><G41/><T106/><D106/><U123/><E61/><V90/><F90/><W86/><G89/><N who="0" m="55471" /><D13/><U131/><E114/><V6/><F6/><W98/><REACH who="3" step="1"/><G102/><AGARI ba="0,0" hai="5,7,94,99,102" m="55471,10303,24586" machi="102" ten="30,2000,0" yaku="8,1,52,1" doraHai="9" who="0" fromWho="3" sc="306,20,274,0,128,0,292,-20" /><INIT seed="3,0,0,3,5,84" ten="326,274,128,272" oya="3" hai0="27,67,110,13,38,116,100,102,39,40,119,34,14" hai1="123,71,109,60,135,12,61,96,128,47,75,16,68" hai2="126,127,3,66,37,121,117,98,114,33,48,26,28" hai3="5,0,55,73,90,101,76,130,106,93,131,74,107"/><W23/><G0/><T4/><D67/><U115/><E109/><V64/><F37/><W69/><G5/><T2/><D2/><U80/><E123/><V29/><F117/><W56/><G69/><T125/><D110/><U77/><E115/><V59/><F114/><W22/><G101/><T10/><D125/><U86/><E135/><V30/><F3/><W17/><G22/><T1/><D116/><U21/><E128/><N who="3" m="49194" /><G76/><T44/><D39/><U113/><E113/><V72/><F72/><N who="3" m="27755" /><G17/><T88/><D119/><U43/><E71/><V6/><F6/><W41/><G23/><T45/><D45/><U70/><E70/><V94/><F121/><W25/><G25/><T36/><D36/><U19/><E19/><V108/><F26/><W82/><G82/><T124/><D124/><N who="2" m="47658" /><F33/><W133/><G41/><T15/><D34/><U35/><E68/><V122/><F122/><W95/><G133/><T63/><D27/><U89/><E35/><V32/><F32/><W134/><G134/><T92/><REACH who="0" step="1"/><D63/><REACH who="0" ten="316,274,128,272" step="2"/><U42/><E61/><V91/><F108/><W78/><G78/><T129/><D129/><U111/><E60/><V85/><F59/><W52/><G56/><T87/><AGARI ba="0,1" hai="1,4,10,13,14,15,38,40,44,87,88,92,100,102" machi="87" ten="30,7900,0" yaku="1,1,0,1,52,1,54,1,53,0" doraHai="84" doraHaiUra="118" who="0" fromWho="0" sc="316,89,274,-20,128,-20,272,-39" /><INIT seed="4,0,0,2,5,122" ten="405,254,108,233" oya="0" hai0="0,41,68,103,63,112,93,23,17,114,69,76,120" hai1="5,74,11,36,59,78,4,3,81,18,44,133,10" hai2="101,51,96,56,67,119,86,77,127,48,50,25,15" hai3="21,107,35,123,129,24,128,13,6,110,106,20,22"/><T111/><D120/><U27/><E133/><V45/><F127/><W70/><G70/><T132/><D132/><U1/><E59/><V109/><F109/><W99/><G123/><T12/><D111/><U98/><E98/><V108/><F108/><W83/><G110/><T102/><D0/><U28/><E18/><V49/><F119/><W32/><G83/><T126/><D126/><U100/><E100/><V91/><F77/><W131/><G99/><T52/><D41/><U39/><E44/><V84/><F25/><W90/><G90/><T31/><D76/><U79/><E79/><V38/><F15/><W105/><REACH who="3" step="1"/><G24/><REACH who="3" ten="405,254,108,223" step="2"/><N who="0" m="16799" /><D69/><U19/><E19/><V43/><F91/><W8/><AGARI ba="0,1" hai="6,8,13,20,21,22,32,35,105,106,107,128,129,131" machi="8" ten="50,8000,1" yaku="1,1,0,1,29,2,19,1,53,0" doraHai="122" doraHaiUra="89" who="3" fromWho="3" sc="405,-40,254,-20,108,-20,223,90" /><INIT seed="5,0,0,5,0,38" ten="365,234,88,313" oya="1" hai0="127,104,126,62,73,93,45,131,14,50,124,7,21" hai1="85,48,44,53,107,15,134,22,18,36,61,49,25" hai2="96,125,23,92,128,10,27,20,83,80,100,1,3" hai3="32,108,71,132,68,115,90,106,6,5,69,9,74"/><U77/><E107/><V34/><F125/><W87/><G108/><T51/><D131/><U26/><E134/><V28/><F128/><W66/><G74/><T43/><D104/><U16/><E36/><V41/><F23/><W118/><G32/><T30/><D73/><U31/><E61/><V105/><F105/><W56/><G115/><T64/><D93/><U109/><E109/><V98/><F98/><W86/><G86/><T0/><D0/><U88/><E77/><V58/><F34/><W121/><G121/><T130/><D130/><U113/><E113/><V117/><F117/><W35/><G35/><T97/><D97/><U91/><E85/><V65/><F3/><W17/><G132/><T129/><D129/><U120/><E120/><V39/><F10/><W79/><G79/><T116/><D116/><U59/><E18/><V33/><F1/><W119/><G106/><T123/><D123/><U54/><E26/><V95/><F95/><W81/><G17/><N who="0" m="10423" /><D7/><U13/><E13/><V4/><F4/><W82/><G82/><T72/><D72/><U102/><E102/><V52/><F33/><AGARI ba="0,0" hai="15,16,22,25,31,33,44,48,49,53,54,59,88,91" machi="33" ten="30,5800,0" yaku="7,1,54,2" doraHai="38" who="1" fromWho="2" sc="365,0,234,58,88,-58,313,0" /><INIT seed="5,1,0,1,3,49" ten="365,292,30,313" oya="1" hai0="119,121,64,9,50,20,44,100,23,85,19,16,41" hai1="103,86,62,95,15,36,39,93,99,118,96,122,53" hai2="17,58,40,38,21,0,97,91,84,59,123,33,47" hai3="28,88,79,56,81,70,106,101,83,108,110,7,5"/><U87/><E118/><V77/><F33/><W134/><G70/><T6/><D119/><U120/><E15/><V92/><F123/><W125/><G28/><T52/><D121/><U126/><E126/><V69/><F0/><W48/><G125/><T135/><D135/><U61/><E103/><V4/><F4/><W27/><G27/><T45/><D100/><U18/><E18/><V78/><F69/><W94/><G106/><T80/><D64/><U127/><E127/><V109/><F109/><W132/><G101/><T75/><D23/><U32/><E53/><V66/><F66/><W67/><G5/><T129/><D20/><U13/><E13/><V54/><F59/><W72/><G7/><T30/><D30/><U98/><E98/><V90/><F90/><W34/><G83/><T130/><D75/><U115/><REACH who="1" step="1"/><E32/><REACH who="1" ten="365,282,30,313" step="2"/><V102/><F102/><W114/><G34/><T63/><D19/><U3/><E3/><V29/><F29/><W104/><G104/><T112/><D16/><U131/><E131/><V14/><REACH who="2" step="1"/><F97/><REACH who="2" ten="365,282,20,313" step="2"/><N who="3" m="57543" /><G108/><T11/><D129/><U8/><E8/><V89/><F89/><W111/><G111/><T65/><D130/><U60/><E60/><AGARI ba="1,2" hai="14,17,21,38,40,47,54,58,60,77,78,84,91,92" machi="60" ten="30,3900,0" yaku="1,1,7,1,52,1,53,0" doraHai="49" doraHaiUra="35" who="2" fromWho="1" sc="365,0,282,-42,20,62,313,0" /><INIT seed="6,0,0,3,2,118" ten="365,240,82,313" oya="2" hai0="75,90,29,13,81,60,132,99,59,80,48,93,108" hai1="65,116,36,56,51,15,96,24,62,113,72,106,129" hai2="134,52,63,50,70,69,3,123,66,130,98,131,22" hai3="86,58,19,46,7,38,92,107,127,133,91,84,6"/><V28/><F3/><W18/><G107/><T2/><D2/><U95/><E36/><V54/><F98/><W49/><G133/><T124/><D108/><U87/><E72/><V77/><F77/><W114/><G38/><T76/><D132/><U31/><E116/><V135/><F28/><W16/><G127/><T55/><D124/><U45/><E113/><V85/><F22/><W126/><G126/><T97/><D29/><U33/><E129/><N who="2" m="49163" /><F85/><W44/><G114/><T88/><D13/><U41/><E87/><V119/><F119/><W34/><G34/><T104/><D81/><U11/><E106/><V21/><F21/><W94/><G58/><T26/><D26/><U32/><E24/><V0/><F0/><W17/><G17/><T64/><D104/><U42/><E31/><V103/><F103/><W30/><G30/><T82/><D82/><U79/><E79/><V125/><F125/><W5/><G49/><T23/><D23/><U40/><E33/><V74/><F74/><W67/><G67/><T25/><D25/><U73/><E73/><V20/><F20/><W112/><G112/><T128/><D128/><U10/><E32/><V37/><F123/><W101/><G101/><T117/><D117/><U9/><E15/><V89/><F89/><AGARI ba="0,0" hai="5,6,7,16,18,19,44,46,84,86,89,91,92,94" machi="89" ten="40,5200,0" yaku="9,1,8,1,54,1" doraHai="118" who="3" fromWho="2" sc="365,0,240,0,82,-52,313,52" /><AGARI ba="0,0" hai="9,10,11,40,41,42,45,51,56,62,65,89,95,96" machi="89" ten="40,1300,0" yaku="8,1" doraHai="118" who="1" fromWho="2" sc="365,0,240,13,30,-13,365,0" /><INIT seed="7,0,0,0,3,18" ten="365,253,17,365" oya="3" hai0="106,3,76,25,73,11,31,61,12,47,20,51,17" hai1="72,46,120,91,62,89,59,124,128,71,0,90,44" hai2="54,110,13,96,82,107,85,121,67,48,32,41,63" hai3="100,57,23,80,56,4,58,16,125,42,126,24,2"/><W60/><G100/><T113/><D106/><U114/><E120/><V109/><F13/><W132/><G132/><T93/><D113/><U86/><E72/><V105/><F96/><W53/><G42/><T9/><D61/><U123/><E123/><V75/><F85/><W101/><G101/><T102/><D73/><U74/><E74/><V27/><F82/><W133/><G133/><T68/><D68/><U22/><E128/><V104/><F27/><W135/><G135/><T127/><D127/><N who="3" m="48649" /><G4/><T94/><D76/><U33/><E33/><V37/><F41/><W92/><G2/><T5/><D102/><U66/><E114/><V116/><F104/><W83/><G92/><T28/><D28/><U103/><E0/><V15/><F15/><W79/><G83/><T108/><D108/><U8/><E8/><V21/><F21/><W64/><G64/><T40/><AGARI ba="0,0" hai="3,5,9,11,12,17,20,25,31,40,47,51,93,94" machi="40" ten="20,2700,0" yaku="0,1,7,1,52,1" doraHai="18" who="0" fromWho="0" sc="365,27,253,-7,17,-7,365,-13" owari="392,49.0,246,-15.0,10,-49.0,352,15.0" /></mjloggm>