<mjloggm ver="2.3"><GO type="233" lobby="0"/><UN n0="%6E%61%6B%61%6A%75%75%6E" n1="%E6%A5%A0%E5%B9%B8%E6%9D%91" n2="%E3%81%86%E3%82%89%E3%81%97%E3%81%92%E3%82%8B" n3="%E3%82%A6%E3%83%AB%E3%83%88%E3%83%A9%E7%AB%8B%E7%9B%B4" dan="17,17,16,18" rate="2218.13,2189.68,2158.18,2190.93" sx="M,F,M,M"/><TAIKYOKU oya="0"/><INIT seed="0,0,0,3,0,54" ten="250,250,250,250" oya="0" hai0="10,132,81,115,29,135,123,111,92,15,4,97,129" hai1="58,16,1,66,71,11,17,40,84,113,14,67,116" hai2="122,106,23,25,121,124,50,101,78,37,130,35,31" hai3="119,21,82,117,104,12,85,41,0,64,24,109,74"/><T34/><D123/><U103/><E116/><V86/><F37/><W56/><G0/><T77/><D115/><U68/><E113/><V46/><F124/><W9/><G74/><T95/><D129/><U88/><E1/><V45/><F45/><W48/><G104/><T13/><D13/><N who="1" m="7231" /><E71/><V99/><F130/><W108/><G64/><T39/><D39/><U28/><E68/><V107/><F107/><W8/><G8/><T60/><D111/><U126/><E126/><V53/><F78/><W38/><G38/><T7/><D7/><U44/><E28/><V125/><F125/><W89/><G117/><T59/><D29/><U20/><E103/><V75/><F75/><W26/><G119/><T98/><D34/><U131/><E131/><V36/><F36/><W63/><G63/><T114/><D114/><U118/><E118/><V133/><F133/><N who="0" m="51274" /><D97/><U79/><E79/><V83/><F35/><W18/><G26/><T33/><D33/><U57/><E66/><V87/><F83/><W19/><G109/><T3/><D3/><U93/><E67/><V72/><REACH who="2" step="1"/><F72/><REACH who="2" ten="250,250,240,250" step="2"/><W102/><G108/><T49/><D81/><U105/><E105/><V55/><F55/><N who="3" m="31847" /><G41/><T80/><D80/><U134/><E134/><V94/><F94/><W51/><G82/><T43/><D77/><U112/><E112/><V128/><F128/><W27/><G27/><T32/><D32/><U61/><E61/><V6/><F6/><W91/><G24/><T90/><D92/><U22/><E93/><V47/><F47/><W52/><G52/><N who="0" m="32143" /><D60/><U62/><E62/><V42/><F42/><AGARI ba="0,1" hai="4,10,15,42,43,90,95,98" m="32143,51274" machi="42" ten="30,11600,0" yaku="6,1,20,1,52,1,54,1" doraHai="54" who="0" fromWho="2" sc="250,126,250,0,240,-116,250,0" /><INIT seed="0,1,0,3,2,61" ten="376,250,124,250" oya="0" hai0="67,56,20,109,30,16,19,133,113,78,91,79,3" hai1="45,76,112,15,114,21,96,125,28,92,8,81,7" hai2="36,50,39,47,87,26,131,115,14,10,71,120,88" hai3="13,9,54,24,33,38,85,100,22,4,37,101,65"/><T18/><D113/><N who="1" m="43627" /><E125/><V53/><F115/><W25/><G33/><T105/><D105/><U86/><E45/><V34/><F120/><W110/><G110/><T72/><D3/><U134/><E134/><V64/><F131/><W135/><G135/><T82/><D133/><U116/><E116/><V122/><F122/><W132/><G132/><T128/><D128/><U74/><E21/><V63/><F26/><W111/><G38/><T121/><D121/><U44/><E44/><V52/><F53/><W98/><G37/><T119/><D119/><U90/><E28/><V84/><F84/><AGARI ba="1,0" hai="7,8,15,74,76,81,84,86,90,92,96" m="43627" machi="84" ten="30,1000,0" yaku="11,1" doraHai="61" who="1" fromWho="2" sc="376,0,250,13,124,-13,250,0" /><INIT seed="1,0,0,5,2,122" ten="376,263,111,250" oya="1" hai0="19,24,17,82,29,116,36,55,60,120,125,14,33" hai1="100,124,63,18,7,91,2,13,103,133,28,108,87" hai2="123,131,43,76,8,78,135,69,47,119,49,65,22" hai3="11,93,64,70,72,42,85,1,50,41,5,67,52"/><U109/><E133/><V4/><F119/><W38/><G72/><T132/><D116/><U83/><E124/><V130/><F123/><W34/><G34/><T95/><D36/><U68/><E28/><V45/><F135/><W71/><G71/><T15/><D120/><U57/><E68/><V134/><F134/><W30/><G30/><T21/><D132/><U97/><E7/><V25/><F47/><W92/><G38/><T110/><D125/><U74/><E2/><V99/><F99/><W96/><G85/><T104/><D104/><U51/><E51/><V80/><F65/><W86/><G86/><T128/><D82/><U54/><E74/><V53/><F69/><W106/><G92/><T94/><D128/><U126/><E126/><V26/><F76/><W111/><G106/><T10/><D110/><N who="1" m="42603" /><E97/><V107/><F107/><W37/><G70/><T12/><D33/><U118/><E118/><V31/><F26/><W9/><G5/><T89/><D29/><U16/><E18/><V75/><REACH who="2" step="1"/><F43/><REACH who="2" ten="376,263,101,250" step="2"/><W46/><G42/><T90/><D19/><U48/><E48/><V0/><AGARI ba="0,1" hai="0,4,8,22,25,31,45,49,53,75,78,80,130,131" machi="0" ten="30,4000,0" yaku="1,1,2,1,0,1,53,0" doraHai="122" doraHaiUra="121" who="2" fromWho="2" sc="376,-10,263,-20,101,50,250,-10" /><INIT seed="2,0,0,3,5,86" ten="366,243,151,240" oya="2" hai0="37,46,19,119,105,120,43,89,9,121,96,2,35" hai1="44,114,3,117,132,27,97,1,67,30,99,13,80" hai2="40,124,10,134,29,51,49,41,65,36,52,31,101" hai3="7,133,48,70,103,135,116,84,78,39,91,90,45"/><V76/><F124/><W122/><G70/><T109/><D35/><U57/><E117/><V75/><F134/><N who="3" m="51211" /><G39/><T23/><D109/><U87/><E114/><V34/><F36/><W58/><G116/><T82/><D119/><U47/><E132/><V64/><F34/><W6/><G103/><T72/><D105/><U56/><E13/><V98/><F75/><W11/><G58/><N who="1" m="22634" /><E67/><N who="2" m="25675" /><F76/><W42/><G122/><T123/><D96/><N who="1" m="36939" /><E3/><V74/><F74/><W111/><G111/><T53/><D53/><U55/><E1/><V100/><F10/><W83/><G7/><T110/><D110/><U129/><E55/><V66/><N who="2" m="25683" /><V32/><DORA hai="25" /><F32/><W50/><G50/><N who="2" m="18953" /><F52/><W112/><G112/><T24/><D72/><U108/><E108/><V93/><F101/><W115/><G115/><T38/><D38/><U68/><E68/><V16/><F16/><W92/><G92/><T104/><D104/><U0/><E0/><AGARI ba="0,0" hai="0,6,11,42,45,48,78,83,84,90,91" m="51211" machi="0" ten="30,3900,0" yaku="20,1,52,2" doraHai="86,25" who="3" fromWho="1" sc="366,0,243,-39,151,0,240,39" /><INIT seed="3,0,0,1,2,134" ten="366,204,151,279" oya="3" hai0="103,11,43,0,120,128,121,47,2,20,94,135,118" hai1="63,125,22,65,16,29,64,27,60,67,44,79,104" hai2="122,71,117,132,28,90,74,111,81,124,58,89,69" hai3="102,54,13,48,6,19,50,107,110,52,91,10,83"/><W98/><G110/><T88/><D135/><U26/><E104/><V93/><F132/><W53/><G91/><T78/><D118/><U36/><E79/><V62/><F122/><W8/><REACH who="3" step="1"/><G83/><REACH who="3" ten="366,204,151,269" step="2"/><T5/><D120/><U38/><E125/><V108/><F124/><W126/><G126/><T95/><D121/><U3/><E3/><AGARI ba="0,1" hai="3,6,8,10,13,19,48,50,52,53,54,98,102,107" machi="3" ten="40,7700,0" yaku="1,1,54,1,53,1" doraHai="134" doraHaiUra="100" who="3" fromWho="1" sc="366,0,204,-77,151,0,269,87" /><INIT seed="3,1,0,1,0,11" ten="366,127,151,356" oya="3" hai0="46,91,131,119,99,58,113,44,78,127,62,42,61" hai1="70,65,115,106,87,103,111,83,40,24,41,66,39" hai2="27,122,120,12,25,97,109,107,23,101,51,71,3" hai3="93,89,128,100,29,124,55,81,53,30,34,26,52"/><W43/><G128/><T104/><D119/><U59/><E115/><V86/><F3/><W95/><G124/><T110/><D127/><U56/><E111/><V60/><F109/><W9/><G30/><T85/><D110/><U22/><E106/><V48/><F86/><W133/><G133/><T45/><D131/><U28/><E103/><V54/><F48/><W14/><G43/><N who="1" m="16458" /><E70/><V73/><F73/><W77/><G89/><T88/><D113/><U75/><E39/><V129/><F129/><W80/><G100/><T105/><D78/><N who="1" m="46583" /><E75/><V125/><F125/><W7/><REACH who="3" step="1"/><G81/><REACH who="3" ten="366,127,151,346" step="2"/><T38/><D42/><U117/><E117/><V90/><F90/><W134/><G134/><T132/><D132/><U13/><E28/><V108/><F108/><W121/><G121/><T0/><D91/><U102/><E102/><V92/><F107/><W84/><AGARI ba="1,1" hai="7,9,14,26,29,34,52,53,55,77,80,84,93,95" machi="84" ten="30,11700,0" yaku="1,1,0,1,52,1,54,1,53,0" doraHai="11" doraHaiUra="114" who="3" fromWho="3" sc="366,-40,127,-40,151,-40,346,130" /><INIT seed="3,2,0,5,3,104" ten="326,87,111,476" oya="3" hai0="132,108,2,109,124,75,3,38,83,46,82,62,53" hai1="48,135,68,61,94,12,84,92,23,107,19,134,37" hai2="130,6,55,77,45,103,66,43,133,50,127,10,73" hai3="49,51,41,115,93,5,113,88,129,31,7,17,119"/><W99/><G119/><T30/><D30/><U14/><E37/><V13/><F127/><W105/><G129/><T69/><D124/><U110/><E107/><V111/><F111/><N who="0" m="42570" /><D132/><N who="1" m="50731" /><E110/><V0/><F133/><W58/><G105/><T65/><D53/><U100/><E100/><V70/><F130/><W122/><G31/><T20/><D20/><U112/><E112/><V123/><F123/><W121/><G41/><N who="0" m="22839" /><D83/><U35/><E35/><V27/><F103/><W89/><G17/><T11/><D11/><U63/><E12/><V33/><F13/><W1/><G93/><T59/><D59/><U116/><E116/><V90/><F90/><W76/><G58/><T98/><D98/><U16/><E19/><V80/><F55/><W114/><G114/><T64/><D64/><N who="1" m="40991" /><E61/><N who="2" m="40271" /><F50/><W85/><G115/><T39/><D39/><U118/><E48/><V67/><F67/><W60/><G60/><T106/><D106/><U71/><E71/><V74/><F27/><W42/><G113/><T44/><D44/><U8/><E118/><V21/><F21/><W78/><G121/><T101/><D101/><U25/><E23/><V87/><F33/><W54/><G122/><T117/><D117/><U97/><E25/><V79/><F79/><AGARI ba="2,0" hai="2,3,62,65,69,75,79,82" m="22839,42570" machi="79" ten="30,3900,0" yaku="14,1,23,1,52,1" doraHai="104" who="0" fromWho="2" sc="326,45,87,0,111,-45,476,0" /><INIT seed="4,0,0,2,3,1" ten="371,87,66,476" oya="0" hai0="55,48,38,7,12,130,91,37,13,11,80,36,10" hai1="103,50,25,23,92,28,65,24,44,47,123,97,45" hai2="58,49,99,111,19,9,74,22,128,118,64,66,82" hai3="93,60,105,131,52,133,86,26,98,63,18,70,39"/><T54/><D130/><U21/><E123/><V35/><F111/><W32/><G39/><T102/><D102/><U8/><E8/><V85/><F22/><W56/><G133/><T100/><D100/><U108/><E108/><V73/><F35/><W83/><G105/><T110/><D110/><U117/><E65/><V134/><F134/><W2/><G2/><T127/><D127/><U3/><E3/><V68/><F128/><W4/><G70/><T40/><D40/><U31/><REACH who="1" step="1"/><E117/><REACH who="1" ten="371,77,66,476" step="2"/><V5/><F66/><W125/><G131/><T78/><D91/><U84/><E84/><V112/><F118/><W115/><G86/><T104/><D104/><U14/><E14/><V119/><F64/><W79/><G125/><T69/><D69/><U81/><E81/><V107/><F68/><W94/><G83/><T95/><D95/><U87/><E87/><V27/><F119/><W33/><G94/><T71/><D71/><U46/><E46/><V126/><F126/><W75/><G93/><T16/><REACH who="0" step="1"/><D48/><AGARI ba="0,1" hai="21,23,24,25,28,31,44,45,47,48,50,92,97,103" machi="48" ten="40,5200,0" yaku="1,1,9,1,8,1,53,0" doraHai="1" doraHaiUra="0" who="1" fromWho="0" sc="371,-52,77,62,66,0,476,0" /><INIT seed="5,0,0,3,0,41" ten="319,139,66,476" oya="1" hai0="134,51,22,30,55,124,64,36,130,119,105,58,125" hai1="107,128,32,9,8,46,78,65,19,50,72,84,129" hai2="1,52,27,25,3,116,42,5,57,53,131,114,59" hai3="123,126,37,18,49,79,44,60,71,99,40,56,77"/><U81/><E107/><V10/><F116/><W14/><G123/><T135/><D105/><U133/><E32/><V38/><F131/><N who="1" m="50249" /><E133/><N who="0" m="50697" /><D36/><U91/><E65/><V11/><F114/><W100/><G71/><T113/><D130/><U21/><E78/><V15/><F42/><W80/><G80/><T111/><D111/><U87/><E87/><V104/><F104/><W70/><G70/><T97/><D97/><U73/><E21/><V45/><F38/><W24/><G79/><T63/><D119/><U94/><E94/><V48/><F15/><W61/><G14/><T86/><D86/><U74/><E19/><V31/><F31/><W82/><G18/><T108/><D108/><U95/><E95/><V98/><F98/><W69/><G82/><T75/><D75/><N who="1" m="19203" /><U118/><DORA hai="34" /><E118/><V28/><F28/><W109/><G77/><T112/><D22/><U110/><E110/><V29/><F29/><W47/><G109/><T4/><D30/><U66/><E66/><V93/><F93/><W120/><G99/><T127/><D4/><U121/><E121/><V102/><F102/><W26/><G100/><T7/><D7/><U117/><E117/><V62/><REACH who="2" step="1"/><F59/><AGARI ba="0,0" hai="51,55,58,59,63,64,112,113,124,125,127" m="50697" machi="59" ten="40,8000,1" yaku="18,1,20,1,34,2" doraHai="41,34" who="0" fromWho="2" sc="319,80,139,0,66,-80,476,0" owari="399,20.0,139,-26.0,-14,-51.0,476,57.0" /></mjloggm>