<mjloggm ver="2.3"><GO type="41" lobby="0"/><UN n0="%E3%83%8E%E3%83%BC%E3%82%B3%E3%83%B3%E3%83%86%E3%82%B9%E3%83%88" n1="%E5%B0%B1%E6%B4%BB%E7%94%9F%40%E5%B7%9D%E6%9D%91%E8%BB%8D%E5%9B%A3" n2="%E4%BA%BA%E7%94%9F%E9%97%87%E9%8D%8B" n3="%68%69%73%61%72%6F%6E" dan="15,17,15,14" rate="2125.73,2199.19,1963.00,1907.93" sx="M,M,M,M"/><TAIKYOKU oya="0"/><INIT seed="0,0,0,0,3,9" ten="250,250,250,250" oya="0" hai0="121,64,132,76,38,99,123,77,89,28,133,130,98" hai1="80,62,96,40,69,59,94,116,57,63,114,23,61" hai2="5,95,49,91,112,42,106,47,103,74,34,55,71" hai3="110,19,56,97,60,107,117,32,37,120,119,131,124"/><T115/><D38/><U128/><E116/><V45/><F34/><W16/><G32/><T0/><D0/><U78/><E128/><V73/><F112/><W58/><G37/><T87/><D64/><U100/><E114/><V92/><F106/><W12/><G110/><T36/><D28/><U75/><E69/><V134/><F71/><W85/><G131/><T109/><D36/><U8/><E40/><V31/><F31/><W33/><G33/><T127/><D115/><U11/><E23/><V25/><F25/><W125/><G85/><T101/><D130/><U20/><E20/><V27/><F27/><W24/><G24/><T113/><D113/><U105/><E105/><V17/><F5/><W53/><G120/><N who="0" m="46155" /><D127/><N who="3" m="48713" /><G19/><T54/><D54/><U43/><E43/><V79/><F17/><W65/><G97/><N who="0" m="36875" /><D101/><U129/><E129/><V7/><F103/><W26/><G107/><T70/><D70/><U29/><E29/><V118/><F55/><W1/><G26/><T50/><D50/><U88/><E100/><V21/><F49/><N who="3" m="30767" /><G1/><T82/><D109/><U126/><E126/><V4/><F42/><W102/><G102/><T72/><D77/><U30/><E30/><V10/><F79/><W135/><G135/><T90/><D90/><U67/><E63/><V104/><F134/><W83/><G83/><AGARI ba="0,0" hai="72,76,82,83,87,89,132,133" m="36875,46155" machi="83" ten="30,2900,0" yaku="34,2" doraHai="9" who="0" fromWho="3" sc="250,29,250,0,250,0,250,-29" /><INIT seed="0,1,0,5,1,36" ten="279,250,250,221" oya="0" hai0="70,66,18,121,2,72,46,68,113,61,38,1,125" hai1="7,31,117,69,42,73,27,116,95,17,62,11,10" hai2="106,0,43,102,81,90,122,77,101,24,50,100,127" hai3="30,71,91,105,104,55,126,41,25,14,56,6,47"/><T79/><D113/><U53/><E73/><V39/><F50/><W107/><G71/><T44/><D44/><U20/><E95/><V48/><F48/><W60/><G126/><T83/><D125/><U16/><E42/><V19/><F127/><W103/><G91/><T129/><D18/><U3/><E69/><V65/><F65/><W15/><G6/><T99/><D121/><U33/><E62/><V128/><F90/><W119/><G103/><T76/><D70/><U120/><E53/><V97/><F24/><W134/><G134/><T74/><D99/><U63/><E63/><V89/><F19/><W32/><REACH who="3" step="1"/><G119/><REACH who="3" ten="279,250,250,211" step="2"/><T86/><D129/><U75/><E120/><V29/><F128/><W52/><G52/><T49/><D86/><U135/><E135/><V26/><F89/><W131/><G131/><T8/><D2/><U45/><E116/><V114/><F122/><W12/><G12/><T9/><D1/><U59/><E117/><V4/><F114/><W108/><G108/><T96/><D68/><U54/><E7/><V23/><F4/><W94/><G94/><T118/><D118/><U85/><E3/><V78/><F0/><W92/><G92/><T51/><D66/><U57/><E85/><V132/><F132/><W98/><G98/><T34/><D96/><U123/><E75/><V58/><F97/><W88/><G88/><T40/><D74/><U21/><E123/><V35/><F102/><W109/><G109/><T124/><D72/><U87/><E87/><V82/><F101/><W112/><G112/><T93/><D124/><U133/><E133/><RYUUKYOKU ba="1,1" sc="279,-10,250,-10,250,-10,211,30" hai3="14,15,25,30,32,41,47,55,56,60,104,105,107" /><INIT seed="1,2,1,0,4,25" ten="269,240,240,241" oya="1" hai0="88,31,117,24,37,133,13,81,3,8,22,35,12" hai1="101,132,26,122,14,103,62,5,129,72,4,6,57" hai2="2,45,49,115,15,74,32,36,104,58,126,96,99" hai3="56,135,33,30,67,73,21,50,82,114,68,84,7"/><U51/><E122/><V124/><F2/><W94/><G33/><T123/><D37/><U98/><E129/><V60/><F74/><W116/><G68/><T90/><D133/><U38/><E132/><V78/><F78/><W111/><G135/><T77/><D117/><U125/><E38/><V112/><F36/><W61/><G114/><N who="2" m="43561" /><F32/><W63/><G116/><T131/><D131/><U89/><E72/><V91/><F15/><W80/><G7/><T16/><D123/><U65/><E125/><V71/><F71/><W23/><G73/><T108/><D108/><U28/><E14/><V127/><F91/><W95/><G50/><T69/><D69/><U10/><E10/><V93/><F93/><W107/><G107/><T9/><D9/><U11/><E11/><V53/><F104/><W110/><G84/><N who="0" m="48175" /><D12/><U27/><E51/><V92/><F92/><W119/><G119/><T46/><D46/><U109/><E109/><V130/><F130/><W83/><G80/><T18/><D18/><U47/><E47/><V75/><F75/><W66/><G56/><T34/><D34/><U134/><E134/><V40/><AGARI ba="2,1" hai="40,45,49,53,58,60,96,99,124,126,127" m="43561" machi="40" ten="40,2700,0" yaku="18,1,11,1" doraHai="25" who="2" fromWho="2" sc="269,-9,240,-15,240,43,241,-9" /><INIT seed="2,0,0,0,5,38" ten="260,225,283,232" oya="2" hai0="44,76,14,12,68,57,3,33,132,61,63,2,42" hai1="11,98,53,114,1,65,112,0,13,43,126,134,6" hai2="93,122,103,100,102,110,55,101,85,46,72,31,54" hai3="105,71,20,75,80,108,116,64,50,47,133,84,128"/><V88/><F122/><W120/><G105/><T48/><D132/><U40/><E134/><V45/><F72/><W109/><G133/><T70/><D33/><U15/><E126/><V127/><F127/><W59/><G75/><T123/><D123/><U94/><E65/><V90/><F31/><W104/><G104/><T10/><D76/><U125/><E125/><V91/><F110/><W67/><G120/><T27/><D27/><U69/><E69/><V5/><F5/><W111/><G116/><T51/><D51/><U113/><E53/><V135/><F135/><W28/><G128/><T24/><D24/><U56/><E56/><V16/><N who="2" m="26112" /><DORA hai="77" /><V25/><F46/><W7/><G7/><T121/><D121/><U22/><E94/><V82/><F45/><W30/><G71/><T97/><D97/><U87/><E87/><N who="2" m="52383" /><F91/><N who="3" m="51591" /><G59/><T115/><D70/><U4/><E98/><V86/><F86/><W60/><G60/><T119/><D119/><U95/><E95/><V52/><F55/><N who="3" m="30175" /><G30/><T96/><D3/><U106/><E106/><V129/><F129/><W66/><G28/><T83/><D2/><U74/><E74/><V131/><F131/><W73/><G73/><T130/><D130/><U19/><E1/><V36/><F36/><W26/><G26/><T81/><D68/><U49/><E49/><V58/><F58/><W34/><G34/><T21/><D57/><U62/><E62/><V79/><F79/><W18/><G18/><T29/><D63/><U89/><E89/><V32/><F32/><W117/><G117/><T107/><D61/><U35/><E35/><RYUUKYOKU ba="0,0" sc="260,-30,225,10,283,10,232,10" hai1="0,4,6,11,13,15,19,22,40,43,112,113,114" hai2="16,25,52,54,82,85,90" hai3="20,64,66,67,108,109,111" /><INIT seed="2,1,0,4,0,77" ten="230,235,293,242" oya="2" hai0="2,95,33,130,83,101,20,121,98,128,125,39,84" hai1="106,73,65,16,42,63,107,35,64,123,79,117,12" hai2="30,91,4,0,115,49,13,47,68,90,26,75,38" hai3="103,5,22,81,124,37,102,118,60,7,127,122,114"/><V44/><F68/><W96/><G37/><T87/><D33/><U10/><E117/><V8/><F115/><W104/><G118/><T21/><D2/><U45/><E123/><V86/><F75/><W71/><G122/><T134/><D39/><U89/><E35/><V131/><F131/><N who="0" m="50218" /><D121/><U92/><E79/><V76/><F0/><W59/><G71/><T133/><D87/><U119/><E73/><V50/><F38/><W6/><G103/><T108/><D108/><U18/><E18/><V1/><F1/><W27/><G114/><T105/><D105/><U113/><E113/><V40/><F26/><W94/><G104/><T62/><D62/><U93/><E93/><V135/><F30/><W67/><REACH who="3" step="1"/><G81/><REACH who="3" ten="230,235,293,232" step="2"/><T110/><D110/><U120/><E120/><V126/><F126/><W32/><G32/><T69/><D69/><U74/><E107/><V66/><F135/><N who="0" m="51722" /><D125/><U28/><E106/><V100/><F100/><W72/><G72/><T61/><D61/><U36/><E74/><V111/><F111/><W58/><G58/><T85/><D85/><U82/><E119/><V17/><F47/><W43/><G43/><T55/><D55/><U80/><E63/><V132/><F132/><W99/><G99/><T29/><D29/><AGARI ba="1,1" hai="5,6,7,22,27,29,59,60,67,94,96,102,124,127" machi="29" ten="40,5200,0" yaku="1,1,25,2,53,0" doraHai="77" doraHaiUra="11" who="3" fromWho="0" sc="230,-55,235,0,293,0,232,65" /><INIT seed="3,0,0,1,5,127" ten="175,235,293,297" oya="3" hai0="93,35,72,134,34,33,6,42,82,113,40,5,125" hai1="109,21,66,71,14,17,55,1,18,126,26,32,60" hai2="9,118,44,112,19,23,80,59,67,91,130,133,30" hai3="128,101,53,76,50,131,7,106,0,54,95,121,12"/><W73/><G106/><T115/><D125/><U13/><E126/><V28/><F118/><W64/><G0/><T57/><D134/><U122/><E122/><V4/><F112/><N who="0" m="43082" /><D93/><U96/><E109/><V104/><F104/><W81/><G121/><T94/><D94/><U99/><E1/><V123/><F123/><W45/><G64/><T65/><D65/><U114/><E114/><V110/><F44/><W90/><G101/><T39/><D57/><U29/><REACH who="1" step="1"/><E55/><REACH who="1" ten="175,225,293,297" step="2"/><V37/><F110/><W87/><G54/><T52/><D52/><U97/><E97/><V20/><F133/><W84/><REACH who="3" step="1"/><G73/><REACH who="3" ten="175,225,293,287" step="2"/><T31/><D72/><U116/><E116/><V132/><F132/><W58/><G58/><T86/><D42/><U11/><AGARI ba="0,2" hai="11,13,14,17,18,21,26,29,32,60,66,71,96,99" machi="11" ten="20,2700,0" yaku="1,1,0,1,7,1,53,0" doraHai="127" doraHaiUra="129" who="1" fromWho="1" sc="175,-7,225,47,293,-7,287,-13" /><INIT seed="4,0,0,3,4,125" ten="168,272,286,274" oya="0" hai0="13,33,121,45,56,14,64,123,132,74,22,34,131" hai1="51,48,15,1,115,100,110,67,87,135,25,60,91" hai2="107,26,80,12,6,17,79,62,38,103,81,9,23" hai3="39,61,116,44,88,114,89,29,35,76,8,73,47"/><T82/><D131/><U19/><E110/><V85/><F107/><W4/><G114/><T58/><D132/><U83/><E1/><V127/><F127/><W40/><G116/><T124/><D124/><U3/><E3/><V5/><F38/><W99/><G61/><T32/><D45/><U57/><E135/><V37/><F37/><W27/><G47/><T20/><D82/><U96/><E25/><V98/><F62/><W41/><G41/><T18/><D74/><U54/><E67/><V28/><F103/><W43/><G99/><T78/><D78/><U86/><E86/><N who="2" m="48415" /><F98/><W134/><G43/><T72/><D72/><U24/><E24/><V129/><F129/><W66/><G66/><T128/><D128/><U7/><E7/><V101/><F101/><W71/><G134/><T109/><D109/><U130/><E130/><V92/><F92/><W95/><G95/><T36/><D36/><U52/><E54/><V97/><F97/><W93/><G93/><T84/><D84/><U55/><E55/><V10/><F10/><W11/><G11/><T69/><D69/><U122/><E122/><V49/><F49/><W31/><G31/><T106/><D106/><U75/><E115/><V65/><F65/><W111/><G111/><T2/><D2/><U108/><E75/><V120/><F120/><N who="0" m="46154" /><D64/><U105/><E108/><V0/><F0/><N who="3" m="7" /><G71/><T117/><D117/><U21/><AGARI ba="0,0" hai="15,19,21,48,51,52,57,60,83,87,91,96,100,105" machi="21" ten="20,2700,0" yaku="0,1,7,1,54,1" doraHai="125" who="1" fromWho="1" sc="168,-13,272,27,286,-7,274,-7" /><INIT seed="5,0,0,2,1,74" ten="155,299,279,267" oya="1" hai0="34,43,59,4,89,35,51,111,117,12,98,10,23" hai1="91,53,22,32,112,48,96,108,21,37,132,9,44" hai2="28,92,84,125,19,110,90,127,99,121,24,31,115" hai3="30,129,73,16,47,107,101,109,58,27,133,46,13"/><U135/><E32/><V122/><F28/><W82/><G109/><T100/><D117/><U56/><E108/><V95/><F19/><W103/><G129/><T75/><D75/><U60/><E112/><V81/><F110/><W102/><G133/><T15/><D35/><U120/><E120/><V50/><F50/><W118/><G118/><T1/><D34/><U26/><E37/><V134/><F134/><N who="1" m="51241" /><E9/><V25/><F25/><W63/><G107/><T6/><D1/><U33/><E33/><V78/><F24/><W77/><G27/><T3/><D3/><U131/><E131/><V130/><F31/><W5/><G5/><T20/><D111/><U7/><E7/><V104/><F130/><W71/><G71/><T62/><D100/><U79/><E79/><V54/><F54/><W83/><G82/><T65/><D6/><U88/><E96/><N who="2" m="57367" /><F104/><W39/><G39/><T67/><D67/><N who="1" m="39303" /><E21/><V36/><F36/><W124/><G30/><AGARI ba="0,0" hai="22,26,30,44,48,53,88,91" m="39303,51241" machi="30" ten="30,2900,0" yaku="20,1,54,1" doraHai="74" who="1" fromWho="3" sc="155,0,299,29,279,0,267,-29" /><INIT seed="5,1,0,1,2,116" ten="155,328,279,238" oya="1" hai0="52,108,133,24,112,15,39,17,10,48,61,115,20" hai1="3,135,65,57,44,36,38,83,67,50,26,71,31" hai2="40,97,96,74,120,117,114,27,14,64,94,123,125" hai3="75,37,28,81,60,34,2,1,111,126,88,66,6"/><U77/><E3/><V106/><F64/><W54/><G111/><T45/><D108/><U118/><E118/><V55/><F14/><W51/><G37/><T41/><D133/><U33/><E135/><V119/><F55/><W25/><G126/><T95/><D61/><U68/><E38/><V9/><F9/><W87/><G75/><T124/><D124/><U11/><E36/><V35/><F27/><W134/><G6/><T127/><D127/><U103/><E103/><N who="2" m="62823" /><F40/><W32/><G32/><T78/><D78/><U21/><E33/><V70/><F70/><W0/><G134/><T113/><D95/><U69/><E11/><V23/><F23/><W79/><G79/><T5/><REACH who="0" step="1"/><D39/><REACH who="0" ten="145,328,279,238" step="2"/><U86/><REACH who="1" step="1"/><E57/><REACH who="1" ten="145,318,279,238" step="2"/><V98/><F125/><W105/><G105/><T58/><D58/><U46/><E46/><V30/><F119/><W13/><G1/><T8/><D8/><U16/><E16/><V49/><F117/><W102/><G2/><T84/><D84/><U29/><E29/><V4/><F30/><W73/><G0/><T104/><D104/><U72/><E72/><V130/><F74/><W43/><G73/><T122/><D122/><U7/><E7/><V93/><F4/><W100/><G28/><T132/><D132/><U92/><E92/><V110/><F94/><W90/><G34/><T85/><D85/><U22/><E22/><V18/><F35/><W76/><G87/><T128/><D128/><U101/><E101/><V63/><F130/><W121/><G102/><T107/><D107/><U47/><E47/><V53/><F123/><W80/><G121/><RYUUKYOKU ba="1,2" sc="145,15,318,15,279,-15,238,-15" hai0="5,10,15,17,20,24,41,45,48,52,112,113,115" hai1="21,26,31,44,50,65,67,68,69,71,77,83,86" /><INIT seed="5,2,2,2,2,131" ten="160,333,264,223" oya="1" hai0="93,43,65,0,42,61,53,47,109,71,119,62,4" hai1="41,55,83,89,64,63,120,80,20,35,40,17,8" hai2="134,84,110,133,87,98,58,48,10,105,13,27,88" hai3="12,106,100,72,70,57,36,22,124,113,132,118,115"/><U56/><E120/><V85/><F27/><W2/><RYUUKYOKU type="yao9" ba="2,2" sc="160,0,333,0,264,0,223,0" hai3="2,12,22,36,57,70,72,100,106,113,115,118,124,132" /><INIT seed="5,3,2,3,3,70" ten="160,333,264,223" oya="1" hai0="96,19,46,93,107,129,115,57,27,99,38,75,123" hai1="114,10,30,42,66,104,111,40,58,89,11,2,63" hai2="18,4,125,95,122,98,135,134,24,41,110,0,32" hai3="34,78,56,60,59,9,118,55,103,1,68,22,7"/><U90/><E104/><V13/><F41/><N who="1" m="15977" /><E2/><V108/><F95/><W64/><G34/><T130/><D38/><U65/><E111/><V85/><F85/><W36/><G118/><T62/><D75/><U81/><E114/><V61/><F61/><W12/><G103/><T80/><D115/><U87/><E30/><N who="2" m="19527" /><F98/><W73/><G36/><T53/><D107/><U71/><E71/><V69/><F69/><W49/><G59/><T44/><D123/><U17/><E17/><V15/><F15/><W26/><G1/><T105/><D105/><U127/><E127/><V14/><F14/><W121/><G121/><T6/><D6/><U33/><E33/><V3/><F122/><W25/><REACH who="3" step="1"/><G22/><REACH who="3" ten="160,333,264,213" step="2"/><T51/><D57/><U91/><E66/><V54/><F3/><W116/><G116/><T74/><D130/><U50/><E50/><V124/><F110/><W52/><G52/><T67/><D53/><U37/><E37/><V5/><F54/><W112/><G112/><T133/><D51/><U83/><E83/><AGARI ba="3,3" hai="7,9,12,25,26,49,55,56,60,64,68,73,78,83" machi="83" ten="40,1300,0" yaku="1,1,53,0" doraHai="70" doraHaiUra="126" who="3" fromWho="1" sc="160,0,333,-22,264,0,213,52" /><INIT seed="6,0,0,3,1,30" ten="160,311,264,265" oya="2" hai0="15,57,103,48,28,51,54,81,16,43,5,79,97" hai1="1,8,65,135,92,59,13,133,117,107,74,47,101" hai2="19,27,41,63,82,86,0,68,45,53,37,104,67" hai3="123,7,102,114,76,38,36,129,44,112,70,80,34"/><V108/><F108/><W58/><G70/><T22/><D28/><U73/><E107/><V98/><F0/><W77/><G123/><T56/><D5/><U29/><E1/><V66/><F66/><W52/><G7/><T134/><D134/><N who="1" m="51211" /><E29/><V120/><F120/><W50/><G102/><T46/><D57/><U111/><E111/><V17/><F53/><W42/><G129/><T90/><D90/><U64/><E47/><V100/><REACH who="2" step="1"/><F27/><REACH who="2" ten="160,311,254,265" step="2"/><W89/><G34/><T33/><D33/><U126/><E65/><V131/><F131/><W10/><G10/><T127/><D127/><U91/><E126/><V78/><AGARI ba="0,1" hai="17,19,37,41,45,63,67,68,78,82,86,98,100,104" machi="78" ten="20,7800,0" yaku="1,1,0,1,7,1,53,1" doraHai="30" doraHaiUra="95" who="2" fromWho="2" sc="160,-26,311,-26,254,88,265,-26" /><INIT seed="6,1,0,4,4,34" ten="134,285,342,239" oya="2" hai0="8,133,28,83,7,116,42,99,30,96,33,26,17" hai1="55,36,92,59,58,45,79,20,134,14,41,123,43" hai2="101,29,44,121,62,91,61,87,2,70,32,4,68" hai3="22,131,9,56,110,102,118,1,111,40,48,49,89"/><V54/><F121/><W74/><G74/><T81/><D133/><U108/><E108/><V94/><F32/><W18/><G118/><T90/><D116/><U103/><E123/><V104/><F29/><W46/><G131/><T53/><D42/><U10/><E134/><V105/><F62/><W3/><G102/><T5/><D5/><U82/><E43/><V75/><F44/><W16/><G89/><T66/><D66/><U51/><E20/><V72/><F54/><W19/><G22/><T112/><D112/><U47/><E92/><V37/><F37/><W64/><G9/><T126/><D17/><U109/><E103/><V65/><F70/><W107/><G107/><T57/><D30/><U97/><E97/><V127/><F127/><W128/><G128/><T100/><D90/><U12/><E12/><V69/><F69/><W21/><G21/><T25/><D25/><U73/><E109/><V60/><F60/><W27/><G27/><T80/><D100/><U67/><E67/><V98/><F105/><W117/><G117/><T93/><D93/><U15/><E15/><V71/><F71/><W95/><G95/><T13/><REACH who="0" step="1"/><D126/><REACH who="0" ten="124,285,342,239" step="2"/><U24/><E24/><V85/><F4/><AGARI ba="1,1" hai="4,10,14,36,41,45,47,51,55,58,59,73,79,82" machi="4" ten="30,1000,0" yaku="7,1" doraHai="34" who="1" fromWho="2" sc="124,0,285,23,342,-13,239,0" /><INIT seed="7,0,0,1,3,3" ten="124,308,329,239" oya="3" hai0="38,25,43,15,118,67,24,18,45,66,107,42,123" hai1="23,75,89,128,71,106,49,133,37,12,10,29,115" hai2="72,13,40,16,125,30,90,56,55,8,5,60,48" hai3="70,2,99,62,122,61,130,98,76,134,20,101,83"/><W91/><G122/><T135/><D107/><U36/><E106/><V117/><F72/><W102/><G2/><T92/><D118/><U28/><E75/><V21/><F125/><W54/><G130/><T85/><D135/><U47/><E71/><V26/><F117/><W58/><G134/><T100/><D123/><U11/><E128/><V119/><F119/><W80/><G20/><T50/><D38/><U6/><E133/><V63/><F40/><W126/><G91/><T127/><D43/><U96/><E115/><V33/><F90/><W34/><G34/><T86/><D25/><AGARI ba="0,0" hai="5,8,13,16,21,25,26,30,33,48,55,56,60,63" machi="25" ten="30,3900,0" yaku="7,1,52,1,54,1" doraHai="3" who="2" fromWho="0" sc="124,-39,308,0,329,39,239,0" owari="85,-41.0,308,11.0,368,46.0,239,-16.0" /></mjloggm>