<mjloggm ver="2.3"><GO type="169" lobby="0"/><UN n0="%6B%69%79%6F%64%61%69" n1="%E3%82%A6%E3%83%AB%E3%83%88%E3%83%A9%E7%AB%8B%E7%9B%B4" n2="%6D%75%6B%69%74%74%69" n3="%E3%83%94%E3%83%B3%E3%82%AF%E3%81%AE%E3%81%84%E3%81%BC%E3%81%84%E3%81%BC" dan="18,17,17,16" rate="2189.55,2219.12,2117.71,2137.28" sx="M,M,M,M"/><TAIKYOKU oya="0"/><INIT seed="0,0,0,1,3,106" ten="250,250,250,250" oya="0" hai0="15,83,29,112,9,107,110,119,65,22,133,104,7" hai1="84,57,78,61,81,132,105,8,120,50,130,122,59" hai2="99,82,14,58,126,24,54,102,75,4,28,12,47" hai3="92,127,48,96,5,26,88,2,90,101,124,33,85"/><T10/><D112/><U68/><E105/><V42/><F126/><W16/><G2/><T131/><D119/><U21/><E68/><V123/><F123/><W40/><G5/><T135/><D65/><U79/><E130/><V49/><F4/><W45/><G33/><T72/><D131/><U76/><E132/><N who="0" m="50761" /><D10/><U89/><E8/><V17/><F17/><W103/><G90/><T18/><D29/><U1/><E1/><V77/><F24/><W97/><G97/><T41/><D41/><U108/><E108/><V80/><F28/><W100/><REACH who="3" step="1"/><G96/><REACH who="3" ten="250,250,250,240" step="2"/><T27/><D110/><U93/><E89/><V98/><F98/><W37/><G37/><T0/><D0/><U20/><E120/><V109/><F109/><W13/><G13/><T56/><D107/><U32/><E122/><V38/><REACH who="2" step="1"/><F82/><REACH who="2" ten="250,250,240,240" step="2"/><W114/><G114/><T115/><D115/><U73/><E81/><V30/><F30/><W70/><G70/><T95/><D83/><U46/><E32/><V125/><F125/><W23/><AGARI ba="0,2" hai="16,23,26,40,45,48,85,88,92,100,101,103,124,127" machi="23" ten="30,7900,0" yaku="1,1,0,1,54,2,53,0" doraHai="106" doraHaiUra="51" who="3" fromWho="3" sc="250,-39,250,-20,240,-20,240,99" /><INIT seed="1,0,0,2,5,0" ten="211,230,220,339" oya="1" hai0="24,121,40,132,113,135,43,8,45,93,112,128,10" hai1="60,30,90,84,111,16,13,41,42,134,88,81,12" hai2="56,107,54,72,29,46,129,125,102,11,20,99,133" hai3="115,71,5,52,53,78,109,19,106,126,94,100,124"/><U62/><E134/><N who="0" m="51241" /><D128/><U35/><E111/><V50/><F133/><W67/><G115/><N who="0" m="44107" /><D121/><U120/><E120/><V96/><F129/><W118/><G109/><T2/><D2/><U25/><E13/><V123/><F123/><W73/><G106/><T114/><N who="0" m="44115" /><T38/><DORA hai="58" /><D43/><U130/><E130/><V31/><F125/><N who="3" m="48235" /><G118/><T66/><D66/><U80/><E42/><V70/><F72/><W116/><G116/><T69/><D69/><U117/><E41/><V122/><F122/><W27/><G67/><T87/><D24/><U32/><E32/><V91/><F70/><W17/><G71/><T28/><D28/><U101/><E101/><V34/><F34/><W85/><G27/><T49/><D49/><U18/><E117/><V86/><F31/><W3/><G100/><T82/><D93/><U1/><E1/><V108/><F108/><W23/><G94/><T110/><D110/><U39/><E39/><V51/><F50/><W68/><G68/><T76/><AGARI ba="0,0" hai="8,10,38,40,45,76,82,87" m="44115,51241" machi="76" ten="50,1600,0" yaku="20,1" doraHai="0,58" who="0" fromWho="0" sc="211,16,230,-8,220,-4,339,-4" /><INIT seed="2,0,0,3,3,25" ten="227,222,216,335" oya="2" hai0="125,49,84,40,32,3,122,0,120,37,60,12,38" hai1="24,5,75,54,21,10,74,28,43,1,91,117,7" hai2="39,73,30,80,35,116,82,113,110,19,70,107,132" hai3="62,52,6,134,97,93,133,64,81,55,101,46,9"/><V53/><RYUUKYOKU type="yao9" ba="0,0" sc="227,0,222,0,216,0,335,0" hai2="19,30,35,39,53,70,73,80,82,107,110,113,116,132" /><INIT seed="2,1,0,4,2,65" ten="227,222,216,335" oya="2" hai0="101,124,69,8,79,5,89,74,55,95,76,125,121" hai1="13,103,46,84,133,132,91,21,88,122,81,16,51" hai2="105,17,118,41,18,42,31,33,20,85,54,93,128" hai3="112,12,129,104,106,36,120,43,23,99,24,32,108"/><V26/><F105/><W83/><G120/><T86/><D121/><U70/><E122/><V135/><F118/><W87/><G108/><T113/><D113/><U7/><E103/><V100/><F128/><W19/><G129/><T126/><D101/><U25/><E70/><V115/><F115/><W56/><G99/><T14/><D74/><U52/><E91/><V75/><F75/><W62/><G112/><T29/><D29/><U58/><E58/><V134/><F54/><W64/><G43/><N who="2" m="16393" /><F33/><W15/><G36/><T44/><D69/><U117/><E117/><V47/><F47/><W48/><G48/><AGARI ba="1,0" hai="5,8,14,44,48,55,76,79,86,89,95,124,125,126" machi="48" ten="40,1300,0" yaku="18,1" doraHai="65" who="0" fromWho="3" sc="227,16,222,0,216,0,335,-16" /><INIT seed="3,0,0,0,2,17" ten="243,222,216,319" oya="3" hai0="22,2,125,103,69,28,53,19,63,42,96,73,41" hai1="18,57,25,119,20,91,40,48,132,10,112,37,122" hai2="74,56,7,90,52,62,134,87,121,4,51,126,104" hai3="111,84,116,105,115,82,50,65,59,58,117,44,27"/><W30/><G115/><T14/><D73/><U12/><E112/><V24/><F104/><W26/><G105/><T128/><D2/><U67/><E122/><V5/><F74/><W123/><G123/><T81/><D125/><U127/><E127/><V76/><F126/><W88/><G111/><T124/><D128/><U32/><E32/><V129/><F121/><W100/><G100/><T36/><D36/><U99/><E132/><V120/><F120/><W9/><G9/><T101/><D101/><U77/><E77/><V118/><F118/><W72/><G72/><T6/><D6/><U92/><E119/><V68/><F134/><W70/><G70/><T94/><D124/><U34/><E34/><V98/><F129/><W16/><G30/><T86/><D28/><U93/><E37/><V0/><F0/><W11/><G27/><T13/><D13/><U43/><E93/><N who="2" m="56631" /><F68/><W33/><G33/><T109/><D109/><U54/><REACH who="1" step="1"/><E67/><REACH who="1" ten="243,212,216,319" step="2"/><V21/><F76/><W55/><G117/><T3/><D3/><U80/><E80/><V133/><F133/><W131/><G116/><T83/><D83/><U23/><E23/><V39/><F39/><W61/><G131/><T31/><D81/><U71/><E71/><V106/><F106/><W60/><G11/><T78/><D78/><U35/><E35/><V130/><F130/><W75/><G75/><T29/><D69/><U38/><E38/><V8/><F8/><W46/><G60/><T135/><D135/><U89/><E89/><V95/><F62/><W97/><G97/><N who="0" m="59831" /><D63/><U85/><E85/><V45/><F87/><RYUUKYOKU ba="0,1" sc="243,-15,212,15,216,-15,319,15" hai1="10,12,18,20,25,40,43,48,54,57,91,92,99" hai3="16,26,44,46,50,55,58,59,61,65,82,84,88" /><INIT seed="3,1,1,2,0,42" ten="228,227,201,334" oya="3" hai0="68,118,122,57,7,114,23,24,88,69,76,78,119" hai1="126,94,17,63,72,71,11,27,135,44,34,29,112" hai2="75,61,108,4,109,12,10,101,96,116,26,86,1" hai3="40,128,59,85,55,18,39,70,56,38,13,82,110"/><W46/><G70/><T106/><D106/><U43/><E72/><V113/><F75/><W0/><G0/><T65/><D122/><U99/><E112/><V81/><F113/><W92/><G39/><T32/><D32/><U98/><E126/><V120/><F116/><W103/><G128/><T74/><D114/><U19/><E135/><V121/><F26/><W35/><G35/><T21/><D74/><U33/><E33/><V48/><F61/><W79/><G110/><N who="2" m="42601" /><F48/><W45/><G38/><T102/><D102/><U53/><E11/><V80/><F1/><W125/><G40/><T107/><D107/><U134/><E134/><V2/><F2/><W8/><G125/><T37/><D37/><U31/><E31/><V9/><F9/><W51/><G59/><T123/><D57/><U130/><E130/><V50/><F50/><W16/><REACH who="3" step="1"/><G18/><REACH who="3" ten="228,227,201,324" step="2"/><T91/><D69/><U104/><E17/><V20/><F121/><W90/><G90/><T93/><D68/><U97/><E19/><V131/><F120/><W129/><G129/><T60/><D91/><U25/><E71/><V47/><F131/><W30/><G30/><T64/><D88/><U52/><E29/><V127/><F127/><W67/><G67/><T115/><D123/><U95/><E34/><V41/><F41/><W87/><G87/><T28/><D28/><U58/><E43/><V15/><F86/><W133/><G133/><T62/><D115/><U3/><E3/><V5/><F5/><W14/><G14/><T111/><D111/><U100/><E58/><V77/><F4/><W132/><G132/><RYUUKYOKU ba="1,2" sc="228,-10,227,-10,201,-10,324,30" hai3="8,13,16,45,46,51,55,56,79,82,85,92,103" /><INIT seed="3,2,2,0,5,79" ten="218,217,191,354" oya="3" hai0="18,49,72,131,19,108,118,26,12,42,86,3,15" hai1="76,84,98,48,75,126,115,67,132,81,77,133,117" hai2="102,61,10,32,107,8,106,17,85,6,129,5,11" hai3="119,112,40,21,38,70,134,58,105,99,69,62,30"/><W91/><G119/><T55/><D72/><U116/><E67/><V27/><F129/><W109/><G112/><T24/><D3/><U59/><E59/><V66/><F85/><W88/><G134/><N who="1" m="51818" /><E48/><V92/><F92/><W9/><G30/><T41/><D108/><U64/><E64/><V101/><F107/><W54/><G21/><N who="0" m="11519" /><D131/><U96/><E115/><V60/><F106/><W125/><G125/><T104/><D104/><U53/><E53/><V50/><F50/><W127/><G127/><T35/><D35/><U13/><E13/><V25/><F32/><W33/><G33/><T78/><D42/><U90/><E126/><V121/><F121/><W43/><G109/><T124/><D41/><U97/><E77/><V80/><F80/><AGARI ba="2,2" hai="75,76,80,81,84,90,96,97,98,116,117" m="51818" machi="80" ten="40,8000,1" yaku="20,1,34,2,52,2" doraHai="79" who="1" fromWho="2" sc="218,0,217,106,191,-86,354,0" /><INIT seed="4,0,0,3,1,96" ten="218,323,105,354" oya="0" hai0="65,47,78,76,98,35,54,52,134,107,91,71,106" hai1="13,89,95,112,49,16,48,12,133,9,30,29,26" hai2="83,67,14,132,33,0,22,34,117,7,66,125,129" hai3="105,131,20,116,120,24,94,79,108,17,114,82,3"/><T44/><D35/><U122/><E122/><V64/><F0/><W1/><G108/><T85/><D134/><U135/><E112/><V37/><F37/><W60/><G116/><T81/><D65/><U92/><E26/><V119/><F125/><W84/><G105/><T23/><D71/><U99/><E133/><V103/><F132/><W59/><G114/><T126/><D126/><U113/><E113/><V42/><F42/><W70/><G70/><T25/><D107/><U40/><E135/><V6/><F129/><W75/><G131/><T43/><D106/><U51/><E40/><V77/><F103/><W104/><G104/><T27/><D27/><U57/><E57/><V87/><F22/><W63/><G63/><T18/><D47/><U10/><REACH who="1" step="1"/><E95/><REACH who="1" ten="218,313,105,354" step="2"/><V21/><F119/><W36/><G94/><T50/><D76/><U69/><E69/><V55/><F117/><W123/><G123/><T28/><D28/><U62/><E62/><V73/><F77/><W111/><G120/><T109/><D109/><U56/><E56/><V58/><F58/><W61/><G59/><T41/><D43/><U11/><E11/><V5/><F67/><W31/><G61/><T32/><D32/><U46/><E46/><V74/><F66/><W100/><G60/><T68/><D68/><U4/><AGARI ba="0,1" hai="4,9,10,12,13,16,29,30,48,49,51,89,92,99" machi="4" ten="30,7900,0" yaku="1,1,0,1,8,1,54,1,53,0" doraHai="96" doraHaiUra="128" who="1" fromWho="1" sc="218,-39,313,89,105,-20,354,-20" /><INIT seed="5,0,0,2,2,77" ten="179,402,85,334" oya="1" hai0="35,54,125,2,15,91,69,7,79,0,119,48,82" hai1="88,5,111,112,22,135,9,118,13,19,46,37,1" hai2="108,31,107,101,61,45,32,76,114,129,28,86,97" hai3="50,89,90,117,17,67,59,57,85,68,23,133,60"/><U58/><E118/><V18/><F108/><W87/><G117/><T12/><D69/><U38/><E111/><V130/><F18/><W16/><G133/><T33/><D125/><U63/><E135/><V49/><F61/><W74/><G74/><T92/><D35/><U83/><E112/><V131/><F114/><W40/><G40/><T42/><D42/><U34/><E34/><V26/><F31/><W36/><G36/><T27/><D33/><U105/><E105/><V56/><F56/><W73/><G73/><T30/><D30/><U94/><E46/><V71/><F71/><W123/><G50/><T93/><D27/><U121/><E121/><V95/><F107/><W6/><G6/><T98/><D92/><U120/><E120/><V20/><F32/><W84/><G17/><T126/><D126/><U134/><E134/><V44/><REACH who="2" step="1"/><F49/><REACH who="2" ten="179,402,75,334" step="2"/><W4/><G123/><T124/><D124/><U115/><E115/><V110/><F110/><W96/><G60/><T102/><D119/><U99/><E63/><V78/><F78/><W10/><G59/><T8/><D79/><U65/><E58/><V106/><F106/><W104/><G57/><T128/><D48/><U113/><E113/><V100/><F100/><W70/><G70/><T81/><D102/><U43/><E38/><V103/><F103/><W21/><G68/><T109/><D109/><U127/><E127/><V29/><F29/><W41/><G104/><T52/><D7/><N who="1" m="1263" /><E37/><V72/><F72/><W39/><G39/><T132/><D132/><U3/><E5/><V75/><F75/><W64/><G4/><RYUUKYOKU ba="0,1" sc="179,-10,402,-10,75,30,334,-10" hai2="20,26,28,44,45,76,86,95,97,101,129,130,131" /><INIT seed="6,1,1,1,2,75" ten="169,392,105,324" oya="2" hai0="3,96,123,17,128,104,78,122,81,117,87,118,110" hai1="77,24,9,100,107,7,133,112,37,72,35,101,113" hai2="131,38,74,125,108,92,1,44,18,11,34,13,46" hai3="15,45,95,5,49,68,99,134,71,53,66,25,40"/><V102/><F34/><W50/><G134/><T109/><D3/><N who="1" m="255" /><E37/><V121/><F121/><N who="0" m="46090" /><D17/><U8/><E8/><V88/><F74/><W69/><G25/><T33/><D33/><U111/><E111/><N who="0" m="42505" /><D128/><U79/><E133/><V20/><F108/><W85/><G85/><T135/><D135/><U120/><E120/><V119/><F119/><N who="0" m="45578" /><D96/><U56/><E24/><V23/><F131/><W28/><G15/><T103/><D103/><U67/><E101/><V76/><F125/><W116/><G116/><T83/><D83/><U22/><E100/><V32/><F32/><W105/><G5/><T36/><D36/><U70/><E35/><V114/><F114/><W16/><G16/><T26/><D26/><U6/><E113/><V130/><F130/><W48/><G28/><T43/><D43/><U98/><E112/><V58/><F102/><W39/><G39/><T47/><D47/><N who="2" m="17962" /><F38/><W61/><G40/><T55/><D55/><U54/><E54/><V30/><F1/><W27/><G53/><T14/><D14/><U60/><E6/><V21/><F58/><W29/><G27/><T115/><D115/><U82/><E56/><V59/><F59/><W57/><G29/><T62/><D62/><U31/><E60/><V10/><F30/><W93/><G45/><T126/><D126/><U12/><E31/><V2/><F2/><W106/><G99/><T51/><D51/><U86/><E98/><N who="2" m="57607" /><F11/><W89/><G50/><T94/><D94/><U42/><E22/><N who="2" m="5635" /><V127/><DORA hai="41" /><F127/><W19/><G95/><T91/><D104/><N who="3" m="40041" /><G19/><T64/><D64/><U129/><E67/><RYUUKYOKU ba="1,1" sc="169,10,392,-30,105,10,324,10" hai0="78,81,87,91" hai2="10,13,18,76" hai3="48,49,57,61,66,68,69,71,89,93" /><INIT seed="6,2,1,3,4,54" ten="179,362,115,334" oya="2" hai0="24,129,134,130,69,61,125,59,65,92,124,70,26" hai1="21,34,64,17,25,40,106,53,66,0,63,109,46" hai2="86,108,48,49,114,71,68,4,32,38,84,30,132" hai3="5,57,83,72,16,122,14,133,9,31,119,85,75"/><V118/><F38/><W13/><G119/><T55/><D92/><U96/><E0/><V78/><F118/><W113/><G31/><T45/><D24/><U123/><E109/><V100/><F108/><W33/><G33/><T50/><D26/><U105/><E34/><V41/><F32/><W115/><G133/><T91/><D91/><U126/><E126/><N who="0" m="48745" /><D134/><U35/><E35/><V15/><F132/><W80/><G122/><T102/><D102/><U95/><E106/><V23/><F71/><AGARI ba="2,1" hai="45,50,55,59,61,65,69,70,71,129,130" m="48745" machi="71" ten="30,7700,0" yaku="18,1,34,2,52,1" doraHai="54" who="0" fromWho="2" sc="179,93,362,0,115,-83,334,0" /><INIT seed="7,0,0,2,0,86" ten="272,362,32,334" oya="3" hai0="33,47,24,81,65,94,97,7,99,54,1,120,8" hai1="101,48,40,79,67,122,55,60,58,13,63,52,114" hai2="89,73,57,51,104,20,111,95,125,5,34,92,110" hai3="45,118,28,22,129,15,131,123,132,56,119,18,96"/><W107/><G123/><T38/><D120/><U77/><E114/><V105/><F34/><W91/><G56/><T3/><D65/><U0/><E0/><V53/><F73/><W98/><G132/><T69/><D69/><U10/><E122/><V26/><F5/><W11/><G45/><T106/><D106/><N who="2" m="41066" /><F125/><W43/><G43/><T71/><D71/><U100/><E40/><V113/><F113/><W23/><G98/><T21/><D33/><U84/><E52/><V72/><F72/><W109/><G107/><T133/><D133/><U70/><E63/><V93/><F89/><W130/><G109/><T87/><D1/><U2/><E2/><V115/><F115/><W42/><G42/><T83/><D83/><N who="1" m="47215" /><E79/><V134/><F134/><W76/><G76/><T50/><D38/><U31/><E31/><V117/><F117/><N who="3" m="44555" /><G28/><T78/><REACH who="0" step="1"/><D94/><AGARI ba="0,0" hai="11,15,18,22,23,91,94,96,129,130,131" m="44555" machi="94" ten="40,3900,0" yaku="19,1,52,1" doraHai="86" who="3" fromWho="0" sc="272,-39,362,0,32,0,334,39" owari="233,-17.0,362,16.0,32,-47.0,373,48.0" /></mjloggm>