<mjloggm ver="2.3"><GO type="169" lobby="0"/><UN n0="%4E%6E%31%33%34" n1="%E3%82%A6%E3%83%AB%E3%83%88%E3%83%A9%E7%AB%8B%E7%9B%B4" n2="%4A%57%35%35" n3="%E5%A4%A9%E9%BC%93" dan="16,18,17,18" rate="2120.18,2167.24,2188.24,2164.28" sx="M,M,M,M"/><TAIKYOKU oya="0"/><INIT seed="0,0,0,5,1,67" ten="250,250,250,250" oya="0" hai0="1,111,49,76,114,30,122,101,23,42,107,120,3" hai1="25,71,88,124,33,128,127,94,125,35,91,115,6" hai2="129,72,131,0,83,38,90,68,79,44,48,132,121" hai3="12,99,126,54,104,7,60,9,85,24,18,50,110"/><T29/><D114/><U66/><E128/><N who="2" m="49227" /><F121/><W113/><G113/><T43/><D76/><U20/><E6/><V134/><F0/><W52/><G110/><T123/><D111/><U56/><E56/><V106/><F106/><W69/><G126/><T19/><D101/><U55/><E55/><N who="2" m="30087" /><F38/><W58/><G85/><T41/><D49/><U63/><E115/><V130/><N who="2" m="49235" /><V17/><DORA hai="74" /><F17/><W46/><G69/><T10/><D107/><U31/><REACH who="1" step="1"/><E91/><REACH who="1" ten="250,240,250,250" step="2"/><V21/><F90/><W13/><G54/><T98/><D123/><U97/><AGARI ba="0,1" hai="20,25,31,33,35,63,66,71,88,94,97,124,125,127" machi="97" ten="30,12000,2" yaku="1,1,2,1,0,1,18,1,52,1,54,1,53,0" doraHai="67,74" doraHaiUra="14,118" who="1" fromWho="1" sc="250,-60,240,130,250,-30,250,-30" /><INIT seed="1,0,0,3,5,14" ten="190,370,220,220" oya="1" hai0="12,9,35,127,100,52,59,10,121,19,7,105,124" hai1="58,77,73,83,94,115,65,34,120,122,130,126,16" hai2="21,97,22,88,111,101,132,98,17,78,50,90,102" hai3="43,75,30,38,112,53,114,71,32,67,117,113,79"/><U3/><E115/><V135/><F78/><W96/><G96/><N who="0" m="61575" /><D35/><U44/><E34/><V92/><F111/><W39/><G79/><T51/><D121/><U60/><E3/><V69/><F69/><W62/><G75/><T54/><D54/><U74/><E74/><V134/><F50/><W108/><G30/><T116/><D116/><U28/><E28/><V107/><REACH who="2" step="1"/><F22/><REACH who="2" ten="190,370,210,220" step="2"/><W6/><G108/><T80/><D9/><U24/><E77/><V110/><F110/><W48/><G32/><T119/><D119/><U40/><E122/><V18/><F18/><W36/><G6/><T131/><D7/><U46/><E16/><V104/><F104/><W63/><G117/><T0/><D19/><U87/><E120/><V76/><F76/><W72/><G72/><T8/><D51/><U11/><E73/><V99/><F99/><W86/><G86/><T61/><D8/><U56/><E87/><V123/><F123/><W133/><G63/><T57/><D10/><U66/><E11/><V93/><F93/><W89/><G133/><T70/><D61/><U85/><E85/><V45/><F45/><N who="3" m="23783" /><G89/><T2/><D2/><U81/><E60/><V5/><F5/><W109/><G109/><T103/><D0/><U128/><E94/><V106/><F106/><W41/><G41/><T118/><D118/><U27/><E40/><V68/><F68/><W1/><G1/><T64/><D70/><U129/><E129/><V29/><F29/><W37/><G114/><T91/><D131/><U13/><E13/><AGARI ba="0,1" hai="13,17,21,88,90,92,97,98,101,102,107,132,134,135" machi="13" ten="40,8000,1" yaku="1,1,20,1,52,1,54,1,53,0" doraHai="14" doraHaiUra="82" who="2" fromWho="1" sc="190,0,370,-80,210,90,220,0" /><INIT seed="2,0,0,4,0,116" ten="190,290,300,220" oya="2" hai0="83,7,28,117,8,90,108,109,47,63,49,85,82" hai1="9,16,61,42,34,38,23,52,56,127,111,97,107" hai2="104,11,58,31,43,112,40,132,84,25,26,10,101" hai3="6,33,65,71,133,60,134,48,46,27,81,80,72"/><V62/><F112/><W128/><G128/><T69/><D117/><U17/><E34/><V55/><F132/><N who="3" m="50795" /><G72/><T12/><D28/><U106/><E127/><V124/><F124/><W103/><G103/><T118/><D118/><U36/><E111/><N who="0" m="42569" /><D63/><U15/><E42/><N who="2" m="15915" /><F104/><W74/><G74/><T32/><D69/><U115/><E115/><V13/><F101/><W19/><G6/><T91/><D32/><U130/><E130/><V29/><F11/><W78/><G78/><N who="0" m="46295" /><D83/><U95/><E107/><V88/><F29/><N who="3" m="19647" /><G19/><T123/><D123/><U79/><E106/><V53/><F31/><W131/><G131/><T119/><D119/><U114/><E79/><V18/><F55/><AGARI ba="0,0" hai="46,48,55,60,65,71,80,81" m="19647,50795" machi="55" ten="30,1000,0" yaku="20,1" doraHai="116" who="3" fromWho="2" sc="190,0,290,0,300,-10,220,10" /><AGARI ba="0,0" hai="7,8,12,47,49,55,90,91" m="46295,42569" machi="55" ten="30,1000,0" yaku="14,1" doraHai="116" who="0" fromWho="2" sc="190,10,290,0,290,-10,230,0" /><INIT seed="3,0,0,5,1,134" ten="200,290,280,230" oya="3" hai0="41,6,106,52,113,94,49,51,35,131,71,99,127" hai1="42,80,133,43,66,96,123,72,105,121,39,115,10" hai2="84,76,27,11,33,119,45,97,128,12,13,62,21" hai3="32,47,120,101,1,108,2,58,87,46,9,16,22"/><W64/><G120/><T74/><D106/><U69/><E10/><V31/><F119/><W112/><G112/><T75/><D113/><U14/><E14/><V40/><F128/><W103/><G32/><T111/><D71/><U95/><E95/><V61/><F97/><W53/><G64/><T55/><D41/><U109/><E43/><V26/><F84/><W117/><G117/><T57/><D111/><U23/><E23/><V65/><F76/><W20/><G108/><T85/><D131/><U130/><E133/><V34/><F34/><W81/><G22/><T98/><D127/><U4/><E4/><V15/><F11/><W89/><G9/><T28/><D6/><U56/><E56/><V37/><REACH who="2" step="1"/><F65/><REACH who="2" ten="200,290,270,230" step="2"/><W129/><G129/><T118/><D85/><U54/><E66/><V100/><F100/><N who="3" m="38475" /><G2/><T88/><D99/><U86/><E96/><V91/><F91/><W48/><G1/><T50/><D118/><U67/><E67/><V110/><F110/><W122/><G122/><T0/><D0/><U93/><E109/><V135/><F135/><W114/><G114/><T36/><D75/><U60/><E72/><V44/><F44/><W18/><G20/><T8/><D74/><U7/><E115/><V126/><F126/><W29/><G29/><AGARI ba="0,1" hai="12,13,15,21,26,27,29,31,33,37,40,45,61,62" machi="29" ten="40,2600,0" yaku="1,1,53,1" doraHai="134" doraHaiUra="17" who="2" fromWho="3" sc="200,0,290,0,270,36,230,-26" /><INIT seed="4,0,0,5,2,98" ten="200,290,306,204" oya="0" hai0="49,74,105,131,110,123,8,26,46,83,128,28,51" hai1="7,43,50,42,16,6,27,68,32,35,4,86,112" hai2="133,59,61,102,29,116,9,24,64,13,37,65,20" hai3="77,79,1,115,0,71,129,30,124,47,25,54,53"/><T126/><D123/><U44/><E68/><V75/><F75/><W19/><G115/><T33/><D126/><U5/><E112/><V36/><F133/><W114/><G114/><T111/><D105/><U15/><E7/><V103/><F116/><W60/><G124/><T84/><D8/><U91/><E43/><V135/><F135/><W34/><G129/><N who="0" m="49739" /><D74/><U108/><E27/><V107/><F107/><W117/><G117/><T67/><D67/><N who="2" m="25674" /><F37/><W106/><G106/><T2/><D2/><U76/><E76/><V14/><F36/><W41/><G71/><T58/><D58/><U48/><E48/><N who="0" m="18505" /><D46/><U82/><REACH who="1" step="1"/><E108/><REACH who="1" ten="200,280,306,204" step="2"/><V52/><F14/><W104/><G41/><T69/><D69/><U93/><E93/><V87/><F87/><W10/><G25/><T3/><D3/><U120/><E120/><V92/><F92/><W56/><G104/><T121/><D121/><U78/><E78/><AGARI ba="0,1" hai="26,28,33,78,83,84,110,111" m="18505,49739" machi="78" ten="30,1500,0" yaku="19,1" doraHai="98" who="0" fromWho="1" sc="200,25,280,-15,306,0,204,0" /><INIT seed="4,1,0,5,0,1" ten="225,265,306,204" oya="0" hai0="133,88,75,6,46,135,89,99,13,104,56,31,115" hai1="60,121,5,74,106,24,105,109,119,2,73,101,94" hai2="36,128,38,21,79,85,83,37,30,20,63,87,58" hai3="72,66,86,110,32,50,3,68,34,35,17,84,48"/><T59/><D115/><U51/><E51/><V71/><F71/><W100/><G72/><N who="1" m="27754" /><E94/><V18/><F128/><W77/><G110/><T67/><D75/><U123/><E101/><V61/><F85/><W125/><G125/><T33/><D46/><U45/><E109/><V70/><F70/><W57/><G68/><T78/><D78/><U0/><E45/><V76/><F76/><W47/><G3/><N who="1" m="1066" /><E5/><V54/><F30/><W112/><G112/><T19/><D6/><U116/><E60/><V15/><F61/><W117/><G100/><N who="0" m="62495" /><D33/><U124/><E24/><V107/><F107/><N who="1" m="40969" /><E124/><V129/><F21/><W49/><G47/><T16/><D31/><U130/><E130/><V26/><F129/><W90/><G77/><T95/><D89/><U11/><E11/><V81/><F83/><W102/><G102/><T92/><D95/><U98/><E98/><V80/><F81/><W43/><G90/><T55/><D88/><U82/><E82/><V120/><F26/><W64/><G35/><T108/><D92/><U62/><E62/><V28/><F28/><W96/><G49/><N who="0" m="30831" /><D108/><U4/><E4/><V114/><F114/><W8/><G96/><T40/><D40/><U39/><E39/><V118/><F38/><W53/><G43/><T23/><D19/><U111/><E111/><V97/><F37/><W10/><G17/><T132/><D59/><U127/><E127/><V65/><F36/><W122/><G57/><T69/><D69/><U93/><E93/><V52/><F97/><W44/><G44/><T126/><D126/><U41/><E41/><V27/><F18/><RYUUKYOKU ba="1,0" sc="225,15,265,15,306,-15,204,-15" hai0="13,16,23,67,132,133,135" hai1="116,119,121,123" /><INIT seed="4,2,0,0,0,31" ten="240,280,291,189" oya="0" hai0="25,34,124,11,50,92,131,86,105,24,5,103,53" hai1="46,91,55,128,64,40,133,108,115,113,38,62,96" hai2="83,37,26,51,18,87,33,49,118,65,29,116,58" hai3="4,23,88,19,111,76,122,56,60,129,17,16,6"/><T7/><D105/><U117/><E108/><V45/><F18/><W119/><G111/><T10/><D131/><U77/><E77/><V39/><F65/><W67/><G119/><N who="2" m="45609" /><F58/><W71/><G129/><T102/><D124/><U27/><E117/><V28/><F28/><W74/><G122/><T134/><D134/><U112/><E133/><V120/><F120/><W21/><G76/><T57/><D34/><U59/><E128/><V2/><F2/><W94/><G74/><T75/><D75/><U47/><E27/><N who="0" m="10313" /><D86/><U80/><E96/><V22/><F22/><N who="3" m="8203" /><G71/><T68/><D68/><U130/><E130/><V13/><F13/><W0/><G0/><T82/><D82/><U66/><E80/><V61/><F61/><W72/><G72/><T70/><D70/><U135/><E135/><V99/><F99/><AGARI ba="2,0" hai="4,6,16,17,19,56,60,67,88,94,99" m="8203" machi="99" ten="30,3900,0" yaku="8,1,54,2" doraHai="31" who="3" fromWho="2" sc="240,0,280,0,291,-45,189,45" /><INIT seed="5,0,0,1,5,88" ten="240,280,246,234" oya="1" hai0="93,119,116,134,34,127,30,11,65,22,95,67,128" hai1="84,31,0,99,10,50,109,33,29,51,60,117,12" hai2="86,75,27,23,71,59,105,42,114,130,57,78,56" hai3="18,35,79,55,7,16,64,80,48,96,52,87,124"/><U49/><E117/><V39/><F71/><W97/><G35/><T9/><D22/><U122/><E122/><V24/><F105/><W121/><G121/><T120/><D120/><U17/><E33/><V72/><F130/><W102/><G124/><T133/><D128/><U41/><E0/><V112/><F39/><W101/><G64/><N who="0" m="24651" /><D30/><N who="1" m="11275" /><E109/><V126/><F42/><W53/><G7/><T131/><D34/><U8/><E60/><V103/><F103/><N who="3" m="39435" /><G48/><N who="1" m="18538" /><E99/><AGARI ba="0,0" hai="16,18,52,53,55,79,80,87,96,97,99" m="39435" machi="99" ten="30,3900,0" yaku="8,1,54,2" doraHai="88" who="3" fromWho="1" sc="240,0,280,-39,246,0,234,39" /><INIT seed="6,0,0,2,5,56" ten="240,241,246,273" oya="2" hai0="75,86,36,23,34,46,131,31,14,76,54,98,81" hai1="10,3,70,35,62,44,82,61,28,93,18,45,59" hai2="96,91,78,22,71,8,94,122,51,130,132,100,116" hai3="64,4,30,5,57,37,65,16,126,0,19,89,114"/><V69/><F122/><W73/><G73/><T12/><D131/><U9/><E35/><V1/><F116/><W105/><G105/><T95/><D34/><U112/><E28/><V39/><F39/><W26/><G37/><T106/><D36/><U113/><E93/><V80/><F130/><W117/><G117/><T104/><D104/><U92/><E92/><V67/><F132/><W2/><G89/><N who="0" m="53687" /><D54/><N who="1" m="34039" /><E82/><V66/><F69/><W50/><G50/><T53/><D53/><U40/><E18/><N who="3" m="6698" /><G57/><T17/><D46/><N who="1" m="18027" /><E3/><V63/><F67/><W121/><G65/><T111/><D111/><U107/><E107/><V11/><F51/><W124/><G64/><T20/><D31/><U15/><E15/><N who="0" m="5673" /><D17/><U33/><E33/><V118/><F118/><W27/><G121/><T90/><D90/><U52/><E40/><V88/><F22/><N who="3" m="15703" /><G27/><T87/><D87/><U135/><E135/><V102/><F91/><W120/><G120/><T125/><D23/><U134/><E134/><V119/><F119/><W74/><G74/><T24/><D24/><U42/><E42/><V77/><F77/><W83/><G83/><T103/><D20/><U79/><E79/><V72/><REACH who="2" step="1"/><F1/><REACH who="2" ten="240,241,236,273" step="2"/><W29/><G0/><T123/><D123/><U60/><E70/><V97/><F97/><W38/><G2/><T109/><D109/><U108/><E108/><V41/><F41/><W127/><G38/><T68/><D68/><U55/><E55/><V7/><F7/><N who="3" m="2635" /><G29/><T58/><D75/><U128/><E52/><V6/><F6/><W49/><G49/><T43/><D43/><U99/><E128/><RYUUKYOKU ba="0,1" sc="240,-15,241,-15,236,15,273,15" hai2="8,11,63,66,71,72,78,80,88,94,96,100,102" hai3="114,124,126,127" /><INIT seed="6,1,1,5,1,98" ten="225,226,251,288" oya="2" hai0="88,133,2,102,78,118,59,57,67,106,24,8,117" hai1="116,112,80,17,46,21,97,19,76,43,65,22,99" hai2="73,77,0,72,41,127,79,96,100,33,129,42,68" hai3="44,56,104,34,7,49,113,74,83,120,75,69,16"/><V128/><F68/><W111/><G69/><T14/><D2/><U29/><E116/><N who="0" m="44649" /><D133/><U63/><E112/><V94/><F0/><W58/><G120/><T9/><D78/><N who="2" m="29706" /><F33/><W60/><G111/><T23/><D88/><U114/><E114/><V85/><F127/><W107/><G7/><N who="0" m="3359" /><D9/><U51/><E29/><V45/><F45/><W30/><G44/><T110/><D110/><U119/><E119/><V132/><F132/><W13/><G83/><T131/><D131/><N who="2" m="50250" /><F85/><W52/><G75/><AGARI ba="1,1" hai="41,42,72,73,75,94,96,100" m="50250,29706" machi="75" ten="30,2900,0" yaku="19,1,52,1" doraHai="98" who="2" fromWho="3" sc="225,0,226,0,251,42,288,-32" /><INIT seed="6,2,0,5,0,27" ten="225,226,293,256" oya="2" hai0="40,112,41,43,121,118,16,60,85,19,8,114,117" hai1="61,84,29,123,135,28,10,23,130,52,32,107,31" hai2="90,100,79,97,127,73,86,51,74,14,58,44,37" hai3="64,50,25,7,98,62,21,105,3,6,113,87,75"/><V131/><F37/><W2/><G75/><T34/><D34/><U94/><E107/><V101/><F58/><W132/><G132/><T109/><D109/><U81/><E32/><V110/><F110/><W124/><G124/><T5/><D121/><U129/><E135/><V66/><F66/><W99/><G113/><N who="0" m="43627" /><D85/><U47/><E123/><V120/><F120/><W30/><G2/><N who="0" m="55" /><D60/><U38/><E94/><V95/><F127/><W104/><G104/><T12/><D12/><U46/><E10/><V128/><F14/><W42/><G87/><T80/><D80/><U15/><E15/><V0/><F0/><W48/><G105/><T122/><D122/><U39/><E23/><V88/><F74/><W45/><G3/><T96/><D96/><U4/><E4/><V49/><F73/><W108/><G108/><T11/><D11/><U126/><E126/><V54/><F79/><W93/><G99/><T78/><D78/><N who="1" m="46135" /><E61/><V13/><F13/><W91/><G48/><T9/><D9/><U106/><E106/><V55/><F86/><W92/><G92/><T76/><D76/><U18/><E39/><V71/><F95/><W36/><G36/><T70/><D70/><AGARI ba="2,0" hai="6,7,21,25,30,42,45,50,62,64,70,91,93,98" machi="70" ten="30,2000,0" yaku="7,1,52,1" doraHai="27" who="3" fromWho="0" sc="225,-26,226,0,293,0,256,26" /><INIT seed="7,0,0,3,4,97" ten="199,226,293,282" oya="3" hai0="135,46,71,121,54,42,14,27,109,48,102,125,49" hai1="108,69,122,70,124,83,130,86,0,63,84,85,18" hai2="51,39,107,127,8,26,80,133,21,81,103,52,29" hai3="66,113,123,132,35,43,47,106,31,15,92,11,62"/><W101/><G123/><T58/><D121/><U91/><E0/><V10/><F39/><W30/><G106/><T3/><D3/><U34/><E108/><V94/><F107/><W6/><G35/><T117/><D109/><U128/><E34/><V33/><F33/><W76/><G76/><T65/><D117/><U1/><E1/><V64/><F64/><W56/><G113/><T61/><D135/><U41/><E41/><V120/><F133/><W134/><G134/><T98/><D125/><U32/><E32/><V126/><F120/><W73/><G73/><T20/><D14/><U96/><E124/><N who="2" m="47659" /><F103/><W44/><G132/><T74/><D74/><U45/><E122/><V93/><F94/><W68/><G68/><T57/><D48/><U99/><E70/><V60/><F93/><W129/><G129/><T25/><D20/><U78/><E69/><V55/><F60/><W9/><G9/><N who="2" m="3689" /><F55/><W89/><G89/><T12/><D12/><U13/><E63/><V75/><F75/><W88/><G101/><T100/><D71/><U37/><E128/><V72/><F72/><W17/><G6/><T79/><D79/><U87/><E78/><V5/><F5/><W82/><G82/><T50/><REACH who="0" step="1"/><D102/><REACH who="0" ten="189,226,293,282" step="2"/><U19/><E130/><V24/><F26/><W2/><G2/><T16/><D16/><U116/><E19/><V23/><F21/><W95/><G17/><T90/><D90/><U7/><E116/><V36/><F36/><N who="3" m="21607" /><G88/><T40/><D40/><N who="1" m="22671" /><E7/><V77/><F77/><W118/><G118/><T131/><D131/><U22/><E18/><V105/><F24/><RYUUKYOKU ba="0,1" sc="189,15,226,15,293,-15,282,-15" hai0="25,27,42,46,49,50,54,57,58,61,65,98,100" hai1="13,22,83,84,85,86,87,91,96,99" /><INIT seed="8,1,1,4,1,15" ten="204,241,278,267" oya="0" hai0="107,2,23,109,32,22,10,124,132,71,18,62,4" hai1="47,78,41,49,84,43,131,37,68,61,19,101,108" hai2="97,0,16,38,130,105,70,106,55,69,91,94,125" hai3="1,34,112,77,118,25,80,100,126,75,99,95,117"/><T29/><D107/><U28/><E108/><V3/><F38/><W5/><G112/><T98/><D109/><U72/><E72/><V88/><F55/><W36/><G126/><T129/><D124/><U135/><E68/><V82/><F125/><W6/><G36/><T127/><D127/><U64/><E28/><V110/><F110/><W90/><G1/><T115/><D115/><U35/><E35/><V26/><F82/><W93/><G25/><N who="0" m="18479" /><D23/><U86/><E131/><V11/><F130/><W74/><G34/><T60/><D129/><U40/><E135/><V59/><F59/><W45/><G45/><T89/><D71/><U133/><E101/><V120/><F120/><W104/><G93/><N who="0" m="56623" /><D132/><U113/><E133/><V12/><F26/><W123/><G123/><T57/><D57/><N who="1" m="36911" /><E113/><V81/><F69/><W33/><G33/><T103/><D103/><U85/><E37/><V128/><F70/><W122/><G122/><T44/><D44/><U30/><E30/><V42/><F128/><W114/><G114/><T92/><D92/><U46/><E78/><V48/><F105/><W54/><G74/><T76/><D76/><U14/><E47/><N who="2" m="25719" /><F106/><W52/><G6/><T51/><D51/><U83/><E83/><V9/><F11/><AGARI ba="1,1" hai="11,14,19,40,41,43,46,49,84,85,86" m="36911" machi="11" ten="30,2000,0" yaku="8,1,52,1" doraHai="15" who="1" fromWho="2" sc="204,0,241,33,278,-23,267,0" /><INIT seed="9,0,0,1,3,111" ten="204,274,255,267" oya="1" hai0="49,53,94,3,21,64,20,100,66,127,110,72,115" hai1="42,58,56,77,82,108,116,6,14,7,45,125,46" hai2="81,19,106,121,105,11,78,74,80,93,76,79,112" hai3="62,39,113,22,2,55,131,13,96,32,89,16,10"/><U101/><E116/><V118/><F19/><W28/><G131/><T29/><D110/><U60/><E125/><V36/><F36/><W92/><G39/><T122/><D3/><U59/><E101/><V129/><F11/><W130/><G130/><T69/><D72/><U23/><E108/><V51/><F51/><W43/><G43/><T83/><D69/><U99/><E99/><V103/><F121/><W88/><G113/><T40/><D40/><U30/><E60/><V50/><F50/><W114/><G114/><T134/><D115/><U38/><E46/><V25/><F25/><N who="3" m="16439" /><G32/><T18/><D122/><U27/><REACH who="1" step="1"/><E14/><REACH who="1" ten="204,264,255,267" step="2"/><V47/><F47/><W17/><G2/><T31/><D127/><U54/><E54/><V70/><F112/><W61/><G55/><T117/><D117/><U120/><E120/><V57/><F129/><W75/><G62/><T68/><D66/><U123/><E123/><V33/><F118/><W135/><G61/><T65/><D64/><U73/><AGARI ba="0,1" hai="6,7,23,27,30,38,42,45,56,58,59,73,77,82" machi="73" ten="30,3000,0" yaku="1,1,0,1,53,0" doraHai="111" doraHaiUra="34" who="1" fromWho="1" sc="204,-10,264,40,255,-10,267,-10" owari="194,-31.0,304,40.0,245,-15.0,257,6.0" /></mjloggm>