<mjloggm ver="2.3"><GO type="225" lobby="0"/><UN n0="%63%6F%61" n1="%E3%82%A6%E3%83%AB%E3%83%88%E3%83%A9%E7%AB%8B%E7%9B%B4" n2="%E3%81%A9%E3%82%93%E3%82%88%E3%81%8F%4D%6B%2E%32" n3="%E3%83%9B%E3%83%B3%E3%82%A4%E3%83%84%E5%8E%A8" dan="16,17,16,16" rate="2167.22,2174.62,2133.37,2105.34" sx="M,M,M,M"/><TAIKYOKU oya="0"/><INIT seed="0,0,0,5,4,109" ten="250,250,250,250" oya="0" hai0="5,22,90,49,100,63,16,54,17,98,37,118,7" hai1="112,44,10,0,94,42,19,86,82,116,13,126,91" hai2="66,79,2,119,32,99,62,52,101,122,55,129,103" hai3="58,68,71,38,61,92,81,6,76,34,69,26,31"/><T51/><D37/><U25/><E116/><V65/><F122/><W12/><G38/><T115/><D118/><U33/><E126/><V113/><F119/><W72/><G92/><N who="0" m="58439" /><D115/><U114/><E0/><V47/><F129/><W67/><G6/><N who="0" m="2059" /><D90/><U135/><E135/><V43/><F2/><W104/><REACH who="3" step="1"/><G12/><REACH who="3" ten="250,250,250,240" step="2"/><N who="0" m="9479" /><D17/><U60/><E94/><V73/><F103/><W105/><AGARI ba="0,1" hai="26,31,34,58,61,67,68,69,71,72,76,81,104,105" machi="105" ten="40,5200,0" yaku="1,1,0,1,53,1" doraHai="109" doraHaiUra="75" who="3" fromWho="3" sc="250,-26,250,-13,250,-13,240,62" /><INIT seed="1,0,0,2,3,131" ten="224,237,237,302" oya="1" hai0="9,102,112,90,76,88,43,122,95,120,133,104,71" hai1="106,98,89,37,21,34,91,24,64,57,42,40,17" hai2="6,50,134,18,118,78,109,48,110,117,129,80,85" hai3="125,2,46,77,101,53,5,60,107,73,96,1,63"/><U103/><E34/><V25/><F129/><W28/><G125/><T12/><D71/><U62/><REACH who="1" step="1"/><E37/><REACH who="1" ten="224,227,237,302" step="2"/><V56/><F117/><W132/><G132/><T75/><D133/><U105/><E105/><V67/><F118/><W55/><G107/><T47/><D104/><U66/><E66/><V26/><F134/><W93/><G55/><T39/><D120/><U44/><E44/><V54/><F67/><W111/><G53/><T29/><D122/><U116/><E116/><V45/><F6/><W32/><G46/><T30/><D112/><U114/><E114/><V20/><REACH who="2" step="1"/><F26/><REACH who="2" ten="224,227,227,302" step="2"/><W52/><G5/><T68/><D39/><U86/><E86/><V59/><F59/><W16/><G73/><T51/><D75/><U27/><E27/><V41/><AGARI ba="0,2" hai="18,20,25,41,45,48,50,54,56,78,80,85,109,110" machi="41" ten="30,2000,0" yaku="1,1,0,1,53,0" doraHai="131" doraHaiUra="8" who="2" fromWho="2" sc="224,-5,227,-10,227,40,302,-5" /><INIT seed="2,0,0,5,1,130" ten="219,217,267,297" oya="2" hai0="69,94,70,28,27,40,55,122,127,19,110,15,62" hai1="79,90,135,39,97,53,9,1,16,116,102,98,82" hai2="44,61,35,106,100,80,17,109,124,0,118,112,64" hai3="21,114,23,57,85,36,25,8,134,42,5,101,45"/><V29/><F118/><W71/><G71/><T104/><D104/><U58/><E116/><V88/><F112/><W73/><G73/><T121/><D110/><U81/><E39/><V20/><F109/><W54/><G114/><T24/><D40/><U56/><E135/><V128/><F128/><W51/><G134/><T107/><D107/><U75/><E1/><V63/><F0/><W83/><G101/><T32/><D27/><U65/><E65/><V119/><F119/><W38/><G38/><T133/><D133/><U132/><E132/><V126/><F44/><W46/><G46/><T47/><D127/><N who="2" m="48682" /><F35/><W12/><REACH who="3" step="1"/><G25/><REACH who="3" ten="219,217,267,287" step="2"/><T66/><D70/><U6/><E102/><V37/><F37/><W30/><G30/><T77/><D47/><U3/><E56/><V95/><F29/><W86/><G86/><T2/><D69/><U92/><E98/><N who="2" m="61719" /><F80/><W131/><G131/><T59/><D59/><U89/><E82/><V7/><F64/><W43/><G43/><T18/><D66/><U111/><E111/><V117/><F117/><W52/><G52/><T50/><D55/><U120/><E120/><V13/><F7/><W103/><G103/><T84/><D122/><U76/><E16/><V91/><F91/><AGARI ba="0,1" hai="5,8,12,21,23,36,42,45,51,54,57,83,85,91" machi="91" ten="30,2000,0" yaku="1,1,7,1,53,0" doraHai="130" doraHaiUra="22" who="3" fromWho="2" sc="219,0,217,0,267,-20,287,30" /><INIT seed="3,0,0,2,3,6" ten="219,217,247,317" oya="3" hai0="57,31,41,12,99,102,69,109,91,87,45,19,65" hai1="93,48,123,110,15,89,56,32,105,0,72,5,10" hai2="3,107,73,43,37,98,131,34,125,116,35,126,80" hai3="135,71,11,70,30,81,97,121,77,16,9,132,85"/><W122/><G30/><T13/><D69/><N who="3" m="26121" /><G97/><T33/><D109/><U118/><E123/><N who="3" m="47114" /><G16/><T47/><D31/><U7/><E105/><V112/><F112/><W95/><G95/><N who="0" m="58751" /><D41/><U49/><E32/><V55/><F55/><W127/><G11/><N who="0" m="6559" /><D33/><N who="2" m="12298" /><F131/><W51/><G9/><T103/><D103/><U64/><E72/><V59/><F59/><W90/><G51/><N who="1" m="19530" /><E110/><V42/><F3/><W111/><G111/><T84/><D13/><U17/><E0/><V117/><F43/><W101/><G101/><T76/><D76/><U115/><E115/><V88/><F107/><W22/><G77/><T63/><D87/><N who="1" m="52415" /><E118/><V78/><F42/><W25/><G85/><T86/><D86/><U133/><E133/><V2/><F2/><W1/><G1/><T124/><D124/><N who="2" m="47722" /><F37/><W119/><G127/><T58/><D58/><U120/><E120/><V94/><AGARI ba="0,0" hai="73,78,80,88,94,98,116,117" m="47722,12298" machi="94" ten="40,2700,0" yaku="18,1,54,1" doraHai="6" who="2" fromWho="2" sc="219,-7,217,-7,247,27,317,-13" owari="212,-19.0,210,-29.0,274,7.0,304,41.0" /></mjloggm>