<mjloggm ver="2.3"><GO type="169" lobby="0"/><UN n0="%68%61%7A%75%6B%69%38%39" n1="%E3%82%A6%E3%83%AB%E3%83%88%E3%83%A9%E7%AB%8B%E7%9B%B4" n2="%7A%6F%6F%31%39%36%34" n3="%E3%83%A4%E3%82%AD%E3%83%B3" dan="16,17,18,16" rate="2039.53,2175.99,2259.13,2117.63" sx="F,M,M,M"/><TAIKYOKU oya="0"/><INIT seed="0,0,0,1,3,78" ten="250,250,250,250" oya="0" hai0="95,110,133,27,23,11,128,94,89,59,105,24,52" hai1="61,130,42,64,33,81,13,47,113,86,107,134,31" hai2="41,58,53,29,104,22,43,82,0,85,48,125,45" hai3="18,12,112,17,93,80,135,35,132,65,7,38,4"/><T90/><D105/><U69/><E130/><V19/><F104/><W106/><G38/><T26/><D128/><U2/><E2/><V37/><F125/><W72/><G106/><T70/><D70/><U84/><E134/><N who="3" m="51242" /><G35/><T71/><D71/><U120/><E120/><V100/><F100/><W122/><G112/><T115/><D115/><U111/><E111/><V73/><F73/><W8/><G65/><T55/><D133/><U98/><E113/><V44/><F29/><W14/><G93/><T99/><D110/><U75/><E13/><V1/><F19/><W30/><G30/><T3/><D23/><U15/><E33/><V129/><F22/><N who="3" m="11559" /><G122/><T101/><D101/><U49/><E31/><V74/><F74/><W87/><G72/><T46/><D46/><U79/><E107/><V77/><REACH who="2" step="1"/><F129/><REACH who="2" ten="250,250,240,250" step="2"/><W121/><G121/><T109/><D109/><U28/><E28/><V9/><F9/><W32/><G32/><T119/><D119/><U39/><E75/><V68/><F68/><W131/><G131/><T10/><D3/><U91/><E69/><V118/><F118/><W34/><G34/><T88/><D99/><U116/><E98/><V103/><F103/><W50/><G18/><T117/><D117/><U40/><E116/><V108/><F108/><W57/><G7/><T123/><D123/><U5/><E5/><V56/><F56/><W66/><G57/><T36/><D59/><U60/><E15/><V20/><F20/><W83/><G14/><T16/><D16/><U124/><E124/><V25/><F25/><N who="0" m="6402" /><T127/><DORA hai="114" /><D127/><U51/><E47/><RYUUKYOKU ba="0,1" sc="250,-10,250,-10,240,30,250,-10" hai2="0,1,37,41,43,44,45,48,53,58,77,82,85" /><INIT seed="1,1,1,5,4,108" ten="240,240,270,240" oya="1" hai0="15,98,100,72,41,9,28,18,92,94,93,36,25" hai1="11,43,95,84,118,59,80,104,103,114,73,132,129" hai2="99,50,47,134,131,44,124,63,13,27,78,34,77" hai3="58,53,87,61,7,24,123,66,82,133,4,54,30"/><U35/><E35/><V29/><F134/><W17/><G123/><T23/><D72/><U21/><E118/><V135/><F135/><W19/><G133/><T107/><D41/><U109/><E132/><V64/><F131/><W31/><G19/><T125/><D36/><U91/><E129/><V110/><F110/><W45/><G17/><T49/><D125/><U75/><E109/><V112/><F112/><W42/><G42/><T10/><REACH who="0" step="1"/><D49/><REACH who="0" ten="230,240,270,240" step="2"/><U6/><E43/><V32/><F124/><W65/><G54/><T5/><D5/><U0/><E75/><V37/><F37/><W20/><G7/><T70/><D70/><U2/><E73/><V88/><F50/><N who="3" m="28879" /><G4/><T90/><D90/><U105/><E2/><V8/><F78/><W89/><G66/><T130/><D130/><U40/><E40/><V52/><F77/><W14/><G65/><T81/><D81/><U67/><E67/><V74/><F74/><W71/><G71/><T68/><D68/><U26/><E59/><V56/><F64/><W119/><G89/><T3/><D3/><U22/><E114/><V102/><F88/><W115/><G82/><T55/><D55/><U1/><E1/><V12/><F52/><W39/><G39/><T126/><D126/><U106/><REACH who="1" step="1"/><E26/><REACH who="1" ten="230,230,270,240" step="2"/><V38/><F27/><N who="3" m="16743" /><G58/><T101/><D101/><U97/><AGARI ba="1,3" hai="0,6,11,21,22,80,84,91,95,97,103,104,105,106" machi="97" ten="40,7800,0" yaku="1,1,0,1,53,1" doraHai="108" doraHaiUra="79" who="1" fromWho="1" sc="230,-27,230,111,270,-27,240,-27" /><INIT seed="1,2,0,4,1,126" ten="203,341,243,213" oya="1" hai0="35,59,71,120,28,77,112,123,92,25,113,133,44" hai1="131,29,45,89,101,118,32,79,122,12,117,1,95" hai2="98,16,82,49,97,103,50,84,129,55,110,21,93" hai3="90,102,52,135,37,18,99,48,108,36,57,23,134"/><U116/><E1/><V83/><F129/><W43/><G108/><T20/><D71/><U31/><E122/><N who="0" m="46633" /><D77/><U109/><E101/><V65/><F110/><W9/><G9/><T115/><D92/><U114/><E114/><V30/><F30/><W106/><G90/><T104/><D44/><U81/><E109/><V125/><F125/><W91/><G91/><T40/><D40/><U58/><E131/><V96/><F65/><W64/><G64/><T14/><D59/><U105/><E105/><V42/><F42/><W34/><G34/><T94/><D94/><U53/><E32/><V10/><F10/><W69/><G69/><T88/><D88/><U26/><E45/><V0/><F0/><W119/><G119/><T62/><D62/><U67/><E67/><V27/><F50/><W7/><G43/><T85/><D85/><U3/><E3/><V127/><F127/><W19/><G7/><T4/><D104/><U13/><E95/><V17/><F17/><W86/><G86/><T51/><D51/><U39/><E39/><V124/><F124/><W80/><G80/><N who="2" m="30761" /><F84/><W111/><G111/><T70/><D70/><U100/><E117/><V107/><F107/><W61/><G48/><T38/><D38/><N who="3" m="14953" /><G19/><N who="0" m="10359" /><D4/><U121/><E121/><V46/><AGARI ba="2,0" hai="16,21,27,46,49,55,93,96,97,98,103" m="30761" machi="46" ten="30,2000,0" yaku="8,1,54,1" doraHai="126" who="2" fromWho="2" sc="203,-7,341,-12,243,26,213,-7" /><INIT seed="2,0,0,4,4,122" ten="196,329,269,206" oya="2" hai0="15,103,79,5,134,132,44,75,52,0,34,92,115" hai1="114,121,21,22,64,54,84,128,11,68,58,10,35" hai2="76,29,91,124,2,33,46,82,8,71,80,131,77" hai3="127,78,81,96,66,130,98,41,116,16,26,48,37"/><V126/><F71/><W25/><G37/><T31/><D115/><U17/><E35/><V51/><F131/><W129/><G116/><T111/><D0/><U4/><E114/><V109/><F91/><W95/><G66/><T108/><D31/><U9/><E128/><N who="3" m="49258" /><G127/><N who="2" m="48681" /><F29/><W12/><G48/><N who="0" m="28679" /><D34/><U42/><E68/><V50/><F33/><W67/><G41/><T133/><D79/><N who="2" m="30282" /><F109/><N who="0" m="42058" /><D75/><U88/><E121/><V73/><F73/><W36/><G36/><T62/><D62/><U3/><E42/><N who="2" m="24919" /><F51/><W43/><G43/><T85/><D103/><U102/><E102/><V104/><F104/><W18/><G78/><T1/><D1/><U56/><E3/><V117/><F117/><W65/><G67/><T30/><D30/><U63/><E64/><V90/><F90/><W100/><G65/><T101/><D101/><U59/><E88/><V32/><F32/><W60/><G60/><T110/><D110/><U7/><E63/><V123/><F123/><W20/><G100/><T57/><D57/><U86/><E58/><V97/><F2/><W89/><G98/><T72/><D72/><U6/><E59/><V27/><F97/><W61/><G61/><T83/><D92/><U55/><E56/><V118/><F118/><W39/><G39/><T38/><D38/><U53/><E55/><V93/><F93/><W125/><G125/><T112/><D112/><U135/><E54/><V120/><F120/><W94/><G94/><T70/><D70/><U23/><E53/><V74/><F74/><W14/><G81/><T69/><D69/><U113/><E113/><V13/><F82/><RYUUKYOKU ba="0,0" sc="196,-10,329,-10,269,-10,206,30" hai3="12,14,16,18,20,25,26,89,95,96" /><INIT seed="3,1,0,5,3,32" ten="186,319,259,236" oya="3" hai0="102,36,35,130,20,67,113,33,13,125,15,63,57" hai1="39,107,88,73,75,83,126,76,16,59,18,70,24" hai2="14,46,120,37,87,40,92,34,85,26,122,131,124" hai3="29,82,94,97,62,108,21,100,101,103,44,65,127"/><W68/><G127/><T12/><D36/><U79/><E70/><V72/><F72/><W49/><G108/><T2/><D125/><U60/><E107/><V117/><F117/><W45/><G82/><T114/><D130/><U89/><E39/><V80/><F131/><W25/><REACH who="3" step="1"/><G45/><REACH who="3" ten="186,319,259,226" step="2"/><T98/><D113/><U123/><E126/><V69/><F124/><W23/><G23/><T90/><D114/><U54/><E123/><V118/><F80/><W5/><G5/><T19/><D33/><U51/><E83/><V132/><F34/><W10/><G10/><T48/><D35/><U58/><E75/><V77/><F46/><W43/><AGARI ba="1,1" hai="21,25,29,43,44,49,62,65,68,94,97,100,101,103" machi="43" ten="20,3900,0" yaku="1,1,0,1,7,1,53,0" doraHai="32" doraHaiUra="119" who="3" fromWho="3" sc="186,-14,319,-14,259,-14,226,52" /><INIT seed="3,2,0,3,5,33" ten="172,305,245,278" oya="3" hai0="30,69,14,108,59,115,94,37,72,111,65,3,57" hai1="132,51,64,124,40,68,133,12,79,118,15,101,105" hai2="53,92,126,88,82,85,46,134,122,77,19,78,112" hai3="131,84,98,114,38,17,31,23,11,83,45,28,113"/><W130/><G38/><T99/><D72/><U2/><E79/><V104/><F134/><W25/><G45/><T18/><D37/><U58/><E68/><V102/><F126/><W16/><G98/><T103/><D30/><N who="3" m="11305" /><G84/><T55/><D115/><N who="3" m="44041" /><G83/><T41/><D41/><U127/><E58/><V73/><F122/><W76/><G76/><T86/><D3/><U93/><E51/><V9/><F112/><W50/><G50/><T71/><D59/><U87/><E87/><V52/><F46/><W116/><G116/><T0/><D0/><U63/><E2/><V74/><F78/><W10/><G17/><T62/><D86/><U125/><E118/><V95/><F95/><W20/><G20/><T129/><D129/><AGARI ba="2,0" hai="10,11,16,23,25,129,130,131" m="44041,11305" machi="129" ten="30,11600,0" yaku="19,1,34,2,54,1" doraHai="33" who="3" fromWho="0" sc="172,-122,305,0,245,0,278,122" /><INIT seed="3,3,0,4,1,66" ten="50,305,245,400" oya="3" hai0="129,77,69,34,122,73,133,110,89,9,65,126,124" hai1="53,81,56,4,50,108,99,74,115,71,123,85,49" hai2="95,31,75,109,12,24,98,125,103,25,100,120,42" hai3="27,83,17,128,35,113,135,132,32,13,48,45,90"/><W105/><G105/><T52/><D122/><U22/><E115/><V33/><F109/><W23/><G113/><T57/><D34/><U3/><E123/><V11/><F125/><N who="0" m="48234" /><D110/><U102/><E108/><V20/><F75/><W40/><G128/><T68/><D65/><U131/><E131/><V51/><F120/><W88/><G83/><N who="0" m="45487" /><D129/><U46/><E74/><V63/><F103/><W82/><G82/><T38/><D38/><U118/><E118/><V54/><F42/><W76/><G76/><T15/><D89/><N who="3" m="34409" /><G27/><T121/><D133/><AGARI ba="3,0" hai="13,17,23,32,35,40,45,48,132,133,135" m="34409" machi="133" ten="30,2900,0" yaku="20,1,54,1" doraHai="66" who="3" fromWho="0" sc="50,-38,305,0,245,0,400,38" /><INIT seed="3,4,0,0,3,83" ten="12,305,245,438" oya="3" hai0="102,8,48,3,124,69,105,114,57,13,55,121,34" hai1="93,70,0,101,91,23,11,74,67,19,92,109,127" hai2="30,120,72,89,80,63,58,16,81,119,56,113,129" hai3="112,100,79,27,35,26,6,2,22,116,38,125,111"/><W4/><G38/><T1/><D121/><U49/><E74/><V64/><F119/><W99/><G116/><T130/><D69/><U68/><E109/><V43/><F129/><W44/><G112/><T24/><D124/><U50/><E127/><V12/><F113/><W135/><G125/><T31/><D114/><U126/><E126/><V71/><F30/><W128/><G79/><T87/><D130/><U20/><E101/><V85/><F120/><W45/><G128/><T133/><D133/><U15/><E93/><V52/><F43/><W7/><G2/><T76/><D102/><U18/><E0/><V94/><F72/><W21/><G35/><T73/><D73/><U28/><E28/><V108/><F71/><W37/><G37/><T86/><D105/><U96/><E11/><N who="2" m="6175" /><F108/><W33/><G33/><T75/><D1/><U117/><E117/><V106/><F106/><W110/><G135/><T95/><D95/><U53/><E67/><V131/><F131/><W25/><G110/><T77/><D3/><U14/><E50/><AGARI ba="4,0" hai="50,52,56,58,63,64,80,81,85,89,94" m="6175" machi="50" ten="30,7700,0" yaku="8,1,52,1,54,2" doraHai="83" who="2" fromWho="1" sc="12,0,305,-89,245,89,438,0" /><INIT seed="4,0,0,1,4,45" ten="12,216,334,438" oya="0" hai0="112,3,14,22,65,34,66,24,127,132,90,115,58" hai1="80,88,46,83,28,117,68,123,9,122,39,131,36" hai2="7,120,69,114,84,79,97,92,49,54,2,105,128" hai3="129,100,98,60,55,1,73,99,56,116,37,30,96"/><T50/><D3/><U64/><E9/><V19/><F120/><W77/><G116/><T25/><D127/><U32/><E46/><V15/><F69/><W6/><G37/><T101/><D101/><U44/><E44/><V118/><F118/><W35/><G129/><T26/><D132/><U109/><E88/><V126/><F128/><W42/><G42/><T63/><D66/><U33/><E28/><V125/><F105/><W82/><G6/><T93/><D34/><U86/><E86/><V81/><F114/><W51/><G1/><T87/><REACH who="0" step="1"/><D50/><REACH who="0" ten="2,216,334,438" step="2"/><U103/><E103/><V23/><F126/><W21/><G35/><T130/><D130/><U91/><E131/><V113/><F125/><W89/><G100/><T52/><D52/><U11/><E64/><V135/><F135/><W17/><G51/><T107/><D107/><U104/><E104/><V12/><F2/><W57/><G55/><T110/><D110/><U40/><E109/><V8/><F113/><W108/><G108/><T85/><D85/><U38/><E117/><V119/><F119/><W76/><G60/><T43/><D43/><U67/><E40/><V47/><F97/><W27/><G99/><T75/><D75/><U29/><E33/><V61/><F61/><W48/><G48/><T41/><D41/><U111/><E111/><V18/><F54/><W72/><G98/><T62/><D62/><U13/><E67/><V78/><F49/><W53/><G53/><T134/><D134/><U10/><E39/><V106/><F106/><W95/><G96/><T70/><D70/><U5/><E68/><RYUUKYOKU ba="0,1" sc="2,30,216,-10,334,-10,438,-10" hai0="14,22,24,25,26,58,63,65,87,90,93,112,115" /><INIT seed="4,1,1,1,0,111" ten="32,206,324,428" oya="0" hai0="29,22,90,121,89,25,103,13,135,107,86,125,75" hai1="132,83,0,102,7,104,67,3,120,97,10,59,6" hai2="51,39,43,49,115,46,134,20,118,52,34,48,32" hai3="128,106,56,62,2,26,117,66,42,133,124,68,85"/><T47/><D121/><U40/><E120/><V130/><F118/><W16/><G117/><T45/><D75/><U105/><E132/><V80/><F134/><W110/><G110/><T4/><D135/><U63/><E40/><V94/><F130/><W18/><G106/><T60/><D125/><U1/><E105/><V96/><F115/><W36/><G2/><T109/><D90/><U44/><E44/><V119/><F119/><W114/><G114/><T58/><D109/><U5/><REACH who="1" step="1"/><E83/><REACH who="1" ten="32,196,324,428" step="2"/><V98/><F80/><W19/><G42/><T74/><D107/><U61/><E61/><V70/><F46/><W126/><G133/><T84/><D74/><U21/><E21/><V50/><F20/><W101/><G62/><T54/><D103/><U15/><AGARI ba="1,2" hai="0,1,3,5,6,7,10,15,59,63,67,97,102,104" machi="15" ten="30,2000,0" yaku="1,1,0,1,53,0" doraHai="111" doraHaiUra="72" who="1" fromWho="1" sc="32,-11,196,43,324,-6,428,-6" /><INIT seed="5,0,0,3,3,43" ten="21,239,318,422" oya="1" hai0="85,101,50,89,92,17,94,131,97,56,26,104,37" hai1="64,1,61,66,36,35,7,77,47,100,9,58,63" hai2="12,27,8,21,70,106,23,46,126,96,22,55,14" hai3="6,130,128,29,18,41,24,124,122,121,20,114,3"/><U90/><E35/><V13/><F70/><W107/><G107/><T115/><D37/><U76/><E100/><V108/><F108/><W129/><G41/><T53/><D131/><U132/><E132/><V86/><F126/><W81/><G81/><T116/><D115/><U30/><E30/><V28/><F106/><W19/><G114/><T71/><D71/><U111/><E111/><V103/><F103/><W135/><G124/><T82/><D116/><U48/><E90/><V10/><F96/><W39/><G39/><T11/><D26/><U34/><E34/><V16/><F86/><W133/><G6/><T99/><D99/><U102/><E102/><V33/><F55/><W2/><G29/><T119/><D119/><U68/><REACH who="1" step="1"/><E36/><REACH who="1" ten="21,229,318,422" step="2"/><V52/><REACH who="2" step="1"/><F8/><REACH who="2" ten="21,229,308,422" step="2"/><W84/><G130/><T83/><REACH who="0" step="1"/><D104/><REACH who="0" ten="11,229,308,422" step="2"/><U79/><E79/><V0/><F0/><W69/><G3/><T62/><D62/><U109/><E109/><V134/><F134/><W120/><G2/><T105/><D105/><U98/><E98/><V5/><F5/><W32/><G135/><T31/><D31/><U93/><E93/><V44/><F44/><W78/><G133/><T65/><D65/><U67/><E67/><V57/><F57/><W113/><G129/><T74/><D74/><U80/><E80/><V118/><F118/><W123/><G128/><T38/><D38/><U87/><E87/><V112/><F112/><W75/><G113/><T54/><D54/><AGARI ba="0,3" hai="1,7,9,47,48,54,58,61,63,64,66,68,76,77" machi="54" ten="30,12000,1" yaku="1,1,7,1,52,1,53,2" doraHai="43" doraHaiUra="60" who="1" fromWho="0" sc="11,-120,229,150,308,0,422,0" owari="-109,-61.0,379,18.0,308,-9.0,422,52.0" /></mjloggm>