<mjloggm ver="2.3"><GO type="225" lobby="0"/><UN n0="%4D%4F%44" n1="%E3%81%8A%E3%81%98%E3%81%95%E3%82%93" n2="%72%69%6F%75%63%68%61%6E" n3="%E3%83%88%E3%83%88%E3%83%AA%E5%85%88%E7%94%9F%31%39%E6%AD%B3" dan="16,16,16,17" rate="2105.14,2159.21,2062.72,2199.41" sx="F,M,M,F"/><TAIKYOKU oya="0"/><INIT seed="0,0,0,4,0,132" ten="250,250,250,250" oya="0" hai0="0,51,100,104,125,22,45,44,115,42,31,128,66" hai1="62,124,112,50,71,94,80,16,20,7,116,11,52" hai2="29,63,92,53,120,123,74,68,36,77,89,109,25" hai3="113,99,18,110,78,60,82,28,49,70,21,17,96"/><T107/><D115/><U126/><E116/><V47/><F109/><W131/><G113/><T69/><D0/><U101/><E112/><V83/><F36/><W130/><G110/><T30/><D128/><N who="3" m="49193" /><G28/><T91/><D69/><U9/><E80/><V61/><F61/><W55/><G60/><T10/><D66/><N who="1" m="41431" /><E94/><V34/><F47/><N who="3" m="28095" /><G70/><T87/><D10/><U64/><E101/><V23/><F34/><W35/><G35/><T38/><D100/><U32/><E7/><V98/><REACH who="2" step="1"/><F53/><REACH who="2" ten="250,250,240,250" step="2"/><W129/><G129/><T133/><D45/><N who="1" m="27727" /><E64/><AGARI ba="0,1" hai="23,25,29,63,64,68,74,77,83,89,92,98,120,123" machi="64" ten="40,2600,0" yaku="1,1,53,1" doraHai="132" doraHaiUra="24" who="2" fromWho="1" sc="250,0,250,-26,240,36,250,0" /><INIT seed="1,0,0,0,5,22" ten="250,224,276,250" oya="1" hai0="75,36,10,14,1,80,5,82,77,44,121,84,98" hai1="7,61,90,110,34,71,33,18,99,96,68,37,129" hai2="94,109,113,9,3,41,91,126,62,93,30,47,49" hai3="0,105,6,13,16,103,11,102,21,125,112,78,117"/><U46/><E129/><V79/><F3/><W48/><G112/><T40/><D14/><U25/><E7/><V134/><F113/><W114/><G114/><T38/><D38/><U74/><E74/><V24/><F109/><W51/><G125/><T73/><D121/><U86/><E110/><V28/><F134/><W111/><G111/><T65/><D65/><U81/><E34/><V67/><F126/><W39/><G39/><T17/><D17/><U63/><E71/><V52/><F79/><W128/><G128/><T8/><D8/><U69/><E69/><V57/><F9/><W127/><G127/><T83/><D98/><U45/><E37/><V119/><F119/><W106/><G78/><T88/><REACH who="0" step="1"/><D75/><REACH who="0" ten="240,224,276,250" step="2"/><U64/><E99/><V101/><F67/><W59/><G13/><T55/><D55/><U92/><E63/><V19/><F62/><W15/><G51/><T76/><D76/><U4/><E4/><V27/><F49/><W54/><REACH who="3" step="1"/><G117/><REACH who="3" ten="240,224,276,240" step="2"/><T70/><D70/><U122/><E122/><V131/><F131/><W89/><G89/><T50/><D50/><U32/><E90/><V72/><F91/><W135/><G135/><T23/><D23/><U118/><E118/><V108/><F108/><W85/><G85/><T95/><AGARI ba="0,2" hai="1,5,10,36,40,44,73,77,80,82,83,84,88,95" machi="95" ten="20,12000,2" yaku="1,1,0,1,7,1,25,2,54,1,53,0" doraHai="22" doraHaiUra="66" who="0" fromWho="0" sc="240,140,224,-60,276,-30,240,-30" /><INIT seed="2,0,0,1,3,123" ten="380,164,246,210" oya="2" hai0="128,19,103,109,27,98,12,127,40,18,7,13,97" hai1="135,108,48,60,84,5,121,125,116,120,83,34,38" hai2="24,124,110,92,6,71,56,55,45,61,104,54,59" hai3="41,89,132,37,70,25,105,63,106,35,67,117,134"/><V100/><F110/><W8/><G117/><T79/><D109/><U46/><E34/><V126/><F104/><N who="3" m="40043" /><G8/><T47/><D127/><N who="2" m="48682" /><F71/><W81/><G89/><T49/><D128/><U69/><E108/><V107/><F107/><W23/><G81/><T131/><D131/><U94/><E48/><N who="2" m="28943" /><F6/><W86/><G86/><T133/><D133/><N who="3" m="51305" /><G35/><T102/><D7/><U130/><E84/><V57/><F24/><W30/><G41/><T3/><D3/><U44/><E135/><V14/><F14/><W129/><G37/><T36/><D36/><U78/><E38/><V26/><F26/><W21/><G21/><T72/><D27/><U87/><E116/><V2/><F2/><W101/><G101/><T93/><D13/><U58/><E125/><V66/><F55/><W17/><G129/><T90/><D12/><U0/><E130/><V115/><F115/><W42/><G42/><T82/><D102/><U52/><E94/><AGARI ba="0,0" hai="18,19,40,47,49,72,79,82,90,93,94,97,98,103" machi="94" ten="30,1000,0" yaku="7,1" doraHai="123" who="0" fromWho="1" sc="380,10,164,-10,246,0,210,0" /><INIT seed="3,0,0,0,3,33" ten="390,154,246,210" oya="3" hai0="63,66,55,47,48,107,29,122,109,12,79,81,50" hai1="125,78,19,118,18,135,5,128,44,99,11,132,2" hai2="28,35,134,13,14,9,67,73,15,39,131,1,36" hai3="111,21,96,126,7,129,130,103,71,112,87,46,58"/><W22/><G112/><T101/><D122/><U70/><E70/><V115/><F73/><W53/><G71/><T37/><D109/><U34/><E78/><V17/><F115/><W83/><G126/><T75/><D29/><U38/><E99/><V10/><F67/><W52/><G46/><T92/><D107/><U119/><E38/><V6/><F39/><W64/><G64/><T123/><D123/><U59/><E44/><V42/><F42/><W102/><G7/><T31/><D31/><U121/><E121/><V105/><F105/><W3/><G3/><T117/><D117/><N who="1" m="44555" /><E59/><V32/><F36/><W0/><G0/><T76/><D76/><U30/><E125/><V88/><F131/><N who="3" m="50187" /><G111/><T100/><D37/><U114/><E128/><V23/><F134/><N who="1" m="51241" /><E114/><V24/><F88/><N who="3" m="51327" /><G53/><T41/><D92/><U106/><E106/><V85/><F85/><W65/><G65/><T80/><D80/><U94/><E94/><V60/><F60/><N who="3" m="35911" /><G96/><T77/><D55/><U93/><E93/><V40/><F40/><W104/><G104/><T97/><D41/><U49/><E49/><V120/><F120/><W98/><G98/><T51/><D97/><U91/><E91/><V8/><F35/><W82/><G82/><T90/><D47/><U116/><N who="1" m="44563" /><U54/><DORA hai="68" /><E54/><V124/><F124/><W84/><G84/><T113/><D113/><U45/><E45/><V108/><F108/><W16/><G102/><T74/><D101/><U57/><E57/><V43/><F43/><W95/><G103/><T27/><D100/><U26/><AGARI ba="0,0" hai="2,5,11,18,19,26,30,34" m="51241,44563" machi="26" ten="50,8000,1" yaku="12,1,20,1,34,2,52,1" doraHai="33,68" who="1" fromWho="1" sc="390,-20,154,80,246,-20,210,-40" owari="370,47.0,234,3.0,226,-17.0,170,-33.0" /></mjloggm>