<mjloggm ver="2.3"><GO type="169" lobby="0"/><UN n0="%74%6E%66%73%68%32%30%34" n1="%E7%A0%B2%E3%81%AE%E4%B8%8A%E3%81%AE%E3%81%82%E3%81%AE%E5%A8%98" n2="%41%79%6F%75%46" n3="%E5%B0%B1%E6%B4%BB%E7%94%9F%40%E5%B7%9D%E6%9D%91%E8%BB%8D%E5%9B%A3" dan="18,16,17,16" rate="2252.65,2110.19,2150.88,2171.77" sx="M,F,M,M"/><TAIKYOKU oya="0"/><INIT seed="0,0,0,4,3,30" ten="250,250,250,250" oya="0" hai0="114,124,19,96,36,33,41,88,99,55,42,110,2" hai1="4,91,77,128,131,31,104,16,126,72,45,108,11" hai2="68,59,50,46,105,125,118,20,119,15,51,27,76" hai3="34,64,14,70,63,83,53,89,123,32,57,109,93"/><T24/><D114/><U134/><E108/><V117/><F68/><W84/><G109/><T3/><D110/><U28/><E126/><V44/><F105/><W133/><G133/><T94/><D124/><U39/><E134/><V100/><F125/><W69/><G69/><T129/><D129/><U10/><E91/><V122/><F100/><W8/><G123/><T87/><D19/><U54/><E104/><V5/><F122/><W107/><G107/><T47/><D42/><N who="1" m="22751" /><E54/><V29/><F76/><W116/><G116/><T17/><D55/><U79/><E16/><N who="2" m="10271" /><F5/><W80/><G80/><T22/><REACH who="0" step="1"/><D33/><REACH who="0" ten="240,250,250,250" step="2"/><U9/><E4/><V0/><F119/><W101/><G8/><T25/><D25/><U61/><E131/><V1/><F118/><W6/><G6/><T86/><D86/><U38/><E9/><V73/><F117/><W60/><G14/><T127/><D127/><U120/><E10/><V81/><F1/><AGARI ba="0,1" hai="1,2,3,17,22,24,36,41,47,87,88,94,96,99" machi="1" ten="40,3900,0" yaku="1,1,54,1,53,0" doraHai="30" doraHaiUra="132" who="0" fromWho="2" sc="240,49,250,0,250,-39,250,0" /><INIT seed="0,1,0,0,4,44" ten="289,250,211,250" oya="0" hai0="133,75,67,124,130,119,101,37,122,109,103,43,79" hai1="63,61,97,21,86,94,65,64,7,22,31,18,81" hai2="50,83,58,89,56,92,135,30,0,129,35,80,28" hai3="85,73,62,66,113,10,74,127,32,6,118,3,12"/><T9/><D122/><U17/><E7/><V100/><F0/><W53/><G32/><T126/><D119/><U134/><E134/><V46/><F100/><W117/><G113/><T110/><D133/><U91/><E31/><N who="2" m="11819" /><F35/><W69/><G127/><N who="0" m="48683" /><D67/><U60/><E65/><V108/><F108/><N who="0" m="41578" /><D9/><U40/><E40/><N who="2" m="24903" /><F129/><W26/><G26/><T33/><D33/><U13/><E64/><V5/><F5/><W19/><G117/><T15/><D15/><N who="1" m="9407" /><E63/><V116/><F116/><W36/><G118/><T84/><D130/><U114/><E114/><V96/><F135/><W87/><G6/><T82/><D37/><U34/><E34/><V120/><F120/><W24/><G36/><T68/><D68/><U128/><E128/><V55/><F58/><W2/><G24/><T72/><D43/><U121/><E121/><V76/><F76/><AGARI ba="1,0" hai="13,18,22,60,61,76,81,86,91,94,97" m="9407" machi="76" ten="30,1000,0" yaku="8,1" doraHai="44" who="1" fromWho="2" sc="289,0,250,13,211,-13,250,0" /><INIT seed="1,0,0,0,0,59" ten="289,263,198,250" oya="1" hai0="49,52,1,21,24,62,71,47,35,39,121,79,23" hai1="128,108,131,96,65,43,100,45,30,28,22,117,34" hai2="32,111,10,125,5,74,0,115,99,58,105,104,94" hai3="87,19,6,54,3,84,50,77,127,2,27,38,135"/><U18/><E117/><V14/><F74/><W126/><G38/><T101/><D1/><U116/><E116/><V57/><F32/><W91/><G77/><T83/><D121/><U9/><E9/><V51/><F111/><W120/><G120/><T48/><D39/><U122/><E122/><V92/><F125/><W123/><G123/><T53/><D101/><U67/><E108/><V16/><F94/><W44/><G135/><T119/><D119/><U82/><E82/><V113/><F105/><W134/><G134/><T56/><D35/><U41/><E34/><V72/><F104/><W76/><G76/><T60/><D71/><U89/><E89/><V130/><F72/><W88/><G6/><T124/><D124/><N who="3" m="47657" /><G87/><N who="0" m="48639" /><D21/><U81/><E22/><N who="2" m="11543" /><F51/><W7/><G7/><T133/><D133/><U46/><E100/><N who="2" m="60519" /><F130/><W107/><G107/><T13/><D13/><U90/><E131/><V11/><F11/><W55/><G91/><T110/><D110/><U129/><E90/><V75/><F75/><W85/><G85/><T69/><D69/><U93/><E129/><V68/><F68/><W15/><G3/><T66/><D66/><U106/><E65/><V31/><F31/><AGARI ba="0,0" hai="23,24,31,47,48,49,52,53,56,60,62" m="48639" machi="31" ten="30,7700,0" yaku="8,1,52,2,54,1" doraHai="59" who="0" fromWho="2" sc="289,77,263,0,198,-77,250,0" /><INIT seed="2,0,0,2,2,57" ten="366,263,121,250" oya="2" hai0="19,4,96,113,17,81,30,43,11,15,26,61,52" hai1="54,118,82,95,2,117,110,108,50,71,56,65,10" hai2="79,66,123,14,122,104,51,6,12,102,40,62,70" hai3="89,114,84,93,33,49,103,44,13,53,9,60,46"/><V87/><F102/><W1/><G114/><T23/><D113/><U29/><E29/><V83/><F104/><W59/><G33/><T67/><D43/><U119/><E82/><V5/><F14/><W77/><G1/><T73/><D52/><U120/><E120/><V37/><F37/><W45/><G103/><T105/><D105/><U94/><E65/><V121/><REACH who="2" step="1"/><F12/><REACH who="2" ten="366,263,111,250" step="2"/><W58/><G77/><T76/><REACH who="0" step="1"/><D96/><REACH who="0" ten="356,263,111,250" step="2"/><U16/><E119/><V124/><F124/><W85/><G85/><T88/><D88/><U106/><E118/><V48/><F48/><W34/><G49/><T100/><D100/><U125/><E50/><V28/><F28/><W128/><G84/><T74/><D74/><U64/><E117/><V20/><F20/><W111/><G89/><T8/><D8/><U112/><E10/><V109/><F109/><W127/><G9/><T69/><AGARI ba="0,2" hai="4,11,15,17,19,23,26,30,61,67,69,73,76,81" machi="69" ten="20,5200,0" yaku="1,1,0,1,7,1,52,1,53,0" doraHai="57" doraHaiUra="92" who="0" fromWho="0" sc="356,72,263,-13,111,-26,250,-13" /><INIT seed="3,0,0,1,2,71" ten="428,250,85,237" oya="3" hai0="119,76,28,33,61,109,129,70,38,25,96,2,57" hai1="53,81,52,105,95,37,6,55,63,86,42,73,5" hai2="31,21,66,65,80,3,114,13,1,102,118,12,111" hai3="99,117,135,115,24,133,132,67,130,83,51,10,103"/><W123/><G123/><T62/><D119/><U69/><E105/><V44/><F118/><W19/><G117/><T104/><D61/><U88/><E73/><V93/><F114/><W45/><G115/><T113/><D113/><U101/><E101/><V35/><F80/><W29/><G67/><N who="0" m="41335" /><D57/><U46/><REACH who="1" step="1"/><E81/><REACH who="1" ten="428,240,85,237" step="2"/><V0/><F102/><W20/><G83/><T98/><D104/><U32/><E32/><V74/><F74/><W4/><G130/><T75/><D33/><U14/><E14/><V50/><F35/><W60/><G103/><T8/><D129/><U106/><E106/><V64/><F93/><W89/><G89/><T15/><D15/><U127/><E127/><V134/><F111/><W18/><G99/><T59/><D75/><U126/><E126/><V17/><F134/><W68/><G132/><T9/><D96/><U100/><E100/><V41/><F12/><W26/><G133/><T30/><D109/><U94/><E94/><V87/><F87/><W47/><G135/><T77/><D98/><U40/><E40/><V131/><F131/><W91/><G91/><T120/><D77/><U72/><E72/><V85/><F85/><W112/><G112/><T58/><D76/><U23/><E23/><V49/><REACH who="2" step="1"/><F31/><REACH who="2" ten="428,240,75,237" step="2"/><W16/><G29/><T122/><D30/><U43/><E43/><V39/><AGARI ba="0,2" hai="0,1,3,13,17,21,39,41,44,49,50,64,65,66" machi="39" ten="40,8000,1" yaku="1,1,2,1,0,1,52,1,53,0" doraHai="71" doraHaiUra="90" who="2" fromWho="2" sc="428,-20,240,-20,75,100,237,-40" /><INIT seed="4,0,0,3,1,109" ten="408,220,175,197" oya="0" hai0="117,89,7,116,88,90,75,44,130,47,17,97,87" hai1="28,20,96,104,31,102,67,14,64,41,6,4,112" hai2="86,72,93,106,65,133,40,1,16,39,115,113,92" hai3="63,11,99,135,57,77,56,108,66,69,8,24,35"/><T9/><D75/><U23/><E41/><V62/><F72/><W25/><G108/><T53/><D130/><U42/><E42/><V13/><F1/><W68/><G77/><T18/><D87/><U22/><E112/><N who="2" m="43083" /><F106/><W95/><G135/><T52/><D97/><U10/><REACH who="1" step="1"/><E4/><REACH who="1" ten="408,210,175,197" step="2"/><V26/><F133/><W122/><G122/><T84/><D7/><U82/><E82/><V78/><F40/><W33/><G99/><T71/><D117/><U85/><E85/><V79/><F39/><W60/><G95/><N who="2" m="36425" /><F86/><W100/><G100/><T61/><D84/><U129/><E129/><V118/><F118/><W5/><G5/><T126/><D116/><U101/><E101/><V73/><F73/><W27/><G35/><T0/><D90/><U134/><E134/><V123/><F123/><W110/><G33/><T124/><D88/><U120/><E120/><V74/><F74/><W46/><G110/><T125/><D89/><U45/><E45/><V50/><F79/><W98/><G46/><T12/><D47/><U58/><E58/><N who="2" m="37079" /><F78/><W59/><G98/><T127/><D127/><U15/><E15/><V43/><F26/><W111/><G111/><T119/><D119/><U121/><E121/><V48/><F43/><W21/><G27/><T103/><D103/><U91/><E91/><V32/><F32/><W51/><G25/><T30/><D126/><U3/><E3/><V70/><F70/><W54/><G68/><T37/><D71/><U81/><E81/><V49/><F13/><W76/><G76/><T107/><D125/><U34/><E34/><V19/><AGARI ba="0,1" hai="16,19,48,49,50" m="37079,36425,43083" machi="19" ten="40,12000,2" yaku="5,1,15,1,52,3,54,1" doraHai="109" who="2" fromWho="2" sc="408,-60,210,-30,175,130,197,-30" /><INIT seed="5,0,0,4,1,134" ten="348,180,305,167" oya="1" hai0="125,3,124,128,88,103,70,13,133,91,2,4,31" hai1="63,26,87,0,106,110,54,40,71,37,107,57,84" hai2="116,5,131,6,27,79,95,53,77,96,99,43,93" hai3="102,45,118,22,61,123,135,51,19,80,113,41,105"/><U42/><E0/><V21/><F43/><W83/><G135/><T112/><D133/><U66/><E110/><V8/><F131/><W17/><G123/><T108/><D70/><U97/><E26/><V115/><F115/><W33/><G33/><T16/><D108/><U15/><E15/><V74/><F116/><W38/><G113/><T119/><D119/><U117/><E117/><V109/><F109/><W20/><G118/><T60/><D112/><U35/><E35/><V114/><F114/><W94/><G105/><T1/><D103/><U132/><E132/><V130/><F130/><W29/><G29/><T101/><D101/><N who="1" m="62767" /><E63/><V89/><F53/><W46/><G61/><T62/><D31/><U7/><E7/><N who="2" m="2571" /><F74/><W64/><G64/><T81/><D4/><U73/><E73/><V25/><F8/><W58/><G58/><T92/><D128/><U44/><E40/><V23/><F25/><N who="3" m="14479" /><G45/><T65/><D65/><U14/><E14/><V100/><F23/><W69/><G69/><T28/><D28/><AGARI ba="0,0" hai="21,27,28,77,79,89,93,95,96,99,100" m="2571" machi="28" ten="30,1000,0" yaku="8,1" doraHai="134" who="2" fromWho="0" sc="348,-10,180,0,305,10,167,0" /><INIT seed="6,0,0,3,3,10" ten="338,180,315,167" oya="2" hai0="82,99,94,61,114,43,85,131,125,112,91,42,122" hai1="40,36,111,95,64,132,75,48,84,65,17,90,39" hai2="18,77,81,83,126,22,120,70,68,2,46,3,62" hai3="30,105,71,16,100,63,76,11,59,118,26,116,34"/><V12/><F120/><W55/><G76/><T96/><D122/><U24/><E111/><V57/><F83/><W7/><G71/><T103/><D125/><U45/><E75/><V104/><F104/><W53/><G53/><T130/><D61/><U33/><E132/><V101/><F101/><W115/><G115/><N who="0" m="44075" /><D43/><U15/><E36/><V58/><F126/><W133/><G133/><T1/><D1/><U74/><E74/><V6/><F46/><W38/><G38/><T41/><D41/><U52/><E24/><V5/><F3/><W134/><G134/><T97/><D42/><U89/><E89/><V129/><F58/><W67/><G67/><T124/><D124/><U31/><E31/><V66/><F129/><AGARI ba="0,0" hai="82,85,91,94,96,97,99,103,129,130,131" m="44075" machi="129" ten="30,7700,0" yaku="19,1,15,1,34,2" doraHai="10" who="0" fromWho="2" sc="338,77,180,0,315,-77,167,0" /><INIT seed="7,0,0,0,1,5" ten="415,180,238,167" oya="3" hai0="98,68,105,112,126,132,55,7,2,89,36,83,95" hai1="12,92,4,96,116,26,125,87,103,31,70,69,94" hai2="51,134,9,129,32,27,115,101,28,37,52,6,46" hai3="106,130,30,127,14,20,110,3,39,0,119,86,124"/><W13/><G39/><T10/><D68/><U97/><E87/><V42/><F115/><W90/><G106/><T21/><D126/><N who="3" m="48169" /><G119/><T33/><D33/><U1/><E1/><N who="3" m="586" /><G130/><T58/><D132/><U24/><E116/><V15/><F134/><W76/><G76/><T79/><D36/><U118/><E118/><V82/><F129/><W72/><G72/><T66/><D112/><U61/><E125/><V35/><F101/><W8/><G110/><T59/><D105/><U131/><E131/><V80/><F35/><W85/><G90/><T111/><D111/><U113/><E113/><V67/><F67/><W41/><G41/><T11/><D66/><U45/><E103/><V77/><F77/><W73/><G73/><T121/><D121/><U123/><E123/><V78/><F78/><W135/><G135/><T84/><D55/><U38/><E38/><V44/><AGARI ba="0,0" hai="6,9,15,27,28,32,37,42,44,46,51,52,80,82" machi="44" ten="20,5200,0" yaku="0,1,7,1,52,1,54,1" doraHai="5" who="2" fromWho="2" sc="415,-13,180,-13,238,52,167,-26" owari="402,50.0,167,-23.0,290,9.0,141,-36.0" /></mjloggm>