<mjloggm ver="2.3"><GO type="225" lobby="0"/><UN n0="%E3%82%A6%E3%83%AB%E3%83%88%E3%83%A9%E7%AB%8B%E7%9B%B4" n1="%6E%75%6D%62%65%72%69%6A" n2="%E3%82%AB%E3%83%A9%E3%82%B9%E3%81%AE%E5%AD%90" n3="%E7%9C%9F%E5%86%AC%E3%81%AE%E5%90%91%E6%97%A5%E8%91%B5" dan="17,16,17,16" rate="2178.50,2104.96,2154.86,2111.30" sx="M,M,M,M"/><TAIKYOKU oya="0"/><INIT seed="0,0,0,5,2,25" ten="250,250,250,250" oya="0" hai0="40,41,135,38,9,74,82,12,106,96,60,56,94" hai1="103,34,88,14,51,32,127,55,112,85,86,97,6" hai2="13,118,92,62,44,3,93,2,83,113,42,71,107" hai3="89,23,91,48,31,126,5,114,39,95,7,30,19"/><T29/><D106/><U117/><E117/><V100/><F113/><W4/><G39/><T80/><D135/><U78/><E112/><V79/><F118/><W54/><G126/><T133/><D133/><U69/><E69/><V24/><F24/><N who="3" m="14463" /><G114/><T90/><D29/><N who="3" m="10761" /><G95/><T11/><D11/><U120/><E120/><V70/><F93/><W63/><G63/><T16/><D38/><U75/><E127/><V58/><F92/><W64/><G64/><N who="0" m="38919" /><D74/><U50/><E75/><V122/><F71/><W66/><G66/><T46/><D46/><AGARI ba="0,0" hai="4,5,7,46,48,54,89,91" m="10761,14463" machi="46" ten="30,7700,0" yaku="8,1,52,3" doraHai="25" who="3" fromWho="0" sc="250,-77,250,0,250,0,250,77" /><INIT seed="1,0,0,1,0,42" ten="173,250,250,327" oya="1" hai0="2,31,54,38,55,13,115,106,20,126,103,129,96" hai1="46,101,0,82,1,104,85,52,30,71,80,67,78" hai2="45,70,116,59,109,60,23,89,49,127,65,4,28" hai3="131,69,83,24,40,39,130,133,37,47,63,98,75"/><U125/><E125/><V119/><F4/><W27/><G39/><T41/><D115/><U58/><E71/><V92/><F109/><W107/><G133/><T108/><D126/><U128/><E128/><V29/><F127/><W95/><G107/><T17/><D108/><U56/><E30/><V61/><F29/><W68/><G75/><T62/><D129/><N who="3" m="49161" /><G83/><T102/><D2/><U35/><E35/><V7/><F7/><W3/><G3/><T25/><D103/><U18/><E104/><V91/><F28/><W53/><G53/><T34/><REACH who="0" step="1"/><D62/><REACH who="0" ten="163,250,250,327" step="2"/><U121/><E1/><V117/><F61/><W100/><G63/><T113/><D113/><U94/><E0/><V134/><F134/><W120/><G120/><T19/><D19/><U86/><E18/><V72/><F70/><AGARI ba="0,1" hai="24,27,37,40,47,68,69,70,95,98,100" m="49161" machi="70" ten="30,2000,0" yaku="19,1,52,1" doraHai="42" who="3" fromWho="2" sc="163,0,250,0,250,-20,327,30" /><INIT seed="2,0,0,1,5,105" ten="163,250,230,357" oya="2" hai0="12,10,52,74,68,123,132,86,2,118,119,116,77" hai1="96,80,66,62,5,56,35,65,3,81,37,42,95" hai2="89,106,54,79,104,14,49,85,11,128,120,103,111" hai3="63,19,133,67,26,27,55,48,87,122,0,135,44"/><V92/><F120/><W57/><G122/><T97/><D68/><U4/><E35/><V61/><F128/><W47/><G0/><T134/><D123/><U114/><E114/><V16/><F111/><W58/><G87/><T76/><D2/><U110/><E110/><V29/><F29/><W125/><G125/><T109/><D109/><U107/><E107/><V73/><F103/><W115/><G115/><T30/><D30/><U53/><E37/><V71/><F71/><W41/><G47/><T21/><D21/><U60/><E42/><V121/><F61/><N who="3" m="36031" /><G19/><N who="0" m="8599" /><D97/><U131/><E131/><V36/><F36/><W40/><G40/><T108/><D108/><U6/><E3/><V18/><F121/><W28/><G28/><T78/><D86/><U102/><REACH who="1" step="1"/><E53/><REACH who="1" ten="163,240,230,357" step="2"/><V99/><F106/><W32/><G32/><T23/><D23/><U124/><E124/><V64/><F104/><W50/><G41/><T130/><D130/><U1/><E1/><V20/><F54/><W70/><G67/><T94/><D94/><U82/><E82/><V113/><F64/><W24/><G133/><N who="0" m="51307" /><D52/><U7/><N who="1" m="1024" /><DORA hai="22" /><U15/><E15/><V13/><F113/><W38/><G135/><T43/><D43/><U69/><AGARI ba="0,1" hai="56,60,62,65,66,69,80,81,95,96,102" m="1024" machi="69" ten="40,2700,0" yaku="1,1,0,1,53,0" doraHai="105,22" doraHaiUra="129,46" who="1" fromWho="1" sc="163,-7,240,37,230,-13,357,-7" /><INIT seed="3,0,0,1,2,93" ten="156,277,217,350" oya="3" hai0="79,31,20,16,29,5,18,111,38,10,100,104,91" hai1="83,127,46,42,56,2,106,40,72,85,107,97,30" hai2="69,39,70,80,101,114,132,116,43,88,4,35,113" hai3="84,109,6,26,98,135,36,130,34,95,51,117,55"/><W119/><G36/><T94/><D111/><U121/><E72/><V105/><F116/><W3/><G84/><T90/><D38/><U82/><E2/><V57/><F35/><W28/><G109/><T78/><D104/><U49/><E121/><V59/><F132/><W68/><G68/><T122/><D122/><U48/><E127/><V19/><F4/><W81/><G81/><T65/><D65/><U11/><E30/><N who="0" m="11273" /><D10/><U73/><E73/><V75/><F75/><W125/><G130/><T24/><D5/><U112/><E11/><V99/><F39/><W131/><G131/><T33/><D33/><U134/><E134/><V124/><F43/><W74/><G74/><T15/><D18/><U25/><E106/><V58/><F124/><W129/><G129/><T53/><D53/><U67/><E67/><V37/><F37/><W126/><G6/><T128/><D15/><U21/><E40/><V27/><F19/><W9/><G3/><T12/><D12/><U102/><E42/><V76/><F27/><W89/><G26/><T7/><D7/><U32/><E25/><V23/><F69/><W44/><G125/><T96/><D128/><U14/><E32/><V45/><F70/><W108/><G34/><T71/><D71/><U133/><E133/><V47/><F105/><W54/><G135/><T62/><D62/><U86/><E107/><V41/><F23/><W13/><G126/><T61/><D61/><U60/><E21/><V17/><F17/><W52/><G13/><T87/><D87/><U120/><E86/><V8/><F8/><W110/><G9/><RYUUKYOKU ba="0,0" sc="156,30,277,-10,217,-10,350,-10" hai0="16,20,24,78,79,90,91,94,96,100" owari="186,-31.0,267,7.0,207,-19.0,340,43.0" /></mjloggm>