<mjloggm ver="2.3"><GO type="169" lobby="0"/><UN n0="%E8%A5%BF%E5%9C%92%E5%AF%BA%E9%9D%96%E5%AD%90" n1="%E3%83%88%E3%83%88%E3%83%AA%E5%85%88%E7%94%9F%31%39%E6%AD%B3" n2="%77%61%74%61%75" n3="%E3%83%90%E3%83%90%E3%82%A2%E3%81%AE%E6%97%A5%E5%82%98" dan="16,19,16,17" rate="2137.64,2274.97,2074.27,2102.98" sx="F,F,M,F"/><TAIKYOKU oya="0"/><INIT seed="0,0,0,2,5,86" ten="250,250,250,250" oya="0" hai0="30,130,63,33,7,60,103,92,67,123,73,0,99" hai1="48,65,49,101,82,134,2,87,97,89,54,91,129" hai2="111,106,122,70,25,14,62,69,16,85,40,8,66" hai3="72,18,55,4,124,120,53,64,6,125,81,80,61"/><T11/><D123/><U59/><E2/><V126/><F122/><W41/><G18/><T34/><D73/><U13/><E129/><V51/><F106/><W31/><G31/><T121/><D121/><U109/><E109/><V76/><F126/><W114/><G41/><T15/><D130/><U27/><E134/><V20/><F111/><W38/><G38/><T132/><D132/><U24/><E65/><V29/><F70/><W35/><G120/><T107/><D30/><U118/><E118/><V42/><REACH who="2" step="1"/><F51/><REACH who="2" ten="250,250,240,250" step="2"/><W47/><G124/><T5/><D107/><U112/><E49/><V17/><F17/><W3/><G125/><T88/><D5/><U36/><E36/><V128/><F128/><W56/><G4/><T84/><D0/><U58/><E112/><V104/><F104/><W96/><G6/><T90/><D103/><U22/><E101/><V93/><F93/><W57/><G3/><T50/><D50/><U119/><E119/><V10/><F10/><W71/><G114/><T108/><D108/><U116/><E116/><V113/><F113/><W135/><G135/><T12/><D11/><U75/><E59/><V52/><F52/><W26/><G71/><T44/><D7/><U1/><E1/><V115/><F115/><W117/><G117/><T9/><D9/><U102/><E102/><V98/><F98/><W100/><G96/><T83/><D99/><U78/><E97/><V77/><F77/><W95/><G100/><T23/><D92/><U127/><E127/><V94/><F94/><W43/><G95/><T79/><D79/><U74/><E78/><RYUUKYOKU ba="0,1" sc="250,-10,250,-10,240,30,250,-10" hai2="8,14,16,20,25,29,40,42,62,66,69,76,85" /><INIT seed="1,1,1,3,2,15" ten="240,240,270,240" oya="1" hai0="6,35,116,56,110,88,20,122,46,104,125,85,98" hai1="76,54,134,63,9,22,126,120,74,64,93,42,129" hai2="131,106,70,39,4,3,32,11,57,72,30,50,26" hai3="132,96,17,18,89,79,78,130,53,8,80,25,43"/><U109/><E120/><V59/><F131/><W86/><G43/><T47/><D35/><U67/><E129/><V49/><F39/><W37/><G37/><T118/><D110/><U38/><E134/><V55/><F70/><W12/><G130/><T82/><D125/><U2/><E126/><V34/><F72/><W94/><G132/><T51/><D122/><U14/><E2/><V0/><F106/><W33/><G53/><T62/><D6/><U69/><E109/><V117/><F117/><W100/><REACH who="3" step="1"/><G33/><REACH who="3" ten="240,240,270,230" step="2"/><T97/><D116/><U44/><E54/><V19/><F55/><W115/><G115/><T60/><D118/><U105/><E42/><V102/><F34/><W77/><G77/><T75/><D51/><U13/><E38/><V107/><F49/><W10/><G10/><T103/><D60/><U31/><E9/><V127/><F50/><W83/><G83/><T5/><D82/><U58/><E76/><V91/><F32/><W123/><G123/><T61/><D62/><U121/><E121/><V133/><F133/><W84/><G84/><T45/><D85/><U27/><E74/><V99/><F127/><W16/><G16/><T68/><D61/><N who="1" m="37943" /><E69/><V29/><F11/><W23/><AGARI ba="1,2" hai="8,12,17,18,23,25,78,79,80,86,89,94,96,100" machi="23" ten="30,8000,1" yaku="1,1,0,1,8,1,52,2,53,0" doraHai="15" doraHaiUra="40" who="3" fromWho="3" sc="240,-21,240,-41,270,-21,230,103" /><INIT seed="2,0,0,4,0,43" ten="219,199,249,333" oya="2" hai0="82,111,5,37,102,132,117,112,25,18,50,93,114" hai1="109,2,73,91,99,9,17,105,79,22,16,101,92" hai2="126,10,120,49,65,87,96,8,128,113,78,60,38" hai3="33,62,123,131,83,54,26,74,57,70,64,14,77"/><V39/><F113/><W107/><G123/><T30/><D37/><U31/><E109/><V55/><F120/><W20/><G107/><T115/><D111/><U80/><E31/><V90/><F126/><W121/><G33/><T42/><D132/><U61/><E61/><V129/><F96/><W52/><G121/><T119/><D5/><U51/><E51/><V34/><F34/><W89/><G131/><N who="2" m="50249" /><F78/><W35/><G35/><T133/><D133/><U108/><E108/><V23/><F23/><W72/><G72/><T122/><D122/><U44/><E44/><N who="2" m="28071" /><F39/><W97/><G97/><T116/><D50/><U24/><E17/><V86/><F38/><W56/><G14/><T95/><D18/><U67/><E67/><V0/><F0/><W59/><REACH who="3" step="1"/><G89/><REACH who="3" ten="219,199,249,323" step="2"/><T19/><D112/><U127/><E127/><V75/><F75/><W85/><G85/><N who="2" m="32265" /><F90/><W125/><G125/><T21/><D114/><U104/><E91/><V7/><F7/><W76/><G76/><T28/><D115/><U110/><E110/><V98/><F98/><W118/><G118/><T58/><D116/><U47/><E104/><V66/><F66/><W46/><G46/><T45/><D45/><U84/><E47/><V40/><F40/><W68/><G68/><AGARI ba="0,1" hai="8,10,60,65,68" m="32265,28071,50249" machi="68" ten="30,2900,0" yaku="19,1,52,1" doraHai="43" who="2" fromWho="3" sc="219,0,199,0,249,39,323,-29" /><INIT seed="2,1,0,2,1,103" ten="219,199,288,294" oya="2" hai0="100,12,54,76,57,35,47,120,32,5,31,41,3" hai1="83,97,59,11,28,79,116,135,95,128,39,107,45" hai2="117,42,68,18,111,20,25,125,17,1,129,134,81" hai3="48,133,119,65,63,74,29,85,75,46,15,21,0"/><V9/><F68/><W44/><G0/><T33/><D120/><U110/><E116/><V8/><F42/><W38/><G38/><T67/><D3/><U36/><E110/><V113/><F81/><W37/><G37/><T52/><D31/><U118/><E118/><V92/><F92/><W94/><G44/><T78/><D67/><U58/><E107/><V55/><F55/><W23/><G23/><T109/><D109/><U121/><E128/><V82/><F82/><W123/><G123/><T108/><D108/><U19/><E135/><V96/><F96/><W70/><G133/><T43/><D100/><U2/><E39/><V22/><F111/><W84/><G84/><T10/><D54/><U114/><E28/><V93/><F93/><W126/><G126/><T104/><D104/><U99/><E114/><V61/><F117/><W62/><G62/><T89/><D89/><U26/><E99/><V7/><F61/><W130/><G130/><T98/><D98/><U6/><E121/><V80/><F113/><W101/><G101/><T64/><D64/><U13/><E95/><V73/><F80/><W86/><G119/><T34/><N who="0" m="8192" /><DORA hai="77" /><T69/><D69/><U122/><E97/><V112/><F112/><W30/><G94/><T40/><REACH who="0" step="1"/><D47/><REACH who="0" ten="209,199,288,294" step="2"/><U106/><E106/><V66/><F134/><W91/><G91/><T115/><D115/><U49/><E122/><V51/><F66/><W124/><G30/><T90/><D90/><U16/><E45/><V131/><F131/><W71/><G29/><T132/><D132/><U4/><E2/><N who="2" m="119" /><F129/><W50/><G65/><RYUUKYOKU ba="1,1" sc="209,30,199,-10,288,-10,294,-10" hai0="5,10,12,40,41,43,52,57,76,78" /><INIT seed="3,2,1,2,3,132" ten="239,189,278,284" oya="3" hai0="91,27,102,64,22,118,127,83,104,135,98,112,119" hai1="120,33,48,95,16,105,21,32,85,129,25,70,61" hai2="0,6,126,116,38,77,81,53,30,58,56,3,24" hai3="134,50,125,39,96,74,124,55,59,72,79,35,4"/><W117/><G117/><T40/><D135/><U10/><E120/><V62/><F116/><W101/><G39/><T128/><D128/><U47/><E105/><V65/><F38/><W63/><G134/><T75/><D112/><U100/><E129/><V52/><F126/><N who="3" m="48747" /><G35/><T17/><D127/><U108/><E108/><V113/><F113/><W43/><G4/><T103/><D64/><U5/><E61/><V78/><F6/><W107/><G79/><T13/><D75/><N who="3" m="28713" /><G43/><T114/><D114/><U133/><E133/><V12/><F78/><W60/><AGARI ba="2,1" hai="50,55,59,60,63,96,101,107" m="28713,48747" machi="60" ten="40,12000,1" yaku="18,1,52,3" doraHai="132" who="3" fromWho="3" sc="239,-42,189,-42,278,-42,284,136" /><INIT seed="3,3,0,3,2,4" ten="197,147,236,420" oya="3" hai0="36,13,15,93,127,121,119,7,69,60,30,83,41" hai1="52,64,58,122,89,72,8,102,109,2,32,129,76" hai2="67,118,103,43,88,105,107,0,117,18,120,98,26" hai3="82,19,125,47,57,63,10,70,29,79,34,42,27"/><W108/><G70/><T31/><D119/><U22/><E32/><V23/><F107/><W3/><G125/><T68/><D121/><U33/><E33/><V49/><F120/><W131/><G131/><T101/><D127/><U53/><E122/><V48/><F0/><W37/><G108/><T135/><D135/><U111/><E129/><V14/><F67/><W130/><G130/><T95/><D41/><U20/><E102/><V92/><F26/><W81/><G79/><T12/><D36/><U6/><E64/><V113/><F113/><W87/><G87/><T126/><D126/><U86/><E76/><V77/><F77/><W96/><G96/><T74/><D7/><U71/><E53/><V9/><F23/><W16/><G3/><T94/><D101/><U21/><E71/><V133/><F133/><W61/><G61/><T100/><D100/><U91/><E72/><V65/><F65/><W59/><G59/><T11/><D74/><U54/><E54/><V66/><F66/><W132/><G132/><T55/><D68/><U17/><E17/><V24/><F24/><W5/><G19/><T84/><D69/><U75/><E75/><V90/><F90/><W1/><G16/><N who="0" m="8223" /><D60/><U39/><E39/><V78/><F117/><W45/><G42/><T99/><D99/><U104/><E104/><V114/><F118/><W44/><G37/><T46/><D55/><U40/><E40/><V106/><F43/><W35/><G35/><T50/><D50/><N who="2" m="19562" /><F105/><W28/><G28/><N who="0" m="10795" /><D46/><U38/><E38/><V25/><F106/><W80/><G47/><T123/><D123/><RYUUKYOKU ba="3,0" sc="197,15,147,-15,236,-15,420,15" hai0="13,15,83,84,93,94,95" hai3="1,5,10,27,29,34,44,45,57,63,80,81,82" /><INIT seed="3,4,0,1,4,127" ten="212,132,221,435" oya="3" hai0="8,77,104,49,94,68,105,54,28,1,83,42,2" hai1="19,26,130,39,43,67,46,7,108,71,57,34,81" hai2="51,129,95,65,99,70,124,116,61,101,97,100,115" hai3="114,89,59,33,86,91,40,92,133,121,12,119,24"/><W106/><G106/><T76/><D68/><U103/><E108/><V132/><F124/><W73/><G73/><T85/><D42/><U44/><E71/><V29/><F116/><W20/><G33/><T56/><D28/><U96/><E7/><V60/><F115/><W4/><G121/><T111/><D111/><U58/><E46/><V22/><F132/><W30/><G133/><T63/><D76/><U79/><E67/><V10/><F60/><W25/><G25/><T69/><D94/><U37/><E37/><V0/><F51/><W64/><G40/><T36/><D36/><U118/><E118/><V72/><F72/><W21/><G119/><T6/><REACH who="0" step="1"/><D1/><REACH who="0" ten="202,132,221,435" step="2"/><U74/><E39/><V27/><F0/><W31/><G31/><T32/><D32/><U82/><E34/><V41/><F41/><W110/><G110/><T62/><D62/><U35/><E35/><V53/><F53/><W88/><G114/><T84/><D84/><U52/><E43/><V48/><F48/><W50/><G50/><T123/><D123/><U102/><E74/><V122/><F122/><W47/><G92/><T15/><D15/><U38/><E38/><V16/><F29/><W131/><G30/><T128/><D128/><U113/><E130/><V14/><F129/><W5/><G131/><T75/><D75/><U90/><E113/><V87/><F87/><W66/><G86/><T45/><D45/><U107/><E44/><V134/><F134/><W98/><G47/><T78/><D78/><U23/><E79/><V55/><F55/><W135/><G12/><T80/><D80/><RYUUKYOKU ba="4,1" sc="202,30,132,-10,221,-10,435,-10" hai0="2,6,8,49,54,56,63,69,77,83,85,104,105" /><INIT seed="4,5,1,0,5,62" ten="232,122,211,425" oya="0" hai0="71,107,34,106,21,134,133,23,5,33,53,108,85" hai1="44,95,75,1,74,50,7,90,20,43,42,18,122" hai2="103,111,92,135,112,45,77,102,27,101,24,12,130" hai3="60,15,125,52,83,91,132,3,118,64,84,105,110"/><T128/><D71/><U22/><E122/><V54/><F111/><W6/><G110/><T126/><D108/><U28/><E28/><V88/><F77/><W89/><G3/><T113/><D5/><U98/><E22/><N who="0" m="8201" /><D85/><U16/><E18/><V73/><F73/><W9/><G105/><N who="0" m="39947" /><D53/><U87/><E42/><V46/><F112/><W80/><G118/><T99/><D99/><U79/><E7/><V70/><F70/><W38/><G38/><T96/><D96/><U32/><E32/><N who="0" m="12393" /><D126/><U100/><E1/><V11/><F54/><W104/><G125/><T26/><D26/><U117/><E79/><V58/><F24/><W10/><G104/><T47/><D47/><U116/><E75/><V40/><F27/><W59/><G10/><T129/><D113/><U13/><REACH who="1" step="1"/><E74/><REACH who="1" ten="232,112,211,425" step="2"/><V63/><F40/><W14/><G6/><T81/><D81/><AGARI ba="5,2" hai="13,16,20,43,44,50,81,87,90,95,98,100,116,117" machi="81" ten="30,7700,0" yaku="1,1,2,1,7,1,54,1,53,0" doraHai="62" doraHaiUra="123" who="1" fromWho="0" sc="232,-92,112,112,211,0,425,0" /><INIT seed="5,0,0,1,3,78" ten="140,224,211,425" oya="1" hai0="123,80,96,53,111,65,69,64,101,6,55,59,11" hai1="92,43,66,25,17,130,105,117,33,104,73,75,99" hai2="116,109,126,97,120,67,103,119,5,62,108,10,95" hai3="39,57,51,90,124,23,40,3,82,94,12,102,52"/><U36/><E117/><V47/><F120/><W2/><G124/><T72/><D111/><U81/><E130/><V44/><F126/><W125/><G125/><T76/><D123/><U34/><E66/><V37/><F109/><W91/><G2/><T45/><D69/><U100/><E73/><V21/><F108/><W16/><G3/><T58/><D45/><U4/><E4/><V110/><F110/><W83/><G39/><T118/><D118/><U107/><E43/><V7/><F21/><W60/><G102/><T38/><D38/><U112/><E36/><V18/><F18/><W86/><G91/><T46/><D46/><AGARI ba="0,0" hai="12,16,23,40,46,51,52,57,60,82,83,86,90,94" machi="46" ten="40,8000,1" yaku="8,1,52,2,54,2" doraHai="78" who="3" fromWho="0" sc="140,-80,224,0,211,0,425,80" /><INIT seed="6,0,0,0,1,32" ten="60,224,211,505" oya="2" hai0="55,35,39,117,131,5,13,14,26,10,43,45,21" hai1="11,88,33,93,16,17,127,62,110,48,111,7,120" hai2="2,6,56,54,123,44,42,38,30,24,75,20,91" hai3="124,72,36,78,49,132,18,86,41,103,99,94,81"/><V57/><F123/><W9/><G36/><T128/><D55/><U116/><E116/><V114/><F114/><W19/><G124/><T133/><D45/><U59/><E33/><V34/><F91/><W135/><G9/><T82/><D82/><U121/><E127/><V40/><F40/><W4/><G4/><T92/><D92/><U71/><E71/><V73/><F34/><W87/><G49/><T119/><D43/><U85/><E110/><V68/><F68/><W109/><G41/><T50/><D50/><U126/><E111/><V130/><F130/><N who="0" m="49706" /><D39/><U134/><E134/><N who="3" m="51242" /><G109/><T63/><D63/><U98/><E48/><V118/><F118/><N who="0" m="45066" /><D133/><U67/><E126/><V95/><F95/><W101/><G101/><T105/><D105/><U76/><E120/><V8/><REACH who="2" step="1"/><F54/><REACH who="2" ten="60,224,201,505" step="2"/><W125/><G125/><T79/><D79/><U52/><E121/><V113/><F113/><W96/><G96/><T28/><D35/><U29/><E52/><V74/><AGARI ba="0,1" hai="2,6,8,20,24,30,38,42,44,56,57,73,74,75" machi="74" ten="30,6000,0" yaku="1,1,0,1,52,1,53,0" doraHai="32" doraHaiUra="12" who="2" fromWho="2" sc="60,-20,224,-20,201,70,505,-20" /><INIT seed="6,1,0,2,4,47" ten="40,204,271,485" oya="2" hai0="98,106,96,59,37,91,129,78,23,9,13,28,115" hai1="79,42,14,12,117,86,124,5,125,56,89,127,7" hai2="46,8,126,19,4,11,101,75,107,54,63,0,122" hai3="26,95,102,76,30,18,131,45,87,51,93,36,74"/><V22/><F75/><W49/><G74/><T82/><D37/><U114/><E117/><V69/><F11/><W34/><G131/><T31/><D129/><U17/><E114/><V128/><F122/><W81/><G18/><T73/><D115/><U97/><E79/><V29/><F29/><W80/><G80/><T94/><D23/><U20/><E97/><V61/><F128/><W67/><G67/><T109/><D109/><U15/><E42/><V21/><F126/><W123/><G123/><T104/><D104/><U52/><E7/><V41/><F54/><W108/><G108/><T35/><D35/><U38/><E5/><V130/><F130/><W60/><G60/><T77/><D77/><U133/><E38/><V65/><F63/><W90/><G102/><T55/><D96/><U118/><E133/><V3/><F19/><W119/><G119/><T99/><D98/><U40/><E40/><V32/><F0/><W25/><G25/><T132/><D132/><U135/><E118/><V58/><F32/><W111/><G111/><T70/><D70/><U72/><E72/><V62/><F101/><W83/><G36/><T85/><D13/><U53/><E53/><V44/><F107/><W71/><G71/><T50/><REACH who="0" step="1"/><D9/><REACH who="0" ten="30,204,271,485" step="2"/><U100/><E135/><V43/><F8/><W116/><G116/><T6/><D6/><U1/><E127/><V24/><F4/><W112/><G112/><T39/><D39/><U48/><E125/><V10/><F10/><W103/><G34/><T33/><D33/><U64/><E124/><V88/><F69/><W134/><G134/><RYUUKYOKU ba="1,1" sc="30,30,204,-10,271,-10,485,-10" hai0="28,31,50,55,59,73,78,82,85,91,94,99,106" /><INIT seed="7,2,1,1,4,95" ten="60,194,261,475" oya="3" hai0="45,109,105,132,117,6,112,26,108,34,42,93,103" hai1="72,121,20,51,89,126,29,33,8,24,84,21,56" hai2="4,115,13,3,66,39,44,50,1,76,22,11,104" hai3="114,0,49,100,131,52,111,86,55,85,116,97,88"/><W113/><G116/><T77/><D6/><U60/><E121/><V37/><F115/><N who="3" m="44043" /><G131/><T123/><D93/><U28/><E72/><V63/><F104/><N who="3" m="63503" /><G111/><T135/><D45/><U14/><E126/><V107/><F22/><W68/><G68/><T78/><D42/><U17/><E51/><V106/><F76/><N who="0" m="29290" /><D26/><U80/><E29/><V18/><F39/><W96/><G0/><T124/><D34/><U43/><E43/><V99/><F37/><W19/><G19/><T62/><D62/><U110/><E110/><N who="0" m="42601" /><D112/><U102/><E102/><V15/><F1/><W65/><G65/><AGARI ba="2,1" hai="8,14,17,20,21,24,28,33,56,60,65,80,84,89" machi="65" ten="30,1000,0" yaku="7,1" doraHai="95" who="1" fromWho="3" sc="60,0,194,26,261,0,475,-16" owari="60,-44.0,220,-18.0,261,6.0,459,56.0" /></mjloggm>