<mjloggm ver="2.3"><GO type="41" lobby="0"/><UN n0="%74%75%6B%61" n1="%E8%B1%9A%E3%81%AE%E4%B8%B8%E7%84%BC%E3%81%8D" n2="%4E%47%54%EF%BD%99" n3="%E5%B0%B1%E6%B4%BB%E7%94%9F%40%E5%B7%9D%E6%9D%91%E8%BB%8D%E5%9B%A3" dan="15,15,13,17" rate="1961.70,1965.27,1877.04,2155.44" sx="M,M,M,M"/><TAIKYOKU oya="0"/><INIT seed="0,0,0,3,1,50" ten="250,250,250,250" oya="0" hai0="35,31,25,42,119,62,75,8,27,14,123,118,67" hai1="89,2,22,68,98,4,107,84,115,79,85,80,21" hai2="28,17,63,20,65,40,100,23,44,55,109,58,48" hai3="69,82,96,36,134,24,29,95,70,94,90,120,81"/><T133/><D123/><U92/><E68/><V122/><F122/><W33/><G36/><T111/><D133/><U39/><E39/><V108/><F100/><W41/><G120/><T15/><D75/><U131/><E131/><V66/><F28/><W128/><G41/><T125/><D125/><U1/><E115/><V32/><F32/><W30/><G128/><T16/><D111/><U103/><E4/><V72/><F72/><W46/><G46/><T78/><D78/><U105/><E105/><V6/><F6/><W121/><G121/><T56/><D42/><U106/><REACH who="1" step="1"/><E107/><REACH who="1" ten="250,240,250,250" step="2"/><V135/><F135/><W73/><G70/><T10/><REACH who="0" step="1"/><D25/><REACH who="0" ten="240,240,250,250" step="2"/><U124/><E124/><V86/><F109/><W64/><G24/><T60/><D60/><U3/><AGARI ba="0,2" hai="1,2,3,21,22,79,80,84,85,89,92,98,103,106" machi="3" ten="30,2000,0" yaku="1,1,0,1,53,0" doraHai="50" doraHaiUra="13" who="1" fromWho="1" sc="240,-10,240,40,250,-5,250,-5" /><INIT seed="1,0,0,3,1,68" ten="230,280,245,245" oya="1" hai0="132,46,19,109,85,37,91,29,90,55,57,117,114" hai1="3,94,15,81,124,92,6,33,65,76,2,112,131" hai2="88,49,135,50,101,7,70,97,60,116,96,5,128" hai3="72,95,87,98,56,127,129,41,12,54,123,27,79"/><U4/><E112/><V75/><F75/><W9/><G123/><T67/><D109/><U18/><E33/><V102/><F116/><W63/><G72/><T32/><D114/><U20/><E131/><V51/><F135/><W64/><G129/><T48/><D117/><U45/><E124/><V69/><F128/><W36/><G127/><T110/><D132/><U89/><E65/><V47/><F47/><W0/><G0/><T35/><D110/><U125/><E125/><V8/><F60/><W104/><G27/><T42/><D29/><U126/><E126/><V22/><F22/><W113/><G104/><T134/><D134/><U82/><E94/><V11/><F51/><W10/><G10/><T133/><D133/><U130/><E130/><V26/><F26/><W52/><G113/><T71/><D19/><U13/><E13/><V122/><F122/><W66/><G36/><T103/><D103/><U115/><E45/><V86/><F86/><W30/><G41/><T121/><D121/><U83/><E76/><V44/><REACH who="2" step="1"/><F44/><REACH who="2" ten="230,280,235,245" step="2"/><W21/><G21/><T31/><D85/><U78/><E78/><V107/><F107/><W23/><G87/><T43/><D35/><U61/><E61/><V38/><F38/><W80/><G79/><T100/><D32/><U1/><REACH who="1" step="1"/><E115/><REACH who="1" ten="230,270,235,245" step="2"/><V108/><F108/><W40/><G63/><N who="0" m="40447" /><D46/><U25/><E25/><V119/><F119/><W62/><G62/><T39/><D37/><U34/><E34/><V16/><F16/><W105/><G64/><T111/><D39/><U24/><E24/><V59/><F59/><W84/><G56/><RYUUKYOKU ba="0,2" sc="230,-15,270,15,235,15,245,-15" hai1="1,2,3,4,6,15,18,20,81,82,83,89,92" hai2="5,7,8,11,49,50,69,70,88,96,97,101,102" /><INIT seed="1,1,2,0,0,70" ten="215,285,250,230" oya="1" hai0="65,54,133,121,50,98,12,44,24,123,107,8,1" hai1="3,19,48,7,130,91,114,85,9,127,116,100,63" hai2="49,56,74,17,94,28,128,26,45,109,86,126,13" hai3="106,69,118,62,11,125,96,122,92,135,99,34,52"/><U73/><E114/><V93/><F109/><W68/><G122/><N who="0" m="46603" /><D133/><U43/><E116/><V10/><F74/><W134/><G34/><T108/><D108/><U66/><E73/><V53/><F126/><W6/><G125/><T120/><D1/><U51/><E130/><V23/><F128/><W105/><G118/><T113/><D113/><U88/><E127/><V29/><F29/><W80/><G80/><T77/><D77/><U55/><E100/><V32/><F56/><N who="3" m="35079" /><G105/><T82/><D82/><U75/><E75/><V79/><F79/><W81/><G81/><T58/><D24/><U42/><E51/><V5/><F86/><W30/><G30/><T117/><D117/><U110/><E19/><V129/><REACH who="2" step="1"/><F129/><REACH who="2" ten="215,285,240,230" step="2"/><W22/><G69/><T38/><D120/><U97/><E110/><V36/><F36/><W18/><G68/><T90/><D38/><U112/><E112/><V31/><F31/><W67/><G134/><T111/><D111/><U37/><E37/><V64/><F64/><W57/><G135/><T76/><D65/><U61/><E66/><V4/><F4/><W59/><G67/><T33/><D76/><U41/><E85/><V2/><AGARI ba="1,3" hai="2,5,10,13,17,23,26,28,32,45,49,53,93,94" machi="2" ten="20,12000,2" yaku="1,1,0,1,7,1,24,2,53,1" doraHai="70" doraHaiUra="40" who="2" fromWho="2" sc="215,-31,285,-61,240,153,230,-31" /><INIT seed="2,0,0,1,1,96" ten="184,224,393,199" oya="2" hai0="110,27,122,32,125,25,100,6,104,127,8,102,85" hai1="26,69,126,55,111,103,62,48,79,51,92,54,40" hai2="39,1,10,29,41,60,5,112,42,63,21,72,28" hai3="89,34,65,23,71,80,38,134,95,115,52,36,74"/><V20/><F72/><W31/><G34/><T86/><D110/><U43/><E111/><V90/><F112/><W128/><G115/><T11/><D122/><U46/><E126/><N who="0" m="48137" /><D104/><U123/><E123/><V7/><F90/><W119/><G119/><T107/><D107/><U68/><E79/><V93/><F93/><W3/><G3/><N who="0" m="95" /><D11/><U4/><E103/><N who="0" m="39465" /><D32/><U75/><E92/><V22/><F7/><W47/><G134/><T135/><D135/><U98/><E98/><V121/><F121/><W66/><G128/><T97/><D97/><U73/><E73/><V133/><F133/><W91/><G23/><T81/><D86/><U87/><E87/><V131/><F131/><W78/><G74/><T88/><AGARI ba="0,0" hai="25,27,81,85,88" m="39465,95,48137" machi="88" ten="30,8000,1" yaku="18,1,52,3,54,1" doraHai="96" who="0" fromWho="0" sc="184,80,224,-20,393,-40,199,-20" /><INIT seed="3,0,0,5,3,130" ten="264,204,353,179" oya="3" hai0="61,84,43,64,109,55,56,98,23,21,80,35,6" hai1="69,83,8,51,129,77,89,88,102,135,26,97,78" hai2="32,42,52,85,13,70,40,22,94,0,127,74,133" hai3="112,114,122,111,38,67,90,27,105,54,30,57,29"/><W91/><G122/><T2/><D109/><U99/><E69/><V134/><F70/><W31/><G105/><T117/><D117/><U125/><E129/><V104/><F104/><W53/><G38/><T3/><D35/><U66/><E66/><V93/><F74/><W14/><G111/><T75/><D75/><U103/><E125/><V128/><F32/><W92/><G27/><T59/><D43/><U95/><E26/><V82/><F0/><W68/><G68/><T126/><D126/><U28/><E28/><V100/><F127/><W131/><G131/><T65/><D65/><U96/><E8/><V124/><F124/><W115/><G14/><T101/><D3/><U33/><E33/><V11/><F22/><W25/><G25/><T110/><D6/><U86/><E51/><V121/><F121/><W50/><G67/><T119/><D2/><U49/><E49/><V17/><F128/><W107/><G107/><T1/><D1/><U41/><E41/><N who="2" m="15979" /><F52/><W73/><G73/><T132/><D110/><U36/><E36/><V19/><F100/><N who="1" m="38441" /><E135/><N who="2" m="51723" /><F19/><W12/><G54/><T48/><D132/><U87/><AGARI ba="0,0" hai="77,78,83,86,87,88,89,95,96,97,99" m="38441" machi="87" ten="30,12000,2" yaku="8,1,35,5,54,1" doraHai="130" who="1" fromWho="1" sc="264,-30,204,120,353,-30,179,-60" /><INIT seed="4,0,0,0,2,107" ten="234,324,323,119" oya="0" hai0="30,64,128,27,39,68,50,70,40,121,37,98,53" hai1="127,36,51,67,94,43,85,133,16,65,110,118,129" hai2="75,130,19,10,106,72,1,48,134,114,13,63,31" hai3="69,20,78,34,59,74,92,44,111,41,115,81,56"/><T54/><D121/><U124/><E118/><V7/><F106/><W87/><G69/><N who="0" m="26731" /><D98/><U93/><E110/><V86/><F134/><W123/><G111/><T17/><D17/><U25/><E133/><V18/><F130/><W32/><G123/><T97/><D97/><U88/><E94/><V126/><F126/><N who="1" m="48169" /><E129/><V103/><F114/><W15/><G115/><T120/><D120/><U21/><E36/><N who="0" m="13897" /><D27/><U8/><E43/><V33/><F19/><W119/><G119/><T9/><D9/><U80/><E51/><V135/><F135/><W24/><G34/><T60/><D30/><U45/><E45/><V0/><F0/><W42/><G32/><T101/><D101/><U38/><E38/><V116/><F116/><W2/><G2/><T108/><D108/><U29/><E80/><V112/><F63/><W23/><G15/><AGARI ba="0,0" hai="8,15,16,21,25,29,65,67,85,88,93" m="48169" machi="15" ten="30,3900,0" yaku="18,1,54,2" doraHai="107" who="1" fromWho="3" sc="234,0,324,39,323,0,119,-39" /><INIT seed="5,0,0,3,1,108" ten="234,363,323,80" oya="1" hai0="60,34,56,127,38,123,20,55,54,23,111,57,14" hai1="21,95,118,6,2,48,70,120,12,75,88,41,28" hai2="11,51,84,74,130,77,85,10,66,107,102,29,72" hai3="93,90,45,63,99,115,124,101,68,22,59,30,33"/><U125/><E118/><V73/><F130/><W4/><G68/><T35/><D111/><U69/><E120/><V119/><F119/><W5/><G33/><T65/><D123/><U97/><E75/><V132/><F132/><W47/><G124/><T49/><D38/><U104/><E125/><V129/><F129/><W116/><G116/><T81/><D127/><U100/><E2/><V105/><F66/><W64/><G115/><T134/><D134/><U0/><E0/><V103/><F51/><W98/><G4/><T112/><D112/><U78/><E78/><V18/><F29/><W39/><G5/><T76/><D35/><U82/><E82/><V71/><F71/><W83/><G39/><T17/><D34/><U25/><E12/><V8/><F18/><W126/><G126/><T110/><D110/><U9/><E9/><V106/><F77/><W52/><G64/><T40/><D40/><U122/><E6/><V3/><REACH who="2" step="1"/><F3/><REACH who="2" ten="234,363,313,80" step="2"/><W27/><REACH who="3" step="1"/><G83/><REACH who="3" ten="234,363,313,70" step="2"/><T42/><D65/><U92/><E70/><V86/><AGARI ba="0,2" hai="8,10,11,72,73,74,84,85,86,102,103,105,106,107" machi="86" ten="50,32000,5" yakuman="40" doraHai="108" doraHaiUra="44" who="2" fromWho="2" sc="234,-80,363,-160,313,340,70,-80" owari="154,-25.0,203,0.0,653,76.0,-10,-51.0" /></mjloggm>