<mjloggm ver="2.3"><GO type="169" lobby="0"/><UN n0="%E6%B0%B4%E5%B8%8C%E2%99%AA" n1="%E7%89%9B%E9%A6%AC" n2="%E3%82%B7%E3%83%AD%E3%82%AF%E3%83%AD" n3="%E3%83%88%E3%83%88%E3%83%AA%E5%85%88%E7%94%9F%31%39%E6%AD%B3" dan="18,16,17,19" rate="2303.53,2108.93,2119.31,2283.68" sx="M,M,M,F"/><TAIKYOKU oya="0"/><INIT seed="0,0,0,3,3,113" ten="250,250,250,250" oya="0" hai0="135,43,51,85,13,46,81,79,130,122,44,10,56" hai1="69,48,14,133,21,105,102,42,121,129,108,1,29" hai2="54,131,38,19,99,53,107,126,90,15,16,116,55" hai3="22,82,6,100,74,84,109,57,20,4,93,2,65"/><T118/><D130/><U94/><E121/><V5/><F131/><W17/><G109/><T104/><D135/><U83/><E105/><V76/><F126/><W115/><G115/><T128/><D128/><U72/><E1/><V80/><F38/><W49/><G74/><T67/><D104/><U96/><E108/><V106/><F116/><W41/><G2/><T52/><D122/><U114/><E114/><V47/><F5/><W18/><G65/><T70/><D70/><U73/><E69/><V37/><F19/><W97/><G41/><T78/><D67/><U75/><E133/><V35/><F35/><W23/><G49/><T33/><D33/><U64/><E64/><V101/><F90/><W87/><G87/><T36/><D79/><U134/><E134/><V86/><F107/><W0/><G57/><T63/><D118/><U127/><E127/><V88/><F76/><W59/><G59/><T111/><D111/><U68/><E68/><V11/><REACH who="2" step="1"/><F37/><REACH who="2" ten="250,250,240,250" step="2"/><W98/><G6/><T8/><REACH who="0" step="1"/><D13/><REACH who="0" ten="240,250,240,250" step="2"/><U32/><E14/><V12/><F12/><W117/><G0/><T9/><D9/><U132/><E32/><V110/><F110/><W24/><G117/><T62/><D62/><U61/><E61/><V31/><F31/><W123/><G123/><T103/><D103/><U125/><E129/><V92/><F92/><W77/><G93/><T120/><D120/><U39/><E132/><V66/><F66/><W119/><G100/><T95/><D95/><U50/><E94/><V89/><F89/><W7/><G119/><T58/><D58/><U28/><E102/><RYUUKYOKU ba="0,2" sc="240,15,250,-15,240,15,250,-15" hai0="8,10,36,43,44,46,51,52,56,63,78,81,85" hai2="11,15,16,47,53,54,55,80,86,88,99,101,106" /><INIT seed="0,1,2,1,1,56" ten="255,235,255,235" oya="0" hai0="122,9,112,3,29,27,77,94,10,2,39,78,101" hai1="102,111,13,79,37,62,17,131,44,113,105,40,26" hai2="93,100,34,125,45,65,82,118,41,24,114,117,72" hai3="76,46,88,55,87,124,85,130,5,109,91,18,23"/><T11/><D39/><U68/><E131/><V69/><F114/><W47/><G130/><T86/><D112/><U96/><E111/><V32/><F125/><W50/><G109/><T121/><D101/><U33/><E113/><V92/><F100/><W60/><G124/><T48/><D48/><U38/><E79/><N who="2" m="44391" /><F93/><W132/><G132/><T128/><D128/><U36/><E13/><V6/><F92/><W16/><G5/><T14/><D94/><U4/><E4/><V7/><F7/><W99/><G47/><T107/><D107/><U115/><E115/><V110/><F6/><W53/><G18/><N who="0" m="8527" /><D86/><N who="3" m="32777" /><G76/><T57/><D57/><U133/><E133/><V20/><F20/><W70/><G70/><T129/><D77/><U67/><E17/><V90/><F90/><W51/><G99/><T120/><D78/><U104/><E104/><V80/><F80/><W134/><G134/><T30/><D129/><U83/><E83/><V31/><F34/><W1/><G1/><N who="0" m="11" /><D30/><AGARI ba="1,2" hai="26,30,33,36,37,38,40,44,62,67,68,96,102,105" machi="30" ten="40,12000,2" yaku="25,2,33,3,52,1" doraHai="56" who="1" fromWho="0" sc="255,-123,235,143,255,0,235,0" /><INIT seed="1,0,0,2,3,15" ten="132,378,255,235" oya="1" hai0="66,26,25,128,28,81,105,30,47,123,29,11,83" hai1="5,40,58,62,34,1,6,21,110,59,92,68,43" hai2="16,95,121,8,93,36,35,46,115,86,4,89,7" hai3="24,20,87,3,119,113,84,103,104,52,45,82,97"/><U32/><E68/><V132/><F121/><W2/><G113/><T0/><D105/><U85/><E21/><V72/><F72/><W13/><G119/><T61/><D123/><U38/><E38/><V130/><F35/><W102/><G102/><T19/><D128/><U106/><E106/><V54/><F130/><W129/><G129/><T124/><D124/><U74/><E74/><V108/><F108/><W71/><G71/><T69/><D47/><U135/><E110/><V109/><F109/><W98/><G98/><T114/><D114/><U126/><E126/><V44/><F115/><W50/><G13/><T91/><D91/><U37/><E135/><V116/><F116/><W49/><G49/><T96/><D96/><U134/><E134/><V67/><F67/><W78/><REACH who="3" step="1"/><G87/><REACH who="3" ten="132,378,255,225" step="2"/><T64/><D69/><U14/><E85/><V133/><F133/><W65/><G65/><T75/><D66/><U63/><E14/><N who="2" m="7239" /><F132/><W100/><G100/><T33/><D64/><U60/><E37/><V118/><F118/><W73/><G73/><T27/><D75/><U79/><E1/><V76/><F36/><W39/><G39/><T51/><D0/><U12/><E12/><V117/><F117/><W125/><G125/><T22/><D51/><U111/><E111/><V23/><F76/><W48/><G48/><T42/><D33/><U112/><E63/><V17/><F86/><W122/><G122/><T57/><D61/><U131/><E131/><V101/><F101/><W77/><G77/><T41/><D27/><U10/><E112/><V90/><F89/><W31/><AGARI ba="0,1" hai="2,3,20,24,31,45,50,52,78,82,84,97,103,104" machi="31" ten="20,8000,1" yaku="1,1,5,1,0,1,7,1,54,1,53,0" doraHai="15" doraHaiUra="88" who="3" fromWho="3" sc="132,-20,378,-40,255,-20,225,90" /><INIT seed="2,0,0,5,2,106" ten="112,338,235,315" oya="2" hai0="38,10,12,9,50,131,68,34,133,80,24,99,5" hai1="92,89,108,90,135,83,107,91,127,126,94,7,115" hai2="97,95,2,104,11,77,61,69,57,49,87,32,25" hai3="60,40,123,73,93,20,47,65,54,119,66,88,41"/><V4/><F104/><W121/><G119/><T122/><D38/><U52/><E115/><V31/><F69/><W85/><G73/><T29/><D68/><U110/><E7/><V109/><F109/><N who="1" m="42089" /><E107/><V16/><F49/><W75/><G75/><T55/><D131/><U86/><E135/><V112/><F112/><W17/><G54/><T100/><D133/><U114/><E114/><V56/><F77/><W84/><G84/><T82/><D10/><U22/><E22/><V13/><F87/><W105/><G105/><T36/><D36/><U101/><E101/><V51/><F51/><W120/><G47/><T27/><D27/><U128/><E128/><V98/><F61/><W23/><G23/><T26/><D26/><U45/><E45/><V19/><F19/><W116/><G116/><T71/><D71/><U134/><E52/><V59/><REACH who="2" step="1"/><F95/><REACH who="2" ten="112,338,225,315" step="2"/><N who="1" m="36393" /><E134/><V72/><F72/><W132/><G132/><T1/><D50/><U117/><E117/><V76/><F76/><AGARI ba="0,1" hai="76,83,86,89,90,91,126,127" m="36393,42089" machi="76" ten="40,5200,0" yaku="14,1,34,2" doraHai="106" who="1" fromWho="2" sc="112,0,338,62,225,-52,315,0" /><INIT seed="3,0,0,5,1,72" ten="112,400,173,315" oya="3" hai0="61,105,110,122,75,41,91,82,63,62,77,89,18" hai1="69,40,73,130,35,81,33,99,78,17,121,36,28" hai2="31,67,38,76,9,29,7,84,37,71,83,85,113" hai3="56,97,19,115,109,123,86,42,0,70,24,126,50"/><W60/><G115/><T8/><D122/><U20/><E121/><V104/><F104/><W5/><G123/><T92/><D110/><U30/><E69/><V4/><F113/><W116/><G116/><T128/><D128/><U106/><E130/><V14/><F71/><W124/><G109/><T48/><D105/><U34/><E36/><V46/><F67/><W94/><G70/><T101/><D101/><U26/><REACH who="1" step="1"/><E40/><REACH who="1" ten="112,390,173,315" step="2"/><V66/><F38/><W117/><G42/><T88/><D41/><U32/><N who="1" m="8192" /><DORA hai="57" /><U107/><E107/><V132/><F37/><W64/><G117/><T87/><REACH who="0" step="1"/><D48/><REACH who="0" ten="102,390,173,315" step="2"/><U25/><E25/><V90/><F132/><W27/><G50/><T16/><D16/><U3/><E3/><V68/><F4/><W133/><G133/><T100/><D100/><AGARI ba="0,2" hai="17,20,26,28,30,73,78,81,99,100,106" m="8192" machi="100" ten="70,4500,0" yaku="1,1,52,1,53,0" doraHai="72,57" doraHaiUra="45,134" who="1" fromWho="0" sc="102,-45,390,65,173,0,315,0" /><INIT seed="4,0,0,2,5,133" ten="57,455,173,315" oya="0" hai0="95,26,115,135,43,58,21,109,10,36,49,2,123" hai1="104,69,72,100,125,35,16,9,107,50,74,19,22" hai2="7,113,46,111,130,120,71,132,80,75,96,118,82" hai3="17,48,47,31,116,129,126,90,62,97,91,66,85"/><T51/><D123/><U88/><E69/><V57/><F57/><W77/><G116/><T68/><D68/><U40/><E35/><V39/><F46/><W34/><G129/><T99/><D135/><U56/><E100/><V122/><F96/><W102/><G17/><T53/><D115/><U3/><E22/><V45/><F45/><W54/><G77/><T121/><D121/><U101/><E101/><V114/><F7/><W112/><G112/><T38/><D109/><U128/><E128/><V70/><F39/><W44/><G44/><T64/><D64/><U8/><E56/><V18/><F18/><W13/><G13/><T105/><D105/><U117/><E50/><V84/><F84/><W14/><G14/><T30/><D49/><U134/><E134/><V67/><F132/><W79/><G79/><T131/><D43/><U28/><E28/><V60/><F111/><W27/><G85/><T15/><D2/><U106/><E106/><V119/><F130/><W78/><G78/><T92/><D131/><U25/><E3/><V52/><F67/><W4/><G4/><T32/><D32/><U5/><E5/><V6/><F6/><W20/><G34/><T59/><D59/><U11/><E40/><V76/><F76/><W81/><G66/><T0/><D0/><U124/><E117/><V61/><F75/><W1/><G1/><T29/><D29/><U55/><E8/><V93/><F93/><N who="0" m="35914" /><D99/><U23/><E107/><V108/><F108/><W24/><G47/><T86/><D86/><U41/><E104/><V63/><F63/><W83/><G62/><RYUUKYOKU ba="0,0" sc="57,15,455,-15,173,15,315,-15" hai0="10,15,21,26,30,36,38,51,53,58" hai2="52,60,61,70,71,80,82,113,114,118,119,120,122" /><INIT seed="4,1,0,3,4,128" ten="72,440,188,300" oya="0" hai0="3,127,131,11,47,62,79,99,117,20,107,108,41" hai1="85,93,100,61,27,68,95,69,73,90,15,94,118" hai2="89,114,24,55,31,54,56,134,64,74,36,4,14" hai3="10,98,97,72,92,111,32,87,112,30,26,76,133"/><T80/><D117/><U46/><E73/><V115/><F36/><W81/><G111/><T129/><D20/><U33/><E118/><V34/><F74/><W59/><G112/><N who="2" m="43049" /><F134/><W105/><G133/><T52/><D108/><U40/><E15/><V53/><F89/><W104/><G98/><T123/><D123/><U58/><E100/><V119/><F119/><W51/><G72/><N who="0" m="43111" /><D127/><U19/><E69/><V0/><F0/><W7/><G51/><T103/><D52/><U23/><E33/><V67/><F56/><W106/><G59/><T50/><D62/><U37/><E68/><V109/><F109/><W8/><REACH who="3" step="1"/><G7/><REACH who="3" ten="72,440,188,290" step="2"/><N who="0" m="1535" /><D50/><U124/><E124/><V12/><F4/><W91/><AGARI ba="1,1" hai="8,10,26,30,32,76,81,87,91,92,97,104,105,106" machi="91" ten="30,2000,0" yaku="1,1,0,1,53,0" doraHai="128" doraHaiUra="126" who="3" fromWho="3" sc="72,-11,440,-6,188,-6,290,33" /><INIT seed="5,0,0,5,3,109" ten="61,434,182,323" oya="1" hai0="118,13,48,9,125,115,85,14,88,80,128,108,41" hai1="123,66,30,112,27,132,92,56,47,103,124,86,17" hai2="19,87,53,127,63,36,3,77,60,122,105,78,114" hai3="94,117,106,59,134,32,6,113,120,31,15,21,4"/><U37/><E123/><V97/><F122/><W35/><G106/><T82/><D108/><U44/><E17/><V100/><F3/><W64/><G120/><T16/><D128/><U111/><E111/><V79/><F36/><W29/><G94/><T93/><D125/><U33/><E132/><V61/><F127/><W96/><G96/><T43/><D118/><U5/><E5/><V116/><F116/><W72/><G72/><T39/><D39/><U18/><E18/><V133/><F133/><W57/><G117/><T130/><D130/><U102/><E37/><V34/><F34/><W11/><G64/><T129/><D129/><U40/><E102/><V135/><F135/><W42/><G42/><N who="0" m="15883" /><D48/><U51/><E44/><V131/><F131/><W121/><G21/><N who="0" m="11407" /><D115/><U24/><E112/><V58/><F114/><W70/><G113/><T46/><D46/><U98/><E124/><V126/><F126/><W65/><G134/><T67/><D67/><U22/><E33/><N who="3" m="12874" /><G4/><AGARI ba="0,0" hai="4,9,14,80,82,85,88,93" m="11407,15883" machi="4" ten="30,3900,0" yaku="8,1,54,2" doraHai="109" who="0" fromWho="3" sc="61,39,434,0,182,0,323,-39" /><INIT seed="6,0,0,2,1,58" ten="100,434,182,284" oya="2" hai0="95,81,132,3,120,11,17,127,104,84,35,76,42" hai1="47,19,45,119,96,37,68,34,71,85,108,88,61" hai2="48,74,15,87,92,82,64,28,29,46,133,97,115" hai3="123,62,31,116,102,25,134,1,60,117,72,65,100"/><V53/><F115/><W14/><G1/><T12/><D132/><U89/><E119/><V101/><F133/><W44/><G123/><T106/><D127/><U59/><E108/><V49/><F74/><W33/><G72/><T130/><D130/><U113/><E113/><V39/><F39/><W73/><G73/><T38/><D120/><U63/><E34/><V122/><F122/><W0/><G0/><T2/><D35/><U24/><E96/><V23/><F64/><W4/><G134/><T129/><D129/><U22/><E89/><V55/><F15/><W83/><G83/><T51/><D38/><U52/><E61/><V18/><F18/><W105/><G60/><T114/><D114/><U67/><E45/><V56/><REACH who="2" step="1"/><F23/><REACH who="2" ten="100,434,172,284" step="2"/><N who="3" m="15807" /><G14/><T80/><D2/><U21/><E21/><V7/><F7/><W57/><G4/><T27/><D3/><U41/><E67/><V5/><F5/><W79/><G33/><T118/><D12/><U36/><E37/><V125/><F125/><W69/><G116/><T20/><D118/><U103/><E36/><V77/><AGARI ba="0,1" hai="28,29,46,48,49,53,55,56,77,82,87,92,97,101" machi="77" ten="20,7800,0" yaku="1,1,0,1,7,1,8,1,53,0" doraHai="58" doraHaiUra="8" who="2" fromWho="2" sc="100,-26,434,-26,172,88,284,-26" /><INIT seed="6,1,0,5,5,6" ten="74,408,260,258" oya="2" hai0="92,2,65,104,106,62,37,8,109,44,111,71,126" hai1="113,27,135,40,119,132,101,52,125,4,50,60,13" hai2="7,63,82,124,93,18,115,34,103,11,72,98,9" hai3="26,66,116,12,79,3,15,48,61,30,46,90,67"/><V121/><F121/><W14/><G116/><T96/><D92/><U5/><E119/><V129/><F34/><W128/><G3/><T91/><D91/><U83/><E113/><V102/><F115/><W99/><G128/><T53/><D126/><U23/><E101/><V133/><F124/><W47/><G79/><T64/><D64/><U35/><E35/><V29/><F29/><W130/><G130/><T73/><D53/><U39/><E125/><V80/><F129/><W88/><G67/><T123/><D123/><U70/><E83/><V0/><F133/><W25/><G99/><T75/><D111/><U87/><E87/><V41/><F102/><W49/><G49/><T97/><D97/><U38/><E38/><V81/><F41/><W58/><G47/><T85/><D85/><U24/><E40/><V112/><F112/><W107/><G107/><T105/><D96/><U28/><E39/><V31/><F31/><W122/><G122/><T114/><D114/><U55/><E70/><V69/><F69/><W84/><G30/><T43/><REACH who="0" step="1"/><D109/><REACH who="0" ten="64,408,260,258" step="2"/><U100/><E100/><V45/><F72/><W33/><G90/><T86/><D86/><U21/><E132/><V54/><F54/><N who="3" m="29975" /><G33/><T16/><D16/><U78/><E55/><V95/><F95/><AGARI ba="1,1" hai="12,14,15,25,26,58,61,66,84,88,95" m="29975" machi="95" ten="30,2000,0" yaku="8,1,54,1" doraHai="6" who="3" fromWho="2" sc="64,0,408,0,260,-23,258,33" /><INIT seed="7,0,0,5,4,130" ten="64,408,237,291" oya="3" hai0="25,75,108,4,29,27,22,92,80,8,120,64,7" hai1="9,101,103,111,99,69,44,112,100,82,73,48,24" hai2="89,21,70,119,40,66,30,105,13,97,131,17,98" hai3="135,87,121,134,93,34,128,37,116,35,81,102,110"/><W86/><G116/><T14/><D92/><U49/><E69/><V84/><F119/><W6/><G121/><T51/><D51/><U54/><E111/><V67/><F131/><W109/><G37/><T96/><D64/><U3/><E112/><V68/><F40/><W127/><G128/><T12/><D96/><U132/><E24/><V78/><F78/><N who="3" m="46391" /><G6/><N who="0" m="2091" /><D80/><U91/><E3/><V33/><F67/><W123/><G123/><T56/><D56/><U122/><E9/><V60/><F68/><W26/><G127/><T52/><D52/><U23/><E23/><V38/><F38/><W76/><G76/><T18/><D75/><U65/><E65/><V58/><F58/><W2/><G2/><T46/><D46/><U126/><E126/><V118/><F118/><W63/><G63/><T10/><D108/><N who="3" m="41577" /><G26/><N who="0" m="9739" /><D120/><U117/><E122/><V77/><F77/><W79/><G79/><T1/><D1/><U55/><E117/><V45/><F60/><W62/><G62/><T20/><D29/><U71/><E71/><V88/><F70/><W129/><G129/><T39/><D39/><U90/><E73/><V106/><F66/><W50/><G50/><T115/><D115/><U43/><E43/><V133/><F45/><W59/><G59/><T0/><D0/><U61/><E61/><V74/><F74/><W42/><G42/><T53/><D53/><U124/><E124/><V125/><F125/><W57/><G57/><T94/><D94/><U11/><E54/><V104/><F104/><W16/><G93/><T47/><D47/><U72/><E44/><V19/><F105/><RYUUKYOKU ba="0,0" sc="64,30,408,-10,237,-10,291,-10" hai0="8,10,12,14,18,20,22" owari="94,-41.0,398,50.0,227,-17.0,281,8.0" /></mjloggm>