<mjloggm ver="2.3"><GO type="225" lobby="0"/><UN n0="%E3%81%BF%E3%81%BF%E3%81%9A" n1="%44%4F%44%4F%4B%4F" n2="%E3%82%A6%E3%83%AB%E3%83%88%E3%83%A9%E7%AB%8B%E7%9B%B4" n3="%E3%81%9D%E3%83%BC%E3%81%B7%E5%BB%B6%E9%95%B7" dan="16,16,17,16" rate="2166.17,2083.41,2211.62,2128.17" sx="M,F,M,M"/><TAIKYOKU oya="0"/><INIT seed="0,0,0,1,5,12" ten="250,250,250,250" oya="0" hai0="56,99,48,72,3,29,108,69,27,87,22,111,65" hai1="14,100,81,2,52,39,129,21,11,32,66,34,123" hai2="113,96,35,15,25,98,128,33,40,37,0,54,64" hai3="132,112,38,127,59,76,30,5,109,1,51,41,16"/><T94/><D72/><U18/><E39/><V19/><F113/><W42/><G112/><T91/><D3/><U47/><E123/><V134/><F0/><W92/><G127/><T67/><D69/><U4/><E66/><V105/><F64/><W101/><G132/><T55/><D111/><U115/><E115/><V68/><F68/><W84/><G38/><T63/><D108/><U131/><E100/><V45/><F134/><W49/><G30/><T86/><REACH who="0" step="1"/><D67/><REACH who="0" ten="240,250,250,250" step="2"/><U90/><E129/><V50/><F128/><W103/><G1/><T106/><D106/><U70/><E70/><V46/><F105/><W53/><G109/><T118/><D118/><U89/><E131/><V120/><F120/><W74/><G74/><T26/><D26/><U43/><E2/><V58/><F25/><W119/><G119/><T93/><D93/><U17/><E81/><V31/><F35/><W110/><G110/><T88/><D88/><N who="1" m="33899" /><E34/><V117/><F117/><W61/><G92/><T107/><D107/><U135/><E32/><V20/><F33/><W44/><G103/><T82/><D82/><U97/><E135/><V75/><F75/><W62/><G101/><T102/><D102/><U10/><E97/><V9/><F98/><W124/><G84/><T78/><D78/><U7/><E7/><V6/><F96/><W116/><G5/><T122/><D122/><U95/><E95/><V71/><F71/><W28/><G116/><T121/><D121/><U80/><E80/><V8/><F6/><W77/><G76/><T24/><D24/><U36/><E4/><V79/><F79/><RYUUKYOKU ba="0,1" sc="240,30,250,-10,250,-10,250,-10" hai0="22,27,29,48,55,56,63,65,86,87,91,94,99" /><INIT seed="0,1,1,1,2,114" ten="270,240,240,240" oya="0" hai0="66,54,105,31,5,88,22,43,111,78,58,112,95" hai1="24,62,18,34,2,120,122,20,56,117,7,11,0" hai2="40,71,48,119,57,101,73,99,96,76,13,10,115" hai3="26,9,15,124,65,131,36,84,107,69,134,125,53"/><T63/><D112/><U44/><E0/><V35/><F71/><W1/><G1/><T102/><D105/><U121/><E44/><V94/><F115/><W46/><G107/><T45/><D111/><U92/><E92/><V97/><F35/><W8/><G134/><T16/><D102/><U126/><E126/><N who="3" m="48746" /><G131/><T64/><D78/><U108/><E108/><V83/><F119/><W90/><G26/><N who="0" m="14663" /><D5/><U70/><E70/><V39/><F39/><W32/><G32/><T103/><D103/><U100/><E100/><V106/><F106/><W21/><G21/><T91/><D31/><U74/><E74/><V82/><F82/><W55/><G9/><T23/><D23/><U19/><E34/><V4/><REACH who="2" step="1"/><F57/><REACH who="2" ten="270,240,230,240" step="2"/><W113/><G113/><T116/><D116/><U98/><E117/><V104/><F104/><W6/><G36/><T89/><D95/><U75/><E120/><V110/><F110/><W51/><G69/><T128/><D128/><U123/><E121/><V77/><F77/><W85/><G65/><T133/><D133/><U80/><E122/><V61/><F61/><W93/><G85/><T49/><AGARI ba="1,2" hai="43,45,49,54,58,63,64,66,88,89,91" m="14663" machi="49" ten="30,6000,0" yaku="8,1,54,2" doraHai="114" who="0" fromWho="0" sc="270,83,240,-21,230,-21,240,-21" /><INIT seed="0,2,0,0,1,42" ten="353,219,209,219" oya="0" hai0="134,112,48,1,84,65,49,77,120,66,119,36,128" hai1="53,68,94,7,27,37,109,107,86,59,78,123,117" hai2="28,121,82,38,13,100,114,106,52,130,62,79,93" hai3="10,47,105,46,39,98,91,4,116,135,67,3,34"/><T11/><D112/><U43/><E107/><V64/><F121/><W81/><G116/><T2/><D119/><U92/><E68/><V25/><F114/><W122/><G122/><T99/><D120/><U15/><E123/><V85/><F130/><W24/><G135/><T97/><D128/><U108/><E117/><V70/><F38/><W57/><G39/><T33/><D33/><U131/><E131/><V9/><F93/><W12/><G3/><T88/><D36/><U6/><E27/><V71/><F71/><W22/><G34/><T35/><D35/><U96/><E37/><V29/><F25/><W30/><G105/><T44/><D77/><U40/><E108/><V14/><F14/><W61/><G98/><T32/><D32/><U87/><E87/><AGARI ba="2,0" hai="4,10,12,22,24,30,46,47,57,61,67,81,87,91" machi="87" ten="40,5200,0" yaku="8,1,52,2" doraHai="42" who="3" fromWho="1" sc="353,0,219,-58,209,0,219,58" /><INIT seed="1,0,0,0,3,106" ten="353,161,209,277" oya="1" hai0="31,71,130,126,70,84,118,49,54,40,127,5,90" hai1="35,57,47,120,97,48,29,129,20,123,79,132,80" hai2="46,105,42,116,82,77,41,65,95,38,66,135,103" hai3="122,55,89,60,114,14,52,8,19,91,23,131,121"/><U21/><E35/><V81/><F116/><W112/><G131/><T67/><D118/><U78/><E129/><V18/><F105/><W85/><G60/><T104/><D104/><U72/><E79/><V134/><F18/><W64/><G64/><T100/><D130/><U108/><E132/><N who="2" m="50731" /><F42/><W110/><G23/><T98/><D31/><U13/><E20/><V86/><F82/><W128/><G128/><T53/><D5/><U109/><E57/><V113/><F113/><W74/><G85/><T4/><D4/><U43/><E97/><AGARI ba="0,0" hai="38,41,46,65,66,77,81,86,95,97,103" m="50731" machi="97" ten="30,1000,0" yaku="20,1" doraHai="106" who="2" fromWho="1" sc="353,0,161,-10,209,10,277,0" /><INIT seed="2,0,0,3,4,22" ten="353,151,219,277" oya="2" hai0="130,0,71,105,6,88,32,27,54,24,114,34,20" hai1="102,75,93,68,106,64,116,36,131,52,62,12,35" hai2="133,84,67,19,10,123,74,86,21,120,109,18,33" hai3="129,9,29,16,53,46,73,41,77,80,42,3,59"/><V5/><F74/><W110/><G110/><T81/><D105/><U69/><E75/><V7/><F67/><W107/><G107/><T39/><D71/><U58/><E116/><V85/><F33/><W126/><G126/><T61/><D39/><U127/><E106/><V55/><F109/><W103/><G103/><T43/><D43/><U60/><E36/><V66/><F66/><W1/><G29/><T125/><D114/><U48/><E127/><V65/><F65/><W111/><G129/><T119/><D125/><U98/><E131/><V90/><F133/><W83/><G83/><T113/><D113/><U13/><E69/><V76/><F76/><W101/><G101/><T124/><D124/><U94/><E35/><V135/><F90/><W132/><G132/><T63/><D130/><U122/><E122/><V104/><F104/><W51/><G42/><T96/><D119/><U2/><E2/><V57/><F135/><W87/><G73/><T37/><D37/><U78/><E78/><V56/><F10/><W38/><G111/><T30/><D54/><U49/><E93/><V17/><F21/><W15/><AGARI ba="0,0" hai="1,3,9,15,16,38,41,46,51,53,59,77,80,87" machi="15" ten="30,2000,0" yaku="0,1,54,1" doraHai="22" who="3" fromWho="3" sc="353,-5,151,-5,219,-10,277,20" /><INIT seed="3,0,0,4,3,75" ten="348,146,209,297" oya="3" hai0="9,82,10,1,128,20,74,96,53,92,8,39,131" hai1="133,56,86,32,27,120,102,107,95,105,100,38,130" hai2="132,123,101,4,108,23,47,79,122,93,2,106,49" hai3="68,73,117,35,103,30,126,61,81,43,13,3,76"/><W60/><G117/><T85/><D39/><U31/><E38/><V40/><F106/><W111/><G3/><T129/><D74/><U94/><E120/><N who="2" m="46123" /><F108/><W41/><G111/><T113/><D113/><U45/><E45/><V124/><F124/><W21/><G35/><T29/><D53/><U5/><E5/><V77/><F132/><W18/><G126/><T11/><D20/><U42/><E42/><V28/><F23/><W15/><G30/><T33/><D29/><U0/><E0/><V25/><F25/><W134/><G134/><T90/><D33/><U119/><E133/><V127/><F28/><W44/><G43/><T65/><D65/><U50/><E119/><V7/><F127/><W118/><G103/><N who="0" m="60807" /><D10/><U36/><E36/><V104/><F104/><W116/><G15/><T34/><D34/><U135/><E135/><V58/><F58/><W57/><G68/><T71/><D71/><U78/><E107/><V110/><F110/><W51/><REACH who="3" step="1"/><G61/><REACH who="3" ten="348,146,209,287" step="2"/><T59/><D59/><U80/><E102/><V26/><F2/><AGARI ba="0,1" hai="1,2,8,9,11,82,85,90,128,129,131" m="60807" machi="2" ten="40,1300,0" yaku="19,1" doraHai="75" who="0" fromWho="2" sc="348,23,146,0,209,-13,287,0" owari="371,46.0,146,-35.0,196,-20.0,287,9.0" /></mjloggm>