<mjloggm ver="2.3"><GO type="169" lobby="0"/><UN n0="%E5%B0%B1%E6%B4%BB%E7%94%9F%40%E5%B7%9D%E6%9D%91%E8%BB%8D%E5%9B%A3" n1="%79%61%67%69%30%32%32%30" n2="%E3%82%8F%E3%81%9F%E5%9D%8A%E2%98%86" n3="%E3%81%AE%E3%81%B3%E3%81%97%E3%82%8D%E2%99%82" dan="17,17,16,16" rate="2214.98,2185.81,2074.81,2124.12" sx="M,M,M,M"/><TAIKYOKU oya="0"/><INIT seed="0,0,0,3,2,18" ten="250,250,250,250" oya="0" hai0="97,8,110,116,0,114,11,124,5,50,56,125,90" hai1="36,111,91,57,89,112,96,82,83,44,98,62,29" hai2="81,17,121,43,23,4,22,80,74,95,84,15,69" hai3="42,99,66,9,13,54,75,59,65,117,24,37,60"/><T38/><D38/><U107/><E111/><V130/><F121/><W88/><G117/><T133/><D116/><U34/><E112/><V123/><F123/><W85/><G75/><T101/><D114/><U109/><E109/><V33/><F33/><W39/><G99/><T41/><D110/><U87/><E34/><V3/><F69/><W126/><G126/><T135/><D11/><U45/><E29/><V47/><F130/><W118/><G118/><T63/><D50/><U92/><E36/><V40/><F3/><W132/><G132/><N who="0" m="50763" /><D90/><U86/><E107/><V103/><F4/><W94/><G24/><T31/><D31/><U55/><REACH who="1" step="1"/><E96/><REACH who="1" ten="250,240,250,250" step="2"/><N who="2" m="59807" /><F74/><W79/><G39/><T32/><D32/><U105/><E105/><V52/><F84/><W73/><G37/><T68/><D41/><U72/><E72/><V129/><F129/><W46/><G42/><T7/><D97/><U48/><E48/><N who="2" m="28703" /><F43/><W64/><G73/><T76/><D125/><U70/><E70/><V78/><F40/><W119/><G119/><T51/><D68/><U134/><E134/><V106/><F106/><W1/><G85/><T115/><D51/><U77/><AGARI ba="0,1" hai="44,45,55,57,62,77,82,83,86,87,89,91,92,98" machi="77" ten="20,5200,0" yaku="1,1,0,1,7,1,8,1,53,0" doraHai="18" doraHaiUra="25" who="1" fromWho="1" sc="250,-26,240,62,250,-13,250,-13" /><INIT seed="1,0,0,5,1,53" ten="224,302,237,237" oya="1" hai0="39,119,81,122,107,64,55,6,70,4,7,101,29" hai1="24,68,11,104,67,125,50,74,61,3,109,111,98" hai2="12,117,131,46,16,133,22,135,30,17,95,38,63" hai3="76,59,10,66,35,88,43,113,5,130,19,80,127"/><U79/><E125/><V49/><F117/><W9/><G130/><T116/><D39/><U124/><E124/><V90/><F131/><W28/><G127/><T100/><D122/><U57/><E24/><V69/><F38/><W85/><G113/><T92/><D107/><U82/><E104/><V110/><F110/><N who="1" m="41993" /><E98/><V93/><F30/><W132/><G132/><N who="2" m="50761" /><F17/><W105/><G105/><T62/><D29/><U103/><E103/><V108/><F108/><W120/><G120/><T8/><D8/><U42/><E3/><V14/><F14/><W45/><G19/><T0/><D0/><U84/><E11/><V37/><F37/><W33/><G28/><T36/><D36/><U41/><E74/><V18/><F18/><W27/><G27/><T40/><D40/><U56/><E42/><N who="2" m="24791" /><F90/><W52/><G66/><AGARI ba="0,0" hai="12,16,22,63,66,69,93,95" m="24791,50761" machi="66" ten="30,2000,0" yaku="20,1,54,1" doraHai="53" who="2" fromWho="3" sc="224,0,302,0,237,20,237,-20" /><INIT seed="2,0,0,0,0,66" ten="224,302,257,217" oya="2" hai0="69,26,106,12,104,32,71,94,108,107,92,18,96" hai1="132,52,35,87,65,77,5,27,78,4,34,123,86" hai2="55,60,9,124,30,95,102,25,24,73,7,64,20" hai3="83,6,23,21,82,48,115,74,89,90,10,110,19"/><V53/><F124/><W2/><G110/><T40/><D108/><U75/><E75/><V17/><F73/><W120/><G120/><T128/><D40/><U45/><E65/><V13/><F102/><W51/><G115/><T61/><D128/><U41/><E123/><V58/><REACH who="2" step="1"/><F95/><REACH who="2" ten="224,302,247,217" step="2"/><W54/><G74/><T59/><D94/><U47/><E132/><V99/><F99/><W81/><G81/><T29/><D92/><U101/><E101/><V76/><F76/><W112/><G83/><T126/><D96/><U125/><E125/><V130/><F130/><W37/><G82/><T127/><D127/><U88/><E88/><V16/><F16/><W103/><G19/><T1/><D126/><U42/><E27/><V62/><F62/><W46/><G90/><T70/><D1/><U91/><E91/><V122/><F122/><W131/><G89/><T0/><D0/><U63/><E63/><V98/><F98/><W118/><G2/><T134/><D134/><U121/><E121/><V14/><F14/><W3/><G3/><T38/><D18/><U68/><E78/><V93/><F93/><W15/><G15/><T80/><D12/><U49/><E77/><V44/><F44/><W43/><G46/><T135/><D80/><U57/><E47/><V119/><F119/><W50/><G118/><T22/><D135/><U67/><E45/><V105/><F105/><W117/><G131/><T100/><D100/><U28/><E87/><V97/><F97/><W109/><G117/><T72/><D72/><U113/><E86/><V85/><F85/><W36/><G109/><RYUUKYOKU ba="0,1" sc="224,-10,302,-10,247,30,217,-10" hai2="7,9,13,17,20,24,25,30,53,55,58,60,64" /><INIT seed="2,1,1,5,1,3" ten="214,292,277,207" oya="2" hai0="37,90,109,120,114,25,4,31,50,100,95,14,15" hai1="35,41,28,0,83,103,126,62,64,8,36,32,121" hai2="43,118,54,72,21,79,117,135,17,115,22,97,44" hai3="69,110,39,132,123,113,27,51,5,38,88,58,107"/><V128/><F115/><W57/><G107/><T49/><D37/><U87/><E126/><V70/><F70/><W68/><G27/><T94/><D120/><U86/><E121/><V133/><F128/><W46/><G123/><T67/><D114/><U101/><E86/><V78/><F54/><W47/><G113/><T77/><D77/><N who="2" m="29194" /><F72/><W13/><G13/><T40/><D67/><U11/><E41/><V106/><F22/><W102/><G102/><T125/><D14/><U55/><E36/><V81/><F81/><W45/><G88/><T134/><D40/><U52/><E28/><V76/><F97/><W24/><G24/><T56/><D25/><U65/><E87/><V53/><F53/><W16/><G16/><T34/><D31/><U80/><E62/><V12/><F76/><W18/><G18/><T93/><D34/><U127/><E127/><V30/><F30/><W129/><G45/><T19/><D19/><U124/><E124/><V92/><F92/><W63/><G63/><T89/><D100/><U73/><REACH who="1" step="1"/><E0/><REACH who="1" ten="214,282,277,207" step="2"/><V33/><F33/><W112/><G112/><T66/><D125/><U10/><E10/><V75/><F75/><AGARI ba="1,2" hai="8,11,32,35,52,55,64,65,73,75,80,83,101,103" machi="75" ten="25,12000,2" yaku="1,1,22,2,54,1,53,2" doraHai="3" doraHaiUra="61" who="1" fromWho="2" sc="214,0,282,143,277,-123,207,0" /><INIT seed="3,0,0,0,5,75" ten="214,425,154,207" oya="3" hai0="23,47,10,133,134,129,71,102,13,7,65,46,55" hai1="60,1,6,107,42,123,49,132,119,120,93,122,83" hai2="64,63,125,89,18,68,103,21,9,80,62,2,95" hai3="84,69,29,116,92,54,24,32,45,131,101,5,72"/><W35/><G131/><T57/><D129/><U36/><E107/><V98/><F125/><W106/><G116/><T51/><D102/><U77/><E119/><V37/><F37/><W127/><G127/><T78/><D78/><U128/><E128/><V79/><F63/><W111/><G111/><T67/><D23/><U76/><E36/><V48/><F48/><W56/><G69/><T81/><D81/><U73/><E132/><N who="0" m="50793" /><D71/><U52/><E42/><V118/><F118/><W20/><G106/><T113/><D113/><U85/><E60/><V74/><F9/><W11/><G72/><T61/><D46/><U40/><E40/><AGARI ba="0,0" hai="7,10,13,40,47,51,55,57,61,65,67" m="50793" machi="40" ten="30,1000,0" yaku="20,1" doraHai="75" who="0" fromWho="1" sc="214,10,425,-10,154,0,207,0" /><INIT seed="4,0,0,0,4,125" ten="224,415,154,207" oya="0" hai0="16,53,126,24,37,108,78,96,38,60,119,112,97" hai1="49,95,66,118,33,134,63,29,100,20,59,117,73" hai2="22,130,40,131,23,98,56,69,25,80,28,132,58" hai3="83,76,55,127,19,104,8,54,50,6,70,2,110"/><T85/><D119/><U30/><E73/><V42/><F69/><W114/><G127/><T47/><D112/><U101/><E33/><V111/><F111/><W17/><G114/><T122/><D122/><U3/><E3/><V79/><F98/><W36/><G36/><T41/><D108/><U5/><E5/><V52/><F132/><W4/><G70/><T43/><D126/><U106/><E106/><V34/><F34/><W0/><G110/><T12/><D24/><N who="1" m="16519" /><E134/><V115/><F115/><W99/><G104/><T31/><D31/><U89/><E30/><V92/><F92/><W51/><G99/><T44/><D78/><U18/><E118/><V103/><F103/><W88/><G83/><T86/><D96/><N who="1" m="57455" /><E117/><V65/><F65/><W121/><G8/><T72/><D97/><U10/><E49/><N who="2" m="30735" /><F58/><W113/><G113/><T7/><D7/><U57/><E57/><V82/><F23/><W128/><G76/><T77/><D72/><U84/><E84/><N who="2" m="48159" /><F82/><W21/><G21/><T123/><D123/><U35/><E35/><V81/><F81/><W64/><G64/><T14/><D77/><U39/><E39/><V32/><F32/><W1/><G1/><T94/><D94/><U75/><E75/><V71/><F71/><W46/><G121/><T93/><D93/><U67/><E67/><V90/><F90/><W9/><G9/><N who="0" m="6159" /><D14/><AGARI ba="0,0" hai="10,14,18,59,63,66,100,101" m="57455,16519" machi="14" ten="30,1000,0" yaku="8,1" doraHai="125" who="1" fromWho="0" sc="224,-10,415,10,154,0,207,0" /><INIT seed="5,0,0,3,5,131" ten="214,425,154,207" oya="1" hai0="51,35,39,9,34,75,17,74,53,68,19,107,24" hai1="41,60,1,92,83,106,85,72,76,15,14,22,95" hai2="93,40,16,100,7,37,3,121,13,44,10,125,67" hai3="110,30,5,120,84,134,8,69,94,45,122,135,111"/><U12/><E1/><V97/><F125/><W73/><G69/><T25/><D107/><U129/><E106/><V86/><F67/><W117/><G45/><T36/><D9/><U115/><E129/><V108/><F108/><N who="3" m="41515" /><G73/><T4/><D68/><U130/><E130/><V99/><F121/><N who="3" m="46699" /><G84/><T78/><D78/><U46/><E115/><V123/><F123/><W98/><G117/><T82/><D4/><U18/><E60/><V26/><F26/><W65/><G65/><T81/><D51/><N who="1" m="27087" /><E72/><V88/><REACH who="2" step="1"/><F100/><REACH who="2" ten="214,425,144,207" step="2"/><W127/><G127/><T21/><D53/><U71/><E71/><V89/><F89/><W96/><G30/><T31/><D31/><U132/><E132/><N who="3" m="50730" /><G94/><AGARI ba="0,1" hai="12,14,15,18,22,76,83,85,92,94,95" m="27087" machi="94" ten="30,1500,0" yaku="8,1" doraHai="131" who="1" fromWho="3" sc="214,0,425,25,144,0,207,-15" /><INIT seed="5,1,0,4,2,31" ten="214,450,144,192" oya="1" hai0="102,33,29,27,115,95,46,75,26,128,37,51,88" hai1="59,28,124,93,76,89,57,12,126,86,10,20,60" hai2="113,40,23,21,22,68,110,121,9,1,15,74,118" hai3="34,18,100,78,63,53,111,70,56,90,119,96,107"/><U52/><E76/><V45/><F68/><W16/><G111/><T25/><D75/><U24/><REACH who="1" step="1"/><E59/><REACH who="1" ten="214,440,144,192" step="2"/><V47/><F110/><W73/><G78/><T133/><D115/><U79/><E79/><V122/><F113/><W38/><G56/><T71/><D71/><U43/><E43/><V11/><F74/><W84/><G70/><T3/><D133/><U129/><E129/><V130/><F130/><W36/><G73/><T58/><D128/><U61/><E61/><V125/><F40/><W94/><G63/><T72/><D58/><U112/><E112/><V62/><F62/><W106/><G119/><T55/><D72/><U85/><E85/><V42/><F42/><W44/><G84/><T54/><D54/><U67/><E67/><V105/><F118/><W134/><G53/><T97/><D37/><U49/><E49/><V66/><F66/><W6/><G134/><T87/><REACH who="0" step="1"/><D3/><REACH who="0" ten="204,440,144,192" step="2"/><U7/><AGARI ba="1,2" hai="7,10,12,20,24,28,52,57,60,86,89,93,124,126" machi="7" ten="30,6000,0" yaku="1,1,0,1,54,1,53,0" doraHai="31" doraHaiUra="14" who="1" fromWho="1" sc="204,-21,440,83,144,-21,192,-21" /><INIT seed="5,2,0,3,5,96" ten="183,523,123,171" oya="1" hai0="71,50,22,85,109,70,118,76,45,132,78,5,7" hai1="10,25,55,119,113,47,35,53,12,133,83,3,100" hai2="20,58,8,72,40,135,77,101,32,6,117,99,61" hai3="26,41,134,57,124,79,94,30,103,123,44,64,122"/><U88/><E119/><V89/><F32/><W34/><G134/><T74/><D74/><U0/><E133/><V86/><F135/><W48/><G124/><T130/><D132/><U54/><E113/><V129/><F117/><W18/><G79/><T102/><D118/><U36/><E100/><V51/><F20/><W59/><G18/><T73/><D73/><U125/><E125/><V106/><F129/><W127/><G127/><T114/><D114/><U120/><E120/><V84/><F72/><W11/><G11/><T1/><D1/><U23/><E35/><V98/><F98/><W37/><G57/><T39/><D39/><U80/><E36/><V2/><F77/><W4/><G4/><T52/><D109/><U87/><E83/><V56/><F89/><W116/><G116/><T69/><D130/><U95/><E95/><V92/><F106/><W38/><G38/><T15/><D78/><U65/><E65/><V75/><F75/><W67/><G67/><T46/><D46/><U14/><E47/><V97/><F97/><W112/><G112/><T19/><REACH who="0" step="1"/><D102/><REACH who="0" ten="173,523,123,171" step="2"/><U108/><E108/><V17/><F101/><W43/><G37/><T81/><AGARI ba="2,1" hai="5,7,15,19,22,45,50,52,69,70,71,76,81,85" machi="81" ten="40,8000,1" yaku="1,1,2,1,0,1,54,1,53,0" doraHai="96" doraHaiUra="33" who="0" fromWho="0" sc="173,96,523,-42,123,-22,171,-22" /><INIT seed="6,0,0,3,1,133" ten="269,481,101,149" oya="2" hai0="24,89,66,22,8,117,10,119,131,30,27,7,124" hai1="57,15,54,114,40,35,63,36,19,43,60,21,118" hai2="71,47,122,134,2,128,77,5,28,32,45,96,88" hai3="123,92,127,34,103,105,51,68,90,70,129,106,38"/><V58/><F71/><N who="3" m="27179" /><G90/><T113/><D113/><U26/><E118/><N who="0" m="45065" /><D124/><U4/><E114/><V121/><F134/><W81/><G92/><T97/><D131/><U1/><E36/><V29/><F77/><W78/><G51/><T65/><D27/><U6/><E63/><V135/><F135/><W74/><G129/><T86/><D97/><U33/><E33/><V9/><F128/><W82/><G82/><T69/><D69/><U48/><E60/><V67/><F32/><W83/><G83/><T94/><D8/><N who="1" m="2063" /><E6/><V130/><F130/><W20/><G20/><T93/><D93/><U55/><E55/><V101/><F88/><W73/><G123/><T61/><D61/><U44/><E57/><V0/><F58/><W110/><G110/><T87/><D87/><U75/><E75/><V104/><F67/><W95/><G95/><T17/><D30/><AGARI ba="0,0" hai="15,19,21,26,30,35,40,43,44,48,54" m="2063" machi="30" ten="30,1000,0" yaku="24,1" doraHai="133" who="1" fromWho="0" sc="269,-10,481,10,101,0,149,0" /><INIT seed="7,0,0,1,0,134" ten="259,491,101,149" oya="3" hai0="131,8,84,81,126,6,21,60,106,133,39,71,99" hai1="66,31,67,14,77,123,0,5,28,95,76,72,79" hai2="54,1,49,12,132,69,23,37,125,65,10,4,9" hai3="108,127,103,74,29,104,22,88,70,47,93,16,35"/><W115/><G115/><T24/><D39/><U52/><E0/><V40/><F132/><W121/><G121/><T56/><D71/><U3/><E3/><V18/><F10/><W59/><G70/><T15/><D133/><U61/><E72/><V38/><F40/><W111/><G127/><T94/><D126/><U17/><E5/><V78/><F125/><W97/><G29/><N who="1" m="11338" /><E123/><V113/><F113/><W80/><G35/><T7/><D106/><U87/><E95/><V82/><F69/><W116/><G116/><T117/><D117/><U96/><E96/><V128/><F65/><W19/><G47/><T130/><D56/><N who="1" m="34951" /><E87/><V34/><F34/><W20/><G59/><T25/><D21/><AGARI ba="0,0" hai="14,17,21,66,67,76,77,79" m="34951,11338" machi="21" ten="30,2000,0" yaku="8,1,54,1" doraHai="134" who="1" fromWho="0" sc="259,-20,491,20,101,0,149,0" owari="239,4.0,511,61.0,101,-40.0,149,-25.0" /></mjloggm>