<mjloggm ver="2.3"><GO type="169" lobby="0"/><UN n0="%E3%82%A6%E3%83%AB%E3%83%88%E3%83%A9%E7%AB%8B%E7%9B%B4" n1="%7A%65%72%6F%52%58" n2="%E5%8D%9A%E9%BA%97%E3%82%86%E3%81%8B%E3%82%8A" n3="%E2%98%86%E9%BB%84%E7%80%AC%E3%82%84%E3%82%88%E3%81%84%E2%98%86" dan="18,16,16,17" rate="2215.44,2120.57,2155.17,2113.54" sx="M,M,M,F"/><TAIKYOKU oya="0"/><INIT seed="0,0,0,3,1,110" ten="250,250,250,250" oya="0" hai0="112,88,120,22,31,56,128,113,63,85,54,49,34" hai1="116,71,100,48,82,41,81,62,132,53,20,97,119" hai2="57,13,76,17,0,14,79,101,51,89,58,68,65" hai3="60,122,118,107,44,8,96,32,84,115,75,127,123"/><T43/><D34/><U30/><E132/><V5/><F68/><W94/><G75/><T87/><D120/><N who="3" m="46121" /><G32/><T21/><D128/><U125/><E41/><V130/><F0/><W70/><G118/><T72/><D72/><U131/><E131/><V103/><F130/><W45/><G127/><T36/><D36/><U59/><E125/><V50/><F89/><N who="3" m="53543" /><G8/><T61/><D85/><U1/><E1/><V86/><F86/><W25/><G25/><T93/><D31/><U28/><E119/><V133/><F133/><W73/><G73/><T106/><D106/><U121/><E121/><V129/><F129/><W6/><G6/><T15/><D22/><U80/><E116/><V24/><F24/><W126/><G126/><T102/><D102/><U40/><E20/><V91/><F91/><W124/><G115/><N who="0" m="44107" /><D43/><U46/><REACH who="1" step="1"/><E71/><REACH who="1" ten="250,240,250,250" step="2"/><V135/><F135/><W39/><G124/><T23/><D23/><U47/><E47/><V92/><F79/><W2/><G2/><T64/><D64/><U111/><E111/><V108/><F76/><W9/><G45/><T55/><D55/><U11/><E11/><V37/><F65/><N who="3" m="41255" /><G9/><T74/><D74/><U38/><E38/><V4/><F37/><W66/><G66/><T109/><D109/><U69/><E69/><V52/><F108/><W83/><G44/><T77/><D77/><U78/><E78/><V10/><F10/><W99/><G39/><T16/><AGARI ba="0,1" hai="15,16,21,49,54,56,61,63,87,88,93" m="44107" machi="16" ten="30,18000,2" yaku="25,1,52,3,54,2" doraHai="110" who="0" fromWho="0" sc="250,190,240,-60,250,-60,250,-60" /><INIT seed="0,1,0,0,0,33" ten="440,180,190,190" oya="0" hai0="86,42,53,19,71,40,12,134,6,41,57,10,94" hai1="51,108,107,56,21,48,54,11,81,24,15,30,106" hai2="128,63,76,16,28,58,25,83,116,132,87,37,80" hai3="46,110,2,115,1,79,119,44,85,18,127,22,90"/><T131/><D71/><U73/><E108/><V109/><F109/><W34/><G119/><T82/><D131/><U125/><E125/><V23/><F128/><W135/><G115/><T111/><D111/><U14/><E14/><V93/><F132/><W61/><G127/><T36/><D134/><U92/><E92/><V35/><F37/><W62/><G110/><T100/><D36/><U72/><E51/><V17/><F116/><W38/><G79/><T84/><D6/><U118/><E118/><V32/><F83/><W70/><G34/><T97/><REACH who="0" step="1"/><D82/><REACH who="0" ten="430,180,190,190" step="2"/><U123/><E81/><V31/><F80/><W65/><G135/><T26/><D26/><U112/><E112/><V91/><F25/><W96/><G38/><T50/><AGARI ba="1,1" hai="10,12,19,40,41,42,50,53,57,84,86,94,97,100" machi="50" ten="30,6000,0" yaku="1,1,0,1,8,1,53,0" doraHai="33" doraHaiUra="126" who="0" fromWho="0" sc="430,73,180,-21,190,-21,190,-21" /><INIT seed="0,2,0,4,5,63" ten="503,159,169,169" oya="0" hai0="5,50,80,22,30,31,68,7,2,129,45,119,93" hai1="9,130,21,111,133,77,84,38,103,47,11,44,90" hai2="96,41,115,107,113,94,78,20,60,83,23,131,110" hai3="135,82,29,116,74,85,24,120,42,43,104,70,101"/><T37/><D37/><U86/><E111/><V58/><F110/><W39/><G116/><T0/><D119/><U28/><E133/><V25/><F107/><W57/><G120/><T87/><D2/><U46/><E38/><V89/><F41/><W53/><G135/><T98/><D68/><U48/><E103/><V12/><F131/><W75/><G70/><T76/><D0/><U112/><E130/><V66/><F12/><W88/><G104/><T125/><D125/><U69/><E69/><V52/><F23/><W16/><G101/><T4/><D22/><U122/><E122/><V8/><F8/><N who="1" m="3145" /><E77/><V71/><F78/><W72/><G39/><T49/><D129/><U59/><E112/><V95/><F83/><W124/><G124/><T105/><D105/><U134/><E134/><V15/><F15/><W79/><G79/><T102/><REACH who="0" step="1"/><D50/><REACH who="0" ten="493,159,169,169" step="2"/><U126/><E126/><V55/><F113/><W67/><G75/><T34/><D34/><U32/><E32/><V56/><F71/><W62/><G74/><T10/><D10/><U100/><E21/><V81/><F115/><W109/><G72/><T123/><D123/><U99/><E48/><V35/><F35/><N who="3" m="20903" /><G109/><T14/><D14/><U54/><E28/><V91/><F20/><W17/><G16/><T64/><D64/><U3/><E3/><V92/><F66/><W27/><G67/><T106/><D106/><U108/><E108/><V36/><F36/><W51/><G51/><T118/><D118/><U117/><E117/><V97/><F25/><W18/><G27/><T61/><D61/><U73/><E73/><RYUUKYOKU ba="2,1" sc="493,15,159,-15,169,-15,169,15" hai0="4,5,7,30,31,45,49,76,80,87,93,98,102" hai3="17,18,42,43,53,57,62,82,85,88" /><INIT seed="0,3,1,5,3,57" ten="508,144,154,184" oya="0" hai0="25,59,61,13,53,19,11,99,45,113,127,76,109" hai1="3,78,71,16,48,5,72,66,18,21,65,67,126" hai2="1,54,93,63,90,91,50,98,38,39,26,52,12" hai3="32,75,40,4,81,33,130,58,15,47,68,108,7"/><T100/><D113/><U36/><E36/><V88/><F1/><W77/><G108/><T131/><D109/><U2/><E71/><V8/><F26/><W70/><G130/><T86/><D131/><U103/><E103/><V120/><F39/><W107/><G107/><T42/><D127/><U56/><E78/><V51/><F38/><W43/><G58/><T106/><D25/><U20/><E72/><V101/><F120/><W29/><G43/><T118/><D118/><U134/><E134/><V80/><F80/><W74/><G74/><T110/><D110/><U97/><E97/><V104/><F104/><W79/><G79/><T123/><D123/><U34/><E34/><V46/><F63/><W115/><G115/><T129/><D129/><U114/><E114/><V30/><F30/><W135/><G135/><T6/><D86/><U31/><E31/><V82/><F82/><W23/><G33/><T69/><D69/><U122/><E122/><V62/><F62/><W73/><G73/><T22/><D76/><U27/><E5/><N who="2" m="3087" /><F101/><W41/><G32/><T14/><D42/><U124/><E56/><AGARI ba="3,1" hai="46,50,51,52,54,56,88,90,91,93,98" m="3087" machi="56" ten="30,3900,0" yaku="8,1,54,2" doraHai="57" who="2" fromWho="1" sc="508,0,144,-48,154,58,184,0" /><INIT seed="1,0,0,1,0,67" ten="508,96,212,184" oya="1" hai0="68,123,60,73,14,36,72,16,3,25,99,49,89" hai1="23,17,50,122,95,57,88,100,77,69,48,98,79" hai2="7,10,76,92,2,47,133,42,0,110,18,39,109" hai3="1,6,26,24,104,44,62,105,4,13,93,116,38"/><U91/><E69/><V20/><F76/><N who="1" m="29257" /><E122/><V90/><F133/><W78/><G116/><T94/><D36/><U107/><E107/><V54/><F54/><W119/><G119/><T31/><D3/><U87/><E57/><V106/><F2/><W120/><G120/><T34/><D49/><N who="1" m="19051" /><E87/><V9/><F106/><W111/><G111/><N who="2" m="42505" /><F7/><W12/><G1/><T71/><D123/><U53/><E53/><V127/><F127/><W33/><G78/><T35/><D35/><U132/><E132/><V15/><F0/><W5/><G105/><T52/><D72/><U74/><E74/><V126/><F126/><W108/><G104/><T125/><D73/><U43/><E43/><V97/><AGARI ba="0,0" hai="9,10,15,18,20,39,42,47,90,92,97" m="42505" machi="97" ten="30,1100,0" yaku="14,1" doraHai="67" who="2" fromWho="2" sc="508,-3,96,-5,212,11,184,-3" /><INIT seed="2,0,0,3,3,8" ten="505,91,223,181" oya="2" hai0="131,37,70,132,47,28,130,15,2,44,50,104,20" hai1="106,87,48,74,134,108,49,6,76,46,58,1,88" hai2="62,93,0,4,82,30,78,77,11,73,127,91,128" hai3="86,83,90,65,24,9,107,64,38,117,110,19,101"/><V54/><F127/><W14/><G117/><T66/><D2/><U97/><E108/><V34/><F128/><W52/><G110/><T5/><D104/><U43/><E134/><V42/><F42/><W123/><G123/><T98/><D98/><U56/><E76/><V40/><F40/><W3/><G38/><T27/><D37/><U89/><E74/><V115/><F78/><W109/><G109/><T118/><D132/><U10/><E106/><V22/><F34/><W68/><G68/><T53/><D47/><U121/><E121/><V99/><F115/><W16/><G3/><T18/><D5/><U79/><E79/><V35/><F35/><W126/><G126/><T13/><D118/><U85/><E97/><V122/><F122/><W114/><G114/><T94/><D94/><U92/><REACH who="1" step="1"/><E49/><REACH who="1" ten="505,81,223,181" step="2"/><V31/><F77/><W45/><G107/><T111/><D111/><U133/><E133/><V112/><F73/><W102/><G24/><T135/><D135/><U63/><E63/><V25/><F112/><W103/><G19/><T26/><D131/><U55/><E55/><V17/><F54/><W116/><G116/><T81/><D130/><U120/><E120/><V105/><F62/><W61/><G61/><T75/><D75/><U84/><E84/><V60/><F60/><W95/><G52/><T72/><D70/><U124/><E124/><V23/><F105/><W113/><G113/><T67/><D27/><U21/><E21/><V33/><F23/><W69/><G86/><T57/><D72/><U59/><E59/><V51/><F99/><W96/><G96/><RYUUKYOKU ba="0,1" sc="505,-10,81,30,223,-10,181,-10" hai1="1,6,10,43,46,48,56,58,85,87,88,89,92" /><INIT seed="3,1,1,5,1,21" ten="495,111,213,171" oya="3" hai0="65,8,42,68,63,93,29,107,27,116,2,64,50" hai1="130,36,61,60,39,22,25,53,6,97,37,83,59" hai2="13,86,121,120,79,108,87,51,58,105,77,129,49" hai3="70,94,115,110,99,98,112,15,91,111,119,85,72"/><W19/><G70/><T30/><D30/><U16/><E130/><V114/><F114/><N who="3" m="43563" /><G119/><T73/><D65/><U18/><E6/><V46/><F105/><W17/><G15/><T127/><D116/><U14/><E83/><V125/><F125/><W124/><G19/><T75/><D127/><U7/><E7/><V88/><F108/><N who="3" m="41515" /><G124/><T101/><D93/><U44/><E97/><N who="3" m="36874" /><G17/><T3/><D3/><U113/><E113/><V128/><F13/><W10/><G10/><T92/><D2/><U48/><REACH who="1" step="1"/><E44/><REACH who="1" ten="495,101,213,171" step="2"/><V35/><F46/><W80/><G72/><T132/><D75/><U32/><E32/><V103/><F35/><W95/><AGARI ba="1,2" hai="80,85,91,94,95" m="36874,41515,43563" machi="95" ten="40,12000,1" yaku="14,1,10,1,34,2" doraHai="21" who="3" fromWho="3" sc="495,-41,101,-41,213,-41,171,143" /><INIT seed="3,2,0,0,1,110" ten="454,60,172,314" oya="3" hai0="83,95,43,85,68,41,119,6,86,19,55,128,82" hai1="53,77,111,120,65,97,37,61,129,47,88,78,69" hai2="126,70,84,132,109,28,87,42,66,124,133,5,72" hai3="67,49,104,54,39,91,48,123,113,52,18,10,8"/><W9/><G123/><T15/><D68/><U92/><E120/><V130/><F72/><W101/><G39/><T112/><D6/><U1/><E111/><V103/><F109/><W40/><G40/><T80/><D119/><U125/><E1/><V100/><F42/><W58/><G104/><T36/><D36/><U22/><E129/><V44/><F44/><N who="3" m="27943" /><G113/><T121/><D121/><U79/><E125/><N who="2" m="48235" /><F28/><W30/><G101/><N who="2" m="38985" /><F5/><W71/><G71/><T105/><D105/><U32/><E32/><V59/><F70/><W64/><G30/><T45/><D112/><U118/><E118/><V89/><F66/><N who="3" m="25131" /><G91/><N who="0" m="53751" /><D128/><U122/><E122/><V27/><F130/><W12/><AGARI ba="2,0" hai="8,9,10,12,18,48,52,58" m="25131,27943" machi="12" ten="30,3000,0" yaku="8,1,54,1" doraHai="110" who="3" fromWho="3" sc="454,-12,60,-12,172,-12,314,36" /><INIT seed="3,3,0,4,0,42" ten="442,48,160,350" oya="3" hai0="120,92,17,23,50,122,134,64,113,2,82,71,12" hai1="97,4,124,0,11,62,131,54,20,45,90,118,60" hai2="107,75,135,10,125,25,3,43,78,91,73,32,95" hai3="8,74,55,126,130,7,52,1,6,19,114,36,15"/><W104/><G114/><T76/><D113/><U115/><E115/><V98/><F107/><W66/><G130/><T123/><D134/><U18/><E131/><V67/><F67/><W24/><G104/><T86/><D2/><U83/><E124/><V35/><F135/><W56/><G74/><T51/><D64/><U28/><E28/><V101/><F101/><W40/><G126/><T88/><REACH who="0" step="1"/><D71/><REACH who="0" ten="432,48,160,350" step="2"/><U96/><E118/><V133/><F3/><W85/><G1/><T109/><D109/><U29/><E0/><V105/><F133/><W41/><G66/><T58/><D58/><U33/><E62/><V80/><F125/><W128/><G128/><T48/><D48/><U112/><E60/><V89/><F35/><W31/><G36/><T94/><D94/><U70/><E33/><V102/><F95/><W21/><G85/><AGARI ba="3,1" hai="12,17,23,50,51,76,82,85,86,88,92,120,122,123" machi="85" ten="40,2600,0" yaku="1,1,54,1,53,0" doraHai="42" doraHaiUra="111" who="0" fromWho="3" sc="432,45,48,0,160,0,350,-35" /><INIT seed="4,0,0,4,1,109" ten="477,48,160,315" oya="0" hai0="13,52,95,105,4,88,9,75,70,73,101,125,128" hai1="59,26,84,16,29,97,118,126,98,36,124,77,129" hai2="58,71,82,123,86,83,96,14,56,132,127,53,63" hai3="15,85,134,1,80,67,115,34,49,55,2,57,110"/><T7/><D70/><U99/><E36/><V61/><F123/><W43/><G110/><T46/><D125/><N who="1" m="48235" /><E118/><V130/><F130/><W114/><G34/><T33/><D33/><N who="1" m="20663" /><E59/><V113/><F113/><N who="3" m="43019" /><G134/><T8/><D128/><U69/><E129/><V111/><F71/><W104/><G104/><T91/><D101/><U27/><E69/><V47/><F111/><W23/><G67/><T89/><D95/><U48/><E48/><V38/><F38/><W10/><G23/><T65/><D65/><U54/><E54/><V17/><F53/><W32/><G32/><T120/><D120/><U119/><E119/><V103/><F132/><W68/><G43/><T12/><D105/><U78/><E84/><V37/><F86/><W72/><G72/><T94/><D94/><U74/><E74/><V45/><F127/><W64/><G64/><T50/><AGARI ba="0,0" hai="4,7,8,9,12,13,46,50,52,73,75,88,89,91" machi="50" ten="30,11700,0" yaku="0,1,9,1,54,2" doraHai="109" who="0" fromWho="0" sc="477,117,48,-39,160,-39,315,-39" /><INIT seed="4,1,0,1,4,117" ten="594,9,121,276" oya="0" hai0="84,6,120,89,100,86,50,25,20,124,35,58,52" hai1="42,71,95,19,26,134,96,49,82,44,76,121,130" hai2="70,69,116,13,107,36,109,97,46,94,32,7,104" hai3="14,103,23,115,113,22,91,1,80,98,118,88,79"/><T101/><D35/><U9/><E71/><V16/><F32/><W128/><G118/><T126/><D6/><U33/><E121/><V66/><F109/><W45/><G1/><T28/><D120/><U85/><E134/><V18/><F116/><W37/><G128/><T131/><D131/><U60/><E130/><V27/><F7/><W83/><G37/><T114/><D114/><N who="3" m="43529" /><G45/><T12/><D12/><N who="1" m="7567" /><E33/><V99/><F66/><W17/><G23/><T90/><D86/><U56/><E26/><V81/><F27/><W108/><G108/><T111/><D90/><N who="3" m="34345" /><G79/><T30/><D30/><U127/><E127/><N who="0" m="48681" /><D111/><U67/><E95/><AGARI ba="1,0" hai="14,17,22,80,83,95,98,103" m="34345,43529" machi="95" ten="30,2000,0" yaku="15,1,54,1" doraHai="117" who="3" fromWho="1" sc="594,0,9,-23,121,0,276,23" /><AGARI ba="1,0" hai="20,25,28,50,52,58,84,89,95,100,101" m="48681" machi="95" ten="30,2900,0" yaku="18,1,54,1" doraHai="117" who="0" fromWho="1" sc="594,29,-14,-29,121,0,299,0" owari="623,72.0,-43,-54.0,121,-28.0,299,10.0" /></mjloggm>