<mjloggm ver="2.3"><GO type="169" lobby="0"/><UN n0="%E3%82%82%E3%81%A3%E3%81%A1%E3%82%87" n1="%E3%81%82%E3%83%BC%E3%82%8A%E3%82%93%E3%81%A7%E3%81%99%E3%80%82%E2%98%86" n2="%E3%83%94%E3%82%AB%E6%A7%98" n3="%E5%B0%B1%E6%B4%BB%E7%94%9F%40%E5%B7%9D%E6%9D%91%E8%BB%8D%E5%9B%A3" dan="16,16,16,17" rate="2083.93,2038.66,2079.20,2205.33" sx="F,F,M,M"/><TAIKYOKU oya="0"/><INIT seed="0,0,0,0,4,35" ten="250,250,250,250" oya="0" hai0="64,65,17,122,46,51,85,104,54,55,68,6,116" hai1="123,18,100,121,44,133,89,11,111,42,126,70,40" hai2="25,47,103,74,106,76,24,132,82,28,36,27,96" hai3="14,105,41,102,125,22,50,58,124,134,87,21,101"/><T97/><D116/><U8/><E111/><V7/><F132/><W120/><G134/><T59/><D122/><U57/><E133/><V45/><F36/><W110/><G120/><T108/><D108/><U66/><E70/><V3/><REACH who="2" step="1"/><F28/><REACH who="2" ten="250,250,240,250" step="2"/><W37/><G110/><T84/><D68/><U9/><E121/><V60/><F60/><W73/><G37/><T90/><D6/><U127/><E123/><V34/><F34/><W52/><G124/><T30/><D30/><U117/><E126/><V69/><F69/><W31/><G125/><T83/><D17/><U75/><E18/><V62/><F62/><W0/><G31/><T130/><D130/><U1/><E127/><V15/><F15/><W53/><G14/><T19/><D19/><U29/><E117/><V39/><F39/><W48/><G50/><T115/><D115/><U118/><E29/><V107/><F107/><W109/><G48/><T4/><D4/><U26/><E118/><V88/><F88/><W67/><G105/><T95/><D104/><U129/><E89/><V56/><F56/><W113/><G109/><T93/><D59/><U38/><E57/><V49/><F49/><W80/><G58/><T92/><D55/><U112/><E38/><V23/><F23/><W71/><G53/><T72/><D64/><U81/><E112/><V99/><F99/><W131/><G67/><T135/><D65/><U78/><E66/><V43/><F43/><W94/><G41/><T16/><D16/><U2/><E40/><V86/><F86/><N who="0" m="33386" /><D135/><U5/><E129/><V98/><F98/><W12/><G71/><RYUUKYOKU ba="0,1" sc="250,15,250,-15,240,15,250,-15" hai0="46,51,54,72,83,90,92,93,95,97" hai2="3,7,24,25,27,45,47,74,76,82,96,103,106" /><INIT seed="0,1,1,1,5,26" ten="265,235,255,235" oya="0" hai0="10,105,135,1,86,97,5,118,66,62,127,19,78" hai1="35,8,57,74,121,63,2,101,50,27,23,33,54" hai2="114,131,7,18,45,100,89,43,79,108,28,92,30" hai3="107,120,37,13,109,85,77,53,117,11,90,94,98"/><T29/><D118/><U20/><E74/><V21/><F114/><W55/><G117/><T132/><D127/><U9/><E121/><V3/><F100/><W38/><G120/><T24/><D19/><U22/><E101/><V99/><F79/><W124/><G124/><T56/><D105/><U39/><E39/><V103/><F108/><W93/><G109/><T17/><D17/><U81/><E81/><V87/><F131/><W34/><G34/><T75/><D86/><U51/><E33/><V36/><F7/><W47/><G107/><T76/><D97/><U59/><E35/><V116/><F3/><W25/><G25/><T119/><D119/><U102/><E50/><V15/><REACH who="2" step="1"/><F116/><REACH who="2" ten="265,235,245,235" step="2"/><W46/><G37/><T83/><REACH who="0" step="1"/><D78/><REACH who="0" ten="255,235,245,235" step="2"/><U16/><E102/><V134/><F134/><W41/><G77/><T126/><D126/><U72/><E72/><V67/><F67/><W31/><G38/><T110/><D110/><U122/><E122/><V0/><F0/><W61/><G98/><T88/><D88/><U125/><E2/><V14/><F14/><W96/><G13/><T70/><D70/><U106/><E125/><V42/><F42/><W123/><G41/><T68/><D68/><U65/><E106/><AGARI ba="1,3" hai="15,18,21,28,30,36,43,45,87,89,92,99,103,106" machi="106" ten="30,7700,0" yaku="1,1,7,1,52,2,53,0" doraHai="26" doraHaiUra="115" who="2" fromWho="1" sc="255,0,235,-80,245,110,235,0" /><INIT seed="1,0,0,2,4,30" ten="255,155,355,235" oya="1" hai0="90,22,132,71,24,129,47,124,2,18,91,112,108" hai1="33,74,1,37,56,87,106,133,101,41,35,8,26" hai2="114,61,85,123,20,46,4,3,107,78,9,92,50" hai3="68,88,10,48,117,39,75,67,38,121,130,98,135"/><U99/><E74/><V6/><F123/><W73/><G121/><T131/><D112/><U14/><E133/><V83/><F107/><W44/><G135/><T21/><D132/><U134/><E1/><V19/><F114/><W77/><G117/><T31/><D71/><U126/><E134/><V122/><F122/><W113/><G113/><T36/><D2/><U104/><E126/><V102/><F4/><W51/><G130/><N who="0" m="49675" /><D108/><U115/><E115/><V84/><F61/><W110/><G110/><T40/><D124/><U105/><E87/><V86/><F102/><W34/><G34/><T27/><AGARI ba="0,0" hai="18,21,22,24,27,31,36,40,47,90,91" m="49675" machi="27" ten="30,1100,0" yaku="19,1" doraHai="30" who="0" fromWho="0" sc="255,11,155,-5,355,-3,235,-3" /><INIT seed="2,0,0,4,4,90" ten="266,150,352,232" oya="2" hai0="14,110,99,43,129,51,69,125,23,30,101,58,95" hai1="106,32,9,132,75,123,5,50,70,67,57,22,98" hai2="20,89,46,133,68,64,7,79,36,118,2,27,24" hai3="1,114,12,42,105,88,127,102,54,52,26,94,97"/><V31/><F118/><W82/><G1/><T56/><D69/><U65/><E32/><V15/><F2/><W28/><G127/><T45/><D125/><U122/><E75/><V72/><F133/><W16/><G114/><T17/><D110/><U107/><E132/><V39/><F89/><W92/><G42/><T0/><D0/><U8/><E70/><V10/><F46/><W104/><G82/><T112/><D112/><U66/><E22/><V120/><F120/><N who="1" m="46121" /><E50/><V73/><F27/><W6/><G104/><N who="1" m="39978" /><E57/><V25/><F72/><W53/><G6/><T96/><D129/><U48/><E48/><V109/><F73/><W21/><REACH who="3" step="1"/><G88/><REACH who="3" ten="266,150,352,222" step="2"/><T76/><D76/><U11/><E98/><V115/><F79/><W19/><G19/><T134/><D134/><U116/><E116/><V40/><F115/><W81/><G81/><T91/><D30/><U47/><E47/><V13/><F40/><W135/><G135/><T49/><D49/><U74/><E74/><V35/><F36/><W55/><N who="3" m="13824" /><DORA hai="100" /><W44/><G44/><T84/><D99/><U87/><E87/><V78/><F39/><W130/><G130/><T62/><D62/><U61/><E61/><V108/><F78/><W41/><G41/><T111/><D111/><U86/><E86/><V119/><F109/><W117/><G117/><T124/><D124/><U71/><E71/><V121/><F108/><W131/><G131/><T33/><D84/><U37/><E37/><V103/><F119/><W38/><G38/><T60/><D60/><U77/><E77/><V3/><F68/><W128/><G128/><RYUUKYOKU ba="0,1" sc="266,-15,150,15,352,-15,222,15" hai1="5,8,9,11,65,66,67" hai3="12,16,21,26,28,92,94,97,102,105" /><INIT seed="3,1,1,1,5,4" ten="251,165,337,237" oya="3" hai0="71,127,120,45,73,87,114,27,8,128,125,105,118" hai1="93,131,36,23,92,107,16,78,18,56,110,129,43" hai2="80,112,21,19,102,35,34,130,84,26,30,113,11" hai3="70,90,123,13,12,42,101,38,10,77,119,33,28"/><W48/><G119/><T51/><D73/><U31/><E110/><V44/><F130/><N who="1" m="49673" /><E107/><V121/><F121/><W126/><G123/><T67/><D105/><U46/><E78/><V82/><F82/><W108/><G38/><T52/><D128/><U54/><E31/><V79/><F102/><W63/><G126/><T85/><D118/><U14/><E18/><V61/><F61/><AGARI ba="1,1" hai="14,16,23,36,43,46,54,56,61,92,93" m="49673" machi="61" ten="30,2000,0" yaku="19,1,54,1" doraHai="4" who="1" fromWho="2" sc="251,0,165,33,337,-23,237,0" /><INIT seed="4,0,0,0,0,63" ten="251,198,314,237" oya="0" hai0="48,40,103,78,6,70,32,66,60,25,118,34,99" hai1="116,35,89,12,29,22,104,47,49,33,20,15,90" hai2="52,24,109,108,100,124,92,19,71,79,59,125,91" hai3="61,107,41,95,88,96,42,55,129,97,80,9,67"/><T74/><D118/><U1/><E104/><V5/><F71/><W133/><G133/><T122/><D122/><U8/><E116/><V30/><F100/><W86/><G129/><T26/><D6/><U105/><E105/><V4/><F19/><W113/><G113/><T85/><D85/><U123/><E123/><V43/><F43/><W127/><G127/><N who="2" m="48713" /><F79/><W128/><G128/><T119/><D119/><U18/><E89/><V76/><F76/><W3/><G55/><T64/><D48/><U112/><E90/><V111/><F91/><W23/><G23/><T135/><D40/><U72/><E72/><V16/><F92/><W81/><G107/><T37/><D135/><U132/><E112/><V84/><F84/><W65/><G61/><T31/><D37/><U69/><E69/><V110/><N who="2" m="28160" /><DORA hai="106" /><V101/><F101/><W21/><G41/><T134/><D134/><U53/><E132/><V102/><F102/><W39/><G42/><T94/><D78/><U58/><E1/><V7/><F16/><W120/><G39/><T115/><D74/><U27/><REACH who="1" step="1"/><E47/><REACH who="1" ten="251,188,314,237" step="2"/><V75/><F75/><W36/><G120/><T98/><D115/><U131/><E131/><V14/><F14/><W130/><G3/><T10/><D70/><U51/><E51/><N who="2" m="31135" /><F7/><AGARI ba="0,1" hai="7,8,12,15,18,20,22,27,29,33,35,49,53,58" machi="7" ten="30,8000,1" yaku="1,1,7,1,53,3" doraHai="63,106" doraHaiUra="28,0" who="1" fromWho="2" sc="251,0,188,90,314,-80,237,0" /><INIT seed="5,0,0,1,1,54" ten="251,278,234,237" oya="1" hai0="25,6,61,116,58,12,7,111,51,77,45,88,53" hai1="29,44,24,9,110,82,34,102,128,15,72,63,92" hai2="42,19,52,47,73,13,100,83,32,43,26,119,113" hai3="135,96,36,1,46,86,60,38,40,123,18,125,95"/><U134/><E128/><V20/><F119/><W99/><G123/><T55/><D111/><U64/><E134/><V22/><F32/><W67/><G1/><T57/><D77/><U131/><E131/><V115/><F100/><W16/><G135/><T84/><D116/><U76/><E110/><V31/><F73/><W124/><G38/><T3/><D3/><U104/><E104/><V112/><REACH who="2" step="1"/><F83/><REACH who="2" ten="251,278,224,237" step="2"/><W2/><G2/><T90/><D25/><U10/><E10/><V48/><AGARI ba="0,1" hai="13,19,20,22,26,31,42,43,47,48,52,112,113,115" machi="48" ten="40,12000,2" yaku="1,1,2,1,0,1,15,1,11,1,54,1,53,1" doraHai="54" doraHaiUra="8" who="2" fromWho="2" sc="251,-30,278,-60,224,130,237,-30" /><INIT seed="6,0,0,1,2,8" ten="221,218,354,207" oya="2" hai0="70,126,85,30,57,31,98,29,72,5,122,96,21" hai1="38,76,102,7,22,94,93,107,73,83,78,100,44" hai2="56,71,74,24,45,4,119,41,48,12,133,116,23" hai3="109,15,108,32,60,81,19,16,11,125,55,87,97"/><V46/><F71/><W47/><G32/><T66/><D72/><U82/><E22/><V13/><F74/><W25/><G125/><T114/><D70/><U129/><E7/><V18/><F133/><W26/><G97/><N who="0" m="37483" /><D122/><U123/><E38/><V130/><F130/><W101/><G101/><N who="1" m="39018" /><E44/><V111/><F111/><W106/><G106/><T1/><D1/><U62/><E62/><V17/><F4/><W113/><G113/><T89/><D114/><U115/><E115/><V120/><F120/><W27/><G19/><T134/><D126/><U124/><E123/><V103/><F103/><W69/><G69/><T0/><D134/><U36/><E36/><V117/><F56/><W54/><G60/><N who="0" m="38159" /><D0/><U50/><E124/><V105/><F105/><W42/><G55/><T43/><D43/><U52/><E107/><V68/><F68/><W79/><REACH who="3" step="1"/><G54/><REACH who="3" ten="221,218,354,197" step="2"/><T95/><D5/><U132/><E129/><V118/><F116/><W63/><G63/><T104/><D104/><U77/><E132/><V59/><F118/><W67/><G67/><T49/><D21/><U64/><E64/><V99/><F23/><W131/><G131/><T14/><D49/><AGARI ba="0,1" hai="11,15,16,25,26,27,42,47,49,79,81,87,108,109" machi="49" ten="40,5200,0" yaku="1,1,52,1,54,1,53,0" doraHai="8" doraHaiUra="135" who="3" fromWho="0" sc="221,-52,218,0,354,0,197,62" /><INIT seed="7,0,0,0,1,79" ten="169,218,354,259" oya="3" hai0="4,36,7,135,130,111,128,20,12,30,76,6,14" hai1="82,22,13,67,85,44,69,25,122,133,10,100,2" hai2="64,105,90,71,126,84,23,118,31,116,24,134,0" hai3="123,47,83,42,1,45,114,8,113,21,28,87,95"/><W56/><G123/><T39/><D111/><U94/><E122/><V55/><F0/><W96/><G56/><T33/><D33/><U77/><E133/><V110/><F110/><W104/><G104/><T106/><D106/><U73/><E2/><V17/><F105/><W101/><G28/><T119/><D119/><U121/><E121/><V86/><F134/><W107/><G107/><T92/><D135/><U26/><E73/><V131/><F131/><W74/><G21/><T29/><D92/><U120/><E120/><V59/><F126/><W70/><G70/><T51/><D51/><U57/><E69/><V18/><F71/><W78/><G87/><T54/><D76/><U91/><E100/><V5/><F64/><W88/><G101/><T48/><D48/><U112/><E44/><V99/><F5/><N who="3" m="1071" /><G45/><T40/><D20/><U75/><E22/><V81/><F99/><W34/><G34/><T97/><D97/><U65/><E65/><V60/><REACH who="2" step="1"/><F86/><REACH who="2" ten="169,218,344,259" step="2"/><W37/><AGARI ba="0,1" hai="37,42,47,74,78,83,88,95,96,113,114" m="1071" machi="37" ten="30,6000,0" yaku="25,1,52,1,54,1" doraHai="79" who="3" fromWho="3" sc="169,-20,218,-20,344,-20,259,70" owari="149,-35.0,198,-20.0,324,12.0,329,43.0" /></mjloggm>