<mjloggm ver="2.3"><GO type="169" lobby="0"/><UN n0="%6D%75%6B%69%74%74%69" n1="%E3%82%A6%E3%83%AB%E3%83%88%E3%83%A9%E7%AB%8B%E7%9B%B4" n2="%E9%96%A2%E4%B8%83%E6%B5%B7" n3="%63%68%6F%6E%6A%69" dan="16,17,17,16" rate="2065.44,2217.52,2144.21,2099.07" sx="M,M,M,M"/><TAIKYOKU oya="0"/><INIT seed="0,0,0,1,0,58" ten="250,250,250,250" oya="0" hai0="112,45,115,48,60,93,4,90,34,101,105,83,11" hai1="59,104,16,87,30,31,67,74,126,23,47,33,21" hai2="38,122,10,36,78,15,43,19,125,12,57,5,84" hai3="6,53,25,35,28,51,81,131,89,116,14,86,94"/><T130/><D34/><U32/><E74/><V17/><F122/><W62/><G131/><T119/><D119/><U37/><E104/><V3/><F125/><W68/><G116/><T118/><D118/><U69/><E69/><V46/><F38/><W54/><G81/><T55/><D130/><U80/><E126/><V24/><F24/><W7/><G14/><T72/><D105/><U107/><E107/><V113/><F113/><W66/><REACH who="3" step="1"/><G54/><REACH who="3" ten="250,250,250,240" step="2"/><T88/><D112/><U2/><E80/><V40/><F15/><W102/><G102/><T44/><D115/><U124/><E2/><V13/><F13/><W26/><G26/><T29/><D101/><U92/><E124/><V77/><F3/><W121/><G121/><T79/><D55/><U82/><E82/><V132/><F12/><W50/><G50/><T71/><D48/><U108/><E37/><V56/><F36/><W1/><G1/><T85/><D83/><U127/><E127/><V76/><F10/><W22/><G22/><T129/><D11/><U18/><E23/><V75/><F75/><W9/><G9/><T39/><D72/><U64/><E21/><V120/><F120/><W41/><G41/><T110/><D129/><U117/><E117/><V65/><F43/><W109/><G109/><T103/><D39/><U91/><E108/><V106/><F40/><W61/><G61/><T99/><D60/><U20/><E20/><V134/><F134/><W63/><G63/><T70/><D110/><U73/><E73/><V97/><F132/><W8/><G8/><T128/><D128/><U95/><E32/><RYUUKYOKU ba="0,1" sc="250,-10,250,-10,250,-10,240,30" hai3="6,7,25,28,35,51,53,62,66,68,86,89,94" /><INIT seed="1,1,1,2,5,3" ten="240,240,240,270" oya="1" hai0="114,122,132,42,60,113,102,61,35,74,108,5,12" hai1="39,51,131,49,77,98,112,28,41,55,64,50,96" hai2="21,92,85,11,73,123,80,133,2,25,79,119,32" hai3="43,116,57,30,94,71,134,101,20,56,97,128,117"/><U87/><E112/><V53/><F123/><W125/><G125/><T105/><D74/><U78/><E39/><V38/><F119/><N who="3" m="45643" /><G134/><T1/><D1/><U89/><E131/><V126/><F126/><W65/><G43/><T67/><D35/><U75/><E75/><V135/><F32/><W84/><G84/><T8/><D132/><N who="2" m="50762" /><F38/><W130/><G71/><T26/><D122/><U37/><E37/><V76/><F53/><W16/><G30/><T6/><D108/><U86/><E64/><V66/><F66/><W104/><G104/><T45/><D26/><U63/><E28/><N who="2" m="17455" /><F92/><W111/><G111/><T99/><D61/><U22/><E41/><V115/><F115/><W17/><G17/><T44/><D44/><U15/><E63/><V81/><F2/><W0/><G0/><T29/><D29/><U70/><E70/><V54/><F54/><W93/><G93/><T68/><REACH who="0" step="1"/><D6/><REACH who="0" ten="230,240,240,270" step="2"/><U129/><E129/><N who="3" m="49770" /><G65/><T103/><D103/><U109/><E109/><V23/><F73/><W7/><G7/><T106/><D106/><U95/><E55/><V47/><F47/><W13/><AGARI ba="1,2" hai="13,16,20,56,57,94,97,101" m="49770,45643" machi="13" ten="30,4000,0" yaku="12,1,19,1,54,1" doraHai="3" who="3" fromWho="3" sc="230,-11,240,-21,240,-11,270,63" /><INIT seed="2,0,0,3,0,114" ten="219,219,229,333" oya="2" hai0="107,48,121,59,130,7,38,95,56,99,115,76,10" hai1="0,79,12,80,21,17,93,120,4,35,65,128,41" hai2="6,127,32,43,62,33,27,101,112,19,47,54,78" hai3="20,1,13,75,29,126,36,96,82,67,133,87,26"/><V84/><F127/><W3/><G75/><T14/><D38/><U103/><E128/><V51/><F112/><W69/><G36/><T124/><D115/><U70/><E120/><V83/><F6/><W109/><G109/><T92/><D121/><U100/><E70/><V40/><F101/><W58/><G69/><T90/><D130/><U42/><E65/><V63/><F33/><W55/><G67/><T77/><D124/><U134/><E134/><V44/><F32/><W50/><G133/><T11/><D107/><U57/><E35/><V73/><F73/><W8/><G96/><N who="0" m="57367" /><D11/><U39/><E57/><N who="0" m="22089" /><D48/><U110/><E93/><V97/><F97/><W31/><G126/><T66/><D66/><U122/><E42/><N who="2" m="15915" /><F47/><W98/><G98/><T34/><D34/><U9/><E110/><V61/><F61/><W74/><G74/><T64/><D64/><U60/><E60/><V105/><F105/><W85/><G85/><T24/><D24/><U94/><E122/><V116/><F62/><W46/><G58/><T49/><D49/><U18/><E94/><V118/><F63/><W81/><G81/><T86/><D86/><U125/><E125/><V25/><F27/><W53/><G1/><T132/><D132/><U131/><E131/><V22/><F84/><W89/><G3/><T28/><D28/><U117/><E39/><V104/><F104/><W106/><G31/><T88/><AGARI ba="0,0" hai="7,10,14,76,77,88,95,99" m="22089,57367" machi="88" ten="30,2000,0" yaku="8,1,54,1" doraHai="114" who="0" fromWho="0" sc="219,20,219,-5,229,-10,333,-5" /><INIT seed="3,0,0,4,4,29" ten="239,214,219,328" oya="3" hai0="51,76,38,58,62,9,96,113,118,75,28,100,89" hai1="74,14,103,110,109,27,131,101,70,133,10,43,32" hai2="46,52,33,11,54,127,98,99,19,114,88,116,123" hai3="48,17,24,80,35,67,124,50,15,57,30,47,20"/><W56/><G124/><T60/><D38/><U55/><E74/><V61/><F116/><W68/><G50/><T106/><D118/><U45/><E70/><V21/><F114/><W97/><G97/><T71/><D113/><U126/><E55/><V23/><F127/><W128/><G128/><T12/><D71/><U83/><E83/><V115/><F115/><W44/><G44/><T111/><D111/><N who="1" m="42507" /><E126/><V102/><F123/><W105/><G105/><T22/><D89/><U37/><E133/><V125/><F125/><W5/><G5/><T63/><D76/><U84/><E84/><V0/><F0/><W92/><G92/><T86/><D86/><U1/><E1/><V36/><F36/><W82/><G82/><T134/><D75/><U73/><E73/><V40/><F40/><W59/><G68/><T2/><D134/><U26/><E26/><V107/><F46/><W13/><G80/><T90/><D90/><U31/><E131/><V130/><F130/><W121/><G121/><T6/><D51/><U8/><E8/><V69/><F69/><W4/><G4/><AGARI ba="0,0" hai="4,10,14,27,31,32,37,43,45,101,103" m="42507" machi="4" ten="30,2000,0" yaku="14,1,52,1" doraHai="29" who="1" fromWho="3" sc="239,0,214,20,219,0,328,-20" /><INIT seed="4,0,0,0,4,4" ten="239,234,219,308" oya="0" hai0="12,81,40,16,75,55,88,63,47,93,18,70,87" hai1="73,109,135,79,127,107,10,116,83,24,8,114,122" hai2="50,62,39,19,119,31,80,7,71,23,86,74,53" hai3="112,101,102,20,22,117,103,125,26,108,60,126,13"/><T121/><D121/><U2/><RYUUKYOKU type="yao9" ba="0,0" sc="239,0,234,0,219,0,308,0" hai1="2,8,10,24,73,79,83,107,109,114,116,122,127,135" /><INIT seed="4,1,0,4,5,122" ten="239,234,219,308" oya="0" hai0="9,57,96,130,104,5,123,36,121,13,94,41,118" hai1="128,62,31,46,132,32,110,15,20,114,69,3,38" hai2="87,91,76,108,18,4,82,40,112,83,75,134,124" hai3="10,11,60,79,103,43,61,119,97,56,89,77,23"/><T65/><D118/><U51/><E3/><V106/><F112/><W19/><G119/><T34/><D34/><U2/><E2/><V42/><F124/><W54/><G61/><T101/><D130/><U8/><E32/><V47/><F106/><W78/><G103/><T95/><D65/><N who="1" m="41143" /><E20/><V85/><F4/><W64/><G64/><T73/><D73/><U44/><E31/><V28/><F28/><W17/><G43/><T12/><D57/><U37/><E15/><V88/><F134/><W25/><G19/><T115/><D115/><U16/><E16/><V22/><F108/><W29/><G29/><T14/><D123/><U71/><E8/><V50/><F42/><W133/><G133/><T49/><D121/><U30/><E30/><V107/><F107/><W26/><G26/><T0/><REACH who="0" step="1"/><D36/><REACH who="0" ten="229,234,219,308" step="2"/><U93/><E37/><V68/><F68/><W127/><G127/><T1/><D1/><U70/><E114/><V109/><F75/><W125/><G125/><T6/><D6/><U59/><E128/><V113/><F113/><W100/><G100/><T55/><D55/><U102/><E59/><V66/><F66/><W135/><G135/><T39/><D39/><U21/><E38/><V117/><F117/><W72/><G72/><T105/><D105/><U116/><E116/><V52/><F52/><W86/><G97/><T7/><D7/><U63/><E70/><V126/><F126/><W35/><G35/><T92/><D92/><AGARI ba="1,1" hai="10,11,17,23,25,54,56,60,77,78,79,86,89,92" machi="92" ten="40,1300,0" yaku="8,1" doraHai="122" who="3" fromWho="0" sc="229,-16,234,0,219,0,308,26" /><INIT seed="5,0,0,0,5,13" ten="213,234,219,334" oya="1" hai0="49,26,110,34,11,55,2,15,108,81,128,20,47" hai1="4,102,44,40,14,77,109,130,97,35,94,132,68" hai2="8,106,50,78,121,3,86,124,74,105,70,62,80" hai3="79,57,29,123,120,113,54,37,27,42,122,116,56"/><U104/><E35/><V98/><F121/><W83/><G113/><T114/><D114/><U23/><E68/><V45/><F124/><W36/><G116/><T71/><D71/><U7/><E130/><V112/><F112/><W131/><G131/><T107/><D128/><U22/><E132/><V9/><F74/><W133/><G133/><T84/><D107/><U90/><E77/><V16/><F3/><W125/><G125/><T66/><D66/><U48/><E109/><V88/><F9/><W92/><G92/><T33/><D2/><U64/><E64/><V100/><F105/><W19/><G19/><N who="0" m="8703" /><D34/><U72/><E72/><V126/><F126/><W32/><G42/><T63/><D63/><U53/><E40/><V46/><F78/><W89/><G89/><N who="0" m="51343" /><D33/><U24/><E102/><V96/><F96/><W119/><G119/><T101/><D101/><U117/><E104/><V17/><F8/><W43/><G43/><T60/><D60/><U73/><E73/><V85/><F85/><W129/><G129/><T6/><D6/><U65/><E65/><V51/><F62/><W69/><G69/><T134/><D134/><U12/><E117/><V0/><F0/><W93/><G123/><T111/><D111/><U91/><E91/><V18/><REACH who="2" step="1"/><F70/><REACH who="2" ten="213,234,209,334" step="2"/><W59/><G122/><T1/><D1/><U21/><E7/><V30/><F30/><AGARI ba="0,1" hai="20,26,30,47,49,55,108,110" m="51343,8703" machi="30" ten="30,2000,0" yaku="25,1,52,1" doraHai="13" who="0" fromWho="2" sc="213,30,234,0,209,-20,334,0" /><INIT seed="6,0,0,3,3,8" ten="243,234,189,334" oya="2" hai0="68,22,101,74,99,125,9,72,6,85,41,24,131" hai1="123,21,64,75,120,129,77,45,118,34,11,130,103" hai2="59,90,25,0,114,20,28,56,49,100,58,73,117" hai3="51,33,127,17,63,3,43,121,2,10,29,134,111"/><V48/><F117/><W4/><G111/><T107/><D68/><U12/><E103/><V87/><F73/><W7/><G63/><T93/><D125/><U113/><E64/><V110/><F0/><W55/><G43/><T79/><D131/><N who="1" m="50187" /><E34/><V26/><F114/><W81/><G121/><T61/><D41/><U65/><E65/><V135/><F135/><W23/><G127/><T106/><D61/><U86/><E75/><V115/><F115/><W94/><G81/><T122/><D122/><U27/><E113/><V66/><F66/><W52/><G7/><T102/><D74/><U97/><E97/><V76/><F76/><W44/><G2/><T15/><D72/><U78/><E45/><V19/><F100/><W50/><G134/><T132/><D132/><U46/><E46/><V53/><F49/><W40/><G51/><T38/><D38/><U57/><E57/><V35/><REACH who="2" step="1"/><F110/><REACH who="2" ten="243,234,179,334" step="2"/><W128/><G128/><T91/><D79/><U104/><E118/><V80/><AGARI ba="0,1" hai="19,20,25,26,28,35,48,53,56,58,59,80,87,90" machi="80" ten="20,7800,0" yaku="1,1,2,1,0,1,7,1,53,0" doraHai="8" doraHaiUra="105" who="2" fromWho="2" sc="243,-26,234,-26,179,88,334,-26" /><INIT seed="6,1,0,3,4,17" ten="217,208,267,308" oya="2" hai0="16,88,116,132,77,113,101,21,72,92,46,102,33" hai1="85,104,6,108,40,31,62,19,100,67,3,65,118" hai2="58,42,59,60,91,2,34,76,90,26,41,37,71" hai3="112,18,36,5,103,129,93,22,78,106,53,121,96"/><V89/><F2/><W14/><G121/><T128/><D33/><U11/><E108/><V107/><F107/><W109/><G109/><T97/><D113/><U30/><E118/><V57/><F76/><W98/><G129/><T74/><D128/><U87/><E40/><V69/><F37/><W115/><G78/><T75/><D132/><U32/><E67/><V110/><F110/><W10/><G53/><T54/><D116/><U55/><E55/><V79/><F79/><W35/><G35/><T95/><D77/><U39/><E39/><V130/><F130/><W135/><G135/><T45/><D54/><U70/><E19/><V44/><F44/><W134/><G36/><T15/><REACH who="0" step="1"/><D102/><REACH who="0" ten="207,208,267,308" step="2"/><U114/><E114/><N who="3" m="43562" /><G134/><T84/><AGARI ba="1,1" hai="15,16,21,45,46,72,74,75,84,88,92,95,97,101" machi="84" ten="30,12000,2" yaku="1,1,0,1,52,1,54,2,53,1" doraHai="17" doraHaiUra="99" who="0" fromWho="0" sc="207,133,208,-31,267,-61,308,-31" /><INIT seed="7,0,0,3,3,52" ten="340,177,206,277" oya="3" hai0="113,2,56,24,64,107,112,55,8,87,15,69,19" hai1="80,102,17,46,123,106,63,82,122,125,13,35,27" hai2="60,26,5,57,127,11,119,51,10,33,89,111,91" hai3="83,99,62,59,124,47,67,98,92,9,100,74,88"/><W29/><G124/><T130/><D107/><U131/><E125/><V120/><F111/><W54/><G9/><N who="2" m="3081" /><F33/><W86/><G29/><T93/><D130/><U77/><E131/><V72/><F72/><W117/><G117/><T12/><D2/><U65/><E13/><V1/><F1/><W23/><G23/><T128/><D128/><U101/><E80/><V76/><F119/><W4/><G4/><T66/><D24/><U103/><E106/><V108/><F108/><W40/><G99/><T6/><D69/><U31/><E17/><V50/><F76/><W129/><G129/><T126/><D126/><U58/><REACH who="1" step="1"/><E46/><REACH who="1" ten="340,167,206,277" step="2"/><V104/><F104/><W70/><G74/><AGARI ba="0,1" hai="27,31,35,58,63,65,74,77,82,101,102,103,122,123" machi="74" ten="40,5200,0" yaku="1,1,2,1,52,1,53,0" doraHai="52" doraHaiUra="135" who="1" fromWho="3" sc="340,0,167,62,206,0,277,-52" owari="340,43.0,229,3.0,206,-29.0,225,-17.0" /></mjloggm>