<mjloggm ver="2.3"><GO type="169" lobby="0"/><UN n0="%E3%83%94%E3%82%AB%E6%A7%98" n1="%E5%B0%B1%E6%B4%BB%E7%94%9F%40%E5%B7%9D%E6%9D%91%E8%BB%8D%E5%9B%A3" n2="%E3%81%82%E3%83%BC%E3%82%8A%E3%82%93%E3%81%A7%E3%81%99%E3%80%82%E2%98%86" n3="%E3%82%82%E3%81%A3%E3%81%A1%E3%82%87" dan="16,17,16,16" rate="2081.32,2210.82,2036.98,2078.02" sx="M,M,F,F"/><TAIKYOKU oya="0"/><INIT seed="0,0,0,1,0,11" ten="250,250,250,250" oya="0" hai0="101,20,1,40,67,115,129,90,31,69,110,97,29" hai1="48,0,55,37,91,106,82,35,125,14,49,25,131" hai2="17,58,4,128,62,79,93,105,113,43,39,132,112" hai3="120,16,114,22,46,99,108,85,61,13,72,102,118"/><T116/><D115/><U123/><E0/><V66/><F105/><W52/><G114/><T73/><D116/><U56/><E37/><V12/><F132/><W86/><G118/><T36/><D1/><U96/><E123/><V77/><F128/><W41/><G72/><T89/><D73/><U9/><E131/><V107/><F107/><W100/><G108/><T121/><D121/><U70/><E70/><V130/><F130/><W76/><G120/><T109/><D129/><U87/><E125/><V57/><F4/><W104/><G102/><T122/><D122/><U30/><E106/><V124/><F124/><W75/><G76/><T7/><D7/><U94/><E49/><V38/><F58/><W6/><G75/><T133/><D133/><U126/><E126/><V59/><F59/><W51/><G61/><N who="0" m="40175" /><D40/><U68/><E68/><V63/><F113/><W84/><REACH who="3" step="1"/><G6/><REACH who="3" ten="250,250,250,240" step="2"/><T78/><D78/><U44/><E56/><V135/><F112/><W33/><G33/><T28/><D101/><U42/><E42/><AGARI ba="0,1" hai="13,16,22,41,42,46,51,52,84,85,86,99,100,104" machi="42" ten="40,8000,1" yaku="1,1,52,1,54,2,53,1" doraHai="11" doraHaiUra="95" who="3" fromWho="1" sc="250,0,250,-80,250,0,240,90" /><INIT seed="1,0,0,1,1,69" ten="250,170,250,330" oya="1" hai0="102,48,74,71,38,66,2,55,124,80,107,50,82" hai1="91,10,94,103,45,33,114,18,90,24,57,13,98" hai2="76,100,120,35,108,119,112,1,27,53,12,126,51" hai3="99,93,122,104,89,133,111,109,30,75,83,9,17"/><U135/><E114/><V47/><F112/><W129/><G30/><T25/><D2/><U70/><E70/><V85/><F119/><W130/><G17/><T41/><D74/><U131/><E135/><V81/><F120/><W118/><G9/><T44/><D124/><U72/><E131/><N who="3" m="50186" /><G122/><T11/><D11/><U40/><E72/><V115/><F126/><W29/><G29/><T125/><D125/><U39/><E33/><V121/><F121/><W43/><G43/><T110/><D110/><N who="3" m="41993" /><G133/><T15/><D41/><U128/><E128/><V95/><F108/><W127/><G127/><T68/><D68/><U59/><E24/><V16/><F115/><W113/><G113/><T92/><D25/><U63/><REACH who="1" step="1"/><E59/><REACH who="1" ten="250,160,250,330" step="2"/><V58/><F58/><W123/><G123/><T52/><D71/><U31/><E31/><V117/><F27/><W67/><G118/><T78/><D44/><U116/><E116/><V8/><F117/><W37/><G104/><T84/><D107/><U132/><E132/><V77/><F35/><W96/><G67/><AGARI ba="0,1" hai="10,13,18,39,40,45,57,63,67,90,91,94,98,103" machi="67" ten="30,5800,0" yaku="1,1,7,1,52,1,53,0" doraHai="69" doraHaiUra="22" who="1" fromWho="3" sc="250,0,160,68,250,0,330,-58" /><INIT seed="1,1,0,0,1,12" ten="250,228,250,272" oya="1" hai0="36,91,101,23,54,104,113,26,39,125,79,130,92" hai1="93,85,128,7,10,134,82,120,1,90,60,72,100" hai2="53,13,19,124,6,21,83,31,109,68,29,74,32" hai3="49,119,15,11,133,78,123,14,126,50,9,51,80"/><U8/><E120/><V41/><F109/><W73/><G123/><T115/><D79/><U102/><E128/><V71/><F124/><W66/><G126/><T122/><D125/><U27/><E134/><V24/><F41/><W61/><G133/><T97/><D54/><U117/><E117/><V55/><F31/><W106/><G106/><T96/><D122/><U20/><E8/><V118/><F118/><W67/><G61/><T86/><D130/><U107/><E107/><V95/><F95/><W22/><G22/><T103/><D39/><U2/><E2/><V70/><REACH who="2" step="1"/><F6/><REACH who="2" ten="250,228,240,272" step="2"/><W28/><G28/><T37/><D37/><U16/><E72/><V33/><F33/><W56/><G119/><T94/><REACH who="0" step="1"/><D36/><REACH who="0" ten="240,228,240,272" step="2"/><U127/><E127/><V84/><F84/><W0/><G73/><T111/><D111/><U121/><E121/><V62/><F62/><W59/><G0/><T35/><D35/><U99/><REACH who="1" step="1"/><E60/><REACH who="1" ten="240,218,240,272" step="2"/><V25/><F25/><W75/><G75/><T4/><D4/><U77/><AGARI ba="1,3" hai="1,7,10,16,20,27,77,82,85,90,93,99,100,102" machi="77" ten="20,18000,2" yaku="1,1,2,1,0,1,7,1,52,1,54,1,53,1" doraHai="12" doraHaiUra="81" who="1" fromWho="1" sc="240,-61,218,213,240,-61,272,-61" /><INIT seed="1,2,0,3,2,13" ten="179,431,179,211" oya="1" hai0="17,32,85,48,35,58,100,122,28,65,19,81,123" hai1="62,67,115,101,4,77,73,46,64,106,105,104,57" hai2="99,41,134,49,84,111,7,8,96,118,30,52,29" hai3="55,76,39,63,110,88,112,20,37,130,51,24,42"/><U133/><E115/><V75/><F118/><W91/><G112/><T125/><D100/><U15/><E133/><V82/><F75/><W78/><G110/><T69/><D69/><U102/><E67/><V120/><F134/><W11/><G130/><T14/><D125/><U113/><E113/><V31/><F111/><W2/><G63/><N who="0" m="38135" /><D48/><U86/><E73/><V9/><F41/><W119/><G119/><T10/><D28/><U26/><E26/><V74/><F74/><W68/><G68/><T23/><D85/><U5/><E46/><N who="2" m="27703" /><F120/><N who="0" m="46122" /><D81/><U60/><E60/><V83/><F83/><W3/><G37/><T103/><D103/><U47/><E47/><V53/><F53/><W21/><G42/><T95/><D95/><U6/><E77/><N who="2" m="46159" /><F7/><W43/><G43/><T79/><D79/><U71/><E71/><V126/><F126/><W36/><G55/><T22/><D10/><AGARI ba="2,0" hai="8,9,10,29,30,31,96,99" m="46159,27703" machi="10" ten="30,2000,0" yaku="8,1,54,1" doraHai="13" who="2" fromWho="0" sc="179,-26,431,0,179,26,211,0" /><INIT seed="2,0,0,2,4,107" ten="153,431,205,211" oya="2" hai0="96,31,55,58,91,52,13,21,80,94,51,104,1" hai1="110,88,89,112,111,103,42,102,20,115,38,85,78" hai2="50,106,134,95,40,28,97,35,11,54,59,76,45" hai3="86,114,24,68,125,23,14,74,135,10,4,128,7"/><V48/><F106/><W0/><G68/><T3/><D104/><U39/><E20/><V70/><F70/><W41/><G41/><T81/><D3/><U120/><E42/><V26/><F134/><W79/><G86/><T60/><D1/><U6/><E6/><V126/><F11/><N who="3" m="2439" /><G74/><T62/><D62/><U122/><E85/><V101/><REACH who="2" step="1"/><F76/><AGARI ba="0,0" hai="38,39,76,78,88,89,102,103,110,111,112,115,120,122" machi="76" ten="25,3200,0" yaku="22,2,54,1" doraHai="107" who="1" fromWho="2" sc="153,0,431,32,205,-32,211,0" /><INIT seed="3,0,0,3,0,112" ten="153,463,173,211" oya="3" hai0="16,61,1,87,58,77,76,75,3,55,40,124,20" hai1="65,7,95,121,0,129,84,51,52,109,39,132,31" hai2="21,2,104,96,114,91,12,133,4,122,134,67,30" hai3="35,17,68,130,24,62,13,36,64,101,81,119,60"/><W14/><G36/><T37/><D75/><U46/><E121/><V48/><F114/><W54/><G130/><T8/><D124/><U56/><E129/><V80/><F2/><W6/><G6/><T78/><D8/><U102/><E132/><N who="2" m="50795" /><F122/><W22/><G35/><T69/><D69/><U99/><E109/><V106/><F67/><W63/><G101/><T108/><D108/><U28/><E0/><V26/><F48/><W115/><G115/><T125/><D125/><U9/><E9/><N who="2" m="4135" /><F96/><W97/><G97/><T18/><D87/><AGARI ba="0,0" hai="21,26,30,80,87,91,104,106" m="4135,50795" machi="87" ten="30,1000,0" yaku="20,1" doraHai="112" who="2" fromWho="0" sc="153,-10,463,0,173,10,211,0" /><INIT seed="4,0,0,5,5,11" ten="143,463,183,211" oya="0" hai0="87,130,42,36,86,69,16,133,67,114,21,129,100" hai1="37,32,128,48,6,29,82,46,96,74,20,23,112" hai2="44,40,13,109,19,70,94,104,56,95,126,103,80" hai3="3,108,120,85,54,49,58,93,8,7,63,43,55"/><T105/><D36/><U101/><E128/><N who="0" m="49257" /><D42/><U134/><E134/><V45/><F109/><W124/><G108/><T39/><D39/><U27/><E112/><V60/><F70/><W88/><G124/><T115/><D69/><U97/><E37/><V123/><F123/><W122/><REACH who="3" step="1"/><G43/><REACH who="3" ten="143,463,183,201" step="2"/><T47/><D114/><U51/><E51/><V116/><F126/><W78/><G78/><T5/><D115/><U41/><E48/><V62/><F62/><W31/><G31/><T38/><D38/><U131/><E41/><V113/><F60/><W73/><G73/><T17/><D133/><U2/><E29/><V118/><F113/><W135/><G135/><T65/><D65/><U57/><E74/><V125/><F40/><W10/><G10/><T119/><D67/><U4/><E131/><V64/><F125/><W83/><G83/><T71/><D119/><U76/><E82/><V61/><F80/><W102/><G102/><T24/><D100/><U132/><E76/><V121/><F118/><W66/><G66/><T18/><D71/><U22/><E101/><V106/><F116/><W91/><G91/><T33/><D105/><U90/><E132/><V28/><F103/><W59/><AGARI ba="0,1" hai="3,7,8,49,54,55,58,59,63,85,88,93,120,122" machi="59" ten="30,7900,0" yaku="1,1,0,1,54,1,53,1" doraHai="11" doraHaiUra="1" who="3" fromWho="3" sc="143,-39,463,-20,183,-20,201,89" /><INIT seed="5,0,0,3,0,127" ten="104,443,163,290" oya="1" hai0="4,40,28,27,89,76,20,95,59,67,63,88,38" hai1="48,106,120,9,92,131,132,33,123,118,91,104,14" hai2="119,103,117,34,77,62,0,110,73,49,71,79,12" hai3="57,84,109,102,135,96,25,39,8,2,43,105,101"/><U47/><E33/><V124/><F0/><W116/><G109/><T46/><D76/><U97/><E118/><V31/><F110/><W69/><G102/><T94/><REACH who="0" step="1"/><D4/><REACH who="0" ten="94,443,163,290" step="2"/><U24/><E123/><V29/><F79/><W36/><G116/><T41/><D41/><U3/><E120/><V18/><F77/><W134/><G43/><T56/><D56/><U22/><E132/><V6/><F117/><W23/><G57/><T30/><D30/><U70/><E70/><V26/><F31/><W81/><G69/><T1/><D1/><U108/><E3/><V10/><F119/><W107/><G2/><T100/><D100/><U11/><E108/><V15/><F103/><W17/><G135/><T19/><D19/><U113/><E113/><V93/><F124/><W13/><G134/><T7/><D7/><U75/><E75/><V64/><F73/><W37/><G107/><T86/><D86/><U74/><E74/><V45/><F18/><W44/><G84/><T82/><D82/><U65/><E106/><V72/><F72/><W68/><G81/><T125/><D125/><U115/><E104/><V90/><F93/><AGARI ba="0,1" hai="20,27,28,38,40,46,59,63,67,88,89,93,94,95" machi="93" ten="40,2600,0" yaku="1,1,54,1,53,0" doraHai="127" doraHaiUra="111" who="0" fromWho="2" sc="94,36,443,0,163,-26,290,0" /><INIT seed="6,0,0,5,5,48" ten="130,443,137,290" oya="2" hai0="72,21,90,125,26,53,12,103,17,44,132,96,97" hai1="93,61,56,98,116,82,122,129,33,36,86,5,80" hai2="11,57,66,108,83,130,134,40,27,20,30,0,105" hai3="39,15,31,109,100,76,79,67,117,88,87,113,46"/><V58/><F105/><W52/><G109/><T29/><D72/><U133/><E36/><V84/><F108/><W99/><G117/><T135/><D125/><U106/><E116/><V41/><F134/><N who="0" m="51242" /><D90/><U10/><E106/><V14/><F130/><W13/><G113/><T4/><D4/><U81/><E33/><V89/><F0/><W104/><G67/><T1/><D1/><U75/><E122/><V126/><F126/><W70/><G70/><T42/><D103/><U78/><E133/><V110/><F110/><W115/><G31/><T49/><D42/><N who="2" m="16490" /><F66/><W2/><G2/><T73/><D73/><U45/><E129/><V128/><F128/><W24/><G39/><T111/><D111/><U95/><E75/><V91/><F89/><W120/><G115/><T118/><D118/><U47/><E10/><AGARI ba="0,0" hai="10,12,17,21,26,29,44,49,53,96,97" m="51242" machi="10" ten="30,2000,0" yaku="20,1,52,1" doraHai="48" who="0" fromWho="1" sc="130,20,443,-20,137,0,290,0" /><INIT seed="7,0,0,5,0,52" ten="150,423,137,290" oya="3" hai0="96,108,65,40,115,85,118,134,27,35,107,37,98" hai1="44,124,61,75,74,46,67,21,66,42,5,24,54" hai2="58,69,18,122,45,127,14,88,132,73,105,62,112" hai3="10,131,117,47,123,86,23,72,8,41,130,33,49"/><W103/><G123/><T55/><D108/><U77/><E124/><V92/><F122/><W110/><G33/><T17/><D118/><U97/><E5/><V30/><F127/><W15/><G72/><T36/><D115/><U63/><E97/><N who="2" m="57479" /><F112/><W13/><G117/><T116/><D134/><U83/><E74/><V128/><F73/><W20/><G110/><T89/><D116/><U80/><E80/><V79/><F128/><N who="3" m="49195" /><G86/><T84/><D84/><N who="1" m="48239" /><E42/><V38/><F69/><W111/><G103/><T93/><D17/><N who="1" m="12335" /><E75/><V99/><F105/><W6/><G111/><T70/><D107/><U68/><E68/><V7/><F132/><W101/><G101/><T104/><D104/><U22/><E22/><N who="2" m="11607" /><F38/><W119/><G119/><T76/><D37/><U9/><E9/><V3/><F79/><W2/><G2/><T91/><D76/><U29/><E29/><V11/><F30/><W90/><G90/><T135/><D89/><U48/><E44/><V129/><F129/><W16/><AGARI ba="0,0" hai="6,8,10,13,15,16,20,23,41,47,49" m="49195" machi="16" ten="30,3000,0" yaku="19,1,54,1" doraHai="52" who="3" fromWho="3" sc="150,-10,423,-10,137,-10,290,30" /><INIT seed="7,1,0,3,2,13" ten="140,413,127,320" oya="3" hai0="17,99,134,7,11,103,104,6,113,35,24,33,102" hai1="44,84,38,66,54,87,128,39,43,47,22,107,130" hai2="31,83,56,15,70,88,116,53,125,55,2,71,124" hai3="5,63,112,59,72,110,12,117,18,58,106,96,20"/><W16/><G117/><T74/><D74/><U129/><E107/><V114/><F2/><W50/><G72/><T1/><D7/><U131/><E131/><V127/><F116/><W49/><G112/><T123/><D123/><U94/><E66/><V4/><F114/><W86/><G110/><T89/><D113/><U21/><E94/><V52/><F31/><W57/><G106/><T135/><D103/><U75/><E75/><V45/><F45/><N who="1" m="17481" /><E54/><V48/><F4/><W80/><G96/><T34/><REACH who="0" step="1"/><D89/><REACH who="0" ten="130,413,127,320" step="2"/><U65/><E65/><V115/><F115/><W126/><G126/><T95/><D95/><U67/><E67/><V82/><F15/><N who="3" m="9247" /><G5/><T37/><D37/><N who="1" m="13835" /><E43/><V119/><F119/><W111/><G111/><T121/><D121/><U8/><E8/><V97/><F83/><W32/><G32/><T46/><D46/><U42/><E42/><V120/><F120/><W36/><G36/><T28/><D28/><U25/><E22/><AGARI ba="1,1" hai="1,6,11,17,22,24,33,34,35,99,102,104,134,135" machi="22" ten="50,3200,0" yaku="1,1,52,1,53,0" doraHai="13" doraHaiUra="68" who="0" fromWho="1" sc="130,45,413,-35,127,0,320,0" owari="175,-22.0,378,47.0,127,-37.0,320,12.0" /></mjloggm>