<mjloggm ver="2.3"><GO type="41" lobby="0"/><UN n0="%E6%8C%AF%E8%BE%BC%E3%81%BF%E8%A9%90%E6%AC%BA%E5%B8%AB" n1="%E3%83%99%E3%82%BF%E3%82%AA%E3%83%AA%E3%83%9E%E3%83%8B%E3%82%A2" n2="%E5%B0%B1%E6%B4%BB%E7%94%9F%40%E5%B7%9D%E6%9D%91%E8%BB%8D%E5%9B%A3" n3="%E3%81%AF%E3%81%92%E3%81%9F%E3%81%8A%E3%81%A3%E3%81%95%E3%82%93%EF%BC%A0" dan="13,14,17,14" rate="1864.93,1806.89,2196.10,2018.43" sx="M,M,M,M"/><TAIKYOKU oya="0"/><INIT seed="0,0,0,3,1,71" ten="250,250,250,250" oya="0" hai0="35,128,127,87,75,3,66,6,38,36,94,46,5" hai1="28,105,65,29,112,69,15,109,97,115,86,32,8" hai2="92,110,54,40,83,57,124,85,73,95,7,119,21" hai3="41,82,118,62,27,64,60,16,79,34,111,135,100"/><T78/><D35/><U76/><E109/><V70/><F70/><W10/><G118/><T107/><D107/><U131/><E131/><V104/><F119/><W55/><G111/><T24/><D24/><U120/><E120/><V126/><F104/><W108/><G108/><T56/><D128/><U43/><E69/><V12/><F73/><W133/><G100/><T90/><D78/><U33/><E65/><V93/><F40/><W91/><G91/><T17/><D75/><U72/><E43/><V103/><F103/><W25/><G41/><T125/><D17/><N who="1" m="8423" /><E72/><V1/><F1/><W58/><G34/><N who="1" m="13418" /><E105/><V53/><F110/><W132/><G27/><T37/><D46/><U130/><E97/><V45/><F45/><W0/><G0/><T14/><D3/><U47/><E47/><V98/><F98/><W26/><G26/><T2/><D2/><U99/><E99/><V9/><F21/><W81/><G79/><T74/><D74/><U114/><E130/><V121/><F121/><W52/><G55/><T63/><REACH who="0" step="1"/><D14/><REACH who="0" ten="240,250,250,250" step="2"/><U101/><E76/><V122/><F122/><W44/><G25/><T48/><D48/><U19/><E115/><V134/><F12/><N who="3" m="7191" /><G44/><T123/><D123/><U30/><E114/><V13/><F13/><W22/><G22/><T67/><D67/><U49/><E49/><V84/><F7/><AGARI ba="0,1" hai="5,6,7,36,37,38,56,63,66,87,90,94,125,127" machi="7" ten="50,12000,1" yaku="1,1,52,3,53,0" doraHai="71" doraHaiUra="11" who="0" fromWho="2" sc="240,130,250,0,250,-120,250,0" /><INIT seed="0,1,0,4,5,2" ten="370,250,130,250" oya="0" hai0="63,133,131,96,48,116,71,56,90,76,81,120,108" hai1="21,74,88,59,65,129,17,5,8,109,89,123,37" hai2="111,132,92,135,57,36,97,11,121,94,32,103,122" hai3="127,38,26,95,106,49,6,113,115,68,23,28,83"/><T66/><D116/><U118/><E109/><V40/><F32/><W24/><G106/><T85/><D120/><N who="2" m="46186" /><F36/><W98/><G38/><T15/><D131/><U0/><E37/><V102/><F40/><W13/><G68/><T126/><D108/><U43/><E129/><V44/><F44/><W79/><G127/><T3/><D3/><U82/><E118/><V80/><F57/><W61/><G26/><T104/><D126/><U124/><E124/><V50/><F50/><W54/><G61/><T53/><D133/><N who="2" m="51274" /><F11/><W4/><G13/><T125/><D125/><U117/><E43/><V101/><F111/><W22/><G22/><T39/><D39/><U112/><E117/><V60/><F60/><W9/><G9/><T52/><D53/><U69/><E123/><V41/><F41/><W31/><G31/><T114/><D15/><U110/><E110/><V64/><F64/><W12/><G12/><T86/><D104/><U119/><E119/><V75/><F97/><W34/><G34/><T77/><D96/><U93/><E69/><V58/><F58/><N who="3" m="33103" /><G115/><T47/><D114/><U14/><E112/><V45/><F45/><W105/><G113/><T128/><D128/><U91/><E59/><V35/><F35/><W18/><G28/><T84/><D71/><U33/><E65/><V30/><F30/><W27/><G27/><T46/><D47/><U107/><E33/><V62/><F62/><W42/><G42/><T130/><D130/><U100/><E8/><V29/><F29/><W78/><G98/><T99/><D99/><N who="1" m="61855" /><E21/><V70/><F70/><W72/><G23/><RYUUKYOKU ba="1,0" sc="370,15,250,-15,130,15,250,-15" hai0="46,48,52,56,63,66,76,77,81,84,85,86,90" hai2="75,80,92,94,101,102,103" /><INIT seed="0,2,0,2,5,60" ten="385,235,145,235" oya="0" hai0="93,72,84,119,80,106,21,37,49,18,10,105,55" hai1="116,8,89,94,110,32,34,113,38,74,111,130,54" hai2="30,11,98,86,83,63,17,128,24,69,20,92,4" hai3="117,45,104,48,96,9,2,19,23,39,42,114,53"/><T57/><D37/><U81/><E116/><V50/><F128/><W64/><G117/><T67/><D119/><U7/><E38/><V129/><F129/><W13/><G114/><T61/><D72/><U65/><E130/><V31/><F50/><W102/><G2/><T12/><D93/><U121/><E121/><V134/><F134/><W79/><G79/><T16/><D18/><U3/><E113/><V43/><F43/><W133/><G133/><T107/><D21/><U101/><E54/><V36/><F36/><W73/><G73/><T131/><D131/><U112/><E112/><V29/><F63/><W14/><G39/><T135/><D135/><U123/><E123/><V109/><F69/><W40/><G64/><T99/><D99/><N who="1" m="59639" /><E65/><V68/><F68/><W77/><G77/><T28/><D28/><U47/><E47/><V71/><F71/><W33/><G33/><T25/><D25/><U15/><E3/><V82/><F86/><W115/><G115/><T103/><D103/><U90/><E74/><V1/><REACH who="2" step="1"/><F109/><REACH who="2" ten="385,235,135,235" step="2"/><W126/><REACH who="3" step="1"/><G126/><REACH who="3" ten="385,235,135,225" step="2"/><T35/><D67/><U108/><E108/><V46/><F46/><W125/><G125/><T52/><D49/><U0/><E111/><V76/><F76/><W97/><G97/><T5/><D61/><U127/><E110/><V26/><F26/><W132/><G132/><T87/><D57/><U27/><E127/><V95/><F95/><W6/><AGARI ba="2,2" hai="6,9,13,14,19,23,40,42,45,48,53,96,102,104" machi="6" ten="20,5200,0" yaku="1,1,0,1,7,1,53,1" doraHai="60" doraHaiUra="41" who="3" fromWho="3" sc="385,-28,235,-15,135,-15,225,78" /><INIT seed="1,0,0,3,1,121" ten="357,220,120,303" oya="1" hai0="1,69,84,8,109,24,68,99,126,20,76,114,106" hai1="133,116,72,93,42,127,107,71,49,29,95,35,120" hai2="105,89,55,37,119,62,25,41,88,18,61,36,51" hai3="31,39,66,131,54,101,65,135,38,108,26,23,125"/><U59/><E116/><V128/><F119/><W124/><G101/><T21/><D114/><U48/><E120/><V132/><F105/><W118/><G118/><T50/><D126/><N who="3" m="48745" /><G135/><T43/><D106/><U122/><E127/><V113/><F132/><W33/><G131/><T103/><D103/><U90/><E71/><V92/><F128/><W27/><G54/><T87/><D99/><U96/><E72/><V9/><F113/><W56/><G56/><T129/><D129/><U104/><E49/><V60/><F41/><W22/><G33/><T74/><D68/><U82/><E82/><V15/><F25/><N who="3" m="9227" /><G31/><T13/><D69/><U115/><E29/><V100/><F100/><W40/><G40/><T57/><D43/><U53/><E35/><V30/><F30/><W44/><G44/><T17/><D57/><U97/><E122/><V78/><F78/><W85/><G85/><T4/><D50/><U34/><E34/><V14/><F14/><W75/><G75/><T102/><D102/><N who="1" m="60687" /><E115/><V130/><F130/><W123/><G123/><T47/><D47/><N who="1" m="25719" /><E133/><V28/><F28/><W77/><G77/><T110/><D76/><U3/><E3/><V81/><F81/><W6/><G6/><T12/><D1/><U63/><E107/><V11/><F11/><W86/><G86/><T73/><D74/><U67/><E104/><V91/><REACH who="2" step="1"/><F92/><REACH who="2" ten="357,220,110,303" step="2"/><W134/><G134/><T5/><D73/><U83/><E83/><V52/><F52/><AGARI ba="0,1" hai="52,53,59,63,67,90,95,97" m="25719,60687" machi="52" ten="30,2900,0" yaku="8,1,54,1" doraHai="121" who="1" fromWho="2" sc="357,0,220,39,110,-29,303,0" /><INIT seed="1,1,0,1,0,8" ten="357,259,81,303" oya="1" hai0="52,80,93,33,91,117,55,86,81,95,107,77,58" hai1="126,47,0,10,28,103,72,19,60,83,25,87,85" hai2="67,125,118,38,98,3,70,27,14,119,20,61,127" hai3="50,31,51,39,112,42,105,104,53,49,4,65,109"/><U56/><E126/><V22/><F3/><W15/><G112/><T88/><D107/><U35/><E103/><V94/><F38/><W37/><G31/><T131/><D33/><U96/><E96/><V64/><F64/><W102/><G65/><T6/><D117/><U48/><E72/><V129/><F129/><W43/><G109/><T82/><D131/><U9/><E0/><V34/><F34/><W21/><G102/><T123/><D123/><U116/><E116/><V41/><F41/><W1/><G1/><T29/><D6/><U79/><E87/><V32/><F32/><W73/><G73/><T24/><D24/><U90/><E79/><V5/><F118/><W78/><G78/><T69/><D29/><U120/><E120/><V132/><F132/><W76/><G76/><T108/><D108/><U122/><E122/><V18/><F119/><W7/><G21/><T62/><D69/><U99/><E99/><V45/><F45/><W63/><G63/><T124/><D124/><U74/><E74/><V36/><F36/><W68/><G68/><T13/><D13/><N who="1" m="7599" /><E10/><V130/><F130/><W106/><G53/><N who="0" m="34127" /><D77/><U26/><E28/><V133/><F133/><W40/><G15/><T12/><D12/><U57/><E35/><V110/><F110/><W46/><G46/><T16/><D16/><U11/><E90/><N who="2" m="55639" /><F5/><AGARI ba="1,0" hai="4,5,7,37,39,40,42,43,49,50,51,104,105,106" machi="5" ten="50,8000,1" yaku="29,2,28,2" doraHai="8" who="3" fromWho="2" sc="357,0,259,0,81,-83,303,83" owari="357,16.0,259,-14.0,-2,-50.0,386,48.0" /></mjloggm>