<mjloggm ver="2.3"><GO type="169" lobby="0"/><UN n0="%E6%9D%BE%E5%AE%9F%E7%8E%84%E3%81%98%E3%82%83%E3%81%AA%E3%81%84" n1="%E3%82%A2%E3%83%95%E3%83%AA%E3%82%AB" n2="%E3%83%88%E3%83%88%E3%83%AA%E5%85%88%E7%94%9F%31%39%E6%AD%B3" n3="%73%61%6E%67%6F%64%64%6F" dan="17,16,18,16" rate="2199.32,2151.45,2231.71,2092.64" sx="F,M,F,M"/><TAIKYOKU oya="0"/><INIT seed="0,0,0,5,4,87" ten="250,250,250,250" oya="0" hai0="121,104,63,23,74,115,69,39,35,100,6,78,54" hai1="64,71,3,118,11,30,7,94,45,76,38,130,84" hai2="41,129,65,34,36,99,127,80,111,114,97,72,105" hai3="81,132,61,126,46,43,89,95,52,120,57,4,44"/><T128/><D115/><U51/><E38/><V75/><F65/><W53/><G132/><T31/><D121/><U33/><E118/><V92/><F41/><W12/><G126/><T25/><D6/><U98/><E130/><V18/><F36/><W27/><G81/><N who="0" m="45271" /><D23/><U55/><E30/><V133/><F34/><W60/><G120/><T124/><D54/><N who="3" m="21097" /><G27/><T47/><D128/><U85/><E33/><V49/><F129/><W108/><G108/><T2/><D2/><U107/><E107/><V134/><F18/><W24/><G24/><T102/><D102/><U79/><E79/><N who="2" m="44135" /><F49/><N who="3" m="26783" /><G46/><T42/><D124/><U9/><E76/><V16/><F16/><W10/><G57/><T26/><D26/><U103/><E71/><V110/><F75/><W77/><G77/><T135/><D135/><N who="2" m="51722" /><F114/><W59/><G59/><T50/><D50/><U20/><E64/><V40/><F40/><W13/><G13/><T29/><D29/><U48/><E48/><V131/><F131/><W122/><G122/><T117/><D117/><U28/><E28/><V58/><F58/><W19/><G4/><T90/><D69/><U91/><E3/><V96/><F127/><W32/><G32/><T5/><D5/><U67/><E7/><V8/><F8/><N who="1" m="3145" /><E20/><V73/><F73/><W14/><G14/><T109/><D39/><U83/><E67/><V113/><F113/><W82/><G82/><T1/><D1/><U56/><E56/><V106/><F92/><W125/><G125/><T116/><D116/><U17/><E17/><V93/><F93/><W62/><G95/><T37/><D35/><RYUUKYOKU ba="0,0" sc="250,-30,250,10,250,10,250,10" hai1="45,51,55,83,84,85,91,94,98,103" hai2="96,97,99,105,106,110,111" hai3="10,12,19,60,61,62,89" /><INIT seed="1,1,0,4,3,82" ten="220,260,260,260" oya="1" hai0="68,76,77,38,113,101,1,115,126,124,36,34,118" hai1="29,102,119,64,12,24,103,79,47,52,63,110,84" hai2="80,16,74,98,44,128,123,7,30,122,22,87,107" hai3="31,39,108,65,125,134,105,51,13,120,69,75,86"/><U6/><E119/><V32/><F74/><W104/><G75/><T46/><D118/><U95/><E110/><V10/><F128/><W83/><G39/><N who="0" m="14891" /><D34/><U92/><E6/><V114/><F114/><N who="0" m="43530" /><D1/><U56/><E12/><V54/><F30/><W62/><G108/><T111/><D111/><U133/><E133/><V116/><F32/><W71/><G134/><T9/><D68/><U48/><E24/><V132/><F116/><W8/><G71/><T37/><D101/><N who="1" m="38411" /><E29/><V58/><F44/><W33/><G125/><N who="0" m="48235" /><D9/><U96/><E96/><V0/><F132/><W78/><G31/><T97/><D97/><U131/><E131/><V2/><F2/><W67/><G33/><T23/><D23/><U117/><E117/><V45/><F98/><W135/><G135/><T127/><D127/><U49/><E49/><V25/><F45/><W26/><G51/><T17/><D17/><U130/><E130/><V57/><F0/><W121/><G26/><T99/><D99/><U4/><E4/><V43/><F7/><W72/><G72/><T112/><D112/><U18/><E18/><V66/><F16/><N who="3" m="8231" /><G69/><T20/><D20/><U70/><E70/><V14/><F22/><W88/><G78/><N who="0" m="30315" /><D37/><U19/><E19/><V61/><F25/><W59/><G67/><T41/><D46/><U40/><E64/><V89/><F10/><W106/><G106/><T94/><D41/><U93/><E79/><V55/><F43/><W81/><G81/><T15/><D15/><U3/><E3/><V42/><F14/><W53/><G65/><T109/><D109/><U91/><AGARI ba="1,0" hai="40,47,48,52,56,63,84,91,92,93,95" m="38411" machi="91" ten="30,11700,0" yaku="5,1,8,1,52,1,54,1" doraHai="82" who="1" fromWho="1" sc="220,-40,260,120,260,-40,260,-40" /><INIT seed="1,2,0,1,4,125" ten="180,380,220,220" oya="1" hai0="84,135,41,90,56,117,2,129,26,114,31,11,53" hai1="58,60,5,124,48,9,37,86,82,54,110,6,35" hai2="99,47,23,28,121,49,3,109,80,73,36,77,94" hai3="104,89,96,98,87,17,97,34,122,85,108,128,127"/><U72/><E35/><V132/><F121/><W15/><G34/><T81/><D114/><U102/><E72/><V42/><F109/><W113/><G122/><T25/><D117/><U16/><E37/><V45/><F132/><W116/><G113/><T40/><D135/><U61/><E102/><V57/><F57/><W79/><G108/><T95/><D129/><U14/><E110/><V70/><F70/><W63/><G127/><T103/><D26/><U55/><E124/><V71/><F71/><W78/><G116/><T12/><D2/><U88/><E61/><V44/><F3/><W83/><G63/><T8/><D103/><U18/><E18/><V120/><F120/><W130/><G17/><T106/><D81/><U115/><E115/><V24/><REACH who="2" step="1"/><F36/><REACH who="2" ten="180,380,210,220" step="2"/><W52/><G104/><T118/><D106/><U68/><E68/><V64/><F64/><W67/><G67/><T112/><D118/><U4/><E4/><V0/><F0/><W29/><G128/><T111/><D111/><U105/><E105/><V100/><AGARI ba="2,1" hai="23,24,28,42,44,45,47,49,73,77,80,94,99,100" machi="100" ten="20,5200,0" yaku="1,1,0,1,7,1,53,1" doraHai="125" doraHaiUra="74" who="2" fromWho="2" sc="180,-15,380,-28,210,68,220,-15" /><INIT seed="2,0,0,0,4,46" ten="165,352,278,205" oya="2" hai0="121,132,75,90,81,128,31,9,80,32,6,106,73" hai1="85,63,88,112,66,38,108,23,62,57,124,19,89" hai2="94,13,5,50,27,43,60,10,41,53,39,33,64" hai3="11,135,0,67,3,127,84,91,4,92,74,87,76"/><V42/><F39/><W123/><G123/><T126/><D121/><U44/><E112/><V120/><F120/><W14/><G135/><T77/><D106/><U36/><E108/><V102/><F33/><W21/><G74/><T134/><D128/><U54/><E124/><V1/><F27/><W15/><G67/><T7/><D126/><U122/><E122/><V30/><F30/><W130/><G130/><T125/><D125/><U79/><E79/><V103/><F1/><W48/><G127/><T70/><D70/><U8/><E89/><V105/><F105/><W119/><G119/><T2/><D6/><U22/><E22/><V71/><REACH who="2" step="1"/><F94/><REACH who="2" ten="165,352,268,205" step="2"/><W35/><G35/><T55/><D31/><U96/><E38/><V99/><F99/><W69/><G3/><T111/><D32/><U72/><E96/><V129/><F129/><W104/><G0/><T47/><D134/><U83/><E36/><V20/><F20/><W118/><G104/><T16/><D132/><U109/><E109/><V68/><F68/><W131/><G131/><T115/><D111/><U61/><E23/><V24/><F24/><W26/><G69/><T116/><D115/><U114/><E114/><V65/><F65/><W117/><G117/><T82/><D116/><U12/><E72/><V37/><F37/><W98/><G118/><T113/><D113/><U29/><E29/><V101/><F101/><W17/><G26/><T49/><D75/><U56/><E66/><V52/><F52/><W97/><G97/><T86/><D81/><U95/><E95/><V40/><N who="2" m="10240" /><DORA hai="93" /><V100/><F100/><RYUUKYOKU ba="0,1" sc="165,10,352,10,268,10,205,-30" hai0="2,7,9,16,47,49,55,73,77,80,82,86,90" hai1="8,12,19,44,54,56,57,61,62,63,83,85,88" hai2="5,10,13,50,53,60,64,71,102,103" /><INIT seed="2,1,1,5,4,99" ten="175,362,278,175" oya="2" hai0="58,76,55,19,51,52,68,50,92,103,80,81,37" hai1="96,101,54,23,33,131,87,86,60,124,112,126,20" hai2="30,105,133,0,22,10,121,59,127,4,88,77,69" hai3="135,114,16,27,74,107,28,84,3,85,32,44,9"/><V102/><F121/><W95/><G114/><T41/><D68/><U111/><E33/><V24/><F69/><W98/><G74/><T97/><D37/><U134/><E112/><V29/><F133/><W70/><G70/><T113/><D41/><U40/><E40/><V128/><F128/><W48/><G107/><T11/><D113/><U110/><E134/><V125/><F77/><W123/><G123/><T12/><REACH who="0" step="1"/><D76/><REACH who="0" ten="165,362,278,175" step="2"/><U104/><E131/><V109/><F127/><W122/><G135/><T39/><D39/><U79/><E79/><V116/><F125/><W5/><G122/><T108/><D108/><U13/><E124/><V65/><F109/><W106/><G106/><T82/><D82/><U62/><E126/><V72/><F105/><W26/><G98/><T46/><AGARI ba="1,2" hai="11,12,19,46,50,51,52,55,58,80,81,92,97,103" machi="46" ten="20,12000,2" yaku="1,1,0,1,7,1,8,1,52,1,54,1,53,0" doraHai="99" doraHaiUra="64" who="0" fromWho="0" sc="165,143,362,-31,278,-61,175,-31" /><INIT seed="3,0,0,1,1,93" ten="308,331,217,144" oya="3" hai0="48,79,34,55,29,37,14,21,61,13,65,133,113" hai1="86,118,130,67,121,68,134,69,44,114,52,131,135" hai2="0,57,27,7,11,63,92,84,117,85,99,10,124" hai3="64,71,108,94,87,32,49,125,111,40,96,75,115"/><W17/><G32/><T80/><D37/><U56/><E86/><V39/><F117/><W50/><G75/><T35/><D133/><N who="1" m="50699" /><E118/><V47/><F124/><W106/><G115/><T23/><D113/><U72/><E72/><V109/><F109/><N who="3" m="42059" /><G125/><T31/><D34/><U51/><E114/><V36/><F27/><W102/><G40/><T73/><D35/><U88/><E121/><V70/><F70/><N who="1" m="27241" /><E88/><V22/><F22/><W82/><G106/><T58/><D23/><U77/><E77/><V90/><F11/><W43/><G43/><T20/><D20/><U76/><E76/><V78/><F47/><W2/><G2/><T12/><REACH who="0" step="1"/><D21/><REACH who="0" ten="298,331,217,144" step="2"/><U101/><E101/><V4/><F36/><W6/><G6/><T89/><D89/><U33/><E33/><V116/><F39/><W18/><G18/><T120/><D120/><U28/><E28/><V60/><F116/><W105/><G17/><T126/><D126/><U25/><E25/><V1/><F78/><N who="3" m="46551" /><G105/><T122/><D122/><U41/><E67/><V128/><F4/><W91/><G91/><T15/><N who="0" m="3072" /><DORA hai="112" /><T54/><D54/><U95/><E95/><V127/><F127/><W97/><G97/><T42/><D42/><U9/><E9/><V110/><F110/><W30/><G30/><T62/><D62/><AGARI ba="0,1" hai="41,44,51,52,56,62,130,131" m="27241,50699" machi="62" ten="30,7700,0" yaku="20,1,34,2,54,1" doraHai="93,112" who="1" fromWho="0" sc="298,-77,331,87,217,0,144,0" /><AGARI ba="0,0" hai="49,50,62,64,71,94,96,102" m="46551,42059" machi="62" ten="30,5800,0" yaku="14,1,10,1,52,1" doraHai="93,112" who="3" fromWho="0" sc="221,-58,418,0,217,0,144,58" /><INIT seed="3,1,0,0,5,22" ten="163,418,217,202" oya="3" hai0="54,131,77,95,38,6,82,40,60,15,132,13,58" hai1="130,53,91,81,42,35,127,17,118,124,113,3,57" hai2="121,110,50,79,25,0,115,26,19,69,122,71,70" hai3="111,29,87,73,1,134,66,117,21,10,4,62,52"/><W105/><G117/><T34/><D34/><U49/><E3/><V109/><F115/><W16/><G73/><T107/><D107/><U43/><E118/><V48/><F0/><W99/><G134/><T126/><D132/><U46/><E113/><V84/><F19/><W59/><G29/><T114/><D114/><U61/><E35/><V18/><F18/><W44/><G111/><N who="2" m="42505" /><F84/><W98/><G87/><T55/><D131/><U129/><E17/><V78/><F48/><W47/><G66/><T20/><D126/><N who="1" m="48171" /><E91/><V30/><F50/><W24/><REACH who="3" step="1"/><G105/><REACH who="3" ten="163,418,217,192" step="2"/><T85/><D85/><U108/><E108/><V119/><F119/><W100/><G100/><T14/><D77/><N who="2" m="29194" /><F30/><W28/><G28/><T97/><D82/><U12/><E81/><V27/><AGARI ba="1,1" hai="25,26,27,69,70,71,121,122" m="29194,42505" machi="27" ten="50,12000,2" yaku="28,2,14,1,52,3" doraHai="22" who="2" fromWho="2" sc="163,-31,418,-31,217,133,192,-61" /><INIT seed="4,0,0,4,1,30" ten="132,387,350,131" oya="0" hai0="4,122,1,57,109,107,129,37,8,51,7,119,111" hai1="69,75,17,135,22,50,12,77,52,133,33,134,82" hai2="91,67,97,27,23,106,44,55,94,20,104,79,132" hai3="130,42,21,59,13,36,126,101,2,47,34,131,64"/><T10/><D37/><U56/><REACH who="1" step="1"/><E69/><REACH who="1" ten="132,377,350,131" step="2"/><V70/><F70/><W16/><G2/><T89/><D1/><U35/><AGARI ba="0,1" hai="12,17,22,33,35,50,52,56,75,77,82,133,134,135" machi="35" ten="40,16000,3" yaku="21,2,2,1,0,1,20,1,52,2,54,1,53,1" doraHai="30" doraHaiUra="49" who="1" fromWho="1" sc="132,-80,377,170,350,-40,131,-40" /><INIT seed="5,0,0,3,3,76" ten="52,547,310,91" oya="1" hai0="75,0,16,4,10,107,99,105,40,57,97,36,52" hai1="42,11,72,85,6,37,3,53,135,111,133,1,93" hai2="55,119,39,127,81,112,24,48,27,14,114,61,115" hai3="126,89,50,118,64,20,98,101,32,90,51,125,35"/><U47/><E111/><V129/><F119/><W33/><G118/><T74/><D36/><U54/><E1/><V78/><F39/><W79/><G64/><T80/><D40/><U41/><E41/><V58/><F129/><W65/><G65/><T15/><D105/><U34/><E34/><V69/><F127/><N who="3" m="48651" /><G79/><T70/><D70/><U83/><E93/><V91/><F91/><N who="3" m="34827" /><G20/><T29/><D29/><U68/><E68/><V44/><F14/><W43/><G43/><T31/><D31/><U23/><E23/><V45/><F69/><W13/><G13/><T28/><D28/><U84/><E84/><N who="2" m="48183" /><F45/><W117/><G117/><T66/><D66/><AGARI ba="0,0" hai="24,27,44,48,55,58,61,66,112,114,115" m="48183" machi="66" ten="30,3900,0" yaku="15,1,11,1,52,1" doraHai="76" who="2" fromWho="0" sc="52,-39,547,0,310,39,91,0" /><INIT seed="6,0,0,2,1,97" ten="13,547,349,91" oya="2" hai0="49,43,119,106,12,66,104,35,118,124,47,32,13" hai1="50,73,126,92,42,63,85,48,60,99,29,84,121" hai2="76,3,111,74,65,33,25,54,16,82,19,115,46" hai3="2,93,22,44,17,117,107,59,21,68,6,58,125"/><V10/><F115/><W108/><G117/><T133/><D133/><U127/><E73/><V53/><F111/><W114/><G68/><T64/><D49/><N who="1" m="19051" /><E29/><V128/><F128/><W39/><G107/><T101/><D43/><U77/><E42/><V34/><F65/><W28/><G114/><T7/><D7/><U61/><E77/><V45/><F3/><W120/><G125/><N who="1" m="47626" /><E121/><V24/><F82/><W89/><G28/><T100/><REACH who="0" step="1"/><D124/><REACH who="0" ten="3,547,349,91" step="2"/><U23/><E23/><V37/><F10/><W94/><G22/><T132/><D132/><U91/><AGARI ba="0,1" hai="60,61,63,84,85,91,92,99" m="47626,19051" machi="91" ten="40,1500,0" yaku="18,1" doraHai="97" who="1" fromWho="1" sc="3,-4,547,25,349,-7,91,-4" owari="-1,-50.0,572,67.0,342,14.0,87,-31.0" /></mjloggm>