<mjloggm ver="2.3"><GO type="169" lobby="0"/><UN n0="%6B%6F%6A%69%6D%6F%6E%39" n1="%E3%82%A6%E3%83%AB%E3%83%88%E3%83%A9%E7%AB%8B%E7%9B%B4" n2="%E3%82%BF%E3%82%B1%E3%82%AA%E3%81%97%E3%82%83%E3%82%93" n3="%E7%84%A1%E9%99%90%E6%9C%88%E8%AA%AD" dan="17,16,20,16" rate="2160.13,2105.93,2341.21,2122.89" sx="M,M,M,M"/><TAIKYOKU oya="0"/><INIT seed="0,0,0,0,1,51" ten="250,250,250,250" oya="0" hai0="87,31,66,119,0,39,104,99,113,30,32,85,86" hai1="4,50,17,12,33,112,124,9,47,53,101,83,26" hai2="95,62,23,74,65,105,7,52,84,44,122,115,72" hai3="93,80,68,81,2,98,134,34,69,108,3,25,71"/><T14/><D113/><U43/><E124/><V97/><F122/><W75/><G108/><T129/><D119/><U102/><E112/><V28/><F115/><W110/><G110/><T78/><D39/><U5/><E83/><V11/><F105/><W45/><G134/><T13/><D0/><U37/><E33/><V132/><F84/><W38/><G80/><T116/><D116/><U90/><E90/><V128/><F128/><W117/><G117/><T57/><D129/><U131/><E131/><V41/><F132/><W106/><G93/><T88/><D78/><U77/><E77/><V15/><F28/><N who="0" m="10794" /><D32/><U58/><REACH who="1" step="1"/><E26/><REACH who="1" ten="250,240,250,250" step="2"/><V92/><F72/><W103/><G25/><T29/><D104/><U73/><E73/><V61/><F74/><W70/><G34/><T19/><D29/><U54/><E54/><V56/><F97/><W55/><N who="3" m="17408" /><DORA hai="1" /><W35/><G35/><T109/><D109/><U18/><E18/><V21/><F95/><W20/><G55/><T120/><D19/><U48/><E48/><N who="2" m="26639" /><F92/><W91/><G91/><T135/><D135/><U76/><E76/><V8/><F65/><W127/><G127/><T46/><D120/><U82/><E82/><V42/><F42/><N who="3" m="22743" /><G81/><T10/><D88/><U125/><E125/><V133/><F133/><W123/><G75/><T27/><D99/><U130/><E130/><V16/><F61/><W111/><G123/><T49/><D66/><U118/><E118/><V60/><F62/><W6/><G111/><T94/><D94/><U96/><E96/><V67/><F67/><W126/><G126/><T114/><D114/><RYUUKYOKU ba="0,1" sc="250,-15,240,15,250,15,250,-15" hai1="4,5,9,12,17,37,43,47,50,53,58,101,102" hai2="7,8,11,15,16,21,23,52,56,60" /><INIT seed="1,1,1,5,0,45" ten="235,255,265,235" oya="1" hai0="84,13,34,47,114,42,44,124,18,78,7,77,14" hai1="133,6,132,43,57,105,29,52,23,65,10,68,46" hai2="102,92,88,20,35,83,101,31,95,85,134,86,122" hai3="19,109,75,94,91,89,80,99,12,17,60,82,73"/><U70/><E105/><V74/><F35/><W36/><G36/><T110/><D114/><U100/><E100/><N who="2" m="38507" /><F31/><W135/><G135/><N who="1" m="51786" /><E65/><V118/><F134/><W90/><G109/><T127/><D34/><U63/><E23/><V125/><F20/><W71/><G71/><T120/><D110/><U49/><E29/><V129/><F118/><W117/><G117/><T107/><D107/><U108/><E108/><V30/><F30/><W112/><G60/><T93/><D120/><U25/><E25/><V0/><F0/><AGARI ba="1,1" hai="0,6,10,43,46,49,52,57,63,68,70" m="51786" machi="0" ten="30,5800,0" yaku="20,1,52,1,54,1" doraHai="45" who="1" fromWho="2" sc="235,0,255,71,265,-61,235,0" /><INIT seed="1,2,0,0,5,63" ten="235,326,204,235" oya="1" hai0="71,131,102,86,129,5,103,52,87,0,92,57,25" hai1="117,105,11,106,76,17,1,84,34,59,26,19,99" hai2="130,4,14,109,35,55,108,37,13,36,58,43,60" hai3="80,51,41,107,113,66,31,3,114,2,81,98,45"/><U28/><E117/><V100/><F35/><W12/><G31/><T8/><D71/><U64/><E76/><V69/><F100/><W67/><G12/><T38/><D38/><U24/><E84/><V127/><F14/><W21/><G21/><T74/><D74/><U120/><E120/><V61/><F4/><W111/><G111/><N who="2" m="42569" /><F13/><W126/><G126/><T83/><D25/><U123/><E123/><V22/><F22/><W95/><G107/><T121/><D121/><U125/><E125/><V56/><F127/><W62/><G2/><T132/><D132/><U50/><E105/><V97/><F97/><W119/><G3/><T40/><D40/><U96/><E106/><V46/><F130/><N who="0" m="49674" /><D92/><U82/><E26/><V15/><F15/><W29/><G29/><T32/><D32/><U10/><E1/><V27/><F27/><W47/><G119/><T91/><D87/><U9/><E24/><V118/><F118/><W6/><G6/><T75/><D75/><U44/><E34/><V33/><F33/><W42/><G113/><T135/><D135/><U20/><E28/><V89/><F89/><N who="3" m="55663" /><G114/><T70/><D70/><U112/><E112/><V116/><F69/><W88/><G62/><AGARI ba="2,0" hai="0,5,8,52,57,62,83,86,91,102,103" m="49674" machi="62" ten="30,2000,0" yaku="19,1,54,1" doraHai="63" who="0" fromWho="3" sc="235,26,326,0,204,0,235,-26" /><INIT seed="2,0,0,4,3,130" ten="261,326,204,209" oya="2" hai0="132,111,48,105,8,90,14,55,27,88,65,97,116" hai1="49,82,100,74,72,52,13,2,83,87,43,16,64" hai2="86,7,1,12,77,45,41,17,131,85,101,73,10" hai3="54,36,91,15,33,123,76,84,121,94,38,89,42"/><V122/><F122/><W57/><G33/><T9/><D111/><U119/><E2/><V4/><F131/><W129/><G129/><T67/><D116/><U5/><E5/><V23/><F4/><W20/><G76/><T124/><D124/><U79/><E43/><V68/><F68/><W117/><G117/><T110/><D27/><U102/><E64/><N who="0" m="24649" /><D97/><U71/><E71/><V134/><F101/><W28/><G89/><N who="0" m="34411" /><D105/><U21/><E119/><V128/><F134/><W99/><G99/><T103/><D103/><U24/><E24/><V135/><F135/><W25/><G15/><T80/><D110/><U53/><E53/><V93/><F93/><W26/><G26/><T120/><D80/><U81/><E81/><N who="2" m="45231" /><F128/><W78/><G78/><T0/><D0/><U51/><E74/><V56/><F56/><W58/><G58/><T107/><D107/><U46/><E51/><V11/><F23/><W50/><REACH who="3" step="1"/><G42/><REACH who="3" ten="261,326,204,199" step="2"/><T35/><D35/><U69/><E69/><V30/><F30/><W70/><G70/><T133/><D132/><U40/><E40/><V118/><F118/><W127/><G127/><T108/><D133/><U47/><E102/><V29/><F29/><W18/><G18/><T95/><D108/><U22/><E100/><V106/><F106/><W112/><G112/><T6/><D120/><AGARI ba="0,1" hai="20,25,28,36,38,50,54,57,84,91,94,120,121,123" machi="120" ten="40,1300,0" yaku="1,1,53,0" doraHai="130" doraHaiUra="114" who="3" fromWho="0" sc="261,-13,326,0,204,0,199,23" /><INIT seed="3,0,0,5,0,50" ten="248,326,204,222" oya="3" hai0="26,12,84,6,123,54,17,105,106,43,31,64,53" hai1="57,88,35,66,103,8,15,4,96,37,99,33,75" hai2="60,51,16,107,2,128,82,32,36,117,49,70,19" hai3="65,13,132,92,62,79,29,5,48,42,38,63,24"/><W56/><G132/><T91/><D123/><U85/><E75/><V7/><F107/><W100/><G38/><T22/><D6/><U87/><E37/><V129/><F36/><W71/><G79/><T39/><D64/><U69/><E69/><V55/><F32/><W86/><G42/><T34/><D105/><U47/><E47/><N who="2" m="28095" /><F51/><W113/><G113/><T114/><D106/><U45/><E45/><V68/><F117/><W77/><G48/><T94/><D114/><U25/><E87/><V102/><F102/><W78/><G100/><T95/><D43/><U121/><E35/><V27/><F82/><W41/><G41/><T133/><D133/><U93/><E121/><V134/><F134/><W11/><G92/><T52/><D39/><U116/><E116/><V130/><F27/><W101/><G101/><T127/><REACH who="0" step="1"/><D95/><REACH who="0" ten="238,326,204,222" step="2"/><U83/><E93/><V115/><F115/><W76/><G86/><T90/><D90/><U109/><E88/><V110/><F68/><W0/><G0/><T97/><D97/><U111/><E99/><V73/><F73/><W3/><G3/><T98/><D98/><U59/><E96/><V120/><F120/><W89/><G89/><T108/><D108/><U104/><E104/><V118/><F110/><W72/><G76/><T67/><D67/><U10/><E66/><N who="2" m="41287" /><F118/><W23/><G72/><T18/><D18/><N who="2" m="6698" /><F2/><W14/><G14/><T1/><D1/><N who="1" m="15" /><E111/><V125/><F7/><W44/><G77/><T126/><AGARI ba="0,1" hai="12,17,22,26,31,34,52,53,54,84,91,94,126,127" machi="126" ten="30,12000,2" yaku="1,1,0,1,52,3,54,1,53,1" doraHai="50" doraHaiUra="81" who="0" fromWho="0" sc="238,130,326,-30,204,-30,222,-60" /><INIT seed="4,0,0,0,2,112" ten="368,296,174,162" oya="0" hai0="95,38,130,69,16,78,77,76,88,2,59,51,126" hai1="41,79,73,7,129,93,3,32,104,70,131,30,17" hai2="20,25,63,121,47,52,33,55,92,125,68,101,56" hai3="28,65,49,34,102,97,99,11,9,132,15,27,109"/><T103/><D2/><U120/><E93/><V24/><F121/><W91/><G109/><T111/><D38/><U83/><E17/><V90/><F125/><W29/><G132/><T119/><D69/><U75/><E120/><V80/><F33/><W31/><G65/><T12/><D119/><U89/><E89/><V106/><F106/><W110/><G110/><T128/><D111/><U58/><E58/><V22/><F80/><W44/><G91/><T37/><D103/><U84/><E104/><V35/><F101/><W114/><G114/><T19/><D37/><U14/><E14/><V43/><F55/><W61/><G61/><T48/><D126/><U96/><E96/><V1/><F1/><W21/><G34/><T62/><D128/><U81/><E41/><V57/><F57/><W50/><G97/><N who="0" m="57575" /><D130/><U135/><E70/><V18/><F35/><W85/><G85/><T66/><D19/><U108/><E108/><V46/><F43/><N who="3" m="24735" /><G50/><T4/><D4/><U23/><E32/><V54/><F54/><W117/><G117/><T123/><D123/><U115/><E115/><V100/><F100/><W6/><G9/><AGARI ba="0,0" hai="9,12,16,48,51,59,62,66,76,77,78" m="57575" machi="9" ten="30,5800,0" yaku="8,1,54,2" doraHai="112" who="0" fromWho="3" sc="368,58,296,0,174,0,162,-58" /><INIT seed="4,1,0,1,0,132" ten="426,296,174,104" oya="0" hai0="121,128,30,11,31,52,55,51,32,94,56,130,64" hai1="8,0,22,69,54,65,18,80,123,106,66,75,115" hai2="87,125,118,119,49,97,43,124,72,45,133,134,57" hai3="53,60,34,127,48,1,5,15,44,41,82,113,3"/><T38/><D121/><U40/><E123/><V108/><F72/><W62/><G34/><T101/><D38/><U98/><E69/><V36/><F108/><W46/><G113/><T111/><D64/><U23/><E54/><N who="2" m="31951" /><F87/><W116/><G116/><N who="2" m="44585" /><F97/><W89/><G127/><AGARI ba="1,0" hai="36,43,45,124,125,127,133,134" m="44585,31951" machi="127" ten="30,12000,2" yaku="18,1,12,1,34,2,52,3" doraHai="132" who="2" fromWho="3" sc="426,0,296,0,174,123,104,-123" owari="426,52.0,296,-10.0,297,10.0,-19,-52.0" /></mjloggm>