<mjloggm ver="2.3"><GO type="169" lobby="0"/><UN n0="%4A%61%6E%2D%4D%61%63%68" n1="%69%6E%66%6F%31%32%33" n2="%E3%83%88%E3%83%88%E3%83%AA%E5%85%88%E7%94%9F%31%39%E6%AD%B3" n3="%E4%BD%90%E5%80%89%E7%80%AC%E6%B4%A5%E7%BE%8E" dan="17,16,18,16" rate="2201.11,2112.22,2189.54,2041.14" sx="M,M,F,F"/><TAIKYOKU oya="0"/><INIT seed="0,0,0,4,3,1" ten="250,250,250,250" oya="0" hai0="102,14,127,110,12,123,113,77,19,96,11,0,25" hai1="48,129,23,69,115,108,105,51,82,94,134,98,95" hai2="135,44,132,39,88,21,103,122,4,36,28,104,54" hai3="91,120,78,65,27,121,29,90,130,101,83,40,84"/><T119/><D77/><U62/><E108/><V107/><F122/><N who="3" m="47211" /><G65/><T85/><D123/><U24/><E105/><V63/><F28/><W43/><G130/><T79/><D119/><U13/><E129/><V106/><F21/><N who="3" m="15599" /><G101/><T92/><D113/><U3/><E3/><V31/><F31/><W131/><G131/><T66/><D110/><U22/><E134/><N who="2" m="51243" /><F103/><W124/><G124/><T67/><D127/><U81/><E115/><V38/><F88/><AGARI ba="0,0" hai="40,43,78,83,84,88,90,91" m="15599,47211" machi="88" ten="30,2000,0" yaku="13,1,54,1" doraHai="1" who="3" fromWho="2" sc="250,0,250,0,250,-20,250,20" /><INIT seed="1,0,0,4,4,26" ten="250,250,230,270" oya="1" hai0="73,36,126,46,34,104,77,115,48,99,129,33,72" hai1="55,135,65,100,51,74,35,105,8,54,49,57,109" hai2="90,66,20,98,82,19,133,119,21,47,6,25,96" hai3="85,50,91,86,45,18,112,13,89,15,11,14,110"/><U9/><E74/><V120/><F119/><W37/><G37/><T16/><D115/><U29/><E135/><V7/><F133/><W3/><G112/><T125/><D36/><U78/><E78/><V24/><F120/><W121/><G3/><T64/><D64/><U69/><E109/><V10/><F66/><W42/><G121/><T53/><D129/><U75/><E75/><V0/><F7/><W116/><G116/><T58/><D58/><U93/><E105/><V76/><F47/><W94/><REACH who="3" step="1"/><G110/><REACH who="3" ten="250,250,230,260" step="2"/><T117/><D117/><U2/><E2/><V130/><F130/><W95/><AGARI ba="0,1" hai="11,13,14,15,18,42,45,50,85,86,89,91,94,95" machi="95" ten="20,12000,2" yaku="1,1,2,1,0,1,7,1,9,1,8,1,53,1" doraHai="26" doraHaiUra="41" who="3" fromWho="3" sc="250,-30,250,-60,230,-30,260,130" /><INIT seed="2,0,0,3,2,125" ten="220,190,200,390" oya="2" hai0="1,91,57,6,111,39,44,5,126,72,120,110,71" hai1="131,115,54,102,75,78,113,83,98,92,4,40,134" hai2="81,99,129,101,88,127,122,70,32,133,109,18,38" hai3="73,28,31,89,118,9,93,41,123,65,23,8,30"/><V114/><RYUUKYOKU type="yao9" ba="0,0" sc="220,0,190,0,200,0,390,0" hai2="18,32,38,70,81,88,99,101,109,114,122,127,129,133" /><INIT seed="2,1,0,0,2,103" ten="220,190,200,390" oya="2" hai0="97,55,81,130,2,124,99,52,110,87,19,23,43" hai1="3,5,98,46,128,107,11,34,69,17,40,71,122" hai2="4,39,111,26,37,113,15,20,21,95,120,35,133" hai3="102,65,126,104,61,82,134,53,25,47,89,14,93"/><V73/><F113/><W83/><G134/><T42/><D2/><U13/><E128/><V64/><F120/><W1/><G1/><T117/><D110/><U86/><E122/><V101/><F73/><W49/><G126/><T115/><D117/><U131/><E131/><V76/><F76/><W127/><G127/><T33/><D33/><U9/><E34/><V106/><F35/><W92/><G92/><T30/><D30/><U57/><E57/><V90/><F133/><W41/><G41/><N who="0" m="15371" /><D115/><U135/><E135/><V85/><F64/><W67/><G67/><T132/><D130/><U58/><E58/><V27/><F111/><W79/><G25/><N who="0" m="14591" /><D124/><U8/><E8/><V121/><F121/><W56/><G79/><N who="0" m="46527" /><D132/><U22/><E11/><V48/><F37/><W72/><G72/><T114/><D114/><U59/><E59/><V18/><F39/><W123/><G123/><T125/><D125/><U36/><REACH who="1" step="1"/><E86/><REACH who="1" ten="220,180,200,390" step="2"/><V31/><F85/><W109/><G109/><T112/><D112/><U91/><E91/><V129/><F90/><W68/><G68/><T7/><D7/><U70/><E70/><V100/><F4/><W84/><G84/><T10/><D10/><U118/><E118/><V75/><F129/><W94/><G89/><T96/><AGARI ba="1,1" hai="52,55,96,97,99" m="46527,14591,15371" machi="96" ten="30,2000,0" yaku="8,1,54,1" doraHai="103" who="0" fromWho="0" sc="220,33,180,-6,200,-11,390,-6" /><INIT seed="3,0,0,3,1,21" ten="253,174,189,384" oya="3" hai0="57,27,81,14,45,126,104,125,88,135,121,62,52" hai1="54,119,92,15,8,41,4,50,122,85,80,65,82" hai2="61,129,116,66,3,73,53,108,16,105,87,114,89" hai3="96,133,63,110,99,43,60,37,72,123,23,0,130"/><W28/><G0/><T98/><D121/><U42/><E122/><V51/><F114/><W58/><G123/><T35/><D14/><U32/><E32/><V106/><F3/><W69/><G72/><T7/><D7/><U132/><E132/><V70/><F116/><W36/><G133/><T112/><D135/><U17/><E119/><V10/><F73/><W18/><G28/><N who="0" m="19871" /><D45/><U2/><E65/><V78/><F78/><W76/><G76/><T47/><D47/><U9/><E92/><V44/><F108/><W40/><G130/><T94/><D81/><U25/><E82/><N who="2" m="49399" /><F129/><W30/><G30/><T83/><D83/><U93/><E93/><V33/><F33/><W46/><G69/><T39/><D104/><U34/><E34/><V101/><F101/><W100/><G110/><T55/><D39/><U6/><E6/><V49/><F49/><W90/><G37/><T67/><D112/><U68/><E68/><V127/><F105/><W102/><G36/><T59/><D59/><U29/><E29/><V97/><F106/><W117/><G117/><T56/><D56/><U113/><E113/><V91/><F91/><W31/><G90/><T13/><D13/><U109/><E109/><V103/><F10/><W128/><G128/><T95/><D95/><U22/><E9/><V38/><F38/><W64/><G46/><T77/><D77/><N who="1" m="46223" /><E2/><V124/><F16/><W19/><G19/><T11/><D11/><U118/><E118/><V79/><F79/><W107/><G31/><T120/><D120/><U111/><E111/><V24/><F24/><N who="3" m="14455" /><G63/><T1/><D1/><RYUUKYOKU ba="0,0" sc="253,0,174,0,189,0,384,0" hai0="52,55,57,62,67,88,94,98,125,126" hai1="4,8,15,17,22,25,41,42,50,54" hai2="44,51,53,61,66,70,97,103,124,127" hai3="40,43,58,60,64,96,99,100,102,107" /><INIT seed="3,1,0,2,1,124" ten="253,174,189,384" oya="3" hai0="0,92,100,102,1,67,129,81,59,50,106,53,62" hai1="54,94,39,66,118,17,56,104,20,43,119,127,24" hai2="74,135,65,97,114,22,36,45,26,84,117,71,4" hai3="82,58,5,90,2,115,116,6,31,78,128,85,103"/><W132/><G132/><T83/><D106/><U112/><E104/><V95/><F74/><W109/><G116/><T105/><D105/><U121/><E121/><V86/><F117/><W42/><G115/><T111/><D111/><U7/><E112/><V30/><F114/><W101/><G109/><T51/><D51/><U99/><E127/><V64/><F135/><W27/><G42/><T29/><D0/><U3/><E66/><V13/><F36/><W25/><G58/><T12/><D1/><U77/><E77/><V14/><F45/><W60/><G60/><T96/><D100/><N who="3" m="38473" /><G128/><T9/><D29/><U11/><E43/><V122/><F122/><W28/><G2/><T49/><D49/><U40/><E40/><V91/><F71/><W131/><G131/><T38/><D129/><U133/><E39/><V110/><F110/><W80/><G31/><T70/><REACH who="0" step="1"/><D38/><REACH who="0" ten="243,174,189,384" step="2"/><U63/><REACH who="1" step="1"/><E133/><REACH who="1" ten="243,164,189,384" step="2"/><V61/><F64/><W88/><G78/><T123/><D123/><U75/><E75/><V113/><F113/><W46/><G90/><AGARI ba="1,2" hai="3,7,11,17,20,24,54,56,63,90,94,99,118,119" machi="90" ten="40,5200,0" yaku="1,1,25,2,53,0" doraHai="124" doraHaiUra="69" who="1" fromWho="3" sc="243,0,164,75,189,0,384,-55" /><INIT seed="4,0,0,0,3,105" ten="243,239,189,329" oya="0" hai0="100,2,133,32,20,99,88,103,71,18,54,126,22" hai1="101,28,26,17,7,93,127,68,125,5,51,74,108" hai2="57,79,30,132,1,58,12,31,64,50,66,89,122" hai3="29,25,94,39,95,129,84,48,70,111,106,27,15"/><T92/><D32/><U9/><E68/><V98/><F1/><W85/><G39/><T80/><D2/><U21/><E108/><V91/><F122/><W77/><G84/><N who="0" m="50183" /><D71/><U42/><E74/><V16/><F79/><W63/><G106/><T33/><D33/><U6/><E101/><N who="0" m="38985" /><D133/><U4/><E93/><N who="2" m="56623" /><F91/><W24/><G111/><T114/><D126/><N who="1" m="48139" /><E51/><V81/><F81/><W107/><G129/><T83/><D114/><U34/><E42/><V44/><F132/><W49/><G63/><T97/><D83/><U41/><E41/><N who="2" m="24847" /><F58/><W55/><G70/><T96/><D54/><U135/><E135/><V11/><F57/><W14/><G29/><AGARI ba="0,0" hai="11,12,16,29,30,31,64,66" m="24847,56623" machi="29" ten="30,2000,0" yaku="8,1,54,1" doraHai="105" who="2" fromWho="3" sc="243,0,239,0,189,20,329,-20" /><INIT seed="5,0,0,3,1,81" ten="243,239,209,309" oya="1" hai0="42,28,76,120,97,65,95,32,57,118,122,111,69" hai1="84,2,5,0,85,34,55,41,121,29,17,124,53" hai2="108,71,38,43,101,127,72,77,131,78,31,36,49" hai3="56,89,91,66,115,123,18,83,25,130,133,134,87"/><U59/><E121/><N who="0" m="46697" /><D69/><U82/><E124/><V103/><F71/><W73/><G123/><T114/><D111/><U70/><E70/><V106/><F108/><W113/><G73/><T116/><D76/><U54/><E41/><V4/><F4/><W110/><G130/><T60/><D42/><U61/><E17/><V58/><F31/><W51/><G110/><T128/><D114/><N who="3" m="43529" /><G91/><N who="0" m="55551" /><D128/><U68/><E68/><V22/><F131/><W112/><N who="3" m="43537" /><W125/><DORA hai="93" /><G125/><T86/><D86/><U8/><E0/><V13/><F72/><W37/><G37/><T92/><D92/><U119/><E119/><V7/><F127/><W96/><G96/><T45/><D45/><U104/><E104/><V3/><F106/><W132/><G66/><T30/><D32/><U24/><REACH who="1" step="1"/><E85/><REACH who="1" ten="243,229,209,309" step="2"/><V44/><F36/><W14/><G134/><T75/><D75/><U27/><E27/><V109/><F109/><W135/><G25/><T94/><D118/><U33/><E33/><V107/><F107/><W19/><G14/><T126/><D116/><U1/><E1/><V6/><F3/><W102/><G135/><T117/><D126/><U40/><E40/><V9/><F7/><W21/><G133/><T35/><D117/><U88/><AGARI ba="0,1" hai="2,5,8,24,29,34,53,54,55,59,61,82,84,88" machi="88" ten="20,12000,1" yaku="1,1,0,1,7,1,52,1,54,1,53,0" doraHai="81,93" doraHaiUra="67,99" who="1" fromWho="1" sc="243,-40,229,130,209,-40,309,-40" /><INIT seed="5,1,0,5,0,58" ten="203,359,169,269" oya="1" hai0="120,106,41,54,75,125,116,23,26,18,3,69,35" hai1="70,122,95,76,112,57,79,28,119,12,85,81,20" hai2="39,46,114,47,66,128,104,40,36,62,92,0,123" hai3="32,31,44,77,65,78,127,97,93,80,21,83,24"/><U4/><E70/><V102/><F123/><W10/><G127/><T90/><D116/><U52/><E119/><V49/><F128/><W61/><G44/><T5/><D41/><U101/><E122/><V8/><F114/><W118/><G118/><T37/><D37/><U82/><E112/><V15/><F0/><W19/><G10/><T67/><D75/><U74/><E4/><V133/><F104/><W113/><G113/><T2/><D106/><U126/><E126/><V132/><F92/><W109/><G109/><T30/><D5/><U43/><E43/><N who="2" m="22911" /><F102/><W48/><G48/><T60/><D120/><U11/><E11/><V51/><F15/><W107/><G107/><T129/><D129/><U29/><E12/><V130/><F8/><W71/><G78/><T94/><D54/><U72/><E20/><V7/><F7/><W121/><G77/><T1/><D125/><U56/><E101/><V50/><F130/><W25/><G121/><T27/><REACH who="0" step="1"/><D1/><REACH who="0" ten="193,359,169,269" step="2"/><U13/><E74/><V91/><F91/><AGARI ba="1,1" hai="19,21,24,25,31,32,61,65,71,80,83,91,93,97" machi="91" ten="30,2000,0" yaku="7,1,52,1" doraHai="58" who="3" fromWho="2" sc="193,0,359,0,169,-23,269,33" /><INIT seed="6,0,0,1,5,90" ten="193,359,146,302" oya="2" hai0="104,0,87,34,119,78,107,99,18,35,83,77,28" hai1="43,135,65,64,91,39,19,125,68,100,74,29,15" hai2="103,71,121,26,22,36,133,97,112,105,86,108,76" hai3="134,21,59,14,40,124,101,128,84,72,13,4,8"/><V11/><F121/><W52/><G72/><T53/><D0/><U132/><E74/><V54/><F36/><W25/><G134/><T62/><D119/><U122/><E122/><V3/><F71/><W116/><G128/><T10/><D78/><U131/><E131/><V44/><F133/><W130/><G130/><T16/><D28/><U49/><E39/><V61/><F112/><W120/><G40/><T102/><D104/><U17/><E29/><V79/><F108/><W2/><G120/><T115/><D115/><U69/><E100/><V85/><F79/><W27/><G124/><T123/><D123/><U33/><E33/><V110/><F110/><W20/><G101/><T75/><D75/><U38/><E125/><V70/><F76/><W23/><G84/><T73/><D73/><U9/><E38/><V88/><F11/><W31/><G116/><T60/><D10/><U113/><E113/><V58/><F3/><W45/><G45/><T82/><D82/><U126/><E126/><V129/><F129/><W67/><G67/><T63/><D53/><U30/><E68/><V117/><F117/><W51/><G23/><T6/><D6/><U41/><E9/><V80/><F70/><W24/><G24/><T98/><D98/><U32/><E69/><V12/><F12/><W66/><G66/><T47/><D47/><U89/><E15/><V111/><F111/><W55/><G55/><T46/><D46/><U127/><E127/><V5/><F44/><W57/><G57/><T1/><D1/><U118/><E118/><V106/><F58/><W50/><G50/><RYUUKYOKU ba="0,0" sc="193,15,359,-15,146,-15,302,15" hai0="16,18,34,35,60,62,63,77,83,87,99,102,107" hai3="2,4,8,13,14,20,21,25,27,31,51,52,59" /><INIT seed="7,1,0,2,5,22" ten="208,344,131,317" oya="3" hai0="46,112,24,4,127,69,86,131,118,47,48,109,89" hai1="73,80,134,8,108,14,98,116,107,40,9,21,33" hai2="16,82,67,110,78,57,20,124,88,94,119,70,115" hai3="49,87,0,75,28,72,5,85,11,113,68,6,97"/><W53/><G68/><T42/><D109/><U129/><E108/><V111/><F119/><W84/><G113/><T65/><D118/><U132/><E33/><V61/><F115/><W74/><G97/><T35/><D112/><U29/><E116/><V1/><F1/><W36/><G36/><T2/><D131/><U3/><E40/><V71/><F124/><W63/><G28/><T103/><D103/><N who="1" m="62967" /><E3/><V100/><F100/><W19/><G63/><T43/><D127/><U133/><E129/><V60/><F82/><W30/><G30/><T64/><D69/><U32/><E32/><V76/><F110/><W79/><G19/><T117/><D4/><U25/><E14/><V114/><F114/><W31/><G31/><T56/><D2/><U92/><E92/><V101/><F101/><W10/><G11/><T59/><D117/><U106/><E106/><V13/><F111/><W45/><REACH who="3" step="1"/><G5/><REACH who="3" ten="208,344,131,307" step="2"/><T26/><D35/><U83/><E73/><V51/><F51/><W23/><G23/><T18/><D18/><U81/><AGARI ba="1,1" hai="8,9,21,25,29,80,81,83,132,133,134" m="62967" machi="81" ten="40,2700,0" yaku="20,1,52,1" doraHai="22" who="1" fromWho="1" sc="208,-8,344,40,131,-8,307,-14" owari="200,-20.0,384,49.0,123,-38.0,293,9.0" /></mjloggm>