<mjloggm ver="2.3"><GO type="169" lobby="0"/><UN n0="%E3%82%A6%E3%83%AB%E3%83%88%E3%83%A9%E7%AB%8B%E7%9B%B4" n1="%6D%61%73%61%73%69%6F" n2="%E3%82%B5%E3%83%9C" n3="%E3%80%93%E3%81%84%E3%81%A1%E3%81%AF%E3%82%89%E3%80%93" dan="17,16,16,19" rate="2193.63,2148.20,2147.27,2288.30" sx="M,M,M,M"/><TAIKYOKU oya="0"/><INIT seed="0,0,0,2,4,43" ten="250,250,250,250" oya="0" hai0="30,26,57,39,61,129,18,86,98,97,76,71,46" hai1="2,116,33,24,60,11,21,5,59,112,113,8,120" hai2="67,4,58,95,64,47,54,131,126,38,118,90,16" hai3="44,128,69,74,27,101,42,94,123,34,119,17,40"/><T56/><D129/><U127/><E120/><V85/><F131/><W41/><G74/><T102/><D97/><U105/><E105/><V10/><F126/><W65/><G128/><T28/><D28/><U50/><E116/><V114/><F114/><W19/><G119/><T77/><D18/><U133/><E127/><V103/><F118/><W75/><G75/><T7/><D7/><U14/><E133/><V122/><F122/><W23/><G34/><T63/><D86/><U82/><E82/><V91/><F103/><W99/><G123/><T49/><D39/><U20/><E50/><V52/><F38/><W6/><G6/><T132/><D132/><U62/><E62/><V12/><F4/><W45/><G65/><T89/><D89/><U9/><E59/><V53/><F90/><W66/><G66/><N who="2" m="25129" /><F58/><N who="0" m="22634" /><D71/><U37/><E60/><N who="0" m="23113" /><D98/><U96/><E96/><V110/><F110/><W68/><G68/><T72/><D72/><U108/><E108/><V84/><F84/><W109/><G109/><T15/><D15/><U13/><E37/><V35/><F35/><W88/><G69/><T107/><D107/><U115/><E2/><V135/><F135/><W100/><G19/><T73/><D102/><AGARI ba="0,0" hai="17,23,27,40,41,42,44,45,88,94,99,100,101,102" machi="102" ten="40,8000,1" yaku="8,1,52,2,54,1" doraHai="43" who="3" fromWho="0" sc="250,-80,250,0,250,0,250,80" /><INIT seed="1,0,0,2,3,21" ten="170,250,250,330" oya="1" hai0="52,70,32,57,128,2,77,120,39,96,59,85,14" hai1="29,104,108,30,114,64,25,78,7,37,45,100,18" hai2="81,26,54,69,109,123,116,84,92,38,23,33,133" hai3="122,134,56,22,88,73,15,76,34,24,48,93,98"/><U3/><E114/><V55/><F116/><W117/><G122/><T97/><D2/><U95/><E104/><V0/><F123/><W10/><G34/><T31/><D39/><U102/><E78/><V47/><F69/><W11/><G117/><T131/><D70/><U82/><E82/><V16/><F0/><W130/><G130/><N who="0" m="49707" /><D120/><U87/><E64/><V115/><F115/><W111/><G111/><T89/><D77/><U61/><E61/><V1/><F1/><W135/><G73/><T90/><D14/><U103/><E108/><V105/><F105/><W6/><G11/><T72/><D72/><U49/><E37/><V101/><F109/><W74/><G74/><T12/><D12/><U28/><E7/><V79/><F133/><W126/><G126/><T68/><D68/><U106/><E106/><V20/><F33/><W46/><G56/><N who="0" m="21579" /><D52/><N who="1" m="29743" /><E3/><V4/><F4/><W80/><G80/><T60/><D60/><U107/><E107/><V50/><F38/><W71/><G76/><T112/><D112/><U67/><E67/><V118/><F118/><W27/><G71/><T17/><D17/><U113/><E113/><V66/><F66/><W5/><G5/><T129/><N who="0" m="49715" /><T41/><DORA hai="124" /><D41/><U51/><E51/><V125/><F125/><W75/><G75/><T8/><D8/><U91/><E18/><N who="2" m="12663" /><F54/><N who="3" m="29975" /><G135/><T119/><D119/><U35/><E35/><V58/><F47/><W19/><G134/><T99/><D85/><U121/><E121/><V83/><F16/><W127/><G127/><T36/><D36/><U9/><E9/><V43/><F43/><RYUUKYOKU ba="0,0" sc="170,10,250,10,250,-30,330,10" hai0="31,32,89,90,96,97,99" hai1="25,28,29,30,87,91,95,100,102,103" hai3="6,10,15,19,22,24,27,88,93,98" /><INIT seed="1,1,0,4,1,22" ten="180,260,220,340" oya="1" hai0="43,28,119,31,133,69,88,35,36,81,29,91,26" hai1="120,19,21,59,129,17,25,75,99,86,48,84,122" hai2="95,18,39,131,62,20,77,61,10,1,47,67,134" hai3="4,107,46,90,108,12,0,112,132,111,55,124,106"/><U80/><E129/><V34/><F131/><W40/><G112/><T93/><D119/><U65/><E75/><V115/><F115/><W11/><G124/><T3/><D133/><U13/><E99/><V117/><F117/><W105/><G132/><T32/><D69/><U16/><E86/><V23/><F34/><W73/><G55/><T92/><D3/><U70/><E70/><V74/><F134/><W14/><G90/><T72/><D36/><U123/><E13/><V51/><F39/><W52/><G52/><T125/><D43/><U83/><E48/><V71/><F62/><W38/><G73/><T85/><D125/><U103/><E103/><V79/><F95/><W58/><G58/><T118/><D118/><U128/><E128/><V63/><F63/><W78/><G78/><T6/><D6/><U96/><E96/><V9/><F74/><W127/><G127/><T109/><D109/><AGARI ba="1,0" hai="0,4,11,12,14,38,40,46,105,106,107,108,109,111" machi="109" ten="50,1600,0" yaku="14,1" doraHai="22" who="3" fromWho="0" sc="180,-19,260,0,220,0,340,19" /><INIT seed="2,0,0,4,5,34" ten="161,260,220,359" oya="2" hai0="69,75,108,8,90,30,50,71,32,67,17,83,125" hai1="60,81,46,114,19,24,2,3,53,127,27,35,113" hai2="29,107,9,129,105,6,37,55,52,116,106,99,59" hai3="96,43,44,36,0,11,25,58,93,20,21,73,135"/><V10/><F116/><W120/><G120/><T85/><D125/><U54/><E81/><V128/><F37/><W92/><G135/><T122/><D122/><U77/><E77/><V78/><F78/><W49/><G73/><T87/><D108/><U111/><E111/><V45/><F29/><W5/><G93/><T74/><D30/><U18/><E60/><V56/><F45/><W124/><G124/><T134/><D32/><U98/><E35/><V33/><F33/><W121/><G121/><T28/><D28/><U62/><E62/><V57/><F99/><W110/><G110/><T12/><D134/><U23/><E98/><V97/><F97/><W112/><G25/><T31/><D31/><U63/><E63/><V40/><F40/><W103/><G112/><T109/><D109/><U7/><E46/><V61/><F61/><W104/><REACH who="3" step="1"/><G104/><REACH who="3" ten="161,260,220,349" step="2"/><T68/><D67/><U115/><E127/><V64/><F64/><W76/><G76/><T84/><D75/><U102/><E102/><V70/><F70/><W26/><G26/><T22/><D74/><U65/><E65/><V48/><F105/><W95/><G95/><T101/><D101/><U91/><E91/><V14/><F106/><W118/><G118/><T132/><D132/><U88/><E88/><V41/><F107/><W117/><G117/><T16/><REACH who="0" step="1"/><D50/><REACH who="0" ten="151,260,220,349" step="2"/><U4/><E115/><V100/><F100/><W126/><G126/><T13/><AGARI ba="0,2" hai="8,12,13,16,17,22,68,69,71,83,84,85,87,90" machi="13" ten="40,8000,1" yaku="1,1,2,1,0,1,54,1,53,0" doraHai="34" doraHaiUra="1" who="0" fromWho="0" sc="151,100,260,-20,220,-40,349,-20" /><INIT seed="3,0,0,4,4,72" ten="251,240,180,329" oya="3" hai0="91,70,102,65,28,27,38,79,14,8,66,21,92" hai1="33,50,47,87,1,83,29,57,77,13,124,15,101" hai2="11,126,90,12,53,97,115,19,41,128,49,125,25" hai3="62,132,9,23,2,130,60,40,24,55,109,81,36"/><W75/><G132/><T118/><D118/><U89/><E1/><V95/><F115/><W88/><G130/><T99/><D38/><U120/><E120/><V16/><F128/><W98/><G109/><T37/><D37/><U135/><E135/><V131/><F41/><W7/><G55/><T93/><D70/><U48/><E101/><V114/><F114/><W121/><G121/><T134/><D134/><U94/><E124/><V105/><F131/><W54/><G54/><T6/><REACH who="0" step="1"/><D79/><REACH who="0" ten="241,240,180,329" step="2"/><U80/><E33/><V32/><F105/><W110/><G110/><T52/><D52/><N who="1" m="31895" /><E29/><V58/><REACH who="2" step="1"/><F32/><REACH who="2" ten="241,240,170,329" step="2"/><W113/><G113/><T4/><D4/><U112/><E112/><V46/><F46/><W100/><G7/><T123/><D123/><U39/><E39/><V63/><F63/><W74/><G62/><T30/><D30/><U103/><E47/><V119/><F119/><W108/><G60/><T122/><D122/><U78/><E48/><V34/><F34/><W51/><G51/><T59/><D59/><U45/><E45/><V67/><F67/><W96/><G36/><T127/><D127/><U129/><E129/><V116/><F116/><W86/><G108/><T107/><D107/><U10/><E78/><V117/><F117/><W20/><G40/><T5/><D5/><U76/><E76/><V22/><AGARI ba="0,2" hai="11,12,16,19,22,25,49,53,58,90,95,97,125,126" machi="22" ten="30,4000,0" yaku="1,1,0,1,54,1,53,0" doraHai="72" doraHaiUra="61" who="2" fromWho="2" sc="241,-10,240,-10,170,60,329,-20" /><INIT seed="4,0,0,0,3,3" ten="231,230,230,309" oya="0" hai0="26,97,121,95,78,38,1,83,37,70,100,132,81" hai1="131,87,107,23,102,76,120,2,17,10,86,108,72" hai2="53,109,9,55,85,25,35,34,110,106,19,62,112" hai3="92,49,115,56,90,48,125,66,11,91,118,105,74"/><T18/><D121/><U69/><E120/><V67/><F106/><W42/><G105/><T101/><D132/><U68/><E108/><V41/><F112/><W47/><G74/><T54/><D70/><U122/><E72/><V84/><F41/><W45/><G115/><T75/><D1/><U59/><E122/><V71/><F109/><W12/><G118/><T31/><D101/><U43/><E43/><V93/><F110/><W124/><G66/><T96/><D96/><U80/><E131/><V36/><F36/><W21/><G56/><T57/><D83/><U77/><E59/><V123/><F123/><W130/><G21/><T82/><D82/><U117/><E87/><V28/><F35/><W119/><G119/><T60/><REACH who="0" step="1"/><D18/><REACH who="0" ten="221,230,230,309" step="2"/><U16/><E77/><V46/><F19/><W0/><G0/><T103/><D103/><U104/><E102/><V111/><F111/><W51/><G91/><T116/><D116/><U128/><E117/><V29/><F71/><W73/><G90/><T88/><D88/><U15/><E69/><V58/><F93/><W89/><G89/><T6/><D6/><U64/><E2/><V135/><F135/><W63/><G92/><T52/><D52/><U32/><E68/><V126/><F55/><W134/><G134/><T4/><D4/><U61/><E107/><V50/><F53/><W127/><G127/><T99/><D99/><U14/><E104/><V40/><F40/><W22/><G125/><T30/><D30/><U7/><E7/><V8/><F126/><W20/><G124/><T94/><D94/><U27/><E80/><RYUUKYOKU ba="0,1" sc="221,30,230,-10,230,-10,309,-10" hai0="26,31,37,38,54,57,60,75,78,81,95,97,100" /><INIT seed="4,1,1,2,5,92" ten="251,220,220,299" oya="0" hai0="70,87,16,111,51,58,78,26,122,21,52,12,25" hai1="13,90,132,104,80,36,110,125,61,68,84,129,39" hai2="1,23,49,60,47,32,18,96,121,107,91,29,115" hai3="19,7,62,134,30,124,112,103,11,81,66,8,99"/><T38/><D122/><U75/><E110/><V82/><F121/><W108/><G112/><T57/><D70/><U86/><E132/><V130/><F115/><W67/><G108/><T40/><D111/><U97/><E129/><V79/><F1/><W100/><G134/><T43/><D38/><U17/><E125/><V0/><F0/><W109/><G109/><T83/><D58/><U34/><E75/><V46/><F130/><W95/><G124/><T4/><D4/><U114/><E34/><V76/><F32/><W45/><G30/><T9/><REACH who="0" step="1"/><D26/><REACH who="0" ten="241,220,220,299" step="2"/><U74/><E114/><V22/><F60/><W56/><G7/><T127/><D127/><U6/><E6/><V3/><F46/><W69/><G45/><T71/><D71/><U63/><E68/><V5/><F47/><W2/><G69/><T116/><D116/><U10/><E39/><V93/><F5/><W14/><G2/><T31/><AGARI ba="1,2" hai="9,12,16,21,25,31,40,43,51,52,57,78,83,87" machi="31" ten="20,18000,2" yaku="1,1,0,1,7,1,8,1,54,2,53,1" doraHai="92" doraHaiUra="53" who="0" fromWho="0" sc="241,203,220,-61,220,-61,299,-61" /><INIT seed="4,2,0,5,2,120" ten="444,159,159,238" oya="0" hai0="105,102,83,68,106,22,125,94,103,20,78,63,73" hai1="84,95,65,57,27,0,52,8,67,21,5,66,112" hai2="70,75,69,24,93,3,98,4,28,71,30,91,111" hai3="132,97,77,104,130,116,51,14,134,59,2,12,36"/><T127/><D68/><U49/><E112/><V55/><F75/><W110/><G36/><T115/><D63/><U50/><E95/><V19/><F3/><W10/><G77/><T46/><D46/><U135/><E84/><V7/><F19/><W113/><G116/><T107/><D115/><U56/><E135/><V25/><F111/><W124/><G113/><T15/><D15/><U47/><REACH who="1" step="1"/><E50/><REACH who="1" ten="444,149,159,238" step="2"/><V100/><F100/><W131/><G134/><T74/><D74/><U33/><E33/><V122/><F122/><W118/><G132/><T133/><D133/><U9/><E9/><V90/><F90/><W89/><G89/><T37/><D103/><U48/><E48/><V64/><F64/><W42/><G51/><T18/><D102/><U17/><AGARI ba="2,1" hai="0,5,8,17,21,27,47,49,52,56,57,65,66,67" machi="17" ten="30,4000,0" yaku="1,1,0,1,54,1,53,0" doraHai="120" doraHaiUra="38" who="1" fromWho="1" sc="444,-22,149,56,159,-12,238,-12" /><INIT seed="5,0,0,5,5,79" ten="422,205,147,226" oya="1" hai0="65,128,70,90,105,81,94,2,50,111,87,116,56" hai1="44,98,91,86,68,113,11,0,126,124,52,92,45" hai2="114,46,54,18,74,43,38,131,109,110,77,112,85" hai3="102,121,76,32,53,60,6,41,57,104,127,134,125"/><U129/><E113/><N who="2" m="43627" /><F74/><W26/><G121/><T83/><D105/><U115/><E68/><V130/><F18/><W80/><G134/><T9/><D111/><N who="2" m="42506" /><F77/><W25/><G41/><T3/><D128/><N who="2" m="49194" /><F85/><W123/><G123/><T120/><D120/><U19/><E115/><V84/><F84/><N who="3" m="48135" /><G6/><T7/><D87/><U42/><E129/><V69/><F54/><W99/><G32/><T93/><D7/><U61/><E19/><V49/><F69/><W17/><G17/><T108/><D70/><U97/><E97/><V96/><F96/><W31/><G31/><T67/><D67/><U5/><E98/><V35/><F35/><W51/><G26/><T15/><D108/><U73/><E73/><V72/><F72/><W48/><G25/><T59/><D65/><U4/><E4/><V34/><F34/><W23/><G23/><T58/><D94/><U132/><E132/><V22/><F22/><W101/><G101/><T117/><D93/><U30/><E30/><V122/><F122/><W24/><G24/><T39/><D90/><U89/><E91/><V107/><F49/><W135/><G135/><T82/><D50/><U47/><REACH who="1" step="1"/><E42/><REACH who="1" ten="422,195,147,226" step="2"/><V40/><F43/><W21/><G99/><T66/><D2/><U13/><E13/><V10/><F10/><W27/><G27/><T62/><D3/><U106/><E106/><AGARI ba="0,1" hai="38,40,46,106,107" m="49194,42506,43627" machi="106" ten="40,8000,1" yaku="15,1,11,1,19,1,23,1" doraHai="79" who="2" fromWho="1" sc="422,0,195,-80,147,90,226,0" /><INIT seed="6,0,0,5,2,86" ten="422,115,237,226" oya="2" hai0="49,82,119,7,2,3,60,50,76,61,23,108,78" hai1="121,95,36,0,71,123,28,135,58,70,55,101,122" hai2="85,89,74,68,17,115,27,46,31,98,56,33,67" hai3="97,54,59,21,35,53,94,24,18,125,45,9,110"/><V118/><F74/><W84/><G125/><T29/><D7/><U134/><E36/><V64/><F118/><W83/><G35/><T75/><D23/><U30/><E0/><V120/><F120/><W106/><G106/><T1/><D29/><N who="1" m="11371" /><E95/><V105/><F115/><W73/><G73/><T52/><D108/><U99/><E99/><V79/><F68/><N who="1" m="26153" /><E58/><V128/><F128/><W62/><G110/><T22/><D22/><U25/><E25/><V117/><F117/><W20/><G9/><T4/><D4/><U102/><E55/><V111/><F111/><W132/><G21/><T100/><D100/><AGARI ba="0,0" hai="100,101,102,121,122,123,134,135" m="26153,11371" machi="100" ten="40,5200,0" yaku="28,2,13,1" doraHai="86" who="1" fromWho="0" sc="422,-52,115,52,237,0,226,0" /><INIT seed="7,0,0,1,5,64" ten="370,167,237,226" oya="3" hai0="1,120,24,0,66,33,36,70,8,124,3,14,113" hai1="29,101,35,17,91,88,75,122,21,132,100,111,76" hai2="19,86,94,32,89,97,104,50,18,27,5,116,128" hai3="87,99,60,129,55,81,23,30,12,26,44,92,98"/><W46/><G129/><T126/><D36/><U47/><E122/><V53/><F116/><W4/><G99/><T39/><D39/><U48/><E111/><V43/><F43/><W9/><G60/><N who="0" m="40263" /><D120/><U102/><E132/><V15/><F128/><W20/><G55/><T103/><D103/><U7/><E7/><V114/><F114/><W42/><G23/><T77/><D77/><U59/><E59/><N who="2" m="33207" /><F104/><W45/><G98/><T63/><D63/><U130/><E130/><V79/><F32/><W93/><REACH who="3" step="1"/><G42/><REACH who="3" ten="370,167,237,216" step="2"/><T134/><D134/><U16/><E35/><V6/><F27/><W71/><G71/><T51/><D24/><U54/><E29/><V108/><F108/><W115/><G115/><T118/><D113/><U133/><E133/><V11/><F97/><W109/><G109/><T49/><D33/><U58/><E58/><V110/><F110/><W80/><G80/><T106/><D118/><U84/><E75/><V74/><F74/><W107/><G107/><T28/><D106/><U56/><E56/><V117/><F117/><W95/><G95/><T37/><D28/><U83/><E17/><V62/><F19/><W40/><G40/><T41/><D51/><U121/><E121/><V90/><F62/><W73/><G73/><T61/><D49/><U123/><E123/><V31/><F31/><W119/><G119/><T68/><D61/><U78/><E78/><AGARI ba="0,1" hai="4,9,12,20,26,30,44,45,46,78,81,87,92,93" machi="78" ten="40,3900,0" yaku="1,1,8,1,53,0" doraHai="64" doraHaiUra="13" who="3" fromWho="1" sc="370,0,167,-39,237,0,216,49" /><INIT seed="7,1,0,2,1,78" ten="370,128,237,265" oya="3" hai0="47,130,101,71,103,104,108,11,22,49,19,7,87" hai1="50,116,91,132,64,21,59,109,70,68,99,33,96" hai2="45,89,122,31,55,107,126,86,113,65,6,62,115" hai3="82,135,24,111,60,102,100,66,46,54,5,121,12"/><W56/><G121/><T29/><D71/><U110/><E21/><V26/><F107/><W14/><G135/><T114/><D108/><U84/><E59/><V85/><F126/><W43/><G111/><T128/><D29/><U98/><E64/><V73/><F73/><W97/><G24/><N who="0" m="14431" /><D104/><U80/><E50/><V112/><F122/><W3/><G3/><N who="0" m="511" /><D87/><U76/><E33/><V25/><F6/><W92/><G102/><T83/><D83/><U58/><E58/><V93/><F85/><W117/><G117/><T77/><D77/><U105/><E70/><V9/><F31/><W94/><G94/><T120/><D120/><U41/><E68/><V88/><F9/><W39/><G5/><T38/><D38/><U79/><E41/><V118/><F118/><W8/><G8/><T74/><D74/><U34/><E34/><V134/><F134/><W124/><G124/><T10/><D10/><U90/><E132/><V23/><F23/><W48/><G82/><T123/><D123/><U4/><E4/><V44/><F89/><N who="1" m="33801" /><E116/><V61/><F65/><W51/><G51/><T75/><D75/><N who="1" m="43039" /><E110/><V81/><F93/><W95/><G95/><T53/><D49/><U18/><E18/><V69/><F69/><AGARI ba="1,0" hai="12,14,39,43,46,48,54,56,60,66,69,92,97,100" machi="69" ten="30,5800,0" yaku="7,1,24,2" doraHai="78" who="3" fromWho="2" sc="370,0,128,0,237,-61,265,61" /><INIT seed="7,2,0,2,2,77" ten="370,128,176,326" oya="3" hai0="72,4,1,32,10,127,91,0,133,86,31,70,41" hai1="17,61,124,106,81,56,24,34,27,8,29,63,21" hai2="125,28,54,92,135,108,12,39,100,45,117,122,116" hai3="126,66,83,2,89,53,90,64,9,109,134,33,79"/><W20/><G33/><T76/><D70/><U62/><E106/><V49/><F108/><W130/><G109/><T71/><D71/><U3/><E124/><V78/><F125/><W14/><G126/><T26/><D127/><U22/><E34/><V69/><F69/><W57/><G130/><T48/><D133/><U75/><E3/><V129/><F129/><W42/><G134/><T112/><D112/><U84/><E75/><V40/><F135/><W11/><G42/><T35/><D35/><U80/><E8/><V15/><F122/><W132/><G132/><T30/><D30/><U58/><REACH who="1" step="1"/><E81/><REACH who="1" ten="370,118,176,326" step="2"/><V47/><F117/><W73/><G2/><T121/><D0/><U118/><E118/><V5/><F116/><W98/><G11/><T55/><D121/><U18/><E18/><V82/><F28/><W19/><G9/><T128/><D128/><U120/><E120/><V94/><F5/><W16/><G19/><T113/><D113/><U93/><E93/><V52/><F92/><W23/><G23/><T115/><D115/><U6/><E6/><V104/><F104/><W114/><G114/><T67/><D10/><U111/><E111/><V97/><F94/><W99/><G99/><T51/><D1/><U105/><E105/><V88/><F97/><W59/><G98/><T38/><D4/><U85/><E85/><V68/><F82/><W60/><G66/><T131/><D67/><U110/><E110/><V46/><F100/><W103/><G103/><T96/><D131/><U25/><E25/><V7/><F7/><W95/><G95/><N who="0" m="56447" /><D32/><U44/><E44/><RYUUKYOKU ba="2,1" sc="370,-15,118,15,176,-15,326,15" hai1="17,21,22,24,27,29,56,58,61,62,63,80,84" hai3="14,16,20,53,57,59,60,64,73,79,83,89,90" /><INIT seed="7,3,1,4,0,4" ten="355,133,161,341" oya="3" hai0="32,26,94,112,75,92,22,66,39,91,109,18,128" hai1="19,55,8,120,64,23,61,20,80,57,130,68,9" hai2="34,41,121,79,122,54,72,65,67,50,69,27,53" hai3="33,103,43,36,97,105,88,119,45,14,100,96,21"/><W127/><G33/><T15/><D109/><U102/><E120/><N who="2" m="46187" /><F41/><W124/><G119/><T125/><D39/><U85/><E130/><V89/><F72/><W93/><G14/><T12/><D75/><U11/><E102/><V87/><F79/><W76/><G21/><N who="1" m="8266" /><E68/><V56/><F69/><W84/><REACH who="3" step="1"/><G76/><REACH who="3" ten="355,133,161,331" step="2"/><T99/><D15/><N who="1" m="7655" /><E64/><V131/><F131/><W95/><AGARI ba="3,2" hai="36,43,45,84,88,93,95,96,97,100,103,105,124,127" machi="95" ten="30,12000,1" yaku="1,1,0,1,54,1,53,2" doraHai="4" doraHaiUra="98" who="3" fromWho="3" sc="355,-43,133,-43,161,-43,331,149" owari="312,11.0,90,-41.0,118,-28.0,480,58.0" /></mjloggm>