<mjloggm ver="2.3"><GO type="169" lobby="0"/><UN n0="%E3%82%A6%E3%83%AB%E3%83%88%E3%83%A9%E7%AB%8B%E7%9B%B4" n1="%66%75%6A%69%6D%75%72%61" n2="%6B%69%79%6F%64%61%69" n3="%E3%81%AE%E3%81%B3%E3%81%97%E3%82%8D%E2%99%82" dan="17,16,17,16" rate="2158.95,2165.60,2198.60,2087.97" sx="M,M,M,M"/><TAIKYOKU oya="0"/><INIT seed="0,0,0,1,2,2" ten="250,250,250,250" oya="0" hai0="88,125,127,33,41,126,49,115,69,32,114,86,85" hai1="123,62,22,64,60,131,93,43,82,7,17,84,74" hai2="0,16,36,79,75,105,55,53,111,90,30,76,40" hai3="47,23,133,51,66,54,11,128,26,91,109,77,59"/><T87/><D69/><U8/><E123/><V129/><F105/><W101/><G109/><T35/><D88/><U18/><E131/><V56/><F30/><W102/><G133/><T21/><D21/><U27/><E74/><V3/><F40/><W99/><G128/><T100/><D100/><U52/><E43/><V37/><F90/><W117/><G117/><T120/><D120/><U45/><E93/><V65/><F56/><W13/><G77/><T15/><D15/><N who="1" m="5535" /><E64/><V81/><F65/><W39/><G39/><T130/><D130/><U28/><E62/><V57/><F57/><W19/><G91/><T78/><D78/><N who="1" m="46167" /><E60/><V95/><F129/><W38/><G99/><T10/><D10/><U118/><E118/><V112/><F95/><W104/><G104/><T9/><D9/><U68/><E68/><V63/><F63/><N who="3" m="38271" /><G38/><T80/><D80/><U119/><E119/><V124/><F81/><W14/><G14/><T94/><D94/><U4/><E4/><AGARI ba="0,0" hai="4,11,13,19,23,26,47,51,54,101,102" m="38271" machi="4" ten="30,2000,0" yaku="8,1,52,1" doraHai="2" who="3" fromWho="1" sc="250,0,250,-20,250,0,250,20" /><INIT seed="1,0,0,3,4,87" ten="250,230,250,270" oya="1" hai0="105,34,125,31,79,122,7,94,38,51,85,101,59" hai1="66,128,130,53,13,88,135,78,95,82,4,123,15" hai2="5,74,23,104,115,19,127,56,43,70,118,3,96" hai3="65,12,86,90,134,54,50,89,30,75,117,36,32"/><U27/><E123/><V97/><F70/><W120/><G36/><T110/><D38/><U33/><E135/><V71/><BYE who="0" /><F74/><W69/><G75/><T113/><D113/><U132/><E132/><UN n0="%E3%82%A6%E3%83%AB%E3%83%88%E3%83%A9%E7%AB%8B%E7%9B%B4" /><V46/><F71/><W67/><G134/><T103/><D110/><U116/><E116/><V107/><F127/><W49/><G120/><T28/><D125/><U11/><E66/><V22/><F23/><W52/><G117/><T39/><D39/><U41/><E41/><V2/><F115/><W64/><G69/><T100/><D122/><U131/><E53/><N who="3" m="20586" /><G32/><T55/><D105/><U109/><E109/><V37/><F56/><W112/><G112/><T77/><D7/><U114/><E114/><V62/><F62/><W106/><G106/><T81/><D34/><U60/><E60/><V133/><F118/><W72/><G72/><T92/><REACH who="0" step="1"/><D79/><REACH who="0" ten="240,230,250,270" step="2"/><U21/><E33/><V93/><F5/><W119/><G119/><T98/><D98/><N who="1" m="57703" /><E4/><V126/><F126/><W16/><G30/><AGARI ba="0,1" hai="28,30,31,51,55,59,77,81,85,92,94,100,101,103" machi="30" ten="40,2600,0" yaku="1,1,8,1,53,0" doraHai="87" doraHaiUra="0" who="0" fromWho="3" sc="240,36,230,0,250,0,270,-26" /><INIT seed="2,0,0,1,4,76" ten="276,230,250,244" oya="2" hai0="73,49,105,69,54,12,71,121,130,26,42,58,61" hai1="109,67,112,28,96,104,21,124,55,56,70,91,92" hai2="37,98,22,102,106,52,44,135,74,53,78,97,64" hai3="47,66,40,15,1,32,13,65,118,6,103,38,33"/><V88/><F135/><W116/><G1/><T126/><D105/><U31/><E109/><V43/><F64/><W87/><G103/><T113/><D73/><U108/><E112/><V117/><F117/><W107/><G107/><T123/><D12/><U120/><E108/><V86/><F97/><W75/><G75/><T8/><D8/><U34/><E124/><V45/><F45/><W50/><G38/><T30/><D30/><U27/><E120/><V127/><F127/><W18/><G6/><T111/><D26/><U5/><E5/><V99/><F99/><W17/><G87/><T80/><D80/><U48/><E104/><V77/><F77/><W125/><G50/><T110/><D126/><U57/><E70/><V115/><F115/><W51/><G51/><T20/><D20/><U85/><E34/><V59/><F59/><W2/><G2/><T19/><D19/><N who="1" m="12735" /><E85/><V101/><F101/><W41/><REACH who="3" step="1"/><G125/><REACH who="3" ten="276,230,250,234" step="2"/><T29/><D111/><U9/><E9/><V129/><F129/><W119/><G119/><T35/><D110/><U131/><E131/><V25/><F74/><W81/><G81/><T3/><D130/><U7/><E7/><V68/><F78/><W84/><G84/><T72/><D72/><U128/><E128/><V36/><F36/><W0/><G0/><T132/><D3/><U134/><E134/><V4/><F4/><W94/><G94/><T63/><D132/><U93/><E93/><V122/><F122/><W14/><G14/><T100/><D123/><U114/><E114/><V46/><F106/><W11/><G11/><T16/><D121/><RYUUKYOKU ba="0,1" sc="276,-15,230,15,250,-15,234,15" hai1="28,31,48,55,56,57,67,91,92,96" hai3="13,15,17,18,32,33,40,41,47,65,66,116,118" /><INIT seed="3,1,1,5,5,24" ten="261,245,235,249" oya="3" hai0="58,27,106,51,36,121,103,30,40,108,57,38,87" hai1="114,113,20,4,91,42,37,125,59,22,21,25,8" hai2="45,16,84,86,107,28,52,43,11,65,119,111,98" hai3="85,112,89,96,9,0,68,1,77,135,117,97,76"/><W71/><G117/><T32/><D121/><U128/><E37/><V49/><F119/><W47/><G112/><T127/><D108/><U82/><E42/><V129/><F111/><W44/><G85/><N who="2" m="32873" /><F107/><W6/><G9/><T130/><D127/><U134/><E91/><V126/><F126/><W92/><G92/><T7/><D130/><U48/><E82/><V73/><F73/><W5/><REACH who="3" step="1"/><G89/><REACH who="3" ten="261,245,235,239" step="2"/><T62/><D106/><U102/><E125/><V13/><F129/><W118/><G118/><T31/><D103/><U34/><E128/><V101/><F101/><W90/><G90/><T79/><D87/><U29/><E102/><V120/><F120/><W78/><G78/><T26/><D79/><U100/><E100/><V133/><F98/><W39/><G39/><T50/><D38/><U17/><E134/><AGARI ba="1,2" hai="0,1,5,6,44,47,68,71,76,77,96,97,134,135" machi="134" ten="25,4800,0" yaku="1,1,22,2,53,0" doraHai="24" doraHaiUra="122" who="3" fromWho="1" sc="261,0,245,-51,235,0,239,71" /><INIT seed="3,2,0,5,4,81" ten="261,194,235,310" oya="3" hai0="49,128,65,27,78,122,22,14,125,79,0,16,112" hai1="130,25,29,91,133,129,3,36,57,74,54,47,96" hai2="42,83,108,95,73,93,37,15,88,69,35,132,50" hai3="99,75,24,85,41,105,44,62,109,1,70,116,60"/><W45/><G75/><T106/><D122/><U58/><E3/><V32/><F69/><W102/><G116/><T63/><D0/><U39/><E74/><V131/><F37/><N who="1" m="14409" /><E96/><V97/><F108/><W26/><G1/><T127/><D106/><U101/><E101/><V2/><F2/><W134/><G134/><T89/><D112/><U33/><E133/><V56/><F131/><N who="1" m="50185" /><E91/><V84/><F73/><W120/><G120/><T28/><D128/><U18/><E18/><V71/><F71/><W100/><G109/><T12/><D89/><U52/><E47/><V17/><F132/><W90/><G102/><T107/><D107/><U80/><E80/><V67/><F95/><W103/><G103/><T61/><D79/><U34/><E25/><V98/><F98/><W115/><G115/><T40/><D78/><U64/><E64/><V111/><F111/><W121/><G121/><T94/><D94/><U4/><E4/><V55/><F67/><W82/><G45/><N who="0" m="25767" /><D65/><U59/><E29/><V68/><F42/><W87/><G87/><T20/><D14/><U51/><E51/><V7/><F7/><W19/><G70/><T118/><D118/><U119/><E119/><V6/><F6/><W117/><G117/><T46/><D46/><U53/><AGARI ba="2,0" hai="33,34,52,53,54,57,58,59" m="50185,14409" machi="53" ten="40,8000,1" yaku="28,2,19,1,54,1" doraHai="81" who="1" fromWho="1" sc="261,-22,194,86,235,-22,310,-42" /><INIT seed="4,0,0,3,4,119" ten="239,280,213,268" oya="0" hai0="52,107,99,93,100,98,122,130,74,40,6,91,86" hai1="23,31,80,60,116,92,109,135,11,37,42,32,76" hai2="127,128,13,79,69,5,16,105,51,117,0,129,108" hai3="112,103,114,65,82,84,75,20,28,29,63,27,67"/><T45/><D122/><U73/><E116/><V36/><F79/><W83/><G75/><T78/><D130/><U30/><E30/><V49/><F5/><W41/><G41/><T61/><D6/><U12/><E32/><V8/><F0/><W134/><G134/><T19/><D19/><U126/><E109/><V34/><F34/><W35/><G103/><N who="0" m="62975" /><D52/><U125/><E135/><V90/><F108/><W111/><G111/><T48/><D61/><U58/><E92/><V56/><F105/><W25/><G67/><T85/><D48/><U95/><E95/><V68/><F36/><W26/><G27/><T118/><D45/><N who="1" m="23759" /><E31/><V72/><F72/><W57/><REACH who="3" step="1"/><G83/><REACH who="3" ten="239,280,213,258" step="2"/><N who="0" m="45527" /><D40/><U113/><E73/><V87/><F129/><W77/><AGARI ba="0,1" hai="20,25,26,28,29,35,57,63,65,77,82,84,112,114" machi="77" ten="30,2000,0" yaku="1,1,0,1,53,0" doraHai="119" doraHaiUra="120" who="3" fromWho="3" sc="239,-10,280,-5,213,-5,258,30" /><INIT seed="5,0,0,1,1,10" ten="229,275,208,288" oya="1" hai0="106,100,3,39,34,107,31,90,53,76,66,54,70" hai1="21,123,124,17,86,98,49,78,5,85,125,104,120" hai2="60,79,127,72,81,59,30,117,55,2,57,62,68" hai3="105,28,37,22,64,61,41,29,20,46,4,101,35"/><U134/><E5/><V15/><F127/><N who="1" m="48713" /><E49/><V88/><F68/><N who="3" m="41999" /><G29/><T13/><D3/><U38/><E38/><V77/><F117/><W33/><G4/><T122/><D39/><U116/><E116/><V45/><F2/><W102/><G102/><T52/><D122/><N who="1" m="46635" /><E134/><V7/><F30/><W112/><G112/><T23/><D34/><U51/><E51/><V74/><F45/><W126/><G35/><T26/><D100/><N who="1" m="62487" /><E78/><V133/><F133/><W96/><G126/><T50/><D76/><U108/><E108/><V69/><F69/><W16/><G16/><T94/><D50/><U132/><E132/><V114/><F114/><W47/><G46/><T113/><D113/><U14/><AGARI ba="0,0" hai="14,17,21,85,86" m="62487,46635,48713" machi="14" ten="30,3000,0" yaku="18,1,52,1" doraHai="10" who="1" fromWho="1" sc="229,-10,275,30,208,-10,288,-10" /><INIT seed="5,1,0,0,3,58" ten="219,305,198,278" oya="1" hai0="51,102,50,111,61,94,77,54,27,119,113,90,52" hai1="40,105,132,128,11,64,130,70,39,85,92,118,73" hai2="0,120,65,95,97,89,83,84,104,55,101,29,14" hai3="122,43,110,117,133,6,88,16,96,3,37,98,8"/><U116/><E73/><V126/><F0/><W26/><G110/><T71/><D119/><U75/><E105/><V125/><F29/><W24/><G133/><T10/><D111/><U124/><E75/><V28/><F28/><W36/><G117/><N who="1" m="45162" /><E11/><V63/><F55/><W22/><G122/><T20/><D113/><U135/><E85/><V99/><F14/><W103/><G43/><T46/><D77/><U115/><E92/><V87/><F120/><W60/><G26/><T30/><D102/><U123/><E123/><V35/><F35/><W25/><G24/><T38/><D38/><U53/><E53/><V121/><F121/><W114/><G114/><T107/><D107/><U59/><E59/><V15/><F15/><W57/><G96/><N who="0" m="57431" /><D71/><U112/><E112/><V68/><REACH who="2" step="1"/><F87/><REACH who="2" ten="219,305,188,278" step="2"/><W100/><G3/><T49/><D10/><U76/><E115/><V69/><F69/><W47/><G8/><T79/><D79/><AGARI ba="1,1" hai="63,65,68,79,83,84,89,95,97,99,101,104,125,126" machi="79" ten="40,2600,0" yaku="1,1,52,1,53,0" doraHai="58" doraHaiUra="129" who="2" fromWho="0" sc="219,-29,305,0,188,39,278,0" /><INIT seed="6,0,0,3,1,53" ten="190,305,227,278" oya="2" hai0="3,13,10,79,66,82,119,110,85,81,80,128,115" hai1="19,69,70,51,118,134,73,24,67,127,14,100,132" hai2="4,11,107,27,112,32,21,77,40,47,22,109,78" hai3="83,121,105,123,114,111,33,96,75,94,36,29,129"/><V131/><F107/><W116/><RYUUKYOKU type="yao9" ba="0,0" sc="190,0,305,0,227,0,278,0" hai3="29,33,36,75,83,94,96,105,111,114,116,121,123,129" /><INIT seed="6,1,0,0,4,116" ten="190,305,227,278" oya="2" hai0="66,41,62,0,97,3,87,15,67,86,75,55,133" hai1="27,7,74,85,89,45,56,33,76,26,129,124,71" hai2="63,127,29,20,115,1,132,79,111,122,11,83,12" hai3="113,13,70,73,117,64,8,131,22,98,53,14,96"/><V10/><F115/><W102/><G131/><T105/><D75/><U101/><E71/><V54/><F127/><W34/><G34/><T120/><D41/><U23/><E129/><V125/><F125/><W58/><G73/><T57/><D133/><U95/><E124/><V35/><F35/><W43/><G64/><T38/><D38/><U119/><E119/><V2/><F132/><W6/><G70/><T30/><D120/><U61/><E45/><V93/><F11/><W130/><G130/><T18/><D30/><U91/><E7/><V72/><F111/><W50/><G113/><T52/><D67/><U46/><E46/><V94/><F94/><W110/><G110/><T17/><D66/><N who="1" m="39207" /><E33/><V31/><F122/><W114/><G114/><T5/><D5/><U135/><E74/><V51/><F63/><W78/><G78/><T103/><D55/><U100/><E27/><V69/><F69/><W118/><G96/><T28/><D28/><N who="1" m="17503" /><E76/><V82/><F20/><W21/><G43/><T92/><D105/><U128/><E128/><V36/><F36/><W47/><G22/><T39/><D39/><U134/><E134/><V24/><F24/><W42/><G21/><T126/><D126/><U108/><E108/><V49/><F79/><W19/><G14/><T44/><D44/><U25/><E135/><V81/><F72/><W16/><G118/><T99/><D99/><N who="1" m="57855" /><E25/><V40/><F40/><W37/><REACH who="3" step="1"/><G117/><REACH who="3" ten="190,305,227,268" step="2"/><T121/><D121/><U9/><E9/><V104/><F10/><W68/><G68/><T4/><D15/><U80/><AGARI ba="1,1" hai="80,85,89,100,101" m="57855,17503,39207" machi="80" ten="30,1100,0" yaku="8,1" doraHai="116" who="1" fromWho="1" sc="190,-4,305,24,227,-6,268,-4" /><INIT seed="7,0,0,0,3,91" ten="186,329,221,264" oya="3" hai0="23,13,105,36,29,114,35,28,59,2,84,97,44" hai1="67,48,104,108,93,88,63,0,115,87,6,126,1" hai2="11,4,39,125,111,26,70,85,96,129,79,25,66" hai3="64,72,127,121,3,32,24,78,45,92,16,60,22"/><W94/><G127/><T15/><D2/><U50/><E108/><V49/><F39/><W68/><G3/><T95/><D35/><U34/><E34/><V27/><F111/><W5/><G5/><T10/><D105/><U54/><E104/><V98/><F125/><W52/><G121/><T38/><D38/><U112/><E126/><V86/><F129/><W123/><G123/><T83/><D114/><N who="1" m="43563" /><E6/><V130/><F66/><W69/><G69/><T7/><D36/><U119/><E119/><V62/><F62/><W128/><G128/><T74/><D74/><U57/><E50/><V61/><F61/><W76/><G32/><T103/><D44/><AGARI ba="0,0" hai="0,1,44,48,54,57,63,67,87,88,93" m="43563" machi="44" ten="30,3900,0" yaku="15,1,52,1,54,1" doraHai="91" who="1" fromWho="0" sc="186,-39,329,39,221,0,264,0" owari="147,-35.0,368,47.0,221,-18.0,264,6.0" /></mjloggm>