<mjloggm ver="2.3"><GO type="169" lobby="0"/><UN n0="%E3%82%B7%E3%83%B3%E3%83%87%E3%83%AB%E3%83%A9" n1="%E5%B0%B1%E6%B4%BB%E7%94%9F%40%E5%B7%9D%E6%9D%91%E8%BB%8D%E5%9B%A3" n2="%E6%97%85%E4%BA%BA%E3%81%A1%E3%82%88%E3%81%99%E3%81%91" n3="%E7%84%A1%E9%99%90%E6%9C%88%E8%AA%AD" dan="16,16,17,16" rate="2129.63,2155.96,2203.83,2139.98" sx="F,M,M,M"/><TAIKYOKU oya="0"/><INIT seed="0,0,0,3,4,15" ten="250,250,250,250" oya="0" hai0="86,105,27,74,132,29,134,20,36,67,70,72,128" hai1="83,122,96,38,101,65,73,110,124,40,3,10,106" hai2="127,22,7,54,92,81,69,93,80,47,116,76,57" hai3="108,89,8,62,9,123,61,13,24,0,130,23,129"/><T55/><D128/><N who="3" m="49257" /><G89/><T34/><D105/><U111/><E122/><V14/><F69/><W4/><G62/><N who="0" m="40311" /><D36/><U115/><E65/><V103/><F116/><W87/><G87/><T31/><D55/><U43/><E43/><V113/><F113/><W49/><G49/><T45/><D45/><N who="1" m="23703" /><E124/><V28/><F127/><W71/><G71/><T118/><D86/><U102/><E102/><V107/><F107/><W78/><G61/><T46/><D46/><U85/><E85/><V1/><F1/><W2/><G78/><T58/><D58/><U44/><E44/><V64/><F64/><W30/><G123/><T112/><D112/><U79/><E115/><V51/><F47/><W84/><G84/><T119/><D31/><U126/><E126/><V25/><F76/><W39/><G39/><T21/><D21/><U120/><E120/><V63/><F51/><W56/><G56/><T90/><D90/><U131/><E131/><V114/><F114/><W100/><G100/><T75/><D20/><U104/><E104/><V77/><F77/><W68/><G68/><T37/><D37/><U135/><E135/><AGARI ba="0,0" hai="27,29,34,72,74,75,118,119,132,134,135" m="40311" machi="135" ten="40,3900,0" yaku="20,1,23,1" doraHai="15" who="0" fromWho="1" sc="250,39,250,-39,250,0,250,0" /><INIT seed="0,1,0,0,5,123" ten="289,211,250,250" oya="0" hai0="49,23,132,56,68,0,110,17,41,28,39,122,91" hai1="121,24,11,82,6,35,19,26,47,107,103,42,66" hai2="25,38,76,58,13,77,62,93,54,52,3,12,60" hai3="63,15,16,45,106,37,73,127,119,51,94,33,116"/><T8/><D122/><U78/><E121/><V104/><F104/><W69/><G106/><T90/><D68/><U14/><E66/><V10/><F38/><W128/><G33/><T95/><D132/><U87/><E35/><V101/><F3/><W86/><G37/><T43/><D39/><U67/><E67/><V115/><F115/><W92/><G73/><T113/><D113/><U80/><E80/><V2/><F2/><W105/><G105/><T27/><D110/><U40/><E40/><N who="0" m="15433" /><D0/><U117/><E117/><V21/><F101/><W74/><G74/><T32/><D32/><U5/><E5/><V64/><F93/><W79/><G128/><T57/><D49/><U7/><E7/><N who="2" m="3167" /><F13/><W48/><G127/><T36/><D36/><U114/><E114/><V83/><F62/><W72/><G72/><T109/><D109/><U70/><E70/><V20/><F20/><W102/><G69/><T81/><D81/><U125/><E125/><V112/><F112/><W65/><G119/><T129/><D129/><U59/><E59/><N who="0" m="22601" /><D95/><U120/><E120/><V118/><F118/><W124/><G116/><T22/><D8/><U134/><E134/><V89/><F76/><W46/><G124/><T30/><D30/><U4/><E107/><V44/><F77/><W55/><G79/><T84/><D84/><U34/><E34/><V135/><F135/><W99/><G86/><T96/><D96/><U130/><E130/><V61/><F83/><W111/><G99/><T98/><D98/><U131/><E131/><V18/><F64/><W85/><G65/><T31/><D31/><RYUUKYOKU ba="1,0" sc="289,30,211,-10,250,-10,250,-10" hai0="17,22,23,27,28,90,91" /><INIT seed="0,2,0,5,0,24" ten="319,201,240,240" oya="0" hai0="75,135,31,32,107,71,56,41,98,50,12,18,77" hai1="43,69,35,48,57,47,22,14,39,130,72,19,1" hai2="128,38,82,67,116,127,55,6,132,33,45,80,89" hai3="112,52,99,3,16,78,42,74,88,10,94,118,15"/><T21/><D135/><U59/><E72/><V100/><F132/><W91/><G118/><T34/><D71/><U13/><E1/><V7/><F116/><W103/><G112/><T111/><D111/><U85/><E130/><V104/><F128/><W110/><G110/><T8/><D77/><U120/><E120/><V101/><F127/><W2/><G42/><T121/><D75/><U124/><E69/><V26/><F67/><W28/><G28/><T66/><D121/><U64/><E35/><V87/><F80/><W93/><G103/><T131/><D131/><U46/><E124/><V95/><F104/><W36/><G36/><T25/><D107/><U86/><E14/><V51/><F38/><W0/><G74/><T122/><D122/><U53/><E64/><V133/><F133/><W27/><G78/><T70/><D98/><U114/><E114/><V76/><F33/><W113/><G113/><T90/><D90/><U109/><E109/><V30/><F100/><W125/><G125/><T17/><D17/><U11/><E22/><N who="2" m="15703" /><F101/><W106/><G106/><T4/><D4/><U79/><E79/><V108/><F108/><W58/><G27/><T105/><D105/><U92/><E92/><V40/><F40/><W9/><G9/><T83/><D83/><U81/><E85/><AGARI ba="2,0" hai="6,7,45,51,55,76,82,85,87,89,95" m="15703" machi="85" ten="30,2000,0" yaku="8,1,52,1" doraHai="24" who="2" fromWho="1" sc="319,0,201,-26,240,26,240,0" /><INIT seed="1,0,0,3,4,91" ten="319,175,266,240" oya="1" hai0="130,107,45,115,124,122,25,113,50,9,27,71,15" hai1="68,110,84,16,101,103,7,54,12,32,31,19,96" hai2="87,17,76,100,114,10,24,44,94,119,58,33,21" hai3="29,81,108,123,5,78,73,70,69,82,55,28,34"/><U11/><E68/><V56/><F119/><W6/><G123/><T93/><D107/><U83/><E110/><V35/><F114/><W116/><G108/><T20/><D130/><U43/><E43/><V74/><F74/><W22/><G116/><T75/><D124/><U104/><E103/><V95/><F35/><W40/><G40/><T39/><D122/><U118/><E118/><V111/><F33/><W126/><G34/><T2/><D39/><U53/><E31/><V92/><F100/><W52/><G22/><T125/><D125/><U64/><E64/><V1/><F111/><W42/><G42/><T0/><D75/><U134/><E32/><V41/><F1/><W131/><G73/><T106/><D106/><U117/><E117/><V63/><F10/><W36/><G126/><T61/><D0/><U8/><E134/><V80/><REACH who="2" step="1"/><F63/><REACH who="2" ten="319,175,256,240" step="2"/><W23/><G23/><T129/><D20/><U79/><E19/><V85/><F85/><W65/><G131/><T98/><D2/><AGARI ba="0,1" hai="2,7,8,11,12,16,53,54,79,83,84,96,101,104" machi="2" ten="30,2900,0" yaku="7,1,54,1" doraHai="91" who="1" fromWho="0" sc="319,-29,175,39,256,0,240,0" /><INIT seed="1,1,0,1,3,98" ten="290,214,256,240" oya="1" hai0="127,85,49,54,93,74,128,17,97,60,56,39,119" hai1="15,47,8,87,103,133,86,36,116,35,51,21,73" hai2="37,112,108,12,111,46,57,79,117,131,100,89,10" hai3="109,90,110,118,113,42,114,27,31,40,28,78,63"/><U61/><E35/><V41/><F117/><W53/><G78/><T48/><D74/><U134/><E73/><V76/><F131/><W59/><G90/><T95/><D39/><U81/><E36/><V3/><F3/><W105/><G105/><T125/><D128/><U70/><E21/><V9/><F112/><W34/><G28/><T24/><D119/><U82/><E116/><V94/><F57/><W130/><G118/><T107/><D107/><U83/><E61/><V88/><F89/><W91/><G91/><N who="0" m="53487" /><D127/><U115/><E70/><V55/><F55/><W58/><G130/><T96/><D125/><U45/><E103/><V2/><F100/><W0/><G0/><T29/><D29/><U120/><E120/><V75/><F2/><W123/><G123/><T69/><D69/><U30/><E30/><V26/><F26/><W106/><G106/><T132/><D132/><N who="1" m="50795" /><E115/><N who="3" m="44042" /><G27/><T38/><D38/><U33/><E33/><V72/><F72/><W23/><G23/><N who="0" m="13423" /><D97/><U101/><E101/><AGARI ba="1,0" hai="48,49,54,56,60,95,96,101" m="13423,53487" machi="101" ten="30,2000,0" yaku="8,1,52,1" doraHai="98" who="0" fromWho="1" sc="290,23,214,-23,256,0,240,0" /><INIT seed="2,0,0,2,4,1" ten="313,191,256,240" oya="2" hai0="99,31,94,87,110,33,24,44,134,132,90,113,102" hai1="15,25,126,8,123,89,69,86,61,64,36,130,105" hai2="29,115,66,112,26,111,67,10,21,28,17,55,38" hai3="101,16,49,54,93,127,40,95,109,19,58,125,6"/><V81/><F38/><W77/><G109/><T65/><D110/><U3/><E36/><V43/><F111/><W50/><G77/><T20/><D113/><U116/><E116/><V103/><F115/><W60/><G101/><T9/><D44/><U107/><E3/><V108/><F112/><W4/><G40/><T121/><D121/><U30/><E126/><N who="3" m="48138" /><G95/><T73/><D73/><U117/><E130/><V131/><F43/><W0/><G0/><T91/><D65/><U96/><E96/><V88/><F131/><W75/><G93/><T71/><D71/><U119/><E123/><V13/><F103/><W7/><G75/><T27/><D9/><U135/><E135/><N who="0" m="51753" /><D87/><U68/><E68/><V128/><F128/><W80/><G80/><T78/><D78/><U79/><E79/><V62/><F108/><W72/><G72/><T41/><D41/><U76/><E76/><V46/><F28/><AGARI ba="0,0" hai="20,24,27,28,31,33,90,91,94,99,102" m="51753" machi="28" ten="30,1000,0" yaku="20,1" doraHai="1" who="0" fromWho="2" sc="313,10,191,0,256,-10,240,0" /><INIT seed="3,0,0,4,3,5" ten="323,191,246,240" oya="3" hai0="32,63,60,118,37,66,22,130,116,28,74,103,99" hai1="95,108,1,91,34,4,12,11,100,46,26,3,16" hai2="38,43,98,85,9,104,50,94,40,105,15,112,72" hai3="20,96,117,126,61,132,119,92,125,14,79,62,70"/><W42/><G132/><T131/><D32/><U29/><E108/><V101/><F72/><W75/><G42/><T67/><D37/><U123/><E123/><V6/><F112/><W51/><G51/><T35/><D35/><U45/><E100/><V17/><F38/><W64/><G61/><N who="0" m="23627" /><D74/><U135/><E135/><V25/><F104/><W127/><G79/><T30/><D99/><U93/><E3/><V114/><F114/><W53/><G53/><T90/><D90/><U54/><E54/><V56/><F105/><W80/><G80/><T76/><D103/><U39/><E39/><V88/><F56/><W7/><G75/><T27/><D76/><U110/><E110/><V102/><F50/><W36/><G36/><T10/><D10/><U113/><E113/><V73/><F73/><W55/><G55/><T49/><D49/><U21/><E93/><N who="2" m="54415" /><F102/><N who="3" m="60679" /><G20/><AGARI ba="0,0" hai="6,9,15,17,20,25,40,43,94,98,101" m="54415" machi="20" ten="30,3900,0" yaku="8,1,52,1,54,1" doraHai="5" who="2" fromWho="3" sc="323,0,191,0,246,39,240,-39" /><INIT seed="4,0,0,4,5,54" ten="323,191,285,201" oya="0" hai0="34,53,91,89,10,50,56,68,17,9,92,62,59" hai1="8,21,130,98,63,109,84,30,16,37,85,120,116" hai2="107,108,78,97,11,90,19,65,80,47,104,119,79" hai3="44,22,1,87,115,73,112,126,60,76,24,127,5"/><T41/><D34/><U4/><E37/><V12/><F108/><W25/><G73/><T94/><D68/><U102/><E109/><V134/><F134/><W105/><G105/><T101/><D41/><U103/><E116/><V132/><F132/><W82/><G44/><T3/><D3/><U64/><E30/><V46/><F79/><W128/><G128/><T36/><D36/><U66/><E130/><V131/><F104/><W110/><G110/><T125/><D125/><N who="3" m="47625" /><G60/><T15/><D9/><U39/><E39/><V69/><F119/><W88/><G76/><T38/><D38/><U114/><E114/><N who="3" m="43562" /><G22/><T32/><D32/><U40/><E40/><V124/><F107/><W7/><G1/><T35/><D35/><U33/><E33/><V106/><F106/><W61/><G61/><T99/><D94/><U55/><E120/><V122/><F122/><W81/><G81/><T86/><D86/><U83/><E85/><V13/><F131/><W0/><G0/><T70/><D70/><U2/><E66/><AGARI ba="0,0" hai="10,15,17,50,53,56,59,62,66,89,91,92,99,101" machi="66" ten="30,11600,0" yaku="7,1,8,1,52,2" doraHai="54" who="0" fromWho="1" sc="323,116,191,-116,285,0,201,0" /><INIT seed="4,1,0,3,3,86" ten="439,75,285,201" oya="0" hai0="91,124,101,11,47,53,82,80,70,44,63,130,36" hai1="52,115,40,103,45,113,72,135,102,46,58,9,79" hai2="29,116,30,114,43,99,22,73,87,54,49,128,133" hai3="59,34,50,7,35,98,64,1,61,107,17,68,125"/><T121/><D121/><U93/><E135/><V57/><F73/><W84/><G125/><T65/><D124/><U56/><E56/><V76/><F116/><W3/><G17/><T51/><D130/><U100/><E9/><V89/><F133/><W134/><G134/><T129/><D129/><U111/><E111/><V48/><F128/><W5/><G84/><T37/><D101/><U95/><E79/><V33/><F33/><W123/><G123/><T126/><D126/><U108/><E72/><V90/><F114/><N who="1" m="43529" /><E108/><V26/><F30/><W94/><G107/><T6/><D91/><N who="2" m="34826" /><F99/><W39/><G39/><T104/><D104/><U41/><E45/><N who="2" m="25663" /><F87/><W19/><G1/><T27/><D37/><N who="1" m="21775" /><E41/><V110/><F110/><W96/><G96/><T32/><D32/><U10/><E10/><V75/><F75/><W83/><G34/><T28/><D11/><U38/><E38/><V132/><F132/><W21/><G35/><T0/><D0/><U109/><E109/><V2/><F2/><W106/><G3/><T13/><D28/><U4/><E4/><V16/><F29/><W117/><G98/><T31/><D31/><U8/><E8/><V122/><F122/><W78/><G117/><T14/><D36/><U85/><E85/><V67/><F67/><W105/><G64/><T25/><D65/><U112/><N who="1" m="43537" /><U97/><DORA hai="92" /><E97/><V15/><F76/><W88/><G78/><T69/><D69/><U120/><E120/><V24/><AGARI ba="1,0" hai="15,16,22,24,26,49,54,57" m="25663,34826" machi="24" ten="30,8000,1" yaku="8,1,52,3,54,1" doraHai="86,92" who="2" fromWho="2" sc="439,-41,75,-21,285,83,201,-21" /><INIT seed="5,0,0,0,1,118" ten="398,54,368,180" oya="1" hai0="4,97,70,103,22,95,50,43,60,45,19,63,18" hai1="120,68,104,109,132,83,101,44,11,47,79,69,123" hai2="6,91,73,93,62,134,25,5,54,46,20,105,131" hai3="53,72,108,59,48,35,41,49,65,29,8,92,99"/><U33/><E33/><V38/><F105/><W135/><G108/><T14/><D70/><U40/><E109/><V32/><F32/><W102/><G72/><T125/><D125/><U126/><E126/><V28/><F73/><W10/><G135/><T1/><D1/><U74/><E132/><V57/><F134/><W7/><G65/><T98/><D4/><U26/><E26/><V36/><F131/><W107/><G107/><T111/><D111/><U42/><E11/><V30/><F30/><W80/><G80/><T55/><D97/><N who="1" m="61487" /><E44/><V82/><F82/><W94/><G29/><T58/><D19/><U39/><E42/><V78/><F78/><W34/><G34/><T133/><D133/><U112/><E112/><V115/><F115/><W24/><G35/><T56/><D56/><U129/><E129/><V17/><F28/><W23/><G92/><T124/><D124/><U113/><E113/><V27/><F27/><W52/><G41/><T116/><D116/><U75/><E75/><V100/><F100/><W51/><G51/><AGARI ba="0,0" hai="14,18,22,43,45,50,51,55,58,60,63,95,98,103" machi="51" ten="30,2000,0" yaku="7,1,8,1" doraHai="118" who="0" fromWho="3" sc="398,20,54,0,368,0,180,-20" /><INIT seed="6,0,0,3,3,89" ten="418,54,368,160" oya="2" hai0="13,132,62,60,26,77,45,96,30,5,48,47,36" hai1="50,25,22,74,108,8,54,3,4,10,100,9,79" hai2="19,21,14,39,88,123,17,90,58,55,125,126,56" hai3="101,105,128,86,80,23,122,29,93,115,116,7,33"/><V75/><F39/><W99/><G122/><T98/><D132/><U32/><E108/><V82/><F123/><W43/><G116/><T134/><D134/><U51/><E32/><V120/><F120/><W110/><G110/><T78/><D36/><U107/><E74/><V130/><F130/><W118/><G118/><T41/><D45/><U42/><E79/><N who="0" m="30217" /><D26/><U44/><E107/><V117/><F117/><W87/><G33/><T15/><D30/><U63/><E100/><V135/><F135/><W113/><G43/><T6/><D15/><U69/><E63/><N who="0" m="24105" /><D13/><U67/><E67/><V27/><F75/><W95/><G29/><T18/><D18/><U0/><E69/><V46/><F46/><W66/><G66/><T28/><D28/><U109/><E109/><V106/><F106/><W81/><G7/><AGARI ba="0,0" hai="5,6,7,41,47,48,96,98" m="24105,30217" machi="7" ten="30,1000,0" yaku="8,1" doraHai="89" who="0" fromWho="3" sc="418,10,54,0,368,0,160,-10" /><INIT seed="7,0,0,2,3,82" ten="428,54,368,150" oya="3" hai0="101,0,41,49,89,94,13,118,73,62,76,19,43" hai1="2,114,135,121,103,44,61,87,55,78,71,12,37" hai2="45,120,84,81,86,134,54,74,66,14,117,133,104" hai3="107,95,34,8,122,36,29,33,18,110,132,126,72"/><W51/><G122/><T102/><D0/><U63/><E2/><V10/><F117/><W4/><G107/><T25/><D118/><U60/><E121/><V69/><F104/><W28/><G36/><T116/><D116/><U7/><E114/><V124/><F120/><W6/><G72/><T52/><D73/><U97/><E135/><N who="2" m="51723" /><F124/><W90/><G51/><T40/><D76/><U47/><E71/><V26/><F26/><W39/><G39/><T119/><D25/><U128/><E128/><V24/><F24/><W125/><G90/><T31/><D62/><U113/><E113/><V129/><F129/><W111/><G95/><T83/><D83/><U106/><E37/><V58/><F69/><W38/><G38/><T50/><D31/><U11/><REACH who="1" step="1"/><E55/><REACH who="1" ten="428,44,368,150" step="2"/><V80/><F66/><W65/><G65/><T23/><D119/><U88/><E88/><N who="2" m="51207" /><F74/><W5/><G125/><T53/><D53/><U57/><E57/><V109/><F109/><W108/><G126/><T92/><D52/><U17/><E17/><N who="2" m="8407" /><F45/><W3/><G132/><T130/><D130/><U48/><E48/><N who="0" m="18537" /><D92/><U56/><E56/><V35/><F54/><W93/><G93/><T131/><D131/><U15/><E15/><V46/><F58/><W67/><G18/><T30/><D30/><N who="3" m="11881" /><G67/><T22/><D94/><U42/><E42/><V21/><F46/><W16/><G16/><T79/><D19/><U123/><E123/><V91/><F21/><W77/><G3/><T112/><D112/><U9/><E9/><V68/><F68/><W70/><G70/><T100/><D23/><U59/><E59/><RYUUKYOKU ba="0,1" sc="428,-15,44,15,368,15,150,-15" hai1="7,11,12,44,47,60,61,63,78,87,97,103,106" hai2="35,81,86,91" owari="423,52.0,59,-44.0,383,18.0,135,-26.0" /></mjloggm>