<mjloggm ver="2.3"><GO type="169" lobby="0"/><UN n0="%E3%81%8A%E3%81%98%E3%81%95%E3%82%93" n1="%4B%69%72%63%68%65" n2="%E3%83%88%E3%83%88%E3%83%AA%E5%85%88%E7%94%9F%31%39%E6%AD%B3" n3="%E2%98%85%E3%83%9B%E3%83%BC%E3%82%B9%E2%98%85" dan="16,16,18,17" rate="2127.14,2116.16,2244.35,2092.22" sx="M,M,F,M"/><TAIKYOKU oya="0"/><INIT seed="0,0,0,4,5,7" ten="250,250,250,250" oya="0" hai0="43,35,18,130,41,40,14,94,24,133,50,44,78" hai1="116,38,3,92,117,63,2,119,49,115,67,75,101" hai2="12,54,111,87,126,66,22,48,5,82,135,46,109" hai3="123,125,62,52,42,69,122,65,51,96,4,132,19"/><T129/><D133/><U105/><E38/><V107/><F107/><W100/><G132/><T47/><D78/><U27/><E115/><V99/><F135/><W58/><G125/><T84/><D84/><U79/><E92/><V56/><F126/><W134/><G134/><T30/><D94/><U120/><E120/><V32/><F32/><W17/><G4/><T36/><REACH who="0" step="1"/><D43/><REACH who="0" ten="240,250,250,250" step="2"/><U88/><E79/><V6/><F87/><W29/><G42/><T124/><D124/><U106/><E106/><V25/><F82/><W104/><REACH who="3" step="1"/><G29/><REACH who="3" ten="240,250,250,240" step="2"/><T64/><D64/><U128/><E67/><V110/><F66/><W60/><G60/><T13/><D13/><U53/><E63/><V112/><F12/><W59/><G59/><T72/><D72/><U103/><E75/><V61/><F61/><W86/><G86/><T37/><D37/><U114/><E119/><V28/><F56/><W21/><G21/><AGARI ba="0,2" hai="14,18,21,24,30,35,36,40,41,44,47,50,129,130" machi="21" ten="40,2000,0" yaku="1,1,53,0" doraHai="7" doraHaiUra="73" who="0" fromWho="3" sc="240,40,250,0,250,0,240,-20" /><INIT seed="0,1,0,4,0,52" ten="280,250,250,220" oya="0" hai0="39,37,42,38,25,87,26,76,31,85,116,103,97" hai1="65,8,90,29,132,64,5,122,59,45,99,6,108" hai2="134,74,131,41,48,78,115,68,111,81,94,17,86" hai3="62,36,73,0,63,79,20,92,66,22,44,75,107"/><T102/><D116/><U93/><E108/><V91/><F115/><W105/><G0/><T60/><D42/><U135/><E122/><V70/><F111/><W1/><G1/><T113/><D113/><U124/><E124/><V77/><F131/><W50/><G36/><T18/><D103/><U126/><E126/><V121/><F121/><W54/><G92/><T95/><D76/><U51/><E29/><V21/><F134/><N who="1" m="51241" /><E6/><V56/><F78/><W128/><G128/><T28/><D18/><U89/><E90/><V119/><F119/><W40/><G40/><T27/><REACH who="0" step="1"/><D60/><REACH who="0" ten="270,250,250,220" step="2"/><U117/><E117/><V110/><F110/><W96/><G63/><T33/><D33/><U30/><E30/><AGARI ba="1,1" hai="25,26,27,28,30,31,37,38,39,85,87,95,97,102" machi="30" ten="50,12000,1" yaku="1,1,53,3" doraHai="52" doraHaiUra="71" who="0" fromWho="1" sc="270,133,250,-123,250,0,220,0" /><INIT seed="0,2,0,1,5,28" ten="403,127,250,220" oya="0" hai0="61,92,54,127,125,74,123,51,10,95,124,81,134" hai1="78,60,117,87,115,70,91,79,116,66,100,4,56" hai2="72,65,6,119,39,12,69,110,35,126,13,41,106" hai3="53,104,71,30,26,19,3,34,113,62,1,77,20"/><T44/><D123/><U97/><E115/><V24/><F106/><W48/><G113/><T85/><D134/><U18/><E4/><V7/><F72/><W99/><G77/><T42/><D74/><U2/><E2/><V135/><F135/><W22/><G22/><T89/><D10/><U11/><E70/><V114/><F114/><W68/><G1/><T5/><D5/><U47/><E47/><V0/><F0/><W80/><G80/><T59/><AGARI ba="2,0" hai="42,44,51,54,59,61,81,85,89,92,95,124,125,127" machi="59" ten="40,3900,0" yaku="0,1,18,1" doraHai="28" who="0" fromWho="0" sc="403,45,127,-15,250,-15,220,-15" /><INIT seed="0,3,0,4,3,100" ten="448,112,235,205" oya="0" hai0="37,35,87,73,58,48,49,129,19,79,46,8,26" hai1="120,2,104,91,122,133,118,59,70,112,117,1,28" hai2="71,83,15,124,75,119,18,54,14,96,21,25,105" hai3="4,95,77,106,11,38,108,68,115,53,90,10,55"/><T20/><D73/><U131/><E28/><V29/><F71/><W113/><G38/><T97/><D129/><U36/><E59/><V101/><F124/><W109/><G77/><T23/><D35/><U51/><E51/><V116/><F15/><W69/><G90/><T107/><D37/><U94/><E94/><V47/><F47/><W92/><REACH who="3" step="1"/><G4/><REACH who="3" ten="448,112,235,195" step="2"/><T5/><D79/><U43/><E91/><V128/><F128/><W7/><G7/><T126/><D5/><U89/><E89/><V56/><F75/><W22/><G22/><T12/><D23/><U82/><E131/><V78/><F78/><W99/><G99/><T64/><D97/><U40/><E36/><V17/><F83/><W110/><G110/><T3/><D20/><U81/><E112/><V72/><F72/><W134/><G134/><T32/><D32/><U65/><E133/><V44/><F116/><W80/><G80/><T24/><D126/><U33/><E33/><V103/><F119/><W6/><G6/><T50/><D87/><U123/><E123/><V102/><F18/><W127/><G127/><T85/><D19/><U67/><REACH who="1" step="1"/><E70/><REACH who="1" ten="448,102,235,195" step="2"/><V84/><F29/><W114/><G114/><T27/><D85/><U111/><E111/><V45/><F96/><W61/><G61/><T125/><D125/><U34/><E34/><V74/><F84/><W98/><G98/><T16/><D16/><U93/><E93/><V52/><F74/><W86/><G86/><T41/><D46/><U62/><E62/><N who="2" m="36103" /><F45/><W76/><G76/><T130/><D130/><U9/><E9/><V88/><F44/><RYUUKYOKU ba="3,2" sc="448,-15,102,15,235,-15,195,15" hai1="1,2,40,43,65,67,81,82,104,117,118,120,122" hai3="10,11,53,55,68,69,92,95,106,108,109,113,115" /><INIT seed="1,4,2,4,4,54" ten="433,117,220,210" oya="1" hai0="76,3,22,31,25,116,79,35,2,43,127,4,128" hai1="117,132,96,42,44,6,12,16,97,86,72,66,34" hai2="93,40,99,53,109,85,7,78,50,62,74,46,56" hai3="0,9,21,118,38,115,105,104,55,65,120,121,81"/><U18/><E72/><V45/><F109/><W84/><G115/><T92/><D116/><U52/><E34/><V90/><F74/><W48/><G38/><T19/><D127/><U124/><E117/><V27/><F7/><W94/><G118/><T82/><D128/><U80/><E124/><V68/><F68/><W47/><G104/><T101/><D43/><U70/><E132/><V130/><F130/><W36/><G105/><T33/><D33/><U57/><E66/><V77/><F27/><W13/><G0/><T60/><D60/><N who="1" m="35879" /><E70/><V111/><F111/><W91/><G65/><T59/><D59/><U134/><E134/><V63/><F63/><W26/><G36/><T131/><D131/><U32/><E32/><V123/><F123/><W103/><G103/><T110/><D2/><U122/><E122/><V71/><F71/><W51/><G51/><T75/><D75/><U10/><E44/><V49/><REACH who="2" step="1"/><F99/><REACH who="2" ten="433,117,210,210" step="2"/><N who="1" m="37961" /><E42/><AGARI ba="4,3" hai="40,42,45,46,49,50,53,56,62,77,78,85,90,93" machi="42" ten="30,8000,1" yaku="1,1,7,1,9,1,8,1,52,1,53,0" doraHai="54" doraHaiUra="11" who="2" fromWho="1" sc="433,0,117,-92,210,122,210,0" /><INIT seed="2,0,0,0,4,4" ten="433,25,332,210" oya="2" hai0="13,48,99,3,44,103,129,102,116,88,9,66,73" hai1="90,20,71,60,1,98,131,54,30,50,11,27,76" hai2="55,100,51,2,8,118,81,31,49,26,53,128,127" hai3="89,72,108,122,70,106,35,40,19,92,79,133,14"/><V78/><F118/><W29/><G106/><T63/><D3/><U124/><E124/><V101/><F127/><W21/><G70/><T45/><D73/><U91/><E131/><V33/><F128/><W121/><G79/><T114/><D114/><U18/><E76/><V74/><F51/><W123/><G72/><T125/><D125/><U85/><E98/><V83/><F83/><W107/><G107/><T93/><D129/><U82/><E91/><V105/><F105/><W110/><G40/><T109/><D109/><N who="3" m="42089" /><G133/><T28/><D28/><U115/><E115/><V56/><REACH who="2" step="1"/><F53/><REACH who="2" ten="433,25,322,210" step="2"/><W10/><G92/><T111/><D111/><U5/><E60/><V38/><F38/><W62/><G62/><T37/><D37/><U135/><E135/><V47/><F47/><W68/><G68/><T120/><D116/><U130/><E130/><V94/><F94/><W132/><G132/><T17/><D45/><U58/><REACH who="1" step="1"/><E71/><REACH who="1" ten="433,15,322,210" step="2"/><V112/><F112/><W39/><G123/><T86/><D120/><U25/><E25/><V61/><F61/><W41/><G122/><T24/><D24/><U43/><E43/><V7/><AGARI ba="0,2" hai="2,7,8,26,31,33,49,55,56,74,78,81,100,101" machi="7" ten="30,6000,0" yaku="1,1,0,1,52,1,53,0" doraHai="4" doraHaiUra="36" who="2" fromWho="2" sc="433,-20,15,-20,322,80,210,-20" owari="413,52.0,-5,-51.0,402,20.0,190,-21.0" /></mjloggm>