<mjloggm ver="2.3"><GO type="97" lobby="0"/><UN n0="%E3%81%AE%E3%81%A3%E3%81%A1%EF%BC%A0%E3%81%94%E3%81%B6%E3%82%8C%EF%BD%9E" n1="%E6%A3%AE%E4%B8%8B%E3%81%93%E3%82%88%E3%81%BF" n2="%73%68%69%6D%40%6D%75" n3="%E5%B0%B1%E6%B4%BB%E7%94%9F%40%E5%B7%9D%E6%9D%91%E8%BB%8D%E5%9B%A3" dan="14,15,14,17" rate="1912.88,2037.01,1940.33,2212.36" sx="M,M,M,M"/><TAIKYOKU oya="0"/><INIT seed="0,0,0,1,3,16" ten="250,250,250,250" oya="0" hai0="46,51,11,33,10,119,123,134,45,27,1,55,109" hai1="63,65,17,44,31,98,73,30,97,3,49,117,103" hai2="87,88,127,53,64,71,4,62,74,77,29,105,96" hai3="126,72,34,129,6,38,36,111,57,120,60,24,25"/><T91/><D123/><U8/><E73/><V131/><F131/><W81/><G120/><T35/><D119/><U133/><E117/><V94/><F127/><W132/><G129/><T14/><D134/><U84/><E84/><V66/><F4/><W42/><G132/><T124/><D124/><U110/><E133/><V116/><F116/><W28/><G126/><T32/><D109/><U47/><E47/><V43/><F43/><W115/><G115/><T101/><D101/><U2/><E110/><V68/><F29/><W61/><G111/><T23/><D1/><U135/><E98/><V102/><F53/><W50/><G6/><T95/><D14/><U78/><E78/><V48/><F48/><W18/><G50/><T128/><D46/><U54/><E2/><V90/><F90/><W70/><G70/><T56/><D45/><U106/><E135/><V21/><F21/><W125/><G42/><T82/><D128/><U0/><E0/><V114/><F114/><W76/><G125/><T122/><D122/><U39/><E39/><V12/><F12/><W75/><G75/><T37/><D37/><U85/><E85/><V89/><F89/><W67/><G61/><T79/><D79/><U41/><E41/><V7/><F7/><W100/><G100/><T99/><REACH who="0" step="1"/><D82/><REACH who="0" ten="240,250,250,250" step="2"/><U83/><E83/><N who="2" m="45495" /><F66/><W92/><G92/><T108/><D108/><U5/><E3/><V15/><F15/><W20/><AGARI ba="0,1" hai="18,20,24,25,28,34,36,38,57,60,67,72,76,81" machi="20" ten="30,2000,0" yaku="0,1,52,1" doraHai="16" who="3" fromWho="3" sc="240,-10,250,-5,250,-5,250,30" /><INIT seed="1,0,0,0,1,69" ten="230,245,245,280" oya="1" hai0="67,120,5,50,27,4,29,59,76,105,60,15,40" hai1="34,115,7,133,84,101,125,86,128,45,104,23,124" hai2="33,21,38,58,52,122,107,94,12,28,95,116,77" hai3="19,6,123,54,83,30,47,89,11,64,72,0,49"/><U91/><E34/><V100/><F116/><W61/><G123/><T126/><D120/><U9/><E115/><V81/><F122/><W113/><G113/><T24/><D126/><U102/><E23/><V130/><F107/><W41/><G30/><T13/><D105/><U46/><E104/><V93/><F130/><W26/><G26/><N who="0" m="9771" /><D76/><U63/><E63/><V73/><F33/><W108/><G108/><T110/><D29/><U129/><E9/><V31/><F38/><W51/><G19/><T119/><D110/><U8/><E8/><V25/><F12/><N who="0" m="4682" /><D119/><U57/><E57/><V53/><F31/><W98/><G98/><T70/><D70/><U62/><E62/><V78/><F78/><W75/><G89/><T37/><D37/><U43/><E91/><V87/><F73/><W22/><G22/><T16/><D16/><U114/><E114/><V3/><F3/><W132/><G132/><T17/><D17/><U99/><E99/><N who="2" m="59503" /><F53/><W118/><G83/><T96/><D96/><U36/><E36/><V90/><F77/><W117/><G118/><T85/><D85/><U1/><E1/><V66/><F66/><W135/><G135/><T106/><D106/><U2/><E2/><V39/><F39/><W55/><G117/><T56/><D56/><U42/><REACH who="1" step="1"/><E133/><REACH who="1" ten="230,235,245,280" step="2"/><V134/><F134/><W20/><G20/><T92/><D60/><AGARI ba="0,1" hai="21,25,28,52,58,60,81,87,90,94,95" m="59503" machi="60" ten="30,2000,0" yaku="8,1,54,1" doraHai="69" who="2" fromWho="0" sc="230,-20,235,0,245,30,280,0" /><INIT seed="2,0,0,4,2,59" ten="210,235,275,280" oya="2" hai0="49,122,134,119,108,30,3,82,29,14,27,85,8" hai1="118,28,46,2,101,33,92,58,81,31,6,22,90" hai2="133,36,113,70,56,41,53,57,97,45,76,93,25" hai3="68,64,37,126,83,48,75,98,114,79,7,34,99"/><V95/><F113/><W84/><G37/><T94/><D122/><U63/><E33/><V96/><F133/><W1/><G114/><T18/><D134/><U39/><E118/><V52/><F70/><W123/><G123/><T107/><D119/><U91/><E6/><V102/><F76/><W109/><G109/><T100/><D107/><U0/><E0/><V111/><F111/><W20/><G126/><T42/><D3/><U26/><E2/><V73/><F25/><W51/><G34/><T32/><D30/><U61/><E39/><V62/><F73/><W60/><G75/><T87/><D108/><U132/><E46/><V44/><F44/><W17/><G7/><T54/><D42/><U112/><E112/><V24/><F24/><W77/><G77/><T72/><D72/><U71/><E132/><V124/><F124/><W80/><G80/><T135/><D135/><U125/><E125/><V117/><F117/><W115/><G1/><T127/><D127/><U66/><E31/><V16/><F16/><W104/><G115/><T19/><D19/><U110/><E81/><V120/><F120/><W50/><REACH who="3" step="1"/><G104/><REACH who="3" ten="210,235,275,270" step="2"/><T23/><D32/><U89/><E110/><V69/><F69/><W65/><G65/><T86/><D94/><U38/><E38/><V121/><F121/><W9/><G9/><T10/><D10/><U116/><E116/><V67/><F56/><W128/><G128/><T103/><REACH who="0" step="1"/><D82/><REACH who="0" ten="200,235,275,270" step="2"/><U105/><E105/><V35/><F35/><W40/><G40/><T21/><D21/><U4/><E22/><V47/><F47/><AGARI ba="0,2" hai="8,14,18,23,27,29,47,49,54,85,86,87,100,103" machi="47" ten="40,2600,0" yaku="1,1,8,1,53,0" doraHai="59" doraHaiUra="130" who="0" fromWho="2" sc="200,46,235,0,275,-26,270,0" /><INIT seed="3,0,0,5,1,126" ten="246,235,249,270" oya="3" hai0="22,50,63,85,92,1,45,25,127,35,101,103,81" hai1="96,129,109,105,39,80,117,0,76,13,79,33,21" hai2="19,115,11,120,88,32,125,2,68,4,18,78,90" hai3="123,67,91,118,64,5,73,72,135,17,36,53,55"/><W95/><G123/><T134/><D134/><U119/><E33/><V89/><F115/><W56/><G118/><T14/><D1/><U40/><E0/><V51/><F68/><W100/><G135/><T83/><D35/><U44/><E109/><V130/><F130/><W82/><G36/><T37/><D14/><U23/><E76/><V110/><F110/><W3/><G3/><T7/><D7/><U121/><E121/><V77/><F125/><W69/><G5/><T43/><D37/><U49/><E39/><V52/><F32/><W97/><G69/><T12/><D12/><U74/><E13/><N who="2" m="5351" /><F120/><W113/><G113/><T71/><D71/><U132/><E132/><V84/><F2/><W133/><G133/><T114/><D63/><U27/><E27/><V29/><F29/><W48/><G17/><N who="2" m="6153" /><F84/><N who="3" m="50583" /><G73/><T87/><D127/><U30/><E30/><V98/><F98/><W20/><G20/><T6/><D6/><U15/><E15/><V26/><F26/><W24/><G24/><T106/><D106/><U61/><E21/><V9/><F9/><W62/><G72/><T38/><D38/><U128/><E23/><V46/><AGARI ba="0,0" hai="46,51,52,77,78,88,89,90" m="6153,5351" machi="46" ten="30,4000,0" yaku="8,1,54,2" doraHai="126" who="2" fromWho="2" sc="246,-10,235,-10,249,40,270,-20" /><INIT seed="4,0,0,3,1,40" ten="236,225,289,250" oya="0" hai0="16,126,70,72,53,0,109,86,120,108,12,76,118" hai1="90,57,38,68,75,99,93,51,107,73,13,26,111" hai2="46,64,8,79,28,114,78,9,89,39,5,101,27" hai3="67,65,119,80,95,14,25,106,110,85,10,43,104"/><T19/><D118/><U44/><E68/><V122/><F122/><W29/><G110/><N who="0" m="42603" /><D120/><U6/><E111/><V45/><F114/><W128/><G119/><T2/><D126/><U50/><E107/><V41/><F101/><W47/><G128/><T135/><D72/><U129/><E129/><V20/><F64/><W92/><G104/><T54/><D70/><U7/><E38/><V59/><F59/><W1/><G106/><T32/><D32/><U48/><E73/><V17/><F45/><W105/><G105/><T132/><D86/><U74/><E74/><V133/><F133/><N who="0" m="51274" /><D76/><U96/><E75/><V15/><F89/><W58/><G1/><AGARI ba="0,0" hai="1,5,8,9,15,17,20,27,28,39,41,46,78,79" machi="1" ten="30,2000,0" yaku="7,1,52,1" doraHai="40" who="2" fromWho="3" sc="236,0,225,0,289,20,250,-20" owari="236,4.0,225,-27.0,309,40.0,230,-17.0" /></mjloggm>