<mjloggm ver="2.3"><GO type="169" lobby="0"/><UN n0="%E3%83%95%E3%83%AA%E3%83%86%E3%83%B3" n1="%62%6F%6E%6F%73%2E%2E" n2="%41%2D%2D%42%2D%2D%43%32" n3="%E3%83%88%E3%83%88%E3%83%AA%E5%85%88%E7%94%9F%31%39%E6%AD%B3" dan="17,16,16,18" rate="2102.30,2168.91,2042.39,2250.35" sx="M,M,M,F"/><TAIKYOKU oya="0"/><INIT seed="0,0,0,1,0,7" ten="250,250,250,250" oya="0" hai0="19,97,25,90,100,23,64,126,8,73,85,111,121" hai1="133,123,48,67,103,15,38,49,95,41,45,50,28" hai2="6,32,131,98,122,84,55,63,62,18,52,26,120" hai3="125,130,132,127,106,104,54,76,87,71,31,43,17"/><T16/><D73/><U119/><E123/><V124/><F131/><W74/><G71/><T83/><D121/><U105/><E119/><V82/><F124/><W22/><G74/><T69/><D126/><N who="3" m="48137" /><G130/><T29/><D111/><U79/><E67/><V4/><F32/><W92/><G31/><T99/><D99/><U13/><E79/><V24/><F98/><W30/><G30/><T72/><D72/><U1/><E1/><V109/><F109/><W91/><G76/><T68/><D64/><U110/><E105/><V101/><F101/><W77/><G77/><T134/><D134/><U51/><E38/><V12/><F120/><W60/><G43/><T40/><D40/><U20/><E133/><V70/><F70/><W114/><G114/><T0/><D29/><U86/><E110/><V37/><F37/><W42/><G42/><T117/><D117/><U10/><E103/><V93/><F93/><W112/><G112/><T129/><D129/><U5/><E28/><V128/><F128/><W58/><G132/><T14/><REACH who="0" step="1"/><D0/><REACH who="0" ten="240,250,250,250" step="2"/><U88/><E41/><V80/><F122/><W118/><G118/><T113/><D113/><U75/><E75/><V96/><F96/><W107/><G107/><AGARI ba="0,1" hai="8,14,16,19,23,25,68,69,83,85,90,97,100,107" machi="107" ten="30,11600,0" yaku="1,1,7,1,52,1,54,1,53,0" doraHai="7" doraHaiUra="35" who="0" fromWho="3" sc="240,126,250,0,250,0,250,-116" /><INIT seed="0,1,0,4,1,110" ten="366,250,250,134" oya="0" hai0="128,25,114,51,63,14,92,4,112,100,118,83,66" hai1="101,64,21,36,32,47,43,5,77,8,29,127,27" hai2="62,133,19,82,65,35,113,84,41,11,117,105,119" hai3="93,99,37,121,69,15,50,108,75,9,126,104,129"/><T53/><D118/><N who="2" m="45066" /><F105/><W67/><G121/><T132/><D132/><U94/><E127/><V13/><F133/><W12/><G37/><T48/><D128/><U34/><E77/><N who="2" m="46159" /><F35/><W39/><G39/><T79/><D25/><U91/><E101/><V18/><F41/><W73/><G104/><T52/><D51/><U107/><E64/><V90/><F90/><W46/><G129/><T1/><D1/><U134/><E107/><V97/><F97/><W102/><G108/><T17/><D4/><U96/><REACH who="1" step="1"/><E134/><REACH who="1" ten="366,240,250,134" step="2"/><V130/><F130/><W89/><G102/><T111/><D100/><U85/><E85/><V42/><F42/><W124/><G126/><T6/><D79/><U60/><E60/><V80/><F80/><W23/><G124/><T115/><D83/><U31/><E31/><V71/><F18/><W0/><G99/><T24/><D111/><U135/><E135/><V40/><F40/><W57/><G93/><T116/><D92/><U16/><E16/><V74/><F74/><W123/><G75/><T28/><D116/><U10/><E10/><V22/><F11/><W72/><G73/><T49/><D17/><U109/><E109/><V45/><F19/><W68/><G72/><T70/><D53/><U78/><E78/><V7/><F7/><W95/><G95/><T44/><D52/><U54/><E54/><V98/><F22/><W55/><G23/><T38/><D28/><U76/><E76/><V33/><F65/><W56/><G67/><T3/><D66/><U88/><E88/><V87/><F98/><W103/><G89/><T26/><D63/><RYUUKYOKU ba="1,1" sc="366,-10,240,30,250,-10,134,-10" hai1="5,8,21,27,29,32,34,36,43,47,91,94,96" /><INIT seed="1,2,1,0,1,105" ten="356,270,240,124" oya="1" hai0="70,60,6,58,97,68,1,133,45,46,19,86,66" hai1="91,7,13,92,103,115,5,24,123,116,4,57,2" hai2="129,104,109,87,112,102,73,127,36,122,53,41,10" hai3="23,8,30,106,118,89,0,12,56,101,35,59,107"/><U131/><E123/><V44/><F122/><W48/><G118/><T85/><D19/><U80/><E116/><V65/><F109/><W37/><G37/><T96/><D6/><U75/><E115/><V78/><F112/><W125/><G125/><T120/><D1/><U88/><E2/><V20/><F65/><W100/><G35/><T51/><D120/><U117/><E117/><V132/><F127/><W124/><G124/><T29/><D29/><U134/><E131/><V69/><F69/><W126/><G0/><T79/><D46/><U82/><E24/><V49/><F129/><W64/><G89/><N who="1" m="34378" /><E75/><V40/><F132/><W9/><G107/><T62/><D70/><U77/><E77/><V114/><F114/><W121/><G106/><T135/><D96/><N who="1" m="59783" /><E134/><N who="0" m="51209" /><D97/><U130/><E130/><V111/><F111/><W27/><G121/><T38/><D79/><U43/><E43/><V42/><F78/><W39/><G39/><T98/><D98/><U95/><E95/><V90/><F41/><W16/><G126/><T18/><D38/><U61/><E13/><V76/><F42/><W31/><G31/><T33/><D33/><U28/><E28/><V3/><F40/><W113/><G113/><T22/><D86/><U32/><E32/><V81/><F87/><W99/><G99/><T17/><D85/><U108/><E108/><V15/><F15/><N who="3" m="7279" /><G101/><T84/><D84/><U63/><E63/><V26/><F102/><W25/><G100/><T14/><D62/><U67/><AGARI ba="2,1" hai="4,5,7,57,61,67,80,82" m="59783,34378" machi="67" ten="30,3000,0" yaku="8,1,54,1" doraHai="105" who="1" fromWho="1" sc="356,-12,270,46,240,-12,124,-12" /><INIT seed="1,3,0,1,4,65" ten="344,316,228,112" oya="1" hai0="96,123,62,47,105,46,99,103,28,38,76,16,24" hai1="26,6,50,29,58,98,43,93,30,135,114,68,25" hai2="0,11,85,12,3,132,121,129,1,53,66,90,8" hai3="84,102,21,118,86,112,40,34,33,89,73,91,124"/><U122/><E122/><V119/><F121/><W48/><G112/><T95/><D123/><U20/><E114/><V69/><F119/><W131/><G73/><T41/><D76/><U32/><E135/><V134/><F129/><W2/><G2/><T113/><D113/><U120/><E120/><V37/><F37/><W56/><G131/><T23/><D47/><U52/><E6/><V59/><F11/><W7/><G7/><T116/><D62/><U94/><E68/><V72/><F72/><W107/><G124/><T19/><REACH who="0" step="1"/><D116/><REACH who="0" ten="334,316,228,112" step="2"/><U101/><REACH who="1" step="1"/><E43/><REACH who="1" ten="334,306,228,112" step="2"/><V88/><F132/><W61/><G40/><T10/><D10/><U109/><E109/><V67/><F134/><W35/><G118/><T75/><D75/><U128/><E128/><V92/><F69/><W63/><G63/><T39/><D39/><U100/><E100/><AGARI ba="3,2" hai="16,19,23,24,28,38,41,46,95,96,99,100,103,105" machi="100" ten="30,7700,0" yaku="1,1,7,1,54,1,53,1" doraHai="65" doraHaiUra="36" who="0" fromWho="1" sc="334,106,306,-86,228,0,112,0" /><INIT seed="2,0,0,0,2,9" ten="440,220,228,112" oya="2" hai0="132,128,100,61,56,12,78,131,88,6,93,21,84" hai1="29,37,130,97,75,69,30,20,129,112,133,52,50" hai2="115,2,26,107,86,46,89,103,111,18,14,3,35" hai3="44,62,64,118,134,116,96,71,92,39,76,77,40"/><V94/><F115/><W63/><G134/><T122/><D122/><U48/><E37/><V13/><F111/><W38/><G38/><T81/><D100/><U104/><E75/><V106/><F46/><W70/><G116/><T65/><D132/><U135/><E69/><V87/><F35/><W25/><G25/><T99/><D6/><U33/><E33/><V82/><F26/><W101/><REACH who="3" step="1"/><G118/><REACH who="3" ten="440,220,228,102" step="2"/><T45/><D128/><U117/><E117/><V119/><F119/><W49/><G49/><T120/><D131/><U121/><E50/><V109/><F109/><W24/><G24/><T23/><D120/><U79/><E121/><V42/><F42/><W5/><G5/><T127/><D127/><U91/><E48/><V55/><F18/><W125/><G125/><T68/><D61/><U4/><E4/><V114/><F114/><W102/><G102/><T0/><D0/><U1/><E1/><V7/><F7/><W16/><G16/><T10/><D12/><U85/><E112/><V43/><F3/><W41/><G41/><T53/><D45/><U105/><E129/><V47/><F2/><W66/><AGARI ba="0,1" hai="39,40,44,62,63,64,66,70,71,76,77,92,96,101" machi="66" ten="30,4000,0" yaku="1,1,0,1,9,1,53,0" doraHai="9" doraHaiUra="124" who="3" fromWho="3" sc="440,-10,220,-10,228,-20,102,50" /><INIT seed="3,0,0,1,3,76" ten="430,210,208,152" oya="3" hai0="113,24,93,30,17,80,78,88,36,121,86,77,130" hai1="85,21,10,37,106,22,40,107,112,69,91,0,126" hai2="55,25,19,7,43,95,110,42,120,108,58,49,119" hai3="16,70,87,33,134,71,103,67,15,132,97,13,82"/><W66/><G33/><T99/><D121/><U65/><E112/><V84/><F119/><W63/><G15/><T98/><D36/><U115/><E115/><V92/><F7/><W109/><G109/><N who="2" m="42089" /><F120/><W100/><G66/><T52/><D130/><U96/><E126/><V90/><F95/><W44/><G44/><T53/><D113/><U83/><E69/><V135/><F135/><N who="3" m="51755" /><G97/><T54/><D17/><U18/><E65/><V57/><F57/><W59/><G71/><T26/><D78/><U29/><E96/><V68/><F68/><W127/><G127/><T48/><D48/><U6/><E37/><V3/><F3/><W74/><G74/><T4/><D4/><U89/><E107/><V23/><AGARI ba="0,0" hai="19,23,25,42,43,49,55,58,84,90,92" m="42089" machi="23" ten="30,1100,0" yaku="14,1" doraHai="76" who="2" fromWho="2" sc="430,-3,210,-3,208,11,152,-5" /><INIT seed="4,0,0,4,3,48" ten="427,207,219,147" oya="0" hai0="3,20,73,1,8,88,113,84,24,83,95,112,120" hai1="34,118,58,7,107,22,19,60,26,99,17,18,6" hai2="80,134,46,65,97,28,122,63,123,59,104,75,135" hai3="4,43,61,81,33,55,39,127,101,16,121,68,53"/><T40/><D120/><U36/><E34/><V98/><F28/><W102/><G33/><T117/><D117/><U52/><E118/><V79/><F46/><W5/><G39/><T11/><D40/><U130/><E130/><V14/><F14/><W129/><G43/><T44/><D44/><U51/><E36/><V87/><F87/><W90/><G129/><T69/><D69/><U126/><E126/><V38/><F38/><W74/><G127/><T12/><D73/><U103/><REACH who="1" step="1"/><E60/><REACH who="1" ten="427,197,219,147" step="2"/><V25/><F123/><W125/><G125/><T77/><D112/><U85/><E85/><V23/><F122/><W91/><G121/><T72/><D113/><U15/><E15/><V133/><REACH who="2" step="1"/><F104/><REACH who="2" ten="427,197,209,147" step="2"/><W31/><G74/><T131/><D131/><U64/><E64/><V78/><F78/><W89/><G31/><AGARI ba="0,2" hai="6,7,17,18,19,22,26,31,51,52,58,99,103,107" machi="31" ten="40,5200,0" yaku="1,1,52,1,54,1,53,0" doraHai="48" doraHaiUra="119" who="1" fromWho="3" sc="427,0,197,72,209,0,147,-52" /><INIT seed="5,0,0,1,3,13" ten="427,269,209,95" oya="1" hai0="135,63,96,20,42,68,58,98,15,107,45,24,69" hai1="2,44,18,100,57,22,105,112,116,6,8,30,9" hai2="31,7,110,99,46,14,85,64,53,66,133,117,1" hai3="123,43,120,29,114,76,115,97,40,81,86,91,79"/><U92/><E116/><V62/><F117/><W32/><G29/><T26/><D15/><U33/><E105/><V89/><F110/><W28/><G28/><T16/><D26/><N who="1" m="18647" /><E57/><V61/><F1/><W74/><G32/><T48/><D135/><U73/><E73/><V11/><F31/><W4/><G4/><T60/><D60/><N who="2" m="23146" /><F99/><W3/><G40/><T10/><D10/><N who="1" m="2391" /><E44/><V104/><F133/><W111/><G43/><T67/><REACH who="0" step="1"/><D107/><REACH who="0" ten="417,269,209,95" step="2"/><U56/><E9/><V0/><F0/><W71/><G3/><T84/><D84/><U130/><E8/><V134/><F104/><W80/><G111/><T72/><D72/><U75/><E75/><V83/><F134/><W103/><G71/><AGARI ba="0,1" hai="16,20,24,42,45,48,58,63,67,68,69,71,96,98" machi="71" ten="40,5200,0" yaku="1,1,52,1,54,1,53,0" doraHai="13" doraHaiUra="109" who="0" fromWho="3" sc="417,62,269,0,209,0,95,-52" /><INIT seed="6,0,0,4,2,90" ten="479,269,209,43" oya="2" hai0="63,36,40,76,28,55,51,96,1,94,46,89,44" hai1="37,11,8,83,33,22,10,61,100,102,79,117,30" hai2="9,73,121,95,45,122,129,72,2,17,69,6,123" hai3="5,50,134,133,60,16,135,82,110,41,19,12,80"/><V74/><F69/><W32/><G32/><T127/><D1/><U111/><E37/><V97/><F129/><W132/><N who="3" m="33792" /><DORA hai="68" /><W130/><G110/><T13/><D28/><U70/><E33/><V56/><F56/><W7/><G130/><T116/><D76/><U38/><E38/><V66/><F66/><W43/><G60/><T14/><D127/><U105/><E105/><V120/><N who="2" m="30720" /><DORA hai="21" /><V54/><F17/><W104/><G104/><T87/><D116/><U24/><E111/><V29/><F29/><W75/><G19/><T103/><D63/><U109/><E117/><V118/><F118/><W27/><G27/><T25/><D25/><U23/><E23/><V85/><F85/><W101/><G101/><T115/><D115/><U0/><E0/><V93/><REACH who="2" step="1"/><F97/><REACH who="2" ten="479,269,199,43" step="2"/><W3/><G3/><T67/><D67/><U78/><E109/><V31/><F31/><W48/><G7/><T128/><D128/><U26/><E30/><V107/><F107/><AGARI ba="0,1" hai="13,14,36,40,44,46,51,55,87,89,94,96,103,107" machi="107" ten="30,3900,0" yaku="7,1,52,2" doraHai="90,68,21" who="0" fromWho="2" sc="479,49,269,0,199,-39,43,0" /><INIT seed="7,0,0,2,4,118" ten="528,269,160,43" oya="3" hai0="108,14,58,127,34,9,96,62,130,66,20,51,8" hai1="33,121,114,70,95,44,78,125,29,63,103,60,10" hai2="85,76,105,28,57,13,77,30,24,46,65,69,49" hai3="134,117,43,113,106,41,75,99,7,102,53,104,35"/><W128/><G117/><T132/><D9/><U122/><E125/><V61/><F69/><W84/><G75/><T124/><D20/><U92/><E29/><V97/><F105/><W25/><G113/><T64/><D64/><U68/><E44/><V116/><F116/><W93/><G128/><T89/><D51/><U94/><E103/><V0/><F0/><W90/><G106/><T71/><D58/><U45/><E45/><V91/><F97/><W81/><G134/><T32/><D108/><U110/><E78/><N who="2" m="30315" /><F13/><W47/><G104/><T112/><D130/><U88/><E92/><N who="2" m="54383" /><F24/><W27/><G7/><T135/><D89/><U107/><E63/><V101/><F101/><W26/><REACH who="3" step="1"/><G35/><REACH who="3" ten="528,269,160,33" step="2"/><T129/><D129/><U12/><E107/><V73/><F73/><W23/><G23/><T55/><D132/><U6/><E6/><V79/><F79/><W54/><G54/><AGARI ba="0,1" hai="28,30,46,49,54,57,61,65" m="54383,30315" machi="54" ten="30,1000,0" yaku="8,1" doraHai="118" who="2" fromWho="3" sc="528,0,269,0,160,20,33,-10" owari="528,63.0,269,7.0,180,-22.0,23,-48.0" /></mjloggm>