<mjloggm ver="2.3"><GO type="233" lobby="0"/><UN n0="%34%E7%95%99" n1="%E3%82%AB%E3%83%9C%E3%83%81%E3%83%A3%E3%82%BF%E3%83%8D" n2="%E3%82%A6%E3%83%AB%E3%83%88%E3%83%A9%E7%AB%8B%E7%9B%B4" n3="%65%69%6B%31" dan="16,17,18,17" rate="2065.02,2120.04,2210.58,2155.26" sx="M,M,M,M"/><TAIKYOKU oya="0"/><INIT seed="0,0,0,3,0,131" ten="250,250,250,250" oya="0" hai0="88,35,74,108,126,72,117,103,58,50,100,39,29" hai1="20,94,41,70,44,1,122,57,60,7,125,53,135" hai2="61,68,93,121,111,99,65,26,46,63,45,116,114" hai3="118,51,132,84,82,101,87,38,128,40,109,112,133"/><T43/><D39/><U92/><E122/><V13/><F114/><W85/><G38/><T30/><D117/><U11/><E125/><V71/><F121/><W91/><G112/><T66/><D126/><U79/><E135/><N who="3" m="51786" /><G118/><T42/><D35/><U0/><E0/><V115/><F115/><W24/><G128/><T77/><D74/><U113/><E113/><V64/><F111/><W69/><G109/><T25/><D77/><U31/><E70/><V67/><F67/><W36/><G36/><T123/><D72/><U95/><E79/><V10/><F26/><W52/><G69/><T120/><D25/><U89/><E20/><V76/><F116/><W19/><G40/><N who="0" m="15403" /><D108/><U81/><E31/><N who="0" m="11785" /><D123/><U2/><E2/><V34/><F34/><W47/><G101/><T119/><D120/><U86/><E81/><V104/><F71/><W83/><G83/><T96/><D119/><U37/><AGARI ba="0,0" hai="1,7,11,37,41,44,53,57,60,86,89,92,94,95" machi="37" ten="20,1500,0" yaku="0,1,7,1" doraHai="131" who="1" fromWho="1" sc="250,-7,250,15,250,-4,250,-4" /><INIT seed="1,0,0,5,0,134" ten="243,265,246,246" oya="1" hai0="51,32,96,46,64,72,65,111,2,123,19,54,86" hai1="24,25,135,88,89,82,119,90,52,53,73,23,61" hai2="104,93,33,129,34,85,69,71,41,15,95,14,87" hai3="58,40,67,101,92,100,103,26,108,109,57,55,80"/><U114/><E114/><V97/><F41/><W66/><G40/><T43/><D2/><U78/><E119/><V42/><F42/><W44/><G92/><T99/><D32/><U59/><E135/><V21/><F21/><W75/><G44/><T107/><D72/><U28/><REACH who="1" step="1"/><E25/><REACH who="1" ten="243,255,246,246" step="2"/><V115/><F115/><W38/><G26/><T105/><D123/><U133/><E133/><V128/><F97/><W47/><G109/><T102/><D111/><U4/><E4/><V9/><F129/><W94/><G108/><T121/><D121/><U49/><E49/><V122/><F128/><W27/><G27/><T132/><D132/><U130/><E130/><V35/><F122/><W1/><G38/><T84/><D19/><U30/><E30/><V22/><F35/><W74/><G101/><T110/><D110/><U91/><N who="1" m="22528" /><DORA hai="83" /><U116/><E116/><V125/><F34/><W98/><G103/><T81/><D105/><U48/><E48/><V36/><F33/><W117/><G100/><T5/><D107/><U118/><E118/><V106/><F36/><W113/><G98/><N who="0" m="37419" /><D5/><U77/><E77/><V16/><F104/><W3/><G117/><T56/><D102/><U7/><E7/><V112/><F106/><W12/><G113/><T79/><D79/><U8/><E8/><V13/><F9/><W37/><G37/><T0/><D81/><U124/><E124/><V29/><F125/><W131/><G80/><T39/><D0/><U70/><E70/><N who="2" m="26635" /><F29/><W60/><G131/><T11/><D11/><U127/><E127/><V18/><F112/><W62/><G3/><RYUUKYOKU ba="0,1" sc="243,15,255,15,246,-15,246,-15" hai0="39,43,46,51,54,56,64,65,84,86" hai1="23,24,28,52,53,59,61,73,78,82" /><INIT seed="1,1,1,3,2,16" ten="258,270,231,231" oya="1" hai0="127,19,87,17,67,60,28,123,75,99,53,40,8" hai1="98,96,107,13,11,62,22,6,112,3,61,125,49" hai2="63,1,110,92,47,56,0,116,57,109,103,128,105" hai3="33,120,115,119,74,134,88,77,81,106,15,64,100"/><U102/><E112/><V34/><F34/><W37/><G37/><T18/><D75/><U124/><E49/><V84/><F116/><W86/><G33/><T10/><D127/><N who="1" m="48715" /><E98/><V31/><F31/><W108/><G115/><T104/><D40/><U9/><E22/><V73/><F73/><W122/><G119/><T113/><D113/><U35/><E35/><V82/><F105/><W12/><G108/><N who="2" m="41577" /><F56/><W89/><G134/><T2/><D28/><U51/><E51/><V131/><F47/><W83/><G64/><T85/><D2/><N who="2" m="1130" /><F92/><N who="3" m="54295" /><G12/><T46/><D104/><U94/><E107/><V121/><F103/><W55/><G15/><T52/><D99/><U129/><E129/><V5/><F121/><W36/><G36/><T135/><D123/><U27/><E27/><V30/><F30/><W117/><G117/><T59/><D135/><U58/><E58/><V78/><F5/><AGARI ba="1,1" hai="3,5,6,9,11,13,61,62,94,96,102" m="48715" machi="5" ten="30,1500,0" yaku="18,1" doraHai="16" who="1" fromWho="2" sc="258,0,270,28,231,-18,231,0" /><INIT seed="1,2,0,0,0,17" ten="258,298,213,231" oya="1" hai0="60,15,50,53,58,110,56,27,114,59,99,113,39" hai1="128,122,93,90,2,112,134,129,16,100,69,92,106" hai2="76,126,13,78,98,36,89,54,132,96,130,123,42" hai3="88,65,86,120,40,43,77,104,3,30,102,80,57"/><U12/><E2/><V127/><F42/><W29/><G120/><T79/><D79/><N who="2" m="30250" /><F36/><W4/><G3/><T101/><D39/><U44/><E112/><V45/><F13/><W85/><G4/><T94/><D110/><U46/><E122/><V0/><F0/><W73/><G73/><T131/><D131/><N who="1" m="50251" /><E69/><V103/><F54/><W67/><G102/><T47/><D15/><U11/><E134/><V10/><F45/><N who="1" m="17513" /><E90/><V52/><F10/><W25/><G104/><T35/><D60/><U133/><E133/><V7/><F52/><W1/><G1/><T91/><D101/><U48/><E48/><V5/><F7/><W68/><G68/><T108/><D108/><U72/><E72/><V83/><F5/><W20/><G30/><T124/><D124/><N who="2" m="47658" /><F130/><W125/><G125/><T37/><D37/><U121/><E121/><V71/><F71/><W115/><G115/><T109/><D109/><U21/><E11/><V8/><F8/><W87/><G65/><T32/><D32/><U105/><E105/><N who="2" m="63719" /><F132/><W41/><G77/><T24/><D35/><U18/><E18/><V22/><F123/><W118/><G118/><T95/><D114/><U34/><E34/><V64/><F64/><W81/><G67/><T38/><D113/><U31/><E31/><V63/><F63/><W61/><G61/><T23/><D38/><U97/><AGARI ba="2,0" hai="12,16,21,92,93,97,100,106" m="17513,50251" machi="97" ten="30,6000,0" yaku="19,1,52,1,54,1" doraHai="17" who="1" fromWho="1" sc="258,-22,298,66,213,-22,231,-22" /><INIT seed="1,3,0,1,5,70" ten="236,364,191,209" oya="1" hai0="2,59,60,50,62,34,26,86,7,81,27,15,25" hai1="134,49,53,74,31,5,108,4,100,121,22,115,16" hai2="131,42,21,129,109,91,111,24,8,3,127,71,124" hai3="95,9,82,38,77,130,126,85,48,116,118,69,128"/><U93/><E115/><V41/><F71/><W57/><G69/><T113/><D2/><U20/><E121/><V83/><F83/><W68/><G68/><T99/><D34/><U18/><E74/><V97/><F91/><N who="3" m="53743" /><G9/><N who="0" m="4543" /><D113/><U120/><E120/><V54/><F97/><W75/><G38/><T55/><D99/><N who="1" m="59503" /><E134/><V30/><F54/><N who="3" m="31943" /><G126/><N who="2" m="48169" /><F42/><W29/><G29/><T58/><D58/><N who="1" m="33071" /><E108/><N who="2" m="41547" /><F41/><W32/><G32/><T36/><D36/><U114/><E114/><V125/><F125/><W104/><G104/><T64/><D64/><U10/><E10/><V14/><F3/><W12/><G12/><T80/><D80/><U37/><E37/><V67/><F67/><W0/><G0/><T23/><D23/><N who="1" m="8747" /><E31/><V28/><F28/><W76/><G76/><AGARI ba="3,0" hai="25,26,27,50,55,59,60,62,76,81,86" m="4543" machi="76" ten="30,1000,0" yaku="8,1" doraHai="70" who="0" fromWho="3" sc="236,19,364,0,191,0,209,-19" /><INIT seed="2,0,0,2,2,64" ten="255,364,191,190" oya="2" hai0="101,99,71,24,14,84,51,73,38,44,63,131,20" hai1="4,10,72,12,26,85,18,11,114,130,89,83,43" hai2="34,9,65,107,5,111,97,120,86,70,129,27,125" hai3="110,104,42,21,100,121,46,35,116,8,68,56,57"/><V103/><F120/><W74/><G35/><T49/><D73/><U62/><E130/><V95/><F129/><W60/><G121/><T124/><D131/><U90/><E114/><V67/><F125/><W96/><G116/><T115/><D38/><U33/><E72/><V92/><F111/><W135/><G74/><T122/><D51/><U127/><E127/><V108/><F108/><W15/><G110/><T66/><D124/><U52/><E43/><V47/><F47/><W132/><G21/><T29/><D122/><U53/><E33/><V102/><F102/><W82/><G82/><T61/><D61/><U128/><E128/><V22/><F34/><W30/><G30/><T55/><D84/><U1/><E26/><V69/><F70/><W133/><G60/><T76/><D14/><N who="1" m="7519" /><E1/><V17/><F69/><W23/><G23/><T113/><REACH who="0" step="1"/><D76/><REACH who="0" ten="245,364,191,190" step="2"/><U59/><E89/><N who="2" m="53303" /><F107/><AGARI ba="0,1" hai="20,24,29,44,49,55,63,66,71,99,101,107,113,115" machi="107" ten="30,7700,0" yaku="1,1,7,1,52,1,53,1" doraHai="64" doraHaiUra="19" who="0" fromWho="2" sc="245,87,364,0,191,-77,190,0" /><INIT seed="3,0,0,2,3,4" ten="332,364,114,190" oya="3" hai0="110,62,120,72,61,92,119,127,96,47,123,105,100" hai1="104,103,40,86,53,14,135,116,66,25,12,113,107" hai2="41,35,30,65,57,82,106,8,83,45,81,27,73" hai3="10,60,6,26,128,49,64,16,80,68,112,130,90"/><W93/><G112/><T0/><D119/><U84/><E113/><V134/><F106/><W33/><G80/><T124/><D72/><U85/><E116/><V15/><F134/><W21/><G49/><T78/><D78/><U59/><E135/><V54/><F65/><W95/><G33/><T117/><D117/><U71/><E40/><V63/><F73/><W37/><G37/><T2/><D47/><U13/><E103/><V51/><REACH who="2" step="1"/><F83/><REACH who="2" ten="332,364,104,190" step="2"/><W77/><G77/><T39/><D92/><U118/><E66/><V50/><F50/><W58/><G68/><T129/><D39/><U36/><E71/><V38/><F38/><W23/><G95/><T102/><D61/><U31/><E36/><V48/><F48/><W131/><G131/><T98/><D62/><U87/><E118/><V126/><F126/><N who="0" m="48170" /><D129/><U108/><E107/><V56/><F56/><W70/><G70/><T32/><D110/><U28/><E108/><V69/><F69/><W11/><G130/><T19/><D105/><U1/><E104/><V111/><F111/><W115/><G128/><T5/><D123/><U76/><E59/><V43/><F43/><W133/><G133/><T24/><D120/><U132/><E132/><V114/><F114/><W55/><G115/><T67/><D67/><U17/><E76/><V94/><F94/><W109/><G109/><T46/><D102/><U89/><E89/><V125/><F125/><W20/><G64/><T52/><D100/><U122/><E122/><V44/><F44/><W3/><G90/><T99/><D46/><U79/><E79/><V121/><F121/><RYUUKYOKU ba="0,1" sc="332,-10,364,-10,104,30,190,-10" hai2="8,15,27,30,35,41,45,51,54,57,63,81,82" /><INIT seed="4,1,1,5,1,63" ten="322,354,134,180" oya="0" hai0="31,131,95,84,27,109,43,116,101,32,49,74,35" hai1="85,13,30,68,121,92,128,42,75,41,61,113,118" hai2="76,46,51,110,81,60,89,132,111,103,91,120,6" hai3="98,125,102,11,88,29,33,106,22,129,38,17,122"/><T24/><D74/><U57/><E75/><V77/><F120/><W87/><G38/><T112/><D116/><U82/><E68/><V123/><F123/><W23/><G122/><T8/><D112/><U19/><E121/><V69/><F103/><W37/><G37/><T20/><D131/><U3/><E3/><V107/><F107/><W52/><G129/><T64/><D64/><U90/><E128/><V71/><F6/><W99/><G125/><T62/><D62/><U4/><E4/><V104/><F104/><W7/><G99/><T67/><D67/><N who="1" m="39343" /><E118/><V36/><F36/><W18/><G33/><T94/><D8/><N who="1" m="6567" /><E30/><V126/><F60/><W117/><G117/><T97/><D109/><U78/><E113/><V54/><F126/><W16/><G52/><T59/><D35/><U83/><E78/><V9/><F77/><W55/><G55/><N who="0" m="32239" /><D32/><U66/><E66/><V105/><F105/><W80/><REACH who="3" step="1"/><G29/><REACH who="3" ten="322,354,134,170" step="2"/><N who="0" m="17543" /><D43/><AGARI ba="1,2" hai="41,42,43,82,83,85,90,92" m="6567,39343" machi="43" ten="30,2000,0" yaku="8,1,52,1" doraHai="63" who="1" fromWho="0" sc="322,-23,354,43,134,0,170,0" /><INIT seed="5,0,0,3,1,48" ten="299,397,134,170" oya="1" hai0="38,40,63,74,86,27,33,100,30,134,123,99,105" hai1="0,88,24,1,118,49,115,68,101,14,46,4,64" hai2="8,12,126,9,94,7,26,16,92,60,110,45,36" hai3="17,132,58,129,66,39,130,113,72,25,114,93,89"/><U41/><E118/><V91/><F110/><W106/><G106/><T111/><D86/><U81/><E101/><V18/><F126/><W13/><G72/><T10/><D111/><U104/><E104/><V56/><F45/><W121/><G39/><T75/><D134/><U57/><E115/><N who="3" m="44042" /><G25/><T82/><D10/><U83/><E0/><V3/><F36/><W90/><G121/><T71/><D82/><U2/><E2/><V108/><F108/><W6/><G6/><T22/><D22/><U109/><E109/><V128/><F128/><N who="3" m="49259" /><G93/><T52/><D52/><U84/><E1/><V97/><F94/><W51/><G132/><T50/><D50/><U73/><E68/><V107/><F107/><W32/><G32/><T5/><D5/><U69/><E69/><V15/><F3/><W135/><G135/><T29/><D29/><U85/><E73/><V98/><F26/><W31/><G31/><T87/><D87/><U96/><E24/><V77/><F7/><W112/><N who="3" m="44050" /><W122/><DORA hai="59" /><G122/><T42/><D123/><U70/><E70/><V67/><REACH who="2" step="1"/><F77/><REACH who="2" ten="299,397,124,170" step="2"/><W28/><G28/><T61/><D40/><U53/><E4/><V119/><F119/><W102/><G102/><T37/><D42/><U54/><E41/><V55/><F55/><N who="3" m="32127" /><G66/><N who="0" m="41423" /><D37/><U11/><E64/><V124/><F124/><W65/><G65/><T117/><D38/><U103/><E103/><V62/><F62/><W43/><G43/><T21/><D117/><U44/><E81/><V80/><F80/><W78/><G78/><T116/><D116/><U95/><E83/><V120/><F120/><RYUUKYOKU ba="0,1" sc="299,-15,397,-15,124,15,170,15" hai2="8,9,12,15,16,18,56,60,67,91,92,97,98" hai3="13,17,89,90" /><INIT seed="6,1,1,0,5,71" ten="284,382,139,185" oya="2" hai0="65,109,48,106,112,15,131,89,18,33,104,66,61" hai1="81,111,87,39,51,16,98,107,78,70,68,108,1" hai2="28,74,30,102,21,11,97,134,101,110,125,58,45" hai3="20,121,35,38,79,34,117,47,82,7,80,53,123"/><V94/><F74/><N who="3" m="43127" /><G53/><T119/><D33/><N who="3" m="12297" /><G20/><N who="0" m="11359" /><D112/><U96/><E39/><V5/><F125/><W128/><G82/><T91/><D119/><U85/><E1/><V29/><F134/><W67/><G117/><T25/><D131/><U64/><E70/><V132/><F132/><W49/><G49/><T76/><D106/><U50/><E68/><V73/><F73/><W4/><G67/><T60/><D104/><U93/><E64/><N who="0" m="24681" /><D109/><U120/><E120/><N who="3" m="46154" /><G4/><T31/><D76/><U57/><E108/><V90/><F110/><W27/><G27/><T55/><D31/><U135/><E111/><V124/><F124/><W6/><G6/><T83/><D25/><U40/><E135/><V95/><F21/><W37/><G47/><N who="0" m="28063" /><D91/><U42/><E78/><V113/><F113/><W44/><G44/><T84/><AGARI ba="1,1" hai="60,61,83,84,89" m="28063,24681,11359" machi="84" ten="30,1100,0" yaku="8,1" doraHai="71" who="0" fromWho="0" sc="284,24,382,-4,139,-6,185,-4" /><INIT seed="7,0,0,0,0,115" ten="308,378,133,181" oya="3" hai0="40,108,132,50,45,112,62,97,43,9,3,17,13" hai1="24,2,68,15,125,130,49,133,7,135,52,42,124" hai2="53,58,104,98,27,87,59,33,56,73,28,75,89" hai3="120,105,122,44,83,106,51,23,55,63,4,70,78"/><W121/><G4/><T95/><D3/><U66/><E42/><V127/><F127/><N who="1" m="48713" /><E2/><V84/><F84/><W60/><G23/><T41/><D108/><U64/><E24/><V16/><F53/><W109/><G109/><T77/><D132/><N who="1" m="50763" /><E68/><V21/><F98/><W69/><G69/><T18/><D112/><U94/><E94/><V1/><F104/><W128/><G70/><T47/><D77/><U61/><E61/><V67/><F1/><W0/><G0/><T114/><D62/><U79/><E79/><V19/><F67/><W34/><G60/><T101/><D114/><U123/><E123/><V117/><F117/><W82/><G63/><T74/><D74/><U107/><E107/><V80/><REACH who="2" step="1"/><F19/><REACH who="2" ten="308,378,123,181" step="2"/><W92/><G55/><N who="0" m="30159" /><D18/><U5/><E66/><V36/><F36/><W39/><G39/><T10/><D47/><U134/><E64/><V111/><F111/><W11/><G106/><T76/><D76/><U6/><E134/><V8/><F8/><AGARI ba="0,1" hai="8,9,10,13,17,40,41,43,95,97,101" m="30159" machi="8" ten="30,1000,0" yaku="8,1" doraHai="115" who="0" fromWho="2" sc="308,20,378,0,123,-10,181,0" owari="328,13.0,378,48.0,113,-39.0,181,-22.0" /></mjloggm>