<mjloggm ver="2.3"><GO type="169" lobby="0"/><UN n0="%E3%82%A6%E3%83%AB%E3%83%88%E3%83%A9%E7%AB%8B%E7%9B%B4" n1="%74%6F%6E%6E%75%72%61" n2="%6B%65%6E%31%31%30%34" n3="%E3%82%B3%E3%83%BC%E3%83%A9%E3%81%8F%E3%81%A0%E3%81%95%E3%81%84" dan="17,17,17,17" rate="2191.03,2151.09,2154.93,2150.93" sx="M,M,M,M"/><TAIKYOKU oya="0"/><INIT seed="0,0,0,1,2,34" ten="250,250,250,250" oya="0" hai0="50,35,46,124,29,128,69,51,122,21,53,117,49" hai1="48,54,76,88,26,62,90,93,75,41,112,23,98" hai2="13,119,74,4,18,38,10,129,59,64,99,100,19" hai3="94,131,61,89,25,66,22,63,11,97,126,115,105"/><T9/><D35/><U30/><E112/><V78/><F129/><W55/><G115/><T32/><D32/><U91/><E41/><V60/><F38/><W71/><G131/><T127/><D128/><U125/><E125/><N who="0" m="48201" /><D117/><U2/><E2/><V107/><F74/><W109/><G109/><T42/><D122/><U6/><E6/><V57/><F78/><W40/><G126/><T67/><D9/><U102/><E62/><V43/><F43/><W104/><G40/><T84/><D84/><U81/><REACH who="1" step="1"/><E102/><REACH who="1" ten="250,240,250,250" step="2"/><V77/><F119/><W5/><G61/><N who="0" m="40175" /><D53/><U44/><AGARI ba="0,1" hai="23,26,30,44,48,54,75,76,81,88,90,91,93,98" machi="44" ten="20,5200,0" yaku="1,1,0,1,7,1,54,1,53,0" doraHai="34" doraHaiUra="28" who="1" fromWho="1" sc="250,-26,240,62,250,-13,250,-13" /><INIT seed="1,0,0,5,1,13" ten="224,302,237,237" oya="1" hai0="119,71,109,10,110,29,14,116,40,46,38,7,106" hai1="50,91,47,24,100,61,17,124,25,98,96,20,77" hai2="112,66,1,30,56,11,57,52,19,9,67,16,64" hai3="82,62,114,31,36,70,88,69,133,103,134,72,53"/><U73/><E124/><V120/><F120/><W115/><G36/><T117/><D106/><U93/><E61/><N who="2" m="35975" /><F112/><W121/><G121/><T22/><D71/><N who="3" m="27145" /><G103/><T3/><D29/><U111/><E111/><V32/><F32/><W127/><G127/><T35/><D35/><U58/><E58/><V95/><F1/><W68/><G31/><T89/><D89/><U48/><E25/><V65/><F30/><W12/><G12/><T118/><N who="0" m="29696" /><DORA hai="74" /><T135/><REACH who="0" step="1"/><D135/><REACH who="0" ten="214,302,237,237" step="2"/><U41/><E77/><V59/><F67/><W54/><G88/><T49/><D49/><U108/><E108/><V37/><F37/><W97/><G68/><T80/><D80/><U15/><E50/><V18/><F95/><W128/><G133/><T107/><D107/><U33/><E33/><V101/><F101/><W105/><G134/><T90/><D90/><U86/><E100/><V130/><F130/><W83/><G128/><T122/><D122/><U104/><E104/><V79/><F79/><W63/><G105/><T6/><D6/><U94/><E94/><V76/><F76/><W84/><G82/><T125/><D125/><U44/><E96/><V113/><F113/><W8/><G97/><T78/><D78/><U60/><E98/><V42/><F42/><W39/><G114/><T45/><D45/><U28/><E47/><V92/><F92/><W75/><G115/><T85/><D85/><U55/><E41/><V26/><F26/><W99/><G99/><T34/><D34/><N who="1" m="20743" /><E73/><V23/><F23/><W0/><G72/><T43/><D43/><U126/><E126/><V129/><F129/><RYUUKYOKU ba="0,1" sc="214,10,302,10,237,10,237,-30" hai0="3,7,10,14,22,38,40,46,109,110" hai1="15,17,20,44,48,55,60,86,91,93" hai2="9,11,16,18,19,57,59,64,65,66" /><INIT seed="1,1,1,5,5,76" ten="224,312,247,207" oya="1" hai0="111,133,5,43,33,123,71,2,112,103,119,131,50" hai1="63,134,18,1,66,9,132,46,94,54,23,67,24" hai2="44,113,64,53,49,87,90,59,79,15,25,16,6" hai3="3,93,61,39,126,47,8,124,100,118,110,17,101"/><U121/><E121/><V127/><F127/><N who="3" m="48683" /><G110/><T77/><D50/><N who="1" m="29015" /><E94/><V20/><F113/><W82/><G118/><T31/><D43/><U96/><E96/><V7/><F79/><W107/><G107/><T41/><D41/><U51/><E51/><V12/><F12/><N who="3" m="7303" /><G3/><T29/><D103/><U11/><E1/><V14/><F14/><W89/><G61/><T92/><D2/><U109/><E109/><V75/><F75/><W52/><G82/><T73/><D111/><U45/><E45/><V62/><REACH who="2" step="1"/><F25/><REACH who="2" ten="224,312,237,207" step="2"/><W34/><G39/><T98/><D112/><U21/><E11/><V125/><F125/><W78/><G78/><T95/><D77/><U36/><E9/><V122/><F122/><W106/><G100/><T60/><D123/><U10/><E10/><V37/><F37/><W26/><G101/><T68/><D5/><U105/><E36/><V65/><F65/><W88/><G26/><T32/><D119/><U74/><E74/><V128/><F128/><W115/><G115/><T97/><D73/><U22/><E67/><V56/><F56/><W48/><G89/><T42/><D131/><U27/><E27/><V58/><F58/><W40/><G88/><T114/><D114/><U70/><E105/><V81/><AGARI ba="1,2" hai="6,7,15,16,20,44,49,53,59,62,64,81,87,90" machi="81" ten="20,12000,2" yaku="1,1,0,1,7,1,8,1,52,1,54,1,53,0" doraHai="76" doraHaiUra="99" who="2" fromWho="2" sc="224,-31,312,-61,237,143,207,-31" /><INIT seed="2,0,0,1,4,110" ten="193,251,380,176" oya="2" hai0="114,85,33,80,129,62,49,99,12,119,53,126,56" hai1="122,83,86,97,128,94,47,88,89,43,68,65,77" hai2="19,72,105,44,111,108,6,51,115,18,5,131,87" hai3="60,75,127,32,92,0,27,101,22,120,121,70,14"/><V96/><F72/><W91/><G0/><T24/><D129/><U55/><E128/><V26/><F131/><W29/><G75/><T38/><D38/><U39/><E122/><V10/><F87/><W25/><G127/><T40/><D126/><U37/><E55/><V112/><F96/><W107/><G14/><T17/><D119/><U8/><E8/><V132/><F105/><W81/><G81/><T100/><D114/><N who="2" m="43562" /><F132/><W123/><G91/><T21/><D33/><U73/><E39/><V57/><F57/><W104/><G92/><T117/><D117/><U41/><E41/><V7/><F51/><W64/><REACH who="3" step="1"/><G101/><REACH who="3" ten="193,251,380,166" step="2"/><T116/><D116/><U52/><E73/><V102/><F102/><W124/><G124/><T58/><D100/><U74/><E74/><V109/><F44/><W59/><G59/><T61/><D99/><U1/><E1/><N who="2" m="367" /><F26/><W125/><G125/><T48/><D24/><U11/><E89/><V28/><F28/><AGARI ba="0,1" hai="22,25,27,28,29,32,60,64,70,104,107,120,121,123" machi="28" ten="40,2600,0" yaku="1,1,53,1" doraHai="110" doraHaiUra="63" who="3" fromWho="2" sc="193,0,251,0,380,-26,166,36" /><INIT seed="3,0,0,5,4,28" ten="193,251,354,202" oya="3" hai0="116,129,119,34,121,65,31,33,42,84,70,66,106" hai1="69,68,25,53,94,23,107,21,128,39,105,27,82" hai2="10,64,2,47,91,0,108,6,8,30,13,59,35" hai3="20,89,12,125,90,113,100,32,63,103,80,111,36"/><W135/><G113/><T38/><D84/><U133/><E39/><V17/><F108/><W3/><G3/><T40/><D31/><U1/><E1/><V78/><F78/><W67/><G36/><T92/><D92/><U85/><E94/><V29/><F2/><W124/><G135/><T134/><D134/><U46/><E133/><V130/><F130/><W98/><G111/><T56/><D56/><U114/><E114/><V24/><F30/><W101/><G32/><N who="0" m="12395" /><D129/><U58/><E128/><V41/><F91/><W102/><G20/><T44/><D42/><U81/><E85/><V95/><F95/><W83/><G12/><T127/><D66/><U132/><E132/><V76/><F76/><W62/><G62/><N who="0" m="40247" /><D121/><U120/><E58/><V88/><F88/><N who="3" m="33899" /><G63/><T60/><D60/><U14/><E14/><V22/><F59/><W11/><G67/><T15/><D15/><U75/><E120/><V118/><F64/><W55/><G55/><T61/><D61/><U48/><E53/><V5/><F118/><N who="0" m="45098" /><D127/><N who="3" m="48713" /><G11/><T112/><D112/><U26/><E23/><V74/><F10/><W86/><G86/><T71/><D71/><U45/><E21/><V16/><F6/><W115/><G115/><T110/><D110/><U77/><E69/><V87/><F87/><W96/><G96/><T52/><D52/><U123/><E68/><V104/><F5/><W18/><G18/><T126/><D126/><U50/><E123/><V122/><F17/><W72/><G98/><T57/><D57/><U4/><E4/><V79/><F122/><W99/><G99/><T117/><D117/><RYUUKYOKU ba="0,0" sc="193,30,251,-10,354,-10,202,-10" hai0="38,40,44,106" /><INIT seed="4,1,0,2,2,9" ten="223,241,344,192" oya="0" hai0="102,106,124,105,46,64,49,15,125,17,80,83,20" hai1="28,118,77,21,0,90,55,57,116,27,41,122,115" hai2="134,120,36,66,10,8,135,107,86,37,5,99,103" hai3="72,34,100,128,54,131,113,6,61,7,40,121,51"/><T130/><D64/><U112/><E122/><V88/><F120/><W42/><G121/><T29/><D29/><U62/><E0/><V110/><F110/><W47/><G72/><T63/><D63/><U2/><E2/><V132/><F66/><W129/><G34/><T68/><D68/><U98/><E77/><V87/><F87/><W58/><G113/><N who="1" m="43594" /><E41/><V114/><F114/><W93/><REACH who="3" step="1"/><G42/><REACH who="3" ten="223,241,344,182" step="2"/><N who="0" m="24791" /><D130/><U13/><E118/><V23/><F135/><W48/><G48/><T1/><D1/><U50/><E116/><V38/><F134/><W14/><G14/><T33/><D33/><U69/><E13/><V81/><F132/><W109/><G109/><T60/><D60/><U59/><E62/><V70/><F70/><W101/><G101/><T92/><D106/><U126/><E69/><V22/><F38/><W104/><G104/><T127/><D105/><U35/><E35/><V71/><F37/><W75/><G75/><T111/><D111/><U26/><E26/><V67/><F36/><W108/><G108/><T65/><D65/><U39/><E39/><V12/><F67/><W79/><G79/><T11/><D11/><U18/><E27/><V76/><F71/><W89/><G89/><T94/><D102/><U74/><E90/><V16/><F76/><W85/><G85/><T31/><D31/><U43/><E74/><V44/><F10/><W117/><G117/><T82/><AGARI ba="1,1" hai="15,17,20,80,82,83,92,94,124,125,127" m="24791" machi="82" ten="40,3900,0" yaku="18,1,52,1" doraHai="9" who="0" fromWho="0" sc="223,52,241,-14,344,-14,182,-14" /><INIT seed="4,2,0,3,3,132" ten="275,227,330,168" oya="0" hai0="115,92,77,128,124,64,133,112,53,62,85,81,39" hai1="58,83,42,2,33,67,29,11,27,59,1,15,63" hai2="25,101,28,134,10,90,126,57,55,0,86,91,123" hai3="76,129,89,98,32,78,95,18,34,108,61,51,104"/><T79/><D39/><U114/><E114/><N who="0" m="43561" /><D133/><U14/><E42/><V82/><F134/><W107/><G108/><T45/><D128/><U103/><E103/><V35/><F123/><W69/><G129/><T66/><D79/><U21/><E83/><V80/><F101/><W110/><G110/><T119/><D119/><U96/><E96/><V117/><F117/><W3/><G3/><T109/><D109/><U60/><E33/><V50/><F0/><W20/><G34/><T87/><D124/><U70/><E70/><V111/><F111/><W17/><G32/><T52/><D45/><U41/><E41/><V6/><F126/><W75/><G18/><T100/><D66/><U24/><E24/><V105/><F105/><W99/><G51/><T102/><D100/><U116/><E116/><V71/><F71/><W68/><G98/><N who="0" m="59719" /><D87/><U94/><E94/><V121/><F121/><W120/><G120/><T106/><D106/><U23/><E15/><V49/><F82/><N who="3" m="45343" /><G78/><T19/><D19/><U88/><E88/><V44/><F91/><W73/><G73/><T130/><D130/><U127/><E127/><V13/><F44/><W97/><G97/><T12/><D12/><U16/><REACH who="1" step="1"/><E11/><REACH who="1" ten="275,217,330,168" step="2"/><V135/><F135/><W125/><G125/><T74/><D74/><U31/><E31/><V22/><F35/><W36/><G104/><T72/><D72/><U38/><E38/><V43/><F43/><W122/><G107/><T8/><D8/><U113/><E113/><V65/><F65/><AGARI ba="2,1" hai="1,2,14,16,21,23,27,29,58,59,60,63,65,67" machi="65" ten="30,7700,0" yaku="1,1,7,1,9,1,54,1,53,0" doraHai="132" doraHaiUra="4" who="1" fromWho="2" sc="275,0,217,93,330,-83,168,0" /><INIT seed="5,0,0,3,3,47" ten="275,310,247,168" oya="1" hai0="86,43,54,63,29,111,28,83,100,14,48,93,21" hai1="127,90,119,0,121,102,108,101,94,52,126,61,81" hai2="38,20,133,78,24,10,41,107,116,49,114,112,97" hai3="74,23,132,88,30,75,76,39,67,82,95,106,79"/><U71/><E0/><V109/><F109/><W46/><G106/><T5/><D111/><U36/><E121/><V16/><F116/><W84/><G132/><T115/><D115/><N who="2" m="44074" /><F133/><W56/><G67/><T124/><D124/><N who="1" m="47659" /><E119/><V11/><F38/><W32/><G32/><T89/><D63/><U25/><E36/><V34/><F78/><W31/><G56/><T131/><D43/><U4/><E4/><V60/><F60/><W2/><G2/><T135/><D131/><U70/><E81/><V98/><F34/><W51/><G39/><T55/><D55/><U134/><E134/><V96/><F107/><W40/><G23/><T45/><D135/><U19/><E108/><V58/><F58/><W12/><G12/><T77/><D100/><U18/><E102/><V72/><F72/><W117/><G117/><T118/><D118/><U99/><E101/><V125/><F125/><W44/><G44/><AGARI ba="0,0" hai="10,11,16,20,24,41,44,49,96,97,98" m="44074" machi="44" ten="30,7700,0" yaku="15,1,11,1,52,1,54,1" doraHai="47" who="2" fromWho="3" sc="275,0,310,0,247,77,168,-77" /><INIT seed="6,0,0,2,1,112" ten="275,310,324,91" oya="2" hai0="64,79,51,72,68,101,20,44,109,70,78,99,35" hai1="37,108,130,60,86,89,57,50,9,69,91,111,132" hai2="11,46,29,45,22,41,135,100,82,127,49,120,8" hai3="42,90,114,6,19,16,43,104,21,93,88,118,15"/><V94/><F120/><W24/><G104/><T62/><D109/><U52/><E37/><V123/><F123/><W133/><G133/><T75/><D70/><U102/><E130/><V3/><F135/><W71/><G71/><T48/><D35/><U87/><E102/><V84/><F127/><W32/><G118/><T110/><D110/><U129/><E129/><V36/><F3/><W2/><G114/><T55/><D75/><U105/><E105/><V85/><F100/><W28/><G19/><T58/><D72/><U83/><E9/><V107/><F94/><W77/><G77/><T73/><D73/><U115/><E115/><V59/><F59/><W80/><G80/><T30/><D51/><U61/><E132/><V97/><F97/><W76/><G76/><T0/><D0/><U122/><E122/><V23/><F85/><W65/><G65/><T63/><D63/><U12/><E12/><V74/><F74/><W116/><G116/><T26/><REACH who="0" step="1"/><D68/><REACH who="0" ten="265,310,324,91" step="2"/><U18/><E61/><V10/><F36/><W40/><REACH who="3" step="1"/><G93/><AGARI ba="0,1" hai="20,26,30,44,48,55,58,62,64,78,79,93,99,101" machi="93" ten="30,12000,2" yaku="1,1,2,1,7,1,25,2,8,1,53,0" doraHai="112" doraHaiUra="31" who="0" fromWho="3" sc="265,130,310,0,324,0,91,-120" owari="395,50.0,310,-9.0,324,12.0,-29,-53.0" /></mjloggm>