<mjloggm ver="2.3"><GO type="169" lobby="0"/><UN n0="%E3%82%A6%E3%83%AB%E3%83%88%E3%83%A9%E7%AB%8B%E7%9B%B4" n1="%E3%83%94%E3%82%AB%E5%90%BE%E9%83%8E" n2="%E5%A4%8F%E3%81%AA%E3%81%AE%E3%81%AB" n3="%E3%81%A8%E3%82%82%E3%81%8D%E3%82%85%E3%82%93%E2%99%AA" dan="17,17,16,16" rate="2217.92,2155.23,2098.71,2081.34" sx="M,M,M,F"/><TAIKYOKU oya="0"/><INIT seed="0,0,0,1,0,35" ten="250,250,250,250" oya="0" hai0="18,25,39,21,48,77,129,11,62,16,93,4,66" hai1="87,120,27,20,114,78,36,69,31,132,15,112,83" hai2="24,102,109,38,121,10,115,72,84,14,135,13,118" hai3="89,50,5,119,127,8,17,0,41,96,43,65,55"/><T74/><D39/><U44/><E69/><V63/><F72/><W126/><G119/><T22/><D129/><U134/><E120/><V108/><F38/><W131/><G65/><T103/><D48/><U116/><E116/><V88/><F118/><W47/><G131/><T67/><D74/><U30/><E15/><V85/><F115/><N who="1" m="44073" /><E31/><V86/><F102/><W123/><G123/><T28/><D77/><U58/><E58/><V12/><F121/><W23/><G89/><T125/><D125/><N who="3" m="47625" /><G96/><T68/><D67/><U81/><E83/><V91/><F135/><W100/><G100/><T46/><D46/><U37/><E37/><V122/><F122/><W73/><G73/><T82/><D82/><U53/><E53/><V101/><F101/><W59/><G59/><T128/><D128/><U19/><E30/><V117/><F117/><W6/><G6/><T70/><D70/><U98/><E98/><V49/><F63/><W3/><G3/><T92/><D103/><U107/><E107/><V32/><F49/><W99/><G99/><T9/><D28/><U45/><E45/><V94/><F32/><W61/><G61/><T1/><REACH who="0" step="1"/><D9/><REACH who="0" ten="240,250,250,250" step="2"/><U34/><E44/><V124/><F124/><W104/><G104/><T51/><D51/><U7/><E36/><V111/><F10/><W113/><G113/><T26/><AGARI ba="0,1" hai="1,4,11,16,18,21,22,25,26,62,66,68,92,93" machi="26" ten="20,18000,2" yaku="1,1,0,1,7,1,9,1,52,1,54,1,53,0" doraHai="35" doraHaiUra="54" who="0" fromWho="0" sc="240,190,250,-60,250,-60,250,-60" /><INIT seed="0,1,0,2,2,80" ten="430,190,190,190" oya="0" hai0="135,78,17,46,88,58,10,45,120,92,87,48,84" hai1="116,33,72,32,106,6,11,5,91,117,131,41,66" hai2="134,24,3,29,93,111,75,23,85,95,82,94,128" hai3="55,89,35,39,59,12,124,2,36,64,56,28,21"/><T18/><D135/><U15/><E106/><V57/><F111/><W22/><G2/><T99/><D120/><U69/><E72/><V47/><F3/><W44/><G124/><T118/><D118/><U50/><E5/><V26/><F75/><W112/><G112/><T14/><D18/><U86/><E131/><V96/><F128/><W63/><G35/><T74/><D74/><U77/><E77/><V54/><F47/><N who="0" m="17930" /><D78/><U62/><E50/><V13/><F134/><W52/><G64/><T122/><D122/><U73/><E41/><V7/><F24/><W61/><G44/><T79/><D79/><U130/><E73/><V103/><F13/><W51/><G51/><T60/><D48/><U70/><E69/><V65/><F7/><W53/><G53/><AGARI ba="1,0" hai="10,14,17,53,58,60,84,87,88,92,99" m="17930" machi="53" ten="30,11600,0" yaku="8,1,52,2,54,1" doraHai="80" who="0" fromWho="3" sc="430,119,190,0,190,0,190,-119" /><INIT seed="0,2,0,3,1,95" ten="549,190,190,71" oya="0" hai0="67,26,118,96,62,0,88,18,126,106,116,58,79" hai1="131,36,87,56,49,104,28,111,107,41,9,44,20" hai2="73,54,52,98,70,82,83,12,97,16,92,38,117" hai3="128,17,102,32,68,66,1,25,124,31,119,24,4"/><T125/><D79/><U13/><E111/><V29/><F70/><W15/><G102/><T113/><D0/><U81/><E131/><V127/><F38/><W89/><G66/><T80/><D113/><U22/><E28/><V115/><F115/><W55/><G68/><T8/><D8/><U114/><E114/><V86/><F127/><N who="0" m="48650" /><D18/><U40/><E104/><V48/><F29/><W61/><G61/><T45/><D26/><U72/><E107/><V35/><F35/><W74/><G55/><N who="2" m="21033" /><F73/><W71/><G71/><T46/><D46/><N who="1" m="25799" /><E56/><V23/><F117/><W135/><G74/><T64/><D45/><U109/><E109/><V130/><F130/><W93/><G119/><T99/><D67/><U105/><E105/><V65/><F65/><W121/><G124/><T37/><D37/><U123/><E123/><V78/><F48/><W14/><G121/><T129/><D129/><U112/><E112/><V77/><F92/><W84/><G128/><T2/><D2/><U39/><E36/><V47/><F47/><W34/><G1/><T85/><D106/><U76/><E72/><V94/><F94/><W110/><G93/><T21/><D118/><U133/><E39/><V11/><F11/><W59/><G110/><T134/><D116/><U63/><E44/><V6/><F6/><W60/><G4/><T90/><D64/><U108/><E108/><V42/><F42/><W43/><G43/><T50/><D58/><U120/><E41/><V103/><F103/><W101/><G59/><T30/><D62/><U3/><E63/><V51/><F51/><W91/><G60/><RYUUKYOKU ba="2,0" sc="549,-10,190,-10,190,30,71,-10" hai2="12,16,23,77,78,82,83,86,97,98" /><INIT seed="1,3,0,5,2,10" ten="539,180,220,61" oya="1" hai0="14,67,131,121,40,85,37,59,69,128,109,36,112" hai1="25,120,15,9,34,111,62,82,90,78,44,98,58" hai2="42,91,28,94,24,108,119,117,30,41,23,60,110" hai3="129,115,20,22,127,76,2,5,68,53,134,13,93"/><U39/><E120/><V74/><F74/><W18/><G68/><T79/><D69/><U66/><E111/><N who="2" m="42539" /><F60/><W3/><G53/><T54/><D67/><U21/><E34/><V133/><F30/><W77/><G93/><T86/><D112/><U84/><E39/><V27/><F24/><W92/><G92/><T49/><D109/><U33/><E33/><V113/><F133/><W71/><G71/><T87/><D79/><U0/><E0/><V89/><F89/><W8/><G8/><T56/><D121/><U7/><E44/><V43/><F113/><W35/><G115/><T4/><D59/><U46/><E46/><V11/><F11/><W38/><G35/><T80/><D56/><U88/><E98/><AGARI ba="3,0" hai="23,27,28,41,42,43,91,94,98,117,119" m="42539" machi="98" ten="30,1000,0" yaku="14,1" doraHai="10" who="2" fromWho="1" sc="539,0,180,-19,220,19,61,0" /><INIT seed="2,0,0,2,3,99" ten="539,161,239,61" oya="2" hai0="119,16,25,37,98,97,44,43,10,45,17,9,1" hai1="26,122,68,28,40,105,72,46,47,52,103,4,14" hai2="93,38,22,89,56,53,121,19,12,116,86,107,32" hai3="73,30,85,132,120,83,95,18,109,130,96,69,123"/><V42/><F116/><W20/><G109/><T127/><D1/><U54/><E72/><V81/><F32/><W11/><G130/><T66/><D66/><U41/><E68/><V94/><F107/><W64/><G132/><T13/><D119/><U82/><E82/><V88/><F121/><W134/><G134/><T71/><D71/><U7/><E122/><V75/><F38/><W125/><G125/><T108/><D108/><U24/><E14/><V80/><F42/><W124/><G124/><T76/><D127/><U65/><E65/><V61/><REACH who="2" step="1"/><F75/><REACH who="2" ten="539,161,229,61" step="2"/><W59/><G73/><T49/><D37/><U87/><E105/><V3/><F3/><W58/><G123/><T57/><D43/><U91/><E41/><V50/><F50/><W133/><G120/><T90/><D49/><U33/><E40/><V118/><F118/><W27/><G133/><T79/><D45/><U104/><E46/><V100/><F100/><N who="3" m="60447" /><G69/><T60/><D44/><U111/><E47/><V74/><F74/><W0/><G0/><T8/><D57/><U63/><E111/><V117/><F117/><W21/><G59/><T15/><D60/><U110/><E110/><V102/><F102/><W129/><G58/><T113/><D113/><U55/><E63/><V48/><F48/><W101/><G101/><T115/><D115/><U62/><E103/><V77/><F77/><N who="3" m="46319" /><G129/><T135/><D135/><U92/><E104/><V128/><F128/><W35/><G64/><T131/><D131/><U126/><E126/><V84/><AGARI ba="0,1" hai="12,19,22,53,56,61,80,81,84,86,88,89,93,94" machi="84" ten="20,18000,2" yaku="1,1,0,1,7,1,9,1,8,1,54,1,53,0" doraHai="99" doraHaiUra="5" who="2" fromWho="2" sc="539,-60,161,-60,229,190,61,-60" /><INIT seed="2,1,0,3,2,70" ten="479,101,419,1" oya="2" hai0="117,115,75,125,90,27,10,119,20,58,37,122,123" hai1="120,83,112,82,102,98,17,22,54,126,66,45,43" hai2="12,86,62,101,113,59,16,116,19,55,32,91,39" hai3="26,44,3,77,40,61,49,60,21,121,53,100,42"/><V109/><F113/><W118/><G118/><N who="0" m="45067" /><D37/><U29/><E112/><V130/><F116/><W88/><G3/><T69/><D69/><U35/><E126/><V74/><F32/><W107/><G121/><T47/><D115/><U105/><E66/><V80/><F130/><W108/><G108/><T33/><D125/><U11/><E35/><V9/><F109/><W57/><G107/><T50/><D33/><U114/><E54/><V28/><F28/><N who="3" m="17487" /><G100/><T1/><D58/><U64/><E64/><V132/><F132/><W78/><G88/><T8/><D90/><U23/><E120/><N who="0" m="46121" /><D75/><U67/><E114/><V104/><F74/><W48/><G40/><N who="0" m="24935" /><D1/><U96/><E102/><V129/><F129/><W110/><G110/><T38/><D38/><U95/><E43/><V5/><REACH who="2" step="1"/><F39/><REACH who="2" ten="479,101,409,1" step="2"/><W24/><G24/><T124/><D124/><U65/><E105/><V36/><F36/><W106/><G106/><T134/><D134/><U85/><E95/><V0/><F0/><W92/><G92/><T7/><D7/><U15/><E83/><V4/><F4/><W71/><G71/><T63/><D63/><AGARI ba="1,1" hai="42,44,48,49,53,57,60,61,63,77,78" m="17487" machi="63" ten="30,1000,0" yaku="8,1" doraHai="70" who="3" fromWho="0" sc="479,-13,101,0,409,0,1,23" /><INIT seed="3,0,0,2,4,109" ten="466,101,409,24" oya="3" hai0="31,23,6,11,36,32,53,101,75,71,80,84,35" hai1="108,92,64,28,5,88,134,39,3,15,76,52,130" hai2="67,62,19,93,125,103,58,122,48,83,59,72,7" hai3="98,43,55,123,38,129,27,94,78,86,114,46,60"/><W44/><G123/><T47/><D71/><U33/><E3/><V51/><F125/><W29/><G129/><T56/><D75/><U132/><E39/><V21/><F122/><W13/><G114/><T95/><D47/><U26/><E64/><V116/><F116/><W0/><G0/><T63/><D36/><U73/><E108/><V9/><F59/><W45/><G13/><T111/><D111/><U117/><E130/><V79/><F103/><W37/><G37/><T54/><D54/><U41/><E41/><V16/><F93/><W25/><G25/><T18/><D31/><U99/><E76/><V14/><REACH who="2" step="1"/><F19/><REACH who="2" ten="466,101,399,24" step="2"/><W131/><G131/><T107/><D95/><U30/><E117/><V104/><F104/><W100/><G38/><T20/><D107/><U128/><E128/><V70/><F70/><W106/><G43/><T22/><D101/><U121/><E121/><V66/><F66/><W65/><G55/><T82/><D18/><U115/><E52/><V135/><F135/><W24/><G29/><T74/><D53/><U133/><E30/><V68/><F68/><W110/><G110/><T87/><D56/><U61/><E61/><V90/><F90/><W57/><REACH who="3" step="1"/><G106/><REACH who="3" ten="466,101,399,14" step="2"/><T119/><D119/><U40/><E40/><V10/><F10/><W81/><AGARI ba="0,2" hai="24,27,44,45,46,57,60,65,78,81,86,94,98,100" machi="81" ten="30,11700,0" yaku="1,1,2,1,0,1,8,1,53,0" doraHai="109" doraHaiUra="1" who="3" fromWho="3" sc="466,-39,101,-39,399,-39,14,137" /><INIT seed="3,1,0,5,0,57" ten="427,62,360,151" oya="3" hai0="66,5,86,94,44,81,131,129,85,48,73,25,39" hai1="61,54,106,30,9,33,97,102,4,75,11,109,119" hai2="101,89,31,116,43,1,23,34,72,0,29,67,51" hai3="8,53,130,99,64,82,83,32,124,65,114,107,3"/><W59/><G114/><T56/><D5/><U117/><E75/><V95/><F72/><W21/><G32/><T80/><D39/><U112/><E112/><V36/><F36/><W77/><G124/><T63/><D25/><N who="1" m="18639" /><E4/><V35/><F101/><W93/><G107/><T41/><D94/><U96/><E97/><V98/><F116/><N who="1" m="44617" /><E109/><V10/><F35/><W79/><G130/><N who="0" m="49675" /><D81/><U113/><E113/><V122/><F122/><W19/><G3/><T111/><D111/><U42/><E42/><V38/><F38/><W45/><G8/><T47/><D47/><U91/><E91/><V123/><F34/><W24/><G45/><T128/><D128/><U18/><E18/><V87/><F123/><W27/><G27/><T125/><D125/><U17/><E17/><V115/><F115/><W16/><G19/><T135/><D135/><U15/><E15/><V127/><F127/><W20/><G82/><T110/><D110/><U105/><E106/><V52/><F43/><W28/><G83/><T12/><D12/><U103/><E102/><V60/><F0/><W84/><G77/><AGARI ba="1,0" hai="41,44,48,56,63,66,73,77,80,85,86" m="49675" machi="77" ten="30,2000,0" yaku="19,1,52,1" doraHai="57" who="0" fromWho="3" sc="427,23,62,0,360,0,151,-23" /><INIT seed="4,0,0,0,5,83" ten="450,62,360,128" oya="0" hai0="34,117,133,131,61,40,111,42,74,25,100,86,20" hai1="84,116,103,24,78,75,121,32,14,22,115,105,110" hai2="98,7,19,120,28,46,59,124,57,134,33,4,10" hai3="62,118,11,132,45,77,18,13,17,65,122,43,126"/><T72/><D34/><U21/><E110/><V90/><F120/><W94/><G118/><T70/><D117/><U50/><E116/><V36/><F134/><W95/><G122/><T76/><D100/><U12/><E121/><V89/><F124/><W71/><G132/><T49/><D133/><U38/><E75/><V54/><F33/><W23/><G77/><T16/><D111/><U67/><E38/><V60/><F28/><W41/><G126/><T63/><D70/><U31/><E67/><V1/><F4/><W68/><G68/><T87/><D74/><U48/><E103/><V129/><F129/><W92/><REACH who="3" step="1"/><G45/><REACH who="3" ten="450,62,360,118" step="2"/><T99/><D76/><U93/><E115/><V56/><F46/><W29/><G29/><T73/><D131/><U2/><E32/><V109/><F109/><W0/><G0/><T97/><D73/><U30/><E2/><V128/><F1/><W102/><G102/><T80/><D72/><U9/><E105/><V101/><F128/><W112/><G112/><T55/><D42/><U127/><E127/><V85/><F101/><W123/><G123/><T81/><D40/><U79/><E31/><V125/><F125/><W69/><G69/><T15/><D99/><U107/><E107/><V58/><F98/><W108/><G108/><T82/><D97/><U26/><E30/><V8/><F90/><W113/><G113/><T39/><D87/><U135/><E135/><V3/><F85/><W6/><G6/><T5/><D86/><U47/><E84/><V51/><F89/><W44/><G44/><T27/><D5/><U88/><E47/><RYUUKYOKU ba="0,1" sc="450,-10,62,-10,360,-10,118,30" hai3="11,13,17,18,23,41,43,62,65,71,92,94,95" /><INIT seed="5,1,1,2,2,125" ten="440,52,350,148" oya="1" hai0="29,3,84,39,61,73,133,85,80,21,117,88,109" hai1="83,78,2,60,47,69,7,24,76,0,103,35,112" hai2="77,57,26,45,119,129,87,79,131,18,46,42,40" hai3="6,67,34,99,63,66,111,94,124,100,116,33,127"/><U75/><E112/><V90/><F119/><W44/><G116/><T74/><D3/><U36/><E78/><V98/><F98/><W89/><G111/><T70/><D39/><U25/><E103/><V20/><F57/><W38/><G6/><T58/><D70/><U64/><E25/><V130/><F45/><W91/><G67/><T12/><D109/><U128/><E7/><V86/><F86/><W37/><G37/><T97/><D97/><U11/><E11/><V121/><F121/><W105/><G38/><T4/><D85/><U53/><E53/><V17/><F18/><W110/><G44/><T101/><D84/><U52/><E128/><V48/><F42/><W14/><G14/><T51/><D12/><U82/><E83/><AGARI ba="1,1" hai="17,20,26,40,46,48,77,79,83,87,90,129,130,131" machi="83" ten="40,8000,1" yaku="19,1,52,3" doraHai="125" who="2" fromWho="1" sc="440,0,52,-83,350,93,148,0" owari="440,24.0,-31,-53.0,443,54.0,148,-25.0" /></mjloggm>