<mjloggm ver="2.3"><GO type="169" lobby="0"/><UN n0="%E7%99%BD%E9%B9%BF%E6%84%9B%E8%8E%89" n1="%E3%83%88%E3%83%88%E3%83%AA%E5%85%88%E7%94%9F%31%39%E6%AD%B3" n2="%53%48%49%53%55%4B%45" n3="%54%4C%49%43%30%33" dan="17,18,16,17" rate="2181.85,2229.12,2109.83,2148.13" sx="F,F,M,M"/><TAIKYOKU oya="0"/><INIT seed="0,0,0,4,2,66" ten="250,250,250,250" oya="0" hai0="93,91,1,134,36,20,34,31,130,26,5,43,67" hai1="110,74,29,115,128,106,81,127,28,73,124,84,6" hai2="55,135,33,59,17,54,40,89,86,71,92,119,52" hai3="109,3,23,64,100,70,111,51,131,14,95,132,63"/><T62/><D130/><U68/><E106/><V48/><F33/><W75/><G3/><T56/><D134/><U12/><E128/><V104/><F135/><W0/><G0/><T129/><D129/><U42/><E110/><N who="3" m="41994" /><G131/><T98/><D1/><U114/><E42/><V90/><F104/><W94/><G75/><N who="1" m="28682" /><E12/><V8/><F119/><W21/><G132/><T19/><D5/><U30/><E6/><V88/><F71/><W102/><G51/><T83/><D83/><U72/><E68/><V121/><F121/><W10/><G95/><T27/><D36/><U116/><E116/><V41/><F40/><W50/><G50/><T118/><D118/><U96/><E96/><V46/><F59/><W108/><G108/><T47/><REACH who="0" step="1"/><D43/><REACH who="0" ten="240,250,250,250" step="2"/><U44/><E81/><V38/><F38/><W39/><G39/><T79/><D79/><U49/><E114/><V123/><F123/><W85/><G102/><T107/><D107/><U61/><E115/><V65/><F65/><W11/><G100/><T87/><D87/><U25/><E84/><V99/><F86/><W97/><G85/><T126/><D126/><U122/><E72/><V103/><F103/><W82/><G82/><T78/><D78/><U45/><E122/><V117/><F117/><W37/><G37/><T113/><D113/><U32/><E124/><V35/><F35/><W57/><G94/><T4/><D4/><U76/><E127/><V7/><F7/><W18/><G97/><T77/><D77/><U69/><E76/><V16/><F8/><N who="3" m="3115" /><G21/><T125/><D125/><U22/><E32/><V2/><F2/><RYUUKYOKU ba="0,1" sc="240,10,250,-30,250,10,250,10" hai0="19,20,26,27,31,34,47,56,62,67,91,93,98" hai2="16,17,41,46,48,52,54,55,88,89,90,92,99" hai3="14,18,23,57,63,64,70" /><INIT seed="0,1,1,5,3,61" ten="250,220,260,260" oya="0" hai0="112,14,85,134,47,54,69,6,28,17,118,21,43" hai1="116,90,109,13,18,58,76,113,135,117,78,107,72" hai2="57,122,31,71,132,1,106,25,63,42,30,35,52" hai3="29,108,44,127,40,24,128,92,95,53,41,49,97"/><T65/><D112/><U101/><E113/><V111/><F122/><W87/><G108/><T64/><D118/><U105/><E109/><V102/><F111/><W50/><G128/><T98/><D134/><U10/><E135/><V115/><F132/><W15/><G127/><T129/><D129/><U94/><E107/><V96/><F115/><W89/><G15/><T2/><D69/><U81/><E78/><V60/><F1/><W70/><G70/><T83/><D54/><U59/><E59/><V130/><F31/><W126/><G126/><T88/><D28/><U121/><E121/><V45/><F130/><W82/><G95/><N who="0" m="56679" /><D2/><U86/><REACH who="1" step="1"/><E58/><REACH who="1" ten="250,210,260,260" step="2"/><V103/><F71/><W99/><G99/><AGARI ba="1,2" hai="10,13,18,72,76,81,86,90,94,99,101,105,116,117" machi="99" ten="40,8000,1" yaku="1,1,2,1,24,2,53,0" doraHai="61" doraHaiUra="125" who="1" fromWho="3" sc="250,0,210,103,260,0,260,-83" /><INIT seed="1,0,0,3,2,78" ten="250,313,260,177" oya="1" hai0="38,67,13,41,58,135,27,61,126,125,100,3,6" hai1="35,86,63,55,57,87,128,92,121,115,7,51,2" hai2="11,93,37,54,110,76,97,10,69,40,70,116,39" hai3="34,32,117,36,60,9,64,74,108,85,83,111,73"/><U42/><E115/><V106/><F106/><W46/><G9/><N who="0" m="4279" /><D3/><U29/><E121/><V47/><F116/><W71/><G117/><T8/><D100/><U79/><E128/><V53/><F110/><N who="3" m="42027" /><G85/><T131/><D131/><U95/><E7/><V98/><F76/><N who="3" m="44431" /><G74/><T122/><D135/><U24/><E2/><V118/><F118/><W105/><G105/><T127/><D122/><U114/><E114/><V23/><F93/><W31/><G31/><T43/><D8/><U50/><E86/><V81/><F23/><W62/><G60/><T21/><D38/><U124/><E124/><V33/><F47/><W59/><G59/><T44/><D44/><U17/><E17/><AGARI ba="0,0" hai="17,21,27,41,43,58,61,67,125,126,127" m="4279" machi="17" ten="30,1000,0" yaku="18,1" doraHai="78" who="0" fromWho="1" sc="250,10,313,-10,260,0,177,0" /><INIT seed="2,0,0,1,2,19" ten="260,303,260,177" oya="2" hai0="84,76,25,12,107,75,83,8,67,15,61,135,96" hai1="86,33,21,50,126,36,63,45,52,79,132,34,24" hai2="20,74,85,100,26,108,1,31,10,102,99,48,23" hai3="11,116,121,69,4,122,3,98,46,29,87,72,113"/><V133/><F74/><W81/><G87/><T92/><D135/><U103/><E132/><V55/><F133/><W35/><G116/><T44/><D44/><U27/><E126/><V17/><F108/><W16/><G113/><T14/><D107/><U2/><E2/><V106/><F100/><W131/><G131/><T68/><D25/><U39/><E103/><V13/><F85/><W43/><G98/><T32/><D32/><U56/><E27/><V97/><F97/><W5/><G16/><T54/><D54/><U105/><E105/><V7/><F55/><W119/><G5/><T89/><REACH who="0" step="1"/><D75/><REACH who="0" ten="250,303,260,177" step="2"/><U125/><E34/><V93/><REACH who="2" step="1"/><F48/><REACH who="2" ten="250,303,250,177" step="2"/><W78/><G119/><T18/><AGARI ba="0,2" hai="8,12,14,15,18,61,67,68,76,83,84,89,92,96" machi="18" ten="20,5200,0" yaku="1,1,2,1,0,1,7,1,53,0" doraHai="19" doraHaiUra="120" who="0" fromWho="0" sc="250,72,303,-13,250,-26,177,-13" /><INIT seed="3,0,0,1,5,80" ten="322,290,224,164" oya="3" hai0="29,14,66,134,35,20,67,21,93,33,114,25,112" hai1="26,77,108,5,52,74,90,18,61,59,17,54,45" hai2="85,121,123,72,0,107,95,48,129,105,4,118,63" hai3="91,16,2,51,86,88,19,130,132,56,3,75,13"/><W55/><G75/><T39/><D39/><U9/><E108/><V68/><F72/><W83/><G132/><T50/><D134/><U1/><E74/><V70/><F118/><W53/><G130/><T133/><D133/><U98/><E77/><V34/><F34/><N who="0" m="12810" /><D93/><U119/><E119/><V116/><F116/><W41/><G41/><T65/><D50/><U40/><E54/><V76/><F129/><W58/><G91/><T99/><D99/><U127/><E26/><V120/><F48/><W92/><G83/><T6/><D6/><U15/><E1/><V24/><F63/><W126/><G126/><T42/><D42/><U82/><E127/><V87/><F4/><W47/><G47/><T102/><D102/><U8/><E8/><V44/><F44/><W22/><G19/><N who="0" m="10359" /><D66/><U109/><E109/><V128/><F0/><W131/><G131/><T94/><D94/><U36/><REACH who="1" step="1"/><E98/><REACH who="1" ten="322,280,224,164" step="2"/><V110/><F110/><W125/><REACH who="3" step="1"/><G125/><REACH who="3" ten="322,280,224,154" step="2"/><T43/><D43/><U104/><E104/><N who="2" m="40011" /><F128/><W10/><G10/><T84/><D114/><U113/><E113/><V30/><F95/><W71/><G71/><N who="2" m="27177" /><F76/><W100/><G100/><T117/><D112/><U12/><E12/><V46/><F46/><W135/><G135/><T49/><D117/><U103/><E103/><V60/><F120/><W106/><G106/><T23/><D29/><U69/><E69/><V122/><F30/><W97/><G97/><T32/><D65/><U78/><E78/><V115/><F115/><W79/><G79/><T37/><D67/><U27/><E27/><V81/><F24/><W57/><G57/><RYUUKYOKU ba="0,2" sc="322,-15,280,15,224,-15,154,15" hai1="5,9,15,17,18,36,40,45,52,59,61,82,90" hai3="2,3,13,16,22,51,53,55,56,58,86,88,92" /><INIT seed="3,1,2,5,5,16" ten="307,295,209,169" oya="3" hai0="127,71,131,33,124,102,132,108,77,51,28,100,76" hai1="5,44,135,119,49,54,79,55,63,122,129,73,95" hai2="11,45,118,98,91,3,86,25,93,97,69,65,80" hai3="105,46,0,110,128,103,56,50,90,18,39,84,20"/><W40/><G0/><T30/><D108/><U104/><E122/><V116/><F45/><W32/><G32/><T96/><D71/><U123/><E123/><V12/><F3/><W17/><G17/><T117/><D117/><U4/><E104/><V52/><F65/><W101/><G105/><T106/><D132/><U88/><E135/><V75/><F69/><W94/><G110/><T109/><D109/><U68/><E129/><V125/><F75/><W14/><G128/><T7/><D131/><U27/><E119/><V133/><F133/><W78/><G78/><N who="0" m="30315" /><D33/><U59/><E68/><V41/><F41/><W114/><G114/><T67/><D102/><U134/><E134/><V15/><F98/><W74/><G74/><T47/><D67/><U85/><REACH who="1" step="1"/><E27/><REACH who="1" ten="307,285,209,169" step="2"/><V24/><F116/><W130/><G130/><T13/><D127/><U111/><E111/><V53/><F125/><W31/><G31/><T92/><D106/><U121/><E121/><V38/><F118/><W42/><G42/><N who="0" m="25079" /><D124/><U66/><E66/><V1/><F25/><W21/><G21/><T29/><D30/><U61/><E61/><V48/><F24/><W57/><G57/><T72/><D72/><U81/><AGARI ba="1,3" hai="4,5,44,49,54,55,59,63,73,79,81,85,88,95" machi="81" ten="30,4000,0" yaku="1,1,0,1,54,1,53,0" doraHai="16" doraHaiUra="6" who="1" fromWho="1" sc="307,-11,285,73,209,-11,169,-21" /><INIT seed="4,0,0,4,5,6" ten="296,358,198,148" oya="0" hai0="124,107,32,12,78,5,118,7,48,93,99,16,133" hai1="95,97,123,10,56,18,55,45,119,15,135,75,17" hai2="128,34,33,63,47,11,66,9,82,86,90,13,101" hai3="88,113,91,41,49,50,30,39,20,85,57,126,21"/><T26/><D118/><U3/><E119/><V53/><F128/><W60/><G113/><T51/><D107/><U89/><E123/><V64/><F34/><W65/><G39/><T112/><D112/><U24/><E75/><V37/><F33/><W29/><G126/><T80/><D133/><U122/><E122/><V73/><F101/><W83/><G91/><T134/><D134/><U40/><E135/><V28/><F73/><W131/><G131/><T92/><D26/><U108/><E108/><V35/><F35/><W120/><G120/><T106/><D106/><U72/><E72/><V104/><F104/><W42/><G21/><T31/><D31/><N who="3" m="11785" /><G20/><T74/><D32/><U44/><E3/><V98/><F28/><W61/><G61/><T71/><D71/><U22/><E40/><AGARI ba="0,0" hai="40,41,42,49,50,57,60,65,83,85,88" m="11785" machi="40" ten="30,2000,0" yaku="8,1,54,1" doraHai="6" who="3" fromWho="1" sc="296,0,358,-20,198,0,148,20" /><INIT seed="5,0,0,5,2,96" ten="296,338,198,168" oya="1" hai0="120,67,88,33,70,91,32,116,112,100,121,102,104" hai1="60,75,40,79,105,7,126,93,77,22,45,18,72" hai2="69,113,68,65,99,20,58,8,110,125,11,1,82" hai3="28,30,66,101,53,2,50,42,24,31,39,103,57"/><U0/><E105/><V133/><F110/><W13/><G2/><T114/><D116/><U83/><E126/><V122/><F122/><N who="0" m="47210" /><D67/><U47/><E60/><V3/><F125/><W15/><G24/><T52/><D70/><U51/><E0/><V9/><F58/><W115/><G115/><N who="0" m="44075" /><D52/><U26/><E7/><V130/><F113/><W4/><G66/><T95/><D91/><U48/><E93/><V17/><F65/><W12/><REACH who="3" step="1"/><G4/><REACH who="3" ten="296,338,198,158" step="2"/><T84/><D104/><U44/><E26/><N who="2" m="14607" /><F69/><W64/><G64/><T5/><D5/><U119/><E119/><V37/><F68/><W46/><AGARI ba="0,1" hai="12,13,15,28,30,31,39,42,46,50,53,57,101,103" machi="46" ten="40,8000,1" yaku="1,1,0,1,52,2,53,0" doraHai="96" doraHaiUra="34" who="3" fromWho="3" sc="296,-20,338,-40,198,-20,158,90" /><INIT seed="6,0,0,2,0,1" ten="276,298,178,248" oya="2" hai0="82,55,37,80,4,87,122,133,39,22,24,43,32" hai1="110,38,71,27,9,2,103,83,117,54,98,40,100" hai2="0,51,58,96,74,105,35,111,75,6,66,76,132" hai3="47,53,14,45,114,120,60,25,126,30,91,42,78"/><V34/><F111/><W36/><G120/><T21/><D122/><U5/><E110/><V99/><F132/><W65/><G126/><T92/><D133/><U18/><E117/><V129/><F129/><W113/><G78/><T57/><D32/><U56/><E71/><V130/><F130/><W119/><G119/><T123/><D123/><U94/><E38/><V85/><F34/><W17/><G91/><T15/><D43/><U23/><E40/><V68/><F35/><W131/><G131/><T46/><D46/><U13/><E83/><V121/><F121/><W64/><G25/><T26/><D92/><U106/><E106/><V101/><F85/><W135/><G30/><N who="0" m="17679" /><D39/><U108/><E108/><V29/><F29/><W50/><G135/><T44/><D44/><U124/><E124/><V8/><F76/><W89/><G89/><T115/><D37/><U90/><E2/><V79/><F79/><W112/><REACH who="3" step="1"/><G60/><AGARI ba="0,0" hai="5,9,13,18,23,27,54,56,60,90,94,98,100,103" machi="60" ten="30,8000,1" yaku="7,1,25,2,8,1,52,1" doraHai="1" who="1" fromWho="3" sc="276,0,298,80,178,0,248,-80" /><INIT seed="7,0,0,1,4,19" ten="276,378,178,168" oya="3" hai0="27,45,77,13,121,26,117,12,39,65,17,42,108" hai1="106,10,6,100,3,21,16,95,103,78,66,20,101" hai2="81,30,46,82,52,61,59,54,116,35,22,107,15" hai3="2,111,25,88,50,29,51,56,33,24,14,93,126"/><W132/><G2/><T109/><D117/><U115/><E115/><V18/><F116/><W34/><G132/><T90/><D121/><U91/><E106/><V85/><F107/><W4/><G126/><T112/><D112/><U94/><E78/><N who="2" m="46263" /><F35/><W8/><G111/><T71/><D77/><U60/><E16/><V64/><F82/><W135/><G135/><T69/><D13/><N who="1" m="5335" /><E94/><V102/><F102/><W120/><G120/><T31/><D90/><U49/><E3/><V36/><F36/><W28/><REACH who="3" step="1"/><G56/><REACH who="3" ten="276,378,178,158" step="2"/><T113/><D109/><U128/><E128/><V32/><F32/><W0/><G0/><T92/><D108/><U58/><E49/><N who="2" m="28727" /><F30/><W98/><AGARI ba="0,1" hai="4,8,14,24,25,28,29,33,34,50,51,88,93,98" machi="98" ten="20,12000,1" yaku="1,1,0,1,7,1,9,1,54,1,53,0" doraHai="19" doraHaiUra="96" who="3" fromWho="3" sc="276,-40,378,-40,178,-40,158,130" /><INIT seed="7,1,0,5,4,87" ten="236,338,138,288" oya="3" hai0="46,80,72,15,14,89,56,118,104,129,127,132,78" hai1="113,83,94,131,86,101,51,67,29,16,25,37,34" hai2="31,117,125,110,92,121,112,61,60,9,66,130,108" hai3="64,85,2,22,27,76,8,75,126,42,52,18,48"/><W111/><G75/><T32/><D32/><U7/><E37/><V57/><F117/><W40/><G126/><T69/><D69/><U55/><E113/><V6/><F112/><W59/><G111/><T41/><D118/><U24/><E131/><V35/><F125/><W115/><G115/><T95/><D104/><U119/><E119/><V43/><F130/><W134/><G134/><T20/><D127/><U93/><E67/><V135/><F135/><W71/><G71/><T70/><D70/><U114/><E114/><V109/><F121/><W17/><G64/><T4/><D132/><U123/><E123/><V10/><F43/><W26/><G2/><T38/><D20/><N who="1" m="15527" /><E7/><V74/><F74/><W62/><G62/><T103/><D103/><U128/><E101/><V3/><F31/><W124/><G124/><T0/><D56/><N who="1" m="32895" /><E34/><V23/><F35/><W28/><G18/><T65/><D65/><U91/><E128/><V84/><F61/><W68/><G68/><T47/><D47/><U63/><E63/><V36/><F36/><W120/><G120/><T50/><D50/><U53/><E53/><V33/><F33/><W39/><G39/><T58/><D58/><U44/><E44/><V12/><F23/><AGARI ba="1,0" hai="16,23,24,83,86,91,93,94" m="32895,15527" machi="23" ten="30,3900,0" yaku="8,1,52,1,54,1" doraHai="87" who="1" fromWho="2" sc="236,0,338,42,138,-42,288,0" owari="236,-16.0,380,47.0,96,-40.0,288,9.0" /></mjloggm>