<mjloggm ver="2.3"><GO type="169" lobby="0"/><UN n0="%E5%B0%B1%E6%B4%BB%E7%94%9F%40%E5%B7%9D%E6%9D%91%E8%BB%8D%E5%9B%A3" n1="%E7%A0%B4%E5%B9%BB" n2="%40%E7%B4%94%E3%81%A1%E3%82%83%E3%82%93" n3="%E9%9D%92%E7%8C%AB" dan="17,16,16,17" rate="2136.07,2162.03,2132.49,2128.70" sx="M,F,M,M"/><TAIKYOKU oya="0"/><INIT seed="0,0,0,0,5,34" ten="250,250,250,250" oya="0" hai0="86,101,49,134,105,115,48,76,10,90,93,82,89" hai1="60,98,129,77,26,36,35,100,31,120,81,124,20" hai2="1,64,50,23,84,63,126,70,62,118,99,52,46" hai3="78,41,33,97,92,38,27,18,123,122,87,117,56"/><T7/><D115/><U22/><E36/><V42/><F1/><W73/><G73/><T111/><D134/><U121/><E129/><V116/><F84/><W5/><G117/><N who="2" m="45161" /><F23/><W13/><G56/><T29/><D29/><U30/><E124/><V25/><F25/><W95/><G41/><T88/><D111/><U4/><E4/><V103/><F99/><W2/><G38/><T107/><D107/><U104/><E31/><V106/><F103/><W91/><G27/><T44/><D44/><U130/><E130/><V58/><F106/><W67/><G67/><T83/><D105/><U17/><E20/><V125/><AGARI ba="0,0" hai="42,46,50,52,58,62,63,64,70,125,126" m="45161" machi="125" ten="30,7900,0" yaku="12,1,34,2,54,1" doraHai="34" who="2" fromWho="2" sc="250,-39,250,-20,250,79,250,-20" /><INIT seed="1,0,0,1,4,82" ten="211,230,329,230" oya="1" hai0="132,41,127,56,14,88,58,87,49,50,74,53,57" hai1="95,101,59,109,64,77,108,71,85,62,40,26,55" hai2="11,22,76,123,134,93,114,20,38,128,78,126,6" hai3="65,99,70,0,37,94,102,60,30,18,124,4,7"/><U89/><E77/><N who="2" m="29803" /><F38/><W113/><G37/><T106/><D127/><U1/><E1/><V2/><F123/><W66/><G113/><T61/><D132/><U29/><E40/><V35/><F35/><W27/><G124/><T83/><D106/><U42/><E42/><V105/><F105/><W129/><G129/><T84/><D74/><U43/><E43/><V28/><F126/><W122/><G122/><T116/><D116/><U5/><E5/><V121/><F121/><W80/><G0/><T51/><D14/><U9/><E9/><V104/><F104/><W31/><G66/><T86/><D41/><U68/><E101/><V34/><F34/><W69/><G69/><T23/><D23/><N who="1" m="15583" /><E64/><V45/><F45/><W46/><G46/><T97/><D83/><U92/><E95/><AGARI ba="0,0" hai="49,50,51,53,56,57,58,61,84,86,87,88,95,97" machi="95" ten="40,8000,1" yaku="8,1,52,3,54,1" doraHai="82" who="0" fromWho="1" sc="211,80,230,-80,329,0,230,0" /><INIT seed="2,0,0,4,1,10" ten="291,150,329,230" oya="2" hai0="40,13,119,47,132,111,87,104,6,82,60,41,77" hai1="31,84,93,125,102,83,19,122,70,65,20,59,103" hai2="88,42,92,32,76,34,80,53,52,118,100,129,46" hai3="14,33,79,127,67,50,126,74,91,98,94,123,51"/><V18/><F118/><W97/><G33/><T64/><D132/><U72/><E72/><V96/><F129/><W130/><G123/><T85/><D111/><U23/><E70/><V38/><F18/><W106/><G130/><T24/><D104/><U3/><E3/><V5/><F5/><W49/><G67/><T56/><D119/><U109/><E109/><V28/><F100/><N who="1" m="38441" /><E122/><V66/><F66/><W110/><G110/><T114/><D114/><U27/><E125/><N who="3" m="47626" /><G106/><T44/><D24/><N who="1" m="16775" /><E93/><V78/><F78/><W12/><G98/><T117/><D85/><U15/><E65/><V35/><REACH who="2" step="1"/><F28/><REACH who="2" ten="291,150,319,230" step="2"/><W0/><G0/><T134/><BYE who="3" /><D117/><U9/><E59/><V58/><F58/><W63/><G63/><T112/><D112/><U30/><E30/><V8/><F8/><W89/><G89/><T22/><D56/><U135/><E135/><UN n3="%E9%9D%92%E7%8C%AB" /><V69/><F69/><W107/><G107/><T113/><D60/><U68/><E68/><V36/><F36/><W81/><AGARI ba="0,1" hai="12,14,49,50,51,74,79,81,91,94,97" m="47626" machi="81" ten="40,5200,0" yaku="18,1,52,2" doraHai="10" who="3" fromWho="3" sc="291,-13,150,-13,319,-26,230,62" /><INIT seed="3,0,0,4,1,47" ten="278,137,293,292" oya="3" hai0="38,89,24,95,98,79,77,134,20,91,31,113,82" hai1="126,118,19,85,21,11,40,84,9,42,100,56,18" hai2="76,71,112,125,92,62,22,65,131,88,44,30,81" hai3="34,109,75,69,37,16,53,106,41,25,12,60,32"/><W17/><G106/><T74/><D134/><U29/><E126/><V64/><F112/><W110/><G75/><T58/><D113/><U7/><E118/><V36/><F65/><N who="3" m="41127" /><G41/><N who="1" m="15978" /><E100/><V124/><F131/><W116/><G37/><T49/><D38/><U13/><E29/><V107/><F107/><W123/><G123/><T117/><D117/><U59/><E7/><V104/><F104/><W1/><G1/><T97/><D74/><U87/><E21/><V96/><F44/><W52/><G116/><T23/><D20/><U129/><E129/><V46/><F46/><W78/><G78/><T26/><D26/><U122/><E122/><V133/><F36/><W68/><G68/><T73/><D73/><U135/><E135/><V111/><F133/><W94/><G94/><N who="0" m="56527" /><D82/><U83/><E83/><V70/><F70/><W63/><G17/><N who="1" m="6154" /><E13/><V43/><F43/><W80/><G80/><T115/><D115/><U0/><E0/><V48/><F125/><W39/><G39/><T66/><D66/><U51/><E51/><V6/><F124/><W93/><G93/><T27/><D27/><U14/><E14/><V67/><F67/><W121/><G121/><T119/><D119/><U5/><E5/><V90/><F92/><W101/><G101/><T35/><D35/><U108/><E108/><N who="3" m="41578" /><G63/><T130/><D130/><U127/><E127/><V128/><F62/><W99/><G25/><T28/><D28/><U15/><E15/><V114/><F128/><W4/><G4/><T103/><D103/><U120/><E120/><V33/><F111/><W3/><G3/><T50/><D50/><RYUUKYOKU ba="0,0" sc="278,15,137,15,293,-15,292,-15" hai0="23,24,31,49,58,77,79,91,95,98" hai1="9,11,56,59,84,85,87" /><INIT seed="4,1,0,4,4,19" ten="293,152,278,277" oya="0" hai0="89,65,64,81,40,50,96,42,79,125,6,68,57" hai1="49,115,84,72,75,13,60,102,132,110,92,131,74" hai2="101,14,17,108,103,59,0,39,134,111,27,133,38" hai3="47,135,69,33,52,31,34,15,100,63,112,105,87"/><T90/><D125/><U82/><E110/><N who="2" m="42027" /><F0/><W8/><G112/><T119/><D119/><U29/><E29/><V36/><F27/><W126/><G126/><T46/><D68/><U80/><E115/><V56/><F17/><W130/><G130/><T66/><D6/><U120/><E120/><V109/><F14/><W24/><G135/><N who="2" m="51721" /><F109/><W98/><G87/><T85/><D40/><U76/><E132/><V117/><F117/><W5/><G47/><T44/><D44/><U54/><E131/><V118/><F118/><W1/><G15/><T30/><D57/><AGARI ba="1,0" hai="36,38,39,56,57,59,101,103" m="51721,42027" machi="57" ten="40,5200,0" yaku="28,2,20,1" doraHai="19" who="2" fromWho="0" sc="293,-55,152,0,278,55,277,0" /><INIT seed="5,0,0,4,4,47" ten="238,152,333,277" oya="1" hai0="73,114,45,69,124,0,126,113,134,88,74,119,128" hai1="125,48,110,55,93,63,65,102,129,22,34,103,71" hai2="68,79,59,67,61,80,3,24,50,92,76,20,89" hai3="131,15,108,4,32,56,121,78,29,75,116,82,87"/><U28/><E34/><V64/><F3/><W115/><G108/><T112/><D0/><U16/><E110/><V105/><F105/><W57/><G121/><T30/><D69/><U104/><E104/><V43/><F67/><W94/><G116/><T100/><D119/><U135/><E135/><V23/><F23/><W91/><G115/><T58/><D30/><U33/><E129/><V60/><F60/><W9/><G131/><T120/><D128/><U49/><E125/><N who="0" m="48233" /><D58/><N who="1" m="35295" /><E33/><V107/><F107/><W101/><G101/><N who="1" m="38410" /><E71/><V51/><F43/><W72/><G72/><N who="0" m="27755" /><D100/><U8/><E65/><V14/><F14/><W85/><G75/><T123/><D134/><U83/><E83/><V122/><F68/><W90/><G78/><N who="2" m="29737" /><F80/><W97/><G32/><T111/><D111/><U19/><E93/><V37/><F37/><W84/><G29/><T44/><D88/><U38/><E38/><V17/><F122/><AGARI ba="0,0" hai="44,45,112,113,114,120,122,123" m="27755,48233" machi="122" ten="40,8000,1" yaku="28,2,15,1,13,1,18,1" doraHai="47" who="0" fromWho="2" sc="238,80,152,0,333,-80,277,0" /><INIT seed="6,0,0,5,1,16" ten="318,152,253,277" oya="2" hai0="3,2,82,44,4,106,15,132,90,52,89,27,128" hai1="41,38,94,69,85,124,125,109,119,98,62,111,135" hai2="19,59,7,32,74,8,93,13,51,34,116,101,86" hai3="99,45,49,28,11,100,122,71,70,14,57,75,80"/><V129/><F116/><W46/><G122/><T67/><D106/><U9/><E9/><V22/><F74/><W42/><G28/><T114/><D67/><N who="1" m="41207" /><E85/><V77/><F129/><W21/><G57/><T79/><D114/><U37/><E94/><V35/><F101/><W92/><G46/><T1/><D132/><U36/><E98/><V95/><F77/><W29/><G75/><T63/><D128/><U133/><E41/><V121/><F121/><W88/><G71/><T127/><D127/><N who="1" m="48715" /><E119/><V39/><F39/><W60/><G80/><T50/><D27/><U134/><AGARI ba="0,0" hai="36,37,38,109,111,133,134,135" m="48715,41207" machi="134" ten="50,8000,1" yaku="20,1,18,1,23,1,34,2" doraHai="16" who="1" fromWho="1" sc="318,-20,152,80,253,-40,277,-20" /><INIT seed="7,0,0,3,3,128" ten="298,232,213,257" oya="3" hai0="127,111,100,44,66,85,61,118,16,115,90,22,40" hai1="135,131,120,72,11,109,34,12,45,65,105,114,102" hai2="17,27,99,53,122,36,15,68,80,9,75,47,5" hai3="121,104,8,52,4,13,95,58,74,62,106,110,42"/><W54/><G74/><T87/><D111/><U125/><RYUUKYOKU type="yao9" ba="0,0" sc="298,0,232,0,213,0,257,0" hai1="11,12,34,45,65,72,102,105,109,114,120,125,131,135" /><INIT seed="7,1,0,5,5,92" ten="298,232,213,257" oya="3" hai0="87,21,125,62,132,50,66,65,85,41,25,56,105" hai1="104,16,3,74,52,9,8,55,78,88,97,23,12" hai2="131,98,84,120,39,48,95,108,114,14,13,49,10" hai3="86,60,79,110,81,38,11,102,72,96,121,40,106"/><W122/><G110/><T130/><D105/><U24/><E3/><V0/><F39/><W29/><G29/><T112/><D112/><U67/><E67/><V44/><F108/><W77/><G60/><T64/><D130/><U46/><E74/><V51/><F131/><W1/><G79/><T99/><D99/><U91/><E78/><V103/><F114/><W111/><G86/><N who="0" m="32779" /><D132/><U123/><E123/><V53/><F120/><W128/><G111/><T30/><D125/><U33/><E33/><V109/><F109/><W36/><G128/><T115/><D115/><U73/><E73/><V135/><F135/><W124/><G124/><T15/><D15/><N who="1" m="7271" /><E104/><V45/><F84/><W2/><G2/><T83/><D83/><U57/><E46/><AGARI ba="1,0" hai="21,25,30,41,46,50,56,62,64,65,66" m="32779" machi="46" ten="30,1000,0" yaku="8,1" doraHai="92" who="0" fromWho="1" sc="298,13,232,-13,213,0,257,0" owari="311,41.0,219,-18.0,213,-29.0,257,6.0" /></mjloggm>