<mjloggm ver="2.3"><GO type="169" lobby="0"/><UN n0="%E3%83%9E%E3%82%B8%E3%81%8D%E3%82%8C%E3%81%9D%E3%81%86%EF%BC%81" n1="%E3%82%BF%EF%BD%9E%E5%9D%8A" n2="%E6%9A%97%E3%81%84%E7%AC%A6" n3="%E5%B0%B1%E6%B4%BB%E7%94%9F%40%E5%B7%9D%E6%9D%91%E8%BB%8D%E5%9B%A3" dan="16,16,17,17" rate="2165.95,2115.17,2166.68,2190.97" sx="M,M,M,M"/><TAIKYOKU oya="0"/><INIT seed="0,0,0,3,3,55" ten="250,250,250,250" oya="0" hai0="34,31,22,11,0,94,46,120,109,90,19,69,49" hai1="125,36,81,38,132,20,53,95,51,33,99,100,114" hai2="118,79,25,45,112,104,32,48,6,82,42,127,130" hai3="3,5,96,64,4,116,70,30,66,10,85,68,124"/><T88/><D120/><U40/><E33/><V76/><F104/><W14/><G116/><T17/><D69/><U102/><E125/><V101/><F101/><W133/><G124/><T9/><D109/><U80/><E132/><V67/><F112/><W115/><G115/><T106/><D106/><U37/><E114/><V1/><F130/><W8/><G133/><T126/><D126/><U29/><E40/><V111/><F79/><W107/><G30/><T121/><D34/><U39/><N who="1" m="9216" /><DORA hai="62" /><U44/><REACH who="1" step="1"/><E100/><REACH who="1" ten="250,240,250,250" step="2"/><V16/><F32/><W78/><G70/><T84/><D121/><U65/><E65/><V105/><F67/><W110/><G68/><T128/><D128/><U47/><E47/><V56/><F45/><W129/><G110/><T60/><D0/><U18/><E18/><V24/><F16/><W83/><G129/><T75/><D19/><U63/><E63/><V12/><F1/><W89/><G107/><T21/><D60/><U86/><E86/><V91/><F42/><W13/><G3/><T28/><D17/><U59/><E59/><V26/><F56/><W23/><G23/><T113/><D46/><U117/><E117/><V58/><F58/><W119/><G119/><T93/><D84/><U123/><E123/><V74/><F118/><W15/><G15/><T43/><D43/><U71/><E71/><V97/><F111/><W103/><G103/><T108/><D113/><U27/><AGARI ba="0,1" hai="20,27,29,44,51,53,80,81,95,99,102" m="9216" machi="27" ten="60,4000,0" yaku="1,1,0,1,53,0" doraHai="55,62" doraHaiUra="135,131" who="1" fromWho="1" sc="250,-20,240,50,250,-10,250,-10" /><INIT seed="1,0,0,5,1,76" ten="230,290,240,240" oya="1" hai0="105,17,85,46,80,107,25,15,49,66,78,54,114" hai1="129,132,112,21,69,123,37,120,55,131,11,31,50" hai2="29,47,3,133,10,8,59,13,43,65,100,122,67" hai3="63,6,99,34,98,116,75,119,104,33,61,52,1"/><U102/><E69/><V135/><F100/><W77/><G1/><T26/><D114/><U70/><E70/><V117/><F117/><N who="3" m="45131" /><G6/><T41/><D66/><U124/><E37/><V23/><F122/><W91/><G63/><T5/><D5/><U115/><E102/><V94/><F3/><W14/><G14/><T51/><D107/><U9/><E124/><V7/><F8/><N who="1" m="3145" /><E132/><N who="2" m="50763" /><F94/><N who="3" m="56671" /><G99/><T74/><D74/><U60/><E60/><V44/><F59/><N who="3" m="35047" /><G104/><T64/><D64/><N who="2" m="24650" /><F43/><W27/><G27/><AGARI ba="0,0" hai="7,10,13,23,27,29,44,47" m="24650,50763" machi="27" ten="30,1000,0" yaku="20,1" doraHai="76" who="2" fromWho="3" sc="230,0,290,0,240,10,240,-10" /><INIT seed="2,0,0,1,4,119" ten="230,290,250,230" oya="2" hai0="25,107,121,56,49,73,103,100,43,44,45,22,122" hai1="23,20,99,134,59,8,53,40,74,47,4,65,77" hai2="93,68,64,110,124,85,0,9,130,3,15,6,18" hai3="127,98,91,118,126,1,57,128,48,5,31,72,120"/><V82/><F68/><W41/><G118/><T13/><D73/><U66/><E134/><V117/><F64/><W89/><G72/><T94/><D107/><U17/><E99/><V14/><F117/><W39/><G31/><T63/><D13/><N who="1" m="5255" /><E77/><V90/><F130/><W81/><G128/><T95/><D44/><U83/><E83/><V26/><F124/><W97/><G39/><T108/><D108/><U35/><E35/><V46/><F26/><W88/><G81/><T7/><D7/><U29/><E29/><V114/><F114/><W50/><G5/><T133/><D133/><U96/><E96/><V69/><F69/><W105/><G1/><T38/><D38/><U78/><E78/><V28/><F28/><W113/><G113/><T75/><D75/><U104/><E104/><V135/><F135/><W16/><G105/><T123/><D95/><U101/><E101/><V111/><F93/><W36/><G36/><T115/><D115/><U112/><E20/><N who="2" m="11351" /><F46/><W19/><G91/><T132/><D132/><U34/><E34/><V33/><F33/><W24/><G24/><T10/><D10/><U12/><E112/><V86/><F85/><W129/><G129/><T106/><D106/><U80/><E80/><V30/><F30/><W2/><G2/><T116/><D116/><U51/><E74/><V131/><F131/><W87/><G87/><T71/><D71/><U61/><AGARI ba="0,0" hai="12,17,23,40,47,51,53,59,61,65,66" m="5255" machi="61" ten="30,1100,0" yaku="8,1" doraHai="119" who="1" fromWho="1" sc="230,-3,290,11,250,-5,230,-3" /><INIT seed="3,0,0,0,1,32" ten="227,301,245,227" oya="3" hai0="40,93,69,73,0,76,53,97,42,59,108,113,78" hai1="7,29,118,25,106,41,18,64,1,16,109,88,77" hai2="84,39,63,57,3,104,12,83,34,132,17,4,71" hai3="120,116,91,82,72,66,131,114,21,8,85,129,80"/><W47/><G66/><T121/><D121/><U28/><E106/><V35/><F39/><W92/><G21/><T124/><D69/><U24/><E77/><V98/><F71/><W127/><G47/><T107/><D107/><U115/><E41/><V20/><F104/><W130/><G8/><T75/><D124/><U103/><E103/><V11/><F98/><W14/><G14/><T100/><D0/><U111/><E64/><V31/><F132/><W22/><G22/><T119/><D119/><U62/><E62/><V70/><F70/><W51/><G51/><T15/><D113/><U81/><E81/><N who="3" m="31338" /><G114/><T13/><D42/><U101/><E88/><V60/><F60/><W61/><G61/><T36/><D40/><U96/><E96/><V44/><F31/><N who="1" m="11849" /><E101/><V10/><F10/><W123/><G72/><T27/><D75/><U30/><E118/><V5/><F5/><W102/><G116/><T135/><D73/><U95/><E95/><V49/><F49/><W19/><G19/><N who="1" m="7210" /><E115/><V86/><F44/><W6/><G6/><T133/><D36/><U43/><E43/><V26/><F4/><W122/><G102/><T54/><D100/><U112/><E112/><V58/><F58/><W48/><G48/><T9/><D59/><U52/><E52/><V94/><F63/><W74/><G74/><T105/><D54/><U33/><E25/><V68/><F26/><W37/><G37/><T79/><D27/><U23/><E33/><V117/><F57/><W110/><G110/><T87/><D108/><U56/><E56/><V89/><F117/><W50/><G50/><RYUUKYOKU ba="0,0" sc="227,-15,301,15,245,-15,227,15" hai1="1,7,23,24,30,109,111" hai3="85,91,92,120,122,123,127,129,130,131" /><INIT seed="3,1,0,3,4,16" ten="212,316,230,242" oya="3" hai0="44,22,102,130,33,0,51,69,78,76,133,120,135" hai1="46,118,111,42,8,45,61,77,2,12,7,108,123" hai2="62,125,89,110,6,90,116,11,20,67,96,115,15" hai3="10,79,29,70,37,94,60,49,41,97,21,55,9"/><W109/><G37/><T39/><D33/><U48/><E123/><V28/><F116/><W105/><G105/><T82/><D69/><U30/><E118/><V117/><F117/><W64/><G79/><T98/><D0/><U88/><E77/><V24/><F115/><W92/><G41/><T87/><D39/><U114/><E114/><V53/><F125/><W73/><G73/><T112/><D120/><U68/><E30/><V71/><F110/><N who="1" m="42025" /><E45/><V131/><F131/><W14/><G109/><T103/><D112/><U126/><E126/><V23/><F53/><W65/><G65/><T50/><D130/><U124/><E124/><V134/><F134/><W1/><G1/><T40/><D78/><U107/><E107/><V75/><F75/><W57/><G92/><T13/><D51/><U95/><E2/><V101/><REACH who="2" step="1"/><F23/><REACH who="2" ten="212,316,220,242" step="2"/><W129/><G129/><T66/><D66/><U27/><E42/><V121/><F121/><W36/><G36/><T113/><D113/><U132/><E132/><V58/><F58/><N who="3" m="33135" /><G70/><T26/><D135/><U91/><E68/><V63/><F63/><W35/><G35/><T106/><D133/><U17/><E61/><V72/><F72/><W93/><G60/><T80/><D40/><U59/><E59/><V99/><F99/><W54/><G64/><T86/><D98/><U122/><E122/><V31/><F31/><W19/><G97/><T5/><D50/><U127/><E127/><V18/><F18/><W32/><G32/><T81/><D22/><N who="1" m="13775" /><E48/><V52/><F52/><W100/><G54/><T43/><D43/><U3/><E46/><RYUUKYOKU ba="1,1" sc="212,-10,316,-10,220,30,242,-10" hai2="6,11,15,20,24,28,62,67,71,89,90,96,101" /><INIT seed="4,2,1,3,0,43" ten="202,306,250,232" oya="0" hai0="5,49,48,9,75,7,82,128,56,103,67,11,107" hai1="126,109,45,61,21,3,26,123,117,47,79,40,19" hai2="23,12,132,76,69,44,29,97,63,114,104,131,94" hai3="118,102,113,86,57,92,54,65,4,72,22,16,66"/><T20/><D128/><U112/><E3/><V52/><F104/><W31/><G118/><T14/><D20/><U100/><E117/><V1/><F1/><W88/><G72/><T78/><D107/><U15/><E109/><V34/><F34/><W134/><G134/><T25/><D25/><U80/><E123/><V73/><F73/><W99/><G113/><T36/><D36/><U95/><E112/><V2/><F2/><W83/><G4/><T17/><D103/><U30/><E126/><V101/><F76/><W98/><G98/><T68/><D68/><U108/><E108/><V0/><F0/><W35/><G31/><T135/><D135/><U13/><E13/><V115/><F132/><W53/><G35/><T39/><D39/><U84/><E40/><V124/><F69/><W32/><G32/><T133/><D133/><U91/><E61/><V93/><F63/><N who="3" m="38127" /><G66/><T105/><D105/><U111/><E100/><V120/><F120/><W50/><G50/><T119/><D119/><U38/><E38/><V24/><F124/><W129/><G129/><T127/><D127/><U90/><E111/><V87/><F131/><W58/><G58/><T85/><D75/><U27/><E27/><AGARI ba="2,1" hai="16,22,27,53,54,83,86,88,92,99,102" m="38127" machi="27" ten="30,3900,0" yaku="8,1,54,2" doraHai="43" who="3" fromWho="1" sc="202,0,306,-45,250,0,232,55" /><INIT seed="5,0,0,2,5,45" ten="202,261,250,287" oya="1" hai0="123,98,64,118,128,119,63,76,135,111,77,121,68" hai1="72,101,62,23,124,82,71,25,87,65,0,50,67" hai2="69,46,16,97,34,33,103,94,131,95,92,9,40" hai3="81,115,90,32,73,84,58,10,126,24,27,3,88"/><U18/><E0/><V85/><F69/><W127/><G115/><T14/><D111/><U116/><E116/><N who="0" m="44585" /><D14/><U55/><E124/><N who="3" m="47658" /><G73/><T26/><D128/><U20/><E72/><V110/><F131/><W21/><G32/><T93/><D26/><N who="3" m="9769" /><G21/><T49/><D135/><U6/><E6/><V36/><F110/><W66/><G66/><T43/><D43/><U17/><E101/><V13/><REACH who="2" step="1"/><F85/><REACH who="2" ten="202,261,240,287" step="2"/><W53/><G84/><T54/><D123/><U15/><E71/><V60/><F60/><N who="3" m="35919" /><G81/><T79/><D121/><U19/><E62/><V11/><F11/><W108/><G108/><T8/><D8/><U74/><E74/><V132/><F132/><W104/><G104/><AGARI ba="0,1" hai="9,13,16,33,34,36,40,46,92,94,95,97,103,104" machi="104" ten="40,8000,1" yaku="1,1,54,1,53,2" doraHai="45" doraHaiUra="29" who="2" fromWho="3" sc="202,0,261,0,240,90,287,-80" /><INIT seed="6,0,0,1,3,116" ten="202,261,330,207" oya="2" hai0="65,93,34,18,4,84,127,98,28,134,130,55,63" hai1="102,68,40,73,101,90,19,24,43,12,67,58,69" hai2="76,13,86,61,109,106,129,27,77,120,96,48,14" hai3="118,97,75,81,123,79,94,121,133,64,95,91,59"/><V107/><F61/><W128/><G118/><T35/><D130/><U11/><E73/><V80/><F129/><W38/><G128/><T124/><D134/><U92/><E68/><V103/><F27/><W71/><G71/><N who="0" m="42431" /><D4/><U37/><E69/><V10/><F14/><W6/><G38/><T45/><D84/><U9/><E37/><V135/><F135/><W16/><G133/><T56/><D45/><U50/><E11/><V8/><F8/><W72/><G6/><T17/><D28/><U60/><E24/><V15/><F15/><W57/><G75/><T126/><D18/><U20/><E9/><V47/><F77/><W115/><G115/><T99/><D17/><U41/><REACH who="1" step="1"/><E50/><REACH who="1" ten="202,251,330,207" step="2"/><V32/><F48/><W3/><G3/><T2/><D2/><U25/><E25/><V70/><F10/><W52/><G16/><T29/><D34/><U105/><E105/><V78/><F106/><W104/><G104/><T39/><D39/><U33/><E33/><V62/><F107/><W117/><G117/><T83/><D35/><U49/><E49/><V119/><F32/><W36/><G36/><T82/><D29/><U22/><E22/><V110/><F70/><W30/><G30/><T26/><D26/><U89/><E89/><V100/><F119/><W88/><G64/><T122/><D127/><U5/><E5/><V21/><F21/><W54/><G59/><T131/><D126/><U85/><AGARI ba="0,1" hai="12,19,20,40,41,43,58,60,67,85,90,92,101,102" machi="85" ten="30,7900,0" yaku="1,1,0,1,8,1,53,1" doraHai="116" doraHaiUra="87" who="1" fromWho="1" sc="202,-20,251,89,330,-39,207,-20" /><INIT seed="7,0,0,0,3,72" ten="182,340,291,187" oya="3" hai0="28,108,81,132,35,31,104,89,105,65,86,33,42" hai1="115,16,123,102,74,67,117,95,112,68,98,84,101" hai2="61,27,5,19,10,50,110,2,80,4,25,24,62" hai3="38,97,96,58,29,109,126,79,91,46,85,122,47"/><W44/><G122/><T114/><D108/><U14/><E74/><V52/><F110/><W133/><G109/><T36/><D65/><U134/><E123/><V8/><F19/><W125/><G38/><T34/><D132/><U12/><E134/><V1/><REACH who="2" step="1"/><F80/><REACH who="2" ten="182,340,281,187" step="2"/><N who="3" m="47263" /><G133/><T66/><D31/><U87/><E117/><V77/><F77/><W54/><G29/><T75/><D28/><U55/><E112/><V7/><F7/><W37/><G37/><T13/><D114/><U111/><E111/><V32/><F32/><W94/><G125/><T71/><D35/><U82/><E115/><V0/><F0/><W107/><G126/><T11/><D34/><U124/><E124/><V99/><F99/><N who="3" m="57823" /><G107/><T18/><D33/><U22/><E82/><V100/><F100/><W43/><G43/><T88/><D105/><U128/><E101/><V130/><F130/><W106/><G106/><T63/><D104/><U23/><E128/><V45/><AGARI ba="0,1" hai="1,2,4,5,8,10,24,25,27,45,50,52,61,62" machi="45" ten="30,7900,0" yaku="1,1,0,1,9,1,54,1,53,0" doraHai="72" doraHaiUra="90" who="2" fromWho="2" sc="182,-20,340,-20,281,89,187,-39" owari="162,-24.0,320,12.0,370,47.0,148,-35.0" /></mjloggm>