<mjloggm ver="2.3"><GO type="169" lobby="0"/><UN n0="%E3%81%8B%E3%81%8D" n1="%E3%81%B3%E3%82%8A%E3%81%B3%E3%82%8A%E2%98%86%E3%83%93%E3%83%AA%E3%83%BC" n2="%E5%B0%B1%E6%B4%BB%E7%94%9F%40%E5%B7%9D%E6%9D%91%E8%BB%8D%E5%9B%A3" n3="%E3%81%B2%E3%81%90%E3%81%A1" dan="17,17,17,17" rate="2205.41,2186.26,2218.17,2196.25" sx="M,M,M,M"/><TAIKYOKU oya="0"/><INIT seed="0,0,0,2,3,62" ten="250,250,250,250" oya="0" hai0="98,29,91,81,112,66,60,92,46,8,117,53,5" hai1="115,6,113,2,76,73,83,74,87,68,3,28,127" hai2="79,51,22,119,38,78,24,65,27,39,4,114,57" hai3="129,94,32,122,84,63,97,107,82,43,9,96,108"/><T15/><D112/><N who="1" m="43083" /><E68/><V45/><F119/><W72/><G108/><T125/><D125/><U133/><E127/><V21/><F114/><W126/><G126/><T110/><D117/><U111/><E111/><V17/><F4/><W86/><G129/><T19/><D110/><U116/><E116/><V75/><F75/><N who="1" m="28681" /><E6/><V30/><F39/><W49/><G122/><T25/><D81/><U54/><E28/><V34/><F38/><W40/><G32/><T120/><D120/><U121/><E121/><V123/><F34/><W50/><G72/><T69/><D5/><U131/><E131/><V36/><F36/><W106/><G94/><T80/><D80/><U102/><E133/><V134/><F134/><W42/><G82/><T47/><REACH who="0" step="1"/><D53/><REACH who="0" ten="240,250,250,250" step="2"/><U26/><E54/><V35/><F123/><W135/><G135/><T118/><D118/><U93/><E26/><V31/><F35/><AGARI ba="0,1" hai="8,15,19,25,29,35,46,47,60,66,69,91,92,98" machi="35" ten="30,5800,0" yaku="1,1,7,1,52,1,53,0" doraHai="62" doraHaiUra="132" who="0" fromWho="2" sc="240,68,250,0,250,-58,250,0" /><INIT seed="0,1,0,2,1,20" ten="308,250,192,250" oya="0" hai0="7,93,19,46,98,41,24,99,28,71,55,73,56" hai1="111,66,65,1,3,112,113,34,108,91,10,62,103" hai2="67,44,97,127,118,54,114,38,122,50,132,95,130" hai3="39,102,27,64,90,101,53,100,110,59,33,92,5"/><T134/><D134/><U89/><E34/><V68/><F122/><W84/><G110/><N who="1" m="42026" /><E103/><V125/><F114/><N who="1" m="44137" /><E10/><V124/><F132/><W106/><G39/><T25/><D71/><N who="1" m="42423" /><E66/><V0/><F0/><AGARI ba="1,0" hai="0,1,3,89,91" m="42423,44137,42026" machi="0" ten="40,2600,0" yaku="14,1,11,1" doraHai="20" who="1" fromWho="2" sc="308,0,250,29,192,-29,250,0" /><INIT seed="1,0,0,2,4,102" ten="308,279,163,250" oya="1" hai0="12,68,24,40,38,119,90,17,125,127,42,25,110" hai1="13,49,99,44,1,96,22,85,46,77,132,70,123" hai2="133,114,104,65,81,55,0,98,27,41,37,59,4" hai3="124,48,16,116,66,79,14,26,19,92,120,134,72"/><U103/><E123/><V95/><F133/><W135/><G120/><T76/><D110/><U75/><E1/><V73/><F114/><W130/><G66/><T36/><D68/><U64/><E75/><V61/><F27/><N who="0" m="10314" /><D76/><U32/><E32/><V15/><F15/><W122/><G122/><T91/><D12/><U33/><E33/><V105/><F55/><W20/><G79/><T118/><D17/><N who="1" m="10543" /><E70/><V58/><F58/><W56/><G72/><T78/><D78/><U93/><E132/><V69/><F59/><W112/><G112/><T57/><D57/><U62/><E99/><V67/><F67/><W18/><G56/><T108/><D108/><U117/><E117/><N who="0" m="44553" /><D91/><U10/><E64/><V21/><F21/><W34/><G116/><T3/><D90/><U80/><E62/><V89/><F81/><W8/><G134/><T94/><D94/><U2/><E2/><V47/><REACH who="2" step="1"/><F73/><REACH who="2" ten="308,279,153,250" step="2"/><W35/><G135/><T131/><D3/><U63/><E63/><V53/><F53/><W109/><G34/><T11/><D11/><AGARI ba="0,1" hai="0,4,11,37,41,47,61,65,69,89,95,98,104,105" machi="11" ten="40,5200,0" yaku="1,1,52,2,53,0" doraHai="102" doraHaiUra="74" who="2" fromWho="0" sc="308,-52,279,0,153,62,250,0" /><INIT seed="2,0,0,4,4,18" ten="256,279,215,250" oya="2" hai0="55,54,5,95,78,26,107,97,89,2,1,61,93" hai1="68,20,113,117,114,111,37,134,15,118,119,25,77" hai2="75,129,106,16,109,29,39,47,76,14,45,81,132" hai3="21,60,8,10,49,7,83,115,12,52,84,105,40"/><V122/><F122/><W131/><G105/><T104/><D78/><U19/><E68/><V23/><F106/><W91/><G131/><T24/><D61/><U80/><E37/><V124/><F129/><W121/><G121/><T99/><D89/><U102/><E102/><V30/><F132/><W50/><G115/><T58/><D58/><U85/><E134/><V82/><F124/><W57/><G40/><T98/><D99/><U123/><E123/><V38/><F109/><W41/><G41/><T48/><D48/><U71/><E71/><V67/><F67/><W34/><G34/><T9/><D9/><U53/><E111/><V22/><F76/><W96/><G96/><T27/><D27/><U133/><E133/><V103/><F103/><W32/><G32/><T36/><REACH who="0" step="1"/><D5/><REACH who="0" ten="246,279,215,250" step="2"/><U63/><E63/><V70/><F70/><W59/><G8/><T128/><D128/><U65/><E65/><V94/><F75/><W112/><G112/><T108/><D108/><U130/><E130/><V86/><F86/><W101/><G101/><T135/><D135/><U88/><E77/><V44/><F44/><W17/><REACH who="3" step="1"/><G57/><REACH who="3" ten="246,279,215,240" step="2"/><T90/><D90/><U87/><E114/><V3/><F47/><W62/><G62/><T74/><D74/><U33/><E113/><V46/><F46/><W66/><G66/><T13/><D13/><AGARI ba="0,2" hai="7,10,12,13,17,21,49,50,52,59,60,83,84,91" machi="13" ten="30,8000,1" yaku="1,1,7,1,8,1,52,1,54,1,53,0" doraHai="18" doraHaiUra="35" who="3" fromWho="0" sc="246,-80,279,0,215,0,240,100" /><INIT seed="3,0,0,3,4,97" ten="166,279,215,340" oya="3" hai0="21,82,120,2,68,101,102,43,32,114,37,51,107" hai1="71,117,65,95,3,4,53,90,105,17,56,20,121" hai2="91,99,48,119,132,47,12,118,33,123,36,115,104" hai3="70,24,15,61,30,28,124,108,40,122,39,84,44"/><W83/><G122/><T125/><D37/><U11/><E121/><V77/><F33/><W63/><G124/><T73/><D120/><U19/><E105/><V128/><F36/><W100/><G108/><T10/><D32/><U41/><E117/><V85/><F123/><W96/><G15/><T129/><D68/><U58/><E71/><V34/><F34/><W60/><G70/><T54/><D43/><U64/><E41/><V76/><F115/><W22/><G30/><T49/><D107/><U57/><E53/><V45/><F45/><W110/><G110/><T94/><D129/><U112/><E112/><V52/><F128/><W74/><G74/><T23/><D114/><U131/><E131/><V18/><F132/><W130/><G130/><T72/><D125/><U5/><E5/><V111/><F111/><W103/><REACH who="3" step="1"/><G96/><REACH who="3" ten="166,279,215,330" step="2"/><T50/><D73/><U38/><E19/><V46/><F118/><W0/><G0/><T88/><D2/><U55/><E3/><V7/><F7/><W109/><G109/><T8/><D72/><U113/><E4/><V92/><F119/><W69/><G69/><T67/><D8/><U1/><E11/><V135/><F135/><W81/><G81/><T14/><D82/><U31/><E1/><V6/><F6/><W62/><N who="3" m="15360" /><DORA hai="98" /><W9/><G9/><T25/><D10/><U79/><E113/><V87/><F12/><W106/><G106/><T29/><D14/><U13/><E31/><V80/><F18/><W78/><AGARI ba="0,1" hai="22,24,28,39,40,44,78,83,84,100,103" m="15360" machi="78" ten="40,24000,3" yaku="1,1,0,1,52,4,53,4" doraHai="97,98" doraHaiUra="93,59" who="3" fromWho="3" sc="166,-80,279,-80,215,-80,330,250" /><INIT seed="3,1,0,3,0,43" ten="86,199,135,580" oya="3" hai0="53,56,29,125,83,39,115,14,32,60,18,59,8" hai1="62,101,4,15,122,90,84,30,10,45,64,86,105" hai2="116,54,113,98,103,74,67,114,61,135,72,65,111" hai3="120,28,52,75,85,40,79,107,99,89,126,11,112"/><W57/><G120/><T21/><D39/><U71/><E122/><V36/><F116/><W22/><G112/><T6/><D125/><U96/><E90/><V124/><F36/><W51/><G126/><T42/><D42/><U68/><E68/><V0/><F0/><W50/><G75/><T31/><D115/><U35/><REACH who="1" step="1"/><E45/><REACH who="1" ten="86,189,135,580" step="2"/><V63/><F124/><W23/><G89/><T80/><D59/><U119/><E119/><V12/><F113/><W5/><G57/><T41/><D56/><U37/><E37/><V76/><F114/><W88/><G88/><T13/><D32/><U27/><AGARI ba="1,1" hai="4,10,15,27,30,35,62,64,71,84,86,96,101,105" machi="27" ten="30,8000,1" yaku="1,1,0,1,25,2,53,1" doraHai="43" doraHaiUra="9" who="1" fromWho="1" sc="86,-21,189,93,135,-21,580,-41" /><INIT seed="4,0,0,4,3,55" ten="65,282,114,539" oya="0" hai0="107,110,104,52,93,63,127,98,25,9,19,114,23" hai1="59,30,78,128,80,106,81,47,13,51,74,132,88" hai2="11,61,58,46,125,62,109,12,6,0,99,83,129" hai3="111,7,8,76,108,33,41,91,68,73,54,87,20"/><T28/><D114/><U42/><E106/><V35/><F109/><W122/><G33/><T116/><D116/><U48/><E128/><V133/><F35/><W56/><G68/><T70/><D127/><U92/><E132/><V121/><F121/><W29/><G122/><T130/><D130/><U134/><E134/><V18/><F129/><W79/><G41/><T85/><D110/><U95/><E30/><V119/><F133/><W5/><G73/><T118/><D118/><U16/><E74/><V10/><F119/><W2/><G5/><T117/><D117/><U77/><E95/><V75/><F125/><W15/><G76/><N who="1" m="29290" /><E59/><V105/><F46/><W64/><G79/><T120/><D120/><U1/><E51/><V67/><F62/><W34/><G64/><T49/><D85/><N who="1" m="52239" /><E1/><V100/><F75/><W57/><G34/><T38/><D38/><U27/><E27/><V69/><REACH who="2" step="1"/><F83/><REACH who="2" ten="65,282,104,539" step="2"/><W89/><G108/><T17/><D63/><U60/><E60/><V65/><F65/><W113/><G111/><T90/><D70/><AGARI ba="0,1" hai="0,6,10,11,12,18,58,61,67,69,70,99,100,105" machi="70" ten="40,2600,0" yaku="1,1,52,1,53,0" doraHai="55" doraHaiUra="40" who="2" fromWho="0" sc="65,-26,282,0,104,36,539,0" /><INIT seed="5,0,0,5,0,80" ten="39,282,140,539" oya="1" hai0="59,88,23,32,108,127,76,2,35,81,93,90,115" hai1="92,13,86,62,47,129,65,1,30,134,118,64,99" hai2="77,21,0,100,78,112,70,68,126,89,122,44,84" hai3="120,123,82,4,121,94,17,66,46,109,5,43,131"/><U58/><E118/><V97/><F0/><W8/><G109/><T67/><D108/><U12/><E1/><V33/><F33/><W7/><G131/><T114/><D2/><U34/><E129/><V119/><F122/><W117/><G117/><T71/><D71/><U19/><E134/><V28/><F119/><W133/><G66/><T132/><D132/><U25/><E65/><V83/><F126/><W75/><G133/><T103/><D103/><U10/><E47/><V111/><F111/><W91/><G17/><T106/><D106/><U31/><E31/><V57/><F112/><N who="0" m="43050" /><D127/><U39/><E39/><V110/><F110/><W14/><G82/><T24/><D67/><U79/><E13/><V18/><F28/><W73/><G14/><T20/><D59/><U6/><E79/><V29/><F29/><W3/><G8/><T130/><D130/><U72/><E72/><V124/><F124/><W49/><G3/><T69/><D69/><U16/><REACH who="1" step="1"/><E86/><REACH who="1" ten="39,272,140,539" step="2"/><V98/><F44/><W54/><G75/><T128/><D128/><U36/><E36/><V95/><F70/><W53/><G73/><T48/><D76/><U96/><E96/><V63/><F97/><W60/><G121/><T37/><D37/><U15/><E15/><N who="2" m="9439" /><F68/><W45/><G123/><T102/><D24/><U61/><E61/><V11/><F11/><W125/><G120/><T42/><D35/><U135/><E135/><V50/><F50/><N who="3" m="28887" /><G125/><T116/><D32/><U101/><AGARI ba="0,1" hai="6,10,12,16,19,25,30,34,58,62,64,92,99,101" machi="101" ten="20,7800,0" yaku="1,1,0,1,7,1,54,1,53,0" doraHai="80" doraHaiUra="104" who="1" fromWho="1" sc="39,-26,272,88,140,-26,539,-26" /><INIT seed="5,1,0,3,3,90" ten="13,360,114,513" oya="1" hai0="0,114,97,106,12,1,23,66,47,82,117,25,35" hai1="10,118,6,84,75,115,100,19,81,110,21,71,78" hai2="7,63,42,131,116,4,11,16,54,41,65,15,133" hai3="67,107,46,22,18,128,85,49,37,56,91,96,124"/><U27/><E118/><V32/><F116/><W134/><G128/><T129/><D117/><U34/><E71/><V102/><F32/><W127/><G134/><T17/><D129/><U105/><E115/><V9/><F133/><W121/><G121/><T50/><D114/><U83/><E110/><V125/><F131/><W5/><G5/><T38/><D38/><U80/><E34/><V55/><F102/><W64/><G37/><T126/><D126/><N who="3" m="48169" /><G96/><T122/><D122/><U39/><E39/><V95/><F95/><N who="3" m="54767" /><G56/><T72/><D66/><U70/><E70/><V109/><F109/><W58/><G58/><T53/><D106/><U87/><E75/><V99/><F99/><W123/><G107/><T2/><D97/><U59/><E105/><V89/><F89/><W86/><G86/><N who="1" m="32810" /><E100/><V60/><F125/><W98/><G98/><T73/><REACH who="0" step="1"/><D82/><REACH who="0" ten="3,360,114,513" step="2"/><U119/><E119/><V30/><F65/><W74/><G123/><T104/><D104/><U130/><E130/><V14/><F30/><AGARI ba="1,1" hai="0,1,2,12,17,23,25,30,35,47,50,53,72,73" machi="30" ten="40,1300,0" yaku="1,1,53,0" doraHai="90" doraHaiUra="57" who="0" fromWho="2" sc="3,26,360,0,114,-16,513,0" /><INIT seed="6,0,0,2,4,89" ten="29,360,98,513" oya="2" hai0="40,9,29,13,8,127,3,49,55,39,117,74,77" hai1="81,71,43,124,90,125,38,0,61,110,45,4,123" hai2="118,47,66,126,73,44,130,111,2,60,113,58,129" hai3="67,84,70,17,78,68,120,104,14,42,11,101,23"/><V63/><F73/><W91/><G120/><T51/><D117/><U18/><E18/><V102/><F2/><W33/><G33/><T50/><D127/><N who="1" m="48715" /><E90/><V25/><F102/><W62/><G42/><T94/><D3/><U26/><E26/><V35/><F35/><W83/><G104/><T59/><D29/><U46/><E81/><V57/><F25/><W121/><G121/><T112/><D39/><N who="1" m="21759" /><E4/><V24/><F24/><W119/><G119/><T32/><D32/><U131/><E0/><V12/><F12/><W97/><G68/><T28/><D28/><U15/><E15/><V87/><F87/><W76/><G101/><T99/><D112/><U6/><E6/><V31/><F31/><W34/><G34/><T85/><D74/><U65/><E123/><V21/><F21/><W80/><G97/><T56/><D40/><N who="1" m="22807" /><E131/><N who="2" m="50187" /><F118/><W133/><G23/><T20/><D20/><U53/><E53/><N who="2" m="33839" /><F126/><W10/><G10/><T95/><D9/><U103/><E103/><V98/><F98/><W72/><G91/><N who="0" m="53615" /><D77/><U128/><E128/><V134/><F134/><W82/><G133/><T75/><D75/><U135/><E135/><V122/><F122/><W22/><G22/><T108/><D8/><U114/><E114/><V52/><F113/><W107/><G82/><T88/><D13/><U116/><E116/><V16/><F16/><W93/><G107/><T30/><D30/><U64/><E64/><V115/><F115/><W79/><G79/><T96/><D96/><U132/><E132/><V5/><F5/><W54/><G93/><T106/><D95/><U7/><E7/><RYUUKYOKU ba="0,0" sc="29,-15,360,15,98,-15,513,15" hai1="61,65,71,110" hai3="11,14,17,54,62,67,70,72,76,78,80,83,84" /><INIT seed="7,1,0,0,2,95" ten="14,375,83,528" oya="3" hai0="21,131,45,98,133,65,110,101,30,9,25,3,57" hai1="72,124,23,111,54,121,34,99,47,62,42,68,50" hai2="130,73,100,49,102,35,117,4,15,27,11,56,116" hai3="19,115,37,120,84,125,51,93,71,36,81,53,1"/><W58/><G120/><T92/><D110/><U76/><E34/><V103/><F73/><W12/><G115/><T122/><D122/><U85/><E72/><V104/><F104/><W13/><G1/><T24/><D133/><U16/><E111/><V70/><F70/><W107/><G107/><T29/><D131/><U91/><E121/><V8/><F130/><W114/><G114/><T38/><D38/><U26/><E124/><V123/><F123/><W109/><G71/><T83/><D45/><U33/><E33/><V132/><F132/><W43/><G125/><T40/><D40/><U89/><E68/><V129/><F129/><W75/><G75/><T32/><D83/><U135/><E135/><V118/><F8/><W20/><G109/><T86/><D86/><U6/><E6/><V18/><F49/><W48/><G13/><T127/><D127/><U66/><E66/><V77/><F56/><W28/><G28/><T105/><D105/><U106/><E106/><V59/><F59/><W10/><G10/><T44/><D44/><U126/><E126/><V55/><F11/><W112/><G112/><T94/><D94/><U64/><E64/><V82/><F82/><W52/><G81/><T14/><D3/><U96/><E76/><V7/><F116/><W67/><G67/><T80/><D80/><N who="1" m="49319" /><E91/><V31/><F77/><W17/><G37/><T88/><D101/><U108/><E108/><V128/><F103/><W0/><G36/><T22/><D32/><U5/><E5/><V61/><F118/><W79/><G79/><T134/><D134/><U69/><E69/><RYUUKYOKU ba="1,0" sc="14,-10,375,30,83,-10,528,-10" hai1="16,23,26,42,47,50,54,62,96,99" owari="4,-50.0,405,21.0,73,-33.0,518,62.0" /></mjloggm>