<mjloggm ver="2.3"><GO type="169" lobby="0"/><UN n0="%E6%9A%97%E3%81%84%E7%AC%A6" n1="%E3%82%A6%E3%83%AB%E3%83%88%E3%83%A9%E7%AB%8B%E7%9B%B4" n2="%E3%81%AC%E3%82%89%E3%82%8A%E3%83%92%E3%83%A7%E3%83%B3" n3="%E8%84%B3%E5%A4%A9%E7%86%8A" dan="16,17,16,16" rate="2088.67,2225.61,2090.00,2097.03" sx="M,M,M,M"/><TAIKYOKU oya="0"/><INIT seed="0,0,0,0,4,135" ten="250,250,250,250" oya="0" hai0="134,46,31,60,14,25,120,63,79,114,37,0,27" hai1="89,34,32,5,24,4,119,121,102,71,131,103,41" hai2="47,88,33,29,23,133,38,122,117,99,30,110,129" hai3="6,66,124,98,54,8,56,94,118,84,105,125,51"/><T26/><D0/><U127/><E71/><V10/><F33/><N who="1" m="12905" /><E89/><V44/><F122/><W109/><G105/><T83/><D120/><U55/><E55/><V53/><F117/><W96/><G118/><T40/><D134/><U77/><E77/><V123/><F123/><W17/><G17/><T57/><D114/><U113/><E41/><V75/><F75/><W73/><G73/><T92/><D63/><U2/><E119/><V116/><F116/><W67/><G84/><T90/><D14/><U20/><E121/><V13/><F38/><W39/><G39/><T128/><D128/><U58/><E58/><V82/><F129/><W101/><G98/><T107/><D107/><U74/><E74/><V68/><F68/><W106/><G106/><T21/><D83/><U130/><E113/><V11/><F82/><W59/><G109/><T93/><D79/><U76/><E76/><V18/><F110/><W50/><G50/><T61/><D61/><U62/><E62/><V115/><F115/><W91/><G101/><N who="1" m="38410" /><E2/><V132/><F132/><W1/><REACH who="3" step="1"/><G56/><REACH who="3" ten="250,250,250,240" step="2"/><T69/><D69/><U104/><E104/><V7/><F133/><W35/><G35/><T9/><D57/><U43/><E131/><V49/><F99/><W86/><G86/><T126/><D37/><U108/><E130/><V87/><F87/><W36/><G36/><T42/><D31/><U81/><E108/><V70/><F30/><W85/><G85/><T3/><D60/><U78/><E81/><V45/><F70/><W16/><G16/><T22/><D46/><N who="2" m="18026" /><F29/><W19/><G19/><T97/><D97/><RYUUKYOKU ba="0,1" sc="250,-10,250,-10,250,-10,240,30" hai3="1,6,8,51,54,59,66,67,91,94,96,124,125" /><INIT seed="1,1,1,0,0,131" ten="240,240,240,270" oya="1" hai0="31,0,17,16,118,43,22,14,61,46,66,75,126" hai1="109,10,132,73,29,64,103,87,40,23,57,1,33" hai2="105,32,129,92,125,79,3,124,76,117,6,68,120" hai3="88,96,65,93,98,26,62,19,27,81,77,116,128"/><U35/><E73/><V49/><F105/><W63/><G128/><T72/><D0/><U44/><E103/><V119/><F68/><W5/><G116/><T20/><D118/><U13/><E87/><V30/><F120/><W28/><G96/><T122/><D31/><U78/><E78/><V41/><F129/><W106/><G106/><T113/><D122/><U135/><E57/><V107/><F107/><W42/><G42/><T59/><D113/><U4/><E64/><V18/><F92/><W36/><G36/><T100/><D100/><U71/><E71/><V52/><F41/><W45/><G45/><T8/><D126/><N who="2" m="48746" /><F18/><W11/><G19/><T97/><D97/><U89/><E89/><V114/><F114/><W48/><G48/><T69/><D69/><U108/><E1/><V121/><F121/><W25/><G28/><T9/><D75/><U86/><E86/><V83/><F30/><W2/><REACH who="3" step="1"/><G65/><REACH who="3" ten="240,240,240,260" step="2"/><T110/><D110/><N who="1" m="42603" /><E23/><V85/><F32/><N who="1" m="12361" /><E29/><V133/><F119/><W58/><G58/><T24/><REACH who="0" step="1"/><D72/><AGARI ba="1,2" hai="2,5,11,25,26,27,62,63,72,77,81,88,93,98" machi="72" ten="40,2600,0" yaku="1,1,54,1,53,0" doraHai="131" doraHaiUra="12" who="3" fromWho="0" sc="240,-29,240,0,240,0,260,49" /><INIT seed="2,0,0,2,2,4" ten="211,240,240,309" oya="2" hai0="40,106,0,72,91,32,13,30,61,64,60,130,49" hai1="46,132,63,10,99,68,120,105,97,66,116,70,134" hai2="82,117,43,8,133,101,69,28,94,7,109,110,115" hai3="123,50,53,45,107,38,86,19,102,48,77,104,6"/><V87/><F117/><W54/><G38/><T122/><D0/><U59/><E116/><V88/><F115/><W57/><G123/><T9/><D72/><U84/><E84/><V14/><F69/><W62/><G6/><T20/><D106/><U29/><E29/><V16/><F133/><W36/><G36/><T73/><D73/><U128/><E99/><V76/><F28/><W37/><G37/><T103/><D103/><U12/><E46/><V113/><F113/><W23/><G102/><T100/><D100/><N who="1" m="62607" /><E128/><V71/><F71/><W58/><G86/><T90/><D32/><U127/><E127/><V78/><F43/><W135/><G77/><T44/><D130/><U125/><E125/><V67/><F67/><W21/><G135/><N who="1" m="51754" /><E120/><V118/><F118/><W96/><G23/><T80/><D122/><U56/><E56/><V108/><F7/><AGARI ba="0,0" hai="7,10,12,59,63,66,68,70" m="51754,62607" machi="7" ten="30,2000,0" yaku="20,1,52,1" doraHai="4" who="1" fromWho="2" sc="211,0,240,20,240,-20,309,0" /><INIT seed="3,0,0,5,0,131" ten="211,260,220,309" oya="3" hai0="34,43,87,45,59,71,66,37,33,2,25,135,70" hai1="117,105,65,100,52,36,75,3,85,129,44,20,50" hai2="57,99,46,22,19,113,93,132,48,68,35,116,61" hai3="76,58,12,121,109,72,9,23,122,17,83,79,29"/><W91/><G79/><T112/><D2/><U126/><E75/><V15/><F113/><W27/><G109/><T55/><D25/><U8/><E129/><V130/><F130/><W81/><G81/><T13/><D112/><U114/><E114/><V38/><F116/><W67/><G91/><T49/><D71/><U16/><E126/><V56/><F35/><W80/><G80/><T78/><D78/><U92/><E117/><V128/><F128/><W42/><G42/><T98/><D87/><U133/><E133/><V90/><F38/><W1/><G1/><T102/><D13/><U53/><E65/><V14/><F68/><W63/><AGARI ba="0,0" hai="9,12,17,23,27,29,58,63,67,72,76,83,121,122" machi="63" ten="30,1500,0" yaku="0,1" doraHai="131" who="3" fromWho="3" sc="211,-5,260,-5,220,-5,309,15" /><INIT seed="3,1,0,4,3,35" ten="206,255,215,324" oya="3" hai0="94,39,111,131,3,118,115,41,129,133,82,96,122" hai1="40,32,7,70,58,102,20,25,97,4,134,19,55" hai2="103,10,109,132,57,101,68,92,50,18,116,59,52" hai3="99,30,130,53,45,8,13,84,23,27,22,81,38"/><W67/><G130/><T33/><RYUUKYOKU type="yao9" ba="1,0" sc="206,0,255,0,215,0,324,0" hai0="3,33,39,41,82,94,96,111,115,118,122,129,131,133" /><INIT seed="3,2,0,0,1,86" ten="206,255,215,324" oya="3" hai0="89,69,95,122,16,120,99,83,67,70,112,50,62" hai1="65,57,90,128,27,47,24,14,2,126,94,61,101" hai2="97,10,102,51,7,103,132,107,72,131,133,113,25" hai3="129,68,77,22,127,134,56,13,17,32,80,1,34"/><W108/><G68/><T18/><D70/><U109/><E2/><V5/><F72/><W64/><G1/><T96/><D112/><U105/><E109/><V36/><F113/><W118/><G118/><T48/><D83/><U81/><E126/><V59/><F36/><W6/><G6/><T42/><D50/><U115/><E128/><V87/><F131/><W66/><G129/><T58/><D99/><U0/><E0/><V114/><F114/><W119/><G119/><T54/><REACH who="0" step="1"/><D42/><REACH who="0" ten="196,255,215,324" step="2"/><U12/><E81/><V4/><F97/><W104/><G127/><T41/><D41/><U23/><E115/><V79/><F51/><W63/><G134/><T123/><AGARI ba="2,1" hai="16,18,48,54,58,62,67,69,89,95,96,120,122,123" machi="123" ten="30,8000,1" yaku="1,1,0,1,52,1,54,1,53,1" doraHai="86" doraHaiUra="49" who="0" fromWho="0" sc="196,96,255,-22,215,-22,324,-42" /><INIT seed="4,0,0,0,3,126" ten="292,233,193,282" oya="0" hai0="47,73,40,60,61,113,7,50,37,25,1,59,51" hai1="118,99,4,57,16,55,74,112,120,91,86,27,8" hai2="98,102,42,38,92,19,93,109,56,133,84,15,49" hai3="131,134,106,64,119,127,34,132,75,63,6,11,0"/><T129/><D73/><U71/><E71/><V5/><F109/><W23/><G119/><T88/><D7/><U2/><E74/><V72/><F72/><W128/><G75/><T117/><D1/><U14/><E118/><V90/><F38/><W65/><G106/><T79/><D79/><U78/><E120/><V54/><F133/><N who="3" m="51307" /><G34/><T41/><D117/><U17/><E112/><V67/><F5/><W22/><G65/><T68/><D25/><U12/><E78/><V110/><F110/><W76/><G76/><T87/><D113/><U115/><E99/><V81/><F67/><W45/><G45/><T26/><D68/><U121/><E121/><V46/><F81/><W83/><G83/><T96/><D96/><U36/><E36/><V24/><F24/><W111/><G111/><T94/><D37/><U125/><E125/><V20/><REACH who="2" step="1"/><F42/><REACH who="2" ten="292,233,183,282" step="2"/><W77/><G127/><T124/><D124/><U3/><E115/><V135/><F135/><W101/><G77/><T52/><D40/><U69/><E27/><V95/><F95/><W107/><G107/><T122/><D122/><U58/><E4/><V66/><F66/><W123/><G123/><T31/><REACH who="0" step="1"/><D129/><REACH who="0" ten="282,233,183,282" step="2"/><N who="3" m="49737" /><G101/><T29/><D29/><U30/><E30/><V13/><F13/><W9/><G9/><T130/><D130/><U85/><E14/><V48/><F48/><W21/><G21/><AGARI ba="0,2" hai="21,26,31,41,47,50,51,52,59,60,61,87,88,94" machi="21" ten="30,12000,1" yaku="1,1,7,1,8,1,54,2,53,0" doraHai="126" doraHaiUra="104" who="0" fromWho="3" sc="282,140,233,0,183,0,282,-120" /><INIT seed="4,1,0,2,2,135" ten="422,233,183,162" oya="0" hai0="122,77,120,2,13,102,111,96,42,100,32,1,116" hai1="89,56,101,52,115,49,40,88,65,113,107,29,21" hai2="61,92,97,81,36,19,57,0,48,125,103,73,3" hai3="51,80,108,105,11,126,55,95,44,70,54,38,76"/><T86/><D32/><U69/><E40/><V22/><F36/><W35/><G105/><T109/><D42/><U39/><E39/><V25/><F48/><W117/><G35/><T66/><D66/><U58/><E69/><V127/><F73/><W114/><G70/><T28/><D28/><U119/><E119/><V10/><F81/><W43/><G117/><T121/><D13/><U90/><E101/><N who="0" m="39017" /><D116/><U131/><E107/><V99/><F99/><W75/><G114/><N who="1" m="43530" /><E131/><V71/><F71/><W74/><G108/><N who="0" m="41547" /><D96/><U82/><E21/><V8/><F0/><N who="0" m="106" /><D86/><N who="1" m="50263" /><E29/><V18/><F3/><W15/><G75/><T6/><D77/><U68/><E68/><V37/><F37/><W12/><G12/><T78/><D78/><U134/><E134/><V24/><F24/><W5/><G95/><T132/><D132/><U83/><E83/><V63/><F63/><AGARI ba="1,0" hai="49,52,56,58,63,65,89,90" m="50263,43530" machi="63" ten="30,7700,0" yaku="15,1,11,1,54,2" doraHai="135" who="1" fromWho="2" sc="422,0,233,80,183,-80,162,0" /><INIT seed="5,0,0,0,0,37" ten="422,313,103,162" oya="1" hai0="9,106,7,64,15,69,49,10,75,92,48,43,51" hai1="127,58,115,74,130,129,73,122,96,19,30,20,68" hai2="85,24,99,59,93,91,111,8,50,90,25,55,16" hai3="29,70,77,65,45,61,131,27,123,133,67,34,46"/><U113/><E68/><V135/><F135/><W12/><G123/><T117/><D106/><U100/><E30/><V84/><F111/><W120/><G133/><T108/><D75/><N who="1" m="28683" /><E58/><V97/><F97/><W109/><G131/><N who="1" m="50186" /><E19/><V38/><F38/><W72/><G109/><T126/><D108/><U5/><E20/><V132/><F132/><W53/><G120/><T98/><D69/><U110/><E5/><V128/><F128/><W23/><G67/><T82/><D64/><U83/><E110/><V6/><F99/><W103/><G103/><T71/><D71/><U17/><E17/><V47/><F59/><W114/><G114/><N who="1" m="43530" /><E122/><V21/><F6/><W56/><G12/><T66/><D15/><U79/><E127/><V63/><F63/><W112/><G34/><T118/><D7/><U31/><E31/><V44/><F44/><W54/><G112/><T3/><D126/><U76/><E83/><V89/><F8/><W125/><G125/><T101/><D82/><U121/><E121/><V60/><F60/><W86/><G54/><T124/><D9/><U33/><E33/><V94/><F90/><W32/><G32/><T13/><D13/><AGARI ba="0,0" hai="13,16,21,24,25,47,50,55,84,85,89,91,93,94" machi="13" ten="30,7700,0" yaku="7,1,9,1,8,1,54,1" doraHai="37" who="2" fromWho="0" sc="422,-77,313,0,103,77,162,0" /><INIT seed="6,0,0,0,5,42" ten="345,313,180,162" oya="2" hai0="17,45,92,121,64,93,67,6,106,87,46,54,117" hai1="77,84,102,27,134,114,0,20,90,96,97,51,83" hai2="37,73,49,108,99,8,35,16,118,14,7,41,89" hai3="52,125,130,38,85,32,25,63,135,65,43,101,47"/><V15/><F118/><W113/><G135/><T62/><D106/><U1/><E114/><V107/><F73/><W29/><G130/><T80/><D6/><U129/><E129/><V128/><F35/><W36/><G125/><T123/><D117/><U75/><E134/><V24/><F37/><W104/><G113/><T61/><D54/><U74/><E74/><V116/><F116/><W112/><G112/><T72/><D72/><U33/><E33/><V59/><F128/><W66/><G85/><T70/><D17/><U81/><E51/><V48/><F108/><W119/><G119/><T9/><D9/><U11/><E11/><V109/><F109/><W115/><G115/><T100/><D100/><U21/><E96/><V124/><F124/><W53/><G36/><T2/><D2/><U26/><E20/><V10/><F24/><W88/><G66/><T76/><D93/><U71/><E27/><V34/><F34/><W133/><G133/><T18/><D92/><U22/><E22/><V69/><F69/><N who="3" m="42175" /><G88/><T132/><D18/><U105/><REACH who="1" step="1"/><E71/><REACH who="1" ten="345,303,180,162" step="2"/><V28/><F48/><W127/><G127/><T13/><D132/><U82/><E82/><V58/><F99/><AGARI ba="0,1" hai="25,29,32,38,43,47,52,53,99,101,104" m="42175" machi="99" ten="30,3900,0" yaku="25,1,52,1,54,1" doraHai="42" who="3" fromWho="2" sc="345,0,303,0,180,-39,162,49" /><INIT seed="7,0,0,5,3,51" ten="345,303,141,211" oya="3" hai0="57,5,1,35,62,59,134,69,50,20,118,116,74" hai1="48,112,111,60,76,56,64,71,108,89,65,12,91" hai2="32,11,28,109,15,125,85,117,27,86,115,40,10" hai3="127,131,110,17,126,87,24,33,44,75,7,36,16"/><W14/><G75/><T58/><D74/><U4/><E76/><V124/><F40/><N who="3" m="22535" /><G7/><T61/><D35/><U132/><E91/><V63/><F63/><N who="0" m="24074" /><D5/><U6/><E89/><V47/><F47/><W73/><G73/><T130/><D1/><U98/><E98/><V82/><F82/><W96/><G96/><T52/><D20/><U9/><E4/><V100/><F100/><W21/><G87/><T19/><D19/><U129/><E6/><V133/><F85/><W42/><G42/><T81/><D81/><U102/><E12/><V107/><F107/><W90/><G90/><T92/><D92/><U31/><E9/><V18/><F86/><W78/><G78/><T30/><D30/><U88/><E88/><V113/><F117/><W37/><G37/><T93/><D93/><U83/><E83/><V80/><F80/><W29/><G110/><T13/><D13/><U120/><E108/><V66/><F66/><W49/><G49/><T55/><D50/><U2/><E48/><V3/><F109/><W95/><G95/><T39/><D39/><U121/><E65/><V97/><F97/><W122/><G122/><T43/><D43/><U38/><E64/><V99/><F99/><W114/><G17/><T135/><D69/><U54/><E71/><V0/><F10/><W119/><G119/><N who="0" m="45611" /><D130/><U84/><E129/><V68/><F68/><W46/><G46/><T123/><D123/><U105/><E121/><V23/><F11/><W101/><G101/><T41/><D41/><U70/><E120/><V53/><F18/><W103/><G131/><T26/><D26/><RYUUKYOKU ba="0,0" sc="345,30,303,-10,141,-10,211,-10" hai0="52,55,57,58,59,134,135" owari="375,48.0,293,9.0,131,-37.0,201,-20.0" /></mjloggm>