<mjloggm ver="2.3"><GO type="169" lobby="0"/><UN n0="%E5%B0%B1%E6%B4%BB%E7%94%9F%40%E5%B7%9D%E6%9D%91%E8%BB%8D%E5%9B%A3" n1="%E3%83%95%E3%83%B3%E3%83%8C" n2="%E3%81%8F%E3%82%89%E3%81%BE%E3%82%82%E3%82%93" n3="%E7%B7%92%E6%96%B9%E6%99%BA%E7%B5%B5%E9%87%8C%2B" dan="18,16,16,19" rate="2251.16,2119.42,2056.21,2202.77" sx="M,M,M,M"/><TAIKYOKU oya="0"/><INIT seed="0,0,0,1,2,22" ten="250,250,250,250" oya="0" hai0="96,119,134,21,103,23,132,76,0,14,17,28,12" hai1="95,45,19,15,69,58,104,131,94,82,48,109,102" hai2="24,118,59,93,71,8,110,13,67,38,106,25,123" hai3="135,127,49,79,42,70,2,87,77,64,124,116,11"/><T31/><D76/><U6/><E69/><V72/><F106/><W99/><G116/><T88/><D103/><U105/><E6/><V54/><F72/><W75/><G75/><T51/><D51/><U125/><E58/><V128/><F123/><W60/><G135/><N who="0" m="51755" /><D119/><U56/><E56/><V41/><F118/><W113/><G113/><T53/><D53/><U43/><E95/><V66/><F110/><W4/><G99/><T68/><D68/><U92/><E92/><V85/><F128/><W65/><G65/><T39/><D39/><U27/><E131/><V40/><F38/><W44/><REACH who="3" step="1"/><G87/><REACH who="3" ten="250,250,250,240" step="2"/><T37/><D96/><U35/><E109/><V55/><F67/><W129/><G129/><T81/><D37/><U133/><E133/><V86/><F66/><W57/><G57/><T9/><D81/><U50/><E82/><V89/><F71/><W1/><G1/><T90/><D0/><U84/><E84/><V121/><F121/><W107/><G107/><T52/><D90/><U61/><E105/><V98/><F85/><W78/><AGARI ba="0,1" hai="2,4,11,42,44,49,60,64,70,77,78,79,124,127" machi="78" ten="30,2000,0" yaku="1,1,0,1,53,0" doraHai="22" doraHaiUra="126" who="3" fromWho="3" sc="250,-10,250,-5,250,-5,240,30" /><INIT seed="1,0,0,5,1,117" ten="240,245,245,270" oya="1" hai0="64,23,104,31,115,109,118,89,121,32,3,54,110" hai1="116,47,79,78,111,96,29,41,70,112,25,18,125" hai2="130,50,42,66,22,98,39,33,95,88,12,84,10" hai3="67,60,93,131,38,46,72,80,49,128,28,127,20"/><U58/><E70/><V9/><F33/><W53/><G127/><T51/><D32/><U45/><E116/><V129/><F39/><W133/><G133/><T71/><D3/><U1/><E112/><V69/><F69/><W101/><G38/><T14/><D104/><U106/><E1/><V87/><F66/><W40/><G40/><T94/><D118/><U97/><E125/><V74/><F74/><W5/><G5/><T26/><D115/><U122/><E122/><V68/><F68/><W134/><G134/><T36/><D36/><U91/><E111/><V132/><F132/><W119/><G119/><T114/><D114/><U11/><E106/><V59/><F22/><W103/><G80/><T7/><D64/><U63/><E41/><V8/><F12/><W57/><G72/><T61/><D61/><U0/><E0/><V19/><F19/><W124/><G124/><T83/><D83/><U86/><E29/><V85/><REACH who="2" step="1"/><F59/><REACH who="2" ten="240,245,235,270" step="2"/><W77/><G67/><T120/><D71/><U24/><E18/><V107/><F107/><W15/><G15/><T55/><D14/><U92/><E11/><V113/><F113/><W43/><G57/><T16/><D7/><U81/><E25/><V82/><F82/><W102/><G20/><T44/><D16/><U48/><E24/><V75/><F75/><W135/><G135/><T17/><D17/><U30/><E81/><V52/><F52/><W35/><G53/><T123/><D54/><U105/><E105/><V126/><F126/><W65/><G35/><T2/><D2/><U108/><E92/><V76/><F76/><RYUUKYOKU ba="0,1" sc="240,15,245,-15,235,15,270,-15" hai0="23,26,31,44,51,55,89,94,109,110,120,121,123" hai2="8,9,10,42,50,84,85,87,88,95,98,129,130" /><INIT seed="2,1,1,2,0,134" ten="255,230,250,255" oya="2" hai0="67,37,0,27,122,61,115,126,79,121,22,14,123" hai1="74,10,25,42,34,52,107,3,31,51,111,70,89" hai2="110,19,108,29,116,15,94,35,66,50,120,132,11" hai3="127,53,5,117,135,54,92,36,99,18,130,101,95"/><V105/><F105/><W26/><G117/><T82/><D0/><U93/><E107/><V97/><F120/><W8/><G36/><T56/><D37/><U72/><E70/><V78/><F116/><W73/><G73/><T48/><D115/><U41/><E74/><V77/><F132/><W58/><G130/><T76/><D14/><U83/><E111/><N who="2" m="42539" /><F66/><W45/><G45/><T119/><D119/><U33/><E33/><V81/><F50/><W32/><G32/><T46/><D82/><U113/><E113/><V103/><F81/><W24/><G54/><T63/><D63/><U17/><E83/><V112/><F112/><W1/><G95/><T80/><D80/><U7/><E72/><V85/><F85/><W100/><G135/><T38/><D38/><U13/><E89/><V106/><F106/><W21/><G100/><T90/><D90/><U47/><E93/><V96/><F96/><W57/><G57/><T125/><D48/><U43/><E42/><V60/><F60/><W118/><G118/><T86/><D46/><U133/><E133/><V40/><F40/><W91/><G101/><T2/><D2/><U30/><E30/><V64/><F64/><W69/><G69/><T87/><D87/><U98/><E98/><V84/><F84/><W104/><G104/><T109/><D86/><U102/><E102/><V9/><F9/><AGARI ba="1,1" hai="3,7,9,10,13,17,25,31,34,41,43,47,51,52" machi="9" ten="30,2000,0" yaku="7,1,54,1" doraHai="134" who="1" fromWho="2" sc="255,0,230,33,250,-23,255,0" /><INIT seed="3,0,0,2,1,5" ten="255,263,227,255" oya="3" hai0="54,63,66,97,38,95,90,7,13,111,44,108,70" hai1="122,46,23,43,113,102,121,47,60,62,120,1,20" hai2="48,133,94,78,0,76,64,83,79,9,18,28,103" hai3="77,25,55,27,22,19,81,86,45,36,100,4,128"/><W2/><G128/><T93/><D93/><U68/><E1/><V106/><F106/><W39/><G100/><T12/><D54/><U61/><E102/><V10/><F133/><W104/><G104/><T51/><D51/><U8/><E68/><V21/><F28/><W32/><G32/><T30/><D30/><U11/><E113/><V134/><F0/><W72/><G27/><T88/><D90/><U57/><E57/><V131/><F131/><W107/><G107/><T96/><D96/><U34/><E34/><V24/><F134/><W6/><G39/><T58/><D58/><U123/><E121/><V99/><F83/><W37/><G37/><T53/><D53/><U29/><E29/><V75/><F75/><W87/><G4/><T82/><D82/><U130/><E43/><V69/><REACH who="2" step="1"/><F48/><REACH who="2" ten="255,263,217,255" step="2"/><W31/><G31/><T52/><D38/><U33/><E130/><V85/><F85/><W117/><G117/><T92/><D92/><U112/><E33/><V49/><F49/><W71/><G36/><T14/><D108/><U110/><E110/><V109/><F109/><W56/><G72/><T91/><D111/><U50/><E50/><V135/><F135/><W74/><G74/><T41/><D41/><U114/><E114/><V40/><F40/><W126/><G86/><T125/><D95/><U65/><E112/><V15/><F15/><W3/><G3/><T101/><D13/><U73/><E73/><V105/><F105/><W98/><G2/><T115/><D14/><U67/><E120/><V124/><F124/><W26/><G126/><T84/><D125/><RYUUKYOKU ba="0,1" sc="255,-10,263,-10,217,30,255,-10" hai2="9,10,18,21,24,64,69,76,78,79,94,99,103" /><INIT seed="4,1,1,0,0,91" ten="245,253,247,245" oya="0" hai0="24,104,58,22,79,36,41,15,63,57,102,51,2" hai1="120,121,126,93,114,43,118,9,66,18,34,37,53" hai2="33,127,29,75,47,28,17,98,59,69,14,32,30" hai3="10,45,95,85,1,131,117,64,52,4,42,71,130"/><T3/><D36/><U21/><E34/><V11/><F69/><W123/><G117/><T103/><D3/><U7/><E118/><V55/><F75/><W78/><G123/><T49/><D2/><U107/><E107/><V31/><F127/><W101/><G78/><T19/><D104/><U92/><E66/><V86/><N who="2" m="7680" /><DORA hai="116" /><V132/><F132/><W99/><G85/><T129/><D79/><U60/><E43/><V76/><F47/><W77/><G77/><T54/><D129/><U111/><E37/><V94/><F86/><W48/><REACH who="3" step="1"/><G42/><REACH who="3" ten="245,253,247,235" step="2"/><T56/><D41/><U74/><E120/><V38/><F76/><W25/><G25/><T20/><D63/><AGARI ba="1,2" hai="1,4,10,45,48,52,63,64,71,95,99,101,130,131" machi="63" ten="40,8000,1" yaku="1,1,52,1,54,1,53,2" doraHai="91,116" doraHaiUra="96,62" who="3" fromWho="0" sc="245,-83,253,0,247,0,235,103" /><INIT seed="5,0,0,4,2,27" ten="162,253,247,338" oya="1" hai0="12,68,108,107,15,105,73,50,101,80,120,45,134" hai1="59,72,47,115,113,111,109,76,71,114,81,36,96" hai2="22,62,98,95,54,112,106,58,131,94,133,39,20" hai3="117,91,9,102,118,67,7,6,121,82,99,110,48"/><U53/><E71/><V1/><F1/><W0/><G110/><N who="1" m="41994" /><E96/><V10/><F39/><W3/><G121/><T17/><D68/><U31/><E31/><V61/><F133/><W52/><G67/><T37/><D37/><U92/><E92/><V13/><F131/><W97/><G82/><T123/><D108/><U132/><E132/><V14/><F112/><W66/><G66/><T40/><D134/><U18/><E18/><V24/><F106/><W5/><G91/><T104/><D101/><U4/><E4/><N who="3" m="1642" /><G0/><T116/><D116/><N who="3" m="44649" /><G102/><T77/><REACH who="0" step="1"/><D17/><REACH who="0" ten="152,253,247,338" step="2"/><U32/><E36/><V100/><F100/><W8/><G3/><T28/><D28/><U128/><E128/><V55/><F13/><AGARI ba="0,1" hai="12,13,15,40,45,50,73,77,80,104,105,107,120,123" machi="13" ten="50,1600,0" yaku="1,1,53,0" doraHai="27" doraHaiUra="2" who="0" fromWho="2" sc="152,26,253,0,247,-16,338,0" /><INIT seed="6,0,0,3,2,37" ten="178,253,231,338" oya="2" hai0="19,6,18,97,51,48,126,111,13,59,32,21,73" hai1="114,103,77,8,53,93,26,66,85,67,63,54,87" hai2="92,4,102,36,131,132,47,28,74,64,107,12,49" hai3="22,31,5,81,43,56,60,134,88,110,89,20,135"/><V10/><F74/><W2/><G110/><T42/><D73/><U121/><E114/><V104/><F132/><N who="3" m="50731" /><G2/><T119/><D32/><U109/><E109/><V123/><F131/><W3/><G43/><T0/><D111/><U71/><E71/><V98/><F123/><W80/><G3/><T94/><D126/><U86/><E77/><V78/><F78/><W40/><G40/><T38/><D119/><U84/><E121/><V118/><F118/><W90/><G5/><T35/><D35/><U115/><E115/><V11/><F36/><W30/><G80/><T133/><D133/><U57/><E67/><V39/><F39/><W125/><G81/><T96/><D96/><N who="1" m="59791" /><E85/><V50/><F50/><W62/><G125/><T65/><D38/><U44/><E44/><V14/><F28/><N who="3" m="10795" /><G56/><T112/><D112/><U15/><E26/><V29/><F29/><W82/><G82/><T129/><D129/><U33/><E33/><V108/><F108/><W106/><G106/><T95/><D95/><U58/><E57/><V99/><F104/><W41/><G41/><T127/><D127/><U83/><E83/><V79/><F107/><W34/><G34/><T61/><D42/><U25/><E25/><V76/><F76/><W100/><G100/><N who="0" m="60471" /><D0/><U7/><AGARI ba="0,0" hai="7,8,15,53,54,58,63,66,84,86,87" m="59791" machi="7" ten="30,1100,0" yaku="8,1" doraHai="37" who="1" fromWho="1" sc="178,-3,253,11,231,-5,338,-3" /><INIT seed="7,0,0,0,1,42" ten="175,264,226,335" oya="3" hai0="43,130,129,76,73,96,109,15,74,57,127,106,65" hai1="51,92,64,44,100,87,90,37,2,4,104,119,26" hai2="117,21,5,81,134,67,23,72,31,70,114,75,91" hai3="40,77,46,132,18,111,17,68,133,103,61,22,115"/><W63/><G115/><T24/><D109/><U9/><E37/><V10/><F117/><W83/><G103/><T97/><D24/><U14/><E119/><V88/><F114/><W126/><G126/><T71/><D71/><U62/><E26/><V122/><F134/><N who="3" m="51819" /><G68/><T60/><D127/><U102/><E2/><V41/><F41/><W135/><G111/><T80/><D73/><U86/><E86/><V55/><F122/><W99/><G99/><T85/><D74/><U82/><E92/><V105/><F105/><W53/><G53/><T108/><D108/><U84/><E87/><V125/><F23/><W0/><G0/><T118/><D118/><U48/><E48/><V29/><F5/><W32/><G32/><T124/><D124/><U56/><E104/><V20/><F91/><W34/><G34/><T101/><D96/><U38/><E38/><V112/><F75/><N who="3" m="43455" /><G18/><T8/><REACH who="0" step="1"/><D43/><AGARI ba="0,0" hai="4,9,14,43,44,51,56,62,64,82,84,90,100,102" machi="43" ten="30,3900,0" yaku="7,1,8,1,52,1" doraHai="42" who="1" fromWho="0" sc="175,-39,264,39,226,0,335,0" owari="136,-36.0,303,10.0,226,-17.0,335,43.0" /></mjloggm>