<mjloggm ver="2.3"><GO type="225" lobby="0"/><UN n0="%E3%83%BB%E3%80%82%EF%BC%BE" n1="%E5%B0%B1%E6%B4%BB%E7%94%9F%40%E5%B7%9D%E6%9D%91%E8%BB%8D%E5%9B%A3" n2="%44%41%49%4C%4F" n3="%E3%81%90%E3%81%9D%E3%83%BC" dan="16,17,16,16" rate="2072.27,2187.35,2107.00,2176.06" sx="M,M,F,M"/><TAIKYOKU oya="0"/><INIT seed="0,0,0,3,1,98" ten="250,250,250,250" oya="0" hai0="134,130,29,89,48,95,11,90,58,111,9,3,119" hai1="27,42,113,10,127,53,52,35,85,2,132,21,62" hai2="123,112,59,37,125,129,5,0,41,61,77,22,91" hai3="8,18,93,65,79,34,109,38,17,117,101,36,28"/><T104/><D119/><U56/><E35/><V7/><F123/><W51/><G117/><T128/><D104/><U122/><E122/><V63/><F112/><W86/><G109/><T115/><D115/><U50/><E113/><V40/><F77/><W116/><G116/><T6/><D134/><U120/><E120/><V107/><F107/><W80/><G65/><T19/><D29/><U30/><E132/><V33/><F33/><W82/><G51/><T74/><D74/><U39/><E127/><V12/><F125/><W23/><G34/><T14/><D111/><U73/><E73/><V87/><F0/><W54/><G54/><N who="0" m="32071" /><D95/><U106/><E106/><V4/><F129/><AGARI ba="0,0" hai="3,6,9,11,14,19,89,90,128,129,130" m="32071" machi="129" ten="30,1500,0" yaku="19,1" doraHai="98" who="0" fromWho="2" sc="250,15,250,0,250,-15,250,0" /><INIT seed="0,1,0,0,0,47" ten="265,250,235,250" oya="0" hai0="126,115,8,63,109,15,41,29,114,14,2,55,11" hai1="17,44,26,27,122,38,77,20,59,9,28,42,99" hai2="110,131,0,62,84,89,118,100,86,132,22,39,53" hai3="70,64,61,52,119,75,106,81,91,74,18,127,112"/><T135/><D135/><U76/><E122/><V92/><F0/><W130/><G112/><T85/><D2/><U107/><E59/><V97/><F39/><W5/><G119/><T108/><D126/><U33/><E107/><V7/><F110/><N who="0" m="42602" /><D41/><U88/><REACH who="1" step="1"/><E9/><REACH who="1" ten="265,240,235,250" step="2"/><V23/><F118/><W16/><G106/><T50/><D114/><U116/><E116/><V54/><F132/><W113/><G113/><T134/><D115/><U49/><E49/><V120/><F120/><W32/><G127/><T125/><D125/><U35/><E35/><V83/><F131/><W21/><G32/><T73/><D134/><U24/><E24/><V40/><F62/><W46/><G130/><T51/><D8/><U103/><E103/><V93/><F40/><W58/><G70/><T66/><D11/><U82/><E82/><V1/><F100/><W105/><G105/><T12/><D73/><U34/><E34/><V31/><F83/><W98/><G75/><T10/><D10/><U13/><E13/><V90/><F1/><W78/><G5/><T43/><D43/><U57/><E57/><V80/><F7/><W104/><G104/><T37/><D37/><U19/><E19/><V124/><F124/><W36/><G36/><T56/><D29/><U87/><E87/><V30/><REACH who="2" step="1"/><F80/><REACH who="2" ten="265,240,225,250" step="2"/><W133/><G133/><T68/><D85/><U79/><E79/><V45/><F45/><W60/><G46/><T96/><D96/><AGARI ba="1,2" hai="22,23,30,31,53,54,84,86,89,90,92,93,96,97" machi="96" ten="25,12000,2" yaku="1,1,22,2,8,1,53,2" doraHai="47" doraHaiUra="48" who="2" fromWho="0" sc="265,-123,240,0,225,143,250,0" /><INIT seed="1,0,0,4,4,0" ten="142,240,368,250" oya="1" hai0="122,70,121,39,59,40,44,14,86,130,8,10,87" hai1="24,19,71,58,101,11,127,133,126,112,105,12,119" hai2="108,84,65,5,131,92,90,97,51,75,103,64,107" hai3="128,31,134,3,49,93,41,111,54,17,99,69,30"/><U88/><E71/><V38/><F38/><W110/><G69/><T42/><D70/><U37/><E37/><V132/><F108/><N who="3" m="41515" /><G134/><T55/><D40/><U85/><E119/><V13/><F132/><W34/><G128/><T46/><D44/><U89/><E112/><V32/><F131/><W98/><G41/><T102/><D102/><U48/><E133/><V52/><F32/><W50/><G3/><T45/><D45/><U56/><E24/><V25/><F25/><W22/><G99/><T4/><D130/><U53/><E58/><V66/><F75/><W60/><G60/><T115/><D115/><U83/><REACH who="1" step="1"/><E89/><REACH who="1" ten="142,230,368,250" step="2"/><V120/><F90/><N who="3" m="55607" /><G49/><T129/><D129/><U104/><E104/><V29/><F107/><W113/><G113/><T16/><D122/><U94/><E94/><V28/><F120/><W78/><G78/><T6/><D121/><U2/><E2/><V91/><F51/><W125/><G125/><T1/><REACH who="0" step="1"/><D4/><REACH who="0" ten="132,230,368,250" step="2"/><U74/><E74/><V135/><F5/><W20/><G50/><AGARI ba="0,2" hai="1,6,8,10,14,16,39,42,46,50,55,59,86,87" machi="50" ten="30,8000,1" yaku="1,1,2,1,7,1,52,1,54,1,53,0" doraHai="0" doraHaiUra="100" who="0" fromWho="3" sc="132,100,230,0,368,0,250,-80" /><INIT seed="2,0,0,1,4,27" ten="232,230,368,170" oya="2" hai0="53,23,70,22,112,123,69,72,48,133,66,55,31" hai1="10,96,32,75,79,84,135,56,54,59,90,12,114" hai2="128,17,81,34,121,116,21,127,57,28,93,16,14" hai3="103,88,87,33,8,107,109,4,40,18,89,86,83"/><V6/><F57/><W39/><G109/><T58/><D123/><U47/><E32/><V108/><F121/><W71/><G71/><T100/><D112/><U5/><E75/><V35/><F93/><W30/><G18/><N who="2" m="7273" /><F81/><W37/><G107/><T74/><D133/><U19/><E135/><V65/><F65/><W44/><G103/><T126/><D100/><U129/><E129/><V80/><F80/><W91/><G39/><T49/><D126/><U134/><E134/><V13/><F127/><W115/><G115/><T63/><D66/><U68/><E68/><V110/><F116/><W95/><G91/><T125/><D125/><U38/><E38/><V67/><F67/><W117/><G117/><T11/><D58/><U132/><E132/><V61/><F61/><W124/><G124/><T26/><D63/><U118/><E114/><V42/><F42/><W102/><G102/><T122/><D122/><U46/><E59/><V92/><F92/><W52/><G52/><T85/><D69/><U106/><E118/><V130/><F35/><W131/><G131/><N who="2" m="50217" /><F34/><W24/><REACH who="3" step="1"/><G4/><REACH who="3" ten="232,230,368,160" step="2"/><T50/><D70/><U7/><E5/><V62/><F6/><W78/><G78/><T20/><D55/><U45/><E7/><V111/><F111/><W64/><G64/><T77/><D53/><U99/><E79/><V101/><F101/><W3/><G3/><T2/><D2/><U119/><E106/><V36/><F36/><W51/><G51/><T9/><D77/><U82/><E119/><V97/><F110/><W41/><G41/><T113/><D113/><U105/><E105/><RYUUKYOKU ba="0,1" sc="232,-15,230,15,368,-15,160,15" hai1="10,12,19,45,46,47,54,56,82,84,90,96,99" hai3="8,24,30,33,37,40,44,83,86,87,88,89,95" /><INIT seed="3,1,1,3,3,32" ten="217,245,353,175" oya="3" hai0="106,15,62,27,3,97,34,122,94,79,117,25,35" hai1="28,46,56,65,101,9,103,31,83,105,91,51,107" hai2="130,33,96,71,45,20,29,61,114,8,24,23,126" hai3="104,7,72,37,128,10,64,111,22,112,14,86,88"/><W108/><G112/><T121/><D117/><U16/><E105/><V85/><F114/><W55/><G72/><T58/><D106/><U115/><E107/><V100/><F130/><W60/><G128/><T19/><D79/><U120/><E56/><V109/><F109/><N who="3" m="42059" /><G104/><T63/><D3/><U80/><E65/><V57/><F126/><W93/><G37/><T54/><D63/><U135/><E135/><V89/><F71/><N who="3" m="42375" /><G22/><T75/><D75/><U125/><E125/><V124/><F124/><W5/><G55/><T40/><D40/><N who="1" m="25031" /><E120/><V47/><F8/><W44/><G44/><T113/><D113/><U18/><E9/><V68/><F68/><W95/><G7/><T84/><D54/><U59/><E59/><V92/><F47/><W119/><G119/><T38/><D58/><U2/><E115/><V127/><F45/><W98/><G98/><T1/><D97/><U78/><E28/><V52/><F127/><W67/><G67/><T102/><D121/><U49/><E31/><V48/><F61/><W118/><G118/><T41/><D62/><U73/><E49/><V133/><F133/><W129/><G129/><T134/><D122/><U17/><E17/><V13/><F13/><BYE who="2" /><W76/><G76/><T123/><D15/><U87/><E18/><V90/><F90/><W36/><G36/><T116/><D19/><U11/><E16/><V6/><F6/><W26/><G26/><N who="0" m="9739" /><D134/><U69/><E69/><UN n2="%44%41%49%4C%4F" /><V131/><F131/><W4/><G4/><T39/><D39/><U42/><E42/><V74/><F74/><W110/><N who="3" m="42067" /><W132/><DORA hai="50" /><G132/><RYUUKYOKU ba="1,1" sc="217,-30,245,10,353,10,175,10" hai1="2,11,73,78,80,83,87,91,101,103" hai2="20,23,24,29,33,48,52,57,85,89,92,96,100" hai3="5,10,14,86,88,93,95" /><INIT seed="3,2,1,5,1,88" ten="187,255,363,185" oya="3" hai0="55,30,2,46,59,76,135,130,23,124,78,72,81" hai1="65,32,1,109,64,10,123,87,133,75,80,38,21" hai2="44,132,73,112,67,16,104,40,61,107,12,66,27" hai3="95,43,69,125,121,91,57,82,37,128,18,97,117"/><W13/><G121/><T113/><D2/><U126/><E32/><V6/><F112/><W62/><G117/><T53/><D113/><U8/><E38/><V110/><F110/><W50/><G128/><T105/><D105/><U77/><E75/><V96/><F132/><W93/><G125/><T89/><D135/><U102/><E123/><V116/><F73/><W68/><G37/><T26/><D130/><U79/><E1/><V85/><F85/><N who="3" m="50615" /><G69/><T111/><D111/><U98/><E109/><V9/><F96/><W28/><G68/><T49/><D124/><U35/><E35/><V101/><F101/><W92/><G28/><T60/><D76/><U115/><E79/><V42/><F42/><W0/><G0/><T84/><D72/><U15/><E115/><V31/><F6/><W129/><G129/><T118/><D118/><U134/><E126/><V119/><F66/><N who="1" m="25705" /><E134/><V100/><F119/><W11/><G62/><T39/><D39/><U99/><E133/><V24/><F116/><W86/><G86/><T51/><D78/><U34/><E34/><V94/><F61/><AGARI ba="2,1" hai="23,26,30,46,49,51,53,55,59,60,61,81,84,89" machi="61" ten="40,1300,0" yaku="8,1" doraHai="88" who="0" fromWho="2" sc="187,29,255,0,363,-19,185,0" owari="216,-18.0,255,6.0,344,43.0,185,-31.0" /></mjloggm>