<mjloggm ver="2.3"><GO type="169" lobby="0"/><UN n0="%E3%83%95%E3%82%A7%E3%83%AB%E3%83%8A%E3%83%B3%E3%83%89" n1="%E3%82%A6%E3%83%AB%E3%83%88%E3%83%A9%E7%AB%8B%E7%9B%B4" n2="%E6%8E%A8%E7%A9%BA%EF%BC%B0" n3="%E9%BB%92%E9%AC%BC" dan="16,17,16,16" rate="2097.41,2164.14,2191.59,2115.73" sx="M,M,F,M"/><TAIKYOKU oya="0"/><INIT seed="0,0,0,2,2,92" ten="250,250,250,250" oya="0" hai0="8,111,122,90,46,7,80,118,107,120,123,59,88" hai1="98,38,73,66,97,3,19,52,134,87,44,27,81" hai2="117,0,70,71,110,106,21,36,69,34,49,135,96" hai3="47,55,9,39,58,129,108,28,18,101,132,29,24"/><T128/><D118/><U130/><E73/><V14/><F21/><W61/><G108/><T91/><D128/><U102/><E3/><V112/><F14/><W115/><G115/><T99/><D111/><U4/><E130/><V127/><F49/><W72/><G72/><T65/><D46/><U16/><E134/><V53/><F96/><N who="1" m="36969" /><E38/><V54/><F53/><W57/><G101/><T67/><D59/><U64/><E4/><V74/><F54/><W2/><G129/><T89/><D80/><U68/><E68/><V62/><F62/><W133/><G2/><T125/><D125/><U94/><E94/><V60/><F60/><W5/><G5/><T131/><D131/><U50/><E102/><V63/><F63/><W30/><G57/><T75/><D75/><U77/><E27/><V33/><F74/><W26/><G26/><T13/><N who="0" m="22528" /><DORA hai="22" /><T1/><REACH who="0" step="1"/><D1/><REACH who="0" ten="240,250,250,250" step="2"/><U126/><E126/><V20/><F0/><W56/><G58/><T17/><D17/><AGARI ba="0,1" hai="16,17,19,44,50,52,64,66,77,81,87" m="36969" machi="17" ten="30,12000,2" yaku="8,1,52,3,54,2" doraHai="92,22" who="1" fromWho="0" sc="240,-120,250,130,250,0,250,0" /><INIT seed="1,0,0,3,3,99" ten="120,380,250,250" oya="1" hai0="59,84,87,118,70,53,123,74,73,13,107,117,127" hai1="122,46,56,33,93,40,90,58,104,37,61,68,20" hai2="109,108,19,76,133,7,6,135,9,55,81,0,85" hai3="131,120,22,132,89,21,134,18,30,28,114,113,72"/><U126/><E33/><V65/><F65/><W92/><G72/><T129/><D70/><U82/><E104/><V86/><F55/><W52/><G120/><T105/><D123/><U2/><E122/><V101/><F19/><W43/><G43/><T66/><D129/><U34/><E34/><V128/><F128/><W38/><G38/><T15/><D66/><U16/><E2/><V125/><F125/><W1/><G131/><T103/><D53/><U48/><E82/><V49/><F49/><W31/><G1/><T78/><D59/><U14/><E126/><V54/><F54/><W121/><G121/><T77/><REACH who="0" step="1"/><D127/><REACH who="0" ten="110,380,250,250" step="2"/><U25/><E68/><V112/><F112/><W83/><G113/><T10/><D10/><U51/><E58/><V35/><F9/><W17/><G114/><T106/><D106/><U42/><E42/><V4/><F0/><W111/><G52/><T69/><D69/><U96/><E56/><V110/><F35/><W62/><G62/><T116/><D116/><U29/><E61/><V88/><REACH who="2" step="1"/><F101/><AGARI ba="0,1" hai="13,15,73,74,77,78,84,87,101,103,105,107,117,118" machi="101" ten="25,8000,1" yaku="1,1,22,2,52,2,53,0" doraHai="99" doraHaiUra="71" who="0" fromWho="2" sc="110,90,380,0,250,-80,250,0" /><INIT seed="2,0,0,0,0,65" ten="200,380,170,250" oya="2" hai0="24,17,30,70,66,64,103,40,44,90,57,76,101" hai1="89,71,49,50,10,3,82,52,45,109,21,18,7" hai2="126,54,113,29,53,116,63,59,73,12,104,67,127" hai3="78,86,38,25,98,123,51,2,11,28,26,36,93"/><V34/><F116/><W62/><G123/><T95/><D76/><U115/><E109/><V39/><F113/><W23/><G51/><T79/><D79/><U6/><E115/><V75/><F104/><W41/><G41/><T105/><D105/><U69/><E7/><V58/><F12/><W100/><G26/><T131/><D131/><U108/><E108/><V130/><F39/><W15/><G2/><T55/><D17/><U117/><E117/><V121/><F121/><W83/><REACH who="3" step="1"/><G62/><REACH who="3" ten="200,380,170,240" step="2"/><T128/><D40/><U111/><E111/><V35/><F63/><W47/><G47/><T8/><D44/><U27/><E50/><V110/><F110/><W114/><G114/><T13/><D24/><U122/><E122/><V48/><F48/><W14/><G14/><T61/><D13/><U20/><E20/><V22/><F22/><W119/><G119/><T42/><D61/><U74/><E74/><V125/><F127/><W133/><G133/><T135/><D135/><U97/><REACH who="1" step="1"/><E97/><REACH who="1" ten="200,370,170,240" step="2"/><V43/><F126/><W107/><G107/><T134/><D134/><U72/><E72/><V118/><F125/><W106/><G106/><T5/><D128/><U9/><E9/><V120/><F130/><W94/><G94/><T81/><D95/><U84/><AGARI ba="0,2" hai="3,6,10,18,21,27,45,49,52,69,71,82,84,89" machi="84" ten="30,8000,1" yaku="1,1,0,1,52,2,54,1,53,0" doraHai="65" doraHaiUra="56" who="1" fromWho="1" sc="200,-20,370,100,170,-40,240,-20" /><INIT seed="3,0,0,0,1,93" ten="180,470,130,220" oya="3" hai0="0,50,108,57,96,30,40,85,100,48,81,131,74" hai1="14,15,13,132,12,6,99,5,22,53,106,115,88" hai2="72,49,95,27,1,110,69,101,42,58,112,21,104" hai3="133,77,56,87,31,75,83,113,129,114,118,51,32"/><W64/><G118/><T19/><D74/><U33/><E33/><V62/><F104/><W111/><G32/><T63/><D0/><U116/><E115/><V102/><F112/><W43/><G31/><T119/><D119/><U70/><E70/><V135/><F1/><W60/><G133/><T123/><D123/><U47/><E132/><V65/><F135/><W125/><G125/><T121/><D121/><U92/><E106/><V7/><F72/><W127/><G127/><T8/><D108/><U37/><E116/><V80/><F110/><W122/><G122/><T18/><D131/><U84/><E37/><V29/><F7/><W94/><G111/><T97/><D30/><U44/><E84/><V78/><F69/><W4/><G129/><T117/><D117/><U36/><E36/><V79/><F80/><W91/><G4/><N who="1" m="1642" /><E53/><V130/><F130/><W41/><G43/><T103/><D40/><U39/><E39/><V68/><F68/><W120/><G120/><T54/><D8/><U105/><E105/><V20/><F20/><W35/><G35/><T73/><D73/><U89/><E89/><V98/><F102/><N who="0" m="38954" /><D63/><U23/><E23/><V2/><F2/><W76/><G77/><N who="0" m="46255" /><D50/><U124/><E124/><V3/><F3/><W66/><G64/><T26/><D26/><U128/><E128/><V86/><F86/><W45/><AGARI ba="0,0" hai="41,45,51,56,60,66,75,76,83,87,91,94,113,114" machi="45" ten="30,1500,0" yaku="0,1" doraHai="93" who="3" fromWho="3" sc="180,-5,470,-5,130,-5,220,15" /><INIT seed="3,1,0,0,5,72" ten="175,465,125,235" oya="3" hai0="134,109,128,41,96,127,69,30,14,77,93,37,95" hai1="5,43,18,56,118,110,40,68,42,34,124,35,44" hai2="58,71,103,2,123,125,101,65,52,135,131,111,28" hai3="8,112,116,32,47,23,78,55,11,62,102,6,12"/><W17/><G116/><T100/><D69/><U22/><E68/><V38/><F28/><W50/><G112/><T48/><D37/><U133/><E5/><V120/><F38/><W106/><G32/><T31/><D109/><U53/><E44/><V54/><F2/><W79/><G106/><T45/><D134/><U115/><E115/><V16/><F111/><W13/><G102/><N who="2" m="38921" /><F71/><W107/><G107/><T90/><D127/><U20/><E20/><V61/><F135/><W33/><G33/><T92/><D128/><U130/><E110/><V74/><F74/><W66/><REACH who="3" step="1"/><G23/><REACH who="3" ten="175,465,125,225" step="2"/><T75/><D100/><U84/><E34/><V108/><F108/><W7/><G7/><T3/><D3/><U46/><E35/><V15/><F131/><W4/><G4/><T98/><D14/><U51/><E118/><V82/><F125/><W26/><G26/><T121/><D121/><N who="2" m="46666" /><F82/><W73/><G73/><T9/><D75/><U10/><E124/><V122/><N who="2" m="46674" /><V117/><DORA hai="29" /><F117/><W88/><G88/><T19/><D90/><U67/><E133/><V25/><F25/><W27/><G27/><T129/><D129/><U36/><E130/><V104/><F104/><W132/><G132/><T21/><D95/><U63/><E22/><AGARI ba="1,1" hai="15,16,22,52,54,58,61,65" m="46674,38921" machi="22" ten="40,5200,0" yaku="13,1,54,2" doraHai="72,29" who="2" fromWho="1" sc="175,0,465,-55,125,65,225,0" /><INIT seed="4,0,0,3,3,39" ten="175,410,190,225" oya="0" hai0="124,44,80,46,100,131,21,48,37,114,47,92,127" hai1="55,19,28,121,99,30,16,66,8,33,125,133,15" hai2="12,105,31,118,10,13,70,103,58,1,69,84,67" hai3="18,96,38,134,122,29,25,11,109,90,4,17,132"/><T3/><D3/><U41/><E121/><V77/><F1/><N who="3" m="399" /><G38/><T88/><D114/><U42/><E66/><V57/><F31/><N who="1" m="11817" /><E33/><V71/><F118/><W40/><G40/><N who="0" m="22543" /><D131/><U6/><E125/><N who="0" m="48201" /><D21/><U135/><E55/><V68/><F67/><W9/><G9/><T36/><D36/><U120/><E120/><V108/><F108/><W123/><G109/><T65/><D65/><U2/><E99/><V83/><N who="2" m="17408" /><DORA hai="75" /><V94/><F105/><W52/><G122/><T22/><D22/><N who="1" m="11551" /><E19/><V72/><F12/><W73/><G17/><T61/><D61/><U113/><E113/><V82/><F13/><W115/><G18/><T93/><D100/><U95/><E95/><N who="0" m="36425" /><D48/><U51/><E51/><V0/><F0/><W117/><G115/><T56/><D56/><U5/><E5/><V126/><F126/><W50/><G50/><T119/><D119/><U112/><E112/><V53/><F10/><W89/><G117/><T54/><D54/><U130/><E130/><V81/><F57/><W34/><G52/><T20/><D20/><U76/><E8/><V7/><F7/><W24/><G123/><T26/><D26/><U79/><E6/><V87/><F53/><W101/><G24/><T60/><D60/><U110/><E2/><V107/><F58/><W64/><G64/><T102/><D102/><U14/><E110/><V104/><F103/><W86/><G101/><T35/><D35/><U74/><E14/><V116/><F116/><W97/><G34/><T63/><D63/><U27/><E27/><V49/><F49/><W78/><G25/><T111/><D111/><RYUUKYOKU ba="0,0" sc="175,30,410,-10,190,-10,225,-10" hai0="46,47,80,88" /><INIT seed="4,1,0,5,0,111" ten="205,400,180,215" oya="0" hai0="114,126,134,34,71,14,62,19,103,73,96,131,106" hai1="116,39,13,67,4,112,25,124,78,43,86,66,44" hai2="56,76,95,31,46,47,54,133,72,122,21,82,32" hai3="55,69,87,132,3,108,29,85,2,59,92,8,89"/><T101/><D73/><U58/><E116/><V22/><F122/><W70/><G108/><T128/><D34/><U63/><E124/><V104/><F104/><W30/><G132/><T117/><D117/><U20/><E112/><V90/><F133/><W80/><G69/><T91/><D134/><U120/><E120/><V68/><F68/><W36/><G36/><T18/><D126/><U24/><E67/><V12/><F32/><W109/><G70/><T102/><D106/><U10/><E78/><V81/><F81/><W26/><G109/><T48/><D48/><U16/><REACH who="1" step="1"/><E86/><REACH who="1" ten="205,390,180,215" step="2"/><V123/><F123/><W110/><G85/><T129/><D114/><U115/><E115/><V98/><F22/><W119/><G87/><T88/><D131/><U121/><E121/><V41/><F41/><W6/><G119/><T50/><D129/><U27/><AGARI ba="1,1" hai="4,10,13,16,20,24,25,27,39,43,44,58,63,66" machi="27" ten="20,5200,0" yaku="1,1,0,1,7,1,54,1,53,0" doraHai="111" doraHaiUra="74" who="1" fromWho="1" sc="205,-27,390,65,180,-14,215,-14" /><INIT seed="5,0,0,2,1,21" ten="178,455,166,201" oya="1" hai0="53,16,46,51,3,115,103,83,55,65,95,22,20" hai1="7,71,79,133,9,47,62,82,38,57,29,99,105" hai2="107,93,124,76,48,6,0,17,2,49,23,74,98" hai3="72,122,31,134,43,86,104,114,116,67,50,14,102"/><U10/><E71/><V113/><F107/><W91/><G122/><T15/><D115/><U36/><E133/><V70/><F70/><W97/><G114/><T101/><D3/><U135/><E135/><V26/><F124/><W75/><G134/><T12/><D65/><U119/><E119/><V112/><F113/><W27/><G116/><T13/><D83/><U63/><E10/><V42/><F112/><W96/><G67/><T56/><D95/><U88/><E29/><V130/><F130/><W125/><G125/><T87/><D87/><U127/><E127/><V25/><F0/><W39/><G39/><T19/><REACH who="0" step="1"/><D15/><REACH who="0" ten="168,455,166,201" step="2"/><U68/><E82/><V28/><F2/><W64/><G64/><T59/><D59/><U58/><E57/><V110/><F110/><W73/><G14/><T30/><D30/><U121/><E58/><V52/><F6/><W37/><G86/><T108/><D108/><U123/><E7/><V8/><F74/><W18/><G31/><T5/><D5/><U45/><E123/><V77/><F42/><W128/><G73/><T41/><D41/><U129/><E121/><V33/><F8/><W120/><G120/><T131/><D131/><U85/><E129/><V80/><F80/><W109/><G128/><T117/><D117/><U61/><E68/><V69/><F69/><W94/><G109/><T126/><D126/><U35/><E9/><V92/><F92/><W11/><G11/><T1/><D1/><U24/><E85/><V81/><F81/><W111/><G111/><T84/><D84/><U78/><E105/><V118/><F118/><RYUUKYOKU ba="0,1" sc="168,30,455,-10,166,-10,201,-10" hai0="12,13,16,19,20,22,46,51,53,55,56,101,103" /><INIT seed="6,1,1,4,0,0" ten="198,445,156,191" oya="2" hai0="9,3,103,110,79,133,51,23,20,75,7,70,19" hai1="34,88,64,24,15,91,124,12,135,5,117,119,83" hai2="10,44,74,49,73,57,86,131,8,105,114,85,78" hai3="63,95,104,52,130,77,11,126,32,37,67,4,109"/><V30/><F105/><W55/><G104/><T59/><D70/><U65/><E83/><V17/><F30/><W134/><G109/><T132/><D110/><U13/><E13/><V31/><F31/><W118/><G118/><T42/><D103/><U2/><E2/><V69/><F69/><W21/><G32/><T45/><D59/><U99/><E99/><V89/><F131/><W28/><G37/><T93/><D93/><U50/><E50/><V6/><F114/><W76/><G126/><T43/><D43/><U36/><E36/><V1/><F57/><N who="3" m="37359" /><G134/><N who="0" m="51819" /><D19/><U112/><E135/><V102/><F102/><W29/><G95/><T60/><D60/><U58/><E124/><V47/><F78/><N who="3" m="30315" /><G130/><T111/><D111/><U14/><E112/><V116/><F116/><W18/><G28/><T97/><D97/><U27/><E65/><V84/><F89/><W35/><G35/><T54/><D54/><U106/><E91/><V107/><F107/><W71/><G71/><T94/><D94/><U33/><E88/><V128/><F128/><W100/><G100/><T113/><D113/><U72/><E106/><V127/><F127/><W26/><G18/><T16/><D16/><U92/><E92/><V122/><F47/><W38/><G38/><T40/><D40/><U129/><E129/><V68/><F68/><W66/><G66/><T115/><D115/><U62/><E119/><V108/><F108/><W22/><G22/><N who="0" m="8235" /><D79/><U125/><E125/><V81/><F81/><W53/><G55/><T82/><D82/><U87/><E117/><V25/><F17/><W121/><G121/><RYUUKYOKU ba="1,1" sc="198,15,445,-15,156,-15,191,15" hai0="3,7,9,42,45,51,75" hai3="4,11,21,26,29,52,53" /><INIT seed="7,2,1,3,3,83" ten="213,430,141,206" oya="3" hai0="8,85,15,72,46,87,89,94,69,52,96,64,27" hai1="50,97,68,63,115,34,17,122,135,36,62,4,131" hai2="116,21,19,53,109,6,120,104,14,23,78,48,38" hai3="134,92,81,25,55,132,26,111,1,105,129,9,41"/><W35/><G105/><T12/><D72/><U79/><E36/><V88/><F109/><W70/><G111/><T32/><D69/><U84/><E34/><V93/><F116/><W95/><G70/><T13/><D64/><U57/><E68/><V80/><F104/><W3/><G129/><T31/><D8/><U33/><E33/><V28/><F38/><W43/><G55/><T44/><D44/><U102/><E50/><V2/><F120/><W49/><G81/><T16/><D16/><U66/><E17/><V45/><F2/><W76/><G76/><T103/><D46/><U30/><E79/><V0/><F0/><W90/><G35/><T10/><D10/><U65/><E66/><V113/><F113/><W118/><G49/><T59/><REACH who="0" step="1"/><D103/><REACH who="0" ten="203,430,141,206" step="2"/><U58/><E102/><V54/><F6/><W60/><G9/><T133/><D133/><U5/><E135/><V37/><F37/><W128/><G134/><T7/><D7/><U18/><E18/><V110/><F110/><W107/><G132/><T130/><D130/><U86/><E131/><V74/><F53/><W125/><G128/><T20/><D20/><U112/><E65/><V82/><F82/><W39/><G39/><T67/><D67/><U100/><E100/><V71/><F71/><W75/><G41/><T56/><D56/><U29/><E122/><V11/><REACH who="2" step="1"/><F28/><REACH who="2" ten="203,430,131,206" step="2"/><W124/><G43/><T22/><D22/><U114/><E114/><V99/><AGARI ba="2,3" hai="11,14,19,21,23,45,48,54,74,78,80,88,93,99" machi="99" ten="20,8000,1" yaku="1,1,2,1,0,1,7,1,54,1,53,0" doraHai="83" doraHaiUra="123" who="2" fromWho="2" sc="203,-22,430,-22,131,116,206,-42" owari="181,-22.0,408,51.0,247,5.0,164,-34.0" /></mjloggm>