<mjloggm ver="2.3"><GO type="169" lobby="0"/><UN n0="%E6%B0%B7%E6%9F%B1" n1="%E3%81%BF%E3%81%A3%E3%81%A4%E3%81%83%EF%BD%9E" n2="%E7%99%BD%E9%B9%BF%E6%84%9B%E8%8E%89" n3="%E5%B0%B1%E6%B4%BB%E7%94%9F%40%E5%B7%9D%E6%9D%91%E8%BB%8D%E5%9B%A3" dan="16,16,18,17" rate="2099.42,2054.17,2281.53,2163.03" sx="M,F,F,M"/><TAIKYOKU oya="0"/><INIT seed="0,0,0,5,2,55" ten="250,250,250,250" oya="0" hai0="71,120,9,67,66,105,56,36,95,86,72,112,96" hai1="118,79,18,84,53,3,5,45,83,117,129,133,54" hai2="49,74,47,101,1,107,10,88,19,91,2,70,102" hai3="81,94,59,63,93,125,28,64,124,134,39,87,23"/><T17/><D112/><U15/><E129/><V32/><F74/><W26/><G39/><T106/><D72/><U13/><E3/><V77/><F32/><W76/><REACH who="3" step="1"/><G134/><REACH who="3" ten="250,250,250,240" step="2"/><T41/><D36/><U111/><E133/><V100/><F107/><W116/><G116/><T127/><D105/><U109/><E118/><V46/><F70/><W68/><G68/><T24/><D106/><U61/><E117/><V25/><F1/><W8/><G8/><T58/><D9/><N who="1" m="4271" /><E111/><V37/><F37/><W4/><G4/><T60/><D71/><U62/><E109/><V40/><F2/><W130/><G130/><T82/><D120/><U104/><E104/><V131/><F131/><W12/><G12/><T75/><D127/><AGARI ba="0,1" hai="23,26,28,59,63,64,76,81,87,93,94,124,125,127" machi="127" ten="40,5200,0" yaku="1,1,18,1,52,1,53,0" doraHai="55" doraHaiUra="14" who="3" fromWho="0" sc="250,-52,250,0,250,0,240,62" /><INIT seed="1,0,0,4,0,95" ten="198,250,250,302" oya="1" hai0="68,20,38,58,76,91,60,111,40,47,15,74,92" hai1="34,30,48,64,102,96,44,103,41,126,57,72,27" hai2="43,100,61,86,135,130,80,35,108,117,31,7,113" hai3="98,67,3,5,77,23,87,25,11,0,114,73,89"/><U118/><E118/><V1/><F117/><W124/><G114/><T90/><D68/><U42/><E72/><V18/><F113/><W131/><G131/><T70/><D70/><U39/><E126/><V4/><F130/><W115/><G115/><T69/><D69/><U56/><E102/><V93/><F1/><W120/><G120/><T97/><D111/><U134/><E134/><V50/><F135/><W75/><G124/><T62/><D91/><U133/><E133/><V78/><F31/><W132/><G132/><T33/><D33/><U65/><E41/><V127/><F35/><W16/><G3/><T29/><D29/><U6/><E6/><V55/><F127/><W53/><G67/><T66/><D62/><U116/><E116/><V36/><F36/><W26/><G26/><T19/><D76/><U104/><REACH who="1" step="1"/><E57/><REACH who="1" ten="198,240,250,302" step="2"/><N who="2" m="35007" /><F108/><W46/><G75/><T128/><D74/><U84/><E84/><V123/><F123/><W119/><G73/><T94/><D128/><U12/><E12/><V71/><F71/><W52/><G119/><T49/><D38/><U101/><E101/><V2/><F2/><W10/><G5/><T9/><REACH who="0" step="1"/><D94/><REACH who="0" ten="188,240,250,302" step="2"/><U83/><E83/><V13/><F93/><N who="3" m="56623" /><G0/><T88/><D88/><U110/><E110/><V109/><F109/><W122/><G122/><T32/><D32/><U17/><E17/><V125/><F125/><W81/><G46/><T51/><D51/><U82/><E82/><V28/><F100/><W37/><G37/><T22/><AGARI ba="0,2" hai="9,15,19,20,22,40,47,49,58,60,66,90,92,97" machi="22" ten="30,7900,0" yaku="1,1,0,1,8,1,52,1,53,0" doraHai="95" doraHaiUra="121" who="0" fromWho="0" sc="188,99,240,-39,250,-20,302,-20" /><INIT seed="2,0,0,4,3,52" ten="287,201,230,282" oya="2" hai0="12,47,103,112,59,61,135,89,28,82,20,30,96" hai1="23,126,98,51,88,36,58,130,40,92,127,78,90" hai2="85,129,74,83,114,91,21,105,55,31,104,102,57" hai3="45,10,11,109,49,113,19,73,95,38,41,62,27"/><V17/><F114/><W119/><G73/><T66/><D112/><U60/><E36/><V6/><F129/><W79/><G119/><T63/><D135/><U53/><E130/><V80/><F31/><W76/><G113/><T134/><D134/><U68/><E78/><V81/><F6/><W77/><G109/><T97/><D47/><N who="1" m="26087" /><E68/><V116/><F116/><W67/><G38/><T29/><D63/><U93/><E127/><V71/><F71/><W111/><G111/><T131/><D131/><U100/><E126/><V54/><F54/><W4/><G95/><T37/><D37/><U133/><E133/><V121/><F121/><W39/><G39/><T7/><D7/><U3/><E3/><V124/><F124/><W107/><G107/><T99/><D103/><U14/><E93/><V128/><F128/><W50/><G50/><T22/><REACH who="0" step="1"/><D12/><REACH who="0" ten="277,201,230,282" step="2"/><U46/><E46/><V122/><F102/><W72/><G4/><T64/><D64/><U26/><E14/><N who="2" m="9399" /><F122/><W125/><G125/><T24/><D24/><U15/><E15/><V5/><F5/><W18/><G27/><T94/><D94/><U1/><E1/><V33/><F105/><W110/><G110/><T25/><D25/><U0/><E0/><V43/><F104/><W115/><G115/><T65/><D65/><U70/><E70/><V117/><F117/><W42/><G45/><T106/><D106/><U13/><E13/><V69/><F69/><W56/><G67/><T87/><AGARI ba="0,1" hai="20,22,28,29,30,59,61,66,82,87,89,96,97,99" machi="87" ten="40,8000,1" yaku="1,1,0,1,8,1,52,1,53,0" doraHai="52" doraHaiUra="118" who="0" fromWho="0" sc="277,90,201,-20,230,-40,282,-20" /><INIT seed="3,0,0,3,1,127" ten="367,181,190,262" oya="3" hai0="88,64,29,113,98,111,115,58,66,34,118,84,92" hai1="110,17,135,73,126,10,103,49,83,27,33,28,81" hai2="76,11,15,1,47,121,85,105,65,124,30,114,20" hai3="19,25,72,7,21,38,5,63,12,31,2,39,91"/><W112/><G72/><T107/><D118/><U51/><E110/><V32/><F105/><W13/><G112/><N who="0" m="43083" /><D111/><U106/><E135/><V97/><F65/><W129/><G12/><T89/><D58/><U35/><E35/><V4/><F97/><W132/><G132/><T53/><D53/><U104/><E126/><V41/><F114/><W133/><G133/><T16/><D107/><U8/><E17/><V94/><F124/><W99/><G63/><T71/><D71/><U96/><E106/><V23/><F121/><W42/><G42/><T0/><D0/><U46/><E51/><V74/><F74/><W93/><G129/><T86/><D98/><U123/><E123/><V100/><F1/><W6/><REACH who="3" step="1"/><G2/><REACH who="3" ten="367,181,190,252" step="2"/><T108/><D108/><U18/><E73/><V79/><F15/><W119/><G119/><T56/><D66/><U117/><E117/><V22/><F41/><W80/><G80/><T128/><D64/><U59/><E83/><V50/><F4/><W14/><G14/><T48/><D128/><U61/><E81/><V116/><F116/><W131/><G131/><T24/><D48/><U90/><E49/><V55/><F50/><W82/><G82/><T43/><D43/><U69/><E46/><V75/><F47/><W77/><G77/><T70/><D70/><U40/><E69/><V44/><F79/><W45/><G45/><T52/><D56/><U37/><E40/><V3/><F76/><W134/><G134/><T36/><D36/><U78/><E37/><V68/><F44/><W9/><AGARI ba="0,1" hai="5,6,7,9,13,19,21,25,31,38,39,91,93,99" machi="9" ten="30,3000,0" yaku="1,1,0,1,53,0" doraHai="127" doraHaiUra="120" who="3" fromWho="3" sc="367,-10,181,-10,190,-10,252,40" /><INIT seed="3,1,0,3,4,47" ten="357,171,180,292" oya="3" hai0="59,25,85,66,135,50,77,108,90,87,34,132,133" hai1="22,39,15,109,67,2,74,43,36,19,45,71,123" hai2="107,120,5,76,126,37,55,3,30,31,65,38,79" hai3="73,56,4,68,80,102,88,70,16,57,110,40,129"/><W99/><G4/><T124/><D108/><U69/><E123/><V101/><F65/><W78/><G129/><T54/><D124/><U1/><E109/><V20/><F126/><W131/><G131/><T63/><D77/><U96/><E74/><V84/><F120/><W42/><G110/><T60/><D60/><U24/><E39/><V113/><F84/><W105/><G57/><T9/><D9/><U0/><E67/><V49/><F5/><W106/><G106/><T64/><D64/><U103/><REACH who="1" step="1"/><E24/><REACH who="1" ten="357,161,180,292" step="2"/><V29/><F113/><W92/><G68/><T115/><D115/><U98/><E98/><V111/><F38/><W27/><G70/><T97/><D97/><U112/><E112/><V82/><F37/><W117/><G117/><T28/><D90/><U41/><E41/><V100/><F111/><W23/><G56/><AGARI ba="1,1" hai="25,28,34,50,54,56,59,63,66,85,87,132,133,135" machi="56" ten="40,2600,0" yaku="20,1,52,1" doraHai="47" who="0" fromWho="3" sc="357,39,161,0,180,0,292,-29" /><INIT seed="4,0,0,2,1,3" ten="396,161,180,263" oya="0" hai0="100,114,36,70,15,103,86,58,49,79,37,23,4" hai1="34,117,111,9,47,82,22,26,16,44,53,125,94" hai2="13,30,28,96,108,80,6,129,102,92,12,120,69" hai3="8,77,73,135,87,88,0,95,122,106,93,65,76"/><T2/><D70/><U60/><E111/><V52/><F69/><W27/><G106/><T64/><D2/><U54/><E117/><V132/><F120/><W89/><G122/><T71/><D71/><U38/><E125/><V128/><F108/><W35/><G135/><T113/><D100/><U101/><E34/><V7/><F132/><W99/><G73/><T91/><D79/><U39/><E82/><V74/><F74/><W56/><G35/><T61/><D103/><U41/><E9/><V107/><F80/><W112/><G112/><N who="0" m="43115" /><D49/><U50/><E60/><V66/><F66/><W126/><G126/><T90/><D90/><U133/><E133/><V98/><F52/><W5/><G27/><T118/><D23/><U43/><REACH who="1" step="1"/><E50/><REACH who="1" ten="396,151,180,263" step="2"/><V59/><F129/><W72/><G72/><T104/><D118/><U83/><E83/><V21/><F128/><W134/><G134/><T14/><D37/><U25/><E25/><N who="2" m="16431" /><F107/><W75/><G75/><T116/><D104/><U10/><E10/><V31/><F98/><AGARI ba="0,1" hai="16,22,26,38,39,41,43,44,47,53,54,94,98,101" machi="98" ten="40,8000,1" yaku="1,1,9,1,54,1,53,1" doraHai="3" doraHaiUra="17" who="1" fromWho="2" sc="396,0,151,90,180,-80,263,0" /><INIT seed="5,0,0,1,4,5" ten="396,241,100,263" oya="1" hai0="53,15,106,108,74,57,31,102,68,104,126,89,105" hai1="127,39,112,4,86,92,119,17,46,70,90,93,59" hai2="129,91,124,123,131,38,35,13,72,12,80,85,78" hai3="88,97,34,83,117,23,98,63,113,51,29,79,60"/><U56/><E70/><V3/><F3/><W62/><G34/><T54/><D108/><U82/><E119/><V2/><F2/><W44/><G113/><T45/><D68/><U27/><E112/><V8/><F38/><W133/><G133/><T64/><D74/><U110/><E127/><V111/><F111/><W11/><G117/><T84/><D102/><U52/><E59/><V16/><F35/><W115/><G115/><T95/><D31/><U49/><E110/><V100/><F100/><W61/><G61/><T19/><D45/><U71/><E71/><V0/><F0/><W55/><G79/><T69/><D69/><U65/><E39/><V132/><F123/><W101/><G101/><T43/><D43/><U42/><E4/><V114/><F114/><W48/><G48/><T20/><D126/><U94/><E65/><V118/><F118/><W125/><G125/><T99/><D99/><U130/><E130/><N who="2" m="49675" /><F124/><W1/><G1/><T33/><D33/><U134/><E134/><V24/><F132/><W109/><G109/><T135/><D135/><U9/><E27/><V116/><F116/><W58/><G97/><T6/><D105/><U10/><REACH who="1" step="1"/><E17/><REACH who="1" ten="396,231,100,263" step="2"/><N who="2" m="8327" /><F24/><N who="3" m="16543" /><G58/><T50/><D57/><U14/><E14/><V76/><F72/><W26/><G26/><T128/><D128/><U21/><E21/><AGARI ba="0,1" hai="13,16,21,76,78,80,85,91" m="8327,49675" machi="21" ten="30,3900,0" yaku="19,1,52,1,54,1" doraHai="5" who="2" fromWho="1" sc="396,0,231,-39,100,49,263,0" /><INIT seed="6,0,0,4,1,30" ten="396,192,149,263" oya="2" hai0="13,60,120,71,102,34,11,133,20,64,90,107,8" hai1="4,82,33,85,66,84,12,5,17,109,57,15,129" hai2="123,86,89,22,77,68,19,112,131,9,14,121,58" hai3="65,127,45,1,108,44,53,92,98,78,132,103,27"/><V105/><F68/><W93/><G108/><T18/><D120/><U115/><E109/><V54/><F105/><W97/><G1/><T48/><D133/><U91/><E115/><V63/><F112/><W50/><G132/><T40/><D90/><N who="1" m="51479" /><E33/><V130/><F77/><W67/><G127/><T32/><D102/><U0/><E0/><V128/><REACH who="2" step="1"/><F9/><REACH who="2" ten="396,192,139,263" step="2"/><W31/><G78/><T29/><D8/><N who="1" m="6375" /><E129/><V122/><F122/><W46/><G67/><T74/><D64/><U126/><E126/><V125/><F125/><W59/><G65/><T111/><D71/><U135/><E135/><V87/><F87/><W41/><G41/><T24/><D111/><U42/><E42/><V25/><F25/><W21/><G97/><T114/><D114/><U76/><E76/><V72/><F72/><W99/><G98/><T75/><D107/><U101/><E101/><V70/><F70/><W104/><AGARI ba="0,1" hai="21,27,31,44,45,46,50,53,59,92,93,99,103,104" machi="104" ten="30,1100,0" yaku="0,1" doraHai="30" who="3" fromWho="3" sc="396,-3,192,-3,139,-5,263,21" /><INIT seed="7,0,0,5,5,2" ten="393,189,134,284" oya="3" hai0="86,42,98,3,27,30,87,109,15,120,13,28,70" hai1="84,20,97,34,21,118,17,4,133,14,22,71,54" hai2="18,25,126,12,127,23,43,44,58,112,81,73,39" hai3="80,132,61,114,79,32,83,111,95,104,82,66,113"/><W10/><G32/><T9/><D109/><U38/><E71/><V75/><F112/><N who="3" m="43115" /><G104/><T36/><D70/><U19/><E38/><V24/><F58/><N who="3" m="37175" /><G111/><T130/><D130/><U63/><E34/><V77/><REACH who="2" step="1"/><F73/><REACH who="2" ten="393,189,124,284" step="2"/><N who="3" m="43119" /><G132/><T92/><D120/><U102/><E133/><V128/><F128/><W107/><G107/><T45/><D30/><U33/><E118/><V59/><F59/><W122/><G122/><T94/><D3/><U110/><E110/><V62/><F62/><W67/><G67/><T52/><D15/><U105/><E63/><V48/><F48/><W29/><G29/><T40/><D36/><U7/><E14/><V47/><F47/><W116/><G116/><T129/><D129/><U50/><E50/><V64/><F64/><W115/><G115/><T96/><D94/><U124/><E105/><V41/><F41/><W57/><G57/><T16/><D42/><U123/><E123/><V85/><F85/><W100/><G10/><T135/><D40/><U99/><E84/><N who="0" m="32297" /><D92/><U46/><E46/><V0/><F0/><W131/><G131/><T26/><D135/><U121/><E121/><V11/><F11/><W78/><G78/><T76/><D76/><U72/><E72/><V103/><F103/><W35/><G35/><N who="0" m="20887" /><D27/><AGARI ba="0,1" hai="12,18,23,24,25,27,39,43,44,75,77,81,126,127" machi="27" ten="40,2600,0" yaku="1,1,53,1" doraHai="2" doraHaiUra="69" who="2" fromWho="0" sc="393,-26,189,0,124,36,284,0" owari="367,47.0,189,-21.0,160,-34.0,284,8.0" /></mjloggm>