<mjloggm ver="2.3"><GO type="169" lobby="0"/><UN n0="%E3%82%A6%E3%83%AB%E3%83%88%E3%83%A9%E7%AB%8B%E7%9B%B4" n1="%43%6F%43%6F%4E%61%6E" n2="%E3%82%B7%E3%83%A5%E3%83%9E%E3%82%A4%E3%82%B1%E3%83%AB" n3="%E5%91%82%E5%A7%AB" dan="17,17,16,19" rate="2218.68,2186.55,2049.09,2306.58" sx="M,M,M,F"/><TAIKYOKU oya="0"/><INIT seed="0,0,0,2,4,113" ten="250,250,250,250" oya="0" hai0="80,11,120,94,72,100,82,35,74,61,15,18,28" hai1="106,76,123,110,116,0,130,71,48,45,124,91,49" hai2="34,54,133,69,75,59,52,112,4,44,86,19,97" hai3="104,105,20,99,30,37,14,95,79,39,42,109,1"/><T92/><D120/><U40/><E106/><V43/><F75/><W127/><G109/><T58/><D35/><U6/><E71/><V89/><F69/><W70/><G1/><T93/><D28/><U85/><E110/><V129/><F112/><W118/><G79/><T29/><D29/><U22/><E130/><V5/><F129/><W63/><G42/><T117/><D117/><U68/><E68/><V66/><F34/><W84/><G84/><T21/><D100/><U31/><E6/><V62/><F97/><W128/><G118/><T33/><D33/><U65/><E65/><V132/><F19/><W90/><G128/><T13/><D74/><U24/><E124/><V96/><F96/><W114/><G114/><T50/><D50/><U98/><E0/><V38/><F5/><W67/><G127/><T32/><D32/><U27/><E27/><V125/><F4/><W78/><G78/><T8/><D72/><U119/><E123/><V108/><F125/><W46/><G46/><T126/><D126/><U88/><E49/><V9/><F9/><N who="0" m="3658" /><D13/><U57/><E57/><V73/><F73/><W101/><G104/><T115/><D115/><U10/><E10/><V3/><F3/><W23/><G14/><T25/><D15/><U121/><E121/><V60/><F108/><W26/><G23/><T36/><D36/><U131/><E131/><V51/><F38/><N who="3" m="14347" /><G105/><T87/><D87/><U122/><E122/><V134/><F62/><W111/><G101/><T12/><D12/><U17/><E116/><V83/><AGARI ba="0,0" hai="43,44,51,52,54,59,60,66,83,86,89,132,133,134" machi="83" ten="30,4000,0" yaku="0,1,20,1,54,1" doraHai="113" who="2" fromWho="2" sc="250,-20,250,-10,250,40,250,-10" /><INIT seed="1,0,0,1,5,59" ten="230,240,290,240" oya="1" hai0="111,126,22,39,130,109,115,116,1,119,20,107,57" hai1="118,15,12,129,132,50,125,21,74,90,123,48,100" hai2="42,3,121,7,79,8,46,127,124,24,135,81,4" hai3="64,73,54,66,101,29,62,97,14,38,117,84,17"/><U13/><E118/><N who="0" m="45097" /><D107/><U41/><E123/><V98/><F121/><W0/><G117/><T19/><D39/><U93/><E74/><N who="2" m="43255" /><F7/><W89/><G73/><T96/><D96/><U103/><E125/><V105/><F24/><W114/><G38/><T16/><D57/><U88/><E129/><V113/><F135/><W106/><G114/><T134/><D115/><U6/><E6/><V104/><F113/><W77/><G77/><T78/><D78/><U65/><E132/><V45/><F45/><W37/><G37/><T2/><D130/><U67/><E21/><N who="0" m="8297" /><D126/><N who="2" m="48170" /><F98/><W94/><G29/><T51/><D51/><AGARI ba="0,0" hai="3,4,8,42,46,51,104,105" m="48170,43255" machi="51" ten="30,1000,0" yaku="18,1" doraHai="59" who="2" fromWho="0" sc="230,-10,240,0,290,10,240,0" /><INIT seed="2,0,0,2,1,53" ten="220,240,300,240" oya="2" hai0="118,84,37,96,5,130,82,6,48,11,115,60,123" hai1="108,27,83,19,75,67,22,14,70,62,105,94,90" hai2="38,57,110,34,114,41,28,129,134,50,36,107,73" hai3="86,102,9,13,52,12,30,29,124,125,103,91,64"/><V81/><F28/><N who="3" m="10859" /><G64/><T17/><D37/><U3/><E3/><V109/><F34/><W76/><G76/><T74/><D74/><U135/><E105/><V31/><F31/><W98/><G98/><T116/><D123/><U72/><E108/><N who="2" m="41579" /><F114/><W43/><G43/><T126/><D115/><U51/><E135/><V85/><F129/><W122/><G122/><T97/><D130/><U88/><E90/><V95/><F107/><W69/><G69/><T87/><D126/><N who="3" m="48745" /><G52/><T77/><D77/><U58/><E83/><V111/><F134/><W59/><G59/><T100/><D82/><U121/><E121/><V66/><F73/><W54/><G54/><T113/><D100/><N who="3" m="38441" /><G9/><T23/><D11/><U49/><E72/><V45/><F95/><AGARI ba="0,0" hai="12,13,86,91,95" m="38441,48745,10859" machi="95" ten="30,1000,0" yaku="18,1" doraHai="53" who="3" fromWho="2" sc="220,0,240,0,300,-10,240,10" /><INIT seed="3,0,0,2,4,119" ten="220,240,290,250" oya="3" hai0="52,60,75,83,66,94,103,78,53,76,105,59,50" hai1="29,123,47,14,34,133,62,106,80,130,84,113,5" hai2="42,22,131,57,8,127,35,41,55,116,124,114,58" hai3="63,11,68,126,89,0,21,20,13,132,31,100,115"/><W46/><G115/><T122/><D105/><U1/><E106/><V104/><F35/><W45/><G0/><T71/><D78/><U74/><E74/><V107/><F114/><W28/><G132/><T43/><D43/><N who="2" m="16394" /><F116/><W67/><G126/><N who="2" m="48169" /><F131/><W79/><G100/><T134/><D134/><U18/><E47/><V87/><F22/><W118/><G118/><T90/><D103/><U99/><E99/><V17/><F87/><W40/><G79/><T97/><REACH who="0" step="1"/><D53/><REACH who="0" ten="210,240,290,250" step="2"/><U6/><E133/><V86/><F104/><W25/><G89/><T56/><D56/><U135/><E135/><V48/><F107/><W51/><G46/><T27/><D27/><U44/><E44/><V73/><F58/><W110/><G110/><T38/><D38/><U108/><E108/><V33/><F57/><W77/><G77/><T12/><D12/><U26/><E113/><V92/><F55/><W36/><G36/><T65/><D65/><U95/><E14/><V30/><F73/><W4/><G25/><T102/><D102/><U37/><E26/><V121/><F33/><W101/><G101/><T3/><D3/><U54/><E34/><V109/><F109/><W61/><G67/><T129/><D129/><U120/><E130/><V111/><F111/><W10/><G68/><T39/><D39/><U72/><E37/><V81/><F30/><W49/><G13/><T24/><D24/><U2/><E1/><V85/><F17/><W7/><G40/><T117/><D117/><U91/><E2/><V64/><F64/><W93/><G45/><T15/><D15/><U19/><E72/><RYUUKYOKU ba="0,1" sc="210,15,240,-15,290,-15,250,15" hai0="50,52,59,60,66,71,75,76,83,90,94,97,122" hai3="4,7,10,11,20,21,28,31,49,51,61,63,93" /><INIT seed="3,1,1,2,1,87" ten="225,225,275,265" oya="3" hai0="24,91,130,112,93,15,103,17,118,44,99,113,102" hai1="126,111,119,42,61,22,9,4,106,27,8,63,45" hai2="105,38,2,67,35,32,121,89,76,51,84,98,74" hai3="52,123,25,20,77,101,49,104,55,59,40,36,88"/><W0/><G123/><T128/><D24/><U11/><E111/><V135/><F38/><W47/><G0/><T120/><D118/><U86/><E106/><V57/><F2/><W19/><G77/><T108/><D108/><U100/><E100/><N who="0" m="38441" /><D44/><U37/><E126/><V73/><F121/><W7/><G7/><T96/><D120/><U81/><E4/><V109/><F109/><W70/><G70/><T83/><D99/><U66/><E119/><V13/><F135/><W92/><G101/><T14/><D14/><U23/><E27/><V72/><F105/><W107/><G55/><T82/><D15/><U134/><E134/><V5/><F98/><AGARI ba="1,1" hai="19,20,25,36,40,47,49,52,59,88,92,98,104,107" machi="98" ten="30,11600,0" yaku="7,1,52,1,54,2" doraHai="87" who="3" fromWho="2" sc="225,0,225,0,275,-119,265,129" /><INIT seed="3,2,0,0,2,120" ten="225,225,156,394" oya="3" hai0="56,45,101,112,114,12,92,91,28,13,33,49,115" hai1="16,5,55,105,42,46,76,88,61,63,15,110,103" hai2="22,118,44,19,41,82,20,99,108,71,94,95,133" hai3="124,9,18,86,57,0,66,75,48,102,8,24,21"/><W36/><G36/><T32/><D101/><U135/><E135/><V79/><F118/><W116/><G116/><T128/><D56/><U106/><E110/><V90/><F71/><W130/><G75/><T37/><D37/><U104/><E103/><V10/><F133/><W40/><G130/><T62/><D62/><U4/><E76/><V1/><F108/><W17/><G124/><T65/><D65/><U122/><E122/><V83/><F94/><W14/><G102/><T121/><D121/><U117/><E117/><V77/><F77/><W93/><G0/><T129/><D13/><U119/><E119/><V107/><F107/><W43/><G8/><T100/><D12/><U68/><E63/><V70/><F70/><W73/><G73/><T111/><D100/><U78/><E78/><V26/><F1/><W126/><G126/><T54/><D111/><U96/><E68/><V3/><F3/><W29/><G29/><T67/><D67/><U7/><E61/><V30/><F10/><W98/><G98/><T59/><D45/><U52/><E88/><V72/><F82/><W74/><G74/><T47/><D47/><U34/><E96/><V51/><REACH who="2" step="1"/><F19/><REACH who="2" ten="225,225,146,394" step="2"/><W87/><G93/><T123/><D123/><U35/><E105/><V2/><F2/><W11/><G9/><T39/><D128/><U50/><E106/><V131/><F131/><W97/><G17/><T27/><D129/><U64/><E104/><V60/><F60/><W125/><G18/><T58/><D114/><U127/><E64/><V132/><F132/><W80/><G66/><T113/><D115/><RYUUKYOKU ba="2,1" sc="225,-10,225,-10,146,30,394,-10" hai2="20,22,26,30,41,44,51,72,79,83,90,95,99" /><INIT seed="4,3,1,0,1,129" ten="215,215,176,384" oya="0" hai0="47,75,26,125,84,22,70,63,46,29,44,17,6" hai1="115,107,31,11,62,81,30,119,48,110,37,86,52" hai2="1,109,78,45,24,65,58,85,12,36,16,14,130" hai3="56,118,100,64,49,87,89,102,135,50,123,101,113"/><T34/><D75/><U111/><E119/><V21/><F1/><W33/><G118/><T131/><D131/><U124/><E37/><V88/><F130/><W92/><G33/><T103/><D125/><U133/><E124/><V66/><F109/><W4/><G113/><T132/><D6/><U80/><E107/><V99/><F36/><W77/><G135/><T128/><D128/><U93/><E115/><V8/><F45/><W51/><G123/><T74/><D74/><U68/><E133/><V83/><F58/><W95/><G77/><T3/><D3/><U76/><E93/><N who="2" m="56743" /><F14/><W18/><G4/><AGARI ba="3,1" hai="4,8,12,16,21,24,65,66,78,83,85" m="56743" machi="4" ten="30,3900,0" yaku="8,1,54,2" doraHai="129" who="2" fromWho="3" sc="215,0,215,0,176,58,384,-48" /><INIT seed="5,0,0,2,1,86" ten="215,215,234,336" oya="1" hai0="94,21,106,13,134,59,67,128,70,75,103,32,90" hai1="123,1,61,47,39,5,49,107,34,2,89,99,29" hai2="96,79,44,41,101,88,127,98,63,93,131,82,119" hai3="15,118,52,45,12,0,116,28,27,8,20,53,108"/><U10/><E123/><V3/><F119/><N who="3" m="45611" /><G108/><T120/><D70/><U121/><E121/><V126/><F3/><W9/><G0/><T42/><D32/><U68/><E2/><V97/><F63/><W80/><G80/><T130/><D75/><U92/><E107/><V71/><F71/><W57/><G45/><T69/><D69/><U122/><E122/><V6/><F6/><N who="3" m="3095" /><G57/><T85/><D120/><U22/><E39/><V64/><F64/><W117/><N who="3" m="45619" /><W110/><DORA hai="4" /><G110/><T95/><D42/><U132/><E132/><V72/><F131/><W60/><G60/><T56/><D134/><U33/><E61/><V19/><F44/><W40/><G40/><T109/><D109/><U112/><E68/><V84/><F41/><W16/><AGARI ba="0,0" hai="9,15,16,20,27,28,52,53" m="3095,45619" machi="16" ten="40,8000,1" yaku="12,1,52,2,54,2" doraHai="86,4" who="3" fromWho="3" sc="215,-20,215,-40,234,-20,336,80" /><INIT seed="6,0,0,3,2,119" ten="195,175,214,416" oya="2" hai0="94,73,100,44,123,86,106,0,89,4,30,99,46" hai1="135,1,3,43,57,15,110,109,102,39,120,58,47" hai2="130,6,17,75,25,97,28,41,81,79,66,2,67" hai3="14,63,124,78,34,132,10,129,8,84,55,11,32"/><V114/><F114/><W37/><G37/><T22/><D123/><U51/><E102/><V61/><F130/><W96/><G129/><T33/><D33/><U101/><E101/><V82/><F41/><W83/><G132/><T20/><D73/><U52/><E135/><V69/><F66/><W16/><G124/><T104/><D104/><U72/><E72/><V95/><F81/><W48/><G63/><T91/><D0/><U60/><E120/><V87/><F17/><W7/><G96/><T125/><D4/><U92/><E92/><V115/><F115/><W105/><G105/><T13/><D125/><U19/><E109/><V50/><F50/><W121/><G121/><T133/><D133/><U112/><E112/><V38/><F38/><W53/><G53/><T126/><D126/><U24/><E24/><V35/><F35/><W68/><G68/><T107/><D107/><U12/><E12/><V111/><F111/><W54/><G54/><T56/><D56/><U103/><E103/><V36/><F36/><W122/><G122/><T5/><D91/><U59/><E110/><V88/><F2/><W77/><G77/><T93/><D106/><U80/><E80/><V117/><F117/><W90/><G78/><T128/><D128/><U29/><E29/><V65/><F65/><W116/><G116/><T42/><D30/><U127/><E127/><V21/><REACH who="2" step="1"/><F6/><REACH who="2" ten="195,175,204,416" step="2"/><W62/><G34/><T40/><D42/><U71/><E1/><V45/><F45/><N who="0" m="17514" /><D40/><U131/><E3/><V9/><F9/><AGARI ba="0,1" hai="5,9,13,20,22,86,89,93,94,99,100" m="17514" machi="9" ten="30,1000,0" yaku="8,1" doraHai="119" who="0" fromWho="2" sc="195,20,175,0,204,-10,416,0" /><INIT seed="7,0,0,5,5,10" ten="215,175,194,416" oya="3" hai0="122,34,86,50,129,38,19,9,14,125,98,72,4" hai1="109,70,21,43,31,11,100,107,41,39,134,95,114" hai2="56,58,79,73,91,94,118,35,44,89,46,88,92" hai3="113,123,8,87,22,84,65,90,20,75,54,126,105"/><W80/><G75/><T120/><D38/><U132/><E109/><V23/><F118/><W24/><G105/><T82/><D34/><U131/><E107/><V135/><F35/><W61/><G113/><T130/><D72/><U16/><E114/><V117/><F135/><N who="1" m="51753" /><E70/><V36/><F117/><W133/><G126/><T30/><D30/><U15/><E131/><V106/><F106/><W64/><G123/><T51/><D98/><N who="1" m="59487" /><E39/><V2/><F2/><W40/><G40/><N who="1" m="15434" /><E31/><V124/><F124/><W104/><G104/><T47/><D125/><U26/><E26/><V127/><F127/><W28/><G22/><AGARI ba="0,0" hai="11,15,16,21,22" m="15434,59487,51753" machi="22" ten="30,3900,0" yaku="20,1,52,1,54,1" doraHai="10" who="1" fromWho="3" sc="215,0,175,39,194,0,416,-39" owari="215,2.0,214,-19.0,194,-31.0,377,48.0" /></mjloggm>