<mjloggm ver="2.3"><GO type="169" lobby="0"/><UN n0="%E2%80%BB%34%33%33%E2%80%BB" n1="%74%6F%72%69%30%36%31%32" n2="%E5%B0%B1%E6%B4%BB%E7%94%9F%40%E5%B7%9D%E6%9D%91%E8%BB%8D%E5%9B%A3" n3="%E7%88%86%E5%BC%BE%E4%BA%94%E9%83%8E%EF%BC%92" dan="16,16,18,17" rate="2097.12,2072.35,2244.75,2139.71" sx="M,M,M,M"/><TAIKYOKU oya="0"/><INIT seed="0,0,0,3,5,27" ten="250,250,250,250" oya="0" hai0="135,12,1,30,23,72,48,110,84,75,114,127,53" hai1="43,7,123,79,6,73,18,44,36,117,113,20,40" hai2="134,49,121,76,106,105,101,58,86,88,92,38,130" hai3="99,17,104,71,57,77,34,100,4,89,60,10,64"/><T81/><D1/><U25/><E123/><V8/><F38/><W28/><G77/><T42/><D114/><U61/><E117/><V47/><F121/><W46/><G57/><T107/><D107/><U118/><E118/><V83/><F130/><W2/><G46/><T97/><D135/><U126/><E43/><V14/><F134/><W56/><G56/><T24/><D127/><U85/><E73/><V35/><F58/><W66/><G66/><T94/><D42/><U115/><E61/><V93/><F93/><W16/><G89/><T52/><D12/><U21/><E21/><V111/><F35/><W67/><G67/><T125/><D125/><U41/><E41/><V29/><F29/><W45/><G45/><T132/><D132/><U70/><E70/><V112/><F112/><N who="1" m="43081" /><E126/><V122/><F111/><W26/><AGARI ba="0,0" hai="2,4,10,16,17,26,28,34,60,64,71,99,100,104" machi="26" ten="30,8000,1" yaku="0,1,25,2,52,1,54,1" doraHai="27" who="3" fromWho="3" sc="250,-40,250,-20,250,-20,250,80" /><INIT seed="1,0,0,0,3,90" ten="210,230,230,330" oya="1" hai0="68,10,110,55,60,127,107,101,18,33,9,42,122" hai1="92,67,132,44,114,83,34,80,31,2,75,120,62" hai2="64,95,93,116,76,71,21,117,84,16,79,27,17" hai3="135,38,25,97,85,47,82,118,37,40,113,22,15"/><U133/><E120/><V104/><F104/><W20/><G118/><T63/><D122/><U73/><E2/><V129/><F129/><W8/><G113/><T13/><D127/><U19/><E114/><V111/><F111/><W74/><G135/><N who="1" m="51786" /><E19/><N who="2" m="7243" /><F117/><W115/><G115/><T39/><D18/><U56/><E44/><V87/><F116/><W41/><G74/><N who="1" m="28170" /><E92/><N who="2" m="35403" /><F64/><W119/><G119/><T14/><D107/><U65/><E65/><V49/><F49/><W50/><G97/><T1/><D110/><U126/><E126/><V45/><F45/><W91/><G25/><AGARI ba="0,0" hai="25,31,34,56,62,67,80,83" m="28170,51786" machi="25" ten="30,1500,0" yaku="20,1" doraHai="90" who="1" fromWho="3" sc="210,0,230,15,230,0,330,-15" /><INIT seed="1,1,0,1,3,10" ten="210,245,230,315" oya="1" hai0="83,3,103,11,30,102,62,65,98,116,29,13,28" hai1="101,15,44,122,68,114,82,123,46,106,125,20,42" hai2="12,56,4,76,70,88,133,16,134,18,126,52,21" hai3="40,14,93,112,131,49,117,0,109,74,41,5,104"/><U9/><E68/><V118/><F70/><W95/><G104/><T85/><D3/><U66/><E66/><V119/><F76/><W38/><G74/><T86/><D116/><U26/><E114/><V77/><F77/><W51/><G0/><T24/><D24/><U115/><E115/><V69/><F69/><W8/><G112/><T59/><D98/><U121/><E82/><V127/><F4/><W75/><G75/><T32/><D32/><U36/><E46/><V89/><F18/><W37/><G117/><T90/><REACH who="0" step="1"/><D86/><REACH who="0" ten="200,245,230,315" step="2"/><U53/><E125/><N who="2" m="47627" /><F119/><W135/><G131/><T87/><D87/><U72/><E72/><V84/><F118/><W31/><G31/><T47/><D47/><U124/><E124/><V130/><F130/><W63/><G37/><T92/><D92/><U25/><E106/><V33/><F33/><W67/><G38/><T45/><D45/><U6/><E101/><V39/><F39/><W61/><G93/><T48/><D48/><U58/><E26/><V113/><F113/><W73/><G95/><T105/><D105/><U27/><E27/><V78/><F78/><W132/><G51/><T23/><D23/><U2/><E2/><V128/><F128/><W97/><G49/><T81/><D81/><U129/><E129/><V100/><F100/><W107/><G107/><T111/><D111/><U60/><REACH who="1" step="1"/><E121/><REACH who="1" ten="200,235,230,315" step="2"/><V80/><F89/><W50/><G73/><T1/><D1/><U120/><E120/><V64/><F64/><W57/><G67/><T35/><D35/><U34/><E34/><V99/><F99/><W110/><G97/><RYUUKYOKU ba="1,2" sc="200,10,235,10,230,10,315,-30" hai0="11,13,28,29,30,59,62,65,83,85,90,102,103" hai1="6,9,15,20,25,36,42,44,53,58,60,122,123" hai2="12,16,21,52,56,80,84,88,133,134" /><INIT seed="1,2,2,0,0,11" ten="210,245,240,285" oya="1" hai0="3,14,25,71,35,26,22,134,50,5,124,62,49" hai1="103,74,117,21,128,81,24,18,1,113,79,96,70" hai2="75,15,45,48,104,87,102,78,97,60,41,83,91" hai3="2,82,69,51,54,101,88,20,129,89,109,56,38"/><U95/><E117/><V0/><F0/><W121/><G69/><T16/><D134/><U111/><E113/><V77/><F60/><W133/><G38/><T59/><D124/><U80/><E70/><V130/><F130/><W125/><G2/><T73/><D73/><U19/><E1/><V33/><F33/><W65/><G121/><T98/><D98/><U23/><E128/><V53/><F41/><W94/><G129/><T115/><D115/><U64/><E64/><V131/><F131/><W99/><G133/><T29/><D26/><U61/><E61/><V110/><F110/><W31/><G109/><T40/><D40/><U36/><E81/><V44/><F44/><W90/><G65/><N who="0" m="39135" /><D71/><U122/><E111/><V13/><REACH who="2" step="1"/><F78/><REACH who="2" ten="210,245,230,285" step="2"/><W72/><G125/><T105/><D105/><U66/><E122/><V119/><F119/><W34/><G34/><T4/><D4/><U7/><E7/><V100/><F100/><W10/><G101/><T126/><D126/><U58/><E36/><V84/><F84/><W30/><G72/><T12/><D12/><U93/><E66/><V55/><F55/><W92/><G54/><T127/><D127/><U9/><E103/><V118/><F118/><W108/><G108/><T107/><D107/><U17/><E58/><V63/><F63/><W52/><G56/><T27/><D27/><N who="1" m="14767" /><E96/><V123/><F123/><W132/><G99/><T47/><D47/><U112/><E112/><V106/><F106/><W68/><G132/><T116/><D116/><U37/><E37/><V86/><F86/><W120/><G120/><T42/><D42/><RYUUKYOKU ba="2,3" sc="210,10,245,10,230,10,285,-30" hai0="3,5,14,16,22,25,29,35,49,50" hai1="9,18,19,23,24,74,79,80,93,95" hai2="13,15,45,48,53,75,77,83,87,91,97,102,104" /><INIT seed="1,3,3,1,5,128" ten="220,255,240,255" oya="1" hai0="68,50,35,117,5,23,116,123,3,129,12,127,60" hai1="90,57,47,11,81,88,132,74,80,91,120,94,95" hai2="109,0,2,89,134,135,107,92,30,14,10,98,18" hai3="111,19,48,34,119,67,29,38,49,51,22,131,9"/><U37/><E120/><V16/><F109/><W102/><G38/><T77/><D35/><U8/><E37/><V41/><F41/><W76/><G67/><T121/><D77/><U118/><E118/><N who="0" m="45673" /><D23/><U21/><E47/><V4/><F30/><W122/><G76/><T87/><D87/><U83/><E74/><V85/><F18/><W25/><G122/><N who="0" m="46603" /><D12/><U99/><E132/><N who="2" m="50731" /><F4/><W20/><G111/><T114/><D3/><N who="2" m="1066" /><F107/><W110/><G110/><T124/><D5/><U79/><E79/><V96/><AGARI ba="3,3" hai="10,14,16,85,89,92,96,98" m="1066,50731" machi="96" ten="40,8000,1" yaku="20,1,52,3,54,1" doraHai="128" who="2" fromWho="2" sc="220,-23,255,-43,240,119,255,-23" /><INIT seed="2,0,0,0,1,37" ten="197,212,359,232" oya="2" hai0="46,108,34,41,22,63,103,93,70,68,73,12,128" hai1="125,107,38,52,53,42,3,7,44,74,58,11,54" hai2="134,78,79,105,118,30,27,101,9,88,26,99,104" hai3="87,24,60,112,123,71,127,84,69,56,126,62,20"/><V55/><F118/><W6/><G6/><T83/><D34/><U92/><E107/><V43/><F105/><W81/><G112/><T0/><D0/><U16/><E125/><N who="3" m="47626" /><G123/><T115/><D115/><U110/><E110/><V13/><F134/><W135/><G135/><T5/><D128/><U4/><E4/><V114/><F114/><W97/><G97/><T133/><D133/><U15/><E92/><V90/><F55/><N who="3" m="33823" /><G62/><T28/><D63/><U8/><REACH who="1" step="1"/><E74/><REACH who="1" ten="197,202,359,232" step="2"/><V25/><F30/><N who="3" m="17671" /><G87/><T65/><D73/><U106/><E106/><V98/><F98/><W132/><G132/><T64/><D93/><U10/><E10/><V82/><F99/><W31/><G31/><T61/><D28/><U48/><AGARI ba="0,1" hai="3,7,8,11,15,16,38,42,44,48,52,53,54,58" machi="48" ten="20,12000,2" yaku="1,1,0,1,7,1,52,1,54,2,53,1" doraHai="37" doraHaiUra="2" who="1" fromWho="1" sc="197,-30,202,130,359,-60,232,-30" /><INIT seed="3,0,0,5,0,133" ten="167,332,299,202" oya="3" hai0="117,84,87,6,95,61,72,24,73,78,127,119,60" hai1="27,51,7,26,28,85,106,9,86,10,123,94,64" hai2="97,76,66,34,99,22,59,58,110,135,81,103,50" hai3="53,100,90,62,83,89,63,46,43,29,38,115,88"/><W56/><G115/><T55/><D24/><U3/><E106/><V65/><F34/><W8/><G100/><T47/><D95/><U15/><E123/><V112/><F112/><W36/><G36/><T48/><D6/><U96/><E64/><V17/><F135/><W131/><G131/><T104/><D104/><U77/><E51/><V31/><F31/><W21/><G63/><T70/><D70/><U130/><E130/><V14/><F110/><W45/><G45/><T52/><D48/><U20/><E77/><V1/><F1/><W67/><G8/><T68/><D68/><U2/><E27/><V80/><F58/><W13/><G29/><T54/><D54/><U32/><E3/><V0/><F0/><W111/><G111/><T93/><D93/><U25/><E25/><V101/><F101/><W57/><G83/><N who="2" m="31817" /><F76/><W23/><G56/><T107/><D107/><U41/><E41/><V116/><F116/><W75/><G75/><T120/><D78/><U126/><E32/><V128/><F128/><W4/><G4/><T44/><D120/><U16/><E126/><AGARI ba="0,0" hai="44,47,52,55,60,61,72,73,84,87,117,119,126,127" machi="126" ten="25,8000,1" yaku="22,2,52,2,54,1" doraHai="133" who="0" fromWho="1" sc="167,80,332,-80,299,0,202,0" /><INIT seed="4,0,0,3,1,79" ten="247,252,299,202" oya="0" hai0="73,133,7,85,113,59,36,121,57,86,70,117,4" hai1="47,130,16,1,109,95,41,31,116,135,44,61,18" hai2="6,58,100,77,97,87,93,90,123,13,88,92,131" hai3="39,110,30,115,54,83,98,25,29,111,108,38,60"/><T55/><D70/><U56/><E116/><V99/><F123/><W103/><G115/><T45/><D73/><U43/><E1/><V84/><F131/><W107/><G29/><T105/><D105/><U15/><E135/><V125/><F125/><W67/><G54/><T50/><D121/><U9/><E109/><V10/><F100/><W71/><REACH who="3" step="1"/><G83/><REACH who="3" ten="247,252,299,192" step="2"/><T62/><D113/><U63/><E31/><V32/><F32/><AGARI ba="0,1" hai="25,30,32,38,39,60,67,71,98,103,107,108,110,111" machi="32" ten="40,16000,3" yaku="1,1,2,1,25,2,23,2,53,3" doraHai="79" doraHaiUra="120" who="3" fromWho="2" sc="247,0,252,0,299,-160,192,170" /><INIT seed="5,0,0,0,3,36" ten="247,252,139,362" oya="1" hai0="121,76,101,105,29,130,83,131,52,9,62,73,135" hai1="46,87,97,18,120,133,82,43,122,86,71,78,42" hai2="118,30,7,126,1,56,128,4,127,45,94,90,103" hai3="28,47,88,58,85,0,80,41,49,110,124,57,60"/><U14/><E71/><V33/><F118/><W44/><G110/><T53/><D121/><U38/><E133/><V3/><F128/><N who="0" m="49194" /><D135/><U54/><E97/><V100/><F56/><W132/><G132/><T10/><D29/><U35/><E35/><V92/><F45/><W114/><G114/><T17/><D17/><U96/><E96/><V77/><F77/><W64/><G0/><T112/><D112/><U102/><E102/><V32/><REACH who="2" step="1"/><F30/><REACH who="2" ten="247,252,129,362" step="2"/><W68/><G28/><T37/><D76/><U106/><E122/><V15/><F15/><W66/><G66/><T111/><D111/><U91/><E120/><V107/><F107/><W65/><G65/><T19/><D105/><U95/><E106/><V23/><F23/><W20/><G124/><T113/><D113/><U51/><E38/><V104/><F104/><W8/><G20/><AGARI ba="0,1" hai="14,18,20,42,43,46,51,54,78,82,86,87,91,95" machi="20" ten="30,11600,0" yaku="7,1,8,1,52,2" doraHai="36" who="1" fromWho="3" sc="247,0,252,126,129,0,362,-116" /><INIT seed="5,1,0,5,4,41" ten="247,378,129,246" oya="1" hai0="83,44,95,76,135,90,113,3,117,17,12,4,13" hai1="50,102,15,129,79,71,5,63,128,96,69,107,27" hai2="43,10,65,48,116,70,46,91,86,11,32,20,54" hai3="130,105,8,126,93,42,131,74,37,38,25,24,88"/><U59/><E79/><V56/><F116/><W60/><G105/><T106/><D3/><U66/><E27/><V68/><F32/><W53/><G74/><T92/><D106/><U103/><E103/><V40/><F40/><W64/><G53/><T35/><D35/><U124/><E124/><V31/><F68/><W23/><G8/><T72/><D117/><U61/><E50/><V49/><F70/><W98/><G126/><T101/><D113/><U75/><E75/><V120/><F120/><W28/><G25/><T100/><D44/><U118/><E118/><V73/><F73/><W134/><G134/><T21/><D95/><U67/><E59/><V51/><F65/><W122/><G122/><T132/><D132/><U36/><E36/><V29/><F49/><W121/><G121/><T115/><D115/><U89/><E89/><V109/><F109/><W39/><REACH who="3" step="1"/><G42/><REACH who="3" ten="247,378,129,236" step="2"/><T111/><D135/><U87/><E128/><V80/><REACH who="2" step="1"/><F20/><REACH who="2" ten="247,378,119,236" step="2"/><W0/><G0/><T110/><D21/><U30/><E129/><V114/><F114/><W16/><G16/><T47/><D17/><U62/><E67/><V123/><F123/><W127/><G127/><T125/><D125/><U78/><E66/><V19/><F19/><W9/><G9/><AGARI ba="1,2" hai="9,10,11,29,31,43,46,48,51,54,56,80,86,91" machi="9" ten="40,8000,1" yaku="1,1,8,1,52,1,53,2" doraHai="41" doraHaiUra="26" who="2" fromWho="3" sc="247,0,378,0,119,103,236,-83" /><INIT seed="6,0,0,3,0,8" ten="247,378,222,153" oya="2" hai0="91,42,98,94,105,32,40,3,14,26,7,81,60" hai1="33,50,22,135,132,129,49,5,101,107,62,23,100" hai2="96,92,11,112,30,79,73,19,117,93,1,106,127" hai3="110,125,124,2,85,103,67,86,17,88,27,24,28"/><V104/><F117/><W55/><G2/><T115/><D105/><U122/><E33/><V134/><F134/><N who="1" m="51241" /><E129/><V41/><F41/><W31/><G110/><T90/><D115/><U131/><E131/><V65/><F65/><W29/><G103/><N who="1" m="39498" /><E107/><V59/><F30/><W51/><G67/><T130/><D3/><U10/><E62/><V121/><F1/><W52/><G17/><T48/><D130/><U123/><E50/><V38/><F38/><W77/><G77/><T15/><D7/><U34/><E49/><V43/><F79/><W76/><G76/><T46/><D40/><U71/><E34/><V83/><F43/><W80/><G86/><N who="0" m="50511" /><D32/><U20/><E71/><V9/><F73/><W4/><G4/><T70/><D70/><U126/><E126/><N who="3" m="48746" /><G55/><T74/><D74/><U89/><E89/><V18/><F127/><W109/><G109/><T84/><D60/><U114/><E114/><V25/><F112/><W120/><G120/><T78/><D26/><U47/><E47/><AGARI ba="0,0" hai="24,27,28,29,31,47,51,52,80,85,88" m="48746" machi="47" ten="30,3900,0" yaku="18,1,54,2" doraHai="8" who="3" fromWho="1" sc="247,0,378,-39,222,0,153,39" /><INIT seed="7,0,0,4,2,35" ten="247,339,222,192" oya="3" hai0="68,30,97,25,24,105,125,83,99,87,75,42,33" hai1="62,95,77,55,65,80,22,86,64,9,39,15,61" hai2="129,0,46,49,43,126,110,131,114,38,3,78,37" hai3="45,98,59,85,31,122,67,12,34,11,100,28,76"/><W121/><G122/><T66/><D75/><U71/><E39/><N who="2" m="14859" /><F110/><W84/><G121/><T120/><D125/><U104/><E104/><V29/><F29/><N who="3" m="11339" /><G34/><T134/><D134/><U135/><E135/><V52/><F126/><W63/><G76/><T2/><D2/><N who="2" m="554" /><F78/><W17/><G45/><T111/><D111/><U90/><E22/><V60/><F114/><W116/><G116/><T53/><D42/><U82/><E55/><V44/><F60/><W130/><G130/><N who="2" m="49673" /><F46/><W19/><G19/><T72/><D120/><U8/><E77/><V113/><F113/><W119/><G119/><T124/><D124/><U20/><E62/><V94/><F94/><AGARI ba="0,0" hai="11,12,17,59,63,67,84,85,94,98,100" m="11339" machi="94" ten="30,1500,0" yaku="8,1" doraHai="35" who="3" fromWho="2" sc="247,0,339,0,222,-15,192,15" /><INIT seed="7,1,0,4,1,95" ten="247,339,207,207" oya="3" hai0="20,97,124,38,79,111,117,1,41,24,42,16,53" hai1="14,91,74,63,101,107,70,36,134,35,23,52,115" hai2="45,127,51,26,86,135,122,3,15,72,7,22,120" hai3="13,6,10,64,4,56,82,21,62,93,19,102,54"/><W44/><G82/><T76/><D1/><U32/><E74/><V8/><F72/><W99/><G44/><T119/><D111/><U94/><E36/><V17/><F127/><W100/><G100/><T133/><D133/><U108/><E108/><V50/><F135/><W34/><G34/><T55/><D124/><U47/><E101/><V71/><F71/><W77/><G77/><N who="0" m="29771" /><D38/><U31/><E107/><V84/><F3/><W28/><G54/><N who="0" m="20491" /><D119/><U49/><E115/><V83/><F50/><W85/><G85/><T11/><D117/><U131/><E131/><V18/><F7/><W87/><G87/><T132/><D132/><U121/><E121/><N who="2" m="46699" /><F83/><W104/><G104/><T73/><D73/><U69/><E69/><V25/><F25/><AGARI ba="1,0" hai="4,6,10,13,19,21,25,28,56,62,64,93,99,102" machi="25" ten="40,12000,1" yaku="25,2,8,1,52,1" doraHai="95" who="3" fromWho="2" sc="247,0,339,0,207,-123,207,123" /><INIT seed="7,2,0,0,4,0" ten="247,339,84,330" oya="3" hai0="24,85,7,68,66,82,9,60,124,59,41,23,126" hai1="74,31,132,112,29,94,99,72,6,28,51,87,76" hai2="113,71,38,22,58,62,133,84,21,81,55,48,19" hai3="42,78,30,103,3,122,95,127,44,131,107,16,46"/><W96/><G3/><T123/><D123/><U39/><E39/><V128/><F113/><W108/><G122/><T11/><D41/><U109/><E109/><V130/><F133/><W110/><G30/><T106/><D106/><U105/><E112/><V54/><F38/><W57/><G131/><T40/><D40/><U61/><E105/><V111/><F111/><N who="3" m="42539" /><G127/><T86/><D68/><U93/><E6/><V118/><F118/><W63/><G78/><T32/><D32/><U37/><E37/><V1/><F1/><W67/><G42/><T135/><D135/><U89/><E51/><V5/><F5/><W34/><G34/><T101/><D101/><U43/><E43/><V2/><F2/><W52/><G16/><T115/><D115/><U92/><E132/><V129/><F71/><N who="3" m="42495" /><G107/><T20/><D20/><U53/><E76/><V120/><F120/><W69/><G69/><T100/><D100/><U13/><E13/><V56/><F19/><W114/><G114/><T14/><D11/><U91/><E93/><V119/><F119/><W65/><G65/><T79/><REACH who="0" step="1"/><D86/><REACH who="0" ten="237,339,84,330" step="2"/><U77/><E74/><V10/><REACH who="2" step="1"/><F10/><REACH who="2" ten="237,339,74,330" step="2"/><W35/><G35/><T102/><D102/><U97/><E72/><V4/><F4/><W17/><G17/><AGARI ba="2,2" hai="7,9,14,17,23,24,59,60,66,79,82,85,124,126" machi="17" ten="40,2600,0" yaku="1,1,52,1,53,0" doraHai="0" doraHaiUra="117" who="0" fromWho="3" sc="237,52,339,0,74,0,330,-32" owari="289,-11.0,339,44.0,74,-43.0,298,10.0" /></mjloggm>