<mjloggm ver="2.3"><GO type="169" lobby="0"/><UN n0="%7A%65%72%6F%52%58" n1="%EF%BC%A4%EF%BC%B2%EF%BC%AF%EF%BC%B0" n2="%E3%82%A6%E3%83%AB%E3%83%88%E3%83%A9%E7%AB%8B%E7%9B%B4" n3="%78%E3%83%AB%E3%83%AB%78" dan="16,16,18,16" rate="2125.99,2133.41,2203.26,2072.22" sx="M,M,M,M"/><TAIKYOKU oya="0"/><INIT seed="0,0,0,4,1,102" ten="250,250,250,250" oya="0" hai0="83,41,71,2,123,55,14,112,38,67,42,121,107" hai1="82,66,130,33,21,24,27,97,34,29,110,114,76" hai2="88,53,73,52,74,56,118,105,64,86,126,13,10" hai3="49,124,68,119,20,23,109,36,43,129,99,116,51"/><T117/><D2/><U70/><E110/><V115/><F115/><W78/><G68/><T93/><D112/><U133/><E114/><V6/><F126/><W122/><G109/><T15/><D117/><U3/><E130/><V31/><F118/><W89/><G129/><T48/><D107/><U61/><E133/><V94/><F105/><W91/><G78/><T104/><D104/><U1/><E97/><V72/><REACH who="2" step="1"/><F31/><REACH who="2" ten="250,250,240,250" step="2"/><W127/><G124/><T90/><D123/><U128/><E128/><V131/><F131/><W120/><G127/><T19/><D121/><U54/><E34/><V44/><F44/><W96/><REACH who="3" step="1"/><G43/><REACH who="3" ten="250,250,240,240" step="2"/><T30/><D42/><U106/><E106/><V50/><F50/><W57/><G57/><T134/><D41/><U37/><E37/><AGARI ba="0,2" hai="20,23,36,37,49,51,89,91,96,99,116,119,120,122" machi="37" ten="25,8000,1" yaku="1,1,22,2,53,2" doraHai="102" doraHaiUra="45" who="3" fromWho="1" sc="250,0,250,-80,240,0,240,100" /><INIT seed="1,0,0,4,3,9" ten="250,170,240,340" oya="1" hai0="26,114,17,105,85,135,18,51,102,91,88,25,19" hai1="33,103,125,50,56,23,42,119,81,72,46,113,131" hai2="40,80,65,55,77,45,130,83,1,28,69,93,82" hai3="49,115,7,70,99,87,37,6,128,121,118,101,21"/><U2/><E113/><V100/><F1/><W38/><G118/><T76/><D114/><U47/><E119/><V20/><F130/><W13/><G70/><T107/><D135/><U98/><E33/><V11/><F55/><W64/><G121/><T62/><D62/><U110/><E131/><V68/><F11/><W0/><G64/><T134/><D134/><U58/><E2/><V75/><F65/><W116/><G128/><T92/><D102/><U8/><E125/><V16/><F28/><W36/><G116/><T59/><D76/><U79/><E8/><V133/><F133/><W10/><G87/><N who="0" m="52255" /><D107/><U34/><E34/><V122/><F122/><W96/><G96/><T104/><D104/><U57/><E110/><V41/><F41/><W109/><G109/><T132/><D105/><U3/><E3/><V127/><F127/><W15/><G49/><T12/><D12/><U86/><E72/><V32/><F32/><W53/><G53/><N who="0" m="32191" /><D132/><U129/><E129/><V95/><F77/><W108/><G108/><T94/><AGARI ba="0,0" hai="17,18,19,25,26,85,91,94" m="32191,52255" machi="94" ten="30,2000,0" yaku="8,1,54,1" doraHai="9" who="0" fromWho="0" sc="250,20,170,-10,240,-5,340,-5" /><INIT seed="2,0,0,2,3,34" ten="270,160,235,335" oya="2" hai0="21,80,1,51,69,129,120,0,133,41,78,89,126" hai1="42,65,86,61,56,15,102,29,17,131,118,124,44" hai2="13,95,40,10,87,130,45,73,14,135,37,96,36" hai3="108,99,105,53,90,12,30,110,92,8,119,33,20"/><V79/><F130/><W121/><G121/><T62/><D120/><U26/><E131/><V18/><F135/><W117/><G105/><T6/><D6/><U101/><E124/><V77/><F73/><W24/><G33/><T134/><D129/><U112/><E118/><V5/><F37/><W58/><G12/><T81/><D126/><U54/><E112/><V3/><F87/><W74/><G8/><T71/><D89/><U123/><E123/><V94/><F14/><W104/><G104/><T4/><D4/><U25/><E65/><V103/><REACH who="2" step="1"/><F95/><REACH who="2" ten="270,160,225,335" step="2"/><W113/><G74/><T70/><D134/><U100/><E86/><V64/><F64/><W11/><G113/><T114/><D133/><U115/><E115/><V91/><F91/><W31/><G117/><T28/><D114/><U122/><E122/><V97/><F97/><W22/><G119/><T116/><D116/><U19/><E15/><V48/><F48/><W39/><G39/><T98/><D98/><U16/><REACH who="1" step="1"/><E29/><REACH who="1" ten="270,150,225,335" step="2"/><V52/><F52/><W84/><G31/><T32/><D28/><U111/><E111/><V60/><F60/><N who="3" m="35919" /><G110/><T63/><D62/><U2/><E2/><V67/><F67/><W35/><G108/><T47/><D63/><U127/><E127/><V9/><AGARI ba="0,2" hai="3,5,9,10,13,18,36,40,45,77,79,94,96,103" machi="9" ten="20,7800,0" yaku="1,1,0,1,7,1,52,1,53,0" doraHai="34" doraHaiUra="23" who="2" fromWho="2" sc="270,-26,150,-26,225,98,335,-26" /><INIT seed="2,1,0,0,3,27" ten="244,124,323,309" oya="2" hai0="70,133,93,67,60,85,104,63,89,24,29,101,54" hai1="135,37,98,78,62,71,58,1,96,57,110,125,8" hai2="20,34,114,134,7,30,131,118,75,6,10,120,82" hai3="33,122,52,112,80,66,43,69,45,12,92,38,25"/><V109/><F75/><W65/><G122/><T40/><D133/><U132/><E37/><V74/><F74/><W0/><G0/><T61/><D40/><U51/><E110/><V19/><F82/><W22/><G33/><N who="0" m="20647" /><D54/><N who="1" m="31967" /><E71/><V5/><F120/><W115/><G80/><T4/><D4/><N who="2" m="1642" /><F118/><W108/><G108/><T103/><D103/><U106/><E106/><V59/><F59/><W31/><G12/><T39/><D39/><U48/><E1/><N who="2" m="367" /><F109/><W49/><G92/><T130/><D130/><U116/><E58/><V26/><F134/><W68/><G68/><T90/><D90/><U23/><E116/><V64/><F64/><W94/><G94/><T121/><D121/><U76/><E132/><V91/><F91/><W15/><G15/><T17/><D17/><U50/><E135/><V42/><F42/><W3/><G3/><T56/><D56/><U21/><E78/><V128/><F114/><N who="3" m="43563" /><G69/><T47/><D47/><AGARI ba="1,0" hai="22,25,31,38,43,45,47,49,52,65,66" m="43563" machi="47" ten="30,3900,0" yaku="11,1,52,1,54,1" doraHai="27" who="3" fromWho="0" sc="244,-42,124,0,323,0,309,42" /><INIT seed="3,0,0,4,0,115" ten="202,124,323,351" oya="3" hai0="37,17,88,90,36,72,67,105,24,120,1,32,39" hai1="130,110,45,89,132,106,83,5,26,18,47,58,42" hai2="68,86,31,104,135,40,102,62,49,91,44,22,4" hai3="38,13,108,56,99,20,66,30,118,78,125,76,6"/><W117/><G38/><T33/><D1/><U93/><E106/><V2/><F135/><W119/><G6/><T15/><D105/><U95/><E132/><V87/><F2/><W29/><G13/><T54/><D72/><U7/><E110/><V134/><F4/><N who="1" m="1609" /><E130/><V34/><F134/><W122/><G122/><T10/><D67/><U51/><E47/><V16/><F31/><W128/><G128/><T19/><D120/><U12/><E26/><V97/><F34/><W133/><G133/><T61/><D33/><U48/><E83/><V73/><F73/><W60/><G108/><T53/><D19/><U85/><E58/><V80/><F62/><W59/><G59/><T123/><D123/><U71/><E71/><V14/><REACH who="2" step="1"/><F87/><REACH who="2" ten="202,124,313,351" step="2"/><W70/><G30/><T69/><D61/><U92/><E51/><V81/><F81/><W116/><G116/><T109/><D109/><U114/><E114/><V126/><F126/><W131/><G125/><T112/><D112/><U127/><E127/><V46/><F46/><W98/><G131/><T52/><REACH who="0" step="1"/><D69/><AGARI ba="0,1" hai="14,16,22,40,44,49,68,69,80,86,91,97,102,104" machi="69" ten="40,2600,0" yaku="1,1,54,1,53,0" doraHai="115" doraHaiUra="124" who="2" fromWho="0" sc="202,-26,124,0,313,36,351,0" /><INIT seed="4,0,0,0,4,92" ten="176,124,349,351" oya="0" hai0="61,81,93,73,35,37,124,128,10,3,11,50,127" hai1="9,42,60,13,107,0,133,19,70,134,109,18,57" hai2="88,129,101,84,15,78,79,74,71,114,29,83,41" hai3="47,43,115,59,23,58,77,34,116,54,132,8,67"/><T44/><D37/><U90/><E109/><V118/><F71/><W91/><G116/><T4/><D35/><U98/><E0/><V40/><F118/><W76/><G34/><T122/><D122/><U7/><E70/><V97/><F114/><W123/><G123/><T26/><D128/><U68/><E68/><V48/><F129/><W53/><G8/><T51/><D26/><U22/><E42/><V63/><F29/><W89/><G132/><N who="1" m="50794" /><E22/><V12/><F63/><W106/><G106/><T100/><D61/><U131/><E131/><V1/><F1/><W102/><G102/><T125/><D11/><U30/><E30/><V31/><F31/><W94/><G23/><T95/><D100/><N who="1" m="62871" /><E90/><V126/><F79/><W72/><G91/><T87/><D73/><U2/><E2/><V27/><F27/><W110/><G72/><T28/><D28/><U62/><E62/><V5/><F41/><W24/><G24/><T96/><D96/><U113/><E113/><V46/><F126/><W64/><G110/><T14/><D3/><U52/><AGARI ba="0,0" hai="7,9,13,18,19,52,57,60" m="62871,50794" machi="52" ten="30,4000,0" yaku="20,1,52,1,54,1" doraHai="92" who="1" fromWho="1" sc="176,-20,124,40,349,-10,351,-10" /><INIT seed="5,0,0,1,4,77" ten="156,164,339,341" oya="1" hai0="70,91,133,110,79,52,8,5,128,22,26,98,47" hai1="81,14,1,54,3,31,134,35,95,2,24,23,112" hai2="104,127,55,0,53,63,121,116,46,109,6,122,119" hai3="80,27,131,71,4,103,10,15,106,61,67,86,107"/><U48/><E112/><V50/><F104/><W73/><G131/><T85/><D70/><U19/><E134/><V105/><F105/><W83/><G103/><T56/><D110/><U100/><E100/><V93/><F0/><W96/><G96/><T58/><D128/><U115/><E115/><V62/><F6/><W102/><G102/><T135/><D79/><U82/><REACH who="1" step="1"/><E95/><REACH who="1" ten="156,154,339,341" step="2"/><V13/><F93/><W64/><G107/><T20/><D135/><U18/><E18/><V68/><F121/><W65/><G106/><T89/><D133/><U38/><E38/><V60/><F122/><W114/><G114/><T12/><D98/><U33/><E33/><V28/><F119/><W36/><G36/><T129/><D129/><U76/><E76/><V92/><F92/><W94/><G94/><N who="0" m="54575" /><D91/><U16/><E16/><V78/><F78/><W90/><G73/><T125/><D125/><U124/><E124/><V11/><F127/><W87/><G90/><T40/><D26/><U97/><E97/><V108/><F116/><W130/><G130/><T66/><D22/><U9/><E9/><V34/><F109/><W111/><G27/><T126/><D20/><U7/><E7/><V21/><F34/><W29/><G111/><T118/><D126/><U37/><E37/><V41/><F108/><W32/><G32/><T75/><D118/><U43/><E43/><V25/><F68/><W51/><G71/><T59/><D75/><U30/><E30/><V69/><F69/><W123/><G29/><T117/><D117/><U84/><E84/><V42/><F42/><W39/><G123/><RYUUKYOKU ba="0,1" sc="156,-15,154,15,339,15,341,-15" hai1="1,2,3,14,19,23,24,31,35,48,54,81,82" hai2="11,13,21,25,28,41,46,50,53,55,60,62,63" /><INIT seed="5,1,1,0,1,117" ten="141,169,354,326" oya="1" hai0="123,7,73,66,51,67,16,36,59,81,71,132,79" hai1="3,78,77,35,113,31,58,99,0,92,110,30,80" hai2="62,24,101,6,126,102,72,19,13,122,27,125,119" hai3="83,46,112,85,93,114,18,111,28,76,11,103,100"/><U44/><E113/><N who="3" m="43626" /><G111/><T75/><D36/><U50/><E110/><V45/><F72/><W15/><G28/><N who="1" m="10794" /><E3/><V60/><F6/><W135/><G135/><T70/><D132/><U86/><E0/><V57/><F45/><W65/><G65/><T116/><D116/><U134/><E35/><V56/><F119/><W97/><G46/><T41/><D7/><U96/><E58/><V82/><F82/><W34/><G34/><T1/><D1/><U53/><E134/><V127/><F13/><W10/><G10/><T94/><D71/><U37/><E37/><V21/><F27/><W29/><G29/><T118/><D118/><U25/><E25/><V40/><F40/><W68/><G68/><T98/><D70/><U95/><E78/><V23/><F23/><W8/><G8/><T115/><D115/><U69/><E69/><V109/><F109/><W90/><AGARI ba="1,1" hai="11,15,18,76,83,85,90,93,97,100,103" m="43626" machi="90" ten="30,1100,0" yaku="15,1" doraHai="117" who="3" fromWho="3" sc="141,-4,169,-6,354,-4,326,24" /><INIT seed="6,0,0,0,4,88" ten="137,163,350,350" oya="2" hai0="17,65,98,11,10,24,29,61,9,107,106,22,115" hai1="129,127,124,12,53,114,70,57,37,102,133,92,73" hai2="56,28,45,123,54,36,110,78,112,95,51,40,93" hai3="83,44,90,105,84,91,103,7,6,62,25,32,5"/><V30/><F123/><W20/><G32/><T71/><D115/><U94/><E114/><V13/><F112/><W15/><G105/><T8/><N who="0" m="2048" /><DORA hai="33" /><T81/><D81/><U89/><E73/><V60/><F110/><W41/><G15/><T104/><REACH who="0" step="1"/><D29/><REACH who="0" ten="127,163,350,350" step="2"/><U79/><E124/><V75/><F30/><W4/><G83/><T27/><D27/><U85/><E127/><V111/><F28/><W101/><G25/><T68/><D68/><U128/><E70/><V23/><F111/><W109/><G109/><T19/><D19/><U18/><E18/><V80/><F80/><W3/><G4/><T134/><D134/><U52/><E133/><V76/><F78/><W21/><G7/><T48/><D48/><U67/><E79/><V69/><F76/><W116/><G6/><T34/><D34/><U108/><E108/><V97/><F75/><W46/><G5/><T121/><D121/><U122/><E122/><V117/><F51/><W120/><G120/><T82/><D82/><U50/><E50/><V26/><F26/><W39/><G39/><T100/><AGARI ba="0,1" hai="17,22,24,61,65,71,98,100,104,106,107" m="2048" machi="100" ten="40,5200,0" yaku="1,1,0,1,53,1" doraHai="88,33" doraHaiUra="14,86" who="0" fromWho="0" sc="127,62,163,-13,350,-26,350,-13" /><INIT seed="7,0,0,0,5,99" ten="189,150,324,337" oya="3" hai0="37,26,55,118,98,36,24,43,73,23,60,31,66" hai1="30,121,57,127,94,117,84,108,75,128,77,109,10" hai2="46,18,122,41,70,96,40,88,2,7,82,134,15" hai3="116,22,13,104,107,1,63,97,12,130,56,102,9"/><W92/><G116/><T33/><D73/><U3/><E3/><V129/><F70/><W123/><G1/><T47/><D118/><U110/><E10/><N who="2" m="4575" /><F2/><W115/><G123/><T39/><D55/><U25/><E117/><V124/><F122/><W11/><G115/><T87/><D87/><U93/><E121/><V67/><F124/><W79/><G79/><T49/><D98/><U126/><E57/><V113/><F113/><W52/><G22/><T5/><D5/><U111/><N who="1" m="27648" /><DORA hai="19" /><U89/><E128/><V91/><F129/><W112/><G112/><T42/><D42/><N who="2" m="16490" /><F134/><W132/><G132/><T27/><REACH who="0" step="1"/><D33/><REACH who="0" ten="179,150,324,337" step="2"/><U48/><E48/><V58/><F96/><W133/><G130/><T38/><N who="0" m="9216" /><DORA hai="101" /><T125/><D125/><U105/><E105/><V28/><F46/><W62/><G133/><T103/><D103/><U131/><E131/><V44/><F44/><W72/><G72/><T8/><D8/><U81/><REACH who="1" step="1"/><E94/><REACH who="1" ten="179,140,324,337" step="2"/><V83/><F83/><W54/><G104/><T16/><D16/><U71/><E71/><AGARI ba="0,2" hai="23,24,26,27,31,43,47,49,60,66,71" m="9216" machi="71" ten="70,16000,3" yaku="1,1,52,1,53,6" doraHai="99,19,101" doraHaiUra="68,45,59" who="0" fromWho="1" sc="179,180,140,-160,324,0,337,0" owari="359,46.0,-20,-52.0,324,-8.0,337,14.0" /></mjloggm>