<mjloggm ver="2.3"><GO type="169" lobby="0"/><UN n0="%E6%9A%97%E3%81%84%E7%AC%A6" n1="%E5%8E%9F%E5%AE%BF%E3%82%B8%E3%82%A7%E3%83%B3%E3%83%8C" n2="%E6%A5%95%E5%86%86%E8%BB%8C%E9%81%93" n3="%E3%82%A6%E3%83%AB%E3%83%88%E3%83%A9%E7%AB%8B%E7%9B%B4" dan="17,16,16,17" rate="2159.91,2135.18,2045.47,2214.08" sx="M,M,M,M"/><TAIKYOKU oya="0"/><INIT seed="0,0,0,1,0,38" ten="250,250,250,250" oya="0" hai0="81,15,31,49,75,53,69,129,121,135,63,10,51" hai1="119,74,91,72,78,9,34,65,125,104,29,27,90" hai2="22,106,55,103,126,128,39,52,17,100,96,87,89" hai3="50,84,107,2,59,42,21,60,28,35,58,47,86"/><T14/><D31/><U33/><E119/><V93/><F126/><W133/><G107/><T54/><D121/><U16/><E34/><V56/><F128/><W108/><G35/><T70/><D129/><U36/><E36/><V66/><F39/><W127/><G2/><T71/><D135/><U37/><E37/><V131/><F131/><W102/><G127/><T130/><D130/><U25/><E104/><V113/><F113/><W13/><G133/><T23/><D23/><U105/><E105/><V111/><F111/><W67/><G108/><T62/><D81/><U19/><E65/><V41/><F41/><W61/><G102/><T92/><D92/><U18/><E27/><V82/><F66/><W83/><G13/><N who="0" m="4619" /><D10/><U110/><E9/><V117/><F117/><W30/><G21/><T4/><D4/><U95/><E110/><V97/><REACH who="2" step="1"/><F56/><REACH who="2" ten="250,250,240,250" step="2"/><W132/><G132/><T43/><D43/><U98/><E125/><V32/><F32/><W94/><G59/><T122/><D122/><U120/><E120/><V20/><F20/><W45/><G45/><T57/><D57/><U48/><E48/><N who="0" m="18505" /><D75/><U114/><E114/><V24/><AGARI ba="0,1" hai="17,22,24,52,55,82,87,89,93,96,97,100,103,106" machi="24" ten="20,5200,0" yaku="1,1,0,1,7,1,54,1,53,0" doraHai="38" doraHaiUra="73" who="2" fromWho="2" sc="250,-26,250,-13,240,62,250,-13" /><INIT seed="1,0,0,0,4,60" ten="224,237,302,237" oya="1" hai0="83,53,42,35,69,135,17,3,119,91,11,85,7" hai1="128,12,24,25,67,16,72,45,41,129,112,105,79" hai2="32,57,100,106,37,123,107,134,61,5,133,77,26" hai3="75,116,101,14,93,64,9,62,89,81,49,47,38"/><U36/><E105/><V8/><F123/><W50/><G116/><T98/><D119/><U113/><E79/><V109/><F37/><W21/><G101/><T118/><D35/><U33/><E72/><V30/><F109/><W115/><G115/><T78/><D118/><U22/><E67/><V10/><F77/><W120/><G120/><T111/><D111/><U55/><E55/><V103/><F103/><W52/><G75/><T54/><D69/><U97/><E97/><V74/><F74/><W84/><G21/><T126/><D126/><U19/><E25/><V29/><F29/><W18/><G50/><T23/><D135/><N who="2" m="51722" /><F100/><W34/><G34/><T73/><D98/><U110/><E110/><V15/><F10/><W28/><G28/><T6/><D6/><U82/><E82/><V127/><F127/><W71/><REACH who="3" step="1"/><G93/><REACH who="3" ten="224,237,302,227" step="2"/><T51/><D51/><U125/><E125/><V122/><F122/><W99/><G99/><T48/><D48/><U58/><E33/><V80/><F80/><W96/><G96/><T70/><D73/><U130/><E58/><V102/><F102/><W104/><G104/><T117/><D117/><U27/><E27/><V124/><F124/><W76/><G76/><T66/><D78/><U132/><E132/><V88/><F88/><W92/><G92/><T39/><D39/><AGARI ba="0,1" hai="9,14,18,38,39,47,49,52,62,64,71,81,84,89" machi="39" ten="40,8000,1" yaku="1,1,25,2,52,1,54,1,53,0" doraHai="60" doraHaiUra="31" who="3" fromWho="0" sc="224,-80,237,0,302,0,227,90" /><INIT seed="2,0,0,1,2,72" ten="144,237,302,317" oya="2" hai0="85,109,132,5,73,31,123,135,54,10,119,75,78" hai1="131,12,37,112,82,127,15,35,96,83,45,105,126" hai2="49,50,28,0,63,58,110,57,81,104,43,64,2" hai3="106,36,7,11,121,39,51,103,120,122,1,40,59"/><V100/><F110/><W29/><G29/><T116/><D31/><U13/><E35/><V128/><F128/><W17/><G17/><T89/><D10/><U68/><E68/><V62/><F28/><W56/><G40/><T67/><D67/><U16/><E112/><V3/><F104/><W124/><G124/><N who="1" m="47658" /><E131/><V86/><F100/><W70/><G70/><T101/><D5/><U48/><E37/><V42/><F42/><W60/><G103/><T76/><D101/><N who="1" m="62631" /><E16/><V25/><F25/><W77/><G106/><T21/><D21/><U71/><E71/><V90/><REACH who="2" step="1"/><F43/><AGARI ba="0,0" hai="12,13,15,43,45,48,82,83" m="62631,47658" machi="43" ten="30,1000,0" yaku="18,1" doraHai="72" who="1" fromWho="2" sc="144,0,237,10,302,-10,317,0" /><INIT seed="3,0,0,0,3,93" ten="144,247,292,317" oya="3" hai0="18,112,69,5,86,107,27,80,103,6,45,13,8" hai1="82,23,78,70,73,35,51,106,129,0,17,130,79" hai2="46,105,42,29,90,108,122,119,131,115,16,24,120" hai3="132,14,20,91,49,114,52,48,113,84,124,63,127"/><W111/><G132/><T66/><D69/><U32/><E70/><V77/><F119/><W12/><G63/><T10/><D66/><U101/><E0/><V85/><F115/><W74/><G74/><T135/><D112/><U104/><E51/><V47/><F105/><W4/><G111/><T1/><D27/><U60/><E60/><V58/><F108/><W133/><G133/><T31/><D31/><U62/><E62/><V98/><F131/><N who="1" m="50185" /><E79/><V61/><F77/><W2/><G2/><T40/><D135/><U75/><E73/><V68/><F68/><W3/><G3/><T38/><D103/><U128/><N who="1" m="50193" /><U72/><DORA hai="21" /><E72/><V76/><F29/><W121/><G121/><T28/><D107/><N who="1" m="41003" /><E101/><V87/><F76/><W54/><G91/><T7/><REACH who="0" step="1"/><D28/><REACH who="0" ten="134,247,292,317" step="2"/><U96/><E96/><V15/><F98/><W100/><G100/><T30/><D30/><U43/><E35/><V126/><F120/><W19/><G114/><T67/><D67/><U118/><E32/><V50/><F122/><W123/><G113/><T99/><D99/><U65/><E65/><V110/><F24/><W88/><G123/><T125/><D125/><U9/><E118/><V83/><F126/><W55/><G127/><T37/><D37/><U11/><E43/><V36/><F110/><W97/><G97/><T71/><D71/><U109/><E109/><V89/><F36/><W22/><G124/><T94/><D94/><U95/><E95/><V134/><F134/><W102/><G102/><T26/><D26/><AGARI ba="0,1" hai="9,11,17,23,26,75,78,82" m="41003,50193" machi="26" ten="40,2600,0" yaku="19,1,52,1" doraHai="93,21" who="1" fromWho="0" sc="134,-26,247,36,292,0,317,0" /><INIT seed="4,0,0,5,0,7" ten="108,283,292,317" oya="0" hai0="80,26,104,86,37,93,74,77,5,10,20,1,3" hai1="91,85,127,106,107,110,117,98,105,57,21,122,51" hai2="17,125,25,66,50,52,55,79,134,45,41,133,40" hai3="9,31,35,38,63,100,14,0,2,87,58,68,97"/><T84/><D104/><U76/><E117/><V33/><F79/><W81/><G38/><T56/><D56/><U61/><E122/><V92/><F125/><W111/><G111/><T18/><D1/><U11/><E127/><V34/><F66/><W42/><G42/><T36/><D36/><U67/><E76/><V22/><F92/><W90/><G68/><T47/><REACH who="0" step="1"/><D93/><REACH who="0" ten="98,283,292,317" step="2"/><U116/><E116/><V4/><F133/><W6/><G58/><T30/><D30/><U95/><E110/><V69/><F69/><W128/><G0/><T44/><D44/><U103/><E21/><V101/><F134/><W32/><G2/><T120/><D120/><U72/><E51/><V39/><F39/><W13/><G31/><T126/><D126/><U71/><E71/><V59/><F34/><W73/><G35/><T135/><D135/><U65/><E106/><V83/><F33/><W119/><G32/><T64/><D64/><U121/><E107/><V88/><F59/><W131/><G119/><T102/><D102/><U70/><E67/><V23/><F101/><W54/><G100/><T46/><D46/><U82/><E121/><V24/><F23/><W60/><G60/><T49/><D49/><U132/><E132/><V75/><F45/><W28/><G63/><T29/><D29/><U15/><E70/><V53/><F50/><W109/><G28/><T108/><D108/><U112/><E105/><V12/><F22/><W113/><G109/><T94/><D94/><U19/><E103/><V27/><F25/><W48/><G48/><T96/><D96/><U118/><E98/><RYUUKYOKU ba="0,1" sc="98,30,283,-10,292,-10,317,-10" hai0="3,5,10,18,20,26,37,47,74,77,80,84,86" /><INIT seed="4,1,1,1,0,62" ten="128,273,282,307" oya="0" hai0="110,61,40,57,9,106,53,115,123,19,132,31,32" hai1="107,124,70,102,90,58,82,24,13,80,131,7,133" hai2="3,135,16,111,93,79,50,68,27,95,118,45,87" hai3="43,42,17,129,134,99,75,69,113,1,120,101,100"/><T38/><D106/><U44/><E70/><V125/><F3/><W71/><G75/><T67/><D32/><U126/><E24/><V41/><F111/><W23/><G1/><T39/><D31/><U18/><E7/><V48/><F125/><N who="1" m="48233" /><E44/><V52/><F135/><W10/><G10/><T77/><D123/><U14/><E133/><V51/><F51/><W122/><G113/><T21/><D132/><U109/><E109/><V98/><F68/><W84/><G84/><T112/><D110/><U130/><E58/><V47/><F118/><W49/><G71/><T4/><D77/><U63/><E63/><V94/><F79/><W119/><G69/><T78/><D78/><U11/><E13/><V20/><REACH who="2" step="1"/><F87/><REACH who="2" ten="128,273,272,307" step="2"/><W6/><G119/><T128/><D115/><U96/><E90/><AGARI ba="1,2" hai="16,20,27,41,45,47,48,50,52,90,93,94,95,98" machi="90" ten="30,12000,2" yaku="1,1,2,1,7,1,8,1,54,2,53,0" doraHai="62" doraHaiUra="55" who="2" fromWho="1" sc="128,0,273,-123,272,143,307,0" /><INIT seed="5,0,0,4,2,64" ten="128,150,415,307" oya="1" hai0="6,117,129,84,104,30,21,43,133,126,8,106,68" hai1="59,87,38,19,47,91,100,112,93,105,24,7,113" hai2="134,110,35,4,109,119,72,29,13,57,108,131,2" hai3="74,80,9,94,46,120,67,71,61,70,90,79,34"/><U56/><E7/><V3/><F72/><W86/><G120/><T16/><D117/><U54/><E105/><V75/><F75/><W12/><G34/><T52/><D43/><U17/><E100/><V20/><F57/><W96/><G46/><T40/><D40/><U41/><E56/><V73/><F73/><W102/><G61/><T49/><D30/><U125/><E125/><V44/><F44/><W14/><G67/><T50/><D50/><U98/><E87/><V18/><F119/><W31/><G31/><T51/><D51/><U33/><E33/><V103/><F103/><W42/><G42/><T77/><D126/><U95/><E95/><V88/><F88/><W65/><G65/><T22/><D22/><U62/><E17/><V89/><F89/><W53/><G53/><T81/><D129/><U107/><E107/><V123/><F123/><W55/><G55/><T60/><D133/><U63/><E63/><V48/><F48/><W97/><G97/><T58/><D60/><U27/><E27/><N who="2" m="18879" /><F134/><W1/><G1/><N who="2" m="9" /><F4/><W127/><G127/><T69/><D106/><U45/><REACH who="1" step="1"/><E47/><REACH who="1" ten="128,140,415,307" step="2"/><V37/><F131/><W130/><G130/><T66/><D104/><U101/><E101/><V78/><F37/><W118/><G118/><T28/><D28/><U25/><E25/><V0/><F0/><W92/><G14/><T135/><D135/><U76/><E76/><V111/><F110/><W82/><G94/><T116/><D116/><U10/><E10/><V11/><F78/><W124/><G124/><T132/><D132/><U114/><E114/><V85/><F85/><RYUUKYOKU ba="0,1" sc="128,-30,140,10,415,10,307,10" hai1="19,24,38,41,45,54,59,62,91,93,98,112,113" hai2="11,13,18,20,108,109,111" hai3="9,12,70,71,74,79,80,82,86,90,92,96,102" /><INIT seed="5,1,1,5,1,37" ten="98,150,425,317" oya="1" hai0="53,32,124,108,4,6,41,97,66,114,101,113,17" hai1="130,9,49,24,102,109,22,25,19,98,61,79,135" hai2="125,118,27,123,119,85,13,133,84,59,16,48,55" hai3="52,81,44,69,1,72,88,31,42,46,50,39,14"/><U82/><E109/><V73/><F73/><W105/><G105/><T93/><D32/><U29/><E135/><V58/><F123/><W10/><G69/><T111/><D66/><U23/><E130/><V87/><F133/><W8/><G31/><T132/><D132/><U91/><E9/><V129/><F129/><W67/><G67/><T115/><D124/><U60/><E91/><V75/><F75/><W68/><G68/><T99/><D53/><U83/><E82/><V62/><F27/><W65/><G65/><T2/><D17/><U128/><E49/><V74/><F74/><W76/><G1/><T40/><D2/><U56/><E56/><V121/><F121/><W30/><G30/><T100/><D115/><U70/><E70/><V57/><F125/><W47/><G47/><T0/><D0/><U26/><E24/><V77/><F59/><W95/><G14/><T35/><D35/><U126/><E128/><V28/><F28/><W94/><G94/><AGARI ba="1,1" hai="4,6,40,41,93,94,97,99,100,101,108,111,113,114" machi="94" ten="25,6400,0" yaku="22,2,52,2" doraHai="37" who="0" fromWho="3" sc="98,77,150,0,425,0,317,-67" /><INIT seed="6,0,0,2,0,84" ten="175,150,425,250" oya="2" hai0="39,87,22,108,21,130,35,102,117,81,14,2,25" hai1="62,19,128,86,97,0,37,123,41,76,54,98,38" hai2="133,8,103,80,107,7,78,126,70,48,68,119,60" hai3="94,127,114,132,12,104,67,15,55,83,36,33,1"/><V110/><F119/><W91/><G104/><T93/><D39/><U46/><E123/><V122/><F122/><W31/><G1/><T11/><D108/><U53/><E0/><V90/><F126/><W40/><G67/><T61/><D2/><U10/><E38/><V71/><F133/><W88/><G33/><T73/><D73/><U82/><E128/><V64/><F110/><W65/><G65/><T52/><D35/><U66/><E97/><V105/><F48/><W79/><G31/><T29/><D22/><U58/><E98/><V32/><F32/><W113/><G94/><T47/><D130/><U30/><E30/><V27/><F27/><W5/><G55/><T125/><D125/><U131/><E131/><V56/><F103/><W77/><G127/><T72/><D72/><U28/><E28/><V34/><F34/><W18/><G5/><T135/><D135/><U124/><REACH who="1" step="1"/><E124/><REACH who="1" ten="175,140,425,250" step="2"/><V43/><F71/><W129/><G129/><T85/><D117/><U16/><E16/><V120/><F70/><W101/><G18/><N who="0" m="8543" /><D102/><U44/><E44/><V111/><F68/><W99/><G101/><T92/><D47/><U3/><E3/><V134/><F120/><W118/><G36/><T51/><D87/><U24/><E24/><V26/><F26/><W63/><G132/><T75/><D75/><U100/><E100/><V95/><F134/><W49/><G99/><T116/><D116/><U6/><E6/><V74/><F111/><W106/><G118/><T89/><D51/><U20/><E20/><V59/><F74/><W45/><G49/><T96/><D96/><RYUUKYOKU ba="0,1" sc="175,15,140,15,425,-15,250,-15" hai0="21,25,29,52,61,81,85,89,92,93" hai1="10,19,37,41,46,53,54,58,62,66,76,82,86" /><INIT seed="7,1,1,3,4,72" ten="190,155,410,235" oya="3" hai0="105,13,120,79,40,88,15,0,51,59,106,109,100" hai1="12,52,6,91,30,1,102,34,68,11,123,101,35" hai2="62,22,46,4,42,96,24,58,94,118,32,93,122" hai3="108,97,76,41,63,70,19,28,114,85,110,134,7"/><W77/><G28/><T74/><D0/><U116/><E68/><V128/><F32/><W31/><G31/><T49/><D120/><U92/><E116/><V9/><F118/><W50/><G7/><T8/><D109/><U33/><E30/><V113/><F122/><W98/><G19/><T56/><D100/><U60/><E1/><V39/><F113/><W64/><G85/><T121/><D121/><U48/><E60/><V130/><F128/><W132/><G114/><T112/><D112/><U103/><E123/><V3/><F130/><W2/><G2/><T20/><D20/><U43/><E43/><V124/><F124/><W133/><G98/><T65/><D65/><U87/><REACH who="1" step="1"/><E33/><REACH who="1" ten="190,145,410,235" step="2"/><V23/><F62/><W71/><G63/><T78/><D40/><U80/><E80/><V29/><F42/><W82/><G41/><T95/><D106/><U75/><E75/><V107/><F29/><W53/><G71/><T10/><D105/><U99/><E99/><V129/><F96/><W54/><G97/><N who="0" m="57575" /><D74/><U66/><E66/><V67/><F67/><W131/><G64/><T45/><D51/><U36/><E36/><V38/><F39/><W47/><G70/><T61/><D61/><U126/><E126/><V57/><F38/><W86/><G131/><T135/><D135/><U69/><E69/><V81/><F107/><W16/><G134/><T89/><D49/><U27/><E27/><V55/><F24/><W25/><G133/><T117/><D117/><U26/><E26/><V17/><F3/><W115/><G132/><T125/><D125/><U14/><E14/><RYUUKYOKU ba="1,2" sc="190,-10,145,30,410,-10,235,-10" hai1="6,11,12,34,35,48,52,87,91,92,101,102,103" owari="180,-22.0,175,-32.0,420,51.0,225,3.0" /></mjloggm>