<mjloggm ver="2.3"><GO type="169" lobby="0"/><UN n0="%E3%82%AB%E3%82%BF%E3%83%AA%E3%83%8A" n1="%E6%A1%9C%E4%BA%95%E3%81%95%E3%82%93" n2="%63%75%6A%6F" n3="%E3%82%A6%E3%83%AB%E3%83%88%E3%83%A9%E7%AB%8B%E7%9B%B4" dan="17,16,16,17" rate="2188.71,2143.50,2101.09,2113.72" sx="M,M,M,M"/><TAIKYOKU oya="0"/><INIT seed="0,0,0,4,1,77" ten="250,250,250,250" oya="0" hai0="27,123,51,37,82,106,17,114,99,12,53,70,111" hai1="55,11,16,6,8,29,103,24,22,127,3,81,107" hai2="125,135,73,2,61,48,32,89,33,49,122,74,110" hai3="9,108,39,126,66,116,4,31,91,87,36,80,96"/><T40/><D114/><U102/><E127/><V14/><F2/><W15/><G116/><T23/><D123/><U79/><E107/><V65/><F122/><W28/><G126/><T54/><D70/><U47/><E55/><V52/><F125/><W68/><G108/><T104/><D111/><U118/><E118/><V67/><F110/><W95/><G68/><T85/><D37/><U30/><E47/><V46/><F135/><W56/><G39/><T38/><D38/><U113/><E113/><V90/><F14/><W50/><G36/><T57/><D40/><U63/><E63/><V115/><F115/><W19/><G4/><T100/><D54/><U60/><E60/><V83/><F61/><N who="3" m="38183" /><G50/><T59/><D59/><U62/><E62/><V10/><F10/><W20/><G20/><T93/><REACH who="0" step="1"/><D27/><REACH who="0" ten="240,250,250,250" step="2"/><U134/><E134/><V129/><F52/><W92/><G92/><T25/><D25/><U45/><E45/><V58/><F58/><W120/><G120/><T69/><D69/><U72/><REACH who="1" step="1"/><E11/><REACH who="1" ten="240,240,250,250" step="2"/><V26/><F46/><W1/><G1/><T109/><D109/><U86/><E86/><V76/><F67/><W18/><G9/><T75/><D75/><U117/><E117/><V44/><F65/><W42/><G42/><T84/><D84/><U43/><E43/><V21/><F73/><W132/><G132/><T13/><D13/><U64/><E64/><V101/><F44/><W128/><G15/><T112/><D112/><U71/><E71/><V41/><F41/><W5/><G87/><T35/><D35/><U119/><E119/><V133/><F32/><RYUUKYOKU ba="0,2" sc="240,15,240,15,250,-15,250,-15" hai0="12,17,23,51,53,57,82,85,93,99,100,104,106" hai1="3,6,8,16,22,24,29,30,72,79,81,102,103" /><INIT seed="0,1,2,3,1,123" ten="255,255,235,235" oya="0" hai0="131,30,29,28,56,45,121,51,40,130,26,2,105" hai1="12,111,39,48,88,84,91,58,109,77,33,43,80" hai2="86,17,41,93,106,113,5,61,101,115,89,1,3" hai3="114,31,0,11,36,83,87,97,99,104,18,55,76"/><T60/><D121/><U75/><E33/><V95/><F41/><W19/><G114/><T10/><D105/><U98/><E98/><V127/><F3/><W78/><G36/><T25/><D10/><U71/><E71/><V27/><F1/><W42/><G42/><T107/><D107/><U94/><E91/><V6/><F106/><W50/><G31/><T34/><D2/><U116/><E116/><V69/><F6/><W125/><G125/><T47/><D47/><U85/><E75/><V20/><F5/><W74/><G0/><T120/><D120/><U82/><E94/><V124/><F95/><W9/><G76/><T44/><D44/><U21/><E39/><V112/><F101/><W68/><G68/><T67/><REACH who="0" step="1"/><D30/><REACH who="0" ten="245,255,235,235" step="2"/><U8/><E43/><V96/><F127/><W81/><G9/><T122/><D122/><U92/><E8/><V46/><F46/><W38/><G11/><T79/><D79/><U4/><E4/><V118/><F124/><W62/><G104/><T90/><D90/><U49/><E77/><V23/><F118/><W24/><G78/><T13/><D13/><U133/><E12/><V132/><F115/><W64/><G74/><T37/><D37/><U54/><E88/><V135/><F113/><W7/><G38/><T66/><D66/><U117/><E117/><V134/><F112/><W16/><G7/><T14/><D14/><U119/><E119/><V128/><F89/><W102/><G64/><T73/><D73/><U22/><E92/><V59/><F93/><W65/><G65/><T53/><D53/><U103/><E54/><RYUUKYOKU ba="1,3" sc="245,30,255,-10,235,-10,235,-10" hai0="25,26,28,29,34,40,45,51,56,60,67,130,131" /><INIT seed="0,2,3,1,3,24" ten="275,245,225,225" oya="0" hai0="57,75,105,90,56,116,20,61,23,59,1,8,4" hai1="95,67,31,120,87,54,78,34,32,21,131,16,88" hai2="96,77,2,106,51,97,91,33,52,11,43,65,26" hai3="49,69,85,102,37,129,82,68,121,27,7,125,119"/><T101/><D116/><U9/><E120/><V17/><F43/><W118/><G7/><T103/><D75/><U113/><E131/><V13/><F2/><W66/><G27/><T127/><D127/><U123/><E123/><V28/><F106/><W109/><G85/><T3/><D3/><U83/><E113/><V25/><F77/><W15/><G15/><T117/><D117/><U124/><E124/><V48/><F48/><W114/><G82/><T62/><D90/><U14/><E67/><V42/><F42/><W112/><G102/><T0/><D0/><U76/><E76/><V72/><F72/><W5/><G5/><T93/><D105/><U98/><E31/><V63/><F26/><W6/><G6/><T50/><D50/><U40/><E40/><V81/><F81/><W133/><G49/><T12/><D1/><U10/><REACH who="1" step="1"/><E54/><REACH who="1" ten="275,235,225,225" step="2"/><V128/><F128/><W35/><G66/><T80/><D80/><U73/><E73/><V70/><F91/><W94/><G125/><T89/><D62/><U130/><E130/><V122/><REACH who="2" step="1"/><F122/><REACH who="2" ten="275,235,215,225" step="2"/><W92/><G121/><T55/><D61/><U110/><E110/><V46/><AGARI ba="2,5" hai="11,13,17,25,28,33,46,51,52,63,65,70,96,97" machi="46" ten="20,12000,2" yaku="1,1,2,1,0,1,7,1,52,1,54,1,53,0" doraHai="24" doraHaiUra="135" who="2" fromWho="2" sc="275,-62,235,-32,215,176,225,-32" /><INIT seed="1,0,0,1,2,122" ten="213,203,391,193" oya="1" hai0="102,96,100,13,19,21,55,70,50,94,2,71,126" hai1="42,16,37,77,29,105,92,46,12,11,130,120,43" hai2="104,88,25,4,20,15,78,47,132,66,111,69,28" hai3="121,112,72,80,52,106,85,67,60,133,74,44,101"/><U3/><E105/><V68/><F104/><W7/><G121/><T45/><D126/><U27/><E120/><V107/><F107/><W79/><G112/><T108/><D2/><U87/><E130/><V125/><F78/><W31/><G133/><T39/><D108/><U17/><E3/><V41/><F111/><W1/><G31/><T81/><D102/><U99/><E43/><V123/><F123/><W22/><G22/><T38/><REACH who="0" step="1"/><D81/><REACH who="0" ten="203,203,391,193" step="2"/><U82/><E12/><V73/><F125/><W56/><G101/><T76/><D76/><U129/><E129/><V124/><F124/><W84/><G106/><T62/><D62/><U65/><E65/><V30/><F66/><W26/><G67/><T32/><D32/><U10/><E10/><V49/><F15/><W8/><G26/><T117/><D117/><U23/><REACH who="1" step="1"/><E11/><REACH who="1" ten="203,193,391,193" step="2"/><V14/><F14/><W91/><G8/><T6/><D6/><U131/><E131/><V113/><F4/><W75/><G7/><T95/><D95/><U36/><E36/><AGARI ba="0,2" hai="13,19,21,36,38,39,45,50,55,70,71,94,96,100" machi="36" ten="40,1300,0" yaku="1,1,53,0" doraHai="122" doraHaiUra="118" who="0" fromWho="1" sc="203,33,193,-13,391,0,193,0" /><INIT seed="2,0,0,5,5,100" ten="236,180,391,193" oya="2" hai0="133,89,80,63,49,19,22,92,112,50,10,33,96" hai1="56,20,59,79,123,46,54,121,110,21,117,87,94" hai2="53,35,44,36,26,103,78,34,4,51,135,31,60" hai3="67,2,47,115,93,74,24,81,118,23,6,83,73"/><V13/><F36/><W71/><G118/><T126/><D112/><U17/><E117/><V98/><F135/><W32/><G32/><T43/><D33/><U82/><E110/><V14/><F34/><W42/><G115/><T41/><D126/><U85/><E46/><V122/><F122/><N who="1" m="46601" /><E54/><V86/><F4/><W1/><G67/><T104/><D133/><U7/><E7/><V40/><F86/><W95/><G71/><T3/><D63/><U72/><E21/><V69/><F78/><W128/><G128/><T57/><D57/><N who="1" m="22091" /><E94/><V61/><F61/><W68/><G68/><T114/><D114/><U12/><AGARI ba="0,0" hai="12,17,20,72,79,82,85,87" m="22091,46601" machi="12" ten="30,1100,0" yaku="13,1" doraHai="100" who="1" fromWho="1" sc="236,-3,180,11,391,-5,193,-3" /><INIT seed="3,0,0,4,3,117" ten="233,191,386,190" oya="3" hai0="126,68,102,134,104,31,69,15,17,66,53,10,40" hai1="8,43,4,55,51,48,133,26,119,131,59,42,58" hai2="77,29,101,89,23,65,118,112,36,107,124,94,103" hai3="109,13,132,92,54,90,110,1,50,98,60,49,74"/><W24/><G1/><T11/><D126/><U93/><E119/><V39/><F118/><W81/><G132/><T130/><D134/><U120/><E133/><V96/><F112/><W75/><G13/><T22/><D130/><U67/><E131/><V32/><F32/><W82/><G24/><T79/><D40/><U45/><E120/><V106/><F65/><W30/><G30/><T64/><D79/><U56/><E67/><V115/><F115/><W123/><G123/><T14/><D31/><U38/><E26/><V80/><F124/><W37/><G37/><T27/><D53/><U46/><REACH who="1" step="1"/><E93/><REACH who="1" ten="233,181,386,190" step="2"/><V62/><F94/><W122/><G122/><T83/><D66/><U70/><E70/><V105/><F105/><W35/><G35/><T21/><D64/><U25/><E25/><V111/><F106/><W57/><G82/><T95/><D95/><U99/><E99/><V41/><F96/><W2/><G81/><T91/><D104/><U3/><AGARI ba="0,1" hai="3,4,8,38,42,43,45,46,48,51,55,56,58,59" machi="3" ten="20,2700,0" yaku="1,1,0,1,7,1,53,0" doraHai="117" doraHaiUra="72" who="1" fromWho="1" sc="233,-7,181,37,386,-7,190,-13" /><INIT seed="4,0,0,2,5,83" ten="226,218,379,177" oya="0" hai0="15,16,123,79,28,21,8,96,60,127,33,124,128" hai1="26,19,121,22,41,3,120,99,97,1,62,20,116" hai2="92,95,9,51,18,29,24,94,57,13,6,27,4" hai3="5,47,56,105,53,40,38,100,93,17,63,2,46"/><T64/><D123/><N who="1" m="47179" /><E97/><V112/><F112/><W32/><G32/><T65/><D128/><U77/><E99/><V35/><F27/><W14/><G105/><T36/><D36/><U72/><E77/><V66/><F66/><W133/><G133/><T11/><D79/><U135/><E62/><V104/><F104/><W44/><G100/><T86/><D96/><U42/><E42/><V118/><F118/><W59/><G93/><T102/><D102/><U71/><E41/><V125/><F125/><N who="0" m="48202" /><D86/><U131/><E71/><V82/><F82/><W101/><G101/><T119/><D119/><U89/><E89/><V80/><F80/><W70/><G70/><N who="0" m="42247" /><D65/><U87/><E87/><V106/><F106/><W134/><G134/><T129/><D129/><U37/><E37/><V30/><F30/><W113/><G113/><T78/><D78/><U54/><E72/><V108/><F108/><W10/><REACH who="3" step="1"/><G56/><REACH who="3" ten="226,218,379,167" step="2"/><T67/><D67/><U117/><E135/><V58/><F58/><W81/><G81/><T31/><D33/><U114/><E114/><V85/><F92/><W0/><G0/><T45/><D45/><U90/><E131/><V39/><F94/><W111/><G111/><T98/><D98/><U34/><E34/><V68/><F68/><W43/><G43/><T25/><D8/><AGARI ba="0,1" hai="2,5,8,10,14,17,38,40,44,46,47,53,59,63" machi="8" ten="30,3900,0" yaku="1,1,7,1,53,1" doraHai="83" doraHaiUra="69" who="3" fromWho="0" sc="226,-39,218,0,379,0,167,49" /><INIT seed="5,0,0,4,4,97" ten="187,218,379,216" oya="1" hai0="88,22,90,59,14,121,64,37,11,28,33,17,12" hai1="58,35,109,107,32,113,1,43,94,99,102,24,85" hai2="122,106,50,104,0,91,124,120,70,13,61,71,20" hai3="84,65,82,79,63,38,26,77,31,72,3,30,34"/><U18/><E1/><V78/><F78/><W40/><G3/><T57/><D37/><U21/><E113/><V55/><F0/><W103/><G31/><T42/><D42/><U54/><E109/><V133/><F71/><W114/><G114/><T46/><D46/><U134/><E134/><V130/><F133/><W8/><G8/><T5/><D121/><U66/><E66/><V74/><F74/><W47/><G103/><T108/><D108/><U110/><E43/><V86/><F61/><W98/><G98/><T135/><D135/><U96/><E85/><V100/><F70/><W127/><G127/><T105/><D105/><U15/><E15/><V123/><F124/><W62/><REACH who="3" step="1"/><G65/><REACH who="3" ten="187,218,379,206" step="2"/><T117/><D117/><U45/><E110/><V16/><F100/><W7/><G7/><T81/><D64/><U87/><E99/><V49/><F123/><W10/><G10/><T69/><D28/><U129/><E129/><V118/><F130/><W53/><G53/><T112/><D112/><U115/><E115/><V60/><F122/><W56/><G56/><T29/><D69/><U52/><E54/><V39/><F55/><W125/><G125/><T111/><D111/><U9/><E9/><V44/><F120/><W92/><G92/><T36/><D29/><U132/><E132/><V23/><F106/><W126/><G126/><T41/><D33/><U128/><E128/><V51/><F104/><W73/><G73/><T131/><D131/><U89/><E45/><V76/><F23/><W2/><G2/><T25/><D57/><U119/><E119/><V116/><F116/><RYUUKYOKU ba="0,1" sc="187,-15,218,15,379,-15,206,15" hai1="18,21,24,32,35,52,58,87,89,94,96,102,107" hai3="26,30,34,38,40,47,62,63,72,77,79,82,84" /><INIT seed="5,1,1,0,0,41" ten="172,233,364,221" oya="1" hai0="45,123,53,64,93,82,114,72,104,87,125,97,24" hai1="65,113,99,105,61,103,46,127,101,131,14,23,27" hai2="90,86,121,96,18,77,110,57,4,112,126,95,1" hai3="116,30,120,71,106,32,133,69,124,130,47,5,88"/><U11/><E113/><V39/><F121/><W73/><RYUUKYOKU type="yao9" ba="1,1" sc="172,0,233,0,364,0,221,0" hai3="5,30,32,47,69,71,73,88,106,116,120,124,130,133" /><INIT seed="5,2,1,4,5,45" ten="172,233,364,221" oya="1" hai0="40,66,114,19,132,54,5,24,129,126,43,32,67" hai1="38,81,115,37,59,133,103,47,100,20,46,27,69" hai2="82,121,111,116,84,122,108,4,35,22,50,44,39" hai3="21,77,107,62,51,78,120,36,93,42,131,86,3"/><U49/><E69/><V16/><F35/><W110/><G110/><T117/><D117/><U113/><E133/><V65/><F39/><N who="1" m="14857" /><E46/><V97/><F116/><W94/><G107/><T135/><D114/><N who="1" m="43531" /><E59/><V2/><F65/><N who="0" m="24586" /><D126/><U73/><E81/><V123/><F108/><W87/><G36/><T71/><D71/><U52/><E73/><V112/><F111/><W30/><G42/><T57/><D5/><U7/><E7/><V0/><F112/><W14/><G120/><T75/><D75/><U105/><E105/><V70/><F70/><W124/><G124/><T127/><D127/><U85/><E85/><V83/><F4/><W29/><G87/><T102/><D102/><U6/><E6/><V98/><F83/><W128/><G86/><T28/><D19/><AGARI ba="2,1" hai="19,20,27,47,49,52,100,103" m="43531,14857" machi="19" ten="30,5800,0" yaku="15,1,52,1,54,1" doraHai="45" who="1" fromWho="0" sc="172,-64,233,74,364,0,221,0" /><INIT seed="5,3,0,0,3,2" ten="108,307,364,221" oya="1" hai0="72,78,35,106,42,7,13,117,83,86,79,8,47" hai1="134,111,41,101,112,119,1,37,14,95,74,34,16" hai2="67,19,11,51,121,48,59,49,103,33,55,135,38" hai3="116,124,36,10,9,114,131,27,89,61,73,45,93"/><U20/><E119/><V43/><F33/><W75/><G116/><T57/><D117/><U133/><E34/><V46/><F103/><W87/><G114/><T21/><D35/><U32/><E32/><V60/><F121/><W105/><G105/><T126/><D126/><U120/><E120/><V132/><F19/><W40/><G124/><T39/><D106/><U53/><E74/><V5/><F11/><W29/><G131/><T4/><D21/><U28/><E28/><V129/><F5/><W104/><G104/><T17/><REACH who="0" step="1"/><D57/><REACH who="0" ten="98,307,364,221" step="2"/><U108/><E20/><V80/><F129/><W66/><G9/><T65/><D65/><U110/><E110/><V97/><F132/><W3/><G10/><T77/><D77/><U82/><E111/><V25/><F135/><W22/><G3/><T6/><D6/><U113/><E1/><V91/><F67/><W125/><G125/><T12/><D12/><U99/><E14/><V68/><F59/><AGARI ba="3,1" hai="22,27,29,36,40,45,59,61,66,73,75,87,89,93" machi="59" ten="30,1000,0" yaku="7,1" doraHai="2" who="3" fromWho="2" sc="98,0,307,0,364,-19,221,29" /><INIT seed="6,0,0,4,3,48" ten="98,307,345,250" oya="2" hai0="44,102,134,18,15,95,68,35,106,37,91,128,70" hai1="5,78,105,31,107,46,65,90,135,0,118,64,24" hai2="97,112,16,6,76,110,104,26,13,60,80,32,81" hai3="127,114,73,39,61,1,96,49,123,89,69,45,92"/><V36/><F36/><W22/><G123/><T40/><D128/><U131/><E118/><V117/><F117/><W133/><G1/><T59/><D134/><U47/><E135/><V122/><F122/><W3/><G3/><T66/><D35/><U129/><E78/><V25/><F112/><W115/><G39/><T132/><D132/><U83/><E5/><V67/><F6/><W55/><G73/><T101/><D59/><U9/><E9/><V93/><F104/><N who="1" m="40009" /><E90/><V77/><F110/><W41/><G133/><T10/><D106/><U56/><E83/><V87/><F32/><W111/><G111/><T53/><D102/><U34/><E0/><V17/><F17/><W108/><G22/><T54/><D101/><U100/><E100/><V85/><F97/><W14/><G14/><T7/><D7/><U121/><E121/><V125/><F93/><W50/><G108/><T126/><D126/><U43/><E56/><N who="2" m="37255" /><F125/><W130/><G127/><T109/><D109/><U38/><E47/><V8/><AGARI ba="0,0" hai="8,13,16,25,26,76,77,80,81,85,87" m="37255" machi="8" ten="30,3000,0" yaku="8,1,54,1" doraHai="48" who="2" fromWho="2" sc="98,-10,307,-10,345,30,250,-10" /><INIT seed="6,1,0,5,3,106" ten="88,297,375,240" oya="2" hai0="4,42,23,119,95,38,67,46,125,134,73,35,2" hai1="105,128,127,13,27,92,85,11,32,69,81,1,50" hai2="26,17,117,28,114,57,0,55,47,68,91,18,80" hai3="5,86,63,83,9,24,45,94,3,19,82,65,34"/><V52/><F68/><W93/><G45/><T29/><D23/><U20/><E105/><V58/><F117/><W88/><G19/><T87/><D87/><U31/><E69/><V21/><F0/><W131/><G131/><T54/><D119/><U108/><E108/><V15/><F114/><W49/><G49/><T70/><D125/><U78/><E128/><V22/><F28/><W102/><G102/><T90/><D134/><U12/><E127/><V132/><F132/><W6/><G6/><T56/><D2/><U60/><E60/><V30/><F30/><W101/><G24/><T33/><D4/><U10/><E32/><V40/><F57/><W97/><REACH who="3" step="1"/><G34/><REACH who="3" ten="88,297,375,230" step="2"/><T124/><D124/><U103/><E50/><N who="2" m="26983" /><F58/><AGARI ba="1,1" hai="3,5,9,58,63,65,82,83,86,88,93,94,97,101" machi="58" ten="30,7700,0" yaku="1,1,7,1,54,1,53,1" doraHai="106" doraHaiUra="53" who="3" fromWho="2" sc="88,0,297,0,375,-80,230,90" /><INIT seed="7,0,0,0,2,26" ten="88,297,295,320" oya="3" hai0="3,58,109,23,127,106,133,98,28,125,46,60,34" hai1="76,39,59,31,130,18,45,20,63,94,135,61,66" hai2="15,9,115,112,27,29,110,100,54,93,99,21,88" hai3="30,69,84,71,129,57,89,22,113,12,81,65,85"/><W131/><G113/><N who="2" m="43593" /><F54/><W51/><G30/><T114/><D98/><U80/><E130/><N who="3" m="49674" /><G22/><T49/><D23/><U56/><E135/><V4/><F110/><W11/><G84/><T2/><D106/><U82/><E31/><V43/><F43/><W96/><G96/><T111/><D133/><U78/><E94/><V73/><F73/><W25/><G25/><N who="0" m="18703" /><D2/><U97/><E97/><V1/><F1/><W119/><G119/><T64/><D3/><U16/><E45/><V122/><F122/><W102/><G102/><AGARI ba="0,0" hai="4,9,15,21,27,29,88,93,99,100,102" m="43593" machi="102" ten="30,3900,0" yaku="15,1,52,1,54,1" doraHai="26" who="2" fromWho="3" sc="88,0,297,0,295,39,320,-39" owari="88,-41.0,297,10.0,334,43.0,281,-12.0" /></mjloggm>