<mjloggm ver="2.3"><GO type="225" lobby="0"/><UN n0="%E3%83%9B%E3%83%B3%E3%82%A4%E3%83%84%E5%8E%A8" n1="%E3%82%A6%E3%83%AB%E3%83%88%E3%83%A9%E7%AB%8B%E7%9B%B4" n2="%E3%83%8B%E3%83%BC%E3%83%88%E7%A4%BE%E9%95%B7" n3="%E7%99%BD%E9%B9%BF%E6%84%9B%E8%8E%89" dan="17,17,16,18" rate="2174.72,2154.94,2112.47,2255.15" sx="M,M,M,F"/><TAIKYOKU oya="0"/><INIT seed="0,0,0,0,0,86" ten="250,250,250,250" oya="0" hai0="75,0,121,38,6,47,112,64,78,127,7,77,98" hai1="92,93,90,126,1,76,135,13,110,131,108,62,134" hai2="33,40,48,54,18,3,114,73,28,57,31,29,46" hai3="11,51,65,85,123,132,109,39,59,100,118,71,95"/><T4/><D121/><U111/><E1/><V44/><F114/><W26/><G118/><T96/><D127/><U24/><E126/><V42/><F3/><W124/><G39/><T83/><D64/><U120/><E120/><V66/><F73/><W82/><G124/><T63/><D63/><U104/><E104/><V50/><F33/><W45/><G71/><T113/><D7/><U91/><E76/><V8/><F66/><W88/><G109/><T101/><D78/><U122/><E122/><V80/><F80/><W43/><G132/><N who="1" m="50730" /><E131/><V102/><F102/><W125/><G125/><T19/><D19/><U58/><E13/><N who="2" m="7463" /><F57/><W116/><G116/><T27/><D27/><U99/><E24/><V107/><F107/><W49/><G26/><T55/><D6/><U12/><E12/><V23/><F23/><W103/><G11/><T81/><D4/><U89/><E93/><V74/><F74/><W15/><G15/><T35/><D0/><U72/><E72/><V115/><F115/><W10/><G10/><T105/><D105/><U30/><E30/><V56/><F56/><W119/><G119/><T2/><D2/><U34/><E34/><V70/><F70/><W133/><G123/><T67/><D35/><U130/><E130/><V84/><F84/><N who="3" m="52615" /><G133/><T22/><D75/><U9/><E9/><V17/><F17/><W25/><G25/><T36/><D112/><U117/><E117/><V53/><AGARI ba="0,0" hai="28,29,31,40,42,44,46,48,50,53,54" m="7463" machi="53" ten="30,1100,0" yaku="8,1" doraHai="86" who="2" fromWho="2" sc="250,-5,250,-3,250,11,250,-3" /><INIT seed="1,0,0,5,3,96" ten="245,247,261,247" oya="1" hai0="133,57,67,62,51,85,34,94,117,2,43,76,45" hai1="78,121,13,58,69,125,19,4,107,31,101,3,79" hai2="129,1,37,44,113,5,40,106,33,93,7,103,29" hai3="130,100,32,47,50,72,104,99,105,119,55,84,102"/><U66/><E121/><V26/><F93/><W14/><G72/><T25/><D2/><U115/><E115/><V18/><F5/><W64/><G130/><T132/><D117/><U38/><E69/><V54/><F54/><W70/><G32/><T91/><REACH who="0" step="1"/><D76/><REACH who="0" ten="235,247,261,247" step="2"/><U27/><E78/><V73/><F1/><W46/><G119/><T6/><D6/><U77/><E79/><V61/><F7/><W11/><G70/><T60/><D60/><U74/><E77/><V89/><F61/><W8/><G64/><T98/><D98/><U21/><E74/><V112/><F73/><W128/><G128/><T82/><D82/><U97/><E3/><V114/><F129/><W63/><G63/><T118/><D118/><U41/><E4/><V22/><F114/><W15/><G84/><T71/><D71/><U10/><E66/><V20/><F113/><W28/><G99/><T0/><D0/><U80/><E80/><V111/><F112/><W86/><G86/><T16/><D16/><U90/><E90/><V23/><F18/><W122/><G122/><T53/><D53/><U36/><E125/><V42/><F89/><W110/><G55/><T116/><D116/><U95/><E95/><V123/><F123/><W59/><G28/><AGARI ba="0,1" hai="25,28,34,43,45,51,57,62,67,85,91,94,132,133" machi="28" ten="40,1300,0" yaku="1,1,53,0" doraHai="96" doraHaiUra="75" who="0" fromWho="3" sc="235,23,247,0,261,0,247,-13" /><INIT seed="2,0,0,5,1,114" ten="258,247,261,234" oya="2" hai0="135,17,44,31,100,87,121,125,126,21,73,66,55" hai1="77,58,82,131,74,76,101,57,3,48,112,95,60" hai2="90,103,24,35,5,106,9,129,79,110,28,61,38" hai3="71,15,45,51,49,2,130,97,47,7,68,63,134"/><V83/><F129/><W6/><G2/><T92/><D73/><U109/><E112/><V124/><F124/><W30/><G30/><T32/><D121/><U78/><E3/><V105/><F90/><W34/><G34/><T120/><D120/><U118/><E118/><V4/><F4/><W33/><G33/><T113/><D66/><U84/><E131/><V62/><F62/><W102/><G130/><T18/><D113/><U36/><E36/><V70/><F38/><W40/><G134/><T115/><D115/><U69/><E69/><V111/><F103/><W11/><G6/><T41/><D55/><N who="1" m="31975" /><E74/><N who="2" m="43511" /><F61/><W26/><G26/><T1/><D1/><U122/><E122/><V86/><F86/><W132/><G63/><T116/><D87/><U99/><E109/><N who="2" m="41483" /><F70/><W37/><G37/><T98/><D100/><U53/><AGARI ba="0,0" hai="53,58,60,76,77,78,82,84,95,99,101" m="31975" machi="53" ten="30,1100,0" yaku="8,1" doraHai="114" who="1" fromWho="1" sc="258,-3,247,11,261,-5,234,-3" /><INIT seed="3,0,0,5,1,65" ten="255,258,256,231" oya="3" hai0="49,97,102,75,92,83,18,99,12,42,95,105,40" hai1="64,14,16,25,66,116,73,38,79,74,50,103,63" hai2="88,58,112,86,22,111,128,87,44,108,133,118,3" hai3="122,94,84,100,126,19,96,55,32,93,53,130,20"/><W8/><G122/><T2/><D2/><U13/><E38/><V45/><F112/><W82/><G32/><T57/><D75/><U37/><E37/><V26/><F3/><W125/><G130/><T80/><D105/><U113/><E113/><V47/><F133/><W119/><G8/><T52/><D83/><U71/><E103/><V98/><F118/><W104/><G119/><T129/><D80/><U69/><E116/><V28/><F128/><W6/><G6/><T85/><D85/><U101/><E101/><V54/><F98/><W62/><G93/><T43/><D129/><U61/><E50/><V24/><F86/><W51/><G62/><T124/><D124/><N who="3" m="47721" /><G51/><T91/><D42/><U9/><E79/><V123/><F123/><W60/><G60/><T30/><REACH who="0" step="1"/><D30/><REACH who="0" ten="245,258,256,231" step="2"/><U15/><E25/><V135/><F24/><N who="3" m="14367" /><G104/><T120/><D120/><U72/><AGARI ba="0,1" hai="9,13,14,15,16,61,63,64,66,69,71,72,73,74" machi="72" ten="30,8000,1" yaku="0,1,9,1,52,2,54,1" doraHai="65" who="1" fromWho="1" sc="245,-20,258,90,256,-20,231,-40" owari="225,-17.0,348,44.0,236,4.0,191,-31.0" /></mjloggm>