<mjloggm ver="2.3"><GO type="169" lobby="0"/><UN n0="%E5%A4%A9%E7%A9%BA%73%61%79%61" n1="%79%75%2D%2D%2D%2D%2D%75" n2="%E3%83%88%E3%83%88%E3%83%AA%E5%85%88%E7%94%9F%31%39%E6%AD%B3" n3="%E5%8D%9A%E9%BA%97%E3%82%86%E3%81%8B%E3%82%8A" dan="17,17,19,16" rate="2121.19,2115.69,2250.39,2151.73" sx="M,M,F,M"/><TAIKYOKU oya="0"/><INIT seed="0,0,0,5,4,110" ten="250,250,250,250" oya="0" hai0="0,118,124,65,95,16,89,131,57,28,79,3,74" hai1="92,14,129,15,26,106,121,69,72,4,77,100,109" hai2="88,116,127,58,133,102,2,128,93,62,49,98,18" hai3="39,112,11,59,20,12,38,120,135,71,10,51,108"/><T8/><D118/><U44/><E109/><V1/><F116/><W23/><G120/><T64/><D124/><U132/><E106/><V32/><F127/><W42/><G71/><T125/><D125/><U48/><E121/><V36/><F36/><W81/><G108/><T43/><D131/><U53/><E129/><V40/><F128/><W54/><G135/><T90/><D28/><U96/><E69/><V47/><F133/><W130/><G130/><T82/><D43/><U114/><E114/><V34/><F18/><W55/><G112/><T31/><D31/><U126/><E126/><V73/><F73/><W105/><G105/><T50/><D50/><U134/><E134/><V67/><REACH who="2" step="1"/><F102/><REACH who="2" ten="250,250,240,250" step="2"/><W119/><G119/><T91/><D16/><U21/><E72/><V85/><F85/><W87/><G39/><T97/><D74/><U66/><E132/><V30/><F30/><W17/><G38/><T122/><D122/><U41/><E100/><V63/><F63/><W22/><G55/><T94/><D65/><U70/><E53/><V101/><F101/><W35/><G42/><T84/><D84/><U104/><E66/><V6/><F6/><W29/><G29/><T60/><D60/><U52/><E4/><V123/><F123/><W56/><G87/><T83/><D64/><U68/><E41/><V46/><F46/><W25/><G54/><T107/><D97/><U80/><E96/><V115/><F115/><W61/><G61/><T27/><D82/><U19/><E80/><V13/><F13/><W117/><G12/><T9/><D83/><U45/><E15/><RYUUKYOKU ba="0,1" sc="250,-10,250,-10,240,30,250,-10" hai2="1,2,32,34,40,47,49,58,62,67,88,93,98" /><INIT seed="1,1,1,5,0,85" ten="240,240,270,240" oya="1" hai0="111,70,133,33,68,43,26,132,34,96,55,91,87" hai1="75,82,93,0,134,69,66,40,35,123,60,13,73" hai2="45,20,54,71,64,56,22,53,61,37,94,36,107" hai3="112,47,97,110,105,116,121,8,19,89,31,7,102"/><U14/><E123/><V98/><F107/><W126/><G121/><T108/><D43/><U83/><E0/><V86/><F86/><W103/><G112/><T4/><D4/><U16/><E35/><N who="0" m="13321" /><D26/><U67/><E40/><V88/><F53/><W135/><G126/><T17/><D17/><U21/><E134/><N who="0" m="51817" /><D96/><U81/><E66/><V128/><F128/><W130/><G110/><N who="0" m="42027" /><D55/><U27/><REACH who="1" step="1"/><E93/><AGARI ba="1,1" hai="68,70,87,91,93" m="42027,51817,13321" machi="93" ten="40,5200,0" yaku="20,1,14,1,52,1" doraHai="85" who="0" fromWho="1" sc="240,65,240,-55,270,0,240,0" /><INIT seed="2,0,0,4,0,75" ten="305,185,270,240" oya="2" hai0="24,105,128,101,74,82,51,49,60,127,10,16,119" hai1="63,39,77,42,78,31,8,69,67,124,100,71,111" hai2="22,80,126,6,47,115,99,134,90,103,110,133,3" hai3="28,46,104,15,114,53,32,123,107,94,129,12,65"/><V1/><F115/><W61/><G123/><T108/><D108/><U20/><E111/><V44/><F126/><W118/><G118/><T102/><D127/><U57/><E124/><V91/><F110/><W48/><G129/><T37/><D37/><U59/><E8/><N who="2" m="2127" /><F3/><W34/><G114/><T117/><D128/><U79/><E100/><N who="0" m="38505" /><D105/><U95/><E95/><V9/><F9/><W43/><G43/><T56/><D74/><U14/><E57/><V93/><F22/><W96/><G104/><T70/><D82/><U29/><E29/><V55/><F55/><W13/><G107/><T122/><D70/><U7/><E7/><V120/><F120/><W45/><G28/><T58/><D58/><U109/><E109/><V121/><F121/><W88/><REACH who="3" step="1"/><G46/><REACH who="3" ten="305,185,270,230" step="2"/><T23/><D122/><U92/><E92/><V112/><F44/><W17/><G17/><T11/><D119/><U62/><E42/><V106/><F47/><W135/><G135/><N who="2" m="51721" /><F112/><W125/><G125/><T81/><D117/><U38/><E69/><AGARI ba="0,1" hai="12,13,15,32,34,45,48,53,61,65,69,88,94,96" machi="69" ten="40,2600,0" yaku="1,1,54,1,53,0" doraHai="75" doraHaiUra="131" who="3" fromWho="1" sc="305,0,185,-26,270,0,230,36" /><INIT seed="3,0,0,3,2,5" ten="305,159,270,266" oya="3" hai0="19,112,4,12,86,48,81,22,101,127,96,44,115" hai1="114,121,65,69,0,89,94,28,107,30,98,68,105" hai2="92,16,41,14,33,100,131,15,120,1,126,2,6" hai3="37,134,129,125,67,24,38,49,111,43,54,91,97"/><W128/><G24/><T116/><D116/><U74/><E121/><V34/><F41/><W3/><G3/><N who="2" m="1033" /><F92/><W42/><G97/><T60/><D4/><U27/><E74/><V39/><F100/><W124/><G91/><T118/><D127/><N who="3" m="48713" /><G67/><T130/><D118/><U62/><E114/><V95/><F39/><N who="3" m="14859" /><G111/><T108/><D108/><U123/><E123/><V47/><F95/><W51/><G134/><T132/><D132/><U78/><E78/><V57/><F120/><W8/><G8/><T52/><D112/><U18/><E68/><V79/><F79/><W90/><G90/><T21/><D115/><U77/><E77/><V23/><F33/><W113/><G113/><T80/><D22/><U117/><E117/><V29/><F34/><W59/><G51/><T11/><D21/><U83/><E28/><V66/><F23/><W82/><G82/><T40/><D86/><U36/><E83/><V72/><F29/><W103/><G103/><T55/><D81/><U122/><E36/><V93/><F93/><W99/><G99/><T106/><D80/><U26/><E30/><V56/><F66/><W46/><G46/><T20/><D20/><U64/><E64/><V75/><F47/><W76/><G76/><T31/><D31/><U63/><E65/><V119/><F119/><W53/><G53/><T45/><D55/><U71/><E0/><V50/><F126/><W25/><G25/><T87/><D87/><U10/><E27/><V73/><F75/><W102/><G102/><T85/><D85/><U109/><E122/><V13/><F73/><W104/><G104/><RYUUKYOKU ba="0,0" sc="305,-10,159,-10,270,-10,266,30" hai3="42,43,49,54,59,128,129" /><INIT seed="3,1,0,0,3,133" ten="295,149,260,296" oya="3" hai0="86,12,135,83,108,7,40,69,45,17,29,132,70" hai1="67,84,127,104,77,131,78,23,85,107,63,130,98" hai2="64,3,56,105,109,32,76,119,73,20,79,75,21" hai3="53,126,71,117,13,46,38,102,72,19,80,5,52"/><W58/><G117/><T90/><D108/><U128/><E23/><V115/><F105/><N who="1" m="40521" /><E67/><V106/><F106/><W49/><G71/><T121/><D121/><U99/><E63/><V100/><F119/><W10/><G126/><T123/><D123/><U30/><E30/><V15/><F15/><W101/><G38/><N who="0" m="21655" /><D7/><U48/><E48/><V6/><F6/><W62/><G72/><T96/><D29/><U11/><E11/><V28/><F28/><W37/><G37/><T14/><D96/><N who="1" m="36907" /><E127/><V65/><F109/><W31/><G31/><T55/><D55/><U1/><E1/><V120/><F120/><W50/><G80/><T4/><D4/><U118/><E118/><V8/><F3/><W25/><G62/><T61/><D61/><U125/><E125/><V54/><F64/><W111/><G111/><T68/><D17/><U47/><E47/><V16/><F16/><W74/><G74/><T51/><D51/><U91/><E91/><V26/><F73/><W82/><G82/><T9/><D9/><U89/><E89/><V116/><F75/><W0/><REACH who="3" step="1"/><G25/><REACH who="3" ten="295,149,260,286" step="2"/><T2/><D135/><U112/><E112/><V57/><F115/><W42/><G42/><T59/><D132/><U122/><E122/><V129/><F26/><W87/><G87/><AGARI ba="1,1" hai="77,78,84,85,87,128,130,131" m="36907,40521" machi="87" ten="40,8000,1" yaku="28,2,19,1,34,2" doraHai="133" who="1" fromWho="3" sc="295,0,149,93,260,0,286,-83" /><INIT seed="4,0,0,3,0,70" ten="295,242,260,203" oya="0" hai0="67,43,5,134,35,81,48,47,51,84,101,93,18" hai1="132,40,119,82,95,123,72,121,61,55,62,16,111" hai2="15,66,60,10,85,3,112,79,29,107,113,103,59" hai3="12,56,14,133,110,96,94,0,135,91,97,28,71"/><T24/><D134/><N who="3" m="51209" /><G71/><T26/><D67/><U122/><E111/><V124/><F3/><W19/><G110/><T116/><D116/><U125/><E119/><V11/><F124/><W57/><G0/><T20/><D5/><U77/><E132/><V89/><F79/><W130/><G130/><T118/><D118/><U86/><E125/><V108/><F108/><W25/><G96/><N who="0" m="59535" /><D35/><U9/><E40/><V73/><F73/><W69/><G69/><T105/><D105/><U23/><E9/><V88/><F11/><N who="3" m="6559" /><G14/><N who="0" m="9303" /><D51/><U33/><E33/><AGARI ba="0,0" hai="25,28,33,56,57,91,94,97" m="6559,51209" machi="33" ten="30,1000,0" yaku="20,1" doraHai="70" who="3" fromWho="1" sc="295,0,242,-10,260,0,203,10" /><INIT seed="5,0,0,1,1,89" ten="295,232,260,213" oya="1" hai0="63,71,56,31,132,109,4,84,43,16,10,8,51" hai1="101,39,134,112,34,122,90,55,130,50,131,80,59" hai2="76,30,77,12,58,114,47,83,74,0,70,52,14" hai3="88,3,69,65,119,106,2,97,100,120,44,7,11"/><U54/><E122/><V23/><F70/><W36/><G120/><T35/><D109/><U41/><E112/><V19/><F0/><W42/><G3/><T15/><D71/><U27/><E101/><V103/><F114/><W124/><G124/><T40/><D132/><U28/><E134/><V37/><F30/><W49/><G119/><T21/><D35/><U81/><E54/><V13/><F77/><W91/><REACH who="3" step="1"/><G49/><REACH who="3" ten="295,232,260,203" step="2"/><T126/><D51/><U135/><E135/><V72/><F37/><W107/><G107/><T32/><D126/><U121/><E121/><V129/><F129/><N who="1" m="49161" /><E90/><V110/><F110/><W22/><G22/><T25/><D21/><U98/><E98/><V102/><F23/><W94/><G94/><T87/><D32/><U86/><E86/><V9/><F72/><W67/><G67/><T53/><D87/><U95/><E95/><V99/><F99/><W116/><G116/><T5/><D84/><U57/><E57/><V82/><F58/><W133/><G133/><T127/><D127/><U117/><E117/><V104/><F104/><W73/><G73/><T29/><D56/><U1/><E1/><V6/><F74/><W123/><G123/><T115/><D115/><U93/><E93/><V20/><F20/><W64/><G64/><T46/><D10/><U128/><E128/><V78/><F9/><W66/><G66/><T60/><D8/><U24/><E24/><V17/><F102/><W38/><G38/><T18/><D25/><U92/><E92/><V105/><F103/><W85/><G85/><T62/><D62/><AGARI ba="0,1" hai="2,7,11,36,42,44,62,65,69,88,91,97,100,106" machi="62" ten="40,2600,0" yaku="1,1,54,1,53,0" doraHai="89" doraHaiUra="79" who="3" fromWho="0" sc="295,-26,232,0,260,0,203,36" /><INIT seed="6,0,0,3,2,106" ten="269,232,260,239" oya="2" hai0="1,18,117,91,88,133,129,65,33,23,86,62,99" hai1="34,57,53,80,38,61,66,24,83,102,95,128,84" hai2="74,45,112,115,31,9,43,135,75,70,17,14,108" hai3="51,11,21,6,100,93,19,127,5,111,77,118,119"/><V42/><F70/><W103/><G111/><T39/><D33/><U56/><E38/><V126/><F108/><W122/><G122/><T20/><D1/><U123/><E128/><V59/><F135/><W13/><G127/><T58/><D39/><U131/><E131/><V71/><F71/><W10/><G77/><T101/><D129/><U49/><E123/><V116/><F116/><W40/><G100/><T110/><D110/><U104/><E104/><V4/><F126/><W73/><G73/><N who="2" m="27657" /><F31/><W124/><G124/><T54/><D133/><U41/><E41/><N who="2" m="15371" /><F59/><W28/><G28/><T37/><D117/><U26/><E34/><V32/><F45/><W48/><G40/><T46/><D37/><U7/><E7/><V81/><F81/><N who="1" m="31305" /><E102/><V64/><F64/><W109/><G109/><T30/><D30/><U35/><E35/><V78/><F78/><W105/><G105/><T113/><D46/><U22/><E22/><V29/><F29/><W76/><G76/><T98/><D65/><U50/><E50/><N who="3" m="18986" /><G118/><T67/><D67/><U79/><E79/><V87/><F32/><W25/><G119/><T16/><D23/><U89/><AGARI ba="0,0" hai="24,26,49,53,56,57,61,66,84,89,95" m="31305" machi="89" ten="30,1100,0" yaku="8,1" doraHai="106" who="1" fromWho="1" sc="269,-3,232,11,260,-5,239,-3" /><INIT seed="7,0,0,5,2,131" ten="266,243,255,236" oya="3" hai0="1,121,20,33,107,98,104,30,117,72,120,115,102" hai1="15,126,0,43,130,103,55,84,58,88,50,36,35" hai2="5,14,31,11,101,21,135,12,133,134,86,56,110" hai3="70,34,78,49,3,22,93,4,47,106,96,39,87"/><W13/><G70/><T81/><D20/><U53/><E0/><V99/><F110/><W24/><G39/><T100/><D1/><U90/><E35/><V59/><F86/><W25/><G106/><T40/><D40/><U124/><E130/><V128/><F128/><W108/><G108/><T17/><D17/><U9/><E103/><V57/><F14/><W28/><G3/><T112/><D117/><U73/><E73/><V26/><F57/><W32/><G25/><N who="0" m="18639" /><D102/><U54/><E36/><V52/><F52/><N who="1" m="20073" /><E43/><V79/><F79/><W66/><G66/><T61/><D61/><U83/><E124/><V18/><F31/><W29/><G29/><T38/><D38/><U69/><E69/><V8/><F8/><N who="3" m="4231" /><G34/><T48/><D48/><U67/><E67/><V76/><F76/><W46/><G49/><T45/><D107/><AGARI ba="0,0" hai="5,11,12,18,21,26,56,59,99,101,107,133,134,135" machi="107" ten="40,8000,1" yaku="20,1,52,3" doraHai="131" who="2" fromWho="0" sc="266,-80,243,0,255,80,236,0" owari="186,-31.0,243,4.0,335,43.0,236,-16.0" /></mjloggm>