<mjloggm ver="2.3"><GO type="225" lobby="0"/><UN n0="%E3%82%A6%E3%83%AB%E3%83%88%E3%83%A9%E7%AB%8B%E7%9B%B4" n1="%E2%80%A0%58%54%45%4E%44%E2%80%A0" n2="%E8%85%B9%E7%97%9B%E3%81%BD%E3%81%A3%E3%81%8F%E3%82%93" n3="%79%6F%75%37%37%37" dan="17,17,16,16" rate="2166.65,2120.14,2098.92,2090.08" sx="M,F,M,M"/><TAIKYOKU oya="0"/><INIT seed="0,0,0,1,1,11" ten="250,250,250,250" oya="0" hai0="107,67,71,29,40,39,48,101,14,90,98,75,135" hai1="52,60,130,30,82,5,19,32,36,78,95,64,49" hai2="84,126,106,87,111,72,70,120,21,44,27,86,41" hai3="76,68,16,109,33,50,89,13,73,123,23,127,113"/><T46/><D75/><U57/><E36/><V8/><F120/><W25/><G113/><T80/><D135/><U119/><E130/><V51/><F106/><W110/><G68/><T104/><D104/><U66/><E119/><V12/><F70/><W79/><G123/><T28/><D48/><U58/><E5/><V108/><F72/><W22/><G127/><T112/><D112/><U63/><E95/><V69/><F69/><W37/><G37/><T77/><D77/><U38/><E38/><V45/><F45/><W117/><G33/><T96/><D96/><U4/><E4/><V103/><F103/><W18/><G117/><T61/><REACH who="0" step="1"/><D14/><REACH who="0" ten="240,250,250,250" step="2"/><U114/><E114/><V1/><F126/><W59/><G73/><T132/><D132/><U55/><E49/><V118/><F118/><W129/><G129/><T93/><D93/><U56/><E63/><V2/><F2/><W53/><REACH who="3" step="1"/><G89/><REACH who="3" ten="240,250,250,240" step="2"/><T74/><D74/><U17/><E78/><AGARI ba="0,2" hai="13,16,18,22,23,25,50,53,59,76,78,79,109,110" machi="78" ten="40,8000,1" yaku="1,1,2,1,52,1,54,1,53,0" doraHai="11" doraHaiUra="116" who="3" fromWho="1" sc="240,0,250,-80,250,0,240,100" /><INIT seed="1,0,0,3,3,106" ten="240,170,250,340" oya="1" hai0="90,130,107,25,122,5,87,67,37,68,38,8,47" hai1="7,116,57,36,1,53,0,63,65,39,73,114,79" hai2="13,77,64,82,62,104,128,2,61,96,89,127,33" hai3="60,80,109,11,66,51,40,93,117,26,19,99,34"/><U115/><E116/><V113/><F2/><W86/><G109/><T58/><D107/><U16/><E0/><V111/><F33/><W43/><G117/><T92/><D68/><U135/><E135/><V30/><F30/><W54/><G34/><T134/><D47/><U12/><E7/><V52/><F111/><W88/><G26/><T132/><D25/><U119/><E1/><V101/><F128/><W112/><G112/><T32/><D32/><U105/><E105/><V98/><F113/><W108/><G108/><T49/><D130/><U28/><E119/><V15/><F127/><W76/><G19/><T55/><D67/><U94/><E28/><V72/><F61/><W50/><G11/><T124/><D124/><U45/><E94/><V110/><F110/><W121/><G121/><T120/><D38/><U48/><E115/><V74/><F74/><W41/><REACH who="3" step="1"/><G54/><REACH who="3" ten="240,170,250,330" step="2"/><T71/><D122/><U27/><E114/><V91/><F52/><W4/><G4/><T46/><D120/><U95/><E27/><V129/><F129/><W78/><G78/><T10/><D5/><U123/><E123/><V18/><F77/><W133/><G133/><N who="0" m="51307" /><D71/><AGARI ba="0,1" hai="40,41,43,50,51,60,66,71,76,80,86,88,93,99" machi="71" ten="40,5200,0" yaku="1,1,54,1,53,1" doraHai="106" doraHaiUra="81" who="3" fromWho="0" sc="240,-52,170,0,250,0,330,62" /><INIT seed="2,0,0,2,1,92" ten="188,170,250,392" oya="2" hai0="129,68,119,80,71,117,65,121,17,114,53,33,8" hai1="46,34,21,85,76,41,130,7,127,23,96,106,77" hai2="83,123,56,31,90,44,79,28,116,72,108,18,40" hai3="26,110,78,36,30,25,113,63,91,120,50,61,89"/><V54/><F116/><N who="0" m="44618" /><D33/><U4/><E34/><V27/><F123/><W15/><G110/><T29/><D29/><U60/><E130/><V11/><F108/><W122/><G36/><T98/><D121/><U6/><E127/><V51/><F90/><W105/><G105/><T112/><D129/><U95/><E106/><V124/><F124/><W32/><G113/><N who="0" m="43627" /><D53/><U37/><E60/><V109/><F109/><W10/><G25/><T0/><D65/><U59/><E59/><V42/><F42/><W97/><G78/><T20/><D80/><U93/><E77/><V57/><F57/><W67/><G50/><T2/><D98/><U19/><E19/><V99/><F99/><W43/><G43/><T128/><D128/><U101/><REACH who="1" step="1"/><E95/><REACH who="1" ten="188,160,250,392" step="2"/><V39/><F56/><W48/><G61/><T118/><D118/><U100/><E100/><V3/><F18/><W66/><G63/><T75/><D75/><U125/><E125/><V52/><F72/><W70/><G32/><T22/><D22/><U64/><E64/><V133/><F28/><W94/><G66/><T111/><D111/><U132/><E132/><V134/><F31/><W58/><G67/><T55/><D8/><U35/><E35/><V13/><F134/><W69/><G10/><T12/><D55/><U5/><N who="1" m="1024" /><DORA hai="86" /><U131/><E131/><V38/><F133/><W81/><G58/><T74/><D74/><U88/><E88/><V1/><F54/><W135/><G89/><T16/><D17/><U115/><E115/><V73/><F52/><W62/><G30/><T24/><D24/><U49/><E49/><RYUUKYOKU ba="0,1" sc="188,15,160,15,250,-15,392,-15" hai0="0,2,12,16,20,68,71" hai1="21,23,37,41,46,76,85,93,96,101" /><INIT seed="3,1,1,5,3,98" ten="203,175,235,377" oya="3" hai0="14,102,19,91,127,80,63,84,124,73,107,100,95" hai1="53,18,115,16,25,88,34,71,106,44,8,33,93" hai2="132,41,104,130,129,7,118,36,92,27,38,74,126" hai3="131,4,135,76,5,22,99,61,117,57,3,81,47"/><W110/><G117/><T64/><D107/><U43/><E115/><V70/><F104/><W87/><G3/><T51/><D51/><U29/><E106/><V60/><F118/><W103/><G135/><T59/><D73/><U15/><E71/><V79/><F132/><W13/><G131/><T133/><D133/><U31/><E53/><V20/><F7/><W49/><G22/><N who="0" m="11639" /><D80/><U111/><E111/><V37/><F37/><W85/><G85/><T112/><D112/><U90/><E93/><V21/><F38/><W108/><G13/><T62/><D62/><U42/><E42/><V23/><F60/><W32/><G32/><T128/><D128/><U78/><E78/><V109/><F79/><W123/><G123/><T28/><D28/><N who="1" m="10827" /><E34/><V96/><F41/><W24/><G110/><T89/><D89/><U6/><E33/><V55/><F109/><W58/><G76/><T125/><AGARI ba="1,1" hai="59,63,64,84,91,95,100,102,124,125,127" m="11639" machi="125" ten="30,4000,0" yaku="18,1,52,2" doraHai="98" who="0" fromWho="0" sc="203,53,175,-11,235,-11,377,-21" owari="256,6.0,164,-34.0,224,-18.0,356,46.0" /></mjloggm>