<mjloggm ver="2.3"><GO type="169" lobby="0"/><UN n0="%E5%B0%B1%E6%B4%BB%E7%94%9F%40%E5%B7%9D%E6%9D%91%E8%BB%8D%E5%9B%A3" n1="%E3%81%8D%E3%82%89%E3%82%81%E3%81%8F%E3%83%91%E3%83%B3%E3%82%B8%E3%83%BC" n2="%6B%75%72%61%67%75%6D%61" n3="%6B%6F%6A%69%6D%6F%6E%39" dan="17,16,16,16" rate="2176.44,2152.89,2128.03,2123.22" sx="M,M,M,M"/><TAIKYOKU oya="0"/><INIT seed="0,0,0,2,4,2" ten="250,250,250,250" oya="0" hai0="33,52,96,58,134,47,62,119,12,0,123,28,78" hai1="20,88,10,106,116,11,48,74,83,7,85,115,97" hai2="22,124,103,36,54,76,68,25,92,128,29,63,135" hai3="14,107,60,127,109,89,50,57,104,100,55,23,102"/><T131/><D123/><U42/><E116/><V80/><F36/><W53/><G127/><T71/><D119/><U61/><E115/><V17/><F124/><W67/><G109/><T45/><D0/><U40/><E74/><V126/><F126/><W1/><G1/><T75/><D131/><U98/><E11/><V65/><F135/><W49/><G89/><T122/><D134/><U121/><E121/><V35/><F128/><W13/><G23/><T125/><D122/><U113/><E113/><V6/><F54/><W117/><G117/><T4/><D125/><U90/><E106/><V94/><F103/><W15/><G104/><T99/><D71/><U105/><E105/><V70/><F70/><W110/><G110/><T44/><D33/><U73/><E73/><V81/><F81/><W91/><G91/><T31/><D75/><U24/><E61/><V95/><F6/><W41/><G41/><N who="1" m="15978" /><E48/><V32/><REACH who="2" step="1"/><F29/><REACH who="2" ten="250,250,240,250" step="2"/><N who="0" m="11338" /><D78/><U51/><E90/><V3/><F3/><W77/><G77/><T37/><D37/><U129/><E129/><V27/><F27/><W93/><G107/><T9/><AGARI ba="0,1" hai="4,9,12,44,45,47,52,58,62,96,99" m="11338" machi="9" ten="30,6000,0" yaku="8,1,52,1,54,1" doraHai="2" who="0" fromWho="0" sc="250,70,250,-20,240,-20,250,-20" /><INIT seed="0,1,0,3,0,5" ten="320,230,220,230" oya="0" hai0="9,42,68,124,96,45,74,43,103,133,56,90,29" hai1="94,36,87,34,93,129,26,113,50,16,71,86,63" hai2="81,39,125,62,48,15,27,44,83,18,13,85,25" hai3="84,135,122,118,2,55,112,17,82,120,8,28,6"/><T104/><D68/><U51/><E36/><V60/><F125/><W116/><G55/><T73/><D124/><U38/><E38/><V101/><F39/><W115/><G84/><T79/><D133/><U41/><E129/><V30/><F101/><W77/><G82/><T134/><D134/><U23/><E113/><N who="3" m="43594" /><G77/><T98/><D29/><U35/><E86/><V0/><F0/><W4/><G135/><T61/><D79/><U126/><E126/><V53/><F83/><W64/><G64/><T1/><D90/><U20/><E35/><V72/><F13/><N who="3" m="7335" /><G28/><T75/><D96/><U80/><E34/><V58/><F72/><W65/><G65/><T70/><D45/><U52/><E41/><V119/><F30/><W49/><G49/><T132/><D70/><U127/><E51/><V3/><F3/><W7/><G2/><T21/><D132/><U40/><E40/><V106/><F106/><W110/><G110/><T69/><D69/><U76/><E127/><V91/><F62/><W14/><G14/><T108/><D108/><U109/><E63/><V111/><F111/><W19/><G19/><T92/><D104/><U47/><E16/><V12/><F12/><W59/><G59/><T57/><D43/><U10/><E71/><V11/><F119/><AGARI ba="1,0" hai="4,6,7,116,118,119,120,122" m="7335,43594" machi="119" ten="40,5200,0" yaku="34,2,52,1" doraHai="5" who="3" fromWho="2" sc="320,0,230,0,220,-55,230,55" /><INIT seed="1,0,0,3,1,97" ten="320,230,165,285" oya="1" hai0="93,29,7,132,77,95,105,39,48,124,98,0,19" hai1="69,70,15,111,8,123,26,41,32,131,28,81,119" hai2="25,76,83,82,118,58,24,135,74,66,44,36,2" hai3="94,59,63,130,125,13,23,54,21,107,6,62,109"/><U99/><E119/><V92/><F118/><W11/><G107/><T56/><D39/><U68/><E123/><V88/><F135/><W121/><G121/><T100/><D132/><U120/><E120/><V35/><F2/><W1/><G130/><T50/><D124/><U87/><E131/><V30/><F82/><W78/><G78/><T112/><D112/><U72/><E72/><V43/><F24/><W80/><G80/><T133/><D133/><U104/><E111/><V4/><F4/><W101/><G109/><T38/><D38/><U67/><E41/><V46/><F44/><W47/><G47/><T40/><D77/><U34/><E34/><V126/><F66/><W16/><G125/><T20/><D29/><U60/><E81/><V85/><F58/><W108/><G108/><T102/><D7/><U42/><E42/><V57/><F57/><W113/><G113/><T49/><D0/><U10/><E87/><V37/><F126/><W51/><REACH who="3" step="1"/><G23/><REACH who="3" ten="320,230,165,275" step="2"/><T55/><D40/><U33/><E33/><V103/><REACH who="2" step="1"/><F37/><REACH who="2" ten="320,230,155,275" step="2"/><W90/><G90/><T73/><D73/><U84/><E32/><V3/><F3/><W71/><G71/><T96/><D105/><U116/><E69/><V134/><F134/><W27/><G27/><AGARI ba="0,2" hai="19,20,27,48,49,50,55,56,93,95,96,98,100,102" machi="27" ten="30,8000,1" yaku="7,1,9,1,8,1,52,2" doraHai="97" who="0" fromWho="3" sc="320,100,230,0,155,0,275,-80" /><INIT seed="2,0,0,1,1,48" ten="420,230,155,195" oya="2" hai0="32,95,15,116,12,131,9,59,92,100,127,82,93" hai1="1,53,43,117,132,47,123,101,104,64,8,99,96" hai2="85,113,35,20,57,61,76,18,114,118,119,37,41" hai3="103,14,135,39,128,94,120,121,107,38,87,86,60"/><V36/><F35/><W134/><G14/><T63/><D32/><U78/><E117/><N who="2" m="44555" /><F76/><W30/><G30/><T79/><D116/><U21/><E132/><N who="3" m="50730" /><G60/><T54/><D127/><U27/><E123/><N who="3" m="47178" /><G39/><N who="2" m="14921" /><F85/><N who="3" m="32267" /><G38/><T80/><D131/><U129/><E78/><V31/><F31/><W22/><G22/><T98/><D15/><U83/><E129/><V42/><F20/><W108/><G128/><T62/><D62/><U105/><E21/><V102/><F18/><W110/><G107/><T97/><D79/><U67/><E104/><V6/><F6/><W55/><G55/><T19/><D95/><U90/><E105/><V70/><F70/><W10/><G10/><T3/><D3/><U73/><E8/><V124/><F124/><W77/><G77/><T29/><D29/><U23/><E1/><V115/><F102/><AGARI ba="0,0" hai="9,12,19,54,59,63,80,82,92,93,97,98,100,102" machi="102" ten="30,7700,0" yaku="7,1,9,1,8,1,52,1" doraHai="48" who="0" fromWho="2" sc="420,77,230,0,155,-77,195,0" /><INIT seed="3,0,0,5,2,26" ten="497,230,78,195" oya="3" hai0="115,113,81,134,86,24,74,15,13,93,55,107,22" hai1="64,130,28,3,27,124,65,126,62,4,88,135,46" hai2="29,7,129,97,23,103,35,87,102,89,67,77,42" hai3="71,63,111,58,5,110,83,51,119,60,84,69,50"/><W6/><G119/><T78/><D107/><U40/><E130/><V53/><F129/><W52/><G6/><T25/><D134/><U98/><E135/><V21/><F35/><W9/><G9/><T132/><D132/><U99/><E3/><V12/><F77/><W94/><G94/><T17/><D25/><U79/><E4/><V85/><F42/><W82/><G5/><T125/><D125/><N who="1" m="48235" /><E79/><V68/><F68/><N who="3" m="26187" /><G83/><T100/><D55/><U20/><E88/><V34/><F67/><N who="1" m="25673" /><E62/><N who="3" m="23594" /><G84/><T1/><D1/><U16/><E16/><N who="2" m="10375" /><F34/><W127/><G82/><T76/><D76/><U105/><E105/><V122/><F7/><W10/><G10/><T56/><D100/><U117/><E117/><V101/><F97/><W121/><G121/><T112/><D93/><U49/><AGARI ba="0,0" hai="20,27,28,40,46,49,98,99" m="25673,48235" machi="49" ten="30,2000,0" yaku="18,1,52,1" doraHai="26" who="1" fromWho="1" sc="497,-5,230,20,78,-5,195,-10" /><INIT seed="4,0,0,3,2,58" ten="492,250,73,185" oya="0" hai0="41,24,79,36,61,126,46,102,62,134,127,114,85" hai1="33,48,12,23,93,3,7,65,101,110,131,67,35" hai2="87,50,118,130,90,4,18,89,32,74,8,88,55" hai3="73,121,57,28,82,104,37,68,83,39,22,117,6"/><T34/><D102/><U1/><E110/><V66/><F74/><W2/><G104/><T60/><D114/><U112/><E131/><V26/><F130/><W135/><G68/><T51/><D134/><U17/><E112/><V122/><F122/><W10/><G117/><T78/><D36/><U69/><E48/><V49/><F118/><W103/><G103/><T107/><D107/><U125/><E125/><N who="0" m="47625" /><D85/><U105/><E105/><V53/><F66/><W113/><G135/><T31/><AGARI ba="0,0" hai="24,31,34,41,46,51,60,61,62,78,79" m="47625" machi="31" ten="40,12000,1" yaku="18,1,52,3" doraHai="58" who="0" fromWho="0" sc="492,120,250,-40,73,-40,185,-40" /><INIT seed="4,1,0,5,3,36" ten="612,210,33,145" oya="0" hai0="27,86,135,3,40,108,109,7,107,42,103,56,63" hai1="32,47,115,121,90,114,130,112,43,104,14,20,54" hai2="133,76,81,129,31,87,38,52,0,71,12,85,57" hai3="101,120,59,92,62,77,25,134,79,105,70,34,91"/><T74/><D74/><U17/><E104/><V73/><F71/><W49/><G120/><T1/><D135/><U24/><E121/><V99/><F0/><N who="0" m="74" /><D7/><U72/><E72/><V39/><F129/><W123/><G123/><T94/><D27/><U4/><E130/><V124/><F124/><W13/><G70/><T60/><D107/><U35/><E54/><V84/><F133/><W116/><G116/><T66/><D63/><U26/><E90/><V100/><F31/><W29/><G101/><T126/><D126/><U132/><E132/><V28/><F28/><W75/><G105/><T58/><D58/><U50/><REACH who="1" step="1"/><E4/><REACH who="1" ten="612,200,33,145" step="2"/><V23/><F100/><W78/><G75/><T68/><D103/><U55/><E55/><V122/><F122/><W51/><G134/><T128/><D128/><U37/><E37/><V19/><REACH who="2" step="1"/><F99/><REACH who="2" ten="612,200,23,145" step="2"/><W2/><G79/><T131/><D131/><U67/><E67/><V80/><F80/><W102/><G78/><T119/><D119/><U8/><E8/><V22/><F22/><W30/><G77/><T110/><D68/><U46/><E46/><V5/><F5/><W33/><G34/><AGARI ba="1,2" hai="14,17,20,24,26,32,34,35,43,47,50,112,114,115" machi="34" ten="50,8000,1" yaku="1,1,15,1,11,1,52,1,53,0" doraHai="36" doraHaiUra="69" who="1" fromWho="3" sc="612,0,200,103,23,0,145,-83" /><INIT seed="5,0,0,4,1,83" ten="612,303,23,62" oya="1" hai0="67,123,7,102,39,126,108,95,98,2,71,72,100" hai1="78,89,69,17,80,25,109,55,28,119,6,13,120" hai2="96,62,59,16,88,36,115,37,128,107,99,42,63" hai3="113,61,11,79,9,81,35,103,21,29,106,8,19"/><U57/><E120/><V74/><F74/><W134/><G113/><T75/><D108/><U4/><E119/><V50/><F115/><W76/><G134/><T85/><D102/><U5/><E69/><V90/><F128/><W44/><G29/><T33/><D33/><U94/><E109/><V91/><F37/><W51/><G35/><T12/><D39/><U135/><E135/><V73/><F73/><W121/><G61/><T38/><D38/><U130/><E130/><V60/><F107/><W133/><G133/><T87/><D2/><U84/><E25/><V58/><F36/><W97/><G81/><T47/><D123/><U68/><E68/><V101/><F101/><W23/><G23/><T111/><D111/><U49/><E28/><V27/><F42/><W3/><G3/><T112/><D112/><U24/><E24/><V31/><F31/><W124/><G124/><T41/><D67/><U0/><E0/><V40/><F40/><W10/><N who="3" m="2048" /><DORA hai="20" /><W56/><G56/><N who="2" m="21545" /><F50/><W105/><G105/><T118/><D71/><U82/><REACH who="1" step="1"/><E78/><REACH who="1" ten="612,293,23,62" step="2"/><V86/><F86/><W122/><G121/><T30/><D85/><U129/><E129/><V54/><F54/><W125/><G122/><T93/><D87/><U64/><E64/><V110/><F110/><W1/><G1/><T116/><D126/><U131/><E131/><V46/><F46/><W127/><G125/><T14/><D118/><U92/><E92/><V18/><F27/><N who="3" m="14783" /><G127/><T15/><D116/><U48/><E48/><V32/><F32/><W117/><G117/><T114/><D114/><U26/><E26/><RYUUKYOKU ba="0,1" sc="612,-30,293,10,23,10,62,10" hai1="4,5,6,13,17,49,55,57,80,82,84,89,94" hai2="16,18,60,62,63,88,90,91,96,99" hai3="44,51,76,79,97,103,106" /><INIT seed="5,1,1,4,4,77" ten="582,303,33,72" oya="1" hai0="80,130,83,38,127,50,97,9,20,43,74,41,65" hai1="28,45,81,103,76,78,123,100,48,71,4,21,60" hai2="42,24,121,90,129,6,69,8,67,58,126,5,111" hai3="102,86,133,34,70,112,125,25,1,98,95,22,30"/><U11/><E123/><V62/><F121/><W131/><G131/><T124/><D38/><U106/><E106/><V132/><F129/><W110/><G110/><T122/><D122/><U10/><E71/><V47/><F111/><W89/><G133/><T35/><D35/><U18/><E60/><V88/><F132/><W75/><G75/><T16/><D130/><U59/><E59/><V79/><F126/><N who="0" m="48170" /><D74/><U31/><E31/><V0/><F5/><W115/><G1/><T37/><D37/><U44/><E28/><V101/><F101/><W91/><G70/><T117/><D117/><U15/><E76/><V104/><F104/><W53/><G53/><T19/><D97/><U119/><E119/><V2/><F2/><W27/><G125/><T135/><D135/><U134/><E134/><V84/><F24/><W23/><G34/><T96/><D96/><U64/><E64/><V120/><F120/><W13/><G13/><N who="0" m="7215" /><D65/><U55/><E44/><V82/><REACH who="2" step="1"/><F69/><REACH who="2" ten="582,303,23,72" step="2"/><W57/><G102/><T51/><D51/><AGARI ba="1,2" hai="0,6,8,42,47,51,58,62,67,79,82,84,88,90" machi="51" ten="30,12000,2" yaku="1,1,2,1,7,1,52,1,54,1,53,1" doraHai="77" doraHaiUra="63" who="2" fromWho="0" sc="582,-123,303,0,23,143,72,0" /><INIT seed="6,0,0,0,3,131" ten="459,303,166,72" oya="2" hai0="47,114,19,45,39,134,20,106,65,133,96,80,4" hai1="97,17,124,16,46,5,28,77,74,8,67,81,121" hai2="123,110,61,55,72,111,94,24,103,6,50,34,3" hai3="66,64,127,117,2,26,63,126,36,21,15,88,112"/><V83/><F123/><W35/><G117/><T60/><D114/><U32/><E121/><V90/><F103/><W91/><G36/><T82/><D4/><U125/><E67/><V107/><F107/><W7/><G35/><T87/><D96/><U109/><E109/><V30/><F61/><W84/><G2/><T54/><D106/><U99/><E32/><V71/><F71/><W49/><G49/><T12/><D54/><U98/><E46/><V11/><F83/><W116/><G116/><T135/><D39/><U108/><E28/><V1/><F72/><W101/><G101/><T29/><D29/><U79/><E108/><V25/><F25/><W120/><G120/><T93/><D93/><U18/><REACH who="1" step="1"/><E77/><REACH who="1" ten="459,293,166,72" step="2"/><V9/><F111/><W70/><G66/><T37/><D37/><U129/><E129/><V62/><F110/><W23/><G64/><T33/><D33/><U105/><E105/><V41/><F30/><W130/><G130/><T73/><D47/><U13/><AGARI ba="0,1" hai="5,8,13,16,17,18,74,79,81,97,98,99,124,125" machi="13" ten="40,5200,0" yaku="1,1,0,1,54,1,53,0" doraHai="131" doraHaiUra="89" who="1" fromWho="1" sc="459,-13,293,62,166,-26,72,-13" /><INIT seed="7,0,0,4,5,110" ten="446,355,140,59" oya="3" hai0="123,14,19,81,34,26,108,121,45,16,88,73,119" hai1="63,5,37,44,132,55,25,97,66,8,38,126,23" hai2="96,91,39,69,60,100,113,32,20,129,106,21,10" hai3="134,79,118,12,41,95,50,33,112,114,54,18,36"/><W68/><G118/><T80/><D108/><U43/><E132/><V135/><F113/><N who="3" m="43627" /><G68/><T70/><D119/><U52/><E126/><V115/><F69/><W67/><G67/><T64/><D73/><U93/><E37/><V65/><F115/><W3/><G3/><T76/><D76/><U117/><E117/><V101/><F65/><W92/><G134/><T90/><D70/><U11/><E66/><V75/><F135/><W56/><G33/><T0/><D0/><U28/><E63/><V128/><F32/><W109/><G109/><T22/><D64/><U7/><E11/><V124/><F124/><W29/><G29/><T30/><D19/><U48/><E38/><V42/><F129/><W78/><G79/><T46/><D121/><U116/><E116/><V27/><F128/><W87/><G78/><T9/><D34/><U24/><E24/><V122/><F122/><W107/><G107/><T59/><D123/><U74/><E74/><V105/><F105/><W99/><G87/><N who="0" m="50279" /><D59/><U4/><REACH who="1" step="1"/><E8/><REACH who="1" ten="446,345,140,59" step="2"/><V71/><F75/><W83/><G99/><T17/><D30/><U130/><E130/><V102/><F106/><W104/><G104/><T89/><D26/><U72/><E72/><V61/><F96/><W86/><G36/><T133/><D9/><U49/><E49/><V53/><F39/><W6/><G6/><T94/><D133/><U85/><E85/><V13/><F10/><N who="3" m="6423" /><G41/><T58/><D17/><U127/><E127/><V120/><F42/><W125/><G125/><T77/><D16/><U82/><E82/><V103/><N who="2" m="25600" /><DORA hai="84" /><V98/><F120/><RYUUKYOKU ba="0,1" sc="446,-15,345,15,140,-15,59,15" hai1="4,5,7,23,25,28,43,44,48,52,55,93,97" hai3="50,54,56,83,86,92,95" /><INIT seed="7,1,1,2,3,54" ten="431,360,125,74" oya="3" hai0="33,57,27,131,126,43,38,135,65,94,21,24,8" hai1="30,83,11,63,134,31,70,29,58,130,53,13,110" hai2="109,28,44,69,52,20,66,22,80,18,56,39,99" hai3="23,6,77,115,123,125,62,87,36,67,121,96,120"/><W61/><G36/><T91/><D33/><U32/><E110/><V114/><F109/><W34/><G34/><T48/><D38/><U95/><E134/><V51/><F114/><W59/><G115/><T47/><D135/><U97/><E130/><V100/><F80/><W104/><G125/><T108/><D108/><U35/><E70/><V15/><F69/><W68/><G6/><T90/><D131/><U105/><E105/><V72/><F72/><W98/><G104/><T45/><D126/><U40/><E40/><V133/><F133/><W2/><G2/><T42/><D8/><U92/><E83/><V117/><F117/><W102/><G102/><T7/><D7/><U0/><E0/><V76/><F76/><W50/><G50/><N who="0" m="26935" /><D94/><U12/><E95/><N who="2" m="58495" /><F39/><W25/><G87/><T86/><D86/><U3/><E3/><V82/><F82/><W17/><REACH who="3" step="1"/><G77/><REACH who="3" ten="431,360,125,64" step="2"/><T4/><D4/><U19/><E35/><V5/><F5/><W81/><G81/><T101/><D101/><N who="1" m="60583" /><E32/><V64/><F44/><W132/><G132/><T118/><D118/><U73/><E73/><V55/><F51/><W111/><G111/><T84/><D84/><U122/><E122/><V129/><F129/><W60/><G60/><N who="0" m="38031" /><D27/><U112/><E112/><V88/><F88/><W16/><G16/><AGARI ba="1,2" hai="16,21,24,43,47,48,90,91" m="38031,26935" machi="16" ten="30,3900,0" yaku="8,1,52,1,54,1" doraHai="54" who="0" fromWho="3" sc="431,62,360,0,125,0,64,-42" owari="493,59.0,360,16.0,125,-27.0,22,-48.0" /></mjloggm>