<mjloggm ver="2.3"><GO type="169" lobby="0"/><UN n0="%58%63%65%6C%6C%69%6E%67" n1="%E3%81%8A%E3%81%98%E3%81%95%E3%82%93" n2="%E3%82%A6%E3%83%AB%E3%83%88%E3%83%A9%E7%AB%8B%E7%9B%B4" n3="%E3%83%AA%E3%82%B5%E3%81%95%E3%81%BE" dan="17,16,18,16" rate="2132.59,2068.18,2219.15,2038.22" sx="M,M,M,F"/><TAIKYOKU oya="0"/><INIT seed="0,0,0,1,0,40" ten="250,250,250,250" oya="0" hai0="101,35,51,8,44,66,49,132,25,91,34,31,21" hai1="19,73,95,97,17,0,96,47,18,20,2,63,48" hai2="93,74,94,82,68,127,120,26,121,53,113,71,58" hai3="100,23,14,112,102,104,133,16,43,64,88,103,122"/><T111/><D132/><U30/><E73/><V123/><F113/><W129/><G112/><T135/><D135/><U3/><E63/><V128/><F26/><W76/><G133/><T79/><D101/><U67/><E67/><V118/><F74/><W109/><G109/><T70/><D111/><U10/><E10/><V45/><F82/><W83/><G129/><T60/><D79/><U57/><E57/><V84/><F84/><W59/><G122/><T125/><D125/><U119/><E119/><V134/><F93/><W11/><G43/><T12/><D91/><U131/><E131/><V69/><F94/><W22/><G104/><T85/><D85/><U56/><E56/><V115/><F134/><W61/><G76/><T46/><D51/><U99/><E30/><V29/><F29/><W41/><G41/><T42/><REACH who="0" step="1"/><D46/><REACH who="0" ten="240,250,250,250" step="2"/><U114/><E114/><V13/><F127/><W50/><G50/><T92/><D92/><U27/><REACH who="1" step="1"/><E95/><REACH who="1" ten="240,240,250,250" step="2"/><V15/><F115/><W9/><G83/><T98/><D98/><U33/><E33/><V89/><F121/><W105/><G105/><T62/><D62/><U130/><E130/><V4/><F128/><W77/><G61/><T5/><AGARI ba="0,2" hai="5,8,12,21,25,31,34,35,42,44,49,60,66,70" machi="5" ten="20,18000,2" yaku="1,1,0,1,7,1,52,1,53,2" doraHai="40" doraHaiUra="28" who="0" fromWho="0" sc="240,200,240,-60,250,-60,250,-60" /><INIT seed="0,1,0,1,4,109" ten="440,180,190,190" oya="0" hai0="96,84,113,53,91,69,90,50,119,55,110,116,65" hai1="30,132,61,29,117,72,2,41,77,101,111,38,60" hai2="94,129,32,115,14,28,71,56,33,100,0,1,112" hai3="126,9,104,24,135,15,18,19,27,62,11,123,21"/><T42/><D42/><U46/><E117/><V80/><F94/><W128/><G104/><T26/><D110/><U103/><E111/><V73/><F56/><W85/><G128/><T86/><D96/><U16/><E132/><V93/><F93/><W63/><G135/><T82/><D26/><U81/><E2/><N who="2" m="1131" /><F100/><W97/><G126/><T92/><D113/><N who="2" m="43594" /><F14/><W59/><G15/><T114/><D114/><U54/><E103/><V134/><F134/><W68/><G59/><T43/><D43/><U88/><E101/><V105/><F105/><W133/><G133/><T125/><D53/><U89/><E54/><V5/><F5/><W106/><G106/><T25/><D55/><U20/><E61/><V70/><F129/><W52/><G52/><T121/><D92/><U67/><E89/><V12/><F12/><W31/><G97/><T74/><D90/><U75/><E75/><V13/><F13/><W58/><G58/><T40/><D74/><U95/><E60/><V44/><F44/><W102/><G102/><T39/><D91/><U36/><E67/><V6/><F6/><W49/><G63/><T51/><D65/><U79/><E79/><N who="2" m="44143" /><F28/><W3/><G62/><T83/><D84/><U124/><E95/><V17/><F17/><W47/><G19/><T130/><D86/><U34/><E88/><V66/><F66/><W120/><G18/><T22/><D130/><U4/><E4/><V87/><F87/><W37/><G85/><T131/><D131/><U76/><E30/><V127/><F127/><W99/><G31/><T45/><D125/><U8/><E124/><RYUUKYOKU ba="1,0" sc="440,-10,180,-10,190,30,190,-10" hai2="32,33,70,71" /><INIT seed="1,2,0,3,4,88" ten="430,170,220,180" oya="1" hai0="42,14,52,101,69,48,50,108,89,60,84,54,122" hai1="44,133,118,121,13,40,26,33,82,2,125,1,109" hai2="130,25,0,51,123,66,57,68,79,71,111,21,67" hai3="3,55,72,78,58,20,124,80,90,132,70,120,35"/><U36/><E118/><V62/><F0/><W15/><G120/><T4/><D122/><U43/><E121/><V87/><F123/><W113/><G113/><T49/><D101/><U131/><E125/><V16/><F130/><W12/><G124/><T53/><D108/><U127/><E127/><V38/><F38/><W30/><G132/><T99/><D99/><U56/><E131/><V76/><F111/><W94/><G3/><T93/><D69/><U135/><E109/><V75/><F75/><W105/><G105/><T63/><D42/><U92/><E43/><V37/><F37/><W41/><G41/><T116/><D116/><U103/><E82/><V110/><F110/><W100/><G100/><T7/><D14/><U23/><E13/><V86/><F76/><W45/><G35/><T17/><D17/><N who="1" m="12655" /><E33/><V65/><F79/><W98/><G45/><T8/><D8/><U47/><E56/><V91/><F71/><W126/><G70/><T9/><D9/><U61/><E61/><AGARI ba="2,0" hai="4,7,48,49,50,52,53,54,60,61,63,84,89,93" machi="61" ten="40,5200,0" yaku="8,1,52,1,54,1" doraHai="88" who="0" fromWho="1" sc="430,58,170,-58,220,0,180,0" /><INIT seed="2,0,0,2,0,29" ten="488,112,220,180" oya="2" hai0="22,79,134,49,7,111,87,90,135,19,85,34,84" hai1="112,8,24,69,83,133,64,25,128,104,93,82,62" hai2="100,27,97,41,106,105,33,61,107,122,92,2,96" hai3="15,119,17,72,115,77,129,36,70,126,51,113,21"/><V44/><F2/><W40/><G119/><T14/><D34/><U94/><E112/><N who="3" m="43082" /><G70/><T66/><D79/><U63/><E104/><V103/><F61/><W65/><G65/><T31/><D31/><U10/><E64/><V47/><F122/><W68/><G68/><T120/><D120/><U48/><E69/><V59/><F59/><W32/><G36/><T121/><D121/><U109/><E48/><V3/><F3/><W132/><G132/><N who="0" m="50731" /><D111/><U86/><E133/><V18/><F47/><N who="3" m="26087" /><G126/><T123/><D66/><U52/><E86/><V54/><F54/><W108/><G129/><T30/><D30/><U42/><E42/><V43/><F43/><W80/><G108/><T26/><D49/><U50/><E50/><V9/><F33/><AGARI ba="0,0" hai="15,17,21,32,33,72,77,80" m="26087,43082" machi="33" ten="30,3900,0" yaku="11,1,52,2" doraHai="29" who="3" fromWho="2" sc="488,0,112,0,220,-39,180,39" /><INIT seed="3,0,0,2,1,34" ten="488,112,181,219" oya="3" hai0="23,116,109,51,12,92,0,11,45,119,36,81,56" hai1="22,95,111,14,127,25,105,39,17,38,13,37,102" hai2="4,68,89,8,71,57,100,123,130,61,64,135,30" hai3="26,76,70,43,33,126,24,77,73,91,3,108,133"/><W7/><G70/><T27/><D109/><U129/><E111/><V9/><F130/><W86/><G73/><T53/><D0/><U97/><E129/><V128/><F128/><W80/><G108/><T20/><D81/><U79/><E127/><V88/><F135/><W98/><G133/><T52/><D92/><U42/><E42/><V58/><F123/><W50/><G126/><T67/><D67/><U47/><E47/><V82/><F100/><W69/><G69/><T122/><D122/><U115/><E115/><V84/><F30/><W90/><G33/><T124/><D124/><U106/><REACH who="1" step="1"/><E79/><REACH who="1" ten="488,102,181,219" step="2"/><V48/><F71/><W125/><G43/><T10/><D45/><U28/><E28/><V1/><F68/><W112/><G77/><T29/><D29/><U18/><E18/><V19/><F19/><W96/><G76/><T114/><D114/><U32/><E32/><V94/><F58/><W101/><G112/><T16/><D56/><U66/><E66/><V6/><F57/><W78/><G78/><T21/><D16/><U107/><AGARI ba="0,1" hai="13,14,17,22,25,37,38,39,95,97,102,105,106,107" machi="107" ten="40,2700,0" yaku="1,1,0,1,53,0" doraHai="34" doraHaiUra="120" who="1" fromWho="1" sc="488,-7,102,37,181,-7,219,-13" /><INIT seed="4,0,0,2,1,18" ten="481,139,174,206" oya="0" hai0="3,19,7,91,90,73,104,71,93,29,60,78,114" hai1="40,100,67,80,83,94,56,49,34,79,11,44,118" hai2="106,33,20,123,9,32,2,112,17,127,10,116,58" hai3="111,6,51,31,87,133,8,102,53,128,126,24,28"/><T92/><D104/><U47/><E34/><N who="2" m="13419" /><F58/><W86/><G133/><T23/><D29/><U15/><E118/><V120/><F106/><W46/><G128/><T22/><D19/><U113/><E113/><V48/><F48/><W89/><G126/><T68/><D60/><N who="1" m="38279" /><E79/><V131/><F127/><W121/><G111/><T119/><D7/><N who="1" m="3583" /><E47/><V59/><F59/><W12/><G121/><N who="2" m="46665" /><F131/><W65/><G65/><T50/><D78/><U63/><E63/><V110/><F110/><W21/><G31/><T135/><D50/><U38/><E38/><V129/><F129/><W124/><G124/><T70/><D70/><U52/><E40/><V81/><F81/><W57/><G46/><T27/><D73/><U98/><AGARI ba="0,0" hai="44,49,52,80,83,94,98,100" m="3583,38279" machi="98" ten="30,2000,0" yaku="8,1,54,1" doraHai="18" who="1" fromWho="1" sc="481,-10,139,20,174,-5,206,-5" /><INIT seed="5,0,0,5,4,74" ten="471,159,169,201" oya="1" hai0="77,20,79,59,12,75,33,40,29,90,8,94,32" hai1="102,134,99,45,103,96,133,118,121,93,111,72,42" hai2="123,124,61,92,3,63,126,106,41,80,18,21,97" hai3="37,25,101,100,56,57,95,70,117,73,36,132,67"/><U131/><E118/><V68/><F3/><W78/><G70/><T107/><D107/><U26/><E121/><V105/><F41/><W85/><G73/><T65/><D40/><U51/><E72/><V4/><F4/><W98/><G100/><T120/><D120/><U16/><E131/><V53/><F80/><W84/><G84/><N who="0" m="52551" /><D32/><U24/><E111/><V86/><F86/><W129/><G56/><T28/><D33/><U76/><E76/><N who="0" m="29257" /><D20/><U46/><E46/><V9/><F21/><W114/><G57/><T27/><D27/><U104/><REACH who="1" step="1"/><E16/><REACH who="1" ten="471,149,169,201" step="2"/><V108/><F18/><W30/><G78/><T64/><D75/><U7/><E7/><V62/><F123/><W116/><G129/><T49/><D29/><U88/><E88/><V48/><F9/><W2/><G30/><T83/><D28/><U50/><E50/><V44/><F108/><W5/><G5/><T71/><D49/><U55/><E55/><V113/><F48/><W130/><G130/><T13/><D8/><U125/><E125/><V10/><F10/><W66/><G117/><T127/><D127/><U109/><E109/><V119/><F53/><W23/><G116/><T14/><D14/><U34/><E34/><V135/><F124/><W1/><G1/><T91/><D13/><U69/><E69/><V52/><F68/><W89/><G89/><T112/><D12/><U15/><E15/><V11/><F126/><W19/><G2/><T60/><D71/><U39/><E39/><V17/><F119/><W38/><G38/><T47/><D91/><U128/><E128/><V43/><F11/><RYUUKYOKU ba="0,1" sc="471,-10,149,30,169,-10,201,-10" hai1="24,26,42,45,51,93,96,99,102,103,104,133,134" /><INIT seed="5,1,1,3,5,129" ten="461,179,159,191" oya="1" hai0="62,50,93,23,104,101,96,2,53,115,109,8,25" hai1="27,65,81,86,120,39,47,78,29,66,32,18,19" hai2="40,116,64,69,15,13,30,68,84,35,63,72,90" hai3="57,89,33,98,51,103,82,121,118,111,114,126,67"/><U26/><E120/><V11/><F72/><W49/><G111/><T107/><D109/><U99/><E99/><V76/><F116/><W41/><G33/><T28/><D115/><U56/><E56/><V83/><F40/><W12/><G126/><T21/><D62/><U125/><E125/><V130/><F130/><W42/><G114/><T48/><D21/><U113/><E113/><V34/><F30/><W45/><G121/><T75/><D75/><U110/><E110/><V43/><F69/><W6/><G103/><T135/><D135/><U132/><E132/><V91/><F43/><N who="3" m="24767" /><G118/><T133/><D133/><U106/><E106/><V44/><F44/><W119/><G119/><T10/><D50/><U117/><E117/><V88/><REACH who="2" step="1"/><F15/><REACH who="2" ten="461,179,149,191" step="2"/><W38/><G12/><T31/><D28/><U55/><E47/><V92/><F92/><W60/><G41/><T9/><D104/><U134/><E134/><V100/><F100/><W131/><G42/><T20/><D107/><U5/><E39/><V4/><AGARI ba="1,2" hai="4,11,13,34,35,63,64,68,76,83,84,88,90,91" machi="4" ten="30,4000,0" yaku="1,1,0,1,54,1,53,0" doraHai="129" doraHaiUra="22" who="2" fromWho="2" sc="461,-11,179,-21,149,63,191,-11" /><INIT seed="6,0,0,5,5,27" ten="450,158,212,180" oya="2" hai0="60,29,94,21,48,72,100,96,55,84,128,80,17" hai1="81,108,64,76,63,74,15,23,109,20,103,50,93" hai2="14,31,87,28,68,47,66,16,9,36,65,111,33" hai3="70,122,133,43,4,121,120,18,98,69,118,117,89"/><V32/><F68/><N who="3" m="26219" /><G18/><T22/><D128/><U90/><E103/><V38/><F87/><W135/><G4/><T91/><D72/><U44/><E109/><V104/><F104/><W75/><G75/><T62/><D29/><U46/><E108/><V97/><F97/><W57/><G43/><T114/><D114/><U92/><E15/><V53/><F53/><W19/><G19/><T83/><D83/><U134/><E134/><N who="3" m="51210" /><G89/><T8/><D8/><U5/><E5/><V67/><F111/><W88/><G57/><N who="0" m="32999" /><D22/><U7/><E7/><V86/><F47/><W73/><G73/><T82/><D82/><U71/><E46/><V1/><F1/><W41/><G41/><T95/><D80/><U11/><E11/><V125/><F9/><W78/><G78/><T105/><D105/><U45/><E45/><V3/><F3/><W116/><G116/><T30/><D30/><U42/><REACH who="1" step="1"/><E93/><AGARI ba="0,0" hai="88,93,98,117,118,120,121,122" m="51210,26219" machi="93" ten="40,2600,0" yaku="20,1,54,1" doraHai="27" who="3" fromWho="1" sc="450,0,158,-26,212,0,180,26" /><INIT seed="7,0,0,3,0,2" ten="450,132,212,206" oya="3" hai0="76,22,8,1,37,99,134,24,110,126,59,69,125" hai1="47,82,57,119,75,41,43,20,60,63,12,132,68" hai2="100,73,46,6,39,71,129,58,29,113,54,92,67" hai3="106,35,50,104,5,30,86,79,26,89,9,36,112"/><W84/><G36/><T23/><D69/><U133/><E82/><V105/><F73/><W61/><G112/><T0/><D110/><U87/><E87/><V31/><F105/><W114/><G114/><T121/><D37/><U27/><E75/><V122/><F92/><W44/><G79/><T74/><D121/><U13/><E119/><V97/><F97/><W48/><G61/><T108/><D108/><U109/><E109/><V77/><F100/><W94/><G84/><T96/><D59/><U128/><E128/><V90/><F90/><W102/><G48/><T17/><D134/><U7/><E68/><V85/><F85/><W38/><G38/><T62/><D62/><U56/><E20/><V98/><F77/><W93/><G93/><T80/><D23/><U91/><E27/><V118/><F71/><W15/><G102/><T40/><D40/><AGARI ba="0,0" hai="5,9,15,26,30,35,40,44,50,86,89,94,104,106" machi="40" ten="30,2900,0" yaku="7,1,52,1" doraHai="2" who="3" fromWho="0" sc="450,-29,132,0,212,0,206,29" /><INIT seed="7,1,0,3,0,70" ten="421,132,212,235" oya="3" hai0="49,45,72,11,114,87,115,95,63,108,18,109,50" hai1="94,101,23,0,83,61,100,46,120,6,75,66,33" hai2="44,82,5,111,131,40,81,91,86,16,80,21,132" hai3="121,127,34,9,38,92,90,69,1,8,73,14,84"/><W22/><G121/><T77/><D72/><U67/><E120/><V124/><F111/><W113/><G69/><T125/><D125/><U36/><E33/><V62/><F124/><W43/><G127/><T65/><D49/><U88/><E23/><V12/><F131/><W102/><G73/><T103/><D77/><U28/><E28/><V128/><F128/><W106/><G113/><N who="0" m="43019" /><D11/><U42/><E6/><V17/><F5/><W97/><G34/><T39/><D18/><U96/><E0/><V79/><F79/><W119/><G119/><T47/><D39/><U60/><E60/><V19/><F62/><W126/><G1/><T7/><D7/><U24/><E24/><V89/><F132/><W110/><G110/><N who="0" m="42603" /><D50/><U107/><E107/><V31/><F31/><W112/><G112/><T135/><D135/><U116/><E116/><V48/><F19/><W98/><G106/><T35/><D35/><U133/><E133/><V76/><F17/><W25/><G9/><T123/><D123/><U64/><REACH who="1" step="1"/><E61/><REACH who="1" ten="421,122,212,235" step="2"/><V2/><F2/><W32/><G22/><T30/><D30/><U53/><E53/><V41/><F21/><W105/><G105/><T78/><D63/><U104/><E104/><V122/><F122/><W37/><G8/><T20/><D20/><U68/><E68/><V59/><F12/><W58/><G14/><T57/><D65/><U118/><E118/><V27/><F27/><W54/><G25/><T129/><D129/><U99/><E99/><V55/><F55/><W10/><G54/><T3/><D3/><U74/><E74/><V4/><F4/><RYUUKYOKU ba="1,1" sc="421,-10,122,30,212,-10,235,-10" hai1="36,42,46,64,66,67,75,83,88,94,96,100,101" owari="421,52.0,152,-35.0,202,-20.0,225,3.0" /></mjloggm>