<mjloggm ver="2.3"><GO type="169" lobby="0"/><UN n0="%E3%83%A4%E3%82%AD%E3%83%B3" n1="%E3%82%A6%E3%83%AB%E3%83%88%E3%83%A9%E7%AB%8B%E7%9B%B4" n2="%E3%83%86%E3%83%AC%E3%83%93%E3%81%A3%E5%AD%90" n3="%E3%81%A4%E3%81%A3%E3%81%8D%EF%BD%9E%32%6E%64" dan="17,18,17,16" rate="2150.75,2170.98,2138.55,2146.59" sx="M,M,M,F"/><TAIKYOKU oya="0"/><INIT seed="0,0,0,2,1,124" ten="250,250,250,250" oya="0" hai0="127,42,33,112,51,66,40,32,62,80,135,19,78" hai1="34,16,102,131,106,73,110,46,28,77,81,63,58" hai2="130,98,134,12,94,54,70,57,37,82,107,26,85" hai3="35,14,101,8,11,126,24,72,65,91,64,10,76"/><T90/><D112/><U105/><E28/><V48/><F134/><W2/><G126/><T93/><D127/><U43/><E34/><V133/><F133/><W41/><G2/><T118/><D118/><U61/><E110/><V21/><F70/><W67/><G101/><T115/><D115/><U4/><E63/><V22/><F37/><W113/><G113/><T60/><D135/><U68/><E68/><V121/><F107/><W89/><G14/><T59/><D60/><U27/><E102/><V30/><F121/><W6/><G6/><T104/><D104/><U87/><E73/><V52/><F130/><W44/><G72/><T53/><D19/><U23/><E131/><V50/><F12/><W123/><G76/><T96/><D33/><U111/><E4/><V125/><F125/><W84/><G123/><T49/><D32/><U79/><E79/><V108/><F108/><W122/><G122/><T99/><D99/><U7/><E7/><V38/><F38/><W83/><G91/><T55/><D51/><U116/><E116/><V75/><F21/><W74/><G74/><T20/><D20/><U39/><REACH who="1" step="1"/><E111/><REACH who="1" ten="250,240,250,250" step="2"/><V95/><F75/><W92/><G35/><T3/><D3/><U69/><E69/><V31/><F31/><W17/><G17/><T29/><D29/><U9/><E9/><V129/><F129/><W25/><REACH who="3" step="1"/><G83/><REACH who="3" ten="250,240,250,240" step="2"/><T5/><D5/><U117/><E117/><V18/><F18/><W71/><G71/><N who="0" m="42455" /><D80/><U13/><E13/><V114/><F114/><W120/><G120/><T119/><D78/><U0/><E0/><V47/><F82/><RYUUKYOKU ba="0,2" sc="250,-15,240,15,250,-15,240,15" hai1="16,23,27,39,43,46,58,61,77,81,87,105,106" hai3="8,10,11,24,25,41,44,64,65,67,84,89,92" /><INIT seed="1,1,2,4,5,11" ten="235,255,235,255" oya="1" hai0="42,119,80,44,128,86,71,135,21,60,51,108,5" hai1="85,49,73,88,121,32,17,14,3,90,20,89,81" hai2="96,59,22,46,87,58,23,27,68,72,100,25,54" hai3="78,47,75,106,52,125,13,79,2,35,50,84,134"/><U127/><E121/><V26/><F72/><W69/><G2/><T129/><D119/><U99/><E73/><V126/><F68/><W19/><G75/><T9/><D108/><U34/><E3/><V94/><F126/><W104/><G125/><T41/><D135/><U65/><E127/><V0/><F0/><W103/><G134/><T130/><D21/><U45/><E65/><V53/><F46/><W113/><G113/><T16/><D60/><U66/><E66/><V116/><F116/><W98/><G35/><T105/><D105/><U56/><E56/><V15/><F87/><W67/><G106/><T62/><D62/><U37/><E37/><V28/><F15/><W111/><G111/><T39/><D71/><U95/><REACH who="1" step="1"/><E89/><REACH who="1" ten="235,245,235,255" step="2"/><V43/><F59/><W117/><G117/><T38/><D38/><U101/><E101/><V83/><F58/><W77/><G67/><T57/><D57/><U61/><E61/><V1/><F1/><W63/><G63/><T55/><D39/><U82/><E82/><V24/><F83/><W33/><G69/><T102/><D102/><U8/><E8/><V64/><F64/><W18/><G103/><T112/><D112/><U48/><E48/><V107/><F22/><W91/><G50/><T122/><D122/><U6/><E6/><V97/><F107/><W118/><G104/><T76/><D5/><U36/><E36/><V114/><F114/><W93/><G118/><T132/><D132/><U115/><E115/><V29/><F100/><W92/><G33/><T74/><D74/><U131/><E131/><V7/><F23/><RYUUKYOKU ba="1,3" sc="235,15,245,15,235,-15,255,-15" hai0="9,16,41,42,44,51,55,76,80,86,128,129,130" hai1="14,17,20,32,34,45,49,81,85,88,90,95,99" /><INIT seed="1,2,3,5,4,68" ten="250,260,220,240" oya="1" hai0="11,37,17,86,1,21,127,47,79,71,45,3,101" hai1="9,46,124,128,19,2,97,51,41,88,12,10,85" hai2="70,75,122,57,95,0,115,35,31,69,7,77,5" hai3="118,78,98,6,80,87,129,90,8,53,64,22,24"/><U96/><E124/><V126/><F122/><W54/><G129/><T119/><D119/><U29/><E29/><V89/><F35/><W94/><G64/><T103/><D71/><U116/><E128/><V93/><F31/><W132/><G132/><T92/><D127/><U59/><E116/><V76/><F126/><W110/><G110/><T28/><D28/><U36/><E51/><V55/><F75/><W56/><G118/><T113/><D113/><U58/><E59/><V134/><F57/><W123/><G123/><T32/><D32/><U61/><E9/><V50/><F50/><W15/><REACH who="3" step="1"/><G56/><REACH who="3" ten="250,260,220,230" step="2"/><T106/><D3/><U102/><E2/><V130/><F0/><W13/><G13/><T84/><D1/><U117/><E117/><V83/><F130/><W44/><G44/><T34/><D47/><U62/><E58/><V105/><F134/><W43/><G43/><T82/><D45/><U120/><E120/><V23/><F70/><W100/><G100/><T133/><D133/><U52/><E52/><V74/><F69/><W67/><G67/><T91/><D103/><U73/><E102/><V65/><F55/><W33/><G33/><T72/><D34/><U66/><E66/><V48/><F65/><W4/><G4/><T39/><D101/><U20/><E46/><V27/><F5/><W26/><G26/><T135/><D135/><U131/><E41/><V18/><F7/><W111/><G111/><T16/><D106/><U104/><E104/><V38/><F105/><W42/><G42/><T109/><D109/><U25/><E131/><V125/><F125/><RYUUKYOKU ba="2,4" sc="250,-10,260,-10,220,-10,230,30" hai3="6,8,15,22,24,53,54,78,80,87,90,94,98" /><INIT seed="2,3,4,4,4,5" ten="240,250,210,260" oya="2" hai0="104,109,133,79,84,122,87,11,98,78,25,57,114" hai1="120,66,53,128,129,91,85,2,93,35,49,51,15" hai2="18,48,29,7,82,52,90,42,135,16,17,118,81" hai3="105,71,6,134,72,127,65,92,115,8,27,60,123"/><V70/><F118/><W61/><G105/><T113/><D122/><U23/><E2/><V108/><F70/><W124/><G123/><T41/><D41/><U106/><E35/><V56/><F135/><W80/><G134/><T111/><D25/><U95/><E106/><V107/><F107/><W21/><G115/><N who="0" m="44043" /><D57/><N who="1" m="32943" /><E66/><V20/><F108/><N who="0" m="41546" /><D11/><U40/><E95/><V67/><F67/><W102/><G60/><T64/><D64/><U101/><E101/><V59/><F42/><W63/><G63/><T50/><D133/><U36/><E36/><V24/><F59/><W46/><G46/><T39/><D50/><U3/><E3/><V26/><F7/><W54/><G54/><T100/><D39/><U76/><E76/><AGARI ba="3,4" hai="76,78,79,84,87,98,100,104" m="41546,44043" machi="76" ten="30,3900,0" yaku="14,1,34,2" doraHai="5" who="0" fromWho="1" sc="240,88,250,-48,210,0,260,0" /><INIT seed="3,0,0,0,0,114" ten="328,202,210,260" oya="3" hai0="57,135,42,120,94,117,39,23,130,102,56,17,53" hai1="15,48,4,25,106,76,125,60,29,34,105,74,133" hai2="124,67,54,50,59,9,123,13,71,65,107,89,51" hai3="63,0,11,132,111,64,27,77,5,12,78,101,36"/><W97/><G132/><T41/><D120/><U28/><E133/><V6/><F107/><W45/><G111/><T92/><D135/><U32/><E125/><V90/><F123/><W66/><G0/><T43/><D117/><U72/><E48/><V99/><F124/><W84/><G66/><T83/><D39/><U69/><E15/><V116/><F116/><W93/><G84/><T58/><D130/><U68/><E4/><V62/><F67/><W100/><G100/><T61/><D83/><U10/><E10/><V35/><F35/><N who="1" m="13353" /><E60/><V22/><F99/><W46/><G27/><N who="0" m="14831" /><D102/><U49/><E49/><V14/><REACH who="2" step="1"/><F51/><REACH who="2" ten="328,202,200,260" step="2"/><W112/><G112/><T87/><D61/><U88/><E76/><V121/><F121/><W127/><G127/><T109/><D109/><U52/><E106/><V82/><F82/><W119/><G77/><T110/><D110/><U79/><E105/><V3/><F3/><W2/><G78/><T85/><D53/><U80/><E79/><V30/><F30/><W55/><G119/><T128/><D128/><U98/><E52/><V16/><AGARI ba="0,1" hai="6,9,13,14,16,22,50,54,59,62,65,71,89,90" machi="16" ten="30,4000,0" yaku="1,1,0,1,54,1,53,0" doraHai="114" doraHaiUra="115" who="2" fromWho="2" sc="328,-10,202,-10,200,50,260,-20" /><INIT seed="4,0,0,4,3,107" ten="318,192,250,240" oya="0" hai0="101,53,3,92,21,12,55,37,31,117,25,90,50" hai1="116,63,88,97,2,79,125,94,93,95,67,17,120" hai2="22,80,15,48,11,62,106,87,40,127,81,75,103" hai3="56,47,29,9,36,71,98,7,130,39,42,41,16"/><T96/><D3/><U78/><E120/><V28/><F127/><W57/><G71/><T134/><D37/><U35/><E116/><V1/><F106/><W85/><G130/><T108/><D117/><U33/><E125/><V72/><F103/><W84/><G29/><T133/><D108/><U82/><E2/><V10/><F62/><W70/><G70/><T44/><D12/><U54/><E54/><V86/><F1/><W113/><G113/><T102/><REACH who="0" step="1"/><D55/><REACH who="0" ten="308,192,250,240" step="2"/><U128/><E128/><V99/><F15/><W51/><G39/><T66/><D66/><U129/><E129/><V131/><F131/><W68/><G36/><T91/><D91/><U135/><E135/><AGARI ba="0,1" hai="21,25,31,44,50,53,90,92,96,101,102,133,134,135" machi="135" ten="40,3900,0" yaku="1,1,20,1,53,0" doraHai="107" doraHaiUra="65" who="0" fromWho="1" sc="308,49,192,-39,250,0,240,0" /><INIT seed="4,1,0,2,5,114" ten="357,153,250,240" oya="0" hai0="16,82,62,78,65,57,10,15,79,59,7,99,102" hai1="13,53,127,110,129,115,44,45,66,30,75,6,135" hai2="76,58,91,123,93,3,124,69,105,72,107,73,60" hai3="126,104,14,41,92,125,35,32,77,37,117,43,103"/><T56/><D7/><U121/><E13/><V119/><F69/><W83/><G104/><T29/><D29/><U64/><E30/><V22/><F3/><W33/><G117/><T109/><D109/><U46/><E6/><V51/><F123/><W90/><G103/><T100/><D100/><U134/><E75/><V20/><F51/><W5/><G83/><T112/><D112/><U96/><E96/><V25/><F124/><N who="3" m="47723" /><G77/><T132/><D132/><N who="1" m="50731" /><E127/><V21/><F25/><W108/><G37/><T120/><D120/><U87/><E87/><V81/><F119/><W40/><G108/><T52/><D82/><U4/><E4/><V50/><F50/><W26/><G26/><T48/><REACH who="0" step="1"/><D59/><REACH who="0" ten="347,153,250,240" step="2"/><U49/><E115/><V128/><F81/><W39/><G5/><T17/><D17/><U0/><E121/><V101/><F101/><W86/><G32/><T9/><D9/><U28/><E110/><V130/><F58/><W106/><G33/><T80/><D80/><U95/><E28/><V18/><F18/><W27/><G35/><T24/><D24/><U12/><E0/><V94/><F20/><W36/><G27/><T84/><D84/><U34/><E34/><V47/><F21/><W97/><G14/><T131/><D131/><U98/><E12/><V88/><F22/><W11/><G11/><T19/><D19/><U23/><E23/><V67/><F128/><W74/><G74/><T31/><D31/><U122/><E122/><V1/><F130/><W116/><G116/><T68/><D68/><U2/><E129/><V38/><F1/><W118/><G118/><RYUUKYOKU ba="1,1" sc="347,15,153,-15,250,-15,240,15" hai0="10,15,16,48,52,56,57,62,65,78,79,99,102" hai3="36,39,40,41,43,86,90,92,97,106" /><INIT seed="4,2,1,3,1,113" ten="362,138,235,255" oya="0" hai0="38,126,91,74,67,62,43,68,29,75,48,111,72" hai1="51,17,88,56,8,47,4,98,132,84,13,114,70" hai2="59,15,135,54,34,101,97,107,63,42,103,28,6" hai3="1,110,30,99,118,57,9,125,102,35,86,89,32"/><T14/><D126/><U108/><E70/><V129/><F135/><W60/><G110/><T90/><D111/><U73/><E73/><V112/><F112/><W25/><G125/><T96/><D29/><U119/><E108/><V20/><F129/><W16/><G118/><T55/><D96/><U71/><E71/><V104/><F42/><W65/><G35/><T52/><D14/><U124/><E114/><V123/><F123/><W87/><G89/><T69/><D69/><U115/><E124/><V33/><F6/><W39/><G39/><T11/><D11/><U130/><E115/><V40/><F40/><W131/><G131/><T82/><D82/><U95/><E130/><V58/><F15/><W122/><G122/><T46/><REACH who="0" step="1"/><D55/><REACH who="0" ten="352,138,235,255" step="2"/><U109/><E109/><V134/><F97/><W127/><G127/><T27/><D27/><U5/><E132/><V80/><F134/><W83/><G83/><T7/><D7/><U19/><E5/><V117/><F80/><W36/><G99/><T41/><D41/><U3/><E3/><V0/><F0/><W10/><G25/><T12/><D12/><U53/><E119/><V21/><F117/><W106/><G9/><T61/><D61/><U116/><E116/><V26/><F26/><W128/><G60/><T121/><D121/><U45/><E98/><V85/><F63/><W2/><G1/><T93/><D93/><U120/><E120/><V50/><F54/><W78/><G2/><T94/><D94/><U100/><E100/><V92/><F103/><W31/><G128/><T66/><D66/><U44/><AGARI ba="2,2" hai="4,8,13,17,19,44,45,47,51,53,56,84,88,95" machi="44" ten="30,7900,0" yaku="5,1,0,1,8,1,54,1" doraHai="113" who="1" fromWho="1" sc="352,-41,138,105,235,-22,255,-22" /><INIT seed="5,0,0,4,5,19" ten="311,243,213,233" oya="1" hai0="21,83,58,47,15,115,94,6,16,45,65,121,133" hai1="130,35,1,112,25,114,17,77,11,53,4,108,99" hai2="41,12,9,55,60,46,28,80,2,66,52,31,131" hai3="72,113,103,104,48,42,51,111,62,56,126,107,50"/><U7/><E77/><V26/><F131/><W27/><G111/><T30/><D115/><N who="1" m="44075" /><E130/><V100/><F2/><W84/><G113/><T57/><D133/><U5/><E53/><V69/><F100/><W13/><G72/><T124/><D124/><U90/><E108/><V109/><F80/><W39/><G126/><T22/><D6/><N who="1" m="2667" /><E90/><V134/><F109/><W118/><G118/><T8/><D121/><U105/><E99/><V70/><F134/><W116/><G116/><T24/><D83/><U117/><E105/><V18/><F70/><W40/><G107/><T119/><D119/><U127/><E117/><V78/><F78/><W76/><G103/><T79/><D79/><U37/><E37/><V14/><F55/><W10/><G39/><T0/><D0/><U92/><E92/><V68/><F41/><W20/><G104/><T82/><D82/><U86/><E86/><V81/><F81/><W87/><G87/><T97/><D8/><N who="1" m="2159" /><E127/><V44/><F52/><N who="3" m="34055" /><G84/><T125/><D125/><U123/><E123/><V85/><F85/><W129/><G76/><T34/><D65/><U91/><E91/><V95/><F66/><W96/><G96/><T122/><D122/><U32/><E11/><V29/><F95/><W132/><G129/><T3/><D3/><U98/><E98/><V36/><F9/><W67/><G67/><T71/><D97/><U93/><E93/><V73/><F36/><W120/><G120/><T61/><D94/><U74/><E74/><V89/><F73/><W88/><G10/><N who="0" m="6263" /><D71/><U110/><E110/><V106/><F69/><W59/><G88/><RYUUKYOKU ba="0,0" sc="311,-10,243,30,213,-10,233,-10" hai1="17,25,32,35" /><INIT seed="5,1,0,0,5,107" ten="301,273,203,223" oya="1" hai0="7,19,26,87,115,131,16,13,33,22,108,28,132" hai1="92,48,105,43,46,127,54,1,30,71,88,23,112" hai2="66,104,24,68,93,29,39,106,64,119,96,120,75" hai3="102,110,51,27,121,63,83,41,65,5,52,10,91"/><U18/><E105/><V9/><F120/><W100/><G110/><T134/><D108/><U69/><E1/><V20/><F119/><W109/><G109/><T111/><D111/><U62/><E30/><V76/><F39/><W40/><G121/><T58/><D87/><U45/><E112/><V114/><F114/><W77/><G91/><T125/><D115/><U81/><E81/><V123/><F123/><W59/><G27/><T126/><D58/><U14/><E127/><N who="0" m="48649" /><D131/><U70/><E62/><V129/><F129/><W2/><G40/><T79/><D79/><U116/><E116/><V97/><F9/><W72/><REACH who="3" step="1"/><G41/><REACH who="3" ten="301,273,203,213" step="2"/><T61/><D134/><U113/><E113/><V44/><F24/><W135/><G135/><T3/><D132/><U47/><REACH who="1" step="1"/><E43/><REACH who="1" ten="301,263,203,213" step="2"/><V95/><F29/><W35/><G35/><T12/><D33/><U78/><E78/><V67/><F76/><W128/><G128/><T73/><D28/><U56/><E56/><AGARI ba="1,2" hai="2,5,10,51,52,56,59,63,65,72,77,83,100,102" machi="56" ten="30,7700,0" yaku="1,1,7,1,52,1,54,1,53,0" doraHai="107" doraHaiUra="89" who="3" fromWho="1" sc="301,0,263,-80,203,0,213,100" /><INIT seed="6,0,0,5,0,31" ten="301,183,203,313" oya="2" hai0="6,27,93,55,3,122,17,61,124,113,108,78,62" hai1="39,48,2,85,24,19,45,77,53,98,82,42,109" hai2="73,50,49,70,36,119,33,37,4,81,95,132,96" hai3="72,116,89,44,52,117,103,8,80,79,66,63,118"/><V125/><F70/><W0/><G103/><T100/><D108/><U115/><E2/><V28/><F119/><W16/><G89/><T20/><D122/><U111/><E115/><V87/><F73/><W120/><G120/><T22/><D113/><U131/><E131/><V41/><F4/><W13/><G0/><T129/><D129/><U90/><E98/><V7/><F7/><W68/><G44/><T18/><D78/><U26/><E77/><V56/><F132/><W54/><AGARI ba="0,0" hai="8,13,16,52,54,63,66,68,72,79,80,116,117,118" machi="54" ten="40,5200,0" yaku="0,1,54,2" doraHai="31" who="3" fromWho="3" sc="301,-13,183,-13,203,-26,313,52" /><INIT seed="7,0,0,5,3,18" ten="288,170,177,365" oya="3" hai0="97,103,31,82,69,64,43,35,87,27,130,42,76" hai1="106,50,28,51,19,58,79,20,0,90,131,95,61" hai2="108,40,96,14,111,133,114,65,78,124,34,13,59" hai3="81,73,33,62,48,120,44,85,52,116,67,77,92"/><W55/><G116/><T83/><D130/><U25/><E106/><V89/><F34/><W102/><G120/><T101/><D101/><U2/><E131/><V117/><F117/><W132/><G132/><T88/><D69/><U16/><E0/><V54/><F133/><W127/><G127/><T3/><D64/><N who="1" m="38967" /><E2/><V38/><F124/><W60/><G33/><T30/><D30/><U112/><E79/><V119/><F119/><W41/><G73/><T24/><D24/><U15/><E112/><V37/><F114/><W98/><G62/><T17/><D17/><N who="1" m="6731" /><E15/><V1/><F1/><W125/><G125/><T68/><D68/><AGARI ba="0,0" hai="41,44,48,52,55,60,67,68,77,81,85,92,98,102" machi="68" ten="30,2900,0" yaku="7,1,54,1" doraHai="18" who="3" fromWho="0" sc="288,-29,170,0,177,0,365,29" owari="259,6.0,170,-33.0,177,-22.0,394,49.0" /></mjloggm>