<mjloggm ver="2.3"><GO type="169" lobby="0"/><UN n0="%E3%82%A6%E3%83%AB%E3%83%88%E3%83%A9%E7%AB%8B%E7%9B%B4" n1="%E7%A2%BA%E8%AA%8D%E4%BA%8B%E9%A0%85" n2="%6B%79%6F%6E%6B%6F%31%31" n3="%74%61%6B%75%61%6B%61" dan="16,16,17,16" rate="2123.47,2109.63,2180.11,2125.01" sx="M,M,M,M"/><TAIKYOKU oya="0"/><INIT seed="0,0,0,3,5,133" ten="250,250,250,250" oya="0" hai0="109,43,35,28,41,111,100,21,50,30,0,60,122" hai1="114,129,115,25,85,40,130,52,116,64,2,120,59" hai2="87,53,8,97,105,13,42,63,38,29,103,117,44" hai3="83,32,121,112,74,65,94,81,132,19,17,127,88"/><T110/><D0/><U15/><E2/><V37/><F117/><W76/><G112/><N who="1" m="43050" /><E25/><V57/><F87/><W91/><G132/><T9/><D122/><U92/><E15/><V126/><F29/><W10/><G32/><T113/><D113/><U20/><E20/><V3/><F3/><W5/><G121/><T12/><D35/><U67/><E120/><V1/><F1/><W16/><G127/><T86/><D100/><U56/><E116/><V22/><F22/><W69/><G83/><T104/><D104/><U66/><E92/><V90/><F90/><W71/><G65/><T79/><D60/><N who="1" m="35847" /><E85/><V31/><F31/><N who="0" m="11818" /><D21/><U96/><E96/><V101/><F101/><W47/><G47/><T45/><D86/><U34/><E34/><V70/><F70/><W58/><G58/><T73/><D73/><U80/><E80/><V123/><F123/><W4/><G91/><T68/><D79/><U14/><E14/><V55/><F55/><W84/><REACH who="3" step="1"/><G10/><REACH who="3" ten="250,250,250,240" step="2"/><T54/><D68/><AGARI ba="0,1" hai="4,5,16,17,19,68,69,71,74,76,81,84,88,94" machi="68" ten="40,8000,1" yaku="1,1,2,1,54,2,53,0" doraHai="133" doraHaiUra="108" who="3" fromWho="0" sc="250,-80,250,0,250,0,240,90" /><INIT seed="1,0,0,5,2,35" ten="170,250,250,330" oya="1" hai0="85,28,5,26,132,71,117,114,84,129,120,78,89" hai1="93,116,111,23,40,51,63,125,118,112,58,83,105" hai2="19,104,33,128,77,103,0,135,7,25,45,79,4" hai3="87,32,133,107,46,81,109,127,110,88,75,74,113"/><U95/><E105/><V134/><F128/><W13/><G32/><T60/><D117/><U31/><E112/><V90/><F103/><W68/><G68/><T34/><D114/><U2/><E125/><V27/><F104/><W56/><G113/><T43/><D129/><U100/><E111/><N who="3" m="42506" /><G56/><T52/><D132/><N who="2" m="50730" /><F90/><W57/><G57/><T29/><D120/><U59/><E83/><V124/><F124/><W17/><G133/><T37/><D29/><U98/><E93/><V66/><F66/><W92/><G107/><T65/><D78/><N who="2" m="29706" /><F19/><W47/><G127/><T86/><D89/><U61/><E116/><V42/><F33/><W121/><G121/><T41/><D37/><U122/><E118/><V22/><F22/><N who="3" m="11567" /><G92/><T1/><REACH who="0" step="1"/><D52/><REACH who="0" ten="160,250,250,330" step="2"/><N who="1" m="32031" /><E122/><V115/><F115/><W82/><G82/><T3/><D3/><U38/><E2/><V101/><F101/><W94/><G81/><T20/><D20/><U69/><E23/><V8/><F4/><W67/><G67/><T50/><D50/><AGARI ba="0,1" hai="0,7,8,25,27,42,45,50" m="29706,50730" machi="50" ten="30,2000,0" yaku="20,1,52,1" doraHai="35" who="2" fromWho="0" sc="160,-20,250,0,250,30,330,0" /><INIT seed="2,0,0,3,1,4" ten="140,250,280,330" oya="2" hai0="79,77,29,133,28,36,129,96,58,40,98,60,31" hai1="78,51,102,92,22,42,81,131,30,8,47,130,85" hai2="108,32,46,15,105,64,44,37,41,12,56,11,75" hai3="9,86,49,107,115,91,112,74,43,27,122,113,26"/><V117/><F105/><W90/><G74/><T0/><D0/><U67/><E67/><V120/><F32/><W104/><G122/><T89/><D36/><U55/><E30/><V16/><F120/><W35/><G9/><T124/><D129/><U123/><E123/><V3/><F3/><W118/><G118/><T106/><D106/><N who="3" m="40489" /><G35/><T121/><D121/><U62/><E22/><V101/><F75/><W127/><G127/><T87/><D124/><U48/><E62/><N who="2" m="37959" /><F37/><W73/><G73/><T1/><D40/><U114/><E114/><V34/><F34/><W110/><G110/><T103/><D1/><U20/><E20/><N who="2" m="11271" /><F117/><W50/><G43/><T99/><D103/><U7/><E102/><V111/><F101/><W126/><G126/><T70/><D133/><U132/><E132/><V57/><F41/><W54/><G49/><T18/><D70/><U93/><E130/><V128/><F128/><W45/><G91/><T63/><D18/><U68/><E68/><V84/><F84/><W135/><G135/><T95/><REACH who="0" step="1"/><D63/><REACH who="0" ten="130,250,280,330" step="2"/><U82/><E131/><V66/><F111/><W14/><G113/><T109/><D109/><U83/><E42/><V52/><F108/><W6/><G115/><T134/><D134/><U76/><E48/><N who="2" m="30855" /><F66/><AGARI ba="0,1" hai="28,29,31,58,60,66,77,79,87,89,95,96,98,99" machi="66" ten="40,2600,0" yaku="1,1,8,1,53,0" doraHai="4" doraHaiUra="21" who="0" fromWho="2" sc="130,36,250,0,280,-26,330,0" /><INIT seed="3,0,0,2,2,100" ten="166,250,254,330" oya="3" hai0="108,109,38,28,117,101,96,82,85,133,124,111,40" hai1="19,90,13,43,37,77,95,55,23,119,42,130,56" hai2="12,41,30,54,76,18,113,29,67,125,6,134,70" hai3="131,39,104,65,33,7,103,49,45,132,75,73,57"/><W129/><G33/><T25/><D117/><U48/><E130/><N who="3" m="49674" /><G39/><T44/><D124/><U107/><E119/><V112/><F76/><W71/><G71/><T46/><D133/><U88/><E77/><V8/><F54/><W66/><G7/><T31/><D46/><U79/><E79/><V78/><F41/><N who="3" m="24751" /><G132/><T34/><D31/><N who="2" m="11786" /><F78/><W135/><G135/><T84/><REACH who="0" step="1"/><D82/><REACH who="0" ten="156,250,254,330" step="2"/><U21/><E37/><V11/><F134/><W127/><G127/><T50/><D50/><U81/><E81/><V105/><F125/><W87/><G73/><T64/><D64/><U32/><E48/><V62/><F67/><W99/><G75/><T20/><D20/><U69/><E23/><V0/><F62/><W36/><G36/><T122/><D122/><U1/><E21/><V118/><F118/><W60/><G66/><T17/><D17/><U24/><E19/><V102/><F70/><W26/><G26/><T10/><D10/><U3/><E24/><V14/><F113/><W94/><G65/><T89/><D89/><U15/><E90/><V106/><F112/><W92/><G60/><T52/><D52/><U114/><E55/><V110/><F11/><W128/><G128/><T63/><D63/><U74/><E114/><V123/><F123/><W59/><G57/><T47/><D47/><U126/><E56/><V91/><F91/><N who="3" m="53375" /><G59/><T116/><D116/><U9/><E126/><V22/><F18/><W72/><G72/><T16/><D16/><U68/><E74/><V83/><F22/><W86/><G86/><T93/><AGARI ba="0,1" hai="25,28,34,38,40,44,84,85,93,96,101,108,109,111" machi="93" ten="30,4000,0" yaku="1,1,0,1,14,1,53,0" doraHai="100" doraHaiUra="2" who="0" fromWho="0" sc="156,50,250,-10,254,-10,330,-20" /><INIT seed="4,0,0,2,1,23" ten="206,240,244,310" oya="0" hai0="99,63,107,19,111,28,24,49,3,83,92,61,57" hai1="102,18,48,53,4,78,44,104,72,113,105,100,46" hai2="10,71,81,21,110,108,55,124,62,73,75,15,34" hai3="59,86,114,74,16,0,7,25,14,94,132,82,64"/><T8/><D107/><U5/><E113/><V87/><F34/><W20/><G114/><T36/><D36/><U58/><E78/><V41/><F124/><W33/><G132/><T29/><D111/><U27/><E72/><V39/><F73/><W42/><G42/><T125/><D125/><U54/><E58/><V135/><F75/><W96/><G74/><T129/><D129/><U130/><E48/><V66/><F135/><W37/><G37/><T133/><D133/><U115/><E115/><V89/><F55/><W85/><G0/><T31/><D83/><U32/><E32/><V9/><F9/><N who="3" m="4415" /><G33/><T93/><D3/><U45/><E45/><V126/><F126/><W131/><G131/><T97/><D49/><U6/><E6/><V1/><F1/><W51/><G82/><T13/><D24/><U12/><E130/><V38/><F38/><W22/><G22/><T56/><D63/><U120/><E12/><V43/><F39/><W47/><G47/><T77/><D77/><U118/><E118/><V90/><F110/><W134/><G134/><T122/><D122/><U101/><E120/><V69/><F108/><W26/><G26/><T103/><REACH who="0" step="1"/><D61/><REACH who="0" ten="196,240,244,310" step="2"/><U119/><E27/><V70/><F62/><N who="3" m="37983" /><G51/><T80/><D80/><U112/><E112/><V95/><F81/><W2/><G2/><T117/><D117/><U67/><E119/><V127/><F127/><W98/><G94/><T106/><D106/><U79/><E105/><V50/><F50/><W35/><G35/><T116/><D116/><U30/><E104/><V76/><F95/><W128/><G128/><RYUUKYOKU ba="0,1" sc="196,15,240,-15,244,-15,310,15" hai0="8,13,19,28,29,31,56,57,92,93,97,99,103" hai3="16,20,25,85,86,96,98" /><INIT seed="4,1,1,4,0,127" ten="211,225,229,325" oya="0" hai0="8,78,22,67,4,71,129,18,76,46,61,92,32" hai1="29,100,112,121,133,60,66,80,115,116,52,16,106" hai2="110,120,39,107,30,113,6,9,97,94,96,50,131" hai3="132,20,101,11,108,15,130,54,34,53,43,24,1"/><T21/><D32/><U103/><E116/><V55/><F39/><W23/><G108/><T86/><D129/><U69/><E121/><V36/><F36/><W73/><G73/><T7/><D46/><U65/><E133/><V38/><F38/><W135/><G130/><T13/><D7/><U26/><E66/><V41/><F41/><W72/><G72/><T40/><D40/><U93/><E93/><V2/><F113/><N who="1" m="43593" /><E106/><V81/><F30/><W27/><G43/><T49/><D49/><U70/><E70/><V114/><F114/><W14/><G101/><T82/><D92/><U119/><E119/><V117/><F107/><W88/><G34/><T77/><REACH who="0" step="1"/><D22/><REACH who="0" ten="201,225,229,325" step="2"/><N who="1" m="13639" /><E80/><V118/><F131/><W79/><G20/><T91/><D91/><U126/><E126/><V84/><F120/><W63/><G23/><T134/><D134/><U74/><E29/><V111/><F117/><W124/><G124/><T125/><D125/><U5/><E5/><V10/><F118/><W37/><G37/><T68/><D68/><U83/><E83/><V33/><F33/><W42/><G132/><T58/><D58/><N who="1" m="34887" /><E74/><V3/><F94/><W35/><G135/><T62/><D62/><AGARI ba="1,2" hai="62,65,69,100,103" m="34887,13639,43593" machi="62" ten="30,7700,0" yaku="15,1,11,1,54,2" doraHai="127" who="1" fromWho="0" sc="201,-80,225,100,229,0,325,0" /><INIT seed="5,0,0,2,1,63" ten="121,325,229,325" oya="1" hai0="68,36,11,103,62,67,128,88,37,72,96,129,82" hai1="91,29,51,42,64,132,76,93,13,112,52,65,8" hai2="4,125,79,39,123,102,80,127,71,111,18,59,115" hai3="87,134,31,19,89,101,49,122,20,55,133,105,10"/><U53/><E76/><V9/><F71/><W81/><G122/><T34/><D11/><U98/><E29/><V2/><F123/><W25/><G105/><T69/><D34/><U26/><E26/><V77/><F111/><W97/><G101/><T15/><D15/><U70/><E112/><V83/><F39/><W130/><G97/><T117/><D69/><U22/><E22/><V135/><F135/><W24/><G130/><N who="0" m="50283" /><D117/><U14/><E132/><N who="3" m="50794" /><G10/><T85/><D72/><U73/><E73/><V126/><F102/><W86/><G86/><T38/><D38/><U121/><E121/><V45/><F45/><N who="3" m="28079" /><G25/><T95/><AGARI ba="0,0" hai="36,37,62,67,68,82,85,88,95,96,103" m="50283" machi="95" ten="30,4000,0" yaku="19,1,52,1,54,1" doraHai="63" who="0" fromWho="0" sc="121,40,325,-20,229,-10,325,-10" /><INIT seed="6,0,0,4,4,127" ten="161,305,219,315" oya="2" hai0="81,85,102,17,37,101,75,22,56,46,20,113,62" hai1="109,26,41,45,126,65,11,66,6,48,72,54,50" hai2="35,55,128,5,19,39,51,90,3,103,57,47,28" hai3="18,76,96,8,99,71,7,130,80,13,115,59,97"/><V74/><F74/><W98/><G71/><T79/><D113/><U134/><E109/><V10/><F103/><W114/><G130/><T95/><D75/><U111/><E111/><V125/><F125/><W124/><G124/><T29/><D37/><U118/><E118/><V107/><F107/><W94/><G59/><T131/><D131/><U117/><E117/><V58/><F128/><W88/><REACH who="3" step="1"/><G7/><REACH who="3" ten="161,305,219,305" step="2"/><T42/><D56/><N who="1" m="32839" /><E6/><V89/><F58/><W61/><G61/><T121/><D62/><U30/><E126/><V78/><F57/><W82/><G82/><T53/><D121/><U16/><E65/><V38/><F38/><W63/><G63/><T91/><D53/><U68/><E66/><V21/><F39/><W12/><G12/><T31/><D46/><U87/><E68/><V119/><F119/><W116/><G116/><T135/><D42/><U67/><E41/><V27/><REACH who="2" step="1"/><F78/><REACH who="2" ten="161,305,209,305" step="2"/><W60/><G60/><T36/><D36/><U110/><E67/><V104/><F104/><W49/><G49/><T84/><D135/><U34/><E134/><V83/><F83/><W1/><G1/><T0/><D0/><U106/><E106/><V33/><F33/><W32/><G32/><T43/><D43/><U105/><E105/><V2/><F2/><W9/><G9/><T23/><REACH who="0" step="1"/><D17/><REACH who="0" ten="151,305,209,305" step="2"/><U122/><E16/><V4/><F4/><W69/><G69/><T86/><D86/><AGARI ba="0,3" hai="8,13,18,76,80,86,88,94,96,97,98,99,114,115" machi="86" ten="40,2600,0" yaku="1,1,54,1,53,0" doraHai="127" doraHaiUra="25" who="3" fromWho="0" sc="151,-26,305,0,209,0,305,56" /><INIT seed="7,0,0,3,5,102" ten="125,305,209,361" oya="3" hai0="94,120,35,75,126,62,9,11,7,8,123,41,93" hai1="64,54,18,26,82,118,66,86,29,4,40,91,42" hai2="59,22,16,24,27,37,110,23,61,85,108,72,131" hai3="1,30,68,57,78,103,0,80,73,55,130,13,133"/><W109/><G68/><T84/><D75/><U125/><E125/><V15/><F72/><W28/><G130/><T112/><D35/><U74/><E118/><V76/><F37/><W5/><G103/><T47/><D126/><U49/><E4/><V53/><F131/><W105/><G105/><T50/><D7/><U33/><E74/><V19/><F15/><W89/><G89/><T65/><D112/><U12/><E64/><V90/><REACH who="2" step="1"/><F76/><REACH who="2" ten="125,305,199,361" step="2"/><W115/><G78/><T114/><D114/><U98/><E12/><V51/><F51/><W106/><G73/><T92/><REACH who="0" step="1"/><D84/><REACH who="0" ten="115,305,199,361" step="2"/><U116/><E86/><V113/><F113/><W129/><G115/><T67/><D67/><U83/><E66/><V127/><F127/><W132/><G129/><T104/><D104/><U36/><E116/><V134/><F134/><W107/><G106/><T71/><AGARI ba="0,2" hai="8,9,11,41,47,50,62,65,71,92,93,94,120,123" machi="71" ten="30,2000,0" yaku="1,1,0,1,53,0" doraHai="102" doraHaiUra="135" who="0" fromWho="0" sc="115,40,305,-5,199,-5,361,-10" owari="155,-34.0,300,10.0,194,-21.0,351,45.0" /></mjloggm>