<mjloggm ver="2.3"><GO type="169" lobby="0"/><UN n0="%74%61%6E%61%4B%61" n1="%E8%A5%BF%E9%A2%A8%E9%80%A3%E6%89%93" n2="%E3%82%B5%E3%83%B3%E3%83%9E%E9%81%93%E6%A5%BD%E4%BB%A3%E8%A1%A8" n3="%E5%B0%B1%E6%B4%BB%E7%94%9F%40%E5%B7%9D%E6%9D%91%E8%BB%8D%E5%9B%A3" dan="16,16,17,17" rate="2058.85,2145.63,2226.29,2153.03" sx="M,M,M,M"/><TAIKYOKU oya="0"/><INIT seed="0,0,0,1,4,108" ten="250,250,250,250" oya="0" hai0="19,86,117,100,114,61,25,96,68,79,105,36,77" hai1="127,5,21,83,101,98,90,88,134,3,59,116,93" hai2="58,18,17,121,80,113,11,60,46,8,122,33,110" hai3="22,50,39,2,118,82,38,119,10,43,135,53,112"/><T32/><D117/><U15/><E116/><V44/><F33/><W94/><G94/><T89/><D36/><U78/><E127/><V95/><F95/><W52/><G22/><T9/><D114/><U66/><E3/><V42/><F110/><W71/><G82/><T56/><D68/><U133/><E59/><V55/><F80/><W109/><G10/><T72/><D72/><U124/><E66/><V35/><F35/><W92/><G92/><T91/><D91/><U131/><E124/><V40/><F58/><W76/><G76/><T23/><D32/><U20/><E131/><V129/><F60/><W37/><G2/><T31/><D9/><N who="1" m="4527" /><E21/><V34/><F34/><W130/><G130/><T120/><D120/><U65/><E65/><V54/><REACH who="2" step="1"/><F129/><REACH who="2" ten="250,250,240,250" step="2"/><W125/><G109/><T99/><D99/><U51/><E83/><V132/><F132/><W107/><G135/><T49/><D61/><U6/><E134/><V28/><F28/><W29/><G29/><T123/><D123/><U45/><E93/><V126/><F126/><W14/><G125/><T67/><D67/><U115/><E98/><V102/><F102/><W106/><G71/><T73/><D31/><U1/><E101/><V85/><F85/><W81/><G118/><T47/><D56/><U104/><E133/><V69/><F69/><W24/><G119/><T63/><D63/><U26/><E104/><V64/><F64/><W0/><G107/><T103/><D103/><U27/><E45/><V128/><F128/><W84/><G106/><T7/><D105/><U16/><E78/><V111/><F111/><RYUUKYOKU ba="0,1" sc="250,-10,250,-10,240,30,250,-10" hai2="8,11,17,18,40,42,44,46,54,55,113,121,122" /><INIT seed="1,1,1,0,2,23" ten="240,240,270,240" oya="1" hai0="95,76,29,70,134,38,126,78,45,105,46,75,117" hai1="102,44,16,86,109,14,30,100,6,132,4,34,61" hai2="35,26,69,42,113,88,103,80,19,71,52,114,27" hai3="133,82,79,130,91,15,119,67,2,22,115,36,24"/><U72/><E72/><V98/><F42/><W68/><G2/><T106/><D117/><U74/><E74/><V77/><F19/><W97/><G36/><T89/><D70/><U128/><E132/><V112/><F35/><W58/><G68/><N who="2" m="26185" /><F52/><W25/><G115/><T104/><D134/><U18/><E128/><V43/><F43/><W81/><G133/><T101/><D126/><U62/><E44/><V73/><F88/><W21/><G130/><T96/><D29/><U92/><E109/><V5/><F5/><W57/><G15/><T8/><D8/><U12/><E34/><V41/><F41/><W56/><G67/><T93/><D46/><U127/><E30/><V60/><F60/><W99/><G119/><T66/><D66/><U125/><REACH who="1" step="1"/><E92/><AGARI ba="1,1" hai="26,27,73,77,80,92,98,103,112,113,114" m="26185" machi="92" ten="40,5200,0" yaku="11,1,52,2" doraHai="23" who="2" fromWho="1" sc="240,0,240,-55,270,65,240,0" /><INIT seed="2,0,0,4,5,25" ten="240,185,335,240" oya="2" hai0="108,3,44,111,46,74,11,116,103,107,70,1,86" hai1="62,106,7,121,4,100,71,95,56,17,130,134,38" hai2="5,58,83,16,68,66,54,115,2,18,26,119,101" hai3="6,94,27,114,48,102,64,120,39,23,81,0,37"/><V53/><F119/><W125/><G120/><T30/><D74/><U133/><E121/><V55/><F115/><W127/><G114/><T41/><D70/><U15/><E106/><V90/><F68/><W51/><G64/><T82/><D116/><U59/><E38/><V104/><F2/><W49/><G6/><N who="1" m="2090" /><E130/><V117/><F5/><W24/><G81/><T22/><D103/><U36/><E36/><N who="3" m="13898" /><G0/><T97/><D97/><N who="1" m="59455" /><E62/><N who="2" m="38231" /><F104/><W9/><G9/><T126/><D107/><U129/><E71/><V67/><F117/><W99/><G23/><T105/><D105/><U65/><E65/><V84/><F67/><W128/><G128/><T34/><D34/><U20/><E129/><V87/><F101/><W69/><G69/><T96/><D1/><U75/><E75/><V91/><F26/><W135/><G135/><AGARI ba="0,0" hai="15,17,20,56,59,133,134,135" m="59455,2090" machi="135" ten="30,1000,0" yaku="20,1" doraHai="25" who="1" fromWho="3" sc="240,0,185,10,335,0,240,-10" /><INIT seed="3,0,0,5,5,57" ten="240,195,335,230" oya="3" hai0="94,18,29,73,20,59,135,17,22,43,88,7,96" hai1="122,34,66,25,4,90,51,124,31,123,114,108,89" hai2="6,13,98,47,106,99,129,67,52,78,40,53,111" hai3="10,131,1,50,27,15,121,69,16,91,113,12,49"/><W126/><G121/><T5/><D73/><U116/><E114/><V118/><F118/><W14/><G113/><T42/><D135/><U95/><E116/><V56/><F111/><W97/><G126/><T38/><D29/><U133/><E108/><V107/><F78/><W45/><G131/><T60/><D38/><U3/><E124/><V77/><F77/><W61/><G1/><T26/><D43/><U84/><E133/><V120/><F120/><W32/><G32/><T36/><D42/><U2/><E66/><V109/><F109/><W119/><G119/><T92/><D92/><U11/><E2/><V76/><F76/><W9/><G27/><T30/><D36/><U23/><E51/><V128/><F67/><W58/><G69/><T115/><D115/><U87/><E34/><V72/><F72/><W46/><G50/><T105/><D105/><U79/><E79/><V68/><F68/><W102/><G91/><T134/><D134/><U86/><E123/><V64/><F64/><N who="3" m="38967" /><G49/><T48/><D48/><U112/><E112/><V74/><F74/><W19/><G14/><N who="0" m="9271" /><D30/><U101/><E122/><V28/><F28/><W110/><G110/><T100/><D100/><U83/><E101/><V117/><F117/><W103/><G103/><T104/><D104/><N who="2" m="39978" /><F40/><W132/><G132/><T44/><D44/><U71/><E71/><V35/><F47/><W21/><G10/><T41/><D41/><U24/><E25/><V65/><F35/><W39/><G39/><T0/><D0/><U75/><E75/><V70/><F129/><W33/><G33/><T54/><AGARI ba="0,0" hai="5,7,18,22,26,54,59,60,88,94,96" m="9271" machi="54" ten="30,8000,1" yaku="5,1,25,1,8,1,52,1,54,1" doraHai="57" who="0" fromWho="0" sc="240,80,195,-20,335,-20,230,-40" /><INIT seed="4,0,0,0,4,129" ten="320,175,315,190" oya="0" hai0="19,70,45,54,64,133,125,31,118,62,58,92,89" hai1="21,115,91,102,37,105,65,127,23,94,50,36,20" hai2="114,93,14,106,107,103,82,74,69,101,27,15,109" hai3="56,47,83,33,13,53,2,26,104,98,57,76,116"/><T100/><D118/><U95/><E127/><V40/><F69/><W85/><G2/><T17/><D125/><U6/><E115/><V60/><F109/><W3/><G3/><T131/><D131/><U86/><E105/><V96/><F40/><W99/><G116/><T11/><D100/><U43/><E65/><V68/><F114/><W71/><G71/><T5/><D133/><U32/><E32/><V66/><F93/><W124/><G124/><T28/><D45/><U122/><E122/><V16/><F103/><W87/><G47/><T4/><D28/><U112/><E112/><V128/><F106/><W7/><G85/><T12/><D31/><U22/><E6/><V48/><F48/><W44/><G44/><T110/><D4/><U1/><E1/><V55/><F55/><W0/><G0/><T88/><D110/><U111/><E111/><V51/><F51/><W117/><G117/><T8/><D8/><U18/><E50/><V134/><F134/><W113/><G113/><T29/><D29/><U10/><E43/><V80/><F128/><W78/><G33/><T49/><REACH who="0" step="1"/><D89/><REACH who="0" ten="310,175,315,190" step="2"/><U130/><E130/><V61/><F101/><W35/><G7/><T24/><D24/><N who="1" m="14359" /><E10/><V39/><F27/><W126/><G26/><T135/><D135/><U46/><E46/><V63/><F39/><W84/><G126/><T75/><D75/><U9/><E9/><V77/><F74/><W132/><G132/><T34/><D34/><U38/><E102/><V81/><F107/><W97/><G35/><T119/><D119/><U72/><E72/><V120/><F120/><RYUUKYOKU ba="0,1" sc="310,15,175,15,315,-15,190,-15" hai0="5,11,12,17,19,49,54,58,62,64,70,88,92" hai1="21,22,23,36,37,38,86,91,94,95" /><INIT seed="4,1,1,0,2,58" ten="325,190,300,175" oya="0" hai0="18,115,64,32,98,27,63,76,48,134,57,133,94" hai1="62,108,130,33,7,72,123,8,114,96,83,42,129" hai2="25,121,102,9,45,39,75,80,31,113,103,132,105" hai3="37,55,16,95,82,68,35,124,2,71,126,78,36"/><T93/><D115/><U11/><E108/><V107/><F121/><W38/><G35/><T40/><D76/><N who="1" m="44423" /><E123/><V22/><F113/><W119/><G2/><T100/><D93/><U111/><E111/><V41/><F132/><N who="0" m="50794" /><D40/><U19/><E114/><V56/><F103/><W10/><G119/><T120/><D120/><U66/><E33/><V67/><F102/><W5/><G95/><T112/><D112/><U4/><E42/><V104/><F9/><N who="1" m="3657" /><E19/><V90/><F90/><W51/><G5/><T99/><D99/><U14/><E14/><V86/><F75/><W125/><G10/><T81/><D81/><U46/><E46/><V87/><F80/><W3/><G3/><T73/><D73/><U34/><E34/><V21/><F21/><W110/><G110/><T0/><D0/><U61/><E96/><V47/><F47/><N who="3" m="28159" /><G16/><T1/><D1/><U15/><E15/><V50/><F39/><N who="3" m="9987" /><W117/><DORA hai="59" /><G117/><T84/><D84/><AGARI ba="1,1" hai="68,71,78,82,84,124,125,126" m="9987,28159" machi="84" ten="50,1600,0" yaku="18,1" doraHai="58,59" who="3" fromWho="0" sc="325,-19,190,0,300,0,175,29" /><INIT seed="5,0,0,2,0,88" ten="306,190,300,204" oya="1" hai0="44,131,75,108,16,86,9,53,34,43,57,55,102" hai1="66,127,109,70,63,90,95,93,68,80,122,30,128" hai2="112,89,117,54,22,114,20,67,91,19,27,24,123" hai3="87,124,113,72,134,26,33,38,25,76,32,125,17"/><U61/><E122/><V11/><F123/><W8/><G72/><T107/><D75/><U60/><E127/><N who="3" m="48714" /><G38/><T28/><D108/><U74/><E109/><V115/><F117/><W46/><G46/><T51/><D131/><U110/><E110/><V48/><F11/><W40/><G40/><T4/><D28/><U18/><E128/><V92/><F67/><W105/><G105/><T35/><D53/><U0/><E0/><V118/><F118/><W6/><G76/><T2/><D86/><U101/><E30/><V77/><F77/><W64/><G87/><T126/><D126/><U129/><E129/><V79/><F79/><W47/><G47/><T84/><D84/><U96/><E74/><V41/><F41/><W78/><G78/><T31/><D31/><U45/><E80/><V71/><F71/><W13/><G64/><T42/><D42/><U7/><E7/><V12/><F22/><N who="3" m="13519" /><G113/><T85/><D85/><U29/><E45/><N who="2" m="27919" /><F89/><W103/><G103/><T3/><D3/><U69/><E29/><V37/><F37/><W50/><G50/><T15/><D102/><U97/><REACH who="1" step="1"/><E18/><REACH who="1" ten="306,180,300,204" step="2"/><V65/><F115/><W62/><G33/><T119/><D119/><U58/><AGARI ba="0,1" hai="58,60,61,63,66,68,69,70,90,93,95,96,97,101" machi="58" ten="30,12000,1" yaku="1,1,2,1,0,1,52,2,53,0" doraHai="88" doraHaiUra="1" who="1" fromWho="1" sc="306,-40,180,130,300,-40,204,-40" /><INIT seed="5,1,0,2,2,14" ten="266,310,260,164" oya="1" hai0="6,3,23,133,39,4,19,85,33,96,30,135,90" hai1="110,31,50,18,41,70,112,128,13,37,47,125,111" hai2="117,10,94,26,124,54,34,88,20,65,48,98,58" hai3="67,75,45,80,101,38,78,44,66,91,108,27,109"/><U87/><E112/><V17/><F124/><W32/><G91/><T79/><D39/><U119/><E119/><V63/><F117/><W56/><G56/><T92/><D30/><U95/><E125/><V60/><F34/><W126/><G126/><T100/><D33/><U46/><E70/><V1/><F1/><W24/><G101/><T115/><D79/><U59/><E59/><N who="2" m="37119" /><F48/><W12/><G12/><T57/><D57/><U77/><E31/><V73/><F73/><W93/><G93/><T132/><D115/><U64/><E64/><V106/><F106/><W127/><G127/><T122/><D3/><U55/><E128/><V121/><F10/><W43/><G45/><T8/><D8/><U68/><E68/><V15/><F15/><W22/><G27/><N who="0" m="14847" /><D122/><AGARI ba="1,0" hai="17,20,26,54,58,60,88,94,98,121,122" m="37119" machi="122" ten="30,3900,0" yaku="25,1,52,1,54,1" doraHai="14" who="2" fromWho="0" sc="266,-42,310,0,260,42,164,0" /><INIT seed="6,0,0,0,3,84" ten="224,310,302,164" oya="2" hai0="108,0,130,22,109,83,76,41,42,55,26,78,59" hai1="79,110,46,66,17,103,57,1,124,131,89,94,80" hai2="72,12,101,35,39,114,48,60,32,120,86,81,106" hai3="126,73,116,64,113,49,23,36,69,122,19,25,135"/><V97/><F120/><W74/><G36/><T127/><D0/><U11/><E110/><V70/><F39/><W24/><G122/><T65/><D127/><U117/><E117/><V118/><F118/><W58/><G116/><T27/><D130/><U98/><E131/><V105/><F105/><W115/><G126/><T133/><D133/><U63/><E124/><V31/><F12/><W47/><G135/><T16/><D65/><U18/><E46/><V7/><F7/><W33/><G69/><T134/><D134/><U132/><E132/><V82/><F48/><W52/><G33/><T3/><D3/><U68/><E68/><V54/><F54/><W13/><G25/><T112/><D112/><N who="3" m="43081" /><G13/><T20/><D108/><U100/><E1/><V29/><F32/><W8/><G8/><T38/><D109/><U119/><E119/><V71/><F71/><W121/><G121/><T28/><D38/><U45/><E45/><V51/><F51/><N who="3" m="31007" /><G64/><T4/><D4/><U67/><E66/><V62/><F70/><W61/><G61/><T93/><D93/><U88/><E11/><V9/><F9/><W85/><G85/><N who="0" m="48359" /><D78/><U15/><E79/><V5/><F5/><W75/><G75/><T123/><D123/><U102/><E15/><V96/><F35/><W107/><G107/><T104/><D104/><U129/><E129/><V44/><F106/><W50/><G50/><AGARI ba="0,0" hai="16,20,22,26,27,28,41,42,50,55,59" m="48359" machi="50" ten="30,2000,0" yaku="8,1,54,1" doraHai="84" who="0" fromWho="3" sc="224,20,310,0,302,0,164,-20" /><INIT seed="7,0,0,2,0,75" ten="244,310,302,144" oya="3" hai0="107,69,97,18,83,121,115,77,63,56,14,96,25" hai1="64,135,100,116,20,91,94,98,38,133,102,85,40" hai2="92,126,74,88,61,60,46,36,39,123,32,58,112" hai3="128,95,37,66,41,27,44,124,84,99,93,0,72"/><W21/><G72/><T130/><D121/><U52/><E116/><V59/><F32/><W110/><G128/><T70/><D130/><U120/><E120/><V13/><F123/><W122/><G124/><T23/><D115/><U113/><E113/><V68/><F68/><W16/><G122/><T57/><D107/><U8/><E64/><V22/><F74/><W54/><G110/><T81/><D81/><U127/><E127/><V132/><F112/><W51/><G0/><T71/><D56/><U12/><E20/><V2/><F2/><W106/><G66/><T35/><D35/><U73/><E73/><V26/><F132/><N who="1" m="50761" /><E52/><N who="2" m="33863" /><F39/><W105/><G84/><T30/><D83/><U109/><E109/><V118/><F36/><W7/><G7/><T28/><D28/><U119/><E119/><V80/><F118/><W6/><G6/><T10/><REACH who="0" step="1"/><D77/><REACH who="0" ten="234,310,302,144" step="2"/><U101/><E94/><V45/><F80/><W3/><G3/><T114/><D114/><U47/><E47/><V79/><F79/><W117/><G117/><T50/><D50/><U43/><E38/><V104/><F104/><W65/><G65/><AGARI ba="0,1" hai="10,14,18,23,25,30,57,63,65,69,70,71,96,97" machi="65" ten="40,1300,0" yaku="1,1,53,0" doraHai="75" doraHaiUra="90" who="0" fromWho="3" sc="234,23,310,0,302,0,144,-13" owari="257,-14.0,310,41.0,302,10.0,131,-37.0" /></mjloggm>