<mjloggm ver="2.3"><GO type="225" lobby="0"/><UN n0="%E5%B0%B1%E6%B4%BB%E7%94%9F%40%E5%B7%9D%E6%9D%91%E8%BB%8D%E5%9B%A3" n1="%74%61%6B%65%2D%79%6F%75" n2="%E5%90%91%E4%BA%95%E7%90%86" n3="%E5%A7%89%E5%B8%AF%E8%B1%8A%E9%9F%B3%40%E5%85%AD%E6%9B%9C" dan="17,17,16,16" rate="2174.15,2160.98,2045.14,2084.65" sx="M,F,M,F"/><TAIKYOKU oya="0"/><INIT seed="0,0,0,2,1,123" ten="250,250,250,250" oya="0" hai0="28,119,3,22,128,61,106,57,108,93,7,12,49" hai1="76,60,84,130,47,52,107,17,77,129,74,121,78" hai2="45,44,79,81,97,120,91,62,64,96,87,27,24" hai3="85,90,111,116,50,82,70,58,109,43,69,67,29"/><T8/><D106/><U32/><E121/><V126/><F120/><W114/><G29/><T92/><D119/><U94/><E107/><V31/><F126/><W113/><G116/><T25/><D128/><N who="1" m="49259" /><E32/><V9/><F9/><W16/><G16/><T42/><D3/><U99/><E74/><V40/><F24/><W23/><G23/><T53/><REACH who="0" step="1"/><D108/><REACH who="0" ten="240,250,250,250" step="2"/><N who="3" m="41545" /><G114/><T59/><D59/><N who="1" m="34919" /><E47/><AGARI ba="0,1" hai="7,8,12,22,25,28,42,47,49,53,57,61,92,93" machi="47" ten="40,7700,0" yaku="1,1,8,1,53,1" doraHai="123" doraHaiUra="48" who="0" fromWho="1" sc="240,87,250,-77,250,0,250,0" /><INIT seed="0,1,0,4,0,33" ten="327,173,250,250" oya="0" hai0="44,0,17,11,10,25,60,82,72,58,110,50,67" hai1="92,113,49,45,109,122,75,87,1,131,134,38,35" hai2="81,123,128,4,32,89,127,119,34,115,39,8,26" hai3="54,23,9,46,56,69,59,132,62,78,98,21,14"/><T121/><D121/><U130/><RYUUKYOKU type="yao9" ba="1,0" sc="327,0,173,0,250,0,250,0" hai1="1,35,38,45,49,75,87,92,109,113,122,130,131,134" /><INIT seed="0,2,0,4,4,53" ten="327,173,250,250" oya="0" hai0="29,130,84,30,20,39,90,45,16,107,93,22,124" hai1="113,57,99,92,77,61,3,14,135,64,94,0,127" hai2="119,85,120,95,36,4,25,17,132,28,78,73,8" hai3="80,125,18,50,63,51,72,76,46,60,55,35,9"/><T129/><D107/><U6/><E127/><V5/><F120/><W26/><G35/><T40/><D124/><U38/><E38/><V41/><F132/><W87/><G125/><T106/><D22/><U81/><E135/><V82/><F119/><W58/><G72/><T117/><D106/><U23/><E113/><V59/><F17/><W2/><G2/><T133/><D133/><U97/><E3/><V101/><F101/><W109/><G109/><T118/><D117/><U21/><E0/><V33/><F8/><W110/><G110/><T83/><D118/><U56/><E6/><V134/><F134/><W126/><G126/><T31/><REACH who="0" step="1"/><D83/><REACH who="0" ten="317,173,250,250" step="2"/><U47/><E23/><V12/><F82/><W86/><G9/><T98/><D98/><U91/><E97/><V68/><F33/><W116/><G116/><T131/><D131/><U112/><E112/><V69/><F73/><W122/><G122/><T66/><D66/><U32/><E32/><V44/><F68/><W15/><G80/><T102/><D102/><U108/><E108/><V114/><F69/><W104/><G104/><T103/><D103/><U7/><E94/><V49/><F95/><W89/><G86/><T10/><D10/><N who="1" m="4447" /><E21/><V52/><F114/><W121/><G87/><T105/><D105/><U70/><E81/><V27/><F85/><W67/><G121/><T128/><D128/><U96/><E96/><V13/><F78/><W42/><G76/><T65/><D65/><U100/><E100/><V19/><F28/><W71/><G89/><T123/><D123/><U48/><E77/><V11/><F5/><RYUUKYOKU ba="2,1" sc="317,10,173,10,250,10,250,-30" hai0="16,20,29,30,31,39,40,45,84,90,93,129,130" hai1="47,48,56,57,61,64,70,91,92,99" hai2="4,11,12,13,19,25,27,36,41,44,49,52,59" /><INIT seed="0,3,1,4,5,91" ten="327,183,260,220" oya="0" hai0="105,46,34,131,64,16,43,116,54,4,92,1,80" hai1="130,44,74,6,124,93,40,134,121,79,57,72,21" hai2="90,19,87,94,50,45,84,29,125,118,49,5,100" hai3="126,115,69,77,15,67,88,114,108,26,51,62,55"/><T133/><D116/><U12/><E121/><V0/><F118/><W110/><G77/><T37/><D105/><U86/><E124/><V81/><F125/><W99/><G26/><T112/><D34/><U53/><E134/><V38/><F38/><W48/><G126/><T11/><D112/><N who="3" m="43049" /><G15/><T102/><D133/><U132/><E132/><V66/><F66/><W7/><G7/><T95/><D131/><U82/><E130/><V33/><F33/><W117/><G117/><T111/><D102/><U47/><E74/><V22/><F29/><W65/><G99/><T63/><D54/><U98/><E72/><V39/><F39/><W2/><G88/><T83/><D16/><N who="1" m="10375" /><E40/><V18/><F0/><W17/><G17/><N who="2" m="6153" /><F5/><W59/><G2/><T58/><D111/><N who="3" m="42537" /><G65/><T71/><D83/><U25/><E25/><V27/><F22/><W28/><G51/><T13/><D1/><U68/><E6/><V78/><F27/><W23/><G23/><T24/><D24/><U104/><E104/><V52/><F49/><W129/><G28/><T85/><D71/><U103/><E68/><V35/><F35/><W109/><G109/><T73/><D73/><U101/><E101/><AGARI ba="3,1" hai="45,50,52,78,81,84,87,90,94,100,101" m="6153" machi="101" ten="30,3900,0" yaku="8,1,52,1,54,1" doraHai="91" who="2" fromWho="1" sc="327,0,183,-48,260,58,220,0" /><INIT seed="1,0,0,1,0,123" ten="327,135,318,220" oya="1" hai0="119,60,84,68,38,52,110,134,85,98,26,56,47" hai1="122,18,87,11,40,67,106,44,125,37,117,95,104" hai2="120,116,50,51,77,83,15,126,29,33,96,58,102" hai3="10,78,19,124,76,92,25,45,39,5,115,9,30"/><U21/><E122/><V64/><F120/><W46/><G115/><T6/><D110/><U3/><E117/><V23/><F116/><W101/><G124/><T14/><D119/><U42/><E125/><V43/><F33/><W94/><G19/><T63/><D134/><U16/><E67/><V100/><F126/><W129/><G25/><T4/><D26/><U73/><E40/><V133/><F133/><W8/><G10/><T80/><D98/><U55/><E55/><V111/><F111/><W28/><G129/><T13/><D68/><U22/><E73/><V48/><F43/><W121/><G121/><T1/><D1/><U135/><E135/><V81/><F29/><W62/><G62/><T109/><D109/><U105/><E3/><V108/><F108/><W82/><G82/><N who="2" m="31241" /><F96/><W57/><G57/><N who="0" m="34855" /><D47/><U72/><E72/><V27/><F15/><N who="0" m="5642" /><D38/><U97/><E87/><N who="0" m="33353" /><D80/><U132/><E132/><V90/><F77/><W53/><G39/><T93/><D93/><U35/><E35/><V86/><F64/><AGARI ba="0,0" hai="4,6,56,63,64" m="33353,5642,34855" machi="64" ten="30,2000,0" yaku="8,1,54,1" doraHai="123" who="0" fromWho="2" sc="327,20,135,0,318,-20,220,0" /><INIT seed="2,0,0,1,2,85" ten="347,135,298,220" oya="2" hai0="23,49,35,16,34,22,97,112,131,43,53,116,81" hai1="28,21,38,64,82,135,121,99,32,95,98,89,29" hai2="42,123,76,24,4,27,88,19,94,12,59,20,55" hai3="61,122,18,113,87,50,39,7,70,6,60,77,79"/><V103/><F123/><W47/><G122/><T45/><D112/><U119/><E121/><V5/><F42/><W40/><G113/><T37/><D23/><U84/><E119/><V54/><F76/><W91/><G39/><T2/><D2/><U13/><E38/><V93/><F93/><W31/><G31/><N who="1" m="11850" /><E32/><V114/><F103/><W96/><G96/><N who="1" m="36906" /><E135/><V75/><F75/><W72/><G72/><T127/><D127/><U10/><E64/><V65/><F65/><W104/><G104/><T44/><D131/><U57/><E57/><V33/><F114/><W0/><G18/><T74/><D97/><U8/><E95/><V11/><F33/><W102/><G102/><T41/><D116/><U26/><E13/><N who="2" m="5359" /><F4/><N who="3" m="1579" /><G70/><T134/><D134/><U132/><E132/><V105/><F105/><W62/><G0/><T100/><D100/><U36/><E36/><V30/><F30/><AGARI ba="0,0" hai="8,10,21,26,30,82,84,89" m="36906,11850" machi="30" ten="30,2000,0" yaku="8,1,52,1" doraHai="85" who="1" fromWho="2" sc="347,0,135,20,298,-20,220,0" /><INIT seed="3,0,0,1,5,123" ten="347,155,278,220" oya="3" hai0="78,111,122,66,11,80,89,120,29,40,0,43,32" hai1="51,42,31,64,118,13,4,68,108,82,105,130,115" hai2="37,55,20,54,98,84,57,52,95,16,94,26,27" hai3="5,49,85,21,132,28,129,12,15,79,127,121,109"/><W1/><G121/><T45/><D111/><U18/><E115/><V92/><F37/><W106/><G106/><T87/><D66/><U134/><E105/><V125/><F125/><W2/><G109/><T34/><D43/><U91/><E108/><V112/><F112/><W39/><G39/><T133/><D133/><U107/><E107/><V60/><F84/><W56/><G129/><T17/><D29/><U116/><E130/><V76/><F76/><W47/><G56/><T81/><D32/><U135/><E4/><V58/><F27/><N who="3" m="16495" /><G15/><T110/><D110/><U8/><E31/><V7/><F7/><W126/><G132/><T30/><D30/><U74/><E134/><V90/><F55/><W77/><G77/><T71/><D71/><U62/><E135/><V50/><AGARI ba="0,0" hai="16,20,26,50,52,54,57,58,60,90,92,94,95,98" machi="50" ten="20,12000,2" yaku="0,1,7,1,25,2,8,1,54,2" doraHai="123" who="2" fromWho="2" sc="347,-30,155,-30,278,120,220,-60" owari="317,12.0,125,-37.0,398,49.0,160,-24.0" /></mjloggm>