<mjloggm ver="2.3"><GO type="169" lobby="0"/><UN n0="%E3%83%AD%E3%83%83%E3%83%86%E9%9B%80%E7%90%83" n1="%42%61%72%64%61%6E%74" n2="%E9%9B%80%E5%A3%AB%E3%81%AC%E3%82%8B%E3%82%8A%E3%82%93" n3="%E3%83%88%E3%83%88%E3%83%AA%E5%85%88%E7%94%9F%31%39%E6%AD%B3" dan="16,16,16,18" rate="2121.31,2077.07,2095.58,2213.96" sx="M,M,M,F"/><TAIKYOKU oya="0"/><INIT seed="0,0,0,4,0,21" ten="250,250,250,250" oya="0" hai0="76,43,106,49,14,66,27,90,20,42,11,13,29" hai1="55,64,116,82,99,72,110,133,47,96,71,121,124" hai2="131,77,102,0,135,105,85,9,107,25,69,6,7" hai3="112,10,50,59,95,60,51,104,67,113,5,56,123"/><T57/><D106/><U126/><E121/><V83/><F69/><W93/><G104/><T91/><D76/><U18/><E116/><V23/><F135/><W37/><G37/><T34/><D34/><U127/><E110/><V134/><F134/><W17/><G123/><T1/><D1/><U26/><E133/><V3/><F131/><W36/><G36/><T103/><D103/><U92/><E64/><V129/><F129/><W38/><G38/><T111/><D111/><U108/><E71/><V68/><F68/><W12/><G113/><T22/><D22/><N who="1" m="13655" /><E108/><V115/><F115/><W54/><G112/><T40/><D14/><U53/><E47/><V24/><F23/><W15/><REACH who="3" step="1"/><G51/><REACH who="3" ten="250,250,250,240" step="2"/><T94/><D94/><U46/><E92/><V128/><F128/><W86/><G86/><T44/><D66/><U62/><E124/><V130/><F130/><W122/><G122/><T65/><D65/><U45/><E126/><V52/><F107/><W79/><G79/><T101/><D101/><U48/><E48/><V80/><F105/><W73/><G73/><T8/><D91/><U74/><E72/><V100/><F77/><W114/><G114/><T35/><D90/><U132/><E74/><V39/><F39/><W4/><G4/><T78/><D78/><U89/><E127/><V119/><F85/><W41/><G41/><T109/><D109/><U28/><E89/><V125/><F125/><W75/><G75/><T88/><D88/><U70/><E132/><V58/><F7/><W120/><G120/><T61/><D42/><U117/><E117/><V33/><F119/><RYUUKYOKU ba="0,1" sc="250,-10,250,-10,250,-10,240,30" hai3="5,10,12,15,17,50,54,56,59,60,67,93,95" /><INIT seed="1,1,1,2,1,18" ten="240,240,240,270" oya="1" hai0="6,108,81,112,82,44,75,23,38,97,24,106,17" hai1="13,32,14,84,29,67,93,60,124,63,7,71,36" hai2="99,48,91,122,94,121,0,57,101,20,37,10,116" hai3="35,30,110,95,133,56,120,102,45,50,92,55,103"/><U105/><E105/><V72/><F37/><W46/><G120/><T2/><D112/><U118/><E118/><V40/><F116/><W107/><G110/><T132/><D108/><U66/><E36/><V19/><F72/><W43/><G133/><T25/><D132/><U15/><E124/><V100/><F100/><N who="3" m="38443" /><G35/><T111/><D97/><U1/><E1/><V64/><F64/><W59/><G30/><T89/><D106/><U115/><E115/><V26/><F40/><W33/><G33/><T52/><D111/><U114/><E114/><V11/><F11/><W5/><G5/><T4/><D2/><U134/><E134/><V80/><F0/><W51/><G107/><T12/><D38/><U86/><E93/><AGARI ba="1,1" hai="43,45,46,50,51,55,56,59,92,93,95" m="38443" machi="93" ten="30,1000,0" yaku="8,1" doraHai="18" who="3" fromWho="1" sc="240,0,240,-13,240,0,270,23" /><INIT seed="2,0,0,3,2,5" ten="240,227,240,293" oya="2" hai0="59,78,112,81,32,48,104,14,18,101,33,50,119" hai1="86,133,46,110,71,135,100,60,53,126,92,3,80" hai2="20,26,95,83,62,74,54,124,52,102,17,55,2" hai3="57,36,45,130,77,13,65,69,129,43,38,99,68"/><V76/><F124/><W1/><G1/><T111/><D111/><U41/><E110/><V67/><F2/><W107/><G77/><T42/><D112/><U96/><E126/><V51/><F102/><N who="3" m="62943" /><G13/><T58/><D119/><U4/><E53/><V123/><F123/><W118/><G118/><T91/><D91/><U7/><E60/><V28/><F95/><W89/><G89/><T98/><D42/><U120/><E71/><V115/><F115/><W103/><G103/><T40/><D40/><U31/><E31/><V47/><REACH who="2" step="1"/><F17/><REACH who="2" ten="240,227,230,293" step="2"/><W34/><G129/><T116/><D18/><U125/><E3/><V106/><F106/><W19/><G19/><T73/><D101/><U22/><E120/><V24/><F24/><W12/><G130/><T37/><D104/><U132/><E125/><V29/><F29/><W9/><G12/><T97/><D14/><U49/><REACH who="1" step="1"/><E22/><REACH who="1" ten="240,217,230,293" step="2"/><V23/><F23/><W39/><G34/><T121/><D32/><U11/><E11/><V72/><F72/><W108/><G9/><T85/><D73/><U6/><E6/><V75/><F75/><W88/><G108/><T0/><D33/><U63/><E63/><V79/><F79/><AGARI ba="0,2" hai="4,7,41,46,49,79,80,86,92,96,100,132,133,135" machi="79" ten="40,8000,1" yaku="1,1,20,1,53,3" doraHai="5" doraHaiUra="128" who="1" fromWho="2" sc="240,0,217,100,230,-80,293,0" /><INIT seed="3,0,0,1,0,94" ten="240,317,150,293" oya="3" hai0="44,50,117,59,31,28,10,11,12,19,52,127,66" hai1="21,36,70,90,74,6,45,126,65,54,72,41,37" hai2="119,86,2,108,17,4,32,35,40,123,124,73,63" hai3="56,132,81,7,96,98,125,78,77,47,53,23,25"/><W43/><G132/><T109/><D117/><U24/><E126/><V95/><F73/><W42/><G125/><T111/><D127/><U84/><E37/><V122/><F124/><W103/><G7/><T79/><D79/><N who="3" m="30217" /><G81/><T115/><D115/><U118/><E6/><V26/><F119/><W39/><G103/><T129/><D129/><U33/><E33/><V89/><F40/><N who="3" m="15403" /><G47/><T61/><REACH who="0" step="1"/><D10/><REACH who="0" ten="230,317,150,293" step="2"/><U110/><E118/><V104/><F122/><W101/><G39/><T112/><D112/><U134/><E36/><V9/><F123/><W102/><G102/><T0/><D0/><U48/><E72/><V76/><F76/><W55/><G101/><T51/><D51/><U14/><E48/><V133/><F133/><W64/><G64/><T58/><D58/><U82/><E65/><V120/><F120/><W1/><G1/><T49/><D49/><U83/><E74/><V92/><F2/><W105/><G105/><T46/><D46/><U93/><E45/><V15/><F9/><W97/><G56/><T69/><D69/><U106/><E70/><V75/><F104/><W62/><G62/><T107/><D107/><U114/><E106/><V68/><F75/><W99/><N who="3" m="24576" /><DORA hai="5" /><W100/><G100/><T113/><D113/><U20/><E114/><V71/><F71/><W88/><G88/><T16/><D16/><AGARI ba="0,1" hai="16,23,25,53,55" m="24576,15403,30217" machi="16" ten="40,18000,2" yaku="8,1,52,4,54,1" doraHai="94,5" who="3" fromWho="0" sc="230,-180,317,0,150,0,293,190" /><INIT seed="3,1,0,2,3,102" ten="50,317,150,483" oya="3" hai0="122,134,55,69,111,88,47,80,53,81,27,83,43" hai1="67,52,6,68,19,45,48,13,10,86,127,72,115" hai2="85,25,107,70,90,29,109,74,77,57,135,121,103" hai3="97,36,3,92,114,75,84,125,96,82,12,129,2"/><W93/><G114/><T108/><D122/><U33/><E72/><V120/><F70/><W61/><G36/><T9/><D69/><U35/><E115/><V119/><F119/><W76/><G129/><T98/><D134/><U51/><E127/><V105/><F135/><W20/><G125/><T94/><D27/><U15/><E86/><V22/><F109/><N who="0" m="42058" /><D9/><U133/><E133/><V38/><F38/><AGARI ba="1,0" hai="38,43,47,53,55,80,81,83,88,94,98" m="42058" machi="38" ten="30,2000,0" yaku="14,1,54,1" doraHai="102" who="0" fromWho="2" sc="50,23,317,0,150,-23,483,0" /><INIT seed="4,0,0,5,5,37" ten="73,317,127,483" oya="0" hai0="114,33,82,6,127,113,18,109,97,103,23,94,9" hai1="130,34,120,70,102,57,49,5,11,2,48,69,55" hai2="99,53,124,25,105,72,92,131,24,65,31,3,87" hai3="68,110,132,115,126,100,42,74,21,134,54,41,13"/><T8/><D33/><U15/><E120/><V30/><F72/><W104/><G110/><T44/><D109/><U0/><E34/><V119/><F3/><W45/><G74/><T26/><D127/><U121/><E130/><V93/><F105/><W86/><G68/><T61/><D61/><U89/><E102/><N who="2" m="60775" /><F131/><W91/><G126/><T67/><D67/><U123/><E49/><V59/><F65/><W111/><G111/><T125/><D125/><U83/><E83/><V63/><F119/><W52/><G115/><N who="0" m="44043" /><D6/><U29/><E89/><N who="2" m="53439" /><F124/><W27/><G13/><T28/><D82/><U47/><E29/><AGARI ba="0,0" hai="24,25,29,30,31,53,59,63" m="53439,60775" machi="29" ten="30,1000,0" yaku="8,1" doraHai="37" who="2" fromWho="1" sc="73,0,317,-10,127,10,483,0" /><INIT seed="5,0,0,4,2,13" ten="73,307,137,483" oya="1" hai0="107,90,85,97,91,126,106,20,119,73,132,33,29" hai1="116,114,45,125,3,28,104,4,31,123,78,131,59" hai2="124,80,64,101,57,108,54,75,42,60,111,49,129" hai3="18,122,9,88,30,76,74,133,113,86,66,112,63"/><U61/><E104/><N who="0" m="39977" /><D20/><U117/><E78/><V43/><F101/><W24/><G122/><T1/><D1/><U46/><E123/><V48/><F80/><N who="3" m="45079" /><G133/><T39/><D39/><U120/><E120/><V81/><F81/><N who="3" m="49231" /><G30/><T127/><D29/><U69/><E69/><V82/><F82/><W41/><G41/><T50/><D50/><U15/><E4/><V92/><F92/><W22/><G9/><T34/><D34/><U134/><E3/><V121/><F75/><W68/><G63/><T52/><D52/><U56/><E15/><V37/><F121/><W128/><G66/><T70/><D70/><U83/><E83/><V130/><F54/><W110/><G68/><T67/><D67/><U102/><E61/><V95/><F95/><W5/><G5/><T35/><D35/><U6/><E6/><V10/><F10/><W7/><G7/><T19/><D33/><U65/><E65/><V100/><F100/><W98/><G98/><T23/><D132/><U77/><E102/><V53/><F53/><W32/><G32/><T51/><D73/><U62/><E62/><V94/><F94/><W118/><G110/><T44/><D97/><U79/><E45/><V11/><F11/><W38/><G38/><T105/><D105/><U36/><E46/><V16/><F64/><W71/><G71/><T25/><D44/><U58/><E36/><V72/><F72/><W40/><G40/><T96/><D96/><U0/><E0/><V8/><F8/><W26/><G26/><T55/><D25/><U47/><E47/><V84/><F37/><W109/><G24/><RYUUKYOKU ba="0,0" sc="73,0,307,0,137,0,483,0" /><INIT seed="6,1,0,2,4,15" ten="73,307,137,483" oya="2" hai0="39,23,57,93,64,44,133,28,22,110,33,49,102" hai1="106,32,109,24,74,30,16,8,1,86,96,116,115" hai2="82,70,43,19,2,37,29,75,31,40,26,12,132" hai3="108,54,51,134,4,92,46,50,52,56,41,105,91"/><V60/><F2/><W122/><G122/><T14/><D110/><U94/><E74/><V45/><F43/><W117/><G117/><T20/><D133/><U123/><E109/><V53/><F132/><W61/><G108/><T130/><D130/><U112/><E116/><V107/><F107/><W104/><G134/><T10/><D39/><U114/><E123/><V71/><F75/><W135/><G135/><T121/><D121/><U113/><E112/><V59/><F82/><W0/><G0/><T120/><D120/><U84/><E106/><V78/><F78/><W55/><G4/><T18/><D33/><U88/><E1/><V124/><F124/><W129/><G129/><T89/><D102/><U100/><E100/><V128/><F128/><W17/><G17/><T27/><D57/><U80/><E80/><V90/><F90/><W65/><G104/><T79/><D64/><U34/><E34/><V62/><F62/><W25/><G25/><T95/><D79/><U42/><E42/><V36/><F36/><W48/><G105/><T72/><D72/><U98/><E98/><AGARI ba="1,0" hai="41,46,48,50,51,52,54,55,56,61,65,91,92,98" machi="98" ten="40,2600,0" yaku="8,1,54,1" doraHai="15" who="3" fromWho="1" sc="73,0,307,-29,137,0,483,29" /><INIT seed="7,0,0,4,5,105" ten="73,278,137,512" oya="3" hai0="74,43,97,18,41,1,23,16,120,135,39,25,48" hai1="86,64,59,119,115,127,3,65,116,19,35,95,71" hai2="108,124,31,2,79,87,17,76,85,54,42,99,51" hai3="47,49,12,106,37,100,61,13,44,67,5,70,11"/><W118/><G118/><T113/><D135/><U122/><E3/><V33/><F2/><W110/><G110/><T111/><D120/><U103/><E35/><V101/><F42/><W68/><G68/><T94/><D111/><U121/><E103/><V34/><F17/><W90/><G37/><T88/><D113/><U10/><E19/><V8/><F8/><W134/><G134/><T125/><D125/><U126/><E10/><V80/><F31/><W98/><G90/><T38/><D1/><U84/><E95/><V78/><F78/><W109/><G109/><T107/><D74/><U57/><E71/><V9/><F9/><W92/><G44/><T102/><D18/><U27/><E27/><V36/><F36/><W40/><G106/><T114/><D114/><AGARI ba="0,0" hai="57,59,64,65,84,86,114,115,116,119,121,122,126,127" machi="114" ten="25,1600,0" yaku="22,2" doraHai="105" who="1" fromWho="0" sc="73,-16,278,16,137,0,512,0" owari="57,-44.0,294,9.0,137,-26.0,512,61.0" /></mjloggm>