<mjloggm ver="2.3"><GO type="41" lobby="0"/><UN n0="%6E%69%63%6B%30%30%30" n1="%E3%81%97%E3%83%BC%E3%81%8D%E3%82%85%E3%83%BC%E3%81%B6" n2="%E3%81%91%E3%82%93%E3%81%A2" n3="%E5%B0%B1%E6%B4%BB%E7%94%9F%40%E5%B7%9D%E6%9D%91%E8%BB%8D%E5%9B%A3" dan="15,13,13,17" rate="2021.91,1916.29,1878.05,2179.49" sx="M,M,M,M"/><TAIKYOKU oya="0"/><INIT seed="0,0,0,1,1,95" ten="250,250,250,250" oya="0" hai0="34,75,63,3,42,113,87,51,39,89,83,56,119" hai1="41,13,131,132,25,107,110,27,57,134,81,1,71" hai2="122,94,126,117,103,28,99,55,91,69,23,31,59" hai3="121,127,124,40,38,21,128,36,47,101,86,16,79"/><T105/><D119/><U54/><E71/><V73/><F73/><W114/><G114/><T135/><D113/><U97/><E1/><V0/><F0/><W17/><G121/><T68/><D3/><U50/><E110/><V52/><F117/><W106/><G128/><T72/><D34/><U24/><E131/><V12/><F69/><W90/><G79/><T108/><D135/><N who="1" m="51755" /><E81/><V76/><F76/><W53/><G53/><T29/><D29/><U115/><E115/><V85/><F122/><W65/><G65/><T109/><D105/><U129/><E129/><V78/><F78/><W102/><G38/><T46/><D68/><U45/><E13/><V80/><F126/><N who="3" m="48171" /><G106/><T10/><D10/><U93/><E107/><V44/><F44/><W92/><G17/><T111/><REACH who="0" step="1"/><D39/><REACH who="0" ten="240,250,250,250" step="2"/><N who="1" m="21695" /><E25/><AGARI ba="0,1" hai="16,21,25,36,40,47,86,90,92,101,102" m="48171" machi="25" ten="30,2000,0" yaku="18,1,54,1" doraHai="95" who="3" fromWho="1" sc="240,0,250,-20,250,0,250,30" /><INIT seed="1,0,0,0,1,42" ten="240,230,250,280" oya="1" hai0="24,95,40,72,38,91,61,12,121,84,124,109,28" hai1="1,39,57,104,77,60,62,87,6,111,115,54,7" hai2="89,106,17,45,19,135,123,31,53,102,35,37,125" hai3="113,52,29,0,67,22,100,13,120,119,82,3,69"/><U70/><E104/><V94/><F123/><W27/><G120/><T16/><D109/><U47/><E115/><V83/><F125/><W98/><G113/><T65/><D121/><U10/><E7/><V58/><F135/><W50/><G119/><T9/><D124/><U92/><E111/><V2/><F2/><W21/><G67/><T96/><D72/><U11/><E11/><V116/><F116/><W4/><G82/><T64/><D96/><U51/><E70/><V79/><F31/><W20/><G69/><T34/><REACH who="0" step="1"/><D61/><REACH who="0" ten="230,230,250,280" step="2"/><U78/><E62/><V75/><F35/><W105/><G4/><T134/><D134/><U44/><E39/><V43/><F106/><W93/><G105/><T73/><D73/><U112/><E112/><V48/><REACH who="2" step="1"/><F102/><REACH who="2" ten="230,230,240,280" step="2"/><W59/><G0/><T110/><D110/><U49/><E1/><V133/><F133/><W97/><G3/><T63/><D63/><U127/><E60/><V30/><F30/><W131/><G131/><T8/><D8/><U56/><E10/><V107/><F107/><W18/><G98/><AGARI ba="0,2" hai="17,19,37,43,45,48,53,58,75,79,83,89,94,98" machi="98" ten="30,7700,0" yaku="1,1,7,1,52,1,53,1" doraHai="42" doraHaiUra="86" who="2" fromWho="3" sc="230,0,230,0,240,97,280,-77" /><INIT seed="2,0,0,3,1,128" ten="230,230,337,203" oya="2" hai0="126,115,114,13,16,130,71,127,124,21,116,30,104" hai1="59,47,58,83,27,94,32,2,24,6,19,7,103" hai2="17,76,119,69,11,53,121,23,51,31,84,125,18" hai3="99,90,82,113,55,133,118,95,100,70,44,89,122"/><V67/><F121/><W60/><G118/><T75/><D71/><U123/><E123/><V49/><F119/><W79/><G122/><T14/><D116/><U134/><E134/><V57/><F125/><W105/><G113/><N who="0" m="43019" /><D75/><U43/><E2/><V80/><F69/><W34/><G34/><T106/><D130/><U85/><E32/><V88/><F67/><W117/><G117/><T86/><D86/><U48/><E27/><N who="2" m="16895" /><F11/><W50/><G133/><T73/><D73/><U1/><E1/><V39/><F39/><W35/><G35/><T129/><D129/><U78/><E59/><V56/><F76/><W62/><G70/><T81/><D81/><U28/><E28/><V108/><F108/><W46/><G46/><T20/><D30/><U33/><E58/><V64/><F64/><W5/><G5/><T41/><D41/><U107/><E107/><V65/><F49/><W45/><G45/><T66/><D66/><U40/><E43/><V25/><F25/><W120/><G120/><T131/><D131/><U3/><E3/><V101/><F101/><W8/><G8/><T26/><D106/><U42/><E40/><V15/><F15/><N who="0" m="5642" /><D104/><U110/><E110/><V96/><F96/><W98/><REACH who="3" step="1"/><G90/><REACH who="3" ten="230,230,337,193" step="2"/><T37/><D37/><U102/><E33/><V9/><F9/><W132/><G132/><T36/><D36/><U22/><E103/><V61/><AGARI ba="0,1" hai="17,18,51,53,56,57,61,65,80,84,88" m="16895" machi="61" ten="30,3000,0" yaku="8,1,54,1" doraHai="128" who="2" fromWho="2" sc="230,-10,230,-10,337,40,193,-10" /><INIT seed="2,1,0,2,3,10" ten="220,220,377,183" oya="2" hai0="6,9,28,68,103,37,59,5,34,16,84,119,92" hai1="93,30,14,76,85,126,40,94,60,45,90,121,51" hai2="2,81,35,71,107,4,19,127,114,48,36,49,11" hai3="53,33,131,87,54,118,26,55,100,62,41,108,128"/><V79/><F71/><W38/><G33/><T70/><D37/><U125/><E121/><V80/><F107/><W0/><G0/><T65/><D119/><U21/><E76/><V95/><F114/><W12/><G118/><T64/><D34/><U74/><E74/><V13/><F36/><W29/><G108/><T42/><D42/><U18/><E30/><V69/><F69/><W52/><G100/><T113/><D113/><U31/><E31/><V135/><F135/><W117/><G117/><T44/><D44/><U25/><E25/><V66/><F66/><N who="0" m="25706" /><D70/><U63/><REACH who="1" step="1"/><E94/><REACH who="1" ten="220,210,377,183" step="2"/><V8/><F35/><W23/><G62/><AGARI ba="1,1" hai="14,18,21,40,45,51,60,62,63,85,90,93,125,126" machi="62" ten="40,5200,0" yaku="1,1,2,1,52,1,53,0" doraHai="10" doraHaiUra="72" who="1" fromWho="3" sc="220,0,210,65,377,0,183,-55" /><INIT seed="3,0,0,3,5,82" ten="220,275,377,128" oya="3" hai0="126,8,45,135,29,13,99,105,54,32,68,71,16" hai1="124,24,128,10,58,26,132,88,52,107,120,34,131" hai2="36,5,123,40,22,122,73,79,93,23,62,12,111" hai3="98,46,30,127,37,74,72,21,87,20,108,25,2"/><W66/><G2/><T133/><D126/><U80/><E107/><V110/><F62/><W7/><G127/><T78/><D78/><U83/><E120/><N who="2" m="46123" /><F93/><W19/><G7/><T94/><D105/><U60/><E124/><V6/><F79/><W91/><G108/><N who="2" m="41513" /><F73/><W102/><G66/><T75/><D75/><U109/><E132/><N who="0" m="50761" /><D29/><U81/><E109/><V56/><F56/><W4/><G4/><N who="2" m="1641" /><F40/><W97/><G46/><T69/><D32/><U43/><E43/><V18/><F36/><W48/><G48/><N who="0" m="28943" /><D71/><U47/><E47/><V116/><F116/><W119/><G37/><T112/><D112/><U31/><E88/><AGARI ba="0,0" hai="8,13,16,68,69,88,94,99" m="28943,50761" machi="88" ten="30,3900,0" yaku="20,1,54,2" doraHai="82" who="0" fromWho="1" sc="220,39,275,-39,377,0,128,0" /><INIT seed="4,0,0,0,2,105" ten="259,236,377,128" oya="0" hai0="93,132,114,86,37,131,102,116,73,74,6,48,49" hai1="41,53,26,14,127,112,5,92,68,34,108,134,111" hai2="51,35,44,95,15,54,67,21,18,120,23,104,38" hai3="129,113,20,75,119,39,90,28,106,96,70,77,84"/><T72/><D116/><U36/><E68/><V45/><F104/><W80/><G70/><T27/><D37/><U82/><E134/><V59/><F35/><W10/><G39/><T3/><D132/><U76/><E127/><V40/><F120/><W133/><G133/><T47/><D131/><U2/><E2/><V101/><F67/><W81/><G10/><T58/><D114/><U55/><E92/><V91/><F101/><N who="3" m="62759" /><G20/><T4/><D27/><U12/><E112/><V103/><F103/><W124/><G28/><T56/><D3/><U99/><E99/><V118/><F118/><W46/><G46/><T87/><D102/><U30/><E41/><V115/><F115/><W1/><G1/><T123/><D93/><U42/><E42/><V50/><F45/><W9/><G9/><T16/><D47/><U19/><E36/><V107/><F107/><W65/><G65/><T33/><D33/><U128/><E128/><V24/><F24/><W57/><G57/><N who="0" m="22123" /><D16/><U88/><E12/><V43/><F40/><W61/><G61/><T8/><D8/><U29/><E5/><N who="0" m="2153" /><D123/><U52/><E88/><V11/><F38/><W13/><G13/><T121/><D121/><U97/><E97/><AGARI ba="0,0" hai="11,15,18,21,23,43,44,50,51,54,59,91,95,97" machi="97" ten="30,2000,0" yaku="7,1,8,1" doraHai="105" who="2" fromWho="1" sc="259,0,236,-20,377,20,128,0" /><INIT seed="5,0,0,0,5,53" ten="259,216,397,128" oya="1" hai0="56,16,75,72,84,35,87,5,120,100,58,15,103" hai1="122,52,57,119,79,54,28,94,135,64,30,98,24" hai2="17,31,106,55,121,81,7,113,6,117,102,123,2" hai3="124,127,83,4,62,95,69,68,73,115,134,133,129"/><U77/><E119/><V82/><F117/><W37/><G4/><T25/><D5/><U65/><E122/><V99/><F31/><N who="1" m="11817" /><E24/><V41/><F7/><W126/><G95/><T11/><D25/><U91/><E135/><N who="3" m="51722" /><G83/><T101/><D35/><U32/><E32/><V130/><F17/><W13/><G13/><T36/><D36/><U14/><E14/><V92/><F6/><W44/><G73/><T78/><D120/><U1/><E1/><V34/><F2/><W85/><G85/><T22/><D22/><U19/><E19/><V108/><F34/><W33/><G33/><T116/><D116/><U23/><E23/><V88/><F108/><W114/><G129/><T96/><D96/><U39/><E39/><V3/><F3/><W132/><N who="3" m="51730" /><W104/><DORA hai="38" /><G104/><T8/><D78/><N who="1" m="29707" /><E54/><V109/><F55/><W110/><G110/><T76/><D76/><U97/><E98/><V107/><F109/><W86/><G86/><N who="0" m="32811" /><D15/><U43/><E43/><V26/><F41/><N who="3" m="22575" /><G62/><AGARI ba="0,0" hai="52,57,62,64,65,91,94,97" m="29707,11817" machi="62" ten="30,5800,0" yaku="8,1,52,1,54,1" doraHai="53,38" who="1" fromWho="3" sc="259,0,216,58,397,0,128,-58" /><INIT seed="5,1,0,0,4,68" ten="259,274,397,70" oya="1" hai0="99,117,46,106,49,112,5,4,55,52,51,3,30" hai1="128,107,24,12,90,6,8,113,70,43,22,19,29" hai2="42,50,16,56,132,37,134,120,69,1,91,10,75" hai3="28,38,85,15,65,78,82,103,63,20,127,109,93"/><U60/><E107/><V83/><F120/><W77/><G109/><T23/><D117/><U53/><E113/><V47/><F69/><W92/><G127/><T126/><D126/><U13/><E128/><V34/><F34/><W57/><G78/><T121/><D121/><U97/><E70/><V79/><F91/><W118/><G118/><T105/><D112/><U133/><E133/><V119/><F119/><W101/><G92/><T122/><D122/><U100/><E43/><V41/><F42/><W18/><G28/><T125/><D125/><U11/><E100/><V64/><F64/><W59/><G59/><T7/><D3/><U72/><E72/><V40/><F41/><W102/><REACH who="3" step="1"/><G93/><REACH who="3" ten="259,274,397,60" step="2"/><T2/><D2/><U26/><E29/><V48/><F56/><W98/><G98/><T135/><D135/><N who="2" m="51754" /><F16/><W115/><G115/><T124/><D124/><U21/><E19/><V62/><F62/><W27/><G27/><T39/><D99/><U88/><E26/><V54/><F79/><W66/><G66/><T45/><D39/><AGARI ba="1,1" hai="15,18,20,38,39,57,63,65,77,82,85,101,102,103" machi="39" ten="40,5200,0" yaku="1,1,52,2,53,0" doraHai="68" doraHaiUra="89" who="3" fromWho="0" sc="259,-55,274,0,397,0,60,65" /><INIT seed="6,0,0,5,5,53" ten="204,274,397,125" oya="2" hai0="103,102,111,51,10,129,3,15,21,82,126,57,45" hai1="134,18,68,94,35,1,97,87,67,17,114,75,88" hai2="5,11,9,109,93,125,65,46,69,44,28,90,26" hai3="48,113,92,79,121,31,130,89,0,74,32,39,100"/><V95/><F125/><W108/><G48/><T8/><D111/><U25/><E75/><V77/><F77/><W14/><G14/><T118/><D118/><U43/><E1/><V81/><F11/><W78/><G31/><T117/><D117/><U52/><E114/><V20/><F109/><W2/><G2/><T56/><D3/><U70/><E134/><V50/><F69/><W119/><G100/><N who="0" m="38443" /><D129/><U83/><E43/><V132/><F65/><W60/><G60/><T91/><D126/><U116/><E116/><V30/><F30/><W27/><G27/><T112/><D112/><U47/><E18/><V19/><F46/><W106/><G79/><T61/><D61/><U42/><E67/><V66/><F66/><W33/><G78/><T54/><D21/><U96/><E96/><V22/><F90/><W123/><G92/><N who="2" m="35401" /><F81/><W120/><G89/><T64/><D64/><U128/><E128/><V41/><F132/><W62/><G62/><T4/><D8/><U7/><E7/><V133/><F133/><W124/><G121/><T36/><D36/><U85/><E70/><V63/><F63/><W101/><G101/><T38/><D38/><U84/><E68/><V29/><F22/><W6/><G6/><T105/><D105/><U16/><E42/><V37/><F37/><W12/><G12/><AGARI ba="0,0" hai="5,9,12,19,20,26,28,29,41,44,50" m="35401" machi="12" ten="30,1500,0" yaku="8,1" doraHai="53" who="2" fromWho="3" sc="204,0,274,0,397,15,125,-15" /><INIT seed="6,1,0,5,4,0" ten="204,274,412,110" oya="2" hai0="44,51,96,86,120,121,17,97,50,2,130,36,20" hai1="134,30,65,104,99,92,34,90,27,49,35,110,16" hai2="31,1,102,83,113,132,69,19,98,127,21,61,111" hai3="63,26,66,10,70,122,45,62,6,114,84,74,11"/><V89/><F1/><W58/><G122/><T25/><D130/><U18/><E110/><V46/><F111/><W124/><G74/><T119/><D36/><U78/><E134/><V129/><F132/><W80/><G114/><T71/><D71/><U87/><E35/><V105/><F129/><W112/><G112/><T131/><D131/><U41/><E65/><V40/><F113/><W81/><G124/><T72/><D72/><U37/><E37/><V32/><F89/><W28/><G45/><T135/><D135/><U24/><E24/><V54/><F83/><W42/><G42/><T77/><D119/><U7/><E7/><V68/><F31/><W79/><G81/><T52/><D51/><U64/><E64/><V29/><F127/><W55/><REACH who="3" step="1"/><G6/><REACH who="3" ten="204,274,412,100" step="2"/><T53/><D2/><U12/><E41/><V101/><F46/><W3/><G3/><T22/><D53/><U13/><E49/><V85/><F40/><W109/><G109/><T14/><D77/><U82/><E104/><V100/><F54/><W133/><G133/><T106/><D106/><U5/><REACH who="1" step="1"/><E13/><REACH who="1" ten="204,264,412,100" step="2"/><V9/><F105/><W59/><G59/><T38/><D38/><U95/><E95/><V125/><F69/><W128/><G128/><T48/><D121/><U15/><E15/><V43/><F68/><W108/><G108/><T4/><D120/><U115/><E115/><V39/><F43/><W47/><G47/><T91/><D4/><U33/><E33/><AGARI ba="1,2" hai="10,11,26,28,33,55,58,62,63,66,70,79,80,84" machi="33" ten="30,2000,0" yaku="1,1,7,1,53,0" doraHai="0" doraHaiUra="88" who="3" fromWho="1" sc="204,0,264,-23,412,0,100,43" /><INIT seed="7,0,0,3,0,7" ten="204,241,412,143" oya="3" hai0="58,71,107,26,80,76,64,131,9,67,42,103,94" hai1="118,39,89,66,133,132,110,24,54,32,117,99,126" hai2="93,55,17,104,85,129,60,68,50,78,98,96,74" hai3="127,41,105,38,92,40,29,4,44,52,16,124,27"/><W102/><G105/><T46/><D107/><U101/><E110/><V62/><F129/><W100/><G4/><T135/><D135/><N who="1" m="51787" /><E126/><N who="3" m="48170" /><G92/><T109/><D131/><U134/><E134/><V121/><F98/><W130/><G130/><T34/><D109/><U10/><E39/><V95/><F68/><W113/><G113/><T106/><D106/><N who="1" m="63807" /><E10/><V128/><F104/><W116/><G116/><T8/><D71/><U36/><E36/><V73/><F74/><W1/><G1/><T6/><D34/><U122/><E122/><V13/><F73/><W37/><G29/><T63/><D67/><U91/><E66/><V112/><F112/><W88/><G38/><T72/><D6/><U31/><E54/><V83/><F95/><W35/><G35/><T21/><D94/><U56/><E56/><N who="2" m="32887" /><F128/><W23/><G41/><T3/><D103/><N who="3" m="39465" /><G52/><T70/><D3/><U61/><E61/><V57/><F121/><W28/><G28/><T51/><D70/><U20/><E32/><V75/><F62/><W81/><G81/><T87/><D72/><U125/><E125/><V84/><F75/><W47/><G47/><T18/><AGARI ba="0,0" hai="8,9,18,21,26,42,46,51,58,63,64,76,80,87" machi="18" ten="20,8000,1" yaku="0,1,7,1,8,1,52,2" doraHai="7" who="0" fromWho="0" sc="204,80,241,-20,412,-20,143,-40" owari="284,8.0,221,-18.0,392,50.0,103,-40.0" /></mjloggm>