<mjloggm ver="2.3"><GO type="169" lobby="0"/><UN n0="%E3%81%9F%E3%81%8C%E3%81%BF%E5%89%9B" n1="%E3%83%90%E3%83%89%E3%83%A9%E3%83%83%E3%82%AF" n2="%E3%81%84%E3%81%AA%E3%81%97%E3%82%93%E3%80%82" n3="%E3%82%A6%E3%83%AB%E3%83%88%E3%83%A9%E7%AB%8B%E7%9B%B4" dan="16,17,16,17" rate="2062.10,2107.33,2044.04,2185.23" sx="M,M,M,M"/><TAIKYOKU oya="0"/><INIT seed="0,0,0,2,0,57" ten="250,250,250,250" oya="0" hai0="68,100,46,35,90,47,64,52,127,80,4,111,134" hai1="55,99,107,16,101,85,125,74,17,49,91,124,38" hai2="19,45,81,115,31,86,7,2,14,6,106,113,93" hai3="11,70,126,123,73,41,122,54,129,84,87,105,63"/><T131/><D35/><U22/><E38/><V29/><F106/><W51/><G73/><T1/><D127/><N who="1" m="48715" /><E22/><V130/><F93/><W39/><G126/><T59/><D131/><U102/><E102/><V98/><F98/><W76/><G11/><T50/><D134/><U36/><E36/><V33/><F45/><N who="3" m="23743" /><G76/><T13/><D1/><U65/><E65/><V94/><F94/><W62/><G105/><T9/><D100/><U18/><E74/><V32/><F86/><W108/><G129/><T79/><D90/><U61/><E61/><N who="3" m="23050" /><G70/><T25/><D111/><U40/><E91/><V103/><F103/><W88/><G88/><T53/><D68/><U95/><E95/><V110/><F81/><W78/><G78/><T30/><D64/><U112/><E85/><V24/><F110/><W135/><G108/><T117/><D53/><U77/><E77/><V60/><F60/><W92/><G92/><T8/><D117/><U116/><E55/><V3/><F130/><W15/><G135/><T109/><D9/><U132/><E132/><V72/><F72/><W128/><G128/><T26/><D109/><U119/><E119/><V42/><F42/><W71/><G71/><T48/><D79/><U34/><E116/><V75/><F75/><W56/><G15/><T96/><D80/><U43/><E107/><V23/><F2/><W37/><G37/><T89/><D13/><U82/><E101/><V69/><F69/><W21/><G21/><T97/><D89/><U121/><E34/><V20/><F33/><W118/><G118/><T10/><D97/><U104/><E99/><RYUUKYOKU ba="0,0" sc="250,-10,250,-10,250,-10,250,30" hai3="51,54,56,84,87,122,123" /><INIT seed="1,1,0,0,4,33" ten="240,240,240,280" oya="1" hai0="24,10,40,18,15,101,85,53,35,4,103,2,91" hai1="27,86,39,16,20,113,60,65,87,28,82,25,126" hai2="90,131,66,79,134,129,49,48,5,74,34,133,95" hai3="88,93,0,29,84,23,92,1,89,105,81,62,64"/><U42/><E113/><V61/><F34/><W115/><G105/><T12/><D40/><U32/><E126/><V22/><F5/><W47/><G115/><T6/><D6/><U108/><E108/><V14/><F22/><W75/><G47/><T98/><D53/><U119/><E119/><V43/><F14/><W46/><G46/><T63/><D63/><U121/><E121/><V11/><F11/><W50/><G50/><N who="2" m="19561" /><F79/><W76/><G23/><T7/><D7/><U77/><E42/><V30/><F30/><W97/><REACH who="3" step="1"/><G29/><REACH who="3" ten="240,240,240,270" step="2"/><T106/><D35/><U94/><E39/><V96/><F43/><W123/><G123/><T83/><D106/><U120/><E120/><V41/><F41/><W100/><G100/><T13/><D103/><U117/><E117/><V78/><F129/><W99/><G99/><T9/><D101/><U51/><E51/><V44/><F131/><W45/><G45/><T54/><D98/><U110/><E110/><V122/><F44/><W116/><G116/><T124/><D24/><U112/><E112/><V58/><F122/><W102/><G102/><T36/><D36/><U128/><E128/><V130/><F130/><W135/><G135/><T3/><D124/><U26/><E27/><V109/><F109/><W37/><G37/><T8/><D3/><U104/><E104/><V56/><F134/><W31/><G31/><T38/><D38/><U114/><E114/><V52/><F133/><W132/><G132/><T59/><D2/><U19/><E28/><V72/><F78/><W55/><G55/><T71/><D4/><U21/><E32/><RYUUKYOKU ba="1,1" sc="240,-15,240,-15,240,15,270,15" hai2="52,56,58,61,66,72,74,90,95,96" hai3="0,1,62,64,75,76,81,84,88,89,92,93,97" /><INIT seed="2,2,1,4,3,8" ten="225,225,255,285" oya="2" hai0="20,83,56,75,9,97,12,16,7,6,69,127,71" hai1="27,37,128,28,135,133,49,88,53,100,109,33,45" hai2="111,67,134,36,24,80,91,63,99,5,72,79,41" hai3="26,31,125,0,51,70,98,3,54,18,102,43,77"/><V60/><F134/><W124/><G70/><T131/><D127/><N who="3" m="48713" /><G43/><T104/><D131/><U32/><E128/><V17/><F111/><W89/><G89/><T113/><D113/><U86/><E100/><V112/><F112/><W107/><G18/><T68/><D56/><U106/><E106/><V108/><F108/><W105/><G77/><T87/><D75/><U1/><E1/><V21/><F5/><W25/><G107/><T126/><D126/><U66/><E109/><V50/><F36/><W130/><G130/><T110/><D110/><U22/><E37/><V118/><F118/><W129/><G129/><T61/><D61/><U10/><E66/><V48/><F60/><W94/><G94/><T76/><D104/><U101/><E101/><V117/><F117/><W74/><G74/><T4/><REACH who="0" step="1"/><D97/><REACH who="0" ten="215,225,255,285" step="2"/><U82/><REACH who="1" step="1"/><E10/><AGARI ba="2,2" hai="4,6,7,9,10,12,16,20,68,69,71,76,83,87" machi="10" ten="50,12000,2" yaku="1,1,2,1,52,1,54,1,53,3" doraHai="8" doraHaiUra="64" who="0" fromWho="1" sc="215,146,225,-126,255,0,285,0" /><INIT seed="3,0,0,1,0,82" ten="361,99,255,285" oya="3" hai0="97,60,133,112,55,0,8,53,123,17,107,23,98" hai1="6,42,56,130,108,38,68,88,4,58,109,43,113" hai2="104,49,29,54,115,81,86,12,50,121,34,7,93" hai3="39,117,131,79,22,106,70,32,77,64,61,41,100"/><W95/><G117/><T40/><D123/><U96/><E68/><V102/><F115/><W83/><G131/><T132/><D40/><U57/><E130/><V30/><F104/><W74/><G22/><T27/><D112/><U110/><E113/><V134/><F134/><N who="0" m="51818" /><D107/><U87/><E96/><N who="0" m="36969" /><D60/><U45/><REACH who="1" step="1"/><E43/><REACH who="1" ten="361,89,255,285" step="2"/><V124/><F121/><W116/><G70/><T1/><D0/><U90/><E90/><V66/><F102/><W14/><G100/><T19/><D1/><U125/><E125/><V129/><F124/><W20/><G41/><T72/><D72/><U76/><E76/><V52/><F129/><W84/><G79/><T111/><D111/><U80/><AGARI ba="0,1" hai="4,6,38,42,45,56,57,58,80,87,88,108,109,110" machi="80" ten="40,12000,2" yaku="1,1,0,1,14,1,52,1,54,1,53,1" doraHai="82" doraHaiUra="37" who="1" fromWho="1" sc="361,-30,89,130,255,-30,285,-60" /><INIT seed="4,0,0,5,4,127" ten="331,219,225,225" oya="0" hai0="108,36,38,67,84,113,24,13,94,132,57,120,112" hai1="66,18,105,65,46,100,44,28,123,90,70,54,114" hai2="31,40,83,53,25,43,73,16,107,20,101,119,8" hai3="134,51,1,128,7,10,60,104,9,17,69,14,58"/><T96/><D120/><U45/><E123/><V56/><F119/><W117/><G117/><T111/><D84/><U110/><E110/><N who="0" m="42025" /><D24/><U39/><E28/><V131/><F131/><W4/><G134/><T3/><D3/><U115/><E39/><N who="0" m="14889" /><D13/><U63/><E66/><V124/><F124/><W103/><G69/><T118/><D118/><U89/><E54/><V61/><F107/><W19/><G51/><T55/><D67/><U86/><E18/><V87/><F101/><W21/><G128/><T129/><D129/><U79/><E100/><V92/><F92/><W30/><G103/><N who="0" m="60823" /><D132/><U26/><E26/><V76/><F73/><W71/><G104/><T62/><AGARI ba="0,0" hai="55,57,62,112,113" m="60823,14889,42025" machi="62" ten="40,2100,0" yaku="10,1" doraHai="127" who="0" fromWho="0" sc="331,21,219,-7,225,-7,225,-7" /><INIT seed="4,1,0,3,0,77" ten="352,212,218,218" oya="0" hai0="83,76,38,117,57,121,39,123,120,124,111,132,68" hai1="133,33,119,48,18,91,80,66,17,53,88,81,5" hai2="62,21,90,30,135,14,118,72,74,9,85,73,44" hai3="115,3,34,126,16,2,6,26,71,70,28,87,20"/><T92/><D117/><U79/><E33/><V61/><F135/><W131/><G115/><T102/><D68/><U86/><E133/><V54/><F118/><W56/><G131/><T8/><D132/><U100/><E100/><V98/><F98/><W37/><G37/><T46/><D124/><U58/><E119/><V41/><F21/><W50/><G126/><T106/><D106/><U0/><E66/><V13/><F30/><W63/><G50/><T64/><D8/><U40/><E40/><V43/><F14/><W109/><G109/><T60/><D111/><U105/><E105/><V95/><F54/><W97/><G97/><T35/><D35/><U75/><REACH who="1" step="1"/><E91/><REACH who="1" ten="352,202,218,218" step="2"/><V47/><F43/><W112/><G34/><T107/><D107/><U96/><E96/><V101/><F101/><W51/><G112/><T122/><D122/><U1/><E1/><V65/><F65/><W82/><G2/><T116/><D123/><U11/><AGARI ba="1,1" hai="0,5,11,17,18,48,53,58,75,79,80,81,86,88" machi="11" ten="30,12000,2" yaku="1,1,0,1,52,2,54,1,53,1" doraHai="77" doraHaiUra="45" who="1" fromWho="1" sc="352,-61,202,133,218,-31,218,-31" /><INIT seed="5,0,0,0,5,6" ten="291,335,187,187" oya="1" hai0="30,122,96,35,134,102,39,84,130,11,29,133,88" hai1="124,22,119,27,81,106,115,3,57,56,97,5,50" hai2="68,26,52,76,20,60,42,15,7,127,92,47,32" hai3="21,51,2,83,105,110,64,89,55,66,54,77,109"/><U25/><E119/><V53/><F127/><W44/><G105/><T48/><D39/><U123/><E124/><V40/><F32/><W45/><G89/><T98/><D122/><U72/><E27/><V23/><F76/><W38/><G2/><T18/><D130/><U8/><E123/><V58/><F68/><W28/><G21/><T108/><D108/><U4/><E50/><N who="2" m="28767" /><F92/><W14/><G14/><N who="0" m="7519" /><D48/><U46/><E46/><V93/><F93/><W131/><G28/><N who="0" m="10859" /><D35/><U16/><E4/><V0/><F0/><W90/><G51/><T59/><D59/><U104/><E104/><V33/><F33/><W100/><G38/><T19/><D19/><U41/><E41/><N who="2" m="15979" /><F26/><W114/><G131/><T36/><D36/><U65/><E25/><V111/><F111/><W78/><G110/><T79/><D79/><U63/><E3/><V71/><F71/><W73/><G78/><T9/><D9/><AGARI ba="0,0" hai="7,9,15,20,23,53,58,60" m="15979,28767" machi="9" ten="30,3900,0" yaku="8,1,52,1,54,1" doraHai="6" who="2" fromWho="0" sc="291,-39,335,0,187,39,187,0" /><INIT seed="6,0,0,3,3,119" ten="252,335,226,187" oya="2" hai0="111,55,75,13,42,50,14,90,101,32,79,76,99" hai1="97,122,70,86,112,26,92,135,106,72,54,74,33" hai2="130,113,15,6,53,81,94,82,66,134,60,51,123" hai3="132,38,73,125,107,22,10,18,109,5,3,59,116"/><V35/><F123/><W37/><G59/><T20/><D111/><U61/><E112/><V88/><F113/><W124/><G38/><T0/><D32/><U8/><E8/><N who="2" m="4503" /><F35/><W110/><G37/><T47/><D0/><U91/><E122/><V17/><F134/><W102/><G73/><T56/><D75/><U126/><E135/><V83/><F130/><W121/><G102/><T21/><D90/><U29/><E126/><N who="3" m="48746" /><G107/><T16/><D20/><U19/><E19/><V96/><F17/><W84/><G84/><T57/><D13/><U12/><E12/><V41/><F41/><W62/><G62/><T48/><REACH who="0" step="1"/><D57/><REACH who="0" ten="242,335,226,187" step="2"/><U114/><E33/><V63/><F66/><W69/><G132/><T7/><D7/><U40/><E70/><V45/><AGARI ba="0,1" hai="45,51,53,60,63,81,82,83,88,94,96" m="4503" machi="45" ten="30,3000,0" yaku="8,1,54,1" doraHai="119" who="2" fromWho="2" sc="242,-10,335,-10,226,40,187,-10" /><INIT seed="6,1,0,4,4,46" ten="232,325,266,177" oya="2" hai0="99,82,108,111,31,106,21,131,65,95,26,98,115" hai1="112,103,60,61,120,59,133,77,94,16,86,42,132" hai2="68,97,29,28,100,123,80,39,73,24,74,92,129" hai3="2,22,69,88,0,101,71,10,126,124,33,113,51"/><V130/><F123/><W58/><G33/><T127/><D115/><U9/><E112/><V40/><F68/><W3/><G101/><T25/><D131/><N who="2" m="50186" /><F29/><W102/><G102/><T116/><D127/><N who="3" m="48681" /><G113/><T63/><D116/><U36/><E36/><V52/><F39/><W104/><G104/><T85/><D25/><U30/><E30/><V15/><F40/><W62/><G22/><T134/><D106/><U64/><E42/><V76/><F15/><W121/><G121/><T27/><D134/><U109/><E120/><V125/><F125/><W91/><G10/><T56/><D27/><U117/><E117/><V53/><F74/><W41/><G71/><T23/><D23/><AGARI ba="1,0" hai="23,24,28,52,53,73,76,80,92,97,100" m="50186" machi="23" ten="30,2900,0" yaku="19,1,54,1" doraHai="46" who="2" fromWho="0" sc="232,-32,325,0,266,32,177,0" /><INIT seed="6,2,0,1,5,37" ten="200,325,298,177" oya="2" hai0="120,31,33,53,55,134,64,125,69,95,119,7,3" hai1="124,77,73,113,133,72,110,132,65,57,112,12,82" hai2="66,79,78,109,94,135,85,51,118,6,29,17,106" hai3="76,130,28,42,56,48,97,44,70,98,43,86,128"/><V63/><F118/><W129/><G70/><T19/><D120/><U62/><E110/><V16/><F109/><W114/><G28/><T52/><D19/><U40/><E124/><V92/><F106/><W67/><G114/><N who="1" m="44138" /><E12/><V89/><F135/><N who="1" m="51785" /><E40/><N who="3" m="15402" /><G44/><T111/><D111/><U38/><E38/><V20/><F6/><W61/><G48/><T101/><D119/><U122/><E122/><V39/><F39/><W104/><G104/><T54/><D125/><U87/><AGARI ba="2,0" hai="57,62,65,72,73,77,82,87" m="51785,44138" machi="87" ten="30,2000,0" yaku="15,1,20,1" doraHai="37" who="1" fromWho="1" sc="200,-7,325,26,298,-12,177,-7" /><INIT seed="7,0,0,2,5,11" ten="193,351,286,170" oya="3" hai0="52,54,15,59,119,89,124,46,133,37,51,50,33" hai1="135,116,58,123,78,49,132,98,8,106,68,32,72" hai2="55,53,81,28,117,42,79,48,65,16,19,56,94" hai3="77,61,131,10,109,129,69,0,90,107,99,24,105"/><W12/><G0/><T96/><D119/><U18/><E32/><V76/><F117/><W95/><G77/><N who="2" m="29769" /><F81/><W27/><G109/><T121/><D121/><U84/><E123/><V4/><F4/><W134/><G134/><T34/><D37/><U3/><E68/><V83/><F83/><W73/><G73/><T87/><D133/><U9/><E72/><V26/><F65/><N who="3" m="41135" /><G27/><T45/><D96/><U29/><E78/><V36/><F36/><W17/><G24/><T122/><D122/><U114/><E116/><V126/><F126/><W60/><G60/><T39/><D124/><U91/><E3/><V125/><F125/><W2/><G2/><T70/><D70/><U128/><E135/><V30/><F42/><W85/><G99/><T35/><D39/><U20/><E98/><V23/><F30/><W118/><G118/><T25/><D59/><U113/><E29/><V47/><F94/><W127/><G127/><T7/><D25/><U64/><E132/><V75/><F75/><W66/><G66/><T120/><D120/><U130/><E64/><V115/><F115/><W93/><G93/><T40/><D40/><U111/><E106/><V21/><F21/><W31/><G31/><T14/><REACH who="0" step="1"/><D7/><REACH who="0" ten="183,351,286,170" step="2"/><U22/><E114/><V82/><F26/><W43/><G43/><T80/><AGARI ba="0,1" hai="14,15,33,34,35,45,46,50,51,52,54,80,87,89" machi="80" ten="30,12000,2" yaku="1,1,2,1,0,1,9,1,52,2,54,1,53,0" doraHai="11" doraHaiUra="1" who="0" fromWho="0" sc="183,130,351,-30,286,-30,170,-60" owari="313,11.0,321,42.0,256,-14.0,110,-39.0" /></mjloggm>