<mjloggm ver="2.3"><GO type="169" lobby="0"/><UN n0="%E3%83%8B%E3%83%A3%E3%83%83%E3%83%94%E3%83%BC%E5%A4%8F%E7%9B%AE" n1="%E5%8D%9A%E9%BA%97%E3%82%86%E3%81%8B%E3%82%8A" n2="%E3%82%A6%E3%83%AB%E3%83%88%E3%83%A9%E7%AB%8B%E7%9B%B4" n3="%28%C2%B4%E2%80%95%CF%89%E2%80%95%60%29" dan="17,16,17,16" rate="2139.05,2064.23,2157.30,2066.93" sx="M,M,M,M"/><TAIKYOKU oya="0"/><INIT seed="0,0,0,0,1,6" ten="250,250,250,250" oya="0" hai0="67,133,7,41,39,51,8,81,74,40,119,130,98" hai1="24,127,88,29,77,19,90,129,120,91,70,68,93" hai2="116,82,76,99,3,28,0,89,34,128,30,94,131" hai3="83,2,55,123,62,132,1,115,56,54,22,63,109"/><T125/><D119/><U57/><E120/><V66/><F66/><W12/><G115/><T60/><D130/><N who="2" m="49706" /><F116/><W37/><G37/><T75/><D133/><U84/><E129/><V78/><F78/><W53/><G123/><T100/><D125/><U121/><E121/><V104/><F104/><W13/><G109/><T47/><D81/><U15/><E127/><V95/><F95/><W135/><G83/><T45/><D98/><U31/><E57/><V105/><F105/><W113/><G113/><T18/><D18/><U17/><E77/><V49/><F49/><W44/><G44/><T72/><D100/><U124/><E124/><V27/><F30/><W106/><G106/><T61/><REACH who="0" step="1"/><D67/><REACH who="0" ten="240,250,250,250" step="2"/><U35/><E19/><V33/><F33/><W110/><G110/><T36/><D36/><U79/><E35/><V101/><F101/><W114/><G114/><T85/><D85/><AGARI ba="0,1" hai="0,3,27,28,34,76,82,85,89,94,99" m="49706" machi="85" ten="30,1000,0" yaku="19,1" doraHai="6" who="2" fromWho="0" sc="240,-10,250,0,250,20,250,0" /><INIT seed="1,0,0,0,2,104" ten="230,250,270,250" oya="1" hai0="73,54,98,19,108,134,125,2,94,65,63,77,81" hai1="109,103,12,28,97,44,21,92,47,7,10,62,85" hai2="55,66,111,64,70,123,51,31,58,114,33,23,96" hai3="83,110,1,121,17,105,41,16,53,72,27,79,127"/><U37/><E37/><V36/><F33/><W22/><G121/><T24/><D2/><U35/><E35/><V89/><F123/><W107/><G1/><T120/><D120/><U116/><E116/><V26/><F111/><W84/><G110/><T100/><D108/><U50/><E109/><V74/><F114/><W14/><G127/><T86/><D125/><U117/><E117/><V15/><F70/><W119/><G119/><T122/><D122/><U129/><E129/><V3/><F3/><W82/><G41/><T69/><D134/><U42/><E47/><V29/><F74/><W75/><G53/><T45/><D24/><U68/><E85/><V57/><F31/><W11/><REACH who="3" step="1"/><G72/><REACH who="3" ten="230,250,270,240" step="2"/><T59/><D73/><U49/><E50/><V112/><F36/><W20/><G20/><T115/><D115/><U13/><E62/><V113/><F113/><W118/><G118/><T9/><D54/><U80/><E80/><V6/><F112/><W128/><G128/><T48/><D48/><U34/><E34/><V32/><F32/><W126/><G126/><T52/><D52/><U87/><E21/><V39/><F39/><W25/><G25/><T38/><D38/><U124/><E49/><V91/><F55/><W5/><G5/><T61/><D61/><U78/><E7/><V30/><F6/><W93/><G93/><T133/><D133/><U102/><E92/><V135/><F26/><W95/><G95/><T90/><D94/><U67/><E124/><V0/><F51/><W132/><G132/><T8/><D63/><U40/><E42/><V131/><F135/><RYUUKYOKU ba="0,1" sc="230,-10,250,-10,270,-10,240,30" hai3="11,14,16,17,22,27,75,79,82,83,84,105,107" /><INIT seed="2,1,1,3,1,102" ten="220,240,260,270" oya="2" hai0="33,54,62,1,124,75,76,122,98,69,120,99,65" hai1="126,95,59,44,88,16,38,35,14,64,115,25,13" hai2="29,135,90,89,81,15,112,128,41,119,18,96,130" hai3="70,20,66,86,47,5,10,45,23,94,26,11,32"/><V82/><F119/><W107/><G32/><T87/><D1/><U77/><E115/><V104/><F29/><W28/><G70/><T101/><D124/><U118/><E118/><V31/><F31/><W114/><G66/><T21/><D21/><N who="1" m="13479" /><E35/><V0/><F0/><W8/><G114/><T125/><D125/><U93/><E38/><V22/><F112/><W42/><G107/><N who="0" m="63927" /><D87/><N who="1" m="52383" /><E77/><V72/><F135/><W37/><G45/><T121/><D99/><U100/><E44/><V134/><F134/><W132/><G132/><T2/><D2/><U50/><E126/><V108/><F72/><W84/><G5/><T19/><D19/><U56/><E50/><V123/><F104/><W63/><G63/><T58/><D76/><U79/><E79/><V117/><F117/><W36/><G36/><T110/><D75/><U51/><E51/><V80/><F96/><W78/><G78/><T131/><D33/><U3/><E3/><V48/><F48/><W49/><G37/><T55/><D69/><U67/><E67/><V9/><F41/><W111/><G111/><T40/><D40/><U43/><E43/><V105/><F108/><W113/><G113/><T53/><D110/><U83/><E83/><V61/><F105/><W4/><G4/><T97/><D97/><N who="1" m="59455" /><E64/><V39/><F39/><W92/><G23/><T106/><D106/><U7/><E7/><V103/><F103/><W68/><G68/><T71/><D71/><U116/><E116/><V73/><F73/><W12/><G94/><T24/><D120/><U129/><E129/><N who="2" m="49771" /><F123/><N who="0" m="47114" /><D131/><U133/><E133/><V91/><F22/><RYUUKYOKU ba="1,1" sc="220,10,240,10,260,10,270,-30" hai0="24,53,54,55,58,62,65" hai1="13,14,56,59" hai2="9,15,18,61,80,81,82,89,90,91" /><INIT seed="2,2,1,2,5,9" ten="230,250,270,240" oya="2" hai0="42,4,29,23,24,97,54,77,119,36,95,128,89" hai1="67,21,49,13,102,134,6,32,114,38,15,40,64" hai2="57,111,82,117,121,12,33,30,46,62,105,132,59" hai3="52,44,19,34,81,73,133,107,86,135,93,129,16"/><V51/><F117/><W18/><G107/><T91/><D119/><U112/><E38/><V3/><F3/><W10/><G34/><T70/><D70/><U72/><E72/><V48/><F121/><W106/><G106/><T35/><D128/><U28/><E32/><V8/><F105/><W1/><G129/><T118/><D118/><U22/><E134/><N who="3" m="51210" /><G73/><T25/><D77/><U2/><E102/><V124/><F132/><W20/><G93/><T66/><D66/><N who="1" m="25131" /><E2/><V47/><F124/><W96/><G96/><T126/><D126/><U56/><E6/><V123/><F123/><W78/><G10/><T68/><D4/><U71/><E71/><V7/><F111/><W115/><G1/><T27/><D68/><U65/><E112/><V125/><F125/><W87/><G115/><T14/><D42/><U100/><E100/><V83/><F30/><W103/><G103/><T113/><D36/><U5/><E28/><V60/><F33/><W90/><G20/><N who="1" m="7786" /><E5/><V109/><F109/><W61/><G61/><T79/><D113/><U74/><E74/><V11/><F7/><W88/><G87/><T53/><D35/><U94/><E94/><V39/><F39/><W50/><AGARI ba="2,1" hai="16,18,19,44,50,52,78,81,86,88,90" m="51210" machi="50" ten="40,8000,1" yaku="20,1,54,3" doraHai="9" who="3" fromWho="3" sc="230,-22,250,-22,270,-42,240,96" /><INIT seed="3,0,0,3,0,2" ten="208,228,228,336" oya="3" hai0="29,106,43,27,105,16,37,54,3,60,51,89,73" hai1="69,7,61,103,36,30,92,129,5,23,8,31,76" hai2="93,111,97,24,75,117,122,58,72,115,52,18,134" hai3="34,109,26,96,132,6,45,86,10,124,46,39,17"/><W64/><G39/><T53/><D73/><U78/><E36/><V131/><F117/><W12/><G132/><T116/><D3/><U33/><E33/><V84/><F115/><W77/><G124/><T114/><D116/><U66/><E129/><V82/><F131/><W118/><G118/><T49/><D114/><U87/><E8/><V102/><F111/><W57/><G109/><T100/><D60/><U13/><E78/><V4/><F134/><W65/><G96/><T99/><D89/><U22/><E76/><V67/><F67/><N who="3" m="25675" /><G34/><T14/><D106/><U90/><E103/><V123/><F75/><W110/><G57/><T79/><D79/><U62/><E62/><V80/><F72/><W41/><G41/><T42/><D37/><U55/><E55/><V85/><F52/><W11/><G110/><T71/><D71/><U94/><E94/><V35/><F35/><W126/><G126/><T40/><D54/><U91/><E91/><V119/><F119/><W108/><G108/><T28/><D27/><U47/><E47/><V44/><F44/><W74/><G74/><T20/><REACH who="0" step="1"/><D51/><REACH who="0" ten="198,228,228,336" step="2"/><U130/><E130/><V83/><F102/><W81/><G26/><T104/><D104/><U56/><E69/><V68/><F24/><W21/><G21/><N who="1" m="7690" /><E13/><AGARI ba="0,1" hai="6,10,11,12,13,17,45,46,77,81,86" m="25675" machi="13" ten="30,2900,0" yaku="8,1,52,1" doraHai="2" who="3" fromWho="1" sc="198,0,228,-29,228,0,336,39" /><INIT seed="3,1,0,2,2,111" ten="198,199,228,375" oya="3" hai0="135,122,53,21,30,65,82,113,125,131,12,79,106" hai1="38,103,97,52,16,129,40,33,95,86,28,64,2" hai2="109,88,27,62,98,1,96,116,117,93,84,8,70" hai3="102,81,121,133,15,61,120,0,91,118,80,132,72"/><W29/><G0/><T123/><D106/><U13/><E2/><V105/><F109/><W24/><G118/><T36/><D36/><U78/><E129/><V59/><F70/><W127/><G127/><T114/><D131/><U58/><E64/><V34/><F1/><W115/><G102/><T130/><D130/><U101/><E33/><V54/><F8/><W56/><G15/><T128/><D128/><U25/><E25/><V66/><F54/><W10/><G10/><T92/><D125/><U32/><E32/><V49/><F49/><W42/><G42/><T5/><D65/><U50/><E28/><V77/><F98/><W31/><G72/><T83/><D92/><U112/><E112/><N who="0" m="43113" /><D135/><U39/><E40/><V107/><F107/><W35/><G115/><T94/><D94/><U9/><REACH who="1" step="1"/><E101/><REACH who="1" ten="198,189,228,375" step="2"/><V14/><F116/><W41/><G133/><T63/><D30/><U73/><E73/><V76/><F66/><W6/><G132/><T75/><D123/><U87/><E87/><V51/><F84/><W4/><G31/><T119/><D122/><U19/><E19/><V45/><F117/><W74/><G121/><T18/><D119/><U43/><E43/><V90/><F34/><W67/><G120/><T11/><D18/><U89/><E89/><V104/><F88/><W44/><G91/><T124/><D124/><U99/><E99/><V48/><F90/><W37/><G74/><T22/><D82/><AGARI ba="1,1" hai="9,13,16,38,39,50,52,58,78,82,86,95,97,103" machi="82" ten="40,8000,1" yaku="1,1,54,2,53,2" doraHai="111" doraHaiUra="69" who="1" fromWho="0" sc="198,-83,189,93,228,0,375,0" /><INIT seed="4,0,0,2,2,78" ten="115,282,228,375" oya="0" hai0="111,10,121,75,67,122,129,19,55,12,8,31,27" hai1="54,73,86,76,69,113,0,14,104,3,94,45,80" hai2="74,84,37,97,125,92,99,30,79,26,7,62,22" hai3="109,108,83,57,49,127,123,134,65,107,42,87,4"/><T120/><D129/><U1/><E104/><V34/><F37/><W6/><G107/><T106/><D106/><U15/><E69/><V132/><F125/><W114/><G114/><T128/><D128/><U72/><E113/><V33/><F132/><W36/><G127/><T116/><D116/><U131/><E131/><V118/><F118/><W105/><G105/><T35/><D75/><U66/><E66/><V126/><F126/><W59/><G134/><T70/><D55/><U50/><E73/><V133/><F133/><W11/><G123/><T130/><D130/><U17/><REACH who="1" step="1"/><E17/><REACH who="1" ten="115,272,228,375" step="2"/><V81/><F74/><W71/><G65/><T39/><D67/><U5/><E5/><V110/><F7/><W95/><G71/><T58/><D70/><U117/><E117/><V23/><F110/><W51/><G4/><T101/><D111/><U28/><E28/><V68/><F30/><W98/><G6/><T103/><D39/><U61/><E61/><V2/><F62/><W89/><G36/><T77/><D122/><U18/><E18/><V115/><F68/><W43/><G109/><T44/><D121/><U46/><E46/><V40/><F115/><W21/><G108/><T88/><D44/><U47/><E47/><V85/><F2/><W48/><G59/><T124/><D58/><U38/><E38/><V135/><F135/><W93/><G57/><T102/><D120/><U56/><E56/><V90/><F34/><W20/><G48/><T32/><D124/><U119/><E119/><V52/><F33/><N who="0" m="12874" /><D31/><U63/><E63/><V53/><F53/><W16/><G51/><RYUUKYOKU ba="0,1" sc="115,-10,272,30,228,-10,375,-10" hai1="0,1,3,14,15,45,50,54,72,76,80,86,94" /><INIT seed="5,1,1,3,5,117" ten="105,302,218,365" oya="1" hai0="5,45,83,75,6,53,88,91,42,13,46,121,49" hai1="41,122,100,39,119,129,132,12,84,108,65,127,76" hai2="40,47,32,69,131,68,7,96,10,67,23,50,51" hai3="54,37,115,77,36,62,85,31,35,72,98,30,64"/><U118/><E100/><V113/><F32/><W124/><G72/><T94/><D121/><U44/><E12/><V2/><F131/><W89/><G115/><T21/><D75/><U25/><E25/><V95/><F113/><W92/><G124/><T82/><D91/><U73/><E84/><V123/><F123/><W26/><G31/><T8/><D21/><U87/><E87/><V0/><F0/><W4/><G54/><T130/><D5/><U18/><E18/><V56/><F23/><W57/><REACH who="3" step="1"/><G4/><REACH who="3" ten="105,302,218,355" step="2"/><T134/><D130/><U66/><E73/><V55/><REACH who="2" step="1"/><F67/><REACH who="2" ten="105,302,208,355" step="2"/><W128/><G128/><T33/><D33/><U22/><E66/><V79/><F79/><W38/><G38/><T52/><D134/><U104/><E65/><V29/><F29/><W1/><G1/><T103/><D53/><U107/><E76/><V102/><AGARI ba="1,3" hai="2,7,10,40,47,50,51,55,56,68,69,95,96,102" machi="102" ten="20,2700,0" yaku="1,1,0,1,7,1,53,0" doraHai="117" doraHaiUra="14" who="2" fromWho="2" sc="105,-8,302,-14,208,60,355,-8" /><INIT seed="6,0,0,4,0,39" ten="97,288,268,347" oya="2" hai0="30,74,13,49,66,112,122,10,51,72,20,33,56" hai1="53,47,70,37,42,79,87,77,50,90,93,89,23" hai2="100,44,22,19,134,82,85,119,1,109,62,6,102" hai3="38,48,133,92,35,91,96,65,9,28,26,125,41"/><V21/><F119/><W101/><G133/><T34/><D122/><U94/><E70/><V81/><F134/><W7/><G125/><T83/><D112/><U99/><REACH who="1" step="1"/><E23/><REACH who="1" ten="97,278,268,347" step="2"/><V15/><F109/><W69/><G69/><T88/><D20/><U5/><E5/><V105/><F6/><W73/><G7/><T24/><D34/><U71/><E71/><V118/><F118/><W0/><G35/><T113/><D113/><U52/><E52/><V31/><F1/><W4/><G0/><T132/><D132/><U67/><E67/><V121/><F121/><W59/><G65/><T75/><D66/><U45/><AGARI ba="0,1" hai="37,42,45,47,50,53,77,79,87,89,90,93,94,99" machi="45" ten="20,5200,0" yaku="1,1,0,1,7,1,52,1,53,0" doraHai="39" doraHaiUra="106" who="1" fromWho="1" sc="97,-13,278,62,268,-26,347,-13" /><INIT seed="7,0,0,5,0,61" ten="84,340,242,334" oya="3" hai0="102,74,99,2,4,69,45,63,46,132,103,15,101" hai1="36,123,32,22,53,39,48,78,62,68,73,97,26" hai2="111,112,43,93,8,42,59,65,84,113,124,86,107" hai3="120,88,134,130,44,98,14,24,119,35,85,57,16"/><W117/><G120/><T67/><D132/><U81/><E32/><V71/><F107/><W104/><G130/><T72/><D15/><U25/><E123/><V54/><F8/><W127/><G127/><T79/><D103/><U5/><E5/><V82/><F93/><W66/><G134/><T58/><D102/><U105/><E26/><V90/><F82/><W29/><G44/><T6/><D6/><U83/><E83/><V128/><F90/><W41/><G41/><T100/><D100/><U21/><E21/><V135/><F86/><W3/><G98/><T122/><D122/><U75/><E75/><V20/><F84/><W70/><G70/><T92/><D92/><U125/><E97/><V7/><F20/><W33/><G3/><T12/><D12/><U0/><E0/><V108/><F7/><W23/><G33/><T55/><D46/><U1/><E105/><V28/><F28/><W109/><G104/><T76/><D76/><U95/><E125/><V118/><F124/><W52/><G66/><T30/><D30/><N who="1" m="17719" /><E95/><V27/><F135/><W89/><G109/><T9/><D79/><U94/><E94/><V19/><F27/><W114/><G114/><T49/><D69/><U13/><E1/><V116/><F19/><W129/><G129/><T17/><D17/><U60/><E13/><V50/><F128/><W96/><G96/><T40/><D40/><U106/><E106/><V37/><F42/><W10/><G35/><T56/><D45/><N who="1" m="27791" /><E68/><V121/><F43/><W87/><G89/><T91/><D91/><U18/><E18/><V126/><F71/><RYUUKYOKU ba="0,0" sc="84,15,340,15,242,-15,334,-15" hai0="2,4,9,49,55,56,58,63,67,72,74,99,101" hai1="36,39,60,62,73,78,81" owari="99,-40.0,355,45.0,227,-17.0,319,12.0" /></mjloggm>