<mjloggm ver="2.3"><GO type="169" lobby="0"/><UN n0="%68%61%79%61%74%6F%E2%98%86" n1="%E9%BB%92%E7%8C%AB%40%E3%81%BA%E3%82%8D%E3%81%BA%E3%82%8D%E2%98%86" n2="%E3%83%88%E3%83%88%E3%83%AA%E5%85%88%E7%94%9F%31%39%E6%AD%B3" n3="%6F%6E%65%73%74%61%72" dan="18,18,19,17" rate="2220.62,2213.05,2257.35,2164.69" sx="M,F,F,M"/><TAIKYOKU oya="0"/><INIT seed="0,0,0,4,2,92" ten="250,250,250,250" oya="0" hai0="74,48,57,22,108,52,135,30,73,126,54,118,4" hai1="83,93,112,46,133,97,84,77,25,95,78,62,116" hai2="8,33,2,63,121,104,9,58,16,34,10,81,94" hai3="1,131,45,88,11,100,15,80,79,132,76,13,105"/><T21/><D118/><U53/><E116/><V60/><F121/><W61/><G131/><T75/><D126/><U125/><E125/><V129/><F104/><W120/><G132/><T67/><D135/><U101/><E133/><V40/><F129/><W23/><G120/><T64/><D4/><U49/><E112/><V47/><F81/><W65/><G1/><T115/><D115/><U32/><E32/><V127/><F127/><W114/><G45/><T72/><D108/><U82/><E25/><V71/><F71/><W85/><G114/><T5/><D5/><U38/><E38/><V20/><F10/><W31/><G100/><T103/><D103/><U3/><E62/><V89/><F60/><W17/><G105/><T50/><N who="0" m="18432" /><DORA hai="44" /><T35/><D35/><U128/><E3/><V109/><F109/><W27/><REACH who="3" step="1"/><G15/><REACH who="3" ten="250,250,250,240" step="2"/><T110/><D110/><U123/><E123/><V37/><F47/><W102/><G102/><T66/><REACH who="0" step="1"/><D30/><REACH who="0" ten="240,250,250,240" step="2"/><U111/><E111/><V90/><F2/><W12/><G12/><T113/><D113/><U42/><E128/><V0/><F0/><W18/><G18/><T36/><D36/><U19/><E19/><V98/><F16/><W6/><G6/><T14/><D14/><U51/><E101/><V59/><F37/><W86/><G86/><T130/><D130/><U99/><E84/><V122/><F122/><W96/><G96/><T117/><D117/><U106/><E106/><V24/><F98/><W28/><G28/><T87/><D87/><N who="1" m="48591" /><E99/><V43/><F24/><W56/><AGARI ba="0,2" hai="11,13,17,23,27,31,56,61,65,76,79,80,85,88" machi="56" ten="20,12000,2" yaku="1,1,0,1,7,1,8,1,54,1,53,1" doraHai="92,44" doraHaiUra="134,26" who="3" fromWho="3" sc="240,-60,250,-30,250,-30,240,140" /><INIT seed="1,0,0,5,1,112" ten="180,220,220,380" oya="1" hai0="17,37,22,33,18,118,131,75,41,23,100,129,92" hai1="126,8,43,76,51,122,7,97,46,49,45,3,106" hai2="91,121,108,4,93,26,116,109,10,24,84,38,20" hai3="101,85,27,113,19,90,14,69,98,65,68,132,57"/><U117/><E126/><V111/><F121/><W119/><G113/><T125/><D75/><U15/><E122/><V123/><F123/><W16/><G132/><T104/><D104/><U32/><E32/><V114/><F114/><W127/><G127/><T63/><D63/><U96/><E106/><V6/><F38/><W95/><G57/><T28/><D92/><U71/><E71/><V9/><F116/><W61/><G119/><T53/><D53/><U11/><E76/><V36/><F36/><W1/><G1/><T48/><D48/><U47/><E47/><V12/><REACH who="2" step="1"/><F20/><REACH who="2" ten="180,220,210,380" step="2"/><W59/><G27/><T105/><D37/><U52/><REACH who="1" step="1"/><E117/><REACH who="1" ten="180,210,210,380" step="2"/><V54/><F54/><W74/><G69/><T62/><D118/><U40/><E40/><V87/><F87/><W88/><G68/><T83/><D41/><U2/><E2/><AGARI ba="0,2" hai="2,4,6,9,10,12,24,26,84,91,93,108,109,111" machi="2" ten="40,5200,0" yaku="1,1,14,1,53,1" doraHai="112" doraHaiUra="34" who="2" fromWho="1" sc="180,0,210,-52,210,72,380,0" /><INIT seed="2,0,0,4,4,45" ten="180,158,282,380" oya="2" hai0="98,83,124,135,23,61,58,80,73,131,20,127,81" hai1="47,15,64,48,27,38,26,49,101,123,19,57,41" hai2="13,42,36,116,39,125,128,99,100,97,68,29,54" hai3="0,50,75,52,134,3,60,95,112,10,121,63,133"/><V14/><F116/><W56/><G121/><T122/><D73/><U46/><E123/><V1/><F68/><W82/><G95/><T113/><D113/><U111/><E111/><V86/><F1/><N who="3" m="587" /><G10/><T67/><D122/><U94/><E38/><V71/><F71/><W70/><G70/><T87/><D87/><U106/><E106/><V126/><F128/><W107/><G107/><T66/><D131/><U96/><E57/><V90/><F29/><W31/><G31/><T109/><D109/><U6/><E6/><V8/><F54/><W51/><G63/><T72/><D72/><U104/><E104/><N who="2" m="63503" /><F99/><W119/><G119/><T22/><D135/><N who="3" m="51721" /><G112/><T17/><D98/><U132/><E64/><V44/><F39/><W129/><G129/><T9/><D67/><U21/><E132/><V69/><F8/><W24/><G24/><T105/><D105/><U115/><E115/><V103/><F103/><W25/><G25/><T7/><D7/><U16/><E19/><V74/><F69/><W59/><G59/><T114/><D114/><U120/><E120/><V93/><F74/><W91/><G91/><T108/><D108/><U40/><AGARI ba="0,0" hai="15,16,21,26,27,40,41,46,47,48,49,94,96,101" machi="40" ten="20,12000,2" yaku="0,1,7,1,9,1,8,1,52,2,54,1" doraHai="45" who="1" fromWho="1" sc="180,-30,158,120,282,-60,380,-30" /><INIT seed="3,0,0,3,5,30" ten="150,278,222,350" oya="3" hai0="95,27,5,50,93,49,8,32,40,98,10,107,19" hai1="101,44,43,3,82,24,21,70,29,15,123,61,92" hai2="79,120,110,73,35,124,106,131,18,33,63,130,80" hai3="85,37,56,9,111,100,14,6,75,126,74,91,118"/><W65/><G126/><T99/><D19/><U132/><E123/><V69/><F124/><W58/><G118/><T115/><D40/><U81/><E3/><V11/><F120/><W38/><G111/><T45/><D45/><U64/><E132/><V103/><F110/><W22/><G100/><T42/><D42/><U112/><E112/><V41/><F41/><W90/><G75/><T105/><D27/><U34/><E92/><V55/><F18/><W87/><G74/><T4/><REACH who="0" step="1"/><D115/><REACH who="0" ten="140,278,222,350" step="2"/><U109/><E44/><V20/><F131/><W122/><G38/><T113/><D113/><U84/><E43/><V97/><F130/><W67/><G37/><T66/><D66/><U86/><E64/><N who="2" m="41119" /><F55/><W133/><G67/><T1/><D1/><U121/><E121/><V36/><F36/><W89/><G65/><T83/><D83/><U51/><E81/><V78/><F20/><W102/><G122/><T94/><D94/><U76/><E82/><N who="2" m="45391" /><F11/><W13/><G22/><T72/><D72/><AGARI ba="0,1" hai="33,35,72,79,80,97,103,106" m="45391,41119" machi="72" ten="30,7700,0" yaku="33,2,52,2" doraHai="30" who="2" fromWho="0" sc="140,-77,278,0,222,87,350,0" /><INIT seed="4,0,0,3,0,94" ten="63,278,309,350" oya="0" hai0="120,125,101,54,119,133,6,98,9,84,18,123,61" hai1="116,102,76,21,55,108,83,33,103,11,5,58,132" hai2="10,46,50,135,40,13,134,107,75,38,78,112,57" hai3="114,64,72,8,28,37,105,45,85,49,70,48,100"/><T3/><D119/><U1/><E33/><V66/><F112/><W130/><G72/><T124/><D133/><N who="2" m="50698" /><F107/><W17/><G130/><T22/><D84/><U89/><E132/><V73/><F78/><W111/><G28/><T104/><D54/><U90/><E116/><V74/><F66/><W121/><G111/><T99/><D61/><U81/><E108/><V16/><F57/><W127/><G127/><N who="0" m="48715" /><D101/><U44/><E90/><V128/><F128/><W27/><G49/><AGARI ba="0,0" hai="10,13,16,38,40,46,49,50,73,74,75" m="50698" machi="49" ten="40,2600,0" yaku="20,1,54,1" doraHai="94" who="2" fromWho="3" sc="63,0,278,0,309,26,350,-26" /><INIT seed="5,0,0,0,0,108" ten="63,278,335,324" oya="1" hai0="130,35,132,84,62,26,30,96,90,89,129,72,44" hai1="78,16,28,111,81,32,95,82,27,63,115,128,0" hai2="57,42,46,14,98,19,103,12,94,47,5,123,112" hai3="121,80,91,77,106,58,49,38,24,53,73,79,101"/><U41/><E111/><V9/><F123/><W120/><G79/><T67/><D72/><U48/><E128/><V107/><F112/><W135/><G135/><T54/><D132/><U117/><E117/><V21/><F57/><W51/><G38/><T102/><D54/><U116/><E116/><V11/><F107/><W92/><G51/><T125/><D44/><U113/><E0/><V119/><F119/><W50/><G50/><T88/><D125/><U100/><E16/><N who="2" m="8223" /><F42/><W114/><G114/><N who="1" m="43530" /><E63/><V43/><F43/><W10/><G10/><T71/><REACH who="0" step="1"/><D84/><REACH who="0" ten="53,278,335,324" step="2"/><U18/><E41/><V61/><F61/><W75/><G53/><T126/><D126/><U76/><E48/><V15/><AGARI ba="0,1" hai="5,9,14,15,19,21,46,47,94,98,103" m="8223" machi="15" ten="30,2000,0" yaku="8,1,54,1" doraHai="108" who="2" fromWho="2" sc="53,-5,278,-10,335,30,324,-5" /><INIT seed="6,0,0,2,5,63" ten="48,268,365,319" oya="2" hai0="64,44,58,108,0,92,105,117,85,11,49,67,120" hai1="22,112,28,14,70,21,97,33,9,99,50,76,135" hai2="61,100,40,73,66,53,29,133,110,51,122,39,8" hai3="52,26,23,116,59,83,131,128,37,93,113,35,78"/><V91/><F122/><W79/><G116/><T106/><D108/><U101/><E99/><V19/><F110/><W109/><G37/><T115/><D120/><U87/><E135/><V81/><F133/><W18/><G109/><T47/><D58/><U75/><E112/><V34/><F100/><W4/><G113/><T102/><D115/><U46/><E75/><V48/><F53/><W25/><G4/><T111/><D111/><U89/><E76/><V95/><F29/><W124/><G124/><T107/><D117/><U41/><E70/><V80/><F34/><W84/><G79/><T17/><D47/><U30/><E30/><V45/><F8/><W88/><G26/><T36/><D36/><U5/><E28/><V7/><F7/><W118/><G35/><T12/><D0/><U71/><E71/><V43/><F19/><W27/><G27/><T13/><D13/><U134/><E33/><V90/><F90/><W15/><G15/><T72/><D72/><U104/><E134/><V121/><F121/><W31/><G31/><T127/><D127/><U103/><E103/><V62/><F39/><W42/><G42/><T1/><D1/><U20/><E20/><V56/><F40/><W68/><G68/><T132/><D132/><U16/><REACH who="1" step="1"/><E5/><REACH who="1" ten="48,258,365,319" step="2"/><V2/><F73/><W77/><G118/><T126/><D126/><U60/><E60/><V6/><F6/><W3/><G3/><T94/><D85/><U24/><E24/><V32/><F32/><W98/><G78/><T55/><D102/><U82/><AGARI ba="0,1" hai="9,14,16,21,22,41,46,50,82,87,89,97,101,104" machi="82" ten="20,8000,1" yaku="1,1,0,1,7,1,54,1,53,1" doraHai="63" doraHaiUra="10" who="1" fromWho="1" sc="48,-20,258,90,365,-40,319,-20" /><INIT seed="7,0,0,0,5,35" ten="28,348,325,299" oya="3" hai0="64,28,51,21,105,40,69,122,102,104,76,1,93" hai1="0,14,126,58,13,24,5,61,132,79,41,129,130" hai2="45,34,50,92,111,27,128,6,81,52,133,106,22" hai3="123,59,18,7,78,20,30,89,77,15,56,108,118"/><W16/><G123/><T49/><D21/><U124/><E132/><V25/><F111/><W37/><G118/><T10/><D93/><U99/><E0/><V70/><F106/><W91/><G37/><T3/><D76/><N who="3" m="29289" /><G108/><T57/><D57/><N who="3" m="22089" /><G7/><T74/><D102/><U113/><E113/><V94/><F128/><N who="1" m="49257" /><E41/><V116/><F116/><W90/><G15/><N who="1" m="5642" /><E5/><V46/><F70/><W44/><G44/><T31/><D40/><U95/><E24/><AGARI ba="0,0" hai="16,18,20,24,30,89,90,91" m="22089,29289" machi="24" ten="30,2900,0" yaku="8,1,54,1" doraHai="35" who="3" fromWho="1" sc="28,0,348,-29,325,0,299,29" owari="28,-47.0,319,-8.0,325,13.0,328,42.0" /></mjloggm>