<mjloggm ver="2.3"><GO type="169" lobby="0"/><UN n0="%E3%81%9F%E3%81%BE%E3%81%AD%E3%81%8E%E5%89%A3%E5%A3%AB" n1="%55%4E%4B%4F%63%68%61%6E" n2="%E3%82%A6%E3%83%AB%E3%83%88%E3%83%A9%E7%AB%8B%E7%9B%B4" n3="%E3%82%A8%E3%83%83%E3%83%95%E3%82%A7%E3%83%AB%E5%A1%94" dan="16,17,18,17" rate="2179.15,2140.71,2198.65,2155.31" sx="M,M,M,M"/><TAIKYOKU oya="0"/><INIT seed="0,0,0,2,0,130" ten="250,250,250,250" oya="0" hai0="63,12,9,30,97,37,117,26,82,74,55,92,89" hai1="127,28,11,57,123,106,69,114,119,39,14,120,100" hai2="101,87,44,115,32,27,93,132,41,77,67,70,31" hai3="109,50,23,126,95,54,104,62,35,133,111,3,83"/><T103/><D117/><U0/><E69/><V121/><F115/><W5/><G35/><T19/><D37/><U46/><E0/><V71/><F121/><W45/><G104/><T16/><D74/><U20/><E20/><V124/><F124/><W1/><G126/><T107/><D82/><U18/><E28/><V61/><F77/><W102/><G5/><T131/><D131/><U80/><E57/><V135/><F71/><W88/><G83/><T34/><D63/><U86/><E100/><V94/><F87/><W59/><G102/><T52/><REACH who="0" step="1"/><D19/><REACH who="0" ten="240,250,250,250" step="2"/><U6/><E18/><V24/><F93/><W48/><G62/><T108/><D108/><U53/><E119/><V91/><F94/><W116/><G116/><T64/><D64/><U81/><E81/><V134/><F101/><W90/><G111/><T125/><D125/><U84/><E80/><V85/><F91/><W4/><G109/><T60/><D60/><U42/><E127/><V7/><F7/><W112/><G88/><T47/><D47/><U96/><E46/><V36/><F85/><AGARI ba="0,1" hai="9,12,16,26,30,34,52,55,85,89,92,97,103,107" machi="85" ten="30,11600,0" yaku="1,1,7,1,54,2,53,0" doraHai="130" doraHaiUra="68" who="0" fromWho="2" sc="240,126,250,0,250,-116,250,0" /><INIT seed="0,1,0,5,3,39" ten="366,250,134,250" oya="0" hai0="69,47,5,45,43,57,81,89,112,3,116,126,78" hai1="9,48,55,96,49,128,59,87,98,15,94,60,63" hai2="22,37,102,19,44,46,80,13,134,61,95,14,67" hai3="20,41,135,122,52,17,4,11,86,99,101,109,76"/><T85/><D116/><U7/><E128/><V70/><F134/><W23/><G135/><T84/><D69/><U118/><E118/><V125/><F125/><W105/><G109/><T77/><D126/><U12/><E12/><V110/><F110/><W83/><G122/><T28/><D112/><U91/><E49/><V93/><F80/><W108/><G108/><T56/><D28/><U0/><E0/><V30/><F30/><W130/><G130/><T33/><D33/><U127/><E127/><V129/><F129/><W36/><G17/><T104/><D47/><U35/><E35/><V53/><F102/><W82/><G82/><T107/><D104/><U88/><REACH who="1" step="1"/><E98/><REACH who="1" ten="366,240,134,250" step="2"/><V72/><F14/><W117/><G117/><T74/><D3/><U106/><E106/><V31/><F13/><W68/><G105/><T64/><D107/><U132/><E132/><V66/><F37/><W103/><G99/><T62/><D5/><U90/><E90/><V6/><F95/><AGARI ba="1,1" hai="7,9,15,48,55,59,60,63,87,88,91,94,95,96" machi="95" ten="30,7700,0" yaku="1,1,7,1,8,1,54,1,53,0" doraHai="39" doraHaiUra="100" who="1" fromWho="2" sc="366,0,240,90,134,-80,250,0" /><INIT seed="1,0,0,2,2,4" ten="366,330,54,250" oya="1" hai0="58,91,133,32,85,109,59,3,0,66,112,6,81" hai1="47,64,57,27,34,113,135,38,2,50,76,46,5" hai2="126,37,114,74,18,118,121,55,54,90,61,123,36" hai3="102,71,15,12,68,116,20,19,79,97,80,101,45"/><U106/><E113/><V108/><F90/><W127/><G127/><T30/><D112/><U84/><E106/><V94/><F94/><W8/><G116/><T110/><D133/><U26/><E135/><V11/><F18/><W129/><G129/><T70/><D70/><U28/><E38/><V21/><F21/><W51/><G97/><T95/><D81/><U29/><E2/><V69/><F11/><W25/><G15/><T120/><D120/><U130/><E5/><V125/><F74/><W39/><G39/><N who="2" m="14921" /><F118/><W62/><G62/><N who="0" m="38231" /><D59/><U122/><E122/><N who="2" m="46603" /><F114/><W131/><G131/><T93/><D93/><U7/><E7/><V128/><F128/><W63/><G63/><T72/><D72/><U92/><E130/><V60/><F108/><N who="0" m="41578" /><D6/><U100/><E76/><V48/><F61/><W124/><G79/><T119/><D119/><U111/><E111/><V82/><F82/><W31/><G80/><T98/><D98/><U115/><E115/><V107/><F107/><W87/><G87/><T89/><D91/><U14/><E84/><V103/><F103/><W75/><G75/><T40/><D30/><U33/><E29/><V41/><F41/><W52/><G102/><T56/><D40/><U78/><E28/><V88/><F88/><W49/><G101/><T77/><D77/><U65/><E78/><V132/><F132/><W134/><G134/><T73/><D73/><U10/><E100/><V43/><F43/><W117/><G117/><T1/><D32/><U99/><E34/><V24/><F24/><W16/><G31/><T42/><D42/><U13/><E33/><RYUUKYOKU ba="0,0" sc="366,30,330,-10,54,-10,250,-10" hai0="0,1,3,56,85,89,95" /><INIT seed="2,1,0,3,4,64" ten="396,320,44,240" oya="2" hai0="95,105,117,76,62,25,0,31,99,88,100,87,71" hai1="13,80,48,116,30,27,21,55,97,102,78,15,54" hai2="79,58,96,121,9,125,111,72,66,43,7,81,44" hai3="35,129,133,118,26,49,51,119,104,40,67,4,45"/><V53/><F121/><W93/><G104/><T1/><D117/><U46/><E116/><V74/><F125/><W12/><G129/><T77/><D77/><U110/><E110/><V38/><F111/><W39/><G133/><T29/><D29/><U127/><E127/><V131/><F131/><W112/><G112/><T57/><D76/><U11/><E55/><V33/><F33/><W59/><G49/><T75/><D75/><U130/><E11/><V65/><F96/><W115/><G115/><T52/><REACH who="0" step="1"/><D71/><REACH who="0" ten="386,320,44,240" step="2"/><U5/><E130/><V82/><F74/><W17/><G119/><T73/><D73/><U101/><E5/><V50/><REACH who="2" step="1"/><F82/><REACH who="2" ten="386,320,34,240" step="2"/><W47/><G118/><T103/><D103/><U70/><E101/><V68/><F68/><W91/><G35/><AGARI ba="1,2" hai="0,1,25,31,35,52,57,62,87,88,95,99,100,105" machi="35" ten="30,8000,1" yaku="1,1,7,1,54,2,53,1" doraHai="64" doraHaiUra="24" who="0" fromWho="3" sc="386,103,320,0,34,0,240,-83" /><INIT seed="3,0,0,4,2,135" ten="489,320,34,157" oya="3" hai0="46,101,53,57,78,28,122,76,118,130,121,16,25" hai1="59,6,3,94,31,64,45,124,5,105,68,2,112" hai2="81,1,115,44,83,26,38,49,70,58,11,33,102" hai3="4,71,9,54,21,127,96,132,133,79,20,40,87"/><W35/><G35/><T47/><D118/><U34/><E105/><V128/><F70/><W74/><G71/><T63/><D101/><U119/><E68/><V125/><F115/><W134/><G74/><T43/><D130/><U108/><E112/><V92/><F128/><W55/><G40/><T100/><D100/><U37/><E64/><V23/><F33/><W129/><G96/><T65/><D121/><U89/><E59/><V131/><F131/><W15/><G129/><T17/><D122/><U50/><E37/><V56/><F38/><W14/><G79/><N who="0" m="30251" /><D43/><U67/><E67/><V123/><F123/><W106/><G106/><T75/><D75/><U52/><E6/><V114/><F114/><W72/><G72/><T7/><D7/><U95/><E5/><V82/><F11/><W12/><G87/><T85/><D85/><U41/><E41/><V84/><F1/><N who="3" m="143" /><G127/><T110/><D110/><U60/><E124/><V99/><F125/><W111/><G111/><T80/><D80/><U117/><E108/><V116/><F116/><W69/><G69/><T61/><D28/><U93/><E31/><V98/><F84/><W86/><G86/><T62/><D65/><U73/><E73/><V8/><F98/><W104/><G104/><T97/><D97/><U48/><E34/><V126/><F126/><W107/><G107/><T18/><D25/><U24/><E117/><V113/><F113/><W30/><G30/><T120/><D120/><U13/><E119/><V77/><F77/><W103/><G103/><T0/><D0/><U27/><E3/><V29/><F8/><RYUUKYOKU ba="0,0" sc="489,10,320,-30,34,10,157,10" hai0="16,17,18,46,47,53,57,61,62,63" hai2="23,26,29,44,49,56,58,81,82,83,92,99,102" hai3="12,14,15,20,21,54,55,132,133,134" /><INIT seed="3,1,0,1,5,0" ten="499,290,44,167" oya="3" hai0="130,49,19,77,18,47,66,70,43,80,13,26,123" hai1="93,59,36,15,89,55,86,131,54,85,46,28,103" hai2="122,98,27,115,61,44,3,81,10,5,112,12,90" hai3="71,114,96,64,39,116,23,32,56,92,76,120,22"/><W50/><G32/><T2/><D2/><U65/><E131/><V99/><F122/><W72/><G39/><T8/><D130/><U125/><E125/><V84/><F99/><W62/><G120/><T7/><D123/><U35/><E103/><V88/><F27/><W6/><G116/><T4/><D70/><U40/><E65/><V67/><F44/><W75/><G114/><T127/><D66/><U31/><E85/><V135/><F135/><W82/><G75/><T106/><D106/><U107/><E107/><V104/><F3/><W41/><G6/><N who="0" m="2091" /><D127/><U91/><E91/><V101/><REACH who="2" step="1"/><F90/><REACH who="2" ten="499,290,34,167" step="2"/><W51/><G96/><T17/><D26/><U110/><E89/><V57/><AGARI ba="1,1" hai="5,10,12,57,61,67,81,84,88,98,101,104,112,115" machi="57" ten="20,12000,2" yaku="1,1,2,1,0,1,7,1,52,1,54,1,53,0" doraHai="0" doraHaiUra="68" who="2" fromWho="2" sc="499,-31,290,-31,34,133,167,-61" /><INIT seed="4,0,0,4,5,52" ten="468,259,167,106" oya="0" hai0="134,103,85,91,97,82,118,62,41,43,23,61,100" hai1="96,114,95,115,12,38,71,9,3,35,127,67,122" hai2="111,58,120,110,26,21,104,2,5,123,124,27,39" hai3="86,126,45,11,133,7,30,116,18,109,60,106,8"/><T87/><D134/><U47/><E122/><V44/><F104/><W129/><G106/><T119/><D118/><U76/><E127/><V101/><F101/><W83/><G126/><T34/><D34/><U50/><E35/><V22/><F44/><W66/><G129/><T89/><D119/><U1/><E38/><V31/><F58/><W117/><G133/><T28/><D28/><U51/><E76/><V121/><F39/><W70/><G109/><T49/><D23/><U40/><E51/><V25/><F124/><W79/><G30/><T57/><D62/><U15/><E67/><V88/><F88/><W72/><G18/><T77/><D77/><U105/><E71/><V125/><F125/><W131/><G131/><T16/><D16/><N who="1" m="8207" /><E105/><V20/><F31/><W37/><G86/><T98/><D98/><U46/><E46/><V64/><F64/><W56/><G11/><AGARI ba="0,0" hai="2,5,11,20,21,22,25,26,27,110,111,120,121,123" machi="11" ten="50,8000,1" yaku="29,2,34,3" doraHai="52" who="2" fromWho="3" sc="468,0,259,0,167,80,106,-80" /><INIT seed="5,0,0,3,4,83" ten="468,259,247,26" oya="1" hai0="38,104,125,51,107,58,101,81,97,133,18,108,23" hai1="84,78,118,26,99,37,131,5,0,127,103,50,70" hai2="73,132,21,74,80,98,117,76,3,106,85,8,110" hai3="135,59,64,72,45,88,20,11,17,30,6,129,43"/><U60/><E37/><V63/><F110/><W95/><G129/><T2/><D38/><U19/><E118/><V46/><F117/><W109/><G135/><T124/><D2/><U24/><E131/><V10/><F132/><W67/><G72/><T126/><D133/><U91/><E78/><V34/><F34/><W41/><G109/><T92/><D108/><U44/><E127/><V25/><F46/><W121/><G121/><T32/><D32/><U79/><E79/><V89/><F63/><W42/><G30/><T120/><D120/><U75/><E75/><V123/><F123/><W102/><G102/><T94/><D81/><U52/><E19/><V114/><F114/><W57/><G45/><T122/><D122/><U65/><E5/><V105/><F105/><W96/><G11/><T29/><D29/><U4/><E4/><V69/><F69/><W128/><G6/><T54/><D107/><U77/><E77/><V66/><F66/><N who="3" m="25131" /><G128/><T39/><D39/><U82/><E0/><V116/><F116/><W22/><G22/><T90/><D90/><U86/><E86/><V100/><F73/><W28/><G28/><T9/><D9/><U13/><E13/><AGARI ba="0,0" hai="13,17,20,41,42,43,57,59,88,95,96" m="25131" machi="13" ten="30,2000,0" yaku="8,1,54,1" doraHai="83" who="3" fromWho="1" sc="468,0,259,-20,247,0,26,20" /><AGARI ba="0,0" hai="13,18,23,51,54,58,92,94,97,101,104,124,125,126" machi="13" ten="40,1300,0" yaku="18,1" doraHai="83" who="0" fromWho="1" sc="468,13,239,-13,247,0,46,0" /><INIT seed="6,0,0,2,3,31" ten="481,226,247,46" oya="2" hai0="103,19,36,123,133,41,111,119,11,125,67,96,104" hai1="71,53,127,105,37,72,80,90,110,20,23,51,17" hai2="58,113,18,88,99,63,86,92,15,21,70,32,44" hai3="26,35,7,84,135,107,94,57,50,27,112,8,24"/><V129/><F113/><W66/><G107/><T22/><D111/><U109/><E71/><V100/><F129/><W120/><G120/><T14/><D123/><U89/><E37/><V45/><F70/><W39/><G39/><T61/><D125/><U12/><E105/><V85/><F32/><W77/><G112/><T76/><D76/><U2/><E2/><V33/><F33/><W74/><G74/><T1/><D133/><U43/><E43/><V108/><F108/><W95/><G135/><T62/><D119/><U59/><E127/><V56/><F56/><W116/><G35/><T93/><D62/><U5/><E5/><V114/><F114/><W42/><G116/><T0/><D104/><U128/><E128/><V40/><F40/><W55/><G66/><T64/><D64/><U122/><E122/><V126/><F126/><W79/><G42/><T121/><D121/><U81/><E23/><V30/><F30/><W117/><G117/><T25/><D41/><U101/><E101/><V10/><F10/><W102/><G102/><T38/><D36/><U46/><E59/><V13/><F13/><N who="3" m="5279" /><G79/><T16/><D38/><U82/><E72/><V124/><F124/><W134/><G134/><T9/><D9/><U29/><E29/><V52/><F86/><W78/><G78/><T28/><D28/><U115/><E115/><V91/><F91/><N who="1" m="34825" /><E110/><V54/><F54/><W65/><G65/><T69/><AGARI ba="0,0" hai="0,1,11,14,16,19,22,25,61,67,69,93,96,103" machi="69" ten="20,2700,0" yaku="0,1,7,1,54,1" doraHai="31" who="0" fromWho="0" sc="481,27,226,-7,247,-13,46,-7" /><INIT seed="7,0,0,2,2,12" ten="508,219,234,39" oya="3" hai0="41,125,124,89,44,62,13,120,6,130,114,23,72" hai1="27,49,60,134,21,50,112,66,76,128,10,43,65" hai2="109,68,39,20,26,24,63,5,7,74,28,96,110" hai3="55,95,119,135,75,40,101,2,111,118,48,59,98"/><W42/><G2/><T64/><D120/><U116/><E112/><V37/><F74/><W113/><G75/><T33/><D72/><U121/><E121/><V104/><F7/><W87/><G113/><T56/><D33/><U25/><E128/><V70/><F5/><W38/><G135/><T30/><D114/><U46/><E116/><V84/><F84/><W93/><G111/><T14/><D89/><U92/><E134/><V77/><F77/><W91/><REACH who="3" step="1"/><G38/><REACH who="3" ten="508,219,234,29" step="2"/><T88/><D88/><U61/><E76/><V94/><F39/><W105/><G105/><T131/><D30/><U103/><E103/><V106/><F37/><W35/><G35/><T81/><D81/><U34/><E34/><V79/><F28/><W83/><G83/><T132/><D132/><U53/><E92/><V57/><F94/><W67/><G67/><T107/><D107/><U133/><E65/><V45/><F106/><W90/><G90/><T82/><D82/><U17/><E133/><V0/><F104/><W31/><G31/><T102/><D102/><U115/><E115/><V71/><F0/><W18/><G18/><T51/><D6/><U129/><E66/><V1/><F1/><W80/><G80/><T99/><D125/><U69/><E17/><V73/><F73/><W11/><G11/><T127/><D124/><U100/><E10/><V58/><F110/><W19/><G19/><T47/><D127/><U36/><E100/><V122/><F109/><W15/><G15/><T126/><D126/><U22/><E36/><V4/><F4/><W108/><G108/><T117/><D13/><RYUUKYOKU ba="0,1" sc="508,-10,219,-10,234,-10,29,30" hai3="40,42,48,55,59,87,91,93,95,98,101,118,119" /><INIT seed="7,1,1,3,0,20" ten="498,209,224,59" oya="3" hai0="130,102,57,18,61,38,113,55,67,88,132,73,11" hai1="33,89,75,54,27,129,131,99,0,124,60,117,47" hai2="116,53,36,86,69,62,135,45,91,81,50,63,115" hai3="74,16,41,108,118,8,32,121,30,48,84,106,76"/><W110/><G74/><T85/><D73/><U6/><E75/><V24/><F69/><W87/><G106/><T52/><D38/><U59/><E124/><V14/><F36/><W17/><G121/><T94/><D130/><N who="1" m="49675" /><E117/><V133/><F115/><W103/><G103/><T83/><D132/><N who="2" m="50762" /><F24/><N who="3" m="18503" /><G118/><T101/><D113/><U107/><E47/><V112/><F112/><W58/><G8/><T46/><D46/><U21/><E33/><V98/><F116/><W34/><G34/><T7/><D7/><U82/><E6/><V122/><F122/><W39/><G39/><T71/><D71/><U90/><E0/><V95/><F14/><W9/><G9/><T44/><D44/><U56/><E82/><V128/><F128/><W10/><G10/><T66/><D66/><N who="1" m="39175" /><E99/><V51/><F51/><W92/><G92/><T28/><D28/><N who="1" m="17519" /><E107/><V31/><F31/><W3/><G3/><T15/><D102/><AGARI ba="1,1" hai="45,50,53,62,63,81,86,91,95,98,102" m="50762" machi="102" ten="30,1000,0" yaku="20,1" doraHai="20" who="2" fromWho="0" sc="498,-13,209,0,224,23,59,0" owari="485,58.0,209,-19.0,247,5.0,59,-44.0" /></mjloggm>