<mjloggm ver="2.3"><GO type="169" lobby="0"/><UN n0="%E3%81%8B%E3%81%97%E3%81%8B%E3%81%8A" n1="%E9%88%B4%E5%B1%8B%E5%86%85%E4%BA%94%E6%9B%B2" n2="%E3%82%A6%E3%83%AB%E3%83%88%E3%83%A9%E7%AB%8B%E7%9B%B4" n3="%E3%83%A8%E3%82%B3%E3%83%A8%E3%82%B3" dan="17,16,17,16" rate="2207.04,2098.48,2158.13,2095.13" sx="M,M,M,M"/><TAIKYOKU oya="0"/><INIT seed="0,0,0,4,0,93" ten="250,250,250,250" oya="0" hai0="116,65,121,60,127,58,129,57,97,124,17,123,42" hai1="39,88,61,122,13,113,132,69,29,43,47,55,14" hai2="56,134,130,28,78,104,90,50,33,8,9,133,94" hai3="75,4,73,118,105,64,2,70,46,44,107,52,51"/><T36/><D17/><U101/><E122/><N who="0" m="46601" /><D97/><U131/><E113/><V103/><F104/><W72/><G118/><T25/><D25/><U59/><E131/><V102/><F78/><W126/><G126/><N who="0" m="48171" /><D116/><U100/><E132/><N who="2" m="50795" /><F130/><W18/><G18/><T49/><D129/><U82/><E29/><V53/><F28/><W12/><G2/><T89/><D89/><U11/><E13/><V19/><F33/><W30/><G30/><T84/><D84/><U67/><E82/><V108/><F108/><W32/><G32/><T110/><D36/><U98/><E14/><N who="2" m="7623" /><F9/><W71/><G12/><T63/><D110/><U62/><REACH who="1" step="1"/><E11/><REACH who="1" ten="250,240,250,250" step="2"/><V35/><F35/><W112/><G112/><T40/><D49/><U119/><E119/><V92/><F92/><AGARI ba="0,1" hai="39,43,47,55,59,61,62,67,69,88,92,98,100,101" machi="92" ten="40,8000,1" yaku="1,1,52,1,54,1,53,1" doraHai="93" doraHaiUra="85" who="1" fromWho="2" sc="250,0,240,90,250,-80,250,0" /><INIT seed="1,0,0,1,5,121" ten="250,330,170,250" oya="1" hai0="26,65,109,17,41,128,48,42,80,113,35,18,129" hai1="22,124,5,10,28,62,25,1,108,37,126,69,70" hai2="20,4,120,77,3,23,116,104,56,47,100,135,91" hai3="89,8,84,85,40,73,34,115,96,2,39,21,49"/><U82/><E37/><V111/><F116/><W106/><G34/><T33/><D48/><U54/><E82/><V9/><F120/><W78/><G115/><T50/><D50/><U123/><E123/><V43/><F135/><W64/><G64/><T52/><D65/><U134/><E134/><V31/><F56/><W46/><G49/><T55/><D80/><U7/><E7/><V118/><F118/><W67/><G67/><T27/><REACH who="0" step="1"/><D109/><REACH who="0" ten="240,330,170,250" step="2"/><U59/><REACH who="1" step="1"/><E108/><REACH who="1" ten="240,320,170,250" step="2"/><V130/><F111/><W86/><G39/><T88/><D88/><U98/><E98/><V60/><F91/><W102/><G89/><T66/><D66/><U6/><E6/><V15/><F4/><W95/><G96/><T29/><D29/><U110/><E110/><V44/><F31/><W103/><G102/><T92/><D92/><U57/><E57/><V105/><F100/><W19/><G103/><T127/><D127/><AGARI ba="0,2" hai="1,5,10,22,25,28,54,59,62,69,70,124,126,127" machi="127" ten="40,3900,0" yaku="1,1,18,1,53,0" doraHai="121" doraHaiUra="68" who="1" fromWho="0" sc="240,-39,320,59,170,0,250,0" /><INIT seed="1,1,0,1,4,93" ten="201,379,170,250" oya="1" hai0="15,78,83,87,13,26,88,100,34,9,104,32,31" hai1="65,35,52,116,14,37,51,8,73,72,46,114,122" hai2="11,1,44,29,12,30,18,24,61,49,120,133,98" hai3="22,111,33,67,134,91,132,99,56,107,106,36,43"/><U57/><E122/><V124/><F120/><W27/><G33/><T81/><D34/><U126/><E116/><V45/><F124/><W39/><G111/><T115/><D115/><U135/><E114/><V77/><F133/><N who="3" m="51307" /><G67/><T16/><D100/><U25/><E126/><V118/><F118/><W121/><G121/><T130/><D130/><U89/><E135/><V95/><F77/><W59/><G43/><T28/><D28/><U103/><E103/><V129/><F129/><W63/><G39/><T6/><D104/><N who="3" m="39977" /><G36/><T21/><REACH who="0" step="1"/><D78/><REACH who="0" ten="191,379,170,250" step="2"/><U69/><E35/><V84/><F30/><N who="3" m="17783" /><G63/><T82/><AGARI ba="1,1" hai="6,9,13,15,16,21,26,31,32,81,82,83,87,88" machi="82" ten="20,8000,1" yaku="1,1,0,1,7,1,54,2,53,0" doraHai="93" doraHaiUra="60" who="0" fromWho="0" sc="191,93,379,-41,170,-21,250,-21" /><INIT seed="2,0,0,4,0,24" ten="284,338,149,229" oya="2" hai0="103,131,10,115,106,65,14,129,118,75,119,116,101" hai1="49,124,38,77,61,66,20,112,114,82,95,80,27" hai2="58,51,9,89,35,62,47,70,117,83,105,21,48" hai3="113,88,90,130,4,91,23,16,39,76,126,110,8"/><V69/><F35/><W28/><G39/><T44/><D65/><U67/><E124/><V59/><F105/><W1/><G126/><T41/><D75/><U86/><E38/><V125/><F125/><W43/><G110/><T19/><D115/><U100/><E67/><N who="2" m="39391" /><F21/><W135/><G113/><T79/><D79/><U13/><E13/><V122/><F89/><W63/><G130/><N who="0" m="49675" /><D106/><U128/><E128/><V37/><F83/><W92/><G135/><T68/><D68/><N who="2" m="26218" /><F9/><W2/><G1/><T11/><D11/><U56/><E82/><V26/><F26/><W40/><G76/><T46/><D46/><U133/><E133/><V81/><F122/><W72/><G72/><T3/><D3/><U127/><E127/><V98/><F98/><W17/><G92/><T55/><D55/><U73/><E73/><V42/><F117/><W94/><G94/><T36/><AGARI ba="0,0" hai="10,14,19,36,41,44,101,103,116,118,119" m="49675" machi="36" ten="40,2700,0" yaku="12,1,19,1" doraHai="24" who="0" fromWho="0" sc="284,27,338,-7,149,-13,229,-7" /><INIT seed="3,0,0,3,4,68" ten="311,331,136,222" oya="3" hai0="86,75,9,92,6,102,133,50,108,84,64,125,128" hai1="45,47,57,17,98,89,67,103,43,21,56,96,13" hai2="111,16,51,42,88,134,71,73,79,5,28,83,59" hai3="93,44,74,29,113,85,132,135,18,48,130,100,112"/><W61/><G74/><T36/><D75/><U110/><E110/><V62/><F111/><W114/><G29/><T12/><D108/><U81/><E47/><V41/><F134/><N who="3" m="51243" /><G130/><T19/><D133/><U3/><E3/><V94/><F28/><W70/><G18/><T46/><D128/><U10/><E21/><V40/><F5/><W35/><G35/><T63/><D125/><U126/><E126/><V66/><F16/><W60/><G70/><T115/><D115/><U26/><E26/><V15/><F15/><W8/><G8/><T49/><D6/><U131/><E131/><V95/><F95/><W14/><G14/><T39/><D102/><U97/><E103/><V122/><F122/><W120/><G120/><T23/><D23/><U116/><E116/><V78/><F78/><W69/><G69/><T72/><D72/><U117/><E117/><V37/><F71/><W25/><G25/><T27/><D27/><U20/><E10/><V11/><F11/><W53/><G85/><T129/><D129/><U109/><E109/><V82/><F82/><W104/><G104/><T127/><D127/><U87/><REACH who="1" step="1"/><E67/><REACH who="1" ten="311,321,136,222" step="2"/><V2/><F2/><W52/><G53/><T90/><D64/><U107/><E107/><V4/><F4/><W38/><G100/><T119/><D119/><U65/><E65/><V101/><F101/><W99/><G113/><T22/><D22/><U124/><E124/><V77/><F66/><W32/><G114/><T24/><D24/><U1/><E1/><V58/><F42/><W54/><G112/><T34/><D9/><U55/><E55/><RYUUKYOKU ba="0,1" sc="311,-10,321,30,136,-10,222,-10" hai1="13,17,20,43,45,56,57,81,87,89,96,97,98" /><INIT seed="4,1,1,3,3,58" ten="301,351,126,212" oya="0" hai0="54,20,40,96,79,86,23,74,81,4,42,2,15" hai1="127,90,113,48,120,17,102,49,64,44,118,68,94" hai2="73,135,31,91,6,60,70,34,100,85,77,119,41" hai3="71,43,5,110,29,124,132,22,52,83,99,63,87"/><T62/><D2/><U80/><E120/><V53/><F135/><W123/><G132/><T121/><D121/><U111/><E111/><V55/><F119/><W88/><G110/><T1/><D1/><U25/><E118/><V101/><F41/><W115/><G123/><T78/><D74/><U98/><E127/><V75/><F6/><W104/><G124/><T72/><D72/><U112/><E49/><V89/><F85/><W46/><G115/><N who="1" m="44106" /><E25/><V134/><F31/><W109/><G109/><T33/><D33/><U35/><E35/><V8/><F134/><W37/><G5/><T133/><D133/><U95/><E17/><V47/><F34/><W12/><G104/><T116/><D116/><U114/><E80/><V128/><F47/><W59/><G99/><T84/><D96/><U32/><E32/><V28/><F28/><W122/><G122/><T14/><D4/><U38/><E38/><V13/><F128/><W10/><G71/><T39/><D39/><U65/><E68/><V51/><F70/><W56/><G10/><T130/><D54/><N who="1" m="29959" /><E114/><V108/><F108/><W97/><G97/><AGARI ba="1,1" hai="64,65,90,94,95,97,98,102" m="29959,44106" machi="97" ten="30,2000,0" yaku="15,1,11,1" doraHai="58" who="1" fromWho="3" sc="301,0,351,33,126,0,212,-23" /><INIT seed="5,0,0,1,4,118" ten="301,384,126,189" oya="1" hai0="3,40,104,10,97,133,39,130,33,2,72,58,112" hai1="126,90,21,70,77,93,117,7,85,52,100,46,89" hai2="49,19,119,82,60,28,26,55,116,91,95,0,120" hai3="61,128,114,107,103,13,25,113,80,127,102,37,63"/><U43/><E117/><V96/><F0/><W9/><G37/><T36/><D58/><U88/><E126/><V129/><F129/><W66/><G127/><T22/><D22/><U86/><E70/><V24/><F120/><W50/><G128/><T83/><D130/><U29/><E7/><V122/><F122/><W32/><G50/><T73/><D112/><N who="3" m="43113" /><G107/><T59/><D59/><U20/><E100/><N who="3" m="38442" /><G66/><T8/><D97/><U69/><E69/><V121/><F121/><W75/><G75/><N who="0" m="28747" /><D83/><U92/><E90/><V106/><F82/><W109/><G109/><T56/><D56/><U34/><E77/><V12/><F106/><W74/><G80/><T62/><D104/><U27/><REACH who="1" step="1"/><E52/><REACH who="1" ten="301,374,126,189" step="2"/><V14/><F55/><W124/><G124/><T47/><D62/><U48/><AGARI ba="0,1" hai="20,21,27,29,34,43,46,48,85,86,88,89,92,93" machi="48" ten="20,18000,2" yaku="1,1,2,1,0,1,7,1,9,1,54,1,53,0" doraHai="118" doraHaiUra="110" who="1" fromWho="1" sc="301,-60,374,190,126,-60,189,-60" /><INIT seed="5,1,0,4,1,96" ten="241,564,66,129" oya="1" hai0="21,101,115,15,114,53,110,66,2,50,4,90,70" hai1="64,133,117,18,65,75,17,104,12,116,23,63,5" hai2="35,74,42,62,92,73,134,16,125,47,38,71,27" hai3="128,99,14,102,33,80,97,34,41,58,31,118,6"/><U100/><E133/><V94/><F134/><W25/><G118/><T26/><D110/><U56/><E75/><V43/><F125/><W77/><G128/><T11/><D2/><U69/><E5/><V129/><F129/><W132/><G132/><T22/><D90/><U89/><E89/><V81/><F43/><W126/><G126/><T40/><D40/><U108/><E108/><V36/><F36/><W49/><G97/><T55/><D101/><U37/><E37/><V0/><F0/><W84/><G25/><T82/><D82/><U130/><E100/><V72/><F81/><W113/><G31/><T105/><D105/><U78/><E104/><V127/><F127/><W112/><G58/><T28/><D22/><U91/><E78/><V95/><F35/><W57/><G57/><T44/><D55/><U32/><E32/><V7/><F7/><W20/><G20/><T122/><D122/><U29/><E130/><V9/><F27/><W46/><G34/><T8/><D8/><U106/><E29/><V48/><F38/><W124/><G33/><T93/><D93/><U135/><E135/><V3/><F3/><W109/><G109/><T45/><D45/><U30/><E30/><V10/><REACH who="2" step="1"/><F16/><REACH who="2" ten="241,564,56,129" step="2"/><W60/><G124/><T120/><D120/><U24/><E18/><V39/><F39/><W79/><G41/><T76/><D76/><U88/><E117/><V107/><F107/><W1/><G79/><T52/><D26/><U19/><E24/><V98/><F98/><W111/><G1/><T119/><D119/><U13/><E116/><V51/><F51/><RYUUKYOKU ba="1,1" sc="241,-10,564,-10,56,30,129,-10" hai2="9,10,42,47,48,62,71,72,73,74,92,94,95" /><INIT seed="6,2,1,0,2,28" ten="231,554,86,119" oya="2" hai0="101,134,73,50,55,36,17,46,98,114,47,51,58" hai1="63,49,54,109,27,119,12,20,14,89,30,80,78" hai2="39,22,35,29,67,132,105,135,82,116,72,11,133" hai3="7,94,43,45,110,104,95,0,21,65,56,131,121"/><V61/><F116/><W18/><G121/><T100/><D73/><U124/><E109/><V74/><F105/><W106/><G110/><T23/><D114/><U77/><E124/><V129/><F39/><W5/><G131/><T81/><D134/><U117/><E63/><V31/><F129/><W130/><G130/><T102/><D81/><U1/><E1/><V4/><F22/><W40/><G0/><T125/><D125/><U2/><E2/><N who="2" m="407" /><F82/><W123/><G123/><T115/><D115/><U8/><E12/><V37/><F37/><W19/><G56/><T118/><D118/><U127/><E127/><V48/><F48/><W122/><G122/><T6/><D6/><U41/><E41/><V128/><F128/><W107/><G21/><T59/><D36/><U86/><E119/><V83/><F83/><W92/><G65/><T75/><D75/><N who="2" m="28714" /><F35/><W34/><G95/><T53/><D98/><U84/><E84/><V13/><F13/><AGARI ba="2,1" hai="13,17,23,46,47,50,51,53,55,58,59,100,101,102" machi="13" ten="40,2600,0" yaku="9,1,8,1" doraHai="28" who="0" fromWho="2" sc="231,42,554,0,86,-32,119,0" /><INIT seed="7,0,0,3,3,22" ten="273,554,54,119" oya="3" hai0="46,82,28,123,77,18,74,89,3,37,69,49,73" hai1="134,116,45,106,115,109,14,83,64,100,108,60,122" hai2="81,98,99,68,4,67,30,5,125,32,135,102,70" hai3="79,47,90,107,113,105,12,87,21,131,57,78,93"/><W25/><G113/><T33/><D123/><U20/><E83/><V63/><F125/><W95/><G131/><T10/><D69/><U41/><E100/><V19/><F135/><W132/><G132/><T48/><D74/><U86/><E86/><V36/><F36/><W112/><G112/><T97/><D28/><U62/><E106/><V40/><F40/><W120/><G120/><T127/><D33/><U85/><E85/><V117/><F117/><W65/><G107/><T35/><D35/><U27/><E60/><V55/><F70/><W26/><G105/><T119/><D119/><U15/><E134/><V24/><F81/><W104/><G104/><T124/><D89/><U8/><E14/><V94/><F99/><W76/><G47/><T66/><D66/><U38/><E122/><V110/><F110/><W103/><G12/><T111/><D97/><U84/><E84/><V101/><F101/><W72/><G72/><T114/><D111/><U16/><E116/><V130/><F130/><W54/><G65/><T39/><D114/><U2/><E2/><V91/><F102/><W43/><G43/><N who="0" m="22895" /><D39/><U59/><E115/><V92/><F92/><W23/><G103/><T13/><D3/><U11/><E11/><V75/><F75/><W51/><G93/><T80/><D80/><U17/><AGARI ba="0,0" hai="8,15,16,17,20,27,38,41,45,59,62,64,108,109" machi="17" ten="20,5200,0" yaku="0,1,7,1,52,1,54,1" doraHai="22" who="1" fromWho="1" sc="273,-13,554,52,54,-13,119,-26" owari="260,6.0,606,71.0,41,-46.0,93,-31.0" /></mjloggm>