<mjloggm ver="2.3"><GO type="169" lobby="0"/><UN n0="%E7%B5%B6%E5%AF%BE%E4%B8%8D%E5%8F%AF%E4%BE%B5%E9%A0%98%E5%9F%9F" n1="%E5%B0%B1%E6%B4%BB%E7%94%9F%40%E5%B7%9D%E6%9D%91%E8%BB%8D%E5%9B%A3" n2="%E3%83%A2%E3%82%B1%E3%83%BC%E3%83%AC%E3%83%A0%E3%83%99%E3%83%B3%E3%83%99" n3="%E3%81%90%E3%81%BF%E3%82%83%E3%81%99" dan="16,17,16,16" rate="2130.20,2183.32,2058.32,2060.94" sx="M,M,F,M"/><TAIKYOKU oya="0"/><INIT seed="0,0,0,2,0,47" ten="250,250,250,250" oya="0" hai0="73,23,100,14,3,84,80,53,91,50,110,132,20" hai1="55,134,78,124,120,104,113,125,101,130,42,129,119" hai2="65,37,62,5,108,46,7,6,12,48,52,15,71" hai3="75,38,56,88,39,26,74,0,34,9,11,69,33"/><T76/><D3/><U135/><E42/><V93/><F108/><W16/><G69/><T107/><D110/><U98/><E119/><V131/><F131/><N who="1" m="50185" /><E120/><V123/><F123/><W103/><G103/><T36/><D36/><U114/><E55/><V40/><REACH who="2" step="1"/><F93/><REACH who="2" ten="250,250,240,250" step="2"/><W99/><G74/><T64/><D132/><N who="1" m="50731" /><E78/><V54/><F54/><W13/><G75/><T49/><D53/><U68/><E68/><V102/><F102/><W8/><G0/><T97/><D64/><U133/><E133/><V105/><F105/><W25/><G39/><T43/><D43/><U67/><E67/><V128/><F128/><W41/><G38/><T30/><D73/><U115/><AGARI ba="0,1" hai="98,101,104,113,114,115,124,125" m="50731,50185" machi="115" ten="40,16000,3" yaku="30,2,11,1,19,1,20,1,23,1,34,2" doraHai="47" who="1" fromWho="1" sc="250,-80,250,170,240,-40,250,-40" /><INIT seed="1,0,0,1,2,109" ten="170,420,200,210" oya="1" hai0="121,37,101,135,84,10,36,96,6,42,41,131,35" hai1="119,90,56,111,106,118,25,13,66,11,31,16,52" hai2="100,27,61,103,72,104,5,78,26,30,46,102,107" hai3="79,54,29,80,113,22,12,93,49,82,71,89,38"/><U125/><E106/><V126/><F126/><W53/><G38/><T133/><D35/><U64/><E125/><V85/><F72/><W40/><G71/><T2/><D121/><U39/><E39/><V57/><F5/><W86/><G113/><T21/><D41/><U1/><E1/><V24/><F30/><W114/><G114/><T34/><D131/><U132/><E132/><N who="0" m="50761" /><D34/><U7/><E111/><V70/><F70/><W4/><G80/><T120/><D42/><U55/><E7/><V58/><F46/><W83/><G83/><T17/><D84/><U91/><E118/><V20/><F20/><W47/><G29/><T73/><D73/><U108/><E108/><V48/><F48/><W32/><G32/><T134/><D120/><U28/><E119/><V62/><F85/><N who="3" m="50359" /><G22/><T44/><D44/><U77/><E77/><V98/><F78/><W95/><G79/><T122/><D122/><U51/><E55/><N who="3" m="21002" /><G86/><T3/><D2/><U59/><E59/><N who="2" m="22539" /><F98/><W81/><G81/><T33/><D33/><U63/><E63/><AGARI ba="0,0" hai="24,26,27,61,62,63,100,102,103,104,107" m="22539" machi="63" ten="40,2600,0" yaku="28,2" doraHai="109" who="2" fromWho="1" sc="170,0,420,-26,200,26,210,0" /><INIT seed="2,0,0,3,0,122" ten="170,394,226,210" oya="2" hai0="104,22,129,98,30,1,108,70,35,40,77,106,27" hai1="49,91,48,132,127,6,47,130,114,18,37,19,64" hai2="8,90,120,36,109,123,38,13,121,73,2,79,125" hai3="10,44,28,128,133,99,131,41,9,58,92,84,43"/><V20/><F125/><W134/><G84/><T51/><D129/><N who="3" m="49737" /><G28/><T31/><D77/><U93/><E114/><V67/><F67/><W4/><G58/><T5/><D31/><U102/><E102/><V83/><F90/><N who="3" m="55703" /><G10/><T46/><D70/><U112/><E112/><V103/><F103/><W14/><G43/><T107/><D1/><U3/><E64/><V96/><F96/><W105/><G105/><T26/><D5/><U24/><E37/><AGARI ba="0,0" hai="4,9,14,37,41,44,133,134" m="55703,49737" machi="37" ten="30,1000,0" yaku="19,1" doraHai="122" who="3" fromWho="1" sc="170,0,394,-10,226,0,210,10" /><INIT seed="3,0,0,1,2,14" ten="170,384,226,220" oya="3" hai0="64,101,81,62,43,45,108,109,79,37,48,93,66" hai1="102,46,35,3,19,38,96,51,39,118,6,23,116" hai2="134,56,124,119,31,28,8,58,132,63,69,91,25" hai3="110,75,107,82,86,80,74,83,36,112,70,47,17"/><W54/><G70/><T22/><D37/><U16/><E35/><V135/><F124/><W20/><G112/><T123/><D123/><U7/><E38/><V77/><F119/><N who="1" m="45609" /><E39/><V130/><F130/><W29/><G29/><T87/><D22/><U1/><E23/><V103/><F77/><W13/><G107/><T89/><D101/><U11/><E6/><V104/><F91/><W126/><G126/><T9/><D9/><U129/><E3/><V71/><F8/><W33/><G33/><T57/><REACH who="0" step="1"/><D66/><REACH who="0" ten="160,384,226,220" step="2"/><U12/><E129/><V40/><F103/><W113/><G113/><T78/><D78/><U84/><E1/><V41/><F104/><W97/><G36/><T44/><D44/><U32/><E32/><V15/><F135/><W76/><G20/><T59/><D59/><U117/><E117/><V100/><F100/><W18/><G76/><T115/><D115/><U90/><E102/><V26/><F63/><W65/><G65/><T98/><AGARI ba="0,1" hai="43,45,48,57,62,64,79,81,87,89,93,98,108,109" machi="98" ten="30,2000,0" yaku="1,1,0,1,53,0" doraHai="14" doraHaiUra="0" who="0" fromWho="0" sc="160,30,384,-5,226,-5,220,-10" /><INIT seed="4,0,0,0,3,103" ten="190,379,221,210" oya="0" hai0="104,88,76,44,0,31,22,42,27,77,30,1,6" hai1="53,74,29,97,60,102,98,57,13,15,115,23,122" hai2="52,84,36,16,17,90,7,99,59,109,3,14,79" hai3="86,35,91,126,80,64,66,93,8,100,132,4,110"/><T81/><D104/><U87/><E74/><V129/><F36/><W131/><G110/><T49/><D31/><U41/><E122/><V75/><F75/><W124/><G35/><T39/><D39/><U28/><E115/><V21/><F109/><W58/><G132/><T125/><D125/><N who="3" m="48233" /><G58/><T127/><D127/><U111/><E111/><V54/><F129/><W67/><G131/><T113/><D113/><U69/><E69/><V63/><F3/><N who="3" m="31" /><G100/><T108/><D108/><U61/><E41/><V40/><F40/><W46/><G46/><T92/><D6/><U118/><E118/><V12/><F7/><W43/><G43/><T34/><D34/><U9/><E61/><V130/><F130/><W116/><G116/><T55/><D42/><U107/><E97/><V5/><F5/><W62/><G62/><T24/><D24/><U33/><E33/><V32/><F32/><W18/><G18/><T78/><REACH who="0" step="1"/><D81/><AGARI ba="0,0" hai="64,66,67,80,81,86,91,93" m="31,48233" machi="81" ten="30,1000,0" yaku="18,1" doraHai="103" who="3" fromWho="0" sc="190,-10,379,0,221,0,210,10" /><INIT seed="5,0,0,1,1,119" ten="180,379,221,220" oya="1" hai0="121,9,106,35,84,44,122,12,112,117,41,118,94" hai1="19,43,115,58,85,4,31,62,50,11,3,95,61" hai2="54,113,48,75,86,63,125,69,107,87,42,72,128" hai3="74,130,57,7,23,91,52,135,70,102,39,64,38"/><U103/><E115/><V108/><F107/><W5/><G74/><T29/><D106/><U97/><E31/><V132/><F42/><W109/><G109/><T133/><D112/><U92/><E19/><V60/><F113/><W36/><G102/><T22/><D35/><U15/><E3/><V78/><F78/><W40/><G40/><T46/><D29/><U8/><E8/><V25/><F69/><W27/><G70/><T89/><D22/><U34/><E34/><V66/><F66/><W33/><G64/><T45/><D41/><U124/><E124/><V73/><F108/><W71/><G71/><T13/><D133/><U81/><E92/><V82/><F25/><W17/><G135/><T111/><D13/><U96/><E97/><V67/><F87/><W20/><G33/><T65/><D65/><U120/><E120/><N who="0" m="46185" /><D111/><U51/><E51/><V126/><F67/><W105/><G105/><T80/><D94/><U0/><E0/><V100/><F132/><W101/><G20/><T123/><N who="0" m="46193" /><T79/><DORA hai="21" /><D79/><N who="1" m="46271" /><E43/><V114/><F114/><W83/><G38/><T104/><D104/><U18/><E4/><AGARI ba="0,0" hai="4,9,12,44,45,46,80,84,89,117,118" m="46193" machi="4" ten="40,8000,1" yaku="13,1,52,4" doraHai="119,21" who="0" fromWho="1" sc="180,80,379,-80,221,0,220,0" /><INIT seed="6,0,0,2,4,58" ten="260,299,221,220" oya="2" hai0="42,64,118,63,83,99,60,111,54,95,66,94,78" hai1="89,121,124,61,82,53,116,7,107,6,102,49,46" hai2="72,69,26,16,122,41,128,31,106,51,36,79,67" hai3="113,86,48,117,133,4,80,127,34,75,115,125,52"/><V132/><F122/><W91/><G34/><T5/><D111/><U38/><E116/><V74/><F128/><W21/><G117/><T24/><D118/><U50/><E38/><V71/><F51/><W93/><G4/><T97/><D42/><U85/><E124/><N who="3" m="47690" /><G21/><T35/><D5/><N who="1" m="1547" /><E107/><V23/><F132/><W81/><G133/><T104/><D35/><U92/><E121/><V18/><F106/><W11/><G11/><T105/><D24/><U73/><E73/><V90/><F90/><W19/><G19/><T98/><D54/><U28/><E28/><V84/><F18/><W8/><G8/><T37/><D37/><U112/><E112/><N who="3" m="43082" /><G75/><T33/><D33/><U22/><E22/><V108/><F74/><W10/><G10/><T62/><D83/><U120/><E120/><V15/><F72/><W109/><G109/><T2/><D78/><U39/><E39/><V12/><F108/><W123/><G123/><T47/><D2/><U55/><E102/><V76/><F31/><W0/><G0/><T56/><D104/><U87/><E87/><V129/><F36/><W134/><G134/><T119/><D105/><U65/><E82/><V44/><F26/><W88/><G91/><T25/><D25/><U29/><E29/><V9/><F9/><W32/><G32/><T131/><D119/><U27/><E27/><V126/><F126/><W130/><G130/><T96/><D131/><U59/><E49/><V101/><F129/><W114/><N who="3" m="43090" /><W43/><DORA hai="103" /><G43/><AGARI ba="0,0" hai="43,46,50,53,55,59,61,65,85,89,92" m="1547" machi="43" ten="30,2000,0" yaku="8,1,52,1" doraHai="58,103" who="1" fromWho="3" sc="260,0,299,20,221,0,220,-20" /><INIT seed="7,0,0,3,3,126" ten="260,319,221,200" oya="3" hai0="79,105,13,55,81,132,54,12,118,4,28,43,14" hai1="7,24,66,114,23,122,107,119,128,39,29,2,32" hai2="20,106,84,64,112,5,1,56,120,62,58,11,49" hai3="46,27,67,80,111,47,42,98,69,129,96,123,33"/><W18/><G123/><T41/><D105/><U65/><E128/><V130/><F112/><W60/><G111/><T6/><D118/><U0/><E122/><V74/><F74/><W90/><G129/><T71/><D71/><U92/><E107/><V133/><F130/><W38/><G47/><T116/><D132/><U104/><E104/><V102/><F120/><W103/><G103/><T125/><D125/><U63/><E39/><V9/><F133/><W50/><G38/><T37/><D116/><U25/><E119/><V88/><F11/><W100/><G100/><T124/><D28/><U115/><E92/><V113/><F113/><N who="1" m="43017" /><E7/><N who="0" m="2601" /><D124/><U70/><E65/><V117/><F117/><W53/><G53/><N who="0" m="19979" /><D37/><U93/><E93/><V131/><F131/><W94/><G80/><T16/><D79/><U21/><E32/><V44/><F20/><W61/><G61/><T99/><D99/><U34/><E34/><V8/><F8/><W45/><G45/><T87/><D87/><U59/><E70/><V73/><F73/><W31/><REACH who="3" step="1"/><G18/><AGARI ba="0,0" hai="0,2,18,21,23,24,25,29,59,63,66" m="43017" machi="18" ten="30,1000,0" yaku="15,1" doraHai="126" who="1" fromWho="3" sc="260,0,319,10,221,0,200,-10" owari="260,6.0,329,43.0,221,-18.0,190,-31.0" /></mjloggm>