<mjloggm ver="2.3"><GO type="169" lobby="0"/><UN n0="%E5%B0%B1%E6%B4%BB%E7%94%9F%40%E5%B7%9D%E6%9D%91%E8%BB%8D%E5%9B%A3" n1="%E8%A5%BF%E5%9C%92%E5%AF%BA%E9%9D%96%E5%AD%90" n2="%6D%61%74%69%6F%73%61%6E" n3="%E3%81%8F%E3%82%8B%E3%82%8B" dan="17,16,17,17" rate="2173.69,2154.78,2167.62,2106.58" sx="M,F,M,M"/><TAIKYOKU oya="0"/><INIT seed="0,0,0,0,4,33" ten="250,250,250,250" oya="0" hai0="113,50,22,103,4,101,57,100,42,44,28,120,2" hai1="131,78,62,6,111,114,85,87,116,20,14,93,65" hai2="59,97,55,11,23,107,130,112,75,47,29,41,68" hai3="73,52,15,8,125,0,92,16,21,81,124,32,80"/><T49/><D120/><U118/><E111/><V79/><F68/><W71/><G71/><T12/><D113/><U117/><E114/><V77/><F75/><W108/><G108/><T104/><D104/><U134/><E131/><V69/><F69/><W90/><G32/><T70/><D70/><U30/><E134/><V98/><F112/><W64/><G64/><T128/><D128/><U82/><E62/><V84/><F11/><W133/><G133/><T129/><D129/><U127/><E65/><V91/><F29/><W18/><G73/><T106/><D106/><U122/><E122/><V3/><F23/><W35/><G35/><T74/><D74/><U94/><E127/><N who="3" m="48714" /><G52/><T132/><D132/><U13/><E30/><V5/><F5/><N who="3" m="1063" /><G18/><T58/><D49/><U63/><E63/><V66/><F66/><W54/><G54/><T27/><REACH who="0" step="1"/><D12/><REACH who="0" ten="240,250,250,250" step="2"/><U1/><E14/><V119/><F107/><W19/><G19/><T31/><D31/><U38/><E13/><V24/><F130/><W51/><G51/><T88/><D88/><U40/><E116/><V53/><F91/><W34/><G34/><T83/><D83/><U99/><E82/><V115/><F119/><W86/><AGARI ba="0,1" hai="15,16,21,80,81,86,90,92" m="1063,48714" machi="86" ten="30,4000,0" yaku="18,1,52,1,54,1" doraHai="33" who="3" fromWho="3" sc="240,-20,250,-10,250,-10,250,50" /><INIT seed="1,0,0,4,2,98" ten="220,240,240,300" oya="1" hai0="47,135,117,118,102,124,95,99,79,59,53,54,89" hai1="37,132,3,122,69,107,44,14,66,125,19,38,105" hai2="85,114,76,11,101,96,80,39,120,121,123,93,30" hai3="6,75,127,61,27,34,83,104,94,84,4,115,91"/><U90/><E122/><V50/><F39/><W103/><G115/><T88/><D135/><U23/><E3/><V56/><F30/><W70/><G127/><T71/><D71/><U74/><E74/><V67/><F114/><W68/><G70/><T32/><D32/><U36/><E132/><V52/><F67/><N who="3" m="41071" /><G27/><T113/><D113/><U21/><E125/><V17/><F17/><W51/><G51/><T77/><D124/><U109/><E109/><V15/><F15/><W22/><G22/><T57/><D47/><U112/><E112/><V16/><F16/><W129/><G129/><T8/><D8/><U131/><E131/><V43/><F43/><W100/><G34/><T48/><D117/><U78/><E78/><N who="0" m="29705" /><D118/><U33/><E33/><V10/><AGARI ba="0,0" hai="10,11,50,52,56,76,80,85,93,96,101,120,121,123" machi="10" ten="40,5200,0" yaku="0,1,52,1,54,1" doraHai="98" who="2" fromWho="2" sc="220,-13,240,-26,240,52,300,-13" /><INIT seed="2,0,0,3,1,123" ten="207,214,292,287" oya="2" hai0="120,108,118,7,48,121,122,17,24,16,72,80,78" hai1="49,81,127,89,105,74,54,23,91,75,95,10,35" hai2="37,47,125,86,110,109,29,32,98,56,27,66,8" hai3="26,82,68,133,5,45,67,1,65,135,57,15,44"/><V2/><F125/><W107/><G1/><T12/><D118/><U84/><E35/><V85/><F98/><W59/><G107/><T39/><D39/><U9/><E105/><V52/><F66/><W36/><G26/><T90/><D108/><N who="2" m="41578" /><F37/><W73/><G36/><T4/><D90/><U11/><E127/><V132/><F132/><W33/><G133/><T71/><D71/><U131/><E131/><V102/><F102/><W112/><G65/><T34/><D48/><U38/><E23/><V46/><F2/><W61/><G67/><T64/><D64/><U51/><E38/><V104/><F104/><W111/><G68/><T43/><D43/><U126/><E126/><V115/><F115/><W55/><G112/><T42/><D42/><U18/><E18/><V14/><F47/><W96/><G45/><T119/><D119/><U116/><E116/><V114/><F46/><W124/><G44/><T113/><D113/><U129/><E129/><V6/><F114/><W117/><G117/><T30/><REACH who="0" step="1"/><D17/><REACH who="0" ten="197,214,292,287" step="2"/><U62/><E54/><V76/><F76/><N who="3" m="44303" /><G111/><T22/><AGARI ba="0,1" hai="4,7,12,16,22,24,30,34,72,78,80,120,121,122" machi="22" ten="30,7900,0" yaku="1,1,0,1,54,1,53,1" doraHai="123" doraHaiUra="13" who="0" fromWho="0" sc="197,89,214,-20,292,-39,287,-20" /><INIT seed="3,0,0,5,0,74" ten="286,194,253,267" oya="3" hai0="99,85,116,72,20,111,83,27,90,4,75,43,40" hai1="94,88,93,84,57,95,96,134,14,30,6,76,2" hai2="62,104,35,49,25,15,68,10,50,117,0,36,100" hai3="114,133,7,129,118,98,45,54,92,17,132,38,87"/><W81/><G118/><T108/><D4/><U46/><E2/><V53/><F36/><W121/><G114/><T135/><D116/><U18/><E134/><N who="3" m="51818" /><G121/><T82/><D135/><U48/><E6/><V78/><F0/><W66/><G66/><T32/><D32/><U122/><E122/><V21/><F117/><W51/><G7/><T5/><D5/><U56/><E30/><V89/><F35/><W110/><G110/><N who="0" m="42027" /><D99/><U77/><E96/><V101/><F68/><W12/><G129/><T29/><D75/><U23/><E57/><V120/><F62/><W105/><G105/><T107/><D107/><U55/><E46/><V91/><F49/><W69/><G38/><T24/><D24/><U119/><E119/><V64/><F64/><W52/><G69/><T22/><D22/><U79/><AGARI ba="0,0" hai="14,18,23,48,55,56,76,77,79,84,88,93,94,95" machi="79" ten="30,16000,3" yaku="0,1,25,2,8,1,52,3,54,1" doraHai="74" who="1" fromWho="1" sc="286,-40,194,160,253,-40,267,-80" /><INIT seed="4,0,0,5,4,46" ten="246,354,213,187" oya="0" hai0="92,130,135,101,99,43,7,36,105,71,110,117,6" hai1="35,118,111,57,65,59,61,112,60,8,66,109,10" hai2="4,25,68,113,114,37,15,48,134,38,82,64,77" hai3="24,50,56,51,100,73,18,104,54,121,94,45,1"/><T108/><D71/><U91/><E91/><V103/><F103/><W53/><G1/><T124/><D117/><U34/><REACH who="1" step="1"/><E112/><REACH who="1" ten="246,344,213,187" step="2"/><V96/><F114/><W107/><G121/><T9/><D110/><U129/><E129/><V79/><F113/><W95/><G73/><T84/><D130/><U22/><E22/><V27/><F79/><W17/><G104/><T106/><D108/><U133/><E133/><V70/><F134/><W47/><G107/><T31/><D135/><U83/><E83/><V19/><F82/><W98/><G95/><T102/><D106/><U90/><E90/><V29/><F77/><W115/><G115/><T75/><D105/><U80/><E80/><V14/><F96/><W87/><G87/><T44/><D84/><U11/><E11/><V72/><F72/><W16/><REACH who="3" step="1"/><G56/><REACH who="3" ten="246,344,213,177" step="2"/><T116/><D75/><U131/><E131/><V49/><F68/><W62/><G62/><T67/><D102/><U119/><AGARI ba="0,2" hai="8,10,34,35,57,59,60,61,65,66,109,111,118,119" machi="119" ten="25,6400,0" yaku="1,1,0,1,22,2,53,0" doraHai="46" doraHaiUra="33" who="1" fromWho="1" sc="246,-32,344,84,213,-16,177,-16" /><INIT seed="5,0,0,0,5,76" ten="214,428,197,161" oya="1" hai0="82,61,15,1,88,31,75,56,83,97,86,52,121" hai1="35,102,99,28,46,67,130,10,65,122,41,115,123" hai2="71,4,69,119,50,100,25,132,20,133,104,38,44" hai3="85,62,5,84,32,95,49,110,55,30,93,23,34"/><U78/><E115/><V74/><F38/><W118/><G110/><T96/><D1/><U66/><E130/><V24/><F119/><W17/><G118/><T63/><D121/><U0/><E78/><V42/><F74/><W45/><G5/><T33/><D33/><U126/><E126/><V11/><F104/><W54/><G30/><T29/><D75/><U92/><E28/><N who="0" m="10825" /><D63/><U2/><E35/><V13/><F100/><W48/><G62/><T58/><D58/><U73/><E73/><V111/><F111/><W53/><G53/><T22/><D83/><U124/><E124/><V81/><F81/><W59/><G32/><T6/><D22/><U117/><E117/><V51/><F51/><W9/><G34/><T113/><D113/><U19/><E19/><N who="2" m="12447" /><F24/><W105/><G9/><AGARI ba="0,0" hai="6,9,15,52,56,61,82,86,88,96,97" m="10825" machi="9" ten="30,7700,0" yaku="8,1,52,1,54,2" doraHai="76" who="0" fromWho="3" sc="214,77,428,0,197,0,161,-77" /><INIT seed="6,0,0,2,3,119" ten="291,428,197,84" oya="2" hai0="105,129,81,5,54,60,40,21,47,71,122,38,95" hai1="78,123,106,80,25,50,52,135,99,7,48,120,61" hai2="39,15,33,11,45,4,93,58,126,53,23,133,2" hai3="46,87,36,57,56,73,89,49,64,134,55,44,132"/><V117/><F117/><W41/><G73/><T0/><D105/><U68/><E135/><V104/><F104/><W16/><G89/><T35/><D35/><U74/><E7/><V131/><F33/><W72/><G72/><T67/><D129/><U18/><E106/><V124/><F131/><W112/><G87/><T103/><D103/><U101/><E99/><V115/><F133/><N who="3" m="51307" /><G16/><T91/><D81/><U62/><E101/><V116/><F116/><W27/><G27/><T114/><D114/><U28/><E18/><V121/><F115/><W125/><G125/><T14/><D54/><U30/><E48/><V26/><F126/><W9/><G9/><T34/><D34/><N who="1" m="20751" /><E68/><V29/><F2/><W77/><G77/><T98/><D0/><U59/><E30/><V109/><F93/><W97/><G97/><T8/><D21/><U107/><E107/><V83/><F83/><W130/><G112/><T24/><D24/><U65/><E65/><V76/><F76/><W90/><G130/><T32/><D32/><U31/><E31/><V70/><F124/><W66/><G90/><T110/><D110/><U17/><E17/><V3/><F109/><W128/><G128/><T79/><D79/><U102/><E102/><V82/><F3/><W22/><G22/><T100/><D100/><U92/><E92/><V12/><F82/><W84/><G84/><T63/><D63/><U1/><E1/><V20/><F20/><W6/><G6/><T42/><D42/><U96/><E96/><V127/><F23/><W43/><G41/><T85/><D98/><U69/><E69/><RYUUKYOKU ba="0,0" sc="291,10,428,10,197,-30,84,10" hai0="5,8,14,38,40,47,60,67,71,85,91,95,122" hai1="50,52,59,61,62,74,78,80,120,123" hai3="36,43,44,46,49,55,56,57,64,66" /><INIT seed="7,1,0,3,4,58" ten="301,438,167,94" oya="3" hai0="83,28,111,25,62,121,6,9,104,87,106,115,110" hai1="124,36,32,11,66,88,33,2,97,113,68,117,77" hai2="128,94,64,38,75,0,35,80,90,91,54,123,107" hai3="10,53,71,86,4,73,5,114,126,20,8,52,127"/><W27/><G73/><T34/><D121/><U3/><E36/><V69/><F0/><W37/><G37/><T78/><D115/><U101/><E77/><V18/><F35/><W31/><G114/><T60/><D106/><U100/><E124/><N who="3" m="47658" /><G86/><T92/><D92/><U131/><E131/><V108/><F108/><W102/><G102/><T134/><D104/><U50/><E117/><V7/><F38/><W19/><G71/><T129/><D129/><U39/><E39/><V132/><F107/><W98/><G98/><T23/><D34/><U67/><E68/><V30/><F123/><W125/><N who="3" m="47666" /><W119/><DORA hai="65" /><G119/><T26/><D26/><U42/><E97/><V63/><F128/><W14/><G52/><T109/><REACH who="0" step="1"/><D134/><REACH who="0" ten="291,438,167,94" step="2"/><U130/><E130/><V41/><F94/><W29/><G53/><T105/><D105/><U12/><E113/><V72/><F132/><W59/><G59/><T79/><D79/><U48/><E33/><V118/><F118/><W22/><G22/><T16/><D16/><BYE who="0" /><U103/><E32/><V61/><F69/><W81/><G81/><T56/><D56/><U135/><E135/><V44/><F80/><W47/><G47/><T120/><D120/><U15/><E101/><V13/><F44/><W133/><G133/><T46/><D46/><U74/><E74/><V93/><F72/><W43/><G43/><T51/><D51/><U70/><E70/><UN n0="%E5%B0%B1%E6%B4%BB%E7%94%9F%40%E5%B7%9D%E6%9D%91%E8%BB%8D%E5%9B%A3" /><V112/><F41/><W95/><G95/><T99/><D99/><U96/><E96/><V116/><F93/><W76/><G76/><T89/><D89/><U1/><E42/><RYUUKYOKU ba="1,1" sc="291,15,438,-15,167,-15,94,15" hai0="6,9,23,25,28,60,62,78,83,87,109,110,111" hai3="4,5,8,10,14,19,20,27,29,31" /><INIT seed="7,2,1,1,2,106" ten="306,423,152,109" oya="3" hai0="3,4,133,60,99,34,81,19,115,86,25,107,22" hai1="134,14,97,28,74,116,43,110,69,48,128,104,65" hai2="118,6,87,17,38,80,71,73,91,114,40,37,62" hai3="129,126,124,67,84,112,101,135,52,44,16,83,8"/><W45/><G112/><T55/><D133/><U130/><E110/><V42/><F118/><W1/><G135/><T0/><D115/><U12/><E134/><V18/><F73/><W24/><G129/><N who="1" m="49770" /><E74/><V132/><F114/><W94/><G67/><T64/><D55/><U92/><E104/><V111/><F111/><W75/><G75/><T33/><D33/><U103/><E116/><V93/><F132/><W32/><G32/><T10/><D34/><U59/><E69/><V100/><F38/><W56/><G1/><T54/><D54/><U119/><E119/><V85/><F37/><W72/><G72/><T30/><D99/><U13/><E28/><V27/><F6/><W36/><G36/><T35/><D107/><U57/><E65/><V125/><F125/><N who="3" m="48235" /><G94/><T77/><D3/><U15/><E15/><V66/><F100/><W53/><G101/><T7/><D10/><U123/><E123/><V31/><F42/><W95/><G95/><T109/><D0/><U79/><E79/><V131/><F40/><W117/><G117/><T49/><D109/><U89/><E103/><V96/><F131/><W5/><G5/><T9/><D9/><U70/><E70/><V47/><F96/><W50/><G53/><T11/><D11/><U76/><E76/><N who="2" m="46215" /><F47/><AGARI ba="2,1" hai="12,13,14,43,47,48,57,59,89,92,97" m="49770" machi="47" ten="30,1000,0" yaku="19,1" doraHai="106" who="1" fromWho="2" sc="306,0,423,26,152,-16,109,0" owari="306,11.0,449,54.0,136,-26.0,109,-39.0" /></mjloggm>