<mjloggm ver="2.3"><GO type="169" lobby="0"/><UN n0="%E3%82%A6%E3%83%AB%E3%83%88%E3%83%A9%E7%AB%8B%E7%9B%B4" n1="%E6%98%9F%E9%99%8D%E3%82%8B%E8%A1%97" n2="%73%61%63%68%69%6F" n3="%E3%83%89%E3%83%A9%E3%83%AD%E3%83%B3%E3%83%80%E3%82%A4%E3%83%B4" dan="18,18,16,16" rate="2210.45,2128.88,2156.65,2046.02" sx="M,F,M,M"/><TAIKYOKU oya="0"/><INIT seed="0,0,0,5,5,65" ten="250,250,250,250" oya="0" hai0="30,113,59,95,120,122,24,52,6,5,17,53,124" hai1="31,110,132,79,18,119,35,72,44,104,127,76,93" hai2="70,101,51,86,131,88,71,73,133,84,98,1,116" hai3="102,129,60,128,106,80,34,2,108,54,7,20,77"/><T42/><D113/><U92/><E31/><V32/><F73/><W16/><G34/><T3/><D42/><U118/><E35/><V100/><F1/><W39/><G39/><T43/><D43/><U11/><E44/><V130/><F32/><W103/><G108/><T22/><D124/><U63/><E63/><V87/><F116/><W26/><G106/><T107/><D107/><U29/><E29/><V105/><F101/><W41/><G41/><T111/><D111/><U64/><E64/><V49/><F133/><W45/><G7/><N who="0" m="2571" /><D3/><U13/><E104/><V89/><F51/><N who="3" m="29039" /><G60/><N who="0" m="35943" /><D122/><U99/><E132/><V40/><F49/><W90/><G2/><T9/><D120/><U109/><E127/><V125/><F40/><W58/><G58/><T115/><D115/><U97/><E11/><V15/><F15/><W83/><G90/><N who="2" m="34921" /><F125/><W46/><G46/><T69/><D69/><U25/><E13/><V47/><F47/><W66/><G66/><T28/><D53/><U112/><E112/><V48/><F48/><W12/><G12/><N who="0" m="7311" /><D30/><U96/><E72/><V27/><F27/><W37/><G37/><T126/><D126/><U114/><E114/><V8/><F8/><W135/><G135/><T117/><D117/><N who="1" m="44555" /><E110/><V14/><F14/><W23/><G26/><T55/><D55/><U134/><E109/><V94/><F105/><W78/><G128/><AGARI ba="0,0" hai="70,71,84,86,87,94,98,100,128,130,131" m="34921" machi="128" ten="30,7700,0" yaku="19,1,52,2,54,1" doraHai="65" who="2" fromWho="3" sc="250,0,250,0,250,77,250,-77" /><INIT seed="1,0,0,4,0,81" ten="250,250,327,173" oya="1" hai0="127,20,65,110,102,9,44,35,7,16,108,73,87" hai1="107,17,72,1,51,15,31,125,14,64,117,89,84" hai2="2,67,133,104,29,59,85,130,47,82,25,83,18" hai3="3,5,50,27,56,124,10,53,106,91,119,116,134"/><U0/><E72/><V128/><F2/><W122/><G122/><T96/><D73/><U109/><E107/><V86/><F104/><W42/><G106/><T111/><D35/><U100/><E100/><V90/><F133/><W52/><G42/><T68/><D44/><U94/><E117/><V80/><F47/><W76/><G134/><T45/><D45/><U57/><E125/><V33/><F18/><W132/><G132/><T78/><D127/><U8/><E109/><V49/><F49/><W19/><G124/><T66/><D68/><U60/><E31/><V40/><F40/><W55/><G76/><T43/><D43/><U39/><E39/><V48/><F48/><W54/><REACH who="3" step="1"/><G91/><REACH who="3" ten="250,250,327,163" step="2"/><T113/><D113/><U74/><E74/><V118/><F118/><W101/><G101/><T71/><D102/><U69/><REACH who="1" step="1"/><E14/><REACH who="1" ten="250,240,327,163" step="2"/><V13/><F13/><W61/><G61/><T21/><D111/><U12/><E12/><V34/><F34/><W99/><G99/><T93/><D96/><U63/><E63/><N who="2" m="38399" /><F90/><W131/><G131/><AGARI ba="0,2" hai="25,29,33,80,82,83,85,86,128,130,131" m="38399" machi="131" ten="30,3900,0" yaku="19,1,52,2" doraHai="81" who="2" fromWho="3" sc="250,0,240,0,327,59,163,-39" /><INIT seed="2,0,0,1,3,73" ten="250,240,386,124" oya="2" hai0="84,70,104,57,74,111,132,91,102,24,119,34,79" hai1="105,13,30,100,118,101,0,106,18,82,22,39,62" hai2="15,85,110,99,41,103,135,61,37,52,129,2,69" hai3="56,96,6,98,92,47,54,53,124,10,45,38,126"/><V131/><F2/><W87/><G87/><T32/><D70/><U127/><E39/><V125/><F135/><W49/><G54/><T35/><D132/><U25/><E118/><V20/><F125/><N who="3" m="48235" /><G38/><T21/><D111/><U7/><E127/><V60/><F110/><W75/><G75/><T123/><D123/><U88/><E62/><V76/><F41/><W134/><G134/><T42/><D42/><U86/><E106/><V89/><F37/><W48/><G48/><T120/><D57/><U95/><E105/><N who="2" m="63743" /><F69/><W67/><G67/><T8/><D8/><U78/><E7/><V33/><F33/><W28/><G28/><T65/><D65/><U68/><E0/><V97/><F97/><N who="3" m="37483" /><G92/><T58/><D34/><U122/><E68/><V5/><F5/><W71/><G71/><T130/><D35/><U114/><E122/><V107/><F107/><W93/><G93/><T109/><D32/><U50/><E50/><V72/><F72/><W83/><G83/><T40/><D104/><U128/><E101/><V108/><F108/><W1/><AGARI ba="0,0" hai="1,6,10,45,47,49,53,56" m="37483,48235" machi="1" ten="30,1100,0" yaku="18,1" doraHai="73" who="3" fromWho="3" sc="250,-3,240,-3,386,-5,124,11" /><INIT seed="3,0,0,1,0,13" ten="247,237,381,135" oya="3" hai0="36,99,22,70,106,90,21,124,78,0,94,123,44" hai1="50,8,93,91,88,35,27,18,67,25,47,34,82" hai2="110,38,69,111,43,46,72,85,121,117,39,73,24" hai3="29,52,104,9,20,86,92,112,108,97,12,83,132"/><W30/><G112/><T51/><D36/><U3/><E67/><V113/><F117/><W40/><G104/><T109/><D0/><U42/><E35/><V55/><F113/><W4/><G132/><T127/><D70/><U80/><E34/><V131/><F131/><W135/><G135/><T60/><D123/><U28/><E28/><V2/><F69/><W77/><G108/><T101/><D60/><U84/><E82/><V16/><F2/><W103/><G40/><T15/><D78/><U125/><E125/><N who="0" m="48201" /><D15/><N who="1" m="7527" /><E3/><V114/><F114/><W32/><G32/><T49/><D109/><N who="2" m="41482" /><F121/><W45/><REACH who="3" step="1"/><G20/><REACH who="3" ten="247,237,381,125" step="2"/><T66/><D21/><U133/><E133/><V10/><F39/><W63/><G63/><T57/><D22/><U71/><E71/><V134/><F134/><W68/><G68/><T33/><D33/><U56/><E56/><V19/><F10/><W119/><G119/><T79/><D44/><U11/><E11/><V107/><F107/><W87/><G87/><AGARI ba="0,1" hai="25,27,42,47,50,80,84,87,88,91,93" m="7527" machi="87" ten="30,3900,0" yaku="8,1,52,1,54,1" doraHai="13" who="1" fromWho="3" sc="247,0,237,49,381,0,125,-39" /><INIT seed="4,0,0,0,0,47" ten="247,286,381,86" oya="0" hai0="84,128,7,75,114,2,87,58,124,40,118,107,90" hai1="68,132,16,135,102,116,32,123,85,52,30,122,81" hai2="79,89,106,65,83,70,129,56,80,20,19,41,57" hai3="125,78,105,60,121,109,82,51,93,117,49,59,9"/><T88/><D2/><U4/><E116/><V104/><F70/><W17/><G105/><T33/><D33/><U69/><E4/><V77/><F129/><W86/><G109/><T95/><D118/><U74/><E102/><V133/><F41/><W36/><G36/><T94/><D7/><U28/><E85/><V45/><F45/><W39/><G39/><T5/><D5/><U103/><E103/><V12/><F133/><W1/><G117/><T54/><D128/><U11/><E81/><V18/><F20/><W43/><G43/><T64/><D107/><U111/><E32/><V21/><F21/><W98/><G125/><T23/><D124/><U31/><E74/><V73/><F12/><W14/><G1/><T44/><D75/><U112/><E111/><V113/><F113/><W13/><G13/><T6/><D6/><U110/><E110/><V115/><F115/><W50/><G121/><T120/><D120/><U63/><E112/><V127/><F127/><W55/><G60/><N who="0" m="37911" /><D23/><U92/><E122/><V42/><F42/><W29/><G29/><T35/><D35/><U15/><E123/><V100/><F100/><AGARI ba="0,0" hai="9,14,17,49,50,51,55,59,78,82,86,93,98,100" machi="100" ten="30,8000,1" yaku="7,1,8,1,52,3" doraHai="47" who="3" fromWho="2" sc="247,0,286,0,381,-80,86,80" /><INIT seed="5,0,0,2,4,125" ten="247,286,301,166" oya="1" hai0="86,96,95,48,32,84,26,61,54,47,22,127,60" hai1="129,100,43,28,56,62,7,133,120,103,128,8,53" hai2="68,20,21,2,112,107,99,13,39,101,131,76,36" hai3="27,72,29,94,75,71,93,83,119,82,49,116,78"/><U41/><E120/><V97/><F2/><W15/><G71/><T46/><D32/><U38/><E28/><V42/><F68/><W35/><G15/><T87/><D47/><N who="1" m="23991" /><E43/><V98/><F76/><N who="3" m="44295" /><G49/><T25/><D127/><U19/><E19/><V16/><F112/><W115/><G115/><T130/><D130/><N who="1" m="50283" /><E133/><V113/><F113/><W17/><G17/><N who="0" m="12495" /><D26/><U92/><E92/><V6/><F131/><W51/><G51/><T106/><D106/><U132/><E132/><V58/><F42/><W3/><G3/><AGARI ba="0,0" hai="3,7,8,53,56,62,100,103" m="50283,23991" machi="3" ten="30,11600,0" yaku="19,1,52,3" doraHai="125" who="1" fromWho="3" sc="247,0,286,116,301,0,166,-116" /><INIT seed="5,1,0,4,3,20" ten="247,402,301,50" oya="1" hai0="63,96,111,69,55,102,11,19,116,67,93,66,118" hai1="23,42,40,76,121,107,126,61,51,62,43,77,135" hai2="114,110,97,57,37,46,113,44,32,99,75,106,112" hai3="2,104,18,133,115,90,49,130,16,35,45,78,124"/><U88/><E107/><V4/><F75/><W13/><G2/><T92/><D111/><U73/><E73/><V94/><F110/><W128/><G115/><T59/><D67/><U122/><E126/><V98/><F106/><W123/><G123/><T82/><D82/><U134/><E23/><V56/><F4/><W3/><G3/><T91/><D11/><U47/><E88/><N who="2" m="55495" /><F32/><W84/><G104/><T71/><D19/><U119/><E119/><V86/><F86/><W81/><G124/><T27/><D27/><U52/><E77/><V30/><F30/><W29/><G133/><N who="1" m="50698" /><E76/><V33/><F33/><W54/><G78/><T39/><D39/><U127/><E127/><V65/><F56/><W108/><G108/><T80/><D80/><U83/><E83/><V38/><F38/><W26/><REACH who="3" step="1"/><G18/><REACH who="3" ten="247,402,301,40" step="2"/><T53/><D118/><U25/><E122/><V109/><F109/><W103/><G103/><T8/><D116/><U15/><E121/><V72/><F72/><W64/><G64/><T5/><D71/><U131/><E131/><V120/><F120/><W36/><G36/><T74/><D69/><U50/><E15/><V95/><F37/><W85/><G85/><N who="0" m="52335" /><D74/><U125/><E125/><V79/><F79/><W12/><G12/><AGARI ba="1,1" hai="5,8,12,53,55,59,63,66,93,96,102" m="52335" machi="12" ten="30,1000,0" yaku="8,1" doraHai="20" who="0" fromWho="3" sc="247,23,402,0,301,0,40,-13" /><INIT seed="6,0,0,5,5,56" ten="270,402,301,27" oya="2" hai0="28,59,29,21,109,9,70,2,51,104,26,135,84" hai1="16,19,11,105,48,60,125,91,130,39,86,63,121" hai2="22,69,95,75,111,123,96,122,88,53,131,120,46" hai3="40,64,47,38,24,77,10,92,133,113,33,25,36"/><V20/><F69/><W80/><G133/><T1/><D104/><U72/><E72/><V8/><F75/><W73/><G113/><T102/><D70/><U101/><E39/><V98/><F131/><W67/><G36/><T74/><D74/><U62/><E130/><V118/><F118/><W50/><G25/><T79/><D109/><U35/><E35/><V107/><F8/><W41/><G92/><T18/><D102/><U5/><E125/><V65/><F65/><W100/><G100/><T68/><D68/><U0/><E121/><V94/><F107/><W7/><G41/><T108/><D108/><U110/><E110/><V4/><F123/><W82/><G50/><T132/><D84/><U14/><E48/><V124/><F124/><W17/><G82/><T31/><D79/><U115/><E115/><V117/><F117/><W134/><G134/><N who="0" m="51243" /><D59/><U34/><E34/><V37/><F53/><W76/><G76/><T6/><D51/><U71/><E71/><V89/><F111/><W61/><G61/><T119/><D119/><U13/><E101/><V55/><F55/><W52/><G52/><T45/><D45/><U97/><E97/><V78/><F78/><W106/><G106/><T99/><D99/><U42/><E42/><V83/><F83/><W66/><G33/><T12/><AGARI ba="0,0" hai="1,2,6,9,12,18,21,26,28,29,31" m="51243" machi="12" ten="30,4000,0" yaku="20,1,34,2" doraHai="56" who="0" fromWho="0" sc="270,40,402,-10,301,-20,27,-10" /><INIT seed="7,0,0,1,0,85" ten="310,392,281,17" oya="3" hai0="36,29,106,130,89,91,107,120,128,42,50,38,18" hai1="99,121,0,55,73,52,81,14,60,24,56,37,71" hai2="123,39,84,68,112,10,105,65,1,17,116,115,79" hai3="94,25,30,108,59,19,11,61,2,127,124,83,69"/><W132/><G69/><T92/><D29/><U78/><E0/><V23/><F116/><W72/><G132/><T135/><D120/><U47/><E71/><V7/><F39/><N who="0" m="14890" /><D18/><U119/><E121/><V26/><F105/><N who="0" m="39946" /><D92/><U86/><E119/><V31/><F65/><W22/><G108/><T133/><D50/><U126/><E24/><V118/><F68/><W87/><G72/><T110/><D42/><U90/><E126/><N who="3" m="48170" /><G94/><T33/><D33/><U5/><E99/><V129/><F118/><W70/><G70/><T114/><D110/><U93/><E5/><V45/><F45/><W103/><G103/><T16/><D16/><U53/><E14/><N who="2" m="9655" /><F84/><W8/><G30/><T101/><D101/><U35/><E35/><N who="2" m="20983" /><F79/><N who="3" m="46591" /><G2/><T96/><D96/><U12/><E37/><V46/><F46/><W111/><G111/><T54/><D114/><N who="2" m="43562" /><F123/><W44/><G44/><T63/><D135/><U102/><E47/><V51/><F51/><W95/><G95/><T66/><D133/><U3/><E102/><V80/><F80/><W131/><G131/><AGARI ba="0,0" hai="1,7,10,129,131" m="43562,20983,9655" machi="131" ten="30,7700,0" yaku="24,1,15,1,34,2" doraHai="85" who="2" fromWho="3" sc="310,0,392,0,281,77,17,-77" owari="310,-9.0,392,49.0,358,16.0,-60,-56.0" /></mjloggm>