<mjloggm ver="2.3"><GO type="169" lobby="0"/><UN n0="%E3%81%9C%E3%82%8D%E3%82%81%E3%81%90" n1="%E8%B6%85%E4%BA%BA%EF%BC%AD" n2="%E4%B8%AD%E7%94%B0%E3%83%A4%E3%82%B9%E3%82%BF%E3%82%AB" n3="%E5%B0%B1%E6%B4%BB%E7%94%9F%40%E5%B7%9D%E6%9D%91%E8%BB%8D%E5%9B%A3" dan="16,17,16,17" rate="2155.00,2178.16,2071.22,2161.85" sx="F,M,M,M"/><TAIKYOKU oya="0"/><INIT seed="0,0,0,2,0,122" ten="250,250,250,250" oya="0" hai0="67,1,48,125,34,15,61,109,134,91,59,110,92" hai1="74,51,44,103,9,100,115,24,76,41,128,11,57" hai2="66,43,101,10,112,70,8,93,35,56,135,32,108" hai3="69,123,104,49,37,42,77,78,27,96,68,5,26"/><T21/><D1/><U63/><E115/><V129/><F112/><W47/><G123/><T118/><D118/><U89/><E128/><V23/><F43/><W6/><G37/><T39/><D39/><U2/><E74/><V28/><F129/><W87/><G104/><T82/><D34/><U55/><E76/><V90/><F70/><W117/><G117/><T111/><D125/><U86/><E24/><V50/><F32/><W29/><G96/><N who="0" m="57375" /><D134/><U83/><REACH who="1" step="1"/><E2/><REACH who="1" ten="250,240,250,250" step="2"/><V116/><F116/><W107/><G27/><T98/><D98/><U38/><E38/><V127/><F127/><W12/><G87/><T79/><D48/><U72/><E72/><V20/><F135/><W30/><G26/><T52/><D15/><U88/><E88/><V36/><F90/><W4/><G77/><T133/><D133/><U121/><E121/><V120/><F120/><W132/><G78/><T105/><D105/><U73/><E73/><V13/><F50/><W62/><G107/><T106/><D106/><U46/><E46/><V124/><F124/><W60/><G132/><T40/><D40/><U94/><E94/><V114/><F36/><W31/><G12/><T81/><D21/><U102/><AGARI ba="0,1" hai="9,11,41,44,51,55,57,63,83,86,89,100,102,103" machi="102" ten="30,4000,0" yaku="1,1,0,1,8,1,53,0" doraHai="122" doraHaiUra="18" who="1" fromWho="1" sc="250,-20,240,50,250,-10,250,-10" /><INIT seed="1,0,0,1,0,18" ten="230,290,240,240" oya="1" hai0="95,84,8,57,72,30,119,73,111,100,58,10,102" hai1="91,54,46,87,17,36,9,55,122,74,22,42,104" hai2="128,29,88,92,56,110,61,43,69,68,34,12,129" hai3="123,124,44,117,130,13,112,132,2,21,66,75,97"/><U103/><E74/><V39/><F39/><W32/><RYUUKYOKU type="yao9" ba="0,0" sc="230,0,290,0,240,0,240,0" hai3="2,13,21,32,44,66,75,97,112,117,123,124,130,132" /><INIT seed="1,1,0,2,3,42" ten="230,290,240,240" oya="1" hai0="95,93,110,23,24,101,133,16,29,11,35,122,117" hai1="121,99,81,108,57,96,34,17,106,111,44,27,69" hai2="68,59,63,126,127,55,102,135,33,71,6,50,1" hai3="76,103,28,70,85,73,5,72,41,134,15,19,119"/><U64/><E121/><V100/><F33/><W20/><G119/><T60/><D117/><U109/><E69/><V48/><F1/><W7/><G134/><T97/><D133/><U32/><E81/><V26/><F135/><W130/><G130/><T82/><D122/><U21/><E64/><V62/><F6/><W77/><G70/><N who="2" m="26665" /><F26/><W49/><G103/><T129/><D129/><U2/><E2/><V14/><F14/><W125/><G125/><N who="2" m="47625" /><F102/><W120/><G120/><T46/><D110/><N who="1" m="28163" /><U87/><DORA hai="58" /><E87/><V37/><F100/><W61/><G28/><T0/><D82/><U53/><E106/><V90/><F90/><W8/><G73/><T98/><D0/><U86/><E86/><V118/><F118/><W13/><G72/><T3/><D3/><U84/><E84/><V10/><F10/><W123/><G123/><T36/><D11/><U54/><E34/><V114/><F114/><W22/><G22/><T39/><D35/><U38/><E32/><V124/><N who="2" m="47633" /><V83/><DORA hai="128" /><F83/><W131/><G131/><T107/><D107/><U47/><E38/><V89/><F89/><W31/><G5/><T78/><D39/><U66/><E99/><V94/><F94/><W51/><G85/><T18/><D36/><U4/><E96/><V40/><F50/><W75/><G75/><T88/><D98/><U116/><E4/><V25/><F25/><W74/><G74/><T92/><D92/><U79/><E79/><V43/><F37/><W67/><G77/><T12/><D78/><U65/><E116/><V91/><F91/><W80/><G76/><RYUUKYOKU ba="1,0" sc="230,-10,290,-10,240,30,240,-10" hai2="40,43,48,55,59,62,63" /><INIT seed="2,2,0,5,4,68" ten="220,280,270,230" oya="2" hai0="18,122,91,102,124,47,126,123,4,82,95,31,110" hai1="53,131,98,100,8,56,89,65,19,50,35,52,74" hai2="97,5,121,133,45,106,76,49,43,88,3,78,40" hai3="36,9,24,113,79,120,96,127,27,92,23,107,104"/><V44/><F121/><W14/><G120/><T81/><D31/><U66/><E35/><V114/><F114/><W57/><G127/><N who="0" m="48683" /><D4/><U94/><E74/><V70/><F70/><W2/><G113/><T111/><D18/><U75/><E75/><V118/><F118/><W6/><G79/><T87/><D47/><N who="1" m="27871" /><E100/><V67/><F133/><W73/><G73/><T134/><D134/><U11/><E131/><V25/><F67/><N who="1" m="25609" /><E19/><V85/><F25/><W117/><G117/><T13/><D13/><U54/><E54/><V60/><F60/><AGARI ba="2,0" hai="8,11,52,56,60,89,94,98" m="25609,27871" machi="60" ten="30,2000,0" yaku="8,1,54,1" doraHai="68" who="1" fromWho="2" sc="220,0,280,26,270,-26,230,0" /><INIT seed="3,0,0,2,2,73" ten="220,306,244,230" oya="3" hai0="57,79,81,92,124,91,126,42,123,17,105,135,41" hai1="102,68,44,104,108,116,25,61,36,100,89,110,67" hai2="40,98,34,51,70,65,4,86,83,113,37,46,28" hai3="38,10,0,128,103,62,120,27,33,75,90,23,95"/><W127/><G120/><T30/><D105/><U66/><E66/><V7/><F113/><W54/><G127/><T74/><D123/><U129/><E116/><V96/><F34/><W48/><G128/><T24/><D135/><U76/><E129/><V49/><F28/><W122/><G38/><T43/><D17/><U125/><E125/><V133/><F133/><W117/><G117/><T118/><D118/><U22/><E89/><V12/><F51/><W101/><G122/><T84/><REACH who="0" step="1"/><D57/><REACH who="0" ten="210,306,244,230" step="2"/><U45/><E104/><V13/><F7/><W5/><G33/><AGARI ba="0,1" hai="24,30,33,41,42,43,74,79,81,84,91,92,124,126" machi="33" ten="40,5200,0" yaku="1,1,2,1,52,1,53,0" doraHai="73" doraHaiUra="56" who="0" fromWho="3" sc="210,62,306,0,244,0,230,-52" /><INIT seed="4,0,0,3,3,31" ten="272,306,244,178" oya="0" hai0="29,134,60,87,5,12,102,73,123,36,104,69,101" hai1="32,19,109,27,130,113,3,120,49,95,77,94,43" hai2="105,125,1,28,22,6,72,99,23,103,110,79,45" hai3="74,26,52,20,0,21,54,38,78,133,70,48,86"/><T97/><D73/><U111/><E3/><V128/><F110/><W16/><G74/><T25/><D123/><U24/><E77/><V15/><F125/><W92/><G38/><T114/><D36/><U46/><E120/><V18/><F128/><W40/><G133/><T44/><D134/><U35/><E130/><V81/><F28/><W56/><G0/><T119/><D119/><U98/><E113/><V82/><F81/><W13/><G70/><T53/><D102/><U121/><E121/><V41/><F15/><W7/><G7/><T33/><D114/><U39/><E39/><V34/><F34/><W117/><G117/><T10/><D87/><U63/><E63/><V58/><F58/><W84/><G40/><T55/><D44/><U65/><E65/><AGARI ba="0,0" hai="5,10,12,25,29,33,53,55,60,65,69,97,101,104" machi="65" ten="40,7700,0" yaku="25,2,52,1" doraHai="31" who="0" fromWho="1" sc="272,77,306,-77,244,0,178,0" /><INIT seed="4,1,0,5,0,68" ten="349,229,244,178" oya="0" hai0="38,28,118,130,50,37,47,86,112,104,58,52,51" hai1="40,129,1,99,127,123,78,19,21,23,126,0,63" hai2="4,108,45,67,64,10,34,5,83,98,91,132,18" hai3="26,111,128,39,61,6,36,113,79,72,59,54,43"/><T65/><D104/><U41/><E123/><V114/><F108/><W93/><G111/><T70/><D28/><U22/><E19/><V82/><F34/><W107/><G107/><T55/><D86/><U116/><E116/><V95/><F132/><W122/><G122/><T100/><D100/><U109/><E109/><V74/><F114/><W96/><G113/><T53/><D112/><U101/><E63/><V30/><F30/><W20/><G128/><T11/><D11/><U77/><E101/><V49/><F74/><W57/><G6/><T7/><D7/><N who="2" m="2634" /><F18/><N who="3" m="12567" /><G43/><N who="1" m="16458" /><E99/><V14/><F10/><W115/><G115/><T121/><D121/><U35/><E35/><V66/><F14/><W9/><G9/><T119/><D130/><U125/><E129/><V88/><F91/><N who="3" m="55359" /><G59/><N who="0" m="33183" /><D118/><U27/><E27/><V60/><F60/><W29/><G29/><T32/><D119/><U75/><E75/><V31/><F31/><W81/><AGARI ba="1,0" hai="36,39,54,57,61,72,79,81" m="55359,12567" machi="81" ten="30,4000,0" yaku="25,1,52,2" doraHai="68" who="3" fromWho="3" sc="349,-21,229,-11,244,-11,178,43" /><INIT seed="5,0,0,0,5,103" ten="328,218,233,221" oya="1" hai0="71,34,38,28,33,55,95,90,116,22,122,41,104" hai1="130,19,80,32,24,5,105,124,76,127,133,119,78" hai2="59,12,83,44,10,131,86,70,4,16,11,61,57" hai3="72,94,126,77,43,21,89,15,63,110,65,134,88"/><U93/><E119/><V23/><F131/><W114/><G110/><T25/><D71/><U47/><E5/><V75/><F75/><W26/><G126/><N who="1" m="48170" /><E130/><V98/><F98/><W69/><G134/><T64/><D122/><U112/><E133/><V73/><F73/><W109/><G109/><T108/><D116/><U29/><E112/><V2/><F11/><W1/><G1/><T85/><D108/><U17/><E93/><V101/><F101/><W66/><G114/><T36/><D95/><U68/><E68/><V115/><F115/><W111/><G111/><T82/><D82/><U27/><E27/><V42/><F70/><W135/><G135/><T100/><D25/><U31/><E31/><V39/><REACH who="2" step="1"/><F61/><REACH who="2" ten="328,218,223,221" step="2"/><W81/><G63/><T35/><D100/><U67/><E67/><V106/><F106/><W60/><G60/><T40/><D64/><U52/><E105/><V18/><F18/><N who="1" m="6665" /><E80/><V84/><F84/><W8/><G69/><T14/><D104/><U58/><E47/><V132/><F132/><W3/><G3/><T74/><D74/><U128/><E128/><V129/><F129/><W96/><G81/><T54/><D28/><U79/><E58/><V117/><F117/><W7/><G72/><T118/><D118/><U53/><AGARI ba="0,1" hai="24,29,32,52,53,76,78,79" m="6665,48170" machi="53" ten="40,3900,0" yaku="18,1,54,1" doraHai="103" who="1" fromWho="1" sc="328,-13,218,49,223,-13,221,-13" /><INIT seed="5,1,0,4,0,131" ten="315,267,210,208" oya="1" hai0="78,63,64,81,84,59,42,18,133,76,98,68,11" hai1="35,117,69,121,62,58,110,103,90,71,0,48,3" hai2="17,49,118,130,111,119,72,88,70,107,29,36,28" hai3="104,30,67,99,94,4,80,32,20,6,56,91,27"/><U7/><E35/><V132/><F70/><W75/><G104/><T87/><D42/><U95/><E121/><V19/><F36/><W85/><G75/><T124/><D124/><U125/><E117/><V123/><F123/><W100/><REACH who="3" step="1"/><G32/><REACH who="3" ten="315,267,210,198" step="2"/><T115/><D115/><U109/><E125/><V21/><F107/><W127/><G127/><T73/><D73/><U74/><E74/><V31/><F130/><W44/><G44/><T15/><D87/><U9/><E3/><V2/><F72/><W82/><G82/><T57/><D84/><N who="1" m="52679" /><E103/><V61/><F2/><W13/><G13/><T93/><D81/><U83/><E83/><V79/><F118/><W96/><G96/><T1/><D1/><U135/><E110/><V33/><F33/><W5/><G5/><T120/><D120/><U51/><E109/><V52/><F119/><W105/><G105/><T55/><D98/><U22/><E7/><V66/><F111/><W134/><G134/><T113/><D133/><U16/><E135/><V101/><F132/><W128/><G128/><T37/><D113/><U50/><E0/><V92/><F101/><W53/><G53/><T14/><D14/><N who="1" m="9495" /><E9/><V112/><F112/><W126/><G126/><T116/><D116/><U60/><E58/><N who="2" m="33039" /><F21/><W10/><G10/><T39/><D59/><U38/><E71/><V45/><F45/><W129/><G129/><T46/><D46/><U86/><E69/><V122/><F122/><W24/><G24/><T47/><D47/><U23/><E23/><V65/><F66/><W34/><G34/><T12/><D11/><U25/><E25/><RYUUKYOKU ba="1,1" sc="315,-10,267,-10,210,-10,198,30" hai3="4,6,20,27,30,56,67,80,85,91,94,99,100" /><INIT seed="6,2,1,3,0,129" ten="305,257,200,228" oya="2" hai0="124,113,104,44,59,128,68,114,61,102,133,42,27" hai1="19,21,123,72,92,131,85,108,73,48,16,88,8" hai2="25,69,125,17,39,18,91,37,33,107,0,111,90" hai3="94,122,40,89,13,76,38,135,112,64,58,49,6"/><V95/><F0/><W31/><G122/><T3/><D68/><U93/><E108/><V78/><F69/><W101/><G38/><T84/><D128/><U53/><E131/><V100/><F111/><W24/><G112/><T35/><D3/><U83/><E123/><V11/><F107/><W74/><G101/><T47/><D124/><U26/><E73/><V81/><F125/><W60/><G74/><T43/><D84/><U5/><E72/><V54/><F54/><W15/><G76/><T51/><D102/><U14/><E5/><V77/><F100/><W34/><G6/><T29/><D104/><U117/><E117/><V110/><F110/><W71/><G135/><T9/><D9/><U121/><E121/><V80/><F11/><W116/><G116/><T99/><D99/><U134/><E134/><V1/><F1/><W55/><G40/><T66/><D133/><U120/><E120/><V70/><F70/><W62/><REACH who="3" step="1"/><G60/><REACH who="3" ten="305,257,200,218" step="2"/><T57/><D114/><U105/><E105/><V75/><F75/><W98/><AGARI ba="2,2" hai="13,15,24,31,34,49,55,58,62,64,71,89,94,98" machi="98" ten="20,8000,1" yaku="1,1,2,1,0,1,7,1,53,1" doraHai="129" doraHaiUra="30" who="3" fromWho="3" sc="305,-22,257,-22,200,-42,218,106" /><INIT seed="7,0,0,0,1,70" ten="283,235,158,324" oya="3" hai0="69,38,74,53,95,16,119,3,66,132,21,30,58" hai1="116,118,27,33,48,133,4,107,68,117,36,96,37" hai2="45,75,9,112,43,13,41,102,57,64,24,128,15" hai3="39,12,81,131,105,14,110,50,40,8,1,91,63"/><W29/><G105/><T49/><D119/><N who="1" m="30467" /><U101/><DORA hai="18" /><E133/><V19/><F75/><W99/><G110/><T115/><D3/><U73/><E73/><V46/><F128/><W76/><G131/><T122/><D122/><U67/><E4/><V22/><F112/><W61/><G39/><N who="1" m="14922" /><E48/><V124/><F124/><W80/><G29/><T120/><D120/><U17/><E17/><V26/><F102/><W121/><G121/><T94/><D74/><U23/><E33/><V78/><F78/><W56/><G1/><T89/><D132/><U86/><E86/><V90/><F90/><W126/><G126/><T85/><D115/><U77/><E77/><V62/><F45/><W130/><G76/><T11/><D38/><U129/><E129/><V31/><F46/><W108/><G50/><T88/><D30/><N who="1" m="17791" /><E67/><V7/><REACH who="2" step="1"/><F26/><REACH who="2" ten="283,235,148,324" step="2"/><W72/><G72/><T134/><D134/><U59/><E59/><V84/><F84/><W32/><G130/><T92/><D58/><U114/><E114/><V127/><F127/><W125/><G125/><T98/><D85/><U6/><E6/><V35/><AGARI ba="0,1" hai="7,9,13,15,19,22,24,31,35,41,43,57,62,64" machi="35" ten="20,5200,0" yaku="1,1,0,1,7,1,52,1,53,0" doraHai="70,18" doraHaiUra="51,79" who="2" fromWho="2" sc="283,-13,235,-13,148,62,324,-26" /><INIT seed="8,0,0,5,2,58" ten="270,222,210,298" oya="0" hai0="11,59,118,33,63,93,112,126,99,72,41,37,131" hai1="80,91,76,40,90,45,66,70,107,62,60,7,54" hai2="42,84,94,46,18,81,92,75,5,85,30,22,123" hai3="101,135,15,133,73,47,24,115,43,38,27,36,102"/><T108/><D112/><U77/><E107/><V26/><F123/><W124/><G73/><T100/><D118/><U64/><E54/><V119/><F119/><W56/><G124/><T98/><D126/><U31/><E31/><V116/><F116/><W32/><G115/><T12/><D33/><U23/><E23/><V39/><F5/><W16/><G36/><T96/><D72/><U1/><E7/><V134/><F134/><N who="3" m="51211" /><G56/><T89/><D131/><U9/><E9/><V109/><F109/><W29/><G27/><T19/><D108/><U6/><E6/><V51/><F39/><W125/><G125/><T28/><D28/><U82/><E1/><V49/><F49/><W111/><G111/><T10/><D10/><AGARI ba="0,0" hai="10,15,16,24,29,32,38,43,47,101,102" m="51211" machi="10" ten="30,2000,0" yaku="20,1,54,1" doraHai="58" who="3" fromWho="0" sc="270,-20,222,0,210,0,298,20" owari="250,5.0,222,-18.0,210,-29.0,318,42.0" /></mjloggm>