<mjloggm ver="2.3"><GO type="233" lobby="0"/><UN n0="%E4%BF%BA%54%55%45%45%45%45%45" n1="%E3%82%A6%E3%83%AB%E3%83%88%E3%83%A9%E7%AB%8B%E7%9B%B4" n2="%E3%81%86%E3%82%89%E3%81%97%E3%81%92%E3%82%8B" n3="%4D%6F%67%65%72%61" dan="17,17,16,16" rate="2102.55,2212.43,2130.22,2067.80" sx="F,M,M,F"/><TAIKYOKU oya="0"/><INIT seed="0,0,0,0,3,30" ten="250,250,250,250" oya="0" hai0="73,122,129,50,120,57,67,42,20,54,130,94,10" hai1="66,83,39,125,103,63,27,84,44,2,80,0,134" hai2="104,33,7,72,92,16,19,4,51,37,114,17,46" hai3="8,126,55,77,15,124,1,11,93,61,121,133,59"/><T78/><D67/><U40/><E125/><N who="3" m="48234" /><G121/><T106/><D106/><U102/><E134/><V25/><F104/><W23/><G133/><T58/><D42/><U43/><E43/><V36/><F72/><W45/><G77/><T117/><D117/><U62/><E62/><V38/><F114/><W91/><G1/><T47/><D10/><U128/><E128/><N who="0" m="49257" /><D94/><U64/><E64/><V85/><F92/><W18/><G45/><T34/><D34/><U29/><E2/><V82/><F33/><W14/><G14/><T99/><D99/><AGARI ba="0,0" hai="8,11,15,18,23,55,59,61,91,93,99" m="48234" machi="99" ten="30,1000,0" yaku="18,1" doraHai="30" who="3" fromWho="0" sc="250,-10,250,0,250,0,250,10" /><INIT seed="1,0,0,1,5,117" ten="240,250,250,260" oya="1" hai0="128,69,97,127,13,102,10,133,116,49,8,34,28" hai1="75,90,77,33,68,6,41,9,5,52,67,78,76" hai2="129,118,122,106,36,101,132,111,113,42,125,16,70" hai3="39,94,4,38,27,60,81,3,55,126,135,71,65"/><U103/><E33/><V30/><F16/><W64/><G64/><T104/><D116/><U124/><E124/><V43/><F30/><W56/><G126/><T58/><D127/><U51/><E41/><V87/><F87/><W48/><G135/><T84/><D133/><U79/><E103/><V0/><F101/><W47/><G27/><T37/><D37/><U23/><E79/><V91/><F91/><W31/><G31/><T110/><D69/><U120/><E120/><V98/><F98/><W12/><G3/><T17/><D110/><U74/><E67/><V50/><F50/><W29/><G29/><T83/><D128/><U40/><E68/><V57/><F57/><W99/><G81/><T108/><D108/><U80/><E40/><V11/><F11/><W130/><G130/><T82/><D8/><U14/><E23/><V100/><F43/><W22/><G4/><T89/><D34/><U20/><E20/><V131/><F42/><W18/><REACH who="3" step="1"/><G56/><REACH who="3" ten="240,250,250,250" step="2"/><T59/><D28/><U73/><E5/><V2/><F100/><AGARI ba="0,1" hai="12,18,22,38,39,47,48,55,60,65,71,94,99,100" machi="100" ten="30,3900,0" yaku="1,1,2,1,7,1,53,0" doraHai="117" doraHaiUra="114" who="3" fromWho="2" sc="240,0,250,0,250,-39,250,49" /><INIT seed="2,0,0,2,2,36" ten="240,250,211,299" oya="2" hai0="135,32,89,92,132,48,100,76,7,107,43,9,95" hai1="63,53,39,91,18,122,97,44,119,90,1,42,112" hai2="96,11,105,3,62,127,70,110,81,98,38,10,49" hai3="50,5,108,6,64,19,115,2,17,68,8,21,75"/><V77/><F127/><W87/><G75/><T124/><D32/><U93/><E119/><V56/><F38/><W40/><G115/><T26/><D124/><U80/><E1/><V114/><F114/><W106/><G106/><T73/><D26/><U126/><E112/><V27/><F70/><W16/><G108/><T30/><D30/><U113/><E113/><V130/><F105/><W58/><G68/><T37/><D48/><U61/><E126/><V0/><F130/><W102/><G102/><T51/><D51/><U123/><E18/><N who="3" m="7274" /><G2/><N who="0" m="247" /><D107/><U71/><E53/><V35/><F110/><W131/><G8/><T12/><D100/><U57/><E57/><V121/><F49/><W74/><G74/><T22/><D22/><U118/><E118/><V14/><F121/><N who="1" m="46089" /><E71/><V99/><F14/><N who="3" m="9463" /><G87/><AGARI ba="0,0" hai="39,42,44,61,63,80,87,90,91,93,97" m="46089" machi="87" ten="30,2000,0" yaku="13,1,52,1" doraHai="36" who="1" fromWho="3" sc="240,0,250,20,211,0,299,-20" /><INIT seed="3,0,0,4,5,43" ten="240,270,211,279" oya="3" hai0="17,75,120,103,97,109,68,38,35,130,24,28,125" hai1="128,126,52,71,110,127,33,117,8,19,85,61,6" hai2="13,95,114,55,121,92,0,53,9,78,69,123,47" hai3="21,79,2,73,5,65,116,12,1,99,48,22,34"/><W88/><G116/><T45/><D120/><N who="2" m="46154" /><F0/><W90/><G34/><T36/><D109/><U93/><E33/><V58/><F69/><W104/><G65/><T111/><D111/><U91/><E110/><V70/><F70/><W18/><G104/><T82/><D125/><N who="1" m="47627" /><E19/><N who="2" m="8623" /><F114/><W84/><G73/><T76/><D130/><U66/><E128/><V60/><F78/><W11/><G79/><T100/><D68/><U67/><E117/><V56/><F56/><W105/><G105/><T44/><D17/><U89/><E89/><V94/><F47/><W26/><G99/><T77/><D77/><U124/><E124/><V31/><F31/><W25/><G90/><T3/><D3/><N who="1" m="95" /><E71/><V132/><F132/><W59/><G22/><T51/><D103/><U40/><E40/><V20/><F20/><W134/><G134/><T80/><D80/><U7/><E7/><V131/><F131/><W14/><G2/><T107/><REACH who="0" step="1"/><D51/><REACH who="0" ten="230,270,211,279" step="2"/><U62/><E62/><V10/><F10/><W113/><G113/><T46/><AGARI ba="0,1" hai="24,28,35,36,38,44,45,46,75,76,82,97,100,107" machi="46" ten="30,12000,2" yaku="1,1,2,1,0,1,52,3,53,1" doraHai="43" doraHaiUra="74" who="0" fromWho="0" sc="230,130,270,-30,211,-30,279,-60" /><INIT seed="4,0,0,4,2,7" ten="360,240,181,219" oya="0" hai0="62,25,113,88,95,15,55,42,120,26,121,27,35" hai1="130,34,118,98,114,105,104,2,38,44,5,125,109" hai2="122,21,63,107,108,68,123,14,87,106,93,10,77" hai3="33,65,102,85,90,94,45,17,47,129,50,4,56"/><T29/><D113/><U53/><E53/><V110/><F68/><W75/><G75/><T13/><D42/><U69/><E44/><V46/><F63/><W74/><G74/><T132/><D132/><U43/><E98/><V80/><F46/><W23/><G33/><T3/><D3/><U31/><E31/><V83/><F21/><W30/><G30/><T99/><D35/><U64/><E64/><V71/><F71/><W127/><G127/><T124/><D124/><U58/><E58/><V1/><F1/><W134/><G134/><T57/><REACH who="0" step="1"/><D29/><REACH who="0" ten="350,240,181,219" step="2"/><U97/><E43/><V111/><F123/><AGARI ba="0,1" hai="13,15,25,26,27,55,57,62,88,95,99,120,121,123" machi="123" ten="40,7700,0" yaku="1,1,2,1,54,1,53,0" doraHai="7" doraHaiUra="128" who="0" fromWho="2" sc="350,87,240,0,181,-77,219,0" /><INIT seed="4,1,0,4,0,11" ten="437,240,104,219" oya="0" hai0="132,8,10,33,39,22,13,98,48,75,127,62,105" hai1="128,21,70,59,76,56,18,100,88,46,89,96,45" hai2="78,111,28,102,26,65,9,126,79,63,110,104,115" hai3="92,68,57,44,34,90,81,54,6,121,31,29,61"/><T66/><D39/><U87/><E70/><V1/><F115/><W109/><G109/><T106/><D33/><U134/><E128/><V19/><F126/><W71/><G121/><T52/><D75/><U112/><E134/><V94/><F19/><W119/><G119/><T129/><D132/><U24/><E76/><V49/><F49/><W35/><G81/><T99/><D127/><U114/><E56/><V74/><F79/><W133/><G133/><T108/><D129/><U36/><E59/><V64/><F94/><W83/><G83/><T67/><D108/><U38/><E46/><V23/><F65/><N who="0" m="24586" /><D62/><U130/><E130/><V77/><F77/><W14/><G44/><N who="0" m="27655" /><D106/><U85/><E45/><V41/><F41/><W113/><G35/><T53/><D105/><U125/><E125/><V15/><F78/><W32/><G32/><T69/><D69/><U91/><E38/><V37/><F74/><W82/><G34/><T101/><D53/><U131/><E36/><V120/><F37/><W107/><G107/><T47/><D47/><U73/><E73/><V55/><F55/><W17/><G54/><T93/><D99/><U95/><E131/><V20/><F1/><W16/><G68/><T7/><D10/><U42/><E42/><V116/><F120/><W4/><G61/><T60/><D60/><U124/><E124/><V3/><F3/><W40/><G40/><T97/><D98/><U2/><E2/><V72/><F116/><W30/><G71/><T51/><D51/><U118/><E118/><V103/><F72/><W123/><G123/><T80/><D80/><RYUUKYOKU ba="1,0" sc="437,15,240,15,104,-15,219,-15" hai0="7,8,13,22,93,97,101" hai1="18,21,24,85,87,88,89,91,95,96,100,112,114" /><INIT seed="4,2,0,0,5,84" ten="452,255,89,204" oya="0" hai0="58,35,5,66,60,40,13,46,69,10,94,16,8" hai1="105,28,79,71,65,116,9,17,103,3,121,50,135" hai2="23,51,24,101,1,18,62,133,43,106,12,22,110" hai3="36,29,39,0,25,114,119,130,78,87,14,63,32"/><T31/><D69/><U108/><E50/><V77/><F1/><W53/><G119/><T30/><D35/><U74/><E17/><V57/><F110/><W33/><G0/><T70/><D70/><U100/><E9/><V131/><F133/><W95/><G32/><T115/><D115/><U47/><E100/><V91/><F77/><W113/><G130/><T89/><D8/><U61/><E103/><V117/><F117/><W21/><G78/><T126/><D126/><U6/><E61/><V27/><F131/><W107/><G107/><T88/><D5/><U109/><E65/><V64/><F101/><W80/><G80/><T127/><D127/><U129/><E47/><N who="2" m="26111" /><F106/><W90/><G63/><T97/><D89/><U49/><E49/><AGARI ba="2,0" hai="10,13,16,30,31,40,46,49,58,60,66,88,94,97" machi="49" ten="30,12000,1" yaku="7,1,8,1,52,1,54,2" doraHai="84" who="0" fromWho="1" sc="452,126,255,-126,89,0,204,0" /><INIT seed="4,3,0,1,2,127" ten="578,129,89,204" oya="0" hai0="27,12,111,135,116,28,126,75,92,91,65,89,63" hai1="74,87,40,64,7,124,32,52,5,11,61,25,119" hai2="104,132,8,84,122,129,15,100,13,134,53,26,94" hai3="34,62,16,60,41,54,38,51,97,118,19,73,10"/><T46/><D116/><U67/><E74/><V30/><F104/><W105/><G34/><T42/><D126/><U81/><E119/><V59/><F122/><W31/><G31/><T78/><D135/><N who="2" m="51754" /><F100/><W133/><G133/><T6/><D75/><U125/><E40/><V43/><F43/><W113/><G118/><T130/><D78/><U99/><E99/><V14/><F94/><W1/><G73/><T66/><D12/><U58/><E124/><V90/><F90/><W114/><G97/><T80/><D6/><U131/><E131/><V35/><F84/><W24/><G105/><T106/><D130/><U82/><E125/><V76/><F76/><W95/><G95/><T108/><D106/><U93/><E93/><V69/><F69/><W98/><G98/><T112/><D112/><U117/><E117/><V68/><F68/><W102/><G102/><T55/><D80/><U79/><E82/><V21/><F129/><W33/><G41/><T70/><D66/><U77/><E77/><V37/><F37/><W56/><G38/><N who="0" m="21847" /><D92/><U3/><E7/><V23/><F8/><W0/><G10/><T39/><D39/><U17/><E67/><V2/><F2/><W71/><G71/><T120/><D120/><U57/><E64/><V123/><F123/><W72/><G72/><T128/><D128/><U20/><E58/><V44/><F44/><W101/><G101/><T9/><D9/><U36/><E36/><V22/><F35/><W86/><G1/><T121/><D121/><U47/><E47/><V109/><F109/><N who="0" m="42058" /><D55/><U4/><E4/><V50/><AGARI ba="3,0" hai="13,14,15,21,22,23,26,30,50,53,59" m="51754" machi="50" ten="30,2000,0" yaku="5,1,20,1" doraHai="127" who="2" fromWho="2" sc="578,-13,129,-8,89,29,204,-8" /><INIT seed="5,0,0,5,1,65" ten="565,121,118,196" oya="1" hai0="113,126,31,90,41,132,13,33,108,28,86,6,85" hai1="134,37,22,51,98,23,30,119,80,10,62,105,79" hai2="76,130,118,47,88,110,68,75,20,19,111,24,83" hai3="3,66,48,34,115,102,74,117,97,104,135,0,44"/><U131/><E37/><V52/><F118/><W114/><G117/><T49/><D108/><U128/><E119/><V69/><F130/><N who="1" m="49705" /><E134/><V14/><F88/><W127/><G135/><T8/><D126/><U9/><E51/><V53/><F111/><W99/><G74/><T43/><D113/><N who="3" m="43017" /><G34/><T58/><D33/><U39/><E39/><V35/><F110/><W2/><G127/><T32/><D32/><U64/><E98/><V72/><F72/><W120/><G120/><T4/><D43/><U84/><E105/><V1/><F1/><W40/><G99/><T94/><D41/><U11/><E30/><V12/><F12/><W42/><G66/><T45/><D28/><U96/><E96/><V5/><F35/><W17/><G17/><T67/><D31/><U55/><E55/><AGARI ba="0,0" hai="0,2,3,40,42,44,48,55,97,102,104" m="43017" machi="55" ten="40,1300,0" yaku="15,1" doraHai="65" who="3" fromWho="1" sc="565,0,121,-13,118,0,196,13" /><INIT seed="6,0,0,3,2,9" ten="565,108,118,209" oya="2" hai0="93,74,109,102,73,40,49,7,46,113,10,123,36" hai1="26,122,13,37,112,20,6,119,60,96,134,126,135" hai2="128,38,91,133,89,18,54,8,29,120,63,132,98" hai3="95,70,100,47,33,51,4,67,14,48,83,50,127"/><V82/><F120/><W72/><G33/><T88/><D109/><U35/><E37/><V124/><F38/><W1/><G1/><T118/><D123/><U32/><E122/><V110/><F29/><W43/><G127/><T59/><D102/><U19/><E119/><V129/><F110/><W66/><G70/><T90/><D118/><U71/><E96/><V65/><F54/><W108/><G108/><T107/><D107/><U53/><E126/><V56/><F124/><W104/><G104/><T11/><D11/><N who="1" m="4343" /><E53/><V28/><F28/><W105/><G105/><T117/><D117/><U44/><E44/><V75/><F75/><W77/><G100/><T24/><D90/><N who="2" m="34314" /><F82/><W21/><G95/><T55/><D74/><U114/><E71/><V16/><F98/><W78/><G77/><T69/><D73/><U45/><E45/><V85/><F85/><W87/><G72/><T2/><D69/><U86/><E86/><V103/><F103/><W3/><G3/><T106/><D106/><U80/><E80/><V130/><F8/><N who="3" m="4359" /><G21/><T116/><D116/><U58/><E58/><V92/><F92/><W42/><G42/><T5/><D40/><U121/><E121/><V125/><F125/><W115/><G115/><N who="1" m="44074" /><E60/><V111/><F111/><W68/><G68/><T22/><D36/><U131/><E131/><N who="2" m="33539" /><V39/><DORA hai="41" /><F39/><W30/><G30/><T34/><D113/><U97/><E97/><V17/><AGARI ba="0,0" hai="16,17,18,56,63,65,132,133" m="33539,34314" machi="17" ten="50,4800,0" yaku="19,1,54,1" doraHai="9,41" who="2" fromWho="2" sc="565,-16,108,-16,118,48,209,-16" /><INIT seed="6,1,0,5,4,2" ten="549,92,166,193" oya="2" hai0="25,9,4,65,17,71,57,37,53,90,26,66,68" hai1="117,79,8,18,80,43,12,32,24,16,134,51,98" hai2="86,113,47,41,115,74,3,131,22,78,49,45,38" hai3="132,42,127,40,21,114,95,125,15,33,60,11,7"/><V128/><F74/><W120/><G120/><T35/><D37/><U61/><E117/><V102/><F102/><W118/><G118/><T54/><D35/><U5/><E134/><V73/><F86/><W129/><G132/><T96/><D68/><U28/><E61/><V105/><F105/><W130/><G33/><T106/><D71/><U116/><E116/><V133/><F133/><W99/><G60/><T76/><D76/><U77/><E77/><V14/><F14/><W89/><G21/><N who="0" m="13487" /><D26/><U100/><E51/><V85/><F85/><W72/><G72/><T81/><D106/><U34/><E43/><N who="3" m="16426" /><G114/><N who="2" m="43529" /><F22/><W101/><G89/><T94/><D81/><U108/><E34/><V92/><F3/><W67/><G67/><N who="0" m="25611" /><D57/><U126/><E126/><AGARI ba="1,0" hai="7,11,15,95,99,101,125,126,127,129,130" m="16426" machi="126" ten="30,2000,0" yaku="18,1,52,1" doraHai="2" who="3" fromWho="1" sc="549,0,92,-23,166,0,193,23" /><INIT seed="7,0,0,1,1,131" ten="549,69,166,216" oya="3" hai0="6,81,5,25,66,59,15,75,29,82,76,106,67" hai1="110,135,71,20,47,128,56,11,1,103,31,33,79" hai2="118,127,38,24,4,64,23,123,16,94,58,100,42" hai3="63,68,102,126,45,96,54,62,17,112,26,28,134"/><W8/><G134/><T44/><D106/><U0/><E56/><V80/><F118/><W77/><G77/><T125/><D125/><U105/><E47/><V9/><F127/><W86/><G112/><T34/><D44/><U73/><E103/><V30/><F123/><W89/><G68/><T122/><D122/><U27/><E79/><V2/><F80/><W130/><G130/><T92/><D82/><U74/><E74/><V83/><F83/><W101/><G101/><T72/><D72/><U50/><E50/><V95/><F38/><W113/><G113/><T98/><D15/><U57/><E57/><V97/><F42/><W114/><G114/><T87/><D75/><U108/><E73/><V39/><F39/><W51/><G17/><T7/><D59/><U14/><E71/><V121/><F121/><W19/><G19/><T40/><D40/><U91/><E91/><V99/><F99/><W32/><G8/><T55/><D55/><U90/><E90/><V104/><F30/><W41/><G54/><T61/><D61/><U129/><E105/><V78/><REACH who="2" step="1"/><F78/><REACH who="2" ten="549,69,156,216" step="2"/><W132/><G126/><T93/><REACH who="0" step="1"/><D93/><REACH who="0" ten="539,69,156,216" step="2"/><U46/><E46/><V18/><F18/><W65/><G41/><T88/><AGARI ba="0,2" hai="5,6,7,25,29,34,66,67,76,81,87,88,92,98" machi="88" ten="30,7900,0" yaku="1,1,2,1,0,1,54,1,53,0" doraHai="131" doraHaiUra="69" who="0" fromWho="0" sc="539,99,69,-20,156,-20,216,-39" owari="638,73.0,49,-45.0,136,-26.0,177,-2.0" /></mjloggm>