<mjloggm ver="2.3"><GO type="97" lobby="0"/><UN n0="%E5%B0%B1%E6%B4%BB%E7%94%9F%40%E5%B7%9D%E6%9D%91%E8%BB%8D%E5%9B%A3" n1="%E3%83%A8%E3%82%AC%E3%82%AD%E3%83%A3%E3%83%83%E3%83%88" n2="%E6%94%BE%E9%8A%83%E3%81%AA%E3%82%89%E3%81%BE%E3%81%8B%E3%81%9B%E3%82%8D" n3="%E3%81%84%E3%81%95%E3%82%8B" dan="17,13,13,13" rate="2138.71,1893.69,1834.89,1940.02" sx="M,M,M,M"/><TAIKYOKU oya="0"/><INIT seed="0,0,0,4,5,12" ten="250,250,250,250" oya="0" hai0="112,36,126,88,124,11,44,107,47,16,54,104,18" hai1="76,53,29,96,97,66,64,93,81,85,56,84,79" hai2="48,127,134,26,30,91,71,78,87,120,4,14,130" hai3="58,109,82,90,19,125,105,40,77,45,6,46,60"/><T13/><D112/><U49/><E29/><V50/><F71/><W59/><G105/><T133/><D133/><U9/><E9/><V121/><F127/><N who="0" m="48682" /><D36/><U70/><E70/><V23/><F130/><W39/><G125/><T31/><D31/><U101/><E97/><V22/><F134/><W15/><G6/><N who="0" m="3319" /><D47/><U32/><E32/><V52/><F121/><W129/><G129/><T51/><D88/><U41/><E41/><V116/><F120/><W5/><G5/><T27/><D27/><U74/><E74/><V99/><F116/><W102/><G90/><T34/><D34/><U7/><REACH who="1" step="1"/><E7/><REACH who="1" ten="250,240,250,250" step="2"/><V20/><F4/><W123/><G123/><T114/><D114/><U55/><E55/><V42/><F14/><W2/><G40/><T0/><D0/><U122/><E122/><V89/><F42/><W21/><G2/><T83/><D83/><AGARI ba="0,1" hai="49,53,56,64,66,76,79,81,83,84,85,93,96,101" machi="83" ten="40,8000,1" yaku="1,1,9,1,8,1,53,1" doraHai="12" doraHaiUra="92" who="1" fromWho="0" sc="250,-80,240,90,250,0,250,0" /><INIT seed="1,0,0,3,2,95" ten="170,330,250,250" oya="1" hai0="111,84,100,134,7,98,123,31,51,69,117,71,17" hai1="81,73,11,129,2,56,12,99,96,75,70,125,60" hai2="30,59,80,18,13,34,132,131,3,62,9,72,108" hai3="53,91,104,39,93,109,102,74,112,54,122,26,37"/><U64/><E2/><V27/><F131/><W21/><G74/><T45/><D117/><U44/><E129/><V28/><F132/><W128/><G128/><T29/><D134/><U83/><E125/><V86/><F30/><W23/><G112/><T25/><D123/><U89/><E75/><V67/><F72/><W5/><G122/><T48/><D111/><U124/><E73/><V76/><F108/><W121/><G109/><T82/><D7/><N who="1" m="3199" /><E70/><V0/><AGARI ba="0,0" hai="0,3,9,13,18,27,28,34,59,62,67,76,80,86" machi="0" ten="30,1100,0" yaku="0,1" doraHai="95" who="2" fromWho="2" sc="170,-3,330,-5,250,11,250,-3" /><INIT seed="2,0,0,0,4,68" ten="167,325,261,247" oya="2" hai0="22,100,38,43,28,55,78,29,23,86,109,66,63" hai1="83,96,80,69,57,91,84,117,56,102,40,41,3" hai2="123,1,21,10,60,50,103,110,25,130,13,92,14" hai3="125,112,19,124,49,34,12,45,24,46,44,64,2"/><V51/><F123/><W54/><G2/><T89/><D109/><U0/><E69/><V61/><F130/><W82/><G64/><T72/><D100/><U133/><E117/><V9/><F1/><W71/><G71/><T75/><D63/><U90/><E133/><V62/><F110/><W77/><G112/><T114/><D66/><U116/><E116/><V6/><F92/><W4/><G4/><T132/><D55/><U93/><E3/><V107/><F107/><W87/><G34/><T52/><D132/><U53/><E0/><V35/><F35/><W8/><REACH who="3" step="1"/><G24/><REACH who="3" ten="167,325,261,237" step="2"/><T118/><D114/><U5/><E5/><V128/><F128/><W11/><G11/><T20/><D118/><U15/><E15/><V122/><F122/><W42/><G42/><T129/><D129/><U121/><E121/><V17/><REACH who="2" step="1"/><F103/><REACH who="2" ten="167,325,251,237" step="2"/><W37/><G37/><T104/><D38/><U120/><E120/><V33/><F33/><W81/><G81/><T31/><D31/><AGARI ba="0,2" hai="6,9,10,13,14,17,21,25,31,50,51,60,61,62" machi="31" ten="40,12000,1" yaku="1,1,8,1,53,3" doraHai="68" doraHaiUra="59" who="2" fromWho="0" sc="167,-120,325,0,251,140,237,0" /><INIT seed="2,1,0,5,0,38" ten="47,325,391,237" oya="2" hai0="23,14,6,26,78,12,67,131,105,61,41,96,134" hai1="70,2,127,77,87,114,8,45,66,128,100,110,46" hai2="82,112,17,29,89,117,42,44,97,49,34,13,33" hai3="1,91,124,18,79,69,10,53,74,113,88,37,106"/><V64/><F117/><W116/><G106/><T11/><D131/><U104/><E114/><V84/><F112/><W72/><G113/><T98/><D134/><U132/><E128/><V58/><F33/><W129/><G69/><T9/><D78/><U122/><E132/><V81/><F34/><W30/><G129/><T121/><D121/><U71/><E122/><V80/><F29/><W52/><G30/><T108/><D108/><U21/><E110/><V7/><F97/><W24/><G116/><T35/><D35/><U102/><E104/><V126/><F7/><W63/><G37/><T111/><D111/><U90/><E77/><V43/><F43/><W39/><G39/><T99/><D105/><U57/><E21/><N who="2" m="11439" /><F126/><W133/><G133/><T101/><D41/><U27/><E27/><V93/><F58/><W0/><G124/><T62/><D101/><U109/><E127/><V85/><F64/><W19/><G79/><T60/><D67/><U73/><E73/><V94/><F84/><W32/><G32/><T118/><D118/><U55/><E66/><V92/><AGARI ba="1,0" hai="42,44,49,80,81,82,85,89,92,93,94" m="11439" machi="92" ten="30,3000,0" yaku="8,1,52,1" doraHai="38" who="2" fromWho="2" sc="47,-11,325,-11,391,33,237,-11" /><INIT seed="2,2,0,1,2,108" ten="36,314,424,226" oya="2" hai0="104,39,53,48,47,114,84,1,21,111,133,4,92" hai1="86,9,87,120,57,110,23,89,0,93,2,38,41" hai2="125,45,121,26,109,123,59,60,124,35,37,112,81" hai3="25,58,75,72,24,90,91,117,43,44,73,102,18"/><V129/><F129/><W7/><G117/><T50/><D104/><U100/><E110/><V103/><F109/><W5/><G102/><T122/><D111/><U134/><E134/><V107/><F81/><W33/><G58/><T105/><D133/><U30/><E120/><V64/><F103/><W46/><G18/><T113/><D105/><U16/><E30/><V68/><F112/><W70/><G70/><T82/><D122/><N who="2" m="46602" /><F59/><W20/><G20/><T83/><D39/><U95/><E57/><V15/><F15/><W36/><G33/><T54/><D21/><U118/><E118/><V10/><F10/><W96/><G96/><T61/><D61/><U98/><E87/><V8/><F8/><W115/><G73/><T55/><D55/><U40/><E38/><V126/><F107/><W67/><G36/><T11/><D92/><U29/><E29/><N who="2" m="19895" /><F37/><W49/><G49/><T12/><D1/><U131/><E131/><V132/><F45/><W127/><G43/><T42/><D83/><U28/><E28/><V63/><F63/><W52/><G67/><T99/><D99/><U13/><REACH who="1" step="1"/><E0/><REACH who="1" ten="36,304,424,226" step="2"/><V66/><F132/><W17/><G75/><T27/><D27/><U106/><E106/><V101/><F64/><W119/><G72/><T65/><D65/><U22/><E22/><V78/><F66/><W77/><G119/><T116/><D116/><U76/><E76/><V79/><F79/><W94/><G77/><N who="0" m="46159" /><D50/><U128/><E128/><V135/><F78/><W19/><G25/><T69/><D69/><U71/><E71/><V3/><F135/><W88/><G24/><RYUUKYOKU ba="2,1" sc="36,15,304,15,424,-15,226,-15" hai0="4,11,12,42,47,48,53,54,113,114" hai1="2,9,13,16,23,40,41,86,89,93,95,98,100" /><INIT seed="3,3,1,4,2,132" ten="51,319,409,211" oya="3" hai0="87,82,112,123,48,10,97,126,68,47,67,40,65" hai1="43,84,19,29,71,130,102,80,75,92,99,55,135" hai2="88,50,91,44,118,134,17,113,81,108,69,109,34" hai3="1,22,100,37,26,122,60,39,89,107,124,125,115"/><W57/><G1/><T61/><D123/><U104/><E71/><V120/><F69/><W64/><G122/><T98/><D112/><U95/><E43/><V77/><F120/><W116/><G115/><T51/><D67/><U27/><E19/><V54/><F118/><W70/><G116/><T16/><D51/><U2/><E2/><V25/><F113/><W106/><G89/><T103/><D103/><U79/><E135/><V74/><F134/><W133/><G133/><T53/><D40/><U36/><E36/><N who="3" m="13898" /><G100/><T5/><D5/><U58/><E130/><V35/><F17/><W131/><G131/><T114/><D114/><U30/><E27/><V93/><F25/><W110/><G70/><T24/><D24/><U83/><E95/><V78/><F78/><W15/><G15/><T12/><REACH who="0" step="1"/><D126/><REACH who="0" ten="41,319,409,211" step="2"/><N who="3" m="48745" /><G110/><N who="2" m="42601" /><F91/><W18/><AGARI ba="3,2" hai="18,22,26,57,60,64,106,107" m="48745,13898" machi="18" ten="30,11700,0" yaku="18,1,52,3" doraHai="132" who="3" fromWho="3" sc="41,-42,319,-42,409,-42,211,146" owari="-1,-50.0,277,-12.0,367,46.0,357,16.0" /></mjloggm>