<mjloggm ver="2.3"><GO type="169" lobby="0"/><UN n0="%70%67%61%69%6E" n1="%E7%99%BD%E3%81%99%E3%81%B4%E3%81%A3%E3%81%A4%EF%BC%A0%E5%8D%8A%E8%8D%98" n2="%73%69%6E%73%69%73%74" n3="%E3%83%88%E3%83%88%E3%83%AA%E5%85%88%E7%94%9F%31%39%E6%AD%B3" dan="18,17,17,18" rate="2159.10,2148.11,2172.45,2187.64" sx="M,M,M,F"/><TAIKYOKU oya="0"/><INIT seed="0,0,0,5,3,55" ten="250,250,250,250" oya="0" hai0="6,91,101,53,98,62,72,86,26,49,19,83,80" hai1="70,8,63,10,29,51,59,18,28,82,60,96,34" hai2="128,24,76,67,133,56,109,5,12,47,127,120,124" hai3="43,3,115,92,75,122,118,41,25,81,16,2,93"/><T14/><D6/><U61/><E70/><V79/><F120/><W89/><G115/><T7/><D7/><U0/><E34/><V99/><F109/><W37/><G118/><T107/><D26/><U32/><E32/><V22/><F128/><W71/><G71/><T23/><D62/><N who="1" m="24171" /><E0/><V95/><F47/><W117/><G117/><T58/><REACH who="0" step="1"/><D72/><REACH who="0" ten="240,250,250,250" step="2"/><U85/><E18/><N who="2" m="10567" /><F5/><W74/><G25/><T108/><D108/><U90/><E28/><V48/><F24/><W121/><G16/><T20/><D20/><U35/><E29/><V13/><F13/><W112/><G74/><T45/><D45/><U100/><E35/><V102/><F127/><W54/><G75/><T105/><D105/><U66/><E51/><V106/><F48/><W111/><G111/><T78/><D78/><U40/><E40/><V103/><F76/><W64/><G41/><T94/><AGARI ba="0,1" hai="14,19,23,49,53,58,80,83,86,91,94,98,101,107" machi="94" ten="20,18000,2" yaku="1,1,0,1,7,1,25,2,52,1,53,1" doraHai="55" doraHaiUra="84" who="0" fromWho="0" sc="240,190,250,-60,250,-60,250,-60" /><INIT seed="0,1,0,2,5,46" ten="430,190,190,190" oya="0" hai0="79,7,55,3,65,40,74,30,117,92,95,85,83" hai1="91,114,80,59,63,103,23,67,122,125,90,17,88" hai2="25,15,14,106,100,93,99,26,2,109,70,108,29" hai3="0,73,39,82,104,113,12,8,66,44,22,71,69"/><T41/><D65/><U28/><E122/><V32/><F2/><W51/><G113/><T56/><D30/><U81/><E114/><V1/><F1/><W68/><G104/><T135/><D117/><U47/><E125/><V110/><F70/><W21/><G39/><T127/><D135/><U75/><E75/><V61/><F61/><W37/><G37/><T13/><D3/><U16/><E103/><V115/><F115/><W131/><G0/><T33/><D33/><U116/><E116/><V94/><F26/><W87/><G73/><T34/><D34/><U118/><E118/><V112/><F112/><W6/><G66/><T86/><D74/><U52/><E28/><V10/><REACH who="2" step="1"/><F15/><REACH who="2" ten="430,190,180,190" step="2"/><W43/><REACH who="3" step="1"/><G131/><REACH who="3" ten="430,190,180,180" step="2"/><T20/><D127/><U31/><E31/><V128/><F128/><W42/><G42/><T48/><D41/><U111/><E111/><V62/><F62/><W49/><G49/><T129/><D48/><N who="1" m="28703" /><E17/><AGARI ba="1,2" hai="10,14,17,25,29,32,93,94,99,100,106,108,109,110" machi="17" ten="40,2600,0" yaku="1,1,14,1,53,0" doraHai="46" doraHaiUra="105" who="2" fromWho="1" sc="430,0,190,-29,180,49,180,0" /><INIT seed="1,0,0,4,4,44" ten="430,161,229,180" oya="1" hai0="5,113,117,111,99,105,29,60,55,15,80,20,6" hai1="108,43,87,40,73,18,131,77,92,97,38,8,69" hai2="50,88,64,19,32,129,9,133,82,4,24,121,127" hai3="36,110,125,14,26,107,61,53,33,79,122,62,114"/><U30/><E69/><V27/><F121/><W13/><G122/><T46/><D111/><U10/><E108/><V74/><F129/><W78/><G114/><T132/><D105/><U100/><E73/><V0/><F133/><W104/><G36/><T90/><D117/><U118/><E118/><V93/><F127/><W12/><G125/><T89/><D89/><U91/><E77/><V56/><F32/><W21/><G33/><T16/><D113/><U75/><E75/><V49/><F82/><W81/><G110/><T7/><D132/><U96/><E131/><V41/><F41/><W35/><G35/><T83/><D29/><U95/><E30/><V72/><F72/><W59/><G107/><T1/><D1/><U37/><E18/><V84/><F74/><W31/><G104/><T123/><D123/><U65/><E65/><V34/><F34/><W128/><G128/><T126/><D126/><U70/><E70/><V94/><F94/><W17/><G31/><T103/><D103/><U57/><E57/><V48/><REACH who="2" step="1"/><F19/><REACH who="2" ten="430,161,219,180" step="2"/><W130/><G130/><T63/><D83/><N who="1" m="49663" /><E43/><V45/><F45/><W106/><G106/><T67/><D16/><U2/><E40/><V102/><F102/><W86/><REACH who="3" step="1"/><G79/><REACH who="3" ten="430,161,219,170" step="2"/><T101/><D101/><U134/><E134/><V112/><F112/><W42/><G42/><T52/><D90/><N who="1" m="55415" /><E38/><V115/><F115/><W76/><G76/><T28/><D28/><U120/><E37/><V11/><F11/><N who="1" m="4137" /><E120/><V47/><F47/><W85/><G85/><T66/><D46/><U3/><E100/><V39/><F39/><W116/><G116/><RYUUKYOKU ba="0,2" sc="430,-30,161,10,219,10,170,10" hai1="2,3,92,97" hai2="0,4,9,24,27,48,49,50,56,64,84,88,93" hai3="12,13,14,17,21,26,53,59,61,62,78,81,86" /><INIT seed="1,1,2,4,1,54" ten="400,171,229,180" oya="1" hai0="55,45,16,34,53,1,77,62,115,134,24,0,104" hai1="80,125,131,56,13,20,69,124,19,6,75,28,25" hai2="92,71,12,14,30,65,109,35,132,99,116,105,85" hai3="98,18,9,40,114,46,101,37,88,106,128,118,74"/><U70/><E6/><V50/><F116/><W107/><G114/><T72/><D104/><U36/><E36/><V91/><F109/><W120/><G120/><T94/><D72/><U57/><E131/><V39/><F39/><W87/><G118/><T26/><D77/><N who="1" m="44095" /><E69/><V130/><F130/><W10/><G74/><T66/><D134/><U102/><E70/><V127/><F127/><N who="1" m="48713" /><E102/><N who="2" m="62687" /><F50/><W81/><G128/><T47/><D34/><AGARI ba="1,2" hai="13,19,20,25,28,34,56,57" m="48713,44095" machi="34" ten="30,5800,0" yaku="18,1,52,2" doraHai="54" who="1" fromWho="0" sc="400,-61,171,81,229,0,180,0" /><INIT seed="1,2,0,5,3,112" ten="339,252,229,180" oya="1" hai0="121,116,64,48,5,57,52,51,45,114,14,39,65" hai1="115,130,62,104,4,0,13,124,120,70,35,2,111" hai2="15,73,93,28,131,110,32,127,66,82,105,36,16" hai3="31,24,103,98,37,77,97,22,44,118,109,71,23"/><U67/><RYUUKYOKU type="yao9" ba="2,0" sc="339,0,252,0,229,0,180,0" hai1="0,2,4,13,35,62,67,70,104,111,115,120,124,130" /><INIT seed="1,3,0,3,0,86" ten="339,252,229,180" oya="1" hai0="26,77,23,28,93,9,60,81,64,11,124,83,121" hai1="33,133,69,97,74,130,48,98,45,76,13,100,82" hai2="123,58,0,39,59,40,41,24,95,61,29,51,42" hai3="115,50,87,131,7,119,104,10,117,35,25,57,49"/><U125/><E33/><V101/><F123/><W107/><G115/><T79/><D124/><U43/><E125/><V17/><F0/><W53/><G131/><T15/><D121/><U134/><E130/><V14/><F39/><W135/><G135/><T18/><D11/><U73/><E69/><V32/><F51/><W105/><G49/><T126/><D126/><U102/><E74/><V75/><F75/><W20/><G35/><T99/><D79/><U2/><E2/><V89/><F101/><W91/><G10/><T108/><D77/><U84/><E73/><V47/><F47/><W70/><G70/><T111/><D111/><U67/><E67/><V16/><F14/><W54/><G54/><T129/><D108/><U8/><E100/><V56/><REACH who="2" step="1"/><F61/><REACH who="2" ten="339,252,219,180" step="2"/><W21/><G7/><T55/><D129/><U38/><E38/><V88/><F88/><W12/><G12/><T120/><D15/><U34/><E102/><V30/><F30/><W62/><G62/><T132/><D28/><U31/><E134/><V80/><F80/><N who="3" m="49639" /><G25/><T103/><D26/><N who="1" m="18807" /><E133/><V4/><F4/><AGARI ba="3,1" hai="4,8,13,43,45,48,76,82,84,97,98" m="18807" machi="4" ten="30,1500,0" yaku="25,1" doraHai="86" who="1" fromWho="2" sc="339,0,252,34,219,-24,180,0" /><INIT seed="1,4,0,0,0,17" ten="339,286,195,180" oya="1" hai0="123,117,49,30,32,93,51,2,65,116,61,80,31" hai1="59,135,41,89,82,124,28,58,11,73,114,118,97" hai2="8,54,134,39,23,90,92,101,109,79,64,83,37" hai3="78,42,132,108,1,71,110,62,72,47,22,33,86"/><U67/><E114/><V104/><F109/><N who="3" m="42091" /><G33/><T14/><D2/><U91/><E118/><V130/><F130/><W127/><G1/><T122/><D80/><U88/><E124/><V84/><F134/><W15/><G72/><T129/><D93/><U133/><E41/><V45/><F64/><N who="3" m="41367" /><G86/><T12/><D32/><U20/><E67/><V27/><F8/><W102/><G78/><T100/><D65/><U81/><E97/><V125/><F125/><W120/><G102/><T113/><D100/><U46/><E46/><V112/><F104/><W7/><G7/><T5/><D5/><U68/><E68/><V38/><F112/><W105/><G105/><T70/><D70/><U35/><E35/><V53/><F101/><W66/><G66/><T85/><D85/><U34/><E34/><V96/><REACH who="2" step="1"/><F45/><REACH who="2" ten="339,286,185,180" step="2"/><W4/><G132/><T0/><D113/><U13/><E135/><V99/><F99/><W43/><G127/><T77/><D117/><U74/><E133/><V131/><F131/><W128/><G128/><T40/><D116/><U44/><E44/><V36/><N who="2" m="9216" /><DORA hai="75" /><V19/><AGARI ba="4,1" hai="19,23,27,53,54,79,83,84,90,92,96" m="9216" machi="19" ten="60,12000,2" yaku="1,1,4,1,0,1,52,2,53,2" doraHai="17,75" doraHaiUra="48,115" who="2" fromWho="2" sc="339,-34,286,-64,185,142,180,-34" /><INIT seed="2,0,0,2,5,14" ten="305,222,327,146" oya="2" hai0="97,63,4,33,121,67,9,28,115,6,52,39,27" hai1="1,96,132,123,48,40,34,12,56,51,50,95,116" hai2="101,91,113,103,3,131,45,104,57,62,18,32,66" hai3="59,129,16,118,81,128,8,35,61,87,85,46,107"/><V89/><F113/><W19/><G118/><T73/><D39/><U74/><E116/><V54/><F32/><W31/><G107/><T71/><D73/><U102/><E1/><V110/><F3/><W11/><G46/><T126/><D126/><U135/><E34/><V58/><F131/><N who="3" m="50251" /><G31/><T44/><D115/><U42/><E74/><V122/><F122/><W86/><G35/><T49/><D121/><U105/><E123/><V37/><F110/><W117/><G81/><T114/><D114/><U23/><E56/><V99/><F103/><W88/><G88/><T41/><D41/><U70/><E70/><V120/><F45/><W38/><G38/><T26/><D97/><U119/><E119/><V7/><F37/><W112/><G112/><T98/><D98/><U79/><E79/><V22/><F7/><W111/><G111/><T29/><D6/><U127/><E105/><V133/><F120/><W90/><G90/><T2/><D33/><U24/><E12/><V10/><F89/><W108/><G108/><T30/><AGARI ba="0,0" hai="2,4,9,26,27,28,29,30,44,49,52,63,67,71" machi="30" ten="30,2000,0" yaku="0,1,54,1" doraHai="14" who="0" fromWho="0" sc="305,20,222,-5,327,-10,146,-5" /><INIT seed="3,0,0,1,2,88" ten="325,217,317,141" oya="3" hai0="50,30,33,10,14,40,69,23,93,31,124,104,94" hai1="131,44,4,26,7,46,56,109,62,87,57,121,17" hai2="97,37,118,117,85,77,5,128,122,22,114,55,3" hai3="99,79,34,73,74,21,95,70,52,16,18,0,9"/><W41/><G70/><T78/><D104/><U66/><E109/><V11/><F114/><W61/><G34/><T19/><D69/><U49/><E121/><V108/><F108/><W64/><G41/><T111/><D111/><U8/><E131/><V90/><F37/><W102/><G64/><T29/><D33/><U45/><E87/><V129/><F122/><W13/><G79/><T20/><D124/><U101/><E101/><V67/><F97/><W32/><G32/><T76/><D76/><U75/><E75/><V91/><F67/><W112/><G112/><T132/><D132/><U96/><E96/><V60/><F22/><N who="0" m="8234" /><D78/><U103/><E103/><V135/><F90/><W2/><G2/><T134/><D134/><U1/><E1/><V36/><F36/><W68/><G68/><T47/><AGARI ba="0,0" hai="10,14,19,29,30,31,40,47,50,93,94" m="8234" machi="47" ten="30,4000,0" yaku="8,1,52,2" doraHai="88" who="0" fromWho="0" sc="325,40,217,-10,317,-10,141,-20" /><INIT seed="4,0,0,0,2,13" ten="365,207,307,121" oya="0" hai0="90,83,116,101,77,60,5,108,22,107,128,135,17" hai1="115,71,118,78,110,106,105,20,40,23,89,4,14" hai2="121,16,75,2,28,68,36,57,64,132,45,24,95" hai3="34,112,46,33,25,19,41,61,84,93,62,113,109"/><T18/><D5/><U102/><E110/><V58/><F121/><W127/><G109/><T66/><D108/><U134/><E118/><V38/><F2/><W131/><G131/><T42/><D42/><U49/><E71/><V26/><F75/><W79/><G127/><T73/><D116/><U3/><E3/><V29/><F68/><W21/><G34/><T15/><D135/><U70/><E70/><V111/><F95/><W51/><G33/><T37/><D37/><U31/><E134/><V82/><F132/><W72/><G72/><T7/><D7/><U91/><E78/><V123/><F82/><W12/><G25/><T97/><D90/><U74/><E102/><V99/><F99/><W56/><G62/><T114/><D114/><U0/><E49/><V98/><F98/><W10/><G10/><T48/><D48/><U86/><E4/><V119/><F119/><W52/><REACH who="3" step="1"/><G93/><REACH who="3" ten="365,207,307,111" step="2"/><T120/><D128/><U44/><E74/><V47/><F111/><W129/><G129/><T124/><D124/><U43/><E115/><V53/><F24/><W59/><G59/><T32/><D32/><U130/><E130/><V133/><F26/><W63/><G63/><T81/><D60/><U94/><E94/><V55/><F58/><W35/><G35/><T126/><D126/><U67/><E105/><V27/><F57/><W39/><G39/><T96/><D107/><U76/><E106/><V1/><F36/><W30/><G30/><T50/><D73/><U88/><E31/><V85/><F38/><W54/><G54/><T9/><D9/><U92/><E92/><RYUUKYOKU ba="0,1" sc="365,-10,207,-10,307,-10,111,30" hai3="12,19,21,41,46,51,52,56,61,79,84,112,113" /><INIT seed="5,1,1,5,2,105" ten="355,197,297,141" oya="1" hai0="43,40,62,124,22,44,119,131,39,47,70,96,67" hai1="35,32,31,2,37,23,71,79,118,45,116,133,107" hai2="33,78,132,72,13,135,38,17,110,86,129,88,130" hai3="74,101,5,85,52,97,91,42,54,120,90,89,103"/><U48/><E107/><V114/><F38/><W29/><G120/><T0/><D0/><U53/><E2/><V15/><F33/><W84/><G74/><T25/><D131/><N who="2" m="50186" /><F110/><W93/><G103/><T50/><D124/><U77/><E71/><V24/><F114/><W26/><G5/><T80/><D96/><U27/><E133/><N who="2" m="51275" /><F24/><W41/><G42/><T125/><D125/><U82/><E37/><V57/><F57/><W60/><G41/><T16/><REACH who="0" step="1"/><D80/><REACH who="0" ten="345,197,297,141" step="2"/><U104/><E82/><N who="2" m="45383" /><F17/><W95/><G60/><T122/><D122/><U109/><E109/><V4/><F4/><W94/><REACH who="3" step="1"/><G101/><REACH who="3" ten="345,197,297,131" step="2"/><T76/><D76/><U14/><E79/><V58/><F58/><W6/><G6/><T81/><D81/><AGARI ba="1,3" hai="13,15,81,86,88" m="45383,51275,50186" machi="81" ten="30,7700,0" yaku="19,1,20,1,52,1,54,1" doraHai="105" who="2" fromWho="0" sc="345,-80,197,0,297,110,131,0" /><INIT seed="6,0,0,2,0,123" ten="265,197,407,131" oya="2" hai0="76,74,60,3,31,7,65,64,47,127,5,4,38" hai1="28,63,58,56,131,135,45,36,126,33,98,18,73" hai2="113,70,112,86,24,8,15,89,27,23,57,9,0" hai3="21,72,121,10,48,122,13,109,94,6,42,20,54"/><V52/><F70/><W106/><G106/><T124/><D3/><U61/><E73/><V110/><F110/><W43/><G72/><T17/><D31/><U69/><E69/><V19/><F0/><W40/><G121/><T118/><D118/><U87/><E135/><V84/><F84/><W102/><G122/><T1/><D1/><U50/><E131/><V25/><F113/><W132/><G132/><T97/><D17/><U99/><E126/><V67/><F67/><W114/><G114/><T2/><D2/><U12/><E36/><V16/><F19/><W71/><G71/><T41/><D60/><N who="1" m="23115" /><E28/><V101/><F101/><W75/><G75/><T53/><D53/><N who="1" m="29903" /><E87/><V22/><F22/><W117/><G117/><T51/><D38/><U108/><E108/><V100/><F100/><W107/><G107/><T120/><D97/><N who="1" m="36875" /><E33/><V96/><F96/><W91/><G102/><T29/><D29/><U30/><E30/><V11/><F112/><W128/><G109/><T88/><D120/><U105/><E105/><V80/><F25/><W32/><G32/><T134/><D134/><U55/><E55/><V66/><F66/><N who="0" m="25706" /><D127/><U115/><E115/><V46/><F46/><N who="3" m="27927" /><G128/><T34/><D34/><U44/><E44/><V62/><AGARI ba="0,0" hai="8,9,11,15,16,23,24,27,52,57,62,80,86,89" machi="62" ten="30,11700,0" yaku="0,1,8,1,54,2" doraHai="123" who="2" fromWho="2" sc="265,-39,197,-39,407,117,131,-39" /><INIT seed="6,1,0,5,4,17" ten="226,158,524,92" oya="2" hai0="39,71,91,106,101,33,14,1,124,10,74,27,26" hai1="60,83,11,31,59,102,118,0,75,8,25,93,23" hai2="61,5,81,90,38,12,56,79,20,9,70,94,100" hai3="115,110,134,122,86,117,42,113,128,114,135,36,32"/><V107/><F38/><W109/><G32/><T125/><D39/><U104/><E104/><V112/><F112/><W127/><G86/><T37/><D37/><U108/><E0/><V121/><F121/><W129/><G122/><T123/><D71/><U57/><E108/><N who="3" m="41578" /><G117/><T69/><D69/><U46/><E46/><V116/><F116/><W49/><G49/><T2/><D74/><U47/><E47/><V80/><F70/><W96/><G127/><T15/><D33/><U22/><E118/><V72/><F107/><W66/><G66/><T6/><D106/><U131/><E131/><N who="3" m="50250" /><G96/><T44/><D123/><U50/><E83/><V84/><F100/><W78/><G78/><T77/><D101/><U120/><E75/><V132/><F80/><W85/><G85/><T19/><D77/><U35/><E50/><V62/><F56/><W54/><G54/><T119/><D119/><U130/><E130/><V13/><F62/><W51/><G51/><T53/><D53/><U89/><E102/><V24/><F61/><W97/><G97/><T105/><D125/><U34/><E34/><V103/><F103/><W111/><G111/><T45/><D124/><U68/><E68/><V73/><F73/><W21/><G21/><N who="1" m="7690" /><E120/><V95/><F72/><W133/><G133/><T87/><D105/><U29/><E59/><V126/><F132/><W30/><G30/><N who="1" m="11274" /><E35/><V7/><F126/><W76/><G76/><T18/><D45/><AGARI ba="1,0" hai="36,42,45,113,114,115,134,135" m="50250,41578" machi="45" ten="40,12000,2" yaku="15,1,11,1,19,1,23,1,34,2" doraHai="17" who="3" fromWho="0" sc="226,-123,158,0,524,0,92,123" /><INIT seed="7,0,0,5,5,70" ten="103,158,524,215" oya="3" hai0="117,54,58,73,86,2,57,32,76,45,109,18,6" hai1="0,64,74,3,67,47,41,4,125,92,53,80,83" hai2="36,23,63,50,103,116,111,77,130,8,43,88,26" hai3="108,17,78,133,112,102,33,75,52,31,48,13,11"/><W40/><G112/><T113/><D109/><U51/><E125/><V46/><F111/><W105/><G108/><T55/><D73/><U91/><E0/><V28/><F116/><W66/><G133/><T62/><D32/><U110/><E110/><V135/><F135/><W93/><G105/><T98/><D117/><U1/><E1/><V60/><F130/><W100/><G40/><T104/><D113/><U131/><E131/><V38/><F77/><W87/><G75/><T16/><D45/><U94/><E4/><V123/><F123/><W61/><G31/><T42/><D42/><U72/><E3/><V59/><F103/><W122/><G33/><T49/><D104/><U71/><E71/><V37/><F8/><W68/><G122/><T119/><D119/><U107/><E107/><V89/><REACH who="2" step="1"/><F63/><REACH who="2" ten="103,158,514,215" step="2"/><W90/><G78/><T5/><D98/><U124/><E124/><V121/><F121/><W79/><G79/><T21/><D2/><U20/><E72/><V69/><F69/><W27/><G11/><T132/><D132/><U84/><E74/><V15/><F15/><W128/><G13/><T129/><D129/><U35/><E80/><V24/><F24/><W39/><G27/><T81/><REACH who="0" step="1"/><D18/><REACH who="0" ten="93,158,514,215" step="2"/><U134/><E134/><V65/><AGARI ba="0,2" hai="23,26,28,36,37,38,43,46,50,59,60,65,88,89" machi="65" ten="30,12000,2" yaku="1,1,0,1,52,3,54,1,53,0" doraHai="70" doraHaiUra="10" who="2" fromWho="2" sc="93,-30,158,-30,514,140,215,-60" owari="63,-44.0,128,-27.0,654,75.0,155,-4.0" /></mjloggm>