<mjloggm ver="2.3"><GO type="169" lobby="0"/><UN n0="%E6%B0%B4%E5%93%89%E3%81%AE%E3%83%AC%E3%82%B8%E3%82%A7%E3%83%B3%E3%83%89" n1="%E5%B0%B1%E6%B4%BB%E7%94%9F%40%E5%B7%9D%E6%9D%91%E8%BB%8D%E5%9B%A3" n2="%E6%A1%9C%E4%BA%95%E3%81%95%E3%82%93" n3="%E4%B8%96%E7%95%8C%E3%81%AE%E9%9D%92%E6%9C%A8" dan="16,17,17,16" rate="2089.18,2235.84,2174.09,2131.36" sx="M,M,M,M"/><TAIKYOKU oya="0"/><INIT seed="0,0,0,4,2,10" ten="250,250,250,250" oya="0" hai0="103,44,22,86,80,94,61,64,109,46,127,39,117" hai1="28,92,122,9,113,106,110,76,112,130,120,126,55" hai2="70,24,65,114,60,53,38,83,134,30,29,36,23" hai3="33,78,88,99,108,79,75,52,7,25,66,72,107"/><T129/><D117/><U16/><E106/><V124/><F114/><N who="1" m="44137" /><E76/><N who="3" m="29226" /><G33/><T100/><D129/><U135/><E92/><V58/><F134/><W47/><G66/><T26/><D127/><U98/><E98/><V49/><F124/><W56/><G107/><T45/><D39/><U57/><E126/><V11/><F83/><W3/><G3/><T1/><D1/><U69/><E69/><V67/><F67/><W42/><G75/><T97/><D109/><U125/><E125/><V63/><F63/><N who="3" m="36231" /><G72/><T128/><D128/><U40/><E40/><V95/><F30/><W81/><G7/><T119/><D119/><U20/><E110/><V21/><F38/><W8/><G8/><T41/><D41/><U6/><E135/><V17/><F36/><W116/><G25/><T68/><D103/><U51/><E130/><V74/><F74/><W62/><G62/><T105/><D105/><U2/><E28/><V12/><REACH who="2" step="1"/><F95/><REACH who="2" ten="250,250,240,250" step="2"/><W131/><G108/><T111/><D111/><U93/><E93/><V34/><AGARI ba="0,1" hai="11,12,17,21,23,24,29,34,49,53,58,60,65,70" machi="34" ten="20,8000,1" yaku="1,1,2,1,0,1,7,1,52,1,53,0" doraHai="10" doraHaiUra="73" who="2" fromWho="2" sc="250,-40,250,-20,240,90,250,-20" /><INIT seed="1,0,0,0,2,99" ten="210,230,330,230" oya="1" hai0="21,72,67,53,58,135,76,57,46,70,100,115,97" hai1="16,79,74,10,112,130,95,3,43,121,33,103,1" hai2="39,8,106,47,114,24,92,108,66,101,110,35,117" hai3="17,41,77,88,31,133,37,125,83,73,94,54,44"/><U30/><E121/><V56/><F117/><W5/><G133/><T27/><D115/><U62/><E112/><V87/><F114/><W111/><G111/><T81/><D135/><U51/><E130/><V11/><F106/><W122/><G125/><T102/><D70/><U105/><E74/><V104/><F104/><W65/><G122/><T20/><D46/><U131/><E79/><V12/><F87/><W123/><G123/><T36/><D36/><U85/><E131/><V61/><F35/><W52/><G31/><T6/><D6/><U134/><E134/><V75/><F75/><W4/><G17/><T96/><D67/><U98/><E62/><V38/><F24/><W78/><G65/><T84/><D72/><U32/><E30/><V91/><F91/><W132/><G78/><T22/><D27/><U120/><E120/><V86/><F86/><W49/><G54/><T71/><D71/><U42/><E42/><N who="2" m="22999" /><F12/><W28/><G28/><T9/><D9/><N who="2" m="3658" /><F39/><W19/><G19/><T14/><D14/><U60/><E33/><V116/><F116/><W45/><G132/><T113/><D113/><U48/><E32/><V126/><F126/><W18/><G18/><T13/><D13/><N who="1" m="7223" /><E43/><V93/><F110/><W107/><REACH who="3" step="1"/><G107/><REACH who="3" ten="210,230,330,220" step="2"/><T69/><D53/><U63/><E3/><V55/><F55/><W26/><G26/><T109/><D109/><U40/><E1/><V127/><F127/><W128/><G128/><T82/><D76/><U68/><E40/><V7/><F108/><W129/><G129/><T23/><D23/><U25/><E105/><V50/><F66/><RYUUKYOKU ba="0,1" sc="210,-10,230,-10,330,-10,220,30" hai3="4,5,37,41,44,45,49,52,73,77,83,88,94" /><INIT seed="2,1,1,2,5,34" ten="200,220,320,250" oya="2" hai0="52,35,25,98,22,49,102,47,37,115,42,106,65" hai1="78,21,86,109,18,13,31,17,12,36,130,2,124" hai2="92,93,83,16,28,40,44,107,95,60,74,88,20" hai3="73,101,41,133,32,72,3,119,59,45,62,123,57"/><V127/><F107/><W105/><G59/><T110/><D110/><U99/><E36/><V71/><F127/><W100/><G100/><T54/><D115/><U87/><E2/><V58/><F71/><W131/><G57/><T116/><D116/><U67/><E124/><V19/><F74/><W122/><G119/><T7/><D35/><U104/><E109/><V55/><F28/><W89/><G89/><T120/><D120/><U53/><E31/><V29/><F29/><W76/><G32/><T69/><D7/><U103/><E67/><V64/><F64/><W61/><G61/><T113/><D113/><U134/><E134/><V128/><F128/><W117/><G62/><T39/><D69/><U6/><E6/><V24/><F83/><W0/><G117/><T75/><D75/><N who="3" m="28745" /><G76/><T14/><D14/><U111/><E111/><V94/><F19/><W56/><G56/><T114/><D114/><U91/><E78/><V8/><F8/><W132/><G131/><T85/><D65/><U125/><E125/><V11/><F11/><W70/><G70/><T81/><D39/><U48/><E130/><V1/><F1/><N who="3" m="587" /><G101/><T129/><D129/><U97/><E91/><V90/><N who="2" m="23552" /><DORA hai="51" /><V121/><REACH who="2" step="1"/><F121/><REACH who="2" ten="200,220,310,250" step="2"/><N who="3" m="46091" /><G105/><T26/><D106/><U43/><E104/><V68/><F68/><W46/><G132/><T96/><D102/><U112/><E103/><V77/><F77/><W15/><G133/><T84/><D81/><U23/><E112/><V10/><F10/><W33/><G33/><T135/><D135/><U27/><E18/><V38/><AGARI ba="1,2" hai="16,20,24,38,40,44,55,58,60,88,90" m="23552" machi="38" ten="40,18000,2" yaku="1,1,0,1,52,1,54,2,53,1" doraHai="34,51" doraHaiUra="50,30" who="2" fromWho="2" sc="200,-61,220,-61,310,203,250,-61" /><INIT seed="2,2,0,5,1,119" ten="139,159,513,189" oya="2" hai0="68,3,115,126,71,78,108,66,130,60,11,51,15" hai1="91,7,33,27,14,121,29,25,35,128,38,65,36" hai2="52,32,18,24,98,63,102,34,57,6,43,16,131" hai3="44,20,90,117,31,106,97,47,125,9,26,112,85"/><V109/><F131/><W86/><G117/><T59/><D115/><U94/><E128/><V53/><F109/><W39/><G125/><T96/><D130/><U103/><E103/><V134/><F134/><W92/><G112/><T120/><D3/><U62/><E7/><V54/><F43/><W79/><G39/><T28/><D126/><U82/><E82/><V1/><F1/><W46/><G106/><T12/><D108/><U111/><E111/><V72/><F72/><W64/><G64/><T8/><D120/><U74/><E74/><V100/><F6/><W84/><REACH who="3" step="1"/><G9/><REACH who="3" ten="139,159,513,179" step="2"/><T41/><D8/><U135/><E135/><V22/><F34/><W42/><G42/><T104/><D104/><U89/><E35/><V107/><F32/><W13/><G13/><T80/><D12/><U123/><E14/><V19/><REACH who="2" step="1"/><F100/><REACH who="2" ten="139,159,503,179" step="2"/><W21/><G21/><T105/><D41/><U37/><E33/><V110/><F110/><W67/><G67/><AGARI ba="2,2" hai="16,18,19,22,24,52,53,54,57,63,67,98,102,107" machi="67" ten="40,18000,2" yaku="1,1,54,2,53,3" doraHai="119" doraHaiUra="48" who="2" fromWho="3" sc="139,0,159,0,503,206,179,-186" owari="139,-26.0,159,-4.0,709,81.0,-7,-51.0" /></mjloggm>