<mjloggm ver="2.3"><GO type="169" lobby="0"/><UN n0="%E3%82%A6%E3%83%AB%E3%83%88%E3%83%A9%E7%AB%8B%E7%9B%B4" n1="%E5%BB%83%E4%BA%BA%E9%81%94%E9%9B%86%E5%90%88" n2="%64%6F%6F%6F%6F%77%79" n3="%6B%75%72%61%67%75%6D%61" dan="17,16,16,16" rate="2142.83,2113.62,2149.64,2101.21" sx="M,M,M,M"/><TAIKYOKU oya="0"/><INIT seed="0,0,0,0,1,20" ten="250,250,250,250" oya="0" hai0="59,28,68,21,100,113,58,120,112,67,0,79,69" hai1="37,39,66,98,11,122,96,88,97,104,60,31,78" hai2="102,16,64,73,99,92,34,30,103,125,126,19,26" hai3="63,56,81,14,90,4,87,72,40,91,106,47,61"/><T17/><D120/><U128/><E122/><V118/><F73/><W27/><G106/><T35/><D0/><U133/><E133/><V121/><F121/><W93/><G72/><T89/><D79/><U49/><E78/><V25/><F118/><W8/><G56/><T110/><D110/><U115/><E115/><V117/><F117/><W77/><G27/><T119/><D119/><U94/><E128/><V54/><F64/><W76/><G76/><T18/><D100/><U46/><E11/><V48/><F102/><W32/><G32/><T111/><D111/><U10/><E10/><V105/><F105/><W124/><G124/><N who="2" m="47721" /><F25/><W43/><G43/><T7/><D89/><U95/><E31/><V65/><F65/><W129/><G129/><T53/><D67/><U2/><E104/><V80/><F80/><W55/><G55/><T82/><D82/><U74/><E74/><V41/><F41/><W62/><REACH who="3" step="1"/><G93/><REACH who="3" ten="250,250,250,240" step="2"/><T70/><D53/><U51/><E95/><V130/><F130/><W135/><G135/><T12/><D113/><U116/><E116/><V127/><F127/><W22/><G22/><T44/><D112/><U50/><E46/><AGARI ba="0,1" hai="16,19,26,30,34,46,48,54,92,99,103" m="47721" machi="46" ten="30,3900,0" yaku="18,1,52,1,54,1" doraHai="20" who="2" fromWho="1" sc="250,0,250,-39,250,49,240,0" /><INIT seed="1,0,0,2,4,78" ten="250,211,299,240" oya="1" hai0="18,76,42,7,25,89,63,71,2,11,49,127,107" hai1="118,115,109,43,23,130,122,117,0,5,99,132,53" hai2="15,105,119,112,65,81,41,121,77,33,17,123,16" hai3="3,24,31,95,92,128,27,72,84,62,35,134,37"/><U48/><E0/><V26/><F105/><W73/><G134/><T74/><D107/><U55/><E5/><V38/><F119/><W47/><G128/><T58/><D127/><U103/><E132/><V20/><F65/><W45/><G3/><T129/><D129/><U100/><E130/><V108/><F108/><W90/><G62/><T39/><D89/><U59/><E122/><V40/><F112/><W82/><G27/><T51/><D71/><U113/><E43/><V32/><F33/><W75/><REACH who="3" step="1"/><G47/><REACH who="3" ten="250,211,299,230" step="2"/><T61/><D61/><U19/><E115/><V116/><F116/><W79/><G79/><T57/><D25/><U67/><E113/><V91/><F77/><W93/><G93/><T83/><D57/><U94/><E117/><V70/><F70/><W111/><G111/><T96/><D96/><U135/><E135/><V60/><F60/><W1/><G1/><T86/><D58/><U124/><E109/><V125/><F125/><W120/><G120/><T4/><D63/><U68/><E124/><V131/><F131/><W69/><G69/><T28/><D2/><U30/><E68/><V12/><F26/><W29/><G29/><T126/><D76/><U54/><E118/><V44/><F32/><W106/><G106/><T52/><D28/><U46/><E30/><V133/><F133/><W56/><G56/><T102/><D126/><U85/><E59/><V6/><F121/><W8/><G8/><T50/><D11/><U10/><E10/><V66/><F123/><W104/><G104/><T64/><D64/><U9/><E67/><V87/><F66/><RYUUKYOKU ba="0,1" sc="250,-10,211,-10,299,-10,230,30" hai3="24,31,35,37,45,72,73,75,82,84,90,92,95" /><INIT seed="2,1,1,0,2,34" ten="240,201,289,260" oya="2" hai0="123,53,2,20,33,75,129,131,26,59,108,28,80" hai1="100,30,85,63,116,87,134,31,132,0,128,12,89" hai2="76,35,122,78,121,119,5,39,67,65,93,27,52" hai3="51,62,24,45,66,135,72,60,69,10,9,91,88"/><V54/><F119/><W112/><G72/><T117/><D123/><U23/><E116/><V47/><F5/><W21/><G135/><T125/><D117/><U50/><E100/><V74/><F93/><W61/><G112/><T17/><D108/><U6/><E63/><V94/><F94/><W49/><G69/><T40/><D40/><U118/><E118/><V55/><F67/><W98/><G66/><T107/><D107/><U84/><E89/><N who="3" m="34378" /><G98/><T32/><D2/><U81/><E81/><V111/><F65/><W70/><G70/><T13/><D33/><U97/><E97/><V104/><F104/><W68/><G68/><T3/><D3/><U114/><E114/><V133/><F133/><N who="1" m="51305" /><E128/><V41/><F111/><W82/><G82/><T48/><REACH who="0" step="1"/><D125/><REACH who="0" ten="230,201,289,260" step="2"/><U77/><E0/><V95/><F35/><W115/><G115/><T130/><D130/><U14/><E77/><AGARI ba="1,2" hai="13,17,20,26,28,32,48,53,59,75,77,80,129,131" machi="77" ten="40,1300,0" yaku="1,1,53,0" doraHai="34" doraHaiUra="7" who="0" fromWho="1" sc="230,36,201,-16,289,0,260,0" /><INIT seed="3,0,0,2,3,112" ten="266,185,289,260" oya="3" hai0="77,126,76,34,99,98,135,15,132,116,2,6,24" hai1="23,65,64,96,85,22,122,32,119,36,80,125,7" hai2="10,40,21,110,115,12,31,33,35,100,104,75,25" hai3="97,102,9,78,128,13,94,109,53,93,62,103,41"/><W18/><G128/><T129/><D2/><U19/><E122/><V113/><F75/><W38/><G109/><T42/><D42/><U39/><E32/><V118/><F40/><W47/><G78/><T37/><D37/><U63/><E125/><V52/><F110/><W81/><G81/><T131/><D126/><U60/><E7/><V121/><F121/><W133/><G133/><N who="0" m="51275" /><D116/><U127/><E127/><V95/><F118/><W91/><REACH who="3" step="1"/><G94/><REACH who="3" ten="266,185,289,250" step="2"/><T11/><D77/><U101/><E119/><V16/><F95/><W108/><G108/><T55/><D76/><U71/><E80/><V67/><F115/><W105/><G105/><T92/><D92/><U69/><E85/><V61/><F113/><W14/><G14/><T59/><D129/><U84/><E84/><V66/><F104/><W28/><G28/><N who="0" m="19719" /><D131/><U70/><E96/><V8/><F100/><W27/><G27/><T48/><AGARI ba="0,1" hai="6,11,15,48,55,59,98,99" m="19719,51275" machi="48" ten="30,1100,0" yaku="20,1" doraHai="112" who="0" fromWho="0" sc="266,21,185,-3,289,-3,250,-5" /><INIT seed="4,0,0,0,1,44" ten="287,182,286,245" oya="0" hai0="110,49,96,126,72,128,135,65,106,5,54,74,0" hai1="112,70,26,73,61,101,77,36,31,98,84,82,1" hai2="97,130,87,69,28,114,62,52,14,132,94,7,67" hai3="89,51,129,8,105,34,3,27,4,60,59,103,124"/><T29/><D65/><U30/><E30/><V41/><F114/><W91/><G124/><T17/><D29/><U108/><E84/><V38/><F132/><W11/><G129/><T118/><D118/><U71/><E112/><V111/><F130/><W19/><G34/><T23/><D128/><U68/><E108/><V25/><F87/><W37/><G37/><T55/><D55/><U80/><E80/><V133/><F133/><W16/><G19/><T109/><D135/><U18/><E18/><V117/><F111/><N who="0" m="42506" /><D126/><U32/><E36/><V93/><F117/><W116/><G116/><T115/><D115/><U53/><E53/><V88/><F94/><W50/><G105/><T123/><D123/><U95/><REACH who="1" step="1"/><E1/><REACH who="1" ten="287,172,286,245" step="2"/><V15/><F52/><W13/><G3/><T99/><D0/><U47/><E47/><V6/><F38/><W43/><G43/><T48/><D54/><U33/><E33/><V125/><F41/><W121/><G16/><T64/><D64/><AGARI ba="0,1" hai="26,31,32,61,64,68,70,71,73,77,82,95,98,101" machi="64" ten="40,1300,0" yaku="1,1,53,0" doraHai="44" doraHaiUra="10" who="1" fromWho="0" sc="287,-13,172,23,286,0,245,0" /><INIT seed="5,0,0,4,1,7" ten="274,195,286,245" oya="1" hai0="44,11,13,127,100,19,99,75,6,76,26,51,48" hai1="72,65,124,23,17,63,52,104,58,25,131,27,84" hai2="42,111,37,101,10,89,9,8,78,107,92,93,83" hai3="49,120,98,68,103,16,35,125,54,0,88,119,74"/><U46/><E72/><V102/><F111/><W57/><G120/><T121/><D127/><U69/><E124/><V24/><F107/><W22/><G125/><T86/><D121/><U3/><E104/><V132/><F132/><W53/><G35/><T90/><D75/><U122/><E122/><V77/><F37/><W94/><G68/><T106/><D76/><N who="2" m="29290" /><F42/><W87/><G74/><T12/><D26/><U112/><E131/><V130/><F130/><W1/><G54/><T20/><REACH who="0" step="1"/><D44/><REACH who="0" ten="264,195,286,245" step="2"/><U95/><E46/><V43/><F43/><W40/><G40/><T97/><D97/><U123/><E123/><V28/><F24/><W64/><G119/><T29/><D29/><U73/><E73/><V114/><F28/><W38/><G38/><T109/><D109/><U67/><E27/><V129/><F129/><W128/><G128/><T33/><D33/><U134/><E134/><V4/><F4/><W36/><G36/><T81/><AGARI ba="0,1" hai="6,11,12,13,19,20,48,51,81,86,90,99,100,106" machi="81" ten="20,8000,1" yaku="1,1,0,1,7,1,52,1,53,1" doraHai="7" doraHaiUra="85" who="0" fromWho="0" sc="264,90,195,-40,286,-20,245,-20" /><INIT seed="6,0,0,0,0,37" ten="354,155,266,225" oya="2" hai0="104,74,81,130,126,16,113,92,99,43,115,62,94" hai1="71,12,41,38,21,117,20,51,134,110,119,86,122" hai2="82,0,60,85,53,28,32,36,55,98,64,101,106" hai3="124,118,108,46,132,33,107,91,131,4,102,87,89"/><V10/><F36/><W127/><G108/><T61/><D104/><U109/><E71/><N who="2" m="42375" /><F10/><W112/><G33/><T18/><D43/><U121/><E38/><V35/><F32/><W95/><G4/><T24/><D94/><U47/><E86/><V84/><F0/><W116/><G46/><T88/><D24/><U114/><E12/><V111/><F111/><N who="1" m="42505" /><E20/><V50/><F50/><W123/><G107/><T54/><D62/><U49/><E21/><V29/><F28/><W8/><G8/><T83/><D126/><N who="3" m="48169" /><G102/><T30/><D30/><U77/><E77/><N who="2" m="46159" /><F85/><N who="3" m="52655" /><G123/><N who="1" m="47114" /><E134/><V78/><F78/><W17/><G132/><T97/><D83/><U26/><E26/><AGARI ba="0,0" hai="26,29,35,53,55,98,101,106" m="46159,42375" machi="26" ten="30,1500,0" yaku="25,1" doraHai="37" who="2" fromWho="1" sc="354,0,155,-15,266,15,225,0" /><INIT seed="6,1,0,2,1,2" ten="354,140,281,225" oya="2" hai0="65,20,97,0,132,86,110,49,54,128,102,80,43" hai1="69,89,73,24,66,60,48,25,14,133,105,50,46" hai2="15,7,94,90,83,21,13,18,26,53,72,33,42" hai3="4,22,78,8,130,134,68,107,27,123,96,109,51"/><V31/><F42/><W1/><G123/><T115/><D110/><U129/><E73/><V5/><F15/><W126/><G109/><T74/><D74/><U92/><E133/><V71/><F71/><W98/><G134/><T23/><D0/><U121/><E105/><V111/><F111/><W91/><G78/><T75/><D75/><U3/><E3/><V44/><F83/><W79/><G79/><T10/><D132/><U40/><E121/><V76/><F76/><W101/><G126/><T124/><D124/><U47/><E129/><V131/><F131/><W32/><G32/><T55/><D65/><U64/><E64/><V122/><F72/><W118/><G118/><T56/><D128/><U120/><E120/><V35/><F33/><W45/><G68/><T108/><D115/><U112/><E112/><V106/><F106/><W30/><G130/><T63/><D10/><U62/><E62/><V9/><F35/><W114/><G114/><T119/><D43/><U113/><E113/><V12/><F13/><W116/><G116/><T34/><D34/><U82/><E14/><V41/><F53/><N who="3" m="29935" /><G96/><T84/><D119/><U67/><E66/><V99/><F122/><W52/><G52/><T135/><D108/><U103/><E69/><V11/><F9/><W16/><G91/><N who="0" m="51591" /><D135/><U125/><E125/><V127/><F127/><W104/><G104/><N who="0" m="63567" /><D86/><N who="1" m="50391" /><E67/><V100/><F100/><W117/><G117/><T29/><D63/><U58/><E60/><V28/><F31/><W81/><G30/><T85/><D29/><U77/><E40/><V61/><F61/><W70/><G70/><RYUUKYOKU ba="1,0" sc="354,-15,140,-15,281,15,225,15" hai2="5,7,11,12,18,21,26,28,41,44,90,94,99" hai3="1,4,8,16,22,27,81,98,101,107" /><INIT seed="6,2,0,1,1,84" ten="339,125,296,240" oya="2" hai0="28,92,129,30,67,12,10,119,125,51,114,33,95" hai1="80,14,66,73,93,108,128,49,54,88,56,79,47" hai2="45,118,94,43,90,81,78,134,63,24,75,131,60" hai3="32,91,37,46,22,6,115,13,34,62,26,17,77"/><V83/><F118/><W107/><G107/><T123/><D123/><U25/><E128/><V102/><F131/><W87/><G77/><T70/><D129/><U106/><E108/><V4/><F134/><W110/><G110/><T85/><D70/><U86/><E25/><V132/><F132/><W135/><G135/><T3/><D3/><U65/><E106/><V31/><F102/><W21/><G62/><T112/><D67/><U133/><E133/><V19/><F83/><W36/><G115/><N who="0" m="44075" /><D125/><U58/><E58/><V11/><F19/><W5/><G34/><T0/><D0/><U48/><REACH who="1" step="1"/><E14/><REACH who="1" ten="339,115,296,240" step="2"/><V121/><F24/><W23/><G26/><T82/><D12/><U55/><AGARI ba="2,1" hai="47,48,49,54,55,56,65,66,73,79,80,86,88,93" machi="55" ten="20,12000,2" yaku="1,1,2,1,0,1,7,1,52,1,54,1,53,0" doraHai="84" doraHaiUra="97" who="1" fromWho="1" sc="339,-32,115,136,296,-62,240,-32" /><INIT seed="7,0,0,4,4,14" ten="307,251,234,208" oya="3" hai0="18,60,129,88,30,45,113,38,15,55,75,1,16" hai1="29,123,127,87,64,83,100,56,95,46,12,65,72" hai2="67,119,32,42,70,34,40,22,111,120,20,106,86" hai3="9,118,125,132,78,68,102,2,133,0,103,89,39"/><W33/><G118/><T50/><D1/><N who="3" m="617" /><G39/><T114/><D75/><U51/><E123/><V59/><F106/><W28/><G68/><T6/><D38/><U91/><E29/><V135/><F70/><W109/><G78/><T19/><D30/><U5/><E72/><V3/><F86/><W8/><G89/><T76/><D88/><U104/><E104/><V94/><F94/><W13/><G125/><T116/><D76/><U121/><E121/><V80/><F80/><W49/><G49/><T35/><D60/><U62/><E127/><V44/><F67/><W82/><G82/><T31/><D116/><U77/><E100/><N who="3" m="38442" /><G13/><T27/><REACH who="0" step="1"/><D129/><REACH who="0" ten="297,251,234,208" step="2"/><U58/><E77/><V10/><F3/><W117/><G117/><T122/><D122/><U36/><E36/><V71/><F119/><W124/><G124/><T74/><D74/><U73/><E73/><V97/><F120/><W110/><G28/><T57/><D57/><U11/><E83/><V99/><F59/><W63/><G63/><T96/><D96/><U17/><E58/><V25/><F99/><W84/><G84/><T92/><D92/><U61/><E61/><V52/><F97/><W37/><G37/><T26/><D26/><U108/><E65/><V107/><F25/><W7/><G33/><T134/><D134/><N who="3" m="51817" /><G7/><T112/><D112/><U54/><E5/><V98/><F34/><W81/><G81/><T69/><D69/><U4/><E4/><V130/><F32/><W105/><G105/><T79/><D79/><U85/><E87/><V115/><F107/><W66/><G66/><T43/><D43/><RYUUKYOKU ba="0,1" sc="297,10,251,10,234,-30,208,10" hai0="6,15,16,18,19,27,31,35,45,50,55,113,114" hai1="11,12,17,46,51,54,56,62,64,85,91,95,108" hai3="8,9,109,110" /><INIT seed="7,1,1,0,5,82" ten="307,261,204,218" oya="3" hai0="45,9,123,131,78,43,70,97,79,65,48,76,88" hai1="21,100,41,68,67,38,107,81,127,27,3,5,122" hai2="132,58,128,72,103,17,61,18,64,62,4,28,96" hai3="69,84,116,110,42,126,94,33,55,49,119,66,114"/><W71/><G33/><T130/><D123/><U31/><E122/><V87/><F72/><W11/><G11/><T29/><D29/><U51/><E38/><V91/><F132/><W37/><G84/><T46/><D46/><U121/><E121/><V133/><F133/><W44/><G94/><N who="0" m="56519" /><D9/><U40/><E3/><V109/><F109/><W95/><G95/><T50/><D65/><U52/><E5/><V0/><F128/><N who="0" m="49194" /><D70/><N who="3" m="26633" /><G66/><T134/><D134/><U93/><E107/><V73/><F73/><W83/><G83/><T118/><D50/><U111/><E81/><V47/><F28/><W59/><G110/><T6/><D6/><U26/><E111/><V120/><F120/><W102/><G102/><T19/><D19/><N who="2" m="7178" /><F0/><W92/><G92/><T115/><D118/><N who="3" m="45097" /><G126/><T101/><D101/><U23/><E127/><V129/><F129/><W85/><G85/><T39/><D39/><U22/><E67/><N who="2" m="39351" /><F4/><W98/><G98/><T112/><AGARI ba="1,1" hai="43,45,48,76,78,79,112,115" m="49194,56519" machi="112" ten="40,2700,0" yaku="19,1,54,1" doraHai="82" who="0" fromWho="0" sc="307,40,261,-8,204,-8,218,-14" owari="347,45.0,253,5.0,196,-30.0,204,-20.0" /></mjloggm>