<mjloggm ver="2.3"><GO type="41" lobby="0"/><UN n0="%53%74%73%6B%79" n1="%54%49%46%46%41%4E%59%21" n2="%E5%B0%B1%E6%B4%BB%E7%94%9F%40%E5%B7%9D%E6%9D%91%E8%BB%8D%E5%9B%A3" n3="%61%78%63%76%67%68%6A" dan="13,14,17,14" rate="1851.41,1884.21,2181.77,1947.69" sx="M,F,M,M"/><TAIKYOKU oya="0"/><INIT seed="0,0,0,1,2,7" ten="250,250,250,250" oya="0" hai0="25,102,48,46,18,121,59,23,94,16,30,104,100" hai1="47,43,27,111,14,42,80,24,22,113,115,84,67" hai2="91,12,99,82,20,74,50,88,53,3,101,71,128" hai3="9,106,97,96,75,72,77,17,36,116,114,49,15"/><T51/><D104/><U70/><E111/><V98/><F3/><W92/><G36/><T120/><D120/><U26/><E67/><V78/><F71/><W132/><G116/><T130/><D130/><U28/><E70/><V21/><F128/><W93/><G106/><T11/><D121/><U6/><E43/><V135/><F135/><W81/><G132/><T110/><D110/><U76/><E115/><V63/><F63/><W118/><G114/><T105/><D105/><U133/><E133/><V83/><F83/><W131/><G118/><T1/><D59/><U0/><E0/><V2/><F2/><W57/><G131/><T33/><D48/><N who="1" m="26743" /><E113/><V29/><F21/><W73/><G57/><T129/><D129/><U119/><E119/><V64/><F64/><W35/><G35/><T85/><D85/><U60/><E60/><V103/><F98/><W34/><G49/><T55/><D94/><U126/><E126/><V61/><F61/><W32/><G34/><T39/><D39/><U54/><E54/><V4/><F29/><W134/><G32/><T122/><D122/><U112/><E112/><V90/><F99/><W58/><G58/><T123/><D123/><U40/><E40/><V41/><F41/><W10/><G134/><T87/><D87/><U69/><E69/><V107/><F107/><W5/><G96/><T52/><D55/><U8/><AGARI ba="0,0" hai="6,8,14,22,24,26,27,28,76,80,84" m="26743" machi="8" ten="30,4000,0" yaku="25,1,8,1,52,1" doraHai="7" who="1" fromWho="1" sc="250,-20,250,40,250,-10,250,-10" /><INIT seed="1,0,0,1,5,40" ten="230,290,240,240" oya="1" hai0="99,70,114,121,16,95,115,9,20,46,102,15,131" hai1="125,61,30,135,2,24,68,75,4,133,41,108,103" hai2="33,107,81,67,55,21,73,74,90,80,31,34,72" hai3="82,45,126,3,64,111,96,35,25,92,109,104,86"/><U43/><E75/><V89/><F107/><W19/><G3/><T106/><D70/><U119/><E119/><V124/><F67/><W11/><G126/><T112/><D131/><U53/><E125/><V93/><F124/><W118/><G118/><T105/><D121/><U50/><E103/><V71/><F71/><W58/><G104/><T17/><REACH who="0" step="1"/><D46/><REACH who="0" ten="220,290,240,240" step="2"/><N who="1" m="27863" /><E108/><V63/><F34/><W59/><G45/><T36/><D36/><U129/><E129/><V62/><F33/><W116/><G35/><T85/><D85/><U101/><E101/><V97/><F89/><W60/><G111/><T48/><D48/><U7/><E68/><V54/><F63/><W12/><G109/><T128/><D128/><U56/><E43/><V122/><F122/><W110/><G110/><T65/><D65/><N who="1" m="39079" /><E41/><V132/><F72/><W29/><G116/><T51/><D51/><U42/><E42/><V39/><F74/><W37/><G37/><T5/><D5/><U87/><E87/><V6/><F39/><W83/><G86/><T91/><D91/><U120/><E120/><V52/><F73/><W18/><G60/><T26/><AGARI ba="0,1" hai="9,15,16,17,20,26,95,99,102,105,106,112,114,115" machi="26" ten="30,7900,0" yaku="1,1,0,1,54,1,53,1" doraHai="40" doraHaiUra="23" who="0" fromWho="0" sc="220,89,290,-39,240,-20,240,-20" /><INIT seed="2,0,0,0,0,9" ten="309,251,220,220" oya="2" hai0="54,4,18,115,83,99,118,42,108,27,44,28,29" hai1="73,92,102,59,82,10,40,17,48,49,91,25,67" hai2="101,50,51,22,71,5,30,61,32,34,24,75,89" hai3="35,56,52,117,43,45,37,94,11,132,110,38,79"/><V2/><F75/><W1/><G117/><T7/><D115/><U93/><E73/><V16/><F101/><W6/><G110/><T53/><D108/><U62/><E102/><V130/><F130/><W88/><G35/><T114/><D114/><U125/><E125/><V3/><F34/><W0/><G132/><T47/><D118/><U98/><E82/><V78/><F78/><W116/><G116/><T65/><D65/><U60/><E92/><V76/><F76/><W129/><G129/><T123/><D99/><U107/><E107/><V68/><F89/><W26/><G26/><T109/><D109/><U69/><E40/><V74/><F74/><W72/><G79/><T128/><D83/><U13/><REACH who="1" step="1"/><E25/><REACH who="1" ten="309,241,220,220" step="2"/><V103/><F103/><W85/><G72/><T120/><D27/><U21/><E21/><V127/><F127/><W131/><G131/><T121/><D128/><U63/><E63/><V39/><F39/><W57/><G38/><T31/><D42/><U86/><E86/><V46/><F61/><W97/><G85/><T14/><D123/><U104/><E104/><V105/><F105/><W96/><G96/><T87/><D87/><U12/><E12/><N who="2" m="9479" /><F2/><W55/><G1/><T84/><D84/><U133/><E133/><V33/><F33/><W112/><G112/><T64/><D121/><U95/><E95/><V124/><F124/><W119/><G119/><T77/><D120/><U135/><E135/><V113/><F113/><W134/><G134/><T23/><D77/><U66/><AGARI ba="0,1" hai="10,13,17,48,49,59,60,62,66,67,69,91,93,98" machi="66" ten="20,5200,0" yaku="1,1,0,1,7,1,52,1,53,0" doraHai="9" doraHaiUra="70" who="1" fromWho="1" sc="309,-13,241,62,220,-26,220,-13" /><INIT seed="3,0,0,3,1,99" ten="296,303,194,207" oya="3" hai0="26,53,40,41,97,18,60,12,55,45,15,96,135" hai1="116,126,34,87,1,44,24,29,130,100,7,51,64" hai2="47,9,59,131,107,72,106,27,76,63,89,128,28" hai3="133,54,8,49,102,118,94,4,39,42,67,66,22"/><W2/><G118/><T129/><D129/><N who="2" m="49738" /><F89/><W108/><G133/><T48/><D135/><U127/><E130/><V17/><F76/><W50/><G39/><T69/><D26/><U57/><E116/><V80/><F80/><W103/><G94/><T119/><D119/><U83/><E7/><V88/><F72/><W6/><G6/><T91/><D15/><U75/><E1/><V16/><F47/><W5/><G5/><T46/><D91/><U105/><E75/><V74/><F74/><W86/><G86/><T56/><D69/><U65/><E57/><V92/><F9/><W61/><G108/><T0/><D0/><U20/><E87/><N who="2" m="52255" /><F107/><W81/><G81/><T77/><D77/><U122/><E83/><V31/><F106/><W95/><G95/><T101/><D101/><N who="3" m="38409" /><G2/><T52/><D97/><N who="1" m="61583" /><E34/><N who="2" m="20767" /><F31/><W71/><G71/><T35/><D35/><U114/><E122/><V110/><F110/><W124/><G42/><T36/><D96/><U38/><E38/><V134/><F134/><W85/><G85/><T70/><D70/><U112/><E65/><AGARI ba="0,0" hai="16,17,59,63,65" m="20767,52255,49738" machi="65" ten="30,3900,0" yaku="19,1,54,2" doraHai="99" who="2" fromWho="1" sc="296,0,303,-39,194,39,207,0" /><INIT seed="4,0,0,2,4,97" ten="296,264,233,207" oya="0" hai0="74,121,104,37,72,131,82,91,40,55,32,85,38" hai1="103,22,54,4,114,122,46,58,18,99,78,14,125" hai2="56,34,51,36,128,83,59,100,5,105,6,64,0" hai3="1,75,90,87,124,113,21,65,15,76,16,96,47"/><T23/><D32/><U19/><E122/><V7/><F36/><W13/><G1/><T62/><D121/><U61/><E125/><V109/><F109/><W127/><G113/><T120/><D120/><U33/><E33/><V98/><F128/><W116/><G116/><T30/><D131/><U79/><E4/><V50/><F34/><W8/><G65/><T2/><D2/><U111/><E111/><V108/><F108/><W17/><G75/><T129/><D129/><U107/><E114/><V10/><F83/><W28/><G76/><T11/><D11/><U63/><E61/><V133/><F133/><W117/><G117/><T130/><D130/><U126/><E126/><V49/><F64/><W115/><G115/><T27/><D104/><U48/><REACH who="1" step="1"/><E19/><REACH who="1" ten="296,254,233,207" step="2"/><V43/><F43/><AGARI ba="0,1" hai="14,18,22,43,46,48,54,58,63,78,79,99,103,107" machi="43" ten="30,7700,0" yaku="1,1,2,1,7,1,52,1,53,0" doraHai="97" doraHaiUra="80" who="1" fromWho="2" sc="296,0,254,87,233,-77,207,0" /><INIT seed="5,0,0,1,3,88" ten="296,341,156,207" oya="1" hai0="65,70,89,86,81,30,90,56,50,14,26,132,54" hai1="12,29,123,109,129,47,95,121,118,98,82,52,69" hai2="61,85,74,49,3,46,20,10,103,39,120,130,32" hai3="92,94,41,80,116,6,71,27,106,17,24,107,31"/><U13/><E118/><V73/><F32/><W79/><G71/><T0/><D0/><U55/><E69/><V104/><F120/><W134/><G116/><T75/><D132/><U114/><E114/><V2/><F39/><W33/><G134/><T113/><D113/><U22/><E129/><V108/><F108/><W99/><G41/><T117/><D117/><U60/><E109/><V42/><F130/><W83/><G6/><T5/><D75/><U48/><E82/><V68/><F85/><W1/><G1/><T62/><D90/><U63/><E123/><V51/><F51/><W67/><G67/><T4/><REACH who="0" step="1"/><D14/><REACH who="0" ten="286,341,156,207" step="2"/><N who="1" m="5739" /><E121/><V57/><F3/><W21/><G83/><T126/><D126/><U101/><E55/><V77/><F2/><W35/><G35/><AGARI ba="0,1" hai="4,5,26,30,35,50,54,56,62,65,70,81,86,89" machi="35" ten="30,2000,0" yaku="1,1,7,1,53,0" doraHai="88" doraHaiUra="34" who="0" fromWho="3" sc="286,30,341,0,156,0,207,-20" /><INIT seed="6,0,0,5,0,125" ten="316,341,156,187" oya="2" hai0="70,64,90,9,124,19,53,85,33,121,73,77,118" hai1="100,32,44,54,109,102,78,81,71,21,23,10,59" hai2="65,69,46,74,72,56,107,99,8,58,86,67,110" hai3="132,66,13,27,80,112,97,50,79,123,15,133,37"/><V2/><F110/><W116/><G37/><T11/><D121/><U1/><E71/><V76/><F56/><W103/><G123/><T88/><D124/><U57/><E32/><V60/><F86/><W96/><G116/><T89/><D73/><U5/><E109/><V82/><F58/><W39/><G39/><T94/><D118/><U91/><E91/><V114/><F67/><W12/><G66/><T87/><D33/><U92/><E59/><V127/><F127/><W130/><G112/><T31/><D31/><U122/><E44/><V61/><F61/><W129/><G27/><T41/><D41/><U36/><E36/><V75/><F46/><W113/><G113/><T29/><D29/><U63/><E122/><V3/><F114/><W104/><G50/><T16/><D70/><U42/><E42/><V111/><F111/><W25/><G25/><T35/><D35/><U131/><E23/><V4/><REACH who="2" step="1"/><F3/><REACH who="2" ten="316,341,146,187" step="2"/><W55/><G97/><T7/><D64/><U98/><E21/><V45/><F45/><W68/><G68/><T14/><D87/><U18/><E1/><V17/><F17/><W106/><G55/><T93/><D53/><U47/><E18/><V108/><F108/><W43/><G43/><T48/><D19/><U28/><E54/><V22/><F22/><W0/><G0/><T84/><D85/><U135/><E47/><V120/><F120/><W134/><G106/><T38/><D84/><AGARI ba="0,1" hai="12,13,15,79,80,84,96,103,104,129,130,132,133,134" machi="84" ten="50,6400,0" yaku="20,1,52,2" doraHai="125" who="3" fromWho="0" sc="316,-64,341,0,146,0,187,74" /><INIT seed="7,0,0,4,4,93" ten="252,341,146,261" oya="3" hai0="128,56,87,41,28,66,110,42,107,84,123,63,115" hai1="12,44,132,36,129,55,59,20,11,39,6,86,118" hai2="83,111,38,119,45,100,68,53,109,17,2,15,10" hai3="67,113,69,103,60,47,73,76,97,71,19,126,121"/><W4/><G121/><T124/><D123/><U102/><E129/><V89/><F119/><W40/><G113/><T64/><D115/><U101/><E132/><V50/><F68/><W8/><G19/><T13/><D110/><U1/><E118/><V131/><F131/><W130/><G130/><T7/><D128/><U104/><E86/><N who="0" m="32809" /><D107/><U54/><E55/><V70/><F70/><W30/><G30/><T32/><D32/><U33/><E33/><V72/><F2/><W51/><G126/><T90/><D28/><U34/><E34/><V75/><F38/><W23/><G23/><T48/><D124/><U96/><E102/><V82/><F82/><W31/><G31/><T127/><D127/><U14/><E44/><V120/><F120/><W57/><G76/><T98/><D64/><U99/><E39/><V81/><F81/><W26/><G26/><T22/><D48/><U92/><E36/><V52/><F53/><W117/><G73/><T79/><D79/><U122/><E20/><V88/><F100/><W94/><REACH who="3" step="1"/><G117/><REACH who="3" ten="252,341,146,251" step="2"/><T62/><D7/><U116/><E122/><V105/><F105/><W95/><G95/><N who="0" m="56695" /><D62/><U108/><E116/><V46/><F46/><W85/><G85/><T5/><D5/><U3/><E108/><V112/><F112/><W133/><G133/><T29/><D29/><U106/><E104/><V21/><F109/><W0/><AGARI ba="0,1" hai="0,4,8,40,47,51,57,60,67,69,71,94,97,103" machi="0" ten="20,7800,0" yaku="1,1,0,1,7,1,52,1,53,0" doraHai="93" doraHaiUra="80" who="3" fromWho="3" sc="252,-26,341,-26,146,-26,251,88" owari="226,-17.0,315,12.0,120,-38.0,339,43.0" /></mjloggm>