<mjloggm ver="2.3"><GO type="225" lobby="0"/><UN n0="%E5%B0%B1%E6%B4%BB%E7%94%9F%40%E5%B7%9D%E6%9D%91%E8%BB%8D%E5%9B%A3" n1="%E3%81%9D%E3%83%BC%E3%81%B7%E5%BB%B6%E9%95%B7" n2="%E6%99%82%E3%81%AE%E6%BC%82%E6%B3%8A" n3="%E3%82%86%E3%81%86%E5%A0%95%E5%A4%A9%E4%BD%BF" dan="17,16,16,16" rate="2189.10,2131.85,2124.68,2098.49" sx="M,M,F,F"/><TAIKYOKU oya="0"/><INIT seed="0,0,0,3,0,126" ten="250,250,250,250" oya="0" hai0="95,48,85,104,73,4,16,58,93,42,118,91,14" hai1="6,124,25,8,39,56,77,26,64,125,129,128,132" hai2="70,115,105,120,52,2,98,79,135,61,103,81,101" hai3="47,7,31,72,111,41,80,45,65,30,110,123,35"/><T15/><D118/><U92/><E39/><V19/><F120/><W32/><G65/><T18/><D104/><U13/><E77/><V23/><F115/><W60/><G60/><T97/><D73/><U134/><E92/><V51/><F135/><N who="1" m="51753" /><E64/><V131/><F131/><N who="1" m="50249" /><E56/><V90/><F2/><W50/><G7/><T53/><D42/><U130/><N who="1" m="50257" /><U71/><DORA hai="107" /><E71/><V114/><F114/><W127/><G47/><T82/><D4/><U113/><E113/><V1/><F1/><W133/><G133/><T21/><REACH who="0" step="1"/><D97/><REACH who="0" ten="240,250,250,250" step="2"/><U20/><E26/><V119/><F119/><W40/><G40/><T75/><D75/><U83/><E83/><V66/><F105/><W62/><G80/><T10/><AGARI ba="0,1" hai="10,14,15,16,18,21,48,53,58,82,85,91,93,95" machi="10" ten="20,18000,2" yaku="1,1,0,1,7,1,8,1,54,1,53,1" doraHai="126,107" doraHaiUra="44,34" who="0" fromWho="0" sc="240,190,250,-60,250,-60,250,-60" /><INIT seed="0,1,0,5,0,120" ten="430,190,190,190" oya="0" hai0="113,42,25,124,10,70,129,80,11,50,7,43,76" hai1="4,20,63,59,69,73,78,12,77,19,105,112,9" hai2="53,24,49,2,75,108,110,115,52,56,48,37,38" hai3="65,30,98,22,27,101,14,92,121,93,86,29,5"/><T34/><D70/><U3/><E112/><V17/><F75/><W64/><G121/><T116/><D116/><U133/><E133/><V119/><F2/><W31/><G14/><T39/><D39/><U66/><E105/><V91/><F115/><W47/><G5/><T117/><D10/><U18/><E73/><V44/><F119/><W94/><G47/><T90/><D90/><U54/><REACH who="1" step="1"/><E19/><REACH who="1" ten="430,180,190,190" step="2"/><V72/><F72/><W71/><G71/><T82/><D113/><U23/><E23/><N who="2" m="13423" /><F91/><N who="3" m="53367" /><G93/><T58/><D34/><U85/><E85/><V99/><F99/><W109/><G109/><AGARI ba="1,1" hai="37,38,44,48,49,52,53,56,108,109,110" m="13423" machi="109" ten="30,8000,1" yaku="14,1,52,3,54,1" doraHai="120" who="2" fromWho="3" sc="430,0,180,0,190,93,190,-83" /><INIT seed="1,0,0,5,4,99" ten="430,180,283,107" oya="1" hai0="24,105,48,127,63,93,13,94,14,22,72,89,110" hai1="79,118,38,135,85,132,11,70,125,36,75,90,122" hai2="126,56,16,92,73,84,121,71,107,76,102,57,130" hai3="52,116,47,55,80,133,3,87,88,66,7,77,1"/><U39/><E122/><V32/><F71/><W44/><G66/><T9/><D105/><U42/><E42/><V120/><F121/><W20/><G133/><N who="1" m="51274" /><E118/><V78/><F32/><W62/><G116/><T123/><D72/><U65/><E125/><V31/><F120/><W6/><G1/><T117/><D117/><U82/><E11/><V34/><F73/><W83/><G3/><T5/><D110/><U111/><E111/><V134/><F134/><W101/><G20/><T64/><D127/><U26/><E26/><V21/><F126/><W129/><G129/><T128/><D128/><U95/><E65/><V19/><F130/><W115/><G115/><T106/><D106/><U30/><E30/><V131/><F107/><W33/><G33/><T91/><D123/><U74/><E75/><V29/><F34/><W10/><G10/><T109/><D109/><U81/><E82/><N who="2" m="47175" /><F78/><W108/><G108/><T60/><D64/><U124/><E124/><V27/><F31/><W28/><G28/><T35/><D35/><U61/><E61/><N who="0" m="23625" /><D48/><U45/><E45/><V49/><F131/><W119/><G119/><T53/><D53/><U98/><E74/><V43/><F43/><W37/><G62/><T25/><D14/><U51/><E51/><V58/><F49/><W54/><G37/><N who="1" m="9474" /><U4/><DORA hai="46" /><E4/><N who="3" m="1578" /><G47/><T104/><D104/><U113/><E70/><V12/><F12/><W67/><G44/><T23/><D25/><U103/><E113/><V17/><F29/><W59/><G67/><T0/><D24/><U18/><E18/><V41/><F41/><W68/><G68/><RYUUKYOKU ba="0,0" sc="430,-15,180,15,283,15,107,-15" hai1="79,81,85,90,95,98,103" hai2="16,17,19,21,27,56,57,58,92,102" /><INIT seed="1,1,0,0,4,88" ten="415,195,298,92" oya="1" hai0="131,26,50,12,2,123,110,77,89,135,96,4,19" hai1="122,27,37,14,75,38,121,58,49,72,116,133,55" hai2="87,68,127,40,18,0,134,25,13,105,107,114,125" hai3="118,51,52,35,62,129,99,79,84,109,90,7,101"/><U21/><E116/><V69/><F0/><W92/><G118/><T76/><D110/><U65/><E133/><V22/><F40/><W46/><G35/><T60/><D131/><U117/><E117/><V86/><F134/><W16/><G109/><T6/><D2/><U120/><E14/><V100/><F114/><W70/><G129/><T47/><D26/><U34/><E34/><V66/><F13/><W113/><G113/><T103/><D60/><U80/><E65/><V64/><F100/><W42/><G7/><N who="0" m="2603" /><D103/><U74/><REACH who="1" step="1"/><E80/><REACH who="1" ten="415,185,298,92" step="2"/><V44/><F66/><W97/><G70/><T102/><D135/><U30/><AGARI ba="1,1" hai="21,27,30,37,38,49,55,58,72,74,75,120,121,122" machi="30" ten="40,7800,0" yaku="1,1,2,1,0,1,53,0" doraHai="88" doraHaiUra="94" who="1" fromWho="1" sc="415,-27,185,91,298,-27,92,-27" /><INIT seed="1,2,0,3,3,121" ten="388,276,271,65" oya="1" hai0="100,81,21,107,15,26,117,46,22,36,24,78,27" hai1="60,16,50,44,122,23,53,106,40,89,96,94,115" hai2="28,1,90,88,74,93,5,124,127,116,31,18,47" hai3="19,65,59,83,84,126,56,123,13,111,98,32,11"/><U54/><E122/><V113/><F74/><W95/><G123/><T131/><D117/><U97/><E115/><V68/><F116/><W77/><G32/><T75/><D131/><U86/><E106/><V104/><F104/><W37/><G37/><T14/><D107/><U63/><E54/><V85/><F68/><W101/><G126/><N who="2" m="48169" /><F113/><W39/><G39/><T69/><D100/><U9/><E9/><N who="2" m="2223" /><F47/><W71/><G71/><T114/><D114/><U82/><E40/><V119/><F119/><W7/><G65/><T57/><D57/><U41/><E41/><V80/><F18/><W61/><G61/><T2/><D2/><U12/><REACH who="1" step="1"/><E97/><AGARI ba="2,0" hai="28,31,80,85,88,90,93,97" m="2223,48169" machi="97" ten="30,2000,0" yaku="18,1,54,1" doraHai="121" who="2" fromWho="1" sc="388,0,276,-26,271,26,65,0" /><INIT seed="2,0,0,2,5,80" ten="388,250,297,65" oya="2" hai0="6,121,8,131,66,7,109,38,4,64,23,92,103" hai1="15,65,112,89,39,56,84,107,114,100,132,9,101" hai2="35,79,117,70,116,40,102,124,76,94,5,42,34" hai3="95,87,85,97,25,74,108,93,88,90,1,3,44"/><V127/><F5/><W111/><G74/><T61/><D38/><U16/><E39/><V58/><F58/><W13/><G13/><N who="0" m="5255" /><D121/><U134/><E65/><N who="0" m="25193" /><D131/><U29/><E56/><V37/><F37/><W55/><G25/><T86/><D109/><N who="3" m="42057" /><G97/><N who="0" m="59815" /><D61/><U98/><E101/><V54/><F54/><W43/><G55/><T20/><D86/><U122/><E29/><V82/><F82/><W123/><G123/><T125/><D125/><N who="2" m="48202" /><F94/><W91/><G91/><T135/><D135/><N who="1" m="51755" /><E122/><V31/><F102/><W71/><G71/><T46/><D46/><U115/><E114/><V77/><F70/><W10/><G10/><T2/><D2/><U119/><E119/><N who="2" m="45643" /><F31/><W83/><G83/><AGARI ba="0,0" hai="9,15,16,83,84,89,98,100,107,112,115" m="51755" machi="83" ten="30,3900,0" yaku="20,1,52,1,54,1" doraHai="80" who="1" fromWho="3" sc="388,0,250,39,297,0,65,-39" /><INIT seed="3,0,0,5,2,109" ten="388,289,297,26" oya="3" hai0="102,62,88,61,94,16,101,98,27,44,50,129,121" hai1="67,130,15,13,43,39,65,21,1,86,103,72,57" hai2="2,22,71,23,95,120,119,91,97,64,9,14,36" hai3="63,115,40,41,82,92,108,107,33,8,70,35,4"/><W30/><G107/><T24/><D129/><U66/><E72/><V25/><F119/><W112/><G82/><T106/><D121/><U113/><E1/><V45/><F2/><W81/><G81/><T29/><D29/><U124/><E113/><V42/><F120/><W126/><G92/><T85/><D101/><U114/><E114/><V3/><F3/><W56/><G70/><T99/><D99/><U32/><E32/><V69/><F64/><N who="1" m="24681" /><E39/><V123/><F123/><W79/><G79/><T59/><D59/><U78/><E130/><V100/><F23/><W131/><G131/><T87/><D87/><U128/><E124/><V118/><F118/><W48/><G108/><T83/><D106/><U18/><E43/><V0/><F0/><W90/><G90/><T105/><D105/><U11/><E103/><V73/><F73/><W20/><G20/><N who="0" m="13319" /><D27/><U75/><E75/><V134/><F134/><W19/><G19/><T77/><D102/><U31/><E128/><V49/><F36/><W46/><G41/><AGARI ba="0,0" hai="41,44,50,61,62,77,83,85,88,94,98" m="13319" machi="41" ten="30,3900,0" yaku="8,1,54,2" doraHai="109" who="0" fromWho="3" sc="388,39,289,0,297,0,26,-39" owari="427,52.0,289,-11.0,297,10.0,-13,-51.0" /></mjloggm>