<mjloggm ver="2.3"><GO type="169" lobby="0"/><UN n0="%E3%82%AA%E3%82%AB%E3%83%87%E3%82%B8%E9%9B%80%E5%A3%AB" n1="%41%54%4D%31%34%32%39" n2="%E3%81%90%E3%81%BF%E3%82%83%E3%81%99" n3="%E5%B0%B1%E6%B4%BB%E7%94%9F%40%E5%B7%9D%E6%9D%91%E8%BB%8D%E5%9B%A3" dan="16,16,16,17" rate="2059.13,2052.43,2059.58,2188.37" sx="M,M,M,M"/><TAIKYOKU oya="0"/><INIT seed="0,0,0,3,4,5" ten="250,250,250,250" oya="0" hai0="12,121,58,99,9,83,3,113,39,119,97,36,77" hai1="106,34,23,65,70,131,32,33,63,103,105,108,57" hai2="22,52,84,109,118,120,45,7,126,27,25,53,8" hai3="13,74,69,67,117,100,17,132,60,86,101,72,54"/><T4/><D119/><U104/><E131/><V112/><F112/><W14/><G117/><T89/><D113/><U24/><E108/><V1/><F120/><W41/><G132/><T29/><D121/><U93/><E70/><V81/><F118/><W21/><G41/><T30/><D39/><U134/><E134/><V73/><F73/><W48/><G72/><T0/><D36/><U10/><E10/><V18/><F109/><W79/><G74/><T11/><D58/><U31/><REACH who="1" step="1"/><E104/><REACH who="1" ten="250,240,250,250" step="2"/><V91/><F126/><W95/><G14/><T85/><D3/><U96/><AGARI ba="0,1" hai="23,24,31,32,33,34,57,63,65,93,96,103,105,106" machi="96" ten="40,12000,2" yaku="1,1,2,1,0,1,25,2,53,1" doraHai="5" doraHaiUra="94" who="1" fromWho="1" sc="250,-60,240,130,250,-30,250,-30" /><INIT seed="1,0,0,3,3,17" ten="190,370,220,220" oya="1" hai0="59,10,57,88,62,82,93,31,71,109,95,65,112" hai1="18,7,119,123,34,106,126,43,76,11,81,48,111" hai2="22,5,101,116,96,103,125,29,36,80,44,84,122" hai3="1,134,21,15,20,6,60,46,4,50,72,35,58"/><U37/><E106/><V55/><F116/><W104/><G35/><T100/><D112/><U52/><E123/><V66/><F122/><W51/><G104/><T69/><D109/><U56/><E34/><V16/><F5/><N who="3" m="2155" /><G1/><T39/><D39/><U89/><E89/><V12/><F66/><N who="3" m="39191" /><G72/><T2/><D2/><U75/><E111/><V42/><F125/><W54/><G134/><T49/><D71/><U19/><E126/><V90/><F29/><W86/><G15/><T33/><D31/><U127/><E127/><V63/><REACH who="2" step="1"/><F96/><REACH who="2" ten="190,370,210,220" step="2"/><W102/><G102/><T92/><D100/><U78/><E119/><V47/><F47/><N who="3" m="27999" /><G86/><T83/><D69/><U115/><E115/><V8/><F8/><W3/><G3/><T121/><D10/><U41/><E11/><V26/><F26/><W23/><G23/><T130/><D121/><U0/><E0/><V14/><F14/><W124/><G124/><T40/><D33/><U110/><E7/><V94/><F94/><W128/><G128/><T30/><D30/><U135/><E75/><V133/><F133/><W131/><G131/><T13/><D13/><U117/><E135/><V91/><F91/><W77/><G77/><T87/><D130/><U113/><E78/><V24/><F24/><W107/><G107/><T28/><D28/><U70/><E113/><V118/><F118/><W45/><G45/><N who="0" m="25767" /><D83/><U73/><E117/><V129/><F129/><W105/><G105/><T108/><D108/><U27/><E110/><V85/><F85/><W67/><G67/><T38/><D65/><U25/><E81/><V32/><F32/><RYUUKYOKU ba="0,1" sc="190,-15,370,-15,210,15,220,15" hai2="12,16,22,36,42,44,55,63,80,84,90,101,103" hai3="20,21,46,51" /><INIT seed="2,1,1,5,5,76" ten="175,355,225,235" oya="2" hai0="37,135,34,13,118,54,15,49,50,1,79,70,68" hai1="20,12,51,26,66,95,94,59,131,134,113,44,127" hai2="108,46,30,130,8,120,61,60,117,57,109,41,85" hai3="69,38,36,126,84,104,47,11,64,29,32,58,116"/><V23/><F117/><W39/><G116/><T16/><D1/><U128/><E113/><V63/><F120/><W124/><G104/><T74/><D118/><U102/><E127/><N who="3" m="48682" /><G11/><T107/><D107/><U80/><E102/><V72/><F72/><W55/><G29/><T43/><D34/><U67/><E12/><V115/><F115/><W9/><G9/><T103/><D15/><U81/><E134/><V121/><F121/><W96/><G96/><T78/><D37/><U92/><E59/><V17/><F30/><W7/><G7/><T10/><D103/><U14/><E14/><V112/><F8/><W86/><G32/><T77/><D135/><U53/><E128/><V90/><F112/><W4/><G4/><T100/><D100/><U42/><E42/><V83/><F130/><W25/><G25/><T101/><D101/><U105/><E105/><V98/><F98/><W22/><G22/><T56/><REACH who="0" step="1"/><D74/><REACH who="0" ten="165,355,225,235" step="2"/><U21/><E131/><V18/><F109/><W132/><G132/><T40/><D40/><U0/><E0/><V91/><F108/><W5/><G5/><T71/><D71/><U99/><E99/><V33/><F33/><W52/><G84/><T24/><D24/><U93/><E26/><V65/><F23/><W129/><G86/><T125/><D125/><U73/><E73/><V111/><F111/><W75/><G75/><T123/><D123/><U133/><N who="1" m="23552" /><DORA hai="62" /><U88/><E133/><V82/><F85/><W19/><G69/><T87/><D87/><N who="1" m="50279" /><E20/><V28/><F91/><W27/><G129/><T3/><D3/><U114/><E21/><RYUUKYOKU ba="1,2" sc="165,30,355,-10,225,-10,235,-10" hai0="10,13,16,43,49,50,54,56,68,70,77,78,79" /><INIT seed="3,2,2,4,1,106" ten="195,345,215,225" oya="3" hai0="9,93,57,2,66,80,121,87,92,40,72,77,125" hai1="124,81,12,123,71,97,133,49,98,1,43,118,16" hai2="127,27,115,94,82,116,101,32,38,129,78,131,135" hai3="33,104,42,8,126,6,83,44,47,114,34,25,10"/><W48/><G114/><T45/><D121/><U128/><E71/><V65/><F38/><W91/><G104/><T64/><D125/><U109/><E1/><V79/><F65/><N who="0" m="25194" /><D57/><U110/><E133/><V95/><F115/><W112/><G112/><T59/><D59/><U14/><E128/><N who="2" m="49227" /><F116/><W41/><G126/><T5/><D87/><U37/><E37/><AGARI ba="2,2" hai="2,5,9,37,40,45,72,77,80,92,93" m="25194" machi="37" ten="30,2000,0" yaku="25,1,52,1" doraHai="106" who="0" fromWho="1" sc="195,46,345,-26,215,0,225,0" /><INIT seed="4,0,0,0,0,78" ten="241,319,215,225" oya="0" hai0="46,45,33,0,131,73,19,91,9,11,117,17,24" hai1="50,14,116,41,32,75,84,30,118,109,16,113,104" hai2="96,92,94,83,54,63,53,80,61,29,99,44,22" hai3="3,13,71,105,49,123,124,86,5,97,60,55,120"/><T115/><D117/><U28/><E75/><V132/><F132/><W69/><G3/><T8/><D0/><U66/><E104/><V62/><F29/><W34/><G34/><T10/><D73/><U130/><E109/><V59/><F22/><W31/><G31/><T76/><D76/><U95/><E66/><V38/><F38/><W135/><G135/><T98/><D131/><U134/><E134/><V90/><F44/><N who="0" m="17002" /><D33/><U110/><E110/><V35/><F35/><W77/><G124/><T111/><D115/><U40/><E130/><V43/><F43/><W58/><G105/><T121/><D121/><N who="3" m="46665" /><G97/><T122/><D122/><U12/><E32/><V36/><F36/><W125/><G125/><T126/><D126/><U93/><E113/><V15/><F15/><W100/><G100/><T133/><D111/><U27/><E12/><V47/><F47/><W129/><G129/><T128/><D128/><U1/><E1/><V25/><F25/><W87/><G49/><T57/><D57/><U119/><E50/><N who="2" m="31159" /><F54/><W82/><G86/><T65/><D65/><U7/><E27/><V39/><F39/><W112/><G112/><T48/><D48/><U114/><E114/><V23/><F23/><W67/><G67/><T101/><D133/><U89/><E40/><V2/><F2/><W107/><G107/><T108/><D108/><U106/><E41/><V102/><AGARI ba="0,0" hai="61,62,63,80,83,90,92,94,96,99,102" m="31159" machi="102" ten="30,4000,0" yaku="8,1,52,2" doraHai="78" who="2" fromWho="2" sc="241,-20,319,-10,215,40,225,-10" /><INIT seed="5,0,0,2,3,1" ten="221,309,255,215" oya="1" hai0="82,120,60,65,57,79,10,37,90,113,11,71,3" hai1="87,32,31,110,7,50,49,89,118,117,63,133,19" hai2="96,75,15,121,88,33,68,105,103,131,12,70,86" hai3="53,124,95,66,24,129,29,125,78,111,114,81,126"/><U130/><E133/><V55/><F121/><W51/><G111/><T132/><D120/><U112/><E130/><V9/><F33/><W23/><G129/><T38/><D132/><U134/><E134/><V4/><F75/><W61/><G114/><T30/><D113/><U56/><E112/><V116/><F116/><W28/><G95/><T93/><D30/><U119/><E110/><V92/><F131/><W109/><G109/><T2/><D2/><U101/><E101/><V115/><F115/><W22/><G61/><T5/><D11/><U83/><E31/><V14/><REACH who="2" step="1"/><F55/><REACH who="2" ten="221,309,245,215" step="2"/><W20/><G24/><T27/><D27/><U26/><E32/><V34/><F34/><W35/><G35/><T67/><D67/><U94/><E118/><V39/><F39/><W25/><G25/><T42/><D42/><U91/><E26/><V58/><F58/><N who="3" m="33087" /><G66/><T52/><D65/><U77/><E119/><V123/><F123/><W100/><G100/><T98/><REACH who="0" step="1"/><D71/><AGARI ba="0,1" hai="4,9,12,14,15,68,70,71,86,88,92,96,103,105" machi="71" ten="40,8000,1" yaku="1,1,52,1,54,1,53,1" doraHai="1" doraHaiUra="102" who="2" fromWho="0" sc="221,-80,309,0,245,90,215,0" /><INIT seed="6,0,0,5,5,56" ten="141,309,335,215" oya="2" hai0="88,53,91,28,43,94,59,126,47,90,44,129,66" hai1="12,38,135,74,99,32,132,20,96,134,35,61,46" hai2="127,45,123,115,111,116,84,54,76,65,86,128,24" hai3="118,71,18,89,4,108,113,40,121,105,19,36,23"/><V37/><F76/><W6/><G121/><T114/><D129/><U25/><E74/><V64/><F116/><W72/><G72/><T68/><D126/><U130/><E130/><V117/><F128/><W48/><G108/><T83/><D114/><U110/><E110/><V109/><F117/><W82/><G36/><T52/><D28/><U125/><E125/><V106/><F106/><W75/><G105/><T17/><D68/><U50/><E61/><V102/><F102/><W103/><G103/><T98/><D17/><N who="1" m="10279" /><E38/><V78/><F54/><N who="0" m="21098" /><D83/><U26/><E25/><V60/><F60/><W97/><G75/><T73/><D73/><U100/><E26/><V58/><F58/><W15/><G71/><T77/><D77/><U27/><E27/><V9/><F24/><W70/><G113/><T0/><D0/><U119/><E100/><V101/><F101/><W51/><G70/><T107/><D107/><U30/><E30/><V63/><F78/><W133/><G133/><T62/><D47/><U67/><E67/><V22/><F37/><W11/><G118/><T7/><D7/><U34/><E119/><V10/><F45/><N who="3" m="25639" /><G51/><AGARI ba="0,0" hai="43,44,51,59,62,66,88,90,91,94,98" m="21098" machi="51" ten="30,7700,0" yaku="8,1,52,1,54,2" doraHai="56" who="0" fromWho="3" sc="141,77,309,0,335,0,215,-77" /><INIT seed="7,0,0,1,2,52" ten="218,309,335,138" oya="3" hai0="15,99,61,129,51,24,31,108,91,57,10,27,23" hai1="63,42,118,88,79,105,117,7,46,41,119,53,28" hai2="22,111,80,100,49,13,26,6,70,106,60,87,39" hai3="4,21,94,128,47,90,66,86,65,25,40,33,9"/><W2/><G128/><T98/><D129/><U0/><E105/><V29/><F39/><W20/><G33/><T110/><D51/><U73/><E28/><V58/><F111/><W114/><G114/><T50/><D50/><U5/><E0/><V11/><F70/><W123/><G123/><T83/><D27/><U89/><E73/><V32/><F49/><W69/><G69/><T56/><D110/><U101/><E79/><V82/><F106/><W84/><G21/><T77/><D108/><U103/><E46/><V81/><F100/><N who="1" m="38473" /><E63/><V55/><F32/><W67/><G47/><T122/><D122/><U132/><E53/><V64/><F55/><W93/><G40/><N who="1" m="15466" /><E132/><V12/><F12/><W120/><G120/><T18/><D91/><AGARI ba="0,0" hai="5,7,88,89,91,117,118,119" m="15466,38473" machi="91" ten="40,8000,1" yaku="28,2,12,1,54,1" doraHai="52" who="1" fromWho="0" sc="218,-80,309,80,335,0,138,0" /><AGARI ba="0,0" hai="6,11,13,22,26,29,58,60,64,80,81,82,87,91" machi="91" ten="30,3900,0" yaku="7,1,8,1,52,1" doraHai="52" who="2" fromWho="0" sc="138,-39,389,0,335,39,138,0" owari="99,-40.0,389,49.0,374,17.0,138,-26.0" /></mjloggm>