<mjloggm ver="2.3"><GO type="169" lobby="0"/><UN n0="%E3%82%B7%E3%83%AB%E3%83%93%E3%82%A3" n1="%E3%82%A6%E3%83%AB%E3%83%88%E3%83%A9%E7%AB%8B%E7%9B%B4" n2="%73%68%6F%6B%6F%6C%61%32" n3="%E4%BF%BA%E3%81%A8%E5%A6%96%E5%A4%A2" dan="18,17,17,16" rate="2190.99,2220.76,2131.68,2150.78" sx="F,M,M,F"/><TAIKYOKU oya="0"/><INIT seed="0,0,0,0,3,123" ten="250,250,250,250" oya="0" hai0="74,49,86,91,106,99,90,82,80,22,7,87,1" hai1="32,102,9,112,26,12,94,131,105,83,63,132,118" hai2="92,55,81,75,85,61,89,135,101,20,64,13,103" hai3="71,51,67,100,34,124,115,122,10,52,73,69,70"/><T62/><D74/><U0/><E118/><V88/><F135/><W95/><G34/><T41/><D22/><U44/><E0/><V8/><F20/><W42/><G73/><T35/><D35/><U76/><E131/><V107/><F55/><W60/><G10/><T109/><D62/><U68/><E132/><V29/><F29/><W15/><G15/><T77/><D7/><U96/><E44/><V36/><F36/><W108/><G115/><T78/><D49/><U111/><E94/><V84/><F75/><W113/><G113/><T133/><D41/><U37/><E37/><V56/><REACH who="2" step="1"/><F107/><REACH who="2" ten="250,250,240,250" step="2"/><W66/><G122/><T58/><D133/><U40/><E105/><V79/><F79/><W125/><G67/><T57/><D1/><U130/><E76/><V97/><F97/><W27/><G42/><T30/><D30/><U128/><E96/><V4/><AGARI ba="0,1" hai="4,8,13,56,61,64,81,84,85,88,89,92,101,103" machi="4" ten="20,8000,1" yaku="1,1,0,1,7,1,8,1,54,1,53,0" doraHai="123" doraHaiUra="48" who="2" fromWho="2" sc="250,-40,250,-20,240,90,250,-20" /><INIT seed="1,0,0,5,1,101" ten="210,230,330,230" oya="1" hai0="75,47,112,129,78,8,92,118,87,68,10,91,50" hai1="111,90,134,70,113,122,36,40,38,35,29,128,54" hai2="51,14,45,72,127,32,96,58,98,20,18,22,119" hai3="28,99,110,84,59,56,115,15,117,77,64,104,95"/><U85/><E122/><V19/><F32/><W93/><G115/><T62/><D112/><U66/><E113/><V46/><F72/><W126/><G110/><T97/><D118/><U133/><E40/><V73/><F73/><W135/><G117/><T109/><D109/><U131/><E111/><V123/><F123/><W132/><G126/><T65/><D75/><U30/><E54/><V86/><F127/><W1/><G1/><T5/><D129/><N who="1" m="49739" /><E66/><V60/><F119/><W0/><G0/><T102/><D78/><U7/><E7/><V13/><F86/><W27/><G15/><T41/><REACH who="0" step="1"/><D5/><REACH who="0" ten="200,230,330,230" step="2"/><U124/><E124/><V55/><REACH who="2" step="1"/><F46/><REACH who="2" ten="200,230,320,230" step="2"/><W33/><G135/><T94/><AGARI ba="0,2" hai="8,10,41,47,50,62,65,68,87,91,92,94,97,102" machi="94" ten="20,5200,0" yaku="1,1,2,1,0,1,7,1,53,0" doraHai="101" doraHaiUra="106" who="0" fromWho="0" sc="200,72,230,-26,320,-13,230,-13" /><INIT seed="2,0,0,0,5,115" ten="272,204,307,217" oya="2" hai0="121,89,62,61,69,110,135,130,82,45,44,5,73" hai1="93,3,123,96,36,64,13,1,35,43,23,91,106" hai2="77,129,134,112,126,76,83,66,120,101,72,12,131" hai3="88,109,16,41,6,0,118,49,107,31,78,67,79"/><V34/><F34/><W128/><G107/><T103/><D121/><U105/><E35/><V71/><F120/><W133/><G31/><T59/><D69/><U32/><E32/><V124/><F112/><W102/><G102/><T84/><D110/><U90/><E123/><V14/><F77/><W20/><G109/><T24/><D130/><N who="2" m="49674" /><F101/><W53/><G41/><T92/><D135/><U10/><E64/><V51/><F51/><W46/><G133/><T94/><D5/><U80/><E3/><V114/><F114/><W40/><G128/><T7/><D7/><U21/><E1/><V50/><F50/><W11/><G118/><T108/><D108/><U85/><E106/><V39/><F39/><W57/><G67/><T42/><D62/><U17/><REACH who="1" step="1"/><E105/><REACH who="1" ten="272,194,307,217" step="2"/><V18/><F134/><W86/><G40/><T60/><D42/><U68/><E68/><V100/><F66/><W25/><REACH who="3" step="1"/><G57/><REACH who="3" ten="272,194,307,207" step="2"/><T9/><D59/><U26/><E26/><V63/><F71/><W37/><G37/><T119/><D24/><U127/><E127/><V8/><F126/><W48/><G48/><T111/><D111/><U30/><E30/><V97/><F124/><W65/><G65/><T38/><D38/><U22/><E22/><V99/><F63/><W113/><G113/><T81/><D61/><U19/><E19/><N who="2" m="8583" /><F100/><W87/><G87/><T75/><D60/><U55/><E55/><V52/><F52/><W70/><G70/><T2/><D103/><U116/><E116/><V98/><F98/><W95/><AGARI ba="0,2" hai="0,6,11,16,20,25,46,49,53,78,79,86,88,95" machi="95" ten="20,8000,1" yaku="1,1,0,1,7,1,54,2,53,0" doraHai="115" doraHaiUra="132" who="3" fromWho="3" sc="272,-20,194,-20,307,-40,207,100" /><INIT seed="3,0,0,1,2,91" ten="252,174,267,307" oya="3" hai0="83,88,97,44,74,125,33,100,48,18,59,2,105" hai1="112,36,28,62,11,56,106,29,55,80,85,117,21" hai2="13,78,54,111,6,17,102,73,63,123,118,126,58" hai3="89,68,121,92,16,96,81,46,79,131,34,133,61"/><W40/><G121/><T75/><D33/><U104/><E112/><V109/><F118/><W72/><G34/><T86/><D2/><U99/><E117/><V65/><F126/><W134/><G131/><T5/><D125/><U52/><E36/><V53/><F6/><W7/><G7/><T132/><D132/><N who="3" m="50793" /><G61/><T0/><D59/><U26/><E29/><V15/><F123/><W25/><G68/><T20/><D5/><U71/><E71/><V8/><F102/><W27/><G16/><T114/><D0/><U45/><E11/><V10/><F78/><W23/><G23/><T107/><D107/><U101/><E45/><V57/><F73/><W82/><G81/><T98/><D98/><U70/><E70/><V42/><F42/><W108/><G108/><N who="2" m="41545" /><F58/><W93/><G93/><T119/><D114/><U1/><E1/><V41/><F41/><W115/><G115/><T124/><D119/><U37/><E37/><AGARI ba="0,0" hai="25,27,37,40,46,72,79,82,89,92,96" m="50793" machi="37" ten="30,2900,0" yaku="20,1,52,1" doraHai="91" who="3" fromWho="1" sc="252,0,174,-29,267,0,307,29" /><INIT seed="3,1,0,5,1,103" ten="252,145,267,336" oya="3" hai0="58,26,88,102,108,81,40,52,6,67,57,94,36" hai1="122,99,65,134,27,132,14,87,74,7,114,29,104" hai2="3,10,45,97,92,113,107,76,106,19,9,79,78" hai3="51,112,13,47,90,133,75,84,8,95,49,11,80"/><W21/><G112/><T124/><D108/><U72/><E114/><V100/><F113/><W121/><G121/><T60/><D124/><U56/><E122/><V120/><F120/><W86/><G133/><N who="1" m="51306" /><E87/><V131/><F131/><W35/><G35/><T66/><D6/><U24/><E14/><V28/><F28/><W115/><G75/><N who="1" m="28714" /><E7/><V46/><F3/><W130/><G130/><T83/><D102/><N who="1" m="62559" /><E29/><V123/><F123/><W70/><G70/><T98/><D36/><U22/><E22/><V91/><F46/><W63/><G63/><AGARI ba="1,0" hai="24,27,56,63,65" m="62559,28714,51306" machi="63" ten="30,2000,0" yaku="20,1,52,1" doraHai="103" who="1" fromWho="3" sc="252,0,145,23,267,0,336,-23" /><INIT seed="4,0,0,3,1,75" ten="252,168,267,313" oya="0" hai0="125,11,46,15,68,28,29,53,42,98,17,10,74" hai1="103,69,7,110,70,76,34,45,16,104,67,0,64" hai2="26,48,14,44,54,22,96,32,19,62,36,66,94" hai3="127,63,102,3,18,100,112,21,114,97,120,113,133"/><T73/><D68/><U57/><E34/><V43/><F32/><W58/><G3/><T72/><D125/><U108/><E7/><V109/><F109/><N who="1" m="42089" /><E103/><V82/><F82/><W132/><G127/><T107/><D53/><U130/><E104/><V84/><F84/><W2/><G2/><T37/><REACH who="0" step="1"/><D10/><REACH who="0" ten="242,168,267,313" step="2"/><U95/><E69/><V79/><F54/><N who="3" m="34263" /><G120/><T92/><D92/><U99/><E95/><V55/><F55/><W41/><G41/><T61/><D61/><U49/><E70/><V93/><F62/><W56/><G133/><T106/><D106/><U91/><E67/><V122/><F66/><W86/><G132/><T123/><D123/><U40/><E64/><V5/><F94/><W111/><G111/><T101/><AGARI ba="0,1" hai="11,15,17,28,29,37,42,46,72,73,74,98,101,107" machi="101" ten="40,3900,0" yaku="1,1,0,1,53,0" doraHai="75" doraHaiUra="78" who="0" fromWho="0" sc="242,49,168,-13,267,-13,313,-13" /><INIT seed="4,1,0,0,4,75" ten="291,155,254,300" oya="0" hai0="112,134,84,25,20,63,49,88,26,99,118,13,39" hai1="86,105,17,28,91,126,48,94,32,73,9,11,15" hai2="110,127,12,128,95,81,5,4,42,130,124,108,129" hai3="38,97,37,72,113,24,76,55,0,51,44,61,100"/><T85/><D118/><U19/><E126/><N who="2" m="48171" /><F42/><W30/><G113/><T80/><D39/><U29/><E105/><V125/><N who="2" m="48179" /><V131/><N who="2" m="32768" /><DORA hai="92" /><DORA hai="132" /><V116/><F116/><W43/><G0/><T70/><D134/><U107/><E107/><V115/><F115/><W93/><G61/><T87/><D112/><U1/><E32/><V56/><F95/><W58/><G72/><T14/><D70/><U101/><E73/><V36/><F36/><W41/><G76/><T119/><D63/><U7/><E101/><V109/><F56/><W35/><G43/><T18/><D119/><U3/><E3/><V47/><F47/><W104/><G104/><T117/><D117/><U114/><E114/><V102/><F102/><W121/><G121/><T33/><D33/><U64/><E64/><V77/><F12/><W69/><G69/><T52/><D14/><U83/><E83/><V79/><F79/><W50/><AGARI ba="1,0" hai="24,30,35,37,38,41,44,50,51,55,58,93,97,100" machi="50" ten="20,2700,0" yaku="0,1,7,1,52,1" doraHai="75,92,132" who="3" fromWho="3" sc="291,-14,155,-8,254,-8,300,30" /><INIT seed="5,0,0,2,5,10" ten="277,147,246,330" oya="1" hai0="66,95,47,48,124,0,72,94,39,57,12,111,88" hai1="51,84,36,11,6,127,44,81,30,68,5,38,34" hai2="96,103,91,101,29,35,59,31,69,63,52,100,79" hai3="71,85,3,122,92,105,90,83,25,4,78,134,126"/><U117/><E68/><V23/><F35/><W2/><G122/><T115/><D0/><U121/><E121/><V112/><F69/><W13/><G71/><T26/><D115/><U110/><E117/><V54/><F79/><W22/><G105/><T49/><D72/><U125/><E110/><V123/><F123/><W114/><G114/><T62/><D124/><N who="1" m="47691" /><E30/><N who="2" m="11275" /><F112/><W102/><G102/><T8/><D111/><U16/><E34/><V75/><F75/><W61/><G126/><T60/><D26/><U33/><E33/><V132/><F132/><W67/><G134/><T93/><D39/><U40/><E6/><V80/><F23/><W21/><G3/><T64/><D47/><U118/><E118/><V37/><F37/><W133/><G2/><T24/><D24/><U50/><E5/><V76/><F76/><W42/><G133/><T87/><D62/><U28/><E28/><V74/><F74/><W104/><G104/><T17/><D66/><U130/><E38/><V53/><F80/><AGARI ba="0,0" hai="8,12,17,48,49,57,60,64,80,87,88,93,94,95" machi="80" ten="40,5200,0" yaku="8,1,52,1,54,1" doraHai="10" who="0" fromWho="2" sc="277,52,147,0,246,-52,330,0" /><INIT seed="6,0,0,4,4,28" ten="329,147,194,330" oya="2" hai0="106,31,44,128,23,2,124,72,75,43,87,113,102" hai1="16,11,35,24,57,37,34,15,70,42,81,89,12" hai2="64,110,45,97,20,39,94,98,117,36,120,46,99" hai3="50,105,86,126,48,49,40,71,13,68,53,27,69"/><V127/><F120/><W108/><G105/><T51/><D2/><U115/><E70/><V4/><F117/><W66/><G13/><T103/><D87/><U130/><E37/><N who="2" m="14411" /><F64/><W133/><G27/><T47/><D23/><U112/><E42/><V7/><F94/><W76/><G108/><T32/><D124/><U92/><E81/><V9/><F20/><W73/><G73/><T85/><D85/><U83/><E83/><V95/><F95/><W14/><G14/><T132/><D102/><U88/><E130/><V62/><F9/><W52/><G76/><T134/><D128/><U0/><E0/><V55/><F127/><W17/><G17/><T1/><D1/><U65/><E15/><V84/><F84/><W58/><G86/><T80/><D80/><U125/><E125/><V131/><F131/><W135/><G40/><T116/><D116/><U129/><E129/><V41/><F41/><W33/><G126/><T21/><D75/><U3/><E3/><V38/><N who="2" m="14419" /><V77/><DORA hai="67" /><F77/><W79/><G79/><T78/><D78/><U8/><E8/><V104/><F104/><W111/><G111/><T59/><D72/><U10/><E10/><V91/><F91/><N who="1" m="34889" /><E92/><V96/><N who="2" m="24576" /><DORA hai="93" /><V22/><F22/><W90/><G66/><T121/><D21/><U101/><E101/><V56/><F110/><W123/><G90/><T122/><D106/><U114/><E24/><V107/><F107/><W61/><G69/><T119/><D43/><U19/><E19/><V54/><F55/><W30/><G68/><T29/><D119/><U82/><E82/><RYUUKYOKU ba="0,0" sc="329,-15,147,15,194,15,330,-15" hai1="11,12,16,34,35,57,65,112,114,115" hai2="4,7,45,46,54,56,62" /><INIT seed="6,1,0,4,4,123" ten="314,162,209,315" oya="2" hai0="56,10,63,21,69,86,79,28,3,38,73,127,49" hai1="55,20,83,2,124,96,107,12,104,67,90,13,82" hai2="128,99,116,91,59,41,111,51,71,70,36,47,76" hai3="115,6,60,5,32,62,130,11,129,106,97,132,37"/><V8/><F116/><W95/><G106/><T108/><D38/><U114/><E2/><V110/><F76/><W14/><G37/><T25/><D73/><U53/><E124/><V23/><F8/><N who="3" m="4367" /><G32/><T109/><D127/><U100/><E114/><V65/><F128/><N who="3" m="49259" /><G132/><T89/><D79/><U54/><E107/><V125/><F125/><W102/><G115/><T33/><D69/><U30/><E67/><V85/><F99/><W112/><G112/><T44/><D33/><U66/><E66/><V84/><F23/><W101/><G101/><T29/><D29/><U88/><E30/><V18/><F18/><W57/><G57/><T31/><D31/><U120/><E120/><V77/><F77/><W119/><G119/><T1/><D1/><AGARI ba="1,0" hai="1,6,11,60,62,95,97,102" m="49259,4367" machi="1" ten="30,1000,0" yaku="19,1" doraHai="123" who="3" fromWho="0" sc="314,-13,162,0,209,0,315,13" /><INIT seed="7,0,0,0,0,45" ten="301,162,209,328" oya="3" hai0="84,69,29,78,124,126,59,66,113,99,28,74,23" hai1="22,64,63,125,112,73,53,71,101,115,65,44,15" hai2="77,39,107,97,6,108,133,13,8,5,98,93,122" hai3="54,3,111,91,70,35,116,61,10,55,82,26,94"/><W7/><G116/><T90/><D69/><U121/><E73/><V40/><F108/><W132/><G111/><T46/><D99/><U118/><E101/><V11/><F77/><W128/><G128/><T42/><D74/><U58/><E15/><V9/><F133/><W105/><G105/><T2/><D2/><U33/><E22/><V96/><F122/><W89/><G132/><T79/><D113/><N who="1" m="43595" /><E33/><V51/><F39/><W4/><G4/><N who="2" m="1641" /><F107/><W24/><G82/><T56/><D126/><U16/><E16/><N who="2" m="8255" /><F93/><W95/><G35/><T43/><D124/><U38/><E125/><V127/><F127/><W48/><G26/><T37/><D43/><N who="1" m="22647" /><E121/><V102/><F102/><W57/><G24/><T81/><D79/><U1/><E1/><V103/><F103/><W92/><G70/><T25/><D66/><N who="1" m="41439" /><E118/><V104/><F104/><W85/><G91/><T52/><D29/><U80/><E80/><V31/><F31/><W130/><G130/><T67/><D78/><U86/><E86/><V34/><F34/><W12/><G3/><T30/><D30/><U129/><E129/><V100/><F100/><W32/><G32/><T21/><D21/><U76/><E76/><V49/><F9/><W18/><G7/><T72/><D72/><U106/><E106/><V134/><F8/><W123/><G123/><T120/><D120/><U135/><E135/><V109/><F134/><W83/><G83/><T75/><D75/><U62/><AGARI ba="0,0" hai="53,58,62,64,65" m="41439,22647,43595" machi="62" ten="30,4000,0" yaku="15,1,34,2" doraHai="45" who="1" fromWho="1" sc="301,-10,162,40,209,-10,328,-20" owari="291,9.0,202,-20.0,199,-30.0,308,41.0" /></mjloggm>