<mjloggm ver="2.3"><GO type="41" lobby="0"/><UN n0="%E6%9D%BE%E5%AE%9F%E5%AE%A5%E2%98%86%E6%AC%A1%E9%8B%92" n1="%5B%E3%81%A4%E3%82%93%E3%81%A4%E3%82%93%E2%98%86%5D" n2="%E5%B0%B1%E6%B4%BB%E7%94%9F%40%E5%B7%9D%E6%9D%91%E8%BB%8D%E5%9B%A3" n3="%E2%80%A0%E3%83%81%E3%82%BF%E3%83%B3%E3%83%80%E3%82%A8%E3%83%AB%E2%80%A0" dan="13,14,17,13" rate="1893.08,1830.20,2213.79,1989.57" sx="M,M,M,M"/><TAIKYOKU oya="0"/><INIT seed="0,0,0,5,3,11" ten="250,250,250,250" oya="0" hai0="119,70,91,118,120,59,12,34,65,93,100,114,108" hai1="84,97,30,103,50,75,113,27,45,49,2,134,52" hai2="131,126,63,127,107,72,105,20,86,26,36,132,28" hai3="46,4,60,31,85,115,16,130,109,76,95,23,89"/><T82/><D34/><U62/><E75/><V17/><F72/><W128/><G115/><T123/><D70/><U24/><E2/><V102/><F36/><W15/><G109/><T99/><D12/><U6/><E113/><V96/><F131/><N who="3" m="50219" /><G31/><T32/><D32/><U98/><E134/><V10/><F132/><W33/><G33/><T58/><D65/><U7/><E27/><V43/><F43/><W38/><G76/><T42/><D42/><U101/><E84/><V88/><F63/><W110/><G110/><T129/><D129/><U48/><E62/><V1/><F107/><W124/><G124/><T77/><D108/><U55/><E48/><V5/><REACH who="2" step="1"/><F28/><REACH who="2" ten="250,250,240,250" step="2"/><W94/><G60/><T64/><D114/><U18/><E30/><V22/><F22/><W71/><G38/><T125/><D125/><U14/><E45/><V61/><F61/><W83/><G46/><T25/><D120/><U74/><E74/><V78/><F78/><W53/><G71/><T41/><D41/><U135/><E135/><V133/><F133/><W47/><G4/><T121/><D123/><U9/><E6/><V21/><F21/><W73/><G73/><T112/><D121/><U8/><E50/><AGARI ba="0,1" hai="15,16,23,47,50,53,83,85,89,94,95" m="50219" machi="50" ten="30,3900,0" yaku="19,1,52,1,54,1" doraHai="11" who="3" fromWho="1" sc="250,0,250,-39,240,0,250,49" /><INIT seed="1,0,0,3,1,35" ten="250,211,240,299" oya="1" hai0="74,7,115,2,128,24,5,56,31,83,29,17,60" hai1="9,93,71,10,20,125,1,75,135,58,44,79,109" hai2="63,68,123,104,27,119,126,50,106,88,4,48,62" hai3="133,19,87,85,55,14,39,15,8,25,131,67,42"/><U32/><E32/><V91/><F119/><W110/><G67/><T26/><D83/><U30/><E71/><V134/><F27/><W70/><G70/><T53/><D74/><U132/><E75/><V92/><F68/><W43/><G110/><T28/><D115/><U90/><E79/><V82/><F4/><W13/><G133/><N who="1" m="51274" /><E44/><V97/><F134/><W77/><G131/><T81/><D81/><U34/><E58/><V41/><F82/><N who="3" m="47311" /><G39/><T122/><D122/><U37/><E37/><V117/><F117/><W66/><G66/><T102/><D102/><U40/><E40/><N who="3" m="15402" /><G25/><T47/><D128/><U113/><E113/><V18/><F41/><W129/><G129/><T22/><D47/><U107/><E107/><V124/><F18/><W65/><G65/><T94/><D94/><U99/><E109/><V116/><F116/><W84/><G55/><T54/><D54/><U46/><E46/><V12/><F12/><AGARI ba="0,0" hai="8,12,13,14,15,19,84,87" m="15402,47311" machi="12" ten="30,1000,0" yaku="8,1" doraHai="35" who="3" fromWho="2" sc="250,0,211,0,240,-10,299,10" /><INIT seed="2,0,0,1,2,49" ten="250,211,230,309" oya="2" hai0="70,83,38,127,20,64,50,1,132,123,59,134,46" hai1="94,6,76,63,68,18,11,17,91,47,73,43,97" hai2="81,53,5,0,93,108,126,61,21,51,80,27,16" hai3="12,111,69,14,37,67,60,65,129,25,119,36,57"/><V4/><F126/><W100/><G119/><T130/><D1/><U116/><E116/><V39/><F39/><W92/><G111/><T62/><D20/><U55/><E68/><V34/><F108/><W113/><G129/><T45/><D83/><N who="2" m="31818" /><F34/><W29/><G113/><T32/><D32/><U86/><E73/><V82/><F0/><W52/><G37/><T9/><D9/><U40/><E76/><V3/><F3/><W135/><G36/><T31/><D31/><U35/><E35/><V109/><F109/><W85/><G135/><N who="0" m="51755" /><D123/><U115/><E115/><V77/><F61/><W95/><G95/><T41/><D127/><U89/><E40/><V105/><F105/><W114/><G114/><T79/><D79/><U120/><E120/><V118/><F118/><W99/><G85/><T71/><D130/><U125/><E125/><V131/><F131/><W66/><REACH who="3" step="1"/><G69/><REACH who="3" ten="250,211,230,299" step="2"/><T103/><D64/><U74/><E74/><V128/><F128/><W33/><AGARI ba="0,1" hai="12,14,25,29,33,52,57,60,65,66,67,92,99,100" machi="33" ten="30,12000,2" yaku="1,1,2,1,0,1,52,1,54,1,53,2" doraHai="49" doraHaiUra="8" who="3" fromWho="3" sc="250,-30,211,-30,230,-60,299,130" /><INIT seed="3,0,0,2,0,9" ten="220,181,170,429" oya="3" hai0="83,39,44,106,21,67,46,17,78,4,11,62,45" hai1="58,40,128,124,134,82,66,116,75,93,1,127,121" hai2="12,42,111,102,55,56,64,27,63,126,122,115,14" hai3="79,84,135,87,69,18,8,53,117,90,68,20,76"/><W19/><G117/><T48/><D106/><U92/><E40/><V104/><F115/><W95/><G135/><T57/><D39/><U130/><E1/><V10/><F111/><W120/><G120/><T133/><D133/><U50/><E66/><V100/><F126/><N who="1" m="48169" /><E58/><N who="2" m="36983" /><F104/><W65/><G8/><T61/><D61/><U129/><E50/><N who="2" m="30839" /><F122/><W51/><G18/><T43/><D83/><U22/><E121/><V26/><F42/><W77/><G87/><T13/><REACH who="0" step="1"/><D78/><REACH who="0" ten="210,181,170,429" step="2"/><N who="1" m="44383" /><E116/><V60/><F60/><W2/><G77/><T125/><D125/><U71/><E71/><V114/><F114/><W74/><G79/><T32/><D32/><U31/><E31/><V52/><F52/><W25/><G76/><T119/><D119/><U29/><E29/><V118/><F118/><W80/><G80/><T96/><D96/><U123/><E123/><V132/><F132/><W30/><G65/><T109/><D109/><U113/><E113/><V88/><F102/><W15/><G74/><T6/><D6/><U81/><E81/><V85/><F100/><W91/><G69/><T89/><D89/><U59/><E134/><V3/><F3/><AGARI ba="0,1" hai="3,4,11,13,17,21,43,44,45,46,48,57,62,67" machi="3" ten="30,7700,0" yaku="1,1,7,1,52,1,53,1" doraHai="9" doraHaiUra="47" who="0" fromWho="2" sc="210,87,181,0,170,-77,429,0" /><INIT seed="4,0,0,2,2,31" ten="297,181,93,429" oya="0" hai0="105,121,126,120,81,89,25,86,46,54,132,111,39" hai1="17,78,98,12,2,55,122,5,43,101,32,16,21" hai2="128,106,77,67,28,36,4,1,133,75,84,42,90" hai3="65,20,19,8,115,22,108,59,130,91,68,27,0"/><T112/><D105/><U131/><E122/><V29/><F106/><W37/><G108/><T13/><D112/><U9/><E78/><V34/><F128/><W135/><G68/><T119/><D119/><U63/><E43/><V118/><F133/><W93/><G37/><T79/><D132/><U85/><E85/><V113/><F113/><W35/><G130/><T92/><D111/><U114/><E114/><V51/><F118/><W66/><G115/><T123/><D126/><U62/><E131/><V83/><F67/><W109/><G109/><T125/><D125/><U99/><E99/><V15/><F51/><W73/><G73/><T76/><D76/><U116/><E116/><V97/><F97/><W124/><G124/><T72/><D39/><U24/><E55/><V58/><F58/><W117/><G117/><T88/><D89/><U49/><E49/><V40/><F15/><W70/><G70/><T64/><D64/><U50/><E50/><V7/><F7/><W10/><G135/><T57/><D46/><U3/><E3/><V69/><F69/><W87/><G0/><T102/><D102/><U14/><E14/><V61/><F61/><N who="3" m="38079" /><G35/><T52/><D13/><U38/><E38/><V80/><F34/><W26/><G66/><T74/><D74/><U47/><E47/><N who="2" m="23943" /><F42/><W82/><G93/><T134/><D134/><U103/><E103/><V48/><F48/><W56/><G56/><T100/><D57/><U71/><E71/><V33/><F33/><W96/><G96/><T23/><D100/><U45/><E45/><V94/><F94/><W110/><G110/><RYUUKYOKU ba="0,0" sc="297,10,181,-30,93,10,429,10" hai0="23,25,52,54,72,79,81,86,88,92,120,121,123" hai2="1,4,28,29,75,77,80,83,84,90" hai3="8,10,19,20,22,26,27,82,87,91" /><INIT seed="4,1,0,1,4,70" ten="307,151,103,439" oya="0" hai0="15,53,30,69,95,62,90,45,135,111,34,36,63" hai1="128,97,5,108,132,86,127,117,115,17,52,28,129" hai2="110,49,119,104,96,48,75,134,109,35,120,91,19" hai3="118,87,14,79,47,126,46,114,43,89,67,41,85"/><T0/><D0/><U106/><E117/><V8/><F120/><W27/><G118/><T12/><D135/><U68/><E108/><V7/><F119/><W125/><G114/><T25/><D111/><U124/><E68/><V66/><F75/><W94/><G67/><T65/><D36/><U13/><E106/><V11/><F134/><W3/><G3/><T57/><REACH who="0" step="1"/><D45/><REACH who="0" ten="297,151,103,439" step="2"/><U64/><E132/><V78/><F109/><W60/><G47/><T56/><D56/><U10/><E115/><V32/><F110/><W84/><G46/><T6/><D6/><U92/><E64/><V133/><F7/><W2/><G2/><T21/><D21/><U81/><E5/><V71/><F66/><W55/><G126/><N who="1" m="48170" /><E28/><V33/><F71/><W103/><G125/><T76/><D76/><U40/><E40/><V50/><F78/><W51/><G79/><T88/><D88/><N who="1" m="55431" /><E52/><V100/><F133/><W20/><G43/><T31/><D31/><U1/><E1/><V74/><F74/><W123/><G41/><T59/><D59/><U4/><E4/><V38/><F38/><W131/><G55/><T116/><D116/><U58/><E58/><V77/><F77/><AGARI ba="1,1" hai="10,13,17,77,81,86,128,129" m="55431,48170" machi="77" ten="30,2000,0" yaku="18,1,54,1" doraHai="70" who="1" fromWho="2" sc="297,0,151,33,103,-23,439,0" /><INIT seed="5,0,0,0,0,128" ten="297,184,80,439" oya="1" hai0="85,2,41,121,66,36,103,114,28,40,84,86,101" hai1="3,57,76,13,107,129,51,96,50,77,33,111,127" hai2="74,135,93,23,134,24,58,113,64,56,42,88,130" hai3="106,30,91,109,16,5,47,104,17,98,102,29,38"/><U78/><E33/><V72/><F130/><W131/><G131/><T118/><D2/><U52/><E129/><V22/><F42/><W90/><G109/><T44/><D121/><U67/><E3/><V87/><F113/><W48/><G38/><T115/><D118/><U112/><E112/><V20/><F24/><W124/><G106/><T83/><D66/><U26/><E111/><V119/><F119/><W68/><G68/><T15/><D40/><U4/><E26/><V10/><F10/><W61/><G124/><T122/><D122/><U43/><E127/><V62/><REACH who="2" step="1"/><F56/><REACH who="2" ten="297,184,70,439" step="2"/><W25/><G25/><T53/><D115/><U71/><E4/><V46/><F46/><W6/><G5/><T11/><D114/><U132/><E43/><V123/><F123/><W120/><G6/><T32/><D41/><U45/><E45/><V81/><F81/><W60/><G120/><T125/><D83/><U34/><E34/><V133/><AGARI ba="0,1" hai="20,22,23,58,62,64,72,74,87,88,93,133,134,135" machi="133" ten="40,12000,2" yaku="1,1,0,1,20,1,52,3,54,1,53,0" doraHai="128" doraHaiUra="92" who="2" fromWho="2" sc="297,-30,184,-60,70,130,439,-30" /><INIT seed="6,0,0,3,5,67" ten="267,124,200,409" oya="2" hai0="132,14,65,133,90,101,115,102,77,63,28,87,35" hai1="38,114,42,10,26,8,68,11,59,130,111,86,98" hai2="4,53,51,83,3,74,72,60,108,116,58,92,129" hai3="120,97,124,57,13,94,128,99,89,134,54,103,7"/><V104/><F104/><W110/><G110/><T62/><D115/><U117/><E111/><V19/><F116/><W107/><G120/><T5/><D77/><U6/><E117/><V18/><F108/><W80/><G124/><T41/><D41/><U43/><E114/><V52/><F129/><W119/><G128/><T127/><D127/><U135/><E130/><V39/><F39/><W64/><G119/><T34/><D63/><U22/><E135/><N who="0" m="51785" /><D28/><U96/><E38/><V95/><F4/><W36/><G36/><T75/><D75/><U88/><E6/><V76/><F3/><W118/><G134/><T100/><D14/><U91/><E59/><V121/><F74/><W30/><G64/><T1/><D1/><U61/><E26/><V105/><F105/><W81/><G30/><T37/><D37/><U73/><E73/><V50/><F121/><W20/><G118/><T47/><D47/><U113/><E22/><V45/><F60/><W126/><G126/><T21/><D21/><U25/><E25/><V122/><F122/><W12/><G12/><T93/><D5/><U131/><E131/><V71/><F71/><AGARI ba="0,0" hai="34,35,62,65,71,87,90,93,100,101,102" m="51785" machi="71" ten="30,2000,0" yaku="20,1,52,1" doraHai="67" who="0" fromWho="2" sc="267,20,124,0,200,-20,409,0" /><INIT seed="7,0,0,3,5,96" ten="287,124,180,409" oya="3" hai0="83,80,31,48,92,27,75,124,119,37,6,0,61" hai1="102,107,1,3,72,131,94,65,86,135,95,36,129" hai2="50,74,15,45,62,90,59,93,128,70,103,23,85" hai3="132,100,79,13,126,9,24,41,46,117,38,2,81"/><W91/><G117/><T114/><D119/><U125/><E36/><V118/><F74/><W73/><G132/><T77/><D37/><U66/><E72/><V53/><F118/><W88/><G126/><T33/><D124/><U130/><E86/><V98/><F128/><W7/><G100/><T97/><D114/><U116/><E125/><V57/><F70/><W26/><G13/><T63/><D83/><U42/><E42/><V30/><F62/><W104/><G104/><T55/><D6/><U134/><E116/><V5/><F5/><W20/><G26/><T64/><D64/><U56/><E56/><V25/><REACH who="2" step="1"/><F15/><REACH who="2" ten="287,124,170,409" step="2"/><W35/><G7/><T76/><D63/><U108/><E108/><V11/><F11/><W82/><G73/><T84/><D61/><U123/><E123/><V78/><F78/><W18/><G9/><T122/><D122/><U68/><E68/><V58/><F58/><W69/><G79/><T54/><D76/><U44/><E44/><V34/><F34/><W19/><G46/><T49/><D75/><U16/><E107/><AGARI ba="0,1" hai="23,25,30,45,50,53,57,59,85,90,93,98,103,107" machi="107" ten="30,3900,0" yaku="1,1,7,1,52,1,53,0" doraHai="96" doraHaiUra="113" who="2" fromWho="1" sc="287,0,124,-39,170,49,409,0" owari="287,9.0,85,-41.0,219,-18.0,409,50.0" /></mjloggm>