<mjloggm ver="2.3"><GO type="225" lobby="0"/><UN n0="%E5%A4%A9%E7%A9%BA%73%61%79%61" n1="%79%75%69%79%75%69%30%30" n2="%E5%B0%B1%E6%B4%BB%E7%94%9F%40%E5%B7%9D%E6%9D%91%E8%BB%8D%E5%9B%A3" n3="%E3%81%BE%E3%82%8B%E3%81%9F%E3%82%8D%E3%81%86" dan="16,17,17,16" rate="2128.65,2123.21,2227.18,2054.50" sx="M,M,M,M"/><TAIKYOKU oya="0"/><INIT seed="0,0,0,5,2,127" ten="250,250,250,250" oya="0" hai0="133,89,70,91,97,120,58,99,76,131,92,29,123" hai1="19,135,44,36,17,68,115,45,98,28,117,80,13" hai2="22,130,82,103,0,8,125,79,119,42,6,27,129" hai3="101,111,86,57,39,64,25,35,84,5,37,73,47"/><T109/><D70/><U50/><E117/><V11/><F125/><W95/><G73/><T33/><D58/><U85/><E68/><V122/><F122/><N who="0" m="46634" /><D29/><U53/><E115/><V106/><F119/><W87/><G5/><T105/><D33/><U15/><E98/><V34/><F42/><W93/><G47/><T52/><D52/><N who="1" m="29767" /><E36/><V124/><F124/><W32/><G64/><T18/><D18/><N who="1" m="6667" /><E135/><V30/><F11/><W74/><G74/><T60/><D60/><U23/><E53/><V61/><F61/><W72/><G72/><T31/><D133/><U62/><E62/><V38/><F38/><W118/><G118/><T126/><D31/><U63/><E45/><V112/><F112/><W54/><G25/><T43/><D126/><U100/><E100/><V24/><F103/><W26/><G26/><T88/><D43/><U3/><E3/><V108/><F106/><W9/><G35/><T75/><D109/><U69/><E69/><V46/><F46/><W40/><G32/><T1/><D1/><U113/><E113/><V102/><F102/><W132/><G132/><T134/><D134/><U78/><E63/><V96/><F96/><N who="0" m="36938" /><D105/><U59/><E59/><V48/><F48/><W51/><G111/><T83/><D92/><N who="3" m="35401" /><G39/><T107/><D107/><U104/><E104/><V110/><F110/><W16/><G37/><T65/><D65/><U90/><E28/><N who="2" m="17431" /><F108/><W66/><G66/><T121/><N who="0" m="46642" /><T128/><AGARI ba="0,0" hai="75,76,83,88,89,91,128,131" m="36938,46642" machi="128" ten="50,18000,2" yaku="4,1,34,2,52,2,54,1" doraHai="127" who="0" fromWho="0" sc="250,180,250,-60,250,-60,250,-60" /><INIT seed="0,1,0,3,3,118" ten="430,190,190,190" oya="0" hai0="80,45,25,130,31,63,1,93,60,62,71,57,124" hai1="41,68,65,89,101,54,70,127,86,73,121,9,133" hai2="119,42,59,10,8,76,83,39,44,135,17,99,21" hai3="120,33,12,66,116,55,49,112,51,35,123,92,61"/><T91/><D124/><U103/><E127/><V36/><F119/><W104/><G104/><T85/><D1/><U102/><E73/><V84/><F135/><W3/><G116/><T58/><D71/><U74/><E74/><V88/><F39/><W122/><G3/><T24/><D130/><U81/><E133/><V106/><F59/><N who="3" m="33279" /><G112/><T30/><D45/><U52/><E41/><V14/><REACH who="2" step="1"/><F76/><REACH who="2" ten="430,190,180,190" step="2"/><W64/><G64/><T110/><D58/><U20/><E65/><V16/><F16/><W34/><G49/><T114/><D57/><U19/><E70/><V38/><F38/><W6/><G92/><T11/><D93/><U79/><E68/><V75/><F75/><W117/><G117/><T27/><D62/><U107/><E107/><V126/><F126/><W43/><G43/><T131/><D60/><U47/><E47/><V7/><F7/><W22/><G6/><T67/><D63/><U0/><E54/><V128/><F128/><W125/><G125/><T53/><D53/><U2/><E52/><V23/><F23/><W50/><G50/><T113/><D67/><U87/><E20/><V115/><F115/><W134/><G134/><T69/><D114/><U100/><E19/><V13/><F13/><W82/><G12/><T29/><D69/><U109/><E2/><V48/><F48/><W96/><G22/><T94/><D113/><U111/><N who="1" m="25600" /><DORA hai="4" /><U46/><E46/><V5/><F5/><W37/><G37/><T26/><D131/><U129/><E129/><V40/><F40/><W72/><G72/><T97/><N who="0" m="6144" /><DORA hai="32" /><T108/><D31/><RYUUKYOKU ba="1,1" sc="430,-10,190,-10,180,30,190,-10" hai2="8,10,14,17,21,36,42,44,83,84,88,99,106" /><INIT seed="1,2,1,4,1,101" ten="420,180,210,180" oya="1" hai0="43,36,7,123,119,24,32,69,37,130,104,129,84" hai1="48,38,131,70,54,94,103,117,23,17,0,105,50" hai2="82,125,51,31,90,87,77,127,132,74,16,73,46" hai3="11,68,115,126,6,85,28,113,80,75,61,19,3"/><U9/><E117/><V13/><F132/><W100/><G75/><T35/><D69/><U110/><E70/><V29/><F74/><W49/><G126/><N who="2" m="48137" /><F73/><W66/><G100/><T64/><D64/><U56/><E38/><V96/><F96/><W58/><G28/><T34/><D104/><U112/><E112/><V114/><F77/><W55/><REACH who="3" step="1"/><G19/><REACH who="3" ten="420,180,210,170" step="2"/><T71/><D34/><U15/><E131/><V8/><F114/><W5/><G5/><T62/><D35/><U91/><E110/><V72/><F72/><W21/><G21/><T81/><D7/><U107/><E103/><V128/><F128/><W89/><AGARI ba="2,2" hai="3,6,11,49,55,58,61,66,68,80,85,89,113,115" machi="89" ten="20,8000,1" yaku="1,1,0,1,7,1,53,2" doraHai="101" doraHaiUra="111" who="3" fromWho="3" sc="420,-22,180,-42,210,-22,170,106" /><INIT seed="2,0,0,4,2,101" ten="398,138,188,276" oya="2" hai0="4,35,114,102,9,76,55,87,122,56,54,20,39" hai1="62,48,94,53,82,123,110,59,111,19,73,99,127" hai2="60,125,16,133,30,129,31,17,70,67,117,29,65" hai3="18,41,132,92,135,100,8,26,15,36,25,72,51"/><V116/><F125/><W120/><G120/><T50/><D35/><U68/><E123/><V88/><F133/><N who="3" m="51275" /><G72/><T105/><D39/><U91/><E127/><V23/><F129/><W97/><G36/><T52/><D114/><U106/><E19/><V0/><F0/><W109/><G109/><T49/><D102/><U46/><E68/><V2/><F2/><W12/><G12/><N who="0" m="5159" /><D105/><U77/><E110/><V108/><F108/><W40/><G51/><T45/><D122/><U6/><E111/><V81/><F67/><W126/><G126/><T85/><D76/><U113/><E113/><V61/><F61/><W75/><G75/><T57/><D20/><U131/><E131/><V98/><F17/><W11/><G11/><T24/><D24/><AGARI ba="0,0" hai="8,15,18,24,25,26,40,41,92,97,100" m="51275" machi="24" ten="30,1000,0" yaku="20,1" doraHai="101" who="3" fromWho="0" sc="398,-10,138,0,188,0,276,10" /><INIT seed="3,0,0,1,3,62" ten="388,138,188,286" oya="3" hai0="4,24,135,85,101,60,95,65,111,72,97,10,54" hai1="25,29,13,45,132,116,1,26,63,3,134,133,113" hai2="9,37,28,36,16,48,92,23,40,71,131,46,0" hai3="41,80,89,91,47,52,96,66,98,112,22,120,56"/><W51/><G120/><T42/><D72/><U67/><E45/><V123/><F71/><W38/><G112/><T55/><D111/><U105/><E113/><V2/><F123/><W109/><G109/><T15/><D135/><U12/><E105/><V75/><F75/><W100/><G98/><T102/><D42/><U18/><E116/><V108/><F108/><W114/><G114/><T124/><D124/><U90/><E90/><V21/><F131/><W57/><G80/><T70/><D102/><U104/><E104/><V103/><F23/><W93/><G22/><T11/><D24/><N who="1" m="9323" /><E63/><V86/><F28/><W106/><G106/><T115/><D115/><U119/><E119/><V59/><F9/><W7/><G7/><T31/><D31/><U6/><E29/><V126/><F126/><W83/><G83/><T43/><D43/><U20/><E67/><V5/><F5/><W50/><G38/><T122/><D122/><U76/><E76/><V117/><F117/><W39/><G39/><T33/><D33/><U87/><E87/><V8/><F8/><AGARI ba="0,0" hai="1,3,6,8,12,13,18,20,132,133,134" m="9323" machi="8" ten="40,5200,0" yaku="20,1,34,2" doraHai="62" who="1" fromWho="2" sc="388,0,138,52,188,-52,286,0" owari="388,48.0,190,-21.0,136,-36.0,286,9.0" /></mjloggm>