<mjloggm ver="2.3"><GO type="169" lobby="0"/><UN n0="%E5%B0%B1%E6%B4%BB%E7%94%9F%40%E5%B7%9D%E6%9D%91%E8%BB%8D%E5%9B%A3" n1="%6B%69%79%6F%6E%61%72%69" n2="%3E%5F%30%40%E6%9D%8F%E6%9D%8F%E8%BB%8D%E5%9C%98" n3="%E3%81%BB%E3%81%9F%E3%81%8B%E3%81%92" dan="17,16,16,16" rate="2155.61,2133.49,2129.96,2042.97" sx="M,M,F,M"/><TAIKYOKU oya="0"/><INIT seed="0,0,0,2,1,66" ten="250,250,250,250" oya="0" hai0="8,58,112,32,129,109,98,73,64,133,18,90,117" hai1="100,39,78,54,22,121,31,26,84,105,68,59,42" hai2="72,126,123,87,101,48,52,21,132,1,12,11,27" hai3="14,57,20,93,83,79,7,91,53,25,81,24,82"/><T3/><D73/><U5/><E121/><V125/><F123/><W15/><G79/><T17/><D32/><U13/><E105/><V95/><F72/><W62/><G25/><T38/><D38/><U61/><E100/><V77/><F1/><W9/><G15/><T97/><D117/><U36/><E42/><V37/><F37/><W23/><REACH who="3" step="1"/><G24/><REACH who="3" ten="250,250,250,240" step="2"/><T65/><D3/><U128/><E13/><V94/><F77/><W74/><G74/><T16/><D112/><U118/><E26/><V134/><F27/><W135/><G135/><T106/><D129/><U75/><E78/><V56/><F134/><W116/><G116/><T60/><D133/><U96/><E75/><V19/><F132/><W71/><G71/><T41/><D109/><U131/><E68/><V10/><F126/><W0/><G0/><T114/><D114/><U4/><E118/><V110/><F125/><W63/><G63/><T85/><D8/><U49/><E61/><V43/><F110/><W99/><AGARI ba="0,1" hai="7,9,14,20,23,53,57,62,81,82,83,91,93,99" machi="99" ten="30,4000,0" yaku="1,1,0,1,8,1,53,0" doraHai="66" doraHaiUra="34" who="3" fromWho="3" sc="250,-20,250,-10,250,-10,240,50" /><INIT seed="1,0,0,3,4,120" ten="230,240,240,290" oya="1" hai0="10,27,64,80,6,20,33,50,70,81,13,23,31" hai1="107,1,34,111,104,53,14,91,8,44,119,37,82" hai2="26,75,25,46,98,118,16,74,21,127,40,0,101" hai3="115,66,69,57,125,65,108,49,123,84,109,7,32"/><U63/><E119/><V112/><F118/><W87/><G32/><T114/><D114/><U60/><E34/><V131/><F112/><W38/><G115/><T4/><D4/><U94/><E1/><V62/><F0/><W102/><G38/><T72/><D72/><U15/><E107/><V78/><F127/><W133/><G123/><T24/><D33/><U121/><E104/><V41/><F131/><W68/><G102/><T73/><D73/><U90/><E121/><V52/><F25/><W117/><G117/><T45/><D64/><N who="3" m="24681" /><G7/><T106/><D70/><N who="3" m="27241" /><G125/><T2/><D2/><U5/><E15/><V77/><F74/><W56/><G49/><T12/><D12/><U29/><E37/><V110/><F75/><W54/><G54/><T59/><D59/><N who="3" m="22601" /><G133/><T116/><D106/><U132/><E53/><V58/><F77/><W9/><G9/><T35/><D35/><U17/><E5/><V113/><F78/><W76/><G76/><T11/><D11/><U39/><E132/><V130/><F113/><W124/><G124/><T42/><REACH who="0" step="1"/><D116/><REACH who="0" ten="220,240,240,290" step="2"/><U134/><E14/><V67/><F130/><W30/><G30/><AGARI ba="0,1" hai="6,10,13,20,23,24,27,30,31,42,45,50,80,81" machi="30" ten="30,8000,1" yaku="1,1,2,1,7,1,9,1,8,1,53,0" doraHai="120" doraHaiUra="55" who="0" fromWho="3" sc="220,90,240,0,240,0,290,-80" /><INIT seed="2,0,0,4,1,128" ten="310,240,240,210" oya="2" hai0="38,130,104,81,4,102,119,55,48,132,34,94,40" hai1="19,71,28,10,106,66,73,22,78,126,43,53,103" hai2="95,112,29,114,72,0,42,36,100,89,80,92,57" hai3="30,69,111,25,135,37,8,116,93,47,49,21,17"/><V27/><F0/><W134/><G37/><T97/><D130/><U109/><E109/><V122/><F122/><W74/><G74/><T3/><D34/><U51/><E43/><V91/><F57/><W41/><G116/><T75/><D119/><U121/><E121/><V12/><F12/><W125/><G111/><T64/><D64/><U83/><E126/><V24/><F100/><W14/><G69/><T20/><D20/><U13/><E28/><V101/><F101/><W2/><G125/><T6/><D94/><U96/><E22/><V45/><F27/><W65/><G65/><T67/><D67/><U46/><E66/><V31/><F31/><W133/><G93/><T35/><D35/><U98/><E98/><V11/><F11/><W60/><G60/><T110/><D110/><U107/><E71/><V108/><F108/><W26/><G26/><T79/><D48/><U77/><E77/><V44/><F44/><W131/><G131/><T16/><D55/><U9/><E9/><V76/><F95/><AGARI ba="0,0" hai="10,13,19,46,51,53,73,78,83,95,96,103,106,107" machi="95" ten="30,1000,0" yaku="7,1" doraHai="128" who="1" fromWho="2" sc="310,0,240,10,240,-10,210,0" /><INIT seed="3,0,0,5,1,114" ten="310,250,230,210" oya="3" hai0="52,104,3,4,40,135,6,108,116,117,51,30,97" hai1="55,37,82,103,66,19,88,17,35,45,14,47,1" hai2="25,11,2,74,53,109,79,71,118,73,105,130,32" hai3="18,54,89,68,46,127,43,134,33,85,23,91,106"/><W29/><G68/><T113/><D113/><U31/><E1/><V64/><F118/><W86/><G106/><T129/><D40/><U100/><E66/><V72/><F53/><W65/><G65/><T125/><D30/><U87/><E37/><V36/><F36/><W41/><G134/><T81/><D135/><U7/><E35/><V0/><F11/><W120/><G120/><T21/><D125/><U39/><E31/><N who="2" m="19567" /><F109/><W128/><G127/><T96/><D129/><U80/><E80/><V121/><F121/><W48/><G128/><T75/><D108/><U78/><E78/><V13/><F13/><N who="3" m="9679" /><G29/><T98/><D104/><U9/><E39/><V16/><F16/><N who="1" m="6217" /><E55/><V132/><F79/><W124/><G33/><T24/><D81/><U63/><E63/><N who="2" m="40351" /><F132/><W38/><G38/><T26/><D75/><U20/><E20/><V115/><F115/><W92/><G124/><T119/><D3/><N who="2" m="1066" /><F130/><W111/><G111/><T60/><D60/><U67/><E67/><V77/><F77/><W49/><G49/><T99/><N who="0" m="25088" /><DORA hai="84" /><T42/><D42/><U123/><E123/><V93/><F93/><AGARI ba="0,0" hai="41,43,46,48,54,85,86,89,91,92,93" m="9679" machi="93" ten="30,5800,0" yaku="8,1,52,2" doraHai="114,84" who="3" fromWho="2" sc="310,0,250,0,230,-58,210,58" /><INIT seed="3,1,0,1,4,70" ten="310,250,172,268" oya="3" hai0="50,56,89,14,29,42,78,101,100,5,64,125,0" hai1="30,27,66,103,135,45,106,95,52,41,7,134,3" hai2="85,28,102,91,110,13,22,82,123,114,8,74,1" hai3="83,43,73,36,61,133,113,111,57,19,21,15,9"/><W109/><G113/><T126/><D0/><U60/><E106/><V107/><F114/><W121/><G121/><T35/><D78/><U99/><E7/><V12/><F123/><W49/><G133/><N who="1" m="50698" /><E3/><V108/><F74/><W75/><G49/><T44/><D89/><U18/><E18/><V87/><F1/><W26/><G83/><T63/><D29/><U20/><E52/><V51/><F51/><W86/><G86/><T37/><D35/><U69/><E45/><V59/><F59/><W55/><G43/><AGARI ba="1,0" hai="20,27,30,41,43,60,66,69,95,99,103" m="50698" machi="43" ten="30,1000,0" yaku="20,1" doraHai="70" who="1" fromWho="3" sc="310,0,250,13,172,0,268,-13" /><INIT seed="4,0,0,5,5,78" ten="310,263,172,255" oya="0" hai0="107,87,84,31,45,0,49,63,42,7,71,110,33" hai1="112,35,102,6,119,50,36,132,53,85,13,64,125" hai2="58,61,47,37,113,39,17,81,4,134,2,12,25" hai3="29,90,100,52,126,24,117,94,18,3,80,34,95"/><T66/><D110/><U67/><E119/><V108/><F108/><W96/><G3/><T43/><D43/><U79/><E36/><V65/><F134/><W62/><G117/><T91/><D0/><U123/><E123/><V27/><F113/><W130/><G130/><T9/><D107/><U101/><E35/><V54/><F4/><W120/><G120/><T124/><D124/><U46/><E132/><V57/><F2/><W77/><G126/><T19/><D19/><U16/><E6/><V76/><F47/><W93/><G18/><T48/><D48/><U51/><E51/><V89/><F89/><W40/><G40/><T127/><D127/><U23/><E125/><V44/><F44/><W92/><G62/><T26/><D7/><U32/><E32/><V38/><F54/><W59/><G59/><T74/><D74/><U114/><E114/><V111/><F57/><W104/><G52/><T30/><D9/><U99/><E112/><V133/><F133/><W8/><G8/><T97/><D31/><U115/><E115/><V83/><F76/><W103/><REACH who="3" step="1"/><G104/><REACH who="3" ten="310,263,172,245" step="2"/><T14/><D42/><U70/><E70/><V20/><REACH who="2" step="1"/><F111/><REACH who="2" ten="310,263,162,245" step="2"/><W55/><G55/><T73/><D71/><U21/><E53/><V69/><F69/><W11/><G11/><T68/><D68/><U41/><E67/><V105/><F105/><W118/><G118/><T129/><D66/><U10/><E64/><V116/><F116/><W121/><G121/><T88/><D45/><U122/><E122/><V1/><F1/><W135/><G135/><T15/><D63/><U98/><E46/><RYUUKYOKU ba="0,2" sc="310,-15,263,-15,162,15,245,15" hai2="12,17,20,25,27,37,38,39,58,61,65,81,83" hai3="24,29,34,77,80,90,92,93,94,95,96,100,103" /><INIT seed="5,1,2,1,4,130" ten="295,248,177,260" oya="1" hai0="20,52,48,126,93,66,90,103,31,79,105,19,107" hai1="32,123,95,36,106,129,49,101,9,118,132,0,86" hai2="40,96,78,54,15,56,57,47,63,77,81,83,84" hai3="6,112,134,51,85,46,117,38,67,18,8,131,2"/><U59/><E118/><V45/><F96/><W125/><G38/><T42/><D126/><U64/><E123/><V121/><F121/><W4/><G125/><T24/><D79/><U33/><E36/><V120/><F120/><W89/><G131/><T97/><D42/><U98/><E129/><V44/><F56/><W65/><G117/><T82/><D66/><U30/><E30/><V124/><F124/><W7/><G112/><T39/><D39/><U62/><E132/><V1/><F1/><W27/><G27/><T102/><D82/><U87/><E49/><V91/><F15/><N who="3" m="7527" /><G2/><T34/><D105/><U75/><E75/><V50/><REACH who="2" step="1"/><F91/><REACH who="2" ten="295,248,167,260" step="2"/><W61/><G61/><T108/><D107/><U110/><E106/><V37/><F37/><W29/><G134/><T100/><D108/><U119/><E110/><V68/><F68/><W111/><G111/><T53/><D48/><U116/><E116/><V12/><F12/><W114/><G114/><T99/><D99/><U13/><E0/><V16/><F16/><W133/><G133/><T128/><D128/><U25/><E119/><V92/><F92/><N who="3" m="54319" /><G29/><T22/><D34/><U72/><E33/><V94/><F94/><W41/><AGARI ba="1,3" hai="4,6,7,41,46,51,65,67" m="54319,7527" machi="41" ten="30,1100,0" yaku="8,1" doraHai="130" who="3" fromWho="3" sc="295,-4,248,-6,167,-4,260,44" /><INIT seed="6,0,0,2,4,55" ten="291,242,163,304" oya="2" hai0="39,8,95,71,29,106,70,48,1,19,129,30,0" hai1="104,67,91,86,113,13,17,83,110,100,96,112,32" hai2="68,16,22,82,81,63,126,134,75,124,24,58,79" hai3="77,47,54,14,97,94,117,2,20,26,128,135,108"/><V27/><F134/><W46/><G2/><T69/><D106/><U114/><E110/><V38/><F68/><W88/><G108/><T28/><D39/><U107/><E67/><V105/><F105/><W35/><G117/><T93/><D129/><U92/><REACH who="1" step="1"/><E32/><REACH who="1" ten="291,232,163,304" step="2"/><V62/><F38/><W133/><G35/><T73/><D73/><U72/><E72/><V56/><F81/><W59/><G133/><T5/><D0/><U6/><E6/><V31/><F62/><W130/><G135/><T42/><D19/><U53/><E53/><V25/><F63/><N who="3" m="36343" /><G77/><T64/><D64/><U121/><E121/><V102/><F102/><W116/><G116/><T37/><D37/><U120/><E120/><V76/><F76/><W41/><G41/><T122/><D122/><U123/><E123/><V85/><F75/><W3/><G3/><T99/><D42/><U98/><E98/><V33/><F33/><W43/><G43/><T111/><D111/><U21/><AGARI ba="0,1" hai="13,17,21,83,86,91,92,96,100,104,107,112,113,114" machi="21" ten="30,4000,0" yaku="1,1,0,1,15,1,53,0" doraHai="55" doraHaiUra="119" who="1" fromWho="1" sc="291,-10,232,50,163,-20,304,-10" /><INIT seed="7,0,0,4,2,0" ten="281,282,143,294" oya="3" hai0="35,43,69,6,2,132,27,86,62,127,128,94,111" hai1="108,61,89,101,88,102,1,125,32,47,87,122,37" hai2="118,115,29,16,22,44,33,90,135,98,3,83,59" hai3="8,57,133,123,105,4,66,104,24,25,31,134,15"/><W131/><G123/><T70/><D111/><U81/><E108/><V112/><F118/><W11/><G131/><T106/><D106/><N who="3" m="41065" /><G31/><T113/><D128/><U79/><E122/><V55/><F3/><W64/><G11/><T49/><D127/><U60/><E125/><V85/><F135/><N who="3" m="51723" /><G57/><T129/><D129/><U46/><E32/><V72/><F44/><N who="1" m="16937" /><E37/><V39/><F39/><W67/><AGARI ba="0,0" hai="4,8,15,24,25,64,66,67" m="51723,41065" machi="67" ten="40,3900,0" yaku="20,1,52,1" doraHai="0" who="3" fromWho="3" sc="281,-13,282,-13,143,-13,294,39" owari="268,-13.0,269,7.0,130,-37.0,333,43.0" /></mjloggm>