<mjloggm ver="2.3"><GO type="233" lobby="0"/><UN n0="%E3%82%A6%E3%83%AB%E3%83%88%E3%83%A9%E7%AB%8B%E7%9B%B4" n1="%E3%82%AD%E3%83%A9%E3%83%BC%E3%83%9E%E3%82%B8%E3%83%B3%E3%82%AC%E6%A7%98" n2="%65%69%6B%31" n3="%E3%82%88%E3%83%BC%EF%BC%A0%E3%83%AD%E3%83%83%E3%82%AF" dan="18,17,17,16" rate="2237.94,2121.52,2139.27,2025.77" sx="M,F,M,M"/><TAIKYOKU oya="0"/><INIT seed="0,0,0,3,3,91" ten="250,250,250,250" oya="0" hai0="113,116,56,70,34,46,108,79,48,24,112,71,89" hai1="69,129,121,63,117,42,77,107,82,134,27,54,15" hai2="72,104,122,109,9,60,28,75,25,2,51,103,99" hai3="83,68,59,124,132,29,127,38,115,120,97,133,7"/><T12/><D79/><U53/><E117/><V39/><F122/><W33/><G68/><T49/><D12/><U114/><E121/><V100/><F109/><W3/><G120/><T47/><D89/><U1/><E1/><V5/><F103/><W111/><G59/><T32/><D24/><U130/><E107/><V78/><F78/><W90/><G38/><T30/><D56/><U6/><E42/><V110/><F110/><W4/><G111/><T67/><D108/><U102/><E102/><V26/><F26/><N who="3" m="18615" /><G115/><T118/><REACH who="0" step="1"/><D30/><REACH who="0" ten="240,250,250,250" step="2"/><U31/><E31/><V44/><F28/><W36/><G90/><T14/><D14/><U85/><E27/><V81/><F25/><W16/><G16/><T21/><D21/><U41/><E15/><V20/><F75/><W23/><G23/><T19/><D19/><U43/><E77/><V13/><F72/><W95/><G7/><T10/><D10/><U125/><E6/><V40/><F20/><W98/><G4/><T65/><AGARI ba="0,1" hai="32,34,46,47,48,49,65,67,70,71,112,113,116,118" machi="65" ten="25,9600,0" yaku="1,1,0,1,22,2,53,0" doraHai="91" doraHaiUra="0" who="0" fromWho="0" sc="240,106,250,-32,250,-32,250,-32" /><INIT seed="0,1,0,0,0,119" ten="346,218,218,218" oya="0" hai0="16,4,39,49,58,89,29,128,98,80,106,84,122" hai1="88,15,12,72,100,20,112,66,94,130,2,78,21" hai2="117,54,23,104,120,3,81,91,52,50,7,48,44" hai3="82,126,95,17,51,1,102,124,27,74,134,35,132"/><T43/><D4/><U36/><E2/><V101/><F117/><W96/><G1/><T103/><D29/><U47/><E100/><V14/><F3/><W115/><G51/><T85/><D122/><U109/><E66/><V70/><F70/><W71/><G71/><T41/><D39/><U13/><E109/><V32/><F32/><W18/><G35/><T75/><D128/><U83/><E130/><V79/><F91/><W93/><G115/><T11/><D75/><U107/><E107/><V64/><F64/><W26/><G74/><T57/><D85/><U25/><E112/><V8/><F23/><W68/><G68/><T63/><D63/><U31/><E47/><V135/><F135/><W77/><G82/><T9/><D9/><U123/><E36/><V114/><F114/><W60/><G60/><T30/><D30/><U46/><E46/><V53/><F120/><W125/><G77/><T45/><REACH who="0" step="1"/><D41/><REACH who="0" ten="336,218,218,218" step="2"/><U28/><E123/><V73/><F50/><W59/><G132/><T6/><D6/><U34/><REACH who="1" step="1"/><E31/><REACH who="1" ten="336,208,218,218" step="2"/><V131/><F131/><W127/><G134/><T108/><D108/><U22/><E22/><V38/><F38/><W76/><G127/><T10/><D10/><U24/><E24/><V92/><F8/><W69/><G26/><T97/><D97/><AGARI ba="1,2" hai="12,13,15,20,21,25,28,34,72,78,83,88,94,97" machi="97" ten="40,2600,0" yaku="1,1,54,1,53,0" doraHai="119" doraHaiUra="40" who="1" fromWho="0" sc="336,-29,208,49,218,0,218,0" /><INIT seed="1,0,0,4,4,62" ten="307,257,218,218" oya="1" hai0="92,78,82,24,99,23,85,131,20,129,22,111,120" hai1="60,25,14,87,74,41,50,104,35,66,51,11,57" hai2="38,88,89,68,15,6,48,36,64,79,63,119,1" hai3="124,27,34,4,10,12,126,56,5,103,9,94,30"/><U121/><E74/><V42/><F119/><W28/><G56/><T21/><D111/><U76/><E121/><V18/><F79/><W122/><G122/><T54/><D54/><U59/><E104/><V67/><F6/><W7/><G94/><T102/><REACH who="0" step="1"/><D120/><REACH who="0" ten="297,257,218,218" step="2"/><U90/><E41/><V105/><F42/><W123/><G123/><T130/><D130/><U80/><E76/><V13/><F67/><W108/><G108/><T110/><D110/><U73/><E73/><V16/><F64/><W31/><G103/><T97/><D97/><U17/><REACH who="1" step="1"/><E59/><REACH who="1" ten="297,247,218,218" step="2"/><V53/><F68/><W134/><G134/><T46/><D46/><U109/><E109/><V98/><F89/><W112/><G112/><T69/><D69/><U96/><E96/><V86/><F98/><W37/><G37/><T133/><D133/><U75/><E75/><V47/><F38/><W91/><G91/><T44/><D44/><U39/><E39/><V26/><F36/><W52/><G52/><T43/><D43/><U115/><E115/><V40/><F47/><W72/><G72/><T3/><D3/><U77/><E77/><V2/><F1/><W125/><REACH who="3" step="1"/><G4/><REACH who="3" ten="297,247,218,208" step="2"/><T19/><AGARI ba="0,3" hai="19,20,21,22,23,24,78,82,85,92,99,102,129,131" machi="19" ten="30,2000,0" yaku="1,1,0,1,53,0" doraHai="62" doraHaiUra="8" who="0" fromWho="0" sc="297,50,247,-10,218,-5,208,-5" /><INIT seed="2,0,0,1,3,77" ten="347,237,213,203" oya="2" hai0="115,98,47,14,60,78,96,42,135,62,70,5,16" hai1="101,121,130,109,31,48,97,11,67,21,36,129,76" hai2="34,123,99,35,39,73,12,9,43,54,81,50,103" hai3="25,33,75,66,102,95,111,72,0,17,7,94,125"/><V80/><F123/><W93/><G111/><T108/><D115/><U46/><E36/><V45/><F73/><W51/><G125/><T119/><D108/><U19/><E109/><V41/><F35/><W74/><G66/><T134/><D5/><U88/><E121/><V22/><F34/><W112/><G112/><T132/><D78/><U113/><E113/><V32/><F32/><W106/><G106/><T124/><D124/><U55/><E76/><V117/><F22/><W126/><G102/><T1/><D1/><U8/><E67/><V122/><F117/><W100/><G100/><T40/><D40/><U107/><E31/><V114/><F122/><W56/><G126/><T3/><D3/><U26/><REACH who="1" step="1"/><E88/><REACH who="1" ten="347,227,213,203" step="2"/><V37/><F37/><W18/><G72/><T83/><D119/><U28/><E28/><V30/><F30/><W82/><G74/><T69/><D132/><U87/><E87/><V27/><F114/><W85/><G75/><T91/><D134/><U105/><E105/><V92/><F39/><W2/><G85/><N who="0" m="50623" /><D135/><U86/><E86/><V6/><F27/><W59/><G25/><T65/><D98/><U38/><E38/><V68/><F68/><W53/><G95/><T64/><D96/><U44/><E44/><V13/><F13/><W84/><G94/><T110/><D110/><U4/><E4/><V57/><F45/><W23/><G93/><T24/><D24/><U116/><E116/><V20/><F92/><W128/><G7/><T71/><D71/><U127/><E127/><V49/><F6/><W120/><G120/><T63/><D70/><RYUUKYOKU ba="0,1" sc="347,-10,227,30,213,-10,203,-10" hai1="8,11,19,21,26,46,48,55,97,101,107,129,130" /><INIT seed="3,1,1,1,4,35" ten="337,257,203,193" oya="3" hai0="78,115,20,88,70,63,121,64,131,28,66,129,104" hai1="1,108,41,95,133,26,92,94,83,86,100,87,84" hai2="25,40,32,8,34,77,117,57,107,79,103,9,21" hai3="72,67,127,120,81,130,22,36,74,102,46,60,112"/><W10/><G112/><T75/><D104/><U49/><E1/><V73/><F117/><W59/><G120/><T3/><D66/><U33/><E33/><V4/><F40/><W38/><G130/><T135/><D3/><U16/><E108/><V125/><F125/><W0/><G127/><T97/><D121/><U37/><E37/><V23/><F57/><W123/><G123/><T17/><D28/><U69/><E69/><V15/><F103/><W52/><G102/><T29/><D29/><U61/><E61/><V58/><F58/><W105/><G105/><T43/><D43/><U54/><E41/><V31/><F107/><W45/><G38/><T6/><D6/><U39/><E39/><V89/><F89/><W65/><G36/><T109/><D109/><U114/><E133/><V47/><F47/><N who="3" m="17931" /><G74/><T101/><D101/><U90/><E100/><V80/><F77/><W19/><G72/><T24/><D135/><U2/><E2/><V98/><F98/><W30/><G0/><T85/><D97/><U124/><E114/><V132/><F132/><W13/><G81/><N who="0" m="49199" /><D115/><U122/><E122/><V82/><F82/><W12/><G30/><T48/><D75/><U62/><E124/><V14/><REACH who="2" step="1"/><F34/><REACH who="2" ten="337,257,193,193" step="2"/><W42/><G42/><T91/><D91/><U44/><REACH who="1" step="1"/><E62/><REACH who="1" ten="337,247,193,193" step="2"/><V7/><AGARI ba="1,3" hai="4,7,8,9,14,15,21,23,25,31,32,73,79,80" machi="7" ten="20,8000,1" yaku="1,1,2,1,0,1,7,1,9,1,53,0" doraHai="35" doraHaiUra="50" who="2" fromWho="2" sc="337,-21,247,-21,193,113,193,-41" /><INIT seed="4,0,0,5,2,18" ten="316,226,306,152" oya="0" hai0="25,46,59,74,120,60,111,14,11,57,87,56,90" hai1="29,30,91,19,98,52,108,23,126,102,16,119,6" hai2="89,114,78,95,72,106,79,20,2,39,28,70,66" hai3="0,101,1,65,73,109,81,44,7,82,53,123,124"/><T96/><D74/><U58/><E126/><V115/><F106/><W134/><G109/><T31/><D120/><U94/><E119/><V32/><F2/><W97/><G124/><T51/><D96/><U103/><E108/><V49/><F39/><W93/><G123/><T75/><D75/><U67/><E67/><V34/><F49/><W112/><G112/><T83/><D111/><U99/><E6/><V62/><F34/><W36/><G134/><T50/><D60/><N who="1" m="35911" /><E19/><V128/><F32/><W100/><G65/><T38/><D38/><U61/><E61/><V5/><F128/><W85/><G101/><N who="1" m="38410" /><E99/><V76/><F5/><W21/><G7/><N who="0" m="3455" /><D46/><U45/><E45/><V131/><F131/><W37/><G37/><T41/><D41/><U54/><E54/><V69/><F72/><W118/><G118/><T68/><D68/><U135/><E135/><V24/><REACH who="2" step="1"/><F70/><REACH who="2" ten="316,226,296,152" step="2"/><W4/><G4/><T132/><D132/><U92/><E92/><V117/><F117/><W127/><G36/><T17/><D51/><U104/><E104/><V110/><F110/><W129/><G127/><T133/><D50/><U26/><AGARI ba="0,1" hai="16,23,26,29,30,91,94,98" m="38410,35911" machi="26" ten="30,8000,1" yaku="25,1,8,1,52,1,54,2" doraHai="18" who="1" fromWho="1" sc="316,-40,226,90,296,-20,152,-20" /><INIT seed="5,0,0,5,5,123" ten="276,316,276,132" oya="1" hai0="97,135,108,47,86,15,39,77,24,6,69,29,33" hai1="89,94,85,76,79,31,96,37,104,52,10,17,106" hai2="16,11,19,20,21,134,132,116,128,32,110,25,54" hai3="48,7,55,9,61,58,46,41,75,95,92,65,51"/><U130/><E37/><V59/><F116/><W120/><G75/><T4/><D135/><N who="2" m="51754" /><F128/><W64/><G120/><T74/><D74/><U27/><E130/><V49/><F32/><W122/><G122/><T60/><D108/><U5/><E17/><V23/><F110/><W91/><G91/><T127/><D127/><U72/><E72/><V87/><F11/><W2/><REACH who="3" step="1"/><G65/><REACH who="3" ten="276,316,276,122" step="2"/><T129/><D129/><U117/><E89/><V81/><F25/><W107/><G107/><T0/><D24/><U121/><E106/><V1/><F1/><W12/><G12/><T18/><D15/><U99/><E104/><V36/><F36/><W103/><G103/><T119/><D0/><U34/><E27/><V125/><F125/><W22/><G22/><T114/><D39/><U67/><E121/><V101/><F101/><W100/><G100/><T112/><D33/><U14/><E14/><V53/><F21/><W88/><G88/><T80/><D119/><U57/><E34/><V126/><F126/><W63/><G63/><T44/><D60/><U71/><E117/><V45/><F23/><W38/><G38/><T70/><D77/><U42/><E76/><N who="2" m="46503" /><F20/><W13/><G13/><T56/><D29/><U93/><E31/><V40/><F19/><W115/><G115/><T26/><D18/><U30/><E30/><V118/><F16/><W78/><G78/><T98/><D26/><U28/><E79/><V73/><F73/><W8/><G8/><T66/><D114/><U124/><E28/><V102/><F118/><W113/><G113/><T105/><D112/><U133/><E124/><RYUUKYOKU ba="0,1" sc="276,-10,316,-10,276,-10,122,30" hai3="2,7,9,41,46,48,51,55,58,61,64,92,95" /><INIT seed="6,1,1,0,2,120" ten="266,306,266,152" oya="2" hai0="133,86,23,123,87,44,67,84,102,22,4,95,37" hai1="77,46,106,30,90,42,73,1,80,59,104,93,88" hai2="115,128,47,131,17,82,78,108,33,13,71,118,69" hai3="49,125,124,105,60,130,24,51,132,11,119,41,43"/><V111/><F33/><W96/><G119/><T92/><D123/><U3/><E90/><V81/><F47/><W15/><G24/><T36/><D4/><U19/><E30/><V85/><F115/><W89/><G60/><T6/><D6/><U31/><E31/><V25/><F25/><W39/><G39/><T2/><D44/><U114/><E59/><V48/><F48/><N who="3" m="18507" /><G132/><T103/><D67/><U76/><E76/><V52/><F82/><W45/><G45/><T65/><D65/><U38/><E114/><V121/><F52/><W53/><G53/><T107/><D107/><U101/><E19/><V21/><F118/><W9/><G105/><T68/><D133/><U91/><E91/><V56/><F56/><W0/><G0/><T58/><D58/><U7/><E101/><N who="0" m="38409" /><D2/><U63/><E63/><V35/><F35/><W8/><G130/><N who="2" m="49705" /><F121/><W5/><G5/><T14/><D68/><AGARI ba="1,1" hai="13,17,21,68,69,71,78,81,85,108,111" m="49705" machi="68" ten="30,5800,0" yaku="19,1,52,2" doraHai="120" who="2" fromWho="0" sc="266,-61,306,0,266,71,152,0" /><INIT seed="6,2,0,0,0,23" ten="205,306,337,152" oya="2" hai0="124,130,45,90,93,39,78,16,135,14,115,98,116" hai1="58,73,47,94,69,84,103,101,38,107,4,37,117" hai2="61,79,80,132,127,63,122,64,1,42,81,120,7" hai3="113,30,100,19,60,92,10,36,55,76,86,104,46"/><V57/><F132/><W85/><G113/><T119/><D135/><U128/><E69/><V68/><F127/><W54/><G104/><T11/><D124/><U108/><E108/><V51/><F7/><W106/><G106/><T8/><D115/><U29/><E4/><V48/><F1/><W35/><G36/><T12/><D78/><U49/><E73/><V34/><F34/><W123/><G123/><T89/><D130/><U21/><E117/><N who="0" m="45129" /><D45/><U5/><E5/><V99/><F99/><N who="3" m="59495" /><G35/><T3/><D39/><U83/><E38/><V33/><F80/><W67/><G30/><T44/><D44/><U43/><E83/><V82/><F82/><N who="3" m="47303" /><G46/><T118/><D3/><U102/><E37/><V129/><F129/><W109/><G86/><T88/><D118/><U96/><E128/><V66/><F33/><W32/><G32/><T27/><D27/><N who="1" m="16623" /><E84/><V126/><F126/><W121/><G121/><T91/><D14/><U13/><E13/><V17/><F120/><W18/><G109/><T53/><D53/><N who="3" m="19977" /><G10/><AGARI ba="2,0" hai="8,10,11,12,16,88,89,90,91,93,98" m="45129" machi="10" ten="30,3900,0" yaku="12,1,54,2" doraHai="23" who="0" fromWho="3" sc="205,45,306,0,337,0,152,-45" /><INIT seed="7,0,0,1,4,108" ten="250,306,337,107" oya="3" hai0="4,120,18,107,34,39,40,126,93,68,2,75,55" hai1="58,97,17,38,25,44,102,19,33,50,69,121,57" hai2="83,113,63,134,23,135,79,72,115,9,87,7,6" hai3="45,122,26,53,12,13,10,56,43,103,31,124,105"/><W129/><G122/><T81/><D18/><U71/><E38/><V106/><F106/><W82/><G129/><T127/><D55/><U117/><E121/><V85/><F23/><W100/><G124/><T130/><D93/><N who="1" m="58671" /><E69/><V112/><F63/><W27/><G82/><T70/><D40/><N who="1" m="24839" /><E71/><V32/><F32/><W15/><G10/><T64/><D64/><U98/><E33/><V128/><F128/><W77/><G77/><T99/><D99/><U61/><E25/><V1/><F6/><W109/><G109/><T60/><D60/><U67/><E117/><V20/><F20/><W92/><G105/><T11/><D81/><U88/><E58/><V73/><F87/><W5/><G5/><T90/><D90/><U133/><E133/><AGARI ba="0,0" hai="1,7,9,72,73,79,83,85,112,113,115,133,134,135" machi="133" ten="50,8000,1" yaku="15,1,20,1,52,3" doraHai="108" who="2" fromWho="1" sc="250,0,306,-80,337,80,107,0" owari="250,5.0,226,-17.0,417,51.0,107,-39.0" /></mjloggm>