<mjloggm ver="2.3"><GO type="169" lobby="0"/><UN n0="%E5%B0%B1%E6%B4%BB%E7%94%9F%40%E5%B7%9D%E6%9D%91%E8%BB%8D%E5%9B%A3" n1="%E2%98%86%E5%AE%AE%E6%B0%B8%E7%85%A7%E3%81%A1%E3%82%83%E3%82%93%E2%98%86" n2="%E9%96%A2%E4%B8%83%E6%B5%B7" n3="%E3%81%8D%E3%81%97%E3%82%8A%E3%81%A3%E3%81%97%E3%82%85" dan="17,16,16,17" rate="2219.73,2141.18,2164.53,2135.46" sx="M,M,M,M"/><TAIKYOKU oya="0"/><INIT seed="0,0,0,4,1,121" ten="250,250,250,250" oya="0" hai0="35,106,120,33,112,29,12,5,130,127,78,8,18" hai1="81,118,25,89,135,103,131,46,9,60,72,15,16" hai2="52,47,13,117,68,129,74,95,17,57,125,128,64" hai3="22,75,113,84,123,0,73,94,27,77,71,58,124"/><T62/><D120/><U110/><E118/><V80/><F117/><W111/><G71/><T59/><D112/><U114/><E114/><V91/><F125/><W37/><G0/><T93/><D106/><U6/><E131/><N who="2" m="50251" /><F68/><W76/><G37/><T107/><D107/><U31/><E135/><V97/><F64/><W66/><G123/><T63/><D127/><U41/><E60/><N who="2" m="35879" /><F47/><W100/><G75/><T87/><D130/><U14/><E103/><V67/><F67/><W30/><G73/><T39/><D39/><U79/><E89/><V43/><F43/><W1/><G1/><T34/><D29/><U40/><E46/><V21/><F74/><W7/><G66/><T133/><D133/><U105/><E105/><V70/><F70/><W54/><G113/><T26/><D59/><U134/><E134/><V2/><F2/><W10/><G100/><T56/><D56/><U69/><E69/><V98/><F80/><W96/><G54/><T82/><D93/><U55/><E55/><V50/><F50/><W126/><G58/><T42/><D42/><U51/><E51/><V122/><F97/><W53/><G96/><T28/><REACH who="0" step="1"/><D5/><REACH who="0" ten="240,250,250,250" step="2"/><U23/><REACH who="1" step="1"/><E110/><REACH who="1" ten="240,240,250,250" step="2"/><V88/><F122/><W38/><G111/><T104/><D104/><U85/><E85/><V90/><AGARI ba="0,2" hai="13,17,21,88,90,91,95,98" m="35879,50251" machi="90" ten="30,4000,0" yaku="19,1,54,2" doraHai="121" who="2" fromWho="2" sc="240,-20,240,-10,250,60,250,-10" /><INIT seed="1,0,0,0,1,122" ten="220,230,310,240" oya="1" hai0="4,109,127,112,128,51,5,79,84,90,100,54,75" hai1="99,72,25,46,15,8,12,20,103,71,115,66,32" hai2="37,81,22,21,77,116,113,76,120,111,47,129,24" hai3="119,83,3,105,35,39,55,85,88,121,124,102,48"/><U53/><E115/><V104/><F104/><W70/><G39/><T125/><D112/><U52/><E32/><V26/><F116/><W36/><G36/><T23/><D100/><U14/><E72/><V41/><F120/><W117/><G70/><T38/><D38/><U33/><E33/><V73/><F129/><W86/><G121/><T69/><D69/><U61/><E8/><V130/><F130/><W68/><G68/><T74/><D128/><U93/><REACH who="1" step="1"/><E46/><REACH who="1" ten="220,220,310,240" step="2"/><V56/><F113/><W43/><G35/><T40/><D75/><U118/><E118/><V135/><F73/><W16/><G119/><T62/><D74/><U7/><E7/><V126/><F47/><W114/><G117/><T91/><D5/><U101/><E101/><V58/><F22/><W80/><G102/><T98/><D4/><U57/><E57/><V63/><F21/><W11/><G114/><T97/><D23/><U28/><AGARI ba="0,1" hai="12,14,15,20,25,28,52,53,61,66,71,93,99,103" machi="28" ten="30,11700,0" yaku="1,1,0,1,54,1,53,1" doraHai="122" doraHaiUra="17" who="1" fromWho="1" sc="220,-39,220,127,310,-39,240,-39" /><INIT seed="1,1,0,0,1,129" ten="181,347,271,201" oya="1" hai0="109,104,93,122,71,50,69,86,31,85,8,103,25" hai1="108,131,58,133,106,34,4,2,123,23,6,134,29" hai2="76,101,72,54,22,96,100,125,91,126,59,57,19" hai3="127,63,49,80,48,12,20,116,105,15,7,21,45"/><U78/><E131/><V132/><F72/><W27/><G105/><T99/><D122/><U10/><E106/><V128/><F76/><W74/><G63/><T65/><D109/><U64/><E123/><V97/><F128/><W35/><G35/><T60/><D71/><U46/><E108/><V119/><F119/><W75/><G7/><T94/><D50/><U33/><E6/><V120/><F120/><W41/><G116/><T1/><D1/><U32/><E46/><V67/><F67/><W118/><G118/><T130/><D130/><U5/><E78/><V111/><F111/><W70/><G70/><T88/><D8/><U9/><E58/><V87/><F87/><W92/><G80/><T51/><D51/><U3/><E64/><V89/><F22/><W61/><G61/><T113/><D113/><U82/><E82/><V110/><F110/><W18/><G127/><T114/><D114/><U117/><E117/><V11/><F54/><W115/><G115/><T40/><D40/><U26/><AGARI ba="1,0" hai="2,3,4,5,9,10,23,26,29,32,33,34,133,134" machi="26" ten="40,18000,2" yaku="0,1,9,1,34,3,52,2" doraHai="129" who="1" fromWho="1" sc="181,-61,347,183,271,-61,201,-61" /><INIT seed="1,2,0,0,4,0" ten="120,530,210,140" oya="1" hai0="43,74,24,55,44,124,119,69,58,40,68,118,51" hai1="125,34,32,8,23,104,59,3,84,72,53,66,47" hai2="73,97,15,11,128,14,117,82,99,94,88,61,50" hai3="121,45,29,64,20,93,26,115,130,41,86,18,21"/><U12/><E72/><V22/><F128/><W89/><G130/><T16/><D74/><U9/><E104/><V57/><F117/><W27/><G121/><T131/><D131/><U71/><E125/><V96/><F50/><W48/><G115/><T133/><D124/><U38/><E23/><V122/><F122/><W42/><REACH who="3" step="1"/><G64/><REACH who="3" ten="120,530,210,130" step="2"/><T127/><D127/><U62/><E66/><N who="2" m="39215" /><F73/><W79/><G79/><T107/><D133/><U78/><E78/><V2/><F2/><W31/><G31/><T25/><D119/><U76/><E76/><V81/><F22/><W39/><G39/><T105/><D118/><U109/><E3/><V77/><F77/><W110/><G110/><T134/><D134/><U103/><E38/><V28/><F28/><W106/><G106/><T83/><D107/><U129/><E129/><V37/><F37/><W13/><G13/><T101/><D69/><U65/><E12/><V108/><F108/><W35/><G35/><T1/><D68/><U98/><E109/><V135/><F135/><W19/><G19/><T54/><D1/><U36/><E34/><V95/><F15/><W132/><G132/><T10/><D105/><N who="1" m="63735" /><E32/><V7/><F96/><W60/><G60/><T113/><D113/><U114/><E114/><V63/><F63/><W91/><G91/><AGARI ba="2,1" hai="7,11,14,81,82,88,91,94,95,97,99" m="39215" machi="91" ten="30,3900,0" yaku="8,1,52,1,54,1" doraHai="0" who="2" fromWho="3" sc="120,0,530,0,210,55,130,-45" /><INIT seed="2,0,0,1,1,34" ten="120,530,265,85" oya="2" hai0="57,58,53,134,115,21,97,48,65,94,45,62,15" hai1="22,83,127,93,27,74,79,49,84,68,130,31,44" hai2="43,102,10,132,54,131,64,123,87,59,13,0,50" hai3="38,85,19,113,95,67,89,110,42,119,77,52,39"/><V73/><F73/><W2/><G119/><T47/><D115/><U25/><E130/><V30/><F123/><W101/><G67/><T117/><D117/><U133/><E127/><V69/><F132/><W118/><G118/><T3/><D134/><U125/><E125/><V16/><F30/><W23/><G110/><T9/><D21/><U33/><E68/><V41/><F131/><W55/><G113/><T90/><REACH who="0" step="1"/><D3/><REACH who="0" ten="110,530,265,85" step="2"/><U76/><E133/><V105/><F0/><W112/><G112/><T106/><D106/><U99/><E33/><V96/><REACH who="2" step="1"/><F87/><REACH who="2" ten="110,530,255,85" step="2"/><W24/><G2/><T4/><AGARI ba="0,2" hai="4,9,15,45,47,48,53,57,58,62,65,90,94,97" machi="4" ten="20,5200,0" yaku="1,1,0,1,7,1,8,1,53,0" doraHai="34" doraHaiUra="70" who="0" fromWho="0" sc="110,72,530,-13,255,-26,85,-13" /><INIT seed="3,0,0,0,0,1" ten="182,517,229,72" oya="3" hai0="100,4,35,62,86,79,8,21,42,84,95,2,40" hai1="76,131,81,73,85,5,123,24,106,122,71,82,25" hai2="128,107,90,26,41,108,59,120,44,133,132,112,96" hai3="37,7,129,74,16,127,48,94,126,19,97,57,3"/><W51/><G37/><T29/><D35/><U130/><E71/><V10/><F112/><W6/><G74/><T61/><D79/><N who="1" m="46271" /><E5/><N who="3" m="1546" /><G3/><T28/><D86/><U68/><E68/><V102/><F128/><N who="1" m="49193" /><E106/><V13/><F120/><AGARI ba="0,0" hai="24,25,73,76,82,120,122,123" m="49193,46271" machi="120" ten="30,1000,0" yaku="19,1" doraHai="1" who="1" fromWho="2" sc="182,0,517,10,229,-10,72,0" /><INIT seed="4,0,0,5,4,114" ten="182,527,219,72" oya="0" hai0="88,82,78,51,90,67,129,64,1,58,12,65,116" hai1="53,30,70,98,6,74,16,125,72,28,106,115,27" hai2="33,92,132,109,26,105,11,93,71,2,85,56,95" hai3="107,97,103,79,131,94,83,37,50,19,25,41,118"/><T81/><D1/><U36/><E115/><V130/><F71/><W32/><G131/><T96/><D129/><U89/><E125/><V73/><F73/><W127/><G127/><T121/><D121/><U68/><E36/><V22/><F130/><W122/><G50/><T39/><D39/><U102/><E30/><V48/><F33/><W17/><G122/><T120/><D120/><U8/><E16/><N who="2" m="12615" /><F105/><W35/><G41/><T34/><D34/><U112/><E112/><V42/><F2/><W21/><G37/><T133/><D116/><U104/><E104/><V20/><F11/><W123/><G123/><T7/><D133/><U14/><E70/><V100/><F109/><W4/><G4/><T128/><D128/><U76/><E53/><N who="2" m="31783" /><F42/><W101/><G118/><T40/><D96/><U134/><E68/><V43/><F43/><W52/><G52/><N who="0" m="32031" /><D40/><U62/><E98/><N who="2" m="59463" /><F132/><W10/><G107/><T110/><D110/><U86/><E106/><V57/><F57/><W38/><G38/><T31/><D31/><U87/><E28/><V44/><F44/><W69/><G69/><T15/><D78/><U60/><E76/><V45/><F45/><W63/><G103/><T46/><D46/><U18/><E102/><V3/><F3/><W117/><G117/><T66/><N who="0" m="16896" /><DORA hai="23" /><T0/><D0/><U61/><E134/><V84/><F84/><N who="3" m="48255" /><G63/><T5/><D5/><U9/><E6/><V77/><F77/><W55/><G55/><T108/><D108/><U47/><E47/><V80/><F85/><W124/><G124/><T135/><D135/><U29/><E86/><RYUUKYOKU ba="0,0" sc="182,-10,527,-10,219,-10,72,30" hai3="10,17,19,21,25,32,35,94,97,101" /><INIT seed="5,1,0,5,0,1" ten="172,517,209,102" oya="1" hai0="83,22,88,57,97,115,133,106,10,72,96,122,36" hai1="102,114,65,38,34,51,134,12,78,54,16,87,2" hai2="50,32,15,30,91,104,26,69,117,17,14,9,42" hai3="105,67,21,111,64,74,90,6,39,84,13,73,37"/><U62/><E38/><V25/><F69/><W98/><G111/><T0/><D36/><U44/><E2/><V131/><F104/><W92/><G39/><T19/><D133/><U135/><E114/><V127/><F91/><W18/><G37/><T129/><D115/><U35/><E102/><V89/><F117/><W29/><G29/><T85/><D129/><U119/><E119/><V8/><F131/><W5/><G67/><T58/><D72/><U11/><E87/><V59/><F89/><W53/><G64/><T3/><D3/><U76/><E35/><V108/><F108/><W24/><G53/><T56/><D106/><U95/><E95/><V68/><F68/><W94/><G105/><T28/><D122/><U81/><E81/><V70/><F70/><W124/><G124/><T100/><D100/><U66/><E34/><V45/><F26/><W43/><G43/><T63/><D63/><U7/><E62/><V31/><F31/><W23/><G74/><T4/><REACH who="0" step="1"/><D28/><REACH who="0" ten="162,517,209,102" step="2"/><U75/><E75/><V110/><F110/><W101/><G73/><T109/><D109/><U112/><E112/><V123/><F123/><W126/><G126/><T107/><D107/><U55/><E134/><V120/><F120/><W132/><G132/><T60/><D60/><U121/><E121/><V116/><F127/><W49/><G49/><T80/><D80/><U77/><E135/><V41/><F116/><W61/><G61/><T93/><D93/><U40/><E51/><V118/><F118/><W86/><G86/><T33/><D33/><U47/><E65/><V99/><F50/><RYUUKYOKU ba="1,1" sc="162,15,517,-15,209,-15,102,15" hai0="0,4,10,19,22,56,57,58,83,85,88,96,97" hai3="5,6,13,18,21,23,24,84,90,92,94,98,101" /><INIT seed="6,2,1,3,2,81" ten="177,502,194,117" oya="2" hai0="83,84,38,121,125,101,42,32,118,46,23,29,3" hai1="49,120,59,109,40,105,51,26,30,20,25,104,43" hai2="111,72,102,87,11,14,6,124,63,44,114,94,5" hai3="71,98,13,132,18,68,116,19,9,82,41,99,85"/><V89/><F72/><W45/><G116/><T27/><D121/><U78/><E120/><V2/><F124/><W69/><G132/><T130/><D118/><U52/><E109/><V65/><F114/><W36/><REACH who="3" step="1"/><G19/><REACH who="3" ten="177,502,194,107" step="2"/><T15/><D125/><U123/><E123/><V64/><F111/><W70/><N who="3" m="17408" /><DORA hai="16" /><W97/><G97/><T53/><D130/><U93/><E30/><V103/><F5/><W88/><AGARI ba="2,2" hai="9,13,18,36,41,45,82,85,88,98,99" m="17408" machi="88" ten="60,8000,1" yaku="1,1,0,1,52,1,54,1,53,0" doraHai="81,16" doraHaiUra="17,90" who="3" fromWho="3" sc="177,-22,502,-22,194,-42,107,106" /><INIT seed="7,0,0,5,0,4" ten="155,480,152,213" oya="3" hai0="123,117,75,8,130,19,33,81,52,69,118,119,46" hai1="85,7,107,25,109,18,82,64,5,99,16,132,66" hai2="47,127,125,88,26,110,87,31,108,13,134,112,86" hai3="106,80,114,58,50,6,27,41,42,40,77,128,102"/><W90/><G106/><T84/><D123/><U61/><E109/><V32/><F112/><W65/><G102/><T100/><D69/><U29/><E132/><V55/><F134/><W120/><G90/><T92/><D33/><U44/><E107/><V83/><F13/><W59/><G6/><T11/><D130/><U14/><E99/><V96/><F96/><W131/><G27/><T35/><D35/><U39/><E44/><V104/><F104/><W28/><G28/><T93/><D75/><U95/><E39/><V38/><F86/><W45/><G80/><T12/><D8/><N who="1" m="6215" /><E29/><V111/><REACH who="2" step="1"/><F55/><REACH who="2" ten="155,480,142,213" step="2"/><W43/><G114/><T9/><D100/><U67/><E61/><V17/><F17/><W101/><G131/><T36/><D9/><U129/><E95/><V135/><F135/><W53/><G128/><T2/><D2/><U30/><E30/><V105/><F105/><W113/><G113/><T126/><D126/><U60/><E60/><V89/><F89/><W91/><G91/><N who="0" m="51599" /><D36/><U23/><E129/><V98/><F98/><W115/><G115/><T54/><D54/><U73/><E73/><V22/><F22/><W68/><G53/><T1/><D1/><U72/><E72/><V62/><F62/><W0/><G0/><T34/><D34/><U124/><E124/><V3/><F3/><W78/><G78/><AGARI ba="0,1" hai="5,7,18,23,25,64,66,67,78,82,85" m="6215" machi="78" ten="30,3900,0" yaku="8,1,52,1,54,1" doraHai="4" who="1" fromWho="3" sc="155,0,480,49,142,0,213,-39" owari="155,-24.0,529,63.0,142,-36.0,174,-3.0" /></mjloggm>