<mjloggm ver="2.3"><GO type="169" lobby="0"/><UN n0="%E3%82%A6%E3%83%AB%E3%83%88%E3%83%A9%E7%AB%8B%E7%9B%B4" n1="%68%61%73%65%33%32%38" n2="%6D%61%63%6A%72" n3="%E5%9C%B0%E7%8D%84%E3%83%A2%E3%83%BC%E3%83%89%E5%B0%82%E7%94%A8" dan="18,16,18,16" rate="2206.95,2131.10,2205.12,2066.38" sx="M,M,M,M"/><TAIKYOKU oya="0"/><INIT seed="0,0,0,2,0,100" ten="250,250,250,250" oya="0" hai0="67,4,63,68,72,19,108,15,41,58,116,131,12" hai1="14,39,54,66,90,61,85,119,117,21,18,99,133" hai2="113,114,109,56,106,69,36,26,45,55,23,129,27" hai3="81,84,31,64,25,16,30,87,49,9,124,125,135"/><T83/><D116/><U91/><E133/><V134/><F69/><W79/><G135/><T92/><D131/><U93/><E54/><V95/><F134/><W47/><G64/><T97/><D108/><U75/><E75/><V2/><F2/><W110/><G110/><T105/><D41/><U53/><E53/><V86/><F109/><W43/><G87/><T59/><D4/><U35/><E35/><V94/><F129/><W88/><G79/><T10/><D105/><U40/><E39/><V44/><F106/><W50/><G50/><T51/><D51/><U96/><E40/><V71/><F71/><W80/><G80/><T5/><D83/><U77/><E77/><V130/><F130/><W32/><REACH who="3" step="1"/><G31/><REACH who="3" ten="250,250,250,240" step="2"/><T22/><REACH who="0" step="1"/><D72/><REACH who="0" ten="240,250,250,240" step="2"/><U122/><E117/><V34/><F114/><W118/><G118/><T57/><D57/><U1/><E119/><V24/><F113/><W115/><G115/><T102/><AGARI ba="0,2" hai="5,10,12,15,19,22,58,59,63,67,68,92,97,102" machi="102" ten="20,12000,1" yaku="1,1,0,1,7,1,53,2" doraHai="100" doraHaiUra="11" who="0" fromWho="0" sc="240,140,250,-40,250,-40,240,-40" /><INIT seed="0,1,0,4,0,33" ten="380,210,210,200" oya="0" hai0="133,117,17,100,75,34,16,3,129,21,7,127,74" hai1="28,113,116,134,63,25,118,14,53,121,102,68,2" hai2="55,67,98,58,31,61,9,82,43,26,87,29,104" hai3="59,54,120,109,49,35,114,108,89,11,92,51,111"/><T99/><D117/><U76/><E121/><V85/><F43/><W73/><G120/><T18/><D34/><U126/><E76/><V132/><F132/><W128/><G114/><T88/><D133/><U123/><E134/><V46/><F104/><W86/><G128/><T24/><D127/><U19/><E123/><V20/><F98/><W12/><G35/><T47/><D47/><U110/><E126/><V32/><F32/><W70/><G70/><T22/><D129/><U131/><E131/><V44/><F31/><W122/><G122/><T36/><D36/><U71/><E113/><V93/><F9/><W97/><G73/><T72/><D88/><U66/><E71/><V107/><F107/><W57/><G97/><T119/><D119/><U103/><E110/><V56/><F93/><W78/><G78/><T130/><D130/><U77/><E77/><N who="2" m="46287" /><F87/><W65/><G65/><T4/><D3/><U101/><E53/><V80/><F80/><W50/><REACH who="3" step="1"/><G54/><REACH who="3" ten="380,210,210,190" step="2"/><T5/><REACH who="0" step="1"/><D24/><REACH who="0" ten="370,210,210,190" step="2"/><U37/><E116/><V81/><F81/><W39/><G39/><T40/><D40/><U23/><E37/><V10/><F26/><W42/><G42/><T105/><AGARI ba="1,2" hai="4,5,7,16,17,18,21,22,72,74,75,99,100,105" machi="105" ten="40,12000,1" yaku="1,1,0,1,29,2,54,1,53,0" doraHai="33" doraHaiUra="69" who="0" fromWho="0" sc="370,143,210,-41,210,-41,190,-41" /><INIT seed="0,2,0,5,1,94" ten="513,169,169,149" oya="0" hai0="111,24,67,129,95,123,89,78,98,96,117,86,116" hai1="21,11,81,134,131,72,61,31,88,92,43,60,103" hai2="69,16,125,126,63,50,28,87,36,18,8,57,114" hai3="113,48,14,77,9,55,70,47,90,107,101,44,106"/><T99/><D67/><U127/><E103/><V20/><F36/><W109/><G113/><T64/><D64/><U84/><E43/><V42/><F114/><W73/><G109/><T33/><D33/><U130/><E127/><N who="2" m="48651" /><F69/><W75/><G70/><T133/><D24/><N who="1" m="16783" /><E134/><V22/><F87/><W34/><G34/><T5/><D5/><U124/><E124/><V108/><F108/><W39/><G90/><T41/><D41/><U32/><E32/><V6/><F50/><W66/><G66/><T13/><D13/><U91/><E72/><V26/><F42/><W38/><G38/><T4/><D4/><U49/><E11/><V37/><F37/><W135/><G135/><T35/><D35/><U29/><E29/><V45/><F45/><W119/><G39/><T7/><D7/><U65/><E49/><V23/><F57/><W105/><G47/><T51/><D51/><U74/><E74/><V58/><F58/><W97/><G119/><N who="0" m="45643" /><D133/><U68/><E68/><V122/><F63/><W82/><G73/><T120/><D111/><U1/><E1/><N who="2" m="79" /><F122/><N who="0" m="46634" /><D78/><U112/><E112/><V17/><AGARI ba="2,0" hai="16,17,18,20,22,23,26,28" m="79,48651" machi="17" ten="30,7900,0" yaku="18,1,34,2,54,1" doraHai="94" who="2" fromWho="2" sc="513,-41,169,-22,169,85,149,-22" /><INIT seed="1,0,0,5,2,14" ten="472,147,254,127" oya="1" hai0="106,116,43,111,122,67,63,84,135,40,33,34,30" hai1="132,113,96,115,110,70,74,7,101,128,1,37,35" hai2="130,88,117,125,69,36,53,64,20,79,120,71,83" hai3="108,59,8,42,129,3,25,16,18,87,15,85,39"/><U4/><RYUUKYOKU type="yao9" ba="0,0" sc="472,0,147,0,254,0,127,0" hai1="1,4,7,35,37,70,74,96,101,110,113,115,128,132" /><INIT seed="1,1,0,0,2,104" ten="472,147,254,127" oya="1" hai0="135,78,25,30,93,92,133,18,21,70,124,82,80" hai1="2,58,110,20,51,67,36,66,65,106,6,13,14" hai2="1,107,57,102,46,31,109,68,59,81,23,120,122" hai3="84,50,103,79,56,19,114,37,49,28,112,117,71"/><U132/><E36/><V0/><F68/><W44/><G71/><T48/><D70/><U39/><E39/><V45/><F102/><W10/><G37/><T64/><D64/><U29/><E2/><V11/><F107/><W4/><G117/><T32/><D48/><U85/><E106/><V62/><F31/><W73/><G28/><T118/><D82/><U116/><E116/><V75/><F23/><W115/><G103/><T91/><D91/><U9/><E132/><N who="0" m="50761" /><D124/><U12/><E110/><V35/><F35/><W72/><G19/><T108/><D108/><U83/><E29/><V119/><F119/><W123/><G123/><T33/><D33/><U7/><E20/><V89/><F109/><W17/><G17/><T27/><D118/><U101/><E101/><V41/><F89/><W54/><G84/><AGARI ba="1,0" hai="18,21,25,27,30,32,78,80,84,92,93" m="50761" machi="84" ten="30,1000,0" yaku="20,1" doraHai="104" who="0" fromWho="3" sc="472,13,147,0,254,0,127,-13" /><INIT seed="2,0,0,1,2,37" ten="485,147,254,114" oya="2" hai0="130,86,67,22,33,45,39,53,102,58,18,56,1" hai1="120,128,57,108,16,50,49,62,127,115,23,61,119" hai2="122,6,24,40,123,42,38,93,65,29,134,88,104" hai3="10,36,101,66,133,82,125,8,100,132,19,55,26"/><V47/><F104/><W3/><G125/><T59/><D33/><U92/><E108/><V77/><F134/><W135/><G66/><T44/><D1/><U2/><E127/><V114/><F114/><W87/><G36/><T5/><D5/><U103/><E2/><V48/><F77/><W30/><G55/><T70/><D102/><N who="3" m="39529" /><G19/><T35/><D35/><U89/><E119/><V118/><F118/><W113/><G3/><T96/><D96/><N who="1" m="59783" /><E115/><V20/><F6/><W78/><G113/><T68/><D86/><U129/><E120/><V126/><F126/><W71/><G71/><T121/><D18/><U106/><E106/><V52/><F65/><W72/><G72/><T11/><D22/><AGARI ba="0,0" hai="8,10,22,26,30,78,82,87,132,133,135" m="39529" machi="22" ten="30,1000,0" yaku="20,1" doraHai="37" who="3" fromWho="0" sc="485,-10,147,0,254,0,114,10" /><INIT seed="3,0,0,1,1,26" ten="475,147,254,124" oya="3" hai0="117,35,57,69,37,10,75,44,50,105,60,70,30" hai1="41,24,79,36,121,12,13,126,104,115,64,42,49" hai2="5,73,54,124,19,109,92,118,7,61,99,1,84" hai3="59,22,90,51,74,11,82,48,94,16,66,103,65"/><W72/><G103/><T111/><D75/><U63/><E115/><V110/><F73/><W23/><G72/><T28/><D105/><U39/><E121/><V9/><F118/><W132/><G132/><T122/><D35/><U68/><E104/><V0/><F84/><W88/><G11/><T83/><D122/><U135/><E79/><V27/><F124/><W33/><G33/><T76/><D111/><U32/><E126/><V47/><F5/><W80/><G23/><T113/><D113/><U96/><E96/><V29/><F1/><W119/><G119/><T14/><D70/><U78/><E78/><V95/><F19/><W20/><G20/><T102/><D69/><U89/><E135/><V97/><F97/><N who="3" m="57543" /><G74/><T128/><D37/><U58/><E42/><V108/><F99/><W93/><G93/><T120/><D102/><U43/><E41/><V71/><F71/><W134/><G134/><T40/><D120/><U129/><E39/><V81/><F81/><N who="3" m="31339" /><G90/><T46/><D83/><U15/><E89/><V98/><F98/><W101/><G101/><T107/><D107/><U125/><E125/><V116/><F116/><W21/><G21/><T3/><D76/><U112/><E112/><V34/><F92/><W67/><G59/><T123/><D57/><U85/><E58/><N who="2" m="35031" /><F95/><W133/><G133/><T53/><D3/><U52/><E68/><V91/><F91/><W87/><G87/><T2/><D2/><U127/><E85/><V17/><F17/><W25/><AGARI ba="0,0" hai="16,22,25,48,51,65,66,67" m="31339,57543" machi="25" ten="30,6000,0" yaku="8,1,54,2" doraHai="26" who="3" fromWho="3" sc="475,-20,147,-20,254,-20,124,60" /><INIT seed="3,1,0,2,2,30" ten="455,127,234,184" oya="3" hai0="97,1,84,113,32,67,92,35,56,122,126,2,5" hai1="28,77,25,63,31,133,105,52,20,17,121,29,42" hai2="83,15,79,48,123,13,26,50,119,27,88,45,85" hai3="7,73,9,55,51,117,131,125,124,21,127,70,3"/><W110/><G117/><T71/><D71/><U64/><E121/><V118/><F123/><W12/><G70/><T40/><D40/><U34/><E105/><V38/><F38/><W33/><G73/><T37/><D84/><U22/><E42/><V104/><F104/><W94/><G131/><T96/><D37/><U82/><E133/><V91/><F118/><W60/><G60/><T43/><D43/><U135/><E135/><V11/><F119/><W78/><G78/><T65/><D92/><U6/><E6/><V10/><F79/><W76/><G76/><T39/><D56/><U86/><E52/><N who="2" m="29711" /><F50/><W53/><G110/><T36/><D5/><U103/><E103/><V8/><F91/><W120/><G120/><T132/><D122/><U75/><E75/><V49/><F49/><W116/><G116/><T68/><D68/><U47/><E47/><V130/><F130/><W106/><G106/><T57/><D57/><N who="1" m="36975" /><E34/><V0/><F0/><W90/><G51/><T23/><D132/><U18/><E31/><V66/><F66/><W107/><G33/><T24/><D113/><U89/><E77/><V128/><F128/><W19/><REACH who="3" step="1"/><G107/><REACH who="3" ten="455,127,234,174" step="2"/><T102/><D32/><U46/><E46/><V109/><F109/><W95/><G95/><T74/><D35/><U98/><E98/><AGARI ba="1,1" hai="3,7,9,12,19,21,53,55,90,94,98,124,125,127" machi="98" ten="40,3900,0" yaku="1,1,18,1,53,0" doraHai="30" doraHaiUra="69" who="3" fromWho="1" sc="455,0,127,-42,234,0,174,52" /><INIT seed="3,2,0,0,3,94" ten="455,85,234,226" oya="3" hai0="45,73,26,109,16,17,3,88,30,98,21,65,93" hai1="71,48,15,135,84,53,2,124,31,64,61,25,63" hai2="66,67,114,37,22,57,80,87,79,118,111,47,113" hai3="60,82,96,128,4,92,18,69,38,36,1,55,123"/><W102/><G123/><T95/><D73/><U131/><E2/><V42/><F118/><W117/><G117/><T52/><D3/><U78/><E63/><V23/><F111/><W44/><G128/><T6/><D6/><U19/><E131/><V10/><F10/><W86/><G1/><T130/><D130/><U115/><E115/><V59/><F66/><W56/><G4/><T51/><D109/><U108/><E108/><V125/><F125/><W120/><G120/><T28/><D65/><U129/><E129/><V68/><F68/><W126/><G126/><T99/><D30/><U76/><E124/><V127/><F127/><W62/><G44/><T121/><REACH who="0" step="1"/><D121/><REACH who="0" ten="445,85,234,226" step="2"/><U29/><E135/><V12/><F67/><W85/><G69/><T133/><D133/><U106/><E64/><V40/><F114/><W7/><G7/><T110/><D110/><U11/><E71/><V112/><F113/><W70/><G70/><T74/><D74/><U54/><E31/><V91/><F112/><W101/><G36/><T89/><AGARI ba="2,1" hai="16,17,21,26,28,45,51,52,88,89,93,95,98,99" machi="89" ten="20,16000,3" yaku="1,1,0,1,7,1,9,1,8,1,52,2,54,3,53,0" doraHai="94" doraHaiUra="35" who="0" fromWho="0" sc="445,176,85,-42,234,-42,226,-82" /><INIT seed="4,0,0,5,0,105" ten="621,43,192,144" oya="0" hai0="122,26,91,135,64,45,59,61,102,81,67,69,58" hai1="130,4,51,33,39,5,48,0,18,82,9,21,113" hai2="49,126,76,38,98,85,117,123,88,43,104,40,6" hai3="22,71,3,114,14,68,35,34,41,92,111,108,96"/><T107/><D122/><U125/><E39/><V29/><F123/><W112/><G41/><T36/><D135/><U53/><E125/><V110/><F110/><N who="3" m="42027" /><G3/><T54/><D102/><U46/><E33/><N who="3" m="12298" /><G14/><T17/><D107/><U99/><E5/><V94/><F38/><W63/><G63/><N who="0" m="38015" /><D91/><U127/><E127/><V84/><F29/><W118/><G22/><T78/><D17/><U121/><E121/><V25/><F25/><W62/><G62/><N who="0" m="36183" /><D26/><U70/><E70/><N who="3" m="26666" /><G92/><T115/><D81/><U109/><E109/><V124/><F6/><W31/><G31/><T8/><D8/><U120/><E120/><V133/><F124/><W95/><G95/><T101/><D101/><U19/><E9/><V30/><F43/><W23/><G23/><T11/><D11/><U128/><E4/><V80/><F30/><W12/><G12/><T86/><D86/><U103/><E0/><V100/><F126/><W60/><G96/><T47/><D78/><U131/><E19/><V10/><F10/><W16/><G16/><T83/><D83/><U28/><E28/><V74/><F85/><W73/><G60/><T87/><D87/><U65/><E82/><V119/><F133/><W44/><G44/><AGARI ba="0,0" hai="40,44,49,74,76,80,84,88,94,98,100,104,117,119" machi="44" ten="40,8000,1" yaku="24,2,52,1,54,1" doraHai="105" who="2" fromWho="3" sc="621,0,43,0,192,80,144,-80" /><INIT seed="5,0,0,2,1,123" ten="621,43,272,64" oya="1" hai0="93,61,14,12,23,34,8,44,119,126,110,98,100" hai1="97,79,72,10,4,101,31,58,25,16,50,122,33" hai2="130,94,83,0,81,39,132,70,56,84,120,1,85" hai3="55,86,127,67,18,60,125,102,6,65,90,53,78"/><U104/><E122/><V32/><F120/><W109/><G109/><T37/><D34/><U24/><E79/><V128/><F70/><W95/><G6/><T49/><D110/><U76/><E76/><V115/><F32/><W69/><G67/><T63/><D37/><U131/><E131/><V54/><F39/><W13/><G102/><T124/><D119/><U43/><E72/><V80/><F115/><W74/><G78/><T73/><D73/><U47/><E58/><V11/><F132/><W89/><G89/><T5/><D124/><N who="3" m="47689" /><G74/><T105/><D105/><U91/><E91/><N who="2" m="53615" /><F84/><W2/><G2/><T7/><D126/><U77/><E77/><V15/><F0/><W30/><G30/><T68/><D68/><U117/><E117/><V46/><F1/><W27/><G27/><T116/><D116/><U45/><E47/><V19/><F46/><W66/><G66/><T21/><D5/><U118/><E118/><V42/><F42/><W87/><G87/><T51/><D51/><U57/><E57/><V26/><F26/><W52/><G55/><N who="0" m="30119" /><D14/><N who="1" m="7255" /><E24/><V114/><F114/><W28/><G28/><T134/><D134/><U59/><E59/><V38/><F38/><W108/><G108/><T113/><D113/><U96/><E97/><V133/><F133/><W107/><G107/><T92/><D92/><U129/><E4/><V22/><F128/><W103/><G103/><T64/><D64/><U135/><E129/><V40/><F130/><W99/><G99/><T121/><D121/><U111/><E135/><V82/><N who="2" m="20480" /><DORA hai="106" /><V9/><F40/><W36/><G36/><RYUUKYOKU ba="0,0" sc="621,0,43,0,272,0,64,0" hai0="7,8,12,21,23,61,63,93,98,100" hai1="25,31,33,43,45,50,96,101,104,111" hai2="9,11,15,19,22,54,56" hai3="13,18,52,53,60,65,69,86,90,95" /><INIT seed="5,1,0,4,5,64" ten="621,43,272,64" oya="1" hai0="3,116,89,87,53,130,101,9,4,11,118,17,12" hai1="48,13,73,45,132,56,126,115,121,125,54,39,109" hai2="60,124,8,6,24,96,34,28,50,43,14,100,103" hai3="105,20,135,122,51,44,114,23,80,123,21,120,62"/><U37/><E73/><V69/><F124/><N who="1" m="47721" /><E13/><V59/><F69/><W41/><G135/><T117/><D101/><U97/><E97/><V32/><F32/><W68/><G114/><T72/><D72/><U112/><E132/><V77/><F77/><W46/><G105/><T71/><D71/><U1/><E1/><V85/><F85/><W42/><G80/><T61/><D130/><U82/><E82/><V86/><F86/><W78/><G78/><T93/><REACH who="0" step="1"/><D117/><REACH who="0" ten="611,43,272,64" step="2"/><U107/><E121/><V128/><F128/><W36/><G68/><T67/><D67/><U106/><E109/><V95/><F103/><W25/><REACH who="3" step="1"/><G62/><REACH who="3" ten="611,43,272,54" step="2"/><T35/><D35/><U102/><E107/><V40/><F60/><W30/><AGARI ba="1,2" hai="20,21,23,25,30,36,41,42,44,46,51,120,122,123" machi="30" ten="30,4000,0" yaku="1,1,2,1,0,1,53,0" doraHai="64" doraHaiUra="127" who="3" fromWho="3" sc="611,-11,43,-21,272,-11,54,63" /><INIT seed="6,0,0,2,2,42" ten="600,22,261,117" oya="2" hai0="134,59,14,115,37,107,53,21,99,19,84,20,16" hai1="28,54,95,7,27,125,118,102,120,89,41,94,69" hai2="18,81,105,51,77,90,74,67,60,103,79,4,6" hai3="26,112,29,104,110,25,121,92,52,44,0,62,48"/><V133/><F133/><W82/><G104/><T61/><D37/><U39/><E118/><V116/><F116/><W83/><G121/><T93/><D115/><U113/><E69/><V122/><F122/><W1/><G110/><T58/><D107/><U86/><E120/><V119/><F119/><W70/><G112/><T34/><D34/><U17/><E113/><V33/><F77/><W63/><G26/><T45/><D84/><U55/><E125/><V11/><F33/><W91/><G0/><T129/><D129/><U10/><E17/><V80/><F80/><N who="3" m="30763" /><G1/><T64/><D45/><U38/><E38/><V85/><F18/><W135/><G70/><T114/><D114/><U76/><E76/><V124/><F124/><W50/><G135/><T36/><D36/><U24/><E24/><V71/><F11/><W72/><G72/><T111/><D111/><U131/><E131/><V31/><F31/><W46/><G25/><T101/><D134/><U96/><E41/><V130/><F130/><W57/><G29/><T109/><D109/><U123/><E39/><V66/><F66/><W35/><G35/><T32/><D32/><U23/><REACH who="1" step="1"/><E123/><REACH who="1" ten="600,12,261,117" step="2"/><V126/><F126/><W128/><G128/><T12/><D19/><U87/><E87/><V30/><F30/><W78/><G78/><T40/><D16/><U88/><E88/><V8/><F79/><W15/><G91/><T49/><D40/><U3/><AGARI ba="0,1" hai="3,7,10,23,27,28,54,55,86,89,94,95,96,102" machi="3" ten="20,5200,0" yaku="1,1,0,1,7,1,53,1" doraHai="42" doraHaiUra="97" who="1" fromWho="1" sc="600,-13,12,62,261,-26,117,-13" /><INIT seed="7,0,0,1,3,31" ten="587,74,235,104" oya="3" hai0="42,80,45,20,9,135,74,90,33,29,2,51,116" hai1="8,7,120,69,13,117,65,108,21,126,30,56,130" hai2="46,105,81,104,14,61,67,36,35,52,95,124,133" hai3="58,85,88,16,109,123,0,24,76,57,79,6,128"/><W63/><G123/><T91/><D33/><U47/><E108/><V1/><F1/><W71/><G71/><T32/><D32/><U53/><E120/><V129/><F35/><W107/><G107/><T125/><D116/><U41/><E126/><V26/><F124/><W110/><G128/><T44/><D135/><U93/><E130/><V39/><F129/><W12/><G24/><T62/><D62/><U103/><E117/><V118/><F26/><W59/><G6/><T60/><D60/><U10/><E10/><V3/><F3/><W98/><G98/><T115/><D115/><U94/><E103/><V34/><F34/><W28/><G28/><T89/><D125/><U96/><E96/><V131/><F131/><W15/><G15/><T78/><D45/><U27/><E69/><V132/><F118/><W84/><G63/><T55/><D20/><U11/><E65/><V19/><F95/><N who="3" m="54663" /><G0/><T22/><D22/><U49/><REACH who="1" step="1"/><E11/><REACH who="1" ten="587,64,235,104" step="2"/><N who="2" m="6623" /><F39/><AGARI ba="0,1" hai="7,8,13,21,27,30,39,41,47,49,53,56,93,94" machi="39" ten="30,2000,0" yaku="1,1,7,1,53,0" doraHai="31" doraHaiUra="82" who="1" fromWho="2" sc="587,0,64,30,235,-20,104,0" owari="587,69.0,94,-41.0,215,2.0,104,-30.0" /></mjloggm>