<mjloggm ver="2.3"><GO type="169" lobby="0"/><UN n0="%E5%A5%88%E8%90%BD%E3%81%AE%E7%8E%8B" n1="%E3%81%A4%E3%81%A3%E3%81%8D%EF%BD%9E%32%6E%64" n2="%E3%82%A6%E3%83%AB%E3%83%88%E3%83%A9%E7%AB%8B%E7%9B%B4" n3="%EF%BC%A0%E3%81%8F%E3%82%8D%E3%81%AD%E3%81%93%E3%81%A9%E3%83%BC%EF%BC%A0" dan="17,16,18,16" rate="2190.14,2125.53,2196.09,2121.30" sx="M,M,M,M"/><TAIKYOKU oya="0"/><INIT seed="0,0,0,4,4,62" ten="250,250,250,250" oya="0" hai0="4,98,134,47,56,58,30,22,75,69,21,122,71" hai1="135,65,67,126,3,86,41,80,108,64,45,87,113" hai2="111,116,51,32,0,85,19,61,6,78,23,63,39" hai3="11,13,18,90,106,40,104,46,54,132,84,38,94"/><T57/><D75/><U101/><E108/><V27/><F39/><W124/><G124/><T117/><D117/><U73/><E126/><V103/><F111/><W70/><G132/><T82/><D122/><U20/><E135/><V88/><F116/><W99/><G70/><T114/><D114/><U74/><E113/><V43/><F78/><W102/><REACH who="3" step="1"/><G54/><REACH who="3" ten="250,250,250,240" step="2"/><T120/><D134/><U10/><E101/><V112/><F103/><W31/><G31/><T44/><D30/><U36/><E20/><V93/><F112/><W83/><AGARI ba="0,1" hai="11,13,18,38,40,46,83,84,90,94,99,102,104,106" machi="83" ten="20,2700,0" yaku="1,1,0,1,7,1,53,0" doraHai="62" doraHaiUra="115" who="3" fromWho="3" sc="250,-13,250,-7,250,-7,240,37" /><INIT seed="1,0,0,0,5,86" ten="237,243,243,277" oya="1" hai0="58,47,133,63,64,43,46,65,73,79,2,16,100" hai1="24,56,117,81,94,125,40,124,82,85,5,98,17" hai2="53,26,48,22,109,50,12,25,90,110,7,95,15" hai3="83,54,134,60,77,112,37,71,66,18,116,99,89"/><U0/><E117/><V126/><F126/><N who="1" m="48745" /><E40/><V93/><F7/><W9/><G112/><T1/><D133/><U49/><E0/><V20/><REACH who="2" step="1"/><F53/><REACH who="2" ten="237,243,233,277" step="2"/><W111/><G54/><T11/><D2/><U6/><E5/><V21/><F21/><W10/><G116/><T113/><D1/><U120/><E6/><V32/><F32/><W104/><G134/><T121/><D113/><U92/><E120/><V118/><F118/><W51/><G111/><T80/><D121/><U3/><E3/><V31/><F31/><W19/><G9/><T119/><D119/><U57/><E17/><V135/><F135/><W59/><G10/><T128/><D11/><U44/><E81/><V96/><F96/><W88/><G18/><T76/><D80/><U62/><E98/><V23/><F23/><W108/><G19/><T30/><D16/><U52/><E24/><V103/><F103/><W41/><G108/><T91/><D100/><U130/><E130/><V8/><F8/><W69/><G99/><T34/><D128/><U33/><E33/><V132/><F132/><W38/><G41/><T84/><D43/><N who="1" m="24735" /><E57/><V105/><F105/><W74/><G104/><T123/><D58/><U102/><E102/><V4/><F4/><W75/><G71/><T70/><D70/><U122/><E122/><V87/><F87/><W97/><G97/><T55/><D34/><U35/><E35/><V61/><F61/><W36/><REACH who="3" step="1"/><G75/><REACH who="3" ten="237,243,233,267" step="2"/><T67/><D73/><U115/><E115/><V27/><F27/><W106/><G106/><T13/><D123/><U14/><E14/><V39/><F39/><RYUUKYOKU ba="0,2" sc="237,-30,243,10,233,10,267,10" hai1="52,56,62,82,85,92,94" hai2="12,15,20,22,25,26,48,50,90,93,95,109,110" hai3="36,37,38,51,59,60,66,69,74,77,83,88,89" /><INIT seed="1,1,2,3,3,29" ten="207,253,243,277" oya="1" hai0="108,128,41,88,79,57,97,54,70,49,55,100,38" hai1="86,71,116,19,105,15,85,43,1,95,78,126,47" hai2="102,16,44,134,59,111,107,7,23,5,104,131,2" hai3="18,94,74,64,80,75,112,13,21,103,69,53,68"/><U40/><E116/><V127/><F102/><W27/><G112/><T93/><D70/><U31/><E105/><V28/><F28/><W89/><G103/><T12/><D108/><U48/><E126/><V35/><F35/><W118/><G118/><T92/><D128/><U91/><E71/><V82/><F59/><W0/><G0/><T62/><D79/><U30/><E1/><V6/><F2/><W39/><G39/><T60/><D55/><U98/><E43/><V37/><F111/><W46/><G64/><T90/><D100/><U24/><E78/><V14/><F127/><W17/><G75/><T56/><D56/><U72/><E72/><V65/><F65/><W133/><G133/><T87/><REACH who="0" step="1"/><D12/><REACH who="0" ten="197,253,243,277" step="2"/><U8/><REACH who="1" step="1"/><E31/><REACH who="1" ten="197,243,243,277" step="2"/><V120/><F134/><W114/><G69/><T129/><D129/><U25/><E25/><V36/><F131/><W26/><G68/><T66/><D66/><U52/><E52/><V123/><F107/><W33/><G53/><T117/><D117/><U51/><E51/><V22/><F104/><W110/><G110/><T11/><D11/><U96/><E96/><V132/><F132/><W119/><G119/><T67/><D67/><U124/><E124/><V135/><F135/><W4/><G74/><T77/><D77/><U101/><E101/><V58/><F37/><W61/><G114/><T122/><D122/><U9/><E9/><V3/><F123/><W83/><G26/><T76/><D76/><U99/><E99/><V42/><F120/><W63/><G27/><T50/><D50/><U45/><E45/><AGARI ba="1,4" hai="38,41,45,49,54,57,60,62,87,88,90,92,93,97" machi="45" ten="40,2600,0" yaku="1,1,54,1,53,0" doraHai="29" doraHaiUra="32" who="0" fromWho="1" sc="197,69,243,-29,243,0,277,0" /><INIT seed="2,0,0,1,4,103" ten="266,214,243,277" oya="2" hai0="116,34,61,35,72,62,99,0,28,50,122,65,125" hai1="7,89,93,11,2,90,95,81,49,79,121,133,134" hai2="55,110,96,33,59,47,97,127,68,27,1,14,129" hai3="67,41,36,118,25,52,105,84,30,48,46,104,112"/><V40/><F1/><W19/><G118/><T69/><D116/><U16/><E121/><V91/><F127/><W128/><G128/><T135/><D122/><U64/><E64/><V126/><F126/><W12/><G112/><T100/><D125/><U10/><E95/><V3/><F3/><W20/><G67/><T73/><D135/><N who="1" m="51723" /><E49/><V53/><F68/><W117/><G84/><T83/><D62/><U57/><E57/><V114/><F114/><W38/><G117/><T87/><D50/><U102/><E102/><V74/><F74/><W119/><G119/><T51/><D51/><U63/><E63/><V8/><F129/><W132/><G132/><T106/><D0/><U17/><E11/><V101/><F110/><W85/><G85/><T124/><D124/><U39/><E39/><V18/><F59/><W60/><G60/><T44/><D44/><U6/><E6/><V113/><F113/><W86/><G86/><T66/><D66/><U108/><E108/><V88/><F97/><W54/><G54/><T111/><D111/><U92/><E79/><V13/><F55/><W42/><G42/><T24/><D35/><U123/><E123/><V76/><F53/><W56/><G38/><T80/><D80/><U130/><E130/><V107/><F76/><AGARI ba="0,0" hai="24,28,34,61,65,69,72,73,76,83,87,99,100,106" machi="76" ten="30,7700,0" yaku="7,1,25,2,52,1" doraHai="103" who="0" fromWho="2" sc="266,77,214,0,243,-77,277,0" /><INIT seed="3,0,0,1,4,58" ten="343,214,166,277" oya="3" hai0="70,122,114,6,65,117,78,90,116,52,130,28,0" hai1="115,9,11,55,83,41,133,14,22,108,33,99,67" hai2="100,30,125,54,135,29,120,119,63,40,35,87,86" hai3="42,129,131,24,1,118,93,27,107,95,17,8,105"/><W16/><G42/><T46/><D122/><U61/><E115/><V124/><F119/><W128/><G118/><T104/><D104/><N who="3" m="40009" /><G1/><T106/><D106/><U113/><E113/><V53/><F40/><W68/><G68/><T73/><D28/><U2/><E108/><V66/><F100/><W79/><G79/><T98/><D6/><U12/><E133/><V39/><F39/><W59/><G59/><T132/><D0/><U44/><E33/><V94/><F94/><N who="3" m="35851" /><G8/><T57/><D57/><U89/><E55/><V111/><F135/><W60/><G60/><T92/><D132/><U43/><E2/><V75/><F111/><W91/><G91/><T37/><D114/><U85/><E43/><V101/><F120/><W49/><G49/><T96/><D37/><U82/><E9/><V23/><F35/><W47/><G47/><T20/><D46/><U88/><E11/><V13/><F54/><W18/><AGARI ba="0,0" hai="16,17,18,24,27,128,129,131" m="35851,40009" machi="18" ten="40,12000,1" yaku="28,2,19,1,54,1" doraHai="58" who="3" fromWho="3" sc="343,-40,214,-40,166,-40,277,120" /><INIT seed="3,1,0,0,1,13" ten="303,174,126,397" oya="3" hai0="78,33,119,27,86,61,109,90,111,38,93,37,89" hai1="32,39,7,35,54,91,5,118,16,73,125,58,71" hai2="84,52,47,74,4,31,36,129,12,1,43,132,60" hai3="41,134,77,30,110,62,53,135,128,104,68,76,40"/><W9/><G104/><T50/><D119/><U65/><E118/><V51/><F74/><W121/><G121/><T101/><D78/><U56/><E125/><V6/><F129/><W48/><G30/><N who="0" m="19679" /><D101/><U112/><E112/><V103/><F132/><N who="3" m="50731" /><G128/><T29/><D29/><U19/><E73/><V98/><F1/><W105/><G105/><T107/><D107/><U97/><E54/><V22/><F84/><W81/><G110/><N who="0" m="41995" /><D50/><U63/><E91/><V126/><F126/><W106/><G106/><T83/><D61/><U123/><E63/><V122/><F122/><W72/><G77/><T18/><D18/><U55/><E55/><V75/><F75/><W67/><G9/><T25/><D25/><U108/><E108/><V46/><F60/><W26/><G26/><T133/><D133/><U127/><E123/><V42/><F31/><W15/><G15/><T66/><D66/><U20/><E127/><V88/><F103/><W117/><G117/><T17/><D17/><U44/><E65/><V120/><F120/><W11/><G11/><T131/><D131/><U14/><E14/><V102/><F102/><W49/><G49/><T3/><D3/><U79/><E20/><V115/><F22/><W87/><G72/><T114/><D114/><U85/><E79/><V94/><F115/><W95/><G95/><T2/><D2/><U34/><E35/><V100/><F100/><W69/><G69/><T57/><D93/><U116/><E71/><V80/><F12/><W10/><G10/><T70/><D70/><U8/><E116/><V21/><F94/><W124/><G124/><RYUUKYOKU ba="1,0" sc="303,-10,174,-10,126,-10,397,30" hai3="40,41,48,53,62,67,68,76,81,87" /><INIT seed="3,2,0,4,1,135" ten="293,164,116,427" oya="3" hai0="113,108,65,106,46,122,29,31,4,130,105,24,131" hai1="43,85,123,78,81,101,87,116,13,103,22,95,2" hai2="64,60,112,61,23,32,102,0,37,74,41,117,49" hai3="45,127,83,99,89,14,133,119,51,93,94,67,71"/><W56/><G119/><T62/><D122/><U25/><E123/><V55/><F32/><W47/><G71/><T88/><D108/><U111/><E111/><V126/><F0/><W18/><G133/><T110/><D110/><U109/><E109/><V58/><F74/><W100/><G83/><T66/><D4/><U82/><E2/><V97/><F117/><W1/><G1/><T44/><D24/><U38/><E116/><V121/><F112/><W73/><G73/><T59/><D59/><U7/><E38/><V27/><F121/><W104/><G104/><T16/><D62/><U115/><E115/><V92/><F126/><W54/><G67/><T26/><D26/><U76/><E95/><V107/><F107/><W79/><G79/><T17/><D113/><U39/><E39/><V134/><F134/><W52/><G54/><T12/><D12/><U70/><E43/><V3/><F3/><W40/><G40/><T91/><AGARI ba="2,0" hai="16,17,29,31,44,46,65,66,88,91,105,106,130,131" machi="91" ten="25,8000,1" yaku="0,1,22,2,54,2" doraHai="135" who="0" fromWho="0" sc="293,86,164,-22,116,-22,427,-42" /><INIT seed="4,0,0,4,2,20" ten="379,142,94,385" oya="0" hai0="29,56,64,9,99,55,59,131,42,130,34,88,135" hai1="78,8,14,134,127,79,89,4,43,112,108,72,97" hai2="117,111,54,110,118,44,27,81,25,18,1,129,71" hai3="31,49,77,16,80,51,13,38,95,52,35,47,57"/><T67/><D42/><U92/><E108/><N who="2" m="41515" /><F71/><W58/><G38/><T123/><D123/><U121/><E121/><V120/><F120/><W62/><G31/><T10/><D135/><U70/><E127/><V40/><F1/><W6/><G35/><T116/><D116/><N who="2" m="44650" /><F129/><N who="0" m="49162" /><D29/><U128/><E128/><V45/><F18/><W3/><G6/><T104/><D34/><U39/><E112/><V12/><F12/><W21/><G3/><T37/><D37/><U50/><E39/><N who="2" m="21535" /><F81/><W93/><G49/><AGARI ba="0,0" hai="25,27,45,49,54" m="21535,44650,41515" machi="49" ten="30,3900,0" yaku="12,1,52,2" doraHai="20" who="2" fromWho="3" sc="379,0,142,0,94,39,385,-39" /><INIT seed="5,0,0,3,3,36" ten="379,142,133,346" oya="1" hai0="77,25,117,23,13,51,87,127,79,11,60,105,98" hai1="86,58,40,27,57,92,129,35,3,123,43,53,107" hai2="106,39,128,83,94,16,19,67,85,7,116,104,14" hai3="101,130,126,22,28,81,95,108,122,9,6,52,90"/><U12/><E123/><V31/><F116/><W99/><G122/><T131/><D117/><U5/><E3/><V111/><F111/><W26/><G108/><T125/><D131/><U100/><E129/><V91/><F128/><W65/><G130/><T62/><D51/><U110/><E110/><V63/><F39/><W124/><G65/><T2/><D2/><U15/><E107/><V120/><F120/><W68/><G68/><T45/><D45/><U114/><E114/><V113/><F113/><W76/><G101/><T61/><D98/><N who="1" m="59463" /><E35/><V17/><F31/><W10/><G52/><T49/><D49/><U132/><E132/><V93/><F106/><W46/><G46/><T54/><D105/><U73/><E73/><V20/><F104/><W69/><G69/><T33/><D33/><U66/><E86/><V102/><F102/><W18/><G28/><N who="0" m="17471" /><D54/><U34/><E34/><V24/><F7/><W103/><G103/><T4/><D87/><U32/><E27/><V59/><REACH who="2" step="1"/><F19/><REACH who="2" ten="379,142,123,346" step="2"/><W48/><G6/><T115/><D115/><U133/><E5/><V1/><F1/><W29/><G29/><T97/><D4/><U82/><E133/><V8/><AGARI ba="0,1" hai="8,14,16,17,20,24,59,63,67,83,85,91,93,94" machi="8" ten="20,12000,2" yaku="1,1,0,1,7,1,8,1,54,1,53,2" doraHai="36" doraHaiUra="89" who="2" fromWho="2" sc="379,-30,142,-60,123,130,346,-30" /><INIT seed="6,0,0,0,2,91" ten="349,82,253,316" oya="2" hai0="116,75,95,17,32,70,64,121,62,71,84,35,78" hai1="49,53,3,23,8,27,102,107,10,89,25,125,128" hai2="82,103,39,80,72,4,65,127,83,110,85,106,24" hai3="88,56,37,16,113,77,119,76,9,96,18,73,92"/><V22/><F39/><W54/><G37/><T120/><D71/><U101/><E125/><V66/><F127/><W47/><G119/><T36/><D36/><U134/><E128/><V130/><F130/><W117/><G117/><T122/><D116/><U59/><E134/><V112/><F112/><W68/><G68/><T6/><D6/><U123/><E123/><V61/><F110/><W111/><G111/><T105/><D105/><U60/><E107/><V87/><F72/><W131/><G131/><T133/><D133/><U118/><E118/><V28/><F4/><W86/><G73/><T135/><D135/><U108/><E108/><V79/><F66/><W15/><G47/><T29/><D29/><U19/><E3/><V97/><REACH who="2" step="1"/><F87/><REACH who="2" ten="349,82,243,316" step="2"/><W1/><G113/><T11/><D75/><U5/><E5/><V20/><F20/><W12/><G1/><T42/><D84/><U13/><E49/><V30/><F30/><W43/><G86/><T50/><D64/><U31/><E10/><V45/><F45/><W52/><G43/><T57/><D50/><U94/><REACH who="1" step="1"/><E27/><REACH who="1" ten="349,72,243,316" step="2"/><V0/><F0/><W55/><G56/><AGARI ba="0,2" hai="22,24,28,56,61,65,79,80,82,83,85,97,103,106" machi="56" ten="30,5800,0" yaku="1,1,7,1,53,1" doraHai="91" doraHaiUra="21" who="2" fromWho="3" sc="349,0,72,0,243,78,316,-58" /><INIT seed="6,1,0,3,0,86" ten="349,72,321,258" oya="2" hai0="108,83,118,98,65,3,111,115,43,55,60,89,9" hai1="126,106,97,110,73,134,77,85,64,103,8,72,26" hai2="113,50,5,29,6,33,19,48,15,124,74,128,25" hai3="105,121,92,78,10,117,17,120,100,27,11,127,88"/><V80/><F113/><W109/><G109/><T81/><D115/><U24/><E110/><V71/><F71/><W131/><G117/><T76/><D43/><U4/><E126/><V57/><F124/><W51/><G127/><T91/><D118/><U125/><E125/><V95/><F128/><W53/><G131/><T107/><D55/><U104/><E134/><V13/><F74/><W7/><G78/><T114/><D114/><U82/><E106/><V34/><F80/><W67/><G67/><T28/><D28/><U32/><E26/><V130/><F130/><W52/><G105/><T14/><D3/><U135/><E135/><V62/><F34/><W90/><G121/><T96/><D111/><U49/><E49/><V93/><F50/><W119/><G119/><T16/><D108/><U40/><E40/><V1/><F48/><W99/><G120/><T2/><D2/><U122/><E122/><V42/><F42/><W94/><G53/><T30/><D30/><U59/><E8/><N who="3" m="3114" /><G94/><N who="0" m="56399" /><D107/><U46/><E46/><V47/><F47/><N who="3" m="27775" /><G7/><T44/><D76/><U23/><E4/><N who="2" m="1643" /><F95/><W41/><G41/><T36/><D36/><U61/><E32/><V84/><F93/><W37/><G37/><T56/><D44/><U21/><E21/><AGARI ba="1,0" hai="17,21,27,88,90,92,99,100" m="27775,3114" machi="21" ten="30,8000,1" yaku="8,1,52,2,54,2" doraHai="86" who="3" fromWho="1" sc="349,0,72,-83,321,0,258,83" owari="349,45.0,-11,-51.0,321,-8.0,341,14.0" /></mjloggm>