<mjloggm ver="2.3"><GO type="169" lobby="0"/><UN n0="%6D%61%73%61%73%69%6F" n1="%46%75%6E%54%69%6D%65" n2="%E8%90%8C%E3%81%88%E3%81%AE%E7%A5%9E" n3="%E3%82%A6%E3%83%AB%E3%83%88%E3%83%A9%E7%AB%8B%E7%9B%B4" dan="16,16,16,16" rate="2126.23,2123.97,2170.24,2097.01" sx="M,M,F,M"/><TAIKYOKU oya="0"/><INIT seed="0,0,0,5,5,48" ten="250,250,250,250" oya="0" hai0="66,39,107,20,110,30,82,74,78,115,52,129,27" hai1="86,87,17,105,100,4,123,73,57,90,56,13,84" hai2="61,68,113,72,80,127,1,19,96,38,26,116,18" hai3="111,81,132,128,55,133,54,114,97,14,124,60,118"/><T125/><D115/><U101/><E123/><V29/><F113/><W59/><G114/><T130/><D125/><U49/><E73/><V95/><F127/><W12/><G124/><T2/><D2/><U23/><E105/><V3/><F38/><W8/><G118/><T77/><D107/><U126/><E126/><V63/><F3/><W121/><G121/><T50/><D39/><U10/><E90/><V70/><F1/><W31/><G31/><T76/><D66/><U58/><REACH who="1" step="1"/><E49/><REACH who="1" ten="250,240,250,250" step="2"/><V85/><F72/><W92/><G111/><T134/><D110/><U24/><AGARI ba="0,1" hai="4,10,13,17,23,24,56,57,58,84,86,87,100,101" machi="24" ten="30,8000,1" yaku="1,1,2,1,0,1,8,1,53,1" doraHai="48" doraHaiUra="11" who="1" fromWho="1" sc="250,-40,240,90,250,-20,250,-20" /><INIT seed="1,0,0,2,0,90" ten="210,330,230,230" oya="1" hai0="133,3,60,79,93,33,123,57,85,54,106,20,39" hai1="25,108,113,86,26,84,130,22,87,11,66,31,24" hai2="13,118,110,14,80,96,105,16,59,15,81,43,117" hai3="51,29,91,23,109,100,72,62,0,127,116,104,64"/><U125/><E113/><V128/><F110/><W56/><G0/><T135/><D33/><U61/><E108/><V119/><F128/><W103/><G109/><T74/><D3/><U115/><E115/><V71/><F71/><W49/><G72/><T73/><D39/><U5/><E125/><V77/><F43/><W50/><G127/><T120/><D106/><U132/><E132/><N who="0" m="50761" /><D20/><U4/><E130/><V78/><F59/><W52/><G116/><T6/><D6/><U65/><E5/><V126/><F126/><W101/><G91/><N who="0" m="53487" /><D79/><U9/><E66/><V10/><F105/><W114/><G114/><T40/><D40/><U46/><E46/><V45/><F45/><N who="3" m="27695" /><G104/><T34/><D34/><U44/><E44/><V42/><F42/><W17/><G29/><T32/><D32/><U102/><E102/><N who="3" m="26114" /><W12/><AGARI ba="0,0" hai="12,17,23,50,51,56,62,64" m="26114,27695" machi="12" ten="30,4000,0" yaku="4,1,8,1,54,1" doraHai="90" who="3" fromWho="3" sc="210,-10,330,-20,230,-10,230,40" /><INIT seed="2,0,0,1,2,112" ten="200,310,220,270" oya="2" hai0="50,113,63,55,77,43,71,124,108,111,102,64,67" hai1="41,29,99,130,5,54,35,91,6,79,110,57,81" hai2="31,12,85,80,131,42,3,13,134,30,47,70,88" hai3="7,48,117,98,21,114,119,121,69,95,103,28,101"/><V45/><F3/><W52/><G69/><T74/><D102/><U1/><E110/><N who="0" m="42025" /><D77/><U22/><E130/><V122/><F122/><W18/><G121/><T82/><D82/><U133/><E35/><V129/><F70/><W126/><G114/><T46/><D74/><U39/><E133/><V16/><F134/><W37/><G37/><N who="0" m="21871" /><D124/><U24/><E41/><V10/><F13/><W14/><G126/><T40/><D113/><U73/><E39/><V125/><F125/><W15/><G28/><N who="2" m="10793" /><F42/><W123/><G123/><T23/><D23/><U56/><E56/><V62/><F62/><W65/><G65/><N who="0" m="41407" /><D40/><U51/><E1/><V135/><F135/><W115/><G115/><T75/><D75/><U86/><E99/><V68/><F68/><W105/><G105/><T49/><D49/><U104/><E104/><V84/><F84/><W120/><G120/><T34/><D34/><U94/><AGARI ba="0,0" hai="5,6,22,24,29,51,54,57,73,79,81,86,91,94" machi="94" ten="20,1500,0" yaku="0,1,7,1" doraHai="112" who="1" fromWho="1" sc="200,-4,310,15,220,-7,270,-4" /><INIT seed="3,0,0,1,1,69" ten="196,325,213,266" oya="3" hai0="34,74,107,119,14,21,123,67,45,9,116,122,35" hai1="16,79,53,106,24,113,33,127,20,126,60,134,51" hai2="28,99,47,71,77,7,81,8,75,40,32,90,65" hai3="57,43,83,82,111,100,42,102,84,61,108,98,97"/><W58/><G84/><T36/><D107/><U114/><E106/><V3/><F90/><W46/><G46/><T49/><D74/><U63/><E33/><V59/><F59/><W30/><G30/><T22/><D67/><U128/><E79/><V44/><F99/><W37/><G61/><N who="1" m="23626" /><E128/><V101/><F101/><W120/><G120/><T70/><D70/><U96/><E96/><V62/><F44/><W23/><G23/><N who="0" m="8715" /><D36/><AGARI ba="0,0" hai="36,37,42,43,57,58,82,83,97,98,100,102,108,111" machi="36" ten="25,9600,0" yaku="22,2,52,2" doraHai="69" who="3" fromWho="0" sc="196,-96,325,0,213,0,266,96" /><INIT seed="3,1,0,2,5,67" ten="100,325,213,362" oya="3" hai0="68,77,9,12,53,18,126,15,76,33,96,98,115" hai1="35,109,94,31,54,121,132,80,87,99,17,46,26" hai2="14,119,34,6,8,72,92,97,37,25,129,27,102" hai3="39,70,117,7,122,71,75,65,0,83,125,100,23"/><W69/><G23/><T61/><D115/><U45/><E109/><V73/><F119/><W38/><G117/><T112/><D112/><U13/><E132/><V49/><F37/><N who="3" m="13835" /><G100/><T134/><D33/><U42/><E121/><V43/><F129/><W36/><G36/><T84/><D134/><U124/><E124/><V135/><F135/><W131/><G122/><T1/><D1/><U24/><E24/><V79/><F79/><N who="3" m="44543" /><G131/><T3/><D15/><U51/><E99/><V107/><F107/><W118/><G125/><T85/><D98/><U123/><E94/><V47/><F27/><W93/><G93/><T22/><D96/><U40/><E46/><V133/><F133/><W74/><G74/><T10/><D85/><U16/><E123/><V127/><F127/><W56/><G56/><T95/><D84/><U81/><E17/><V120/><F120/><W116/><G65/><N who="0" m="41007" /><D95/><U90/><REACH who="1" step="1"/><E81/><REACH who="1" ten="100,315,213,362" step="2"/><V44/><F44/><W101/><G101/><T64/><D126/><U108/><E108/><V58/><F34/><W114/><G114/><T50/><D18/><U63/><E63/><V5/><F25/><W86/><G86/><T106/><D106/><U32/><E32/><V19/><F19/><W52/><G118/><T89/><D77/><U111/><E111/><V60/><F5/><W29/><G116/><T105/><D76/><U110/><E110/><V128/><F128/><W113/><G113/><T30/><D105/><U41/><E41/><V78/><F78/><W11/><G29/><T28/><D28/><U57/><E57/><V55/><AGARI ba="1,1" hai="6,8,14,43,47,49,55,58,60,72,73,92,97,102" machi="55" ten="20,1500,0" yaku="0,1,7,1" doraHai="67" who="2" fromWho="2" sc="100,-5,315,-5,213,28,362,-8" /><INIT seed="4,0,0,4,0,103" ten="95,310,241,354" oya="0" hai0="97,68,117,59,75,77,30,74,94,46,24,42,123" hai1="124,33,53,88,62,57,93,126,0,12,87,108,31" hai2="121,115,109,2,99,37,112,13,122,39,18,104,116" hai3="84,111,51,14,20,95,16,47,45,58,7,128,65"/><T50/><D68/><U101/><E108/><V102/><F2/><W21/><G111/><T130/><D117/><U118/><E118/><V114/><F109/><W127/><G128/><T119/><D123/><U64/><E0/><V105/><F116/><W110/><G110/><T29/><D119/><U89/><E101/><V86/><F86/><W134/><G127/><N who="1" m="48682" /><E33/><V76/><F76/><W27/><G134/><T67/><D130/><U11/><E31/><V25/><F25/><W9/><G21/><T3/><D3/><U80/><E64/><V1/><F1/><W133/><G133/><T55/><D67/><U28/><E28/><V70/><F70/><W82/><G95/><T4/><D4/><N who="1" m="3175" /><E93/><V129/><F129/><W106/><G106/><N who="2" m="41065" /><F121/><W90/><REACH who="3" step="1"/><G51/><REACH who="3" ten="95,310,241,344" step="2"/><T6/><D6/><U52/><E53/><V125/><F122/><W36/><G36/><T8/><D8/><U44/><E44/><V10/><F125/><W17/><G17/><T79/><D30/><U69/><E69/><V23/><F10/><W40/><G40/><T96/><D75/><U26/><E26/><V135/><F135/><W107/><G107/><AGARI ba="0,1" hai="13,18,23,37,39,99,102,107,112,114,115" m="41065" machi="107" ten="40,8000,1" yaku="15,1,52,4" doraHai="103" who="2" fromWho="3" sc="95,0,310,0,241,90,344,-80" /><INIT seed="5,0,0,4,0,48" ten="95,310,331,264" oya="1" hai0="59,39,62,6,101,47,76,126,30,74,1,31,127" hai1="125,50,119,92,79,122,85,34,112,33,77,97,100" hai2="114,90,51,2,121,46,89,96,72,86,129,83,25" hai3="133,110,104,103,105,13,24,10,73,20,0,99,95"/><U65/><E119/><V44/><F121/><W91/><G110/><T40/><D101/><U54/><E122/><V78/><F2/><W23/><G73/><T63/><D31/><U109/><E109/><V118/><F118/><W35/><G133/><T26/><D62/><U15/><E112/><V132/><F132/><W117/><G0/><T29/><D29/><U116/><E116/><V87/><F129/><W43/><G117/><T61/><D61/><U55/><E65/><V113/><F25/><W37/><G37/><T22/><D74/><U135/><E135/><V52/><F96/><W49/><G35/><T53/><REACH who="0" step="1"/><D76/><REACH who="0" ten="85,310,331,264" step="2"/><U130/><E130/><V81/><F78/><W11/><G103/><T16/><D16/><U93/><E34/><V9/><F72/><W70/><G70/><T18/><D18/><U17/><E33/><V58/><F9/><AGARI ba="0,1" hai="1,6,9,22,26,30,39,40,47,53,59,63,126,127" machi="9" ten="40,5200,0" yaku="1,1,52,1,53,1" doraHai="48" doraHaiUra="36" who="0" fromWho="2" sc="85,62,310,0,331,-52,264,0" /><INIT seed="6,0,0,0,5,70" ten="147,310,279,264" oya="2" hai0="118,26,123,126,127,3,17,28,94,95,6,121,87" hai1="105,71,64,42,16,69,56,5,0,112,75,18,133" hai2="12,31,132,124,22,120,65,111,25,49,32,62,1" hai3="11,125,24,128,85,91,93,34,77,82,100,81,30"/><V58/><F120/><N who="0" m="46154" /><D94/><U10/><E105/><V101/><F1/><W40/><G128/><T113/><D95/><U68/><E75/><V27/><F124/><N who="0" m="47658" /><D87/><U102/><E102/><V86/><F132/><W43/><G125/><T63/><D63/><U73/><E73/><V115/><F115/><W135/><G135/><T57/><D57/><U60/><E133/><V96/><F12/><W107/><G82/><T92/><D92/><U36/><REACH who="1" step="1"/><E112/><REACH who="1" ten="147,300,279,264" step="2"/><V2/><F101/><W21/><G100/><T48/><D113/><U46/><AGARI ba="0,1" hai="0,5,10,16,18,36,42,46,56,60,64,68,69,71" machi="46" ten="40,8000,1" yaku="1,1,2,1,0,1,52,1,54,1,53,0" doraHai="70" doraHaiUra="90" who="1" fromWho="1" sc="147,-20,300,90,279,-40,264,-20" /><INIT seed="7,0,0,4,0,63" ten="127,390,239,244" oya="3" hai0="52,101,129,19,57,81,122,50,126,25,113,93,41" hai1="73,47,6,94,102,85,76,89,97,38,130,135,48" hai2="14,87,53,3,59,22,15,58,111,80,92,35,88" hai3="116,103,83,20,105,0,125,72,121,110,90,55,133"/><W70/><RYUUKYOKU type="yao9" ba="0,0" sc="127,0,390,0,239,0,244,0" hai3="0,20,55,70,72,83,90,103,105,110,116,121,125,133" /><INIT seed="7,1,0,4,2,111" ten="127,390,239,244" oya="3" hai0="46,15,127,9,31,12,55,128,67,14,11,99,75" hai1="129,64,80,116,16,90,135,117,115,50,56,81,113" hai2="95,19,102,107,85,112,37,17,34,82,124,18,1" hai3="126,103,121,92,88,39,42,57,97,119,4,86,0"/><W8/><G121/><T24/><D75/><U69/><E129/><V74/><F37/><W36/><G119/><N who="1" m="45642" /><E135/><V63/><F1/><W22/><G126/><T33/><D128/><U60/><E16/><V52/><F34/><W101/><G42/><T23/><D127/><U38/><E38/><V62/><F112/><N who="1" m="43081" /><E90/><V41/><F19/><W43/><G43/><T123/><D123/><U87/><E87/><V108/><F41/><W66/><G103/><T122/><D122/><U104/><E104/><V20/><F18/><W106/><REACH who="3" step="1"/><G22/><REACH who="3" ten="127,390,239,234" step="2"/><T98/><D67/><U6/><E6/><V109/><F124/><W65/><G65/><T68/><D68/><U120/><E120/><V47/><F102/><W79/><G79/><T84/><D84/><U51/><E69/><V72/><F85/><W70/><G70/><T71/><D71/><U2/><E2/><V32/><F20/><W130/><G130/><T131/><D131/><U93/><E93/><V118/><F95/><W134/><G134/><T44/><D33/><U13/><E13/><V35/><F35/><W73/><G73/><T5/><D55/><U96/><E96/><V21/><F32/><W59/><G59/><T26/><D26/><U110/><E110/><V7/><F109/><W94/><G94/><T125/><D125/><U61/><E64/><V53/><F108/><W30/><G30/><T105/><D105/><U58/><E58/><V29/><F107/><W54/><G54/><T28/><D28/><U77/><E56/><V83/><F29/><W132/><G132/><T114/><D114/><U133/><E133/><RYUUKYOKU ba="1,1" sc="127,-10,390,-10,239,-10,234,30" hai3="0,4,8,36,39,57,66,86,88,92,97,101,106" /><INIT seed="7,2,1,5,0,116" ten="117,380,229,264" oya="3" hai0="117,14,69,59,98,51,3,30,113,101,54,47,78" hai1="57,76,8,102,105,5,89,26,16,1,119,126,45" hai2="10,36,6,84,114,21,83,127,37,94,112,63,74" hai3="130,106,43,135,33,88,19,22,132,61,15,7,80"/><W48/><G106/><T32/><D117/><U13/><E119/><V38/><F74/><W100/><G100/><T81/><D3/><U123/><E123/><V18/><F94/><W124/><G33/><T41/><D69/><U107/><E126/><V82/><F127/><W29/><G124/><T87/><D113/><N who="2" m="43626" /><F63/><W4/><G29/><T92/><D32/><U44/><E76/><V90/><F83/><W20/><G20/><T77/><D30/><U121/><E121/><V56/><F56/><W25/><G61/><T110/><D110/><U73/><E73/><V97/><F97/><W0/><G0/><T64/><D64/><U134/><E134/><N who="3" m="51242" /><G25/><T91/><D41/><U39/><E26/><N who="2" m="14647" /><F37/><W70/><G70/><T99/><D99/><U66/><E39/><V65/><F65/><W95/><G80/><T60/><D60/><U115/><E115/><V128/><F128/><W75/><G75/><T35/><D35/><U109/><E102/><V40/><F40/><W108/><G130/><T120/><D120/><U131/><E131/><V58/><F58/><W27/><G27/><T85/><D85/><U133/><E133/><V125/><F125/><W17/><G108/><T68/><D68/><U93/><E109/><V79/><F79/><W129/><G129/><T9/><REACH who="0" step="1"/><D59/><REACH who="0" ten="107,380,229,264" step="2"/><U31/><E57/><V72/><F72/><W67/><G67/><T11/><D11/><N who="1" m="6207" /><E66/><V96/><F96/><W122/><G122/><T71/><D71/><U103/><E31/><V42/><F42/><W86/><G43/><T34/><D34/><U104/><E103/><V52/><F84/><AGARI ba="2,2" hai="1,5,8,44,45,84,89,93,104,105,107" m="6207" machi="84" ten="30,2000,0" yaku="6,1,54,1" doraHai="116" who="1" fromWho="2" sc="107,0,380,46,229,-26,264,0" owari="107,-39.0,426,53.0,203,-20.0,264,6.0" /></mjloggm>