<mjloggm ver="2.3"><GO type="41" lobby="0"/><UN n0="%E5%B0%B1%E6%B4%BB%E7%94%9F%40%E5%B7%9D%E6%9D%91%E8%BB%8D%E5%9B%A3" n1="%E3%81%9F%E3%81%91%E3%81%93%E3%81%97" n2="%78%78%78%78%78%78" n3="%79%79%6D%74%30%33%31%39" dan="17,14,15,13" rate="2178.95,1958.07,1996.69,1812.64" sx="M,M,M,M"/><TAIKYOKU oya="0"/><INIT seed="0,0,0,0,5,59" ten="250,250,250,250" oya="0" hai0="128,116,92,3,23,5,88,14,58,57,40,134,95" hai1="84,130,53,108,83,26,62,78,17,34,96,60,52" hai2="25,31,75,20,86,55,94,102,8,42,109,28,50" hai3="104,91,97,85,110,21,100,118,122,90,124,41,56"/><T13/><D116/><U19/><E108/><V106/><F109/><W68/><G118/><T33/><D33/><U80/><E130/><V93/><F75/><W47/><G122/><T126/><D128/><U99/><E34/><V105/><F42/><W10/><G110/><T72/><D72/><U133/><E133/><V71/><F71/><W113/><G113/><T27/><D134/><U103/><E26/><V9/><F28/><W29/><G124/><T121/><D121/><U111/><E111/><V36/><F36/><W12/><G68/><T0/><D40/><U49/><E103/><V46/><F106/><W82/><G29/><T18/><D126/><U123/><E123/><V79/><F105/><W63/><G21/><T44/><D44/><N who="1" m="27687" /><E83/><N who="2" m="47487" /><F102/><W129/><G129/><T61/><D95/><AGARI ba="0,0" hai="8,9,20,25,31,46,50,55,93,94,95" m="47487" machi="95" ten="30,1000,0" yaku="8,1" doraHai="59" who="2" fromWho="0" sc="250,-10,250,0,250,10,250,0" /><INIT seed="1,0,0,1,3,116" ten="240,250,260,250" oya="1" hai0="82,69,94,31,120,49,132,106,83,125,25,55,86" hai1="63,118,62,70,64,23,111,131,0,26,47,104,16" hai2="98,76,72,96,92,1,36,38,84,68,77,66,3" hai3="33,115,19,28,135,100,122,8,17,42,80,15,61"/><U85/><E118/><V110/><F110/><W130/><G115/><T71/><D106/><U13/><E131/><V59/><F68/><W10/><G130/><T44/><D125/><U87/><E111/><V119/><F119/><W11/><G100/><T101/><D132/><U18/><E104/><V12/><F12/><W126/><G42/><T7/><D7/><U27/><E0/><V112/><F84/><W57/><G135/><T29/><D29/><U89/><E62/><V6/><F112/><W56/><G126/><T108/><D108/><U113/><E113/><V81/><F77/><W20/><G80/><T46/><D46/><U40/><E89/><V2/><F98/><W30/><G56/><T90/><D120/><U24/><REACH who="1" step="1"/><E18/><REACH who="1" ten="240,240,260,250" step="2"/><N who="3" m="6666" /><G61/><T58/><D71/><U32/><E32/><V123/><F6/><N who="3" m="3479" /><G57/><T95/><D69/><U117/><E117/><V103/><F59/><W67/><G67/><T97/><D58/><U4/><E4/><V53/><F66/><W129/><G129/><T133/><D133/><U45/><E45/><V99/><F53/><W134/><G134/><T109/><D109/><U37/><AGARI ba="0,1" hai="13,16,23,24,26,27,37,40,47,63,64,70,85,87" machi="37" ten="30,18000,2" yaku="1,1,0,1,54,1,53,3" doraHai="116" doraHaiUra="22" who="1" fromWho="1" sc="240,-60,240,190,260,-60,250,-60" /><INIT seed="1,1,0,4,0,62" ten="180,430,200,190" oya="1" hai0="60,58,113,35,79,67,89,39,65,85,33,116,134" hai1="104,99,86,5,18,20,29,83,23,1,114,81,16" hai2="125,128,108,2,45,93,54,10,87,57,119,103,12" hai3="28,11,71,118,112,101,110,92,97,131,120,49,22"/><U130/><E114/><V111/><F119/><W27/><G112/><T19/><D113/><U127/><E130/><V117/><F117/><W91/><G120/><T43/><D116/><U78/><E127/><V105/><F2/><W26/><G118/><T52/><D134/><U63/><E29/><V88/><F128/><W4/><G131/><T68/><D79/><U30/><E5/><V80/><F125/><W75/><G75/><T8/><D35/><U129/><E1/><V107/><F45/><W3/><G110/><N who="2" m="42025" /><F103/><W96/><G71/><T66/><D33/><U82/><E129/><V53/><F93/><W135/><G135/><T59/><D39/><U9/><E30/><V51/><F54/><W69/><G69/><T56/><D43/><U126/><E126/><V132/><F132/><W25/><REACH who="3" step="1"/><G49/><REACH who="3" ten="180,430,200,180" step="2"/><T32/><D68/><U73/><E73/><V115/><F115/><W124/><G124/><T37/><D37/><U90/><E78/><V17/><AGARI ba="1,1" hai="10,12,17,51,53,57,80,87,88,105,107" m="42025" machi="17" ten="30,2000,0" yaku="14,1,54,1" doraHai="62" who="2" fromWho="2" sc="180,-6,430,-11,200,33,180,-6" /><INIT seed="2,0,0,2,1,63" ten="174,419,233,174" oya="2" hai0="76,58,85,118,65,26,32,135,102,9,8,96,99" hai1="15,120,35,3,115,71,68,107,97,44,27,94,22" hai2="33,40,39,130,92,36,30,54,72,133,19,100,122" hai3="75,48,62,52,10,73,31,50,84,108,111,64,14"/><V74/><F122/><W17/><G31/><T69/><D135/><U16/><E115/><V103/><F133/><W98/><G98/><T89/><D118/><U7/><E107/><V81/><F130/><W37/><G37/><T67/><D69/><U13/><E120/><V42/><F54/><W123/><G123/><T87/><D26/><U41/><E15/><V34/><F19/><W88/><G48/><T18/><D58/><U29/><E94/><V25/><F92/><W49/><G49/><T11/><D32/><N who="2" m="12394" /><F25/><W104/><G104/><T90/><D76/><U46/><E97/><N who="0" m="37449" /><D18/><U114/><E114/><V117/><F81/><W110/><G75/><N who="2" m="28713" /><F30/><W128/><G128/><T55/><D55/><U59/><E59/><V105/><F117/><W1/><G73/><T21/><D21/><U53/><E53/><V109/><F105/><W60/><G1/><T80/><D102/><N who="2" m="38954" /><F109/><W43/><G43/><AGARI ba="0,0" hai="36,39,40,42,43" m="38954,28713,12394" machi="43" ten="40,3900,0" yaku="28,2" doraHai="63" who="2" fromWho="3" sc="174,0,419,0,233,39,174,-39" /><INIT seed="2,1,0,1,4,48" ten="174,419,272,135" oya="2" hai0="102,107,56,133,116,71,51,30,53,42,135,4,115" hai1="88,125,29,94,132,76,5,117,90,9,91,59,27" hai2="134,8,119,82,37,126,75,14,22,40,20,28,25" hai3="112,55,73,95,16,101,47,78,64,118,77,72,63"/><V100/><F119/><W93/><G118/><T123/><D107/><U49/><E117/><V85/><F75/><W12/><G112/><T98/><D116/><U97/><E76/><N who="3" m="29290" /><G73/><T113/><D30/><U108/><E108/><V127/><F100/><W65/><G72/><T120/><D4/><U66/><E132/><N who="0" m="50761" /><D98/><U54/><E125/><N who="2" m="47627" /><F134/><W35/><G35/><T57/><D102/><U61/><E27/><V103/><F103/><W2/><G2/><T44/><D57/><U62/><E29/><V86/><F37/><W13/><G101/><T17/><D17/><U3/><E62/><V129/><F40/><W6/><G6/><T41/><D71/><AGARI ba="1,0" hai="3,5,9,49,54,59,61,66,71,88,90,91,94,97" machi="71" ten="30,3900,0" yaku="7,1,52,1,54,1" doraHai="48" who="1" fromWho="0" sc="174,-42,419,42,272,0,135,0" /><INIT seed="3,0,0,3,4,19" ten="132,461,272,135" oya="3" hai0="18,58,39,111,40,23,86,57,127,109,68,74,115" hai1="104,31,1,125,15,17,135,88,99,80,133,12,55" hai2="46,13,16,96,85,110,2,3,97,70,7,131,51" hai3="11,116,121,117,91,35,61,130,65,76,28,27,38"/><W50/><G121/><T119/><D74/><U30/><E1/><V52/><F70/><W34/><G38/><T9/><D119/><U59/><E125/><V60/><F131/><W132/><G132/><T113/><D68/><U120/><E120/><V123/><F110/><N who="0" m="41994" /><D127/><U90/><E104/><V6/><F3/><W134/><G134/><N who="1" m="51210" /><E15/><V44/><F60/><W95/><G130/><T112/><D9/><N who="1" m="6287" /><E80/><V122/><F2/><W29/><G76/><T106/><D106/><U103/><E103/><V47/><F123/><W128/><G128/><T83/><D40/><U53/><E53/><V126/><F122/><W5/><G50/><T20/><D39/><U75/><E75/><V100/><F126/><W45/><G45/><N who="2" m="17513" /><F100/><W62/><G62/><T26/><D23/><U98/><E99/><N who="2" m="37963" /><F85/><W36/><G36/><T33/><D33/><U87/><E98/><V32/><F32/><W78/><G78/><AGARI ba="0,0" hai="18,20,26,57,58,78,83,86,112,113,115" m="41994" machi="78" ten="40,5200,0" yaku="11,1,14,1,52,1" doraHai="19" who="0" fromWho="3" sc="132,52,461,0,272,0,135,-52" /><INIT seed="4,0,0,2,0,134" ten="184,461,272,83" oya="0" hai0="120,49,119,34,94,101,95,74,97,106,96,3,50" hai1="130,36,105,42,63,19,15,70,58,103,79,126,115" hai2="64,20,78,111,132,25,108,45,51,92,135,13,48" hai3="81,41,16,112,128,40,71,66,86,100,77,11,91"/><T44/><D119/><U28/><E28/><V60/><F78/><W5/><G128/><T123/><D34/><U89/><E70/><V107/><F107/><W8/><G112/><T62/><D3/><U61/><E79/><V114/><F114/><W59/><G100/><T131/><D74/><U129/><E89/><V54/><F13/><W17/><G71/><T76/><D131/><U72/><E72/><V43/><F92/><W24/><G77/><T32/><D32/><U127/><E115/><V4/><F4/><W73/><G73/><T98/><D76/><U80/><E80/><V75/><F75/><W88/><G91/><T33/><D33/><U27/><E27/><V22/><F22/><N who="3" m="13383" /><G5/><T67/><D106/><U133/><E42/><N who="3" m="16490" /><G17/><T29/><D29/><U125/><E36/><V35/><F35/><W52/><G66/><T26/><D26/><U65/><E63/><AGARI ba="0,0" hai="8,11,52,59,63,81,86,88" m="16490,13383" machi="63" ten="30,7700,0" yaku="8,1,54,3" doraHai="134" who="3" fromWho="1" sc="184,0,461,-77,272,0,83,77" /><INIT seed="5,0,0,1,0,92" ten="184,384,272,160" oya="1" hai0="84,42,43,49,59,94,22,82,116,99,74,98,80" hai1="24,67,121,129,50,135,79,124,2,54,109,66,3" hai2="9,62,71,58,122,126,133,96,118,16,100,31,44" hai3="30,119,38,15,40,64,56,21,78,131,113,120,95"/><U107/><E121/><V112/><F71/><W28/><G120/><T0/><D0/><U101/><E79/><V6/><F118/><W35/><G119/><T75/><D116/><U61/><E24/><V55/><F122/><W1/><G113/><T27/><D75/><U134/><E109/><V117/><F117/><W103/><G131/><T25/><D74/><U32/><E32/><V39/><F133/><N who="1" m="50697" /><E129/><V8/><F126/><W125/><G125/><T60/><D27/><U41/><E41/><N who="0" m="15369" /><D94/><U36/><E36/><V52/><F39/><W104/><G104/><T115/><D49/><U111/><E111/><V89/><F89/><W34/><G1/><N who="1" m="10" /><E61/><V17/><F31/><W110/><G78/><N who="0" m="46103" /><D82/><U33/><E33/><V93/><F112/><W51/><G110/><T72/><D72/><U29/><E29/><V90/><F100/><W83/><G38/><T123/><D123/><U114/><E114/><V105/><F105/><W23/><G35/><T91/><D91/><U128/><E128/><V70/><F70/><W132/><G34/><T57/><D115/><U88/><E88/><V48/><F6/><W106/><G132/><T37/><D37/><U85/><E85/><V97/><F97/><N who="0" m="36874" /><D60/><U47/><E124/><V86/><F96/><AGARI ba="0,0" hai="47,50,54,66,67,96,101,107" m="10,50697" machi="96" ten="30,2900,0" yaku="20,1,52,1" doraHai="92" who="1" fromWho="2" sc="184,0,384,29,272,-29,160,0" /><INIT seed="5,1,0,1,0,121" ten="184,413,243,160" oya="1" hai0="32,18,124,58,23,86,101,56,35,115,19,42,79" hai1="84,111,83,66,63,78,30,80,2,129,133,54,28" hai2="25,3,70,62,118,100,53,33,37,14,125,135,123" hai3="49,40,60,50,72,47,82,8,75,9,27,119,107"/><U7/><E129/><V59/><F3/><W113/><G107/><T77/><D42/><U22/><E133/><V57/><F118/><W76/><G113/><T85/><D115/><U38/><E38/><V132/><F70/><W69/><G119/><T5/><D23/><U128/><E128/><V73/><F73/><W16/><G72/><T90/><D90/><U1/><E54/><V15/><F123/><W127/><G127/><T110/><D5/><U122/><E122/><V104/><F37/><W97/><G97/><T91/><D91/><U21/><E7/><V0/><F0/><W45/><G69/><T95/><D95/><U65/><E84/><V93/><F104/><W134/><G60/><T74/><D74/><U98/><E63/><V117/><F125/><W64/><G64/><T120/><D120/><U109/><E98/><N who="2" m="59471" /><F59/><W67/><G67/><T51/><D124/><U130/><E130/><V87/><F87/><N who="3" m="48583" /><G134/><N who="2" m="51241" /><F117/><W4/><G4/><T96/><D96/><U106/><E106/><V52/><F53/><N who="3" m="29871" /><G75/><T6/><D6/><U43/><E78/><V39/><F39/><W92/><G92/><T17/><D101/><U29/><REACH who="1" step="1"/><E29/><AGARI ba="1,0" hai="14,15,25,29,33,52,57,62" m="51241,59471" machi="29" ten="30,2000,0" yaku="20,1,54,1" doraHai="121" who="2" fromWho="1" sc="184,0,413,-23,243,23,160,0" /><INIT seed="6,0,0,3,2,129" ten="184,390,266,160" oya="2" hai0="16,27,78,71,108,65,39,76,1,61,25,99,90" hai1="119,18,12,126,47,36,107,38,32,79,109,20,96" hai2="89,21,53,111,28,106,52,7,122,88,60,62,26" hai3="113,34,19,51,23,5,115,95,70,92,8,128,132"/><V11/><F106/><W15/><G70/><T75/><D108/><U120/><E109/><V117/><F111/><W73/><G73/><T42/><D1/><U66/><E119/><V48/><F117/><W105/><G105/><T130/><D130/><U91/><E32/><V104/><F104/><W30/><G51/><T125/><D125/><U37/><E79/><V127/><F127/><W131/><G92/><T63/><D39/><U98/><E96/><V33/><F33/><W93/><G93/><T3/><D3/><U102/><E120/><V31/><F31/><W41/><G41/><T134/><D42/><U82/><E66/><V40/><F40/><W2/><G95/><T55/><D99/><U101/><E101/><V81/><F53/><W77/><G77/><T135/><D90/><N who="2" m="34922" /><F81/><W80/><G80/><T56/><D27/><U22/><E82/><V46/><F122/><W29/><G29/><T69/><D69/><U123/><E123/><V72/><F72/><W86/><G86/><T9/><D75/><U59/><E37/><V103/><F103/><W87/><G87/><T10/><D78/><U133/><E38/><V13/><AGARI ba="0,0" hai="7,11,13,21,26,28,46,48,52,60,62" m="34922" machi="13" ten="30,6000,0" yaku="8,1,54,2" doraHai="129" who="2" fromWho="2" sc="184,-20,390,-20,266,60,160,-20" /><INIT seed="6,1,0,4,1,22" ten="164,370,326,140" oya="2" hai0="62,113,111,118,129,10,97,64,121,131,120,73,91" hai1="33,18,72,107,63,133,70,84,51,6,125,61,130" hai2="55,27,117,134,85,132,98,78,102,115,116,82,15" hai3="45,47,89,35,24,100,37,28,68,49,75,69,39"/><V8/><F27/><W96/><G75/><T83/><D73/><U4/><E33/><V50/><F115/><W81/><G81/><T67/><D10/><U26/><E107/><V41/><F41/><W9/><G9/><T43/><D83/><U66/><E72/><V122/><F122/><W23/><G89/><T106/><D91/><U88/><E130/><V57/><F134/><W52/><G35/><T36/><D97/><U110/><E110/><V86/><F86/><W21/><G21/><T119/><D106/><U79/><E79/><V90/><F78/><W2/><G2/><T32/><D32/><U80/><E125/><V16/><REACH who="2" step="1"/><F132/><REACH who="2" ten="164,370,316,140" step="2"/><W59/><G37/><T77/><D77/><U30/><E133/><V114/><F114/><W101/><G39/><T7/><D113/><U109/><E109/><V94/><AGARI ba="1,1" hai="8,15,16,50,55,57,82,85,90,94,98,102,116,117" machi="94" ten="20,7800,0" yaku="1,1,0,1,7,1,54,1,53,0" doraHai="22" doraHaiUra="38" who="2" fromWho="2" sc="164,-27,370,-27,316,91,140,-27" /><INIT seed="6,2,0,0,5,92" ten="137,343,407,113" oya="2" hai0="6,49,10,86,106,105,98,75,41,14,35,94,30" hai1="91,132,1,12,21,56,123,118,129,131,8,58,81" hai2="117,88,125,48,114,34,65,108,122,110,77,7,36" hai3="85,24,42,17,96,23,116,62,2,55,83,15,50"/><V97/><F36/><W82/><G116/><T37/><D75/><U32/><E118/><V71/><F114/><W112/><G2/><T119/><D37/><U38/><E38/><V61/><F77/><W104/><G112/><T29/><D119/><U51/><E32/><V68/><F34/><W70/><G42/><T59/><D35/><U57/><E1/><V64/><F117/><W43/><G43/><T39/><D39/><U52/><E132/><V46/><F122/><W89/><G70/><T27/><D105/><U90/><E21/><V109/><F7/><W44/><G62/><T111/><D106/><U73/><E123/><V26/><F26/><W76/><G24/><T22/><D86/><N who="1" m="50511" /><E91/><V74/><F74/><W78/><REACH who="3" step="1"/><G83/><REACH who="3" ten="137,343,407,103" step="2"/><T19/><D111/><U54/><E51/><V3/><F3/><W4/><G4/><T99/><D41/><U102/><E73/><V60/><F125/><W11/><G11/><T115/><D115/><U28/><E129/><V107/><F48/><W80/><G80/><T53/><D94/><U16/><E131/><V127/><F127/><W33/><G33/><T120/><D120/><U45/><E45/><V121/><F46/><W79/><G79/><T130/><D130/><U18/><E28/><AGARI ba="2,1" hai="6,10,14,19,22,27,28,29,30,49,53,59,98,99" machi="28" ten="40,5200,0" yaku="8,1,52,2" doraHai="92" who="0" fromWho="1" sc="137,68,343,-58,407,0,103,0" /><INIT seed="7,0,0,2,0,76" ten="205,285,407,103" oya="3" hai0="94,80,126,99,14,3,116,27,8,28,11,2,24" hai1="115,43,135,87,110,22,92,113,103,132,127,133,64" hai2="107,85,73,0,72,39,21,108,17,66,32,112,34" hai3="114,44,109,45,67,40,68,60,53,51,58,105,49"/><W83/><G105/><T5/><D116/><U6/><E110/><V117/><F0/><W134/><G109/><T97/><D126/><U102/><E6/><V128/><F108/><W89/><G134/><T23/><D99/><U70/><E43/><V55/><F39/><N who="3" m="21535" /><G89/><T77/><D27/><U69/><E22/><V119/><F107/><W81/><G114/><N who="1" m="43530" /><E127/><V82/><F112/><W63/><G63/><T93/><D93/><U86/><E64/><V37/><F37/><W46/><G46/><T120/><D120/><U62/><E62/><V12/><F66/><W71/><G71/><N who="1" m="27146" /><E92/><V122/><F128/><W129/><G129/><T50/><D50/><U16/><E16/><V104/><F104/><W56/><G56/><T124/><D124/><U1/><E1/><V101/><F101/><AGARI ba="0,0" hai="86,87,101,102,103,132,133,135" m="27146,43530" machi="101" ten="40,8000,1" yaku="28,2,20,1,15,1" doraHai="76" who="1" fromWho="2" sc="205,0,285,80,407,-80,103,0" owari="205,-19.0,365,46.0,327,13.0,103,-40.0" /></mjloggm>