<mjloggm ver="2.3"><GO type="169" lobby="0"/><UN n0="%E3%82%A6%E3%83%AB%E3%83%88%E3%83%A9%E7%AB%8B%E7%9B%B4" n1="%E3%81%9C%E3%82%8D%E3%82%81%E3%81%90" n2="%E3%81%A1%E3%81%AA%E3%81%A4%E7%84%A1%E5%8F%8C%EF%BC%81" n3="%E9%8A%AD%E5%BD%A2" dan="16,16,16,16" rate="2166.91,2120.68,2051.44,2056.00" sx="M,F,M,M"/><TAIKYOKU oya="0"/><INIT seed="0,0,0,2,4,38" ten="250,250,250,250" oya="0" hai0="44,57,23,59,3,18,77,15,19,71,36,121,82" hai1="112,88,101,65,124,10,83,21,27,5,84,89,63" hai2="68,103,79,30,32,100,51,127,108,115,4,87,128" hai3="104,7,129,99,0,46,125,61,55,133,66,29,42"/><T134/><D121/><U56/><E112/><V72/><F115/><W28/><G133/><T97/><D134/><U95/><E124/><V16/><F72/><W41/><G125/><T85/><D71/><U80/><E101/><V40/><F68/><W75/><G75/><T22/><D3/><U102/><E102/><V81/><F127/><W2/><G104/><T130/><D97/><U33/><E33/><V91/><F128/><W6/><G99/><T119/><D119/><U48/><E48/><V113/><F113/><W58/><G129/><T1/><D1/><U94/><E10/><V120/><F120/><W25/><G0/><T17/><D130/><U69/><E5/><N who="3" m="1546" /><G2/><T107/><D107/><U24/><E69/><V74/><F4/><W86/><G86/><T9/><D9/><U34/><E34/><V117/><F117/><W13/><G13/><T116/><D116/><U52/><E65/><V118/><F118/><W110/><G110/><T54/><D19/><N who="1" m="12351" /><E27/><V123/><F123/><W37/><G37/><T20/><D20/><U67/><E67/><V73/><F73/><W106/><G106/><T98/><D98/><AGARI ba="0,0" hai="52,56,63,80,83,84,88,89,94,95,98" m="12351" machi="98" ten="30,7700,0" yaku="25,1,8,1,54,2" doraHai="38" who="1" fromWho="0" sc="250,-77,250,77,250,0,250,0" /><INIT seed="1,0,0,1,3,32" ten="173,327,250,250" oya="1" hai0="12,24,86,60,3,43,123,48,0,132,34,131,100" hai1="124,89,41,71,104,90,129,19,93,50,98,57,5" hai2="97,94,79,135,85,133,7,44,47,29,109,49,22" hai3="39,106,108,10,42,76,119,59,84,115,11,31,1"/><U80/><E71/><V65/><F109/><W101/><G108/><T91/><D100/><U61/><E104/><V25/><F65/><W83/><G115/><T112/><D112/><U2/><E124/><V120/><F120/><W52/><G31/><T102/><D102/><U51/><E129/><V33/><F7/><N who="3" m="1391" /><G11/><T26/><D131/><U18/><E2/><V122/><F47/><N who="3" m="24031" /><G101/><T81/><D123/><U111/><E5/><V55/><F122/><W64/><G64/><T63/><D132/><U95/><E80/><V36/><F36/><W62/><G84/><T67/><D12/><U14/><E111/><V6/><F6/><W37/><G37/><T40/><D60/><U58/><E41/><V73/><F85/><W127/><G127/><T78/><D91/><U88/><E90/><V16/><F33/><W117/><G106/><T77/><D77/><U46/><E46/><V103/><REACH who="2" step="1"/><F29/><REACH who="2" ten="173,327,240,250" step="2"/><W54/><G54/><T8/><D40/><U116/><E116/><N who="3" m="44618" /><G83/><AGARI ba="0,1" hai="16,22,25,44,49,55,73,79,83,94,97,103,133,135" machi="83" ten="40,2600,0" yaku="1,1,54,1,53,0" doraHai="32" doraHaiUra="35" who="2" fromWho="3" sc="173,0,327,0,240,36,250,-26" /><INIT seed="2,0,0,0,5,66" ten="173,327,276,224" oya="2" hai0="50,46,115,86,119,12,6,38,53,64,124,43,114" hai1="19,67,40,76,131,16,94,7,37,83,116,108,57" hai2="103,135,125,25,21,69,24,117,68,102,132,28,42" hai3="110,100,111,129,89,74,22,101,62,85,99,87,92"/><V44/><F117/><W33/><G33/><T109/><D6/><U81/><E116/><V51/><F125/><W47/><G47/><T55/><D119/><U23/><E108/><N who="3" m="41514" /><G22/><T36/><D12/><U31/><E31/><V49/><F49/><W52/><G62/><T126/><D86/><N who="3" m="32777" /><G52/><N who="0" m="20043" /><D109/><U77/><E7/><V84/><F84/><N who="3" m="52263" /><G129/><T82/><D82/><U10/><E83/><V29/><F29/><W134/><G134/><N who="2" m="51241" /><F25/><W98/><G74/><T72/><D72/><U106/><E131/><V27/><F27/><W104/><G104/><T3/><D3/><U2/><E106/><V128/><F128/><W13/><G13/><T127/><D64/><U112/><E67/><V80/><F80/><W20/><G20/><T70/><D70/><AGARI ba="0,0" hai="21,24,28,42,44,51,68,69,70,102,103" m="51241" machi="70" ten="30,11600,0" yaku="20,1,52,3" doraHai="66" who="2" fromWho="0" sc="173,-116,327,0,276,116,224,0" /><INIT seed="2,1,0,0,5,35" ten="57,327,392,224" oya="2" hai0="64,36,82,33,49,40,119,59,92,51,69,20,109" hai1="116,27,112,71,23,56,99,42,26,72,7,32,4" hai2="118,65,46,41,16,126,14,85,134,10,67,24,131" hai3="25,100,8,87,96,101,31,39,17,2,97,48,86"/><V123/><BYE who="0" /><F118/><W0/><G39/><T133/><D133/><U22/><E71/><V105/><F123/><UN n0="%E3%82%A6%E3%83%AB%E3%83%88%E3%83%A9%E7%AB%8B%E7%9B%B4" /><W55/><G17/><T30/><D33/><U110/><E32/><V6/><F105/><W13/><G13/><T34/><D119/><U95/><E72/><V108/><F134/><W128/><G128/><T91/><D34/><U50/><E112/><V132/><F132/><W79/><G8/><T54/><D109/><U47/><E110/><V1/><F108/><W5/><G5/><T84/><D69/><U111/><E111/><V66/><F131/><W90/><G79/><T135/><D36/><U70/><E70/><V28/><F85/><W106/><G25/><T9/><D135/><U104/><E104/><V18/><F126/><W11/><G11/><T12/><D64/><U19/><E56/><V124/><F124/><W121/><G31/><T125/><D125/><U37/><E37/><V122/><F122/><W57/><G121/><T89/><D30/><U76/><E76/><V15/><F28/><W58/><G58/><T43/><D51/><U44/><E44/><V81/><F81/><W117/><G117/><T78/><D78/><U98/><E98/><V74/><F74/><W83/><G87/><T113/><D113/><U80/><E80/><V88/><F24/><W114/><G114/><T75/><D75/><U73/><E73/><V130/><F130/><W127/><G127/><T103/><D103/><N who="1" m="60927" /><E116/><V102/><F102/><W53/><G55/><T61/><D82/><U29/><AGARI ba="1,0" hai="4,7,19,22,23,26,27,29,42,47,50" m="60927" machi="29" ten="30,1100,0" yaku="8,1" doraHai="35" who="1" fromWho="1" sc="57,-4,327,14,392,-6,224,-4" /><INIT seed="3,0,0,0,5,17" ten="53,341,386,220" oya="3" hai0="122,67,104,75,134,70,37,60,10,64,51,102,38" hai1="50,68,118,73,77,96,31,4,0,29,39,15,81" hai2="117,135,124,100,20,126,1,78,66,12,84,57,35" hai3="53,28,109,19,76,41,26,58,14,92,25,79,24"/><W116/><G116/><T52/><D75/><U61/><E118/><V74/><F35/><W56/><G41/><T133/><D102/><U120/><E39/><N who="0" m="14857" /><D104/><U132/><E120/><V27/><F1/><W103/><G109/><T5/><D10/><U108/><E0/><V119/><F74/><W89/><G103/><T54/><D5/><U30/><E108/><V42/><F42/><W115/><G115/><T80/><D80/><U107/><E50/><V59/><F135/><N who="0" m="51722" /><D122/><U129/><E132/><V47/><F12/><W72/><G28/><T101/><D101/><U97/><E107/><V3/><F3/><W65/><G65/><N who="0" m="41255" /><D54/><U95/><E73/><V6/><F6/><W46/><G72/><T130/><D130/><U18/><E4/><V2/><F2/><W11/><G76/><T55/><D55/><U36/><E77/><V88/><F78/><W131/><G79/><T110/><D110/><U105/><E105/><V86/><F100/><W69/><G131/><T90/><D90/><U91/><E91/><V33/><F117/><W44/><G69/><T114/><D114/><U13/><E68/><V16/><F119/><W106/><G106/><T128/><D128/><U93/><E129/><V85/><F88/><W113/><G113/><T87/><D87/><U21/><E31/><V43/><F33/><W62/><G58/><AGARI ba="0,0" hai="51,52,58,64,67" m="41255,51722,14857" machi="58" ten="30,7700,0" yaku="20,1,34,2,54,1" doraHai="17" who="0" fromWho="3" sc="53,77,341,0,386,0,220,-77" /><INIT seed="4,0,0,0,2,11" ten="130,341,386,143" oya="0" hai0="103,46,52,115,127,104,129,61,38,119,101,86,57" hai1="5,74,134,45,118,60,30,121,22,135,37,44,133" hai2="92,42,96,97,40,21,31,85,43,108,32,83,88" hai3="102,35,122,93,0,50,130,41,114,34,107,68,12"/><T100/><D119/><U70/><E118/><V55/><F32/><W77/><G114/><T64/><D115/><U89/><E121/><V4/><F108/><W8/><G0/><T9/><D129/><U23/><E74/><V63/><F4/><W39/><G39/><T20/><D127/><U132/><E132/><V36/><F36/><W25/><G68/><T56/><D20/><U99/><E5/><V48/><F63/><W27/><G130/><T66/><D104/><U128/><E128/><V28/><F21/><N who="1" m="7689" /><E30/><N who="2" m="11307" /><F83/><W51/><G107/><T79/><D38/><U110/><E110/><V10/><F10/><W16/><G35/><T98/><D9/><U106/><E37/><V76/><F76/><W94/><G122/><T67/><D46/><AGARI ba="0,0" hai="40,42,43,46,48,55,85,88,92,96,97" m="11307" machi="46" ten="30,2000,0" yaku="8,1,54,1" doraHai="11" who="2" fromWho="0" sc="130,-20,341,0,386,20,143,0" /><INIT seed="5,0,0,5,4,93" ten="110,341,406,143" oya="1" hai0="0,44,94,16,41,115,38,84,18,131,112,110,46" hai1="119,77,100,37,34,129,53,62,74,2,123,121,6" hai2="66,70,120,98,13,87,22,124,23,58,40,32,107" hai3="103,20,55,76,125,109,90,99,61,8,105,50,72"/><U126/><E119/><V78/><F120/><W63/><G109/><T5/><D110/><U28/><E37/><V3/><F32/><W51/><G125/><T31/><D31/><U11/><E126/><V25/><F3/><W133/><G133/><T83/><D131/><U127/><E129/><V91/><F70/><W116/><G116/><T101/><D46/><U7/><E127/><V122/><F122/><W86/><G8/><T14/><D5/><U17/><E7/><V85/><F40/><W43/><G43/><T52/><D0/><U134/><E134/><V113/><F113/><N who="0" m="43594" /><D14/><U81/><E17/><V39/><F39/><W96/><G50/><T35/><D35/><U79/><E79/><V57/><F78/><W30/><G76/><N who="0" m="46183" /><D52/><U118/><E118/><V26/><F13/><W10/><G72/><T4/><D4/><U130/><E130/><V47/><F47/><N who="3" m="28159" /><G10/><T65/><D65/><U128/><E128/><V111/><F66/><W60/><G105/><T64/><D64/><U59/><E34/><V33/><F33/><W73/><G73/><T9/><D9/><U102/><E123/><V95/><F107/><W42/><G42/><T114/><N who="0" m="43602" /><T97/><AGARI ba="0,0" hai="16,18,38,41,44,94,97,101" m="46183,43602" machi="97" ten="40,8000,1" yaku="4,1,15,1,52,1,54,1" doraHai="93" who="0" fromWho="0" sc="110,80,341,-40,406,-20,143,-20" /><INIT seed="6,0,0,0,3,7" ten="190,301,386,123" oya="2" hai0="66,110,18,62,12,3,34,67,50,58,132,70,32" hai1="115,10,124,23,73,53,95,82,131,106,94,59,0" hai2="25,109,74,4,108,39,69,134,43,105,16,126,72" hai3="52,91,129,100,17,1,85,76,119,113,30,84,33"/><V116/><F105/><W46/><G119/><T2/><D110/><N who="2" m="42602" /><F116/><W54/><G129/><T35/><D132/><U90/><E106/><V123/><F123/><W56/><G1/><T102/><D102/><U77/><E131/><V130/><F69/><W29/><G100/><T19/><D50/><U127/><E115/><V111/><F130/><W98/><G113/><T8/><REACH who="0" step="1"/><D19/><REACH who="0" ten="180,301,386,123" step="2"/><U103/><E103/><V107/><F134/><W122/><G17/><T79/><D79/><U26/><E77/><V61/><F111/><W21/><G76/><T5/><D5/><U112/><E112/><V101/><F4/><W128/><G122/><T121/><D121/><U78/><E78/><V27/><F16/><W135/><G128/><T37/><D37/><U64/><E127/><V63/><F126/><W11/><G135/><T31/><D31/><U81/><E124/><V117/><F117/><W28/><G33/><T97/><D97/><U24/><E73/><V36/><F36/><W86/><G98/><T75/><D75/><U51/><E51/><V125/><F125/><W13/><G46/><T65/><D65/><U89/><E64/><V87/><F101/><W57/><G30/><T41/><D41/><U92/><E90/><V22/><F43/><W118/><G29/><T93/><D93/><U71/><E89/><V99/><F39/><W48/><G91/><T80/><D80/><U60/><E82/><V104/><F72/><W114/><G118/><T9/><D9/><U68/><E81/><V40/><F74/><W42/><G42/><T55/><D55/><U15/><E53/><RYUUKYOKU ba="0,1" sc="180,30,301,-10,386,-10,123,-10" hai0="2,3,8,12,18,32,34,35,58,62,66,67,70" /><INIT seed="7,1,1,1,2,38" ten="210,291,376,113" oya="3" hai0="54,64,71,129,57,31,3,115,91,11,116,18,36" hai1="112,66,133,68,56,130,110,105,102,69,70,86,55" hai2="58,49,118,2,24,51,67,25,111,99,134,62,120" hai3="125,32,1,77,80,35,19,88,107,14,113,63,96"/><W26/><G113/><T123/><D115/><U47/><E112/><V61/><F2/><W28/><G125/><T23/><D31/><U103/><E110/><V6/><F118/><W40/><G1/><T5/><D123/><U101/><E105/><V81/><F111/><W7/><G35/><T41/><D116/><U90/><E133/><V16/><F6/><W34/><G32/><T114/><D114/><U104/><E104/><V128/><F128/><W44/><G7/><T42/><D36/><U13/><E66/><V124/><F134/><W126/><G126/><T52/><D54/><U127/><E130/><V121/><F124/><W46/><G63/><T132/><D64/><U53/><E47/><V48/><F81/><W27/><G44/><T9/><D9/><U109/><E109/><V93/><F16/><W72/><G107/><T85/><D71/><U0/><E0/><V97/><F97/><W83/><G34/><T60/><D129/><U79/><E55/><V37/><F37/><W39/><G28/><T131/><D131/><U78/><E53/><V15/><F62/><W119/><G119/><T17/><D132/><U75/><E69/><V89/><F15/><W73/><G73/><T95/><D18/><U84/><E75/><V45/><F45/><W108/><G108/><T117/><D117/><U59/><E70/><V12/><F12/><AGARI ba="1,1" hai="3,5,11,12,17,23,41,42,52,57,60,85,91,95" machi="12" ten="30,7700,0" yaku="7,1,52,2,54,1" doraHai="38" who="0" fromWho="2" sc="210,90,291,0,376,-80,113,0" owari="300,40.0,291,-11.0,296,10.0,113,-39.0" /></mjloggm>