<mjloggm ver="2.3"><GO type="169" lobby="0"/><UN n0="%67%6F%73%68%69%6B%6B%75" n1="%6B%6F%6B%75%73%68%69%61" n2="%E5%B0%B1%E6%B4%BB%E7%94%9F%40%E5%B7%9D%E6%9D%91%E8%BB%8D%E5%9B%A3" n3="%E2%98%86%E5%AE%AE%E6%B0%B8%E7%85%A7%E3%81%A1%E3%82%83%E3%82%93%E2%98%86" dan="16,16,17,16" rate="2180.80,2079.74,2222.13,2144.87" sx="F,M,M,M"/><TAIKYOKU oya="0"/><INIT seed="0,0,0,4,5,66" ten="250,250,250,250" oya="0" hai0="75,34,96,59,33,81,22,39,8,24,86,49,37" hai1="132,53,45,128,14,7,6,95,35,73,40,56,67" hai2="115,60,2,0,46,23,3,38,17,102,29,57,52" hai3="135,20,32,122,121,79,69,130,28,99,124,123,48"/><T94/><D75/><U113/><E73/><V104/><F115/><W127/><G32/><T103/><D8/><U65/><E113/><V25/><F104/><W9/><G79/><T84/><D84/><U36/><E35/><V13/><F102/><W47/><G99/><T101/><D101/><U72/><E72/><V98/><F98/><W16/><G9/><T85/><D85/><U116/><E116/><V117/><F117/><W92/><G28/><T129/><D129/><U50/><E95/><V112/><F112/><W131/><G92/><T54/><D34/><U83/><E83/><V4/><F38/><W106/><G69/><T26/><D33/><U19/><E128/><N who="3" m="49194" /><G135/><T64/><D64/><U120/><E132/><V15/><F4/><W11/><G11/><T61/><D49/><U91/><E91/><V119/><F119/><W43/><G106/><T110/><D110/><U71/><E67/><V87/><F29/><W82/><G82/><T42/><D42/><U76/><E76/><V62/><F46/><W1/><G1/><T108/><D108/><U125/><E125/><V90/><REACH who="2" step="1"/><F60/><REACH who="2" ten="250,250,240,250" step="2"/><W109/><G109/><T78/><REACH who="0" step="1"/><D24/><AGARI ba="0,1" hai="16,20,24,43,47,48,121,122,123,124,127" m="49194" machi="24" ten="40,5200,0" yaku="13,1,19,1,54,1" doraHai="66" who="3" fromWho="0" sc="250,-52,250,0,240,0,250,62" /><INIT seed="1,0,0,5,0,90" ten="198,250,240,312" oya="1" hai0="21,5,74,20,113,110,71,14,114,28,22,64,70" hai1="121,112,62,120,124,40,69,135,9,89,127,129,23" hai2="106,83,65,57,75,3,76,82,78,0,52,49,97" hai3="27,79,105,119,115,67,13,88,17,92,48,101,31"/><U46/><E9/><V4/><F4/><W26/><G115/><T122/><D74/><U12/><E112/><V47/><F106/><W50/><G119/><T56/><D110/><U98/><E23/><V16/><F97/><W123/><G123/><T34/><D122/><U60/><E12/><V53/><F65/><W66/><G79/><T63/><D114/><U10/><E10/><V111/><F111/><W61/><G101/><T134/><D134/><U44/><E89/><V118/><F118/><W96/><G105/><T93/><D113/><U54/><E98/><V51/><REACH who="2" step="1"/><F16/><REACH who="2" ten="198,250,230,312" step="2"/><W103/><G103/><T85/><D64/><U130/><E121/><V59/><F59/><N who="3" m="37183" /><G67/><T30/><D71/><U1/><E69/><V117/><F117/><W35/><G31/><T125/><D70/><U43/><E120/><V72/><AGARI ba="0,1" hai="0,3,47,49,51,52,53,57,72,75,76,78,82,83" machi="72" ten="20,12000,2" yaku="1,1,0,1,7,1,9,1,54,1,53,2" doraHai="90" doraHaiUra="104" who="2" fromWho="2" sc="198,-30,250,-60,230,130,312,-30" /><INIT seed="2,0,0,5,0,115" ten="168,190,360,282" oya="2" hai0="85,52,119,20,76,12,128,17,111,18,42,71,73" hai1="96,114,126,124,32,38,56,105,34,92,11,55,97" hai2="130,79,100,6,60,27,15,131,68,89,87,10,33" hai3="21,51,13,74,57,91,1,107,31,4,123,88,118"/><V102/><F79/><W44/><G123/><T29/><D73/><U127/><E114/><V103/><F33/><W112/><G112/><T19/><D71/><U135/><E38/><V77/><F77/><W70/><G70/><T67/><D111/><U30/><E135/><V133/><F133/><W94/><G107/><T125/><D128/><U69/><E69/><V9/><F27/><N who="3" m="16879" /><G118/><T101/><D125/><U122/><E122/><V16/><F68/><W93/><G1/><T80/><D67/><U25/><E11/><V83/><REACH who="2" step="1"/><F60/><REACH who="2" ten="168,190,350,282" step="2"/><W109/><G74/><T35/><D35/><U53/><E34/><V116/><F116/><W22/><G109/><T134/><D119/><U129/><E32/><V78/><F78/><W58/><G91/><T121/><D134/><U120/><E25/><V90/><F90/><W59/><G88/><T36/><D121/><U132/><E120/><V98/><F98/><W48/><G48/><T5/><D76/><U50/><E97/><V37/><F37/><W61/><G61/><T28/><D36/><U66/><E132/><V106/><F106/><W54/><G22/><T63/><D20/><U81/><E105/><V72/><F72/><W82/><G82/><T75/><D75/><U86/><E81/><V104/><F104/><W0/><G94/><T95/><D80/><U2/><E92/><V62/><F62/><W65/><G93/><T7/><D95/><U108/><E96/><V23/><F23/><W45/><G51/><T117/><D117/><U99/><E99/><V8/><F8/><W26/><G26/><T24/><D24/><RYUUKYOKU ba="0,1" sc="168,-10,190,-10,350,30,282,-10" hai2="6,9,10,15,16,83,87,89,100,102,103,130,131" /><INIT seed="2,1,1,4,2,90" ten="158,180,380,272" oya="2" hai0="126,64,129,132,111,51,14,7,53,70,21,134,131" hai1="50,54,101,16,96,124,94,6,76,37,38,11,100" hai2="31,93,127,3,110,116,107,13,18,33,122,34,117" hai3="92,123,40,67,23,113,19,4,120,128,46,58,12"/><V78/><F107/><W133/><G133/><N who="0" m="51307" /><D21/><U121/><E121/><V41/><F122/><W118/><G118/><T130/><D14/><U44/><E124/><V69/><F69/><W71/><G71/><T17/><D17/><U60/><E76/><V84/><F3/><W109/><G109/><T82/><D7/><U73/><E73/><V79/><F127/><W115/><G128/><T9/><D9/><U59/><E101/><V32/><F110/><W77/><G77/><T89/><D111/><U63/><E16/><V52/><F41/><W83/><G83/><T20/><D20/><U106/><E106/><V75/><F31/><W56/><G92/><T135/><D135/><U26/><E26/><V55/><F75/><W48/><G4/><T81/><D89/><U104/><E104/><V27/><F27/><W97/><G97/><T102/><D102/><U61/><REACH who="1" step="1"/><E44/><REACH who="1" ten="158,170,380,272" step="2"/><V29/><F29/><W47/><G47/><N who="0" m="27903" /><D126/><U119/><E119/><V95/><F116/><W28/><G120/><T43/><D43/><U66/><E66/><V57/><F117/><W2/><G67/><T36/><D36/><U8/><E8/><V30/><F30/><W10/><G28/><T39/><D39/><U105/><E105/><V45/><F34/><W85/><G123/><T35/><D35/><U125/><E125/><V49/><F33/><W88/><G10/><T15/><D15/><AGARI ba="1,2" hai="6,11,15,37,38,50,54,59,60,61,63,94,96,100" machi="15" ten="40,5200,0" yaku="1,1,52,1,53,1" doraHai="90" doraHaiUra="91" who="1" fromWho="0" sc="158,-55,170,75,380,0,272,0" /><INIT seed="3,0,0,5,5,0" ten="103,245,380,272" oya="3" hai0="125,113,47,13,132,59,119,40,21,134,5,23,55" hai1="107,135,99,78,24,60,106,124,28,123,61,67,50" hai2="98,34,101,7,111,6,121,103,104,8,68,54,126" hai3="122,71,32,9,117,76,110,27,128,115,33,100,22"/><W17/><G71/><T112/><D119/><U35/><E123/><V46/><F34/><W38/><G122/><T18/><D125/><U39/><E39/><V77/><F121/><W83/><G117/><T42/><D23/><U63/><E124/><V91/><F126/><W74/><G115/><N who="0" m="44107" /><D47/><U20/><E135/><N who="0" m="51753" /><D5/><U31/><E78/><V52/><F111/><W56/><G110/><T12/><D12/><U86/><E86/><V102/><F77/><W30/><G128/><T87/><D87/><U120/><E120/><V109/><F109/><W64/><G38/><T41/><D41/><U116/><E116/><V133/><F133/><W105/><G30/><T62/><AGARI ba="0,0" hai="13,18,21,40,42,55,59,62" m="51753,44107" machi="62" ten="30,2000,0" yaku="11,1,20,1" doraHai="0" who="0" fromWho="0" sc="103,20,245,-5,380,-5,272,-10" /><INIT seed="4,0,0,4,1,91" ten="123,240,375,262" oya="0" hai0="45,24,96,14,99,21,106,122,121,46,49,131,115" hai1="19,5,132,90,15,104,111,53,100,71,80,25,125" hai2="9,129,3,4,89,52,1,72,108,64,81,94,65" hai3="13,39,86,74,67,51,83,78,119,101,50,77,118"/><T44/><D115/><U92/><E111/><V116/><F108/><W42/><G39/><T87/><D131/><U68/><E104/><V38/><F129/><W63/><G101/><T133/><D133/><U37/><E37/><V8/><F38/><W35/><G35/><T30/><D106/><U120/><E120/><V22/><F116/><W31/><G31/><T130/><D130/><U97/><E132/><V32/><F32/><W114/><G114/><T75/><D75/><U124/><E5/><V17/><F81/><W112/><G112/><T29/><D29/><U54/><E25/><V16/><F72/><W0/><G0/><T93/><D49/><U40/><E40/><V79/><F79/><W117/><G13/><T109/><D109/><U66/><E80/><V61/><F3/><W128/><G128/><T11/><D122/><U84/><E66/><N who="2" m="25707" /><F4/><W34/><G34/><T98/><D121/><U135/><E135/><V69/><F69/><N who="3" m="42239" /><G42/><T28/><D28/><U6/><E6/><V134/><F1/><W123/><G123/><T20/><D20/><N who="1" m="11391" /><E68/><V58/><F134/><W41/><G41/><T7/><REACH who="0" step="1"/><D87/><REACH who="0" ten="113,240,375,262" step="2"/><U55/><E84/><N who="2" m="52519" /><F22/><W102/><G86/><T18/><D18/><AGARI ba="0,1" hai="8,9,16,17,18,52,58,61" m="52519,25707" machi="18" ten="30,7700,0" yaku="8,1,52,1,54,2" doraHai="91" who="2" fromWho="0" sc="113,-77,240,0,375,87,262,0" /><INIT seed="5,0,0,1,3,49" ten="36,240,462,262" oya="1" hai0="33,59,55,68,128,125,99,2,6,73,83,24,48" hai1="96,42,11,84,0,116,77,98,30,43,86,119,95" hai2="14,39,127,93,111,103,41,113,13,54,38,7,104" hai3="61,105,118,130,58,57,120,76,67,92,100,56,18"/><U19/><E30/><V45/><F111/><W101/><G120/><T15/><D125/><U9/><E95/><V97/><F127/><W122/><G122/><T20/><D128/><U1/><REACH who="1" step="1"/><E77/><REACH who="1" ten="36,230,462,262" step="2"/><V21/><F104/><W65/><G105/><T129/><D129/><U135/><E135/><V108/><F108/><W123/><G123/><T88/><D68/><U10/><E10/><V31/><F31/><W115/><G130/><T52/><D73/><U36/><E36/><V126/><F38/><W75/><G76/><T66/><D33/><U91/><E91/><V131/><F131/><W47/><G75/><T85/><D99/><U70/><E70/><V132/><F126/><W121/><G92/><T78/><D2/><U81/><E81/><V12/><F132/><W89/><G89/><T109/><D109/><U17/><AGARI ba="0,1" hai="0,1,9,11,17,19,42,43,84,86,96,98,116,119" machi="17" ten="25,18000,2" yaku="1,1,0,1,22,2,53,2" doraHai="49" doraHaiUra="32" who="1" fromWho="1" sc="36,-60,230,190,462,-60,262,-60" owari="-24,-52.0,420,52.0,402,20.0,202,-20.0" /></mjloggm>