<mjloggm ver="2.3"><GO type="169" lobby="0"/><UN n0="%E3%81%84%E3%81%84%E7%AC%91%E9%A1%94" n1="%6D%61%73%79" n2="%E5%B0%B1%E6%B4%BB%E7%94%9F%40%E5%B7%9D%E6%9D%91%E8%BB%8D%E5%9B%A3" n3="%E3%81%B5%E3%81%8F%E3%82%84%E3%82%93" dan="18,16,17,17" rate="2192.07,2042.46,2176.96,2183.75" sx="F,M,M,M"/><TAIKYOKU oya="0"/><INIT seed="0,0,0,2,3,110" ten="250,250,250,250" oya="0" hai0="91,20,109,71,15,87,93,41,0,129,31,75,46" hai1="120,30,97,37,60,118,130,22,66,55,82,134,101" hai2="70,39,51,14,24,89,17,128,96,69,135,52,27" hai3="56,132,34,54,10,113,122,16,49,59,84,1,114"/><T19/><D71/><U102/><E118/><V68/><F39/><W117/><G117/><T119/><D119/><U76/><E120/><V61/><F128/><W64/><G34/><T95/><D75/><U78/><E37/><V42/><F135/><W63/><G132/><T79/><D79/><U127/><E134/><V123/><F123/><W88/><G122/><T6/><D129/><U47/><E130/><V131/><F131/><W107/><G107/><T83/><D109/><U45/><E127/><V25/><F42/><W121/><G121/><T33/><D0/><U40/><E40/><V106/><F89/><W92/><REACH who="3" step="1"/><G16/><REACH who="3" ten="250,250,250,240" step="2"/><T3/><D33/><U125/><E125/><V112/><F106/><W43/><G43/><T9/><D31/><U133/><E133/><V48/><F96/><W28/><G28/><T35/><REACH who="0" step="1"/><D35/><REACH who="0" ten="240,250,250,240" step="2"/><U103/><E30/><V72/><F72/><W26/><G26/><T29/><D29/><U124/><E124/><V4/><F25/><W111/><G111/><T90/><D90/><U18/><E97/><V116/><F27/><W104/><G104/><T67/><D67/><U50/><E66/><V94/><F24/><W12/><G12/><T8/><D8/><U13/><E13/><V80/><F14/><W74/><G74/><T2/><D2/><U81/><E76/><V5/><F116/><W21/><G21/><T85/><D85/><U100/><E78/><V38/><F5/><AGARI ba="0,2" hai="1,5,10,49,54,56,59,63,64,84,88,92,113,114" machi="5" ten="40,8000,1" yaku="1,1,52,2,54,1,53,0" doraHai="110" doraHaiUra="98" who="3" fromWho="2" sc="240,0,250,0,250,-80,240,100" /><INIT seed="1,0,0,0,1,71" ten="240,250,170,340" oya="1" hai0="58,18,63,118,37,14,43,73,49,64,82,129,78" hai1="90,22,70,48,86,120,65,44,35,60,66,52,2" hai2="89,128,45,7,106,1,68,91,50,74,33,108,83" hai3="46,115,87,20,114,56,98,72,62,0,5,27,39"/><U132/><E35/><V94/><F106/><W84/><G72/><T54/><D129/><U92/><E132/><V9/><F108/><W12/><G0/><T126/><D126/><U110/><E110/><V16/><F128/><W29/><G87/><T121/><D121/><U104/><E104/><V97/><F68/><W130/><G130/><T34/><D34/><U38/><E2/><V127/><F33/><W17/><G5/><T77/><D77/><U95/><E120/><V99/><F127/><W41/><G84/><T103/><D103/><U19/><E66/><V23/><F74/><W101/><G98/><T79/><D79/><U25/><REACH who="1" step="1"/><E38/><REACH who="1" ten="240,240,170,340" step="2"/><V122/><F122/><W26/><G115/><T75/><D118/><U30/><E30/><V105/><F105/><W24/><G114/><T15/><D75/><U51/><E51/><V67/><F67/><W116/><G116/><T125/><D125/><U4/><E4/><V93/><F83/><AGARI ba="0,1" hai="19,22,25,44,48,52,60,65,70,83,86,90,92,95" machi="83" ten="30,5800,0" yaku="1,1,7,1,54,1,53,0" doraHai="71" doraHaiUra="28" who="1" fromWho="2" sc="240,0,240,68,170,-58,340,0" /><INIT seed="1,1,0,1,3,80" ten="240,308,112,340" oya="1" hai0="30,109,41,10,4,88,36,45,118,112,23,44,98" hai1="120,129,65,100,20,56,127,14,6,27,81,16,53" hai2="111,47,105,58,99,66,108,114,96,5,25,91,76" hai3="77,115,67,74,3,43,32,87,113,89,39,9,2"/><U97/><E120/><V7/><F114/><W48/><G32/><T106/><D109/><N who="2" m="42058" /><F76/><W63/><G48/><T55/><D118/><U117/><E129/><V93/><F47/><N who="3" m="24063" /><G3/><T31/><D112/><U37/><E127/><V22/><F105/><W119/><G119/><T126/><D126/><U103/><E37/><V72/><F72/><W75/><G75/><T60/><D23/><U26/><E117/><V83/><F83/><N who="3" m="45495" /><G63/><T50/><D60/><U68/><E68/><V19/><F99/><W79/><G67/><T15/><REACH who="0" step="1"/><D106/><REACH who="0" ten="230,308,112,340" step="2"/><U69/><E20/><V28/><F28/><W107/><G107/><T121/><D121/><U17/><E69/><V104/><F104/><W78/><G115/><T84/><D84/><U8/><E65/><V135/><F135/><W134/><G134/><T122/><D122/><U102/><E97/><V11/><F11/><W57/><G113/><T123/><D123/><U116/><E116/><V95/><F95/><AGARI ba="1,1" hai="4,10,15,30,31,36,41,44,45,50,55,88,95,98" machi="95" ten="40,5200,0" yaku="1,1,54,1,53,1" doraHai="80" doraHaiUra="71" who="0" fromWho="2" sc="230,65,308,0,112,-55,340,0" /><INIT seed="2,0,0,2,5,101" ten="295,308,57,340" oya="2" hai0="42,17,58,93,78,77,86,132,12,23,64,1,3" hai1="87,134,68,51,128,100,135,133,59,111,6,41,19" hai2="24,91,35,72,52,127,65,14,27,110,82,115,126" hai3="113,67,121,105,123,90,44,125,43,102,98,83,122"/><V131/><F115/><W8/><G67/><T92/><D132/><U49/><E6/><V5/><F65/><W39/><G113/><T7/><D42/><U57/><E87/><N who="2" m="50679" /><F72/><W21/><G21/><T13/><D3/><U124/><E100/><V66/><F66/><W11/><G125/><N who="2" m="47625" /><F35/><W94/><REACH who="3" step="1"/><G83/><REACH who="3" ten="295,308,57,330" step="2"/><T63/><D23/><U34/><E124/><V15/><F131/><W71/><G71/><T69/><D69/><U29/><E68/><V79/><F79/><W61/><G61/><T108/><D63/><U50/><E128/><V75/><F75/><W56/><G56/><T119/><D58/><U81/><E59/><V62/><F110/><W9/><G9/><T40/><D78/><U84/><E57/><N who="2" m="35111" /><F5/><W53/><G53/><T112/><D7/><U37/><E111/><V107/><F107/><W32/><G32/><T38/><D77/><U116/><E34/><V99/><F99/><AGARI ba="0,1" hai="8,11,39,43,44,90,94,98,99,102,105,121,122,123" machi="99" ten="40,2600,0" yaku="1,1,52,1,53,0" doraHai="101" doraHaiUra="16" who="3" fromWho="2" sc="295,0,308,0,57,-26,330,36" /><INIT seed="3,0,0,0,2,19" ten="295,308,31,366" oya="3" hai0="123,124,121,107,73,7,41,119,113,47,5,12,85" hai1="64,97,125,45,81,49,3,17,56,76,13,51,29" hai2="103,8,101,114,83,111,131,130,69,134,27,57,39" hai3="63,30,133,9,59,118,93,22,35,116,105,40,14"/><W34/><G105/><T135/><D119/><U82/><E3/><V43/><F69/><W67/><G40/><T112/><D73/><U68/><E125/><V0/><F114/><N who="0" m="44138" /><D107/><U91/><E68/><V108/><F39/><W128/><G128/><T10/><D124/><U21/><E29/><V52/><F43/><W33/><G133/><T65/><D65/><U46/><E64/><V94/><F134/><W126/><G126/><T26/><D135/><U86/><E97/><V95/><F83/><W2/><G2/><T89/><D7/><U18/><E18/><V25/><F8/><W90/><G30/><T20/><D85/><N who="1" m="48295" /><E49/><V37/><F37/><W32/><G32/><T117/><D89/><U55/><AGARI ba="0,0" hai="13,17,21,45,46,51,55,56,82,86,91" m="48295" machi="55" ten="30,2000,0" yaku="8,1,52,1" doraHai="19" who="1" fromWho="1" sc="295,-5,308,20,31,-5,366,-10" /><INIT seed="4,0,0,3,0,111" ten="290,328,26,356" oya="0" hai0="3,7,79,29,71,10,127,20,23,135,45,22,82" hai1="94,128,84,97,116,133,68,54,126,93,49,121,118" hai2="96,59,113,123,26,60,119,83,103,36,102,34,95" hai3="72,15,46,110,61,33,134,73,56,53,37,112,27"/><T100/><D71/><U130/><E121/><V78/><F123/><W85/><G110/><T50/><D100/><U80/><E68/><V115/><F36/><W105/><G105/><T42/><D127/><U16/><E126/><V108/><F108/><W13/><G85/><T65/><D65/><U5/><E5/><V76/><F119/><W51/><G37/><T41/><D135/><U43/><E43/><V58/><F103/><W67/><G134/><T132/><D132/><U124/><E133/><V64/><F58/><W114/><G33/><T17/><D42/><U98/><E124/><V39/><F39/><W62/><G27/><T2/><D2/><U32/><E32/><V81/><F26/><W89/><G89/><T88/><D29/><U70/><E70/><V66/><F66/><W90/><G90/><T12/><D88/><N who="1" m="51207" /><E98/><V122/><F34/><W86/><G86/><AGARI ba="0,0" hai="3,7,10,12,17,20,22,23,41,45,50,79,82,86" machi="86" ten="30,1500,0" yaku="7,1" doraHai="111" who="0" fromWho="3" sc="290,15,328,0,26,0,356,-15" /><INIT seed="4,1,0,1,4,12" ten="305,328,26,341" oya="0" hai0="100,118,53,50,67,108,66,36,46,1,19,76,33" hai1="99,24,74,116,103,105,29,79,130,41,18,10,13" hai2="72,28,70,52,55,9,57,112,27,93,126,71,75" hai3="7,106,37,80,8,6,17,85,23,132,30,90,121"/><T65/><D33/><U83/><E130/><V20/><F112/><W127/><G106/><T122/><D1/><U104/><E41/><V107/><F107/><W77/><G37/><T4/><D4/><U48/><E105/><V96/><F126/><W63/><G132/><T92/><D118/><U2/><E2/><V111/><F111/><W61/><G127/><T86/><D36/><U98/><E98/><V84/><F84/><N who="3" m="48143" /><G30/><T15/><D122/><U91/><E116/><V81/><F9/><W26/><G121/><T42/><D108/><U134/><E48/><V32/><F32/><W25/><G25/><T5/><D5/><N who="3" m="1545" /><G8/><T21/><D100/><U60/><E60/><V68/><F81/><AGARI ba="1,0" hai="17,23,26,61,63,81,85,90" m="1545,48143" machi="81" ten="30,2000,0" yaku="8,1,52,1" doraHai="12" who="3" fromWho="2" sc="305,0,328,0,26,-23,341,23" /><INIT seed="5,0,0,1,0,36" ten="305,328,3,364" oya="1" hai0="60,92,58,22,70,135,40,100,80,48,113,96,43" hai1="125,73,57,81,28,42,75,46,19,129,68,34,41" hai2="21,120,103,82,71,8,108,90,97,39,93,31,131" hai3="5,76,78,18,128,29,132,105,84,59,10,133,74"/><U79/><E68/><V112/><F108/><W98/><G29/><T122/><D113/><U116/><E116/><V62/><F120/><W66/><G74/><T77/><D122/><U33/><E19/><V86/><F39/><W101/><G128/><T2/><D2/><U12/><E12/><V38/><F38/><W26/><G84/><T3/><D3/><U14/><E14/><V111/><F111/><W130/><G130/><T20/><D70/><U127/><E129/><V35/><F131/><W87/><G87/><N who="0" m="48527" /><D48/><U50/><E73/><V94/><F112/><W117/><G18/><T67/><D135/><U107/><E107/><V7/><F35/><N who="1" m="13321" /><E57/><V69/><F62/><N who="3" m="38239" /><G26/><T44/><D44/><U13/><E13/><N who="2" m="5279" /><F69/><W63/><G63/><T88/><D100/><U0/><E28/><V124/><F71/><W51/><G51/><T99/><D99/><U6/><E6/><V47/><F47/><W119/><G133/><T49/><D49/><U123/><E0/><V9/><F9/><W91/><G132/><T85/><D96/><U61/><E61/><V15/><F124/><N who="1" m="47689" /><E123/><V4/><F4/><W11/><G5/><T121/><D121/><U17/><E17/><N who="2" m="10431" /><F31/><W110/><G110/><T65/><D65/><U109/><E109/><V115/><F115/><W45/><G11/><T32/><D32/><U72/><E72/><V114/><F114/><W27/><G10/><T118/><D118/><N who="3" m="45065" /><G45/><T37/><D37/><U54/><AGARI ba="0,0" hai="41,42,46,50,54,75,79,81" m="47689,13321" machi="54" ten="30,6000,0" yaku="18,1,52,2" doraHai="36" who="1" fromWho="1" sc="305,-20,328,60,3,-20,364,-20" owari="285,-11.0,388,49.0,-17,-52.0,344,14.0" /></mjloggm>