<mjloggm ver="2.3"><GO type="169" lobby="0"/><UN n0="%E3%82%A6%E3%83%AB%E3%83%88%E3%83%A9%E7%AB%8B%E7%9B%B4" n1="%E6%A1%9C%E4%B8%BC%E7%AB%A0%E4%B8%80" n2="%E3%82%86%E3%81%A3%E3%81%8F%E3%82%8A%E5%A6%96%E5%A4%A2" n3="%E3%81%86%E3%82%8B%E3%81%95%E3%81%84%E3%81%AF%E8%A4%92%E3%82%81%E8%A9%9E" dan="18,16,17,16" rate="2195.57,2095.28,2193.92,2047.43" sx="M,M,M,M"/><TAIKYOKU oya="0"/><INIT seed="0,0,0,2,2,109" ten="250,250,250,250" oya="0" hai0="33,113,57,102,92,85,8,118,67,55,40,74,26" hai1="51,68,3,112,129,72,116,37,90,120,22,56,104" hai2="39,124,78,2,10,91,30,125,87,123,119,64,17" hai3="11,77,47,76,31,62,0,71,108,27,5,16,28"/><T103/><D74/><U48/><RYUUKYOKU type="yao9" ba="0,0" sc="250,0,250,0,250,0,250,0" hai1="3,22,37,48,51,56,68,72,90,104,112,116,120,129" /><INIT seed="0,1,0,4,4,39" ten="250,250,250,250" oya="0" hai0="70,101,4,63,75,13,53,32,95,50,29,110,80" hai1="10,102,55,73,23,46,123,127,43,103,78,58,120" hai2="8,1,12,74,122,107,66,30,88,36,115,24,37" hai3="65,59,69,133,7,132,67,61,77,26,109,99,117"/><T121/><D121/><U128/><E128/><V96/><F115/><W85/><G7/><T6/><D110/><U54/><E127/><V90/><F1/><W125/><G109/><T112/><D112/><U18/><E10/><V48/><F74/><W94/><G125/><T31/><D70/><U33/><E33/><V60/><F48/><W86/><G117/><T104/><D104/><U98/><E54/><V57/><F122/><W25/><G67/><T71/><D71/><U62/><E78/><V11/><F11/><W68/><G69/><T108/><D63/><U17/><E73/><V40/><F107/><W76/><G68/><T130/><D130/><U27/><E17/><V14/><F14/><W28/><G25/><T113/><D113/><U34/><E34/><V87/><F96/><W21/><G76/><T41/><D32/><U9/><E9/><V0/><F0/><W44/><G44/><N who="0" m="25871" /><D53/><U91/><E103/><V131/><F131/><W15/><G15/><T38/><D38/><U2/><E2/><V118/><F37/><W100/><REACH who="3" step="1"/><G77/><REACH who="3" ten="250,250,250,240" step="2"/><N who="0" m="44095" /><D108/><U93/><REACH who="1" step="1"/><E102/><REACH who="1" ten="250,240,250,240" step="2"/><V51/><F118/><W105/><G105/><T19/><D4/><U72/><E72/><V135/><F8/><W56/><G56/><T82/><D6/><U52/><E52/><V5/><F57/><W81/><G81/><T89/><D82/><U84/><E84/><AGARI ba="1,2" hai="21,26,28,59,61,65,84,85,86,94,99,100,132,133" machi="84" ten="40,5200,0" yaku="1,1,25,2,53,0" doraHai="39" doraHaiUra="42" who="3" fromWho="1" sc="250,0,240,-55,250,0,240,75" /><INIT seed="1,0,0,0,0,123" ten="250,185,250,315" oya="1" hai0="134,31,125,51,53,22,8,76,4,60,80,18,23" hai1="63,118,90,110,48,43,117,83,78,86,119,112,102" hai2="74,46,21,97,89,130,38,100,9,50,17,13,27" hai3="14,65,19,2,62,39,114,79,129,64,72,121,58"/><U122/><E63/><V120/><F130/><W59/><G114/><T42/><D125/><U93/><E48/><V3/><F120/><W33/><G121/><T127/><D134/><U126/><E43/><V101/><F74/><W73/><G33/><T69/><D127/><U44/><E44/><V107/><F38/><W96/><G2/><T32/><D32/><U85/><E122/><V128/><F128/><W70/><G39/><T24/><D69/><U47/><E47/><V0/><F101/><W29/><G29/><T40/><D60/><U12/><E12/><V5/><REACH who="2" step="1"/><F89/><REACH who="2" ten="250,185,240,315" step="2"/><W109/><G129/><T71/><D76/><U87/><E126/><V75/><F75/><W57/><G73/><T37/><D37/><U67/><E112/><V28/><F28/><W34/><G79/><T56/><D71/><U135/><E135/><V111/><F111/><W15/><G72/><T91/><D91/><N who="1" m="53503" /><E102/><V95/><F95/><W104/><G104/><T45/><D80/><N who="1" m="47255" /><E67/><V20/><F20/><W99/><G70/><T92/><D92/><U66/><E66/><V49/><F49/><W11/><G65/><T106/><D106/><U88/><E110/><V52/><AGARI ba="0,1" hai="0,3,5,9,13,17,21,27,46,50,52,97,100,107" machi="52" ten="20,8000,1" yaku="1,1,0,1,7,1,54,1,53,1" doraHai="123" doraHaiUra="16" who="2" fromWho="2" sc="250,-20,185,-40,240,90,315,-20" /><INIT seed="2,0,0,0,3,113" ten="230,145,330,295" oya="2" hai0="126,75,124,59,55,119,52,117,99,115,8,13,40" hai1="69,24,37,133,105,123,89,107,71,85,67,78,57" hai2="42,49,16,22,100,30,23,28,12,88,43,131,92" hai3="6,14,11,19,122,39,31,56,5,20,128,61,64"/><V81/><F131/><W82/><G39/><T32/><D115/><U102/><E37/><V3/><F3/><W130/><G122/><T29/><D40/><N who="2" m="15402" /><F49/><W110/><G110/><T95/><D75/><U135/><E123/><V125/><F125/><N who="0" m="48234" /><D29/><N who="2" m="11370" /><F100/><W106/><G106/><T111/><D32/><U74/><E24/><V38/><F38/><W120/><G120/><T60/><D55/><U33/><E33/><V98/><F81/><W70/><G70/><T2/><D2/><U79/><E57/><V72/><F72/><W18/><G31/><T25/><D25/><U77/><E67/><V53/><F53/><W54/><G54/><T116/><D111/><U91/><E71/><V83/><F83/><W62/><G61/><T51/><D60/><U34/><E34/><V63/><F63/><W73/><G73/><T80/><D80/><N who="1" m="45111" /><E69/><V26/><F26/><N who="3" m="14615" /><G82/><T94/><D99/><N who="1" m="61663" /><E107/><V90/><F90/><N who="1" m="34313" /><E85/><V21/><AGARI ba="0,0" hai="12,16,21,22,23,88,92,98" m="11370,15402" machi="21" ten="30,6000,0" yaku="8,1,54,2" doraHai="113" who="2" fromWho="2" sc="230,-20,145,-20,330,60,295,-20" /><INIT seed="2,1,0,2,5,39" ten="210,125,390,275" oya="2" hai0="105,37,24,56,27,89,124,120,121,108,11,87,44" hai1="68,79,13,69,36,33,48,31,71,14,3,35,116" hai2="88,8,52,112,50,91,113,59,21,34,104,100,111" hai3="53,62,75,118,17,98,122,61,128,0,66,94,135"/><V49/><F34/><W29/><G75/><T70/><D70/><U72/><E36/><V46/><F111/><W43/><G0/><T92/><D105/><U127/><E3/><V23/><F8/><W12/><G122/><T73/><D73/><U18/><E31/><V74/><F74/><W90/><G118/><T76/><D76/><U2/><E2/><V96/><F23/><W55/><G128/><T95/><D108/><U1/><E1/><V32/><F32/><W101/><G29/><T26/><D124/><U22/><E116/><V119/><F119/><W132/><G43/><T115/><D115/><U15/><E127/><V67/><F21/><W16/><G61/><T110/><D110/><U125/><E125/><V38/><F38/><W9/><G17/><T47/><D11/><U102/><E102/><V20/><F20/><W25/><G25/><T77/><D77/><U54/><E79/><V117/><F117/><W64/><G64/><T133/><D133/><N who="3" m="51273" /><G90/><T28/><D28/><U40/><E72/><V57/><F57/><AGARI ba="1,0" hai="9,12,16,53,55,57,62,66,94,98,101" m="51273" machi="57" ten="30,2000,0" yaku="20,1,54,1" doraHai="39" who="3" fromWho="2" sc="210,0,125,0,390,-23,275,23" /><INIT seed="3,0,0,1,2,11" ten="210,125,367,298" oya="3" hai0="32,120,127,99,132,85,9,36,34,78,44,19,74" hai1="12,66,130,111,42,39,135,131,38,61,95,107,43" hai2="53,31,15,109,119,125,104,41,89,92,84,87,93" hai3="117,118,90,129,75,14,81,17,33,76,7,101,0"/><W59/><G33/><T25/><D74/><U133/><E107/><V128/><F109/><W16/><G101/><T3/><D120/><U103/><E12/><V40/><F119/><W4/><G129/><N who="1" m="49162" /><E95/><V86/><F128/><W121/><G121/><T28/><D99/><U26/><E26/><V8/><F104/><W52/><G17/><T69/><D85/><N who="2" m="32874" /><F125/><W100/><G100/><T72/><D78/><U63/><E103/><V96/><F53/><W49/><G90/><T68/><D127/><U73/><E73/><V6/><F31/><W83/><G83/><T45/><D72/><U51/><E111/><V30/><F30/><W64/><G0/><T10/><D28/><U24/><E24/><V122/><F122/><W13/><G13/><T62/><D25/><U5/><E5/><V88/><AGARI ba="0,0" hai="6,8,15,40,41,87,88,89,92,93,96" m="32874" machi="88" ten="30,4000,0" yaku="8,1,52,1,54,1" doraHai="11" who="2" fromWho="2" sc="210,-10,125,-10,367,40,298,-20" /><INIT seed="4,0,0,2,5,90" ten="200,115,407,278" oya="0" hai0="29,112,21,74,44,14,53,88,129,2,6,64,61" hai1="0,52,131,119,98,110,26,17,57,83,50,37,121" hai2="132,36,7,87,43,75,39,94,22,24,89,56,97" hai3="35,69,113,76,27,130,115,34,81,25,13,77,79"/><T80/><D129/><U118/><E121/><V127/><F75/><W66/><G81/><T103/><D112/><U71/><E37/><V12/><F127/><W108/><G13/><T3/><D103/><U117/><E0/><V135/><F56/><W107/><G107/><T58/><D74/><U16/><E110/><V8/><F87/><W126/><G108/><T42/><D29/><U5/><E71/><V40/><F39/><W106/><G106/><T123/><D123/><U19/><E5/><V109/><F109/><W78/><G78/><T41/><D2/><U28/><E131/><V93/><F93/><W62/><G126/><T38/><D3/><U23/><E83/><V60/><F60/><W104/><G104/><T4/><D64/><U31/><E31/><N who="2" m="17815" /><F36/><W47/><G47/><T45/><D45/><U15/><REACH who="1" step="1"/><E98/><REACH who="1" ten="200,105,407,278" step="2"/><V10/><F7/><W49/><G130/><T120/><D120/><U133/><E133/><V70/><F97/><W101/><G113/><T33/><D4/><U46/><E46/><V54/><F70/><W111/><G111/><T96/><D42/><U92/><E92/><V65/><F94/><W9/><G69/><T125/><D125/><U85/><E85/><V95/><F43/><W124/><G124/><T55/><D96/><U91/><E91/><V122/><F89/><W134/><G134/><T102/><D88/><U18/><E18/><V128/><F122/><W30/><G115/><T32/><D80/><U73/><E73/><V105/><F135/><W86/><G86/><T99/><D6/><U84/><E84/><V114/><F132/><RYUUKYOKU ba="0,1" sc="200,-10,105,30,407,-10,278,-10" hai1="15,16,17,19,23,26,28,50,52,57,117,118,119" /><INIT seed="5,1,1,5,3,132" ten="190,135,397,268" oya="1" hai0="116,97,123,96,76,15,65,68,8,113,73,75,2" hai1="43,38,53,130,71,118,45,108,105,5,85,36,119" hai2="129,100,114,95,17,62,106,19,92,98,99,89,93" hai3="101,35,0,104,41,126,55,109,11,77,121,107,32"/><U23/><E105/><V24/><F129/><W22/><G22/><T88/><D2/><U82/><E5/><V49/><F114/><W29/><G55/><T133/><D116/><U3/><E3/><V14/><F49/><W42/><G109/><T28/><D28/><U37/><E71/><V81/><F81/><W110/><G110/><T79/><D15/><U50/><E108/><V52/><F19/><W131/><G131/><T90/><D65/><U72/><E72/><V103/><F103/><W59/><G59/><T46/><D46/><U34/><E34/><V84/><F84/><W91/><G91/><T61/><D61/><U9/><E9/><V57/><F24/><W7/><G77/><T78/><D8/><AGARI ba="1,1" hai="8,14,17,52,57,62,89,92,93,95,98,99,100,106" machi="8" ten="30,2000,0" yaku="7,1,54,1" doraHai="132" who="2" fromWho="0" sc="190,-23,135,0,397,33,268,0" /><INIT seed="6,0,0,4,5,131" ten="167,135,430,268" oya="2" hai0="99,32,40,127,11,4,50,37,93,60,38,43,8" hai1="48,98,120,119,123,28,59,25,133,91,56,29,78" hai2="55,9,112,68,70,15,101,64,73,132,88,67,3" hai3="76,89,111,26,19,20,23,94,126,22,58,82,100"/><V122/><F73/><W104/><G126/><T134/><D32/><U65/><E119/><V30/><F3/><W31/><G111/><T117/><D127/><U84/><E78/><V81/><F122/><W63/><G104/><T44/><D117/><U72/><E72/><V35/><F112/><W6/><G6/><T129/><D129/><U108/><E108/><V57/><F101/><W53/><G100/><T46/><D50/><U125/><E125/><V87/><F70/><W75/><G31/><T79/><D79/><U7/><E98/><AGARI ba="0,0" hai="19,20,22,23,26,53,58,63,75,76,82,89,94,98" machi="98" ten="30,3900,0" yaku="7,1,25,2" doraHai="131" who="3" fromWho="1" sc="167,0,135,-39,430,0,268,39" /><INIT seed="7,0,0,5,3,124" ten="167,96,430,307" oya="3" hai0="9,24,81,1,62,35,83,53,134,12,4,98,27" hai1="115,103,128,26,79,72,61,25,64,41,108,112,130" hai2="5,18,16,46,43,105,74,101,28,118,7,82,93" hai3="54,120,110,6,10,58,40,45,127,70,15,86,49"/><W117/><G120/><T131/><D134/><U67/><E108/><V55/><F118/><W100/><G117/><T52/><D98/><U38/><E103/><V20/><F105/><W30/><G127/><T36/><D36/><U69/><E79/><V126/><F126/><W71/><G110/><T13/><D62/><N who="1" m="40087" /><E72/><V60/><F74/><W92/><G30/><T42/><D9/><U47/><E26/><N who="2" m="16455" /><F43/><W51/><G100/><T107/><D27/><U8/><E8/><V76/><F76/><W77/><REACH who="3" step="1"/><G92/><REACH who="3" ten="167,96,430,297" step="2"/><T75/><D107/><U37/><E37/><V78/><F101/><W121/><G121/><T33/><D33/><U34/><E34/><V88/><F93/><W135/><G135/><T65/><D35/><U57/><E25/><V56/><F78/><W39/><G39/><T96/><D24/><U119/><E119/><V22/><F46/><W109/><G109/><T102/><D102/><U31/><E31/><V59/><F59/><W87/><G87/><T3/><D75/><U114/><AGARI ba="0,1" hai="38,41,47,57,61,67,112,114,115,128,130" m="40087" machi="114" ten="40,8000,1" yaku="15,1,34,2,52,2" doraHai="124" who="1" fromWho="1" sc="167,-20,96,90,430,-20,297,-40" owari="147,-35.0,186,-21.0,410,50.0,257,6.0" /></mjloggm>