<mjloggm ver="2.3"><GO type="41" lobby="0"/><UN n0="%72%65%69%79%61%6D%75" n1="%73%68%6F%75%68%65%69" n2="%E6%B9%AF" n3="%E5%B0%B1%E6%B4%BB%E7%94%9F%40%E5%B7%9D%E6%9D%91%E8%BB%8D%E5%9B%A3" dan="14,13,13,17" rate="1948.14,1932.14,1836.74,2189.08" sx="M,M,M,M"/><TAIKYOKU oya="0"/><INIT seed="0,0,0,4,5,87" ten="250,250,250,250" oya="0" hai0="36,76,108,62,21,82,4,95,32,29,7,83,16" hai1="57,59,106,37,3,111,130,6,48,118,119,89,123" hai2="99,28,72,61,94,22,40,81,50,17,132,75,39" hai3="78,12,23,116,1,14,65,68,79,129,9,96,133"/><T84/><D36/><U105/><E37/><V77/><F39/><W13/><G116/><T115/><D108/><U63/><E123/><V20/><F132/><W122/><G122/><T41/><D115/><U110/><E130/><V128/><F128/><W134/><G129/><T113/><D113/><U74/><E74/><V114/><F114/><W90/><G65/><T18/><D41/><U43/><E6/><N who="0" m="2089" /><D32/><U25/><E3/><V10/><F61/><W104/><G68/><T56/><D95/><U55/><E25/><V120/><F120/><W24/><G9/><T44/><D44/><U19/><E19/><V126/><F126/><W103/><G1/><T112/><D82/><U97/><E43/><V73/><F10/><W34/><G34/><T131/><D131/><U26/><E26/><V125/><F22/><W31/><G79/><T35/><D35/><U67/><E106/><V5/><F28/><W93/><REACH who="3" step="1"/><G78/><REACH who="3" ten="250,250,250,240" step="2"/><T53/><D112/><U54/><E67/><V58/><F77/><W70/><G70/><T38/><D38/><U30/><E119/><V45/><F75/><W85/><AGARI ba="0,1" hai="12,13,14,23,24,31,85,90,93,96,103,104,133,134" machi="85" ten="30,7900,0" yaku="1,1,0,1,52,1,53,1" doraHai="87" doraHaiUra="98" who="3" fromWho="3" sc="250,-39,250,-20,250,-20,240,89" /><INIT seed="1,0,0,4,2,15" ten="211,230,230,329" oya="1" hai0="16,43,35,31,88,107,40,97,105,127,129,39,50" hai1="44,9,20,64,71,62,121,0,126,134,86,94,48" hai2="66,92,100,68,41,93,55,128,109,46,113,47,14" hai3="98,26,118,34,77,18,52,3,60,108,12,83,69"/><U29/><E121/><V57/><F113/><W17/><G118/><T87/><D129/><U4/><E134/><V122/><F128/><W22/><G3/><T32/><D127/><U123/><E126/><V89/><F122/><W132/><G108/><T23/><D39/><U72/><E72/><V59/><F68/><W6/><G132/><T112/><D112/><U114/><E114/><V95/><F109/><W82/><G34/><T42/><D105/><U21/><E29/><V111/><F111/><W135/><G135/><T65/><D65/><U58/><E71/><V73/><F73/><W67/><G6/><T78/><D78/><U38/><E38/><V125/><F125/><W96/><G52/><T54/><D31/><U2/><E2/><V84/><F100/><W28/><G82/><T1/><D1/><U80/><E94/><V63/><F14/><W30/><G30/><T104/><D107/><U133/><E123/><V116/><F116/><W37/><G37/><T102/><D50/><U33/><E33/><V115/><F115/><W27/><G27/><T120/><D54/><U25/><E25/><V110/><F110/><W36/><G36/><T99/><D99/><U7/><E7/><V49/><F46/><W70/><G70/><T117/><D117/><U79/><REACH who="1" step="1"/><E133/><REACH who="1" ten="211,220,230,329" step="2"/><V85/><F95/><W75/><G28/><T130/><D120/><U101/><E101/><V74/><F74/><W90/><G26/><N who="0" m="14695" /><D130/><U124/><E124/><V81/><F93/><N who="3" m="56375" /><G98/><T61/><D104/><U10/><E10/><V51/><F92/><W119/><G119/><T131/><D131/><RYUUKYOKU ba="0,1" sc="211,-30,220,10,230,10,329,10" hai1="0,4,9,20,21,44,48,58,62,64,79,80,86" hai2="41,47,49,51,55,57,59,63,66,81,84,85,89" hai3="12,17,18,22,60,67,69,75,77,83" /><INIT seed="1,1,1,5,1,83" ten="181,230,240,339" oya="1" hai0="7,41,3,19,104,59,114,9,99,43,14,77,100" hai1="108,84,57,117,126,51,90,42,49,68,15,80,89" hai2="38,112,63,93,111,78,48,123,103,131,120,73,47" hai3="18,24,64,92,8,82,33,130,29,107,66,6,125"/><U16/><E68/><V30/><F38/><W116/><G107/><T27/><D114/><U79/><E126/><V67/><F112/><W26/><G125/><T128/><D128/><U32/><E32/><V98/><F131/><W129/><G116/><T36/><D36/><U17/><E117/><V86/><F111/><W60/><G92/><T74/><D27/><U69/><E69/><V12/><F73/><W91/><G91/><N who="1" m="34826" /><E108/><V119/><F119/><W85/><G18/><T55/><D74/><U46/><E15/><V52/><F30/><W31/><G85/><T101/><D77/><U20/><E20/><V95/><F12/><W88/><G88/><T25/><D25/><U65/><E65/><V127/><F127/><W4/><G82/><T54/><D55/><AGARI ba="1,1" hai="16,17,42,46,49,51,55,57,79,80,84" m="34826" machi="55" ten="30,5800,0" yaku="8,1,52,1,54,1" doraHai="83" who="1" fromWho="0" sc="181,-61,230,71,240,0,339,0" /><INIT seed="1,2,0,5,2,113" ten="120,301,240,339" oya="1" hai0="18,86,30,131,61,70,120,20,17,83,67,118,0" hai1="89,76,56,74,3,132,48,33,36,106,78,57,130" hai2="9,40,29,116,100,115,47,79,91,92,16,50,24" hai3="123,112,68,8,28,59,13,65,109,104,5,126,64"/><U2/><E36/><V102/><F79/><W41/><G123/><T58/><D120/><U72/><E106/><V53/><F115/><W66/><G112/><T34/><D131/><U1/><E132/><V82/><F82/><W107/><G68/><T14/><D0/><U94/><E33/><V52/><F116/><W37/><G126/><T39/><D39/><U6/><E6/><V43/><F43/><W23/><G109/><T98/><D34/><U84/><E130/><V134/><F134/><W129/><G129/><T105/><D118/><U51/><E48/><V87/><F29/><W25/><REACH who="3" step="1"/><G59/><REACH who="3" ten="120,301,240,329" step="2"/><T54/><D70/><U26/><E57/><V121/><F121/><W110/><G110/><T32/><D58/><U19/><E56/><V7/><F102/><W38/><G38/><T21/><D67/><U63/><E63/><V35/><F100/><W10/><G10/><T127/><D61/><U95/><E74/><V96/><F9/><W31/><G31/><T45/><D127/><U101/><E72/><V135/><F135/><W44/><AGARI ba="2,1" hai="5,8,13,23,25,28,37,41,44,64,65,66,104,107" machi="44" ten="30,2000,0" yaku="1,1,0,1,53,0" doraHai="113" doraHaiUra="97" who="3" fromWho="3" sc="120,-7,301,-12,240,-7,329,36" /><INIT seed="2,0,0,1,2,59" ten="113,289,233,365" oya="2" hai0="124,135,94,29,54,31,70,117,116,121,19,65,83" hai1="25,56,35,32,102,49,14,112,80,128,88,41,9" hai2="16,45,87,72,114,92,104,34,40,12,120,89,6" hai3="123,39,57,131,125,42,103,76,110,99,52,68,30"/><V17/><F120/><W43/><G123/><T100/><D121/><U24/><E112/><V122/><F114/><W0/><G68/><T107/><D135/><U7/><E102/><V60/><F122/><W132/><G132/><T63/><D124/><U118/><E118/><V95/><F104/><W82/><G0/><T4/><D107/><U10/><E128/><V36/><F34/><W66/><G66/><T84/><D4/><U106/><E106/><V113/><F113/><W28/><G131/><T81/><D19/><U126/><E126/><V15/><F72/><W127/><G110/><T109/><D109/><U46/><E10/><V101/><F6/><W8/><G8/><T18/><D18/><U129/><E129/><V53/><F101/><W71/><G71/><T58/><D83/><U133/><E133/><V75/><F75/><W26/><G39/><T44/><D44/><U5/><E5/><V115/><F115/><W61/><G125/><T27/><D27/><U62/><E32/><V134/><F134/><W74/><G127/><T79/><D117/><U96/><E35/><V48/><F60/><W2/><G2/><T69/><D69/><U33/><E33/><V3/><F3/><W64/><G64/><T86/><D116/><U22/><E22/><N who="2" m="11527" /><F40/><W51/><G26/><T38/><D38/><U130/><E130/><V37/><F37/><W73/><G73/><T111/><D111/><U21/><E21/><N who="2" m="11455" /><F36/><W77/><G43/><T93/><D100/><U98/><E25/><V23/><F23/><W90/><G42/><T50/><D94/><AGARI ba="0,0" hai="45,48,53,87,89,92,94,95" m="11455,11527" machi="94" ten="30,2900,0" yaku="8,1,54,1" doraHai="59" who="2" fromWho="0" sc="113,-29,289,0,233,29,365,0" /><INIT seed="2,1,0,1,3,44" ten="84,289,262,365" oya="2" hai0="130,14,81,62,66,15,37,39,114,65,93,77,89" hai1="25,21,79,111,84,16,36,119,95,31,97,96,17" hai2="126,23,28,13,64,106,76,2,123,108,70,69,59" hai3="128,104,90,34,29,127,5,53,92,48,78,132,116"/><V107/><F123/><W33/><G104/><T35/><D114/><U100/><E119/><V82/><F2/><W133/><G116/><T113/><D130/><U105/><E36/><V125/><F108/><W74/><G128/><T4/><D113/><U91/><E111/><V124/><F59/><W55/><G127/><T134/><D35/><U49/><E79/><V27/><F13/><W80/><G5/><T1/><D134/><N who="3" m="51817" /><G29/><T20/><D66/><U12/><E12/><V24/><F24/><W88/><G55/><T26/><D1/><U99/><E99/><V102/><F102/><W117/><G117/><T110/><D110/><U32/><E32/><N who="3" m="12394" /><G92/><T56/><D39/><U73/><E73/><V43/><F43/><W71/><G71/><N who="2" m="27145" /><F64/><W60/><G60/><T50/><D37/><U67/><E67/><V103/><F103/><W85/><G74/><AGARI ba="1,0" hai="23,27,28,74,76,82,106,107,124,125,126" m="27145" machi="74" ten="40,2000,0" yaku="18,1" doraHai="44" who="2" fromWho="3" sc="84,0,289,0,262,23,365,-23" /><INIT seed="2,2,0,1,4,0" ten="84,289,285,342" oya="2" hai0="109,36,121,50,78,8,107,28,54,81,57,135,16" hai1="108,1,77,25,17,90,12,64,60,24,118,21,91" hai2="59,129,37,47,115,112,119,111,22,30,51,65,127" hai3="117,130,43,93,89,46,35,68,122,53,58,71,131"/><V32/><F119/><W132/><G117/><T102/><D121/><U13/><E1/><V79/><F32/><W85/><G35/><T40/><D135/><U31/><E108/><V69/><F79/><W88/><G132/><T39/><D109/><U106/><E106/><V124/><F111/><W101/><G101/><T84/><D28/><U5/><E77/><V96/><F96/><W41/><G89/><T105/><D107/><U52/><E24/><V33/><F33/><W4/><G4/><T70/><D70/><U42/><E42/><N who="2" m="22991" /><F30/><W48/><G122/><T74/><D74/><U34/><E118/><V56/><F22/><W95/><G95/><T44/><D105/><U9/><REACH who="1" step="1"/><E52/><REACH who="1" ten="84,279,285,342" step="2"/><N who="2" m="31775" /><F115/><W23/><G41/><T125/><D125/><N who="2" m="48202" /><F112/><W67/><G67/><T94/><D102/><U3/><E3/><V63/><F129/><W99/><G130/><T104/><D104/><U103/><E103/><V75/><F75/><W38/><G131/><T100/><D100/><U15/><E15/><V11/><F11/><W27/><G99/><T10/><D94/><U62/><E62/><V76/><F76/><W49/><REACH who="3" step="1"/><G38/><REACH who="3" ten="84,279,285,332" step="2"/><T19/><REACH who="0" step="1"/><D39/><REACH who="0" ten="74,279,285,332" step="2"/><U45/><E45/><V92/><F92/><W113/><G113/><T7/><D7/><U133/><E133/><V87/><F63/><W116/><G116/><T66/><D66/><U29/><E29/><AGARI ba="2,3" hai="23,27,29,43,46,48,49,53,58,68,71,85,88,93" machi="29" ten="30,7700,0" yaku="1,1,7,1,54,1,53,1" doraHai="0" doraHaiUra="55" who="3" fromWho="1" sc="74,0,279,-83,285,0,332,113" /><INIT seed="3,0,0,0,2,85" ten="74,196,285,445" oya="3" hai0="40,58,10,106,55,123,129,93,81,34,133,73,94" hai1="113,126,127,9,50,100,63,6,65,112,116,13,62" hai2="59,11,92,31,67,80,45,91,87,7,89,2,54" hai3="77,26,68,8,132,70,39,64,12,76,4,109,47"/><W107/><G107/><T20/><D123/><U75/><E75/><V124/><F124/><N who="1" m="47657" /><E100/><V42/><F31/><W14/><G132/><T115/><D133/><U16/><E116/><V86/><F67/><W121/><G121/><T60/><D129/><U118/><E118/><V110/><F110/><W30/><G109/><T19/><D106/><U28/><E28/><V97/><F97/><W46/><G12/><T103/><D115/><N who="1" m="44107" /><E65/><V78/><F78/><W17/><G64/><T101/><D34/><U108/><E108/><V88/><F42/><W61/><G4/><T57/><D40/><U5/><E50/><V82/><F92/><W74/><G74/><T131/><D131/><U114/><N who="1" m="44115" /><U99/><DORA hai="83" /><E99/><V51/><REACH who="2" step="1"/><F91/><REACH who="2" ten="74,196,275,445" step="2"/><W41/><G76/><T117/><D117/><U66/><E63/><V104/><F104/><W49/><G77/><T35/><D94/><U53/><E53/><V79/><F79/><W23/><G61/><T122/><D60/><U27/><E62/><V130/><F130/><W134/><G134/><T1/><D55/><AGARI ba="0,1" hai="8,14,17,23,26,30,39,41,46,47,49,55,68,70" machi="55" ten="30,1500,0" yaku="7,1" doraHai="85,83" who="3" fromWho="0" sc="74,-15,196,0,275,0,445,25" /><INIT seed="3,1,0,4,1,96" ten="59,196,275,470" oya="3" hai0="43,16,12,132,104,70,19,107,1,126,98,59,124" hai1="30,52,91,121,80,69,108,128,135,76,131,35,117" hai2="101,95,33,120,45,18,116,122,24,41,32,29,87" hai3="93,118,102,75,74,4,134,94,66,0,67,39,78"/><W72/><G118/><T63/><D1/><U133/><E69/><V42/><F116/><W22/><G134/><N who="1" m="51210" /><E117/><V10/><F33/><W55/><G39/><T106/><D132/><U8/><E121/><N who="2" m="46699" /><F45/><W5/><G78/><T23/><D70/><U56/><E91/><N who="2" m="53759" /><F101/><W40/><G40/><T81/><D43/><U3/><E30/><V15/><AGARI ba="1,0" hai="10,15,18,24,29,32,41,42" m="53759,46699" machi="15" ten="30,1100,0" yaku="13,1" doraHai="96" who="2" fromWho="2" sc="59,-4,196,-4,275,14,470,-6" /><INIT seed="4,0,0,3,5,36" ten="55,192,289,464" oya="0" hai0="107,112,92,124,20,52,62,67,42,126,71,28,41" hai1="118,82,90,81,103,132,89,74,2,111,3,122,56" hai2="130,133,100,102,4,38,21,135,30,80,98,75,116" hai3="27,87,53,85,129,119,104,16,15,121,97,110,23"/><T47/><D107/><U125/><E122/><V113/><F38/><W99/><G119/><T101/><D112/><U29/><E118/><V109/><F116/><W108/><G121/><T9/><D9/><U34/><E111/><N who="3" m="42538" /><G104/><T106/><D106/><U95/><E103/><V84/><F109/><W22/><G27/><T68/><D28/><U0/><E132/><N who="2" m="50763" /><F4/><W48/><G85/><T49/><D20/><U59/><E90/><V76/><F30/><W72/><G72/><T5/><D5/><U17/><E17/><V117/><F21/><W13/><G13/><T114/><D114/><U39/><E39/><V55/><F117/><W44/><G23/><T69/><D92/><U10/><E10/><V33/><F33/><W94/><G44/><T24/><D101/><U26/><E82/><V83/><F113/><W96/><G96/><T78/><D24/><U77/><REACH who="1" step="1"/><E125/><REACH who="1" ten="55,182,289,464" step="2"/><N who="0" m="48233" /><D78/><U73/><E73/><V66/><F75/><W40/><G99/><AGARI ba="0,1" hai="0,2,3,26,29,34,56,59,74,77,81,89,95,99" machi="99" ten="40,1300,0" yaku="1,1,53,0" doraHai="36" doraHaiUra="12" who="1" fromWho="3" sc="55,0,182,23,289,0,464,-13" /><INIT seed="5,0,0,1,0,35" ten="55,205,289,451" oya="1" hai0="106,5,70,110,115,26,42,29,90,3,121,116,108" hai1="52,74,49,21,18,123,86,54,91,10,62,71,93" hai2="129,6,100,19,95,84,117,33,83,41,128,122,15" hai3="126,51,53,16,88,73,17,67,22,24,103,127,72"/><U68/><E74/><V77/><F33/><W44/><G103/><T94/><D121/><U20/><E123/><V46/><F122/><W25/><G67/><T43/><D116/><U102/><E102/><V82/><F117/><W64/><G64/><T133/><D115/><U119/><E119/><V99/><F83/><W104/><G104/><T13/><D133/><U39/><E39/><V97/><F97/><W78/><G88/><T27/><D106/><U63/><E71/><V87/><F87/><W8/><G78/><T134/><D70/><U47/><E68/><V101/><F101/><W2/><G25/><T45/><D134/><U7/><E7/><V76/><F76/><W107/><G107/><T111/><D27/><U37/><E37/><V1/><F1/><W31/><G31/><T113/><D113/><U60/><REACH who="1" step="1"/><E54/><REACH who="1" ten="55,195,289,451" step="2"/><V80/><F6/><W14/><G2/><T56/><D3/><U11/><E11/><V48/><F129/><W32/><G32/><T0/><D0/><U109/><E109/><V69/><F128/><W96/><G72/><T125/><D110/><U89/><E89/><V120/><F69/><W12/><G73/><T79/><D111/><U98/><E98/><V50/><F120/><W61/><G96/><T112/><D112/><U105/><E105/><V131/><F131/><W36/><G36/><T92/><D108/><U57/><E57/><V59/><F59/><W81/><G53/><T55/><D90/><U132/><E132/><V135/><F135/><W4/><G4/><T130/><D130/><U38/><E38/><V58/><F58/><RYUUKYOKU ba="0,1" sc="55,-10,195,30,289,-10,451,-10" hai1="10,18,20,21,47,49,52,60,62,63,86,91,93" /><INIT seed="5,1,1,1,3,25" ten="45,225,279,441" oya="1" hai0="18,95,75,100,94,135,77,87,13,81,37,52,89" hai1="42,30,63,49,24,39,9,124,82,59,134,1,96" hai2="8,90,21,70,51,68,73,115,62,102,50,99,103" hai3="41,12,133,117,71,88,86,125,29,127,47,92,78"/><U61/><E39/><V3/><F73/><W84/><G71/><T116/><D135/><U36/><E36/><V118/><F118/><W55/><G133/><T105/><D116/><U40/><E134/><V57/><F115/><W20/><G117/><T85/><D37/><U54/><E124/><N who="3" m="47690" /><G41/><T4/><D4/><U113/><E113/><V120/><F120/><W64/><G64/><T53/><D87/><U11/><E82/><V22/><F8/><N who="1" m="3145" /><E96/><V19/><F3/><W16/><G29/><T60/><D60/><N who="1" m="23115" /><E1/><V7/><F7/><W23/><G78/><T79/><D79/><U72/><E72/><V76/><F76/><W128/><G128/><T31/><D31/><U108/><E108/><V58/><F19/><W114/><G114/><T93/><D95/><U132/><E132/><V121/><F99/><N who="3" m="57735" /><G20/><AGARI ba="1,1" hai="20,24,30,40,42,49,54,59" m="23115,3145" machi="20" ten="30,2900,0" yaku="8,1,52,1" doraHai="25" who="1" fromWho="3" sc="45,0,225,42,279,0,441,-32" /><INIT seed="5,2,0,0,2,4" ten="45,267,279,409" oya="1" hai0="39,53,78,119,112,97,74,51,20,84,93,3,118" hai1="17,44,126,125,85,47,87,27,123,110,104,45,18" hai2="86,96,66,12,99,108,64,14,42,22,50,9,29" hai3="7,82,134,109,48,10,131,98,91,73,94,8,76"/><U115/><E123/><V67/><F108/><W13/><G109/><T21/><D112/><U38/><E110/><V55/><F42/><W11/><G131/><T63/><D39/><U43/><E104/><V30/><F86/><N who="1" m="32777" /><E43/><V124/><F124/><N who="1" m="47721" /><E38/><V117/><F117/><W61/><G134/><T25/><D3/><U79/><E79/><V127/><F127/><W35/><G35/><T62/><D74/><U60/><E60/><V5/><F14/><W41/><REACH who="3" step="1"/><G61/><REACH who="3" ten="45,267,279,399" step="2"/><T83/><D118/><U54/><E115/><V133/><F133/><W111/><G111/><T69/><D119/><U31/><E54/><V33/><F33/><AGARI ba="2,1" hai="17,18,27,31,33,44,45,47" m="47721,32777" machi="33" ten="30,1500,0" yaku="18,1" doraHai="4" who="1" fromWho="2" sc="45,0,267,31,279,-21,399,0" /><INIT seed="5,3,0,5,4,110" ten="45,298,258,399" oya="1" hai0="70,102,39,112,73,65,124,47,34,23,2,122,82" hai1="100,74,72,19,5,89,64,26,93,36,67,37,12" hai2="128,25,0,59,42,78,6,127,62,69,71,104,58" hai3="76,7,9,16,91,8,10,1,129,53,94,86,103"/><U90/><E100/><V54/><F104/><W48/><G129/><T101/><D122/><U55/><E55/><V99/><F128/><W17/><G103/><T81/><D124/><U46/><E26/><V40/><F127/><W131/><G131/><T3/><D34/><U32/><E32/><V35/><F99/><W68/><G68/><T133/><D133/><U120/><E5/><V126/><F126/><W21/><G76/><T80/><D73/><U97/><E120/><V134/><F78/><W4/><G1/><T61/><D23/><U15/><E46/><V14/><F0/><W83/><G83/><T130/><D130/><U107/><E93/><V118/><F118/><W123/><G123/><T56/><D3/><U135/><E19/><N who="3" m="7242" /><G21/><T119/><D2/><U38/><E38/><V77/><F134/><W108/><G108/><T115/><D119/><U92/><E92/><V43/><F77/><W49/><G49/><T114/><D70/><U88/><E90/><V132/><F132/><W33/><G33/><T125/><D125/><U44/><E44/><AGARI ba="3,0" hai="4,7,8,9,10,44,48,53,86,91,94" m="7242" machi="44" ten="30,2000,0" yaku="8,1,54,1" doraHai="110" who="3" fromWho="1" sc="45,0,298,-29,258,0,399,29" /><INIT seed="6,0,0,3,5,92" ten="45,269,258,428" oya="2" hai0="47,71,109,55,17,11,20,97,108,19,50,89,66" hai1="126,58,127,121,77,64,46,122,22,105,29,98,25" hai2="115,53,27,33,93,80,26,23,37,28,78,12,52" hai3="7,67,99,123,65,18,57,3,94,42,107,48,110"/><V9/><F37/><W84/><G110/><T0/><D0/><U41/><E77/><V72/><F115/><W76/><G123/><N who="1" m="47114" /><E58/><V128/><F128/><W45/><G107/><T112/><D112/><U16/><E64/><V133/><F133/><W40/><G3/><T91/><D71/><U118/><E118/><V10/><F10/><W59/><G7/><T30/><D66/><N who="3" m="25097" /><G42/><T39/><D39/><N who="1" m="21823" /><E29/><V34/><F34/><W15/><G84/><T90/><D30/><U24/><E25/><V116/><F93/><W96/><G76/><T82/><D82/><U113/><E113/><V61/><F61/><W56/><G94/><T73/><D73/><U44/><E44/><V100/><F100/><AGARI ba="0,0" hai="16,22,24,98,100,105,126,127" m="21823,47114" machi="100" ten="30,3900,0" yaku="13,1,52,1,54,1" doraHai="92" who="1" fromWho="2" sc="45,0,269,39,258,-39,428,0" /><INIT seed="7,0,0,0,5,49" ten="45,308,219,428" oya="3" hai0="63,31,96,61,89,3,133,35,20,90,45,15,26" hai1="30,79,130,112,58,86,70,11,91,134,100,124,47" hai2="92,56,9,12,57,0,126,25,119,84,1,128,121" hai3="55,123,10,54,59,106,13,88,51,111,131,8,67"/><W14/><G106/><T116/><D133/><U87/><E70/><V64/><F119/><W80/><G123/><T82/><D116/><U65/><E134/><V108/><F108/><W43/><G131/><T118/><D3/><U105/><E130/><V72/><F128/><W120/><G120/><T32/><D118/><U115/><E30/><V78/><F72/><W48/><G43/><T28/><D35/><U81/><E47/><V60/><F121/><W38/><G38/><T104/><D32/><U29/><E29/><V62/><F126/><W110/><G67/><T98/><D104/><U107/><E11/><V50/><F50/><W75/><G75/><T66/><D82/><U109/><E109/><N who="3" m="41482" /><G88/><T44/><D15/><N who="3" m="5641" /><G80/><T135/><D135/><U103/><E58/><AGARI ba="0,0" hai="8,10,48,51,54,55,58,59" m="5641,41482" machi="58" ten="30,5800,0" yaku="10,1,52,2" doraHai="49" who="3" fromWho="1" sc="45,0,308,-58,219,0,428,58" owari="45,-45.0,250,5.0,219,-18.0,486,58.0" /></mjloggm>