<mjloggm ver="2.3"><GO type="169" lobby="0"/><UN n0="%E6%9C%80%E7%B5%82%E5%BD%A2%E7%AB%8B%E7%9B%B4" n1="%E3%81%BC%E3%81%A3%E3%81%A1%E5%85%9A%E5%93%A1" n2="%74%61%72%6F%33%39%30%30" n3="%E3%82%A6%E3%83%AB%E3%83%88%E3%83%A9%E7%AB%8B%E7%9B%B4" dan="16,16,17,17" rate="2159.59,2014.53,2105.59,2107.94" sx="M,F,M,M"/><TAIKYOKU oya="0"/><INIT seed="0,0,0,4,4,129" ten="250,250,250,250" oya="0" hai0="21,52,70,66,31,83,10,3,92,105,7,85,35" hai1="54,126,57,63,15,30,46,17,90,18,33,87,71" hai2="69,61,125,91,49,72,115,120,4,8,134,131,128" hai3="51,122,32,135,116,101,22,64,11,55,28,2,42"/><T16/><D105/><U104/><E104/><V62/><F115/><W82/><G116/><T76/><D70/><U124/><E71/><V79/><F120/><W37/><G101/><T118/><D118/><U119/><E119/><V78/><F125/><N who="1" m="48233" /><E46/><V74/><F69/><W53/><G64/><T89/><D66/><U26/><E15/><V12/><F49/><W60/><G60/><T58/><D35/><U36/><E36/><V47/><F47/><W59/><G42/><T93/><D31/><U117/><E117/><V44/><F44/><W45/><G37/><T0/><D0/><U123/><E123/><V107/><F107/><W73/><G32/><T132/><D132/><U109/><E109/><V88/><F12/><W113/><G113/><T75/><D93/><AGARI ba="0,0" hai="17,18,26,30,33,54,57,63,87,90,93" m="48233" machi="93" ten="30,1000,0" yaku="18,1" doraHai="129" who="1" fromWho="0" sc="250,-10,250,10,250,0,250,0" /><INIT seed="1,0,0,0,0,116" ten="240,260,250,250" oya="1" hai0="89,106,10,124,77,46,110,135,4,29,93,86,118" hai1="76,100,63,35,133,60,74,59,70,44,64,134,105" hai2="73,43,104,114,27,25,99,47,130,80,115,65,57" hai3="9,67,34,53,126,79,125,66,18,13,22,36,40"/><U49/><E35/><V55/><F65/><W61/><G34/><T14/><D118/><U121/><E76/><V50/><F130/><W24/><G79/><T1/><D110/><U87/><E74/><V69/><F69/><W6/><G53/><T108/><D108/><U88/><E100/><V68/><F68/><W26/><G61/><T129/><D106/><U109/><E105/><V113/><F73/><W32/><G40/><T117/><D117/><U132/><E109/><V111/><F111/><W42/><G42/><T12/><D129/><U98/><E98/><V123/><F123/><W28/><REACH who="3" step="1"/><G36/><REACH who="3" ten="240,260,250,240" step="2"/><T90/><D77/><U45/><E49/><V82/><F43/><W128/><G128/><T20/><D46/><U33/><E33/><V56/><F47/><W7/><G7/><T71/><D4/><U38/><E38/><V91/><F55/><W21/><G21/><T11/><D20/><U95/><E121/><V58/><F50/><W37/><G37/><T51/><D51/><U97/><E97/><V31/><F99/><W131/><G131/><T75/><D75/><U8/><E8/><V39/><F39/><W17/><G17/><T120/><D120/><U72/><E72/><V96/><F104/><W92/><G92/><T16/><D11/><U0/><E0/><V101/><F101/><W81/><G81/><N who="2" m="31337" /><F31/><W127/><AGARI ba="0,1" hai="6,9,13,18,22,24,26,28,32,66,67,125,126,127" machi="127" ten="30,4000,0" yaku="1,1,0,1,18,1,53,0" doraHai="116" doraHaiUra="85" who="3" fromWho="3" sc="240,-10,260,-20,250,-10,240,50" /><INIT seed="2,0,0,2,5,30" ten="230,240,240,290" oya="2" hai0="28,50,107,120,132,25,72,8,113,0,126,20,56" hai1="37,91,89,69,102,78,106,9,44,34,31,3,73" hai2="64,112,39,38,82,105,74,99,58,26,92,52,6" hai3="40,104,54,97,14,7,127,16,57,101,61,76,84"/><V98/><F112/><W123/><G123/><T15/><D107/><U119/><E69/><V116/><F116/><W23/><G127/><T100/><D72/><U121/><E119/><V95/><F64/><W77/><G40/><T51/><D100/><U33/><E121/><V41/><F105/><W83/><REACH who="3" step="1"/><G7/><REACH who="3" ten="230,240,240,280" step="2"/><T18/><D120/><U114/><E114/><V5/><F41/><W134/><G134/><T24/><D132/><U19/><E37/><V29/><F38/><W125/><G125/><T122/><D122/><U96/><E44/><V42/><F42/><W1/><G1/><T128/><D0/><U27/><E3/><V66/><F39/><W55/><G55/><T86/><D126/><U45/><E45/><V110/><F5/><W70/><G70/><T130/><D113/><U12/><E73/><V94/><F6/><W79/><AGARI ba="0,1" hai="14,16,23,54,57,61,76,77,79,83,84,97,101,104" machi="79" ten="20,5200,0" yaku="1,1,0,1,7,1,54,1,53,0" doraHai="30" doraHaiUra="108" who="3" fromWho="3" sc="230,-13,240,-13,240,-26,280,62" /><INIT seed="3,0,0,2,1,40" ten="217,227,214,342" oya="3" hai0="122,87,109,93,75,111,30,54,118,32,132,39,110" hai1="127,29,135,133,95,99,101,24,108,106,73,38,62" hai2="90,98,74,59,23,121,20,36,61,9,116,44,17" hai3="85,13,35,58,81,125,80,48,128,102,76,33,8"/><W120/><G120/><T84/><D122/><U97/><E108/><V89/><F121/><W42/><G128/><T88/><D118/><U12/><E73/><V91/><F116/><W34/><G125/><T92/><D39/><U100/><E127/><V27/><F74/><W105/><G102/><T47/><D75/><U14/><E38/><V49/><F36/><W57/><G105/><T66/><D66/><U67/><E12/><V71/><F71/><W134/><G81/><T114/><D132/><U11/><E99/><V19/><F9/><W117/><G134/><T52/><D114/><U77/><E77/><V46/><F49/><W21/><G21/><T15/><D15/><U103/><E106/><V104/><F104/><W112/><G112/><T45/><D30/><U25/><E135/><V10/><F10/><W16/><REACH who="3" step="1"/><G117/><REACH who="3" ten="217,227,214,332" step="2"/><T4/><D32/><U5/><E133/><V113/><F113/><W53/><G53/><N who="0" m="20587" /><D4/><U83/><E5/><V64/><REACH who="2" step="1"/><F98/><REACH who="2" ten="217,227,204,332" step="2"/><W7/><G7/><T56/><D110/><U82/><E97/><V50/><F50/><W130/><G130/><T43/><D109/><U96/><E96/><V6/><F6/><W1/><G1/><T18/><D111/><U79/><E11/><V70/><F70/><W115/><G115/><T107/><D107/><U41/><E79/><V65/><F65/><W26/><G26/><AGARI ba="0,2" hai="17,19,20,23,26,27,44,46,59,61,64,89,90,91" machi="26" ten="40,12000,2" yaku="1,1,9,1,8,1,52,2,53,1" doraHai="40" doraHaiUra="63" who="2" fromWho="3" sc="217,0,227,0,204,140,332,-120" /><INIT seed="4,0,0,4,4,43" ten="217,227,344,212" oya="0" hai0="52,115,49,78,59,16,104,58,25,105,76,26,102" hai1="37,19,112,63,85,14,77,28,116,64,91,94,11" hai2="90,73,125,30,120,24,100,40,128,39,133,71,31" hai3="107,54,81,12,62,35,80,89,29,106,135,15,111"/><T55/><D115/><U108/><E108/><V122/><F71/><W127/><G111/><T87/><D102/><U42/><E116/><V53/><F73/><W83/><G135/><T20/><D26/><U3/><E28/><V38/><F100/><W68/><G127/><T61/><REACH who="0" step="1"/><D87/><REACH who="0" ten="207,227,344,212" step="2"/><U65/><E112/><V4/><F24/><W72/><G72/><T23/><D23/><U1/><E85/><V6/><F125/><W41/><G107/><AGARI ba="0,1" hai="16,20,25,49,52,55,58,59,61,76,78,104,105,107" machi="107" ten="40,7700,0" yaku="1,1,54,2,53,0" doraHai="43" doraHaiUra="110" who="0" fromWho="3" sc="207,87,227,0,344,0,212,-77" /><INIT seed="4,1,0,3,5,97" ten="294,227,344,135" oya="0" hai0="80,45,20,112,5,64,128,15,72,4,132,8,105" hai1="21,115,100,83,71,51,13,61,77,124,103,94,79" hai2="109,69,104,67,88,44,50,35,111,95,36,116,42" hai3="118,73,46,41,19,40,81,17,98,47,2,10,60"/><T43/><D112/><U57/><E71/><V23/><F35/><W59/><G118/><T93/><D105/><U86/><E115/><V38/><F116/><W85/><G73/><T131/><D132/><U37/><E37/><V62/><F104/><W26/><G2/><T65/><D5/><U30/><E124/><V1/><F1/><W18/><G98/><T54/><D54/><U22/><E79/><V96/><REACH who="2" step="1"/><F23/><REACH who="2" ten="294,227,334,135" step="2"/><W87/><G10/><T123/><D20/><U25/><E22/><V106/><F106/><W48/><G26/><T11/><D8/><U117/><E117/><V58/><F58/><W63/><G59/><T16/><D123/><U134/><E13/><V66/><F66/><W31/><G31/><T0/><D65/><N who="1" m="39087" /><E134/><V32/><F32/><W28/><G28/><T91/><D64/><U127/><E127/><V33/><F33/><W74/><G74/><T78/><D15/><U92/><E30/><V55/><F55/><W122/><G122/><T82/><D16/><U6/><E25/><V129/><F129/><W76/><REACH who="3" step="1"/><G85/><REACH who="3" ten="294,227,334,125" step="2"/><N who="0" m="52463" /><D131/><U27/><E27/><V53/><F53/><W113/><G113/><T68/><D128/><U90/><E86/><V7/><F7/><W34/><G34/><T14/><D68/><U121/><E6/><V108/><AGARI ba="1,2" hai="36,38,42,44,50,62,67,69,88,95,96,108,109,111" machi="108" ten="30,4000,0" yaku="1,1,0,1,54,1,53,0" doraHai="97" doraHaiUra="9" who="2" fromWho="2" sc="294,-21,227,-11,334,63,125,-11" /><INIT seed="5,0,0,5,4,39" ten="273,216,397,114" oya="1" hai0="50,44,80,66,115,79,120,124,135,58,17,107,4" hai1="26,16,106,130,42,70,32,57,82,68,100,30,86" hai2="121,1,84,31,76,133,94,116,61,12,126,24,22" hai3="91,18,103,71,5,73,15,8,83,51,38,88,123"/><U113/><E113/><V104/><F116/><W75/><G38/><T97/><D115/><U11/><E130/><V127/><F121/><W93/><G123/><T65/><D120/><U56/><E70/><V62/><F104/><W105/><G71/><T85/><D124/><N who="2" m="47658" /><F1/><W64/><G64/><T128/><D128/><U78/><E68/><V10/><F133/><W6/><G75/><T77/><D77/><U117/><E117/><V101/><F101/><W43/><G105/><T13/><D135/><U81/><E81/><N who="2" m="47143" /><F94/><W67/><G67/><T87/><D87/><U29/><E29/><V37/><F37/><W48/><G83/><T90/><D58/><U53/><E53/><V20/><F20/><W28/><G73/><T108/><D108/><U74/><E74/><V119/><F119/><W134/><G134/><T69/><D69/><U122/><E122/><V110/><F110/><W114/><G114/><T45/><D107/><U131/><E131/><V132/><F132/><W60/><G103/><T72/><D72/><U118/><E118/><V98/><F98/><N who="3" m="57639" /><G91/><T21/><D66/><U3/><E3/><V59/><F59/><W0/><G0/><T55/><D65/><U54/><E54/><V36/><F36/><W40/><G28/><T2/><D2/><U25/><E100/><V35/><F35/><W49/><G60/><T102/><D102/><U23/><E106/><V9/><F62/><W112/><G112/><T14/><D90/><U33/><E33/><N who="2" m="20711" /><F61/><W46/><G46/><N who="0" m="28119" /><D97/><U99/><E99/><V95/><F95/><W109/><G109/><T111/><D111/><RYUUKYOKU ba="0,0" sc="273,10,216,-30,397,10,114,10" hai0="4,13,14,17,21,44,45,79,80,85" hai2="9,10,12,22" hai3="5,6,8,15,18,40,43,48,49,51" /><INIT seed="6,1,0,2,4,36" ten="283,186,407,124" oya="2" hai0="18,19,134,123,97,37,80,122,72,86,15,120,78" hai1="95,3,126,69,77,87,10,63,16,35,115,24,71" hai2="60,52,30,108,82,29,32,112,44,103,57,113,104" hai3="70,27,64,85,81,9,76,75,33,119,34,1,89"/><V20/><F32/><W107/><G119/><T129/><D129/><U48/><E115/><N who="2" m="44107" /><F108/><W106/><G89/><T131/><D131/><U7/><E126/><V4/><F4/><N who="3" m="1167" /><G85/><T127/><D127/><U51/><E77/><V62/><F62/><N who="3" m="40215" /><G27/><T50/><D37/><U54/><E63/><V6/><F6/><W68/><G68/><T67/><D134/><U132/><E132/><V124/><F124/><W31/><G31/><T55/><D67/><U13/><E51/><N who="2" m="28775" /><F20/><W26/><G26/><T23/><D97/><U128/><E24/><V84/><F103/><W88/><G88/><T66/><D66/><U98/><E7/><V40/><F40/><W46/><G46/><T74/><REACH who="0" step="1"/><D19/><REACH who="0" ten="273,186,407,124" step="2"/><U93/><E16/><V83/><F104/><AGARI ba="1,1" hai="33,34,75,76,81,104,106,107" m="40215,1167" machi="104" ten="30,2000,0" yaku="33,2" doraHai="36" who="3" fromWho="2" sc="273,0,186,0,407,-23,124,33" /><INIT seed="7,0,0,5,5,74" ten="273,186,384,157" oya="3" hai0="78,129,121,49,61,127,15,109,6,41,39,125,26" hai1="68,59,90,63,114,55,73,32,22,20,10,115,54" hai2="135,99,98,30,62,25,64,58,14,93,7,23,50" hai3="123,107,46,133,0,2,76,124,100,48,11,88,132"/><W60/><G123/><T9/><D109/><U105/><E32/><V101/><F135/><N who="3" m="51787" /><G124/><N who="0" m="47691" /><D121/><U44/><E105/><V117/><F117/><W118/><G118/><T111/><D111/><U131/><E131/><V119/><F119/><W94/><G107/><T108/><D108/><U116/><E116/><V81/><F81/><W5/><G60/><T53/><D61/><U104/><E104/><V86/><F50/><W89/><G0/><T21/><D129/><U38/><E73/><V65/><F86/><W24/><G24/><T37/><D41/><U130/><E130/><V122/><F122/><W28/><G28/><N who="0" m="17487" /><D78/><U12/><E63/><V102/><F64/><W87/><G100/><N who="2" m="38505" /><F93/><W80/><G94/><T112/><D112/><U1/><E115/><V56/><F56/><AGARI ba="0,0" hai="6,9,15,37,39,49,53,56" m="17487,47691" machi="56" ten="30,1000,0" yaku="18,1" doraHai="74" who="0" fromWho="2" sc="273,10,186,0,384,-10,157,0" owari="283,8.0,186,-21.0,374,47.0,157,-34.0" /></mjloggm>