<mjloggm ver="2.3"><GO type="225" lobby="0"/><UN n0="%E3%82%A6%E3%83%AB%E3%83%88%E3%83%A9%E7%AB%8B%E7%9B%B4" n1="%E6%97%A9%E7%94%B0%E9%80%B2" n2="%3E%5F%30%40%E6%9D%8F%E6%9D%8F%E8%BB%8D%E5%9C%98" n3="%E3%83%A9%E3%82%A4%E3%82%AB%40" dan="17,16,17,16" rate="2156.01,2190.59,2170.99,2053.40" sx="M,M,F,M"/><TAIKYOKU oya="0"/><INIT seed="0,0,0,1,3,95" ten="250,250,250,250" oya="0" hai0="114,63,98,33,54,59,42,92,112,96,16,70,83" hai1="23,60,100,31,68,11,99,107,25,27,73,53,62" hai2="90,79,46,48,47,18,122,8,93,4,67,55,26" hai3="125,86,78,66,36,9,127,76,75,52,87,14,39"/><T45/><D33/><U20/><E73/><V105/><F105/><W21/><G21/><T82/><D70/><U56/><E11/><V37/><F79/><N who="3" m="30251" /><G75/><T32/><D32/><U88/><E88/><V40/><F67/><W41/><G66/><T10/><D114/><U101/><E101/><V13/><F122/><W0/><G0/><T34/><D34/><U106/><E106/><V1/><F26/><W134/><G134/><T129/><D129/><U5/><E5/><V102/><F102/><W35/><G35/><T17/><D112/><U7/><E7/><V133/><F133/><W94/><G94/><T71/><D71/><U117/><E117/><V130/><F130/><W15/><G15/><N who="0" m="7287" /><D17/><U58/><E68/><V81/><F81/><N who="0" m="30730" /><D92/><U103/><E103/><V38/><F38/><W128/><G39/><T119/><D119/><U126/><E126/><V65/><F18/><N who="3" m="8527" /><G125/><T72/><D72/><U77/><E77/><V123/><F123/><W104/><G104/><T131/><D131/><U74/><E74/><V108/><F93/><W24/><G128/><T109/><D109/><U135/><E135/><V118/><F108/><W124/><G127/><T57/><D57/><U89/><E58/><V50/><F118/><W29/><G124/><T69/><D69/><U110/><E110/><V64/><F37/><W132/><G132/><T43/><D45/><U85/><E56/><V115/><F115/><W44/><G29/><T49/><D63/><U97/><E62/><V116/><F116/><W80/><G36/><T113/><D113/><U121/><E121/><V22/><F90/><RYUUKYOKU ba="0,0" sc="250,15,250,-15,250,15,250,-15" hai0="42,43,49,54,59,96,98" hai2="1,4,8,13,22,40,46,47,48,50,55,64,65" /><INIT seed="0,1,0,5,2,129" ten="265,235,265,235" oya="0" hai0="93,109,48,94,35,66,49,83,56,2,18,58,135" hai1="38,116,128,106,7,37,82,12,119,86,39,91,41" hai2="14,69,16,24,61,90,113,36,60,132,131,118,103" hai3="62,68,13,1,67,63,74,87,65,34,95,59,33"/><T71/><D35/><U102/><E128/><V17/><F131/><W54/><G74/><T111/><D2/><U10/><REACH who="1" step="1"/><E41/><REACH who="1" ten="265,225,265,235" step="2"/><V114/><F113/><W76/><G1/><T8/><D109/><U28/><E28/><V57/><F114/><W126/><G126/><T42/><D111/><U19/><E19/><V30/><F16/><W96/><G33/><T29/><D29/><U115/><E115/><V110/><F30/><W117/><G34/><T122/><D42/><U32/><E32/><V40/><F17/><W20/><G117/><T107/><D18/><U92/><E92/><V47/><F40/><W105/><G105/><T121/><D107/><U120/><E120/><V23/><F110/><W73/><G13/><T64/><D8/><U101/><E101/><V80/><F103/><W26/><G20/><T46/><D94/><U70/><E70/><V55/><F14/><W52/><G68/><T0/><D93/><U6/><E6/><V3/><F118/><W108/><G108/><T134/><D0/><U97/><AGARI ba="1,1" hai="7,10,12,37,38,39,82,86,91,97,102,106,116,119" machi="97" ten="40,2700,0" yaku="1,1,0,1,53,0" doraHai="129" doraHaiUra="72" who="1" fromWho="1" sc="265,-14,225,40,265,-8,235,-8" /><INIT seed="1,0,0,5,3,113" ten="251,265,257,227" oya="1" hai0="126,10,101,77,133,122,32,60,106,134,38,42,129" hai1="125,110,121,79,56,44,64,15,90,14,131,69,18" hai2="39,102,135,9,23,88,34,95,123,24,71,65,124" hai3="99,108,75,89,62,30,5,94,20,73,117,103,48"/><U37/><E121/><V12/><F123/><W55/><G108/><T107/><D32/><U109/><E69/><V92/><F34/><W100/><G5/><T68/><D122/><U21/><E79/><V81/><F39/><W50/><G62/><T116/><D77/><U93/><E64/><V120/><F120/><W41/><G41/><T6/><D129/><U132/><E131/><V59/><F71/><W61/><G61/><T66/><D126/><U91/><E56/><V97/><F135/><N who="0" m="51722" /><D101/><U17/><E132/><V53/><F65/><W130/><G130/><T46/><D116/><U74/><E74/><V8/><F81/><W118/><G75/><T63/><D63/><U1/><E1/><AGARI ba="0,0" hai="1,6,10,38,42,46,60,66,68,106,107" m="51722" machi="1" ten="30,2000,0" yaku="20,1,23,1" doraHai="113" who="0" fromWho="1" sc="251,20,265,-20,257,0,227,0" /><INIT seed="2,0,0,1,2,108" ten="271,245,257,227" oya="2" hai0="96,69,78,52,15,123,62,87,70,3,39,83,99" hai1="0,76,58,28,11,50,85,81,90,95,12,5,68" hai2="26,13,18,89,1,133,115,106,27,73,111,42,47" hai3="105,37,112,43,109,14,118,40,20,36,93,122,127"/><V29/><F115/><W125/><G118/><T51/><D39/><N who="3" m="14921" /><G122/><T56/><D3/><U6/><E68/><V48/><F1/><W132/><G109/><T113/><D113/><U32/><E32/><V102/><F133/><W2/><G132/><T120/><D123/><U79/><E28/><V107/><F73/><W16/><G2/><T110/><D110/><U71/><E71/><V63/><F27/><W64/><G105/><T82/><D120/><U88/><E0/><V119/><F119/><W75/><G75/><T65/><D70/><U9/><E9/><V45/><F45/><W46/><G64/><T53/><D15/><U126/><E6/><V124/><F63/><W10/><G112/><T23/><D23/><U101/><E101/><V116/><F89/><W4/><G46/><T61/><REACH who="0" step="1"/><D83/><REACH who="0" ten="261,245,257,227" step="2"/><U129/><E129/><V121/><F121/><W60/><G125/><T77/><D77/><U41/><E126/><V55/><F124/><W86/><G127/><T17/><D17/><U38/><E38/><V31/><F111/><W100/><G16/><T84/><D84/><U25/><E25/><V103/><F26/><W34/><G20/><T130/><D130/><U30/><E30/><V66/><F31/><W49/><G86/><T35/><D35/><U8/><E8/><N who="2" m="6439" /><F29/><W128/><G34/><T104/><D104/><U24/><E24/><V98/><F116/><W131/><G128/><T19/><D19/><U54/><E41/><V74/><F74/><W33/><G131/><T21/><D21/><U80/><E80/><V134/><F42/><N who="3" m="15915" /><G33/><T92/><D92/><RYUUKYOKU ba="0,1" sc="261,15,245,15,257,-15,227,-15" hai0="51,52,53,56,61,62,65,69,78,82,87,96,99" hai1="5,11,12,50,54,58,76,79,81,85,88,90,95" /><INIT seed="3,1,1,1,3,43" ten="276,260,242,212" oya="3" hai0="74,20,83,84,9,16,60,115,123,55,11,110,14" hai1="69,76,62,124,17,86,85,54,10,92,128,31,46" hai2="42,114,133,47,118,29,89,127,38,101,103,27,7" hai3="37,93,64,61,63,70,71,67,19,73,15,126,80"/><W39/><G126/><T112/><D74/><U105/><E105/><V58/><F127/><W44/><G44/><T72/><D72/><U90/><E124/><V125/><F118/><W36/><G93/><T75/><D75/><U98/><E69/><V32/><F114/><N who="0" m="43562" /><D110/><U45/><E31/><V66/><F133/><W97/><G97/><T104/><D104/><U33/><E33/><V122/><F122/><W108/><G108/><T106/><D106/><U131/><E62/><V96/><F7/><W109/><G109/><T51/><D60/><U13/><E54/><V28/><F28/><W23/><REACH who="3" step="1"/><G39/><REACH who="3" ten="276,260,242,202" step="2"/><T59/><D123/><U91/><E131/><V116/><F125/><W94/><G94/><T95/><D95/><N who="1" m="54743" /><E128/><V119/><F116/><W26/><G26/><T65/><D65/><U22/><E10/><V68/><F119/><W0/><G0/><T132/><D132/><U50/><E50/><V40/><F66/><W135/><G135/><T107/><D107/><U5/><E98/><V102/><F96/><W21/><G21/><T82/><D82/><U41/><E92/><V99/><F99/><W3/><G3/><T53/><D53/><U35/><E22/><V121/><F38/><W88/><G88/><AGARI ba="1,2" hai="9,11,14,16,20,51,55,59,83,84,88" m="43562" machi="88" ten="30,3900,0" yaku="11,1,54,2" doraHai="43" who="0" fromWho="3" sc="276,62,260,0,242,0,202,-42" owari="338,44.0,260,6.0,242,-16.0,160,-34.0" /></mjloggm>