<mjloggm ver="2.3"><GO type="225" lobby="0"/><UN n0="%E5%AF%8C%E7%94%B7%E3%81%A7%E3%81%99" n1="%E5%B0%B1%E6%B4%BB%E7%94%9F%40%E5%B7%9D%E6%9D%91%E8%BB%8D%E5%9B%A3" n2="%E3%83%91%E3%82%B7%E3%83%AA%EF%BC%A0%E5%B7%9D%E6%9D%91%E8%BB%8D%E5%9B%A3" n3="%E3%81%BF%E3%81%BF%E3%81%9A" dan="16,18,16,17" rate="2050.66,2206.88,2139.65,2215.02" sx="M,M,M,M"/><TAIKYOKU oya="0"/><INIT seed="0,0,0,5,0,55" ten="250,250,250,250" oya="0" hai0="41,58,81,109,64,110,72,89,88,104,120,36,35" hai1="39,23,65,44,25,102,79,18,60,48,91,134,17" hai2="83,31,96,95,106,127,61,115,111,94,105,59,46" hai3="38,66,3,63,8,121,2,15,92,20,101,56,132"/><T47/><D120/><U51/><E134/><V7/><F115/><W40/><G132/><T27/><D104/><U133/><E133/><V82/><F111/><N who="0" m="42506" /><D35/><U85/><E102/><V77/><F127/><W103/><G121/><T13/><D27/><U1/><E1/><V24/><F7/><W30/><G38/><T78/><D13/><U100/><E100/><V34/><F46/><W16/><G40/><T53/><D64/><U76/><E39/><V129/><F129/><W49/><G49/><AGARI ba="0,0" hai="36,41,47,49,53,58,72,78,81,88,89" m="42506" machi="49" ten="30,11600,0" yaku="14,1,10,1,52,1,54,1" doraHai="55" who="0" fromWho="3" sc="250,116,250,0,250,0,250,-116" /><INIT seed="0,1,0,2,2,55" ten="366,250,250,134" oya="0" hai0="59,36,24,129,62,94,123,1,52,13,82,117,37" hai1="49,21,79,44,39,88,71,125,31,57,53,5,126" hai2="87,122,28,103,90,111,120,15,107,132,106,85,102" hai3="80,69,22,3,124,127,86,38,60,12,41,76,40"/><T77/><D123/><N who="2" m="47146" /><F15/><W100/><G3/><T32/><D117/><U116/><E71/><V16/><F16/><N who="3" m="10503" /><G38/><T73/><D129/><U2/><E79/><V74/><F28/><W108/><G108/><T25/><D1/><U130/><E116/><V63/><F74/><W43/><G100/><N who="2" m="38441" /><F63/><W47/><G69/><T97/><D13/><U84/><E130/><V110/><F132/><W23/><G23/><T75/><D75/><U93/><E2/><V14/><F14/><W64/><G64/><T18/><D25/><N who="1" m="16815" /><E5/><V133/><F133/><W68/><G60/><T48/><D62/><U0/><E0/><V115/><F115/><W20/><G20/><T104/><D18/><U66/><E66/><V78/><F78/><W118/><G68/><T45/><D24/><U72/><E72/><V91/><F87/><W128/><G118/><T112/><D112/><U114/><E114/><V10/><F10/><W121/><G128/><T109/><D73/><U29/><E29/><V34/><F34/><W30/><G121/><T83/><D32/><U134/><E134/><V54/><F85/><W46/><G30/><T35/><D35/><U17/><E17/><V135/><F135/><W67/><G67/><T101/><D77/><U99/><E99/><V98/><F98/><W105/><G105/><N who="2" m="39945" /><F111/><W61/><G61/><N who="0" m="36071" /><D109/><U26/><E26/><V95/><F110/><W92/><G92/><T89/><D104/><U113/><E113/><V65/><F95/><W8/><G8/><T33/><D33/><U19/><E19/><V11/><F65/><W9/><G9/><T96/><D96/><RYUUKYOKU ba="1,0" sc="366,-15,250,15,250,-15,134,15" hai1="39,44,49,53,57,84,88,93,125,126" hai3="40,41,43,46,47,76,80,86,124,127" /><INIT seed="1,2,0,1,5,59" ten="351,265,235,149" oya="1" hai0="87,26,24,99,81,8,110,85,9,21,77,84,38" hai1="106,51,53,112,68,102,23,16,129,108,121,75,12" hai2="58,69,2,90,14,130,78,10,60,71,125,94,37" hai3="22,48,76,44,66,83,101,4,67,126,30,73,17"/><U6/><E112/><V98/><F37/><W95/><G126/><T54/><D110/><U5/><E121/><V34/><F2/><W35/><G35/><T47/><D99/><U111/><E75/><V122/><F122/><W64/><G30/><N who="0" m="17679" /><D38/><U123/><E68/><V119/><F119/><W19/><G4/><T56/><D47/><U31/><E31/><V116/><F116/><W74/><G74/><T120/><D120/><U20/><E129/><V63/><F34/><W43/><REACH who="3" step="1"/><G22/><REACH who="3" ten="351,265,235,139" step="2"/><T117/><D117/><U52/><E23/><V124/><F130/><W118/><G118/><T114/><D114/><U109/><E123/><V92/><F124/><W133/><G133/><T57/><D26/><U135/><E135/><V79/><F125/><W93/><G93/><T45/><D9/><U50/><E106/><V96/><F92/><W32/><G32/><T15/><D8/><U61/><E6/><V97/><F94/><W41/><G41/><T82/><D82/><U113/><E5/><V42/><F42/><W127/><G127/><T131/><D131/><U65/><E113/><V128/><F128/><W55/><G55/><N who="1" m="21066" /><E102/><V115/><F115/><W80/><G80/><T3/><D81/><U49/><E109/><V91/><F10/><W11/><G11/><T33/><D33/><U103/><E103/><V70/><F14/><W36/><G36/><T134/><D134/><U62/><E108/><V86/><F97/><AGARI ba="2,1" hai="17,19,43,44,48,64,66,67,73,76,83,95,97,101" machi="97" ten="40,2600,0" yaku="1,1,53,1" doraHai="59" doraHaiUra="88" who="3" fromWho="2" sc="351,0,265,0,235,-32,139,42" /><INIT seed="2,0,0,2,0,34" ten="351,265,203,181" oya="2" hai0="119,63,25,27,20,64,15,109,130,14,51,56,4" hai1="126,28,17,81,48,123,101,7,84,58,46,55,23" hai2="22,11,33,133,21,121,87,2,102,70,50,65,124" hai3="100,78,98,39,36,91,24,57,99,131,93,1,115"/><V134/><F33/><W30/><G131/><T85/><D109/><U8/><E126/><V113/><F113/><W75/><G115/><T9/><D130/><U76/><E123/><V26/><F121/><W60/><G1/><T6/><D119/><U31/><E101/><V68/><F124/><W110/><G110/><T32/><D32/><U45/><E45/><V29/><F102/><W128/><G128/><T67/><D85/><U122/><E122/><V10/><F50/><W86/><G98/><T105/><D105/><U97/><E97/><V61/><F70/><W83/><G24/><N who="0" m="9291" /><D51/><U71/><E71/><V53/><F53/><W40/><G30/><T118/><D118/><U127/><E127/><V44/><F44/><W94/><REACH who="3" step="1"/><G40/><REACH who="3" ten="351,265,203,171" step="2"/><T80/><D15/><N who="1" m="5535" /><E58/><V79/><F68/><W38/><G38/><T47/><D56/><U52/><E55/><AGARI ba="0,1" hai="36,39,55,57,60,75,78,83,86,91,93,94,99,100" machi="55" ten="30,3900,0" yaku="1,1,7,1,53,1" doraHai="34" doraHaiUra="72" who="3" fromWho="1" sc="351,0,265,-39,203,0,171,49" /><INIT seed="3,0,0,3,1,88" ten="351,226,203,220" oya="3" hai0="22,30,2,110,102,105,80,113,6,118,93,1,108" hai1="56,3,67,40,73,97,111,95,78,130,121,13,17" hai2="38,48,46,87,11,116,4,75,120,14,117,25,26" hai3="58,49,7,29,98,109,24,32,43,61,115,65,63"/><W72/><G115/><T55/><D118/><U20/><E3/><V92/><F75/><W35/><G72/><T37/><D105/><U132/><E111/><V74/><F74/><W50/><G109/><T82/><D37/><U85/><E130/><V84/><F38/><W129/><G129/><T9/><D2/><U77/><E132/><V44/><F120/><W70/><G32/><T59/><D113/><U18/><E121/><V27/><F117/><W119/><G119/><T101/><D101/><N who="1" m="60607" /><E73/><V33/><F33/><W128/><G128/><T39/><D82/><N who="1" m="47311" /><E78/><V45/><F116/><W64/><G43/><T69/><D108/><U19/><E40/><N who="2" m="24583" /><F87/><W133/><G133/><T47/><D39/><U60/><AGARI ba="0,0" hai="13,17,18,19,20,56,60,67" m="47311,60607" machi="60" ten="30,2000,0" yaku="8,1,52,1" doraHai="88" who="1" fromWho="1" sc="351,-5,226,20,203,-5,220,-10" owari="346,44.0,246,5.0,198,-30.0,210,-19.0" /></mjloggm>