<mjloggm ver="2.3"><GO type="169" lobby="0"/><UN n0="%E3%82%A6%E3%83%AB%E3%83%88%E3%83%A9%E7%AB%8B%E7%9B%B4" n1="%68%65%74" n2="%62%61%6B%61%73%65" n3="%E8%A5%BF%E6%9D%91%E9%9B%84%E4%B8%80%E9%83%8E" dan="18,16,16,16" rate="2235.47,2082.81,2103.13,2138.97" sx="M,M,F,M"/><TAIKYOKU oya="0"/><INIT seed="0,0,0,0,5,40" ten="250,250,250,250" oya="0" hai0="123,6,81,70,23,22,25,89,57,93,74,21,38" hai1="39,94,121,126,60,134,33,122,1,34,115,84,86" hai2="90,56,11,87,98,49,2,110,76,78,119,68,48" hai3="105,62,37,101,124,73,75,69,19,54,100,79,117"/><T41/><D70/><U27/><E1/><V92/><F68/><W0/><G54/><T125/><D123/><U65/><E39/><V51/><F110/><W80/><G19/><T112/><D112/><U66/><E115/><V113/><F113/><W42/><G117/><T107/><D107/><U52/><E134/><V16/><F119/><W95/><G75/><T67/><D6/><U135/><E135/><V64/><F2/><W32/><G95/><T97/><D125/><U116/><E126/><V99/><F64/><W44/><G32/><T59/><D67/><U43/><E43/><V129/><F56/><W109/><G124/><T50/><D38/><U8/><E8/><V46/><F129/><W29/><G29/><T15/><D15/><U108/><E108/><V58/><F58/><N who="0" m="22026" /><D81/><U128/><E128/><V28/><F28/><W31/><G31/><N who="0" m="17839" /><D74/><U45/><E116/><V14/><REACH who="2" step="1"/><F46/><AGARI ba="0,0" hai="22,23,41,46,50,89,93,97" m="17839,22026" machi="46" ten="30,2900,0" yaku="8,1,52,1" doraHai="40" who="0" fromWho="2" sc="250,29,250,0,250,-29,250,0" /><INIT seed="0,1,0,2,4,53" ten="279,250,221,250" oya="0" hai0="120,15,98,90,118,76,105,34,44,92,31,95,93" hai1="80,103,51,131,54,97,114,125,99,69,88,108,8" hai2="102,7,63,68,110,33,78,77,87,112,115,29,101" hai3="41,30,35,56,50,126,28,21,37,19,65,61,14"/><T79/><D34/><U117/><E117/><V84/><F7/><W58/><G126/><T27/><D118/><U129/><E69/><V47/><F68/><W18/><G37/><T24/><D120/><U55/><E125/><V66/><F33/><W60/><G35/><T0/><D0/><U6/><E108/><V100/><F47/><N who="3" m="25967" /><G18/><T122/><D122/><U46/><E114/><N who="2" m="43563" /><F63/><W111/><G111/><T17/><D44/><U38/><E38/><V75/><F29/><W64/><AGARI ba="1,0" hai="14,19,21,28,30,56,58,60,61,64,65" m="25967" machi="64" ten="30,4000,0" yaku="8,1,52,2" doraHai="53" who="3" fromWho="3" sc="279,-21,250,-11,221,-11,250,43" /><INIT seed="1,0,0,3,1,6" ten="258,239,210,293" oya="1" hai0="113,100,63,20,82,105,90,97,128,50,73,78,39" hai1="110,107,109,2,127,59,98,60,26,0,38,46,43" hai2="22,67,72,30,121,9,8,129,48,126,111,84,16" hai3="23,3,114,51,37,93,52,45,13,31,85,42,92"/><U34/><E127/><V125/><F72/><W33/><G3/><T19/><D39/><U47/><E47/><V64/><F121/><W70/><G114/><T36/><D36/><U24/><E107/><V112/><F112/><W88/><G70/><T119/><D119/><U40/><E98/><V49/><F30/><W76/><G33/><T130/><D113/><U103/><E103/><V104/><F104/><W68/><G68/><T122/><D63/><U80/><E43/><V11/><F111/><N who="1" m="42505" /><E80/><V83/><F129/><N who="0" m="49770" /><D50/><N who="2" m="19562" /><F126/><W21/><G76/><T56/><D56/><U131/><E131/><V35/><F35/><W29/><G93/><T75/><D90/><U81/><E81/><V28/><F28/><W53/><G53/><T77/><D77/><U69/><E69/><V108/><F125/><W123/><G123/><T118/><D122/><U133/><E133/><V132/><F132/><W71/><G71/><T124/><D124/><U54/><E34/><V55/><F55/><W27/><G37/><T102/><D102/><U57/><E57/><V117/><F117/><W120/><G120/><T58/><D58/><U17/><E17/><V4/><F4/><W106/><G106/><T1/><D118/><U62/><E62/><V12/><F108/><W116/><G116/><T79/><D79/><AGARI ba="0,0" hai="8,9,11,12,16,22,64,67,79,83,84" m="19562" machi="79" ten="30,8000,1" yaku="8,1,52,3,54,1" doraHai="6" who="2" fromWho="0" sc="258,-80,239,0,210,80,293,0" /><INIT seed="2,0,0,2,0,69" ten="178,239,290,293" oya="2" hai0="71,77,70,83,33,22,94,110,79,105,58,130,106" hai1="23,60,108,88,44,80,21,92,39,12,63,54,2" hai2="0,18,57,9,72,115,74,95,75,15,34,25,101" hai3="118,128,73,117,126,67,131,114,10,14,122,4,7"/><V107/><F115/><W133/><G67/><T37/><D58/><U56/><E2/><V78/><F0/><W124/><G73/><T66/><D94/><U120/><E108/><V30/><F107/><N who="0" m="40970" /><D22/><U31/><E120/><V47/><F57/><W59/><G59/><T132/><D66/><U5/><E80/><V134/><F134/><W28/><G122/><T82/><D110/><U113/><E113/><V24/><F24/><W49/><G49/><T36/><D132/><U17/><E63/><V112/><F112/><W55/><G55/><T32/><D130/><N who="3" m="49705" /><G133/><T29/><D29/><U86/><E31/><V98/><REACH who="2" step="1"/><F47/><REACH who="2" ten="178,239,280,293" step="2"/><W91/><G114/><T93/><D93/><U68/><E68/><N who="0" m="26153" /><D83/><AGARI ba="0,1" hai="9,15,18,25,30,34,72,74,75,78,83,95,98,101" machi="83" ten="40,3900,0" yaku="1,1,53,1" doraHai="69" doraHaiUra="96" who="2" fromWho="0" sc="178,-39,239,0,280,49,293,0" /><INIT seed="2,1,0,0,3,112" ten="139,239,329,293" oya="2" hai0="52,34,77,19,101,21,114,10,110,81,133,124,108" hai1="22,37,106,90,25,3,115,23,116,58,126,79,132" hai2="41,43,82,130,46,1,7,68,122,113,54,123,93" hai3="92,61,118,40,6,125,8,83,20,129,63,2,39"/><V91/><F113/><W88/><G118/><T103/><D34/><U127/><E79/><V50/><F68/><W128/><G125/><T15/><D114/><U102/><E90/><V26/><F130/><N who="3" m="50283" /><G83/><T86/><D124/><U96/><E37/><V33/><F82/><W48/><G39/><T98/><D133/><U119/><E3/><V73/><F73/><W57/><G20/><T5/><D52/><U30/><E115/><V56/><F43/><W38/><G38/><T60/><D60/><U31/><E132/><V84/><F1/><W11/><G11/><T51/><D51/><U72/><E72/><V0/><F0/><W65/><G65/><T80/><D80/><U134/><E134/><V89/><F7/><W95/><G95/><T27/><REACH who="0" step="1"/><D98/><REACH who="0" ten="129,239,329,293" step="2"/><U29/><E127/><V66/><F66/><W105/><G63/><T135/><D135/><U18/><E126/><V121/><F41/><W78/><G61/><T9/><D9/><U53/><REACH who="1" step="1"/><E23/><REACH who="1" ten="129,229,329,293" step="2"/><V13/><F123/><W32/><G8/><T74/><D74/><U28/><N who="1" m="7680" /><DORA hai="47" /><U4/><E4/><V24/><F122/><W111/><G6/><T35/><D35/><U131/><E131/><V87/><F33/><W59/><G32/><T76/><D76/><U49/><AGARI ba="1,2" hai="18,22,25,49,53,58,96,102,106,116,119" m="7680" machi="49" ten="40,8000,1" yaku="1,1,0,1,52,3,53,0" doraHai="112,47" doraHaiUra="62,71" who="1" fromWho="1" sc="129,-21,229,103,329,-41,293,-21" /><INIT seed="3,0,0,4,3,16" ten="108,332,288,272" oya="3" hai0="128,17,36,113,70,112,130,51,73,83,85,107,9" hai1="43,132,34,66,101,76,89,74,81,22,6,11,2" hai2="124,26,93,20,29,126,79,69,53,56,123,68,31" hai3="30,90,35,99,28,40,59,33,131,100,120,14,102"/><W118/><G118/><T47/><D70/><U64/><E34/><V135/><F135/><W48/><G120/><T127/><D36/><U52/><E132/><V32/><F123/><W50/><G14/><N who="0" m="7375" /><D107/><U21/><E101/><V13/><F79/><W117/><G117/><T46/><D73/><U114/><E114/><N who="0" m="44137" /><D127/><N who="2" m="48682" /><F93/><W80/><G131/><N who="0" m="50219" /><D51/><U10/><E10/><V88/><F88/><AGARI ba="0,0" hai="46,47,83,85,88" m="50219,44137,7375" machi="88" ten="30,3900,0" yaku="11,1,19,1,54,1" doraHai="16" who="0" fromWho="2" sc="108,39,332,0,288,-39,272,0" /><INIT seed="4,0,0,1,4,36" ten="147,332,249,272" oya="0" hai0="80,96,57,95,105,50,47,72,26,10,2,32,20" hai1="14,118,5,3,125,63,87,52,112,107,127,103,33" hai2="89,45,88,114,102,106,66,9,81,51,111,77,46" hai3="70,58,115,109,132,75,101,130,67,22,69,133,91"/><T25/><D105/><U6/><E3/><V113/><F111/><W128/><G75/><T108/><D108/><U4/><E33/><V71/><F66/><W49/><G101/><T35/><D57/><U62/><E118/><V39/><F71/><N who="3" m="27147" /><G91/><T27/><D20/><U97/><E112/><N who="2" m="43115" /><F9/><W120/><G22/><T122/><D122/><U119/><E119/><V29/><F29/><W85/><G85/><T30/><D30/><U76/><E14/><V126/><F126/><N who="1" m="48137" /><E52/><N who="2" m="29807" /><F102/><W98/><G98/><T13/><D2/><U90/><E76/><V19/><F106/><W129/><G115/><T55/><D80/><AGARI ba="0,0" hai="4,5,6,62,63,80,87,90,97,103,107" m="48137" machi="80" ten="30,1000,0" yaku="18,1" doraHai="36" who="1" fromWho="0" sc="147,-10,332,10,249,0,272,0" /><INIT seed="5,0,0,2,1,63" ten="137,342,249,272" oya="1" hai0="122,34,125,85,36,64,70,110,68,130,77,87,91" hai1="24,105,99,21,44,2,41,124,15,94,50,60,73" hai2="120,107,86,51,113,33,127,53,45,11,133,23,95" hai3="25,100,109,79,114,83,88,42,3,38,102,108,97"/><U10/><E105/><V129/><F107/><W19/><G3/><T56/><D110/><U75/><E2/><V131/><F33/><W66/><G66/><T103/><D34/><U80/><E80/><V31/><F120/><W112/><G42/><T84/><D36/><U40/><E40/><V96/><F127/><W82/><G19/><T47/><D125/><U13/><E13/><V135/><F86/><N who="0" m="33386" /><D70/><U123/><E123/><V117/><F117/><W54/><G54/><T111/><D68/><U59/><E124/><V93/><F113/><N who="3" m="43627" /><G25/><T90/><D111/><N who="3" m="42569" /><G38/><T62/><D122/><U128/><E15/><V9/><F23/><W37/><G37/><T55/><D130/><N who="2" m="49674" /><F31/><W121/><G121/><T72/><D103/><N who="3" m="39465" /><G79/><T30/><D30/><U32/><E10/><V61/><F11/><W71/><G71/><T115/><D115/><U17/><E32/><V78/><F78/><W101/><G88/><N who="0" m="33835" /><D47/><U134/><E128/><V126/><F126/><W22/><G22/><T46/><D46/><U118/><E44/><V35/><F9/><W6/><G6/><T16/><D16/><U27/><E17/><V98/><F35/><W0/><G0/><T26/><D26/><U28/><E27/><V29/><F29/><W65/><G65/><T43/><D43/><U76/><E41/><V14/><F14/><W104/><AGARI ba="0,0" hai="82,83,97,101,104" m="39465,42569,43627" machi="104" ten="40,5200,0" yaku="15,1,34,2" doraHai="63" who="3" fromWho="3" sc="137,-13,342,-26,249,-13,272,52" /><INIT seed="6,0,0,4,4,77" ten="124,316,236,324" oya="2" hai0="50,64,86,21,65,124,105,114,16,72,92,59,89" hai1="48,123,121,120,93,132,14,74,3,58,111,116,102" hai2="101,22,106,26,29,113,96,119,125,15,118,133,75" hai3="67,104,30,53,79,31,66,7,39,84,129,61,82"/><V55/><F75/><W99/><G39/><T37/><D124/><U90/><E3/><V91/><F125/><W87/><G7/><T110/><D114/><U57/><E116/><V126/><F126/><W62/><G104/><T33/><D110/><U128/><E111/><V1/><F1/><W122/><G99/><T78/><D33/><U70/><E70/><V52/><F113/><W97/><G97/><T9/><D105/><U4/><E102/><V68/><F68/><W135/><G53/><N who="0" m="32183" /><D37/><U60/><E74/><V76/><F76/><W43/><G43/><T11/><D72/><U131/><E132/><V10/><F133/><W28/><G122/><T35/><D35/><U112/><E112/><V95/><F119/><W130/><G87/><N who="0" m="52287" /><D65/><N who="3" m="24585" /><G135/><T51/><D51/><U18/><E48/><V127/><F118/><W42/><G42/><T17/><D17/><U6/><E60/><V81/><F106/><W71/><G71/><T100/><D64/><U24/><E58/><V34/><F34/><W19/><G19/><T32/><D32/><U27/><E57/><V46/><F46/><W23/><G23/><T85/><D100/><U98/><E4/><N who="2" m="3527" /><F127/><W134/><G134/><T45/><D45/><U83/><E6/><V0/><F0/><W88/><G62/><T54/><D54/><U5/><E5/><V49/><F49/><W20/><G61/><T63/><D63/><U47/><E47/><V94/><F55/><W69/><G69/><T38/><D38/><U2/><E2/><V80/><F52/><W103/><G103/><T40/><D40/><U12/><E121/><RYUUKYOKU ba="0,0" sc="124,-10,316,-10,236,30,324,-10" hai2="22,26,29,80,81,91,94,95,96,101" /><INIT seed="6,1,0,3,2,105" ten="114,306,266,314" oya="2" hai0="31,132,78,39,79,121,61,50,38,45,92,120,42" hai1="55,7,59,63,131,75,36,100,106,33,6,128,1" hai2="88,91,130,40,133,116,72,4,119,127,12,52,107" hai3="51,58,117,90,126,8,35,95,102,70,18,86,14"/><V37/><F107/><W60/><G35/><T118/><D31/><U3/><E33/><V17/><F4/><N who="1" m="1577" /><E36/><V23/><F72/><W25/><G117/><T77/><D118/><U111/><E111/><V115/><F119/><W101/><G126/><T19/><D132/><U69/><E75/><V83/><F116/><W32/><G70/><T85/><D19/><U65/><E100/><V89/><F127/><W82/><G51/><T66/><D39/><U80/><E80/><V108/><F133/><W81/><G25/><T97/><D38/><U10/><E10/><V43/><F37/><W124/><G32/><T22/><D22/><U41/><E41/><N who="2" m="15947" /><F115/><W46/><G46/><T48/><D48/><N who="1" m="31207" /><E106/><V135/><F135/><W113/><G113/><T26/><D26/><U34/><E34/><V87/><F130/><AGARI ba="1,0" hai="1,3,63,65,69,128,130,131" m="31207,1577" machi="130" ten="30,1000,0" yaku="19,1" doraHai="105" who="1" fromWho="2" sc="114,0,306,13,266,-13,314,0" /><INIT seed="7,0,0,3,4,89" ten="114,319,253,314" oya="3" hai0="64,33,92,90,88,49,81,15,112,118,78,19,122" hai1="39,9,12,7,101,40,62,68,18,120,87,104,96" hai2="25,34,76,91,4,61,70,20,130,117,53,41,47" hai3="32,31,124,74,65,93,133,63,79,114,80,71,135"/><W57/><G114/><T67/><D33/><U54/><E120/><V66/><F130/><W8/><G124/><T125/><D122/><U38/><E40/><V106/><F106/><W26/><G93/><T85/><D118/><U115/><E115/><V37/><F117/><W108/><G108/><T72/><D125/><U27/><E87/><V105/><F105/><W17/><G17/><T5/><D112/><U103/><E103/><V46/><F76/><W110/><G110/><T119/><D119/><U113/><E113/><V73/><F73/><W56/><G8/><T21/><D5/><U109/><E109/><V51/><F34/><W77/><G77/><T35/><D35/><U126/><E126/><V102/><F102/><W127/><G127/><T48/><D48/><U29/><E18/><V1/><F91/><W121/><G121/><T69/><D69/><U95/><E104/><V45/><F1/><W116/><G116/><T131/><D131/><U59/><E68/><V55/><F4/><W13/><G13/><T58/><REACH who="0" step="1"/><D90/><REACH who="0" ten="104,319,253,314" step="2"/><U111/><E111/><V107/><F70/><W98/><G71/><T16/><D16/><U44/><E38/><V6/><F6/><W82/><G32/><T128/><D128/><U86/><E39/><V132/><F51/><W3/><G135/><T22/><D22/><U134/><E134/><V14/><F20/><W99/><G133/><T10/><D10/><U75/><E9/><V36/><F36/><W94/><G31/><T123/><D123/><U83/><E29/><V23/><F37/><W11/><G11/><T50/><D50/><RYUUKYOKU ba="0,1" sc="104,30,319,-10,253,-10,314,-10" hai0="15,19,21,49,58,64,67,72,78,81,85,88,92" owari="134,-37.0,319,43.0,243,-16.0,304,10.0" /></mjloggm>