<mjloggm ver="2.3"><GO type="169" lobby="0"/><UN n0="%74%6E%66%73%68%32%30%34" n1="%E3%83%A6%E3%83%AA%E3%82%A2" n2="%E5%B0%B1%E6%B4%BB%E7%94%9F%40%E5%B7%9D%E6%9D%91%E8%BB%8D%E5%9B%A3" n3="%E3%82%82%E3%81%9A%E3%81%8F%E3%80%82" dan="17,16,16,16" rate="2210.49,2117.38,2128.79,2055.81" sx="M,F,M,M"/><TAIKYOKU oya="0"/><INIT seed="0,0,0,2,4,103" ten="250,250,250,250" oya="0" hai0="19,66,77,95,63,53,112,105,108,18,90,117,80" hai1="57,68,121,39,0,37,122,64,42,11,10,23,99" hai2="45,1,118,107,93,100,119,35,91,28,88,82,47" hai3="115,54,56,61,38,58,85,33,29,16,84,60,113"/><T132/><D117/><N who="2" m="44554" /><F1/><W2/><G38/><T106/><D112/><U134/><E134/><V62/><F35/><W131/><G2/><T87/><D132/><U110/><E110/><V92/><F28/><W116/><G116/><T81/><D53/><U83/><E0/><V128/><F62/><W101/><G131/><T102/><D108/><U8/><E23/><V135/><F135/><W44/><G44/><N who="2" m="16969" /><F128/><W126/><G29/><T98/><D81/><U31/><E31/><V130/><F130/><W96/><G33/><T15/><D77/><U7/><E7/><V27/><F27/><W13/><G115/><T40/><D40/><U75/><E42/><V109/><F109/><W14/><G113/><T73/><D73/><U51/><E75/><V26/><F26/><W9/><G13/><T55/><D55/><U104/><E83/><V97/><F82/><W70/><G70/><T78/><D78/><U67/><E68/><V5/><F5/><W129/><G129/><T6/><D6/><U50/><E57/><V24/><F24/><W74/><G74/><T111/><D111/><U34/><E34/><V120/><F120/><W21/><G21/><T41/><D41/><U133/><E133/><V72/><F72/><W76/><G76/><T48/><D48/><U69/><E69/><V52/><F52/><W125/><G60/><T124/><D15/><U36/><E39/><V32/><F32/><W20/><G20/><T59/><D124/><N who="3" m="47721" /><G58/><T123/><D123/><U86/><E11/><V114/><F114/><W79/><G79/><T12/><D12/><U43/><E122/><RYUUKYOKU ba="0,0" sc="250,10,250,-30,250,10,250,10" hai0="18,19,59,63,66,80,87,90,95,98,102,105,106" hai2="88,91,92,93,97,100,107" hai3="9,14,16,54,56,61,84,85,96,101" /><INIT seed="0,1,0,1,3,13" ten="260,220,260,260" oya="0" hai0="90,104,45,91,87,6,89,108,37,21,41,81,113" hai1="117,2,0,10,43,8,68,69,57,129,120,84,30" hai2="53,131,83,64,110,133,116,70,46,5,49,122,12" hai3="88,19,44,74,32,105,93,36,17,35,27,123,39"/><T111/><D113/><U101/><E120/><V94/><F122/><W100/><G123/><T38/><D104/><U24/><E117/><V26/><F116/><W58/><G74/><T102/><D102/><U134/><E101/><V130/><F110/><N who="0" m="42026" /><D6/><U50/><E129/><V132/><F26/><W47/><G100/><T119/><D119/><U60/><E134/><N who="2" m="51819" /><F83/><W48/><G105/><T126/><D126/><U18/><E84/><V78/><F78/><W1/><G1/><T16/><D38/><U98/><E98/><V4/><F94/><W23/><G58/><T51/><D37/><U15/><E69/><V128/><F12/><AGARI ba="1,0" hai="12,16,21,41,45,51,81,87,89,90,91" m="42026" machi="12" ten="30,11600,0" yaku="14,1,10,1,52,1,54,1" doraHai="13" who="0" fromWho="2" sc="260,119,220,0,260,-119,260,0" /><INIT seed="0,2,0,0,5,106" ten="379,220,141,260" oya="0" hai0="65,74,27,87,123,97,44,18,12,85,28,59,104" hai1="109,25,3,38,42,117,114,128,39,26,121,40,90" hai2="14,53,70,32,73,126,50,6,52,63,119,58,115" hai3="86,36,83,35,131,62,100,132,112,66,93,77,0"/><T33/><D123/><U64/><E121/><V46/><F32/><W101/><G112/><T130/><D74/><U57/><E117/><V13/><F115/><W84/><G35/><T69/><D59/><U7/><E114/><V1/><F119/><W78/><G0/><T108/><D130/><U67/><E3/><V81/><F126/><W24/><G36/><T111/><D44/><U4/><E57/><V21/><F70/><W22/><G131/><T99/><D69/><U89/><REACH who="1" step="1"/><E128/><REACH who="1" ten="379,210,141,260" step="2"/><V103/><F1/><W122/><G122/><T75/><D108/><AGARI ba="2,1" hai="4,7,25,26,38,39,40,42,64,67,89,90,108,109" machi="108" ten="25,6400,0" yaku="1,1,2,1,22,2,53,0" doraHai="106" doraHaiUra="72" who="1" fromWho="0" sc="379,-70,210,80,141,0,260,0" /><INIT seed="1,0,0,2,2,70" ten="309,290,141,260" oya="1" hai0="88,114,79,98,107,127,126,7,131,34,26,64,67" hai1="36,25,12,102,61,83,55,38,121,20,74,65,129" hai2="5,49,18,132,106,92,46,27,76,97,110,113,48" hai3="82,101,134,111,24,29,93,3,124,66,78,69,135"/><U91/><E121/><V19/><F106/><W23/><G3/><T77/><D114/><U30/><E129/><V128/><F113/><W133/><G111/><T73/><D131/><U50/><E12/><V116/><F128/><W33/><G124/><T44/><D7/><U99/><E74/><V40/><F116/><W6/><G6/><T53/><D107/><U90/><E83/><V17/><F110/><W56/><G69/><T35/><D73/><U41/><E41/><V59/><F132/><W119/><G119/><T45/><D26/><U105/><E91/><V84/><F5/><W28/><G66/><T0/><D98/><U37/><E90/><V13/><F27/><W120/><G56/><T60/><D88/><U86/><E86/><V123/><F123/><W108/><G108/><T62/><REACH who="0" step="1"/><D53/><REACH who="0" ten="299,290,141,260" step="2"/><U52/><REACH who="1" step="1"/><E50/><REACH who="1" ten="299,280,141,260" step="2"/><V10/><F84/><N who="3" m="48215" /><G120/><T95/><D95/><U112/><E112/><V103/><F76/><W21/><G93/><T96/><D96/><U47/><E47/><V100/><F100/><W109/><G101/><T39/><D39/><U11/><E11/><V43/><F43/><W58/><G109/><T63/><D63/><U71/><AGARI ba="0,2" hai="20,25,30,36,37,38,52,55,61,65,71,99,102,105" machi="71" ten="30,18000,2" yaku="1,1,0,1,52,3,54,1,53,0" doraHai="70" doraHaiUra="1" who="1" fromWho="1" sc="299,-60,280,200,141,-60,260,-60" /><INIT seed="1,1,0,3,2,76" ten="239,480,81,200" oya="1" hai0="114,117,57,56,42,134,75,60,135,101,92,83,23" hai1="37,1,90,39,123,68,118,112,94,66,43,17,122" hai2="98,99,49,20,52,41,130,34,0,13,84,73,119" hai3="58,48,70,71,33,131,47,19,129,86,111,89,24"/><U12/><E118/><V50/><F73/><W127/><G111/><T120/><D117/><U91/><E1/><V107/><F34/><W103/><G103/><T4/><D114/><U77/><E112/><V124/><F0/><W51/><G127/><T125/><D125/><U26/><E26/><V100/><F119/><W67/><G58/><T72/><D4/><U25/><E25/><V61/><F124/><W109/><G109/><T132/><D120/><U115/><E115/><V7/><F130/><W10/><G10/><T69/><D42/><U82/><E66/><V78/><F98/><W128/><G67/><N who="0" m="41191" /><D72/><U105/><E68/><V59/><F41/><W16/><G51/><T133/><D133/><U79/><E105/><V104/><F104/><W21/><G33/><T8/><D8/><U28/><E28/><V88/><F78/><W62/><G19/><T121/><D23/><U5/><E5/><V15/><F7/><W95/><G62/><T80/><D75/><U54/><E54/><AGARI ba="1,0" hai="16,21,24,47,48,54,70,71,86,89,95,128,129,131" machi="54" ten="40,2600,0" yaku="19,1,54,1" doraHai="76" who="3" fromWho="1" sc="239,0,480,-29,81,0,200,29" /><INIT seed="2,0,0,5,1,78" ten="239,451,81,229" oya="2" hai0="106,16,57,133,2,94,56,36,60,12,18,47,15" hai1="129,1,34,98,86,122,6,32,100,93,101,130,3" hai2="131,51,80,104,33,53,107,91,46,97,119,30,124" hai3="84,116,102,75,49,88,29,27,73,110,90,114,21"/><V50/><F119/><W103/><G116/><T63/><D106/><U62/><E101/><V128/><F124/><W95/><G110/><T68/><D2/><N who="1" m="523" /><E62/><V69/><F69/><W111/><G111/><T115/><D115/><U120/><E86/><N who="2" m="50631" /><F97/><W112/><G102/><T8/><D133/><U4/><E93/><V118/><F118/><W85/><G103/><T83/><D94/><U127/><E100/><V82/><F82/><W105/><G105/><T92/><D92/><U45/><E45/><N who="2" m="27855" /><F33/><N who="1" m="12905" /><E98/><V38/><F30/><W17/><G29/><T117/><D117/><U81/><E81/><V72/><F72/><W37/><G75/><T61/><D68/><U9/><E9/><V96/><F96/><N who="3" m="57447" /><G73/><T108/><D108/><U121/><E127/><V28/><F28/><W76/><G90/><T26/><D47/><U31/><E31/><V89/><F89/><W52/><G76/><T40/><D36/><U59/><E59/><V11/><F11/><W135/><G37/><T70/><D70/><U134/><E134/><V54/><F38/><W39/><G39/><T22/><D83/><U48/><E48/><V66/><F66/><W55/><G135/><T42/><D56/><U71/><E71/><V14/><F14/><W19/><G49/><T77/><D57/><U44/><E44/><V126/><F126/><W125/><G125/><T65/><D65/><U43/><E43/><N who="0" m="16425" /><D15/><U24/><E24/><V87/><F87/><W7/><G85/><T113/><D113/><U58/><E58/><V0/><F0/><W67/><G84/><T74/><D74/><U123/><E123/><RYUUKYOKU ba="0,0" sc="239,10,451,10,81,10,229,-30" hai0="8,12,16,18,22,26,60,61,63,77" hai1="4,6,120,121,122,129,130" hai2="46,51,54,104,107,128,131" /><INIT seed="2,1,0,0,0,28" ten="249,461,91,199" oya="2" hai0="87,43,90,54,63,62,52,84,47,26,85,130,97" hai1="2,118,48,73,78,76,111,22,42,72,59,64,25" hai2="29,13,127,106,32,102,55,66,27,79,108,125,1" hai3="38,91,96,117,71,80,56,131,115,67,123,18,120"/><V121/><F1/><W58/><G117/><T19/><D130/><U23/><E2/><V65/><F121/><W88/><G38/><T124/><D124/><N who="2" m="47690" /><F79/><W51/><G131/><T60/><D26/><U44/><E118/><V11/><F108/><W133/><G133/><T30/><D30/><U3/><E3/><V82/><F82/><W41/><G115/><T7/><D7/><U107/><E107/><V5/><F55/><W34/><G71/><T0/><D19/><U50/><E111/><V21/><F21/><W45/><G18/><T14/><D14/><U20/><E73/><V6/><F6/><W70/><G70/><T86/><D0/><U8/><E8/><V95/><F106/><W74/><G74/><T104/><D97/><AGARI ba="1,0" hai="5,11,13,27,29,32,65,66,95,97,102" m="47690" machi="97" ten="30,2900,0" yaku="18,1,52,1" doraHai="28" who="2" fromWho="0" sc="249,-32,461,0,91,32,199,0" /><INIT seed="2,2,0,2,1,109" ten="217,461,123,199" oya="2" hai0="85,107,83,47,15,79,61,44,120,31,11,28,124" hai1="3,106,126,12,98,40,103,113,2,8,117,13,105" hai2="73,21,58,22,54,26,80,99,16,60,121,118,68" hai3="108,102,51,39,97,81,63,59,6,10,100,72,88"/><V95/><F118/><W82/><G39/><T89/><D120/><U125/><E117/><V67/><F121/><W50/><G108/><T131/><D107/><U56/><E105/><V37/><F37/><W76/><G82/><T35/><D131/><U4/><E40/><V66/><F68/><W23/><G23/><T0/><D0/><U34/><E34/><V1/><F1/><W42/><G102/><T91/><D124/><N who="1" m="47723" /><E3/><V24/><F80/><W5/><G10/><T93/><D61/><U127/><E56/><V75/><F75/><W30/><G30/><N who="0" m="11307" /><D35/><U77/><E77/><V45/><F45/><N who="0" m="17482" /><D93/><U128/><E128/><V20/><F73/><W134/><G42/><T119/><D119/><U18/><E127/><V25/><REACH who="2" step="1"/><F16/><AGARI ba="2,0" hai="11,15,16,79,83,85,89,91" m="17482,11307" machi="16" ten="30,2000,0" yaku="8,1,54,1" doraHai="109" who="0" fromWho="2" sc="217,26,461,0,123,-26,199,0" /><INIT seed="3,0,0,4,2,73" ten="243,461,97,199" oya="3" hai0="55,32,29,57,13,134,46,78,110,93,102,62,95" hai1="126,25,18,91,82,67,22,63,121,109,100,76,86" hai2="107,112,66,94,125,39,19,30,16,47,27,31,75" hai3="122,0,89,43,51,84,81,12,54,10,129,50,20"/><W130/><G122/><T45/><D110/><U38/><E121/><V11/><F107/><W104/><G104/><T68/><D68/><U1/><E109/><V6/><F112/><W83/><G0/><T61/><D134/><U118/><E38/><V117/><F117/><W80/><G20/><T131/><D32/><U97/><E1/><V71/><F125/><W128/><G43/><T113/><D29/><U90/><E126/><V105/><F105/><W92/><REACH who="3" step="1"/><G54/><REACH who="3" ten="243,461,97,189" step="2"/><T3/><D3/><U15/><E118/><V127/><F127/><W114/><G114/><T23/><D55/><U33/><E33/><V116/><F116/><W115/><G115/><T88/><D23/><U42/><E42/><V53/><F53/><W58/><G58/><T72/><D57/><U111/><E111/><V69/><F69/><W123/><G123/><T103/><D113/><U96/><E22/><V2/><F71/><W98/><G98/><T64/><D46/><U49/><E96/><V41/><F66/><W120/><G120/><T101/><D45/><U77/><E67/><V37/><F37/><W132/><G132/><T14/><D64/><U9/><E97/><V40/><F40/><W7/><AGARI ba="0,1" hai="7,10,12,50,51,80,81,83,84,89,92,128,129,130" machi="7" ten="40,12000,1" yaku="1,1,0,1,19,1,53,2" doraHai="73" doraHaiUra="44" who="3" fromWho="3" sc="243,-40,461,-40,97,-40,189,130" /><INIT seed="3,1,0,5,1,16" ten="203,421,57,319" oya="3" hai0="66,20,79,86,106,133,118,2,42,104,115,59,60" hai1="114,48,3,130,124,117,68,63,108,78,91,125,5" hai2="11,135,50,131,80,126,129,30,38,77,1,93,123" hai3="121,87,24,40,53,67,90,37,109,13,0,14,47"/><W97/><G121/><T122/><D118/><U17/><E108/><V85/><F38/><W103/><G0/><T51/><D122/><U101/><E114/><V92/><F1/><W19/><G67/><T22/><D2/><U102/><E5/><V75/><F11/><W116/><G116/><T132/><D115/><U119/><E3/><V36/><F36/><W49/><G24/><T81/><D42/><U27/><E48/><V65/><F65/><W84/><G90/><T107/><REACH who="0" step="1"/><D51/><REACH who="0" ten="193,421,57,319" step="2"/><U113/><E119/><V56/><F123/><W21/><G109/><T82/><D82/><U15/><E117/><V69/><F126/><W71/><G71/><T57/><D57/><U39/><E68/><V110/><F69/><W61/><G61/><T12/><D12/><U88/><E63/><V95/><F110/><W46/><G14/><T28/><D28/><U44/><E15/><V94/><F135/><AGARI ba="1,1" hai="20,22,59,60,66,79,81,86,104,106,107,132,133,135" machi="135" ten="50,8000,1" yaku="1,1,20,1,52,2,53,0" doraHai="16" doraHaiUra="35" who="0" fromWho="2" sc="193,93,421,0,57,-83,319,0" owari="286,-11.0,421,52.0,-26,-53.0,319,12.0" /></mjloggm>