<mjloggm ver="2.3"><GO type="169" lobby="0"/><UN n0="%61%6D%65%64%69%6F" n1="%E4%BD%90%E5%80%89%E7%80%AC%E6%B4%A5%E7%BE%8E" n2="%E5%A4%8F%E3%81%AA%E3%81%AE%E3%81%AB" n3="%E5%B0%B1%E6%B4%BB%E7%94%9F%40%E5%B7%9D%E6%9D%91%E8%BB%8D%E5%9B%A3" dan="17,16,16,17" rate="2190.97,2064.63,2115.88,2239.69" sx="M,F,M,M"/><TAIKYOKU oya="0"/><INIT seed="0,0,0,4,2,111" ten="250,250,250,250" oya="0" hai0="88,17,123,78,85,23,7,108,56,37,64,135,80" hai1="83,57,69,127,117,48,92,93,36,24,102,75,79" hai2="27,81,38,110,105,6,3,131,16,62,116,100,1" hai3="130,18,65,87,61,50,15,113,13,22,59,77,31"/><T107/><D37/><U39/><E69/><V112/><F38/><W20/><G130/><T45/><D107/><U41/><E117/><V19/><F116/><W128/><G128/><T11/><D123/><U133/><E127/><V4/><F131/><W40/><G113/><T68/><D68/><U86/><E133/><V43/><F43/><W26/><G40/><T125/><D135/><U66/><E24/><V118/><F118/><W47/><G47/><T2/><D125/><U124/><E124/><V132/><F62/><W82/><REACH who="3" step="1"/><G50/><REACH who="3" ten="250,250,250,240" step="2"/><T25/><D45/><U126/><E41/><V35/><F112/><W14/><AGARI ba="0,1" hai="13,14,15,18,20,22,26,31,59,61,65,77,82,87" machi="14" ten="20,8000,1" yaku="1,1,2,1,0,1,7,1,8,1,53,0" doraHai="111" doraHaiUra="122" who="3" fromWho="3" sc="250,-40,250,-20,250,-20,240,90" /><INIT seed="1,0,0,5,3,37" ten="210,230,230,330" oya="1" hai0="27,42,125,116,3,93,64,133,84,5,103,1,4" hai1="74,114,63,110,6,56,76,79,83,18,15,132,124" hai2="32,46,70,82,55,53,7,19,14,135,41,73,40" hai3="90,49,94,58,47,109,13,105,121,44,10,28,71"/><U39/><E39/><V72/><F70/><W134/><G105/><T113/><D116/><U66/><E114/><V48/><F32/><W26/><G71/><T61/><D113/><U25/><E132/><V16/><F135/><W36/><G36/><T112/><D133/><U38/><E38/><V128/><F128/><W118/><G118/><T100/><D112/><U67/><E124/><V89/><F72/><W104/><G104/><T101/><D125/><U0/><E25/><V31/><F31/><W123/><G109/><T54/><D54/><U120/><E120/><V96/><F73/><W23/><G134/><T17/><D42/><N who="2" m="16490" /><F53/><W24/><G24/><T29/><D17/><U98/><E79/><V51/><F48/><W130/><G130/><T77/><D3/><U20/><E110/><V30/><F30/><W106/><G106/><T99/><D1/><U75/><E75/><V12/><F7/><W21/><G49/><T60/><D5/><U117/><E117/><V68/><F68/><W115/><G115/><T62/><D4/><U9/><E98/><V102/><F102/><W57/><G28/><T45/><D45/><U127/><E127/><V81/><F96/><W11/><G121/><T59/><D59/><U129/><E129/><V87/><F82/><W52/><G47/><T92/><D64/><AGARI ba="0,0" hai="0,6,9,15,18,20,56,63,64,66,67,74,76,83" machi="64" ten="30,1500,0" yaku="7,1" doraHai="37" who="1" fromWho="0" sc="210,-15,230,15,230,0,330,0" /><INIT seed="1,1,0,2,4,88" ten="195,245,230,330" oya="1" hai0="112,127,25,107,4,119,63,61,11,120,72,77,13" hai1="26,5,94,0,89,3,122,54,1,85,29,73,55" hai2="33,87,28,98,67,126,60,83,68,79,8,12,116" hai3="135,90,84,22,125,95,76,53,121,117,37,47,50"/><U43/><E73/><V14/><F126/><W134/><G121/><T64/><D119/><U97/><E122/><V66/><F116/><W123/><G123/><T62/><D120/><U56/><E43/><V57/><F66/><W6/><G117/><T106/><D112/><U114/><E114/><V111/><F111/><W103/><G125/><T81/><D127/><U92/><E5/><V19/><F68/><W46/><G6/><T101/><D101/><U2/><N who="1" m="0" /><DORA hai="20" /><U71/><E71/><V59/><F57/><W93/><G76/><T39/><D39/><U24/><E29/><V130/><F130/><W27/><G37/><T91/><D91/><U96/><E85/><V41/><F41/><W74/><G74/><T23/><REACH who="0" step="1"/><D64/><REACH who="0" ten="185,245,230,330" step="2"/><U131/><E131/><V7/><F67/><W36/><G36/><T9/><D9/><U104/><E104/><V58/><F8/><W118/><G118/><T86/><D86/><U105/><E105/><V21/><F87/><W124/><G124/><T38/><D38/><U108/><E108/><V99/><F99/><N who="3" m="59887" /><G135/><T51/><D51/><U42/><E42/><V113/><F113/><W15/><G134/><T110/><D110/><U30/><E55/><V78/><F98/><W133/><G133/><T35/><D35/><U109/><E109/><V32/><F33/><W16/><G53/><T34/><D34/><U45/><E97/><V52/><F32/><W17/><G50/><T40/><D40/><U31/><E96/><V75/><F52/><W100/><G100/><T115/><D115/><U65/><E65/><V48/><F48/><RYUUKYOKU ba="1,1" sc="185,15,245,-15,230,-15,330,15" hai0="4,11,13,23,25,61,62,63,72,77,81,106,107" hai3="15,16,17,22,27,46,47,84,90,95" /><INIT seed="2,2,1,4,5,95" ten="200,230,215,345" oya="2" hai0="63,48,43,71,77,91,59,128,119,65,66,72,116" hai1="101,44,18,37,20,4,55,82,6,78,24,135,42" hai2="15,9,132,56,70,51,74,118,134,117,123,40,19" hai3="57,127,34,45,120,21,81,12,30,1,32,76,98"/><V122/><F70/><W130/><G1/><T58/><D91/><U3/><E135/><N who="2" m="51755" /><F74/><W64/><G120/><N who="2" m="46121" /><F56/><N who="0" m="21546" /><D77/><U2/><E101/><V26/><F51/><W39/><G127/><T129/><D72/><U67/><E67/><N who="0" m="25609" /><D71/><U13/><E55/><V111/><F40/><W38/><G130/><N who="0" m="50283" /><D63/><U99/><E99/><V94/><F94/><W86/><G98/><T121/><D121/><U27/><E3/><V5/><F111/><W11/><G64/><T93/><D93/><U17/><E17/><V0/><F26/><W28/><G81/><T133/><D133/><U87/><E6/><V109/><F109/><W52/><G86/><T73/><D73/><U53/><E87/><V54/><F54/><W100/><G52/><T31/><D31/><U108/><E108/><V46/><F46/><AGARI ba="2,1" hai="43,46,48,116,119" m="50283,25609,21546" machi="46" ten="40,5200,0" yaku="19,1,34,2" doraHai="95" who="0" fromWho="2" sc="200,68,230,0,215,-58,345,0" /><INIT seed="3,0,0,1,2,38" ten="268,230,157,345" oya="3" hai0="120,131,36,113,119,15,85,28,90,20,88,27,62" hai1="52,11,84,79,89,33,25,55,21,3,99,5,45" hai2="63,29,54,87,8,73,56,110,130,59,50,82,98" hai3="102,53,83,127,43,57,92,114,95,2,37,0,69"/><W13/><G69/><T1/><D1/><U78/><E33/><V107/><F73/><W64/><G114/><T24/><D120/><U35/><E35/><V118/><F118/><W81/><G127/><T26/><D119/><U18/><E99/><V19/><F110/><W76/><G64/><T129/><D113/><U47/><E47/><V41/><F130/><N who="0" m="49674" /><D62/><U112/><E112/><V9/><F29/><W67/><G67/><T122/><D122/><U111/><E111/><V100/><F19/><W74/><G83/><N who="0" m="49215" /><D90/><U32/><E32/><V44/><REACH who="2" step="1"/><F59/><REACH who="2" ten="268,230,147,345" step="2"/><W40/><G74/><T135/><D135/><U61/><E45/><V58/><F58/><W4/><G57/><T106/><D106/><U103/><E18/><V48/><F48/><W17/><G37/><T133/><D133/><U101/><E5/><V42/><F42/><BYE who="2" /><W14/><G4/><T31/><D36/><U132/><E132/><V104/><F104/><W117/><G13/><T22/><D15/><U128/><E3/><V77/><F77/><UN n2="%E5%A4%8F%E3%81%AA%E3%81%AE%E3%81%AB" /><W96/><G2/><T121/><D121/><U125/><E79/><V108/><F108/><W23/><G0/><T105/><D105/><U65/><E78/><V16/><F16/><W39/><G39/><T80/><D27/><U86/><E25/><V123/><F123/><W72/><G117/><T49/><D49/><U7/><E7/><V70/><F70/><W34/><G14/><T60/><D60/><U126/><E61/><V68/><F68/><W12/><G12/><T109/><D109/><U46/><E128/><V51/><F51/><W116/><G116/><RYUUKYOKU ba="0,1" sc="268,15,230,-15,147,15,345,-15" hai0="20,22,24,26,28,31,80" hai2="8,9,41,44,50,54,56,63,82,87,98,100,107" /><INIT seed="4,1,1,0,4,33" ten="283,215,162,330" oya="0" hai0="10,18,84,133,71,48,122,90,74,26,21,58,44" hai1="119,39,53,30,49,62,15,107,93,109,11,72,132" hai2="95,50,99,86,40,66,70,24,61,5,52,117,75" hai3="113,121,114,112,31,43,81,78,97,47,27,57,2"/><T108/><D74/><U67/><E107/><V37/><F75/><N who="3" m="43231" /><G121/><T4/><D71/><U45/><E72/><V102/><F117/><W7/><G57/><T103/><D122/><U54/><E119/><V131/><F131/><W0/><G7/><T92/><D108/><U25/><E109/><V105/><F5/><W106/><G97/><T91/><D133/><U100/><E132/><V59/><F24/><W125/><G106/><T23/><D23/><U83/><E39/><V111/><F111/><W118/><G118/><T96/><D58/><U130/><E83/><V89/><F37/><N who="3" m="21999" /><G125/><T64/><D64/><U80/><E80/><V32/><F32/><AGARI ba="1,1" hai="0,2,27,31,32,112,113,114" m="21999,43231" machi="32" ten="30,7700,0" yaku="15,1,23,1,52,2" doraHai="33" who="3" fromWho="2" sc="283,0,215,0,162,-80,330,90" /><INIT seed="5,0,0,1,1,57" ten="283,215,82,420" oya="1" hai0="26,129,0,23,83,85,40,27,69,120,24,37,93" hai1="91,18,22,45,128,133,51,12,56,82,87,72,70" hai2="36,96,105,103,65,9,131,122,89,8,47,59,99" hai3="127,78,118,2,102,135,76,21,107,73,110,81,95"/><U46/><E70/><V29/><F131/><W60/><G2/><T11/><D69/><U123/><E123/><V16/><F122/><W32/><G32/><T92/><D120/><U61/><E133/><V15/><F29/><W50/><G107/><T114/><D129/><U77/><E128/><V49/><F36/><W44/><G110/><T63/><D114/><U134/><E134/><V125/><F125/><W52/><G135/><T75/><D75/><U94/><REACH who="1" step="1"/><E51/><REACH who="1" ten="283,205,82,420" step="2"/><V98/><F49/><W124/><G124/><T41/><D37/><U43/><E43/><V67/><F105/><W28/><G127/><T38/><D41/><U119/><E119/><V48/><F48/><W33/><G118/><T35/><D40/><U31/><E31/><V3/><F103/><W104/><G28/><T86/><D38/><U130/><E130/><V54/><F47/><W58/><G102/><T84/><D35/><U14/><E14/><V53/><F59/><W6/><G33/><T126/><D126/><U101/><E101/><V74/><F3/><W80/><G50/><T10/><D0/><U7/><E7/><V30/><F30/><W17/><G58/><T39/><D39/><U66/><AGARI ba="0,1" hai="12,18,22,45,46,56,61,66,72,77,82,87,91,94" machi="66" ten="20,7800,0" yaku="1,1,0,1,7,1,52,1,53,0" doraHai="57" doraHaiUra="97" who="1" fromWho="1" sc="283,-26,205,88,82,-26,420,-26" /><INIT seed="5,1,0,1,0,73" ten="257,293,56,394" oya="1" hai0="7,133,39,90,131,82,98,94,85,110,35,63,134" hai1="50,132,135,44,21,45,12,88,32,121,128,114,93" hai2="100,57,81,89,72,105,78,26,14,30,68,24,4" hai3="118,109,126,130,67,17,64,9,46,71,55,33,116"/><U5/><E121/><V69/><F26/><W104/><G33/><T62/><D39/><U10/><E32/><V74/><F57/><W20/><G104/><T36/><D36/><U95/><E114/><V28/><F28/><W99/><G109/><T96/><D35/><U124/><E128/><V53/><F53/><W122/><G122/><T113/><D110/><U31/><E124/><V11/><F89/><W18/><G126/><T29/><D29/><U120/><E120/><V83/><F100/><W65/><G130/><T23/><D131/><U92/><E50/><V123/><F105/><W15/><G99/><T70/><D23/><U3/><E3/><V107/><F107/><W61/><G46/><N who="1" m="18026" /><E132/><N who="0" m="50793" /><D70/><U97/><E135/><V6/><F6/><W115/><G115/><T77/><D113/><U86/><E97/><N who="0" m="37481" /><D7/><U37/><E37/><V47/><F47/><W80/><G55/><T0/><D0/><U27/><AGARI ba="1,0" hai="5,10,12,21,27,31,86,88,92,93,95" m="18026" machi="27" ten="30,3000,0" yaku="8,1,54,1" doraHai="73" who="1" fromWho="1" sc="257,-11,293,33,56,-11,394,-11" /><INIT seed="5,2,0,2,5,18" ten="246,326,45,383" oya="1" hai0="27,47,132,23,65,45,32,57,110,128,112,108,120" hai1="63,8,19,29,48,12,104,6,122,131,111,62,67" hai2="43,82,70,4,80,58,133,7,0,85,103,68,77" hai3="40,51,99,91,3,130,59,97,38,11,72,24,71"/><U81/><E122/><V76/><F43/><W54/><G71/><T64/><D32/><U28/><E104/><V31/><F133/><W26/><G72/><T78/><D120/><U83/><E131/><V96/><F58/><W21/><G130/><T36/><D128/><U118/><E118/><V46/><F46/><W95/><G26/><T15/><D132/><U61/><E111/><V109/><F109/><W113/><G113/><T9/><D112/><U105/><E105/><V56/><F56/><W119/><G119/><T10/><D78/><U126/><E67/><V69/><F31/><N who="1" m="11849" /><E126/><V52/><F52/><W30/><G3/><T50/><D36/><U84/><E48/><V79/><F0/><W49/><G11/><T121/><D121/><U75/><E75/><V117/><F117/><W22/><G38/><T33/><D33/><U35/><E35/><V87/><REACH who="2" step="1"/><F79/><REACH who="2" ten="246,326,35,383" step="2"/><W25/><G40/><T66/><D108/><U129/><E129/><V42/><F42/><W88/><G51/><T124/><D110/><U60/><E60/><V20/><F20/><N who="3" m="7787" /><G30/><N who="0" m="17791" /><D124/><U106/><E63/><V102/><F102/><W107/><G54/><N who="0" m="31959" /><D10/><U17/><E62/><V13/><F13/><W86/><G59/><T74/><D15/><U98/><E61/><V73/><F73/><W125/><G125/><T94/><D74/><U16/><E12/><V116/><F116/><W1/><G1/><T127/><D9/><U37/><E8/><V55/><F55/><W114/><G114/><T115/><D127/><U92/><E37/><V14/><F14/><W34/><G49/><T44/><D115/><RYUUKYOKU ba="2,1" sc="246,15,326,-15,35,15,383,-15" hai0="44,45,47,64,65,66,94" hai2="4,7,68,69,70,76,77,80,82,85,87,96,103" /><INIT seed="6,3,1,2,1,70" ten="261,311,50,368" oya="2" hai0="91,116,64,93,105,58,124,37,2,13,92,59,33" hai1="66,50,38,0,132,54,17,69,61,14,85,119,130" hai2="108,107,68,89,23,57,129,5,113,73,42,123,103" hai3="74,97,34,60,67,106,63,28,51,120,112,52,101"/><V128/><F123/><W62/><G120/><T56/><D105/><U19/><E119/><V102/><F68/><N who="3" m="42087" /><G74/><T40/><D2/><U3/><E132/><V35/><F35/><W94/><G94/><T87/><D116/><U15/><E130/><N who="2" m="50283" /><F73/><W47/><G112/><T126/><D33/><U25/><E38/><V133/><F113/><W11/><G11/><T110/><D110/><U1/><E25/><AGARI ba="3,1" hai="25,28,34,47,51,52,62,63,97,101,106" m="42087" machi="25" ten="30,2000,0" yaku="25,1,54,1" doraHai="70" who="3" fromWho="1" sc="261,0,311,-29,50,0,368,39" /><INIT seed="7,0,0,0,0,30" ten="261,282,50,407" oya="3" hai0="42,94,52,45,25,113,90,71,17,13,31,66,14" hai1="38,5,92,43,1,109,86,3,37,129,130,58,0" hai2="54,95,48,134,46,23,35,124,106,110,10,69,104" hai3="51,57,6,117,111,39,75,78,73,55,119,8,53"/><W24/><G39/><N who="1" m="14858" /><E43/><V99/><F110/><W91/><G111/><T82/><D113/><U81/><E109/><V62/><F134/><W120/><G120/><T63/><D82/><U132/><E92/><V15/><F124/><W9/><G91/><T47/><D42/><U40/><E58/><V126/><F126/><W96/><G96/><T36/><D36/><U56/><E56/><V122/><F122/><W61/><G24/><T16/><D14/><U77/><E40/><V49/><F104/><W70/><G70/><T60/><D17/><U98/><E98/><V41/><F106/><W74/><G78/><T28/><D60/><U115/><E115/><V34/><F69/><W11/><G6/><T83/><D83/><U44/><E44/><V97/><F97/><W67/><G55/><T114/><D114/><U27/><E27/><V18/><F62/><W85/><G85/><T22/><D31/><U103/><E103/><V101/><REACH who="2" step="1"/><F10/><REACH who="2" ten="261,282,40,407" step="2"/><W20/><G9/><T87/><REACH who="0" step="1"/><D52/><REACH who="0" ten="251,282,40,407" step="2"/><U32/><E132/><V7/><F7/><W123/><G53/><T121/><D121/><U128/><E5/><V80/><F80/><W108/><G123/><T107/><D107/><U84/><E81/><V89/><F89/><W88/><G61/><T125/><D125/><U93/><E129/><V26/><F26/><W33/><G108/><T68/><D68/><U12/><E130/><V65/><F65/><W64/><G67/><T59/><D59/><AGARI ba="0,2" hai="15,18,23,34,35,41,46,48,49,54,59,95,99,101" machi="59" ten="30,7700,0" yaku="1,1,7,1,52,2,53,0" doraHai="30" doraHaiUra="4" who="2" fromWho="0" sc="251,-77,282,0,40,97,407,0" owari="174,-23.0,282,8.0,137,-36.0,407,51.0" /></mjloggm>