<mjloggm ver="2.3"><GO type="225" lobby="0"/><UN n0="%E3%83%A9%E3%82%B0%E3%83%A9%E3%83%BC%E3%82%B8" n1="%E5%B0%B1%E6%B4%BB%E7%94%9F%40%E5%B7%9D%E6%9D%91%E8%BB%8D%E5%9B%A3" n2="%48%65%61%72%E2%80%A0%73%31%38" n3="%E3%83%9B%E3%83%B3%E3%82%A4%E3%83%84%E5%8E%A8" dan="17,17,17,16" rate="2141.83,2117.39,2126.95,2105.98" sx="F,M,F,M"/><TAIKYOKU oya="0"/><INIT seed="0,0,0,2,5,55" ten="250,250,250,250" oya="0" hai0="67,47,97,28,74,44,79,76,14,11,124,91,82" hai1="101,113,26,31,92,13,66,56,12,69,43,104,27" hai2="78,41,112,8,93,35,70,115,99,19,132,22,111" hai3="127,83,23,45,85,90,32,94,34,52,128,107,84"/><T121/><D121/><U58/><E104/><V131/><F35/><W129/><G107/><T46/><D124/><U4/><E69/><V72/><F111/><W18/><G127/><T39/><D28/><U100/><E43/><V116/><F116/><W9/><G9/><T61/><D79/><U37/><E37/><V87/><F72/><W2/><G2/><T117/><D117/><U49/><E113/><V126/><F8/><W6/><G6/><T80/><D97/><N who="1" m="59431" /><E101/><V36/><F70/><W21/><G21/><T50/><D39/><U98/><E4/><V25/><F126/><W105/><G105/><T40/><D91/><U114/><E98/><V29/><F132/><W120/><G120/><T75/><D82/><U125/><E125/><V123/><F131/><W24/><G128/><T103/><D75/><U135/><E135/><V10/><F123/><W17/><G17/><T88/><D88/><U108/><E108/><V122/><F41/><W63/><G129/><T33/><D103/><U0/><E0/><V68/><F36/><W95/><G32/><T118/><D118/><U102/><E102/><N who="2" m="60783" /><F68/><W42/><G34/><T38/><D33/><U7/><E7/><V73/><F73/><W96/><G96/><T81/><D38/><U20/><E27/><V62/><F122/><W57/><G85/><T89/><D80/><U5/><E5/><V3/><F115/><W65/><G42/><T53/><D40/><U1/><E1/><V86/><F3/><W134/><G134/><T15/><D89/><U130/><E130/><V51/><F112/><W48/><AGARI ba="0,0" hai="18,23,24,45,48,52,57,63,65,83,84,90,94,95" machi="48" ten="30,8000,1" yaku="5,1,0,1,8,1,52,1,54,1" doraHai="55" who="3" fromWho="3" sc="250,-40,250,-20,250,-20,250,80" /><INIT seed="1,0,0,4,3,35" ten="210,230,230,330" oya="1" hai0="62,79,11,61,49,51,48,84,82,22,125,38,18" hai1="122,133,100,126,109,31,107,60,53,57,45,28,81" hai2="39,85,68,63,78,123,50,105,92,21,110,37,94" hai3="128,7,121,42,69,71,86,88,10,46,43,115,101"/><U96/><E122/><V77/><F105/><W102/><G121/><T25/><D38/><U73/><E126/><V12/><F50/><W6/><G115/><T75/><D125/><U97/><E133/><V70/><F123/><W111/><G111/><T130/><D130/><U29/><E109/><V44/><F44/><W98/><G128/><T127/><D127/><U80/><E73/><V20/><F12/><W17/><G17/><T66/><D66/><U16/><E97/><V129/><F110/><W87/><G87/><T36/><D36/><U24/><REACH who="1" step="1"/><E45/><REACH who="1" ten="210,220,230,330" step="2"/><V112/><F129/><W32/><G98/><T58/><D75/><U3/><E3/><V4/><F112/><W26/><G46/><T9/><D58/><U13/><E13/><V120/><F120/><W118/><G69/><T108/><D108/><U15/><E15/><V5/><F85/><W59/><G71/><T19/><D19/><U23/><AGARI ba="0,1" hai="16,23,24,28,29,31,53,57,60,80,81,96,100,107" machi="23" ten="30,6000,0" yaku="1,1,0,1,54,1,53,0" doraHai="35" doraHaiUra="40" who="1" fromWho="1" sc="210,-20,220,70,230,-20,330,-20" /><INIT seed="1,1,0,5,3,14" ten="190,290,210,310" oya="1" hai0="77,128,49,94,85,96,21,56,11,16,33,70,2" hai1="50,25,91,9,34,6,113,53,111,17,52,133,90" hai2="35,15,12,107,63,120,61,67,116,115,13,134,58" hai3="73,28,83,7,129,55,126,32,47,64,78,24,123"/><U75/><E113/><V125/><F115/><W69/><G123/><T8/><D70/><U127/><E75/><V102/><F120/><W48/><G129/><T59/><D33/><U0/><E127/><V1/><F1/><W41/><G126/><T42/><D128/><U88/><E133/><V74/><F74/><W31/><G31/><T40/><D2/><U92/><E111/><V65/><F35/><W87/><G7/><T84/><D8/><U5/><E34/><V30/><F30/><W26/><G26/><N who="0" m="14631" /><D11/><U117/><E117/><V131/><F131/><W89/><G64/><T81/><D84/><U54/><E5/><V45/><F125/><W4/><G4/><T68/><D68/><U37/><E37/><V97/><F45/><W43/><G69/><T110/><D110/><U19/><E25/><V114/><F114/><W76/><G76/><T119/><D119/><U46/><REACH who="1" step="1"/><E92/><AGARI ba="1,0" hai="24,28,32,41,43,47,48,55,73,78,83,87,89,92" machi="92" ten="30,1000,0" yaku="7,1" doraHai="14" who="3" fromWho="1" sc="190,0,290,-13,210,0,310,13" /><INIT seed="2,0,0,3,5,36" ten="190,277,210,323" oya="2" hai0="92,102,29,66,21,104,124,70,80,115,79,62,78" hai1="12,84,28,4,83,24,93,56,106,11,14,100,95" hai2="111,63,9,91,50,73,43,123,46,133,64,39,47" hai3="118,94,10,75,99,68,15,90,19,1,18,38,17"/><V127/><F73/><W129/><G68/><T116/><D115/><U27/><E106/><V6/><F123/><W113/><G118/><T7/><D116/><U35/><E100/><V23/><F127/><W108/><G108/><T22/><D124/><U130/><E130/><V52/><F111/><W128/><G1/><T112/><D112/><U96/><E96/><V107/><F107/><W13/><G38/><T132/><D132/><U31/><E56/><V97/><F23/><W5/><G75/><T103/><D7/><U40/><E40/><V121/><F121/><W74/><G74/><T30/><D92/><U37/><E12/><V48/><F39/><W134/><G134/><T69/><D80/><U33/><E37/><V55/><F43/><W58/><G58/><T3/><D104/><U0/><REACH who="1" step="1"/><E14/><REACH who="1" ten="190,267,210,323" step="2"/><N who="2" m="5431" /><F133/><W88/><G13/><T120/><D120/><U85/><E85/><V42/><F42/><W61/><G113/><T122/><D122/><U65/><E65/><V34/><F97/><W45/><G128/><T81/><D66/><U131/><E131/><V67/><F67/><W76/><G129/><T25/><D3/><U117/><E117/><V32/><F64/><W126/><G126/><T16/><D70/><U20/><E20/><V110/><F110/><W60/><G15/><N who="0" m="9375" /><D69/><U82/><E82/><V53/><F34/><W86/><G86/><T51/><D81/><U119/><E119/><V98/><F32/><W77/><G99/><T49/><D103/><U54/><E54/><V101/><F101/><W8/><G8/><T44/><D102/><U89/><AGARI ba="0,1" hai="0,4,11,24,27,28,31,33,35,83,84,89,93,95" machi="89" ten="20,8000,1" yaku="1,1,5,1,0,1,7,1,9,1,53,0" doraHai="36" doraHaiUra="105" who="1" fromWho="1" sc="190,-20,267,90,210,-40,323,-20" /><INIT seed="3,0,0,3,3,103" ten="170,357,170,303" oya="3" hai0="53,27,126,95,80,20,69,89,33,36,114,54,11" hai1="25,77,57,97,28,56,58,110,42,63,40,91,2" hai2="16,41,109,108,1,55,81,133,73,84,17,48,118" hai3="102,78,15,10,61,68,120,39,19,38,50,26,67"/><W46/><G120/><T6/><D69/><U52/><E2/><V72/><F118/><W125/><G125/><T82/><D36/><U37/><E110/><N who="2" m="42603" /><F41/><N who="1" m="15977" /><E77/><N who="2" m="46127" /><F1/><W4/><G78/><T22/><D22/><N who="1" m="15415" /><E37/><V129/><F133/><W115/><G115/><T131/><D80/><U49/><E63/><V93/><F93/><AGARI ba="0,0" hai="49,52,56,57,58,91,93,97" m="15415,15977" machi="93" ten="30,2000,0" yaku="8,1,54,1" doraHai="103" who="1" fromWho="2" sc="170,0,357,20,170,-20,303,0" owari="170,-23.0,377,48.0,150,-35.0,303,10.0" /></mjloggm>