<mjloggm ver="2.3"><GO type="169" lobby="0"/><UN n0="%E3%83%A9%E3%83%A0%E3%83%80%E3%81%95%E3%82%93" n1="%E6%B0%B7%E6%9F%B1" n2="%E3%82%A6%E3%83%AB%E3%83%88%E3%83%A9%E7%AB%8B%E7%9B%B4" n3="%4E%6E%31%33%34" dan="16,17,17,17" rate="2163.15,2176.54,2169.50,2194.08" sx="M,M,M,M"/><TAIKYOKU oya="0"/><INIT seed="0,0,0,1,4,56" ten="250,250,250,250" oya="0" hai0="33,90,16,86,10,49,53,124,66,40,93,99,110" hai1="20,42,116,46,28,35,120,129,11,67,75,12,115" hai2="17,57,15,96,101,102,43,59,103,71,55,14,88" hai3="37,13,24,104,113,126,84,108,47,78,54,64,58"/><T22/><D33/><U89/><E116/><V95/><F71/><W29/><G108/><T80/><D110/><U79/><E120/><V23/><F43/><W83/><G113/><T112/><D112/><U6/><E115/><V60/><F59/><W51/><G104/><T74/><D124/><U44/><E35/><V125/><F125/><W100/><G100/><T25/><D74/><U31/><E75/><V26/><AGARI ba="0,0" hai="14,15,17,23,26,55,57,60,88,95,96,101,102,103" machi="26" ten="30,12000,2" yaku="0,1,25,2,8,1,52,1,54,1" doraHai="56" who="2" fromWho="2" sc="250,-60,250,-30,250,120,250,-30" /><INIT seed="1,0,0,1,1,46" ten="190,220,370,220" oya="1" hai0="134,32,42,75,129,13,0,89,40,111,64,72,29" hai1="14,123,119,78,105,36,28,74,92,41,95,19,90" hai2="4,51,122,58,66,54,97,33,96,26,117,107,63" hai3="99,2,135,67,88,68,103,131,120,94,108,104,35"/><U121/><E119/><V55/><F122/><W109/><G2/><T52/><D0/><U76/><E105/><V116/><F4/><W77/><G35/><T21/><D111/><N who="3" m="42569" /><G67/><T56/><D129/><U8/><E28/><N who="2" m="19607" /><F55/><W85/><G68/><T22/><D134/><U50/><E36/><V5/><F97/><N who="3" m="61551" /><G135/><T20/><D64/><U112/><E112/><V126/><F5/><W91/><G131/><T24/><D13/><U62/><E62/><V127/><F127/><W86/><G120/><T57/><D57/><U84/><E95/><V61/><F61/><W49/><G49/><T53/><D53/><U3/><E3/><V87/><F87/><N who="3" m="33291" /><G77/><T10/><D10/><U102/><E102/><AGARI ba="0,0" hai="88,91,94,99,102" m="33291,61551,42569" machi="102" ten="30,7700,0" yaku="14,1,34,2,54,1" doraHai="46" who="3" fromWho="1" sc="190,0,220,-77,370,0,220,77" /><INIT seed="2,0,0,0,3,65" ten="190,143,370,297" oya="2" hai0="26,5,54,126,86,45,77,22,53,38,94,116,92" hai1="114,83,121,122,85,17,102,18,46,79,59,63,25" hai2="124,43,6,130,93,90,66,128,52,33,56,96,123" hai3="1,69,8,120,105,113,95,107,28,20,76,3,110"/><V32/><F123/><N who="1" m="47113" /><E114/><V16/><F6/><W42/><G120/><T75/><D126/><U67/><E102/><V68/><F43/><W55/><G55/><T115/><D115/><U49/><E25/><V27/><F124/><W80/><G95/><T23/><D116/><U127/><E127/><V0/><F0/><W109/><G42/><AGARI ba="0,0" hai="17,18,42,46,49,59,63,67,79,83,85" m="47113" machi="42" ten="30,1000,0" yaku="13,1" doraHai="65" who="1" fromWho="3" sc="190,0,143,10,370,0,297,-10" /><INIT seed="3,0,0,1,3,73" ten="190,153,370,287" oya="3" hai0="74,117,122,40,36,51,60,107,3,68,14,106,99" hai1="41,30,53,61,49,100,48,46,85,124,84,135,129" hai2="82,16,98,32,62,5,6,102,35,15,123,8,43" hai3="52,70,37,103,112,75,127,93,115,55,77,96,57"/><W20/><G70/><T10/><D117/><U7/><E135/><V79/><F123/><W66/><G37/><T105/><D122/><U25/><E129/><V54/><F43/><W34/><G34/><T95/><D36/><U12/><E100/><V94/><F35/><W58/><G127/><T13/><D74/><U113/><E113/><V114/><F32/><W97/><G66/><T104/><D104/><U59/><E124/><V76/><F114/><W63/><G20/><T71/><D3/><U56/><E7/><N who="2" m="2571" /><F82/><W109/><G109/><T128/><D128/><U50/><E12/><V89/><F89/><W29/><G29/><T39/><D39/><U83/><E59/><AGARI ba="0,0" hai="8,15,16,54,59,62,76,79,94,98,102" m="2571" machi="59" ten="30,7700,0" yaku="8,1,52,2,54,1" doraHai="73" who="2" fromWho="1" sc="190,0,153,-77,370,77,287,0" /><INIT seed="4,0,0,5,4,21" ten="190,76,447,287" oya="0" hai0="87,43,131,99,46,96,50,29,31,112,126,25,134" hai1="79,127,18,72,83,115,78,89,2,114,77,92,67" hai2="23,120,60,108,16,33,81,90,117,75,119,123,5" hai3="34,48,8,57,45,122,69,118,100,0,49,59,26"/><T66/><D112/><N who="1" m="43051" /><E2/><V74/><F33/><W71/><G118/><N who="2" m="45065" /><F5/><W129/><G100/><T105/><D131/><U116/><E116/><V15/><F108/><W128/><G8/><T61/><D134/><U62/><E18/><V133/><F133/><W41/><G0/><T97/><D126/><U10/><E10/><V88/><F60/><W125/><G125/><T37/><D105/><U106/><E127/><V135/><F135/><W109/><G109/><T63/><D37/><U86/><E106/><V56/><F56/><AGARI ba="0,0" hai="56,62,67,72,77,78,79,83,86,89,92" m="43051" machi="56" ten="30,2000,0" yaku="15,1,11,1" doraHai="21" who="1" fromWho="2" sc="190,0,76,20,447,-20,287,0" /><INIT seed="5,0,0,0,3,27" ten="190,96,427,287" oya="1" hai0="119,14,37,8,31,85,73,128,35,10,94,127,135" hai1="45,52,51,55,132,40,76,89,3,28,98,84,30" hai2="69,106,107,81,133,125,11,67,126,109,68,36,15" hai3="103,92,102,80,77,70,47,82,83,20,95,56,91"/><U38/><E132/><V22/><F36/><W13/><G70/><T42/><D119/><U112/><E112/><V18/><F109/><W96/><G47/><T115/><D73/><U88/><E3/><V33/><F33/><W111/><G56/><T57/><D115/><U58/><E76/><V53/><F133/><W79/><G13/><T41/><D135/><U61/><E98/><V117/><F117/><W1/><G20/><T29/><D35/><U114/><E114/><V43/><F43/><N who="0" m="16394" /><D37/><U93/><E89/><V134/><F53/><W49/><G49/><T71/><D71/><U131/><E131/><V19/><F81/><N who="3" m="31339" /><G1/><T44/><D128/><U104/><E104/><V60/><F69/><W0/><G0/><T113/><D113/><U108/><E108/><V118/><F118/><W62/><G62/><T124/><D44/><AGARI ba="0,0" hai="28,30,38,40,44,45,51,52,55,58,61,84,88,93" machi="44" ten="30,12000,1" yaku="7,1,52,2,54,2" doraHai="27" who="1" fromWho="0" sc="190,-120,96,120,427,0,287,0" /><INIT seed="5,1,0,2,2,114" ten="70,216,427,287" oya="1" hai0="103,24,73,47,51,93,106,132,34,48,60,94,3" hai1="61,87,111,12,107,52,127,121,28,14,2,126,75" hai2="38,16,133,11,97,25,90,15,40,49,135,125,56" hai3="124,9,85,68,36,123,115,72,88,41,69,76,29"/><U74/><E121/><V55/><F125/><N who="1" m="47625" /><E2/><V79/><F79/><W96/><G123/><T7/><D73/><U26/><E107/><V37/><F25/><W71/><G124/><T21/><D34/><N who="1" m="20759" /><E87/><V117/><F117/><W102/><G115/><T134/><D106/><U45/><E111/><V122/><F122/><W23/><G9/><T104/><D104/><U131/><E131/><V10/><F10/><W22/><G76/><T62/><D3/><U130/><E130/><V89/><F40/><W77/><G77/><T63/><D7/><U86/><E86/><V99/><F99/><W44/><G29/><T35/><D35/><U19/><E14/><V95/><REACH who="2" step="1"/><F90/><REACH who="2" ten="70,216,417,287" step="2"/><W67/><G72/><T112/><D112/><U27/><E27/><V120/><F120/><W32/><G32/><T50/><D103/><U58/><E45/><V113/><F113/><W82/><REACH who="3" step="1"/><G67/><REACH who="3" ten="70,216,417,277" step="2"/><T78/><D78/><U91/><E91/><V33/><F33/><W129/><G129/><T43/><D134/><AGARI ba="1,2" hai="11,15,16,37,38,49,55,56,89,95,97,133,134,135" machi="134" ten="40,5200,0" yaku="1,1,20,1,54,1,53,0" doraHai="114" doraHaiUra="101" who="2" fromWho="0" sc="70,-55,216,0,417,75,277,0" /><INIT seed="6,0,0,3,0,4" ten="15,216,492,277" oya="2" hai0="23,30,6,112,107,127,33,97,9,74,58,39,8" hai1="92,50,87,55,108,104,15,24,53,89,125,96,101" hai2="25,88,1,69,20,119,37,57,21,116,73,64,135" hai3="43,10,80,126,93,84,76,27,68,103,28,29,19"/><V115/><F73/><W44/><G68/><T40/><D33/><U130/><E108/><V75/><F75/><W105/><G105/><T102/><D74/><U128/><E125/><V18/><F1/><W91/><G103/><T111/><D111/><U109/><E109/><V3/><F3/><W26/><G126/><T78/><D127/><U0/><E0/><V99/><F37/><W70/><G70/><T90/><D78/><U13/><E24/><N who="3" m="9258" /><G44/><T61/><D112/><U54/><REACH who="1" step="1"/><E50/><REACH who="1" ten="15,206,492,277" step="2"/><V56/><F25/><W46/><G29/><T14/><D30/><U35/><E35/><V129/><F115/><W72/><G28/><T31/><D31/><U124/><E124/><V132/><F119/><W62/><G62/><T110/><D110/><U63/><E63/><V59/><F116/><W17/><G72/><T52/><D23/><U83/><E83/><V42/><F21/><W134/><G134/><T121/><D121/><U48/><E48/><V65/><F20/><W85/><G10/><T7/><D90/><U100/><E100/><V41/><F88/><W32/><G32/><T11/><REACH who="0" step="1"/><D6/><REACH who="0" ten="5,206,492,277" step="2"/><U12/><AGARI ba="0,2" hai="12,13,15,53,54,55,87,89,92,96,101,104,128,130" machi="12" ten="40,5200,0" yaku="1,1,0,1,53,1" doraHai="4" doraHaiUra="94" who="1" fromWho="1" sc="5,-13,206,72,492,-26,277,-13" owari="-8,-51.0,278,8.0,466,57.0,264,-14.0" /></mjloggm>