<mjloggm ver="2.3"><GO type="169" lobby="0"/><UN n0="%E5%8F%8A%E5%B7%9D%E5%86%B0%E9%BA%97" n1="%E3%82%BF%E3%82%B1%E3%82%AA%E3%81%97%E3%82%83%E3%82%93" n2="%E3%83%88%E3%83%88%E3%83%AA%E5%85%88%E7%94%9F%31%39%E6%AD%B3" n3="%E3%82%A6%E3%83%92%E3%83%A7%E5%8A%A9" dan="16,19,18,16" rate="2101.21,2240.52,2251.00,2094.77" sx="F,M,F,M"/><TAIKYOKU oya="0"/><INIT seed="0,0,0,3,0,127" ten="250,250,250,250" oya="0" hai0="77,130,92,54,102,9,107,17,43,25,108,103,81" hai1="119,123,40,0,91,35,112,76,90,24,93,124,110" hai2="39,86,106,15,21,109,6,88,42,116,115,68,63" hai3="96,12,44,38,32,60,87,27,122,72,36,95,50"/><T59/><D107/><U51/><E0/><V30/><F115/><W49/><G72/><T4/><D43/><U16/><E123/><V56/><F68/><W73/><G73/><T100/><D108/><U34/><E110/><V46/><F109/><W128/><G122/><T80/><D92/><U94/><E76/><V33/><F106/><W7/><G87/><T28/><D17/><U5/><E5/><V55/><F116/><W74/><G74/><T82/><D77/><U52/><E40/><V13/><F33/><W101/><G60/><T29/><D130/><U45/><E124/><V131/><F131/><W84/><G84/><T134/><D134/><U83/><E83/><V20/><F30/><W75/><G75/><T61/><REACH who="0" step="1"/><D25/><REACH who="0" ten="240,250,250,250" step="2"/><U10/><E112/><V121/><F121/><W85/><G128/><T66/><D66/><U129/><E129/><V19/><F6/><W11/><G38/><T65/><D65/><U70/><E93/><V47/><F42/><W48/><G36/><T79/><D79/><U114/><E94/><N who="2" m="54551" /><F39/><W133/><G133/><T126/><D126/><U57/><E114/><V62/><F62/><W3/><G27/><T99/><D99/><U117/><E24/><V89/><F89/><W71/><G96/><T31/><D31/><U104/><E104/><V53/><F53/><W125/><G125/><T41/><D41/><U132/><E132/><V111/><F111/><W26/><G95/><T105/><D105/><U118/><E91/><V22/><F19/><W69/><G26/><T2/><AGARI ba="0,1" hai="2,4,9,28,29,54,59,61,80,81,82,100,102,103" machi="2" ten="30,12000,1" yaku="1,1,0,1,53,3" doraHai="127" doraHaiUra="78" who="0" fromWho="0" sc="240,130,250,-40,250,-40,250,-40" /><INIT seed="0,1,0,5,4,60" ten="370,210,210,210" oya="0" hai0="116,5,130,17,0,124,110,2,10,92,64,107,52" hai1="20,111,112,78,15,3,72,22,34,119,91,11,127" hai2="41,44,82,58,67,50,26,42,80,85,51,118,106" hai3="89,9,8,75,133,45,33,68,1,90,28,74,49"/><T14/><D124/><U103/><E34/><V36/><F106/><W100/><G100/><T21/><D116/><U62/><E119/><V128/><F118/><W13/><G1/><T35/><D107/><U132/><E127/><V24/><F128/><W55/><G68/><T121/><D121/><U57/><E132/><V71/><F71/><W108/><G133/><T94/><D130/><U65/><E111/><V59/><F36/><W25/><G108/><T81/><D35/><U16/><E112/><V66/><F85/><W88/><REACH who="3" step="1"/><G9/><REACH who="3" ten="370,210,210,200" step="2"/><T6/><D0/><U126/><E103/><V84/><F84/><W125/><G125/><T96/><D10/><U117/><E3/><V4/><F44/><W61/><G61/><T109/><D2/><U47/><E126/><V12/><F12/><W63/><G63/><T31/><D110/><U129/><E129/><V70/><F70/><W105/><G105/><T114/><D109/><U54/><E117/><V83/><F83/><W113/><G113/><T104/><D14/><U135/><E135/><V77/><F77/><W23/><G23/><T56/><D21/><U86/><E78/><V37/><F37/><W53/><G53/><T27/><D81/><N who="1" m="49615" /><E72/><V101/><F101/><W18/><AGARI ba="1,1" hai="8,13,18,25,28,33,45,49,55,74,75,88,89,90" machi="18" ten="30,4000,0" yaku="1,1,0,1,54,1,53,0" doraHai="60" doraHaiUra="32" who="3" fromWho="3" sc="370,-21,210,-11,210,-11,200,53" /><INIT seed="1,0,0,2,0,109" ten="349,199,199,253" oya="1" hai0="102,59,32,106,121,123,134,96,115,49,116,0,66" hai1="42,95,27,37,17,24,60,83,85,31,1,2,99" hai2="18,35,36,94,89,128,8,29,45,30,78,63,13" hai3="86,100,57,68,67,65,9,39,62,135,16,72,101"/><U103/><E17/><V117/><F117/><W80/><G72/><T87/><D116/><U64/><E42/><V97/><F128/><W104/><G39/><T50/><D0/><U91/><E37/><V131/><F131/><W53/><G104/><T51/><D32/><U40/><E40/><V82/><F35/><W108/><G108/><T56/><D134/><U70/><REACH who="1" step="1"/><E27/><REACH who="1" ten="349,189,199,253" step="2"/><V74/><F36/><W21/><G135/><T22/><D121/><U55/><E55/><V93/><F45/><W118/><G118/><T126/><D123/><U26/><E26/><V81/><F81/><W69/><G65/><T19/><D66/><U132/><E132/><V112/><F18/><W120/><G67/><T127/><D19/><U114/><E114/><V23/><F112/><W25/><G120/><T10/><D115/><U34/><AGARI ba="0,1" hai="1,2,24,31,34,60,64,70,83,85,91,95,99,103" machi="34" ten="20,3900,0" yaku="1,1,0,1,7,1,53,0" doraHai="109" doraHaiUra="111" who="1" fromWho="1" sc="349,-13,189,49,199,-13,253,-13" /><INIT seed="1,1,0,5,5,87" ten="336,238,186,240" oya="1" hai0="99,116,63,36,80,58,94,78,31,107,121,33,124" hai1="9,70,95,54,85,10,0,60,76,89,67,83,119" hai2="75,79,56,91,131,113,133,129,86,109,114,24,38" hai3="32,30,4,59,103,42,15,111,22,106,34,41,97"/><U134/><E119/><V6/><F38/><W92/><G111/><T48/><D116/><U3/><E134/><V81/><F6/><W20/><G34/><T55/><D36/><U7/><E54/><V104/><F24/><W68/><G68/><T49/><D121/><U27/><E27/><V5/><F5/><W102/><G32/><T11/><D124/><U125/><E125/><V118/><F56/><W110/><G110/><T90/><D31/><U28/><E28/><V13/><F13/><W8/><G106/><T71/><D33/><U98/><REACH who="1" step="1"/><E10/><REACH who="1" ten="336,228,186,240" step="2"/><V46/><F118/><W1/><G30/><T108/><D11/><U50/><E50/><V65/><F133/><W21/><G1/><AGARI ba="1,1" hai="0,1,3,7,9,60,67,70,76,83,85,89,95,98" machi="1" ten="30,11600,0" yaku="1,1,7,1,52,1,53,1" doraHai="87" doraHaiUra="82" who="1" fromWho="3" sc="336,0,228,129,186,0,240,-119" /><INIT seed="1,2,0,2,5,116" ten="336,357,186,121" oya="1" hai0="35,24,89,25,88,63,104,103,19,13,93,62,29" hai1="59,51,38,39,54,5,15,80,64,131,86,125,122" hai2="120,91,81,132,135,129,105,20,61,134,74,108,111" hai3="87,90,70,31,0,11,30,18,9,8,75,101,43"/><U118/><E118/><V17/><F105/><W53/><G75/><T50/><D25/><U7/><E125/><V99/><F129/><W68/><G43/><T60/><D104/><U2/><E2/><V69/><F69/><W126/><G126/><T10/><REACH who="0" step="1"/><D50/><REACH who="0" ten="326,357,186,121" step="2"/><U23/><E131/><V34/><F135/><W49/><G68/><T48/><D48/><U128/><E128/><V21/><F134/><W67/><G70/><T98/><AGARI ba="2,1" hai="10,13,19,24,29,35,60,62,63,88,89,93,98,103" machi="98" ten="30,4000,0" yaku="1,1,0,1,54,1,53,0" doraHai="116" doraHaiUra="119" who="0" fromWho="0" sc="326,56,357,-22,186,-12,121,-12" /><INIT seed="2,0,0,1,2,84" ten="382,335,174,109" oya="2" hai0="45,32,87,65,71,91,37,107,51,42,47,3,99" hai1="30,68,114,63,8,28,115,61,33,101,83,50,85" hai2="17,94,16,69,24,57,36,25,44,124,105,10,102" hai3="64,111,90,1,29,135,6,86,14,73,21,128,67"/><V26/><F69/><W113/><G73/><T15/><D3/><U2/><E50/><V116/><F116/><W60/><G1/><T0/><D0/><U108/><E108/><V35/><F105/><W131/><G111/><T40/><D32/><U109/><E109/><V133/><F35/><W129/><G113/><T49/><D37/><U125/><E125/><V79/><F124/><W82/><G135/><T22/><D71/><U130/><E130/><V118/><F118/><W18/><G6/><T13/><D65/><U126/><E126/><V53/><F133/><W76/><G29/><T4/><D4/><U56/><E8/><V48/><F79/><W97/><REACH who="3" step="1"/><G60/><REACH who="3" ten="382,335,174,99" step="2"/><T127/><D127/><U46/><E2/><V120/><F120/><W12/><G12/><T55/><D15/><U74/><E74/><V72/><F72/><W23/><G23/><T103/><D13/><U95/><E30/><V92/><F10/><W77/><G77/><T19/><D22/><U89/><E28/><V11/><F11/><W59/><G59/><T121/><D19/><U106/><E33/><V54/><F36/><W31/><G31/><T38/><D38/><U104/><E114/><V5/><F5/><W134/><G134/><T70/><D70/><U58/><E68/><V75/><F75/><W93/><AGARI ba="0,1" hai="14,18,21,64,67,76,82,86,90,93,97,128,129,131" machi="93" ten="40,8000,1" yaku="1,1,0,1,19,1,52,1,53,0" doraHai="84" doraHaiUra="110" who="3" fromWho="3" sc="382,-20,335,-20,174,-40,99,90" /><INIT seed="3,0,0,3,2,10" ten="362,315,134,189" oya="3" hai0="132,101,108,114,129,92,24,17,58,124,44,74,100" hai1="70,51,45,22,11,16,93,78,31,89,99,73,107" hai2="131,5,1,2,110,46,112,94,123,4,12,57,84" hai3="0,103,20,72,128,35,25,104,96,30,15,109,54"/><W88/><G0/><T119/><D74/><U83/><E11/><V111/><F112/><W77/><G128/><T50/><D119/><U26/><E70/><V116/><F116/><W81/><G109/><N who="2" m="41481" /><F131/><W97/><G54/><T106/><D106/><U134/><E134/><V36/><F123/><W120/><G120/><T135/><D129/><U9/><E107/><V133/><F133/><W33/><G96/><T7/><D114/><U32/><E9/><N who="2" m="4143" /><F4/><W3/><G3/><N who="2" m="1033" /><F57/><W76/><G76/><T8/><D7/><U40/><REACH who="1" step="1"/><E32/><REACH who="1" ten="362,305,134,189" step="2"/><V69/><F69/><W38/><G35/><T127/><D132/><U80/><E80/><V67/><F67/><W49/><G33/><T62/><D135/><U19/><AGARI ba="0,1" hai="16,19,22,26,31,40,45,51,73,78,83,89,93,99" machi="19" ten="30,7900,0" yaku="1,1,0,1,54,1,53,1" doraHai="10" doraHaiUra="27" who="1" fromWho="1" sc="362,-20,305,89,134,-20,189,-39" /><INIT seed="4,0,0,3,3,111" ten="342,394,114,150" oya="0" hai0="40,132,43,115,56,11,10,64,37,36,72,93,53" hai1="128,98,99,65,91,48,31,63,33,17,124,32,95" hai2="123,103,50,71,20,1,13,78,85,79,3,59,106" hai3="14,2,25,4,68,49,38,89,127,54,75,45,16"/><T76/><D132/><U105/><E124/><V18/><F123/><W19/><G127/><T44/><D93/><U52/><E128/><V28/><F71/><W62/><G75/><T96/><D96/><U67/><E17/><V35/><F103/><W46/><G2/><T118/><D118/><U125/><E125/><V9/><F106/><W60/><G89/><T121/><D121/><U39/><E39/><V133/><F133/><W102/><G102/><T6/><D64/><U83/><E67/><V87/><F3/><W109/><G109/><T130/><D130/><U90/><E31/><V113/><F113/><W81/><G81/><T104/><D104/><U122/><E122/><V7/><F59/><W8/><G68/><T57/><D115/><U114/><E114/><V41/><F50/><N who="3" m="29007" /><G38/><T97/><D37/><U80/><E105/><V101/><F41/><N who="3" m="24783" /><G4/><T73/><D43/><U26/><E33/><V88/><F101/><W70/><G70/><T34/><D6/><U120/><E120/><V94/><REACH who="2" step="1"/><F87/><REACH who="2" ten="342,394,104,150" step="2"/><W22/><AGARI ba="0,1" hai="8,14,16,19,22,25,60,62" m="24783,29007" machi="22" ten="30,2000,0" yaku="8,1,54,1" doraHai="111" who="3" fromWho="3" sc="342,-10,394,-5,104,-5,150,30" /><INIT seed="5,0,0,2,2,71" ten="332,389,99,180" oya="1" hai0="1,36,117,49,60,40,118,133,67,3,34,22,112" hai1="95,76,7,110,128,65,62,35,39,83,4,50,66" hai2="126,21,54,56,55,122,116,15,57,75,103,90,124" hai3="6,12,81,11,102,45,0,125,69,23,115,26,134"/><U38/><E35/><V92/><F75/><W70/><G134/><T108/><D34/><U72/><E66/><V53/><F103/><W82/><G0/><T121/><D3/><U105/><E105/><V93/><F116/><W51/><G115/><T61/><D1/><U87/><E128/><V14/><F122/><W46/><G125/><T107/><D22/><U123/><E123/><V52/><F21/><W96/><G70/><T79/><D107/><U37/><E50/><V98/><F92/><N who="3" m="58631" /><G69/><T42/><D79/><U63/><E110/><V131/><F131/><W64/><G64/><T13/><D121/><U16/><E16/><V9/><N who="2" m="13312" /><DORA hai="74" /><V86/><F98/><W5/><G5/><T19/><D67/><U101/><E63/><V31/><F31/><N who="3" m="17887" /><G51/><T113/><D49/><U30/><E30/><V78/><F78/><W120/><G120/><T114/><D108/><U100/><E100/><V41/><F41/><W17/><G6/><T8/><D40/><U58/><REACH who="1" step="1"/><E87/><REACH who="1" ten="332,379,99,180" step="2"/><V29/><F29/><W106/><G106/><T135/><D118/><U25/><E25/><V10/><F126/><W88/><G82/><T59/><D117/><U44/><E44/><V47/><F47/><W77/><G77/><T85/><D85/><AGARI ba="0,1" hai="11,12,17,45,46,81,85,88" m="17887,58631" machi="85" ten="30,2000,0" yaku="8,1,54,1" doraHai="71,74" who="3" fromWho="0" sc="332,-20,379,0,99,0,180,30" /><INIT seed="6,0,0,0,0,21" ten="312,379,99,210" oya="2" hai0="23,28,4,0,5,48,90,52,106,81,86,113,16" hai1="59,84,40,128,125,71,12,130,121,118,114,58,77" hai2="35,68,64,107,65,135,78,134,27,126,131,31,101" hai3="69,120,76,96,83,11,88,26,91,82,32,102,25"/><V29/><F131/><N who="1" m="50217" /><E71/><V34/><F78/><W133/><G69/><T6/><D106/><U124/><E118/><V63/><F65/><W70/><G70/><T67/><D113/><U61/><E114/><V62/><F62/><W57/><G120/><T87/><D67/><U46/><E121/><V33/><F126/><N who="1" m="48745" /><E12/><V132/><REACH who="2" step="1"/><F31/><REACH who="2" ten="312,379,89,210" step="2"/><W51/><G133/><T20/><D28/><U72/><E61/><V123/><F123/><W66/><G76/><T14/><D0/><U100/><E77/><V117/><F117/><W94/><G66/><T93/><D23/><U50/><E72/><V41/><F41/><W49/><G32/><T74/><D74/><U98/><E84/><V36/><F36/><W39/><G39/><T119/><D119/><U80/><E80/><V45/><F45/><W13/><G83/><T99/><D81/><U112/><E112/><V127/><F127/><W92/><G82/><T1/><D1/><U79/><E79/><V17/><F17/><N who="3" m="8383" /><G51/><T30/><D30/><U111/><E40/><V3/><F3/><W8/><G49/><T104/><D104/><U89/><E46/><AGARI ba="0,1" hai="4,5,6,14,16,20,46,48,52,86,87,90,93,99" machi="46" ten="40,5200,0" yaku="8,1,54,2" doraHai="21" who="0" fromWho="1" sc="312,62,379,-52,89,0,210,0" /><INIT seed="7,0,0,1,2,57" ten="374,327,89,210" oya="3" hai0="128,25,26,108,131,130,17,79,27,41,12,84,34" hai1="24,95,103,118,134,6,11,15,33,31,28,92,109" hai2="58,44,76,120,42,122,52,69,70,36,132,96,60" hai3="39,78,71,10,80,114,67,65,127,88,112,90,20"/><W68/><G39/><T119/><D119/><U9/><E109/><V7/><F96/><W47/><G47/><T30/><D41/><U104/><E134/><V81/><F132/><W18/><G10/><N who="0" m="6295" /><D108/><U64/><E118/><V66/><F7/><W51/><G51/><T91/><D79/><U126/><E126/><V35/><F35/><W2/><G2/><T0/><D0/><U4/><E31/><V115/><F115/><N who="3" m="44075" /><G71/><T124/><D124/><U86/><E86/><V93/><F93/><AGARI ba="0,0" hai="25,26,27,30,34,84,91,93,128,130,131" m="6295" machi="93" ten="30,1000,0" yaku="19,1" doraHai="57" who="0" fromWho="2" sc="374,10,327,0,89,-10,210,0" owari="384,48.0,327,13.0,79,-42.0,210,-19.0" /></mjloggm>