<mjloggm ver="2.3"><GO type="169" lobby="0"/><UN n0="%E8%87%AA%E7%A7%B0%E6%9C%80%E5%BC%B7%E9%9B%80%E5%A3%AB%EF%BC%93" n1="%E3%82%A6%E3%83%AB%E3%83%88%E3%83%A9%E7%AB%8B%E7%9B%B4" n2="%E3%81%82%E3%81%84%E3%81%A0%E3%81%A6" n3="%EF%BC%A4%EF%BC%B2%EF%BC%AF%EF%BC%B0" dan="17,17,16,17" rate="2190.82,2188.48,2102.73,2159.32" sx="M,M,M,M"/><TAIKYOKU oya="0"/><INIT seed="0,0,0,5,2,52" ten="250,250,250,250" oya="0" hai0="11,89,108,36,119,93,56,40,134,101,58,66,122" hai1="112,33,135,126,76,53,42,46,17,1,73,72,3" hai2="124,64,63,29,8,82,94,13,106,116,98,95,27" hai3="83,99,23,55,49,91,120,45,65,32,48,113,39"/><T87/><D122/><U47/><E33/><V96/><F124/><W51/><G113/><T28/><D119/><U24/><E53/><V84/><F116/><W78/><G32/><T5/><D134/><U57/><E24/><V14/><F14/><W92/><G120/><T110/><D28/><U114/><E17/><V35/><F98/><W75/><G39/><T61/><D101/><U59/><E76/><V34/><F95/><W68/><G68/><T118/><D118/><U115/><E126/><V6/><F106/><W70/><G70/><N who="0" m="42319" /><D40/><U67/><E67/><V104/><F104/><W71/><G71/><T121/><D36/><U111/><E135/><V100/><F84/><W77/><G65/><T90/><D90/><U16/><E16/><V54/><F54/><W26/><REACH who="3" step="1"/><G78/><REACH who="3" ten="250,250,250,240" step="2"/><T123/><D121/><U21/><E115/><V88/><F35/><W44/><G44/><T19/><D123/><U133/><E133/><V132/><F132/><W86/><G86/><T0/><D19/><AGARI ba="0,1" hai="19,23,26,45,48,49,51,55,75,77,83,91,92,99" machi="19" ten="30,3900,0" yaku="1,1,7,1,53,1" doraHai="52" doraHaiUra="85" who="3" fromWho="0" sc="250,-39,250,0,250,0,240,49" /><INIT seed="1,0,0,1,4,126" ten="211,250,250,289" oya="1" hai0="122,83,0,114,115,116,88,43,52,101,13,100,25" hai1="58,70,45,3,73,93,113,98,76,103,40,27,62" hai2="74,54,7,123,23,47,109,56,50,57,99,33,1" hai3="8,15,81,69,84,16,130,86,12,34,96,6,72"/><U135/><E113/><V118/><F33/><W91/><G34/><T2/><D116/><U105/><E3/><V49/><F74/><W94/><G69/><T35/><D43/><U36/><E135/><V68/><F68/><W119/><G119/><T112/><D122/><U11/><E70/><V67/><F109/><W121/><G121/><T104/><D2/><U106/><E73/><V20/><F118/><W28/><G28/><T59/><D0/><U37/><E76/><V85/><F7/><W128/><G72/><T71/><D71/><U10/><E37/><V21/><F1/><W5/><G86/><T64/><D64/><U4/><E27/><V131/><F85/><W60/><G60/><T32/><D13/><U26/><E26/><V107/><F107/><W110/><G110/><T124/><D124/><U30/><E30/><V39/><F39/><W79/><REACH who="3" step="1"/><G5/><REACH who="3" ten="211,250,250,279" step="2"/><T92/><D32/><U24/><E4/><V41/><F123/><W63/><G63/><T14/><D35/><U87/><E87/><V78/><F99/><W97/><G97/><T9/><D115/><U29/><E106/><V61/><REACH who="2" step="1"/><F78/><REACH who="2" ten="211,250,240,279" step="2"/><W77/><G77/><T48/><D104/><U90/><E105/><V120/><F120/><W133/><G133/><T111/><D112/><U127/><E127/><V132/><F132/><W117/><G117/><T102/><D111/><U19/><E98/><V65/><F65/><W46/><G46/><T53/><D114/><U80/><E45/><V82/><F82/><W44/><G44/><T129/><D83/><U51/><E80/><V18/><F18/><RYUUKYOKU ba="0,2" sc="211,-15,250,-15,240,15,279,15" hai2="20,21,23,41,47,49,50,54,56,57,61,67,131" hai3="6,8,12,15,16,79,81,84,91,94,96,128,130" /><INIT seed="2,1,2,0,2,5" ten="196,235,255,294" oya="2" hai0="67,92,49,82,0,34,61,104,19,117,74,64,9" hai1="43,128,57,68,81,132,122,40,46,109,101,39,87" hai2="98,131,94,95,70,85,105,112,2,119,16,18,125" hai3="10,1,26,52,56,63,133,99,118,17,97,102,36"/><V15/><F2/><W115/><G118/><T108/><D104/><U25/><E68/><V121/><F70/><W124/><G36/><T44/><D34/><U62/><E43/><V73/><F73/><W35/><G124/><T4/><D117/><U107/><E107/><V75/><F75/><W8/><G133/><T78/><D108/><U90/><E101/><V29/><F121/><W32/><G115/><T28/><D28/><U58/><E109/><V134/><F29/><W83/><G1/><T6/><D6/><U110/><E110/><V55/><F134/><W72/><G35/><T45/><D45/><U84/><E132/><V21/><F125/><W80/><G97/><T91/><D19/><U88/><E128/><V76/><F105/><W42/><G42/><T33/><D33/><U93/><E122/><V106/><F106/><W113/><G113/><T11/><D61/><U79/><E62/><V103/><F131/><W41/><G41/><T114/><D114/><U116/><E116/><V135/><F135/><W100/><G32/><T47/><D47/><U126/><E126/><V89/><F112/><W51/><G63/><T123/><D123/><U37/><E37/><V22/><F119/><W23/><G72/><T129/><D129/><U14/><E25/><N who="2" m="14503" /><F76/><W48/><G48/><T50/><D50/><U20/><E79/><V120/><F120/><W24/><G24/><T38/><D38/><U12/><E14/><V53/><AGARI ba="1,2" hai="15,18,22,53,55,85,89,94,95,98,103" m="14503" machi="53" ten="30,3000,0" yaku="8,1,54,1" doraHai="5" who="2" fromWho="2" sc="196,-11,235,-11,255,53,294,-11" /><INIT seed="2,2,0,0,5,49" ten="185,224,308,283" oya="2" hai0="92,3,125,117,96,44,123,6,84,21,18,90,5" hai1="43,0,127,102,128,75,86,16,115,81,1,97,124" hai2="87,42,9,14,126,85,52,30,60,39,121,26,28" hai3="34,12,41,119,38,130,94,8,108,116,46,50,45"/><V67/><F121/><W88/><G34/><T29/><D123/><U134/><E75/><V70/><F126/><N who="1" m="48169" /><E43/><V132/><F132/><W47/><G108/><T74/><D125/><U57/><E115/><V89/><F42/><W79/><G79/><T120/><D74/><U101/><E101/><V95/><F39/><W103/><G103/><T114/><D120/><U2/><E128/><V93/><F26/><W83/><G83/><T48/><D117/><U53/><E134/><V80/><F93/><W118/><G38/><T122/><D114/><U104/><E16/><N who="2" m="8271" /><F70/><W105/><G105/><T98/><D29/><N who="2" m="11370" /><F67/><W27/><G27/><T64/><D64/><U99/><E99/><N who="0" m="37929" /><D3/><U78/><E1/><V4/><F4/><W56/><G130/><T109/><D109/><U36/><E36/><V33/><F33/><W113/><G113/><T135/><D135/><U17/><E17/><V15/><F15/><W35/><G35/><T20/><D122/><U110/><E110/><V73/><F73/><W100/><G119/><T31/><D31/><U62/><AGARI ba="2,0" hai="0,2,53,57,62,78,81,86,97,102,104" m="48169" machi="62" ten="30,2000,0" yaku="18,1,52,1" doraHai="49" who="1" fromWho="1" sc="185,-7,224,26,308,-12,283,-7" /><INIT seed="3,0,0,5,1,44" ten="178,250,296,276" oya="3" hai0="49,2,115,23,130,92,87,31,78,104,5,28,73" hai1="42,127,135,64,91,59,102,72,100,71,63,77,103" hai2="17,131,70,32,53,68,132,1,43,50,30,117,34" hai3="86,56,58,51,88,81,61,106,83,128,21,66,79"/><W37/><G37/><T12/><D104/><U29/><E77/><V13/><F1/><W36/><G36/><T122/><D122/><U19/><E72/><V33/><F43/><W69/><G106/><T46/><D115/><U80/><E29/><V65/><F117/><W26/><G128/><T41/><D130/><U118/><E42/><V121/><F121/><W94/><G81/><T35/><D35/><U134/><E19/><V96/><F132/><N who="1" m="50729" /><E127/><V97/><F30/><W129/><G129/><T74/><D74/><U76/><E118/><V3/><F3/><W8/><G8/><N who="0" m="4111" /><D73/><N who="1" m="43023" /><E91/><V84/><F68/><AGARI ba="0,0" hai="59,63,64,68,71,100,102,103" m="43023,50729" machi="68" ten="30,1000,0" yaku="20,1" doraHai="44" who="1" fromWho="2" sc="178,0,250,10,296,-10,276,0" /><INIT seed="4,0,0,4,1,108" ten="178,260,286,276" oya="0" hai0="94,127,123,32,58,27,77,83,35,124,47,52,133" hai1="121,126,10,60,61,119,16,70,112,69,128,118,51" hai2="91,81,24,48,115,106,31,96,117,38,125,36,3" hai3="65,116,67,132,85,75,79,57,73,39,64,135,110"/><T42/><D123/><U113/><E121/><V12/><F3/><W92/><G110/><T19/><D133/><N who="3" m="51273" /><G39/><N who="0" m="21983" /><D94/><U18/><E51/><V104/><F117/><W97/><G116/><N who="1" m="44586" /><E128/><V120/><F120/><W37/><G37/><T14/><D27/><U111/><E111/><V100/><F125/><N who="0" m="48202" /><D14/><U40/><E40/><V28/><F12/><W53/><G85/><N who="0" m="48367" /><D19/><N who="1" m="7211" /><E10/><V15/><F15/><W68/><G68/><N who="1" m="26218" /><E126/><V78/><F24/><W62/><G79/><T33/><D33/><U82/><E82/><V30/><F38/><W2/><G2/><T21/><D21/><U41/><E41/><V22/><F36/><W102/><AGARI ba="0,0" hai="53,57,62,64,65,67,73,75,92,97,102" m="51273" machi="102" ten="30,1100,0" yaku="20,1" doraHai="108" who="3" fromWho="3" sc="178,-5,260,-3,286,-3,276,11" /><INIT seed="5,0,0,2,3,32" ten="173,257,283,287" oya="1" hai0="70,40,27,24,133,76,55,82,99,48,2,28,103" hai1="95,25,83,88,107,59,85,90,60,131,26,5,119" hai2="130,65,56,69,42,71,96,101,36,18,29,1,115" hai3="79,120,73,3,89,8,124,41,132,109,92,10,135"/><U87/><E119/><V66/><F130/><W117/><G120/><T9/><D70/><U15/><E107/><V23/><F29/><W38/><G109/><T129/><D129/><U113/><E113/><V50/><F115/><W128/><G128/><T127/><D127/><U80/><E131/><V33/><F33/><W86/><G124/><T31/><D40/><U75/><E75/><V54/><F1/><W67/><G67/><T51/><D133/><U34/><E34/><V104/><F36/><W39/><G117/><T91/><D91/><U81/><E81/><V94/><F42/><W49/><G49/><T118/><D118/><U106/><E106/><V78/><F78/><W12/><G12/><T16/><D82/><U7/><E95/><V68/><REACH who="2" step="1"/><F104/><REACH who="2" ten="173,257,273,287" step="2"/><W6/><G39/><T97/><D76/><U44/><E44/><V63/><F63/><W53/><G38/><T98/><D103/><U64/><E5/><V37/><F37/><W58/><G79/><T0/><D51/><U122/><E122/><V20/><F20/><W19/><G6/><T11/><D31/><U17/><E7/><V116/><F116/><W126/><G132/><T110/><D28/><U61/><E61/><V22/><F22/><AGARI ba="0,1" hai="15,17,22,25,26,59,60,64,80,83,85,87,88,90" machi="22" ten="30,11600,0" yaku="7,1,9,1,8,1,54,1" doraHai="32" who="1" fromWho="2" sc="173,0,257,126,273,-116,287,0" /><INIT seed="5,1,0,0,4,101" ten="173,383,157,287" oya="1" hai0="24,29,26,11,63,111,34,3,109,31,67,118,6" hai1="73,32,1,43,47,110,59,90,58,61,122,39,42" hai2="33,14,112,19,85,92,121,4,76,22,28,93,40" hai3="52,127,133,23,70,86,106,7,44,51,25,15,128"/><U114/><E73/><V55/><F121/><W35/><G70/><T68/><REACH who="0" step="1"/><D118/><REACH who="0" ten="163,383,157,287" step="2"/><U36/><E122/><V49/><F112/><W119/><G119/><T45/><D45/><U37/><E47/><V113/><F113/><W21/><G44/><T18/><D18/><U57/><E114/><V56/><F40/><W75/><G7/><T2/><D2/><U131/><E1/><V80/><REACH who="2" step="1"/><F4/><REACH who="2" ten="163,383,147,287" step="2"/><W124/><G124/><T126/><D126/><U10/><E43/><V87/><F87/><W104/><G86/><T134/><D134/><U102/><E42/><V91/><F91/><W17/><G133/><T115/><D115/><U100/><E90/><V98/><F98/><W5/><G127/><T129/><D129/><U46/><E131/><V48/><F48/><W125/><G125/><T69/><D69/><U12/><E39/><V20/><F20/><AGARI ba="1,2" hai="3,6,11,20,24,26,29,31,34,63,67,68,109,111" machi="20" ten="30,3900,0" yaku="21,2,7,1,53,0" doraHai="101" doraHaiUra="94" who="0" fromWho="2" sc="163,62,383,0,147,-42,287,0" /><INIT seed="6,0,0,5,1,105" ten="225,383,105,287" oya="2" hai0="2,126,78,1,56,7,64,118,81,88,119,99,69" hai1="36,38,17,47,130,37,46,8,123,100,31,73,112" hai2="18,101,14,48,107,3,127,66,86,13,84,122,111" hai3="67,117,94,27,80,72,43,6,19,52,132,124,21"/><V55/><F122/><W24/><G117/><N who="0" m="44555" /><D69/><U65/><E31/><V90/><F111/><W129/><G67/><T15/><D126/><U28/><E28/><V92/><F3/><W83/><G43/><T102/><D15/><U5/><E17/><V91/><F127/><W77/><G124/><T75/><D7/><U26/><E26/><V39/><F39/><W45/><G6/><T63/><D88/><U97/><E65/><V9/><F66/><W108/><G108/><T40/><D40/><U53/><E53/><V121/><F121/><W135/><G129/><T89/><D89/><U125/><E123/><V33/><F33/><W25/><G94/><AGARI ba="0,0" hai="1,2,56,63,64,75,78,81,94,99,102" m="44555" machi="94" ten="30,2000,0" yaku="12,1,52,1" doraHai="105" who="0" fromWho="3" sc="225,20,383,0,105,0,287,-20" /><INIT seed="7,0,0,2,1,48" ten="245,383,105,267" oya="3" hai0="110,7,104,41,49,13,121,98,19,56,45,33,128" hai1="74,15,115,52,22,32,6,20,77,25,73,31,43" hai2="130,69,66,21,61,42,50,54,78,119,97,122,28" hai3="99,106,118,0,91,109,8,79,83,80,16,124,1"/><W127/><G118/><T2/><D121/><U59/><E43/><V133/><F130/><W102/><G109/><T18/><D33/><U105/><E105/><V126/><F133/><W4/><G91/><T70/><D128/><U135/><E135/><V37/><F126/><N who="3" m="48171" /><G0/><T101/><D70/><U75/><E77/><V123/><F119/><W87/><G80/><T85/><D110/><U84/><E84/><V53/><F78/><W125/><G125/><T47/><D47/><U35/><E115/><V134/><F134/><W89/><G89/><T108/><D108/><U112/><E112/><V10/><F97/><W93/><G16/><T116/><D116/><U39/><E39/><V113/><F113/><W29/><G29/><T86/><D2/><U26/><E6/><V40/><F10/><W51/><G51/><T23/><D7/><U114/><E15/><V46/><F28/><W111/><G111/><T96/><D96/><U76/><E114/><V63/><F21/><W24/><G24/><T36/><D19/><U72/><E25/><V117/><F117/><W90/><G79/><T17/><D17/><U81/><E22/><V44/><F63/><W88/><G90/><T71/><D71/><U55/><E32/><V82/><F82/><W65/><G106/><T60/><D36/><U67/><E35/><V14/><F14/><W5/><G5/><T58/><D60/><N who="1" m="38303" /><E72/><V34/><F34/><W64/><AGARI ba="0,0" hai="1,4,8,64,65,83,87,88,93,99,102" m="48171" machi="64" ten="30,3000,0" yaku="18,1,54,1" doraHai="48" who="3" fromWho="3" sc="245,-10,383,-10,105,-10,267,30" /><INIT seed="7,1,0,5,2,70" ten="235,373,95,297" oya="3" hai0="39,15,21,18,132,37,121,61,35,99,38,32,108" hai1="45,94,17,7,69,88,28,52,112,53,12,113,98" hai2="24,33,95,76,103,82,49,102,126,11,29,100,0" hai3="43,16,114,14,3,134,124,128,116,86,84,48,41"/><W59/><G116/><T19/><D121/><U92/><E69/><V44/><F126/><W2/><G124/><T74/><D108/><U117/><E7/><V62/><F62/><W89/><G114/><N who="1" m="44138" /><E117/><V109/><F109/><W54/><G128/><T125/><D74/><U130/><E130/><V31/><F31/><W55/><G134/><T91/><D125/><U72/><E72/><V56/><F56/><W1/><G55/><T120/><D120/><U129/><E129/><V75/><F95/><W110/><G110/><T96/><D132/><U4/><E4/><V104/><F104/><W71/><G71/><T83/><D61/><U85/><E28/><V115/><F115/><W8/><REACH who="3" step="1"/><G86/><REACH who="3" ten="235,373,95,287" step="2"/><T122/><D122/><U47/><E52/><V81/><F81/><AGARI ba="1,1" hai="1,2,3,8,14,16,41,43,48,54,59,81,84,89" machi="81" ten="40,7700,0" yaku="1,1,2,1,54,1,53,0" doraHai="70" doraHaiUra="105" who="3" fromWho="2" sc="235,0,373,0,95,-80,287,90" owari="235,-16.0,373,17.0,15,-48.0,377,47.0" /></mjloggm>