<mjloggm ver="2.3"><GO type="169" lobby="0"/><UN n0="%E3%81%BE%E3%81%93%E3%81%95%E3%81%A8%76%65%72%32" n1="%E3%82%A6%E3%83%AB%E3%83%88%E3%83%A9%E7%AB%8B%E7%9B%B4" n2="%75%73%6B%31%31%31%35" n3="%4D%4A%E3%81%AE%E6%9C%80%E9%AB%98%E5%B3%B0" dan="18,17,16,17" rate="2234.86,2127.24,2121.34,2166.76" sx="M,M,M,M"/><TAIKYOKU oya="0"/><INIT seed="0,0,0,1,4,33" ten="250,250,250,250" oya="0" hai0="81,50,25,100,43,53,31,27,104,46,0,32,64" hai1="37,93,113,82,77,9,73,42,56,6,106,92,44" hai2="11,115,134,125,74,69,107,84,51,3,34,75,126" hai3="26,21,85,76,94,79,127,2,129,54,28,112,71"/><T122/><D122/><U23/><E113/><V108/><RYUUKYOKU type="yao9" ba="0,0" sc="250,0,250,0,250,0,250,0" hai2="3,11,34,51,69,74,75,84,107,108,115,125,126,134" /><INIT seed="0,1,0,2,5,122" ten="250,250,250,250" oya="0" hai0="107,30,84,105,25,19,53,3,124,42,0,6,50" hai1="108,70,60,47,61,38,23,76,118,111,54,29,18" hai2="134,87,21,79,57,74,109,112,129,49,31,58,75" hai3="41,52,83,48,72,8,64,120,132,85,9,12,35"/><T20/><D124/><U126/><E118/><V78/><F112/><W4/><G132/><T113/><D113/><U10/><E126/><V28/><F129/><W26/><G72/><T56/><D0/><U71/><E29/><V34/><F21/><W5/><G64/><T80/><D42/><N who="1" m="22999" /><E10/><V55/><F134/><W101/><G101/><T86/><D86/><U68/><E76/><V46/><F87/><W1/><G41/><T37/><D37/><U32/><E32/><V133/><F133/><W92/><G92/><T40/><D40/><U106/><E106/><V27/><F31/><W43/><G43/><T127/><D127/><U59/><E18/><V117/><F117/><W93/><G93/><T135/><D135/><U7/><E23/><V13/><F13/><W36/><G36/><T16/><D6/><U63/><E7/><V114/><F114/><W69/><G69/><T89/><REACH who="0" step="1"/><D3/><REACH who="0" ten="240,250,250,250" step="2"/><U33/><E33/><V77/><F75/><W17/><G35/><T95/><D95/><U99/><E99/><V90/><F74/><W45/><G5/><T130/><D130/><U51/><AGARI ba="1,1" hai="51,54,59,60,61,63,68,70,71,108,111" m="22999" machi="51" ten="40,8000,1" yaku="34,2,52,2" doraHai="122" who="1" fromWho="1" sc="240,-41,250,93,250,-21,250,-21" /><INIT seed="1,0,0,3,3,73" ten="199,343,229,229" oya="1" hai0="131,133,70,28,119,63,5,47,123,14,65,36,23" hai1="25,24,80,87,105,35,93,50,58,118,100,34,128" hai2="124,30,26,67,110,90,85,101,86,45,135,29,91" hai3="83,127,53,59,112,33,94,76,16,77,17,117,104"/><U81/><E105/><V66/><F110/><W107/><G112/><T79/><D119/><U60/><E118/><V41/><F124/><W57/><G33/><T72/><D133/><U132/><E132/><V38/><F135/><W122/><G117/><T39/><D131/><U126/><E128/><V125/><F101/><W51/><G83/><T109/><D28/><U20/><E81/><V96/><F96/><W43/><G122/><T42/><D36/><U11/><E126/><V114/><F125/><W95/><G127/><T120/><D109/><U4/><E50/><V1/><F1/><W78/><G43/><T64/><D64/><U97/><E11/><V31/><F26/><W54/><G77/><T116/><D116/><U46/><E46/><V84/><REACH who="2" step="1"/><F114/><REACH who="2" ten="199,343,219,229" step="2"/><W134/><G134/><T40/><D123/><U49/><E25/><V103/><F103/><W13/><G51/><T62/><D120/><U92/><E49/><V6/><F6/><W27/><G27/><T69/><D5/><U82/><E4/><V9/><F9/><W37/><REACH who="3" step="1"/><G13/><REACH who="3" ten="199,343,219,219" step="2"/><T115/><D14/><U71/><E35/><V2/><F2/><W99/><G99/><T113/><D115/><U19/><E34/><V129/><F129/><W106/><G106/><T68/><D113/><U8/><E24/><V102/><F102/><W61/><G61/><T108/><D63/><U21/><E60/><V55/><F55/><W7/><G7/><T15/><D108/><U52/><E97/><V3/><F3/><W89/><G89/><AGARI ba="0,2" hai="29,30,31,38,41,45,66,67,84,85,86,89,90,91" machi="89" ten="40,1300,0" yaku="1,1,53,0" doraHai="73" doraHaiUra="121" who="2" fromWho="3" sc="199,0,343,0,219,33,219,-13" /><INIT seed="2,0,0,4,3,61" ten="199,343,252,206" oya="2" hai0="116,10,117,73,106,132,77,71,37,88,33,32,17" hai1="4,80,56,122,95,31,65,96,38,12,47,52,27" hai2="84,87,44,25,135,107,119,90,49,30,9,40,120" hai3="59,76,133,22,63,43,100,6,50,68,104,21,62"/><V36/><F120/><W86/><G133/><T57/><D71/><U105/><E105/><V89/><F135/><W5/><G68/><T98/><D37/><U3/><E3/><V15/><F119/><W0/><G100/><T34/><D106/><U91/><E122/><V102/><F36/><W16/><G104/><T66/><D132/><U75/><E38/><V19/><F102/><W103/><G103/><T28/><D77/><U126/><E126/><V118/><F107/><W72/><G72/><T128/><D73/><U101/><E75/><V83/><F118/><N who="0" m="45674" /><D128/><U55/><E47/><V39/><F39/><W58/><G50/><T78/><D78/><U20/><E80/><V114/><F114/><W97/><G43/><T69/><D69/><U11/><E91/><V26/><REACH who="2" step="1"/><F30/><REACH who="2" ten="199,343,242,206" step="2"/><W60/><G0/><T7/><D28/><U130/><E130/><V127/><F127/><W121/><G121/><T81/><D17/><U79/><E79/><V92/><AGARI ba="0,1" hai="9,15,19,25,26,40,44,49,83,84,87,89,90,92" machi="92" ten="20,7800,0" yaku="1,1,0,1,7,1,8,1,53,0" doraHai="61" doraHaiUra="131" who="2" fromWho="2" sc="199,-26,343,-26,242,88,206,-26" /><INIT seed="2,1,0,0,5,115" ten="173,317,330,180" oya="2" hai0="19,104,35,16,59,66,0,15,3,64,53,70,25" hai1="107,116,29,39,6,55,119,60,82,129,111,133,86" hai2="127,28,118,58,134,17,46,106,8,2,20,100,124" hai3="125,105,102,79,1,22,36,99,18,63,72,128,113"/><V5/><F134/><W122/><G36/><T83/><D104/><U24/><E107/><V61/><F46/><W120/><G1/><T108/><D108/><U4/><E39/><V30/><F100/><W68/><G113/><T126/><D126/><N who="2" m="48170" /><F106/><W103/><G103/><T89/><D3/><U52/><E111/><V131/><F131/><W27/><G128/><T42/><D42/><U76/><E129/><V43/><F43/><W98/><G98/><T9/><D70/><U117/><E133/><V62/><F62/><W93/><G125/><T57/><D0/><U135/><E135/><V71/><F71/><W130/><G130/><T78/><D89/><U10/><E60/><V54/><F118/><W84/><G63/><T65/><D53/><U97/><E97/><V85/><F85/><W109/><G68/><T132/><D132/><U94/><E94/><V80/><F80/><N who="3" m="45159" /><G109/><T33/><D33/><U81/><E81/><V73/><F73/><W47/><G47/><T123/><D123/><U21/><REACH who="1" step="1"/><E6/><REACH who="1" ten="173,307,330,180" step="2"/><V32/><F32/><W87/><G105/><T121/><D35/><U95/><E95/><V13/><AGARI ba="1,1" hai="2,5,8,13,17,20,28,30,54,58,61" m="48170" machi="13" ten="30,1500,0" yaku="18,1" doraHai="115" who="2" fromWho="2" sc="173,-6,307,-6,330,28,180,-6" /><INIT seed="2,2,0,0,4,39" ten="167,301,358,174" oya="2" hai0="117,43,54,130,128,112,69,38,80,98,7,46,60" hai1="126,91,57,73,79,87,110,83,24,29,123,23,17" hai2="11,27,20,55,76,78,92,36,101,94,132,84,107" hai3="72,115,133,12,81,1,89,13,25,41,125,48,19"/><V53/><F132/><W70/><G1/><T32/><D32/><U40/><E110/><V62/><F107/><W96/><G70/><T63/><D7/><U16/><E126/><V129/><F129/><N who="0" m="49770" /><D80/><U35/><E123/><V21/><F36/><W26/><G125/><T47/><D98/><U119/><E119/><V51/><F11/><W88/><G133/><T8/><D8/><U124/><E124/><V66/><F101/><W118/><G118/><T42/><D117/><U86/><E73/><V108/><F108/><W56/><G115/><T135/><D135/><U61/><E40/><N who="0" m="15401" /><D38/><U113/><E113/><V22/><F27/><W3/><G3/><T14/><D14/><U105/><E105/><V33/><F33/><W15/><G96/><T85/><D85/><U82/><E35/><V109/><F109/><W30/><G81/><T103/><D103/><U131/><E131/><V34/><F34/><W93/><G93/><T77/><D77/><U52/><AGARI ba="2,0" hai="16,17,23,24,29,52,57,61,79,82,83,86,87,91" machi="52" ten="20,8000,1" yaku="0,1,7,1,8,1,54,2" doraHai="39" who="1" fromWho="1" sc="167,-22,301,86,358,-42,174,-22" /><INIT seed="3,0,0,4,3,71" ten="145,387,316,152" oya="3" hai0="62,116,91,59,123,28,117,96,26,42,70,110,1" hai1="46,103,67,72,121,0,119,122,11,135,47,5,85" hai2="43,130,55,120,49,126,95,124,69,25,56,92,22" hai3="75,14,58,32,44,15,16,125,94,97,66,64,4"/><W102/><G75/><T48/><D110/><U65/><E103/><V88/><F130/><W105/><G32/><T53/><D123/><U115/><E115/><V41/><F120/><W81/><G125/><N who="2" m="48233" /><F69/><W24/><G81/><T31/><D1/><U79/><E85/><N who="2" m="52239" /><F95/><W76/><G76/><T129/><D31/><AGARI ba="0,0" hai="22,25,31,41,43,49,55,56" m="52239,48233" machi="31" ten="30,2000,0" yaku="18,1,54,1" doraHai="71" who="2" fromWho="0" sc="145,-20,387,0,316,20,152,0" /><INIT seed="4,0,0,2,0,92" ten="125,387,336,152" oya="0" hai0="87,46,47,55,115,72,82,95,133,31,21,64,52" hai1="62,12,78,81,8,51,126,42,70,48,129,75,44" hai2="71,135,84,41,96,100,3,13,10,57,43,117,89" hai3="93,24,63,58,28,104,125,132,123,116,54,49,121"/><T122/><D122/><N who="3" m="46601" /><G104/><T27/><D133/><U105/><E105/><V66/><F71/><W20/><G125/><T108/><D115/><U19/><E129/><V114/><F3/><W45/><G116/><T130/><D130/><U36/><E126/><V6/><F114/><W118/><G118/><T119/><D119/><U37/><E70/><V106/><F135/><W94/><G132/><T32/><D108/><U74/><E74/><V131/><F131/><W56/><G56/><T80/><D64/><AGARI ba="0,0" hai="20,24,28,45,49,54,58,63,64,93,94" m="46601" machi="64" ten="30,1000,0" yaku="13,1" doraHai="92" who="3" fromWho="0" sc="125,-10,387,0,336,0,152,10" /><INIT seed="5,0,0,2,5,53" ten="115,387,336,162" oya="1" hai0="131,112,80,47,68,54,87,0,91,16,51,39,107" hai1="98,40,63,8,2,85,3,69,27,129,135,43,118" hai2="20,132,81,95,84,34,83,122,12,41,31,35,114" hai3="126,104,5,19,23,28,77,60,62,46,100,29,48"/><U88/><E118/><V109/><F122/><W76/><G126/><T97/><D0/><U89/><E129/><V42/><F109/><W7/><G100/><T133/><D68/><U22/><E135/><V99/><F34/><W37/><G37/><T134/><D112/><U101/><E3/><V102/><F35/><W71/><G104/><T120/><D131/><U79/><E2/><V59/><F132/><W125/><G71/><T110/><D110/><U4/><E79/><V14/><F114/><W18/><G48/><T116/><D116/><U128/><E128/><V61/><F83/><W93/><G23/><T105/><D105/><U72/><E72/><V78/><F12/><W121/><G46/><T119/><D119/><U9/><E69/><V58/><F14/><W38/><G38/><T13/><D120/><U50/><E63/><V108/><F108/><W11/><G93/><T30/><D30/><U65/><E65/><N who="2" m="39095" /><F59/><W111/><G111/><T10/><D39/><U36/><E36/><V25/><AGARI ba="0,0" hai="20,25,31,41,42,78,81,84,95,99,102" m="39095" machi="25" ten="30,4000,0" yaku="25,1,8,1,52,1" doraHai="53" who="2" fromWho="2" sc="115,-10,387,-20,336,40,162,-10" /><INIT seed="6,0,0,3,2,71" ten="105,367,376,152" oya="2" hai0="117,6,69,50,118,14,46,61,129,116,82,107,12" hai1="127,79,25,65,88,81,45,8,22,95,55,63,2" hai2="32,54,89,99,66,53,114,91,102,111,19,132,47" hai3="49,51,24,52,29,124,5,64,72,4,112,60,110"/><V13/><F32/><W31/><G72/><T87/><D107/><U105/><E105/><V15/><F114/><W62/><G110/><T113/><D113/><U17/><E127/><V21/><F132/><W23/><G112/><T120/><D120/><U34/><E34/><V94/><F111/><W104/><G104/><T3/><D129/><U130/><E130/><V0/><F0/><W115/><G115/><T109/><D109/><U7/><E45/><V56/><F13/><W43/><G43/><T90/><D3/><U119/><E119/><V80/><F80/><W67/><G124/><T58/><D69/><U86/><E55/><V78/><F78/><W73/><G73/><T1/><D1/><U20/><E20/><V44/><F66/><N who="3" m="25131" /><G51/><T126/><D126/><U26/><E22/><V100/><F89/><W38/><G38/><T37/><D6/><N who="3" m="2665" /><G31/><T108/><D108/><U135/><E17/><V106/><F54/><W93/><G93/><T103/><D103/><N who="2" m="39466" /><F106/><W98/><G98/><T84/><D84/><U18/><E18/><V33/><F33/><W97/><G97/><T68/><D68/><U122/><E122/><V57/><F53/><W121/><G121/><T76/><D76/><U48/><E48/><V28/><F28/><W36/><G36/><T70/><D70/><U125/><E125/><V30/><F30/><W9/><G9/><T101/><D101/><U74/><E135/><V27/><F15/><N who="0" m="5674" /><D37/><U10/><E10/><V40/><F40/><W35/><G35/><T123/><D123/><U42/><E42/><V96/><F96/><W128/><G128/><RYUUKYOKU ba="0,0" sc="105,-30,367,10,376,10,152,10" hai1="2,7,8,25,26,63,65,74,79,81,86,88,95" hai2="19,21,27,44,47,56,57,91,94,99" hai3="23,24,29,49,52,60,62" /><INIT seed="6,1,0,4,0,10" ten="75,377,386,162" oya="2" hai0="121,4,131,130,13,122,58,128,29,117,12,30,102" hai1="44,24,110,97,134,94,63,135,81,47,67,123,18" hai2="84,106,89,64,65,108,23,129,34,59,77,7,0" hai3="99,8,15,71,114,35,118,115,74,52,11,111,124"/><V33/><F106/><W83/><G118/><T17/><D102/><U112/><E110/><V109/><F129/><W48/><G71/><T32/><D117/><U72/><E112/><N who="3" m="43050" /><G35/><T5/><D58/><U95/><E123/><N who="0" m="47113" /><D32/><N who="2" m="12394" /><F77/><N who="3" m="44471" /><G111/><N who="2" m="42569" /><F59/><N who="3" m="33159" /><G124/><T45/><D45/><U38/><E47/><V69/><F69/><W68/><G68/><T16/><D4/><U92/><E44/><V1/><F23/><W9/><G99/><T19/><D5/><AGARI ba="1,0" hai="5,8,9,11,15" m="33159,44471,43050" machi="5" ten="30,7700,0" yaku="15,1,11,1,52,1,54,1" doraHai="10" who="3" fromWho="0" sc="75,-80,377,0,386,0,162,80" owari="-5,-51.0,377,18.0,386,49.0,242,-16.0" /></mjloggm>