<mjloggm ver="2.3"><GO type="41" lobby="0"/><UN n0="%E7%86%8A%E5%87%BA%E6%B2%A1%E6%B3%A8%E6%84%8F" n1="%E5%B0%B1%E6%B4%BB%E7%94%9F%40%E5%B7%9D%E6%9D%91%E8%BB%8D%E5%9B%A3" n2="%E7%94%B0%E4%B8%AD%E3%82%81%E3%81%A6%E3%81%8A" n3="%E3%81%84%E3%82%8D%E3%81%AF%E3%81%98%E3%82%83%E3%82%93" dan="13,17,14,13" rate="2085.70,2177.75,1895.09,1867.58" sx="M,M,M,M"/><TAIKYOKU oya="0"/><INIT seed="0,0,0,3,2,62" ten="250,250,250,250" oya="0" hai0="2,18,1,32,9,83,5,122,72,82,20,39,40" hai1="63,14,29,34,61,55,42,46,88,45,51,107,68" hai2="127,80,52,50,35,132,19,73,78,47,130,8,37" hai3="58,12,105,119,49,114,100,11,36,116,118,85,17"/><T26/><D122/><U60/><E107/><V56/><F130/><W133/><G36/><T33/><D1/><U131/><E131/><V90/><F127/><W0/><G114/><T54/><D54/><U75/><E75/><V101/><F132/><W44/><G0/><T96/><D96/><U24/><E14/><V10/><F35/><W95/><G133/><T135/><D135/><U126/><E126/><V28/><F28/><W25/><G105/><T57/><D57/><U134/><E134/><V110/><F101/><W66/><G25/><T103/><D103/><U111/><E111/><V71/><F71/><W109/><G109/><T97/><D97/><U3/><E3/><V16/><F110/><W64/><G58/><T13/><D13/><U91/><REACH who="1" step="1"/><E68/><REACH who="1" ten="250,240,250,250" step="2"/><V38/><F38/><AGARI ba="0,1" hai="24,29,34,38,42,45,46,51,55,60,61,63,88,91" machi="38" ten="40,5200,0" yaku="1,1,2,1,54,1,53,0" doraHai="62" doraHaiUra="125" who="1" fromWho="2" sc="250,0,240,62,250,-52,250,0" /><INIT seed="1,0,0,3,0,133" ten="250,302,198,250" oya="1" hai0="109,93,68,130,12,82,81,10,57,36,7,48,124" hai1="66,43,64,32,98,83,107,56,76,117,54,103,119" hai2="79,31,85,20,114,21,11,115,86,135,30,50,2" hai3="105,71,77,49,96,35,91,26,19,47,72,14,58"/><U22/><E32/><V27/><F135/><W1/><G1/><T45/><D68/><U29/><E43/><V104/><F104/><W4/><G71/><T70/><D70/><U90/><E90/><V108/><F108/><W17/><G72/><T125/><D109/><U13/><E66/><V67/><F67/><W59/><G77/><T6/><D130/><U24/><E64/><V95/><F2/><W37/><G37/><T61/><D93/><U16/><E56/><V80/><F11/><N who="3" m="4455" /><G35/><T129/><D129/><U5/><E54/><V88/><F50/><W23/><G105/><T0/><D36/><U89/><E89/><V122/><F122/><W69/><G69/><T100/><D100/><U102/><E5/><V97/><F97/><W74/><G17/><T25/><D25/><AGARI ba="0,0" hai="20,21,25,27,30,31,79,80,85,86,88,95,114,115" machi="25" ten="40,2600,0" yaku="9,1,54,1" doraHai="133" who="2" fromWho="0" sc="250,-26,302,0,198,26,250,0" /><INIT seed="2,0,0,4,4,82" ten="224,302,224,250" oya="2" hai0="114,124,125,108,50,3,105,89,33,6,95,48,130" hai1="106,29,115,14,7,135,118,107,53,128,126,76,15" hai2="1,27,23,54,68,51,109,26,104,69,46,112,93" hai3="17,24,111,64,77,88,65,25,36,84,116,102,61"/><V120/><F104/><W83/><G116/><T75/><D114/><U19/><E118/><V72/><F72/><W13/><G36/><T99/><D108/><U0/><E0/><V101/><F1/><W123/><G123/><T98/><D130/><U117/><E117/><V131/><F120/><W132/><G132/><T103/><D33/><U87/><E115/><V57/><F112/><W121/><G121/><T119/><D75/><U43/><E43/><V91/><F101/><W127/><G111/><T11/><REACH who="0" step="1"/><D119/><REACH who="0" ten="214,302,224,250" step="2"/><U74/><E74/><V16/><F131/><W70/><G127/><AGARI ba="0,1" hai="3,6,11,48,50,89,95,98,99,103,105,124,125,127" machi="127" ten="40,5200,0" yaku="1,1,2,1,18,1,53,0" doraHai="82" doraHaiUra="40" who="0" fromWho="3" sc="214,62,302,0,224,0,250,-52" /><INIT seed="3,0,0,0,2,115" ten="276,302,224,198" oya="3" hai0="69,79,9,100,82,117,74,105,73,123,29,99,38" hai1="6,14,113,83,10,37,65,76,72,129,92,30,62" hai2="116,50,41,47,33,53,18,71,80,108,28,118,103" hai3="20,125,104,132,27,15,89,110,70,134,127,0,107"/><W95/><G70/><T81/><D69/><U111/><E113/><V58/><F71/><W16/><G0/><T45/><D29/><U101/><E111/><V17/><F108/><W97/><G27/><T75/><D9/><U87/><E129/><V126/><F126/><N who="3" m="48139" /><G110/><T77/><D123/><U51/><E37/><V88/><F103/><W114/><G114/><T64/><D64/><U56/><E30/><V42/><F42/><W40/><G40/><N who="0" m="22679" /><D73/><U4/><E51/><V39/><F33/><W131/><G104/><T102/><D102/><U7/><E72/><V1/><F28/><W8/><G8/><T24/><D24/><U130/><E130/><V135/><F1/><W2/><G2/><T3/><D3/><U121/><E121/><V57/><F135/><N who="3" m="51755" /><G107/><T61/><D61/><U78/><E78/><V67/><F18/><W21/><G131/><T35/><D35/><U22/><E22/><V90/><F17/><W119/><G21/><T36/><D36/><U44/><E44/><V63/><REACH who="2" step="1"/><F80/><REACH who="2" ten="276,302,214,198" step="2"/><W98/><G119/><AGARI ba="0,1" hai="74,75,77,79,81,82,99,100,105,117,119" m="22679" machi="119" ten="30,3900,0" yaku="23,1,52,2" doraHai="115" who="0" fromWho="3" sc="276,49,302,0,214,0,198,-39" /><AGARI ba="0,0" hai="39,41,47,50,53,57,58,63,67,88,90,116,118,119" machi="119" ten="40,12000,2" yaku="1,1,2,1,52,3,54,1,53,1" doraHai="115" doraHaiUra="59" who="2" fromWho="3" sc="325,0,302,0,214,120,159,-120" /><INIT seed="4,0,0,0,3,129" ten="325,302,334,39" oya="0" hai0="8,80,43,123,100,101,53,22,134,116,91,31,49" hai1="95,7,110,61,118,117,122,121,93,115,17,64,50" hai2="51,18,73,66,47,68,82,0,111,37,70,52,10" hai3="87,56,90,76,132,40,77,15,39,30,62,23,98"/><T107/><D123/><N who="1" m="47115" /><E7/><N who="2" m="1383" /><F111/><W126/><G39/><T29/><D116/><N who="1" m="44651" /><E17/><V130/><F66/><W119/><G40/><T16/><D43/><U24/><E24/><V25/><F130/><W106/><G119/><T104/><D104/><U42/><E95/><V41/><F25/><W92/><G126/><T21/><D134/><U67/><E93/><V54/><F18/><W9/><G132/><T114/><D114/><U5/><E5/><V27/><F27/><N who="3" m="16767" /><G106/><T71/><D71/><N who="2" m="27178" /><F51/><W14/><G98/><T26/><D107/><U2/><E2/><V127/><F127/><W32/><G32/><T89/><D8/><U74/><E74/><V88/><F88/><N who="0" m="33866" /><D80/><U135/><E135/><V99/><F99/><W78/><G78/><AGARI ba="0,0" hai="37,41,47,52,54,73,78,82" m="27178,1383" machi="78" ten="30,2000,0" yaku="25,1,54,1" doraHai="129" who="2" fromWho="3" sc="325,0,302,0,334,20,39,-20" /><INIT seed="5,0,0,3,2,105" ten="325,302,354,19" oya="1" hai0="18,67,4,11,69,59,124,88,128,5,123,28,17" hai1="61,70,48,96,16,113,77,129,127,94,78,40,75" hai2="84,2,86,110,41,42,120,55,26,85,131,35,71" hai3="46,98,122,64,51,58,74,107,53,82,81,52,3"/><U56/><E127/><V134/><F2/><W125/><G122/><T103/><D69/><U76/><E129/><V36/><F71/><W104/><G125/><T95/><D124/><U115/><E70/><V116/><F116/><W54/><G3/><T33/><D128/><U30/><E30/><V45/><F131/><W119/><G119/><T1/><D123/><U9/><E40/><V101/><F120/><W13/><G13/><T34/><D5/><U100/><E48/><V21/><F35/><W23/><G23/><T22/><D103/><U25/><E75/><V89/><F101/><W65/><G74/><T73/><D73/><U112/><E25/><V12/><F110/><W47/><G98/><T14/><D18/><U49/><E49/><N who="2" m="29103" /><F36/><W92/><G107/><T6/><D6/><U102/><E102/><V8/><F89/><W43/><G92/><T19/><D19/><U133/><E133/><V108/><F108/><W93/><G93/><T24/><D59/><U50/><E50/><V31/><F134/><W37/><G104/><T0/><D67/><N who="3" m="25673" /><G37/><T126/><D126/><U62/><E56/><V10/><F10/><W114/><G114/><T20/><REACH who="0" step="1"/><D0/><REACH who="0" ten="315,302,354,19" step="2"/><U132/><E132/><V106/><F106/><W57/><G47/><T130/><D130/><U60/><E9/><V118/><F118/><W91/><G81/><T87/><AGARI ba="0,1" hai="1,4,11,14,17,20,22,24,28,33,34,87,88,95" machi="87" ten="20,8000,1" yaku="1,1,0,1,7,1,54,1,53,1" doraHai="105" doraHaiUra="27" who="0" fromWho="0" sc="315,90,302,-40,354,-20,19,-20" owari="405,51.0,262,-14.0,334,13.0,-1,-50.0" /></mjloggm>