<mjloggm ver="2.3"><GO type="225" lobby="0"/><UN n0="%68%61%6E%65%31%35%30%30" n1="%E3%82%A6%E3%83%AB%E3%83%88%E3%83%A9%E7%AB%8B%E7%9B%B4" n2="%48%65%61%72%E2%80%A0%73%31%38" n3="%44%4F%44%4F%4B%4F" dan="18,17,17,16" rate="2319.44,2207.72,2156.56,2082.68" sx="M,M,F,F"/><TAIKYOKU oya="0"/><INIT seed="0,0,0,3,2,20" ten="250,250,250,250" oya="0" hai0="133,69,60,24,36,11,31,3,29,0,34,26,81" hai1="44,30,91,8,71,121,88,64,80,52,70,93,95" hai2="103,135,108,94,87,119,78,122,4,124,23,86,41" hai3="109,50,99,130,68,53,18,107,28,118,45,17,120"/><T54/><D36/><U10/><E121/><V67/><F122/><W75/><G75/><T65/><D133/><U92/><E64/><V113/><F135/><W5/><G118/><T77/><D54/><U46/><E30/><V98/><F119/><W125/><G5/><T2/><D11/><U48/><E71/><V6/><F113/><W129/><G120/><T58/><D58/><N who="1" m="33031" /><E70/><V62/><F41/><W19/><G68/><T55/><D55/><U1/><E1/><V110/><F23/><W127/><G28/><T90/><D90/><N who="1" m="34347" /><E80/><N who="2" m="47383" /><F87/><W15/><G15/><T33/><REACH who="0" step="1"/><D3/><REACH who="0" ten="240,250,250,250" step="2"/><U102/><E102/><V47/><F47/><AGARI ba="0,1" hai="8,10,44,46,47,92,93,95" m="34347,33031" machi="47" ten="30,3900,0" yaku="8,1,54,2" doraHai="20" who="1" fromWho="2" sc="240,0,250,49,250,-39,250,0" /><INIT seed="1,0,0,0,3,8" ten="240,299,211,250" oya="1" hai0="27,127,110,50,92,40,101,47,91,23,71,119,19" hai1="16,135,35,42,109,14,53,21,44,102,77,123,22" hai2="100,63,9,65,64,106,49,84,18,133,68,114,33" hai3="80,89,90,97,3,78,13,20,115,48,129,82,99"/><U38/><E35/><V124/><F114/><W105/><G3/><T0/><D119/><U96/><E123/><V45/><F124/><W41/><G115/><T131/><D71/><U24/><E77/><V15/><F64/><W120/><G120/><T61/><D0/><U76/><E76/><V74/><F74/><W122/><G122/><T32/><D127/><U93/><E135/><V28/><F84/><W62/><G62/><T59/><D131/><U73/><E73/><V34/><F133/><W83/><G78/><T104/><D110/><U86/><E86/><V98/><REACH who="2" step="1"/><F28/><REACH who="2" ten="240,299,201,250" step="2"/><W113/><G113/><T55/><D32/><U54/><E109/><V121/><F121/><W94/><G129/><T118/><D118/><U56/><E56/><V85/><F85/><W57/><G57/><T75/><D75/><U25/><E25/><V58/><F58/><W39/><G99/><T107/><D101/><U134/><E134/><V7/><F7/><W125/><G125/><T17/><D17/><AGARI ba="0,1" hai="14,16,17,21,22,24,38,42,44,53,54,93,96,102" machi="17" ten="30,5800,0" yaku="7,1,52,1,54,1" doraHai="8" who="1" fromWho="0" sc="240,-58,299,68,201,0,250,0" /><INIT seed="1,1,0,2,3,62" ten="182,367,201,250" oya="1" hai0="130,51,60,75,70,77,71,113,22,82,31,9,16" hai1="106,15,109,90,2,72,66,102,124,79,73,121,117" hai2="59,92,47,34,111,125,86,1,23,46,123,65,126" hai3="134,3,96,17,74,88,37,100,118,76,38,93,97"/><U41/><E15/><V101/><F123/><W135/><G3/><T94/><D113/><U119/><E41/><V91/><F34/><W98/><G118/><T42/><D130/><U132/><E2/><V69/><F69/><W12/><G76/><T114/><D114/><U81/><E66/><V120/><F120/><W10/><G74/><T20/><D94/><U50/><E50/><V78/><F1/><W108/><G108/><T33/><D33/><U84/><E121/><V7/><F7/><W5/><G5/><T11/><D31/><U0/><E0/><V64/><F111/><W43/><G43/><T27/><D22/><U116/><E109/><V48/><F101/><W129/><G129/><T39/><D39/><U105/><E132/><N who="3" m="50730" /><G98/><T87/><D75/><U25/><E25/><V35/><F78/><W57/><G57/><T104/><D104/><AGARI ba="1,0" hai="10,12,17,37,38,88,93,96,97,100,104" m="50730" machi="104" ten="30,2000,0" yaku="20,1,54,1" doraHai="62" who="3" fromWho="0" sc="182,-23,367,0,201,0,250,23" /><INIT seed="2,0,0,0,3,62" ten="159,367,201,273" oya="2" hai0="18,30,113,37,81,17,53,34,123,22,121,132,92" hai1="26,78,63,46,94,135,88,71,112,128,10,23,118" hai2="51,36,67,74,108,110,105,11,5,28,106,99,100" hai3="39,114,97,33,59,95,84,68,73,52,50,31,79"/><V21/><F36/><W58/><G68/><T93/><D37/><U7/><E112/><V124/><F74/><W89/><G39/><T44/><D113/><U116/><E78/><V64/><F124/><W25/><G114/><T55/><D34/><U69/><E69/><V19/><F105/><W133/><G133/><T3/><D3/><U130/><E46/><V115/><F28/><W77/><G73/><T131/><D132/><U102/><E102/><V127/><F51/><W60/><G84/><T70/><D70/><U72/><E72/><V42/><F42/><W12/><G12/><T13/><D30/><U20/><E20/><V38/><F38/><W9/><G9/><T43/><D43/><U75/><E75/><V87/><F87/><W101/><G89/><T24/><D81/><U32/><E32/><V107/><F107/><W119/><G119/><T109/><D109/><N who="2" m="42090" /><F127/><W103/><G103/><T1/><D1/><U4/><E135/><V98/><F98/><W41/><G41/><T134/><D134/><U117/><E117/><V56/><F56/><W48/><G50/><T15/><D44/><U104/><E104/><V126/><F126/><W85/><G85/><T122/><D24/><U76/><E118/><V47/><F47/><W0/><G0/><T86/><D86/><U83/><E116/><V49/><F49/><W57/><G57/><T14/><D22/><U111/><E71/><V80/><F115/><W6/><G6/><T90/><D123/><U125/><E125/><V29/><F99/><W40/><G40/><T16/><D122/><U66/><E111/><RYUUKYOKU ba="0,0" sc="159,-10,367,-10,201,-10,273,30" hai3="25,31,33,48,52,58,59,60,77,79,95,97,101" /><INIT seed="3,1,0,5,0,100" ten="149,357,191,303" oya="3" hai0="11,90,3,9,94,119,2,122,126,93,66,86,116" hai1="70,84,50,88,130,0,72,6,58,105,124,34,118" hai2="23,75,79,111,49,31,16,62,24,89,48,80,8" hai3="134,51,60,127,92,10,26,69,55,91,5,106,128"/><W57/><G127/><T115/><D126/><U112/><RYUUKYOKU type="yao9" ba="1,0" sc="149,0,357,0,191,0,303,0" hai1="0,6,34,50,58,70,72,84,88,105,112,118,124,130" /><INIT seed="3,2,0,2,0,59" ten="149,357,191,303" oya="3" hai0="93,121,115,34,79,37,1,44,87,19,36,76,128" hai1="21,11,74,9,125,114,70,2,66,17,94,96,35" hai2="62,52,12,68,23,7,82,6,50,111,40,22,45" hai3="55,135,110,27,122,30,119,3,33,104,83,107,86"/><W42/><G3/><T98/><D121/><U5/><E114/><V20/><F111/><W106/><G119/><T8/><D115/><U75/><E125/><V38/><F12/><W58/><G122/><T97/><D34/><U4/><E35/><V26/><F26/><W31/><G31/><T49/><D128/><U43/><E43/><V73/><F73/><W0/><G0/><T108/><D108/><U112/><E112/><V116/><F82/><W46/><G110/><T48/><D1/><U117/><E117/><V109/><F109/><W84/><G135/><T77/><D37/><U14/><E66/><N who="2" m="41047" /><F116/><W71/><G71/><T51/><D36/><U95/><E70/><V118/><F118/><W81/><G81/><T131/><D131/><U41/><E41/><V80/><F80/><W10/><G10/><T133/><D133/><U56/><E56/><AGARI ba="2,0" hai="6,7,20,22,23,38,40,45,50,52,56" m="41047" machi="56" ten="30,3900,0" yaku="24,1,52,1,54,1" doraHai="59" who="2" fromWho="1" sc="149,0,357,-45,191,45,303,0" owari="149,-35.0,312,41.0,236,-16.0,303,10.0" /></mjloggm>