<mjloggm ver="2.3"><GO type="41" lobby="0"/><UN n0="%74%6F%6D%6F%6B%61%6E%61" n1="%E5%B0%B1%E6%B4%BB%E7%94%9F%40%E5%B7%9D%E6%9D%91%E8%BB%8D%E5%9B%A3" n2="%E3%81%B2%E3%81%A4%E3%81%BE%E6%AD%A6%E5%A3%AB" n3="%E9%B3%A5%E4%BA%95%E3%83%81%E3%82%AB" dan="15,17,14,14" rate="2042.34,2210.57,2003.99,2104.14" sx="M,M,M,F"/><TAIKYOKU oya="0"/><INIT seed="0,0,0,0,3,52" ten="250,250,250,250" oya="0" hai0="46,14,110,36,20,105,10,131,86,31,74,7,108" hai1="129,98,128,100,11,26,62,117,83,124,130,85,51" hai2="23,61,54,65,32,115,50,45,99,43,80,107,68" hai3="76,97,56,35,87,1,47,112,111,53,5,72,41"/><T120/><D105/><U116/><E124/><V82/><F115/><W103/><G111/><N who="0" m="42539" /><D74/><U2/><E51/><V48/><F32/><W15/><G112/><T40/><D120/><U49/><E49/><V77/><F23/><W70/><G35/><T104/><D104/><U16/><E2/><V101/><REACH who="2" step="1"/><F77/><REACH who="2" ten="250,250,240,250" step="2"/><W89/><G76/><T9/><D131/><U79/><E117/><V114/><F114/><W125/><G125/><T12/><D86/><U81/><E116/><V90/><F90/><W17/><G89/><T58/><D20/><N who="1" m="13575" /><E11/><V67/><F67/><W55/><G87/><T13/><D31/><U95/><E85/><V78/><F78/><W66/><G66/><T118/><D118/><U96/><E79/><V94/><F94/><W30/><G30/><T102/><D102/><U3/><E98/><V59/><AGARI ba="0,1" hai="43,45,48,50,54,59,61,65,68,80,82,99,101,107" machi="59" ten="20,8000,1" yaku="1,1,0,1,7,1,52,1,53,1" doraHai="52" doraHaiUra="57" who="2" fromWho="2" sc="250,-40,250,-20,240,90,250,-20" /><INIT seed="1,0,0,5,0,6" ten="210,230,330,230" oya="1" hai0="36,48,117,128,18,20,50,113,51,12,72,76,134" hai1="45,59,132,46,111,29,34,123,98,81,35,99,10" hai2="38,40,68,118,114,104,86,96,115,92,135,71,124" hai3="89,8,52,4,90,106,56,85,110,30,101,33,15"/><U95/><E123/><V64/><F118/><W1/><G110/><T69/><D117/><U129/><E129/><V11/><F124/><W125/><G125/><T121/><D113/><U22/><E132/><V23/><F104/><W100/><G106/><T57/><D69/><U77/><E111/><V73/><F73/><W82/><G15/><T83/><D36/><U63/><E34/><V94/><F135/><W75/><G75/><T102/><D134/><U60/><E35/><V9/><F23/><W119/><G119/><T62/><D128/><U41/><E63/><N who="2" m="39967" /><F86/><W43/><G43/><T87/><D121/><U107/><E107/><V133/><F71/><W93/><G30/><T2/><D2/><U74/><E98/><V131/><F131/><W5/><G5/><T44/><D72/><U84/><E74/><V39/><F133/><W47/><G47/><T70/><D70/><U105/><E105/><V42/><F42/><W58/><G58/><T25/><D102/><U17/><E41/><V120/><F120/><W67/><G67/><T116/><D116/><U61/><E61/><V108/><F108/><W55/><G33/><T97/><D97/><U127/><E127/><V122/><F122/><W88/><G55/><N who="0" m="30087" /><D25/><N who="1" m="14543" /><E29/><V7/><F92/><W26/><G26/><T19/><D19/><U79/><E79/><V66/><F66/><AGARI ba="0,0" hai="12,18,20,50,51,57,62,66,76,83,87" m="30087" machi="66" ten="30,1000,0" yaku="8,1" doraHai="6" who="0" fromWho="2" sc="210,10,230,0,330,-10,230,0" /><INIT seed="2,0,0,4,0,70" ten="220,230,320,230" oya="2" hai0="103,47,108,93,59,68,95,14,39,74,110,48,91" hai1="130,0,64,118,37,38,66,94,127,62,128,42,3" hai2="51,129,100,5,50,36,15,9,55,16,6,133,132" hai3="11,56,81,13,18,57,135,98,71,1,126,60,87"/><V20/><F129/><N who="1" m="49769" /><E42/><V40/><F100/><W31/><G135/><N who="2" m="51785" /><F6/><W112/><G126/><T24/><D74/><U106/><E106/><V88/><F55/><W131/><G131/><T61/><D68/><N who="1" m="42007" /><E118/><V32/><F32/><W58/><G112/><T111/><D103/><U73/><E127/><V76/><F76/><W99/><G71/><T10/><D24/><U101/><E73/><V104/><F104/><W33/><G1/><N who="1" m="586" /><E66/><V63/><F63/><W85/><G60/><T120/><D120/><U117/><E117/><V75/><F75/><W44/><G44/><T92/><D91/><U134/><E134/><V122/><F122/><W28/><G87/><T19/><D48/><U41/><E41/><V114/><F114/><W35/><G35/><T25/><D25/><U90/><E101/><V125/><F125/><W34/><G34/><T45/><D45/><U54/><E54/><V49/><F88/><N who="3" m="51247" /><G33/><T97/><D97/><AGARI ba="0,0" hai="37,38,90,94,97" m="586,42007,49769" machi="97" ten="30,3900,0" yaku="19,1,52,2" doraHai="70" who="1" fromWho="0" sc="220,-39,230,39,320,0,230,0" /><AGARI ba="0,0" hai="11,13,18,28,31,56,57,58,97,98,99" m="51247" machi="97" ten="30,2000,0" yaku="8,1,54,1" doraHai="70" who="3" fromWho="0" sc="181,-20,269,0,320,0,230,20" /><INIT seed="3,0,0,1,2,39" ten="161,269,320,250" oya="3" hai0="74,96,27,23,92,126,18,1,22,4,61,32,94" hai1="101,106,68,90,76,49,78,7,81,105,40,14,30" hai2="121,11,0,5,10,48,71,125,52,70,12,17,110" hai3="129,85,28,134,57,87,72,36,91,34,9,115,130"/><W77/><G72/><T133/><D74/><U19/><E68/><V62/><F121/><W102/><G115/><T120/><D120/><U135/><E135/><V132/><F132/><W6/><G134/><T128/><D133/><U122/><E122/><V58/><F125/><W37/><G77/><T108/><D108/><U43/><E106/><V97/><F110/><W60/><G102/><T41/><D32/><U84/><E105/><V2/><F2/><W99/><G99/><T13/><D126/><U16/><E101/><V55/><REACH who="2" step="1"/><F97/><REACH who="2" ten="161,269,310,250" step="2"/><W8/><G130/><T119/><D1/><U82/><E30/><V98/><F98/><W104/><G28/><T112/><D119/><U26/><E7/><V53/><F53/><W21/><G6/><T116/><D4/><U20/><E49/><V3/><F3/><W69/><G36/><T80/><D116/><U117/><E117/><V86/><F86/><W42/><G87/><T31/><D112/><U103/><E103/><V65/><F65/><W24/><G85/><T75/><D128/><U63/><E82/><V114/><F114/><W44/><G37/><T46/><D96/><U118/><E118/><V107/><F107/><W50/><G104/><T123/><D123/><U51/><E51/><V54/><F54/><W95/><G50/><N who="0" m="26959" /><D61/><U56/><E78/><V38/><F38/><W83/><G60/><T47/><D47/><AGARI ba="0,1" hai="0,5,10,11,12,17,47,48,52,55,58,62,70,71" machi="47" ten="30,3900,0" yaku="1,1,7,1,54,1,53,0" doraHai="39" doraHaiUra="79" who="2" fromWho="0" sc="161,-39,269,0,310,49,250,0" /><INIT seed="4,0,0,5,2,61" ten="122,269,359,250" oya="0" hai0="18,82,73,22,88,45,113,85,106,119,6,122,77" hai1="27,101,90,83,48,4,11,120,46,30,60,9,28" hai2="19,124,29,2,94,76,105,112,100,14,84,42,52" hai3="24,43,128,121,1,49,32,129,107,8,130,50,17"/><T25/><D122/><U133/><E120/><V111/><F2/><W15/><G107/><T135/><D119/><U103/><E133/><V37/><F111/><W65/><G121/><T36/><D113/><U80/><E60/><V116/><F105/><W7/><G43/><T35/><D135/><U3/><E11/><V55/><F112/><W75/><G75/><T72/><D106/><U69/><E69/><V93/><F116/><W110/><G110/><T117/><D117/><U81/><E90/><V66/><F124/><W79/><G79/><T89/><D35/><U78/><E78/><V34/><F34/><W74/><G74/><T91/><REACH who="0" step="1"/><D6/><REACH who="0" ten="112,269,359,250" step="2"/><U26/><E30/><V23/><F37/><W127/><G32/><T12/><D12/><N who="1" m="5159" /><E28/><V21/><F29/><W13/><G13/><T64/><D64/><U16/><E3/><V70/><F66/><W10/><G65/><T86/><D86/><U99/><E99/><V134/><F84/><W39/><G15/><T33/><D33/><U59/><E27/><V63/><F14/><W56/><G24/><T132/><D132/><U71/><E26/><V67/><F67/><W41/><G1/><T104/><D104/><U58/><E16/><V95/><F134/><W20/><G7/><T54/><D54/><N who="1" m="29975" /><E71/><V96/><F19/><W87/><G17/><T40/><AGARI ba="0,1" hai="18,22,25,36,40,45,72,73,77,82,85,88,89,91" machi="40" ten="30,6000,0" yaku="1,1,0,1,54,1,53,0" doraHai="61" doraHaiUra="123" who="0" fromWho="0" sc="112,70,269,-20,359,-20,250,-20" /><INIT seed="4,1,0,1,1,79" ten="182,249,339,230" oya="0" hai0="25,60,47,5,49,70,93,74,39,15,88,31,57" hai1="46,117,20,7,41,42,33,28,27,73,23,58,11" hai2="9,108,53,10,26,32,92,107,119,84,124,128,85" hai3="102,106,29,51,121,83,103,72,132,65,13,99,80"/><T112/><D74/><U86/><E73/><V105/><F108/><W96/><G132/><T98/><D39/><U48/><E117/><V16/><F119/><W66/><G121/><T135/><D70/><U101/><E101/><V133/><F133/><W54/><G72/><T100/><D135/><U64/><E41/><V19/><F92/><W6/><G29/><T77/><D112/><U126/><E126/><V14/><F26/><W8/><G51/><T2/><D2/><U22/><E58/><V38/><F53/><W24/><G54/><T110/><D110/><U40/><E40/><V113/><F14/><W120/><G24/><T56/><D77/><U59/><E59/><V12/><F12/><W36/><G36/><T37/><D37/><U21/><E64/><V52/><F38/><W68/><G120/><T95/><D60/><U4/><N who="1" m="5632" /><DORA hai="116" /><U63/><E63/><V44/><F52/><W61/><REACH who="3" step="1"/><G66/><REACH who="3" ten="182,249,339,220" step="2"/><T35/><D35/><U89/><REACH who="1" step="1"/><E11/><REACH who="1" ten="182,239,339,220" step="2"/><V134/><F10/><W130/><G130/><T45/><D45/><U34/><E34/><V118/><F9/><W3/><G3/><T76/><D31/><U90/><E90/><V123/><F32/><W131/><G131/><T104/><D25/><U78/><E78/><V55/><F44/><W109/><G109/><T43/><D76/><U125/><E125/><V111/><F124/><W82/><G82/><AGARI ba="1,2" hai="4,7,27,28,33,42,46,48,82,86,89" m="5632" machi="82" ten="50,3200,0" yaku="1,1,52,1,53,0" doraHai="79,116" doraHaiUra="114,75" who="1" fromWho="3" sc="182,0,239,55,339,0,220,-35" /><INIT seed="5,0,0,0,2,2" ten="182,294,339,185" oya="1" hai0="63,57,60,71,12,115,110,89,132,78,29,85,19" hai1="126,67,104,42,3,28,116,13,9,102,65,125,96" hai2="59,119,44,131,36,83,75,101,107,114,4,95,88" hai3="56,92,113,41,93,23,31,103,1,82,70,97,121"/><U133/><E3/><V106/><F119/><W11/><G121/><T76/><D110/><U79/><E116/><V68/><F68/><W74/><G70/><T117/><D117/><U72/><E133/><V35/><F35/><W123/><G123/><T86/><D115/><U6/><E42/><V55/><F114/><W17/><G113/><T111/><D111/><U49/><E49/><V51/><F131/><W40/><G31/><T122/><D122/><U120/><E120/><V15/><F101/><W43/><G56/><T64/><D132/><U94/><E104/><V27/><F27/><W50/><G50/><T33/><D85/><U80/><REACH who="1" step="1"/><E28/><REACH who="1" ten="182,284,339,185" step="2"/><V47/><F106/><W32/><G43/><T134/><D134/><U66/><AGARI ba="0,1" hai="6,9,13,65,66,67,72,79,80,94,96,102,125,126" machi="66" ten="30,11700,0" yaku="1,1,2,1,0,1,52,1,53,0" doraHai="2" doraHaiUra="58" who="1" fromWho="1" sc="182,-39,284,127,339,-39,185,-39" /><INIT seed="5,1,0,2,2,119" ten="143,411,300,146" oya="1" hai0="131,45,100,44,17,21,67,63,38,52,65,78,80" hai1="42,114,16,12,127,43,11,88,99,107,89,14,104" hai2="73,31,69,84,109,5,27,126,3,108,121,123,81" hai3="51,92,118,26,48,77,134,41,83,85,60,122,106"/><U116/><E116/><V22/><F69/><W54/><G118/><T91/><D131/><U82/><E127/><V25/><F73/><W111/><G111/><N who="2" m="42569" /><F84/><W125/><G134/><T30/><D38/><U62/><E114/><V90/><F90/><W18/><G106/><T23/><D100/><U55/><E104/><V110/><N who="2" m="42577" /><V93/><DORA hai="34" /><F93/><W94/><G125/><T53/><D91/><N who="1" m="34891" /><E107/><V105/><F81/><W33/><G33/><T28/><D80/><U133/><E133/><V120/><F105/><W50/><G41/><T37/><D37/><U101/><E82/><V7/><F126/><W47/><G47/><T1/><D1/><U32/><E32/><N who="2" m="20591" /><F3/><W61/><G92/><T66/><D63/><U19/><E99/><V96/><F96/><W75/><G75/><T74/><D74/><U102/><E102/><V87/><F87/><W86/><G86/><T129/><D129/><U135/><E135/><V24/><F24/><W117/><G85/><T46/><D78/><U35/><E35/><V0/><F0/><W95/><G77/><T115/><D115/><U59/><E101/><V8/><F8/><AGARI ba="1,0" hai="8,11,12,14,16,19,42,43,55,59,62" m="34891" machi="8" ten="30,5800,0" yaku="8,1,54,2" doraHai="119,34" who="1" fromWho="2" sc="143,0,411,61,300,-61,146,0" /><INIT seed="5,2,0,1,2,122" ten="143,472,239,146" oya="1" hai0="96,0,78,10,129,100,105,99,88,11,118,59,56" hai1="26,101,24,67,46,87,53,119,86,110,79,108,80" hai2="17,6,97,28,83,34,130,109,47,112,19,41,77" hai3="61,29,3,57,133,75,107,58,94,98,27,33,72"/><U82/><E119/><V51/><F130/><W117/><G133/><T84/><D118/><U70/><E101/><V71/><F71/><W128/><G117/><T64/><D129/><U5/><E5/><V134/><F134/><W30/><G128/><T106/><D78/><U40/><E67/><V104/><F112/><W16/><G30/><T43/><D43/><U52/><E70/><V1/><F109/><N who="1" m="42089" /><E40/><V111/><F6/><W126/><G126/><T4/><D11/><U69/><E69/><V39/><F41/><W45/><G107/><T93/><REACH who="0" step="1"/><D64/><REACH who="0" ten="133,472,239,146" step="2"/><U8/><E8/><V115/><F111/><W66/><G66/><T135/><D135/><U42/><E53/><V81/><F115/><W21/><G3/><T23/><D23/><U49/><E42/><V14/><F1/><W31/><G21/><T127/><D127/><U65/><E65/><V63/><F34/><W32/><G32/><T50/><D50/><U20/><E20/><V9/><F51/><W55/><G55/><T120/><D120/><U54/><E54/><V38/><F39/><W102/><G33/><T121/><D121/><U131/><E131/><V44/><F38/><W48/><G48/><T116/><D116/><U91/><AGARI ba="2,1" hai="24,26,46,49,52,79,80,82,86,87,91" m="42089" machi="91" ten="30,12000,1" yaku="10,1,52,3,54,1" doraHai="122" who="1" fromWho="1" sc="133,-42,472,136,239,-42,146,-42" /><INIT seed="5,3,0,5,5,112" ten="91,608,197,104" oya="1" hai0="110,77,58,124,92,63,93,44,43,88,65,122,24" hai1="117,83,125,94,81,97,109,119,101,47,126,127,46" hai2="67,20,76,89,85,57,22,55,69,98,59,84,54" hai3="123,33,53,30,45,99,64,108,131,118,86,0,12"/><U60/><E60/><V6/><F69/><W79/><G108/><T129/><D110/><U68/><E68/><V66/><F98/><W3/><G123/><T107/><D122/><U9/><E9/><V21/><F6/><W40/><G33/><T41/><D124/><U31/><E31/><V26/><F76/><W100/><G131/><T73/><D129/><U114/><E114/><V19/><F19/><W78/><G64/><N who="2" m="24617" /><F26/><W70/><G53/><N who="2" m="19977" /><F85/><W96/><G86/><T17/><D107/><U103/><E103/><V56/><F56/><W50/><G96/><T113/><D113/><U42/><E109/><V87/><F87/><W34/><G34/><T8/><D93/><AGARI ba="3,0" hai="20,21,22,57,59,84,89,93" m="19977,24617" machi="93" ten="30,1000,0" yaku="8,1" doraHai="112" who="2" fromWho="0" sc="91,-19,608,0,197,19,104,0" /><INIT seed="6,0,0,4,5,96" ten="72,608,216,104" oya="2" hai0="132,83,47,79,104,37,48,59,71,42,53,111,75" hai1="63,91,31,57,126,1,25,22,125,74,122,110,16" hai2="128,120,76,64,35,121,60,0,100,55,127,5,87" hai3="49,44,129,86,17,56,66,80,4,109,82,2,23"/><V27/><F128/><W50/><G109/><T115/><D111/><U114/><E110/><V6/><F100/><W15/><G129/><T77/><D115/><U119/><E74/><V62/><F55/><W58/><G2/><T51/><D132/><U10/><E119/><V3/><F27/><W134/><G4/><T24/><D104/><U131/><E131/><V73/><F87/><W89/><G134/><T33/><D77/><U108/><E108/><V21/><F21/><W38/><G38/><T81/><D75/><U101/><E101/><V130/><F73/><W106/><G106/><T26/><D26/><U19/><E114/><V72/><F130/><W43/><G66/><T94/><D79/><U8/><E122/><V39/><F72/><W103/><G103/><T107/><D107/><U40/><E40/><V70/><F76/><W133/><G133/><T118/><D118/><U85/><E1/><V11/><F64/><W34/><G34/><T68/><D51/><U61/><E125/><V69/><F39/><W18/><G82/><T78/><D94/><N who="1" m="54639" /><E126/><V9/><F127/><W123/><G123/><T98/><D98/><U29/><E63/><V12/><REACH who="2" step="1"/><F12/><REACH who="2" ten="72,608,206,104" step="2"/><N who="3" m="9639" /><G50/><T20/><D33/><AGARI ba="0,1" hai="0,3,5,6,9,11,33,35,60,62,69,70,120,121" machi="33" ten="25,4800,0" yaku="1,1,22,2,53,0" doraHai="96" doraHaiUra="97" who="2" fromWho="0" sc="72,-48,608,0,206,58,104,0" /><INIT seed="6,1,0,2,1,122" ten="24,608,264,104" oya="2" hai0="56,37,53,95,33,55,92,18,42,114,48,135,94" hai1="61,106,124,76,4,64,83,100,23,26,98,69,58" hai2="16,38,62,6,13,41,112,27,84,24,28,8,91" hai3="30,96,50,128,57,66,43,34,79,31,110,68,7"/><V36/><F112/><W133/><G68/><T134/><D33/><U3/><E124/><V21/><F41/><W70/><G70/><T116/><D37/><U47/><E47/><V22/><REACH who="2" step="1"/><F62/><REACH who="2" ten="24,608,254,104" step="2"/><W103/><G43/><T115/><D42/><U5/><E69/><V93/><AGARI ba="1,1" hai="6,8,13,16,21,22,24,27,28,36,38,84,91,93" machi="93" ten="20,18000,2" yaku="1,1,2,1,0,1,7,1,54,1,53,1" doraHai="122" doraHaiUra="0" who="2" fromWho="2" sc="24,-61,608,-61,254,193,104,-61" owari="-37,-54.0,547,65.0,447,25.0,43,-36.0" /></mjloggm>