<mjloggm ver="2.3"><GO type="169" lobby="0"/><UN n0="%E3%82%A6%E3%83%AB%E3%83%88%E3%83%A9%E7%AB%8B%E7%9B%B4" n1="%E3%83%90%E3%83%90%E3%82%A2%E3%81%AE%E6%97%A5%E5%82%98" n2="%52%4F%4C%4C%59" n3="%E4%B8%87%E7%82%B9%E5%9D%8A" dan="18,16,16,16" rate="2194.77,2104.28,2113.32,2037.91" sx="M,F,M,M"/><TAIKYOKU oya="0"/><INIT seed="0,0,0,0,0,73" ten="250,250,250,250" oya="0" hai0="32,68,129,110,124,59,101,19,94,135,134,52,1" hai1="100,12,7,102,17,57,97,105,45,74,51,21,125" hai2="113,16,41,111,53,130,69,20,81,42,54,86,128" hai3="27,63,83,37,120,23,71,132,96,117,99,82,91"/><T109/><D68/><U9/><E125/><V76/><F113/><W56/><G117/><T107/><D32/><U108/><E108/><N who="0" m="41577" /><D1/><U15/><E74/><V79/><F69/><W93/><G71/><T6/><D6/><U58/><REACH who="1" step="1"/><E100/><REACH who="1" ten="250,240,250,250" step="2"/><V65/><F111/><W62/><G120/><T92/><D124/><U5/><E5/><V119/><F119/><W88/><G132/><N who="0" m="50731" /><D129/><U48/><E48/><V118/><F118/><W44/><G63/><N who="0" m="36327" /><D19/><U35/><E35/><V131/><F131/><W122/><G122/><T98/><AGARI ba="0,1" hai="92,94,98,101,107" m="36327,50731,41577" machi="98" ten="40,12000,1" yaku="14,1,10,1,20,1,54,1" doraHai="73" who="0" fromWho="0" sc="250,130,240,-40,250,-40,250,-40" /><INIT seed="0,1,0,5,4,28" ten="380,200,210,210" oya="0" hai0="72,31,6,80,34,66,36,64,96,107,76,8,30" hai1="69,104,133,12,63,46,3,41,73,120,54,59,39" hai2="84,48,105,60,98,37,38,114,128,18,67,20,57" hai3="29,118,33,113,53,127,111,116,85,10,4,123,17"/><T87/><D31/><U2/><E120/><V103/><F114/><W110/><G85/><T79/><D79/><U134/><E73/><V51/><F128/><W129/><G53/><T58/><D58/><U1/><E104/><V90/><F38/><W122/><G129/><T71/><D87/><U56/><E69/><V13/><REACH who="2" step="1"/><F37/><REACH who="2" ten="380,200,200,210" step="2"/><W92/><G113/><T50/><D36/><U26/><E134/><V83/><AGARI ba="1,1" hai="13,18,20,48,51,57,60,67,83,84,90,98,103,105" machi="83" ten="20,5200,0" yaku="1,1,2,1,0,1,7,1,53,0" doraHai="28" doraHaiUra="32" who="2" fromWho="2" sc="380,-27,200,-14,200,65,210,-14" /><INIT seed="1,0,0,5,3,35" ten="353,186,265,196" oya="1" hai0="1,26,99,79,8,39,129,43,95,12,132,116,32" hai1="20,11,110,74,134,122,131,117,83,63,30,51,13" hai2="19,45,50,73,5,59,56,36,48,2,21,104,86" hai3="64,71,128,106,98,53,34,130,38,16,114,46,60"/><U0/><E122/><V55/><F104/><W80/><G114/><T108/><D116/><U105/><E117/><V112/><F73/><W84/><G34/><T7/><D79/><U31/><E105/><V124/><F112/><W85/><G38/><T27/><D108/><U72/><E110/><V33/><F33/><W57/><G46/><T47/><D129/><U91/><E131/><N who="3" m="50218" /><G80/><T93/><D132/><U58/><E134/><V49/><F36/><W107/><G16/><T126/><D126/><U94/><E51/><N who="2" m="19531" /><F2/><W133/><G107/><T52/><D32/><U96/><E0/><V62/><F5/><W119/><G119/><T76/><D76/><U23/><E74/><V44/><F86/><W113/><G113/><T127/><D127/><U17/><E83/><V54/><F124/><W40/><G40/><T89/><D1/><U24/><E72/><V18/><F18/><W75/><G75/><T101/><D43/><U103/><E31/><V42/><F42/><W70/><G70/><T92/><D39/><U28/><E28/><V22/><F22/><W97/><G106/><T29/><D29/><U81/><E81/><V41/><F41/><W135/><G133/><T118/><D118/><U66/><REACH who="1" step="1"/><E20/><REACH who="1" ten="353,176,265,196" step="2"/><V109/><F109/><W3/><G3/><T111/><D111/><U121/><E121/><V14/><AGARI ba="0,1" hai="14,19,21,44,45,50,54,55,56,59,62" m="19531" machi="14" ten="30,1100,0" yaku="8,1" doraHai="35" who="2" fromWho="2" sc="353,-3,176,-5,265,21,196,-3" /><INIT seed="2,0,0,2,0,15" ten="350,171,286,193" oya="2" hai0="130,82,110,84,94,106,30,48,26,50,65,101,7" hai1="96,118,103,20,100,119,108,33,135,40,134,68,17" hai2="16,78,66,70,67,44,122,114,83,86,55,54,42" hai3="27,77,121,49,53,31,117,97,81,56,62,24,76"/><V9/><F114/><W124/><G117/><T73/><D110/><U60/><E33/><V115/><F115/><W41/><G121/><T95/><D130/><U133/><E40/><V52/><F122/><W63/><G124/><T105/><D7/><U6/><E6/><V132/><F70/><W91/><G41/><T87/><D65/><N who="1" m="40999" /><E108/><V111/><F111/><W28/><G27/><T39/><D101/><N who="1" m="38987" /><E96/><V10/><F10/><W98/><G31/><T13/><D82/><U47/><E47/><V36/><REACH who="2" step="1"/><F132/><REACH who="2" ten="350,171,276,193" step="2"/><W46/><G76/><T113/><D113/><U69/><E69/><V126/><F126/><W4/><G77/><T71/><D71/><U107/><E107/><V75/><F75/><W11/><G11/><T37/><D73/><U43/><E118/><V92/><F92/><W80/><G81/><T45/><D95/><U72/><E72/><V116/><F116/><W32/><G80/><T12/><D94/><U85/><E119/><V129/><F129/><W38/><G91/><T57/><D106/><U74/><E74/><V58/><F58/><W93/><G93/><T18/><D57/><U5/><E135/><V120/><F120/><W99/><G56/><T21/><D105/><U34/><E134/><V35/><F35/><W29/><G32/><T25/><D87/><U88/><E133/><V0/><F0/><W64/><G98/><T128/><D84/><U89/><E34/><V127/><F127/><W19/><G97/><T51/><D128/><U90/><E85/><V23/><F23/><W125/><G99/><T61/><D21/><U14/><E5/><RYUUKYOKU ba="0,1" sc="350,-15,171,15,276,15,193,-15" hai1="14,17,20,43,88,89,90" hai2="9,16,36,42,44,52,54,55,66,67,78,83,86" /><INIT seed="2,1,1,5,2,8" ten="335,186,291,178" oya="2" hai0="81,49,14,94,120,86,13,45,25,29,123,121,97" hai1="53,10,55,113,135,70,5,56,84,78,30,40,3" hai2="22,19,111,67,88,50,91,126,124,119,117,127,90" hai3="20,48,74,63,11,68,92,37,83,52,75,132,34"/><V43/><F67/><W133/><G34/><T62/><D62/><U93/><E70/><V57/><F111/><W103/><G37/><T66/><D66/><U76/><E113/><V64/><F64/><N who="3" m="40991" /><G20/><T65/><D65/><U110/><E110/><V2/><F2/><W15/><G83/><T100/><D25/><U60/><E40/><V41/><F57/><N who="3" m="32903" /><G92/><T9/><D29/><U26/><E53/><V61/><F61/><W116/><G103/><T107/><D107/><U18/><E18/><V80/><F80/><W33/><G33/><T104/><D104/><U130/><E78/><V38/><F38/><W102/><G102/><T31/><D31/><U95/><E93/><V17/><F17/><N who="3" m="8447" /><G116/><N who="2" m="44617" /><F50/><W6/><G6/><T125/><D9/><U47/><E95/><V32/><F32/><W35/><G35/><T27/><D49/><U134/><E76/><V85/><F85/><W114/><G114/><T36/><D86/><U44/><E84/><V101/><F101/><W108/><G108/><T131/><D100/><U122/><E3/><V1/><F1/><W115/><G115/><T118/><D36/><U77/><E77/><V23/><F23/><W106/><G106/><T87/><D118/><U24/><E60/><V42/><F91/><W99/><G99/><T69/><D97/><U54/><E5/><V89/><F90/><W96/><G96/><T0/><D0/><U71/><E10/><V39/><F39/><W59/><G59/><T109/><D69/><U79/><E71/><V82/><F82/><W51/><G51/><T105/><D109/><U72/><E56/><RYUUKYOKU ba="1,1" sc="335,-15,186,-15,291,15,178,15" hai2="19,22,41,42,43,88,89,124,126,127" hai3="74,75,132,133" /><INIT seed="2,2,1,4,1,124" ten="320,171,306,193" oya="2" hai0="68,134,8,13,128,11,93,27,105,106,135,78,109" hai1="71,59,123,22,91,116,65,72,1,57,39,63,44" hai2="85,3,88,49,111,74,113,67,130,46,120,2,35" hai3="58,107,15,133,81,89,114,64,62,73,131,24,108"/><V86/><F74/><W48/><G107/><T98/><D68/><U129/><E1/><V45/><F35/><W61/><G108/><T103/><D109/><U23/><E116/><V102/><F113/><W28/><G133/><T30/><D78/><U47/><E72/><V104/><F120/><W132/><G132/><N who="0" m="50731" /><D128/><U115/><E115/><V66/><F66/><BYE who="2" /><UN n2="%52%4F%4C%4C%59" /><W43/><G131/><T55/><D55/><U33/><E33/><V36/><F67/><W20/><G73/><T37/><D37/><U29/><E129/><V125/><F111/><W75/><G75/><T100/><D100/><U127/><E127/><V87/><F125/><W5/><G62/><T0/><D0/><U112/><E112/><V126/><F126/><W80/><G89/><T101/><D101/><U19/><E123/><V70/><F70/><W7/><G114/><T41/><D41/><U92/><E39/><V122/><F88/><W90/><G90/><T82/><D82/><N who="3" m="31849" /><G15/><T79/><D79/><U12/><E59/><V84/><F122/><W16/><G28/><T118/><D118/><U95/><E71/><V96/><F130/><W42/><G48/><T53/><D53/><U52/><E65/><V69/><F69/><W83/><N who="3" m="31857" /><W21/><DORA hai="99" /><G21/><N who="0" m="15727" /><D11/><U50/><E63/><V25/><N who="2" m="21504" /><DORA hai="9" /><V119/><F119/><W17/><G17/><AGARI ba="2,1" hai="8,13,17,93,98,103,105,106" m="15727,50731" machi="17" ten="30,3900,0" yaku="20,1,52,2" doraHai="124,99,9" who="0" fromWho="3" sc="320,55,171,0,306,0,193,-45" /><INIT seed="3,0,0,5,5,77" ten="375,171,306,148" oya="3" hai0="98,20,73,80,120,30,1,105,82,66,21,24,126" hai1="31,90,26,16,27,124,127,61,78,51,5,7,100" hai2="75,97,2,42,108,131,122,36,96,76,81,104,106" hai3="68,135,13,59,17,10,50,116,101,8,38,11,84"/><W74/><G74/><T125/><D1/><U117/><E117/><V102/><F108/><W86/><G68/><T35/><D120/><U40/><E100/><N who="2" m="62471" /><F122/><W0/><G38/><T39/><D39/><U70/><E90/><V37/><F42/><W60/><G116/><T67/><D20/><N who="1" m="13575" /><E78/><V87/><F131/><W103/><G0/><T15/><D73/><U72/><E72/><V12/><F12/><W22/><G135/><T18/><D98/><U71/><E51/><V47/><F47/><W57/><G50/><T63/><D105/><U118/><E40/><V34/><F87/><N who="3" m="33323" /><G59/><T54/><D54/><AGARI ba="0,0" hai="8,10,11,13,17,22,54,57,60,101,103" m="33323" machi="54" ten="30,1500,0" yaku="8,1" doraHai="77" who="3" fromWho="0" sc="375,-15,171,0,306,0,148,15" /><INIT seed="3,1,0,2,5,121" ten="360,171,306,163" oya="3" hai0="4,68,57,16,18,120,113,40,84,59,11,50,88" hai1="87,44,8,122,35,77,89,117,115,96,7,45,98" hai2="131,103,19,22,75,106,127,80,3,111,6,58,83" hai3="100,110,130,31,52,5,129,28,114,20,70,30,72"/><W116/><G114/><T104/><D68/><U133/><E122/><V43/><F127/><W53/><G116/><T69/><D69/><U105/><E115/><V108/><F131/><N who="3" m="50187" /><G70/><T78/><D104/><U97/><E35/><V47/><F58/><W41/><G72/><T14/><D78/><U27/><E77/><N who="2" m="44095" /><F83/><W56/><G41/><T81/><D120/><U10/><E133/><V39/><F19/><N who="0" m="7210" /><D113/><U74/><E74/><V9/><F22/><W91/><G100/><T38/><D38/><U95/><E105/><V49/><F49/><W126/><G5/><T32/><D32/><U2/><E117/><V86/><F86/><W134/><G134/><T107/><D107/><U119/><E119/><V99/><AGARI ba="1,0" hai="3,6,9,39,43,47,99,103,106,108,111" m="44095" machi="99" ten="30,7900,0" yaku="25,1,23,1,52,2" doraHai="121" who="2" fromWho="2" sc="360,-21,171,-21,306,82,163,-40" /><INIT seed="4,0,0,4,5,24" ten="339,150,388,123" oya="0" hai0="50,64,82,44,83,26,57,110,103,40,47,116,108" hai1="69,81,43,65,11,87,37,1,115,101,131,113,85" hai2="10,28,71,127,126,15,76,86,46,29,35,80,106" hai3="93,132,39,109,74,56,32,121,31,129,0,48,120"/><T27/><D116/><U102/><E131/><V5/><F35/><W52/><G74/><T60/><D103/><U59/><E69/><V117/><F71/><W36/><G0/><T18/><D47/><N who="1" m="24047" /><E87/><V12/><F106/><W79/><G79/><T96/><D96/><U98/><E98/><V91/><F117/><W13/><G13/><T95/><D95/><U67/><E65/><V38/><F15/><W119/><G119/><T9/><D9/><U75/><E59/><V134/><F134/><W51/><G109/><N who="0" m="42091" /><D18/><U92/><E67/><V8/><F8/><W114/><G132/><T118/><D118/><U16/><E16/><V6/><F6/><W73/><G73/><T61/><D61/><U4/><E92/><V90/><F46/><W123/><G129/><T63/><D63/><U68/><E68/><V133/><F38/><N who="3" m="14379" /><G93/><T33/><D27/><U107/><E107/><V42/><F42/><W128/><G128/><T2/><D2/><U99/><E99/><V130/><F130/><W41/><G41/><T111/><N who="0" m="42099" /><T3/><DORA hai="104" /><D3/><U53/><E75/><V105/><F105/><W125/><G51/><T112/><D112/><N who="1" m="43083" /><E53/><V49/><F49/><W100/><G114/><T17/><D17/><U66/><E66/><V25/><F25/><N who="3" m="18543" /><G100/><T88/><D88/><AGARI ba="0,0" hai="1,4,11,81,85,88,101,102" m="43083,24047" machi="88" ten="30,3900,0" yaku="15,1,11,1,54,1" doraHai="24,104" who="1" fromWho="0" sc="339,-39,150,39,388,0,123,0" /><INIT seed="5,0,0,1,3,16" ten="300,189,388,123" oya="1" hai0="108,17,3,27,61,84,38,32,105,66,115,59,100" hai1="83,109,31,130,21,37,117,114,67,24,48,79,29" hai2="112,118,77,85,20,89,57,0,103,93,122,127,125" hai3="80,134,40,36,126,68,14,18,94,19,128,121,54"/><U90/><E37/><V92/><F0/><W2/><G2/><T64/><D108/><U113/><E117/><V107/><F118/><W132/><G121/><T28/><D115/><N who="1" m="44043" /><E130/><V6/><F6/><W63/><G18/><T86/><D38/><U23/><E90/><V72/><F122/><W95/><G126/><N who="2" m="48137" /><F112/><W70/><G128/><T15/><D3/><U74/><E109/><V76/><F72/><W46/><G80/><T110/><D110/><U71/><E48/><V7/><F7/><W98/><G54/><T111/><D111/><U81/><E83/><V104/><F57/><W45/><G45/><T123/><D123/><U52/><E52/><V25/><F93/><N who="3" m="35339" /><G98/><T102/><D66/><U120/><E120/><V65/><F65/><W133/><G63/><T119/><D119/><U39/><E39/><V55/><F55/><W42/><G40/><T91/><D64/><U5/><E5/><V49/><F49/><W9/><AGARI ba="0,0" hai="9,14,19,36,42,46,68,70,132,133,134" m="35339" machi="9" ten="40,1500,0" yaku="20,1" doraHai="16" who="3" fromWho="3" sc="300,-4,189,-7,388,-4,123,15" /><INIT seed="6,0,0,1,5,74" ten="296,182,384,138" oya="2" hai0="65,66,41,35,48,121,58,42,130,61,6,56,45" hai1="109,53,78,99,127,81,73,105,134,68,125,122,50" hai2="38,20,44,111,49,36,106,27,33,98,118,51,3" hai3="116,85,91,19,43,102,1,77,39,83,30,133,57"/><V13/><F118/><W7/><G116/><T108/><D35/><U113/><E109/><V16/><F111/><W84/><G30/><T104/><D104/><U97/><E113/><V10/><F49/><W64/><G102/><T76/><D6/><U23/><E134/><V55/><F106/><W119/><G119/><T25/><D25/><U31/><E68/><V59/><F98/><W18/><G133/><T17/><D17/><U32/><E32/><V2/><F2/><W123/><G123/><T24/><D24/><N who="1" m="16799" /><E105/><V129/><F129/><W82/><G82/><T28/><D28/><U71/><E71/><V110/><F110/><W114/><G43/><T90/><D90/><U103/><E103/><V87/><F87/><W92/><G39/><T72/><D108/><U115/><E115/><V101/><F101/><W86/><G86/><T37/><D130/><U0/><E0/><V34/><F34/><W60/><REACH who="3" step="1"/><G114/><REACH who="3" ten="296,182,384,128" step="2"/><T126/><D42/><U29/><E122/><V75/><F38/><W112/><G112/><T12/><D121/><U5/><E29/><N who="2" m="19647" /><F36/><W93/><G93/><T21/><D41/><U80/><E99/><V117/><F117/><W132/><G132/><T96/><D96/><U8/><E97/><V62/><F75/><W79/><G79/><T69/><D76/><U47/><E81/><V26/><F3/><W9/><AGARI ba="0,1" hai="1,7,9,18,19,57,60,64,77,83,84,85,91,92" machi="9" ten="30,4000,0" yaku="1,1,0,1,52,1,53,0" doraHai="74" doraHaiUra="67" who="3" fromWho="3" sc="296,-10,182,-10,384,-20,128,50" /><INIT seed="7,0,0,1,2,58" ten="286,172,364,178" oya="3" hai0="88,5,118,105,102,31,132,77,10,123,12,110,48" hai1="1,9,119,113,46,32,18,128,129,61,70,3,106" hai2="20,39,45,96,40,131,64,95,7,62,4,60,75" hai3="36,22,67,6,122,50,69,117,101,97,2,107,35"/><W112/><G117/><T94/><D123/><U99/><E113/><V13/><F75/><W14/><G122/><T63/><D110/><U73/><E73/><V42/><F42/><W54/><G36/><T38/><D38/><U121/><E121/><V85/><F85/><W34/><G112/><T115/><D132/><U90/><E32/><V86/><F86/><W126/><G126/><T79/><D102/><N who="1" m="62815" /><E90/><V80/><F80/><W71/><G2/><T81/><D105/><U27/><E46/><V49/><F39/><W11/><G22/><T17/><D31/><U84/><E84/><V114/><F114/><W37/><G37/><T30/><D30/><U124/><E124/><V41/><F41/><W87/><G87/><N who="0" m="52511" /><D48/><U135/><E135/><V127/><F127/><W120/><G120/><T52/><D81/><U125/><E125/><V47/><F47/><W92/><G107/><T56/><D115/><U66/><E119/><V83/><F83/><W89/><G101/><T0/><D0/><N who="1" m="75" /><E9/><V104/><F104/><W55/><G55/><T53/><D118/><U21/><E27/><V130/><F131/><N who="1" m="50249" /><E21/><V72/><F130/><W23/><G23/><T116/><D116/><U76/><E76/><N who="0" m="29257" /><D17/><AGARI ba="0,0" hai="17,18,61,66,70" m="50249,75,62815" machi="17" ten="30,2000,0" yaku="19,1,52,1" doraHai="58" who="1" fromWho="0" sc="286,-20,172,20,364,0,178,0" owari="266,7.0,192,-21.0,364,46.0,178,-32.0" /></mjloggm>