<mjloggm ver="2.3"><GO type="41" lobby="0"/><UN n0="%E5%B0%B1%E6%B4%BB%E7%94%9F%40%E5%B7%9D%E6%9D%91%E8%BB%8D%E5%9B%A3" n1="%E3%83%89%E3%83%A9%E8%B1%B9" n2="%68%69%6D%6F%73%61%74%61" n3="%47%59%4D" dan="17,14,13,14" rate="2219.48,1925.72,1904.51,1896.66" sx="M,M,M,M"/><TAIKYOKU oya="0"/><INIT seed="0,0,0,2,0,122" ten="250,250,250,250" oya="0" hai0="9,4,53,50,116,126,13,105,87,74,127,32,80" hai1="33,26,2,128,82,79,42,104,103,46,1,98,24" hai2="3,71,62,95,59,120,65,121,36,58,29,99,91" hai3="44,15,88,75,100,60,47,70,67,68,78,77,115"/><T31/><D116/><U49/><E128/><V22/><F3/><W113/><G100/><T21/><D105/><U18/><E26/><V92/><F36/><W30/><G30/><T27/><D74/><U35/><E35/><V56/><F92/><W43/><G70/><T69/><D69/><U118/><E118/><V107/><F107/><W97/><G47/><T6/><D32/><U134/><E134/><V11/><F11/><W39/><G15/><T132/><D132/><U14/><E24/><V72/><F72/><W38/><G38/><T86/><D6/><U114/><E33/><V84/><F84/><W83/><G78/><T130/><D130/><U23/><REACH who="1" step="1"/><E114/><REACH who="1" ten="250,240,250,250" step="2"/><V73/><F120/><W40/><G115/><T55/><D55/><U20/><E20/><V41/><F121/><W131/><G113/><T108/><D108/><U57/><E57/><V129/><F129/><W76/><G131/><T89/><REACH who="0" step="1"/><D86/><AGARI ba="0,1" hai="1,2,14,18,23,42,46,49,79,82,86,98,103,104" machi="86" ten="30,2000,0" yaku="1,1,7,1,53,0" doraHai="122" doraHaiUra="28" who="1" fromWho="0" sc="250,-20,240,30,250,0,250,0" /><INIT seed="1,0,0,2,3,125" ten="230,270,250,250" oya="1" hai0="65,98,110,7,52,30,1,82,21,6,95,111,81" hai1="51,126,92,8,94,40,135,119,33,116,11,70,105" hai2="64,103,41,17,129,68,102,108,127,73,39,54,67" hai3="23,72,78,90,12,42,106,124,87,24,89,132,130"/><U83/><E105/><V79/><F108/><N who="0" m="41514" /><D65/><U27/><E70/><V25/><F127/><W16/><G124/><T77/><D1/><U93/><E126/><V99/><F79/><W56/><G132/><T120/><D120/><U5/><E135/><V19/><F73/><W35/><G106/><T53/><D21/><U74/><E74/><V121/><F121/><W48/><G72/><N who="0" m="43175" /><D82/><U62/><E83/><V107/><F102/><W117/><G117/><T29/><D7/><U36/><E36/><V123/><F123/><W15/><G15/><T34/><D6/><U118/><E62/><V14/><F41/><W38/><G38/><T58/><D34/><U57/><E5/><V49/><F39/><W0/><G0/><T63/><D53/><U115/><E115/><V109/><F109/><W10/><G35/><T133/><D133/><U66/><E66/><V112/><F68/><W100/><G100/><AGARI ba="0,0" hai="29,30,52,58,63,95,98,100" m="43175,41514" machi="100" ten="30,2000,0" yaku="14,1,54,1" doraHai="125" who="0" fromWho="3" sc="230,20,270,0,250,0,250,-20" /><INIT seed="2,0,0,2,5,22" ten="250,270,250,230" oya="2" hai0="119,134,60,34,115,29,120,123,19,135,118,121,68" hai1="71,57,79,116,106,18,125,61,28,63,114,38,13" hai2="117,66,77,51,110,2,133,101,40,8,36,72,48" hai3="45,98,88,128,39,102,5,92,124,56,104,112,108"/><V55/><F117/><N who="0" m="44554" /><D68/><U83/><E114/><V23/><F133/><N who="0" m="50698" /><D60/><U17/><E106/><V25/><F101/><W76/><G112/><T49/><D49/><U6/><E38/><V89/><F66/><W12/><G108/><T11/><D115/><U54/><E125/><V93/><F110/><W35/><G124/><T50/><D50/><U16/><E28/><V73/><F77/><W30/><G76/><T43/><D43/><U1/><E116/><V91/><F48/><W46/><G39/><T95/><D95/><U69/><E1/><V100/><F100/><W80/><G46/><T87/><D87/><U113/><E63/><V65/><F89/><W10/><G45/><T33/><D29/><U109/><E109/><V103/><F65/><W99/><G80/><T97/><D97/><U4/><E113/><V3/><F103/><W37/><G37/><T74/><D74/><U20/><E69/><V67/><F67/><W27/><G128/><T53/><D53/><U59/><E59/><V7/><F40/><W111/><G111/><T131/><D131/><U129/><E71/><V107/><F107/><W15/><G56/><T31/><D31/><U96/><E96/><V26/><F36/><W64/><G64/><T126/><D126/><U90/><E129/><V82/><F72/><W0/><AGARI ba="0,0" hai="0,5,10,12,15,27,30,35,88,92,98,99,102,104" machi="0" ten="20,5200,0" yaku="0,1,7,1,52,1,54,1" doraHai="22" who="3" fromWho="3" sc="250,-13,270,-13,250,-26,230,52" /><INIT seed="3,0,0,1,2,11" ten="237,257,224,282" oya="3" hai0="59,7,15,112,93,27,135,18,82,64,17,100,116" hai1="48,23,62,74,108,5,42,76,109,126,133,22,87" hai2="81,45,89,60,9,12,134,50,54,114,91,20,63" hai3="34,83,31,57,73,47,102,21,29,80,0,132,97"/><W66/><G0/><T56/><D116/><U99/><E74/><V131/><F114/><W104/><G132/><T53/><D135/><U41/><E133/><V98/><F134/><W19/><G34/><T103/><D112/><U75/><E75/><V49/><F131/><W33/><G33/><T32/><D32/><U35/><E35/><V110/><F110/><W84/><G73/><T70/><D70/><U92/><E126/><V71/><F20/><N who="1" m="7721" /><E5/><V3/><F3/><W61/><G47/><T79/><D27/><U1/><E1/><V69/><F71/><W6/><G6/><T39/><D39/><U8/><E8/><V38/><F38/><W107/><G104/><T85/><D64/><U78/><E62/><V130/><F69/><W122/><G80/><T95/><D59/><U129/><E129/><V120/><F120/><W16/><G19/><T67/><D67/><U123/><E123/><V30/><F30/><W113/><G113/><T25/><D25/><U115/><E115/><V55/><F130/><W4/><G4/><T68/><D68/><U13/><E109/><V101/><F89/><W14/><REACH who="3" step="1"/><G122/><REACH who="3" ten="237,257,224,272" step="2"/><T51/><D7/><U10/><E108/><V111/><F111/><W52/><G52/><T96/><D18/><N who="1" m="8503" /><E41/><V37/><F54/><W119/><G119/><T40/><D40/><U121/><E121/><V26/><F55/><W46/><G46/><T118/><D118/><U44/><E87/><V106/><F45/><W77/><AGARI ba="0,1" hai="14,16,21,29,31,57,61,66,77,83,84,97,102,107" machi="77" ten="20,18000,2" yaku="1,1,0,1,7,1,52,1,54,1,53,1" doraHai="11" doraHaiUra="94" who="3" fromWho="3" sc="237,-60,257,-60,224,-60,272,190" /><INIT seed="3,1,0,3,1,23" ten="177,197,164,462" oya="3" hai0="77,131,109,45,31,16,114,98,115,30,18,9,27" hai1="35,4,41,99,29,32,69,3,2,6,1,49,130" hai2="123,15,78,95,116,132,53,0,60,24,89,37,36" hai3="103,7,42,124,76,127,75,134,79,13,91,97,14"/><W26/><G42/><T46/><D109/><U51/><E69/><V21/><F116/><W126/><G134/><T82/><D131/><U52/><E130/><V71/><F0/><W90/><G7/><T65/><D65/><U129/><E129/><V133/><F15/><W12/><G75/><T117/><D98/><U28/><E99/><N who="2" m="57839" /><F78/><W120/><G120/><T93/><D93/><U33/><E41/><V83/><F83/><W56/><G56/><T57/><D57/><U64/><E64/><V25/><F21/><W100/><G26/><N who="2" m="10345" /><F123/><W128/><G128/><T17/><D9/><U135/><E135/><N who="2" m="51787" /><F71/><W111/><G111/><T11/><D11/><U22/><E22/><V55/><F60/><W113/><G113/><N who="0" m="43019" /><D31/><U106/><E106/><V39/><AGARI ba="1,0" hai="36,37,39,53,55" m="51787,10345,57839" machi="39" ten="40,8000,1" yaku="20,1,52,3" doraHai="23" who="2" fromWho="2" sc="177,-21,197,-21,164,83,462,-41" /><INIT seed="4,0,0,5,2,86" ten="156,176,247,421" oya="0" hai0="17,134,103,135,70,88,22,31,71,19,133,13,44" hai1="62,16,9,1,91,23,83,123,51,121,15,106,132" hai2="117,87,85,46,27,95,63,61,39,79,3,45,56" hai3="100,37,120,29,40,90,5,2,76,11,105,111,118"/><T116/><D116/><U0/><E106/><V97/><F3/><N who="1" m="1097" /><E51/><V30/><F117/><W32/><G118/><T48/><D103/><U26/><E62/><V72/><F72/><W36/><G111/><T131/><D131/><U73/><E73/><V122/><F39/><W20/><G76/><T43/><D31/><N who="1" m="17887" /><E91/><V65/><F122/><N who="1" m="46601" /><E83/><V115/><F61/><W25/><G40/><T55/><D43/><U89/><E89/><V33/><F79/><W7/><G90/><T77/><D77/><U57/><E57/><V4/><F46/><W14/><G105/><T8/><REACH who="0" step="1"/><D88/><REACH who="0" ten="146,176,247,421" step="2"/><U126/><E126/><V38/><F38/><W107/><G100/><T125/><D125/><U130/><E132/><V119/><F119/><W93/><G29/><T60/><D60/><U59/><E59/><V127/><F56/><W99/><G120/><T82/><D82/><U53/><E53/><V114/><F63/><W69/><G69/><T35/><D35/><U98/><E98/><V42/><F127/><W6/><G99/><T24/><AGARI ba="0,1" hai="8,13,17,19,22,24,44,48,55,70,71,133,134,135" machi="24" ten="30,6000,0" yaku="1,1,0,1,20,1,53,0" doraHai="86" doraHaiUra="78" who="0" fromWho="0" sc="146,70,176,-20,247,-20,421,-20" /><INIT seed="4,1,0,3,2,21" ten="216,156,227,401" oya="0" hai0="16,99,65,107,23,63,13,31,58,59,60,88,57" hai1="3,98,89,85,110,17,91,72,121,77,66,35,79" hai2="78,47,34,25,68,11,122,73,61,93,124,10,94" hai3="0,45,27,128,111,29,1,39,76,36,2,64,49"/><T33/><D107/><U92/><E121/><V131/><F122/><W8/><G111/><T118/><D118/><U103/><E110/><V84/><F124/><W51/><G64/><T52/><D33/><U82/><E3/><V32/><F73/><W43/><G128/><T114/><D114/><U112/><E35/><V83/><F131/><W4/><G51/><T69/><REACH who="0" step="1"/><D31/><REACH who="0" ten="206,156,227,401" step="2"/><U5/><E112/><V101/><F34/><W53/><G36/><T7/><D7/><U104/><E5/><V30/><F32/><W37/><G39/><T126/><D126/><U50/><E17/><V15/><F30/><W6/><G6/><T116/><D116/><U67/><E79/><V105/><F78/><W90/><G90/><T133/><D133/><U108/><E108/><V120/><F105/><W80/><G76/><T115/><D115/><U62/><E91/><V12/><F120/><W96/><G4/><T123/><D123/><U125/><E125/><V55/><F101/><W113/><G113/><T46/><D46/><U28/><E28/><V20/><F47/><W18/><G45/><T48/><D48/><U119/><E119/><V129/><F129/><W109/><G109/><T14/><D14/><U97/><E50/><V56/><F15/><W106/><G0/><T74/><D74/><U130/><E130/><V19/><F12/><W42/><G2/><T9/><D9/><U117/><E117/><V127/><F10/><W135/><G1/><T26/><D26/><U95/><E62/><V75/><F127/><W22/><G27/><T134/><D134/><U40/><E40/><RYUUKYOKU ba="1,1" sc="206,15,156,15,227,-15,401,-15" hai0="13,16,23,52,57,58,59,60,63,65,69,88,99" hai1="66,67,72,77,82,85,89,92,95,97,98,103,104" /><INIT seed="4,2,1,0,3,113" ten="221,171,212,386" oya="0" hai0="121,45,0,19,82,99,56,119,69,77,112,96,2" hai1="116,49,91,55,53,1,75,18,87,103,71,24,22" hai2="125,97,131,118,31,93,132,105,67,7,66,90,8" hai3="78,16,101,130,10,94,115,92,25,110,123,34,85"/><T120/><D69/><U83/><E71/><V11/><F125/><W47/><G115/><T133/><D112/><U17/><E1/><V95/><F105/><W42/><G123/><T41/><D133/><U117/><E103/><V98/><F132/><W37/><G110/><T79/><D56/><U88/><E75/><V68/><F131/><W23/><G130/><T106/><D19/><U64/><E64/><V12/><F68/><W63/><G34/><T29/><D29/><U126/><E126/><V134/><F134/><W104/><G104/><T46/><D106/><U70/><E70/><V73/><F73/><W72/><G72/><T114/><D114/><U57/><E91/><V15/><F31/><W20/><G20/><T76/><D76/><U44/><E18/><V38/><F38/><W62/><G10/><T21/><D21/><U122/><E122/><V58/><F58/><W108/><G108/><T74/><D74/><U80/><E80/><V36/><F36/><W51/><G37/><T89/><D89/><U14/><E24/><V54/><F54/><W5/><G5/><T128/><D128/><U27/><E27/><V6/><F118/><W9/><G9/><T39/><D39/><U26/><E26/><V135/><F135/><W52/><G42/><T61/><D41/><U3/><E3/><V84/><F84/><W33/><G33/><T48/><D120/><U43/><E43/><V59/><F59/><W129/><G129/><T60/><D121/><U111/><E111/><V102/><AGARI ba="2,1" hai="6,7,8,11,12,15,66,67,90,93,95,97,98,102" machi="102" ten="20,5200,0" yaku="0,1,7,1,9,1,8,1" doraHai="113" who="2" fromWho="2" sc="221,-28,171,-15,212,68,386,-15" /><INIT seed="5,0,0,5,5,65" ten="193,156,280,371" oya="1" hai0="17,11,54,63,102,118,76,42,66,33,8,123,127" hai1="87,69,10,67,16,18,29,14,7,81,107,113,112" hai2="15,88,103,4,46,92,48,68,47,55,35,97,134" hai3="70,58,106,43,5,37,25,128,20,109,120,94,117"/><U133/><E107/><V131/><F35/><W38/><G5/><T26/><D118/><U129/><E129/><V51/><F131/><W41/><G41/><T77/><D127/><U78/><E133/><V116/><F134/><W62/><G43/><T50/><D123/><U98/><E98/><V61/><F116/><W57/><G57/><T36/><D102/><U31/><E18/><V74/><F74/><W130/><G58/><N who="0" m="37239" /><D42/><U96/><E96/><V32/><F32/><W28/><G94/><T64/><D64/><U108/><E108/><V105/><F15/><W114/><G20/><N who="0" m="13583" /><D33/><U23/><E67/><V124/><F4/><W2/><G62/><T111/><D36/><U119/><E119/><V1/><F61/><W24/><G38/><T95/><D95/><U121/><E69/><V56/><F124/><W53/><G128/><T40/><D40/><U72/><E121/><V101/><F1/><W89/><G130/><T60/><D60/><U44/><E44/><V82/><F68/><W13/><G70/><T59/><D111/><U122/><E122/><V71/><F71/><W115/><G109/><T135/><D135/><U52/><E72/><V21/><F56/><W86/><G120/><T6/><D6/><U34/><E52/><V79/><F48/><W83/><G117/><T126/><D126/><U19/><E7/><V100/><F46/><W73/><G37/><T12/><D12/><N who="1" m="9607" /><E34/><V75/><F105/><W93/><G106/><T104/><D104/><U84/><E84/><V45/><F45/><W39/><G39/><T22/><D22/><U91/><E78/><AGARI ba="0,0" hai="8,11,50,54,59,76,77,78" m="13583,37239" machi="78" ten="30,2000,0" yaku="6,1,8,1" doraHai="65" who="0" fromWho="1" sc="193,20,156,-20,280,0,371,0" /><INIT seed="6,0,0,4,2,23" ten="213,136,280,371" oya="2" hai0="14,32,31,133,38,118,35,99,45,21,124,113,125" hai1="88,54,46,89,104,86,85,116,50,112,109,70,12" hai2="80,53,126,93,51,19,114,127,57,122,121,5,40" hai3="56,52,90,105,18,44,77,119,101,87,123,120,108"/><V83/><F5/><W9/><G108/><T28/><D38/><U82/><E109/><V43/><F114/><W95/><G119/><T34/><D45/><U135/><E116/><V0/><F93/><W39/><G9/><T117/><D99/><U1/><E1/><V37/><F0/><W72/><G18/><N who="0" m="10455" /><D113/><U110/><E110/><V36/><F19/><W68/><G68/><T13/><D133/><U74/><E104/><V97/><F97/><N who="3" m="61615" /><G44/><T3/><D3/><U96/><E112/><V22/><F83/><N who="3" m="45479" /><G39/><N who="2" m="14921" /><F80/><W2/><G2/><T49/><D49/><AGARI ba="0,0" hai="49,52,56,87,90,95,120,123" m="45479,61615" machi="49" ten="30,2000,0" yaku="24,1,54,1" doraHai="23" who="3" fromWho="0" sc="213,-20,136,0,280,0,371,20" /><INIT seed="7,0,0,2,4,69" ten="193,136,280,391" oya="3" hai0="116,29,23,14,125,85,52,82,46,27,96,54,47" hai1="31,35,48,42,94,5,124,16,128,133,4,71,0" hai2="70,39,65,101,119,84,37,13,6,112,89,135,87" hai3="53,24,123,12,22,79,80,2,106,108,104,76,57"/><W134/><G2/><T77/><D125/><U86/><E71/><V83/><F119/><W115/><G123/><T73/><D116/><U81/><E124/><V50/><F112/><W25/><G25/><T26/><D73/><U74/><E133/><V68/><F135/><W60/><G76/><T110/><D110/><U72/><E128/><V129/><F101/><W17/><G134/><T130/><D130/><U117/><E117/><V7/><F50/><W32/><G115/><T28/><D96/><U91/><E31/><V11/><F129/><W64/><G64/><T55/><REACH who="0" step="1"/><D14/><REACH who="0" ten="183,136,280,391" step="2"/><U88/><E35/><AGARI ba="0,1" hai="23,26,27,28,29,35,46,47,52,54,55,77,82,85" machi="35" ten="40,5200,0" yaku="1,1,2,1,54,1,53,0" doraHai="69" doraHaiUra="45" who="0" fromWho="1" sc="183,62,136,-52,280,0,391,0" owari="245,-15.0,84,-42.0,280,8.0,391,49.0" /></mjloggm>