<mjloggm ver="2.3"><GO type="225" lobby="0"/><UN n0="%E3%83%9E%E3%83%84%E3%82%B6%E3%82%AD" n1="%72%61%74%74%61%74%74%61" n2="%E3%82%A6%E3%83%AB%E3%83%88%E3%83%A9%E7%AB%8B%E7%9B%B4" n3="%E6%A1%90%E8%B0%B7%E7%9B%B4%E5%8F%B6" dan="16,17,17,16" rate="2200.21,2173.38,2165.41,2077.29" sx="M,M,M,F"/><TAIKYOKU oya="0"/><INIT seed="0,0,0,2,4,25" ten="250,250,250,250" oya="0" hai0="11,32,68,48,118,89,103,135,87,34,31,67,95" hai1="65,28,22,90,102,29,45,82,128,79,58,131,76" hai2="123,94,23,55,71,130,70,97,101,5,77,127,80" hai3="115,93,106,64,133,113,12,134,27,85,38,3,72"/><T37/><D37/><U108/><E108/><V75/><F123/><W110/><G38/><T60/><D118/><U17/><E102/><V42/><F42/><W20/><G3/><T61/><D135/><N who="3" m="51721" /><G106/><T33/><D61/><N who="1" m="38071" /><E45/><V14/><F130/><N who="1" m="49705" /><E90/><V46/><F127/><W117/><G72/><T50/><D103/><U59/><E59/><V86/><F46/><W53/><G64/><T125/><D125/><U91/><E91/><V119/><F55/><W78/><G53/><T39/><D39/><U120/><E120/><V112/><F119/><W30/><G110/><T109/><D109/><U10/><E10/><V8/><F112/><W18/><G117/><T44/><D11/><U2/><E2/><V19/><REACH who="2" step="1"/><F75/><REACH who="2" ten="250,250,240,250" step="2"/><W107/><G113/><T69/><D44/><U13/><E79/><V74/><F74/><AGARI ba="0,1" hai="13,17,22,28,29,74,76,82" m="49705,38071" machi="74" ten="30,3900,0" yaku="19,1,52,2" doraHai="25" who="1" fromWho="2" sc="250,0,250,49,240,-39,250,0" /><INIT seed="1,0,0,3,1,110" ten="250,299,201,250" oya="1" hai0="101,71,104,46,86,79,54,64,83,30,122,25,74" hai1="7,51,68,76,72,4,85,34,69,130,31,92,123" hai2="35,45,107,100,99,32,73,57,5,58,88,108,11" hai3="29,116,98,0,14,16,65,117,77,50,36,128,131"/><U6/><E123/><V15/><F73/><W61/><G36/><T111/><D111/><U67/><E72/><V49/><F108/><W59/><G77/><T47/><D122/><U119/><E119/><N who="3" m="45642" /><G29/><T96/><D54/><U9/><E130/><N who="3" m="49706" /><G50/><T95/><D64/><U135/><E135/><V129/><F129/><W132/><G132/><T55/><D55/><U56/><E31/><V66/><F58/><W20/><G98/><T112/><D112/><U82/><E34/><V44/><F44/><W102/><G102/><T125/><D71/><U84/><E68/><V22/><F57/><W21/><G21/><T126/><D47/><U39/><E69/><V97/><F66/><W115/><G0/><T43/><D46/><U134/><E39/><V133/><F133/><W48/><G48/><T91/><REACH who="0" step="1"/><D43/><REACH who="0" ten="240,299,201,250" step="2"/><U81/><E134/><V24/><F45/><W37/><G37/><T26/><D26/><U75/><E67/><V63/><F49/><W3/><G3/><T13/><D13/><N who="1" m="5287" /><E51/><V28/><REACH who="2" step="1"/><F63/><REACH who="2" ten="240,299,191,250" step="2"/><W93/><G115/><T2/><D2/><U52/><E56/><V120/><F120/><W90/><G59/><T1/><D1/><U113/><E52/><V27/><F27/><W60/><G65/><T38/><D38/><U103/><E113/><V124/><F124/><W41/><G41/><T105/><D105/><U78/><E75/><V23/><F23/><AGARI ba="0,2" hai="23,25,30,74,79,83,86,91,95,96,101,104,125,126" machi="23" ten="40,5200,0" yaku="1,1,24,2,53,0" doraHai="110" doraHaiUra="40" who="0" fromWho="2" sc="240,72,299,0,191,-52,250,0" /><INIT seed="2,0,0,5,4,89" ten="312,299,139,250" oya="2" hai0="108,91,11,7,84,30,105,135,68,40,59,126,57" hai1="96,70,116,80,129,101,102,120,71,123,38,17,45" hai2="75,79,56,42,61,90,52,74,31,98,117,127,130" hai3="93,110,112,60,134,69,44,66,16,19,12,95,62"/><V103/><F117/><W131/><G131/><T6/><D68/><U81/><E116/><V72/><F130/><W48/><G112/><T119/><D105/><N who="1" m="63655" /><E102/><V53/><F127/><W67/><G134/><T77/><D119/><U47/><E17/><V94/><F42/><W78/><G78/><T15/><D126/><U36/><E45/><V37/><F37/><N who="1" m="14441" /><E47/><V49/><F31/><W3/><G110/><T46/><D77/><U58/><E58/><V33/><F33/><W106/><G3/><T99/><D99/><U22/><E22/><V118/><F118/><W125/><G125/><T26/><D6/><U50/><E50/><V51/><F79/><W64/><G106/><T132/><D108/><U13/><E13/><V133/><F133/><N who="0" m="51274" /><D46/><U88/><E129/><V87/><REACH who="2" step="1"/><F53/><REACH who="2" ten="312,299,129,250" step="2"/><N who="3" m="29831" /><G69/><T92/><D40/><U55/><E55/><V115/><F115/><W121/><G121/><T27/><D27/><U63/><E70/><V23/><F23/><AGARI ba="0,1" hai="7,11,15,23,26,30,57,59,84,91,92" m="51274" machi="23" ten="30,2000,0" yaku="20,1,52,1" doraHai="89" who="0" fromWho="2" sc="312,30,299,0,129,-20,250,0" /><INIT seed="3,0,0,5,3,26" ten="342,299,109,250" oya="3" hai0="109,47,0,31,108,135,20,44,99,89,50,58,132" hai1="74,85,18,84,73,116,82,75,79,76,93,91,49" hai2="24,29,90,122,88,104,86,117,19,119,111,9,71" hai3="118,2,124,11,114,123,36,60,67,113,80,42,120"/><W6/><G124/><T54/><D0/><U102/><E49/><V27/><F71/><N who="3" m="42471" /><G80/><T134/><D20/><U68/><E18/><V106/><F86/><W23/><G23/><T13/><D13/><U100/><E68/><V129/><F129/><W94/><G94/><N who="0" m="56783" /><D31/><U15/><E15/><V12/><F111/><AGARI ba="0,0" hai="44,47,50,54,58,108,109,111,132,134,135" m="56783" machi="111" ten="40,2600,0" yaku="14,1,20,1" doraHai="26" who="0" fromWho="2" sc="342,26,299,0,109,-26,250,0" owari="368,47.0,299,10.0,83,-42.0,250,-15.0" /></mjloggm>