<mjloggm ver="2.3"><GO type="41" lobby="0"/><UN n0="%77%61%6F%6F%68" n1="%E3%81%A8%E3%83%BC%E3%81%82%30%38" n2="%E5%B0%B1%E6%B4%BB%E7%94%9F%40%E5%B7%9D%E6%9D%91%E8%BB%8D%E5%9B%A3" n3="%70%72%75%70%72%75" dan="15,15,18,14" rate="1918.17,2044.83,2248.04,1950.09" sx="M,M,M,M"/><TAIKYOKU oya="0"/><INIT seed="0,0,0,0,2,48" ten="250,250,250,250" oya="0" hai0="130,122,44,96,91,9,50,5,72,74,69,43,23" hai1="120,60,94,59,24,68,100,131,128,54,86,88,132" hai2="118,95,15,117,92,28,6,14,40,46,11,79,107" hai3="109,103,89,1,7,85,20,97,64,33,42,101,73"/><T114/><D69/><U30/><E120/><V19/><F107/><W10/><G73/><T124/><D122/><U35/><E132/><V105/><F105/><W84/><G33/><T8/><D114/><U47/><E68/><V126/><F79/><W102/><G64/><T116/><D116/><N who="2" m="44650" /><F28/><W38/><G38/><T13/><D130/><U75/><E75/><V53/><F53/><W83/><G42/><T55/><D124/><U17/><E100/><V119/><F126/><W111/><G97/><T125/><D125/><U133/><E133/><V49/><N who="2" m="44658" /><V93/><DORA hai="78" /><F19/><W104/><G104/><T41/><D9/><U12/><REACH who="1" step="1"/><E47/><REACH who="1" ten="250,240,250,250" step="2"/><V25/><F25/><W22/><REACH who="3" step="1"/><G85/><REACH who="3" ten="250,240,250,240" step="2"/><T62/><D74/><U82/><E82/><V0/><AGARI ba="0,2" hai="0,6,11,14,15,40,46,49,92,93,95" m="44658" machi="0" ten="50,1600,0" yaku="12,1" doraHai="48,78" who="2" fromWho="2" sc="250,-8,240,-4,250,36,240,-4" /><INIT seed="1,0,0,1,3,127" ten="242,236,286,236" oya="1" hai0="15,70,32,41,100,17,56,49,106,97,16,64,81" hai1="117,104,73,37,5,14,114,76,63,99,26,10,31" hai2="91,24,83,50,84,39,80,51,44,57,109,87,69" hai3="19,90,21,82,128,52,119,96,123,38,79,43,103"/><U11/><E114/><V122/><F69/><W75/><G123/><T108/><D32/><U33/><E117/><V110/><F122/><W121/><G121/><T124/><D124/><U92/><E104/><V0/><F0/><W53/><G119/><T61/><D108/><N who="2" m="41578" /><F24/><W62/><G90/><T48/><D41/><U67/><E37/><V113/><F113/><W45/><G62/><T116/><D17/><U126/><E126/><V47/><F57/><W40/><G40/><T1/><D1/><U112/><E112/><V34/><F34/><W78/><G78/><T95/><D70/><U12/><E76/><N who="2" m="46087" /><F39/><W66/><G66/><T101/><D81/><U85/><E85/><V6/><F6/><W74/><G74/><T98/><REACH who="0" step="1"/><D116/><REACH who="0" ten="232,236,286,236" step="2"/><U59/><E73/><V134/><F134/><W55/><G19/><T125/><D125/><U118/><E118/><V3/><F3/><W60/><G75/><T2/><D2/><U107/><E5/><V102/><F102/><W133/><G103/><T65/><D65/><U120/><E120/><V4/><F4/><W86/><G43/><T36/><D36/><U30/><E33/><V35/><F35/><W22/><G38/><T132/><D132/><U28/><E107/><V46/><AGARI ba="0,1" hai="44,46,47,50,51,83,87,91" m="46087,41578" machi="46" ten="30,1100,0" yaku="14,1" doraHai="127" who="2" fromWho="2" sc="232,-3,236,-5,286,21,236,-3" /><INIT seed="2,0,0,0,5,56" ten="229,231,307,233" oya="2" hai0="34,65,72,127,49,76,60,103,25,83,5,15,124" hai1="118,55,57,6,116,13,91,36,90,134,77,123,54" hai2="18,104,0,47,95,43,100,85,70,8,31,66,12" hai3="59,64,35,117,98,41,126,38,115,20,74,11,71"/><V67/><F104/><W44/><G35/><T68/><D103/><U28/><E36/><V30/><F0/><W93/><G74/><T132/><D49/><U113/><E113/><V63/><F67/><W42/><G42/><T39/><D39/><U53/><E134/><V84/><F84/><W120/><G120/><T22/><D132/><U96/><E28/><V26/><F26/><W88/><G117/><T37/><D37/><U62/><E77/><V9/><F8/><W73/><G73/><T130/><D34/><U86/><E123/><V27/><F27/><W92/><G71/><T133/><D133/><U125/><E125/><N who="0" m="48201" /><D15/><U29/><E29/><V14/><F14/><W112/><G126/><T89/><D89/><U17/><E6/><V40/><F40/><W4/><G20/><T10/><D10/><U52/><E96/><V81/><F95/><W7/><G7/><T2/><D5/><U111/><E111/><V128/><F100/><W19/><G93/><T101/><D101/><U80/><REACH who="1" step="1"/><E91/><REACH who="1" ten="229,221,307,233" step="2"/><V131/><F131/><W1/><G19/><N who="0" m="12511" /><D130/><U75/><E75/><V16/><F128/><W122/><G122/><T102/><D102/><U51/><E51/><V114/><F114/><W105/><G105/><T99/><D99/><U87/><E87/><V3/><F18/><W21/><G115/><T23/><D2/><U94/><E94/><V129/><F3/><W58/><G112/><T135/><D135/><U32/><E32/><V33/><F33/><W121/><G121/><T110/><D110/><U107/><E107/><V97/><F129/><W69/><G1/><RYUUKYOKU ba="0,1" sc="229,15,221,15,307,-15,233,-15" hai0="23,60,65,68,72,76,83" hai1="13,17,52,53,54,55,57,62,80,86,90,116,118" /><INIT seed="3,1,1,3,2,33" ten="244,236,292,218" oya="3" hai0="119,64,50,100,11,15,126,129,59,25,36,48,135" hai1="90,13,35,96,70,27,30,111,32,4,2,45,114" hai2="8,99,125,73,5,68,37,74,118,86,87,76,53" hai3="98,42,127,75,41,60,78,24,58,54,40,72,106"/><W83/><G127/><T7/><D36/><U92/><E70/><V71/><F37/><W93/><G106/><T91/><D126/><U134/><E114/><V107/><F125/><W38/><G75/><T29/><D100/><U124/><E124/><V52/><F118/><W56/><G38/><T20/><D119/><U66/><E66/><V65/><F65/><W120/><G120/><T89/><D135/><U63/><E63/><V6/><F99/><W108/><G108/><T113/><D113/><U80/><E134/><V67/><F67/><W12/><G58/><T39/><D39/><U18/><E35/><V130/><F8/><W62/><G24/><T79/><D79/><U17/><E17/><V104/><REACH who="2" step="1"/><F76/><REACH who="2" ten="244,236,282,218" step="2"/><W46/><G98/><T1/><D64/><U115/><E115/><V110/><F110/><W69/><G69/><T121/><D11/><U22/><E111/><V57/><F57/><W109/><G109/><T21/><D59/><U102/><E45/><V123/><F123/><W105/><G46/><T82/><D121/><U128/><E128/><AGARI ba="1,2" hai="5,6,52,53,68,71,73,74,86,87,104,107,128,130" machi="128" ten="25,6400,0" yaku="1,1,22,2,54,1,53,0" doraHai="33" doraHaiUra="23" who="2" fromWho="1" sc="244,0,236,-67,282,87,218,0" /><INIT seed="4,0,0,0,4,36" ten="244,169,369,218" oya="0" hai0="106,84,127,20,11,7,99,39,88,71,116,94,54" hai1="133,12,118,74,67,32,61,129,58,69,3,57,53" hai2="76,103,89,46,22,60,122,81,19,56,100,59,105" hai3="73,37,92,80,42,64,21,47,112,52,2,50,41"/><T16/><D71/><U8/><E3/><V65/><F105/><W119/><G119/><T79/><D116/><U30/><E118/><V44/><F122/><W111/><G111/><T72/><D54/><U55/><E74/><V9/><F9/><W75/><G2/><T29/><D29/><U110/><E110/><V15/><F59/><W132/><G112/><T18/><D20/><U23/><E32/><V90/><F90/><W24/><G37/><T48/><D48/><U98/><E129/><V66/><F66/><W0/><G0/><T33/><D33/><U131/><E131/><V95/><F103/><W86/><G64/><T109/><D39/><U78/><E78/><V134/><F100/><W91/><G132/><T4/><D109/><U117/><E133/><V13/><F13/><W101/><G75/><T135/><D135/><U51/><E117/><V35/><F35/><W26/><G26/><T17/><D11/><U114/><E114/><V97/><F134/><W27/><G27/><T10/><D10/><U93/><E23/><V25/><F15/><W124/><G124/><T6/><D127/><U85/><E85/><AGARI ba="0,0" hai="19,22,25,44,46,56,60,65,76,81,85,89,95,97" machi="85" ten="30,2000,0" yaku="7,1,8,1" doraHai="36" who="2" fromWho="1" sc="244,0,169,-20,369,20,218,0" /><INIT seed="5,0,0,1,4,48" ten="244,149,389,218" oya="1" hai0="119,87,35,43,79,37,54,46,42,116,70,31,105" hai1="120,40,102,83,1,129,96,123,113,100,90,49,134" hai2="98,103,36,71,44,77,61,94,108,92,133,57,6" hai3="67,86,104,52,117,80,110,33,125,126,13,131,78"/><U53/><E1/><V55/><F108/><W16/><G110/><T15/><D105/><U106/><E102/><V32/><F32/><W84/><G33/><T26/><D70/><U45/><E129/><V89/><F133/><W135/><G67/><T18/><D43/><U8/><E134/><V29/><F29/><W128/><G135/><T34/><D34/><U75/><E113/><V97/><F71/><W132/><G132/><T4/><D4/><U0/><E0/><V122/><F122/><W91/><G104/><T3/><D3/><U39/><E8/><V24/><F24/><W27/><G27/><T107/><D107/><U23/><E23/><V127/><F127/><N who="3" m="48651" /><G117/><T2/><D2/><U47/><REACH who="1" step="1"/><E90/><REACH who="1" ten="244,139,389,218" step="2"/><V5/><F77/><AGARI ba="0,1" hai="39,40,45,47,49,53,75,77,83,96,100,106,120,123" machi="77" ten="40,7700,0" yaku="1,1,2,1,52,1,53,0" doraHai="48" doraHaiUra="59" who="1" fromWho="2" sc="244,0,139,87,389,-77,218,0" /><INIT seed="5,1,0,0,4,13" ten="244,226,312,218" oya="1" hai0="5,122,34,111,16,30,48,54,23,50,58,104,113" hai1="2,107,3,28,45,14,1,68,38,116,132,8,92" hai2="133,134,88,108,59,67,18,82,112,125,126,90,97" hai3="56,72,110,17,20,119,24,80,35,19,135,91,53"/><U25/><E68/><V81/><F108/><W6/><G110/><T10/><D104/><U79/><E107/><V115/><F67/><W32/><G135/><N who="2" m="51721" /><F59/><W127/><G6/><T124/><D122/><U27/><E132/><V131/><F131/><W86/><G72/><T29/><D34/><U22/><E116/><V102/><F18/><W43/><G43/><T70/><D70/><U44/><E79/><V0/><F82/><W36/><G36/><T42/><D124/><N who="2" m="47722" /><F0/><W85/><G127/><T71/><D71/><U15/><E92/><N who="2" m="58663" /><F81/><N who="3" m="49583" /><G35/><T62/><D111/><U118/><E118/><V12/><F12/><N who="1" m="4649" /><E38/><V69/><F69/><W4/><G4/><T95/><D5/><N who="1" m="1071" /><E44/><V130/><F130/><W9/><G9/><T60/><D10/><U74/><E45/><V103/><F103/><W123/><G32/><T37/><D37/><U78/><E78/><V96/><F96/><W121/><G119/><T100/><D42/><U57/><E57/><V87/><F87/><W11/><G11/><T94/><D100/><U109/><E74/><V33/><F33/><W49/><G123/><T105/><D58/><U129/><E129/><V98/><F98/><W117/><G121/><T66/><D105/><U75/><E75/><V51/><F51/><W31/><G117/><T63/><D48/><U26/><E109/><V61/><F61/><W52/><G53/><T83/><D54/><U39/><E39/><V46/><F46/><W65/><G65/><T7/><D66/><U55/><E55/><V64/><F64/><W106/><G106/><T41/><D50/><U128/><E128/><RYUUKYOKU ba="1,0" sc="244,-30,226,10,312,10,218,10" hai1="2,3,22,25,26,27,28" hai2="88,90,112,115" hai3="17,19,20,24,31,49,52,56,80,86" /><INIT seed="5,2,0,4,4,69" ten="214,236,322,228" oya="1" hai0="53,68,129,56,37,1,106,119,111,75,2,39,71" hai1="11,35,66,51,80,120,27,90,78,65,48,94,79" hai2="101,47,26,82,127,92,30,0,125,105,128,104,19" hai3="121,36,114,102,134,77,31,3,122,83,46,100,70"/><U87/><E120/><V126/><F0/><W45/><G70/><T40/><D40/><U50/><E79/><V29/><F128/><W5/><G114/><T9/><D9/><U41/><E11/><V97/><F47/><W22/><G22/><T109/><D53/><U131/><E131/><V72/><F19/><W33/><G46/><T58/><D129/><U59/><E41/><V108/><F108/><W62/><G62/><T73/><REACH who="0" step="1"/><D106/><REACH who="0" ten="204,236,322,228" step="2"/><U74/><REACH who="1" step="1"/><E59/><REACH who="1" ten="204,226,322,228" step="2"/><V61/><F125/><W85/><G122/><T52/><D52/><U130/><E130/><V98/><F126/><W42/><G121/><T18/><D18/><U112/><E112/><V67/><F127/><W16/><G16/><T38/><D38/><U14/><E14/><V32/><F30/><AGARI ba="2,2" hai="27,30,35,48,50,51,65,66,74,78,80,87,90,94" machi="30" ten="40,2000,0" yaku="1,1,53,0" doraHai="69" doraHaiUra="103" who="1" fromWho="2" sc="204,0,226,46,322,-26,228,0" /><INIT seed="5,3,0,1,0,61" ten="204,272,296,228" oya="1" hai0="40,114,96,44,20,102,23,87,122,55,84,65,43" hai1="41,127,85,75,1,97,7,18,135,67,3,24,15" hai2="121,10,49,98,35,115,100,2,0,119,101,94,95" hai3="46,125,103,27,104,70,128,42,17,60,81,92,48"/><U86/><E75/><V33/><F121/><W68/><G104/><T133/><D55/><U88/><E41/><V39/><F39/><W19/><G70/><T22/><D122/><U76/><E97/><V108/><F119/><W124/><G128/><T21/><D43/><U29/><E127/><V106/><F108/><W36/><G81/><T59/><D133/><U123/><E123/><V64/><F49/><W14/><G27/><T113/><D114/><U90/><E7/><V31/><F31/><W131/><G131/><T45/><D113/><U105/><E105/><V13/><F115/><W129/><G129/><T71/><D71/><U16/><E135/><V83/><F83/><W118/><G118/><T38/><D45/><U132/><E132/><V117/><F117/><W26/><G26/><T63/><N who="0" m="5632" /><DORA hai="74" /><T109/><REACH who="0" step="1"/><D109/><REACH who="0" ten="194,272,296,228" step="2"/><U72/><E24/><V111/><F111/><W56/><G68/><T57/><D57/><U25/><E25/><V47/><F47/><W77/><G56/><T120/><D120/><U78/><E29/><V134/><F134/><W82/><G42/><T80/><D80/><U126/><E126/><V54/><F54/><W62/><G82/><T32/><D32/><U66/><E72/><V110/><F35/><W30/><G30/><T6/><D6/><U12/><AGARI ba="3,1" hai="1,3,12,15,16,18,66,67,76,78,85,86,88,90" machi="12" ten="25,24000,3" yaku="0,1,22,2,52,4,54,2" doraHai="61,74" who="1" fromWho="1" sc="194,-83,272,259,296,-83,228,-83" /><INIT seed="5,4,0,0,2,128" ten="111,531,213,145" oya="1" hai0="99,4,81,67,88,71,0,6,69,120,43,98,62" hai1="24,82,122,61,118,15,36,108,56,2,85,49,127" hai2="100,110,129,104,26,80,125,93,28,134,47,5,132" hai3="60,16,95,63,44,27,83,73,23,109,57,20,39"/><U77/><E36/><V126/><F104/><W114/><G109/><T75/><D69/><U106/><E2/><V51/><F110/><W130/><G130/><T22/><D43/><U29/><E108/><V65/><F65/><W8/><G8/><T12/><D0/><U3/><E3/><V30/><F5/><W96/><G114/><T17/><D120/><U21/><E118/><V58/><F58/><W121/><G121/><T52/><D75/><U123/><E106/><V91/><F80/><W112/><G112/><T37/><D37/><U87/><E127/><N who="2" m="48651" /><F100/><W107/><G107/><T46/><D99/><U1/><E1/><V40/><F129/><W124/><G124/><T117/><D117/><U92/><E49/><V102/><F102/><W55/><G39/><T115/><D115/><U31/><E31/><N who="2" m="11819" /><F26/><W18/><G44/><T42/><D81/><U72/><E123/><V53/><F40/><W86/><G73/><T64/><D42/><U94/><E122/><V116/><F116/><W33/><G33/><T13/><D13/><U89/><E15/><V34/><F34/><W14/><G83/><T50/><D67/><N who="1" m="39335" /><E72/><V10/><F10/><W54/><G55/><T84/><D84/><AGARI ba="4,0" hai="47,51,53,84,91,93,132,134" m="11819,48651" machi="84" ten="30,3900,0" yaku="18,1,52,2" doraHai="128" who="2" fromWho="0" sc="111,-51,531,0,213,51,145,0" /><INIT seed="6,0,0,0,3,60" ten="60,531,264,145" oya="2" hai0="126,85,14,42,41,109,34,27,94,89,32,81,25" hai1="37,38,52,40,131,84,48,64,61,33,114,83,49" hai2="125,92,62,9,119,112,117,1,26,16,59,50,66" hai3="18,129,29,73,133,78,4,96,31,30,8,76,0"/><V82/><F125/><W86/><G73/><T35/><D41/><U56/><E33/><V124/><F124/><W77/><G129/><T113/><D126/><U15/><E114/><V103/><F112/><W74/><G74/><T39/><D42/><U36/><E15/><V107/><F107/><W2/><G2/><T132/><D39/><U118/><E118/><V108/><F1/><W71/><G71/><T72/><D109/><U101/><E101/><V99/><F108/><W122/><G122/><T46/><D46/><N who="1" m="25671" /><E83/><V121/><F121/><W105/><G105/><T110/><D110/><U43/><E84/><V91/><F50/><W88/><G96/><T80/><D132/><U75/><E75/><V24/><F24/><W65/><G133/><T106/><D106/><U97/><E97/><V104/><F82/><W3/><G3/><T54/><D80/><U12/><E12/><V58/><F58/><W128/><G128/><T28/><D27/><U115/><E115/><V69/><F69/><W10/><G10/><T5/><D113/><U20/><E20/><V19/><F19/><W55/><G18/><T22/><D14/><U87/><E87/><V70/><F70/><W120/><G120/><T127/><D127/><U45/><E131/><V44/><F9/><W67/><REACH who="3" step="1"/><G55/><AGARI ba="0,0" hai="36,37,38,43,45,49,52,55,56,61,64" m="25671" machi="55" ten="30,12000,2" yaku="35,5,52,1,54,1" doraHai="60" who="1" fromWho="3" sc="60,0,531,120,264,0,145,-120" /><INIT seed="7,0,0,3,1,29" ten="60,651,264,25" oya="3" hai0="0,87,126,112,88,115,21,60,90,50,32,10,73" hai1="22,64,40,67,133,98,58,75,80,9,125,103,100" hai2="57,134,66,130,76,72,109,1,85,11,106,59,117" hai3="79,33,5,19,101,35,45,41,2,8,74,47,24"/><W16/><G101/><T53/><D73/><U84/><E75/><V7/><F72/><W61/><G61/><T39/><D39/><U20/><E40/><V30/><F106/><W25/><G45/><T28/><D21/><U127/><E9/><V55/><F109/><W4/><G4/><T3/><D60/><U114/><E114/><N who="0" m="43561" /><D126/><N who="1" m="48139" /><E133/><V122/><F134/><W91/><G91/><T68/><D68/><U93/><E103/><V123/><F117/><W6/><G6/><T63/><D63/><N who="1" m="38007" /><E67/><V27/><F130/><W124/><G124/><T49/><D49/><U135/><E135/><V12/><F1/><W70/><G70/><T128/><D128/><U92/><E92/><V104/><F66/><W31/><G79/><AGARI ba="0,0" hai="20,22,79,80,84,93,98,100" m="38007,48139" machi="79" ten="30,1000,0" yaku="18,1" doraHai="29" who="1" fromWho="3" sc="60,0,651,10,264,0,25,-10" owari="60,-34.0,661,76.0,264,6.0,15,-48.0" /></mjloggm>