<mjloggm ver="2.3"><GO type="169" lobby="0"/><UN n0="%E3%81%84%E3%81%84%E7%AC%91%E9%A1%94" n1="%E6%98%9F%E9%99%8D%E3%82%8B%E8%A1%97" n2="%E7%A5%9E%E6%A5%BD%E5%9D%82%E3%82%86%E3%81%8B" n3="%E3%83%88%E3%83%88%E3%83%AA%E5%85%88%E7%94%9F%31%39%E6%AD%B3" dan="17,17,16,18" rate="2239.14,2113.66,2031.08,2249.23" sx="F,F,M,F"/><TAIKYOKU oya="0"/><INIT seed="0,0,0,0,0,90" ten="250,250,250,250" oya="0" hai0="29,129,75,70,21,92,73,62,97,66,59,40,135" hai1="25,80,122,0,130,35,39,121,74,71,106,110,22" hai2="76,77,116,20,33,94,115,58,8,93,100,107,10" hai3="6,98,16,72,56,37,46,99,61,131,41,82,23"/><T54/><D129/><U12/><RYUUKYOKU type="yao9" ba="0,0" sc="250,0,250,0,250,0,250,0" hai1="0,12,22,25,35,39,71,74,80,106,110,121,122,130" /><INIT seed="0,1,0,2,5,33" ten="250,250,250,250" oya="0" hai0="15,99,124,67,104,57,38,59,92,63,82,11,101" hai1="0,103,98,75,71,69,8,120,89,52,102,7,112" hai2="31,5,32,44,58,74,117,125,93,95,17,35,122" hai3="41,123,14,86,3,111,54,9,134,27,115,12,85"/><T25/><D124/><U28/><E120/><V24/><F122/><W77/><G123/><T128/><D128/><U68/><E75/><V62/><F125/><W113/><G111/><T65/><D38/><U88/><E112/><V106/><F106/><W66/><G134/><T61/><D25/><U83/><E28/><V72/><F117/><W18/><G41/><T100/><D82/><U21/><E21/><V91/><F5/><W51/><G66/><T55/><D55/><U79/><E79/><V36/><F35/><W129/><G129/><T39/><D39/><U6/><E6/><V132/><F132/><W110/><G110/><T135/><D135/><U78/><E78/><V96/><F17/><W22/><G14/><T76/><D76/><U48/><E83/><V80/><F80/><W73/><G73/><T45/><D45/><U131/><E131/><V34/><F34/><W16/><G3/><T127/><D127/><U133/><E133/><V97/><F44/><W130/><G130/><T118/><D118/><U10/><E10/><V29/><F29/><W40/><G40/><T70/><D70/><U121/><E121/><V94/><F36/><W108/><G108/><T81/><D81/><U4/><E4/><V56/><F56/><N who="3" m="32863" /><G77/><T87/><D87/><N who="3" m="33289" /><G115/><T43/><D43/><U126/><E126/><V1/><F1/><W42/><G42/><T13/><D11/><U116/><E116/><V2/><F2/><W107/><G113/><T105/><D92/><N who="2" m="35434" /><F97/><AGARI ba="1,0" hai="13,15,57,59,61,63,65,67,97,99,100,101,104,105" machi="97" ten="40,7700,0" yaku="32,3" doraHai="33" who="0" fromWho="2" sc="250,80,250,0,250,-80,250,0" /><INIT seed="0,2,0,3,2,86" ten="330,250,170,250" oya="0" hai0="48,26,120,95,2,104,103,72,117,77,30,13,89" hai1="14,115,128,130,108,97,25,127,31,4,0,39,43" hai2="36,93,15,12,20,98,5,79,75,123,121,56,41" hai3="27,92,23,87,102,107,42,94,111,124,80,1,67"/><T73/><D2/><U29/><E43/><V9/><F75/><W16/><G1/><T91/><D117/><U83/><E39/><V32/><F32/><W24/><G111/><T58/><D120/><U52/><E108/><V51/><F36/><W55/><G124/><T34/><D104/><U44/><E0/><V57/><F79/><W60/><G42/><T126/><D126/><U114/><E127/><V47/><F123/><W35/><G55/><T3/><D3/><U99/><E83/><V61/><F121/><W113/><G113/><T110/><D110/><U100/><E4/><V59/><F61/><W50/><G50/><T38/><D38/><U90/><E14/><N who="2" m="5423" /><F20/><W22/><G35/><T33/><D33/><U40/><E40/><V125/><F125/><W8/><G8/><T85/><D103/><AGARI ba="2,0" hai="12,15,41,47,51,56,57,59,93,98,103" m="5423" machi="103" ten="30,1000,0" yaku="8,1" doraHai="86" who="2" fromWho="0" sc="330,-16,250,0,170,16,250,0" /><INIT seed="1,0,0,5,2,115" ten="314,250,186,250" oya="1" hai0="25,33,69,44,94,125,104,4,123,101,42,30,87" hai1="14,46,80,130,105,103,100,76,70,32,19,12,132" hai2="53,65,22,78,133,54,93,98,15,118,75,97,73" hai3="127,56,106,112,58,24,62,90,28,3,131,45,85"/><U17/><E70/><V114/><F114/><W89/><G112/><T81/><D69/><U63/><E32/><V48/><F133/><W95/><G3/><T109/><D109/><U59/><E105/><V52/><F118/><W35/><G131/><T120/><D104/><U111/><E132/><V124/><F124/><W116/><G127/><T128/><D125/><U84/><E130/><V82/><F75/><W21/><G106/><T37/><D128/><U36/><E111/><V108/><F108/><W29/><G116/><T79/><D4/><U122/><E46/><V11/><F22/><W91/><G56/><T50/><D37/><U119/><E36/><V7/><F65/><W88/><G45/><T47/><D44/><U27/><E27/><V6/><F6/><W8/><G8/><T68/><D68/><U57/><E122/><V113/><F113/><W66/><REACH who="3" step="1"/><G35/><REACH who="3" ten="314,250,186,240" step="2"/><T92/><D101/><N who="1" m="38987" /><E119/><V2/><F2/><W34/><G34/><T51/><REACH who="0" step="1"/><D50/><REACH who="0" ten="304,250,186,240" step="2"/><U49/><E49/><V134/><F48/><W43/><G43/><T135/><D135/><U117/><E117/><V74/><F134/><W60/><G60/><T20/><D20/><N who="1" m="11303" /><E63/><V77/><REACH who="2" step="1"/><F93/><AGARI ba="0,2" hai="25,30,33,42,47,51,79,81,87,92,93,94,120,123" machi="93" ten="40,1300,0" yaku="1,1,53,0" doraHai="115" doraHaiUra="55" who="0" fromWho="2" sc="304,33,250,0,186,-13,240,0" /><INIT seed="2,0,0,4,2,126" ten="337,250,173,240" oya="2" hai0="116,58,106,66,103,114,6,81,121,122,74,83,135" hai1="94,23,119,107,0,38,102,18,127,1,69,82,13" hai2="49,48,125,2,118,84,120,54,16,19,88,78,59" hai3="30,3,112,31,101,108,57,85,115,25,65,133,53"/><V91/><F120/><W130/><G3/><T36/><D36/><U97/><E69/><V99/><F125/><W87/><G108/><T77/><D6/><U37/><E119/><V128/><F128/><W34/><G133/><T43/><D43/><U111/><E127/><V12/><F118/><W73/><G73/><T134/><D116/><U75/><E111/><V124/><F124/><W132/><G132/><N who="0" m="50731" /><D66/><U62/><E62/><N who="2" m="36215" /><F2/><W109/><G109/><T10/><D10/><U55/><E107/><V45/><F78/><W113/><G130/><T42/><D42/><U29/><E29/><V79/><F79/><W40/><G65/><T44/><D44/><U47/><E37/><V26/><F26/><N who="3" m="18775" /><G101/><T110/><D58/><U11/><E38/><V92/><F45/><W117/><G40/><T64/><D64/><U14/><E47/><V100/><F100/><W24/><G117/><T17/><D17/><N who="2" m="6730" /><F12/><W52/><G25/><T15/><D15/><U89/><E0/><V56/><F56/><W96/><G57/><T129/><D110/><U39/><E1/><V27/><F27/><W22/><G53/><T98/><D129/><U123/><E39/><V104/><F104/><W7/><G52/><T63/><D63/><U131/><E131/><V60/><F60/><W50/><G50/><N who="2" m="19561" /><F99/><W67/><G67/><T35/><D35/><U32/><E32/><V61/><F61/><W41/><G41/><T90/><D114/><U20/><E55/><V51/><N who="2" m="19569" /><V46/><DORA hai="68" /><F46/><W33/><G96/><T5/><D5/><U21/><E97/><V76/><F76/><RYUUKYOKU ba="0,0" sc="337,15,250,-15,173,15,240,-15" hai0="74,77,81,83,90,98,103,106,121,122" hai2="84,88,91,92" /><INIT seed="2,1,0,2,0,3" ten="352,235,188,225" oya="2" hai0="86,23,61,60,9,58,69,100,35,19,49,39,82" hai1="127,44,45,64,115,112,16,6,105,130,43,90,93" hai2="10,48,15,5,37,51,133,32,122,129,70,13,68" hai3="110,98,92,94,41,12,101,128,53,134,77,75,55"/><V91/><F122/><W87/><G110/><T42/><D35/><U36/><E105/><V107/><F107/><W84/><G128/><T52/><D100/><U118/><E118/><V56/><F37/><W66/><G134/><T111/><D111/><U119/><E119/><V22/><F129/><W54/><G41/><T14/><D69/><U17/><E130/><V20/><F32/><W71/><G71/><T123/><D123/><U131/><E131/><V109/><F109/><W25/><G66/><T125/><D125/><U104/><E104/><V24/><F133/><W113/><G113/><T114/><D114/><U2/><E64/><V21/><F24/><W65/><G65/><T73/><D73/><U7/><E127/><V103/><F103/><W79/><G75/><T121/><D121/><U30/><E30/><V50/><F56/><W74/><G74/><T67/><D67/><U89/><E93/><V135/><F135/><W33/><G33/><T85/><D85/><N who="3" m="32841" /><G92/><T31/><D42/><U76/><E43/><V1/><REACH who="2" step="1"/><F91/><REACH who="2" ten="352,235,178,225" step="2"/><W46/><G25/><N who="0" m="16831" /><D39/><U78/><E36/><V47/><F47/><W102/><G46/><T26/><D26/><U4/><E115/><V96/><F96/><W11/><G102/><T62/><D49/><U59/><E112/><V57/><F57/><W63/><G63/><T99/><D99/><U108/><E59/><V28/><F28/><W34/><G34/><T88/><AGARI ba="1,1" hai="9,14,19,52,58,60,61,62,82,86,88" m="16831" machi="88" ten="30,4000,0" yaku="8,1,54,2" doraHai="3" who="0" fromWho="0" sc="352,53,235,-11,178,-21,225,-11" /><INIT seed="3,0,0,4,1,49" ten="405,224,157,214" oya="3" hai0="109,20,5,128,31,67,47,106,80,22,96,114,99" hai1="83,90,123,53,105,74,29,100,118,54,122,127,92" hai2="130,117,42,79,45,91,39,38,44,108,2,19,30" hai3="25,50,97,89,135,60,4,72,33,58,7,115,111"/><W13/><G115/><T41/><D114/><U21/><E127/><V26/><F108/><W125/><G72/><T69/><D109/><U84/><E118/><V18/><F117/><W112/><G112/><T88/><D128/><U71/><E71/><V85/><F130/><W116/><G116/><T121/><D121/><U35/><E35/><V87/><F2/><W43/><G135/><T86/><D5/><U46/><E46/><V17/><F79/><W15/><G125/><T73/><D73/><U57/><E57/><V55/><F55/><N who="1" m="21001" /><E21/><V119/><F119/><W132/><G132/><T37/><D22/><U129/><E29/><V56/><F56/><W113/><G113/><T12/><D31/><U66/><E66/><V10/><F10/><W104/><G33/><T1/><D1/><U82/><E82/><V14/><F44/><N who="3" m="25887" /><G104/><T11/><D20/><U6/><E6/><N who="3" m="2090" /><G25/><T51/><D37/><U65/><E65/><V107/><F39/><W64/><G111/><T61/><D106/><U81/><E81/><V48/><F38/><W8/><G8/><T9/><D9/><U76/><E129/><V32/><F107/><W16/><G16/><T63/><D69/><U3/><E3/><V120/><F120/><W24/><G24/><T126/><D126/><U131/><E131/><V102/><F18/><W93/><AGARI ba="0,0" hai="13,15,58,60,64,89,93,97" m="2090,25887" machi="93" ten="30,1500,0" yaku="8,1" doraHai="49" who="3" fromWho="3" sc="405,-5,224,-5,157,-5,214,15" /><INIT seed="3,1,0,3,4,3" ten="400,219,152,229" oya="3" hai0="62,91,40,57,46,125,11,113,112,133,32,102,83" hai1="23,84,38,13,93,8,63,131,97,60,103,65,64" hai2="115,81,7,82,50,135,52,26,66,80,44,73,78" hai3="110,41,37,101,92,71,104,5,17,70,14,74,69"/><W88/><G74/><T9/><D32/><U0/><E38/><V114/><F135/><W98/><G110/><T25/><D133/><U99/><E0/><V55/><F66/><W75/><G75/><T27/><D102/><U56/><E131/><V22/><F55/><W86/><G41/><T45/><D125/><U116/><E116/><V122/><F122/><W42/><G42/><T59/><D83/><U35/><E35/><V43/><F78/><W134/><G37/><T68/><D68/><U34/><E34/><V58/><F73/><W76/><G134/><T48/><D91/><U4/><E23/><V119/><F7/><W33/><G33/><T100/><D100/><U2/><E2/><V24/><F119/><W109/><G109/><T90/><D90/><U18/><E18/><V72/><F72/><W132/><G132/><T124/><D124/><U16/><E84/><V120/><F120/><W121/><G121/><T15/><D46/><U30/><E99/><V123/><F123/><W111/><G111/><T127/><D127/><U51/><E51/><V96/><F96/><W89/><G89/><T105/><D105/><U31/><REACH who="1" step="1"/><E16/><REACH who="1" ten="400,209,152,229" step="2"/><N who="2" m="12359" /><F115/><W87/><G17/><T53/><D113/><U20/><E20/><V19/><F114/><W117/><G117/><T130/><D130/><U47/><E47/><V21/><F21/><W108/><G108/><T28/><D112/><U118/><E118/><V6/><F6/><W107/><G107/><T126/><D126/><U94/><E94/><V129/><F129/><W54/><G104/><T12/><D45/><U128/><E128/><RYUUKYOKU ba="1,1" sc="400,-10,209,30,152,-10,229,-10" hai1="4,8,13,30,31,56,60,63,64,65,93,97,103" /><INIT seed="4,2,1,0,2,10" ten="390,239,142,219" oya="0" hai0="56,114,43,17,110,100,42,30,51,8,65,18,64" hai1="74,41,1,38,81,67,90,82,33,105,36,39,34" hai2="37,11,83,2,126,128,102,44,71,68,96,79,26" hai3="134,95,86,31,135,29,124,104,49,85,28,20,6"/><T111/><D114/><U122/><E122/><V87/><F126/><W61/><G104/><T112/><D112/><U109/><E109/><N who="0" m="41481" /><D30/><U98/><E41/><N who="0" m="15369" /><D100/><U127/><E127/><V27/><F128/><W47/><G124/><T63/><D51/><U80/><E1/><V69/><F44/><W88/><G61/><N who="0" m="37927" /><D8/><U59/><E74/><V62/><F62/><W40/><G20/><T72/><D72/><U54/><E67/><V125/><F37/><W3/><G31/><T66/><D66/><U77/><E33/><V132/><F125/><W91/><G29/><T84/><D84/><U22/><E34/><V116/><F11/><W120/><G28/><T60/><D60/><U97/><E22/><V103/><F2/><W131/><G131/><T70/><AGARI ba="2,1" hai="17,18,63,65,70" m="37927,15369,41481" machi="70" ten="30,1500,0" yaku="10,1" doraHai="10" who="0" fromWho="0" sc="390,31,239,-7,142,-7,219,-7" /><INIT seed="4,3,0,5,5,82" ten="421,232,135,212" oya="0" hai0="119,49,115,33,52,93,38,107,120,2,19,10,54" hai1="87,131,116,22,0,8,45,109,15,123,83,128,43" hai2="105,46,106,79,78,40,26,91,25,6,7,117,104" hai3="56,113,126,94,85,90,27,35,84,59,24,53,67"/><T41/><D107/><U101/><E123/><V57/><F117/><W66/><G113/><T127/><D120/><U98/><E116/><V97/><F57/><W69/><G126/><T31/><D119/><U14/><E109/><V58/><F58/><W68/><G35/><T134/><D127/><U108/><E22/><V39/><F25/><N who="3" m="9803" /><G68/><T130/><D33/><U4/><E108/><V29/><F79/><W20/><G20/><T135/><D31/><U47/><E0/><V118/><F118/><W37/><G37/><T23/><D115/><U64/><E64/><N who="3" m="24618" /><G69/><T48/><D38/><U121/><E14/><V111/><F78/><W72/><G72/><T55/><D41/><U63/><E63/><V96/><F111/><W3/><G3/><T32/><D32/><U132/><E121/><V124/><F124/><W28/><G28/><T92/><D2/><U95/><E132/><N who="0" m="50729" /><D23/><U86/><E83/><V112/><F112/><W65/><N who="3" m="24626" /><W129/><DORA hai="5" /><G129/><N who="1" m="49738" /><E45/><V75/><F46/><W74/><G74/><T51/><D130/><U44/><E47/><V11/><F75/><W13/><G13/><AGARI ba="3,0" hai="10,13,19,48,49,51,52,54,55,92,93" m="50729" machi="13" ten="40,7700,0" yaku="20,1,52,1,54,1" doraHai="82,5" who="0" fromWho="3" sc="421,86,232,0,135,0,212,-86" /><INIT seed="4,4,0,0,3,106" ten="507,232,135,126" oya="0" hai0="18,133,30,35,91,74,101,88,84,71,81,54,40" hai1="25,14,119,8,20,37,75,10,92,28,107,127,39" hai2="76,31,100,48,80,4,61,105,45,135,29,110,102" hai3="109,58,19,131,56,51,77,89,38,66,90,78,6"/><T22/><D133/><U0/><E107/><V113/><F135/><W70/><G38/><T5/><D71/><U67/><E119/><V17/><F113/><W95/><G109/><T13/><D101/><U85/><E67/><V122/><F122/><W7/><G131/><T134/><D134/><U112/><E127/><V24/><F110/><W16/><G70/><T128/><D128/><U68/><E68/><V104/><F104/><W47/><G66/><T103/><D103/><U23/><E112/><V15/><F105/><W43/><G56/><T83/><D40/><U44/><E0/><V21/><F61/><W124/><G58/><T46/><D5/><N who="3" m="1545" /><G90/><T126/><D126/><U132/><E132/><V32/><F31/><W57/><G57/><T2/><D2/><U97/><E39/><V69/><F4/><W99/><G124/><T72/><D30/><U53/><E75/><V125/><F69/><W26/><G26/><T79/><D35/><U50/><E37/><V129/><F129/><W87/><G99/><T130/><D130/><U65/><E85/><V33/><F32/><W42/><G42/><T114/><D114/><U116/><E65/><V98/><F125/><W55/><G43/><T27/><D27/><U117/><E116/><V41/><REACH who="2" step="1"/><F98/><REACH who="2" ten="507,232,125,126" step="2"/><W12/><G19/><T82/><D18/><N who="1" m="10711" /><E117/><V59/><F59/><W123/><G123/><T120/><D120/><U1/><E1/><V64/><F64/><W9/><AGARI ba="4,1" hai="9,12,16,47,51,55,77,78,87,89,95" m="1545" machi="9" ten="30,2000,0" yaku="8,1,54,1" doraHai="106" who="3" fromWho="3" sc="507,-14,232,-9,125,-9,126,42" /><INIT seed="5,0,0,4,2,96" ten="493,223,116,168" oya="1" hai0="53,48,98,113,3,80,66,109,90,15,123,92,57" hai1="87,120,12,25,118,64,127,114,52,50,4,63,71" hai2="94,129,18,104,11,100,55,41,106,124,70,97,135" hai3="13,91,54,0,93,121,56,6,83,1,112,77,28"/><U110/><E120/><V102/><F129/><W9/><G121/><T82/><D109/><U44/><E118/><V46/><F70/><W2/><G112/><T76/><D3/><U130/><E114/><V10/><F135/><W103/><G103/><N who="2" m="39465" /><F124/><W35/><G28/><T132/><D113/><U60/><E130/><V128/><F128/><W5/><G35/><T17/><D123/><U101/><E127/><V62/><F106/><W23/><G23/><T16/><D132/><U134/><E110/><V22/><F104/><W36/><G36/><T34/><D34/><U7/><E134/><V19/><F41/><W125/><G125/><T49/><D66/><U21/><E12/><N who="2" m="9575" /><F18/><W59/><G5/><T99/><D17/><U74/><E74/><V111/><F111/><W81/><G77/><T39/><D39/><U88/><E101/><N who="2" m="60599" /><F62/><W45/><G0/><T58/><D98/><U67/><E63/><V73/><F73/><W86/><G1/><T65/><D76/><U38/><E38/><V115/><F115/><W133/><G2/><T78/><D78/><U26/><E7/><V20/><F20/><W27/><G133/><T30/><D30/><U72/><E72/><V107/><F107/><W105/><G105/><T69/><D69/><U29/><E4/><V75/><F75/><W40/><G40/><T24/><D24/><N who="1" m="16527" /><E67/><V108/><F108/><W31/><G27/><T79/><D65/><U85/><E25/><V51/><AGARI ba="0,0" hai="10,11,46,51,55" m="60599,9575,39465" machi="51" ten="30,8000,1" yaku="8,1,52,4" doraHai="96" who="2" fromWho="2" sc="493,-20,223,-40,116,80,168,-20" /><INIT seed="6,0,0,5,5,69" ten="473,183,196,148" oya="2" hai0="81,132,8,42,49,29,36,72,18,84,89,95,54" hai1="24,100,79,122,25,66,4,5,127,131,44,94,90" hai2="96,74,11,35,103,114,20,50,16,97,2,104,83" hai3="129,120,99,37,6,33,112,73,85,39,38,123,46"/><V124/><F114/><W65/><G73/><T91/><D132/><U56/><E131/><V51/><F35/><W75/><G75/><T101/><D29/><U1/><E1/><V59/><F124/><W134/><G33/><T87/><D72/><U23/><E127/><V105/><F2/><W43/><G6/><T117/><D117/><U88/><E79/><V19/><F11/><W113/><G129/><T133/><D133/><U64/><E122/><N who="3" m="46634" /><G85/><T63/><D101/><U48/><E100/><V98/><F103/><W76/><G99/><T34/><D34/><U17/><E24/><V13/><F19/><W22/><G22/><T26/><D63/><N who="1" m="37991" /><E66/><V14/><F14/><W78/><G134/><T55/><D36/><N who="3" m="13929" /><G78/><T116/><D116/><U21/><E21/><V110/><F110/><W86/><G86/><T58/><D26/><U32/><E32/><V70/><F83/><W61/><G76/><T57/><D8/><U128/><E128/><V28/><F74/><W82/><G82/><T67/><D18/><U126/><E126/><V102/><F28/><W9/><G9/><T71/><D87/><N who="1" m="52511" /><E90/><V0/><F102/><W135/><G135/><T27/><D91/><U52/><AGARI ba="0,0" hai="4,5,17,23,25,44,48,52" m="52511,37991" machi="52" ten="30,4000,0" yaku="8,1,54,2" doraHai="69" who="1" fromWho="1" sc="473,-10,183,40,196,-20,148,-10" /><INIT seed="7,0,0,2,0,114" ten="463,223,176,138" oya="3" hai0="110,5,56,52,16,6,67,29,106,100,101,72,38" hai1="94,65,104,22,95,116,73,43,103,78,8,74,41" hai2="129,77,79,69,20,27,51,90,36,113,35,21,11" hai3="87,63,82,130,108,23,46,48,118,54,109,121,83"/><W68/><G121/><T119/><D110/><N who="3" m="42601" /><G130/><T53/><D119/><U26/><E104/><V3/><F129/><W127/><G127/><T61/><D38/><U80/><E116/><V105/><F36/><W59/><G68/><T107/><D72/><U76/><E65/><V66/><F113/><W134/><G134/><T71/><D29/><U44/><E103/><N who="0" m="39497" /><D71/><U133/><E133/><V13/><F66/><N who="3" m="39295" /><G118/><T10/><D107/><U122/><E122/><V98/><F69/><W91/><G23/><T81/><D81/><AGARI ba="0,0" hai="46,48,54,81,82,83,87,91" m="39295,42601" machi="81" ten="30,1500,0" yaku="10,1" doraHai="114" who="3" fromWho="0" sc="463,-15,223,0,176,0,138,15" /><INIT seed="7,1,0,1,2,104" ten="448,223,176,153" oya="3" hai0="48,52,84,74,65,122,47,68,89,60,45,102,18" hai1="38,11,3,80,28,70,73,27,66,97,71,44,135" hai2="9,6,109,4,95,10,115,101,96,42,87,20,81" hai3="59,93,29,103,39,26,116,118,129,53,90,2,88"/><W8/><G39/><T7/><D74/><U72/><E135/><V30/><F115/><W130/><G103/><T94/><D122/><U32/><E97/><V64/><F109/><W78/><G78/><T77/><D77/><N who="1" m="44071" /><E66/><V110/><F110/><W134/><G134/><T98/><D7/><N who="2" m="2602" /><F64/><W33/><G8/><T17/><D47/><U75/><E11/><V21/><F42/><W76/><G76/><T0/><D0/><U69/><E3/><V36/><F36/><W120/><G2/><T54/><D54/><U37/><E37/><V124/><F124/><W35/><G35/><T12/><D12/><U46/><E46/><V92/><F92/><AGARI ba="1,0" hai="17,18,45,48,52,60,65,68,84,89,92,94,98,102" machi="92" ten="30,2000,0" yaku="7,1,54,1" doraHai="104" who="0" fromWho="2" sc="448,23,223,0,176,-23,153,0" owari="471,58.0,223,2.0,153,-25.0,153,-35.0" /></mjloggm>