<mjloggm ver="2.3"><GO type="169" lobby="0"/><UN n0="%74%61%63%6F%73" n1="%E3%81%94%E3%82%93%E3%81%96%E3%81%B6%E3%82%8D%E3%83%BC" n2="%E3%82%A6%E3%83%AB%E3%83%88%E3%83%A9%E7%AB%8B%E7%9B%B4" n3="%E3%81%82%E3%81%B2%E3%82%8B%E3%81%95%E3%82%93" dan="16,17,17,16" rate="2108.09,2188.24,2177.50,2116.19" sx="M,M,M,M"/><TAIKYOKU oya="0"/><INIT seed="0,0,0,1,1,132" ten="250,250,250,250" oya="0" hai0="43,128,131,36,11,75,13,90,38,135,20,63,86" hai1="2,121,97,60,57,72,32,81,1,69,110,26,102" hai2="34,49,76,28,23,104,134,54,89,78,77,39,66" hai3="82,130,112,44,61,106,124,87,116,108,93,85,84"/><T65/><D75/><U58/><E58/><V109/><F39/><W100/><G112/><T133/><D20/><U48/><E48/><V9/><F104/><W4/><G116/><T33/><D33/><U41/><E41/><V19/><F109/><W21/><G106/><T27/><D27/><U62/><E62/><V98/><F134/><N who="0" m="51210" /><D90/><U67/><E57/><V10/><F66/><W118/><G118/><T52/><D86/><U50/><E50/><V70/><F70/><W64/><G130/><N who="0" m="49707" /><D43/><U119/><E119/><V127/><F28/><W120/><G21/><T59/><D65/><U0/><E110/><V122/><F89/><W95/><G108/><T91/><D91/><U73/><E81/><V24/><F34/><W17/><G85/><T125/><D125/><U18/><E18/><AGARI ba="0,0" hai="11,13,18,36,38,52,59,63" m="49707,51210" machi="18" ten="30,5800,0" yaku="20,1,19,1,54,1" doraHai="132" who="0" fromWho="1" sc="250,58,250,-58,250,0,250,0" /><INIT seed="0,1,0,1,5,129" ten="308,192,250,250" oya="0" hai0="79,21,100,31,75,103,74,70,93,41,66,96,132" hai1="81,28,105,68,34,119,52,23,36,90,29,73,98" hai2="62,99,55,104,53,112,116,108,22,84,38,64,14" hai3="102,9,61,60,88,10,16,114,127,130,8,6,0"/><T128/><D128/><U19/><E119/><V43/><F112/><W20/><G130/><T49/><D79/><U117/><E117/><V56/><F116/><W97/><G114/><T110/><D100/><U91/><E68/><V45/><F104/><W44/><G127/><T94/><D110/><U54/><E36/><V3/><F3/><W123/><G123/><T67/><D70/><U92/><E105/><V4/><F108/><W80/><G44/><T13/><D74/><U134/><E134/><V124/><F124/><W58/><G102/><T115/><D75/><U101/><E34/><V95/><F84/><W26/><G61/><T131/><D131/><U27/><E73/><V65/><F65/><W125/><G125/><T71/><D71/><U126/><E126/><V69/><F22/><W106/><G106/><T107/><D115/><U121/><E121/><V35/><F35/><W15/><G0/><T57/><D132/><U86/><REACH who="1" step="1"/><E91/><REACH who="1" ten="308,182,250,250" step="2"/><V7/><F69/><W118/><G118/><T133/><D133/><U33/><E33/><V122/><F122/><W17/><G6/><T24/><D107/><U37/><E37/><V11/><F4/><W87/><REACH who="3" step="1"/><G97/><REACH who="3" ten="308,182,250,240" step="2"/><T89/><D96/><U47/><E47/><V40/><REACH who="2" step="1"/><F40/><REACH who="2" ten="308,182,240,240" step="2"/><W78/><G78/><T1/><D41/><U51/><E51/><V111/><F111/><W59/><G59/><T83/><D49/><U63/><E63/><V46/><F46/><W25/><G25/><T50/><D24/><U48/><E48/><V2/><F2/><W12/><G12/><T82/><D13/><U85/><E85/><RYUUKYOKU ba="1,3" sc="308,-30,182,10,240,10,240,10" hai1="19,23,27,28,29,52,54,81,86,90,92,98,101" hai2="7,11,14,38,43,45,53,55,56,62,64,95,99" hai3="8,9,10,15,16,17,20,26,58,60,80,87,88" /><INIT seed="1,2,3,3,5,25" ten="278,192,250,250" oya="1" hai0="33,134,84,49,131,133,43,45,46,95,6,128,18" hai1="97,3,82,23,37,135,47,93,35,77,89,111,28" hai2="40,66,102,10,44,55,75,85,94,104,120,21,11" hai3="81,118,115,58,4,74,114,56,20,127,16,41,90"/><U51/><E37/><V9/><F75/><W99/><G127/><T125/><D33/><U106/><E3/><V112/><F120/><W91/><G4/><T19/><D6/><U108/><E106/><V53/><F112/><W119/><G41/><T26/><D125/><U15/><E35/><V80/><F104/><W62/><G74/><T29/><D46/><U78/><E135/><N who="0" m="51721" /><D29/><U38/><E38/><V27/><F66/><W92/><G58/><T122/><D122/><U32/><E32/><V88/><F102/><W60/><G62/><T61/><D61/><U76/><E15/><V63/><F80/><W13/><G90/><N who="0" m="53703" /><D26/><N who="1" m="16479" /><E108/><V83/><F63/><W50/><G50/><T59/><D59/><U5/><E5/><V79/><F40/><W39/><G81/><T34/><D34/><U116/><E116/><N who="3" m="44586" /><G39/><T14/><D18/><U68/><E68/><V130/><F44/><W124/><G124/><T86/><D86/><N who="1" m="48455" /><E111/><V126/><F126/><W2/><G2/><T107/><D107/><U73/><E73/><V132/><F132/><W36/><G36/><T71/><D71/><U96/><E96/><N who="2" m="57415" /><F130/><W12/><G13/><T24/><D24/><U72/><E72/><V17/><AGARI ba="2,3" hai="9,10,11,17,21,27,53,55,79,83,85" m="57415" machi="17" ten="30,2000,0" yaku="8,1,54,1" doraHai="25" who="2" fromWho="2" sc="278,-7,192,-12,250,56,250,-7" /><INIT seed="2,0,0,4,5,103" ten="271,180,306,243" oya="2" hai0="112,27,11,12,111,30,89,94,93,59,21,79,47" hai1="102,13,98,26,74,20,86,43,78,75,53,45,85" hai2="4,51,1,125,133,123,77,3,95,31,132,61,57" hai3="16,90,23,66,15,101,65,80,28,115,18,33,87"/><V7/><F123/><W29/><G115/><T116/><D112/><U76/><E74/><V25/><F77/><W67/><G33/><T36/><D111/><U37/><E53/><V19/><F51/><W42/><G42/><T49/><D116/><U14/><E75/><V71/><F95/><W105/><REACH who="3" step="1"/><G18/><REACH who="3" ten="271,180,306,233" step="2"/><T84/><D30/><U124/><E124/><V39/><F19/><W122/><G122/><T10/><D36/><U120/><E120/><V50/><F39/><W72/><G72/><T60/><D10/><U92/><E76/><V88/><F125/><W121/><G121/><T44/><D79/><U32/><E32/><V110/><F31/><W113/><G113/><T82/><D11/><U8/><E78/><V0/><F110/><W99/><AGARI ba="0,1" hai="15,16,23,28,29,65,66,67,80,87,90,99,101,105" machi="99" ten="30,7900,0" yaku="1,1,0,1,52,1,54,1,53,0" doraHai="103" doraHaiUra="135" who="3" fromWho="3" sc="271,-20,180,-20,306,-39,233,89" /><INIT seed="3,0,0,0,0,0" ten="251,160,267,322" oya="3" hai0="102,11,84,92,119,53,129,8,51,46,38,44,18" hai1="80,75,36,32,30,72,23,121,98,29,42,97,12" hai2="45,59,26,99,90,74,126,93,83,112,133,21,1" hai3="106,70,41,125,4,87,127,130,132,60,10,122,67"/><W52/><G122/><T37/><D119/><U55/><E121/><V40/><F112/><W54/><G106/><T85/><D129/><U86/><E42/><V39/><F133/><W34/><G34/><T13/><D37/><U28/><E36/><V111/><F111/><W135/><G41/><T76/><D76/><U117/><E117/><V89/><F126/><N who="3" m="48139" /><G87/><T118/><D38/><U19/><E32/><V57/><F1/><N who="3" m="271" /><G130/><T31/><D118/><U77/><REACH who="1" step="1"/><E55/><AGARI ba="0,0" hai="52,54,55,60,67,70,132,135" m="271,48139" machi="55" ten="30,5800,0" yaku="18,1,52,1,54,1" doraHai="0" who="3" fromWho="1" sc="251,0,160,-58,267,0,322,58" /><INIT seed="3,1,0,0,2,111" ten="251,102,267,380" oya="3" hai0="68,70,4,46,55,40,134,73,121,51,0,66,74" hai1="97,89,86,48,125,42,107,14,120,32,104,77,65" hai2="67,103,130,105,118,27,72,20,44,101,24,60,112" hai3="100,1,47,123,126,128,117,87,41,80,26,78,92"/><W50/><G117/><T38/><D121/><U11/><E120/><V25/><F118/><W94/><G123/><T23/><D134/><U71/><E32/><V69/><F72/><W113/><G1/><T34/><D34/><U116/><E116/><V58/><F130/><W52/><G126/><T54/><D23/><U56/><E125/><V81/><F69/><W28/><G128/><T57/><D54/><U39/><E77/><V37/><F112/><W135/><G135/><T127/><D127/><U2/><E2/><V64/><F64/><W53/><G113/><T7/><D68/><U43/><E39/><V93/><F105/><W17/><G17/><T22/><D22/><U63/><E107/><V45/><F81/><W30/><G26/><N who="2" m="10345" /><F37/><W3/><G3/><T85/><D85/><U15/><E15/><V76/><F76/><W83/><G80/><T102/><D102/><N who="2" m="38922" /><F93/><N who="3" m="35947" /><G100/><T95/><D95/><U110/><E97/><V91/><F91/><W119/><G119/><T36/><D36/><U18/><E104/><V88/><F88/><W99/><G99/><T21/><D0/><U13/><E110/><V79/><F79/><W5/><G5/><T12/><D4/><N who="1" m="3303" /><E86/><V35/><F35/><W96/><G96/><T84/><D84/><U115/><E89/><V10/><F10/><W59/><G53/><T82/><D82/><U75/><E75/><V6/><F6/><W19/><G19/><AGARI ba="1,0" hai="19,20,27,44,45,58,60,67" m="38922,10345" machi="19" ten="30,1000,0" yaku="8,1" doraHai="111" who="2" fromWho="3" sc="251,0,102,0,267,13,380,-13" /><INIT seed="4,0,0,2,0,85" ten="251,102,280,367" oya="0" hai0="0,75,32,123,26,14,56,127,3,43,38,68,95" hai1="61,46,7,28,34,91,24,73,22,17,6,97,129" hai2="108,2,135,37,60,102,119,126,69,65,79,76,124" hai3="27,4,67,106,90,132,39,42,52,82,130,44,77"/><T101/><D68/><U84/><E73/><V104/><F2/><W107/><G132/><T20/><D75/><U21/><E129/><V70/><F108/><W57/><G130/><T15/><D123/><U81/><E34/><V47/><F70/><W117/><G117/><T131/><D131/><U64/><E46/><V112/><F135/><W72/><G67/><T18/><D127/><N who="2" m="48682" /><F112/><W62/><G4/><T110/><D110/><U19/><E97/><N who="2" m="61519" /><F119/><W36/><G39/><T94/><D38/><U96/><E96/><V109/><F109/><W35/><REACH who="3" step="1"/><G90/><REACH who="3" ten="251,102,280,357" step="2"/><T120/><D120/><U100/><E100/><V93/><F37/><W125/><G125/><T12/><D101/><U9/><E9/><V118/><F118/><W105/><G105/><T25/><D0/><U134/><E134/><V51/><F93/><W66/><G66/><T78/><D94/><U121/><E121/><V63/><F65/><W41/><G41/><T50/><D95/><U122/><E122/><V54/><F69/><W10/><G10/><T88/><D3/><U92/><E92/><V49/><F79/><W83/><G83/><T133/><D78/><U8/><E8/><V48/><F76/><W31/><AGARI ba="0,1" hai="27,31,35,36,42,44,52,57,62,72,77,82,106,107" machi="31" ten="30,4000,0" yaku="1,1,0,1,54,1,53,0" doraHai="85" doraHaiUra="114" who="3" fromWho="3" sc="251,-20,102,-10,280,-10,357,50" /><INIT seed="5,0,0,2,0,90" ten="231,92,270,407" oya="1" hai0="80,116,68,14,2,97,53,15,72,40,114,38,16" hai1="25,36,9,3,70,100,52,6,42,20,44,103,131" hai2="112,7,93,39,94,59,35,81,124,27,83,10,119" hai3="128,95,74,108,73,41,77,127,82,33,50,8,54"/><U49/><E70/><V106/><F106/><W29/><G108/><T4/><D68/><U120/><E120/><V96/><F39/><W62/><G128/><T58/><D116/><U32/><E32/><V84/><F119/><W31/><G127/><T125/><D125/><U87/><E131/><V104/><F104/><W86/><G41/><T45/><D114/><U126/><E126/><V19/><F124/><W64/><G8/><N who="0" m="2071" /><D97/><U66/><E66/><V0/><F112/><W43/><G43/><T111/><D16/><U47/><REACH who="1" step="1"/><E87/><REACH who="1" ten="231,82,270,407" step="2"/><V134/><F84/><W18/><G33/><T121/><D121/><U24/><E24/><V75/><F27/><W88/><G64/><T113/><D113/><U60/><E60/><V37/><F35/><W92/><G62/><N who="0" m="36175" /><D111/><U34/><E34/><V98/><F75/><W71/><G71/><T78/><AGARI ba="0,1" hai="14,15,38,40,45,72,78,80" m="36175,2071" machi="78" ten="30,1100,0" yaku="25,1" doraHai="90" who="0" fromWho="0" sc="231,21,82,-5,270,-3,407,-3" /><INIT seed="6,0,0,1,5,111" ten="252,77,267,404" oya="2" hai0="134,69,96,28,118,19,88,107,135,18,36,93,9" hai1="113,102,130,117,15,98,6,75,46,42,99,124,25" hai2="73,22,37,115,35,39,84,40,76,10,45,110,38" hai3="23,16,5,64,108,65,103,97,50,66,106,109,90"/><V47/><F84/><W27/><G5/><T95/><D118/><U71/><E71/><V127/><F22/><W122/><G122/><T133/><D107/><U101/><E15/><V48/><F35/><W85/><REACH who="3" step="1"/><G50/><REACH who="3" ten="252,77,267,394" step="2"/><T4/><D36/><U13/><E13/><V67/><F39/><W94/><AGARI ba="0,1" hai="16,23,27,64,65,66,85,90,94,97,103,106,108,109" machi="94" ten="30,7900,0" yaku="1,1,2,1,0,1,54,1,53,0" doraHai="111" doraHaiUra="29" who="3" fromWho="3" sc="252,-20,77,-20,267,-39,394,89" /><INIT seed="7,0,0,3,2,100" ten="232,57,228,483" oya="3" hai0="73,25,95,127,104,80,87,94,29,124,46,72,37" hai1="110,30,23,134,8,132,64,114,82,17,12,21,67" hai2="106,50,131,89,14,55,11,7,112,78,130,47,115" hai3="49,39,85,119,96,53,75,86,120,16,97,92,19"/><W36/><G92/><N who="0" m="35371" /><D104/><U4/><E82/><V90/><F106/><W10/><G49/><T109/><D109/><U54/><E54/><V121/><F78/><W128/><G53/><T133/><D37/><U102/><E102/><V63/><F63/><W69/><G10/><T113/><D46/><U98/><E98/><V125/><F121/><W99/><G69/><T123/><D123/><U33/><E64/><V91/><F125/><N who="0" m="48202" /><D113/><AGARI ba="0,0" hai="7,11,14,47,50,55,89,90,91,112,113,115,130,131" machi="113" ten="40,1300,0" yaku="15,1" doraHai="100" who="2" fromWho="0" sc="232,-13,57,0,228,13,483,0" owari="219,-18.0,57,-44.0,241,4.0,483,58.0" /></mjloggm>