<mjloggm ver="2.3"><GO type="169" lobby="0"/><UN n0="%67%75%73%68" n1="%E3%81%93%E3%81%98%E3%81%BE%E3%82%82%E3%82%93" n2="%E6%96%B0%E6%BD%9F%E3%83%89%E3%83%A9%E3%82%B4%E3%83%B3" n3="%E5%B0%B1%E6%B4%BB%E7%94%9F%40%E5%B7%9D%E6%9D%91%E8%BB%8D%E5%9B%A3" dan="16,16,16,17" rate="2093.32,2110.27,2066.38,2230.07" sx="M,M,M,M"/><TAIKYOKU oya="0"/><INIT seed="0,0,0,1,4,67" ten="250,250,250,250" oya="0" hai0="87,41,49,6,113,42,74,92,69,26,31,127,98" hai1="108,60,0,123,116,119,105,96,25,133,15,18,135" hai2="102,63,23,80,100,3,106,91,130,73,124,79,27" hai3="126,78,72,11,132,53,131,2,4,82,64,81,62"/><T1/><D74/><U38/><E38/><V34/><F3/><W97/><G131/><T90/><D113/><U77/><E123/><V85/><F130/><W71/><G126/><T107/><D127/><U61/><E0/><V65/><F124/><W39/><G132/><N who="1" m="50762" /><E77/><V30/><F23/><W5/><G5/><T24/><D24/><U83/><E83/><V121/><F121/><W104/><G81/><T115/><D115/><U56/><E25/><V75/><F91/><W47/><G53/><T94/><D107/><U16/><E108/><V117/><F117/><W111/><G111/><T76/><D6/><U114/><E114/><V52/><F52/><W70/><G97/><T101/><D1/><U32/><E32/><V9/><F9/><W37/><G104/><T7/><D7/><U48/><E48/><V40/><F40/><N who="3" m="22927" /><G39/><T13/><D13/><U120/><E120/><V28/><F28/><W93/><G93/><T51/><D76/><U46/><E46/><V99/><REACH who="2" step="1"/><F102/><REACH who="2" ten="250,250,240,250" step="2"/><W21/><G21/><T50/><REACH who="0" step="1"/><D69/><AGARI ba="0,1" hai="27,30,34,63,65,69,73,75,79,80,85,99,100,106" machi="69" ten="30,12000,2" yaku="1,1,2,1,7,1,25,2,52,1,53,0" doraHai="67" doraHaiUra="12" who="2" fromWho="0" sc="250,-120,250,0,240,130,250,0" /><AGARI ba="0,0" hai="2,4,11,62,64,69,70,71,72,78,82" m="22927" machi="69" ten="30,12000,2" yaku="25,1,33,2,52,3" doraHai="67" who="3" fromWho="0" sc="130,-120,250,0,370,0,250,120" /><INIT seed="1,0,0,2,3,117" ten="10,250,370,370" oya="1" hai0="11,74,13,22,23,17,106,122,16,76,34,9,40" hai1="57,133,66,15,120,112,98,85,97,21,6,53,26" hai2="115,43,62,99,121,100,19,88,129,95,91,87,58" hai3="67,41,132,51,68,103,35,102,1,12,65,77,36"/><U29/><E112/><V93/><F129/><W45/><G1/><T82/><D106/><U107/><E133/><V24/><F115/><W56/><G132/><T32/><D40/><U110/><E120/><V30/><F121/><W113/><G113/><T128/><D128/><U20/><E110/><V48/><F19/><W10/><G35/><T3/><D122/><U104/><E66/><V28/><F24/><W49/><G77/><T78/><D78/><U50/><E104/><V59/><F91/><W14/><G14/><T71/><D71/><U60/><E107/><V39/><F39/><W118/><G118/><T81/><D81/><U89/><E60/><V111/><F111/><W123/><G123/><T94/><D94/><U108/><E108/><V90/><F100/><W33/><G33/><T64/><D64/><U46/><E46/><N who="2" m="25695" /><F59/><W125/><G125/><T2/><D2/><U86/><E86/><V55/><AGARI ba="0,0" hai="28,30,55,58,62,87,88,90,93,95,99" m="25695" machi="55" ten="30,2000,0" yaku="8,1,54,1" doraHai="117" who="2" fromWho="2" sc="10,-5,250,-10,370,20,370,-5" /><INIT seed="2,0,0,1,4,68" ten="5,240,390,365" oya="2" hai0="3,10,93,16,35,32,24,65,17,62,33,130,135" hai1="51,112,116,59,118,105,30,31,131,18,9,99,83" hai2="64,36,134,115,126,48,84,28,125,104,12,95,78" hai3="129,5,132,6,77,98,97,44,86,113,89,127,109"/><V56/><F115/><W110/><G113/><T8/><D130/><U111/><E112/><V40/><F104/><W133/><G44/><T79/><D79/><U66/><E131/><V1/><F1/><W52/><G129/><T70/><D135/><N who="3" m="51785" /><G52/><T14/><D3/><U81/><E111/><N who="3" m="42506" /><G127/><N who="2" m="48649" /><F134/><W122/><G122/><T73/><D73/><U128/><E128/><V101/><F28/><W11/><G77/><T94/><D24/><U88/><E118/><V2/><F2/><N who="3" m="439" /><G6/><T72/><D72/><U53/><E66/><V100/><F78/><W54/><G54/><T25/><D25/><U121/><E121/><V106/><F106/><W114/><G114/><T20/><D20/><U96/><E116/><V49/><F64/><W39/><G39/><T55/><D55/><U4/><E105/><V19/><F36/><W34/><G34/><T47/><D47/><U15/><E4/><V91/><F56/><W69/><G69/><T90/><D90/><U67/><E67/><V38/><F38/><W43/><G43/><T120/><D120/><U85/><REACH who="1" step="1"/><E81/><AGARI ba="0,0" hai="81,86,89,97,98" m="439,42506,51785" machi="81" ten="30,2000,0" yaku="20,1,14,1" doraHai="68" who="3" fromWho="1" sc="5,0,240,-20,390,0,365,20" /><INIT seed="3,0,0,2,4,10" ten="5,220,390,385" oya="3" hai0="13,118,12,27,112,117,85,28,40,133,16,46,47" hai1="31,5,4,68,110,11,38,94,9,98,55,102,114" hai2="95,23,32,83,77,65,58,56,1,116,52,17,91" hai3="115,43,96,113,82,2,34,19,53,54,129,90,84"/><W29/><G129/><T120/><D120/><U81/><E114/><V30/><F1/><W131/><G131/><T87/><D112/><U92/><E68/><V3/><F3/><W111/><G2/><T57/><D118/><U36/><E110/><V130/><F130/><W101/><G111/><T93/><D117/><U62/><E31/><V35/><F116/><W99/><G43/><T109/><D109/><U25/><E25/><V72/><F30/><W76/><G99/><T73/><D73/><U0/><E81/><V48/><F65/><W75/><G29/><T37/><D133/><U14/><E92/><V6/><F6/><W61/><G34/><T51/><D57/><U64/><E64/><V8/><F8/><W108/><G108/><T39/><D93/><U122/><E122/><V63/><F63/><W74/><G19/><T33/><D12/><U45/><E62/><V127/><F58/><W7/><G7/><T121/><D121/><U123/><E123/><V88/><F127/><W15/><G15/><T135/><D135/><U119/><E119/><V69/><F69/><W66/><G113/><T103/><D103/><U124/><E124/><V18/><F18/><W89/><G115/><T59/><D59/><U104/><E104/><V80/><F80/><W21/><G75/><T97/><D97/><U126/><E126/><V20/><F20/><W125/><G21/><T78/><D78/><U24/><E24/><N who="2" m="14447" /><F95/><N who="3" m="58527" /><G125/><T42/><D39/><U60/><E60/><V100/><F100/><W67/><G67/><T106/><D106/><U49/><AGARI ba="0,0" hai="0,4,5,9,11,14,36,38,45,49,55,94,98,102" machi="49" ten="30,2000,0" yaku="0,1,52,1" doraHai="10" who="1" fromWho="1" sc="5,-5,220,20,390,-5,385,-10" /><INIT seed="4,0,0,4,0,51" ten="0,240,385,375" oya="0" hai0="94,50,52,49,86,34,111,42,32,61,36,68,8" hai1="75,129,123,9,95,19,28,101,24,134,98,118,63" hai2="21,79,55,40,0,70,92,88,99,41,100,56,115" hai3="62,20,119,74,66,76,107,91,96,35,38,5,78"/><T83/><D111/><U113/><E118/><V103/><F70/><W59/><G119/><T71/><D94/><U7/><E123/><V106/><F0/><W46/><G35/><T45/><D50/><U81/><E129/><V77/><F115/><W47/><G74/><T25/><D8/><U22/><E113/><V89/><F21/><W93/><G107/><T64/><D68/><U135/><E63/><N who="2" m="36255" /><F106/><W58/><G38/><T57/><D25/><U132/><E75/><V126/><F126/><W69/><G5/><T11/><D11/><U108/><E108/><V29/><F29/><W85/><G69/><T82/><D82/><U130/><E130/><V4/><F4/><W1/><G1/><T80/><D80/><U10/><E81/><V120/><F120/><W114/><G114/><T128/><D128/><U26/><E7/><V87/><F103/><W116/><G116/><T102/><D102/><U33/><E95/><N who="2" m="54687" /><F100/><W121/><G121/><T30/><D30/><N who="1" m="19671" /><E98/><V27/><F27/><W17/><G58/><T90/><AGARI ba="0,0" hai="32,34,36,42,45,49,52,57,61,64,71,83,86,90" machi="90" ten="20,18000,2" yaku="0,1,7,1,24,2,52,1,54,1" doraHai="51" who="0" fromWho="0" sc="0,180,240,-60,385,-60,375,-60" /><INIT seed="4,1,0,2,2,8" ten="180,180,325,315" oya="0" hai0="32,72,73,62,67,124,114,133,115,117,44,57,65" hai1="35,21,78,59,54,107,24,105,106,48,22,82,88" hai2="74,128,16,36,38,37,60,39,80,86,18,84,12" hai3="129,33,87,71,4,126,0,11,19,112,28,47,94"/><T90/><D117/><U97/><E35/><V130/><N who="2" m="9216" /><DORA hai="116" /><V111/><F111/><W25/><G112/><N who="0" m="43051" /><D32/><U110/><E110/><V46/><F46/><W10/><G129/><N who="2" m="49769" /><F60/><W6/><G126/><T5/><D124/><U58/><E58/><V99/><F99/><W96/><G71/><T40/><D133/><U27/><E78/><N who="2" m="44119" /><F18/><W50/><G87/><T89/><D65/><U42/><E42/><V1/><F1/><W9/><G19/><T3/><D3/><U75/><E75/><N who="0" m="28745" /><D5/><U93/><REACH who="1" step="1"/><E82/><REACH who="1" ten="180,170,325,315" step="2"/><V20/><AGARI ba="1,1" hai="12,16,20,84,86" m="44119,49769,9216" machi="20" ten="60,7900,0" yaku="19,1,52,1,54,1" doraHai="8,116" who="2" fromWho="2" sc="180,-40,170,-21,325,92,315,-21" /><INIT seed="5,0,0,5,4,1" ten="140,149,417,294" oya="1" hai0="77,118,16,86,96,93,125,63,65,55,133,85,33" hai1="43,51,58,129,89,103,13,132,104,134,99,53,8" hai2="122,49,42,21,101,59,11,41,4,76,31,62,135" hai3="30,5,27,28,12,47,29,98,6,72,68,60,32"/><U61/><E129/><V46/><F135/><W120/><G120/><T127/><D118/><U57/><E89/><V121/><F101/><W66/><G72/><T79/><D133/><U18/><REACH who="1" step="1"/><E43/><REACH who="1" ten="140,139,417,294" step="2"/><V3/><F42/><W52/><G98/><T73/><D125/><U26/><E26/><V94/><F41/><W81/><G81/><T123/><D127/><U25/><E25/><V126/><F126/><W74/><G74/><T54/><D123/><U2/><E2/><V69/><F3/><W35/><G12/><T100/><D73/><U45/><E45/><V78/><F46/><W113/><G113/><T112/><D112/><U124/><E124/><V48/><F121/><W106/><G27/><T97/><D33/><U108/><E108/><V84/><F122/><W0/><G0/><T24/><D96/><U9/><E9/><V71/><F11/><W116/><G116/><T20/><D85/><U56/><E56/><V128/><F59/><W95/><G35/><T130/><D130/><U110/><E110/><V37/><F84/><W39/><G32/><T17/><D86/><U38/><E38/><V10/><F37/><W115/><G115/><T117/><D117/><U119/><E119/><V83/><F128/><W75/><G75/><T111/><D111/><U64/><AGARI ba="0,1" hai="8,13,18,51,53,57,58,61,64,99,103,104,132,134" machi="64" ten="30,6000,0" yaku="1,1,0,1,53,1" doraHai="1" doraHaiUra="50" who="1" fromWho="1" sc="140,-20,139,70,417,-20,294,-20" /><INIT seed="5,1,0,4,5,64" ten="120,209,397,274" oya="1" hai0="96,111,5,68,35,23,53,128,78,99,86,24,105" hai1="85,101,88,11,41,39,109,18,117,1,37,124,92" hai2="130,2,76,10,47,36,51,38,72,123,29,73,15" hai3="122,21,118,104,70,66,110,20,108,94,14,30,79"/><U75/><E117/><V49/><F2/><W57/><G104/><T3/><D111/><U43/><E109/><V119/><F119/><W7/><G122/><T84/><D35/><U89/><E101/><V98/><F29/><W126/><G126/><T107/><D128/><U26/><E75/><V93/><F51/><W17/><G118/><T91/><D53/><U52/><E124/><V13/><F13/><W12/><G70/><T0/><D68/><U50/><E39/><V97/><F97/><W46/><G79/><T127/><D127/><U62/><E62/><V8/><F8/><W56/><G94/><T9/><D78/><U45/><E37/><V54/><F73/><W90/><G90/><T74/><D74/><U32/><E32/><V116/><F123/><W87/><G87/><T125/><D3/><U65/><E65/><V131/><F116/><W22/><G46/><T82/><D125/><U81/><E1/><V113/><F38/><W134/><G134/><T33/><D33/><U133/><E133/><V112/><F36/><W55/><G30/><T80/><D107/><U34/><E34/><V27/><F76/><W83/><G83/><T69/><D69/><U25/><E25/><V77/><F77/><W106/><G106/><T132/><D105/><U61/><E61/><V115/><F27/><W95/><G110/><T60/><D60/><U129/><E129/><N who="2" m="49163" /><F72/><W31/><G108/><T6/><D6/><U102/><E102/><N who="2" m="60751" /><F113/><W121/><G121/><T40/><D40/><U67/><E41/><V63/><F63/><W58/><G66/><T28/><D132/><RYUUKYOKU ba="1,0" sc="120,15,209,-15,397,15,274,-15" hai0="0,5,9,23,24,28,80,82,84,86,91,96,99" hai2="10,15,47,49,54,112,115" /><INIT seed="6,2,0,3,1,71" ten="135,194,412,259" oya="2" hai0="85,39,4,8,25,19,68,125,120,126,104,101,81" hai1="83,40,93,7,98,107,80,64,27,57,13,23,59" hai2="52,42,66,15,34,2,109,111,11,117,43,127,3" hai3="5,76,124,16,49,115,113,1,35,24,63,78,112"/><V22/><F34/><W0/><G124/><N who="0" m="47723" /><D68/><U48/><E107/><V74/><F74/><W103/><G103/><T105/><D120/><U17/><E64/><V32/><F32/><W12/><G63/><T20/><D101/><U110/><E110/><V118/><F66/><W41/><G78/><N who="0" m="46263" /><D39/><U87/><E87/><V54/><F22/><N who="3" m="11527" /><G76/><T133/><D133/><U47/><E80/><V61/><F127/><W6/><G49/><T92/><D92/><U123/><E83/><V67/><F67/><W58/><G58/><T116/><D116/><U102/><E123/><V31/><F61/><W53/><G53/><T128/><D128/><U97/><REACH who="1" step="1"/><E98/><REACH who="1" ten="135,184,412,259" step="2"/><V88/><F111/><W84/><G84/><T82/><D82/><U60/><E60/><V56/><F109/><W50/><G1/><AGARI ba="2,1" hai="1,4,8,19,20,25,104,105" m="46263,47723" machi="1" ten="30,1000,0" yaku="18,1" doraHai="71" who="0" fromWho="3" sc="135,26,184,0,412,0,259,-16" /><INIT seed="7,0,0,5,1,66" ten="161,184,412,243" oya="3" hai0="48,118,125,89,77,7,19,0,122,135,75,55,132" hai1="47,39,127,22,11,4,44,14,131,73,84,93,3" hai2="128,24,61,10,82,34,124,16,37,15,98,59,60" hai3="69,81,105,133,91,45,85,36,113,130,38,95,100"/><W42/><G130/><T112/><D122/><U107/><E107/><V78/><F37/><W111/><G133/><T43/><D118/><U96/><E73/><V13/><F124/><W72/><G111/><T108/><D108/><U33/><E33/><V54/><F128/><W102/><G38/><T71/><D125/><U1/><E127/><V129/><F129/><W18/><G113/><T20/><D112/><U49/><E39/><V62/><F34/><W126/><G126/><T67/><D43/><U123/><E123/><V26/><F98/><W87/><G72/><T101/><D101/><U114/><E114/><V53/><F15/><W116/><G116/><T23/><D23/><U56/><E131/><V5/><F5/><W119/><G119/><T70/><D67/><U120/><E84/><N who="2" m="48215" /><F54/><W58/><G69/><T12/><D89/><U99/><E120/><V25/><AGARI ba="0,0" hai="10,13,16,24,25,26,53,59,60,61,62" m="48215" machi="25" ten="30,2000,0" yaku="8,1,54,1" doraHai="66" who="2" fromWho="2" sc="161,-5,184,-5,412,20,243,-10" owari="156,-34.0,179,-22.0,432,53.0,233,3.0" /></mjloggm>