<mjloggm ver="2.3"><GO type="169" lobby="0"/><UN n0="%E3%83%88%E3%83%88%E3%83%AA%E5%85%88%E7%94%9F%31%39%E6%AD%B3" n1="%6B%69%6D%38" n2="%E3%81%AE%E3%81%B3%E3%81%97%E3%82%8D%E2%99%82" n3="%E3%83%92%E3%83%AB%E3%83%99%E3%83%AB%E3%83%88" dan="19,16,16,18" rate="2277.40,2042.60,2005.94,2247.88" sx="F,M,M,M"/><TAIKYOKU oya="0"/><INIT seed="0,0,0,5,4,108" ten="250,250,250,250" oya="0" hai0="92,41,101,54,84,22,72,133,58,119,33,74,97" hai1="116,106,135,69,117,110,21,14,93,3,68,51,88" hai2="81,11,7,126,61,80,96,52,65,83,62,128,45" hai3="114,26,113,37,23,9,121,42,31,25,112,115,87"/><T82/><D119/><U34/><E110/><V48/><F128/><W111/><G121/><T122/><D122/><U129/><E3/><V123/><F123/><W47/><G111/><T19/><D33/><U127/><E34/><V36/><F126/><W125/><G125/><T95/><D133/><U70/><E127/><V32/><F32/><W40/><G40/><T76/><D41/><U46/><E129/><V12/><F36/><W57/><G9/><T13/><REACH who="0" step="1"/><D95/><REACH who="0" ten="240,250,250,250" step="2"/><U4/><E135/><V78/><F96/><W91/><G57/><T55/><D55/><U118/><E106/><V1/><F1/><W66/><G66/><T99/><D99/><U109/><E109/><V43/><F43/><W10/><G10/><T56/><D56/><U8/><E21/><V131/><F131/><W64/><G64/><T77/><D77/><U85/><REACH who="1" step="1"/><E117/><REACH who="1" ten="240,240,250,250" step="2"/><V59/><REACH who="2" step="1"/><F62/><AGARI ba="0,2" hai="13,19,22,54,58,62,72,74,76,82,84,92,97,101" machi="62" ten="30,2900,0" yaku="1,1,7,1,53,0" doraHai="108" doraHaiUra="103" who="0" fromWho="2" sc="240,49,240,0,250,-29,250,0" /><INIT seed="0,1,0,5,3,126" ten="289,240,221,250" oya="0" hai0="89,62,88,110,13,53,111,37,76,115,65,116,20" hai1="70,60,77,68,128,26,114,69,44,124,21,92,108" hai2="129,75,86,101,27,105,132,49,87,51,99,50,117" hai3="82,54,4,5,43,122,0,7,40,96,78,80,29"/><T56/><D115/><U133/><E108/><N who="0" m="41513" /><D116/><U94/><E114/><V103/><F75/><W93/><G122/><T57/><D37/><U1/><E124/><V46/><F117/><W15/><G0/><T6/><D76/><U47/><E1/><V97/><F132/><W39/><G39/><T34/><D34/><U18/><E133/><V16/><F129/><W123/><G123/><T48/><D20/><U61/><E128/><V121/><F121/><W127/><G127/><T125/><D125/><U95/><REACH who="1" step="1"/><E77/><REACH who="1" ten="289,230,221,250" step="2"/><V52/><F50/><W17/><G78/><T134/><D134/><U131/><E131/><V38/><F49/><W36/><G36/><T11/><AGARI ba="1,1" hai="6,11,13,48,53,56,57,62,65,88,89" m="41513" machi="11" ten="30,6000,0" yaku="14,1,10,1,54,1" doraHai="126" who="0" fromWho="0" sc="289,73,230,-21,221,-21,250,-21" /><INIT seed="0,2,0,3,3,63" ten="362,209,200,229" oya="0" hai0="52,131,115,109,21,5,8,80,22,134,18,104,43" hai1="126,23,121,24,54,32,51,97,36,61,74,48,106" hai2="13,68,19,128,125,91,105,132,39,99,25,111,47" hai3="72,127,90,103,112,69,102,37,16,89,92,33,116"/><T0/><D115/><U50/><E121/><V135/><F68/><W1/><G37/><T70/><D104/><U133/><E74/><V107/><F25/><W40/><G33/><T81/><D131/><U86/><E32/><V110/><F128/><W100/><G1/><T76/><D134/><N who="2" m="51242" /><F125/><W27/><G40/><T94/><D109/><N who="2" m="41482" /><F91/><W42/><G42/><T62/><D43/><U101/><E133/><V34/><F34/><W12/><G112/><T79/><D94/><U66/><E36/><V64/><F64/><W113/><G113/><T96/><D96/><U49/><E86/><V77/><F77/><W45/><G72/><T122/><D122/><U88/><E88/><V75/><F75/><W38/><G69/><T15/><D79/><U118/><E118/><V11/><F99/><W7/><G116/><T55/><D22/><U57/><E126/><V65/><F65/><W26/><G127/><T44/><D44/><U95/><E106/><N who="2" m="40459" /><F47/><W114/><G90/><T53/><REACH who="0" step="1"/><D76/><REACH who="0" ten="352,209,200,229" step="2"/><U6/><E97/><V3/><F39/><W108/><G38/><T73/><D73/><U78/><E78/><V83/><F83/><W4/><G45/><T71/><D71/><U31/><E101/><V84/><F84/><N who="3" m="52263" /><G114/><T119/><D119/><U9/><E95/><V58/><F58/><W130/><G130/><T120/><D120/><U10/><REACH who="1" step="1"/><E6/><REACH who="1" ten="352,199,200,229" step="2"/><N who="3" m="2090" /><G108/><T98/><D98/><U28/><E28/><V14/><F19/><W20/><AGARI ba="2,2" hai="12,16,20,26,27,100,102,103" m="2090,52263" machi="20" ten="30,2000,0" yaku="8,1,54,1" doraHai="63" who="3" fromWho="3" sc="352,-12,199,-7,200,-7,229,46" /><INIT seed="1,0,0,5,0,109" ten="340,192,193,275" oya="1" hai0="15,89,57,88,41,99,58,74,102,66,97,13,33" hai1="62,125,106,64,90,129,46,43,37,79,14,98,110" hai2="134,51,9,25,119,86,100,34,60,80,127,84,65" hai3="135,29,115,27,76,82,19,59,104,0,40,93,118"/><U32/><E110/><V75/><F134/><W72/><G104/><T38/><D33/><U63/><E32/><V5/><F127/><W112/><G0/><T39/><D66/><U54/><E125/><V3/><F119/><W70/><G70/><T103/><D41/><U113/><E129/><V108/><F108/><W71/><G71/><T45/><D45/><U107/><E79/><V10/><F100/><W28/><G40/><T2/><D2/><U18/><E113/><V36/><F36/><W87/><G29/><T94/><D94/><U67/><E90/><V92/><F92/><W8/><G135/><T95/><D95/><U20/><E98/><V35/><F75/><AGARI ba="0,0" hai="13,15,38,39,57,58,74,75,88,89,97,99,102,103" machi="75" ten="25,3200,0" yaku="22,2,54,1" doraHai="109" who="0" fromWho="2" sc="340,32,192,0,193,-32,275,0" /><INIT seed="2,0,0,1,5,76" ten="372,192,161,275" oya="2" hai0="40,10,75,67,12,110,71,25,107,120,130,87,35" hai1="117,109,14,88,68,69,74,45,28,61,55,46,38" hai2="51,126,92,56,99,60,63,23,29,5,79,83,8" hai3="33,6,52,42,70,27,49,17,53,89,37,15,72"/><V39/><F126/><W123/><G70/><T106/><D120/><U132/><E117/><V21/><F39/><W102/><G102/><T24/><D75/><U62/><E109/><V50/><F63/><W78/><G89/><T122/><D122/><U85/><E74/><V36/><F36/><W54/><G37/><T7/><D110/><U20/><E132/><V3/><F23/><W43/><G123/><T57/><D71/><U9/><E68/><V100/><F29/><W44/><G43/><T77/><D130/><U30/><E69/><V118/><F21/><W73/><G6/><T97/><D40/><U134/><E134/><V98/><F98/><W41/><G41/><T19/><D24/><N who="1" m="16391" /><E30/><V104/><F104/><W93/><G93/><T58/><D35/><U80/><E38/><V124/><F124/><W48/><G48/><T13/><D25/><U101/><E101/><V16/><F16/><W26/><G33/><T135/><D135/><U91/><E91/><V115/><F115/><W2/><G73/><T1/><D1/><U90/><E90/><V114/><F118/><W86/><G72/><T84/><D106/><U81/><E81/><V96/><F96/><W105/><G2/><T116/><D116/><U95/><E95/><V127/><F114/><W111/><G105/><T94/><D107/><U66/><E66/><N who="2" m="39175" /><F127/><W64/><G64/><T131/><D67/><U4/><E61/><V121/><F121/><W47/><G111/><T82/><D97/><U125/><E125/><V103/><F103/><W31/><G31/><T65/><D65/><U112/><E112/><RYUUKYOKU ba="0,0" sc="372,-15,192,15,161,15,275,-15" hai1="4,9,14,45,46,55,62,80,85,88" hai2="3,5,8,50,51,79,83,92,99,100" /><INIT seed="2,1,0,0,2,23" ten="357,207,176,260" oya="2" hai0="97,78,101,110,56,89,118,76,43,2,17,95,85" hai1="9,113,74,64,108,80,20,29,111,18,5,79,120" hai2="124,27,22,114,65,112,57,54,25,36,69,121,50" hai3="90,41,1,34,109,45,84,10,105,63,59,104,100"/><V39/><F121/><W14/><G1/><T126/><D2/><U77/><E113/><V127/><F65/><W116/><G116/><T35/><D118/><U117/><E117/><V98/><F69/><W71/><G34/><T37/><D110/><N who="1" m="42027" /><E120/><V86/><F98/><W11/><G71/><T33/><D126/><N who="2" m="48170" /><F86/><W91/><G109/><T53/><D33/><U21/><E64/><V83/><F83/><W13/><G100/><T46/><D17/><U102/><E102/><V32/><F32/><W99/><G99/><T72/><D35/><U107/><E107/><V82/><F82/><W26/><G59/><T19/><D19/><U131/><E80/><V87/><F87/><W51/><G84/><T55/><D72/><U4/><E74/><V28/><F27/><W128/><G26/><T122/><D122/><U38/><E38/><AGARI ba="1,0" hai="22,25,28,36,38,39,50,54,57,112,114" m="48170" machi="38" ten="30,2900,0" yaku="18,1,52,1" doraHai="23" who="2" fromWho="1" sc="357,0,207,-32,176,32,260,0" /><INIT seed="2,2,0,0,1,22" ten="357,175,208,260" oya="2" hai0="16,24,45,78,121,132,23,14,131,20,117,79,68" hai1="133,59,21,123,33,92,93,0,12,106,60,38,28" hai2="115,128,6,100,129,101,135,122,116,66,83,113,55" hai3="34,97,94,10,1,69,8,63,53,91,109,44,80"/><V7/><F122/><W77/><G109/><T11/><D121/><U29/><E123/><V48/><F116/><W130/><G130/><N who="2" m="50281" /><F66/><W96/><G34/><T50/><D68/><U89/><E106/><V110/><F83/><W88/><G69/><T118/><D132/><U40/><E38/><V87/><F87/><W75/><G1/><T99/><D131/><U42/><E0/><V90/><F90/><W112/><G112/><N who="2" m="43081" /><F135/><W125/><G125/><T74/><D99/><U31/><E133/><V35/><F35/><W76/><G76/><T37/><D37/><U62/><E33/><V107/><F110/><W67/><G67/><T103/><D103/><N who="2" m="39498" /><F107/><W18/><G18/><N who="0" m="12407" /><D74/><U25/><E92/><V81/><F81/><W13/><G91/><T56/><D118/><U30/><E12/><V134/><F134/><W71/><G97/><T65/><D117/><U3/><E3/><V36/><F36/><W102/><G102/><T17/><D65/><N who="1" m="39071" /><E62/><V104/><F104/><W43/><G71/><T61/><D61/><U49/><E49/><V124/><F124/><W114/><G114/><T51/><D51/><U57/><E57/><AGARI ba="2,0" hai="6,7,48,55,57" m="39498,43081,50281" machi="57" ten="30,1500,0" yaku="19,1" doraHai="22" who="2" fromWho="1" sc="357,0,175,-21,208,21,260,0" /><INIT seed="2,3,0,2,3,93" ten="357,154,229,260" oya="2" hai0="13,111,118,74,116,79,109,82,41,84,86,89,112" hai1="34,38,0,25,97,110,133,83,132,113,91,11,28" hai2="129,54,88,66,9,106,17,55,43,75,122,108,45" hai3="7,70,58,121,60,87,48,68,27,96,85,20,1"/><V104/><F122/><W22/><G121/><T101/><D41/><U51/><E38/><V4/><F129/><W76/><G48/><T80/><D13/><U72/><E113/><V77/><F108/><N who="0" m="41546" /><D112/><U114/><E114/><V105/><F17/><W52/><G1/><T56/><D56/><U3/><E110/><V26/><F26/><W15/><G70/><T99/><D74/><U61/><E51/><V57/><F66/><W126/><G126/><T131/><D131/><U81/><E61/><V62/><F55/><W73/><G68/><T36/><D36/><U115/><E115/><V94/><F77/><W130/><G130/><T92/><AGARI ba="3,0" hai="79,80,82,84,86,89,92,99,101,116,118" m="41546" machi="92" ten="30,7900,0" yaku="14,1,34,2,52,1" doraHai="93" who="0" fromWho="0" sc="357,88,154,-23,229,-42,260,-23" /><INIT seed="3,0,0,5,0,38" ten="445,131,187,237" oya="3" hai0="112,132,95,1,106,4,41,110,134,5,124,39,131" hai1="98,116,67,75,3,48,44,56,84,14,31,92,7" hai2="16,58,63,115,91,65,37,87,55,135,22,64,80" hai3="30,79,19,94,36,133,129,103,6,54,25,57,119"/><W45/><G119/><T59/><D106/><U33/><E75/><V9/><F135/><N who="0" m="51754" /><D110/><U123/><E123/><V114/><F37/><W43/><G133/><T11/><D131/><U42/><E116/><V122/><F122/><W86/><G129/><T77/><D124/><U105/><E3/><V118/><F118/><W15/><G6/><N who="0" m="1487" /><D112/><U82/><E105/><V125/><F125/><W81/><G103/><T107/><D107/><U71/><E71/><V104/><F104/><W73/><G94/><T89/><D77/><N who="1" m="46159" /><E33/><V130/><F130/><W47/><G73/><T18/><D18/><U126/><E126/><V76/><F9/><W127/><G47/><N who="0" m="23999" /><D59/><U72/><E72/><V0/><F0/><W49/><G127/><T102/><D102/><N who="1" m="60743" /><E31/><V109/><F109/><W10/><G30/><T50/><D50/><U46/><E46/><V52/><F55/><W26/><AGARI ba="0,0" hai="10,15,19,25,26,36,43,45,49,54,57,79,81,86" machi="26" ten="30,3000,0" yaku="0,1,52,1" doraHai="38" who="3" fromWho="3" sc="445,-10,131,-10,187,-10,237,30" /><INIT seed="3,1,0,3,1,43" ten="435,121,177,267" oya="3" hai0="86,28,115,46,111,121,78,63,96,93,41,73,34" hai1="5,72,21,87,79,22,94,23,29,31,69,64,11" hai2="129,36,55,40,98,100,53,57,95,135,127,16,67" hai3="108,130,30,56,35,49,39,68,106,119,99,61,109"/><W103/><G119/><T37/><D121/><U70/><E72/><V123/><F135/><W58/><G39/><T97/><D73/><U91/><E79/><V120/><F129/><W7/><G130/><T107/><D107/><U1/><REACH who="1" step="1"/><E64/><REACH who="1" ten="435,111,177,267" step="2"/><V8/><F67/><N who="3" m="41071" /><G7/><T17/><D78/><U9/><E9/><V47/><F127/><W83/><G83/><T0/><D115/><U113/><E113/><V124/><F124/><W117/><G117/><T128/><D128/><U88/><E88/><V131/><F131/><W4/><G4/><T114/><D114/><U76/><E76/><V133/><F8/><W52/><G35/><T6/><D34/><U10/><E10/><V38/><F123/><W45/><G30/><AGARI ba="1,1" hai="1,5,11,21,22,23,29,30,31,69,70,87,91,94" machi="30" ten="40,1300,0" yaku="1,1,53,0" doraHai="43" doraHaiUra="134" who="1" fromWho="3" sc="435,0,111,26,177,0,267,-16" /><INIT seed="4,0,0,3,5,82" ten="435,137,177,251" oya="0" hai0="91,77,11,16,6,43,104,108,102,26,41,99,60" hai1="75,53,44,131,67,135,17,127,35,52,8,124,49" hai2="126,128,0,120,116,96,46,38,22,10,123,47,56" hai3="15,36,130,98,64,57,65,93,37,19,125,103,118"/><T88/><D108/><U55/><E75/><V106/><F128/><W79/><G118/><T92/><D77/><U117/><E35/><V95/><F106/><W122/><G130/><T109/><D109/><U71/><E131/><V83/><F126/><N who="1" m="48169" /><E8/><V50/><F56/><W1/><G1/><T129/><D129/><U74/><E17/><V86/><F38/><W112/><G125/><T105/><D105/><U119/><E74/><V9/><F47/><W113/><G122/><T107/><D107/><U14/><E14/><V39/><F39/><N who="3" m="14923" /><G57/><T78/><D78/><U114/><E135/><V59/><F59/><W80/><G19/><T115/><D60/><N who="1" m="40423" /><E114/><N who="3" m="44138" /><G15/><N who="0" m="5623" /><D104/><U27/><E27/><V58/><F58/><W111/><G111/><T20/><D115/><U97/><E97/><V87/><F0/><W66/><G66/><T24/><D24/><U42/><AGARI ba="0,0" hai="42,44,49,52,53,55,117,119" m="40423,48169" machi="42" ten="30,7900,0" yaku="18,1,34,2,54,1" doraHai="82" who="1" fromWho="1" sc="435,-39,137,79,177,-20,251,-20" /><INIT seed="5,0,0,5,3,111" ten="396,216,157,231" oya="1" hai0="123,82,90,51,55,48,87,119,46,92,75,52,41" hai1="104,19,34,72,76,32,118,8,96,2,42,13,106" hai2="54,73,67,50,14,61,89,53,30,6,1,27,66" hai3="114,100,134,26,108,33,25,99,5,101,80,124,57"/><U60/><E118/><V3/><F73/><W36/><G108/><T125/><D119/><U65/><E2/><V17/><F6/><W120/><G36/><T112/><D112/><U115/><E115/><V93/><F67/><W0/><G120/><T39/><D125/><U126/><E126/><V58/><F53/><W102/><G114/><T132/><D132/><U64/><E42/><V113/><F113/><W74/><G124/><T78/><D123/><U98/><E72/><V44/><F14/><W88/><G0/><T49/><AGARI ba="0,0" hai="39,41,46,48,49,51,52,55,75,78,82,87,90,92" machi="49" ten="30,2000,0" yaku="0,1,54,1" doraHai="111" who="0" fromWho="0" sc="396,20,216,-10,157,-5,231,-5" /><INIT seed="6,0,0,5,1,116" ten="416,206,152,226" oya="2" hai0="48,51,79,7,110,0,46,37,111,133,90,28,121" hai1="74,127,113,66,12,124,112,41,60,2,11,92,135" hai2="26,131,82,81,85,119,126,125,118,32,31,103,123" hai3="114,132,36,16,75,100,101,55,65,56,8,5,64"/><V45/><F131/><W91/><G75/><T40/><D121/><U84/><E74/><V122/><F103/><N who="3" m="39499" /><G36/><T1/><D133/><U129/><E2/><V102/><F102/><W70/><G70/><T20/><D79/><U97/><E135/><V106/><F106/><W134/><G132/><T68/><D68/><N who="1" m="42055" /><E84/><V107/><F107/><W78/><G114/><N who="1" m="44138" /><E41/><V104/><F104/><W3/><G3/><T95/><D20/><U49/><E49/><V38/><F82/><W86/><G5/><T99/><D90/><N who="1" m="55447" /><E129/><V27/><F27/><W50/><G78/><T108/><D28/><U33/><E33/><V117/><F45/><W6/><G6/><AGARI ba="0,0" hai="6,11,12,124,127" m="55447,44138,42055" machi="6" ten="30,1000,0" yaku="15,1" doraHai="116" who="1" fromWho="3" sc="416,0,206,10,152,0,226,-10" /><INIT seed="7,0,0,2,4,47" ten="416,216,152,216" oya="3" hai0="1,28,104,0,36,31,52,6,111,39,106,124,9" hai1="80,24,95,126,30,40,32,26,60,132,34,23,14" hai2="21,105,20,51,66,17,83,16,131,73,12,37,35" hai3="57,68,122,76,119,78,48,115,41,46,93,49,58"/><W114/><G119/><T27/><D111/><U61/><E126/><V19/><F131/><W118/><G118/><T50/><D124/><U43/><E132/><V70/><F37/><W8/><G68/><T98/><D1/><U85/><E95/><V133/><F133/><W101/><G122/><T96/><D31/><U112/><E112/><N who="3" m="43050" /><G8/><T7/><D7/><U75/><E75/><V103/><F35/><W94/><G58/><T92/><D98/><U53/><E32/><V42/><F70/><W38/><G57/><T109/><D109/><U90/><E14/><V117/><F117/><W123/><G123/><T120/><D120/><U110/><E110/><V87/><F73/><W79/><G94/><T2/><D2/><U134/><E134/><V11/><F66/><W116/><G116/><T100/><D106/><U127/><E127/><V3/><F3/><W125/><G125/><T29/><D104/><U107/><E107/><V55/><F42/><W121/><G121/><T22/><D29/><U74/><E74/><V113/><F113/><W4/><G4/><T82/><D82/><U84/><E43/><V15/><F103/><W18/><G18/><N who="2" m="7273" /><F15/><W64/><G64/><T62/><D62/><N who="1" m="24171" /><E40/><V77/><F105/><W10/><G10/><T86/><D9/><U97/><E53/><V59/><F77/><W135/><G135/><T69/><D6/><U71/><E71/><V65/><F65/><W72/><G72/><T128/><D92/><N who="1" m="56471" /><E80/><V91/><AGARI ba="0,0" hai="11,12,19,20,21,51,55,59,83,87,91" m="7273" machi="91" ten="30,4000,0" yaku="8,1,52,1,54,1" doraHai="47" who="2" fromWho="2" sc="416,-10,216,-10,152,40,216,-20" owari="406,50.0,206,1.0,192,-31.0,196,-20.0" /></mjloggm>