<mjloggm ver="2.3"><GO type="225" lobby="0"/><UN n0="%E3%82%A6%E3%83%AB%E3%83%88%E3%83%A9%E7%AB%8B%E7%9B%B4" n1="%E3%82%AB%E3%83%A9%E3%82%B9%E3%81%AE%E5%AD%90" n2="%E3%81%A9%E3%82%93%E3%82%88%E3%81%8F%4D%6B%2E%32" n3="%E3%83%9B%E3%83%B3%E3%82%A4%E3%83%84%E5%8E%A8" dan="17,16,16,17" rate="2140.23,2083.67,2189.29,2205.42" sx="M,M,M,M"/><TAIKYOKU oya="0"/><INIT seed="0,0,0,2,1,88" ten="250,250,250,250" oya="0" hai0="8,128,90,97,44,78,36,132,94,60,31,61,65" hai1="105,125,11,6,93,95,134,18,87,109,69,13,76" hai2="49,77,101,16,130,26,103,1,58,102,59,106,75" hai3="57,19,70,82,112,68,117,96,84,119,113,7,135"/><T48/><D128/><U111/><E105/><V108/><F1/><W4/><G57/><T12/><D132/><U43/><E134/><V99/><F130/><W21/><G135/><T107/><D36/><U122/><E122/><V73/><F108/><N who="1" m="41545" /><E69/><V10/><F77/><W71/><G96/><T20/><D107/><U30/><E125/><V104/><F49/><W123/><G123/><T35/><D35/><U62/><E62/><V118/><F118/><W29/><G29/><T53/><D78/><U98/><E98/><V86/><F86/><W39/><G39/><T28/><D20/><N who="1" m="11343" /><E43/><V120/><F120/><W54/><G70/><T66/><D61/><U22/><E22/><V17/><F102/><W92/><G21/><T25/><D25/><U45/><E45/><V126/><F10/><W129/><G129/><T27/><D27/><U0/><E30/><N who="0" m="11305" /><D60/><U56/><E56/><V124/><F99/><W33/><G33/><T63/><D63/><U14/><E0/><V24/><AGARI ba="0,0" hai="16,17,24,26,58,59,73,75,101,103,104,106,124,126" machi="24" ten="25,6400,0" yaku="0,1,22,2,54,1" doraHai="88" who="2" fromWho="2" sc="250,-32,250,-16,250,64,250,-16" /><INIT seed="1,0,0,2,1,100" ten="218,234,314,234" oya="1" hai0="64,28,20,93,82,40,70,29,89,108,97,67,31" hai1="124,133,25,10,4,110,118,35,73,74,130,127,39" hai2="76,109,51,33,2,131,94,98,1,45,62,65,121" hai3="104,103,14,38,0,122,117,99,13,23,95,37,80"/><U91/><E118/><V24/><F121/><W111/><G0/><T48/><D108/><U87/><E110/><V83/><F109/><W60/><G122/><T132/><D132/><U120/><E120/><V105/><F131/><W66/><G111/><T128/><D128/><U112/><E39/><V47/><F47/><W54/><G54/><T81/><D20/><U17/><E112/><V5/><F5/><W77/><G95/><T92/><D70/><U6/><E130/><V78/><F78/><W42/><G117/><T69/><D69/><U63/><E133/><V3/><F51/><W72/><G42/><T86/><D40/><U53/><E35/><V101/><F45/><W55/><G55/><T18/><D18/><U16/><E74/><N who="2" m="43415" /><F94/><W88/><G88/><N who="0" m="55463" /><D48/><U113/><E73/><V71/><F1/><W22/><G22/><T32/><D32/><U115/><E25/><V58/><F58/><W134/><G134/><T56/><D56/><N who="1" m="35215" /><E115/><V61/><F61/><W41/><G41/><T85/><D82/><N who="1" m="49655" /><E113/><V49/><F49/><W119/><G119/><T19/><D19/><N who="1" m="7243" /><E10/><V46/><F46/><W8/><G8/><T36/><D36/><U44/><E44/><V27/><F27/><W11/><G23/><T106/><D106/><U125/><AGARI ba="0,0" hai="4,6,124,125,127" m="7243,49655,35215" machi="125" ten="40,3900,0" yaku="18,1,54,1" doraHai="100" who="1" fromWho="1" sc="218,-13,234,39,314,-13,234,-13" /><INIT seed="1,1,0,0,5,71" ten="205,273,301,221" oya="1" hai0="79,55,91,21,17,62,28,63,78,133,118,7,25" hai1="104,27,37,126,120,119,97,75,116,39,92,76,6" hai2="9,24,114,33,1,69,82,106,12,95,100,111,132" hai3="94,67,20,70,10,18,80,85,8,19,2,123,22"/><U77/><E120/><V14/><F106/><W35/><G94/><T59/><D118/><U30/><E104/><V89/><F69/><W23/><G67/><T131/><D131/><U3/><E126/><V68/><F68/><W83/><G70/><T113/><D113/><U81/><E77/><V52/><F132/><W31/><G85/><T16/><D133/><U11/><E92/><V46/><F111/><W54/><G54/><T60/><D7/><U128/><E97/><V90/><F1/><W29/><G83/><T88/><D17/><N who="3" m="6153" /><G80/><T13/><D79/><U45/><E128/><V50/><F114/><W134/><G134/><T84/><D78/><U115/><E115/><V38/><F82/><W121/><G35/><T110/><D110/><U129/><E129/><V0/><F38/><N who="1" m="14345" /><E45/><V108/><F108/><W105/><G105/><T74/><D74/><U130/><E130/><V43/><F43/><W34/><G34/><AGARI ba="1,0" hai="3,6,11,27,30,34,75,76,81,116,119" m="14345" machi="34" ten="30,11600,0" yaku="23,1,52,3" doraHai="71" who="1" fromWho="3" sc="205,0,273,119,301,0,221,-119" /><INIT seed="1,2,0,3,0,45" ten="205,392,301,102" oya="1" hai0="130,40,84,58,104,126,4,62,22,108,28,122,88" hai1="19,17,101,96,119,64,95,18,114,13,24,85,132" hai2="12,44,91,123,120,5,33,74,81,61,50,9,0" hai3="135,7,117,89,38,29,11,113,20,15,128,6,3"/><U118/><E114/><V129/><F129/><W121/><G117/><T56/><D104/><U63/><E132/><V98/><F33/><W26/><G38/><T27/><D130/><U2/><E2/><V31/><F31/><W71/><G89/><T100/><D100/><U80/><E24/><V105/><F61/><W78/><G78/><T79/><D79/><U131/><E131/><V90/><F74/><W68/><G71/><T72/><D72/><U82/><E119/><V47/><F47/><W54/><G54/><T86/><D108/><U42/><E118/><V66/><F66/><W59/><G59/><T110/><D110/><U21/><E42/><V115/><F115/><W111/><G68/><T8/><D40/><U69/><REACH who="1" step="1"/><E82/><REACH who="1" ten="205,382,301,102" step="2"/><V94/><F0/><W73/><G111/><T57/><D122/><U109/><E109/><V52/><F105/><W60/><G113/><T36/><D27/><U37/><E37/><V34/><F34/><W125/><G26/><T1/><D36/><U30/><E30/><V70/><REACH who="2" step="1"/><F70/><REACH who="2" ten="205,382,291,102" step="2"/><W67/><G29/><T102/><D28/><U116/><E116/><V75/><F75/><W49/><G73/><T134/><D1/><U53/><E53/><V25/><F25/><W46/><G3/><T106/><D106/><U133/><E133/><V51/><F51/><W87/><G49/><T32/><D134/><U14/><E14/><V112/><F112/><W16/><G15/><T77/><D62/><U99/><E99/><V103/><F103/><W10/><G60/><T43/><D102/><U124/><E124/><V23/><F23/><RYUUKYOKU ba="2,2" sc="205,-15,382,15,291,15,102,-15" hai1="13,17,18,19,21,63,64,69,80,85,95,96,101" hai2="5,9,12,44,50,52,81,90,91,94,98,120,123" /><INIT seed="1,3,2,0,4,68" ten="190,397,306,87" oya="1" hai0="57,76,3,135,9,61,24,111,2,28,23,40,26" hai1="84,5,72,34,25,71,17,83,60,62,101,15,69" hai2="37,78,47,108,44,18,105,70,80,107,31,81,53" hai3="106,112,41,33,56,66,59,19,11,126,32,119,87"/><U10/><E72/><V8/><F70/><W65/><G112/><T88/><D76/><U86/><E71/><V55/><F31/><W125/><G106/><T109/><D40/><U64/><E62/><V67/><F67/><W124/><G41/><T122/><D135/><U79/><E101/><V13/><F108/><N who="0" m="41546" /><D122/><U93/><E93/><V46/><F37/><W89/><G119/><T74/><D74/><U82/><E34/><N who="3" m="13418" /><G65/><N who="0" m="39087" /><D9/><U0/><E25/><V63/><F81/><N who="3" m="49391" /><G66/><T21/><D88/><U43/><E43/><V27/><F27/><W95/><G95/><T128/><D128/><U116/><E116/><V30/><F30/><AGARI ba="3,2" hai="2,3,21,23,24,26,28,30" m="39087,41546" machi="30" ten="30,1000,0" yaku="14,1" doraHai="68" who="0" fromWho="2" sc="190,39,397,0,306,-19,87,0" /><INIT seed="2,0,0,2,0,45" ten="229,397,287,87" oya="2" hai0="75,120,1,32,36,114,31,40,77,53,79,96,111" hai1="78,17,55,25,61,33,18,135,37,51,30,20,66" hai2="63,22,81,93,21,56,128,64,3,125,113,69,16" hai3="12,4,9,72,46,28,23,73,48,98,110,39,88"/><V58/><F113/><W92/><G39/><T47/><D120/><U13/><E37/><V100/><F3/><W35/><G35/><T14/><D114/><U133/><E78/><V65/><F125/><W82/><G110/><T126/><D111/><U24/><E24/><V101/><F128/><W10/><G10/><T106/><D126/><U99/><E18/><V83/><F69/><W67/><G67/><T44/><D1/><U107/><E99/><V103/><F93/><W49/><G73/><T97/><D32/><U26/><E107/><V123/><F123/><W134/><G72/><T87/><D31/><U89/><E89/><V130/><F130/><W0/><G134/><N who="1" m="51210" /><E30/><V76/><F76/><W104/><G104/><T54/><D75/><U52/><E55/><V42/><F42/><W115/><G115/><T34/><D34/><U7/><E7/><V132/><F132/><W27/><G46/><T41/><D87/><U117/><E33/><V95/><F95/><W85/><REACH who="3" step="1"/><G0/><REACH who="3" ten="229,397,287,77" step="2"/><T60/><D36/><U74/><E74/><V43/><F22/><W109/><G109/><T91/><D106/><U71/><E117/><V122/><F122/><W84/><G84/><T131/><D47/><AGARI ba="0,1" hai="13,17,20,25,26,47,51,52,61,66,71" m="51210" machi="47" ten="30,3900,0" yaku="20,1,52,1,54,1" doraHai="45" who="1" fromWho="0" sc="229,-39,397,49,287,0,77,0" /><INIT seed="3,0,0,0,4,63" ten="190,446,287,77" oya="3" hai0="20,84,125,13,64,94,100,61,31,77,50,88,67" hai1="93,36,85,37,12,58,130,19,98,52,106,126,42" hai2="29,90,33,79,92,82,102,104,11,47,10,135,74" hai3="110,8,43,28,89,6,69,0,3,34,72,35,118"/><W109/><G72/><T41/><D125/><U21/><E126/><V111/><F135/><W73/><G69/><T55/><D77/><U18/><E130/><V23/><F33/><N who="3" m="12299" /><G73/><T129/><D129/><U133/><E133/><V32/><F32/><W123/><G43/><T127/><D127/><U30/><E30/><V60/><F47/><W105/><G89/><T1/><D1/><N who="3" m="585" /><G105/><T132/><D132/><U66/><E42/><V96/><F60/><W114/><G123/><T113/><D113/><U22/><E106/><V121/><F121/><W56/><G56/><N who="0" m="34975" /><D100/><N who="1" m="60495" /><E37/><V115/><F115/><W70/><G70/><T7/><D7/><U24/><E36/><V75/><F75/><W76/><G76/><T44/><D13/><U15/><E85/><V117/><F104/><W112/><G118/><T27/><AGARI ba="0,0" hai="20,27,31,41,44,50,64,67,84,88,94" m="34975" machi="27" ten="30,7900,0" yaku="8,1,52,2,54,1" doraHai="63" who="0" fromWho="0" sc="190,79,446,-20,287,-20,77,-39" owari="269,7.0,426,52.0,267,-13.0,38,-46.0" /></mjloggm>