<mjloggm ver="2.3"><GO type="169" lobby="0"/><UN n0="%44%53%43" n1="%69%74%61%6C%69%61%6E" n2="%69%6E%66%6F%31%32%33" n3="%E3%82%A6%E3%83%AB%E3%83%88%E3%83%A9%E7%AB%8B%E7%9B%B4" dan="17,16,16,17" rate="2124.20,2072.47,2062.12,2177.72" sx="F,M,M,M"/><TAIKYOKU oya="0"/><INIT seed="0,0,0,5,5,66" ten="250,250,250,250" oya="0" hai0="61,14,18,20,21,2,13,116,83,24,0,26,96" hai1="17,6,95,81,29,74,16,3,50,76,97,65,105" hai2="123,28,71,48,11,111,15,45,130,80,1,78,69" hai3="92,129,132,93,23,62,79,102,91,75,135,113,43"/><T104/><D83/><U120/><E105/><V49/><F123/><W67/><G113/><T46/><D46/><U56/><E29/><V89/><F1/><N who="0" m="618" /><D61/><U94/><E120/><V82/><F111/><W57/><G43/><T90/><D90/><U73/><E73/><V127/><F127/><W84/><G79/><T9/><D96/><U36/><E36/><V54/><F130/><W47/><G75/><T39/><D104/><U32/><E32/><V126/><F28/><W8/><G47/><T5/><D39/><U33/><E33/><V112/><F126/><W99/><G129/><T125/><D125/><U51/><E51/><V27/><F27/><N who="0" m="10282" /><D116/><U86/><E74/><V110/><F110/><W42/><G42/><T72/><D72/><U106/><E106/><V10/><F82/><W101/><G101/><T115/><D115/><U41/><E6/><V30/><F78/><W7/><G102/><T37/><D37/><U121/><E3/><V114/><F49/><W98/><G93/><N who="1" m="35338" /><E121/><V70/><F30/><W60/><G98/><T108/><D108/><U25/><E97/><V64/><F64/><W68/><G99/><T100/><D100/><U131/><E131/><V85/><REACH who="2" step="1"/><F10/><AGARI ba="0,0" hai="5,9,10,13,14,18,20,21" m="10282,618" machi="10" ten="30,12000,1" yaku="35,5" doraHai="66" who="0" fromWho="2" sc="250,120,250,0,250,-120,250,0" /><INIT seed="0,1,0,2,3,1" ten="370,250,130,250" oya="0" hai0="67,16,2,75,107,55,12,130,47,124,86,35,89" hai1="82,125,51,5,104,121,71,132,111,96,66,45,120" hai2="36,92,88,76,14,50,87,109,85,84,46,122,57" hai3="108,48,131,97,10,20,134,33,56,26,78,103,42"/><T22/><D75/><U19/><E111/><V90/><F109/><W133/><G33/><T3/><D107/><U4/><E125/><V60/><F36/><W29/><G108/><T43/><D35/><U113/><E132/><V119/><F122/><W77/><G131/><T23/><D124/><U65/><E82/><V99/><F119/><W95/><G134/><T8/><D130/><U32/><E32/><V70/><F70/><W13/><G133/><T30/><D67/><U118/><E118/><V79/><F14/><W38/><G38/><T115/><D115/><U93/><E104/><V80/><F79/><W73/><G73/><T44/><D44/><U58/><E113/><V81/><F76/><W28/><G28/><T52/><D3/><U37/><E71/><V11/><F11/><W0/><G0/><T110/><D110/><U100/><E37/><V114/><F114/><W34/><G34/><T128/><D128/><U63/><E66/><N who="2" m="39183" /><F81/><W41/><G41/><AGARI ba="1,0" hai="41,46,50,80,84,85,87,88,90,92,99" m="39183" machi="41" ten="30,2000,0" yaku="8,1,54,1" doraHai="1" who="2" fromWho="3" sc="370,0,250,0,130,23,250,-23" /><INIT seed="1,0,0,4,3,11" ten="370,250,153,227" oya="1" hai0="103,72,38,24,52,7,16,99,43,60,69,47,135" hai1="91,83,98,51,80,116,126,34,79,0,124,71,14" hai2="120,46,44,85,70,117,29,105,58,128,35,30,133" hai3="97,100,18,27,26,81,8,88,6,68,63,75,107"/><U13/><E0/><V93/><F105/><W48/><G48/><T39/><D72/><U111/><E116/><V134/><F70/><W78/><G18/><T125/><D7/><U101/><E34/><V76/><F120/><W109/><G109/><T3/><D3/><U17/><E71/><V41/><F117/><W57/><G68/><T115/><D115/><U4/><E111/><V12/><F128/><W82/><G82/><T23/><D135/><U90/><E4/><V37/><F58/><W87/><G78/><T118/><D118/><U127/><E17/><V33/><F76/><W54/><REACH who="3" step="1"/><G75/><REACH who="3" ten="370,250,153,217" step="2"/><T62/><D69/><U40/><E51/><V92/><F37/><W114/><G114/><T15/><D39/><U108/><E108/><V59/><F41/><W66/><G66/><T42/><D43/><U64/><E40/><V32/><F134/><W121/><G121/><T95/><D42/><U96/><E64/><V129/><F133/><W21/><G21/><N who="0" m="11423" /><D38/><U67/><E67/><V84/><F33/><W50/><G50/><N who="0" m="28767" /><D125/><U61/><E61/><V53/><F32/><W119/><G119/><T77/><D77/><U102/><E79/><V49/><F35/><W113/><G113/><T1/><D1/><AGARI ba="0,1" hai="1,6,8,26,27,54,57,63,81,87,88,97,100,107" machi="1" ten="30,3900,0" yaku="1,1,7,1,54,1,53,0" doraHai="11" doraHaiUra="74" who="3" fromWho="0" sc="370,-39,250,0,153,0,217,49" /><INIT seed="2,0,0,3,4,115" ten="331,250,153,266" oya="2" hai0="73,122,107,81,7,3,37,14,126,128,72,55,97" hai1="53,101,80,57,86,56,6,20,94,46,121,74,100" hai2="102,60,123,95,65,18,17,85,133,106,87,120,99" hai3="9,64,131,75,77,11,16,28,62,67,29,90,116"/><V82/><F133/><W132/><G132/><T134/><D14/><U48/><E121/><V50/><F123/><W42/><G131/><T135/><D55/><U61/><E74/><V24/><F120/><W91/><G77/><T104/><D122/><U114/><E114/><V38/><F38/><W41/><G62/><T35/><D128/><U13/><E56/><V109/><F109/><W92/><G92/><T70/><D126/><U33/><E33/><V39/><F39/><W118/><REACH who="3" step="1"/><G16/><REACH who="3" ten="331,250,153,256" step="2"/><T89/><D134/><U79/><E94/><V21/><F17/><W40/><G40/><T68/><D135/><U125/><E125/><V4/><F4/><W2/><G2/><T25/><D7/><U88/><E79/><V108/><F108/><W22/><G22/><T83/><D3/><U47/><E20/><V98/><F82/><W127/><G127/><T32/><D81/><U43/><REACH who="1" step="1"/><E47/><REACH who="1" ten="331,240,153,256" step="2"/><V112/><F112/><W124/><G124/><T59/><D35/><U36/><E36/><V111/><F111/><W1/><G1/><T49/><D37/><U51/><E51/><V0/><F50/><W12/><G12/><T31/><D32/><U103/><E103/><V119/><F0/><W63/><G63/><T45/><D49/><U117/><E117/><V27/><F119/><W30/><G30/><T26/><D45/><U54/><E54/><V52/><F52/><W84/><G84/><T93/><D31/><U105/><E105/><V78/><F78/><W69/><G69/><T113/><D70/><U8/><AGARI ba="0,2" hai="6,8,13,43,46,48,53,57,61,80,86,88,100,101" machi="8" ten="30,7900,0" yaku="1,1,0,1,8,1,54,1,53,0" doraHai="115" doraHaiUra="23" who="1" fromWho="1" sc="331,-20,240,99,153,-39,256,-20" /><INIT seed="3,0,0,3,2,13" ten="311,339,114,236" oya="3" hai0="16,96,105,89,69,65,83,106,82,117,68,85,49" hai1="41,14,111,121,29,103,115,18,45,53,131,74,15" hai2="129,128,70,102,55,87,56,21,35,17,9,38,6" hai3="57,108,61,3,90,54,72,92,24,125,98,64,99"/><W120/><G120/><T67/><D117/><U37/><E121/><V32/><F70/><W95/><G125/><T11/><D68/><U76/><E115/><V119/><F38/><W50/><G3/><T33/><D33/><U113/><E113/><V44/><F44/><W75/><G108/><T27/><D105/><U104/><E111/><V46/><F46/><W2/><G2/><T78/><D106/><U36/><E29/><V126/><F102/><W133/><G133/><T101/><D69/><U40/><E131/><N who="2" m="50251" /><F87/><W12/><G12/><N who="0" m="7199" /><D27/><U88/><E103/><V112/><F112/><W110/><G24/><T48/><D101/><U7/><E104/><V114/><F114/><W91/><REACH who="3" step="1"/><G110/><REACH who="3" ten="311,339,114,226" step="2"/><T63/><D78/><U51/><E76/><V79/><F79/><W1/><G1/><T73/><D73/><U58/><E74/><V97/><F126/><W31/><G31/><T71/><D71/><AGARI ba="0,1" hai="50,54,57,61,64,71,72,75,90,91,92,95,98,99" machi="71" ten="30,5800,0" yaku="1,1,7,1,9,1,53,0" doraHai="13" doraHaiUra="25" who="3" fromWho="0" sc="311,-58,339,0,114,0,226,68" /><INIT seed="3,1,0,5,1,68" ten="253,339,114,294" oya="3" hai0="22,128,107,23,13,111,20,100,67,38,42,127,47" hai1="31,93,85,125,130,110,52,99,92,104,91,97,14" hai2="45,66,11,37,129,80,3,113,74,64,103,32,48" hai3="10,62,77,18,15,7,59,8,83,124,84,44,30"/><W126/><G30/><T16/><D111/><U72/><E110/><V50/><F32/><W35/><G35/><T69/><D128/><U33/><E125/><V121/><F103/><W88/><G44/><T54/><D127/><U49/><E130/><V122/><F129/><W2/><REACH who="3" step="1"/><G77/><REACH who="3" ten="253,339,114,284" step="2"/><T75/><D75/><U115/><E72/><V71/><F121/><W34/><G34/><T94/><D107/><U89/><E31/><V40/><F122/><W108/><G108/><T98/><REACH who="0" step="1"/><D54/><AGARI ba="1,1" hai="2,7,8,10,15,18,54,59,62,83,84,88,124,126" machi="54" ten="40,7700,0" yaku="1,1,54,1,53,1" doraHai="68" doraHaiUra="87" who="3" fromWho="0" sc="253,-80,339,0,114,0,284,90" /><INIT seed="3,2,0,3,0,55" ten="173,339,114,374" oya="3" hai0="32,67,82,93,12,41,34,39,120,29,53,64,75" hai1="87,111,83,88,0,22,63,10,79,50,33,4,115" hai2="3,70,116,118,105,81,17,52,128,24,61,2,6" hai3="102,95,40,56,113,133,69,62,117,90,7,57,85"/><W19/><G117/><T65/><D120/><U74/><E33/><V131/><F105/><W132/><G113/><T96/><D39/><U109/><E115/><V16/><F81/><W129/><G7/><T25/><D41/><U68/><E50/><V103/><F103/><W14/><G40/><T104/><D104/><U112/><E112/><V135/><F70/><W30/><G30/><T126/><D126/><U108/><E22/><N who="2" m="13383" /><F135/><N who="3" m="51787" /><G129/><N who="2" m="49737" /><F17/><W28/><G28/><T26/><D26/><U127/><E127/><V51/><F61/><W107/><G107/><T97/><D34/><U9/><E9/><N who="2" m="2263" /><F3/><W13/><G102/><T91/><D82/><N who="1" m="49271" /><E68/><V5/><F5/><W114/><G114/><T78/><D78/><U110/><N who="1" m="27648" /><DORA hai="35" /><U76/><E76/><V45/><AGARI ba="2,0" hai="45,51,52,116,118" m="2263,49737,13383" machi="45" ten="30,7900,0" yaku="19,1,52,1,54,2" doraHai="55,35" who="2" fromWho="2" sc="173,-22,339,-22,114,85,374,-41" /><INIT seed="4,0,0,3,3,108" ten="151,317,199,333" oya="0" hai0="32,69,33,66,88,124,30,87,3,18,130,99,102" hai1="101,86,128,64,56,125,50,105,127,114,85,75,52" hai2="6,43,106,47,31,79,40,59,17,104,90,81,62" hai3="15,133,1,82,8,13,118,7,70,103,44,89,45"/><T135/><D3/><U48/><E75/><V126/><F126/><N who="1" m="48137" /><E128/><V98/><F31/><W37/><G70/><T63/><D124/><U120/><E120/><V73/><F6/><W122/><G118/><T74/><D74/><U113/><E101/><V11/><F43/><W131/><G103/><T57/><D130/><U129/><E105/><V49/><F17/><W19/><G1/><T107/><D135/><U80/><E129/><V38/><F38/><W100/><G100/><T10/><D57/><U72/><E72/><V94/><F11/><W134/><G37/><T119/><D119/><U83/><E64/><AGARI ba="0,0" hai="40,47,49,59,62,64,73,79,81,90,94,98,104,106" machi="64" ten="30,1000,0" yaku="7,1" doraHai="108" who="2" fromWho="1" sc="151,0,317,-10,199,10,333,0" /><INIT seed="5,0,0,1,1,28" ten="151,307,209,333" oya="1" hai0="40,69,34,114,97,20,74,108,42,45,58,70,36" hai1="84,56,107,98,2,81,78,110,43,31,37,103,5" hai2="49,11,27,16,79,134,100,35,8,76,60,26,125" hai3="14,135,1,23,55,99,124,22,82,52,102,44,9"/><U104/><E104/><V109/><F109/><W73/><G1/><T64/><D74/><U18/><E110/><V65/><F134/><W127/><G135/><T3/><D108/><U62/><E18/><V10/><F125/><N who="3" m="48203" /><G44/><T17/><D3/><U94/><E5/><V15/><F100/><W38/><G38/><T48/><D114/><U112/><E2/><V116/><F116/><W53/><G82/><T75/><D75/><U77/><E112/><V54/><F79/><W72/><G72/><T33/><D97/><U119/><E119/><V46/><F76/><W30/><G30/><T59/><D59/><U29/><E77/><V67/><F67/><W91/><G91/><T61/><D40/><U93/><E107/><V126/><F126/><W96/><G73/><T21/><D21/><N who="3" m="7689" /><G102/><T80/><D80/><U123/><E93/><V117/><F117/><W87/><G87/><T111/><D111/><U120/><E120/><V129/><F129/><W132/><G132/><T88/><D88/><U41/><E123/><V24/><REACH who="2" step="1"/><F35/><REACH who="2" ten="151,307,199,333" step="2"/><W66/><G66/><T13/><D70/><AGARI ba="0,1" hai="8,10,11,15,16,24,26,27,46,49,54,60,65,70" machi="70" ten="40,5200,0" yaku="1,1,2,1,54,1,53,0" doraHai="28" doraHaiUra="121" who="2" fromWho="0" sc="151,-52,307,0,199,62,333,0" /><INIT seed="6,0,0,1,1,131" ten="99,307,261,333" oya="2" hai0="91,125,25,126,130,29,39,7,76,85,90,23,103" hai1="71,87,12,22,80,45,99,2,112,86,75,40,108" hai2="36,118,20,61,74,59,60,31,72,70,95,26,34" hai3="94,96,89,110,93,113,79,117,115,92,11,81,52"/><V109/><F118/><W1/><G117/><T65/><D39/><U121/><E108/><V51/><F36/><W84/><G110/><T100/><D130/><U19/><E2/><V9/><F109/><W15/><G1/><T32/><D7/><U58/><E71/><V56/><F70/><W114/><REACH who="3" step="1"/><G52/><REACH who="3" ten="99,307,261,323" step="2"/><T77/><D65/><U104/><E121/><V21/><F74/><W57/><G57/><T4/><D125/><U129/><E58/><V116/><F72/><W18/><AGARI ba="0,1" hai="11,15,18,79,81,84,89,92,93,94,96,113,114,115" machi="18" ten="30,7900,0" yaku="1,1,0,1,15,1,11,1,53,0" doraHai="131" doraHaiUra="128" who="3" fromWho="3" sc="99,-20,307,-20,261,-39,323,89" /><INIT seed="7,0,0,2,1,110" ten="79,287,222,412" oya="3" hai0="106,92,103,126,57,128,112,27,93,90,127,17,114" hai1="104,81,123,116,60,2,109,56,55,78,107,100,83" hai2="69,1,38,108,21,41,129,67,22,4,63,113,121" hai3="29,16,50,23,52,70,135,35,24,85,64,26,68"/><W79/><G135/><T98/><D57/><U6/><E109/><V132/><F113/><N who="0" m="43626" /><D17/><U77/><E123/><V133/><F108/><W88/><G79/><T25/><D25/><U3/><E116/><V48/><F121/><W58/><G64/><T5/><D27/><U111/><E111/><V94/><F129/><W96/><G96/><N who="0" m="57367" /><D5/><U13/><E100/><V130/><F130/><W31/><G31/><T80/><D128/><U72/><E2/><V10/><F38/><W19/><G19/><T134/><D134/><N who="2" m="51818" /><F94/><AGARI ba="0,0" hai="16,23,24,26,29,35,50,52,58,68,70,85,88,94" machi="94" ten="30,11600,0" yaku="7,1,54,3" doraHai="110" who="3" fromWho="2" sc="79,0,287,0,222,-116,412,116" owari="79,-42.0,287,9.0,106,-29.0,528,62.0" /></mjloggm>