<mjloggm ver="2.3"><GO type="225" lobby="0"/><UN n0="%E3%83%9B%E3%83%B3%E3%82%A4%E3%83%84%E5%8E%A8" n1="%E8%85%B9%E7%97%9B%E3%81%BD%E3%81%A3%E3%81%8F%E3%82%93" n2="%E9%95%B7%E3%81%84%E5%A4%A2" n3="%E5%B0%B1%E6%B4%BB%E7%94%9F%40%E5%B7%9D%E6%9D%91%E8%BB%8D%E5%9B%A3" dan="16,17,17,17" rate="2017.17,2210.58,2149.91,2195.23" sx="M,M,M,M"/><TAIKYOKU oya="0"/><INIT seed="0,0,0,2,4,130" ten="250,250,250,250" oya="0" hai0="6,110,107,5,47,57,63,103,85,91,40,36,30" hai1="14,0,67,64,132,22,79,88,90,71,97,42,72" hai2="50,58,41,134,102,75,46,60,61,73,70,109,19" hai3="18,131,38,89,32,92,37,78,87,29,116,52,83"/><T9/><D110/><U122/><E122/><V68/><F109/><W81/><G116/><T113/><D113/><U118/><E118/><V105/><F134/><W128/><G32/><T108/><D108/><U96/><E0/><V11/><F102/><W127/><G29/><T84/><D30/><U121/><E121/><V31/><F31/><W77/><G18/><T21/><D21/><U54/><E42/><V94/><F105/><W56/><G127/><T39/><D39/><U100/><E72/><V15/><F94/><W104/><G104/><T124/><D124/><U86/><E79/><V76/><F61/><W8/><G8/><T74/><D74/><U17/><E132/><V43/><F43/><W49/><G78/><T45/><D45/><U16/><E71/><V111/><F111/><W99/><REACH who="3" step="1"/><G81/><REACH who="3" ten="250,250,250,240" step="2"/><T1/><D9/><U27/><E17/><V119/><F119/><W3/><G3/><T35/><D35/><U133/><E133/><V126/><F126/><W98/><G98/><T33/><D33/><U101/><E97/><V112/><F112/><W129/><AGARI ba="0,1" hai="37,38,49,52,56,77,83,87,89,92,99,128,129,131" machi="129" ten="30,7900,0" yaku="1,1,0,1,19,1,54,1,53,0" doraHai="130" doraHaiUra="20" who="3" fromWho="3" sc="250,-39,250,-20,250,-20,240,89" /><INIT seed="1,0,0,1,4,105" ten="211,230,230,329" oya="1" hai0="92,16,94,123,12,37,15,44,75,76,7,85,79" hai1="71,74,101,66,41,42,56,69,126,98,70,127,133" hai2="60,2,109,125,91,124,13,96,28,23,52,0,128" hai3="131,22,135,30,110,117,119,51,29,4,89,111,132"/><U77/><E133/><N who="3" m="51274" /><G89/><T62/><D123/><U10/><E10/><V65/><F109/><N who="3" m="41483" /><G51/><T122/><D122/><U25/><E25/><V9/><F13/><W95/><G95/><T99/><D75/><U34/><E34/><V14/><F23/><W107/><G107/><T55/><D37/><U115/><E115/><V57/><F52/><W24/><G131/><T113/><D7/><U8/><E8/><V50/><F9/><W35/><G4/><T1/><D1/><U81/><E56/><V54/><F57/><W80/><G80/><T118/><D12/><U3/><E3/><V88/><F14/><W53/><G53/><T11/><D113/><U27/><E66/><V112/><F65/><W5/><G5/><T68/><D68/><U49/><E49/><V21/><F91/><W100/><G100/><T129/><D55/><U102/><E102/><V58/><F88/><W17/><G30/><T83/><D76/><U64/><E64/><V43/><F28/><W116/><G17/><T78/><D78/><U104/><REACH who="1" step="1"/><E27/><REACH who="1" ten="211,220,230,329" step="2"/><V26/><F112/><W106/><G106/><T20/><D62/><U6/><E6/><V82/><F60/><W120/><G120/><T39/><D39/><U93/><E93/><V45/><F26/><W103/><G103/><T59/><D94/><U31/><E31/><V63/><F2/><W36/><G36/><T32/><D59/><U40/><AGARI ba="0,1" hai="40,41,42,69,70,71,74,77,81,98,101,104,126,127" machi="40" ten="40,7800,0" yaku="1,1,0,1,52,1,53,0" doraHai="105" doraHaiUra="87" who="1" fromWho="1" sc="211,-26,220,88,230,-26,329,-26" /><INIT seed="1,1,0,2,1,98" ten="185,308,204,303" oya="1" hai0="120,42,48,9,113,65,107,63,128,130,45,39,37" hai1="104,132,41,71,23,74,64,62,11,88,0,26,30" hai2="84,55,20,2,24,118,129,125,1,134,86,35,109" hai3="19,76,31,82,66,90,72,50,70,52,15,78,81"/><U102/><E74/><V79/><F118/><W73/><G31/><T54/><D107/><U25/><E132/><V46/><F35/><W122/><G122/><T53/><D9/><U17/><E41/><V127/><F134/><W13/><G90/><T51/><D113/><U114/><E114/><V80/><F109/><W32/><G32/><T95/><D95/><U4/><E88/><V49/><F129/><N who="0" m="49770" /><D120/><U16/><REACH who="1" step="1"/><E26/><REACH who="1" ten="185,298,204,303" step="2"/><V89/><F127/><W115/><G115/><T28/><D28/><U40/><E40/><V60/><F125/><W34/><G34/><T6/><D6/><U47/><E47/><V97/><F97/><AGARI ba="1,1" hai="0,4,11,16,17,23,25,30,62,64,71,97,102,104" machi="97" ten="40,12000,1" yaku="1,1,52,1,54,1,53,1" doraHai="98" doraHaiUra="100" who="1" fromWho="2" sc="185,0,298,133,204,-123,303,0" /><INIT seed="1,2,0,5,2,95" ten="185,431,81,303" oya="1" hai0="58,4,11,5,43,57,81,0,63,52,34,96,37" hai1="110,53,19,54,100,92,85,107,99,79,16,13,29" hai2="65,42,71,131,67,80,60,134,44,23,102,26,56" hai3="40,10,18,66,39,109,61,3,55,97,35,111,70"/><U49/><E110/><N who="3" m="41994" /><G35/><T12/><D34/><U27/><E13/><V48/><F134/><W7/><G55/><T64/><D81/><N who="1" m="47295" /><E107/><V121/><F121/><W90/><G18/><N who="1" m="6698" /><E49/><V122/><F122/><W126/><G126/><T129/><D129/><U50/><E50/><V14/><F131/><W103/><G90/><T36/><D43/><U21/><AGARI ba="2,0" hai="21,27,29,53,54,92,99,100" m="6698,47295" machi="21" ten="30,6000,0" yaku="8,1,52,1,54,1" doraHai="95" who="1" fromWho="1" sc="185,-22,431,66,81,-22,303,-22" /><INIT seed="1,3,0,5,0,49" ten="163,497,59,281" oya="1" hai0="56,74,44,37,27,14,47,48,50,31,42,77,0" hai1="112,135,127,55,6,12,97,69,23,54,84,2,58" hai2="26,78,94,102,86,73,75,81,43,122,125,132,17" hai3="72,103,83,113,36,9,117,95,40,131,80,62,92"/><U3/><E112/><V108/><F122/><W28/><G113/><T116/><D0/><U91/><E69/><V24/><F132/><W20/><G131/><T19/><D116/><U45/><E135/><V76/><F108/><W79/><G83/><T88/><D77/><U134/><E134/><V93/><F125/><W18/><G103/><T39/><D74/><U61/><E127/><V15/><F43/><W63/><G117/><T4/><D4/><U52/><E97/><V133/><F133/><W104/><G104/><T51/><D56/><U109/><E109/><V67/><F67/><W65/><G9/><T33/><D51/><N who="1" m="29039" /><E2/><V118/><F118/><W11/><G11/><T5/><D5/><U85/><E3/><V111/><F111/><W32/><G32/><T21/><D88/><U114/><E114/><V38/><F38/><W46/><G28/><T129/><D129/><U87/><E6/><V123/><F123/><W35/><G35/><T115/><D115/><U66/><E91/><V68/><F68/><W121/><G121/><T53/><AGARI ba="3,0" hai="14,19,21,27,31,33,37,39,42,44,47,48,50,53" machi="53" ten="20,2700,0" yaku="0,1,7,1,52,1" doraHai="49" who="0" fromWho="0" sc="163,36,497,-16,59,-10,281,-10" /><INIT seed="2,0,0,4,2,80" ten="199,481,49,271" oya="2" hai0="2,127,19,8,31,74,95,3,10,25,107,65,63" hai1="55,70,40,133,131,102,39,79,82,75,93,38,57" hai2="129,66,87,18,6,109,78,115,15,30,114,91,77" hai3="54,68,29,86,76,101,100,103,118,0,26,106,123"/><V46/><F129/><W24/><G0/><N who="0" m="43" /><D107/><U112/><E70/><V20/><F109/><W58/><G68/><T61/><D74/><U52/><E112/><V111/><F111/><W132/><G106/><T125/><D95/><U28/><E133/><V27/><F6/><W17/><G132/><T13/><D65/><U7/><E7/><V22/><F66/><W90/><G76/><T72/><D72/><U98/><E131/><V49/><F115/><W32/><G123/><T120/><D120/><U122/><E122/><V11/><F22/><W53/><G118/><T21/><D61/><U97/><E28/><V12/><F12/><W33/><G58/><T36/><D63/><U104/><E40/><V117/><F117/><W62/><G62/><T16/><D36/><U135/><E135/><V43/><REACH who="2" step="1"/><F114/><REACH who="2" ten="199,481,39,271" step="2"/><W110/><G110/><T81/><D81/><AGARI ba="0,1" hai="11,15,18,20,27,30,43,46,49,77,78,81,87,91" machi="81" ten="30,12000,1" yaku="1,1,2,1,7,1,8,1,52,1,53,0" doraHai="80" doraHaiUra="69" who="2" fromWho="0" sc="199,-120,481,0,39,130,271,0" /><INIT seed="2,1,0,3,3,126" ten="79,481,169,271" oya="2" hai0="87,49,0,85,97,121,31,19,104,70,62,56,108" hai1="116,102,122,9,75,53,82,124,95,12,110,15,4" hai2="72,73,119,1,22,131,42,112,132,91,105,11,61" hai3="36,127,68,41,24,18,67,71,17,35,94,10,69"/><V47/><F91/><W118/><G127/><T26/><D0/><U6/><E124/><V38/><F22/><W3/><G118/><T76/><D121/><U45/><E116/><V54/><F11/><W111/><G111/><T57/><D19/><U80/><E110/><V88/><F88/><W113/><G113/><T78/><D108/><U59/><E122/><V51/><F105/><W32/><G67/><T40/><D40/><U33/><E33/><V84/><F84/><W63/><G63/><T77/><D49/><U2/><E75/><V134/><F1/><W115/><G115/><T133/><D133/><N who="2" m="51306" /><F119/><W74/><G94/><T52/><D70/><U114/><E2/><V30/><F30/><W46/><G74/><N who="2" m="28777" /><F61/><W23/><G3/><T135/><D135/><U99/><E114/><V86/><F86/><W100/><G100/><T120/><D120/><U25/><E9/><V8/><F8/><W37/><G37/><T79/><N who="0" m="19456" /><DORA hai="34" /><T107/><D107/><U55/><E95/><V83/><F83/><W98/><G98/><T43/><D43/><U90/><E99/><V60/><F60/><W92/><G92/><T117/><D117/><U103/><E90/><V93/><F93/><W129/><G32/><N who="0" m="20599" /><D104/><U21/><E21/><V106/><F106/><W14/><G35/><T123/><D123/><U128/><E102/><V29/><F112/><W64/><G64/><N who="0" m="38983" /><D97/><U81/><E103/><V89/><F89/><W65/><G65/><T50/><D87/><U28/><E82/><V66/><F66/><W58/><G10/><T16/><D85/><U27/><E81/><RYUUKYOKU ba="1,0" sc="79,30,481,-10,169,-10,271,-10" hai0="16,50,52,57" /><INIT seed="3,2,0,4,4,53" ten="109,471,159,261" oya="3" hai0="39,107,45,17,71,125,51,34,72,99,75,3,24" hai1="124,84,61,92,60,110,133,122,87,55,90,109,118" hai2="4,93,5,19,58,76,131,134,101,114,28,100,49" hai3="36,68,95,97,33,41,23,52,30,22,135,89,104"/><W91/><G68/><T83/><D3/><U37/><E122/><V43/><F114/><W1/><G1/><T112/><D39/><U80/><E37/><V0/><F0/><W120/><G120/><T129/><D125/><U70/><E124/><V7/><F134/><W94/><G104/><T44/><D129/><U96/><E133/><V6/><F131/><W13/><G41/><T8/><D112/><U102/><E118/><V62/><F28/><W128/><G36/><T67/><D8/><U47/><E70/><V11/><F76/><W115/><G30/><T79/><D75/><U108/><E87/><V66/><F93/><W113/><G33/><T130/><D130/><U121/><E121/><V63/><F63/><W119/><G119/><T98/><D98/><U50/><AGARI ba="2,0" hai="47,50,55,60,61,80,84,90,92,96,102,108,109,110" machi="50" ten="40,2700,0" yaku="0,1,14,1" doraHai="53" who="1" fromWho="1" sc="109,-9,471,33,159,-9,261,-15" owari="100,-40.0,504,60.0,150,-25.0,246,5.0" /></mjloggm>