<mjloggm ver="2.3"><GO type="169" lobby="0"/><UN n0="%E3%83%88%E3%83%88%E3%83%AA%E5%85%88%E7%94%9F%31%39%E6%AD%B3" n1="%57%6F%6D%62%61%74" n2="%74%6F%74%6F%74%61%72%6F" n3="%E2%98%86%E3%83%89%E3%83%8A%E3%83%AB%E3%83%89%E6%95%99%E5%BE%92%E2%98%86" dan="19,16,16,16" rate="2298.96,2061.00,2045.11,2002.67" sx="F,M,M,M"/><TAIKYOKU oya="0"/><INIT seed="0,0,0,3,0,78" ten="250,250,250,250" oya="0" hai0="8,131,129,59,63,65,77,98,94,97,118,124,107" hai1="39,22,99,14,115,43,84,16,13,23,3,25,85" hai2="12,41,26,15,133,91,112,104,2,68,71,119,75" hai3="57,93,49,37,50,105,88,86,27,121,132,72,87"/><T76/><D118/><U21/><E3/><V34/><F2/><W58/><G72/><T92/><D107/><U83/><E99/><V127/><F75/><W125/><G37/><T114/><D114/><U42/><E39/><V7/><F41/><N who="1" m="15369" /><E115/><V6/><F112/><W4/><G105/><T55/><D124/><U9/><E85/><V82/><F104/><W48/><G132/><T95/><D8/><U103/><E103/><V73/><F73/><W70/><G70/><T44/><D77/><N who="1" m="46191" /><E25/><V96/><F26/><W134/><G134/><T10/><D10/><U90/><E90/><V120/><F91/><N who="3" m="53495" /><G121/><T38/><D76/><U128/><E128/><N who="0" m="49225" /><D38/><U45/><E45/><V30/><F133/><W33/><G33/><T79/><D79/><U106/><E106/><V81/><F34/><W36/><G36/><T51/><AGARI ba="0,0" hai="44,51,55,59,63,65,92,94,95,97,98" m="49225" machi="51" ten="40,2100,0" yaku="19,1" doraHai="78" who="0" fromWho="0" sc="250,21,250,-7,250,-7,250,-7" /><INIT seed="0,1,0,5,3,79" ten="271,243,243,243" oya="0" hai0="126,61,3,32,77,129,112,87,131,91,106,46,58" hai1="121,109,39,80,81,7,13,110,60,125,115,48,17" hai2="26,62,23,123,28,73,76,30,82,135,45,31,59" hai3="118,8,68,42,122,29,65,72,100,55,78,85,53"/><T74/><D112/><U2/><E39/><V104/><F135/><W6/><G118/><T75/><D3/><U108/><E121/><V21/><F123/><W16/><G72/><T18/><D106/><U130/><E130/><N who="0" m="49673" /><D77/><U4/><E125/><V96/><F45/><W101/><G29/><T56/><D126/><U52/><E60/><V92/><F23/><W111/><G42/><T11/><D32/><U124/><E124/><V113/><F104/><W86/><G111/><T84/><D84/><U57/><E115/><V20/><F20/><W5/><G68/><T25/><D46/><U99/><E99/><V134/><F134/><W63/><G65/><N who="0" m="39079" /><D58/><U44/><E44/><V0/><F0/><W10/><G78/><T9/><D25/><U71/><E71/><V107/><F107/><W83/><G63/><T38/><D38/><U12/><E2/><V54/><REACH who="2" step="1"/><F113/><REACH who="2" ten="271,243,233,243" step="2"/><W43/><G122/><T37/><D37/><U70/><E70/><V41/><F41/><W22/><G43/><T89/><D11/><N who="1" m="4199" /><E7/><V24/><F24/><W64/><G22/><AGARI ba="1,1" hai="13,17,22,48,52,57,80,81,108,109,110" m="4199" machi="22" ten="30,7700,0" yaku="14,1,52,2,54,1" doraHai="79" who="1" fromWho="3" sc="271,0,243,90,233,0,243,-80" /><INIT seed="1,0,0,0,1,51" ten="271,333,233,163" oya="1" hai0="45,101,67,104,47,43,60,71,76,125,106,48,21" hai1="122,61,5,123,110,109,103,135,37,52,88,57,108" hai2="36,49,9,11,86,113,56,8,131,102,28,10,18" hai3="40,128,53,127,84,32,78,16,1,0,42,132,133"/><U77/><E37/><V90/><F36/><W13/><G32/><T118/><D118/><U93/><E135/><N who="3" m="51786" /><G128/><T50/><D125/><U92/><E77/><V14/><F113/><W81/><G127/><T65/><D101/><U7/><E103/><V119/><F119/><W66/><G66/><T134/><D134/><U126/><E126/><V27/><F131/><W121/><G121/><N who="1" m="46090" /><E93/><V24/><F102/><W83/><G83/><T89/><D76/><U70/><E70/><V94/><REACH who="2" step="1"/><F28/><REACH who="2" ten="271,333,223,163" step="2"/><W98/><G78/><T79/><D79/><U115/><E115/><V54/><AGARI ba="0,1" hai="8,9,10,11,14,18,24,27,49,54,56,86,90,94" machi="54" ten="30,8000,1" yaku="1,1,2,1,0,1,8,1,52,1,53,0" doraHai="51" doraHaiUra="2" who="2" fromWho="2" sc="271,-20,333,-40,223,90,163,-20" /><INIT seed="2,0,0,5,4,100" ten="251,293,313,143" oya="2" hai0="87,42,70,14,31,19,118,16,3,133,74,81,121" hai1="95,130,103,21,115,94,69,135,79,128,22,66,127" hai2="68,122,89,15,62,105,33,67,55,17,27,52,32" hai3="131,39,88,134,13,106,101,0,48,97,120,40,56"/><V102/><F122/><W51/><G0/><T60/><D121/><U46/><E115/><V99/><F89/><W85/><G120/><T104/><D3/><U108/><E108/><V117/><F117/><W2/><G2/><T6/><D74/><U123/><E123/><V26/><F26/><W41/><G131/><N who="1" m="50218" /><E46/><V76/><F76/><W38/><G134/><T126/><D133/><U119/><E119/><V58/><F58/><W18/><G51/><T11/><D126/><U44/><E44/><V84/><F84/><W8/><G41/><T29/><D104/><U91/><E127/><V1/><F1/><W64/><G64/><T93/><D42/><U36/><E36/><V57/><F57/><W73/><G73/><T5/><D93/><U114/><E114/><V35/><REACH who="2" step="1"/><F27/><REACH who="2" ten="251,293,303,143" step="2"/><W63/><G56/><T80/><D87/><U72/><E79/><V23/><AGARI ba="0,1" hai="15,17,23,32,33,35,52,55,62,67,68,99,102,105" machi="23" ten="30,18000,2" yaku="1,1,2,1,0,1,52,1,54,1,53,2" doraHai="100" doraHaiUra="50" who="2" fromWho="2" sc="251,-60,293,-60,303,190,143,-60" /><INIT seed="2,1,0,4,0,10" ten="191,233,493,83" oya="2" hai0="92,131,68,56,90,74,73,128,104,91,112,4,39" hai1="83,110,86,57,34,27,114,42,30,52,13,19,37" hai2="53,132,1,78,121,72,93,25,130,103,38,23,46" hai3="107,115,125,59,5,17,16,116,2,117,31,129,47"/><V8/><F121/><W101/><G47/><T22/><D112/><U108/><E114/><V95/><F130/><N who="0" m="49706" /><D68/><U40/><E37/><V58/><F72/><W82/><G129/><T122/><D122/><U21/><E108/><V119/><F78/><W54/><G125/><T26/><D104/><U135/><E135/><V70/><F70/><W102/><G115/><T126/><D39/><U81/><E110/><V87/><F119/><W6/><G31/><T111/><D126/><U97/><E97/><V89/><F103/><W11/><G82/><T32/><D32/><U51/><REACH who="1" step="1"/><E83/><REACH who="1" ten="191,223,493,83" step="2"/><V41/><F132/><W133/><G133/><T18/><D111/><U45/><E45/><V62/><F38/><W109/><G109/><T24/><D92/><U29/><E29/><V33/><F93/><W67/><G116/><T64/><D74/><U76/><AGARI ba="1,1" hai="13,19,21,27,30,34,40,42,51,52,57,76,81,86" machi="76" ten="20,8000,1" yaku="1,1,0,1,7,1,52,1,54,1,53,0" doraHai="10" doraHaiUra="69" who="1" fromWho="1" sc="191,-21,223,93,493,-41,83,-21" /><INIT seed="3,0,0,2,5,131" ten="170,316,452,62" oya="3" hai0="43,11,72,97,32,88,67,74,85,108,31,30,93" hai1="125,3,18,7,61,62,39,36,55,29,26,38,51" hai2="92,19,37,34,109,8,132,101,16,66,104,35,75" hai3="28,44,89,4,124,129,121,45,50,20,69,134,91"/><W63/><G121/><T95/><D108/><U107/><E107/><V79/><F37/><W117/><G117/><T42/><D67/><U110/><E110/><V2/><F104/><W116/><G116/><T130/><D130/><U10/><E125/><V65/><F101/><W126/><G129/><T123/><D123/><U106/><E106/><V52/><F92/><W81/><G4/><T22/><D32/><U25/><E18/><V54/><F109/><W33/><G33/><T46/><D11/><U41/><E41/><V5/><F8/><W87/><G69/><T99/><D85/><U127/><E127/><N who="3" m="48682" /><G63/><T78/><D78/><U1/><E1/><V102/><F5/><W53/><G44/><T103/><D43/><U47/><REACH who="1" step="1"/><E26/><REACH who="1" ten="170,306,452,62" step="2"/><V82/><F2/><W86/><G28/><T48/><D31/><U76/><E76/><V9/><F19/><W57/><G20/><AGARI ba="0,1" hai="3,7,10,20,25,29,36,38,39,47,51,55,61,62" machi="20" ten="40,1300,0" yaku="1,1,53,0" doraHai="131" doraHaiUra="105" who="1" fromWho="3" sc="170,0,306,23,452,0,62,-13" /><INIT seed="4,0,0,2,5,60" ten="170,329,452,49" oya="0" hai0="29,89,112,118,80,50,1,44,33,74,86,54,56" hai1="88,11,4,3,106,128,114,73,22,13,8,129,123" hai2="39,20,57,91,38,19,17,31,40,65,2,108,64" hai3="67,45,134,70,97,119,90,109,52,59,46,94,21"/><T51/><D118/><U92/><E106/><V32/><F2/><W47/><G119/><T43/><D112/><U111/><E73/><V113/><F108/><W63/><G109/><T130/><D1/><U82/><E111/><V28/><F32/><W79/><G134/><T132/><D132/><U42/><E82/><V14/><F113/><W18/><G79/><T37/><D130/><N who="1" m="50283" /><E114/><V48/><F38/><W26/><G70/><T30/><D33/><U135/><E135/><V53/><F91/><W7/><G7/><T102/><D74/><U85/><E42/><V95/><F95/><W49/><AGARI ba="0,0" hai="18,21,26,45,46,47,49,52,59,63,67,90,94,97" machi="49" ten="30,7900,0" yaku="0,1,8,1,52,1,54,1" doraHai="60" who="3" fromWho="3" sc="170,-39,329,-20,452,-20,49,79" /><INIT seed="5,0,0,3,2,14" ten="131,309,432,128" oya="1" hai0="88,15,129,67,60,21,115,12,93,98,39,121,54" hai1="125,11,45,64,116,3,6,66,19,84,83,75,38" hai2="135,31,33,26,40,57,87,107,118,91,70,89,97" hai3="123,85,72,78,62,50,108,36,4,20,59,105,49"/><U90/><E116/><V76/><F70/><W27/><G36/><T133/><D39/><U111/><E111/><V23/><F40/><W114/><G123/><T8/><D121/><U104/><E104/><V81/><F135/><W48/><G72/><T10/><D133/><U41/><E125/><V28/><F118/><W9/><G105/><T134/><D134/><U80/><REACH who="1" step="1"/><E19/><REACH who="1" ten="131,299,432,128" step="2"/><V0/><F107/><W99/><G108/><T22/><D115/><U109/><E109/><V53/><F31/><W13/><G114/><T24/><D129/><U68/><E68/><V103/><F28/><W34/><G4/><T51/><D10/><U2/><E2/><V132/><F0/><W79/><G9/><T96/><D8/><U58/><E58/><V71/><F71/><W7/><G59/><N who="0" m="37279" /><D22/><U42/><E42/><V86/><F132/><W1/><G20/><T44/><D98/><U73/><E73/><V131/><F131/><W17/><G99/><T127/><D127/><U113/><E113/><V122/><F122/><W95/><G1/><T112/><D112/><U74/><E74/><V77/><F23/><W120/><G120/><T94/><D94/><U29/><E29/><AGARI ba="0,1" hai="12,15,21,24,29,44,51,54,88,93,96" m="37279" machi="29" ten="30,2000,0" yaku="8,1,54,1" doraHai="14" who="0" fromWho="1" sc="131,30,299,-20,432,0,128,0" /><INIT seed="6,0,0,0,1,65" ten="161,279,432,128" oya="2" hai0="64,37,8,53,41,38,39,107,62,67,14,126,85" hai1="115,21,99,13,77,108,117,12,104,86,97,100,11" hai2="130,52,18,15,122,43,114,81,128,87,6,1,34" hai3="95,3,58,69,116,106,110,32,131,109,23,30,71"/><V2/><F122/><W50/><G116/><T93/><D107/><U63/><E108/><V26/><F43/><W105/><G23/><T54/><D126/><U82/><E117/><V127/><F127/><W68/><G95/><T102/><D41/><U73/><E115/><V88/><F114/><W29/><G58/><T31/><D31/><N who="3" m="11785" /><G50/><T119/><D67/><U57/><E21/><V80/><F34/><W16/><G32/><T36/><D119/><U48/><E48/><V94/><F26/><W22/><G22/><T42/><D42/><U74/><E99/><V51/><F6/><W55/><G55/><T59/><N who="0" m="9216" /><DORA hai="9" /><T4/><REACH who="0" step="1"/><D85/><REACH who="0" ten="151,279,432,128" step="2"/><U76/><E104/><N who="3" m="40042" /><G131/><T79/><D79/><U75/><E77/><V33/><F130/><W17/><G3/><T121/><D121/><U132/><E76/><V7/><F128/><W56/><G56/><T35/><D35/><U19/><E57/><N who="2" m="32927" /><F33/><W124/><G124/><T0/><D0/><U70/><E86/><V24/><F1/><W49/><G49/><T103/><D103/><U27/><E100/><V120/><F2/><W78/><G78/><T91/><D91/><U60/><E73/><V90/><F120/><W135/><G135/><T111/><D111/><AGARI ba="0,1" hai="16,17,68,69,71,109,110,111" m="40042,11785" machi="111" ten="40,12000,2" yaku="28,2,52,3,54,1" doraHai="65,9" who="3" fromWho="0" sc="151,-120,279,0,432,0,128,130" /><INIT seed="7,0,0,2,3,74" ten="31,279,432,258" oya="3" hai0="5,69,92,17,30,42,105,24,13,103,7,71,22" hai1="63,14,51,123,40,83,100,129,65,124,86,88,62" hai2="78,64,134,127,111,6,50,15,75,57,118,44,97" hai3="110,96,10,76,48,94,21,2,122,29,33,35,3"/><W32/><G122/><T61/><D42/><U12/><E123/><V107/><F111/><W59/><G110/><T131/><D92/><U130/><E124/><V106/><F118/><W28/><G59/><T73/><D73/><U54/><E100/><V53/><F134/><W67/><G67/><T102/><D61/><N who="1" m="23051" /><E40/><V121/><F127/><W93/><G48/><T125/><D102/><U101/><E101/><V11/><F97/><W72/><G21/><T58/><D103/><U19/><E19/><V52/><F64/><W98/><G10/><T82/><D71/><U119/><E65/><V0/><F0/><W68/><G68/><T90/><D69/><U126/><E126/><V56/><F121/><W49/><G49/><T85/><D105/><U80/><E80/><V27/><F107/><W95/><G76/><T8/><D125/><U1/><E1/><N who="3" m="10" /><G72/><T133/><D133/><U45/><E119/><V55/><F106/><W46/><G46/><T31/><D58/><N who="2" m="22634" /><F78/><W23/><G23/><T87/><D22/><U109/><E109/><V117/><F75/><W79/><G79/><T115/><D8/><U60/><E60/><V104/><F104/><W36/><G36/><T34/><D34/><U77/><E77/><V89/><F117/><W81/><G81/><T18/><D82/><U114/><E114/><V112/><F112/><W41/><G41/><T4/><D115/><U135/><E135/><V47/><F47/><W16/><G16/><T120/><D120/><U99/><E99/><AGARI ba="0,0" hai="28,29,32,33,35,93,94,95,96,98,99" m="10" machi="99" ten="40,3900,0" yaku="28,2" doraHai="74" who="3" fromWho="1" sc="31,0,279,-39,432,0,258,39" /><INIT seed="7,1,0,5,4,85" ten="31,240,432,297" oya="3" hai0="83,75,117,115,96,79,19,62,74,11,69,125,123" hai1="40,36,59,81,9,127,58,135,132,91,124,97,41" hai2="44,93,71,130,34,106,39,100,46,18,72,30,35" hai3="48,84,77,45,24,16,118,47,49,110,28,38,78"/><W103/><G118/><T52/><D11/><U86/><E97/><V90/><F72/><W51/><G38/><T27/><D19/><U102/><E102/><V31/><F71/><W76/><G110/><T10/><D10/><U94/><E9/><V12/><F100/><W113/><G113/><T133/><D27/><U65/><E81/><V105/><F18/><W121/><G121/><T23/><D23/><U60/><E59/><V8/><F8/><W14/><G103/><T56/><D117/><U15/><E15/><V33/><F33/><W43/><G84/><T101/><D123/><U25/><E25/><V92/><F130/><W111/><G111/><T42/><D125/><N who="1" m="48203" /><E36/><V21/><F39/><W17/><G14/><T107/><D115/><U64/><E64/><V119/><F119/><W112/><G112/><T54/><D74/><U1/><E1/><V67/><F67/><W116/><G116/><T2/><D2/><U129/><E129/><V88/><F12/><W80/><G80/><T128/><D128/><U114/><E114/><V120/><F120/><W95/><G95/><T6/><D6/><U104/><E104/><V4/><F21/><N who="3" m="15375" /><G49/><N who="0" m="30735" /><D69/><U122/><E122/><V7/><AGARI ba="1,0" hai="4,7,30,31,34,35,44,46,88,90,92,93,105,106" machi="7" ten="25,12000,2" yaku="0,1,22,2,52,2,54,1" doraHai="85" who="2" fromWho="2" sc="31,-31,240,-31,432,123,297,-61" owari="0,-50.0,209,-19.0,555,65.0,236,4.0" /></mjloggm>