<mjloggm ver="2.3"><GO type="169" lobby="0"/><UN n0="%E5%B0%B1%E6%B4%BB%E7%94%9F%40%E5%B7%9D%E6%9D%91%E8%BB%8D%E5%9B%A3" n1="%E5%BF%83%E6%BB%85" n2="%67%6F%75%73%69" n3="%E6%9D%BE%E5%B3%B6" dan="17,17,17,16" rate="2221.68,2182.45,2216.15,2067.99" sx="M,M,M,M"/><TAIKYOKU oya="0"/><INIT seed="0,0,0,4,1,1" ten="250,250,250,250" oya="0" hai0="60,21,80,43,104,6,52,90,106,58,49,72,105" hai1="109,130,87,12,8,128,85,11,14,26,27,37,124" hai2="129,22,24,56,101,38,135,121,123,112,35,62,82" hai3="45,69,64,76,13,48,83,54,70,57,17,32,133"/><T39/><D39/><U40/><E37/><V33/><F38/><W103/><G32/><T53/><D43/><U73/><E40/><V66/><F112/><W2/><G2/><T19/><D6/><U75/><REACH who="1" step="1"/><E109/><REACH who="1" ten="250,240,250,250" step="2"/><V77/><F123/><W111/><G133/><T25/><D72/><U95/><E95/><V5/><F121/><W20/><G111/><T41/><D41/><U120/><E120/><V0/><F135/><W59/><G69/><T51/><D53/><U44/><E44/><V81/><F81/><W114/><G70/><T89/><D80/><U31/><E31/><V23/><F82/><W99/><G114/><T3/><D3/><U88/><E88/><V118/><F0/><W47/><G64/><T119/><D119/><U116/><E116/><V29/><F66/><W78/><G45/><T50/><AGARI ba="0,1" hai="19,21,25,49,50,51,52,58,60,89,90,104,105,106" machi="50" ten="40,3900,0" yaku="0,1,54,1" doraHai="1" who="0" fromWho="0" sc="250,49,240,-13,250,-13,250,-13" /><INIT seed="0,1,0,1,3,118" ten="299,227,237,237" oya="0" hai0="83,27,36,48,15,133,31,128,70,94,55,103,57" hai1="24,120,14,65,20,92,62,64,67,72,73,11,100" hai2="4,74,59,43,91,110,37,93,98,39,115,56,29" hai3="90,108,99,124,30,101,134,96,104,42,1,28,75"/><T53/><D128/><U60/><E120/><V40/><F74/><W2/><G75/><T82/><D133/><U50/><E73/><V54/><F115/><W33/><G33/><T129/><D36/><U35/><E35/><V3/><F110/><W13/><G108/><T0/><D0/><U81/><E72/><V58/><F29/><W127/><G42/><T10/><D70/><U112/><E112/><V116/><F116/><W123/><G13/><T80/><D129/><U45/><E81/><V79/><F79/><W88/><G101/><T114/><D114/><U46/><E92/><V52/><F40/><W34/><G34/><T69/><D69/><U23/><E100/><V6/><F39/><W7/><G7/><T84/><D55/><N who="1" m="30159" /><E46/><V119/><F119/><W86/><G86/><T102/><D84/><U63/><E24/><V78/><F78/><W25/><G25/><T77/><D77/><U106/><E106/><V105/><F105/><W135/><G104/><T113/><D94/><U126/><E126/><V32/><F32/><W95/><G95/><T125/><D125/><U51/><E51/><V89/><F89/><W44/><G44/><T71/><D71/><U87/><E87/><V26/><F26/><W117/><G117/><T109/><D109/><U76/><E76/><V9/><F6/><AGARI ba="1,0" hai="6,11,14,20,23,60,62,63,64,65,67" m="30159" machi="6" ten="30,1000,0" yaku="8,1" doraHai="118" who="1" fromWho="2" sc="299,0,227,13,237,-13,237,0" /><INIT seed="1,0,0,4,5,73" ten="299,240,224,237" oya="1" hai0="91,80,129,57,12,101,37,22,50,112,43,105,21" hai1="2,135,132,1,33,31,51,71,10,115,67,62,41" hai2="14,77,23,49,26,97,121,125,27,126,19,122,17" hai3="98,63,110,35,44,40,54,72,46,32,134,100,8"/><U78/><E115/><V55/><F97/><W20/><G72/><T93/><D112/><U86/><E33/><V34/><F55/><W56/><G134/><N who="1" m="51242" /><E31/><N who="2" m="19839" /><F77/><W74/><G110/><T120/><D120/><N who="2" m="46186" /><F49/><W65/><G74/><T25/><D129/><U83/><E10/><AGARI ba="0,0" hai="10,14,17,19,23,26,125,126" m="46186,19839" machi="10" ten="30,2000,0" yaku="34,2" doraHai="73" who="2" fromWho="1" sc="299,0,240,-20,224,20,237,0" /><INIT seed="2,0,0,3,0,3" ten="299,220,244,237" oya="2" hai0="20,134,28,66,135,87,88,128,84,99,42,30,119" hai1="131,69,111,31,19,132,5,58,36,59,57,98,73" hai2="106,17,15,27,53,29,11,103,124,90,6,110,54" hai3="96,22,23,83,33,71,39,127,95,86,16,74,117"/><V49/><F124/><W2/><G33/><T120/><D120/><U50/><E36/><V93/><F106/><W67/><G2/><T10/><D119/><U43/><E73/><V78/><F103/><W92/><G74/><T1/><D66/><U48/><E69/><V55/><F78/><W25/><G39/><T123/><D123/><U13/><E132/><N who="0" m="50729" /><D42/><U94/><E131/><V72/><F72/><W130/><G130/><T4/><D128/><U133/><E111/><V35/><F110/><W112/><G112/><T115/><D115/><U80/><E31/><N who="0" m="11817" /><D20/><U37/><E37/><V122/><F122/><W51/><G23/><T79/><D79/><U121/><E121/><V47/><REACH who="2" step="1"/><F17/><REACH who="2" ten="299,220,234,237" step="2"/><W52/><G127/><T104/><D104/><U41/><E19/><V0/><F0/><W76/><G117/><T91/><D91/><U61/><E133/><V105/><F105/><W7/><G96/><AGARI ba="0,1" hai="6,11,15,27,29,35,47,49,53,54,55,90,93,96" machi="96" ten="30,11600,0" yaku="1,1,7,1,52,1,53,1" doraHai="3" doraHaiUra="24" who="2" fromWho="3" sc="299,0,220,0,234,126,237,-116" /><INIT seed="2,1,0,5,5,122" ten="299,220,360,121" oya="2" hai0="24,30,11,62,80,25,63,90,19,111,0,60,52" hai1="4,125,14,48,7,69,88,115,113,53,123,112,130" hai2="103,27,65,124,50,126,95,107,5,132,83,76,15" hai3="70,3,94,119,134,20,18,93,104,41,13,127,109"/><V1/><F107/><W96/><G3/><T23/><D111/><U131/><E69/><V71/><F1/><W118/><G70/><T45/><D0/><U100/><E123/><V101/><F132/><W55/><G134/><T73/><D73/><U99/><E125/><V40/><F27/><W31/><G127/><T47/><D47/><U35/><E35/><V105/><F105/><W78/><G78/><T82/><D90/><U38/><E38/><V135/><F135/><W9/><G41/><T36/><D11/><U58/><E14/><V91/><F101/><W77/><G77/><T61/><N who="0" m="15872" /><DORA hai="17" /><T121/><D121/><U46/><E46/><V128/><F103/><W98/><G55/><T34/><REACH who="0" step="1"/><D36/><REACH who="0" ten="289,220,360,121" step="2"/><U54/><E88/><V42/><F124/><W79/><G109/><T64/><D64/><U8/><E8/><V21/><F126/><W28/><G118/><T12/><D12/><U68/><E68/><V49/><F15/><N who="3" m="9311" /><G79/><T108/><D108/><U74/><E74/><V16/><F76/><W37/><G37/><T85/><D85/><U84/><E84/><V59/><F65/><W67/><G67/><T75/><D75/><U117/><E117/><V26/><F71/><W106/><G119/><T22/><D22/><U110/><E110/><V81/><F21/><W72/><G72/><T6/><D6/><N who="1" m="2091" /><E54/><V2/><F5/><N who="3" m="3247" /><G104/><T133/><D133/><U86/><E86/><V102/><F2/><W120/><G106/><T116/><D116/><U10/><E10/><V44/><F91/><N who="3" m="55359" /><G120/><T66/><D66/><U114/><E114/><V87/><F87/><RYUUKYOKU ba="1,1" sc="289,10,220,10,360,-30,121,10" hai0="19,23,24,25,30,34,45,52,80,82" hai1="48,53,58,99,100,112,113,115,130,131" hai3="28,31,94,98" /><INIT seed="3,2,1,0,0,93" ten="299,230,330,131" oya="3" hai0="131,77,46,82,101,53,98,3,38,84,6,96,7" hai1="64,19,87,76,60,107,1,117,124,119,56,23,121" hai2="108,15,31,78,36,91,95,122,112,128,116,18,111" hai3="127,25,135,100,37,54,43,113,115,130,50,109,114"/><W92/><G135/><T106/><D131/><U86/><E121/><V22/><F36/><W89/><G130/><T4/><D98/><U12/><E1/><V134/><F128/><W52/><G127/><T79/><D79/><U125/><E107/><V8/><F116/><N who="1" m="44617" /><E76/><V81/><F112/><W20/><G100/><T132/><D132/><U102/><E102/><V90/><F134/><W0/><G0/><T71/><D71/><U110/><E110/><N who="2" m="42027" /><F122/><W118/><G118/><T67/><D67/><U63/><E63/><V68/><F68/><W70/><G70/><T39/><D3/><U80/><E80/><V5/><F31/><W9/><G9/><T17/><D17/><U75/><E75/><N who="2" m="43231" /><F95/><W51/><G37/><T73/><D73/><U41/><E41/><V32/><F32/><W21/><G109/><T69/><D69/><U120/><E120/><V47/><F47/><W72/><G72/><T55/><D39/><U42/><E42/><V24/><AGARI ba="2,1" hai="5,8,15,18,22,24,90,91" m="43231,42027" machi="24" ten="30,1100,0" yaku="14,1" doraHai="93" who="2" fromWho="2" sc="299,-5,230,-5,330,27,131,-7" /><INIT seed="4,0,0,5,3,45" ten="294,225,357,124" oya="0" hai0="127,126,31,84,75,83,51,4,106,22,128,16,91" hai1="5,66,27,29,57,41,38,13,109,130,30,42,44" hai2="70,52,18,12,25,100,32,26,125,94,6,121,56" hai3="123,53,60,82,80,81,113,62,103,3,15,101,87"/><T23/><D128/><U0/><E109/><V78/><F70/><W116/><G123/><T129/><D129/><U122/><E122/><V120/><F78/><W132/><G116/><T89/><D106/><U54/><E130/><V71/><F71/><W58/><G3/><T65/><D4/><U92/><E0/><V124/><F6/><W43/><G113/><T86/><D75/><U14/><E42/><V107/><F107/><W131/><G131/><T28/><D65/><U69/><E92/><V21/><F26/><W40/><G132/><T110/><D110/><U20/><E30/><N who="2" m="19535" /><F94/><W93/><G60/><T59/><D126/><N who="2" m="48746" /><F100/><W39/><G39/><T74/><D74/><U73/><E73/><V55/><F55/><W47/><G15/><N who="0" m="9503" /><D23/><U119/><E5/><V134/><F134/><W61/><G61/><AGARI ba="0,0" hai="12,18,21,52,56,61,120,121" m="48746,19535" machi="61" ten="30,2000,0" yaku="18,1,54,1" doraHai="45" who="2" fromWho="3" sc="294,0,225,0,357,20,124,-20" /><INIT seed="5,0,0,0,2,14" ten="294,225,377,104" oya="1" hai0="74,37,93,83,105,126,127,108,71,6,43,10,40" hai1="99,89,92,5,100,80,121,52,79,23,42,56,81" hai2="0,95,134,85,118,19,22,8,120,44,26,97,51" hai3="116,64,111,96,75,12,106,107,4,11,46,70,102"/><U15/><E121/><V25/><F118/><W90/><G116/><T86/><D105/><U13/><E42/><V30/><F134/><W110/><G75/><T29/><D71/><U61/><E100/><V31/><F85/><W17/><G106/><T117/><D117/><U7/><E15/><V132/><F132/><W34/><G34/><T28/><D93/><U35/><E35/><V69/><F69/><W98/><G46/><T20/><D20/><U53/><E53/><V109/><F109/><W77/><G77/><T21/><D21/><U113/><E113/><V27/><F0/><W94/><REACH who="3" step="1"/><G4/><REACH who="3" ten="294,225,377,94" step="2"/><N who="1" m="1610" /><E79/><V124/><F120/><W73/><G73/><T101/><D74/><U65/><E65/><V32/><F32/><W76/><G76/><T16/><D37/><U24/><E13/><V59/><F31/><AGARI ba="0,1" hai="23,24,31,52,56,61,80,81,89,92,99" m="1610" machi="31" ten="30,2900,0" yaku="8,1,54,1" doraHai="14" who="1" fromWho="2" sc="294,0,225,39,377,-29,94,0" /><INIT seed="5,1,0,5,3,85" ten="294,264,348,94" oya="1" hai0="117,28,88,26,91,48,4,98,129,22,13,116,17" hai1="120,122,16,45,104,95,47,84,132,50,55,113,99" hai2="101,40,35,94,27,130,109,89,80,75,36,121,31" hai3="96,87,123,127,42,103,110,65,77,15,133,107,3"/><U37/><E113/><V0/><F0/><W64/><G3/><T70/><D70/><U63/><E132/><V43/><F121/><W78/><G42/><T92/><D129/><U51/><E37/><V24/><F109/><W111/><G15/><T20/><D4/><U18/><E104/><V38/><F101/><W44/><G44/><T57/><D116/><U54/><E84/><V102/><F102/><W6/><G6/><T23/><D117/><U56/><E122/><V30/><F130/><W10/><G10/><T2/><D2/><U112/><E112/><V106/><F106/><W108/><G64/><T86/><D57/><U100/><E120/><V114/><F114/><W74/><G65/><AGARI ba="1,0" hai="16,18,45,47,50,51,54,55,56,63,65,95,99,100" machi="65" ten="30,11600,0" yaku="7,1,9,1,8,1,54,1" doraHai="85" who="1" fromWho="3" sc="294,0,264,119,348,0,94,-119" owari="294,-11.0,383,49.0,348,15.0,-25,-53.0" /></mjloggm>