<mjloggm ver="2.3"><GO type="169" lobby="0"/><UN n0="%E3%83%87%E3%83%87%E3%82%AD%E3%83%B3%E3%83%88" n1="%E9%BA%BB%E9%9B%80%E7%89%87%E6%83%B3%E3%81%84" n2="%E3%82%BF%EF%BD%9E%E5%9D%8A" n3="%E3%82%A6%E3%83%AB%E3%83%88%E3%83%A9%E7%AB%8B%E7%9B%B4" dan="18,16,16,18" rate="2212.73,2146.28,2119.73,2196.74" sx="M,F,M,M"/><TAIKYOKU oya="0"/><INIT seed="0,0,0,0,2,3" ten="250,250,250,250" oya="0" hai0="74,78,42,116,51,79,92,11,62,93,30,73,110" hai1="34,33,29,111,109,82,123,128,16,47,43,89,96" hai2="71,84,104,44,69,28,57,88,70,134,122,120,26" hai3="49,101,108,37,102,65,53,21,17,117,107,81,45"/><T4/><D116/><U39/><E123/><V31/><F134/><W68/><G108/><N who="1" m="41546" /><E29/><V19/><F104/><W18/><G107/><T106/><D106/><U131/><E82/><V85/><F44/><W20/><G37/><T54/><D110/><U22/><E89/><V52/><F19/><W125/><G125/><T63/><D30/><U58/><E58/><V98/><F98/><W100/><G117/><T27/><D27/><N who="1" m="14791" /><E96/><V94/><F85/><W15/><G68/><T5/><D42/><U105/><E105/><V60/><REACH who="2" step="1"/><F31/><REACH who="2" ten="250,250,240,250" step="2"/><W56/><G45/><N who="0" m="28015" /><D74/><U23/><E23/><AGARI ba="0,1" hai="23,26,28,52,57,60,69,70,71,84,88,94,120,122" machi="23" ten="40,5200,0" yaku="1,1,54,2,53,0" doraHai="3" doraHaiUra="132" who="2" fromWho="1" sc="250,0,250,-52,240,62,250,0" /><INIT seed="1,0,0,0,4,83" ten="250,198,302,250" oya="1" hai0="72,86,42,18,102,64,8,118,94,135,30,134,5" hai1="47,77,90,19,120,35,97,76,32,106,74,11,117" hai2="124,112,116,56,24,6,132,50,69,60,44,113,45" hai3="79,21,61,53,22,84,81,37,104,33,65,39,109"/><U28/><E120/><V121/><F6/><W49/><G33/><T73/><D118/><U129/><E117/><V115/><F116/><W4/><G104/><T133/><D30/><U7/><E129/><V99/><F24/><W27/><G4/><T91/><D18/><U96/><E96/><V114/><F99/><W57/><G109/><T103/><D64/><U78/><E19/><V66/><F121/><W119/><G119/><T125/><D42/><U10/><E28/><V100/><F100/><N who="0" m="38442" /><D125/><U131/><E131/><V62/><F124/><W75/><G75/><N who="0" m="28747" /><D5/><U87/><E106/><V31/><F31/><W80/><G80/><T67/><D67/><U111/><E97/><V3/><F132/><N who="0" m="33794" /><T82/><DORA hai="63" /><D8/><U130/><E130/><V110/><F3/><W51/><G51/><T1/><D1/><U26/><E26/><V123/><F115/><W71/><G22/><T92/><AGARI ba="0,0" hai="82,86,91,92,94" m="33794,28747,38442" machi="92" ten="50,8000,1" yaku="20,1,34,2,52,1" doraHai="83,63" who="0" fromWho="0" sc="250,80,198,-40,302,-20,250,-20" /><INIT seed="2,0,0,2,3,74" ten="330,158,282,230" oya="2" hai0="72,22,125,132,98,37,134,96,48,34,61,122,59" hai1="50,21,10,77,53,128,52,40,119,15,51,36,113" hai2="26,31,41,115,46,66,118,63,126,70,88,39,54" hai3="23,120,79,135,56,62,109,133,30,42,14,99,108"/><V95/><F118/><W85/><G42/><T86/><D72/><U35/><E35/><V60/><F126/><W20/><G99/><T18/><D34/><U57/><E119/><V44/><F115/><W107/><G107/><T83/><D37/><U67/><E113/><V76/><F76/><W89/><G120/><T38/><D38/><U43/><E128/><V47/><F60/><W69/><G69/><T19/><D48/><U131/><E131/><V106/><F106/><W91/><G91/><T121/><D125/><U8/><E67/><V87/><REACH who="2" step="1"/><F54/><REACH who="2" ten="330,158,272,230" step="2"/><W78/><G133/><N who="0" m="51307" /><D122/><U114/><E77/><V55/><F55/><W117/><G135/><T124/><D124/><U100/><E114/><V12/><F12/><W81/><G117/><T64/><D121/><U129/><E129/><V25/><F25/><N who="3" m="16679" /><G109/><T29/><D64/><U127/><E127/><V103/><F103/><W65/><G108/><T73/><D73/><U33/><E100/><V111/><F111/><W112/><G112/><T82/><D61/><U123/><E123/><V75/><F75/><W94/><G81/><T28/><D83/><U16/><E33/><AGARI ba="0,1" hai="26,31,33,39,41,44,46,47,63,66,70,87,88,95" machi="33" ten="30,5800,0" yaku="1,1,7,1,54,1,53,0" doraHai="74" doraHaiUra="116" who="2" fromWho="1" sc="330,0,158,-58,272,68,230,0" /><INIT seed="2,1,0,5,1,66" ten="330,100,340,230" oya="2" hai0="60,10,53,31,91,49,13,133,14,0,121,22,104" hai1="112,28,40,132,108,94,35,54,96,75,77,27,68" hai2="107,80,42,15,8,98,51,97,25,85,6,1,95" hai3="93,24,79,122,21,71,61,12,126,123,128,58,115"/><V114/><F114/><W125/><G79/><T86/><D104/><U4/><E112/><V76/><F1/><W83/><G83/><T130/><D121/><U36/><E108/><V48/><F107/><W44/><G115/><T16/><D130/><U89/><E132/><V90/><F25/><W131/><G12/><T73/><D73/><U5/><E54/><V63/><F63/><W99/><G93/><N who="0" m="54519" /><D0/><U64/><E40/><V65/><F65/><N who="3" m="41391" /><G99/><T72/><D72/><U120/><E36/><V55/><F55/><W82/><G82/><T19/><D133/><U111/><E111/><V37/><REACH who="2" step="1"/><F97/><REACH who="2" ten="330,100,330,230" step="2"/><W62/><G24/><N who="0" m="16791" /><D60/><U9/><E120/><N who="3" m="46122" /><G44/><AGARI ba="1,1" hai="6,8,15,37,42,44,48,51,76,80,85,90,95,98" machi="44" ten="40,3900,0" yaku="1,1,53,1" doraHai="66" doraHaiUra="43" who="2" fromWho="3" sc="330,0,100,0,330,52,230,-42" /><INIT seed="2,2,0,5,0,127" ten="330,100,382,188" oya="2" hai0="12,16,5,18,111,76,28,19,117,60,15,43,53" hai1="14,97,128,90,87,65,83,91,21,7,6,81,105" hai2="120,51,37,110,68,3,92,49,50,124,95,34,131" hai3="85,1,106,63,70,48,56,13,0,82,64,79,35"/><V67/><F34/><W57/><G106/><T114/><D114/><U36/><E36/><V101/><F3/><W8/><G35/><T115/><D115/><U113/><E113/><V102/><F37/><W69/><G69/><T52/><D111/><U20/><E65/><V126/><F120/><W66/><G70/><T55/><D117/><U108/><E108/><V23/><F110/><W73/><G73/><T33/><D43/><U80/><E105/><V42/><F42/><W39/><G39/><T9/><D76/><U130/><E97/><V104/><F104/><W132/><G132/><T72/><D72/><U96/><E96/><V46/><F46/><W93/><G93/><N who="2" m="35913" /><F131/><N who="1" m="50217" /><E87/><V59/><F68/><W107/><G107/><T118/><D118/><U44/><E44/><V47/><F47/><W135/><G135/><T121/><D121/><U58/><E58/><V32/><F59/><W22/><G66/><T89/><D60/><U29/><E29/><V2/><F67/><W122/><G57/><T4/><D28/><U125/><E125/><V86/><F124/><W77/><G122/><T62/><D62/><U116/><E116/><V10/><F86/><W54/><G64/><T45/><D45/><U71/><E71/><V98/><F126/><W88/><G63/><T17/><D9/><N who="1" m="4407" /><E7/><N who="2" m="1399" /><F98/><W134/><G134/><T11/><D5/><U94/><E94/><V24/><F102/><W30/><G85/><T100/><D100/><U109/><E109/><V61/><F101/><W31/><G31/><T75/><D75/><U38/><E38/><V26/><F61/><W119/><G119/><RYUUKYOKU ba="2,0" sc="330,-10,100,30,382,-10,188,-10" hai1="20,21,80,81,83,90,91" /><INIT seed="3,3,0,3,5,135" ten="320,130,372,178" oya="3" hai0="59,81,120,110,79,37,43,46,97,119,87,39,45" hai1="67,86,63,21,61,74,76,131,123,38,75,118,49" hai2="2,28,55,69,36,133,100,23,93,129,25,29,103" hai3="96,57,62,105,41,66,10,124,127,128,54,32,50"/><W73/><G73/><T111/><D119/><U27/><E38/><V60/><F36/><W122/><G32/><T1/><D120/><U102/><E123/><V12/><F2/><W51/><G122/><T47/><D1/><U7/><E118/><V109/><F109/><N who="0" m="41482" /><D43/><U4/><E131/><V80/><F129/><W22/><G128/><T34/><D34/><U33/><E33/><V8/><F133/><W112/><G112/><T0/><D0/><U130/><E102/><N who="2" m="38955" /><F93/><W9/><G105/><T78/><D97/><U71/><E61/><V70/><F69/><W18/><G96/><T99/><D99/><U125/><E86/><V53/><F70/><W101/><G101/><T20/><D79/><U11/><E76/><V19/><F80/><W64/><G41/><T24/><D59/><U89/><E89/><V90/><F90/><W16/><G62/><T40/><D40/><U72/><E49/><V58/><F55/><W17/><G22/><T91/><D91/><U117/><E117/><V94/><F94/><W77/><G77/><T106/><D106/><U134/><E134/><V5/><AGARI ba="3,0" hai="5,8,12,19,23,25,28,29,53,58,60" m="38955" machi="5" ten="30,1100,0" yaku="8,1" doraHai="135" who="2" fromWho="2" sc="320,-6,130,-6,372,20,178,-8" /><INIT seed="4,0,0,4,0,50" ten="314,124,392,170" oya="0" hai0="122,23,25,100,45,126,124,39,64,133,10,38,7" hai1="42,91,4,128,103,43,0,17,83,37,3,48,87" hai2="19,31,130,104,20,108,67,113,123,33,65,131,70" hai3="54,36,26,84,72,30,85,89,118,119,77,132,135"/><T16/><D122/><U57/><E128/><N who="2" m="49195" /><F104/><W92/><G36/><T9/><D100/><U2/><E103/><V101/><F101/><W35/><G72/><T15/><D64/><N who="2" m="24650" /><F70/><W80/><REACH who="3" step="1"/><G54/><REACH who="3" ten="314,124,392,160" step="2"/><T1/><D39/><U129/><E37/><V115/><F123/><W53/><G53/><T94/><D38/><U125/><E129/><V66/><F66/><W34/><G34/><T114/><D114/><U52/><E125/><N who="0" m="48233" /><D45/><U95/><E4/><V102/><F113/><W112/><G112/><T117/><D117/><AGARI ba="0,1" hai="26,30,35,77,80,84,85,89,92,117,118,119,132,135" machi="117" ten="40,1300,0" yaku="1,1,53,0" doraHai="50" doraHaiUra="51" who="3" fromWho="0" sc="314,-13,124,0,392,0,160,23" /><INIT seed="5,0,0,0,0,98" ten="301,124,392,183" oya="1" hai0="51,119,27,63,101,125,93,108,48,113,112,39,100" hai1="57,82,22,50,106,71,6,41,43,110,45,15,7" hai2="66,65,76,36,131,83,29,99,10,26,53,91,55" hai3="80,134,96,16,117,18,13,61,67,17,56,42,31"/><U30/><E106/><V25/><F36/><W127/><G127/><T78/><D108/><U81/><E71/><V35/><F131/><W1/><G1/><T38/><D119/><U64/><E41/><V133/><F133/><W19/><G134/><T85/><D125/><U121/><E121/><V114/><F114/><N who="0" m="44138" /><D63/><N who="1" m="37999" /><E110/><V135/><F10/><W52/><G117/><T4/><D4/><N who="1" m="1579" /><E15/><V62/><F65/><W94/><G31/><T2/><D2/><U46/><E46/><V115/><F26/><AGARI ba="0,0" hai="22,26,30,43,45,50,81,82" m="1579,37999" machi="26" ten="30,1500,0" yaku="8,1" doraHai="98" who="1" fromWho="2" sc="301,0,124,15,392,-15,183,0" /><INIT seed="5,1,0,2,5,128" ten="301,139,377,183" oya="1" hai0="133,87,62,31,86,117,30,39,123,18,104,3,122" hai1="64,70,93,89,98,8,132,25,97,83,75,116,16" hai2="43,2,125,24,23,37,56,101,90,120,74,69,4" hai3="67,12,15,92,52,33,82,59,41,55,36,47,73"/><U111/><E116/><V28/><F69/><W100/><G33/><T0/><D117/><U1/><E111/><V22/><F74/><W106/><G106/><T113/><D104/><U114/><E114/><V26/><F120/><N who="0" m="46122" /><D113/><U91/><E70/><V72/><F72/><W105/><G105/><T44/><D62/><U102/><E64/><V57/><F125/><W110/><G55/><T53/><D18/><U80/><E1/><N who="0" m="585" /><D133/><U95/><E132/><V20/><F101/><W126/><G126/><T135/><D135/><U61/><E61/><V7/><F2/><W46/><G46/><T38/><D53/><U21/><E75/><V19/><F23/><W60/><G67/><T65/><D65/><U78/><E78/><V49/><F37/><N who="0" m="13834" /><D44/><U79/><E79/><V118/><F118/><W134/><G134/><T107/><D107/><U121/><E121/><V29/><F19/><W35/><G110/><T85/><AGARI ba="1,0" hai="30,31,85,86,87" m="13834,585,46122" machi="85" ten="40,5200,0" yaku="28,2,13,1" doraHai="128" who="0" fromWho="0" sc="301,55,139,-27,377,-14,183,-14" /><INIT seed="6,0,0,1,2,76" ten="356,112,363,169" oya="2" hai0="29,87,98,89,71,60,116,126,127,30,92,130,129" hai1="131,58,119,48,23,88,123,132,114,55,57,75,62" hai2="81,3,115,10,22,13,40,95,14,12,68,11,99" hai3="108,94,18,120,44,17,110,78,5,109,135,53,31"/><V33/><F33/><W121/><G53/><T42/><D42/><U70/><E119/><V39/><F68/><W111/><G44/><T112/><D71/><U107/><E114/><V73/><F115/><W103/><G111/><T27/><D60/><U59/><E75/><V100/><F14/><W67/><G67/><T34/><D116/><U63/><E107/><V80/><F39/><W52/><G52/><T43/><D43/><U4/><E131/><N who="0" m="50185" /><D112/><U37/><E132/><V46/><F73/><W15/><G78/><T41/><D41/><U96/><E37/><V69/><F69/><W35/><G94/><N who="0" m="54591" /><D30/><U45/><E4/><N who="2" m="3143" /><F3/><W32/><G103/><AGARI ba="0,0" hai="27,29,34,92,98,103,126,127" m="54591,50185" machi="103" ten="30,1000,0" yaku="19,1" doraHai="76" who="0" fromWho="3" sc="356,10,112,0,363,0,169,-10" /><INIT seed="7,0,0,0,2,86" ten="366,112,363,159" oya="3" hai0="102,46,89,59,24,123,131,52,126,109,70,3,55" hai1="100,101,25,111,77,115,121,42,14,27,76,28,81" hai2="125,47,135,41,0,65,71,78,118,94,128,73,49" hai3="4,113,110,36,30,10,40,53,106,13,68,62,34"/><W98/><G113/><T132/><D70/><U122/><E111/><V64/><F118/><W74/><G74/><T105/><D109/><U107/><E115/><V66/><F0/><W60/><G60/><T119/><D119/><U54/><E77/><V18/><F128/><W2/><G53/><T99/><D131/><U48/><E27/><V39/><F125/><W12/><G40/><T1/><D126/><U133/><E133/><V92/><F135/><W26/><G36/><T75/><D123/><U67/><E67/><V22/><F73/><W93/><G110/><T120/><D120/><U21/><E42/><V114/><F114/><W84/><G84/><T63/><D75/><U44/><E107/><V129/><F78/><W19/><G19/><T29/><D89/><U108/><E108/><V69/><F129/><W32/><G32/><T95/><D105/><U33/><E121/><V17/><F39/><W103/><REACH who="3" step="1"/><G93/><REACH who="3" ten="366,112,363,149" step="2"/><N who="2" m="35945" /><F69/><W31/><G31/><T5/><D132/><U16/><REACH who="1" step="1"/><E122/><REACH who="1" ten="366,102,363,149" step="2"/><V127/><F71/><W23/><G23/><T58/><D29/><U61/><E61/><V112/><F112/><W51/><G51/><T104/><D104/><U8/><E8/><V38/><F38/><W72/><G72/><AGARI ba="0,2" hai="14,16,21,25,28,33,44,48,54,72,76,81,100,101" machi="72" ten="30,3900,0" yaku="1,1,7,1,54,1,53,0" doraHai="86" doraHaiUra="85" who="1" fromWho="3" sc="366,0,102,59,363,0,149,-39" owari="366,47.0,161,-24.0,363,16.0,110,-39.0" /></mjloggm>