<mjloggm ver="2.3"><GO type="169" lobby="0"/><UN n0="%73%74%61%79%62" n1="%E3%82%A6%E3%83%AB%E3%83%88%E3%83%A9%E7%AB%8B%E7%9B%B4" n2="%44%26%46" n3="%E3%81%A4%E3%81%A3%E3%81%8D%EF%BD%9E%32%6E%64" dan="16,18,16,16" rate="2059.29,2198.15,2077.71,2088.07" sx="M,M,M,F"/><TAIKYOKU oya="0"/><INIT seed="0,0,0,4,0,92" ten="250,250,250,250" oya="0" hai0="51,16,52,86,9,87,6,72,25,120,80,76,94" hai1="67,64,37,77,27,35,57,122,48,0,97,107,78" hai2="100,45,3,14,63,34,46,124,30,28,90,126,125" hai3="13,33,119,55,116,10,73,133,70,65,12,71,24"/><T95/><D120/><U2/><E37/><V102/><F3/><W21/><G33/><T85/><D25/><U114/><E122/><V20/><F34/><W41/><G133/><T110/><D110/><U111/><E111/><V129/><F129/><W69/><G65/><T43/><D43/><U101/><E114/><V18/><F63/><W93/><G73/><T108/><D108/><U40/><E67/><V54/><F90/><W60/><G41/><T58/><REACH who="0" step="1"/><D16/><REACH who="0" ten="240,250,250,250" step="2"/><U23/><E40/><V84/><F30/><W32/><G24/><T7/><D7/><U1/><E35/><V81/><F28/><W99/><G32/><T79/><D79/><U106/><E27/><V17/><F17/><W83/><G13/><AGARI ba="0,1" hai="6,9,13,51,52,58,72,76,80,85,86,87,94,95" machi="13" ten="40,7700,0" yaku="1,1,54,1,53,1" doraHai="92" doraHaiUra="47" who="0" fromWho="3" sc="240,87,250,0,250,0,250,-77" /><INIT seed="0,1,0,5,4,118" ten="327,250,250,173" oya="0" hai0="86,32,89,87,52,134,135,67,83,31,123,119,57" hai1="122,17,92,74,101,90,102,95,115,5,61,82,64" hai2="106,108,96,16,15,76,35,100,19,54,37,47,55" hai3="91,117,62,28,133,129,9,56,12,26,24,71,30"/><T105/><D119/><U80/><E5/><V25/><F108/><W60/><G117/><T94/><D105/><U107/><E17/><V8/><F76/><W21/><G129/><T125/><D67/><U46/><E61/><V79/><F79/><W69/><G133/><N who="0" m="50699" /><D125/><U97/><E46/><V66/><F66/><W40/><G91/><N who="0" m="51679" /><D31/><U65/><E65/><V2/><F2/><W41/><G56/><T42/><D42/><U112/><E64/><V39/><F19/><W73/><G73/><T128/><D32/><U50/><E50/><V53/><REACH who="2" step="1"/><F47/><REACH who="2" ten="327,250,240,173" step="2"/><W99/><G71/><T49/><D128/><U78/><E115/><V18/><F18/><W33/><G69/><T4/><D4/><U1/><E1/><V84/><F84/><W109/><G109/><T48/><D123/><U23/><E112/><V38/><F38/><W68/><G68/><T111/><D111/><U45/><E45/><V10/><F10/><W6/><G9/><T81/><D81/><N who="1" m="45271" /><E122/><V13/><F13/><W59/><G12/><T63/><AGARI ba="1,1" hai="48,49,52,57,63,87,89,94" m="51679,50699" machi="63" ten="30,3000,0" yaku="20,1,54,1" doraHai="118" who="0" fromWho="0" sc="327,43,250,-11,240,-11,173,-11" /><INIT seed="0,2,0,2,0,118" ten="370,239,229,162" oya="0" hai0="113,26,65,50,124,61,62,38,126,13,43,8,49" hai1="119,47,89,22,76,35,60,19,92,24,99,85,30" hai2="95,12,42,74,94,20,134,86,111,44,125,32,18" hai3="5,100,72,79,81,10,9,14,135,75,78,71,117"/><T41/><D26/><U17/><E119/><V29/><F74/><W34/><G117/><T51/><D13/><U4/><E4/><V122/><F122/><W57/><G71/><N who="0" m="42415" /><D8/><U93/><E35/><V66/><F125/><N who="0" m="48234" /><D113/><U37/><E37/><V115/><F115/><W108/><G108/><T104/><D104/><U131/><E131/><V114/><F114/><W46/><G135/><T129/><D129/><U82/><E47/><V123/><F123/><W132/><G132/><T130/><D130/><U21/><E60/><V69/><F134/><W133/><G133/><T68/><D38/><U96/><REACH who="1" step="1"/><E22/><REACH who="1" ten="370,229,229,162" step="2"/><V36/><F20/><W80/><G34/><T84/><D62/><U73/><E73/><V102/><F32/><W23/><G23/><T83/><D68/><U31/><E31/><V87/><F29/><W6/><G75/><T11/><D11/><U25/><E25/><V3/><F69/><W27/><G27/><T88/><AGARI ba="2,1" hai="41,43,49,50,51,83,84,88" m="48234,42415" machi="88" ten="30,3000,0" yaku="18,1,54,1" doraHai="118" who="0" fromWho="0" sc="370,46,229,-12,229,-12,162,-12" /><INIT seed="0,3,0,2,1,89" ten="416,217,217,150" oya="0" hai0="93,63,54,26,13,104,90,80,126,97,70,102,32" hai1="133,47,61,74,6,37,87,107,27,75,31,46,42" hai2="115,40,135,15,64,120,76,134,52,21,119,127,132" hai3="14,49,100,39,60,20,110,4,91,66,112,58,10"/><T29/><D126/><U85/><E107/><V130/><F40/><W2/><G112/><T38/><D38/><U84/><E133/><V124/><F64/><W53/><G110/><T59/><D70/><U111/><E111/><V73/><F115/><W28/><G39/><T44/><D44/><U30/><E6/><V48/><F76/><W67/><G100/><T5/><D80/><U1/><E1/><V118/><F73/><W17/><G60/><T116/><D116/><N who="2" m="44586" /><F120/><W69/><G69/><T45/><D45/><U77/><E77/><V11/><F21/><W57/><G57/><T129/><D129/><U128/><E128/><V65/><F65/><W123/><G123/><T117/><D117/><U12/><E47/><N who="2" m="27679" /><F130/><W78/><G78/><T3/><D3/><U62/><E74/><V9/><F15/><W95/><REACH who="3" step="1"/><G28/><REACH who="3" ten="416,217,217,140" step="2"/><T0/><D63/><U22/><E31/><V96/><F124/><W131/><G131/><T122/><D29/><U68/><E68/><V36/><F36/><W34/><G34/><T72/><D32/><U113/><E113/><V114/><F114/><W101/><G101/><T94/><D102/><U16/><REACH who="1" step="1"/><E75/><REACH who="1" ten="416,207,217,140" step="2"/><V99/><F127/><W82/><G82/><T41/><D72/><U23/><AGARI ba="3,2" hai="12,16,22,23,27,30,37,42,46,61,62,84,85,87" machi="23" ten="30,7900,0" yaku="1,1,2,1,0,1,54,1,53,0" doraHai="89" doraHaiUra="103" who="1" fromWho="1" sc="416,-42,207,108,217,-23,140,-23" /><INIT seed="1,0,0,1,0,105" ten="374,315,194,117" oya="1" hai0="120,108,13,87,66,71,131,100,123,134,14,17,39" hai1="92,78,101,79,82,124,128,67,46,50,125,25,44" hai2="58,88,121,23,103,115,8,54,53,72,102,69,122" hai3="0,11,104,111,41,7,129,64,22,93,10,15,85"/><U116/><E116/><V110/><F69/><W26/><G111/><T18/><D108/><U133/><E67/><V95/><F110/><W34/><G104/><T89/><D39/><U114/><E114/><V109/><F109/><W24/><G41/><T52/><D100/><U76/><E25/><V45/><F23/><W9/><G64/><T75/><D75/><U113/><E113/><V48/><F72/><W91/><G129/><T55/><D131/><U96/><E128/><V56/><F115/><W38/><G38/><T80/><D66/><U77/><E133/><V60/><F121/><N who="0" m="46666" /><D71/><U35/><E35/><V20/><F122/><W132/><G132/><T40/><D40/><U83/><E83/><V5/><F20/><W36/><G36/><T68/><D68/><U49/><E44/><V33/><F45/><W2/><G2/><T70/><D70/><U28/><E28/><V6/><F33/><W19/><REACH who="3" step="1"/><G0/><REACH who="3" ten="374,315,194,107" step="2"/><T130/><D134/><U118/><E118/><V63/><F48/><W65/><G65/><T107/><D107/><U81/><E50/><V127/><F127/><W97/><G97/><T30/><D130/><U21/><E124/><V94/><F8/><W4/><G4/><T62/><D55/><U1/><E1/><V135/><F135/><W74/><G74/><T16/><D30/><AGARI ba="0,1" hai="7,9,10,11,15,19,22,24,26,30,34,85,91,93" machi="30" ten="40,1300,0" yaku="1,1,53,0" doraHai="105" doraHaiUra="57" who="3" fromWho="0" sc="374,-13,315,0,194,0,107,23" /><INIT seed="2,0,0,1,4,130" ten="361,315,194,130" oya="2" hai0="17,55,57,41,60,127,128,74,77,48,64,105,5" hai1="54,123,71,110,30,35,0,92,25,63,115,58,44" hai2="94,118,75,14,12,34,101,42,31,106,97,81,19" hai3="49,107,65,98,113,122,102,51,45,79,24,117,53"/><V133/><F118/><W73/><G117/><T9/><D105/><U114/><E0/><V33/><F31/><W32/><G122/><T46/><D128/><U21/><E123/><V103/><F103/><W120/><G120/><T83/><D127/><U29/><E110/><V27/><F27/><W28/><G113/><T37/><D17/><U116/><E116/><V26/><F26/><W93/><G51/><T121/><D121/><U18/><E71/><V52/><F42/><W126/><G126/><T70/><D9/><U87/><E35/><V89/><F12/><W61/><G79/><T67/><D64/><U69/><E69/><V22/><F133/><W80/><G80/><T13/><D13/><U88/><REACH who="1" step="1"/><E44/><REACH who="1" ten="361,305,194,130" step="2"/><V134/><F33/><W124/><G124/><T43/><D70/><U66/><E66/><V20/><F34/><W50/><G65/><T112/><D112/><AGARI ba="0,1" hai="18,21,25,29,30,54,58,63,87,88,92,112,114,115" machi="112" ten="40,2600,0" yaku="1,1,54,1,53,0" doraHai="130" doraHaiUra="125" who="1" fromWho="0" sc="361,-26,305,36,194,0,130,0" /><INIT seed="3,0,0,0,1,116" ten="335,341,194,130" oya="3" hai0="129,4,91,105,57,99,54,76,21,36,41,118,68" hai1="122,126,13,109,27,81,33,67,80,113,50,60,112" hai2="62,108,31,120,19,124,128,83,52,43,25,77,61" hai3="75,110,85,28,101,97,55,82,17,49,42,7,107"/><W24/><G75/><T125/><D118/><U46/><E13/><V9/><F43/><W71/><G110/><T103/><D68/><U73/><E81/><V44/><F108/><W132/><G132/><T95/><D125/><U26/><E26/><V106/><F106/><W39/><G7/><T72/><D129/><U1/><E1/><V15/><F124/><W59/><G71/><T3/><D4/><U64/><E64/><V119/><F119/><W66/><G66/><T47/><D3/><U133/><E109/><V78/><F128/><W16/><G39/><T98/><D72/><U94/><E94/><V88/><F62/><W34/><REACH who="3" step="1"/><G42/><REACH who="3" ten="335,341,194,120" step="2"/><T74/><D74/><U20/><E67/><V12/><F77/><AGARI ba="0,1" hai="16,17,24,28,34,49,55,59,77,82,85,97,101,107" machi="77" ten="30,12000,1" yaku="1,1,2,1,7,1,54,1,53,1" doraHai="116" doraHaiUra="102" who="3" fromWho="2" sc="335,0,341,0,194,-120,120,130" /><INIT seed="3,1,0,0,0,104" ten="335,341,74,250" oya="3" hai0="60,43,28,81,88,36,18,126,59,69,111,53,21" hai1="45,71,37,42,57,0,13,78,30,55,96,77,10" hai2="20,16,79,72,54,131,83,134,119,32,29,75,34" hai3="14,84,19,2,52,5,106,124,4,44,46,118,11"/><W58/><G118/><T67/><D111/><U9/><E30/><V133/><F119/><W98/><G124/><T90/><D28/><U112/><E112/><V82/><F131/><W7/><G2/><T63/><D126/><U26/><E26/><V115/><F115/><W64/><G64/><T70/><D70/><U122/><E122/><V73/><F54/><W1/><G1/><T92/><D81/><N who="2" m="30730" /><F29/><W6/><N who="3" m="1024" /><DORA hai="102" /><W97/><G84/><T85/><D90/><U48/><E0/><V27/><F79/><W128/><G128/><T132/><D132/><AGARI ba="1,0" hai="16,20,27,32,34,72,73,75,132,133,134" m="30730" machi="132" ten="40,8000,1" yaku="20,1,52,3,54,1" doraHai="104,102" who="2" fromWho="0" sc="335,-83,341,0,74,83,250,0" /><INIT seed="4,0,0,3,5,35" ten="252,341,157,250" oya="0" hai0="132,9,100,115,0,7,24,71,28,113,118,20,45" hai1="83,80,117,13,56,85,61,6,124,38,63,108,94" hai2="66,75,48,25,88,114,120,91,123,52,119,95,2" hai3="18,34,93,50,41,55,65,99,131,111,17,126,135"/><T32/><D118/><U92/><E38/><V86/><F75/><W133/><G111/><T129/><D71/><U134/><E108/><V116/><F114/><N who="0" m="43530" /><D100/><U68/><E68/><V5/><F66/><W76/><G41/><T12/><D45/><U23/><E124/><V53/><F25/><W107/><G107/><T72/><D72/><U82/><E134/><V51/><F5/><W98/><G126/><T27/><D132/><U57/><E117/><V128/><F128/><W130/><G65/><T96/><D96/><U62/><E85/><V15/><F15/><W60/><G34/><T81/><D81/><U74/><E74/><V31/><F86/><W47/><G76/><T64/><D64/><U97/><E6/><V69/><F95/><N who="1" m="36393" /><E97/><V30/><F69/><W36/><G99/><T112/><D112/><U110/><E110/><V104/><F104/><W1/><G36/><T22/><D129/><U3/><E3/><AGARI ba="0,0" hai="2,3,30,31,48,51,52,53,88,91,116,119,120,123" machi="3" ten="25,12000,2" yaku="22,2,52,2,54,2" doraHai="35" who="2" fromWho="1" sc="252,0,341,-120,157,120,250,0" /><INIT seed="5,0,0,3,1,112" ten="252,221,277,250" oya="1" hai0="30,78,32,135,47,101,49,123,24,44,104,20,89" hai1="84,103,97,85,134,54,120,73,129,128,40,14,57" hai2="64,58,74,21,92,26,88,46,27,76,95,65,126" hai3="131,96,98,62,114,0,108,113,36,5,107,90,115"/><U110/><E40/><V34/><F126/><W9/><G108/><T77/><D123/><U38/><E38/><V72/><F76/><N who="0" m="29290" /><D32/><U8/><E73/><V132/><F132/><W122/><G122/><T99/><D104/><U18/><E120/><V2/><F2/><W35/><G131/><N who="1" m="50250" /><E134/><V102/><F102/><N who="3" m="62935" /><G35/><T133/><D101/><U42/><E42/><V109/><F109/><W82/><G36/><T69/><D69/><U50/><E110/><V124/><F46/><W68/><G82/><T106/><D106/><AGARI ba="0,0" hai="8,14,18,50,54,57,84,85,97,103,106" m="50250" machi="106" ten="30,1500,0" yaku="19,1" doraHai="112" who="1" fromWho="0" sc="252,-15,221,15,277,0,250,0" /><INIT seed="5,1,0,5,5,89" ten="237,236,277,250" oya="1" hai0="26,72,30,102,39,28,110,119,57,49,90,0,29" hai1="54,3,35,58,97,59,11,12,20,130,1,80,7" hai2="115,45,63,77,31,104,123,9,85,53,51,83,5" hai3="92,2,78,36,15,116,13,134,84,38,42,120,69"/><U98/><E35/><V24/><F104/><W122/><G2/><T6/><D39/><U47/><E130/><V118/><F123/><W43/><G69/><T48/><D72/><U75/><E1/><V73/><F115/><W25/><G25/><T112/><D110/><U103/><E47/><V117/><F63/><W124/><G134/><T22/><D119/><U128/><E128/><V74/><F74/><W21/><G124/><T94/><D112/><U62/><E59/><V125/><F73/><W126/><G21/><T133/><D102/><U71/><E71/><V132/><F132/><W105/><G84/><T4/><D133/><U10/><E20/><V17/><F17/><W135/><G135/><T76/><D76/><U14/><E3/><V70/><F70/><W129/><G78/><T99/><D0/><U67/><E80/><V44/><F44/><W56/><G56/><T52/><D49/><U127/><E75/><V18/><F18/><AGARI ba="1,0" hai="4,6,18,22,26,28,29,30,48,52,57,90,94,99" machi="18" ten="40,5200,0" yaku="8,1,52,1,54,1" doraHai="89" who="0" fromWho="2" sc="237,55,236,0,277,-55,250,0" /><INIT seed="6,0,0,1,0,0" ten="292,236,222,250" oya="2" hai0="109,4,113,62,55,119,120,96,110,63,115,51,20" hai1="52,21,41,38,25,68,79,90,130,30,124,10,40" hai2="126,78,95,75,132,35,31,19,101,108,22,88,33" hai3="14,34,92,65,47,76,93,114,50,2,103,135,64"/><V43/><F101/><W84/><G2/><T77/><D120/><U1/><E68/><V67/><F132/><W71/><G135/><T53/><D119/><U86/><E79/><V28/><F126/><W74/><G74/><T128/><D77/><U118/><E38/><V5/><F43/><W89/><G114/><N who="0" m="43531" /><D128/><U134/><E130/><V6/><F35/><W58/><G71/><T61/><D4/><N who="2" m="1642" /><F33/><W131/><G76/><T7/><D7/><U121/><E124/><V97/><F75/><W59/><G34/><T17/><D96/><U15/><E1/><V106/><F106/><W46/><G14/><N who="0" m="9271" /><D55/><U49/><E118/><V11/><F78/><W72/><G72/><T87/><D87/><U12/><E121/><V27/><F108/><W48/><G131/><T24/><D24/><U42/><E10/><V111/><F111/><W8/><G103/><T83/><D110/><U85/><E134/><V3/><F3/><W133/><G133/><T36/><D36/><U127/><E127/><V116/><F116/><W44/><G89/><T26/><D26/><U57/><REACH who="1" step="1"/><E86/><REACH who="1" ten="292,226,222,250" step="2"/><V29/><F11/><W122/><G8/><T102/><D109/><U66/><E66/><AGARI ba="0,1" hai="19,22,27,28,29,31,66,67,88,95,97" m="1642" machi="66" ten="30,12000,1" yaku="8,1,52,3,54,1" doraHai="0" who="2" fromWho="1" sc="292,0,226,-120,222,130,250,0" /><INIT seed="6,1,0,4,5,44" ten="292,106,352,250" oya="2" hai0="58,111,131,56,93,79,28,82,22,76,122,74,50" hai1="106,66,78,55,72,98,35,110,135,8,36,37,61" hai2="133,69,49,104,15,65,59,123,13,97,89,10,102" hai3="9,68,117,46,18,85,87,31,100,0,130,41,20"/><V21/><F69/><W109/><G109/><T91/><D122/><U134/><E8/><V80/><F133/><N who="1" m="50697" /><E35/><V120/><F21/><W114/><G117/><T16/><D131/><U101/><E78/><V116/><F116/><W128/><G68/><T121/><D111/><U119/><E72/><V2/><F2/><W113/><G31/><T42/><D28/><U63/><E110/><V92/><F15/><W38/><G100/><T34/><D34/><U67/><E119/><V105/><F80/><W71/><G71/><T4/><D4/><U107/><E98/><V53/><F65/><N who="1" m="24585" /><E101/><V125/><F125/><W62/><G62/><N who="1" m="23562" /><E55/><V5/><F105/><AGARI ba="1,0" hai="36,37,105,106,107" m="23562,24585,50697" machi="105" ten="40,5200,0" yaku="28,2,20,1" doraHai="44" who="1" fromWho="2" sc="292,0,106,55,352,-55,250,0" /><INIT seed="7,0,0,1,3,102" ten="292,161,297,250" oya="3" hai0="41,75,133,53,96,58,92,20,17,31,3,82,59" hai1="64,57,61,80,35,66,45,43,78,44,88,29,123" hai2="50,115,91,42,70,117,2,126,125,67,135,104,11" hai3="100,62,23,24,22,89,79,116,127,7,90,13,109"/><W16/><G116/><T40/><D3/><U15/><E123/><V108/><F108/><W68/><G127/><N who="2" m="48649" /><F117/><W47/><G109/><T55/><D133/><U9/><E35/><V36/><F36/><W110/><G110/><T33/><D31/><U103/><E29/><V94/><F104/><W99/><G79/><T131/><D82/><U87/><E103/><V128/><F128/><W76/><G76/><T37/><D75/><U93/><E43/><N who="0" m="16457" /><D33/><U6/><REACH who="1" step="1"/><E66/><REACH who="1" ten="292,151,297,250" step="2"/><V63/><F67/><N who="3" m="41079" /><G100/><N who="0" m="60423" /><D131/><U124/><E124/><V38/><F135/><W122/><G122/><T4/><D37/><U52/><E52/><N who="0" m="20041" /><D4/><U84/><AGARI ba="0,1" hai="6,9,15,44,45,57,61,64,78,80,84,87,88,93" machi="84" ten="20,8000,1" yaku="1,1,0,1,7,1,8,1,54,1,53,0" doraHai="102" doraHaiUra="39" who="1" fromWho="1" sc="292,-20,151,90,297,-20,250,-40" /><INIT seed="8,0,0,0,4,94" ten="272,241,277,210" oya="0" hai0="129,26,69,116,16,88,54,99,32,40,97,128,62" hai1="76,130,61,74,55,103,107,51,96,3,6,15,20" hai2="41,135,77,31,73,35,109,33,95,125,24,52,123" hai3="126,111,53,42,89,120,44,81,104,57,9,127,39"/><T37/><D116/><U83/><E130/><N who="0" m="50281" /><D37/><U119/><E119/><V58/><F123/><W17/><G111/><T80/><D40/><U19/><E61/><V21/><F109/><W108/><G108/><T14/><D26/><U105/><E6/><V60/><F125/><N who="3" m="47627" /><G104/><T30/><D30/><U5/><E5/><V56/><F41/><W36/><G120/><T49/><D32/><U101/><E3/><V131/><F131/><W1/><G39/><T86/><D62/><U27/><E27/><V68/><F68/><W11/><G1/><T2/><D69/><U114/><E114/><V82/><F135/><W63/><G17/><T98/><D2/><U48/><REACH who="1" step="1"/><E55/><REACH who="1" ten="272,231,277,210" step="2"/><V85/><F52/><W112/><G112/><T47/><D14/><U122/><E122/><V72/><F60/><W118/><G118/><T92/><D16/><U132/><E132/><V121/><F121/><W43/><G43/><T91/><AGARI ba="0,1" hai="47,49,54,80,86,88,91,92,97,98,99" m="50281" machi="91" ten="30,12000,1" yaku="19,1,52,3,54,1" doraHai="94" who="0" fromWho="0" sc="272,130,231,-40,277,-40,210,-40" owari="402,50.0,191,-21.0,237,4.0,170,-33.0" /></mjloggm>