<mjloggm ver="2.3"><GO type="41" lobby="0"/><UN n0="%E3%82%AE%E3%83%B3%E3%82%AE%E3%83%B3%42%42" n1="%41%4C%45%58%34%39" n2="%E5%B0%B1%E6%B4%BB%E7%94%9F%40%E5%B7%9D%E6%9D%91%E8%BB%8D%E5%9B%A3" n3="%E5%A7%AB%E3%81%AE%E4%BD%BF%E3%81%84%E5%8F%A4%E3%81%97%E3%81%9F%E8%B1%86" dan="13,14,18,14" rate="1874.46,1943.56,2170.41,2020.53" sx="M,M,M,F"/><TAIKYOKU oya="0"/><INIT seed="0,0,0,2,3,117" ten="250,250,250,250" oya="0" hai0="119,8,86,69,57,52,42,116,78,66,113,95,58" hai1="84,6,65,97,63,34,105,129,59,30,92,2,53" hai2="21,56,47,4,35,36,93,20,9,39,23,87,24" hai3="51,85,89,16,79,0,126,127,41,7,112,131,109"/><T76/><D113/><U61/><E2/><V62/><F35/><W128/><G79/><T88/><D42/><U96/><E6/><V13/><F47/><W107/><G107/><T3/><D69/><U83/><E105/><V28/><F39/><W73/><G73/><T75/><D75/><U98/><E129/><V68/><F68/><W10/><G41/><T50/><D119/><U31/><E34/><V101/><F36/><W72/><G72/><T26/><D26/><U134/><E92/><V12/><F12/><W67/><G67/><T132/><D132/><U38/><E38/><V94/><F94/><W71/><G71/><T49/><D116/><U108/><E108/><V102/><F102/><W19/><G51/><T80/><D66/><U74/><E74/><V45/><F45/><W81/><G112/><T55/><D80/><U33/><E33/><V106/><F106/><W60/><G60/><T37/><D37/><U14/><E14/><V77/><F77/><W32/><G32/><T18/><D3/><U15/><E15/><AGARI ba="0,0" hai="8,15,18,49,50,52,55,57,58,76,78,86,88,95" machi="15" ten="40,12000,1" yaku="9,1,8,1,54,2" doraHai="117" who="0" fromWho="1" sc="250,120,250,-120,250,0,250,0" /><INIT seed="0,1,0,1,2,130" ten="370,130,250,250" oya="0" hai0="123,85,92,127,45,26,37,2,105,87,19,22,108" hai1="66,79,11,51,5,4,115,119,84,59,27,134,55" hai2="47,12,57,110,61,125,74,82,95,21,46,28,16" hai3="133,65,10,20,128,76,102,41,104,83,75,132,50"/><T34/><D123/><U8/><E119/><V94/><F110/><W63/><G128/><T58/><D34/><U3/><E66/><V124/><F28/><W40/><G10/><T68/><D68/><U31/><E79/><V126/><F82/><W33/><G33/><T114/><D105/><U120/><E84/><V80/><F80/><W53/><G20/><T30/><D114/><U135/><E120/><V116/><F74/><W44/><G102/><T67/><D108/><U113/><E51/><V32/><F32/><W54/><G54/><T7/><D127/><U97/><E55/><V107/><F107/><W90/><G90/><T77/><D77/><U121/><E59/><V106/><F106/><W131/><G104/><T69/><D69/><U48/><E48/><V122/><F122/><W129/><G129/><T62/><D92/><N who="2" m="35370" /><F116/><W99/><G99/><T73/><D73/><U39/><E97/><V56/><F56/><W6/><G6/><T38/><D38/><U25/><E39/><V9/><F21/><W109/><G109/><T64/><D64/><AGARI ba="1,0" hai="9,12,16,46,47,57,61,64,124,125,126" m="35370" machi="64" ten="30,2000,0" yaku="18,1,54,1" doraHai="130" who="2" fromWho="0" sc="370,-23,130,0,250,23,250,0" /><INIT seed="1,0,0,4,0,89" ten="347,130,273,250" oya="1" hai0="108,17,97,41,126,6,21,61,131,0,134,125,62" hai1="32,76,55,8,118,60,65,70,93,1,96,98,109" hai2="34,14,114,124,33,9,64,113,95,87,77,23,35" hai3="42,20,51,63,129,58,72,10,30,133,26,111,7"/><U37/><E37/><V12/><F64/><W3/><G72/><T44/><D108/><U24/><E118/><V16/><F124/><N who="0" m="47722" /><D97/><U69/><E69/><V43/><F43/><W52/><G129/><T28/><D131/><U53/><E76/><V103/><F77/><W85/><G133/><T40/><D134/><U130/><E98/><V27/><F103/><W45/><G85/><T91/><D91/><U39/><E39/><V86/><F95/><W115/><G115/><N who="2" m="44041" /><F87/><W74/><G74/><T50/><D41/><U132/><E132/><V119/><F86/><W56/><G56/><T92/><D28/><U80/><E80/><V101/><F101/><W83/><G111/><T47/><D47/><U54/><E130/><V29/><F119/><W71/><G71/><T78/><D78/><U100/><E109/><V110/><F110/><W90/><G90/><T84/><D84/><U82/><E82/><V128/><F128/><W135/><G83/><T123/><D92/><U13/><E1/><V5/><AGARI ba="0,0" hai="5,9,12,14,16,23,27,29,33,34,35" m="44041" machi="5" ten="30,7900,0" yaku="11,1,34,2,54,1" doraHai="89" who="2" fromWho="2" sc="347,-20,130,-39,273,79,250,-20" /><INIT seed="2,0,0,4,4,122" ten="327,91,352,230" oya="2" hai0="106,129,6,65,123,26,130,84,91,85,83,9,36" hai1="112,71,86,68,66,47,29,113,17,48,89,10,15" hai2="35,22,50,81,40,12,115,56,118,60,126,131,28" hai3="37,16,31,64,110,70,124,73,62,132,27,135,38"/><V93/><F35/><W30/><G73/><T90/><D36/><U51/><E29/><V88/><F118/><W100/><G100/><T95/><D123/><U119/><E119/><V79/><F115/><W104/><G104/><T101/><D65/><U46/><E66/><V114/><F114/><W58/><G124/><T92/><D26/><U72/><E72/><V13/><F126/><W55/><G31/><T78/><D9/><U34/><E34/><V57/><F131/><N who="0" m="50186" /><D6/><U76/><E76/><V103/><F103/><W7/><G7/><T111/><D111/><U39/><E39/><V11/><F40/><W24/><G30/><T5/><D5/><U4/><E4/><V20/><F50/><W121/><G121/><T2/><D2/><U105/><E105/><V61/><F56/><W14/><G38/><T133/><D133/><N who="3" m="51273" /><G37/><T44/><D44/><U19/><E10/><V8/><F60/><N who="3" m="35935" /><G110/><T21/><D21/><AGARI ba="0,0" hai="14,16,21,24,27,62,64,70" m="35935,51273" machi="21" ten="30,2000,0" yaku="20,1,54,1" doraHai="122" who="3" fromWho="0" sc="327,-20,91,0,352,0,230,20" /><INIT seed="3,0,0,4,5,33" ten="307,91,352,250" oya="3" hai0="17,2,101,54,126,41,92,88,106,42,65,68,55" hai1="35,52,123,85,12,113,53,49,26,16,50,24,44" hai2="127,97,27,36,132,0,109,98,73,5,46,115,66" hai3="63,99,135,60,71,47,131,120,112,58,111,9,7"/><W25/><G120/><T64/><D2/><U39/><E39/><V84/><F115/><W67/><G112/><T96/><D126/><U121/><E113/><V79/><F84/><W21/><G131/><T103/><D68/><U81/><E35/><V87/><F87/><W114/><G114/><T3/><D3/><U91/><E123/><V59/><F27/><W15/><G135/><T11/><D106/><U48/><E121/><V117/><F127/><W125/><G125/><T86/><D65/><U89/><E89/><V95/><F95/><W77/><G77/><T94/><D103/><U110/><E49/><V34/><F34/><W75/><G75/><T133/><D64/><U119/><E119/><V38/><F38/><W45/><G99/><T116/><D116/><U10/><E110/><V56/><F109/><W102/><G102/><T90/><D90/><U13/><E13/><V100/><F66/><W32/><G32/><T76/><D76/><U124/><E124/><V4/><F4/><W19/><G111/><T129/><D129/><U83/><E83/><N who="2" m="45551" /><F132/><W105/><G105/><T37/><D37/><U1/><E1/><V40/><F117/><W22/><G22/><T80/><D133/><U82/><E82/><V93/><F98/><W6/><G7/><T14/><D94/><U128/><E128/><V43/><F40/><AGARI ba="0,0" hai="11,14,17,40,41,42,54,55,80,86,88,92,96,101" machi="40" ten="40,2600,0" yaku="8,1,54,1" doraHai="33" who="0" fromWho="2" sc="307,26,91,0,352,-26,250,0" /><INIT seed="4,0,0,1,3,89" ten="333,91,326,250" oya="0" hai0="5,42,73,133,123,128,64,62,130,119,121,99,14" hai1="85,7,95,8,118,76,34,27,4,59,33,20,75" hai2="54,11,97,19,100,107,61,88,68,26,84,66,132" hai3="126,40,6,122,116,10,57,67,45,46,83,49,48"/><T58/><D73/><U124/><E118/><V15/><F132/><W41/><G116/><T13/><D119/><U72/><E124/><V44/><F26/><W1/><G126/><T37/><D37/><U24/><E59/><V78/><F78/><W94/><G122/><T125/><D42/><U30/><E76/><V81/><F44/><W63/><G83/><T90/><D125/><U111/><E85/><V134/><F134/><W52/><REACH who="3" step="1"/><G94/><REACH who="3" ten="333,91,326,240" step="2"/><N who="0" m="56791" /><D133/><U106/><E106/><V102/><F102/><W110/><G110/><T79/><D79/><U114/><E111/><V55/><AGARI ba="0,1" hai="11,15,19,54,55,61,66,68,81,84,88,97,100,107" machi="55" ten="30,2000,0" yaku="0,1,54,1" doraHai="89" who="2" fromWho="2" sc="333,-10,91,-5,326,30,240,-5" /><INIT seed="5,0,0,4,0,75" ten="323,86,356,235" oya="1" hai0="68,77,96,107,132,17,24,95,72,52,125,21,131" hai1="69,4,101,67,134,129,15,11,113,60,89,73,46" hai2="0,37,94,123,53,61,104,28,82,128,49,51,19" hai3="120,133,118,81,71,76,65,23,97,57,74,85,127"/><U7/><E113/><V8/><F104/><W135/><G71/><T122/><D122/><U64/><E129/><V29/><F123/><W55/><G65/><T117/><D117/><U116/><E116/><V79/><F37/><W50/><G118/><T32/><D68/><U102/><E134/><V54/><F128/><W45/><G127/><T80/><D32/><U26/><E73/><V106/><F106/><W84/><G97/><T20/><D132/><N who="3" m="50761" /><G120/><T9/><D131/><U124/><E124/><V119/><F94/><W36/><G23/><T56/><D125/><U16/><E46/><V63/><F63/><W70/><G70/><T99/><D107/><U47/><E47/><V121/><F61/><W35/><G35/><T66/><D66/><U43/><E43/><AGARI ba="0,0" hai="36,43,45,50,55,57,74,76,81,84,85" m="50761" machi="43" ten="30,2000,0" yaku="20,1,52,1" doraHai="75" who="3" fromWho="1" sc="323,0,86,-20,356,0,235,20" /><INIT seed="6,0,0,5,5,91" ten="323,66,356,255" oya="2" hai0="43,73,55,46,94,130,109,124,35,120,95,31,28" hai1="90,65,61,135,108,107,81,42,54,47,52,66,16" hai2="39,8,49,86,37,98,27,30,10,96,134,13,110" hai3="79,60,36,100,25,17,44,75,45,103,132,32,119"/><V51/><F134/><W97/><G119/><T99/><D73/><U117/><E107/><V72/><F72/><W9/><G132/><T112/><D120/><U111/><E135/><V127/><F127/><W92/><G103/><T15/><D109/><U5/><E5/><V38/><F110/><W106/><G106/><T104/><D124/><U76/><E90/><V33/><F86/><W29/><G36/><T102/><D130/><U58/><E117/><V116/><F116/><W41/><G41/><T84/><D112/><U64/><E76/><V53/><F10/><W121/><G121/><T125/><D125/><U69/><E81/><V19/><REACH who="2" step="1"/><F51/><REACH who="2" ten="323,66,346,255" step="2"/><W85/><G75/><T67/><D84/><U78/><E111/><V87/><F87/><W21/><G9/><T50/><D35/><U40/><E108/><V24/><F24/><W93/><G79/><T22/><D31/><U57/><E78/><V74/><F74/><W88/><G60/><T23/><D28/><U12/><E12/><AGARI ba="0,1" hai="12,17,21,25,29,32,44,45,85,88,92,93,97,100" machi="12" ten="30,7700,0" yaku="7,1,52,2,54,1" doraHai="91" who="3" fromWho="1" sc="323,0,66,-77,346,0,255,87" owari="323,-8.0,-11,-51.0,346,45.0,342,14.0" /></mjloggm>