<mjloggm ver="2.3"><GO type="169" lobby="0"/><UN n0="%E3%82%A6%E3%83%AB%E3%83%88%E3%83%A9%E7%AB%8B%E7%9B%B4" n1="%68%69%6E%6F%6D%61%72%75" n2="%73%70%69%63%79" n3="%63%65%73%39" dan="17,16,16,17" rate="2148.89,2078.85,2044.72,2172.21" sx="M,M,M,M"/><TAIKYOKU oya="0"/><INIT seed="0,0,0,1,2,71" ten="250,250,250,250" oya="0" hai0="38,5,56,104,18,82,65,68,35,119,24,109,43" hai1="21,54,4,135,99,131,113,66,100,52,40,2,6" hai2="8,114,46,87,28,20,133,85,79,48,15,117,75" hai3="129,19,63,124,39,86,27,122,10,42,12,25,116"/><T37/><D56/><U50/><E131/><V30/><F114/><W80/><G116/><T69/><D18/><U76/><E113/><V89/><F75/><W51/><G129/><T97/><D43/><U22/><E66/><V49/><F133/><W90/><G124/><T31/><D119/><U111/><E76/><V44/><F117/><W53/><G63/><T41/><D41/><U33/><E33/><V94/><F79/><W108/><G108/><T67/><D67/><U17/><E111/><V14/><F20/><W128/><G128/><T83/><D83/><U16/><E135/><V36/><F36/><N who="0" m="13930" /><D82/><U70/><E70/><N who="0" m="27241" /><D65/><U112/><E112/><V118/><F118/><W1/><G1/><T45/><D45/><N who="1" m="25895" /><E2/><V132/><F132/><W61/><G61/><T29/><D5/><N who="1" m="2155" /><E99/><V0/><F0/><W81/><G81/><T110/><D31/><N who="2" m="11818" /><F85/><W7/><G7/><T130/><D130/><U125/><E100/><AGARI ba="0,0" hai="24,29,35,97,100,104,109,110" m="27241,13930" machi="100" ten="40,12000,1" yaku="23,1,52,3" doraHai="71" who="0" fromWho="1" sc="250,120,250,-120,250,0,250,0" /><INIT seed="0,1,0,0,4,23" ten="370,130,250,250" oya="0" hai0="69,78,13,42,12,89,116,40,6,96,130,18,32" hai1="67,108,52,16,55,106,29,63,83,27,1,115,98" hai2="90,131,102,125,61,11,93,41,126,35,135,99,20" hai3="124,36,57,80,33,65,50,97,72,86,127,4,39"/><T87/><D69/><U118/><E1/><V110/><F35/><W64/><G72/><T88/><D116/><U114/><E118/><V15/><F110/><W122/><G4/><T22/><D32/><U134/><E108/><V43/><F131/><W17/><G97/><T30/><D30/><U21/><E83/><V47/><F135/><W19/><G33/><T0/><D0/><U129/><E134/><V132/><F132/><W28/><G28/><T101/><D130/><U76/><E76/><V75/><F75/><W59/><G80/><N who="0" m="47511" /><D101/><N who="1" m="62775" /><E29/><V74/><F74/><W112/><G50/><T14/><D6/><U26/><E26/><V91/><F20/><W84/><REACH who="3" step="1"/><G122/><REACH who="3" ten="370,130,250,240" step="2"/><T121/><D121/><U70/><E129/><V25/><F99/><W104/><G104/><T51/><D51/><U48/><E48/><V54/><F125/><W58/><G58/><T81/><D81/><U37/><E37/><V46/><F126/><W5/><G5/><T107/><D107/><U73/><E73/><V3/><F3/><W53/><G53/><T60/><D60/><U85/><E85/><V119/><F54/><W77/><G77/><T105/><D105/><U94/><E94/><V128/><F61/><W7/><G7/><T24/><D96/><U49/><E49/><V8/><F93/><W9/><G9/><T10/><D10/><U45/><E45/><V68/><F128/><W111/><G111/><T34/><D34/><U117/><E117/><V44/><F44/><W79/><G79/><T120/><D120/><U31/><E31/><V123/><F119/><W56/><G56/><RYUUKYOKU ba="1,1" sc="370,10,130,10,250,-30,240,10" hai0="12,13,14,18,22,24,40,42,88,89" hai1="16,21,27,52,55,63,67,70,114,115" hai3="17,19,36,39,57,59,64,65,84,86,112,124,127" /><INIT seed="0,2,1,4,1,131" ten="380,140,220,250" oya="0" hai0="84,106,29,127,105,10,43,54,48,68,117,98,108" hai1="35,30,116,114,16,36,88,53,126,71,26,70,80" hai2="112,19,121,47,55,65,51,89,60,91,18,128,58" hai3="101,23,42,0,129,39,73,4,13,120,66,9,100"/><T94/><D117/><U113/><E36/><V46/><F128/><W37/><G129/><T62/><D43/><U135/><E116/><V69/><F112/><N who="1" m="43113" /><E126/><V109/><F109/><W134/><G73/><T3/><D127/><U82/><E53/><V115/><F115/><W123/><G66/><T24/><D84/><N who="1" m="50183" /><E135/><V27/><F121/><N who="3" m="46667" /><G134/><T40/><D40/><U103/><E103/><N who="3" m="39498" /><G42/><T81/><D81/><U41/><E41/><V75/><F75/><W1/><G1/><T125/><D125/><U21/><E82/><V25/><F69/><W130/><G130/><T83/><D83/><U67/><E67/><V11/><F47/><W57/><G57/><T72/><D72/><U85/><E85/><V34/><F34/><W118/><G118/><T8/><D108/><U97/><E97/><V63/><F55/><W50/><G50/><T56/><D106/><U17/><E17/><AGARI ba="2,1" hai="0,4,9,13,17,23,37,39" m="39498,46667" machi="17" ten="30,1000,0" yaku="13,1" doraHai="131" who="3" fromWho="1" sc="380,0,140,-16,220,0,250,26" /><INIT seed="1,0,0,0,0,103" ten="380,124,220,276" oya="1" hai0="98,113,55,9,86,68,47,66,29,46,58,82,104" hai1="49,107,89,35,99,39,60,27,75,70,123,31,14" hai2="132,129,121,83,110,72,17,61,7,112,4,50,54" hai3="45,106,96,87,12,19,79,18,51,127,111,101,40"/><U117/><E75/><V67/><F121/><W90/><G111/><T10/><D113/><U53/><E123/><V1/><F110/><W3/><G3/><T6/><D29/><U119/><E39/><V135/><F112/><W93/><G127/><T69/><D68/><U100/><E89/><V2/><F129/><W8/><REACH who="3" step="1"/><G79/><REACH who="3" ten="380,124,220,266" step="2"/><T73/><D6/><AGARI ba="0,1" hai="6,8,12,18,19,40,45,51,87,90,93,96,101,106" machi="6" ten="30,8000,1" yaku="1,1,2,1,7,1,52,1,53,1" doraHai="103" doraHaiUra="91" who="3" fromWho="0" sc="380,-80,124,0,220,0,266,90" /><INIT seed="2,0,0,2,3,123" ten="300,124,220,356" oya="2" hai0="6,128,99,72,21,26,83,84,0,24,57,115,39" hai1="56,29,42,59,117,116,107,55,108,98,11,65,62" hai2="67,34,61,46,90,97,7,130,36,109,43,134,94" hai3="64,60,73,75,13,101,14,71,50,10,122,133,69"/><V129/><F34/><W70/><G122/><T78/><D115/><U15/><E29/><V132/><F7/><W126/><G101/><T66/><D128/><U79/><E79/><V30/><F30/><W31/><G31/><T119/><D119/><U25/><E42/><V121/><F121/><W58/><G133/><N who="2" m="51305" /><F109/><W63/><G126/><T103/><D39/><U131/><E131/><N who="2" m="50187" /><F61/><W22/><G22/><T49/><D26/><U100/><E25/><V80/><F67/><W114/><G114/><T87/><D6/><U4/><REACH who="1" step="1"/><E108/><REACH who="1" ten="300,114,220,356" step="2"/><V68/><F68/><W41/><G70/><T124/><D24/><U105/><E105/><V92/><F92/><W74/><G69/><T112/><D112/><U52/><E52/><V82/><AGARI ba="0,1" hai="36,43,46,80,82,90,94,97" m="50187,51305" machi="82" ten="40,3900,0" yaku="20,1,19,1" doraHai="123" who="2" fromWho="2" sc="300,-13,114,-13,220,49,356,-13" /><INIT seed="2,1,0,2,2,73" ten="287,101,269,343" oya="2" hai0="108,55,71,45,78,86,113,70,21,22,77,43,34" hai1="39,1,126,65,48,49,24,17,109,72,30,54,127" hai2="23,97,92,4,129,58,103,52,66,40,35,9,96" hai3="80,88,46,91,3,27,53,33,60,76,106,36,75"/><V38/><F35/><W62/><G3/><T74/><D34/><U5/><E39/><V93/><F129/><W0/><G0/><T67/><D74/><U47/><E65/><V100/><F66/><W121/><G106/><T82/><D113/><U115/><E115/><V18/><F38/><W2/><G121/><T15/><D108/><U32/><E109/><V25/><F40/><W28/><G2/><T50/><D70/><U102/><E102/><V132/><F132/><W20/><G33/><T31/><D71/><U12/><E72/><V64/><F64/><W104/><G104/><T124/><D67/><U116/><E116/><V68/><F68/><W87/><G75/><T117/><D124/><N who="1" m="47659" /><E5/><V118/><F4/><W89/><G36/><T134/><D134/><U130/><E1/><V99/><F118/><W135/><G135/><T13/><D117/><U42/><E130/><V85/><F9/><W41/><G41/><T44/><D78/><U123/><E123/><V133/><F133/><W6/><G6/><T105/><D105/><U8/><E54/><V107/><F107/><W7/><G7/><T120/><D120/><U51/><AGARI ba="1,0" hai="8,12,17,24,30,32,42,47,48,49,51" m="47659" machi="51" ten="30,1100,0" yaku="18,1" doraHai="73" who="1" fromWho="1" sc="287,-4,101,14,269,-6,343,-4" /><INIT seed="3,0,0,5,3,18" ten="283,115,263,339" oya="3" hai0="79,93,17,114,96,6,70,15,99,55,60,106,76" hai1="122,126,21,121,109,45,107,63,7,43,95,64,87" hai2="102,29,108,120,88,49,104,84,12,4,86,13,26" hai3="134,91,71,125,48,35,44,103,129,83,100,113,101"/><W116/><G35/><T78/><D114/><U131/><E107/><V2/><F108/><W56/><G71/><T59/><D6/><U50/><E109/><V124/><F124/><W10/><G113/><T132/><D132/><U105/><E105/><V24/><F2/><W42/><G116/><T9/><D70/><U98/><E7/><V0/><F0/><W28/><G134/><T3/><D3/><U39/><E126/><V127/><F127/><W119/><G125/><T123/><D106/><U5/><E5/><V97/><F84/><W36/><G119/><T23/><D123/><U90/><E131/><V58/><F120/><W38/><G28/><T72/><D72/><U1/><E1/><V89/><F89/><W65/><G10/><T62/><D62/><U32/><E39/><V8/><F13/><W53/><G65/><T67/><D67/><U74/><E32/><V46/><F58/><W40/><G40/><T19/><REACH who="0" step="1"/><D93/><REACH who="0" ten="273,115,263,339" step="2"/><U25/><E74/><V115/><F115/><W110/><G110/><T85/><D85/><U27/><E87/><V81/><REACH who="2" step="1"/><F29/><REACH who="2" ten="273,115,253,339" step="2"/><W80/><G129/><T31/><D31/><U14/><E121/><V16/><F16/><W34/><G56/><T51/><D51/><U135/><E122/><V94/><F94/><W69/><G48/><T33/><D33/><U82/><E135/><V77/><F77/><W117/><G34/><T130/><D130/><U68/><E82/><V11/><F11/><W52/><G80/><T54/><D54/><AGARI ba="0,2" hai="4,8,12,24,26,46,49,54,81,86,88,97,102,104" machi="54" ten="30,8000,1" yaku="1,1,7,1,54,1,53,2" doraHai="18" doraHaiUra="22" who="2" fromWho="0" sc="273,-80,115,0,253,100,339,0" /><INIT seed="4,0,0,2,2,65" ten="193,115,353,339" oya="0" hai0="5,4,69,24,42,101,6,3,113,109,17,126,27" hai1="9,70,1,7,108,77,85,11,26,58,53,59,32" hai2="93,22,30,132,29,103,104,124,63,31,2,74,57" hai3="0,34,92,89,45,114,40,52,60,15,91,19,14"/><T47/><D3/><U28/><E108/><V99/><F2/><W107/><G107/><T73/><D73/><U79/><E59/><V48/><F74/><W64/><G34/><T97/><D109/><U78/><E11/><V37/><F37/><W46/><G114/><T112/><D69/><U68/><REACH who="1" step="1"/><E85/><REACH who="1" ten="193,105,353,339" step="2"/><V115/><F115/><N who="0" m="44106" /><D126/><U120/><E120/><V33/><F124/><W106/><G45/><T20/><D27/><U123/><E123/><V43/><F57/><W105/><G46/><T134/><D134/><U61/><AGARI ba="0,1" hai="1,7,9,26,28,32,53,58,61,68,70,77,78,79" machi="61" ten="30,7900,0" yaku="1,1,0,1,52,2,53,0" doraHai="65" doraHaiUra="87" who="1" fromWho="1" sc="193,-39,105,89,353,-20,339,-20" /><INIT seed="5,0,0,0,4,103" ten="154,194,333,319" oya="1" hai0="65,69,57,107,13,93,98,84,41,130,20,76,44" hai1="71,72,67,32,38,51,55,74,109,110,80,48,25" hai2="18,127,6,34,132,45,47,133,33,97,27,5,88" hai3="59,53,116,16,108,91,19,63,100,78,96,122,90"/><U68/><E38/><V0/><F127/><W31/><G108/><N who="1" m="41578" /><E51/><V58/><F58/><W17/><G122/><T99/><D69/><N who="1" m="26699" /><E67/><V95/><F33/><W60/><G116/><T83/><D130/><U36/><E36/><V89/><F89/><W42/><G42/><T102/><D57/><N who="1" m="32999" /><E80/><V94/><F94/><N who="3" m="58391" /><G78/><T40/><D65/><U43/><E43/><V49/><F45/><W21/><G63/><T125/><D125/><U46/><E46/><V9/><F5/><W64/><G64/><T52/><D52/><U135/><E135/><V3/><F3/><W129/><G129/><T86/><D44/><U73/><E25/><AGARI ba="0,0" hai="16,17,19,21,25,31,53,59,60,90,91" m="58391" machi="25" ten="30,2000,0" yaku="8,1,54,1" doraHai="103" who="3" fromWho="1" sc="154,0,194,-20,333,0,319,20" /><INIT seed="6,0,0,2,5,78" ten="154,174,333,339" oya="2" hai0="120,27,41,46,29,24,92,21,125,82,11,93,132" hai1="42,99,103,22,54,7,74,51,90,28,67,118,91" hai2="112,89,113,130,44,2,68,0,122,108,119,34,106" hai3="114,12,126,55,5,73,23,60,66,13,76,71,135"/><V8/><RYUUKYOKU type="yao9" ba="0,0" sc="154,0,174,0,333,0,339,0" hai2="0,2,8,34,44,68,89,106,108,112,113,119,122,130" /><INIT seed="6,1,0,3,3,82" ten="154,174,333,339" oya="2" hai0="7,116,93,63,6,85,42,72,87,91,54,22,70" hai1="89,122,99,58,66,112,73,51,115,17,74,46,67" hai2="10,16,90,8,30,135,49,84,26,11,133,119,39" hai3="126,125,118,129,52,15,14,128,134,94,1,23,40"/><V3/><F39/><W19/><G1/><T21/><D72/><N who="1" m="27755" /><E58/><V123/><F123/><W5/><G118/><T45/><D116/><U131/><E17/><V56/><F119/><W97/><G40/><T111/><D111/><U44/><E122/><V100/><F100/><N who="3" m="60471" /><G52/><T114/><D114/><N who="1" m="43563" /><E131/><N who="3" m="50250" /><G134/><N who="2" m="51209" /><F3/><W34/><G34/><T50/><D70/><U62/><E62/><V32/><F56/><W69/><G69/><T60/><D63/><U71/><E71/><V81/><F49/><W83/><G83/><N who="0" m="49599" /><D60/><U101/><E89/><V64/><F64/><N who="1" m="24617" /><E51/><V104/><F104/><AGARI ba="1,0" hai="44,46,99,101,104" m="24617,43563,27755" machi="104" ten="30,1000,0" yaku="15,1" doraHai="82" who="1" fromWho="2" sc="154,0,174,13,333,-13,339,0" /><INIT seed="7,0,0,2,3,23" ten="154,187,320,339" oya="3" hai0="24,109,123,27,122,3,71,115,77,133,79,93,9" hai1="14,127,8,50,32,131,60,94,103,78,96,20,4" hai2="110,135,97,43,62,13,44,119,82,57,12,95,58" hai3="105,34,104,81,125,47,111,106,89,19,85,15,83"/><W36/><G34/><T65/><D71/><U129/><E32/><V56/><F119/><W38/><G125/><T114/><D65/><U35/><E127/><V91/><F135/><W80/><G111/><T22/><D109/><U33/><E78/><N who="0" m="29705" /><D93/><U76/><E76/><V55/><F110/><W75/><G75/><T28/><D133/><U132/><E132/><V121/><F121/><W126/><G126/><T67/><D67/><U51/><E60/><V30/><F30/><W99/><G99/><T108/><D24/><U0/><E35/><V63/><F82/><W88/><G47/><T74/><D74/><U11/><E20/><V61/><REACH who="2" step="1"/><F55/><REACH who="2" ten="154,187,310,339" step="2"/><W1/><G83/><T37/><D108/><U92/><E131/><V52/><F52/><W102/><G102/><T107/><D107/><U84/><E129/><V70/><F70/><W48/><G1/><T10/><D37/><AGARI ba="0,1" hai="12,13,37,43,44,56,57,58,61,62,63,91,95,97" machi="37" ten="40,1300,0" yaku="1,1,53,0" doraHai="23" doraHaiUra="18" who="2" fromWho="0" sc="154,-13,187,0,310,23,339,0" owari="141,-36.0,187,-21.0,333,13.0,339,44.0" /></mjloggm>