<mjloggm ver="2.3"><GO type="41" lobby="0"/><UN n0="%48%61%6E%61%50%72%69%6E" n1="%6B%6F%75%6D%75%69%6E%6E" n2="%E5%B0%B1%E6%B4%BB%E7%94%9F%40%E5%B7%9D%E6%9D%91%E8%BB%8D%E5%9B%A3" n3="%E3%82%84%E3%81%A3%E3%81%A1%E3%82%83%E3%82%93%E3%82%88%E3%81%A3%E3%81%A1" dan="14,13,16,15" rate="1929.87,1837.64,2160.78,2068.79" sx="M,M,M,M"/><TAIKYOKU oya="0"/><INIT seed="0,0,0,4,1,28" ten="250,250,250,250" oya="0" hai0="100,26,111,63,65,58,73,29,96,56,3,60,74" hai1="23,18,42,70,86,110,125,57,133,112,40,109,4" hai2="131,31,72,132,93,30,15,22,33,91,68,119,34" hai3="94,114,87,10,97,49,118,6,62,92,71,76,105"/><T39/><D39/><U80/><E70/><V135/><F68/><W104/><G114/><T88/><D3/><U59/><E112/><V11/><F72/><W5/><G118/><T78/><D78/><U9/><E125/><V82/><F82/><W130/><G130/><T124/><D124/><U52/><E59/><V69/><F69/><W107/><G49/><T106/><D111/><U95/><E95/><V17/><F131/><W32/><G32/><N who="2" m="12393" /><F119/><W0/><G5/><T99/><D26/><U98/><E98/><N who="2" m="57663" /><F22/><W55/><G71/><T90/><D29/><U53/><E53/><V115/><F115/><W122/><G122/><T113/><D113/><U24/><E110/><V19/><F19/><W61/><G55/><T84/><D99/><U2/><E109/><V47/><F47/><W120/><G120/><T123/><D123/><U27/><E27/><V127/><F127/><W38/><G38/><T81/><REACH who="0" step="1"/><D90/><REACH who="0" ten="240,250,250,250" step="2"/><U108/><E108/><V7/><F31/><W43/><G76/><T79/><D79/><U83/><E133/><N who="2" m="51275" /><F30/><W101/><REACH who="3" step="1"/><G43/><REACH who="3" ten="240,250,250,240" step="2"/><T41/><D41/><U46/><E42/><V35/><F35/><W75/><G75/><T67/><AGARI ba="0,2" hai="56,58,60,63,65,67,73,74,81,84,88,96,100,106" machi="67" ten="20,12000,1" yaku="1,1,0,1,7,1,9,1,54,1,53,0" doraHai="28" doraHaiUra="20" who="0" fromWho="0" sc="240,140,250,-40,250,-40,240,-40" /><INIT seed="0,1,0,2,3,91" ten="380,210,210,200" oya="0" hai0="85,37,16,3,31,22,102,61,10,45,65,47,113" hai1="62,96,110,58,14,76,117,122,74,97,40,92,75" hai2="41,93,44,50,104,112,78,54,53,38,81,51,28" hai3="9,82,101,87,86,43,7,118,95,2,23,64,135"/><T70/><D113/><U98/><E117/><V49/><F104/><W88/><G118/><T125/><D125/><U116/><E116/><V134/><F112/><W27/><G135/><T83/><D102/><U29/><E40/><V55/><F134/><W57/><G43/><T67/><D67/><U126/><E122/><V59/><F28/><W63/><G101/><T123/><D123/><U12/><E126/><V48/><F81/><W33/><G33/><T5/><D31/><U105/><E105/><V69/><F78/><W90/><G23/><T130/><D37/><U119/><E119/><V11/><F11/><W68/><REACH who="3" step="1"/><G27/><REACH who="3" ten="380,210,210,190" step="2"/><T15/><REACH who="0" step="1"/><D130/><REACH who="0" ten="370,210,210,190" step="2"/><U99/><E29/><V60/><F38/><W94/><G94/><T52/><D52/><N who="2" m="20074" /><F93/><W107/><G107/><T20/><D20/><U8/><E92/><V106/><F106/><W84/><G84/><T18/><D18/><U35/><N who="1" m="25088" /><DORA hai="124" /><U21/><E21/><V34/><F34/><W77/><G77/><AGARI ba="1,2" hai="3,5,10,15,16,22,45,47,61,65,70,77,83,85" machi="77" ten="30,11600,0" yaku="1,1,7,1,54,1,53,1" doraHai="91,124" doraHaiUra="103,13" who="0" fromWho="3" sc="370,139,210,0,210,0,190,-119" /><INIT seed="0,2,0,2,0,93" ten="509,210,210,71" oya="0" hai0="12,92,83,133,42,86,100,9,5,87,115,44,53" hai1="65,88,79,81,72,10,6,119,89,66,126,97,101" hai2="0,22,103,75,122,38,34,132,37,21,131,39,74" hai3="17,28,47,56,104,112,96,46,124,16,98,29,110"/><T62/><D115/><U7/><E126/><V48/><F122/><W130/><G112/><T19/><D133/><U24/><E119/><V51/><F132/><W60/><G124/><T1/><D87/><U43/><E24/><V85/><F34/><W120/><G110/><T84/><D84/><U135/><E135/><V94/><F131/><W76/><G130/><T61/><D53/><U11/><E11/><V4/><F4/><W13/><G120/><T67/><D67/><U68/><E6/><V106/><F85/><W111/><G76/><T35/><D35/><U2/><E68/><V77/><F77/><W49/><G104/><T91/><D100/><U102/><E102/><V41/><F41/><N who="3" m="24783" /><G47/><T117/><D83/><U15/><E15/><V70/><F70/><W30/><G111/><T50/><REACH who="0" step="1"/><D117/><REACH who="0" ten="499,210,210,71" step="2"/><U59/><E43/><V95/><F103/><W107/><G107/><T33/><D33/><U40/><E40/><V129/><F106/><W45/><G45/><T55/><D55/><U114/><E114/><V123/><F129/><W14/><G14/><T64/><D64/><U63/><E66/><V108/><F123/><W20/><G17/><T27/><D27/><U71/><E71/><V99/><F108/><W116/><G116/><T52/><D52/><AGARI ba="2,1" hai="13,16,20,28,29,30,52,56,60,96,98" m="24783" machi="52" ten="30,8000,1" yaku="8,1,52,2,54,2" doraHai="93" who="3" fromWho="0" sc="499,-86,210,0,210,0,71,96" /><INIT seed="1,0,0,1,0,123" ten="413,210,210,167" oya="1" hai0="106,107,58,126,95,118,27,80,35,15,89,76,129" hai1="132,73,103,37,16,119,69,63,33,17,125,111,44" hai2="60,81,102,105,21,4,121,77,85,59,96,42,131" hai3="11,83,0,127,101,36,104,94,135,49,43,98,54"/><U134/><E73/><V40/><F121/><W64/><G135/><N who="1" m="51754" /><E33/><V1/><F131/><W75/><G127/><T117/><D126/><U71/><E125/><V133/><F133/><W51/><G64/><T5/><D129/><U48/><E37/><V91/><F1/><W92/><G49/><T47/><D58/><U90/><E103/><V31/><F4/><N who="3" m="1415" /><G54/><T62/><D62/><U93/><E119/><V32/><F32/><W3/><G51/><T10/><D47/><U39/><E39/><V124/><F124/><W99/><G99/><T12/><D12/><U6/><E6/><V34/><F34/><W45/><G3/><T112/><D112/><U28/><E28/><V41/><F31/><W68/><G68/><N who="1" m="26186" /><E63/><V23/><REACH who="2" step="1"/><F77/><AGARI ba="0,0" hai="36,43,45,75,77,83,92,94,98,101,104" m="1415" machi="77" ten="30,1000,0" yaku="25,1" doraHai="123" who="3" fromWho="2" sc="413,0,210,0,210,-10,167,10" /><INIT seed="2,0,0,4,2,80" ten="413,210,200,177" oya="2" hai0="106,111,87,113,112,63,86,89,29,41,115,39,37" hai1="11,65,2,74,122,23,16,54,76,59,9,102,31" hai2="120,57,46,79,40,30,84,108,101,134,34,88,96" hai3="21,97,52,53,36,66,72,98,129,45,68,71,125"/><V50/><F120/><W60/><G72/><T44/><D106/><U91/><E122/><V17/><F134/><W119/><G119/><T110/><D29/><U73/><E102/><V94/><F108/><N who="0" m="41514" /><D39/><U7/><E65/><V109/><F109/><W32/><G129/><T83/><D63/><U92/><E11/><V43/><F34/><W114/><G114/><T118/><D118/><U12/><E31/><V78/><F30/><W5/><G125/><T121/><D121/><U77/><E74/><V70/><F70/><W1/><G32/><T103/><D103/><U14/><E2/><V81/><F43/><W55/><G71/><T0/><D0/><U64/><E64/><V8/><F57/><W51/><G21/><T56/><D56/><U132/><E73/><V26/><F26/><W22/><G22/><T62/><D62/><U126/><E132/><V130/><F130/><W131/><G131/><T135/><D135/><U42/><E42/><V85/><F85/><AGARI ba="0,0" hai="37,41,44,83,85,86,87,89,112,113,115" m="41514" machi="85" ten="40,8000,1" yaku="14,1,52,3" doraHai="80" who="0" fromWho="2" sc="413,80,210,0,200,-80,177,0" /><INIT seed="3,0,0,2,0,1" ten="493,210,120,177" oya="3" hai0="53,70,86,79,24,96,98,131,40,4,15,17,26" hai1="64,88,78,39,97,9,68,37,50,90,73,11,13" hai2="118,111,6,110,120,23,128,65,19,67,52,60,8" hai3="58,82,71,21,94,132,44,56,135,25,133,92,116"/><W45/><G116/><T127/><D70/><U126/><E126/><V85/><F118/><W61/><G71/><T46/><D127/><U59/><E78/><V35/><F35/><W106/><G106/><T55/><D131/><U91/><E73/><V54/><F128/><W77/><G58/><T93/><D98/><U49/><E68/><V10/><F85/><N who="3" m="48335" /><G45/><T102/><D26/><U16/><E97/><V33/><F33/><W3/><G44/><T30/><D86/><U123/><E123/><V130/><F130/><W89/><G3/><T122/><D79/><U31/><E31/><V80/><F80/><W20/><G89/><T14/><D14/><N who="1" m="7247" /><E39/><V83/><F83/><W105/><G105/><T100/><D100/><U76/><E37/><V101/><F101/><W124/><G124/><T28/><D28/><U18/><E76/><V95/><F95/><N who="3" m="36395" /><G25/><T129/><D129/><U84/><E84/><V63/><F120/><W12/><G12/><T43/><D122/><U38/><E38/><V81/><F81/><W29/><G29/><T114/><D114/><U115/><E115/><V119/><F119/><W41/><G41/><T32/><D43/><U27/><E27/><V108/><F65/><AGARI ba="0,0" hai="20,21,56,61,65,132,133,135" m="36395,48335" machi="65" ten="30,1500,0" yaku="20,1" doraHai="1" who="3" fromWho="2" sc="493,0,210,0,120,-15,177,15" /><INIT seed="3,1,0,2,4,6" ten="493,210,105,192" oya="3" hai0="124,50,44,12,54,17,56,37,97,105,135,62,87" hai1="83,89,69,71,65,70,27,79,24,14,72,131,46" hai2="36,91,76,116,13,51,110,58,55,101,32,106,81" hai3="112,134,77,94,113,118,18,115,31,53,82,73,41"/><W29/><G118/><T30/><D124/><U74/><E131/><V133/><F116/><W52/><G134/><T128/><D135/><U23/><E65/><V100/><F133/><W111/><G41/><T39/><D128/><U93/><E74/><V102/><F36/><W120/><G120/><T49/><D49/><U22/><E46/><V122/><F122/><W3/><G3/><T88/><D30/><U38/><E38/><V119/><F119/><W99/><G111/><T126/><D126/><U103/><E103/><V96/><F32/><W7/><G7/><T60/><D60/><U114/><E114/><V28/><F28/><W66/><G66/><T43/><D97/><U84/><E23/><V45/><F110/><W129/><G129/><T8/><D105/><U11/><REACH who="1" step="1"/><E22/><REACH who="1" ten="493,200,105,192" step="2"/><V4/><F45/><W85/><G73/><T78/><D78/><U2/><E2/><V33/><F33/><W47/><G18/><AGARI ba="1,1" hai="11,14,18,24,27,69,70,71,72,79,83,84,89,93" machi="18" ten="40,2600,0" yaku="1,1,52,1,53,0" doraHai="6" doraHaiUra="130" who="1" fromWho="3" sc="493,0,200,39,105,0,192,-29" /><INIT seed="4,0,0,2,2,45" ten="493,239,105,163" oya="0" hai0="37,59,104,39,88,41,46,112,67,106,131,134,82" hai1="117,74,31,63,34,90,79,57,22,77,2,28,92" hai2="83,100,75,84,9,61,0,128,122,97,94,132,3" hai3="8,17,113,1,71,87,16,55,4,47,102,86,118"/><T48/><D134/><U62/><E2/><V35/><F35/><W42/><G113/><T123/><D123/><U76/><E74/><V54/><F122/><W130/><G130/><T126/><D131/><U38/><E38/><V13/><F75/><W18/><G118/><T40/><D126/><U65/><E117/><V96/><F128/><W51/><G71/><T110/><D112/><U78/><N who="1" m="19968" /><DORA hai="19" /><U53/><E22/><V115/><F132/><W64/><G64/><T43/><D110/><U108/><E34/><V26/><F115/><W23/><G102/><T114/><D114/><U124/><E124/><V24/><F96/><W14/><G1/><T15/><D15/><U99/><REACH who="1" step="1"/><E108/><REACH who="1" ten="493,229,105,163" step="2"/><V125/><F125/><W49/><REACH who="3" step="1"/><G23/><REACH who="3" ten="493,229,105,153" step="2"/><T68/><D37/><U30/><E30/><V70/><F3/><W81/><G81/><T44/><D106/><U105/><E105/><V52/><F0/><W119/><G119/><T11/><D104/><U10/><E10/><V73/><F9/><W66/><G66/><T27/><D39/><U36/><E36/><V56/><F83/><W32/><G32/><T129/><D129/><U33/><E33/><V7/><F70/><AGARI ba="0,2" hai="28,31,53,57,62,63,65,70,90,92,99" m="19968" machi="70" ten="50,12000,2" yaku="1,1,53,5" doraHai="45,19" doraHaiUra="85,72" who="1" fromWho="2" sc="493,0,229,140,105,-120,153,0" owari="493,60.0,369,17.0,-15,-52.0,153,-25.0" /></mjloggm>