<mjloggm ver="2.3"><GO type="225" lobby="0"/><UN n0="%E3%82%B7%E3%83%9F%E3%83%AA%E3%82%B9%EF%BC%94" n1="%E3%82%A6%E3%83%AB%E3%83%88%E3%83%A9%E7%AB%8B%E7%9B%B4" n2="%44%4F%44%4F%4B%4F" n3="%74%61%74%73%75%37%30%32" dan="16,17,17,17" rate="2056.29,2130.62,2133.65,2187.11" sx="F,M,F,M"/><TAIKYOKU oya="0"/><INIT seed="0,0,0,0,3,84" ten="250,250,250,250" oya="0" hai0="72,109,16,60,22,88,118,62,105,66,23,19,14" hai1="121,10,100,107,27,57,12,119,103,111,123,7,112" hai2="92,86,77,45,90,94,54,52,56,130,38,95,133" hai3="85,13,98,129,74,26,113,4,131,79,80,11,15"/><T39/><D105/><U31/><E119/><V96/><F130/><W2/><G113/><T5/><D118/><U29/><E112/><V58/><F133/><W67/><G74/><T132/><D132/><U76/><E76/><V69/><F69/><W128/><G67/><T24/><D39/><U87/><E111/><V36/><F77/><W104/><REACH who="3" step="1"/><G26/><REACH who="3" ten="250,250,250,240" step="2"/><T83/><D109/><U114/><E27/><V9/><F9/><W51/><G51/><T99/><D72/><U46/><E10/><V59/><F38/><W0/><G0/><T47/><D5/><U115/><E7/><V30/><F30/><W37/><G37/><T125/><D125/><U91/><E31/><V63/><F36/><W53/><G53/><N who="2" m="20585" /><F45/><W70/><G70/><T78/><D47/><U135/><E46/><V71/><F71/><W3/><G3/><T97/><D62/><U6/><E115/><V75/><F75/><W40/><G40/><T89/><D60/><U93/><E114/><V102/><F63/><W124/><G124/><T32/><D66/><U17/><E6/><V110/><F110/><W134/><G134/><T41/><D41/><U18/><E135/><V126/><F126/><W8/><G8/><T106/><D32/><U25/><E29/><V42/><F42/><W35/><G35/><T116/><D116/><U127/><E127/><V48/><F48/><W82/><G82/><AGARI ba="0,1" hai="56,58,59,82,86,90,92,94,95,96,102" m="20585" machi="82" ten="30,3900,0" yaku="8,1,52,1,54,1" doraHai="84" who="2" fromWho="3" sc="250,0,250,0,250,49,240,-39" /><INIT seed="1,0,0,3,2,49" ten="250,250,299,201" oya="1" hai0="30,51,74,24,124,46,41,59,0,88,25,83,40" hai1="3,9,20,62,133,36,102,84,109,91,64,128,65" hai2="89,126,27,77,95,76,61,34,7,53,101,82,13" hai3="125,127,54,86,104,66,85,100,14,130,115,110,18"/><U39/><E102/><V21/><F34/><W129/><G115/><T94/><D0/><U48/><E20/><V47/><F126/><N who="3" m="48139" /><G110/><T52/><D124/><U121/><E121/><V35/><F35/><W8/><G66/><T113/><D113/><U114/><E114/><V15/><F101/><W10/><G100/><T69/><D69/><U120/><E120/><V57/><F47/><W58/><G10/><T106/><D106/><U90/><E48/><V44/><F44/><W29/><G29/><T12/><D12/><U79/><E79/><V4/><F13/><W22/><G8/><T31/><D74/><U70/><E65/><V87/><F15/><W6/><G6/><T19/><D83/><U111/><E91/><V96/><F77/><W93/><G104/><T97/><D41/><U131/><E133/><V107/><F107/><W123/><G123/><T122/><D122/><U117/><E117/><V119/><F119/><W26/><G26/><N who="0" m="10347" /><D19/><AGARI ba="0,0" hai="4,7,19,21,27,53,57,61,76,82,87,89,95,96" machi="19" ten="30,8000,1" yaku="7,1,25,2,8,1,52,1" doraHai="49" who="2" fromWho="0" sc="250,-80,250,0,299,80,201,0" /><INIT seed="2,0,0,5,5,23" ten="170,250,379,201" oya="2" hai0="39,104,67,68,5,94,48,132,59,107,80,65,85" hai1="41,133,7,88,64,51,8,10,70,4,95,28,113" hai2="119,125,29,93,62,14,30,47,83,55,84,131,22" hai3="35,24,115,31,97,78,38,108,20,82,96,103,76"/><V116/><F93/><W54/><G108/><T36/><D94/><U33/><E113/><V6/><F125/><W26/><G115/><T18/><D132/><U81/><E81/><V66/><F131/><W46/><G78/><T37/><D5/><U0/><E133/><V19/><F6/><W77/><G76/><T99/><D99/><U118/><E118/><V52/><F119/><W112/><G112/><T110/><D110/><U57/><E70/><V58/><F116/><W129/><G129/><T100/><D100/><U126/><E126/><V89/><F55/><W117/><G117/><T3/><D3/><U109/><E109/><V120/><F120/><W34/><G34/><T98/><D98/><U105/><E105/><V2/><F2/><W130/><G130/><T101/><D101/><U12/><E64/><V128/><F128/><W60/><G103/><T27/><D68/><U72/><E72/><V42/><F66/><W16/><G60/><T11/><D67/><U61/><E7/><V13/><F13/><W17/><G17/><T50/><D50/><AGARI ba="0,0" hai="14,19,22,29,30,42,47,50,52,58,62,83,84,89" machi="50" ten="30,5800,0" yaku="7,1,8,1,54,1" doraHai="23" who="2" fromWho="0" sc="170,-58,250,0,379,58,201,0" /><INIT seed="2,1,0,1,5,74" ten="112,250,437,201" oya="2" hai0="8,128,99,77,58,67,13,100,79,23,85,21,64" hai1="83,114,93,9,80,72,30,65,70,57,110,97,0" hai2="38,123,47,73,3,53,4,66,19,24,18,37,56" hai3="88,122,33,103,102,129,78,44,71,131,126,84,20"/><V124/><F123/><W42/><G71/><T76/><D128/><N who="3" m="49225" /><G33/><T11/><D85/><U5/><E70/><V34/><F66/><N who="0" m="25130" /><D58/><U115/><E30/><V120/><F120/><W32/><G32/><T28/><D28/><U107/><E107/><V98/><F124/><W63/><G63/><T15/><D99/><U7/><E57/><V14/><F3/><W26/><G126/><T92/><D92/><U91/><E65/><V31/><F4/><W41/><G122/><T27/><D100/><N who="3" m="38441" /><G44/><T68/><D68/><U51/><E7/><V22/><F19/><N who="3" m="12575" /><G78/><N who="0" m="19971" /><T43/><DORA hai="75" /><D43/><U50/><E5/><V121/><F73/><W109/><G109/><T118/><D118/><U61/><E72/><V133/><F121/><W117/><G117/><T125/><D125/><U104/><E97/><V89/><F98/><W35/><G35/><T127/><D127/><U111/><E93/><AGARI ba="1,0" hai="41,42,84,88,93" m="12575,38441,49225" machi="93" ten="30,2000,0" yaku="19,1,54,1" doraHai="74,75" who="3" fromWho="1" sc="112,0,250,-23,437,0,201,23" /><INIT seed="3,0,0,5,1,59" ten="112,227,437,224" oya="3" hai0="7,132,40,77,13,106,73,101,28,27,64,81,96" hai1="1,62,11,52,89,135,83,20,14,58,25,85,12" hai2="61,67,66,63,122,22,55,4,98,124,103,95,84" hai3="44,107,82,70,117,51,71,100,74,94,97,125,21"/><W15/><G117/><T75/><D132/><U109/><E109/><V3/><F3/><W76/><G125/><T79/><D13/><U10/><E135/><V9/><F124/><W19/><REACH who="3" step="1"/><G107/><REACH who="3" ten="112,227,437,214" step="2"/><T49/><D7/><U5/><E11/><V69/><F9/><W57/><G57/><T45/><D64/><U33/><E33/><V23/><F4/><W8/><G8/><T34/><D49/><U17/><AGARI ba="0,1" hai="1,5,10,12,14,17,20,25,52,58,62,83,85,89" machi="17" ten="20,5200,0" yaku="0,1,7,1,52,1,54,1" doraHai="59" who="1" fromWho="1" sc="112,-13,227,62,437,-13,214,-26" owari="99,-40.0,289,9.0,424,52.0,188,-21.0" /></mjloggm>