<mjloggm ver="2.3"><GO type="169" lobby="0"/><UN n0="%E3%81%B5%E3%81%8F%E3%82%84%E3%82%93" n1="%E6%A1%9C%E4%BA%95%E3%81%95%E3%82%93" n2="%E3%82%A6%E3%83%AB%E3%83%88%E3%83%A9%E7%AB%8B%E7%9B%B4" n3="%69%6D%6F%69%6D%6F" dan="17,16,16,16" rate="2108.97,2167.98,2097.26,2054.44" sx="F,M,M,M"/><TAIKYOKU oya="0"/><INIT seed="0,0,0,0,5,33" ten="250,250,250,250" oya="0" hai0="28,127,7,63,17,88,56,51,43,135,42,45,115" hai1="99,1,58,9,104,39,95,19,8,81,36,47,25" hai2="38,16,35,24,118,130,48,123,21,34,82,72,2" hai3="70,78,77,75,55,134,54,32,120,111,27,29,11"/><T49/><D115/><U108/><E104/><V129/><F38/><W105/><G105/><T71/><D28/><U100/><E108/><V133/><F72/><W89/><G111/><T6/><D127/><U131/><E131/><N who="2" m="50187" /><F82/><W79/><G75/><T109/><D71/><U87/><E58/><V106/><F106/><W68/><G134/><T110/><D135/><U60/><E60/><V121/><F133/><W98/><G120/><N who="2" m="46153" /><F48/><W122/><G122/><T46/><D110/><U132/><E132/><V22/><F118/><W30/><G68/><T103/><D103/><U114/><E36/><V31/><F2/><W74/><G74/><T126/><D109/><U83/><E83/><V52/><F52/><W119/><G119/><T102/><D102/><U92/><E81/><V128/><F128/><W86/><G77/><T85/><D126/><U44/><E39/><V3/><F3/><W67/><G79/><T5/><D63/><U116/><E116/><V0/><F0/><W62/><G78/><T76/><D76/><U14/><E1/><V113/><F113/><W59/><G55/><T37/><D56/><U124/><E124/><V107/><F107/><W50/><G70/><T10/><D37/><U64/><E114/><V65/><F65/><W18/><G67/><T101/><D101/><U93/><E64/><V80/><F80/><W12/><G62/><T96/><D96/><U91/><E95/><V84/><F84/><W23/><G98/><T73/><D73/><U41/><E93/><V61/><F61/><W20/><G30/><T94/><D85/><U40/><E99/><RYUUKYOKU ba="0,0" sc="250,-15,250,-15,250,15,250,15" hai2="16,21,22,24,31,34,35" hai3="11,12,18,20,23,27,29,32,50,54,59,86,89" /><INIT seed="1,1,0,3,5,115" ten="235,235,265,265" oya="1" hai0="118,47,6,121,88,23,57,87,19,114,120,117,16" hai1="131,32,83,52,39,113,107,112,27,108,128,50,24" hai2="9,72,126,92,43,63,56,15,105,53,40,61,48" hai3="81,0,122,93,71,123,28,26,91,82,22,111,129"/><U96/><E39/><V13/><F105/><W54/><G111/><T99/><D114/><N who="1" m="44139" /><E32/><V64/><F72/><W65/><G129/><N who="1" m="49738" /><E108/><V49/><F126/><W8/><G71/><T90/><D6/><U35/><E35/><V135/><F135/><W130/><G65/><T104/><D57/><N who="1" m="32919" /><E83/><V33/><F33/><W97/><G130/><T86/><D47/><U125/><E125/><V94/><F94/><W77/><G82/><T2/><D2/><U36/><E36/><V4/><F92/><W5/><G54/><T46/><D46/><U14/><E14/><V12/><F15/><W124/><G124/><T18/><D104/><U85/><E85/><AGARI ba="1,0" hai="0,5,8,22,26,28,77,81,85,91,93,97,122,123" machi="85" ten="30,1000,0" yaku="7,1" doraHai="115" who="3" fromWho="1" sc="235,0,235,-13,265,0,265,13" /><INIT seed="2,0,0,3,0,129" ten="235,222,265,278" oya="2" hai0="5,84,115,81,3,69,87,39,42,49,131,102,32" hai1="61,23,117,41,125,15,45,26,97,14,127,50,99" hai2="123,132,83,63,57,38,48,1,31,96,28,17,18" hai3="82,70,71,74,37,60,103,8,10,54,126,128,72"/><V119/><F119/><W21/><G37/><T33/><D69/><U88/><E117/><V104/><F38/><W30/><G128/><T90/><D39/><U111/><E111/><V52/><F1/><W29/><G103/><T73/><D73/><U68/><E68/><V113/><F123/><W134/><G82/><T100/><D115/><U133/><E61/><V27/><F113/><W112/><G112/><T122/><D122/><U124/><E133/><V91/><F132/><W55/><G134/><T130/><D5/><U20/><E20/><V7/><F7/><W86/><G86/><T19/><D3/><U76/><E76/><V105/><F105/><W118/><G60/><T58/><D81/><U92/><REACH who="1" step="1"/><E99/><REACH who="1" ten="235,212,265,278" step="2"/><V24/><F63/><W44/><G21/><T77/><D77/><U36/><E36/><V135/><F135/><W120/><G118/><T85/><D131/><U101/><E101/><V108/><F108/><W12/><G71/><T56/><D102/><U9/><E9/><V98/><F98/><W47/><G70/><T64/><D100/><U43/><E43/><V80/><F104/><W2/><G120/><T62/><D130/><U16/><AGARI ba="0,1" hai="14,15,16,23,26,41,45,50,88,92,97,124,125,127" machi="16" ten="30,12000,2" yaku="1,1,0,1,18,1,54,2,53,1" doraHai="129" doraHaiUra="40" who="1" fromWho="1" sc="235,-30,212,130,265,-60,278,-30" /><INIT seed="3,0,0,5,2,4" ten="205,342,205,248" oya="3" hai0="126,107,101,14,109,79,130,129,34,53,102,38,93" hai1="6,117,73,76,113,11,128,86,80,123,108,75,44" hai2="30,7,25,68,26,71,63,105,55,132,124,57,58" hai3="134,87,112,84,43,21,39,42,90,60,89,118,31"/><W5/><G118/><T13/><D34/><U88/><E123/><V47/><F105/><W48/><G112/><T37/><D107/><U17/><E113/><V51/><F25/><N who="3" m="16815" /><G39/><T33/><D33/><U2/><E117/><V56/><F26/><W54/><G134/><T95/><D79/><U19/><E108/><V40/><F30/><W32/><G60/><T50/><D50/><U100/><E128/><V78/><F7/><W81/><G5/><T3/><D53/><U110/><E110/><V64/><F78/><W41/><G32/><T46/><D46/><U85/><E100/><V98/><F98/><W0/><G0/><T103/><D109/><U52/><E85/><N who="3" m="32842" /><G81/><T97/><D3/><U125/><E125/><V9/><F124/><W72/><G72/><T99/><D103/><U22/><E76/><V70/><F132/><W77/><G77/><T45/><D45/><AGARI ba="0,0" hai="41,42,43,45,48,54,89,90" m="32842,16815" machi="45" ten="30,1500,0" yaku="8,1" doraHai="4" who="3" fromWho="0" sc="205,-15,342,0,205,0,248,15" /><INIT seed="3,1,0,2,4,55" ten="190,342,205,263" oya="3" hai0="1,44,101,6,76,121,19,53,120,4,80,113,109" hai1="67,119,105,112,93,24,111,117,32,38,100,39,84" hai2="40,129,46,42,60,118,61,15,21,52,64,5,13" hai3="89,92,58,37,94,82,88,27,81,104,97,110,122"/><W47/><G122/><T133/><D101/><U127/><E112/><V116/><F21/><W115/><G115/><T26/><D113/><U18/><E111/><V14/><F5/><W91/><G110/><T8/><D6/><U78/><E127/><V128/><F46/><W70/><G70/><T2/><D2/><U3/><E3/><V130/><F52/><W9/><G104/><T11/><D109/><U30/><E67/><V98/><F98/><W123/><G123/><T16/><D133/><U62/><E62/><N who="2" m="24171" /><F64/><W95/><G97/><T56/><D44/><U103/><E105/><V132/><F132/><W107/><G107/><T48/><D26/><U83/><E18/><V7/><F7/><W87/><G87/><T96/><D96/><N who="1" m="59407" /><E103/><V17/><F17/><W36/><G27/><T102/><D102/><U99/><E99/><V20/><F20/><W22/><G22/><T35/><D19/><U29/><E29/><V51/><F51/><W0/><G47/><T114/><D114/><U90/><E39/><V124/><F124/><W108/><G108/><T125/><D125/><U86/><E38/><N who="3" m="14954" /><G0/><T131/><D121/><U73/><E86/><V54/><F54/><W57/><G9/><T66/><D120/><U63/><E63/><V71/><F71/><W25/><G25/><T50/><D66/><U59/><E117/><AGARI ba="1,0" hai="13,14,15,40,42,116,117,118,128,129,130" m="24171" machi="117" ten="40,5200,0" yaku="28,2,19,1" doraHai="55" who="2" fromWho="1" sc="190,0,342,-55,205,55,263,0" /><INIT seed="4,0,0,1,4,85" ten="190,287,260,263" oya="0" hai0="24,116,100,22,86,109,89,59,57,81,13,6,25" hai1="87,56,83,131,60,26,19,103,69,2,62,63,119" hai2="80,76,65,107,49,108,134,11,37,36,88,125,10" hai3="106,61,120,92,34,90,112,53,12,21,52,29,104"/><T67/><D116/><U101/><E119/><V14/><F107/><W44/><G34/><T4/><D109/><U121/><E121/><V84/><F108/><W102/><G102/><N who="1" m="38922" /><E2/><V123/><F123/><W66/><G120/><T78/><D25/><U133/><E69/><V39/><F125/><W45/><G112/><T51/><D100/><U93/><E93/><V5/><F134/><W128/><G128/><T124/><D124/><U18/><E131/><V31/><F31/><W68/><G44/><T64/><D78/><U32/><E32/><V96/><F65/><N who="0" m="25162" /><D51/><U71/><E71/><V73/><F49/><W9/><G104/><T115/><D115/><U33/><E33/><V97/><REACH who="2" step="1"/><F10/><REACH who="2" ten="190,287,250,263" step="2"/><W35/><G9/><N who="0" m="4263" /><D6/><U3/><E133/><V58/><F58/><W79/><G106/><T110/><D110/><U1/><E56/><V75/><F75/><W77/><G68/><T127/><D127/><U48/><E48/><V126/><F126/><W98/><G29/><AGARI ba="0,1" hai="22,24,29,57,59,81,86,89" m="4263,25162" machi="29" ten="30,2900,0" yaku="8,1,52,1" doraHai="85" who="0" fromWho="3" sc="190,39,287,0,250,0,263,-29" /><INIT seed="4,1,0,2,0,85" ten="229,287,250,234" oya="0" hai0="117,14,11,18,34,106,86,84,125,91,97,15,6" hai1="39,96,26,40,45,47,57,30,28,42,127,43,112" hai2="114,102,74,5,73,23,98,118,56,111,60,19,7" hai3="9,110,54,109,81,29,37,51,53,36,124,59,67"/><T33/><D117/><U104/><E127/><V134/><F111/><W133/><G29/><T131/><D125/><U116/><E116/><V69/><F69/><W130/><G124/><T58/><D131/><U16/><E112/><V132/><F118/><W82/><G130/><T100/><D58/><U135/><E135/><N who="2" m="51755" /><F114/><W61/><G133/><T77/><D86/><U20/><E57/><V50/><F50/><W128/><G128/><T115/><D77/><U44/><E39/><V48/><F48/><W13/><G54/><T25/><D25/><U68/><E68/><V27/><F5/><W95/><G37/><T89/><D115/><U108/><E108/><V90/><F7/><W87/><G36/><T94/><REACH who="0" step="1"/><D91/><REACH who="0" ten="219,287,250,234" step="2"/><U72/><E72/><V121/><F90/><N who="3" m="53727" /><G110/><T123/><D123/><U62/><E62/><V0/><F121/><W49/><G109/><T2/><D2/><U129/><E129/><V41/><F0/><W101/><G101/><T80/><D80/><N who="3" m="30825" /><G67/><T122/><D122/><U105/><REACH who="1" step="1"/><E96/><REACH who="1" ten="219,277,250,234" step="2"/><V79/><F74/><W8/><G59/><T22/><AGARI ba="1,2" hai="6,11,14,15,18,22,33,34,84,89,94,97,100,106" machi="22" ten="20,12000,1" yaku="1,1,0,1,7,1,52,1,53,1" doraHai="85" doraHaiUra="4" who="0" fromWho="0" sc="219,143,277,-41,250,-41,234,-41" /><INIT seed="4,2,0,5,2,13" ten="362,236,209,193" oya="0" hai0="24,43,120,70,22,19,47,67,16,68,103,5,123" hai1="134,107,93,31,41,117,50,110,66,32,125,106,35" hai2="60,61,23,118,54,81,114,40,95,57,94,88,82" hai3="104,34,4,78,122,84,73,89,105,101,109,6,119"/><T33/><D5/><U86/><E110/><V51/><F114/><W59/><G109/><T126/><D33/><U79/><E117/><V7/><F118/><W2/><G119/><T85/><D126/><U18/><E125/><V130/><F130/><W115/><G115/><T96/><D85/><U49/><E134/><V42/><F7/><W75/><G34/><T112/><D112/><U12/><E66/><V121/><F121/><W132/><G132/><T83/><D83/><N who="2" m="31754" /><F95/><W62/><G122/><T48/><D19/><U108/><E108/><V135/><F135/><W64/><G78/><T69/><REACH who="0" step="1"/><D67/><REACH who="0" ten="352,236,209,193" step="2"/><U129/><E18/><V76/><F76/><W116/><G6/><T10/><D10/><U29/><E86/><V65/><F23/><W102/><G116/><T21/><D21/><U90/><E79/><V127/><F127/><W111/><G111/><T74/><D74/><U53/><E35/><V55/><F65/><W71/><G4/><T39/><D39/><U63/><E32/><V97/><F61/><W27/><G75/><T80/><D80/><U8/><E63/><V26/><F26/><W46/><G73/><T124/><D124/><U58/><E8/><V131/><F131/><W3/><G62/><T1/><D1/><U87/><E129/><V100/><F60/><W52/><G2/><T20/><D20/><U17/><E87/><V45/><F51/><W44/><G3/><T38/><D38/><U128/><E50/><V36/><F36/><W91/><G64/><T92/><AGARI ba="2,1" hai="16,22,24,43,47,48,68,69,70,92,96,103,120,123" machi="92" ten="30,11700,0" yaku="1,1,0,1,52,1,54,1,53,0" doraHai="13" doraHaiUra="28" who="0" fromWho="0" sc="352,133,236,-41,209,-41,193,-41" /><INIT seed="4,3,0,1,5,1" ten="485,195,168,152" oya="0" hai0="7,111,124,64,97,78,11,112,85,63,131,68,59" hai1="43,19,25,96,54,47,86,26,46,126,77,100,128" hai2="4,21,8,38,108,89,118,39,70,42,107,41,23" hai3="15,50,3,67,18,65,31,6,80,121,37,84,52"/><T13/><D112/><U73/><E128/><V122/><F108/><W132/><G37/><T91/><D131/><U34/><E126/><V123/><F70/><W99/><G132/><T95/><D124/><U16/><E73/><V49/><F107/><W40/><G40/><T98/><D111/><U110/><E110/><V69/><F69/><W45/><G121/><T81/><REACH who="0" step="1"/><D68/><REACH who="0" ten="475,195,168,152" step="2"/><U120/><E120/><V33/><F123/><W103/><G31/><T22/><D22/><U109/><E109/><V17/><F23/><W119/><G119/><T48/><D48/><U51/><E51/><V61/><F21/><W29/><G29/><T27/><D27/><U125/><E25/><V106/><F49/><W79/><G3/><T53/><D53/><U87/><E54/><V74/><F118/><W104/><REACH who="3" step="1"/><G6/><REACH who="3" ten="475,195,168,142" step="2"/><T88/><D88/><U115/><E125/><V94/><F89/><W32/><G32/><T57/><D57/><U12/><E34/><V105/><F33/><W76/><G76/><T133/><D133/><U92/><E77/><V56/><F122/><W44/><G44/><T130/><D130/><U66/><E47/><V55/><F4/><W36/><G36/><T114/><D114/><U9/><E46/><V101/><F39/><W127/><G127/><T2/><D2/><U0/><E0/><V14/><F38/><W72/><G72/><AGARI ba="3,2" hai="7,11,13,59,63,64,72,78,81,85,91,95,97,98" machi="72" ten="30,12000,1" yaku="1,1,7,1,52,1,53,2" doraHai="1" doraHaiUra="93" who="0" fromWho="3" sc="475,149,195,0,168,0,142,-129" /><INIT seed="4,4,0,0,5,6" ten="624,195,168,13" oya="0" hai0="63,20,52,40,51,127,67,47,0,26,61,113,119" hai1="45,56,46,72,50,116,85,112,64,111,78,95,81" hai2="106,98,30,73,7,23,87,102,94,68,129,96,133" hai3="18,66,3,37,8,22,14,49,74,105,28,97,71"/><T82/><D119/><U43/><E116/><V89/><F68/><W19/><G37/><T48/><D0/><U128/><E111/><V132/><F7/><W91/><G74/><T24/><D113/><U125/><E128/><V9/><F30/><W115/><G115/><T121/><D121/><U120/><E120/><V103/><F23/><W4/><G28/><T27/><D127/><U104/><E112/><V86/><F9/><W110/><G110/><T118/><D118/><U13/><E104/><N who="2" m="63559" /><F73/><W17/><G49/><T2/><D2/><U41/><E125/><V60/><F60/><N who="0" m="23114" /><D82/><U100/><E56/><V29/><F29/><W101/><G66/><T109/><D67/><U92/><E64/><V11/><F11/><W79/><G71/><T69/><D109/><U134/><E72/><V16/><F16/><W62/><G62/><T99/><D69/><U54/><E100/><V65/><F65/><W36/><G36/><T107/><D107/><U58/><E58/><V90/><F129/><W114/><G114/><T57/><D99/><U77/><E54/><V84/><F84/><W135/><G79/><T39/><D39/><U59/><E85/><V1/><F1/><W88/><REACH who="3" step="1"/><G135/><REACH who="3" ten="624,195,168,3" step="2"/><T83/><D51/><U80/><E134/><V124/><F124/><W32/><G32/><T15/><D48/><U35/><E50/><V126/><F126/><W123/><G123/><T131/><D131/><U12/><E59/><V70/><F70/><W108/><G108/><T38/><D57/><U117/><E117/><V55/><F55/><W130/><G130/><T25/><D52/><RYUUKYOKU ba="4,1" sc="624,-30,195,10,168,10,3,10" hai1="12,13,35,41,43,45,46,77,78,80,81,92,95" hai2="86,87,89,90,94,98,103,106,132,133" hai3="3,4,8,14,17,18,19,22,88,91,97,101,105" /><INIT seed="5,5,1,5,4,133" ten="594,205,178,13" oya="1" hai0="26,31,2,73,118,97,38,69,67,110,50,96,20" hai1="126,135,89,35,10,83,117,55,64,102,51,1,95" hai2="39,77,72,23,85,76,103,124,131,82,109,37,11" hai3="45,42,84,17,60,107,90,112,68,128,74,12,70"/><U44/><E117/><V111/><F23/><W113/><G74/><T122/><D38/><U129/><E35/><V4/><F85/><W30/><G107/><T116/><D2/><U8/><E135/><V7/><F103/><W46/><G30/><T81/><D110/><U63/><E129/><V48/><F48/><W13/><G128/><T127/><D69/><U57/><E1/><V21/><F21/><W71/><G60/><T78/><D67/><U66/><E66/><V41/><F131/><W59/><G59/><T24/><D122/><U56/><E56/><V134/><F134/><W93/><G13/><T58/><D97/><N who="1" m="59711" /><E126/><V119/><F124/><W99/><G99/><T29/><D127/><U49/><E49/><V115/><F119/><W92/><G92/><T34/><D96/><U94/><E83/><V108/><F39/><W54/><G54/><T0/><D0/><U16/><E16/><V15/><F37/><W86/><G86/><AGARI ba="5,1" hai="8,10,44,51,55,57,63,64,86,89,94" m="59711" machi="86" ten="30,1500,0" yaku="8,1" doraHai="133" who="1" fromWho="3" sc="594,0,205,40,178,0,13,-30" owari="594,69.0,245,5.0,178,-22.0,-17,-52.0" /></mjloggm>