<mjloggm ver="2.3"><GO type="169" lobby="0"/><UN n0="%4B%61%74%5F%48" n1="%E3%82%A6%E3%83%AB%E3%83%88%E3%83%A9%E7%AB%8B%E7%9B%B4" n2="%E3%82%AB%E3%83%96%E3%83%88" n3="%6B%6F%6A%69%6D%6F%6E%39" dan="16,18,16,16" rate="2122.08,2204.19,2136.31,2138.01" sx="M,M,M,M"/><TAIKYOKU oya="0"/><INIT seed="0,0,0,2,2,135" ten="250,250,250,250" oya="0" hai0="53,126,92,97,133,46,89,120,20,1,42,70,131" hai1="50,6,58,88,65,40,80,22,83,13,98,26,5" hai2="103,128,60,21,85,63,118,93,67,82,31,7,107" hai3="123,96,77,66,36,73,24,132,129,101,99,74,3"/><T18/><D120/><U9/><E5/><V114/><F114/><W112/><G24/><T54/><D1/><U37/><E37/><V28/><F107/><W94/><G66/><T35/><D35/><U102/><E40/><V105/><F105/><W56/><G56/><T95/><D133/><U44/><E44/><V25/><F128/><W125/><G99/><T104/><D104/><U8/><E8/><V90/><F7/><W100/><G96/><T72/><D72/><U45/><E45/><V61/><F118/><W130/><G77/><T110/><D70/><U78/><E78/><V57/><F31/><W84/><G101/><T124/><D131/><U109/><E109/><V106/><F106/><W51/><G84/><T27/><D110/><U32/><E102/><V34/><F34/><W68/><G100/><T108/><D108/><U119/><E119/><V49/><F49/><W47/><G94/><T43/><D95/><N who="1" m="56679" /><E32/><V17/><F17/><W79/><G73/><T75/><D75/><U4/><E4/><V19/><F19/><W33/><G79/><T59/><D43/><U122/><E122/><V48/><F48/><W12/><G129/><T29/><D18/><N who="1" m="12631" /><E50/><V55/><F55/><W111/><G130/><T127/><D59/><U10/><E10/><V86/><REACH who="2" step="1"/><F103/><REACH who="2" ten="250,250,240,250" step="2"/><W71/><G111/><T91/><D91/><AGARI ba="0,1" hai="21,25,28,57,60,61,63,67,82,85,86,90,91,93" machi="91" ten="30,7700,0" yaku="1,1,2,1,7,1,8,1,53,0" doraHai="135" doraHaiUra="116" who="2" fromWho="0" sc="250,-77,250,0,240,87,250,0" /><INIT seed="1,0,0,0,5,83" ten="173,250,327,250" oya="1" hai0="45,35,128,2,84,113,97,89,112,82,62,9,90" hai1="121,61,15,33,49,4,3,11,13,116,38,67,47" hai2="37,85,110,21,20,73,23,129,7,25,132,88,127" hai3="51,133,19,69,118,71,59,135,95,40,55,134,70"/><U56/><E121/><V94/><F73/><W42/><G95/><T64/><D35/><U14/><E33/><V46/><F110/><W79/><G79/><T28/><D128/><U52/><REACH who="1" step="1"/><E38/><REACH who="1" ten="173,240,327,250" step="2"/><V96/><F37/><W29/><G118/><AGARI ba="0,1" hai="3,4,11,13,14,15,47,49,52,56,61,67,116,118" machi="118" ten="40,12000,1" yaku="1,1,2,1,54,1,53,1" doraHai="83" doraHaiUra="60" who="1" fromWho="3" sc="173,0,240,130,327,0,250,-120" /><INIT seed="1,1,0,3,5,19" ten="173,370,327,130" oya="1" hai0="39,56,30,124,43,66,10,119,118,38,116,59,44" hai1="22,90,2,120,105,45,20,3,112,31,125,0,16" hai2="33,81,62,89,55,113,111,25,15,27,50,57,12" hai3="75,132,68,106,14,115,67,103,100,49,70,122,135"/><U133/><E105/><V97/><F111/><W85/><G122/><T26/><D124/><U51/><E120/><V76/><F113/><W104/><G75/><T107/><D107/><N who="3" m="41001" /><G115/><T1/><D66/><U86/><E112/><V102/><F89/><W4/><G49/><T37/><D59/><U80/><E125/><V117/><F117/><W58/><G85/><T47/><D56/><U29/><E133/><N who="3" m="51274" /><G58/><T73/><D73/><U126/><E126/><V11/><F97/><W92/><G92/><T24/><D24/><U114/><E114/><V98/><F98/><W48/><G48/><T134/><D134/><U93/><E93/><V23/><F102/><N who="3" m="38955" /><G67/><T9/><D47/><U34/><E51/><V65/><F81/><W87/><G87/><T108/><D108/><U63/><E45/><V74/><F74/><W109/><G109/><T95/><D95/><U123/><E123/><V96/><F96/><W21/><G4/><T79/><D44/><U128/><E63/><V130/><F76/><W60/><G60/><T84/><D84/><U99/><E99/><V32/><F65/><W40/><G40/><T61/><D79/><U5/><E5/><N who="2" m="3183" /><F62/><W88/><G88/><T13/><D61/><U71/><E90/><V52/><F55/><W46/><G46/><T64/><D64/><U91/><E91/><V101/><F101/><W121/><G121/><T36/><D119/><U17/><E86/><V28/><F50/><W110/><G110/><T72/><D72/><U6/><E80/><V53/><F57/><W82/><G82/><T77/><N who="0" m="9728" /><DORA hai="7" /><T35/><D118/><RYUUKYOKU ba="1,0" sc="173,-10,370,-10,327,-10,130,30" hai3="14,21,68,70" /><INIT seed="2,2,0,4,3,79" ten="163,360,317,160" oya="2" hai0="65,75,41,89,5,68,98,112,74,28,1,128,37" hai1="100,95,35,22,59,29,131,93,17,23,67,118,126" hai2="52,33,78,15,14,43,31,125,116,25,101,94,46" hai3="132,47,66,86,123,51,30,96,63,55,97,103,34"/><V39/><F116/><W49/><G123/><T32/><D112/><U7/><E7/><V48/><F125/><W129/><G129/><T69/><D128/><U2/><E2/><V91/><F101/><W92/><G132/><T8/><D89/><U120/><E131/><V76/><F76/><W13/><G34/><T106/><D41/><U117/><E35/><V70/><F70/><W114/><G114/><T9/><D9/><U64/><E59/><V26/><F26/><W61/><G30/><T21/><D21/><U134/><E17/><V0/><F0/><W84/><G13/><T113/><D37/><U12/><E12/><V40/><F78/><W20/><G20/><T88/><D113/><U124/><E100/><V24/><F24/><W85/><G66/><T3/><D3/><U105/><E105/><V56/><REACH who="2" step="1"/><F43/><REACH who="2" ten="163,360,307,160" step="2"/><W16/><G103/><T82/><D69/><U57/><E126/><V10/><F10/><W73/><G73/><T130/><D74/><U121/><E124/><V53/><F53/><W87/><G55/><T80/><D75/><U18/><E117/><V122/><F122/><W77/><G77/><T27/><D130/><U102/><E118/><V90/><F90/><W127/><G127/><T99/><D88/><U133/><E102/><V58/><F58/><W81/><G81/><N who="0" m="31339" /><D106/><U4/><E120/><V45/><F45/><W72/><G47/><T83/><D83/><U119/><E121/><V115/><F115/><W71/><G71/><T108/><D108/><U42/><E119/><V109/><F109/><W60/><G72/><T104/><D104/><RYUUKYOKU ba="2,1" sc="163,15,360,-15,307,15,160,-15" hai0="1,5,8,27,28,32,65,68,98,99" hai2="14,15,25,31,33,39,40,46,48,52,56,91,94" /><INIT seed="2,3,1,0,0,25" ten="178,345,322,145" oya="2" hai0="66,53,111,103,109,69,23,22,31,73,78,121,8" hai1="13,98,34,19,68,94,16,102,115,123,119,96,114" hai2="44,76,12,88,130,85,27,129,49,70,92,93,14" hai3="82,21,38,128,112,83,134,99,40,117,133,6,37"/><V42/><F70/><W84/><G117/><T41/><D121/><U80/><E119/><V120/><F120/><W47/><G38/><T32/><D32/><U67/><E123/><V79/><F93/><W4/><G128/><N who="2" m="49257" /><F27/><W29/><G112/><T135/><D41/><U61/><E34/><V113/><F113/><W125/><G99/><T126/><D103/><U106/><E80/><N who="3" m="30762" /><G84/><T124/><D78/><AGARI ba="3,1" hai="12,14,42,44,49,76,78,79,85,88,92" m="49257" machi="78" ten="30,2900,0" yaku="19,1,54,1" doraHai="25" who="2" fromWho="0" sc="178,-38,345,0,322,48,145,0" /><INIT seed="2,4,0,0,2,48" ten="140,345,370,145" oya="2" hai0="56,4,76,16,40,85,75,7,87,132,8,127,51" hai1="41,112,96,66,31,23,128,0,114,124,117,92,72" hai2="98,20,123,134,81,68,70,57,60,64,45,102,6" hai3="36,9,22,38,113,61,3,101,111,120,118,14,26"/><V108/><F123/><W50/><G120/><T53/><D75/><U135/><E0/><V91/><F134/><W19/><G3/><T100/><D132/><U95/><E41/><V29/><F6/><N who="0" m="2090" /><D127/><U69/><E23/><V88/><F108/><W121/><G121/><T5/><N who="0" m="2098" /><T99/><DORA hai="55" /><D76/><U86/><E66/><V42/><F70/><W103/><G111/><T17/><D40/><U18/><E18/><N who="0" m="7273" /><D8/><U11/><E11/><V2/><F68/><W77/><G118/><T110/><D110/><U78/><E72/><V82/><F2/><W97/><G113/><T93/><AGARI ba="4,0" hai="51,53,56,85,87,93,99,100" m="7273,2098" machi="93" ten="40,8000,1" yaku="8,1,52,2,54,1" doraHai="48,55" who="0" fromWho="0" sc="140,92,345,-24,370,-44,145,-24" /><INIT seed="3,0,0,4,2,113" ten="232,321,326,121" oya="3" hai0="79,124,27,17,82,34,0,131,10,32,1,129,65" hai1="91,45,118,104,25,24,102,76,127,80,89,46,92" hai2="7,4,106,94,130,41,105,57,3,43,2,119,70" hai3="11,39,56,81,128,85,49,78,115,86,30,109,31"/><W58/><G115/><T20/><D65/><U52/><E127/><V53/><F70/><W74/><G109/><T47/><D47/><U84/><E118/><V133/><F130/><N who="0" m="49674" /><D124/><U90/><E104/><V5/><F133/><W112/><G112/><T14/><D82/><U134/><E134/><V37/><F119/><W73/><G128/><T108/><D79/><U62/><E46/><V83/><F83/><W67/><G39/><T54/><D54/><U38/><E38/><V16/><F94/><W107/><G107/><T135/><D135/><U18/><E18/><V60/><F106/><W51/><G81/><T97/><D97/><N who="1" m="59687" /><E62/><V95/><F105/><W77/><G11/><T61/><D61/><U68/><E68/><V50/><F37/><W36/><G36/><T33/><D108/><U69/><E69/><V126/><F126/><W28/><G28/><AGARI ba="0,0" hai="0,1,10,14,17,20,27,28,32,33,34" m="49674" machi="28" ten="40,5200,0" yaku="19,1,34,2" doraHai="113" who="0" fromWho="3" sc="232,52,321,0,326,0,121,-52" /><INIT seed="4,0,0,5,5,23" ten="284,321,326,69" oya="0" hai0="93,70,56,62,103,72,110,43,53,134,60,12,83" hai1="102,78,81,111,24,47,11,48,3,109,58,115,118" hai2="44,101,123,105,91,85,50,37,10,46,40,90,6" hai3="126,14,120,38,86,106,79,49,5,75,16,97,121"/><T27/><D134/><U73/><E118/><V80/><F123/><N who="3" m="47179" /><G38/><T122/><D122/><U8/><E115/><V30/><F30/><W133/><G75/><T29/><D110/><U87/><E102/><V68/><F68/><W77/><G5/><T4/><D43/><U135/><E135/><V132/><F132/><W45/><G133/><T125/><D125/><U84/><E58/><V129/><F129/><W22/><G126/><T2/><D2/><U54/><E73/><V66/><F66/><W7/><G7/><T25/><D72/><U20/><E3/><V104/><F91/><W36/><G36/><T128/><D128/><U42/><E42/><V130/><F101/><N who="3" m="62767" /><G86/><T9/><D83/><U0/><E0/><V15/><F130/><W98/><G98/><N who="0" m="59855" /><D70/><U21/><E87/><V39/><F39/><W18/><G18/><T89/><D29/><N who="1" m="17543" /><E111/><V113/><F113/><W65/><G65/><T52/><D89/><U127/><E127/><V61/><F105/><W114/><G114/><T108/><D108/><U116/><E116/><V31/><F104/><W55/><AGARI ba="0,0" hai="14,16,22,45,49,55,77,79" m="62767,47179" machi="55" ten="30,2000,0" yaku="13,1,54,1" doraHai="23" who="3" fromWho="3" sc="284,-10,321,-5,326,-5,69,20" /><INIT seed="5,0,0,3,4,58" ten="274,316,321,89" oya="1" hai0="25,54,66,21,59,46,6,77,114,47,52,9,107" hai1="104,51,132,130,85,91,92,53,81,73,32,75,4" hai2="99,18,13,103,17,94,127,119,57,79,14,62,90" hai3="88,35,2,82,133,64,121,78,70,55,29,50,134"/><U42/><E32/><V87/><F119/><W56/><G121/><T83/><D107/><U131/><E42/><V112/><F127/><W110/><G2/><T126/><D126/><U0/><E104/><V31/><F31/><W115/><G110/><T61/><D114/><U67/><E67/><V23/><F79/><W117/><G115/><T89/><D89/><U44/><E132/><N who="3" m="50794" /><G117/><T7/><D47/><U96/><E4/><N who="0" m="1577" /><D46/><U36/><E36/><V26/><F112/><W11/><G11/><T37/><D9/><U1/><E1/><V72/><F72/><N who="3" m="43335" /><G88/><T135/><D37/><U15/><E15/><V125/><F125/><W120/><G120/><T105/><D105/><U109/><E0/><V100/><F18/><W69/><G64/><T39/><D39/><U86/><E109/><V97/><F103/><W122/><G122/><T108/><D108/><U111/><E111/><V34/><F34/><W102/><G102/><T20/><D135/><U95/><E95/><N who="2" m="58495" /><F87/><W124/><G124/><T80/><D77/><N who="1" m="46255" /><E86/><V74/><F74/><W68/><G68/><T30/><D20/><U12/><E12/><V27/><F14/><W71/><G71/><T76/><D76/><U5/><E5/><V106/><F106/><W8/><G8/><T65/><D66/><AGARI ba="0,0" hai="13,17,23,26,27,57,62,66,90,94,97" m="58495" machi="66" ten="30,2000,0" yaku="8,1,52,1" doraHai="58" who="2" fromWho="0" sc="274,-20,316,0,321,20,89,0" /><INIT seed="6,0,0,1,3,30" ten="254,316,341,89" oya="2" hai0="42,20,17,62,76,55,112,127,128,6,120,19,49" hai1="32,68,5,121,16,84,79,69,12,118,96,81,80" hai2="38,105,133,108,119,116,28,110,23,78,10,45,4" hai3="21,13,9,77,14,95,59,29,73,39,34,72,44"/><V43/><F105/><W130/><G130/><T27/><D120/><U57/><E118/><V85/><F133/><W37/><G34/><T40/><D112/><U129/><E32/><V60/><F60/><W8/><G44/><T90/><D128/><U88/><E129/><V103/><F103/><W2/><G2/><T54/><D127/><U52/><E5/><V50/><F38/><W51/><G77/><T58/><D6/><U122/><E96/><V107/><F107/><W18/><G95/><T117/><D117/><U33/><E33/><V66/><F66/><W26/><G37/><T125/><D125/><U113/><E113/><V134/><F134/><W3/><G39/><T22/><D90/><U104/><E104/><V123/><F123/><N who="1" m="47113" /><E80/><N who="2" m="47255" /><F23/><W36/><G36/><T132/><D76/><U89/><E89/><V99/><F28/><W65/><G3/><T94/><D94/><U124/><E79/><V102/><F102/><W92/><G92/><T101/><D101/><U56/><E124/><V74/><F99/><W15/><G72/><T93/><D93/><U1/><E1/><N who="2" m="271" /><F74/><W135/><G73/><T111/><D132/><U67/><E67/><V83/><F83/><W47/><G135/><T53/><D22/><N who="1" m="11527" /><E57/><V31/><F119/><W71/><G71/><T100/><D58/><U97/><E97/><V48/><F116/><W64/><G59/><T115/><D115/><U70/><E70/><V35/><F35/><W87/><G87/><T114/><D114/><U86/><E86/><V24/><F45/><W82/><G82/><T91/><D100/><U106/><E106/><RYUUKYOKU ba="0,0" sc="254,-10,316,30,341,-10,89,-10" hai1="52,56,68,69,81,84,88" /><INIT seed="7,1,0,2,0,36" ten="244,346,331,79" oya="3" hai0="30,48,8,28,34,43,131,129,15,110,19,124,125" hai1="12,84,127,57,76,58,90,114,101,10,119,72,107" hai2="135,113,62,38,83,18,32,79,82,108,40,9,128" hai3="35,45,94,100,56,106,78,47,73,1,64,68,91"/><W111/><G1/><T0/><D110/><U86/><E86/><V14/><F108/><W87/><G35/><T81/><D81/><N who="1" m="45191" /><E114/><V31/><F113/><W70/><G111/><T6/><D48/><U25/><E25/><V65/><F135/><W59/><G68/><T75/><D43/><U116/><E127/><N who="0" m="48713" /><D75/><U133/><E133/><V3/><F128/><N who="0" m="49226" /><D34/><U120/><E120/><V53/><F53/><W98/><G70/><T122/><D122/><U103/><E58/><N who="3" m="22058" /><G64/><T104/><D104/><U132/><E57/><V80/><F3/><W130/><G130/><T2/><D2/><U92/><E132/><V71/><F32/><W61/><G61/><T52/><D52/><U69/><E69/><V95/><F31/><W102/><G102/><T96/><D96/><N who="1" m="61863" /><E103/><V126/><F126/><W27/><G27/><T97/><D97/><U105/><E105/><V54/><F54/><W93/><G93/><T21/><AGARI ba="1,0" hai="0,6,8,15,19,21,28,30" m="49226,48713" machi="21" ten="30,7900,0" yaku="18,1,19,1,34,2" doraHai="36" who="0" fromWho="0" sc="244,82,346,-21,331,-21,79,-40" owari="326,42.0,325,13.0,310,-9.0,39,-46.0" /></mjloggm>