<mjloggm ver="2.3"><GO type="169" lobby="0"/><UN n0="%E6%B0%B4%E5%93%89%E3%81%AE%E3%83%AC%E3%82%B8%E3%82%A7%E3%83%B3%E3%83%89" n1="%63%68%75%75%79%61%61%61" n2="%E3%82%A6%E3%83%AB%E3%83%88%E3%83%A9%E7%AB%8B%E7%9B%B4" n3="%E3%81%B5%E3%81%8B%E3%81%A4%E3%81%81%E3%83%BC" dan="16,16,17,16" rate="2147.10,2140.15,2224.01,2094.92" sx="M,M,M,M"/><TAIKYOKU oya="0"/><INIT seed="0,0,0,0,1,44" ten="250,250,250,250" oya="0" hai0="118,88,13,87,29,123,65,42,28,64,63,32,21" hai1="89,79,58,102,92,52,50,60,134,93,37,40,26" hai2="129,96,66,124,99,55,82,81,95,133,106,35,2" hai3="49,24,0,121,43,127,10,103,31,105,1,76,116"/><T112/><D112/><U130/><E130/><V104/><F35/><W20/><G116/><T53/><D118/><U80/><E134/><V6/><F66/><W45/><G121/><T108/><D123/><U34/><E37/><V91/><F2/><W25/><G127/><T71/><D42/><U120/><E120/><V11/><F6/><W38/><G76/><T9/><D32/><U117/><E117/><V107/><F11/><W128/><G128/><T30/><D108/><U110/><E110/><V59/><F129/><W126/><G126/><T3/><D3/><U62/><E34/><V73/><F124/><W101/><G38/><T14/><D14/><U77/><E26/><V68/><F68/><W114/><G114/><T70/><D70/><U16/><E102/><V12/><F12/><W90/><G90/><T131/><D131/><U98/><E16/><V17/><F17/><W94/><G105/><T4/><D65/><U84/><E40/><V125/><F125/><W19/><G10/><T97/><D97/><U119/><E119/><V18/><F18/><W115/><G115/><T85/><D85/><U39/><E39/><V72/><F133/><W61/><G61/><N who="1" m="23658" /><E98/><V54/><F54/><W15/><G25/><T48/><D21/><U5/><E5/><V86/><F55/><W69/><G69/><T135/><D135/><U75/><E75/><N who="2" m="28747" /><F59/><W57/><G57/><N who="0" m="32935" /><D30/><U36/><E36/><V78/><F99/><W56/><G56/><T122/><D122/><U7/><E7/><V47/><F47/><W23/><G103/><T74/><D74/><U113/><E113/><RYUUKYOKU ba="0,0" sc="250,0,250,0,250,0,250,0" hai0="4,9,13,28,29,63,64,71,87,88" hai1="50,52,58,77,79,80,84,89,92,93" hai2="78,81,82,86,91,95,96,104,106,107" hai3="0,1,15,19,20,23,24,31,43,45,49,94,101" /><INIT seed="0,1,0,3,5,48" ten="250,250,250,250" oya="0" hai0="83,59,76,26,27,47,119,125,95,10,102,55,49" hai1="0,14,113,92,1,17,112,72,41,11,43,129,127" hai2="107,29,82,53,123,135,66,99,121,61,40,25,88" hai3="58,70,28,44,117,104,38,98,36,106,54,32,18"/><T34/><D119/><U20/><E72/><V24/><F40/><N who="1" m="15433" /><E127/><V60/><F135/><W130/><G117/><T116/><D116/><U19/><E92/><V122/><F107/><W85/><G130/><T110/><D125/><U15/><E129/><V13/><F13/><N who="1" m="4617" /><E11/><V100/><F100/><W37/><G70/><T84/><D10/><U7/><E20/><V81/><F25/><W109/><G18/><N who="1" m="6666" /><E7/><V33/><F61/><W65/><G65/><T90/><D102/><U74/><E74/><V132/><F132/><W78/><G106/><T56/><D110/><U22/><E22/><V105/><F66/><W50/><G104/><T114/><D114/><AGARI ba="1,0" hai="0,1,112,113,114" m="6666,4617,15433" machi="114" ten="30,3900,0" yaku="28,2,11,1" doraHai="48" who="1" fromWho="0" sc="250,-42,250,42,250,0,250,0" /><INIT seed="1,0,0,0,3,20" ten="208,292,250,250" oya="1" hai0="37,101,99,46,25,70,68,97,16,31,24,77,106" hai1="61,60,28,110,13,55,0,47,103,44,23,5,111" hai2="53,100,35,64,8,73,118,86,124,131,54,10,58" hai3="125,19,126,134,116,39,123,94,36,67,2,112,80"/><U11/><E103/><V105/><F73/><W62/><G123/><T3/><D3/><U43/><E55/><V65/><F35/><W115/><G134/><T71/><D77/><U63/><E43/><V95/><F105/><W42/><G116/><T7/><D7/><U51/><E51/><V82/><F131/><W85/><G2/><T120/><D120/><U72/><E72/><V57/><F124/><N who="3" m="47723" /><G94/><T93/><D31/><U1/><E1/><V135/><F135/><W96/><G96/><T88/><REACH who="0" step="1"/><D16/><REACH who="0" ten="198,292,250,250" step="2"/><N who="1" m="10639" /><E28/><V17/><F17/><W90/><G19/><T12/><D12/><U81/><E81/><V6/><F82/><W45/><G36/><T52/><D52/><U15/><E15/><V83/><F83/><W108/><G108/><AGARI ba="0,1" hai="0,5,11,44,47,60,61,63,108,110,111" m="10639" machi="108" ten="30,5800,0" yaku="14,1,10,1,54,1" doraHai="20" who="1" fromWho="3" sc="198,0,292,68,250,0,250,-58" /><INIT seed="1,1,0,5,0,24" ten="198,360,250,192" oya="1" hai0="134,8,112,39,80,22,32,2,53,121,70,94,54" hai1="99,124,14,132,18,103,52,96,131,41,21,75,117" hai2="102,91,51,128,104,108,125,116,110,33,47,59,23" hai3="86,77,61,27,122,6,58,123,64,29,88,5,56"/><U127/><E117/><V46/><F33/><W43/><G77/><T4/><D32/><U62/><E75/><V31/><F116/><W100/><G43/><T126/><D112/><U38/><E132/><V11/><F102/><W84/><G86/><T71/><D134/><U78/><E78/><V72/><F104/><W40/><G40/><T35/><D35/><U81/><E81/><V34/><F34/><W113/><G113/><T42/><D126/><N who="1" m="48171" /><E131/><V83/><F11/><W120/><G100/><T26/><D121/><U10/><E103/><V30/><F125/><W25/><G58/><T28/><D94/><U69/><E69/><V92/><F128/><W65/><G64/><T1/><D1/><U50/><E62/><V119/><F119/><W12/><G12/><T20/><D20/><U36/><E21/><V63/><F23/><W9/><G9/><T44/><REACH who="0" step="1"/><D80/><REACH who="0" ten="188,360,250,192" step="2"/><U68/><E38/><V89/><F83/><W66/><G123/><T87/><D87/><U57/><E68/><AGARI ba="1,1" hai="2,4,8,22,26,28,39,42,44,53,54,68,70,71" machi="68" ten="40,2600,0" yaku="1,1,52,1,53,0" doraHai="24" doraHaiUra="15" who="0" fromWho="1" sc="188,39,360,-29,250,0,192,0" /><INIT seed="2,0,0,3,1,77" ten="227,331,250,192" oya="2" hai0="129,95,94,9,0,78,25,16,65,47,36,15,108" hai1="69,111,92,48,120,86,37,100,72,5,20,24,104" hai2="132,6,42,49,126,19,76,23,18,34,90,52,105" hai3="40,3,89,80,38,127,33,32,112,45,113,81,107"/><V30/><F105/><W121/><G121/><T116/><D108/><U26/><E37/><V14/><F34/><N who="3" m="13419" /><G107/><T10/><D129/><U97/><E69/><V124/><F76/><W82/><G3/><T53/><D116/><U133/><E111/><V70/><F70/><W21/><G21/><T114/><D114/><N who="3" m="44137" /><G127/><N who="2" m="48681" /><F42/><W35/><N who="3" m="13427" /><W117/><DORA hai="2" /><G117/><T11/><D0/><U63/><E63/><V43/><F43/><W91/><AGARI ba="0,0" hai="38,40,45,80,81,82,89,91" m="44137,13427" machi="91" ten="50,8000,1" yaku="11,1,52,3" doraHai="77,2" who="3" fromWho="3" sc="227,-20,331,-20,250,-40,192,80" /><INIT seed="3,0,0,1,5,110" ten="207,311,210,272" oya="3" hai0="59,79,58,80,43,101,0,15,133,112,36,11,100" hai1="103,25,76,114,130,41,135,6,10,93,56,28,92" hai2="33,69,51,48,88,86,97,42,47,89,19,95,20" hai3="13,109,8,87,71,18,65,125,83,35,117,50,104"/><W105/><G117/><T129/><D0/><U22/><E135/><V113/><F69/><W111/><G35/><T118/><D118/><U16/><E130/><V14/><F33/><W27/><G125/><T126/><D133/><U94/><E41/><V9/><F113/><W127/><G127/><T84/><D126/><U122/><E122/><V4/><F51/><W39/><G39/><T66/><D129/><U78/><E103/><V62/><F62/><N who="3" m="40375" /><G27/><T55/><D66/><U38/><E38/><V116/><F116/><W74/><G74/><T132/><D132/><U90/><E114/><V44/><F44/><W68/><G50/><T40/><D112/><U99/><E28/><V45/><F45/><W26/><G26/><T64/><D64/><U52/><E78/><V3/><REACH who="2" step="1"/><F86/><REACH who="2" ten="207,311,200,272" step="2"/><W63/><G68/><T81/><D36/><U61/><REACH who="1" step="1"/><E76/><REACH who="1" ten="207,301,200,272" step="2"/><V115/><F115/><W91/><G109/><T37/><D37/><U23/><E23/><V29/><F29/><W24/><G111/><T32/><D32/><U82/><E82/><V120/><F120/><W75/><G83/><T73/><D81/><U119/><E119/><V30/><F30/><W5/><G75/><T70/><D73/><U67/><E67/><V49/><F49/><W128/><G128/><T85/><D80/><U60/><E60/><V123/><F123/><W106/><G63/><T46/><D79/><U102/><E102/><AGARI ba="0,2" hai="3,4,9,14,19,20,42,47,48,88,89,95,97,102" machi="102" ten="30,7700,0" yaku="1,1,7,1,54,1,53,1" doraHai="110" doraHaiUra="17" who="2" fromWho="1" sc="207,0,301,-77,200,97,272,0" /><INIT seed="4,0,0,2,1,14" ten="207,224,297,272" oya="0" hai0="49,44,32,60,126,91,106,24,99,77,111,65,66" hai1="53,54,124,67,118,92,79,7,70,121,64,9,15" hai2="1,133,30,100,37,36,112,74,104,81,4,28,127" hai3="51,110,10,71,48,90,56,122,12,47,101,131,62"/><T107/><D111/><U59/><E118/><V13/><F1/><W128/><G110/><T117/><D117/><U20/><E121/><V73/><F104/><W16/><G122/><T19/><D126/><U89/><E70/><V50/><F100/><W3/><G101/><T17/><D77/><U134/><E124/><V115/><F127/><W29/><G3/><T80/><D106/><U34/><E34/><V130/><F50/><W8/><G29/><T33/><D107/><U76/><E134/><V26/><F81/><W129/><G71/><T23/><D33/><U69/><E69/><V109/><F13/><N who="3" m="7207" /><G90/><T114/><D32/><U38/><E38/><V82/><F4/><N who="3" m="3143" /><G47/><T132/><D132/><U119/><E119/><V40/><F133/><W125/><G125/><T72/><D72/><U116/><E116/><V103/><F103/><W11/><G11/><T78/><D78/><N who="1" m="29739" /><E20/><V68/><F68/><W35/><G35/><T75/><D75/><U46/><E46/><V43/><F109/><W25/><G25/><T120/><D120/><U39/><E39/><V94/><F26/><W52/><AGARI ba="0,0" hai="48,51,52,56,62,128,129,131" m="3143,7207" machi="52" ten="30,7900,0" yaku="19,1,52,1,54,2" doraHai="14" who="3" fromWho="3" sc="207,-39,224,-20,297,-20,272,79" /><INIT seed="5,0,0,0,1,24" ten="168,204,277,351" oya="1" hai0="23,62,70,12,128,61,125,126,91,124,45,89,95" hai1="102,113,14,17,56,81,31,46,75,134,97,110,109" hai2="115,84,133,71,2,57,80,130,100,68,114,27,67" hai3="111,15,122,69,79,4,99,118,60,87,47,38,83"/><U108/><E134/><V48/><F2/><W104/><G122/><T63/><D128/><U58/><E31/><V123/><F123/><W65/><G111/><T77/><D77/><U93/><E113/><N who="2" m="43019" /><F130/><W0/><G118/><T121/><D121/><U119/><E119/><V86/><F100/><W39/><G0/><T66/><D45/><U52/><E81/><V116/><F133/><W28/><G47/><T103/><D103/><U78/><E78/><V10/><F10/><W54/><G54/><T132/><D132/><U96/><E96/><V8/><F8/><W7/><G7/><T26/><D12/><U135/><E75/><V13/><F13/><W129/><G15/><T41/><D41/><U37/><E135/><V1/><F1/><W6/><G4/><T51/><D51/><N who="1" m="28791" /><E37/><V55/><F116/><W131/><G38/><T33/><D33/><U5/><E5/><V107/><F107/><W21/><G6/><T117/><D117/><U43/><E43/><V59/><F84/><W88/><G39/><T90/><REACH who="0" step="1"/><D95/><REACH who="0" ten="158,204,277,351" step="2"/><U25/><E25/><V76/><F27/><N who="3" m="16495" /><G104/><T64/><D64/><U49/><E49/><V16/><F67/><W50/><G50/><T30/><AGARI ba="0,1" hai="23,26,30,61,62,63,66,70,89,90,91,124,125,126" machi="30" ten="40,8000,1" yaku="1,1,0,1,18,1,52,1,53,0" doraHai="24" doraHaiUra="105" who="0" fromWho="0" sc="158,90,204,-40,277,-20,351,-20" /><INIT seed="6,0,0,0,5,34" ten="248,164,257,331" oya="2" hai0="4,2,103,35,78,89,85,11,132,18,64,53,73" hai1="98,105,96,107,116,62,58,118,108,47,65,95,100" hai2="114,45,93,88,122,67,27,63,77,61,115,25,28" hai3="52,55,26,69,59,1,127,36,29,19,110,6,75"/><V131/><F122/><W123/><G123/><T0/><D35/><U92/><E108/><V24/><F77/><W12/><G110/><T121/><D121/><U76/><E47/><V87/><F131/><W94/><G69/><T124/><D103/><U79/><E58/><V90/><F45/><W56/><G75/><T104/><D104/><U72/><E62/><V80/><F28/><W48/><G36/><T102/><D102/><U51/><E51/><V44/><F44/><W83/><G83/><T111/><D111/><U106/><E65/><V84/><REACH who="2" step="1"/><F63/><REACH who="2" ten="248,164,247,331" step="2"/><W129/><G129/><T101/><D78/><U15/><E15/><V30/><F30/><W16/><G12/><T38/><D2/><U130/><E130/><V32/><F32/><W68/><G1/><T70/><D0/><U31/><E31/><V20/><F20/><W82/><G29/><T128/><D128/><U9/><E9/><V133/><F133/><W54/><G26/><T117/><D11/><U7/><E7/><V8/><F8/><W50/><G6/><T39/><D4/><U113/><E113/><V74/><F74/><W86/><G19/><T126/><D18/><U17/><E17/><V10/><F10/><W49/><G16/><T57/><D132/><U125/><E125/><V13/><F13/><W71/><G127/><T66/><D126/><U109/><E109/><V23/><F23/><W91/><G49/><T112/><D124/><U119/><REACH who="1" step="1"/><E72/><REACH who="1" ten="248,154,247,331" step="2"/><V14/><F14/><W41/><G50/><N who="0" m="30903" /><D73/><U3/><E3/><V42/><F42/><W40/><G41/><T135/><D112/><RYUUKYOKU ba="0,2" sc="248,-15,154,15,247,15,331,-15" hai1="76,79,92,95,96,98,100,105,106,107,116,118,119" hai2="24,25,27,61,67,80,84,87,88,90,93,114,115" /><INIT seed="6,1,2,4,4,103" ten="233,169,262,316" oya="2" hai0="35,39,134,76,96,97,82,65,60,75,45,46,34" hai1="38,33,0,25,104,5,69,13,80,92,54,118,98" hai2="64,121,94,95,66,19,27,62,126,130,128,119,133" hai3="61,63,102,55,58,40,79,21,87,74,135,70,120"/><V51/><F121/><W68/><G74/><T84/><D134/><U3/><E69/><V99/><F119/><W100/><G135/><T12/><D75/><U81/><E38/><V91/><F133/><W73/><G120/><T127/><D127/><U114/><E118/><V56/><F126/><W43/><G73/><T8/><D35/><U89/><E3/><V86/><F51/><W72/><G72/><T117/><D34/><U31/><E0/><V15/><F27/><W4/><G4/><T123/><D123/><U85/><E114/><V50/><F50/><W22/><G87/><T10/><D10/><U6/><E54/><N who="2" m="34071" /><F130/><W115/><G55/><T90/><D117/><U77/><E13/><V71/><F71/><W49/><G49/><T125/><D125/><U24/><E24/><V108/><F108/><W109/><G58/><N who="0" m="37015" /><D39/><U105/><REACH who="1" step="1"/><E81/><REACH who="1" ten="233,159,262,316" step="2"/><V113/><F113/><W23/><G115/><T9/><D12/><U122/><E122/><V78/><F128/><W42/><G109/><T37/><D37/><U67/><E67/><V52/><F52/><W7/><G70/><T17/><D82/><U18/><E18/><V116/><F116/><W2/><G68/><T16/><D16/><U101/><E101/><N who="2" m="60663" /><F19/><W20/><G2/><T53/><D17/><U110/><E110/><V112/><F112/><W88/><G102/><T124/><D53/><U57/><E57/><V129/><F129/><W48/><G100/><T1/><D124/><U32/><E32/><V47/><F15/><W36/><G36/><T41/><D1/><U59/><E59/><V28/><F66/><RYUUKYOKU ba="1,3" sc="233,-10,159,30,262,-10,316,-10" hai1="5,6,25,31,33,77,80,85,89,92,98,104,105" /><INIT seed="7,2,3,5,3,59" ten="223,189,252,306" oya="3" hai0="109,33,63,22,68,102,86,19,2,26,34,9,129" hai1="11,23,96,111,58,51,124,20,83,77,4,28,114" hai2="35,79,73,55,80,126,85,84,10,78,88,49,53" hai3="133,6,24,120,66,110,118,100,75,8,134,38,32"/><W90/><G75/><T56/><D68/><U0/><E111/><V39/><F39/><W115/><G38/><T62/><D109/><U112/><E124/><V45/><F35/><W52/><G110/><T105/><D129/><U82/><E96/><V18/><F126/><W42/><G42/><T106/><D34/><U81/><E77/><N who="2" m="46095" /><F73/><W67/><G100/><T36/><D33/><U122/><E122/><V98/><F98/><W47/><G118/><T5/><D36/><U46/><E58/><V131/><F55/><W127/><G115/><N who="1" m="44074" /><E28/><V27/><F131/><W25/><G127/><T70/><D102/><U31/><E31/><V40/><F53/><AGARI ba="2,3" hai="0,4,11,20,23,46,51,53,81,82,83" m="44074" machi="53" ten="30,1000,0" yaku="15,1" doraHai="59" who="1" fromWho="2" sc="223,0,189,46,252,-16,306,0" owari="223,-28.0,235,-16.0,236,4.0,306,40.0" /></mjloggm>