<mjloggm ver="2.3"><GO type="169" lobby="0"/><UN n0="%E3%81%AA%E3%81%AA%E3%81%BF%E3%82%93%E3%81%94" n1="%43%2D%6D%69%6E%6F%72%E2%99%AA" n2="%E5%B0%B1%E6%B4%BB%E7%94%9F%40%E5%B7%9D%E6%9D%91%E8%BB%8D%E5%9B%A3" n3="%E7%8E%89%E3%81%AB%E3%82%AD%E3%82%B9" dan="16,17,18,16" rate="2080.82,2196.36,2310.59,2092.71" sx="M,M,M,M"/><TAIKYOKU oya="0"/><INIT seed="0,0,0,3,5,64" ten="250,250,250,250" oya="0" hai0="70,61,19,48,4,49,34,83,59,93,78,125,46" hai1="23,53,105,12,75,22,52,62,40,43,24,109,55" hai2="99,84,37,44,47,67,77,123,0,11,129,72,108" hai3="91,120,119,6,107,51,82,14,110,35,27,1,98"/><T42/><D34/><U115/><E109/><V45/><F123/><W86/><G119/><T38/><D125/><U95/><E105/><V28/><F108/><W112/><G110/><T10/><D19/><U85/><E75/><V96/><F129/><W89/><G1/><T102/><D102/><U121/><E121/><V127/><F28/><W31/><G112/><T132/><D93/><U134/><E134/><V3/><F127/><W17/><G6/><T118/><D132/><U130/><E130/><V128/><F128/><W104/><G120/><T63/><D70/><U15/><E62/><V65/><F72/><W58/><G91/><T26/><D26/><U100/><E115/><V57/><F37/><W111/><G111/><T73/><D118/><U16/><E12/><V79/><F57/><W50/><G58/><T21/><D21/><U94/><E100/><V9/><F47/><W101/><REACH who="3" step="1"/><G107/><REACH who="3" ten="250,250,250,240" step="2"/><T32/><D59/><U116/><E116/><V25/><F3/><W41/><G41/><N who="1" m="15946" /><E85/><V74/><F0/><W88/><G88/><T76/><D76/><U106/><E106/><V36/><F74/><W2/><G2/><N who="0" m="279" /><D32/><U117/><E117/><V5/><F84/><W126/><G126/><T92/><D92/><U90/><E90/><V13/><F5/><W81/><G81/><T122/><D122/><U8/><E8/><AGARI ba="0,1" hai="8,14,17,27,31,35,50,51,82,86,89,98,101,104" machi="8" ten="30,2000,0" yaku="1,1,7,1,53,0" doraHai="64" doraHaiUra="66" who="3" fromWho="1" sc="250,0,250,-20,250,0,240,30" /><INIT seed="1,0,0,5,1,36" ten="250,230,250,270" oya="1" hai0="130,47,117,75,68,87,108,124,54,96,70,58,53" hai1="132,0,101,107,57,112,134,4,11,2,85,76,123" hai2="29,128,33,31,50,88,14,63,10,35,92,89,43" hai3="120,113,28,5,40,37,39,49,100,46,103,9,32"/><U111/><E112/><V125/><F125/><W51/><G120/><T13/><D75/><U121/><E0/><V65/><F128/><W116/><G113/><T17/><D117/><U131/><E131/><V41/><F35/><W133/><G133/><N who="1" m="51306" /><E111/><V21/><F33/><W27/><G116/><T82/><D124/><U86/><E57/><N who="2" m="37103" /><F50/><W126/><G126/><T77/><D108/><U12/><E2/><V56/><F56/><W7/><G7/><T90/><D130/><U118/><E118/><V22/><F22/><W55/><G39/><T114/><D114/><U81/><E86/><N who="2" m="52247" /><F89/><W16/><G37/><T94/><D47/><U69/><E69/><V73/><F73/><W52/><G55/><T110/><D110/><U71/><E71/><V61/><F61/><W99/><G99/><AGARI ba="0,0" hai="4,11,12,76,81,85,99,101,107,121,123" m="51306" machi="99" ten="30,1500,0" yaku="20,1" doraHai="36" who="1" fromWho="3" sc="250,0,230,15,250,0,270,-15" /><INIT seed="1,1,0,5,0,100" ten="250,245,250,255" oya="1" hai0="118,0,9,19,45,73,14,49,54,48,26,115,87" hai1="110,102,124,68,33,15,47,36,85,31,53,107,67" hai2="95,112,94,58,21,62,74,59,90,13,101,78,88" hai3="106,132,20,121,40,18,70,84,1,22,130,8,29"/><U77/><E124/><V91/><F112/><W64/><G121/><T55/><D73/><U61/><E110/><V75/><F78/><W117/><G40/><T52/><D118/><U92/><E92/><V32/><F32/><W128/><G84/><T27/><D115/><U129/><E129/><V35/><F35/><W69/><G64/><T10/><D0/><U97/><E15/><V134/><F134/><W28/><G132/><T41/><D9/><U127/><E127/><V86/><F101/><W131/><G117/><T99/><D99/><U96/><E96/><V6/><F59/><W23/><G106/><T120/><D120/><U80/><E53/><N who="0" m="20585" /><D87/><U60/><E60/><V108/><F108/><W5/><REACH who="3" step="1"/><G18/><REACH who="3" ten="250,245,250,245" step="2"/><T3/><D3/><U89/><E77/><V43/><F43/><W103/><G103/><T65/><D65/><U113/><E113/><V98/><F74/><W25/><G25/><T63/><D63/><U79/><E79/><V125/><F75/><W37/><G37/><T56/><AGARI ba="1,1" hai="10,14,19,26,27,41,45,48,49,55,56" m="20585" machi="56" ten="30,2000,0" yaku="8,1,54,1" doraHai="100" who="0" fromWho="0" sc="250,33,245,-11,250,-6,245,-6" /><INIT seed="2,0,0,5,1,77" ten="283,234,244,239" oya="2" hai0="79,112,118,11,92,50,90,55,102,21,81,3,103" hai1="67,32,85,10,83,29,88,23,27,120,1,127,9" hai2="59,109,39,5,121,91,123,101,62,135,104,99,129" hai3="80,64,31,45,116,65,51,131,46,38,74,48,71"/><V60/><F39/><W12/><G116/><T68/><D68/><U111/><E111/><V96/><F129/><W47/><G31/><T69/><D69/><U13/><E127/><V115/><F115/><W35/><G35/><T58/><D112/><U37/><E37/><V36/><F36/><W43/><G12/><T93/><D118/><U130/><E130/><V114/><F114/><W124/><G80/><T105/><D105/><U119/><E119/><V34/><F34/><W19/><G19/><T78/><D3/><U61/><E120/><V75/><F75/><W82/><G82/><T110/><D11/><U98/><E1/><V53/><F135/><W126/><G74/><T125/><D110/><U72/><E72/><V8/><F109/><W73/><G73/><T20/><D125/><N who="3" m="48233" /><G131/><T7/><D7/><U0/><E0/><V17/><F17/><W4/><G4/><T42/><D42/><U6/><E9/><V52/><F96/><W44/><G71/><T106/><D106/><U33/><E98/><V49/><F91/><W107/><G107/><T89/><D81/><U76/><E76/><N who="0" m="29225" /><D103/><U2/><REACH who="1" step="1"/><E2/><REACH who="1" ten="283,224,244,239" step="2"/><V128/><F128/><W24/><G24/><T95/><D102/><U22/><E22/><AGARI ba="0,1" hai="20,21,22,50,55,58,89,90,92,93,95" m="29225" machi="22" ten="30,1000,0" yaku="8,1" doraHai="77" who="0" fromWho="1" sc="283,20,224,-10,244,0,239,0" /><INIT seed="3,0,0,3,2,34" ten="303,214,244,239" oya="3" hai0="44,101,124,10,11,38,20,123,5,76,39,12,19" hai1="119,18,80,105,46,84,83,116,0,29,55,41,110" hai2="87,109,85,27,50,135,37,61,3,117,104,78,6" hai3="96,33,67,23,88,94,25,92,73,69,134,100,89"/><W122/><G122/><T48/><D124/><U8/><E110/><V125/><F37/><W13/><G134/><T65/><D123/><U70/><E105/><V120/><F104/><W74/><G69/><T57/><D101/><U21/><E70/><V35/><F120/><W47/><G67/><T113/><D113/><U72/><E29/><V43/><F109/><W128/><G128/><T99/><D99/><U95/><E55/><V107/><F107/><W133/><G133/><T60/><D76/><U115/><E115/><V58/><F78/><W52/><G33/><T121/><D121/><U98/><E72/><V2/><F6/><W129/><G129/><T26/><D11/><U132/><E132/><V42/><F135/><W75/><G13/><T56/><D56/><U114/><E114/><V14/><F14/><W17/><REACH who="3" step="1"/><G94/><REACH who="3" ten="303,214,244,229" step="2"/><T36/><D65/><U68/><E68/><V82/><F35/><W16/><G16/><T77/><D19/><U131/><E95/><V51/><F125/><W86/><G86/><T118/><D12/><U91/><E131/><V126/><F126/><W32/><G32/><T1/><D118/><U64/><E119/><V22/><F117/><W108/><G108/><T79/><D5/><N who="1" m="1063" /><E64/><V53/><F85/><W49/><AGARI ba="0,1" hai="17,23,25,47,49,52,73,74,75,88,89,92,96,100" machi="49" ten="40,12000,1" yaku="1,1,0,1,54,2,53,0" doraHai="34" doraHaiUra="81" who="3" fromWho="3" sc="303,-40,214,-40,244,-40,229,130" /><INIT seed="3,1,0,0,0,56" ten="263,174,204,359" oya="3" hai0="81,44,35,135,53,27,126,59,122,22,26,76,21" hai1="43,4,116,23,96,0,51,67,32,103,79,102,33" hai2="31,118,129,60,11,50,123,110,73,10,62,104,106" hai3="95,128,69,70,30,130,132,36,39,94,29,125,40"/><W16/><G40/><T113/><D122/><U99/><E116/><V93/><F118/><W28/><G125/><T89/><D126/><U18/><E79/><V9/><F73/><W66/><G132/><T61/><D135/><U7/><E33/><V24/><F123/><W8/><G66/><T127/><D113/><U78/><E32/><V133/><F133/><W3/><G3/><T117/><D117/><U65/><E78/><V2/><F2/><W111/><G111/><T107/><D107/><U17/><E0/><V82/><F129/><N who="3" m="49771" /><G16/><N who="0" m="12583" /><D35/><U64/><E51/><V75/><F110/><W47/><G47/><T88/><D44/><U15/><E43/><V19/><F19/><W49/><G8/><T52/><D53/><U105/><REACH who="1" step="1"/><E18/><REACH who="1" ten="263,164,204,359" step="2"/><V86/><F50/><W63/><G49/><T57/><D127/><U74/><E74/><V91/><F75/><W120/><G120/><T131/><D131/><U114/><E114/><V41/><F41/><W90/><G39/><T14/><D14/><U83/><E83/><V42/><F42/><W45/><G36/><T68/><D81/><U97/><E97/><V108/><F108/><W46/><G46/><T55/><D76/><U6/><E6/><V37/><F37/><W72/><G45/><T124/><D124/><U54/><E54/><V115/><F115/><W48/><G48/><N who="0" m="30855" /><D68/><U92/><AGARI ba="1,1" hai="4,7,15,17,23,64,65,67,92,96,99,102,103,105" machi="92" ten="30,2000,0" yaku="1,1,0,1,53,0" doraHai="56" doraHaiUra="5" who="1" fromWho="1" sc="263,-6,164,33,204,-6,359,-11" /><INIT seed="4,0,0,3,5,47" ten="257,197,198,348" oya="0" hai0="28,98,72,64,22,4,2,108,55,50,99,110,113" hai1="75,42,38,29,112,116,53,30,6,19,127,0,49" hai2="34,135,106,59,60,40,107,12,95,15,126,89,101" hai3="13,102,31,100,65,132,26,23,84,25,17,14,52"/><T68/><D72/><U134/><E116/><V93/><F34/><W58/><G132/><T111/><D113/><U128/><E134/><V85/><F135/><W7/><G65/><T105/><D2/><U78/><E128/><V18/><F126/><W90/><G7/><T129/><D4/><U79/><E127/><V121/><F121/><W118/><G118/><T10/><D10/><U33/><E33/><V21/><F40/><W80/><G13/><T87/><D129/><U119/><E119/><V11/><F101/><W96/><G96/><T131/><D131/><U109/><E109/><V120/><F120/><W45/><G45/><N who="0" m="28111" /><D105/><U36/><E42/><V83/><F106/><W63/><REACH who="3" step="1"/><G26/><REACH who="3" ten="257,197,198,338" step="2"/><N who="0" m="16471" /><D87/><U5/><E5/><N who="2" m="3183" /><F107/><W122/><G122/><T91/><D64/><AGARI ba="0,1" hai="15,18,21,59,60,64,83,85,89,93,95" m="3183" machi="64" ten="30,1000,0" yaku="8,1" doraHai="47" who="2" fromWho="0" sc="257,-10,197,0,198,20,338,0" /><INIT seed="5,0,0,5,0,38" ten="247,197,218,338" oya="1" hai0="115,99,41,132,27,85,78,97,112,82,5,46,23" hai1="52,65,114,63,125,57,16,9,35,24,54,11,106" hai2="14,12,73,122,134,22,117,127,29,61,34,31,74" hai3="130,21,69,30,72,62,45,77,55,19,131,91,44"/><U51/><E114/><N who="0" m="43561" /><D5/><U13/><E125/><V95/><F122/><W1/><G1/><T66/><D66/><U101/><E9/><V56/><F117/><W105/><G30/><N who="0" m="17791" /><D132/><U111/><E111/><V135/><F34/><W79/><G91/><T15/><D15/><U89/><E106/><V40/><F95/><W0/><G0/><T126/><D126/><U103/><E89/><V110/><F110/><W33/><G33/><T128/><D128/><U53/><REACH who="1" step="1"/><E51/><AGARI ba="0,0" hai="41,46,51,78,82,85,97,99" m="17791,43561" machi="51" ten="30,2000,0" yaku="15,1,52,1" doraHai="38" who="0" fromWho="1" sc="247,20,197,-20,218,0,338,0" /><INIT seed="6,0,0,4,0,11" ten="267,177,218,338" oya="2" hai0="13,129,119,70,104,24,25,8,0,36,125,28,99" hai1="128,44,98,34,88,100,56,32,120,76,14,112,92" hai2="35,5,67,55,114,33,109,29,96,117,107,15,63" hai3="30,17,133,81,10,68,116,71,3,91,45,52,4"/><V50/><F117/><W48/><G116/><T77/><D119/><U9/><E112/><V83/><F109/><W16/><G133/><T69/><D36/><U82/><E128/><V94/><F107/><W102/><G30/><T111/><D111/><U105/><E120/><V27/><F83/><W61/><G102/><T19/><D129/><U2/><E2/><V57/><F35/><W47/><G45/><T121/><D121/><U108/><E108/><V132/><F132/><W21/><G17/><T87/><D125/><U74/><E44/><V18/><F5/><W65/><G91/><T124/><D124/><U26/><E26/><V20/><F114/><W12/><G81/><T39/><D39/><U86/><E56/><AGARI ba="0,0" hai="3,4,10,12,16,21,47,48,52,56,61,65,68,71" machi="56" ten="30,7700,0" yaku="7,1,52,1,54,2" doraHai="11" who="3" fromWho="1" sc="267,0,177,-77,218,0,338,77" /><INIT seed="7,0,0,2,1,92" ten="267,100,218,415" oya="3" hai0="39,105,57,121,35,77,115,33,61,17,108,5,91" hai1="104,128,43,107,120,90,34,16,132,25,67,83,102" hai2="75,64,84,71,4,31,134,50,9,3,87,54,99" hai3="78,94,127,28,40,113,135,110,2,88,60,103,49"/><W26/><G2/><T27/><D108/><U124/><E43/><V123/><F75/><W32/><G78/><T18/><D121/><U8/><E67/><V58/><F134/><W1/><G1/><T85/><D105/><N who="1" m="40523" /><E34/><V126/><F126/><W72/><G113/><T80/><D39/><U112/><E25/><V24/><F123/><W38/><G103/><T12/><D115/><U111/><E8/><V118/><F118/><W59/><G49/><T109/><D109/><U47/><E47/><V53/><F53/><W51/><G51/><T86/><D5/><U62/><E62/><V122/><F122/><W129/><G129/><T41/><D41/><U101/><E120/><V63/><F99/><W14/><G59/><T97/><D97/><U15/><E15/><V30/><F30/><W29/><G14/><T69/><D69/><U7/><E16/><V68/><F68/><W131/><G28/><T89/><D77/><U55/><E7/><V56/><F71/><W22/><G38/><T73/><D73/><U74/><E112/><V117/><F117/><W23/><G131/><T119/><D119/><U100/><E128/><V52/><F64/><W36/><G36/><T114/><D114/><U19/><E111/><V11/><F11/><W133/><G72/><T96/><D27/><U13/><E55/><V93/><F24/><W20/><G26/><T6/><D6/><U95/><E19/><N who="0" m="7177" /><D12/><U37/><E13/><V125/><F4/><W42/><G42/><T10/><D10/><U65/><E37/><V0/><F9/><W48/><G40/><T44/><D35/><RYUUKYOKU ba="0,0" sc="267,0,100,0,218,0,415,0" owari="267,7.0,100,-40.0,218,-18.0,415,51.0" /></mjloggm>