<mjloggm ver="2.3"><GO type="225" lobby="0"/><UN n0="%E5%B0%B1%E6%B4%BB%E7%94%9F%40%E5%B7%9D%E6%9D%91%E8%BB%8D%E5%9B%A3" n1="%E9%B3%B3%E5%8D%97%E5%A4%A7%E5%AD%A6%38%E5%B9%B4%E7%94%9F" n2="%E3%81%A9%E3%82%93%E3%82%88%E3%81%8F%4D%6B%2E%32" n3="%4D%40%53%4F" dan="17,16,17,16" rate="2150.34,2157.94,2220.48,2199.30" sx="M,M,M,M"/><TAIKYOKU oya="0"/><INIT seed="0,0,0,5,2,1" ten="250,250,250,250" oya="0" hai0="76,2,68,34,43,13,60,113,102,114,38,58,44" hai1="33,116,84,110,19,100,86,40,118,99,131,25,122" hai2="135,109,8,80,20,0,127,117,3,5,103,47,51" hai3="126,18,70,27,78,57,12,9,7,56,15,59,128"/><T107/><D2/><U32/><E122/><V85/><F0/><W50/><G70/><T129/><D129/><U22/><E131/><V42/><F109/><W105/><G128/><T14/><D34/><U48/><E110/><V98/><F127/><W10/><G126/><T124/><D124/><U73/><E73/><V119/><F135/><W90/><G105/><T94/><D107/><U35/><E40/><V11/><F11/><W29/><G78/><T123/><D68/><U28/><E48/><V134/><F20/><N who="3" m="15591" /><G90/><T21/><D76/><U16/><E84/><V91/><REACH who="2" step="1"/><F134/><REACH who="2" ten="250,250,240,250" step="2"/><W69/><G69/><T112/><D123/><U36/><E118/><V24/><F24/><W121/><G121/><T65/><D21/><U108/><E116/><V41/><F41/><W132/><G132/><T88/><REACH who="0" step="1"/><D102/><REACH who="0" ten="240,250,240,250" step="2"/><U17/><E108/><V26/><F26/><W66/><G66/><T111/><D111/><U6/><E22/><V54/><F54/><AGARI ba="0,2" hai="7,9,10,12,15,18,50,54,56,57,59" m="15591" machi="54" ten="30,2000,0" yaku="8,1,52,1" doraHai="1" who="3" fromWho="2" sc="240,0,250,0,240,-20,250,40" /><INIT seed="1,0,0,0,0,51" ten="240,250,220,290" oya="1" hai0="1,128,70,31,87,112,16,95,88,93,104,13,118" hai1="54,132,66,124,123,38,20,86,134,43,135,7,12" hai2="103,92,114,5,90,45,56,21,91,78,42,11,82" hai3="62,72,9,48,108,47,80,130,79,71,73,60,64"/><U125/><E66/><V19/><F114/><W101/><G108/><T77/><D1/><U126/><E123/><V18/><F56/><W109/><G109/><T27/><D104/><U111/><E111/><V76/><F103/><W57/><G130/><T69/><D112/><U59/><E43/><V89/><F92/><W15/><G101/><T106/><D106/><U0/><E38/><V75/><F78/><W67/><G73/><T36/><D36/><U24/><E0/><V25/><F19/><W40/><G15/><T35/><D118/><U96/><E96/><V81/><F81/><W117/><REACH who="3" step="1"/><G9/><REACH who="3" ten="240,250,220,280" step="2"/><T110/><D110/><U97/><E97/><V52/><F11/><W10/><G10/><T129/><D129/><U22/><E86/><V50/><REACH who="2" step="1"/><F5/><REACH who="2" ten="240,250,210,280" step="2"/><W58/><G58/><T94/><D128/><U99/><E7/><V4/><F4/><W23/><G23/><T63/><D69/><U14/><E99/><V116/><F116/><AGARI ba="0,2" hai="40,47,48,57,60,62,64,67,71,72,79,80,116,117" machi="116" ten="40,1300,0" yaku="1,1,53,0" doraHai="51" doraHaiUra="32" who="3" fromWho="2" sc="240,0,250,0,210,-13,280,33" /><INIT seed="2,0,0,3,0,116" ten="240,250,197,313" oya="2" hai0="3,47,106,38,68,70,97,10,44,115,59,100,110" hai1="58,45,78,0,4,86,84,89,94,66,60,25,56" hai2="87,65,90,48,131,109,51,15,135,76,40,13,95" hai3="54,117,49,57,34,23,132,36,39,102,92,83,81"/><V62/><F131/><W22/><G117/><T72/><D59/><U123/><E0/><V107/><F107/><W42/><G34/><T126/><D47/><U93/><E4/><V31/><F135/><W61/><G132/><T73/><D115/><U101/><E123/><V75/><F31/><W112/><G112/><T69/><D126/><U113/><E113/><V118/><F118/><W41/><G39/><T82/><D110/><U64/><E45/><V24/><F24/><W55/><G36/><T6/><REACH who="0" step="1"/><D82/><REACH who="0" ten="230,250,197,313" step="2"/><U19/><E56/><V96/><F109/><W127/><G83/><T105/><D105/><U53/><E101/><V5/><F40/><AGARI ba="0,1" hai="3,6,10,38,40,44,68,69,70,72,73,97,100,106" machi="40" ten="40,8000,1" yaku="1,1,33,3,53,0" doraHai="116" doraHaiUra="79" who="0" fromWho="2" sc="230,90,250,0,197,-80,313,0" /><INIT seed="3,0,0,4,4,50" ten="320,250,117,313" oya="3" hai0="79,83,20,77,38,123,25,18,84,87,131,23,33" hai1="0,55,11,4,99,43,94,1,31,65,3,78,67" hai2="62,21,54,106,132,36,10,86,56,46,30,32,14" hai3="114,117,16,129,88,37,92,59,40,22,58,126,72"/><W60/><G114/><T7/><D33/><U111/><E111/><V118/><F118/><W108/><G117/><T134/><D123/><U70/><E78/><V2/><F106/><W105/><G105/><T89/><D38/><U27/><E43/><V24/><F132/><W28/><G72/><T133/><D131/><U107/><E94/><V91/><F36/><W95/><G108/><T34/><D34/><U110/><E110/><V29/><F29/><W101/><G129/><T93/><D7/><U49/><E70/><V13/><F32/><W51/><G37/><T35/><D35/><U63/><E67/><V109/><F109/><W121/><G121/><T80/><D23/><U81/><E81/><V44/><F2/><W8/><G126/><T15/><D25/><U74/><E74/><V85/><F14/><N who="3" m="7239" /><G101/><T119/><D119/><U113/><E113/><V73/><F73/><W76/><G76/><T64/><D64/><U68/><E27/><V125/><F125/><W57/><G60/><T102/><D102/><U97/><E31/><V66/><F85/><AGARI ba="0,0" hai="15,18,20,77,79,80,83,84,85,87,89,93,133,134" machi="85" ten="40,1300,0" yaku="9,1" doraHai="50" who="0" fromWho="2" sc="320,13,250,0,117,-13,313,0" owari="333,44.0,250,-15.0,104,-40.0,313,11.0" /></mjloggm>