<mjloggm ver="2.3"><GO type="169" lobby="0"/><UN n0="%6B%61%67%65%73%68%69%6E" n1="%E6%97%85%E4%BA%BA%E3%81%A1%E3%82%88%E3%81%99%E3%81%91" n2="%E5%B0%B1%E6%B4%BB%E7%94%9F%40%E5%B7%9D%E6%9D%91%E8%BB%8D%E5%9B%A3" n3="%E4%BB%A3%E6%89%93%E3%81%A1%E3%81%AE%E7%A5%9E%E6%A7%98" dan="16,16,17,18" rate="2080.96,2143.51,2155.00,2167.42" sx="M,M,M,M"/><TAIKYOKU oya="0"/><INIT seed="0,0,0,1,4,21" ten="250,250,250,250" oya="0" hai0="71,87,4,18,6,108,104,54,38,11,124,114,86" hai1="3,26,100,7,133,60,73,79,10,25,97,75,51" hai2="58,119,50,61,1,94,20,82,22,45,44,37,103" hai3="62,102,85,120,29,111,14,41,131,116,47,49,126"/><T66/><D114/><U78/><E133/><V127/><F1/><W113/><G113/><T118/><D118/><U27/><E51/><V48/><F119/><W134/><G116/><T129/><D38/><U109/><E109/><V89/><F37/><W19/><G131/><T92/><D104/><U33/><E33/><V95/><F127/><W57/><G111/><T90/><D108/><U112/><E112/><V117/><F117/><W16/><G126/><T106/><D106/><U65/><E75/><V70/><F70/><W81/><G134/><T36/><D124/><U9/><E9/><V135/><F135/><W15/><G102/><T32/><D36/><U123/><E123/><V128/><F128/><W42/><G42/><T76/><D129/><U30/><E30/><V40/><F103/><W5/><G29/><T24/><D54/><U43/><E43/><N who="2" m="24607" /><F82/><W105/><G105/><T115/><D115/><U17/><E17/><N who="3" m="6730" /><G5/><T99/><D32/><U80/><E78/><V8/><F8/><W52/><G120/><T46/><D46/><U23/><E23/><N who="2" m="8747" /><F89/><AGARI ba="0,0" hai="14,15,41,47,49,52,57,62,81,85,89" m="6730" machi="89" ten="30,3900,0" yaku="8,1,54,2" doraHai="21" who="3" fromWho="2" sc="250,0,250,0,250,-39,250,39" /><INIT seed="1,0,0,5,1,12" ten="250,250,211,289" oya="1" hai0="60,91,52,29,128,127,34,59,9,135,45,27,53" hai1="103,94,134,100,93,129,117,108,74,26,1,81,79" hai2="131,56,67,43,49,20,66,118,16,14,124,35,19" hai3="76,78,61,133,87,68,112,120,47,132,101,23,13"/><U126/><E1/><V73/><F118/><W72/><G72/><T8/><D128/><U70/><E70/><V116/><F116/><W64/><G112/><T86/><D127/><U82/><E117/><V10/><F35/><W57/><G120/><T31/><D31/><U39/><E39/><V17/><F73/><W58/><G101/><N who="1" m="38986" /><E26/><N who="2" m="14599" /><F131/><W83/><G78/><T5/><D135/><N who="3" m="51785" /><G47/><T32/><D32/><U122/><E134/><V84/><F124/><W33/><G33/><T95/><REACH who="0" step="1"/><D5/><REACH who="0" ten="240,250,211,289" step="2"/><U21/><E129/><V130/><F130/><W106/><G106/><T65/><D65/><N who="2" m="24586" /><F84/><W50/><G87/><T107/><D107/><U121/><E126/><V22/><F43/><W71/><G71/><T15/><D15/><U2/><E122/><V6/><F22/><W4/><G23/><T18/><D18/><U11/><E121/><V54/><AGARI ba="0,1" hai="6,10,14,17,19,49,54,56" m="24586,14599" machi="54" ten="30,8000,1" yaku="8,1,52,3,54,1" doraHai="12" who="2" fromWho="2" sc="240,-20,250,-40,211,90,289,-20" /><INIT seed="2,0,0,0,0,5" ten="220,210,301,269" oya="2" hai0="77,34,97,101,33,95,91,122,119,106,131,20,85" hai1="61,88,22,98,38,40,121,120,57,53,58,62,79" hai2="44,100,69,60,49,59,113,81,24,51,76,127,3" hai3="123,10,65,70,0,93,72,129,125,84,75,37,67"/><V50/><F113/><W21/><G37/><T56/><D122/><U104/><E79/><V31/><F3/><W36/><G36/><T14/><D131/><U54/><E104/><V55/><F127/><W68/><G21/><T114/><D114/><U117/><E117/><V19/><F69/><W17/><G123/><N who="1" m="47178" /><E22/><V132/><F132/><W45/><G45/><T92/><D119/><U115/><E115/><V126/><F100/><W116/><G116/><T64/><D77/><U42/><E38/><V29/><F126/><W86/><G17/><T6/><D106/><U16/><E16/><V108/><F108/><W63/><G0/><T124/><D124/><U112/><E112/><V135/><F135/><W94/><G125/><T107/><D107/><U78/><E78/><V96/><F96/><W43/><G43/><T27/><D14/><U32/><E32/><V41/><F19/><W15/><G15/><T46/><D6/><U89/><E98/><V12/><F12/><W105/><G105/><T35/><D46/><U99/><E99/><V71/><F71/><W47/><G47/><T103/><D103/><U39/><E39/><V2/><F2/><W18/><G18/><T109/><D109/><U11/><E11/><V52/><F41/><AGARI ba="0,0" hai="40,41,42,53,54,57,58,61,62,88,89" m="47178" machi="41" ten="30,2000,0" yaku="13,1,54,1" doraHai="5" who="1" fromWho="2" sc="220,0,210,20,301,-20,269,0" /><INIT seed="3,0,0,3,1,77" ten="220,230,281,269" oya="3" hai0="74,40,96,18,44,34,113,11,100,112,15,94,0" hai1="35,36,70,3,51,122,14,123,13,10,130,41,20" hai2="33,22,128,47,78,50,92,71,97,8,19,45,126" hai3="24,26,98,28,129,29,60,88,49,53,83,37,68"/><W57/><G37/><T125/><D125/><U90/><E36/><V114/><F33/><W42/><G129/><T108/><D108/><U58/><E70/><V106/><F106/><W46/><G68/><T67/><D34/><U65/><E35/><V131/><F71/><W27/><REACH who="3" step="1"/><G98/><REACH who="3" ten="220,230,281,259" step="2"/><T76/><D112/><U79/><E130/><V91/><F114/><W132/><G132/><T43/><D113/><U6/><E123/><V59/><F126/><W72/><G72/><T38/><D38/><U61/><E122/><V75/><F131/><W23/><G23/><T105/><D74/><U89/><E20/><V63/><F128/><W25/><N who="3" m="6656" /><DORA hai="117" /><W17/><G17/><T39/><D18/><U5/><E5/><V115/><F22/><W80/><G80/><T81/><D81/><U120/><E120/><V103/><F115/><W111/><G111/><T64/><D39/><U30/><E30/><V133/><F133/><W85/><AGARI ba="0,1" hai="28,29,42,46,49,53,57,60,83,85,88" m="6656" machi="85" ten="40,12000,1" yaku="1,1,0,1,8,1,52,1,54,1,53,0" doraHai="77,117" doraHaiUra="4,66" who="3" fromWho="3" sc="220,-40,230,-40,281,-40,259,130" /><INIT seed="3,1,0,4,0,110" ten="180,190,241,389" oya="3" hai0="50,8,76,44,54,124,87,86,94,92,31,52,24" hai1="26,90,56,10,42,95,46,83,63,32,6,98,49" hai2="115,23,122,132,75,25,43,53,101,118,30,81,36" hai3="3,107,14,48,40,77,1,89,29,130,91,109,117"/><W28/><G117/><T37/><D37/><U85/><E32/><V19/><F118/><W9/><G107/><T88/><D124/><U22/><E6/><V126/><F126/><W65/><G109/><T11/><D54/><U12/><E10/><V35/><F132/><W51/><G77/><T134/><D134/><U41/><E41/><V97/><F122/><W99/><G130/><T58/><D44/><U57/><E12/><V68/><F68/><W61/><G40/><T104/><D104/><U131/><E131/><V16/><F53/><W39/><G39/><T105/><D105/><U71/><E71/><V27/><F115/><W111/><G111/><T66/><D66/><U108/><E108/><V70/><F70/><W18/><G3/><T100/><D100/><U114/><E114/><V129/><F129/><W4/><G29/><T106/><D106/><U135/><E135/><V33/><F97/><W69/><G28/><T67/><D67/><U96/><E63/><V15/><F101/><W7/><G7/><T73/><D73/><U5/><E5/><V103/><F103/><W34/><G34/><T102/><D102/><N who="1" m="60703" /><E98/><V121/><F121/><W62/><G62/><T127/><D127/><U45/><E45/><V116/><F116/><W13/><G99/><T38/><D38/><U2/><E2/><V21/><F43/><W59/><G1/><T112/><D112/><U74/><E74/><V47/><F36/><W55/><G51/><T17/><D17/><AGARI ba="1,0" hai="17,22,26,42,46,49,56,57,83,85,90" m="60703" machi="17" ten="30,1000,0" yaku="8,1" doraHai="110" who="1" fromWho="0" sc="180,-13,190,13,241,0,389,0" /><INIT seed="4,0,0,2,5,14" ten="167,203,241,389" oya="0" hai0="9,127,87,50,0,58,101,43,59,32,96,8,39" hai1="10,115,22,11,75,12,17,16,66,36,130,124,33" hai2="25,60,54,76,34,81,4,7,108,95,67,114,29" hai3="44,98,73,15,90,18,104,109,128,31,42,121,125"/><T45/><D32/><U13/><E36/><V65/><F108/><W49/><G73/><T23/><D127/><U86/><E75/><V107/><F107/><W105/><G109/><T70/><D70/><U111/><E111/><V85/><F114/><W68/><G68/><T99/><D39/><U77/><E33/><V89/><F54/><W93/><G128/><T27/><D87/><U21/><E130/><V3/><F3/><W92/><G31/><T38/><D38/><U122/><E122/><V103/><F103/><W82/><G82/><T84/><D84/><U100/><E124/><V52/><F67/><W53/><G121/><T133/><D133/><U71/><E115/><V41/><F41/><W97/><G42/><T28/><D0/><U110/><E110/><V112/><F112/><W40/><G40/><T63/><D59/><U79/><E100/><V94/><F94/><W72/><G72/><T78/><D78/><U64/><E86/><V30/><F30/><W88/><G125/><T6/><D6/><U135/><REACH who="1" step="1"/><E71/><REACH who="1" ten="167,193,241,389" step="2"/><V80/><F85/><W62/><G98/><N who="0" m="37419" /><D101/><U37/><E37/><V20/><F34/><W55/><G97/><T117/><D117/><U131/><E131/><V1/><F80/><W113/><G113/><T83/><D83/><U106/><E106/><V116/><F81/><W69/><G105/><T74/><D74/><U123/><E123/><V5/><F116/><W102/><G104/><T132/><D132/><AGARI ba="0,1" hai="10,11,12,13,16,17,21,22,64,66,77,79,132,135" machi="132" ten="25,12000,2" yaku="1,1,22,2,52,2,54,1,53,0" doraHai="14" doraHaiUra="56" who="1" fromWho="0" sc="167,-120,193,130,241,0,389,0" /><INIT seed="5,0,0,4,5,104" ten="47,323,241,389" oya="1" hai0="131,65,112,113,20,110,77,61,127,23,28,63,125" hai1="36,122,35,37,24,114,98,95,85,44,40,94,134" hai2="1,32,16,7,42,107,34,56,25,70,81,62,82" hai3="6,19,89,2,21,51,135,73,64,86,11,118,75"/><U5/><E122/><V71/><F107/><W29/><G135/><T83/><D110/><U14/><E134/><V115/><F115/><W74/><G118/><T93/><D93/><U49/><E114/><N who="0" m="44137" /><D28/><U27/><E37/><V97/><F42/><W123/><G123/><T41/><D41/><U121/><E121/><V100/><F7/><W50/><G29/><T108/><D108/><U31/><E36/><V13/><F1/><W109/><G64/><T26/><D65/><U67/><E67/><V48/><F48/><W53/><G109/><T52/><D131/><U30/><E85/><V15/><F15/><W119/><G119/><T4/><D4/><U128/><E128/><V10/><F71/><W58/><G51/><T59/><D63/><U101/><E94/><V12/><F70/><W78/><G78/><T8/><D8/><U130/><E130/><V87/><F13/><W57/><G57/><T96/><D96/><U9/><E27/><V103/><F25/><W72/><G72/><N who="0" m="43431" /><D26/><U66/><E31/><V90/><F81/><W106/><G106/><T79/><D79/><U126/><E66/><V99/><F34/><W17/><REACH who="3" step="1"/><G21/><AGARI ba="0,0" hai="20,21,23,52,59,61,125,127" m="43431,44137" machi="21" ten="30,3900,0" yaku="15,1,52,1,54,1" doraHai="104" who="0" fromWho="3" sc="47,39,323,0,241,0,389,-39" /><INIT seed="6,0,0,3,4,39" ten="86,323,241,350" oya="2" hai0="70,133,28,12,71,47,23,66,128,19,60,112,96" hai1="106,5,129,46,27,30,32,40,77,131,31,50,36" hai2="88,42,25,94,59,38,85,13,14,9,114,24,3" hai3="0,103,113,8,123,118,68,84,67,15,110,73,26"/><V16/><F114/><W20/><G73/><T102/><D112/><U34/><E106/><V122/><F3/><W74/><G74/><T99/><D133/><U83/><E5/><V97/><F122/><W62/><G113/><T87/><D128/><U81/><E50/><V82/><F14/><W80/><G0/><T64/><D28/><U101/><E101/><V104/><F104/><W93/><G110/><T33/><D33/><U75/><E83/><V92/><F59/><W72/><G72/><T54/><D102/><U4/><E4/><V56/><F56/><W51/><G51/><T78/><D78/><U125/><E125/><V121/><F121/><W115/><G115/><T126/><D126/><U116/><E116/><V117/><F117/><W22/><G118/><T105/><D105/><U69/><E69/><V109/><F109/><W55/><G55/><T18/><D87/><U130/><E31/><V6/><F94/><W11/><G123/><T120/><D120/><U65/><E65/><V95/><F92/><W63/><G63/><T57/><D47/><U52/><E52/><V7/><F42/><W53/><G53/><T21/><D71/><U124/><E124/><V2/><F38/><W44/><G44/><T45/><D45/><U135/><E34/><V17/><F2/><W35/><G35/><T119/><D119/><U43/><E43/><V127/><F127/><W98/><G15/><N who="0" m="9439" /><D70/><U91/><E91/><N who="2" m="55551" /><F7/><W58/><G68/><T10/><D10/><N who="3" m="3625" /><G26/><AGARI ba="0,0" hai="6,9,13,16,17,24,25,26,82,85,88" m="55551" machi="26" ten="30,5800,0" yaku="8,1,54,2" doraHai="39" who="2" fromWho="3" sc="86,0,323,0,241,58,350,-58" /><INIT seed="6,1,0,4,0,128" ten="86,323,299,292" oya="2" hai0="49,89,135,75,36,41,77,66,126,70,109,67,91" hai1="63,120,29,82,71,1,113,86,28,7,14,42,68" hai2="5,26,56,21,94,97,129,50,16,8,25,103,45" hai3="92,96,105,46,4,37,119,9,88,12,22,48,122"/><V38/><F129/><W65/><G119/><T11/><D109/><U44/><E1/><V102/><F38/><W35/><G35/><T10/><D126/><U15/><E113/><V110/><F110/><W39/><G122/><T40/><D49/><U108/><E108/><V90/><F56/><W52/><G65/><T74/><D36/><U81/><E120/><V59/><F59/><W43/><G43/><T127/><D127/><U98/><E98/><V19/><F19/><W84/><G22/><T13/><D13/><U79/><E82/><V27/><F102/><W134/><G134/><T0/><D77/><U115/><E15/><N who="2" m="5519" /><F103/><W69/><G69/><T2/><REACH who="0" step="1"/><D70/><REACH who="0" ten="76,323,299,292" step="2"/><U6/><E71/><V3/><F3/><W23/><G39/><T62/><D62/><U31/><E63/><V34/><F34/><W51/><G37/><T125/><D125/><U72/><E68/><V111/><F111/><W121/><G121/><T17/><D17/><U58/><E6/><V55/><AGARI ba="1,1" hai="16,21,25,26,27,45,50,55,90,94,97" m="5519" machi="55" ten="30,3000,0" yaku="8,1,54,1" doraHai="128" who="2" fromWho="2" sc="76,-11,323,-11,299,43,292,-11" /><INIT seed="6,2,0,1,1,118" ten="65,312,342,281" oya="2" hai0="6,54,12,123,35,80,40,56,72,13,97,88,89" hai1="129,93,110,5,76,22,128,53,106,58,37,55,7" hai2="19,87,132,114,39,38,48,41,71,125,130,113,119" hai3="45,75,3,68,31,64,133,109,50,60,29,11,120"/><V49/><F119/><W67/><G109/><T66/><D35/><U77/><E106/><V26/><F26/><W18/><G75/><T98/><D40/><U36/><E22/><V81/><F19/><W111/><G111/><T70/><D66/><U83/><E110/><V100/><F100/><W101/><G133/><T91/><D70/><U122/><E93/><V124/><F87/><W95/><G67/><T105/><D105/><U115/><E58/><V1/><F81/><W82/><G82/><T46/><D46/><U10/><E83/><V24/><F24/><W61/><G61/><T4/><D80/><U14/><E10/><V126/><F1/><W43/><G120/><T2/><D72/><U21/><E21/><V27/><F27/><W0/><G0/><T25/><D25/><U44/><E44/><V52/><F132/><W15/><G3/><T79/><D79/><U20/><E20/><V117/><F117/><W23/><G23/><T134/><D134/><U84/><E14/><V73/><F73/><W33/><G33/><T96/><D123/><U74/><E74/><V127/><F71/><W102/><G95/><T112/><D112/><N who="2" m="43114" /><F125/><W86/><G86/><T42/><D42/><U104/><E115/><V116/><F116/><W28/><AGARI ba="2,0" hai="11,15,18,28,29,31,43,45,50,60,64,68,101,102" machi="28" ten="30,1100,0" yaku="0,1" doraHai="118" who="3" fromWho="3" sc="65,-5,312,-5,342,-7,281,17" /><INIT seed="7,0,0,2,3,131" ten="60,307,335,298" oya="3" hai0="41,11,35,8,59,119,93,89,0,80,87,60,14" hai1="110,9,112,1,45,40,43,22,67,134,123,111,69" hai2="36,85,103,72,105,124,116,121,55,100,135,6,18" hai3="70,46,51,33,73,101,114,58,120,91,39,30,122"/><W97/><G70/><T25/><D41/><U65/><E22/><V82/><F36/><W5/><G73/><T17/><D119/><U34/><E123/><V4/><F116/><W83/><G39/><T92/><D0/><U108/><E34/><V74/><F135/><W106/><G114/><T12/><D35/><U130/><E130/><V23/><F124/><W102/><G102/><N who="2" m="38953" /><F105/><W62/><G5/><T28/><D28/><U61/><E65/><V10/><F10/><W107/><G107/><T98/><D25/><U3/><E112/><V109/><F109/><W2/><G2/><N who="1" m="522" /><E9/><V47/><F74/><W37/><G37/><T79/><D93/><U13/><E13/><N who="2" m="9679" /><F72/><W90/><G33/><T63/><D59/><U125/><E125/><V104/><F104/><W126/><G126/><T19/><AGARI ba="0,0" hai="8,11,12,14,17,19,60,63,79,80,87,89,92,98" machi="19" ten="20,5200,0" yaku="0,1,7,1,9,1,8,1" doraHai="131" who="0" fromWho="0" sc="60,52,307,-13,335,-13,298,-26" owari="112,-39.0,294,9.0,322,43.0,272,-13.0" /></mjloggm>