<mjloggm ver="2.3"><GO type="169" lobby="0"/><UN n0="%EF%BC%84%E3%83%8A%E3%83%8A%E3%82%B7%E3%83%BC%EF%BF%A5" n1="%E3%82%A6%E3%83%AB%E3%83%88%E3%83%A9%E7%AB%8B%E7%9B%B4" n2="%74%61%74%73%75%37%30%32" n3="%E3%81%8A%E3%81%98%E3%81%95%E3%82%93" dan="16,17,16,17" rate="2147.72,2145.66,2111.28,2149.58" sx="M,M,M,M"/><TAIKYOKU oya="0"/><INIT seed="0,0,0,0,4,16" ten="250,250,250,250" oya="0" hai0="131,53,61,29,73,97,122,69,77,30,133,64,89" hai1="63,10,101,27,52,14,7,39,50,42,26,103,8" hai2="41,134,1,5,119,48,21,31,127,15,118,120,129" hai3="47,43,85,94,107,68,12,114,37,24,78,65,105"/><T125/><D122/><U109/><E109/><V40/><F120/><W46/><G114/><T90/><D125/><U22/><E39/><V56/><F127/><W4/><G68/><T99/><D133/><U38/><E38/><V11/><F134/><W51/><G65/><T28/><D131/><U62/><E10/><V67/><F129/><W72/><G72/><T106/><D53/><U23/><E42/><V0/><F41/><N who="3" m="25071" /><G24/><N who="1" m="9258" /><E103/><V54/><F40/><W9/><G94/><T132/><D132/><U74/><E101/><V88/><F67/><W123/><G123/><T60/><D106/><U117/><E74/><V13/><F31/><W130/><G130/><T84/><D61/><N who="1" m="23051" /><E117/><V49/><F48/><W100/><G100/><T18/><D73/><U81/><E81/><AGARI ba="0,0" hai="4,9,12,37,43,46,78,81,85,105,107" m="25071" machi="81" ten="30,1000,0" yaku="25,1" doraHai="16" who="3" fromWho="1" sc="250,0,250,-10,250,0,250,10" /><INIT seed="1,0,0,5,2,23" ten="250,240,250,260" oya="1" hai0="40,105,21,81,28,32,92,99,100,84,13,11,36" hai1="54,30,47,75,34,87,15,24,118,27,57,72,38" hai2="64,71,113,82,8,4,69,127,107,111,3,37,109" hai3="125,74,39,121,112,46,70,119,52,97,133,5,103"/><U83/><E118/><V31/><F127/><W33/><RYUUKYOKU type="yao9" ba="0,0" sc="250,0,240,0,250,0,260,0" hai3="5,33,39,46,52,70,74,97,103,112,119,121,125,133" /><INIT seed="1,1,0,2,2,102" ten="250,240,250,260" oya="1" hai0="38,0,116,84,125,1,59,107,27,66,123,51,81" hai1="41,78,91,92,67,93,4,39,126,46,22,96,94" hai2="65,74,128,98,100,112,113,97,54,6,23,111,71" hai3="61,95,5,42,44,87,32,7,36,53,80,18,17"/><U105/><E126/><V132/><F74/><W119/><G32/><T33/><D38/><U62/><E78/><V55/><F98/><W104/><G119/><T29/><D116/><U40/><E4/><V25/><F111/><W124/><G124/><T70/><D125/><U9/><E9/><V52/><F6/><W121/><G121/><T134/><D134/><U3/><E3/><V11/><F11/><W45/><G95/><T109/><D109/><U76/><E76/><V114/><F132/><W24/><G104/><T43/><D123/><U69/><E41/><V115/><N who="2" m="28672" /><DORA hai="21" /><V103/><F128/><W86/><G86/><T64/><D107/><U101/><REACH who="1" step="1"/><E22/><REACH who="1" ten="250,230,250,260" step="2"/><V20/><F20/><W56/><G5/><T49/><D43/><U110/><E110/><V63/><REACH who="2" step="1"/><F97/><AGARI ba="1,1" hai="39,40,46,62,67,69,91,92,93,94,96,97,101,105" machi="97" ten="30,5800,0" yaku="1,1,7,1,52,1,53,0" doraHai="102,21" doraHaiUra="120,10" who="1" fromWho="2" sc="250,0,230,71,250,-61,260,0" /><INIT seed="1,2,0,0,0,5" ten="250,301,189,260" oya="1" hai0="57,77,36,118,85,97,87,78,130,72,82,122,54" hai1="67,53,43,15,23,21,39,59,24,110,93,45,58" hai2="89,96,116,22,42,17,62,94,34,3,29,26,111" hai3="32,68,35,113,125,38,100,91,103,127,86,51,46"/><U60/><E110/><V109/><F116/><W98/><G68/><T12/><D118/><U6/><E93/><V55/><F42/><N who="3" m="25047" /><G38/><T47/><D122/><U11/><REACH who="1" step="1"/><E24/><REACH who="1" ten="250,291,189,260" step="2"/><V131/><F131/><W84/><G113/><T7/><D130/><U114/><E114/><V69/><F111/><W0/><G127/><T9/><D97/><U37/><E37/><V20/><F109/><W129/><G125/><T132/><D132/><U121/><E121/><V76/><F94/><W88/><G129/><T104/><D104/><U74/><E74/><V61/><F26/><W56/><G98/><T128/><D128/><U83/><E83/><V1/><F96/><W48/><G103/><T75/><D75/><U64/><E64/><V41/><F69/><W33/><G100/><T40/><REACH who="0" step="1"/><D78/><REACH who="0" ten="240,291,189,260" step="2"/><U52/><E52/><V14/><F76/><W120/><G120/><T25/><D25/><U92/><E92/><V8/><F55/><W2/><G86/><T4/><D4/><U16/><E16/><V134/><F17/><W99/><G84/><T71/><D71/><U106/><E106/><V135/><F135/><W80/><G99/><T10/><D10/><U115/><E115/><V13/><F134/><W63/><G91/><T49/><AGARI ba="2,2" hai="7,9,12,36,40,47,49,54,57,72,77,82,85,87" machi="49" ten="20,8000,1" yaku="1,1,0,1,7,1,52,1,53,1" doraHai="5" doraHaiUra="50" who="0" fromWho="0" sc="240,106,291,-42,189,-22,260,-22" /><INIT seed="2,0,0,5,2,10" ten="346,249,167,238" oya="2" hai0="35,114,43,20,4,98,129,79,82,78,89,96,24" hai1="123,61,122,38,1,27,23,0,128,94,60,13,3" hai2="86,71,110,7,70,25,8,68,17,115,19,87,44" hai3="54,45,26,48,88,91,31,57,116,64,76,2,121"/><V36/><F115/><W119/><G121/><N who="1" m="46090" /><E38/><V134/><F110/><W111/><G111/><T66/><D114/><U132/><E128/><V52/><F134/><W56/><G2/><T117/><D35/><U58/><E132/><V46/><F36/><W125/><G125/><T11/><D129/><U130/><E130/><V73/><F73/><W92/><G76/><T59/><D117/><U41/><E41/><V74/><F74/><W14/><G91/><T120/><D120/><U50/><E94/><V100/><F100/><W131/><G131/><T16/><D43/><U83/><E83/><V84/><F25/><W69/><G69/><T6/><D89/><U37/><E37/><V99/><F99/><W127/><G127/><T12/><D4/><U32/><E32/><V63/><F63/><W39/><G39/><T34/><D34/><U40/><E13/><V29/><F29/><W112/><G112/><T105/><D105/><U28/><E40/><V33/><F33/><W95/><G95/><T101/><D101/><U118/><E118/><V85/><N who="2" m="21504" /><DORA hai="18" /><V133/><F133/><W90/><G14/><T124/><D124/><U107/><E107/><V21/><F21/><N who="3" m="15823" /><G119/><T104/><D104/><U55/><AGARI ba="0,0" hai="0,1,3,23,27,28,50,55,58,60,61" m="46090" machi="55" ten="40,2700,0" yaku="13,1,52,1" doraHai="10,18" who="1" fromWho="1" sc="346,-7,249,27,167,-13,238,-7" /><INIT seed="3,0,0,2,0,127" ten="339,276,154,231" oya="3" hai0="114,10,19,93,36,121,41,31,119,124,18,125,79" hai1="33,63,49,128,23,20,132,32,80,51,107,122,4" hai2="7,26,67,43,87,17,8,73,13,28,81,86,34" hai3="103,45,14,105,74,30,111,50,5,89,82,46,44"/><W25/><G105/><T120/><D119/><U71/><E80/><V94/><F67/><W70/><G70/><T85/><D114/><U112/><E63/><V37/><F94/><W88/><G103/><T102/><D31/><U115/><E4/><V135/><F135/><W92/><G111/><T16/><D36/><U47/><E47/><V53/><F53/><W123/><G123/><T117/><D117/><U0/><E0/><V54/><F54/><W66/><G66/><T68/><D68/><U56/><E56/><V62/><F62/><W116/><G116/><T106/><D41/><U84/><E84/><V96/><F96/><W64/><G64/><T3/><D106/><U100/><E71/><V99/><F99/><N who="3" m="57735" /><G74/><T113/><D113/><U22/><E107/><V2/><F43/><N who="3" m="24863" /><G25/><T57/><D57/><U118/><E122/><V131/><F131/><W95/><G30/><T69/><D69/><U104/><E128/><V72/><F37/><W97/><G82/><N who="0" m="47327" /><D102/><U133/><E100/><V39/><F39/><W15/><G15/><T12/><D93/><U1/><E104/><V126/><F126/><N who="0" m="48746" /><D3/><U24/><E1/><V77/><REACH who="2" step="1"/><F73/><REACH who="2" ten="339,276,144,231" step="2"/><W101/><G101/><T27/><D121/><U130/><E133/><V42/><F42/><W90/><G90/><T29/><D120/><U40/><E132/><V6/><F6/><W52/><G52/><T78/><D78/><U58/><E130/><V60/><F60/><W35/><G35/><AGARI ba="0,1" hai="10,12,16,18,19,27,29,35" m="48746,47327" machi="35" ten="30,2000,0" yaku="18,1,54,1" doraHai="127" who="0" fromWho="3" sc="339,30,276,0,144,0,231,-20" /><INIT seed="4,0,0,4,2,79" ten="369,276,144,211" oya="0" hai0="22,80,86,121,108,29,28,32,76,62,135,99,56" hai1="21,127,97,84,39,74,64,45,78,116,115,131,5" hai2="38,59,119,16,90,34,50,26,124,52,25,0,41" hai3="42,6,133,109,4,85,24,8,120,88,44,23,87"/><T129/><D121/><U102/><E116/><V9/><F124/><W46/><G120/><T40/><D32/><U47/><E127/><V11/><F119/><W37/><G109/><T126/><D126/><U12/><E74/><V2/><F2/><W66/><G133/><T123/><D123/><U63/><E131/><V13/><F34/><W111/><G111/><T49/><D135/><U75/><E75/><V14/><F0/><W61/><G46/><N who="0" m="25799" /><D129/><U82/><E39/><V1/><F1/><W53/><G53/><N who="0" m="34063" /><D108/><U55/><E55/><V30/><F30/><W7/><G8/><T3/><D3/><U71/><E115/><V132/><F132/><W94/><G85/><T95/><D22/><U20/><E20/><V110/><F110/><W15/><G15/><T48/><D48/><U103/><E103/><AGARI ba="0,0" hai="28,29,76,80,86,95,99,103" m="34063,25799" machi="103" ten="30,2900,0" yaku="8,1,52,1" doraHai="79" who="0" fromWho="1" sc="369,29,276,-29,144,0,211,0" /><INIT seed="4,1,0,1,1,44" ten="398,247,144,211" oya="0" hai0="130,100,59,80,40,73,113,63,69,33,72,101,13" hai1="26,108,115,24,61,85,35,43,76,117,4,27,41" hai2="45,62,39,48,64,75,66,132,53,124,0,123,88" hai3="50,99,104,18,21,47,82,91,135,131,133,23,89"/><T9/><D69/><U110/><E35/><V68/><F75/><W42/><G131/><T14/><D33/><U103/><E117/><V67/><F0/><W12/><G23/><T1/><D1/><U19/><E103/><V31/><F31/><W70/><G70/><T84/><D130/><U90/><E76/><V58/><F123/><W106/><G82/><T77/><D113/><U6/><E19/><V5/><F5/><W10/><G10/><T57/><D40/><U49/><E61/><V120/><F120/><W121/><G121/><T109/><D109/><U107/><E107/><N who="3" m="41002" /><G99/><T37/><D37/><U111/><E115/><V119/><F119/><W2/><G2/><T87/><D73/><U92/><REACH who="1" step="1"/><E49/><REACH who="1" ten="398,237,144,211" step="2"/><V32/><F32/><W25/><G91/><T7/><D101/><U102/><E102/><V97/><F124/><W83/><G89/><T22/><D100/><U94/><E94/><N who="2" m="56519" /><F132/><N who="3" m="50763" /><G83/><T125/><D125/><U95/><E95/><V60/><F60/><W11/><G11/><T118/><D118/><U81/><E81/><V56/><F39/><W15/><AGARI ba="1,1" hai="12,15,18,21,25,42,47,50" m="50763,41002" machi="15" ten="40,2700,0" yaku="20,1,52,1" doraHai="44" who="3" fromWho="3" sc="398,-14,237,-8,144,-8,211,40" /><INIT seed="5,0,0,2,3,79" ten="384,229,136,251" oya="1" hai0="126,24,69,103,127,102,21,22,130,4,118,89,11" hai1="101,62,1,29,114,94,80,66,19,51,119,12,88" hai2="30,20,33,2,72,63,3,107,115,50,124,34,68" hai3="133,131,123,49,42,108,60,25,125,39,106,70,134"/><U31/><E1/><N who="2" m="11" /><F50/><W17/><G106/><T18/><D118/><U71/><E114/><V9/><F63/><W64/><G17/><T46/><D69/><U40/><E119/><V116/><F72/><W65/><G25/><T52/><D130/><U81/><E101/><V78/><F107/><W15/><G15/><N who="0" m="5607" /><D89/><U59/><E71/><V82/><F68/><W73/><G73/><T92/><D92/><U129/><E129/><V38/><F82/><N who="1" m="31849" /><E51/><V132/><F78/><W5/><G5/><T110/><D110/><U36/><E36/><V100/><F100/><W95/><G95/><T85/><D103/><U35/><E40/><V32/><F38/><W13/><G13/><T99/><D102/><U93/><E35/><N who="2" m="13387" /><F116/><W43/><G131/><T76/><D76/><U67/><E67/><V53/><F53/><W109/><G65/><T75/><D52/><U117/><E117/><V97/><N who="2" m="13395" /><V128/><DORA hai="86" /><F128/><W61/><G61/><T8/><D75/><U0/><E0/><V37/><F37/><W23/><G39/><T113/><D113/><U41/><E41/><V28/><F115/><W98/><G42/><T56/><D46/><U91/><E94/><V10/><F124/><W83/><G43/><T6/><D127/><U105/><E105/><V16/><F132/><W7/><G125/><T104/><D104/><U122/><E122/><V14/><F97/><W26/><G98/><T58/><D99/><N who="1" m="57767" /><E91/><V74/><F74/><W47/><G134/><T44/><D126/><U55/><E55/><V111/><F111/><W87/><G133/><T77/><D77/><RYUUKYOKU ba="0,0" sc="384,-15,229,15,136,15,251,-15" hai1="12,19,29,31,59,62,66" hai2="9,10,14,16,20,28,30" /><INIT seed="5,1,0,4,4,72" ten="369,244,151,236" oya="1" hai0="12,79,99,74,120,70,100,69,13,133,105,118,112" hai1="28,59,7,24,14,130,114,61,60,41,62,124,86" hai2="123,23,93,3,34,116,47,37,67,35,39,108,18" hai3="119,16,85,73,117,2,22,63,101,29,92,91,80"/><U83/><E114/><V45/><F116/><N who="3" m="44619" /><G2/><T103/><D118/><U46/><E124/><V48/><F108/><W122/><G122/><T33/><D120/><U76/><E130/><V42/><F123/><W110/><G110/><T98/><D133/><U97/><E97/><V113/><F3/><W1/><G1/><T51/><D112/><U65/><E14/><V10/><F113/><W127/><G127/><T104/><D33/><U5/><E7/><V40/><F10/><W125/><G125/><T87/><D74/><U102/><E102/><V21/><F48/><W96/><G63/><T128/><D128/><U15/><E15/><V90/><F67/><W25/><G73/><T121/><D121/><U75/><E75/><V135/><F135/><W78/><G29/><T30/><D30/><U4/><E62/><V49/><F49/><W53/><G53/><T84/><D51/><U95/><E61/><V64/><F64/><W11/><G11/><T58/><D58/><U129/><E129/><V27/><REACH who="2" step="1"/><F23/><REACH who="2" ten="369,244,141,236" step="2"/><W132/><G132/><T126/><D126/><U134/><E134/><V44/><F44/><W19/><G19/><T38/><D38/><U106/><E46/><V50/><F50/><W82/><G82/><T57/><D57/><U109/><E109/><V26/><F26/><W111/><G111/><T77/><AGARI ba="1,1" hai="12,13,69,70,77,79,84,87,98,99,100,103,104,105" machi="77" ten="25,8000,1" yaku="0,1,22,2,52,2" doraHai="72" who="0" fromWho="0" sc="369,93,244,-41,141,-21,236,-21" /><INIT seed="6,0,0,1,4,95" ten="462,203,120,215" oya="2" hai0="78,74,35,105,10,85,98,15,115,52,123,63,5" hai1="16,93,88,102,32,18,99,49,25,110,106,66,37" hai2="91,57,87,34,33,60,28,54,55,41,42,3,107" hai3="133,67,26,8,96,7,44,76,117,29,53,46,14"/><V65/><F3/><W40/><G117/><T129/><D123/><U43/><E37/><V13/><F107/><W71/><G133/><T92/><D35/><U112/><E110/><V103/><F103/><W127/><G127/><T47/><D129/><U80/><E112/><V30/><F13/><W59/><G76/><T97/><D115/><U114/><E114/><V100/><F100/><W38/><G46/><T12/><D105/><U121/><E121/><V108/><F108/><W17/><G71/><T50/><D74/><U36/><E36/><V135/><F135/><W116/><G67/><T101/><D15/><U72/><E66/><V104/><F104/><W126/><G126/><T19/><D5/><U73/><E73/><V51/><F34/><W89/><G116/><T118/><D118/><U113/><E113/><V79/><F79/><W77/><G77/><T39/><D39/><U21/><E32/><V45/><F33/><W111/><G111/><T82/><D63/><U62/><E62/><V70/><F55/><W130/><G130/><T58/><D98/><U119/><E119/><V120/><F120/><W124/><G124/><T84/><D84/><N who="1" m="50183" /><E72/><V61/><REACH who="2" step="1"/><F42/><REACH who="2" ten="462,203,110,215" step="2"/><W31/><G40/><T94/><D78/><U1/><E1/><V69/><F69/><W81/><G14/><T75/><D101/><U56/><E106/><V131/><F131/><W83/><G53/><T68/><D68/><U128/><E128/><V11/><F11/><W23/><G8/><T109/><D109/><U0/><E0/><V122/><F122/><W6/><G23/><T90/><D10/><RYUUKYOKU ba="0,1" sc="462,-10,203,-10,110,30,215,-10" hai2="28,30,41,45,51,54,57,60,61,65,70,87,91" /><INIT seed="6,1,1,4,5,80" ten="452,193,140,205" oya="2" hai0="102,100,122,108,26,46,116,50,51,85,0,81,109" hai1="77,3,20,88,42,129,118,67,113,62,70,99,75" hai2="95,15,21,41,61,71,86,55,91,105,7,34,13" hai3="135,54,73,82,112,69,52,101,128,130,33,49,18"/><V4/><F105/><W98/><G135/><T90/><D122/><U58/><E118/><V45/><F34/><W53/><G33/><T40/><D0/><U29/><E3/><V103/><F103/><W132/><G69/><T37/><D116/><U2/><E2/><V10/><F21/><W117/><G117/><T24/><D37/><U120/><E77/><V72/><F72/><W89/><G132/><T94/><D109/><U39/><E75/><V5/><F15/><W127/><G127/><T14/><D108/><U74/><E74/><V36/><REACH who="2" step="1"/><F55/><REACH who="2" ten="452,193,130,205" step="2"/><W104/><G54/><T134/><D134/><U123/><E20/><V121/><F121/><W19/><G53/><T32/><D32/><U96/><E123/><V64/><AGARI ba="1,2" hai="4,5,7,10,13,36,41,45,61,64,71,86,91,95" machi="64" ten="30,11700,0" yaku="1,1,0,1,52,1,53,1" doraHai="80" doraHaiUra="84" who="2" fromWho="2" sc="452,-40,193,-40,130,140,205,-40" /><INIT seed="6,2,0,5,1,62" ten="412,153,270,165" oya="2" hai0="45,1,105,65,60,81,44,86,31,132,93,117,91" hai1="18,77,19,12,114,98,111,29,24,61,11,99,113" hai2="76,51,16,40,84,8,49,80,73,125,79,70,95" hai3="32,69,13,87,82,38,4,14,34,101,17,135,89"/><V25/><F125/><W96/><G69/><T133/><D105/><U88/><E77/><V75/><F70/><W10/><G38/><T39/><D117/><U20/><E111/><V109/><F109/><W5/><G135/><N who="0" m="51787" /><D1/><U23/><E61/><V129/><F129/><W9/><REACH who="3" step="1"/><G17/><REACH who="3" ten="412,153,270,155" step="2"/><T0/><D39/><U112/><REACH who="1" step="1"/><E88/><REACH who="1" ten="412,143,270,155" step="2"/><V59/><F75/><W100/><G100/><T3/><D91/><U71/><E71/><V108/><F73/><W30/><G30/><T36/><D31/><U27/><AGARI ba="2,2" hai="11,12,18,19,20,23,24,27,29,98,99,112,113,114" machi="27" ten="40,8000,1" yaku="1,1,0,1,15,1,53,1" doraHai="62" doraHaiUra="7" who="1" fromWho="1" sc="412,-22,143,106,270,-42,155,-22" /><INIT seed="7,0,0,1,3,134" ten="390,249,228,133" oya="3" hai0="52,6,3,56,19,16,119,73,41,123,50,75,58" hai1="40,5,23,97,31,57,108,104,90,55,125,69,38" hai2="60,133,109,77,39,47,30,100,86,118,43,115,10" hai3="11,49,92,65,131,1,110,120,135,130,122,87,71"/><W34/><G71/><T7/><D119/><U66/><E5/><V79/><F133/><W8/><G135/><T95/><D123/><N who="3" m="47145" /><G65/><T70/><D70/><U4/><E4/><N who="0" m="1577" /><D73/><U33/><E23/><V15/><F118/><W28/><G49/><T106/><D106/><U84/><E97/><V24/><F109/><W13/><G87/><T14/><D75/><U101/><E84/><V116/><F116/><W111/><G92/><T98/><D3/><U63/><E90/><V2/><F115/><W42/><G42/><T32/><D32/><U36/><E101/><V105/><F2/><W54/><G54/><N who="0" m="31831" /><D41/><U29/><E40/><V126/><F105/><W129/><G1/><T93/><D14/><U113/><E104/><V121/><F121/><W117/><G117/><T51/><D95/><U83/><E69/><V9/><F43/><W132/><G132/><T80/><D80/><U128/><E83/><V53/><F39/><W17/><G8/><T88/><AGARI ba="0,0" hai="16,19,51,52,58,88,93,98" m="31831,1577" machi="88" ten="30,7900,0" yaku="8,1,54,3" doraHai="134" who="0" fromWho="0" sc="390,79,249,-20,228,-20,133,-39" owari="469,57.0,229,3.0,208,-19.0,94,-41.0" /></mjloggm>