<mjloggm ver="2.3"><GO type="41" lobby="0"/><UN n0="%E3%82%A6%E3%83%83%E3%82%B7%E3%83%83%E3%82%B7" n1="%E5%B0%B1%E6%B4%BB%E7%94%9F%40%E5%B7%9D%E6%9D%91%E8%BB%8D%E5%9B%A3" n2="%E3%81%A1%E3%82%80%EF%BC%A0%E8%A5%BF%E3%81%AE%E6%96%B9" n3="%63%68%6F%74%63%68" dan="14,17,13,14" rate="1910.21,2207.55,1955.35,1968.82" sx="F,M,M,M"/><TAIKYOKU oya="0"/><INIT seed="0,0,0,5,3,112" ten="250,250,250,250" oya="0" hai0="43,28,83,19,30,82,58,90,105,67,131,61,106" hai1="127,118,89,62,108,124,121,97,114,110,117,94,75" hai2="33,99,26,60,95,11,24,71,47,129,52,34,25" hai3="132,96,79,45,50,14,70,3,8,135,35,44,128"/><T133/><D133/><N who="3" m="51273" /><G70/><T49/><D131/><U6/><E6/><V53/><F129/><W84/><G35/><T9/><D106/><U81/><E62/><V115/><F115/><W32/><G3/><T21/><D105/><U116/><E121/><V23/><F11/><W66/><G32/><T18/><D9/><U38/><E38/><V5/><F5/><W130/><G66/><T78/><D90/><U46/><E46/><N who="3" m="18026" /><G96/><T107/><D107/><U0/><E0/><V125/><F125/><N who="1" m="48201" /><E114/><V12/><F47/><W87/><G50/><T119/><D49/><U134/><E134/><V88/><F71/><W4/><G84/><T41/><D21/><U54/><E54/><V113/><F113/><W37/><G37/><T65/><D61/><U36/><E36/><V13/><F60/><W15/><G15/><T91/><D91/><U20/><E20/><V51/><F23/><W123/><G123/><T98/><D98/><U2/><E2/><V40/><F40/><W86/><G86/><T77/><D58/><U69/><E69/><V27/><N who="2" m="6656" /><DORA hai="29" /><V92/><F92/><W72/><G72/><T85/><REACH who="0" step="1"/><D85/><REACH who="0" ten="240,250,250,250" step="2"/><N who="1" m="50351" /><E75/><V73/><F73/><W93/><G79/><T64/><D64/><U63/><E63/><V22/><F51/><W59/><G59/><T103/><D103/><AGARI ba="0,1" hai="94,97,103,108,110,116,117,118" m="50351,48201" machi="103" ten="40,12000,2" yaku="18,1,34,2,52,3" doraHai="112,29" who="1" fromWho="0" sc="240,-120,250,130,250,0,250,0" /><INIT seed="1,0,0,4,1,127" ten="120,380,250,250" oya="1" hai0="34,128,77,51,100,23,52,81,73,119,102,7,18" hai1="111,101,117,132,42,2,62,39,0,115,94,88,25" hai2="122,22,9,43,30,79,106,116,47,131,133,11,26" hai3="19,50,126,96,12,63,29,95,38,13,130,104,45"/><U65/><E117/><V108/><F116/><W70/><G38/><T67/><D119/><U124/><E115/><V5/><F122/><W87/><G104/><T125/><D34/><U99/><E124/><V37/><F108/><W75/><G126/><T90/><D125/><U10/><E132/><V82/><F133/><W92/><G75/><T21/><D7/><U84/><E111/><V55/><F106/><W1/><G1/><T56/><D67/><U86/><E86/><V17/><F55/><W98/><G29/><T135/><D135/><U76/><E76/><V60/><F60/><W27/><G87/><T6/><D6/><U110/><E110/><V20/><F9/><W107/><G107/><T4/><D4/><U103/><E103/><V118/><F118/><W121/><G121/><T49/><D128/><U3/><E25/><V44/><F44/><W112/><G112/><T83/><D23/><U71/><E10/><V134/><F134/><W89/><G27/><T59/><D83/><U69/><E42/><V66/><F66/><W97/><G13/><T41/><D41/><U31/><E31/><V85/><F5/><W57/><G70/><T109/><D109/><U105/><REACH who="1" step="1"/><E39/><REACH who="1" ten="120,370,250,250" step="2"/><V33/><F11/><W114/><G114/><T78/><D78/><U36/><E36/><V54/><F33/><W72/><G72/><T80/><D90/><U123/><E123/><V35/><F35/><W53/><G89/><T24/><D77/><U93/><E93/><V61/><F30/><W113/><G113/><T28/><D73/><U48/><E48/><V32/><F32/><RYUUKYOKU ba="0,1" sc="120,-10,370,30,250,-10,250,-10" hai1="0,2,3,62,65,69,71,84,88,94,99,101,105" /><INIT seed="1,1,1,2,0,122" ten="110,400,240,240" oya="1" hai0="76,52,109,128,63,94,111,102,39,107,23,123,11" hai1="44,127,13,83,35,49,124,82,96,81,0,37,30" hai2="113,15,19,17,79,31,8,131,56,45,88,4,33" hai3="129,74,38,135,116,14,101,60,133,20,1,21,43"/><U32/><E37/><V64/><F113/><W104/><G14/><T118/><D118/><U80/><E0/><V99/><F131/><W108/><G20/><T134/><D39/><U27/><N who="1" m="20992" /><DORA hai="92" /><U72/><E72/><V5/><F79/><W2/><G21/><T62/><D107/><U28/><E13/><V69/><F69/><W58/><G60/><T117/><D117/><U120/><E120/><V25/><F45/><W103/><G58/><T93/><D123/><U51/><E96/><V98/><F64/><W91/><G101/><T6/><D128/><U9/><E9/><V100/><F56/><W114/><G91/><T24/><D76/><U55/><REACH who="1" step="1"/><E49/><REACH who="1" ten="110,390,240,240" step="2"/><V41/><F5/><W12/><G12/><N who="0" m="5239" /><D134/><U16/><E16/><V90/><F19/><W77/><G135/><T119/><D119/><U78/><E78/><V54/><F17/><W97/><G1/><T34/><D34/><U42/><E42/><V87/><F99/><W86/><G97/><N who="0" m="59695" /><D52/><U105/><E105/><V89/><F54/><W126/><G77/><T3/><D3/><U50/><E50/><V68/><F41/><W112/><G112/><T73/><D73/><U26/><AGARI ba="1,2" hai="26,27,28,30,32,35,44,51,55,124,127" m="20992" machi="26" ten="50,9600,0" yaku="1,1,0,1,9,1,53,0" doraHai="122,92" doraHaiUra="59,70" who="1" fromWho="1" sc="110,-33,390,119,240,-33,240,-33" /><INIT seed="1,2,0,4,4,101" ten="77,509,207,207" oya="1" hai0="50,119,117,1,118,62,92,78,32,100,84,76,6" hai1="109,75,24,82,65,125,115,40,121,110,21,69,0" hai2="51,102,127,86,52,108,13,73,56,99,114,47,133" hai3="3,25,28,103,57,96,19,60,17,71,37,104,112"/><U27/><E121/><V64/><F73/><W81/><G37/><T107/><D32/><U134/><E115/><V49/><F114/><W2/><G112/><T111/><D6/><U98/><E0/><V45/><F127/><W20/><G81/><T41/><D1/><U135/><E40/><V87/><F133/><N who="1" m="50697" /><E125/><V46/><F108/><N who="1" m="41577" /><E98/><V90/><F64/><W22/><G71/><T10/><D10/><U105/><E105/><V55/><F13/><W16/><REACH who="3" step="1"/><G22/><REACH who="3" ten="77,509,207,197" step="2"/><T85/><D119/><U36/><E36/><V42/><F42/><W8/><G8/><T61/><D41/><U9/><E9/><V122/><F122/><W128/><G128/><T35/><D118/><U120/><E120/><V113/><F113/><W12/><G12/><T70/><D117/><U33/><E33/><V34/><F34/><W48/><G48/><T38/><D50/><U79/><E21/><V89/><F49/><W95/><G95/><T26/><D38/><U131/><E131/><V18/><F51/><W23/><G23/><T74/><D35/><U44/><E44/><V31/><F47/><W14/><G14/><T83/><D92/><U93/><E93/><V97/><F31/><W88/><G88/><T58/><D111/><U30/><E30/><V68/><F68/><W54/><AGARI ba="2,1" hai="2,3,16,17,19,20,25,28,54,57,60,96,103,104" machi="54" ten="30,7900,0" yaku="1,1,0,1,52,1,54,1,53,0" doraHai="101" doraHaiUra="66" who="3" fromWho="3" sc="77,-22,509,-41,207,-22,197,95" /><INIT seed="2,0,0,0,0,60" ten="55,468,185,292" oya="2" hai0="94,65,62,15,87,135,103,124,64,33,121,52,90" hai1="76,74,122,119,81,131,109,39,113,8,40,102,95" hai2="105,134,53,110,116,132,80,123,36,10,16,83,25" hai3="70,51,84,118,129,22,30,19,46,127,104,58,100"/><V67/><F123/><W38/><G118/><T49/><D121/><U128/><E119/><V6/><F116/><W93/><G127/><T1/><D124/><U45/><E122/><V24/><F36/><W56/><G129/><T14/><D135/><N who="2" m="51754" /><F105/><W5/><G70/><T26/><D1/><U71/><E113/><V41/><F41/><W29/><G38/><T117/><D117/><U82/><E71/><V37/><F37/><W48/><G104/><T66/><D103/><U125/><E125/><V17/><F110/><W3/><G3/><T114/><D114/><U13/><E109/><V133/><F53/><W126/><G5/><T43/><D33/><U54/><E54/><V7/><F67/><N who="0" m="17154" /><T57/><DORA hai="101" /><D26/><N who="2" m="10346" /><F80/><W50/><G126/><T130/><D130/><N who="1" m="49707" /><E82/><V108/><F83/><W120/><G46/><AGARI ba="0,0" hai="14,15,43,46,49,52,57,62,87,90,94" m="17154" machi="46" ten="30,12000,2" yaku="8,1,52,4,54,1" doraHai="60,101" who="0" fromWho="3" sc="55,120,468,0,185,0,292,-120" /><INIT seed="3,0,0,2,4,113" ten="175,468,185,172" oya="3" hai0="109,37,41,107,75,127,118,79,70,9,126,23,103" hai1="15,83,119,69,53,114,120,116,45,33,56,25,34" hai2="19,42,121,47,100,49,125,85,64,72,60,76,24" hai3="122,26,132,11,91,96,12,7,35,43,133,20,46"/><W128/><G35/><T90/><D9/><U130/><E114/><V89/><F121/><W0/><G0/><T82/><D23/><U14/><E69/><V68/><F125/><W36/><G122/><T111/><D41/><U40/><E120/><V87/><F100/><W27/><G128/><T93/><D70/><U86/><E130/><V78/><F72/><W124/><G124/><N who="0" m="47659" /><D37/><U71/><E71/><V61/><F61/><W4/><G4/><T131/><D131/><U17/><E25/><V5/><F5/><W99/><G91/><T106/><D118/><N who="1" m="45099" /><E33/><V74/><F74/><W59/><G59/><T18/><D18/><U94/><E94/><V123/><F123/><W22/><G26/><T110/><D103/><U108/><E34/><V98/><F98/><AGARI ba="0,0" hai="75,79,82,90,93,98,106,107,109,110,111" m="47659" machi="98" ten="40,8000,1" yaku="14,1,18,1,34,2" doraHai="113" who="0" fromWho="2" sc="175,80,468,0,185,-80,172,0" /><INIT seed="4,0,0,4,0,131" ten="255,468,105,172" oya="0" hai0="2,101,47,134,19,105,73,69,78,31,126,65,44" hai1="3,30,15,21,1,97,129,72,12,58,95,80,63" hai2="35,87,112,8,16,111,120,98,39,25,84,10,113" hai3="48,34,56,64,9,103,17,85,29,28,45,132,60"/><T22/><D2/><U104/><E104/><V42/><F120/><W115/><G115/><N who="2" m="44105" /><F111/><W109/><G109/><T135/><D31/><U7/><E129/><V99/><F39/><W124/><G124/><T0/><D0/><U77/><E7/><V40/><F35/><W32/><G103/><T62/><D126/><U123/><E123/><V11/><F25/><W51/><G85/><N who="2" m="32841" /><F16/><W100/><G100/><T102/><D78/><U117/><E117/><V70/><F70/><W110/><G110/><T114/><D73/><U37/><E37/><V83/><F83/><W76/><G76/><T96/><D102/><U121/><E121/><V133/><F133/><N who="0" m="50698" /><D114/><U108/><E108/><V13/><F13/><AGARI ba="0,0" hai="13,19,22,44,47,62,65,69,96,101,105" m="50698" machi="13" ten="30,11600,0" yaku="20,1,52,3" doraHai="131" who="0" fromWho="2" sc="255,116,468,0,105,-116,172,0" owari="371,17.0,468,57.0,-11,-51.0,172,-23.0" /></mjloggm>