<mjloggm ver="2.3"><GO type="169" lobby="0"/><UN n0="%E3%81%AF%E3%82%80" n1="%E9%A3%9B%E6%B2%AB" n2="%E3%81%8B%E3%81%AB%E3%83%9E%E3%82%B8%E3%83%B3" n3="%E5%B0%B1%E6%B4%BB%E7%94%9F%40%E5%B7%9D%E6%9D%91%E8%BB%8D%E5%9B%A3" dan="17,16,17,17" rate="2100.20,2103.19,2211.50,2151.74" sx="M,M,M,M"/><TAIKYOKU oya="0"/><INIT seed="0,0,0,5,1,40" ten="250,250,250,250" oya="0" hai0="127,6,52,1,114,89,133,10,121,16,33,9,105" hai1="71,62,78,132,19,110,85,115,75,25,38,18,63" hai2="93,100,48,37,96,77,80,20,79,21,66,44,76" hai3="31,55,126,123,69,22,131,125,39,47,12,45,61"/><T53/><D105/><U81/><E110/><V68/><F37/><W111/><G111/><T119/><D121/><U98/><E38/><V57/><F68/><W51/><G123/><T11/><D119/><U43/><E43/><N who="2" m="24607" /><F80/><W118/><G118/><T2/><D114/><U86/><E132/><V65/><F57/><W122/><G122/><T27/><D133/><U74/><E71/><V99/><F99/><W72/><G72/><T102/><D102/><U64/><E64/><AGARI ba="0,0" hai="20,21,64,65,66,76,77,79,93,96,100" m="24607" machi="64" ten="30,2000,0" yaku="8,1,52,1" doraHai="40" who="2" fromWho="1" sc="250,0,250,-20,250,20,250,0" /><INIT seed="1,0,0,5,4,125" ten="250,230,270,250" oya="1" hai0="69,115,7,0,57,89,29,82,50,113,55,20,92" hai1="68,93,23,91,34,76,129,123,27,70,3,46,128" hai2="64,94,32,119,72,31,85,111,49,47,63,40,6" hai3="26,73,17,58,99,35,13,87,101,117,124,22,8"/><U9/><E123/><V108/><F72/><W1/><G124/><T62/><D82/><U132/><E34/><V103/><F6/><W121/><G121/><T19/><D29/><U37/><E76/><V116/><F31/><W74/><G117/><T112/><D7/><U54/><E3/><V110/><F32/><W61/><G87/><T56/><D0/><U25/><E25/><V77/><F77/><W66/><G35/><T98/><D69/><U21/><E21/><V43/><F85/><W18/><REACH who="3" step="1"/><G1/><REACH who="3" ten="250,230,270,240" step="2"/><T118/><D118/><U100/><E132/><V109/><F109/><W15/><G15/><T90/><D113/><U126/><E126/><V12/><F12/><W135/><G135/><T14/><D115/><U114/><E114/><V78/><F119/><W10/><G10/><T11/><D11/><U53/><E9/><V30/><F116/><W5/><G5/><T75/><D112/><U120/><E120/><V52/><F78/><W4/><G4/><T71/><D75/><U33/><E33/><V80/><F80/><W107/><AGARI ba="0,1" hai="8,13,17,18,22,26,58,61,66,73,74,99,101,107" machi="107" ten="20,2700,0" yaku="1,1,0,1,7,1,53,0" doraHai="125" doraHaiUra="88" who="3" fromWho="3" sc="250,-7,230,-13,270,-7,240,37" /><INIT seed="2,0,0,3,2,64" ten="243,217,263,277" oya="2" hai0="82,28,68,81,9,10,127,74,99,121,32,115,60" hai1="84,30,17,58,79,50,75,95,31,61,47,77,7" hai2="48,13,92,78,124,125,4,87,135,2,42,21,62" hai3="101,113,8,129,94,20,41,83,33,57,37,132,63"/><V97/><F2/><W69/><G113/><T43/><D115/><U54/><E75/><V114/><F114/><W15/><G129/><T88/><D121/><U118/><E7/><V98/><F135/><W105/><G132/><T29/><D127/><N who="2" m="48714" /><F62/><W59/><G33/><T52/><D43/><U40/><E118/><V80/><F92/><W22/><G105/><T27/><D29/><N who="1" m="10763" /><E17/><N who="2" m="10415" /><F4/><W134/><G134/><T34/><D34/><U100/><E84/><V130/><F130/><W128/><G128/><T90/><D81/><U19/><E19/><V120/><F120/><W65/><G83/><T1/><D1/><U133/><E133/><V46/><AGARI ba="0,0" hai="42,46,48,78,80,87,97,98" m="10415,48714" machi="46" ten="30,1500,0" yaku="18,1" doraHai="64" who="2" fromWho="2" sc="243,-5,217,-5,263,15,277,-5" /><INIT seed="2,1,0,3,4,19" ten="238,212,278,272" oya="2" hai0="21,111,2,82,18,131,68,62,39,112,59,107,98" hai1="13,105,109,103,110,101,77,12,78,92,41,44,90" hai2="70,52,124,37,50,119,32,80,91,96,71,64,117" hai3="60,84,1,54,94,72,102,57,76,132,6,34,123"/><V133/><F37/><W97/><G123/><T7/><D39/><U86/><E12/><V11/><F124/><W95/><G132/><T113/><D68/><U10/><E78/><V53/><F133/><W134/><G134/><T42/><D42/><U31/><E31/><V56/><F32/><W14/><G34/><T69/><D69/><U66/><E66/><V9/><F70/><W114/><G114/><T23/><D111/><N who="1" m="42507" /><E77/><V127/><F127/><W51/><G1/><T58/><D131/><U47/><E105/><V36/><F36/><W17/><G6/><T120/><D120/><U135/><E135/><V106/><F64/><W40/><G72/><T74/><D74/><U45/><E41/><V43/><F43/><W16/><G17/><AGARI ba="1,0" hai="10,13,17,44,45,47,86,90,92,101,103" m="42507" machi="17" ten="30,1000,0" yaku="14,1" doraHai="19" who="1" fromWho="3" sc="238,0,212,13,278,0,272,-13" /><INIT seed="3,0,0,5,1,78" ten="238,225,278,259" oya="3" hai0="102,128,47,49,108,72,21,87,116,40,107,74,71" hai1="104,123,50,11,126,109,81,54,94,93,99,57,115" hai2="111,88,39,55,110,8,80,14,83,129,6,34,22" hai3="117,7,121,48,90,113,70,95,105,30,96,89,36"/><W44/><G117/><T29/><D116/><U119/><E123/><V125/><F34/><W25/><G121/><T20/><D71/><U135/><E115/><V9/><F125/><W31/><G113/><T86/><D108/><N who="2" m="41514" /><F129/><W122/><G122/><T46/><D128/><U130/><E109/><V2/><F39/><W4/><G36/><T82/><D102/><U103/><E119/><V97/><F22/><W106/><G70/><T24/><D107/><U41/><E135/><V23/><F23/><W1/><G1/><T75/><D82/><N who="2" m="31274" /><F55/><W69/><G105/><T101/><D101/><U33/><E33/><V132/><F132/><W19/><G106/><T79/><D79/><U26/><E104/><V73/><F73/><W100/><G31/><T43/><REACH who="0" step="1"/><D21/><REACH who="0" ten="228,225,278,259" step="2"/><U62/><E130/><V77/><F77/><W118/><G100/><T60/><D60/><U127/><E62/><V42/><F42/><W18/><G90/><T15/><D15/><U59/><E41/><V45/><F45/><W0/><G44/><T61/><D61/><U51/><E103/><V37/><F37/><AGARI ba="0,1" hai="20,24,29,37,40,43,46,47,49,72,74,75,86,87" machi="37" ten="40,2600,0" yaku="1,1,53,1" doraHai="78" doraHaiUra="27" who="0" fromWho="2" sc="228,36,225,0,278,-26,259,0" /><INIT seed="4,0,0,3,1,75" ten="264,225,252,259" oya="0" hai0="58,51,111,95,131,52,45,46,124,91,108,81,93" hai1="100,115,104,128,13,50,126,82,110,10,23,39,43" hai2="28,49,68,99,54,8,106,118,86,109,92,38,2" hai3="94,69,27,41,31,73,16,121,107,66,79,123,62"/><T63/><D124/><U72/><E110/><N who="0" m="42025" /><D131/><U14/><E39/><V59/><F109/><W12/><G107/><T105/><D105/><U96/><E128/><V89/><F38/><W48/><G94/><N who="0" m="35851" /><D91/><U20/><E126/><V53/><F68/><W55/><G41/><T83/><D46/><U3/><E3/><V64/><F64/><AGARI ba="0,0" hai="45,51,52,58,63,64,81,83" m="35851,42025" machi="64" ten="30,2900,0" yaku="10,1,54,1" doraHai="75" who="0" fromWho="2" sc="264,29,225,0,252,-29,259,0" /><INIT seed="4,1,0,5,0,66" ten="293,225,223,259" oya="0" hai0="60,27,57,80,73,93,59,101,124,68,56,121,17" hai1="114,14,3,116,127,24,100,117,39,13,74,88,55" hai2="12,47,54,45,38,21,134,16,129,8,115,83,126" hai3="11,69,63,120,77,96,5,53,98,9,7,94,81"/><T34/><D121/><U102/><E3/><V105/><F105/><W92/><G120/><T133/><D124/><U89/><E39/><V52/><F126/><W71/><G63/><T111/><D133/><U30/><E127/><V42/><F134/><W4/><G53/><T103/><D111/><U90/><E74/><V2/><F129/><W35/><G35/><T41/><D41/><U135/><E135/><V23/><F115/><W113/><G81/><T37/><D37/><U95/><E114/><V79/><F45/><W110/><G110/><T31/><D17/><U6/><E55/><V112/><F21/><W78/><G7/><T106/><D93/><U84/><E6/><N who="2" m="1111" /><F112/><AGARI ba="1,0" hai="4,5,9,11,69,71,77,78,92,94,96,98,112,113" machi="112" ten="25,6400,0" yaku="22,2,52,2" doraHai="66" who="3" fromWho="2" sc="293,0,225,0,223,-67,259,67" /><INIT seed="5,0,0,3,5,25" ten="293,225,156,326" oya="1" hai0="84,134,33,89,132,66,8,54,27,20,120,21,107" hai1="88,131,23,53,5,114,40,52,16,106,127,128,103" hai2="11,58,135,67,38,64,15,133,35,47,109,61,10" hai3="72,86,73,50,17,12,49,0,83,112,113,70,37"/><U105/><E114/><N who="3" m="44138" /><G70/><T130/><D107/><U31/><E127/><V125/><F125/><W39/><G0/><T46/><D130/><N who="1" m="49707" /><E103/><V28/><F109/><W1/><G1/><T90/><D66/><U29/><E40/><V98/><F98/><W3/><G3/><T74/><D74/><N who="3" m="28777" /><G50/><N who="0" m="29015" /><D120/><U62/><E5/><V78/><F78/><N who="3" m="46455" /><G49/><T4/><D89/><U94/><E105/><V123/><F123/><W75/><G75/><T93/><D33/><U34/><E106/><V99/><F99/><W101/><G101/><T115/><D27/><N who="1" m="14823" /><E34/><V92/><F35/><W76/><G76/><T57/><D115/><U124/><E124/><V77/><F77/><W60/><G60/><T30/><D4/><U119/><E119/><V117/><F61/><W97/><G97/><T111/><D111/><U102/><E102/><V100/><F100/><W48/><G48/><T43/><D43/><U68/><E68/><V81/><F117/><W51/><G51/><T24/><D57/><N who="1" m="35111" /><E53/><V6/><F58/><W13/><G13/><T59/><D59/><U56/><E56/><V19/><F15/><W55/><G55/><T91/><D24/><U118/><E118/><V87/><F64/><W85/><G85/><AGARI ba="0,0" hai="29,31,85,88,94" m="35111,14823,49707" machi="85" ten="30,18000,2" yaku="19,1,52,2,54,3" doraHai="25" who="1" fromWho="3" sc="293,0,225,180,156,0,326,-180" /><INIT seed="5,1,0,0,5,22" ten="293,405,156,146" oya="1" hai0="85,56,55,63,51,101,26,104,50,35,87,14,103" hai1="21,128,82,118,8,15,13,81,78,106,89,117,64" hai2="27,10,41,70,127,11,40,80,58,4,96,84,99" hai3="20,97,94,49,19,95,48,72,47,60,66,92,120"/><U38/><E38/><V44/><F70/><W46/><G120/><T3/><D3/><U93/><E106/><V62/><F127/><W57/><G72/><T37/><D37/><U122/><E64/><V24/><F96/><W125/><G125/><T34/><D104/><U30/><E128/><V75/><F75/><W121/><G121/><T42/><D34/><U115/><E115/><V126/><F99/><W105/><G105/><T79/><D35/><U6/><E122/><V71/><F71/><W36/><G36/><T130/><D130/><U2/><E2/><V108/><F108/><W77/><G77/><T29/><D14/><U7/><E7/><V16/><F4/><W69/><G97/><T110/><D110/><U135/><E135/><V111/><F111/><W25/><REACH who="3" step="1"/><G69/><REACH who="3" ten="293,405,156,136" step="2"/><T23/><D79/><U67/><E118/><V0/><F126/><W28/><G28/><T1/><D29/><U59/><E117/><V43/><F0/><W61/><G61/><T54/><D63/><N who="1" m="38399" /><E30/><V18/><F44/><AGARI ba="1,1" hai="19,20,25,44,46,47,48,49,57,60,66,92,94,95" machi="44" ten="40,5200,0" yaku="1,1,8,1,52,1,53,0" doraHai="22" doraHaiUra="102" who="3" fromWho="2" sc="293,0,405,0,156,-55,136,65" /><INIT seed="6,0,0,3,2,51" ten="293,405,101,201" oya="2" hai0="6,69,76,109,67,95,63,14,122,82,120,104,12" hai1="1,80,108,39,30,16,49,87,4,46,7,133,77" hai2="64,94,91,125,11,66,114,41,53,44,110,36,40" hai3="15,119,93,19,18,38,72,116,28,89,35,130,98"/><V123/><F123/><W33/><G38/><T101/><D104/><U97/><E1/><V31/><F125/><W126/><G126/><T111/><D14/><U86/><E39/><V121/><F121/><W27/><G72/><T2/><D12/><U0/><E0/><V3/><F114/><W21/><G130/><T113/><D113/><U74/><E74/><V112/><F112/><W102/><G35/><T55/><D101/><U85/><E30/><V96/><F110/><N who="0" m="41994" /><D55/><U9/><E108/><V135/><F31/><W13/><REACH who="3" step="1"/><G102/><REACH who="3" ten="293,405,101,191" step="2"/><T22/><D120/><U10/><E133/><V61/><F135/><W106/><G106/><T60/><D122/><U42/><E80/><V68/><F40/><W43/><G43/><T59/><D82/><U100/><E42/><V48/><F66/><W71/><G71/><T50/><D69/><U58/><E77/><V88/><F3/><W65/><G65/><T129/><D76/><U37/><E100/><N who="2" m="60439" /><F11/><AGARI ba="0,1" hai="11,13,15,18,19,21,27,28,33,89,93,98,116,119" machi="11" ten="30,2000,0" yaku="1,1,7,1,53,0" doraHai="51" doraHaiUra="83" who="3" fromWho="2" sc="293,0,405,0,101,-20,191,30" /><INIT seed="7,0,0,2,3,11" ten="293,405,81,221" oya="3" hai0="36,123,61,6,74,121,75,127,104,41,116,35,30" hai1="133,45,110,20,31,51,124,132,64,65,3,48,77" hai2="66,9,130,98,76,72,83,27,135,122,55,129,2" hai3="106,47,34,19,8,59,86,15,109,78,49,14,99"/><W7/><G109/><T91/><D104/><U22/><E3/><V54/><F66/><W33/><G59/><T17/><D75/><U73/><E110/><V60/><F27/><W118/><G118/><T96/><D116/><U125/><E48/><V85/><F60/><W32/><G106/><T71/><D6/><U84/><E73/><V42/><F55/><W95/><G78/><T120/><D17/><U80/><E22/><V68/><F54/><W50/><G86/><T26/><D127/><N who="1" m="48715" /><E20/><V29/><F29/><W93/><G93/><T107/><D91/><U101/><E31/><V10/><F68/><W87/><G87/><T16/><D96/><U13/><E13/><V57/><F57/><W100/><REACH who="3" step="1"/><G47/><REACH who="3" ten="293,405,81,211" step="2"/><N who="0" m="23975" /><D107/><U119/><E119/><V134/><F2/><W102/><G102/><T52/><D71/><U112/><E101/><V105/><F42/><W1/><G1/><T111/><D111/><U56/><E56/><V97/><F9/><AGARI ba="0,1" hai="7,8,9,14,15,19,32,33,34,49,50,95,99,100" machi="9" ten="40,12000,1" yaku="1,1,52,2,53,2" doraHai="11" doraHaiUra="4" who="3" fromWho="2" sc="293,0,405,0,81,-120,211,130" owari="293,-11.0,405,51.0,-39,-54.0,341,14.0" /></mjloggm>