<mjloggm ver="2.3"><GO type="41" lobby="0"/><UN n0="%6D%61%6E%74%65%74%75" n1="%E5%B0%B1%E6%B4%BB%E7%94%9F%40%E5%B7%9D%E6%9D%91%E8%BB%8D%E5%9B%A3" n2="%E3%82%93%E3%81%B5%E3%83%BC%E3%83%BC%E3%83%BC" n3="%78%73%78%63%35%37" dan="14,18,13,15" rate="1852.62,2223.59,2043.77,2029.69" sx="M,M,M,F"/><TAIKYOKU oya="0"/><INIT seed="0,0,0,4,4,88" ten="250,250,250,250" oya="0" hai0="42,10,76,66,118,30,69,21,17,53,20,134,49" hai1="84,127,27,18,7,2,85,29,64,106,126,79,94" hai2="0,102,59,11,54,104,43,13,46,110,128,90,115" hai3="50,22,1,23,39,101,56,71,55,16,63,60,111"/><T122/><D122/><U123/><E106/><V8/><F115/><W31/><G39/><T103/><D118/><U132/><E123/><V73/><F128/><W28/><G1/><T135/><D76/><U125/><E132/><N who="0" m="50729" /><D42/><U99/><E64/><V120/><F120/><W81/><G111/><T57/><D30/><N who="3" m="11305" /><G71/><T9/><D103/><U32/><E79/><V35/><F35/><W108/><G108/><T98/><D98/><U80/><E80/><V5/><F102/><W44/><G101/><T3/><D3/><U107/><E107/><V92/><F104/><W75/><G75/><T105/><D105/><U62/><E18/><V82/><F73/><W83/><G23/><N who="0" m="8779" /><D17/><U117/><E117/><V89/><F110/><W96/><G96/><T91/><D91/><N who="1" m="55775" /><E7/><V97/><F5/><W109/><G109/><T15/><D15/><U121/><E2/><V70/><F0/><W72/><G72/><T26/><D26/><U124/><E121/><V119/><F13/><N who="3" m="9487" /><G63/><AGARI ba="0,0" hai="9,10,49,53,57,63,66,69" m="8779,50729" machi="63" ten="30,1500,0" yaku="20,1" doraHai="88" who="0" fromWho="3" sc="250,15,250,0,250,0,250,-15" /><INIT seed="0,1,0,3,2,14" ten="265,250,250,235" oya="0" hai0="19,45,86,92,47,119,75,40,59,57,89,111,117" hai1="122,61,36,76,107,44,49,113,93,58,0,79,109" hai2="31,68,134,2,101,100,27,29,33,72,74,60,48" hai3="95,103,3,87,77,54,130,25,129,52,126,128,55"/><T22/><D75/><U28/><E107/><V63/><F2/><W62/><G3/><T41/><D111/><U8/><E122/><V46/><F134/><W96/><G126/><T13/><D119/><U20/><E36/><V42/><F31/><W18/><G77/><T23/><D23/><U51/><E51/><V104/><F63/><W26/><G87/><T114/><D114/><U108/><E93/><V88/><F88/><N who="3" m="55399" /><G26/><T123/><D117/><U127/><E127/><V97/><REACH who="2" step="1"/><F101/><REACH who="2" ten="265,250,240,235" step="2"/><W9/><G103/><T120/><D120/><U83/><E28/><V133/><F133/><W50/><G62/><T112/><D123/><U21/><E0/><V71/><F71/><W115/><G115/><T85/><D112/><U80/><E113/><V118/><F118/><W84/><G84/><T94/><D86/><U135/><E135/><V7/><F7/><W99/><G99/><T91/><D85/><U81/><E76/><V56/><F56/><N who="3" m="32791" /><G25/><T98/><D98/><U16/><E79/><V35/><F35/><W53/><G9/><T121/><D121/><U6/><E61/><V82/><F82/><W131/><G131/><T64/><D64/><AGARI ba="1,1" hai="27,29,33,42,46,48,60,64,68,72,74,97,100,104" machi="64" ten="40,5200,0" yaku="1,1,25,2,53,0" doraHai="14" doraHaiUra="17" who="2" fromWho="0" sc="265,-55,250,0,240,65,235,0" /><INIT seed="1,0,0,4,1,22" ten="210,250,305,235" oya="1" hai0="96,31,73,4,115,71,1,46,32,99,86,55,102" hai1="34,3,122,107,109,51,54,5,21,95,39,98,125" hai2="13,69,58,8,97,2,81,9,133,30,15,68,60" hai3="40,101,87,48,0,105,24,84,134,67,57,113,28"/><U94/><E122/><V92/><F2/><W37/><G113/><T74/><D99/><U10/><E34/><V66/><F133/><W14/><G0/><T126/><D55/><U49/><E39/><V106/><F106/><W38/><G134/><T130/><D86/><U70/><E70/><V132/><F132/><W131/><G131/><T47/><D130/><U112/><E112/><V35/><F81/><W110/><G110/><T103/><D103/><U64/><E64/><V26/><F13/><W90/><G101/><T19/><D19/><U93/><E125/><V52/><F66/><W50/><G105/><T121/><D115/><U83/><E83/><V129/><F129/><W17/><G38/><T119/><D47/><U120/><E120/><V89/><REACH who="2" step="1"/><F8/><REACH who="2" ten="210,250,295,235" step="2"/><W77/><G14/><T23/><D121/><U18/><E109/><V44/><F44/><W111/><G67/><T91/><D119/><U124/><E124/><V20/><F20/><W27/><G111/><T56/><D23/><U16/><E21/><V25/><F25/><W41/><G24/><T108/><D126/><U118/><E118/><V82/><F82/><W116/><G27/><T43/><D108/><U42/><E107/><V65/><F65/><W104/><G104/><T6/><D46/><N who="1" m="25815" /><E98/><V79/><F79/><W12/><G77/><T59/><D96/><U135/><E135/><V7/><AGARI ba="0,1" hai="7,9,15,26,30,35,52,58,60,68,69,89,92,97" machi="7" ten="20,8000,1" yaku="1,1,0,1,7,1,52,1,54,1,53,0" doraHai="22" doraHaiUra="76" who="2" fromWho="2" sc="210,-20,250,-40,295,90,235,-20" /><INIT seed="2,0,0,5,4,96" ten="190,210,385,215" oya="2" hai0="37,34,45,58,97,41,117,127,22,12,133,69,19" hai1="108,80,135,105,43,106,92,3,57,14,0,62,2" hai2="59,27,20,1,85,70,51,25,82,17,61,24,103" hai3="65,116,123,95,112,115,47,84,93,110,72,111,48"/><V126/><F1/><W81/><G65/><T8/><D69/><U60/><E108/><N who="3" m="41514" /><G48/><T23/><D34/><U66/><E43/><V87/><F70/><W36/><G47/><T53/><D117/><U39/><E39/><V10/><F51/><W31/><G31/><T40/><D40/><U67/><E135/><V119/><F119/><W131/><G36/><T15/><D133/><U7/><E92/><N who="3" m="35402" /><G116/><T73/><D73/><U28/><E80/><V30/><F126/><W89/><G131/><T21/><D127/><U101/><E28/><V90/><F59/><W130/><G130/><T75/><D75/><U113/><E113/><N who="3" m="43594" /><G72/><T79/><D79/><U76/><E76/><V55/><F61/><W74/><G74/><T52/><D53/><U91/><E3/><V35/><F55/><W13/><G13/><T49/><REACH who="0" step="1"/><D97/><REACH who="0" ten="180,210,385,215" step="2"/><U46/><E66/><V120/><F35/><W64/><G64/><T98/><D98/><U71/><E67/><V32/><F32/><W56/><G56/><T121/><D121/><AGARI ba="0,1" hai="81,84,89,121,123" m="43594,35402,41514" machi="121" ten="40,8000,1" yaku="14,1,11,1,34,2" doraHai="96" who="3" fromWho="0" sc="180,-80,210,0,385,0,215,90" /><INIT seed="3,0,0,1,3,65" ten="100,210,385,305" oya="3" hai0="128,62,19,135,80,104,88,36,118,122,46,5,35" hai1="28,32,112,53,107,20,117,95,130,63,44,124,120" hai2="27,109,39,42,10,15,8,34,75,66,89,72,127" hai3="0,51,90,93,4,110,57,76,125,64,61,17,111"/><W71/><G125/><T81/><D118/><U69/><E107/><V123/><F127/><W67/><G76/><T31/><D122/><U85/><E120/><V129/><F123/><W30/><G30/><T25/><D104/><U3/><E3/><V134/><F10/><N who="3" m="2311" /><G67/><T108/><D128/><U21/><E32/><V74/><F129/><W1/><G1/><T54/><D135/><U96/><E28/><V59/><F134/><W38/><G38/><T23/><D36/><U98/><E98/><V115/><F115/><W52/><G17/><T16/><D35/><U12/><E12/><V6/><F34/><W47/><G93/><T7/><D108/><N who="3" m="41513" /><G90/><T106/><D106/><U41/><E95/><V94/><F27/><W48/><G48/><T121/><D121/><U50/><E50/><V49/><F39/><W99/><G99/><T116/><D116/><U87/><E96/><V2/><F2/><W13/><G13/><T43/><D19/><U131/><E124/><V33/><F33/><W45/><AGARI ba="0,0" hai="45,47,51,52,57,61,64,71" m="41513,2311" machi="45" ten="30,11700,0" yaku="14,1,10,1,52,1,54,1" doraHai="65" who="3" fromWho="3" sc="100,-39,210,-39,385,-39,305,117" /><INIT seed="3,1,0,5,0,49" ten="61,171,346,422" oya="3" hai0="79,57,130,124,16,117,69,120,17,112,101,41,14" hai1="81,73,64,71,114,18,99,9,25,31,66,5,103" hai2="33,28,90,123,46,4,92,84,77,74,72,34,50" hai3="40,27,11,88,106,47,61,85,2,98,111,107,118"/><W32/><G118/><T110/><D101/><U21/><E114/><V127/><F127/><W62/><G111/><T59/><D79/><U80/><E71/><V52/><F123/><W109/><G109/><T15/><D110/><U44/><E44/><V96/><F34/><W86/><G86/><T89/><D89/><U87/><E73/><V122/><F122/><W82/><G107/><T67/><D120/><U30/><E66/><V56/><F4/><W35/><G2/><T70/><D67/><U12/><E64/><V121/><F121/><W51/><G11/><T19/><D41/><U1/><E87/><V108/><F108/><W83/><G83/><T58/><D117/><U119/><E31/><V125/><F125/><W20/><G62/><T113/><D124/><U23/><E119/><V94/><F74/><W116/><G61/><T135/><D130/><U7/><E7/><V54/><F72/><W60/><G60/><T42/><D42/><U126/><E126/><V13/><F13/><N who="0" m="4618" /><D135/><U26/><E1/><V93/><F28/><W6/><G6/><T55/><D55/><U0/><E0/><V91/><F33/><W8/><G8/><T48/><D48/><U65/><E65/><V100/><F93/><AGARI ba="1,0" hai="5,9,12,18,21,23,25,26,30,80,81,93,99,103" machi="93" ten="30,2000,0" yaku="7,1,8,1" doraHai="49" who="1" fromWho="2" sc="61,0,171,23,346,-23,422,0" /><INIT seed="4,0,0,1,1,82" ten="61,194,323,422" oya="0" hai0="67,84,101,125,99,94,0,86,127,1,124,8,87" hai1="100,81,34,133,104,131,14,135,43,52,113,44,70" hai2="33,85,58,59,56,20,19,132,83,78,119,45,21" hai3="126,51,30,61,4,25,27,77,62,7,22,23,93"/><T11/><REACH who="0" step="1"/><D67/><REACH who="0" ten="51,194,323,422" step="2"/><U96/><E131/><V130/><F130/><W24/><G126/><T50/><D50/><U115/><E70/><V92/><F59/><W10/><G51/><T6/><D6/><U53/><E34/><V123/><F58/><W121/><G7/><T120/><D120/><U13/><E13/><V109/><F56/><W91/><G121/><T35/><D35/><U71/><E14/><V5/><F33/><W111/><G4/><T107/><D107/><U2/><E2/><AGARI ba="0,1" hai="0,1,2,8,11,84,86,87,94,99,101,124,125,127" machi="2" ten="50,18000,2" yaku="21,2,18,1,52,3,53,0" doraHai="82" doraHaiUra="102" who="0" fromWho="1" sc="51,190,194,-180,323,0,422,0" /><INIT seed="4,1,0,3,1,14" ten="241,14,323,422" oya="0" hai0="129,97,134,8,83,112,58,56,3,69,60,47,40" hai1="42,123,55,30,52,89,44,103,122,34,95,70,77" hai2="59,53,84,88,38,72,108,39,101,37,25,74,113" hai3="61,81,98,117,19,32,5,116,46,82,109,12,27"/><T125/><D3/><U18/><E70/><V36/><F108/><W9/><G109/><T62/><D83/><U67/><E67/><V86/><F113/><W26/><G98/><T99/><D8/><U75/><E103/><V6/><F101/><W126/><G126/><T63/><D125/><U29/><E75/><V104/><F104/><W133/><G133/><T28/><D134/><U54/><E77/><V119/><F119/><W124/><G124/><T15/><D15/><U127/><E127/><V111/><F111/><W76/><G32/><T79/><D79/><U13/><E34/><V85/><N who="2" m="9728" /><DORA hai="92" /><V66/><F74/><W102/><G102/><T105/><D105/><U128/><E128/><V80/><F72/><W96/><G96/><N who="0" m="36939" /><D69/><U0/><E0/><V78/><F78/><W51/><G82/><T2/><D2/><U68/><E68/><V7/><F25/><W110/><G110/><T24/><D112/><U93/><E122/><V107/><F66/><W16/><G61/><N who="0" m="15619" /><T120/><DORA hai="21" /><D120/><U87/><E95/><V31/><F107/><W20/><G117/><T135/><D135/><U23/><REACH who="1" step="1"/><E123/><REACH who="1" ten="241,4,323,422" step="2"/><V131/><F80/><W132/><G116/><T45/><D129/><U50/><AGARI ba="1,1" hai="13,18,23,29,30,42,44,50,52,54,55,87,89,93" machi="50" ten="30,12000,2" yaku="1,1,2,1,0,1,8,1,52,1,54,1,53,1" doraHai="14,92,21" doraHaiUra="64,1,17" who="1" fromWho="1" sc="241,-61,4,133,323,-31,422,-31" /><INIT seed="5,0,0,3,2,106" ten="180,137,292,391" oya="1" hai0="32,132,124,85,133,93,45,35,92,66,16,39,17" hai1="118,1,56,135,6,122,77,48,33,134,62,86,44" hai2="3,75,25,90,72,31,49,24,120,42,36,73,110" hai3="40,115,47,131,69,43,53,79,14,70,46,76,103"/><U119/><E33/><V125/><F110/><W108/><G103/><T95/><D39/><U105/><E105/><V15/><F3/><W82/><G108/><T130/><D66/><N who="1" m="39239" /><E1/><V5/><F120/><W127/><G115/><T22/><D45/><U38/><E6/><V68/><F36/><W99/><G99/><T12/><D85/><U83/><E38/><V91/><F68/><W34/><G34/><T107/><D107/><U8/><E8/><V101/><F101/><W21/><G131/><T63/><D63/><U13/><E13/><V81/><F125/><W84/><G127/><T126/><D17/><U89/><E77/><V11/><F81/><W55/><G84/><T52/><D35/><U117/><E122/><V96/><F96/><W65/><G82/><T102/><D32/><U94/><E83/><V128/><F128/><W87/><G87/><T113/><D113/><U37/><E37/><V100/><F100/><W9/><G9/><T114/><D102/><U111/><E111/><V64/><F64/><W20/><G65/><T51/><D114/><U57/><E57/><V71/><F71/><W121/><G14/><T23/><D23/><U104/><E104/><V123/><F123/><AGARI ba="0,0" hai="20,21,40,43,46,47,53,55,69,70,76,79,121,123" machi="123" ten="25,1600,0" yaku="22,2" doraHai="106" who="3" fromWho="2" sc="180,0,137,0,292,-16,391,16" /><INIT seed="6,0,0,0,0,115" ten="180,137,276,407" oya="2" hai0="50,39,98,13,27,54,71,65,101,118,7,79,10" hai1="14,0,34,21,108,55,16,133,26,72,89,123,49" hai2="57,80,58,100,35,42,43,66,15,84,8,112,122" hai3="33,121,78,30,134,125,4,106,88,48,52,83,117"/><V87/><F122/><W127/><G117/><T3/><D79/><U116/><E72/><V20/><F35/><W95/><G121/><T93/><D39/><U76/><E108/><V23/><F100/><W41/><G106/><T103/><D3/><U96/><E123/><V111/><F111/><W56/><G4/><T70/><D65/><U75/><E133/><V113/><F112/><W40/><G134/><T105/><D105/><U104/><E0/><V1/><F1/><W19/><G19/><T61/><D61/><U135/><E135/><V130/><F130/><W67/><G67/><T129/><D129/><U131/><E131/><V92/><F113/><W94/><G94/><T97/><D27/><U22/><E116/><V31/><F92/><W85/><G30/><T99/><D118/><U64/><E64/><V11/><F31/><W32/><G33/><T68/><REACH who="0" step="1"/><D93/><REACH who="0" ten="170,137,276,407" step="2"/><U77/><E75/><V59/><F66/><W44/><G32/><T81/><D81/><U29/><E34/><V110/><F110/><W126/><G44/><AGARI ba="0,1" hai="7,10,13,44,50,54,68,70,71,97,98,99,101,103" machi="44" ten="50,1600,0" yaku="1,1,53,0" doraHai="115" doraHaiUra="82" who="0" fromWho="3" sc="170,26,137,0,276,0,407,-16" /><INIT seed="7,0,0,3,3,94" ten="196,137,276,391" oya="3" hai0="131,62,122,109,21,92,114,133,91,42,9,26,72" hai1="97,40,19,2,59,107,61,17,34,113,10,69,71" hai2="134,64,68,74,126,18,120,89,101,104,12,5,105" hai3="14,8,79,124,78,66,96,52,0,35,77,55,57"/><W84/><G35/><T31/><D122/><U24/><E113/><V83/><F5/><N who="3" m="3343" /><G0/><T75/><D114/><U82/><E40/><V123/><F89/><W53/><G124/><T11/><D75/><U110/><E110/><V25/><F134/><W95/><G66/><T44/><D72/><U106/><E82/><V6/><F83/><N who="3" m="47215" /><G57/><T30/><D109/><U7/><E107/><V37/><F18/><W36/><G36/><T111/><D111/><U27/><E27/><V50/><F25/><W99/><G99/><T60/><D133/><U46/><E46/><V23/><F101/><AGARI ba="0,0" hai="52,53,55,78,79,95,96,101" m="47215,3343" machi="101" ten="30,5800,0" yaku="8,1,52,1,54,1" doraHai="94" who="3" fromWho="2" sc="196,0,137,0,276,-58,391,58" owari="196,-20.0,137,-36.0,218,2.0,449,54.0" /></mjloggm>