<mjloggm ver="2.3"><GO type="169" lobby="0"/><UN n0="%65%72%6F%67%72%65%65%6E" n1="%43%52%41%5A%59%52%41%54" n2="%4B%E3%80%82" n3="%E3%82%A6%E3%83%AB%E3%83%88%E3%83%A9%E7%AB%8B%E7%9B%B4" dan="17,16,18,18" rate="2173.46,2070.50,2196.92,2222.87" sx="M,F,M,M"/><TAIKYOKU oya="0"/><INIT seed="0,0,0,2,1,71" ten="250,250,250,250" oya="0" hai0="17,120,56,44,91,65,101,39,95,21,78,69,130" hai1="123,89,129,80,62,104,133,93,72,73,96,87,20" hai2="76,9,70,38,100,5,47,33,125,23,108,77,119" hai3="90,82,4,116,74,60,64,79,36,55,92,40,66"/><T43/><D120/><U41/><E123/><V6/><F33/><W115/><G115/><T45/><D130/><U30/><E133/><V63/><F100/><W88/><G116/><T35/><D35/><U128/><E41/><V98/><F98/><W109/><G109/><T7/><D101/><N who="1" m="62503" /><E62/><V31/><F5/><W67/><G4/><T118/><D118/><U8/><E8/><V57/><F70/><W48/><G60/><T59/><D69/><U85/><E20/><V16/><F31/><W12/><G12/><T25/><D65/><U111/><E30/><V81/><F108/><W106/><G106/><T28/><D78/><N who="1" m="46231" /><E111/><V54/><F125/><W97/><G90/><T49/><D28/><U50/><E50/><V15/><F119/><W27/><G27/><T34/><D34/><U127/><E127/><V37/><F77/><W132/><G132/><T131/><D131/><AGARI ba="0,0" hai="72,73,87,89,93,128,129,131" m="46231,62503" machi="131" ten="30,3900,0" yaku="19,1,34,2" doraHai="71" who="1" fromWho="0" sc="250,-39,250,39,250,0,250,0" /><INIT seed="1,0,0,4,4,75" ten="211,289,250,250" oya="1" hai0="19,40,114,82,69,48,42,53,45,50,131,126,91" hai1="88,89,123,113,98,14,118,97,62,2,3,96,30" hai2="130,106,16,83,26,104,79,105,34,81,101,115,1" hai3="20,84,57,65,32,4,28,66,5,109,67,86,76"/><U119/><E123/><V63/><F130/><W90/><G32/><T93/><D69/><U52/><E113/><V27/><F115/><W107/><G107/><T31/><D114/><U135/><E135/><V18/><F1/><W72/><G72/><T87/><D126/><U35/><E14/><V112/><F112/><W116/><G109/><T41/><D31/><U25/><E3/><V64/><F101/><W11/><G57/><T23/><D131/><U122/><E2/><V74/><F81/><N who="3" m="47143" /><G11/><T39/><D39/><U110/><E110/><V58/><REACH who="2" step="1"/><F27/><REACH who="2" ten="211,289,240,250" step="2"/><N who="3" m="16487" /><G116/><T61/><D82/><AGARI ba="0,1" hai="4,5,65,66,67,82,86,90" m="16487,47143" machi="82" ten="30,2000,0" yaku="8,1,52,1" doraHai="75" who="3" fromWho="0" sc="211,-20,289,0,240,0,250,30" /><INIT seed="2,0,0,3,0,22" ten="191,289,240,280" oya="2" hai0="128,34,94,32,40,43,126,135,69,77,5,97,38" hai1="103,61,6,55,121,44,80,92,36,72,19,108,115" hai2="24,15,42,51,35,31,37,104,122,63,23,110,58" hai3="16,85,10,84,57,98,132,74,25,76,90,125,89"/><V123/><F104/><W33/><G125/><T111/><D69/><U3/><E115/><V60/><F37/><W66/><G132/><T12/><D77/><U8/><E121/><V13/><F110/><W67/><G74/><T4/><D128/><U134/><E134/><V106/><F106/><W41/><G41/><T117/><D135/><U130/><E130/><V52/><F42/><W39/><G39/><T102/><D126/><U95/><E108/><V29/><F15/><W21/><G33/><T78/><D111/><U81/><E19/><V46/><F60/><W83/><G57/><T49/><D38/><U93/><E103/><V96/><F96/><W68/><G68/><T114/><D114/><U87/><E72/><V17/><REACH who="2" step="1"/><F31/><REACH who="2" ten="191,289,230,280" step="2"/><W99/><G99/><T75/><D40/><U65/><E36/><V62/><F62/><W1/><G1/><T107/><D107/><U79/><E61/><V129/><F129/><W56/><G98/><T20/><D43/><U30/><E30/><V86/><F86/><W133/><G85/><T131/><D131/><U101/><E87/><V116/><F116/><W53/><G133/><T124/><D97/><U14/><E14/><V82/><F82/><W88/><G10/><T127/><D12/><U91/><E81/><V119/><F119/><W100/><G100/><T120/><D102/><U59/><E80/><V70/><F70/><W54/><G54/><T28/><D117/><U18/><E101/><V50/><F50/><AGARI ba="0,1" hai="16,21,25,50,53,56,66,67,76,83,84,88,89,90" machi="50" ten="40,8000,1" yaku="8,1,52,1,54,2" doraHai="22" who="3" fromWho="2" sc="191,0,289,0,230,-80,280,90" /><INIT seed="3,0,0,3,0,99" ten="191,289,150,370" oya="3" hai0="81,32,59,21,76,113,108,6,4,56,96,57,20" hai1="46,16,134,37,133,35,12,98,42,22,126,9,15" hai2="83,50,19,33,0,130,120,51,131,110,119,122,100" hai3="86,65,106,1,60,72,115,13,73,94,71,29,36"/><W135/><G1/><T107/><D32/><U105/><E35/><V41/><F0/><W28/><G36/><T63/><D108/><U49/><E126/><V116/><F33/><W111/><G106/><T2/><D113/><U58/><E37/><V39/><F19/><W34/><G115/><T17/><D63/><U14/><E58/><V75/><F110/><W117/><G117/><N who="2" m="45129" /><F75/><W23/><G135/><N who="1" m="51722" /><E9/><V54/><F83/><W82/><G111/><T25/><D2/><U118/><E118/><V132/><F100/><AGARI ba="0,0" hai="12,14,15,16,22,42,46,49,98,100,105" m="51722" machi="100" ten="30,3900,0" yaku="20,1,52,1,54,1" doraHai="99" who="1" fromWho="2" sc="191,0,289,39,150,-39,370,0" /><INIT seed="4,0,0,5,4,29" ten="191,328,111,370" oya="0" hai0="13,51,112,126,65,20,66,88,56,109,63,8,5" hai1="15,110,100,6,16,35,54,116,122,53,102,115,50" hai2="68,80,60,55,40,95,86,32,18,98,118,76,4" hai3="114,113,90,105,45,64,70,14,119,93,132,69,133"/><T117/><D112/><U81/><E122/><V107/><F118/><W73/><G105/><T134/><D117/><U71/><E116/><V127/><F127/><W108/><G73/><T17/><D134/><U3/><E110/><V47/><F4/><W41/><G14/><T131/><D131/><U1/><E6/><V59/><F68/><W46/><G119/><T121/><D121/><U120/><E120/><V57/><F107/><W31/><G31/><T38/><D38/><U96/><E115/><V23/><F59/><W77/><G77/><T27/><D126/><U44/><E71/><V10/><F10/><W61/><G70/><T7/><D66/><U82/><E35/><V125/><F32/><W78/><G78/><T39/><D39/><U129/><E129/><V130/><F130/><W52/><G108/><T124/><D124/><U24/><E24/><V99/><F125/><W43/><G43/><T104/><D104/><U42/><E3/><V89/><F99/><W12/><G12/><T84/><D51/><U30/><E1/><V34/><F34/><W19/><G19/><N who="0" m="12703" /><D109/><U67/><E67/><V106/><F106/><W111/><G111/><T58/><D58/><U79/><E50/><V62/><F62/><W85/><G46/><T97/><D97/><U25/><E96/><V2/><F2/><W26/><G26/><T128/><D128/><U36/><E44/><V103/><F47/><W74/><G74/><T101/><D101/><U94/><E36/><V123/><F123/><W48/><G41/><T11/><D11/><U49/><E42/><V135/><F40/><RYUUKYOKU ba="0,0" sc="191,15,328,-15,111,-15,370,15" hai0="5,7,8,13,17,56,63,65,84,88" hai3="45,48,52,61,64,69,85,90,93,113,114,132,133" /><INIT seed="4,1,0,1,0,95" ten="206,313,96,385" oya="0" hai0="101,104,47,123,74,70,32,25,2,16,45,103,122" hai1="76,89,54,24,83,4,13,110,60,99,113,67,42" hai2="98,59,64,86,71,77,12,20,68,125,75,94,90" hai3="41,130,120,35,134,52,93,87,29,37,19,129,82"/><T114/><D2/><U100/><E110/><V66/><F125/><W80/><G120/><T51/><D70/><U62/><E42/><V53/><F71/><W85/><G29/><T49/><D74/><U27/><E89/><V21/><F68/><W8/><G35/><T57/><D57/><U121/><E121/><V56/><F75/><W18/><G41/><T34/><D25/><U132/><E132/><V126/><F126/><W40/><G40/><T118/><D104/><U117/><E117/><V108/><F108/><W124/><G124/><T11/><D11/><U15/><E113/><V112/><F112/><W127/><G127/><T109/><D109/><U10/><E15/><V38/><F38/><W107/><G107/><T116/><REACH who="0" step="1"/><D114/><REACH who="0" ten="196,313,96,385" step="2"/><U92/><E27/><V17/><F21/><W7/><G8/><T106/><D106/><U96/><E24/><V39/><F39/><W48/><G37/><T128/><D128/><U5/><E10/><V23/><F20/><W115/><G115/><T88/><D88/><U111/><E111/><V30/><F30/><W36/><G36/><T78/><D78/><U63/><E76/><V65/><REACH who="2" step="1"/><F53/><REACH who="2" ten="196,313,86,385" step="2"/><W28/><G52/><T3/><D3/><U44/><E54/><V79/><F79/><N who="3" m="46239" /><G130/><T119/><D119/><U73/><E73/><V1/><F1/><W9/><G129/><T105/><D105/><U72/><E72/><V14/><F14/><W55/><G55/><T61/><D61/><U133/><E13/><V26/><F26/><W31/><G31/><T102/><D102/><N who="1" m="60679" /><E63/><V84/><F84/><W135/><G87/><RYUUKYOKU ba="1,2" sc="196,15,313,-15,86,15,385,-15" hai0="16,32,34,45,47,49,51,101,103,116,118,122,123" hai2="12,17,23,56,59,64,65,66,77,86,90,94,98" /><INIT seed="4,2,2,5,2,86" ten="211,298,101,370" oya="0" hai0="64,48,52,7,116,78,4,130,63,2,97,98,40" hai1="100,25,55,71,14,109,66,6,101,35,114,39,91" hai2="54,72,45,73,94,27,128,56,126,77,105,51,62" hai3="12,3,58,95,93,84,134,38,106,96,70,33,92"/><T44/><D116/><U32/><E39/><V113/><F105/><W125/><G70/><T10/><D130/><U30/><E114/><V23/><F128/><W87/><G3/><T53/><D7/><U82/><E35/><V13/><F113/><W121/><G38/><T46/><D78/><U0/><E0/><V110/><F110/><W83/><G33/><T117/><D117/><U79/><E109/><V90/><F126/><W74/><G58/><T26/><D26/><U34/><E32/><V80/><F13/><W21/><G21/><T104/><D104/><U76/><E55/><V9/><F9/><W68/><G12/><T123/><D123/><U107/><E101/><V99/><F80/><W8/><G8/><T1/><D1/><U16/><E6/><V41/><REACH who="2" step="1"/><F77/><REACH who="2" ten="211,298,91,370" step="2"/><W88/><G125/><T119/><D10/><U132/><E79/><V124/><F124/><W19/><G83/><T127/><D127/><U29/><E82/><V42/><F42/><W11/><G106/><T47/><D2/><U28/><E76/><V31/><AGARI ba="2,3" hai="23,27,31,41,45,51,54,56,62,72,73,90,94,99" machi="31" ten="20,5200,0" yaku="1,1,0,1,7,1,52,1,53,0" doraHai="86" doraHaiUra="108" who="2" fromWho="2" sc="211,-28,298,-15,91,88,370,-15" /><INIT seed="5,0,0,3,2,74" ten="183,283,179,355" oya="1" hai0="97,120,129,91,52,45,24,95,12,28,77,46,63" hai1="13,94,64,124,123,9,103,128,62,5,56,17,50" hai2="100,60,51,85,49,109,122,102,110,55,93,116,78" hai3="40,65,105,36,22,43,90,8,99,134,111,133,34"/><U38/><E123/><V127/><F122/><W76/><G34/><T54/><D120/><U108/><E38/><V31/><F116/><W121/><G111/><T83/><D12/><U35/><E108/><V2/><F2/><W68/><G76/><T67/><D129/><U107/><E35/><V1/><F1/><W88/><G22/><T69/><D46/><U39/><E39/><V21/><F127/><W86/><G8/><T125/><D45/><U119/><E119/><V130/><F130/><W25/><G25/><T131/><D131/><U27/><E128/><V47/><F60/><N who="3" m="39975" /><G121/><T26/><D125/><U135/><E107/><V87/><F51/><W114/><G114/><T33/><D24/><U48/><E124/><V70/><F70/><W92/><G36/><T32/><D32/><U81/><E27/><N who="2" m="16879" /><F110/><W89/><G89/><T18/><D18/><U104/><E17/><V53/><F109/><W7/><G7/><T79/><D79/><U58/><E5/><V10/><F10/><W66/><G66/><T72/><AGARI ba="0,0" hai="26,28,33,52,54,63,67,69,72,77,83,91,95,97" machi="72" ten="20,5200,0" yaku="0,1,7,1,52,1,54,1" doraHai="74" who="0" fromWho="0" sc="183,52,283,-26,179,-13,355,-13" /><INIT seed="6,0,0,1,5,70" ten="235,257,166,342" oya="2" hai0="85,15,130,110,1,47,135,3,51,92,114,127,75" hai1="27,44,43,133,54,83,73,31,5,131,21,26,59" hai2="20,124,80,113,94,22,69,24,121,66,117,82,42" hai3="7,84,50,37,39,60,19,29,128,0,48,34,126"/><V58/><F121/><W49/><G84/><T11/><D110/><U88/><E133/><V55/><F117/><W93/><G93/><T40/><D75/><U104/><E104/><V9/><F113/><W33/><G60/><T64/><D130/><U62/><E131/><V134/><F124/><W35/><G128/><T57/><D114/><U45/><E5/><V71/><F134/><W32/><G19/><T56/><D135/><U8/><E8/><V109/><F109/><W74/><G74/><T77/><D127/><U30/><E43/><V65/><F42/><W129/><G129/><T100/><D1/><U76/><E88/><V63/><F71/><W52/><G49/><T98/><D64/><N who="2" m="24682" /><F69/><W81/><G50/><T2/><D2/><U132/><E132/><V115/><F115/><W13/><G0/><T111/><D3/><U123/><E123/><V116/><F116/><W112/><G112/><T68/><D68/><U103/><E103/><V25/><F9/><N who="3" m="4287" /><G35/><AGARI ba="0,0" hai="21,26,27,30,31,35,44,45,54,59,62,73,76,83" machi="35" ten="30,1000,0" yaku="7,1" doraHai="70" who="1" fromWho="3" sc="235,0,257,10,166,0,342,-10" /><INIT seed="7,0,0,2,0,102" ten="235,267,166,332" oya="3" hai0="57,42,39,52,101,117,63,35,131,16,71,83,122" hai1="94,124,82,43,56,21,2,115,45,48,40,12,85" hai2="4,5,93,69,33,96,53,128,19,118,107,70,6" hai3="110,7,74,23,92,47,120,34,58,18,127,14,26"/><W97/><G74/><T72/><D122/><U1/><E124/><V89/><F118/><W129/><G110/><T49/><D35/><U99/><E115/><V75/><F33/><W3/><G47/><N who="0" m="24031" /><D101/><U121/><E121/><V112/><F112/><W84/><G58/><T32/><D32/><U113/><E113/><V100/><F128/><W15/><G84/><T76/><D131/><U116/><E116/><V123/><F123/><W103/><G15/><T111/><D117/><U11/><E43/><V28/><F28/><N who="3" m="19735" /><G127/><T50/><D50/><U130/><E56/><V64/><F64/><W80/><G80/><T119/><D119/><U54/><E21/><V31/><F31/><W67/><G129/><T95/><D95/><U41/><E130/><V13/><F53/><W90/><G92/><T60/><D60/><U134/><E54/><V81/><F13/><W25/><G14/><T132/><D16/><U125/><E125/><V8/><F8/><W86/><G18/><T44/><D44/><U29/><E45/><V135/><F19/><W24/><G23/><T77/><D77/><U91/><E29/><V87/><F135/><W22/><G22/><T51/><D51/><U55/><E134/><V68/><F70/><W133/><G25/><T88/><D132/><U46/><E41/><V104/><F104/><W0/><G24/><T10/><D10/><U9/><E9/><V126/><F126/><W73/><G133/><T109/><D88/><N who="1" m="55751" /><E40/><V105/><F105/><W98/><G120/><T59/><D71/><U65/><E65/><V66/><F66/><W17/><G67/><RYUUKYOKU ba="0,0" sc="235,10,267,10,166,10,332,-30" hai0="49,52,57,59,63,72,76,83,109,111" hai1="1,2,11,12,46,48,55,82,85,91" hai2="4,5,6,68,69,75,81,87,89,93,96,100,107" owari="245,-15.0,277,8.0,176,-32.0,302,39.0" /></mjloggm>