<mjloggm ver="2.3"><GO type="169" lobby="0"/><UN n0="%E3%83%A1%E3%82%AB%E3%82%BC%E3%83%83%E3%83%88%E3%83%B3" n1="%E3%83%87%E3%83%87%E3%82%AD%E3%83%B3%E3%83%88" n2="%E3%83%88%E3%83%88%E3%83%AA%E5%85%88%E7%94%9F%31%39%E6%AD%B3" n3="%E7%AB%8B%E8%8F%AF%E5%A5%8F" dan="18,18,19,16" rate="2253.59,2162.77,2280.31,2152.05" sx="M,M,F,F"/><TAIKYOKU oya="0"/><INIT seed="0,0,0,5,4,101" ten="250,250,250,250" oya="0" hai0="8,32,13,2,62,131,121,46,117,26,77,85,58" hai1="27,122,7,107,126,86,132,66,52,34,98,33,60" hai2="133,12,50,120,70,110,22,44,104,11,67,92,79" hai3="99,1,118,82,124,59,23,5,87,127,43,39,69"/><T31/><D121/><U75/><E75/><V113/><F120/><W73/><G69/><T30/><D117/><U100/><E122/><V64/><F113/><W112/><G112/><T116/><D116/><U17/><E126/><V108/><F133/><W55/><G118/><T36/><D131/><U84/><E132/><V15/><F104/><W35/><G35/><T94/><D2/><U25/><E7/><V111/><F79/><W130/><G130/><T83/><D30/><U19/><E27/><V97/><F22/><W54/><G23/><T106/><D106/><U10/><E10/><V78/><F78/><W119/><G119/><T56/><D94/><U57/><E66/><N who="2" m="25131" /><F11/><W81/><G99/><T61/><D61/><U53/><E53/><N who="2" m="29895" /><F70/><W40/><G87/><T123/><D123/><U42/><E42/><V38/><F38/><W128/><G39/><T91/><D77/><U45/><E45/><V37/><F37/><W21/><G21/><T103/><D103/><AGARI ba="0,0" hai="12,15,92,97,103,108,110,111" m="29895,25131" machi="103" ten="30,1000,0" yaku="14,1" doraHai="101" who="2" fromWho="0" sc="250,-10,250,0,250,10,250,0" /><INIT seed="1,0,0,0,3,9" ten="240,250,260,250" oya="1" hai0="134,30,45,115,92,12,117,60,103,14,94,131,59" hai1="58,104,122,43,1,57,63,83,32,69,65,100,56" hai2="125,88,82,86,81,80,13,120,15,53,2,123,31" hai3="55,91,29,6,77,116,27,118,109,96,72,128,132"/><U99/><E122/><V8/><F123/><W98/><G109/><T26/><D117/><N who="3" m="45161" /><G128/><T5/><D115/><U39/><E32/><V129/><F120/><W78/><G132/><T62/><D134/><U68/><E1/><V74/><F129/><W66/><G66/><T37/><D131/><U89/><E69/><V110/><F110/><W75/><G6/><T64/><D5/><U25/><E25/><V111/><F111/><W22/><G55/><T11/><D11/><U135/><E135/><V112/><F125/><W20/><G20/><N who="0" m="15687" /><D37/><U42/><REACH who="1" step="1"/><E39/><REACH who="1" ten="240,240,260,250" step="2"/><V23/><F2/><W44/><G27/><T71/><D71/><U121/><E121/><V113/><F113/><W54/><G29/><T95/><D103/><U7/><E7/><N who="2" m="3231" /><F112/><W97/><G22/><T49/><D62/><U70/><E70/><V73/><F73/><W102/><G72/><T84/><D84/><AGARI ba="0,1" hai="42,43,56,57,58,63,65,68,83,84,89,99,100,104" machi="84" ten="40,2000,0" yaku="1,1,53,0" doraHai="9" doraHaiUra="34" who="1" fromWho="0" sc="240,-20,240,30,260,0,250,0" /><INIT seed="1,1,0,3,1,30" ten="220,270,260,250" oya="1" hai0="2,4,86,89,83,93,48,96,90,127,11,122,73" hai1="129,31,3,61,36,87,105,92,59,49,9,135,65" hai2="24,97,42,76,53,101,8,128,50,98,109,125,58" hai3="113,82,33,69,40,45,63,54,47,99,0,18,5"/><U94/><E105/><V27/><F109/><W71/><G113/><T112/><D127/><U17/><E36/><V26/><F125/><W23/><G99/><T51/><D112/><U110/><E129/><V28/><F128/><W91/><G33/><T131/><D131/><U34/><E135/><V13/><F76/><W114/><G114/><T123/><REACH who="0" step="1"/><D73/><REACH who="0" ten="210,270,260,250" step="2"/><U44/><E110/><V107/><F42/><W119/><G40/><T22/><D22/><U75/><E75/><V32/><REACH who="2" step="1"/><F98/><REACH who="2" ten="210,270,250,250" step="2"/><W133/><G119/><T39/><D39/><U100/><E87/><V37/><F37/><W70/><G133/><T1/><D1/><U38/><E38/><V78/><F78/><W121/><G0/><T29/><D29/><U19/><E3/><V74/><F74/><W77/><G77/><T108/><D108/><U130/><E31/><V20/><F20/><W60/><G23/><T88/><D88/><U67/><E130/><V95/><F95/><W15/><G91/><T10/><D10/><U72/><E9/><V104/><F104/><W12/><G82/><T84/><D84/><U116/><E72/><V120/><F120/><AGARI ba="1,2" hai="2,4,11,48,51,83,86,89,90,93,96,120,122,123" machi="120" ten="40,5200,0" yaku="1,1,13,1,53,1" doraHai="30" doraHaiUra="79" who="0" fromWho="2" sc="210,75,270,0,250,-55,250,0" /><INIT seed="2,0,0,3,1,66" ten="285,270,195,250" oya="2" hai0="124,130,0,12,17,99,60,19,95,121,21,105,52" hai1="77,112,117,54,23,30,22,41,93,38,83,18,3" hai2="91,76,115,15,133,61,51,56,129,9,8,123,75" hai3="25,134,96,89,126,116,135,87,119,46,43,59,131"/><V36/><F115/><W98/><G126/><T69/><D0/><U63/><E3/><V78/><F123/><W73/><G131/><T109/><D121/><U132/><E112/><V20/><F36/><W16/><G73/><T58/><D109/><U104/><E104/><V50/><F129/><W72/><G72/><T103/><D130/><U94/><E117/><V127/><F127/><W81/><G59/><T107/><D124/><U90/><E132/><N who="3" m="50730" /><G119/><T111/><D111/><U48/><E38/><V92/><F133/><W13/><G25/><T108/><D108/><U65/><E41/><V57/><F20/><N who="3" m="11279" /><G116/><T14/><REACH who="0" step="1"/><D69/><REACH who="0" ten="275,270,195,250" step="2"/><U71/><E71/><V106/><F57/><W80/><G80/><T113/><D113/><U5/><E83/><V125/><F125/><W97/><G97/><T79/><D79/><U27/><E77/><V28/><F75/><W37/><AGARI ba="0,1" hai="37,43,46,81,87,89,96,98" m="11279,50730" machi="37" ten="30,2000,0" yaku="20,1,54,1" doraHai="66" who="3" fromWho="3" sc="275,-5,270,-5,195,-10,250,30" /><INIT seed="3,0,0,0,3,24" ten="270,265,185,280" oya="3" hai0="61,135,39,115,121,50,72,119,118,71,134,25,59" hai1="126,0,12,67,1,106,44,43,122,75,64,54,41" hai2="29,65,53,114,45,116,111,46,128,124,51,34,133" hai3="130,10,113,69,70,74,49,96,123,11,35,98,55"/><W28/><G113/><T23/><D72/><U30/><E75/><V87/><F114/><W110/><G123/><T109/><D115/><U78/><E106/><V81/><F116/><W16/><G74/><T76/><D76/><U5/><E78/><V80/><F111/><W68/><G130/><T120/><D109/><U47/><E12/><V101/><F128/><W3/><G110/><T8/><D8/><U86/><E5/><V38/><F133/><N who="0" m="50698" /><D50/><U32/><E54/><V100/><F124/><W26/><G3/><T94/><D94/><U18/><E86/><V90/><F65/><W42/><G42/><T107/><D107/><U58/><E58/><V19/><F80/><W83/><G83/><T127/><D39/><U66/><E18/><V85/><F85/><W84/><G84/><T93/><D93/><U63/><E63/><V27/><REACH who="2" step="1"/><F19/><REACH who="2" ten="270,265,175,280" step="2"/><W56/><REACH who="3" step="1"/><G16/><REACH who="3" ten="270,265,175,270" step="2"/><N who="0" m="12519" /><D120/><U97/><E122/><V2/><F2/><W13/><G13/><T4/><D121/><U95/><E1/><V73/><F73/><W21/><G21/><T91/><D119/><U20/><E20/><V125/><F125/><W40/><G40/><AGARI ba="0,2" hai="27,29,34,38,40,45,46,51,53,81,87,90,100,101" machi="40" ten="40,2600,0" yaku="1,1,52,1,53,0" doraHai="24" doraHaiUra="131" who="2" fromWho="3" sc="270,0,265,0,175,46,270,-26" /><INIT seed="4,0,0,4,5,23" ten="270,265,221,244" oya="0" hai0="17,120,1,57,73,86,124,55,97,113,105,117,88" hai1="56,16,68,51,125,67,8,132,78,104,44,0,72" hai2="82,15,135,99,85,54,118,14,47,129,53,34,3" hai3="63,76,52,13,114,71,108,38,20,10,49,37,103"/><T48/><D117/><U90/><E104/><V61/><F3/><W22/><G108/><T79/><D1/><U30/><E125/><V110/><F110/><W59/><G114/><T121/><D113/><U115/><E132/><V45/><F135/><W83/><G103/><T80/><D124/><U21/><E115/><V128/><F118/><W46/><G71/><T62/><D17/><U98/><E68/><V18/><F34/><W7/><G37/><T41/><D41/><U40/><E30/><V36/><F99/><W2/><G38/><T107/><D62/><N who="1" m="38343" /><E72/><V126/><F126/><W11/><G11/><T94/><D107/><U133/><E0/><V131/><F15/><W93/><G93/><T77/><D79/><U130/><E130/><V91/><F61/><W66/><REACH who="3" step="1"/><G2/><REACH who="3" ten="270,265,221,234" step="2"/><T29/><D29/><U102/><E102/><AGARI ba="0,1" hai="48,55,57,73,77,80,86,88,94,97,102,105,120,121" machi="102" ten="40,7700,0" yaku="24,2,54,1" doraHai="23" who="0" fromWho="1" sc="270,87,265,-77,221,0,234,0" /><INIT seed="4,1,0,4,4,35" ten="357,188,221,234" oya="0" hai0="31,27,37,118,86,9,70,39,126,58,28,123,99" hai1="129,113,53,56,94,24,68,1,74,91,75,67,135" hai2="43,4,116,130,59,40,25,47,90,84,92,11,80" hai3="93,30,12,97,128,44,127,8,69,10,122,20,63"/><T105/><D70/><U134/><E1/><V49/><F130/><W48/><G128/><T60/><D118/><U65/><E24/><V36/><F116/><W61/><G127/><T104/><D123/><U46/><E129/><V110/><F110/><W66/><G122/><T21/><D126/><U5/><E5/><V13/><F36/><W124/><G124/><T52/><D31/><U89/><E46/><V98/><F59/><W29/><G61/><T132/><D132/><N who="1" m="50731" /><E113/><V108/><F108/><W19/><G29/><T117/><D117/><U41/><E41/><V42/><REACH who="2" step="1"/><F25/><REACH who="2" ten="357,188,211,234" step="2"/><W83/><G30/><N who="0" m="17775" /><D37/><U0/><E68/><V3/><F3/><W6/><G69/><T107/><D39/><U96/><E0/><V103/><AGARI ba="1,1" hai="4,11,13,40,42,43,47,49,80,84,90,92,98,103" machi="103" ten="20,5200,0" yaku="1,1,0,1,7,1,8,1,53,0" doraHai="35" doraHaiUra="64" who="2" fromWho="2" sc="357,-27,188,-14,211,65,234,-14" /><INIT seed="5,0,0,4,0,3" ten="330,174,276,220" oya="1" hai0="73,126,14,55,29,39,100,42,21,61,88,117,79" hai1="128,74,94,98,131,26,52,104,116,67,25,76,50" hai2="5,11,122,62,107,24,133,96,13,84,46,28,12" hai3="105,111,8,127,17,80,81,56,91,115,44,110,40"/><U16/><E116/><V119/><F119/><W32/><G32/><T57/><D117/><U103/><E67/><V37/><F122/><W85/><G105/><T15/><D100/><U83/><E104/><V82/><F133/><W87/><G115/><T58/><D126/><U71/><E71/><V70/><F37/><W53/><G127/><T135/><D135/><U36/><E36/><V66/><F46/><W1/><G44/><T112/><D112/><U64/><E64/><V130/><F130/><W124/><G40/><T19/><D29/><U31/><E16/><V7/><F96/><W78/><G124/><T75/><D79/><U93/><E93/><V27/><F107/><W101/><G101/><T108/><D108/><U106/><E106/><V89/><F28/><W72/><G72/><T33/><D42/><U49/><E49/><V0/><F0/><W109/><G17/><T63/><D39/><U120/><E120/><V59/><F70/><W48/><REACH who="3" step="1"/><G111/><REACH who="3" ten="330,174,276,210" step="2"/><T23/><D73/><U69/><E69/><V118/><F118/><W54/><G54/><T22/><D19/><U90/><E103/><V123/><F123/><W99/><G99/><T43/><D43/><U92/><E31/><V60/><F66/><W6/><AGARI ba="0,1" hai="1,6,8,48,53,56,78,80,81,85,87,91,109,110" machi="6" ten="30,4000,0" yaku="1,1,0,1,52,1,53,0" doraHai="3" doraHaiUra="18" who="3" fromWho="3" sc="330,-10,174,-20,276,-10,210,50" /><INIT seed="6,0,0,5,0,100" ten="320,154,266,260" oya="2" hai0="50,90,130,117,48,57,108,111,10,25,1,28,33" hai1="64,121,105,63,73,26,52,8,85,76,123,39,120" hai2="18,61,62,65,14,86,135,15,13,58,2,59,127" hai3="125,95,19,46,124,88,122,41,132,47,42,77,107"/><V103/><F135/><W32/><G132/><T45/><D130/><U78/><E39/><V80/><F127/><N who="3" m="48715" /><G122/><N who="1" m="31234" /><U128/><DORA hai="113" /><E128/><V83/><F2/><W81/><G32/><T84/><D117/><U119/><E119/><V82/><F103/><W87/><G19/><T27/><D27/><U4/><E73/><V70/><F70/><W79/><G107/><T6/><D57/><N who="1" m="35239" /><E64/><V7/><F7/><W109/><G109/><T118/><D118/><U30/><E85/><V104/><F104/><W72/><G77/><N who="1" m="29802" /><E26/><V97/><F97/><W40/><AGARI ba="0,0" hai="40,41,42,46,47,72,79,81,87,88,95" m="48715" machi="40" ten="30,2000,0" yaku="18,1,54,1" doraHai="100,113" who="3" fromWho="3" sc="320,-5,154,-5,266,-10,260,20" /><INIT seed="7,0,0,4,2,49" ten="315,149,256,280" oya="3" hai0="70,102,5,44,120,65,117,125,51,115,91,128,110" hai1="61,21,46,15,133,7,14,118,76,20,54,16,81" hai2="96,127,24,112,2,94,107,55,48,132,31,41,82" hai3="58,78,68,35,45,77,62,30,13,3,28,18,87"/><W67/><G3/><T109/><D120/><U69/><E118/><V23/><F2/><W64/><G35/><T12/><D117/><U84/><E133/><V25/><F107/><W32/><G32/><T53/><D102/><U42/><E7/><V111/><F111/><W17/><G45/><T124/><D128/><U123/><E123/><V52/><F132/><W85/><G68/><T71/><D91/><U34/><E34/><V79/><F112/><W66/><G13/><T95/><D95/><U89/><E76/><N who="3" m="29290" /><G58/><T134/><D134/><U50/><E69/><N who="0" m="26121" /><D65/><U75/><E75/><V72/><F127/><N who="0" m="48714" /><D115/><U100/><E100/><V129/><F129/><W57/><G57/><T47/><D44/><U39/><E39/><V19/><F41/><W99/><G62/><T116/><D116/><U43/><E61/><V8/><F48/><W9/><G99/><T98/><D98/><U93/><E93/><V83/><F83/><W92/><G9/><AGARI ba="0,0" hai="5,9,12,47,51,53,109,110" m="48714,26121" machi="9" ten="30,2000,0" yaku="18,1,52,1" doraHai="49" who="0" fromWho="3" sc="315,20,149,0,256,0,280,-20" owari="335,43.0,149,-35.0,256,-14.0,260,6.0" /></mjloggm>