<mjloggm ver="2.3"><GO type="169" lobby="0"/><UN n0="%E5%B0%B1%E6%B4%BB%E7%94%9F%40%E5%B7%9D%E6%9D%91%E8%BB%8D%E5%9B%A3" n1="%E3%82%B7%E3%83%B3%E3%83%87%E3%83%AB%E3%83%A9" n2="%6D%75%6B%69%74%74%69" n3="%E3%81%8A%E3%81%98%E3%81%95%E3%82%93" dan="18,16,17,16" rate="2260.35,2104.08,2096.52,2192.68" sx="M,F,M,M"/><TAIKYOKU oya="0"/><INIT seed="0,0,0,3,4,25" ten="250,250,250,250" oya="0" hai0="55,86,117,134,17,67,43,105,53,3,85,46,59" hai1="75,65,52,78,114,32,49,94,122,9,107,39,23" hai2="102,35,92,50,38,111,62,112,66,12,10,29,14" hai3="70,34,41,89,108,24,123,7,28,126,129,83,96"/><T73/><D117/><U128/><E107/><V2/><F38/><W93/><G108/><T113/><D3/><U84/><E32/><V31/><F112/><W33/><G126/><T81/><D113/><U11/><E114/><V22/><F35/><W115/><G115/><T26/><D105/><U36/><E122/><V87/><F2/><W118/><G118/><T95/><D134/><U42/><E128/><V90/><F111/><W16/><G129/><T133/><D133/><U121/><E121/><V56/><F102/><W131/><G34/><T40/><D73/><U13/><E65/><V20/><F50/><W61/><G131/><T74/><D74/><U71/><E71/><V109/><F109/><W135/><G135/><T18/><D95/><U77/><E23/><N who="2" m="8747" /><F14/><W37/><G7/><AGARI ba="0,0" hai="7,10,12,29,31,56,62,66,87,90,92" m="8747" machi="7" ten="30,3900,0" yaku="8,1,52,2" doraHai="25" who="2" fromWho="3" sc="250,0,250,0,250,39,250,-39" /><INIT seed="1,0,0,4,4,46" ten="250,250,289,211" oya="1" hai0="62,34,132,82,30,90,100,17,79,22,12,80,135" hai1="118,123,24,39,111,52,36,63,71,116,54,72,29" hai2="97,102,45,133,26,61,106,114,107,11,51,14,18" hai3="83,49,78,113,57,109,13,122,95,129,128,70,75"/><U66/><E72/><V104/><F133/><W112/><G70/><T68/><D100/><U108/><E24/><V25/><F114/><N who="3" m="44139" /><G13/><T126/><D126/><U7/><E7/><V31/><F61/><W21/><G21/><T127/><D127/><U15/><E15/><V60/><F60/><W69/><G57/><T86/><D34/><U41/><E29/><V38/><F38/><N who="1" m="14377" /><E41/><V65/><F65/><W119/><G49/><T77/><D30/><U19/><E19/><V40/><REACH who="2" step="1"/><F26/><REACH who="2" ten="250,250,279,211" step="2"/><W93/><G69/><T5/><D62/><U105/><E123/><V43/><F43/><W98/><G122/><T58/><D68/><U16/><E105/><V76/><F76/><W99/><G119/><N who="1" m="45610" /><E16/><V27/><F27/><W47/><G78/><T130/><D77/><U74/><E74/><V134/><F134/><W53/><G75/><T55/><D132/><U103/><E103/><V89/><F89/><W8/><G53/><AGARI ba="0,1" hai="52,53,54,63,66,71,108,111" m="45610,14377" machi="53" ten="40,7700,0" yaku="34,2,54,1" doraHai="46" who="1" fromWho="3" sc="250,0,250,87,279,0,211,-77" /><INIT seed="1,1,0,3,3,69" ten="250,337,279,134" oya="1" hai0="51,74,44,13,16,20,128,10,49,48,7,41,35" hai1="93,6,135,120,108,134,58,123,63,91,80,52,115" hai2="85,60,92,107,97,59,73,82,98,22,90,111,25" hai3="76,50,75,126,110,26,3,116,31,118,28,40,45"/><U124/><E115/><V127/><F111/><W37/><G110/><T106/><D106/><U81/><E108/><V131/><F131/><W104/><G104/><T55/><D128/><U121/><E6/><V100/><F127/><W47/><G126/><T62/><D74/><U42/><E42/><V32/><F32/><W9/><G76/><T23/><D35/><U18/><E124/><V46/><F46/><W61/><G75/><T89/><D23/><U29/><E29/><V113/><F113/><W77/><G77/><T33/><D33/><U99/><REACH who="1" step="1"/><E18/><REACH who="1" ten="250,327,279,134" step="2"/><V117/><F117/><W2/><G31/><T72/><D72/><U57/><E57/><V5/><F5/><W36/><G118/><T65/><D89/><U56/><E56/><V119/><F119/><W109/><G116/><T64/><D41/><U39/><E39/><V30/><F73/><W101/><G37/><T4/><D4/><U112/><E112/><V19/><F30/><W86/><G28/><T70/><REACH who="0" step="1"/><D65/><REACH who="0" ten="240,327,279,134" step="2"/><U130/><E130/><V125/><F125/><W105/><G109/><T71/><D71/><U54/><E54/><V34/><F90/><W96/><G40/><T38/><D38/><U84/><E84/><V88/><F85/><W114/><G86/><T8/><D8/><U83/><AGARI ba="1,2" hai="52,58,63,80,81,83,91,93,99,120,121,123,134,135" machi="83" ten="40,7800,0" yaku="1,1,0,1,54,1,53,0" doraHai="69" doraHaiUra="27" who="1" fromWho="1" sc="240,-27,327,101,279,-27,134,-27" /><INIT seed="1,2,0,0,2,41" ten="213,428,252,107" oya="1" hai0="114,53,35,69,98,15,59,40,111,104,5,135,39" hai1="126,2,60,19,9,65,88,23,80,130,116,1,108" hai2="30,75,58,125,33,131,124,103,63,72,85,26,4" hai3="74,34,71,13,36,91,122,89,133,106,24,123,17"/><U90/><E116/><V132/><F4/><W21/><G36/><T118/><D114/><U20/><E126/><N who="2" m="48747" /><F131/><W50/><G71/><T64/><D35/><U129/><E108/><V96/><F85/><W61/><G74/><T67/><D118/><U38/><E38/><V112/><F132/><W49/><G106/><T102/><D111/><U94/><E80/><V87/><F87/><W82/><G133/><T56/><D135/><U32/><E32/><V7/><F7/><W128/><G128/><N who="1" m="49258" /><E9/><V109/><F112/><W18/><G123/><T117/><D117/><U113/><E113/><V97/><F109/><W43/><G34/><T83/><D83/><U11/><E11/><V6/><F6/><W37/><G37/><T99/><D99/><N who="2" m="37962" /><F103/><W16/><G122/><T28/><D28/><U127/><E127/><V100/><F100/><W44/><G82/><T48/><D5/><U31/><E94/><V86/><F86/><W78/><G78/><T66/><D15/><N who="1" m="9343" /><E1/><V52/><AGARI ba="2,0" hai="26,30,33,52,58,63,72,75" m="37962,48747" machi="52" ten="30,2000,0" yaku="18,1,54,1" doraHai="41" who="2" fromWho="2" sc="213,-7,428,-12,252,26,107,-7" /><INIT seed="2,0,0,3,5,16" ten="206,416,278,100" oya="2" hai0="110,128,61,55,11,41,96,88,36,14,68,25,47" hai1="46,39,21,10,23,26,94,83,18,20,125,97,32" hai2="19,44,100,86,108,106,98,101,13,35,71,93,112" hai3="120,50,34,1,31,77,29,90,72,0,111,62,85"/><V42/><F112/><W92/><G120/><T15/><D128/><U78/><E125/><V5/><F71/><W130/><G130/><T81/><D110/><U65/><E65/><V127/><F35/><W6/><G111/><T69/><D25/><U121/><E121/><V70/><F70/><W49/><G72/><T89/><D15/><U122/><E122/><V66/><F108/><W51/><G77/><T17/><D89/><U114/><E114/><V52/><F66/><W135/><G62/><T24/><D24/><U107/><E107/><V80/><F127/><W40/><G40/><T117/><D117/><U79/><E32/><V30/><F30/><W95/><G34/><T3/><D3/><U115/><E115/><V43/><F5/><W64/><G64/><T134/><D134/><U75/><E78/><N who="2" m="46359" /><F106/><W59/><G59/><T91/><D91/><U118/><E118/><V105/><F105/><W113/><G113/><T73/><D73/><U131/><E131/><V119/><F101/><W103/><G135/><T102/><D102/><U74/><E74/><V87/><F87/><W57/><G57/><T67/><D55/><U126/><E126/><V123/><F123/><W82/><G6/><T63/><D63/><U9/><E39/><V129/><F119/><W38/><G38/><T27/><D69/><U99/><E46/><V124/><F124/><W133/><G133/><T22/><D81/><U8/><REACH who="1" step="1"/><E99/><REACH who="1" ten="206,406,278,100" step="2"/><V116/><F129/><W54/><G85/><T12/><D11/><U58/><E58/><V28/><F116/><W37/><G37/><T104/><D104/><RYUUKYOKU ba="0,1" sc="206,15,406,15,278,-15,100,-15" hai0="12,14,17,22,27,36,41,47,61,67,68,88,96" hai1="8,9,10,18,20,21,23,26,75,79,83,94,97" /><INIT seed="3,1,1,2,0,79" ten="221,421,263,85" oya="3" hai0="119,61,123,130,116,40,72,60,89,106,83,39,92" hai1="87,121,74,84,18,86,37,70,27,14,88,30,58" hai2="64,44,32,1,46,112,47,129,2,111,13,15,16" hai3="100,71,114,99,133,56,19,66,93,94,55,103,85"/><W49/><G114/><T23/><D123/><U120/><E70/><V131/><F112/><W63/><G133/><T51/><D106/><U35/><E74/><V24/><F64/><W132/><G132/><T7/><D130/><N who="2" m="49674" /><F111/><W127/><G127/><T50/><D7/><U115/><E115/><V59/><F59/><W77/><G19/><T9/><D9/><U53/><E37/><V36/><F36/><W34/><G34/><T20/><D39/><U113/><E113/><V91/><F91/><W78/><REACH who="3" step="1"/><G85/><REACH who="3" ten="221,421,263,75" step="2"/><T105/><D72/><U122/><E86/><V43/><F32/><W31/><G31/><T21/><D116/><U38/><E87/><V73/><F73/><W81/><G81/><T42/><D119/><U33/><E33/><V90/><F16/><W62/><G62/><N who="0" m="24171" /><D105/><U65/><E122/><V6/><F6/><W135/><G135/><T102/><D83/><U118/><E118/><V29/><F29/><W134/><G134/><T25/><D25/><U52/><E27/><V98/><F24/><W69/><G69/><T67/><D67/><U126/><E65/><V101/><F98/><AGARI ba="1,2" hai="49,55,56,63,66,71,77,78,93,94,98,99,100,103" machi="98" ten="40,3900,0" yaku="1,1,9,1,53,0" doraHai="79" doraHaiUra="8" who="3" fromWho="2" sc="221,0,421,0,263,-42,75,62" /><INIT seed="3,2,0,4,5,83" ten="221,421,221,137" oya="3" hai0="130,108,64,42,56,58,99,45,44,81,23,62,122" hai1="21,74,93,101,8,53,120,65,115,39,26,55,98" hai2="89,22,106,80,131,60,70,134,133,69,59,37,7" hai3="46,126,27,36,12,124,68,14,125,32,41,18,119"/><W128/><G119/><T67/><D122/><U110/><E120/><V113/><F113/><W84/><G68/><T6/><D108/><U107/><E115/><V97/><F37/><W11/><G128/><T102/><D130/><U28/><E110/><V1/><F131/><W16/><G32/><T87/><D6/><U105/><E39/><V76/><F22/><W91/><G27/><T114/><D114/><U61/><E74/><V92/><F106/><N who="1" m="40457" /><E8/><N who="2" m="2159" /><F59/><AGARI ba="2,0" hai="21,26,28,53,55,59,61,65,93,98,101" m="40457" machi="59" ten="30,1000,0" yaku="25,1" doraHai="83" who="1" fromWho="2" sc="221,0,421,16,221,-16,137,0" /><INIT seed="4,0,0,0,1,91" ten="221,437,205,137" oya="0" hai0="95,1,46,29,124,118,113,34,104,86,100,17,73" hai1="50,98,27,54,110,9,130,120,51,105,28,23,78" hai2="117,25,2,13,131,24,99,82,127,45,80,52,106" hai3="31,32,126,36,66,101,132,88,123,38,0,16,3"/><T97/><D118/><U7/><E110/><V68/><F2/><W116/><G116/><T48/><D1/><U26/><E120/><V85/><F117/><W65/><G101/><T70/><D70/><U35/><E130/><V93/><F68/><W87/><G31/><T83/><D124/><U63/><E78/><V37/><F127/><W59/><G32/><T10/><D113/><U33/><E33/><V122/><F122/><W56/><G126/><T84/><D34/><U30/><E63/><V60/><F106/><W53/><G123/><T69/><D29/><U102/><E54/><V22/><F131/><W4/><G4/><T6/><D69/><U103/><E103/><N who="2" m="60911" /><F37/><W111/><G111/><T71/><D71/><U58/><E58/><N who="2" m="34887" /><F45/><W40/><G40/><T61/><D61/><U79/><E79/><N who="2" m="46239" /><F82/><W14/><G0/><AGARI ba="0,0" hai="0,7,9,23,26,27,28,30,35,50,51,98,102,105" machi="0" ten="30,1000,0" yaku="7,1" doraHai="91" who="1" fromWho="3" sc="221,0,437,10,205,0,137,-10" /><INIT seed="5,0,0,1,0,110" ten="221,447,205,127" oya="1" hai0="87,96,24,62,31,129,36,123,60,57,95,67,8" hai1="46,66,117,14,125,131,4,89,127,2,84,50,79" hai2="16,21,126,85,65,48,32,75,54,115,104,17,98" hai3="109,10,23,86,18,100,124,69,77,99,40,118,9"/><U83/><E117/><V30/><F75/><W11/><G118/><T82/><D36/><U27/><E131/><V26/><F126/><W59/><G124/><T88/><D129/><U71/><E2/><V63/><F85/><W49/><G69/><T43/><D123/><U135/><E135/><V101/><F21/><W6/><G109/><T44/><D8/><N who="1" m="4359" /><E27/><V64/><F115/><W132/><G132/><T80/><D62/><N who="1" m="40407" /><E89/><V107/><F107/><W130/><G130/><T102/><D80/><U81/><E81/><V72/><F72/><W112/><G112/><T128/><D128/><U51/><E51/><V111/><F111/><W15/><G86/><T42/><D44/><U13/><E13/><V122/><F122/><W103/><G77/><T58/><D58/><U35/><E35/><AGARI ba="0,0" hai="24,31,35,42,43,57,60,67,82,87,88,95,96,102" machi="35" ten="30,2000,0" yaku="7,1,54,1" doraHai="110" who="0" fromWho="1" sc="221,20,447,-20,205,0,127,0" /><INIT seed="6,0,0,2,4,109" ten="241,427,205,127" oya="2" hai0="54,29,98,18,71,115,125,34,38,81,77,126,128" hai1="130,22,65,15,87,106,100,122,74,3,103,10,88" hai2="21,37,33,105,118,108,9,107,97,73,96,132,123" hai3="61,31,133,49,28,7,93,120,75,102,20,47,4"/><V129/><RYUUKYOKU type="yao9" ba="0,0" sc="241,0,427,0,205,0,127,0" hai2="9,21,33,37,73,96,97,105,107,108,118,123,129,132" /><INIT seed="6,1,0,3,2,38" ten="241,427,205,127" oya="2" hai0="83,52,28,27,32,21,71,6,29,75,79,121,51" hai1="39,111,22,124,109,15,80,62,101,95,72,102,24" hai2="69,82,117,134,120,53,118,30,46,41,128,130,77" hai3="59,103,127,8,4,98,58,81,60,96,93,35,3"/><V13/><F120/><W94/><G127/><T115/><D121/><U37/><E124/><V84/><F69/><W74/><G35/><T87/><D71/><U97/><E15/><V108/><F53/><W19/><G19/><T44/><D115/><U49/><E102/><V73/><F30/><W78/><REACH who="3" step="1"/><G60/><REACH who="3" ten="241,427,205,117" step="2"/><T50/><D32/><U122/><E62/><V33/><F33/><W45/><G45/><N who="0" m="27727" /><D6/><U132/><E122/><V7/><F118/><W43/><G43/><N who="0" m="24991" /><D75/><U86/><E72/><V129/><F73/><W55/><G55/><T57/><D57/><U20/><E109/><V61/><F108/><W92/><G92/><T16/><AGARI ba="1,1" hai="16,21,27,28,29,79,83,87" m="24991,27727" machi="16" ten="30,7900,0" yaku="8,1,52,1,54,2" doraHai="38" who="0" fromWho="0" sc="241,92,427,-21,205,-40,117,-21" /><INIT seed="7,0,0,5,2,44" ten="333,406,165,96" oya="3" hai0="55,73,31,58,47,51,100,19,91,85,92,42,63" hai1="66,5,57,76,93,114,127,75,131,82,135,72,32" hai2="105,54,27,62,0,133,3,69,15,29,112,7,95" hai3="97,116,101,86,20,36,119,37,107,129,17,45,61"/><W89/><G129/><T41/><D73/><U106/><E106/><V33/><F105/><W18/><G61/><T122/><D122/><U38/><E38/><V35/><F35/><W28/><G28/><T130/><D130/><U110/><E32/><V64/><F133/><W120/><G120/><T8/><D31/><U16/><E5/><V123/><F123/><W46/><G46/><T39/><D100/><U34/><E34/><V74/><F74/><W68/><G68/><T25/><D39/><U53/><E66/><V56/><F112/><W108/><G108/><T121/><D121/><U65/><E65/><V96/><F15/><W84/><G37/><T50/><D63/><U6/><E75/><V111/><F7/><W124/><G124/><T118/><D118/><U11/><E6/><V9/><F9/><W52/><G86/><T40/><D8/><U90/><E110/><V22/><F33/><W102/><G102/><T132/><D132/><U83/><E135/><V104/><F104/><W23/><G23/><AGARI ba="0,0" hai="19,23,25,40,41,42,47,50,51,55,58,85,91,92" machi="23" ten="40,5200,0" yaku="8,1,52,2" doraHai="44" who="0" fromWho="3" sc="333,52,406,0,165,0,96,-52" owari="385,19.0,406,50.0,165,-23.0,44,-46.0" /></mjloggm>