<mjloggm ver="2.3"><GO type="169" lobby="0"/><UN n0="%E3%81%84%E3%81%9F%E3%83%92%E3%83%AD" n1="%E3%82%A6%E3%83%AB%E3%83%88%E3%83%A9%E7%AB%8B%E7%9B%B4" n2="%4E%57%43" n3="%E3%81%8A%E3%81%98%E3%81%95%E3%82%93" dan="16,18,16,17" rate="2142.81,2197.15,2046.40,2101.23" sx="M,M,M,M"/><TAIKYOKU oya="0"/><INIT seed="0,0,0,2,0,36" ten="250,250,250,250" oya="0" hai0="81,37,92,28,25,105,42,84,53,11,34,59,51" hai1="29,22,27,74,116,64,43,114,88,109,24,69,87" hai2="124,126,35,6,99,60,7,20,107,70,5,129,57" hai3="127,76,9,96,111,46,10,97,115,72,61,122,79"/><T33/><D105/><U62/><E116/><V108/><F35/><W30/><G115/><T95/><D34/><U78/><E114/><V49/><F108/><W73/><G61/><T123/><D123/><U68/><E109/><V77/><F77/><W103/><G111/><T85/><D85/><U135/><E135/><V45/><F70/><W15/><G15/><T23/><D33/><U82/><E27/><V94/><F20/><W86/><G86/><T19/><D37/><U14/><E14/><V67/><F107/><W106/><G106/><T41/><D11/><U118/><E118/><V58/><F58/><W1/><G46/><T56/><D28/><U2/><E2/><V75/><F75/><W40/><G1/><T121/><D121/><U93/><REACH who="1" step="1"/><E69/><REACH who="1" ten="250,240,250,250" step="2"/><V39/><F129/><W98/><G122/><T38/><D38/><U80/><E80/><V32/><F39/><W26/><G26/><T66/><D66/><U110/><E110/><V120/><F120/><W65/><G65/><T31/><D31/><U8/><E8/><V117/><F117/><W134/><G30/><T18/><D18/><U48/><E48/><V54/><REACH who="2" step="1"/><F32/><REACH who="2" ten="250,240,240,250" step="2"/><W3/><G9/><T119/><D119/><U12/><E12/><V89/><AGARI ba="0,2" hai="5,6,7,45,49,54,57,60,67,89,94,99,124,126" machi="89" ten="30,8000,1" yaku="1,1,2,1,0,1,53,2" doraHai="36" doraHaiUra="132" who="2" fromWho="2" sc="250,-40,240,-20,240,100,250,-20" /><INIT seed="1,0,0,5,5,88" ten="210,220,340,230" oya="1" hai0="71,124,76,78,85,90,130,65,60,10,4,63,128" hai1="34,52,45,25,1,55,86,109,13,93,123,126,6" hai2="16,27,105,95,36,116,66,35,64,129,83,112,100" hai3="61,81,107,31,72,101,42,75,37,89,20,134,125"/><U94/><E1/><V102/><F116/><W38/><G61/><T127/><D63/><U51/><E123/><V59/><F36/><W67/><G67/><T69/><D69/><U91/><E126/><V106/><F83/><W12/><G12/><T79/><D10/><N who="1" m="4311" /><E34/><V44/><F44/><W18/><G31/><T26/><D26/><U104/><E104/><V5/><F5/><W8/><G8/><T0/><D0/><U99/><E109/><V77/><F77/><W135/><G42/><T82/><REACH who="0" step="1"/><D4/><REACH who="0" ten="200,220,340,230" step="2"/><U14/><E25/><V33/><F27/><W122/><G125/><AGARI ba="0,1" hai="60,65,71,76,78,79,82,85,90,124,125,127,128,130" machi="125" ten="40,5200,0" yaku="1,1,2,1,18,1,53,0" doraHai="88" doraHaiUra="70" who="0" fromWho="3" sc="200,62,220,0,340,0,230,-52" /><INIT seed="2,0,0,4,4,128" ten="262,220,340,178" oya="2" hai0="105,85,35,132,39,106,120,7,99,103,41,109,131" hai1="60,113,25,48,49,52,94,133,96,81,38,24,1" hai2="110,19,15,55,13,107,2,71,98,8,10,124,76" hai3="67,83,129,88,61,22,77,53,92,42,20,75,34"/><V54/><F71/><W87/><G129/><T89/><D106/><U93/><E38/><V116/><F116/><W66/><G34/><T47/><D35/><U23/><E1/><V127/><F76/><W17/><G42/><T0/><D120/><U122/><E113/><V126/><F2/><W26/><G53/><T73/><D73/><U69/><E122/><V16/><F110/><W44/><G44/><T3/><D109/><U90/><E81/><V30/><F30/><W64/><REACH who="3" step="1"/><G22/><REACH who="3" ten="262,220,340,168" step="2"/><T59/><D131/><U130/><E130/><V125/><N who="2" m="31744" /><DORA hai="50" /><V56/><REACH who="2" step="1"/><F56/><AGARI ba="0,1" hai="17,20,26,56,61,64,66,67,75,77,83,87,88,92" machi="56" ten="30,3900,0" yaku="1,1,7,1,54,1,53,0" doraHai="128,50" doraHaiUra="6,134" who="3" fromWho="2" sc="262,0,220,0,340,-39,168,49" /><INIT seed="3,0,0,2,5,85" ten="262,220,301,217" oya="3" hai0="106,81,93,51,96,55,8,10,52,62,24,111,56" hai1="113,13,20,131,18,59,25,121,6,125,130,58,12" hai2="5,133,65,3,28,26,68,103,16,118,66,48,63" hai3="14,2,50,127,90,27,78,43,21,31,32,70,1"/><W60/><G127/><T11/><D106/><U120/><E59/><V0/><F118/><W94/><G78/><T37/><D37/><U23/><E58/><V124/><F133/><W84/><G43/><T17/><D81/><U54/><E54/><V116/><F116/><W135/><G50/><T99/><D111/><U89/><E89/><V64/><F124/><W123/><G135/><T47/><D99/><U134/><E134/><V129/><F129/><N who="1" m="49161" /><E113/><V46/><F103/><W119/><G123/><T107/><D107/><U74/><E74/><V108/><F108/><W104/><G104/><T122/><D122/><U38/><E38/><V73/><F73/><W112/><G112/><T35/><D35/><U128/><E125/><V39/><F0/><W4/><G119/><T42/><D24/><U75/><E75/><V80/><F39/><W100/><G100/><T22/><D22/><U102/><E102/><V57/><F68/><W40/><G40/><T110/><D110/><U53/><E53/><V83/><F3/><W132/><G132/><T41/><D17/><N who="1" m="10287" /><E128/><V36/><F36/><W97/><G97/><T77/><D77/><U79/><E79/><V29/><F65/><N who="3" m="41255" /><G21/><T117/><D117/><U72/><E72/><V87/><F64/><W15/><G1/><T98/><D98/><U33/><E33/><V76/><F76/><W109/><G109/><T91/><AGARI ba="0,0" hai="8,10,11,41,42,47,51,52,55,56,62,91,93,96" machi="91" ten="30,7900,0" yaku="0,1,8,1,52,1,54,1" doraHai="85" who="0" fromWho="0" sc="262,79,220,-20,301,-20,217,-39" /><INIT seed="4,0,0,0,5,34" ten="341,200,281,178" oya="0" hai0="3,100,99,90,129,84,135,78,107,92,112,117,69" hai1="62,81,53,66,32,93,31,19,75,109,101,12,40" hai2="51,14,16,45,60,133,8,82,80,74,87,94,20" hai3="97,30,43,83,106,72,105,10,57,124,91,103,128"/><T23/><D69/><U48/><E109/><V64/><F133/><W47/><G124/><T1/><D117/><U9/><E40/><V130/><F74/><W42/><G128/><T77/><D135/><U65/><E32/><V108/><F130/><W41/><G106/><T26/><D129/><U73/><E31/><V46/><F108/><W71/><G71/><T118/><D118/><U38/><E38/><V68/><F45/><W2/><G30/><T115/><D78/><U4/><E81/><V125/><F125/><W85/><G57/><T21/><D77/><U27/><E93/><V35/><F35/><W52/><G72/><T54/><D54/><U44/><E101/><V7/><F94/><W29/><G29/><N who="0" m="17615" /><D23/><U86/><E86/><V134/><F87/><W24/><G24/><T104/><D104/><U113/><E113/><AGARI ba="0,0" hai="1,3,84,90,92,99,100,107,112,113,115" m="17615" machi="113" ten="30,5800,0" yaku="15,1,52,2" doraHai="34" who="0" fromWho="1" sc="341,58,200,-58,281,0,178,0" /><INIT seed="4,1,0,5,1,45" ten="399,142,281,178" oya="0" hai0="119,23,14,79,132,85,113,75,57,125,15,52,83" hai1="93,39,48,7,27,21,106,112,47,92,53,97,43" hai2="22,61,69,116,115,8,63,18,100,44,72,3,90" hai3="84,91,16,134,10,128,55,41,40,76,1,37,78"/><T12/><D119/><U71/><E71/><V130/><F72/><W58/><G128/><T51/><D113/><U29/><E112/><V86/><F100/><W6/><G134/><T42/><D132/><U99/><E7/><V25/><F115/><W68/><G68/><T32/><D32/><U0/><E0/><V49/><F69/><W70/><G70/><T17/><D125/><U60/><E60/><V87/><F87/><W59/><G59/><T65/><D65/><U124/><E124/><V102/><F102/><W64/><G64/><T50/><D75/><U36/><E106/><V5/><F130/><W26/><G37/><T81/><D81/><U13/><E13/><N who="0" m="5225" /><D42/><U73/><E73/><V127/><F116/><W118/><G118/><T129/><D129/><U96/><REACH who="1" step="1"/><E39/><REACH who="1" ten="399,132,281,178" step="2"/><V54/><REACH who="2" step="1"/><F127/><REACH who="2" ten="399,132,271,178" step="2"/><W121/><G6/><T66/><D66/><U135/><E135/><V103/><F103/><W133/><G133/><T120/><D120/><U104/><E104/><V34/><F34/><W19/><G121/><T105/><D105/><U62/><E62/><AGARI ba="1,2" hai="15,17,23,50,51,52,57,62,79,83,85" m="5225" machi="62" ten="30,11600,0" yaku="8,1,52,2,54,1" doraHai="45" who="0" fromWho="1" sc="399,139,132,-119,271,0,178,0" /><INIT seed="4,2,0,4,5,16" ten="538,13,271,178" oya="0" hai0="45,96,39,123,76,64,131,17,111,58,116,27,115" hai1="79,118,57,135,133,65,78,75,48,122,24,89,23" hai2="112,50,108,74,15,53,68,63,72,80,125,129,88" hai3="9,87,6,5,11,100,43,128,10,81,55,113,31"/><T59/><D116/><U56/><E122/><V18/><F108/><W33/><G113/><T84/><D123/><U52/><E118/><V54/><F112/><W26/><G128/><T126/><D115/><U109/><E109/><V61/><F129/><W62/><G43/><T104/><D131/><U98/><E75/><V92/><F125/><W36/><G36/><T119/><D119/><U20/><E135/><V47/><F80/><W28/><G28/><T14/><D126/><U130/><E130/><V93/><F93/><W37/><G37/><T69/><D69/><U2/><E2/><V114/><F114/><W70/><G100/><T60/><D27/><U120/><E133/><V91/><F91/><W7/><G55/><T105/><D111/><U127/><E127/><V19/><F63/><W66/><REACH who="3" step="1"/><G11/><REACH who="3" ten="538,13,271,168" step="2"/><T103/><D39/><U34/><E120/><V95/><F54/><W134/><G134/><T22/><D45/><U82/><E34/><V77/><F47/><W44/><G44/><T106/><D58/><U94/><E82/><V35/><F68/><W85/><G85/><T101/><D101/><U102/><E102/><V67/><F72/><W49/><G49/><T73/><D73/><U13/><E13/><V25/><F74/><W42/><G42/><T21/><D106/><U86/><E86/><V71/><F50/><W83/><G83/><N who="0" m="47207" /><D105/><U38/><E38/><V30/><F71/><W99/><G99/><T97/><D97/><U29/><REACH who="1" step="1"/><E23/><REACH who="1" ten="538,3,271,168" step="2"/><V0/><F35/><W3/><G3/><T46/><D22/><U8/><E8/><V32/><F0/><RYUUKYOKU ba="2,2" sc="538,10,3,10,271,-30,168,10" hai0="14,17,21,46,59,60,64,96,103,104" hai1="20,24,29,48,52,56,57,65,78,79,89,94,98" hai3="5,6,7,9,10,26,31,33,62,66,70,81,87" /><INIT seed="4,3,2,4,2,25" ten="548,13,241,178" oya="0" hai0="10,129,32,126,42,14,3,120,24,16,132,71,83" hai1="128,37,17,118,11,80,57,124,67,96,48,64,92" hai2="12,4,56,45,73,43,21,102,1,78,81,97,23" hai3="33,27,9,29,113,75,94,99,130,54,86,74,26"/><T62/><D120/><U59/><E37/><N who="2" m="21743" /><F12/><W28/><G130/><T116/><D129/><U53/><E118/><V7/><F7/><W72/><G113/><T109/><D116/><U121/><E121/><V2/><F56/><W119/><G119/><T39/><D132/><U111/><E111/><V61/><F61/><W38/><G38/><T123/><D126/><U63/><E124/><V44/><F44/><W91/><G54/><T115/><D123/><U125/><E125/><V90/><F90/><W55/><G55/><T84/><D115/><U127/><E127/><V103/><F1/><W110/><G110/><T85/><D109/><U34/><E34/><V100/><F97/><W46/><G46/><T49/><D39/><U106/><E128/><V58/><F58/><W13/><G99/><T69/><D85/><U117/><E117/><V82/><F82/><W30/><REACH who="3" step="1"/><G33/><REACH who="3" ten="548,13,241,168" step="2"/><T47/><D62/><U36/><E36/><V131/><F131/><W41/><G41/><T104/><D104/><U35/><E35/><V88/><F88/><W6/><AGARI ba="3,3" hai="6,9,13,26,27,28,29,30,72,74,75,86,91,94" machi="6" ten="40,12000,2" yaku="1,1,0,1,52,3,53,1" doraHai="25" doraHaiUra="8" who="3" fromWho="3" sc="548,-63,13,-33,241,-33,168,159" owari="485,58.0,-20,-52.0,208,-19.0,327,13.0" /></mjloggm>