<mjloggm ver="2.3"><GO type="233" lobby="0"/><UN n0="%E4%BF%BA%54%55%45%45%45%45%45" n1="%E3%82%A6%E3%83%AB%E3%83%88%E3%83%A9%E7%AB%8B%E7%9B%B4" n2="%6E%61%6B%61%6A%75%75%6E" n3="%E3%81%A8%E3%82%82%E3%81%8D%E3%82%85%E3%82%93%E2%99%AA" dan="17,18,17,16" rate="2113.64,2190.99,2245.81,2109.48" sx="F,M,M,F"/><TAIKYOKU oya="0"/><INIT seed="0,0,0,0,0,2" ten="250,250,250,250" oya="0" hai0="16,107,99,73,50,75,85,83,101,60,7,41,36" hai1="28,74,79,86,97,47,94,6,114,46,131,113,33" hai2="76,88,91,17,122,126,59,56,66,55,95,87,123" hai3="100,102,13,37,14,54,69,11,111,52,120,90,108"/><T96/><D36/><U67/><E74/><V32/><F32/><W53/><G69/><T38/><D38/><U43/><E67/><V81/><F126/><W21/><G37/><T116/><D116/><U65/><E65/><V57/><F66/><W119/><G119/><T44/><D60/><U0/><E28/><V109/><F109/><N who="3" m="42059" /><G120/><T45/><D45/><U105/><E33/><V8/><F91/><W1/><G1/><T118/><D118/><U19/><E19/><V112/><F112/><W35/><G35/><T129/><D129/><U15/><E15/><V72/><REACH who="2" step="1"/><F55/><REACH who="2" ten="250,250,240,250" step="2"/><W12/><G90/><T48/><D101/><N who="3" m="39017" /><G21/><T115/><D115/><U30/><E114/><V128/><F128/><W89/><G89/><T3/><D99/><U77/><E97/><V64/><F64/><W132/><G132/><T134/><D96/><U49/><E113/><V93/><F93/><W71/><G71/><T61/><D134/><U5/><E94/><V62/><F62/><W117/><G117/><T104/><D61/><U68/><E68/><V70/><F70/><W42/><G42/><T26/><D41/><U23/><E43/><V80/><F80/><W130/><G130/><T133/><D83/><U98/><E98/><V121/><F121/><W58/><G11/><T125/><D133/><U110/><E131/><V34/><F34/><W51/><AGARI ba="0,1" hai="12,13,14,51,52,53,54,58" m="39017,42059" machi="51" ten="40,2700,0" yaku="14,1,54,1" doraHai="2" who="3" fromWho="3" sc="250,-13,250,-7,240,-7,250,37" /><INIT seed="1,0,0,2,0,67" ten="237,243,233,287" oya="1" hai0="45,86,123,83,134,81,56,12,34,60,42,0,19" hai1="6,58,82,8,124,9,108,76,35,133,20,37,13" hai2="17,96,100,132,47,64,66,25,40,28,65,22,32" hai3="62,14,33,61,39,43,4,120,50,30,135,105,99"/><U115/><E37/><V41/><F132/><W78/><G39/><T129/><D134/><U5/><E35/><V44/><F44/><W74/><G135/><T68/><D0/><U2/><E133/><V79/><F79/><W127/><G120/><T109/><D34/><U85/><E115/><V16/><F47/><W93/><G105/><T130/><D123/><U106/><E106/><V55/><F55/><W29/><G74/><T63/><D109/><U92/><E108/><V59/><F59/><W121/><G78/><T131/><D68/><U101/><E124/><V116/><F116/><W11/><G33/><T95/><D95/><U69/><E20/><V91/><F91/><W54/><G43/><T119/><D119/><U107/><E107/><V71/><F71/><W1/><G1/><T48/><D86/><U38/><E38/><V102/><F17/><W97/><G97/><T52/><REACH who="0" step="1"/><D63/><REACH who="0" ten="227,243,233,287" step="2"/><U46/><E69/><V94/><REACH who="2" step="1"/><F102/><REACH who="2" ten="227,243,223,287" step="2"/><W98/><G121/><T113/><D113/><U27/><E101/><V104/><F104/><W118/><G118/><T77/><D77/><U114/><E76/><V10/><F10/><AGARI ba="0,2" hai="10,12,19,42,45,48,52,56,60,81,83,129,130,131" machi="10" ten="40,5200,0" yaku="1,1,19,1,54,1,53,0" doraHai="67" doraHaiUra="3" who="0" fromWho="2" sc="227,72,243,0,223,-52,287,0" /><INIT seed="2,0,0,2,4,29" ten="299,243,171,287" oya="2" hai0="87,25,52,126,6,23,40,117,41,98,95,11,83" hai1="32,28,114,131,79,1,104,91,16,100,5,121,26" hai2="128,86,109,74,133,53,99,97,54,111,55,31,46" hai3="118,102,50,73,88,64,135,66,43,49,17,80,57"/><V84/><F74/><W58/><G118/><T2/><D126/><U124/><E79/><V8/><F133/><W68/><G135/><T108/><D108/><N who="2" m="41546" /><F128/><W27/><G102/><T36/><D36/><U106/><E124/><V12/><F31/><W127/><G73/><T96/><D117/><U22/><E100/><V65/><F65/><W115/><G115/><T3/><D3/><U37/><E37/><V90/><F46/><N who="3" m="25823" /><G68/><T120/><D98/><N who="2" m="37386" /><F90/><W71/><G71/><T9/><D40/><U122/><E114/><V77/><F77/><W134/><G134/><T21/><D41/><U123/><E91/><V70/><F70/><W35/><G127/><T94/><D120/><U45/><E131/><V72/><F72/><W119/><G119/><T82/><D96/><U89/><E89/><V0/><F0/><W101/><G88/><T34/><D2/><U105/><E45/><V132/><F132/><W112/><G66/><T103/><D103/><U92/><E92/><V60/><F60/><W107/><G64/><T39/><D95/><U38/><E38/><V59/><F59/><W69/><G112/><T42/><D94/><U10/><E106/><V113/><F113/><W76/><G69/><T116/><D39/><U15/><AGARI ba="0,0" hai="1,5,10,15,16,22,26,28,32,104,105,121,122,123" machi="15" ten="30,12000,2" yaku="0,1,24,2,13,1,52,1,54,1" doraHai="29" who="1" fromWho="1" sc="299,-30,243,120,171,-60,287,-30" /><INIT seed="3,0,0,5,4,67" ten="269,363,111,257" oya="3" hai0="114,88,5,82,30,103,80,115,40,96,98,52,49" hai1="89,119,59,83,108,35,129,0,18,95,130,70,107" hai2="22,79,56,105,63,124,120,127,81,8,78,50,24" hai3="101,19,16,28,9,54,125,37,1,58,41,111,74"/><W100/><G125/><N who="2" m="48201" /><F120/><W25/><G74/><T26/><D5/><U11/><E107/><V131/><F105/><W47/><G111/><T71/><D40/><U3/><E35/><V126/><N who="2" m="48209" /><V15/><DORA hai="13" /><F50/><W110/><G110/><T45/><D71/><U48/><E70/><V68/><F68/><W32/><G1/><T113/><D103/><U42/><E83/><N who="0" m="31785" /><D88/><U60/><E119/><V21/><F131/><W34/><G34/><AGARI ba="0,0" hai="26,30,34,45,49,52,96,98,113,114,115" m="31785" machi="34" ten="30,2000,0" yaku="11,1,54,1" doraHai="67,13" who="0" fromWho="3" sc="269,20,363,0,111,0,257,-20" /><INIT seed="4,0,0,2,0,73" ten="289,363,111,237" oya="0" hai0="34,103,130,113,60,27,105,50,82,52,131,40,21" hai1="90,49,18,94,119,66,30,25,132,61,78,70,99" hai2="3,97,64,33,118,57,114,37,28,15,13,72,8" hai3="56,86,101,2,47,96,121,92,124,122,125,88,7"/><T87/><D113/><U134/><E119/><V62/><F37/><W58/><G47/><T106/><D60/><U129/><E49/><V14/><F114/><W12/><G2/><T59/><D40/><U81/><E18/><V71/><F118/><W51/><G7/><T55/><D55/><U133/><E129/><N who="0" m="49161" /><D34/><U89/><E94/><V68/><F97/><W4/><G4/><T69/><D69/><U95/><E95/><V29/><F3/><W108/><G108/><T102/><D106/><U112/><E99/><V43/><F43/><W98/><G98/><T127/><D127/><N who="3" m="48713" /><G12/><T45/><D45/><U76/><E112/><V116/><F116/><W123/><G51/><T48/><D50/><U32/><E78/><V111/><F111/><W120/><G120/><T93/><D93/><AGARI ba="0,0" hai="56,58,86,88,92,93,96,101,121,122,123" m="48713" machi="93" ten="40,5200,0" yaku="13,1,18,1,54,1" doraHai="73" who="3" fromWho="0" sc="289,-52,363,0,111,0,237,52" /><INIT seed="5,0,0,5,3,103" ten="237,363,111,289" oya="1" hai0="132,24,67,113,59,45,109,11,29,41,68,21,121" hai1="10,70,38,25,94,7,129,19,134,76,4,130,73" hai2="107,61,80,128,53,89,31,84,88,114,117,56,22" hai3="123,43,30,36,118,92,122,65,90,112,46,33,51"/><U126/><E38/><V74/><F117/><W39/><G112/><T8/><D109/><U120/><E70/><V23/><F114/><W78/><G78/><T124/><D113/><U119/><E73/><V77/><F128/><W79/><G79/><T5/><D68/><U82/><E94/><V27/><F107/><W42/><G65/><T133/><D124/><U64/><E82/><V75/><F75/><W106/><G106/><T57/><D121/><U81/><E81/><V1/><F1/><W13/><G118/><T96/><D96/><U34/><E64/><V9/><F9/><N who="0" m="3658" /><D5/><U48/><E76/><V110/><F110/><W115/><G115/><T91/><D91/><U87/><E87/><V3/><F3/><W6/><G33/><T83/><D83/><U35/><E10/><V108/><F108/><W60/><G6/><T32/><D32/><U40/><E119/><V58/><F74/><W50/><G39/><T37/><D67/><U20/><E120/><V28/><F58/><W97/><G36/><T99/><D99/><U71/><E71/><V72/><F72/><W93/><G122/><T100/><D100/><U2/><E2/><V54/><F54/><W26/><G123/><T86/><D86/><U69/><E69/><V63/><F63/><W101/><G60/><T0/><D0/><U12/><E126/><V66/><F66/><W47/><G101/><T52/><D52/><U111/><E111/><V16/><F31/><W44/><G92/><T105/><D105/><U95/><E130/><V127/><F127/><W131/><G131/><T85/><D85/><RYUUKYOKU ba="0,0" sc="237,15,363,-15,111,15,289,-15" hai0="21,24,29,37,41,45,57,59,132,133" hai2="16,22,23,27,28,53,56,61,77,80,84,88,89" /><INIT seed="6,1,0,5,1,0" ten="252,348,126,274" oya="2" hai0="46,106,75,21,80,101,1,42,8,102,69,67,94" hai1="93,3,107,20,91,57,30,76,29,90,64,130,82" hai2="97,68,98,132,62,112,50,36,66,19,84,6,9" hai3="89,14,16,74,122,22,78,40,37,60,87,7,24"/><V124/><F36/><W48/><G37/><N who="0" m="21839" /><D21/><U35/><E107/><V27/><F112/><W39/><G39/><T83/><D80/><U108/><E3/><V34/><F124/><W123/><G74/><T10/><D8/><U103/><E35/><V33/><F132/><W26/><G60/><N who="0" m="40167" /><D94/><U52/><E64/><V51/><F34/><W131/><G131/><T18/><D18/><U113/><E113/><V99/><F84/><W71/><G78/><N who="0" m="44511" /><D106/><U11/><E11/><V25/><F25/><W129/><G129/><T63/><D63/><U88/><E20/><V134/><F134/><W44/><G26/><T58/><D58/><U125/><E125/><V81/><F81/><W111/><G71/><T65/><D65/><U118/><E130/><V61/><F61/><W2/><G111/><T116/><D116/><U53/><E53/><V32/><F32/><W77/><G122/><T86/><D86/><N who="1" m="48455" /><E118/><V79/><F79/><W73/><G77/><T45/><D45/><U15/><E15/><V110/><F110/><W117/><G73/><T23/><D23/><U121/><E121/><V126/><F126/><W17/><G117/><T114/><D114/><U49/><E108/><V56/><F68/><W55/><G123/><T70/><D70/><U119/><E119/><V115/><F115/><W127/><G127/><T109/><D109/><U13/><E13/><N who="2" m="5303" /><F33/><W41/><G2/><T120/><D120/><U92/><E92/><V105/><F105/><W133/><G133/><T95/><D95/><U31/><E93/><V43/><F43/><W4/><G41/><T5/><AGARI ba="1,0" hai="1,5,10,101,102" m="44511,40167,21839" machi="5" ten="30,4000,0" yaku="5,1,25,1,52,1" doraHai="0" who="0" fromWho="0" sc="252,43,348,-11,126,-21,274,-11" /><INIT seed="7,0,0,5,5,11" ten="295,337,105,263" oya="3" hai0="50,34,104,84,5,12,94,60,48,19,52,67,77" hai1="0,3,49,31,26,73,93,123,135,4,109,114,85" hai2="15,25,125,53,6,8,38,17,75,119,118,21,35" hai3="66,71,28,43,76,91,41,9,74,7,10,30,72"/><W117/><G117/><T79/><D104/><U64/><E73/><V98/><F38/><W133/><G91/><N who="0" m="53607" /><D34/><U113/><E4/><V108/><F75/><W24/><G7/><T37/><D37/><U27/><E64/><V51/><F108/><W47/><G66/><T54/><D67/><U107/><E107/><V56/><F125/><W36/><G36/><T20/><D60/><U115/><E109/><V106/><F106/><W99/><G99/><T134/><D134/><U88/><E135/><V92/><F35/><W33/><G33/><T100/><D100/><U14/><E123/><V65/><F65/><W70/><G47/><N who="0" m="27679" /><D5/><U2/><E49/><V128/><F128/><W122/><G122/><T105/><D105/><U42/><E42/><V130/><F130/><W131/><G131/><T16/><D19/><U95/><E31/><V62/><REACH who="2" step="1"/><F51/><REACH who="2" ten="295,337,95,263" step="2"/><W18/><G74/><T69/><D69/><U57/><E114/><V63/><F63/><W129/><G72/><T22/><D22/><U40/><E115/><V13/><F13/><W1/><G71/><T86/><D86/><U110/><E14/><V23/><F23/><W39/><G70/><T46/><AGARI ba="0,1" hai="12,16,20,46,50,54,77,79" m="27679,53607" machi="46" ten="30,7900,0" yaku="8,1,52,1,54,2" doraHai="11" who="0" fromWho="0" sc="295,89,337,-20,95,-20,263,-39" owari="384,48.0,317,12.0,75,-42.0,224,-18.0" /></mjloggm>