<mjloggm ver="2.3"><GO type="169" lobby="0"/><UN n0="%64%64%6D%75" n1="%E7%B4%94%EF%BC%93%E9%BE%8D%E9%96%80" n2="%E6%9A%B4%E6%B0%B4%E3%81%AF%E5%BD%B9%E6%BA%80%E5%B8%9D" n3="%E5%B0%B1%E6%B4%BB%E7%94%9F%40%E5%B7%9D%E6%9D%91%E8%BB%8D%E5%9B%A3" dan="16,17,16,18" rate="2080.77,2152.48,2035.59,2284.52" sx="M,F,M,M"/><TAIKYOKU oya="0"/><INIT seed="0,0,0,4,3,95" ten="250,250,250,250" oya="0" hai0="89,110,57,63,90,44,106,11,24,124,87,5,108" hai1="19,122,23,21,17,31,113,129,50,118,3,123,96" hai2="64,94,78,51,98,84,46,22,117,56,105,99,79" hai3="28,2,20,127,67,82,85,15,104,43,68,111,71"/><T10/><D106/><U8/><E50/><V116/><F105/><W83/><G2/><T60/><D124/><U32/><E96/><N who="2" m="36907" /><F22/><N who="1" m="8201" /><E118/><N who="2" m="45675" /><F94/><W75/><G83/><T59/><D24/><U40/><E40/><N who="2" m="25031" /><F84/><W135/><G85/><T62/><D87/><U86/><E86/><V81/><F81/><W7/><G20/><T9/><D110/><U36/><E32/><V16/><F16/><W119/><G82/><T12/><D108/><U4/><E19/><V48/><F48/><W35/><G35/><T120/><D120/><U66/><E17/><V49/><F49/><W102/><G104/><T103/><D103/><U13/><E122/><V34/><F34/><W1/><G102/><T0/><D0/><U47/><E3/><V112/><F112/><W126/><G1/><T45/><D5/><U30/><E4/><V88/><F88/><N who="0" m="33898" /><D12/><U73/><E13/><V69/><F69/><W53/><G15/><T131/><D131/><U18/><E129/><V100/><F100/><W80/><G7/><T92/><D92/><U29/><E123/><V77/><F77/><W132/><G80/><T101/><D101/><U27/><E113/><V133/><F133/><W42/><G111/><T70/><D70/><U114/><E114/><V134/><F134/><W65/><G119/><T25/><D25/><U61/><E27/><V26/><F26/><W107/><G107/><T38/><D38/><U97/><E36/><V91/><F91/><W128/><G128/><T121/><D121/><U74/><E18/><V33/><F33/><W14/><G71/><T54/><D63/><AGARI ba="0,0" hai="56,63,64,78,79" m="25031,45675,36907" machi="63" ten="30,7700,0" yaku="12,1,52,3" doraHai="95" who="2" fromWho="0" sc="250,-77,250,0,250,77,250,0" /><INIT seed="1,0,0,0,5,33" ten="173,250,327,250" oya="1" hai0="94,61,115,100,36,79,103,65,54,82,1,125,47" hai1="81,28,110,46,123,42,85,63,26,8,129,3,104" hai2="57,72,112,24,107,62,69,9,4,86,83,89,106" hai3="117,70,92,121,58,49,87,75,2,132,90,120,30"/><U97/><E123/><V29/><F69/><W7/><G70/><T18/><D115/><U38/><E110/><V16/><F72/><W66/><G75/><T113/><D113/><U91/><E129/><V31/><F112/><W130/><G130/><T20/><D125/><U96/><E63/><V127/><F127/><W98/><G132/><T84/><D1/><U22/><REACH who="1" step="1"/><E104/><REACH who="1" ten="173,240,327,250" step="2"/><V122/><F106/><W93/><G120/><T43/><D54/><U48/><E48/><V76/><F107/><W6/><G49/><T101/><D61/><U124/><E124/><V27/><F122/><W108/><G108/><T53/><D53/><U41/><E41/><V15/><F62/><W39/><G121/><T126/><D126/><U116/><E116/><V118/><F118/><W5/><G117/><T35/><D65/><U133/><E133/><V88/><F57/><W109/><G109/><T17/><D43/><U56/><E56/><V68/><F68/><W80/><G58/><T95/><D36/><U111/><E111/><V134/><F134/><W64/><G39/><T119/><D119/><U73/><E73/><V71/><F71/><W13/><G66/><T59/><D59/><U102/><E102/><V51/><F51/><W99/><G64/><T32/><D101/><U55/><E55/><V44/><F44/><W78/><G30/><T131/><D47/><U128/><E128/><V14/><F29/><W77/><G93/><T60/><D131/><U23/><E23/><N who="2" m="11671" /><F31/><W0/><G92/><T34/><D95/><U135/><E135/><V37/><F37/><W67/><G67/><RYUUKYOKU ba="0,1" sc="173,-15,240,15,327,15,250,-15" hai1="3,8,22,26,28,38,42,46,81,85,91,96,97" hai2="4,9,15,24,27,76,83,86,88,89" /><INIT seed="1,1,1,5,0,116" ten="158,255,342,235" oya="1" hai0="103,71,130,23,7,82,24,13,132,33,15,14,79" hai1="107,133,55,43,42,95,134,108,49,120,94,59,114" hai2="83,39,2,10,85,21,16,115,123,11,84,117,97" hai3="35,80,50,109,26,56,6,127,46,125,67,48,111"/><U73/><E114/><V88/><F117/><W54/><G6/><T45/><D71/><U68/><E107/><V25/><F39/><W32/><G80/><T118/><D118/><U70/><E73/><V27/><F123/><W119/><G119/><T110/><D103/><U52/><E108/><N who="3" m="41546" /><G26/><T113/><D110/><U37/><E120/><V12/><F97/><W1/><G1/><T22/><D113/><U17/><E17/><V105/><F105/><W51/><G32/><T102/><D102/><U8/><E8/><N who="2" m="3115" /><F2/><W126/><G35/><T69/><D69/><N who="1" m="26731" /><E95/><N who="2" m="54663" /><F115/><W90/><G90/><AGARI ba="1,1" hai="12,16,21,25,27,83,85,90" m="54663,3115" machi="90" ten="30,3900,0" yaku="8,1,54,2" doraHai="116" who="2" fromWho="3" sc="158,0,255,0,342,52,235,-42" /><INIT seed="2,0,0,0,1,83" ten="158,255,394,193" oya="2" hai0="41,115,109,51,23,128,38,121,67,103,134,124,123" hai1="62,70,69,30,96,16,133,120,4,87,84,132,90" hai2="56,85,60,52,135,107,15,91,129,9,66,130,57" hai3="74,35,58,33,25,82,0,106,127,44,76,7,47"/><V18/><F107/><W22/><G106/><T55/><D23/><U46/><E120/><V77/><F77/><W39/><G127/><T28/><D28/><U17/><E4/><V94/><REACH who="2" step="1"/><F135/><REACH who="2" ten="158,255,384,193" step="2"/><W1/><G76/><T125/><D134/><U75/><E133/><V100/><F100/><W89/><G74/><T105/><D103/><U34/><E75/><V64/><F64/><W37/><G89/><T14/><D105/><U20/><E132/><V36/><F36/><W118/><G39/><T119/><D67/><U24/><E90/><V63/><AGARI ba="0,1" hai="9,15,18,52,56,57,60,63,66,85,91,94,129,130" machi="63" ten="30,11700,0" yaku="1,1,0,1,52,1,54,1,53,0" doraHai="83" doraHaiUra="102" who="2" fromWho="2" sc="158,-39,255,-39,384,127,193,-39" /><INIT seed="2,1,0,4,5,124" ten="119,216,511,154" oya="2" hai0="85,75,92,9,58,111,106,41,17,7,40,59,128" hai1="55,60,57,65,31,29,131,42,135,38,77,35,49" hai2="109,24,48,50,47,25,123,80,107,15,82,126,37" hai3="56,127,116,67,28,108,119,6,69,90,79,78,91"/><V45/><F126/><W53/><G127/><T10/><D75/><U11/><E135/><V54/><F107/><W115/><G69/><T112/><D106/><U97/><E77/><V64/><F123/><W76/><G67/><T44/><D112/><U73/><E73/><V102/><F102/><W121/><G121/><T8/><D128/><U34/><E97/><V94/><F94/><W113/><G28/><T52/><D111/><U130/><E11/><V95/><F95/><W114/><G6/><T132/><D132/><U13/><E13/><V96/><F96/><W0/><G0/><T84/><D7/><U18/><E18/><V5/><F37/><W61/><REACH who="3" step="1"/><G108/><REACH who="3" ten="119,216,511,144" step="2"/><T70/><D70/><N who="1" m="42279" /><E29/><V21/><F64/><W4/><G4/><T32/><D17/><U1/><E1/><V129/><F109/><W81/><G81/><T66/><D66/><U46/><E31/><V27/><F129/><AGARI ba="1,1" hai="34,35,38,42,46,49,55,57,129,130,131" m="42279" machi="129" ten="30,8000,1" yaku="24,1,19,1,52,3" doraHai="124" who="1" fromWho="2" sc="119,0,216,93,511,-83,144,0" /><INIT seed="3,0,0,4,3,101" ten="119,309,428,144" oya="3" hai0="17,53,25,38,36,103,110,104,16,95,79,49,125" hai1="47,82,87,41,30,35,5,13,11,58,43,56,59" hai2="29,132,107,133,14,128,76,91,83,108,32,75,22" hai3="74,65,130,96,118,62,64,6,98,34,27,23,71"/><W90/><G118/><T99/><D110/><U117/><E117/><V116/><F116/><W50/><G130/><T124/><D79/><U52/><E35/><V86/><F128/><W39/><G39/><T68/><D68/><U129/><E30/><V40/><F108/><W15/><G74/><T94/><D94/><U70/><E70/><V8/><F32/><W3/><G65/><T92/><D92/><U111/><E111/><V102/><F40/><W20/><G50/><T72/><D72/><U78/><REACH who="1" step="1"/><E129/><REACH who="1" ten="119,299,428,144" step="2"/><V109/><F109/><W55/><G34/><T61/><D125/><U131/><E131/><V10/><F29/><W26/><G71/><T81/><D124/><U63/><E63/><V93/><F132/><W122/><G62/><T44/><D61/><U135/><E135/><V12/><F133/><W73/><G122/><T4/><D38/><U33/><E33/><V112/><F112/><W42/><G64/><T114/><D36/><U121/><E121/><V28/><F28/><W21/><G27/><T18/><D25/><U69/><E69/><V115/><F115/><W126/><G26/><T31/><D114/><U119/><E119/><V67/><F67/><W19/><G126/><T84/><D31/><U127/><E127/><V60/><F60/><W106/><G3/><T1/><D1/><U24/><E24/><V97/><F14/><W48/><G15/><T88/><D4/><U37/><E37/><V0/><F0/><W100/><G6/><T113/><D113/><U9/><E9/><V46/><F8/><W89/><G21/><T66/><D66/><RYUUKYOKU ba="0,1" sc="119,15,299,15,428,-15,144,-15" hai0="16,17,18,44,49,53,81,84,88,95,99,103,104" hai1="5,11,13,41,43,47,52,56,58,59,78,82,87" /><INIT seed="4,1,1,3,4,55" ten="134,314,413,129" oya="0" hai0="126,60,94,48,132,89,46,134,26,77,124,68,65" hai1="37,38,102,121,73,23,76,52,64,99,97,62,115" hai2="118,50,101,30,51,2,16,116,40,131,81,14,84" hai3="32,114,5,88,103,12,128,13,120,0,107,129,31"/><T22/><D77/><U125/><E121/><V25/><F2/><W3/><G107/><T47/><D47/><U74/><E125/><N who="0" m="48233" /><D22/><U15/><E97/><V61/><F61/><W105/><G105/><T93/><D26/><U75/><E76/><N who="2" m="46119" /><F101/><W39/><G39/><T95/><D89/><U100/><E100/><V87/><F131/><N who="3" m="50251" /><G88/><T33/><D33/><U78/><E78/><V98/><F98/><W79/><G79/><T106/><D106/><U20/><E20/><N who="2" m="11287" /><F40/><AGARI ba="1,1" hai="40,46,48,60,65,68,93,94,95,132,134" m="48233" machi="40" ten="30,1500,0" yaku="18,1" doraHai="55" who="0" fromWho="2" sc="134,28,314,0,413,-18,129,0" /><INIT seed="4,2,0,5,5,86" ten="162,314,395,129" oya="0" hai0="94,39,110,43,53,12,8,49,1,30,73,107,3" hai1="98,96,97,21,82,129,10,16,117,83,35,36,50" hai2="69,72,89,11,38,78,102,109,108,101,57,122,13" hai3="31,47,40,55,58,123,7,119,2,14,84,79,51"/><T113/><D107/><U130/><E35/><V88/><F69/><W26/><G119/><T42/><D73/><U6/><E36/><V105/><F38/><W80/><G123/><T114/><D110/><N who="2" m="42602" /><F57/><W116/><G116/><T124/><D124/><U95/><E117/><V32/><F13/><W63/><G2/><N who="0" m="523" /><D39/><U54/><E95/><V24/><F24/><W74/><G74/><T81/><D81/><U56/><E10/><V133/><F32/><W93/><G93/><T127/><D127/><U44/><E6/><V125/><F11/><W20/><G14/><T91/><D30/><U104/><E104/><V25/><F25/><W4/><AGARI ba="2,0" hai="4,7,20,26,31,40,47,51,55,58,63,79,80,84" machi="4" ten="30,2000,0" yaku="0,1,8,1" doraHai="86" who="3" fromWho="3" sc="162,-12,314,-7,395,-7,129,26" /><INIT seed="5,0,0,2,2,105" ten="150,307,388,155" oya="1" hai0="94,128,55,72,65,46,113,27,2,133,52,23,77" hai1="25,58,19,108,81,15,70,24,62,71,4,33,63" hai2="76,0,56,131,38,130,109,132,134,115,61,103,119" hai3="135,85,67,89,34,129,17,36,101,35,54,127,123"/><U82/><E4/><V97/><F109/><W13/><G36/><T84/><D2/><U92/><E108/><V88/><F119/><W98/><G123/><T6/><D6/><U102/><E70/><V40/><F0/><W32/><G129/><N who="2" m="49161" /><F76/><W3/><G3/><T91/><D128/><U86/><E71/><V99/><F115/><W93/><G135/><T74/><D133/><N who="2" m="51306" /><F88/><W95/><G127/><T124/><D113/><U29/><E25/><V57/><F61/><W79/><G79/><T69/><D124/><U107/><E107/><N who="2" m="63983" /><F99/><W30/><G67/><T31/><D77/><U44/><E63/><V110/><F110/><W49/><G30/><T11/><D11/><U75/><E62/><V100/><F100/><W118/><G118/><T106/><D106/><U125/><E102/><V21/><F21/><W50/><REACH who="3" step="1"/><G54/><REACH who="3" ten="150,307,388,145" step="2"/><T120/><D55/><U83/><E29/><V68/><F68/><W51/><G51/><N who="0" m="28791" /><D120/><U9/><E125/><V28/><F28/><W43/><G43/><T122/><D122/><U37/><E37/><V5/><F40/><W60/><G60/><T87/><D65/><U20/><E33/><V121/><F38/><W42/><G42/><T1/><D1/><U78/><E78/><V26/><F121/><W117/><G117/><T64/><D64/><U8/><E8/><AGARI ba="0,1" hai="8,13,17,32,34,35,49,50,85,89,93,95,98,101" machi="8" ten="40,1300,0" yaku="1,1,53,0" doraHai="105" doraHaiUra="16" who="3" fromWho="1" sc="150,0,307,-13,388,0,145,23" /><INIT seed="6,0,0,1,1,9" ten="150,294,388,168" oya="2" hai0="65,131,52,19,18,93,102,10,59,6,89,22,69" hai1="75,72,23,61,53,8,56,55,27,60,49,120,96" hai2="11,29,32,50,88,58,16,67,125,104,76,35,123" hai3="117,39,115,79,103,133,132,62,110,99,33,21,40"/><V81/><F123/><W114/><G33/><T130/><D102/><U127/><E120/><V106/><F125/><W44/><G110/><T121/><D121/><U68/><E127/><V90/><F104/><W1/><G117/><T119/><D119/><U105/><E8/><V12/><F106/><N who="3" m="63871" /><G21/><T64/><D69/><U13/><E105/><V80/><F32/><W87/><G62/><N who="0" m="36199" /><D18/><U30/><E96/><V98/><F29/><W112/><G1/><T5/><D5/><U31/><E31/><V37/><F37/><W116/><G116/><T43/><D43/><U118/><E118/><V92/><F90/><W36/><G36/><T122/><D122/><U109/><E109/><V111/><F35/><W2/><G2/><N who="0" m="343" /><D65/><U57/><E68/><V17/><F76/><W126/><G126/><T38/><D64/><U24/><E49/><V74/><F74/><W97/><G97/><N who="0" m="57519" /><D38/><U51/><E51/><V135/><F111/><W100/><G100/><T3/><D3/><U20/><E24/><AGARI ba="0,0" hai="19,22,24,130,131" m="57519,343,36199" machi="24" ten="30,2000,0" yaku="25,1,54,1" doraHai="9" who="0" fromWho="1" sc="150,20,294,-20,388,0,168,0" /><INIT seed="7,0,0,4,2,67" ten="170,274,388,168" oya="3" hai0="71,44,0,45,100,118,77,113,80,74,109,13,135" hai1="110,78,73,65,121,2,92,91,55,17,35,42,128" hai2="111,103,106,20,88,95,127,61,120,62,70,83,46" hai3="43,29,48,63,32,101,114,76,89,72,131,34,90"/><W105/><G131/><T126/><D109/><U27/><E110/><V26/><F127/><W54/><G114/><T50/><D0/><U51/><E2/><V24/><F70/><W30/><G72/><T5/><D118/><U117/><E121/><V31/><F83/><W7/><G7/><T53/><D71/><U102/><E102/><V75/><F75/><W98/><G76/><T86/><D135/><U18/><E42/><V23/><F46/><W56/><G30/><T79/><D100/><U84/><E65/><V10/><F10/><W134/><G134/><T107/><D107/><U40/><E40/><V96/><F120/><W104/><G104/><T47/><D126/><U6/><E6/><V37/><F37/><W82/><G82/><T9/><D113/><U3/><E3/><V69/><F69/><W52/><G43/><T122/><D122/><U28/><E128/><V19/><F111/><W25/><REACH who="3" step="1"/><G34/><REACH who="3" ten="170,274,388,158" step="2"/><T116/><D116/><U49/><E117/><V81/><F81/><W15/><G15/><T1/><D1/><U66/><E73/><V60/><F106/><W119/><G119/><T39/><D74/><U97/><E78/><N who="0" m="29705" /><D39/><U123/><E123/><V108/><F108/><W85/><G85/><T38/><D38/><U58/><E84/><V112/><F112/><W8/><G8/><T87/><D80/><U4/><E4/><V132/><F132/><W21/><G21/><T16/><D5/><U133/><E133/><V41/><F41/><W14/><G14/><T130/><D130/><U36/><E36/><V93/><F95/><W64/><G64/><RYUUKYOKU ba="0,1" sc="170,10,274,-30,388,10,158,10" hai0="9,13,16,44,45,47,50,53,86,87" hai2="19,20,23,24,26,31,60,61,62,88,93,96,103" hai3="25,29,32,48,52,54,56,63,89,90,98,101,105" /><INIT seed="7,1,1,0,4,21" ten="180,244,398,168" oya="3" hai0="62,55,25,126,87,34,103,45,135,124,57,123,23" hai1="16,22,130,14,89,53,122,134,110,35,12,20,36" hai2="68,128,117,93,28,44,66,61,64,72,47,38,15" hai3="96,27,39,98,77,105,118,133,101,43,127,29,90"/><W106/><G118/><T112/><D123/><U95/><E110/><V73/><F117/><W41/><G127/><N who="0" m="48683" /><D112/><U102/><E122/><V11/><F128/><W3/><G133/><T88/><D135/><U7/><E35/><V111/><F111/><W26/><G3/><T50/><D103/><U91/><E36/><V52/><F66/><W131/><G131/><T4/><D4/><U59/><E130/><V69/><F69/><W84/><G77/><T67/><D34/><U42/><E42/><V9/><F9/><W76/><G76/><T81/><D23/><U70/><E70/><V85/><F28/><W6/><G6/><T120/><D120/><U75/><E75/><V78/><F38/><W109/><G109/><T125/><D125/><U0/><E0/><V94/><F44/><W129/><G129/><T100/><D100/><U83/><E22/><V97/><F93/><W40/><G39/><T54/><D25/><U37/><E37/><V86/><F86/><W74/><G74/><T108/><D108/><U114/><E114/><V82/><F11/><W17/><G17/><T60/><D60/><U58/><E102/><V33/><F33/><W104/><G101/><T65/><AGARI ba="1,1" hai="45,50,54,55,57,62,65,67,81,87,88" m="48683" machi="65" ten="30,2000,0" yaku="18,1,54,1" doraHai="21" who="0" fromWho="0" sc="180,33,244,-6,398,-6,168,-11" owari="213,-19.0,238,4.0,392,49.0,157,-34.0" /></mjloggm>