<mjloggm ver="2.3"><GO type="169" lobby="0"/><UN n0="%79%75%2D%2D%2D%2D%2D%75" n1="%E3%81%AE%E3%81%B3%E3%81%97%E3%82%8D%E2%99%82" n2="%E7%84%9A%E3%81%8D%E7%81%AB" n3="%E3%83%88%E3%83%88%E3%83%AA%E5%85%88%E7%94%9F%31%39%E6%AD%B3" dan="18,16,17,18" rate="2262.31,2102.99,2191.84,2190.05" sx="M,M,M,F"/><TAIKYOKU oya="0"/><INIT seed="0,0,0,3,2,32" ten="250,250,250,250" oya="0" hai0="17,49,25,64,20,51,29,81,14,34,114,109,78" hai1="115,88,124,83,1,18,76,80,74,119,59,105,13" hai2="7,101,27,16,44,45,19,3,42,12,90,0,125" hai3="132,46,26,95,30,55,37,28,62,75,56,47,94"/><T36/><D36/><U9/><E119/><V104/><F125/><W15/><G75/><T113/><D64/><U61/><E124/><V39/><F104/><W79/><G79/><T50/><REACH who="0" step="1"/><D109/><REACH who="0" ten="240,250,250,250" step="2"/><U91/><E115/><V24/><F39/><W2/><G37/><T5/><D5/><U22/><E105/><V128/><F7/><W131/><G132/><T35/><D35/><U10/><E80/><V69/><F69/><W65/><G65/><T127/><D127/><U54/><REACH who="1" step="1"/><E22/><REACH who="1" ten="240,240,250,250" step="2"/><V118/><F118/><W135/><G135/><T52/><D52/><U70/><E70/><V23/><F128/><W100/><G55/><T120/><D120/><U121/><E121/><V72/><F42/><W67/><G131/><T96/><D96/><U133/><E133/><V89/><F23/><W97/><G67/><T117/><D117/><U48/><E48/><V107/><F107/><W92/><G97/><T31/><D31/><U82/><E82/><V58/><F72/><AGARI ba="0,2" hai="14,17,20,25,29,34,49,50,51,72,78,81,113,114" machi="72" ten="40,2000,0" yaku="1,1,53,0" doraHai="32" doraHaiUra="85" who="0" fromWho="2" sc="240,40,240,0,250,-20,250,0" /><INIT seed="0,1,0,3,2,63" ten="280,240,230,250" oya="0" hai0="106,28,116,131,68,113,66,130,89,103,110,25,35" hai1="118,60,7,76,102,127,49,9,95,21,33,122,124" hai2="48,73,78,80,10,30,40,71,75,85,74,94,26" hai3="20,128,51,70,79,77,16,4,133,45,42,50,81"/><T114/><D116/><U17/><E33/><V55/><F40/><W117/><G117/><T27/><D89/><U44/><E122/><V129/><F129/><N who="0" m="49162" /><D25/><U126/><E118/><V123/><F123/><W87/><G70/><T99/><D110/><U65/><E76/><V18/><F71/><W83/><G128/><T109/><D109/><U39/><E39/><V88/><F18/><W104/><G104/><T15/><D15/><N who="1" m="9407" /><E95/><V32/><REACH who="2" step="1"/><F10/><REACH who="2" ten="280,240,220,250" step="2"/><W31/><G31/><T19/><D19/><U0/><E9/><V107/><F107/><W24/><G4/><T47/><D47/><AGARI ba="1,1" hai="26,30,32,47,48,55,73,74,75,78,80,85,88,94" machi="47" ten="30,3900,0" yaku="1,1,7,1,54,1,53,0" doraHai="63" doraHaiUra="111" who="2" fromWho="0" sc="280,-42,240,0,220,52,250,0" /><INIT seed="1,0,0,2,4,103" ten="238,240,272,250" oya="1" hai0="110,118,119,34,67,112,125,27,66,77,107,78,72" hai1="1,44,115,18,129,48,88,35,16,38,51,60,126" hai2="86,52,12,120,100,98,91,94,8,81,2,123,114" hai3="22,3,75,84,4,30,131,29,111,95,63,43,24"/><U5/><E129/><V15/><F114/><W68/><G75/><T121/><D112/><U97/><E115/><V96/><F2/><W61/><G131/><T117/><D110/><U54/><E126/><V57/><F98/><W135/><G111/><T122/><D125/><U101/><E35/><V102/><F102/><W104/><G135/><T106/><D34/><U128/><E128/><V83/><F83/><W56/><G104/><N who="0" m="39979" /><D27/><U64/><E38/><V42/><F42/><W79/><G43/><T133/><D72/><U93/><E1/><V55/><F55/><W14/><G3/><T71/><D133/><U113/><E5/><V47/><F47/><W76/><G68/><T11/><D11/><U80/><E113/><V105/><F81/><W37/><G37/><T109/><D109/><U41/><E80/><V90/><F90/><N who="3" m="53703" /><G30/><T25/><D25/><U49/><E101/><V74/><F74/><W65/><G61/><N who="0" m="40399" /><D67/><U10/><E10/><AGARI ba="0,0" hai="4,10,14,22,24,29,56,63,65,76,79" m="53703" machi="10" ten="30,1000,0" yaku="8,1" doraHai="103" who="3" fromWho="1" sc="238,0,240,-10,272,0,250,10" /><INIT seed="2,0,0,2,1,131" ten="238,230,272,260" oya="2" hai0="14,121,125,10,69,67,68,110,22,108,91,49,31" hai1="111,120,18,6,30,79,78,73,81,118,44,32,43" hai2="12,62,107,40,75,19,50,57,16,29,13,128,38" hai3="117,70,98,134,24,56,66,42,113,82,99,85,9"/><V106/><F38/><W133/><G117/><T5/><D121/><U86/><E118/><V3/><F3/><W72/><G72/><T33/><D67/><U37/><E111/><V34/><F75/><W129/><G70/><T53/><D125/><U74/><E120/><V95/><F128/><W126/><G129/><T80/><D33/><U55/><E78/><V96/><F34/><W39/><G126/><T8/><D31/><U26/><E6/><V103/><F29/><W64/><G113/><T20/><D20/><U90/><E79/><V0/><F0/><W2/><G24/><T109/><D22/><U119/><E119/><V93/><F107/><W83/><G42/><T7/><D91/><U105/><E105/><V65/><F13/><W51/><G39/><T89/><D89/><U123/><E123/><V97/><F97/><N who="3" m="36875" /><G51/><T21/><D21/><U114/><E114/><V101/><F101/><W58/><G9/><T92/><D92/><U77/><E18/><V15/><F15/><W41/><G41/><T94/><D94/><U11/><E11/><V102/><F102/><W59/><G2/><N who="0" m="55" /><D80/><N who="3" m="30761" /><G85/><T116/><D116/><U135/><E55/><V23/><REACH who="2" step="1"/><F19/><REACH who="2" ten="238,230,262,260" step="2"/><W84/><G84/><T25/><D25/><U88/><E74/><V61/><F61/><W104/><G104/><T112/><D112/><U127/><E127/><V122/><F122/><W17/><G17/><T130/><D130/><U124/><E124/><V35/><F35/><W45/><G45/><AGARI ba="0,1" hai="7,10,14,45,49,53,68,69,108,109,110" m="55" machi="45" ten="30,1000,0" yaku="14,1" doraHai="131" who="0" fromWho="3" sc="238,20,230,0,262,0,260,-10" /><AGARI ba="0,0" hai="12,16,23,40,45,50,57,62,65,93,95,96,103,106" machi="45" ten="40,3900,0" yaku="1,1,54,1,53,0" doraHai="131" doraHaiUra="27" who="2" fromWho="3" sc="258,0,230,0,262,39,250,-39" /><INIT seed="2,1,0,2,2,83" ten="258,230,301,211" oya="2" hai0="112,90,42,21,69,118,22,81,8,103,75,14,114" hai1="98,35,9,58,106,25,24,130,67,131,113,6,13" hai2="74,132,104,5,116,39,71,107,43,28,26,63,72" hai3="110,2,120,37,135,11,129,31,16,57,1,59,30"/><V97/><F116/><W33/><G37/><T128/><D69/><U100/><E113/><V80/><F5/><W108/><G120/><T122/><D122/><U17/><E35/><N who="2" m="20887" /><F80/><W88/><G129/><N who="1" m="49162" /><E17/><V4/><F4/><W46/><G135/><T99/><D75/><U111/><E111/><N who="3" m="42538" /><G46/><T19/><D42/><U134/><E134/><V27/><F27/><N who="1" m="10313" /><E58/><N who="3" m="22026" /><G33/><T93/><D118/><U86/><E67/><N who="2" m="41471" /><F132/><W105/><G105/><N who="2" m="40521" /><F97/><W38/><G38/><T121/><D128/><U51/><E51/><V61/><F61/><W115/><G115/><T82/><D121/><U79/><E79/><V18/><F18/><W45/><G45/><AGARI ba="1,0" hai="39,43,45,72,74" m="40521,41471,20887" machi="45" ten="30,2900,0" yaku="33,2" doraHai="83" who="2" fromWho="3" sc="258,0,230,0,301,32,211,-32" /><INIT seed="2,2,0,2,1,55" ten="258,230,333,179" oya="2" hai0="129,120,125,15,64,41,5,134,114,9,77,104,16" hai1="38,100,51,107,78,65,10,58,40,71,105,92,57" hai2="23,20,53,29,27,124,122,22,1,43,108,4,119" hai3="86,2,130,85,39,59,132,96,81,82,67,3,94"/><V26/><F119/><W83/><G39/><T68/><D120/><U121/><E38/><V91/><F122/><W25/><G130/><T52/><D114/><U34/><E121/><V116/><F116/><W36/><G36/><T21/><D104/><U6/><E34/><V72/><F72/><W126/><G126/><T31/><D125/><U46/><E78/><V127/><F43/><W61/><G132/><T74/><D134/><U131/><E131/><V66/><F66/><W70/><G70/><T7/><D41/><U128/><E128/><V62/><F91/><W0/><REACH who="3" step="1"/><G25/><REACH who="3" ten="258,230,333,169" step="2"/><T13/><D68/><U117/><E71/><V48/><F127/><W98/><G98/><T33/><D129/><U8/><E117/><V123/><F124/><W118/><G118/><T50/><D74/><U115/><E115/><V79/><F27/><W44/><G44/><T97/><D97/><U76/><E46/><V73/><F26/><W54/><G54/><T69/><D69/><U49/><E40/><V90/><F53/><W14/><G14/><T75/><D13/><U133/><E65/><V17/><F123/><W84/><G84/><T89/><D64/><U95/><E133/><V103/><F73/><W110/><G110/><T18/><D75/><U32/><E107/><V135/><F108/><W99/><G99/><T37/><D37/><U111/><E105/><V101/><F135/><W106/><G106/><T87/><D52/><U12/><E111/><V45/><F45/><W56/><G56/><T35/><D87/><U28/><E12/><V63/><F48/><W93/><G93/><RYUUKYOKU ba="2,1" sc="258,-10,230,-10,333,-10,169,30" hai3="0,2,3,59,61,67,81,82,83,85,86,94,96" /><INIT seed="3,3,1,0,0,120" ten="248,220,323,199" oya="3" hai0="56,40,30,13,42,32,83,28,25,58,127,35,80" hai1="5,26,43,94,77,70,9,74,75,31,103,82,93" hai2="63,100,59,88,16,105,2,101,131,95,19,1,18" hai3="41,54,129,133,113,111,112,51,76,126,110,73,96"/><W8/><G8/><T21/><D127/><U125/><E75/><V128/><F2/><W50/><G96/><T115/><D13/><U0/><E125/><V55/><F1/><W122/><G126/><T3/><D3/><U20/><E103/><V114/><F114/><N who="3" m="44139" /><G76/><T60/><D115/><U47/><REACH who="1" step="1"/><E70/><REACH who="1" ten="248,210,323,199" step="2"/><V92/><F105/><W49/><G73/><T97/><D32/><U44/><E44/><V85/><REACH who="2" step="1"/><F101/><REACH who="2" ten="248,210,313,199" step="2"/><W10/><G122/><T12/><D35/><U130/><E130/><V29/><F29/><W99/><G129/><T81/><D28/><U14/><E14/><V17/><N who="2" m="4096" /><DORA hai="124" /><V132/><F132/><W106/><G133/><T23/><D12/><U71/><E71/><V117/><F117/><W134/><G134/><T67/><D23/><U108/><E108/><N who="3" m="41514" /><G10/><T90/><D30/><U15/><E15/><V102/><F102/><N who="3" m="62815" /><G41/><T72/><D40/><U91/><E91/><V46/><F46/><AGARI ba="3,3" hai="46,49,50,51,54" m="62815,41514,44139" machi="46" ten="30,12000,1" yaku="14,1,10,1,52,3" doraHai="120,124" who="3" fromWho="2" sc="248,0,210,0,313,-129,199,159" /><INIT seed="3,4,0,5,5,41" ten="248,210,184,358" oya="3" hai0="14,11,40,20,89,58,122,98,64,59,66,91,43" hai1="62,81,38,130,51,2,74,92,19,118,6,57,135" hai2="113,65,103,47,27,121,5,15,79,70,8,63,34" hai3="30,52,97,78,49,123,21,105,111,72,106,25,127"/><W22/><G123/><T116/><D122/><U76/><E38/><V61/><F121/><W117/><G117/><T95/><D116/><U132/><E118/><V55/><F113/><W69/><G69/><T129/><D129/><U80/><E130/><V39/><F79/><W35/><G127/><T46/><D20/><U85/><E92/><V131/><F131/><W18/><G111/><T53/><D89/><U0/><E51/><V109/><F109/><W115/><G115/><T100/><D100/><U96/><E96/><V71/><F103/><W101/><G105/><T86/><D98/><U90/><E19/><V73/><F73/><W24/><G78/><T45/><D43/><U23/><E23/><V120/><F120/><W56/><REACH who="3" step="1"/><G72/><REACH who="3" ten="248,210,184,348" step="2"/><T42/><D42/><U124/><E124/><V54/><F71/><W50/><G50/><T12/><D40/><U16/><E74/><V7/><F70/><W84/><G84/><T112/><D112/><U75/><E75/><V31/><F39/><W68/><G68/><T82/><D86/><U10/><E76/><V119/><F119/><W114/><G114/><T37/><D37/><U3/><E85/><V26/><F61/><W13/><G13/><T102/><D14/><U60/><E0/><V44/><F63/><W104/><G104/><T134/><D12/><U94/><E2/><V126/><F126/><W108/><G108/><T87/><D87/><U77/><E3/><V4/><F15/><W128/><G128/><T107/><D107/><U88/><E77/><V67/><F5/><W9/><G9/><T36/><D11/><RYUUKYOKU ba="4,1" sc="248,-10,210,-10,184,-10,348,30" hai3="18,21,22,24,25,30,35,49,52,56,97,101,106" /><INIT seed="3,5,1,1,1,73" ten="238,200,174,378" oya="3" hai0="69,14,62,111,42,83,28,93,95,98,57,59,34" hai1="133,3,97,26,4,105,108,35,66,24,99,45,132" hai2="0,135,15,116,61,6,37,1,75,16,80,9,55" hai3="77,125,48,72,79,51,47,53,122,44,82,94,54"/><W100/><G122/><T70/><D111/><U17/><E108/><V31/><F116/><W78/><G125/><T10/><D42/><U30/><E66/><V127/><F37/><W19/><G19/><T89/><D93/><U29/><E17/><V63/><F127/><W68/><G68/><T21/><D34/><U12/><E3/><V101/><F31/><W114/><G114/><T90/><D59/><U102/><E99/><AGARI ba="5,1" hai="44,47,48,51,53,54,72,77,78,79,82,94,99,100" machi="99" ten="40,12000,1" yaku="9,1,52,3" doraHai="73" who="3" fromWho="1" sc="238,0,200,-135,174,0,378,145" /><INIT seed="3,6,0,1,4,122" ten="238,65,174,523" oya="3" hai0="5,60,116,30,56,98,115,92,85,95,87,58,76" hai1="69,24,70,18,6,41,61,130,125,93,113,36,123" hai2="65,33,44,110,20,34,117,124,86,49,63,11,133" hai3="131,67,126,73,100,57,127,8,14,118,84,120,55"/><W50/><G120/><T77/><D116/><U45/><E123/><V12/><F117/><W71/><G73/><T9/><D30/><U132/><E113/><V21/><F124/><N who="3" m="47659" /><G118/><T89/><D115/><U1/><E125/><V42/><F133/><W32/><G32/><T17/><D17/><U88/><E132/><V64/><F34/><W3/><G3/><T109/><D109/><U15/><E130/><V91/><F33/><W51/><G131/><T40/><D40/><U102/><E102/><V28/><F110/><W52/><G100/><T101/><D85/><U7/><E24/><V105/><F105/><W26/><G26/><T48/><D48/><N who="3" m="18473" /><G84/><T97/><D87/><U80/><E80/><V35/><F35/><W2/><G2/><T25/><D25/><U79/><E79/><V53/><F42/><W66/><G71/><T37/><D37/><U16/><E18/><V62/><F28/><W23/><G23/><T59/><REACH who="0" step="1"/><D60/><REACH who="0" ten="228,65,174,523" step="2"/><U99/><E61/><V104/><F63/><N who="3" m="36263" /><G55/><T83/><D83/><U74/><E74/><V43/><F43/><W96/><G96/><T68/><D68/><U78/><E78/><V4/><F65/><W129/><G129/><T106/><D106/><U134/><E134/><V10/><F104/><W82/><G82/><T27/><D27/><U119/><E119/><V111/><F111/><W114/><G114/><T108/><D108/><U121/><E121/><V13/><F64/><W47/><G67/><T29/><D29/><U107/><E107/><V22/><F62/><W54/><G66/><T38/><D38/><U0/><E70/><RYUUKYOKU ba="6,1" sc="228,30,65,-10,174,-10,523,-10" hai0="5,9,56,58,59,76,77,89,92,95,97,98,101" /><INIT seed="4,7,1,1,4,87" ten="258,55,164,513" oya="0" hai0="124,100,34,5,33,52,71,112,125,128,78,24,116" hai1="91,14,79,123,83,110,10,94,22,130,98,37,92" hai2="103,8,12,63,23,46,9,55,16,101,1,3,39" hai3="53,117,90,50,26,13,36,65,133,25,59,47,28"/><T32/><D116/><U97/><E110/><V18/><F39/><W31/><G117/><T120/><D120/><U72/><E123/><V49/><F63/><N who="3" m="38143" /><G36/><T56/><D112/><U41/><E130/><V73/><F73/><W108/><G108/><T68/><D128/><U84/><E22/><V96/><F103/><W61/><G133/><T122/><D122/><U131/><E131/><V93/><REACH who="2" step="1"/><F9/><REACH who="2" ten="258,55,154,513" step="2"/><W95/><G61/><N who="0" m="35975" /><D100/><U104/><E104/><V35/><F35/><W109/><G109/><T66/><D66/><U57/><E37/><V48/><F48/><W0/><G0/><T106/><D106/><U80/><E41/><V51/><F51/><W89/><G50/><T85/><D33/><U74/><E57/><V77/><F77/><W102/><G47/><T132/><D34/><U7/><REACH who="1" step="1"/><E80/><REACH who="1" ten="258,45,154,513" step="2"/><V126/><F126/><W17/><G53/><T40/><D32/><U42/><E42/><V88/><F88/><AGARI ba="7,3" hai="7,10,14,72,74,79,83,84,88,91,92,94,97,98" machi="88" ten="30,12000,2" yaku="1,1,7,1,9,1,52,2,54,1,53,1" doraHai="87" doraHaiUra="4" who="1" fromWho="2" sc="258,0,45,171,154,-141,513,0" /><INIT seed="5,0,0,1,3,96" ten="258,216,13,513" oya="1" hai0="94,123,11,111,41,42,46,110,29,124,34,67,95" hai1="68,1,114,20,82,40,126,63,102,91,89,28,6" hai2="100,117,104,120,17,51,64,12,90,93,135,133,88" hai3="84,80,31,0,13,113,5,18,76,45,2,125,79"/><U53/><E126/><V101/><F117/><W39/><G125/><T72/><D72/><U54/><E114/><V118/><F118/><W134/><G113/><T70/><D123/><U16/><E28/><V49/><F120/><W75/><G134/><N who="2" m="51209" /><F104/><W55/><G5/><T129/><D129/><U57/><E68/><V62/><F51/><W36/><G31/><T43/><D46/><U131/><E131/><V30/><F30/><W121/><G121/><T47/><D47/><U61/><E40/><V60/><F49/><W77/><G75/><T78/><D42/><U127/><E127/><V85/><F90/><W22/><G55/><T48/><D124/><U4/><E1/><V33/><F33/><W59/><G59/><T38/><D34/><U71/><E71/><N who="2" m="42375" /><F62/><W73/><G73/><T106/><D48/><U56/><E102/><V52/><F52/><W86/><G45/><T8/><D106/><U3/><E3/><V74/><F74/><W7/><G76/><T107/><D78/><U35/><E35/><V122/><F122/><W130/><G130/><T9/><D29/><U112/><E112/><V97/><F97/><W66/><G66/><T87/><D107/><U21/><E82/><V115/><F115/><W99/><G0/><T128/><D128/><U105/><E105/><V98/><F98/><W27/><G2/><T132/><D43/><U15/><E15/><V10/><AGARI ba="0,0" hai="10,12,17,85,88,93,100,101" m="42375,51209" machi="10" ten="30,7900,0" yaku="20,1,52,2,54,1" doraHai="96" who="2" fromWho="2" sc="258,-20,216,-39,13,79,513,-20" /><INIT seed="6,0,0,2,5,2" ten="238,177,92,493" oya="2" hai0="50,12,124,127,72,46,99,58,75,15,74,47,122" hai1="82,105,35,29,87,16,113,63,77,88,27,85,126" hai2="104,40,94,69,42,133,135,39,14,81,53,0,134" hai3="64,121,20,17,106,130,28,84,34,36,10,68,55"/><V110/><F104/><W60/><G121/><T49/><D122/><U117/><E117/><V3/><F69/><W123/><G123/><T61/><D99/><U45/><E105/><V107/><F107/><W4/><G106/><T33/><D33/><U132/><E113/><V23/><F110/><W95/><G130/><T70/><D70/><U111/><E111/><V5/><F81/><W97/><G36/><T131/><D131/><U119/><E119/><V52/><F94/><W76/><G55/><N who="2" m="21065" /><F23/><W90/><G28/><T112/><D112/><U24/><E132/><V13/><F39/><W18/><G34/><T19/><D61/><U31/><E126/><N who="0" m="48169" /><D58/><U109/><E109/><V101/><F101/><W6/><G20/><N who="0" m="11367" /><D15/><N who="2" m="5642" /><F5/><W67/><G95/><T102/><D102/><U83/><E63/><V22/><F22/><W98/><G6/><T108/><D108/><U30/><E45/><AGARI ba="0,0" hai="45,46,47,49,50,72,74,75" m="11367,48169" machi="45" ten="40,1300,0" yaku="18,1" doraHai="2" who="0" fromWho="1" sc="238,13,177,-13,92,0,493,0" /><INIT seed="7,0,0,4,0,61" ten="251,164,92,493" oya="3" hai0="114,52,84,55,118,42,105,11,120,12,70,81,3" hai1="109,125,43,90,37,67,68,24,34,30,124,29,123" hai2="76,73,17,1,85,19,131,36,96,78,80,63,100" hai3="129,58,75,112,4,111,101,116,20,60,47,5,6"/><W104/><G20/><T135/><D3/><U16/><E109/><V82/><F36/><W103/><G47/><T28/><D70/><U77/><E123/><V38/><F38/><W56/><G75/><T122/><D28/><U88/><E77/><V108/><F108/><W99/><G111/><T132/><D105/><U62/><E29/><V69/><F1/><W50/><G116/><T46/><D114/><U15/><E43/><V39/><F39/><W27/><G129/><T57/><D118/><U13/><E37/><V71/><F131/><W130/><G130/><T94/><D94/><U128/><E13/><V64/><REACH who="2" step="1"/><F71/><REACH who="2" ten="251,164,82,493" step="2"/><W8/><G60/><N who="0" m="35879" /><D120/><U35/><E128/><V23/><F23/><W97/><G27/><T66/><D122/><U25/><E25/><V93/><AGARI ba="0,1" hai="17,19,63,64,69,73,76,78,80,82,85,93,96,100" machi="93" ten="20,5200,0" yaku="1,1,0,1,7,1,52,1,53,0" doraHai="61" doraHaiUra="22" who="2" fromWho="2" sc="251,-13,164,-13,82,62,493,-26" owari="238,4.0,151,-25.0,144,-36.0,467,57.0" /></mjloggm>