<mjloggm ver="2.3"><GO type="169" lobby="0"/><UN n0="%E3%82%A6%E3%83%AB%E3%83%88%E3%83%A9%E7%AB%8B%E7%9B%B4" n1="%64%61%72%74%65%72" n2="%E5%86%A5%E5%9C%9F%E3%81%AE%E3%83%AF%E3%83%8B%E8%94%B5" n3="%6A%61%73%6D%69%6E%65%33" dan="17,18,18,16" rate="2224.74,2219.05,2176.77,2075.94" sx="M,M,M,M"/><TAIKYOKU oya="0"/><INIT seed="0,0,0,1,0,51" ten="250,250,250,250" oya="0" hai0="9,79,83,18,45,39,19,111,44,2,54,61,113" hai1="21,88,114,116,109,0,48,81,57,78,26,62,87" hai2="16,132,93,20,89,104,117,47,36,85,56,75,121" hai3="50,95,46,10,63,37,35,82,41,105,124,13,59"/><T15/><D113/><U6/><E116/><V71/><F121/><W129/><G105/><T67/><D111/><U43/><E109/><V122/><F122/><W52/><G35/><T92/><D92/><U127/><E127/><V60/><F71/><W126/><G129/><T8/><D39/><U68/><E68/><V128/><F128/><W1/><G1/><T106/><D106/><U69/><E69/><V131/><F131/><W22/><G22/><T119/><D119/><U100/><E100/><V42/><F132/><W70/><G82/><T23/><D67/><U30/><E114/><V125/><F104/><W134/><G95/><T55/><D2/><U14/><E0/><V65/><F75/><W66/><G134/><T3/><D3/><U86/><E43/><V28/><F28/><W73/><G73/><T101/><D101/><U110/><E48/><V58/><F125/><W96/><G96/><T11/><D19/><AGARI ba="0,0" hai="10,13,19,37,41,46,50,52,59,63,66,70,124,126" machi="19" ten="40,8000,1" yaku="24,2,52,1,54,1" doraHai="51" who="3" fromWho="0" sc="250,-80,250,0,250,0,250,80" /><INIT seed="1,0,0,4,4,44" ten="170,250,250,330" oya="1" hai0="77,20,38,37,26,104,105,98,1,58,127,73,50" hai1="102,42,92,117,56,121,112,86,110,129,5,78,96" hai2="113,67,15,74,22,10,97,29,61,114,12,53,49" hai3="16,51,93,72,4,8,84,43,7,27,133,69,68"/><U82/><E117/><V100/><F74/><W54/><G72/><T122/><D1/><U132/><E121/><V76/><F76/><W31/><G43/><T13/><D127/><U52/><E112/><V25/><F10/><W130/><G133/><T18/><D122/><U35/><E132/><V64/><F113/><W57/><G130/><T79/><D38/><U90/><E129/><V34/><F114/><W9/><G69/><T75/><D37/><U124/><E124/><V106/><F22/><N who="3" m="15863" /><G68/><T81/><D98/><U0/><E35/><V123/><F67/><W32/><G32/><T80/><REACH who="0" step="1"/><D26/><REACH who="0" ten="160,250,250,330" step="2"/><U107/><E110/><V6/><F123/><W119/><G119/><T17/><D17/><U70/><E70/><N who="2" m="42255" /><F6/><W91/><G16/><T46/><D46/><AGARI ba="0,1" hai="12,15,25,29,34,46,49,53,97,100,106" m="42255" machi="46" ten="30,2000,0" yaku="25,1,52,1" doraHai="44" who="2" fromWho="0" sc="160,-20,250,0,250,30,330,0" /><INIT seed="2,0,0,0,2,52" ten="140,250,280,330" oya="2" hai0="68,55,131,120,74,54,42,72,0,104,112,12,40" hai1="82,61,65,14,113,118,90,102,86,15,84,80,115" hai2="18,10,41,26,19,130,22,107,63,114,83,70,79" hai3="134,126,123,100,94,53,124,46,116,5,33,127,36"/><V128/><F107/><W1/><G123/><T93/><D0/><U25/><E118/><V133/><F114/><W56/><G116/><T43/><D104/><U75/><E75/><V49/><F133/><W2/><G33/><T78/><D120/><U71/><E102/><V108/><F108/><W122/><G122/><T73/><D112/><U91/><E115/><V27/><F41/><N who="3" m="22823" /><G5/><T32/><D131/><N who="2" m="50218" /><F49/><N who="3" m="30767" /><G134/><T60/><D32/><U57/><E113/><V67/><F10/><W51/><G51/><T9/><D78/><U129/><E129/><V132/><F132/><W6/><G6/><T35/><D35/><U8/><E8/><V23/><F83/><W4/><G4/><T50/><D93/><U66/><E25/><V135/><F135/><W69/><G69/><T92/><D92/><U34/><E34/><V76/><AGARI ba="0,0" hai="18,19,22,23,26,27,63,67,70,76,79" m="50218" machi="76" ten="30,1500,0" yaku="19,1" doraHai="52" who="2" fromWho="2" sc="140,-5,250,-5,280,15,330,-5" /><INIT seed="2,1,0,5,0,22" ten="135,245,295,325" oya="2" hai0="97,54,45,96,6,57,2,11,51,64,18,91,75" hai1="133,58,128,99,124,46,108,103,13,28,16,69,48" hai2="41,73,65,93,109,35,112,15,3,43,1,84,82" hai3="71,121,81,90,120,123,31,26,44,39,76,119,52"/><V7/><F112/><W87/><G119/><T95/><D75/><U78/><E69/><V27/><F65/><W23/><G71/><T126/><D126/><U127/><E108/><V88/><F109/><W68/><G68/><T34/><D34/><U135/><E78/><V40/><F15/><W19/><G39/><T100/><D64/><U60/><E28/><V72/><F7/><W130/><G130/><T17/><REACH who="0" step="1"/><D45/><REACH who="0" ten="125,245,295,325" step="2"/><U107/><E128/><V116/><F116/><W38/><G44/><T29/><D29/><U83/><E124/><V77/><REACH who="2" step="1"/><F73/><REACH who="2" ten="125,245,285,325" step="2"/><W21/><G123/><T94/><AGARI ba="1,2" hai="2,6,11,17,18,51,54,57,91,94,95,96,97,100" machi="94" ten="20,8000,1" yaku="1,1,0,1,7,1,53,2" doraHai="22" doraHaiUra="89" who="0" fromWho="0" sc="125,103,245,-21,285,-41,325,-21" /><INIT seed="3,0,0,2,1,55" ten="228,224,244,304" oya="3" hai0="54,49,100,122,18,14,124,135,103,98,19,58,95" hai1="133,82,102,36,51,42,12,3,73,117,87,22,1" hai2="64,47,104,128,53,62,16,25,44,126,23,84,24" hai3="74,88,116,80,109,78,31,132,41,115,89,121,28"/><W10/><G121/><T37/><D37/><U108/><E36/><V17/><F104/><W123/><G123/><T119/><D119/><U81/><E73/><V6/><F126/><W134/><G116/><T66/><D122/><U101/><E117/><V48/><F128/><W93/><G115/><T8/><D135/><N who="3" m="51753" /><G41/><T85/><D124/><U90/><E108/><V56/><F6/><W125/><G125/><T120/><D120/><U30/><E133/><V105/><F105/><W75/><G75/><T111/><D111/><U131/><E131/><V113/><F113/><W61/><G109/><T34/><D34/><U13/><E1/><V106/><F106/><W38/><G38/><T94/><D66/><U71/><E3/><V7/><F7/><W43/><G43/><T65/><D65/><U35/><E71/><V29/><F84/><N who="3" m="52359" /><G10/><T39/><D39/><U68/><E68/><V70/><REACH who="2" step="1"/><F17/><REACH who="2" ten="228,224,234,304" step="2"/><W76/><G74/><T26/><D85/><U97/><E87/><V40/><F40/><W20/><G78/><T86/><D86/><U0/><E97/><V2/><F2/><W83/><G76/><T60/><D19/><U99/><E0/><V129/><F129/><W77/><G77/><T67/><D98/><U63/><E99/><V72/><F72/><W50/><G83/><T4/><D95/><U114/><E42/><V32/><AGARI ba="0,1" hai="16,23,24,25,29,32,44,47,48,53,56,62,64,70" machi="32" ten="20,8000,1" yaku="1,1,0,1,7,1,52,1,54,1,53,0" doraHai="55" doraHaiUra="96" who="2" fromWho="2" sc="228,-20,224,-20,234,90,304,-40" /><INIT seed="4,0,0,4,3,101" ten="208,204,324,264" oya="0" hai0="10,58,59,121,64,95,104,99,22,3,79,130,16" hai1="0,106,74,56,85,62,37,97,31,36,113,86,19" hai2="77,8,119,66,87,12,13,123,91,24,42,128,109" hai3="17,78,80,60,63,133,1,122,6,51,45,105,135"/><T7/><D121/><U49/><E74/><V14/><F109/><W102/><G122/><T117/><D117/><U28/><E0/><V83/><F123/><W57/><G1/><T132/><D130/><U98/><E113/><V9/><F128/><W127/><G6/><T61/><D132/><N who="3" m="50761" /><G127/><T90/><D79/><U71/><E71/><V47/><F66/><W75/><G57/><T100/><D59/><U84/><E49/><N who="2" m="26871" /><F119/><W126/><G17/><T81/><D81/><U23/><E37/><V41/><F41/><N who="3" m="25007" /><G126/><T94/><REACH who="0" step="1"/><D90/><REACH who="0" ten="198,204,324,264" step="2"/><U44/><E44/><V131/><F131/><W33/><G33/><T103/><D103/><U5/><E56/><V115/><F91/><W35/><G35/><T70/><D70/><U67/><E36/><V46/><F77/><W50/><G80/><T65/><D65/><U134/><E134/><V54/><F83/><W68/><G68/><T29/><D29/><U2/><E31/><V108/><F46/><W92/><G78/><T25/><AGARI ba="0,1" hai="3,7,10,16,22,25,58,61,64,94,95,99,100,104" machi="25" ten="20,18000,2" yaku="1,1,0,1,7,1,52,1,54,1,53,1" doraHai="101" doraHaiUra="53" who="0" fromWho="0" sc="198,190,204,-60,324,-60,264,-60" /><INIT seed="4,1,0,2,3,86" ten="388,144,264,204" oya="0" hai0="103,61,13,116,4,123,113,47,26,16,95,32,23" hai1="19,102,120,11,108,21,87,94,64,66,5,18,90" hai2="51,49,111,37,93,124,98,79,119,6,127,68,70" hai3="46,60,41,48,105,80,133,9,65,38,76,50,106"/><T29/><D123/><U31/><E108/><V27/><F111/><W59/><G133/><T40/><D116/><U7/><E120/><V28/><F37/><W85/><G50/><N who="2" m="18953" /><F79/><W101/><G101/><T45/><D113/><U96/><E31/><V109/><F6/><W20/><G20/><T77/><D77/><U56/><E56/><V107/><F107/><W130/><G130/><T36/><D47/><U67/><E21/><N who="2" m="15471" /><F119/><W134/><G134/><T3/><D61/><U121/><E121/><V71/><F109/><W117/><G117/><T53/><D53/><U128/><E128/><V92/><F98/><W1/><G1/><T14/><D14/><U114/><E114/><V135/><F135/><W34/><G34/><T74/><D74/><U42/><E42/><V118/><F118/><W57/><G9/><T12/><D12/><U112/><E112/><V115/><F115/><W132/><G132/><T84/><D4/><N who="1" m="1611" /><E11/><V78/><F78/><W110/><G110/><T91/><REACH who="0" step="1"/><D103/><REACH who="0" ten="378,144,264,204" step="2"/><U122/><E122/><V97/><F127/><W72/><G72/><T75/><D75/><U63/><E63/><V25/><F124/><W17/><G60/><T52/><D52/><U0/><E0/><AGARI ba="1,1" hai="0,3,13,16,23,26,29,32,36,40,45,84,91,95" machi="0" ten="40,7700,0" yaku="1,1,52,1,54,1,53,0" doraHai="86" doraHaiUra="44" who="0" fromWho="1" sc="378,90,144,-80,264,0,204,0" /><INIT seed="4,2,0,3,0,94" ten="468,64,264,204" oya="0" hai0="90,11,111,78,2,123,64,73,122,71,60,116,91" hai1="13,72,41,43,81,126,93,127,6,46,16,105,17" hai2="62,32,118,52,68,63,108,0,9,95,86,106,24" hai3="40,34,39,65,82,67,38,103,75,70,29,28,84"/><T80/><D116/><U74/><E105/><V125/><F108/><W59/><G70/><T69/><D111/><U132/><E132/><V49/><F106/><W48/><G75/><N who="1" m="28714" /><E81/><V128/><F125/><N who="1" m="47625" /><E43/><V131/><F118/><W98/><G39/><T3/><D91/><U4/><E93/><V112/><F112/><W121/><G121/><T100/><D90/><U58/><E58/><V99/><F86/><W135/><G38/><T87/><D87/><U8/><E4/><N who="2" m="1159" /><F68/><W53/><G40/><T104/><D71/><U37/><AGARI ba="2,0" hai="6,8,13,16,17,37,41,46" m="47625,28714" machi="37" ten="30,2000,0" yaku="18,1,54,1" doraHai="94" who="1" fromWho="1" sc="468,-12,64,26,264,-7,204,-7" /><INIT seed="5,0,0,2,4,2" ten="456,90,257,197" oya="1" hai0="111,79,92,38,22,67,77,19,91,93,1,119,26" hai1="105,78,10,7,24,68,14,107,74,34,42,72,13" hai2="118,117,40,54,46,103,29,122,83,28,86,31,53" hai3="108,18,35,128,102,109,114,134,130,66,11,98,129"/><U132/><E68/><V4/><F122/><W94/><G35/><T48/><D38/><U121/><E121/><V12/><F103/><W85/><G66/><T69/><D111/><U106/><E132/><V50/><F117/><W17/><G134/><T58/><D1/><U56/><E42/><V37/><F118/><W73/><G73/><T45/><D69/><U16/><E78/><N who="2" m="46455" /><F37/><W99/><G114/><T87/><D93/><U89/><E89/><V23/><F23/><W100/><G11/><AGARI ba="0,0" hai="4,11,12,28,29,31,40,46,50,53,54" m="46455" machi="11" ten="30,3900,0" yaku="25,1,8,1,52,1" doraHai="2" who="2" fromWho="3" sc="456,0,90,0,257,39,197,-39" /><INIT seed="6,0,0,4,3,118" ten="456,90,296,158" oya="2" hai0="41,20,134,104,46,127,4,28,93,113,124,101,55" hai1="24,48,109,40,39,89,35,7,132,126,53,119,70" hai2="25,99,21,60,5,105,110,16,133,3,107,91,82" hai3="0,92,83,52,97,54,81,38,78,37,72,51,90"/><V106/><F133/><W66/><G0/><T68/><D68/><U22/><E119/><V117/><F117/><W131/><G131/><T108/><D108/><U135/><E109/><V121/><F110/><W67/><G83/><T65/><D65/><U2/><E70/><V75/><F121/><W94/><G54/><T85/><D4/><U74/><E35/><V123/><F123/><W11/><G37/><T10/><D10/><N who="1" m="2423" /><E74/><V86/><F75/><W114/><G38/><T13/><D113/><U73/><E73/><V32/><F32/><W49/><G49/><T95/><D55/><U98/><E40/><V64/><F5/><W47/><G114/><T17/><D28/><U87/><E39/><V30/><F3/><W31/><G31/><T34/><D34/><U29/><E98/><V43/><F43/><W122/><G122/><T69/><D69/><U26/><E126/><N who="0" m="48169" /><D85/><U59/><E22/><V14/><F99/><W23/><G23/><T45/><D134/><N who="1" m="51243" /><E29/><V96/><F96/><W79/><G11/><T120/><D120/><U15/><E15/><V9/><REACH who="2" step="1"/><F107/><REACH who="2" ten="456,90,286,158" step="2"/><W27/><G72/><T36/><D104/><U1/><E1/><V111/><F111/><W125/><G125/><T19/><D41/><U100/><E100/><V42/><F42/><W112/><G97/><T6/><D101/><U57/><E57/><AGARI ba="0,1" hai="9,14,16,21,25,30,57,60,64,82,86,91,105,106" machi="57" ten="30,11600,0" yaku="1,1,7,1,54,1,53,1" doraHai="118" doraHaiUra="77" who="2" fromWho="1" sc="456,0,90,-116,286,126,158,0" owari="456,56.0,-26,-53.0,412,21.0,158,-24.0" /></mjloggm>