<mjloggm ver="2.3"><GO type="169" lobby="0"/><UN n0="%E3%82%A6%E3%83%AB%E3%83%88%E3%83%A9%E7%AB%8B%E7%9B%B4" n1="%E3%81%9B%E3%81%95%E3%81%BF%E3%82%93%E2%99%AA" n2="%E5%AD%A3%E9%81%95%E3%81%84%E4%BF%B3%E4%BA%BA" n3="%E3%81%AE%E3%81%86%E3%81%AA%E3%82%81%E3%82%8D%E3%82%93" dan="18,17,19,17" rate="2206.79,2145.79,2204.55,2160.98" sx="M,F,M,M"/><TAIKYOKU oya="0"/><INIT seed="0,0,0,1,3,109" ten="250,250,250,250" oya="0" hai0="97,44,123,69,122,66,37,92,106,88,94,3,95" hai1="30,98,43,114,81,55,32,28,17,4,117,105,124" hai2="70,42,61,62,10,56,31,20,113,76,13,21,127" hai3="99,79,71,9,52,116,12,129,128,119,74,2,112"/><T120/><D3/><U34/><E117/><V80/><F127/><W132/><G71/><T68/><D106/><U45/><E124/><V125/><F125/><W16/><G132/><T38/><D66/><U135/><E135/><V25/><F113/><W85/><G74/><T50/><D69/><U58/><E4/><V103/><F70/><W18/><G2/><T46/><D68/><U41/><E81/><V110/><F110/><W39/><G39/><T108/><D108/><U35/><E17/><V77/><F103/><W100/><G112/><T111/><D111/><U115/><E98/><V24/><F42/><W40/><G40/><T64/><D64/><U102/><E102/><V15/><F80/><N who="3" m="47263" /><G18/><T49/><D88/><U54/><E105/><V84/><F84/><W57/><G99/><T131/><D97/><U96/><E96/><V8/><F56/><W126/><G100/><T134/><D134/><U26/><E34/><V19/><F19/><W93/><G93/><T65/><D65/><U23/><E58/><V75/><F75/><W14/><G14/><T36/><REACH who="0" step="1"/><D131/><REACH who="0" ten="240,250,250,250" step="2"/><N who="3" m="50249" /><G126/><T90/><D90/><U47/><REACH who="1" step="1"/><E23/><REACH who="1" ten="240,240,250,250" step="2"/><V91/><F91/><W1/><G1/><T121/><N who="0" m="30720" /><DORA hai="87" /><T29/><D29/><AGARI ba="0,2" hai="8,10,13,15,20,21,24,25,29,31,61,62,76,77" machi="29" ten="25,3200,0" yaku="22,2,8,1" doraHai="109,87" who="2" fromWho="0" sc="240,-32,240,0,250,52,250,0" /><INIT seed="1,0,0,3,3,0" ten="208,240,302,250" oya="1" hai0="81,119,123,94,122,101,51,114,125,110,57,132,71" hai1="12,17,18,84,32,131,54,33,88,45,102,40,44" hai2="134,62,2,100,27,38,60,63,97,133,56,99,117" hai3="55,46,7,116,92,73,115,39,52,75,47,83,112"/><U28/><E131/><V50/><F117/><W129/><G129/><T95/><D71/><U98/><E32/><V16/><F38/><W126/><G126/><T58/><D119/><U26/><E54/><V120/><F2/><W4/><G116/><T61/><D125/><U20/><E18/><V37/><F37/><W79/><G92/><T65/><D114/><U31/><E31/><V24/><F120/><W25/><G39/><T14/><D110/><U10/><E33/><V70/><F70/><W135/><G83/><T74/><D132/><N who="2" m="50794" /><F16/><W34/><G135/><T59/><D59/><U87/><E87/><V128/><F128/><W106/><G34/><T78/><D14/><U130/><E130/><V118/><F118/><W82/><G82/><T103/><D51/><U93/><REACH who="1" step="1"/><E40/><REACH who="1" ten="208,230,302,250" step="2"/><V86/><F86/><W23/><G112/><T19/><D19/><U13/><E13/><V9/><F97/><W124/><G115/><T6/><D123/><U22/><E22/><V89/><F99/><W15/><G15/><T76/><D122/><U49/><E49/><V1/><F50/><W121/><G121/><T11/><D74/><U66/><E66/><V36/><F36/><W21/><G124/><T29/><D29/><U35/><E35/><V67/><F67/><W104/><G79/><T111/><D76/><U113/><E113/><V80/><F24/><AGARI ba="0,1" hai="4,7,21,23,24,25,46,47,52,55,73,75,104,106" machi="24" ten="25,8000,1" yaku="22,2,52,2,54,1" doraHai="0" who="3" fromWho="2" sc="208,0,230,0,302,-80,250,90" /><INIT seed="2,0,0,4,1,15" ten="208,230,222,340" oya="2" hai0="48,126,132,45,19,101,56,23,85,52,81,65,32" hai1="135,112,20,117,113,71,49,30,80,66,131,13,4" hai2="118,34,26,122,125,96,88,84,14,62,67,8,90" hai3="53,31,43,73,50,93,40,87,102,76,47,130,16"/><V106/><F122/><W104/><G130/><T55/><D32/><U22/><E131/><V36/><F118/><W1/><G1/><T0/><D0/><U92/><E80/><V64/><F36/><W54/><G104/><T35/><D35/><U72/><E72/><V114/><F114/><W133/><G73/><T83/><D126/><U109/><E71/><V38/><F38/><W103/><G133/><T70/><D132/><U99/><E66/><V100/><F125/><W51/><G31/><T17/><D101/><N who="3" m="38409" /><G93/><T28/><D65/><U24/><E117/><V29/><F84/><W82/><G16/><N who="0" m="6219" /><D70/><U11/><E135/><V75/><F75/><W59/><AGARI ba="0,0" hai="40,43,47,50,51,53,54,59,76,82,87" m="38409" machi="59" ten="30,1100,0" yaku="8,1" doraHai="15" who="3" fromWho="3" sc="208,-3,230,-3,222,-5,340,11" /><INIT seed="3,0,0,2,5,55" ten="205,227,217,351" oya="3" hai0="10,116,43,15,96,80,40,121,73,57,25,48,133" hai1="3,4,135,130,46,28,86,61,20,90,120,47,72" hai2="68,76,94,18,22,9,114,102,42,0,35,30,85" hai3="81,6,112,65,34,54,13,109,104,7,62,119,123"/><W32/><G104/><T74/><D116/><U19/><E120/><V99/><F68/><W26/><G119/><T33/><D121/><U108/><E108/><V60/><F114/><W64/><G123/><T91/><D74/><U92/><E135/><V14/><F42/><W21/><G112/><T71/><D71/><U128/><E72/><V122/><F122/><W78/><G109/><T31/><D133/><U129/><E28/><V36/><F36/><W97/><G97/><T5/><D73/><U117/><E117/><V16/><F18/><W29/><G54/><T84/><D96/><U11/><REACH who="1" step="1"/><E61/><REACH who="1" ten="205,217,217,351" step="2"/><V110/><F110/><W93/><G62/><T38/><D38/><U107/><E107/><V100/><F60/><W37/><G29/><T75/><D75/><U118/><E118/><V126/><F30/><W87/><G34/><T82/><D33/><U24/><AGARI ba="0,1" hai="3,4,11,19,20,24,46,47,86,90,92,128,129,130" machi="24" ten="30,7900,0" yaku="1,1,0,1,19,1,53,1" doraHai="55" doraHaiUra="17" who="1" fromWho="1" sc="205,-20,217,89,217,-20,351,-39" /><INIT seed="4,0,0,4,2,91" ten="185,306,197,312" oya="0" hai0="88,119,20,103,102,123,118,9,81,105,52,66,22" hai1="70,67,23,26,112,17,108,129,64,94,31,132,3" hai2="60,58,48,54,16,44,4,1,49,47,117,28,101" hai3="42,116,65,12,78,95,25,106,7,57,63,56,51"/><T30/><D123/><U126/><E108/><V83/><F117/><W71/><G106/><T79/><D66/><U113/><E132/><V62/><F28/><W125/><G116/><T69/><D69/><U45/><E129/><V38/><F38/><W130/><G125/><T14/><D119/><U5/><E126/><V43/><F101/><N who="0" m="38410" /><D105/><U115/><E45/><V36/><F83/><W35/><G130/><T37/><D37/><U77/><E77/><V87/><F87/><W34/><G34/><T21/><D118/><U80/><E80/><V97/><F97/><W104/><G104/><T90/><D30/><U85/><E31/><V109/><F109/><W99/><G35/><T128/><D128/><U135/><E135/><V133/><F133/><W2/><G2/><T55/><D79/><U124/><E124/><V110/><F110/><W27/><G71/><T93/><D81/><U114/><E70/><V75/><F75/><W120/><G78/><T29/><D29/><U32/><E32/><V0/><F0/><W10/><G120/><T18/><D90/><N who="1" m="53583" /><E115/><V72/><F72/><W84/><G84/><AGARI ba="0,0" hai="9,14,18,20,21,22,52,55,84,88,93" m="38410" machi="84" ten="30,11600,0" yaku="8,1,52,1,54,2" doraHai="91" who="0" fromWho="3" sc="185,116,306,0,197,0,312,-116" /><INIT seed="4,1,0,3,4,56" ten="301,306,197,196" oya="0" hai0="33,71,29,90,101,12,19,133,123,38,44,122,39" hai1="65,82,34,81,112,110,117,116,74,69,1,0,23" hai2="111,77,54,8,21,3,120,46,24,78,11,99,36" hai3="72,37,104,14,7,95,32,132,28,62,87,31,17"/><T41/><D39/><U57/><E57/><V79/><F120/><W76/><G104/><T107/><D133/><U6/><E23/><V48/><F36/><W13/><G37/><T63/><D90/><U124/><E110/><V129/><F111/><W128/><G72/><T125/><D125/><U59/><E59/><V15/><F129/><W9/><G132/><T127/><D19/><U55/><E55/><V64/><F3/><W18/><G128/><T20/><D12/><U26/><E124/><V94/><F64/><W109/><G109/><T131/><D20/><U60/><E82/><V134/><F15/><N who="3" m="5567" /><G32/><T51/><D51/><U119/><E6/><V25/><F134/><W53/><G14/><T100/><D100/><U114/><E81/><V98/><F24/><W102/><G76/><T89/><D89/><U130/><E74/><V121/><F121/><W67/><G67/><N who="0" m="41471" /><D127/><U50/><E50/><V22/><F22/><N who="3" m="11567" /><G18/><T103/><D103/><U5/><E130/><V85/><F8/><W40/><G40/><T83/><D83/><U43/><E43/><V30/><F11/><W115/><G102/><T70/><D70/><U49/><E49/><V126/><F126/><W47/><G47/><T88/><D131/><U106/><E106/><V97/><REACH who="2" step="1"/><F94/><REACH who="2" ten="301,306,187,196" step="2"/><W75/><G95/><T92/><D107/><U68/><E0/><V66/><F66/><W42/><G28/><T96/><D101/><U10/><E69/><V52/><F52/><W45/><G53/><T58/><D123/><U86/><E1/><V73/><F73/><W84/><G75/><T91/><D122/><RYUUKYOKU ba="1,1" sc="301,-10,306,-10,187,30,196,-10" hai2="21,25,30,46,48,54,77,78,79,85,97,98,99" /><INIT seed="5,2,1,4,1,32" ten="291,296,217,186" oya="1" hai0="5,133,83,129,119,37,56,130,62,86,66,23,42" hai1="96,64,71,103,14,50,128,91,31,121,107,28,17" hai2="109,48,116,87,63,36,110,73,7,69,6,132,34" hai3="38,100,72,118,58,102,117,88,95,131,53,67,93"/><U41/><E121/><V19/><F73/><W134/><G38/><T55/><D119/><N who="3" m="45577" /><G67/><T4/><D133/><U135/><E135/><V60/><F116/><W77/><G134/><T8/><D23/><U1/><E1/><V44/><F36/><W90/><G131/><N who="0" m="50187" /><D55/><U65/><E128/><V40/><F34/><W20/><G20/><T59/><D59/><U120/><E120/><V68/><F132/><W57/><G53/><T123/><D8/><N who="1" m="6343" /><E71/><V92/><F68/><W16/><G16/><T29/><D29/><N who="1" m="11339" /><E103/><N who="3" m="39466" /><G58/><T79/><D123/><U105/><E105/><V89/><F69/><W52/><G72/><T18/><D18/><U70/><E70/><V97/><F19/><W21/><G21/><T12/><D12/><U111/><E50/><V114/><F60/><N who="3" m="35879" /><G77/><T26/><D26/><U13/><E107/><V99/><F63/><W22/><G22/><T81/><D37/><U24/><E24/><V122/><F122/><W108/><G108/><T30/><D30/><U126/><E111/><V15/><F109/><W49/><G49/><T76/><D42/><U25/><E41/><V124/><F110/><W54/><G54/><T0/><D0/><U61/><E13/><V125/><F15/><W98/><G95/><T43/><D43/><U35/><E61/><V80/><F92/><W11/><G11/><T27/><D27/><U82/><E25/><V112/><F6/><W127/><G90/><T113/><D4/><U84/><E35/><V74/><F7/><W3/><G3/><T47/><D5/><U106/><E106/><V94/><F48/><W101/><G88/><RYUUKYOKU ba="2,1" sc="291,-10,296,-10,217,-10,186,30" hai3="93,98,101,127" /><INIT seed="6,3,1,0,0,83" ten="281,286,207,216" oya="2" hai0="100,104,120,23,43,128,35,60,2,118,5,29,132" hai1="121,25,14,67,92,68,74,48,101,99,63,78,76" hai2="97,30,89,19,110,7,31,129,11,38,130,9,109" hai3="24,70,18,13,81,55,77,91,20,64,117,47,27"/><V123/><F123/><W93/><G117/><T95/><D95/><U80/><E121/><V96/><F38/><W52/><G70/><T112/><D23/><U12/><E78/><V113/><F19/><W53/><G64/><T54/><D54/><U87/><E48/><V98/><F89/><W44/><G27/><T66/><D43/><U107/><E25/><V69/><F69/><W65/><G65/><T61/><D61/><U108/><E108/><N who="2" m="41579" /><F113/><W134/><G134/><T37/><D37/><U106/><E106/><V72/><F72/><W86/><REACH who="3" step="1"/><G24/><REACH who="3" ten="281,286,207,206" step="2"/><T49/><D132/><U58/><E68/><V22/><F22/><W115/><G115/><T56/><D112/><U26/><E26/><V10/><F7/><W116/><G116/><T79/><D5/><U17/><E17/><V75/><F75/><AGARI ba="3,2" hai="13,18,20,44,47,52,53,55,75,77,81,86,91,93" machi="75" ten="40,5200,0" yaku="1,1,52,1,54,1,53,0" doraHai="83" doraHaiUra="59" who="3" fromWho="2" sc="281,0,286,0,207,-61,206,81" /><INIT seed="7,0,0,4,0,41" ten="281,286,146,287" oya="3" hai0="36,91,3,81,108,43,18,45,64,26,88,49,93" hai1="99,127,76,59,73,47,71,78,129,32,53,21,131" hai2="125,135,65,12,58,112,96,2,23,83,46,66,35" hai3="22,13,111,8,10,117,25,123,110,75,38,94,34"/><W82/><G117/><T19/><D3/><U54/><E71/><V72/><F2/><W109/><G123/><T90/><D108/><U67/><E32/><V84/><F35/><W39/><G34/><T9/><D36/><N who="3" m="13865" /><G94/><T121/><D121/><U24/><E127/><V37/><F72/><W118/><G118/><T28/><D64/><U62/><E99/><V89/><F125/><W55/><G55/><T61/><D61/><U0/><E0/><V77/><F135/><W27/><G27/><T31/><D81/><U115/><E115/><V104/><F112/><W68/><G68/><T122/><D122/><U69/><E73/><V116/><F116/><W42/><G42/><T128/><D128/><N who="1" m="49227" /><E54/><V87/><F104/><W63/><G63/><T98/><D19/><N who="1" m="12351" /><E69/><V70/><F70/><W132/><G132/><T113/><D113/><U14/><E14/><V52/><F96/><W30/><G13/><N who="0" m="7471" /><D26/><U4/><E4/><V114/><F114/><W29/><G29/><AGARI ba="0,0" hai="28,29,31,43,45,49,88,90,91,93,98" m="7471" machi="29" ten="30,3900,0" yaku="8,1,52,1,54,1" doraHai="41" who="0" fromWho="3" sc="281,39,286,0,146,0,287,-39" owari="320,41.0,286,9.0,146,-35.0,248,-15.0" /></mjloggm>