<mjloggm ver="2.3"><GO type="169" lobby="0"/><UN n0="%E5%B0%B1%E6%B4%BB%E7%94%9F%40%E5%B7%9D%E6%9D%91%E8%BB%8D%E5%9B%A3" n1="%E3%81%B5%E3%81%86%E3%81%A4" n2="%E3%82%AB%E3%83%B3%E3%83%80%E3%82%BF" n3="%E3%83%9E%E3%82%A6%E3%83%AD%E3%83%BB%E3%82%B7%E3%82%A6%E3%83%90" dan="17,16,17,17" rate="2195.96,2007.59,2154.48,2185.36" sx="M,M,M,M"/><TAIKYOKU oya="0"/><INIT seed="0,0,0,3,1,101" ten="250,250,250,250" oya="0" hai0="109,94,134,22,36,39,132,40,73,11,95,5,37" hai1="113,42,65,93,15,20,50,23,31,116,16,79,63" hai2="66,77,105,129,44,26,118,74,1,61,88,24,45" hai3="100,135,14,57,67,27,53,117,76,122,104,99,90"/><T51/><D73/><U18/><E116/><V130/><F118/><W78/><G117/><T13/><D109/><U121/><E121/><V3/><F74/><W112/><G67/><T128/><D128/><N who="2" m="49258" /><F77/><W56/><G56/><T58/><D22/><U87/><E31/><V125/><F125/><W33/><G112/><T34/><D34/><U35/><E35/><V96/><F45/><W114/><G135/><T75/><D75/><U108/><E108/><V131/><F44/><W85/><G14/><T80/><D80/><U30/><E30/><V55/><F55/><W126/><G126/><T86/><D86/><U10/><E50/><V41/><F41/><W98/><G27/><N who="2" m="10281" /><F131/><W28/><G28/><T124/><D124/><U32/><E32/><V2/><F88/><W70/><G76/><T82/><D82/><U29/><E42/><V97/><F105/><W62/><G78/><T119/><D119/><U4/><E79/><V17/><F17/><W91/><G91/><T12/><D12/><N who="1" m="5191" /><E18/><V83/><F83/><W84/><G84/><T106/><D106/><U123/><E93/><V47/><F47/><W71/><G85/><T110/><D110/><U48/><E48/><V68/><AGARI ba="0,0" hai="1,2,3,61,66,68,96,97" m="10281,49258" machi="68" ten="40,1500,0" yaku="19,1" doraHai="101" who="2" fromWho="2" sc="250,-7,250,-4,250,15,250,-4" /><INIT seed="1,0,0,3,4,70" ten="243,246,265,246" oya="1" hai0="80,24,66,29,11,27,67,110,31,46,107,79,101" hai1="94,76,69,42,12,32,98,43,33,103,72,3,5" hai2="38,7,52,128,56,86,111,124,95,113,71,40,78" hai3="54,41,92,100,117,126,91,16,121,75,114,97,64"/><U122/><E122/><V130/><F111/><W85/><G114/><T62/><D110/><U23/><E69/><V83/><F113/><W36/><G121/><T81/><D11/><U28/><E76/><V35/><F35/><W68/><G75/><T21/><D46/><U135/><E72/><V134/><F124/><W39/><G41/><T87/><D80/><U8/><E135/><V93/><F71/><W49/><G126/><T118/><D118/><U106/><E106/><V120/><F7/><W123/><G123/><T50/><D50/><U58/><E58/><V10/><F10/><W132/><G132/><T13/><D13/><U34/><REACH who="1" step="1"/><E3/><REACH who="1" ten="243,236,265,246" step="2"/><V129/><F120/><W108/><G108/><T105/><D67/><U73/><E73/><V131/><F134/><W65/><G117/><T57/><D101/><U84/><E84/><V102/><F102/><W133/><G133/><T104/><D104/><U63/><E63/><N who="2" m="36231" /><F131/><W116/><G116/><T115/><D115/><U112/><E112/><V51/><F86/><W17/><G65/><T60/><D60/><U18/><E18/><V44/><F78/><W48/><G17/><T2/><D2/><U82/><E82/><V15/><F83/><N who="3" m="49599" /><G16/><T109/><D109/><U9/><E9/><V55/><F15/><W4/><G64/><T127/><D127/><U47/><E47/><AGARI ba="0,1" hai="38,40,44,47,51,55,93,95,128,129,130" m="36231" machi="47" ten="30,3900,0" yaku="19,1,52,1,54,1" doraHai="70" who="2" fromWho="1" sc="243,0,236,-39,265,49,246,0" /><INIT seed="2,0,0,3,4,18" ten="243,197,314,246" oya="2" hai0="7,119,26,83,6,49,78,115,30,106,69,28,47" hai1="65,135,116,85,31,97,63,55,105,23,9,29,50" hai2="81,87,98,51,118,0,42,126,57,36,37,134,3" hai3="64,22,24,93,61,92,84,1,44,82,66,33,27"/><V20/><F118/><W122/><G122/><T124/><D115/><U53/><E116/><V91/><F126/><W109/><G1/><T130/><D119/><U34/><E34/><V10/><F134/><W132/><G109/><T103/><D124/><U114/><E114/><V2/><F98/><W68/><G132/><T96/><D69/><U129/><E135/><V67/><F10/><W40/><G27/><T11/><D130/><U58/><E9/><V112/><F112/><W127/><G64/><T131/><D131/><U79/><E129/><V72/><F72/><W123/><G33/><T38/><D38/><U54/><E31/><V133/><F133/><W59/><G68/><T56/><D56/><U104/><E104/><V60/><REACH who="2" step="1"/><F20/><REACH who="2" ten="243,197,304,246" step="2"/><W100/><G127/><T80/><D7/><U117/><E97/><V52/><F52/><W94/><G123/><T46/><D11/><U74/><E74/><V15/><F15/><W77/><G100/><T19/><D6/><U73/><E73/><V8/><F8/><W48/><G24/><T71/><D26/><N who="1" m="16607" /><E117/><V120/><F120/><W99/><G99/><T113/><D96/><U16/><E105/><V121/><F121/><W95/><N who="3" m="23552" /><DORA hai="21" /><W5/><G5/><T125/><D103/><U41/><E55/><V32/><F32/><W75/><G75/><T88/><D106/><U110/><E54/><V89/><F89/><W111/><G22/><T128/><D125/><U90/><E90/><V45/><AGARI ba="0,1" hai="0,2,3,36,37,42,45,51,57,60,67,81,87,91" machi="45" ten="40,7800,0" yaku="1,1,0,1,53,1" doraHai="18,21" doraHaiUra="13,76" who="2" fromWho="2" sc="243,-26,197,-26,304,88,246,-26" /><INIT seed="2,1,0,2,3,71" ten="217,171,392,220" oya="2" hai0="132,134,70,89,65,122,49,72,124,79,130,53,51" hai1="38,12,88,22,24,50,131,78,92,120,74,47,97" hai2="55,35,82,67,28,85,0,26,69,121,84,115,86" hai3="133,14,15,20,54,25,21,110,95,36,44,90,119"/><V104/><F121/><W48/><G119/><T1/><D1/><U111/><E111/><V103/><F115/><W57/><G110/><T61/><D72/><U42/><E131/><V77/><F0/><W87/><G133/><N who="0" m="51307" /><D79/><U39/><E120/><V17/><F17/><W59/><G36/><T102/><D102/><U81/><E12/><N who="3" m="4650" /><G20/><T107/><D107/><U123/><E123/><V106/><F55/><W33/><G33/><T11/><D11/><U118/><E118/><V108/><F108/><W45/><G45/><N who="0" m="27823" /><D89/><U52/><E42/><V7/><F7/><W4/><G4/><T56/><D122/><U91/><E91/><V98/><REACH who="2" step="1"/><F106/><REACH who="2" ten="217,171,382,220" step="2"/><W93/><G93/><T112/><D112/><U60/><E60/><AGARI ba="1,1" hai="26,28,35,60,67,69,77,82,84,85,86,98,103,104" machi="60" ten="40,12000,1" yaku="1,1,2,1,25,2,53,0" doraHai="71" doraHaiUra="34" who="2" fromWho="1" sc="217,0,171,-123,382,133,220,0" /><INIT seed="2,2,0,0,4,60" ten="217,48,515,220" oya="2" hai0="111,68,51,76,57,123,26,62,98,106,88,120,130" hai1="37,135,50,116,74,35,14,24,41,86,122,17,69" hai2="0,125,31,49,59,99,109,70,27,93,67,72,47" hai3="45,83,127,10,94,39,102,85,124,107,75,87,12"/><V97/><F72/><W63/><G39/><T18/><D111/><U77/><E86/><V71/><F109/><W119/><G63/><T66/><D130/><U8/><E116/><V5/><F125/><N who="3" m="48203" /><G45/><T65/><D76/><U118/><E118/><V20/><F0/><W36/><G12/><T89/><D106/><U43/><E37/><V64/><F5/><W56/><G10/><T105/><D105/><U53/><E135/><V128/><F128/><W126/><G56/><T55/><D98/><U117/><E117/><V134/><F134/><W22/><G22/><N who="0" m="13655" /><D68/><U129/><E129/><V33/><F33/><W9/><G9/><T91/><D120/><U82/><E122/><V46/><F46/><W42/><G42/><T115/><D115/><U113/><E113/><V23/><F23/><W103/><G36/><T32/><D32/><U108/><E108/><V132/><F132/><W38/><G38/><T11/><D123/><U16/><E69/><V25/><F25/><W110/><G107/><T29/><D29/><U95/><E35/><V3/><F3/><W7/><G75/><T1/><D1/><U6/><E24/><V112/><F70/><W104/><G104/><T131/><D131/><U52/><E17/><V44/><F31/><W19/><G126/><T133/><D133/><U100/><E6/><V78/><F27/><W21/><G7/><T84/><D11/><U90/><E53/><V30/><F30/><W92/><G119/><T13/><D13/><U121/><E121/><V15/><F71/><W96/><G110/><T54/><D84/><N who="1" m="52679" /><E100/><V48/><F112/><RYUUKYOKU ba="2,0" sc="217,15,48,15,515,-15,220,-15" hai0="51,54,55,57,62,65,66,88,89,91" hai1="8,14,16,41,43,50,52,74,77,82" /><INIT seed="3,3,0,4,0,12" ten="232,63,500,205" oya="3" hai0="27,16,26,108,11,106,121,28,111,63,37,135,134" hai1="61,85,23,84,86,21,52,1,115,29,77,48,68" hai2="14,95,70,90,9,64,53,82,60,24,81,128,47" hai3="13,49,110,105,83,104,117,2,20,7,113,5,118"/><W75/><G113/><T59/><D106/><U39/><E39/><V100/><F128/><W69/><G69/><T96/><D37/><U130/><E1/><V131/><F131/><W99/><G2/><T74/><D74/><U54/><E130/><V124/><F124/><W46/><G5/><T97/><D121/><U56/><E115/><V66/><F100/><W103/><G105/><T50/><D50/><U3/><E3/><V112/><F24/><W94/><G110/><N who="0" m="42027" /><D27/><N who="1" m="16623" /><E68/><V40/><F64/><W87/><G75/><T79/><D79/><U129/><E129/><V73/><F53/><W45/><G104/><T35/><D96/><U58/><E23/><V8/><F8/><N who="3" m="4255" /><G118/><T41/><D97/><U132/><E132/><N who="0" m="50729" /><D41/><U107/><E107/><V114/><F73/><W126/><G126/><T18/><D11/><U102/><E102/><V32/><F112/><W71/><G117/><T55/><AGARI ba="3,0" hai="16,18,26,28,35,55,59,63" m="50729,42027" machi="55" ten="30,8000,1" yaku="14,1,20,1,52,2,54,1" doraHai="12" who="0" fromWho="0" sc="232,89,63,-23,500,-23,205,-43" /><INIT seed="4,0,0,5,4,4" ten="321,40,477,162" oya="0" hai0="113,72,100,64,87,130,124,16,94,86,125,28,2" hai1="126,107,99,80,84,132,36,19,122,91,73,69,60" hai2="18,118,123,49,66,96,63,53,20,45,67,44,65" hai3="108,70,42,74,121,79,120,13,25,32,40,1,35"/><T57/><D2/><U61/><E122/><N who="3" m="47210" /><G70/><T128/><D72/><U30/><E36/><V88/><F123/><W78/><G42/><T6/><D6/><U33/><E132/><V17/><F118/><W98/><G40/><T50/><D28/><U34/><E126/><N who="0" m="48745" /><D113/><U114/><E114/><V7/><F7/><W104/><G79/><T89/><D64/><U46/><E69/><V77/><F77/><W101/><G78/><T62/><D62/><U71/><E71/><V115/><F115/><W8/><G1/><T129/><D50/><U112/><E73/><V58/><F45/><W37/><G35/><T29/><D29/><U131/><E46/><V21/><F17/><W12/><G32/><T23/><D57/><U55/><E61/><V43/><F21/><W81/><G37/><T134/><D100/><U110/><E19/><V111/><F18/><W117/><G101/><T133/><D86/><U52/><E60/><V54/><F63/><W95/><G117/><T75/><D75/><U26/><E34/><V10/><F49/><W3/><G3/><T116/><D116/><U106/><E112/><V14/><F65/><W109/><G74/><T27/><AGARI ba="0,0" hai="16,23,27,87,89,94,128,129,130,133,134" m="48745" machi="27" ten="40,12000,1" yaku="30,2,19,1,18,1,54,1" doraHai="4" who="0" fromWho="0" sc="321,120,40,-40,477,-40,162,-40" /><INIT seed="4,1,0,5,3,99" ten="441,0,437,122" oya="0" hai0="69,17,82,34,67,129,114,4,130,74,25,123,75" hai1="31,72,55,94,107,0,126,20,6,98,73,122,15" hai2="3,97,45,88,58,37,30,42,10,21,128,70,84" hai3="116,38,66,18,62,135,121,32,54,78,106,52,29"/><T102/><D114/><U35/><E107/><V19/><F70/><W95/><G106/><T46/><D123/><U47/><E122/><V60/><F128/><N who="0" m="49258" /><D4/><U115/><E126/><V40/><F40/><W53/><G52/><T50/><D82/><U64/><E64/><V119/><F119/><W71/><G18/><T26/><D102/><U100/><E115/><V59/><F97/><W1/><G71/><T23/><D67/><U28/><E28/><V57/><F30/><W44/><G29/><N who="0" m="19759" /><D69/><U132/><E132/><V77/><F77/><W11/><G78/><T79/><D79/><U111/><E111/><V56/><F3/><W112/><G1/><T104/><D104/><U89/><E72/><V113/><F113/><W81/><G112/><T96/><D96/><U109/><E109/><V91/><F10/><W125/><G11/><T87/><D87/><U9/><E73/><V27/><REACH who="2" step="1"/><F84/><REACH who="2" ten="441,0,427,122" step="2"/><W48/><G121/><T86/><D86/><U14/><E35/><V5/><F5/><W101/><G32/><T120/><D120/><U39/><E0/><V134/><F134/><W8/><G135/><T92/><D92/><N who="1" m="58439" /><E31/><V13/><F13/><W7/><G7/><T33/><D33/><U93/><E14/><V80/><F80/><W36/><G81/><T131/><N who="0" m="49266" /><T41/><AGARI ba="1,1" hai="17,23,26,41,46,50,74,75" m="19759,49266" machi="41" ten="40,3900,0" yaku="4,1,19,1" doraHai="99" who="0" fromWho="0" sc="441,52,0,-14,427,-14,122,-14" owari="493,59.0,-14,-51.0,413,21.0,108,-29.0" /></mjloggm>