<mjloggm ver="2.3"><GO type="41" lobby="0"/><UN n0="%E3%81%91%E3%81%99%E3%81%91" n1="%41%6F%62%61%73%6F%6C%6F" n2="%E5%8F%B3%E5%9B%9B%E6%8E%A8%E9%80%B2%E5%A7%94%E5%93%A1%E6%9C%83" n3="%E5%B0%B1%E6%B4%BB%E7%94%9F%40%E5%B7%9D%E6%9D%91%E8%BB%8D%E5%9B%A3" dan="13,13,14,17" rate="1893.10,1833.06,2087.03,2220.72" sx="M,M,M,M"/><TAIKYOKU oya="0"/><INIT seed="0,0,0,5,4,65" ten="250,250,250,250" oya="0" hai0="123,80,90,61,102,81,30,29,59,40,98,67,105" hai1="49,16,68,13,14,7,50,1,118,114,101,54,125" hai2="70,17,51,5,0,39,63,110,69,86,89,91,75" hai3="43,92,60,2,45,111,113,58,34,31,24,18,127"/><T94/><D123/><U117/><E68/><V42/><F75/><W22/><G113/><T41/><D105/><U130/><E114/><V6/><F39/><W134/><G111/><T15/><D15/><U21/><E1/><V28/><F110/><W48/><G134/><T85/><REACH who="0" step="1"/><D80/><REACH who="0" ten="240,250,250,250" step="2"/><U107/><E107/><V82/><F0/><W78/><G2/><T120/><D120/><U97/><E117/><V11/><F82/><W99/><G127/><T27/><D27/><U128/><E118/><V10/><F28/><AGARI ba="0,1" hai="28,29,30,40,41,59,61,67,81,85,90,94,98,102" machi="28" ten="40,7700,0" yaku="1,1,8,1,53,1" doraHai="65" doraHaiUra="52" who="0" fromWho="2" sc="240,87,250,0,250,-77,250,0" /><INIT seed="0,1,0,3,3,125" ten="327,250,173,250" oya="0" hai0="98,42,118,14,70,76,18,22,131,130,73,89,104" hai1="32,1,81,80,40,35,52,108,61,24,97,99,0" hai2="116,96,57,45,34,37,9,67,100,78,87,88,60" hai3="25,47,16,58,66,54,5,95,111,101,135,114,107"/><T94/><D118/><U68/><E40/><V126/><F126/><W15/><G114/><T59/><D70/><U53/><E24/><V71/><F116/><W2/><G107/><T92/><D42/><U127/><E127/><V55/><F34/><W36/><G111/><T62/><D94/><U11/><E11/><V129/><F78/><W10/><G135/><T91/><D104/><U27/><E27/><V123/><F123/><W23/><G66/><T75/><D91/><U44/><E44/><V38/><F9/><W121/><G121/><T105/><D105/><U79/><E79/><V115/><F115/><W122/><G122/><T113/><D113/><U85/><E85/><V17/><F17/><W49/><G36/><T77/><D76/><U117/><E117/><V84/><F129/><N who="0" m="49162" /><D77/><U39/><E39/><V132/><F132/><W90/><G101/><T33/><D33/><U13/><E68/><V134/><F134/><W21/><G95/><T102/><D102/><U128/><E128/><V50/><F71/><W110/><G90/><T65/><AGARI ba="1,0" hai="14,18,22,59,62,65,73,75,89,92,98" m="49162" machi="65" ten="30,11700,0" yaku="19,1,52,3" doraHai="125" who="0" fromWho="0" sc="327,120,250,-40,173,-40,250,-40" /><INIT seed="0,2,0,5,2,129" ten="447,210,133,210" oya="0" hai0="111,123,63,29,22,73,13,71,30,82,41,83,51" hai1="43,110,92,54,79,1,93,55,61,119,4,16,97" hai2="96,115,49,23,120,70,25,133,128,26,17,33,104" hai3="127,116,31,47,3,14,124,84,56,37,74,35,60"/><T77/><D123/><U24/><E119/><V50/><F120/><W86/><G74/><T28/><D111/><U118/><E118/><V122/><F122/><W21/><G3/><T20/><D82/><U58/><E110/><V5/><F115/><W68/><G116/><T121/><D121/><U135/><E79/><V101/><F128/><W38/><G68/><T112/><D112/><U107/><E43/><V88/><F70/><W91/><G35/><T117/><D117/><U109/><E109/><V62/><F62/><W34/><G34/><T7/><D7/><U53/><E135/><V66/><F66/><W46/><G31/><T32/><D13/><U125/><E125/><V6/><F133/><W2/><G2/><T65/><REACH who="0" step="1"/><D32/><REACH who="0" ten="437,210,133,210" step="2"/><U130/><E130/><V45/><F5/><W95/><G14/><T126/><D126/><U114/><E114/><V59/><F6/><W69/><G124/><T100/><D100/><U10/><E4/><V15/><F33/><W36/><G127/><T103/><D103/><U27/><E1/><V106/><F15/><W87/><G21/><T39/><D39/><U9/><E107/><V44/><F104/><W132/><G132/><T40/><D40/><U12/><E12/><V11/><F106/><W81/><G81/><T75/><D75/><U42/><E42/><V89/><F101/><W99/><G69/><T80/><D80/><U0/><E0/><V64/><F23/><W98/><G38/><T19/><D19/><U67/><E10/><V131/><F11/><W78/><G37/><T113/><D113/><U134/><E134/><RYUUKYOKU ba="2,1" sc="437,30,210,-10,133,-10,210,-10" hai0="20,22,28,29,30,41,51,63,65,71,73,77,83" /><INIT seed="0,3,1,3,1,31" ten="467,200,123,200" oya="0" hai0="133,92,72,37,63,127,76,130,134,83,64,87,54" hai1="109,4,50,73,3,121,85,79,20,117,103,116,67" hai2="26,78,46,9,12,123,114,19,126,65,43,91,77" hai3="5,62,120,88,17,2,102,44,113,29,7,80,28"/><T60/><D37/><U59/><E73/><V57/><F114/><W22/><G113/><T36/><D36/><U84/><E121/><V71/><F123/><W93/><G120/><T105/><D105/><U32/><E32/><V94/><F126/><W30/><G2/><T1/><D127/><U68/><E68/><V16/><F71/><W115/><G115/><T47/><D130/><U99/><E116/><V24/><F65/><W81/><G102/><T90/><D1/><U112/><E117/><V8/><F57/><W35/><G35/><T34/><D34/><U107/><E112/><V70/><F70/><W10/><G62/><T55/><D64/><U41/><E109/><V42/><F46/><W49/><G10/><T45/><D60/><U98/><E98/><V75/><F75/><W40/><G7/><T18/><D18/><U108/><E108/><V58/><F58/><W111/><G5/><T132/><REACH who="0" step="1"/><D63/><REACH who="0" ten="457,200,123,200" step="2"/><U25/><E3/><V6/><F6/><W52/><G111/><T69/><D69/><U21/><E4/><V95/><F12/><N who="3" m="9511" /><G40/><T15/><D15/><U51/><E67/><V56/><F56/><W13/><G13/><T100/><D100/><U74/><E41/><V86/><F91/><W135/><G135/><T38/><D38/><U128/><E128/><V53/><F53/><AGARI ba="3,2" hai="45,47,53,54,55,72,76,83,87,90,92,132,133,134" machi="53" ten="40,3900,0" yaku="1,1,20,1,53,0" doraHai="31" doraHaiUra="97" who="0" fromWho="2" sc="457,68,200,0,123,-48,200,0" /><INIT seed="0,4,0,4,5,71" ten="525,200,75,200" oya="0" hai0="118,93,63,127,125,124,17,80,67,99,131,33,13" hai1="69,85,70,41,14,57,77,86,66,60,5,98,112" hai2="26,6,126,21,39,97,52,8,25,1,44,119,102" hai3="38,114,27,54,55,4,59,72,64,92,91,115,116"/><T12/><D118/><U61/><E41/><V53/><F119/><W24/><G72/><T40/><D131/><U109/><E109/><V107/><F126/><W68/><G116/><T30/><D40/><U51/><E51/><V129/><F129/><W96/><G4/><T28/><D80/><U56/><E98/><V130/><F130/><W20/><G27/><T50/><D50/><U46/><E46/><V120/><F120/><W76/><G76/><T3/><D3/><U78/><E78/><V94/><F107/><W90/><G90/><T62/><D33/><U121/><E121/><V81/><F81/><W123/><G123/><T48/><D48/><U2/><E2/><V75/><F75/><W58/><G38/><T10/><D13/><U9/><E112/><V37/><F26/><W43/><G43/><T73/><D73/><U128/><E128/><V106/><F106/><W7/><G7/><T18/><D18/><U111/><E111/><V95/><F95/><W100/><G115/><T110/><D63/><U87/><E77/><V31/><REACH who="2" step="1"/><F44/><REACH who="2" ten="525,200,65,200" step="2"/><W83/><G114/><T134/><D110/><U132/><REACH who="1" step="1"/><E132/><REACH who="1" ten="525,190,65,200" step="2"/><V74/><F74/><W45/><G96/><T36/><D134/><U29/><E29/><V135/><F135/><W22/><G45/><T122/><D122/><U19/><E19/><V108/><F108/><W35/><G100/><N who="0" m="60527" /><D28/><U42/><E42/><V104/><F104/><W133/><G133/><T47/><D30/><U15/><E15/><V0/><F0/><W11/><G24/><T32/><D47/><U101/><E101/><V34/><F34/><RYUUKYOKU ba="4,2" sc="525,-15,190,15,65,15,200,-15" hai1="5,9,14,56,57,60,61,66,69,70,85,86,87" hai2="1,6,8,21,25,31,37,39,52,53,94,97,102" /><INIT seed="1,5,2,1,5,108" ten="510,205,80,185" oya="1" hai0="20,117,9,62,68,111,59,21,84,81,131,39,42" hai1="116,48,1,129,23,18,0,67,40,69,126,53,17" hai2="11,47,56,15,92,44,134,2,135,33,22,89,55" hai3="57,71,28,38,4,7,29,30,107,110,83,61,102"/><U79/><E116/><V8/><F33/><W86/><G110/><T120/><D117/><U88/><E79/><V85/><F2/><W35/><G35/><T65/><D111/><U115/><E115/><V95/><F95/><W112/><G38/><T97/><D120/><U25/><E40/><V43/><F22/><W76/><G71/><T27/><D131/><U54/><E54/><V113/><F113/><W63/><G112/><T94/><D39/><U118/><E118/><V37/><F47/><W93/><G107/><T10/><D42/><U16/><E1/><V114/><F114/><W77/><G77/><N who="0" m="46127" /><D68/><U70/><E0/><V127/><F127/><W90/><G102/><N who="0" m="60727" /><D21/><U124/><E69/><V45/><F45/><W130/><G130/><T122/><D122/><U6/><E129/><V125/><F125/><N who="1" m="48233" /><E6/><V34/><F34/><W3/><G3/><T52/><D65/><U36/><E36/><V49/><REACH who="2" step="1"/><F11/><REACH who="2" ten="510,205,70,185" step="2"/><W121/><G121/><T74/><D74/><U78/><E78/><V99/><F99/><W82/><G93/><T87/><D87/><U50/><E88/><V103/><F103/><W75/><REACH who="3" step="1"/><G63/><REACH who="3" ten="510,205,70,175" step="2"/><T91/><D91/><U26/><E70/><V12/><F12/><W58/><G58/><T119/><D119/><U64/><E26/><V66/><F66/><AGARI ba="5,4" hai="4,7,28,29,30,57,61,66,75,76,82,83,86,90" machi="66" ten="40,2600,0" yaku="1,1,53,1" doraHai="108" doraHaiUra="104" who="3" fromWho="2" sc="510,0,205,0,70,-41,175,81" /><INIT seed="2,0,0,2,2,20" ten="510,205,29,256" oya="2" hai0="45,57,91,74,87,61,47,19,0,100,79,108,66" hai1="114,29,38,60,54,80,40,35,25,121,33,51,126" hai2="98,39,93,107,50,16,72,36,11,3,132,7,86" hai3="64,22,32,70,69,44,118,9,59,102,124,127,71"/><V41/><F72/><W65/><G32/><T133/><D108/><U76/><E114/><V30/><F132/><W134/><G118/><T17/><D133/><U43/><E35/><V120/><F120/><W90/><G134/><T52/><D0/><U83/><E121/><V117/><F117/><W62/><G102/><T31/><D100/><U131/><E38/><V28/><F107/><W4/><G22/><T89/><D74/><U96/><E80/><V24/><F86/><W42/><G90/><N who="0" m="34315" /><D31/><U119/><E119/><V88/><F50/><N who="3" m="26903" /><G9/><T56/><D45/><U8/><E8/><V129/><F129/><W75/><G4/><T13/><D47/><U49/><E49/><V14/><F41/><W95/><G95/><T106/><D106/><U92/><E60/><V112/><F112/><W82/><G82/><N who="0" m="47583" /><D13/><U99/><E131/><V48/><F48/><AGARI ba="0,0" hai="17,19,48,52,56,57,61,66" m="47583,34315" machi="48" ten="30,2000,0" yaku="8,1,54,1" doraHai="20" who="0" fromWho="2" sc="510,20,205,0,29,-20,256,0" /><INIT seed="3,0,0,2,1,55" ten="530,205,9,256" oya="3" hai0="107,128,51,79,6,89,60,21,7,109,1,99,82" hai1="0,12,98,87,29,58,83,110,8,103,111,37,125" hai2="112,42,132,45,13,20,97,33,108,50,81,77,63" hai3="65,68,14,104,11,53,73,119,70,10,127,76,129"/><W121/><G119/><T43/><D109/><N who="1" m="41483" /><E37/><V90/><F108/><W84/><G121/><T66/><D128/><U19/><E0/><V38/><F112/><W114/><G114/><T67/><D1/><U57/><E29/><V72/><F33/><W27/><G104/><T135/><D135/><U86/><E125/><V80/><F132/><W4/><G127/><T48/><D21/><U46/><E46/><V113/><F113/><W91/><G129/><T16/><D107/><U2/><E2/><V40/><F63/><W75/><G76/><T34/><D34/><U120/><E120/><V3/><F3/><W36/><G36/><T23/><D43/><U101/><E101/><V22/><F13/><W24/><G53/><T62/><D23/><U123/><E123/><V49/><F38/><W78/><G78/><T69/><D79/><N who="1" m="46463" /><E87/><V126/><F126/><W25/><G11/><T122/><D122/><U95/><AGARI ba="0,0" hai="8,12,19,57,58,95,98,103" m="46463,41483" machi="95" ten="30,4000,0" yaku="14,1,52,2" doraHai="55" who="1" fromWho="1" sc="530,-10,205,40,9,-10,256,-20" owari="520,61.0,245,5.0,-1,-50.0,236,-16.0" /></mjloggm>