<mjloggm ver="2.3"><GO type="169" lobby="0"/><UN n0="%79%6F%74%65%72%75" n1="%E5%B0%B1%E6%B4%BB%E7%94%9F%40%E5%B7%9D%E6%9D%91%E8%BB%8D%E5%9B%A3" n2="%E9%A7%84%E5%A6%B9" n3="%E6%99%82%E3%81%AE%E6%BC%82%E6%B3%8A" dan="17,18,16,17" rate="2234.70,2270.23,2089.65,2209.90" sx="M,M,F,F"/><TAIKYOKU oya="0"/><INIT seed="0,0,0,5,5,134" ten="250,250,250,250" oya="0" hai0="112,29,2,101,49,50,19,113,109,9,119,77,56" hai1="58,31,7,128,92,23,1,46,21,104,82,85,39" hai2="73,34,130,3,6,76,37,87,93,26,108,59,121" hai3="124,25,14,127,62,135,111,15,99,38,129,57,103"/><T100/><D119/><U68/><E104/><V64/><F121/><W116/><G116/><T81/><D29/><U47/><E68/><V20/><F37/><W5/><G38/><T71/><D71/><U35/><E35/><V78/><F108/><W115/><G115/><T40/><D109/><U126/><E128/><V0/><F130/><W10/><G111/><T107/><D50/><U12/><E1/><V61/><F73/><W13/><G129/><T44/><D56/><U79/><E39/><V105/><F105/><N who="3" m="63743" /><G25/><T74/><D19/><U117/><E117/><V22/><F22/><W52/><G135/><T110/><D110/><U36/><E92/><V18/><F34/><W43/><G43/><T98/><REACH who="0" step="1"/><D100/><REACH who="0" ten="240,250,250,250" step="2"/><U27/><E58/><V91/><F59/><W123/><G123/><T84/><D84/><U86/><E85/><V51/><F51/><W80/><G80/><T75/><D75/><U120/><E120/><V66/><F87/><W95/><G95/><T17/><D17/><U97/><E31/><V131/><F18/><W88/><G5/><AGARI ba="0,1" hai="2,5,9,40,44,49,74,77,81,98,101,107,112,113" machi="5" ten="40,2000,0" yaku="1,1,53,0" doraHai="134" doraHaiUra="65" who="0" fromWho="3" sc="240,30,250,0,250,0,250,-20" /><INIT seed="0,1,0,3,1,2" ten="270,250,250,230" oya="0" hai0="41,4,39,135,53,91,25,67,102,126,106,55,68" hai1="88,73,11,79,32,90,8,72,46,94,0,18,117" hai2="40,108,59,103,86,45,13,129,122,71,42,78,44" hai3="105,124,107,17,7,6,121,51,27,123,30,130,120"/><T82/><D126/><U119/><E32/><V58/><F122/><W23/><G124/><T28/><D135/><U21/><E46/><V63/><F108/><W76/><G130/><T64/><D64/><U95/><E0/><V37/><F103/><W20/><G76/><T57/><D57/><U116/><E21/><V98/><F98/><W96/><G51/><T132/><D132/><U62/><E62/><V125/><F125/><W74/><G74/><T31/><D31/><U85/><E79/><V10/><F129/><W114/><G114/><T15/><D91/><U38/><E38/><V133/><F133/><W61/><G61/><T83/><D55/><U12/><REACH who="1" step="1"/><E11/><REACH who="1" ten="270,240,250,230" step="2"/><V131/><F131/><W66/><G66/><T54/><D39/><U19/><E19/><V52/><F63/><W115/><G115/><T50/><D67/><U70/><E70/><V26/><F71/><W81/><G81/><T111/><D68/><U110/><E110/><V109/><F109/><W33/><G23/><T16/><D83/><U118/><N who="1" m="29696" /><DORA hai="99" /><U35/><E35/><V43/><F37/><W1/><G1/><T9/><D82/><U113/><E113/><V93/><F44/><W69/><G69/><T92/><D111/><U100/><E100/><V104/><F78/><W127/><G127/><T101/><D102/><U87/><AGARI ba="1,1" hai="8,12,18,72,73,85,87,88,90,94,95" m="29696" machi="87" ten="60,16000,3" yaku="1,1,0,1,9,1,54,1,53,5" doraHai="2,99" doraHaiUra="14,112" who="1" fromWho="1" sc="270,-81,240,173,250,-41,230,-41" /><INIT seed="1,0,0,0,4,54" ten="189,413,209,189" oya="1" hai0="135,48,23,94,111,81,12,113,115,114,5,24,57" hai1="117,31,22,20,133,3,71,47,125,19,91,110,59" hai2="28,77,18,70,61,79,6,36,130,102,101,30,98" hai3="134,128,17,68,123,11,33,119,0,129,37,32,39"/><U27/><E71/><V93/><F36/><W96/><G123/><T132/><D81/><U72/><E72/><V56/><F70/><W66/><G96/><T41/><D94/><U38/><E117/><V84/><F130/><N who="3" m="50283" /><G17/><T99/><D99/><U2/><E125/><V126/><F102/><W53/><G119/><T121/><D121/><U87/><E133/><N who="0" m="51273" /><D111/><U112/><E112/><V13/><F6/><N who="3" m="1479" /><G134/><T44/><D57/><U64/><E47/><V88/><F126/><W83/><G83/><T58/><D58/><U124/><E38/><N who="3" m="14346" /><G53/><T9/><D114/><U45/><E45/><V92/><F28/><AGARI ba="0,0" hai="5,9,12,23,24,28,41,44,48,113,115" m="51273" machi="28" ten="30,1000,0" yaku="20,1" doraHai="54" who="0" fromWho="2" sc="189,10,413,0,209,-10,189,0" /><INIT seed="2,0,0,3,0,26" ten="199,413,199,189" oya="2" hai0="118,83,30,16,110,119,6,35,90,31,3,84,85" hai1="91,4,47,121,19,130,69,126,92,21,20,17,11" hai2="18,132,71,113,55,25,51,28,2,87,70,127,79" hai3="50,76,14,109,15,42,66,65,96,46,29,108,68"/><V74/><F74/><W27/><G76/><T100/><D110/><N who="3" m="42601" /><G96/><T77/><D100/><U105/><E105/><V78/><F113/><W48/><G50/><T9/><D16/><N who="1" m="6219" /><E69/><V133/><F2/><W24/><G24/><T64/><D64/><N who="3" m="24681" /><G68/><N who="2" m="26153" /><F18/><W43/><G43/><T128/><D128/><U115/><E126/><V40/><F40/><W22/><AGARI ba="0,0" hai="14,15,22,27,29,42,46,48" m="24681,42601" machi="22" ten="30,2000,0" yaku="14,1,52,1" doraHai="26" who="3" fromWho="3" sc="199,-5,413,-5,199,-10,189,20" /><INIT seed="3,0,0,4,4,48" ten="194,408,189,209" oya="3" hai0="39,111,94,30,119,106,72,85,57,7,9,31,121" hai1="8,47,11,123,87,56,107,15,126,92,109,86,0" hai2="125,46,115,102,27,52,97,113,82,78,25,80,120" hai3="100,43,132,5,51,108,81,12,60,112,62,135,67"/><W83/><G112/><T50/><D111/><U58/><E107/><V84/><F125/><W131/><G100/><T6/><D72/><U35/><E35/><V38/><F120/><W18/><G5/><T53/><D106/><U44/><E123/><V26/><F82/><N who="3" m="31243" /><G67/><T104/><D104/><U79/><E109/><V128/><F128/><W16/><G108/><T77/><D119/><U17/><E0/><V76/><F76/><W127/><G127/><T64/><D121/><U49/><E47/><V118/><F118/><W69/><G69/><T71/><D39/><U98/><E11/><V93/><REACH who="2" step="1"/><F38/><REACH who="2" ten="194,408,179,209" step="2"/><W45/><G131/><T10/><D77/><U28/><E79/><V90/><F90/><W40/><G132/><T36/><D36/><U68/><E126/><V54/><F54/><N who="3" m="30063" /><G135/><T22/><D64/><U1/><E1/><V59/><F59/><W95/><G95/><T66/><D66/><U55/><E68/><V91/><F91/><W21/><G18/><T63/><D71/><U23/><E58/><V34/><F34/><W2/><G2/><T96/><D57/><U133/><E56/><V14/><F14/><W75/><G75/><T65/><D94/><U134/><E133/><V124/><F124/><W114/><G114/><T130/><D130/><U24/><E134/><V20/><F20/><W74/><G74/><T3/><D22/><U105/><E105/><V41/><F41/><AGARI ba="0,1" hai="12,16,21,40,41,43,60,62" m="30063,31243" machi="41" ten="30,5800,0" yaku="8,1,52,1,54,1" doraHai="48" who="3" fromWho="2" sc="194,0,408,0,179,-58,209,68" /><INIT seed="3,1,0,2,3,93" ten="194,408,121,277" oya="3" hai0="116,78,8,73,64,131,68,4,74,24,2,46,41" hai1="69,109,3,127,33,15,77,11,35,111,54,123,114" hai2="79,83,9,18,21,7,113,22,92,85,135,29,118" hai3="84,105,98,20,117,59,82,50,112,45,104,133,58"/><W100/><G112/><T75/><D116/><U108/><E69/><V62/><F113/><W103/><G117/><T48/><D131/><U31/><E114/><V126/><F118/><W47/><G133/><T115/><D115/><U5/><E77/><V90/><F135/><W51/><G20/><T96/><D24/><N who="1" m="18663" /><E54/><V28/><F62/><W16/><G16/><T1/><D1/><U61/><E61/><V12/><F126/><W71/><G71/><T52/><D78/><U0/><E123/><V122/><F22/><W37/><G37/><T89/><D68/><U27/><E127/><V106/><F106/><W63/><G63/><T30/><D30/><AGARI ba="1,0" hai="0,3,5,11,15,27,30,35,108,109,111" m="18663" machi="30" ten="30,3900,0" yaku="14,1,34,2" doraHai="93" who="1" fromWho="0" sc="194,-42,408,42,121,0,277,0" /><INIT seed="4,0,0,1,0,31" ten="152,450,121,277" oya="0" hai0="16,88,17,132,44,61,59,2,58,108,104,13,8" hai1="45,27,112,103,50,18,66,84,101,52,38,77,57" hai2="12,75,95,55,122,135,82,65,3,76,107,98,33" hai3="80,110,42,115,91,102,87,121,68,116,130,117,81"/><T0/><D104/><U114/><E77/><V89/><F3/><W28/><G68/><T49/><D132/><U79/><E79/><V63/><F122/><W74/><G42/><T109/><D17/><U96/><E84/><V51/><F135/><W94/><G28/><T105/><D105/><U40/><E66/><V106/><F12/><W46/><G46/><T1/><D88/><U9/><E96/><V129/><F129/><W43/><G43/><T19/><D19/><U56/><E57/><V53/><F33/><W93/><G110/><N who="0" m="42603" /><D61/><U86/><E86/><V20/><F20/><W70/><G70/><T21/><D21/><N who="1" m="13751" /><E9/><V125/><F125/><W35/><G130/><T14/><D14/><U83/><E83/><V126/><F126/><W6/><G81/><T47/><D47/><U36/><E36/><V124/><F124/><W29/><G80/><T85/><D85/><U48/><E48/><V11/><F11/><W54/><G87/><T100/><D100/><U64/><E64/><V118/><F118/><W134/><G102/><T90/><D90/><U128/><E128/><V99/><F99/><W15/><G91/><T123/><D123/><U23/><E23/><V92/><F92/><W25/><G121/><T5/><D5/><U37/><E37/><V39/><F39/><W131/><G131/><T97/><D97/><U7/><E7/><V72/><F72/><W26/><G74/><T10/><D10/><U73/><E73/><V113/><F107/><W41/><G117/><T119/><D119/><U24/><E103/><V120/><F120/><W22/><G116/><RYUUKYOKU ba="0,0" sc="152,30,450,-10,121,-10,277,-10" hai0="0,1,2,8,13,16,44,49,58,59" /><INIT seed="4,1,0,1,1,119" ten="182,440,111,267" oya="0" hai0="54,43,127,3,27,87,117,130,105,6,90,76,35" hai1="57,126,104,99,19,33,38,5,68,83,52,61,135" hai2="84,56,60,70,53,0,124,101,50,74,112,92,75" hai3="94,122,20,116,49,129,25,73,46,96,2,82,132"/><T51/><D117/><U88/><E33/><V15/><F0/><W110/><G116/><T58/><D105/><U31/><E38/><V26/><F112/><W131/><G2/><T97/><D127/><U34/><E104/><V71/><F124/><W102/><G110/><T115/><D115/><U32/><E31/><V64/><F71/><W37/><G37/><T1/><D130/><N who="3" m="49673" /><G132/><T36/><D6/><U17/><E68/><V89/><F26/><W4/><G4/><T109/><D109/><U62/><E34/><V72/><F101/><W125/><G125/><T133/><D76/><U121/><E32/><V65/><F65/><W113/><G82/><T12/><D97/><U39/><E39/><V24/><F24/><W30/><G73/><T47/><D12/><U66/><E135/><V106/><F106/><W23/><G23/><T78/><D78/><U81/><E5/><V55/><F15/><W63/><G63/><T7/><D7/><U79/><E61/><V18/><F18/><W86/><G86/><T80/><REACH who="0" step="1"/><D133/><REACH who="0" ten="172,440,111,267" step="2"/><U69/><E99/><V120/><REACH who="2" step="1"/><F55/><REACH who="2" ten="172,440,101,267" step="2"/><N who="3" m="30135" /><G113/><T107/><D107/><U111/><E126/><V45/><F45/><W134/><G134/><T16/><D16/><U14/><E17/><V95/><F95/><W44/><G44/><T67/><D67/><U40/><E66/><V91/><F91/><W29/><G29/><AGARI ba="1,2" hai="1,3,27,29,35,36,43,47,51,54,58,80,87,90" machi="29" ten="40,2000,0" yaku="1,1,53,0" doraHai="119" doraHaiUra="8" who="0" fromWho="3" sc="172,43,440,0,101,0,267,-23" /><INIT seed="4,2,0,3,4,98" ten="215,440,101,244" oya="0" hai0="45,6,94,56,85,127,71,66,61,28,88,121,49" hai1="70,22,77,87,74,122,112,92,68,41,25,86,63" hai2="82,2,9,79,125,128,7,91,102,109,76,58,97" hai3="81,29,48,126,78,117,36,62,24,15,119,31,59"/><T73/><D121/><U75/><E122/><V110/><F128/><W53/><G36/><T0/><D127/><U46/><E112/><V115/><F125/><W90/><G126/><T120/><D120/><U30/><E87/><V13/><F115/><W135/><G135/><T8/><D73/><U129/><E129/><V34/><F34/><W103/><G90/><T26/><D71/><U27/><E27/><V12/><F91/><W83/><G83/><T72/><D72/><U3/><E3/><V114/><F114/><W111/><G111/><T18/><D18/><U80/><E63/><V10/><F58/><W35/><G31/><T131/><D131/><U100/><E75/><V96/><F2/><W51/><G15/><T40/><REACH who="0" step="1"/><D26/><REACH who="0" ten="205,440,101,244" step="2"/><U4/><E74/><V43/><F7/><W123/><G123/><T19/><D19/><U11/><E70/><V93/><F110/><W106/><G119/><T60/><D60/><U32/><E68/><V113/><F109/><W17/><G17/><T44/><D44/><U39/><E4/><V69/><F69/><W16/><G16/><T65/><D65/><U67/><E67/><V1/><F113/><W54/><G117/><T130/><D130/><U105/><E11/><V5/><F5/><W107/><G62/><T50/><D50/><U64/><E64/><V38/><F9/><W99/><G51/><T95/><D95/><U133/><E92/><V108/><F108/><W37/><G48/><T134/><D134/><U89/><E133/><V42/><F10/><W118/><G118/><T20/><D20/><U84/><E22/><RYUUKYOKU ba="2,1" sc="205,30,440,-10,101,-10,244,-10" hai0="0,6,8,28,40,45,49,56,61,66,85,88,94" /><INIT seed="4,3,1,5,0,100" ten="235,430,91,234" oya="0" hai0="8,113,78,0,103,84,6,121,29,60,108,66,64" hai1="119,56,31,85,73,5,2,36,125,92,24,65,86" hai2="83,99,48,43,33,111,81,96,52,26,72,13,63" hai3="62,107,46,104,82,70,118,57,133,76,34,116,101"/><T11/><D121/><U1/><E73/><V79/><F111/><W75/><G133/><T4/><D108/><U114/><E36/><V51/><F63/><W115/><G115/><T17/><D113/><U91/><E114/><V94/><F13/><W35/><G46/><T98/><D29/><U19/><E119/><N who="3" m="45610" /><G57/><T93/><D17/><U21/><E125/><V37/><F83/><W28/><G101/><T54/><D54/><U67/><E5/><V42/><F48/><W41/><G41/><T128/><D128/><U120/><E120/><V39/><F39/><W58/><G58/><T132/><D132/><U68/><E68/><V40/><F37/><W123/><G123/><T20/><D20/><U3/><E56/><V109/><F109/><W27/><G35/><T122/><D122/><U22/><E86/><V134/><F134/><W55/><G55/><T88/><D78/><U25/><AGARI ba="3,1" hai="1,2,3,19,21,22,24,25,31,65,67,85,91,92" machi="25" ten="40,1500,0" yaku="0,1" doraHai="100" who="1" fromWho="1" sc="235,-10,430,34,91,-7,234,-7" /><INIT seed="5,0,0,3,1,94" ten="225,464,84,227" oya="1" hai0="97,110,81,103,7,125,58,14,11,25,48,86,45" hai1="29,22,6,124,106,89,102,10,65,120,105,37,57" hai2="131,8,67,118,77,20,128,135,38,56,79,27,39" hai3="36,17,15,93,51,28,64,84,69,30,16,50,9"/><U92/><E37/><N who="2" m="13835" /><F118/><W5/><G36/><T3/><D125/><U55/><E124/><V119/><F119/><W49/><G69/><T2/><D110/><U117/><E65/><V112/><F135/><W83/><G64/><T40/><D58/><U68/><E68/><V0/><F112/><W41/><G41/><T108/><D25/><U134/><E102/><V87/><F87/><W32/><G32/><T24/><D24/><U78/><E78/><V70/><F70/><W121/><G121/><T19/><D19/><N who="3" m="7241" /><G93/><T133/><D133/><U33/><E33/><V34/><F34/><W88/><AGARI ba="0,0" hai="5,9,15,28,30,49,50,51,83,84,88" m="7241" machi="88" ten="30,4000,0" yaku="8,1,54,2" doraHai="94" who="3" fromWho="3" sc="225,-10,464,-20,84,-10,227,40" /><INIT seed="6,0,0,2,4,125" ten="215,444,74,267" oya="2" hai0="34,105,67,48,20,31,35,86,3,79,87,114,60" hai1="24,16,2,113,102,58,135,23,83,36,53,111,104" hai2="122,38,49,63,134,106,11,74,84,110,70,108,8" hai3="43,130,62,69,117,107,21,66,80,109,56,37,68"/><V71/><F122/><W55/><G107/><T129/><D105/><U45/><E111/><N who="2" m="42539" /><F134/><W103/><G103/><T101/><D101/><U27/><E2/><V132/><F132/><W39/><G21/><T112/><D3/><U81/><E113/><V73/><F38/><N who="3" m="14347" /><G80/><T15/><D48/><U124/><E124/><V17/><F106/><W115/><G109/><T0/><D0/><U12/><E135/><V51/><F84/><W54/><G117/><T5/><D5/><U33/><E33/><V85/><F85/><W126/><G126/><T88/><D86/><U40/><E104/><V28/><F28/><W64/><G115/><T46/><D79/><U1/><E1/><V14/><F8/><W32/><G32/><T90/><D31/><U6/><E102/><V121/><F121/><W133/><G133/><T61/><D35/><U10/><REACH who="1" step="1"/><E27/><REACH who="1" ten="215,434,74,267" step="2"/><V77/><F77/><W25/><G25/><T76/><D34/><U127/><E127/><V119/><F119/><W19/><G19/><T82/><D76/><U59/><E59/><V47/><F49/><AGARI ba="0,1" hai="6,10,12,16,23,24,36,40,45,49,53,58,81,83" machi="49" ten="30,3900,0" yaku="1,1,7,1,54,1,53,0" doraHai="125" doraHaiUra="96" who="1" fromWho="2" sc="215,0,434,49,74,-39,267,0" /><INIT seed="7,0,0,1,4,48" ten="215,483,35,267" oya="3" hai0="46,44,119,134,96,61,72,63,31,14,100,110,15" hai1="122,71,11,70,101,75,10,129,20,89,83,102,77" hai2="26,5,64,109,53,60,8,125,35,24,103,133,111" hai3="17,98,2,36,80,107,1,22,108,121,113,21,99"/><W88/><G121/><T41/><D119/><U105/><E122/><V92/><F125/><W120/><G36/><T6/><D110/><U45/><E129/><V27/><F111/><W4/><G120/><T54/><D72/><U40/><E89/><V86/><F109/><W12/><G108/><T56/><D134/><U76/><E76/><V115/><F115/><W90/><G113/><T38/><D31/><U124/><E124/><V97/><F133/><W23/><G4/><T13/><D46/><U42/><E20/><V93/><F35/><W79/><G2/><T19/><D6/><U73/><E77/><V32/><F32/><W50/><G1/><T130/><D130/><U116/><E45/><V95/><F64/><W34/><G34/><T57/><D19/><U82/><E105/><V126/><F126/><W114/><G114/><T47/><D47/><U91/><E91/><N who="3" m="34858" /><G50/><T74/><D74/><U49/><E49/><V84/><F84/><N who="3" m="48159" /><G107/><T3/><D3/><U39/><E39/><V112/><F112/><W67/><G67/><T104/><REACH who="0" step="1"/><D14/><REACH who="0" ten="205,483,35,267" step="2"/><U59/><E116/><V123/><F86/><W127/><G127/><T117/><D117/><U16/><E102/><V37/><F37/><W30/><G30/><T66/><AGARI ba="0,1" hai="13,15,38,41,44,54,56,57,61,63,66,96,100,104" machi="66" ten="20,5200,0" yaku="1,1,0,1,7,1,52,1,53,0" doraHai="48" doraHaiUra="25" who="0" fromWho="0" sc="205,62,483,-13,35,-13,267,-26" owari="267,7.0,470,57.0,22,-48.0,241,-16.0" /></mjloggm>