<mjloggm ver="2.3"><GO type="41" lobby="0"/><UN n0="%E5%B0%B1%E6%B4%BB%E7%94%9F%40%E5%B7%9D%E6%9D%91%E8%BB%8D%E5%9B%A3" n1="%E7%83%88%E7%81%AB%E3%81%AE%E9%BA%BB%E9%9B%80" n2="%28%2A%2D%2A%29" n3="%4F%41%53%54%4E%53" dan="17,14,14,14" rate="2175.90,1933.49,1954.53,1903.93" sx="M,M,M,M"/><TAIKYOKU oya="0"/><INIT seed="0,0,0,1,4,128" ten="250,250,250,250" oya="0" hai0="124,23,91,86,6,75,113,83,0,41,120,133,49" hai1="122,1,76,56,42,50,123,130,106,114,87,9,104" hai2="40,109,84,27,10,61,18,37,31,121,79,93,125" hai3="64,21,58,72,11,132,60,127,92,16,115,33,97"/><T15/><D113/><U34/><E34/><V70/><F121/><W48/><G115/><T95/><D120/><U117/><E114/><V29/><F125/><W67/><G127/><T111/><D124/><U110/><E56/><V63/><F109/><W69/><G33/><T39/><D39/><U46/><E110/><V78/><F37/><W99/><G72/><T7/><D111/><U17/><E130/><V119/><F40/><W65/><G11/><T25/><D0/><U105/><E117/><V2/><F119/><W13/><G132/><T108/><D108/><U28/><E28/><V44/><F44/><W53/><REACH who="3" step="1"/><G99/><REACH who="3" ten="250,250,250,240" step="2"/><T82/><D75/><U85/><E85/><V24/><F10/><W88/><AGARI ba="0,1" hai="13,16,21,48,53,58,60,64,65,67,69,88,92,97" machi="88" ten="20,12000,2" yaku="1,1,2,1,0,1,7,1,54,2,53,0" doraHai="128" doraHaiUra="131" who="3" fromWho="3" sc="250,-60,250,-30,250,-30,240,130" /><INIT seed="1,0,0,5,2,131" ten="190,220,220,370" oya="1" hai0="19,4,49,87,70,75,60,80,50,84,14,114,53" hai1="108,102,8,125,34,106,21,64,25,115,71,69,43" hai2="65,76,86,117,62,11,20,85,77,39,56,2,94" hai3="123,57,92,74,124,107,22,24,42,32,113,129,130"/><U59/><E115/><V29/><F117/><W90/><G113/><T104/><D114/><U135/><E135/><V7/><F39/><W101/><G123/><T112/><D112/><U96/><E125/><V55/><F55/><W105/><G74/><T6/><D104/><U18/><E108/><V46/><F46/><W97/><G32/><T95/><D75/><U89/><E43/><V119/><F119/><W10/><G124/><T5/><D70/><U103/><E103/><V51/><F51/><W133/><G42/><T132/><D132/><U27/><E8/><V116/><F116/><W1/><G133/><T128/><D128/><N who="3" m="49257" /><G57/><N who="0" m="34863" /><D95/><U111/><E111/><V0/><F0/><W110/><G110/><T54/><D54/><U30/><E69/><V98/><F76/><W9/><G1/><T28/><D28/><U68/><REACH who="1" step="1"/><E89/><REACH who="1" ten="190,210,220,370" step="2"/><V79/><F79/><W41/><G41/><T45/><D45/><U35/><E35/><V121/><F77/><W23/><G101/><T47/><D47/><U3/><E3/><V99/><F121/><W40/><G40/><T126/><D126/><U109/><E109/><V36/><F36/><W127/><G127/><T118/><D118/><U44/><E44/><V120/><F120/><W52/><G10/><N who="0" m="6615" /><D87/><U61/><AGARI ba="0,1" hai="18,21,25,27,30,34,59,61,64,68,71,96,102,106" machi="61" ten="30,6000,0" yaku="1,1,0,1,53,1" doraHai="131" doraHaiUra="58" who="1" fromWho="1" sc="190,-20,210,70,220,-20,370,-20" /><INIT seed="1,1,0,0,5,22" ten="170,280,200,350" oya="1" hai0="70,84,130,37,58,53,11,66,94,59,98,118,81" hai1="116,127,2,108,75,9,31,88,44,72,8,78,113" hai2="51,124,49,28,99,65,102,69,48,87,109,5,131" hai3="21,129,74,57,64,19,86,50,24,121,125,91,123"/><U110/><E116/><V40/><F5/><W128/><G74/><T79/><D118/><U0/><E113/><V115/><F115/><W32/><G32/><T15/><D37/><U43/><E127/><V85/><F124/><W80/><G125/><T100/><D130/><N who="3" m="50281" /><G50/><T16/><REACH who="0" step="1"/><D53/><REACH who="0" ten="160,280,200,350" step="2"/><U73/><E78/><V7/><F131/><W67/><G67/><T117/><D117/><U39/><E31/><V114/><F114/><W105/><G64/><T52/><D52/><U97/><E0/><V36/><F109/><N who="1" m="42089" /><E2/><V101/><F40/><W133/><G133/><T104/><D104/><U56/><E56/><V62/><F36/><W89/><G105/><T41/><D41/><U77/><E77/><V61/><F7/><W33/><G57/><T95/><D95/><AGARI ba="1,1" hai="8,9,39,43,44,72,73,75,88,95,97" m="42089" machi="95" ten="40,7700,0" yaku="14,1,10,1,54,1" doraHai="22" who="1" fromWho="0" sc="160,-80,280,90,200,0,350,0" /><INIT seed="1,2,0,0,4,62" ten="80,370,200,350" oya="1" hai0="68,77,45,13,9,40,115,8,32,36,56,49,131" hai1="94,23,21,61,126,81,82,112,118,69,119,106,111" hai2="117,87,78,95,93,70,12,134,127,63,15,91,33" hai3="5,51,7,57,105,113,120,60,107,27,130,80,116"/><U84/><E106/><V16/><F117/><W39/><G113/><T50/><D115/><U135/><E112/><V19/><F33/><W103/><G120/><T122/><D68/><U98/><E135/><V59/><F70/><W53/><G116/><T3/><D32/><U125/><E111/><V109/><F109/><W92/><G39/><T90/><D122/><U46/><E46/><V26/><F127/><N who="1" m="48649" /><E69/><V48/><F134/><W101/><G130/><T37/><D131/><U24/><E61/><V38/><F38/><W58/><G80/><N who="1" m="30826" /><E84/><V85/><F48/><W99/><G27/><T4/><D77/><U54/><E54/><V89/><F78/><W102/><G107/><T55/><REACH who="0" step="1"/><D90/><REACH who="0" ten="70,370,200,350" step="2"/><N who="1" m="55639" /><E23/><N who="2" m="13671" /><F19/><AGARI ba="2,1" hai="3,4,8,9,13,19,36,37,40,45,49,50,55,56" machi="19" ten="30,3900,0" yaku="1,1,7,1,53,1" doraHai="62" doraHaiUra="42" who="0" fromWho="2" sc="70,55,370,0,200,-45,350,0" /><AGARI ba="2,0" hai="19,21,24,118,119" m="55639,30826,48649" machi="19" ten="30,1500,0" yaku="18,1" doraHai="62" who="1" fromWho="2" sc="125,0,370,15,155,-15,350,0" /><INIT seed="1,3,0,2,4,124" ten="125,385,140,350" oya="1" hai0="129,29,47,24,134,117,81,72,110,128,51,3,48" hai1="75,25,0,13,16,90,1,102,85,130,34,54,121" hai2="6,15,113,78,123,44,7,111,49,62,89,133,92" hai3="20,10,66,84,8,5,30,33,76,4,12,19,14"/><U39/><E121/><V126/><F123/><W97/><G66/><T127/><D117/><U9/><E39/><V104/><F104/><W59/><G59/><T65/><D3/><U53/><E75/><V21/><F126/><W18/><G97/><T71/><D127/><U22/><E34/><V52/><F113/><W109/><G84/><T98/><D134/><U118/><E118/><V96/><F111/><W93/><G93/><T106/><D110/><U132/><E132/><V94/><F133/><W23/><G76/><T86/><D72/><U28/><E102/><V101/><F78/><W80/><G80/><T79/><D65/><U26/><E26/><V57/><F21/><N who="3" m="8267" /><G109/><T103/><D71/><U107/><E107/><V55/><F15/><N who="3" m="5675" /><G33/><N who="0" m="20647" /><D47/><U125/><E125/><V73/><REACH who="2" step="1"/><F73/><REACH who="2" ten="125,385,130,350" step="2"/><W119/><G119/><T99/><D99/><AGARI ba="3,1" hai="6,7,44,49,52,55,57,62,89,92,94,96,99,101" machi="99" ten="30,8000,1" yaku="1,1,2,1,7,1,8,1,54,1,53,0" doraHai="124" doraHaiUra="61" who="2" fromWho="0" sc="125,-89,385,0,130,99,350,0" /><INIT seed="2,0,0,2,0,44" ten="36,385,229,350" oya="2" hai0="117,40,38,74,132,87,69,68,17,24,133,91,119" hai1="48,98,67,115,50,102,93,45,135,47,120,129,42" hai2="0,32,35,55,1,28,6,2,23,89,3,73,107" hai3="126,116,92,97,122,121,124,5,112,84,86,19,99"/><V130/><F73/><W127/><G5/><T123/><D74/><U59/><E115/><V79/><F79/><W64/><G64/><T20/><D123/><N who="3" m="47113" /><G19/><T54/><D40/><U36/><E120/><V27/><F107/><W83/><G116/><N who="0" m="44619" /><D38/><U80/><E135/><N who="0" m="51785" /><D54/><U82/><E129/><V29/><F55/><W30/><G30/><N who="2" m="11881" /><F89/><N who="3" m="53303" /><G112/><T21/><D21/><U95/><E36/><V110/><F130/><W41/><G41/><T52/><D52/><N who="1" m="29727" /><E95/><AGARI ba="0,0" hai="17,20,24,68,69,87,91,95" m="51785,44619" machi="95" ten="30,2000,0" yaku="12,1,20,1" doraHai="44" who="0" fromWho="1" sc="36,20,385,-20,229,0,350,0" /><INIT seed="3,0,0,1,0,75" ten="56,365,229,350" oya="3" hai0="34,7,69,44,9,65,70,25,102,17,28,12,71" hai1="54,43,0,67,51,133,37,21,32,120,73,79,94" hai2="78,3,88,82,109,125,123,41,131,18,129,16,132" hai3="68,90,99,56,112,19,1,39,101,96,76,61,24"/><W126/><G112/><T45/><D102/><U80/><E120/><V92/><F123/><W115/><G115/><T33/><D33/><U110/><E32/><V119/><F119/><W27/><G39/><T97/><D97/><U30/><E0/><V103/><F3/><W11/><G68/><T13/><REACH who="0" step="1"/><D65/><REACH who="0" ten="46,365,229,350" step="2"/><U118/><E67/><V111/><F103/><W47/><G99/><T48/><D48/><U46/><E118/><V128/><F132/><W134/><G101/><T122/><D122/><U57/><E133/><V6/><F125/><W15/><G96/><T127/><D127/><U36/><E110/><V87/><F6/><W64/><G64/><T63/><D63/><U52/><E36/><V60/><F60/><W114/><G61/><T108/><D108/><N who="2" m="41546" /><F41/><W95/><G134/><T86/><D86/><AGARI ba="0,1" hai="16,18,78,82,86,87,88,92,128,129,131" m="41546" machi="86" ten="40,8000,1" yaku="19,1,14,1,52,1,54,2" doraHai="75" who="2" fromWho="0" sc="46,-80,365,0,229,90,350,0" owari="-34,-53.0,365,46.0,319,-8.0,350,15.0" /></mjloggm>