<mjloggm ver="2.3"><GO type="169" lobby="0"/><UN n0="%E5%B0%B1%E6%B4%BB%E7%94%9F%40%E5%B7%9D%E6%9D%91%E8%BB%8D%E5%9B%A3" n1="%E5%B9%B3%E4%BA%95%E9%8A%80%E4%BA%8C" n2="%E3%81%8A%E3%81%98%E3%81%95%E3%82%93" n3="%E7%A5%9E%E6%A5%BD%E5%9D%82%E3%82%86%E3%81%8B" dan="17,17,16,17" rate="2260.83,2163.32,2131.09,2156.21" sx="M,M,M,M"/><TAIKYOKU oya="0"/><INIT seed="0,0,0,2,1,2" ten="250,250,250,250" oya="0" hai0="121,110,96,95,41,105,43,120,11,4,30,109,16" hai1="61,81,0,29,27,111,17,53,80,98,82,52,25" hai2="101,114,18,119,6,76,62,75,50,48,113,129,132" hai3="21,68,24,91,38,63,73,39,102,117,66,93,45"/><T28/><D105/><U13/><E0/><V72/><F119/><W47/><G117/><T35/><D41/><U133/><E111/><N who="0" m="42505" /><D43/><U83/><E133/><V71/><F101/><W69/><G102/><N who="0" m="60703" /><D16/><U128/><E128/><V23/><F18/><W127/><G39/><T94/><D94/><U78/><E98/><V65/><F113/><W56/><G38/><T87/><D87/><U1/><E1/><V31/><F75/><W46/><G73/><T74/><D74/><U51/><E29/><N who="0" m="11369" /><D35/><U106/><E106/><V64/><F72/><W126/><G21/><T104/><D104/><U84/><E81/><V42/><F42/><W36/><G24/><T77/><D77/><U26/><E82/><V79/><F23/><W58/><G36/><T60/><D60/><U37/><E80/><V67/><F62/><W108/><G108/><T100/><D100/><U19/><E37/><V134/><F31/><W112/><G112/><T5/><D11/><N who="1" m="6335" /><E61/><V15/><F114/><W40/><G40/><T9/><D9/><U55/><E19/><V7/><F79/><W123/><G63/><T124/><D124/><U54/><E26/><V107/><F76/><W34/><G126/><T49/><D49/><N who="2" m="19050" /><F107/><W115/><G93/><T33/><D33/><U22/><E22/><V118/><F118/><W85/><G34/><T86/><D86/><U14/><E25/><V89/><F134/><W92/><G127/><T90/><D90/><U88/><E27/><V99/><F132/><W70/><G115/><T3/><D3/><U8/><N who="1" m="13312" /><DORA hai="44" /><U97/><E78/><V59/><F67/><RYUUKYOKU ba="0,0" sc="250,30,250,-10,250,-10,250,-10" hai0="4,5,120,121" /><INIT seed="0,1,0,3,5,13" ten="280,240,240,240" oya="0" hai0="30,68,115,51,91,73,93,42,75,104,88,15,123" hai1="43,45,48,44,80,95,25,135,77,28,122,63,100" hai2="131,86,36,0,117,7,102,56,92,124,47,76,18" hai3="52,94,20,64,65,72,66,70,32,109,38,133,22"/><T27/><D104/><U23/><E122/><V101/><F124/><W96/><G109/><T69/><D115/><U84/><E135/><V107/><F107/><W120/><G120/><T97/><D123/><U39/><E63/><V37/><F37/><W24/><G38/><T83/><D73/><U9/><E9/><V3/><F3/><W55/><G72/><T35/><D15/><U110/><E110/><V105/><F105/><W82/><G70/><T11/><D11/><U98/><E39/><V33/><F33/><W34/><G133/><T29/><D29/><U126/><E126/><V57/><F7/><W49/><G82/><T40/><D51/><U85/><E45/><V108/><F0/><W121/><G20/><T61/><D69/><U46/><E46/><V21/><F108/><W79/><G79/><T16/><D75/><AGARI ba="1,0" hai="23,25,28,43,44,48,75,77,80,84,85,95,98,100" machi="75" ten="30,1000,0" yaku="7,1" doraHai="13" who="1" fromWho="0" sc="280,-13,240,13,240,0,240,0" /><INIT seed="1,0,0,4,3,89" ten="267,253,240,240" oya="1" hai0="46,14,81,114,90,68,27,115,77,20,45,78,94" hai1="101,3,74,59,123,71,107,7,43,65,99,109,26" hai2="50,1,61,103,33,130,80,105,100,16,124,118,44" hai3="75,127,83,39,57,24,6,32,72,54,116,88,91"/><U19/><E123/><V84/><F33/><W125/><G39/><T51/><D68/><U17/><E74/><V134/><F1/><W131/><G6/><T122/><D122/><U97/><E109/><V49/><F118/><W113/><G113/><T92/><D14/><U106/><E43/><V31/><F31/><N who="3" m="19559" /><G116/><T34/><D34/><U42/><E42/><V4/><F4/><W135/><G131/><T15/><D15/><U29/><E59/><V69/><F124/><N who="3" m="47691" /><G135/><T87/><D114/><U133/><E133/><V110/><F105/><W62/><G83/><T11/><D11/><U119/><E119/><V2/><F2/><W111/><G111/><T12/><D12/><U66/><E7/><V58/><F69/><W38/><G38/><T76/><D115/><U132/><E3/><V126/><F126/><W48/><G62/><T63/><D63/><U102/><E132/><V55/><F134/><W9/><G9/><T8/><D8/><U70/><E29/><V98/><F110/><W79/><G79/><T86/><D86/><U67/><E26/><V64/><F130/><W37/><G37/><T108/><D108/><U85/><E85/><V23/><F50/><W96/><G96/><T25/><D25/><U128/><E128/><V22/><F98/><W82/><G75/><T13/><D13/><U40/><E40/><V28/><F28/><W53/><G53/><T121/><D121/><U93/><E67/><V95/><F80/><W56/><G56/><T47/><D51/><U0/><E0/><V30/><F49/><W117/><G117/><T60/><D60/><RYUUKYOKU ba="0,0" sc="267,10,253,10,240,-30,240,10" hai0="20,27,45,46,47,76,77,78,81,87,90,92,94" hai1="17,19,65,66,70,71,93,97,99,101,102,106,107" hai3="48,54,57,72,82,88,91" /><INIT seed="1,1,0,1,2,4" ten="277,263,210,250" oya="1" hai0="16,116,115,89,76,10,90,46,81,110,84,111,106" hai1="112,120,104,7,43,134,113,44,13,41,66,101,55" hai2="75,22,1,109,67,35,130,73,51,80,68,38,42" hai3="58,100,87,64,14,86,27,78,17,123,108,126,61"/><U45/><E120/><V131/><F35/><W70/><G108/><N who="0" m="41515" /><D116/><U40/><E101/><V98/><F38/><W21/><G123/><T56/><D106/><U121/><E104/><V132/><F1/><W71/><G126/><T125/><D125/><U48/><E13/><V11/><F109/><W72/><G100/><T33/><D33/><U53/><E7/><V92/><F132/><W37/><G37/><T24/><D46/><N who="1" m="18027" /><E121/><V2/><F51/><W19/><G72/><T127/><D127/><U62/><E134/><V20/><F42/><W82/><REACH who="3" step="1"/><G87/><REACH who="3" ten="277,263,210,240" step="2"/><T95/><D115/><N who="1" m="44107" /><E48/><V30/><F73/><W63/><G63/><T59/><D89/><U8/><E8/><AGARI ba="1,1" hai="8,14,17,19,21,27,58,61,64,70,71,78,82,86" machi="8" ten="30,3900,0" yaku="1,1,7,1,52,1,53,0" doraHai="4" doraHaiUra="25" who="3" fromWho="1" sc="277,0,263,-42,210,0,240,52" /><INIT seed="2,0,0,3,1,13" ten="277,221,210,292" oya="2" hai0="47,127,80,71,49,16,90,50,74,29,110,6,115" hai1="128,104,11,111,14,42,2,113,41,72,58,114,3" hai2="40,131,83,43,119,9,78,52,67,85,121,68,106" hai3="33,95,1,69,76,93,5,100,37,87,94,56,25"/><V118/><F121/><W97/><G69/><T108/><D71/><U92/><E104/><V31/><F106/><W57/><G37/><T84/><D115/><U77/><E111/><N who="0" m="42537" /><D6/><U103/><E128/><V88/><F131/><W48/><G1/><T112/><D112/><U12/><E77/><V36/><F31/><W0/><G0/><T38/><D29/><U129/><E129/><V30/><F30/><W120/><G33/><T65/><D65/><U134/><E92/><N who="3" m="35434" /><G5/><T98/><D98/><U117/><E11/><V34/><F34/><W15/><G15/><T135/><D74/><U122/><E58/><V63/><F9/><W60/><G25/><T109/><D135/><U27/><E27/><V91/><F43/><W105/><G105/><T44/><D127/><U21/><E72/><V133/><F133/><W89/><G60/><T4/><D4/><U64/><E134/><V55/><F40/><W35/><G35/><T86/><D86/><U99/><E3/><V82/><F36/><W62/><G62/><T39/><D39/><U59/><E41/><V54/><REACH who="2" step="1"/><F91/><REACH who="2" ten="277,221,200,292" step="2"/><W53/><G120/><T124/><D38/><U61/><E122/><V79/><F79/><W24/><G76/><T23/><D109/><U7/><E42/><V101/><F101/><W123/><G123/><T32/><D32/><U102/><E102/><V22/><F22/><W73/><G100/><T20/><D20/><U75/><E21/><V18/><F18/><W126/><G97/><T96/><D96/><U19/><E99/><V26/><F26/><W10/><G10/><T116/><D23/><RYUUKYOKU ba="0,1" sc="277,-10,221,-10,200,30,292,-10" hai2="52,54,55,63,67,68,78,82,83,85,88,118,119" /><INIT seed="2,1,1,1,1,120" ten="267,211,230,282" oya="2" hai0="52,97,126,68,57,62,95,51,86,66,41,14,100" hai1="111,78,5,90,109,69,125,16,56,12,123,98,2" hai2="93,35,47,31,4,84,129,6,116,49,63,83,81" hai3="38,118,74,67,107,46,89,11,40,61,101,91,3"/><V54/><F116/><W59/><G118/><T135/><D126/><U26/><E69/><V114/><F114/><W10/><G10/><T29/><D135/><U105/><E125/><V82/><F129/><W64/><G64/><T50/><D29/><U133/><E133/><V9/><F35/><W23/><G23/><T134/><D134/><U53/><E123/><V108/><F31/><W110/><G110/><N who="1" m="41994" /><E78/><V24/><F24/><W42/><G42/><T122/><D122/><U55/><E26/><V48/><F108/><W103/><G101/><T45/><D14/><U32/><E32/><V132/><F132/><W104/><G74/><T17/><D17/><U121/><E121/><V33/><F33/><W112/><G112/><T70/><D86/><U36/><E36/><V58/><F9/><W94/><G103/><T102/><REACH who="0" step="1"/><D100/><REACH who="0" ten="257,211,230,282" step="2"/><N who="1" m="62615" /><E90/><N who="2" m="53447" /><F49/><W99/><G91/><T79/><D79/><U19/><E2/><V113/><F113/><W34/><G34/><T18/><D18/><N who="1" m="6699" /><E56/><AGARI ba="1,2" hai="41,45,50,51,52,56,57,62,66,68,70,95,97,102" machi="56" ten="30,3900,0" yaku="1,1,7,1,54,1,53,0" doraHai="120" doraHaiUra="117" who="0" fromWho="1" sc="257,62,211,-42,230,0,282,0" /><INIT seed="3,0,0,3,0,45" ten="319,169,230,282" oya="3" hai0="7,81,38,129,124,93,76,92,112,15,21,5,70" hai1="20,61,36,56,51,49,127,73,13,24,104,86,114" hai2="27,84,79,2,119,37,90,122,18,47,69,14,74" hai3="99,33,87,133,125,62,12,30,53,3,32,28,82"/><W101/><G133/><T64/><D38/><U120/><E73/><V97/><F2/><W22/><G3/><T48/><D112/><U43/><E120/><V106/><F69/><W126/><G32/><T46/><D129/><U131/><E114/><V80/><F119/><W108/><G108/><T117/><D117/><U41/><E131/><V100/><F122/><W4/><G33/><T17/><D64/><U39/><E104/><V98/><F98/><W58/><G12/><T118/><D70/><U16/><E127/><N who="3" m="48650" /><G22/><T6/><D118/><U110/><E110/><V25/><F47/><W63/><G63/><T83/><D124/><U75/><E75/><V111/><F37/><W128/><G4/><T109/><D109/><U115/><E115/><V89/><F89/><N who="3" m="51447" /><G128/><T35/><D35/><U54/><E39/><V116/><F116/><W19/><G19/><T66/><D66/><U44/><E36/><V0/><F0/><W102/><G102/><T107/><D107/><AGARI ba="0,0" hai="28,30,53,58,62,99,101,107" m="51447,48650" machi="107" ten="30,1500,0" yaku="18,1" doraHai="45" who="3" fromWho="0" sc="319,-15,169,0,230,0,282,15" /><INIT seed="3,1,0,5,3,44" ten="304,169,230,297" oya="3" hai0="15,95,115,98,116,53,39,48,11,74,66,73,92" hai1="62,18,96,132,102,49,108,21,31,46,97,3,80" hai2="52,125,25,70,110,88,71,81,0,26,72,117,69" hai3="22,23,103,57,24,51,121,42,63,77,75,118,113"/><W56/><G113/><T2/><D39/><U60/><E3/><V94/><F117/><W8/><G118/><T128/><D2/><U68/><E108/><V83/><F0/><W133/><G133/><T123/><D123/><U120/><E120/><V13/><F110/><W59/><G121/><T109/><D109/><U54/><E132/><V119/><F119/><W99/><G75/><T32/><D32/><U6/><E6/><V101/><F101/><W34/><G77/><T127/><D116/><U65/><E31/><V5/><F125/><W61/><G34/><T55/><D66/><U7/><E7/><V122/><F122/><W130/><G130/><T37/><D37/><U40/><E80/><V17/><F5/><W100/><G8/><T16/><D127/><U79/><E79/><V105/><F105/><W107/><G100/><T27/><D128/><U124/><E124/><V10/><F72/><W28/><REACH who="3" step="1"/><G23/><REACH who="3" ten="304,169,230,287" step="2"/><N who="0" m="13799" /><D73/><U111/><E111/><V45/><F10/><W1/><G1/><T30/><D74/><U43/><E102/><V78/><F78/><W89/><G89/><T76/><D76/><U112/><E112/><V86/><F88/><W106/><G106/><T20/><D115/><U4/><E4/><V33/><F33/><W126/><G126/><T35/><D35/><U129/><E129/><V104/><F104/><W29/><G29/><T64/><D30/><U135/><E135/><V85/><F17/><W114/><G114/><T47/><D20/><U93/><E21/><V19/><F19/><W67/><G67/><T58/><D64/><U87/><E65/><RYUUKYOKU ba="1,1" sc="304,-10,169,-10,230,-10,287,30" hai3="22,24,28,42,51,56,57,59,61,63,99,103,107" /><INIT seed="3,2,1,2,0,36" ten="294,159,220,317" oya="3" hai0="77,122,93,11,76,65,105,10,81,67,121,73,130" hai1="95,106,22,113,112,33,133,64,56,110,98,101,58" hai2="90,119,71,35,0,3,31,29,104,59,23,62,102" hai3="96,107,52,44,120,25,80,78,69,20,49,48,1"/><W125/><G120/><T79/><D105/><U54/><E33/><V2/><F119/><W91/><G1/><T42/><D73/><U82/><E110/><V118/><F118/><W50/><G69/><T41/><D93/><U89/><E133/><V135/><F135/><W16/><G125/><T28/><D81/><U99/><E82/><V123/><F71/><W55/><G55/><T103/><D103/><U75/><E75/><V21/><F123/><N who="0" m="47114" /><D28/><U66/><E22/><V68/><F68/><W17/><G17/><T74/><D74/><U27/><E27/><V132/><F132/><W34/><G34/><T47/><D47/><U32/><E32/><V13/><F35/><W94/><REACH who="3" step="1"/><G107/><REACH who="3" ten="294,159,220,307" step="2"/><T57/><D130/><U114/><REACH who="1" step="1"/><E58/><REACH who="1" ten="294,149,220,307" step="2"/><V5/><F59/><W85/><AGARI ba="2,3" hai="16,20,25,44,48,49,50,52,78,80,85,91,94,96" machi="85" ten="20,24000,3" yaku="1,1,2,1,0,1,7,1,8,1,54,2,53,1" doraHai="36" doraHaiUra="83" who="3" fromWho="3" sc="294,-82,149,-82,220,-82,307,276" /><INIT seed="3,3,0,2,0,44" ten="212,67,138,583" oya="3" hai0="3,0,123,132,97,12,120,38,110,4,1,75,58" hai1="25,40,15,8,48,20,18,71,103,92,66,100,125" hai2="7,116,45,11,76,119,126,107,70,79,134,41,73" hai3="82,17,133,31,62,94,118,90,59,104,63,23,39"/><W9/><G118/><T57/><D38/><U84/><E125/><V78/><F70/><W42/><G104/><T115/><D75/><U88/><E71/><V87/><F107/><W65/><G133/><T61/><D132/><U96/><E66/><V89/><F134/><W32/><G39/><T101/><D110/><U102/><E40/><V6/><F73/><W86/><G42/><T113/><D12/><U131/><E131/><V22/><F22/><W114/><G114/><N who="0" m="43531" /><D4/><U74/><E74/><V111/><F111/><W67/><G32/><T106/><D58/><U10/><E10/><V36/><F126/><W24/><G9/><T109/><D109/><U28/><REACH who="1" step="1"/><E48/><REACH who="1" ten="212,57,138,583" step="2"/><V60/><F60/><W37/><G65/><AGARI ba="3,1" hai="0,1,3,57,61,65,97,101,106,120,123" m="43531" machi="65" ten="40,1300,0" yaku="11,1" doraHai="44" who="0" fromWho="3" sc="212,32,57,0,138,0,583,-22" /><INIT seed="4,0,0,3,4,49" ten="244,57,138,561" oya="0" hai0="55,129,46,13,86,85,22,58,124,67,9,112,92" hai1="90,111,123,73,74,94,45,48,115,97,63,114,14" hai2="53,36,34,26,88,122,47,50,120,20,23,32,125" hai3="121,96,119,105,44,21,79,127,106,99,116,87,37"/><T28/><D124/><U61/><E123/><V83/><F125/><W8/><G121/><T62/><D129/><U19/><E111/><V98/><F122/><W100/><G127/><T60/><D112/><N who="1" m="43051" /><E73/><V40/><F120/><W110/><G110/><T130/><D130/><U25/><E25/><V18/><F20/><W77/><G21/><T113/><D113/><U52/><E74/><V103/><F83/><W15/><G37/><T128/><D128/><U82/><E82/><V70/><F70/><W17/><G44/><T91/><D28/><U66/><E66/><V6/><F6/><W41/><G41/><T30/><D30/><U131/><E131/><V126/><F126/><W59/><G59/><T16/><D46/><U101/><E101/><V10/><F10/><AGARI ba="0,0" hai="10,14,19,45,48,52,61,63,90,94,97" m="43051" machi="10" ten="30,7700,0" yaku="15,1,11,1,52,1,54,1" doraHai="49" who="1" fromWho="2" sc="244,0,57,77,138,-77,561,0" /><INIT seed="5,0,0,0,4,76" ten="244,134,61,561" oya="1" hai0="130,65,121,101,131,7,28,20,108,112,97,66,24" hai1="134,104,118,4,77,19,89,60,123,12,5,46,74" hai2="120,84,8,75,37,98,57,68,36,91,63,55,14" hai3="78,95,30,54,119,40,72,70,6,71,2,39,99"/><U38/><E123/><V114/><F75/><W1/><G30/><T129/><D108/><U132/><E118/><V86/><F120/><W35/><G35/><T10/><D112/><U31/><E104/><V122/><F122/><W106/><G54/><T69/><D69/><U47/><E31/><V61/><F114/><W26/><G26/><T125/><D125/><U34/><E34/><V135/><F135/><N who="1" m="51753" /><E89/><V90/><F98/><W15/><G15/><N who="0" m="5599" /><D121/><U50/><E38/><V64/><F86/><W67/><G78/><T107/><AGARI ba="0,0" hai="20,24,28,65,66,97,101,107,129,130,131" m="5599" machi="107" ten="30,1100,0" yaku="19,1" doraHai="76" who="0" fromWho="0" sc="244,11,134,-5,61,-3,561,-3" /><INIT seed="6,0,0,0,2,77" ten="255,129,58,558" oya="2" hai0="35,47,32,70,52,50,89,55,30,134,88,86,26" hai1="128,22,11,16,120,94,49,45,0,115,37,46,8" hai2="99,112,62,65,54,25,76,103,36,78,135,17,42" hai3="27,64,84,58,111,80,56,10,48,72,129,123,41"/><V114/><F135/><W74/><G111/><T96/><D70/><U15/><E115/><N who="2" m="44075" /><F54/><W63/><G123/><T28/><D134/><U85/><E120/><V59/><F42/><W7/><G27/><T75/><D75/><U31/><E128/><V93/><F36/><W127/><G127/><T73/><D73/><U82/><E37/><V131/><F131/><W5/><G129/><T125/><D125/><U91/><E0/><V81/><F81/><W9/><G9/><N who="1" m="3658" /><E31/><V68/><F68/><W38/><G7/><T105/><D55/><N who="1" m="30135" /><E45/><V24/><F17/><W44/><G38/><T132/><D132/><U61/><E61/><V14/><F14/><N who="3" m="5455" /><G58/><T104/><D30/><U97/><E97/><V1/><F1/><W33/><G80/><AGARI ba="0,0" hai="15,16,22,80,82,85,91,94" m="30135,3658" machi="80" ten="30,7700,0" yaku="8,1,52,2,54,1" doraHai="77" who="1" fromWho="3" sc="255,0,129,77,58,0,558,-77" /><INIT seed="7,0,0,4,0,59" ten="255,206,58,481" oya="3" hai0="69,47,122,109,113,70,110,25,38,116,94,111,134" hai1="56,123,11,18,118,32,3,0,115,66,89,16,98" hai2="71,27,100,81,20,79,15,43,117,83,13,105,51" hai3="35,91,121,106,23,88,63,40,4,46,80,2,48"/><W1/><G1/><T99/><D116/><U49/><E123/><V87/><F117/><W64/><G106/><T10/><D122/><U132/><E118/><V61/><F105/><W29/><G35/><T82/><D134/><U128/><E132/><V133/><F100/><W130/><G130/><T74/><D113/><U39/><E39/><V67/><F133/><W124/><G88/><T33/><D10/><U19/><E32/><V86/><F43/><W96/><G48/><T65/><D65/><U131/><E115/><V54/><F51/><W37/><G46/><T8/><D8/><U95/><E49/><V119/><F119/><W104/><G91/><T52/><D38/><U85/><E85/><V55/><F13/><W129/><G96/><T126/><D82/><U9/><E9/><V30/><REACH who="2" step="1"/><F15/><REACH who="2" ten="255,206,48,481" step="2"/><W62/><G104/><T68/><D109/><U73/><E3/><V24/><F24/><W77/><G121/><T108/><D25/><U17/><E0/><V57/><F57/><W84/><G40/><T22/><D70/><U44/><E11/><V127/><F127/><W42/><G124/><T93/><D69/><U28/><E56/><V60/><F60/><W72/><G63/><T92/><D68/><U21/><E131/><V58/><F58/><W31/><G62/><T41/><D108/><U36/><E128/><V34/><F34/><W107/><G129/><T50/><D126/><U101/><E101/><V26/><F26/><W6/><G107/><T90/><D110/><U97/><E36/><V12/><F12/><W120/><G37/><T112/><D111/><RYUUKYOKU ba="0,1" sc="255,-10,206,-10,48,30,481,-10" hai2="20,27,30,54,55,61,67,71,79,81,83,86,87" owari="245,5.0,196,-20.0,78,-42.0,481,57.0" /></mjloggm>