<mjloggm ver="2.3"><GO type="41" lobby="0"/><UN n0="%6B%75%72%6F%2A" n1="%E5%B0%B1%E6%B4%BB%E7%94%9F%40%E5%B7%9D%E6%9D%91%E8%BB%8D%E5%9B%A3" n2="%E3%83%9F%E3%83%88%E3%83%95%E3%82%AF%E3%83%AD%E3%82%A6" n3="%E4%B8%AD%E8%8F%AF%E4%B8%80%E7%95%AA%21" dan="14,17,15,15" rate="1996.41,2199.57,2018.39,1982.28" sx="M,M,M,M"/><TAIKYOKU oya="0"/><INIT seed="0,0,0,2,5,121" ten="250,250,250,250" oya="0" hai0="63,40,119,71,41,126,10,60,55,102,87,7,18" hai1="20,5,127,39,52,120,35,46,118,58,115,75,106" hai2="30,43,69,21,73,123,12,47,28,11,80,90,98" hai3="42,84,116,83,66,31,4,76,131,1,124,122,92"/><T22/><D119/><U100/><E35/><V2/><F69/><W70/><G116/><T17/><D126/><U25/><E118/><V26/><F123/><W108/><G124/><T68/><D102/><U0/><E120/><V103/><F2/><W78/><G4/><T99/><D99/><U135/><E75/><V95/><F30/><W54/><G1/><T107/><D107/><U104/><E115/><V97/><F73/><W29/><G42/><T86/><D22/><U3/><E135/><V112/><F112/><W82/><G66/><T38/><D55/><U129/><E129/><V48/><F80/><W128/><G70/><T133/><D7/><U134/><E134/><V81/><F81/><W32/><G92/><T132/><D38/><U27/><E27/><V8/><REACH who="2" step="1"/><F12/><REACH who="2" ten="250,250,240,250" step="2"/><W49/><G122/><T44/><D68/><U88/><E3/><V89/><F89/><W125/><G83/><T62/><D71/><U93/><E127/><V96/><F96/><W37/><G82/><T114/><D114/><U23/><E0/><V67/><F67/><W57/><G125/><T15/><D133/><U65/><E65/><V56/><F56/><W117/><G57/><T101/><D132/><U14/><E100/><V110/><F110/><W79/><G108/><T130/><D15/><U72/><E72/><V51/><F51/><W36/><G49/><T19/><D101/><U85/><E14/><V24/><F24/><W105/><G117/><T91/><D91/><U64/><E25/><V113/><F113/><W6/><G131/><T13/><D13/><U53/><E88/><RYUUKYOKU ba="0,1" sc="250,-10,250,-10,240,30,250,-10" hai2="8,11,21,26,28,43,47,48,90,95,97,98,103" /><INIT seed="1,1,1,1,1,125" ten="240,240,270,240" oya="1" hai0="65,99,77,122,135,79,34,104,67,29,90,6,0" hai1="55,124,66,106,58,63,87,5,117,26,82,23,96" hai2="123,103,56,53,38,105,46,70,76,59,78,4,24" hai3="80,40,116,119,16,113,112,107,20,114,36,75,44"/><U22/><E117/><V35/><F70/><W72/><G107/><T95/><D122/><U81/><E124/><V129/><F123/><W108/><G108/><T27/><D135/><U43/><E43/><V19/><F4/><W52/><G80/><T41/><D104/><U73/><E5/><V102/><F59/><W47/><G75/><T134/><D134/><U101/><E73/><V15/><F78/><W49/><REACH who="3" step="1"/><G72/><REACH who="3" ten="240,240,270,230" step="2"/><T17/><D77/><U54/><E82/><V91/><F76/><W37/><G37/><T9/><D79/><U32/><E32/><V48/><F105/><W71/><G71/><T110/><D110/><U33/><E33/><V111/><F111/><W120/><G120/><T11/><D34/><U127/><E127/><V94/><F35/><W89/><G89/><T25/><D90/><U130/><E130/><V98/><F91/><W64/><G64/><T132/><D67/><U13/><E81/><V121/><F121/><W86/><G86/><T131/><D132/><U62/><E87/><V51/><F38/><W45/><G45/><T68/><D131/><U69/><E69/><V109/><F129/><W14/><AGARI ba="1,2" hai="14,16,20,36,40,44,47,49,52,112,113,114,116,119" machi="14" ten="40,8000,1" yaku="1,1,0,1,54,2,53,0" doraHai="125" doraHaiUra="60" who="3" fromWho="3" sc="240,-21,240,-41,270,-21,230,103" /><INIT seed="2,0,0,0,2,96" ten="219,199,249,333" oya="2" hai0="106,119,38,123,53,29,27,110,91,15,23,118,135" hai1="97,130,33,48,88,37,64,71,126,116,49,3,104" hai2="84,44,103,34,109,36,13,107,5,81,4,117,2" hai3="78,73,87,98,95,46,108,41,66,0,82,32,43"/><V125/><F117/><W115/><G32/><T101/><D38/><U56/><E37/><V11/><F34/><W61/><G108/><T62/><D123/><U70/><E33/><V28/><F28/><W121/><G121/><T69/><D110/><U22/><E3/><V133/><F133/><W99/><G99/><N who="0" m="61759" /><D135/><U83/><E116/><N who="0" m="44585" /><D91/><U51/><E130/><V93/><F109/><W57/><G0/><T60/><D69/><U132/><E132/><V100/><F107/><W72/><G43/><T92/><D92/><U79/><E126/><V128/><F128/><W45/><G45/><T6/><D53/><U58/><E22/><V12/><F125/><W120/><G120/><T39/><D39/><U127/><E127/><V65/><F65/><W8/><G8/><AGARI ba="0,0" hai="6,8,15,23,27,29,60,62" m="44585,61759" machi="8" ten="30,2000,0" yaku="12,1,52,1" doraHai="96" who="0" fromWho="3" sc="219,20,199,0,249,0,333,-20" /><INIT seed="3,0,0,3,4,105" ten="239,199,249,313" oya="3" hai0="99,102,53,0,91,96,101,27,34,118,11,39,98" hai1="97,130,103,115,26,119,38,62,19,93,114,124,92" hai2="50,127,117,128,57,29,78,132,56,44,40,46,49" hai3="88,15,111,10,134,45,125,1,30,43,20,109,129"/><W21/><G1/><T63/><D118/><U61/><E38/><V80/><F117/><W82/><G125/><T36/><D91/><U52/><E119/><V48/><F128/><W104/><G129/><T71/><D0/><U81/><E124/><V64/><F132/><W54/><G134/><T131/><D131/><U6/><E130/><V23/><F127/><W77/><G104/><T31/><D11/><U76/><E6/><V13/><F64/><W79/><G54/><T7/><D7/><U75/><E93/><V66/><F66/><W116/><G116/><T87/><D87/><U16/><E62/><V59/><F40/><W4/><G30/><T25/><D25/><U107/><E107/><V72/><REACH who="2" step="1"/><F13/><REACH who="2" ten="239,199,239,313" step="2"/><W24/><G43/><T41/><D41/><U9/><E26/><AGARI ba="0,1" hai="23,26,29,44,46,48,49,50,56,57,59,72,78,80" machi="26" ten="40,5200,0" yaku="1,1,2,1,52,1,53,0" doraHai="105" doraHaiUra="121" who="2" fromWho="1" sc="239,0,199,-52,239,62,313,0" /><INIT seed="4,0,0,5,1,14" ten="239,147,301,313" oya="0" hai0="37,3,35,60,33,40,27,135,129,8,117,55,18" hai1="120,75,124,116,12,72,48,105,103,38,92,130,126" hai2="28,115,97,107,112,22,46,70,54,59,17,62,82" hai3="49,94,106,77,123,44,76,64,21,68,57,84,95"/><T108/><D117/><U132/><E38/><V99/><F28/><W5/><G106/><T31/><D135/><U65/><E65/><V41/><F70/><W20/><G68/><T133/><D133/><U42/><E132/><V30/><F30/><W9/><G123/><T111/><D129/><U66/><E66/><V109/><F82/><W26/><G21/><T88/><D37/><U7/><E105/><V104/><F109/><N who="0" m="42058" /><D40/><U114/><E120/><V0/><F0/><W23/><G23/><N who="0" m="15871" /><D88/><U56/><E130/><V29/><F29/><W86/><G86/><T71/><D3/><U34/><E34/><V6/><F99/><W63/><G20/><T61/><D71/><U47/><E114/><N who="2" m="43563" /><F97/><W91/><G26/><T79/><D79/><U80/><E116/><V118/><F118/><W125/><G125/><T32/><D55/><U51/><E80/><V53/><F54/><W85/><G85/><T89/><D89/><U2/><E2/><V69/><F69/><W43/><G94/><T121/><D121/><U122/><E122/><V119/><F119/><W134/><G134/><T90/><D90/><U10/><E92/><V102/><F102/><W45/><G95/><T67/><D67/><U11/><E103/><V83/><F83/><W128/><G91/><T127/><D127/><N who="1" m="48683" /><E75/><V113/><F113/><W101/><G128/><T73/><D73/><U4/><E72/><V100/><F100/><W110/><G101/><T19/><D8/><N who="1" m="4103" /><E7/><V16/><F6/><W78/><G5/><T58/><D58/><U39/><E56/><V81/><F107/><W50/><G110/><RYUUKYOKU ba="0,0" sc="239,15,147,15,301,-15,313,-15" hai0="18,19,32,33,35,60,61" hai1="10,11,39,42,47,48,51" /><INIT seed="4,1,0,0,1,6" ten="254,162,286,298" oya="0" hai0="84,67,2,28,123,105,27,78,119,13,135,49,127" hai1="122,104,47,64,1,3,15,112,91,97,128,74,72" hai2="59,77,132,60,63,124,110,7,34,86,51,12,30" hai3="35,108,121,133,43,125,88,73,134,20,66,62,19"/><T120/><D2/><U79/><E122/><V101/><F110/><W81/><G35/><T5/><D105/><U114/><E64/><V31/><F124/><W14/><G108/><T44/><D119/><U29/><E29/><V100/><F132/><N who="3" m="50795" /><G43/><T9/><D135/><U65/><E65/><V57/><F34/><W8/><G125/><T103/><D103/><N who="1" m="62575" /><E47/><V18/><F7/><W96/><G73/><N who="1" m="28266" /><E79/><V10/><F51/><W83/><G20/><T23/><D127/><U40/><E40/><V69/><F69/><N who="3" m="42199" /><G121/><T95/><D67/><U41/><E41/><V22/><F31/><W21/><G21/><T56/><D56/><N who="2" m="21578" /><F30/><W82/><G96/><T94/><D123/><U11/><E91/><AGARI ba="1,0" hai="8,14,19,81,82,83,88,91" m="42199,50795" machi="91" ten="30,3900,0" yaku="20,1,52,1,54,1" doraHai="6" who="3" fromWho="1" sc="254,0,162,-42,286,0,298,42" /><INIT seed="5,0,0,3,3,50" ten="254,120,286,340" oya="1" hai0="127,21,65,6,115,33,16,110,63,85,120,124,71" hai1="38,58,19,5,7,86,94,118,95,121,59,81,91" hai2="47,99,49,74,96,25,116,113,109,114,88,15,108" hai3="132,40,42,1,10,70,89,52,104,22,55,77,2"/><U13/><E121/><V123/><F74/><W14/><G70/><T57/><D120/><U30/><E118/><V34/><F116/><W46/><G104/><T39/><D39/><U73/><E38/><V28/><F15/><W36/><G42/><T111/><D33/><U62/><E30/><V98/><F123/><W29/><G77/><T130/><D6/><U133/><E133/><V3/><F3/><W90/><G132/><T11/><D11/><U51/><E73/><V17/><F17/><W61/><G61/><T126/><D115/><N who="2" m="44042" /><F88/><W131/><G131/><T48/><D130/><U87/><E51/><V129/><F129/><W18/><G2/><T20/><D20/><U43/><E43/><AGARI ba="0,0" hai="25,28,34,43,47,49,96,98,99,108,109" m="44042" machi="43" ten="30,2000,0" yaku="15,1,11,1" doraHai="50" who="2" fromWho="1" sc="254,0,120,-20,286,20,340,0" /><INIT seed="6,0,0,2,0,12" ten="254,100,306,340" oya="2" hai0="86,25,120,15,8,107,26,105,127,53,33,50,100" hai1="17,116,117,74,95,133,49,60,70,96,35,111,55" hai2="54,34,109,48,43,64,98,1,37,77,110,39,93" hai3="16,51,32,62,45,40,56,79,132,80,36,71,47"/><V10/><F34/><W31/><G71/><T106/><D120/><U94/><E35/><V61/><F77/><W130/><G130/><T119/><D127/><U118/><E74/><V87/><F87/><W67/><G132/><T83/><D119/><U72/><E72/><V9/><F1/><W19/><G31/><T84/><D100/><U103/><E111/><N who="2" m="42507" /><F10/><W123/><G123/><T85/><D83/><U7/><E133/><V2/><F9/><W135/><G135/><T23/><D33/><U99/><E7/><V21/><F21/><W20/><G20/><T18/><REACH who="0" step="1"/><D8/><REACH who="0" ten="244,100,306,340" step="2"/><U92/><E103/><N who="2" m="60879" /><F2/><W104/><G32/><T66/><D66/><U129/><E129/><V14/><F14/><W122/><G122/><T30/><D30/><U75/><E75/><V68/><F43/><W27/><G67/><T58/><AGARI ba="0,1" hai="15,18,23,25,26,50,53,58,84,85,86,105,106,107" machi="58" ten="40,5200,0" yaku="1,1,0,1,52,1,53,0" doraHai="12" doraHaiUra="4" who="0" fromWho="0" sc="244,62,100,-13,306,-26,340,-13" /><INIT seed="7,0,0,1,0,72" ten="306,87,280,327" oya="3" hai0="120,113,35,59,7,90,19,108,58,88,28,31,106" hai1="99,83,110,86,9,3,84,116,15,43,112,10,49" hai2="14,89,129,133,24,67,124,115,103,33,66,12,82" hai3="50,34,1,74,57,26,11,134,60,79,36,32,80"/><W21/><G36/><T121/><D108/><U56/><E110/><V73/><F103/><W18/><G50/><T81/><D106/><U102/><E112/><V62/><F115/><W45/><G45/><T119/><D113/><U98/><E116/><V41/><F41/><W47/><G47/><T51/><D119/><U93/><E3/><V135/><F129/><W68/><G68/><T87/><D7/><U76/><E99/><V54/><F124/><W128/><G128/><T105/><D105/><U37/><E37/><V71/><F67/><W111/><G111/><T85/><D35/><U61/><E86/><V69/><F69/><W132/><G11/><T29/><D19/><U40/><E49/><V17/><F54/><N who="3" m="33847" /><G1/><T22/><D22/><U30/><E30/><V77/><F89/><W107/><G107/><T122/><REACH who="0" step="1"/><D51/><REACH who="0" ten="296,87,280,327" step="2"/><U127/><E127/><V23/><REACH who="2" step="1"/><F33/><REACH who="2" ten="296,87,270,327" step="2"/><W63/><G63/><T38/><D38/><U104/><E104/><V64/><F64/><W123/><G123/><T25/><D25/><U8/><REACH who="1" step="1"/><E15/><AGARI ba="0,2" hai="12,14,15,17,23,24,62,66,71,73,77,82,133,135" machi="15" ten="40,2600,0" yaku="1,1,52,1,53,0" doraHai="72" doraHaiUra="96" who="2" fromWho="1" sc="296,0,87,-26,270,46,327,0" owari="296,-10.0,61,-44.0,316,12.0,327,42.0" /></mjloggm>