<mjloggm ver="2.3"><GO type="169" lobby="0"/><UN n0="%74%61%6B%61%79%79%79%79" n1="%E3%83%88%E3%83%88%E3%83%AA%E5%85%88%E7%94%9F%31%39%E6%AD%B3" n2="%E6%9A%97%E3%81%84%E7%AC%A6" n3="%EF%BC%88%EF%BC%BE%D0%94%EF%BC%BE%EF%BC%89" dan="16,18,16,17" rate="2088.66,2258.92,2011.67,2126.59" sx="M,F,M,M"/><TAIKYOKU oya="0"/><INIT seed="0,0,0,3,3,109" ten="250,250,250,250" oya="0" hai0="127,42,75,124,96,59,129,24,90,76,131,87,54" hai1="84,133,115,37,95,103,101,64,31,116,58,9,112" hai2="15,108,100,97,35,8,66,68,113,44,130,73,69" hai3="122,51,92,128,85,36,14,126,43,6,26,134,70"/><T55/><D24/><U39/><E116/><V120/><F35/><W23/><G128/><N who="0" m="49227" /><D42/><U10/><E133/><V45/><F73/><W72/><G72/><T88/><D55/><U40/><E31/><V12/><F120/><W119/><G119/><T17/><D17/><U105/><E105/><V74/><F74/><W79/><G134/><T91/><D54/><U2/><E84/><V52/><F130/><W50/><G70/><T118/><D59/><U62/><E95/><V117/><F108/><W121/><G126/><N who="0" m="48171" /><D118/><U123/><E123/><N who="3" m="47114" /><G36/><T61/><D61/><U20/><E20/><V33/><F33/><W71/><G71/><T4/><D4/><N who="1" m="1175" /><E10/><V125/><F117/><W114/><G43/><T80/><D96/><U27/><E27/><V81/><F125/><W0/><G26/><T78/><D78/><U67/><E67/><V86/><F66/><W77/><G6/><T13/><D13/><U7/><E7/><V3/><F15/><W94/><G14/><T46/><D46/><N who="1" m="23823" /><E39/><V60/><F3/><W19/><G0/><T53/><D53/><U22/><E22/><V83/><F44/><W48/><G23/><T111/><D111/><U34/><E34/><V132/><F132/><W102/><G19/><T25/><D25/><U47/><E47/><V135/><F45/><W38/><G38/><T57/><D57/><U11/><E11/><V104/><F135/><W65/><G65/><T28/><D28/><U107/><E64/><V21/><F12/><W29/><G29/><T63/><D63/><U89/><E62/><V82/><F60/><W110/><G110/><RYUUKYOKU ba="0,0" sc="250,30,250,-10,250,-10,250,-10" hai0="75,76,80,87,88,90,91" /><INIT seed="0,1,0,1,5,72" ten="280,240,240,240" oya="0" hai0="67,58,85,82,19,25,21,113,50,125,127,59,123" hai1="17,101,134,32,10,105,57,41,112,122,62,9,3" hai2="66,28,124,102,46,38,42,98,133,55,87,117,126" hai3="70,74,27,106,68,1,24,60,128,115,6,84,109"/><T92/><D123/><U107/><E122/><V0/><F0/><W88/><G115/><T90/><D113/><U77/><E112/><V48/><F28/><W71/><G74/><T29/><D67/><U120/><E120/><V31/><F31/><W86/><G109/><T51/><D51/><U96/><E32/><V20/><F20/><W14/><G106/><T45/><D127/><N who="2" m="48682" /><F133/><W110/><G1/><T40/><D125/><U12/><E134/><V52/><F66/><W99/><G110/><T30/><D30/><U64/><E105/><N who="2" m="63703" /><F117/><W56/><G128/><T76/><REACH who="0" step="1"/><D29/><REACH who="0" ten="270,240,240,240" step="2"/><U7/><E64/><V135/><F135/><W100/><G60/><T130/><D130/><U129/><E129/><V81/><F48/><W121/><G121/><T119/><D119/><U69/><E62/><V108/><F108/><W95/><G56/><T18/><D18/><U13/><E57/><V114/><F114/><W93/><G68/><T89/><D89/><AGARI ba="1,1" hai="38,42,46,52,55,81,87,89" m="63703,48682" machi="89" ten="30,2000,0" yaku="18,1,54,1" doraHai="72" who="2" fromWho="0" sc="270,-23,240,0,240,33,240,0" /><INIT seed="1,0,0,4,4,19" ten="247,240,273,240" oya="1" hai0="46,90,40,37,123,27,65,30,134,128,66,22,102" hai1="130,112,45,44,79,114,106,55,133,0,13,115,101" hai2="48,118,116,93,77,39,50,85,97,126,75,32,80" hai3="135,119,69,98,26,82,86,28,15,132,61,16,111"/><U110/><E0/><V120/><F39/><W67/><G111/><T34/><D134/><N who="3" m="51241" /><G119/><T56/><D128/><U91/><E133/><V70/><F32/><N who="3" m="20503" /><G98/><T23/><D123/><U87/><E130/><V35/><F70/><W33/><G33/><T29/><D102/><U3/><E3/><V2/><F35/><W105/><G105/><T113/><D113/><U10/><E79/><V51/><F2/><W89/><G16/><T9/><D9/><U38/><E110/><V108/><F108/><W62/><G62/><T25/><D34/><U64/><E101/><V76/><F120/><W73/><G15/><T60/><D90/><U81/><E106/><V100/><F126/><W99/><G99/><T129/><D129/><U43/><E112/><V63/><F63/><W83/><G73/><T125/><D125/><U78/><E115/><V17/><F17/><W11/><G11/><T92/><D92/><AGARI ba="0,0" hai="61,67,69,82,83,86,89,92" m="20503,51241" machi="92" ten="30,1000,0" yaku="20,1" doraHai="19" who="3" fromWho="0" sc="247,-10,240,0,273,0,240,10" /><INIT seed="2,0,0,3,1,99" ten="237,240,273,250" oya="2" hai0="127,13,42,134,106,100,125,25,56,14,82,69,41" hai1="118,50,116,62,17,43,63,97,95,26,48,71,87" hai2="2,0,27,111,113,117,64,79,68,86,1,59,37" hai3="23,128,92,77,133,88,84,130,110,9,3,38,132"/><V90/><F37/><W89/><G38/><T65/><D134/><N who="3" m="51817" /><G3/><T66/><D69/><U45/><E87/><V96/><F68/><W58/><G9/><T112/><D112/><U35/><E50/><V5/><F113/><W4/><G4/><T30/><D82/><U46/><E46/><V34/><F117/><W28/><G58/><T47/><D106/><U105/><E105/><V36/><F36/><W80/><G110/><T124/><D100/><U29/><E17/><V104/><F79/><W18/><G28/><T123/><D123/><U20/><E35/><V52/><F64/><N who="0" m="24682" /><D56/><U103/><REACH who="1" step="1"/><E71/><REACH who="1" ten="237,230,273,250" step="2"/><V76/><F111/><W126/><G126/><T129/><D129/><N who="3" m="49769" /><G92/><T53/><D47/><U91/><E91/><V44/><F44/><W73/><G84/><T32/><D53/><U119/><AGARI ba="0,1" hai="20,26,29,43,45,48,62,63,95,97,103,116,118,119" machi="119" ten="30,7900,0" yaku="1,1,0,1,52,1,53,1" doraHai="99" doraHaiUra="40" who="1" fromWho="1" sc="237,-20,230,89,273,-39,250,-20" /><INIT seed="3,0,0,2,0,106" ten="217,319,234,230" oya="3" hai0="5,79,49,2,70,78,85,12,88,96,46,92,47" hai1="13,115,51,131,122,25,39,16,97,11,33,74,8" hai2="10,61,53,112,35,98,121,124,86,15,59,1,67" hai3="107,135,27,71,83,99,91,133,101,63,4,116,31"/><W52/><G116/><T87/><D2/><U77/><E122/><V69/><F35/><W30/><G4/><T68/><D68/><U41/><E115/><V118/><F1/><W32/><G31/><T21/><D70/><U7/><E131/><V105/><F118/><W117/><G117/><T6/><D47/><U3/><E51/><V40/><F121/><W23/><G23/><T126/><D126/><U89/><E97/><V36/><F86/><N who="0" m="32778" /><D21/><U103/><E89/><V84/><F84/><N who="3" m="50591" /><G52/><N who="0" m="29751" /><D6/><U132/><E103/><V19/><F124/><W93/><G93/><T72/><D72/><U73/><E132/><V66/><F112/><W57/><G57/><T95/><D95/><U64/><E64/><AGARI ba="0,0" hai="27,30,32,63,64,71,99,101,107,133,135" m="50591" machi="64" ten="30,1500,0" yaku="25,1" doraHai="106" who="3" fromWho="1" sc="217,0,319,-15,234,0,230,15" /><INIT seed="3,1,0,0,1,79" ten="217,304,234,245" oya="3" hai0="8,27,110,86,55,5,3,101,38,117,96,30,14" hai1="77,63,64,119,45,10,42,124,74,123,22,62,19" hai2="46,66,33,31,94,49,100,73,67,99,122,72,50" hai3="24,84,116,65,57,108,93,1,17,112,9,132,59"/><W128/><G116/><T51/><D117/><U88/><E119/><V6/><F122/><W129/><G112/><T76/><D38/><U2/><E123/><V133/><F133/><W109/><G132/><T131/><D131/><N who="3" m="50249" /><G65/><T126/><D126/><U71/><E124/><V23/><F33/><W56/><G1/><T61/><D110/><N who="3" m="42601" /><G93/><T40/><D3/><U52/><E10/><V25/><F6/><W104/><G104/><T16/><D5/><U115/><E2/><V29/><F29/><W0/><G0/><T81/><D40/><U54/><E42/><V98/><F67/><W11/><G84/><T105/><D61/><U13/><E63/><V92/><F50/><W78/><G78/><T20/><D51/><U102/><E77/><V103/><REACH who="2" step="1"/><F66/><REACH who="2" ten="217,304,224,245" step="2"/><W4/><G4/><T97/><D55/><AGARI ba="1,1" hai="23,25,31,46,49,55,72,73,92,94,98,99,100,103" machi="55" ten="30,7700,0" yaku="1,1,2,1,7,1,9,1,53,0" doraHai="79" doraHaiUra="125" who="2" fromWho="0" sc="217,-80,304,0,224,90,245,0" /><INIT seed="4,0,0,3,4,16" ten="137,304,314,245" oya="0" hai0="135,72,22,54,85,132,52,43,125,40,97,104,33" hai1="126,101,118,90,110,8,112,105,83,7,53,99,86" hai2="95,122,76,18,117,94,87,77,102,106,80,111,74" hai3="36,65,68,13,69,103,123,46,75,0,131,127,21"/><T50/><D72/><U67/><E112/><V23/><F122/><W30/><G0/><T63/><D125/><U62/><E126/><V41/><F41/><W96/><G127/><T61/><D33/><U78/><E110/><V88/><F111/><W81/><G131/><T84/><D104/><U14/><E118/><V114/><F114/><W133/><G133/><N who="0" m="51275" /><D97/><U66/><E53/><N who="0" m="20585" /><D22/><U71/><REACH who="1" step="1"/><E67/><REACH who="1" ten="137,294,314,245" step="2"/><V11/><F117/><W116/><G65/><T17/><D17/><U24/><E24/><V128/><F128/><W20/><G116/><T129/><D129/><U58/><E58/><V48/><F106/><W5/><G68/><T35/><D35/><U64/><E64/><V124/><F124/><W82/><G69/><T10/><D10/><U15/><E15/><N who="2" m="9695" /><F11/><W79/><G123/><T109/><D109/><U25/><E25/><V115/><F115/><W130/><G130/><T98/><D98/><U3/><E3/><V92/><F74/><W89/><G13/><T120/><D120/><U19/><E19/><V29/><F29/><W42/><G30/><T119/><D119/><U107/><E107/><V45/><F102/><W39/><G96/><T100/><D100/><U70/><E70/><V28/><F28/><W56/><G103/><T32/><D32/><U1/><E1/><V113/><F113/><W27/><G27/><T49/><D85/><U73/><E73/><V6/><F6/><W9/><G75/><T57/><D84/><U4/><E4/><V108/><F108/><W26/><G5/><T121/><D121/><U47/><E47/><V12/><F12/><RYUUKYOKU ba="0,1" sc="137,-15,294,15,314,15,245,-15" hai1="7,8,14,62,66,71,78,83,86,90,99,101,105" hai2="45,48,76,77,80,87,88,92,94,95" /><INIT seed="5,1,1,4,5,31" ten="122,309,329,230" oya="1" hai0="48,107,77,20,102,44,4,105,101,27,18,129,120" hai1="135,52,19,123,108,83,42,62,6,118,81,86,124" hai2="59,68,2,110,10,70,15,24,121,91,67,125,0" hai3="47,8,103,58,11,74,34,116,28,104,73,114,71"/><U117/><E123/><V16/><F121/><W53/><G71/><T128/><D120/><U84/><E135/><V94/><F110/><W14/><G114/><T43/><D77/><U41/><E108/><V132/><F132/><W72/><G116/><T79/><D79/><N who="1" m="46143" /><E118/><V17/><F0/><W90/><G90/><T98/><REACH who="0" step="1"/><D4/><REACH who="0" ten="112,309,329,230" step="2"/><U29/><E6/><V113/><F113/><W130/><G73/><T106/><D106/><U12/><E117/><V89/><F2/><W100/><G72/><T127/><D127/><U60/><E124/><V9/><F125/><W126/><G74/><T88/><D88/><N who="1" m="51295" /><E29/><V111/><F91/><W63/><G104/><T33/><D33/><U45/><E62/><V92/><F111/><W56/><G34/><T25/><D25/><U96/><E96/><AGARI ba="1,2" hai="18,20,27,43,44,48,96,98,101,102,105,107,128,129" machi="96" ten="40,2600,0" yaku="1,1,9,1,53,0" doraHai="31" doraHaiUra="133" who="0" fromWho="1" sc="112,49,309,-29,329,0,230,0" /><INIT seed="6,0,0,3,2,14" ten="161,280,329,230" oya="2" hai0="46,61,102,120,3,2,56,81,39,85,121,108,17" hai1="118,60,37,93,67,21,59,24,25,123,52,112,84" hai2="78,22,83,111,69,75,29,110,53,32,20,0,30" hai3="10,133,125,132,63,100,51,4,107,43,88,134,94"/><V122/><F69/><W54/><G125/><T106/><D108/><N who="2" m="41514" /><F0/><W113/><G107/><T128/><D128/><U104/><E118/><V117/><F117/><W23/><G100/><T9/><D121/><U70/><E104/><V27/><F122/><W76/><G76/><T50/><D120/><U41/><E123/><V49/><F30/><W126/><G126/><T87/><D39/><U116/><E116/><V44/><AGARI ba="0,0" hai="20,22,27,29,32,44,49,53,75,78,83" m="41514" machi="44" ten="30,1500,0" yaku="10,1" doraHai="14" who="2" fromWho="2" sc="161,-5,280,-5,329,15,230,-5" /><INIT seed="6,1,0,4,5,0" ten="156,275,344,225" oya="2" hai0="42,11,83,30,117,48,74,85,12,104,107,79,96" hai1="19,64,80,34,94,52,72,128,62,90,4,82,89" hai2="5,57,111,130,100,61,122,99,91,26,120,53,38" hai3="73,113,102,68,9,70,112,118,15,10,54,47,21"/><V37/><F37/><W18/><G118/><T39/><D39/><U40/><E34/><V13/><F38/><W92/><G73/><T67/><D117/><U88/><E128/><V124/><F130/><W114/><G47/><T105/><D74/><U3/><E40/><V126/><F26/><W35/><G35/><T108/><D108/><U41/><E41/><V131/><F131/><W69/><REACH who="3" step="1"/><G54/><REACH who="3" ten="156,275,344,215" step="2"/><T8/><D67/><U46/><E52/><N who="2" m="33959" /><F111/><W7/><G7/><T1/><D1/><U63/><E46/><V106/><F53/><W20/><G20/><T44/><D30/><U123/><E72/><V59/><F5/><W98/><AGARI ba="1,1" hai="9,10,15,18,21,68,69,70,92,98,102,112,113,114" machi="98" ten="40,8000,1" yaku="1,1,0,1,15,1,11,1,53,0" doraHai="0" doraHaiUra="119" who="3" fromWho="3" sc="156,-21,275,-21,344,-41,215,93" /><INIT seed="7,0,0,5,2,90" ten="135,254,303,308" oya="3" hai0="105,126,31,81,24,101,77,99,135,2,80,122,69" hai1="22,47,85,87,118,23,93,52,50,102,108,0,15" hai2="12,39,3,106,10,107,45,63,71,48,66,43,62" hai3="14,17,60,46,37,72,116,113,76,73,121,18,78"/><W49/><G37/><T7/><D122/><U119/><E108/><V124/><F3/><W112/><G116/><N who="1" m="44586" /><E0/><V75/><F75/><N who="3" m="28747" /><G60/><T133/><D126/><U29/><E29/><V53/><F124/><W1/><G1/><T70/><D80/><U97/><E15/><V86/><F86/><AGARI ba="0,0" hai="22,23,47,50,52,85,86,87,93,97,102" m="44586" machi="86" ten="30,3900,0" yaku="12,1,52,1,54,1" doraHai="90" who="1" fromWho="2" sc="135,0,254,39,303,-39,308,0" owari="135,-36.0,293,9.0,264,-14.0,308,41.0" /></mjloggm>