<mjloggm ver="2.3"><GO type="169" lobby="0"/><UN n0="%4E%6E%31%33%34" n1="%E3%83%88%E3%83%88%E3%83%AA%E5%85%88%E7%94%9F%31%39%E6%AD%B3" n2="%6A%61%73%6D%69%6E%65%33" n3="%CE%BC%E3%81%97%E3%82%82%E3%81%A7" dan="16,19,16,17" rate="2130.24,2280.76,2069.04,2131.95" sx="M,F,M,M"/><TAIKYOKU oya="0"/><INIT seed="0,0,0,3,2,81" ten="250,250,250,250" oya="0" hai0="121,67,92,131,26,57,74,88,68,113,95,86,6" hai1="115,102,126,130,85,66,73,39,47,97,48,51,133" hai2="84,5,16,19,44,105,12,56,54,75,28,33,14" hai3="63,20,118,21,98,69,61,10,62,123,46,120,70"/><T0/><D113/><U96/><E73/><V24/><F75/><W37/><G118/><T50/><D74/><U80/><E115/><V45/><F105/><W134/><G10/><T107/><D107/><U127/><E130/><V104/><F104/><W1/><G1/><T43/><D121/><N who="3" m="46665" /><G98/><T101/><D68/><N who="3" m="26217" /><G134/><T30/><D131/><U23/><E66/><V83/><F5/><W36/><G46/><N who="0" m="25951" /><D6/><U125/><E133/><V124/><F14/><W64/><G64/><T41/><D41/><N who="1" m="22975" /><E23/><AGARI ba="0,0" hai="20,21,23,36,37,61,62,63" m="26217,46665" machi="23" ten="40,5200,0" yaku="28,2,13,1" doraHai="81" who="3" fromWho="1" sc="250,0,250,-52,250,0,250,52" /><INIT seed="1,0,0,1,5,55" ten="250,198,250,302" oya="1" hai0="103,49,59,22,13,63,18,54,74,23,7,52,51" hai1="12,85,38,57,89,91,132,62,127,82,28,121,67" hai2="100,120,6,24,31,5,119,50,41,125,76,0,1" hai3="47,68,101,15,131,4,58,78,69,96,27,90,39"/><U99/><E121/><V84/><F120/><W48/><G131/><T123/><D123/><U86/><E38/><V25/><F119/><W71/><G78/><T108/><D108/><U29/><E132/><V20/><F100/><W72/><G72/><T124/><D74/><U61/><E127/><V42/><F84/><W21/><G90/><T73/><D73/><U93/><E12/><V56/><F76/><W11/><G39/><T105/><D7/><U92/><REACH who="1" step="1"/><E62/><REACH who="1" ten="250,188,250,302" step="2"/><V134/><F125/><W44/><G71/><T126/><D63/><U87/><E87/><V9/><F134/><W35/><G69/><T83/><D126/><U94/><E94/><V104/><F104/><W115/><G68/><T122/><D122/><U36/><E36/><V98/><F98/><W66/><G96/><T113/><D124/><U106/><E106/><V102/><F0/><W14/><G14/><T10/><D113/><U19/><E19/><V77/><F1/><W40/><G115/><T16/><D83/><U129/><E129/><V88/><F31/><W116/><G15/><N who="0" m="9567" /><D105/><U109/><E109/><V130/><F130/><W8/><G4/><T2/><D2/><U43/><E43/><V135/><F42/><W32/><G40/><T118/><D118/><U81/><E81/><V128/><F5/><W17/><G116/><T97/><D97/><U95/><E95/><V107/><F41/><W117/><G117/><T3/><D3/><U60/><E60/><V110/><F128/><W65/><G17/><T133/><D133/><U80/><E80/><V112/><F110/><W79/><G27/><RYUUKYOKU ba="0,1" sc="250,-10,188,30,250,-10,302,-10" hai1="28,29,57,61,67,82,85,86,89,91,92,93,99" /><INIT seed="1,1,1,1,0,15" ten="240,218,240,292" oya="1" hai0="5,112,113,111,105,115,39,58,129,120,31,123,70" hai1="81,74,11,4,110,34,77,125,82,98,135,9,27" hai2="20,127,19,91,133,13,119,116,28,92,32,62,107" hai3="57,131,45,106,89,16,59,97,26,3,66,64,49"/><U96/><E135/><V1/><F107/><W48/><G3/><T44/><D105/><U29/><E125/><V128/><F133/><W53/><G131/><T78/><D78/><U103/><E110/><V79/><F79/><W61/><G106/><T130/><D31/><U54/><E82/><V124/><F1/><W24/><G66/><T75/><D5/><U102/><E54/><V2/><F2/><W17/><G26/><T6/><D6/><U47/><E47/><V114/><F62/><W84/><G24/><T22/><D22/><U38/><E38/><V95/><F95/><N who="3" m="54695" /><G97/><T80/><D80/><U8/><REACH who="1" step="1"/><E4/><REACH who="1" ten="240,208,240,292" step="2"/><V85/><F127/><W7/><G7/><T18/><D111/><U93/><E93/><V134/><F124/><W69/><G69/><T90/><D70/><U104/><E104/><V118/><F134/><W71/><G71/><T126/><D126/><U109/><E109/><V37/><F37/><W73/><G73/><T55/><D75/><U83/><E83/><V36/><F36/><W76/><G76/><T63/><D39/><U99/><AGARI ba="1,2" hai="8,9,11,27,29,34,74,77,81,96,98,99,102,103" machi="99" ten="30,6000,0" yaku="1,1,0,1,53,1" doraHai="15" doraHaiUra="23" who="1" fromWho="1" sc="240,-21,208,83,240,-21,292,-21" /><INIT seed="1,2,0,3,0,88" ten="219,291,219,271" oya="1" hai0="84,79,32,15,21,122,70,100,68,36,38,102,53" hai1="0,23,71,12,114,131,85,121,109,61,8,72,42" hai2="13,45,93,94,17,58,30,92,55,80,130,44,50" hai3="22,57,91,16,27,35,124,113,56,59,66,90,1"/><U106/><E114/><V69/><F69/><W31/><G113/><T75/><D32/><U43/><E121/><V51/><F130/><W73/><G124/><T108/><D75/><U97/><E72/><V126/><F126/><W96/><G73/><T105/><D108/><U5/><E131/><V33/><F33/><W7/><G66/><T20/><D84/><U18/><E109/><V103/><F103/><W125/><G125/><T6/><D15/><U95/><E106/><V74/><F30/><W2/><G2/><T4/><D53/><U64/><REACH who="1" step="1"/><E85/><REACH who="1" ten="219,281,219,271" step="2"/><V11/><F74/><W118/><G118/><T52/><D105/><U37/><E37/><V81/><F58/><W49/><G49/><T46/><D122/><U26/><E26/><V134/><F134/><W86/><G86/><T29/><D38/><U77/><E77/><V82/><F55/><W76/><G76/><T101/><D79/><U99/><E99/><V40/><F40/><W123/><G96/><T41/><D52/><U54/><E54/><V47/><AGARI ba="2,1" hai="11,13,17,44,45,47,50,51,80,81,82,92,93,94" machi="47" ten="40,12000,2" yaku="0,1,29,2,8,1,52,3" doraHai="88" who="2" fromWho="2" sc="219,-32,281,-62,219,136,271,-32" /><INIT seed="2,0,0,2,4,70" ten="187,219,355,239" oya="2" hai0="114,80,44,41,96,59,78,106,133,129,95,47,68" hai1="37,43,102,12,81,29,126,84,108,34,73,11,6" hai2="33,60,45,23,123,86,10,24,69,65,9,26,88" hai3="92,134,55,21,13,40,4,3,121,38,42,35,46"/><V14/><F123/><W5/><G121/><T79/><D68/><U99/><E73/><V110/><F110/><W113/><G35/><T31/><D106/><U36/><E108/><V77/><F77/><W109/><G113/><T50/><D129/><U39/><E126/><V90/><F33/><W63/><G134/><T85/><D133/><U0/><E34/><V119/><F119/><W2/><G109/><T125/><D125/><U83/><E29/><V105/><F105/><W89/><G40/><T135/><D31/><U54/><E54/><V87/><F45/><W48/><G63/><T17/><D59/><U94/><E43/><V8/><F14/><W117/><G5/><T107/><D107/><U75/><E75/><V128/><F128/><W130/><G117/><T32/><D32/><U93/><E93/><V66/><F23/><W98/><G130/><T67/><D67/><N who="2" m="25610" /><F60/><W58/><REACH who="3" step="1"/><G21/><REACH who="3" ten="187,219,355,229" step="2"/><T122/><D114/><U64/><E64/><V16/><F69/><W25/><G25/><T72/><D122/><U19/><REACH who="1" step="1"/><E84/><REACH who="1" ten="187,209,355,229" step="2"/><V30/><F86/><W1/><G1/><T27/><D135/><U124/><E124/><V57/><F87/><W82/><G82/><T51/><D85/><U131/><E131/><V49/><F30/><W116/><G116/><T74/><D74/><U28/><E28/><V118/><F118/><W15/><G15/><T52/><D72/><U120/><E120/><V53/><F26/><W91/><G91/><N who="0" m="55423" /><D80/><U71/><E71/><V76/><F76/><N who="0" m="29226" /><D27/><U101/><E101/><V100/><F100/><W18/><G18/><AGARI ba="0,2" hai="17,18,41,44,47,50,51,52" m="29226,55423" machi="18" ten="30,2000,0" yaku="8,1,54,1" doraHai="70" who="0" fromWho="3" sc="187,40,209,0,355,0,229,-20" /><INIT seed="3,0,0,2,3,131" ten="227,209,355,209" oya="3" hai0="15,11,61,128,50,68,103,0,38,120,70,39,1" hai1="88,77,27,89,33,69,8,43,106,42,130,63,102" hai2="18,23,7,45,101,96,76,40,107,62,56,111,117" hai3="72,129,100,71,5,21,115,124,127,67,58,37,24"/><W10/><G115/><T85/><D120/><U126/><E130/><V134/><F111/><W57/><G129/><T109/><D109/><U94/><E126/><N who="3" m="48170" /><G72/><T74/><D74/><U86/><E77/><V122/><F117/><W41/><G100/><T3/><D103/><U9/><E89/><V135/><F76/><W16/><G71/><T48/><D85/><U66/><E42/><V108/><F7/><W110/><G67/><T59/><D70/><U81/><E94/><V95/><F107/><W114/><G114/><T80/><D80/><U99/><E43/><V30/><F122/><W12/><G110/><T25/><D68/><U53/><E53/><V73/><F73/><W64/><G64/><T47/><D25/><U78/><E78/><V93/><F108/><W36/><G41/><T118/><D118/><U125/><E125/><V17/><F93/><W132/><G132/><N who="2" m="50729" /><F30/><AGARI ba="0,0" hai="8,9,27,30,33,63,66,69,81,86,88,99,102,106" machi="30" ten="40,5200,0" yaku="25,2,54,1" doraHai="131" who="1" fromWho="2" sc="227,0,209,52,355,-52,209,0" /><INIT seed="4,0,0,0,0,117" ten="227,261,303,209" oya="0" hai0="22,23,29,20,126,108,133,72,18,93,92,113,52" hai1="8,58,59,77,103,110,15,37,66,6,51,114,131" hai2="71,11,17,0,115,122,119,7,124,53,68,87,134" hai3="89,24,132,48,74,94,54,127,101,78,125,118,57"/><T97/><D72/><U61/><E110/><V83/><F122/><W55/><G118/><T105/><D108/><U67/><E37/><V63/><F119/><W69/><G69/><T73/><D73/><U98/><E131/><V44/><F134/><W10/><G132/><T129/><D133/><U107/><E114/><V21/><F115/><W35/><G101/><T40/><D40/><U39/><E39/><V70/><F124/><W104/><G104/><T100/><D126/><U5/><E77/><V64/><F53/><W16/><G35/><T33/><D129/><U109/><E109/><V25/><F44/><W26/><G127/><T82/><D82/><U111/><E111/><V90/><AGARI ba="0,0" hai="0,7,11,17,21,25,63,64,68,70,71,83,87,90" machi="90" ten="20,1500,0" yaku="0,1,7,1" doraHai="117" who="2" fromWho="2" sc="227,-7,261,-4,303,15,209,-4" /><INIT seed="5,0,0,1,4,23" ten="220,257,318,205" oya="1" hai0="106,94,16,101,56,48,39,34,91,22,55,130,35" hai1="26,32,20,93,53,122,8,44,121,87,126,68,117" hai2="6,74,113,67,110,0,134,13,105,114,49,62,64" hai3="42,127,40,21,116,10,102,129,14,77,76,131,128"/><U70/><E117/><V90/><F110/><W86/><G116/><T135/><D39/><U33/><E126/><V43/><F0/><W107/><G127/><T29/><D135/><U99/><E87/><V28/><F105/><W5/><G86/><T103/><D130/><U1/><E70/><V52/><F74/><W71/><G71/><T115/><D115/><N who="2" m="44042" /><F43/><N who="3" m="16427" /><G21/><T18/><D35/><U46/><E68/><V58/><F28/><W24/><G24/><N who="0" m="16535" /><D34/><U80/><E80/><V92/><F134/><W118/><G118/><T84/><D106/><U59/><E32/><V104/><F104/><W81/><G81/><T72/><D72/><U125/><E33/><V98/><F49/><W3/><G3/><T38/><D38/><U2/><E125/><V85/><F85/><W41/><N who="3" m="16435" /><W45/><DORA hai="73" /><G45/><T123/><D123/><U78/><E1/><V124/><F124/><W4/><G4/><T108/><D108/><U37/><E37/><V12/><F6/><W96/><AGARI ba="0,0" hai="5,10,14,76,77,96,102,107,128,129,131" m="16435" machi="96" ten="40,5200,0" yaku="19,1,52,2" doraHai="23,73" who="3" fromWho="3" sc="220,-13,257,-26,318,-13,205,52" /><INIT seed="6,0,0,2,1,47" ten="207,231,305,257" oya="2" hai0="1,95,38,99,55,113,18,53,3,117,77,17,80" hai1="127,84,9,133,59,96,5,50,35,46,93,119,110" hai2="26,102,125,106,86,75,126,98,20,19,23,92,116" hai3="6,71,2,120,90,37,64,109,108,56,94,34,39"/><V13/><F75/><W31/><G120/><T30/><D38/><U21/><E110/><V72/><F72/><W27/><G71/><T100/><D113/><U63/><E35/><V134/><F116/><W12/><G2/><T41/><D41/><U112/><E119/><V122/><F122/><W61/><G39/><T40/><D40/><N who="1" m="24903" /><E133/><V14/><F134/><W82/><G37/><T130/><D117/><U79/><E127/><N who="2" m="48651" /><F23/><W51/><G82/><T29/><D1/><U115/><E21/><V67/><F67/><W15/><G6/><T107/><D3/><U129/><E129/><V8/><F8/><W78/><G78/><T44/><D107/><U76/><E84/><V57/><F57/><W69/><G109/><T128/><D128/><U4/><E115/><V131/><F131/><W73/><G73/><T62/><D130/><U22/><E22/><V89/><AGARI ba="0,0" hai="13,14,19,20,26,86,89,92,98,102,106" m="48651" machi="89" ten="30,1500,0" yaku="18,1" doraHai="47" who="2" fromWho="2" sc="207,-5,231,-5,305,15,257,-5" /><INIT seed="6,1,0,5,5,91" ten="202,226,320,252" oya="2" hai0="108,50,135,41,101,45,95,15,122,82,133,35,14" hai1="36,64,6,67,100,73,29,109,123,131,22,18,121" hai2="27,72,19,71,128,134,111,9,56,49,12,10,102" hai3="5,119,48,37,89,62,125,34,132,79,103,130,61"/><V30/><F71/><W75/><G5/><T59/><D108/><U51/><E109/><V117/><F111/><W120/><G103/><T13/><D122/><N who="1" m="46603" /><E36/><V70/><F70/><W58/><G89/><T99/><D35/><U106/><E73/><V110/><F72/><W107/><G79/><T126/><D126/><U2/><E29/><V88/><F117/><W83/><G83/><T127/><D127/><U28/><E28/><V43/><F102/><W32/><G48/><T77/><REACH who="0" step="1"/><D59/><REACH who="0" ten="192,226,320,252" step="2"/><U118/><E118/><V55/><F110/><W33/><G58/><T20/><D20/><U68/><E68/><V80/><F134/><W85/><G33/><T78/><D78/><U40/><E131/><V65/><F128/><W96/><G130/><T116/><D116/><U16/><E22/><N who="2" m="15735" /><F9/><W23/><G120/><T17/><D17/><U47/><E18/><V57/><F56/><W115/><G119/><T113/><D113/><U76/><E16/><V66/><F43/><W104/><G115/><T90/><D90/><U46/><E76/><V4/><F19/><W114/><G114/><T3/><D3/><U97/><E2/><V53/><F55/><W1/><G1/><T63/><D63/><U11/><E11/><V105/><F66/><N who="1" m="25129" /><E6/><V0/><F65/><W39/><G125/><T84/><AGARI ba="1,1" hai="13,14,15,41,45,50,77,82,84,95,99,101,133,135" machi="84" ten="30,4000,0" yaku="1,1,0,1,52,1,53,0" doraHai="91" doraHaiUra="124" who="0" fromWho="0" sc="192,53,226,-11,320,-21,252,-11" /><INIT seed="7,0,0,4,2,37" ten="245,215,299,241" oya="3" hai0="133,89,55,63,135,70,65,130,79,88,47,42,35" hai1="15,68,67,12,11,36,43,28,118,52,74,10,58" hai2="116,62,56,80,40,59,93,50,5,110,6,107,19" hai3="95,109,1,57,75,126,123,4,66,83,25,48,38"/><W85/><G38/><N who="0" m="21975" /><D35/><U44/><E74/><V94/><F110/><W119/><G126/><T49/><D79/><U18/><E118/><V32/><F32/><W97/><G123/><T132/><D130/><U27/><E68/><V82/><F107/><W86/><G119/><T128/><D128/><U53/><E67/><V73/><F73/><W69/><G109/><T60/><D60/><U96/><E96/><V46/><F19/><W98/><G75/><T2/><D2/><U102/><E102/><V26/><F26/><W108/><G69/><T90/><D90/><U33/><E58/><AGARI ba="0,0" hai="49,55,58,63,65,70,88,89,132,133,135" m="21975" machi="58" ten="30,7700,0" yaku="24,1,20,1,52,1,54,1" doraHai="37" who="0" fromWho="1" sc="245,77,215,-77,299,0,241,0" owari="322,42.0,138,-36.0,299,10.0,241,-16.0" /></mjloggm>