<mjloggm ver="2.3"><GO type="169" lobby="0"/><UN n0="%E6%99%82%E3%81%AE%E6%BC%82%E6%B3%8A" n1="%E5%B0%B1%E6%B4%BB%E7%94%9F%40%E5%B7%9D%E6%9D%91%E8%BB%8D%E5%9B%A3" n2="%62%61%79%65%73" n3="%6B%61%6E%64%6F%72%61%6F" dan="17,18,16,16" rate="2168.15,2329.80,2013.01,2106.92" sx="F,M,M,M"/><TAIKYOKU oya="0"/><INIT seed="0,0,0,5,2,30" ten="250,250,250,250" oya="0" hai0="22,81,51,75,49,85,53,59,1,115,112,109,54" hai1="118,36,84,108,86,62,110,113,28,12,99,58,88" hai2="14,90,55,73,96,3,128,27,94,97,26,35,135" hai3="32,56,20,65,50,130,92,111,25,38,68,42,47"/><T121/><D75/><U72/><E118/><V9/><F3/><W0/><G0/><T101/><D121/><U6/><E72/><V133/><F128/><W60/><G111/><T123/><D109/><N who="1" m="42091" /><E36/><V11/><F73/><W10/><G10/><T95/><D123/><U46/><E46/><V70/><F70/><W33/><G92/><T120/><D1/><U67/><E28/><V79/><F79/><W31/><G130/><T126/><D120/><U29/><E29/><V18/><F55/><AGARI ba="0,0" hai="20,25,31,32,33,38,42,47,50,55,56,60,65,68" machi="55" ten="40,8000,1" yaku="24,2,52,2" doraHai="30" who="3" fromWho="2" sc="250,0,250,0,250,-80,250,80" /><INIT seed="1,0,0,0,3,87" ten="250,250,170,330" oya="1" hai0="51,6,124,134,36,117,82,135,16,54,55,66,39" hai1="62,98,81,77,23,0,102,130,58,48,116,100,78" hai2="17,34,56,126,91,120,129,107,128,84,32,5,88" hai3="59,40,61,64,35,122,65,15,27,80,33,105,114"/><U93/><E116/><V108/><F120/><W31/><G114/><T92/><D117/><U22/><E0/><V76/><F108/><W111/><G111/><T24/><D6/><U99/><E130/><N who="2" m="50283" /><F126/><W121/><G105/><T133/><D66/><U89/><E48/><V67/><F107/><W113/><G113/><T79/><D124/><U131/><E131/><V41/><F5/><W97/><G40/><T104/><D104/><U115/><E115/><V118/><F118/><W38/><G38/><T52/><D51/><U9/><E9/><V25/><F41/><W127/><G127/><T90/><D82/><U103/><E99/><V49/><F76/><W50/><G97/><N who="0" m="57495" /><D79/><U96/><E96/><V70/><F70/><W60/><G50/><T71/><D71/><U7/><E7/><V57/><F84/><W125/><G125/><T10/><D24/><U43/><E43/><V106/><F106/><W14/><G80/><T47/><D47/><U26/><E26/><V19/><F49/><W132/><G132/><T3/><D3/><U94/><E94/><V18/><F67/><W119/><G119/><T46/><D46/><U21/><REACH who="1" step="1"/><E81/><REACH who="1" ten="250,240,170,330" step="2"/><V69/><F69/><W29/><G27/><T112/><D112/><U53/><AGARI ba="0,1" hai="21,22,23,53,58,62,77,78,89,93,98,100,102,103" machi="53" ten="30,12000,1" yaku="1,1,2,1,0,1,8,1,52,1,53,0" doraHai="87" doraHaiUra="1" who="1" fromWho="1" sc="250,-40,240,130,170,-40,330,-40" /><INIT seed="1,1,0,2,4,13" ten="210,370,130,290" oya="1" hai0="2,25,1,37,41,56,9,60,86,11,21,107,92" hai1="73,14,133,112,18,109,29,127,128,134,42,17,28" hai2="53,69,16,30,36,94,27,64,62,120,79,98,131" hai3="24,91,135,38,5,66,6,81,103,80,57,110,19"/><U46/><E73/><V101/><F120/><W72/><G38/><T3/><D107/><U44/><E112/><V65/><F131/><W118/><G110/><T93/><D37/><U100/><E100/><V111/><F111/><W95/><G103/><T116/><D41/><U108/><E128/><V45/><F79/><W58/><G135/><N who="1" m="51722" /><E127/><V114/><F114/><W106/><G106/><T71/><D71/><U113/><E113/><V47/><F30/><N who="1" m="11881" /><E44/><V33/><F33/><W117/><G72/><T132/><D116/><N who="3" m="44649" /><G80/><T31/><D132/><U12/><E46/><N who="2" m="17419" /><F36/><W20/><G81/><T97/><D92/><U122/><E42/><V104/><F69/><W124/><G124/><T52/><REACH who="0" step="1"/><D86/><REACH who="0" ten="200,370,130,290" step="2"/><U26/><E122/><V59/><F104/><W0/><G0/><T75/><D75/><U22/><E26/><V123/><F123/><W39/><G39/><T49/><D49/><U32/><E32/><V96/><F96/><N who="3" m="57471" /><G66/><T70/><D70/><U50/><E50/><V40/><F40/><W34/><G34/><T48/><D48/><U99/><E99/><V115/><F115/><W78/><G24/><T4/><D4/><U126/><E126/><V23/><AGARI ba="1,1" hai="16,23,27,53,59,62,64,65,94,98,101" m="17419" machi="23" ten="30,4000,0" yaku="8,1,52,1,54,1" doraHai="13" who="2" fromWho="2" sc="200,-11,370,-21,130,53,290,-11" /><INIT seed="2,0,0,1,1,72" ten="189,349,183,279" oya="2" hai0="44,82,13,9,131,0,53,22,74,3,90,43,65" hai1="63,89,10,108,95,36,41,107,6,11,126,79,46" hai2="1,116,97,49,40,28,96,111,39,51,31,56,112" hai3="77,100,27,85,58,91,64,50,135,98,127,67,19"/><V94/><F112/><W47/><G127/><T130/><D65/><U125/><E107/><V24/><F116/><W15/><G27/><T129/><D22/><U18/><E108/><V38/><F1/><W26/><G26/><T104/><D53/><U7/><E63/><V76/><F111/><W30/><G30/><T29/><D29/><U133/><E133/><V122/><F122/><W73/><G73/><T121/><D104/><U17/><E79/><V69/><F69/><W123/><G123/><T16/><D121/><U12/><E17/><V113/><F56/><W75/><G75/><T118/><D118/><U103/><E103/><V115/><F24/><W81/><G135/><T78/><REACH who="0" step="1"/><D90/><REACH who="0" ten="179,349,183,279" step="2"/><U14/><E125/><V117/><F117/><W128/><G91/><T59/><D59/><U55/><E55/><V114/><F114/><W119/><G58/><T34/><D34/><U4/><E126/><V120/><F120/><W106/><G119/><T87/><D87/><AGARI ba="0,1" hai="4,6,7,10,11,12,14,18,36,41,46,87,89,95" machi="87" ten="30,1000,0" yaku="7,1" doraHai="72" who="1" fromWho="0" sc="179,-10,349,20,183,0,279,0" /><INIT seed="3,0,0,0,4,79" ten="169,369,183,279" oya="3" hai0="49,92,56,123,44,125,83,40,105,22,85,129,121" hai1="81,128,64,29,47,21,63,130,24,104,17,27,31" hai2="134,111,50,54,37,16,4,131,15,57,98,126,110" hai3="97,95,89,72,74,75,96,114,42,109,133,43,55"/><W23/><G114/><T20/><D105/><U1/><E1/><V14/><F126/><W19/><G133/><T26/><D125/><U127/><E104/><V52/><F134/><W91/><G109/><N who="2" m="41481" /><F37/><W77/><G55/><T61/><D129/><N who="1" m="49771" /><E127/><V32/><F131/><W69/><G69/><T116/><D92/><U33/><E47/><N who="2" m="27743" /><F32/><W53/><G53/><T101/><D101/><U0/><E0/><V39/><F39/><W25/><G77/><T18/><D22/><U88/><E31/><V65/><F98/><W71/><G71/><T113/><D116/><U35/><E27/><V107/><F107/><W135/><G135/><T117/><D117/><U112/><E29/><V86/><F86/><W59/><G59/><T11/><D11/><U5/><E5/><V66/><F4/><W118/><G118/><T93/><D93/><AGARI ba="0,0" hai="19,23,25,42,43,72,74,75,89,91,93,95,96,97" machi="93" ten="40,2000,0" yaku="9,1" doraHai="79" who="3" fromWho="0" sc="169,-20,369,0,183,0,279,20" /><INIT seed="3,1,0,3,4,132" ten="149,369,183,299" oya="3" hai0="14,47,119,114,37,85,22,41,91,113,49,65,76" hai1="78,30,84,21,95,17,43,109,2,56,40,121,10" hai2="111,107,126,53,4,125,9,70,63,112,106,45,0" hai3="79,29,124,92,93,120,118,71,31,100,116,46,105"/><W11/><G120/><T12/><D119/><U102/><E121/><V58/><F112/><W117/><G71/><T26/><D76/><U57/><E109/><V27/><F111/><W134/><G134/><T101/><D65/><U3/><E30/><V64/><F27/><W15/><G79/><T123/><D101/><U32/><E32/><V23/><F23/><W133/><G133/><T7/><D123/><U50/><E10/><V131/><F131/><W75/><G75/><T129/><D129/><U52/><E3/><V68/><F45/><W80/><G80/><T96/><D96/><N who="1" m="59679" /><E57/><V83/><F83/><W110/><G110/><T62/><D62/><U87/><E2/><V6/><F6/><W18/><G46/><T88/><D37/><U16/><E17/><V8/><F8/><W38/><G38/><T97/><D97/><U61/><E78/><V60/><REACH who="2" step="1"/><F70/><REACH who="2" ten="149,369,173,299" step="2"/><W25/><G25/><T81/><D7/><U73/><E73/><V48/><F48/><W34/><G34/><T55/><D113/><U104/><E50/><V35/><F35/><W51/><G51/><T20/><D114/><U86/><E104/><AGARI ba="1,1" hai="0,4,9,53,58,60,63,64,68,104,106,107,125,126" machi="104" ten="40,5200,0" yaku="1,1,52,2,53,0" doraHai="132" doraHaiUra="13" who="2" fromWho="1" sc="149,0,369,-55,173,65,299,0" /><INIT seed="4,0,0,3,5,97" ten="149,314,238,299" oya="0" hai0="40,63,65,116,88,80,1,30,109,48,42,127,36" hai1="11,61,26,19,108,34,107,35,82,15,119,131,43" hai2="98,81,38,77,0,93,115,22,51,47,31,129,87" hai3="111,59,67,105,79,44,28,14,128,60,84,8,92"/><T134/><D116/><U56/><E119/><V95/><F115/><W106/><G111/><T125/><D1/><U71/><E108/><V110/><F110/><W89/><G128/><T46/><D109/><U49/><E131/><V124/><F129/><W100/><G28/><T121/><D121/><U57/><E107/><V50/><F0/><W70/><G44/><N who="0" m="25607" /><D30/><U101/><E71/><V53/><F124/><N who="0" m="47690" /><D88/><U68/><E68/><V55/><F38/><W5/><G70/><N who="0" m="42303" /><D80/><U21/><E82/><V39/><F39/><W90/><G79/><T78/><D78/><U123/><E123/><V133/><F95/><W18/><G18/><T74/><D74/><U17/><E35/><V72/><F72/><W16/><G5/><T94/><D94/><U76/><E76/><V102/><F31/><W75/><G75/><T2/><D2/><U104/><E34/><V37/><F37/><W20/><G20/><T54/><D54/><U120/><E120/><V122/><F122/><W85/><G100/><T13/><D13/><U6/><E101/><V103/><F22/><W45/><G45/><T83/><D83/><AGARI ba="0,0" hai="8,14,16,59,60,67,83,84,85,89,90,92,105,106" machi="83" ten="30,2000,0" yaku="7,1,54,1" doraHai="97" who="3" fromWho="0" sc="149,-20,314,0,238,0,299,20" /><INIT seed="5,0,0,2,0,49" ten="129,314,238,319" oya="1" hai0="24,130,120,70,86,88,52,108,19,8,65,107,41" hai1="98,95,69,32,81,2,40,26,104,35,125,102,131" hai2="31,116,56,93,11,47,92,21,124,22,109,85,15" hai3="80,97,100,111,30,67,23,78,134,57,118,28,128"/><U71/><E2/><V17/><F109/><W75/><G128/><T113/><D108/><U132/><E131/><V73/><F73/><W101/><G134/><T50/><D130/><U39/><E132/><V114/><F114/><W3/><G111/><T44/><D113/><U83/><E125/><V74/><F74/><W14/><G3/><T46/><D107/><U51/><E39/><V90/><F124/><W126/><G126/><T77/><D120/><U36/><E36/><V6/><F116/><W7/><G118/><T89/><D65/><U63/><E95/><V91/><F31/><W9/><G23/><N who="0" m="13439" /><D70/><U87/><E87/><V16/><F47/><W61/><REACH who="3" step="1"/><G100/><REACH who="3" ten="129,314,238,309" step="2"/><T119/><D119/><U59/><E35/><V99/><F56/><W4/><G4/><T127/><D127/><U105/><E32/><V135/><F135/><W60/><G60/><T13/><D46/><U33/><E63/><V112/><F112/><W117/><G117/><T20/><D20/><AGARI ba="0,1" hai="6,11,15,16,17,20,21,22,85,90,91,92,93,99" machi="20" ten="40,2600,0" yaku="8,1,54,1" doraHai="49" who="2" fromWho="0" sc="129,-26,314,0,238,36,309,0" /><INIT seed="6,0,0,5,2,77" ten="103,314,274,309" oya="2" hai0="74,71,126,121,100,91,19,125,83,9,30,119,27" hai1="69,103,41,120,28,37,21,81,13,38,63,66,40" hai2="98,56,62,14,106,48,51,109,92,104,45,131,10" hai3="11,116,59,31,22,7,96,36,127,123,132,5,82"/><V87/><F131/><W134/><G123/><T97/><D71/><U130/><E103/><V60/><F109/><W3/><G116/><T76/><D9/><U6/><E120/><V102/><F51/><W46/><G127/><T61/><D121/><U88/><E130/><V78/><F78/><W113/><G96/><T93/><D61/><U34/><E34/><V112/><F112/><W107/><G107/><N who="0" m="63887" /><D19/><U128/><E128/><V33/><F33/><W23/><G7/><T0/><D27/><U122/><E122/><V105/><F87/><W115/><G59/><T18/><D18/><U47/><E28/><V68/><F68/><W114/><G31/><T110/><D0/><U49/><E40/><V26/><F26/><W52/><G82/><N who="0" m="45335" /><D30/><U39/><E21/><N who="3" m="7690" /><G36/><T4/><D4/><U101/><E6/><V15/><F15/><W2/><G3/><T73/><D110/><U129/><E13/><V53/><F56/><W80/><G80/><T50/><D50/><AGARI ba="0,0" hai="2,5,11,46,50,52,113,114,115,132,134" m="7690" machi="50" ten="40,5200,0" yaku="15,1,11,1,54,1" doraHai="77" who="3" fromWho="0" sc="103,-52,314,0,274,0,309,52" /><INIT seed="7,0,0,0,1,81" ten="51,314,274,361" oya="3" hai0="122,12,86,79,78,83,41,60,128,6,44,26,49" hai1="131,35,108,34,57,130,22,92,40,17,62,59,28" hai2="88,67,70,111,129,9,133,46,117,27,68,127,19" hai3="116,20,100,14,55,115,11,110,126,107,3,101,120"/><W1/><G120/><T105/><D128/><N who="1" m="49195" /><E108/><V31/><F129/><W58/><G116/><T18/><D122/><U8/><E40/><V42/><F111/><W48/><G110/><T10/><D105/><U50/><E50/><V29/><F117/><W90/><G115/><T21/><REACH who="0" step="1"/><D60/><REACH who="0" ten="41,314,274,361" step="2"/><U112/><E62/><N who="2" m="40055" /><F133/><W71/><G107/><T77/><AGARI ba="0,1" hai="6,10,12,18,21,26,41,44,49,77,78,79,83,86" machi="77" ten="20,12000,2" yaku="1,1,0,1,7,1,25,2,8,1,52,1,53,0" doraHai="81" doraHaiUra="32" who="0" fromWho="0" sc="41,130,314,-30,274,-30,361,-60" owari="171,-33.0,284,8.0,244,-16.0,301,41.0" /></mjloggm>