<mjloggm ver="2.3"><GO type="169" lobby="0"/><UN n0="%E7%8E%A9%E5%80%8B%4A%42" n1="%E4%BC%8A%E8%A3%8F%E9%87%8E%E5%8A%A0%E5%A5%88" n2="%E5%B0%B1%E6%B4%BB%E7%94%9F%40%E5%B7%9D%E6%9D%91%E8%BB%8D%E5%9B%A3" n3="%E3%81%97%E3%82%85%E3%81%B0%E3%82%8B%E3%81%A4" dan="17,16,17,16" rate="2153.57,2152.28,2185.02,2122.17" sx="M,F,M,M"/><TAIKYOKU oya="0"/><INIT seed="0,0,0,4,4,103" ten="250,250,250,250" oya="0" hai0="5,43,110,18,132,37,27,69,52,66,88,30,86" hai1="116,111,77,109,122,16,4,106,56,78,82,96,102" hai2="114,87,51,58,125,29,129,19,90,104,32,94,35" hai3="124,62,10,7,92,38,85,40,81,3,50,71,41"/><T65/><D132/><U45/><E122/><V22/><F114/><W83/><G124/><T76/><D76/><U13/><E116/><V95/><F125/><W61/><G38/><T105/><D105/><U75/><E78/><V67/><F129/><W25/><G25/><T70/><D5/><U57/><E45/><V6/><F6/><W117/><G117/><T55/><D18/><U123/><E4/><V0/><F0/><W11/><G71/><T68/><D110/><N who="1" m="41995" /><E123/><V26/><F104/><W73/><G73/><T34/><D66/><U21/><AGARI ba="0,0" hai="13,16,21,56,57,75,77,82,96,102,106" m="41995" machi="21" ten="30,4000,0" yaku="14,1,52,1,54,1" doraHai="103" who="1" fromWho="1" sc="250,-20,250,40,250,-10,250,-10" /><INIT seed="1,0,0,0,4,17" ten="230,290,240,240" oya="1" hai0="76,107,91,59,33,61,109,102,42,79,82,39,101" hai1="27,105,47,127,23,118,99,53,2,25,20,66,131" hai2="103,57,124,85,49,77,65,10,37,98,104,80,16" hai3="44,78,87,28,26,51,50,117,13,97,11,48,40"/><U90/><E118/><V14/><F37/><W34/><G117/><T86/><D33/><U132/><E2/><V21/><F124/><W5/><REACH who="3" step="1"/><G97/><REACH who="3" ten="230,290,240,230" step="2"/><T63/><D109/><U112/><E127/><V58/><F65/><W9/><G9/><T122/><D122/><U4/><E66/><V94/><F104/><W31/><G31/><T62/><D107/><U126/><E126/><V68/><F68/><W19/><G19/><T92/><D79/><U123/><E105/><V36/><F36/><W18/><G18/><T54/><D39/><U125/><E125/><V15/><F49/><W133/><G133/><T56/><D42/><U1/><E132/><V134/><F134/><W29/><G29/><T121/><D121/><U119/><E123/><V71/><F71/><W35/><G35/><T115/><D115/><U116/><E112/><V84/><F84/><W52/><G52/><N who="0" m="34023" /><D62/><U74/><E53/><V106/><F106/><W114/><G114/><T89/><D76/><U32/><E116/><V3/><F3/><W95/><G95/><T75/><D75/><U135/><E74/><V72/><F72/><W55/><G55/><T70/><D70/><U7/><E32/><V8/><F8/><W45/><G45/><T130/><D130/><U100/><E47/><V43/><F43/><W83/><AGARI ba="0,1" hai="5,11,13,26,28,34,40,44,48,50,51,78,83,87" machi="83" ten="30,7900,0" yaku="1,1,0,1,25,2,53,0" doraHai="17" doraHaiUra="129" who="3" fromWho="3" sc="230,-20,290,-39,240,-20,230,89" /><INIT seed="2,0,0,2,3,9" ten="210,251,220,319" oya="2" hai0="42,46,121,58,8,36,11,65,26,101,78,38,102" hai1="49,50,95,117,94,100,85,80,57,119,125,17,110" hai2="86,64,93,15,41,82,87,74,84,0,62,104,24" hai3="103,109,127,105,35,72,112,106,3,13,43,123,31"/><V120/><F0/><W92/><G3/><T33/><D121/><U111/><E125/><V113/><F120/><W91/><G109/><N who="1" m="41482" /><E57/><N who="2" m="36943" /><F104/><W116/><G43/><T30/><D38/><U23/><E49/><V73/><F73/><W21/><G31/><T118/><D78/><U98/><E50/><V18/><F74/><W59/><G59/><T45/><D45/><U61/><E61/><V52/><F41/><W5/><G35/><T16/><D11/><U97/><E17/><V68/><F68/><W122/><G72/><T14/><REACH who="0" step="1"/><D118/><REACH who="0" ten="200,251,220,319" step="2"/><U69/><E119/><V134/><F113/><W48/><G112/><T25/><D25/><U81/><E117/><V107/><F24/><W20/><G116/><T108/><D108/><U83/><E69/><V34/><F134/><W1/><G122/><T47/><D47/><U131/><E131/><V114/><F114/><W129/><G129/><T7/><D7/><U28/><E28/><V44/><F34/><W135/><G5/><T60/><AGARI ba="0,1" hai="8,14,16,26,30,33,36,42,46,58,60,65,101,102" machi="60" ten="30,8000,1" yaku="1,1,0,1,52,1,54,1,53,1" doraHai="9" doraHaiUra="40" who="0" fromWho="0" sc="200,90,251,-20,220,-40,319,-20" /><INIT seed="3,0,0,1,3,56" ten="290,231,180,299" oya="3" hai0="100,120,31,46,116,105,5,103,61,89,59,104,122" hai1="114,86,43,6,93,49,125,8,132,65,99,79,78" hai2="2,69,133,106,16,129,118,48,72,115,67,62,123" hai3="91,38,88,68,87,17,55,96,112,21,10,128,102"/><W14/><G112/><T101/><D116/><U77/><E114/><V90/><F2/><W1/><G128/><T126/><D126/><U52/><E125/><V97/><F72/><W50/><G38/><T13/><D31/><U85/><E65/><V70/><F118/><W117/><G68/><T124/><D124/><U92/><E43/><V35/><F35/><W51/><G117/><T30/><D30/><U40/><E40/><V107/><F70/><W58/><G51/><T135/><D135/><U109/><E109/><V64/><F64/><W134/><G134/><T28/><D28/><U41/><E41/><V54/><F133/><W121/><G121/><T25/><D25/><U73/><E73/><V130/><F115/><W80/><G1/><T18/><D5/><U127/><E127/><V57/><F123/><W9/><REACH who="3" step="1"/><G91/><REACH who="3" ten="290,231,180,289" step="2"/><T42/><D89/><U95/><E132/><V74/><F90/><W37/><G37/><T39/><D122/><U36/><E36/><V23/><F74/><W24/><G24/><T108/><D120/><U47/><REACH who="1" step="1"/><E99/><REACH who="1" ten="290,221,180,289" step="2"/><V98/><F97/><W19/><G19/><T33/><D108/><U83/><E83/><V84/><F84/><W75/><G75/><T71/><D18/><U111/><E111/><V94/><F98/><W34/><G34/><T66/><D33/><U81/><E81/><V60/><F129/><W32/><G32/><T27/><D39/><U110/><E110/><V3/><F130/><W113/><G113/><T76/><D76/><U44/><E44/><V22/><F16/><W26/><G26/><T82/><D27/><RYUUKYOKU ba="0,2" sc="290,-15,221,15,180,-15,289,15" hai1="6,8,47,49,52,77,78,79,85,86,92,93,95" hai3="9,10,14,17,21,50,55,58,80,87,88,96,102" /><INIT seed="3,1,2,1,4,20" ten="275,236,165,304" oya="3" hai0="82,3,107,23,88,14,125,115,105,9,29,57,46" hai1="77,100,128,66,84,59,27,25,96,124,56,101,121" hai2="38,116,87,131,0,22,32,119,5,114,76,21,64" hai3="94,18,52,47,127,30,93,110,6,37,8,68,31"/><W95/><G68/><T109/><D3/><U4/><E121/><V35/><F38/><W133/><G133/><T98/><D109/><U40/><E124/><V89/><F76/><W19/><G127/><T112/><D125/><U80/><E128/><V111/><F64/><W71/><G71/><T12/><D46/><U130/><E130/><V126/><F126/><W108/><G37/><T69/><D69/><U134/><E134/><V55/><F131/><W67/><G67/><T91/><D14/><U36/><E4/><V73/><F73/><W2/><G19/><T72/><D57/><N who="1" m="22091" /><E36/><V54/><F114/><N who="0" m="43562" /><D91/><U7/><E7/><V123/><F123/><W43/><G43/><T33/><D33/><U42/><E66/><V85/><F5/><W106/><G106/><T17/><D72/><U39/><E39/><V103/><F89/><W78/><G18/><T49/><D49/><U117/><E117/><V10/><F10/><W15/><G78/><T53/><D53/><U62/><E62/><V99/><F99/><W86/><G2/><T61/><D61/><U132/><E132/><V120/><F120/><W74/><G74/><T26/><D98/><U118/><E118/><V81/><F0/><W51/><G86/><AGARI ba="1,2" hai="9,12,17,23,26,29,82,86,88,105,107" m="43562" machi="86" ten="30,3900,0" yaku="11,1,52,1,54,1" doraHai="20" who="0" fromWho="3" sc="275,62,236,0,165,0,304,-42" /><INIT seed="4,0,0,4,5,12" ten="337,236,165,262" oya="0" hai0="129,25,114,4,23,54,60,86,75,29,16,46,84" hai1="2,116,118,41,21,117,62,98,3,36,93,9,95" hai2="92,87,82,30,96,81,83,68,77,127,47,78,115" hai3="120,31,122,28,0,51,105,119,50,1,17,134,19"/><T53/><D75/><U104/><E104/><V61/><F30/><N who="3" m="11307" /><G105/><T70/><D114/><U79/><E79/><N who="2" m="46527" /><F68/><W113/><G113/><T69/><D129/><U90/><E9/><V34/><F34/><W40/><G119/><T103/><D4/><U124/><E124/><V64/><F47/><N who="3" m="25959" /><G51/><N who="0" m="28919" /><D70/><U35/><E35/><V106/><F64/><W67/><G67/><T63/><D69/><U37/><E41/><V111/><F61/><N who="0" m="23626" /><D54/><U20/><E62/><V88/><F111/><W15/><G134/><T24/><D103/><U109/><E117/><V125/><F115/><W85/><G1/><T94/><D94/><U131/><E131/><V121/><F121/><N who="3" m="46699" /><G0/><T14/><D25/><U32/><E32/><V71/><F71/><W26/><G26/><T10/><AGARI ba="0,0" hai="10,14,16,23,24,29,84,86" m="23626,28919" machi="10" ten="30,6000,0" yaku="8,1,52,1,54,1" doraHai="12" who="0" fromWho="0" sc="337,60,236,-20,165,-20,262,-20" /><INIT seed="4,1,0,5,0,110" ten="397,216,145,242" oya="0" hai0="99,130,85,24,82,135,37,119,89,120,94,61,102" hai1="7,48,12,66,108,133,64,121,46,114,83,75,19" hai2="81,67,20,31,17,18,74,9,71,78,90,55,84" hai3="25,23,39,29,21,105,103,22,91,88,5,72,115"/><T42/><D119/><U92/><E121/><V8/><F71/><W111/><G111/><T86/><D120/><U62/><E108/><V106/><F67/><W28/><G72/><T16/><D130/><U70/><E66/><V79/><F31/><N who="3" m="11851" /><G105/><T36/><D135/><U109/><E109/><V123/><F123/><W32/><G39/><T77/><D42/><U15/><E92/><V52/><F106/><W107/><G107/><T43/><D43/><U27/><E7/><V57/><F55/><W124/><G32/><T26/><D61/><U127/><E127/><V129/><F129/><W95/><G25/><T10/><D37/><U34/><E133/><V117/><F117/><W45/><G5/><T65/><D65/><U63/><E63/><V87/><F74/><W98/><G115/><T51/><D51/><U44/><E114/><V30/><F30/><W41/><G124/><T125/><D36/><U132/><E34/><V118/><F118/><W54/><G41/><T128/><D128/><U93/><E132/><V56/><F56/><W97/><G98/><T40/><D40/><U68/><E68/><V112/><F112/><W126/><G126/><T49/><D49/><AGARI ba="1,0" hai="21,22,23,45,49,54,88,91,95,97,103" m="11851" machi="49" ten="30,2000,0" yaku="8,1,54,1" doraHai="110" who="3" fromWho="0" sc="397,-23,216,0,145,0,242,23" /><INIT seed="5,0,0,1,3,59" ten="374,216,145,265" oya="1" hai0="98,26,105,54,21,80,112,48,102,92,84,62,27" hai1="63,89,88,130,3,83,55,46,134,38,116,36,109" hai2="18,19,127,43,121,74,2,104,9,81,39,120,13" hai3="96,76,34,66,113,114,22,126,128,15,20,40,12"/><U78/><E116/><V119/><F119/><W100/><G34/><T49/><D112/><N who="3" m="43113" /><G128/><T60/><D105/><U51/><E3/><V61/><F104/><W124/><G76/><N who="0" m="46087" /><D49/><U14/><E130/><V86/><F74/><W85/><G85/><T29/><D27/><U107/><E107/><V90/><F127/><W75/><G66/><T70/><D70/><U28/><E134/><V68/><F2/><W129/><G22/><T11/><D11/><U50/><E28/><V17/><F43/><W47/><G75/><T103/><D103/><U95/><E109/><V25/><F39/><W24/><G15/><T52/><D54/><U77/><E77/><V32/><F32/><W23/><G12/><T111/><D111/><U56/><E51/><V31/><F31/><W73/><G73/><T87/><D87/><U91/><E14/><V117/><F117/><W122/><G122/><T33/><D33/><U1/><E1/><V123/><REACH who="2" step="1"/><F25/><REACH who="2" ten="374,216,135,265" step="2"/><W42/><G24/><T110/><D110/><U8/><E36/><V108/><F108/><W4/><G42/><T79/><D79/><U135/><E38/><V106/><F106/><W37/><G124/><T132/><D132/><U41/><E135/><V45/><F45/><AGARI ba="0,1" hai="21,26,29,45,48,52,60,62,92,98,102" m="46087" machi="45" ten="30,7700,0" yaku="8,1,52,2,54,1" doraHai="59" who="0" fromWho="2" sc="374,87,216,0,135,-77,265,0" /><INIT seed="6,0,0,1,5,47" ten="461,216,58,265" oya="2" hai0="77,72,91,95,26,93,115,42,51,75,101,15,66" hai1="27,85,130,114,134,43,53,108,13,68,9,19,82" hai2="83,2,11,76,8,5,46,69,123,90,65,104,110" hai3="32,74,122,57,105,98,45,6,1,112,94,124,29"/><V31/><F123/><W117/><G117/><T23/><D115/><U18/><E108/><V97/><F110/><W22/><G105/><T80/><D75/><U41/><E68/><V102/><F31/><W133/><G74/><T86/><D66/><U88/><E114/><V24/><F24/><W14/><G124/><T118/><D118/><U132/><E130/><V34/><F90/><W17/><G133/><N who="1" m="51306" /><E53/><V73/><F11/><W128/><G45/><T81/><D101/><U116/><E116/><V60/><REACH who="2" step="1"/><F46/><REACH who="2" ten="461,216,48,265" step="2"/><W59/><G29/><T131/><D26/><U58/><E27/><V71/><F71/><W109/><G109/><T52/><D91/><U39/><E9/><V36/><F36/><W0/><G122/><T121/><D121/><U129/><E39/><V67/><F67/><W96/><G112/><T103/><D131/><U127/><E129/><V62/><F62/><W99/><G128/><T4/><D77/><U89/><E89/><V38/><F38/><W56/><G32/><AGARI ba="0,1" hai="2,5,8,32,34,60,65,69,73,76,83,97,102,104" machi="32" ten="40,12000,1" yaku="1,1,33,3,53,0" doraHai="47" doraHaiUra="84" who="2" fromWho="3" sc="461,0,216,0,48,130,265,-120" /><INIT seed="6,1,0,4,0,47" ten="461,216,178,145" oya="2" hai0="67,71,44,36,63,15,117,76,11,90,124,29,39" hai1="51,3,41,82,91,125,18,55,31,45,120,135,102" hai2="70,60,34,88,26,7,48,123,54,40,32,1,10" hai3="130,8,33,127,107,80,101,53,59,35,115,9,133"/><V89/><F123/><W109/><G109/><T87/><D124/><U94/><E3/><V118/><F118/><W30/><G127/><T24/><D76/><U111/><E111/><V0/><F0/><W58/><G115/><T68/><D68/><U37/><E125/><V49/><F40/><W112/><G133/><T103/><D103/><U17/><E135/><V132/><F132/><W84/><G130/><T126/><D126/><U79/><E102/><V62/><F26/><W50/><G112/><T20/><D44/><U21/><E31/><V113/><F113/><W64/><G64/><T56/><D71/><U110/><E110/><V116/><F116/><W122/><G122/><T19/><D117/><U81/><E81/><AGARI ba="1,0" hai="11,15,19,20,24,29,36,39,56,63,67,81,87,90" machi="81" ten="30,1000,0" yaku="7,1" doraHai="47" who="0" fromWho="1" sc="461,13,216,-13,178,0,145,0" /><INIT seed="7,0,0,4,5,74" ten="474,203,178,145" oya="3" hai0="106,20,84,57,75,131,16,39,125,19,10,55,80" hai1="22,21,51,60,116,97,108,128,2,99,101,79,86" hai2="47,67,9,46,132,26,87,12,28,85,50,129,69" hai3="102,124,4,81,103,33,52,122,73,127,98,90,134"/><W5/><G122/><T77/><D106/><U44/><E2/><V59/><F129/><W62/><G33/><T15/><D39/><U113/><E108/><V18/><F132/><W119/><G119/><T27/><D125/><N who="3" m="48201" /><G134/><T92/><D131/><U23/><E128/><V115/><F115/><W24/><G24/><T93/><D75/><U96/><E60/><AGARI ba="0,0" hai="10,15,16,19,20,27,55,57,60,77,80,84,92,93" machi="60" ten="30,7700,0" yaku="7,1,8,1,52,1,54,1" doraHai="74" who="0" fromWho="1" sc="474,77,203,-77,178,0,145,0" owari="551,64.0,126,-37.0,178,-2.0,145,-25.0" /></mjloggm>