<mjloggm ver="2.3"><GO type="225" lobby="0"/><UN n0="%E3%82%A6%E3%83%AB%E3%83%88%E3%83%A9%E7%AB%8B%E7%9B%B4" n1="%E6%9C%80%E5%BC%B7%E6%9C%80%E5%BE%8C" n2="%E9%87%98%E5%AE%AE%E7%97%85%E6%82%A3%E8%80%85" n3="%53%65%6E%61%72" dan="17,16,17,17" rate="2200.15,2118.75,2139.04,2176.07" sx="M,M,F,M"/><TAIKYOKU oya="0"/><INIT seed="0,0,0,3,0,82" ten="250,250,250,250" oya="0" hai0="96,45,4,15,1,9,122,108,133,110,46,35,50" hai1="101,11,33,91,83,93,62,132,21,48,114,95,42" hai2="65,13,88,81,115,77,5,30,66,86,69,109,94" hai3="34,16,52,64,97,51,127,49,44,116,67,117,28"/><T76/><D122/><U112/><E33/><V43/><F115/><N who="1" m="44073" /><E132/><V120/><F120/><W26/><G127/><T7/><D35/><U10/><E83/><V119/><F119/><W135/><G135/><T79/><D133/><U61/><E21/><V102/><F109/><N who="0" m="42090" /><D96/><N who="1" m="59551" /><E42/><V98/><F30/><W134/><G134/><T124/><D124/><U90/><E48/><V22/><F69/><W24/><G116/><T54/><D46/><U99/><E91/><V105/><F43/><W123/><G117/><T29/><D29/><U38/><E38/><V118/><F118/><W80/><G97/><T56/><D45/><U55/><E61/><V107/><F107/><W104/><G104/><T37/><D37/><U126/><E126/><V100/><F100/><W68/><G123/><T84/><D84/><U17/><E17/><N who="2" m="10543" /><F5/><W3/><G34/><T23/><D7/><U40/><E40/><V47/><F47/><W78/><G44/><T85/><D85/><U72/><E72/><V71/><F71/><W129/><G68/><T74/><D74/><AGARI ba="0,0" hai="65,66,74,77,81,86,88,94,98,102,105" m="10543" machi="74" ten="30,3900,0" yaku="24,1,52,1,54,1" doraHai="82" who="2" fromWho="0" sc="250,-39,250,0,250,39,250,0" /><INIT seed="1,0,0,1,3,97" ten="211,250,289,250" oya="1" hai0="99,39,121,90,73,63,85,111,129,86,27,106,33" hai1="83,14,101,51,119,87,95,110,109,125,46,123,6" hai2="76,22,38,89,72,71,45,21,127,94,105,44,77" hai3="88,32,100,0,103,61,113,17,128,64,112,69,29"/><U98/><E119/><V13/><F71/><W82/><G0/><T36/><D73/><U47/><E123/><V53/><F127/><W117/><G117/><T20/><D111/><N who="1" m="42507" /><E125/><V60/><F105/><W104/><G17/><T1/><D1/><U126/><E126/><V96/><F72/><W78/><G128/><T75/><D75/><U18/><E6/><V11/><F38/><W66/><G66/><T41/><D129/><U8/><E51/><N who="2" m="28903" /><F60/><W26/><G78/><AGARI ba="0,0" hai="8,14,18,46,47,78,83,87,95,98,101" m="42507" machi="78" ten="30,5800,0" yaku="14,1,10,1,52,1" doraHai="97" who="1" fromWho="3" sc="211,0,250,58,289,0,250,-58" /><INIT seed="1,1,0,1,1,117" ten="211,308,289,192" oya="1" hai0="64,42,77,120,67,114,34,103,106,25,15,130,63" hai1="102,59,86,16,31,84,19,33,128,78,94,18,26" hai2="55,54,71,105,90,131,98,62,0,68,20,69,6" hai3="100,35,7,41,21,43,27,74,113,80,110,23,91"/><U79/><E128/><V36/><F36/><W129/><G113/><T40/><D114/><U17/><E59/><V51/><F131/><W83/><G129/><T48/><D130/><U132/><E132/><V66/><F20/><W85/><G110/><T119/><D119/><U76/><N who="1" m="4096" /><DORA hai="28" /><U37/><REACH who="1" step="1"/><E37/><REACH who="1" ten="211,298,289,192" step="2"/><V24/><F69/><W126/><G126/><T135/><D135/><U46/><E46/><V47/><F68/><W73/><G7/><T39/><D39/><U50/><E50/><V81/><F51/><W10/><G10/><T65/><D48/><U112/><E112/><V22/><F47/><W123/><G123/><T29/><D120/><U75/><E75/><V49/><F49/><W96/><G74/><T56/><D56/><U87/><E87/><V12/><F71/><W97/><G73/><T133/><D133/><U14/><E14/><V121/><F12/><W2/><G43/><T93/><D15/><U45/><E45/><V124/><F124/><W104/><G41/><T58/><D42/><U8/><E8/><V30/><F121/><W11/><G11/><T4/><D40/><U95/><E95/><V53/><F6/><W89/><G2/><T92/><D4/><U32/><E32/><V5/><F5/><W57/><G57/><T38/><D38/><U9/><E9/><V60/><F0/><W115/><G115/><T99/><D93/><U111/><E111/><V82/><F105/><W122/><G122/><T88/><D77/><U107/><E107/><V116/><F116/><W70/><G70/><T118/><D118/><U125/><E125/><RYUUKYOKU ba="1,1" sc="211,15,298,15,289,-15,192,-15" hai0="25,29,34,58,63,64,65,67,88,92,99,103,106" hai1="26,31,33,76,78,79,84,86,94,102" /><INIT seed="1,2,1,5,0,87" ten="226,313,274,177" oya="1" hai0="79,91,28,22,65,112,114,96,9,98,66,51,59" hai1="34,0,131,99,116,18,53,126,61,125,14,26,75" hai2="115,35,42,103,107,89,70,5,11,74,8,82,55" hai3="104,50,46,81,44,134,113,47,63,17,71,127,36"/><U38/><E0/><N who="2" m="39" /><F55/><W49/><G104/><T25/><D79/><U121/><E38/><V3/><F89/><W97/><G97/><N who="0" m="37483" /><D114/><U80/><E116/><V92/><F92/><W10/><G113/><T118/><D112/><U7/><E121/><V58/><F58/><W105/><G105/><T21/><D118/><U29/><E131/><V19/><F19/><W52/><G134/><T30/><D9/><U120/><E7/><N who="2" m="1535" /><F115/><W73/><G127/><N who="1" m="48650" /><E120/><V68/><F103/><W67/><G36/><T93/><D51/><U54/><E61/><V33/><F107/><W133/><G133/><T78/><D59/><U84/><E99/><V135/><F135/><W117/><G117/><T111/><D111/><U123/><E75/><V64/><F42/><W40/><G73/><T83/><D66/><U101/><E101/><V130/><F130/><W69/><G69/><N who="2" m="26729" /><F64/><W27/><G81/><T13/><D83/><U37/><E123/><V4/><F4/><W60/><G60/><T31/><D65/><U90/><E37/><V94/><F94/><W20/><REACH who="3" step="1"/><G10/><AGARI ba="2,1" hai="10,14,18,26,29,34,53,54,80,84,90" m="48650" machi="10" ten="30,2900,0" yaku="18,1,52,1" doraHai="87" who="1" fromWho="3" sc="226,0,313,45,274,0,177,-35" /><INIT seed="1,3,0,3,5,77" ten="226,358,274,142" oya="1" hai0="49,68,47,25,107,41,54,17,26,27,70,83,34" hai1="121,118,16,20,90,87,35,59,78,132,120,51,63" hai2="7,115,127,39,103,124,9,23,36,129,122,94,97" hai3="71,95,19,113,29,75,126,123,67,88,101,5,14"/><U44/><E118/><V30/><F122/><W50/><G123/><T21/><D107/><U8/><E78/><V79/><F129/><W130/><G113/><T134/><D134/><U60/><E8/><V128/><F128/><W74/><G130/><T82/><D68/><U108/><E132/><V37/><F79/><W38/><G38/><T76/><D70/><U3/><E63/><V104/><F115/><W22/><G126/><N who="2" m="48169" /><F94/><W15/><G101/><T84/><D34/><U1/><E35/><V62/><F62/><W66/><G29/><T116/><D116/><U31/><E31/><V4/><F9/><W72/><G50/><T32/><D32/><U6/><E108/><V114/><F114/><W48/><G48/><T42/><REACH who="0" step="1"/><D83/><REACH who="0" ten="216,358,274,142" step="2"/><N who="1" m="49535" /><E121/><V10/><F10/><W133/><G133/><T80/><D80/><U96/><E120/><V119/><F119/><W58/><G71/><T102/><D102/><U69/><E69/><V0/><F0/><W131/><G131/><T33/><D33/><U110/><E3/><V89/><F89/><W105/><G105/><T93/><D93/><U65/><E1/><V56/><F104/><W55/><G88/><T106/><D106/><U91/><E91/><V24/><F103/><W52/><G95/><T2/><D2/><U98/><E110/><V18/><F97/><W111/><G111/><T112/><D112/><U135/><E135/><V99/><F99/><W86/><G86/><T61/><D61/><U73/><E98/><V109/><F109/><W40/><G72/><T28/><D28/><U100/><E96/><V117/><F117/><RYUUKYOKU ba="3,1" sc="216,30,358,-10,274,-10,142,-10" hai0="17,21,25,26,27,41,42,47,49,54,76,82,84" /><INIT seed="2,4,1,1,0,67" ten="246,348,264,132" oya="2" hai0="23,49,0,124,51,50,85,11,66,125,102,135,41" hai1="5,130,109,52,81,108,31,75,37,94,59,1,33" hai2="55,15,10,134,7,132,8,106,100,26,105,98,45" hai3="73,69,76,17,119,63,57,54,62,38,12,93,112"/><V6/><F26/><W104/><G104/><T78/><D102/><U127/><E37/><V91/><F91/><W128/><G119/><T16/><D66/><U118/><E118/><V9/><F105/><W40/><G128/><T39/><D135/><N who="2" m="51754" /><F15/><W71/><G112/><T53/><D39/><U30/><E130/><V20/><F20/><W111/><G111/><N who="1" m="42570" /><E127/><N who="0" m="48713" /><D41/><U34/><E94/><V96/><F96/><W61/><G93/><T19/><D85/><U126/><E5/><N who="2" m="1547" /><F45/><W58/><G40/><T92/><D92/><U60/><E1/><V131/><F131/><W28/><G38/><T68/><D78/><N who="1" m="44255" /><E126/><V129/><F129/><W56/><G28/><AGARI ba="4,1" hai="28,30,31,33,34,52,59,60" m="44255,42570" machi="28" ten="30,2000,0" yaku="14,1,54,1" doraHai="67" who="1" fromWho="3" sc="246,0,348,42,264,0,132,-32" /><INIT seed="3,0,0,0,4,74" ten="246,390,264,100" oya="3" hai0="6,131,114,19,2,10,134,132,117,98,58,30,31" hai1="20,113,76,94,69,103,46,89,120,104,77,64,49" hai2="42,109,54,122,75,116,123,32,56,108,62,118,112" hai3="119,12,43,29,36,88,135,27,73,9,101,65,60"/><W63/><G119/><N who="2" m="45609" /><F75/><W106/><G73/><T86/><D117/><U72/><E120/><N who="2" m="46123" /><F42/><W84/><G135/><N who="0" m="51755" /><D131/><U0/><E113/><V71/><F32/><W100/><G43/><T80/><D114/><U82/><E0/><V99/><F99/><W7/><G36/><T57/><D19/><U128/><E128/><V133/><F133/><W102/><G106/><T13/><D2/><U48/><E64/><V39/><F39/><W92/><REACH who="3" step="1"/><G65/><REACH who="3" ten="246,390,264,90" step="2"/><T124/><D124/><U68/><E72/><V23/><F23/><AGARI ba="0,1" hai="7,9,12,23,27,29,60,63,84,88,92,100,101,102" machi="23" ten="40,12000,1" yaku="1,1,2,1,8,1,54,1,53,1" doraHai="74" doraHaiUra="1" who="3" fromWho="2" sc="246,0,390,0,264,-120,90,130" /><INIT seed="3,1,0,5,0,17" ten="246,390,144,220" oya="3" hai0="111,25,27,90,102,55,100,121,109,20,72,80,93" hai1="112,36,118,132,3,113,1,0,64,61,13,81,97" hai2="39,129,9,101,135,104,53,96,24,127,43,16,126" hai3="2,128,22,88,125,73,94,74,65,60,62,79,46"/><W105/><G105/><T110/><D121/><U63/><E36/><V12/><F135/><W58/><G2/><T28/><D55/><U84/><E118/><V106/><F106/><W32/><G32/><T49/><D49/><U59/><E132/><V122/><F122/><W44/><G128/><T35/><D80/><U71/><E97/><V134/><F134/><W117/><G117/><T56/><D56/><U131/><E13/><V83/><F129/><W48/><G125/><T68/><D68/><U86/><E131/><V47/><F53/><W19/><G62/><T130/><D72/><U116/><E116/><V54/><F54/><W123/><G123/><T75/><D75/><U119/><E86/><V114/><F114/><W6/><G6/><T78/><D78/><U21/><E119/><V98/><F98/><W26/><G79/><T92/><D130/><U30/><E63/><V38/><F83/><W133/><G133/><T11/><D11/><U50/><E50/><V89/><F89/><W91/><G91/><T31/><D93/><U124/><E71/><V95/><F104/><W51/><G73/><T45/><D45/><N who="3" m="17513" /><G74/><T10/><D10/><U120/><E124/><V108/><F108/><W99/><AGARI ba="1,0" hai="19,22,26,48,51,58,60,65,88,94,99" m="17513" machi="99" ten="30,6000,0" yaku="8,1,52,1,54,1" doraHai="17" who="3" fromWho="3" sc="246,-21,390,-21,144,-21,220,63" /><INIT seed="3,2,0,0,3,16" ten="225,369,123,283" oya="3" hai0="56,55,93,57,103,42,49,58,124,125,40,60,48" hai1="112,20,94,88,46,130,14,26,116,107,90,35,51" hai2="43,80,108,12,67,21,119,97,27,8,131,123,11" hai3="133,89,5,78,47,28,110,52,63,65,4,39,62"/><W2/><G133/><T1/><D93/><U82/><E107/><V91/><F119/><W126/><G126/><N who="0" m="48747" /><D103/><U95/><E35/><V69/><F108/><W106/><G106/><T115/><D1/><U121/><E82/><V127/><F127/><W111/><G78/><T13/><D13/><U87/><E130/><V101/><F131/><W83/><G28/><T53/><D115/><U6/><E112/><V30/><F123/><W41/><G2/><T81/><D81/><U122/><E116/><V61/><F43/><N who="0" m="16426" /><D60/><U120/><E14/><V132/><F132/><W37/><G37/><T36/><D36/><U128/><E128/><V64/><F64/><W18/><G63/><T10/><D10/><U0/><E0/><V15/><F15/><W3/><G65/><T134/><D134/><U117/><E117/><V19/><F80/><W84/><G3/><T38/><D38/><U7/><E122/><V73/><F73/><W74/><G74/><T59/><AGARI ba="2,0" hai="48,49,53,55,56,57,58,59" m="16426,48747" machi="59" ten="30,4000,0" yaku="18,1,34,2" doraHai="16" who="0" fromWho="0" sc="225,46,369,-12,123,-12,283,-22" owari="271,7.0,357,46.0,111,-39.0,261,-14.0" /></mjloggm>