<mjloggm ver="2.3"><GO type="169" lobby="0"/><UN n0="%36%31%2E%38%EF%BC%85" n1="%E5%B0%B1%E6%B4%BB%E7%94%9F%40%E5%B7%9D%E6%9D%91%E8%BB%8D%E5%9B%A3" n2="%E3%83%94%E3%82%B3%E3%83%9E%E3%82%B9%E3%83%86%E3%82%A3%E3%83%95" n3="%65%67%69%73%68%6F%32" dan="17,17,18,17" rate="2165.73,2195.75,2269.32,2158.49" sx="M,M,M,M"/><TAIKYOKU oya="0"/><INIT seed="0,0,0,4,0,27" ten="250,250,250,250" oya="0" hai0="50,76,47,62,56,31,53,101,122,80,41,114,112" hai1="11,117,20,83,9,12,119,95,105,110,111,66,126" hai2="118,16,54,102,94,36,99,85,124,82,77,72,108" hai3="58,71,68,39,84,38,63,48,103,1,115,121,10"/><T106/><D122/><U55/><E105/><V34/><F36/><N who="3" m="13867" /><G84/><T7/><D106/><U24/><E66/><V133/><F108/><N who="1" m="41513" /><E95/><V44/><F133/><W100/><G10/><N who="1" m="3594" /><E55/><V23/><F124/><W5/><G5/><T60/><D101/><U18/><E83/><V132/><F132/><W129/><G1/><T120/><D120/><U51/><E51/><V22/><F34/><W6/><G6/><T97/><D97/><U130/><E126/><V75/><F23/><W73/><G73/><T67/><D7/><U3/><E3/><V69/><F69/><W109/><G100/><T78/><D80/><U131/><E12/><V74/><F118/><AGARI ba="0,0" hai="18,20,24,117,118,119,130,131" m="3594,41513" machi="118" ten="40,5200,0" yaku="14,1,34,2" doraHai="27" who="1" fromWho="2" sc="250,0,250,52,250,-52,250,0" /><INIT seed="1,0,0,0,5,38" ten="250,302,198,250" oya="1" hai0="97,12,74,113,130,99,8,32,5,121,101,68,77" hai1="112,120,133,0,36,46,62,104,72,28,117,81,110" hai2="35,23,86,82,84,115,70,93,119,10,53,57,89" hai3="3,25,64,13,66,50,37,90,48,78,39,47,134"/><U52/><RYUUKYOKU type="yao9" ba="0,0" sc="250,0,302,0,198,0,250,0" hai1="0,28,36,46,52,62,72,81,104,110,112,117,120,133" /><INIT seed="1,1,0,3,5,99" ten="250,302,198,250" oya="1" hai0="58,133,64,33,43,74,72,50,85,34,29,96,84" hai1="59,60,36,19,119,131,134,113,41,44,81,91,120" hai2="126,54,77,48,65,7,69,104,107,26,89,14,82" hai3="52,42,94,3,16,128,93,4,56,35,100,88,112"/><U118/><E120/><V71/><F126/><W46/><G128/><T101/><D133/><U116/><E113/><V32/><F89/><W1/><G35/><T12/><D74/><U129/><E134/><V111/><F111/><W21/><G112/><T75/><D75/><U28/><E28/><V2/><F2/><W15/><G4/><T25/><D72/><U30/><E30/><V80/><F26/><W62/><G94/><T76/><D12/><U87/><REACH who="1" step="1"/><E19/><REACH who="1" ten="250,292,198,250" step="2"/><V125/><F125/><W17/><G17/><T132/><D132/><U105/><E105/><V92/><F107/><W90/><G1/><T38/><D29/><U20/><E20/><V114/><F104/><W31/><G3/><T61/><D34/><U110/><E110/><V57/><F32/><W49/><G31/><T124/><D33/><U98/><E98/><AGARI ba="1,1" hai="15,16,21,42,46,49,52,56,62,88,90,93,98,100" machi="98" ten="40,8000,1" yaku="8,1,52,1,54,3" doraHai="99" who="3" fromWho="1" sc="250,0,292,-83,198,0,250,93" /><INIT seed="2,0,0,3,1,30" ten="250,209,198,343" oya="2" hai0="131,29,108,83,57,111,43,79,22,113,68,0,32" hai1="55,124,50,125,56,54,103,25,112,59,48,17,93" hai2="61,118,96,9,36,126,129,67,133,21,89,85,98" hai3="90,13,24,117,34,47,42,132,15,82,51,130,53"/><V75/><F118/><W33/><G117/><T19/><D113/><U5/><E112/><V91/><F75/><W114/><G114/><T92/><D0/><U121/><E121/><V23/><F36/><W77/><G130/><T2/><D2/><U60/><E5/><V127/><F9/><W58/><G90/><N who="2" m="34313" /><F85/><W4/><G132/><T72/><D68/><U39/><E39/><V102/><F133/><W3/><G3/><T81/><D92/><U41/><E41/><V37/><F37/><W86/><G24/><N who="0" m="18471" /><D43/><U38/><E38/><V104/><F98/><W71/><G71/><T115/><D83/><U6/><E6/><V110/><F129/><W18/><G15/><N who="0" m="9599" /><D131/><U65/><E17/><V7/><F7/><W88/><G77/><T8/><D8/><U44/><REACH who="1" step="1"/><E25/><REACH who="1" ten="250,199,198,343" step="2"/><V12/><F12/><W73/><G4/><T78/><D115/><U11/><E11/><V84/><F110/><W70/><G73/><T80/><D72/><U105/><E105/><V119/><F119/><W16/><G18/><T106/><D106/><U122/><E122/><V26/><F26/><W31/><G31/><T62/><D111/><U87/><E87/><V20/><F84/><W45/><G70/><T14/><D108/><U1/><E1/><V69/><F127/><W109/><G109/><T135/><D135/><U100/><E100/><V28/><F126/><W66/><G42/><T10/><D14/><U76/><E76/><N who="0" m="29225" /><D10/><U123/><E123/><V128/><F128/><W134/><G134/><T74/><D74/><U97/><AGARI ba="0,1" hai="44,48,50,54,55,56,59,60,65,93,97,103,124,125" machi="97" ten="30,7900,0" yaku="1,1,0,1,53,2" doraHai="30" doraHaiUra="46" who="1" fromWho="1" sc="250,-20,199,89,198,-39,343,-20" /><INIT seed="3,0,0,2,3,104" ten="230,288,159,323" oya="3" hai0="51,114,131,73,116,16,80,8,19,24,92,124,76" hai1="101,109,95,113,115,37,14,33,10,61,47,96,98" hai2="9,5,127,34,23,39,103,25,27,86,102,93,123" hai3="87,44,121,31,89,55,2,41,65,105,21,134,78"/><W52/><G121/><T110/><D116/><U71/><E33/><V117/><F39/><W84/><G105/><T130/><D110/><U49/><E37/><V58/><F117/><W111/><G2/><T20/><D124/><U128/><E109/><V83/><F127/><W79/><G111/><T18/><D114/><U120/><E120/><V35/><F123/><W48/><G65/><T1/><D51/><U108/><E108/><V77/><F58/><W70/><G70/><T112/><D112/><U85/><E128/><N who="0" m="49193" /><D92/><U53/><E85/><V100/><F93/><N who="3" m="54439" /><G134/><T54/><D54/><N who="3" m="20521" /><G87/><T133/><D133/><U12/><E12/><V75/><F86/><W59/><G59/><T132/><D132/><U60/><E71/><V22/><F27/><AGARI ba="0,0" hai="21,27,31,41,44,48,78,79" m="20521,54439" machi="27" ten="30,2900,0" yaku="8,1,54,1" doraHai="104" who="3" fromWho="2" sc="230,0,288,0,159,-29,323,29" /><INIT seed="3,1,0,4,4,50" ten="230,288,130,352" oya="3" hai0="68,96,93,110,46,39,113,28,102,81,92,37,74" hai1="45,104,101,12,4,76,31,85,18,61,131,108,86" hai2="36,64,71,115,82,130,98,38,53,20,14,135,58" hai3="89,134,70,60,111,132,65,83,8,49,24,56,118"/><W13/><G118/><T75/><D110/><U99/><E131/><V95/><F130/><W88/><G111/><T67/><D113/><U16/><E108/><V0/><F0/><W52/><G24/><T33/><D93/><U109/><E109/><V97/><F115/><W117/><G117/><T91/><D67/><U77/><E31/><V32/><F32/><W94/><G83/><T9/><D68/><U27/><E27/><V79/><F97/><W35/><G35/><T128/><D28/><U121/><E121/><V127/><F71/><W126/><G126/><T29/><D29/><U51/><E61/><V78/><F64/><W2/><G2/><T72/><D9/><U41/><E4/><V87/><F135/><N who="3" m="51755" /><G94/><T114/><D33/><U21/><E86/><V59/><F127/><W119/><G119/><T11/><D128/><U25/><REACH who="1" step="1"/><E85/><REACH who="1" ten="230,278,130,352" step="2"/><V80/><F80/><W57/><G70/><T105/><D81/><U48/><E48/><V129/><F129/><W116/><G116/><T62/><D114/><U44/><E44/><V90/><F36/><W69/><G69/><T5/><D46/><U1/><E1/><V54/><F38/><W6/><AGARI ba="1,1" hai="6,8,13,49,52,56,57,60,65,88,89" m="51755" machi="6" ten="30,11700,0" yaku="20,1,52,1,54,2" doraHai="50" who="3" fromWho="3" sc="230,-40,278,-40,130,-40,352,130" /><INIT seed="3,2,0,4,5,49" ten="190,238,90,482" oya="3" hai0="116,34,25,97,62,101,126,77,60,119,81,29,69" hai1="109,48,128,122,36,133,73,51,132,11,44,14,54" hai2="89,127,75,27,61,93,15,19,74,79,72,106,80" hai3="117,96,87,38,13,112,2,45,78,70,56,33,7"/><W103/><G70/><T99/><D126/><U52/><E122/><V31/><F127/><W24/><G2/><T3/><D3/><U57/><E73/><V83/><F106/><W22/><G112/><T17/><D17/><U71/><E71/><V5/><F5/><W59/><G117/><T135/><D99/><U95/><E128/><V28/><F61/><W108/><G33/><T32/><D32/><U23/><E109/><V64/><F64/><W35/><G35/><T100/><D100/><U104/><E104/><V102/><F102/><W46/><G108/><T115/><D62/><U12/><E36/><V121/><F121/><W40/><G46/><T55/><D115/><U47/><E57/><V129/><F27/><W65/><G65/><T130/><D130/><U134/><E95/><V8/><F129/><W26/><G26/><T4/><D4/><U39/><E39/><V118/><F118/><W30/><G87/><T76/><D69/><U124/><E124/><V50/><F50/><W67/><G78/><T114/><D77/><U9/><E23/><V21/><F21/><W98/><G98/><T37/><D37/><U113/><E113/><V107/><F107/><N who="3" m="63975" /><G67/><T68/><D114/><U42/><E42/><V41/><F41/><W58/><G13/><AGARI ba="2,0" hai="9,11,12,13,14,44,47,48,51,52,54,132,133,134" machi="13" ten="40,8000,1" yaku="9,1,20,1,52,2,54,1" doraHai="49" who="1" fromWho="3" sc="190,0,238,86,90,0,482,-86" /><INIT seed="4,0,0,5,3,57" ten="190,324,90,396" oya="0" hai0="20,56,33,119,113,49,112,16,118,76,27,32,37" hai1="106,1,67,128,78,101,109,25,47,91,60,114,126" hai2="34,124,90,0,13,94,44,9,110,116,68,96,123" hai3="83,63,29,12,79,23,50,53,51,99,43,55,120"/><T77/><D37/><U36/><E1/><V38/><F123/><W102/><G120/><T66/><D77/><U59/><E109/><V21/><F110/><W46/><G63/><N who="0" m="38247" /><D76/><U71/><E126/><V17/><F124/><W104/><G29/><T24/><D49/><U105/><E128/><V10/><F116/><W58/><G23/><T87/><D87/><U125/><E125/><V28/><F68/><W11/><G58/><T61/><D27/><U84/><E114/><N who="0" m="44137" /><D61/><U7/><E78/><V18/><F0/><W15/><G51/><T81/><D81/><U22/><E36/><V35/><F28/><W62/><G15/><T40/><D40/><U75/><E75/><V93/><F38/><W100/><G62/><T3/><D3/><U69/><E47/><V4/><F44/><W54/><G43/><T97/><D97/><U108/><E108/><V86/><F86/><W132/><G99/><T80/><D80/><U133/><E84/><V5/><F96/><W30/><G83/><T89/><D89/><U48/><E91/><V39/><F39/><W122/><G79/><T31/><D31/><U85/><E85/><V8/><F90/><W115/><G30/><T135/><D135/><U65/><E133/><V70/><F70/><W134/><G122/><T95/><D95/><N who="2" m="36362" /><F35/><AGARI ba="0,0" hai="16,20,24,32,33,35,118,119" m="44137,38247" machi="35" ten="30,5800,0" yaku="15,1,52,1,54,1" doraHai="57" who="0" fromWho="2" sc="190,58,324,0,90,-58,396,0" /><INIT seed="4,1,0,3,5,67" ten="248,324,32,396" oya="0" hai0="69,88,125,80,108,132,111,22,52,124,100,101,1" hai1="41,51,102,6,133,121,49,84,62,4,128,13,2" hai2="53,36,7,42,86,38,70,3,82,87,19,20,31" hai3="10,66,60,98,104,16,92,122,76,21,116,130,83"/><T114/><D114/><U106/><E121/><V63/><F31/><W118/><G104/><T59/><D1/><U33/><E33/><V97/><F7/><W120/><G10/><T55/><D132/><U30/><E2/><V46/><F3/><W45/><G45/><T75/><D22/><U32/><E128/><V12/><F97/><W103/><G130/><T23/><D23/><U34/><E133/><V90/><F87/><W119/><G83/><T79/><D69/><U0/><E0/><V68/><REACH who="2" step="1"/><F38/><REACH who="2" ten="248,324,22,396" step="2"/><W123/><G118/><T24/><D101/><U8/><E30/><V64/><F64/><W43/><G116/><T96/><D96/><U134/><E84/><V81/><F81/><W89/><G119/><T39/><D100/><U27/><E34/><V25/><F25/><N who="3" m="14503" /><G103/><T107/><D24/><U71/><E32/><V26/><F26/><W105/><G105/><T40/><D107/><U95/><E102/><V29/><F29/><W58/><G76/><T129/><D129/><U115/><E106/><V35/><F35/><W77/><G77/><T11/><D79/><U94/><E27/><V57/><AGARI ba="1,1" hai="12,19,20,36,42,46,53,57,63,68,70,82,86,90" machi="57" ten="30,7900,0" yaku="1,1,0,1,52,2,53,0" doraHai="67" doraHaiUra="74" who="2" fromWho="2" sc="248,-40,324,-21,22,92,396,-21" /><INIT seed="5,0,0,5,2,12" ten="208,303,114,375" oya="1" hai0="52,125,63,30,114,86,36,77,35,17,131,91,129" hai1="46,94,18,92,37,120,96,38,3,32,101,41,80" hai2="85,0,54,112,48,99,28,135,4,23,113,104,24" hai3="79,50,109,25,34,78,72,88,6,108,89,64,2"/><U26/><E120/><V59/><F135/><W19/><G64/><T8/><D36/><U127/><E3/><V33/><F85/><W133/><G133/><T118/><D118/><U10/><E127/><V115/><F104/><W11/><G34/><T111/><D111/><U62/><E38/><V76/><F76/><W65/><G65/><T51/><D63/><U20/><E32/><V83/><F83/><W49/><G72/><T7/><D77/><U44/><E44/><V119/><F99/><W87/><G87/><T16/><D114/><U117/><E117/><V82/><F82/><W90/><G79/><T47/><D30/><U84/><E10/><N who="2" m="2311" /><F119/><W5/><G78/><T73/><D35/><AGARI ba="0,0" hai="23,24,28,33,35,48,54,59,112,113,115" m="2311" machi="35" ten="30,2000,0" yaku="15,1,11,1" doraHai="12" who="2" fromWho="0" sc="208,-20,303,0,114,20,375,0" /><INIT seed="6,0,0,0,2,22" ten="188,303,134,375" oya="2" hai0="1,87,25,72,103,57,102,8,112,2,63,66,14" hai1="104,88,73,127,117,98,4,6,100,70,41,33,18" hai2="75,43,36,23,47,118,0,99,38,76,67,17,107" hai3="42,114,82,90,28,59,55,7,132,26,93,12,68"/><V122/><F118/><W77/><G68/><T16/><D72/><U37/><E117/><V96/><F122/><W62/><G42/><T128/><D112/><U124/><E73/><V108/><F108/><W135/><G114/><T71/><D128/><U94/><E70/><V89/><F38/><W32/><G7/><T21/><D71/><U106/><E33/><V111/><F111/><W27/><G12/><T129/><D129/><U80/><E80/><V9/><F67/><W29/><G77/><T79/><D2/><U91/><E41/><V85/><F107/><W74/><G74/><T46/><D46/><U65/><E65/><V113/><F113/><W78/><G82/><N who="0" m="47583" /><D1/><U51/><E51/><V115/><F76/><W84/><G78/><T13/><D13/><U10/><E18/><AGARI ba="0,0" hai="8,14,16,18,21,25,57,63,66,102,103" m="47583" machi="18" ten="30,3900,0" yaku="8,1,52,1,54,1" doraHai="22" who="0" fromWho="1" sc="188,39,303,-39,134,0,375,0" /><INIT seed="7,0,0,4,3,20" ten="227,264,134,375" oya="3" hai0="24,42,126,101,15,27,49,95,103,123,48,12,62" hai1="88,135,105,71,98,110,17,74,86,32,99,50,40" hai2="115,94,68,13,75,79,77,131,1,118,2,100,67" hai3="21,47,64,38,59,34,9,93,58,14,90,60,52"/><W106/><G34/><T121/><D126/><U96/><E74/><V10/><F118/><W56/><G106/><T70/><D95/><U128/><E71/><V132/><F115/><W122/><G122/><T6/><D6/><U39/><E39/><V72/><F131/><W33/><G33/><T92/><D92/><U69/><E69/><V46/><F68/><W134/><G21/><T80/><D70/><U125/><E110/><V30/><F67/><W117/><G134/><T73/><D62/><U61/><E105/><V51/><F132/><W129/><G129/><T3/><D3/><U65/><E32/><V119/><F119/><W18/><G117/><T55/><D55/><U120/><E120/><V16/><F75/><W31/><G31/><T83/><D73/><U81/><E128/><V130/><F130/><W26/><G26/><T78/><D78/><U8/><E135/><V22/><F72/><W112/><G112/><T104/><D104/><U116/><E116/><V36/><F36/><W7/><G7/><T28/><D28/><U66/><E125/><V91/><F100/><W82/><G82/><T97/><D103/><U53/><E40/><V111/><F111/><W44/><G38/><T114/><D114/><U37/><E61/><V133/><F133/><W89/><G60/><T25/><D121/><U45/><E37/><V102/><F102/><W85/><G64/><T57/><D101/><U108/><E108/><V76/><F30/><W84/><G52/><T0/><D123/><U29/><E29/><V124/><F124/><W41/><G41/><T43/><D42/><RYUUKYOKU ba="0,0" sc="227,-15,264,15,134,-15,375,15" hai1="8,17,45,50,53,65,66,81,86,88,96,98,99" hai3="9,14,18,44,47,56,58,59,84,85,89,90,93" owari="212,-19.0,279,8.0,119,-38.0,390,49.0" /></mjloggm>