<mjloggm ver="2.3"><GO type="169" lobby="0"/><UN n0="%E6%9A%97%E3%81%84%E7%AC%A6" n1="%E3%82%A6%E3%83%AB%E3%83%88%E3%83%A9%E7%AB%8B%E7%9B%B4" n2="%E6%96%91%E7%9B%AE%56" n3="%E3%83%92%E3%83%AB%E3%83%99%E3%83%AB%E3%83%88" dan="16,18,16,18" rate="2102.80,2208.98,2106.31,2238.31" sx="M,M,M,M"/><TAIKYOKU oya="0"/><INIT seed="0,0,0,5,4,66" ten="250,250,250,250" oya="0" hai0="38,45,1,28,131,36,78,112,76,129,128,30,75" hai1="15,99,34,50,56,71,84,29,107,44,74,79,90" hai2="113,82,7,100,110,111,19,114,37,26,102,8,52" hai3="6,97,127,70,103,126,32,80,61,23,13,122,118"/><T104/><D1/><U47/><E29/><N who="0" m="11369" /><D45/><U105/><E34/><V92/><F37/><N who="0" m="14442" /><D75/><U35/><E35/><V108/><F82/><W42/><G118/><T106/><D112/><N who="2" m="43114" /><F92/><W49/><G122/><T115/><D115/><U60/><E105/><AGARI ba="0,0" hai="76,78,104,105,106,128,129,131" m="14442,11369" machi="105" ten="40,7700,0" yaku="28,2,19,1" doraHai="66" who="0" fromWho="1" sc="250,77,250,-77,250,0,250,0" /><INIT seed="0,1,0,3,4,30" ten="327,173,250,250" oya="0" hai0="2,45,97,85,44,114,122,125,104,36,103,134,129" hai1="5,9,80,40,66,113,42,48,79,120,49,68,15" hai2="37,124,69,50,101,24,7,26,1,127,43,132,135" hai3="94,67,78,55,86,16,22,102,27,108,70,75,128"/><T41/><D2/><U90/><E120/><V17/><F69/><W61/><G108/><T23/><D122/><U98/><E113/><V21/><F101/><W32/><G128/><T47/><D114/><U33/><E66/><V34/><F37/><W19/><G19/><T25/><D129/><U8/><E68/><V46/><F1/><W65/><G65/><T105/><D134/><N who="2" m="51242" /><F7/><W29/><G55/><T52/><D105/><U99/><E33/><V28/><AGARI ba="1,0" hai="17,21,24,26,28,34,43,46,50,124,127" m="51242" machi="28" ten="30,2000,0" yaku="20,1,52,1" doraHai="30" who="2" fromWho="2" sc="327,-11,173,-6,250,23,250,-6" /><INIT seed="1,0,0,0,5,108" ten="316,167,273,244" oya="1" hai0="25,118,61,24,37,19,44,123,64,81,39,95,73" hai1="40,133,109,9,88,94,111,129,53,82,57,93,33" hai2="80,46,49,45,66,107,124,69,90,52,114,0,59" hai3="8,3,22,106,13,77,47,4,85,56,79,15,100"/><U75/><E33/><V116/><F107/><W125/><G125/><T132/><D44/><U130/><E40/><V117/><F124/><W78/><G106/><T62/><D81/><U126/><E126/><V7/><F46/><W128/><G128/><N who="1" m="49258" /><E9/><V54/><F7/><W17/><G100/><T10/><D73/><U58/><E133/><V20/><F20/><W119/><G119/><N who="2" m="45641" /><F90/><W38/><G56/><N who="1" m="21610" /><E53/><V86/><F0/><W70/><G70/><T30/><D10/><U96/><E94/><V27/><F27/><W104/><G104/><T31/><D95/><U29/><E29/><V6/><F6/><W120/><G120/><T76/><D132/><U135/><E135/><V103/><F69/><W97/><G97/><T74/><D123/><U41/><E41/><V83/><F66/><W98/><G98/><T72/><D64/><U67/><E67/><V131/><F131/><W42/><REACH who="3" step="1"/><G85/><REACH who="3" ten="316,167,273,234" step="2"/><T34/><D72/><U43/><E43/><V121/><F121/><W99/><G99/><T105/><D74/><U14/><E14/><AGARI ba="0,1" hai="3,4,8,13,14,15,17,22,38,42,47,77,78,79" machi="14" ten="40,8000,1" yaku="1,1,53,3" doraHai="108" doraHaiUra="11" who="3" fromWho="1" sc="316,0,167,-80,273,0,234,90" /><INIT seed="2,0,0,0,5,88" ten="316,87,273,324" oya="2" hai0="72,40,24,73,4,1,80,123,104,106,102,41,55" hai1="39,135,121,109,95,60,46,132,53,13,22,69,11" hai2="52,9,79,134,54,107,115,59,63,116,130,42,44" hai3="105,35,128,47,70,0,21,101,125,17,113,30,32"/><V16/><F107/><W110/><G70/><T98/><D106/><U29/><E121/><V129/><F115/><W2/><G105/><T31/><D55/><U65/><E109/><V117/><F79/><W78/><G78/><T51/><D51/><U99/><E22/><V57/><F9/><W87/><G87/><T37/><D41/><U126/><E29/><V62/><F134/><W131/><G47/><N who="0" m="23951" /><D80/><U118/><E118/><N who="2" m="45675" /><F16/><W103/><G103/><T49/><D49/><AGARI ba="0,0" hai="42,44,49,52,54,57,59,62,63,129,130" m="45675" machi="49" ten="30,5800,0" yaku="34,2,54,1" doraHai="88" who="2" fromWho="0" sc="316,-58,87,0,273,58,324,0" /><INIT seed="2,1,0,4,3,60" ten="258,87,331,324" oya="2" hai0="33,120,15,75,12,24,35,11,97,103,67,48,47" hai1="41,34,84,117,87,105,74,130,86,17,36,54,89" hai2="27,114,5,50,126,32,53,63,26,39,18,108,83" hai3="42,72,95,131,109,52,43,13,122,66,123,115,90"/><V4/><F39/><W57/><G72/><T19/><D75/><U1/><E1/><V70/><F114/><W29/><G115/><T102/><D120/><U6/><E6/><V56/><F126/><W135/><G109/><T40/><D24/><U125/><E34/><V77/><F108/><W58/><G135/><T55/><D15/><U112/><E54/><V132/><F132/><W133/><G133/><T3/><D3/><U38/><E17/><V113/><F26/><W46/><G131/><T28/><D28/><U92/><E41/><N who="3" m="15370" /><G122/><T80/><D80/><U81/><E38/><V76/><F76/><W124/><G124/><T7/><D7/><U0/><E36/><V88/><F113/><W111/><G111/><T68/><D40/><U49/><E0/><V94/><F32/><W78/><G13/><T98/><D35/><U64/><E74/><V73/><F27/><W69/><G69/><T59/><D68/><U127/><E105/><V31/><F31/><W44/><G78/><T118/><D118/><U96/><E117/><V93/><F18/><W101/><G101/><N who="0" m="38411" /><D33/><U100/><E112/><V71/><F70/><W51/><G123/><T23/><D11/><U61/><E125/><V14/><F14/><W30/><G30/><T129/><D129/><U99/><E130/><V8/><F8/><W91/><G29/><T107/><D107/><U20/><E127/><V10/><F10/><W2/><G2/><T85/><D85/><N who="1" m="32875" /><E20/><V37/><F37/><W128/><G128/><T116/><D116/><U22/><E22/><V121/><F73/><W25/><G25/><RYUUKYOKU ba="1,0" sc="258,30,87,-10,331,-10,324,-10" hai0="12,19,23,47,48,55,59,67,97,98" /><INIT seed="3,2,0,1,1,14" ten="288,77,321,314" oya="3" hai0="68,74,24,5,97,128,102,113,71,4,133,21,67" hai1="103,23,32,3,22,43,6,105,70,59,101,30,29" hai2="50,109,60,11,108,116,87,111,38,114,90,1,134" hai3="117,7,69,129,41,119,61,2,89,104,34,46,48"/><W120/><G104/><T99/><D74/><U130/><E70/><V66/><F38/><W42/><G34/><T33/><D133/><U65/><E43/><V15/><F1/><W132/><G120/><T40/><D40/><U44/><E44/><V85/><F50/><W39/><G89/><T83/><D71/><U12/><E59/><N who="2" m="37151" /><F134/><W58/><G7/><T94/><D83/><U16/><E65/><V80/><F114/><W72/><G2/><T45/><D45/><U98/><E103/><V123/><F85/><W121/><G72/><T125/><D125/><U86/><E86/><V25/><F25/><W62/><G132/><T49/><D49/><U55/><E55/><V107/><F107/><W57/><G121/><T78/><D78/><U79/><E79/><V88/><F123/><W56/><G129/><T93/><D33/><U75/><E75/><V53/><F53/><W47/><G69/><T28/><D128/><U18/><E130/><V124/><F124/><W10/><G10/><T115/><D68/><U92/><E105/><V19/><F90/><W135/><G135/><T131/><D131/><U27/><REACH who="1" step="1"/><E32/><REACH who="1" ten="288,67,321,314" step="2"/><V52/><F52/><N who="3" m="34119" /><G57/><T112/><D67/><AGARI ba="2,1" hai="39,41,42,46,47,48,56,61,67,117,119" m="34119" machi="67" ten="30,5800,0" yaku="34,2,54,1" doraHai="14" who="3" fromWho="0" sc="288,-64,67,0,321,0,314,74" /><INIT seed="3,3,0,1,5,94" ten="224,67,321,388" oya="3" hai0="44,123,42,50,89,3,21,27,95,70,26,15,58" hai1="111,124,133,34,98,68,135,85,52,25,13,73,118" hai2="74,51,82,32,128,56,120,78,6,75,77,33,65" hai3="71,131,39,24,12,88,11,79,126,100,5,127,130"/><W129/><G71/><T57/><D70/><U19/><E73/><V40/><F120/><W8/><G39/><T9/><D3/><U1/><E68/><V109/><F6/><W121/><G79/><T31/><D27/><U2/><E85/><V66/><F128/><W117/><G100/><T67/><D67/><U63/><E98/><V43/><F82/><W97/><G121/><T14/><D123/><U99/><E99/><V132/><F51/><W36/><G36/><T76/><D76/><U110/><E52/><V62/><F62/><W80/><G80/><T55/><D9/><N who="1" m="6575" /><E63/><V18/><F18/><W38/><G38/><T112/><D112/><U91/><E91/><V119/><F56/><N who="0" m="21610" /><D55/><U41/><E41/><V29/><F29/><W35/><G11/><T106/><D106/><U84/><E84/><AGARI ba="3,0" hai="14,15,21,26,31,42,44,50,84,89,95" m="21610" machi="84" ten="30,1000,0" yaku="8,1" doraHai="94" who="0" fromWho="1" sc="224,19,67,-19,321,0,388,0" /><INIT seed="4,0,0,3,4,12" ten="243,48,321,388" oya="0" hai0="109,51,92,53,46,72,75,55,128,15,38,96,86" hai1="66,8,33,7,108,0,36,119,80,90,35,1,103" hai2="98,18,105,29,17,24,47,28,54,31,44,62,124" hai3="114,97,130,45,11,74,41,79,118,39,9,16,131"/><T102/><D38/><U43/><E119/><V2/><F2/><W87/><G114/><T112/><D112/><U25/><E108/><V68/><F124/><W27/><G74/><T134/><D109/><U81/><E1/><V21/><F17/><W40/><G40/><T129/><D134/><U20/><E103/><V50/><F47/><W65/><G118/><T89/><D55/><U13/><E66/><V63/><F68/><W30/><G97/><T69/><D69/><U64/><E64/><V23/><F21/><N who="3" m="13735" /><G30/><T49/><D49/><U83/><E0/><V61/><F105/><W32/><G32/><T125/><D125/><U121/><E121/><V22/><F22/><W6/><G65/><T94/><REACH who="0" step="1"/><D15/><REACH who="0" ten="233,48,321,388" step="2"/><U117/><E117/><V107/><F107/><W93/><G39/><T127/><D127/><U73/><E36/><V82/><F98/><W100/><G131/><AGARI ba="0,1" hai="46,51,53,72,75,86,89,92,94,96,102,128,129,131" machi="131" ten="40,3900,0" yaku="1,1,19,1,53,0" doraHai="12" doraHaiUra="122" who="0" fromWho="3" sc="233,49,48,0,321,0,388,-39" /><INIT seed="4,1,0,3,5,134" ten="282,48,321,349" oya="0" hai0="109,122,88,23,63,73,18,36,38,130,97,83,79" hai1="47,6,87,5,32,129,40,85,2,49,61,96,76" hai2="52,80,22,67,68,113,4,53,90,132,24,101,55" hai3="56,78,8,20,121,111,128,15,13,25,89,39,1"/><T19/><D122/><U42/><E32/><V81/><F132/><W131/><G39/><T112/><D130/><N who="3" m="49705" /><G78/><T99/><D112/><U75/><E129/><V119/><F119/><W21/><G89/><T127/><D18/><U104/><E75/><V58/><F101/><W105/><G56/><T57/><D99/><U118/><E118/><V93/><F68/><W70/><G105/><T62/><D62/><U108/><E108/><V91/><F91/><W71/><G71/><T59/><D59/><U31/><E31/><N who="2" m="17815" /><F113/><W51/><G51/><T95/><D109/><U65/><E2/><V115/><F115/><W14/><G70/><T0/><D0/><U116/><E116/><V123/><F123/><W117/><G111/><T133/><D133/><U11/><E96/><N who="2" m="57399" /><F4/><N who="3" m="1039" /><G121/><T92/><D95/><U9/><E104/><V77/><F77/><W35/><G117/><T7/><D7/><U94/><E76/><V82/><F67/><W34/><G21/><T72/><D72/><U48/><E94/><V33/><F33/><W107/><G107/><T46/><D46/><U27/><E47/><V50/><AGARI ba="1,0" hai="50,52,53,55,58,80,81,82" m="57399,17815" machi="50" ten="30,2000,0" yaku="8,1,54,1" doraHai="134" who="2" fromWho="2" sc="282,-11,48,-6,321,23,349,-6" /><INIT seed="5,0,0,1,1,3" ten="271,42,344,343" oya="1" hai0="76,16,117,26,18,13,58,121,22,38,130,40,119" hai1="82,17,123,5,51,55,61,100,7,79,97,135,78" hai2="37,99,33,77,105,48,134,36,2,52,92,127,71" hai3="24,45,66,111,102,10,43,120,95,73,29,30,65"/><U32/><E32/><V9/><F71/><W86/><G73/><T91/><D76/><U70/><E135/><V25/><F105/><W88/><G111/><T53/><D130/><U64/><E17/><V108/><F77/><W84/><G120/><T44/><D121/><U110/><E110/><V23/><F33/><W75/><G75/><T0/><D0/><U107/><E123/><V72/><F134/><W39/><G30/><T46/><D46/><U116/><E116/><V12/><F2/><W83/><G10/><T112/><D112/><U54/><E79/><V131/><F72/><W118/><G118/><T129/><D129/><U89/><E89/><V42/><F42/><W56/><G56/><T15/><D26/><U113/><E113/><V81/><F81/><W132/><G132/><T133/><D133/><U74/><REACH who="1" step="1"/><E55/><REACH who="1" ten="271,32,344,343" step="2"/><V60/><F108/><W50/><G102/><T31/><D91/><U47/><AGARI ba="0,1" hai="5,7,47,51,54,61,64,70,74,78,82,97,100,107" machi="47" ten="20,18000,2" yaku="1,1,2,1,0,1,7,1,52,2,53,1" doraHai="3" doraHaiUra="101" who="1" fromWho="1" sc="271,-60,32,190,344,-60,343,-60" /><INIT seed="5,1,0,3,1,86" ten="211,222,284,283" oya="1" hai0="22,72,0,28,80,2,81,100,76,33,117,16,52" hai1="129,54,110,12,69,93,83,60,95,78,57,104,106" hai2="125,46,64,121,120,43,30,133,3,111,67,29,114" hai3="39,68,10,15,56,127,7,97,112,48,85,89,37"/><U26/><E129/><V36/><F3/><W5/><G68/><T24/><D100/><U11/><E110/><V17/><F17/><W108/><G108/><T74/><D117/><U92/><E26/><V50/><F29/><W71/><G71/><T45/><D74/><U103/><E69/><V94/><F30/><W96/><G127/><T27/><REACH who="0" step="1"/><D80/><REACH who="0" ten="201,222,284,283" step="2"/><U18/><REACH who="1" step="1"/><E103/><REACH who="1" ten="201,212,284,283" step="2"/><V130/><F111/><W116/><G116/><T73/><D73/><AGARI ba="1,2" hai="11,12,18,54,57,60,73,78,83,92,93,95,104,106" machi="73" ten="40,12000,1" yaku="1,1,2,1,53,2" doraHai="86" doraHaiUra="102" who="1" fromWho="0" sc="201,-123,212,143,284,0,283,0" /><INIT seed="5,2,0,4,3,15" ten="78,355,284,283" oya="1" hai0="109,134,57,116,18,127,0,78,40,124,56,72,107" hai1="9,16,30,122,28,35,33,52,97,114,62,67,66" hai2="39,29,38,92,65,2,94,131,87,123,104,53,88" hai3="130,7,82,11,14,36,133,135,118,1,85,103,41"/><U112/><E122/><V90/><F2/><W24/><G130/><T17/><D0/><U68/><E97/><V81/><F104/><W43/><G118/><T31/><D31/><U100/><E100/><V132/><F132/><N who="3" m="50763" /><G103/><T61/><D107/><U54/><E28/><V119/><F119/><W64/><G64/><T55/><D116/><U98/><E98/><V51/><F65/><W102/><G102/><T79/><D134/><U3/><E3/><V70/><F70/><W63/><G63/><T95/><D40/><N who="3" m="15433" /><G24/><T46/><D46/><U6/><E6/><V125/><F131/><W115/><G1/><T106/><D106/><U83/><E67/><V22/><F39/><W4/><G115/><N who="1" m="44074" /><E83/><V42/><F38/><W48/><G48/><T120/><D120/><U96/><E96/><V93/><F123/><W5/><G36/><T20/><D72/><U25/><E35/><V75/><F75/><W50/><G50/><T21/><D61/><U129/><E129/><V44/><F42/><W121/><G121/><T47/><D47/><U80/><E80/><V10/><F81/><W84/><G84/><T117/><D117/><U91/><E91/><AGARI ba="2,0" hai="4,5,7,11,14,82,85,91" m="15433,50763" machi="91" ten="30,1000,0" yaku="20,1" doraHai="15" who="3" fromWho="1" sc="78,0,355,-16,284,0,283,16" /><INIT seed="6,0,0,2,3,123" ten="78,339,284,299" oya="2" hai0="129,96,72,30,78,90,43,82,25,118,125,83,111" hai1="133,74,34,31,59,41,80,115,108,8,121,48,9" hai2="113,53,5,131,40,100,58,57,61,29,85,45,71" hai3="95,110,120,103,132,12,87,27,65,56,134,32,46"/><V28/><F131/><W97/><G120/><T47/><D90/><U94/><E31/><V62/><F71/><W67/><G12/><T21/><D129/><U73/><E34/><V6/><F100/><W91/><G46/><T79/><D118/><U50/><E94/><V55/><F85/><W10/><G10/><T60/><D60/><U33/><E59/><V99/><F99/><W102/><G102/><T70/><D96/><U14/><E14/><V38/><F113/><W23/><G32/><T3/><D125/><U126/><E41/><V107/><F107/><W104/><G110/><T116/><D116/><U26/><E108/><V92/><F92/><W69/><G69/><T24/><D24/><U127/><E26/><V0/><F0/><W109/><G109/><T76/><D76/><U112/><E80/><V68/><F68/><W75/><G75/><T98/><D98/><U89/><E89/><V51/><F38/><W66/><REACH who="3" step="1"/><G56/><REACH who="3" ten="78,339,284,289" step="2"/><T124/><D111/><U63/><E33/><V17/><REACH who="2" step="1"/><F17/><AGARI ba="0,1" hai="17,23,27,65,66,67,87,91,95,97,103,104,132,134" machi="17" ten="40,2600,0" yaku="1,1,2,1,53,0" doraHai="123" doraHaiUra="1" who="3" fromWho="2" sc="78,0,339,0,284,-26,289,36" /><INIT seed="7,0,0,4,4,21" ten="78,339,258,325" oya="3" hai0="6,86,105,75,103,44,119,84,20,49,85,98,100" hai1="51,7,15,125,14,31,70,45,62,97,9,73,90" hai2="53,11,118,80,35,72,47,48,131,99,8,76,127" hai3="126,120,4,61,94,83,18,30,79,134,116,135,1"/><W0/><G116/><T16/><D75/><U29/><E73/><V74/><F74/><W133/><G120/><T132/><D105/><U10/><E125/><V87/><F131/><W38/><G126/><T93/><D119/><U42/><E70/><V114/><F114/><W63/><G38/><T112/><D112/><U13/><E62/><N who="3" m="23562" /><G30/><N who="1" m="11274" /><E10/><V78/><F35/><W32/><G32/><T91/><D6/><U65/><E65/><V88/><F127/><W39/><G39/><T107/><D107/><U28/><E28/><V81/><F118/><W23/><G4/><T5/><D5/><U12/><E12/><V117/><F117/><W124/><G124/><T24/><D132/><U106/><E106/><V26/><F99/><W77/><G94/><AGARI ba="0,0" hai="7,9,13,14,15,42,45,51,90,94,97" m="11274" machi="94" ten="30,1000,0" yaku="8,1" doraHai="21" who="1" fromWho="3" sc="78,0,339,10,258,0,325,-10" owari="78,-42.0,349,44.0,258,-14.0,315,12.0" /></mjloggm>