<mjloggm ver="2.3"><GO type="169" lobby="0"/><UN n0="%E5%B0%B1%E6%B4%BB%E7%94%9F%40%E5%B7%9D%E6%9D%91%E8%BB%8D%E5%9B%A3" n1="%E3%83%95%E3%83%AA%E3%83%BC%E3%82%B6%E6%A7%98" n2="%E6%B0%B4%E5%93%89%E3%81%AE%E3%83%AC%E3%82%B8%E3%82%A7%E3%83%B3%E3%83%89" n3="%E7%A2%BA%E8%AA%8D%E4%BA%8B%E9%A0%85" dan="18,17,16,16" rate="2266.33,2212.63,2057.89,2101.65" sx="M,M,M,M"/><TAIKYOKU oya="0"/><INIT seed="0,0,0,2,2,122" ten="250,250,250,250" oya="0" hai0="106,114,67,130,0,120,115,39,74,54,118,105,46" hai1="87,75,127,8,36,117,16,123,80,99,60,33,41" hai2="72,91,20,14,15,38,101,86,96,113,132,83,89" hai3="6,57,93,19,34,30,94,133,108,62,5,13,109"/><T78/><D54/><U135/><E33/><V24/><F113/><W53/><G133/><T71/><D67/><U61/><E75/><V9/><F132/><W21/><G34/><T55/><D55/><U73/><E73/><V112/><F112/><W65/><G30/><T111/><D46/><U119/><E36/><V12/><F72/><W28/><G28/><T125/><D78/><U131/><E41/><V59/><F38/><W27/><G65/><T66/><D66/><U81/><E99/><V82/><F59/><W26/><G26/><T48/><D48/><U45/><E45/><V63/><F63/><W47/><G47/><T128/><D115/><U1/><E123/><V44/><F44/><W84/><G94/><T43/><D43/><U97/><E61/><V104/><F91/><N who="3" m="53479" /><G27/><T23/><D23/><U107/><E60/><V2/><F2/><W110/><AGARI ba="0,0" hai="5,6,13,19,21,53,57,62,108,109,110" m="53479" machi="110" ten="30,7900,0" yaku="14,1,52,3" doraHai="122" who="3" fromWho="3" sc="250,-39,250,-20,250,-20,250,79" /><INIT seed="1,0,0,2,4,95" ten="211,230,230,329" oya="1" hai0="126,121,125,6,40,19,127,129,73,8,87,107,81" hai1="89,98,105,88,97,41,108,25,74,34,106,133,10" hai2="115,92,47,63,32,80,7,38,43,84,22,51,72" hai3="135,26,52,18,93,56,54,30,65,60,39,113,66"/><U76/><E41/><V14/><F32/><W90/><G113/><T112/><D112/><U15/><E76/><V101/><F72/><W128/><G128/><T70/><D73/><U4/><E74/><V82/><F115/><W46/><G135/><T131/><D70/><U99/><E133/><V91/><F38/><W119/><G119/><T69/><D69/><U16/><E108/><V5/><F63/><W116/><G116/><T21/><D107/><U75/><E75/><V117/><F117/><W50/><G39/><T2/><D40/><U35/><E35/><V0/><F0/><W68/><G68/><T12/><REACH who="0" step="1"/><D121/><REACH who="0" ten="201,230,230,329" step="2"/><U57/><E106/><V58/><F43/><W3/><G3/><T44/><D44/><U78/><E105/><V123/><F47/><W62/><G46/><T28/><D28/><U36/><E36/><V94/><F123/><W33/><G30/><T79/><AGARI ba="0,1" hai="2,6,8,12,19,21,79,81,87,125,126,127,129,131" machi="79" ten="40,8000,1" yaku="1,1,0,1,18,1,53,1" doraHai="95" doraHaiUra="9" who="0" fromWho="0" sc="201,90,230,-40,230,-20,329,-20" /><INIT seed="2,0,0,3,3,112" ten="291,190,210,309" oya="2" hai0="19,11,5,0,105,31,29,88,62,102,47,89,55" hai1="69,85,45,121,21,16,103,120,87,122,134,52,123" hai2="101,68,64,76,9,26,66,115,12,36,67,127,14" hai3="133,57,84,43,50,28,91,22,129,96,124,81,24"/><V25/><F115/><W99/><G129/><T60/><D105/><U37/><E69/><V92/><F68/><W23/><G133/><T10/><D102/><U70/><E70/><V131/><F36/><W98/><G124/><T111/><D111/><U130/><E130/><V20/><F131/><W51/><G43/><T119/><D47/><U132/><E103/><V90/><F101/><W83/><G57/><T108/><D108/><U125/><E125/><V30/><F76/><W4/><G4/><T126/><D126/><U7/><E7/><V61/><F127/><W2/><G2/><T38/><D38/><U49/><N who="1" m="30720" /><DORA hai="44" /><U117/><E37/><V80/><F80/><N who="3" m="30795" /><G23/><T86/><D86/><N who="1" m="32779" /><E117/><V82/><F82/><AGARI ba="0,0" hai="22,24,28,50,51,82,84,91,96,98,99" m="30795" machi="82" ten="30,3900,0" yaku="8,1,52,2" doraHai="112,44" who="3" fromWho="2" sc="291,0,190,0,210,-39,309,39" /><INIT seed="3,0,0,3,1,3" ten="291,190,171,348" oya="3" hai0="98,58,84,97,127,80,39,16,19,63,106,50,43" hai1="131,11,45,114,8,109,82,123,111,132,57,94,56" hai2="76,6,66,116,20,22,27,61,15,60,40,54,34" hai3="65,5,29,81,124,13,14,119,102,105,64,91,28"/><W126/><G105/><T96/><D39/><U4/><E123/><V37/><F116/><W113/><G119/><T95/><D106/><U32/><E32/><V108/><F108/><N who="1" m="41545" /><E114/><V53/><F76/><W122/><G113/><T21/><D127/><U33/><E33/><V68/><F34/><W9/><G122/><T2/><D2/><U73/><E11/><V47/><F60/><W70/><G102/><T35/><D35/><U104/><E104/><V100/><F100/><W93/><G81/><T79/><D95/><U12/><E132/><V30/><REACH who="2" step="1"/><F20/><REACH who="2" ten="291,190,161,348" step="2"/><W129/><G126/><T112/><D112/><U134/><E134/><V41/><F41/><W59/><G124/><T31/><D21/><U24/><E131/><V128/><F128/><W89/><G129/><T110/><D110/><U130/><E130/><V17/><F17/><W49/><G91/><T62/><D31/><U18/><E18/><N who="0" m="6697" /><D43/><U42/><E42/><V115/><F115/><W36/><G29/><T0/><D0/><U74/><E24/><V135/><F135/><W87/><G28/><T125/><D125/><U88/><E88/><V55/><F55/><AGARI ba="0,1" hai="50,55,58,62,63,79,80,84,96,97,98" m="6697" machi="55" ten="30,2000,0" yaku="8,1,54,1" doraHai="3" who="0" fromWho="2" sc="291,30,190,0,161,-20,348,0" /><INIT seed="4,0,0,5,3,67" ten="321,190,141,348" oya="0" hai0="51,75,18,96,59,48,36,13,70,41,40,52,128" hai1="10,32,4,31,77,44,29,91,49,105,46,62,113" hai2="33,94,88,24,122,38,131,30,104,101,3,125,69" hai3="1,14,72,6,95,54,64,74,57,119,60,12,80"/><T61/><D75/><U130/><E105/><V124/><F122/><W116/><G1/><T26/><D26/><U45/><E130/><V85/><F3/><W123/><G123/><T84/><D128/><U47/><E77/><V132/><F131/><W20/><G74/><T17/><D96/><U16/><E113/><V71/><F38/><W81/><G81/><T55/><D84/><U82/><E32/><V106/><F132/><W99/><G14/><T68/><D13/><N who="1" m="7223" /><E62/><V111/><F111/><W110/><G110/><T115/><D115/><U114/><E4/><V129/><F129/><W102/><G80/><T79/><D79/><U65/><E65/><V98/><REACH who="2" step="1"/><F106/><REACH who="2" ten="321,190,131,348" step="2"/><W121/><G121/><T28/><D36/><U127/><E114/><V21/><F21/><W27/><G20/><T53/><D28/><U8/><E8/><V9/><F9/><W35/><G35/><T109/><D109/><U2/><E2/><V5/><F5/><W133/><G6/><T76/><D76/><U22/><E22/><V118/><F118/><W11/><G116/><T107/><D107/><U86/><E127/><AGARI ba="0,1" hai="24,30,33,69,71,85,88,94,98,101,104,124,125,127" machi="127" ten="40,8000,1" yaku="1,1,18,1,52,2,54,1,53,0" doraHai="67" doraHaiUra="43" who="2" fromWho="1" sc="321,0,190,-80,131,90,348,0" /><INIT seed="5,0,0,1,3,9" ten="321,110,221,348" oya="1" hai0="86,68,99,33,83,0,5,120,55,39,104,135,121" hai1="6,124,133,122,44,12,25,131,13,56,26,84,74" hai2="60,110,18,58,98,82,48,53,20,67,16,41,78" hai3="103,113,115,71,105,42,85,130,117,73,3,132,7"/><U95/><E74/><V61/><F110/><W2/><G85/><T10/><D68/><U76/><E122/><N who="0" m="47209" /><D135/><U108/><E133/><V94/><F41/><W17/><G17/><T24/><D39/><U14/><E108/><V118/><F118/><W22/><G22/><T70/><D70/><U126/><E131/><V38/><F38/><W125/><G42/><T23/><D55/><U87/><E6/><V62/><F67/><W66/><G103/><N who="0" m="62591" /><D33/><U19/><E44/><V35/><F35/><W46/><G71/><T40/><D40/><U123/><E123/><V90/><REACH who="2" step="1"/><F20/><REACH who="2" ten="321,110,211,348" step="2"/><W109/><G109/><T54/><D54/><U116/><E116/><V129/><F129/><W43/><G130/><T57/><D57/><U72/><E56/><V69/><F69/><W119/><G117/><T15/><D23/><U1/><E126/><V8/><F8/><W128/><G125/><T52/><D52/><U32/><E124/><V64/><F64/><W81/><G66/><T101/><D24/><U45/><E32/><V77/><F77/><N who="3" m="44207" /><G119/><T127/><D127/><U112/><E26/><V91/><F91/><W36/><G128/><T111/><D101/><U28/><E25/><V89/><F89/><W31/><G36/><T75/><D111/><U93/><E76/><V27/><F27/><W47/><G43/><T34/><D34/><U134/><E134/><V63/><N who="2" m="15360" /><DORA hai="106" /><V97/><F97/><W96/><G96/><T79/><D75/><AGARI ba="0,1" hai="16,18,48,53,58,75,78,82,90,94,98" m="15360" machi="75" ten="50,8000,1" yaku="1,1,52,1,54,1,53,2" doraHai="9,106" doraHaiUra="92,50" who="2" fromWho="0" sc="321,-80,110,0,211,90,348,0" /><INIT seed="6,0,0,4,0,116" ten="241,110,301,348" oya="2" hai0="65,96,45,0,126,105,83,129,50,123,132,120,103" hai1="47,28,110,86,53,18,79,90,78,31,133,112,122" hai2="115,27,25,13,42,59,37,63,69,29,34,80,14" hai3="102,33,51,56,84,30,15,128,40,46,49,57,3"/><V101/><F69/><W76/><G3/><T89/><D0/><U73/><E110/><V131/><F115/><W72/><G72/><T127/><D65/><U66/><E112/><V77/><F131/><W113/><G102/><T58/><D58/><U75/><E66/><V82/><F101/><W108/><G108/><T35/><D35/><U134/><E47/><V93/><F93/><W64/><G33/><T8/><D8/><U36/><E86/><V52/><F27/><W98/><G30/><T74/><D129/><U20/><E36/><V60/><F82/><W135/><G135/><T67/><D67/><U10/><E10/><V99/><F99/><W130/><G113/><T61/><D61/><U125/><E20/><V48/><F37/><W124/><G124/><N who="0" m="47659" /><D132/><U4/><E125/><V71/><F71/><W22/><G98/><T85/><D74/><U6/><E53/><AGARI ba="0,0" hai="45,50,53,83,85,89,96,103,105,120,123" m="47659" machi="53" ten="30,3900,0" yaku="18,1,52,2" doraHai="116" who="0" fromWho="1" sc="241,39,110,-39,301,0,348,0" /><INIT seed="7,0,0,1,4,12" ten="280,71,301,348" oya="3" hai0="84,65,127,125,119,9,31,112,109,39,101,80,117" hai1="76,90,88,15,133,89,132,107,63,25,104,121,41" hai2="96,86,64,32,73,42,28,27,113,49,17,20,21" hai3="16,95,128,98,36,11,94,10,38,93,37,40,111"/><W22/><G40/><T48/><D39/><U45/><E41/><V57/><F73/><W81/><G128/><T46/><D31/><U60/><E45/><V35/><F113/><W77/><G98/><T62/><D101/><U29/><E76/><V70/><F70/><W108/><G22/><T120/><D120/><U54/><E15/><V0/><F0/><W4/><G16/><T14/><D109/><N who="3" m="42057" /><G4/><T6/><D112/><U97/><E121/><V43/><F35/><W105/><G105/><T66/><D119/><U100/><E54/><N who="2" m="31951" /><F32/><W19/><G19/><T115/><D115/><U110/><E110/><V68/><F68/><W50/><G50/><T56/><D117/><U74/><E74/><AGARI ba="0,0" hai="10,11,36,37,38,74,77,81,93,94,95" m="42057" machi="74" ten="40,2000,0" yaku="10,1" doraHai="12" who="3" fromWho="1" sc="280,0,71,-20,301,0,348,20" owari="280,-12.0,51,-45.0,301,10.0,368,47.0" /></mjloggm>