<mjloggm ver="2.3"><GO type="169" lobby="0"/><UN n0="%E5%A4%A9%E7%A9%BA%73%61%79%61" n1="%E3%83%97%E3%83%83%E3%82%B7%E3%83%A5%E6%8A%BC%E3%81%99%E5%83%A7" n2="%E5%B0%B1%E6%B4%BB%E7%94%9F%40%E5%B7%9D%E6%9D%91%E8%BB%8D%E5%9B%A3" n3="%E8%99%8E%E7%9A%AE%E7%8C%AB" dan="16,18,17,16" rate="2061.75,2232.95,2237.91,2113.64" sx="F,M,M,F"/><TAIKYOKU oya="0"/><INIT seed="0,0,0,5,5,43" ten="250,250,250,250" oya="0" hai0="98,17,87,88,72,134,10,78,66,82,32,18,47" hai1="40,93,36,3,64,104,54,125,30,97,49,123,85" hai2="76,62,1,127,96,133,81,68,25,52,20,7,74" hai3="119,116,108,16,38,56,128,57,73,126,124,45,55"/><T33/><D134/><U34/><E123/><V31/><F133/><W83/><G73/><T99/><D66/><U63/><E3/><V111/><F111/><W91/><G91/><T109/><D109/><U84/><E125/><N who="3" m="48234" /><G83/><T77/><D47/><U14/><E36/><V94/><F127/><W27/><G108/><T15/><D78/><U114/><E40/><V90/><F1/><W9/><G128/><T70/><D70/><U35/><E114/><V103/><F7/><W23/><G9/><T58/><D58/><N who="3" m="22633" /><G38/><T112/><D112/><U95/><E104/><V132/><F132/><W61/><G61/><T4/><D18/><U65/><E63/><V48/><F68/><W105/><G105/><T28/><D17/><U12/><E30/><V130/><F62/><W121/><G121/><T29/><D29/><U107/><E107/><V122/><F122/><W67/><G67/><T89/><D89/><U8/><E8/><V80/><F130/><W79/><G79/><T102/><D28/><U39/><E39/><V113/><F113/><W101/><G101/><T100/><D100/><U41/><E65/><V53/><F103/><W42/><G42/><T51/><D51/><AGARI ba="0,0" hai="16,23,27,45,51,55,116,119" m="22633,48234" machi="51" ten="30,3900,0" yaku="18,1,52,1,54,1" doraHai="43" who="3" fromWho="0" sc="250,-39,250,0,250,0,250,39" /><INIT seed="1,0,0,0,0,89" ten="211,250,250,289" oya="1" hai0="102,81,47,129,77,83,31,15,95,29,14,18,25" hai1="60,128,36,13,17,35,75,55,32,59,8,65,12" hai2="3,51,88,19,122,106,90,16,126,1,30,133,116" hai3="82,104,115,131,68,41,33,44,26,124,108,23,118"/><U79/><E36/><V27/><F106/><W130/><G115/><T24/><D129/><U119/><E119/><V103/><F116/><W86/><G33/><T105/><D105/><U112/><E112/><V84/><F126/><W71/><G118/><T21/><D47/><U72/><E128/><N who="3" m="49194" /><G104/><T39/><D39/><U52/><E75/><V63/><F133/><W134/><G108/><T5/><D5/><U54/><E72/><V0/><F122/><W121/><G121/><T111/><D111/><U50/><E79/><V34/><F103/><W87/><G124/><T58/><D58/><U4/><REACH who="1" step="1"/><E50/><REACH who="1" ten="211,240,250,289" step="2"/><V9/><F51/><W49/><G49/><T62/><D77/><U64/><E64/><V93/><F9/><AGARI ba="0,1" hai="4,8,9,12,13,17,32,35,52,54,55,59,60,65" machi="9" ten="40,3900,0" yaku="1,1,54,1,53,0" doraHai="89" doraHaiUra="125" who="1" fromWho="2" sc="211,0,240,49,250,-39,289,0" /><INIT seed="1,1,0,0,4,50" ten="211,289,211,289" oya="1" hai0="128,60,43,47,29,118,67,4,37,64,62,121,6" hai1="68,107,79,35,96,25,74,45,103,122,80,114,75" hai2="70,18,129,119,116,46,33,14,81,88,41,127,89" hai3="92,104,0,40,21,101,17,3,59,85,93,132,51"/><U77/><E45/><V52/><F70/><W42/><G132/><T95/><D118/><U10/><E10/><N who="2" m="6487" /><F33/><W11/><G104/><T90/><D128/><U117/><E117/><V32/><F32/><W16/><G11/><T5/><D121/><U112/><E68/><V31/><F129/><W39/><G39/><T82/><D29/><N who="1" m="19887" /><E122/><V87/><F31/><W111/><G111/><T84/><D62/><U108/><E108/><V69/><F69/><W109/><G109/><T133/><D133/><U65/><E65/><V8/><F41/><W124/><G124/><T113/><D113/><U12/><E12/><V94/><F8/><W134/><G134/><T71/><REACH who="0" step="1"/><D64/><REACH who="0" ten="201,289,211,289" step="2"/><U125/><E125/><V58/><F127/><W22/><G0/><T100/><D100/><U110/><E110/><V23/><F119/><W2/><G101/><T131/><D131/><U102/><E102/><V53/><F116/><W19/><G2/><T13/><D13/><U28/><E28/><V15/><F15/><W54/><G3/><T78/><D78/><U9/><E9/><V44/><F23/><N who="3" m="8715" /><G93/><AGARI ba="1,1" hai="4,5,6,37,43,47,60,67,71,82,84,90,93,95" machi="93" ten="40,1300,0" yaku="1,1,53,0" doraHai="50" doraHaiUra="49" who="0" fromWho="3" sc="201,26,289,0,211,0,289,-16" /><INIT seed="2,0,0,1,3,37" ten="227,289,211,273" oya="2" hai0="12,85,38,46,135,21,69,57,109,32,19,10,52" hai1="77,105,44,24,94,114,104,116,47,61,54,93,9" hai2="55,41,73,97,51,45,123,91,63,80,106,119,84" hai3="43,87,100,13,115,70,78,92,75,40,74,131,22"/><V133/><F123/><W33/><G33/><T20/><D69/><U7/><E114/><V60/><F119/><W111/><G70/><T30/><D109/><U16/><E77/><V72/><F133/><W11/><G111/><T110/><D110/><U125/><E116/><V108/><F108/><W68/><G68/><T26/><D135/><U101/><E125/><V67/><F60/><W66/><G66/><T120/><D120/><U4/><E61/><V17/><F17/><W129/><G22/><T122/><D122/><U126/><E126/><V130/><F130/><N who="3" m="49675" /><G115/><T102/><D102/><U49/><E101/><V28/><F28/><W117/><G117/><T3/><D85/><U81/><E81/><V65/><F67/><W82/><G100/><T71/><D71/><U83/><E83/><V107/><F65/><W76/><G76/><T88/><D3/><U53/><E9/><V98/><F106/><W36/><G36/><T89/><D21/><U34/><E34/><V96/><REACH who="2" step="1"/><F107/><REACH who="2" ten="227,289,201,273" step="2"/><W23/><G23/><T62/><REACH who="0" step="1"/><D32/><REACH who="0" ten="217,289,201,273" step="2"/><U48/><E104/><V112/><F112/><W25/><G11/><T128/><D128/><U90/><E105/><V134/><F134/><W56/><G74/><T58/><D58/><AGARI ba="0,2" hai="41,45,51,55,58,63,72,73,80,84,91,96,97,98" machi="58" ten="40,3900,0" yaku="1,1,52,1,53,0" doraHai="37" doraHaiUra="8" who="2" fromWho="0" sc="217,-39,289,0,201,59,273,0" /><INIT seed="2,1,0,2,4,38" ten="178,289,260,273" oya="2" hai0="88,87,112,122,58,34,106,109,83,63,120,123,79" hai1="92,7,23,39,89,117,10,100,48,18,37,104,24" hai2="44,25,59,105,76,70,126,81,19,16,111,6,3" hai3="11,107,98,80,43,130,51,119,134,41,21,15,1"/><V93/><F70/><W128/><G119/><T125/><D109/><U99/><E117/><V101/><F105/><W116/><G116/><T86/><D112/><U55/><E48/><V31/><F126/><W129/><G134/><T131/><D125/><U20/><E20/><V67/><F6/><W97/><G80/><T33/><D106/><U90/><E55/><V4/><F4/><N who="3" m="1423" /><G51/><T0/><D0/><U53/><E53/><V85/><F3/><W9/><G21/><T60/><D131/><U132/><E132/><V32/><F111/><W14/><G14/><T118/><D118/><U135/><E135/><V2/><F2/><W50/><G50/><T26/><D26/><U78/><E78/><V95/><F44/><W113/><G113/><T52/><REACH who="0" step="1"/><D63/><REACH who="0" ten="168,289,260,273" step="2"/><U66/><E104/><V127/><F127/><W12/><G107/><T94/><AGARI ba="1,1" hai="33,34,52,58,60,79,83,86,87,88,94,120,122,123" machi="94" ten="30,8000,1" yaku="1,1,2,1,0,1,54,2,53,0" doraHai="38" doraHaiUra="115" who="0" fromWho="0" sc="168,93,289,-21,260,-41,273,-21" /><INIT seed="3,0,0,3,4,71" ten="261,268,219,252" oya="3" hai0="126,105,65,53,122,103,94,88,62,100,43,123,16" hai1="124,110,77,46,89,39,98,59,121,67,92,78,69" hai2="29,134,28,73,85,99,4,38,9,2,131,34,45" hai3="116,75,68,64,8,108,86,61,93,32,66,81,80"/><W51/><G116/><T10/><D126/><U24/><E121/><V47/><F131/><W102/><G32/><T48/><D43/><U7/><E69/><V30/><F134/><W84/><G75/><T26/><D105/><U50/><E124/><V3/><F3/><W135/><G135/><T111/><D111/><U118/><E118/><V91/><F73/><W133/><G133/><T49/><D123/><U0/><E0/><V44/><F99/><W27/><G64/><T125/><D122/><U22/><E7/><V132/><F132/><W18/><G108/><T97/><D125/><U104/><E104/><V12/><F2/><W74/><G74/><T96/><D96/><U17/><E110/><V76/><F76/><W130/><G130/><T40/><D40/><N who="1" m="24903" /><E39/><V115/><F115/><W21/><G51/><N who="0" m="19531" /><D65/><U106/><E106/><V87/><F34/><W42/><G42/><T83/><D83/><U70/><E70/><V72/><F72/><W6/><G102/><T95/><D95/><U19/><E19/><V11/><F38/><W120/><G120/><T25/><D25/><U109/><E109/><V36/><F36/><W127/><G127/><T60/><D10/><U56/><E56/><V58/><F11/><W128/><G128/><T79/><D79/><U33/><E33/><V54/><REACH who="2" step="1"/><F91/><REACH who="2" ten="261,268,209,252" step="2"/><N who="3" m="53495" /><G84/><T113/><D113/><U13/><E78/><V41/><F41/><W90/><G90/><T82/><D100/><U107/><E77/><V63/><AGARI ba="0,1" hai="4,9,12,28,29,30,44,45,47,54,58,63,85,87" machi="63" ten="30,7900,0" yaku="1,1,0,1,8,1,53,1" doraHai="71" doraHaiUra="52" who="2" fromWho="2" sc="261,-20,268,-20,209,89,252,-39" /><INIT seed="4,0,0,3,2,25" ten="241,248,298,213" oya="0" hai0="104,39,105,102,117,118,116,93,6,61,35,85,81" hai1="19,125,2,16,83,111,123,28,50,8,27,24,80" hai2="49,132,91,74,5,45,22,82,99,121,29,126,64" hai3="94,78,73,87,17,114,10,48,109,33,31,7,130"/><T44/><D35/><U103/><E123/><V55/><F121/><W98/><G109/><T128/><D6/><U18/><E111/><V13/><F74/><W127/><G73/><T41/><D128/><U36/><E36/><V11/><F132/><W69/><G69/><T88/><REACH who="0" step="1"/><D61/><REACH who="0" ten="231,248,298,213" step="2"/><U86/><E125/><V76/><F126/><W26/><G130/><T106/><D106/><U66/><E66/><V119/><F119/><W0/><G127/><T67/><D67/><U113/><E113/><V71/><F64/><W20/><G114/><T92/><D92/><U115/><E115/><V97/><F71/><W110/><G110/><T100/><D100/><U58/><E103/><V95/><F95/><W15/><G48/><T112/><D112/><U9/><E50/><V96/><F49/><W79/><G87/><T65/><D65/><U108/><E86/><V90/><F97/><AGARI ba="0,1" hai="39,41,44,81,85,88,93,97,102,104,105,116,117,118" machi="97" ten="40,3900,0" yaku="1,1,54,1,53,0" doraHai="25" doraHaiUra="4" who="0" fromWho="2" sc="231,49,248,0,298,-39,213,0" /><INIT seed="4,1,0,4,1,117" ten="280,248,259,213" oya="0" hai0="78,118,125,8,5,103,135,101,107,20,52,123,4" hai1="127,24,7,89,30,119,122,60,128,37,90,61,51" hai2="97,57,27,28,17,132,35,40,79,23,94,105,82" hai3="34,91,36,0,29,16,12,74,115,85,70,58,11"/><T108/><D118/><U66/><E119/><V2/><F2/><W3/><G70/><T48/><D125/><U75/><E75/><V84/><F132/><W126/><G74/><T87/><D135/><U65/><E37/><V98/><F40/><W10/><G126/><T44/><D108/><U72/><E72/><V22/><F105/><W32/><G36/><T99/><D103/><U124/><E7/><V80/><F80/><W73/><G73/><T62/><D123/><U76/><E76/><V59/><F97/><W120/><G115/><T114/><D114/><U96/><E51/><V68/><F68/><W41/><G41/><T100/><D100/><U64/><E128/><V21/><REACH who="2" step="1"/><F17/><REACH who="2" ten="280,248,249,213" step="2"/><W86/><G0/><T31/><D99/><U116/><E96/><V131/><F131/><W50/><G3/><T95/><D107/><U113/><E116/><V54/><F54/><W111/><G16/><T81/><D52/><U121/><E113/><V110/><F110/><W106/><G106/><T129/><D129/><U83/><E83/><V92/><F92/><W88/><G111/><T6/><D95/><U67/><E67/><V53/><F53/><W38/><G38/><T134/><D81/><U56/><E64/><V33/><F33/><W39/><G34/><T112/><D134/><U93/><E93/><V133/><F133/><W55/><G39/><T9/><D112/><U47/><E127/><V19/><F19/><W71/><G71/><T77/><D6/><U42/><E66/><V45/><F45/><W18/><G32/><T69/><D69/><U63/><E124/><RYUUKYOKU ba="1,1" sc="280,-10,248,-10,249,30,213,-10" hai2="21,22,23,27,28,35,57,59,79,82,84,94,98" /><INIT seed="5,2,1,0,5,129" ten="270,238,279,203" oya="1" hai0="56,63,77,34,29,37,60,68,27,26,99,89,105" hai1="53,109,49,54,78,104,112,47,91,74,87,71,46" hai2="3,114,131,65,18,110,86,128,40,22,1,4,45" hai3="39,80,90,107,35,50,44,30,81,11,125,2,23"/><U108/><E104/><V36/><F110/><N who="1" m="42601" /><E71/><V25/><F4/><W9/><G39/><T130/><D130/><N who="2" m="49706" /><F114/><W43/><G107/><T93/><D37/><U94/><E112/><V101/><F101/><W118/><G35/><T52/><D77/><U33/><E33/><V98/><F98/><W59/><G125/><T12/><D105/><U15/><E15/><V96/><F96/><W67/><G118/><T133/><D133/><U55/><E49/><V134/><F134/><W66/><G2/><N who="2" m="521" /><F86/><N who="3" m="50503" /><G81/><AGARI ba="2,1" hai="46,47,53,54,55,74,78,81,87,91,94" m="42601" machi="81" ten="30,1500,0" yaku="10,1" doraHai="129" who="1" fromWho="3" sc="270,0,238,31,279,0,203,-21" /><INIT seed="5,3,0,5,1,94" ten="270,269,279,182" oya="1" hai0="116,8,50,119,28,106,52,128,95,18,6,125,63" hai1="87,126,91,83,62,27,102,10,79,127,59,51,46" hai2="81,74,14,57,73,23,86,17,113,48,84,32,20" hai3="37,64,71,101,29,75,82,43,47,31,111,112,22"/><U36/><E36/><V132/><F32/><W11/><G111/><T96/><D125/><U42/><E102/><V124/><F132/><W66/><G112/><T85/><D128/><U24/><E126/><V56/><F124/><W134/><G134/><T72/><D72/><U15/><E91/><V93/><F113/><W58/><G71/><T41/><D28/><U16/><REACH who="1" step="1"/><E127/><REACH who="1" ten="270,259,279,182" step="2"/><V38/><F38/><W49/><G101/><T78/><D116/><U99/><E99/><V54/><F74/><W9/><G75/><T26/><D96/><U13/><E13/><V89/><F73/><W69/><G37/><T109/><D119/><U1/><E1/><V61/><F84/><W105/><G105/><T35/><D85/><U4/><E4/><V0/><F0/><W68/><G68/><T55/><D6/><U65/><AGARI ba="3,1" hai="10,15,16,24,27,42,46,51,59,62,65,79,83,87" machi="65" ten="20,18000,2" yaku="1,1,0,1,7,1,8,1,54,1,53,1" doraHai="94" doraHaiUra="77" who="1" fromWho="1" sc="270,-63,259,199,279,-63,182,-63" /><INIT seed="5,4,0,1,5,17" ten="207,458,216,119" oya="1" hai0="19,88,106,126,58,132,85,41,131,123,91,107,64" hai1="98,59,6,99,81,105,135,32,69,114,103,21,20" hai2="38,76,79,134,93,60,35,102,127,130,124,108,52" hai3="46,28,47,30,36,18,51,10,43,109,25,83,15"/><U80/><E32/><V31/><F38/><W45/><G109/><T3/><D131/><U74/><E69/><V24/><F108/><W112/><G112/><T87/><D126/><N who="2" m="48170" /><F134/><W120/><G120/><T92/><D132/><U23/><E135/><V118/><F118/><W101/><G101/><T26/><D3/><U72/><E6/><V84/><F130/><W111/><G111/><T113/><D113/><U27/><E27/><V117/><F117/><W66/><G66/><T2/><D2/><U115/><E59/><N who="2" m="34919" /><F84/><W129/><G129/><T110/><D41/><U16/><E16/><V61/><F61/><W13/><G83/><N who="1" m="31818" /><E99/><AGARI ba="4,0" hai="24,31,35,76,79,93,99,102" m="34919,48170" machi="99" ten="30,2000,0" yaku="18,1,54,1" doraHai="17" who="2" fromWho="1" sc="207,0,458,-32,216,32,119,0" /><INIT seed="6,0,0,5,3,95" ten="207,426,248,119" oya="2" hai0="103,131,68,17,38,67,20,53,49,44,28,121,32" hai1="52,75,97,2,101,124,56,118,51,16,119,58,27" hai2="31,11,82,132,33,129,107,99,88,41,48,122,4" hai3="91,30,108,21,34,134,72,26,114,59,62,80,123"/><V40/><F122/><W85/><G108/><T90/><D121/><U81/><E2/><V24/><F132/><W1/><G123/><T115/><D115/><U54/><E124/><V128/><F48/><W135/><G1/><T6/><D131/><N who="2" m="50250" /><F107/><W78/><G114/><T25/><D6/><U126/><E126/><V127/><F127/><W69/><G69/><T18/><D103/><U70/><E70/><V111/><F111/><W0/><G0/><T55/><D38/><U66/><E66/><V8/><F82/><W89/><G34/><T22/><D90/><U104/><E81/><V19/><F19/><W76/><G91/><T5/><D5/><U29/><E16/><V87/><F87/><W79/><REACH who="3" step="1"/><G72/><REACH who="3" ten="207,426,248,109" step="2"/><T9/><D32/><U100/><E75/><V120/><F120/><W23/><G23/><T102/><D68/><U73/><E73/><V113/><F113/><W133/><G133/><T63/><D22/><U98/><E119/><V42/><F4/><W12/><G12/><T84/><D20/><U46/><E118/><V130/><F130/><W15/><G15/><T93/><D25/><U37/><E27/><V65/><F24/><W83/><G83/><T86/><D9/><U36/><E29/><V7/><F11/><W43/><G43/><T3/><D28/><U39/><E54/><AGARI ba="0,1" hai="21,26,30,54,59,62,76,78,79,80,85,89,134,135" machi="54" ten="40,1300,0" yaku="1,1,53,0" doraHai="95" doraHaiUra="13" who="3" fromWho="1" sc="207,0,426,-13,248,0,109,23" /><INIT seed="7,0,0,5,0,8" ten="207,413,248,132" oya="3" hai0="125,24,4,19,50,1,98,73,109,122,91,82,79" hai1="48,37,104,77,102,59,62,103,133,67,75,96,51" hai2="84,113,12,39,135,114,64,17,60,90,121,33,80" hai3="94,87,14,49,111,112,34,63,11,9,54,74,106"/><W55/><G106/><T99/><D109/><U20/><E103/><V126/><F39/><W26/><G74/><T118/><D122/><U107/><E107/><V43/><F33/><W27/><G111/><T41/><D118/><U92/><E37/><V40/><F126/><W108/><G108/><T18/><D125/><U23/><E133/><V28/><F28/><W69/><G112/><N who="2" m="43113" /><F135/><W78/><G9/><N who="0" m="2191" /><D50/><U70/><E48/><V42/><F121/><W38/><G38/><T85/><D24/><N who="3" m="9257" /><G34/><T7/><D7/><U130/><E130/><V76/><F76/><W56/><G69/><T44/><D19/><U5/><E5/><V30/><F30/><W124/><G124/><T68/><D18/><U6/><E70/><N who="2" m="42247" /><F43/><W129/><G129/><T127/><D127/><U58/><E96/><V71/><F71/><W66/><G49/><T52/><D44/><U22/><E51/><V72/><F72/><W88/><G78/><T132/><D91/><U131/><E20/><AGARI ba="0,0" hai="12,17,20,40,42,80,84,90" m="42247,43113" machi="20" ten="30,2000,0" yaku="15,1,52,1" doraHai="8" who="2" fromWho="1" sc="207,0,413,-20,248,20,132,0" owari="207,-19.0,393,49.0,268,7.0,132,-37.0" /></mjloggm>