<mjloggm ver="2.3"><GO type="225" lobby="0"/><UN n0="%48%65%61%72%E2%80%A0%73%31%38" n1="%E3%83%9B%E3%83%B3%E3%82%A4%E3%83%84%E5%8E%A8" n2="%E5%B0%B1%E6%B4%BB%E7%94%9F%40%E5%B7%9D%E6%9D%91%E8%BB%8D%E5%9B%A3" n3="%E3%81%95%E3%81%8B%E3%81%95%E3%81%BE%E3%82%A8%E3%83%9E%E3%83%8E%E3%83%B3" dan="17,16,17,18" rate="2120.94,2108.07,2123.42,2246.34" sx="F,M,M,M"/><TAIKYOKU oya="0"/><INIT seed="0,0,0,5,1,23" ten="250,250,250,250" oya="0" hai0="55,131,10,49,73,89,63,96,4,19,132,16,78" hai1="107,133,20,102,1,53,92,116,14,62,104,76,86" hai2="21,48,65,70,8,40,81,135,105,79,0,129,111" hai3="123,36,52,127,6,3,77,69,121,83,39,130,124"/><T75/><D63/><U29/><E1/><V58/><F105/><W32/><G69/><T31/><D31/><U106/><E133/><V66/><F70/><W134/><G134/><T38/><D38/><N who="3" m="14377" /><G130/><T27/><D132/><U60/><E116/><V108/><F0/><W100/><G100/><T43/><D43/><U103/><E103/><V94/><F8/><N who="3" m="2143" /><G32/><T13/><D131/><U72/><E102/><V82/><F94/><W28/><G28/><T51/><D51/><U84/><E92/><V95/><F95/><W47/><G47/><T5/><D78/><U110/><E76/><V80/><F79/><W41/><G41/><T34/><D75/><U2/><E72/><V17/><F129/><W71/><G71/><T68/><D73/><U88/><E2/><V35/><F35/><W114/><G52/><T112/><D68/><U98/><E53/><N who="2" m="32039" /><F40/><W46/><G46/><N who="0" m="28087" /><D34/><U125/><E106/><V11/><F11/><W97/><G97/><T74/><D74/><U99/><E98/><V54/><F54/><W42/><G42/><T64/><D64/><N who="2" m="24682" /><F135/><W18/><G114/><T7/><D112/><U33/><E99/><V15/><F111/><W57/><G57/><T9/><D9/><U117/><E110/><V37/><F37/><W85/><G18/><T109/><D109/><U24/><E33/><V67/><F67/><W126/><AGARI ba="0,0" hai="77,83,85,121,123,124,126,127" m="2143,14377" machi="126" ten="40,1500,0" yaku="18,1" doraHai="23" who="3" fromWho="3" sc="250,-7,250,-4,250,-4,250,15" /><INIT seed="1,0,0,2,2,96" ten="243,246,246,265" oya="1" hai0="112,5,124,109,134,117,73,58,51,99,68,39,110" hai1="61,59,29,123,12,0,105,125,100,106,6,10,83" hai2="53,48,52,8,85,28,67,103,120,64,45,114,23" hai3="119,66,76,88,57,13,86,77,55,44,2,56,95"/><U89/><E123/><V101/><F120/><W3/><G119/><T7/><D117/><U74/><E125/><V135/><F135/><W9/><G66/><N who="2" m="25129" /><F114/><W38/><G56/><T91/><D68/><U27/><E0/><V15/><F85/><W78/><G44/><T118/><D39/><U130/><E130/><V111/><F111/><N who="0" m="42506" /><D112/><U41/><E41/><N who="2" m="24623" /><F23/><W71/><G71/><T133/><D73/><U63/><E105/><V35/><F28/><W42/><G42/><T11/><D124/><U69/><E69/><V49/><F35/><W121/><G38/><T22/><D22/><U131/><E131/><V79/><F79/><W81/><G121/><T20/><D20/><U87/><E74/><V126/><F126/><W19/><REACH who="3" step="1"/><G81/><REACH who="3" ten="243,246,246,255" step="2"/><T46/><D58/><U72/><E59/><N who="2" m="33167" /><F53/><W84/><G84/><T14/><D118/><U1/><E72/><V4/><AGARI ba="0,1" hai="4,8,15,101,103" m="33167,24623,25129" machi="4" ten="30,7900,0" yaku="8,1,52,2,54,1" doraHai="96" who="2" fromWho="2" sc="243,-20,246,-39,246,89,255,-20" /><INIT seed="2,0,0,5,0,75" ten="223,207,335,235" oya="2" hai0="108,50,80,77,41,54,32,20,8,105,87,107,51" hai1="22,5,53,58,93,30,72,14,134,64,115,112,1" hai2="34,81,44,82,117,13,35,71,38,47,100,85,27" hai3="68,89,106,121,94,74,124,76,120,56,15,63,45"/><V7/><F117/><W130/><G106/><T12/><D32/><U86/><E134/><V70/><F100/><W62/><G68/><T66/><D66/><U4/><E72/><V59/><F59/><W129/><G124/><T10/><D108/><U17/><E64/><V110/><F27/><W128/><G45/><T23/><D41/><U28/><E115/><V97/><F97/><W101/><G101/><T95/><D95/><U57/><E112/><V91/><F81/><N who="3" m="45207" /><G15/><T33/><D33/><U103/><E1/><V39/><F13/><W16/><G16/><T43/><D43/><U104/><E104/><V79/><F7/><N who="1" m="2633" /><E58/><V113/><F113/><W46/><G46/><T83/><D12/><U88/><E103/><V31/><F35/><W135/><G135/><T67/><D67/><U102/><E102/><V69/><F110/><W125/><G125/><T92/><D92/><U123/><E123/><N who="3" m="47178" /><G56/><T55/><D87/><AGARI ba="0,0" hai="62,63,87,89,94,128,129,130" m="47178,45207" machi="87" ten="40,2600,0" yaku="19,1,52,1" doraHai="75" who="3" fromWho="0" sc="223,-26,207,0,335,0,235,26" /><INIT seed="3,0,0,5,5,15" ten="197,207,335,261" oya="3" hai0="127,31,68,102,73,109,20,107,67,113,77,91,7" hai1="11,130,82,114,22,135,74,90,112,104,111,36,9" hai2="24,58,47,85,60,41,105,118,126,108,65,63,29" hai3="86,97,96,64,23,120,131,116,57,99,95,0,132"/><W106/><G116/><T28/><D91/><U55/><E36/><V121/><F105/><W27/><G0/><T88/><D88/><U128/><E104/><V43/><F118/><W78/><G120/><T39/><D20/><U45/><E111/><V33/><F108/><W83/><G131/><N who="1" m="50218" /><E135/><V21/><F33/><W54/><G132/><T92/><D92/><U17/><E55/><V3/><F3/><W48/><G106/><T100/><D109/><U14/><E45/><V13/><F126/><W44/><G64/><T70/><D127/><U35/><E35/><V53/><F121/><W6/><G6/><T66/><D107/><U69/><E69/><N who="0" m="26729" /><D7/><U119/><E119/><V79/><F13/><W37/><G37/><T94/><D94/><U5/><E90/><V133/><F133/><W75/><G75/><T56/><D73/><U134/><E134/><V52/><F85/><W81/><G81/><T25/><D25/><N who="1" m="14543" /><E11/><V71/><F79/><AGARI ba="0,0" hai="5,9,14,74,79,82,112,114" m="14543,50218" machi="79" ten="30,2000,0" yaku="19,1,52,1" doraHai="15" who="1" fromWho="2" sc="197,0,207,20,335,-20,261,0" owari="197,-30.0,227,-17.0,315,41.0,261,6.0" /></mjloggm>