<mjloggm ver="2.3"><GO type="169" lobby="0"/><UN n0="%E5%A1%A9%E9%85%B8%E3%81%94%E3%81%8F%E3%81%94%E3%81%8F" n1="%E5%BB%83%E4%BA%BA%E9%81%94%E9%9B%86%E5%90%88" n2="%E5%B0%B1%E6%B4%BB%E7%94%9F%40%E5%B7%9D%E6%9D%91%E8%BB%8D%E5%9B%A3" n3="%79%75%2D%2D%2D%2D%2D%75" dan="16,16,18,17" rate="2088.95,2129.24,2276.32,2130.48" sx="M,M,M,M"/><TAIKYOKU oya="0"/><INIT seed="0,0,0,4,1,39" ten="250,250,250,250" oya="0" hai0="121,41,101,111,69,99,50,52,1,26,135,79,94" hai1="133,3,67,83,63,24,114,31,11,82,58,51,4" hai2="40,64,126,129,9,49,33,88,2,78,48,84,93" hai3="90,14,72,35,70,27,116,74,132,36,0,43,109"/><T124/><D121/><U103/><E133/><V18/><F33/><W130/><RYUUKYOKU type="yao9" ba="0,0" sc="250,0,250,0,250,0,250,0" hai3="0,14,27,35,36,43,70,72,74,90,109,116,130,132" /><INIT seed="0,1,0,2,1,73" ten="250,250,250,250" oya="0" hai0="72,8,121,79,108,34,113,53,61,122,4,7,60" hai1="15,95,78,48,44,65,77,47,50,85,2,129,20" hai2="29,37,98,57,76,92,123,130,83,69,56,38,119" hai3="96,5,101,36,26,106,11,126,116,33,75,74,87"/><T30/><D113/><U40/><E2/><V102/><F69/><W132/><G116/><T52/><D108/><U49/><E129/><V43/><F123/><W68/><G68/><T93/><D34/><U86/><E65/><V55/><F130/><W104/><G126/><T125/><D30/><U131/><E131/><V3/><F3/><W109/><G36/><T28/><D28/><U99/><E20/><V124/><F124/><W111/><G87/><N who="1" m="33290" /><E15/><V13/><F119/><W88/><G132/><T25/><D25/><U135/><E135/><V63/><F43/><W21/><G33/><T42/><D93/><U27/><E27/><V115/><F115/><W1/><G104/><T133/><D42/><N who="1" m="24599" /><E49/><V100/><F100/><AGARI ba="1,0" hai="40,47,50,77,78,95,99,100" m="24599,33290" machi="100" ten="30,3900,0" yaku="8,1,52,2" doraHai="73" who="1" fromWho="2" sc="250,0,250,42,250,-42,250,0" /><INIT seed="1,0,0,0,1,109" ten="250,292,208,250" oya="1" hai0="135,16,122,55,82,120,113,90,42,108,46,60,2" hai1="133,128,3,24,48,5,72,79,116,81,129,39,87" hai2="69,56,59,89,93,35,73,84,78,30,1,125,27" hai3="43,75,36,105,92,61,49,64,107,45,114,14,95"/><U6/><E116/><V11/><F125/><W126/><G75/><T47/><D108/><U33/><E133/><V28/><F69/><W63/><G126/><T123/><D2/><U38/><E87/><V86/><F73/><W22/><G63/><T83/><D135/><U115/><E115/><V102/><F28/><W4/><G114/><T131/><D113/><U94/><E94/><V119/><F119/><W41/><G92/><T31/><D131/><N who="1" m="50251" /><E48/><V80/><F102/><W54/><G95/><T71/><D31/><N who="1" m="19687" /><E3/><V98/><F84/><W32/><G32/><T50/><D90/><U23/><E23/><V99/><F99/><W91/><G91/><T7/><D7/><AGARI ba="0,0" hai="5,6,7,38,39,72,79,81" m="19687,50251" machi="7" ten="30,1500,0" yaku="19,1" doraHai="109" who="1" fromWho="0" sc="250,-15,292,15,208,0,250,0" /><INIT seed="1,1,0,1,0,66" ten="235,307,208,250" oya="1" hai0="12,87,98,92,85,22,34,110,78,83,28,79,3" hai1="116,1,89,18,14,30,117,21,5,26,36,100,76" hai2="81,105,74,112,70,59,68,84,38,88,54,124,123" hai3="27,2,33,75,50,71,118,24,52,39,44,111,113"/><U49/><E36/><V9/><F123/><W122/><RYUUKYOKU type="yao9" ba="1,0" sc="235,0,307,0,208,0,250,0" hai3="2,24,27,33,39,44,50,52,71,75,111,113,118,122" /><INIT seed="1,2,0,1,5,135" ten="235,307,208,250" oya="1" hai0="1,65,126,44,117,53,8,4,115,59,57,51,68" hai1="32,121,98,103,5,21,58,124,6,133,89,9,26" hai2="52,109,127,16,35,113,88,67,104,101,78,49,14" hai3="24,84,10,63,105,129,85,15,30,11,114,108,37"/><U72/><E133/><V87/><F35/><W123/><G114/><T61/><D115/><U17/><E121/><V0/><F0/><W3/><G37/><T2/><D117/><U13/><E72/><V79/><F113/><W97/><G123/><T111/><D111/><U22/><E124/><V31/><F127/><W36/><G36/><T134/><D126/><U56/><E32/><V83/><F109/><W116/><G3/><T23/><D134/><U128/><E128/><V34/><F34/><W29/><G105/><T33/><D33/><U132/><E132/><V7/><F31/><W39/><G39/><T20/><D2/><U106/><E6/><V41/><F67/><W66/><G129/><T81/><D59/><U102/><E102/><V69/><F69/><W28/><G97/><T119/><D119/><U130/><E130/><V43/><F7/><N who="3" m="3551" /><G24/><T77/><REACH who="0" step="1"/><D68/><REACH who="0" ten="225,307,208,250" step="2"/><U42/><E58/><N who="2" m="33039" /><F104/><W71/><G116/><T47/><D47/><U110/><E110/><V107/><F107/><W82/><G108/><T90/><D90/><U99/><E56/><V54/><F101/><W120/><G71/><T76/><D76/><N who="2" m="29226" /><F54/><W100/><G100/><T96/><D96/><U80/><E99/><V73/><F73/><AGARI ba="2,1" hai="1,4,8,20,23,44,51,53,57,61,65,73,77,81" machi="73" ten="30,2000,0" yaku="1,1,7,1,53,0" doraHai="135" doraHaiUra="93" who="0" fromWho="2" sc="225,36,307,0,208,-26,250,0" /><INIT seed="2,0,0,3,4,18" ten="261,307,182,250" oya="2" hai0="66,30,56,96,87,52,73,69,79,32,29,129,82" hai1="113,17,78,97,37,119,11,120,61,95,130,22,92" hai2="3,74,100,27,60,10,67,25,126,55,90,123,39" hai3="99,64,128,89,108,12,4,116,122,112,80,13,101"/><V48/><F123/><W88/><G122/><T21/><D129/><U72/><E120/><V51/><F39/><W103/><G116/><T91/><D69/><U19/><E119/><V77/><F126/><W104/><G128/><T94/><D66/><U71/><E113/><V133/><F133/><W14/><G108/><T85/><D32/><U132/><E132/><V135/><F135/><W54/><G101/><T42/><D42/><U115/><E115/><V98/><F90/><W68/><G4/><T44/><D44/><U2/><E37/><V43/><F43/><W1/><G1/><T106/><D87/><U23/><E130/><V83/><F10/><W105/><G105/><T121/><D121/><U16/><E95/><V40/><F40/><W9/><G9/><T59/><D59/><U7/><E61/><V81/><F81/><W84/><G54/><T134/><D134/><U5/><E71/><V76/><F76/><W15/><N who="3" m="3072" /><DORA hai="118" /><W110/><G110/><T62/><D21/><U31/><E7/><V117/><F117/><W50/><G50/><T53/><D53/><U8/><E8/><V24/><F3/><W26/><G26/><T57/><D57/><U35/><E78/><V34/><F34/><W49/><G49/><T47/><D47/><U131/><E131/><V65/><F60/><N who="3" m="39943" /><G112/><T75/><D75/><U45/><E72/><V41/><F41/><W125/><G125/><T111/><D111/><U36/><E36/><V38/><F38/><W20/><G20/><T58/><D58/><U0/><E0/><V70/><F70/><W63/><G63/><RYUUKYOKU ba="0,0" sc="261,15,307,-15,182,-15,250,15" hai0="29,30,52,56,62,73,79,82,85,91,94,96,106" hai3="80,84,88,89,99,103,104" /><INIT seed="3,1,0,4,2,63" ten="276,292,167,265" oya="3" hai0="112,4,50,98,47,81,66,120,85,96,72,16,30" hai1="116,83,65,12,68,127,89,110,134,131,28,27,94" hai2="101,9,74,18,55,133,77,100,24,29,54,70,102" hai3="103,22,17,115,118,15,7,108,106,132,42,76,86"/><W51/><G115/><T135/><D135/><U10/><E110/><V125/><F133/><W43/><G118/><T46/><D112/><U1/><E134/><V104/><F125/><W61/><G132/><T71/><D120/><U122/><E122/><V67/><F104/><W117/><G117/><T40/><D72/><U14/><E131/><V58/><F74/><W21/><G7/><T124/><D124/><U87/><E116/><V38/><F38/><W99/><G108/><T121/><D30/><U3/><E14/><V78/><F70/><W119/><G119/><T91/><D4/><U64/><E127/><V130/><F130/><W82/><G51/><T60/><D121/><U39/><E39/><V113/><F113/><W123/><G123/><T11/><REACH who="0" step="1"/><D47/><REACH who="0" ten="266,292,167,265" step="2"/><U36/><E3/><V45/><F45/><W37/><G37/><T88/><D88/><U23/><E36/><V52/><F18/><W6/><G6/><T73/><D73/><U8/><E1/><V90/><F90/><W0/><G0/><T114/><D114/><U26/><E28/><V25/><F9/><W5/><G5/><T105/><D105/><U49/><E10/><V19/><F19/><W31/><G31/><T32/><D32/><U20/><E8/><V129/><F129/><W33/><G33/><T79/><D79/><N who="2" m="30218" /><F29/><W69/><REACH who="3" step="1"/><G22/><REACH who="3" ten="266,292,167,255" step="2"/><T48/><D48/><U93/><E49/><V84/><F84/><W80/><G80/><T92/><D92/><N who="1" m="35435" /><E23/><V95/><F95/><W107/><G107/><T75/><D75/><U111/><E20/><V59/><F59/><W57/><G57/><RYUUKYOKU ba="1,2" sc="266,10,292,-30,167,10,255,10" hai0="11,16,40,46,50,60,66,71,81,85,91,96,98" hai2="24,25,52,54,55,58,67,100,101,102" hai3="15,17,21,42,43,61,69,76,82,86,99,103,106" /><INIT seed="3,2,2,2,0,32" ten="276,262,177,265" oya="3" hai0="108,59,42,64,126,33,99,112,40,47,35,87,132" hai1="5,62,106,12,107,45,0,66,53,65,117,60,123" hai2="30,54,129,13,130,109,56,1,97,48,31,122,14" hai3="124,61,110,94,70,111,4,102,105,72,134,19,96"/><W93/><G72/><T17/><D108/><N who="3" m="41513" /><G134/><T9/><D132/><U15/><E123/><V6/><F109/><W36/><G124/><T41/><D126/><U86/><E86/><V82/><F122/><W76/><G76/><T125/><D112/><U135/><E135/><V46/><F82/><W43/><G19/><T50/><D125/><U3/><E45/><V51/><F97/><W103/><G103/><T23/><D99/><U24/><E53/><V69/><F69/><W80/><G80/><T121/><D9/><U91/><E91/><V29/><F1/><W49/><G36/><T21/><D121/><U92/><E92/><N who="3" m="35434" /><G4/><T74/><D17/><U81/><E81/><V131/><REACH who="2" step="1"/><F6/><REACH who="2" ten="276,262,167,265" step="2"/><W52/><G70/><T38/><D74/><U8/><E5/><V77/><F77/><W27/><G27/><T26/><D26/><U120/><E24/><V57/><F57/><N who="3" m="34983" /><G49/><T71/><D50/><U68/><E120/><V7/><F7/><W100/><G100/><T2/><D71/><U113/><E68/><V79/><F79/><W55/><G55/><AGARI ba="2,3" hai="13,14,29,30,31,46,48,51,54,55,56,129,130,131" machi="55" ten="50,3200,0" yaku="1,1,19,1,53,0" doraHai="32" doraHaiUra="34" who="2" fromWho="3" sc="276,0,262,0,167,68,265,-38" /><INIT seed="4,0,0,1,0,62" ten="276,262,235,227" oya="0" hai0="17,77,111,103,46,0,87,31,25,86,37,65,43" hai1="32,50,1,130,84,73,94,78,92,61,52,22,11" hai2="38,70,18,74,79,109,123,117,26,42,113,81,53" hai3="16,6,115,131,105,27,107,9,28,67,129,122,41"/><T71/><D0/><U75/><E32/><V96/><F109/><W101/><G115/><T36/><D111/><U102/><E130/><N who="3" m="49674" /><G41/><T7/><D7/><U19/><E75/><V14/><F123/><W104/><G122/><T47/><D17/><U39/><E39/><V8/><F113/><W85/><G85/><T48/><D103/><U72/><E72/><V21/><F117/><W51/><G51/><T35/><D77/><U99/><E61/><V89/><F42/><W91/><G91/><T13/><D13/><U5/><E73/><V133/><F133/><W64/><G101/><T34/><D34/><U58/><E78/><V68/><F38/><W125/><G125/><T93/><D37/><U24/><E84/><V110/><F110/><W124/><G124/><T112/><D112/><U106/><AGARI ba="0,0" hai="1,5,11,19,22,24,50,52,58,92,94,99,102,106" machi="106" ten="20,2700,0" yaku="0,1,7,1,54,1" doraHai="62" who="1" fromWho="1" sc="276,-13,262,27,235,-7,227,-7" /><INIT seed="5,0,0,2,5,129" ten="263,289,228,220" oya="1" hai0="131,93,5,108,10,44,65,89,3,55,38,118,56" hai1="122,2,109,21,91,15,53,79,88,48,123,112,1" hai2="18,29,134,132,111,14,25,110,60,116,41,7,39" hai3="84,80,135,107,54,72,87,125,4,8,43,45,76"/><U40/><E109/><N who="2" m="41483" /><F39/><W71/><G71/><T90/><D131/><U6/><E112/><V82/><F41/><W101/><G125/><T33/><D118/><U96/><E40/><V85/><F60/><W47/><G107/><T37/><D108/><U74/><E123/><V22/><F85/><W102/><G84/><T9/><D33/><U57/><E122/><V35/><F82/><W12/><G72/><T28/><D28/><U13/><E91/><V30/><F116/><W42/><G135/><N who="2" m="51753" /><F29/><W59/><G45/><T103/><D44/><U32/><E79/><V69/><F7/><W86/><G86/><T97/><D38/><U130/><E74/><V46/><F46/><W81/><G81/><T17/><D37/><U106/><E130/><V36/><F36/><W83/><G83/><T68/><D68/><AGARI ba="0,0" hai="14,18,22,25,30,35,68,69" m="51753,41483" machi="68" ten="30,7700,0" yaku="20,1,52,3" doraHai="129" who="2" fromWho="0" sc="263,-77,289,0,228,77,220,0" /><INIT seed="6,0,0,2,4,118" ten="186,289,305,220" oya="2" hai0="133,68,58,47,63,38,66,100,10,110,127,67,20" hai1="132,2,35,103,71,105,11,53,113,13,135,76,46" hai2="16,134,99,130,9,72,84,5,65,34,51,95,52" hai3="75,31,93,42,86,120,83,78,77,32,25,12,91"/><V102/><F72/><W7/><G77/><T104/><D110/><U59/><E113/><V28/><F130/><W85/><G42/><T89/><D127/><U131/><E131/><V62/><F134/><N who="1" m="51241" /><E71/><V39/><F39/><W122/><REACH who="3" step="1"/><G86/><REACH who="3" ten="186,289,305,210" step="2"/><T124/><D124/><U128/><E76/><V21/><F84/><W40/><G40/><T90/><D133/><U6/><E128/><V17/><F34/><W14/><G14/><T123/><D38/><U8/><E35/><V112/><F112/><W101/><G101/><T37/><D100/><U107/><E103/><V50/><F102/><W15/><G15/><T26/><D37/><U3/><E3/><V117/><F117/><W60/><G60/><T43/><D63/><N who="1" m="36335" /><E46/><V126/><F126/><W73/><G73/><T30/><D47/><U64/><E64/><V119/><F119/><W74/><G74/><T56/><D67/><U55/><E55/><V19/><F65/><W29/><G29/><T79/><D30/><U23/><E107/><V61/><F62/><W125/><G125/><T4/><D104/><U92/><E105/><V41/><F61/><W87/><G87/><T24/><D66/><U116/><E116/><V54/><F41/><W33/><G33/><T44/><D43/><U80/><E13/><N who="2" m="5295" /><F51/><W111/><G111/><T22/><D68/><U1/><E1/><V94/><F50/><W27/><G27/><T69/><D26/><U97/><E2/><V49/><F49/><W88/><G88/><T57/><D24/><U109/><E109/><V45/><F28/><W121/><G121/><T96/><D123/><RYUUKYOKU ba="0,1" sc="186,-10,289,-10,305,-10,210,30" hai3="7,12,25,31,32,75,78,83,85,91,93,120,122" /><INIT seed="7,1,1,1,5,113" ten="176,279,295,240" oya="3" hai0="57,131,123,73,34,132,32,117,40,0,49,80,72" hai1="9,130,70,52,38,45,111,74,65,33,41,76,35" hai2="77,83,78,108,125,21,59,102,28,37,61,55,53" hai3="121,110,66,127,44,86,109,46,105,68,69,116,17"/><W129/><G105/><T84/><D123/><U96/><E111/><N who="3" m="42506" /><G121/><T114/><D117/><U135/><E135/><V26/><F108/><W107/><G107/><T48/><D0/><U85/><E85/><N who="2" m="48367" /><F37/><W63/><G116/><T97/><D132/><U54/><E130/><V10/><F125/><W1/><G127/><T19/><D131/><U42/><E42/><V122/><F122/><W16/><G1/><T101/><D114/><U90/><E76/><V36/><F36/><W99/><G99/><T12/><D49/><U103/><E74/><V128/><F128/><W92/><G68/><T60/><D48/><U100/><E9/><V126/><F78/><W64/><G66/><T29/><D40/><U106/><E103/><V4/><F102/><W82/><G92/><T11/><D32/><U87/><E33/><V118/><F118/><W93/><G93/><T67/><D29/><U71/><E35/><V13/><F126/><W95/><G95/><T133/><D34/><U20/><E71/><V6/><F6/><W79/><G129/><T120/><D133/><U3/><E3/><V98/><F98/><W94/><G94/><T18/><D18/><AGARI ba="1,1" hai="16,17,18,44,46,63,64,69,79,82,86" m="42506" machi="18" ten="30,2900,0" yaku="10,1,54,1" doraHai="113" who="3" fromWho="0" sc="176,-32,279,0,295,0,240,42" /><INIT seed="7,2,0,2,3,0" ten="144,279,295,282" oya="3" hai0="14,53,132,47,112,15,101,18,57,88,117,9,68" hai1="93,126,114,6,96,22,75,54,108,130,59,129,105" hai2="99,17,78,60,32,8,11,70,86,111,50,21,46" hai3="80,2,128,42,20,115,95,135,91,44,90,106,131"/><W48/><G106/><T98/><D117/><U83/><E108/><V34/><F111/><W27/><G2/><T35/><D112/><U69/><E114/><V76/><F34/><W110/><G135/><T125/><D132/><U12/><E105/><V63/><F32/><W13/><G110/><T121/><D125/><U24/><E69/><V56/><F99/><W122/><G122/><T41/><D35/><U62/><E126/><V92/><F70/><W49/><G13/><T52/><D68/><U113/><E113/><V33/><F33/><W120/><G120/><T66/><D121/><U58/><E58/><V38/><F38/><N who="3" m="21591" /><G80/><T7/><D66/><U109/><E109/><V72/><F72/><W102/><G102/><T26/><D26/><U31/><E83/><N who="2" m="47463" /><F92/><W81/><G81/><T107/><D88/><N who="3" m="33833" /><G95/><T39/><REACH who="0" step="1"/><D57/><REACH who="0" ten="134,279,295,282" step="2"/><U3/><E75/><V73/><F73/><W77/><G115/><T4/><D4/><U16/><E6/><V67/><F78/><W100/><G77/><T89/><D89/><N who="1" m="55343" /><E3/><V94/><F56/><W37/><G100/><T10/><AGARI ba="2,1" hai="7,9,10,14,15,18,39,41,47,52,53,98,101,107" machi="10" ten="20,12000,2" yaku="1,1,0,1,7,1,52,1,54,1,53,2" doraHai="0" doraHaiUra="5" who="0" fromWho="0" sc="134,136,279,-32,295,-32,282,-62" /><INIT seed="8,0,0,5,4,34" ten="270,247,263,220" oya="0" hai0="25,110,122,31,132,8,55,114,32,19,56,85,70" hai1="49,12,30,93,120,58,124,130,22,62,131,5,35" hai2="42,129,27,45,37,101,97,75,40,102,83,59,90" hai3="134,61,117,71,18,87,0,39,36,51,112,53,108"/><T72/><D122/><U74/><E120/><V65/><F129/><W89/><G108/><T20/><D72/><U3/><E74/><V68/><F42/><W64/><G112/><T113/><D70/><U14/><E124/><V33/><F59/><W111/><G111/><T11/><D110/><U16/><E49/><V26/><F101/><W125/><G125/><T10/><D85/><U73/><E73/><V77/><F90/><W28/><G28/><T98/><D98/><U47/><E47/><V50/><F50/><W6/><G18/><T54/><D132/><U88/><E14/><V7/><F7/><W107/><G107/><T76/><D76/><U92/><E92/><V21/><F21/><W119/><G134/><T81/><D81/><U99/><E30/><V123/><F123/><W135/><G135/><T103/><D103/><U91/><E35/><V128/><F128/><W95/><G36/><T9/><N who="0" m="2560" /><DORA hai="126" /><T48/><REACH who="0" step="1"/><D55/><REACH who="0" ten="260,247,263,220" step="2"/><U66/><E131/><V94/><F68/><W17/><G0/><T121/><D121/><U80/><E130/><V100/><F100/><W105/><G6/><T67/><D67/><U104/><E5/><V24/><F65/><W43/><G105/><T29/><D29/><U13/><E104/><V52/><F52/><W38/><G17/><T60/><D60/><U82/><E3/><V41/><F41/><W109/><G109/><T69/><D69/><U79/><E79/><V4/><F4/><W106/><G106/><T127/><D127/><U44/><E82/><V115/><F115/><W63/><G43/><T84/><D84/><RYUUKYOKU ba="0,1" sc="260,15,247,-15,263,15,220,-15" hai0="19,20,25,31,32,48,54,56,113,114" hai2="24,26,27,33,37,40,45,75,77,83,94,97,102" /><INIT seed="8,1,1,2,1,74" ten="275,232,278,205" oya="0" hai0="107,49,89,93,38,22,119,10,96,28,83,27,105" hai1="43,67,97,86,25,16,132,68,100,116,7,98,17" hai2="15,110,103,59,5,52,70,121,104,73,21,51,65" hai3="134,130,19,4,123,82,94,72,41,78,0,48,18"/><T9/><D38/><U108/><E108/><V40/><F73/><W6/><G134/><T113/><D113/><U54/><E132/><V88/><F110/><W133/><G133/><T126/><D126/><U1/><E43/><V29/><F121/><W109/><G109/><T112/><D112/><U71/><E116/><V45/><F104/><W95/><G130/><T2/><D119/><U124/><E124/><V55/><F103/><W79/><G123/><T61/><D61/><U50/><E1/><V57/><F70/><W92/><G0/><T114/><D114/><U53/><E7/><N who="3" m="2602" /><G72/><T62/><D62/><U76/><E67/><V14/><F65/><W115/><G115/><T44/><D2/><U33/><E33/><V46/><F88/><W37/><G37/><T3/><D3/><U32/><E32/><V39/><F5/><W122/><G122/><T13/><D83/><N who="1" m="47463" /><E68/><V23/><F29/><W31/><G31/><T24/><D13/><N who="2" m="4618" /><F39/><W102/><G102/><T12/><D12/><U120/><E71/><V99/><F99/><N who="1" m="37897" /><E100/><V87/><F87/><N who="3" m="48599" /><G79/><T35/><D107/><U128/><E120/><V135/><F135/><W69/><G69/><T64/><D64/><U91/><E128/><V20/><F40/><W111/><G111/><T131/><D105/><U58/><E54/><V8/><F8/><W26/><G26/><T118/><D118/><U36/><E36/><V101/><F101/><W56/><G41/><N who="0" m="24719" /><D131/><U117/><E117/><V34/><F34/><W30/><G30/><N who="0" m="17687" /><D9/><U63/><E25/><V80/><F80/><W125/><G125/><T90/><D10/><RYUUKYOKU ba="1,1" sc="275,10,232,-30,278,10,205,10" hai0="27,28,35,89,90,93,96" hai2="20,21,23,45,46,51,52,55,57,59" hai3="18,19,48,56,92,94,95" /><INIT seed="8,2,1,5,1,43" ten="285,202,288,215" oya="0" hai0="115,87,54,7,116,111,110,37,53,127,120,29,90" hai1="84,109,70,108,49,113,72,130,22,83,34,18,81" hai2="119,59,97,88,68,73,63,71,11,57,3,55,0" hai3="107,131,122,92,85,35,39,93,61,79,91,112,31"/><T27/><D115/><U64/><E113/><V126/><F73/><W36/><G107/><T129/><D129/><U8/><E34/><V9/><F126/><W74/><G131/><T23/><D116/><U6/><E130/><V65/><F119/><W12/><G112/><T24/><D127/><U45/><E72/><V46/><F3/><W28/><G74/><T77/><D77/><U124/><E124/><V66/><F0/><W40/><G79/><T52/><D120/><U118/><E118/><V25/><F71/><W32/><G122/><T33/><D37/><U117/><E117/><V15/><F68/><W103/><G61/><T48/><D48/><U99/><E99/><V26/><F46/><W98/><G32/><T82/><REACH who="0" step="1"/><D7/><REACH who="0" ten="275,202,288,215" step="2"/><U125/><E125/><V13/><F63/><W78/><G36/><T105/><D105/><U100/><E49/><V86/><F59/><W20/><G39/><T14/><D14/><U89/><E70/><V94/><F15/><W5/><G12/><T51/><D51/><U106/><E6/><V80/><F13/><W69/><G5/><T133/><D133/><U134/><E134/><V102/><F11/><W75/><G69/><T128/><D128/><U4/><E4/><V47/><F9/><W96/><G78/><T50/><D50/><U67/><E8/><V38/><F38/><W17/><G40/><T60/><D60/><U58/><E58/><V62/><F47/><W56/><G56/><T114/><D114/><U95/><E45/><V104/><F104/><W101/><G75/><T16/><AGARI ba="2,2" hai="16,23,24,27,29,33,52,53,54,82,87,90,110,111" machi="16" ten="30,12000,1" yaku="1,1,0,1,54,2,53,1" doraHai="43" doraHaiUra="30" who="0" fromWho="0" sc="275,146,202,-42,288,-42,215,-42" owari="421,52.0,160,-34.0,246,5.0,173,-23.0" /></mjloggm>