<mjloggm ver="2.3"><GO type="169" lobby="0"/><UN n0="%E5%8C%97%E4%B9%9D%E5%B7%9E%E5%B8%82" n1="%E5%B0%B1%E6%B4%BB%E7%94%9F%40%E5%B7%9D%E6%9D%91%E8%BB%8D%E5%9B%A3" n2="%E2%80%A0%E3%81%BE%E3%83%BC%E5%9D%8A%E2%80%A0" n3="%E7%A2%BA%E8%AA%8D%E4%BA%8B%E9%A0%85" dan="17,18,17,17" rate="2199.75,2227.40,2139.73,2148.11" sx="M,M,M,M"/><TAIKYOKU oya="0"/><INIT seed="0,0,0,0,0,135" ten="250,250,250,250" oya="0" hai0="27,77,2,99,70,109,114,94,104,24,88,61,57" hai1="132,124,38,118,36,126,68,108,39,84,42,58,71" hai2="128,44,100,82,80,120,83,35,40,34,86,51,15" hai3="14,6,21,105,53,101,111,117,97,112,23,48,31"/><T49/><D114/><U32/><E32/><V113/><F120/><W20/><G117/><T45/><D70/><N who="1" m="26667" /><E84/><V66/><F113/><W121/><G112/><T19/><D2/><U89/><E89/><V56/><F128/><W52/><G121/><T5/><D5/><U130/><E130/><V3/><F3/><W106/><G111/><T85/><D109/><U10/><E10/><V47/><F100/><W50/><G106/><T76/><D104/><U28/><E28/><V98/><F98/><W93/><G105/><T81/><D76/><U22/><E22/><V92/><F35/><W64/><G64/><T33/><D33/><U91/><E91/><V122/><F34/><W127/><G31/><T54/><REACH who="0" step="1"/><D19/><REACH who="0" ten="240,250,250,250" step="2"/><U87/><E108/><V55/><F122/><W37/><G6/><T13/><D13/><U60/><E118/><V125/><F15/><W46/><G14/><T9/><D9/><U12/><E12/><V131/><F131/><W11/><G11/><T67/><AGARI ba="0,1" hai="24,27,45,49,54,57,61,67,77,81,85,88,94,99" machi="67" ten="20,12000,1" yaku="1,1,0,1,7,1,8,1,54,1,53,0" doraHai="135" doraHaiUra="96" who="0" fromWho="0" sc="240,130,250,-40,250,-40,250,-40" /><INIT seed="0,1,0,5,0,53" ten="370,210,210,210" oya="0" hai0="41,128,133,65,31,55,93,80,4,127,69,2,56" hai1="46,88,82,12,98,66,125,43,45,27,91,110,57" hai2="131,71,118,123,75,44,7,25,90,59,63,72,35" hai3="5,33,85,84,37,1,83,104,8,18,15,100,101"/><T124/><D31/><U20/><E110/><V108/><F123/><W48/><G37/><T30/><D30/><U109/><E109/><V13/><F108/><W105/><G33/><T67/><D80/><U40/><E125/><N who="0" m="48201" /><D93/><N who="1" m="56615" /><E12/><V52/><F71/><W113/><G113/><T36/><D4/><U22/><E91/><V6/><F131/><W107/><G84/><T10/><D10/><U95/><E95/><V3/><F3/><W122/><G122/><T74/><D2/><U38/><E38/><V28/><F118/><W17/><G17/><T130/><D74/><U11/><E11/><V132/><F132/><W26/><G26/><T19/><D19/><N who="1" m="12703" /><E82/><V135/><F135/><W73/><G73/><T9/><D9/><U129/><E22/><V89/><F72/><W99/><G1/><T92/><D92/><U42/><E129/><N who="0" m="49769" /><D133/><U116/><E116/><V111/><F75/><W81/><G5/><T120/><D120/><U68/><E68/><V34/><F34/><W94/><G94/><T54/><D69/><U117/><E117/><V97/><F111/><W115/><G8/><T121/><D121/><U103/><E103/><V70/><F70/><W39/><G101/><T134/><D134/><U86/><E86/><V62/><F35/><W50/><G85/><T32/><D32/><U64/><E64/><N who="0" m="24649" /><D36/><U23/><E23/><V102/><F6/><W29/><G39/><T51/><D41/><U61/><AGARI ba="1,0" hai="40,42,43,45,46,57,61,66" m="12703,56615" machi="61" ten="30,4000,0" yaku="8,1,52,1,54,1" doraHai="53" who="1" fromWho="1" sc="370,-21,210,43,210,-11,210,-11" /><INIT seed="1,0,0,5,4,96" ten="349,253,199,199" oya="1" hai0="43,31,111,35,124,120,90,68,38,40,109,32,117" hai1="60,28,23,8,100,44,104,85,3,52,84,6,99" hai2="81,130,88,121,125,42,22,82,97,114,80,71,135" hai3="41,64,101,0,107,56,89,70,25,39,69,93,12"/><U18/><E28/><V131/><F71/><W9/><G0/><T16/><D117/><U14/><REACH who="1" step="1"/><E44/><REACH who="1" ten="349,243,199,199" step="2"/><V73/><F130/><W133/><G133/><T98/><D31/><U116/><E116/><V128/><F131/><W55/><G69/><T34/><D68/><U7/><E7/><V21/><F128/><W113/><G70/><T49/><D120/><U45/><E45/><V103/><F121/><W126/><G113/><T10/><D109/><U134/><E134/><V4/><F114/><W110/><G110/><T29/><D111/><U66/><E66/><V51/><F135/><W78/><G64/><T87/><D29/><U62/><E62/><V106/><F4/><W94/><G126/><T48/><D124/><U92/><E92/><V65/><F65/><W5/><G93/><T30/><D30/><U36/><E36/><V76/><F125/><W33/><G39/><T17/><D38/><U127/><E127/><V95/><F51/><W115/><G115/><T102/><D48/><U47/><E47/><V53/><F81/><W123/><G123/><T59/><D49/><U112/><E112/><V15/><F82/><W72/><G94/><T2/><D43/><U74/><E74/><V20/><F42/><W63/><G41/><T19/><D40/><U75/><E75/><V13/><REACH who="2" step="1"/><F53/><REACH who="2" ten="349,243,189,199" step="2"/><N who="3" m="34191" /><G5/><T11/><D59/><AGARI ba="0,2" hai="3,6,8,14,18,23,52,59,60,84,85,99,100,104" machi="59" ten="40,7700,0" yaku="1,1,52,1,54,1,53,0" doraHai="96" doraHaiUra="86" who="1" fromWho="0" sc="349,-77,243,97,189,0,199,0" /><INIT seed="1,1,0,0,3,5" ten="272,340,189,199" oya="1" hai0="32,128,115,27,122,0,127,90,88,130,61,37,117" hai1="76,100,79,108,114,96,75,60,34,103,24,102,121" hai2="14,104,4,47,2,3,132,97,92,62,111,40,77" hai3="78,26,81,84,126,110,35,59,113,101,94,53,6"/><U44/><E121/><V68/><F104/><W109/><G113/><T119/><D37/><U31/><E114/><V25/><F111/><N who="3" m="42507" /><G126/><T20/><D115/><U73/><E108/><V69/><F132/><W89/><G101/><T9/><D122/><U107/><E44/><V8/><F77/><W22/><G35/><T54/><D32/><U123/><E123/><V28/><F68/><W112/><G6/><N who="0" m="1223" /><D127/><U42/><E42/><V30/><F62/><N who="3" m="36207" /><G112/><T124/><D124/><U18/><E18/><V16/><F69/><W64/><G64/><T67/><D54/><U82/><E60/><V21/><F2/><W135/><G135/><T93/><D61/><U29/><E29/><V71/><F3/><W86/><G22/><T58/><D58/><U74/><E74/><V125/><F71/><W66/><G66/><T99/><D90/><U72/><E75/><V10/><F125/><W120/><G120/><T85/><D67/><U41/><E41/><V129/><F129/><N who="0" m="49770" /><D99/><U49/><E49/><N who="2" m="26855" /><F10/><W52/><G52/><T70/><D70/><U11/><E11/><V12/><F25/><AGARI ba="1,0" hai="25,26,78,81,84,86,89,94" m="36207,42507" machi="25" ten="30,1000,0" yaku="14,1" doraHai="5" who="3" fromWho="2" sc="272,0,340,0,189,-13,199,13" /><INIT seed="2,0,0,4,0,64" ten="272,340,176,212" oya="2" hai0="92,19,23,29,5,58,117,15,81,20,18,44,13" hai1="21,102,86,120,105,78,69,14,112,12,33,131,56" hai2="77,133,100,4,67,98,62,22,111,96,118,82,53" hai3="28,103,124,26,104,126,30,9,31,95,16,72,108"/><V73/><F118/><W74/><G104/><T90/><D117/><U41/><E33/><V93/><F133/><W97/><G108/><T17/><D81/><U34/><E34/><V106/><F111/><W125/><REACH who="3" step="1"/><G26/><REACH who="3" ten="272,340,176,202" step="2"/><N who="0" m="16583" /><D44/><U113/><E120/><V43/><F4/><W91/><G91/><T47/><D47/><U107/><E41/><V119/><F43/><W94/><G94/><T38/><D38/><U52/><E131/><V79/><F119/><W42/><G42/><T59/><D90/><U61/><E105/><V89/><F79/><W84/><G84/><T49/><D92/><U101/><E107/><V71/><REACH who="2" step="1"/><F22/><REACH who="2" ten="272,340,166,202" step="2"/><W6/><G6/><T39/><D5/><U46/><E21/><V40/><F40/><W130/><G130/><T25/><D23/><U128/><E78/><V83/><F83/><W3/><G3/><T48/><D39/><U76/><E76/><V85/><F85/><W129/><G129/><T60/><D25/><U88/><E128/><V109/><F109/><W35/><G35/><T134/><D134/><U1/><E1/><V50/><F50/><W0/><G0/><T121/><D121/><U68/><E86/><V70/><F70/><W2/><G2/><T135/><D135/><U10/><E69/><V122/><F122/><W45/><G45/><T127/><D49/><U123/><E68/><V55/><AGARI ba="0,2" hai="53,55,62,67,71,73,77,82,89,93,96,98,100,106" machi="55" ten="30,6000,0" yaku="1,1,0,1,52,1,53,0" doraHai="64" doraHaiUra="11" who="2" fromWho="2" sc="272,-20,340,-20,166,80,202,-20" /><INIT seed="2,1,0,4,3,119" ten="252,320,246,182" oya="2" hai0="115,34,66,90,107,5,41,75,126,59,53,17,64" hai1="24,40,104,58,118,87,43,39,69,99,131,72,106" hai2="49,0,76,2,60,67,68,48,100,8,63,94,122" hai3="45,116,47,97,61,92,19,101,82,125,88,33,29"/><V117/><F117/><W11/><G116/><T31/><D115/><U73/><E118/><V12/><F122/><W30/><G125/><T7/><D126/><U38/><E131/><V84/><F63/><W128/><G128/><T16/><D75/><U70/><E24/><V80/><F2/><W91/><G61/><T110/><D110/><U35/><E87/><V96/><REACH who="2" step="1"/><F0/><REACH who="2" ten="252,320,236,182" step="2"/><W46/><G33/><T26/><D66/><U4/><E35/><V78/><F78/><W81/><G82/><T21/><D64/><U103/><E70/><V22/><F22/><W133/><G133/><T130/><D21/><U6/><E69/><V98/><F98/><W83/><G83/><T15/><D130/><U123/><E123/><V54/><F54/><W51/><G51/><T52/><D53/><U129/><E129/><V134/><F134/><W127/><G127/><T42/><D52/><U95/><E99/><V56/><F56/><W14/><REACH who="3" step="1"/><G81/><REACH who="3" ten="252,320,236,172" step="2"/><T36/><D36/><U105/><E39/><V1/><F1/><W28/><AGARI ba="1,2" hai="11,14,19,28,29,30,45,46,47,88,91,92,97,101" machi="28" ten="30,12000,2" yaku="1,1,2,1,0,1,8,1,54,1,53,1" doraHai="119" doraHaiUra="93" who="3" fromWho="3" sc="252,-31,320,-31,236,-61,172,143" /><INIT seed="3,0,0,3,3,129" ten="221,289,175,315" oya="3" hai0="16,102,75,4,95,100,107,36,5,74,20,92,25" hai1="56,71,117,17,21,22,35,72,63,34,43,49,47" hai2="11,8,37,59,54,88,55,13,66,81,85,116,10" hai3="119,99,121,26,82,104,127,40,50,60,46,101,0"/><W122/><G119/><T38/><D20/><U113/><E72/><V18/><F37/><W120/><G127/><T62/><D62/><U58/><E113/><V69/><F116/><W110/><G0/><T1/><D1/><U111/><E111/><V12/><F69/><W14/><G110/><T98/><D25/><U126/><E126/><V109/><F109/><W93/><G82/><T39/><D39/><U133/><E117/><V97/><F97/><W96/><G14/><T68/><D68/><U52/><E71/><V130/><F130/><W76/><G76/><T131/><D98/><U53/><E133/><V79/><F79/><W125/><G125/><T44/><D44/><U118/><E22/><V23/><REACH who="2" step="1"/><F13/><REACH who="2" ten="221,289,165,315" step="2"/><W30/><G96/><T90/><D131/><U45/><E118/><V115/><F115/><W31/><G99/><T135/><D107/><U86/><E86/><V132/><F132/><W103/><G104/><T42/><D90/><U70/><E70/><V128/><F128/><W6/><G122/><T80/><D135/><U87/><E87/><V83/><F83/><W84/><G84/><T106/><D106/><U108/><E108/><V3/><F3/><W32/><G121/><T89/><D80/><U28/><E35/><V112/><F112/><W105/><G32/><T27/><D89/><U19/><E34/><V64/><F64/><W65/><G65/><T77/><D77/><U94/><E94/><V51/><F51/><W114/><G93/><T24/><D42/><U9/><E43/><V15/><F15/><W124/><G40/><T91/><D91/><RYUUKYOKU ba="0,1" sc="221,15,289,-15,165,15,315,-15" hai0="4,5,16,24,27,36,38,74,75,92,95,100,102" hai2="8,10,11,12,18,23,54,55,59,66,81,85,88" /><INIT seed="4,1,1,1,1,117" ten="236,274,180,300" oya="0" hai0="5,8,35,110,113,102,116,43,131,114,74,99,85" hai1="69,60,13,95,106,124,51,6,9,25,42,39,2" hai2="111,11,1,15,4,70,128,130,29,92,135,108,80" hai3="91,31,65,46,104,76,63,122,52,21,73,94,75"/><T24/><D116/><U100/><E106/><V96/><F70/><W125/><G104/><T58/><D74/><U87/><E39/><V97/><F135/><W41/><G76/><T45/><D131/><N who="2" m="50218" /><F29/><W82/><G82/><T64/><D110/><N who="2" m="42026" /><F80/><W44/><G44/><T66/><D85/><U118/><E118/><V112/><F112/><N who="0" m="43114" /><D58/><U134/><E134/><V57/><F57/><W62/><G75/><T12/><D24/><U20/><E2/><V101/><F96/><W90/><G73/><T103/><D35/><U32/><E32/><V53/><F53/><W84/><G84/><T49/><D102/><U10/><E69/><V105/><F1/><W0/><G0/><T26/><D26/><U78/><E60/><V67/><F67/><W98/><G65/><T93/><AGARI ba="1,1" hai="5,8,12,43,45,49,64,66,93,99,103" m="43114" machi="93" ten="30,1500,0" yaku="15,1" doraHai="117" who="0" fromWho="0" sc="236,28,274,-6,180,-6,300,-6" /><INIT seed="4,2,0,0,0,123" ten="264,268,174,294" oya="0" hai0="109,112,67,27,9,73,68,119,51,130,62,10,24" hai1="59,43,25,63,111,120,6,26,97,30,75,0,47" hai2="31,1,41,19,131,133,54,2,17,72,124,79,60" hai3="74,37,105,134,101,71,87,44,86,83,8,50,94"/><T35/><D119/><U125/><E120/><V85/><F72/><W99/><G71/><T82/><D130/><U4/><E125/><V110/><F131/><W116/><G116/><T58/><D112/><U16/><E75/><V28/><F124/><W56/><G56/><T11/><D35/><U135/><E135/><V38/><F38/><W117/><G117/><T61/><D51/><U33/><E97/><V84/><F41/><W95/><G134/><T106/><D106/><U89/><E89/><V107/><F54/><W76/><G94/><T29/><D29/><U80/><E80/><V118/><F118/><W129/><G129/><T102/><D102/><U34/><E111/><V108/><F79/><W93/><G93/><T53/><REACH who="0" step="1"/><D109/><REACH who="0" ten="254,268,174,294" step="2"/><U3/><E33/><V36/><F36/><W39/><G105/><T132/><D132/><U48/><E34/><V23/><F133/><W122/><G39/><T126/><D126/><U70/><E30/><V115/><F107/><W113/><G113/><T65/><D65/><U64/><E48/><V66/><F66/><W121/><G37/><T127/><D127/><U15/><E64/><V32/><F32/><W42/><G122/><T49/><D49/><U5/><E43/><V98/><F115/><W55/><G121/><T81/><D81/><U78/><E47/><V18/><F108/><W22/><G42/><T114/><D114/><U88/><E63/><V128/><F110/><W57/><G44/><T46/><D46/><U104/><E104/><V13/><F128/><W12/><G50/><T52/><D52/><U77/><E70/><RYUUKYOKU ba="2,1" sc="254,30,268,-10,174,-10,294,-10" hai0="9,10,11,24,27,53,58,61,62,67,68,73,82" /><INIT seed="4,3,1,4,0,129" ten="284,258,164,284" oya="0" hai0="126,7,20,34,17,89,132,51,11,33,109,104,44" hai1="36,53,108,9,24,77,99,122,5,124,81,66,82" hai2="8,62,37,115,39,57,114,112,35,113,49,30,85" hai3="28,12,25,19,94,93,83,86,87,41,47,101,116"/><T56/><D126/><U133/><E108/><V63/><N who="2" m="28672" /><DORA hai="135" /><V42/><F35/><W121/><G116/><T69/><D69/><U107/><E36/><N who="2" m="13899" /><F30/><W45/><G101/><T96/><D132/><U59/><E122/><V18/><F85/><W16/><G121/><T0/><D109/><U97/><E133/><V84/><F84/><W134/><G134/><T60/><D104/><U125/><E66/><V14/><F57/><W127/><G28/><T120/><D120/><U111/><E24/><V32/><F32/><W40/><G25/><T75/><D75/><U21/><E21/><V91/><F91/><W54/><G83/><T117/><D117/><U10/><E111/><V131/><F131/><W31/><G31/><T100/><D100/><U80/><E77/><V2/><F2/><W13/><G54/><T29/><D29/><U79/><E79/><V73/><F73/><W15/><G15/><T27/><D51/><U72/><E72/><V128/><F128/><W130/><G130/><T123/><D123/><U95/><E53/><V26/><F26/><W46/><G46/><AGARI ba="3,1" hai="8,14,18,42,46,49,62,63" m="13899,28672" machi="46" ten="60,2000,0" yaku="15,1" doraHai="129,135" who="2" fromWho="3" sc="284,0,258,0,164,39,284,-29" /><INIT seed="5,0,0,5,3,8" ten="284,258,203,255" oya="1" hai0="23,70,61,73,76,110,87,79,16,15,10,75,105" hai1="0,118,28,131,68,80,13,20,90,103,57,123,109" hai2="55,49,126,84,115,89,22,74,121,7,129,27,2" hai3="96,135,9,19,112,82,1,50,35,14,42,101,86"/><U59/><E0/><V62/><F74/><W63/><G112/><T98/><D110/><U4/><E68/><V104/><F121/><W43/><G35/><T51/><D51/><U56/><E109/><V18/><F126/><W114/><G114/><T124/><D124/><U127/><E123/><V95/><F129/><W38/><G38/><T34/><D34/><U119/><E127/><V102/><F115/><W30/><G135/><T17/><D105/><U113/><E113/><V97/><F2/><W122/><G122/><T108/><D108/><U26/><E131/><V11/><F7/><W31/><G63/><T107/><D107/><U29/><E103/><V47/><F11/><W36/><G36/><T128/><D128/><U58/><E29/><N who="3" m="10762" /><G50/><T46/><D98/><U94/><E80/><V85/><REACH who="2" step="1"/><F62/><REACH who="2" ten="284,258,193,255" step="2"/><W54/><G9/><T12/><D75/><U120/><E120/><V99/><AGARI ba="0,1" hai="18,22,27,47,49,55,84,85,89,95,97,99,102,104" machi="99" ten="20,5200,0" yaku="1,1,2,1,0,1,7,1,53,0" doraHai="8" doraHaiUra="53" who="2" fromWho="2" sc="284,-13,258,-26,193,62,255,-13" /><INIT seed="6,0,0,3,2,31" ten="271,232,255,242" oya="2" hai0="88,40,51,67,8,129,103,45,38,1,100,9,80" hai1="90,41,13,99,75,60,36,132,24,16,102,79,3" hai2="65,101,135,123,130,133,34,23,94,52,72,131,121" hai3="83,91,15,61,58,64,108,10,19,30,126,74,25"/><V55/><F72/><W98/><G126/><T76/><D129/><N who="2" m="49162" /><F65/><W115/><G108/><T125/><D125/><U27/><E3/><V11/><F23/><W128/><G128/><T17/><D38/><U119/><E119/><V69/><F69/><W124/><G124/><T77/><D1/><U6/><E6/><V68/><F68/><W122/><G122/><N who="2" m="46601" /><F11/><N who="0" m="4170" /><D67/><U7/><E7/><V95/><F34/><W110/><G110/><T2/><D2/><U78/><E132/><N who="2" m="50763" /><F101/><N who="0" m="38986" /><D17/><U104/><E27/><V37/><F37/><W109/><G25/><T29/><D29/><U82/><E24/><V117/><F117/><W118/><G30/><T116/><D116/><U12/><E36/><V63/><F63/><W46/><G61/><T112/><D51/><U44/><E60/><V114/><F114/><W57/><G115/><T4/><D112/><U85/><E102/><V120/><F120/><W0/><G74/><T96/><D4/><U81/><E75/><V48/><F55/><W134/><G64/><T47/><D45/><AGARI ba="0,0" hai="45,48,52,94,95" m="50763,46601,49162" machi="45" ten="40,7700,0" yaku="19,1,20,1,54,1" doraHai="31" who="2" fromWho="0" sc="271,-77,232,0,255,77,242,0" /><INIT seed="6,1,0,3,4,46" ten="194,232,332,242" oya="2" hai0="107,112,45,35,30,13,44,98,99,77,57,119,85" hai1="38,11,53,48,97,12,130,117,16,111,3,110,135" hai2="74,103,102,50,52,115,19,34,79,15,22,125,88" hai3="104,51,10,93,83,20,121,114,100,129,66,14,76"/><V124/><F115/><W60/><G121/><T2/><D2/><U87/><E117/><V106/><F34/><W86/><G114/><T92/><D112/><U101/><E38/><V105/><F79/><W55/><G104/><N who="2" m="40041" /><F88/><W6/><G129/><T67/><D119/><U118/><E118/><V0/><F74/><W81/><G20/><T78/><D107/><U82/><E130/><V91/><F91/><W80/><G93/><T26/><D13/><U32/><E32/><V71/><F71/><W37/><G100/><T58/><D98/><U65/><E3/><V59/><F0/><W29/><G29/><T94/><D94/><U127/><E65/><V42/><F42/><W123/><G37/><T17/><D17/><U4/><E4/><V109/><F109/><W73/><G123/><T1/><D1/><U84/><E127/><AGARI ba="1,0" hai="15,19,22,50,52,59,102,103,124,125,127" m="40041" machi="127" ten="30,5800,0" yaku="18,1,52,1,54,1" doraHai="46" who="2" fromWho="1" sc="194,0,232,-61,332,61,242,0" /><INIT seed="6,2,0,3,1,16" ten="194,171,393,242" oya="2" hai0="77,96,55,99,12,78,49,122,118,97,33,50,4" hai1="84,42,17,133,52,134,31,14,93,119,120,15,130" hai2="75,28,123,68,6,85,26,53,56,80,127,107,112" hai3="87,27,121,19,113,36,11,46,57,51,25,20,38"/><V48/><F107/><W37/><G121/><T129/><D122/><U23/><E119/><V101/><F68/><W115/><G11/><N who="0" m="4199" /><D33/><U90/><E120/><V72/><F101/><W1/><G1/><T64/><D118/><U69/><E69/><V10/><F112/><N who="3" m="43083" /><G87/><T108/><D108/><U58/><E130/><V132/><F127/><W100/><G100/><T41/><D129/><U62/><E42/><V61/><F132/><N who="1" m="50793" /><E31/><V71/><F123/><W29/><G57/><N who="0" m="33007" /><D64/><U43/><E43/><V22/><F71/><W106/><G106/><T54/><D41/><U44/><E44/><AGARI ba="2,0" hai="44,50,54,77,78,96,97,99" m="33007,4199" machi="44" ten="30,1000,0" yaku="8,1" doraHai="16" who="0" fromWho="1" sc="194,16,171,-16,393,0,242,0" /><INIT seed="7,0,0,3,5,25" ten="210,155,393,242" oya="3" hai0="27,55,23,80,91,128,19,129,6,78,89,15,123" hai1="103,102,33,76,39,97,130,75,16,2,9,26,133" hai2="100,48,114,117,92,35,70,74,95,71,79,93,22" hai3="64,125,94,118,126,67,121,69,20,40,72,56,57"/><W83/><G83/><T112/><D123/><U99/><E133/><V135/><F35/><W32/><G32/><T108/><D108/><U1/><E130/><N who="0" m="50281" /><D112/><U31/><E39/><V132/><F79/><W10/><G72/><N who="0" m="43079" /><D55/><U68/><E68/><V52/><F74/><W43/><G94/><T3/><D3/><U42/><E42/><V60/><F100/><W13/><G121/><T107/><D107/><U119/><E119/><V8/><F117/><W131/><G131/><T101/><D101/><U49/><E49/><V104/><F104/><W34/><G118/><T111/><D111/><U0/><E76/><V41/><F95/><W134/><G43/><T28/><D6/><U45/><E45/><V66/><F93/><W98/><G40/><T47/><D47/><U82/><E82/><V77/><F92/><W106/><G106/><T17/><D17/><U46/><E46/><V116/><F41/><W96/><G134/><T29/><D29/><U115/><E115/><V113/><F116/><W24/><G96/><T124/><D124/><U85/><E85/><V63/><F135/><W84/><G84/><T21/><AGARI ba="0,0" hai="15,19,21,23,27,28,89,91" m="43079,50281" machi="21" ten="30,2000,0" yaku="19,1,52,1" doraHai="25" who="0" fromWho="0" sc="210,20,155,-5,393,-5,242,-10" owari="230,-17.0,150,-35.0,388,49.0,232,3.0" /></mjloggm>