<mjloggm ver="2.3"><GO type="169" lobby="0"/><UN n0="%E3%82%AB%E3%83%95%E3%82%A7%E3%83%AC%E3%82%AA" n1="%E9%81%8A%E8%B5%B0" n2="%E3%82%A6%E3%83%AB%E3%83%88%E3%83%A9%E7%AB%8B%E7%9B%B4" n3="%67%75%73%68" dan="16,18,18,16" rate="2135.73,2245.17,2192.35,2113.61" sx="M,F,M,M"/><TAIKYOKU oya="0"/><INIT seed="0,0,0,4,4,16" ten="250,250,250,250" oya="0" hai0="42,72,116,78,77,91,100,34,12,46,11,24,3" hai1="62,97,45,36,84,52,107,132,2,55,22,70,14" hai2="68,122,134,1,9,99,108,27,43,105,10,67,41" hai3="58,101,118,98,23,76,65,71,6,35,59,129,87"/><T81/><D116/><U111/><E2/><V123/><F134/><W79/><G35/><T73/><D100/><U135/><E111/><V28/><F43/><W31/><G71/><T69/><D69/><U57/><E70/><V88/><F108/><W85/><G118/><T104/><D104/><U114/><E114/><V17/><F41/><W53/><G6/><T40/><D3/><U38/><E84/><V109/><F109/><W125/><G65/><T82/><D91/><U92/><E107/><V113/><F113/><W21/><G125/><T20/><D34/><U5/><E55/><V0/><F17/><W15/><G129/><T47/><D42/><U90/><E45/><V80/><F10/><W7/><G7/><T133/><D40/><U61/><E61/><N who="2" m="40047" /><F9/><W25/><G85/><T50/><D50/><U64/><E64/><V110/><F110/><W63/><G58/><T51/><D51/><U56/><E56/><V75/><F0/><W26/><G15/><T37/><D37/><U117/><E117/><V33/><F1/><W19/><G87/><T130/><D133/><N who="1" m="51275" /><E5/><V103/><F75/><W120/><G120/><T94/><D130/><U128/><E128/><V102/><F102/><W4/><G4/><T44/><D44/><U13/><E13/><V106/><F106/><AGARI ba="0,0" hai="19,21,23,25,26,31,53,59,63,76,79,98,101,106" machi="106" ten="30,3900,0" yaku="7,1,52,2" doraHai="16" who="3" fromWho="2" sc="250,0,250,0,250,-39,250,39" /><INIT seed="1,0,0,4,0,71" ten="250,250,211,289" oya="1" hai0="134,59,61,85,93,105,33,28,55,118,78,116,90" hai1="91,109,92,49,100,99,27,69,53,123,48,23,10" hai2="42,29,81,56,79,35,54,87,131,97,103,96,106" hai3="3,135,98,26,45,12,68,76,120,84,111,31,70"/><U112/><E123/><V66/><F131/><W101/><G3/><T44/><D105/><U7/><E112/><V21/><F42/><W38/><G120/><T126/><D134/><U52/><E69/><V19/><F66/><W72/><G72/><T0/><D126/><U18/><E109/><V80/><F35/><W15/><G111/><T119/><D0/><U60/><E100/><V16/><F97/><W24/><G135/><T9/><D9/><U129/><E129/><V121/><F121/><W8/><G76/><T86/><D44/><U94/><E94/><V77/><F29/><W114/><G84/><T36/><D36/><U47/><E60/><V22/><F21/><W82/><G82/><T1/><D1/><U41/><REACH who="1" step="1"/><E48/><REACH who="1" ten="250,240,211,289" step="2"/><V88/><F81/><W65/><G68/><T13/><D118/><U95/><E95/><V117/><F117/><W17/><G70/><T110/><D110/><U108/><E108/><V102/><F102/><W63/><G101/><T14/><D116/><U37/><E37/><V57/><F103/><W34/><G63/><T51/><D61/><U5/><E5/><V133/><F133/><W30/><G38/><T6/><D6/><U107/><E107/><V127/><F106/><W4/><G114/><T122/><D119/><U50/><E50/><V39/><F39/><W40/><G4/><T25/><D122/><U124/><E124/><V58/><F127/><W89/><G34/><T46/><D33/><U62/><E62/><V32/><F32/><W125/><G125/><T128/><D128/><U130/><E130/><V74/><F80/><RYUUKYOKU ba="0,1" sc="250,-10,240,30,211,-10,289,-10" hai1="7,10,18,23,27,41,47,49,52,53,91,92,99" /><INIT seed="1,1,1,3,5,8" ten="240,270,201,279" oya="1" hai0="75,118,67,52,116,22,108,64,42,4,129,115,117" hai1="1,92,6,132,59,60,96,113,9,14,101,50,120" hai2="91,61,49,78,58,124,130,104,93,97,40,88,71" hai3="100,85,102,25,103,48,73,84,24,83,15,36,18"/><U2/><E120/><V77/><F124/><W45/><G36/><T122/><D75/><U70/><E113/><V125/><F125/><W65/><G65/><T23/><D115/><U87/><E132/><V133/><F133/><W17/><G73/><T123/><D4/><U30/><E70/><V90/><F104/><W55/><G18/><T28/><D42/><U134/><E134/><V62/><F130/><W51/><G51/><T82/><D82/><U80/><E50/><V7/><F7/><W39/><G39/><T21/><D28/><U76/><REACH who="1" step="1"/><E30/><REACH who="1" ten="240,260,201,279" step="2"/><V29/><F29/><W44/><G45/><T128/><D122/><U131/><E131/><V107/><F71/><W32/><G32/><T34/><D123/><U5/><E5/><V31/><F31/><W72/><G72/><T19/><D34/><U26/><E26/><V112/><F112/><W94/><G25/><T110/><D128/><U54/><AGARI ba="1,2" hai="1,2,6,9,14,54,59,60,76,80,87,92,96,101" machi="54" ten="20,7800,0" yaku="1,1,0,1,7,1,52,1,53,0" doraHai="8" doraHaiUra="37" who="1" fromWho="1" sc="240,-27,260,101,201,-27,279,-27" /><INIT seed="1,2,0,3,0,124" ten="213,361,174,252" oya="1" hai0="8,110,5,57,24,18,104,10,16,80,15,28,31" hai1="56,118,69,96,74,71,70,95,75,94,65,85,106" hai2="114,42,90,128,101,88,84,112,78,47,67,23,76" hai3="115,54,33,91,22,129,1,12,3,108,107,17,19"/><U59/><E118/><V68/><F101/><W120/><G107/><T11/><D57/><U53/><E65/><V6/><F6/><W44/><G120/><T73/><D80/><U134/><E134/><V36/><F90/><W62/><G115/><N who="2" m="44073" /><F23/><W46/><G33/><N who="0" m="20615" /><D104/><U132/><E132/><V133/><F133/><W49/><G62/><T98/><D98/><U32/><E32/><V77/><F67/><W50/><G91/><T43/><D43/><U35/><E35/><V97/><F97/><W79/><G79/><T102/><D102/><U61/><E106/><V82/><F68/><W117/><G117/><T93/><D93/><U27/><E27/><V99/><F99/><W119/><G119/><T111/><D73/><U52/><E85/><V13/><F13/><W116/><G116/><T45/><D31/><U123/><E123/><V89/><F89/><W9/><G12/><N who="0" m="7199" /><D45/><U122/><E122/><V34/><F34/><W130/><G54/><N who="1" m="21098" /><E61/><V25/><F25/><W7/><G44/><T48/><D48/><U0/><E96/><V72/><F72/><N who="1" m="27689" /><E0/><AGARI ba="2,0" hai="0,5,8,10,15,18,110,111" m="7199,20615" machi="0" ten="30,3900,0" yaku="34,2,54,1" doraHai="124" who="0" fromWho="1" sc="213,45,361,-45,174,0,252,0" /><INIT seed="2,0,0,2,1,44" ten="258,316,174,252" oya="2" hai0="108,81,72,134,96,101,8,110,131,34,79,84,116" hai1="95,92,124,133,109,53,76,132,6,118,27,111,11" hai2="32,46,123,57,78,51,117,7,19,20,75,122,41" hai3="30,70,103,40,128,94,126,66,38,87,13,60,113"/><V39/><F32/><W71/><G128/><T135/><D34/><U5/><E118/><V55/><F117/><W4/><G126/><T47/><D8/><U119/><E119/><V91/><F7/><N who="1" m="2569" /><E124/><V21/><F78/><W85/><G113/><T10/><D116/><U31/><E76/><V49/><F75/><W3/><G3/><T112/><D112/><U48/><E11/><V120/><F91/><W36/><G30/><T29/><D10/><U115/><E115/><V18/><REACH who="2" step="1"/><F39/><REACH who="2" ten="258,316,164,252" step="2"/><W130/><G38/><T64/><D72/><U59/><E133/><V63/><F63/><W129/><G36/><T12/><D134/><U35/><E132/><V105/><F105/><W97/><G60/><T86/><D79/><U33/><E33/><V56/><F56/><W114/><G114/><T24/><D135/><U26/><E92/><V45/><F45/><W74/><G94/><T89/><D47/><U0/><E95/><V77/><F77/><W73/><G74/><T22/><D131/><U102/><E35/><V58/><F58/><W61/><G73/><T69/><D69/><U37/><E59/><V1/><F1/><W9/><G70/><T107/><D107/><U80/><E37/><V83/><F83/><W100/><G130/><T93/><D81/><U67/><E0/><V62/><F62/><W65/><G129/><T16/><D93/><U121/><E80/><V15/><F15/><W90/><G65/><T125/><D64/><U99/><E67/><V28/><F28/><W82/><G82/><N who="0" m="49303" /><D29/><U106/><E31/><V25/><F25/><N who="1" m="9225" /><E121/><V23/><AGARI ba="0,1" hai="18,19,20,21,23,41,46,49,51,55,57,120,122,123" machi="23" ten="40,12000,1" yaku="1,1,5,1,0,1,52,2,53,0" doraHai="44" doraHaiUra="98" who="2" fromWho="2" sc="258,-40,316,-40,164,130,252,-40" /><INIT seed="2,1,0,2,1,69" ten="218,276,294,212" oya="2" hai0="62,27,104,9,115,111,41,4,19,73,32,52,97" hai1="77,56,38,37,114,99,49,108,89,13,46,10,132" hai2="45,48,23,80,55,18,63,82,34,93,28,83,87" hai3="96,121,103,95,91,75,120,61,8,16,31,1,11"/><V53/><F34/><W64/><G75/><T116/><D115/><U122/><E114/><V134/><F134/><W58/><G31/><T2/><D73/><U47/><E122/><V14/><F28/><W5/><REACH who="3" step="1"/><G103/><REACH who="3" ten="218,276,294,202" step="2"/><T79/><D116/><U129/><E132/><V66/><F93/><W133/><G133/><T125/><D125/><U76/><E129/><V21/><F21/><W135/><G135/><T59/><D32/><U106/><E106/><V35/><F35/><W50/><G50/><T71/><D104/><U65/><E49/><V126/><F126/><W30/><G30/><T118/><D118/><U102/><E102/><V86/><REACH who="2" step="1"/><F55/><REACH who="2" ten="218,276,284,202" step="2"/><W105/><G105/><T119/><D52/><U40/><E10/><V0/><F0/><W107/><G107/><T67/><D9/><U123/><E123/><V42/><F42/><W113/><G113/><T44/><D41/><U124/><E124/><V130/><F130/><W110/><G110/><T78/><D2/><U6/><E108/><V88/><F88/><W101/><G101/><T117/><D111/><U70/><E89/><V39/><F39/><W43/><G43/><T109/><D109/><U68/><E37/><V100/><F100/><W94/><G94/><T26/><D119/><U54/><E54/><V128/><F128/><W51/><G51/><T85/><D117/><U98/><E38/><V20/><F20/><W36/><G36/><T84/><D78/><U33/><E40/><V127/><F127/><W22/><G22/><T12/><D79/><U60/><E77/><V7/><F7/><W25/><G25/><RYUUKYOKU ba="1,2" sc="218,-15,276,-15,284,15,202,15" hai2="14,18,23,45,48,53,63,66,80,82,83,86,87" hai3="1,5,8,11,16,58,61,64,91,95,96,120,121" /><INIT seed="2,2,2,5,2,41" ten="203,261,299,217" oya="2" hai0="120,11,100,82,64,110,43,70,13,38,62,75,52" hai1="67,56,130,112,116,7,99,109,88,78,119,46,114" hai2="1,83,6,68,86,5,19,132,22,97,115,108,135" hai3="37,57,30,71,89,102,73,118,35,9,15,72,65"/><V127/><F68/><W87/><G71/><T24/><D120/><U58/><E7/><V74/><F74/><W95/><G118/><N who="1" m="45098" /><E78/><V28/><F28/><W66/><G37/><T49/><D100/><U23/><E23/><V133/><F115/><N who="1" m="44073" /><E88/><N who="2" m="51295" /><F1/><W29/><G102/><T4/><D24/><U33/><E99/><V77/><F77/><W103/><G103/><T17/><D82/><U26/><E26/><N who="2" m="14687" /><F127/><W21/><G35/><T47/><D75/><U54/><E33/><V8/><F8/><W45/><G72/><T51/><D11/><U128/><E109/><V2/><F2/><W134/><G73/><T27/><D110/><U129/><E67/><V96/><F108/><W55/><G29/><T104/><D104/><U124/><E124/><V117/><F117/><W91/><G30/><T122/><D64/><U101/><E101/><V25/><F25/><W61/><G66/><T113/><D27/><U69/><E69/><V106/><F106/><W53/><G65/><T125/><D113/><U34/><E34/><V123/><F123/><W0/><G0/><T39/><D122/><U60/><E60/><V16/><F16/><N who="3" m="8303" /><G21/><T76/><D125/><U105/><E105/><V84/><F84/><W93/><G87/><T126/><D126/><U80/><E80/><V44/><F97/><W90/><G134/><T18/><D70/><U32/><E32/><V59/><F96/><W81/><G81/><T121/><D121/><U20/><E20/><V111/><F111/><W85/><G85/><T3/><D3/><U63/><E63/><V12/><F135/><W50/><AGARI ba="2,2" hai="45,50,53,55,57,61,89,90,91,93,95" m="8303" machi="50" ten="30,7900,0" yaku="5,1,8,1,52,1,54,1" doraHai="41" who="3" fromWho="3" sc="203,-22,261,-22,299,-41,217,105" /><INIT seed="3,0,0,3,3,72" ten="181,239,258,322" oya="3" hai0="15,109,51,46,75,19,74,6,53,93,132,88,47" hai1="80,102,29,85,44,2,107,37,34,18,4,30,26" hai2="56,12,79,24,108,116,133,95,25,3,83,91,118" hai3="5,65,60,10,7,21,11,103,94,127,121,57,48"/><W9/><G121/><T59/><D109/><U81/><E29/><V131/><F3/><W22/><G127/><T113/><D132/><U114/><E114/><V130/><F12/><W67/><G67/><T101/><D113/><U117/><E117/><N who="2" m="45163" /><F56/><W64/><G64/><T38/><D6/><N who="3" m="2057" /><G48/><T32/><D32/><U35/><E35/><V110/><F24/><W78/><G78/><T98/><D101/><U13/><E107/><V54/><F25/><W134/><G134/><T20/><D38/><U124/><E102/><V106/><F54/><W86/><G103/><T16/><REACH who="0" step="1"/><D19/><REACH who="0" ten="171,239,258,322" step="2"/><U31/><E34/><V52/><F133/><W120/><G120/><T87/><D87/><U90/><E4/><V115/><F115/><W23/><G86/><T41/><D41/><U27/><E2/><V0/><F0/><W8/><N who="3" m="2560" /><DORA hai="63" /><W135/><G135/><T119/><D119/><U33/><E33/><V77/><F110/><W126/><G126/><T84/><D84/><U43/><E124/><V82/><F108/><W76/><G94/><T39/><D39/><U111/><E111/><V92/><F106/><W1/><G1/><T14/><D14/><U99/><E31/><V122/><F95/><W97/><G97/><T129/><D129/><U50/><E30/><V128/><F122/><W55/><G76/><N who="2" m="29257" /><F52/><W66/><AGARI ba="0,1" hai="21,22,23,55,57,60,65,66" m="2560,2057" machi="66" ten="50,9600,0" yaku="8,1,52,2" doraHai="72,63" who="3" fromWho="3" sc="171,-32,239,-32,258,-32,322,106" /><INIT seed="3,1,0,2,5,80" ten="139,207,226,428" oya="3" hai0="77,121,99,64,62,41,8,30,102,17,48,36,7" hai1="68,38,73,13,95,9,66,74,1,33,50,0,86" hai2="135,106,49,24,118,89,23,122,61,57,109,51,59" hai3="72,113,14,131,31,126,93,19,81,37,25,55,20"/><W34/><G37/><T22/><D121/><U116/><E33/><V134/><F106/><W44/><G113/><T2/><D36/><U108/><E38/><V133/><F118/><W90/><G126/><T127/><D127/><U53/><E116/><V70/><F122/><W117/><G117/><T45/><D77/><U94/><E108/><V132/><N who="2" m="33792" /><DORA hai="112" /><V76/><F76/><W97/><G131/><T79/><D79/><U107/><E107/><V123/><F109/><W16/><G19/><T98/><D30/><U120/><E120/><V124/><F124/><W114/><G114/><T69/><REACH who="0" step="1"/><D102/><REACH who="0" ten="129,207,226,428" step="2"/><U10/><E73/><V88/><F123/><W35/><G31/><T84/><D84/><U6/><E74/><V12/><F70/><W110/><G72/><T4/><D4/><U100/><E100/><V27/><F59/><W129/><G110/><T87/><D87/><U130/><E86/><V3/><F89/><W101/><G90/><T54/><D54/><U15/><E68/><V71/><F88/><W43/><G101/><T42/><D42/><U39/><E39/><V75/><F71/><W32/><G43/><T40/><D40/><U18/><E66/><V82/><F75/><W63/><G55/><T67/><D67/><U52/><E130/><V60/><F57/><W125/><G129/><T111/><D111/><U46/><REACH who="1" step="1"/><E53/><REACH who="1" ten="129,197,226,428" step="2"/><V128/><F128/><W21/><G125/><T29/><D29/><U26/><E26/><AGARI ba="1,2" hai="2,7,8,17,22,26,41,45,48,62,64,69,98,99" machi="26" ten="30,2000,0" yaku="1,1,7,1,53,0" doraHai="80,112" doraHaiUra="104,11" who="0" fromWho="1" sc="129,43,197,-23,226,0,428,0" /><INIT seed="4,0,0,2,3,107" ten="172,174,226,428" oya="0" hai0="110,108,109,5,80,99,65,100,11,116,111,128,62" hai1="87,25,27,122,50,47,64,133,45,72,38,124,35" hai2="71,29,69,67,22,91,41,92,82,125,79,12,37" hai3="115,40,0,23,89,134,102,74,119,26,73,3,60"/><T4/><N who="0" m="27648" /><DORA hai="16" /><T75/><D116/><U83/><E122/><V94/><F94/><W28/><G119/><T90/><D128/><U8/><E133/><V70/><F125/><W106/><G134/><T51/><D51/><U77/><E124/><V53/><F53/><W57/><G40/><T132/><D132/><U81/><E64/><V103/><F103/><W120/><G120/><T30/><D30/><U18/><E38/><V63/><F41/><W33/><G115/><T58/><D11/><U39/><E39/><V85/><F37/><W97/><G89/><T2/><D2/><U34/><E27/><V86/><REACH who="2" step="1"/><F12/><REACH who="2" ten="172,174,216,428" step="2"/><W68/><G0/><T6/><D100/><U36/><E36/><V114/><F114/><W121/><G3/><T112/><D112/><U43/><E47/><V24/><AGARI ba="0,1" hai="22,24,29,63,67,69,70,71,79,82,85,86,91,92" machi="24" ten="30,7900,0" yaku="1,1,0,1,52,1,53,1" doraHai="107,16" doraHaiUra="78,14" who="2" fromWho="2" sc="172,-39,174,-20,216,89,428,-20" /><INIT seed="5,0,0,4,5,92" ten="133,154,305,408" oya="1" hai0="134,62,19,111,118,100,4,50,91,64,131,132,82" hai1="13,32,46,45,67,83,75,107,130,10,0,125,84" hai2="14,8,85,22,56,49,117,81,121,120,38,15,44" hai3="94,1,108,79,74,90,86,126,68,26,25,96,41"/><U71/><E75/><V5/><F117/><W114/><G1/><T28/><D118/><U115/><E0/><V42/><F38/><W57/><G68/><T11/><D111/><U109/><E109/><V34/><F34/><W23/><G108/><T61/><D131/><U39/><E107/><V122/><F56/><W106/><G126/><T135/><D28/><U33/><E125/><V70/><F70/><W58/><G114/><T128/><D128/><U27/><E130/><V95/><F95/><W35/><G41/><T36/><D36/><U104/><E104/><V43/><F43/><W87/><G35/><T18/><D100/><U29/><E115/><V12/><REACH who="2" step="1"/><F22/><REACH who="2" ten="133,154,295,408" step="2"/><W80/><G23/><T123/><D123/><U112/><E32/><V116/><F116/><W37/><G37/><T78/><D134/><U73/><E112/><V21/><F21/><W24/><G57/><T76/><D135/><U2/><E39/><V20/><F20/><W89/><G58/><T51/><D132/><U52/><E71/><V110/><F110/><W17/><G106/><T54/><D64/><U69/><E69/><V101/><F101/><W99/><G17/><T6/><D19/><U98/><E33/><V88/><AGARI ba="0,1" hai="5,8,12,14,15,42,44,49,81,85,88,120,121,122" machi="88" ten="30,4000,0" yaku="1,1,0,1,54,1,53,0" doraHai="92" doraHaiUra="103" who="2" fromWho="2" sc="133,-10,154,-20,295,50,408,-10" /><INIT seed="6,0,0,5,0,39" ten="123,134,345,398" oya="2" hai0="54,67,16,22,78,98,123,68,53,91,83,99,4" hai1="125,134,117,11,18,25,62,128,105,6,111,57,106" hai2="49,58,65,17,90,28,122,21,102,7,0,79,66" hai3="44,13,55,121,84,19,1,2,23,24,96,71,100"/><V34/><F122/><W10/><G71/><T118/><D118/><U15/><E117/><V80/><F102/><W56/><G121/><T93/><D4/><U82/><E111/><V89/><F34/><W92/><G44/><T109/><D109/><U133/><E128/><V37/><F28/><W61/><REACH who="3" step="1"/><G84/><REACH who="3" ten="123,134,345,388" step="2"/><T110/><D123/><U75/><E134/><V12/><F37/><W131/><G131/><T101/><D110/><U113/><E133/><V95/><F0/><W35/><G35/><T9/><D68/><U60/><E75/><V51/><F7/><AGARI ba="0,1" hai="1,2,7,10,13,19,23,24,55,56,61,92,96,100" machi="7" ten="30,2000,0" yaku="1,1,7,1,53,0" doraHai="39" doraHaiUra="41" who="3" fromWho="2" sc="123,0,134,0,345,-20,388,30" /><INIT seed="7,0,0,1,1,22" ten="123,134,325,418" oya="3" hai0="101,51,5,72,125,67,123,30,121,109,82,11,7" hai1="135,130,24,45,75,41,110,63,59,58,92,34,13" hai2="14,79,28,16,124,17,76,3,8,112,23,134,29" hai3="131,71,98,122,69,12,10,116,97,49,32,88,78"/><W93/><G32/><T6/><D109/><U53/><E110/><V73/><F73/><W33/><G33/><T115/><D125/><U35/><E75/><V108/><F79/><W113/><G78/><T81/><D101/><U80/><E135/><V19/><F76/><W84/><G116/><T0/><D72/><U74/><E130/><V50/><F50/><W4/><G71/><T57/><D115/><U132/><E132/><V68/><F68/><W25/><G69/><T21/><D121/><U127/><E127/><V42/><F42/><W128/><G122/><T105/><D105/><U20/><E74/><V39/><F39/><W54/><G25/><N who="0" m="16687" /><D0/><U126/><E126/><V90/><F90/><W48/><G48/><T95/><D123/><U87/><E92/><V61/><F61/><W66/><G66/><T118/><D118/><U89/><E13/><N who="2" m="9615" /><F124/><W100/><G113/><T56/><D95/><U40/><E58/><N who="0" m="22633" /><D67/><U104/><E104/><V99/><F99/><W2/><G2/><T65/><D65/><U96/><E96/><V111/><F112/><W52/><G49/><T26/><D51/><N who="1" m="27055" /><E40/><V129/><F134/><W85/><G97/><T119/><D119/><U107/><E107/><V94/><F94/><N who="3" m="54535" /><G85/><T133/><D133/><U83/><E83/><N who="0" m="31753" /><D26/><U36/><E36/><V62/><F62/><W46/><G46/><T91/><D91/><U37/><E37/><V43/><F43/><W64/><G131/><T106/><D106/><U9/><E9/><N who="2" m="6351" /><F129/><W31/><G128/><T18/><D11/><U47/><E47/><V1/><F111/><W38/><G38/><RYUUKYOKU ba="0,0" sc="123,15,134,15,325,-15,418,-15" hai0="5,6,7,18" hai1="20,24,34,35,53,59,63,80,87,89" owari="138,-36.0,149,-25.0,310,11.0,403,50.0" /></mjloggm>