<mjloggm ver="2.3"><GO type="169" lobby="0"/><UN n0="%E3%81%87%E3%82%8B%E3%81%87%E3%82%8B" n1="%E5%85%AC%E5%8B%99%E5%93%A1%E3%81%8F%E3%82%93" n2="%E5%B0%B1%E6%B4%BB%E7%94%9F%40%E5%B7%9D%E6%9D%91%E8%BB%8D%E5%9B%A3" n3="%6E%65%6F%40%75%6E%69" dan="16,16,18,19" rate="2046.07,2126.27,2241.13,2209.73" sx="F,F,M,M"/><TAIKYOKU oya="0"/><INIT seed="0,0,0,1,2,56" ten="250,250,250,250" oya="0" hai0="2,39,118,117,19,68,49,110,134,48,86,95,29" hai1="96,37,97,108,89,61,36,43,93,24,81,77,13" hai2="20,70,120,8,67,135,65,101,131,52,73,5,105" hai3="125,40,38,113,23,111,126,79,72,31,1,7,128"/><T82/><D39/><U15/><E108/><V45/><F73/><W88/><G113/><T98/><D2/><U12/><E43/><V10/><F10/><N who="3" m="2415" /><G111/><T50/><D110/><U16/><E97/><V0/><F120/><W130/><G88/><T34/><D68/><U30/><E30/><V129/><F135/><W103/><G103/><T62/><D134/><U85/><REACH who="1" step="1"/><E61/><REACH who="1" ten="250,240,250,250" step="2"/><V63/><F105/><W100/><G40/><T112/><D112/><U104/><E104/><V4/><F101/><W11/><G130/><T47/><D62/><U18/><E18/><V124/><F5/><W27/><G128/><T33/><D19/><U102/><E102/><V44/><F129/><W57/><G100/><T99/><D29/><U121/><E121/><V122/><F131/><W127/><G31/><T87/><D99/><U94/><E94/><V71/><F122/><W60/><G60/><T83/><D98/><U25/><E25/><V42/><F70/><W64/><G27/><T58/><D95/><U76/><E76/><V114/><F4/><W26/><G79/><T3/><D83/><U106/><E106/><V6/><F6/><W80/><G26/><T132/><D82/><U133/><E133/><V55/><F71/><W109/><G80/><T41/><D132/><U53/><E53/><V32/><F55/><W59/><G109/><T28/><D28/><U92/><E92/><V75/><F52/><W115/><G115/><T9/><D41/><U66/><E66/><V17/><F65/><W78/><G64/><T90/><D3/><U46/><E46/><V84/><F63/><RYUUKYOKU ba="0,1" sc="250,-10,240,30,250,-10,250,-10" hai1="12,13,15,16,24,36,37,77,81,85,89,93,96" /><INIT seed="1,1,1,5,2,24" ten="240,270,240,240" oya="1" hai0="8,128,30,102,116,87,131,82,7,122,123,86,10" hai1="29,21,3,66,9,105,125,13,84,5,57,76,6" hai2="37,83,107,100,126,77,129,114,73,20,16,135,72" hai3="60,91,52,130,34,70,121,42,0,97,14,54,90"/><U111/><E105/><V39/><F73/><W40/><G0/><T134/><D116/><U43/><E125/><V32/><F32/><W53/><G121/><T92/><D134/><U120/><E120/><N who="0" m="46121" /><D30/><U23/><E43/><V35/><F35/><W58/><G70/><T112/><D112/><U104/><E104/><V99/><F135/><W12/><G34/><T89/><D102/><U50/><E111/><V132/><F132/><W44/><G130/><N who="0" m="49707" /><D7/><U45/><E5/><V48/><F129/><W27/><G27/><T38/><D38/><U19/><E76/><AGARI ba="1,1" hai="8,10,76,82,86,87,89,92" m="49707,46121" machi="76" ten="30,2000,0" yaku="13,1,19,1" doraHai="24" who="0" fromWho="1" sc="240,33,270,-23,240,0,240,0" /><INIT seed="2,0,0,3,5,79" ten="273,247,240,240" oya="2" hai0="30,64,63,101,31,28,10,121,104,93,18,59,14" hai1="122,62,29,60,78,110,90,45,1,3,13,54,26" hai2="57,125,81,67,129,124,11,61,92,44,133,32,82" hai3="118,65,47,87,38,95,91,99,131,97,12,27,84"/><V68/><F32/><W19/><G65/><T7/><D121/><U127/><E122/><V58/><F129/><W49/><G38/><T70/><D104/><U16/><E110/><V34/><F34/><W132/><G132/><T15/><D70/><U115/><E115/><V40/><F133/><W41/><G131/><T126/><D126/><N who="2" m="48746" /><F92/><W42/><G42/><T23/><D93/><U74/><E127/><V106/><F106/><W0/><G0/><T46/><D46/><U39/><E90/><V51/><F11/><W94/><G27/><T98/><D98/><U120/><E120/><V35/><F35/><W20/><REACH who="3" step="1"/><G118/><REACH who="3" ten="273,247,240,230" step="2"/><T88/><D64/><U134/><E134/><V76/><F76/><W66/><G66/><T71/><D15/><U111/><E26/><V77/><F77/><W72/><G72/><T89/><D14/><U22/><E78/><V86/><F86/><W50/><G50/><T80/><D71/><U24/><E74/><V2/><F2/><W116/><G116/><T21/><D63/><U103/><E60/><V9/><F9/><W53/><G53/><T130/><D10/><U108/><E62/><V100/><F100/><AGARI ba="0,1" hai="12,19,20,41,47,49,84,87,91,94,95,97,99,100" machi="100" ten="30,3900,0" yaku="1,1,7,1,8,1,53,0" doraHai="79" doraHaiUra="107" who="3" fromWho="2" sc="273,0,247,0,240,-39,230,49" /><INIT seed="3,0,0,0,4,89" ten="273,247,201,279" oya="3" hai0="9,92,129,67,88,94,93,24,82,65,115,10,116" hai1="110,18,105,107,113,130,19,20,90,97,127,11,16" hai2="125,56,118,109,47,79,39,61,54,74,14,102,72" hai3="86,70,59,23,46,15,76,43,119,108,5,0,103"/><W21/><G70/><T77/><D116/><U4/><E113/><V6/><F118/><W28/><G0/><T104/><D104/><U40/><E20/><V27/><F109/><W7/><G108/><T96/><D115/><U66/><E110/><V123/><F125/><W3/><G3/><T95/><D129/><U84/><E127/><V1/><F102/><W44/><G59/><T30/><D67/><U48/><E97/><V13/><F27/><W122/><G122/><T33/><REACH who="0" step="1"/><D65/><REACH who="0" ten="263,247,201,279" step="2"/><U55/><E66/><V81/><F123/><W135/><G119/><T83/><D83/><U134/><E130/><V63/><F74/><AGARI ba="0,1" hai="9,10,24,30,33,74,77,82,88,92,93,94,95,96" machi="74" ten="40,12000,2" yaku="1,1,52,4,54,1,53,0" doraHai="89" doraHaiUra="99" who="0" fromWho="2" sc="263,130,247,0,201,-120,279,0" /><INIT seed="4,0,0,2,2,57" ten="393,247,81,279" oya="0" hai0="71,45,108,128,103,39,21,4,102,97,73,46,86" hai1="125,78,66,47,85,30,124,109,112,44,54,24,33" hai2="34,131,31,98,80,113,92,129,74,96,9,114,77" hai3="20,79,130,62,67,51,75,22,52,35,88,133,134"/><T36/><D73/><U94/><E109/><V126/><F34/><W14/><G35/><T17/><D108/><U19/><E112/><N who="2" m="43115" /><F31/><W118/><G79/><T107/><D71/><U82/><E19/><V59/><F9/><W69/><G75/><T106/><D4/><U48/><E44/><V49/><F49/><W116/><G130/><N who="2" m="49673" /><F59/><W100/><G100/><T40/><D86/><U1/><E1/><V63/><F63/><W5/><G88/><T135/><D128/><U16/><E94/><V123/><F126/><W64/><G64/><T76/><D76/><U60/><REACH who="1" step="1"/><E16/><REACH who="1" ten="393,237,81,279" step="2"/><V121/><F96/><W70/><G5/><T72/><D45/><U84/><E84/><V91/><AGARI ba="0,1" hai="74,77,80,91,92,98,121,123" m="49673,43115" machi="91" ten="30,7900,0" yaku="15,1,19,1,34,2" doraHai="57" who="2" fromWho="2" sc="393,-39,237,-20,81,89,279,-20" /><INIT seed="5,0,0,1,2,70" ten="354,217,170,259" oya="1" hai0="83,7,99,23,102,87,75,18,88,39,30,68,129" hai1="35,126,120,2,72,62,10,118,127,59,78,133,43" hai2="93,26,33,15,0,107,65,90,101,113,114,3,132" hai3="85,76,103,36,67,22,106,89,12,73,31,105,84"/><U44/><E35/><V71/><F15/><W54/><G67/><T128/><D68/><U116/><E78/><V109/><F109/><W60/><G36/><T42/><D30/><U124/><E72/><V21/><F132/><W57/><G73/><T110/><D110/><U64/><E10/><V13/><F101/><W29/><G103/><T135/><D135/><U111/><E2/><V125/><F107/><W66/><G106/><T92/><D7/><U121/><E111/><V61/><F13/><W28/><G105/><T98/><D75/><U56/><E56/><V5/><F5/><W27/><G12/><T50/><D50/><N who="1" m="26911" /><E133/><V19/><F33/><W131/><G131/><T47/><REACH who="0" step="1"/><D99/><REACH who="0" ten="344,217,170,259" step="2"/><U123/><AGARI ba="0,1" hai="59,62,64,116,118,120,121,123,124,126,127" m="26911" machi="123" ten="40,7800,0" yaku="18,1,34,2" doraHai="70" who="1" fromWho="1" sc="344,-26,217,88,170,-26,259,-26" /><INIT seed="5,1,0,3,4,96" ten="318,305,144,233" oya="1" hai0="76,17,45,2,113,112,133,128,54,99,15,70,68" hai1="135,117,63,108,59,38,61,129,60,106,69,92,51" hai2="5,50,78,73,28,30,29,24,36,91,64,93,101" hai3="105,22,110,46,131,48,82,37,65,124,71,75,9"/><U14/><E106/><V97/><F36/><W120/><G120/><T95/><D2/><U66/><E38/><V87/><F5/><W103/><G37/><T115/><D128/><U85/><E117/><V98/><F98/><W34/><G34/><T12/><D133/><U42/><E135/><V80/><F64/><W72/><G22/><T127/><D127/><U90/><E129/><V7/><F7/><W41/><G110/><T121/><D121/><U134/><E134/><V11/><F11/><W20/><G20/><T6/><D76/><U49/><E108/><V104/><REACH who="2" step="1"/><F50/><REACH who="2" ten="318,305,134,233" step="2"/><N who="3" m="26959" /><G9/><T39/><D6/><U43/><E51/><V62/><F62/><W35/><G48/><N who="0" m="28943" /><D39/><U114/><E49/><V40/><F40/><W111/><G111/><T47/><D47/><U130/><E63/><V21/><AGARI ba="1,1" hai="21,24,28,29,30,73,78,80,87,91,93,97,101,104" machi="21" ten="20,12000,2" yaku="1,1,0,1,7,1,24,2,52,1,53,1" doraHai="96" doraHaiUra="88" who="2" fromWho="2" sc="318,-31,305,-61,134,133,233,-31" /><INIT seed="6,0,0,5,3,114" ten="287,244,267,202" oya="2" hai0="45,49,40,15,111,135,93,74,130,50,116,95,91" hai1="9,13,106,18,47,121,32,35,115,79,42,59,69" hai2="131,110,6,58,62,70,0,31,125,71,89,57,66" hai3="38,128,81,92,19,16,21,17,117,12,56,132,109"/><V7/><F31/><W51/><G38/><T108/><D74/><U87/><E69/><V73/><F73/><W65/><G109/><T133/><D130/><U68/><E68/><V119/><F0/><W77/><G128/><T52/><D116/><U80/><E115/><V29/><F29/><W44/><G132/><N who="0" m="50763" /><D15/><U100/><E121/><V60/><F119/><W82/><G117/><T41/><D41/><U54/><E100/><V113/><F113/><W1/><G1/><T134/><D134/><U97/><E97/><V46/><F46/><W23/><G92/><N who="0" m="35403" /><D91/><U105/><E105/><V33/><F131/><W27/><G17/><T86/><D86/><U5/><E18/><V24/><F110/><W124/><G124/><T112/><D112/><U37/><REACH who="1" step="1"/><E106/><REACH who="1" ten="287,234,267,202" step="2"/><V102/><F102/><W122/><G122/><T118/><D118/><U25/><E25/><V127/><F24/><W126/><G126/><T103/><D103/><U123/><E123/><V53/><F125/><W30/><G30/><T43/><D43/><U61/><AGARI ba="0,1" hai="5,9,13,32,35,37,42,47,54,59,61,79,80,87" machi="61" ten="20,5200,0" yaku="1,1,0,1,7,1,53,1" doraHai="114" doraHaiUra="11" who="1" fromWho="1" sc="287,-13,234,62,267,-26,202,-13" /><INIT seed="7,0,0,1,4,61" ten="274,296,241,189" oya="3" hai0="12,123,108,86,68,71,117,81,3,109,8,121,56" hai1="110,18,122,4,132,135,92,89,36,33,111,30,51" hai2="19,52,37,23,113,31,40,66,91,10,35,26,95" hai3="43,94,127,2,85,133,29,5,24,128,84,70,46"/><W98/><G127/><T34/><D117/><U76/><E122/><V32/><F113/><W112/><G112/><T60/><D34/><U42/><E36/><V25/><F37/><W107/><G107/><T14/><D3/><U129/><E129/><V22/><F40/><W57/><G70/><T82/><D86/><U78/><E4/><V134/><F134/><N who="1" m="51241" /><E18/><V65/><F10/><W28/><G133/><T48/><D60/><U47/><E30/><V115/><F115/><W97/><G128/><T1/><D56/><U126/><E33/><V13/><F52/><W116/><G116/><T99/><D82/><U80/><E126/><V9/><F32/><W27/><G57/><T106/><D99/><N who="1" m="57743" /><E78/><V73/><F73/><AGARI ba="0,0" hai="42,47,51,73,76,80,110,111" m="57743,51241" machi="73" ten="30,1000,0" yaku="20,1" doraHai="61" who="1" fromWho="2" sc="274,0,296,10,241,-10,189,0" owari="274,7.0,306,41.0,231,-17.0,189,-31.0" /></mjloggm>