<mjloggm ver="2.3"><GO type="169" lobby="0"/><UN n0="%74%61%6B%61%79%79%79%79" n1="%6E%65%77%6A%61%63%6B" n2="%E3%83%88%E3%83%88%E3%83%AA%E5%85%88%E7%94%9F%31%39%E6%AD%B3" n3="%6B%6F%72%6F%74%61%6E%6E" dan="16,16,18,16" rate="2108.02,2060.03,2226.73,2090.87" sx="M,M,F,M"/><TAIKYOKU oya="0"/><INIT seed="0,0,0,2,4,62" ten="250,250,250,250" oya="0" hai0="53,41,111,65,26,37,103,44,101,54,40,21,89" hai1="67,135,5,11,128,8,108,106,129,125,29,80,78" hai2="83,100,60,130,105,56,86,9,91,24,58,61,94" hai3="134,45,30,133,31,92,32,43,81,55,47,84,19"/><T12/><D111/><U88/><E106/><V15/><F130/><N who="1" m="50281" /><E108/><V113/><F113/><W3/><G3/><T95/><D12/><U70/><E135/><N who="3" m="51722" /><G55/><N who="0" m="21003" /><D37/><U117/><E117/><V18/><F105/><W35/><G19/><N who="0" m="12607" /><D65/><U121/><E121/><V46/><F46/><N who="3" m="17419" /><G43/><N who="0" m="16459" /><D44/><U120/><E120/><V27/><F60/><W119/><G119/><T6/><D6/><U16/><E125/><V114/><F114/><W66/><G66/><T59/><D59/><U107/><E107/><V99/><F58/><W87/><G92/><T14/><D14/><U98/><E29/><N who="3" m="10762" /><G81/><T64/><D64/><AGARI ba="0,0" hai="9,15,18,24,27,56,61,64,83,86,91,94,99,100" machi="64" ten="30,3900,0" yaku="7,1,8,1,52,1" doraHai="62" who="2" fromWho="0" sc="250,-39,250,0,250,39,250,0" /><INIT seed="1,0,0,3,5,58" ten="211,250,289,250" oya="1" hai0="9,61,13,92,45,60,8,118,90,67,15,78,127" hai1="81,95,131,98,88,107,94,80,93,50,102,117,74" hai2="64,56,133,16,69,32,124,83,49,59,5,116,134" hai3="53,84,43,97,11,12,96,108,122,66,123,73,129"/><U38/><E38/><V85/><F116/><W44/><G73/><T52/><D118/><U119/><E50/><V112/><F32/><W20/><G53/><T48/><D78/><N who="1" m="44119" /><E131/><V6/><F124/><W55/><G55/><T54/><D127/><U115/><E115/><V110/><F112/><W42/><G129/><T24/><D24/><U18/><E18/><V65/><F49/><W103/><G20/><T71/><D54/><U28/><E28/><V29/><F29/><W72/><G72/><T113/><D113/><U76/><E76/><V91/><F69/><W99/><G103/><T10/><REACH who="0" step="1"/><D61/><REACH who="0" ten="201,250,289,250" step="2"/><U4/><E4/><V109/><F6/><N who="3" m="3191" /><G123/><T68/><D68/><U37/><E37/><V30/><F5/><W31/><G122/><T17/><D17/><U126/><E126/><V128/><F128/><W111/><G111/><N who="2" m="42505" /><F30/><W2/><G31/><T27/><D27/><U101/><E101/><V21/><F65/><W23/><G66/><T100/><D100/><U26/><E26/><N who="2" m="14631" /><F64/><W40/><G108/><T34/><D34/><U39/><E39/><V51/><F51/><N who="3" m="27015" /><G2/><T19/><D19/><U36/><E36/><V35/><F35/><W62/><G23/><T77/><D77/><U3/><E3/><V14/><F14/><W7/><G7/><T47/><D47/><U106/><E106/><V25/><F25/><W1/><G1/><T120/><D120/><U75/><E75/><V86/><F59/><W114/><G114/><T70/><D70/><U57/><E57/><V46/><F56/><W135/><G62/><T132/><D132/><N who="2" m="50794" /><F46/><W104/><G135/><RYUUKYOKU ba="0,1" sc="201,10,250,10,289,10,250,-30" hai0="8,9,10,13,15,45,48,52,60,67,71,90,92" hai1="81,88,93,94,95,98,102,107,117,119" hai2="83,85,86,91" /><INIT seed="1,1,1,1,5,52" ten="211,260,299,220" oya="1" hai0="95,54,110,131,41,104,39,65,57,35,85,112,61" hai1="15,11,114,73,29,102,49,88,118,76,97,116,132" hai2="12,27,3,124,62,105,78,70,77,45,33,81,56" hai3="66,40,17,24,115,68,89,121,100,101,43,107,120"/><U10/><E114/><V135/><F3/><W113/><G107/><T47/><D104/><U108/><E132/><V130/><F105/><W2/><G2/><T82/><D112/><U38/><E38/><V14/><F70/><W123/><G89/><T119/><D110/><U63/><E108/><V48/><F135/><W134/><G134/><T22/><D119/><U18/><E29/><V25/><F130/><W50/><G68/><T31/><D131/><U93/><E76/><N who="2" m="29291" /><F81/><W7/><G66/><T16/><D35/><U44/><E73/><V13/><F33/><W106/><G106/><T127/><D127/><U71/><E11/><V84/><F84/><W90/><G90/><T69/><D85/><U125/><E125/><V36/><F36/><W79/><G79/><T87/><D87/><U129/><E129/><V109/><F109/><W133/><G133/><T19/><D95/><U1/><E1/><V60/><F60/><W72/><G72/><T42/><D42/><U91/><E118/><V46/><F124/><W4/><G121/><T5/><D5/><U30/><E30/><V59/><F62/><W94/><G94/><T37/><D82/><U103/><E116/><V21/><F48/><W75/><G75/><T34/><D34/><U117/><E117/><V83/><F83/><W58/><G50/><N who="0" m="30935" /><D37/><U122/><E122/><V96/><F96/><W9/><G123/><T26/><AGARI ba="1,1" hai="16,19,22,26,31,39,41,47,61,65,69" m="30935" machi="26" ten="30,4000,0" yaku="24,1,52,1,54,1" doraHai="52" who="0" fromWho="0" sc="211,53,260,-21,299,-11,220,-11" /><INIT seed="2,0,0,0,3,99" ten="264,239,288,209" oya="2" hai0="130,93,115,37,66,82,15,125,92,121,5,54,119" hai1="124,53,74,4,109,132,36,43,31,62,80,45,14" hai2="88,87,67,2,41,89,83,97,123,135,1,39,72" hai3="129,18,51,133,55,9,73,112,117,96,70,35,12"/><V94/><F123/><W106/><G73/><T128/><D37/><U101/><E109/><V76/><F135/><W48/><G35/><T13/><D121/><U78/><E132/><V59/><F39/><W6/><G117/><T60/><D119/><U131/><E131/><N who="0" m="50217" /><D115/><U105/><E124/><V111/><F41/><W118/><G133/><T127/><D82/><U7/><E31/><V107/><F111/><W32/><G32/><T134/><D54/><U34/><E34/><V65/><F89/><W103/><G118/><T46/><D46/><U11/><E7/><V3/><REACH who="2" step="1"/><F59/><REACH who="2" ten="264,239,278,209" step="2"/><W23/><G112/><T49/><D134/><U108/><E108/><V122/><F122/><W102/><G129/><T95/><D127/><U29/><E36/><V44/><F44/><W100/><G70/><T63/><D125/><U52/><E43/><V86/><F86/><W85/><G85/><T27/><D95/><U40/><E40/><V64/><F64/><W114/><G114/><T79/><D93/><U20/><E45/><V42/><F42/><W47/><REACH who="3" step="1"/><G51/><REACH who="3" ten="264,239,278,199" step="2"/><T21/><D49/><U61/><E74/><V98/><F98/><W116/><G116/><T91/><D79/><U84/><E84/><V19/><F19/><W110/><G110/><T30/><D5/><U16/><E78/><V57/><F57/><W113/><G113/><T81/><D63/><U17/><E62/><V77/><F77/><W58/><G58/><T8/><D60/><U0/><E61/><V120/><F120/><W75/><G75/><T25/><D66/><U71/><E4/><V10/><F10/><RYUUKYOKU ba="0,2" sc="264,-15,239,-15,278,15,199,15" hai2="1,2,3,65,67,72,76,83,87,88,94,97,107" hai3="6,9,12,18,23,47,48,55,96,100,102,103,106" /><INIT seed="2,1,2,2,2,65" ten="249,224,293,214" oya="2" hai0="103,3,10,87,82,109,41,34,16,78,64,77,38" hai1="74,70,106,14,66,20,110,17,53,81,2,11,48" hai2="102,56,5,55,50,104,120,119,112,57,73,126,133" hai3="115,134,94,105,29,58,101,27,83,135,98,22,122"/><V9/><F112/><W117/><G122/><T32/><D109/><U37/><E110/><V96/><F119/><W47/><G117/><T51/><D38/><U118/><E118/><V93/><F120/><W60/><G115/><T123/><D123/><U4/><E37/><V85/><F73/><W86/><G47/><N who="0" m="26095" /><D3/><U71/><E66/><V99/><F133/><W6/><G6/><T59/><D34/><U116/><E106/><V1/><F126/><W95/><G95/><T21/><D32/><U61/><E61/><V84/><REACH who="2" step="1"/><F57/><REACH who="2" ten="249,224,283,214" step="2"/><W31/><G134/><T7/><D59/><U92/><E116/><V114/><F114/><W33/><G135/><T49/><D64/><U45/><REACH who="1" step="1"/><E92/><REACH who="1" ten="249,214,283,214" step="2"/><V46/><F46/><W68/><G94/><T124/><D124/><U69/><E69/><V44/><F44/><W89/><G68/><T52/><D82/><U75/><E75/><V125/><F125/><W40/><G40/><T23/><D49/><U129/><E129/><V130/><F130/><W90/><G60/><T35/><D52/><U39/><E39/><V18/><F18/><W36/><G36/><T97/><D16/><U121/><E121/><V88/><AGARI ba="1,4" hai="1,5,9,50,55,56,84,85,88,93,96,99,102,104" machi="88" ten="20,7800,0" yaku="1,1,0,1,7,1,54,1,53,0" doraHai="65" doraHaiUra="67" who="2" fromWho="2" sc="249,-27,214,-27,283,121,214,-27" /><INIT seed="2,2,0,1,3,27" ten="222,187,404,187" oya="2" hai0="62,91,113,36,26,77,5,107,37,69,72,90,20" hai1="34,84,8,43,87,18,96,46,108,45,81,31,70" hai2="76,16,17,7,61,51,67,88,99,92,66,118,115" hai3="53,25,131,103,98,94,24,4,47,49,29,119,65"/><V120/><F115/><W109/><G119/><T104/><D113/><U124/><E124/><V73/><F118/><W121/><G121/><T0/><D91/><U50/><E108/><V95/><F120/><W130/><G109/><T33/><D90/><U126/><E126/><V55/><F7/><W23/><G4/><T71/><D20/><U48/><E70/><N who="0" m="26633" /><D62/><U100/><E34/><V12/><F73/><W122/><G65/><N who="2" m="24585" /><F61/><W56/><G122/><T110/><D110/><U10/><E31/><V132/><F132/><W85/><G85/><T14/><D14/><U68/><E68/><V101/><F76/><W74/><G74/><T135/><D135/><U58/><E58/><N who="2" m="33151" /><F12/><W89/><G89/><T19/><D5/><U79/><E87/><AGARI ba="2,0" hai="16,17,87,88,92,95,99,101" m="33151,24585" machi="87" ten="30,5800,0" yaku="8,1,54,2" doraHai="27" who="2" fromWho="1" sc="222,0,187,-64,404,64,187,0" /><INIT seed="2,3,0,1,5,93" ten="222,123,468,187" oya="2" hai0="48,52,120,68,47,9,61,7,76,73,84,130,3" hai1="89,78,29,18,11,24,44,106,53,50,125,32,118" hai2="80,112,91,85,109,28,43,16,26,64,42,54,81" hai3="2,98,100,134,82,87,86,74,33,21,58,13,69"/><V107/><F112/><W133/><G69/><T88/><D120/><U8/><E118/><V60/><F109/><W63/><G33/><T55/><D130/><U97/><E125/><V65/><F107/><W119/><G2/><T49/><D73/><U30/><E30/><V95/><F54/><W126/><G126/><T39/><D76/><U71/><E71/><V67/><F60/><W23/><G119/><T14/><D39/><U96/><E78/><V127/><F127/><W79/><G74/><T0/><D68/><U102/><REACH who="1" step="1"/><E18/><REACH who="1" ten="222,113,468,187" step="2"/><V10/><F28/><W113/><G113/><T57/><REACH who="0" step="1"/><D61/><REACH who="0" ten="212,113,468,187" step="2"/><U83/><E83/><AGARI ba="3,2" hai="0,3,7,9,14,47,48,49,52,55,57,83,84,88" machi="83" ten="30,8000,1" yaku="1,1,2,1,7,1,54,2,53,0" doraHai="93" doraHaiUra="70" who="0" fromWho="1" sc="212,109,113,-89,468,0,187,0" /><INIT seed="3,0,0,5,4,68" ten="321,24,468,187" oya="3" hai0="35,36,131,37,67,29,110,48,33,88,70,108,41" hai1="56,132,133,77,51,95,20,82,43,49,46,111,105" hai2="31,100,5,96,86,18,32,107,27,23,104,123,128" hai3="75,15,0,112,4,97,89,54,21,125,45,80,3"/><W10/><G112/><T52/><D131/><U60/><E105/><V76/><F128/><W34/><G34/><N who="0" m="12811" /><D29/><U28/><E111/><N who="0" m="42537" /><D88/><U113/><E113/><V115/><F115/><W130/><G130/><T53/><D41/><U129/><E129/><V44/><F123/><W122/><G122/><T26/><D26/><U85/><E133/><V55/><F107/><W126/><G97/><T8/><D8/><U74/><E132/><V30/><F32/><W62/><G21/><T124/><D124/><N who="3" m="47721" /><G89/><T39/><D48/><U50/><E74/><V94/><F5/><W106/><G106/><T58/><D58/><U61/><E95/><V71/><F71/><W25/><G25/><T121/><D121/><U102/><E102/><V19/><F31/><W78/><G62/><AGARI ba="0,0" hai="36,37,39,52,53,62,67,70" m="42537,12811" machi="62" ten="40,8000,1" yaku="14,1,52,3,54,1" doraHai="68" who="0" fromWho="3" sc="321,80,24,0,468,0,187,-80" /><INIT seed="4,0,0,1,1,61" ten="401,24,468,107" oya="0" hai0="40,116,27,132,8,80,32,134,4,6,35,79,78" hai1="17,99,2,12,87,89,115,107,28,1,135,54,10" hai2="126,18,131,91,104,118,106,3,58,77,95,57,103" hai3="53,102,68,75,82,84,92,33,100,73,85,67,98"/><T0/><D116/><U124/><E135/><N who="0" m="51753" /><D6/><U37/><E124/><V56/><F3/><W38/><G38/><T70/><D40/><U48/><E37/><V94/><F118/><W31/><G53/><T66/><D27/><U97/><E115/><V72/><F126/><W119/><G31/><T81/><D81/><U46/><E28/><V19/><F131/><W51/><G33/><N who="0" m="12875" /><D80/><U65/><E65/><V88/><F103/><W120/><G67/><T114/><D114/><U34/><E34/><V39/><F39/><W23/><G51/><T60/><AGARI ba="0,0" hai="0,4,8,60,66,70,78,79" m="12875,51753" machi="60" ten="40,3900,0" yaku="20,1,52,1" doraHai="61" who="0" fromWho="0" sc="401,39,24,-13,468,-13,107,-13" /><INIT seed="4,1,0,5,2,24" ten="440,11,455,94" oya="0" hai0="120,76,94,43,112,78,33,40,55,59,39,11,125" hai1="26,45,132,56,60,104,38,2,51,25,70,107,34" hai2="47,14,103,35,63,37,85,117,99,79,8,129,135" hai3="21,75,27,89,29,86,12,124,0,72,90,102,7"/><T97/><D120/><U44/><E132/><V46/><F35/><W18/><G102/><N who="0" m="60727" /><D39/><U49/><E2/><V131/><F135/><W73/><G124/><T74/><D74/><U116/><E116/><V80/><F117/><W20/><G86/><T114/><D33/><U52/><E38/><V23/><F23/><W105/><G105/><T115/><D11/><U17/><E70/><V16/><F63/><W82/><G82/><T133/><D125/><U77/><E77/><N who="0" m="29801" /><D133/><U106/><E17/><V109/><F109/><W123/><G123/><T127/><D127/><U6/><E6/><V64/><F64/><W50/><G50/><AGARI ba="1,0" hai="40,43,50,55,59,112,114,115" m="29801,60727" machi="50" ten="30,1500,0" yaku="15,1" doraHai="24" who="0" fromWho="3" sc="440,18,11,0,455,0,94,-18" /><INIT seed="4,2,0,0,5,107" ten="458,11,455,76" oya="0" hai0="3,13,25,115,97,89,114,35,84,104,14,132,54" hai1="96,77,59,7,88,10,112,55,86,67,118,34,71" hai2="26,17,76,95,100,11,37,47,36,72,21,43,41" hai3="58,108,124,16,80,23,49,65,19,44,39,98,94"/><T105/><D132/><U61/><E118/><V52/><F100/><N who="3" m="60503" /><G39/><T83/><D3/><U2/><E112/><N who="0" m="43049" /><D54/><U70/><E34/><V133/><F133/><W45/><G124/><T64/><D64/><U46/><E77/><V103/><F72/><W66/><G108/><T9/><D97/><U6/><E6/><V78/><F95/><W56/><G80/><T60/><D60/><U135/><E135/><V30/><F103/><W73/><G73/><T92/><D92/><U99/><E46/><N who="3" m="18026" /><G19/><N who="0" m="8623" /><D14/><U113/><E113/><V117/><F117/><W93/><G93/><T130/><D130/><U79/><E79/><N who="2" m="30251" /><F37/><W128/><G128/><T123/><D123/><U48/><REACH who="1" step="1"/><E70/><REACH who="1" ten="458,1,455,76" step="2"/><V85/><F36/><W50/><G58/><T12/><D35/><U116/><E116/><V57/><F47/><W120/><G120/><T1/><D1/><U90/><E90/><V4/><F4/><W91/><G91/><T18/><D25/><U29/><E29/><V106/><F106/><W40/><G40/><T42/><D42/><U8/><E8/><AGARI ba="2,1" hai="8,12,18,83,84,89,104,105" m="8623,43049" machi="8" ten="30,1500,0" yaku="15,1" doraHai="107" who="0" fromWho="1" sc="458,31,1,-21,455,0,76,0" owari="489,58.0,-20,-52.0,455,26.0,76,-32.0" /></mjloggm>