<mjloggm ver="2.3"><GO type="225" lobby="0"/><UN n0="%E3%83%AD%E3%83%9C%E3%82%B3%E3%83%97" n1="%E6%9C%80%E5%BC%B7%E6%9C%80%E5%BE%8C" n2="%E3%82%B8%E3%83%A7%E3%83%BC%E3%82%BF%E3%82%AF%E3%83%8F%E3%82%A4" n3="%E3%82%A6%E3%83%AB%E3%83%88%E3%83%A9%E7%AB%8B%E7%9B%B4" dan="17,16,16,17" rate="2145.82,2076.98,2156.10,2113.10" sx="M,M,F,M"/><TAIKYOKU oya="0"/><INIT seed="0,0,0,3,5,111" ten="250,250,250,250" oya="0" hai0="29,53,114,97,103,42,79,130,38,8,119,34,85" hai1="20,105,118,107,7,129,41,65,5,26,22,125,46" hai2="135,112,45,110,40,61,2,71,27,32,99,47,63" hai3="67,88,84,54,117,96,62,116,77,115,98,131,58"/><T95/><D119/><U51/><E118/><V52/><F112/><W83/><G115/><T49/><D114/><U133/><E129/><V128/><F2/><W94/><G131/><T102/><D130/><U72/><E133/><V16/><F110/><W109/><G109/><T11/><D38/><U132/><E125/><V25/><F135/><W21/><G98/><T121/><D42/><U86/><E72/><V12/><F128/><W19/><REACH who="3" step="1"/><G67/><REACH who="3" ten="250,250,250,240" step="2"/><T108/><D108/><U87/><E65/><V100/><F71/><W75/><G75/><T124/><D97/><U57/><E132/><V90/><F99/><W30/><G30/><T55/><D29/><U44/><E87/><V127/><F127/><W78/><G78/><T28/><D79/><U134/><E86/><V15/><F100/><W14/><AGARI ba="0,1" hai="14,19,21,54,58,62,77,83,84,88,94,96,116,117" machi="14" ten="20,5200,0" yaku="1,1,0,1,7,1,54,1,53,0" doraHai="111" doraHaiUra="120" who="3" fromWho="3" sc="250,-26,250,-13,250,-13,240,62" /><INIT seed="1,0,0,0,0,41" ten="224,237,237,302" oya="1" hai0="22,135,134,117,100,94,63,2,92,37,77,35,29" hai1="69,115,109,107,20,79,3,13,72,61,90,19,57" hai2="60,103,6,126,88,78,132,0,53,44,128,55,111" hai3="93,118,48,50,59,30,81,125,17,106,102,131,25"/><U24/><E107/><V58/><F111/><W129/><G106/><T9/><D117/><U14/><E3/><V67/><F132/><W21/><G118/><T113/><D35/><U23/><E69/><V46/><F128/><N who="3" m="49227" /><G125/><T124/><D113/><U34/><E109/><V45/><F126/><W36/><G36/><T4/><D124/><U105/><E34/><V5/><F103/><W112/><G112/><T70/><D77/><U65/><E105/><V71/><F78/><W121/><G121/><T75/><D75/><U18/><E115/><V33/><F33/><N who="3" m="20687" /><G81/><T27/><D37/><U76/><E72/><V95/><F0/><W108/><G59/><T122/><D122/><U11/><REACH who="1" step="1"/><E90/><REACH who="1" ten="224,227,237,302" step="2"/><V56/><F71/><W91/><G108/><T73/><D73/><U28/><AGARI ba="0,1" hai="11,13,14,18,19,20,23,24,28,57,61,65,76,79" machi="28" ten="20,12000,1" yaku="1,1,2,1,0,1,7,1,8,1,53,0" doraHai="41" doraHaiUra="84" who="1" fromWho="1" sc="224,-40,227,130,237,-40,302,-40" /><INIT seed="1,1,0,4,1,121" ten="184,357,197,262" oya="1" hai0="98,37,110,108,35,70,4,38,117,89,58,93,76" hai1="78,119,115,55,91,13,86,102,7,128,41,26,92" hai2="95,9,77,134,129,27,31,46,72,22,30,84,131" hai3="21,2,47,68,49,104,62,23,125,18,101,65,74"/><U69/><E119/><V63/><F134/><W120/><G74/><T29/><D70/><U109/><E69/><V118/><F118/><W19/><G2/><T126/><D117/><U16/><E115/><V113/><F113/><W96/><G120/><T105/><D76/><U100/><E128/><N who="2" m="49227" /><F9/><W132/><G132/><T0/><D105/><U81/><E41/><V34/><F72/><W107/><G107/><T56/><D0/><U114/><E7/><V24/><F46/><W10/><G125/><T87/><D4/><U12/><E55/><V66/><F95/><W32/><G32/><T116/><D116/><U73/><E114/><V94/><F94/><W64/><G64/><T79/><D126/><U15/><E109/><N who="0" m="42089" /><D35/><U103/><REACH who="1" step="1"/><E26/><REACH who="1" ten="184,347,197,262" step="2"/><V130/><N who="2" m="49235" /><V124/><DORA hai="50" /><F124/><W40/><G40/><T25/><D25/><U33/><E33/><V90/><F24/><W71/><G71/><T48/><D29/><U53/><E53/><V5/><F5/><W39/><G68/><T52/><D58/><U80/><E80/><AGARI ba="1,1" hai="37,38,48,52,56,79,80,87,89,93,98" m="42089" machi="80" ten="30,12000,2" yaku="14,1,52,4,54,1" doraHai="121,50" who="0" fromWho="1" sc="184,133,347,-123,197,0,262,0" /><INIT seed="2,0,0,4,1,89" ten="317,224,197,262" oya="2" hai0="116,8,103,93,45,10,67,50,104,69,101,36,76" hai1="117,110,7,134,68,115,19,111,118,125,5,72,38" hai2="90,62,32,100,112,21,0,105,85,83,66,74,58" hai3="128,29,3,53,27,80,51,63,35,39,48,109,84"/><V40/><F112/><W17/><G39/><T11/><D36/><U88/><E68/><V75/><F32/><W2/><G109/><N who="1" m="41482" /><E38/><V87/><F0/><W57/><G128/><T18/><D104/><U4/><E72/><V55/><F40/><W43/><G51/><T114/><D114/><U113/><E125/><V122/><F122/><W20/><G48/><T47/><D116/><N who="1" m="44651" /><E88/><V6/><F6/><W64/><G53/><T78/><D18/><U16/><E134/><V54/><F21/><W127/><G43/><T129/><D129/><U79/><E79/><V133/><F133/><W108/><G108/><T120/><D120/><U41/><E41/><V99/><REACH who="2" step="1"/><F87/><REACH who="2" ten="317,224,187,262" step="2"/><W91/><G127/><T121/><D121/><U96/><E96/><V107/><F107/><W132/><G132/><T98/><D98/><U37/><E37/><V9/><F9/><W86/><G86/><T22/><D10/><U81/><E81/><V31/><F31/><W130/><G130/><T56/><D11/><U46/><E46/><V73/><AGARI ba="0,1" hai="54,55,58,62,66,73,74,75,83,85,90,99,100,105" machi="73" ten="30,3000,0" yaku="1,1,0,1,53,0" doraHai="89" doraHaiUra="15" who="2" fromWho="2" sc="317,-10,224,-10,187,40,262,-10" /><INIT seed="2,1,0,3,5,126" ten="307,214,227,252" oya="2" hai0="88,24,127,51,99,52,1,71,40,36,19,132,77" hai1="112,98,17,33,84,113,48,14,25,75,31,74,79" hai2="60,111,7,128,13,124,0,131,41,101,64,23,72" hai3="56,91,15,125,92,116,135,65,32,12,80,39,134"/><V18/><F72/><W3/><G3/><T103/><D71/><U70/><E70/><V20/><F124/><W29/><G39/><T45/><D1/><U30/><E98/><V9/><F111/><W50/><G116/><T133/><D127/><U86/><E48/><V76/><F76/><W129/><G80/><T108/><D77/><U117/><E117/><V8/><F41/><W78/><G78/><T43/><D108/><U27/><E79/><V102/><F23/><W104/><G104/><T85/><D24/><U118/><E118/><V94/><F9/><W93/><G29/><T10/><D10/><U121/><E17/><V89/><F102/><W63/><G32/><T119/><D19/><U16/><E16/><V110/><F101/><W6/><G50/><T38/><D38/><U5/><E14/><N who="3" m="5162" /><G6/><T28/><D28/><U83/><E83/><V37/><F37/><W107/><G107/><N who="0" m="63999" /><D119/><U69/><E69/><V55/><F110/><W35/><G35/><T123/><D123/><U54/><E121/><V73/><F73/><W58/><G58/><T44/><D40/><U61/><E33/><V95/><F55/><W34/><G125/><T81/><D36/><U122/><E54/><V130/><F89/><W62/><G62/><T42/><D45/><U106/><E122/><V96/><F96/><N who="3" m="57375" /><G34/><T100/><D100/><U82/><E106/><V90/><F90/><W114/><G114/><T59/><D44/><U115/><E82/><V46/><F46/><W21/><G93/><T22/><D22/><U57/><E115/><V53/><F53/><W2/><G21/><RYUUKYOKU ba="1,0" sc="307,15,214,-15,227,15,252,-15" hai0="42,43,51,52,59,81,85,88,132,133" hai2="0,7,8,13,18,20,60,64,94,95,128,130,131" /><INIT seed="2,2,0,0,4,75" ten="322,199,242,237" oya="2" hai0="102,76,92,83,58,0,87,20,67,106,32,79,131" hai1="9,86,88,25,22,42,105,68,70,114,125,50,98" hai2="12,30,69,109,6,51,26,132,107,57,19,36,5" hai3="33,31,16,72,1,15,63,38,62,101,54,84,28"/><V14/><F69/><W55/><G72/><T94/><D32/><U119/><E114/><V60/><F107/><W133/><G1/><T112/><D0/><U111/><E125/><V17/><F36/><W128/><G38/><T96/><D112/><U21/><E111/><V113/><F113/><W120/><G33/><T123/><D123/><U64/><E21/><N who="2" m="15695" /><F51/><W7/><G7/><N who="2" m="2569" /><F132/><W13/><G133/><T110/><D110/><U134/><E119/><V27/><F109/><W80/><G101/><T93/><D131/><U73/><E64/><N who="2" m="38927" /><F27/><W97/><G120/><T8/><D8/><U41/><E73/><V2/><F2/><W39/><G39/><T74/><D20/><U108/><E134/><V77/><F77/><N who="3" m="46095" /><G128/><T129/><D129/><U65/><E9/><V116/><F116/><W124/><G124/><T117/><D117/><U23/><E108/><V34/><F34/><W45/><G13/><AGARI ba="2,0" hai="12,13,14,17,19" m="38927,2569,15695" machi="13" ten="30,1500,0" yaku="8,1" doraHai="75" who="2" fromWho="3" sc="322,0,199,0,242,21,237,-21" /><INIT seed="2,3,0,5,3,129" ten="322,199,263,216" oya="2" hai0="123,100,27,67,105,63,120,132,53,81,25,31,24" hai1="48,74,88,122,84,20,0,124,33,114,133,28,118" hai2="4,52,69,99,60,39,78,76,11,80,86,61,71" hai3="51,59,9,91,16,115,5,2,35,130,30,18,77"/><V107/><F39/><W57/><G57/><T70/><D53/><U131/><RYUUKYOKU type="yao9" ba="3,0" sc="322,0,199,0,263,0,216,0" hai1="0,20,28,33,48,74,84,88,114,118,122,124,131,133" /><INIT seed="2,4,0,0,0,40" ten="322,199,263,216" oya="2" hai0="2,41,10,9,72,99,39,63,5,67,22,65,0" hai1="15,13,126,77,69,120,23,118,125,113,81,68,130" hai2="114,78,105,115,112,90,47,103,106,109,85,122,96" hai3="88,76,35,52,70,97,94,110,84,135,123,51,62"/><V119/><F47/><N who="3" m="27775" /><G70/><T102/><D72/><U55/><E118/><V33/><F33/><W104/><G35/><T50/><D39/><U57/><E113/><V89/><F119/><W117/><G104/><T27/><D63/><U1/><E130/><V26/><F26/><W79/><G123/><T66/><D41/><U11/><E1/><V83/><F122/><W31/><G117/><T73/><D73/><U6/><E120/><V92/><F109/><W93/><G110/><T129/><D129/><U37/><E37/><V127/><F127/><N who="1" m="48649" /><E23/><V48/><F48/><W46/><G135/><T19/><D50/><N who="1" m="30967" /><E15/><V29/><F29/><W58/><G46/><T91/><D91/><AGARI ba="4,0" hai="78,83,85,89,90,91,92,96,103,105,106,112,114,115" machi="91" ten="40,7700,0" yaku="34,3" doraHai="40" who="2" fromWho="0" sc="322,-89,199,0,263,89,216,0" /><INIT seed="2,5,0,2,5,29" ten="233,199,352,216" oya="2" hai0="87,63,54,27,65,104,121,32,30,59,23,11,20" hai1="38,133,118,26,53,35,19,116,14,44,126,112,107" hai2="89,86,77,76,52,2,42,8,37,13,66,115,50" hai3="110,88,0,113,103,132,31,15,91,123,43,47,95"/><V45/><F115/><W125/><G0/><T80/><D104/><U85/><E107/><V70/><F2/><W56/><G123/><T69/><D121/><U12/><E112/><V84/><F84/><W34/><G113/><T92/><D92/><U100/><E100/><V75/><F75/><W62/><G110/><T51/><REACH who="0" step="1"/><D11/><REACH who="0" ten="223,199,352,216" step="2"/><N who="1" m="6559" /><E118/><V74/><F74/><W124/><G95/><T81/><D81/><U131/><E116/><V82/><F70/><W22/><G125/><T61/><D61/><U67/><E126/><V127/><F127/><W122/><G62/><T17/><D17/><U128/><E128/><V10/><F10/><W96/><G124/><T73/><D73/><U21/><E131/><V18/><F66/><W93/><G93/><T24/><D24/><U25/><E67/><V119/><F119/><W39/><G122/><T46/><D46/><AGARI ba="5,1" hai="8,13,18,37,42,45,46,50,52,76,77,82,86,89" machi="46" ten="30,11600,0" yaku="7,1,25,2,54,1" doraHai="29" who="2" fromWho="0" sc="223,-131,199,0,352,141,216,0" /><INIT seed="2,6,0,3,4,55" ten="92,199,493,216" oya="2" hai0="83,120,41,85,92,130,87,48,69,112,14,29,106" hai1="117,11,58,35,17,125,76,68,47,110,38,8,78" hai2="16,93,111,133,126,53,129,99,34,97,51,104,6" hai3="39,109,122,67,115,66,121,100,89,9,61,7,60"/><V5/><F34/><W81/><G39/><T49/><D106/><U135/><E68/><V108/><F133/><W42/><G42/><T27/><D120/><U37/><E135/><V59/><F129/><W2/><G100/><T46/><D112/><U80/><E35/><V91/><F126/><W114/><G109/><N who="2" m="42057" /><F16/><W123/><G89/><T82/><D69/><U71/><E125/><V0/><F0/><W20/><G81/><T72/><D130/><U36/><E71/><V54/><F54/><W40/><G40/><T86/><D72/><U116/><E110/><V31/><F31/><W131/><G20/><T33/><D14/><U1/><E47/><V124/><F124/><W18/><G18/><T10/><D10/><U98/><E17/><V119/><F119/><W101/><G131/><T127/><D127/><U44/><E1/><V90/><F104/><W3/><G3/><T26/><D26/><U64/><E44/><V30/><F30/><W134/><G134/><T102/><REACH who="0" step="1"/><D49/><REACH who="0" ten="82,199,493,216" step="2"/><U77/><E116/><V62/><F51/><W70/><G121/><T24/><D24/><U13/><E117/><V50/><F50/><W79/><G123/><T4/><D4/><U74/><E11/><V103/><F6/><W57/><G122/><T28/><D28/><U43/><E8/><V65/><F5/><W22/><G115/><T21/><D21/><U105/><E13/><V132/><F132/><W52/><G114/><T95/><D95/><U32/><E105/><V84/><F93/><W118/><G7/><T107/><D107/><U56/><E36/><V96/><F103/><RYUUKYOKU ba="6,1" sc="82,30,199,-10,493,-10,216,-10" hai0="27,29,33,41,46,48,82,83,85,86,87,92,102" /><INIT seed="3,7,1,0,3,72" ten="112,189,483,206" oya="3" hai0="23,123,0,19,56,61,44,40,102,15,13,78,100" hai1="27,114,97,106,6,41,45,39,63,38,83,135,85" hai2="57,26,10,96,117,49,91,4,52,115,92,62,48" hai3="30,111,18,21,47,42,126,7,28,8,124,71,2"/><W70/><G71/><T94/><D0/><U88/><E114/><V118/><F115/><W80/><G70/><T79/><D123/><U93/><E135/><V87/><F26/><N who="3" m="14647" /><G80/><T20/><D94/><U11/><E106/><V110/><F110/><W133/><G133/><T16/><D102/><U107/><E63/><V43/><F118/><W59/><G59/><T3/><D3/><U29/><E107/><V55/><F117/><W130/><G130/><T121/><D100/><U82/><E39/><V68/><F68/><W81/><G81/><T34/><D34/><U99/><E83/><N who="2" m="49663" /><F43/><W67/><G67/><N who="0" m="39335" /><D121/><U89/><E99/><V109/><F109/><W69/><G69/><T101/><D101/><U128/><E128/><V77/><F62/><W17/><G111/><T64/><D64/><U105/><E105/><V53/><F57/><W104/><G104/><T75/><D75/><U32/><E6/><V120/><F120/><W25/><G7/><T36/><D36/><U95/><E11/><V74/><F4/><W14/><G8/><T58/><D58/><U132/><E132/><V5/><F10/><W65/><G65/><T112/><D112/><U73/><E73/><V90/><F5/><W119/><G2/><T60/><D60/><U116/><E82/><V66/><F66/><W129/><G129/><T31/><D31/><U35/><E116/><V51/><F74/><W131/><G30/><T113/><D113/><U103/><E103/><V122/><F122/><W134/><G28/><T9/><D9/><U37/><E37/><V86/><F96/><W46/><G119/><RYUUKYOKU ba="7,1" sc="112,10,189,10,483,10,206,-30" hai0="13,15,16,19,20,23,40,44,78,79" hai1="27,29,32,35,38,41,45,85,88,89,93,95,97" hai2="48,49,51,52,53,55,77,86,90,92" owari="122,-38.0,199,0.0,503,60.0,176,-22.0" /></mjloggm>