<mjloggm ver="2.3"><GO type="169" lobby="0"/><UN n0="%43%2E%43%2E%E3%82%B5%E3%83%90%E3%82%B7%E3%82%A2" n1="%E5%B0%B1%E6%B4%BB%E7%94%9F%40%E5%B7%9D%E6%9D%91%E8%BB%8D%E5%9B%A3" n2="%6B%69%79%6F%64%61%69" n3="%E3%81%B9%E3%81%91%E3%82%93" dan="17,16,17,16" rate="2178.16,2141.04,2225.55,2088.04" sx="F,M,M,M"/><TAIKYOKU oya="0"/><INIT seed="0,0,0,5,3,109" ten="250,250,250,250" oya="0" hai0="107,3,127,86,65,108,47,20,69,30,116,134,118" hai1="99,125,5,135,58,120,102,111,10,45,17,39,22" hai2="66,59,124,77,9,129,34,133,2,50,100,68,79" hai3="37,41,16,72,119,67,46,123,91,80,110,57,29"/><T61/><D108/><U105/><E111/><V27/><F59/><W25/><G110/><T95/><D107/><U63/><E120/><V122/><F50/><W12/><G119/><T76/><D3/><U117/><E117/><V53/><F53/><W97/><G123/><T83/><D127/><U81/><E125/><V24/><F24/><W131/><G131/><T49/><D134/><U55/><E135/><V51/><F51/><W11/><G72/><T96/><D30/><U88/><E39/><V114/><F79/><W70/><G70/><T73/><D20/><U4/><E45/><V60/><F77/><W113/><G113/><T43/><REACH who="0" step="1"/><D73/><REACH who="0" ten="240,250,250,250" step="2"/><U28/><E28/><V56/><F124/><W78/><G29/><T0/><D0/><U23/><E23/><V74/><F74/><W112/><G112/><T35/><D35/><U8/><E8/><V14/><F9/><W93/><G11/><T19/><D19/><U92/><E10/><V31/><F34/><W36/><G16/><T104/><D104/><U94/><E105/><V115/><F114/><W84/><G37/><T62/><D62/><U32/><E32/><V132/><F115/><W13/><G25/><T87/><D87/><N who="1" m="52255" /><E5/><V121/><F27/><W44/><G36/><T1/><D1/><U128/><E4/><V75/><F121/><W126/><G126/><T21/><D21/><U38/><E38/><V33/><F122/><W98/><G84/><T15/><D15/><N who="1" m="9535" /><E128/><V85/><F129/><W90/><G12/><T7/><D7/><U52/><E55/><V64/><F133/><W89/><G13/><RYUUKYOKU ba="0,1" sc="240,15,250,15,250,-15,250,-15" hai0="43,47,49,61,65,69,76,83,86,95,96,116,118" hai1="52,58,63,81,94,99,102" /><INIT seed="0,1,1,2,0,57" ten="255,265,235,235" oya="0" hai0="52,60,31,16,3,54,103,12,23,110,122,77,26" hai1="62,35,78,116,71,105,107,76,55,14,11,25,85" hai2="129,133,125,98,79,100,51,20,32,131,108,127,47" hai3="6,132,39,119,95,1,36,113,72,37,68,22,109"/><T126/><D122/><U99/><E116/><V48/><F32/><W130/><G95/><T96/><D126/><N who="2" m="48138" /><F108/><W87/><G87/><T18/><D3/><U56/><E71/><V9/><F79/><W80/><G80/><T7/><D110/><U27/><E35/><V86/><F86/><W89/><G89/><T66/><D7/><U33/><E33/><V50/><F20/><W118/><G22/><T21/><D18/><U84/><E105/><N who="2" m="63639" /><F9/><W17/><G17/><T81/><D81/><U2/><E2/><V5/><F5/><W121/><G6/><T67/><D77/><N who="1" m="29803" /><E99/><V73/><F73/><W97/><G97/><T46/><D46/><U63/><E107/><V83/><F83/><W106/><G37/><T88/><D67/><U69/><E85/><V8/><F8/><W15/><G15/><T40/><D40/><U82/><E84/><V65/><F65/><W29/><G29/><T41/><D41/><U101/><E101/><V92/><F92/><W34/><G39/><T114/><D114/><U19/><E82/><V64/><F64/><W91/><G91/><T0/><D0/><U61/><E69/><V53/><F133/><W42/><G42/><T45/><D45/><U94/><E94/><V134/><F134/><W112/><G112/><T59/><D88/><U24/><AGARI ba="1,1" hai="11,14,19,24,25,27,55,56,61,62,63" m="29803" machi="24" ten="30,7900,0" yaku="8,1,52,3" doraHai="57" who="1" fromWho="1" sc="255,-40,265,92,235,-21,235,-21" /><INIT seed="1,0,0,3,4,99" ten="215,357,214,214" oya="1" hai0="131,95,67,65,44,32,20,101,9,8,85,31,128" hai1="77,108,80,86,54,97,56,61,81,48,102,26,91" hai2="15,74,45,78,114,57,105,70,38,98,100,72,79" hai3="34,1,53,90,39,11,64,47,28,18,83,23,17"/><U55/><E108/><V75/><F70/><W88/><G64/><T118/><D32/><U41/><E41/><V71/><F71/><W87/><G34/><T96/><D118/><U115/><E115/><V49/><F114/><W66/><G66/><N who="0" m="25099" /><D44/><U117/><E117/><V4/><F57/><W124/><G124/><T10/><D85/><U58/><E26/><V92/><F38/><W103/><G103/><T52/><D52/><U122/><E122/><V132/><F132/><W60/><G39/><T130/><D20/><U12/><E12/><V42/><REACH who="2" step="1"/><F105/><REACH who="2" ten="215,357,204,214" step="2"/><W94/><G47/><T89/><D31/><U120/><E120/><V2/><F2/><W25/><G1/><T19/><D19/><U109/><E109/><V21/><F21/><W30/><G18/><T37/><D37/><U24/><E24/><V16/><F16/><N who="3" m="12519" /><G11/><AGARI ba="0,1" hai="4,11,15,42,45,49,72,74,75,78,79,92,98,100" machi="11" ten="40,8000,1" yaku="1,1,52,1,53,2" doraHai="99" doraHaiUra="73" who="2" fromWho="3" sc="215,0,357,0,204,90,214,-80" /><INIT seed="2,0,0,0,2,75" ten="215,357,294,134" oya="2" hai0="83,114,124,48,40,5,82,97,135,122,22,74,61" hai1="54,3,125,102,46,43,109,111,85,7,16,86,70" hai2="14,73,49,57,50,35,66,121,69,62,88,2,41" hai3="76,113,53,118,38,39,37,106,112,93,78,80,103"/><V105/><F105/><W30/><G118/><T59/><D114/><N who="3" m="44137" /><G30/><T89/><D122/><U28/><E28/><V92/><F2/><W79/><G106/><T63/><D124/><U19/><E70/><V17/><F35/><W1/><G1/><T120/><D120/><U65/><E65/><V27/><F73/><W29/><G29/><T127/><D135/><U116/><E116/><V64/><F121/><W23/><G23/><T10/><D22/><U115/><E115/><V132/><F132/><W56/><G80/><T107/><D82/><U45/><E102/><V119/><F119/><W44/><G103/><T68/><D68/><U94/><E125/><V24/><F66/><W95/><G44/><N who="0" m="25607" /><D74/><U15/><E3/><V18/><F18/><W72/><G72/><T34/><D34/><U108/><E54/><V58/><F69/><W47/><G47/><N who="1" m="17930" /><E43/><V81/><F81/><W25/><G25/><N who="2" m="9801" /><F58/><W126/><G126/><T87/><D59/><U84/><E94/><V26/><N who="2" m="9809" /><V101/><DORA hai="130" /><F101/><W31/><G31/><T42/><D42/><U100/><E100/><V32/><F32/><W98/><G98/><T21/><D97/><U99/><E99/><N who="2" m="57735" /><F41/><W8/><G8/><AGARI ba="0,0" hai="7,8,15,16,19,84,85,86,108,109,111" m="17930" machi="8" ten="40,2600,0" yaku="14,1,54,1" doraHai="75,130" who="1" fromWho="3" sc="215,0,357,26,294,0,134,-26" /><AGARI ba="0,0" hai="8,14,17,49,50,57,62,64" m="57735,9809" machi="8" ten="30,2900,0" yaku="8,1,54,1" doraHai="75,130" who="2" fromWho="3" sc="215,0,383,0,294,29,108,-29" /><INIT seed="2,1,0,4,5,23" ten="215,383,323,79" oya="2" hai0="17,55,126,33,32,113,127,70,75,1,96,63,100" hai1="44,119,135,110,50,26,101,118,38,134,30,42,53" hai2="60,24,52,83,73,133,59,84,77,79,7,8,27" hai3="2,20,76,115,109,18,107,37,128,114,95,71,74"/><V132/><F73/><W89/><G107/><T80/><D113/><U67/><E67/><V39/><F39/><W112/><G109/><T129/><D1/><U93/><E101/><V106/><F79/><W19/><G128/><T66/><D129/><U108/><E93/><V69/><F69/><W81/><G71/><T105/><D55/><U29/><E29/><V78/><F78/><W85/><G37/><T36/><D17/><U122/><E122/><V124/><F124/><N who="0" m="47658" /><D36/><U102/><E102/><V46/><F46/><W62/><G62/><T58/><D58/><N who="1" m="33079" /><E26/><V3/><F106/><W120/><G120/><T31/><D31/><U72/><E30/><V131/><F131/><W0/><REACH who="3" step="1"/><G19/><REACH who="3" ten="215,383,323,69" step="2"/><T4/><D70/><U117/><E72/><V41/><F41/><W15/><AGARI ba="1,1" hai="0,2,15,18,20,74,76,81,85,89,95,112,114,115" machi="15" ten="30,8000,1" yaku="1,1,2,1,0,1,11,1,53,1" doraHai="23" doraHaiUra="86" who="3" fromWho="3" sc="215,-21,383,-21,323,-41,69,93" /><INIT seed="3,0,0,2,5,128" ten="194,362,282,162" oya="3" hai0="58,56,131,83,38,71,124,66,93,80,39,90,21" hai1="78,36,14,35,122,18,68,72,95,84,65,32,99" hai2="76,46,2,13,77,129,135,133,60,112,92,64,0" hai3="94,22,51,50,73,11,19,12,97,10,67,62,82"/><W107/><G107/><T43/><D71/><U8/><E36/><V89/><F129/><W85/><G73/><T70/><D70/><U40/><E40/><V5/><F13/><W17/><G62/><T55/><D131/><U81/><E122/><V130/><F112/><W110/><G67/><T115/><D124/><U27/><E27/><V106/><F106/><W118/><G118/><T25/><D43/><U57/><E68/><N who="2" m="41991" /><F46/><W31/><G31/><N who="0" m="17839" /><D39/><U49/><E65/><V1/><F5/><W69/><G69/><T132/><D132/><N who="2" m="50762" /><F130/><W34/><G110/><T44/><D44/><U41/><E72/><V98/><AGARI ba="0,0" hai="0,1,2,76,77,89,92,98" m="50762,41991" machi="98" ten="40,8000,1" yaku="20,1,52,3" doraHai="128" who="2" fromWho="2" sc="194,-20,362,-20,282,80,162,-40" /><INIT seed="4,0,0,0,1,62" ten="174,342,362,122" oya="0" hai0="11,45,56,91,79,29,72,89,46,86,125,70,98" hai1="96,48,43,26,53,4,0,128,61,132,24,87,68" hai2="127,112,50,40,63,130,21,122,102,1,110,17,16" hai3="71,33,9,105,126,65,20,34,73,57,118,85,14"/><T31/><D70/><U95/><E128/><V104/><F1/><W58/><G118/><T100/><D125/><U131/><E131/><V35/><F35/><W42/><G73/><T3/><D91/><U101/><E132/><V77/><F110/><W74/><G74/><T39/><D39/><U108/><E108/><V67/><F77/><W37/><G126/><T27/><D3/><U38/><E0/><V18/><F130/><W28/><G105/><T115/><D115/><U129/><E4/><V10/><F10/><W123/><G123/><T106/><D11/><U5/><E5/><V36/><F36/><W82/><G37/><T93/><D56/><U30/><E129/><V52/><F40/><W25/><G42/><T47/><REACH who="0" step="1"/><D27/><REACH who="0" ten="164,342,362,122" step="2"/><U83/><E38/><V119/><F112/><W22/><G71/><T84/><D84/><U55/><E68/><V109/><F127/><W81/><G58/><T133/><D133/><U69/><E69/><V75/><F75/><W13/><G85/><T90/><D90/><U15/><E26/><V59/><F109/><W107/><G25/><T7/><D7/><U76/><E24/><V114/><F114/><W32/><G57/><T44/><N who="0" m="11264" /><DORA hai="2" /><T80/><AGARI ba="0,1" hai="29,31,72,79,80,86,89,93,98,100,106" m="11264" machi="80" ten="40,18000,2" yaku="1,1,4,1,0,1,24,2,53,2" doraHai="62,2" doraHaiUra="99,78" who="0" fromWho="0" sc="164,190,342,-60,362,-60,122,-60" /><INIT seed="4,1,0,1,2,23" ten="354,282,302,62" oya="0" hai0="130,63,102,77,42,20,68,65,57,6,124,10,67" hai1="81,69,45,117,15,99,85,107,105,113,94,48,100" hai2="2,79,12,54,84,121,64,18,7,31,19,47,133" hai3="50,66,90,88,126,135,17,29,3,51,92,37,123"/><T56/><D124/><U39/><E39/><V116/><F121/><W115/><G37/><T73/><D130/><U0/><E0/><V11/><F133/><W87/><G126/><T27/><D42/><U128/><E117/><V134/><F134/><W8/><G135/><T96/><D77/><U83/><E69/><V60/><F31/><W30/><G123/><T1/><D73/><U120/><E120/><V119/><F47/><W9/><G115/><T41/><D41/><U111/><E111/><V24/><F54/><W89/><G66/><T36/><D36/><U33/><E33/><V13/><F2/><W40/><G3/><T59/><D67/><U106/><E128/><V91/><F79/><W103/><G103/><T82/><D82/><U38/><E38/><V14/><F14/><W46/><G50/><T43/><D43/><U104/><E113/><V4/><F24/><W129/><G129/><T97/><REACH who="0" step="1"/><D102/><REACH who="0" ten="344,282,302,62" step="2"/><U32/><E100/><V34/><F119/><W114/><G114/><T35/><D35/><U72/><E32/><V86/><F34/><W131/><G131/><T101/><D101/><U21/><E81/><V118/><F118/><W49/><G90/><T125/><D125/><U75/><E72/><V74/><F74/><W26/><G89/><T25/><D25/><U108/><E75/><V122/><F116/><W44/><G26/><T112/><D112/><U95/><E83/><V110/><F122/><W80/><G80/><T16/><AGARI ba="1,1" hai="1,6,10,16,20,27,56,57,59,63,65,68,96,97" machi="16" ten="30,11700,0" yaku="1,1,0,1,52,1,54,1,53,0" doraHai="23" doraHaiUra="127" who="0" fromWho="0" sc="344,130,282,-40,302,-40,62,-40" /><INIT seed="4,2,0,5,1,116" ten="474,242,262,22" oya="0" hai0="97,113,31,60,29,10,92,121,18,104,61,36,11" hai1="33,85,21,84,26,94,117,53,120,102,2,134,105" hai2="52,58,32,70,46,67,34,114,38,77,55,72,7" hai3="74,15,123,3,73,28,13,30,125,76,126,64,48"/><T27/><D121/><U109/><E117/><V133/><F114/><W108/><G48/><T47/><D104/><U39/><E39/><V128/><F128/><W20/><G64/><T66/><D36/><U96/><E109/><V88/><F133/><W127/><G76/><T98/><D47/><U44/><E120/><V118/><F118/><W45/><G45/><T5/><D18/><U135/><E2/><V16/><F7/><W1/><G108/><T112/><D66/><U86/><E33/><V8/><F77/><W23/><REACH who="3" step="1"/><G126/><REACH who="3" ten="474,242,262,12" step="2"/><T12/><D60/><U50/><E134/><V100/><F46/><W75/><G75/><T83/><D61/><U24/><E135/><V59/><F72/><W106/><G106/><T43/><D43/><U63/><E105/><V49/><F49/><W6/><G6/><T9/><D5/><U101/><E63/><V131/><F67/><W57/><G57/><T91/><D112/><U65/><E65/><V22/><F59/><W56/><G56/><T35/><D113/><U19/><E44/><V103/><F58/><W4/><G4/><T130/><D130/><U87/><E50/><V124/><F131/><W80/><G80/><T54/><D83/><U62/><E62/><V89/><F124/><W68/><G68/><T95/><D54/><U107/><E53/><V40/><F70/><W41/><G41/><T71/><D71/><U42/><E42/><V79/><F40/><W17/><G17/><T122/><D31/><U93/><E107/><V82/><F16/><W99/><G99/><T132/><D97/><N who="1" m="59567" /><E86/><V51/><F51/><RYUUKYOKU ba="2,1" sc="474,-15,242,15,262,-15,12,15" hai1="19,21,24,26,84,85,87,94,96,102" hai3="1,3,13,15,20,23,28,30,73,74,123,125,127" /><INIT seed="5,3,1,1,5,104" ten="459,257,247,27" oya="1" hai0="132,91,22,11,73,112,64,52,10,95,37,49,108" hai1="120,23,83,74,129,14,60,25,57,81,130,98,19" hai2="134,41,55,65,135,2,45,78,59,9,106,51,50" hai3="15,47,18,127,12,3,88,44,87,68,110,67,39"/><U24/><E120/><V5/><F106/><W28/><G3/><T100/><D37/><U122/><E122/><V16/><F78/><W121/><G110/><T20/><D64/><U102/><E25/><V92/><F65/><W126/><G121/><T38/><D38/><U124/><E124/><N who="3" m="47658" /><G28/><T133/><D100/><U76/><E83/><V89/><REACH who="2" step="1"/><F16/><REACH who="2" ten="459,257,237,27" step="2"/><W21/><G67/><T131/><D108/><U85/><E24/><V97/><AGARI ba="3,2" hai="2,5,9,41,45,50,51,55,59,89,92,97,134,135" machi="97" ten="30,4000,0" yaku="1,1,2,1,0,1,53,0" doraHai="104" doraHaiUra="77" who="2" fromWho="2" sc="459,-13,257,-23,237,69,27,-13" /><INIT seed="6,0,0,2,1,45" ten="446,234,306,14" oya="2" hai0="126,13,87,57,79,118,129,7,18,94,10,58,97" hai1="127,81,41,30,133,49,124,90,40,60,27,62,110" hai2="104,74,35,16,24,54,5,64,114,125,15,2,61" hai3="134,101,63,109,38,50,67,122,33,20,92,123,70"/><V56/><F104/><W76/><G109/><T11/><D126/><N who="1" m="48171" /><E110/><V4/><F74/><W26/><G38/><T77/><D129/><U96/><E133/><V84/><F2/><W42/><G134/><T105/><D105/><U44/><E40/><V103/><F103/><W14/><G76/><T130/><D79/><U0/><E0/><V31/><F114/><W72/><G72/><T117/><D130/><U78/><E96/><V32/><F32/><W19/><G101/><N who="0" m="60599" /><D87/><N who="1" m="50543" /><E78/><V100/><F100/><W132/><G92/><T9/><D77/><U120/><E120/><V106/><F106/><W6/><G132/><T82/><D82/><U75/><E75/><V34/><F34/><AGARI ba="0,0" hai="27,30,34,41,44,49,60,62" m="50543,48171" machi="34" ten="30,2000,0" yaku="18,1,52,1" doraHai="45" who="1" fromWho="2" sc="446,0,234,20,306,-20,14,0" /><INIT seed="7,0,0,3,1,36" ten="446,254,286,14" oya="3" hai0="99,92,55,20,57,68,29,66,116,98,9,127,124" hai1="111,61,91,2,89,67,102,24,76,104,59,85,105" hai2="3,50,56,1,134,117,93,69,87,119,51,0,19" hai3="132,130,23,48,26,5,4,21,83,37,16,82,18"/><W103/><G37/><T73/><D73/><U71/><E2/><V14/><F69/><W120/><G120/><T107/><D68/><U54/><E111/><V75/><F75/><W62/><G132/><T47/><D116/><U25/><E76/><V125/><F134/><W49/><G130/><T96/><D98/><U113/><E113/><V115/><F115/><W78/><G103/><T32/><D47/><U128/><E128/><V133/><F133/><W30/><G62/><T118/><D9/><U109/><E109/><V52/><F125/><W33/><G33/><T8/><D66/><U45/><E45/><V101/><F50/><W112/><G112/><T123/><D92/><U38/><E38/><V129/><F129/><W108/><G108/><T7/><D7/><U43/><E43/><V74/><F74/><W41/><G78/><T97/><D29/><U17/><E91/><N who="2" m="53503" /><F101/><W27/><G30/><T46/><D97/><U11/><E102/><V40/><F40/><AGARI ba="0,0" hai="4,5,16,18,21,23,26,27,40,41,48,49,82,83" machi="40" ten="25,18000,2" yaku="22,2,8,1,52,2,54,1" doraHai="36" who="3" fromWho="2" sc="446,0,254,0,286,-180,14,180" /><INIT seed="7,1,0,1,2,10" ten="446,254,106,194" oya="3" hai0="53,69,87,40,108,35,92,38,72,126,113,83,75" hai1="121,74,1,27,82,88,120,115,123,127,34,117,80" hai2="104,16,101,7,134,61,28,30,37,85,124,71,68" hai3="18,6,32,78,110,114,11,106,89,56,8,3,14"/><W109/><G106/><T77/><D108/><U130/><E1/><V44/><F124/><W54/><G78/><T50/><D69/><U24/><E127/><V107/><F134/><W46/><G46/><T0/><D126/><U52/><E115/><V23/><F7/><W25/><G89/><T36/><D40/><U103/><E103/><V91/><F107/><W26/><G114/><T39/><D113/><U65/><E65/><V100/><F71/><W98/><G98/><T21/><D35/><U51/><E130/><V41/><F68/><W62/><G32/><T111/><D111/><AGARI ba="1,0" hai="3,6,8,11,14,18,25,26,54,56,62,109,110,111" machi="111" ten="40,3900,0" yaku="10,1,52,1" doraHai="10" who="3" fromWho="0" sc="446,-42,254,0,106,0,194,42" /><INIT seed="7,2,0,1,0,41" ten="404,254,106,236" oya="3" hai0="53,15,112,63,77,93,115,5,29,37,74,9,70" hai1="75,12,94,121,126,35,31,84,8,36,124,119,17" hai2="128,38,98,45,120,21,61,18,91,135,86,82,113" hai3="10,68,60,34,129,123,80,50,90,0,101,65,47"/><W104/><G123/><T122/><D122/><U79/><E36/><V20/><F113/><N who="0" m="43594" /><D37/><U103/><E121/><V95/><F120/><W130/><G34/><T1/><D29/><U72/><E119/><V2/><F2/><W56/><G101/><T69/><D93/><U4/><E4/><V26/><F128/><N who="3" m="49259" /><G104/><T125/><D125/><N who="1" m="48235" /><E31/><V116/><F135/><W59/><G0/><T52/><D52/><U42/><E42/><V71/><F116/><W66/><G10/><N who="0" m="2351" /><D77/><U25/><E35/><V99/><F71/><W39/><G39/><T64/><D74/><U13/><E79/><V14/><F38/><W28/><G28/><T87/><D87/><U85/><E85/><V81/><F81/><W109/><G109/><T55/><D69/><U97/><E84/><V96/><F61/><N who="3" m="40015" /><G80/><T114/><D114/><U134/><E134/><V40/><F82/><W131/><G131/><T127/><D127/><U57/><E75/><V32/><F32/><W100/><G100/><T58/><D70/><U43/><E72/><V107/><F107/><W117/><G90/><T83/><D83/><U132/><E132/><V89/><F89/><W118/><G59/><T54/><D64/><U27/><E57/><V46/><REACH who="2" step="1"/><F40/><AGARI ba="2,0" hai="40,47,50,56,60,65,117,118" m="40015,49259" machi="40" ten="30,11600,0" yaku="19,1,34,2,52,1" doraHai="41" who="3" fromWho="2" sc="404,0,254,0,106,-122,236,122" owari="404,51.0,254,-15.0,-16,-52.0,358,16.0" /></mjloggm>