<mjloggm ver="2.3"><GO type="41" lobby="0"/><UN n0="%E5%B0%B1%E6%B4%BB%E7%94%9F%40%E5%B7%9D%E6%9D%91%E8%BB%8D%E5%9B%A3" n1="%E3%81%B2%79%6B%6F%6B%6F%72%6F" n2="%5A%7A%5F%42%65%74%74%79" n3="%E3%83%8F%E3%82%A4%E3%82%B5%E3%82%A4%EF%BC%81" dan="17,14,14,14" rate="2211.83,1977.88,1859.04,1908.85" sx="M,F,M,M"/><TAIKYOKU oya="0"/><INIT seed="0,0,0,1,3,94" ten="250,250,250,250" oya="0" hai0="0,41,51,70,56,29,28,31,43,37,16,34,86" hai1="32,79,68,49,5,115,71,97,36,83,111,40,21" hai2="109,75,25,18,108,52,65,89,69,66,126,57,113" hai3="22,12,45,67,106,20,30,3,99,27,35,23,13"/><T7/><D70/><U10/><E32/><V85/><F75/><W92/><G3/><T4/><D34/><U81/><E111/><N who="2" m="42571" /><F126/><W6/><G106/><T80/><D37/><U90/><E115/><V44/><F44/><W132/><G132/><T116/><D116/><U117/><E117/><V38/><F38/><W133/><G133/><T72/><D72/><U129/><E129/><V17/><F113/><W131/><G131/><T54/><D16/><N who="2" m="6250" /><F25/><W104/><G104/><T62/><D0/><U60/><E21/><V105/><F105/><W87/><G6/><N who="0" m="2091" /><D51/><U84/><E60/><N who="2" m="35879" /><F69/><W24/><G24/><T96/><D43/><U58/><E58/><V95/><AGARI ba="0,0" hai="65,66,85,89,95" m="35879,6250,42571" machi="95" ten="30,4000,0" yaku="14,1,54,2" doraHai="94" who="2" fromWho="2" sc="250,-20,250,-10,250,40,250,-10" /><INIT seed="1,0,0,0,1,117" ten="230,240,290,240" oya="1" hai0="12,6,71,30,81,94,75,8,83,7,126,15,27" hai1="60,37,127,57,111,43,132,77,2,86,73,1,123" hai2="103,118,88,35,101,74,95,40,23,96,28,109,65" hai3="49,16,69,129,92,44,106,108,67,51,115,105,17"/><U90/><E132/><V34/><F74/><W93/><G115/><T87/><D126/><U121/><E127/><V62/><F109/><W64/><G129/><T48/><D71/><U134/><E134/><V113/><F113/><W116/><G44/><T68/><D68/><U125/><E125/><V124/><F40/><W5/><G69/><T99/><D75/><U9/><E111/><V32/><F118/><W54/><G5/><T82/><D48/><U84/><E73/><V110/><F110/><W41/><G41/><T53/><D53/><U63/><E77/><V120/><F120/><W36/><G36/><T72/><D72/><U47/><E63/><V22/><F101/><W33/><G33/><T114/><D114/><U133/><E133/><V50/><F50/><W3/><G3/><T70/><D70/><U131/><E131/><V20/><F28/><W79/><G116/><T14/><D87/><U11/><E2/><V4/><F4/><W58/><G79/><T10/><D15/><U39/><E39/><V59/><F124/><W107/><G107/><T66/><D66/><U13/><E1/><V24/><F103/><W122/><G108/><T18/><D18/><N who="1" m="8511" /><E9/><V102/><F35/><W52/><G58/><T56/><D56/><U19/><E19/><V104/><F24/><W38/><G38/><T26/><D30/><U100/><E100/><AGARI ba="0,0" hai="6,7,8,10,12,14,26,27,81,82,83,94,99,100" machi="100" ten="40,2600,0" yaku="9,1,8,1" doraHai="117" who="0" fromWho="1" sc="230,26,240,-26,290,0,240,0" /><INIT seed="2,0,0,0,5,62" ten="256,214,290,240" oya="2" hai0="103,105,81,70,60,0,23,68,97,76,42,99,37" hai1="33,116,25,57,2,7,96,64,22,5,52,134,11" hai2="13,49,125,16,47,85,9,93,112,20,100,128,54" hai3="69,72,101,18,24,84,132,106,133,51,127,94,14"/><V67/><F112/><W77/><G72/><T124/><D0/><U48/><E116/><V56/><F128/><W86/><G106/><T40/><D124/><U29/><E134/><V130/><F130/><W41/><G127/><T46/><D99/><U73/><E73/><V98/><F85/><W95/><G24/><T19/><D42/><U55/><E7/><V3/><F3/><W122/><G69/><T126/><D126/><U87/><E96/><V118/><F118/><W119/><G122/><T26/><REACH who="0" step="1"/><D60/><REACH who="0" ten="246,214,290,240" step="2"/><U71/><E71/><V88/><F125/><W66/><G41/><T36/><D36/><U120/><E120/><V65/><F100/><W90/><G101/><T92/><D92/><U17/><E87/><AGARI ba="0,1" hai="19,23,26,37,40,46,68,70,76,81,87,97,103,105" machi="87" ten="30,2000,0" yaku="1,1,7,1,53,0" doraHai="62" doraHaiUra="107" who="0" fromWho="1" sc="246,30,214,-20,290,0,240,0" /><INIT seed="3,0,0,1,1,23" ten="276,194,290,240" oya="3" hai0="134,101,111,46,130,85,62,59,80,98,53,110,16" hai1="30,113,3,122,51,90,60,103,84,95,44,135,78" hai2="39,0,83,63,97,10,66,71,55,18,29,12,93" hai3="128,104,27,17,112,5,77,43,34,108,94,89,1"/><W20/><G112/><T125/><D130/><U119/><E122/><V92/><F39/><W88/><G104/><T26/><D125/><U33/><E113/><V11/><F83/><W40/><G128/><T123/><D123/><U45/><E3/><V35/><F0/><W70/><G70/><T129/><D129/><U124/><E124/><V4/><F10/><W8/><G108/><T42/><D134/><U133/><E119/><V86/><F86/><W58/><G77/><T14/><D98/><U41/><E103/><V121/><F121/><W126/><G126/><T54/><D101/><U74/><E60/><V81/><F81/><W6/><G6/><T47/><D54/><U99/><E74/><V2/><F55/><W65/><G34/><T28/><D42/><U36/><E78/><V25/><REACH who="2" step="1"/><F97/><REACH who="2" ten="276,194,280,240" step="2"/><W57/><G43/><T64/><D85/><U72/><E72/><V15/><F15/><W76/><G40/><T127/><D80/><U37/><E99/><V82/><F82/><W100/><G76/><T7/><D53/><U19/><E37/><V105/><F105/><W56/><G65/><T115/><D127/><U32/><E36/><V114/><F114/><W9/><G8/><N who="0" m="6215" /><D115/><U102/><E135/><V116/><F116/><W22/><G1/><T131/><D131/><U120/><E120/><V31/><F31/><W21/><G9/><T132/><D132/><U38/><E133/><V118/><F118/><W106/><G106/><T87/><D87/><U68/><E30/><V69/><F69/><W61/><G94/><T52/><D28/><U75/><E68/><RYUUKYOKU ba="0,1" sc="276,-10,194,-10,280,30,240,-10" hai2="2,4,11,12,18,25,29,35,63,66,71,92,93" /><INIT seed="4,1,1,5,3,57" ten="266,184,310,230" oya="0" hai0="86,131,84,106,121,132,1,72,30,56,128,59,69" hai1="0,47,122,99,67,125,85,8,14,81,17,71,78" hai2="25,103,93,6,70,135,80,22,90,89,13,53,101" hai3="119,102,109,32,15,23,9,108,64,24,98,134,51"/><T10/><D121/><U54/><E122/><V29/><F135/><W82/><G119/><T16/><D72/><U50/><E125/><V123/><F70/><W7/><G32/><T95/><D106/><U100/><E0/><V55/><F80/><W34/><G34/><T105/><D105/><U28/><E28/><V58/><F55/><W61/><G82/><T3/><D30/><U130/><E130/><N who="0" m="49705" /><D132/><U11/><E71/><V75/><F75/><W116/><G51/><T113/><D69/><U65/><REACH who="1" step="1"/><E8/><REACH who="1" ten="266,174,310,230" step="2"/><N who="2" m="4247" /><F123/><W33/><G134/><T112/><D3/><U46/><E46/><V115/><F115/><N who="0" m="44106" /><D59/><U63/><E63/><V107/><F58/><W117/><G117/><T43/><D56/><U4/><E4/><V49/><F29/><W42/><G116/><T124/><D124/><U19/><E19/><V129/><F107/><AGARI ba="1,2" hai="11,14,17,47,50,54,65,67,78,81,85,99,100,107" machi="107" ten="30,3900,0" yaku="1,1,7,1,53,1" doraHai="57" doraHaiUra="12" who="1" fromWho="2" sc="266,0,174,62,310,-42,230,0" /><INIT seed="5,0,0,2,0,129" ten="266,236,268,230" oya="1" hai0="102,73,11,14,65,83,53,70,74,39,44,101,12" hai1="3,121,21,78,18,100,4,32,127,85,93,82,5" hai2="16,1,19,89,56,125,2,62,124,126,9,23,17" hai3="66,34,60,98,108,29,0,54,20,118,107,27,48"/><U47/><E121/><V115/><F89/><W38/><G38/><T50/><D39/><U71/><E32/><V135/><F62/><W68/><G108/><T55/><D70/><U79/><E71/><V49/><F49/><W87/><G118/><T99/><D65/><U112/><E112/><V59/><F115/><W51/><G0/><N who="2" m="105" /><F9/><W24/><G87/><T113/><D113/><U45/><E127/><V104/><F104/><W109/><G109/><T97/><D83/><U111/><E111/><V94/><F94/><W110/><G110/><T88/><D88/><N who="1" m="51255" /><E3/><V90/><F90/><W43/><G43/><T114/><D114/><U7/><E100/><V77/><F77/><N who="1" m="29193" /><E93/><V69/><F69/><W120/><G120/><T123/><D123/><U52/><E52/><V10/><F10/><W130/><G107/><T84/><D84/><U72/><E72/><V80/><F80/><W64/><G98/><T92/><D55/><U57/><E57/><N who="2" m="22091" /><F23/><W6/><G20/><T103/><D103/><U31/><E31/><V91/><F91/><W105/><G29/><T8/><D74/><U128/><E128/><V30/><F30/><W116/><G130/><T36/><D73/><U117/><E117/><V35/><F35/><W58/><G34/><T25/><D36/><U26/><AGARI ba="0,0" hai="4,5,7,18,21,26,45,47" m="29193,51255" machi="26" ten="30,3000,0" yaku="8,1,54,1" doraHai="129" who="1" fromWho="1" sc="266,-10,236,30,268,-10,230,-10" /><INIT seed="5,1,0,5,3,41" ten="256,266,258,220" oya="1" hai0="11,9,112,129,0,33,7,75,78,135,133,91,38" hai1="84,12,83,117,27,82,46,48,19,28,111,26,116" hai2="131,43,108,13,3,22,118,109,87,61,132,51,105" hai3="62,101,102,34,93,104,68,8,100,99,5,92,60"/><U134/><E134/><N who="0" m="51209" /><D38/><U4/><E4/><V110/><F105/><W123/><G34/><T71/><D71/><U55/><E111/><V18/><F87/><W58/><G123/><T24/><D75/><U39/><E39/><V17/><F61/><W31/><G31/><N who="0" m="19687" /><D78/><U57/><E57/><V50/><F3/><W65/><G101/><T6/><D91/><U90/><E82/><V124/><F118/><W79/><G79/><T69/><D69/><U56/><E56/><V66/><F66/><W73/><G73/><T77/><D77/><U36/><E36/><V88/><F132/><W81/><G81/><T85/><D85/><U21/><REACH who="1" step="1"/><E27/><REACH who="1" ten="256,256,258,220" step="2"/><V98/><F110/><W94/><G5/><T70/><D70/><U15/><E15/><V97/><F13/><W128/><G68/><T40/><D112/><U47/><E47/><V32/><F108/><W20/><G58/><T53/><D7/><U14/><E14/><V122/><F109/><W10/><G65/><T23/><D6/><U74/><E74/><V106/><F122/><W44/><G44/><T95/><D0/><U2/><E2/><V25/><F25/><W96/><G60/><T72/><D72/><U29/><E29/><V30/><F30/><W54/><G62/><T103/><D129/><U120/><E120/><V130/><F130/><W80/><G128/><T16/><D16/><U59/><E59/><V64/><F131/><W52/><G104/><T35/><D11/><AGARI ba="1,1" hai="11,12,19,21,26,28,46,48,55,83,84,90,116,117" machi="11" ten="30,12000,1" yaku="1,1,7,1,25,2,52,1,53,0" doraHai="41" doraHaiUra="37" who="1" fromWho="0" sc="256,-123,256,133,258,0,220,0" /><INIT seed="5,2,0,5,0,78" ten="133,389,258,220" oya="1" hai0="101,131,75,121,100,119,102,29,51,46,48,10,87" hai1="16,114,64,57,69,108,113,67,116,135,72,6,89" hai2="12,56,33,97,70,2,32,5,49,3,26,127,23" hai3="68,112,130,41,77,38,107,34,40,24,1,18,83"/><U44/><E116/><V19/><F70/><W35/><G107/><T28/><D119/><U103/><E135/><V81/><F56/><W93/><G1/><N who="2" m="9" /><F49/><W90/><G68/><T80/><D131/><U36/><E89/><V8/><F81/><W47/><G130/><T27/><D121/><U109/><E103/><V66/><F66/><W21/><G41/><T62/><D75/><U31/><E44/><V88/><F88/><W132/><G132/><T98/><D10/><U110/><E72/><V134/><F97/><W133/><G133/><T54/><D62/><U30/><E57/><V123/><F134/><W82/><G112/><T60/><D60/><U73/><E73/><V20/><F127/><W39/><G39/><T17/><D98/><U52/><E69/><V74/><F74/><W117/><G117/><T50/><D17/><U9/><E36/><V55/><F55/><W7/><G7/><T129/><D129/><U76/><E76/><V85/><F85/><W122/><G122/><T53/><D27/><U94/><E64/><V59/><F59/><W42/><G42/><T0/><D0/><U71/><E67/><V63/><F63/><W128/><G128/><T91/><REACH who="0" step="1"/><D46/><REACH who="0" ten="123,389,258,220" step="2"/><U86/><E71/><V22/><F123/><W25/><G25/><T79/><D79/><U14/><E109/><V124/><F124/><W84/><G77/><T126/><D126/><U96/><E108/><V104/><F19/><W118/><G118/><T111/><D111/><U45/><E16/><V58/><F26/><W43/><G24/><T106/><D106/><U125/><E110/><RYUUKYOKU ba="2,1" sc="123,30,389,-10,258,-10,220,-10" hai0="28,29,48,50,51,53,54,80,87,91,100,101,102" /><INIT seed="6,3,1,5,2,74" ten="153,379,248,210" oya="2" hai0="68,90,51,59,11,69,53,119,15,71,135,107,110" hai1="109,92,5,100,77,42,65,103,31,7,82,133,112" hai2="36,127,79,72,56,52,117,0,86,12,60,2,14" hai3="75,4,73,21,123,85,116,38,9,29,120,131,66"/><V104/><F117/><W64/><G116/><T125/><D110/><U28/><E109/><V124/><F104/><W3/><G38/><T37/><D119/><U96/><E112/><V91/><F36/><W10/><G131/><T129/><D129/><U39/><E133/><V35/><F35/><W48/><G73/><T102/><D135/><U61/><E103/><V58/><F58/><W32/><G75/><T45/><D125/><N who="2" m="48202" /><F2/><W111/><G32/><T99/><D90/><U106/><E106/><V8/><F8/><W130/><G111/><T128/><D128/><U114/><E114/><V26/><F26/><W67/><G10/><T44/><REACH who="0" step="1"/><D37/><REACH who="0" ten="143,379,248,210" step="2"/><U118/><E118/><V76/><F0/><W83/><G130/><T16/><AGARI ba="3,2" hai="11,15,16,44,45,51,53,59,68,69,71,99,102,107" machi="16" ten="30,8000,1" yaku="1,1,2,1,0,1,54,1,53,1" doraHai="74" doraHaiUra="55" who="0" fromWho="0" sc="143,109,379,-23,248,-43,210,-23" /><INIT seed="7,0,0,1,4,51" ten="252,356,205,187" oya="3" hai0="72,81,43,30,31,64,39,10,126,67,135,41,84" hai1="52,95,34,47,80,110,62,55,1,53,93,11,32" hai2="54,112,5,76,109,21,22,85,88,69,71,99,49" hai3="12,121,70,114,8,113,9,83,42,58,68,127,35"/><W29/><G121/><T7/><D72/><U115/><E110/><V118/><F109/><W44/><G127/><T61/><D135/><U101/><E115/><N who="3" m="44042" /><G9/><T0/><D126/><U124/><E124/><V65/><F112/><W15/><G15/><N who="0" m="5599" /><D39/><U133/><E133/><V63/><F71/><W98/><G29/><N who="0" m="10763" /><D0/><U14/><E1/><V57/><F5/><N who="3" m="3087" /><G35/><T82/><D82/><U60/><E34/><V74/><F74/><W38/><G83/><T73/><D73/><U92/><E32/><V116/><F76/><W94/><G58/><N who="0" m="36919" /><D67/><U86/><E101/><AGARI ba="0,0" hai="38,42,44,68,70,94,98,101" m="3087,44042" machi="101" ten="30,1500,0" yaku="15,1" doraHai="51" who="3" fromWho="1" sc="252,0,356,-15,205,0,187,15" /><INIT seed="7,1,0,1,2,97" ten="252,341,205,202" oya="3" hai0="69,109,61,132,67,84,73,14,65,117,125,1,39" hai1="74,83,3,102,35,6,43,40,53,108,123,95,94" hai2="58,121,24,127,70,59,62,81,104,0,15,100,12" hai3="47,52,118,25,110,13,64,115,5,90,80,124,29"/><W131/><G118/><T103/><D73/><U23/><E108/><V37/><F37/><W105/><G110/><T46/><D1/><U56/><E35/><V8/><F0/><W93/><G105/><T75/><D75/><U17/><E123/><V26/><F121/><W96/><G131/><T92/><D67/><U91/><E6/><V2/><F2/><W89/><G115/><T71/><D71/><U36/><E3/><V135/><F135/><W77/><G64/><T72/><D72/><U20/><E36/><V55/><F127/><W19/><G5/><T18/><D132/><U129/><E129/><V57/><F15/><W87/><G124/><T113/><D113/><U130/><E130/><V10/><F10/><W54/><G47/><T21/><D109/><U33/><E33/><V98/><F70/><W99/><G99/><T31/><D31/><U22/><E17/><V114/><F114/><W49/><G49/><T120/><D120/><U122/><E122/><V45/><F45/><W66/><G66/><T32/><D32/><U16/><E16/><V111/><F111/><W4/><G4/><T28/><D28/><U27/><E27/><V119/><F119/><W78/><G77/><T42/><D125/><U30/><E30/><V48/><F59/><W60/><G60/><T116/><D84/><N who="1" m="50591" /><E74/><V79/><F79/><W128/><G78/><T9/><D9/><U68/><E68/><V101/><F81/><W112/><G128/><T86/><D86/><U88/><E56/><V63/><F58/><W41/><G112/><T82/><D82/><U85/><E53/><RYUUKYOKU ba="1,0" sc="252,15,341,15,205,-15,202,-15" hai0="14,18,21,39,42,46,61,65,69,92,103,116,117" hai1="20,22,23,40,43,85,88,94,95,102" owari="267,7.0,356,45.0,190,-21.0,187,-31.0" /></mjloggm>