<mjloggm ver="2.3"><GO type="169" lobby="0"/><UN n0="%E2%91%A3%E3%82%BB%E3%83%B3%E3%83%81" n1="%E3%81%98%E3%82%83%E3%81%B3%E3%81%A3%E3%81%A8" n2="%E5%B0%B1%E6%B4%BB%E7%94%9F%40%E5%B7%9D%E6%9D%91%E8%BB%8D%E5%9B%A3" n3="%E8%99%8E%E7%9A%AE%E7%8C%AB" dan="18,16,17,16" rate="2186.11,2092.51,2194.84,2083.91" sx="M,M,M,F"/><TAIKYOKU oya="0"/><INIT seed="0,0,0,3,1,14" ten="250,250,250,250" oya="0" hai0="75,68,47,22,19,94,63,56,74,26,54,44,13" hai1="99,35,89,125,40,3,29,5,25,48,86,116,117" hai2="53,27,118,45,83,95,41,57,66,38,77,92,16" hai3="73,60,69,112,39,24,1,132,119,123,49,104,0"/><T7/><D68/><U111/><E111/><V107/><F107/><W135/><RYUUKYOKU type="yao9" ba="0,0" sc="250,0,250,0,250,0,250,0" hai3="0,1,24,39,49,60,69,73,104,112,119,123,132,135" /><INIT seed="0,1,0,0,4,80" ten="250,250,250,250" oya="0" hai0="30,9,73,98,110,32,97,115,118,43,15,82,49" hai1="103,44,72,42,91,14,99,83,36,56,116,107,2" hai2="89,76,11,113,112,29,37,38,78,7,135,94,122" hai3="64,60,120,41,126,86,105,27,33,59,12,90,117"/><T100/><D115/><U123/><E123/><V6/><F122/><W63/><G117/><T121/><D121/><U57/><E116/><V1/><F135/><W48/><G120/><T24/><D118/><U13/><E2/><V84/><F29/><W8/><G105/><T22/><D110/><U45/><E45/><V104/><F104/><W3/><G3/><T102/><D32/><U114/><E114/><V62/><F6/><W23/><G126/><T101/><D73/><U85/><REACH who="1" step="1"/><E72/><REACH who="1" ten="250,240,250,250" step="2"/><V92/><F112/><W119/><G119/><T58/><D43/><U79/><E79/><V46/><F113/><W25/><G41/><T75/><D75/><U111/><E111/><V133/><F46/><W28/><G33/><T51/><D102/><U96/><E96/><V40/><F40/><W39/><G39/><T35/><D35/><U74/><E74/><V31/><F38/><W20/><G59/><AGARI ba="1,1" hai="13,14,36,42,44,56,57,59,83,85,91,99,103,107" machi="59" ten="40,8000,1" yaku="1,1,52,1,53,3" doraHai="80" doraHaiUra="52" who="1" fromWho="3" sc="250,0,240,93,250,0,250,-83" /><INIT seed="1,0,0,5,2,75" ten="250,333,250,167" oya="1" hai0="2,77,54,74,63,130,97,49,98,81,94,120,35" hai1="89,95,1,41,85,110,4,106,0,117,115,126,16" hai2="90,66,15,127,38,18,62,27,101,50,124,78,58" hai3="26,76,5,57,79,114,9,24,109,56,7,10,28"/><U53/><E117/><V68/><F38/><W60/><G114/><T40/><D130/><U45/><E115/><V55/><F101/><W11/><G109/><T31/><D2/><U135/><E106/><V86/><F27/><N who="3" m="10283" /><G28/><T23/><D35/><U72/><E72/><V65/><F65/><N who="3" m="39047" /><G57/><T19/><D31/><U70/><E70/><V113/><F113/><W51/><G51/><T88/><D120/><U119/><E119/><V29/><F29/><W32/><G32/><T25/><D40/><U22/><E135/><V46/><F78/><AGARI ba="0,0" hai="5,7,9,10,11,76,78,79" m="39047,10283" machi="78" ten="30,7700,0" yaku="8,1,52,3" doraHai="75" who="3" fromWho="2" sc="250,0,333,0,250,-77,167,77" /><INIT seed="2,0,0,2,2,69" ten="250,333,173,244" oya="2" hai0="128,120,82,126,28,34,103,116,78,22,115,37,66" hai1="9,3,87,38,49,122,107,60,43,44,109,51,134" hai2="108,7,106,24,15,13,46,110,57,102,73,76,105" hai3="56,77,89,11,20,17,81,2,23,70,124,88,48"/><V83/><F57/><W26/><G70/><T0/><D0/><U114/><E107/><V33/><F7/><W8/><G124/><T113/><D34/><U50/><E114/><V117/><F117/><W95/><G2/><T16/><D28/><U129/><E109/><N who="2" m="42091" /><F46/><W61/><G48/><T79/><D120/><U19/><E122/><V127/><F127/><W52/><G20/><T14/><D116/><U85/><E134/><V130/><F130/><W67/><G67/><T62/><D128/><U55/><E129/><V4/><F4/><W135/><G135/><T40/><D126/><U125/><E125/><V12/><F102/><W71/><G71/><T132/><D132/><U84/><E60/><V86/><F73/><W131/><G131/><T25/><D103/><U68/><E68/><V39/><F39/><W80/><G89/><T58/><D79/><U36/><E36/><V101/><F101/><W45/><G45/><T98/><D37/><U96/><E38/><V112/><F112/><W18/><G18/><T31/><D115/><U10/><E3/><V30/><AGARI ba="0,0" hai="12,13,15,24,30,33,76,83,86,105,106" m="42091" machi="30" ten="40,3900,0" yaku="14,1,10,1" doraHai="69" who="2" fromWho="2" sc="250,-13,333,-13,173,39,244,-13" /><INIT seed="2,1,0,5,1,133" ten="237,320,212,231" oya="2" hai0="125,0,76,132,18,112,65,84,100,83,5,14,80" hai1="106,25,29,20,34,52,41,54,19,42,87,53,21" hai2="69,86,109,117,127,128,43,23,78,71,82,121,48" hai3="116,11,93,40,105,123,4,7,32,49,39,74,58"/><V17/><F121/><W64/><G116/><T45/><D112/><U85/><E106/><V124/><F117/><W8/><G105/><T89/><D132/><U55/><N who="1" m="13312" /><DORA hai="122" /><U95/><E34/><V130/><F109/><W75/><G32/><T111/><D100/><U57/><E57/><V104/><F104/><W107/><G107/><T50/><D65/><U27/><REACH who="1" step="1"/><E95/><REACH who="1" ten="237,310,212,231" step="2"/><V2/><F71/><W134/><G93/><T102/><D111/><U36/><E36/><V131/><F69/><W22/><G58/><T81/><D45/><U77/><E77/><V16/><F2/><W70/><G39/><T79/><D50/><U118/><E118/><V51/><F17/><W101/><G49/><N who="2" m="19017" /><F43/><AGARI ba="1,1" hai="19,20,21,25,27,29,41,42,43,85,87" m="13312" machi="43" ten="50,6400,0" yaku="1,1,8,1,54,1,53,0" doraHai="133,122" doraHaiUra="1,126" who="1" fromWho="2" sc="237,0,310,77,212,-67,231,0" /><INIT seed="3,0,0,0,5,45" ten="237,387,145,231" oya="3" hai0="11,88,38,97,46,8,95,100,129,22,42,31,93" hai1="119,25,43,65,103,37,102,109,106,30,5,36,50" hai2="51,83,79,77,7,66,99,32,78,34,123,26,24" hai3="20,15,110,114,94,84,128,90,13,57,52,56,39"/><W117/><G114/><T105/><D129/><U60/><E109/><V68/><F123/><W131/><G117/><T12/><D105/><U28/><E119/><V67/><F7/><W122/><G39/><T126/><D126/><U10/><E30/><V63/><F83/><W111/><G122/><T72/><D72/><U134/><E134/><V14/><F14/><N who="3" m="5131" /><G20/><T71/><D71/><N who="1" m="42407" /><E103/><V53/><F99/><W41/><G41/><T98/><REACH who="0" step="1"/><D31/><REACH who="0" ten="227,387,145,231" step="2"/><U121/><E28/><V61/><F32/><W133/><G133/><T124/><D124/><U73/><E73/><V59/><REACH who="2" step="1"/><F34/><REACH who="2" ten="227,387,135,231" step="2"/><W116/><G116/><T135/><D135/><U89/><E121/><V96/><F96/><W101/><G131/><T115/><D115/><U80/><E5/><V27/><F27/><W107/><G128/><T3/><D3/><U70/><E25/><V48/><F48/><N who="3" m="30727" /><G107/><T1/><D1/><U92/><E106/><V47/><AGARI ba="0,2" hai="24,26,47,51,53,59,61,63,66,67,68,77,78,79" machi="47" ten="30,4000,0" yaku="1,1,0,1,52,1,53,0" doraHai="45" doraHaiUra="33" who="2" fromWho="2" sc="227,-10,387,-10,135,60,231,-20" /><INIT seed="4,0,0,2,1,6" ten="217,377,195,211" oya="0" hai0="9,4,86,47,128,36,56,111,51,129,77,131,90" hai1="60,113,106,80,112,94,133,123,0,92,127,89,85" hai2="39,26,74,50,122,53,100,14,99,24,19,33,121" hai3="108,109,69,83,43,97,118,96,40,5,64,98,72"/><T48/><D111/><U21/><E0/><V95/><F39/><W23/><G118/><T110/><D110/><U52/><E123/><V130/><F74/><W107/><G107/><T61/><D77/><U18/><E106/><V15/><F130/><W42/><G5/><T28/><D28/><U70/><E133/><V11/><F33/><W45/><G23/><T2/><D36/><U66/><E127/><V103/><F103/><W22/><G22/><T68/><D68/><U125/><E125/><V71/><F71/><W17/><G17/><T58/><D47/><U34/><E34/><V82/><F82/><W35/><G35/><T8/><D8/><U55/><E92/><V134/><F134/><W41/><G72/><T79/><D79/><U93/><E93/><V67/><F67/><W105/><G105/><T78/><D78/><U7/><E80/><V3/><F3/><W59/><G83/><N who="0" m="49503" /><D58/><U29/><E7/><V44/><REACH who="2" step="1"/><F14/><REACH who="2" ten="217,377,185,211" step="2"/><W117/><G69/><T101/><D101/><U10/><E66/><AGARI ba="0,1" hai="2,4,9,48,51,56,61,66,128,129,131" m="49503" machi="66" ten="30,2900,0" yaku="19,1,52,1" doraHai="6" who="0" fromWho="1" sc="217,39,377,-29,185,0,211,0" /><INIT seed="4,1,0,0,1,99" ten="256,348,185,211" oya="0" hai0="77,86,89,92,73,13,6,71,85,59,45,8,69" hai1="35,98,55,31,2,65,93,16,58,7,64,12,129" hai2="75,68,57,117,32,66,81,97,74,22,83,49,46" hai3="3,113,122,4,80,133,20,79,33,91,38,62,25"/><T104/><D73/><U0/><E129/><V130/><F32/><W131/><G131/><T70/><D104/><U47/><E7/><V44/><F130/><W96/><G122/><T14/><D59/><U36/><E35/><V40/><F117/><W132/><G33/><T54/><D54/><U106/><E31/><V18/><F68/><W128/><G128/><T116/><D116/><U121/><E121/><V84/><F81/><W63/><G38/><T37/><D14/><U114/><E106/><V109/><F109/><W126/><G126/><T39/><REACH who="0" step="1"/><D45/><REACH who="0" ten="246,348,185,211" step="2"/><U101/><E2/><V28/><F46/><W88/><G3/><T61/><D61/><U118/><E0/><V24/><F57/><W15/><G62/><T10/><D10/><U120/><E118/><V119/><F119/><W123/><G63/><T52/><D52/><U43/><E120/><V29/><F66/><W9/><G123/><T78/><D78/><U125/><E125/><V17/><F74/><W42/><G79/><T100/><D100/><U108/><E108/><V27/><F75/><W34/><G15/><T107/><D107/><U5/><E65/><V41/><F41/><W19/><G9/><T11/><D11/><N who="1" m="6175" /><E64/><V94/><F40/><W48/><G42/><T26/><D26/><U67/><E67/><V111/><F111/><W127/><G25/><T102/><D102/><U30/><E58/><V23/><F44/><W51/><G127/><T72/><D72/><U87/><E55/><V112/><F112/><W110/><G110/><T115/><D115/><U76/><E114/><V95/><F27/><RYUUKYOKU ba="1,1" sc="246,30,348,-10,185,-10,211,-10" hai0="6,8,13,37,39,69,70,71,77,85,86,89,92" /><INIT seed="4,2,1,0,3,47" ten="276,338,175,201" oya="0" hai0="114,77,10,19,37,119,97,28,106,34,33,71,118" hai1="127,74,21,38,59,39,72,18,23,70,135,7,130" hai2="91,48,110,43,126,131,35,95,0,25,26,105,36" hai3="67,100,32,62,133,102,40,96,68,76,56,93,84"/><T124/><D37/><U81/><E70/><V20/><F105/><W60/><G32/><T115/><D77/><U63/><E135/><V12/><F0/><W80/><G133/><T112/><D71/><U78/><E130/><V31/><F36/><W30/><G30/><T92/><D106/><U82/><E127/><V86/><F131/><W113/><G113/><T53/><D124/><U107/><E107/><V45/><F126/><W42/><REACH who="3" step="1"/><G102/><REACH who="3" ten="276,338,175,191" step="2"/><T73/><D28/><U13/><E72/><V101/><F110/><W85/><G85/><T103/><D73/><U132/><E74/><V123/><F123/><W52/><AGARI ba="2,2" hai="40,42,52,56,60,62,67,68,76,80,84,93,96,100" machi="52" ten="20,5200,0" yaku="1,1,0,1,7,1,54,1,53,0" doraHai="47" doraHaiUra="15" who="3" fromWho="3" sc="276,-28,338,-15,175,-15,191,78" /><INIT seed="5,0,0,1,3,117" ten="248,323,160,269" oya="1" hai0="109,34,54,18,72,17,39,4,83,125,23,128,44" hai1="76,46,78,0,27,113,49,64,63,90,47,91,134" hai2="103,133,26,119,37,84,97,122,32,70,116,87,59" hai3="127,94,28,95,33,24,43,68,60,71,25,74,73"/><U120/><E0/><V69/><F37/><W107/><G107/><T65/><D34/><U100/><E113/><V126/><F126/><W111/><G111/><T41/><D109/><U48/><E134/><V5/><F133/><W16/><G127/><T106/><D125/><U6/><E6/><V58/><F5/><W75/><G43/><T3/><D106/><U66/><E100/><V80/><F32/><W96/><G60/><T8/><D128/><U132/><E132/><V51/><F51/><N who="1" m="19529" /><E27/><V115/><F115/><W7/><G7/><T104/><D104/><U88/><E120/><V89/><F26/><W101/><REACH who="3" step="1"/><G94/><REACH who="3" ten="248,323,160,259" step="2"/><T20/><D54/><U129/><E63/><V53/><F116/><W131/><G131/><T9/><D65/><N who="1" m="25195" /><E129/><V108/><F119/><W62/><G62/><T15/><D18/><U57/><E57/><V112/><F108/><W81/><G81/><T77/><AGARI ba="0,1" hai="3,4,8,9,15,17,20,23,39,41,44,72,77,83" machi="77" ten="30,4000,0" yaku="0,1,25,2" doraHai="117" who="0" fromWho="0" sc="248,50,323,-20,160,-10,259,-10" /><INIT seed="6,0,0,4,5,34" ten="298,303,150,249" oya="2" hai0="12,133,52,41,40,58,109,35,132,25,127,64,81" hai1="14,125,33,69,101,102,92,130,122,61,129,93,87" hai2="0,88,18,62,94,126,36,54,120,19,56,84,60" hai3="123,115,71,117,51,106,46,116,13,65,49,44,9"/><V45/><F120/><W78/><G106/><T21/><D109/><U26/><E122/><V135/><F126/><W55/><G123/><T121/><D121/><U98/><E125/><V66/><F135/><N who="0" m="51786" /><D127/><U99/><E14/><V68/><REACH who="2" step="1"/><F0/><REACH who="2" ten="298,303,140,249" step="2"/><W91/><G116/><T11/><D35/><U47/><E33/><V112/><F112/><W39/><G115/><T1/><D1/><U96/><E130/><V22/><F22/><W59/><G117/><T80/><D21/><U86/><E129/><V83/><F83/><W70/><G9/><T2/><D2/><U4/><E69/><V108/><F108/><W79/><G70/><T63/><D81/><U67/><E93/><V134/><F134/><W89/><G71/><T97/><D80/><U8/><E92/><V17/><F17/><W95/><G95/><T107/><D11/><U42/><E8/><V5/><F5/><W28/><G78/><T72/><D107/><U53/><E4/><V75/><F75/><W43/><G79/><T24/><D72/><U6/><E6/><V118/><F118/><W119/><G119/><T103/><D25/><U20/><E20/><V82/><F82/><W90/><G28/><T111/><D24/><U57/><E26/><V27/><F27/><W37/><G13/><T104/><D111/><U7/><E7/><V124/><F124/><W48/><G37/><T114/><D114/><U32/><E32/><V85/><F85/><W74/><G74/><T110/><D110/><U31/><E31/><V23/><F23/><W77/><G77/><T10/><D12/><U105/><E105/><RYUUKYOKU ba="0,1" sc="298,-15,303,-15,140,15,249,15" hai2="18,19,36,45,54,56,60,62,66,68,84,88,94" hai3="39,43,44,46,48,49,51,55,59,65,89,90,91" /><INIT seed="6,1,1,4,2,100" ten="283,288,155,264" oya="2" hai0="115,114,52,84,63,127,80,74,34,44,90,124,85" hai1="108,78,79,8,27,41,51,0,82,76,68,103,58" hai2="77,28,21,32,131,133,116,62,40,11,18,67,73" hai3="14,88,9,42,26,93,43,126,45,119,75,125,13"/><V6/><F116/><W4/><G75/><T113/><D74/><U117/><E117/><V60/><F131/><W120/><G119/><T107/><D34/><U102/><E68/><V95/><F133/><W53/><G120/><T105/><D85/><U96/><E108/><V49/><F73/><W48/><G26/><T38/><D63/><U110/><E110/><V118/><F118/><W135/><G135/><T111/><D111/><U106/><E102/><V15/><F77/><W98/><REACH who="3" step="1"/><G13/><REACH who="3" ten="283,288,155,254" step="2"/><T50/><D38/><U101/><E27/><N who="2" m="18463" /><F95/><W25/><G25/><T94/><D94/><U22/><E0/><N who="2" m="455" /><F67/><W134/><G134/><T17/><D17/><U7/><E106/><AGARI ba="1,2" hai="44,50,52,80,84,90,105,106,107,113,114,115,124,127" machi="106" ten="50,8000,1" yaku="15,1,52,3,54,1" doraHai="100" who="0" fromWho="1" sc="283,103,288,-83,155,0,254,0" /><INIT seed="7,0,0,0,2,67" ten="386,205,155,254" oya="3" hai0="45,10,27,20,114,94,15,66,93,135,50,124,63" hai1="19,85,8,53,57,48,1,106,127,37,131,33,89" hai2="46,17,7,100,103,28,99,132,105,40,82,29,78" hai3="84,71,86,91,107,4,98,13,121,95,92,133,30"/><W129/><G121/><T39/><D39/><U23/><E33/><V44/><F132/><W115/><G133/><T80/><D135/><U118/><E37/><V9/><F103/><W102/><G129/><T134/><D134/><U0/><E106/><V70/><F17/><W130/><G130/><T47/><D124/><U77/><E131/><V52/><F70/><W58/><G115/><T11/><D80/><U97/><E127/><V79/><F46/><W31/><G71/><T90/><D114/><U68/><E118/><V26/><F26/><W21/><G58/><N who="0" m="37239" /><D45/><U74/><E68/><V62/><F78/><W49/><G49/><T36/><D36/><U96/><E74/><V109/><F109/><W65/><G65/><T35/><D35/><U34/><E34/><V14/><F62/><W120/><G120/><T59/><D59/><U112/><E77/><V76/><F76/><W126/><G126/><T43/><D15/><U75/><E75/><V122/><F122/><W22/><G107/><T3/><D3/><U113/><E113/><V61/><F61/><W55/><G13/><T116/><D116/><U18/><E112/><V16/><F7/><W83/><G4/><T110/><D110/><U101/><E101/><V32/><F32/><W108/><G102/><T41/><D41/><U123/><E123/><V54/><F40/><W88/><G108/><T38/><D43/><U56/><E53/><V128/><F128/><W72/><G55/><T2/><D47/><U81/><E19/><V24/><F24/><W69/><G72/><T73/><D73/><U12/><E18/><RYUUKYOKU ba="0,0" sc="386,0,205,0,155,0,254,0" owari="386,48.0,205,-19.0,155,-34.0,254,5.0" /></mjloggm>