<mjloggm ver="2.3"><GO type="169" lobby="0"/><UN n0="%E3%82%89%E3%81%84%E3%81%B5%E3%81%8C%E3%83%BC%E3%81%A9%E3%81%99%E3%81%8D" n1="%E3%82%A6%E3%83%AB%E3%83%88%E3%83%A9%E7%AB%8B%E7%9B%B4" n2="%E3%81%84%E3%81%8F%E3%82%84%E3%81%BE%E2%98%86%E3%81%95%E3%82%80%E3%81%8A" n3="%E3%83%A0%E3%83%83%E3%82%B7%E3%83%A5%E3%83%AB" dan="17,17,16,16" rate="2203.06,2209.34,2064.83,2037.47" sx="M,M,M,M"/><TAIKYOKU oya="0"/><INIT seed="0,0,0,5,4,53" ten="250,250,250,250" oya="0" hai0="123,129,77,84,100,75,73,36,96,17,46,81,117" hai1="56,131,59,2,10,24,82,101,70,80,105,33,49" hai2="120,88,63,126,125,1,57,41,128,111,54,13,29" hai3="12,102,95,23,87,72,69,78,97,122,35,79,86"/><T34/><D34/><U51/><E70/><V89/><F111/><W6/><G69/><T116/><D36/><U133/><E105/><V50/><F1/><W107/><G35/><T55/><D46/><U124/><E2/><V3/><F3/><W115/><G115/><T112/><D55/><U74/><E74/><N who="0" m="28169" /><D17/><U104/><E104/><V15/><F128/><W127/><G6/><T27/><D27/><U114/><E33/><V67/><F120/><W93/><G12/><N who="2" m="4681" /><F29/><W4/><G4/><T71/><D71/><U98/><E131/><V92/><F92/><N who="3" m="35403" /><G23/><T45/><D45/><U20/><E114/><V134/><F134/><W135/><G135/><T39/><D39/><U47/><E133/><V43/><F126/><W65/><G65/><T132/><D123/><U94/><E124/><V9/><F9/><W19/><G19/><T26/><D112/><U62/><E10/><V91/><F125/><W119/><G127/><T14/><D132/><U83/><E62/><V52/><F54/><W90/><G122/><T85/><D129/><U22/><E22/><V60/><F60/><W18/><G18/><T103/><D117/><U64/><E64/><V121/><F121/><W106/><G119/><T113/><D113/><U99/><E99/><V61/><F61/><W76/><G72/><N who="0" m="43175" /><D96/><U21/><E21/><V48/><F67/><W110/><G110/><T7/><D116/><U25/><E25/><V130/><F130/><W8/><G8/><N who="0" m="4383" /><D26/><U11/><E11/><V68/><F68/><W66/><G66/><T109/><D109/><U58/><E47/><V118/><F118/><RYUUKYOKU ba="0,0" sc="250,10,250,10,250,10,250,-30" hai0="84,85,100,103" hai1="20,24,49,51,56,58,59,80,82,83,94,98,101" hai2="41,43,48,50,52,57,63,88,89,91" /><INIT seed="0,1,0,0,0,104" ten="260,260,260,220" oya="0" hai0="61,107,59,131,118,133,108,83,129,7,60,92,112" hai1="44,40,13,103,30,101,79,0,124,77,96,42,18" hai2="34,11,3,67,127,115,105,89,71,52,121,74,28" hai3="47,16,84,10,56,43,24,110,125,116,45,120,2"/><T80/><D107/><U21/><E124/><V97/><F52/><W57/><G116/><T64/><D118/><U86/><E0/><V87/><F115/><W128/><G125/><T15/><D112/><U17/><E30/><V81/><F127/><W22/><G110/><T119/><D119/><U99/><E86/><V82/><F121/><W68/><G68/><T9/><D133/><U33/><E33/><V39/><F39/><W91/><G128/><N who="0" m="49227" /><D108/><U51/><E40/><V109/><F109/><W72/><G72/><T31/><D31/><U132/><E132/><V63/><F11/><W46/><G43/><T102/><D61/><U123/><E123/><V35/><F3/><W126/><G120/><T100/><D100/><U90/><E90/><V76/><REACH who="2" step="1"/><F28/><REACH who="2" ten="260,260,250,220" step="2"/><W78/><G126/><T93/><D102/><AGARI ba="1,1" hai="34,35,63,67,71,74,76,81,82,87,89,97,102,105" machi="102" ten="40,5200,0" yaku="1,1,2,1,52,1,53,0" doraHai="104" doraHaiUra="69" who="2" fromWho="0" sc="260,-55,260,0,250,65,220,0" /><INIT seed="1,0,0,0,5,66" ten="205,260,315,220" oya="1" hai0="40,0,24,59,73,15,1,69,31,52,95,130,79" hai1="77,39,126,124,108,32,118,48,56,63,91,50,128" hai2="103,72,109,96,121,28,18,129,70,65,74,9,3" hai3="135,6,75,104,90,62,38,55,98,105,122,86,8"/><U101/><E101/><V64/><F109/><W93/><G122/><T37/><D130/><U84/><E32/><V76/><F121/><W43/><G135/><T46/><D69/><U107/><E107/><N who="2" m="63975" /><F64/><W89/><G75/><T19/><D95/><U83/><E118/><V47/><F18/><W68/><G38/><T58/><D58/><U71/><E39/><V27/><F47/><W106/><G43/><T112/><D112/><U7/><E128/><V102/><F102/><W94/><G55/><T14/><D14/><U78/><E108/><V23/><F23/><W87/><G62/><T17/><D17/><U111/><E111/><V132/><F76/><N who="1" m="29289" /><E7/><N who="2" m="1279" /><F129/><W67/><G67/><T25/><D25/><U26/><E26/><V53/><F53/><W125/><G125/><N who="1" m="48234" /><E71/><V60/><F132/><W61/><G61/><T36/><D36/><U113/><E113/><V45/><F45/><W11/><G68/><T97/><D46/><U119/><E119/><V88/><F74/><W33/><G33/><T41/><D73/><U22/><E22/><V115/><F72/><W49/><G49/><T123/><D37/><U29/><E29/><V16/><F28/><W13/><G8/><T12/><D31/><U133/><E133/><V100/><F100/><AGARI ba="0,0" hai="6,11,13,86,87,89,90,93,94,98,100,104,105,106" machi="100" ten="40,1300,0" yaku="9,1" doraHai="66" who="3" fromWho="2" sc="205,0,260,0,315,-13,220,13" /><INIT seed="2,0,0,5,2,51" ten="205,260,302,233" oya="2" hai0="116,44,0,31,38,54,48,127,128,40,108,103,12" hai1="13,34,26,15,79,91,80,106,5,4,39,111,131" hai2="65,14,85,95,62,87,117,78,11,19,7,86,115" hai3="109,72,124,46,47,110,58,29,1,114,37,69,130"/><V8/><F115/><W100/><G69/><T118/><D0/><U35/><E91/><V59/><F117/><N who="0" m="45162" /><D103/><U134/><E80/><V107/><F107/><W50/><G114/><T10/><D108/><N who="3" m="41577" /><G130/><T70/><D70/><U2/><E79/><V61/><F61/><W82/><G124/><T129/><D31/><U17/><E39/><V75/><F95/><W81/><G72/><T60/><D60/><U73/><E73/><V88/><F88/><W33/><G1/><T32/><D32/><N who="1" m="12331" /><E106/><V133/><F133/><W126/><G126/><T42/><D127/><U105/><E105/><V83/><REACH who="2" step="1"/><F75/><REACH who="2" ten="205,260,292,233" step="2"/><W122/><G100/><T102/><D102/><U30/><E111/><V20/><F20/><W27/><G122/><T121/><D121/><U94/><E94/><V66/><F66/><W71/><G71/><T57/><D129/><U76/><E134/><V89/><F89/><W120/><G120/><T64/><D128/><U96/><E131/><V45/><F45/><N who="3" m="16907" /><G37/><T93/><D38/><U53/><E96/><V28/><F28/><W36/><G36/><T41/><D93/><U74/><E74/><V104/><F104/><W6/><G6/><N who="0" m="3159" /><D64/><U101/><E5/><V9/><F9/><W63/><G63/><T25/><D44/><U92/><E30/><V98/><F98/><W52/><AGARI ba="0,1" hai="27,29,33,50,52,58,81,82" m="16907,41577" machi="52" ten="30,4000,0" yaku="14,1,52,1,54,1" doraHai="51" who="3" fromWho="3" sc="205,-10,260,-10,292,-20,233,50" /><INIT seed="3,0,0,0,5,102" ten="195,250,272,283" oya="3" hai0="78,65,4,101,83,58,46,121,64,70,42,100,128" hai1="112,86,22,126,20,71,37,14,3,57,28,7,73" hai2="30,82,48,123,27,61,34,54,8,21,31,68,74" hai3="60,79,62,92,113,35,56,105,130,99,6,19,133"/><W106/><G113/><T9/><D70/><U93/><E71/><V33/><F123/><W119/><G119/><T63/><D121/><U43/><E73/><V49/><F31/><W103/><G35/><T134/><D65/><U109/><E112/><V118/><F118/><W53/><G130/><T125/><D125/><U80/><E109/><V129/><F129/><W85/><G133/><T5/><D5/><U111/><E111/><V95/><F95/><W81/><G6/><T91/><D91/><U87/><E126/><V69/><F48/><W10/><G10/><T115/><D134/><U76/><E22/><V45/><F8/><W72/><G72/><T104/><D104/><U84/><E57/><V127/><F127/><W131/><G131/><T47/><D47/><U17/><E28/><V132/><F132/><W75/><G19/><T117/><D115/><U89/><E3/><V88/><F69/><W77/><REACH who="3" step="1"/><G62/><REACH who="3" ten="195,250,272,273" step="2"/><T23/><D117/><U122/><E7/><V59/><F74/><W1/><G1/><T108/><D128/><U44/><E122/><V2/><F2/><W52/><G52/><T38/><D108/><U36/><E86/><N who="2" m="50263" /><F34/><W32/><G32/><T107/><D9/><U39/><AGARI ba="0,1" hai="14,17,20,36,37,39,43,44,76,80,84,87,89,93" machi="39" ten="20,1500,0" yaku="0,1,7,1" doraHai="102" who="1" fromWho="1" sc="195,-4,250,25,272,-4,273,-7" /><INIT seed="4,0,0,5,0,63" ten="191,275,268,266" oya="0" hai0="52,1,51,91,111,25,67,43,74,100,129,123,116" hai1="44,72,132,11,115,59,77,32,117,61,87,65,83" hai2="113,102,88,5,31,84,0,112,16,29,128,81,121" hai3="97,12,105,38,108,110,50,109,96,125,41,126,53"/><T2/><D116/><U30/><E117/><V28/><F121/><W10/><G41/><T8/><D123/><U98/><E132/><V37/><F128/><W107/><G38/><T134/><D129/><U20/><E115/><N who="2" m="44107" /><F37/><W47/><G105/><T86/><D74/><U120/><E120/><V78/><F102/><W101/><REACH who="3" step="1"/><G97/><REACH who="3" ten="191,275,268,256" step="2"/><T90/><D43/><U6/><E98/><V80/><F0/><W75/><G75/><T23/><D2/><U70/><E72/><N who="2" m="43079" /><F5/><AGARI ba="0,1" hai="5,10,12,47,50,53,96,101,107,108,109,110,125,126" machi="5" ten="40,1300,0" yaku="1,1,53,0" doraHai="63" doraHaiUra="73" who="3" fromWho="2" sc="191,0,275,0,268,-13,256,23" /><INIT seed="5,0,0,2,2,59" ten="191,275,255,279" oya="1" hai0="101,44,85,77,71,22,34,3,65,37,69,117,63" hai1="33,119,20,109,108,28,123,133,112,110,18,57,42" hai2="135,6,15,89,130,49,36,35,79,41,70,10,113" hai3="17,47,55,94,38,97,96,67,116,84,23,91,83"/><U124/><E42/><V127/><F36/><W60/><G116/><T100/><D34/><U13/><E119/><V29/><F79/><W46/><G38/><T40/><D117/><U16/><E123/><V61/><F135/><W102/><G97/><T120/><D120/><U21/><E133/><V56/><F70/><W90/><G102/><T64/><D3/><U53/><E124/><V31/><F127/><W52/><G46/><T107/><D22/><U7/><E7/><V125/><F125/><W45/><G47/><T50/><D107/><U75/><E75/><V106/><F106/><W129/><G45/><T87/><D37/><U26/><E112/><V115/><F130/><W32/><G32/><T122/><D122/><U14/><E109/><V30/><F41/><W86/><G96/><T25/><D25/><U105/><REACH who="1" step="1"/><E105/><REACH who="1" ten="191,265,255,279" step="2"/><V51/><F115/><W8/><G129/><T98/><D40/><U104/><E104/><V111/><F111/><W121/><G121/><T74/><D74/><U131/><E131/><V39/><F113/><W93/><G83/><T54/><D100/><U126/><E126/><V82/><F39/><W11/><G11/><T12/><D101/><U128/><E128/><V66/><F35/><W132/><G8/><T80/><D80/><U0/><E0/><V88/><F82/><W72/><G72/><T76/><D76/><U103/><E103/><V95/><F95/><W5/><G5/><T48/><D77/><U62/><AGARI ba="0,1" hai="13,14,16,18,20,21,26,28,33,53,57,62,108,110" machi="62" ten="30,12000,1" yaku="1,1,0,1,9,1,52,1,54,1,53,0" doraHai="59" doraHaiUra="68" who="1" fromWho="1" sc="191,-40,265,130,255,-40,279,-40" /><INIT seed="5,1,0,3,5,95" ten="151,395,215,239" oya="1" hai0="92,36,10,112,90,33,50,86,19,65,49,68,66" hai1="63,39,23,2,11,99,125,53,115,8,45,27,42" hai2="130,110,78,126,96,3,117,48,0,5,82,13,47" hai3="84,98,106,32,79,114,133,41,135,83,97,22,69"/><U111/><E115/><V52/><F110/><W85/><G32/><T101/><D112/><U80/><E125/><V109/><F117/><W105/><G69/><T24/><D36/><U21/><E21/><V75/><F126/><W58/><G41/><T59/><D68/><U4/><E111/><V104/><F109/><W108/><G108/><T107/><D33/><U62/><E11/><V71/><F130/><W44/><G44/><T102/><D107/><N who="3" m="40969" /><G58/><T56/><D56/><U9/><E9/><V131/><F131/><W46/><G46/><T38/><D38/><U61/><E80/><V72/><F72/><N who="3" m="43495" /><G22/><N who="0" m="13407" /><D10/><U31/><E53/><V123/><F71/><W16/><G16/><T51/><D59/><U73/><E73/><V127/><F127/><W60/><G60/><T43/><D43/><U88/><E61/><V116/><F0/><W6/><G6/><T124/><D124/><U94/><AGARI ba="1,0" hai="2,4,8,23,27,31,39,42,45,62,63,88,94,99" machi="94" ten="30,6000,0" yaku="0,1,52,1,54,1" doraHai="95" who="1" fromWho="1" sc="151,-21,395,63,215,-21,239,-21" /><INIT seed="5,2,0,2,2,17" ten="130,458,194,218" oya="1" hai0="54,57,111,58,108,126,56,103,76,106,50,49,12" hai1="25,48,90,0,131,52,75,11,31,124,97,110,64" hai2="87,43,39,95,66,135,99,70,118,22,125,105,123" hai3="120,67,129,59,82,93,117,89,16,4,102,72,10"/><U14/><E75/><V73/><F123/><W45/><G120/><T133/><D76/><U91/><E0/><V41/><F73/><W130/><G117/><T19/><D126/><U116/><E116/><V18/><F118/><W30/><G102/><T63/><D133/><U112/><E64/><V35/><F125/><W121/><G121/><T61/><D106/><U71/><E71/><V37/><F135/><W13/><G30/><T42/><D103/><U7/><E112/><V62/><F87/><W53/><G67/><T15/><D15/><U23/><E131/><N who="3" m="50186" /><G45/><N who="0" m="25783" /><D12/><U29/><E110/><N who="0" m="42025" /><D19/><N who="1" m="12543" /><E124/><V55/><F105/><W85/><G72/><T65/><D61/><U78/><E78/><V36/><F35/><W20/><G82/><T109/><N who="0" m="42033" /><T33/><DORA hai="28" /><D33/><U132/><E132/><V127/><F127/><W113/><G113/><T94/><D94/><N who="1" m="56535" /><E91/><V47/><F62/><N who="3" m="36207" /><G4/><T96/><D96/><U83/><E83/><V8/><F99/><W134/><G134/><T114/><D114/><U40/><E40/><V98/><F43/><W92/><G92/><T69/><AGARI ba="2,0" hai="50,54,56,57,58,63,65,69" m="42033,25783" machi="69" ten="40,2700,0" yaku="34,2" doraHai="17,28" who="0" fromWho="0" sc="130,33,458,-15,194,-9,218,-9" /><INIT seed="6,0,0,1,1,50" ten="163,443,185,209" oya="2" hai0="88,125,29,35,132,82,119,104,135,98,15,71,121" hai1="32,38,2,101,31,1,37,117,63,8,62,46,107" hai2="12,134,86,127,72,64,24,55,20,75,19,87,94" hai3="56,40,110,34,128,77,126,69,80,59,28,105,83"/><V47/><F134/><N who="0" m="51242" /><D121/><U67/><E63/><V100/><F127/><W115/><G110/><T99/><D125/><U36/><E46/><V18/><F64/><W33/><G126/><T103/><D71/><N who="1" m="42487" /><E8/><V14/><F72/><W57/><G105/><T113/><D119/><U5/><E5/><V95/><F75/><W79/><G69/><T58/><D113/><U70/><E70/><V93/><F100/><W17/><G115/><T92/><D82/><U41/><E41/><V11/><F24/><W44/><G128/><T27/><D58/><U133/><E133/><V42/><REACH who="2" step="1"/><F55/><REACH who="2" ten="163,443,175,209" step="2"/><W91/><G33/><N who="0" m="20671" /><D15/><U81/><E101/><V52/><F52/><W10/><G34/><AGARI ba="0,1" hai="34,35,88,92,98,99,103,104" m="20671,51242" machi="34" ten="30,2000,0" yaku="20,1,54,1" doraHai="50" who="0" fromWho="3" sc="163,30,443,0,175,0,209,-20" /><INIT seed="7,0,0,0,2,58" ten="193,443,175,189" oya="3" hai0="36,43,8,16,116,89,1,68,91,59,17,128,70" hai1="104,21,95,129,96,135,93,50,19,118,39,124,85" hai2="100,35,4,11,41,133,119,6,10,28,49,102,61" hai3="57,23,71,18,111,44,32,13,98,82,64,29,107"/><W69/><G111/><T7/><D116/><U87/><E39/><V134/><F119/><W108/><G108/><T51/><D36/><U84/><E124/><V5/><F49/><W112/><G112/><T53/><D128/><U60/><E60/><V15/><F41/><W86/><G44/><T38/><D70/><U12/><E129/><V31/><F35/><W109/><G109/><T55/><D68/><U110/><E135/><N who="2" m="51723" /><F15/><W56/><G69/><T37/><D37/><U121/><E104/><V78/><F78/><W22/><G32/><T46/><D55/><U83/><E110/><V20/><F20/><W81/><G71/><T25/><D25/><U74/><E87/><V120/><F120/><W130/><G130/><T14/><D17/><U114/><E93/><V9/><F61/><W26/><G64/><T77/><D77/><U105/><E19/><V79/><F79/><W126/><G126/><T76/><D76/><U99/><E74/><V131/><F131/><W123/><G123/><T97/><D38/><U92/><E96/><V90/><F90/><W73/><G73/><T63/><D97/><U27/><E114/><V72/><F72/><W3/><G3/><T125/><D125/><U127/><E127/><V103/><AGARI ba="0,0" hai="4,5,6,9,10,11,28,31,100,102,103" m="51723" machi="103" ten="40,8000,1" yaku="29,2,28,2,20,1" doraHai="58" who="2" fromWho="2" sc="193,-20,443,-20,175,80,189,-40" owari="173,-23.0,423,52.0,255,6.0,149,-35.0" /></mjloggm>