<mjloggm ver="2.3"><GO type="169" lobby="0"/><UN n0="%40%E3%82%A4%E3%82%AB" n1="%E3%81%99%E3%81%B0%E3%82%89%E3%81%A3%E2%98%85" n2="%E5%B0%B1%E6%B4%BB%E7%94%9F%40%E5%B7%9D%E6%9D%91%E8%BB%8D%E5%9B%A3" n3="%E3%81%93%E3%82%8C%E3%81%AF%E3%82%B9%E3%82%B8%E3%83%92%E3%81%A0%E3%82%8F" dan="16,16,18,16" rate="2099.38,2074.98,2254.67,2084.81" sx="M,F,M,M"/><TAIKYOKU oya="0"/><INIT seed="0,0,0,0,1,66" ten="250,250,250,250" oya="0" hai0="55,53,16,24,74,41,33,29,50,23,26,128,19" hai1="97,114,60,48,80,11,89,13,77,9,42,95,47" hai2="2,39,10,72,63,18,8,38,98,106,85,1,73" hai3="0,87,83,43,123,75,69,115,6,118,31,64,15"/><T57/><D74/><U67/><E114/><V112/><F112/><W133/><G118/><T121/><D121/><U100/><E100/><V30/><F85/><W131/><G115/><T96/><D128/><U105/><E105/><V134/><F134/><W110/><G110/><T124/><D124/><U132/><E13/><V116/><F63/><W32/><G75/><T108/><D108/><U70/><REACH who="1" step="1"/><E132/><REACH who="1" ten="250,240,250,250" step="2"/><V135/><F106/><W20/><G15/><T34/><D34/><U101/><E101/><V17/><F135/><W65/><G32/><T92/><D41/><U129/><E129/><V45/><F116/><W122/><G43/><T61/><D33/><U59/><E59/><V127/><F127/><W49/><G133/><T94/><D26/><U107/><E107/><V117/><F117/><W56/><G56/><N who="0" m="32823" /><D94/><U27/><E27/><V78/><F2/><W35/><G35/><T81/><D81/><U37/><E37/><V71/><F1/><W82/><G82/><T102/><AGARI ba="0,1" hai="16,19,23,24,29,55,57,61,92,96,102" m="32823" machi="102" ten="30,3000,0" yaku="8,1,54,1" doraHai="66" who="0" fromWho="0" sc="250,40,240,-10,250,-10,250,-10" /><INIT seed="0,1,0,3,4,132" ten="290,230,240,240" oya="0" hai0="113,44,10,17,46,54,104,94,86,82,65,76,30" hai1="28,98,119,49,2,64,66,120,11,33,25,3,91" hai2="114,81,125,117,38,27,97,56,6,105,24,14,59" hai3="95,133,79,109,72,122,130,73,80,92,7,71,1"/><T121/><D121/><U115/><E119/><V124/><F114/><W78/><G71/><T52/><D104/><U32/><E120/><V128/><F117/><W70/><G70/><T116/><D113/><U61/><E115/><V8/><F128/><W50/><G122/><T42/><D30/><U20/><E64/><V100/><F38/><W131/><G133/><T89/><D65/><U62/><E62/><V12/><F12/><W123/><G123/><T39/><D46/><U58/><E49/><V26/><REACH who="2" step="1"/><F81/><REACH who="2" ten="290,230,230,240" step="2"/><W85/><G130/><T75/><REACH who="0" step="1"/><D116/><REACH who="0" ten="280,230,230,240" step="2"/><U107/><E107/><V87/><F87/><W13/><G131/><T55/><D55/><U63/><E66/><V0/><F0/><W83/><G1/><T60/><D60/><U36/><E61/><V108/><F108/><W135/><G109/><T48/><D48/><U47/><E63/><V15/><F15/><AGARI ba="1,2" hai="10,15,17,39,42,44,52,54,75,76,82,86,89,94" machi="15" ten="40,7700,0" yaku="1,1,54,1,53,1" doraHai="132" doraHaiUra="69" who="0" fromWho="2" sc="280,100,230,0,230,-80,240,0" /><INIT seed="0,2,0,3,5,29" ten="380,230,150,240" oya="0" hai0="35,96,11,32,49,91,92,78,34,110,16,109,10" hai1="128,120,50,102,95,73,38,105,82,30,42,72,116" hai2="20,129,43,55,77,9,64,68,124,26,84,99,108" hai3="36,80,14,28,17,86,81,52,59,19,112,13,135"/><T103/><D78/><U94/><E38/><V71/><F43/><W66/><G112/><T83/><D83/><U98/><E30/><V45/><F108/><N who="0" m="41578" /><D49/><U24/><E24/><V12/><F64/><W117/><G135/><T132/><D132/><U130/><E50/><V1/><F1/><W111/><G36/><T79/><D79/><N who="1" m="44391" /><E42/><V15/><F15/><W37/><G37/><T70/><D70/><U75/><E116/><V51/><F129/><N who="1" m="49769" /><E120/><V104/><F124/><W122/><G117/><T62/><D62/><U74/><AGARI ba="2,0" hai="73,74,75,94,95,98,102,105" m="49769,44391" machi="74" ten="40,5200,0" yaku="19,1,34,2" doraHai="29" who="1" fromWho="1" sc="380,-28,230,58,150,-15,240,-15" /><INIT seed="1,0,0,2,5,43" ten="352,288,135,225" oya="1" hai0="86,26,112,7,80,20,99,100,63,126,130,114,101" hai1="122,96,92,3,67,19,71,66,94,76,55,12,24" hai2="15,52,133,105,82,102,35,25,84,65,98,53,121" hai3="131,47,56,45,125,5,68,132,97,89,61,21,79"/><U110/><E122/><V90/><F121/><W38/><G38/><T85/><D130/><U11/><E76/><V104/><F104/><W6/><G131/><T69/><D126/><U116/><E116/><V13/><F133/><W2/><G68/><T60/><D7/><N who="3" m="2569" /><G2/><T4/><D4/><U75/><E3/><V108/><F108/><W127/><G132/><T34/><D34/><U123/><E123/><V31/><F65/><N who="3" m="39079" /><G79/><T124/><D124/><N who="3" m="47689" /><G21/><T120/><D120/><U73/><E94/><AGARI ba="0,0" hai="45,47,89,94,97" m="47689,39079,2569" machi="94" ten="30,3900,0" yaku="18,1,52,2" doraHai="43" who="3" fromWho="1" sc="352,0,288,-39,135,0,225,39" /><INIT seed="2,0,0,4,2,78" ten="352,249,135,264" oya="2" hai0="80,28,2,81,124,73,23,15,89,103,35,38,118" hai1="53,107,10,8,92,43,66,3,116,102,130,14,17" hai2="29,128,62,49,22,108,31,135,126,104,94,96,40" hai3="77,69,99,98,47,100,25,0,32,127,70,122,117"/><V6/><F104/><W88/><G122/><T134/><D2/><U114/><E107/><V24/><F128/><W21/><G117/><T129/><D35/><U57/><E66/><V37/><F135/><W115/><G0/><T97/><D38/><U30/><E30/><V46/><F126/><W109/><G127/><T55/><D124/><U59/><E116/><V51/><F108/><W20/><G109/><T48/><D134/><U84/><E114/><V112/><F112/><W41/><G32/><T39/><D39/><U60/><E57/><V34/><F6/><W45/><G77/><T75/><D75/><U110/><E110/><V76/><F76/><W5/><G5/><T36/><D36/><U42/><E130/><V119/><F119/><W121/><G25/><T71/><D71/><U9/><E3/><V72/><F72/><W111/><G88/><T63/><D63/><U1/><E1/><V95/><F95/><W26/><G111/><T131/><D118/><U12/><E10/><V56/><F31/><W87/><G121/><T52/><D73/><U7/><E102/><V67/><REACH who="2" step="1"/><F34/><REACH who="2" ten="352,249,125,264" step="2"/><W74/><G74/><T11/><D131/><U54/><E92/><V4/><F4/><W19/><G115/><T106/><D129/><U44/><E7/><V79/><F79/><W132/><G132/><T82/><D28/><U13/><E17/><V16/><F16/><W58/><G19/><T133/><D133/><U101/><E9/><V125/><F125/><W86/><G20/><T113/><D113/><U123/><E8/><V83/><F83/><W65/><G21/><RYUUKYOKU ba="0,1" sc="352,-10,249,-10,125,30,264,-10" hai2="22,24,29,37,40,46,49,51,56,62,67,94,96" /><INIT seed="2,1,1,2,0,97" ten="342,239,155,254" oya="2" hai0="19,38,108,111,14,18,125,9,13,89,21,112,32" hai1="41,53,83,71,134,44,69,78,106,116,85,96,50" hai2="4,115,79,34,92,128,3,48,88,117,31,118,72" hai3="54,2,22,60,7,130,61,35,43,105,64,67,68"/><V29/><F115/><W113/><G35/><T30/><D38/><U119/><E134/><V86/><F128/><W55/><G130/><T33/><D89/><U110/><E110/><N who="0" m="42025" /><D112/><U36/><E71/><V81/><F48/><W75/><G75/><T77/><D77/><U84/><E69/><V73/><F73/><W24/><G113/><T99/><D99/><U133/><E85/><V25/><REACH who="2" step="1"/><F29/><REACH who="2" ten="342,239,145,254" step="2"/><W23/><G60/><T109/><D109/><U15/><E133/><V80/><F80/><W129/><G61/><T52/><D125/><U59/><E36/><V57/><F57/><W12/><G129/><T11/><D52/><U20/><E53/><V93/><F93/><W28/><G54/><T76/><D76/><U74/><E78/><V114/><F114/><W46/><G55/><T132/><D132/><U27/><E83/><V49/><F49/><W101/><G64/><T94/><D94/><U39/><E50/><V131/><F131/><W123/><G67/><T120/><D120/><U126/><E39/><V107/><F107/><W103/><G105/><T135/><D135/><U124/><E126/><V91/><F91/><W65/><G65/><T122/><D122/><U47/><E124/><V95/><F95/><W90/><G123/><T100/><D100/><U5/><E106/><V62/><F62/><W127/><G90/><T104/><D104/><U98/><E74/><V1/><F1/><W87/><G2/><T0/><D0/><U70/><E116/><V56/><F56/><W10/><G127/><T102/><D102/><N who="3" m="38921" /><G87/><T58/><D58/><U82/><E59/><RYUUKYOKU ba="1,2" sc="342,15,239,-15,145,15,254,-15" hai0="9,11,13,14,18,19,21,30,32,33" hai2="3,4,25,31,34,72,79,81,86,88,92,117,118" /><INIT seed="2,2,2,4,2,128" ten="357,224,160,239" oya="2" hai0="124,5,47,127,38,57,86,88,7,25,0,66,119" hai1="3,97,39,54,132,34,58,135,123,115,125,63,105" hai2="59,29,32,90,81,99,35,131,92,26,55,129,46" hai3="74,120,106,21,43,52,65,50,82,84,56,103,104"/><V107/><F107/><W11/><G120/><T49/><D119/><U79/><E39/><V12/><F35/><W108/><G108/><T112/><D38/><U51/><E123/><V36/><F12/><W75/><G11/><T53/><D112/><U6/><E115/><V18/><F18/><W76/><G21/><T4/><D0/><U22/><E34/><V94/><F81/><W91/><G43/><T85/><D25/><U87/><E125/><N who="0" m="48201" /><D86/><U62/><E22/><V60/><REACH who="2" step="1"/><F92/><REACH who="2" ten="357,224,150,239" step="2"/><W133/><G104/><T68/><D4/><U31/><E6/><V33/><F33/><W1/><G106/><T83/><D68/><U117/><E3/><V2/><F2/><W101/><G1/><T110/><D110/><U19/><E19/><V41/><AGARI ba="2,3" hai="26,29,32,36,41,46,55,59,60,90,94,99,129,131" machi="41" ten="30,3000,0" yaku="1,1,0,1,53,0" doraHai="128" doraHaiUra="114" who="2" fromWho="2" sc="357,-12,224,-12,150,66,239,-12" /><INIT seed="2,3,0,0,3,99" ten="345,212,216,227" oya="2" hai0="37,98,105,110,16,63,97,7,13,76,61,103,51" hai1="107,68,17,55,18,82,41,78,8,95,1,133,83" hai2="132,42,69,0,93,10,119,66,123,33,35,52,90" hai3="75,128,118,125,87,85,70,53,81,43,112,109,86"/><V38/><F119/><W12/><G118/><T49/><D37/><U48/><E107/><V57/><F123/><W45/><G109/><T100/><D7/><U92/><E68/><V65/><F132/><W64/><G128/><T58/><D76/><U23/><E133/><V113/><F113/><W74/><G112/><T47/><D110/><U101/><E41/><V25/><F42/><W131/><G131/><T2/><D2/><U79/><E95/><V102/><F38/><W5/><G125/><T114/><D114/><U127/><E127/><V120/><F120/><W3/><G53/><T73/><D73/><U135/><E135/><V34/><F69/><W60/><G12/><T116/><D116/><U130/><E130/><V19/><F102/><N who="0" m="38954" /><D105/><U94/><E94/><V91/><F91/><W54/><G54/><N who="0" m="30015" /><D51/><U115/><E48/><V40/><F40/><W31/><G5/><T124/><D124/><U6/><E6/><V89/><F89/><W129/><G3/><T22/><D63/><U20/><E1/><V80/><F0/><W111/><G111/><T71/><D71/><U77/><E78/><V59/><F35/><W122/><G129/><T56/><D58/><U30/><E79/><V117/><F59/><W26/><G122/><T21/><D22/><U72/><E23/><V15/><F117/><W96/><G74/><T67/><AGARI ba="3,0" hai="13,16,21,56,61,67,97,98" m="30015,38954" machi="67" ten="30,8000,1" yaku="8,1,52,3,54,1" doraHai="99" who="0" fromWho="0" sc="345,89,212,-23,216,-43,227,-23" /><INIT seed="3,0,0,1,2,1" ten="434,189,173,204" oya="3" hai0="127,98,126,129,97,71,64,73,37,100,21,134,70" hai1="113,115,31,110,25,85,135,90,93,131,44,91,17" hai2="7,27,116,30,49,77,19,55,88,41,43,120,72" hai3="79,124,26,52,125,74,40,133,63,111,45,3,67"/><W119/><G119/><T65/><D73/><U5/><E135/><V80/><F116/><W87/><G133/><T11/><D37/><U132/><E132/><V34/><F120/><W59/><G111/><T35/><D35/><U9/><E110/><V101/><F101/><W89/><G3/><T56/><D134/><U117/><E131/><V105/><F105/><W18/><G74/><T128/><D21/><U108/><E17/><V76/><F76/><W94/><G79/><T14/><D56/><U95/><E44/><V51/><F51/><W86/><G67/><N who="0" m="25675" /><D14/><U83/><E108/><V123/><F19/><W118/><G118/><T50/><D50/><U107/><E107/><V102/><F102/><W61/><G61/><T121/><D11/><U20/><E117/><V32/><F32/><W46/><G86/><T58/><D58/><U2/><REACH who="1" step="1"/><E83/><REACH who="1" ten="434,179,173,204" step="2"/><V103/><F123/><W99/><G40/><T42/><D42/><U23/><E23/><V62/><F41/><W47/><G87/><AGARI ba="0,1" hai="2,5,9,20,25,31,85,87,90,91,93,95,113,115" machi="87" ten="30,7700,0" yaku="1,1,7,1,9,1,52,1,53,0" doraHai="1" doraHaiUra="57" who="1" fromWho="3" sc="434,0,179,87,173,0,204,-77" /><INIT seed="4,0,0,4,0,24" ten="434,266,173,127" oya="0" hai0="98,92,42,107,115,102,3,83,87,111,133,43,13" hai1="67,126,101,35,11,130,39,41,53,60,8,58,25" hai2="40,19,26,122,37,66,1,10,109,4,100,20,56" hai3="104,94,110,46,51,21,9,0,63,85,121,69,14"/><T12/><D3/><U30/><E130/><V34/><F109/><W91/><G121/><T88/><D111/><U120/><E120/><V75/><F122/><W97/><G110/><T77/><D133/><U127/><E101/><V62/><F75/><W71/><G0/><T65/><D65/><U73/><E73/><V90/><F100/><W6/><G104/><T68/><D68/><U74/><E74/><V134/><F134/><W113/><G113/><T114/><D43/><U28/><E28/><V103/><F103/><W7/><G7/><T106/><D42/><U82/><E82/><V5/><F5/><W81/><G63/><T117/><D117/><U99/><E99/><V33/><F40/><W79/><REACH who="3" step="1"/><G21/><REACH who="3" ten="434,266,173,117" step="2"/><T105/><REACH who="0" step="1"/><D77/><REACH who="0" ten="424,266,173,117" step="2"/><U45/><REACH who="1" step="1"/><E67/><REACH who="1" ten="424,256,173,117" step="2"/><V44/><REACH who="2" step="1"/><F90/><REACH who="2" ten="424,256,163,117" step="2"/><RYUUKYOKU type="reach4" ba="0,4" sc="424,0,256,0,163,0,117,0" hai0="12,13,83,87,88,92,98,102,105,106,107,114,115" hai1="8,11,25,30,35,39,41,45,53,58,60,126,127" hai2="1,4,10,19,20,26,33,34,37,44,56,62,66" hai3="6,9,14,46,51,69,71,79,81,85,91,94,97" /><INIT seed="4,1,4,4,2,17" ten="424,256,163,117" oya="0" hai0="66,4,75,42,71,112,106,94,21,24,44,40,78" hai1="68,126,82,60,6,107,93,1,63,115,99,80,125" hai2="32,36,14,2,86,129,11,102,20,41,10,49,35" hai3="85,133,130,46,89,116,29,120,3,111,88,62,105"/><T22/><D106/><U18/><E107/><V104/><F36/><W117/><G105/><T64/><D71/><U39/><E39/><V103/><F2/><W122/><G111/><T77/><D75/><U5/><E18/><N who="2" m="10327" /><F35/><W59/><G3/><T76/><D112/><U53/><E115/><V12/><F32/><W7/><G7/><N who="1" m="2570" /><E1/><V90/><F104/><W30/><G130/><T28/><D4/><U69/><E53/><V109/><F109/><W15/><G15/><T45/><D94/><U23/><E23/><N who="0" m="8713" /><D24/><U114/><E114/><V58/><F129/><W61/><G46/><N who="0" m="18027" /><D28/><U38/><E38/><V123/><F41/><AGARI ba="1,4" hai="40,41,42,64,66,76,77,78" m="18027,8713" machi="41" ten="30,18000,2" yaku="28,2,8,1,52,3" doraHai="17" who="0" fromWho="2" sc="424,223,256,0,163,-183,117,0" owari="647,74.0,256,6.0,-20,-52.0,117,-28.0" /></mjloggm>