<mjloggm ver="2.3"><GO type="41" lobby="0"/><UN n0="%66%65%6E%65%63%69%73" n1="%E5%B0%B1%E6%B4%BB%E7%94%9F%40%E5%B7%9D%E6%9D%91%E8%BB%8D%E5%9B%A3" n2="%6D%69%6E%6F%6E%6E" n3="%E5%8D%88%E5%89%8D%E9%9B%B6%E6%99%82" dan="14,17,14,15" rate="1894.36,2227.07,1949.27,2046.23" sx="M,M,M,M"/><TAIKYOKU oya="0"/><INIT seed="0,0,0,4,2,79" ten="250,250,250,250" oya="0" hai0="95,41,7,134,62,87,130,109,34,24,21,42,6" hai1="78,17,35,106,80,110,69,131,13,123,97,33,108" hai2="25,45,63,39,55,4,50,101,65,102,10,0,60" hai3="49,118,99,8,94,70,23,116,1,113,19,53,30"/><T125/><D34/><U75/><E123/><V98/><F60/><W77/><G113/><T40/><D125/><U90/><E69/><V14/><F25/><W9/><G70/><T133/><D130/><U124/><E131/><V31/><F31/><W48/><G30/><T3/><D109/><N who="1" m="42091" /><E124/><V32/><F32/><W84/><G116/><T46/><D46/><U96/><E90/><V54/><F55/><W115/><G115/><T92/><D62/><U51/><E51/><N who="3" m="19530" /><G1/><T126/><D126/><U122/><E122/><V89/><F39/><W20/><G118/><T66/><D66/><U61/><E61/><V18/><F89/><N who="3" m="55759" /><G53/><T114/><D114/><U27/><E106/><V64/><F63/><W37/><G37/><T16/><D3/><U128/><E128/><V43/><F54/><W104/><G104/><T72/><D72/><U29/><E33/><V44/><F45/><W91/><G77/><T38/><D38/><U36/><E36/><V121/><F121/><W119/><G119/><T22/><D22/><AGARI ba="0,0" hai="13,17,22,27,29,35,75,78,80,96,97" m="42091" machi="22" ten="30,2000,0" yaku="14,1,52,1" doraHai="79" who="1" fromWho="0" sc="250,-20,250,20,250,0,250,0" /><INIT seed="1,0,0,0,2,129" ten="230,270,250,250" oya="1" hai0="109,35,123,57,30,67,64,107,68,133,69,62,58" hai1="121,84,63,16,90,131,88,39,3,111,135,128,72" hai2="61,33,60,110,74,124,71,106,47,118,13,15,108" hai3="86,81,70,24,29,119,26,54,12,53,65,112,48"/><U23/><E72/><V4/><F118/><W66/><G112/><T11/><D107/><U115/><E121/><V42/><F74/><W101/><G119/><T34/><D35/><U45/><E115/><V40/><F33/><W49/><G101/><T50/><D30/><U19/><E3/><V25/><F106/><W103/><G103/><T31/><D34/><U95/><E111/><N who="2" m="42539" /><F25/><N who="3" m="9835" /><G70/><N who="0" m="27243" /><D31/><U83/><E63/><N who="2" m="24139" /><F71/><W0/><G0/><T7/><D7/><U32/><E32/><V28/><F28/><W59/><G29/><T56/><D11/><U125/><E125/><V44/><F4/><W127/><G12/><N who="2" m="4681" /><F124/><W22/><G22/><T113/><D123/><U37/><E23/><V120/><F120/><W77/><G127/><T20/><D113/><U117/><E117/><V91/><F91/><W55/><G54/><N who="0" m="31831" /><D109/><U100/><E100/><V89/><F89/><W105/><G105/><T80/><D80/><U104/><E104/><V99/><F99/><W87/><G87/><T10/><D10/><U1/><E1/><V130/><F130/><W36/><G36/><T9/><D9/><U116/><E116/><V92/><F92/><W132/><G55/><N who="0" m="34111" /><D20/><U82/><E84/><V97/><F97/><W27/><G27/><T126/><D126/><U8/><E95/><V102/><F102/><W93/><G93/><T46/><D58/><U6/><E6/><V21/><F21/><W43/><G77/><T122/><D122/><U134/><E8/><V79/><F79/><W51/><G81/><T96/><D96/><U2/><E2/><V94/><F94/><W52/><G86/><RYUUKYOKU ba="0,0" sc="230,-15,270,15,250,15,250,-15" hai1="16,19,37,39,45,82,83,88,90,128,131,134,135" hai2="40,42,44,47" /><INIT seed="1,1,0,2,4,38" ten="215,285,265,235" oya="1" hai0="122,77,72,129,135,70,64,30,26,8,52,39,89" hai1="130,118,40,6,34,20,94,3,55,90,50,46,56" hai2="108,105,27,19,2,58,124,84,121,113,44,0,65" hai3="61,80,81,15,12,88,62,60,14,110,109,10,47"/><U31/><E118/><V128/><F121/><W103/><G10/><T99/><D122/><U45/><E130/><V16/><F128/><W115/><G115/><T116/><D116/><U7/><E34/><V87/><F105/><W107/><G47/><T83/><D129/><U68/><E68/><V43/><F113/><W57/><G57/><T114/><D114/><U17/><E31/><V120/><F120/><W29/><G29/><T53/><D135/><U92/><E92/><V25/><F108/><N who="3" m="41579" /><G88/><T91/><D39/><U1/><E1/><V21/><F124/><W37/><G37/><T11/><D64/><U66/><E66/><V18/><F65/><W35/><G35/><T127/><D70/><U73/><E73/><V51/><F58/><W76/><G76/><T119/><D119/><U71/><E46/><V131/><F131/><W28/><G28/><T23/><D127/><U33/><E33/><V104/><F104/><W22/><G22/><T132/><D132/><U5/><E3/><V123/><F123/><W42/><G42/><T54/><REACH who="0" step="1"/><D99/><AGARI ba="1,0" hai="12,14,15,60,61,62,80,81,99,103,107" m="41579" machi="99" ten="40,1300,0" yaku="14,1" doraHai="38" who="3" fromWho="0" sc="215,-16,285,0,265,0,235,16" /><INIT seed="2,0,0,3,0,11" ten="199,285,265,251" oya="2" hai0="97,59,51,128,125,116,104,107,1,131,3,72,41" hai1="31,115,82,28,57,35,109,42,54,2,7,83,43" hai2="68,62,9,20,21,118,90,4,32,19,113,60,64" hai3="30,78,88,91,25,18,36,69,58,126,121,48,96"/><V89/><F118/><W110/><G121/><T61/><D72/><U47/><E115/><V10/><F32/><W106/><G69/><T74/><D74/><U6/><E109/><V12/><F113/><W119/><G119/><T45/><D125/><U16/><E35/><V84/><F62/><W52/><G110/><T53/><D116/><U29/><E2/><V5/><F5/><N who="1" m="1545" /><E16/><V99/><F99/><W37/><G126/><T100/><REACH who="0" step="1"/><D104/><REACH who="0" ten="189,285,265,251" step="2"/><U105/><E105/><V79/><F4/><W66/><G106/><T26/><D26/><U94/><E94/><V81/><F9/><W130/><G25/><T86/><D86/><U101/><E82/><V114/><F114/><W55/><G96/><T134/><D134/><U77/><E83/><V22/><AGARI ba="0,1" hai="10,12,19,20,21,22,60,64,68,79,81,84,89,90" machi="22" ten="30,3000,0" yaku="0,1,52,1" doraHai="11" who="2" fromWho="2" sc="189,-10,285,-10,265,40,251,-10" /><INIT seed="2,1,0,3,2,59" ten="179,275,305,241" oya="2" hai0="113,110,23,13,92,103,66,35,131,121,69,33,12" hai1="32,28,20,22,49,111,48,118,83,91,62,85,34" hai2="4,27,39,53,124,133,43,30,122,17,64,26,80" hai3="97,36,86,120,135,77,60,0,3,117,100,81,54"/><V108/><F122/><W114/><G117/><T99/><D121/><U65/><E118/><V104/><F104/><W126/><G120/><T102/><D113/><U58/><E111/><V21/><F133/><W73/><G135/><T44/><D131/><U84/><E32/><V71/><F124/><W75/><G126/><T55/><D110/><U63/><E34/><V19/><F4/><W9/><G36/><T52/><D102/><U50/><E28/><V95/><F108/><W109/><G109/><T105/><D105/><U16/><E16/><V72/><F95/><W70/><G114/><T37/><D33/><U134/><E134/><V68/><F64/><W78/><G9/><T128/><D35/><U87/><E87/><V57/><F43/><W41/><G41/><T89/><D128/><U94/><REACH who="1" step="1"/><E62/><REACH who="1" ten="179,265,305,241" step="2"/><V14/><F30/><W38/><G86/><T106/><D23/><U56/><E56/><V25/><F19/><W93/><G70/><T129/><D129/><U132/><E132/><V2/><F68/><W76/><G60/><T10/><D69/><U90/><AGARI ba="1,1" hai="20,22,48,49,50,58,63,65,83,84,85,90,91,94" machi="90" ten="30,7900,0" yaku="1,1,0,1,8,1,52,1,53,0" doraHai="59" doraHaiUra="31" who="1" fromWho="1" sc="179,-21,265,92,305,-40,241,-21" /><INIT seed="3,0,0,2,5,72" ten="158,357,265,220" oya="3" hai0="60,85,98,122,134,38,12,103,88,43,42,27,18" hai1="105,7,111,2,3,0,48,120,14,76,99,31,25" hai2="26,108,68,87,40,53,36,35,121,91,19,22,78" hai3="30,47,119,23,129,54,50,70,92,104,115,116,9"/><W56/><G104/><T114/><D122/><U4/><E111/><V24/><F68/><W39/><G115/><T90/><D114/><U96/><E120/><V41/><F121/><W73/><G73/><T15/><D134/><U118/><E118/><V49/><F36/><W81/><G129/><T20/><D38/><U62/><E62/><V1/><F1/><W6/><G70/><T65/><D90/><U67/><E67/><V63/><F63/><W28/><G81/><T57/><D42/><U16/><E76/><V59/><F108/><W127/><G127/><T75/><D43/><N who="2" m="16458" /><F78/><W8/><G39/><T126/><D75/><U11/><E48/><V29/><F35/><W124/><G124/><T86/><D126/><U45/><E45/><V52/><F53/><N who="3" m="29919" /><G116/><T107/><REACH who="0" step="1"/><D85/><REACH who="0" ten="148,357,265,220" step="2"/><U34/><E99/><V58/><F91/><W102/><G119/><T64/><D64/><U84/><E84/><V77/><F87/><W17/><G102/><T51/><D51/><U89/><E89/><V97/><F97/><W113/><G113/><T131/><D131/><U66/><E66/><V106/><F106/><W44/><G44/><T71/><D71/><U74/><E74/><V82/><F58/><W135/><G135/><T83/><AGARI ba="0,1" hai="12,15,18,20,27,57,60,65,83,86,88,98,103,107" machi="83" ten="20,8000,1" yaku="1,1,0,1,7,1,54,1,53,1" doraHai="72" doraHaiUra="80" who="0" fromWho="0" sc="148,90,357,-20,265,-20,220,-40" /><INIT seed="4,0,0,0,0,42" ten="238,337,245,180" oya="0" hai0="54,90,35,59,85,108,27,133,71,52,1,65,48" hai1="112,31,46,38,4,30,126,74,43,82,25,92,13" hai2="20,116,12,39,45,50,122,89,128,63,109,131,97" hai3="24,102,132,69,6,19,26,119,64,77,0,87,98"/><T70/><D1/><U2/><E126/><V53/><F109/><W9/><G119/><T99/><D108/><U68/><E68/><V114/><F122/><W135/><G64/><T78/><D133/><N who="3" m="51273" /><G69/><T118/><D118/><U18/><E92/><V21/><F116/><W11/><G77/><T113/><D113/><U23/><E112/><V60/><F39/><W47/><G87/><T103/><D78/><N who="1" m="44375" /><E13/><V58/><F63/><W96/><G47/><T100/><D35/><U34/><E34/><V22/><F114/><W125/><G125/><T84/><D27/><N who="3" m="10281" /><G102/><N who="0" m="38955" /><D71/><U40/><E40/><V16/><F97/><W36/><G36/><T111/><D70/><U107/><E107/><V121/><F89/><W134/><N who="3" m="51281" /><W124/><DORA hai="120" /><G124/><T33/><D33/><U73/><E73/><V5/><F5/><N who="3" m="1191" /><G96/><T61/><D111/><U95/><E95/><V41/><REACH who="2" step="1"/><F121/><REACH who="2" ten="238,337,235,180" step="2"/><W28/><G98/><T57/><D99/><U104/><E104/><V17/><F17/><W110/><G110/><T79/><D79/><U117/><E117/><V49/><F49/><W75/><G19/><T129/><D90/><U62/><E62/><V123/><F123/><W3/><G75/><T72/><D72/><U88/><E88/><V10/><AGARI ba="0,1" hai="10,12,16,20,21,22,41,45,50,53,58,60,128,131" machi="10" ten="30,7900,0" yaku="1,1,0,1,52,1,54,1,53,0" doraHai="42,120" doraHaiUra="101,83" who="2" fromWho="2" sc="238,-39,337,-20,235,89,180,-20" /><INIT seed="5,0,0,5,5,62" ten="199,317,324,160" oya="1" hai0="43,125,35,92,21,66,131,1,50,104,26,118,49" hai1="23,18,98,51,108,82,42,38,59,54,111,109,9" hai2="3,27,29,34,33,47,129,106,122,86,68,13,28" hai3="135,119,24,19,37,40,65,4,70,64,132,0,73"/><U97/><E9/><V84/><F106/><W124/><G73/><T93/><D104/><U88/><E38/><V120/><F68/><W58/><G70/><T32/><D118/><U75/><E42/><V127/><F47/><N who="3" m="23951" /><G58/><T107/><D107/><U5/><E5/><V94/><F129/><W12/><G24/><T115/><D115/><U30/><E30/><V17/><F94/><W95/><G95/><T78/><D1/><U112/><E112/><V11/><F86/><W99/><G99/><T44/><D125/><U103/><E103/><V85/><F84/><W117/><G0/><T101/><D131/><U52/><E54/><V77/><F85/><W16/><G4/><T69/><D78/><N who="1" m="44383" /><E88/><V79/><F77/><W87/><G87/><T60/><D49/><U56/><E56/><V36/><F79/><W48/><G48/><T110/><D110/><N who="1" m="28163" /><U74/><DORA hai="133" /><E74/><V63/><F63/><W116/><G124/><T130/><D130/><U2/><E2/><V20/><F36/><W46/><G46/><T80/><D80/><U128/><E128/><V39/><F39/><W102/><G102/><T83/><D83/><U113/><E113/><V81/><F81/><W121/><G121/><T89/><D101/><U7/><E7/><N who="2" m="1535" /><F127/><W71/><G71/><T61/><D61/><U22/><E22/><V55/><F55/><W15/><G15/><AGARI ba="0,0" hai="15,18,23,51,52,59,97,98" m="28163,44383" machi="15" ten="40,3900,0" yaku="10,1,54,1" doraHai="62,133" who="1" fromWho="3" sc="199,0,317,39,324,0,160,-39" /><INIT seed="5,1,0,2,3,36" ten="199,356,324,121" oya="1" hai0="9,128,31,82,111,43,65,2,22,45,61,92,49" hai1="44,57,104,3,130,134,113,72,33,114,23,20,0" hai2="133,125,50,17,79,100,109,91,101,129,27,41,97" hai3="96,118,120,85,1,19,106,69,90,32,108,42,132"/><U110/><E104/><V55/><F109/><W102/><G32/><T15/><D128/><U122/><E72/><V70/><F129/><W7/><G69/><T81/><D111/><U26/><E122/><V83/><F70/><W124/><G19/><T46/><D2/><N who="1" m="555" /><E110/><V71/><F71/><W131/><G7/><T67/><D92/><U117/><E57/><V89/><F125/><W37/><G1/><T88/><D61/><U94/><E94/><V39/><F133/><W135/><G108/><T47/><D65/><U68/><E68/><V105/><F100/><W87/><G120/><T63/><D63/><U53/><E130/><V13/><F27/><W38/><G131/><T64/><D64/><U12/><E53/><V35/><F35/><W95/><G37/><T112/><D67/><U75/><E44/><V98/><F97/><N who="3" m="61775" /><G38/><T116/><D116/><U28/><E75/><V78/><F79/><W59/><G59/><T60/><D60/><U56/><E56/><V14/><F13/><W115/><G42/><T80/><D112/><N who="1" m="43115" /><E117/><V6/><F6/><W121/><G115/><T54/><D54/><U30/><E134/><N who="3" m="51242" /><G121/><T52/><D43/><U8/><E30/><V93/><F41/><W16/><G16/><AGARI ba="1,0" hai="8,12,16,20,23,26,28,33" m="43115,555" machi="16" ten="30,11600,0" yaku="15,1,34,2,54,1" doraHai="36" who="1" fromWho="3" sc="199,0,356,119,324,0,121,-119" /><INIT seed="5,2,0,4,3,21" ten="199,475,324,2" oya="1" hai0="126,8,4,120,96,23,42,57,134,49,80,43,60" hai1="54,59,118,106,44,34,27,0,65,67,30,64,28" hai2="133,91,114,36,121,77,15,75,2,22,68,17,99" hai3="71,11,10,13,73,39,20,128,115,92,12,88,97"/><U18/><E118/><V86/><F68/><W87/><G115/><T124/><D120/><U90/><E106/><V135/><F36/><W117/><G117/><T113/><D113/><U51/><E0/><V79/><F114/><W98/><G128/><T38/><D134/><N who="2" m="51210" /><F2/><W127/><G71/><T46/><D23/><N who="1" m="13815" /><E34/><V125/><F121/><W89/><G73/><T31/><D31/><N who="1" m="11819" /><E90/><V1/><F1/><W76/><G39/><T84/><D96/><U72/><E72/><V69/><F69/><W85/><G127/><T61/><D42/><U103/><E103/><V78/><F125/><N who="0" m="48234" /><D57/><AGARI ba="2,0" hai="44,51,54,57,59,64,65,67" m="11819,13815" machi="57" ten="30,2900,0" yaku="8,1,52,1" doraHai="21" who="1" fromWho="0" sc="199,-35,475,35,324,0,2,0" /><INIT seed="5,3,0,3,4,99" ten="164,510,324,2" oya="1" hai0="52,70,90,104,21,58,77,14,73,11,106,43,30" hai1="39,102,37,47,66,81,92,115,122,111,105,53,1" hai2="113,68,85,98,64,48,4,5,35,45,3,57,88" hai3="54,49,93,89,79,117,18,116,80,56,44,100,82"/><U16/><E122/><V127/><F35/><W61/><G18/><T133/><D70/><U87/><E1/><V109/><F109/><W32/><G32/><T27/><D133/><U96/><E111/><V42/><F3/><W71/><G71/><T101/><D43/><U75/><E115/><V97/><F113/><W72/><G82/><T20/><D90/><N who="1" m="53343" /><E66/><V24/><F24/><W46/><G100/><T78/><D73/><U86/><E86/><V91/><F68/><W33/><G33/><T26/><D104/><U83/><E83/><V2/><F2/><W12/><G12/><T128/><D128/><U135/><E135/><V120/><F127/><W124/><G124/><T94/><D106/><U63/><E63/><N who="2" m="37999" /><F120/><W84/><G61/><T119/><D119/><AGARI ba="3,0" hai="44,46,49,54,56,72,79,80,84,89,93,116,117,119" machi="119" ten="40,1300,0" yaku="12,1" doraHai="99" who="3" fromWho="0" sc="164,-22,510,0,324,0,2,22" /><INIT seed="6,0,0,3,3,77" ten="142,510,324,24" oya="2" hai0="26,17,131,97,24,130,98,11,58,74,10,38,124" hai1="41,121,28,65,9,117,34,104,50,37,6,4,108" hai2="1,49,22,100,89,56,43,133,66,18,78,95,19" hai3="87,105,5,16,132,46,128,55,90,31,70,8,135"/><V62/><F1/><W122/><G122/><T84/><D74/><U129/><E37/><V76/><F100/><W85/><G105/><T67/><D38/><U13/><E104/><V113/><F133/><N who="3" m="51275" /><G70/><T102/><D124/><U25/><E108/><V123/><F113/><W48/><G31/><T47/><D47/><U111/><E111/><V23/><F123/><W82/><G128/><N who="0" m="49195" /><D84/><U134/><E129/><V101/><F101/><W79/><G5/><T125/><D125/><U116/><E121/><V103/><F103/><W42/><G42/><T88/><D88/><U35/><E65/><V29/><F29/><W75/><G90/><T107/><D97/><U27/><E134/><V30/><F30/><W80/><G75/><T0/><D0/><U106/><E106/><V126/><F126/><W91/><G79/><T118/><D118/><U32/><E50/><V115/><F115/><W59/><G59/><T63/><D17/><N who="1" m="8367" /><E41/><V15/><F49/><W57/><G57/><T81/><D81/><N who="3" m="31337" /><G91/><T53/><D67/><U44/><E44/><V112/><F43/><W119/><G119/><N who="1" m="45642" /><E28/><V7/><F7/><AGARI ba="0,0" hai="4,6,7,25,27,32,34,35" m="45642,8367" machi="7" ten="40,2600,0" yaku="34,2" doraHai="77" who="1" fromWho="2" sc="142,0,510,26,324,-26,24,0" /><INIT seed="7,0,0,3,5,27" ten="142,536,298,24" oya="3" hai0="113,54,47,68,127,94,131,66,12,126,125,100,83" hai1="95,37,58,81,52,59,48,42,49,80,106,44,8" hai2="61,53,62,11,23,135,36,72,85,51,46,56,122" hai3="69,30,43,40,4,33,103,71,102,74,99,7,88"/><W60/><G74/><T75/><D12/><U28/><E106/><V76/><F72/><W45/><G60/><N who="0" m="40007" /><D75/><U91/><E28/><V38/><F122/><W119/><G119/><T2/><D2/><U115/><E115/><V84/><F135/><W82/><G69/><T18/><D18/><U15/><E58/><V14/><F23/><W97/><G71/><T90/><D83/><U16/><E37/><V130/><F130/><W105/><G33/><T124/><D100/><N who="3" m="38441" /><G105/><T63/><N who="0" m="32256" /><DORA hai="118" /><T1/><D1/><U50/><E50/><V121/><F121/><W70/><G70/><T55/><D131/><U112/><E112/><V73/><F73/><W79/><G79/><T133/><D133/><U89/><E89/><V0/><F0/><W34/><G34/><T132/><D132/><U3/><E3/><V109/><F109/><W117/><G117/><T108/><D108/><U41/><E41/><N who="3" m="15946" /><G45/><T128/><D128/><U19/><E19/><V87/><F38/><W31/><G82/><T5/><D5/><N who="3" m="2121" /><G88/><T92/><D113/><U98/><AGARI ba="0,0" hai="8,15,16,42,44,48,49,52,59,80,81,91,95,98" machi="98" ten="20,8000,1" yaku="0,1,7,1,8,1,54,2" doraHai="27,118" who="1" fromWho="1" sc="142,-20,536,80,298,-20,24,-40" owari="122,-28.0,616,72.0,278,8.0,-16,-52.0" /></mjloggm>