<mjloggm ver="2.3"><GO type="225" lobby="0"/><UN n0="%E4%B8%8B%E6%AE%B5%E3%83%81%E3%82%A7%E3%83%AA%E3%83%BC" n1="%E8%A6%AA%E6%8C%87%EF%BC%88%E5%A4%A7%EF%BC%89" n2="%E3%82%A6%E3%83%AB%E3%83%88%E3%83%A9%E7%AB%8B%E7%9B%B4" n3="%73%61%72%61%68%31%32%33" dan="16,17,17,16" rate="2058.47,2234.52,2143.79,2172.84" sx="M,M,M,M"/><TAIKYOKU oya="0"/><INIT seed="0,0,0,3,5,13" ten="250,250,250,250" oya="0" hai0="103,3,100,27,104,126,102,24,54,132,85,41,23" hai1="50,10,68,82,61,57,62,9,40,0,108,98,75" hai2="133,107,117,129,16,101,134,92,80,64,48,71,87" hai3="14,42,72,90,127,93,112,4,118,51,106,81,25"/><T6/><D132/><N who="2" m="50794" /><F129/><W28/><G28/><BYE who="3" /><T135/><D135/><U55/><E108/><V39/><F39/><W88/><G88/><T59/><D126/><U99/><E68/><V119/><F107/><W11/><G11/><T36/><D104/><U86/><E75/><V32/><F32/><W91/><G91/><T44/><D85/><U78/><E0/><V94/><F48/><W7/><G7/><T8/><REACH who="0" step="1"/><D23/><REACH who="0" ten="240,250,250,250" step="2"/><U15/><E86/><V110/><F87/><W77/><G77/><T21/><D21/><U56/><E78/><V19/><F110/><W121/><G121/><T22/><D22/><U2/><E99/><N who="2" m="59623" /><F94/><W37/><G37/><T47/><D47/><U1/><E98/><V109/><F109/><W120/><G120/><T83/><D83/><U115/><E82/><V84/><F84/><W89/><G89/><T46/><D46/><U95/><E95/><V105/><F105/><W114/><G114/><T17/><D17/><N who="2" m="6730" /><F80/><W58/><G58/><T45/><D45/><N who="1" m="25895" /><E115/><V74/><F74/><W73/><G73/><T67/><D67/><U111/><E111/><V60/><AGARI ba="0,1" hai="60,64,71,117,119" m="6730,59623,50794" machi="60" ten="40,8000,1" yaku="20,1,52,3,54,1" doraHai="13" who="2" fromWho="2" sc="240,-40,250,-20,250,90,250,-20" /><INIT seed="1,0,0,3,2,7" ten="200,230,340,230" oya="1" hai0="67,58,134,70,6,57,27,109,114,93,22,94,17" hai1="71,126,24,25,37,123,117,115,44,73,19,76,77" hai2="8,69,0,28,59,120,56,33,119,88,14,49,48" hai3="79,118,53,68,103,40,112,21,98,75,130,42,111"/><U51/><E117/><V55/><F0/><W135/><G135/><T84/><D134/><U54/><E115/><V38/><F69/><W41/><G41/><T60/><D114/><U83/><E123/><V82/><F38/><W74/><G74/><T129/><D129/><U132/><E71/><V46/><F120/><W106/><G106/><T89/><D109/><U108/><E132/><V85/><F119/><W90/><G90/><T96/><REACH who="0" step="1"/><D6/><REACH who="0" ten="190,230,340,230" step="2"/><U121/><E108/><V52/><F33/><W64/><G64/><T92/><D92/><U105/><E121/><V113/><F113/><W101/><G101/><AGARI ba="0,1" hai="17,22,27,57,58,60,67,70,84,89,93,94,96,101" machi="101" ten="30,3900,0" yaku="1,1,7,1,53,1" doraHai="7" doraHaiUra="62" who="0" fromWho="3" sc="190,49,230,0,340,0,230,-39" /><INIT seed="2,0,0,1,0,44" ten="239,230,340,191" oya="2" hai0="74,53,109,38,20,121,92,73,40,3,27,123,46" hai1="22,112,116,24,64,97,68,80,103,67,130,7,134" hai2="0,39,82,114,9,28,30,34,77,87,47,125,91" hai3="86,85,18,127,16,71,14,8,98,29,60,89,75"/><V110/><F114/><W132/><G132/><T106/><D106/><U42/><E112/><V32/><F32/><W31/><G31/><T131/><D3/><U63/><E116/><V50/><F39/><W95/><G95/><T10/><D131/><U51/><E130/><V120/><F120/><W72/><G72/><T115/><D115/><U124/><E134/><V100/><F100/><W54/><G54/><T26/><D109/><U102/><E124/><V78/><F125/><W1/><G1/><T5/><D26/><U65/><E7/><V104/><F104/><W79/><G79/><T15/><D74/><U45/><E80/><V83/><F110/><W101/><G101/><T111/><D73/><U61/><E97/><V76/><F82/><W13/><G13/><T58/><D92/><U23/><E23/><V84/><F84/><W19/><G19/><T59/><D59/><U37/><E37/><V56/><F56/><W25/><G25/><T81/><D81/><U108/><E108/><V49/><F34/><W93/><G93/><T105/><D105/><U35/><E35/><V99/><F99/><W133/><G133/><T70/><D70/><U12/><E12/><V4/><F30/><W6/><G6/><T21/><D21/><U36/><E36/><V17/><F28/><W90/><G90/><T2/><D2/><U41/><E68/><V48/><F17/><W33/><G33/><T107/><D107/><U43/><E103/><V128/><F128/><W118/><G118/><T57/><D111/><U129/><E129/><V135/><F78/><W69/><G69/><RYUUKYOKU ba="0,0" sc="239,0,230,0,340,0,191,0" /><INIT seed="3,1,0,5,4,118" ten="239,230,340,191" oya="3" hai0="41,23,26,13,73,104,20,35,79,99,39,94,95" hai1="72,83,15,25,103,10,74,77,48,121,86,105,100" hai2="11,42,4,65,14,90,56,81,88,93,17,115,76" hai3="132,133,87,125,6,53,43,68,9,82,109,66,84"/><W18/><G18/><T130/><D130/><U110/><E121/><V22/><F115/><W70/><G70/><T46/><D104/><U29/><E110/><V96/><F42/><W101/><G101/><T58/><D94/><U117/><E117/><V80/><F76/><W69/><G69/><T62/><D79/><U85/><E48/><V78/><F90/><W49/><G49/><T3/><D73/><U64/><E64/><V111/><F111/><W37/><G37/><T59/><D3/><U134/><E134/><V21/><F21/><W71/><G71/><T57/><D13/><U119/><E119/><V28/><F28/><W40/><G40/><T126/><D126/><U50/><E50/><V24/><F78/><W1/><G1/><T129/><D129/><U124/><E124/><V114/><F114/><W30/><G30/><T0/><D0/><U106/><E106/><V135/><F135/><W27/><G27/><T44/><D44/><U51/><E51/><V113/><F113/><W107/><G107/><T16/><D23/><N who="1" m="15551" /><E105/><V123/><F80/><W38/><G38/><T108/><D35/><U45/><E45/><V102/><F81/><W55/><G55/><T120/><D120/><U112/><E112/><V32/><F123/><W98/><G98/><T31/><D108/><U33/><E33/><V92/><F32/><W19/><G19/><T127/><D127/><U36/><E36/><V60/><F17/><W75/><G75/><N who="1" m="28714" /><E85/><V2/><F2/><W116/><G116/><T34/><D34/><U5/><E103/><V12/><F102/><W91/><G91/><RYUUKYOKU ba="1,0" sc="239,-10,230,30,340,-10,191,-10" hai1="5,10,15,77,83,86,100" owari="229,-17.0,260,6.0,330,43.0,181,-32.0" /></mjloggm>