<mjloggm ver="2.3"><GO type="169" lobby="0"/><UN n0="%E3%81%AF%E3%82%84%E3%81%BE%E3%82%8A" n1="%E3%82%A6%E3%83%AB%E3%83%88%E3%83%A9%E7%AB%8B%E7%9B%B4" n2="%53%61%6D%6D%61%32" n3="%E3%82%B5%E3%83%B3%E3%83%9E%E9%81%93%E6%A5%BD%E4%BB%A3%E8%A1%A8" dan="16,16,16,17" rate="2018.50,2137.35,2145.83,2179.90" sx="M,M,M,M"/><TAIKYOKU oya="0"/><INIT seed="0,0,0,1,5,82" ten="250,250,250,250" oya="0" hai0="76,118,100,128,4,115,38,0,67,24,69,43,124" hai1="33,2,63,10,119,16,18,66,34,1,51,109,72" hai2="108,47,22,133,58,126,105,8,49,31,99,53,15" hai3="130,29,78,23,25,120,48,26,112,85,55,116,77"/><T106/><D118/><U12/><E72/><V97/><F133/><W27/><G116/><T56/><D115/><U40/><E119/><V107/><F126/><W35/><G112/><T30/><D56/><U81/><E109/><V114/><F114/><W45/><G130/><T103/><D124/><U122/><E122/><V71/><F71/><W88/><G120/><T3/><D128/><U37/><E37/><V17/><F108/><W20/><G35/><T83/><D4/><U93/><E34/><V13/><F107/><W132/><G132/><T54/><D54/><U65/><E33/><V135/><F105/><W57/><G45/><T28/><D28/><U6/><E93/><V84/><F135/><W44/><G44/><T127/><D43/><U59/><E66/><V86/><F31/><W14/><G14/><T94/><D94/><U117/><E117/><V129/><F129/><W74/><G74/><T121/><D38/><U19/><E40/><V123/><F123/><W91/><G91/><T61/><D127/><U80/><REACH who="1" step="1"/><E51/><REACH who="1" ten="250,240,250,250" step="2"/><V79/><F47/><W52/><G55/><T60/><D121/><U64/><E64/><V5/><F79/><N who="3" m="30219" /><G29/><T95/><D30/><U102/><E102/><V104/><F104/><W92/><AGARI ba="0,1" hai="20,23,25,26,27,48,52,57,85,88,92" m="30219" machi="92" ten="30,7900,0" yaku="8,1,52,1,54,2" doraHai="82" who="3" fromWho="3" sc="250,-39,240,-20,250,-20,250,89" /><INIT seed="1,0,0,1,2,29" ten="211,220,230,339" oya="1" hai0="83,66,4,90,7,8,25,27,54,2,18,81,47" hai1="107,116,128,50,49,123,112,125,11,96,19,103,111" hai2="13,32,114,65,77,46,124,102,67,42,55,134,61" hai3="133,43,9,3,94,30,10,44,20,117,104,108,73"/><U56/><E123/><V109/><F77/><W64/><G104/><T76/><D66/><U131/><E116/><V36/><F114/><W122/><G122/><T75/><D4/><U120/><E120/><V39/><F13/><W85/><G73/><T74/><D18/><U58/><E112/><V126/><F102/><W89/><G108/><T113/><D113/><U78/><E78/><V5/><F5/><W101/><G133/><T80/><D74/><U57/><E111/><V115/><F115/><W106/><G3/><T110/><D110/><U48/><E125/><N who="2" m="48235" /><F109/><W37/><G64/><N who="2" m="24649" /><F32/><W98/><G117/><T34/><D90/><U62/><E62/><V15/><F15/><W45/><G30/><T17/><D17/><U84/><E84/><V52/><F134/><W0/><G0/><T35/><D81/><U16/><REACH who="1" step="1"/><E11/><REACH who="1" ten="211,210,230,339" step="2"/><V6/><F61/><W95/><G10/><T118/><D118/><U105/><E105/><V129/><F129/><AGARI ba="0,1" hai="16,19,48,49,50,56,57,58,96,103,107,128,129,131" machi="129" ten="50,9600,0" yaku="1,1,19,1,54,1,53,0" doraHai="29" doraHaiUra="60" who="1" fromWho="2" sc="211,0,210,106,230,-96,339,0" /><INIT seed="1,1,0,3,5,34" ten="211,316,134,339" oya="1" hai0="33,62,17,46,59,104,84,49,68,105,56,113,6" hai1="78,57,65,51,13,93,76,50,22,87,47,41,129" hai2="39,40,12,60,64,89,14,73,97,8,55,91,67" hai3="21,25,2,126,1,38,28,106,53,54,110,128,98"/><U107/><E107/><V96/><F73/><W10/><G38/><T95/><D113/><U52/><E65/><V0/><F39/><W131/><G110/><T48/><D33/><U85/><E129/><N who="3" m="49738" /><G10/><T130/><D130/><U3/><E3/><N who="3" m="1034" /><G126/><T43/><D6/><U114/><E114/><V35/><F35/><W121/><G121/><T15/><D68/><U80/><E93/><V124/><F0/><W42/><G42/><T86/><D49/><U77/><E87/><V61/><F124/><W69/><G69/><T100/><D84/><U135/><E135/><V116/><F40/><W117/><G117/><T99/><D86/><U37/><E37/><V134/><F116/><W119/><G119/><T31/><D31/><U90/><E77/><V58/><F134/><W115/><G115/><T19/><D19/><AGARI ba="1,0" hai="13,19,22,41,47,50,51,52,57,76,78,80,85,90" machi="19" ten="40,3900,0" yaku="8,1,54,1" doraHai="34" who="1" fromWho="0" sc="211,-42,316,42,134,0,339,0" /><INIT seed="1,2,0,4,5,4" ten="169,358,134,339" oya="1" hai0="127,130,69,30,16,105,99,77,18,119,114,83,33" hai1="113,75,64,78,60,7,116,86,46,93,117,101,0" hai2="89,88,19,112,108,82,28,70,36,25,85,54,103" hai3="44,42,9,17,52,91,111,94,55,63,118,26,24"/><U133/><E113/><V84/><F36/><W79/><G111/><T14/><D114/><U126/><E75/><V2/><F112/><W53/><G79/><T134/><D119/><U34/><E34/><V23/><F70/><W132/><G132/><T41/><D69/><U76/><E133/><V58/><F2/><W50/><G63/><T48/><D134/><U45/><E78/><V123/><F123/><W109/><G118/><T38/><D38/><U100/><E101/><V51/><F108/><W47/><G47/><T10/><D130/><U87/><E86/><V72/><F72/><W95/><G109/><T125/><D30/><U71/><E46/><V37/><F37/><W131/><G131/><T3/><D33/><U49/><E126/><N who="0" m="48137" /><D3/><U29/><E29/><V22/><F103/><W35/><G35/><T107/><D99/><U65/><E65/><V124/><F124/><W129/><G129/><T21/><D48/><U73/><E73/><V92/><F23/><W1/><G1/><T57/><D57/><U121/><E121/><V59/><F59/><W11/><G94/><T39/><D41/><U122/><E122/><V32/><F32/><W120/><G120/><T135/><D39/><U8/><E49/><V90/><F28/><W97/><G17/><T61/><D61/><U40/><E40/><V5/><F5/><W74/><G74/><N who="0" m="43447" /><D135/><U110/><E45/><V81/><F92/><W20/><G20/><T31/><D31/><U106/><E110/><V56/><F56/><W115/><G115/><T66/><D66/><U104/><E117/><V128/><F128/><RYUUKYOKU ba="2,0" sc="169,10,358,-30,134,10,339,10" hai0="10,14,16,18,21,105,107" hai2="19,22,25,51,54,58,81,82,84,85,88,89,90" hai3="9,11,24,26,42,44,50,52,53,55,91,95,97" /><INIT seed="2,3,0,1,5,18" ten="179,328,144,349" oya="2" hai0="43,11,91,56,78,55,33,99,53,44,83,46,63" hai1="109,6,17,117,45,7,20,76,87,104,100,92,67" hai2="15,134,135,94,47,112,59,103,23,113,68,88,79" hai3="5,131,84,120,39,9,108,126,21,116,50,90,132"/><V62/><F68/><W51/><G120/><T118/><D33/><U75/><E117/><V25/><F79/><W80/><G116/><T111/><D111/><U48/><E109/><V66/><F15/><W89/><G39/><T86/><D118/><U96/><E67/><V38/><F38/><W60/><G108/><T54/><D11/><U42/><E75/><V31/><F47/><W4/><G132/><N who="2" m="50729" /><F103/><W98/><G131/><T127/><D127/><U125/><E125/><V14/><F14/><W105/><G60/><T95/><REACH who="0" step="1"/><D46/><REACH who="0" ten="169,328,144,349" step="2"/><U97/><E45/><V41/><F41/><W133/><G9/><T10/><D10/><U110/><E42/><V101/><F101/><W65/><G126/><T64/><D64/><U24/><E100/><V61/><F61/><W28/><G65/><T35/><D35/><U128/><E110/><V2/><F2/><W93/><G133/><T19/><D19/><U16/><E17/><V71/><F71/><W129/><G129/><T81/><D81/><U34/><E16/><V26/><F26/><N who="3" m="16463" /><G105/><T37/><AGARI ba="3,1" hai="37,43,44,53,54,55,56,63,78,83,86,91,95,99" machi="37" ten="20,2700,0" yaku="1,1,0,1,7,1,53,0" doraHai="18" doraHaiUra="1" who="0" fromWho="0" sc="169,46,328,-10,144,-16,349,-10" /><INIT seed="3,0,0,1,2,112" ten="215,318,128,339" oya="3" hai0="58,87,130,75,59,86,88,129,111,85,95,35,57" hai1="1,125,66,113,19,135,44,51,99,29,36,64,45" hai2="21,46,17,55,3,109,119,7,37,116,114,103,83" hai3="63,5,16,20,10,6,42,9,91,25,102,131,79"/><W110/><G131/><N who="0" m="50187" /><D35/><U69/><E1/><V31/><F114/><W30/><G102/><T60/><D75/><U105/><E105/><V26/><F103/><W133/><G79/><T61/><D111/><U96/><E29/><V50/><F109/><W76/><G76/><T0/><D0/><U118/><E51/><V48/><F37/><W15/><G42/><T28/><D28/><U121/><E69/><V34/><F83/><W124/><G110/><T122/><D122/><U128/><E36/><V2/><F2/><N who="3" m="183" /><G63/><AGARI ba="0,0" hai="57,58,59,60,61,63,85,86,87,88,95" m="50187" machi="63" ten="30,2000,0" yaku="19,1,54,1" doraHai="112" who="0" fromWho="3" sc="215,20,318,0,128,0,339,-20" /><INIT seed="4,0,0,1,2,61" ten="235,318,128,319" oya="0" hai0="4,96,15,36,33,58,39,24,117,100,18,44,17" hai1="119,27,79,13,23,20,65,93,10,130,71,85,50" hai2="60,108,122,111,84,77,67,53,134,3,110,91,25" hai3="38,131,48,133,32,30,83,74,90,129,103,88,64"/><T8/><D117/><U101/><E119/><V31/><F3/><W7/><G38/><T95/><D33/><U47/><E130/><N who="3" m="49674" /><G7/><T11/><D44/><U9/><E71/><V115/><F122/><W89/><G48/><T86/><D58/><U52/><E65/><V2/><F2/><W94/><G32/><T54/><D54/><U116/><E116/><V127/><F53/><W5/><G5/><T105/><D105/><U124/><E124/><V34/><F127/><W78/><G30/><T80/><D24/><U55/><E55/><V45/><F45/><W63/><G133/><T0/><REACH who="0" step="1"/><D17/><REACH who="0" ten="225,318,128,319" step="2"/><U82/><E27/><V75/><F111/><W118/><G118/><T19/><D19/><U114/><E52/><V1/><F110/><W68/><G103/><T121/><D121/><U106/><E101/><V76/><F108/><W49/><G49/><T6/><D6/><U37/><E50/><V72/><F34/><W70/><G68/><T97/><D97/><AGARI ba="0,1" hai="63,64,70,74,78,83,88,89,90,94,97" m="49674" machi="97" ten="30,3900,0" yaku="19,1,52,1,54,1" doraHai="61" who="3" fromWho="0" sc="225,-39,318,0,128,0,319,49" /><INIT seed="5,0,0,0,3,45" ten="186,318,128,368" oya="1" hai0="121,60,83,62,76,72,108,6,33,51,30,70,92" hai1="56,129,36,16,74,106,89,3,0,53,118,130,67" hai2="132,18,44,8,23,52,96,32,133,29,50,99,27" hai3="54,114,88,34,120,15,28,124,41,58,91,46,40"/><U63/><E118/><V134/><REACH who="2" step="1"/><F8/><REACH who="2" ten="186,318,118,368" step="2"/><W12/><G120/><T84/><D121/><U59/><E0/><V135/><N who="2" m="34304" /><DORA hai="79" /><V19/><F19/><W115/><G15/><AGARI ba="0,1" hai="15,18,23,27,29,32,44,50,52,96,99" m="34304" machi="15" ten="70,12000,2" yaku="21,2,20,1,52,1,54,1,53,1" doraHai="45,79" doraHaiUra="24,68" who="2" fromWho="3" sc="186,0,318,0,118,130,368,-120" /><INIT seed="6,0,0,2,3,17" ten="186,318,248,248" oya="2" hai0="7,25,27,71,0,41,4,61,32,46,43,35,85" hai1="76,36,42,15,117,31,66,104,121,9,96,124,30" hai2="120,23,95,37,20,65,10,45,55,34,91,70,52" hai3="133,53,116,28,73,26,54,58,86,14,130,50,131"/><V118/><F34/><W64/><G73/><T92/><D71/><U60/><E117/><V126/><F118/><W105/><G116/><T74/><D74/><U100/><E76/><V39/><F120/><W112/><G64/><T12/><D61/><U90/><E36/><V94/><F126/><W13/><G105/><T48/><D0/><U93/><E42/><V110/><F10/><W38/><G38/><T98/><D41/><U127/><E121/><V78/><F78/><W11/><G133/><T111/><D111/><U72/><E72/><V19/><F110/><W79/><G54/><T114/><D114/><U99/><E127/><V8/><F65/><W2/><G2/><T67/><D67/><U89/><E89/><V80/><F70/><W128/><G11/><T69/><D85/><U75/><E75/><V47/><F8/><W119/><G119/><T101/><D69/><U5/><E124/><V107/><F107/><W22/><G112/><T109/><D12/><U122/><E122/><V115/><F115/><W84/><G84/><T63/><D63/><U6/><E6/><N who="0" m="2089" /><D109/><U16/><E5/><V108/><F108/><W40/><G40/><T83/><D83/><AGARI ba="0,0" hai="13,14,22,26,28,50,53,58,79,83,86,128,130,131" machi="83" ten="40,2600,0" yaku="19,1,52,1" doraHai="17" who="3" fromWho="0" sc="186,-26,318,0,248,0,248,26" /><INIT seed="7,0,0,0,3,106" ten="160,318,248,274" oya="3" hai0="11,87,103,78,125,56,83,35,3,105,129,131,55" hai1="76,25,41,118,121,45,5,130,14,109,69,101,88" hai2="72,117,86,71,64,112,90,92,96,33,32,74,4" hai3="85,133,18,26,114,127,38,70,80,42,124,122,31"/><W75/><G122/><T115/><D35/><U17/><E69/><V91/><F117/><W10/><G70/><T8/><D3/><U93/><E109/><V108/><F108/><W20/><G133/><T57/><D55/><U46/><E121/><V54/><F4/><W82/><G114/><T49/><D49/><U30/><E5/><V123/><F123/><W73/><G38/><T28/><D28/><U51/><E130/><N who="0" m="49673" /><D56/><U12/><E101/><V132/><F132/><W110/><G42/><T126/><D57/><U19/><E76/><V116/><F54/><W128/><G128/><T27/><D27/><U107/><E107/><V61/><F112/><W98/><G98/><N who="0" m="61687" /><D8/><U37/><E118/><V104/><F116/><W111/><G111/><T36/><D11/><U63/><E63/><V6/><F6/><W95/><G10/><T40/><D40/><U65/><E65/><V59/><F71/><W120/><G31/><T13/><D13/><U135/><E14/><V2/><F2/><W1/><G1/><T7/><D7/><U52/><E12/><V62/><F62/><W47/><G47/><T23/><D23/><U79/><E45/><V29/><F104/><W24/><G120/><T81/><D36/><U39/><E46/><V84/><F33/><W43/><G43/><T44/><D44/><U16/><E41/><V0/><F0/><W21/><G110/><T89/><D115/><U60/><E39/><V53/><F32/><W50/><G50/><T94/><D83/><U66/><E51/><V58/><F61/><W9/><G82/><T68/><D68/><RYUUKYOKU ba="0,0" sc="160,30,318,-10,248,-10,274,-10" hai0="78,81,87,89,94,125,126" owari="190,-31.0,308,41.0,238,-16.0,264,6.0" /></mjloggm>