<mjloggm ver="2.3"><GO type="169" lobby="0"/><UN n0="%64%75%72%72%72%72%72" n1="%E3%82%B7%E3%82%A7%E3%83%95%E3%83%81%E3%83%A7%E3%82%B3" n2="%73%68%6F%6F%74%33%39" n3="%E3%82%A6%E3%83%AB%E3%83%88%E3%83%A9%E7%AB%8B%E7%9B%B4" dan="16,16,18,17" rate="2068.60,2136.58,2197.38,2225.35" sx="M,M,M,M"/><TAIKYOKU oya="0"/><INIT seed="0,0,0,2,1,60" ten="250,250,250,250" oya="0" hai0="118,16,80,135,83,59,88,105,68,99,94,74,17" hai1="128,53,123,75,126,113,84,31,36,20,26,52,70" hai2="86,13,29,56,21,6,10,71,44,43,106,114,119" hai3="39,42,65,127,45,100,122,64,90,25,76,24,102"/><T73/><D68/><U111/><E75/><V7/><F114/><W5/><G76/><T104/><D59/><U82/><E123/><V4/><F71/><W87/><G5/><T14/><D17/><U33/><E113/><V97/><F119/><W121/><G127/><T34/><D34/><U15/><E126/><V95/><F106/><N who="0" m="41066" /><D16/><U41/><E128/><V38/><F86/><W134/><G134/><T129/><D14/><U32/><E70/><V93/><F93/><N who="3" m="54495" /><G24/><T116/><D129/><U18/><E33/><V120/><F120/><N who="3" m="46187" /><G25/><T103/><D135/><U51/><E36/><V9/><F29/><W27/><G27/><T96/><D118/><U133/><E133/><V108/><F21/><W46/><G46/><T89/><D116/><U8/><E32/><V35/><F35/><W78/><G78/><N who="0" m="44111" /><D99/><U69/><E26/><V57/><F7/><W0/><G0/><T115/><D115/><U55/><E31/><V58/><F9/><W62/><G62/><T47/><D47/><U61/><E8/><V63/><F6/><W92/><G45/><T1/><D1/><U2/><E2/><V117/><F117/><W37/><G37/><T101/><D74/><U77/><E61/><V30/><F30/><W49/><G39/><T125/><D125/><U79/><E69/><V91/><F63/><W66/><G49/><T22/><D22/><U19/><E51/><V54/><F54/><W67/><G67/><T85/><AGARI ba="0,0" hai="83,85,88,89,94,96,101,103" m="44111,41066" machi="85" ten="30,18000,2" yaku="35,5,54,1" doraHai="60" who="0" fromWho="0" sc="250,180,250,-60,250,-60,250,-60" /><INIT seed="0,1,0,0,4,55" ten="430,190,190,190" oya="0" hai0="38,129,103,24,40,76,46,29,73,82,107,94,37" hai1="59,70,95,85,92,53,60,96,72,115,27,23,30" hai2="83,48,106,133,88,49,79,91,44,71,5,118,28" hai3="80,56,77,134,18,12,130,25,9,33,14,41,108"/><T120/><D94/><U116/><E72/><V69/><F106/><W131/><G41/><T98/><D120/><U54/><E116/><V114/><F114/><W19/><G108/><T17/><D17/><U43/><E115/><V132/><F28/><W105/><G105/><T121/><D129/><U89/><E70/><V101/><F5/><W128/><G134/><N who="2" m="51817" /><F101/><W31/><G56/><T57/><D57/><U74/><E74/><N who="2" m="43511" /><F118/><W7/><REACH who="3" step="1"/><G14/><REACH who="3" ten="430,190,190,180" step="2"/><T113/><D113/><U109/><E109/><V126/><F71/><W0/><G0/><T8/><D121/><U127/><E43/><V26/><F69/><W112/><G112/><T122/><D122/><U93/><E127/><V99/><F126/><W75/><AGARI ba="1,1" hai="7,9,12,18,19,25,31,33,75,77,80,128,130,131" machi="75" ten="30,4000,0" yaku="1,1,0,1,19,1,53,0" doraHai="55" doraHaiUra="47" who="3" fromWho="3" sc="430,-21,190,-11,190,-11,180,53" /><INIT seed="1,0,0,0,3,17" ten="409,179,179,233" oya="1" hai0="81,73,13,104,51,76,26,134,86,65,129,112,27" hai1="21,70,0,110,58,115,18,11,69,123,57,116,25" hai2="117,85,124,120,59,39,46,38,44,126,1,55,100" hai3="50,77,131,16,135,5,105,33,35,4,75,68,49"/><U28/><E123/><V34/><F34/><W20/><G68/><T98/><D112/><U67/><E116/><V130/><F100/><W36/><G36/><N who="2" m="13865" /><F85/><W99/><G75/><T114/><D114/><U31/><E115/><V9/><F9/><W66/><G66/><T90/><D134/><U91/><E110/><V32/><F32/><W47/><G77/><T19/><D65/><U15/><E28/><V8/><F8/><W101/><G135/><T118/><D51/><U95/><E0/><V6/><F6/><W40/><G131/><T92/><D118/><U24/><E24/><V82/><F82/><W63/><G63/><T62/><D62/><U83/><E83/><V80/><F80/><W22/><G4/><T97/><D97/><U78/><E78/><V119/><F1/><W43/><G5/><T87/><D87/><U89/><E89/><V30/><F30/><W72/><G72/><T107/><D107/><U37/><E37/><V42/><F120/><W111/><G111/><T60/><D60/><N who="1" m="38287" /><E58/><V88/><F88/><W29/><G29/><T132/><D129/><U10/><E11/><V7/><F130/><W48/><G35/><T125/><D125/><N who="2" m="48234" /><F7/><W71/><G33/><T64/><D64/><U2/><E2/><V109/><F109/><W102/><G105/><T74/><D132/><U106/><E106/><V54/><F59/><W133/><G133/><T61/><D74/><U127/><E127/><V45/><F42/><W41/><G41/><T121/><D121/><U84/><E95/><V14/><F14/><W103/><G103/><N who="0" m="62583" /><D61/><U52/><E84/><RYUUKYOKU ba="0,0" sc="409,15,179,-15,179,15,233,-15" hai0="13,19,26,27,73,76,81,86,90,92" hai2="44,45,46,54,55,117,119" /><INIT seed="2,1,0,5,4,43" ten="424,164,194,218" oya="2" hai0="44,35,50,21,23,107,112,72,17,18,61,114,56" hai1="70,108,90,74,19,41,130,97,48,133,71,109,116" hai2="27,15,63,64,3,24,85,62,69,131,55,124,0" hai3="94,106,113,135,101,115,66,120,75,83,30,95,58"/><V52/><F124/><W59/><G120/><T57/><D35/><U53/><E74/><V36/><F131/><W111/><G30/><T96/><D72/><U93/><E116/><V26/><F36/><W40/><G40/><T117/><D117/><U8/><E130/><V105/><F105/><W39/><G39/><T126/><D126/><U121/><E41/><V87/><F15/><W2/><G2/><T32/><D32/><U129/><E129/><V118/><F118/><W25/><G25/><T123/><D123/><U102/><E121/><V5/><F5/><W99/><G111/><N who="1" m="42570" /><E133/><V81/><F87/><W29/><G29/><T80/><D80/><U54/><E54/><V122/><F122/><W22/><G135/><T60/><D96/><N who="1" m="57399" /><E19/><V51/><F62/><W14/><G115/><T38/><D50/><U73/><E8/><V28/><F28/><W13/><G113/><T33/><D33/><U6/><E6/><V78/><REACH who="2" step="1"/><F55/><REACH who="2" ten="424,164,184,218" step="2"/><W12/><G106/><T46/><D38/><U103/><E73/><V119/><F119/><W125/><G125/><T7/><D7/><U67/><E67/><V91/><F91/><W86/><G66/><T34/><D34/><U1/><E1/><V92/><F92/><W16/><G95/><T89/><D89/><U31/><E31/><V79/><F79/><N who="3" m="46463" /><G75/><T98/><D107/><N who="1" m="63951" /><E103/><V37/><F37/><W132/><G132/><T77/><D98/><U20/><E20/><V128/><F128/><W88/><G101/><T65/><D65/><U4/><E4/><V76/><F76/><AGARI ba="1,1" hai="17,18,21,23,44,46,56,57,60,61,76,77,112,114" machi="76" ten="25,6400,0" yaku="22,2,52,2" doraHai="43" who="0" fromWho="2" sc="424,77,164,0,184,-67,218,0" /><INIT seed="3,0,0,5,0,58" ten="501,164,117,218" oya="3" hai0="85,78,31,93,132,80,71,51,37,129,32,86,35" hai1="22,25,3,98,4,124,0,89,121,76,72,110,74" hai2="5,128,13,113,115,56,36,108,54,69,125,33,27" hai3="38,99,75,57,82,40,117,95,60,107,88,126,77"/><W59/><G117/><T91/><D37/><U20/><E121/><V123/><F5/><W70/><G126/><T112/><D112/><U11/><E124/><V111/><F13/><W10/><G10/><T9/><D71/><U41/><E110/><N who="2" m="42027" /><F27/><W65/><REACH who="3" step="1"/><G107/><REACH who="3" ten="501,164,117,208" step="2"/><T61/><D9/><U101/><E11/><V68/><F125/><W21/><G21/><T122/><D32/><U52/><E20/><V47/><F33/><W64/><G64/><T55/><D35/><U24/><E22/><V67/><F123/><W105/><G105/><T120/><D122/><U26/><E3/><V2/><F2/><W94/><G94/><T73/><D120/><U135/><E0/><V103/><F67/><W1/><G1/><T79/><D93/><U92/><E92/><V134/><F115/><W46/><AGARI ba="0,1" hai="38,40,46,57,59,60,65,70,75,77,82,88,95,99" machi="46" ten="30,11700,0" yaku="1,1,0,1,52,1,54,1,53,0" doraHai="58" doraHaiUra="34" who="3" fromWho="3" sc="501,-39,164,-39,117,-39,208,127" /><INIT seed="3,1,0,0,3,56" ten="462,125,78,335" oya="3" hai0="20,112,28,71,29,3,72,54,61,45,101,62,83" hai1="23,77,122,35,119,110,33,21,70,66,4,8,84" hai2="47,107,129,49,12,126,75,116,102,68,64,1,120" hai3="108,9,41,30,109,60,50,18,65,113,27,67,17"/><W82/><G113/><T36/><D3/><U42/><E122/><V14/><F116/><W57/><G82/><T43/><D112/><U81/><E119/><V44/><F1/><W80/><G80/><T90/><D54/><U63/><E110/><N who="3" m="42602" /><G9/><T111/><D111/><U105/><E105/><V121/><F75/><W118/><G118/><T6/><D6/><U59/><E42/><V131/><F107/><W88/><G88/><T39/><D39/><U74/><E74/><V69/><F102/><W97/><G97/><T19/><D71/><U115/><E115/><V10/><F10/><W114/><G114/><T91/><D101/><U34/><REACH who="1" step="1"/><E70/><REACH who="1" ten="462,115,78,335" step="2"/><V5/><F69/><W46/><G67/><T25/><D43/><U86/><E86/><V135/><F64/><W31/><G31/><T38/><D29/><U125/><E125/><V130/><F126/><W48/><G48/><T58/><D28/><U22/><E22/><AGARI ba="1,1" hai="17,18,22,27,30,41,46,50,57,60,65" m="42602" machi="22" ten="30,5800,0" yaku="14,1,10,1,52,1" doraHai="56" who="3" fromWho="1" sc="462,0,115,-61,78,0,335,71" /><INIT seed="3,2,0,2,1,108" ten="462,54,78,406" oya="3" hai0="25,31,81,111,71,6,46,95,109,91,59,133,121" hai1="130,3,33,135,62,17,54,28,61,117,35,113,112" hai2="124,97,99,63,76,72,22,41,129,20,10,13,0" hai3="87,14,115,65,45,93,55,122,52,100,114,79,118"/><W56/><G122/><T15/><D71/><U88/><E3/><V103/><F0/><W131/><G118/><T32/><D121/><U60/><E117/><V73/><F129/><W44/><G131/><T77/><D133/><U67/><E67/><V107/><F124/><W119/><G119/><T80/><D59/><U86/><E130/><V4/><F41/><W106/><G106/><T2/><D2/><U125/><E135/><V58/><F97/><W128/><G128/><T43/><D15/><U70/><E70/><V102/><F102/><W110/><G110/><N who="0" m="41995" /><D6/><U66/><E66/><V27/><F76/><W49/><G65/><T23/><D32/><U132/><E132/><V64/><REACH who="2" step="1"/><F22/><REACH who="2" ten="462,54,68,406" step="2"/><W68/><G100/><T116/><D77/><U84/><E125/><V5/><F5/><W123/><G79/><T104/><D116/><U36/><E36/><V53/><F53/><W21/><G123/><T101/><D101/><U82/><E54/><V120/><F120/><W83/><G55/><T39/><D104/><U105/><E105/><V74/><F74/><W30/><G45/><T126/><D126/><U40/><E40/><V8/><F8/><W19/><G44/><T85/><AGARI ba="2,1" hai="23,25,31,39,43,46,80,81,85,91,95" m="41995" machi="85" ten="30,1100,0" yaku="14,1" doraHai="108" who="0" fromWho="0" sc="462,27,54,-5,68,-5,406,-7" /><INIT seed="4,0,0,2,5,12" ten="489,49,63,399" oya="0" hai0="113,1,133,9,114,61,15,70,103,129,106,60,116" hai1="101,74,8,31,29,132,43,45,42,73,96,85,57" hai2="10,119,20,90,39,47,44,79,0,120,107,17,58" hai3="115,71,104,24,99,26,128,62,87,59,135,123,68"/><T83/><D116/><U38/><E132/><V122/><F119/><W108/><G108/><T23/><D133/><U16/><E42/><V117/><F117/><W72/><G72/><T3/><D23/><U18/><E74/><V78/><F107/><W95/><G135/><T93/><D106/><U118/><E73/><V134/><F134/><W86/><G104/><T64/><D83/><U110/><E110/><V82/><F58/><W100/><G115/><N who="0" m="44043" /><D60/><U25/><E118/><V48/><F20/><W40/><G128/><T22/><D22/><U84/><E57/><V77/><F82/><W37/><G123/><T121/><D129/><U11/><E11/><V98/><F10/><W126/><G126/><T67/><D67/><U75/><E75/><V52/><F122/><W53/><G26/><T4/><D121/><U112/><E31/><V13/><F120/><W65/><G24/><T76/><D76/><U91/><E8/><V105/><F79/><W80/><G80/><T35/><D35/><U50/><E112/><V89/><F78/><W28/><G28/><T88/><D103/><U66/><E66/><V92/><F105/><W5/><G71/><T124/><D124/><U69/><E69/><V49/><F77/><W94/><G94/><T97/><AGARI ba="0,0" hai="1,3,4,9,15,61,64,70,88,93,97" m="44043" machi="97" ten="30,3000,0" yaku="15,1,54,1" doraHai="12" who="0" fromWho="0" sc="489,30,49,-10,63,-10,399,-10" /><INIT seed="4,1,0,1,4,127" ten="519,39,53,389" oya="0" hai0="68,135,81,61,106,111,6,99,105,22,102,110,128" hai1="13,80,83,123,67,12,11,18,27,65,35,1,58" hai2="54,119,36,23,115,104,2,33,28,114,89,94,45" hai3="44,120,15,57,78,41,133,125,79,19,107,20,100"/><T47/><D135/><U124/><E123/><V42/><F104/><W74/><G125/><T16/><D6/><U73/><E124/><V90/><F2/><W134/><G120/><T122/><D122/><U91/><E73/><V82/><F119/><W86/><G74/><T24/><D128/><U126/><E126/><V70/><F70/><W98/><G57/><T40/><D81/><U72/><E72/><V87/><F33/><W5/><G5/><T95/><D61/><U43/><E1/><V66/><F66/><W30/><G30/><T26/><D26/><U71/><E71/><V93/><F54/><W53/><G53/><T37/><D68/><U85/><E43/><V39/><F39/><N who="3" m="21567" /><G86/><T56/><D56/><U55/><E83/><V77/><F28/><W108/><G108/><AGARI ba="1,0" hai="16,22,24,37,40,47,95,99,102,105,106,108,110,111" machi="108" ten="40,3900,0" yaku="10,1,54,1" doraHai="127" who="0" fromWho="3" sc="519,42,39,0,53,0,389,-42" /><INIT seed="4,2,0,5,4,87" ten="561,39,53,347" oya="0" hai0="122,29,32,92,114,125,48,59,69,123,130,15,41" hai1="133,44,22,119,63,84,121,110,66,50,65,102,70" hai2="116,23,43,83,97,17,42,46,60,47,35,132,135" hai3="100,57,77,91,30,37,6,131,5,126,56,127,8"/><T11/><D69/><U40/><E121/><V13/><F35/><W0/><G37/><T124/><D114/><U85/><E110/><V10/><F116/><W14/><G77/><T36/><D36/><U73/><E119/><V96/><F60/><W55/><G100/><T104/><D104/><U18/><E73/><V99/><F83/><W90/><G30/><T105/><D105/><U20/><E133/><N who="2" m="51275" /><F23/><W134/><G134/><T101/><D130/><U54/><E65/><V21/><F21/><W128/><G55/><N who="0" m="32231" /><D41/><AGARI ba="2,0" hai="10,13,17,41,42,43,46,47,96,97,99" m="51275" machi="41" ten="30,1000,0" yaku="20,1" doraHai="87" who="2" fromWho="0" sc="561,-16,39,0,53,16,347,0" /><INIT seed="5,0,0,3,4,6" ten="545,39,69,347" oya="1" hai0="120,124,129,66,32,97,54,130,58,114,4,22,79" hai1="25,78,110,37,20,52,88,111,56,76,106,108,27" hai2="57,2,50,117,5,63,123,101,87,49,46,42,60" hai3="83,85,28,18,17,45,44,121,26,9,41,127,47"/><U91/><E37/><V43/><F123/><W35/><G121/><T62/><D120/><U77/><E106/><V122/><F122/><W104/><G104/><T40/><D32/><U109/><N who="1" m="28160" /><DORA hai="14" /><U80/><E80/><V81/><F117/><W131/><G131/><T19/><D114/><U72/><E72/><V68/><F101/><W84/><G84/><T65/><D124/><U135/><E135/><V61/><F2/><W134/><G127/><T64/><D4/><U8/><E8/><V105/><F5/><W48/><G134/><T90/><D79/><U113/><E113/><V70/><F105/><W99/><G99/><T67/><D40/><U3/><E3/><V31/><F31/><W116/><G116/><T115/><D65/><U13/><E13/><V53/><REACH who="2" step="1"/><F42/><REACH who="2" ten="545,39,59,347" step="2"/><W98/><G41/><T69/><D115/><U128/><E128/><V7/><F7/><W33/><G28/><T95/><REACH who="0" step="1"/><D69/><REACH who="0" ten="535,39,59,347" step="2"/><U86/><E86/><V1/><F1/><W0/><G85/><T59/><D59/><U92/><E92/><V94/><F94/><W16/><G0/><T125/><D125/><U15/><E15/><AGARI ba="0,2" hai="15,19,22,54,58,62,64,66,67,90,95,97,129,130" machi="15" ten="40,2600,0" yaku="1,1,52,1,53,0" doraHai="6,14" doraHaiUra="34,39" who="0" fromWho="1" sc="535,46,39,-26,59,0,347,0" /><INIT seed="6,0,0,0,4,62" ten="581,13,59,347" oya="2" hai0="115,95,54,9,2,18,23,48,41,64,99,91,22" hai1="8,49,32,109,71,26,132,31,58,28,40,7,87" hai2="57,125,5,13,20,102,83,89,33,82,103,21,55" hai3="16,121,78,56,101,45,135,114,84,14,123,29,38"/><V88/><F33/><W131/><G29/><T76/><D115/><U0/><E109/><V112/><F112/><W51/><G114/><T1/><D41/><U100/><E71/><V97/><F125/><W42/><G101/><N who="2" m="38409" /><F5/><W72/><G72/><T59/><D76/><U17/><E132/><V34/><F34/><W119/><G119/><T52/><D64/><U15/><E100/><V113/><F113/><W66/><G131/><T70/><D70/><U110/><E110/><V124/><F124/><W120/><G135/><T43/><D43/><U128/><E128/><V63/><F13/><W86/><G78/><T65/><D65/><U69/><E69/><V47/><F47/><W77/><G77/><T50/><D9/><U68/><E68/><V107/><F107/><W37/><G37/><T111/><D23/><N who="2" m="8778" /><F97/><W130/><G38/><T4/><D4/><U104/><E104/><V106/><F106/><W73/><G130/><T27/><D111/><U80/><E31/><V60/><F60/><N who="3" m="38151" /><G73/><T12/><D12/><U6/><E0/><V74/><F74/><W129/><G129/><T79/><D79/><N who="1" m="46495" /><E40/><V92/><F92/><W53/><G42/><T85/><REACH who="0" step="1"/><D99/><REACH who="0" ten="571,13,59,347" step="2"/><U75/><E75/><V30/><F83/><W24/><G14/><T133/><D133/><U127/><E127/><V96/><F82/><W11/><G11/><T105/><D105/><U36/><E36/><V118/><F96/><W94/><G94/><T25/><D25/><U19/><E6/><V81/><F81/><W108/><G108/><T90/><D90/><U10/><E10/><V61/><F89/><RYUUKYOKU ba="0,1" sc="571,10,13,10,59,-30,347,10" hai0="1,2,18,22,27,48,50,52,54,59,85,91,95" hai1="7,8,15,17,19,26,28,32,49,58" hai3="16,24,45,51,53,84,86,120,121,123" /><INIT seed="7,1,1,2,0,17" ten="581,23,29,357" oya="3" hai0="93,132,58,54,111,21,135,68,43,59,29,16,51" hai1="88,104,81,63,97,105,35,22,94,20,80,26,64" hai2="60,83,119,99,75,120,28,25,9,96,1,44,90" hai3="7,0,82,95,106,8,71,73,10,33,4,85,107"/><W89/><G71/><T134/><D68/><U66/><E35/><V79/><F119/><W74/><G33/><T6/><D111/><U38/><E38/><V36/><F120/><W34/><G34/><T100/><D6/><U40/><E40/><N who="2" m="22535" /><F90/><W48/><G74/><T86/><D29/><N who="1" m="17607" /><E104/><V123/><F123/><W12/><G73/><T23/><D43/><U49/><E105/><V61/><F25/><W27/><G27/><N who="0" m="14759" /><D23/><U70/><E70/><V39/><F28/><W53/><G95/><T118/><D118/><U72/><E72/><V50/><F50/><W126/><G126/><T108/><D108/><U101/><E49/><V30/><F30/><W113/><G113/><T131/><D131/><U121/><E121/><V133/><F133/><W19/><G7/><T112/><D112/><U102/><E22/><V57/><F39/><W5/><G5/><T14/><D14/><U114/><E114/><V110/><F110/><W62/><G62/><N who="2" m="24169" /><F57/><W47/><G107/><T24/><D24/><U32/><E32/><V65/><F65/><N who="1" m="25193" /><E63/><V130/><F130/><W45/><G106/><T103/><D59/><AGARI ba="1,1" hai="0,4,8,10,12,19,45,47,48,53,59,82,85,89" machi="59" ten="30,1500,0" yaku="7,1" doraHai="17" who="3" fromWho="0" sc="581,-18,23,0,29,0,357,28" /><INIT seed="7,2,0,3,1,134" ten="563,23,29,385" oya="3" hai0="112,57,127,66,89,111,107,92,83,97,133,125,109" hai1="86,8,84,0,19,90,7,44,105,51,37,64,6" hai2="69,28,18,16,26,121,80,13,114,23,74,52,65" hai3="104,77,106,82,76,115,61,96,71,20,68,50,132"/><W129/><G132/><T116/><D66/><U54/><E105/><V27/><F114/><W55/><G115/><T108/><D57/><U22/><E37/><V118/><F118/><W46/><G129/><T31/><D31/><U130/><E130/><V42/><F121/><W63/><G77/><T43/><D43/><U75/><E75/><V25/><F42/><W5/><G5/><N who="1" m="1546" /><E0/><V126/><F126/><N who="0" m="48138" /><D133/><U79/><E64/><V45/><F69/><W87/><G71/><T113/><D116/><U100/><E100/><V131/><F65/><W124/><G124/><T60/><D60/><U41/><E8/><N who="2" m="6183" /><F74/><W1/><G1/><T47/><D47/><U34/><E34/><V103/><F131/><W110/><G110/><T49/><D49/><N who="1" m="26767" /><E79/><V10/><F103/><W91/><G68/><T85/><D107/><U58/><E90/><AGARI ba="2,0" hai="83,85,89,90,92,97,108,109,111,112,113" m="48138" machi="90" ten="40,12000,2" yaku="18,1,34,2,52,3" doraHai="134" who="0" fromWho="1" sc="563,126,23,-126,29,0,385,0" owari="689,78.0,-103,-60.0,29,-37.0,385,19.0" /></mjloggm>