<mjloggm ver="2.3"><GO type="169" lobby="0"/><UN n0="%E7%94%98%E7%B2%95%E3%81%A4%E3%81%B0%E3%82%81" n1="%E3%82%A6%E3%83%AB%E3%83%88%E3%83%A9%E7%AB%8B%E7%9B%B4" n2="%E5%87%9C%E7%94%B0%E8%8E%89%E5%AD%90" n3="%E3%83%97%E3%83%A9%E3%83%81%E3%83%8A%E3%83%A0" dan="16,18,16,16" rate="2065.43,2164.87,2085.94,2129.93" sx="F,M,F,M"/><TAIKYOKU oya="0"/><INIT seed="0,0,0,0,5,5" ten="250,250,250,250" oya="0" hai0="120,55,11,46,125,133,32,84,68,101,114,3,87" hai1="14,116,10,119,53,111,35,2,86,51,15,33,34" hai2="135,130,38,76,4,117,73,27,9,41,1,115,28" hai3="102,92,25,21,124,22,108,63,122,89,43,79,6"/><T18/><D120/><U104/><E104/><V62/><F115/><W93/><G108/><T49/><D114/><U67/><E67/><V96/><F130/><W61/><G124/><T123/><D123/><U100/><E100/><V69/><F135/><W30/><G122/><T127/><D133/><U128/><E111/><V95/><F117/><W110/><G110/><T13/><D68/><U66/><E66/><V47/><F62/><W58/><G79/><T121/><D121/><U113/><E113/><V131/><F69/><W132/><G63/><T37/><D32/><U105/><E105/><V99/><F95/><W81/><G132/><T70/><D70/><U7/><E86/><N who="0" m="32809" /><D101/><U83/><E83/><N who="2" m="45455" /><F131/><W88/><G81/><T65/><D65/><U50/><E128/><V52/><F52/><N who="3" m="33991" /><G43/><T0/><D37/><U134/><E134/><V97/><F97/><N who="3" m="59687" /><G6/><T40/><D40/><U60/><E60/><V8/><F8/><W45/><G45/><T112/><D112/><U98/><E98/><V129/><F129/><W57/><G93/><T75/><D75/><U20/><E53/><V59/><F59/><W64/><G57/><T54/><D55/><U29/><E51/><V31/><F31/><N who="3" m="17839" /><G64/><T16/><D0/><U72/><E50/><V78/><F78/><W56/><G56/><T24/><D3/><U103/><E72/><V23/><AGARI ba="0,0" hai="1,4,9,23,27,28,38,41,47,96,99" m="45455" machi="23" ten="30,2000,0" yaku="25,1,52,1" doraHai="5" who="2" fromWho="2" sc="250,-10,250,-5,250,20,250,-5" /><INIT seed="1,0,0,0,4,58" ten="240,245,270,245" oya="1" hai0="44,2,93,57,134,65,42,21,111,101,131,75,121" hai1="132,116,73,96,68,30,97,8,64,1,27,117,85" hai2="13,11,107,62,95,18,86,83,35,24,105,46,130" hai3="115,4,31,41,7,84,108,122,98,39,126,25,36"/><U112/><E73/><V67/><F130/><W78/><G115/><T3/><D75/><U9/><E112/><V100/><F46/><W19/><G122/><T40/><D111/><U74/><E74/><V12/><F12/><W49/><G19/><T20/><D131/><U53/><E132/><V89/><F100/><W109/><G126/><T59/><D121/><U113/><E113/><V123/><F123/><W114/><G114/><T0/><D134/><U61/><E85/><V29/><REACH who="2" step="1"/><F95/><REACH who="2" ten="240,245,260,245" step="2"/><W23/><G109/><T56/><D44/><U88/><E117/><V70/><AGARI ba="0,1" hai="11,13,18,24,29,35,62,67,70,83,86,89,105,107" machi="70" ten="20,12000,2" yaku="1,1,2,1,0,1,7,1,52,1,53,1" doraHai="58" doraHaiUra="76" who="2" fromWho="2" sc="240,-30,245,-60,260,130,245,-30" /><INIT seed="2,0,0,5,2,111" ten="210,185,390,215" oya="2" hai0="59,127,37,40,8,7,75,26,135,92,130,80,9" hai1="19,41,39,66,18,13,2,31,42,83,16,133,97" hai2="98,58,71,73,91,21,129,109,101,33,76,77,52" hai3="78,15,4,99,35,94,82,44,132,36,1,96,108"/><V116/><F116/><W115/><G108/><T113/><D127/><U28/><E2/><V131/><F109/><W84/><G35/><T122/><D122/><U128/><E39/><V3/><F33/><W68/><G68/><T125/><D125/><U5/><E128/><N who="2" m="49227" /><F71/><W62/><G132/><T72/><D135/><U64/><E133/><V6/><F73/><W123/><G123/><T27/><D130/><U30/><E97/><V88/><F21/><W0/><G99/><T49/><D49/><U23/><E83/><V120/><F120/><W121/><G121/><T86/><D59/><U47/><E47/><V117/><F117/><W45/><G62/><T81/><D86/><U43/><E23/><V110/><F110/><W126/><G126/><T69/><D69/><U20/><E20/><V79/><F6/><W85/><G45/><T51/><D7/><U55/><E55/><V124/><F3/><W24/><G4/><T54/><D75/><U106/><E106/><N who="2" m="63799" /><F124/><W100/><G0/><T67/><D72/><U134/><E134/><V102/><F102/><W63/><G100/><T14/><D8/><AGARI ba="0,0" hai="5,8,13,16,18,19,28,30,31,41,42,43,64,66" machi="8" ten="50,8000,1" yaku="29,2,8,1,54,1" doraHai="111" who="1" fromWho="0" sc="210,-80,185,80,390,0,215,0" /><INIT seed="3,0,0,5,5,44" ten="130,265,390,215" oya="3" hai0="16,60,121,98,49,72,61,53,135,58,127,15,103" hai1="35,106,5,69,1,110,82,20,96,56,88,54,6" hai2="97,113,75,59,112,19,40,100,95,91,30,125,14" hai3="83,118,0,117,7,11,17,12,119,134,67,42,45"/><W46/><G134/><T23/><D121/><U105/><E35/><V10/><F125/><W70/><G46/><T85/><D127/><U62/><E110/><V74/><F30/><W87/><G67/><T26/><D72/><U129/><E129/><V73/><F40/><W47/><G70/><T13/><D135/><U63/><E1/><V34/><F34/><W31/><G31/><T76/><D85/><U114/><E114/><V55/><REACH who="2" step="1"/><F100/><REACH who="2" ten="130,265,380,215" step="2"/><W132/><G42/><T18/><D76/><U52/><E106/><V77/><F77/><W21/><REACH who="3" step="1"/><G132/><REACH who="3" ten="130,265,380,205" step="2"/><T123/><D123/><U43/><E43/><V50/><AGARI ba="0,2" hai="10,14,19,50,55,59,73,74,75,91,95,97,112,113" machi="50" ten="30,4000,0" yaku="1,1,0,1,52,1,53,0" doraHai="44" doraHaiUra="131" who="2" fromWho="2" sc="130,-10,265,-10,380,60,205,-20" /><INIT seed="4,0,0,2,1,9" ten="120,255,440,185" oya="0" hai0="79,125,97,101,121,62,37,64,76,129,72,42,4" hai1="109,118,20,81,24,60,54,50,80,106,113,5,82" hai2="59,103,123,23,130,77,71,27,46,34,10,110,66" hai3="83,19,65,133,131,47,16,49,61,11,17,120,28"/><T22/><D121/><U43/><E106/><V51/><F110/><W29/><G133/><T6/><D129/><U33/><E33/><V30/><F130/><W39/><G131/><T95/><D125/><U98/><E109/><V102/><F71/><W15/><G39/><T32/><D32/><U63/><E118/><V25/><F123/><W117/><G117/><T13/><D37/><U12/><E43/><V48/><F77/><W105/><G105/><T69/><D42/><U52/><E98/><V78/><F78/><W135/><G135/><T58/><D76/><U122/><E113/><V45/><F10/><W90/><G120/><T56/><D69/><U84/><E84/><V111/><F111/><W75/><G75/><T134/><D134/><U124/><E124/><V87/><F87/><N who="3" m="50559" /><G61/><N who="1" m="23626" /><E50/><V94/><F51/><W119/><G65/><T107/><D107/><U21/><E122/><V57/><F48/><W89/><G89/><T96/><D58/><U112/><E112/><V128/><F66/><W132/><G132/><T99/><D72/><U67/><E67/><V0/><F0/><W100/><G100/><T73/><D73/><U86/><E86/><V3/><F3/><W2/><G2/><T74/><D74/><U44/><E44/><N who="2" m="17003" /><F128/><W127/><G127/><T114/><D114/><U14/><E54/><V91/><F102/><W40/><G119/><T93/><D79/><U35/><E52/><V88/><F59/><W38/><G38/><T7/><REACH who="0" step="1"/><D101/><REACH who="0" ten="110,255,440,185" step="2"/><U68/><E68/><V31/><F57/><W126/><G126/><T18/><AGARI ba="0,1" hai="4,6,7,13,18,22,56,62,64,93,95,96,97,99" machi="18" ten="40,12000,1" yaku="1,1,2,1,0,1,8,1,52,1,53,0" doraHai="9" doraHaiUra="70" who="0" fromWho="0" sc="110,130,255,-40,440,-40,185,-40" /><INIT seed="4,1,0,5,3,80" ten="240,215,400,145" oya="0" hai0="27,59,63,49,101,12,129,133,84,7,11,120,26" hai1="43,20,9,102,70,92,3,78,95,75,89,15,81" hai2="66,127,23,36,52,10,58,29,85,56,51,35,40" hai3="64,134,73,67,16,50,76,97,60,100,17,88,91"/><T61/><D120/><U72/><E70/><V14/><F35/><W34/><G34/><T32/><D133/><U124/><E124/><V38/><F127/><W30/><G30/><T121/><D121/><U107/><E43/><V71/><F71/><W47/><G134/><T113/><D129/><U131/><E20/><V21/><F38/><W112/><G112/><T125/><D113/><U31/><E31/><V39/><F39/><W25/><G76/><T132/><D132/><U90/><E3/><V116/><F116/><W93/><G73/><T105/><D125/><U123/><E15/><V18/><F85/><W106/><G25/><N who="0" m="9227" /><D105/><U6/><E9/><V126/><F126/><W104/><G104/><T54/><D101/><U82/><E6/><V135/><F135/><W108/><G108/><T53/><D32/><U79/><E123/><V119/><F29/><W28/><G28/><T65/><D65/><U33/><E33/><V55/><F66/><W22/><G67/><T4/><D4/><U115/><E115/><V62/><F119/><W117/><G117/><T57/><D49/><U45/><E131/><V8/><F8/><W0/><G0/><T128/><D128/><U99/><E45/><N who="2" m="26023" /><F36/><W5/><G5/><T77/><D77/><U48/><E48/><AGARI ba="1,0" hai="10,14,18,21,23,48,52,55,56,58,62" m="26023" machi="48" ten="30,2000,0" yaku="8,1,54,1" doraHai="80" who="2" fromWho="1" sc="240,0,215,-23,400,23,145,0" /><INIT seed="5,0,0,4,1,87" ten="240,192,423,145" oya="1" hai0="19,93,116,99,40,119,16,61,20,5,132,68,22" hai1="124,21,26,30,106,2,113,63,88,85,38,80,47" hai2="31,96,103,112,46,12,27,13,126,11,58,77,114" hai3="4,83,73,34,105,23,92,127,55,36,67,108,25"/><U101/><E2/><V18/><F126/><W121/><G105/><T7/><D40/><U120/><E120/><V45/><F77/><W33/><G108/><T130/><D130/><U6/><E124/><V118/><F58/><W35/><G121/><T100/><D132/><U123/><E123/><V71/><F71/><W32/><G36/><T57/><D68/><U74/><E113/><N who="2" m="43627" /><F13/><W135/><G127/><T8/><D119/><U42/><E74/><V37/><F37/><W110/><G110/><T111/><D111/><U9/><E63/><V70/><F70/><W66/><G135/><T56/><D56/><U59/><E59/><V15/><F15/><W69/><G69/><T62/><D62/><U109/><E109/><V51/><F51/><W134/><G134/><T0/><D116/><U43/><E43/><V117/><F117/><W79/><G4/><N who="0" m="1611" /><D0/><U17/><E6/><V10/><F10/><W131/><G131/><T115/><D115/><U128/><E128/><V65/><F65/><W50/><G92/><T82/><D82/><U133/><E133/><V84/><F118/><W64/><N who="3" m="8704" /><DORA hai="78" /><W72/><G72/><T104/><D104/><U81/><E81/><V102/><F46/><W86/><G73/><T95/><D95/><U54/><E54/><V28/><F45/><W98/><G98/><T107/><D107/><U129/><E129/><V41/><F96/><W52/><REACH who="3" step="1"/><G50/><REACH who="3" ten="240,192,423,135" step="2"/><T24/><D93/><U14/><E106/><V60/><F103/><W90/><G90/><T1/><D100/><U91/><E101/><V125/><F102/><W76/><G76/><AGARI ba="0,1" hai="9,14,17,21,26,30,38,42,47,76,80,85,88,91" machi="76" ten="30,18000,2" yaku="6,1,7,1,52,3,54,1" doraHai="87,78" who="1" fromWho="3" sc="240,0,192,190,423,0,135,-180" owari="240,-16.0,382,18.0,423,53.0,-45,-55.0" /></mjloggm>