<mjloggm ver="2.3"><GO type="169" lobby="0"/><UN n0="%E3%83%88%E3%83%88%E3%83%AA%E5%85%88%E7%94%9F%31%39%E6%AD%B3" n1="%E2%91%A3%E3%82%BB%E3%83%B3%E3%83%81" n2="%57%61%72%61%5E%2F%5E" n3="%E6%99%82%E3%81%AE%E6%BC%82%E6%B3%8A" dan="18,18,16,17" rate="2210.37,2208.03,2034.54,2169.19" sx="F,M,F,F"/><TAIKYOKU oya="0"/><INIT seed="0,0,0,2,5,100" ten="250,250,250,250" oya="0" hai0="109,45,110,74,78,127,92,99,52,135,70,7,26" hai1="68,130,124,121,12,33,94,128,103,113,59,53,9" hai2="10,66,49,24,77,36,112,97,116,101,14,56,122" hai3="115,6,82,15,106,48,8,63,67,119,90,1,65"/><T23/><D70/><U34/><E68/><V107/><F36/><W104/><G115/><T117/><D117/><U5/><E121/><V18/><F112/><W21/><G119/><T47/><D135/><U79/><E79/><V17/><F116/><W88/><G48/><N who="0" m="28687" /><D7/><U81/><E81/><V42/><F122/><W39/><G39/><T35/><D47/><U86/><E113/><V126/><F126/><W0/><G67/><T118/><D118/><U102/><E124/><V69/><F69/><W111/><G111/><N who="0" m="42507" /><D127/><U62/><E5/><V46/><F77/><W134/><G134/><T108/><N who="0" m="42515" /><T84/><DORA hai="96" /><D84/><U40/><E86/><V20/><F56/><W132/><G132/><T75/><D35/><U44/><E34/><V71/><F71/><W73/><G1/><T120/><D78/><U25/><E44/><V87/><F87/><W80/><G0/><T60/><D60/><U3/><E3/><V22/><REACH who="2" step="1"/><F66/><REACH who="2" ten="250,250,240,250" step="2"/><W27/><G65/><T91/><D120/><U58/><E58/><V72/><F72/><W98/><G73/><T43/><D43/><U85/><E40/><V11/><AGARI ba="0,1" hai="10,11,14,17,18,20,22,24,42,46,49,97,101,107" machi="11" ten="30,7900,0" yaku="1,1,0,1,52,2,53,0" doraHai="100,96" doraHaiUra="89,32" who="2" fromWho="2" sc="250,-39,250,-20,240,89,250,-20" /><INIT seed="1,0,0,0,4,6" ten="211,230,329,230" oya="1" hai0="130,77,68,112,89,118,50,84,85,54,19,51,31" hai1="58,92,44,81,21,64,8,95,74,129,35,40,52" hai2="101,7,60,1,93,73,32,131,33,42,116,46,2" hai3="17,117,56,9,97,120,94,133,105,132,102,110,128"/><U70/><E35/><V18/><F116/><W43/><G120/><T123/><D118/><U100/><E129/><V29/><F73/><W59/><G117/><T23/><D112/><U36/><E100/><V121/><F121/><W75/><G75/><T3/><D68/><U0/><E21/><V111/><F131/><W83/><G128/><T61/><D3/><U104/><E104/><V69/><F111/><W34/><G34/><T38/><D38/><U39/><E39/><V82/><F18/><W67/><G110/><T122/><D31/><U15/><E0/><V79/><F93/><W37/><G83/><N who="0" m="47215" /><D130/><U53/><E53/><V124/><F101/><W41/><G105/><T72/><D72/><U66/><E66/><V86/><F1/><W14/><G67/><T71/><D71/><U135/><E135/><N who="3" m="51786" /><G37/><T96/><D96/><U134/><E134/><V107/><F107/><W24/><G24/><T30/><D30/><U87/><E74/><V22/><F29/><W76/><G76/><T98/><D98/><U103/><E103/><V11/><F69/><W63/><G63/><T49/><D61/><N who="1" m="36039" /><E64/><V55/><F60/><W27/><G27/><N who="0" m="14847" /><D122/><U109/><E70/><V26/><F26/><W88/><G102/><T28/><D28/><U57/><E109/><V47/><F33/><W127/><G127/><T20/><D123/><U62/><E81/><V48/><F124/><W13/><G13/><T115/><D115/><U16/><E87/><V119/><F119/><W25/><G25/><T125/><D125/><U65/><E36/><N who="2" m="21831" /><F32/><W10/><G10/><T91/><D20/><AGARI ba="0,0" hai="2,7,11,20,22,47,48,55,79,82,86" m="21831" machi="20" ten="30,2000,0" yaku="6,1,52,1" doraHai="6" who="2" fromWho="0" sc="211,-20,230,0,329,20,230,0" /><INIT seed="2,0,0,4,0,86" ten="191,230,349,230" oya="2" hai0="56,40,108,38,80,102,134,130,103,24,116,17,0" hai1="95,64,53,106,120,22,18,26,93,12,33,94,73" hai2="123,113,25,30,2,91,105,104,43,37,13,50,19" hai3="41,57,44,63,52,114,78,97,9,5,89,119,117"/><V3/><F37/><W39/><G114/><T61/><D0/><U101/><E120/><V54/><F113/><W92/><REACH who="3" step="1"/><G78/><REACH who="3" ten="191,230,349,220" step="2"/><T36/><D116/><U125/><E125/><V31/><F123/><W85/><G85/><T126/><D126/><U112/><E112/><V72/><F72/><W76/><G76/><T8/><D108/><U131/><E73/><V15/><F105/><W51/><G51/><T27/><D36/><U42/><E106/><V100/><F104/><W99/><G99/><T77/><D77/><U29/><E131/><V47/><F50/><W107/><G107/><T45/><D38/><U65/><E42/><V90/><F43/><W96/><G96/><T49/><D130/><U74/><E74/><V135/><F135/><W48/><G48/><T10/><D134/><U1/><E101/><V7/><F100/><W127/><G127/><T81/><D103/><U66/><E1/><AGARI ba="0,1" hai="1,5,9,39,41,44,52,57,63,89,92,97,117,119" machi="1" ten="30,7700,0" yaku="1,1,7,1,52,1,54,1,53,0" doraHai="86" doraHaiUra="67" who="3" fromWho="1" sc="191,0,230,-77,349,0,220,87" /><INIT seed="3,0,0,4,5,71" ten="191,153,349,307" oya="3" hai0="133,20,87,43,76,132,98,114,9,50,109,17,68" hai1="1,62,99,118,53,22,38,2,26,41,100,93,67" hai2="31,47,21,96,34,69,29,11,130,73,19,32,81" hai3="101,91,77,54,115,5,126,63,117,35,30,48,40"/><W37/><G115/><T23/><D68/><U12/><E118/><V111/><F69/><W61/><G117/><T110/><D98/><U86/><E12/><V49/><F111/><N who="0" m="42506" /><D76/><U13/><E13/><V70/><F70/><W103/><G126/><T42/><D87/><U72/><E72/><V18/><F130/><W25/><G77/><T104/><D50/><U95/><E53/><V105/><F11/><W92/><G5/><T119/><D119/><U59/><E41/><N who="0" m="15369" /><D9/><U4/><E38/><V134/><F96/><W74/><G74/><T123/><D17/><U65/><E65/><V0/><F73/><W39/><G40/><T79/><D79/><U124/><E124/><V10/><F18/><W78/><G78/><T66/><D66/><U122/><E122/><V36/><F19/><W131/><G131/><T6/><D6/><U51/><E51/><V120/><F36/><W7/><G7/><T45/><D45/><U83/><E95/><V112/><F47/><W84/><G101/><T94/><D94/><U56/><E56/><V80/><F49/><W33/><G103/><T125/><D125/><U28/><REACH who="1" step="1"/><E4/><REACH who="1" ten="191,143,349,307" step="2"/><V121/><F121/><W88/><G48/><T24/><D123/><U3/><E3/><V113/><F0/><W55/><G92/><T107/><D114/><U90/><AGARI ba="0,1" hai="1,2,22,26,28,59,62,67,83,86,90,93,99,100" machi="90" ten="20,12000,2" yaku="1,1,0,1,7,1,25,2,53,1" doraHai="71" doraHaiUra="58" who="1" fromWho="1" sc="191,-30,143,130,349,-30,307,-60" /><INIT seed="4,0,0,1,3,90" ten="161,273,319,247" oya="0" hai0="87,46,89,129,107,92,37,16,31,115,48,65,57" hai1="20,83,17,41,72,104,130,81,38,134,24,126,94" hai2="111,71,11,117,35,135,97,18,76,50,60,58,42" hai3="56,43,67,127,14,28,52,21,33,45,40,1,78"/><T19/><D107/><U110/><E104/><V74/><F111/><W121/><G1/><T106/><D106/><U105/><E105/><V61/><F71/><W22/><G127/><T32/><D115/><U13/><E110/><V96/><F35/><W128/><G128/><T79/><D129/><U23/><E130/><V91/><F135/><W124/><G124/><T59/><D37/><U69/><E126/><V6/><F117/><W95/><G33/><T64/><D32/><U34/><E69/><V3/><F61/><N who="3" m="38311" /><G78/><T103/><D31/><U101/><E134/><V118/><F118/><W85/><G121/><T63/><D103/><U51/><E38/><V98/><F18/><N who="3" m="10455" /><G22/><T36/><D36/><U114/><E72/><V55/><F76/><W27/><G27/><T15/><D15/><U133/><E114/><V86/><F74/><W80/><G28/><T10/><D10/><U8/><E133/><V26/><F26/><W0/><G80/><N who="0" m="47519" /><D57/><U123/><E123/><V44/><REACH who="2" step="1"/><F98/><REACH who="2" ten="161,273,309,247" step="2"/><W84/><G84/><N who="0" m="52263" /><D65/><U108/><E108/><V54/><F54/><AGARI ba="0,1" hai="16,19,46,48,54,59,63,64" m="52263,47519" machi="54" ten="30,5800,0" yaku="8,1,52,1,54,1" doraHai="90" who="0" fromWho="2" sc="161,68,273,0,309,-58,247,0" /><INIT seed="4,1,0,1,0,87" ten="229,273,251,247" oya="0" hai0="47,121,107,125,57,68,60,63,11,110,67,115,90" hai1="3,6,131,64,20,96,101,76,14,113,61,40,4" hai2="59,2,48,7,55,50,122,123,132,134,112,129,5" hai3="95,86,100,84,34,37,29,16,102,93,28,75,51"/><T49/><D121/><N who="2" m="46090" /><F2/><W53/><G37/><T30/><D107/><U73/><E3/><V103/><F103/><W98/><G75/><T89/><D115/><U9/><E113/><V69/><F112/><W0/><G0/><T12/><D125/><U111/><E111/><V65/><F5/><W1/><G1/><T62/><D30/><U83/><E131/><V124/><F7/><W66/><G66/><T126/><D126/><U8/><E20/><V54/><F124/><W23/><G34/><T36/><D36/><U31/><E31/><V119/><F129/><W18/><G86/><T41/><D110/><U116/><E40/><V118/><F65/><W117/><G117/><N who="2" m="44553" /><F69/><W72/><G72/><T82/><D82/><U94/><E116/><V56/><AGARI ba="1,0" hai="48,50,54,55,56,59,132,134" m="44553,46090" machi="56" ten="40,5200,0" yaku="12,1,34,2" doraHai="87" who="2" fromWho="2" sc="229,-27,273,-14,251,55,247,-14" /><INIT seed="5,0,0,5,2,17" ten="202,259,306,233" oya="1" hai0="128,121,111,92,82,90,22,81,12,66,64,135,73" hai1="20,52,4,36,19,101,56,79,23,131,75,108,35" hai2="44,70,58,46,71,26,124,34,97,1,32,115,51" hai3="48,129,53,9,65,38,41,109,118,61,5,2,6"/><U29/><E36/><V133/><F1/><W33/><G109/><T10/><D111/><U72/><E108/><V98/><F58/><W24/><G129/><T88/><D128/><U54/><E131/><V112/><F26/><W3/><G118/><T47/><D135/><U45/><E35/><N who="2" m="13355" /><F51/><W43/><G38/><T106/><D106/><U107/><E4/><V89/><F133/><W0/><G0/><T25/><D121/><U55/><E107/><V93/><F98/><W94/><G94/><T15/><D47/><N who="2" m="17962" /><F124/><W60/><G48/><T63/><D73/><U18/><E101/><V127/><F127/><W68/><G53/><T67/><D63/><U85/><E29/><V8/><F8/><W39/><G60/><T30/><D90/><U132/><E132/><V74/><F74/><W134/><G39/><T7/><D15/><N who="1" m="9311" /><E75/><V86/><F86/><AGARI ba="0,0" hai="7,10,12,22,25,30,64,66,67,81,82,86,88,92" machi="86" ten="40,5200,0" yaku="8,1,52,1,54,1" doraHai="17" who="0" fromWho="2" sc="202,52,259,0,306,-52,233,0" /><INIT seed="6,0,0,4,5,56" ten="254,259,254,233" oya="2" hai0="48,72,9,1,61,92,93,53,79,96,55,12,121" hai1="101,73,134,37,11,114,15,5,107,35,4,28,90" hai2="6,41,14,26,0,119,70,117,62,132,133,82,94" hai3="95,131,13,42,31,105,88,118,17,124,122,63,67"/><V84/><F0/><W3/><G3/><T46/><D121/><U97/><E37/><V110/><F110/><W8/><G122/><T32/><D32/><U22/><E73/><V125/><F94/><W77/><G105/><T98/><D1/><U23/><E114/><V65/><F125/><W75/><G118/><T44/><D72/><U33/><E134/><N who="2" m="51819" /><F41/><W24/><G131/><T52/><D79/><U86/><E4/><V87/><F26/><W69/><G42/><T104/><D104/><U27/><REACH who="1" step="1"/><E35/><REACH who="1" ten="254,249,254,233" step="2"/><V71/><F119/><W99/><G124/><T130/><D130/><U66/><E66/><V18/><F117/><W109/><G109/><T39/><D39/><U2/><E2/><V78/><F6/><W112/><G112/><T47/><D48/><U58/><E58/><V34/><F34/><W126/><G126/><T91/><D47/><U127/><E127/><V20/><F71/><W25/><REACH who="3" step="1"/><G31/><REACH who="3" ten="254,249,254,223" step="2"/><T128/><D128/><U100/><E100/><V16/><F18/><W45/><G45/><T40/><D44/><U89/><E89/><V123/><F123/><W129/><G129/><T108/><D108/><U116/><E116/><V54/><F54/><W30/><G30/><T68/><D46/><U81/><AGARI ba="0,2" hai="5,11,15,22,23,27,28,33,81,86,90,97,101,107" machi="81" ten="20,2700,0" yaku="1,1,0,1,7,1,53,0" doraHai="56" doraHaiUra="59" who="1" fromWho="1" sc="254,-7,249,47,254,-13,223,-7" /><INIT seed="7,0,0,1,2,2" ten="247,296,241,216" oya="3" hai0="54,76,14,6,20,36,35,121,116,86,71,84,45" hai1="61,50,41,89,51,135,26,94,132,119,111,1,92" hai2="39,58,0,97,22,43,11,77,52,91,103,56,32" hai3="115,95,79,29,108,81,130,64,12,87,118,96,3"/><W30/><G3/><T63/><D35/><U37/><E111/><V110/><F32/><W18/><G118/><T73/><D121/><U90/><E1/><V13/><F110/><W33/><G108/><T31/><D73/><U69/><E119/><V9/><F77/><W83/><G115/><T7/><D71/><U34/><E37/><V107/><F56/><W101/><G130/><T102/><D102/><U125/><E125/><V70/><F70/><W5/><G33/><T99/><D99/><U88/><E69/><V100/><F100/><W66/><G83/><T62/><D36/><U117/><E61/><V134/><F134/><N who="1" m="51241" /><E117/><V25/><F0/><W82/><G81/><N who="0" m="47143" /><D86/><U72/><E72/><V114/><F13/><W38/><G38/><T46/><D14/><U53/><E41/><V128/><F128/><W49/><G49/><N who="1" m="18442" /><E53/><V122/><F122/><W27/><G66/><T74/><D74/><U78/><E78/><V68/><F68/><W15/><G64/><T44/><D116/><U131/><E131/><V10/><F114/><W48/><G48/><T80/><D62/><U60/><E60/><V129/><F129/><W127/><G127/><T123/><D123/><U42/><E42/><V17/><F43/><W21/><REACH who="3" step="1"/><G15/><REACH who="3" ten="247,296,241,206" step="2"/><T75/><D63/><U59/><E59/><V28/><F39/><W47/><G47/><T55/><D55/><U65/><E65/><V93/><F58/><W16/><G16/><T113/><D54/><U98/><E34/><N who="2" m="20751" /><F52/><W109/><G109/><T57/><D57/><U4/><E26/><V120/><F120/><W23/><G23/><RYUUKYOKU ba="0,1" sc="247,-10,296,-10,241,-10,206,30" hai3="5,12,18,21,27,29,30,79,82,87,95,96,101" /><INIT seed="7,1,1,0,3,21" ten="237,286,231,236" oya="3" hai0="23,80,100,101,3,62,133,18,42,76,120,123,54" hai1="34,119,77,58,68,20,79,66,86,41,2,56,90" hai2="64,107,131,130,46,35,98,8,78,87,84,91,40" hai3="75,96,39,108,134,115,117,17,121,89,37,125,9"/><W94/><G117/><T6/><D133/><U116/><E34/><V15/><F64/><W12/><G121/><T7/><D42/><U69/><E2/><V92/><F35/><W19/><G75/><T95/><D120/><U83/><E41/><V53/><F53/><W31/><G134/><T27/><D123/><U122/><E122/><V33/><F33/><W103/><G31/><T13/><D3/><U104/><E104/><V63/><F63/><W97/><G115/><T124/><D124/><U49/><E79/><V74/><F74/><W106/><G125/><T25/><D6/><U60/><E20/><V110/><F110/><W14/><REACH who="3" step="1"/><G108/><REACH who="3" ten="237,286,231,226" step="2"/><T105/><D105/><U26/><E119/><V113/><F113/><W111/><G111/><T47/><D7/><U59/><E116/><V127/><F127/><W70/><G70/><T81/><D18/><U135/><E69/><V29/><F29/><W128/><G128/><N who="2" m="49193" /><F107/><W114/><G114/><T48/><D27/><U38/><E26/><V72/><F72/><W82/><G82/><T129/><D25/><U73/><E135/><V24/><F24/><W55/><G55/><T93/><D81/><U85/><E73/><V109/><F109/><W61/><G61/><T67/><D129/><U32/><E32/><V132/><F132/><W50/><G50/><T10/><D62/><U44/><E49/><N who="2" m="26823" /><F78/><W22/><AGARI ba="1,2" hai="9,12,14,17,19,22,37,39,89,94,96,97,103,106" machi="22" ten="20,7800,0" yaku="1,1,0,1,7,1,53,1" doraHai="21" doraHaiUra="4" who="3" fromWho="3" sc="237,-27,286,-27,231,-27,226,101" owari="210,-19.0,259,6.0,204,-30.0,327,43.0" /></mjloggm>