<mjloggm ver="2.3"><GO type="169" lobby="0"/><UN n0="%E3%83%8A%E3%83%A9" n1="%E3%82%A6%E3%83%AB%E3%83%88%E3%83%A9%E7%AB%8B%E7%9B%B4" n2="%E8%A5%BF%E9%A2%A8%E9%80%A3%E6%89%93" n3="%E7%B4%85%E3%81%84%E7%9E%B3%E3%81%AE%E6%AD%A6%E4%B8%B8" dan="17,17,16,16" rate="2103.75,2163.44,2151.82,2171.79" sx="M,M,M,M"/><TAIKYOKU oya="0"/><INIT seed="0,0,0,0,2,86" ten="250,250,250,250" oya="0" hai0="41,64,87,32,78,134,103,127,99,112,17,116,50" hai1="110,62,28,5,132,33,6,21,101,121,97,53,90" hai2="13,4,70,71,106,83,1,24,42,57,102,45,34" hai3="12,85,22,59,38,125,74,135,0,98,113,69,47"/><T130/><D112/><U35/><E121/><V91/><F1/><W15/><G0/><T94/><D116/><U30/><E132/><V54/><F102/><W44/><G69/><T46/><D32/><U117/><E117/><V40/><F106/><W126/><G74/><T63/><D134/><U76/><E76/><V36/><F42/><W27/><G135/><T89/><D127/><N who="3" m="48649" /><G113/><T11/><D78/><U68/><E110/><V124/><F124/><W49/><G98/><T93/><D130/><U3/><E3/><V73/><F73/><W10/><G15/><T67/><REACH who="0" step="1"/><D63/><REACH who="0" ten="240,250,250,250" step="2"/><U58/><E35/><V2/><F34/><W80/><G38/><T8/><D8/><U129/><E33/><V25/><F36/><W60/><G49/><T29/><D29/><U92/><E30/><V120/><F120/><W56/><G60/><T52/><D52/><U111/><E129/><V72/><F54/><W122/><G122/><T51/><D51/><U82/><E111/><V75/><F40/><W37/><G37/><T84/><D84/><N who="1" m="50455" /><E28/><V88/><F75/><W77/><G44/><T66/><D66/><U104/><E62/><V7/><F72/><W100/><G47/><T18/><D18/><U115/><E53/><V131/><F131/><W133/><G133/><T26/><D26/><U119/><E119/><V81/><F45/><W79/><G79/><T118/><D118/><U39/><E39/><V95/><F24/><W61/><G61/><T43/><D43/><U14/><E115/><V105/><F25/><W108/><G108/><T48/><D48/><U65/><E65/><RYUUKYOKU ba="0,1" sc="240,30,250,-10,250,-10,250,-10" hai0="11,17,41,46,50,64,67,87,89,93,94,99,103" /><INIT seed="0,1,1,4,0,49" ten="270,240,240,240" oya="0" hai0="128,4,105,67,17,104,43,55,94,129,5,81,100" hai1="44,70,26,20,91,75,13,42,7,23,68,82,69" hai2="77,47,90,106,87,92,1,99,50,36,119,35,84" hai3="64,108,38,46,34,0,9,65,33,116,29,19,32"/><T134/><D134/><U14/><E7/><N who="0" m="2633" /><D67/><U80/><E91/><V62/><F1/><W78/><G116/><T27/><D43/><U79/><E82/><V115/><F115/><W12/><G0/><T101/><D81/><U83/><E83/><V73/><F119/><W28/><G78/><T88/><D104/><U21/><REACH who="1" step="1"/><E26/><REACH who="1" ten="270,230,240,240" step="2"/><V24/><F24/><W114/><G114/><T93/><D88/><U63/><E63/><V41/><F62/><W113/><G113/><T122/><D27/><U86/><E86/><V45/><F87/><W74/><G74/><T96/><D122/><U132/><E132/><V89/><F73/><W127/><G34/><T11/><D100/><U8/><E8/><V130/><F89/><W37/><G9/><T30/><D11/><U52/><E52/><N who="2" m="29791" /><F35/><W85/><G85/><T126/><D55/><U109/><E109/><V66/><F84/><W72/><G72/><T48/><D101/><U2/><E2/><V71/><F90/><W3/><G3/><T57/><D96/><U117/><E117/><V118/><F118/><W133/><G133/><T124/><D128/><U121/><E121/><V6/><F130/><W112/><G108/><T58/><D129/><U125/><E125/><V59/><F6/><W56/><G112/><T135/><D135/><U111/><E111/><V31/><F99/><W51/><G127/><T120/><D124/><U39/><AGARI ba="1,2" hai="13,14,20,21,23,39,42,44,68,69,70,75,79,80" machi="39" ten="40,8000,1" yaku="1,1,0,1,53,2" doraHai="49" doraHaiUra="10" who="1" fromWho="1" sc="270,-41,230,103,240,-21,240,-21" /><INIT seed="1,0,0,0,5,41" ten="229,333,219,219" oya="1" hai0="77,70,101,12,31,20,90,0,92,26,98,122,85" hai1="35,114,13,51,17,44,22,82,34,32,58,123,124" hai2="48,18,87,50,16,27,111,95,10,100,76,69,3" hai3="121,74,93,89,9,49,43,56,108,63,59,126,132"/><U45/><E123/><V91/><F111/><W60/><G74/><T40/><D122/><U131/><E114/><V2/><F69/><W83/><G121/><T133/><D133/><U8/><E124/><V94/><F76/><W62/><G132/><T110/><D110/><U42/><E131/><V47/><F50/><W130/><G108/><T53/><D0/><U19/><E82/><V127/><F127/><W97/><G126/><T64/><D40/><U37/><E58/><V1/><F10/><W61/><G130/><T23/><D77/><U128/><E128/><V106/><F106/><W116/><G116/><T118/><D118/><U67/><E67/><V103/><F27/><W33/><G33/><T55/><D64/><U38/><REACH who="1" step="1"/><E45/><REACH who="1" ten="229,323,219,219" step="2"/><V120/><F120/><W78/><G59/><T6/><D70/><U107/><E107/><V125/><F125/><W11/><G56/><T102/><D102/><U105/><E105/><V68/><F68/><W29/><G83/><T28/><D101/><U135/><E135/><V117/><F117/><W4/><G93/><T80/><D92/><U5/><E5/><V79/><F79/><W129/><G4/><T75/><D6/><U88/><E88/><V73/><F73/><W25/><G78/><T113/><D75/><U119/><E119/><V65/><F65/><W84/><G129/><T71/><D71/><U57/><E57/><V86/><F86/><W104/><G84/><T66/><D66/><U36/><E36/><V109/><F109/><W21/><G62/><T134/><D134/><U24/><AGARI ba="0,1" hai="8,13,17,19,22,24,32,34,35,37,38,42,44,51" machi="24" ten="30,6000,0" yaku="1,1,0,1,52,1,53,0" doraHai="41" doraHaiUra="54" who="1" fromWho="1" sc="229,-20,323,70,219,-20,219,-20" /><INIT seed="1,1,0,2,5,35" ten="209,393,199,199" oya="1" hai0="38,0,29,133,15,36,88,22,3,116,69,135,94" hai1="114,37,101,66,86,27,124,23,25,95,91,75,131" hai2="51,129,70,102,49,16,105,31,10,56,106,34,104" hai3="128,32,73,82,28,58,89,19,20,85,112,72,4"/><U67/><E114/><V115/><F115/><W100/><G112/><T111/><D69/><U90/><E124/><V39/><F70/><W74/><G128/><T43/><D116/><U11/><E131/><V55/><F39/><N who="0" m="14890" /><D43/><U76/><E101/><V2/><F129/><W61/><G100/><T7/><D111/><U77/><E37/><V80/><F80/><W96/><G96/><T47/><D47/><U40/><E40/><V44/><F102/><W5/><G28/><T123/><D123/><U113/><E113/><V65/><F31/><W120/><G32/><T53/><D53/><U126/><E126/><V127/><F34/><W122/><G122/><T107/><D107/><U93/><E11/><V59/><F127/><W62/><G120/><T9/><D29/><U12/><E12/><V68/><F68/><W81/><G81/><T125/><D22/><U6/><E23/><V99/><F99/><W42/><G42/><T33/><D33/><U63/><E63/><V26/><F26/><W46/><G46/><T41/><D41/><U92/><E86/><V103/><F103/><W60/><REACH who="3" step="1"/><G58/><REACH who="3" ten="209,393,199,189" step="2"/><T14/><D125/><U30/><E30/><V118/><F56/><W108/><G108/><T21/><D133/><U45/><E45/><V52/><F118/><W17/><G17/><N who="0" m="10431" /><D135/><U130/><E130/><V121/><F121/><W83/><G83/><T87/><D94/><U109/><E93/><V18/><REACH who="2" step="1"/><F65/><REACH who="2" ten="209,393,189,189" step="2"/><W132/><G132/><T24/><D87/><U97/><E109/><V117/><F117/><W48/><G48/><T134/><D134/><U8/><E67/><RYUUKYOKU ba="1,2" sc="209,-15,393,-15,189,15,189,15" hai2="2,10,16,18,44,49,51,52,55,59,104,105,106" hai3="4,5,19,20,60,61,62,72,73,74,82,85,89" /><INIT seed="2,2,2,1,1,7" ten="194,378,204,204" oya="2" hai0="87,102,49,40,41,6,85,66,123,14,110,26,104" hai1="51,63,89,122,107,43,61,91,133,57,112,120,28" hai2="19,17,62,39,56,84,11,108,47,135,67,125,96" hai3="2,73,4,46,117,134,86,75,53,94,18,106,52"/><V93/><F135/><W60/><G117/><T90/><D123/><U121/><E107/><V27/><F125/><W100/><G134/><T58/><D104/><U111/><E112/><V65/><F67/><W114/><G114/><T83/><D110/><U42/><E111/><V130/><F108/><W38/><G106/><T10/><D102/><U118/><E118/><V36/><F130/><W69/><G18/><T105/><D105/><U124/><E124/><V33/><F84/><W77/><G100/><T79/><D26/><U55/><E28/><V22/><F33/><W97/><G97/><T3/><D3/><U129/><E129/><V119/><F119/><W24/><G24/><T80/><REACH who="0" step="1"/><D49/><REACH who="0" ten="184,378,204,204" step="2"/><U13/><E133/><V70/><F27/><W101/><G101/><T88/><D88/><N who="1" m="33867" /><E13/><V44/><F39/><W15/><G15/><T92/><D92/><U48/><E51/><V23/><F36/><W34/><G94/><T132/><D132/><U98/><E48/><V37/><F37/><W127/><G2/><T5/><D5/><U103/><E103/><V1/><F1/><W68/><G4/><T64/><D64/><U82/><E121/><V29/><F93/><W99/><G38/><T71/><D71/><U81/><E122/><V115/><F70/><W59/><G69/><T95/><D95/><U21/><E98/><V113/><F96/><W31/><G68/><T126/><D126/><U20/><E120/><V16/><F115/><W25/><G127/><T0/><D0/><U9/><E81/><V109/><F113/><W8/><G99/><T45/><D45/><RYUUKYOKU ba="2,3" sc="184,30,378,-10,204,-10,204,-10" hai0="6,10,14,40,41,58,66,79,80,83,85,87,90" /><INIT seed="3,3,3,2,0,68" ten="214,368,194,194" oya="3" hai0="30,106,34,129,9,40,52,118,6,23,90,102,16" hai1="0,91,69,66,51,28,108,39,61,76,25,112,99" hai2="7,114,15,73,109,60,103,37,49,2,113,79,84" hai3="86,64,105,14,74,38,1,33,11,71,20,121,22"/><W101/><G121/><T56/><D118/><U57/><E0/><V95/><F73/><W125/><G1/><T3/><D129/><U42/><E76/><V72/><F72/><W123/><G123/><T62/><D40/><U43/><E112/><V58/><F109/><W29/><G74/><T70/><D70/><U41/><E91/><V78/><F2/><W4/><G125/><T13/><D90/><U50/><E99/><V89/><F103/><W17/><G38/><T75/><D75/><U134/><E108/><V77/><F49/><W81/><G4/><T100/><REACH who="0" step="1"/><D106/><REACH who="0" ten="204,368,194,194" step="2"/><U47/><E42/><V104/><F104/><W135/><G105/><T117/><D117/><U5/><E43/><V115/><F114/><W59/><G71/><T53/><D53/><U120/><E41/><V82/><F115/><W19/><G101/><T48/><D48/><U65/><E51/><V27/><F79/><N who="3" m="46399" /><G135/><T130/><D130/><U83/><E134/><V122/><F113/><W94/><G94/><T63/><D63/><U107/><E61/><V18/><F60/><N who="3" m="37919" /><G33/><T110/><D110/><U35/><E35/><V31/><F122/><W10/><G29/><T45/><D45/><U67/><E28/><V32/><F31/><W127/><G127/><T131/><D131/><U44/><E107/><V88/><F32/><W80/><G80/><T26/><AGARI ba="3,4" hai="3,6,9,13,16,23,26,30,34,52,56,62,100,102" machi="26" ten="30,12000,2" yaku="1,1,0,1,24,2,54,2,53,0" doraHai="68" doraHaiUra="133" who="0" fromWho="0" sc="204,169,368,-33,194,-33,194,-63" /><INIT seed="4,0,0,1,1,132" ten="373,335,161,131" oya="0" hai0="89,117,23,9,86,106,52,81,107,61,13,40,134" hai1="65,135,43,71,95,34,31,47,127,3,10,131,39" hai2="41,133,73,79,67,7,92,77,68,113,32,85,98" hai3="22,53,108,87,4,119,94,130,74,0,14,118,84"/><T91/><D117/><U76/><E95/><V111/><F111/><W25/><G74/><T128/><D40/><U16/><E16/><V15/><F32/><W60/><G0/><T97/><D134/><U63/><E135/><V105/><F133/><W35/><G35/><T55/><D23/><U124/><E76/><V29/><F29/><W125/><G108/><T11/><D128/><U33/><E131/><V51/><F67/><W126/><G130/><T100/><D106/><U46/><E46/><V72/><F68/><W27/><G60/><T82/><D11/><U36/><E36/><V96/><F79/><W19/><G53/><T69/><D69/><U123/><E123/><V62/><F77/><W44/><G44/><T56/><D89/><U122/><E122/><V26/><F92/><W103/><G103/><T80/><REACH who="0" step="1"/><D55/><REACH who="0" ten="363,335,161,131" step="2"/><U18/><E34/><V54/><F105/><W24/><G118/><T114/><D114/><U121/><E121/><V21/><F113/><W112/><G112/><T99/><D99/><U2/><E33/><V75/><F98/><W28/><G119/><T17/><AGARI ba="0,1" hai="9,13,17,52,56,61,80,81,82,86,91,97,100,107" machi="17" ten="20,7800,0" yaku="1,1,0,1,7,1,54,1,53,0" doraHai="132" doraHaiUra="38" who="0" fromWho="0" sc="363,88,335,-26,161,-26,131,-26" /><INIT seed="4,1,0,4,2,66" ten="451,309,135,105" oya="0" hai0="89,97,120,32,118,61,19,44,67,116,43,73,40" hai1="84,80,128,34,54,47,90,68,76,126,88,69,48" hai2="131,14,101,28,15,12,60,55,94,10,77,35,11" hai3="121,125,42,103,63,26,117,22,109,92,133,13,124"/><T113/><D120/><U78/><E34/><V135/><F131/><W24/><G109/><T102/><D73/><U18/><E128/><V75/><F135/><W72/><G117/><T129/><D129/><U3/><E3/><V82/><F28/><W21/><G72/><T51/><D40/><U20/><E126/><N who="3" m="48746" /><G133/><T27/><D89/><U50/><E90/><V107/><F35/><W96/><G121/><T127/><D113/><U62/><E50/><V83/><F82/><W105/><G42/><T123/><D123/><U98/><E62/><V39/><F39/><W70/><G105/><T37/><D51/><U119/><E119/><V112/><F112/><W79/><G79/><T8/><D127/><U16/><E18/><V33/><F33/><W0/><G0/><T49/><D49/><U38/><E38/><V58/><F107/><W81/><G81/><T53/><D19/><U115/><E115/><V36/><F36/><W110/><G110/><T5/><D53/><U85/><E98/><V100/><F75/><W23/><G13/><T6/><D116/><U130/><E130/><V31/><F77/><W46/><G46/><T99/><D118/><U108/><E108/><V57/><F83/><W52/><G52/><T95/><D44/><U41/><E41/><V74/><F74/><W106/><G106/><N who="0" m="63823" /><D43/><U65/><E78/><V114/><F114/><W56/><G56/><N who="0" m="37287" /><D37/><U1/><E1/><V29/><F58/><W132/><G132/><T17/><D32/><U59/><E47/><V93/><F94/><W4/><G4/><T71/><D6/><U7/><E7/><RYUUKYOKU ba="1,0" sc="451,-10,309,-10,135,-10,105,30" hai3="21,22,23,24,26,63,70,92,96,103" /><INIT seed="5,2,0,5,5,121" ten="441,299,125,135" oya="1" hai0="71,78,17,132,113,72,24,104,106,76,123,111,46" hai1="119,45,52,130,26,73,65,40,5,27,125,30,89" hai2="126,82,14,131,2,66,41,98,62,18,114,11,16" hai3="120,43,7,80,57,96,86,58,56,101,84,100,50"/><U0/><E119/><V75/><F126/><W99/><G120/><T12/><D71/><U60/><E125/><V67/><F131/><W64/><G64/><T8/><D123/><U85/><E73/><V9/><F114/><W129/><G129/><T107/><D113/><U42/><E130/><V88/><F41/><W10/><G43/><T20/><D132/><U83/><E5/><V59/><F67/><W23/><G23/><T74/><D111/><U36/><E0/><V68/><F68/><W31/><G31/><T37/><D37/><U116/><E116/><V15/><F2/><W53/><G99/><T97/><D97/><U115/><E115/><V25/><F25/><W112/><G112/><T133/><D133/><U49/><E36/><V109/><F109/><W28/><G28/><T103/><D103/><N who="3" m="39497" /><G96/><T110/><D110/><U90/><E90/><V4/><F75/><W6/><G84/><T21/><D74/><U3/><E3/><V63/><F62/><W55/><G10/><T35/><D35/><U32/><REACH who="1" step="1"/><E27/><REACH who="1" ten="441,289,125,135" step="2"/><V128/><F128/><W118/><G118/><T87/><D72/><U69/><AGARI ba="2,1" hai="26,30,32,40,42,45,49,52,60,65,69,83,85,89" machi="69" ten="20,12000,1" yaku="1,1,2,1,0,1,7,1,54,1,53,0" doraHai="121" doraHaiUra="108" who="1" fromWho="1" sc="441,-42,289,136,125,-42,135,-42" /><INIT seed="5,3,0,3,4,87" ten="399,425,83,93" oya="1" hai0="120,24,30,118,100,91,78,113,43,13,28,39,67" hai1="23,5,96,49,33,135,77,42,76,51,18,130,69" hai2="82,126,101,121,46,11,123,31,6,15,4,83,19" hai3="105,109,70,64,55,112,97,37,103,32,58,94,52"/><U12/><E69/><V72/><F126/><W36/><G109/><T115/><D118/><U133/><E33/><V95/><F31/><W65/><G112/><N who="0" m="43083" /><D120/><U27/><E130/><V134/><F134/><W40/><G32/><T117/><D117/><U63/><E63/><V132/><F132/><N who="1" m="50761" /><E96/><V9/><F46/><W114/><G114/><T104/><D67/><U62/><E62/><V60/><F60/><N who="3" m="40231" /><G55/><T89/><D78/><N who="1" m="30315" /><E42/><V14/><F19/><W47/><G64/><T81/><D81/><U128/><E128/><V107/><F95/><W53/><G53/><T16/><D100/><U79/><E79/><V116/><F101/><W21/><G105/><T45/><D104/><U41/><E41/><V50/><F107/><W2/><G40/><T0/><D0/><U34/><E34/><V26/><F116/><W131/><G2/><T99/><D99/><U102/><E102/><V124/><F124/><W61/><G131/><T108/><D108/><U57/><E57/><V119/><F119/><W17/><G47/><T98/><D98/><U122/><E122/><V86/><F123/><W20/><G103/><T92/><D92/><U66/><E66/><V56/><F121/><W125/><G125/><T110/><D110/><U127/><E127/><V8/><F56/><W93/><G93/><T88/><D24/><U10/><AGARI ba="3,0" hai="5,10,12,18,23,27,49,51" m="30315,50761" machi="10" ten="30,1500,0" yaku="20,1" doraHai="87" who="1" fromWho="1" sc="399,-8,425,24,83,-8,93,-8" /><INIT seed="5,4,0,4,4,126" ten="391,449,75,85" oya="1" hai0="22,128,33,48,57,5,118,109,14,122,97,119,60" hai1="80,132,106,45,84,32,110,66,31,59,56,62,64" hai2="23,65,81,75,43,13,28,20,123,35,94,101,87" hai3="125,100,3,44,2,111,90,98,131,68,99,47,36"/><U120/><E106/><V26/><F123/><W49/><G111/><T0/><D109/><U34/><E120/><V134/><F75/><W15/><G68/><T58/><D122/><U95/><E132/><V72/><F72/><W40/><G125/><T124/><D33/><U4/><E110/><V83/><F134/><W121/><G121/><T29/><D124/><U53/><E4/><V61/><F43/><W39/><G39/><T114/><D0/><U133/><E133/><V70/><F13/><W10/><G131/><T52/><D114/><U18/><E95/><V93/><F83/><W76/><G76/><T74/><D74/><U67/><E32/><V6/><F6/><W96/><G90/><T88/><D128/><U73/><E45/><V107/><F94/><W103/><G2/><T85/><D97/><U129/><E129/><V108/><F93/><W86/><G86/><T37/><D37/><U38/><E38/><V19/><F108/><W91/><G91/><T11/><D29/><U127/><E73/><V42/><F42/><N who="3" m="24823" /><G3/><T116/><D22/><U69/><E69/><V24/><F23/><W102/><G103/><T79/><D79/><U104/><E104/><V51/><F51/><W55/><G55/><T17/><D5/><U71/><E71/><V21/><F20/><W130/><G130/><T30/><D30/><U16/><E31/><V54/><F54/><W63/><G63/><T7/><D7/><U117/><E34/><V115/><F107/><W27/><G27/><T25/><D25/><U1/><E127/><V89/><F101/><N who="3" m="39019" /><G99/><T77/><D118/><RYUUKYOKU ba="4,0" sc="391,-15,449,-15,75,15,85,15" hai2="19,21,24,26,28,35,61,65,70,81,87,89,115" hai3="10,15,36,40,44,96,98" /><INIT seed="6,5,0,2,2,51" ten="376,434,90,100" oya="2" hai0="53,5,27,92,108,48,122,46,127,70,24,32,7" hai1="113,116,69,57,25,29,1,104,110,62,93,97,11" hai2="44,54,10,123,59,74,23,84,114,26,31,42,135" hai3="95,21,50,3,101,37,133,126,15,0,125,120,91"/><V58/><F123/><W61/><G120/><T60/><D108/><U89/><E69/><V75/><F114/><W73/><G73/><T107/><D107/><U103/><E110/><V63/><F135/><W119/><G119/><T16/><D122/><U134/><E113/><V34/><F10/><W68/><G37/><T82/><D127/><N who="3" m="48649" /><G133/><T36/><D36/><U128/><E128/><V56/><F34/><W81/><G81/><T83/><D32/><U30/><E116/><V96/><F96/><N who="3" m="57471" /><G101/><T39/><D39/><U41/><E103/><V65/><F84/><W94/><G94/><T64/><D92/><U71/><E93/><V78/><F78/><W88/><G88/><T8/><D7/><U77/><E89/><V4/><F4/><W28/><G50/><T121/><D121/><U35/><E104/><V2/><F2/><W109/><G109/><T18/><D82/><U55/><E1/><V132/><F132/><W129/><G129/><T105/><D105/><U47/><E97/><V124/><F124/><W17/><G28/><T33/><D83/><U14/><E30/><V99/><F99/><W111/><G111/><T19/><REACH who="0" step="1"/><D33/><REACH who="0" ten="366,434,90,100" step="2"/><U43/><E35/><V80/><F80/><W117/><G117/><T130/><D130/><U12/><E77/><V20/><F75/><W90/><G90/><T112/><D112/><U85/><E134/><V6/><F74/><W72/><G72/><T79/><D79/><U102/><E85/><V38/><F6/><W100/><G100/><T87/><D87/><U118/><E102/><V98/><F98/><W67/><AGARI ba="5,1" hai="0,3,15,17,21,61,67,68" m="57471,48649" machi="67" ten="30,2000,0" yaku="5,1,18,1" doraHai="51" who="3" fromWho="3" sc="366,-10,434,-10,90,-15,100,45" /><INIT seed="7,0,0,0,3,94" ten="356,424,75,145" oya="3" hai0="116,24,13,2,77,126,16,62,93,127,67,45,43" hai1="48,74,129,35,20,109,122,54,49,130,128,17,82" hai2="28,73,11,12,23,31,42,10,100,83,105,47,95" hai3="53,59,106,58,78,111,25,112,69,101,5,57,135"/><W108/><G78/><T56/><D116/><U76/><E109/><N who="3" m="42058" /><G69/><T92/><D2/><U44/><E35/><V27/><F105/><W6/><G112/><T46/><D24/><N who="1" m="14351" /><E49/><V38/><F31/><W26/><G135/><T36/><D77/><U61/><E61/><V131/><F131/><W133/><G133/><T85/><D46/><U132/><E132/><V65/><F65/><W118/><G118/><T39/><D39/><U68/><E68/><V50/><F38/><W124/><G124/><N who="0" m="47659" /><D85/><U125/><E125/><V3/><F3/><W114/><G114/><T97/><D97/><U33/><E33/><V117/><F117/><W99/><G53/><T79/><D79/><U107/><E107/><V30/><F28/><W14/><G14/><T98/><D98/><U102/><E102/><V81/><F73/><W87/><G87/><T103/><D103/><U75/><E75/><V1/><F1/><W19/><G19/><T32/><D32/><U51/><E74/><V8/><REACH who="2" step="1"/><F12/><REACH who="2" ten="356,424,65,145" step="2"/><W34/><G26/><T104/><D104/><U91/><E130/><V0/><F0/><W110/><G110/><T37/><D36/><U29/><E129/><V80/><F80/><W4/><G25/><T64/><D64/><U89/><E128/><V119/><F119/><W52/><G34/><T123/><D123/><U113/><E122/><V41/><F41/><W71/><G71/><T115/><D115/><U60/><E113/><V121/><F121/><W9/><G106/><T84/><D13/><U134/><E134/><V55/><F55/><W22/><G52/><T40/><D40/><RYUUKYOKU ba="0,1" sc="356,-10,424,-10,65,30,145,-10" hai2="8,10,11,23,27,30,42,47,50,81,83,95,100" owari="346,15.0,424,51.0,95,-40.0,135,-26.0" /></mjloggm>