<mjloggm ver="2.3"><GO type="233" lobby="0"/><UN n0="%6E%65%70%65%72%6F" n1="%E3%82%A6%E3%83%AB%E3%83%88%E3%83%A9%E7%AB%8B%E7%9B%B4" n2="%E9%8C%AF%E4%B9%B1%E3%82%AB%E3%83%AB%E3%83%94%E3%82%B9" n3="%72%61%74%74%61%74%74%61" dan="16,17,17,17" rate="2123.55,2171.65,2119.33,2150.14" sx="M,M,F,M"/><TAIKYOKU oya="0"/><INIT seed="0,0,0,1,2,105" ten="250,250,250,250" oya="0" hai0="57,68,30,48,116,94,99,0,5,83,37,74,81" hai1="17,125,54,63,34,121,52,1,123,62,2,97,119" hai2="28,32,110,19,101,21,90,40,44,4,109,42,58" hai3="76,12,122,55,129,39,67,93,111,46,13,120,127"/><T69/><D37/><U106/><E34/><V95/><F101/><W86/><G111/><N who="2" m="42505" /><F4/><W117/><G117/><T6/><D116/><U126/><E119/><V108/><N who="2" m="42513" /><V131/><DORA hai="60" /><F131/><W65/><G129/><T36/><D36/><U41/><E41/><V56/><F28/><W71/><G71/><T112/><D112/><U135/><E17/><V82/><F82/><N who="3" m="47431" /><G127/><T102/><D81/><U79/><E79/><V75/><F75/><W27/><G27/><T77/><D30/><U103/><E103/><V22/><F22/><W45/><G93/><T91/><D0/><U15/><E15/><N who="3" m="5706" /><G39/><T9/><D9/><U61/><E106/><V50/><F40/><W114/><G114/><T43/><D102/><U53/><E97/><N who="2" m="57591" /><F32/><W7/><G7/><T87/><D43/><U3/><REACH who="1" step="1"/><E135/><REACH who="1" ten="250,240,250,250" step="2"/><V134/><F134/><W88/><G88/><T130/><D91/><U18/><E18/><V20/><F19/><W85/><G85/><T66/><D87/><U31/><E31/><V132/><F132/><W124/><G124/><AGARI ba="0,1" hai="1,2,3,52,53,54,61,62,63,121,123,124,125,126" machi="124" ten="50,12000,2" yaku="1,1,29,2,28,2,18,1,54,1,53,0" doraHai="105,60" doraHaiUra="92,14" who="1" fromWho="3" sc="250,0,240,130,250,0,250,-120" /><INIT seed="1,0,0,2,0,117" ten="250,370,250,130" oya="1" hai0="132,31,103,47,88,82,59,69,64,7,130,45,71" hai1="126,86,133,22,29,24,96,114,32,42,107,110,94" hai2="111,131,53,63,9,20,19,41,0,10,33,73,40" hai3="25,54,26,27,1,118,17,48,60,76,43,98,65"/><U106/><E114/><V5/><F73/><W123/><G118/><T14/><D130/><U6/><E133/><V99/><F111/><W105/><G1/><T36/><D132/><U80/><E110/><V120/><F120/><W87/><G43/><T72/><D103/><U46/><E32/><V18/><F131/><W23/><G123/><T67/><D31/><U77/><E6/><V127/><F127/><W93/><G105/><T100/><D100/><U15/><E15/><V85/><F99/><W119/><G119/><T134/><D134/><U113/><E126/><V116/><F33/><W83/><G65/><T4/><D72/><U52/><E113/><V115/><F9/><W44/><REACH who="3" step="1"/><G60/><REACH who="3" ten="250,370,250,120" step="2"/><T28/><D67/><U102/><REACH who="1" step="1"/><E52/><REACH who="1" ten="250,360,250,120" step="2"/><V121/><F53/><W104/><G104/><T21/><D64/><U57/><E57/><V16/><F115/><W35/><G35/><T125/><D59/><U97/><E97/><V58/><F116/><W13/><G13/><T66/><D14/><U108/><E108/><V101/><F58/><W135/><G135/><T92/><D66/><U8/><E8/><V39/><F10/><W122/><G122/><T38/><D125/><U51/><AGARI ba="0,2" hai="22,24,29,42,46,51,77,80,86,94,96,102,106,107" machi="51" ten="20,7800,0" yaku="1,1,0,1,7,1,53,1" doraHai="117" doraHaiUra="79" who="1" fromWho="1" sc="250,-26,360,98,250,-26,120,-26" /><INIT seed="1,1,0,1,1,53" ten="224,458,224,94" oya="1" hai0="99,62,128,13,119,21,93,39,80,8,57,31,112" hai1="17,131,108,75,103,104,69,46,74,98,1,42,130" hai2="55,20,5,58,24,67,89,40,123,86,12,7,106" hai3="50,132,3,101,28,115,129,14,71,22,44,51,33"/><U87/><E1/><V122/><F106/><W105/><G115/><T88/><D119/><U116/><E69/><V125/><F125/><W26/><G3/><T73/><D112/><U29/><E116/><V25/><F40/><W4/><G132/><T114/><D39/><U27/><E17/><V30/><F67/><W82/><G71/><T63/><D128/><N who="1" m="49195" /><E87/><V2/><F2/><W121/><G121/><T9/><D114/><U92/><E92/><V102/><F102/><W110/><G101/><T38/><D38/><N who="1" m="21847" /><E108/><V32/><F122/><W118/><G110/><T97/><D80/><U72/><E72/><V35/><F123/><W120/><G120/><T77/><D77/><U76/><E76/><V54/><F5/><W36/><G82/><T10/><D73/><U11/><E11/><V23/><F7/><W61/><G4/><T96/><D31/><U90/><E90/><V78/><F78/><W83/><G83/><T70/><D70/><U134/><E134/><V0/><F0/><W111/><G111/><T135/><D135/><U16/><E16/><V64/><F12/><W68/><G68/><T127/><D21/><AGARI ba="1,0" hai="21,27,29,74,75,98,103,104" m="21847,49195" machi="21" ten="30,1500,0" yaku="19,1" doraHai="53" who="1" fromWho="0" sc="224,-18,458,18,224,0,94,0" /><INIT seed="1,2,0,3,5,6" ten="206,476,224,94" oya="1" hai0="115,74,62,94,100,13,52,84,18,17,42,95,78" hai1="48,119,7,38,68,130,15,76,129,39,102,111,63" hai2="2,135,88,105,50,35,86,16,65,49,72,81,87" hai3="29,34,126,5,43,0,3,20,57,32,27,45,46"/><U134/><E119/><V58/><F72/><W10/><G57/><N who="0" m="35111" /><D74/><U61/><E76/><N who="2" m="46375" /><F2/><W83/><G126/><T114/><D114/><U19/><E7/><V97/><F35/><W120/><G120/><T24/><D115/><U89/><E102/><V82/><F97/><W93/><G3/><T101/><D42/><U44/><E89/><V108/><F105/><W69/><G69/><T132/><D132/><U25/><E25/><V22/><F108/><W125/><G125/><T117/><D24/><U23/><E111/><V53/><F65/><W71/><G71/><T37/><D37/><U51/><E134/><V60/><F135/><W92/><G46/><T11/><D18/><U104/><E104/><V109/><F109/><W28/><G28/><T124/><D124/><U70/><E44/><V33/><F33/><W59/><G59/><T131/><D131/><U75/><E75/><V73/><F73/><W118/><G118/><T4/><D4/><U56/><E56/><V96/><F96/><W66/><G66/><T99/><D117/><U36/><E70/><V67/><F67/><W110/><G110/><T79/><D100/><U127/><E68/><V64/><F64/><W107/><G107/><T91/><AGARI ba="2,0" hai="11,13,17,78,79,84,91,94,95,99,101" m="35111" machi="91" ten="30,4000,0" yaku="8,1,52,1,54,1" doraHai="6" who="0" fromWho="0" sc="206,46,476,-22,224,-12,94,-12" /><INIT seed="2,0,0,4,1,129" ten="252,454,212,82" oya="2" hai0="76,132,86,98,54,0,35,26,128,127,106,103,21" hai1="39,85,95,42,94,72,49,18,23,15,48,91,87" hai2="16,6,59,70,10,81,74,134,4,73,105,69,117" hai3="110,30,41,101,90,122,133,64,34,79,2,113,126"/><V13/><F117/><W43/><G79/><T109/><D128/><U61/><E72/><V8/><F105/><W135/><G122/><T100/><D35/><U96/><E39/><V123/><F123/><W120/><G120/><T71/><D71/><U114/><E114/><V55/><F81/><W7/><G101/><T121/><D0/><U62/><E87/><V47/><F47/><W17/><G113/><T78/><D121/><U107/><E107/><V33/><F33/><W50/><G110/><T60/><D109/><U68/><E68/><V27/><F27/><N who="3" m="18783" /><G64/><T93/><D100/><N who="1" m="60439" /><E49/><V40/><F40/><W25/><G90/><T9/><D86/><U124/><E124/><V116/><F116/><W24/><G50/><T44/><D127/><U22/><E22/><V29/><F29/><W99/><G99/><T75/><D75/><U65/><E65/><V56/><F55/><W20/><G126/><T115/><D98/><U53/><E42/><V92/><F92/><W19/><G43/><T88/><D93/><U66/><E66/><V32/><F32/><W111/><G41/><T125/><D115/><U131/><E131/><V3/><F13/><N who="3" m="9263" /><G111/><T14/><D125/><U130/><E130/><V5/><F5/><W67/><G67/><T89/><D103/><U31/><E31/><V1/><REACH who="2" step="1"/><F16/><REACH who="2" ten="252,454,202,82" step="2"/><W118/><G118/><T84/><D106/><U38/><E38/><V52/><F52/><W11/><G24/><T36/><D54/><U51/><E51/><V82/><F82/><W112/><G112/><T37/><D26/><U57/><AGARI ba="0,1" hai="15,18,23,48,53,57,61,62,85,91,95" m="60439" machi="57" ten="30,2000,0" yaku="25,1,8,1" doraHai="129" who="1" fromWho="1" sc="252,-5,454,30,202,-10,82,-5" /><INIT seed="3,0,0,1,2,111" ten="247,484,192,77" oya="3" hai0="48,60,73,107,47,132,40,68,109,58,115,46,85" hai1="87,78,35,100,90,106,30,70,133,103,120,16,105" hai2="124,99,20,5,69,32,7,56,114,12,22,127,23" hai3="53,81,112,76,130,0,9,27,44,84,26,37,54"/><W4/><G130/><T82/><D73/><U121/><E30/><V92/><F69/><W122/><G122/><T57/><D109/><U13/><E35/><V43/><F32/><W24/><REACH who="3" step="1"/><G112/><REACH who="3" ten="247,484,192,67" step="2"/><T113/><D115/><U71/><E120/><V3/><F114/><W18/><G18/><T42/><D113/><U21/><E16/><N who="2" m="10247" /><F3/><W102/><G102/><T66/><D132/><U10/><E103/><N who="2" m="60903" /><F5/><W15/><G15/><T110/><D110/><U134/><E13/><V6/><F6/><W2/><G2/><T123/><D123/><U96/><E100/><V39/><F7/><W91/><G91/><T31/><D31/><U34/><E90/><V36/><F56/><W79/><G79/><T8/><D57/><U80/><E78/><V72/><F72/><W11/><G11/><T126/><D58/><U77/><E10/><V98/><F98/><W33/><G33/><T1/><D8/><U62/><E34/><V19/><F19/><W119/><G119/><T95/><D1/><U97/><E121/><V41/><F23/><W65/><G65/><T45/><D66/><U67/><E21/><V117/><F117/><W50/><G50/><T25/><D48/><U63/><E97/><V135/><F22/><W101/><G101/><T17/><D68/><U125/><E96/><V131/><F131/><W128/><G128/><T104/><D107/><U14/><E105/><V118/><F118/><W64/><G64/><T29/><D104/><U75/><E106/><V55/><F135/><W28/><G28/><T59/><D29/><U89/><E133/><V93/><F36/><RYUUKYOKU ba="0,1" sc="247,-10,484,-10,192,-10,67,30" hai3="0,4,9,24,26,27,37,44,53,54,76,81,84" /><INIT seed="3,1,1,0,5,126" ten="237,474,182,97" oya="3" hai0="16,56,59,88,66,4,40,13,124,21,41,131,105" hai1="83,98,19,104,101,74,62,127,25,5,36,86,42" hai2="80,107,52,55,122,33,67,69,18,102,14,57,8" hai3="111,30,44,9,58,92,135,113,112,134,54,7,38"/><W90/><G30/><T123/><D105/><U129/><E5/><V133/><F122/><W79/><G79/><T121/><D124/><U39/><E127/><V17/><F133/><N who="3" m="50699" /><G92/><T15/><D131/><U116/><E129/><V95/><F33/><W10/><G90/><T35/><D35/><U109/><E19/><N who="2" m="8647" /><F107/><W11/><G111/><T20/><D121/><U103/><E86/><V120/><F120/><W37/><G7/><T91/><D123/><U49/><E101/><V108/><F80/><W87/><G87/><T6/><D66/><U84/><E84/><V81/><F81/><W130/><G130/><T45/><D45/><U2/><E83/><V60/><F108/><W125/><G125/><T0/><D0/><U43/><E2/><V77/><F77/><W117/><G117/><T94/><D94/><U82/><E82/><V46/><F95/><W73/><G73/><T78/><D78/><U27/><E74/><V64/><F102/><W53/><G44/><T119/><D119/><U1/><E103/><V85/><F85/><W24/><G24/><T63/><D63/><U68/><E62/><N who="2" m="40183" /><F46/><W128/><G128/><T51/><D51/><U100/><E109/><V23/><F23/><W71/><G71/><T32/><D32/><U65/><E68/><V48/><F48/><N who="3" m="31015" /><G54/><N who="2" m="20521" /><F18/><AGARI ba="1,1" hai="4,6,13,15,16,18,20,21,40,41,56,59,88,91" machi="18" ten="25,8000,1" yaku="22,2,8,1,54,2" doraHai="126" who="0" fromWho="2" sc="237,93,474,0,182,-83,97,0" /><INIT seed="4,0,0,4,2,125" ten="330,474,99,97" oya="0" hai0="32,91,106,42,71,37,9,114,86,12,57,90,118" hai1="24,119,102,115,134,88,113,97,107,70,8,18,96" hai2="67,52,2,133,50,10,101,34,33,4,121,76,63" hai3="58,55,122,13,22,82,68,66,72,135,3,95,94"/><T23/><D71/><U19/><E70/><V85/><F121/><W6/><G3/><T116/><D32/><U36/><E36/><V48/><F133/><W131/><G135/><T99/><D114/><N who="1" m="43531" /><E119/><V83/><F101/><W0/><G0/><T130/><D42/><U120/><E134/><V56/><REACH who="2" step="1"/><F50/><REACH who="2" ten="330,474,89,97" step="2"/><W21/><G122/><T20/><D116/><U60/><E120/><V124/><F124/><W16/><G68/><AGARI ba="0,1" hai="2,4,10,33,34,48,52,56,63,67,68,76,83,85" machi="68" ten="30,8000,1" yaku="1,1,7,1,54,1,53,2" doraHai="125" doraHaiUra="28" who="2" fromWho="3" sc="330,0,474,0,89,90,97,-80" /><INIT seed="5,0,0,2,4,116" ten="330,474,179,17" oya="1" hai0="51,119,90,26,125,41,31,61,82,70,69,9,7" hai1="107,34,92,91,20,86,46,99,108,50,43,73,67" hai2="127,22,121,74,122,113,133,94,62,117,97,5,102" hai3="39,106,68,57,85,87,14,25,12,56,44,30,72"/><U118/><E34/><V53/><F117/><W59/><G68/><T115/><D119/><U29/><E118/><V126/><F74/><W6/><G72/><T49/><D115/><U114/><E114/><V71/><F113/><W109/><G109/><T60/><D125/><N who="2" m="47626" /><F133/><W96/><G106/><T89/><D26/><U3/><E3/><V88/><F5/><W32/><G96/><T42/><D7/><U38/><E73/><V1/><F1/><W128/><G128/><T63/><D31/><U95/><E107/><N who="2" m="63951" /><F22/><W131/><G131/><T13/><D13/><U11/><E11/><V78/><F78/><W75/><G75/><T35/><D9/><U58/><E108/><V134/><F134/><W10/><REACH who="3" step="1"/><G14/><REACH who="3" ten="330,474,179,7" step="2"/><T47/><D70/><U48/><E99/><N who="2" m="57799" /><F53/><W93/><G93/><T21/><D69/><U124/><E95/><V52/><F52/><W80/><G80/><T101/><D82/><U19/><E92/><V37/><F37/><W23/><G23/><T33/><D101/><U36/><E20/><V2/><F2/><W120/><G120/><T84/><D21/><U54/><E38/><V132/><F132/><W104/><G104/><T64/><D35/><U0/><E36/><V98/><F98/><W45/><G45/><T76/><D47/><U111/><E46/><V110/><F110/><W24/><G24/><T103/><D33/><U27/><E111/><V65/><AGARI ba="0,1" hai="62,65,71,121,122" m="57799,63951,47626" machi="65" ten="30,7900,0" yaku="18,1,52,2,54,1" doraHai="116" who="2" fromWho="2" sc="330,-20,474,-39,179,89,7,-20" owari="310,11.0,435,53.0,268,-13.0,-13,-51.0" /></mjloggm>