<mjloggm ver="2.3"><GO type="233" lobby="0"/><UN n0="%E3%81%BF%E3%81%BF%E3%81%9A" n1="%4D%6F%67%65%72%61" n2="%E3%83%99%E3%82%BF%E3%82%AA%E3%83%AA%E3%82%B9%E3%82%AF" n3="%E3%82%A6%E3%83%AB%E3%83%88%E3%83%A9%E7%AB%8B%E7%9B%B4" dan="16,16,16,17" rate="2104.52,2074.48,2112.49,2212.92" sx="M,F,M,M"/><TAIKYOKU oya="0"/><INIT seed="0,0,0,0,3,63" ten="250,250,250,250" oya="0" hai0="122,70,49,14,105,60,65,7,17,110,88,5,23" hai1="96,84,80,115,104,21,61,56,77,123,13,94,92" hai2="19,0,57,32,66,113,36,41,64,67,24,119,22" hai3="69,111,71,20,33,118,26,132,62,68,116,58,100"/><T82/><D122/><U34/><E34/><V35/><F113/><W55/><G111/><T127/><D127/><U44/><E123/><V48/><F0/><W2/><G132/><T108/><D105/><U126/><E126/><V86/><F119/><W101/><G2/><T8/><D49/><U11/><E115/><V29/><F36/><W125/><G33/><T85/><REACH who="0" step="1"/><D7/><REACH who="0" ten="240,250,250,250" step="2"/><U50/><E104/><V109/><F109/><W78/><G125/><T3/><AGARI ba="0,1" hai="3,5,8,14,17,23,60,65,70,82,85,88,108,110" machi="3" ten="30,12000,1" yaku="1,1,2,1,0,1,52,1,54,1,53,0" doraHai="63" doraHaiUra="130" who="0" fromWho="0" sc="240,130,250,-40,250,-40,250,-40" /><INIT seed="0,1,0,1,5,71" ten="370,210,210,210" oya="0" hai0="46,112,17,57,41,113,30,54,38,122,100,35,98" hai1="106,26,42,58,72,69,128,73,9,63,118,6,83" hai2="80,103,14,105,8,59,37,40,12,97,20,116,16" hai3="121,75,77,131,32,129,39,99,119,94,43,114,95"/><T22/><D122/><U125/><E118/><V13/><F116/><W25/><G119/><T51/><D30/><U79/><E106/><V93/><F105/><W64/><G64/><T65/><D35/><U52/><E125/><V117/><F117/><W10/><G10/><T111/><D111/><U85/><E128/><N who="3" m="49226" /><G114/><T78/><D78/><U2/><E26/><V55/><F80/><N who="3" m="45119" /><G121/><T133/><D133/><U102/><E102/><V123/><F123/><W44/><G99/><T36/><D65/><U24/><E69/><V47/><REACH who="2" step="1"/><F8/><REACH who="2" ten="370,210,200,210" step="2"/><W23/><G32/><T33/><D33/><U87/><E73/><V81/><F81/><W126/><G126/><T120/><D120/><U88/><E72/><V91/><F91/><W34/><G34/><T124/><D124/><U61/><E88/><V0/><F0/><W89/><G89/><T132/><D132/><U115/><E9/><V7/><F7/><W29/><AGARI ba="1,1" hai="23,25,29,39,43,44,94,95" m="45119,49226" machi="29" ten="30,2000,0" yaku="19,1,52,1" doraHai="71" who="3" fromWho="3" sc="370,-11,210,-6,200,-6,210,33" /><INIT seed="1,0,0,0,0,104" ten="359,204,194,243" oya="1" hai0="71,89,41,31,129,75,120,48,106,85,64,15,13" hai1="133,103,45,88,98,84,100,74,83,123,78,63,37" hai2="40,10,105,124,8,29,67,32,68,132,42,94,58" hai3="47,2,99,50,69,73,59,128,111,38,65,121,3"/><U19/><E123/><V55/><F105/><W0/><G121/><T93/><D120/><U87/><E133/><V102/><F67/><W81/><G128/><T110/><D129/><U135/><E135/><V36/><F68/><W33/><G33/><T125/><D110/><U112/><E112/><V109/><F132/><W7/><G111/><T76/><D125/><U53/><E37/><V108/><F124/><W16/><G69/><T27/><D106/><U91/><E19/><V1/><F36/><W9/><G99/><T131/><D131/><U25/><E25/><V17/><F1/><W14/><G65/><T43/><D64/><U80/><E98/><N who="2" m="59735" /><F32/><W49/><G59/><T5/><D71/><U90/><E90/><V61/><F29/><W60/><G60/><T82/><D5/><U51/><REACH who="1" step="1"/><E63/><REACH who="1" ten="359,194,194,243" step="2"/><V21/><F109/><W96/><G96/><T22/><D48/><U56/><E56/><V118/><F108/><W34/><G49/><T95/><D95/><AGARI ba="0,1" hai="45,51,53,74,78,80,83,84,87,88,91,95,100,103" machi="95" ten="30,11600,0" yaku="1,1,7,1,52,1,54,1,53,0" doraHai="104" doraHaiUra="127" who="1" fromWho="0" sc="359,-116,194,126,194,0,243,0" /><INIT seed="1,1,0,4,1,110" ten="243,320,194,243" oya="1" hai0="38,3,10,41,125,122,17,111,82,25,93,11,23" hai1="28,57,48,6,79,87,39,51,29,42,100,7,127" hai2="52,14,44,97,108,72,9,134,124,69,60,113,66" hai3="46,92,117,62,47,76,32,84,61,131,91,77,98"/><U135/><E135/><V2/><F72/><W67/><G32/><T58/><D122/><U64/><E127/><V112/><F108/><W22/><G117/><T70/><D111/><U132/><E132/><V81/><F134/><W75/><G75/><T123/><D123/><U59/><E39/><V63/><F2/><W20/><G131/><T71/><D125/><U24/><E100/><V8/><F124/><W120/><G120/><T96/><D58/><U105/><E105/><V99/><F81/><W101/><G20/><T129/><D129/><U104/><E104/><V35/><F35/><W83/><G22/><T80/><D71/><U45/><E79/><V21/><F21/><W126/><G126/><T74/><D70/><U106/><E106/><V50/><F63/><W109/><G109/><T1/><D1/><U65/><E87/><V86/><F86/><W89/><G62/><T36/><D82/><U49/><E24/><V4/><REACH who="2" step="1"/><F9/><REACH who="2" ten="243,320,184,243" step="2"/><W16/><G77/><T56/><D3/><U116/><E116/><V119/><F119/><W73/><G73/><T33/><D33/><U115/><E45/><V13/><F13/><W103/><G76/><N who="0" m="44055" /><D11/><U121/><E121/><V15/><F15/><W54/><G47/><N who="0" m="23975" /><D10/><U118/><E118/><V37/><F37/><W95/><G83/><T128/><D38/><U26/><E42/><V107/><F107/><W19/><G46/><T5/><D128/><U102/><E7/><V88/><F88/><W85/><G85/><T31/><D5/><U30/><E6/><V114/><AGARI ba="1,1" hai="4,8,14,44,50,52,60,66,69,97,99,112,113,114" machi="114" ten="30,12000,2" yaku="1,1,0,1,11,1,52,3,54,1,53,0" doraHai="110" doraHaiUra="78" who="2" fromWho="2" sc="243,-31,320,-61,184,133,243,-31" /><INIT seed="2,0,0,5,4,70" ten="212,259,317,212" oya="2" hai0="12,31,114,3,59,132,26,63,88,96,39,64,5" hai1="124,92,30,72,118,21,100,127,56,109,38,80,69" hai2="135,23,15,24,65,116,11,4,133,20,57,81,18" hai3="51,95,75,48,113,107,111,74,9,22,7,79,0"/><V49/><F116/><W104/><G111/><T108/><D114/><U71/><E109/><V50/><F81/><W128/><G128/><T82/><D108/><U99/><E118/><V97/><F97/><W126/><G126/><N who="1" m="48170" /><E56/><V54/><F65/><W44/><G113/><T77/><D3/><U129/><E129/><V29/><REACH who="2" step="1"/><F50/><REACH who="2" ten="212,259,307,212" step="2"/><W33/><G51/><T43/><D132/><U66/><E66/><V37/><F37/><W67/><G48/><T61/><D61/><U102/><E38/><V2/><AGARI ba="0,1" hai="2,4,11,15,18,20,23,24,29,49,54,57,133,135" machi="2" ten="30,3000,0" yaku="1,1,0,1,53,0" doraHai="70" doraHaiUra="123" who="2" fromWho="2" sc="212,-10,259,-10,307,40,212,-10" /><INIT seed="2,1,0,3,2,101" ten="202,249,347,202" oya="2" hai0="89,33,36,3,13,57,122,34,8,76,80,7,48" hai1="51,134,105,97,53,83,113,35,85,40,6,22,92" hai2="63,41,126,74,90,119,61,12,18,14,42,99,120" hai3="115,77,4,93,69,30,78,15,19,81,58,121,79"/><V108/><F119/><W39/><G69/><T54/><D122/><U68/><E68/><V23/><F120/><W56/><G39/><T47/><D89/><U86/><E35/><V133/><F74/><W46/><G121/><T64/><D13/><U45/><E113/><V62/><F126/><W16/><G115/><T73/><REACH who="0" step="1"/><D64/><REACH who="0" ten="192,249,347,202" step="2"/><U106/><E134/><V88/><F133/><W112/><G112/><T84/><D84/><U66/><E66/><V103/><F14/><W52/><G81/><T20/><D20/><U98/><E22/><V29/><F108/><W17/><G15/><T1/><D1/><U24/><E86/><V67/><F67/><W130/><G130/><T131/><D131/><U129/><E129/><V49/><F29/><W50/><G4/><T107/><D107/><U5/><E85/><V110/><F110/><W87/><G30/><T65/><D65/><U27/><E105/><V32/><F32/><W70/><G70/><T127/><D127/><U118/><E106/><V11/><F23/><W117/><G117/><T91/><D91/><AGARI ba="1,1" hai="16,17,19,46,50,52,56,58,77,78,79,87,91,93" machi="91" ten="40,5200,0" yaku="8,1,54,2" doraHai="101" who="3" fromWho="0" sc="192,-55,249,0,347,0,202,65" /><INIT seed="3,0,0,4,2,40" ten="137,249,347,267" oya="3" hai0="133,41,62,5,106,112,76,20,120,89,43,78,54" hai1="97,115,23,70,107,51,65,96,39,47,18,83,90" hai2="88,82,30,14,4,99,60,31,11,135,131,26,35" hai3="132,77,108,116,38,64,128,121,93,21,16,1,117"/><W126/><G121/><T32/><D120/><U118/><E115/><V94/><F31/><W81/><G1/><T61/><D32/><U53/><E118/><V79/><F135/><W19/><G132/><T7/><D106/><U0/><E0/><V46/><F131/><W44/><G128/><T92/><D133/><U72/><E107/><V2/><F60/><W75/><G126/><T123/><D123/><U3/><E3/><V91/><F2/><W6/><G6/><N who="0" m="2059" /><D112/><U67/><E39/><V56/><F56/><W27/><G108/><T29/><D20/><U87/><E72/><V48/><F94/><W25/><G64/><N who="1" m="24650" /><E70/><V73/><REACH who="2" step="1"/><F99/><REACH who="2" ten="137,249,337,267" step="2"/><W24/><G93/><T71/><D29/><U63/><E63/><V109/><F109/><W80/><G80/><T52/><D71/><U114/><E114/><V110/><F110/><W85/><G116/><T28/><D28/><U68/><E68/><V122/><F122/><W98/><G98/><N who="0" m="57615" /><D62/><U59/><E59/><V104/><F104/><W69/><G69/><T127/><D127/><U74/><E74/><V55/><AGARI ba="0,1" hai="4,11,14,26,30,35,46,48,55,73,79,82,88,91" machi="55" ten="20,8000,1" yaku="1,1,0,1,7,1,52,1,54,1,53,0" doraHai="40" doraHaiUra="95" who="2" fromWho="2" sc="137,-20,249,-20,337,90,267,-40" /><INIT seed="4,0,0,2,2,51" ten="117,229,427,227" oya="0" hai0="49,4,57,6,88,53,102,41,63,43,68,99,42" hai1="48,97,65,94,100,46,70,8,62,12,0,112,117" hai2="127,98,45,131,38,35,74,36,26,32,67,101,21" hai3="126,14,20,105,28,87,95,82,5,25,77,22,124"/><T37/><D37/><U11/><E117/><V52/><F74/><W17/><G105/><T29/><D29/><U123/><E123/><V133/><F67/><W130/><G130/><T79/><D79/><U115/><E0/><V59/><F127/><N who="3" m="48683" /><G95/><N who="0" m="56807" /><D68/><U118/><E118/><V113/><F113/><N who="1" m="43593" /><E12/><V104/><F133/><W50/><G50/><T129/><D102/><U66/><E66/><V134/><F134/><W114/><G114/><T111/><D129/><U13/><E13/><V75/><F75/><W61/><G61/><T64/><D111/><U132/><E132/><V84/><F131/><W90/><G77/><T92/><D92/><U78/><E78/><V110/><F110/><W16/><G28/><T119/><D119/><U54/><AGARI ba="0,0" hai="8,11,46,48,54,62,65,70,94,97,100" m="43593" machi="54" ten="30,4000,0" yaku="15,1,11,1,52,1" doraHai="51" who="1" fromWho="1" sc="117,-20,229,40,427,-10,227,-10" /><INIT seed="5,0,0,3,3,3" ten="97,269,417,217" oya="1" hai0="17,89,100,114,99,37,82,13,111,113,61,9,53" hai1="31,52,64,118,75,11,128,40,77,43,90,102,15" hai2="69,2,81,124,41,6,92,71,122,116,18,126,131" hai3="44,58,48,38,1,70,32,66,76,63,125,133,65"/><U85/><E118/><V86/><F122/><W68/><G76/><T46/><D111/><U73/><E128/><V29/><F131/><W21/><G21/><T56/><D37/><U54/><E64/><V91/><F116/><W98/><G98/><T27/><D46/><U16/><E102/><V119/><F119/><W20/><G20/><T50/><D27/><U132/><E132/><V39/><F29/><W19/><G19/><T83/><D89/><U109/><E109/><V135/><F135/><W49/><G1/><T129/><D129/><U5/><E31/><V35/><F35/><W103/><G103/><T55/><D113/><U7/><E75/><V96/><F18/><W62/><G32/><T34/><D34/><U22/><E77/><V67/><F67/><W97/><G97/><T94/><REACH who="0" step="1"/><D114/><REACH who="0" ten="87,269,417,217" step="2"/><U105/><E90/><N who="2" m="55319" /><F39/><W84/><G38/><T87/><D87/><U78/><E85/><V33/><F33/><W45/><G84/><T110/><D110/><U10/><E78/><V59/><F86/><W120/><G133/><T23/><D23/><U95/><E73/><V4/><F91/><W25/><G25/><T42/><D42/><U88/><E43/><V8/><F41/><W47/><G120/><T93/><D93/><U72/><E40/><V117/><F117/><W80/><G45/><T14/><D14/><N who="1" m="5471" /><E72/><V36/><F36/><W121/><G121/><T107/><D107/><U104/><E105/><V24/><F81/><W130/><G80/><T51/><D51/><U108/><E104/><V127/><F24/><W112/><G112/><T28/><D28/><RYUUKYOKU ba="0,1" sc="87,30,269,-10,417,-10,217,-10" hai0="9,13,17,50,53,55,56,61,82,83,94,99,100" /><INIT seed="6,1,1,2,5,85" ten="117,259,407,207" oya="2" hai0="26,102,28,1,111,23,126,132,122,31,101,118,76" hai1="112,96,51,119,124,44,15,30,83,87,67,48,20" hai2="29,73,39,33,42,80,125,14,46,41,116,82,113" hai3="129,10,47,90,68,43,7,55,5,86,45,50,135"/><V24/><F116/><W52/><G68/><T60/><D111/><U16/><E119/><V107/><F107/><W74/><G74/><T9/><D118/><U134/><E112/><V81/><F113/><W99/><G135/><T25/><D122/><U40/><E134/><V3/><F3/><W108/><G108/><T120/><D120/><U8/><E124/><V71/><F71/><W56/><G129/><T19/><D132/><U114/><E114/><V110/><F110/><W37/><G99/><T78/><D126/><U91/><E67/><V4/><F42/><W103/><G103/><T2/><D60/><U61/><E61/><V34/><F125/><W36/><G36/><T72/><D19/><U104/><E104/><V58/><F58/><W54/><G56/><T115/><D115/><U89/><E30/><V88/><F33/><W130/><G130/><T0/><D9/><U27/><E48/><V32/><F32/><W95/><G5/><T13/><D13/><AGARI ba="1,1" hai="7,10,13,37,43,45,47,50,52,54,55,86,90,95" machi="13" ten="30,3900,0" yaku="7,1,52,1,54,1" doraHai="85" who="3" fromWho="0" sc="117,-42,259,0,407,0,207,52" /><INIT seed="7,0,0,2,1,53" ten="75,259,407,259" oya="3" hai0="94,101,55,56,34,68,14,110,84,11,102,76,22" hai1="66,18,24,85,47,75,63,57,50,39,83,35,40" hai2="104,119,67,38,113,87,89,127,81,0,37,9,112" hai3="88,111,30,3,20,118,41,42,108,26,43,124,44"/><W135/><G118/><T61/><D110/><N who="3" m="42025" /><G124/><T13/><D34/><U10/><E75/><V8/><F119/><W92/><G3/><T29/><D68/><U2/><E2/><V74/><F127/><W106/><G106/><T78/><D29/><U100/><E35/><V64/><F104/><W97/><G135/><T4/><D78/><N who="1" m="46327" /><E39/><AGARI ba="0,0" hai="20,26,30,39,41,42,43,44,88,92,97" m="42025" machi="39" ten="30,2900,0" yaku="10,1,54,1" doraHai="53" who="3" fromWho="1" sc="75,0,259,-29,407,0,259,29" /><INIT seed="7,1,0,1,3,22" ten="75,230,407,288" oya="3" hai0="70,126,73,69,62,51,90,121,58,102,133,91,15" hai1="8,113,88,17,72,32,31,132,100,14,104,82,42" hai2="48,44,118,89,43,71,26,68,57,20,75,81,59" hai3="64,36,74,24,7,99,105,46,63,107,60,106,1"/><W0/><G99/><T53/><D121/><U47/><E113/><V116/><F75/><W9/><G74/><T49/><D73/><U98/><E132/><V66/><F89/><W13/><G63/><T5/><D102/><U124/><E124/><V86/><F86/><W10/><G46/><T130/><D126/><U29/><E32/><V127/><F81/><W55/><G55/><T125/><D125/><U108/><E108/><V33/><F33/><W21/><G36/><T2/><D2/><U135/><E135/><V38/><F127/><W67/><G10/><T19/><D5/><U97/><E72/><V84/><F84/><W134/><G134/><T92/><D133/><U18/><E18/><N who="2" m="12567" /><F57/><W103/><G103/><T16/><D130/><U28/><E82/><V56/><F56/><W117/><G117/><T120/><D120/><U83/><E83/><V111/><F71/><W114/><G114/><T40/><D19/><U27/><E97/><V61/><F111/><W54/><G54/><AGARI ba="1,0" hai="38,43,44,48,54,59,61,66,68,116,118" m="12567" machi="54" ten="30,2000,0" yaku="24,1,52,1" doraHai="22" who="2" fromWho="3" sc="75,0,230,0,407,23,288,-23" owari="75,-42.0,230,-17.0,430,52.0,265,7.0" /></mjloggm>