<mjloggm ver="2.3"><GO type="169" lobby="0"/><UN n0="%79%75%6D%69%6B%69%6B%61" n1="%E5%B0%B1%E6%B4%BB%E7%94%9F%40%E5%B7%9D%E6%9D%91%E8%BB%8D%E5%9B%A3" n2="%E6%9A%97%E3%81%84%E7%AC%A6" n3="%4B%E3%80%82" dan="16,17,19,17" rate="2167.30,2153.34,2295.85,2213.96" sx="M,M,M,M"/><TAIKYOKU oya="0"/><INIT seed="0,0,0,3,1,52" ten="250,250,250,250" oya="0" hai0="8,133,34,24,36,80,19,33,56,120,95,12,21" hai1="48,58,122,131,110,44,67,14,10,109,41,26,60" hai2="40,28,108,73,77,128,78,104,61,90,66,112,96" hai3="100,106,31,1,65,7,123,86,18,39,29,92,51"/><T129/><D120/><U134/><E122/><V9/><F40/><W55/><G39/><T37/><D133/><U124/><E134/><V135/><F9/><W57/><G1/><T97/><D129/><U50/><E124/><V102/><F128/><W71/><G7/><T127/><D80/><U53/><E131/><V118/><F135/><W72/><G72/><T85/><D85/><U3/><E3/><V59/><F112/><W82/><G106/><T22/><D22/><U114/><E26/><V0/><F0/><W43/><G43/><T11/><D11/><U70/><REACH who="1" step="1"/><E114/><REACH who="1" ten="250,240,250,250" step="2"/><V47/><F118/><W63/><G123/><T89/><D127/><U54/><E54/><V62/><F66/><W115/><G115/><T121/><D121/><U74/><E74/><V38/><F73/><W117/><G117/><T111/><D111/><U130/><E130/><V15/><F108/><W116/><G116/><T81/><D34/><U25/><E25/><V94/><F15/><W87/><G65/><T20/><D33/><U98/><E98/><V69/><F96/><W49/><G55/><T23/><D24/><U105/><E105/><V64/><F104/><W113/><G113/><T76/><D97/><U17/><AGARI ba="0,1" hai="10,14,17,41,44,48,50,53,58,60,67,70,109,110" machi="17" ten="30,4000,0" yaku="1,1,0,1,52,1,53,0" doraHai="52" doraHaiUra="30" who="1" fromWho="1" sc="250,-20,240,50,250,-10,250,-10" /><INIT seed="1,0,0,5,1,5" ten="230,290,240,240" oya="1" hai0="17,36,18,105,86,109,90,3,95,31,129,102,45" hai1="58,65,132,63,0,89,33,113,117,133,42,46,68" hai2="107,44,61,110,1,116,77,101,22,87,62,9,92" hai3="16,26,127,48,108,34,99,23,11,40,114,98,96"/><U85/><E33/><V120/><F107/><W69/><G114/><T52/><D109/><U55/><E0/><V53/><F110/><W134/><G108/><T47/><D129/><U67/><E117/><V43/><F22/><W66/><G34/><T2/><D31/><U104/><E104/><V75/><F120/><W111/><G111/><T6/><D105/><U84/><E113/><V57/><F101/><W88/><G127/><T124/><D124/><U100/><E100/><V112/><F92/><N who="3" m="56327" /><G69/><T51/><D2/><U56/><E85/><V41/><F87/><W82/><G66/><T71/><D71/><U130/><E130/><V115/><F116/><W73/><G73/><T30/><D30/><U126/><E126/><V14/><F1/><W59/><G82/><T37/><D102/><U21/><E84/><V135/><F75/><W64/><G134/><N who="1" m="51818" /><E21/><V19/><F135/><W83/><G83/><T125/><D125/><U72/><E89/><V60/><F77/><W7/><G64/><T13/><D3/><U12/><E72/><V35/><F35/><W103/><G103/><T10/><REACH who="0" step="1"/><D36/><REACH who="0" ten="220,290,240,240" step="2"/><N who="1" m="21831" /><E68/><V119/><F119/><W93/><G93/><T131/><D131/><U25/><E58/><V128/><F128/><W70/><G70/><T118/><D118/><U28/><E28/><V20/><F115/><W50/><G59/><T78/><D78/><U122/><E122/><V49/><F112/><W80/><G80/><T74/><D74/><U94/><E94/><V106/><F106/><W79/><G79/><T15/><D15/><U123/><E123/><V4/><F57/><RYUUKYOKU ba="0,1" sc="220,15,290,-15,240,15,240,-15" hai0="6,10,13,17,18,37,45,47,51,52,86,90,95" hai2="4,9,14,19,20,41,43,44,49,53,60,61,62" /><INIT seed="2,1,1,1,3,125" ten="235,275,255,225" oya="2" hai0="12,66,99,56,30,6,57,102,47,54,120,60,7" hai1="112,25,101,111,113,82,90,13,55,51,40,109,106" hai2="87,48,9,63,91,75,89,52,50,59,2,49,34" hai3="85,67,70,79,88,68,28,58,129,26,115,14,127"/><V76/><F34/><W69/><G127/><T114/><D114/><N who="1" m="44139" /><E25/><V0/><F75/><W46/><G115/><T131/><D47/><U118/><E40/><V122/><F122/><W32/><G79/><T5/><D120/><U123/><E13/><V110/><F0/><W27/><G14/><T124/><D124/><U21/><E21/><V107/><F107/><W121/><G121/><T17/><D30/><U86/><E55/><V29/><F29/><W62/><G46/><T78/><D78/><U105/><E51/><V64/><F2/><W84/><G84/><T94/><D131/><U16/><E16/><V61/><F9/><W1/><G1/><T83/><D83/><U36/><E36/><V73/><F73/><W108/><G108/><N who="1" m="41546" /><E123/><V81/><REACH who="2" step="1"/><F110/><REACH who="2" ten="235,275,245,225" step="2"/><W37/><G32/><T119/><D6/><U71/><E118/><V126/><F126/><W117/><G117/><T95/><D119/><U44/><E105/><V39/><F39/><W10/><G37/><T15/><D5/><U31/><E31/><V134/><F134/><W11/><G28/><T72/><D7/><U23/><E23/><V74/><F74/><W103/><G11/><T8/><D72/><U45/><E71/><AGARI ba="1,2" hai="48,49,50,52,59,61,63,64,71,76,81,87,89,91" machi="71" ten="40,3900,0" yaku="1,1,54,1,53,0" doraHai="125" doraHaiUra="19" who="2" fromWho="1" sc="235,0,275,-42,245,62,225,0" /><INIT seed="2,2,0,4,2,77" ten="235,233,307,225" oya="2" hai0="80,79,68,66,75,104,107,83,92,54,126,24,61" hai1="72,96,45,5,36,9,43,35,95,8,89,129,113" hai2="128,52,46,90,41,62,21,130,33,86,116,37,10" hai3="44,42,27,133,50,2,25,114,19,94,135,76,57"/><V132/><F33/><W65/><G2/><T28/><D126/><U108/><E113/><V101/><F101/><W127/><G127/><T106/><D92/><U73/><E35/><V18/><F116/><W109/><G114/><T40/><D40/><U16/><E129/><N who="2" m="49771" /><F10/><W112/><G112/><T3/><D3/><U32/><E32/><V39/><F132/><N who="3" m="50763" /><G109/><T85/><D54/><U105/><E105/><V11/><F11/><W131/><G131/><T124/><D124/><U31/><E31/><V60/><F39/><W59/><G76/><T55/><D55/><U110/><E8/><V102/><F102/><W125/><G125/><T49/><D49/><U117/><E117/><V56/><F21/><N who="3" m="13503" /><G65/><T100/><D100/><U38/><E38/><V119/><F18/><W71/><G71/><T121/><D121/><U0/><E16/><V6/><F6/><W97/><G27/><T14/><D14/><U88/><E89/><AGARI ba="2,0" hai="42,44,50,57,59,89,94,97" m="13503,50763" machi="89" ten="30,1000,0" yaku="20,1" doraHai="77" who="3" fromWho="1" sc="235,0,233,-16,307,0,225,16" /><INIT seed="3,0,0,4,2,131" ten="235,217,307,241" oya="3" hai0="21,45,52,128,10,80,99,46,54,77,78,101,106" hai1="48,33,56,11,8,26,87,16,17,32,63,90,134" hai2="20,73,98,31,53,130,2,30,113,36,85,24,123" hai3="121,50,126,1,125,37,69,83,96,9,107,97,118"/><W74/><G118/><T112/><D128/><U62/><E32/><V5/><F73/><W3/><G121/><T13/><D112/><U84/><E33/><V22/><F36/><W55/><G37/><T102/><D21/><N who="1" m="13607" /><E134/><V4/><F98/><W47/><G69/><T88/><D106/><U6/><E6/><V57/><F2/><N who="3" m="523" /><G9/><N who="1" m="3658" /><E17/><V110/><F113/><W109/><G107/><T124/><D13/><U82/><E87/><V133/><F130/><W116/><G116/><T25/><D10/><U92/><E92/><V68/><F68/><W41/><G41/><T65/><D25/><U34/><E34/><V49/><F123/><W64/><G64/><T19/><D19/><U0/><E0/><V23/><F85/><W58/><G47/><T40/><D65/><U91/><E91/><V12/><F4/><W66/><G66/><T135/><D88/><U60/><E48/><V95/><F95/><W100/><G100/><T39/><D39/><U117/><E117/><V103/><F103/><W76/><G109/><T28/><D102/><U14/><E14/><V114/><F12/><W119/><G119/><T70/><D101/><U44/><E44/><V75/><F5/><W27/><G27/><T94/><D46/><U120/><E120/><V86/><F110/><W72/><G72/><T105/><D45/><U43/><E43/><V51/><F75/><W127/><AGARI ba="0,0" hai="50,55,58,74,76,83,96,97,125,126,127" m="523" machi="127" ten="40,2100,0" yaku="18,1" doraHai="131" who="3" fromWho="3" sc="235,-7,217,-7,307,-7,241,21" /><INIT seed="3,1,0,1,2,19" ten="228,210,300,262" oya="3" hai0="105,97,126,82,96,46,50,21,32,4,115,27,81" hai1="79,130,128,53,9,17,63,20,52,107,43,69,110" hai2="85,68,122,14,98,11,44,6,99,48,91,103,1" hai3="12,123,120,135,10,84,26,24,60,75,71,119,100"/><W106/><G75/><T37/><D37/><U40/><E107/><V16/><F68/><W133/><G119/><T42/><D32/><U61/><E9/><V58/><F122/><W112/><G84/><T125/><D4/><U36/><E79/><V54/><F103/><W67/><G112/><T39/><D39/><U129/><E110/><V59/><F59/><W73/><G73/><T41/><D115/><U45/><E43/><V35/><F35/><W65/><G65/><T83/><D42/><U131/><N who="1" m="33280" /><DORA hai="0" /><U101/><E101/><V62/><F6/><N who="3" m="3159" /><G100/><T93/><D105/><U127/><E127/><N who="0" m="48649" /><D93/><U114/><E114/><V8/><F1/><W5/><G5/><T64/><D64/><N who="1" m="41103" /><E63/><V116/><F116/><W25/><G106/><T29/><AGARI ba="1,0" hai="21,27,29,41,46,50,81,82,83,96,97" m="48649" machi="29" ten="30,2000,0" yaku="18,1,52,1" doraHai="19,0" who="0" fromWho="0" sc="228,23,210,-6,300,-6,262,-11" /><INIT seed="4,0,0,1,0,23" ten="251,204,294,251" oya="0" hai0="34,81,2,77,70,134,4,7,43,17,107,86,84" hai1="6,27,48,111,125,47,1,30,46,52,112,62,73" hai2="10,49,83,53,36,97,121,57,3,61,11,122,26" hai3="5,25,110,20,15,39,87,59,89,130,14,102,120"/><T8/><D107/><U31/><E111/><V40/><F36/><W18/><G39/><T129/><D70/><U99/><E73/><V100/><F83/><W115/><G110/><T72/><D7/><U32/><E125/><V54/><F40/><W37/><G37/><T33/><D43/><U41/><E112/><V126/><F126/><W21/><G115/><T75/><D129/><U29/><E99/><V123/><F3/><W93/><G130/><T35/><D134/><U42/><E62/><V92/><REACH who="2" step="1"/><F26/><REACH who="2" ten="251,204,284,251" step="2"/><W56/><G120/><T117/><D117/><U64/><E42/><V28/><F28/><N who="3" m="17447" /><G102/><T127/><D127/><U90/><E30/><V105/><F105/><W45/><G45/><AGARI ba="0,1" hai="10,11,45,49,53,54,57,61,92,97,100,121,122,123" machi="45" ten="40,2600,0" yaku="1,1,53,1" doraHai="23" doraHaiUra="96" who="2" fromWho="3" sc="251,0,204,0,284,36,251,-26" /><INIT seed="5,0,0,5,0,1" ten="251,204,320,225" oya="1" hai0="17,59,97,8,39,65,77,135,58,60,21,130,129" hai1="36,43,32,123,114,66,76,11,7,44,75,37,85" hai2="2,89,109,40,108,73,74,38,64,125,19,86,70" hai3="33,18,13,47,94,101,10,30,55,61,50,23,16"/><U63/><E123/><V88/><F2/><W126/><G126/><T53/><D39/><N who="1" m="21631" /><E85/><V35/><F35/><W127/><G127/><T115/><D115/><U110/><E114/><V24/><F64/><W34/><G30/><T28/><D28/><U49/><E32/><V26/><F40/><W128/><G128/><N who="0" m="49259" /><D135/><U87/><E87/><V71/><F38/><W99/><REACH who="3" step="1"/><G61/><REACH who="3" ten="251,204,320,215" step="2"/><T48/><D60/><U82/><E110/><V105/><F125/><W68/><G68/><T91/><D65/><U122/><E122/><V79/><F71/><W25/><AGARI ba="0,1" hai="10,13,16,18,23,25,33,34,47,50,55,94,99,101" machi="25" ten="20,5200,0" yaku="1,1,0,1,7,1,54,1,53,0" doraHai="1" doraHaiUra="116" who="3" fromWho="3" sc="251,-13,204,-26,320,-13,215,62" /><INIT seed="6,0,0,3,5,25" ten="238,178,307,277" oya="2" hai0="54,49,76,72,117,57,35,99,123,39,48,86,129" hai1="62,51,90,68,95,131,0,46,63,70,6,41,110" hai2="55,14,92,130,73,23,64,16,65,97,43,89,67" hai3="74,26,53,135,107,22,56,83,27,31,17,69,1"/><V77/><F130/><W21/><G107/><T87/><D123/><U4/><E110/><V47/><F73/><W45/><G69/><T121/><D121/><U120/><E120/><V20/><F77/><W24/><G1/><T71/><D71/><U100/><E131/><V80/><F80/><W36/><G135/><T59/><D39/><U7/><E0/><V133/><F133/><W127/><G127/><T116/><D35/><U132/><E132/><V32/><F32/><W60/><G27/><T114/><D114/><U10/><E10/><V2/><F2/><W113/><G113/><T11/><D99/><U37/><E37/><V13/><F55/><W28/><G17/><T34/><D11/><U8/><E8/><V88/><F89/><W44/><G36/><T102/><D102/><U52/><E100/><V108/><F108/><W122/><G122/><T50/><D34/><U91/><E91/><V75/><F75/><W15/><G15/><T119/><D129/><U118/><E118/><V40/><F47/><W106/><G106/><T96/><D96/><U85/><REACH who="1" step="1"/><E63/><REACH who="1" ten="238,168,307,277" step="2"/><V18/><AGARI ba="0,1" hai="13,14,16,18,20,23,40,43,64,65,67,88,92,97" machi="18" ten="30,12000,1" yaku="0,1,9,1,8,1,54,2" doraHai="25" who="2" fromWho="2" sc="238,-40,168,-40,307,130,277,-40" /><INIT seed="6,1,0,5,5,33" ten="198,128,437,237" oya="2" hai0="62,86,78,112,119,72,116,131,83,34,87,102,56" hai1="17,47,134,68,66,107,118,7,8,50,3,0,61" hai2="85,6,126,93,44,5,98,4,91,109,45,132,58" hai3="104,39,101,26,57,21,113,54,43,48,123,69,51"/><V73/><F73/><W25/><G123/><T84/><D34/><U71/><E118/><N who="0" m="45097" /><D56/><U81/><E107/><V64/><F126/><W115/><G69/><T40/><D62/><U108/><E108/><V110/><F132/><W105/><G39/><T129/><D40/><U42/><E134/><V31/><F31/><W18/><G26/><T99/><D112/><N who="3" m="43081" /><G101/><T27/><D27/><U29/><E29/><V97/><F64/><W103/><G103/><T74/><D74/><U46/><E68/><V38/><F58/><W135/><G135/><T77/><D77/><U53/><E81/><V16/><F38/><W121/><G121/><T120/><D120/><U130/><E17/><V36/><F36/><W49/><G43/><T2/><D2/><U122/><E122/><V65/><F65/><W133/><G133/><T128/><D72/><U117/><E117/><V124/><F110/><W1/><G1/><T63/><D63/><AGARI ba="1,0" hai="18,21,25,48,49,51,54,57,63,104,105" m="43081" machi="63" ten="30,2000,0" yaku="15,1,11,1" doraHai="33" who="3" fromWho="0" sc="198,-23,128,0,437,0,237,23" /><INIT seed="7,0,0,0,4,76" ten="175,128,437,260" oya="3" hai0="61,63,29,27,47,35,69,60,6,133,108,104,31" hai1="98,18,50,34,130,103,120,51,49,68,17,79,44" hai2="107,102,123,54,77,4,15,7,59,95,1,116,131" hai3="113,26,80,10,89,37,5,134,78,121,93,3,128"/><W19/><G121/><T33/><D108/><U9/><E120/><V56/><F107/><W16/><G134/><T62/><D133/><U24/><E130/><V86/><F1/><W39/><G128/><T14/><D47/><U41/><E68/><V23/><F131/><W111/><G113/><T22/><D60/><U53/><E34/><V122/><F59/><W73/><G111/><T71/><D104/><U66/><E66/><V100/><F116/><W46/><G26/><T21/><D6/><U96/><E79/><V12/><F12/><W75/><G75/><T57/><D57/><U124/><E124/><V97/><F102/><W119/><G119/><T28/><D14/><U81/><E81/><N who="2" m="47407" /><F123/><W99/><G39/><T125/><D125/><U88/><E103/><V11/><F23/><N who="0" m="8714" /><D27/><U36/><E24/><V20/><F20/><W74/><G74/><T30/><D30/><U84/><E53/><V25/><F25/><W72/><G72/><T117/><D117/><U114/><E114/><V65/><F65/><W90/><G90/><T8/><D8/><U91/><E9/><V58/><F122/><W135/><G135/><T112/><D112/><U83/><REACH who="1" step="1"/><E91/><REACH who="1" ten="175,118,437,260" step="2"/><V106/><F100/><W101/><G89/><T92/><D92/><U127/><E127/><V132/><F4/><W2/><G3/><T45/><D45/><U110/><E110/><V115/><F106/><W0/><G2/><T70/><AGARI ba="0,1" hai="28,29,31,33,35,61,62,63,69,70,71" m="8714" machi="70" ten="40,8000,1" yaku="29,2,28,2" doraHai="76" who="0" fromWho="0" sc="175,90,118,-20,437,-20,260,-40" owari="265,7.0,98,-40.0,417,51.0,220,-18.0" /></mjloggm>