<mjloggm ver="2.3"><GO type="169" lobby="0"/><UN n0="%E5%B0%B1%E6%B4%BB%E7%94%9F%40%E5%B7%9D%E6%9D%91%E8%BB%8D%E5%9B%A3" n1="%E8%B5%A4%E7%A5%9E%E9%A2%A8%E9%9B%B2" n2="%E3%83%AA%E3%82%B5%E3%81%95%E3%81%BE" n3="%61%72%61%66%61%69" dan="17,16,16,16" rate="2237.09,2144.44,2099.47,2041.11" sx="M,M,F,F"/><TAIKYOKU oya="0"/><INIT seed="0,0,0,1,2,12" ten="250,250,250,250" oya="0" hai0="28,113,10,21,102,29,124,64,49,45,103,34,59" hai1="53,96,105,39,33,61,77,8,13,35,43,70,84" hai2="95,9,47,58,67,54,26,37,40,51,109,121,132" hai3="79,23,75,1,115,0,91,133,6,78,123,114,62"/><T31/><D34/><U83/><E39/><V111/><F121/><W60/><G123/><T17/><D113/><U117/><E43/><V122/><F122/><W86/><G133/><T116/><D116/><U72/><E117/><V112/><F112/><W81/><G6/><T129/><D129/><U52/><E33/><V82/><F132/><W48/><G48/><T24/><D124/><U100/><E35/><V130/><F130/><W118/><G118/><T41/><REACH who="0" step="1"/><D10/><REACH who="0" ten="240,250,250,250" step="2"/><U15/><E13/><V127/><F127/><W56/><G115/><T94/><D94/><U3/><E3/><V66/><F95/><W119/><G114/><T19/><D19/><U87/><E87/><V101/><F9/><W16/><G119/><T125/><D125/><U65/><E72/><V11/><F11/><W20/><G0/><T69/><D69/><U74/><E74/><V88/><F111/><W90/><G1/><T14/><D14/><U104/><E104/><V134/><F109/><W7/><G75/><T128/><D128/><U80/><E80/><V42/><F82/><W92/><G7/><AGARI ba="0,1" hai="7,8,15,52,53,61,65,70,77,83,84,96,100,105" machi="7" ten="30,2000,0" yaku="7,1,54,1" doraHai="12" who="1" fromWho="3" sc="240,0,250,30,250,0,250,-20" /><INIT seed="1,0,0,2,0,60" ten="240,280,250,230" oya="1" hai0="130,94,79,21,1,53,37,110,20,17,16,47,7" hai1="113,80,68,49,18,40,70,101,23,99,22,118,8" hai2="51,0,5,3,25,36,124,100,121,128,41,63,107" hai3="24,26,81,102,14,73,77,27,45,48,55,95,59"/><U126/><E118/><V131/><F121/><W96/><REACH who="3" step="1"/><G14/><REACH who="3" ten="240,280,250,220" step="2"/><T13/><D13/><U114/><E113/><V135/><F3/><W34/><G34/><T133/><D1/><U115/><E114/><V88/><F0/><W62/><G62/><T46/><D20/><U43/><E115/><V52/><F63/><W42/><G42/><T67/><D21/><U120/><E120/><V44/><F41/><W11/><G11/><T119/><D119/><U69/><E8/><V56/><F131/><W54/><G54/><T106/><D53/><U75/><E23/><V29/><F52/><W109/><G109/><T4/><D17/><U108/><E108/><V35/><F35/><W87/><G87/><T92/><D16/><U2/><E2/><V83/><F128/><W103/><G103/><T12/><D12/><U123/><E123/><V105/><F100/><W9/><G9/><T85/><D85/><U74/><E74/><V33/><F33/><W89/><G89/><T84/><D130/><U66/><E66/><V127/><F124/><W112/><G112/><T71/><D110/><U91/><E126/><V64/><F64/><W32/><G32/><T134/><D67/><U10/><E10/><V6/><F127/><W78/><G78/><T30/><D84/><U82/><E49/><V57/><F51/><W117/><G117/><T90/><D79/><N who="1" m="44159" /><E101/><V19/><F19/><W129/><G129/><T132/><D132/><U104/><E104/><V39/><F105/><W72/><G72/><T15/><D133/><U61/><E61/><V50/><F107/><W38/><G38/><RYUUKYOKU ba="0,1" sc="240,-10,280,-10,250,-10,220,30" hai3="24,26,27,45,48,55,59,73,77,81,95,96,102" /><INIT seed="2,1,1,0,0,63" ten="230,270,240,250" oya="2" hai0="86,6,98,104,122,88,32,97,69,128,29,0,96" hai1="91,33,3,89,30,94,25,26,35,112,60,123,131" hai2="50,92,43,37,21,115,79,22,19,120,59,71,121" hai3="34,114,93,11,46,108,130,70,82,56,9,75,8"/><V126/><F115/><W42/><G70/><T118/><D122/><U18/><E112/><V101/><F71/><W2/><G114/><T110/><D104/><U125/><E3/><V85/><F37/><W65/><G34/><T113/><D113/><U109/><E91/><V72/><F72/><W13/><G108/><T54/><D110/><U105/><E105/><V12/><F126/><W47/><G47/><T52/><D128/><U41/><E109/><V76/><F121/><W95/><G13/><T38/><D38/><U20/><E123/><V48/><F120/><W83/><G2/><T133/><D133/><U55/><E125/><V51/><F43/><W5/><G5/><T39/><D39/><U67/><E41/><V134/><F134/><W100/><G75/><T80/><D118/><U102/><E102/><V40/><F40/><W7/><G7/><T84/><D69/><U64/><E131/><V81/><F76/><W135/><G135/><T61/><D61/><U14/><E14/><V44/><F44/><W36/><G130/><T129/><D129/><U107/><E107/><V124/><F124/><W31/><G31/><T116/><D116/><U68/><E33/><V73/><F73/><W77/><G100/><T117/><D117/><U74/><E74/><V78/><F78/><W1/><G1/><T57/><D29/><U53/><E67/><V58/><F22/><W27/><G77/><T23/><D32/><U24/><E24/><V66/><F66/><W132/><G27/><T16/><D0/><U119/><E119/><V62/><F62/><N who="3" m="38087" /><G132/><T49/><D6/><RYUUKYOKU ba="1,1" sc="230,-30,270,10,240,10,250,10" hai1="18,20,25,26,30,35,53,55,60,64,68,89,94" hai2="12,19,21,48,50,51,58,59,79,81,85,92,101" hai3="8,9,11,36,42,46,82,83,93,95" /><INIT seed="2,2,1,2,2,130" ten="200,280,250,260" oya="2" hai0="133,107,53,99,124,60,71,69,76,58,18,93,15" hai1="122,12,55,39,135,14,54,66,26,68,42,98,119" hai2="24,56,84,83,40,37,59,86,121,29,35,6,82" hai3="72,103,101,87,30,112,52,92,110,111,64,45,0"/><V128/><F128/><W132/><G72/><T20/><D107/><U34/><E119/><V81/><F121/><W89/><G0/><T62/><D124/><U8/><E34/><V48/><F6/><W49/><G112/><T109/><D109/><N who="3" m="41481" /><G64/><T61/><D76/><U21/><E66/><V50/><F37/><W17/><G30/><T27/><D133/><U23/><E68/><V25/><F40/><W63/><G63/><N who="0" m="36303" /><D15/><U11/><E42/><V28/><F82/><W120/><G120/><T3/><D3/><U106/><E39/><V96/><F35/><W95/><G17/><T43/><D43/><U2/><E2/><V117/><REACH who="2" step="1"/><F96/><REACH who="2" ten="200,280,240,260" step="2"/><N who="3" m="59551" /><G103/><N who="0" m="60911" /><D71/><U114/><E122/><V1/><F1/><W85/><G85/><T80/><D69/><U67/><E98/><V108/><F108/><W126/><G126/><T38/><D38/><U97/><E97/><V116/><AGARI ba="2,2" hai="24,25,28,29,48,50,56,59,81,83,84,86,116,117" machi="116" ten="25,9600,0" yaku="1,1,0,1,22,2,53,0" doraHai="130" doraHaiUra="16" who="2" fromWho="2" sc="200,-34,280,-34,240,122,260,-34" /><INIT seed="2,3,0,3,1,6" ten="166,246,362,226" oya="2" hai0="61,17,99,58,46,109,110,26,31,88,21,78,108" hai1="126,20,15,56,80,90,43,54,29,111,106,94,24" hai2="50,52,92,60,117,133,44,7,3,115,120,127,5" hai3="116,33,82,51,89,119,105,0,102,57,128,93,85"/><V1/><F115/><W16/><G33/><T49/><D78/><U118/><E106/><V69/><F120/><W123/><G0/><T63/><D31/><U71/><E118/><V95/><F117/><W36/><G36/><T19/><D19/><U91/><E71/><V107/><F107/><W84/><G123/><T98/><D58/><U103/><E43/><V125/><F5/><W4/><G4/><T30/><D30/><U100/><E111/><V124/><F133/><W42/><G105/><T11/><D11/><U62/><E126/><V13/><F13/><W27/><G128/><T32/><D32/><U77/><E91/><V134/><F134/><W18/><G102/><T9/><D9/><U28/><E28/><V66/><F1/><W37/><G37/><T87/><D63/><U38/><E38/><V2/><F3/><W23/><G18/><T68/><D61/><U114/><E114/><V48/><F7/><W112/><G112/><T122/><D68/><U97/><REACH who="1" step="1"/><E15/><REACH who="1" ten="166,236,362,226" step="2"/><V25/><F2/><W39/><G39/><T14/><D14/><U65/><E65/><V55/><REACH who="2" step="1"/><F25/><REACH who="2" ten="166,236,352,226" step="2"/><W135/><G135/><T86/><D122/><U131/><E131/><V74/><F74/><AGARI ba="3,2" hai="20,24,29,54,56,62,74,77,80,90,94,97,100,103" machi="74" ten="30,2000,0" yaku="1,1,7,1,53,0" doraHai="6" doraHaiUra="47" who="1" fromWho="2" sc="166,0,236,49,352,-29,226,0" /><INIT seed="3,0,0,4,4,85" ten="166,285,323,226" oya="3" hai0="131,16,97,73,93,70,21,135,111,23,45,123,14" hai1="95,134,78,110,60,53,104,83,114,42,34,59,36" hai2="47,33,91,27,132,43,77,72,54,120,57,50,25" hai3="62,87,127,13,115,1,6,19,12,4,130,11,35"/><W124/><G62/><T5/><D123/><U119/><E114/><V44/><F120/><W48/><G115/><T109/><D73/><U116/><E104/><V74/><F132/><W79/><G48/><T86/><D70/><U30/><E134/><V68/><F68/><W75/><G75/><T9/><D135/><U101/><E110/><V7/><F7/><N who="3" m="3199" /><G87/><T63/><D131/><U51/><E30/><V38/><F74/><W49/><G49/><T18/><D63/><U69/><E34/><V106/><F106/><W61/><G79/><T55/><D55/><U117/><E95/><V15/><F77/><W133/><G61/><T67/><D67/><N who="1" m="41191" /><E101/><V71/><F71/><W56/><G56/><T89/><D45/><N who="1" m="23751" /><E78/><V112/><F47/><W103/><G103/><T41/><D41/><U99/><E83/><V102/><F102/><W3/><G35/><T96/><D96/><AGARI ba="0,0" hai="51,53,59,96,99,116,117,119" m="23751,41191" machi="96" ten="30,2000,0" yaku="24,1,12,1" doraHai="85" who="1" fromWho="0" sc="166,-20,285,20,323,0,226,0" /><INIT seed="4,0,0,5,0,33" ten="146,305,323,226" oya="0" hai0="121,77,31,85,53,71,120,30,84,83,69,49,98" hai1="65,54,5,128,73,42,94,40,130,79,61,46,134" hai2="63,113,104,67,110,88,106,24,76,52,103,99,118" hai3="107,50,72,58,14,48,119,86,93,16,60,132,45"/><T8/><D120/><U29/><E29/><V75/><F110/><W20/><G107/><T59/><D121/><U41/><E94/><V57/><F113/><W135/><G119/><T122/><D122/><U109/><E109/><V97/><F118/><W44/><G72/><T127/><D127/><U115/><E79/><V62/><F106/><W6/><G6/><T74/><D98/><U51/><E73/><V64/><F63/><W36/><G36/><T100/><D100/><U3/><E115/><V112/><F112/><W70/><G70/><T111/><D111/><U123/><E123/><V116/><F116/><W17/><G17/><T55/><D55/><U21/><E21/><V10/><F24/><W15/><G15/><T125/><D125/><U91/><E91/><V26/><F26/><W56/><G86/><T2/><D71/><N who="1" m="42415" /><E5/><V80/><F99/><W9/><G9/><T22/><D69/><U11/><E11/><V78/><F78/><W1/><G93/><T43/><D43/><U27/><E27/><V32/><F32/><W7/><G7/><T66/><D66/><U92/><E92/><V124/><F124/><W12/><G12/><T117/><D117/><U18/><E18/><V108/><F108/><W131/><G16/><T105/><D105/><U47/><E134/><V38/><F10/><W0/><G14/><T114/><D114/><U28/><E28/><N who="0" m="10793" /><D22/><U133/><E133/><V23/><F23/><W68/><G20/><T13/><D13/><U95/><E95/><N who="2" m="56551" /><F38/><W87/><G135/><T35/><D35/><U82/><E82/><V34/><F34/><RYUUKYOKU ba="0,0" sc="146,15,305,-15,323,15,226,-15" hai0="2,8,49,53,59,74,77,83,84,85" hai2="52,57,62,64,67,75,76,80,103,104" /><INIT seed="4,1,0,4,5,16" ten="161,290,338,211" oya="0" hai0="129,75,120,48,65,61,94,33,1,125,87,40,102" hai1="14,97,124,57,112,117,46,76,70,96,66,121,81" hai2="59,6,93,73,24,30,79,17,10,49,135,37,50" hai3="62,34,36,80,43,15,83,131,134,77,132,110,53"/><T108/><D75/><U12/><E121/><V42/><F135/><W103/><G110/><T27/><D1/><U123/><E117/><V71/><F17/><W133/><G131/><T19/><D108/><U4/><E123/><V67/><F59/><W26/><G103/><T21/><D129/><U89/><E70/><V52/><F52/><W5/><G43/><T58/><D125/><U22/><E97/><V28/><F28/><N who="3" m="19735" /><G36/><T9/><D120/><U88/><E89/><V90/><F67/><W18/><G77/><T13/><D33/><U104/><E104/><V38/><F38/><W115/><G5/><T101/><D40/><U25/><E76/><V106/><F71/><W105/><G105/><T91/><REACH who="0" step="1"/><D48/><REACH who="0" ten="151,290,338,211" step="2"/><U47/><E124/><V69/><F50/><W72/><G72/><T7/><AGARI ba="1,1" hai="7,9,13,19,21,27,58,61,65,87,91,94,101,102" machi="7" ten="20,18000,2" yaku="1,1,2,1,0,1,7,1,8,1,52,1,53,1" doraHai="16" doraHaiUra="82" who="0" fromWho="0" sc="151,193,290,-61,338,-61,211,-61" /><INIT seed="4,2,0,4,5,61" ten="344,229,277,150" oya="0" hai0="55,130,66,13,25,92,63,103,57,100,95,48,77" hai1="124,99,135,49,73,39,23,35,0,3,106,102,11" hai2="86,62,29,17,74,128,10,43,80,119,30,104,47" hai3="121,50,40,58,36,21,129,120,78,56,70,65,4"/><T75/><D130/><U20/><E49/><V87/><F74/><W1/><G1/><T6/><D75/><U15/><E39/><V64/><F128/><W46/><G4/><T22/><D77/><U53/><E73/><V26/><F104/><W89/><G78/><T76/><D76/><U114/><E35/><V108/><F108/><W83/><G21/><T94/><D6/><U31/><E0/><V98/><F98/><W113/><G89/><T18/><REACH who="0" step="1"/><D25/><REACH who="0" ten="334,229,277,150" step="2"/><U134/><E134/><V14/><F26/><W54/><G129/><T27/><D27/><U115/><E135/><V67/><F119/><W81/><G113/><T122/><D122/><U24/><E115/><V79/><F79/><W105/><G120/><T34/><D34/><U125/><E114/><V7/><F7/><W59/><G121/><T42/><D42/><U38/><E3/><V16/><F43/><W37/><G40/><T2/><D2/><U112/><E112/><V9/><F14/><W126/><G36/><T97/><D97/><U8/><E38/><V109/><F109/><W32/><G37/><T28/><D28/><U12/><E12/><V88/><F30/><W111/><G32/><T132/><D132/><U117/><E117/><V82/><F29/><W101/><G126/><N who="1" m="48746" /><E53/><V131/><F131/><W33/><G33/><T118/><D118/><U91/><E91/><V85/><F88/><W60/><G54/><T44/><AGARI ba="2,1" hai="13,18,22,44,48,55,57,63,66,92,94,95,100,103" machi="44" ten="30,11700,0" yaku="1,1,0,1,8,1,52,1,53,0" doraHai="61" doraHaiUra="116" who="0" fromWho="0" sc="334,133,229,-41,277,-41,150,-41" /><INIT seed="4,3,0,0,4,46" ten="467,188,236,109" oya="0" hai0="71,55,95,88,94,45,0,30,16,97,58,113,103" hai1="86,74,109,108,131,27,64,21,104,56,135,63,36" hai2="116,128,69,33,82,105,117,1,92,32,115,12,47" hai3="72,65,59,19,18,53,132,120,78,67,2,43,89"/><T10/><D71/><U84/><E74/><V119/><F105/><W24/><G2/><T15/><D113/><U6/><E104/><V93/><F115/><W8/><G132/><T110/><D110/><U57/><E36/><V51/><F1/><W11/><G43/><T90/><D0/><U85/><E135/><V7/><F128/><W124/><G72/><T68/><D68/><U101/><E131/><V28/><F69/><W62/><G78/><T49/><D30/><U79/><E101/><V114/><F114/><W102/><G102/><T133/><D133/><U98/><E98/><V87/><F12/><W96/><G124/><T50/><D95/><N who="2" m="36426" /><F7/><W76/><G76/><T81/><D81/><U5/><E57/><V52/><F28/><W13/><G96/><T91/><D103/><U77/><E108/><V39/><F39/><W54/><G89/><AGARI ba="3,0" hai="32,33,47,51,52,82,87,89,116,117,119" m="36426" machi="89" ten="30,3900,0" yaku="12,1,52,1,54,1" doraHai="46" who="2" fromWho="3" sc="467,0,188,0,236,48,109,-48" /><INIT seed="5,0,0,4,1,96" ten="467,188,284,61" oya="1" hai0="24,79,99,134,115,3,108,16,84,13,101,60,130" hai1="112,39,37,50,53,27,21,54,31,22,109,32,89" hai2="66,107,91,5,11,119,125,69,42,65,15,30,51" hai3="47,12,4,62,20,127,110,128,46,70,135,73,6"/><U83/><E109/><V44/><F119/><W67/><G73/><T78/><D3/><U118/><E118/><V40/><F125/><W9/><G110/><T77/><D108/><U95/><E112/><V8/><F107/><W81/><G127/><T123/><D123/><U82/><E39/><V55/><F30/><W133/><G128/><T19/><D115/><U17/><E37/><V52/><F91/><W90/><G4/><T1/><D1/><U34/><E34/><V35/><F35/><W68/><G68/><T36/><D36/><U102/><E32/><V28/><F28/><W33/><G33/><T58/><D134/><N who="3" m="51209" /><G20/><T25/><D84/><AGARI ba="0,0" hai="6,9,12,46,47,62,67,70,81,84,90" m="51209" machi="84" ten="30,1000,0" yaku="20,1" doraHai="96" who="3" fromWho="0" sc="467,-10,188,0,284,0,61,10" /><INIT seed="6,0,0,0,0,103" ten="457,188,284,71" oya="2" hai0="37,0,84,28,68,115,41,60,40,54,20,69,34" hai1="59,45,99,61,113,72,62,123,30,116,87,56,19" hai2="73,51,52,24,15,9,44,134,96,130,17,90,23" hai3="135,129,63,2,55,65,133,86,111,91,109,89,98"/><V57/><F130/><W117/><G2/><T16/><D0/><U106/><E116/><V36/><F134/><N who="3" m="51211" /><G55/><T48/><D115/><U112/><E72/><V85/><F73/><W104/><G63/><T93/><D37/><U82/><E30/><V29/><F36/><W26/><G26/><T124/><D124/><U95/><E19/><V13/><F96/><W88/><G65/><T78/><D69/><U38/><E38/><V77/><F77/><W119/><G129/><T39/><D39/><U50/><E99/><V107/><F107/><W43/><G43/><T105/><D105/><U101/><E101/><V49/><F13/><W125/><G86/><T53/><D34/><U22/><E22/><V70/><F70/><W80/><G80/><T76/><D28/><U47/><E50/><V18/><F51/><W10/><G10/><T74/><D74/><U120/><E87/><V25/><F25/><W79/><G79/><T8/><D8/><U94/><E82/><V64/><F64/><W27/><G27/><T21/><D84/><U4/><E4/><V126/><F126/><W3/><G3/><T67/><D78/><U131/><E131/><V92/><REACH who="2" step="1"/><F44/><REACH who="2" ten="457,188,274,71" step="2"/><W5/><G125/><T97/><D76/><U128/><E128/><V6/><AGARI ba="0,1" hai="6,9,15,17,18,23,24,29,49,52,57,85,90,92" machi="6" ten="20,18000,2" yaku="1,1,2,1,0,1,7,1,8,1,54,1,53,0" doraHai="103" doraHaiUra="110" who="2" fromWho="2" sc="457,-60,188,-60,274,190,71,-60" /><INIT seed="6,1,0,1,5,91" ten="397,128,464,11" oya="2" hai0="106,95,122,30,72,29,55,32,125,21,111,6,90" hai1="1,105,121,26,11,16,82,103,27,66,130,133,65" hai2="92,134,43,57,53,100,131,83,12,127,123,114,68" hai3="20,38,36,108,0,117,58,119,76,115,17,50,8"/><V70/><F123/><W51/><G108/><T88/><D32/><U25/><E105/><V48/><F114/><W110/><G110/><T128/><D106/><U40/><E40/><V19/><F127/><W94/><G76/><T67/><D72/><U98/><E82/><V23/><F131/><W80/><G80/><T96/><D111/><U59/><E1/><V45/><F134/><W126/><G126/><T7/><D128/><U135/><E130/><V109/><F109/><W74/><G74/><T132/><D132/><N who="1" m="50763" /><E59/><V49/><REACH who="2" step="1"/><F83/><REACH who="2" ten="397,128,454,11" step="2"/><W34/><G115/><T104/><D125/><U44/><E121/><V81/><F81/><W41/><G119/><T46/><D122/><U120/><E120/><V64/><F64/><W39/><G117/><T2/><D67/><U62/><E66/><V56/><F56/><W79/><G58/><T85/><D46/><U60/><E44/><V52/><F52/><W129/><G129/><T3/><D55/><U113/><E113/><V73/><F73/><W37/><G41/><T4/><D104/><N who="1" m="63607" /><E65/><V89/><F89/><W47/><G47/><T54/><D54/><U18/><E62/><V24/><F24/><W22/><G79/><T84/><D90/><U116/><E60/><V93/><F93/><W99/><N who="3" m="9216" /><DORA hai="13" /><W28/><G94/><T61/><D61/><U31/><E116/><V107/><F107/><W97/><G51/><T124/><D124/><U75/><E75/><V9/><F9/><W102/><G50/><T35/><D95/><U5/><E31/><V69/><F69/><W71/><G71/><T14/><D30/><RYUUKYOKU ba="1,1" sc="397,-15,128,15,454,15,11,-15" hai1="5,11,16,18,25,26,27" hai2="12,19,23,43,45,48,49,53,57,68,70,92,100" owari="382,18.0,143,-26.0,479,58.0,-4,-50.0" /></mjloggm>