<mjloggm ver="2.3"><GO type="169" lobby="0"/><UN n0="%E7%AA%93%E4%BB%98%E3%81%8D%2E" n1="%E3%81%A6%E3%81%91%E3%81%A8%E3%83%BC%E3%81%BF%E3%82%93%E2%98%86%E5%BD%A1" n2="%E3%82%A6%E3%83%AB%E3%83%88%E3%83%A9%E7%AB%8B%E7%9B%B4" n3="%41%54%4D%31%34%32%39" dan="16,16,18,16" rate="2150.88,2016.63,2174.37,2128.48" sx="F,F,M,M"/><TAIKYOKU oya="0"/><INIT seed="0,0,0,3,1,114" ten="250,250,250,250" oya="0" hai0="124,55,82,90,100,71,83,15,84,131,96,101,46" hai1="61,7,107,111,112,54,31,113,39,87,128,86,53" hai2="6,4,25,95,43,77,9,119,3,59,19,49,62" hai3="76,106,40,97,18,89,58,52,66,68,134,120,41"/><T105/><D55/><U91/><E111/><V17/><F77/><W12/><G134/><T2/><D46/><U121/><E121/><V92/><F119/><W80/><G68/><T69/><D69/><U98/><E128/><V5/><F3/><W22/><G66/><T10/><D71/><U70/><E39/><V0/><F0/><W104/><G106/><N who="0" m="63751" /><D15/><U45/><E7/><V125/><F125/><W8/><G8/><T130/><D10/><U1/><E1/><V79/><F79/><W26/><G12/><T67/><D67/><N who="1" m="41327" /><E31/><V132/><F19/><W23/><G23/><T60/><D60/><U93/><E107/><V117/><F132/><W99/><G104/><T135/><D2/><U29/><E29/><V36/><F117/><W47/><G120/><T37/><D37/><U20/><E20/><N who="2" m="13455" /><F9/><W21/><G21/><T44/><D44/><U126/><E126/><V78/><F78/><W102/><G76/><T42/><D42/><U38/><E38/><V51/><F36/><W50/><G41/><T30/><D30/><U64/><E64/><N who="2" m="39007" /><F43/><W33/><G33/><T127/><D135/><U16/><E16/><V32/><F32/><W129/><G129/><N who="0" m="49163" /><D82/><U14/><E14/><V11/><F11/><W94/><G80/><T74/><D74/><U75/><E75/><V27/><F27/><W24/><G24/><T88/><D90/><U57/><E45/><V63/><F63/><N who="3" m="36295" /><G102/><T122/><D122/><U56/><E54/><V123/><F123/><W115/><G115/><N who="1" m="44106" /><E53/><V109/><F4/><W133/><G133/><T72/><D72/><U48/><E48/><RYUUKYOKU ba="0,0" sc="250,10,250,10,250,-30,250,10" hai0="83,84,88,101,105,124,127" hai1="56,57,86,87,91,93,98" hai3="18,22,26,40,47,50,89,94,97,99" /><INIT seed="0,1,0,1,1,65" ten="260,260,220,260" oya="0" hai0="95,109,37,53,14,82,35,133,44,99,115,34,55" hai1="78,91,72,57,39,123,69,52,9,79,8,74,134" hai2="29,20,66,73,28,63,94,16,120,24,49,13,51" hai3="1,40,10,68,101,126,118,45,76,87,108,27,119"/><T23/><D115/><U77/><E123/><V58/><F73/><W83/><G108/><T32/><D109/><U96/><E39/><V86/><F120/><W15/><G1/><T104/><D133/><U64/><E134/><V46/><F51/><W110/><G110/><T4/><D104/><U12/><E64/><V38/><F38/><W59/><G101/><T25/><D82/><U41/><E41/><V92/><F86/><W19/><G68/><T17/><D37/><U2/><E2/><V102/><F102/><W26/><G126/><T7/><D44/><U132/><E132/><V22/><REACH who="2" step="1"/><F29/><REACH who="2" ten="260,260,210,260" step="2"/><W48/><G118/><T114/><D114/><U129/><E74/><V113/><F113/><W125/><G119/><T121/><D121/><U105/><E72/><V36/><F36/><W89/><G125/><T30/><D30/><U85/><E85/><V54/><AGARI ba="1,1" hai="13,16,20,22,24,28,46,49,54,58,63,66,92,94" machi="54" ten="20,8000,1" yaku="1,1,0,1,7,1,8,1,54,1,53,0" doraHai="65" doraHaiUra="117" who="2" fromWho="2" sc="260,-41,260,-21,210,93,260,-21" /><INIT seed="1,0,0,5,5,30" ten="219,239,303,239" oya="1" hai0="57,25,44,114,127,71,121,50,41,130,26,6,125" hai1="7,58,134,32,100,133,96,16,104,56,101,95,94" hai2="8,12,74,107,65,69,129,109,118,115,102,70,10" hai3="78,117,45,105,97,124,111,51,38,62,86,68,13"/><U64/><E7/><V61/><F74/><W126/><G111/><T82/><D71/><U128/><E128/><V18/><F118/><W34/><G38/><T11/><D114/><U43/><E43/><V3/><F109/><W5/><G68/><T75/><D121/><U99/><E104/><V31/><F70/><W76/><G62/><T110/><D110/><U93/><E93/><V72/><F72/><W33/><G78/><N who="0" m="44383" /><D57/><U83/><E83/><V27/><F115/><W77/><G97/><T36/><D50/><U98/><E98/><V116/><F116/><W84/><G105/><T20/><D20/><U88/><E88/><V122/><F122/><W39/><G39/><T28/><D28/><U59/><E64/><V112/><F112/><W19/><G76/><T67/><D67/><U119/><E119/><V89/><F89/><W91/><G77/><T49/><D49/><U103/><E103/><V80/><F80/><N who="3" m="49543" /><G5/><T21/><D21/><U92/><E92/><V47/><F129/><W120/><G86/><T79/><D130/><U14/><REACH who="1" step="1"/><E32/><REACH who="1" ten="219,229,303,239" step="2"/><N who="2" m="20607" /><F107/><W1/><G117/><T90/><D90/><U35/><E35/><V40/><F102/><W85/><G120/><T23/><D79/><U42/><E42/><V22/><F3/><W53/><G85/><T54/><D41/><U131/><E131/><V9/><F40/><W73/><G1/><T2/><D36/><U15/><E15/><V60/><F65/><W113/><G113/><T48/><D26/><U37/><E37/><V24/><F12/><W123/><G123/><T66/><D66/><U81/><E81/><RYUUKYOKU ba="0,1" sc="219,15,229,15,303,-15,239,-15" hai0="2,6,11,23,25,44,48,54,125,127" hai1="14,16,56,58,59,94,95,96,99,100,101,133,134" /><INIT seed="1,1,1,1,4,8" ten="234,244,288,224" oya="1" hai0="57,103,41,14,133,111,27,37,66,77,42,100,134" hai1="99,15,131,38,49,78,105,106,9,101,71,96,7" hai2="110,81,125,40,68,22,18,4,129,124,72,58,76" hai3="87,69,21,54,112,10,97,56,67,53,55,28,119"/><U63/><E38/><V92/><F68/><W1/><G112/><T113/><D113/><U128/><E78/><V24/><F110/><W48/><G119/><T91/><D111/><U132/><E132/><N who="0" m="50793" /><D77/><U43/><E43/><V74/><F129/><N who="1" m="49737" /><E49/><V95/><F72/><W82/><G97/><N who="1" m="37450" /><E101/><V64/><F4/><W20/><G69/><T135/><D91/><U93/><E93/><V47/><F95/><W62/><G28/><T115/><D115/><U17/><E7/><V3/><F92/><W86/><G48/><T39/><D135/><U89/><E89/><V50/><F3/><W65/><G1/><T51/><D27/><U90/><E90/><V46/><F46/><W114/><G114/><T118/><D118/><U108/><E108/><V0/><F0/><W126/><G126/><T121/><D39/><U70/><E70/><V31/><F125/><W45/><G45/><T52/><D37/><U73/><E73/><V79/><F124/><W29/><G29/><T130/><D130/><U23/><E9/><V120/><F79/><W116/><G10/><T13/><D121/><U36/><E36/><V12/><F120/><W98/><G98/><T2/><D2/><U61/><E71/><V11/><F58/><W60/><G116/><T44/><D42/><U19/><E19/><V80/><F80/><W75/><G82/><T109/><D109/><U104/><AGARI ba="1,1" hai="15,17,23,61,63,104,105,106" m="37450,49737" machi="104" ten="40,3900,0" yaku="19,1,52,1" doraHai="8" who="1" fromWho="1" sc="234,-14,244,52,288,-14,224,-14" /><INIT seed="1,2,0,5,5,55" ten="220,296,274,210" oya="1" hai0="52,126,132,38,14,9,110,92,22,99,130,34,6" hai1="68,66,76,86,116,41,44,16,0,65,113,18,85" hai2="109,96,54,114,129,71,56,67,40,121,50,61,62" hai3="124,3,88,127,75,48,108,10,45,42,106,53,118"/><U81/><E113/><V104/><F121/><W89/><G108/><T135/><D110/><U1/><E116/><V28/><F109/><W84/><G75/><T47/><D34/><U123/><E123/><V49/><F114/><W73/><G73/><T122/><D122/><U37/><E85/><V103/><F129/><W63/><G106/><T94/><D130/><U7/><E7/><V30/><REACH who="2" step="1"/><F40/><REACH who="2" ten="220,296,264,210" step="2"/><W19/><G118/><T2/><D132/><U111/><E111/><V13/><F13/><W64/><G3/><T8/><D135/><U112/><E112/><V82/><F82/><W46/><G42/><T51/><D2/><U31/><E1/><V78/><F78/><W77/><G77/><T105/><D14/><U125/><E0/><V87/><F87/><W20/><G84/><T100/><D99/><U117/><E86/><V58/><F58/><N who="3" m="36983" /><G45/><T43/><D47/><U33/><E117/><V57/><F57/><W36/><G36/><T39/><D38/><U101/><E76/><V72/><F72/><W119/><G119/><T80/><D39/><U97/><E44/><V79/><F79/><W98/><G98/><T69/><D43/><U24/><E97/><V27/><F27/><N who="3" m="14751" /><G10/><T5/><D9/><U32/><E41/><V134/><F134/><W29/><G124/><T120/><D8/><U25/><E125/><V4/><F4/><W70/><G127/><T83/><D6/><U11/><E37/><V21/><F21/><W15/><G15/><T107/><D5/><U95/><E11/><V35/><F35/><W115/><G115/><T60/><D126/><RYUUKYOKU ba="2,1" sc="220,-10,296,-10,264,30,210,-10" hai2="28,30,49,50,54,56,61,62,67,71,96,103,104" /><INIT seed="2,3,1,1,2,7" ten="210,286,294,200" oya="2" hai0="77,51,39,81,132,19,75,58,37,16,47,84,14" hai1="68,25,97,105,15,128,30,67,96,88,48,18,95" hai2="117,53,74,93,63,34,5,134,115,41,82,59,108" hai3="6,21,80,102,20,125,122,79,111,32,62,94,56"/><V119/><F34/><W4/><G32/><T87/><D132/><U78/><E128/><V113/><F93/><W73/><G111/><T35/><D35/><U36/><E36/><V101/><F82/><W61/><G125/><T26/><D26/><U90/><E78/><V76/><F101/><W83/><G122/><T10/><D19/><U69/><E67/><V55/><F5/><W103/><G94/><T0/><D0/><U31/><E48/><V109/><F76/><W85/><G79/><T131/><D131/><U11/><E31/><V50/><F74/><W22/><G56/><T106/><D106/><U130/><E130/><V3/><F3/><W98/><G98/><T120/><D120/><U86/><E96/><V71/><F41/><W126/><G126/><T110/><D110/><N who="2" m="42602" /><F134/><W135/><G135/><T28/><D28/><U44/><E105/><V104/><F104/><W45/><G73/><T46/><D75/><U116/><E116/><N who="2" m="44619" /><F71/><W24/><G6/><T89/><D77/><U13/><E13/><V121/><F121/><W9/><G83/><T43/><D87/><U133/><E133/><V8/><F8/><W99/><G99/><T70/><D70/><U29/><E69/><V2/><F2/><W38/><G103/><T127/><D127/><U54/><E68/><V123/><F123/><W33/><G102/><T72/><D72/><U112/><E29/><V60/><F60/><N who="3" m="23147" /><G33/><T100/><D100/><U42/><E30/><V23/><F23/><W64/><G80/><T124/><D124/><U129/><E97/><V114/><F114/><W49/><G22/><RYUUKYOKU ba="3,1" sc="210,-10,286,-10,294,30,200,-10" hai2="50,53,55,59,63,113,115" /><INIT seed="2,4,1,5,1,52" ten="200,276,324,190" oya="2" hai0="57,24,54,25,60,19,21,119,27,47,6,32,84" hai1="123,28,117,93,130,55,20,122,38,66,128,18,1" hai2="10,131,64,113,72,43,100,30,103,59,99,85,121" hai3="134,77,71,56,50,133,5,110,91,98,17,73,34"/><V80/><F121/><N who="1" m="46089" /><E38/><V31/><F72/><W65/><G34/><T115/><D115/><U70/><E93/><V9/><F43/><W114/><G110/><T78/><D119/><U2/><E55/><V108/><F108/><W49/><G71/><T76/><D6/><U63/><E117/><V68/><F68/><W11/><G17/><T118/><D118/><U74/><E74/><V14/><F131/><N who="1" m="50217" /><E28/><N who="2" m="10795" /><F113/><W42/><G114/><T125/><D125/><U90/><E90/><N who="2" m="51495" /><F99/><W109/><G42/><T88/><D32/><U95/><E95/><V13/><F13/><AGARI ba="4,1" hai="1,2,13,18,20,63,66,70" m="50217,46089" machi="13" ten="30,2000,0" yaku="13,1,19,1" doraHai="52" who="1" fromWho="2" sc="200,0,276,42,324,-32,190,0" /><INIT seed="3,0,0,0,0,84" ten="200,318,292,190" oya="3" hai0="53,13,111,70,130,131,102,23,35,12,58,121,99" hai1="85,48,78,36,64,112,128,71,96,40,41,87,9" hai2="4,122,124,25,20,39,55,93,83,109,133,38,33" hai3="129,31,21,105,135,34,62,7,106,50,18,29,116"/><W0/><G116/><T132/><D121/><U90/><E112/><V107/><F107/><W77/><G77/><T56/><D35/><U27/><E128/><N who="0" m="49193" /><D70/><U110/><E110/><V134/><F33/><W5/><G135/><T115/><D115/><U89/><E36/><V126/><F109/><W11/><G129/><T118/><D118/><U51/><E71/><V49/><F4/><W57/><G50/><N who="1" m="18986" /><E64/><V86/><F93/><W72/><G72/><T44/><D111/><U54/><E54/><V123/><F39/><W1/><G34/><T74/><D74/><U82/><E27/><V6/><F6/><W127/><G106/><T43/><D132/><N who="2" m="50794" /><F38/><W45/><G105/><T114/><D114/><U26/><E26/><V65/><F65/><W14/><G45/><T100/><D44/><U15/><E96/><V101/><F101/><W81/><G127/><N who="2" m="48681" /><F55/><W61/><G5/><T28/><D53/><U68/><E68/><V97/><F97/><W76/><G0/><T108/><D108/><U113/><E113/><V95/><F49/><W119/><G119/><T117/><D99/><U52/><E52/><V46/><F46/><W2/><G2/><T104/><D117/><U16/><E78/><V47/><F47/><W125/><G125/><T22/><D104/><U30/><E30/><N who="2" m="17703" /><F123/><W8/><G31/><T10/><D28/><U92/><AGARI ba="0,0" hai="9,15,16,40,41,82,85,87,89,90,92" m="18986" machi="92" ten="30,7900,0" yaku="8,1,52,2,54,1" doraHai="84" who="1" fromWho="1" sc="200,-20,318,79,292,-20,190,-39" /><INIT seed="4,0,0,2,0,88" ten="180,397,272,151" oya="0" hai0="96,98,126,30,112,68,97,133,0,107,128,7,66" hai1="60,36,23,102,14,46,33,86,81,55,71,18,63" hai2="111,24,52,43,117,76,100,110,101,57,13,26,123" hai3="121,58,17,69,72,21,47,59,105,78,84,130,6"/><T28/><D112/><U35/><E102/><V113/><F123/><W99/><G69/><T103/><D126/><U19/><E63/><V10/><F113/><W129/><G72/><T54/><D128/><N who="3" m="49257" /><G6/><T40/><D133/><U80/><E80/><V61/><F110/><W75/><G75/><T22/><D40/><U31/><E31/><V29/><F111/><W65/><G65/><T109/><D109/><U89/><E19/><V39/><F117/><W108/><G108/><T114/><D114/><U127/><E127/><V106/><F106/><W135/><G135/><T67/><D54/><U91/><E91/><V53/><F76/><W94/><G105/><T2/><D103/><N who="2" m="39498" /><F39/><W83/><G47/><T122/><D107/><U44/><E44/><V5/><F43/><W62/><G121/><T50/><D122/><U41/><E71/><V1/><F1/><W38/><G38/><T134/><D134/><U93/><REACH who="1" step="1"/><E81/><REACH who="1" ten="180,387,272,151" step="2"/><V79/><F29/><W87/><G62/><T119/><D68/><U49/><E49/><V15/><F79/><W92/><G99/><T25/><D119/><U3/><E3/><V20/><F53/><W70/><G70/><T16/><D50/><U115/><E115/><V11/><F11/><W95/><G84/><T125/><D125/><U116/><E116/><V64/><F52/><W56/><G56/><AGARI ba="0,1" hai="14,18,23,33,35,36,41,46,55,56,60,86,89,93" machi="56" ten="40,2600,0" yaku="1,1,52,1,53,0" doraHai="88" doraHaiUra="27" who="1" fromWho="3" sc="180,0,387,36,272,0,151,-26" /><INIT seed="5,0,0,1,4,30" ten="180,423,272,125" oya="1" hai0="22,72,105,53,115,108,42,24,48,45,12,86,0" hai1="75,33,50,92,97,116,77,19,79,8,98,51,11" hai2="132,28,27,104,117,65,113,17,111,73,70,40,47" hai3="93,81,25,20,82,84,2,125,49,87,37,14,57"/><U66/><E19/><V99/><F17/><W124/><G2/><T58/><D72/><U110/><E92/><V56/><F56/><W46/><G37/><T55/><D108/><U120/><E66/><V41/><F41/><W23/><G57/><T1/><D115/><U88/><E88/><V90/><F90/><W123/><G123/><T101/><D12/><U91/><E91/><V44/><F44/><W83/><G14/><T6/><D55/><U52/><E52/><V69/><F111/><W4/><G4/><T26/><D26/><U130/><E110/><V5/><F5/><W89/><G84/><T29/><D86/><U107/><E97/><V60/><F117/><W61/><G61/><T127/><D127/><N who="3" m="48713" /><G25/><T114/><D114/><U134/><E116/><V32/><F113/><W85/><G85/><T122/><D6/><U78/><E98/><V39/><F132/><W95/><G95/><T94/><D94/><U118/><E118/><V74/><F70/><W112/><G112/><T64/><D64/><U67/><E67/><V63/><F63/><W129/><G129/><T135/><D135/><U133/><E130/><V43/><F43/><AGARI ba="0,0" hai="20,23,43,46,49,81,82,83,87,89,93" m="48713" machi="43" ten="30,1000,0" yaku="18,1" doraHai="30" who="3" fromWho="2" sc="180,0,423,0,272,-10,125,10" /><INIT seed="6,0,0,0,3,46" ten="180,423,262,135" oya="2" hai0="68,110,96,97,53,61,60,90,47,109,41,85,42" hai1="98,10,107,52,106,102,134,18,73,80,79,56,111" hai2="95,17,45,38,2,89,31,59,67,29,116,130,132" hai3="112,124,48,23,40,51,121,74,135,129,57,4,11"/><V13/><F2/><W126/><G74/><T127/><D127/><N who="3" m="48681" /><G121/><T101/><D41/><U114/><E111/><V70/><F70/><W20/><G135/><T54/><D97/><U27/><E134/><V125/><F116/><W88/><G129/><T55/><D109/><U1/><E114/><V15/><F130/><W63/><G40/><T62/><D110/><U93/><E27/><V94/><F38/><W87/><G112/><T14/><D14/><U133/><E133/><V36/><F36/><W8/><G20/><T32/><D32/><U9/><E18/><V34/><F34/><W7/><G23/><T30/><D30/><U117/><E117/><V78/><F132/><W65/><G11/><T39/><D68/><U5/><E9/><V44/><F125/><W100/><G100/><T128/><D128/><U22/><E22/><V26/><F31/><W49/><G8/><T84/><REACH who="0" step="1"/><D90/><REACH who="0" ten="170,423,262,135" step="2"/><U12/><E12/><V35/><F89/><W25/><G25/><T16/><D16/><U122/><E122/><V77/><F13/><W69/><G69/><T86/><D86/><U83/><E98/><V104/><F15/><W103/><G103/><T115/><D115/><U28/><E28/><V0/><F17/><W92/><AGARI ba="0,1" hai="4,7,48,49,51,57,63,65,87,88,92" m="48681" machi="92" ten="30,8000,1" yaku="18,1,52,3,54,1" doraHai="46" who="3" fromWho="3" sc="170,-20,423,-20,262,-40,135,90" /><INIT seed="7,0,0,0,5,60" ten="150,403,222,225" oya="3" hai0="2,67,43,108,21,64,12,102,75,29,115,104,131" hai1="116,117,27,105,15,16,13,89,23,112,94,98,70" hai2="51,57,92,114,73,84,18,135,52,113,82,88,40" hai3="50,4,86,91,34,24,97,81,55,25,80,61,111"/><W62/><G34/><T22/><D108/><U45/><E112/><N who="2" m="43115" /><F18/><W31/><G31/><T58/><D115/><U5/><E15/><V96/><F40/><W8/><G97/><T106/><D2/><U85/><E89/><N who="2" m="51351" /><F73/><W129/><G129/><T35/><D131/><U125/><E45/><V133/><AGARI ba="0,0" hai="51,52,57,88,92,96,133,135" m="51351,43115" machi="133" ten="30,4000,0" yaku="15,1,54,2" doraHai="60" who="2" fromWho="2" sc="150,-10,403,-10,222,40,225,-20" owari="140,-36.0,393,49.0,262,6.0,205,-19.0" /></mjloggm>