<mjloggm ver="2.3"><GO type="169" lobby="0"/><UN n0="%E3%81%B5%E3%81%8B%E3%81%98" n1="%E5%B0%B1%E6%B4%BB%E7%94%9F%40%E5%B7%9D%E6%9D%91%E8%BB%8D%E5%9B%A3" n2="%E3%81%99%E3%81%B0%E3%82%89%E3%81%A3%E2%98%85" n3="%63%6C%6F%6F%77%64%6F" dan="17,16,16,16" rate="2148.34,2157.85,2155.79,2073.14" sx="M,M,F,F"/><TAIKYOKU oya="0"/><INIT seed="0,0,0,2,5,46" ten="250,250,250,250" oya="0" hai0="9,114,25,58,14,56,54,101,17,102,50,72,48" hai1="34,89,96,15,106,108,49,18,113,26,76,119,7" hai2="33,116,1,53,74,64,70,91,109,69,60,93,47" hai3="43,59,97,5,86,23,6,121,103,129,13,30,107"/><T77/><D114/><U39/><E119/><V118/><F1/><W16/><G129/><T99/><D72/><U42/><E39/><V87/><F33/><W75/><G75/><T40/><D77/><U95/><E108/><V3/><F3/><W27/><G121/><T125/><D125/><U126/><E126/><V8/><F109/><W133/><G133/><T38/><D38/><U135/><E135/><V82/><F8/><W84/><G43/><T31/><D99/><U41/><E7/><V105/><F105/><W134/><G134/><T115/><D115/><U66/><E66/><V104/><F104/><W21/><G59/><T83/><D83/><U2/><E2/><V52/><F70/><W44/><G44/><T63/><D40/><U80/><E106/><V67/><F67/><W73/><G73/><T24/><D63/><U29/><E49/><N who="0" m="19049" /><D31/><U123/><E123/><V94/><F74/><W132/><G132/><T130/><D130/><U71/><E71/><V128/><F128/><W90/><REACH who="3" step="1"/><G86/><REACH who="3" ten="250,250,250,240" step="2"/><T45/><D45/><U81/><E113/><V37/><F47/><W85/><G85/><T78/><D56/><U12/><E42/><V36/><F118/><W122/><G122/><T4/><D58/><U32/><E41/><V19/><F116/><W57/><G57/><T117/><D117/><U79/><E79/><V88/><F69/><W110/><G110/><T92/><D78/><U28/><E76/><V131/><F131/><W22/><G22/><T11/><D54/><U55/><E55/><V68/><F52/><W10/><G10/><T62/><D11/><RYUUKYOKU ba="0,1" sc="250,-10,250,-10,250,-10,240,30" hai3="5,6,13,16,21,23,27,30,84,90,97,103,107" /><INIT seed="1,1,1,4,0,47" ten="240,240,240,270" oya="1" hai0="62,13,19,21,39,59,86,51,57,126,91,76,67" hai1="118,93,3,120,112,12,115,31,129,133,85,24,0" hai2="122,109,113,102,99,5,54,42,44,84,94,40,60" hai3="28,4,128,33,97,110,63,88,52,98,134,79,15"/><U82/><E120/><V55/><F122/><W87/><G110/><T78/><D39/><U16/><E118/><V14/><F109/><W95/><G128/><T116/><D126/><U27/><E129/><V80/><F113/><W34/><G134/><T106/><D106/><U89/><E133/><V121/><F121/><W131/><G131/><T135/><D116/><U7/><E27/><V30/><F30/><W108/><G108/><T69/><D135/><U111/><E111/><V73/><F73/><W72/><G72/><T104/><D104/><U9/><E82/><V130/><F130/><W11/><G79/><T74/><D74/><U48/><E48/><N who="2" m="26631" /><F42/><W92/><G28/><T70/><D70/><U17/><E17/><V125/><F125/><W127/><G127/><T105/><D105/><U71/><E71/><V2/><F2/><W58/><G87/><T20/><D20/><U45/><E45/><V90/><F60/><W43/><REACH who="3" step="1"/><G43/><REACH who="3" ten="240,240,240,260" step="2"/><T132/><D132/><U29/><E29/><V18/><F5/><W68/><G68/><T119/><D119/><U26/><E26/><V32/><F32/><W75/><G75/><T23/><D69/><U81/><E81/><V83/><F80/><W50/><G50/><T25/><D51/><U100/><E7/><V22/><AGARI ba="1,2" hai="14,18,22,54,55,83,84,90,94,99,102" m="26631" machi="22" ten="30,2000,0" yaku="8,1,52,1" doraHai="47" who="2" fromWho="2" sc="240,-6,240,-11,240,43,260,-6" /><INIT seed="2,0,0,1,0,34" ten="234,229,283,254" oya="2" hai0="79,69,102,92,95,28,82,4,13,97,33,88,81" hai1="48,112,89,117,54,60,72,63,124,109,56,41,55" hai2="20,70,29,1,7,98,43,32,78,49,100,80,9" hai3="131,86,31,51,37,39,53,73,0,133,85,2,120"/><V101/><F70/><W35/><G120/><T127/><D69/><U52/><E72/><V42/><F32/><W116/><G116/><T68/><D68/><U59/><E117/><V67/><F67/><W14/><G73/><T17/><D4/><U19/><E112/><V129/><F129/><W107/><G107/><T15/><D127/><U11/><E124/><V126/><F126/><W134/><G131/><T83/><D79/><U108/><E89/><V5/><F5/><W113/><G113/><T75/><D75/><U57/><E19/><V8/><F8/><W6/><G6/><T46/><D46/><N who="1" m="25679" /><E11/><V93/><F100/><W115/><G14/><T47/><D47/><U104/><E104/><V118/><F118/><W87/><G115/><T91/><D17/><U12/><E12/><V74/><REACH who="2" step="1"/><F49/><AGARI ba="0,0" hai="49,52,54,55,56,57,59,60,63,108,109" m="25679" machi="49" ten="30,3900,0" yaku="34,2,54,1" doraHai="34" who="1" fromWho="2" sc="234,0,229,39,283,-39,254,0" /><INIT seed="3,0,0,1,4,47" ten="234,268,244,254" oya="3" hai0="43,131,25,95,16,24,8,51,58,17,11,135,71" hai1="128,118,117,121,127,101,39,105,3,41,68,5,78" hai2="15,62,30,28,82,66,61,33,85,49,40,42,98" hai3="73,134,72,116,37,53,79,108,57,7,55,123,74"/><W119/><G123/><T110/><D71/><U80/><E121/><V14/><F98/><W106/><G106/><T100/><D110/><U19/><E19/><N who="0" m="7241" /><D131/><U103/><E68/><V2/><F2/><W102/><G102/><T111/><D135/><U107/><E103/><V18/><F15/><W67/><G134/><T21/><D111/><U13/><E13/><V64/><F42/><W20/><G108/><T1/><D1/><U87/><E127/><V32/><F32/><W29/><G37/><T132/><D132/><U63/><E63/><N who="2" m="24075" /><F30/><W86/><G67/><T104/><D104/><U113/><E113/><V38/><F28/><W35/><G35/><T90/><D100/><U0/><E128/><V130/><F38/><W76/><G7/><T122/><D122/><U23/><E23/><N who="2" m="11735" /><F33/><W129/><G129/><T77/><D77/><U48/><E39/><V59/><F130/><W56/><G29/><N who="0" m="17551" /><D25/><U34/><E34/><V91/><F40/><W83/><G20/><T12/><D12/><U9/><E0/><V10/><F10/><W44/><G79/><T31/><D31/><U93/><E107/><V70/><F70/><W75/><G75/><T27/><D27/><U60/><E105/><V112/><F112/><W84/><G73/><T114/><D114/><U133/><E133/><V65/><F65/><W99/><G72/><T94/><D43/><U109/><E109/><V46/><F66/><W126/><G74/><T45/><D11/><U50/><E117/><V125/><F64/><W22/><G119/><T4/><D8/><U124/><E118/><V69/><F69/><RYUUKYOKU ba="0,0" sc="234,0,268,0,244,0,254,0" /><INIT seed="4,1,0,1,2,25" ten="234,268,244,254" oya="0" hai0="44,65,135,5,133,87,54,101,120,14,24,129,43" hai1="57,32,39,99,31,16,11,56,20,91,111,7,21" hai2="64,82,17,3,90,88,130,48,49,67,19,27,40" hai3="95,100,103,45,122,68,104,51,71,116,110,26,50"/><T76/><D120/><U35/><E39/><V61/><F3/><W12/><G104/><T22/><D129/><U121/><E111/><V73/><F130/><W118/><G26/><T92/><D65/><U59/><E121/><V10/><F73/><W94/><G122/><T119/><D54/><U113/><E113/><V13/><F64/><W96/><G12/><T30/><D119/><U117/><E117/><V127/><F127/><W66/><G66/><T97/><D87/><U15/><E21/><V77/><F19/><W34/><G96/><T1/><D76/><U4/><E4/><V9/><F9/><W78/><G78/><T83/><D83/><U8/><E8/><V38/><F38/><W41/><G45/><T109/><D1/><U53/><E31/><V84/><F27/><W46/><G46/><T98/><D98/><U70/><E70/><V2/><F2/><W128/><G128/><T131/><D109/><U75/><E75/><V36/><F36/><W132/><G110/><T108/><D108/><U107/><E53/><V60/><F60/><W0/><G0/><T114/><D114/><U89/><E35/><V47/><REACH who="2" step="1"/><F48/><REACH who="2" ten="234,268,234,254" step="2"/><W79/><G118/><T125/><D125/><U80/><E11/><V23/><F23/><W28/><G116/><T72/><D72/><U93/><E32/><V102/><F102/><W55/><G34/><T29/><D131/><U105/><E7/><V58/><AGARI ba="1,1" hai="10,13,17,40,47,49,58,61,67,77,82,84,88,90" machi="58" ten="20,8000,1" yaku="1,1,0,1,7,1,8,1,54,1,53,0" doraHai="25" doraHaiUra="124" who="2" fromWho="2" sc="234,-41,268,-21,234,93,254,-21" /><INIT seed="5,0,0,1,5,45" ten="193,247,327,233" oya="1" hai0="109,72,103,111,29,79,26,99,131,88,95,90,97" hai1="86,63,70,27,39,92,84,9,77,117,129,121,41" hai2="56,23,80,87,119,47,66,31,43,65,5,113,11" hai3="83,122,106,35,114,18,57,107,32,1,124,100,71"/><U115/><E121/><V134/><F119/><W6/><G71/><T7/><D7/><U40/><E117/><V34/><F34/><W0/><G122/><T55/><D131/><U15/><E129/><V60/><F134/><W37/><G37/><T54/><D79/><U49/><E39/><V4/><F113/><W123/><G123/><T52/><D72/><U73/><E115/><V108/><F108/><W104/><G114/><T10/><D10/><U2/><E2/><V28/><F66/><W128/><G100/><T25/><D25/><U127/><E127/><V61/><F61/><W24/><G128/><T116/><D116/><U58/><E27/><V98/><F98/><W68/><G68/><T17/><D17/><U12/><E70/><V101/><F101/><W126/><G57/><T16/><D16/><N who="1" m="8207" /><E73/><V20/><F20/><N who="3" m="13335" /><G83/><T51/><D109/><U118/><E118/><V19/><F23/><W69/><G69/><T3/><D111/><U94/><E15/><N who="2" m="7679" /><F5/><W76/><G76/><T53/><D3/><N who="3" m="1097" /><G6/><T38/><D38/><U81/><E86/><V93/><F4/><W42/><G42/><N who="1" m="16490" /><E49/><N who="2" m="26879" /><F93/><W44/><G44/><N who="0" m="27751" /><D99/><U78/><E77/><AGARI ba="0,0" hai="28,31,56,60,65,77,80,87" m="26879,7679" machi="77" ten="30,2000,0" yaku="8,1,52,1" doraHai="45" who="2" fromWho="1" sc="193,0,247,-20,327,20,233,0" /><INIT seed="6,0,0,2,3,79" ten="193,227,347,233" oya="2" hai0="70,123,130,75,108,17,36,4,103,117,80,63,21" hai1="85,16,127,18,11,38,8,60,28,7,15,46,31" hai2="101,55,124,116,32,114,84,96,122,26,53,107,37" hai3="89,119,87,74,12,14,20,1,30,5,64,61,86"/><V50/><F37/><W92/><G74/><T106/><D108/><U68/><E127/><V33/><F116/><W72/><G72/><T52/><D123/><U2/><E68/><V56/><F122/><W133/><G119/><T0/><D36/><U69/><E69/><V88/><F114/><W19/><G133/><T81/><D117/><U62/><E18/><V47/><F26/><W77/><G1/><T115/><D75/><U67/><E67/><V82/><F124/><W29/><G5/><T94/><D106/><U131/><E131/><V135/><F135/><W118/><G12/><T44/><D115/><U91/><E46/><V42/><F42/><W113/><G113/><T71/><D130/><U39/><E39/><V73/><F73/><W65/><G118/><T54/><D70/><U120/><E38/><V121/><F121/><W104/><G104/><T9/><D94/><U128/><E128/><V83/><F83/><N who="3" m="47471" /><G61/><AGARI ba="0,0" hai="32,33,47,50,53,55,56,61,82,84,88,96,101,107" machi="61" ten="30,5800,0" yaku="7,1,52,1,54,1" doraHai="79" who="2" fromWho="3" sc="193,0,227,0,347,58,233,-58" /><INIT seed="6,1,0,5,0,48" ten="193,227,405,175" oya="2" hai0="6,14,47,44,71,135,27,63,129,124,53,89,11" hai1="126,91,113,93,82,42,17,32,125,94,115,52,36" hai2="40,88,24,39,112,65,95,67,45,23,12,77,98" hai3="105,66,55,96,130,102,15,110,68,56,123,26,122"/><V111/><F112/><N who="1" m="43081" /><E32/><V114/><F114/><W117/><G110/><T116/><D129/><U134/><E134/><V1/><F1/><W38/><G117/><T80/><D135/><U84/><E36/><V0/><F0/><W69/><G130/><T19/><D116/><U75/><E42/><V51/><F111/><W30/><G38/><T64/><D124/><N who="1" m="47723" /><E17/><N who="2" m="10663" /><F39/><W57/><G57/><T109/><D109/><U28/><E28/><V13/><F77/><W118/><G118/><T60/><D27/><U81/><E52/><N who="2" m="29807" /><F24/><W33/><G15/><T46/><D14/><U34/><E34/><V128/><F128/><W18/><G18/><T104/><D19/><U9/><E9/><V92/><F40/><W78/><G78/><AGARI ba="1,0" hai="75,78,81,82,84,91,93,94" m="47723,43081" machi="78" ten="30,7700,0" yaku="15,1,18,1,34,2" doraHai="48" who="1" fromWho="3" sc="193,0,227,80,405,0,175,-80" /><INIT seed="7,0,0,0,3,25" ten="193,307,405,95" oya="3" hai0="119,103,27,104,79,107,82,83,36,91,52,10,90" hai1="8,124,24,108,101,28,58,113,17,30,128,60,88" hai2="125,122,20,19,23,43,135,33,89,4,44,51,15" hai3="127,32,45,65,16,134,110,41,7,93,92,130,87"/><W70/><G110/><T132/><D119/><U99/><E108/><V3/><F33/><W67/><G130/><T85/><D36/><U77/><E77/><V123/><F135/><W56/><G134/><T80/><D132/><U69/><E69/><V129/><F125/><W126/><G70/><T55/><D80/><U71/><E71/><V2/><F129/><W63/><G7/><T37/><D37/><U96/><E124/><N who="3" m="47658" /><G67/><T72/><D10/><U100/><E113/><V18/><F89/><W86/><G32/><T131/><D131/><U105/><E128/><V84/><F84/><N who="3" m="32299" /><G16/><T21/><D90/><U57/><E57/><V6/><F6/><W9/><G9/><T12/><D12/><U94/><E101/><V66/><F66/><W46/><G46/><T73/><D73/><U0/><E0/><V34/><F34/><W62/><G62/><T74/><D74/><U121/><E121/><N who="2" m="46091" /><F4/><W59/><G59/><T26/><D26/><AGARI ba="0,0" hai="2,3,15,18,19,20,23,26,43,44,51" m="46091" machi="26" ten="30,1000,0" yaku="13,1" doraHai="25" who="2" fromWho="0" sc="193,-10,307,0,405,10,95,0" owari="183,-22.0,307,11.0,415,51.0,95,-40.0" /></mjloggm>