<mjloggm ver="2.3"><GO type="169" lobby="0"/><UN n0="%E5%B0%B1%E6%B4%BB%E7%94%9F%40%E5%B7%9D%E6%9D%91%E8%BB%8D%E5%9B%A3" n1="%74%61%74%73%75%37%30%32" n2="%4B%61%74%5F%48" n3="%E7%A5%9E%E6%A5%BD%E5%9D%82%E3%82%86%E3%81%8B" dan="16,17,16,17" rate="2150.64,2205.17,2132.97,2125.04" sx="M,M,M,M"/><TAIKYOKU oya="0"/><INIT seed="0,0,0,3,3,61" ten="250,250,250,250" oya="0" hai0="89,118,94,100,73,85,18,111,119,113,96,123,38" hai1="80,22,49,99,114,74,63,30,4,107,23,65,12" hai2="51,5,35,92,104,29,54,28,36,42,3,57,17" hai3="83,66,75,78,106,2,124,82,24,125,32,76,19"/><T7/><D38/><U20/><E114/><V120/><F104/><W62/><G106/><T10/><D113/><U102/><E49/><V109/><F120/><W39/><G2/><T1/><D123/><U128/><E128/><V64/><F109/><W16/><G39/><T90/><D73/><U121/><E121/><V40/><F3/><W115/><G115/><T108/><D18/><U13/><E4/><V86/><F5/><W79/><G32/><T130/><D130/><U91/><E30/><N who="2" m="11883" /><F35/><W60/><G24/><T70/><D70/><U88/><E74/><V59/><F36/><W52/><G52/><T95/><REACH who="0" step="1"/><D100/><REACH who="0" ten="240,250,250,250" step="2"/><U122/><E122/><V43/><F17/><W56/><G19/><T98/><D98/><U72/><E72/><V112/><F112/><W117/><G16/><T47/><D47/><U81/><E81/><V135/><F86/><W127/><G75/><T101/><D101/><U93/><E80/><V110/><F110/><AGARI ba="0,1" hai="1,7,10,85,89,90,94,95,96,108,110,111,118,119" machi="110" ten="40,7700,0" yaku="1,1,14,1,10,1,53,0" doraHai="61" doraHaiUra="50" who="0" fromWho="2" sc="240,87,250,0,250,-77,250,0" /><INIT seed="0,1,0,2,4,75" ten="327,250,173,250" oya="0" hai0="91,123,65,43,14,12,25,76,30,23,37,24,84" hai1="44,68,27,67,19,32,79,6,96,111,63,80,20" hai2="130,22,61,126,66,57,134,109,108,86,107,34,35" hai3="1,132,100,114,11,13,105,0,98,18,99,47,36"/><T122/><D65/><U29/><E111/><N who="2" m="42571" /><F107/><W129/><G114/><T93/><D37/><U59/><E6/><V124/><F130/><W95/><G129/><T82/><D43/><U54/><E44/><V117/><F134/><W74/><G132/><T119/><D119/><U38/><E38/><V21/><F117/><W58/><G74/><T73/><REACH who="0" step="1"/><D24/><REACH who="0" ten="317,250,173,250" step="2"/><U121/><E67/><V112/><F112/><W69/><G36/><T28/><D28/><U116/><E116/><V81/><F66/><W101/><G69/><T50/><D50/><U16/><E68/><V10/><F126/><W78/><G0/><T52/><D52/><U128/><E128/><V90/><F124/><W4/><G1/><T48/><D48/><U97/><E121/><AGARI ba="1,1" hai="12,14,23,25,30,73,76,82,84,91,93,121,122,123" machi="121" ten="40,3900,0" yaku="1,1,52,1,53,0" doraHai="75" doraHaiUra="41" who="0" fromWho="1" sc="317,52,250,-42,173,0,250,0" /><INIT seed="0,2,0,3,3,116" ten="369,208,173,250" oya="0" hai0="102,73,129,41,7,119,110,76,66,88,8,63,98" hai1="124,130,86,31,117,105,58,17,29,16,97,42,106" hai2="101,56,25,20,115,62,59,128,99,55,80,107,125" hai3="72,38,65,113,6,132,123,18,82,21,121,10,83"/><T34/><D119/><U37/><E117/><V71/><F115/><W45/><G113/><T120/><D34/><U15/><E124/><V114/><F114/><W127/><G127/><T78/><D120/><N who="3" m="46153" /><G132/><T104/><D129/><U122/><E130/><V74/><F125/><W51/><G72/><T4/><D110/><U87/><E122/><V53/><F128/><W49/><G65/><T47/><D88/><U91/><E91/><V60/><F71/><W64/><G64/><T69/><D73/><U52/><E97/><V61/><F74/><W68/><G68/><T108/><D108/><U13/><E58/><V94/><F80/><N who="3" m="30763" /><G38/><T109/><D109/><U67/><E67/><V85/><F62/><W96/><G96/><T9/><D4/><U24/><E37/><V131/><F131/><W90/><G45/><T112/><D112/><U54/><REACH who="1" step="1"/><E24/><REACH who="1" ten="369,198,173,250" step="2"/><V93/><REACH who="2" step="1"/><F85/><REACH who="2" ten="369,198,163,250" step="2"/><W70/><G70/><T92/><D69/><U133/><E133/><V19/><AGARI ba="2,2" hai="19,20,25,53,55,56,59,60,61,93,94,99,101,107" machi="19" ten="20,8000,1" yaku="1,1,2,1,0,1,7,1,9,1,53,0" doraHai="116" doraHaiUra="134" who="2" fromWho="2" sc="369,-42,198,-22,163,106,250,-22" /><INIT seed="1,0,0,0,3,25" ten="327,176,269,228" oya="1" hai0="21,23,74,115,108,95,52,81,118,97,117,7,134" hai1="16,9,105,26,47,102,83,38,119,103,121,41,61" hai2="17,0,82,60,73,11,49,13,66,37,59,130,54" hai3="24,104,65,48,113,98,120,77,76,124,93,64,90"/><U69/><E119/><V85/><F37/><W91/><G113/><T3/><D115/><U6/><E121/><V99/><F130/><W31/><G124/><T39/><D39/><U2/><E105/><V32/><F73/><W56/><G104/><T92/><D134/><U80/><E80/><V63/><F32/><W58/><G120/><T126/><D126/><U101/><E83/><V84/><F0/><W133/><G133/><T111/><D3/><U50/><E38/><V89/><F99/><W12/><G12/><T42/><D42/><U96/><E69/><V100/><F100/><W4/><G4/><T109/><D7/><U131/><E61/><V44/><F60/><W14/><G14/><T78/><D52/><U36/><E36/><V45/><REACH who="2" step="1"/><F85/><REACH who="2" ten="327,176,259,228" step="2"/><W110/><G98/><T28/><D97/><U27/><E131/><V35/><F35/><W62/><G62/><T70/><D70/><AGARI ba="0,1" hai="11,13,17,44,45,49,54,59,63,66,70,82,84,89" machi="70" ten="30,2000,0" yaku="1,1,7,1,53,0" doraHai="25" doraHaiUra="88" who="2" fromWho="0" sc="327,-20,176,0,259,30,228,0" /><INIT seed="2,0,0,5,4,70" ten="307,176,289,228" oya="2" hai0="52,92,42,34,29,13,48,84,79,63,123,107,112" hai1="83,116,132,68,3,56,74,53,39,102,5,45,32" hai2="33,25,119,128,93,82,27,134,46,47,129,22,54" hai3="60,77,97,7,62,35,133,110,19,122,65,55,50"/><V36/><F119/><W0/><G110/><T73/><D107/><U135/><E116/><V37/><F134/><N who="1" m="51241" /><E68/><V87/><F33/><W130/><G122/><T38/><D73/><U81/><E102/><V127/><F93/><W59/><G35/><T105/><D105/><U114/><E32/><V26/><F22/><W14/><G130/><N who="2" m="50281" /><F127/><W103/><G77/><T71/><D34/><U41/><E114/><V117/><F117/><W109/><G109/><T66/><D29/><U98/><E98/><V31/><F31/><W17/><G133/><T118/><D118/><U125/><E125/><V101/><F101/><W69/><G0/><T108/><D108/><U75/><E83/><V126/><F126/><W61/><G7/><T58/><D112/><U40/><E40/><V100/><F100/><W89/><G89/><T94/><D123/><U15/><E81/><V90/><F54/><W72/><G72/><T9/><D79/><U121/><E3/><V6/><F6/><W78/><G78/><T120/><D120/><U44/><E121/><V99/><F99/><W131/><G131/><T76/><D76/><U1/><E1/><V21/><F21/><N who="3" m="11447" /><G19/><N who="0" m="8623" /><D84/><U10/><E45/><AGARI ba="0,0" hai="25,26,27,36,37,45,46,47,82,87,90" m="50281" machi="45" ten="30,5800,0" yaku="19,1,52,2" doraHai="70" who="2" fromWho="1" sc="307,0,176,-58,289,58,228,0" /><AGARI ba="0,0" hai="38,42,45,48,52,58,63,66,71,92,94" m="8623" machi="45" ten="30,3900,0" yaku="24,1,52,1,54,1" doraHai="70" who="0" fromWho="1" sc="307,39,118,-39,347,0,228,0" /><INIT seed="2,1,0,3,3,21" ten="346,79,347,228" oya="2" hai0="36,32,100,123,117,41,64,106,40,129,95,126,110" hai1="47,87,65,6,71,134,111,77,56,1,24,3,22" hai2="42,15,45,62,128,101,49,54,94,25,98,116,11" hai3="107,61,105,48,35,13,74,2,10,130,43,84,7"/><V103/><F128/><W91/><G74/><T28/><D41/><U5/><E111/><V52/><F116/><W85/><G130/><T8/><D95/><U99/><E71/><V18/><F103/><W124/><G35/><T23/><D23/><U96/><E134/><V27/><F62/><W133/><G133/><T16/><D64/><U34/><E34/><V67/><F67/><W59/><G124/><T66/><D66/><U68/><E68/><V131/><F131/><W97/><G2/><T12/><D100/><U104/><E47/><V89/><F54/><W19/><G107/><T113/><D40/><U125/><E125/><V135/><F135/><W80/><G7/><N who="1" m="2570" /><E104/><V44/><F101/><W72/><G72/><T75/><D75/><U132/><E3/><V115/><F115/><W81/><G105/><T17/><D36/><AGARI ba="1,0" hai="11,15,18,25,27,36,42,44,45,49,52,89,94,98" machi="36" ten="30,11600,0" yaku="7,1,52,2,54,1" doraHai="21" who="2" fromWho="0" sc="346,-119,79,0,347,119,228,0" /><INIT seed="2,2,0,4,2,74" ten="227,79,466,228" oya="2" hai0="99,67,9,65,118,71,109,19,36,38,61,58,33" hai1="45,0,39,63,106,23,32,64,131,119,116,52,40" hai2="30,31,53,66,18,114,29,89,1,49,34,14,125" hai3="110,4,17,82,97,122,62,102,69,6,24,78,55"/><V68/><F1/><W81/><G110/><T87/><D33/><U5/><E32/><V42/><F42/><W101/><G122/><T133/><D109/><U124/><E106/><V76/><F114/><W112/><G112/><T83/><D133/><U108/><E0/><V60/><F125/><W100/><G97/><T37/><D118/><N who="1" m="45099" /><E5/><V47/><F89/><W95/><G95/><T88/><D99/><U120/><E23/><V93/><F93/><W2/><G2/><T59/><REACH who="0" step="1"/><D67/><REACH who="0" ten="217,79,466,228" step="2"/><U35/><E35/><V57/><F34/><W128/><G128/><T111/><D111/><U85/><E108/><V75/><F68/><W8/><G102/><T7/><D7/><U107/><E107/><V130/><F130/><W48/><G4/><T44/><D44/><U15/><E131/><V54/><F66/><N who="3" m="41175" /><G101/><T10/><D10/><U123/><E124/><V56/><F47/><W21/><G100/><T11/><D11/><U117/><N who="1" m="45107" /><U46/><DORA hai="50" /><E45/><V127/><F127/><W134/><G134/><T73/><D73/><U129/><E129/><V3/><F75/><W51/><G8/><T70/><D70/><N who="1" m="42271" /><E85/><V126/><F126/><W25/><G6/><T41/><D41/><U96/><E96/><V90/><F3/><W104/><G104/><T86/><D86/><U26/><E46/><V43/><F43/><W13/><G21/><T84/><D84/><U16/><E40/><V92/><F90/><W22/><G22/><T103/><D103/><U94/><E123/><V27/><F27/><W72/><G24/><T80/><D80/><U20/><E26/><RYUUKYOKU ba="2,1" sc="217,30,79,-10,466,-10,228,-10" hai0="9,19,36,37,38,58,59,61,65,71,83,87,88" /><INIT seed="3,3,1,5,1,32" ten="247,69,456,218" oya="3" hai0="63,53,57,96,30,83,18,22,27,100,103,47,131" hai1="108,71,65,93,99,97,13,68,117,77,15,50,87" hai2="8,40,122,21,119,19,123,14,105,24,114,69,7" hai3="89,127,128,59,110,43,29,75,48,134,55,52,81"/><W56/><G128/><T111/><D111/><U118/><E108/><V28/><F69/><N who="1" m="26697" /><E50/><V16/><F105/><W9/><G110/><T39/><D131/><U12/><E65/><V36/><F119/><N who="1" m="45577" /><E93/><V92/><F114/><W78/><G127/><T120/><D120/><N who="2" m="46122" /><F92/><W86/><G134/><T109/><D109/><U90/><E90/><V98/><F98/><N who="1" m="37385" /><E87/><V26/><F36/><W73/><G43/><T112/><D112/><U129/><E77/><V94/><F40/><W61/><G29/><T102/><D83/><U0/><E0/><V25/><F94/><W85/><G9/><T6/><D96/><U38/><E129/><V23/><F28/><W106/><G106/><T72/><D72/><U101/><E38/><V49/><F49/><W116/><G116/><T133/><D133/><U41/><E41/><V132/><F132/><W45/><G59/><T10/><D39/><U82/><E101/><V107/><F107/><W3/><G3/><AGARI ba="3,1" hai="3,7,8,14,16,19,21,23,24,25,26" m="46122" machi="3" ten="30,8000,1" yaku="13,1,34,2,52,1,54,1" doraHai="32" who="2" fromWho="3" sc="247,0,69,0,456,99,218,-89" /><INIT seed="4,0,0,0,4,22" ten="247,69,555,129" oya="0" hai0="11,8,98,38,33,68,84,94,130,67,96,46,71" hai1="1,107,48,86,121,29,114,53,124,59,135,70,35" hai2="79,127,125,73,110,7,109,82,131,134,87,5,72" hai3="51,102,28,10,118,31,37,17,64,2,54,89,44"/><T112/><D33/><U21/><E121/><V20/><F131/><W4/><G118/><T6/><D112/><U39/><E70/><V65/><F65/><W63/><G102/><T52/><D130/><U99/><E39/><V69/><F69/><W42/><G89/><T75/><D75/><N who="2" m="28746" /><F134/><W115/><G115/><T43/><D11/><U100/><E35/><V97/><F20/><W18/><G18/><T113/><D113/><U80/><E114/><V55/><F55/><W104/><G104/><T3/><D68/><U101/><E100/><V13/><F97/><W77/><G77/><T50/><D84/><U61/><E1/><V81/><F81/><W119/><G119/><T120/><D120/><U117/><E135/><V15/><F15/><W16/><G31/><T34/><D34/><U66/><E117/><V85/><F85/><W36/><G28/><T24/><D94/><U128/><E128/><V25/><F25/><W83/><G83/><T133/><D24/><U111/><E111/><N who="2" m="42507" /><F13/><W60/><G37/><T74/><D74/><U91/><E21/><V27/><F27/><W106/><G106/><T108/><D108/><U78/><E29/><V32/><F32/><W14/><G64/><T126/><D133/><U58/><REACH who="1" step="1"/><E91/><REACH who="1" ten="247,59,555,129" step="2"/><V49/><F79/><W23/><REACH who="3" step="1"/><G17/><REACH who="3" ten="247,59,555,119" step="2"/><T41/><D38/><U93/><E93/><V0/><F82/><W90/><G90/><T57/><D71/><U132/><E132/><V103/><F103/><W47/><AGARI ba="0,2" hai="2,4,10,14,16,23,36,42,44,47,51,54,60,63" machi="47" ten="20,8000,1" yaku="1,1,0,1,7,1,54,1,53,1" doraHai="22" doraHaiUra="45" who="3" fromWho="3" sc="247,-40,59,-20,555,-20,119,100" /><INIT seed="5,0,0,0,3,56" ten="207,39,535,219" oya="1" hai0="0,4,18,15,23,24,16,105,22,29,68,2,112" hai1="46,128,45,91,65,88,133,58,116,10,67,71,55" hai2="95,122,25,81,90,109,60,70,39,5,92,121,47" hai3="77,49,84,51,134,118,43,135,14,124,85,40,64"/><U79/><E116/><V48/><F109/><W106/><G118/><T62/><D105/><U113/><E128/><V83/><F39/><W19/><G124/><T72/><D72/><U94/><E133/><N who="3" m="50698" /><G106/><T132/><D132/><U73/><E113/><V87/><F5/><W7/><G7/><T115/><D68/><U33/><E33/><V127/><F127/><W11/><G64/><T35/><D62/><N who="1" m="36191" /><E73/><V32/><F83/><N who="3" m="47215" /><G85/><T69/><D69/><U53/><E71/><V129/><F129/><W13/><G13/><N who="0" m="9487" /><D4/><U99/><E79/><V41/><F32/><W66/><G66/><N who="1" m="25098" /><E10/><V61/><F70/><W117/><G117/><T114/><AGARI ba="0,0" hai="0,2,15,18,23,24,29,35,112,114,115" m="9487" machi="114" ten="30,7900,0" yaku="15,1,34,2,54,1" doraHai="56" who="0" fromWho="0" sc="207,79,39,-39,535,-20,219,-20" /><INIT seed="6,0,0,2,2,129" ten="286,0,515,199" oya="2" hai0="65,120,94,36,134,46,83,109,127,16,121,122,10" hai1="118,62,116,23,54,40,95,86,103,51,12,128,69" hai2="75,73,28,114,7,119,81,58,100,8,84,21,35" hai3="115,130,82,5,87,48,78,31,9,63,0,6,91"/><V38/><F35/><W50/><G130/><T111/><D134/><U106/><E106/><V53/><F119/><W131/><G115/><T96/><D65/><U113/><E128/><V92/><F114/><W123/><G123/><T112/><D112/><U72/><E113/><V55/><F38/><W61/><G131/><T39/><D127/><U15/><E72/><V93/><F73/><W59/><G31/><T90/><D83/><U135/><E135/><V20/><F75/><W11/><G78/><T17/><D39/><U22/><E69/><V110/><F110/><W60/><G59/><T126/><D126/><U57/><E118/><V34/><F34/><W107/><G107/><T108/><D10/><U67/><E116/><V25/><F21/><N who="1" m="7689" /><E40/><V24/><F24/><W66/><G66/><T102/><D102/><U43/><E43/><V80/><F100/><W44/><G44/><T77/><D77/><U125/><E125/><V132/><F132/><W71/><G71/><T37/><D37/><U56/><E103/><V4/><F81/><W27/><G27/><T13/><D36/><U99/><E99/><V1/><F7/><W18/><G18/><T89/><D46/><U133/><E133/><V85/><F85/><W64/><G64/><T101/><D120/><U79/><E79/><V29/><F29/><W26/><G26/><T32/><D111/><U45/><E45/><V68/><F68/><W42/><G42/><T124/><D109/><U104/><E104/><V47/><F47/><W41/><G41/><T76/><D124/><U14/><E86/><V30/><F84/><RYUUKYOKU ba="0,0" sc="286,-15,0,15,515,-15,199,15" hai1="12,14,15,51,54,56,57,62,67,95" hai3="0,5,6,9,11,48,50,60,61,63,82,87,91" /><INIT seed="7,1,0,3,5,130" ten="271,15,500,214" oya="3" hai0="75,67,42,83,93,88,73,65,96,125,26,121,118" hai1="68,64,94,15,22,85,35,128,18,36,32,52,116" hai2="109,27,8,78,119,45,132,19,80,53,106,51,71" hai3="92,133,95,113,115,127,124,6,40,107,62,29,34"/><W98/><G133/><T120/><D42/><U50/><E128/><V43/><F109/><W44/><G6/><T79/><D75/><U20/><E36/><V81/><F119/><W105/><G62/><T63/><D118/><U59/><E116/><V77/><F106/><N who="3" m="40459" /><G34/><T91/><D125/><N who="3" m="48201" /><G29/><T38/><D38/><U108/><E108/><V61/><F132/><W48/><G98/><T112/><D112/><AGARI ba="1,0" hai="40,44,48,92,95,112,113,115" m="48201,40459" machi="112" ten="40,3900,0" yaku="15,1,18,1" doraHai="130" who="3" fromWho="0" sc="271,-42,15,0,500,0,214,42" /><INIT seed="7,2,0,3,1,80" ten="229,15,500,256" oya="3" hai0="121,118,32,126,8,134,102,53,38,4,109,83,40" hai1="73,18,6,96,50,5,123,108,78,67,112,88,119" hai2="52,11,115,65,33,63,124,15,66,39,42,45,47" hai3="133,61,46,84,12,71,70,37,41,9,114,72,51"/><W132/><G72/><T99/><D109/><U26/><E112/><V30/><F115/><W20/><G114/><T49/><D121/><U14/><E108/><V56/><F124/><W34/><G34/><T10/><D126/><U54/><E123/><V104/><F104/><W87/><G20/><T3/><D32/><U57/><E119/><V2/><F2/><W74/><G74/><T98/><D118/><U68/><E73/><V135/><F135/><N who="3" m="51787" /><G51/><T28/><D28/><U107/><E78/><V97/><F97/><W86/><G61/><T21/><D134/><U16/><E107/><V128/><F128/><W60/><G60/><T77/><D10/><U130/><E130/><V79/><F79/><W58/><G58/><T122/><D122/><U76/><E76/><V106/><F106/><W23/><G23/><T24/><D38/><U116/><E116/><V94/><F94/><W81/><G81/><T129/><D129/><U13/><E26/><V125/><F125/><W85/><G86/><T7/><D102/><U19/><E68/><V31/><F47/><W36/><G37/><T89/><D40/><U64/><E64/><V111/><F111/><W127/><G127/><T43/><D43/><U131/><E67/><V93/><F93/><W117/><G117/><T27/><D27/><U48/><E50/><V105/><F105/><W113/><G113/><T17/><D77/><U25/><E131/><V103/><F33/><W90/><G90/><T29/><D29/><N who="2" m="10762" /><F103/><W95/><G95/><T59/><D7/><AGARI ba="2,0" hai="7,9,12,36,41,46,70,71,84,85,87" m="51787" machi="7" ten="30,11600,0" yaku="20,1,52,3" doraHai="80" who="3" fromWho="0" sc="229,-122,15,0,500,0,256,122" /><INIT seed="7,3,0,1,3,28" ten="107,15,500,378" oya="3" hai0="19,76,129,40,77,135,101,58,34,24,109,130,124" hai1="17,51,67,127,5,46,121,98,99,128,112,78,82" hai2="108,102,92,22,14,131,15,41,42,91,74,103,106" hai3="6,75,116,117,39,2,120,25,84,35,118,97,36"/><W71/><G120/><T11/><D109/><U69/><E121/><V27/><F74/><W59/><G59/><T21/><D124/><U26/><E127/><V65/><F131/><N who="0" m="50186" /><D34/><U114/><E128/><V125/><F125/><W43/><G84/><T18/><D135/><U53/><E5/><V94/><F108/><W50/><G50/><T88/><D101/><N who="2" m="38410" /><F106/><W134/><G97/><T52/><D40/><N who="2" m="15466" /><F65/><W4/><G134/><T83/><D11/><U80/><E67/><V55/><F55/><W60/><G75/><T9/><D9/><U64/><E64/><V61/><F61/><W68/><G6/><T62/><D19/><U89/><E112/><V111/><F111/><W20/><G20/><T110/><D110/><U90/><E114/><V81/><F81/><W44/><G39/><T57/><D57/><U0/><E82/><V30/><F94/><W126/><G60/><T8/><D8/><U105/><E80/><V104/><F104/><W47/><G47/><T54/><D54/><U10/><E105/><V66/><F66/><W32/><G126/><T7/><D7/><U86/><E53/><V1/><F1/><W73/><G73/><T33/><D33/><N who="3" m="12873" /><G25/><T100/><D100/><U123/><E0/><V48/><F48/><W87/><G87/><AGARI ba="3,0" hai="18,21,24,52,58,62,76,77,83,87,88" m="50186" machi="87" ten="30,3900,0" yaku="19,1,54,2" doraHai="28" who="0" fromWho="3" sc="107,48,15,0,500,0,378,-48" /><AGARI ba="3,0" hai="14,15,22,27,30,87,91,92" m="15466,38410" machi="87" ten="30,1000,0" yaku="8,1" doraHai="28" who="2" fromWho="3" sc="155,0,15,0,500,10,330,-10" owari="155,-24.0,15,-48.0,510,60.0,320,12.0" /></mjloggm>