<mjloggm ver="2.3"><GO type="225" lobby="0"/><UN n0="%E3%82%A6%E3%83%AB%E3%83%88%E3%83%A9%E7%AB%8B%E7%9B%B4" n1="%E3%83%9B%E3%83%B3%E3%82%A4%E3%83%84%E5%8E%A8" n2="%E5%A7%89%E5%B8%AF%E8%B1%8A%E9%9F%B3%40%E5%85%AD%E6%9B%9C" n3="%E4%BA%8C%E4%BB%A3%E7%9B%AE%E3%82%A2%E3%83%A1%E3%83%96%E3%83%A9" dan="17,17,16,17" rate="2153.53,2174.64,2104.08,2224.73" sx="M,M,F,M"/><TAIKYOKU oya="0"/><INIT seed="0,0,0,4,3,134" ten="250,250,250,250" oya="0" hai0="133,91,78,90,61,68,4,88,82,26,93,117,115" hai1="28,70,42,131,62,19,118,111,64,129,95,109,17" hai2="97,30,15,101,44,1,37,85,125,38,47,20,58" hai3="74,59,83,79,124,132,13,25,135,55,45,127,114"/><T73/><D4/><U105/><E105/><V107/><F1/><W71/><G114/><T113/><D68/><U3/><E3/><V76/><F37/><W10/><G25/><T66/><D26/><U99/><E118/><V89/><F38/><W24/><G24/><T5/><D5/><U106/><E106/><V120/><F30/><W104/><G45/><T116/><D61/><U34/><E42/><V81/><F120/><W16/><G104/><T18/><D18/><N who="1" m="6667" /><E34/><V2/><F20/><W23/><G71/><T128/><D66/><U46/><E46/><V31/><F15/><W122/><G122/><T86/><D133/><N who="3" m="51273" /><G23/><T69/><D69/><U33/><E28/><V27/><F27/><W112/><G112/><N who="0" m="43083" /><D128/><N who="1" m="49227" /><E33/><V126/><F2/><W77/><G79/><T130/><D130/><U100/><AGARI ba="0,0" hai="62,64,70,95,99,100,109,111" m="49227,6667" machi="100" ten="30,1100,0" yaku="19,1" doraHai="134" who="1" fromWho="1" sc="250,-5,250,11,250,-3,250,-3" /><INIT seed="1,0,0,3,0,1" ten="245,261,247,247" oya="1" hai0="83,82,6,110,74,53,106,32,133,131,98,100,94" hai1="125,86,73,40,107,68,116,61,96,93,59,88,122" hai2="45,63,64,130,54,62,126,78,111,47,121,2,31" hai3="104,38,50,113,49,105,67,14,34,46,27,101,28"/><U85/><E122/><V66/><F2/><W44/><G113/><T24/><D32/><U42/><E116/><V103/><F78/><W8/><G38/><T91/><D24/><U95/><E73/><V25/><F103/><W75/><G67/><T71/><D71/><U29/><E68/><V118/><F118/><W15/><G75/><T119/><D119/><U26/><E125/><V81/><F81/><W58/><G58/><T41/><D41/><U43/><E107/><V108/><F126/><W117/><G117/><T65/><D65/><N who="2" m="25194" /><F25/><W90/><G90/><T114/><D114/><U80/><E95/><V17/><F17/><W0/><G0/><T19/><D19/><U120/><E120/><V135/><F31/><W109/><G109/><N who="2" m="42057" /><F135/><W128/><G128/><T5/><D131/><U84/><E80/><V112/><F130/><W92/><G92/><T33/><D83/><U124/><E124/><V52/><F121/><W134/><G134/><T56/><D33/><U3/><E3/><V89/><F89/><W11/><G101/><T21/><D21/><U9/><E9/><V35/><F35/><W97/><G34/><T60/><D133/><U22/><E86/><V72/><F72/><W70/><G70/><T12/><D12/><U127/><E127/><V102/><F102/><W37/><G28/><T48/><D110/><U20/><E22/><V30/><F30/><W57/><G27/><T132/><D132/><U4/><E4/><N who="0" m="1641" /><D82/><U36/><E36/><V69/><F112/><W16/><G37/><T39/><D39/><U77/><E77/><V7/><F69/><RYUUKYOKU ba="0,0" sc="245,-10,261,30,247,-10,247,-10" hai1="20,26,29,40,42,43,59,61,84,85,88,93,96" /><INIT seed="1,1,0,1,2,72" ten="235,291,237,237" oya="1" hai0="52,39,27,134,8,43,42,83,120,3,118,48,86" hai1="82,26,29,30,108,103,64,102,123,84,125,25,85" hai2="12,101,62,34,128,20,113,132,41,111,9,126,7" hai3="49,88,54,116,44,60,87,107,18,69,14,100,67"/><U46/><E123/><V40/><F34/><W122/><G122/><T19/><D118/><U36/><E64/><V96/><F132/><W92/><G116/><T51/><D39/><U117/><E117/><V4/><F128/><W124/><G124/><T6/><D134/><U57/><E57/><V17/><F126/><W114/><G114/><T61/><D120/><U5/><E5/><V10/><F111/><W65/><G65/><T104/><D104/><U119/><E119/><V31/><F62/><W58/><G107/><T70/><D51/><U81/><E46/><V91/><F91/><W22/><REACH who="3" step="1"/><G100/><REACH who="3" ten="235,291,237,227" step="2"/><T21/><D70/><AGARI ba="1,1" hai="14,18,22,44,49,54,58,60,67,69,70,87,88,92" machi="70" ten="40,5200,0" yaku="1,1,2,1,54,1,53,0" doraHai="72" doraHaiUra="38" who="3" fromWho="0" sc="235,-55,291,0,237,0,227,65" /><INIT seed="2,0,0,1,1,61" ten="180,291,237,292" oya="2" hai0="93,83,94,98,59,31,82,27,19,25,107,133,52" hai1="66,13,73,3,14,74,12,90,125,124,26,129,20" hai2="50,105,55,84,49,5,122,22,78,11,75,35,91" hai3="104,58,96,111,114,33,118,109,130,117,103,86,113"/><V17/><F35/><W72/><G33/><T71/><D71/><U60/><E3/><V128/><F128/><W40/><G40/><T69/><D69/><U87/><E129/><V21/><F122/><W119/><G58/><T115/><D115/><N who="3" m="44041" /><G130/><T39/><D39/><U18/><E90/><V7/><F105/><W28/><G28/><T99/><D107/><U68/><REACH who="1" step="1"/><E87/><REACH who="1" ten="180,281,237,292" step="2"/><V57/><F91/><W131/><G131/><T110/><D110/><N who="3" m="41993" /><G86/><T135/><D31/><U47/><E47/><V95/><F84/><W63/><G63/><N who="0" m="36327" /><D135/><U126/><AGARI ba="0,1" hai="12,13,14,18,20,26,60,66,68,73,74,124,125,126" machi="126" ten="40,8000,1" yaku="1,1,0,1,18,1,52,1,53,0" doraHai="61" doraHaiUra="101" who="1" fromWho="1" sc="180,-20,281,90,237,-40,292,-20" /><INIT seed="3,0,0,4,2,80" ten="160,371,197,272" oya="3" hai0="61,48,123,59,88,39,90,64,41,13,27,65,75" hai1="96,63,132,121,115,52,3,72,60,78,6,2,45" hai2="93,133,103,18,53,118,130,111,7,102,82,8,28" hai3="107,46,129,92,55,1,54,94,95,83,97,25,79"/><W20/><G1/><T109/><D123/><U125/><E121/><V14/><F118/><W44/><G107/><T67/><D75/><U128/><E115/><V43/><F43/><W35/><G35/><T16/><D39/><U113/><E113/><V34/><F133/><W70/><G70/><T42/><D27/><U81/><E132/><V29/><F130/><W12/><G12/><T116/><D109/><U71/><E125/><V127/><F111/><W69/><G69/><T91/><D116/><U84/><E96/><V106/><F106/><W68/><G68/><T49/><D42/><U135/><E135/><V0/><F29/><W38/><G129/><T17/><D17/><U56/><E128/><V76/><F93/><W122/><G122/><T26/><D26/><U110/><E110/><V117/><F53/><W131/><G97/><T74/><D74/><U66/><E6/><V9/><F127/><W58/><G131/><T15/><D15/><U134/><E134/><V32/><F32/><W77/><G38/><T30/><D30/><U5/><E5/><V37/><F37/><W4/><G4/><T86/><D86/><U101/><E101/><V22/><F9/><W62/><G54/><N who="0" m="34039" /><D41/><U105/><E105/><V120/><F117/><W124/><G124/><T50/><D67/><U57/><E45/><N who="3" m="17514" /><G83/><T31/><D31/><AGARI ba="0,0" hai="20,25,31,55,58,62,77,79,92,94,95" m="17514" machi="31" ten="30,1500,0" yaku="8,1" doraHai="80" who="3" fromWho="0" sc="160,-15,371,0,197,0,272,15" /><INIT seed="3,1,0,4,0,80" ten="145,371,197,287" oya="3" hai0="53,66,78,91,59,60,11,103,131,106,3,74,24" hai1="95,99,125,42,102,51,45,58,73,70,116,132,30" hai2="40,50,34,23,29,118,16,46,69,82,110,117,92" hai3="115,130,126,48,21,76,64,35,97,100,71,56,98"/><W113/><G35/><T111/><D111/><U90/><E70/><V75/><F69/><W135/><G71/><T128/><D78/><U41/><E73/><V4/><F110/><W89/><G135/><T120/><D74/><U7/><E125/><V105/><F105/><W65/><G126/><T47/><D120/><U27/><E132/><V85/><F75/><W124/><G124/><T134/><D134/><U121/><E121/><V96/><F4/><W20/><G130/><T31/><D103/><U55/><E7/><V14/><F29/><W81/><G115/><T33/><D106/><U133/><E133/><V28/><F28/><W6/><G6/><T68/><D3/><U67/><E116/><V5/><F5/><W19/><G113/><T52/><D11/><U86/><E67/><N who="3" m="25674" /><G76/><T10/><D10/><U62/><E41/><V77/><REACH who="2" step="1"/><F34/><REACH who="2" ten="145,371,187,287" step="2"/><W107/><G107/><T122/><D122/><U39/><E39/><V119/><F119/><W12/><G100/><AGARI ba="1,1" hai="14,16,23,40,46,50,77,82,85,92,96,100,117,118" machi="100" ten="30,8000,1" yaku="1,1,7,1,52,1,54,1,53,1" doraHai="80" doraHaiUra="36" who="2" fromWho="3" sc="145,0,371,0,187,93,287,-83" owari="145,-35.0,371,47.0,280,8.0,204,-20.0" /></mjloggm>