<mjloggm ver="2.3"><GO type="169" lobby="0"/><UN n0="%E3%81%88%E3%81%B3%E3%81%99%39%2F%39" n1="%E5%B0%B1%E6%B4%BB%E7%94%9F%40%E5%B7%9D%E6%9D%91%E8%BB%8D%E5%9B%A3" n2="%E3%81%84%E3%81%AA%E3%81%97%E3%82%93%E3%80%82" n3="%E3%83%95%E3%83%AA%E3%83%BC%E3%82%B6%E6%A7%98" dan="17,18,16,17" rate="2201.44,2322.00,2039.40,2178.17" sx="M,M,F,M"/><TAIKYOKU oya="0"/><INIT seed="0,0,0,2,3,64" ten="250,250,250,250" oya="0" hai0="39,50,87,1,70,34,33,20,121,29,94,44,133" hai1="53,127,2,132,48,105,45,27,101,6,116,8,106" hai2="95,93,57,74,0,17,19,65,124,96,21,110,7" hai3="88,58,112,62,85,125,36,67,72,77,13,90,119"/><T98/><D121/><U28/><E116/><V111/><F74/><W75/><G112/><T35/><D1/><U54/><E127/><V56/><F124/><W122/><G125/><T107/><D39/><U38/><E132/><V76/><F76/><W25/><G119/><T103/><D133/><U37/><E53/><V80/><F80/><W100/><G36/><T12/><D70/><U22/><E38/><V15/><F0/><W81/><G122/><T128/><D128/><U59/><E101/><V131/><F7/><W86/><G100/><T46/><D50/><U69/><E37/><V126/><F126/><W32/><G13/><T51/><D51/><U60/><REACH who="1" step="1"/><E69/><REACH who="1" ten="250,240,250,250" step="2"/><V109/><F131/><W129/><G129/><T83/><D107/><U89/><E89/><N who="2" m="55343" /><F65/><W97/><G90/><T5/><D5/><U40/><AGARI ba="0,1" hai="2,6,8,22,27,28,40,45,48,54,59,60,105,106" machi="40" ten="20,5200,0" yaku="1,1,0,1,7,1,53,1" doraHai="64" doraHaiUra="16" who="1" fromWho="1" sc="250,-26,240,62,250,-13,250,-13" /><INIT seed="1,0,0,0,1,98" ten="224,302,237,237" oya="1" hai0="105,86,93,122,121,52,74,79,48,50,134,111,19" hai1="92,120,40,129,5,32,133,29,119,95,73,87,85" hai2="115,70,25,56,61,81,17,4,22,130,106,102,90" hai3="7,104,117,124,107,54,35,27,57,49,113,108,3"/><U60/><E73/><V127/><F127/><W33/><G113/><T83/><D111/><U26/><E120/><V12/><F130/><W8/><G108/><T45/><D134/><U96/><E119/><V69/><F115/><W51/><G124/><T58/><D105/><U38/><E129/><V68/><F106/><W65/><G117/><T99/><D19/><U14/><E133/><V112/><F112/><W53/><G65/><T43/><REACH who="0" step="1"/><D74/><REACH who="0" ten="214,302,237,237" step="2"/><U23/><E5/><V11/><F81/><W132/><G132/><T135/><D135/><U15/><E15/><V1/><F90/><AGARI ba="0,1" hai="43,45,48,50,52,58,79,83,86,90,93,99,121,122" machi="90" ten="40,5200,0" yaku="1,1,54,1,53,1" doraHai="98" doraHaiUra="82" who="0" fromWho="2" sc="214,62,302,0,237,-52,237,0" /><INIT seed="2,0,0,4,3,129" ten="276,302,185,237" oya="2" hai0="95,81,83,5,49,22,19,46,120,12,34,41,112" hai1="43,93,26,61,87,42,110,24,0,124,37,38,51" hai2="28,106,55,7,74,36,1,79,54,80,8,117,135" hai3="75,68,98,32,60,11,69,121,114,59,27,52,116"/><V77/><F117/><W48/><G116/><T50/><D120/><U101/><E0/><V2/><F106/><W94/><G121/><T131/><D131/><U62/><E87/><V3/><F79/><W33/><G75/><T58/><D112/><U21/><E21/><V20/><F36/><W107/><G114/><T90/><D34/><U97/><E51/><V18/><F28/><W45/><G107/><T126/><D5/><U9/><E9/><V82/><F82/><W25/><G11/><T23/><D23/><U40/><E110/><V47/><F135/><W89/><G33/><T133/><D133/><U91/><E101/><V16/><F18/><W10/><G10/><T78/><D78/><U109/><E109/><V92/><F92/><W132/><G132/><T99/><REACH who="0" step="1"/><D126/><REACH who="0" ten="266,302,185,237" step="2"/><U35/><E124/><V6/><F6/><W84/><G32/><T127/><D127/><U86/><E35/><V115/><F115/><W70/><REACH who="3" step="1"/><G98/><REACH who="3" ten="266,302,185,227" step="2"/><T108/><D108/><U53/><E97/><V29/><F29/><W73/><G73/><T4/><D4/><U119/><E119/><V123/><F123/><W13/><G13/><T104/><D104/><U113/><E113/><V105/><F105/><W57/><G57/><T128/><D128/><U15/><E15/><N who="2" m="9247" /><F47/><W66/><AGARI ba="0,2" hai="25,27,45,48,52,59,60,66,68,69,70,84,89,94" machi="66" ten="30,4000,0" yaku="1,1,0,1,54,1,53,0" doraHai="129" doraHaiUra="130" who="3" fromWho="3" sc="266,-10,302,-10,185,-20,227,60" /><INIT seed="3,0,0,2,4,61" ten="256,292,165,287" oya="3" hai0="64,1,107,39,133,122,80,127,4,26,14,84,128" hai1="40,53,24,57,28,120,71,0,43,132,105,25,6" hai2="125,30,77,94,110,2,31,74,114,113,8,33,19" hai3="34,130,85,90,37,124,102,68,3,89,96,52,65"/><W9/><G37/><T88/><D122/><U21/><E105/><V112/><F94/><W38/><G38/><T83/><D39/><U46/><E120/><V123/><F77/><W79/><G34/><T100/><D1/><U106/><E106/><V81/><F81/><W66/><G68/><T7/><D127/><U119/><E71/><V50/><F50/><W104/><G124/><T23/><D128/><U121/><E121/><V44/><F44/><W22/><G130/><T42/><D42/><U12/><E0/><V116/><F74/><W10/><G79/><T36/><D36/><U60/><E132/><V13/><F123/><W72/><G72/><T55/><D133/><U93/><E119/><V17/><F125/><W115/><G115/><T48/><D80/><U51/><E93/><V59/><F59/><W69/><G69/><T20/><D64/><N who="3" m="24681" /><G3/><T67/><D67/><N who="1" m="39311" /><E25/><V29/><F116/><W5/><G22/><T134/><D134/><U32/><E32/><V92/><F92/><N who="3" m="54319" /><G90/><T49/><D107/><U117/><E117/><V27/><F110/><W118/><G118/><T82/><D100/><U70/><E70/><V78/><F78/><W86/><G86/><N who="0" m="50263" /><D23/><U56/><E56/><V135/><F135/><W101/><G101/><T45/><D83/><U99/><E99/><V126/><F126/><W63/><G5/><T76/><D76/><U109/><E109/><V16/><F2/><W15/><G15/><T97/><D14/><U11/><AGARI ba="0,0" hai="6,11,12,21,24,28,40,43,46,51,53" m="39311" machi="11" ten="30,2000,0" yaku="8,1,52,1" doraHai="61" who="1" fromWho="1" sc="256,-5,292,20,165,-5,287,-10" /><INIT seed="4,0,0,4,3,35" ten="251,312,160,277" oya="0" hai0="6,84,88,66,61,87,36,97,48,41,129,90,96" hai1="98,59,11,4,128,0,133,13,47,70,130,131,38" hai2="7,134,99,54,71,21,125,95,12,103,39,51,80" hai3="106,43,55,29,53,9,62,75,33,92,74,94,57"/><T28/><D129/><U100/><E133/><V82/><F134/><W31/><G106/><T2/><D36/><U3/><E70/><V122/><F122/><W116/><G116/><T72/><D72/><U67/><E67/><V34/><F125/><W14/><G43/><T83/><D28/><N who="3" m="10825" /><G33/><T105/><D105/><N who="1" m="63639" /><E59/><V24/><F71/><W93/><G75/><T27/><D27/><U17/><E17/><V15/><F39/><W10/><G74/><T113/><D113/><U112/><E112/><V86/><F34/><W37/><G37/><T85/><D85/><U110/><E110/><V63/><F63/><W23/><G55/><T77/><D77/><U44/><E38/><V1/><F80/><W5/><G10/><T124/><D124/><U56/><E56/><N who="2" m="32863" /><F1/><AGARI ba="0,0" hai="0,1,3,4,11,13,44,47,128,130,131" m="63639" machi="1" ten="40,8000,1" yaku="19,1,52,3" doraHai="35" who="1" fromWho="2" sc="251,0,312,80,160,-80,277,0" /><INIT seed="5,0,0,2,4,62" ten="251,392,80,277" oya="1" hai0="133,58,52,73,24,44,111,57,109,135,47,130,69" hai1="17,23,40,70,103,120,104,132,124,71,117,85,119" hai2="36,51,122,1,43,67,18,16,50,9,110,0,53" hai3="25,63,84,95,128,97,88,92,106,2,118,116,78"/><U35/><E35/><V15/><F122/><W77/><G2/><T98/><D73/><U7/><E7/><V74/><F74/><W126/><G25/><T99/><D69/><U123/><E85/><V65/><F110/><N who="0" m="41994" /><D24/><U33/><E33/><V31/><F31/><W10/><G10/><T11/><D11/><U101/><E40/><V82/><F82/><W127/><G63/><T21/><D21/><U42/><E42/><V30/><F30/><W108/><G106/><T131/><D98/><U68/><E104/><V79/><F79/><N who="3" m="30219" /><G128/><N who="0" m="49195" /><D99/><U27/><E71/><V96/><F96/><W102/><G108/><T107/><D107/><U32/><E32/><V19/><F36/><W113/><G113/><T5/><D5/><U105/><E105/><V100/><F100/><W6/><G6/><T28/><D28/><U134/><E23/><V13/><F43/><W80/><G80/><T3/><D3/><N who="2" m="1098" /><F53/><W93/><G95/><T112/><D112/><U76/><E27/><V26/><F26/><W22/><G22/><T61/><D58/><U115/><E76/><V60/><F60/><W89/><G102/><T86/><D86/><U29/><E115/><V56/><F56/><W45/><G45/><AGARI ba="0,0" hai="44,45,47,52,57,61,133,135" m="49195,41994" machi="45" ten="40,8000,1" yaku="19,1,34,2,54,1" doraHai="62" who="0" fromWho="3" sc="251,80,392,0,80,0,277,-80" /><INIT seed="6,0,0,3,1,122" ten="331,392,80,197" oya="2" hai0="113,121,67,70,9,21,109,41,91,66,14,135,81" hai1="50,60,56,37,90,71,120,131,76,11,78,126,4" hai2="27,97,33,46,119,82,123,111,89,85,130,129,73" hai3="115,44,16,74,35,53,38,99,133,102,52,49,34"/><V107/><F123/><W48/><G74/><T96/><D121/><U94/><E37/><V54/><F119/><W103/><G38/><T57/><D70/><U108/><E108/><V116/><F116/><W10/><G133/><T68/><D68/><U40/><E71/><V17/><F73/><W61/><G61/><T43/><D109/><U0/><E126/><V92/><F111/><W24/><G115/><T110/><D135/><U112/><E112/><V28/><F107/><W77/><G77/><T118/><D118/><U25/><E25/><V87/><F87/><W32/><G99/><T93/><D113/><U8/><E8/><V101/><REACH who="2" step="1"/><F17/><REACH who="2" ten="331,392,70,197" step="2"/><W88/><G88/><T20/><D110/><U45/><E120/><V105/><F105/><W1/><G1/><T55/><D91/><U98/><E131/><V12/><F12/><W42/><G16/><T30/><D14/><U29/><E29/><V132/><F132/><W65/><G102/><T84/><D30/><U23/><E23/><V13/><F13/><W64/><G103/><T31/><D21/><U26/><E26/><V51/><AGARI ba="0,1" hai="27,28,33,46,51,54,82,85,89,92,97,101,129,130" machi="51" ten="30,3000,0" yaku="1,1,0,1,53,0" doraHai="122" doraHaiUra="7" who="2" fromWho="2" sc="331,-10,392,-10,70,40,197,-10" /><INIT seed="6,1,0,2,5,123" ten="321,382,110,187" oya="2" hai0="80,4,5,1,87,110,3,91,121,20,135,27,78" hai1="106,122,75,79,76,118,42,22,36,70,72,35,12" hai2="71,11,43,83,60,77,111,85,28,68,39,97,95" hai3="104,2,0,101,13,40,7,52,34,58,18,50,69"/><V98/><F28/><W74/><G74/><T32/><D121/><U30/><E106/><V33/><F33/><W88/><G69/><T45/><D110/><U133/><E70/><V100/><F111/><W44/><G34/><T66/><D32/><U84/><E35/><V37/><F71/><W86/><G104/><T65/><D135/><U25/><E133/><V8/><F43/><W15/><G101/><T102/><D102/><U112/><E118/><V115/><F115/><W9/><G15/><T89/><D3/><U56/><E56/><V48/><F48/><W55/><G7/><N who="0" m="2635" /><D45/><U6/><E42/><V51/><F51/><W63/><G40/><T41/><D41/><U116/><E36/><V16/><F98/><W90/><G90/><N who="0" m="34315" /><D1/><U61/><E122/><V62/><F8/><W64/><G64/><T10/><D10/><U125/><E61/><V93/><F93/><AGARI ba="1,0" hai="0,2,9,13,18,44,50,52,55,58,63,86,88,93" machi="93" ten="30,3900,0" yaku="7,1,54,2" doraHai="123" who="3" fromWho="2" sc="321,0,382,0,110,-42,187,42" /><INIT seed="7,0,0,4,0,126" ten="321,382,68,229" oya="3" hai0="135,63,101,8,52,124,116,15,54,104,29,66,67" hai1="88,62,2,38,19,10,59,20,130,37,45,35,40" hai2="108,65,131,92,122,72,16,112,99,51,98,9,27" hai3="94,109,89,85,117,49,60,111,58,127,7,129,106"/><W82/><G117/><T11/><D124/><U48/><E130/><V71/><F108/><N who="3" m="41547" /><G127/><T133/><D116/><U91/><E35/><V34/><F122/><W44/><G106/><T14/><D29/><U24/><E38/><V36/><F36/><W114/><G7/><T18/><D101/><U123/><E37/><V31/><F72/><W4/><G4/><T119/><D119/><U32/><E32/><V125/><F125/><W75/><G114/><T93/><D93/><U13/><E2/><V73/><F73/><W57/><G60/><T56/><D104/><U113/><E113/><V103/><F112/><W134/><G134/><N who="0" m="51211" /><D67/><N who="1" m="39391" /><E123/><V132/><F132/><W12/><G12/><T81/><D81/><U95/><E95/><V23/><F99/><N who="3" m="57807" /><G75/><T90/><D90/><U22/><E22/><V61/><F51/><W128/><G58/><T39/><D39/><U69/><E69/><V46/><F46/><W110/><G57/><T42/><D42/><U97/><E97/><V64/><F64/><W25/><G25/><T41/><D41/><U26/><E26/><V5/><F5/><AGARI ba="0,0" hai="5,8,11,14,15,18,52,54,56,63,66" m="51211" machi="5" ten="30,2000,0" yaku="20,1,54,1" doraHai="126" who="0" fromWho="2" sc="321,20,382,0,68,-20,229,0" /><AGARI ba="0,0" hai="5,10,13,19,20,24,40,45,48,88,91" m="39391" machi="5" ten="30,2000,0" yaku="8,1,54,1" doraHai="126" who="1" fromWho="2" sc="341,0,382,20,48,-20,229,0" owari="341,14.0,402,50.0,28,-47.0,229,-17.0" /></mjloggm>