<mjloggm ver="2.3"><GO type="169" lobby="0"/><UN n0="%E5%B0%B1%E6%B4%BB%E7%94%9F%40%E5%B7%9D%E6%9D%91%E8%BB%8D%E5%9B%A3" n1="%28%E3%81%A3%27%E3%83%AE%27%63%29" n2="%E3%81%B5%E3%81%8B%E3%81%A4%E3%81%81%E3%83%BC" n3="%74%61%74%73%75%37%30%32" dan="17,17,16,17" rate="2214.92,2186.02,2130.77,2208.99" sx="M,F,M,M"/><TAIKYOKU oya="0"/><INIT seed="0,0,0,2,1,79" ten="250,250,250,250" oya="0" hai0="24,116,35,91,132,108,74,71,14,94,64,26,11" hai1="129,22,77,48,16,88,86,63,122,125,114,30,109" hai2="60,15,3,67,84,37,118,126,57,53,19,100,0" hai3="128,43,47,134,4,59,72,31,8,44,120,104,95"/><T61/><D116/><U32/><E122/><V106/><F118/><W113/><G120/><T123/><D123/><U9/><E109/><V87/><F37/><W34/><G113/><T25/><D132/><U1/><E114/><V124/><F106/><W5/><G104/><T69/><D108/><U17/><E125/><N who="2" m="48235" /><F100/><W112/><G112/><T107/><D107/><U89/><E129/><V21/><F67/><W18/><G128/><T27/><D74/><U76/><E63/><V102/><F102/><W127/><G72/><T98/><N who="0" m="6656" /><DORA hai="29" /><T52/><D52/><U41/><E30/><V110/><F110/><W111/><G44/><T66/><D66/><U50/><E86/><AGARI ba="0,0" hai="0,3,15,19,21,53,57,60,84,86,87" m="48235" machi="86" ten="30,1000,0" yaku="18,1" doraHai="79,29" who="2" fromWho="1" sc="250,0,250,-10,250,10,250,0" /><INIT seed="1,0,0,4,4,101" ten="250,240,260,250" oya="1" hai0="102,29,60,59,92,2,90,12,19,125,79,49,46" hai1="33,31,6,135,48,1,17,70,113,105,37,108,112" hai2="38,10,25,40,4,13,82,83,23,32,80,132,26" hai3="129,116,14,94,47,96,98,30,51,22,27,54,121"/><U15/><E37/><V123/><F123/><W76/><G129/><T89/><D2/><U9/><E70/><V117/><F117/><W66/><G121/><T81/><D125/><U3/><E135/><V36/><F132/><W71/><G116/><T35/><D35/><U16/><E48/><V127/><F127/><W7/><G71/><T44/><D29/><U11/><E105/><V88/><F40/><W65/><G76/><T84/><D102/><U104/><E104/><V68/><F68/><W55/><G98/><T130/><D130/><U62/><E62/><V114/><F114/><N who="1" m="44137" /><E108/><V120/><F120/><W56/><G7/><T45/><D49/><U42/><E42/><V86/><F32/><W131/><G14/><T64/><REACH who="0" step="1"/><D92/><REACH who="0" ten="240,240,260,250" step="2"/><U77/><E77/><V41/><F38/><W107/><G107/><T18/><D18/><N who="1" m="8575" /><E1/><V134/><F36/><W106/><G106/><T43/><D43/><U115/><E115/><V97/><F41/><W100/><G131/><T50/><D50/><AGARI ba="0,1" hai="22,27,30,47,50,51,54,55,56,65,66,94,96,100" machi="50" ten="30,2000,0" yaku="7,1,8,1" doraHai="101" who="3" fromWho="0" sc="240,-20,240,0,260,0,250,30" /><INIT seed="2,0,0,4,4,100" ten="220,240,260,280" oya="2" hai0="111,71,21,37,43,61,44,68,25,50,119,11,109" hai1="83,122,56,97,70,41,12,31,69,84,19,118,77" hai2="34,89,82,65,14,57,114,67,52,32,4,51,35" hai3="16,54,26,90,135,28,95,112,23,107,105,7,129"/><V81/><F114/><W58/><G112/><T74/><D74/><U101/><E118/><V88/><F81/><W72/><G72/><T134/><D11/><U6/><E122/><V102/><F102/><W13/><G129/><T133/><D25/><U85/><E31/><V92/><F82/><W108/><G108/><N who="0" m="41547" /><D21/><U24/><E85/><V48/><F48/><W130/><G135/><N who="0" m="51723" /><D119/><U39/><E56/><V20/><F89/><W49/><G130/><T99/><D99/><U66/><E66/><V29/><F4/><W121/><G121/><T106/><D106/><U125/><E24/><V126/><F126/><W0/><G0/><T63/><D50/><U2/><E2/><V1/><F1/><W47/><G47/><T76/><D76/><U40/><E6/><V80/><F80/><W45/><G45/><T33/><D33/><U79/><E79/><V15/><F29/><W115/><G115/><T73/><D73/><U78/><E78/><V116/><F116/><W120/><G120/><T113/><D113/><U5/><E5/><V103/><F103/><W60/><G60/><AGARI ba="0,0" hai="37,43,44,60,61,63,68,71" m="51723,41547" machi="60" ten="30,7700,0" yaku="14,1,20,1,34,2" doraHai="100" who="0" fromWho="3" sc="220,77,240,0,260,0,280,-77" /><INIT seed="3,0,0,3,2,71" ten="297,240,260,203" oya="3" hai0="35,87,121,132,15,19,0,2,39,105,18,80,123" hai1="46,131,40,36,90,51,47,114,119,103,63,52,70" hai2="88,112,68,66,7,79,129,118,89,130,77,65,33" hai3="93,12,111,11,127,73,59,26,94,24,116,23,120"/><W100/><G73/><T62/><D105/><U69/><E103/><V29/><F118/><W61/><G120/><T113/><D35/><U86/><E119/><V21/><F33/><W95/><G116/><T45/><D132/><U27/><E114/><V50/><F112/><W110/><G127/><T124/><D124/><U6/><E131/><N who="2" m="50187" /><F7/><W55/><G100/><T92/><D92/><U106/><E106/><V104/><F104/><W8/><G26/><T13/><D62/><U108/><E108/><N who="3" m="41514" /><G12/><T84/><D45/><U72/><E72/><V17/><F29/><AGARI ba="0,0" hai="8,11,23,24,29,55,59,61,93,94,95" m="41514" machi="29" ten="30,2900,0" yaku="14,1,10,1" doraHai="71" who="3" fromWho="2" sc="297,0,240,0,260,-29,203,29" /><INIT seed="3,1,0,5,1,54" ten="297,240,231,232" oya="3" hai0="22,68,97,3,109,123,127,58,63,130,132,79,64" hai1="15,117,77,2,81,70,80,11,12,106,73,88,16" hai2="95,119,30,6,24,84,69,9,128,100,129,105,66" hai3="98,29,33,115,36,13,0,65,120,103,118,111,124"/><W42/><G115/><T31/><D3/><U134/><E106/><V34/><F119/><W85/><G118/><T32/><D32/><U10/><E117/><V39/><F84/><W18/><G120/><T17/><D123/><U59/><E70/><V102/><F95/><W133/><G124/><T45/><D109/><U61/><E2/><N who="2" m="215" /><F39/><W5/><G111/><T4/><D4/><U41/><E41/><V46/><F46/><W92/><G133/><T47/><D31/><U37/><E37/><V40/><F40/><W49/><G36/><T67/><D79/><U55/><E134/><V38/><F38/><W57/><G0/><T72/><D72/><U21/><REACH who="1" step="1"/><E15/><REACH who="1" ten="297,230,231,232" step="2"/><V28/><F105/><W1/><G1/><T26/><D132/><U93/><E93/><V7/><F69/><W87/><G42/><T20/><D68/><U62/><E62/><V121/><F121/><W25/><G5/><T44/><D63/><U101/><E101/><V56/><F7/><W78/><G78/><T76/><D76/><U74/><E74/><V99/><F100/><W90/><G103/><T104/><D104/><U50/><E50/><V125/><F102/><W23/><REACH who="3" step="1"/><G49/><REACH who="3" ten="297,230,231,222" step="2"/><T96/><D127/><U51/><E51/><V19/><F125/><W86/><G86/><AGARI ba="1,2" hai="10,11,12,16,21,55,59,61,73,77,80,81,86,88" machi="86" ten="40,8000,1" yaku="1,1,52,1,54,2,53,1" doraHai="54" doraHaiUra="8" who="1" fromWho="3" sc="297,0,230,103,231,0,222,-83" /><INIT seed="4,0,0,4,0,25" ten="297,333,231,139" oya="0" hai0="76,131,65,63,118,121,62,54,86,58,5,108,105" hai1="44,90,33,69,84,134,28,24,30,135,22,26,109" hai2="103,20,82,116,92,112,126,124,93,75,66,29,123" hai3="51,48,74,101,41,45,15,77,79,16,2,21,132"/><T119/><D105/><U55/><E69/><V11/><F123/><W128/><G2/><T57/><D5/><U42/><E55/><V50/><F66/><W10/><G74/><T130/><D76/><U95/><REACH who="1" step="1"/><E109/><REACH who="1" ten="297,323,231,139" step="2"/><V73/><F124/><W120/><G120/><T53/><D121/><U106/><E106/><V23/><F126/><W60/><G128/><N who="0" m="49195" /><D108/><U4/><E4/><V129/><F129/><W13/><G132/><T0/><D0/><U81/><E81/><V35/><F82/><W61/><G101/><T104/><D104/><U70/><E70/><V96/><F103/><W47/><G61/><N who="0" m="36015" /><D86/><U80/><E80/><V38/><F75/><W40/><REACH who="3" step="1"/><G60/><REACH who="3" ten="297,323,231,129" step="2"/><T89/><D89/><U9/><E9/><V115/><F11/><W68/><G68/><AGARI ba="0,2" hai="54,58,62,63,65,68,118,119" m="36015,49195" machi="68" ten="30,5800,0" yaku="19,1,34,2" doraHai="25" who="0" fromWho="3" sc="297,78,323,0,231,0,129,-58" /><INIT seed="4,1,0,4,1,85" ten="375,323,231,71" oya="0" hai0="122,71,22,69,11,30,113,55,68,29,73,86,91" hai1="93,75,37,62,38,127,39,34,83,108,26,48,52" hai2="65,42,77,128,4,121,115,80,120,44,101,82,54" hai3="119,81,70,124,17,18,63,89,47,0,131,111,97"/><T94/><D122/><U5/><E108/><V50/><F115/><W21/><G111/><T72/><D113/><U35/><E127/><V123/><F128/><W13/><G124/><T58/><D11/><U9/><E62/><V46/><F65/><W79/><G131/><T106/><D106/><U23/><E75/><V32/><F32/><W84/><G119/><T1/><D1/><U132/><E83/><V125/><F125/><W100/><G0/><T99/><D22/><U41/><E41/><V118/><F118/><W133/><G133/><T64/><D64/><U60/><E60/><V107/><F4/><W16/><G70/><T66/><D66/><U116/><E132/><V78/><F107/><W67/><G67/><T126/><D126/><U2/><E93/><V10/><F10/><W117/><G63/><T98/><D98/><U130/><E116/><V59/><F101/><W74/><G47/><T6/><D6/><U31/><REACH who="1" step="1"/><E130/><REACH who="1" ten="375,313,231,71" step="2"/><V90/><F82/><W112/><G117/><T102/><D72/><U45/><AGARI ba="1,1" hai="2,5,9,23,26,31,34,35,37,38,39,45,48,52" machi="45" ten="30,8000,1" yaku="1,1,2,1,0,1,54,1,53,1" doraHai="85" doraHaiUra="7" who="1" fromWho="1" sc="375,-41,313,93,231,-21,71,-21" /><INIT seed="5,0,0,2,5,94" ten="334,406,210,50" oya="1" hai0="118,105,109,17,62,5,66,40,88,128,112,67,72" hai1="60,45,91,55,84,87,46,1,120,2,93,41,100" hai2="114,107,68,69,61,117,135,119,0,19,54,104,122" hai3="113,86,98,42,129,59,83,63,133,89,26,108,9"/><U103/><E120/><V92/><F122/><W75/><G108/><T97/><D72/><U50/><E84/><V32/><F0/><W44/><G129/><T30/><D5/><U35/><E35/><V14/><F92/><W126/><G113/><T78/><D78/><U125/><E125/><V15/><F19/><W74/><G126/><T20/><D30/><U13/><E1/><V134/><F54/><W3/><G133/><T23/><D40/><U73/><E73/><V130/><F32/><W116/><G116/><T111/><D62/><U127/><E2/><V28/><F61/><W76/><G26/><T110/><D17/><U10/><E127/><V79/><F79/><W18/><G75/><T82/><D112/><U131/><E131/><V77/><F77/><W47/><G47/><T102/><D128/><U81/><E93/><V96/><F130/><W29/><G29/><T31/><D31/><U123/><E123/><V25/><F28/><W57/><G63/><T37/><D118/><U101/><E60/><V65/><F114/><W58/><G18/><T51/><D37/><U70/><E70/><V124/><F124/><W106/><G86/><N who="0" m="50263" /><D51/><U22/><E22/><N who="0" m="8233" /><D66/><U6/><E41/><V71/><F71/><W64/><G64/><T4/><D67/><U53/><E53/><V38/><F65/><W16/><G16/><T99/><D4/><U52/><E55/><V90/><F117/><W85/><G85/><T24/><D24/><U8/><E45/><V27/><F119/><W48/><G106/><N who="0" m="63823" /><D110/><U21/><E21/><V36/><F90/><W11/><G3/><RYUUKYOKU ba="0,0" sc="334,0,406,0,210,0,50,0" hai0="99,105,109,111" hai1="6,8,10,13,46,50,52,81,87,91,100,101,103" hai2="14,15,25,27,36,38,68,69,96,104,107,134,135" hai3="9,11,42,44,48,57,58,59,74,76,83,89,98" /><INIT seed="5,1,0,1,0,108" ten="334,406,210,50" oya="1" hai0="45,0,12,38,63,118,76,52,32,101,10,87,130" hai1="60,116,8,20,124,79,4,3,15,72,58,97,133" hai2="5,14,103,48,34,29,127,99,129,46,84,95,92" hai3="91,62,125,73,42,81,113,67,71,132,82,36,40"/><U88/><E116/><V70/><F70/><W75/><G125/><T16/><D0/><U117/><E117/><V105/><F127/><W89/><G132/><T85/><D118/><U1/><E124/><V39/><F129/><W35/><G71/><T122/><D130/><U26/><E133/><V107/><F39/><W111/><G36/><T49/><D32/><U30/><E72/><V112/><F112/><W31/><G35/><T83/><D38/><U57/><E79/><V7/><F34/><W115/><G62/><T54/><D122/><U102/><E88/><V69/><F29/><W121/><G31/><T37/><D37/><U80/><E80/><V9/><F69/><W25/><G25/><T94/><D63/><U33/><E33/><V110/><F110/><W68/><G68/><T114/><D114/><U28/><E28/><V51/><F5/><W65/><REACH who="3" step="1"/><G111/><REACH who="3" ten="334,406,210,40" step="2"/><T78/><D78/><U19/><E60/><V21/><F51/><W6/><G6/><T2/><D2/><U55/><E1/><V64/><F48/><W109/><G109/><T56/><D54/><U18/><E55/><V96/><F7/><W11/><G11/><T24/><D24/><U86/><E8/><V135/><F9/><W43/><G43/><T106/><D49/><U77/><E3/><V120/><F135/><W22/><G22/><T50/><D56/><U131/><E57/><V44/><F21/><W13/><G13/><T104/><D50/><U100/><E58/><V23/><F14/><W93/><G93/><T47/><D12/><U41/><E15/><V59/><F23/><RYUUKYOKU ba="1,1" sc="334,-10,406,-10,210,-10,40,30" hai3="40,42,65,67,73,75,81,82,89,91,113,115,121" /><INIT seed="6,2,1,2,2,70" ten="324,396,200,70" oya="2" hai0="39,107,66,79,63,92,40,86,80,31,49,14,121" hai1="131,30,123,28,134,105,71,96,48,35,87,91,52" hai2="55,29,85,89,90,78,104,50,73,76,2,8,114" hai3="42,24,100,20,74,61,109,113,26,12,106,1,58"/><V46/><F104/><W0/><G109/><T6/><D107/><U62/><E134/><V57/><F114/><W127/><G74/><T53/><D121/><U34/><E123/><V117/><F117/><W125/><G113/><T67/><D31/><U44/><E131/><V4/><F29/><W82/><G82/><T119/><D119/><U102/><E34/><V38/><F85/><W25/><G42/><T84/><D39/><U132/><E132/><V60/><F78/><W75/><G75/><T10/><D63/><U83/><E35/><V16/><F16/><N who="3" m="10247" /><G100/><T120/><D120/><U99/><REACH who="1" step="1"/><E99/><REACH who="1" ten="324,386,200,70" step="2"/><V128/><F128/><W68/><G68/><T116/><D116/><U59/><E59/><V111/><F111/><W36/><G106/><T54/><D40/><U93/><E93/><V81/><F60/><W126/><G58/><T15/><D49/><U95/><E95/><V129/><F129/><W133/><G61/><T11/><D92/><U51/><E51/><V23/><F23/><W110/><G133/><T19/><D84/><U47/><E47/><V118/><F118/><W32/><G110/><T94/><D94/><U122/><E122/><V45/><F45/><W65/><G65/><AGARI ba="2,2" hai="6,10,11,14,15,19,53,54,65,66,67,79,80,86" machi="65" ten="40,1300,0" yaku="8,1" doraHai="70" who="0" fromWho="3" sc="324,39,386,0,200,0,70,-19" /><AGARI ba="2,0" hai="28,30,44,48,52,62,65,71,83,87,91,96,102,105" machi="65" ten="40,2600,0" yaku="1,1,54,1,53,0" doraHai="70" doraHaiUra="124" who="1" fromWho="3" sc="363,0,386,26,200,0,51,-26" /><INIT seed="7,0,0,2,3,42" ten="363,412,200,25" oya="3" hai0="118,98,128,80,2,22,79,95,71,51,134,53,124" hai1="82,67,109,6,113,38,132,114,57,10,35,68,18" hai2="126,65,77,72,32,44,17,105,62,46,24,111,104" hai3="55,101,34,47,91,37,69,110,61,89,133,86,48"/><W70/><G34/><T106/><D118/><U45/><E109/><V135/><F111/><W129/><G110/><T26/><D71/><U127/><E35/><V122/><F77/><W115/><G115/><T73/><D2/><N who="1" m="343" /><E18/><V121/><F72/><W100/><G129/><T92/><D128/><U31/><E31/><N who="2" m="19559" /><F135/><W3/><G3/><T41/><D134/><U11/><E11/><V0/><F126/><W123/><G133/><T7/><D124/><U29/><E29/><V112/><F0/><W43/><G123/><N who="2" m="47113" /><F17/><W15/><G15/><T99/><D41/><U85/><E57/><N who="2" m="37071" /><F112/><W78/><G78/><T50/><D7/><U94/><E94/><V84/><F84/><W54/><G70/><T56/><D51/><U74/><E74/><V1/><F1/><W75/><G75/><T119/><D119/><U93/><E67/><V14/><F14/><W30/><G30/><T64/><D64/><U96/><E96/><V23/><F23/><W20/><G20/><T66/><D66/><U63/><E93/><V33/><F33/><W90/><G86/><T102/><REACH who="0" step="1"/><D98/><REACH who="0" ten="353,412,200,25" step="2"/><U88/><E68/><V5/><F5/><W87/><G87/><T19/><AGARI ba="0,1" hai="19,22,26,50,53,56,73,79,80,92,95,99,102,106" machi="19" ten="20,5200,0" yaku="1,1,2,1,0,1,7,1,53,0" doraHai="42" doraHaiUra="4" who="0" fromWho="0" sc="353,62,412,-13,200,-13,25,-26" owari="415,51.0,399,20.0,187,-21.0,-1,-50.0" /></mjloggm>