<mjloggm ver="2.3"><GO type="169" lobby="0"/><UN n0="%E3%82%AB%E3%83%9D%E3%83%8D%E5%9B%A3%E3%81%AE%E5%85%84%E8%B2%B4" n1="%E5%B0%B1%E6%B4%BB%E7%94%9F%40%E5%B7%9D%E6%9D%91%E8%BB%8D%E5%9B%A3" n2="%E7%A2%BA%E8%AA%8D%E4%BA%8B%E9%A0%85" n3="%E3%83%81%E3%83%A7%E3%82%B3%E3%83%AD%E3%83%9C%E3%82%AF%E3%83%B3" dan="16,17,17,17" rate="2136.45,2265.10,2205.50,2175.23" sx="M,M,M,M"/><TAIKYOKU oya="0"/><INIT seed="0,0,0,0,1,119" ten="250,250,250,250" oya="0" hai0="57,75,129,116,17,99,118,41,101,98,30,11,53" hai1="97,25,51,36,93,132,15,109,3,49,9,5,79" hai2="33,16,19,60,71,54,127,13,123,0,69,114,65" hai3="92,29,124,47,39,6,4,117,38,56,108,32,63"/><T107/><D129/><U77/><E36/><V134/><F114/><W89/><G117/><T112/><D112/><U133/><E109/><V100/><F0/><W122/><G108/><T105/><D75/><U58/><E3/><V59/><F33/><W113/><G113/><T52/><D41/><U55/><E25/><V106/><F134/><W18/><G124/><T40/><D40/><U110/><E110/><V10/><F127/><W28/><G18/><T20/><D11/><U7/><E7/><V115/><F115/><W91/><G47/><T103/><D30/><U67/><E67/><V128/><F128/><W34/><G92/><T102/><D102/><U44/><E132/><V104/><F71/><W72/><G72/><T74/><D74/><U85/><E85/><V82/><F82/><W131/><G131/><T37/><D37/><U94/><E94/><V14/><F100/><W8/><G8/><T26/><D53/><N who="1" m="32047" /><E133/><V2/><F2/><W62/><REACH who="3" step="1"/><G56/><REACH who="3" ten="250,250,250,240" step="2"/><T130/><REACH who="0" step="1"/><D130/><REACH who="0" ten="240,250,250,240" step="2"/><U83/><E9/><V96/><F10/><W45/><G45/><T86/><D86/><U125/><E125/><V120/><F59/><W126/><G126/><T64/><D64/><U80/><E44/><V70/><F65/><W24/><G24/><T90/><D90/><U88/><E88/><V12/><F70/><W95/><G95/><T73/><D73/><U31/><E93/><V42/><F69/><W76/><G76/><T121/><D121/><AGARI ba="0,2" hai="4,6,28,29,32,34,38,39,62,63,89,91,121,122" machi="121" ten="25,8000,1" yaku="1,1,22,2,52,2,53,0" doraHai="119" doraHaiUra="66" who="3" fromWho="0" sc="240,-80,250,0,250,0,240,100" /><INIT seed="1,0,0,2,4,12" ten="160,250,250,340" oya="1" hai0="64,129,101,135,54,36,34,108,42,96,22,60,85" hai1="116,9,110,32,92,121,31,14,6,56,7,51,127" hai2="119,74,87,100,102,99,67,52,69,115,15,47,78" hai3="123,26,113,73,93,111,133,82,79,88,80,3,39"/><U57/><E121/><V84/><F119/><W90/><G3/><T20/><D34/><U122/><E122/><V76/><F115/><W97/><G123/><T117/><D117/><U109/><E116/><V94/><F100/><W43/><G39/><T5/><D108/><N who="1" m="41579" /><E127/><V11/><F67/><W55/><G43/><T30/><D129/><U25/><E92/><V2/><F69/><W23/><G111/><T41/><D135/><U38/><E38/><V62/><F2/><W118/><G118/><T77/><D5/><U49/><E7/><V44/><F44/><W131/><G131/><T61/><D54/><U58/><AGARI ba="0,0" hai="6,9,14,25,31,32,49,51,56,57,58" m="41579" machi="58" ten="30,3000,0" yaku="14,1,10,1" doraHai="12" who="1" fromWho="1" sc="160,-10,250,30,250,-10,340,-10" /><INIT seed="1,1,0,2,3,72" ten="150,280,240,330" oya="1" hai0="134,2,125,34,17,56,113,46,27,83,13,59,76" hai1="128,95,123,54,44,122,31,120,33,62,37,87,77" hai2="60,105,41,48,30,65,38,5,71,64,61,32,106" hai3="118,86,3,16,101,20,70,50,39,112,129,68,99"/><U18/><E128/><V19/><F48/><W85/><G39/><T47/><D2/><U97/><E33/><V104/><F5/><W9/><G112/><T81/><D113/><U43/><E31/><V126/><F19/><W82/><G129/><T133/><D125/><U25/><E25/><V15/><F15/><W124/><G124/><T63/><D27/><U29/><E29/><V22/><F22/><W109/><G109/><T108/><D34/><U88/><E18/><V58/><F126/><W12/><G118/><T67/><D108/><U23/><E23/><V89/><F30/><W103/><G86/><T127/><D127/><U116/><E116/><V131/><F131/><W28/><G50/><T100/><D100/><U79/><REACH who="1" step="1"/><E87/><REACH who="1" ten="150,270,240,330" step="2"/><V36/><F32/><W84/><G84/><T42/><D17/><U11/><E11/><V49/><F106/><W91/><G28/><T92/><D133/><U74/><E74/><V73/><F105/><W4/><G101/><T117/><D134/><U96/><E96/><V26/><F73/><W111/><G111/><T51/><D117/><U115/><E115/><V94/><F104/><AGARI ba="1,1" hai="3,4,9,12,16,20,68,70,82,85,91,99,103,104" machi="104" ten="30,2000,0" yaku="7,1,54,1" doraHai="72" who="3" fromWho="2" sc="150,0,270,0,240,-23,330,33" /><INIT seed="2,0,0,4,2,67" ten="150,270,217,363" oya="2" hai0="28,18,23,124,45,49,91,107,133,125,0,74,102" hai1="27,131,68,12,100,10,58,106,76,135,43,77,4" hai2="95,127,55,93,111,80,87,109,51,116,119,25,66" hai3="97,85,14,32,56,113,21,6,38,3,19,52,81"/><V83/><F25/><W57/><G38/><T11/><D107/><U42/><E68/><V17/><F17/><W33/><G113/><T16/><D102/><U82/><E131/><V63/><F127/><N who="0" m="48714" /><D74/><U114/><E114/><V37/><F37/><W50/><G57/><T44/><D133/><U64/><E135/><V47/><F95/><W94/><G3/><T46/><D91/><U98/><E27/><V129/><F93/><W78/><REACH who="3" step="1"/><G6/><REACH who="3" ten="150,270,217,353" step="2"/><N who="0" m="1479" /><D28/><U110/><E110/><N who="2" m="41995" /><F129/><W112/><G112/><T104/><D104/><U122/><E122/><V88/><F83/><W96/><G96/><T120/><D18/><U72/><E82/><V71/><AGARI ba="0,1" hai="47,51,55,63,66,71,80,87,88,116,119" m="41995" machi="71" ten="30,11700,0" yaku="14,1,10,1,52,1,54,1" doraHai="67" who="2" fromWho="2" sc="150,-39,270,-39,217,127,353,-39" /><INIT seed="2,1,0,4,3,1" ten="111,231,344,314" oya="2" hai0="10,35,122,127,124,120,88,133,103,97,129,67,29" hai1="3,114,19,13,126,85,6,26,39,50,73,115,106" hai2="128,41,58,25,31,54,102,80,23,48,94,59,9" hai3="123,78,119,92,65,96,82,110,40,55,36,111,93"/><V8/><F128/><W21/><G123/><T44/><D35/><U132/><E73/><V84/><F41/><W43/><G119/><T14/><D29/><U86/><E39/><V91/><F102/><W28/><G65/><T46/><D67/><U60/><E106/><V53/><REACH who="2" step="1"/><F80/><REACH who="2" ten="111,231,334,314" step="2"/><W42/><G36/><T125/><D129/><U70/><E115/><V109/><F109/><W11/><G111/><T131/><D131/><U5/><E114/><V15/><F15/><W104/><G110/><T77/><D122/><U130/><E3/><V52/><F52/><W66/><G55/><T38/><D120/><U30/><E130/><V112/><F112/><W61/><G82/><T20/><D38/><U72/><E13/><V22/><F22/><W134/><G21/><T75/><D20/><U99/><E132/><V105/><F105/><W117/><G104/><T87/><D133/><U68/><E126/><V74/><F74/><W27/><G134/><T89/><D75/><U121/><E72/><V17/><F17/><W118/><G118/><T76/><D103/><U49/><E19/><V32/><F32/><W33/><G117/><T107/><D107/><U7/><E121/><V79/><F79/><W83/><G78/><T57/><D77/><U56/><E7/><V64/><F64/><W108/><G83/><T62/><D76/><U37/><E6/><V16/><F16/><W4/><G108/><T2/><D2/><U24/><E5/><V90/><F90/><W69/><G42/><T100/><D125/><U98/><E37/><V113/><F113/><W0/><G92/><RYUUKYOKU ba="1,1" sc="111,-15,231,-15,334,15,314,15" hai2="8,9,23,25,31,48,53,54,58,59,84,91,94" hai3="0,4,11,27,28,33,40,43,61,66,69,93,96" /><INIT seed="2,2,1,4,4,131" ten="96,216,349,329" oya="2" hai0="107,4,81,73,123,31,42,2,128,65,82,18,29" hai1="112,118,26,40,117,121,98,134,62,130,6,95,105" hai2="52,45,77,11,47,90,100,109,0,106,96,108,129" hai3="7,14,127,38,119,36,21,13,75,89,88,8,60"/><V99/><F77/><W41/><G119/><T71/><D123/><U125/><E121/><V91/><F129/><W19/><G127/><T94/><D107/><U35/><E112/><V17/><F47/><W43/><G75/><T46/><D128/><U92/><E40/><N who="3" m="15434" /><G36/><N who="0" m="21831" /><D81/><U37/><E37/><V68/><F68/><W27/><G38/><T104/><D104/><U74/><E74/><V115/><F115/><W20/><G60/><N who="0" m="40359" /><D94/><U69/><E95/><V113/><F113/><W1/><G1/><T70/><D18/><AGARI ba="2,1" hai="7,8,13,14,18,19,20,21,27,88,89" m="15434" machi="18" ten="30,2000,0" yaku="8,1,54,1" doraHai="131" who="3" fromWho="0" sc="96,-26,216,0,349,0,329,36" /><INIT seed="3,0,0,3,3,91" ten="70,216,349,365" oya="3" hai0="90,113,127,69,111,18,131,78,0,97,15,110,12" hai1="5,48,32,8,1,3,27,25,106,42,125,29,49" hai2="81,89,62,35,31,130,66,98,60,22,30,6,46" hai3="45,61,75,36,54,10,76,99,120,95,108,24,16"/><W133/><G120/><T85/><D0/><U17/><E106/><V34/><F6/><W67/><G133/><T7/><D69/><U112/><E42/><V129/><F46/><W87/><G75/><T94/><D127/><U57/><E57/><V135/><F135/><W77/><G108/><N who="0" m="41515" /><D131/><N who="2" m="50186" /><F62/><W105/><G105/><T44/><D113/><U83/><E83/><V55/><F55/><W118/><G118/><T63/><D63/><U28/><E49/><V117/><F117/><W41/><G87/><T64/><D64/><U122/><E48/><V88/><F89/><W96/><G96/><T73/><D73/><U114/><E122/><V80/><F80/><W4/><G54/><T14/><D44/><U82/><E82/><V39/><F39/><W103/><G4/><T93/><D78/><U59/><E59/><N who="2" m="37151" /><F22/><W37/><G37/><T20/><D7/><U19/><E125/><V13/><F13/><W50/><G36/><T92/><D97/><U116/><E116/><V119/><F119/><W11/><G77/><T123/><D123/><U124/><E124/><V74/><F74/><W70/><REACH who="3" step="1"/><G76/><REACH who="3" ten="70,216,349,355" step="2"/><T23/><D23/><AGARI ba="0,1" hai="10,11,16,23,24,41,45,50,61,67,70,95,99,103" machi="23" ten="40,12000,1" yaku="1,1,2,1,52,1,54,1,53,1" doraHai="91" doraHaiUra="56" who="3" fromWho="0" sc="70,-120,216,0,349,0,355,130" owari="-50,-55.0,216,-18.0,349,15.0,485,58.0" /></mjloggm>