<mjloggm ver="2.3"><GO type="169" lobby="0"/><UN n0="%E3%81%8D%E3%82%83%E3%81%97%E3%82%83%E3%83%BC%E3%81%AE%EF%BC%81" n1="%E3%82%A6%E3%83%AB%E3%83%88%E3%83%A9%E7%AB%8B%E7%9B%B4" n2="%70%67%61%69%6E" n3="%66%75%6B%75%30%32" dan="17,17,17,16" rate="2221.09,2232.03,2184.13,2148.90" sx="M,M,M,M"/><TAIKYOKU oya="0"/><INIT seed="0,0,0,3,1,125" ten="250,250,250,250" oya="0" hai0="124,116,61,74,91,10,28,118,24,63,64,37,46" hai1="47,11,3,93,103,41,95,89,88,62,111,123,16" hai2="105,133,132,114,98,79,113,71,94,19,31,0,35" hai3="45,115,12,131,4,1,107,73,85,126,53,67,25"/><T23/><D124/><U83/><E123/><V100/><F0/><W70/><G73/><T14/><D74/><U49/><E111/><V50/><F71/><W7/><G1/><T42/><D91/><U80/><E103/><V129/><F79/><W106/><G115/><T9/><D9/><U68/><E68/><V33/><F19/><W52/><G126/><T15/><D15/><N who="1" m="7295" /><E3/><V135/><F50/><W81/><G70/><T44/><D44/><U34/><E34/><N who="2" m="12811" /><F94/><N who="1" m="35849" /><E62/><V92/><F92/><W27/><G67/><T130/><D130/><U121/><E121/><V38/><F31/><W32/><G131/><T5/><REACH who="0" step="1"/><D63/><REACH who="0" ten="240,250,250,250" step="2"/><U90/><AGARI ba="0,1" hai="41,47,49,80,83,88,89,90" m="35849,7295" machi="90" ten="30,4000,0" yaku="8,1,54,2" doraHai="125" who="1" fromWho="1" sc="240,-20,250,50,250,-10,250,-10" /><INIT seed="1,0,0,4,2,53" ten="220,300,240,240" oya="1" hai0="117,55,41,129,49,70,36,115,17,134,133,51,102" hai1="93,64,83,107,108,63,127,98,75,27,110,72,48" hai2="39,81,82,123,32,19,103,57,131,58,68,76,125" hai3="114,44,124,5,86,67,116,15,99,105,9,42,88"/><U10/><E107/><V11/><F123/><W28/><G114/><T33/><D33/><U34/><E10/><V18/><F39/><W0/><G124/><T21/><D70/><U74/><E48/><V20/><F68/><W95/><G116/><T104/><D115/><U29/><E83/><V38/><F32/><W7/><G28/><T92/><D104/><U122/><E127/><V132/><F125/><W46/><G67/><T135/><D117/><U65/><E122/><V14/><F38/><W50/><G0/><T1/><D1/><U71/><REACH who="1" step="1"/><E64/><REACH who="1" ten="220,290,240,240" step="2"/><V13/><F82/><W77/><G105/><T31/><D36/><U16/><E16/><V6/><F131/><W56/><G9/><T26/><D129/><U90/><AGARI ba="0,1" hai="27,29,34,63,65,71,72,74,75,90,93,98,108,110" machi="90" ten="40,3900,0" yaku="1,1,0,1,53,0" doraHai="53" doraHaiUra="118" who="1" fromWho="1" sc="220,-13,290,49,240,-13,240,-13" /><INIT seed="1,1,0,5,2,105" ten="207,339,227,227" oya="1" hai0="39,91,128,64,17,33,37,10,87,112,49,51,31" hai1="135,127,101,65,124,56,69,24,34,109,40,16,35" hai2="80,100,61,21,119,89,62,97,28,88,63,58,79" hai3="94,130,90,103,113,71,18,115,106,52,77,76,92"/><U75/><E69/><V73/><F119/><W32/><G71/><T131/><D64/><U23/><E40/><V12/><F58/><W83/><G32/><T11/><D33/><U68/><E68/><V108/><F108/><W60/><G106/><T20/><D31/><U95/><E75/><V6/><F6/><W25/><G130/><N who="0" m="49707" /><D11/><U2/><E2/><V98/><F98/><N who="3" m="59863" /><G115/><T82/><D10/><U133/><E109/><V122/><F122/><W50/><G60/><T110/><D110/><U120/><E120/><V116/><F116/><W53/><G113/><T22/><D22/><U66/><E35/><V45/><F45/><W7/><G7/><T57/><D112/><U42/><E34/><V132/><F132/><N who="1" m="50761" /><E42/><V3/><F3/><W48/><G83/><T78/><D78/><U46/><E46/><V14/><F14/><W121/><G121/><T36/><D57/><U85/><E56/><V74/><F74/><W27/><G77/><T47/><D47/><U72/><E72/><V4/><F4/><W134/><G76/><T38/><N who="0" m="9216" /><DORA hai="29" /><T118/><D118/><U0/><E0/><V102/><F12/><AGARI ba="1,0" hai="12,17,20,49,51,82,87,91" m="9216,49707" machi="12" ten="60,2000,0" yaku="19,1" doraHai="105,29" who="0" fromWho="2" sc="207,23,339,0,227,-23,227,0" /><INIT seed="2,0,0,1,2,70" ten="230,339,204,227" oya="2" hai0="107,14,12,22,31,113,43,104,19,27,18,13,38" hai1="55,36,110,35,72,101,98,134,115,87,1,0,59" hai2="20,7,16,95,111,94,61,121,2,90,96,44,123" hai3="73,82,86,131,127,32,39,47,69,135,49,45,78"/><V74/><F74/><W99/><G69/><T112/><D43/><U17/><E72/><V37/><F111/><W21/><G32/><T62/><D62/><U124/><E115/><V109/><F109/><W54/><G127/><T133/><D38/><U103/><E36/><V116/><F116/><W46/><G131/><T64/><D64/><U125/><E110/><V9/><F61/><W50/><G135/><T11/><D104/><U25/><E87/><V60/><F60/><W132/><G132/><T100/><D100/><U79/><E79/><V128/><F128/><W105/><G39/><T117/><D107/><U106/><E103/><V58/><F58/><W30/><G105/><T68/><D68/><U4/><E4/><V56/><F56/><W84/><G99/><T29/><D133/><U65/><E65/><V129/><F95/><W126/><G126/><T76/><D76/><U80/><E80/><V8/><F8/><W10/><G10/><N who="0" m="6423" /><D117/><U75/><E75/><V51/><F129/><W23/><G30/><N who="0" m="11275" /><D14/><U71/><E71/><V26/><REACH who="2" step="1"/><F37/><REACH who="2" ten="230,339,194,227" step="2"/><W89/><G73/><T130/><D130/><U63/><E134/><V88/><F88/><W42/><G46/><T85/><D11/><U52/><E125/><V97/><F97/><W40/><REACH who="3" step="1"/><G54/><AGARI ba="0,1" hai="2,7,9,16,20,26,44,51,54,90,94,96,121,123" machi="54" ten="30,11600,0" yaku="1,1,7,1,54,1,53,1" doraHai="70" doraHaiUra="41" who="2" fromWho="3" sc="230,0,339,0,194,126,227,-116" /><INIT seed="2,1,0,4,0,49" ten="230,339,320,111" oya="2" hai0="21,112,102,92,77,1,50,131,90,62,29,83,68" hai1="67,33,60,56,13,123,110,81,122,18,104,124,59" hai2="61,103,127,66,93,25,52,41,39,73,63,111,31" hai3="116,42,26,82,15,53,133,20,47,79,101,43,80"/><V44/><F73/><W64/><G116/><T100/><D1/><U28/><E104/><V95/><F127/><W125/><G125/><T12/><D112/><U16/><E124/><V128/><F128/><W6/><G133/><T11/><D131/><U46/><E110/><V99/><F111/><W36/><G43/><T70/><D70/><U85/><E46/><V126/><F126/><W14/><G64/><T69/><D69/><U88/><E56/><N who="2" m="34951" /><F39/><W5/><G101/><T34/><D62/><U115/><E115/><V114/><F114/><W113/><G113/><T54/><D34/><U72/><E72/><V71/><F71/><W134/><G134/><T22/><D68/><U4/><E4/><V48/><F63/><W94/><G94/><T109/><D109/><U37/><E37/><V58/><F58/><W57/><G5/><T132/><D83/><U27/><REACH who="1" step="1"/><E18/><REACH who="1" ten="230,329,320,111" step="2"/><V3/><F66/><W7/><G7/><N who="0" m="3199" /><D132/><U9/><AGARI ba="1,1" hai="9,13,16,27,28,33,59,60,67,81,85,88,122,123" machi="9" ten="30,7900,0" yaku="1,1,0,1,54,2,53,0" doraHai="49" doraHaiUra="0" who="1" fromWho="1" sc="230,-21,329,92,320,-40,111,-21" /><INIT seed="3,0,0,4,3,36" ten="209,421,280,90" oya="3" hai0="33,25,56,11,76,6,0,50,58,90,115,135,120" hai1="96,68,16,100,65,101,103,53,94,79,15,22,37" hai2="134,62,44,111,8,118,81,123,2,97,32,61,131" hai3="12,126,64,99,75,98,109,29,42,93,108,30,4"/><W133/><G75/><T28/><D120/><U78/><E37/><V7/><F111/><N who="3" m="42571" /><G133/><T54/><D135/><U1/><E1/><V117/><F131/><W14/><G126/><T20/><D115/><U27/><E65/><V72/><F32/><W17/><G64/><T21/><D76/><N who="1" m="29227" /><E68/><V35/><F35/><W105/><G105/><T102/><D102/><N who="1" m="60695" /><E53/><V5/><F118/><W89/><G99/><T122/><D122/><U107/><E107/><V39/><F97/><W114/><G114/><T130/><D130/><U112/><E112/><V63/><F117/><W43/><G4/><T80/><D58/><U113/><E113/><V121/><F7/><W47/><G12/><AGARI ba="0,0" hai="12,15,16,22,27,100,101,103" m="60695,29227" machi="12" ten="30,2000,0" yaku="8,1,54,1" doraHai="36" who="1" fromWho="3" sc="209,0,421,20,280,0,90,-20" /><INIT seed="4,0,0,0,2,104" ten="209,441,280,70" oya="0" hai0="47,114,118,63,71,117,29,120,128,5,59,121,58" hai1="18,15,87,126,116,7,64,103,3,110,2,34,123" hai2="80,131,13,69,66,111,133,11,60,48,127,19,33" hai3="53,82,24,135,105,65,96,43,21,85,91,93,50"/><T17/><D29/><U16/><E103/><V32/><F111/><W113/><G135/><T67/><D5/><U112/><E64/><V94/><F133/><W90/><G113/><T25/><D25/><U26/><E87/><V109/><F109/><W54/><G105/><T81/><D17/><U95/><E95/><V23/><F131/><W122/><G122/><N who="0" m="47211" /><D81/><U70/><E110/><V45/><F127/><W39/><G39/><T41/><D114/><U79/><E79/><V55/><F94/><W84/><G65/><T28/><D28/><U76/><E18/><V37/><F37/><W42/><G96/><T125/><D125/><U77/><E26/><V61/><F61/><W119/><G119/><N who="0" m="45579" /><D128/><U99/><E16/><V107/><F107/><W101/><G101/><T10/><D10/><U102/><E7/><V4/><F80/><W115/><G115/><T78/><D78/><U52/><E77/><V98/><F98/><W51/><G24/><AGARI ba="0,0" hai="4,11,13,19,23,24,32,33,45,48,55,60,66,69" machi="24" ten="30,1000,0" yaku="7,1" doraHai="104" who="2" fromWho="3" sc="209,0,441,0,280,10,70,-10" /><INIT seed="5,0,0,3,0,51" ten="209,441,290,60" oya="1" hai0="43,58,89,77,72,118,99,31,133,91,35,116,112" hai1="12,123,8,124,86,75,97,111,121,96,56,115,20" hai2="68,87,135,2,53,17,0,1,9,117,59,120,60" hai3="27,126,80,131,110,98,23,76,41,122,128,63,66"/><U81/><E75/><V16/><F117/><W134/><G122/><T30/><D43/><U109/><E115/><V10/><F120/><W106/><G110/><N who="1" m="41994" /><E124/><V104/><F104/><W15/><G126/><T64/><D72/><U95/><E20/><V6/><F68/><W129/><G134/><T79/><D58/><U49/><E49/><V102/><F102/><W119/><G119/><T24/><D64/><U74/><E74/><V38/><F38/><W29/><G41/><T94/><D112/><U36/><E56/><V103/><F103/><W45/><G106/><T71/><D71/><U73/><E73/><V5/><F135/><W82/><G98/><N who="1" m="37994" /><E95/><V130/><F130/><W125/><G125/><T13/><D99/><U25/><E25/><V46/><F46/><W84/><G45/><T57/><D24/><U83/><E83/><V61/><F61/><W52/><G82/><T19/><D94/><U14/><E14/><V70/><F0/><W55/><G15/><T54/><D13/><U32/><E32/><V88/><F70/><AGARI ba="0,0" hai="23,27,29,52,55,63,66,70,76,80,84,128,129,131" machi="70" ten="40,8000,1" yaku="19,1,52,2,54,1" doraHai="51" who="3" fromWho="2" sc="209,0,441,0,290,-80,60,80" /><INIT seed="6,0,0,0,5,48" ten="209,441,210,140" oya="2" hai0="20,43,47,94,108,3,86,44,97,81,38,111,95" hai1="117,96,104,65,123,23,133,124,10,27,101,109,98" hai2="54,88,127,30,24,113,125,85,131,2,135,118,42" hai3="28,12,0,52,78,91,90,77,4,116,11,31,121"/><V84/><F113/><W39/><G121/><T41/><D3/><U120/><E109/><V46/><F118/><W14/><G39/><T58/><D20/><U29/><E117/><V19/><F2/><W129/><G116/><T63/><D86/><U45/><E65/><V99/><F131/><W66/><G129/><T93/><D81/><U110/><E110/><V72/><F72/><W62/><G0/><T126/><D126/><N who="2" m="48138" /><F19/><W51/><G14/><T114/><D114/><U70/><E29/><N who="3" m="11338" /><G62/><T35/><D35/><U9/><E124/><V82/><F135/><W25/><G25/><T32/><D32/><U34/><E27/><V119/><F119/><W18/><G18/><T132/><D97/><U69/><E34/><N who="2" m="20807" /><F99/><W73/><G66/><T33/><D33/><U105/><E133/><V76/><F42/><W57/><G73/><T74/><D74/><U115/><E115/><V17/><F17/><W87/><G91/><T22/><D22/><U80/><E23/><V60/><F60/><W13/><G13/><T75/><D75/><U83/><E123/><V49/><F85/><W122/><G122/><T102/><D132/><U16/><E16/><V8/><F8/><W21/><G21/><T7/><D7/><U50/><E120/><V130/><F130/><W71/><G71/><T26/><D26/><U68/><E9/><V112/><F112/><W128/><G128/><T55/><REACH who="0" step="1"/><D102/><REACH who="0" ten="199,441,210,140" step="2"/><N who="1" m="62535" /><E10/><V64/><F64/><W106/><G106/><T61/><D61/><U40/><E101/><V37/><F37/><AGARI ba="0,1" hai="37,38,41,43,44,47,55,58,63,93,94,95,108,111" machi="37" ten="40,5200,0" yaku="1,1,9,1,52,1,53,0" doraHai="48" doraHaiUra="134" who="0" fromWho="2" sc="199,62,441,0,210,-52,140,0" /><INIT seed="7,0,0,1,0,73" ten="261,441,158,140" oya="3" hai0="41,14,38,32,62,119,15,90,46,81,68,121,106" hai1="67,7,44,108,82,63,129,115,132,55,112,37,26" hai2="92,77,29,64,40,47,23,5,117,80,43,17,59" hai3="48,9,39,123,58,89,2,93,25,94,85,36,125"/><W97/><G123/><T131/><D106/><U128/><E108/><V33/><F5/><W4/><G125/><T84/><D32/><U30/><E82/><V116/><F29/><W61/><G48/><T28/><D28/><U86/><E86/><V111/><F111/><W95/><G25/><T127/><D119/><U31/><E7/><V102/><F33/><W110/><G110/><T60/><D131/><N who="1" m="50251" /><E132/><V18/><F18/><W103/><REACH who="3" step="1"/><G95/><REACH who="3" ten="261,441,158,130" step="2"/><T16/><D127/><U72/><E26/><V1/><F92/><W65/><AGARI ba="0,1" hai="2,4,9,36,39,58,61,65,85,89,93,94,97,103" machi="65" ten="20,7800,0" yaku="1,1,2,1,0,1,7,1,53,0" doraHai="73" doraHaiUra="19" who="3" fromWho="3" sc="261,-26,441,-26,158,-26,130,88" /><INIT seed="7,1,0,5,0,84" ten="235,415,132,218" oya="3" hai0="3,111,30,66,11,7,121,13,51,41,39,48,21" hai1="110,6,60,74,94,124,25,34,85,119,40,62,109" hai2="132,67,36,71,122,65,88,104,106,16,42,75,68" hai3="70,130,126,29,45,56,76,131,89,57,49,61,105"/><W101/><G126/><T24/><D111/><U135/><E74/><V32/><F75/><W33/><G70/><T73/><D121/><U72/><E72/><V28/><F122/><W12/><G76/><T0/><D66/><U59/><E40/><V35/><F42/><W37/><G37/><T50/><REACH who="0" step="1"/><D73/><REACH who="0" ten="225,415,132,218" step="2"/><U98/><E124/><V79/><F79/><W55/><G130/><T52/><D52/><U17/><E34/><V8/><F28/><W44/><G131/><T47/><AGARI ba="1,1" hai="0,3,7,11,13,21,24,30,39,41,47,48,50,51" machi="47" ten="30,2000,0" yaku="1,1,0,1,53,0" doraHai="84" doraHaiUra="80" who="0" fromWho="0" sc="225,33,415,-6,132,-6,218,-11" owari="258,6.0,409,50.0,126,-37.0,207,-19.0" /></mjloggm>