<mjloggm ver="2.3"><GO type="169" lobby="0"/><UN n0="%6D%61%63%6A%72" n1="%E5%B0%B1%E6%B4%BB%E7%94%9F%40%E5%B7%9D%E6%9D%91%E8%BB%8D%E5%9B%A3" n2="%E5%91%82%E5%A7%AB" n3="%2D%6B%6F%65%69%2D" dan="18,17,17,16" rate="2230.93,2170.96,2204.43,2122.37" sx="M,M,F,M"/><TAIKYOKU oya="0"/><INIT seed="0,0,0,4,5,126" ten="250,250,250,250" oya="0" hai0="90,109,27,35,75,58,51,82,103,4,59,113,28" hai1="17,9,68,114,65,29,3,133,5,80,121,73,14" hai2="57,94,10,41,50,39,104,132,87,86,61,79,22" hai3="100,7,108,96,40,1,60,23,123,49,19,76,45"/><T111/><D113/><U88/><E121/><V93/><F104/><W105/><G108/><N who="0" m="41547" /><D103/><U99/><E114/><V47/><F132/><W38/><G123/><T130/><D4/><U77/><E133/><V116/><F116/><W30/><G30/><T78/><D90/><U63/><E29/><V43/><F43/><W107/><G40/><T20/><D35/><U124/><E124/><V8/><F39/><W21/><G38/><T31/><D31/><U74/><E74/><V33/><F33/><W62/><G7/><T24/><D24/><U54/><E54/><N who="2" m="33975" /><F22/><W101/><G101/><T42/><D130/><U15/><E17/><V55/><F55/><W122/><G19/><T83/><D82/><U70/><E70/><V127/><F127/><W6/><G6/><T118/><D118/><U69/><E69/><V131/><F131/><W125/><G125/><T32/><D32/><U18/><E18/><V119/><F119/><W66/><G100/><T64/><D64/><U53/><E53/><V25/><F25/><W117/><G66/><T52/><D42/><U12/><E99/><V95/><F79/><W16/><G76/><T91/><D91/><U0/><E88/><V115/><F115/><W98/><G117/><T34/><D34/><U102/><E102/><V72/><F72/><W97/><G122/><T84/><D75/><U26/><E26/><V106/><F106/><W46/><G107/><T2/><D2/><U13/><AGARI ba="0,0" hai="0,3,5,9,12,13,14,15,63,65,68,73,77,80" machi="13" ten="30,1100,0" yaku="0,1" doraHai="126" who="1" fromWho="1" sc="250,-5,250,11,250,-3,250,-3" /><INIT seed="1,0,0,1,2,71" ten="245,261,247,247" oya="1" hai0="66,76,114,83,35,90,55,94,18,86,41,27,29" hai1="129,79,68,135,87,103,60,2,123,63,57,121,37" hai2="24,52,34,31,22,26,40,39,9,61,84,92,105" hai3="99,45,116,19,56,28,17,47,115,133,132,91,77"/><U96/><E2/><V44/><F105/><W131/><G115/><T50/><D114/><U65/><E129/><V5/><F92/><N who="3" m="56735" /><G131/><T120/><D120/><U118/><E118/><V122/><F122/><W23/><G116/><T72/><D66/><U73/><E135/><N who="3" m="51786" /><G28/><T112/><D112/><U14/><E73/><V78/><F84/><W12/><G77/><T46/><REACH who="0" step="1"/><D18/><REACH who="0" ten="235,261,247,247" step="2"/><U93/><E121/><V100/><F31/><W67/><G19/><T53/><AGARI ba="0,1" hai="27,29,35,41,46,50,53,55,72,76,83,86,90,94" machi="53" ten="30,4000,0" yaku="1,1,2,1,0,1,53,0" doraHai="71" doraHaiUra="69" who="0" fromWho="0" sc="235,50,261,-20,247,-10,247,-10" /><INIT seed="2,0,0,0,5,104" ten="285,241,237,237" oya="2" hai0="128,0,107,2,64,83,32,71,75,57,34,122,37" hai1="11,56,6,114,59,103,39,94,78,67,60,108,115" hai2="42,46,120,29,123,19,90,65,7,73,26,84,43" hai3="9,14,132,101,131,105,4,99,1,93,40,77,12"/><V25/><F73/><W58/><G132/><T50/><D57/><U20/><E39/><V5/><F65/><W18/><G131/><T102/><D50/><U119/><E119/><V96/><F96/><W118/><G118/><T31/><D37/><U24/><E108/><V66/><F66/><W127/><G127/><T30/><D30/><U124/><E78/><V133/><F133/><W21/><G40/><T51/><D51/><U116/><E116/><V86/><F19/><W55/><G77/><N who="0" m="44479" /><D122/><U70/><E124/><V49/><F90/><W130/><G105/><T41/><D41/><U15/><E59/><V38/><F49/><W45/><G45/><T36/><D36/><U100/><E70/><V80/><F38/><W8/><G58/><T79/><D79/><U126/><E126/><V35/><F35/><W68/><G55/><T110/><D110/><U129/><E129/><V111/><F111/><W28/><G130/><T87/><D87/><U61/><E61/><V135/><F135/><W92/><G28/><T23/><D23/><U134/><E134/><V54/><F29/><W10/><G68/><T22/><D22/><U44/><E44/><V106/><F46/><W27/><G14/><T76/><D76/><U109/><E109/><V72/><F54/><W63/><G63/><N who="0" m="40351" /><D128/><U97/><REACH who="1" step="1"/><E100/><REACH who="1" ten="285,231,237,237" step="2"/><V52/><F43/><W53/><G101/><T74/><D74/><U3/><E3/><V82/><F42/><W33/><G1/><N who="0" m="619" /><D31/><AGARI ba="0,1" hai="6,11,15,20,24,31,56,60,67,94,97,103,114,115" machi="31" ten="30,7700,0" yaku="1,1,7,1,25,2,53,0" doraHai="104" doraHaiUra="81" who="1" fromWho="0" sc="285,-77,231,87,237,0,237,0" /><INIT seed="3,0,0,4,1,38" ten="208,318,237,237" oya="3" hai0="93,3,9,0,106,46,37,73,19,80,123,127,65" hai1="20,39,94,18,29,63,43,56,66,24,17,111,41" hai2="77,133,91,30,67,53,135,60,116,48,75,31,117" hai3="124,15,84,1,35,96,107,79,8,113,6,12,68"/><W62/><G113/><T125/><D106/><U72/><E72/><V47/><F91/><W126/><G35/><T4/><D3/><U28/><E111/><V32/><F77/><W87/><G107/><T90/><D65/><U26/><E94/><V61/><F75/><W108/><G108/><T69/><D69/><U64/><E64/><V119/><F32/><W36/><G36/><T13/><D123/><U81/><E81/><V25/><F25/><W2/><G96/><T45/><D19/><N who="1" m="7179" /><E39/><V76/><F76/><W95/><G2/><T100/><D13/><N who="3" m="5193" /><G95/><T86/><D46/><U128/><E128/><V44/><F44/><W57/><G68/><T42/><D100/><U10/><E10/><V27/><F27/><N who="1" m="10281" /><E20/><V50/><F50/><W70/><G70/><T110/><D110/><U132/><E132/><N who="2" m="50763" /><F67/><N who="3" m="39375" /><G79/><AGARI ba="0,0" hai="0,4,9,37,42,45,73,79,80,86,90,93,125,127" machi="79" ten="40,5200,0" yaku="25,2,52,1" doraHai="38" who="0" fromWho="3" sc="208,52,318,0,237,0,237,-52" /><INIT seed="4,0,0,2,4,73" ten="260,318,237,185" oya="0" hai0="45,100,123,19,110,27,99,25,51,3,122,130,101" hai1="87,6,7,71,9,60,47,17,94,55,124,68,90" hai2="113,49,80,69,103,16,2,32,46,28,0,10,13" hai3="35,62,57,102,44,107,66,114,98,4,133,65,111"/><T63/><D3/><N who="2" m="1066" /><F69/><W120/><G111/><T131/><D110/><U24/><E124/><V33/><F103/><N who="0" m="39498" /><D99/><U41/><E71/><V112/><F80/><W83/><G114/><N who="2" m="44137" /><F49/><W84/><G133/><T93/><D93/><U127/><E127/><V30/><F46/><W109/><G35/><AGARI ba="0,0" hai="10,13,16,28,30,32,33,35" m="44137,1066" machi="35" ten="40,8000,1" yaku="15,1,34,2,54,1" doraHai="73" who="2" fromWho="3" sc="260,0,318,0,237,80,185,-80" /><INIT seed="5,0,0,1,5,121" ten="260,318,317,105" oya="1" hai0="135,85,62,43,3,49,130,9,5,76,82,83,86" hai1="108,134,125,44,100,123,116,17,26,2,91,71,93" hai2="122,59,70,128,21,113,7,111,126,20,52,27,65" hai3="77,46,80,30,56,74,110,50,103,41,6,57,105"/><U133/><E123/><V104/><F104/><W88/><G30/><T60/><D130/><U132/><E116/><V40/><F111/><W75/><G75/><T117/><D117/><U25/><E2/><V78/><F122/><W15/><G110/><T87/><D135/><U97/><E71/><V32/><F40/><W51/><G105/><T106/><D106/><U39/><E108/><V29/><F128/><W64/><G103/><T107/><D107/><U115/><E115/><V12/><F126/><W16/><G6/><T28/><D28/><U33/><E125/><V22/><F113/><W94/><G51/><T67/><D62/><U66/><E66/><V92/><F78/><W99/><REACH who="3" step="1"/><G64/><REACH who="3" ten="260,318,317,95" step="2"/><T37/><D49/><U11/><E33/><V54/><F65/><W24/><G24/><T47/><D83/><U95/><E26/><V18/><F7/><W68/><G68/><AGARI ba="0,1" hai="3,5,9,37,43,47,60,67,68,76,82,85,86,87" machi="68" ten="30,1000,0" yaku="7,1" doraHai="121" who="0" fromWho="3" sc="260,20,318,0,317,0,95,-10" /><INIT seed="6,0,0,4,4,130" ten="280,318,317,85" oya="2" hai0="6,72,134,133,24,129,106,58,121,4,55,32,34" hai1="86,25,31,63,51,75,124,110,2,78,69,89,103" hai2="83,87,35,99,90,76,109,119,101,14,3,27,41" hai3="108,81,7,62,23,8,52,126,131,5,95,43,1"/><V92/><F119/><W85/><G131/><T71/><D129/><U59/><E110/><V91/><F3/><W19/><G108/><T11/><D121/><U111/><E2/><V100/><F109/><W66/><G126/><T77/><D71/><U102/><E124/><V21/><F41/><W30/><G43/><T12/><D106/><U80/><E69/><V105/><F35/><W56/><G30/><T122/><D122/><U0/><E0/><V125/><F125/><W117/><G117/><T94/><D6/><U44/><E111/><V84/><F14/><W79/><G95/><T37/><D37/><U45/><E75/><V65/><F65/><W132/><G7/><T39/><D39/><U42/><E78/><V61/><F61/><W73/><G73/><T53/><D94/><U46/><E46/><V47/><F47/><W9/><G9/><T127/><D127/><U60/><E45/><V22/><F22/><W16/><G132/><N who="0" m="50795" /><D24/><U15/><E63/><V26/><F105/><W98/><G98/><T123/><D123/><U88/><E89/><V40/><F27/><W54/><REACH who="3" step="1"/><G19/><REACH who="3" ten="280,318,317,75" step="2"/><T68/><D72/><U93/><E93/><N who="2" m="54495" /><F40/><W118/><G118/><T120/><D120/><U113/><E31/><AGARI ba="0,1" hai="21,26,31,76,83,84,91,92,99,100,101" m="54495" machi="31" ten="30,1500,0" yaku="8,1" doraHai="130" who="2" fromWho="1" sc="280,0,318,-15,317,25,75,0" /><INIT seed="6,1,0,3,4,86" ten="280,303,342,75" oya="2" hai0="79,113,96,71,118,63,89,67,127,2,12,88,13" hai1="107,65,101,58,5,14,87,41,104,48,112,15,80" hai2="73,53,72,56,98,50,76,45,131,6,28,132,36" hai3="52,102,92,91,32,124,20,108,21,8,59,49,60"/><V51/><F36/><W44/><G124/><T106/><D2/><U66/><E112/><V0/><F132/><W37/><G108/><T62/><D113/><U109/><E109/><V19/><F131/><W55/><G32/><T57/><D127/><U24/><E24/><V119/><F119/><W23/><G37/><T125/><D125/><U68/><E68/><V9/><F76/><W97/><REACH who="3" step="1"/><G8/><REACH who="3" ten="280,303,342,65" step="2"/><T105/><D118/><U126/><E126/><V100/><F28/><W40/><G40/><T7/><D105/><U81/><E107/><V93/><F19/><W84/><G84/><T47/><D106/><U120/><E104/><V95/><F72/><W116/><G116/><T25/><D7/><U10/><E87/><V70/><F73/><W29/><G29/><T114/><D114/><U43/><E43/><V103/><F9/><W94/><G94/><T38/><D38/><U64/><E41/><V111/><F6/><W35/><G35/><T31/><D31/><U54/><E10/><V134/><F93/><W16/><G16/><T3/><D96/><U110/><E5/><V42/><F98/><W11/><G11/><T129/><D129/><U46/><E110/><V4/><F4/><W77/><G77/><T22/><D79/><U82/><E82/><V90/><F111/><W17/><G17/><T83/><D83/><U123/><E81/><V33/><F95/><W26/><G26/><T121/><D25/><U39/><E80/><V117/><F117/><W69/><G69/><N who="0" m="42231" /><D13/><N who="1" m="4619" /><E39/><V85/><F70/><W115/><G115/><T135/><D12/><U78/><E78/><RYUUKYOKU ba="1,1" sc="280,-10,303,-10,342,-10,65,30" hai3="20,21,23,44,49,52,55,59,60,91,92,97,102" /><INIT seed="7,2,1,5,5,55" ten="270,293,332,95" oya="3" hai0="36,86,80,47,50,42,105,129,2,122,10,48,24" hai1="9,12,98,92,30,103,77,75,53,118,46,0,131" hai2="101,38,85,56,4,37,88,15,16,6,102,79,74" hai3="1,26,25,59,78,132,62,29,34,109,107,44,123"/><W89/><G132/><T23/><D105/><U125/><E0/><V31/><F37/><W7/><G123/><T68/><D68/><U19/><E131/><V40/><F74/><W54/><G109/><T39/><D122/><U18/><E125/><V67/><F79/><W90/><G107/><T114/><D129/><U11/><E118/><V133/><F133/><W32/><G78/><T20/><D114/><U130/><E130/><V52/><F67/><W112/><G112/><T66/><D66/><U127/><E127/><V84/><F31/><W28/><REACH who="3" step="1"/><G44/><REACH who="3" ten="270,293,332,85" step="2"/><T65/><D47/><U8/><E77/><V121/><F121/><W61/><G61/><T17/><D36/><U110/><E110/><V81/><F38/><W72/><G72/><T49/><D39/><U21/><E75/><V104/><F104/><W134/><G134/><T117/><D48/><N who="1" m="28823" /><E30/><V69/><F40/><W111/><G111/><T124/><D49/><U22/><E22/><V60/><F60/><W82/><G82/><T45/><D124/><U71/><E71/><V57/><F69/><W91/><G91/><N who="0" m="51655" /><D23/><U27/><AGARI ba="2,2" hai="8,9,11,12,18,19,21,27,92,98,103" m="28823" machi="27" ten="30,1100,0" yaku="8,1" doraHai="55" who="1" fromWho="1" sc="270,-5,293,37,332,-5,85,-7" owari="265,-13.0,330,42.0,327,13.0,78,-42.0" /></mjloggm>