<mjloggm ver="2.3"><GO type="169" lobby="0"/><UN n0="%E5%B0%B1%E6%B4%BB%E7%94%9F%40%E5%B7%9D%E6%9D%91%E8%BB%8D%E5%9B%A3" n1="%6C%67%32%31" n2="%4A%2E%63%6F%6D%40%4B%31" n3="%E3%81%8F%E3%81%85%E3%81%A1%E3%82%83%E3%82%93%EF%BC%A0%50%45" dan="16,17,16,16" rate="2145.54,2184.88,2100.64,2062.18" sx="M,M,F,M"/><TAIKYOKU oya="0"/><INIT seed="0,0,0,5,5,128" ten="250,250,250,250" oya="0" hai0="84,6,76,105,41,65,40,66,43,78,107,73,62" hai1="99,31,125,104,26,77,80,127,16,118,88,120,110" hai2="15,90,93,32,133,37,71,58,59,61,91,103,38" hai3="72,3,68,75,85,135,33,130,95,14,117,5,51"/><T50/><D73/><U113/><E110/><V83/><F32/><W8/><G68/><T0/><D0/><U1/><E1/><V79/><F103/><W111/><G117/><T112/><D112/><U49/><E118/><V19/><F71/><W92/><G111/><T106/><D6/><U108/><E108/><V109/><F109/><W35/><G130/><T64/><D62/><U60/><E120/><V48/><F48/><W82/><G3/><T94/><D50/><U52/><E113/><V23/><F59/><W122/><G122/><T7/><D7/><U56/><E77/><V81/><F81/><W30/><G135/><T11/><D11/><U45/><E104/><V89/><F133/><W131/><G131/><T39/><D39/><U102/><E102/><V132/><F132/><W119/><G119/><T98/><REACH who="0" step="1"/><D84/><REACH who="0" ten="240,250,250,250" step="2"/><N who="1" m="50183" /><E125/><V134/><F134/><W53/><G75/><T20/><D20/><N who="1" m="13575" /><E127/><V115/><F38/><W12/><G72/><T2/><D2/><U101/><E101/><AGARI ba="0,1" hai="40,41,43,64,65,66,76,78,94,98,101,105,106,107" machi="101" ten="50,9600,0" yaku="1,1,29,2,53,0" doraHai="128" doraHaiUra="124" who="0" fromWho="1" sc="240,106,250,-96,250,0,250,0" /><INIT seed="0,1,0,2,3,109" ten="346,154,250,250" oya="0" hai0="74,92,11,112,76,10,51,117,14,6,27,88,48" hai1="71,86,23,77,125,73,21,2,47,0,104,97,63" hai2="28,121,4,45,25,89,55,78,29,116,38,18,123" hai3="8,102,120,69,115,35,84,5,95,34,33,105,119"/><T32/><D117/><U101/><E125/><V134/><F78/><W56/><G119/><T129/><D129/><U131/><E131/><V41/><F116/><W108/><G69/><T1/><D112/><U37/><E86/><V7/><F134/><W22/><G108/><T124/><D124/><U43/><E21/><V60/><F18/><W44/><G115/><T19/><D76/><U53/><E53/><V90/><F90/><W135/><G135/><T110/><D74/><U52/><E52/><V9/><F89/><W20/><G120/><T128/><D128/><U107/><E107/><V24/><F24/><W64/><G44/><T98/><REACH who="0" step="1"/><D110/><REACH who="0" ten="336,154,250,250" step="2"/><U68/><E73/><V72/><F72/><W130/><G105/><T36/><D36/><U79/><E79/><V58/><F121/><W83/><G130/><T113/><D113/><U15/><E77/><V49/><F123/><W94/><G102/><T114/><D114/><U62/><E37/><V126/><F38/><W50/><G95/><T42/><D42/><U70/><E43/><V81/><F41/><W122/><G94/><T103/><D103/><U26/><E101/><V82/><F126/><W12/><G122/><T91/><D91/><U85/><E104/><V57/><F82/><W17/><G50/><T93/><D93/><U111/><E111/><V80/><F49/><W59/><G64/><T31/><AGARI ba="1,1" hai="1,6,10,11,14,19,27,31,32,48,51,88,92,98" machi="31" ten="30,6000,0" yaku="1,1,0,1,54,1,53,0" doraHai="109" doraHaiUra="75" who="0" fromWho="0" sc="336,73,154,-21,250,-21,250,-21" /><INIT seed="0,2,0,2,2,38" ten="409,133,229,229" oya="0" hai0="109,55,129,114,78,11,32,68,49,52,121,6,82" hai1="26,125,22,64,118,43,100,9,29,116,84,30,83" hai2="105,103,15,57,39,77,72,135,88,120,62,24,12" hai3="37,123,46,127,10,76,85,2,54,92,101,134,130"/><T95/><D121/><U102/><E125/><V89/><F120/><W61/><G123/><T110/><D68/><U0/><E64/><V31/><F77/><W18/><G127/><T13/><D114/><U67/><E67/><V115/><F72/><W58/><G130/><T96/><D32/><U75/><E75/><V124/><F115/><W87/><G134/><T112/><D112/><U99/><E29/><V56/><F39/><W42/><G76/><T126/><D126/><U71/><E71/><V81/><F135/><W73/><G73/><T48/><D129/><U131/><E131/><V113/><F113/><W133/><G133/><T63/><D63/><U50/><E9/><V41/><F105/><W70/><G70/><T16/><D6/><U33/><E0/><V3/><F3/><W79/><G79/><T5/><D5/><U23/><E23/><N who="2" m="15775" /><F103/><W93/><G93/><T65/><D65/><U25/><E102/><V91/><F81/><W98/><REACH who="3" step="1"/><G18/><REACH who="3" ten="409,133,229,219" step="2"/><T34/><D78/><U19/><E118/><V107/><F124/><W128/><G128/><T20/><D82/><U86/><E116/><V44/><F107/><W80/><G80/><T53/><D34/><U7/><E83/><V36/><F89/><W69/><G69/><T17/><D95/><U119/><E119/><V28/><F91/><W132/><G132/><T1/><D96/><U51/><E33/><V40/><F88/><W8/><G8/><T21/><D21/><U66/><E22/><V60/><F28/><W108/><G108/><N who="0" m="41579" /><D17/><U14/><E19/><V74/><F74/><W97/><G97/><RYUUKYOKU ba="2,1" sc="409,15,133,-15,229,-15,219,15" hai0="1,11,13,16,20,48,49,52,53,55" hai3="2,10,37,42,46,54,58,61,85,87,92,98,101" /><INIT seed="0,3,1,0,0,93" ten="424,118,214,234" oya="0" hai0="36,78,37,112,120,6,53,31,39,130,76,83,59" hai1="28,25,131,77,45,17,40,26,65,94,11,72,42" hai2="85,124,69,66,4,96,38,64,81,21,12,117,122" hai3="103,115,84,9,5,95,79,75,62,14,119,52,92"/><T88/><D120/><U60/><E131/><V110/><F122/><W57/><G119/><T50/><D130/><U104/><E104/><V70/><F38/><W105/><G115/><T44/><D112/><U135/><E135/><V0/><F0/><W86/><G75/><T3/><D31/><U10/><E72/><V18/><F110/><W118/><G118/><T100/><D100/><U123/><E77/><V23/><F117/><W99/><REACH who="3" step="1"/><G86/><REACH who="3" ten="424,118,214,224" step="2"/><T43/><D3/><U102/><E123/><V125/><F85/><W68/><G68/><T67/><D6/><U133/><E133/><V126/><F4/><W101/><G101/><T7/><D7/><U58/><E102/><V30/><F69/><W113/><G113/><T2/><D2/><U27/><E28/><V87/><F70/><W29/><G29/><T1/><D1/><U107/><E107/><V108/><F108/><W121/><G121/><T61/><D78/><U49/><E17/><V80/><F87/><W91/><G91/><T56/><D88/><U134/><E134/><V127/><F127/><W116/><G116/><T47/><D76/><U73/><E73/><V20/><F30/><W98/><G98/><T90/><D90/><U114/><E114/><V33/><F96/><W16/><G16/><T51/><D83/><AGARI ba="3,2" hai="5,9,14,52,57,62,79,83,84,92,95,99,103,105" machi="83" ten="40,5200,0" yaku="1,1,52,1,54,1,53,0" doraHai="93" doraHaiUra="132" who="3" fromWho="0" sc="424,-61,118,0,214,0,224,81" /><INIT seed="1,0,0,2,0,112" ten="363,118,214,305" oya="1" hai0="49,86,107,131,66,54,14,80,53,70,71,97,42" hai1="7,76,124,57,56,37,0,74,83,119,59,105,104" hai2="46,1,87,35,62,103,118,73,98,18,32,48,96" hai3="132,33,2,28,85,108,55,29,125,128,133,90,106"/><U115/><E115/><V45/><F73/><W129/><G106/><T126/><D126/><U72/><E124/><V89/><F1/><W34/><G125/><T120/><D120/><U44/><E72/><V39/><F62/><W61/><G61/><T65/><D131/><N who="3" m="50249" /><G55/><T38/><D14/><U95/><E95/><V111/><F111/><W16/><G108/><T130/><D130/><U88/><E88/><V58/><F18/><W5/><G90/><T94/><D107/><U51/><E119/><V22/><F118/><W30/><G16/><T36/><D86/><U109/><E109/><V75/><F75/><W26/><G85/><T78/><D80/><U100/><E100/><V52/><F22/><W24/><G30/><T117/><D78/><U110/><E110/><V17/><F17/><W23/><G23/><T3/><D117/><U25/><E25/><V40/><F45/><W9/><AGARI ba="0,0" hai="2,5,9,24,26,28,29,33,34,132,133" m="50249" machi="9" ten="30,7900,0" yaku="19,1,23,1,34,2" doraHai="112" who="3" fromWho="3" sc="363,-20,118,-39,214,-20,305,79" /><INIT seed="2,0,0,5,1,31" ten="343,79,194,384" oya="2" hai0="15,66,19,118,133,120,81,14,24,40,106,8,98" hai1="62,56,103,9,72,121,26,100,108,132,97,61,122" hai2="124,17,29,129,89,68,16,125,48,74,64,28,52" hai3="75,49,35,53,83,130,91,92,65,63,114,94,126"/><V47/><F74/><W76/><G126/><N who="2" m="48745" /><F129/><W11/><G130/><T33/><D120/><N who="1" m="46187" /><E108/><V41/><F64/><W123/><G123/><T57/><D118/><U96/><E72/><V46/><F68/><W18/><G114/><T115/><D115/><U101/><E132/><V38/><F89/><W5/><G35/><T23/><D133/><U127/><E127/><V51/><F51/><W69/><G18/><AGARI ba="0,0" hai="16,17,18,28,29,38,41,46,47,48,52" m="48745" machi="18" ten="30,5800,0" yaku="18,1,54,2" doraHai="31" who="2" fromWho="3" sc="343,0,79,0,194,58,384,-58" /><INIT seed="2,1,0,5,2,23" ten="343,79,252,326" oya="2" hai0="16,48,3,108,25,39,58,125,0,118,35,83,32" hai1="103,133,97,56,66,113,6,126,19,87,71,85,34" hai2="127,43,1,63,109,40,29,122,15,101,106,89,52" hai3="64,93,100,114,88,17,22,2,59,37,67,14,5"/><V92/><F1/><W4/><G37/><T80/><D39/><U98/><E113/><V134/><F122/><W69/><G69/><T132/><D108/><U73/><E73/><V62/><F134/><W105/><G105/><T128/><D132/><U81/><E133/><V61/><F127/><W38/><G38/><T77/><D125/><U70/><E126/><V115/><F115/><W51/><G114/><T9/><D128/><U95/><E34/><V13/><F101/><W21/><G100/><T86/><D118/><U72/><E98/><N who="2" m="57615" /><F29/><W112/><G21/><N who="0" m="13479" /><D32/><U41/><E72/><V53/><F106/><W11/><G4/><T10/><D35/><U78/><E6/><V131/><F131/><W45/><G59/><T99/><D3/><U110/><E110/><V7/><F7/><W116/><G116/><T54/><D0/><U8/><E70/><V129/><F109/><W68/><G68/><T111/><D111/><U107/><E71/><V57/><F129/><W91/><G112/><T33/><D33/><U55/><E107/><V12/><F53/><W20/><G20/><T28/><D28/><U96/><E66/><V90/><F90/><W50/><G91/><N who="0" m="51655" /><D99/><U65/><E96/><V27/><F27/><W46/><G67/><T24/><D24/><U76/><E65/><V79/><F79/><W84/><REACH who="3" step="1"/><G64/><REACH who="3" ten="343,79,252,316" step="2"/><T119/><D119/><U120/><E76/><V123/><F123/><W121/><G121/><T36/><D36/><U47/><E120/><V82/><F57/><W94/><G94/><T130/><D130/><U74/><E56/><N who="2" m="34951" /><F82/><W117/><G117/><RYUUKYOKU ba="1,1" sc="343,10,79,-30,252,10,316,10" hai0="9,10,48,54,58,77,83" hai2="12,13,15,40,43,62,63" hai3="2,5,11,14,17,22,45,46,50,51,84,88,93" /><INIT seed="2,2,1,0,3,24" ten="353,49,262,326" oya="2" hai0="67,65,10,38,37,81,61,18,131,102,127,56,3" hai1="16,112,12,106,108,83,90,59,119,17,95,109,42" hai2="34,22,39,8,82,54,116,115,111,58,128,72,55" hai3="50,100,0,70,30,125,92,46,6,126,78,25,104"/><V57/><F34/><W60/><G70/><T96/><D131/><U84/><E112/><V68/><F116/><W74/><G60/><T118/><D127/><U19/><E119/><V99/><F115/><W51/><G92/><T98/><D118/><U134/><E134/><V1/><F68/><W53/><G51/><T85/><D67/><U69/><E69/><V21/><F39/><W114/><G114/><T110/><D110/><N who="1" m="42603" /><E106/><V73/><F99/><W79/><G74/><T77/><D98/><N who="1" m="57719" /><E42/><V40/><F40/><W14/><G0/><T93/><REACH who="0" step="1"/><D18/><REACH who="0" ten="343,49,262,326" step="2"/><U62/><E12/><V97/><F128/><W41/><G126/><T86/><D86/><U105/><E105/><V132/><F111/><W113/><G125/><T52/><D52/><N who="1" m="34151" /><E19/><V75/><F72/><W122/><G113/><T15/><D15/><U27/><E27/><V13/><F73/><W101/><G14/><T20/><D20/><U64/><E64/><V130/><F21/><W33/><G25/><T45/><D45/><U4/><E4/><AGARI ba="2,2" hai="3,4,10,37,38,56,61,65,77,81,85,93,96,102" machi="4" ten="40,2600,0" yaku="1,1,53,1" doraHai="24" doraHaiUra="32" who="0" fromWho="1" sc="343,52,49,-32,262,0,326,0" /><INIT seed="3,0,0,4,5,23" ten="395,17,262,326" oya="3" hai0="124,118,51,75,13,112,68,82,127,107,74,14,54" hai1="57,26,92,32,86,132,25,63,46,0,58,128,22" hai2="66,36,100,81,89,47,102,33,29,2,42,1,115" hai3="83,48,78,3,108,44,38,5,135,94,28,95,109"/><W6/><G135/><T79/><D118/><U101/><E132/><V84/><F115/><W114/><G114/><T71/><D107/><U53/><E32/><V10/><F66/><W27/><G38/><T76/><D112/><U34/><E34/><V18/><F1/><W19/><G19/><T131/><D131/><U91/><E128/><V45/><F45/><W21/><G94/><T11/><D11/><U97/><E0/><V133/><F133/><W69/><G69/><T104/><D104/><U72/><E72/><V105/><F105/><W64/><G95/><T99/><D99/><U20/><E46/><V111/><F111/><N who="3" m="42571" /><G64/><T7/><D7/><U37/><E37/><V61/><F18/><W96/><G96/><T119/><D119/><U121/><E121/><V85/><F100/><W60/><G60/><T15/><D71/><U59/><E20/><V4/><F61/><W43/><G3/><T77/><D68/><U56/><REACH who="1" step="1"/><E22/><REACH who="1" ten="395,7,262,326" step="2"/><V87/><F2/><W117/><G117/><T73/><D124/><U113/><E113/><V16/><F36/><W122/><G122/><T9/><D127/><U123/><E123/><V80/><F33/><W130/><G130/><T31/><D9/><U39/><E39/><V98/><F10/><W35/><G35/><T49/><D75/><AGARI ba="0,1" hai="5,6,21,27,28,43,44,48,75,78,83" m="42571" machi="75" ten="30,5800,0" yaku="14,1,10,1,52,1" doraHai="23" who="3" fromWho="0" sc="395,-58,7,0,262,0,326,68" /><INIT seed="3,1,0,0,2,44" ten="337,7,262,394" oya="3" hai0="23,38,117,88,50,68,47,33,131,36,105,134,28" hai1="61,104,60,57,129,42,91,63,29,126,78,114,107" hai2="1,83,37,96,89,55,109,72,9,87,133,62,2" hai3="20,97,67,102,13,66,19,118,14,124,81,5,49"/><W35/><G35/><T82/><D117/><U121/><E114/><V135/><F109/><W45/><G118/><T56/><D105/><U119/><E121/><V90/><F37/><W92/><G124/><T16/><D68/><U21/><E119/><V15/><F72/><W99/><G81/><T98/><D131/><U85/><E129/><V3/><F96/><W112/><G112/><T71/><D71/><U26/><E126/><V120/><F120/><W34/><G34/><T103/><D134/><N who="2" m="51210" /><F62/><W80/><G80/><T77/><D33/><U95/><E107/><V128/><F128/><W122/><G99/><T54/><D28/><U64/><E104/><V32/><F32/><W93/><G93/><N who="0" m="56615" /><D38/><U24/><E78/><N who="2" m="46583" /><F55/><N who="3" m="30127" /><G122/><T52/><D36/><U132/><E132/><V4/><AGARI ba="1,0" hai="1,2,3,4,9,15,89,90" m="46583,51210" machi="4" ten="40,1500,0" yaku="20,1" doraHai="44" who="2" fromWho="2" sc="337,-5,7,-5,262,18,394,-8" /><INIT seed="4,0,0,1,5,54" ten="332,2,280,386" oya="0" hai0="87,3,129,134,78,41,43,50,112,101,48,20,82" hai1="60,45,2,14,113,38,108,24,27,69,116,10,57" hai2="39,111,25,4,123,126,16,66,13,55,59,5,63" hai3="100,64,22,9,86,46,58,1,128,98,52,110,31"/><T93/><D3/><U97/><E108/><V29/><F123/><W90/><G128/><T115/><D129/><U89/><E116/><V109/><F126/><W75/><G75/><T105/><D134/><U11/><E69/><V70/><F39/><W127/><G110/><T102/><D105/><U44/><E2/><V40/><F40/><N who="0" m="15434" /><D20/><U53/><E38/><V8/><F111/><W61/><G127/><T68/><D68/><U34/><E34/><V81/><F81/><N who="3" m="49487" /><G1/><T36/><D36/><U131/><E131/><V92/><F92/><N who="3" m="58439" /><G9/><T122/><D122/><U12/><E113/><N who="0" m="43593" /><D93/><N who="1" m="56495" /><E11/><V114/><F114/><W76/><G76/><T65/><D65/><U37/><E37/><V119/><F119/><W121/><G121/><T72/><D72/><U80/><E80/><V106/><F106/><W96/><G96/><T49/><AGARI ba="0,0" hai="48,49,50,78,82,87,101,102" m="43593,15434" machi="49" ten="40,2100,0" yaku="15,1" doraHai="54" who="0" fromWho="0" sc="332,21,2,-7,280,-7,386,-7" owari="353,15.0,-5,-51.0,273,-13.0,379,49.0" /></mjloggm>