<mjloggm ver="2.3"><GO type="169" lobby="0"/><UN n0="%E3%83%AA%E3%83%BC%E3%83%81%EF%BC%91" n1="%E3%83%89%E3%83%A9%E3%83%AD%E3%83%B3%E3%83%80%E3%82%A4%E3%83%B4" n2="%E5%B0%B1%E6%B4%BB%E7%94%9F%40%E5%B7%9D%E6%9D%91%E8%BB%8D%E5%9B%A3" n3="%4A%61%6E%2D%4D%61%63%68" dan="17,16,18,17" rate="2145.32,2097.01,2181.86,2229.93" sx="M,M,M,M"/><TAIKYOKU oya="0"/><INIT seed="0,0,0,2,0,55" ten="250,250,250,250" oya="0" hai0="43,6,132,130,68,84,126,80,61,35,120,17,100" hai1="60,44,91,129,31,26,3,34,110,83,135,58,27" hai2="76,99,117,66,42,50,75,47,78,8,121,127,123" hai3="118,115,38,104,54,86,82,7,14,122,73,131,134"/><T77/><D120/><U18/><E110/><V25/><F127/><W125/><RYUUKYOKU type="yao9" ba="0,0" sc="250,0,250,0,250,0,250,0" hai3="7,14,38,54,73,82,86,104,115,118,122,125,131,134" /><INIT seed="0,1,0,2,3,27" ten="250,250,250,250" oya="0" hai0="89,26,86,83,73,13,5,87,134,6,93,124,62" hai1="8,9,82,49,31,60,43,33,15,99,52,17,84" hai2="56,75,45,7,48,18,67,39,110,32,22,40,55" hai3="79,132,91,34,74,107,64,114,14,80,42,98,12"/><T97/><D124/><U105/><E43/><V53/><F110/><W95/><G114/><T59/><D134/><U41/><E41/><V94/><F32/><W69/><G132/><T108/><D108/><U102/><E60/><V20/><F75/><W23/><G34/><T65/><D73/><U127/><E127/><V36/><F7/><W4/><G64/><T103/><D13/><U128/><E128/><V2/><F2/><W104/><G69/><T78/><REACH who="0" step="1"/><D26/><REACH who="0" ten="240,250,250,250" step="2"/><U123/><E123/><V126/><F126/><W29/><G12/><T21/><D21/><U76/><E33/><V28/><F22/><W71/><G14/><T70/><D70/><U50/><E9/><V129/><F129/><W101/><G71/><T117/><D117/><U125/><E125/><V111/><F111/><W81/><G4/><T58/><D58/><U3/><E3/><V46/><F20/><W35/><G35/><T116/><D116/><U96/><E8/><V11/><F11/><W44/><G23/><T121/><D121/><U118/><E118/><V63/><F18/><W38/><G29/><T122/><D122/><U57/><E31/><V119/><F28/><W51/><G38/><T90/><D90/><U66/><E15/><V30/><F30/><W47/><G47/><T1/><D1/><U72/><E17/><V0/><F0/><W133/><G133/><T19/><D19/><U88/><E72/><V112/><F119/><W113/><G113/><T37/><D37/><N who="2" m="14410" /><F112/><W109/><G109/><T85/><D85/><U24/><E24/><V54/><F46/><W115/><G115/><RYUUKYOKU ba="1,1" sc="240,10,250,-30,250,10,250,10" hai0="5,6,59,62,65,78,83,86,87,89,93,97,103" hai2="40,45,48,53,54,55,56,63,67,94" hai3="42,44,51,74,79,80,81,91,95,98,101,104,107" /><INIT seed="0,2,1,1,5,74" ten="250,220,260,260" oya="0" hai0="134,97,102,105,52,18,85,98,114,119,0,29,27" hai1="15,1,61,127,129,123,49,94,122,17,100,10,31" hai2="96,106,62,86,69,63,2,20,110,81,68,22,128" hai3="40,76,46,59,121,30,112,8,7,37,115,101,83"/><T108/><D114/><U109/><E109/><V130/><F2/><N who="3" m="119" /><G59/><T14/><D119/><U89/><E100/><V118/><F110/><W33/><G101/><T82/><D108/><U65/><E129/><N who="2" m="49771" /><F118/><W23/><G23/><N who="2" m="8745" /><F96/><W4/><G4/><T41/><D0/><U58/><E1/><V131/><F106/><W135/><G135/><T48/><D134/><U5/><E5/><V92/><F92/><W13/><G13/><T99/><D41/><U19/><E19/><V45/><F45/><W43/><G43/><T55/><D55/><U47/><E31/><V73/><F73/><N who="3" m="43407" /><G121/><T56/><D27/><AGARI ba="2,1" hai="27,30,33,37,40,46,112,115" m="43407,119" machi="27" ten="30,3900,0" yaku="25,1,23,1,52,1" doraHai="74" who="3" fromWho="0" sc="250,-45,220,0,260,0,260,55" /><INIT seed="1,0,0,5,0,14" ten="205,220,260,315" oya="1" hai0="96,75,11,111,110,50,67,51,55,97,128,90,45" hai1="15,103,95,29,79,34,58,109,102,22,132,4,28" hai2="125,71,63,64,121,88,41,119,133,32,2,93,129" hai3="66,40,104,78,73,106,61,24,10,59,82,8,116"/><U98/><E34/><V43/><F121/><W76/><G76/><T101/><D75/><U99/><E132/><V60/><F2/><W94/><G116/><T124/><D124/><U39/><E39/><V26/><F119/><W37/><G40/><T46/><D128/><U30/><E109/><V114/><F129/><W81/><G37/><T86/><D67/><U3/><E3/><V21/><F32/><W105/><G82/><T74/><D74/><U20/><E79/><V87/><F125/><W44/><G44/><T7/><D111/><U127/><E127/><V85/><F133/><W130/><G130/><T42/><D101/><U18/><E4/><V48/><F114/><W65/><G65/><T80/><REACH who="0" step="1"/><D110/><REACH who="0" ten="195,220,260,315" step="2"/><U68/><E68/><V108/><F108/><W38/><G38/><T70/><D70/><U16/><E58/><V92/><F60/><W62/><G61/><T36/><D36/><U31/><E31/><V0/><F48/><W5/><G59/><T25/><D25/><N who="1" m="14471" /><E98/><V122/><F122/><W115/><G115/><T23/><D23/><U35/><E35/><V13/><F0/><AGARI ba="0,1" hai="0,7,11,42,45,46,50,51,55,80,86,90,96,97" machi="0" ten="30,2000,0" yaku="1,1,7,1,53,0" doraHai="14" doraHaiUra="117" who="0" fromWho="2" sc="195,30,220,0,260,-20,315,0" /><INIT seed="2,0,0,2,5,14" ten="225,220,240,315" oya="2" hai0="7,79,76,93,24,38,6,1,42,101,57,32,72" hai1="130,13,27,3,67,29,133,36,91,50,105,30,10" hai2="33,108,43,63,31,98,95,11,45,77,119,39,8" hai3="48,51,40,116,64,60,55,123,37,82,89,52,80"/><V134/><F119/><W92/><G123/><T59/><D7/><U78/><E36/><V22/><F33/><W17/><G116/><T99/><D79/><U56/><E3/><V73/><F134/><W70/><G48/><T15/><D32/><U44/><E133/><V120/><F120/><W135/><G55/><T132/><D132/><U20/><E130/><V69/><F108/><W74/><G74/><T100/><D24/><U5/><E105/><V66/><F77/><W109/><G109/><T104/><D101/><U68/><E68/><V103/><F73/><W65/><G65/><T124/><D104/><U88/><E78/><V128/><F128/><W18/><G82/><N who="0" m="45319" /><D15/><U28/><E56/><V111/><F111/><W107/><G80/><T49/><D49/><U12/><E12/><V23/><F23/><W58/><G107/><T54/><D54/><N who="1" m="30023" /><E67/><V83/><F83/><W126/><G135/><T112/><D112/><U97/><E97/><V118/><F118/><W127/><G126/><T94/><D124/><U71/><E71/><V131/><F131/><W53/><G53/><T90/><D100/><U26/><E26/><V121/><F121/><W4/><G4/><T87/><D99/><U2/><E2/><V35/><F35/><W110/><G110/><T46/><D94/><U102/><E102/><V85/><F85/><N who="3" m="52271" /><G127/><T16/><D6/><U122/><E122/><V125/><F125/><W0/><G0/><T114/><D1/><U41/><E41/><V75/><F75/><W113/><G113/><T61/><D114/><U84/><E84/><V62/><F62/><RYUUKYOKU ba="0,0" sc="225,-30,220,10,240,10,315,10" hai1="5,10,13,20,27,28,29,30,88,91" hai2="8,11,22,31,39,43,45,63,66,69,95,98,103" hai3="17,18,37,40,51,52,58,60,64,70" /><INIT seed="2,1,0,1,2,3" ten="195,230,250,325" oya="2" hai0="56,82,38,91,19,85,47,55,105,130,10,43,15" hai1="106,34,120,42,104,61,119,26,99,41,29,111,58" hai2="129,33,118,11,52,107,65,1,13,100,113,83,135" hai3="12,4,116,123,62,90,8,0,30,124,84,122,133"/><V75/><F33/><W126/><G62/><T96/><D130/><U103/><E111/><V71/><F118/><W45/><G45/><T39/><D105/><U88/><E119/><V117/><F117/><W21/><G116/><T112/><D112/><U5/><E106/><V35/><F1/><W25/><G133/><T70/><D70/><U54/><E120/><N who="3" m="46122" /><G90/><T20/><D96/><U127/><E127/><N who="3" m="48682" /><G84/><T121/><D121/><U46/><E46/><V6/><F35/><W73/><G73/><T28/><D28/><U101/><E101/><V14/><F113/><W49/><G49/><T125/><D125/><U77/><E77/><V37/><F37/><W27/><G27/><T93/><D39/><U69/><E69/><V57/><F129/><W72/><G72/><T74/><D74/><U9/><REACH who="1" step="1"/><E88/><REACH who="1" ten="195,220,250,325" step="2"/><V95/><F135/><W2/><AGARI ba="1,1" hai="0,2,4,8,12,21,25,30" m="48682,46122" machi="2" ten="40,8000,1" yaku="18,1,34,2,52,1" doraHai="3" who="3" fromWho="3" sc="195,-21,220,-21,250,-41,325,93" /><INIT seed="3,0,0,0,1,122" ten="174,199,209,418" oya="3" hai0="65,17,53,59,46,108,1,124,34,12,107,36,13" hai1="110,42,112,35,25,8,113,123,81,20,109,40,58" hai2="48,93,55,37,120,84,23,10,92,88,52,32,87" hai3="86,28,89,19,43,91,0,82,90,66,78,54,21"/><W76/><G0/><T135/><D1/><U118/><E123/><V116/><F37/><W79/><G28/><T69/><D107/><U57/><E35/><V29/><F116/><W98/><G43/><N who="1" m="16426" /><E118/><V132/><F120/><W131/><G66/><T128/><D34/><U7/><E81/><V5/><F132/><W38/><G38/><T41/><D135/><U60/><E20/><V70/><F70/><W129/><G54/><T15/><D124/><U127/><E25/><N who="2" m="16575" /><F32/><W72/><G19/><T50/><D128/><N who="3" m="49225" /><G21/><T126/><D126/><U103/><E103/><V24/><F24/><W105/><G72/><T3/><D3/><N who="1" m="127" /><E127/><V117/><F117/><W133/><G133/><T125/><D125/><U80/><E80/><V99/><F48/><W77/><G105/><T71/><D71/><U115/><E60/><V114/><F114/><W134/><G134/><T62/><REACH who="0" step="1"/><D17/><REACH who="0" ten="164,199,209,418" step="2"/><U94/><E115/><V51/><F51/><W64/><G64/><T61/><D61/><U111/><E113/><V130/><F130/><W73/><G73/><T106/><D106/><U83/><E112/><V26/><F26/><W4/><G4/><T74/><D74/><U67/><E67/><V96/><F5/><W33/><G33/><T30/><D30/><U9/><E110/><AGARI ba="0,1" hai="12,13,15,36,41,46,50,53,59,62,65,69,108,110" machi="110" ten="40,12000,2" yaku="1,1,24,2,52,2,53,1" doraHai="122" doraHaiUra="63" who="0" fromWho="1" sc="164,130,199,-120,209,0,418,0" /><INIT seed="4,0,0,1,2,33" ten="294,79,209,418" oya="0" hai0="25,42,32,0,82,45,10,121,114,62,84,43,28" hai1="129,39,68,78,105,124,56,54,65,11,61,95,92" hai2="22,132,133,87,59,90,71,35,88,110,119,89,60" hai3="127,85,106,64,46,104,108,5,27,100,17,52,118"/><T1/><D114/><U21/><E105/><V128/><F35/><W66/><G118/><T58/><D121/><U126/><E39/><V86/><F71/><W12/><G108/><T77/><D10/><U101/><E129/><V67/><F110/><W20/><G127/><N who="1" m="48682" /><E101/><V48/><F119/><W91/><G100/><T6/><D6/><U34/><E34/><V49/><F128/><W23/><G104/><T8/><D8/><U37/><E37/><V107/><F107/><W122/><G106/><T55/><REACH who="0" step="1"/><D43/><REACH who="0" ten="284,79,209,418" step="2"/><U57/><E11/><V94/><F22/><W113/><G5/><T7/><D7/><U16/><E78/><V63/><F132/><W102/><G113/><T47/><D47/><U40/><E40/><V30/><F133/><W44/><G44/><T53/><D53/><U134/><E134/><V80/><F30/><W51/><G122/><T125/><D125/><U99/><E54/><V36/><F36/><AGARI ba="0,1" hai="0,1,25,28,32,36,42,45,55,58,62,77,82,84" machi="36" ten="30,11600,0" yaku="1,1,7,1,52,2,53,0" doraHai="33" doraHaiUra="120" who="0" fromWho="2" sc="284,126,79,0,209,-116,418,0" /><INIT seed="4,1,0,4,5,62" ten="410,79,93,418" oya="0" hai0="116,133,131,23,29,21,118,67,56,126,22,78,127" hai1="106,3,39,101,43,52,70,57,103,88,51,60,66" hai2="26,121,97,130,53,33,6,55,24,114,91,74,73" hai3="1,65,123,69,42,83,100,125,113,96,120,0,80"/><T76/><D29/><U11/><E106/><V59/><F121/><N who="3" m="46667" /><G42/><T72/><D133/><U107/><E107/><V99/><F6/><W93/><G125/><N who="0" m="47627" /><D131/><U41/><E88/><V135/><F135/><W36/><G36/><T15/><D15/><U18/><E43/><V28/><F130/><W32/><G32/><T30/><D30/><U31/><E31/><V109/><F109/><W17/><G17/><T45/><D45/><N who="1" m="23743" /><E18/><V4/><F4/><AGARI ba="1,0" hai="3,4,11,51,52,57,60,66,70,101,103" m="23743" machi="4" ten="30,3900,0" yaku="24,1,52,1,54,1" doraHai="62" who="1" fromWho="2" sc="410,0,79,42,93,-42,418,0" /><INIT seed="5,0,0,2,2,85" ten="410,121,51,418" oya="1" hai0="18,6,124,72,24,3,121,63,75,132,113,16,94" hai1="28,32,30,126,58,60,99,7,107,54,134,37,57" hai2="40,93,26,15,17,52,100,79,69,48,5,9,23" hai3="35,20,96,62,108,42,84,27,116,76,114,131,82"/><U10/><E37/><V119/><F69/><W78/><G35/><T29/><D113/><U91/><E32/><V45/><F119/><W41/><G108/><T95/><D132/><U77/><E134/><V31/><F79/><W13/><G114/><T74/><D124/><U38/><E38/><V125/><F125/><W110/><G110/><T11/><D121/><U92/><E126/><V4/><F100/><W66/><G13/><T105/><D105/><U109/><E109/><V128/><F128/><W51/><G131/><T90/><D95/><U19/><E107/><V0/><F93/><W53/><G96/><T56/><D29/><U34/><E34/><V102/><F102/><W47/><G78/><T129/><D129/><U122/><E122/><V112/><F112/><W25/><G25/><T71/><D71/><U103/><E77/><V68/><F68/><W111/><G116/><T73/><D73/><U86/><E19/><V8/><REACH who="2" step="1"/><F40/><REACH who="2" ten="410,121,41,418" step="2"/><W59/><G111/><T55/><REACH who="0" step="1"/><D24/><REACH who="0" ten="400,121,41,418" step="2"/><U2/><E92/><V70/><F70/><W80/><G80/><T123/><D123/><U36/><E103/><V67/><F67/><W97/><G97/><AGARI ba="0,2" hai="3,6,11,16,18,55,56,63,72,74,75,90,94,97" machi="97" ten="40,5200,0" yaku="1,1,52,1,54,1,53,0" doraHai="85" doraHaiUra="44" who="0" fromWho="3" sc="400,72,121,0,41,0,418,-52" /><INIT seed="6,0,0,3,5,10" ten="472,121,41,366" oya="2" hai0="76,49,22,62,83,120,0,24,3,95,43,91,34" hai1="110,126,108,69,71,96,97,107,23,89,31,122,134" hai2="87,42,65,55,116,60,44,12,7,127,50,59,112" hai3="53,40,37,129,81,88,102,115,19,78,131,104,56"/><V109/><F116/><W27/><G40/><T113/><D34/><U32/><E32/><V14/><F7/><W39/><G102/><T100/><D120/><U77/><E122/><V4/><F4/><W68/><G104/><T11/><D100/><U18/><E31/><V28/><F112/><W21/><G68/><T54/><D113/><U94/><E77/><V35/><F127/><W103/><G103/><T82/><D62/><U36/><E36/><V48/><F109/><W17/><G17/><T9/><D43/><U128/><E107/><V92/><F28/><W15/><G27/><T30/><D3/><U33/><E33/><V75/><F75/><W2/><G2/><T106/><D106/><U47/><E126/><V45/><REACH who="2" step="1"/><F35/><REACH who="2" ten="472,121,31,366" step="2"/><W101/><G115/><T121/><D121/><U118/><E118/><V117/><F117/><W133/><G131/><T5/><D5/><U130/><E110/><V70/><F70/><W61/><G129/><T79/><D0/><U114/><E108/><V132/><F132/><W8/><G133/><T84/><D30/><U25/><E134/><V123/><F123/><W63/><G39/><T52/><D79/><U90/><E114/><V16/><F16/><N who="3" m="8295" /><G37/><T125/><D76/><U93/><E130/><V57/><F57/><W26/><G78/><T80/><D125/><U72/><E128/><V135/><F135/><W105/><G105/><T99/><D54/><U13/><E72/><V29/><F29/><W6/><G6/><T124/><D124/><U67/><E69/><V66/><F66/><W46/><G53/><T38/><D38/><RYUUKYOKU ba="0,1" sc="472,-10,121,-10,31,30,366,-10" hai2="12,14,42,44,45,48,50,55,59,60,65,87,92" /><INIT seed="6,1,1,0,0,35" ten="462,111,61,356" oya="2" hai0="94,48,135,127,40,43,85,12,109,132,88,76,123" hai1="112,26,97,99,60,125,9,4,82,55,21,57,50" hai2="30,52,22,53,93,120,45,103,102,122,5,107,105" hai3="2,101,73,61,34,41,118,128,130,56,1,75,116"/><V134/><F134/><N who="0" m="51242" /><D127/><U47/><E112/><V37/><F5/><W96/><G34/><T19/><D109/><U20/><E125/><V44/><F93/><W119/><G41/><T92/><D123/><U27/><E82/><V51/><F22/><N who="1" m="8809" /><E9/><V33/><F51/><W104/><G56/><T6/><D6/><U8/><E8/><V13/><F13/><W83/><G61/><T84/><D48/><U68/><E68/><V98/><F98/><N who="1" m="37385" /><E4/><V72/><F72/><N who="3" m="27723" /><G83/><N who="0" m="47207" /><D94/><U28/><E28/><V49/><F49/><W86/><G86/><T117/><D117/><U100/><E100/><V14/><F14/><W66/><G66/><AGARI ba="1,1" hai="26,27,47,50,55,57,60,66" m="37385,8809" machi="66" ten="30,1000,0" yaku="8,1" doraHai="35" who="1" fromWho="3" sc="462,0,111,23,61,0,356,-13" /><INIT seed="7,0,0,5,1,120" ten="462,134,61,343" oya="3" hai0="133,46,66,14,23,77,83,111,57,36,4,48,35" hai1="108,16,85,100,64,9,68,24,102,27,117,92,39" hai2="51,135,115,2,103,61,88,99,116,8,0,26,42" hai3="56,128,114,84,71,121,94,37,19,38,54,98,119"/><W29/><G71/><T97/><D35/><U93/><E108/><V125/><F116/><W25/><G119/><T7/><D133/><U31/><E39/><V129/><F135/><W118/><G118/><T60/><D111/><U73/><E73/><V40/><F115/><W72/><G72/><T45/><D36/><U81/><E117/><V6/><F125/><W74/><G74/><T49/><D97/><U90/><E68/><V91/><F129/><W32/><G121/><T112/><D112/><U44/><E64/><V20/><F2/><W76/><G114/><T123/><D123/><U65/><E65/><V124/><F124/><W15/><G128/><T30/><D83/><U5/><E44/><V70/><F70/><W87/><G76/><T127/><D77/><U89/><E16/><V12/><F61/><W134/><G134/><T131/><D131/><U13/><E81/><V107/><F0/><W109/><G109/><T86/><D86/><N who="1" m="52279" /><E31/><V43/><REACH who="2" step="1"/><F51/><REACH who="2" ten="462,134,51,343" step="2"/><N who="3" m="30815" /><G38/><T22/><D127/><U69/><E69/><V67/><F67/><W11/><G37/><T75/><D49/><U47/><E47/><V62/><F62/><W110/><G110/><T58/><D46/><U132/><E132/><V1/><F1/><W41/><G41/><T104/><D45/><U53/><E53/><V3/><F3/><W122/><G122/><T59/><D48/><U50/><E50/><V95/><F95/><W17/><G17/><T126/><D60/><U106/><E93/><V18/><AGARI ba="0,1" hai="6,8,12,18,20,26,40,42,43,88,91,99,103,107" machi="18" ten="30,4000,0" yaku="1,1,0,1,54,1,53,0" doraHai="120" doraHaiUra="55" who="2" fromWho="2" sc="462,-10,134,-10,51,50,343,-20" owari="452,56.0,124,-28.0,101,-40.0,323,12.0" /></mjloggm>