<mjloggm ver="2.3"><GO type="41" lobby="0"/><UN n0="%E5%B0%B1%E6%B4%BB%E7%94%9F%40%E5%B7%9D%E6%9D%91%E8%BB%8D%E5%9B%A3" n1="%6B%61%73%70%61%72" n2="%E6%80%9D%E3%81%84%E5%87%BA%E3%81%9B%E3%81%AA%E3%81%84" n3="%E9%9B%80%E3%83%9C%E3%83%83%E3%83%88%EF%BC%93" dan="16,13,14,13" rate="2197.24,1882.93,1908.52,1833.09" sx="M,M,M,M"/><TAIKYOKU oya="0"/><INIT seed="0,0,0,0,0,50" ten="250,250,250,250" oya="0" hai0="68,52,39,126,43,83,31,95,101,18,21,118,57" hai1="1,89,134,16,46,29,105,59,110,66,94,37,55" hai2="114,82,61,73,13,84,4,130,2,128,125,26,91" hai3="34,33,123,23,5,117,135,111,3,60,72,69,80"/><T11/><D118/><U6/><E105/><V20/><F114/><W70/><G117/><T62/><D126/><U14/><E110/><V44/><F2/><W106/><G23/><T58/><D68/><U88/><E134/><V63/><F73/><W74/><G111/><T124/><D124/><U30/><E1/><V122/><F125/><W127/><G127/><T100/><D39/><U78/><E6/><V93/><F122/><W116/><G116/><T87/><D43/><U27/><E78/><V108/><F108/><W85/><G123/><T0/><D95/><U49/><E27/><V32/><F32/><W67/><G70/><T76/><D31/><N who="1" m="11787" /><E37/><V119/><F44/><W86/><G135/><T104/><D104/><U36/><E36/><V96/><F119/><W98/><G86/><T107/><D107/><U17/><E66/><V121/><F121/><W120/><G120/><T12/><D0/><U81/><E81/><V75/><F75/><W51/><G74/><T112/><D112/><U19/><E14/><V113/><F113/><W131/><G131/><N who="2" m="50217" /><F13/><W54/><G72/><T129/><D129/><U9/><E9/><V45/><F4/><W56/><G3/><T102/><D58/><U53/><E94/><V38/><F45/><W64/><G5/><T47/><D47/><U42/><E42/><V10/><F10/><AGARI ba="0,0" hai="10,11,12,18,21,52,57,62,76,83,87,100,101,102" machi="10" ten="40,7700,0" yaku="8,1,52,1,54,1" doraHai="50" who="0" fromWho="2" sc="250,77,250,0,250,-77,250,0" /><INIT seed="0,1,0,3,1,36" ten="327,250,173,250" oya="0" hai0="17,18,61,122,69,132,76,79,118,106,125,22,81" hai1="46,124,92,107,35,111,93,133,74,48,23,43,14" hai2="80,33,114,98,66,40,58,6,28,78,85,108,26" hai3="0,119,38,4,102,112,9,75,100,57,49,70,8"/><T129/><D122/><U131/><E35/><V126/><F108/><W65/><G112/><T135/><D106/><U115/><E111/><V110/><F110/><W120/><G38/><T113/><D118/><U25/><E74/><V99/><F114/><W60/><G75/><T97/><D113/><U96/><E115/><V51/><F126/><W68/><G119/><T47/><D125/><U128/><E124/><V89/><F66/><W55/><G120/><T62/><D129/><N who="1" m="49739" /><E133/><N who="0" m="51273" /><D69/><U88/><E14/><V27/><F26/><W56/><REACH who="3" step="1"/><G9/><REACH who="3" ten="327,250,173,240" step="2"/><T72/><D76/><U10/><E10/><V42/><F78/><W20/><G20/><T84/><D72/><U87/><E107/><V101/><F6/><W31/><G31/><T41/><D97/><U24/><E23/><V12/><F99/><W50/><G50/><N who="0" m="26991" /><D18/><U2/><E2/><V127/><F127/><W54/><G54/><T1/><D1/><U103/><AGARI ba="1,1" hai="24,25,43,46,48,87,88,92,93,96,103" m="49739" machi="103" ten="30,4000,0" yaku="19,1,52,1,54,1" doraHai="36" who="1" fromWho="1" sc="327,-21,250,53,173,-11,240,-11" /><INIT seed="1,0,0,4,5,9" ten="306,303,162,229" oya="1" hai0="115,39,86,31,19,26,132,111,27,59,75,70,56" hai1="107,65,6,60,81,58,114,92,43,110,3,79,15" hai2="10,95,61,130,7,128,38,18,5,24,113,109,135" hai3="34,99,97,36,124,52,134,85,66,105,35,106,40"/><U84/><E107/><V37/><F109/><W119/><G66/><T117/><D75/><U62/><E114/><V67/><F95/><W100/><G36/><T46/><D70/><U73/><E3/><V129/><F113/><W94/><G40/><T48/><D39/><U102/><E110/><V77/><F77/><W127/><G35/><T22/><D115/><U103/><E43/><V25/><F135/><W120/><G34/><T72/><D72/><U98/><E73/><V28/><F24/><W122/><G134/><T96/><D111/><U68/><E103/><V71/><F18/><W101/><G119/><T2/><D2/><U87/><E87/><V16/><F5/><W123/><G52/><T91/><D96/><U14/><E6/><V8/><F10/><W51/><G51/><T57/><D132/><U64/><AGARI ba="0,0" hai="14,15,58,60,62,64,65,68,79,81,84,92,98,102" machi="64" ten="20,7800,0" yaku="0,1,7,1,52,2" doraHai="9" who="1" fromWho="1" sc="306,-26,303,78,162,-26,229,-26" /><INIT seed="1,1,0,3,4,59" ten="280,381,136,203" oya="1" hai0="85,92,119,2,94,106,131,125,70,58,3,34,10" hai1="72,82,28,1,22,35,67,108,4,9,64,57,66" hai2="65,130,71,51,104,128,46,11,132,7,52,84,129" hai3="40,13,83,24,123,45,116,68,14,113,5,111,32"/><U48/><E35/><V110/><F104/><W21/><G68/><T17/><D70/><U76/><E108/><V107/><F107/><W27/><G111/><T39/><D39/><U109/><E109/><V80/><F110/><W18/><G123/><T89/><D106/><U77/><E77/><V78/><F132/><W31/><G113/><T53/><D34/><U55/><E28/><V49/><F51/><W62/><G116/><T79/><D131/><U121/><E22/><V20/><F20/><W135/><G135/><T30/><D30/><U112/><E112/><V37/><F37/><W122/><G122/><T43/><D43/><U114/><E114/><V25/><F25/><W124/><G124/><T126/><D79/><U36/><E36/><V56/><F71/><W97/><G5/><T90/><D17/><U42/><E42/><V75/><F75/><W98/><G83/><T12/><D12/><U127/><E121/><V115/><F115/><W38/><REACH who="3" step="1"/><G62/><REACH who="3" ten="280,381,136,193" step="2"/><T100/><D119/><U41/><REACH who="1" step="1"/><E41/><REACH who="1" ten="280,371,136,193" step="2"/><V120/><F120/><W47/><G47/><T6/><D125/><AGARI ba="1,2" hai="1,4,9,48,55,57,64,66,67,72,76,82,125,127" machi="125" ten="40,7700,0" yaku="1,1,2,1,53,1" doraHai="59" doraHaiUra="50" who="1" fromWho="0" sc="280,-80,371,100,136,0,193,0" /><INIT seed="1,2,0,0,2,107" ten="200,471,136,193" oya="1" hai0="105,76,39,27,64,123,3,50,102,48,72,19,101" hai1="58,33,127,36,80,135,119,8,1,74,5,87,115" hai2="53,56,104,57,98,18,59,43,0,6,4,92,46" hai3="79,66,132,110,42,120,112,11,61,28,20,83,133"/><U125/><E135/><N who="3" m="51786" /><G120/><T75/><D3/><U16/><E119/><V117/><F104/><W111/><G112/><T29/><D39/><U24/><E115/><V82/><F117/><W9/><G42/><T12/><D76/><N who="1" m="44055" /><E58/><V22/><F0/><W129/><G129/><T69/><D123/><U34/><E87/><V131/><F82/><W109/><G28/><T84/><D84/><U116/><E116/><V17/><F131/><W7/><G20/><T128/><D128/><U68/><E68/><V122/><F122/><W93/><G93/><T45/><D19/><U40/><E16/><N who="2" m="6251" /><F22/><W65/><G7/><T118/><D12/><U25/><E25/><V96/><F43/><W49/><G49/><T97/><D102/><U38/><E38/><V134/><F134/><W106/><G106/><T47/><D118/><U13/><E13/><V52/><F46/><N who="0" m="17418" /><D50/><U121/><E121/><V37/><F37/><W99/><G99/><N who="2" m="37929" /><F92/><W94/><G94/><T54/><D48/><U95/><E95/><V71/><F71/><N who="3" m="42415" /><G66/><T81/><D54/><AGARI ba="2,0" hai="4,6,52,53,54,56,57,59" m="37929,6251" machi="54" ten="30,8000,1" yaku="28,2,8,1,54,2" doraHai="107" who="2" fromWho="0" sc="200,-86,471,0,136,86,193,0" /><INIT seed="2,0,0,1,2,83" ten="114,471,222,193" oya="2" hai0="127,109,39,33,101,126,123,63,121,74,66,6,96" hai1="104,32,43,129,27,44,70,100,94,90,120,93,103" hai2="128,107,35,97,135,75,51,84,57,47,85,23,118" hai3="3,78,0,92,81,21,133,26,88,117,62,86,132"/><V95/><F35/><W45/><G117/><T34/><D39/><U79/><E70/><V115/><F75/><W80/><G62/><T53/><D74/><U99/><E32/><N who="0" m="12393" /><D53/><U15/><E15/><V25/><F107/><W22/><G45/><T106/><D6/><U50/><E129/><V108/><F118/><W5/><G5/><T112/><D109/><U71/><E71/><V48/><F115/><W113/><G113/><T76/><D76/><U119/><E119/><V56/><F128/><W125/><G125/><N who="0" m="47627" /><D112/><U7/><E120/><V18/><F135/><N who="3" m="51787" /><G81/><T14/><D14/><U41/><E27/><V67/><F108/><W38/><G38/><T19/><D19/><U17/><E7/><V20/><F23/><N who="3" m="8715" /><G26/><T31/><D31/><U87/><E17/><V54/><F67/><W40/><G40/><T122/><D122/><U61/><E41/><N who="2" m="24687" /><F56/><AGARI ba="0,0" hai="56,63,66,96,101,106,121,123" m="47627,12393" machi="56" ten="30,1000,0" yaku="18,1" doraHai="83" who="0" fromWho="2" sc="114,10,471,0,222,-10,193,0" /><INIT seed="3,0,0,1,4,97" ten="124,471,212,193" oya="3" hai0="50,58,86,125,29,135,6,10,89,60,23,34,48" hai1="134,74,62,3,9,83,104,131,109,21,16,99,70" hai2="88,52,2,102,105,35,122,84,133,130,18,13,108" hai3="14,106,44,39,8,1,132,100,37,120,81,123,47"/><W129/><G1/><T55/><D34/><U107/><E109/><V49/><F2/><W31/><G132/><T19/><D135/><U32/><E134/><V25/><F133/><W101/><G106/><T121/><D29/><U27/><E131/><V128/><F108/><W95/><G129/><N who="2" m="49769" /><F122/><W45/><G31/><T28/><D28/><N who="1" m="19487" /><E83/><N who="2" m="49183" /><F25/><W73/><G95/><T51/><D125/><U90/><E90/><V85/><F85/><W33/><G33/><T30/><D30/><U110/><E74/><V118/><F35/><W116/><G116/><T91/><D121/><U103/><E107/><V113/><F113/><W38/><G73/><T98/><D98/><U67/><E110/><V127/><F127/><W114/><G114/><T93/><D91/><U42/><E42/><V41/><F41/><W72/><G72/><T69/><D69/><U61/><E61/><V12/><F18/><W77/><G77/><T54/><D6/><N who="1" m="1247" /><E16/><V117/><F117/><W82/><G123/><T22/><D10/><U53/><E53/><V4/><F4/><W63/><G120/><T94/><D22/><AGARI ba="0,0" hai="21,22,62,67,70,99,103,104" m="1247,19487" machi="22" ten="30,2000,0" yaku="25,1,52,1" doraHai="97" who="1" fromWho="0" sc="124,-20,471,20,212,0,193,0" /><INIT seed="4,0,0,1,4,83" ten="104,491,212,193" oya="0" hai0="115,28,21,134,84,57,103,94,8,108,18,29,77" hai1="39,30,72,121,109,60,9,45,22,68,128,105,125" hai2="41,51,33,54,12,10,127,97,129,69,120,81,50" hai3="135,42,47,106,5,44,111,74,58,80,93,19,95"/><T110/><D115/><U118/><E22/><V59/><F33/><W37/><G111/><N who="0" m="42539" /><D134/><U55/><E9/><V102/><F69/><W122/><G106/><T101/><D8/><U63/><E55/><V16/><F120/><W130/><G130/><T17/><D57/><U25/><E60/><V64/><F129/><W131/><G131/><T66/><D66/><U27/><E63/><V2/><F2/><W52/><G135/><T20/><D21/><U31/><E27/><V36/><F127/><W40/><G122/><T91/><D77/><U53/><E30/><N who="0" m="11881" /><D18/><U61/><E31/><V107/><F36/><W49/><G5/><T38/><D38/><U24/><E61/><V86/><F64/><W35/><G35/><T96/><D96/><U7/><E7/><V48/><F41/><W119/><G119/><T98/><D98/><U56/><E56/><V90/><AGARI ba="0,0" hai="10,12,16,48,50,51,54,59,81,86,90,97,102,107" machi="90" ten="20,5200,0" yaku="0,1,7,1,52,1,54,1" doraHai="83" who="2" fromWho="2" sc="104,-26,491,-13,212,52,193,-13" /><INIT seed="5,0,0,5,4,89" ten="78,478,264,180" oya="1" hai0="12,126,98,105,48,41,93,1,22,0,127,9,33" hai1="60,78,95,115,67,130,74,14,58,114,2,70,91" hai2="99,96,7,49,59,21,100,103,120,116,134,44,92" hai3="32,104,24,82,30,20,133,37,77,94,121,119,84"/><U45/><E2/><V102/><F116/><W131/><G37/><T52/><D105/><U69/><E78/><V26/><F120/><W40/><G104/><T35/><D41/><U73/><E45/><V53/><F134/><W28/><G119/><T75/><D75/><U54/><E14/><V42/><F7/><W87/><G121/><T3/><D22/><U16/><E70/><V129/><F129/><W10/><G133/><T68/><D68/><U51/><E16/><V72/><F99/><W125/><G125/><N who="0" m="47627" /><D12/><U113/><E130/><V61/><REACH who="2" step="1"/><F72/><REACH who="2" ten="78,478,254,180" step="2"/><W56/><G131/><T71/><D71/><U110/><E110/><V106/><F106/><W11/><G40/><T34/><D9/><U50/><E50/><V76/><F76/><W86/><G11/><T15/><D15/><U132/><E132/><V5/><F5/><W112/><G10/><T36/><D36/><U109/><E109/><V128/><F128/><W108/><G108/><T19/><D19/><AGARI ba="0,1" hai="19,21,26,42,44,49,53,59,61,92,96,100,102,103" machi="19" ten="30,7700,0" yaku="1,1,7,1,8,1,52,1,53,0" doraHai="89" doraHaiUra="124" who="2" fromWho="0" sc="78,-77,478,0,254,87,180,0" /><INIT seed="6,0,0,0,5,35" ten="1,478,341,180" oya="2" hai0="119,77,70,22,71,0,49,26,96,24,29,99,56" hai1="110,84,15,92,3,53,106,37,8,109,130,28,32" hai2="21,122,51,65,107,58,63,10,118,113,102,19,74" hai3="27,67,95,76,44,55,93,47,41,91,45,87,36"/><V133/><F74/><W5/><G67/><T4/><D119/><U134/><E106/><V108/><F118/><W69/><G69/><T94/><D77/><U9/><E37/><V18/><F122/><W17/><G5/><T25/><D96/><U54/><E28/><V112/><F108/><W75/><G75/><T60/><D49/><U13/><E32/><V48/><F133/><W97/><G36/><T129/><D129/><U14/><E130/><V123/><F123/><W100/><G76/><T43/><D43/><U11/><E134/><V2/><F102/><W101/><G41/><T38/><D38/><U104/><E104/><V81/><F81/><W86/><G55/><T34/><D71/><U1/><E92/><V79/><F79/><W62/><G62/><T39/><D70/><U117/><E84/><V83/><F83/><W116/><G116/><T33/><D39/><U73/><E73/><V42/><F107/><W59/><G59/><T114/><D114/><N who="2" m="44138" /><F42/><W120/><G120/><T16/><D34/><U111/><E117/><V85/><F85/><N who="3" m="32267" /><G95/><T23/><D4/><U125/><E125/><V124/><F124/><W115/><G115/><T80/><D80/><U78/><E78/><V126/><F126/><W131/><G131/><T103/><D0/><AGARI ba="0,0" hai="0,1,3,8,9,11,13,14,15,53,54,109,110,111" machi="0" ten="50,12000,2" yaku="29,2,28,2,52,3" doraHai="35" who="1" fromWho="0" sc="1,-120,478,120,341,0,180,0" owari="-119,-62.0,598,70.0,341,14.0,180,-22.0" /></mjloggm>