<mjloggm ver="2.3"><GO type="41" lobby="0"/><UN n0="%E5%B0%B1%E6%B4%BB%E7%94%9F%40%E5%B7%9D%E6%9D%91%E8%BB%8D%E5%9B%A3" n1="%E3%83%90%E3%83%AC%E3%83%AB%E3%83%BB%E3%82%BF%E3%82%A4%E3%82%BF%E3%83%BC" n2="%E3%81%8F%E3%81%8F%E3%81%BF%E3%82%93" n3="%E8%B5%A4%E5%AD%97%E5%A2%97%E7%95%99" dan="17,14,15,14" rate="2190.16,1928.17,2052.04,1979.48" sx="M,M,M,F"/><TAIKYOKU oya="0"/><INIT seed="0,0,0,2,2,85" ten="250,250,250,250" oya="0" hai0="127,96,47,43,119,36,134,129,10,12,86,117,63" hai1="78,97,122,64,65,93,58,44,75,54,70,32,106" hai2="27,5,17,62,28,87,6,66,107,101,31,42,39" hai3="100,77,34,68,109,95,46,30,18,49,4,98,51"/><T99/><D129/><U73/><E106/><V52/><F42/><W84/><G68/><T29/><D127/><U79/><E122/><V20/><F39/><W3/><G51/><T67/><D134/><U125/><E32/><V108/><F108/><W57/><G57/><T116/><D29/><U21/><E44/><V114/><F114/><W41/><G18/><T112/><D112/><U128/><E128/><V33/><F31/><W110/><G30/><T130/><D130/><U45/><E45/><V7/><F87/><W11/><G34/><T90/><D63/><U25/><E125/><V23/><F17/><W38/><G38/><T55/><D55/><U102/><E75/><V89/><F89/><W37/><G37/><T15/><D67/><N who="1" m="25675" /><E73/><V135/><F135/><W91/><REACH who="3" step="1"/><G77/><REACH who="3" ten="250,250,250,240" step="2"/><T88/><D15/><U115/><E70/><V124/><F28/><W50/><G50/><T121/><D121/><U56/><E115/><V113/><F113/><W9/><G9/><T69/><D69/><U24/><E56/><V8/><F8/><W14/><G14/><T94/><REACH who="0" step="1"/><D90/><REACH who="0" ten="240,250,250,240" step="2"/><U59/><E102/><V132/><F101/><W111/><G111/><T126/><D126/><U76/><E76/><V48/><F124/><W26/><G26/><T81/><D81/><AGARI ba="0,2" hai="3,4,11,41,46,49,81,84,91,95,98,100,109,110" machi="81" ten="40,2600,0" yaku="1,1,52,1,53,0" doraHai="85" doraHaiUra="61" who="3" fromWho="0" sc="240,-26,250,0,250,0,240,46" /><INIT seed="1,0,0,2,5,117" ten="214,250,250,286" oya="1" hai0="95,134,12,5,28,79,92,27,73,89,115,16,119" hai1="74,86,30,41,18,46,10,22,14,56,91,13,15" hai2="126,104,9,31,122,107,60,99,103,130,21,76,48" hai3="51,11,3,61,77,8,42,32,53,112,71,63,116"/><U6/><E74/><V97/><F76/><W101/><G116/><T35/><D119/><U20/><E30/><V66/><F130/><W75/><G32/><T109/><D115/><U98/><E98/><V110/><F110/><W124/><G101/><T68/><D109/><U127/><E127/><V102/><F126/><W62/><G112/><T59/><D68/><U67/><E67/><V93/><F9/><W129/><G124/><T52/><D134/><U44/><E56/><V120/><F48/><W24/><G71/><T87/><D5/><U17/><REACH who="1" step="1"/><E41/><REACH who="1" ten="214,240,250,286" step="2"/><V57/><F107/><W7/><G42/><T36/><D73/><U113/><E113/><V114/><F114/><W25/><G129/><T78/><D36/><U85/><E85/><V118/><F118/><W111/><G111/><T29/><D29/><U34/><E34/><V65/><F65/><W55/><G75/><T131/><D131/><U2/><E2/><V49/><F49/><W121/><G51/><T45/><D45/><U96/><E96/><V133/><F133/><W1/><G63/><T54/><D54/><U123/><E123/><V19/><REACH who="2" step="1"/><F31/><REACH who="2" ten="214,240,240,286" step="2"/><W43/><G43/><T128/><D128/><U69/><E69/><V47/><F47/><W81/><G121/><T132/><D132/><U94/><AGARI ba="0,2" hai="6,10,13,14,15,17,18,20,22,44,46,86,91,94" machi="94" ten="20,18000,2" yaku="1,1,0,1,7,1,9,1,8,1,53,1" doraHai="117" doraHaiUra="83" who="1" fromWho="1" sc="214,-60,240,200,240,-60,286,-60" /><INIT seed="1,1,0,0,3,80" ten="154,440,180,226" oya="1" hai0="17,114,90,134,133,58,39,122,95,20,22,19,131" hai1="36,65,121,29,70,107,127,49,54,12,18,86,8" hai2="46,101,126,62,40,93,7,6,116,85,10,100,87" hai3="108,71,67,63,124,117,5,132,105,88,83,3,130"/><U30/><E121/><V125/><F116/><W47/><G117/><T81/><D39/><U24/><E36/><N who="2" m="21767" /><F62/><W23/><G23/><T11/><D114/><U61/><E107/><V4/><F10/><W60/><G63/><T16/><D122/><U92/><E127/><N who="2" m="48651" /><F100/><W48/><G105/><T106/><D106/><U66/><E66/><V74/><F74/><W0/><G124/><T27/><D131/><U55/><E55/><V135/><F135/><N who="0" m="51722" /><D81/><U123/><E123/><V33/><F33/><W82/><G130/><T79/><D79/><U52/><E54/><V102/><F102/><W112/><G112/><T76/><D76/><U73/><E73/><V53/><F53/><W26/><G132/><T78/><D78/><U42/><E42/><V97/><AGARI ba="1,0" hai="4,6,7,85,87,93,97,101" m="48651,21767" machi="97" ten="40,5200,0" yaku="18,1,52,2" doraHai="80" who="2" fromWho="2" sc="154,-14,440,-27,180,55,226,-14" /><INIT seed="2,0,0,3,4,11" ten="140,413,235,212" oya="2" hai0="118,101,23,76,77,63,94,51,116,44,121,55,0" hai1="135,88,73,40,100,34,35,102,82,42,126,12,129" hai2="6,72,132,3,18,89,114,20,2,14,29,75,24" hai3="85,65,130,97,131,127,58,99,9,125,106,83,43"/><V4/><F114/><W38/><G38/><T87/><D121/><U31/><E100/><V56/><F132/><W134/><G43/><T112/><D112/><U105/><E135/><V111/><F111/><W47/><G47/><T36/><D0/><U103/><E103/><V92/><F4/><W57/><G106/><T41/><D63/><U128/><E126/><N who="3" m="48138" /><G9/><T117/><D23/><U122/><E122/><V119/><F119/><W69/><G69/><T28/><D28/><U71/><E71/><V62/><F3/><W124/><G65/><T80/><D101/><U25/><E35/><V15/><F2/><W66/><G66/><T96/><D77/><U95/><E102/><V81/><F6/><W113/><G113/><T53/><D36/><U64/><E64/><V98/><F29/><W17/><G17/><T70/><D70/><U21/><E105/><V90/><F72/><W50/><G50/><T74/><D96/><N who="3" m="36937" /><G124/><T68/><REACH who="0" step="1"/><D68/><REACH who="0" ten="130,413,235,212" step="2"/><U107/><E107/><V104/><F104/><W48/><G48/><T5/><D5/><U49/><E21/><V120/><F120/><W39/><G39/><T46/><D46/><U84/><E49/><V110/><F110/><W59/><G134/><T30/><D30/><U61/><E61/><V93/><F75/><W109/><G109/><T52/><D52/><U133/><E133/><V22/><F20/><W26/><G26/><T8/><D8/><U10/><E42/><V32/><F24/><W78/><AGARI ba="0,1" hai="57,58,59,78,83,85,130,131" m="36937,48138" machi="78" ten="40,1500,0" yaku="18,1" doraHai="11" who="3" fromWho="3" sc="130,-4,413,-4,235,-7,212,25" /><INIT seed="3,0,0,0,0,22" ten="126,409,228,237" oya="3" hai0="102,58,115,125,34,9,109,79,95,83,130,18,90" hai1="69,74,46,76,7,13,127,35,63,60,47,17,15" hai2="94,44,14,86,29,80,11,91,31,12,24,73,96" hai3="106,38,71,52,119,51,112,10,5,116,67,6,88"/><W126/><G38/><T45/><D125/><U59/><E69/><V50/><F31/><W27/><G106/><T39/><D130/><U99/><E127/><V97/><F73/><W110/><G126/><T49/><D109/><U101/><E76/><V117/><F117/><W65/><G71/><T48/><D115/><U133/><E133/><V33/><F14/><W42/><G42/><T114/><D34/><U93/><E74/><V124/><F124/><W54/><G112/><T56/><D102/><U108/><E108/><V128/><F128/><W135/><G110/><T85/><D39/><U113/><E113/><V4/><REACH who="2" step="1"/><F80/><REACH who="2" ten="126,409,218,237" step="2"/><W120/><G116/><T82/><D114/><U87/><E15/><V28/><F28/><W32/><G119/><T23/><D9/><U72/><E72/><V123/><F123/><W57/><G120/><T3/><D3/><U8/><E8/><V84/><F84/><W62/><G10/><T41/><D83/><U129/><E87/><V107/><F107/><W16/><G32/><T78/><D78/><U53/><E129/><V132/><F132/><W100/><G135/><T118/><D118/><U20/><E35/><V37/><F37/><W19/><G100/><T122/><D122/><U121/><E121/><V89/><F89/><W0/><G0/><T98/><REACH who="0" step="1"/><D48/><REACH who="0" ten="116,409,218,237" step="2"/><U66/><E7/><V26/><F26/><AGARI ba="0,2" hai="18,23,26,41,45,49,56,58,79,82,85,90,95,98" machi="26" ten="30,8000,1" yaku="1,1,2,1,7,1,8,1,52,1,53,0" doraHai="22" doraHaiUra="134" who="0" fromWho="2" sc="116,100,409,0,218,-80,237,0" /><INIT seed="4,0,0,5,5,29" ten="216,409,138,237" oya="0" hai0="38,73,129,105,42,46,79,27,99,92,134,20,63" hai1="76,41,101,59,75,28,36,72,115,121,131,88,118" hai2="91,69,126,97,19,107,133,23,7,32,44,58,18" hai3="78,52,61,70,30,119,80,81,122,9,5,21,123"/><T22/><D129/><U14/><E118/><V102/><F69/><W8/><G119/><T25/><D134/><U128/><E121/><N who="3" m="46090" /><G70/><T50/><D105/><U90/><E101/><V47/><F133/><W34/><G21/><T57/><D79/><U60/><E14/><V77/><F77/><W16/><G78/><T67/><D73/><U96/><E41/><V98/><F126/><W15/><G30/><T135/><D135/><U127/><E127/><V51/><F7/><W71/><G71/><T117/><D117/><U11/><E11/><V54/><F32/><W56/><G34/><T109/><D109/><U84/><E96/><V112/><F112/><W0/><AGARI ba="0,0" hai="0,5,8,9,15,16,52,56,61,80,81" m="46090" machi="0" ten="30,4000,0" yaku="13,1,54,2" doraHai="29" who="3" fromWho="3" sc="216,-20,409,-10,138,-10,237,40" /><INIT seed="5,0,0,4,0,106" ten="196,399,128,277" oya="1" hai0="72,33,37,38,107,64,59,58,5,129,67,13,0" hai1="110,8,42,127,94,93,133,60,61,57,86,120,92" hai2="56,89,74,118,19,68,131,50,7,54,30,87,69" hai3="112,6,85,109,114,126,83,24,66,34,104,17,18"/><U51/><E120/><V113/><F118/><W27/><G104/><T62/><D33/><U96/><E133/><V22/><F30/><W124/><G66/><T41/><D0/><U81/><E127/><N who="3" m="48682" /><G34/><T55/><D129/><U88/><E110/><V65/><F131/><W99/><G99/><T135/><D135/><U21/><E8/><V49/><F7/><W16/><G85/><T53/><D107/><U32/><E32/><V35/><F35/><W52/><G83/><T125/><D72/><U1/><E1/><V76/><F113/><N who="3" m="43627" /><G52/><N who="0" m="20043" /><D13/><U105/><E105/><V48/><F65/><W121/><G109/><T23/><D5/><U116/><E116/><V130/><F130/><W115/><N who="3" m="43635" /><W97/><DORA hai="39" /><G97/><T43/><D23/><U47/><E57/><V25/><F76/><W12/><G121/><T36/><D125/><U4/><E4/><V70/><REACH who="2" step="1"/><F74/><REACH who="2" ten="196,399,118,277" step="2"/><W108/><G108/><T28/><D28/><U46/><E96/><V128/><F128/><W20/><G6/><T15/><D15/><U117/><E117/><V73/><F73/><W45/><G45/><T29/><D29/><U2/><E47/><V119/><F119/><W10/><G10/><T44/><D44/><U14/><E2/><V103/><F103/><W102/><G102/><T31/><D31/><U123/><E123/><V98/><F98/><W111/><G111/><T91/><D91/><U77/><E77/><V79/><F79/><W100/><G100/><T63/><AGARI ba="0,1" hai="36,37,38,41,43,58,59,62,63,64,67" m="20043" machi="63" ten="40,16000,3" yaku="35,5,52,2,54,1" doraHai="106,39" who="0" fromWho="0" sc="196,170,399,-80,118,-40,277,-40" /><INIT seed="6,0,0,3,4,45" ten="366,319,78,237" oya="2" hai0="6,111,86,37,28,7,91,22,101,61,95,66,89" hai1="88,12,90,77,117,114,15,56,78,49,110,30,94" hai2="23,13,47,24,55,44,33,115,82,118,42,131,59" hai3="34,62,106,135,108,100,57,73,10,130,99,68,128"/><V103/><F118/><W81/><G108/><T127/><D111/><U50/><E110/><V116/><F33/><W129/><G10/><T93/><D37/><U76/><E117/><V80/><F116/><W29/><G57/><N who="0" m="37167" /><D127/><U104/><E104/><V41/><F103/><W0/><G0/><T85/><D101/><U21/><E114/><V67/><F67/><N who="3" m="41079" /><G81/><N who="2" m="31337" /><F131/><W92/><G92/><T14/><D14/><N who="1" m="5163" /><E56/><V5/><F115/><W11/><G11/><T97/><D97/><N who="1" m="57543" /><E90/><V102/><F102/><W84/><G84/><T96/><D96/><U69/><E69/><V46/><F13/><W134/><G73/><T65/><D65/><U122/><E122/><V3/><F3/><W4/><G4/><T35/><D35/><U121/><E121/><V98/><F98/><W70/><G70/><T132/><D132/><U79/><N who="1" m="19968" /><DORA hai="133" /><U16/><E30/><N who="2" m="17695" /><F5/><W18/><G18/><T27/><AGARI ba="0,0" hai="6,7,22,27,28,85,86,89,91,93,95" m="37167" machi="27" ten="30,1100,0" yaku="8,1" doraHai="45,133" who="0" fromWho="0" sc="366,11,319,-3,78,-5,237,-3" /><INIT seed="7,0,0,5,1,91" ten="377,316,73,234" oya="3" hai0="103,34,45,39,104,128,64,66,43,7,54,117,33" hai1="3,79,2,107,125,109,87,88,48,18,46,106,127" hai2="86,89,38,44,99,24,55,118,135,56,114,126,67" hai3="53,8,130,75,50,129,72,1,14,12,84,74,90"/><W101/><G101/><T134/><D117/><U11/><E109/><V22/><F118/><W4/><G1/><T121/><D121/><U122/><E79/><V62/><F114/><W94/><G14/><T29/><D54/><U41/><E122/><V35/><F35/><W110/><G110/><T58/><D58/><U16/><E3/><V31/><F126/><N who="1" m="48137" /><E2/><V111/><F111/><W83/><G83/><T32/><D29/><U123/><E123/><V113/><F113/><W71/><G71/><T69/><D69/><U76/><E76/><V51/><F135/><W65/><G65/><T92/><D104/><N who="1" m="39979" /><E11/><V19/><F38/><W5/><G4/><T68/><D68/><U70/><E70/><V52/><F67/><W112/><G112/><T49/><D39/><U15/><E15/><V27/><F86/><W95/><REACH who="3" step="1"/><G94/><AGARI ba="0,0" hai="16,18,41,46,48,87,88,94" m="39979,48137" machi="94" ten="30,7700,0" yaku="18,1,52,1,54,2" doraHai="91" who="1" fromWho="3" sc="377,0,316,77,73,0,234,-77" owari="377,18.0,393,49.0,73,-43.0,157,-24.0" /></mjloggm>