<mjloggm ver="2.3"><GO type="169" lobby="0"/><UN n0="%70%70%67%75%6E" n1="%E3%83%84%E3%82%A4%E3%82%B9%E3%83%88" n2="%E5%B1%B1%E6%9C%AC%E5%8B%98%E5%8A%A9" n3="%E5%B0%B1%E6%B4%BB%E7%94%9F%40%E5%B7%9D%E6%9D%91%E8%BB%8D%E5%9B%A3" dan="16,16,16,18" rate="2107.45,2026.78,2084.36,2240.75" sx="M,M,M,M"/><TAIKYOKU oya="0"/><INIT seed="0,0,0,1,5,101" ten="250,250,250,250" oya="0" hai0="130,110,24,10,66,99,23,53,54,19,65,12,127" hai1="71,30,14,73,112,77,79,132,121,22,44,46,62" hai2="119,9,100,120,69,118,133,16,78,116,122,36,21" hai3="61,18,83,55,38,68,51,35,4,97,25,85,50"/><T42/><D127/><U2/><E121/><N who="2" m="46699" /><F69/><W129/><G38/><T20/><D130/><U95/><E2/><V60/><F36/><W117/><G117/><T111/><D42/><U31/><E112/><V17/><F78/><W29/><G129/><T27/><D99/><U80/><E132/><V45/><F45/><W33/><G4/><T128/><D128/><U67/><E79/><V93/><F60/><W76/><G35/><T94/><D94/><U7/><E95/><V1/><F93/><W5/><G5/><T91/><D91/><U41/><E46/><V114/><F100/><W11/><G11/><T109/><D23/><U8/><E22/><V40/><F40/><W113/><G18/><N who="2" m="7273" /><F114/><W43/><G113/><T3/><D3/><U64/><E67/><N who="0" m="25609" /><D24/><U0/><REACH who="1" step="1"/><E14/><REACH who="1" ten="250,240,250,250" step="2"/><V106/><F133/><W37/><G76/><T58/><D58/><U15/><E15/><V123/><F123/><W92/><G92/><T6/><AGARI ba="0,1" hai="6,10,12,19,20,27,53,54,109,110,111" m="25609" machi="6" ten="40,3900,0" yaku="14,1,10,1" doraHai="101" who="0" fromWho="0" sc="250,49,240,-13,250,-13,250,-13" /><INIT seed="0,1,0,0,0,39" ten="299,227,237,237" oya="0" hai0="134,85,111,8,1,30,70,48,74,112,56,21,110" hai1="113,119,92,14,129,88,5,133,77,12,101,59,37" hai2="60,83,42,49,106,115,69,67,114,75,86,3,131" hai3="71,51,2,9,103,120,18,29,63,107,65,32,23"/><T46/><D112/><U118/><E113/><V80/><F106/><W124/><G120/><T84/><D74/><U91/><E129/><V126/><F3/><W87/><G124/><T105/><D70/><U58/><E133/><V127/><F131/><W26/><G87/><T82/><D134/><U33/><E101/><V43/><F75/><W24/><G51/><T36/><D105/><U45/><E91/><V41/><F49/><W68/><G68/><T100/><D100/><U66/><E58/><V104/><F104/><W78/><G78/><T117/><D117/><U11/><E33/><V125/><F83/><W19/><G9/><T38/><D56/><U20/><E77/><AGARI ba="1,0" hai="41,42,43,60,67,69,77,80,86,114,115,125,126,127" machi="77" ten="50,8000,1" yaku="18,1,52,3" doraHai="39" who="2" fromWho="1" sc="299,0,227,-83,237,83,237,0" /><INIT seed="1,0,0,3,3,32" ten="299,144,320,237" oya="1" hai0="18,14,35,10,43,112,64,72,119,103,93,37,80" hai1="114,24,27,125,26,116,47,4,92,122,131,62,17" hai2="5,48,82,8,74,15,132,33,1,54,129,110,11" hai3="81,100,39,96,77,50,94,88,124,31,113,133,2"/><U61/><E114/><V65/><F110/><W67/><G39/><T91/><D112/><U97/><E116/><V36/><F33/><W121/><G121/><T34/><D119/><U71/><E122/><V84/><F36/><W86/><G113/><T70/><D103/><U126/><E131/><V42/><F129/><W79/><G124/><N who="1" m="47722" /><E71/><V95/><F132/><W99/><G133/><T13/><D70/><U44/><E17/><V0/><F42/><W53/><G2/><T57/><D37/><U49/><E4/><V63/><F74/><W111/><G111/><T55/><D43/><N who="1" m="24735" /><E47/><V87/><F95/><W102/><G67/><T22/><D64/><U38/><E38/><V45/><F11/><W130/><G31/><T68/><D68/><U69/><E69/><V78/><F84/><W76/><G130/><T128/><D80/><U83/><E83/><V75/><REACH who="2" step="1"/><F87/><REACH who="2" ten="299,144,310,237" step="2"/><W120/><G120/><T19/><D72/><U30/><E30/><V60/><F60/><W127/><G127/><T41/><D41/><U29/><E29/><V118/><F118/><W101/><REACH who="3" step="1"/><G81/><REACH who="3" ten="299,144,310,227" step="2"/><T20/><D128/><U107/><E107/><V7/><F7/><W135/><G135/><T28/><D28/><U90/><AGARI ba="0,2" hai="24,26,27,61,62,90,92,97" m="24735,47722" machi="90" ten="30,1500,0" yaku="18,1" doraHai="32" who="1" fromWho="1" sc="299,-5,144,35,310,-5,227,-5" /><INIT seed="1,1,0,0,2,33" ten="294,179,305,222" oya="1" hai0="76,81,114,30,99,97,12,119,68,84,32,22,52" hai1="55,128,18,44,83,50,104,73,91,26,2,38,59" hai2="131,24,101,53,134,35,42,67,60,37,132,127,129" hai3="122,86,121,108,115,100,118,71,0,77,85,23,92"/><U133/><E128/><N who="2" m="49227" /><F101/><W64/><G115/><T123/><D114/><U29/><E133/><N who="2" m="51307" /><F35/><W15/><G0/><T82/><D119/><U111/><E111/><V17/><F17/><W113/><G113/><T54/><D32/><U98/><E2/><V107/><F107/><W27/><G108/><T57/><D68/><U28/><E104/><V34/><F34/><W135/><G135/><T3/><D123/><U90/><E73/><V103/><F103/><W125/><G118/><T95/><D3/><U47/><E90/><V43/><F24/><W89/><G27/><T93/><D30/><U87/><E98/><N who="0" m="37385" /><D54/><U6/><E6/><V20/><F20/><W10/><G100/><T46/><D46/><N who="1" m="17451" /><E38/><V25/><F25/><W21/><G89/><T49/><D82/><U31/><E18/><AGARI ba="1,0" hai="12,18,22,49,52,57,76,81,84,93,95" m="37385" machi="18" ten="30,2000,0" yaku="8,1,54,1" doraHai="33" who="0" fromWho="1" sc="294,23,179,-23,305,0,222,0" /><INIT seed="2,0,0,4,5,47" ten="317,156,305,222" oya="2" hai0="108,32,116,86,125,37,25,43,12,6,24,35,19" hai1="72,76,49,14,38,26,123,114,83,65,16,64,104" hai2="100,82,0,63,21,113,79,105,31,20,13,88,51" hai3="94,102,107,48,80,135,78,133,85,1,66,56,126"/><V110/><F113/><W97/><G1/><T91/><D108/><U22/><E114/><V40/><F0/><W36/><G36/><T58/><D125/><U96/><E38/><V67/><F105/><W60/><G126/><T46/><D116/><U112/><E112/><V132/><F132/><W120/><G120/><T11/><D32/><U68/><E123/><V124/><F124/><W92/><REACH who="3" step="1"/><G48/><REACH who="3" ten="317,156,305,212" step="2"/><T87/><D37/><U119/><E49/><V111/><F100/><W54/><G54/><T95/><D43/><U10/><E119/><V44/><F111/><W34/><G34/><T3/><D35/><U8/><E65/><V77/><F110/><W52/><G52/><T15/><D3/><U74/><E64/><V29/><F67/><W115/><G115/><T81/><D46/><U28/><E68/><V90/><F63/><W73/><G73/><T118/><D118/><U101/><E74/><V98/><F31/><W42/><G42/><T134/><D134/><AGARI ba="0,1" hai="56,60,66,78,80,85,92,94,97,102,107,133,134,135" machi="134" ten="40,2600,0" yaku="1,1,20,1,53,0" doraHai="47" doraHaiUra="9" who="3" fromWho="0" sc="317,-26,156,0,305,0,212,36" /><INIT seed="3,0,0,1,0,126" ten="291,156,305,248" oya="3" hai0="107,62,28,82,78,8,25,2,6,89,60,85,3" hai1="127,24,117,98,71,51,5,73,94,88,20,91,115" hai2="95,120,55,56,101,81,67,64,110,46,109,129,106" hai3="58,23,118,26,119,29,1,52,76,10,40,54,87"/><W72/><G72/><T74/><D107/><U19/><E127/><V0/><F106/><W15/><G1/><T116/><D2/><U100/><E115/><V66/><F0/><W114/><G114/><T32/><REACH who="0" step="1"/><D116/><REACH who="0" ten="281,156,305,248" step="2"/><U68/><E117/><V84/><F109/><W83/><G40/><T47/><D47/><U61/><E73/><V7/><F46/><W113/><G113/><T134/><D134/><U77/><E77/><V108/><F110/><W125/><G125/><T65/><D65/><U102/><E71/><V103/><F64/><W124/><G124/><T21/><D21/><U18/><E68/><V45/><F67/><W43/><G43/><T41/><D41/><U59/><E20/><V135/><F45/><W111/><G111/><T38/><D38/><U86/><E59/><V27/><F56/><W70/><G70/><T80/><AGARI ba="0,1" hai="3,6,8,25,28,32,60,62,74,78,80,82,85,89" machi="80" ten="20,2700,0" yaku="1,1,0,1,7,1,53,0" doraHai="126" doraHaiUra="131" who="0" fromWho="0" sc="281,37,156,-7,305,-7,248,-13" /><INIT seed="4,0,0,1,1,74" ten="318,149,298,235" oya="0" hai0="43,82,33,61,101,117,56,127,99,124,9,29,112" hai1="128,7,115,8,31,86,42,106,129,15,35,81,17" hai2="111,94,12,108,50,91,14,122,55,5,65,36,90" hai3="66,21,88,132,32,68,37,47,23,28,89,41,4"/><T53/><D117/><U85/><E115/><V96/><F122/><W52/><G132/><T45/><D112/><U20/><E106/><V62/><F36/><W126/><G126/><T19/><D29/><U11/><E42/><V24/><F108/><W93/><G32/><T135/><D33/><U75/><E75/><V39/><F39/><W51/><G4/><T16/><D135/><U83/><E86/><V72/><F72/><W78/><G28/><T54/><D53/><U133/><E133/><V58/><F111/><W59/><G78/><T130/><D130/><N who="1" m="50283" /><E85/><V0/><F0/><W102/><G102/><T34/><D34/><U25/><E83/><V18/><F5/><W30/><G30/><T121/><D121/><U27/><E81/><V131/><F131/><W26/><G26/><T92/><D82/><U95/><E95/><V79/><F79/><W40/><G40/><T107/><D107/><U6/><E11/><V97/><F24/><W67/><G89/><T46/><D45/><U71/><E71/><V3/><F3/><W44/><G44/><T98/><D99/><U120/><E120/><V64/><F65/><W118/><G118/><T57/><D56/><U105/><E105/><V114/><F114/><W134/><G134/><T84/><D84/><U69/><E69/><V87/><F97/><N who="3" m="57511" /><G66/><T110/><D110/><U10/><E10/><V13/><F87/><W125/><G125/><N who="0" m="48203" /><D9/><U77/><E77/><V49/><F90/><W1/><G1/><T70/><D70/><U113/><E113/><V104/><F104/><W80/><G80/><T48/><AGARI ba="0,0" hai="16,19,43,46,48,54,57,61,92,98,101" m="48203" machi="48" ten="30,6000,0" yaku="5,1,18,1,54,1" doraHai="74" who="0" fromWho="0" sc="318,60,149,-20,298,-20,235,-20" /><INIT seed="4,1,0,0,4,94" ten="378,129,278,215" oya="0" hai0="82,21,55,37,0,109,128,111,27,95,129,123,3" hai1="7,104,39,48,125,19,14,121,92,12,43,49,44" hai2="103,90,69,34,127,114,115,131,108,41,57,76,97" hai3="24,51,71,75,88,28,78,100,42,74,79,25,81"/><T29/><D55/><U65/><E121/><V4/><F108/><N who="0" m="41546" /><D37/><U105/><E125/><V66/><F34/><W112/><G112/><N who="2" m="43049" /><F69/><W32/><G71/><T50/><D50/><U54/><E39/><V58/><F131/><N who="0" m="50250" /><D95/><U5/><E92/><V77/><F127/><W20/><G100/><T63/><D63/><U96/><E105/><V84/><F4/><W11/><G51/><T60/><D60/><U46/><E65/><V56/><F66/><W113/><G113/><T1/><D82/><U13/><REACH who="1" step="1"/><E19/><REACH who="1" ten="378,119,278,215" step="2"/><V87/><F41/><W52/><G42/><T124/><D124/><U116/><E116/><V70/><F70/><W133/><G52/><T106/><D106/><U118/><E118/><V120/><F120/><AGARI ba="1,1" hai="0,1,3,21,27,29,120,123" m="50250,41546" machi="120" ten="40,12000,1" yaku="10,1,19,1,34,2" doraHai="94" who="0" fromWho="2" sc="378,133,119,0,278,-123,215,0" /><INIT seed="4,2,0,1,2,57" ten="511,119,155,215" oya="0" hai0="131,95,103,27,14,56,73,54,100,83,117,105,48" hai1="51,122,71,93,80,87,130,76,20,129,98,78,133" hai2="63,50,99,4,123,74,11,47,35,23,62,33,18" hai3="85,25,70,102,64,127,1,120,28,2,12,43,90"/><T55/><D117/><U60/><E122/><V111/><F123/><W42/><G120/><T66/><D105/><U49/><E133/><V89/><F111/><W61/><G127/><T109/><D66/><U72/><E20/><V106/><F74/><W110/><G110/><T30/><D109/><U44/><E51/><V9/><F35/><W16/><G102/><T81/><D131/><N who="1" m="50187" /><E72/><V7/><F33/><W67/><G67/><T65/><D65/><N who="1" m="41383" /><E87/><V45/><F106/><W134/><G134/><T104/><D104/><U91/><E80/><V121/><F121/><W52/><G52/><AGARI ba="2,0" hai="44,49,52,76,78,91,93,98" m="41383,50187" machi="52" ten="30,3900,0" yaku="19,1,52,1,54,1" doraHai="57" who="1" fromWho="3" sc="511,0,119,45,155,0,215,-45" /><INIT seed="5,0,0,1,4,62" ten="511,164,155,170" oya="1" hai0="103,10,67,124,6,77,98,102,30,113,0,132,13" hai1="3,110,31,54,17,50,107,106,32,76,123,119,126" hai2="63,74,42,22,18,112,52,20,105,16,53,19,109" hai3="7,57,33,94,11,38,65,101,115,1,95,4,73"/><U60/><E119/><V34/><F109/><W134/><G73/><T80/><D113/><U97/><E110/><V127/><F74/><W81/><G38/><T72/><D124/><U133/><E126/><V58/><F127/><W66/><G33/><T117/><D117/><U122/><E133/><V45/><F105/><W120/><G120/><T5/><D132/><U118/><E118/><V14/><F34/><W2/><G134/><T87/><D30/><U116/><E116/><V59/><F112/><W12/><G115/><T114/><D114/><U82/><E3/><V15/><F19/><W26/><G81/><T99/><D0/><U84/><E107/><V64/><F58/><W108/><G108/><T85/><D72/><U37/><E37/><AGARI ba="0,0" hai="14,15,16,18,20,22,37,42,45,52,53,59,63,64" machi="37" ten="30,8000,1" yaku="7,1,9,1,52,1,54,2" doraHai="62" who="2" fromWho="1" sc="511,0,164,-80,155,80,170,0" /><INIT seed="6,0,0,1,1,118" ten="511,84,235,170" oya="2" hai0="96,99,62,14,48,80,5,58,89,119,65,101,106" hai1="16,12,73,120,21,122,94,24,19,10,128,92,17" hai2="57,115,66,46,123,63,124,81,98,103,72,109,132" hai3="78,30,131,87,6,61,97,76,79,77,84,134,9"/><V40/><F123/><N who="1" m="47145" /><E73/><V18/><F115/><W104/><G131/><T52/><D119/><U29/><E128/><V102/><F124/><W36/><G36/><T85/><D106/><U67/><E67/><V25/><F132/><W50/><G134/><T86/><D101/><U35/><E35/><V88/><F109/><W28/><G61/><T127/><D127/><U130/><E130/><V116/><F116/><W105/><G50/><T133/><D133/><U126/><E126/><V2/><F2/><W100/><G105/><T49/><D48/><U1/><E1/><V121/><F121/><W31/><N who="3" m="19968" /><DORA hai="32" /><W111/><REACH who="3" step="1"/><G111/><REACH who="3" ten="511,84,235,160" step="2"/><T113/><D49/><U13/><E13/><AGARI ba="0,1" hai="6,9,13,28,30,31,84,87,97,100,104" m="19968" machi="13" ten="50,8000,1" yaku="1,1,2,1,53,3" doraHai="118,32" doraHaiUra="27,68" who="3" fromWho="1" sc="511,0,84,-80,235,0,160,90" /><INIT seed="7,0,0,0,0,42" ten="511,4,235,250" oya="3" hai0="103,61,78,83,88,119,33,79,132,34,86,59,70" hai1="84,50,115,112,91,117,40,73,102,29,9,3,130" hai2="105,23,20,28,98,53,128,135,43,66,114,26,118" hai3="101,92,12,8,2,134,113,22,80,120,32,90,125"/><W64/><G120/><T58/><D119/><U39/><E29/><V30/><F118/><W38/><G32/><T0/><D103/><U18/><E18/><V131/><F114/><W21/><G38/><T82/><D0/><U74/><E9/><V75/><F75/><W85/><G125/><T96/><D96/><U76/><E3/><V1/><F1/><W52/><G134/><T13/><D13/><U108/><E117/><V72/><F72/><W7/><G113/><T104/><D104/><U99/><E50/><V77/><F77/><W15/><G64/><T89/><D61/><U10/><E10/><V54/><F135/><W25/><G21/><T37/><D132/><U94/><E39/><V60/><F43/><W122/><G122/><T36/><D86/><U133/><E40/><V68/><F30/><W11/><G11/><T71/><AGARI ba="0,0" hai="33,34,36,37,58,59,70,71,78,79,82,83,88,89" machi="71" ten="25,6400,0" yaku="0,1,22,2,54,1" doraHai="42" who="0" fromWho="0" sc="511,64,4,-16,235,-16,250,-32" owari="575,67.0,-12,-51.0,219,2.0,218,-18.0" /></mjloggm>