<mjloggm ver="2.3"><GO type="169" lobby="0"/><UN n0="%E3%83%A9%E3%83%83%E3%82%AD%E3%83%BC%E3%83%89%E3%83%83%E3%82%B0" n1="%E5%B0%B1%E6%B4%BB%E7%94%9F%40%E5%B7%9D%E6%9D%91%E8%BB%8D%E5%9B%A3" n2="%E8%A6%AA%E6%8C%87%EF%BC%88%E5%A4%A7%EF%BC%89" n3="%41%E3%82%86%E3%81%A3%E3%81%93%E3%82%93%E3%81%90" dan="16,17,17,16" rate="2091.94,2229.46,2147.45,2054.95" sx="M,M,M,M"/><TAIKYOKU oya="0"/><INIT seed="0,0,0,5,5,76" ten="250,250,250,250" oya="0" hai0="92,4,83,58,123,51,104,41,98,62,27,114,129" hai1="49,50,46,33,84,109,60,8,128,80,34,105,26" hai2="130,63,133,117,88,22,102,30,11,61,79,125,113" hai3="121,100,68,18,71,15,53,85,122,81,67,120,119"/><T70/><D123/><U103/><E109/><V1/><F113/><W43/><G119/><T115/><D129/><U28/><E128/><V54/><F130/><W99/><G43/><T57/><D104/><U7/><E34/><V107/><F117/><W97/><G53/><T0/><D70/><U90/><E60/><V108/><F108/><W95/><G97/><T111/><D111/><U118/><E118/><V116/><F79/><N who="3" m="46271" /><G67/><T23/><D4/><U40/><E103/><V106/><F102/><W38/><G38/><T29/><D0/><U52/><E105/><V35/><F116/><W127/><G127/><T9/><D9/><AGARI ba="0,0" hai="9,15,18,68,71,95,99,100,120,121,122" m="46271" machi="9" ten="30,2000,0" yaku="13,1,52,1" doraHai="76" who="3" fromWho="0" sc="250,-20,250,0,250,0,250,20" /><INIT seed="1,0,0,3,3,40" ten="230,250,250,270" oya="1" hai0="59,10,56,39,100,38,26,112,131,118,125,81,6" hai1="46,113,29,93,102,66,115,103,45,8,123,48,70" hai2="85,122,111,30,119,129,19,21,127,58,22,71,0" hai3="52,60,89,134,51,83,69,16,110,15,20,55,130"/><U121/><E29/><V68/><F119/><W87/><G110/><T57/><D118/><U109/><E8/><V80/><F122/><N who="1" m="46601" /><E93/><V18/><F111/><W96/><G134/><T114/><D131/><U65/><E109/><V132/><F0/><W41/><G130/><T17/><D125/><U82/><E82/><V126/><F129/><W11/><G69/><T28/><D100/><N who="1" m="38443" /><E48/><V62/><F132/><W120/><G120/><T72/><D17/><U75/><E70/><V92/><F92/><W77/><G96/><T108/><D108/><U76/><E76/><V99/><F99/><W124/><G124/><N who="2" m="47657" /><F30/><W34/><G34/><T14/><D81/><U86/><E86/><V79/><F19/><N who="3" m="8703" /><G77/><T74/><D39/><U91/><E75/><V47/><F22/><W43/><G60/><T94/><D38/><U37/><E91/><V53/><F21/><W104/><G104/><T61/><D94/><U36/><E36/><V12/><F18/><W133/><G133/><T105/><D61/><U32/><E37/><V64/><F12/><N who="3" m="9223" /><G55/><T101/><D105/><U54/><E54/><V5/><F5/><W33/><G33/><T78/><D101/><U7/><E7/><V97/><F97/><W128/><G128/><T4/><D78/><U2/><E2/><V117/><F117/><W116/><G116/><T13/><D72/><U42/><E42/><V106/><F106/><W98/><G98/><T1/><D74/><U9/><E9/><V95/><F95/><W107/><G107/><T73/><D73/><U63/><E32/><V23/><F23/><W49/><G49/><AGARI ba="0,0" hai="47,49,53,58,62,64,68,71,79,80,85" m="47657" machi="49" ten="30,3900,0" yaku="6,1,18,1,52,1" doraHai="40" who="2" fromWho="3" sc="230,0,250,0,250,39,270,-39" /><INIT seed="2,0,0,4,2,15" ten="230,250,289,231" oya="2" hai0="7,98,55,121,63,35,77,29,41,84,51,0,34" hai1="16,31,48,11,135,86,111,117,59,123,91,52,74" hai2="64,3,125,85,54,49,81,88,90,30,106,116,23" hai3="108,61,109,36,72,33,115,124,131,126,110,73,25"/><V96/><F116/><W87/><G87/><T133/><D121/><U37/><E37/><V83/><F3/><W128/><G61/><T114/><D114/><U65/><E117/><V44/><F125/><N who="3" m="48235" /><G25/><T82/><D133/><U6/><E74/><N who="3" m="28778" /><G36/><T19/><D98/><U102/><E123/><V26/><F64/><W107/><G33/><T42/><D63/><U104/><E31/><V10/><F10/><W50/><G50/><T118/><D118/><U76/><E76/><V132/><F132/><W40/><G40/><T99/><D99/><U24/><E135/><V75/><F75/><W14/><G14/><T95/><D41/><U129/><E129/><N who="3" m="49738" /><G107/><T38/><D42/><U70/><E70/><V53/><F53/><W94/><G94/><T12/><D38/><U60/><E104/><V127/><F127/><W20/><G20/><T57/><D95/><N who="1" m="54775" /><E65/><V105/><REACH who="2" step="1"/><F96/><REACH who="2" ten="230,250,279,231" step="2"/><W93/><G93/><T68/><D0/><U134/><E11/><V17/><F17/><W9/><G9/><T28/><D19/><U67/><E6/><V69/><F69/><W4/><G115/><T92/><D92/><U71/><E134/><V112/><F112/><W46/><G109/><T22/><D68/><U97/><E71/><V8/><F8/><W66/><G66/><T79/><D7/><U2/><E111/><N who="3" m="42538" /><G46/><T58/><D29/><U18/><E2/><V27/><F27/><W62/><G4/><T101/><D28/><U103/><E24/><V113/><F113/><W130/><G130/><T45/><D45/><N who="1" m="27663" /><E97/><V43/><F43/><W119/><G119/><T1/><D1/><RYUUKYOKU ba="0,1" sc="230,-30,250,10,279,10,231,10" hai1="16,18,59,60,67,102,103" hai2="23,26,30,44,49,54,81,83,85,88,90,105,106" hai3="62" /><INIT seed="2,1,1,5,2,76" ten="200,260,289,241" oya="2" hai0="62,5,115,49,17,135,94,95,91,13,58,1,120" hai1="4,24,106,88,10,51,98,74,97,102,36,25,134" hai2="108,128,126,104,92,39,112,65,132,67,38,113,22" hai3="79,110,82,29,83,14,77,12,46,0,2,111,133"/><V99/><F104/><W11/><G29/><T121/><D120/><U15/><E36/><V6/><F132/><W48/><G133/><T96/><D121/><U101/><E134/><V34/><F34/><W118/><G118/><T68/><D115/><U119/><E119/><V21/><F6/><W28/><G28/><T87/><D135/><U75/><E88/><V130/><F126/><W43/><G2/><T37/><D37/><U27/><REACH who="1" step="1"/><E51/><REACH who="1" ten="200,250,289,241" step="2"/><V55/><F39/><W122/><G122/><T114/><D49/><U81/><E81/><N who="3" m="30730" /><G79/><T50/><D91/><U69/><E69/><V9/><F38/><W124/><G77/><T129/><D50/><U93/><AGARI ba="1,2" hai="4,10,15,24,25,27,74,75,93,97,98,101,102,106" machi="93" ten="30,2000,0" yaku="1,1,0,1,53,0" doraHai="76" doraHaiUra="125" who="1" fromWho="1" sc="200,-6,250,43,289,-11,241,-6" /><INIT seed="3,0,0,4,5,31" ten="194,293,278,235" oya="3" hai0="97,115,10,85,80,60,67,91,116,54,124,96,99" hai1="132,110,4,22,7,68,33,18,69,24,101,14,125" hai2="70,64,61,108,71,88,105,126,94,127,95,62,119" hai3="87,84,117,51,59,29,26,0,36,66,63,128,47"/><W135/><G117/><T41/><D116/><U11/><E110/><V122/><F119/><W121/><G121/><T77/><D115/><U131/><E131/><V9/><F105/><W5/><G128/><T98/><N who="0" m="24576" /><DORA hai="21" /><T118/><D118/><U123/><E101/><V102/><F102/><W28/><G135/><T55/><D124/><N who="2" m="47658" /><F108/><W30/><G36/><T50/><D91/><U8/><E125/><V133/><F133/><W58/><G58/><T25/><D25/><U112/><E132/><V56/><F122/><W12/><G0/><T16/><D41/><U100/><E100/><V79/><F79/><W17/><G5/><T40/><D40/><U81/><E81/><V83/><F9/><W34/><G87/><T75/><D75/><U107/><E107/><V6/><F6/><W113/><G84/><T53/><D50/><U44/><E44/><V46/><F46/><W1/><G1/><T104/><D104/><U27/><E112/><V78/><F88/><W19/><G113/><T20/><D10/><U103/><E103/><V48/><F48/><W120/><G120/><T65/><REACH who="0" step="1"/><D60/><REACH who="0" ten="184,293,278,235" step="2"/><U49/><E49/><V15/><F62/><W134/><G134/><T13/><AGARI ba="0,1" hai="13,16,20,53,54,55,65,67,77,80,85" m="24576" machi="13" ten="50,8000,1" yaku="1,1,2,1,0,1,8,1,54,1,53,0" doraHai="31,21" doraHaiUra="86,23" who="0" fromWho="0" sc="184,90,293,-20,278,-20,235,-40" /><INIT seed="4,0,0,0,5,3" ten="274,273,258,195" oya="0" hai0="135,12,41,96,35,60,56,131,20,50,7,66,40" hai1="82,16,119,78,103,14,112,29,76,8,1,93,55" hai2="2,79,88,38,101,129,77,97,24,70,122,126,121" hai3="100,22,123,67,118,90,80,84,81,134,48,52,71"/><T25/><D135/><U63/><E119/><V107/><F38/><W110/><G110/><T99/><D131/><U83/><E1/><V86/><F70/><W92/><G134/><T26/><D35/><U104/><E104/><V49/><F2/><W124/><G124/><T47/><D41/><U68/><E29/><V27/><F126/><W31/><G118/><T75/><D75/><U43/><E43/><V85/><F129/><W28/><G123/><N who="2" m="47113" /><F49/><W116/><G116/><T51/><D51/><U114/><E103/><V109/><F24/><N who="0" m="9322" /><D20/><U61/><E93/><N who="2" m="54423" /><F27/><W44/><G22/><T23/><D23/><U32/><E32/><V132/><F132/><W21/><G21/><T46/><D46/><U64/><E55/><V115/><F109/><W30/><REACH who="3" step="1"/><G100/><REACH who="3" ten="274,273,258,185" step="2"/><T72/><D72/><U33/><E33/><V9/><F9/><AGARI ba="0,1" hai="7,9,12,40,47,50,56,60,66,96,99" m="9322" machi="9" ten="30,2900,0" yaku="8,1,52,1" doraHai="3" who="0" fromWho="2" sc="274,39,273,0,258,-29,185,0" /><INIT seed="4,1,0,5,1,39" ten="313,273,229,185" oya="0" hai0="8,35,102,34,109,13,6,74,114,80,79,46,119" hai1="30,110,2,21,100,52,41,29,89,62,68,5,50" hai2="44,11,43,48,76,72,27,113,128,54,122,86,116" hai3="118,45,87,82,115,61,23,60,117,10,124,28,22"/><T33/><D119/><U37/><E110/><V15/><F116/><W95/><G115/><T134/><D114/><U88/><E100/><V66/><F113/><W108/><G124/><T69/><D69/><U126/><E126/><V92/><F122/><W55/><G108/><T31/><D109/><U12/><E2/><V131/><F66/><W38/><G95/><T121/><D121/><U20/><E37/><V59/><F72/><W103/><G103/><T7/><D134/><U58/><E68/><V129/><F27/><W65/><G10/><T16/><D102/><U17/><E5/><N who="2" m="3567" /><F92/><W67/><G28/><N who="1" m="10858" /><E21/><V56/><F54/><W49/><G38/><T77/><D77/><U18/><E18/><V51/><F51/><W98/><G98/><T78/><D78/><U105/><E105/><V125/><F125/><W4/><G4/><T71/><D71/><U90/><E90/><V106/><F106/><W111/><G111/><T130/><D130/><U3/><E3/><V112/><F112/><W91/><G118/><T1/><D1/><U133/><E133/><V99/><F99/><W85/><G117/><T0/><D0/><U36/><E36/><V135/><F135/><W132/><G132/><T104/><D104/><U93/><E93/><V25/><F25/><W107/><G107/><T47/><REACH who="0" step="1"/><D31/><REACH who="0" ten="303,273,229,185" step="2"/><U14/><E14/><V96/><F96/><W57/><REACH who="3" step="1"/><G87/><REACH who="3" ten="303,273,229,175" step="2"/><T64/><D64/><U32/><E32/><V9/><F9/><W19/><G19/><T123/><D123/><U84/><E84/><V53/><F86/><W40/><G40/><T75/><D75/><RYUUKYOKU ba="1,2" sc="303,10,273,10,229,-30,175,10" hai0="6,7,8,13,16,33,34,35,46,47,74,79,80" hai1="12,17,20,41,50,52,58,62,88,89" hai3="22,23,45,49,55,57,60,61,65,67,82,85,91" /><INIT seed="4,2,2,3,0,64" ten="313,283,199,185" oya="0" hai0="56,29,82,18,119,62,84,8,118,19,101,71,3" hai1="72,15,25,0,89,12,28,124,131,130,132,133,95" hai2="67,114,33,21,69,44,68,91,81,14,54,86,35" hai3="43,51,40,111,63,31,34,45,108,123,65,2,79"/><T94/><D29/><U93/><E72/><V46/><F114/><W120/><G2/><T50/><D50/><U75/><E0/><V49/><F46/><N who="3" m="26055" /><G31/><T11/><D71/><U47/><E47/><V85/><F67/><W61/><G34/><T16/><D3/><U125/><E75/><V122/><F122/><N who="3" m="46635" /><G79/><T92/><D119/><U36/><E36/><V106/><F106/><W74/><G74/><T126/><D126/><N who="1" m="48747" /><E15/><V87/><F87/><W53/><G53/><T20/><D20/><N who="1" m="15399" /><E12/><V13/><F13/><W90/><G90/><T39/><D39/><U103/><E103/><V110/><F110/><N who="3" m="42027" /><G65/><T96/><D118/><U78/><E78/><V102/><F102/><W58/><G58/><T48/><D48/><AGARI ba="2,2" hai="43,45,48,61,63" m="42027,46635,26055" machi="48" ten="30,3900,0" yaku="13,1,34,2" doraHai="64" who="3" fromWho="0" sc="313,-45,283,0,199,0,185,65" /><INIT seed="5,0,0,4,3,133" ten="268,283,199,250" oya="1" hai0="5,4,59,21,103,81,42,72,28,14,35,1,97" hai1="80,15,32,104,65,99,90,13,63,126,6,37,48" hai2="110,69,57,9,115,11,53,83,52,79,55,98,27" hai3="67,106,109,50,29,117,119,56,125,20,64,47,95"/><U26/><E37/><V23/><F110/><W122/><G109/><T40/><D59/><U91/><E48/><V16/><F69/><W10/><G106/><T128/><D128/><U0/><E0/><V108/><F108/><W93/><G122/><T41/><D1/><U86/><E6/><V77/><F115/><W105/><G105/><T120/><D120/><U31/><E126/><V74/><F57/><W124/><G10/><T76/><D35/><U134/><E91/><V70/><F70/><W17/><G29/><T94/><REACH who="0" step="1"/><D14/><REACH who="0" ten="258,283,199,250" step="2"/><U12/><E12/><V112/><F112/><W51/><G56/><T45/><D45/><U88/><E134/><V71/><F71/><W44/><G20/><T129/><D129/><U60/><E60/><V62/><F62/><W2/><G2/><T131/><D131/><U130/><E130/><V18/><F79/><W118/><G119/><T22/><D22/><U132/><E132/><V78/><F78/><W89/><G17/><T39/><D39/><U73/><E15/><V43/><F18/><W19/><G19/><T101/><D101/><N who="1" m="62527" /><E13/><V25/><F25/><AGARI ba="0,1" hai="4,5,21,25,28,40,41,42,72,76,81,94,97,103" machi="25" ten="40,1300,0" yaku="1,1,53,0" doraHai="133" doraHaiUra="30" who="0" fromWho="2" sc="258,23,283,0,199,-13,250,0" /><INIT seed="6,0,0,1,2,88" ten="281,283,186,250" oya="2" hai0="61,21,100,92,71,86,66,97,125,0,24,53,26" hai1="64,77,93,43,49,1,34,83,119,123,117,50,42" hai2="91,44,127,58,126,80,9,106,108,121,16,98,55" hai3="69,36,110,33,35,54,6,57,130,79,85,19,84"/><V27/><F121/><W40/><G110/><T74/><D0/><U38/><E34/><V23/><F108/><W128/><G69/><T87/><D74/><U95/><E1/><V124/><F44/><N who="3" m="23559" /><G6/><T107/><D125/><U47/><E123/><V133/><F133/><W2/><G2/><T131/><D131/><N who="3" m="50217" /><G19/><T15/><D53/><U72/><E64/><V14/><F106/><W62/><G85/><T5/><D107/><U134/><E134/><V30/><F80/><AGARI ba="0,0" hai="33,35,54,57,62,79,80,84" m="50217,23559" machi="80" ten="30,1000,0" yaku="19,1" doraHai="88" who="3" fromWho="2" sc="281,0,283,0,186,-10,250,10" /><INIT seed="7,0,0,5,4,28" ten="281,283,176,260" oya="3" hai0="35,7,78,33,67,65,14,123,17,132,55,31,15" hai1="27,81,30,129,110,49,73,16,82,20,13,113,91" hai2="59,107,64,121,43,87,63,100,29,124,41,18,76" hai3="127,26,2,117,46,32,134,116,77,69,72,131,19"/><W6/><G46/><T37/><D37/><U47/><E110/><V126/><F121/><W88/><G69/><T98/><D78/><U42/><E129/><V53/><F18/><W57/><G57/><T115/><D123/><U60/><E113/><V50/><F29/><N who="3" m="19511" /><G88/><T128/><D98/><U45/><E73/><V34/><F34/><N who="0" m="12810" /><D55/><U94/><E60/><V21/><F21/><W23/><G77/><T93/><D93/><U36/><E47/><N who="2" m="27871" /><F100/><W101/><G72/><T84/><D84/><N who="1" m="52583" /><E36/><V48/><F107/><W86/><G86/><T62/><D31/><U38/><E38/><V39/><F39/><W95/><G95/><T11/><D62/><U99/><E99/><V74/><F74/><W5/><G101/><T106/><D106/><U133/><E133/><V83/><F48/><W56/><G134/><T22/><D132/><U79/><E79/><V85/><F85/><W103/><G103/><T80/><D80/><U66/><E66/><V10/><F10/><AGARI ba="0,0" hai="10,13,16,20,27,30,42,45,49,81,82" m="52583" machi="10" ten="30,2000,0" yaku="8,1,54,1" doraHai="28" who="1" fromWho="2" sc="281,0,283,20,176,-20,260,0" owari="281,8.0,303,40.0,156,-34.0,260,-14.0" /></mjloggm>