<mjloggm ver="2.3"><GO type="169" lobby="0"/><UN n0="%63%75%72%65%74%61%70%65" n1="%E3%83%A4%E3%82%AD%E3%83%B3" n2="%E3%83%88%E3%83%88%E3%83%AA%E5%85%88%E7%94%9F%31%39%E6%AD%B3" n3="%64%6F%6F%6F%6F%77%79" dan="16,17,18,17" rate="2091.41,2213.82,2191.81,2176.22" sx="M,M,F,M"/><TAIKYOKU oya="0"/><INIT seed="0,0,0,3,1,19" ten="250,250,250,250" oya="0" hai0="0,74,76,21,32,105,89,57,1,102,6,80,64" hai1="16,134,14,63,15,51,55,84,8,18,22,93,3" hai2="123,29,91,61,78,133,98,118,2,107,5,117,116" hai3="11,99,33,110,39,7,132,135,50,9,43,79,90"/><T54/><D32/><U46/><E134/><V45/><F123/><W119/><G39/><T131/><D64/><U86/><E3/><V73/><F133/><W104/><G79/><T23/><D131/><U115/><E115/><V109/><F109/><W113/><G33/><T112/><D112/><U65/><REACH who="1" step="1"/><E93/><REACH who="1" ten="250,240,250,250" step="2"/><V75/><F2/><W111/><G113/><T100/><D1/><U52/><E52/><V44/><F117/><W97/><G119/><T106/><D106/><U12/><E12/><V38/><F107/><W68/><G104/><T71/><D105/><U81/><E81/><V60/><F116/><W70/><G43/><T82/><D0/><U125/><E125/><V4/><F118/><W88/><REACH who="3" step="1"/><G50/><REACH who="3" ten="250,240,250,240" step="2"/><T85/><D71/><AGARI ba="0,2" hai="8,14,15,16,18,22,46,51,55,63,65,71,84,86" machi="71" ten="30,7700,0" yaku="1,1,7,1,52,1,54,1,53,0" doraHai="19" doraHaiUra="103" who="1" fromWho="0" sc="250,-77,240,97,250,0,240,0" /><INIT seed="1,0,0,5,2,18" ten="173,337,250,240" oya="1" hai0="19,96,5,46,6,102,105,34,4,60,85,125,59" hai1="30,114,32,82,107,36,77,33,48,66,76,91,115" hai2="124,100,71,28,41,35,84,97,55,25,38,15,135" hai3="74,119,94,130,93,80,45,52,108,81,88,68,26"/><U16/><E36/><V111/><F111/><W70/><G108/><T57/><D34/><U2/><E2/><V24/><F135/><W113/><G113/><T83/><D125/><U123/><E123/><V49/><F124/><W129/><G119/><T75/><D75/><U31/><E107/><V69/><F41/><W37/><G26/><T13/><D46/><U73/><E76/><V65/><F38/><W72/><G37/><T44/><D44/><U127/><E127/><V95/><F65/><W42/><G45/><T101/><D101/><U67/><E48/><V128/><F128/><W92/><G92/><T7/><N who="0" m="1024" /><DORA hai="78" /><T89/><REACH who="0" step="1"/><D60/><REACH who="0" ten="163,337,250,240" step="2"/><U112/><E33/><V61/><F61/><W62/><G62/><T120/><D120/><U50/><E32/><V134/><F100/><W14/><G42/><T0/><D0/><U21/><E50/><V8/><F35/><W47/><G47/><T10/><AGARI ba="0,1" hai="10,13,19,57,59,83,85,89,96,102,105" m="1024" machi="10" ten="40,8000,1" yaku="1,1,0,1,52,1,53,2" doraHai="18,78" doraHaiUra="86,103" who="0" fromWho="0" sc="163,90,337,-40,250,-20,240,-20" /><INIT seed="2,0,0,4,3,132" ten="253,297,230,220" oya="2" hai0="26,44,69,6,42,50,105,62,15,70,24,126,128" hai1="68,71,101,51,34,59,76,9,90,49,133,104,111" hai2="19,12,8,134,115,75,64,30,60,58,127,31,93" hai3="78,98,52,48,131,41,129,72,40,84,121,21,108"/><V18/><F115/><W135/><G72/><T11/><D105/><U100/><E34/><V0/><F75/><W35/><G35/><T13/><D128/><U65/><E76/><V56/><F134/><W99/><G135/><T89/><D126/><U55/><E133/><V63/><F127/><W79/><G121/><T82/><D15/><U43/><E111/><V73/><F73/><W3/><G3/><T28/><D26/><U53/><E43/><V117/><F117/><W2/><G2/><T45/><D62/><U97/><E65/><V16/><F0/><W54/><G21/><T120/><D120/><U47/><E101/><V119/><F93/><W91/><G84/><N who="0" m="50327" /><D70/><U102/><E102/><V103/><F103/><W95/><G91/><T14/><D69/><U125/><E125/><V38/><F38/><W7/><G95/><T88/><D14/><U87/><REACH who="1" step="1"/><E9/><REACH who="1" ten="253,287,230,220" step="2"/><V86/><F119/><W32/><G32/><T4/><D42/><U106/><E106/><V83/><F8/><W22/><G108/><T20/><D11/><U107/><E107/><V66/><F12/><W39/><G39/><T25/><D13/><U77/><E77/><AGARI ba="0,1" hai="16,18,19,30,31,56,58,60,63,64,66,77,83,86" machi="77" ten="40,7700,0" yaku="9,1,8,1,54,1" doraHai="132" who="2" fromWho="1" sc="253,0,287,-77,230,87,220,0" /><INIT seed="2,1,0,3,1,94" ten="253,210,317,220" oya="2" hai0="122,117,79,46,107,112,119,104,120,109,73,88,134" hai1="65,124,91,9,17,121,106,28,49,80,98,32,40" hai2="60,19,43,52,68,86,74,83,21,114,24,11,12" hai3="27,56,15,31,110,78,69,127,116,81,47,55,57"/><V97/><F114/><W64/><G116/><N who="0" m="44619" /><D112/><U41/><E124/><V72/><F43/><W133/><G127/><T14/><D109/><U93/><E121/><N who="0" m="46697" /><D14/><U48/><E65/><V22/><F22/><W45/><G64/><T77/><D46/><U128/><E106/><N who="0" m="40489" /><D134/><U82/><E128/><V36/><F36/><W16/><G47/><T62/><D62/><U23/><E9/><V10/><F10/><W100/><G45/><T13/><D13/><N who="1" m="9647" /><E32/><V6/><F68/><W50/><G69/><T66/><D66/><U34/><E34/><V42/><F42/><N who="1" m="16489" /><E28/><V131/><F131/><W38/><G31/><T63/><D63/><U44/><E44/><V123/><F123/><W37/><G37/><T111/><D111/><U35/><E35/><V1/><F12/><W5/><G15/><T92/><D73/><U58/><E49/><V103/><F60/><W96/><G50/><T125/><D125/><U89/><E58/><V132/><F132/><W8/><G57/><T102/><D102/><U130/><E130/><V54/><F72/><W33/><G56/><T4/><D4/><U26/><E26/><V59/><F74/><W39/><G27/><T25/><D25/><U2/><E2/><V20/><F20/><W30/><G39/><T99/><AGARI ba="1,0" hai="77,79,88,92,99" m="40489,46697,44619" machi="99" ten="40,8000,1" yaku="12,1,34,2,52,1,54,1" doraHai="94" who="0" fromWho="0" sc="253,83,210,-21,317,-41,220,-21" /><INIT seed="3,0,0,3,5,129" ten="336,189,276,199" oya="3" hai0="112,108,19,81,122,107,7,115,72,100,17,0,88" hai1="12,106,21,91,29,87,133,80,85,74,135,16,61" hai2="36,63,134,60,123,5,119,13,45,98,109,18,110" hai3="90,118,20,57,95,27,117,56,64,132,53,41,101"/><W62/><G41/><T15/><D122/><U65/><E106/><V126/><F119/><W77/><G77/><N who="0" m="44199" /><D0/><U69/><E29/><V35/><F35/><W44/><G44/><T94/><D100/><U22/><E74/><V104/><F123/><W120/><G120/><T116/><D107/><U6/><E6/><V78/><F5/><W96/><G132/><N who="1" m="50762" /><E87/><V86/><F126/><W89/><G118/><T97/><D116/><U99/><E99/><V33/><F33/><W3/><G3/><T66/><D108/><N who="2" m="41578" /><F134/><W131/><G131/><T51/><D7/><U82/><E82/><N who="2" m="47447" /><F98/><W102/><G117/><T92/><D97/><U47/><E47/><V24/><F104/><W84/><G84/><T31/><D31/><U79/><E79/><V43/><F24/><W25/><G25/><T121/><D19/><U93/><E93/><V113/><F113/><N who="0" m="43594" /><D94/><U103/><E103/><V9/><AGARI ba="0,0" hai="9,13,18,36,43,45,60,63" m="47447,41578" machi="9" ten="30,1100,0" yaku="14,1" doraHai="129" who="2" fromWho="2" sc="336,-3,189,-3,276,11,199,-5" /><INIT seed="4,0,0,1,2,40" ten="333,186,287,194" oya="0" hai0="117,26,114,11,111,97,55,113,39,127,108,90,85" hai1="64,120,43,93,61,5,80,75,19,92,48,56,62" hai2="103,25,89,29,54,8,125,132,52,118,37,87,128" hai3="68,110,0,124,36,47,49,135,78,86,96,116,35"/><T15/><D117/><U70/><E120/><V129/><F37/><W107/><RYUUKYOKU type="yao9" ba="0,0" sc="333,0,186,0,287,0,194,0" hai3="0,35,36,47,49,68,78,86,96,107,110,116,124,135" /><INIT seed="4,1,0,2,3,131" ten="333,186,287,194" oya="0" hai0="77,107,52,78,105,120,50,125,6,109,82,15,64" hai1="114,38,25,73,17,124,49,20,21,89,46,91,59" hai2="103,127,13,36,24,80,86,12,47,119,54,83,101" hai3="26,68,111,112,135,96,99,14,8,11,30,2,106"/><T74/><D120/><U85/><E73/><V71/><F71/><W55/><G2/><T42/><D42/><U39/><E124/><V43/><F127/><W34/><G111/><T58/><D125/><U117/><E117/><V126/><F126/><W133/><G68/><T102/><D109/><U134/><E114/><V44/><F119/><W104/><G112/><T69/><D78/><U94/><E134/><N who="3" m="51210" /><G55/><T72/><D72/><U18/><E89/><V23/><F47/><W115/><G115/><T65/><D102/><U128/><E128/><V19/><F80/><W84/><G84/><T28/><D69/><U123/><E123/><V41/><F41/><W75/><G75/><T95/><D65/><U79/><E79/><V37/><F37/><W97/><G8/><T100/><D64/><U70/><E70/><V92/><F54/><W56/><G56/><T29/><D58/><U118/><E118/><V1/><F1/><W130/><G130/><T121/><D74/><U88/><E59/><V7/><F83/><W45/><G45/><T63/><D82/><U110/><E110/><V9/><F44/><W122/><G122/><T27/><D121/><U76/><E76/><V132/><F132/><W87/><G87/><T51/><D77/><U31/><E39/><V40/><F40/><W62/><G62/><T0/><D63/><U129/><E38/><V116/><F43/><W93/><G93/><T5/><D95/><N who="1" m="54671" /><E129/><V61/><F36/><W48/><G48/><T4/><D51/><U32/><E49/><V90/><F61/><W10/><G10/><T3/><D3/><RYUUKYOKU ba="1,0" sc="333,-10,186,-10,287,-10,194,30" hai3="11,14,26,30,34,96,97,99,104,106" /><INIT seed="5,2,0,1,0,109" ten="323,176,277,224" oya="1" hai0="20,87,61,48,114,7,121,91,28,125,44,78,133" hai1="126,34,100,135,74,33,46,101,79,27,0,56,130" hai2="129,21,117,3,50,40,96,2,5,6,106,65,72" hai3="115,4,17,53,88,84,83,14,54,24,97,43,60"/><U42/><E0/><V13/><F117/><W30/><G4/><T103/><D133/><U95/><E135/><V92/><F72/><W81/><G43/><T105/><D78/><U76/><E126/><V25/><F106/><W66/><G115/><T119/><D114/><U122/><E122/><V47/><F129/><W131/><G83/><N who="0" m="49663" /><D105/><U36/><E130/><V18/><F65/><W1/><G1/><T108/><D108/><U98/><E74/><V39/><F39/><W19/><G97/><T113/><D113/><U73/><E73/><V41/><F41/><W104/><G104/><T128/><D119/><U35/><E101/><V116/><F116/><W77/><G77/><T110/><D110/><U123/><E123/><V127/><F127/><W118/><G131/><T134/><D134/><U51/><REACH who="1" step="1"/><E27/><REACH who="1" ten="323,166,277,224" step="2"/><V68/><F2/><W23/><G118/><T99/><D125/><U67/><E67/><V9/><F3/><W71/><REACH who="3" step="1"/><G19/><REACH who="3" ten="323,166,277,214" step="2"/><T107/><D121/><U31/><E31/><V85/><F18/><W69/><G69/><T45/><D128/><U93/><E93/><V10/><F68/><W49/><G49/><T12/><D48/><U32/><N who="1" m="8704" /><DORA hai="94" /><U89/><E89/><V11/><F5/><W64/><G64/><T37/><D28/><U124/><E124/><V86/><F6/><W29/><G29/><T70/><D7/><U16/><E16/><N who="2" m="10383" /><F25/><W62/><G62/><T90/><D61/><U63/><E63/><V22/><F50/><W80/><G80/><T102/><D70/><U15/><E15/><V82/><F82/><W57/><G57/><RYUUKYOKU ba="2,2" sc="323,-15,166,15,277,-15,214,15" hai1="36,42,46,51,56,76,79,95,98,100" hai3="14,17,23,24,30,53,54,60,66,71,81,84,88" /><INIT seed="5,3,2,3,2,85" ten="308,181,262,229" oya="1" hai0="133,105,12,53,24,79,127,134,19,97,131,101,119" hai1="47,132,43,44,99,13,83,57,68,72,87,118,112" hai2="95,120,36,96,125,18,74,10,9,34,90,117,107" hai3="128,26,16,89,7,94,21,66,56,14,80,20,0"/><U86/><E68/><V49/><F117/><W27/><G80/><T37/><D119/><U11/><E118/><V38/><F120/><W60/><G128/><T93/><D24/><U45/><E112/><V73/><F34/><W115/><G115/><T32/><D32/><U129/><E129/><V4/><F125/><W135/><G135/><N who="0" m="51723" /><D131/><U122/><E122/><V15/><F107/><W5/><G0/><T104/><D37/><U108/><E132/><V54/><F38/><W3/><G3/><T65/><D127/><U46/><E108/><V88/><F36/><W39/><G39/><T67/><D79/><U91/><E72/><V92/><F4/><N who="3" m="1611" /><G21/><N who="0" m="11495" /><D53/><U52/><E43/><V123/><F123/><W2/><G2/><T102/><D102/><U114/><N who="1" m="11776" /><DORA hai="82" /><U62/><E114/><V130/><F130/><W126/><G126/><T75/><D75/><U69/><E69/><V6/><F6/><W106/><G106/><AGARI ba="3,2" hai="65,67,93,97,101,104,105,106" m="11495,51723" machi="106" ten="30,1000,0" yaku="20,1" doraHai="85,82" who="0" fromWho="3" sc="308,39,181,0,262,0,229,-19" /><INIT seed="6,0,0,0,1,118" ten="347,181,262,210" oya="2" hai0="26,50,13,105,63,29,0,8,93,106,60,57,20" hai1="74,104,123,32,23,92,126,66,49,112,87,43,114" hai2="75,84,108,21,14,119,37,17,129,19,38,30,10" hai3="85,25,82,68,35,11,16,121,55,2,103,9,62"/><V39/><F119/><W96/><G2/><T6/><D50/><U89/><E32/><V4/><F75/><W45/><G121/><T109/><D109/><U24/><E104/><V61/><F108/><W34/><G34/><T70/><D70/><U28/><E74/><V47/><F129/><W97/><G97/><T18/><D93/><U113/><E126/><V54/><F84/><W7/><G7/><T86/><D86/><U27/><E27/><V65/><F54/><W64/><G45/><T101/><D101/><U107/><E107/><V31/><F47/><W51/><G51/><T56/><D56/><U100/><E100/><V102/><F102/><W12/><G55/><N who="0" m="33855" /><D63/><U36/><E36/><V88/><F88/><W81/><G9/><T132/><D132/><U94/><E66/><V99/><F99/><W78/><G82/><T73/><D73/><U122/><E94/><V131/><F131/><W41/><G41/><T69/><D69/><U58/><E43/><V42/><F42/><W59/><G68/><T53/><D53/><AGARI ba="0,0" hai="23,24,28,49,53,58,87,89,92,112,113,114,122,123" machi="53" ten="50,6400,0" yaku="15,1,52,2" doraHai="118" who="1" fromWho="0" sc="347,-64,181,64,262,0,210,0" /><INIT seed="7,0,0,4,3,82" ten="283,245,262,210" oya="3" hai0="32,93,56,63,84,1,80,110,66,86,19,16,26" hai1="21,70,95,8,6,9,14,127,45,102,108,97,133" hai2="47,119,10,134,111,20,122,129,65,121,68,114,74" hai3="40,55,25,43,75,46,23,18,60,112,96,58,15"/><W83/><G112/><T118/><D118/><U7/><E108/><V54/><F74/><W79/><G96/><T128/><D1/><U51/><E127/><V124/><F20/><W44/><REACH who="3" step="1"/><G25/><REACH who="3" ten="283,245,262,200" step="2"/><T11/><D26/><U109/><E109/><V49/><F111/><W88/><G88/><N who="0" m="53399" /><D110/><U99/><E99/><V116/><F114/><W39/><G39/><T0/><D32/><U120/><E120/><V106/><F122/><W131/><G131/><T27/><D128/><U73/><E133/><V31/><F134/><W5/><G5/><T115/><D115/><U103/><E103/><V89/><F121/><W3/><G3/><T77/><D0/><U28/><E7/><V50/><F129/><W126/><G126/><T61/><D27/><U37/><E37/><V85/><F124/><W90/><G90/><T22/><D77/><U72/><E6/><V67/><F116/><W104/><G104/><T125/><D125/><U132/><E132/><V98/><F119/><W107/><G107/><T81/><D19/><U64/><E28/><V38/><F31/><W33/><G33/><T34/><D34/><U91/><E91/><V57/><F38/><W4/><G4/><T117/><D117/><U42/><E21/><V36/><F36/><W24/><G24/><N who="0" m="14407" /><D11/><N who="1" m="4171" /><E14/><V71/><F10/><W78/><G78/><T41/><D41/><AGARI ba="0,1" hai="15,18,23,40,41,43,44,46,55,58,60,75,79,83" machi="41" ten="40,3900,0" yaku="1,1,53,1" doraHai="82" doraHaiUra="48" who="3" fromWho="0" sc="283,-39,245,0,262,0,200,49" /><INIT seed="7,1,0,1,5,90" ten="244,245,262,249" oya="3" hai0="33,86,43,22,71,98,97,14,1,28,53,134,133" hai1="13,130,58,11,83,18,101,6,29,126,41,16,108" hai2="75,114,74,9,66,38,49,88,84,51,45,95,117" hai3="0,67,80,92,79,116,23,104,135,94,128,103,32"/><W105/><G32/><T61/><D1/><U125/><E108/><V65/><F117/><W12/><G0/><T77/><D33/><U111/><E111/><V42/><F114/><W96/><G67/><N who="0" m="41455" /><D43/><U59/><E41/><V56/><F74/><N who="3" m="43127" /><G12/><T81/><D53/><U100/><E29/><V64/><F75/><W87/><G23/><T124/><D124/><N who="1" m="47723" /><E83/><V99/><F9/><W26/><G26/><N who="0" m="16471" /><D14/><U7/><E7/><V89/><F38/><W57/><G57/><N who="1" m="21514" /><E130/><V17/><F17/><AGARI ba="1,0" hai="6,11,13,16,17,18,100,101" m="21514,47723" machi="17" ten="30,2000,0" yaku="18,1,54,1" doraHai="90" who="1" fromWho="2" sc="244,0,245,23,262,-23,249,0" /><INIT seed="8,0,0,0,3,94" ten="244,268,239,249" oya="0" hai0="135,40,72,29,91,58,70,93,79,92,46,19,32" hai1="111,116,52,39,76,130,56,106,30,86,16,122,124" hai2="126,107,28,35,133,11,24,61,99,90,80,68,78" hai3="134,98,49,5,117,57,67,84,23,38,119,2,44"/><T102/><D70/><U43/><E111/><V17/><F133/><W34/><G34/><T54/><D135/><U45/><E122/><V50/><F126/><W53/><G2/><T131/><D131/><U12/><E106/><V105/><F50/><W64/><G5/><T114/><D114/><U20/><E116/><V63/><F105/><W112/><G84/><T85/><D19/><U129/><E124/><V96/><F90/><W37/><G23/><T25/><D79/><U75/><E75/><V109/><F109/><W6/><G6/><T51/><D72/><U33/><E86/><V21/><F11/><W127/><G98/><T113/><D113/><U22/><E22/><V65/><F63/><N who="3" m="36271" /><G112/><T82/><REACH who="0" step="1"/><D102/><REACH who="0" ten="234,268,239,249" step="2"/><U0/><E76/><V1/><F1/><W4/><G134/><T60/><AGARI ba="0,1" hai="25,29,32,40,46,51,54,58,60,82,85,91,92,93" machi="60" ten="20,7800,0" yaku="1,1,2,1,0,1,7,1,53,0" doraHai="94" doraHaiUra="66" who="0" fromWho="0" sc="234,88,268,-26,239,-26,249,-26" owari="322,43.0,242,4.0,213,-29.0,223,-18.0" /></mjloggm>