<mjloggm ver="2.3"><GO type="169" lobby="0"/><UN n0="%E3%82%A6%E3%83%AB%E3%83%88%E3%83%A9%E7%AB%8B%E7%9B%B4" n1="%E7%94%98%E7%B2%95%E3%81%A4%E3%81%B0%E3%82%81" n2="%6D%69%72%69%72%69" n3="%62%75%74%69%74%61%6D%61" dan="18,16,16,18" rate="2193.67,2079.20,2075.28,2225.89" sx="M,F,M,M"/><TAIKYOKU oya="0"/><INIT seed="0,0,0,5,1,119" ten="250,250,250,250" oya="0" hai0="13,42,53,98,33,62,79,88,48,52,64,9,7" hai1="38,6,110,25,32,17,72,46,28,49,61,43,125" hai2="15,76,58,26,91,86,99,81,134,90,50,102,2" hai3="36,100,20,34,45,97,4,108,121,70,82,54,128"/><T93/><D33/><U37/><E110/><V124/><F2/><W10/><G34/><T101/><D79/><U131/><E131/><V27/><F134/><W35/><G35/><T47/><REACH who="0" step="1"/><D101/><REACH who="0" ten="240,250,250,250" step="2"/><U19/><E125/><V123/><F124/><W31/><G100/><T80/><D80/><U114/><E72/><V1/><F102/><W104/><G82/><T5/><D5/><U8/><E114/><V40/><F76/><W12/><G4/><T44/><D44/><U68/><E6/><V118/><F81/><W66/><G45/><T96/><D96/><U105/><E46/><V29/><F99/><W92/><G97/><T23/><D23/><U94/><E32/><V59/><F118/><W56/><G20/><T84/><D84/><U22/><E22/><V127/><F86/><W51/><G128/><T77/><D77/><U126/><E126/><V39/><F127/><W3/><G108/><T41/><D41/><U89/><E43/><V87/><F87/><W120/><G10/><T24/><D24/><U78/><E25/><V116/><F40/><W85/><G85/><T111/><D111/><U0/><E8/><V83/><F27/><W112/><G112/><T30/><D30/><U18/><E28/><V95/><F26/><W11/><G31/><T57/><AGARI ba="0,1" hai="7,9,13,42,47,48,52,53,57,62,64,88,93,98" machi="57" ten="20,18000,2" yaku="1,1,0,1,7,1,8,1,54,2,53,0" doraHai="119" doraHaiUra="69" who="0" fromWho="0" sc="240,190,250,-60,250,-60,250,-60" /><INIT seed="0,1,0,1,5,125" ten="430,190,190,190" oya="0" hai0="82,34,50,60,13,19,103,15,61,76,65,78,54" hai1="77,62,23,44,6,85,63,4,80,32,5,57,112" hai2="88,41,102,83,126,64,47,128,39,55,101,22,89" hai3="14,132,114,3,38,36,58,53,35,117,86,30,130"/><T96/><D34/><U56/><E32/><V90/><F126/><W73/><G73/><T51/><D51/><U72/><E112/><V48/><F128/><W134/><G3/><T21/><D15/><U10/><E44/><V79/><F64/><W43/><G114/><T122/><D122/><U135/><E135/><V33/><F33/><W104/><G104/><T93/><D65/><N who="1" m="39111" /><E72/><V84/><REACH who="2" step="1"/><F22/><REACH who="2" ten="430,190,180,190" step="2"/><W131/><G117/><T98/><D21/><U87/><E23/><V113/><F113/><W11/><G35/><T59/><D98/><U127/><E127/><V18/><F18/><N who="3" m="8543" /><G30/><T42/><D19/><U46/><E87/><V124/><F124/><W129/><G86/><T81/><D96/><U121/><E121/><V120/><F120/><W68/><G68/><T107/><D13/><N who="1" m="5319" /><E46/><AGARI ba="1,1" hai="39,41,46,47,48,55,79,83,84,88,89,90,101,102" machi="46" ten="40,5200,0" yaku="1,1,54,1,53,1" doraHai="125" doraHaiUra="74" who="2" fromWho="1" sc="430,0,190,-55,180,65,190,0" /><INIT seed="1,0,0,0,0,63" ten="430,135,245,190" oya="1" hai0="115,128,127,74,125,80,32,73,119,122,53,97,85" hai1="135,129,118,103,37,96,78,120,91,107,10,94,117" hai2="9,23,3,124,15,101,13,21,20,76,35,16,7" hai3="93,56,46,33,55,112,104,8,86,111,22,27,81"/><U2/><E37/><V36/><F36/><W29/><G104/><T123/><D32/><U17/><E2/><V113/><F76/><W134/><G112/><T14/><D14/><U5/><E17/><N who="2" m="10303" /><F101/><W87/><G111/><T1/><D1/><U106/><E10/><N who="2" m="2431" /><F124/><W31/><G134/><T6/><D6/><U59/><E5/><V71/><F71/><W48/><G8/><T89/><D53/><U52/><E135/><V102/><F102/><W132/><G132/><T82/><D115/><U61/><E120/><V84/><F84/><W50/><G33/><T41/><D41/><U133/><E133/><V105/><F105/><W83/><G31/><T38/><D38/><U4/><E4/><V64/><F64/><W67/><G67/><T49/><D125/><U121/><E121/><V110/><F113/><W99/><G83/><T130/><D127/><U65/><E107/><V34/><F110/><W0/><G81/><T100/><D82/><U126/><E126/><V95/><F95/><W131/><G0/><T98/><D98/><N who="1" m="57695" /><E78/><V116/><F116/><W45/><G56/><T92/><D119/><U69/><E117/><V66/><F66/><W18/><G18/><T88/><D100/><U44/><E44/><V42/><F42/><N who="3" m="24631" /><G99/><T75/><D49/><N who="1" m="31119" /><E118/><V109/><F109/><W40/><G40/><T24/><D123/><U28/><E28/><V26/><F9/><W70/><G70/><T62/><D122/><U60/><E60/><V79/><F79/><W12/><G46/><T11/><D62/><U51/><E51/><V54/><F54/><W47/><G55/><RYUUKYOKU ba="0,0" sc="430,-15,135,15,245,15,190,-15" hai1="61,65,69,96,103,106,129" hai2="13,16,21,23,26,34,35" /><INIT seed="1,1,0,1,1,121" ten="415,150,260,175" oya="1" hai0="35,99,58,85,20,70,19,16,75,43,100,76,110" hai1="23,15,91,1,11,18,53,128,12,81,52,26,116" hai2="109,5,8,73,95,54,42,50,118,67,29,119,21" hai3="102,64,111,46,14,84,0,65,55,49,7,82,32"/><U112/><E116/><V24/><F73/><W105/><G32/><T33/><D70/><U45/><E112/><V61/><F42/><W113/><G0/><T41/><D75/><U132/><E128/><V36/><F36/><W126/><G113/><T94/><D35/><U38/><E132/><V93/><F118/><W13/><G126/><T114/><D33/><U17/><E1/><V115/><F119/><W27/><G27/><T57/><D19/><N who="1" m="12671" /><E38/><V103/><F103/><W79/><G111/><T39/><D110/><U72/><E72/><V120/><F120/><W2/><G2/><T107/><D107/><U83/><E45/><N who="2" m="27983" /><F109/><W34/><G34/><T59/><D39/><U127/><E127/><V129/><F129/><W74/><G74/><T25/><D114/><U60/><E60/><V44/><F44/><W123/><G123/><T117/><D117/><U122/><E122/><V89/><F115/><W88/><G79/><T62/><D62/><U68/><E68/><V96/><F61/><W90/><G90/><T124/><D124/><U66/><E66/><N who="3" m="25706" /><G105/><T56/><N who="0" m="14336" /><DORA hai="28" /><T51/><D51/><U98/><E98/><N who="2" m="57647" /><F67/><W30/><G102/><T86/><D76/><U69/><E69/><V6/><F8/><N who="3" m="4255" /><G30/><T9/><D9/><N who="1" m="6287" /><E91/><N who="2" m="55423" /><F5/><W31/><G31/><T133/><D133/><U47/><E47/><V101/><F6/><W4/><G4/><T106/><D106/><U97/><E97/><V134/><F134/><W37/><G37/><T131/><D131/><U3/><E3/><V77/><F77/><W135/><G135/><T130/><D130/><U71/><E71/><RYUUKYOKU ba="1,0" sc="415,0,150,0,260,0,175,0" hai0="16,20,25,41,43,85,86,94,99,100" hai1="11,15,18,52,53,81,83" hai2="21,24,29,101" hai3="14,46,49,55,82,84,88" /><INIT seed="1,2,0,3,0,45" ten="415,150,260,175" oya="1" hai0="115,58,77,63,129,90,86,134,6,50,82,68,80" hai1="21,13,105,26,112,56,74,35,7,120,85,34,51" hai2="18,98,2,62,111,23,76,14,36,39,75,113,42" hai3="29,94,53,78,107,123,57,25,104,9,116,126,33"/><U109/><E74/><V117/><F2/><W87/><G123/><T60/><D115/><U125/><E120/><V72/><F117/><W69/><G69/><T130/><D6/><U110/><E112/><V93/><F113/><W88/><G126/><T67/><D134/><U101/><E125/><V24/><F111/><N who="1" m="42505" /><E85/><V128/><F128/><N who="0" m="49258" /><D63/><U133/><E133/><V131/><F131/><W16/><G78/><T108/><D108/><U121/><E121/><V52/><F76/><W114/><G116/><T43/><D43/><U20/><E101/><V30/><F42/><W71/><G71/><T100/><D100/><U48/><E105/><V95/><F39/><W92/><G92/><N who="0" m="54359" /><D77/><U122/><E56/><N who="2" m="35079" /><F36/><W65/><G65/><T12/><D12/><U27/><E122/><V10/><F75/><W54/><G54/><AGARI ba="2,0" hai="50,54,58,60,67,68,80,82" m="54359,49258" machi="54" ten="30,2000,0" yaku="19,1,52,1" doraHai="45" who="0" fromWho="3" sc="415,26,150,0,260,0,175,-26" /><INIT seed="2,0,0,0,4,41" ten="441,150,260,149" oya="2" hai0="6,13,82,2,69,126,68,29,81,37,3,125,63" hai1="118,90,105,48,91,66,128,4,129,103,32,51,119" hai2="124,95,1,11,135,102,74,77,35,121,85,16,99" hai3="87,70,7,97,57,0,15,79,45,84,88,39,65"/><V33/><F121/><W89/><G70/><T18/><D37/><U116/><E32/><V34/><F74/><W17/><G0/><T71/><D63/><U78/><E4/><V40/><F135/><W19/><G7/><T59/><D59/><U107/><E78/><V8/><F1/><W53/><G79/><T52/><D52/><U122/><E122/><V108/><F124/><N who="0" m="47722" /><D29/><U46/><E66/><V43/><F108/><W115/><G115/><T127/><D127/><U86/><E103/><V117/><F117/><W111/><G111/><T9/><D3/><U120/><E120/><V38/><F38/><W42/><G65/><T72/><D72/><U55/><E51/><V67/><F67/><W14/><G97/><T50/><D50/><U27/><E27/><V76/><F8/><AGARI ba="0,0" hai="2,6,8,9,13,18,68,69,71,81,82" m="47722" machi="8" ten="40,1300,0" yaku="18,1" doraHai="41" who="0" fromWho="2" sc="441,13,150,0,260,-13,149,0" /><INIT seed="3,0,0,5,0,63" ten="454,150,247,149" oya="3" hai0="42,37,33,17,93,82,123,14,76,79,103,122,1" hai1="112,15,43,21,67,5,26,99,64,30,75,107,73" hai2="51,130,101,46,100,74,58,16,34,54,77,94,56" hai3="45,31,98,97,119,70,53,48,132,28,55,22,108"/><W110/><G70/><T20/><D79/><U72/><E112/><V0/><F34/><W32/><G32/><T126/><D126/><U95/><E43/><V127/><F0/><W90/><G119/><T121/><D33/><U7/><E107/><V59/><F127/><W65/><G132/><T91/><D1/><U78/><E78/><V25/><F130/><W11/><G11/><T88/><D103/><U80/><E80/><V12/><F25/><N who="3" m="16439" /><G31/><T118/><D118/><U102/><REACH who="1" step="1"/><E15/><REACH who="1" ten="454,140,247,149" step="2"/><V6/><F77/><W83/><G110/><T29/><D82/><U81/><E81/><V89/><F74/><W133/><G108/><T24/><D76/><U40/><E40/><V125/><F125/><W35/><G133/><T86/><D42/><U124/><E124/><V39/><F39/><W71/><G83/><T41/><D41/><U129/><E129/><V27/><F27/><W38/><G38/><T49/><D37/><U18/><E18/><V9/><REACH who="2" step="1"/><F6/><AGARI ba="0,1" hai="5,6,7,21,26,30,64,67,72,73,75,95,99,102" machi="6" ten="40,12000,2" yaku="1,1,52,2,53,3" doraHai="63" doraHaiUra="3" who="1" fromWho="2" sc="454,0,140,130,247,-120,149,0" /><INIT seed="4,0,0,0,0,86" ten="454,270,127,149" oya="0" hai0="117,101,43,90,70,22,62,61,100,13,132,122,51" hai1="135,127,79,52,54,126,106,8,2,4,115,81,15" hai2="18,96,129,41,24,102,108,72,109,26,125,82,31" hai3="30,42,45,74,57,1,105,107,53,98,17,113,32"/><T12/><D51/><U75/><E135/><V71/><F71/><W131/><G74/><T76/><D76/><U20/><E106/><V59/><F129/><W85/><G1/><T60/><D43/><U65/><E65/><V121/><F121/><W48/><G131/><T68/><D22/><U80/><E80/><V64/><F41/><W87/><G113/><T14/><D132/><U116/><E116/><V35/><F72/><W27/><G17/><T56/><D56/><U77/><E77/><V88/><F125/><N who="1" m="47625" /><E115/><V84/><F24/><W133/><G133/><T111/><D111/><U124/><N who="1" m="47633" /><U10/><DORA hai="92" /><E20/><V21/><F18/><AGARI ba="0,0" hai="2,4,8,10,15,18,52,54,75,79,81" m="47633" machi="18" ten="40,2600,0" yaku="18,1,54,1" doraHai="86,92" who="1" fromWho="2" sc="454,0,270,26,127,-26,149,0" /><INIT seed="5,0,0,5,0,131" ten="454,296,101,149" oya="1" hai0="69,83,109,71,62,132,128,18,80,33,95,36,47" hai1="20,61,54,8,21,93,112,103,42,130,43,2,29" hai2="11,17,44,68,59,102,121,53,115,26,58,25,84" hai3="89,92,5,74,78,48,63,4,50,108,10,46,57"/><U13/><E130/><V67/><F68/><W41/><G108/><T9/><D33/><U0/><E112/><V31/><F121/><W81/><G50/><T101/><D109/><U117/><E117/><V114/><F102/><W75/><G75/><T51/><D36/><U133/><E133/><V37/><F37/><W97/><REACH who="3" step="1"/><G10/><REACH who="3" ten="454,296,101,139" step="2"/><T100/><D9/><U120/><E8/><V24/><F31/><W125/><G125/><T126/><D51/><U65/><E29/><V15/><F114/><W90/><G90/><T91/><D91/><U99/><E120/><V14/><F115/><W88/><G88/><T106/><D126/><U1/><E1/><V135/><F135/><W110/><G110/><T3/><D132/><U70/><E0/><V7/><F11/><W66/><AGARI ba="0,1" hai="4,5,41,46,48,57,63,66,74,78,81,89,92,97" machi="66" ten="20,2700,0" yaku="1,1,0,1,7,1,53,0" doraHai="131" doraHaiUra="64" who="3" fromWho="3" sc="454,-7,296,-13,101,-7,139,37" /><INIT seed="6,0,0,0,2,12" ten="447,283,94,176" oya="2" hai0="69,15,120,133,28,72,51,113,105,76,11,119,89" hai1="20,44,33,64,35,121,123,29,100,34,61,52,75" hai2="9,57,77,116,68,54,129,58,82,71,87,83,101" hai3="40,135,59,70,7,79,81,23,109,1,47,66,49"/><V94/><F116/><W131/><G109/><T84/><D69/><U130/><E130/><V118/><F118/><W42/><G70/><T41/><D105/><U67/><E75/><V80/><F129/><W14/><G131/><T30/><D120/><N who="1" m="46155" /><E100/><V103/><F68/><W88/><G135/><T53/><D41/><U114/><E114/><V124/><F71/><W38/><G1/><T126/><D126/><U99/><E99/><N who="2" m="59639" /><F124/><W73/><G42/><T16/><D113/><U2/><E2/><V21/><F103/><W8/><G23/><T27/><D119/><U37/><E37/><V31/><F9/><W125/><G125/><T86/><D133/><U24/><E61/><N who="2" m="36023" /><F58/><W56/><G66/><T97/><D11/><U4/><E4/><V63/><F63/><W36/><G36/><T22/><D72/><U6/><E6/><V98/><F98/><W3/><G3/><T18/><D97/><U5/><E5/><V65/><F65/><W13/><G38/><T127/><D127/><U95/><E64/><V108/><F108/><W78/><G73/><T45/><D84/><U85/><E85/><V132/><F132/><W48/><G59/><T110/><D110/><U90/><E67/><V93/><F93/><W111/><G111/><T32/><D32/><U92/><E92/><V74/><F74/><W39/><G39/><T115/><D115/><U55/><E44/><V0/><F0/><W104/><G104/><T102/><D102/><U107/><E107/><V112/><F112/><W106/><G106/><T60/><D45/><U62/><E62/><V122/><F122/><RYUUKYOKU ba="0,0" sc="447,-15,283,15,94,15,176,-15" hai1="20,24,29,33,34,35,52,55,90,95" hai2="21,31,77,80,82,83,87" /><INIT seed="6,1,0,1,1,130" ten="432,298,109,161" oya="2" hai0="52,71,86,88,72,94,27,48,45,60,32,96,123" hai1="97,64,7,109,133,87,105,134,85,99,37,46,115" hai2="122,50,118,73,20,129,35,4,93,79,70,62,42" hai3="14,83,66,15,47,108,59,23,67,76,63,22,6"/><V24/><F118/><W12/><G108/><T36/><D72/><U49/><E109/><V16/><F122/><W80/><G6/><T113/><D113/><U121/><E115/><V40/><F129/><W91/><G66/><T128/><D36/><U68/><E37/><V126/><F35/><W30/><G30/><T28/><D128/><U9/><E121/><V53/><F126/><W58/><G58/><T82/><D123/><U41/><E64/><V33/><F33/><W13/><N who="3" m="3072" /><DORA hai="1" /><W112/><G112/><T31/><D31/><U55/><E68/><V117/><F117/><W54/><G91/><T61/><D71/><U81/><E105/><V132/><F4/><W104/><G104/><T11/><D11/><U107/><E107/><V44/><F132/><N who="1" m="50793" /><E41/><V92/><F70/><W110/><G110/><T124/><D124/><U131/><E85/><V127/><F127/><W135/><G135/><T90/><AGARI ba="1,0" hai="27,28,32,45,48,52,60,61,82,86,88,90,94,96" machi="90" ten="20,5200,0" yaku="0,1,7,1,54,2" doraHai="130,1" who="0" fromWho="0" sc="432,55,298,-14,109,-27,161,-14" /><INIT seed="7,0,0,2,3,88" ten="487,284,82,147" oya="3" hai0="61,85,58,19,68,9,10,113,123,70,83,16,80" hai1="23,111,41,53,106,99,65,55,26,30,82,39,90" hai2="79,134,15,84,43,72,12,66,51,75,24,125,112" hai3="102,119,78,105,93,81,57,108,33,69,46,29,97"/><W18/><G69/><T3/><D3/><U13/><E111/><V64/><F112/><W122/><G122/><T36/><D36/><U50/><E39/><V128/><F128/><W74/><G119/><T31/><D31/><U8/><E106/><V126/><F134/><W107/><G108/><T103/><D103/><U6/><E65/><V14/><F84/><W32/><G46/><T56/><D85/><N who="1" m="50487" /><E99/><V115/><F115/><W60/><G18/><T131/><D61/><U71/><E71/><V4/><F4/><W89/><G29/><T104/><D104/><U62/><E62/><V118/><F118/><W129/><G129/><T25/><D25/><U28/><E28/><V100/><F100/><W92/><G105/><T20/><D20/><U124/><E124/><V5/><F5/><W34/><REACH who="3" step="1"/><G89/><REACH who="3" ten="487,284,82,137" step="2"/><T59/><D19/><U135/><E135/><V11/><F11/><W132/><G132/><T45/><D16/><U127/><E127/><V94/><F125/><W120/><G120/><T44/><D123/><U130/><E130/><V63/><F126/><W73/><G73/><T101/><D131/><U114/><E114/><V42/><F75/><W35/><N who="3" m="8192" /><DORA hai="2" /><W91/><G91/><T48/><D44/><AGARI ba="0,1" hai="6,8,13,23,26,30,41,44,50,53,55" m="50487" machi="44" ten="30,2000,0" yaku="8,1,52,1" doraHai="88,2" who="1" fromWho="0" sc="487,-20,284,30,82,0,137,0" owari="467,57.0,314,11.0,82,-42.0,137,-26.0" /></mjloggm>