<mjloggm ver="2.3"><GO type="169" lobby="0"/><UN n0="%E9%87%8C%E6%9C%A8%E4%BB%81" n1="%E5%B0%B1%E6%B4%BB%E7%94%9F%40%E5%B7%9D%E6%9D%91%E8%BB%8D%E5%9B%A3" n2="%E5%91%82%E5%A7%AB" n3="%E3%83%88%E3%83%BC%E3%83%9E%E3%82%B5" dan="16,17,18,16" rate="2047.89,2200.20,2214.26,2111.94" sx="M,M,F,M"/><TAIKYOKU oya="0"/><INIT seed="0,0,0,2,1,111" ten="250,250,250,250" oya="0" hai0="1,104,99,7,86,43,33,95,57,83,31,94,96" hai1="18,44,101,116,46,48,20,2,35,130,91,23,114" hai2="67,62,24,16,117,12,11,128,47,66,132,53,81" hai3="9,93,103,30,84,102,76,36,15,133,134,127,5"/><T110/><D110/><U55/><E35/><V28/><F132/><W58/><G36/><T109/><D109/><U25/><E116/><V97/><F128/><W29/><G127/><T64/><D43/><U40/><E2/><V122/><F122/><W69/><G69/><T119/><D7/><U39/><E130/><V85/><F117/><W98/><G102/><T115/><D1/><U126/><E126/><V100/><F62/><W72/><G72/><T19/><D33/><U26/><E101/><V118/><F53/><W51/><G133/><T27/><D31/><U113/><REACH who="1" step="1"/><E91/><REACH who="1" ten="250,240,250,250" step="2"/><V70/><F118/><W135/><G135/><T50/><D119/><U56/><E56/><V131/><F70/><W120/><G134/><T125/><D57/><U37/><E37/><V77/><F131/><W88/><G120/><T89/><D89/><U107/><E107/><V106/><REACH who="2" step="1"/><F47/><REACH who="2" ten="250,240,240,250" step="2"/><W60/><G76/><T8/><D125/><U74/><E74/><V21/><AGARI ba="0,2" hai="11,12,16,21,24,28,66,67,77,81,85,97,100,106" machi="21" ten="20,8000,1" yaku="1,1,2,1,0,1,7,1,54,1,53,0" doraHai="111" doraHaiUra="112" who="2" fromWho="2" sc="250,-40,240,-20,240,100,250,-20" /><INIT seed="1,0,0,1,0,72" ten="210,220,340,230" oya="1" hai0="23,86,50,53,68,65,27,85,12,70,25,38,64" hai1="77,31,118,28,122,5,6,26,116,94,18,128,35" hai2="17,58,59,56,124,44,33,7,127,24,98,16,74" hai3="84,0,51,46,104,73,82,106,19,132,67,63,120"/><U96/><E122/><V119/><F119/><W45/><G73/><T8/><D38/><U87/><E128/><V71/><F71/><W126/><G120/><T52/><D8/><U47/><E31/><N who="2" m="19687" /><F74/><W10/><G126/><N who="2" m="48169" /><F7/><W89/><G132/><T135/><D12/><U100/><E18/><N who="2" m="7275" /><F44/><W92/><G46/><T41/><D135/><U110/><E110/><V36/><F98/><W90/><G19/><T30/><D30/><U20/><E35/><V14/><F14/><W76/><G10/><T75/><D75/><U32/><E32/><V22/><F22/><W29/><G0/><T9/><D9/><U42/><E118/><V21/><F21/><W49/><G29/><T48/><REACH who="0" step="1"/><D23/><REACH who="0" ten="200,220,340,230" step="2"/><U134/><E116/><V123/><F123/><W62/><G104/><T91/><D91/><U97/><E134/><V105/><F105/><W15/><G106/><T78/><D78/><U61/><E6/><V95/><F36/><W2/><G15/><T1/><D1/><U117/><E5/><V57/><F57/><W83/><G2/><T133/><D133/><U111/><E117/><V60/><F56/><W103/><G89/><T43/><AGARI ba="0,1" hai="25,27,41,43,48,50,52,53,64,65,68,70,85,86" machi="43" ten="25,8000,1" yaku="1,1,0,1,22,2,54,1,53,0" doraHai="72" doraHaiUra="131" who="0" fromWho="0" sc="200,90,220,-40,340,-20,230,-20" /><INIT seed="2,0,0,5,4,1" ten="290,180,320,210" oya="2" hai0="53,4,61,121,125,103,118,15,55,7,79,81,14" hai1="63,5,109,111,113,110,25,0,38,49,94,24,78" hai2="91,67,106,37,130,31,69,50,56,20,86,42,85" hai3="120,115,127,76,99,11,131,93,65,62,43,40,73"/><V23/><F106/><W9/><G120/><T6/><D121/><U21/><E38/><V36/><F130/><W128/><G127/><T104/><D125/><U82/><E113/><V29/><F69/><W124/><G124/><T122/><D122/><U12/><E94/><V133/><F133/><W90/><G115/><T54/><D118/><U77/><E49/><V98/><F98/><W10/><G76/><T102/><D61/><U8/><E63/><N who="2" m="38375" /><F37/><W47/><G73/><T17/><D104/><U126/><E78/><V134/><F36/><W88/><G90/><T46/><D46/><U132/><E126/><V28/><F28/><W66/><G47/><T18/><D81/><U35/><E132/><V33/><F86/><W71/><REACH who="3" step="1"/><G66/><REACH who="3" ten="290,180,320,200" step="2"/><T32/><D79/><U2/><E77/><V39/><F91/><W100/><G100/><N who="0" m="38443" /><D32/><U87/><E87/><V119/><F33/><W108/><G108/><T135/><D135/><U83/><E83/><V16/><F85/><W59/><G59/><T26/><D26/><U117/><E82/><V129/><F134/><W41/><AGARI ba="0,1" hai="9,10,11,40,41,43,62,65,71,88,93,99,128,131" machi="41" ten="40,5200,0" yaku="1,1,0,1,54,1,53,0" doraHai="1" doraHaiUra="13" who="3" fromWho="3" sc="290,-13,180,-13,320,-26,200,62" /><INIT seed="3,0,0,3,5,129" ten="277,167,294,262" oya="3" hai0="121,109,43,101,122,8,106,69,70,119,26,58,103" hai1="96,125,90,10,64,87,77,80,67,105,78,107,42" hai2="115,114,127,94,111,3,28,131,31,126,24,118,12" hai3="2,128,46,65,13,74,55,20,4,134,6,45,18"/><W76/><G128/><T51/><D58/><U124/><E42/><V53/><F53/><W54/><G65/><T81/><D81/><U40/><E40/><V17/><F94/><W19/><G2/><T86/><D86/><U98/><E10/><N who="2" m="6295" /><F131/><W0/><G0/><T1/><D26/><U36/><E36/><V135/><F118/><W22/><G76/><N who="1" m="29290" /><E67/><V117/><F117/><W11/><G11/><T93/><D43/><U34/><E64/><V33/><F111/><W14/><G74/><T56/><D56/><U79/><E34/><V82/><F82/><W37/><G37/><T84/><D109/><U38/><E38/><V32/><F3/><W63/><G63/><T71/><D1/><U23/><E23/><N who="2" m="15391" /><F135/><AGARI ba="0,0" hai="4,6,13,14,18,19,20,22,45,46,54,55,134,135" machi="135" ten="25,9600,0" yaku="22,2,52,2" doraHai="129" who="3" fromWho="2" sc="277,0,167,0,294,-96,262,96" /><INIT seed="3,1,0,5,5,117" ten="277,167,198,358" oya="3" hai0="76,114,46,130,51,3,65,14,99,84,42,38,9" hai1="40,75,92,69,66,16,33,17,79,21,126,22,112" hai2="35,98,59,85,58,103,111,132,47,30,100,8,127" hai3="44,96,24,78,7,113,12,121,107,81,124,1,104"/><W63/><G113/><T90/><D3/><U95/><E33/><V23/><F35/><W5/><G1/><T135/><D114/><U36/><E112/><V101/><F111/><W133/><G133/><T28/><D135/><U27/><E126/><V55/><F127/><W64/><G124/><T15/><D130/><U13/><E75/><V116/><F116/><W45/><G24/><T20/><D65/><U6/><E79/><V102/><F132/><W93/><G121/><T115/><D38/><U94/><E6/><V26/><N who="2" m="25600" /><DORA hai="80" /><V43/><F98/><W37/><G104/><T61/><D61/><U11/><E66/><V4/><F55/><W125/><G107/><T106/><D106/><U72/><E72/><V97/><F97/><W118/><G118/><T31/><D20/><U34/><E69/><V131/><F85/><W128/><G128/><T32/><D32/><U120/><E120/><V110/><F110/><W71/><G125/><T134/><D9/><U88/><E34/><V89/><F89/><W91/><G37/><T105/><D105/><U0/><E0/><V129/><F129/><W82/><G82/><N who="0" m="47175" /><D134/><U49/><E36/><V67/><F67/><W122/><G122/><T39/><D39/><U119/><E119/><V70/><F70/><W87/><G5/><T56/><D56/><U29/><E49/><N who="2" m="26879" /><F131/><W48/><G48/><T123/><D123/><U19/><E40/><V108/><F108/><W83/><G83/><T60/><D60/><U54/><E54/><V41/><F41/><W73/><G73/><T68/><D115/><U52/><E52/><RYUUKYOKU ba="1,0" sc="277,-15,167,-15,198,15,358,15" hai2="4,8,23,26,30,58,59" hai3="7,12,44,45,63,64,71,78,81,87,91,93,96" /><INIT seed="3,2,0,4,3,29" ten="262,152,213,373" oya="3" hai0="24,34,30,51,70,62,22,65,94,18,114,121,68" hai1="127,35,0,126,72,130,119,53,26,76,100,118,33" hai2="84,134,25,2,77,46,108,9,113,23,117,41,21" hai3="47,116,43,63,112,93,128,131,122,31,95,91,120"/><W1/><G1/><T87/><D121/><U104/><E130/><V56/><F117/><N who="1" m="44553" /><E0/><V4/><F108/><W79/><G116/><T103/><D114/><U99/><E26/><V17/><F113/><W61/><G79/><T78/><D70/><U16/><E16/><V102/><F134/><W101/><G31/><T98/><D51/><U124/><E53/><V38/><F102/><W27/><G27/><T59/><D68/><U13/><E13/><V45/><F45/><W7/><G7/><T58/><D58/><U89/><E89/><V15/><F23/><W49/><G112/><T133/><D133/><U32/><E76/><V107/><F56/><W64/><G101/><T74/><D74/><AGARI ba="2,0" hai="32,33,35,72,74,99,100,104,124,126,127" m="44553" machi="74" ten="50,12000,2" yaku="18,1,12,1,23,1,52,3" doraHai="29" who="1" fromWho="0" sc="262,-126,152,126,213,0,373,0" /><INIT seed="4,0,0,0,2,80" ten="136,278,213,373" oya="0" hai0="122,134,125,63,39,12,26,79,85,58,25,49,103" hai1="61,117,121,110,21,51,124,123,74,56,106,66,87" hai2="64,55,11,6,30,83,133,33,95,24,108,119,72" hai3="118,40,3,130,13,4,36,19,128,102,32,93,116"/><T48/><D122/><U71/><E74/><V45/><F108/><W5/><G32/><T43/><D39/><U129/><E117/><V16/><F133/><W91/><G102/><T100/><D134/><U84/><E106/><V42/><F119/><W114/><G114/><T34/><D125/><U38/><E38/><V92/><F55/><W113/><G113/><T27/><D34/><U23/><E110/><V67/><F67/><W53/><G53/><N who="0" m="34255" /><D12/><U1/><E1/><V109/><F109/><W89/><G40/><T41/><D41/><U54/><E124/><V126/><F64/><W15/><G3/><T104/><D104/><U28/><E129/><V14/><F126/><W77/><G36/><T101/><D43/><U112/><E112/><V7/><F7/><W75/><G75/><T60/><D60/><U31/><E123/><V99/><F6/><W88/><G89/><T90/><D79/><U135/><E135/><V81/><F72/><W50/><G77/><T9/><D9/><U47/><E71/><V37/><REACH who="2" step="1"/><F95/><AGARI ba="0,0" hai="25,26,27,48,49,85,90,95,100,101,103" m="34255" machi="95" ten="30,2900,0" yaku="8,1,52,1" doraHai="80" who="0" fromWho="2" sc="136,29,278,0,213,-29,373,0" /><INIT seed="4,1,0,2,0,14" ten="165,278,184,373" oya="0" hai0="121,37,135,58,54,35,101,7,109,98,24,22,114" hai1="25,19,18,50,107,87,88,132,69,17,38,33,47" hai2="12,71,15,16,23,39,55,128,41,43,81,2,11" hai3="30,130,51,92,77,82,129,90,46,31,99,74,21"/><T91/><D121/><U72/><E72/><V125/><F2/><W124/><G124/><T131/><D35/><U56/><E69/><V102/><F71/><W80/><G80/><T127/><D127/><U78/><E107/><V40/><F125/><W13/><G13/><T133/><D114/><U29/><E132/><N who="0" m="50761" /><D131/><N who="3" m="50185" /><G21/><T28/><D109/><U105/><E105/><V60/><F128/><W65/><G65/><T44/><D7/><U42/><E78/><V64/><F39/><W52/><AGARI ba="1,0" hai="30,31,46,51,52,74,77,82,90,92,99" m="50185" machi="52" ten="30,2000,0" yaku="19,1,54,1" doraHai="14" who="3" fromWho="3" sc="165,-11,278,-6,184,-6,373,23" /><INIT seed="5,0,0,1,1,81" ten="154,272,178,396" oya="1" hai0="130,110,129,114,76,13,59,75,2,65,3,64,34" hai1="49,47,80,104,105,92,17,117,29,84,6,118,98" hai2="56,54,106,21,23,93,32,26,128,40,121,50,72" hai3="95,31,109,135,86,1,10,11,33,107,82,89,96"/><U108/><E29/><V58/><F121/><W134/><G109/><T74/><D110/><U51/><E108/><V12/><F106/><W69/><G69/><T16/><D34/><U124/><E124/><V88/><F72/><W101/><G1/><T19/><D59/><U25/><E6/><V5/><F128/><W36/><G36/><T15/><REACH who="0" step="1"/><D76/><REACH who="0" ten="144,272,178,396" step="2"/><U45/><E117/><V85/><F32/><W71/><G71/><T30/><D30/><U91/><E118/><V79/><F79/><W55/><G31/><T27/><D27/><U39/><E25/><V67/><F26/><W127/><G33/><T48/><D48/><U126/><E39/><V61/><F40/><W37/><G37/><T7/><D7/><U46/><E126/><V70/><F70/><W131/><G127/><T28/><D28/><U103/><E17/><V20/><F5/><W44/><G131/><T73/><D73/><U41/><E47/><V0/><F0/><W115/><G44/><T78/><D78/><U119/><E119/><V60/><F61/><W42/><G42/><AGARI ba="0,1" hai="41,42,45,46,49,51,80,84,91,92,98,103,104,105" machi="42" ten="30,5800,0" yaku="7,1,9,1,52,1" doraHai="81" who="1" fromWho="3" sc="144,0,272,68,178,0,396,-58" /><INIT seed="5,1,0,0,5,89" ten="144,340,178,338" oya="1" hai0="26,123,62,19,129,85,96,66,84,128,75,0,108" hai1="112,36,92,29,87,12,22,98,15,110,3,80,37" hai2="99,64,125,4,101,122,55,58,68,71,41,83,74" hai3="52,65,117,11,79,53,28,14,109,102,86,2,44"/><U105/><E3/><V60/><F122/><W25/><G109/><T57/><D108/><U131/><E110/><V30/><F125/><W45/><G2/><T13/><D75/><U43/><E105/><V88/><F4/><W21/><G65/><T49/><D0/><U61/><E131/><V73/><F30/><W100/><G117/><T51/><D123/><U17/><E112/><V7/><F7/><N who="3" m="3455" /><G79/><T76/><D26/><U5/><E29/><V34/><F34/><W46/><G86/><T82/><D85/><U115/><E115/><V107/><F41/><W134/><G134/><T8/><REACH who="0" step="1"/><D96/><REACH who="0" ten="134,340,178,338" step="2"/><U39/><E87/><V103/><F73/><W119/><G119/><T132/><D132/><U95/><E98/><V94/><F74/><W133/><G133/><T47/><D47/><U78/><E78/><V24/><F24/><W116/><G116/><T106/><D106/><U81/><E81/><V114/><F114/><W42/><G42/><T70/><D70/><U40/><E80/><V135/><F135/><W32/><G32/><T104/><D104/><U33/><E33/><V127/><F71/><W23/><G46/><T91/><D91/><U56/><E40/><V38/><F83/><W72/><G72/><T69/><D69/><U120/><E43/><V126/><F38/><W54/><G45/><T77/><D77/><U67/><E120/><V48/><F107/><W6/><G44/><T124/><D124/><U59/><E59/><V27/><F27/><W130/><G25/><T1/><D1/><U20/><E56/><N who="2" m="32871" /><F68/><W97/><G28/><T31/><D31/><RYUUKYOKU ba="1,1" sc="134,15,340,-15,178,15,338,-15" hai0="8,13,19,49,51,57,62,66,76,82,84,128,129" hai2="58,60,64,88,94,99,101,103,126,127" /><INIT seed="6,2,1,0,4,104" ten="149,325,193,323" oya="2" hai0="110,33,26,102,24,132,70,106,14,126,112,31,86" hai1="8,97,39,3,107,60,71,72,80,35,18,65,36" hai2="25,118,94,101,66,5,90,113,44,74,67,91,130" hai3="114,76,46,16,54,64,45,128,7,34,119,32,49"/><V111/><F118/><W123/><G119/><T53/><D110/><U95/><E35/><V68/><F74/><W51/><G123/><T38/><D112/><U92/><E92/><V122/><F122/><W12/><G7/><T10/><D126/><U83/><E18/><V100/><F68/><W61/><G76/><T15/><D132/><U73/><E83/><V108/><F113/><W63/><G128/><T19/><D38/><N who="1" m="14379" /><E95/><V116/><F130/><W85/><G85/><T81/><D70/><U93/><E93/><V22/><F44/><W115/><G16/><T129/><D129/><U127/><E80/><V89/><F5/><W121/><G121/><T11/><D53/><U42/><E42/><V75/><F75/><N who="1" m="28745" /><E127/><V28/><F116/><W55/><G64/><T62/><D26/><U124/><E124/><V105/><F94/><W21/><G21/><T58/><D15/><AGARI ba="2,1" hai="12,15,32,34,45,46,49,51,54,55,61,63,114,115" machi="15" ten="25,1600,0" yaku="22,2" doraHai="104" who="3" fromWho="0" sc="149,-22,325,0,193,0,323,32" /><INIT seed="7,0,0,0,5,116" ten="127,325,193,355" oya="3" hai0="1,41,94,0,77,93,103,125,55,98,130,13,53" hai1="22,32,119,100,17,67,24,115,111,99,10,33,51" hai2="40,15,5,59,63,83,91,23,70,112,76,6,74" hai3="58,87,68,118,4,75,117,126,36,3,78,47,89"/><W105/><G105/><T131/><D41/><U31/><E111/><V14/><F112/><W8/><G68/><T44/><D77/><U135/><E115/><V120/><F70/><W48/><G126/><T90/><D125/><U25/><E135/><V56/><F120/><W96/><G96/><T110/><D110/><U72/><E72/><V18/><F40/><W39/><G39/><T9/><D44/><U79/><E79/><V20/><F59/><W102/><G102/><T62/><D62/><U97/><E119/><V66/><F91/><W19/><G19/><AGARI ba="0,0" hai="5,6,14,15,18,19,20,23,56,63,66,74,76,83" machi="19" ten="40,1300,0" yaku="9,1" doraHai="116" who="2" fromWho="3" sc="127,0,325,0,193,13,355,-13" owari="127,-37.0,325,13.0,206,-19.0,342,43.0" /></mjloggm>