<mjloggm ver="2.3"><GO type="225" lobby="0"/><UN n0="%E3%82%A6%E3%83%AB%E3%83%88%E3%83%A9%E7%AB%8B%E7%9B%B4" n1="%E3%81%BF%E3%81%BF%E3%81%9A" n2="%E3%81%B5%E3%83%BC%E7%88%BA" n3="%E3%81%AE%E3%81%86%E3%81%AA%E3%82%81%E3%82%8D%E3%82%93" dan="17,17,16,16" rate="2195.39,2236.23,2112.63,2069.14" sx="M,M,M,M"/><TAIKYOKU oya="0"/><INIT seed="0,0,0,4,5,60" ten="250,250,250,250" oya="0" hai0="40,12,98,112,93,121,64,43,131,65,109,120,77" hai1="50,59,132,19,81,107,25,127,123,114,74,49,101" hai2="126,95,94,29,35,5,57,1,42,10,44,84,90" hai3="91,76,26,54,72,34,70,56,78,52,27,7,69"/><T62/><D112/><U73/><E123/><V33/><F126/><W66/><G7/><T14/><D131/><U67/><E127/><V37/><F29/><W32/><G56/><T31/><D109/><U2/><E2/><V23/><F23/><W87/><G87/><T130/><D130/><U125/><E114/><V24/><F24/><W86/><G86/><T21/><D77/><U9/><E125/><V58/><REACH who="2" step="1"/><F95/><REACH who="2" ten="250,250,240,250" step="2"/><W128/><G128/><T129/><D129/><U55/><E25/><V47/><F47/><W79/><G72/><T104/><D104/><U100/><E73/><V71/><F71/><W41/><G70/><T45/><D45/><U119/><E107/><V51/><F51/><W85/><G27/><N who="0" m="16879" /><D121/><U89/><E74/><V124/><F124/><W15/><G26/><T113/><D120/><U36/><E36/><V63/><F63/><W99/><G69/><T96/><D62/><N who="1" m="38367" /><E50/><V88/><F88/><W68/><G68/><T75/><D75/><U110/><E110/><V134/><F134/><W116/><G91/><T133/><D133/><U92/><E132/><V13/><F13/><W122/><G15/><N who="0" m="5675" /><D113/><U17/><E9/><V102/><F102/><N who="1" m="39529" /><E119/><V83/><F83/><W39/><G116/><T97/><D93/><U106/><E81/><V82/><F82/><W108/><G122/><T38/><D38/><U28/><E106/><V4/><F4/><W61/><G39/><T3/><D3/><U30/><E30/><V16/><F16/><N who="1" m="6217" /><E28/><V0/><F0/><W115/><G108/><T22/><D22/><U103/><N who="1" m="39537" /><U53/><DORA hai="118" /><E49/><RYUUKYOKU ba="0,1" sc="250,10,250,10,240,10,250,-30" hai0="40,43,64,65,96,97,98" hai1="53,55,89,92" hai2="1,5,10,33,35,37,42,44,57,58,84,90,94" /><INIT seed="0,1,1,4,2,16" ten="260,260,250,220" oya="0" hai0="32,86,106,34,55,111,29,131,114,101,35,80,74" hai1="23,98,102,10,85,18,64,120,77,79,59,99,94" hai2="92,13,70,90,134,132,128,1,129,30,60,125,105" hai3="127,62,121,126,63,37,61,50,40,73,87,72,110"/><T5/><D114/><U57/><E120/><V119/><F1/><W113/><G113/><T2/><D74/><U104/><E10/><V69/><F105/><W44/><G121/><T115/><D115/><U81/><E77/><V33/><F119/><W68/><G87/><T45/><D131/><N who="2" m="50250" /><F13/><W36/><G73/><T43/><D55/><U76/><E76/><V56/><F33/><W116/><G72/><T14/><D2/><U28/><E28/><V78/><F30/><W93/><G93/><T38/><D111/><U117/><E64/><N who="2" m="38919" /><F78/><W66/><G116/><T9/><D29/><U67/><E67/><V7/><F7/><W96/><G110/><T135/><D135/><N who="2" m="51754" /><F125/><N who="3" m="47627" /><G96/><AGARI ba="1,1" hai="69,70,90,92,96" m="51754,38919,50250" machi="96" ten="30,2000,0" yaku="19,1,20,1" doraHai="16" who="2" fromWho="3" sc="260,0,260,0,250,33,220,-23" /><INIT seed="1,0,0,5,4,104" ten="260,260,283,197" oya="1" hai0="110,117,14,119,122,102,133,61,21,15,16,39,125" hai1="3,72,103,118,68,121,60,47,4,10,71,75,132" hai2="35,53,106,115,113,5,98,13,36,31,76,70,30" hai3="92,19,94,109,128,0,88,129,7,12,134,123,100"/><U66/><E118/><V29/><F36/><W55/><G123/><T24/><D39/><U54/><E121/><V51/><F70/><W126/><G109/><T23/><D122/><U18/><E132/><V135/><F135/><W105/><G134/><T111/><D133/><U56/><E103/><V34/><F5/><W62/><G126/><T108/><D102/><U49/><E18/><V45/><F13/><N who="0" m="4618" /><D61/><U85/><REACH who="1" step="1"/><E85/><REACH who="1" ten="260,250,283,197" step="2"/><V58/><F115/><W78/><G100/><T73/><D125/><U101/><E101/><V120/><F113/><W90/><G19/><N who="0" m="12351" /><D73/><AGARI ba="0,1" hai="3,4,10,47,49,54,56,60,66,68,71,72,73,75" machi="73" ten="40,12000,1" yaku="1,1,52,3,53,1" doraHai="104" doraHaiUra="50" who="1" fromWho="0" sc="260,-120,250,130,283,0,197,0" /><INIT seed="1,1,0,1,1,60" ten="140,380,283,197" oya="1" hai0="116,39,51,102,59,7,44,111,95,103,3,87,65" hai1="100,85,0,109,127,50,31,94,101,81,66,110,67" hai2="29,6,92,129,63,1,134,125,23,112,24,42,18" hai3="113,130,38,11,78,82,37,119,115,9,133,124,2"/><U88/><E0/><V107/><F107/><W17/><G130/><T32/><D32/><U16/><E31/><V108/><F129/><W84/><G133/><T99/><D116/><U69/><E50/><V90/><F134/><W48/><G119/><T49/><D111/><N who="1" m="42507" /><E127/><V106/><F108/><W117/><G117/><T77/><D39/><U71/><E16/><V73/><F106/><W86/><G48/><T118/><D118/><U89/><E100/><V14/><F73/><W25/><G2/><T30/><D30/><U58/><E101/><V83/><F125/><W80/><G124/><T13/><D3/><U34/><E34/><V5/><F112/><W28/><G17/><T120/><D120/><U122/><E122/><V26/><F1/><W55/><G28/><T12/><D103/><U19/><E19/><V40/><F83/><W61/><G25/><T96/><D7/><N who="2" m="2570" /><F63/><W52/><G61/><N who="0" m="38079" /><D51/><U72/><E58/><V131/><F131/><W36/><G36/><T128/><D128/><U105/><E105/><V15/><F26/><W70/><G70/><N who="1" m="26634" /><E72/><V45/><F45/><W47/><G47/><T8/><D44/><U114/><E114/><V27/><F27/><W4/><G4/><N who="0" m="3079" /><D49/><U53/><E53/><V75/><F75/><W21/><G21/><T43/><D13/><N who="2" m="4618" /><F29/><W41/><G41/><T56/><D43/><U10/><E10/><V126/><F126/><W76/><AGARI ba="1,0" hai="9,11,37,38,52,55,76,78,80,82,84,86,113,115" machi="76" ten="25,6400,0" yaku="0,1,22,2,54,1" doraHai="60" who="3" fromWho="3" sc="140,-17,380,-33,283,-17,197,67" /><INIT seed="2,0,0,3,4,0" ten="123,347,266,264" oya="2" hai0="32,93,106,53,71,125,74,111,134,103,34,63,80" hai1="94,98,110,102,75,133,89,25,43,46,29,36,41" hai2="14,82,108,61,37,58,19,95,9,101,131,90,120" hai3="92,86,123,70,83,130,45,87,44,76,54,24,127"/><V39/><F120/><W115/><G123/><T116/><D53/><U114/><E114/><V49/><F131/><W79/><G70/><T107/><D93/><U105/><E110/><V20/><F108/><W50/><G130/><T10/><D10/><U135/><E75/><V62/><F101/><W126/><G115/><T72/><D63/><U40/><E89/><V5/><F82/><N who="3" m="47431" /><G24/><T7/><D80/><U84/><E84/><V12/><F49/><W119/><G119/><T60/><D60/><U91/><E91/><V129/><F129/><W16/><G92/><T13/><D13/><U4/><E4/><V18/><F18/><W8/><G126/><T124/><D103/><U17/><E17/><V128/><F128/><W121/><G121/><T6/><D111/><U35/><E105/><V96/><REACH who="2" step="1"/><F62/><REACH who="2" ten="123,347,256,264" step="2"/><W47/><G127/><T97/><D97/><U28/><E28/><V1/><F1/><W81/><G83/><T78/><D78/><U23/><E36/><V22/><F22/><W104/><G104/><T132/><REACH who="0" step="1"/><D71/><REACH who="0" ten="113,347,256,264" step="2"/><U59/><E102/><V85/><F85/><W21/><G8/><T51/><D51/><U56/><E98/><V122/><F122/><W15/><AGARI ba="0,2" hai="15,16,21,44,45,47,50,54,79,81,87" m="47431" machi="15" ten="30,2000,0" yaku="8,1,54,1" doraHai="0" who="3" fromWho="3" sc="113,-5,347,-5,256,-10,264,40" /><INIT seed="3,0,0,5,0,48" ten="108,342,246,304" oya="3" hai0="130,18,88,57,54,6,51,90,110,87,77,101,9" hai1="12,53,63,79,60,13,112,105,124,91,36,104,111" hai2="76,50,132,113,94,16,85,42,74,75,115,43,100" hai3="89,55,107,11,52,66,29,131,62,71,64,58,59"/><W96/><G131/><T119/><D130/><U45/><E79/><V47/><F132/><W20/><G71/><T22/><D119/><U70/><E112/><V135/><F135/><W99/><G11/><T39/><D110/><U129/><E111/><V134/><F134/><W120/><G120/><T2/><D39/><U40/><E129/><V67/><F67/><N who="3" m="25643" /><G107/><T98/><D77/><U41/><E70/><V69/><F69/><W35/><G35/><T118/><D118/><U106/><E124/><V97/><F43/><W33/><G33/><T93/><REACH who="0" step="1"/><D87/><REACH who="0" ten="98,342,246,304" step="2"/><U125/><E36/><V38/><F85/><W17/><G29/><T24/><AGARI ba="0,1" hai="2,6,9,18,22,24,51,54,57,88,90,93,98,101" machi="24" ten="20,12000,2" yaku="1,1,2,1,0,1,7,1,52,1,54,1,53,0" doraHai="48" doraHaiUra="127" who="0" fromWho="0" sc="98,130,342,-30,246,-30,304,-60" owari="228,-17.0,312,41.0,216,-28.0,244,4.0" /></mjloggm>