<mjloggm ver="2.3"><GO type="169" lobby="0"/><UN n0="%E5%B0%B1%E6%B4%BB%E7%94%9F%40%E5%B7%9D%E6%9D%91%E8%BB%8D%E5%9B%A3" n1="%EF%BD%9C%E7%A8%B2%E5%8F%A2%E8%8E%89%E9%9F%B3%EF%BD%9C" n2="%E6%9D%9F%E5%AD%90" n3="%E9%BB%92%E7%8A%AC%40%E3%81%A6%E3%82%93%E3%81%BB%E3%83%BC" dan="17,16,17,16" rate="2183.57,2035.42,2161.20,2157.74" sx="M,M,M,F"/><TAIKYOKU oya="0"/><INIT seed="0,0,0,0,0,132" ten="250,250,250,250" oya="0" hai0="20,12,73,77,80,112,91,90,125,93,105,60,133" hai1="41,83,135,44,56,33,119,101,14,126,7,86,13" hai2="67,4,102,26,109,23,128,74,116,114,99,117,92" hai3="78,6,100,59,104,58,47,57,50,121,79,0,28"/><T106/><D112/><U127/><E119/><N who="2" m="45643" /><F114/><W120/><G28/><T108/><D133/><U22/><E33/><V24/><F74/><W76/><G6/><T111/><D60/><U15/><E135/><V103/><F109/><N who="0" m="42058" /><D20/><U42/><E101/><V118/><N who="2" m="45651" /><V62/><DORA hai="43" /><F128/><W95/><G0/><T61/><D61/><U51/><E56/><N who="2" m="37319" /><F4/><W71/><G71/><T70/><D12/><U52/><E7/><V72/><F72/><W9/><G9/><T10/><D10/><U65/><E22/><V87/><F103/><W34/><G34/><T69/><D69/><U3/><E3/><V96/><F96/><W82/><G104/><N who="0" m="40043" /><D70/><U53/><E65/><V134/><F134/><W54/><REACH who="3" step="1"/><G82/><REACH who="3" ten="250,250,250,240" step="2"/><T21/><D21/><U94/><E13/><V45/><F23/><W68/><G68/><T35/><D35/><U1/><E14/><V30/><F30/><W5/><G5/><T16/><D16/><U46/><E15/><V17/><F17/><W110/><G110/><T39/><D39/><U97/><E1/><V129/><F24/><W98/><AGARI ba="0,1" hai="47,50,54,57,58,59,76,78,79,95,98,100,120,121" machi="98" ten="40,8000,1" yaku="1,1,0,1,52,1,53,1" doraHai="132,43" doraHaiUra="40,2" who="3" fromWho="3" sc="250,-40,250,-20,250,-20,240,90" /><INIT seed="1,0,0,5,0,63" ten="210,230,230,330" oya="1" hai0="66,1,108,11,118,74,104,80,122,97,62,9,98" hai1="32,16,18,121,34,39,22,7,116,41,25,24,102" hai2="129,13,49,54,48,91,114,28,88,65,55,75,82" hai3="61,50,115,117,76,81,64,12,100,135,103,21,90"/><U128/><E39/><V134/><F129/><W79/><G117/><T29/><D118/><U58/><E41/><V59/><F134/><W36/><G115/><T30/><D108/><U26/><E102/><V45/><F114/><W5/><G36/><T47/><D122/><U40/><E40/><V56/><F28/><W99/><G50/><T106/><D47/><U83/><E83/><V20/><F75/><W126/><G135/><T0/><D80/><U77/><E58/><V23/><F13/><W44/><G44/><T52/><D62/><U71/><E77/><V37/><F37/><W60/><G60/><T89/><D89/><U42/><E42/><V73/><F73/><W92/><G126/><T46/><D46/><U33/><E71/><V107/><F107/><W6/><G6/><T132/><D132/><U125/><E125/><V14/><F14/><W38/><G38/><T85/><D85/><U78/><E121/><V10/><F10/><W93/><G81/><T15/><D15/><N who="1" m="9503" /><E7/><V96/><F82/><W4/><G4/><T123/><D123/><U51/><E116/><V113/><F113/><W31/><G5/><T127/><D127/><U120/><E120/><V35/><F45/><W8/><G8/><T124/><D124/><U72/><E72/><V67/><REACH who="2" step="1"/><F96/><REACH who="2" ten="210,230,220,330" step="2"/><W101/><G12/><T94/><D74/><U2/><E78/><V84/><F84/><W43/><G79/><T87/><D87/><U110/><E128/><V27/><F27/><W95/><G76/><T105/><D105/><U19/><E26/><V86/><F86/><W131/><G99/><RYUUKYOKU ba="0,1" sc="210,-10,230,-10,220,30,330,-10" hai2="20,23,35,48,49,54,55,56,59,65,67,88,91" /><INIT seed="2,1,1,3,0,45" ten="200,220,250,320" oya="2" hai0="54,125,108,15,70,5,127,101,7,128,133,87,55" hai1="75,46,61,14,69,83,58,71,134,116,26,85,56" hai2="94,44,72,89,19,123,25,23,47,68,35,121,102" hai3="66,51,122,82,113,53,34,67,81,64,57,120,84"/><V41/><F68/><W117/><G34/><T48/><D70/><U90/><E116/><V80/><F35/><W93/><G117/><T107/><D133/><U115/><E115/><V86/><F47/><W6/><G113/><T77/><D128/><U130/><E130/><V105/><F105/><W32/><G32/><T60/><D108/><U76/><E134/><V112/><F112/><W88/><REACH who="3" step="1"/><G6/><REACH who="3" ten="200,220,250,310" step="2"/><T74/><D7/><U124/><E124/><V10/><F121/><AGARI ba="1,2" hai="51,53,57,64,66,67,81,82,84,88,93,120,121,122" machi="121" ten="40,8000,1" yaku="1,1,2,1,52,1,54,1,53,0" doraHai="45" doraHaiUra="30" who="3" fromWho="2" sc="200,0,220,0,250,-83,310,103" /><INIT seed="3,0,0,1,2,8" ten="200,220,167,413" oya="3" hai0="98,59,66,49,10,31,75,35,29,52,125,112,78" hai1="97,50,113,34,7,116,5,38,13,86,101,92,119" hai2="127,130,94,81,0,46,6,128,133,36,79,40,60" hai3="14,122,95,22,56,37,15,25,120,16,105,90,63"/><W39/><G105/><T107/><D125/><U83/><E38/><V89/><F127/><W88/><G39/><T19/><D112/><U23/><E34/><V111/><F111/><W28/><G37/><T131/><D131/><N who="2" m="50218" /><F133/><W84/><G90/><T104/><D66/><U9/><E50/><V45/><F60/><W65/><REACH who="3" step="1"/><G14/><REACH who="3" ten="200,220,167,403" step="2"/><T2/><D104/><U115/><E13/><V118/><F118/><W21/><AGARI ba="0,1" hai="15,16,21,22,25,28,56,63,65,84,88,95,120,122" machi="21" ten="20,24000,3" yaku="1,1,2,1,0,1,7,1,52,1,54,2,53,2" doraHai="8" doraHaiUra="17" who="3" fromWho="3" sc="200,-80,220,-80,167,-80,403,250" /><INIT seed="3,1,0,3,1,119" ten="120,140,87,653" oya="3" hai0="98,111,40,95,68,108,0,24,71,129,105,116,73" hai1="127,41,131,121,4,46,19,81,57,84,104,92,54" hai2="10,83,45,113,128,63,3,124,102,110,52,82,29" hai3="85,49,31,86,126,87,61,28,67,55,66,2,59"/><W100/><G2/><T123/><D116/><U69/><E104/><V44/><F113/><W93/><G126/><T27/><D105/><U64/><E69/><N who="0" m="26697" /><D0/><U47/><E121/><V76/><F110/><N who="0" m="42026" /><D73/><U94/><E64/><N who="3" m="24618" /><G61/><T53/><D40/><U132/><E132/><V78/><F128/><W112/><G112/><T6/><D6/><U62/><E4/><V20/><F124/><W14/><G14/><T79/><D79/><U50/><E131/><V51/><F3/><W118/><G118/><T109/><N who="0" m="42034" /><T7/><DORA hai="16" /><D7/><U60/><E127/><V97/><F63/><W43/><G43/><T8/><D8/><U18/><E62/><V103/><F10/><W122/><G122/><T75/><D75/><U48/><E60/><V35/><F35/><W74/><G74/><T11/><D11/><U96/><E57/><V135/><F135/><W65/><N who="3" m="24626" /><W106/><DORA hai="34" /><G106/><T58/><D123/><U32/><E32/><V42/><F42/><W101/><G93/><T80/><D80/><U33/><E33/><V56/><F83/><W89/><G89/><N who="0" m="55663" /><D129/><U72/><E72/><V91/><F82/><W15/><G15/><T125/><D125/><U70/><E70/><V115/><F115/><W37/><G37/><T39/><D39/><U21/><E96/><V5/><F91/><W17/><G17/><T12/><D12/><N who="1" m="9415" /><E19/><V36/><F36/><W30/><AGARI ba="1,0" hai="28,30,31,49,55,59,85,86,87,100,101" m="24626" machi="30" ten="40,2100,0" yaku="8,1" doraHai="119,16,34" who="3" fromWho="3" sc="120,-8,140,-8,87,-8,653,24" /><INIT seed="3,2,0,2,0,61" ten="112,132,79,677" oya="3" hai0="83,78,119,12,15,8,134,30,69,94,10,121,23" hai1="0,87,22,57,64,120,89,53,112,1,52,86,59" hai2="131,96,58,29,51,66,50,37,125,5,116,73,105" hai3="93,98,21,84,60,92,77,70,118,32,40,18,7"/><W25/><G118/><T14/><D69/><U13/><E120/><V44/><F5/><W101/><G32/><T128/><D121/><U16/><E112/><V102/><F29/><W109/><G7/><T115/><D119/><U35/><E35/><V129/><F73/><W46/><G109/><T99/><D115/><U27/><E86/><V67/><F116/><W110/><G110/><T124/><D124/><U26/><E1/><V28/><F28/><W111/><G111/><T113/><D113/><U135/><E0/><V39/><F125/><W45/><G77/><T74/><D128/><N who="2" m="49226" /><F58/><W41/><G70/><T82/><D134/><U31/><E27/><V65/><F51/><W76/><G60/><T17/><D82/><N who="1" m="49399" /><E135/><V2/><F2/><W103/><G76/><T132/><D132/><U79/><E79/><V63/><F63/><W34/><G34/><T56/><D56/><N who="1" m="21579" /><E64/><V48/><F48/><W4/><G4/><T114/><D114/><U6/><E31/><V75/><F75/><W33/><G33/><T127/><D30/><N who="1" m="17751" /><E6/><V122/><F122/><W42/><REACH who="3" step="1"/><G84/><REACH who="3" ten="112,132,79,667" step="2"/><T49/><D127/><U19/><E19/><V88/><F88/><W130/><G130/><T100/><D17/><U36/><E36/><V71/><F71/><W55/><G55/><AGARI ba="2,1" hai="37,39,44,50,55,65,66,67,96,102,105" m="49226" machi="55" ten="30,7700,0" yaku="19,1,52,3" doraHai="61" who="2" fromWho="3" sc="112,0,132,0,79,93,667,-83" /><INIT seed="4,0,0,1,4,87" ten="112,132,172,584" oya="0" hai0="2,43,135,79,14,1,34,110,70,64,72,46,94" hai1="58,78,31,73,7,21,0,119,47,53,134,84,131" hai2="42,101,29,66,99,130,91,24,106,80,57,95,19" hai3="129,28,37,109,117,102,69,111,132,27,63,82,115"/><T4/><D34/><U11/><E119/><V77/><F130/><W39/><G82/><T124/><D110/><U9/><E131/><V61/><F42/><W25/><G102/><T96/><D124/><U8/><E134/><V116/><F116/><W71/><G63/><T18/><D135/><U65/><E73/><V22/><F19/><W104/><G28/><T52/><D4/><U122/><E122/><V12/><F12/><W6/><G6/><T55/><D79/><U118/><E118/><V90/><F106/><W76/><G76/><T93/><D72/><AGARI ba="0,0" hai="22,24,29,57,61,66,72,77,80,90,91,95,99,101" machi="72" ten="30,8000,1" yaku="7,1,25,2,52,2" doraHai="87" who="2" fromWho="0" sc="112,-80,132,0,172,80,584,0" /><INIT seed="5,0,0,1,0,130" ten="32,132,252,584" oya="1" hai0="61,80,66,93,121,57,122,62,44,79,46,123,131" hai1="25,23,33,6,42,27,54,69,101,40,45,20,59" hai2="129,124,117,1,58,111,74,9,56,4,14,78,37" hai3="113,52,100,102,0,41,86,119,126,118,104,133,94"/><U107/><E69/><V43/><F117/><N who="3" m="44555" /><G133/><T5/><D131/><U95/><E107/><V92/><F111/><W11/><G41/><T7/><D93/><U106/><E106/><V110/><F110/><W51/><G104/><T103/><D103/><U67/><E67/><V105/><F105/><W84/><G113/><T29/><D29/><U36/><E42/><V12/><F129/><W68/><G68/><T50/><D62/><U134/><E6/><V10/><F124/><W127/><G11/><T47/><REACH who="0" step="1"/><D50/><REACH who="0" ten="22,132,252,584" step="2"/><N who="1" m="26919" /><E95/><V3/><F92/><W77/><G94/><T34/><D34/><U31/><E101/><N who="3" m="39018" /><G0/><T112/><D112/><U96/><E33/><V73/><F1/><W128/><G128/><T38/><D38/><U19/><E36/><V28/><F3/><W24/><G24/><T70/><D70/><U109/><E109/><V2/><F2/><W17/><G17/><T75/><AGARI ba="0,1" hai="5,7,44,46,47,57,61,66,75,79,80,121,122,123" machi="75" ten="40,12000,2" yaku="1,1,0,1,13,1,53,3" doraHai="130" doraHaiUra="116" who="0" fromWho="0" sc="22,130,132,-60,252,-30,584,-30" /><INIT seed="6,0,0,1,1,12" ten="152,72,222,554" oya="2" hai0="48,4,3,77,47,6,94,82,67,30,98,8,5" hai1="66,123,128,130,89,18,97,27,74,81,2,61,118" hai2="26,9,92,39,120,34,28,32,14,73,44,54,11" hai3="25,33,113,90,15,124,29,95,60,53,122,96,1"/><V21/><F73/><W52/><G1/><T105/><D105/><U17/><E2/><V101/><F120/><W112/><G122/><T70/><D30/><U84/><E123/><V134/><F134/><W63/><G124/><T43/><D70/><U125/><E118/><V46/><F39/><W16/><G60/><T108/><D67/><U51/><E51/><V80/><F80/><W37/><G37/><T79/><D79/><U72/><E27/><V93/><F34/><W114/><REACH who="3" step="1"/><G63/><REACH who="3" ten="152,72,222,544" step="2"/><T45/><D108/><U86/><E125/><V42/><F32/><W88/><G88/><T121/><D121/><U55/><E55/><V87/><F101/><W91/><G91/><T64/><D64/><U119/><E119/><V131/><F54/><W99/><G99/><T83/><D77/><U103/><E97/><V111/><F42/><W115/><N who="3" m="28672" /><DORA hai="110" /><W71/><G71/><T57/><D43/><U109/><E103/><V40/><F111/><W100/><G100/><T19/><D98/><U7/><E109/><V31/><F40/><W50/><G50/><T127/><D48/><U0/><E61/><V13/><F46/><W38/><G38/><T56/><D47/><U117/><E66/><V62/><F44/><W85/><G85/><T65/><D45/><U22/><E117/><V23/><F62/><W102/><G102/><T106/><D65/><U135/><E86/><V76/><F87/><W104/><G104/><T69/><D106/><U41/><E84/><V75/><F76/><W116/><G116/><T10/><D127/><U58/><E89/><V36/><F36/><RYUUKYOKU ba="0,1" sc="152,-10,72,-10,222,-10,544,30" hai3="15,16,25,29,33,52,53,90,95,96" /><INIT seed="7,1,1,0,4,67" ten="142,62,212,574" oya="3" hai0="0,135,27,106,76,40,101,75,72,131,121,19,18" hai1="32,103,60,98,86,73,110,125,63,11,129,102,35" hai2="53,4,130,70,31,94,34,62,38,66,6,112,56" hai3="91,33,90,20,108,50,21,92,95,47,134,3,87"/><W123/><G33/><T43/><D0/><U97/><E73/><V114/><F38/><W88/><G3/><T5/><D5/><U26/><E110/><V127/><F130/><W124/><G123/><T1/><D1/><U8/><E129/><V42/><F42/><W16/><G108/><T12/><D131/><U107/><E86/><V64/><F127/><W79/><G134/><T120/><D135/><U46/><E46/><V28/><F66/><W115/><G115/><N who="2" m="44073" /><F94/><N who="3" m="35883" /><G124/><T126/><D126/><U82/><E82/><V45/><F45/><W71/><G71/><T57/><D76/><U9/><E125/><V116/><F116/><W69/><G69/><T44/><D44/><U113/><E113/><V51/><F34/><W37/><G37/><T10/><D75/><U105/><E26/><V59/><F59/><W58/><G58/><T100/><D72/><U122/><REACH who="1" step="1"/><E9/><REACH who="1" ten="142,52,212,574" step="2"/><V85/><F85/><W74/><G74/><T68/><D27/><U25/><E25/><V52/><F31/><W89/><G79/><T119/><D10/><U24/><E24/><V17/><F28/><W81/><G16/><T77/><D120/><AGARI ba="1,2" hai="8,11,32,35,60,63,97,98,102,103,105,107,120,122" machi="120" ten="25,3200,0" yaku="1,1,22,2,53,0" doraHai="67" doraHaiUra="54" who="1" fromWho="0" sc="142,-35,52,55,212,0,574,0" owari="107,-29.0,107,-39.0,212,1.0,574,67.0" /></mjloggm>