<mjloggm ver="2.3"><GO type="169" lobby="0"/><UN n0="%E3%82%A6%E3%83%AB%E3%83%88%E3%83%A9%E7%AB%8B%E7%9B%B4" n1="%70%6F%72%75%63%61" n2="%E9%A7%84%E5%A6%B9" n3="%E3%83%90%E3%82%B9%E3%82%BF%E3%83%BC%E5%90%9B" dan="16,16,17,16" rate="2100.99,2090.77,2169.39,2149.73" sx="M,M,F,M"/><TAIKYOKU oya="0"/><INIT seed="0,0,0,4,5,21" ten="250,250,250,250" oya="0" hai0="129,41,63,62,132,104,113,43,37,22,60,102,18" hai1="19,127,77,51,7,72,5,119,57,26,61,50,100" hai2="42,49,17,68,88,53,54,52,93,70,85,116,114" hai3="55,134,105,109,36,48,11,65,23,25,106,133,0"/><T47/><D113/><U71/><E119/><V28/><F114/><W58/><G36/><T3/><D3/><U95/><E127/><V30/><F116/><W126/><G65/><T16/><D129/><U135/><E71/><V122/><F122/><W123/><G123/><T86/><D132/><N who="3" m="50793" /><G126/><T10/><D10/><U69/><E69/><V73/><F73/><W44/><G58/><T81/><D43/><U118/><E118/><V56/><F70/><W34/><G34/><T97/><REACH who="0" step="1"/><D22/><REACH who="0" ten="240,250,250,250" step="2"/><U6/><E135/><V79/><F42/><W15/><G0/><T32/><D32/><U74/><E6/><V80/><F68/><W130/><G130/><T131/><D131/><U121/><E7/><V89/><F56/><W8/><G8/><T87/><D87/><U117/><E5/><V111/><F111/><W14/><G11/><T99/><D99/><U125/><E117/><V13/><F49/><W82/><G48/><T59/><D59/><U76/><E57/><V103/><F54/><W33/><G55/><T38/><D38/><U46/><E51/><V35/><F52/><W64/><G33/><T29/><D29/><U12/><E50/><V108/><F53/><W94/><G23/><T110/><D110/><U78/><E125/><V9/><F108/><W45/><G109/><T20/><D20/><U112/><E112/><V128/><F128/><W90/><G64/><T75/><D75/><U83/><E74/><V92/><F35/><W91/><G45/><T84/><D84/><U24/><E121/><V1/><F1/><W27/><G44/><T31/><D31/><RYUUKYOKU ba="0,1" sc="240,30,250,-10,250,-10,250,-10" hai0="16,18,37,41,47,60,62,63,81,86,97,102,104" /><INIT seed="0,1,1,1,0,98" ten="270,240,240,240" oya="0" hai0="102,6,22,13,36,57,100,85,113,29,80,21,31" hai1="127,73,52,49,104,79,28,106,15,33,112,17,3" hai2="19,66,135,11,72,61,90,119,63,51,74,40,132" hai3="37,14,87,101,131,2,81,129,75,53,16,62,118"/><T38/><D113/><U26/><E112/><V50/><F119/><W12/><G2/><T109/><D109/><U20/><E3/><V130/><F130/><W48/><G37/><T69/><D69/><U99/><E127/><V91/><F11/><W70/><G75/><T124/><D124/><U8/><E99/><V25/><F25/><W9/><G118/><T94/><D94/><U133/><E133/><V59/><F59/><W27/><G27/><T24/><D57/><U67/><E67/><V111/><F40/><W42/><G42/><T95/><D95/><U134/><E134/><V110/><F19/><W58/><G101/><N who="0" m="39019" /><D38/><U4/><E79/><V39/><F39/><W60/><G14/><T128/><D36/><U97/><E97/><V108/><F108/><W1/><G1/><T23/><D128/><N who="3" m="49225" /><G70/><T82/><D24/><U32/><E73/><V114/><F114/><W120/><G120/><T43/><D43/><U76/><E76/><AGARI ba="1,1" hai="9,12,16,48,53,58,60,62,76,81,87" m="49225" machi="76" ten="30,2000,0" yaku="19,1,54,1" doraHai="98" who="3" fromWho="1" sc="270,0,240,-23,240,0,240,33" /><INIT seed="1,0,0,4,1,77" ten="270,217,240,273" oya="1" hai0="102,12,92,65,94,70,129,48,133,113,57,88,82" hai1="36,66,60,16,81,83,46,17,117,26,106,47,13" hai2="126,1,42,132,45,41,5,84,114,91,22,97,108" hai3="131,128,40,61,99,8,30,107,32,93,75,10,134"/><U130/><E117/><V85/><F108/><W118/><G107/><T124/><D113/><U119/><E119/><V62/><F114/><W19/><G75/><T109/><D70/><U21/><E106/><V15/><F126/><W4/><G118/><T25/><D109/><U72/><E72/><V33/><F33/><W69/><G40/><T28/><D124/><U43/><E130/><V87/><F1/><W135/><G69/><T73/><D129/><N who="3" m="49737" /><G61/><T80/><D73/><U122/><E47/><V78/><F132/><N who="3" m="50731" /><G19/><T39/><D39/><U110/><E110/><V34/><F62/><W74/><G74/><T58/><D65/><U0/><E0/><V112/><F41/><W59/><G59/><T24/><D48/><N who="1" m="26719" /><E122/><V6/><F112/><W100/><G4/><T2/><D58/><N who="1" m="37143" /><E36/><V123/><F123/><W103/><G103/><T68/><D57/><U54/><E54/><V120/><F42/><W127/><G127/><T86/><D68/><U23/><AGARI ba="0,0" hai="13,16,17,21,23,26,81,83" m="37143,26719" machi="23" ten="30,11700,0" yaku="8,1,52,2,54,1" doraHai="77" who="1" fromWho="1" sc="270,-39,217,117,240,-39,273,-39" /><INIT seed="1,1,0,3,4,92" ten="231,334,201,234" oya="1" hai0="107,20,29,63,110,37,24,82,30,7,123,23,76" hai1="39,16,132,17,79,10,127,14,109,57,80,118,73" hai2="103,51,85,65,116,74,49,75,99,69,41,27,106" hai3="0,117,122,71,61,48,1,119,64,4,88,54,50"/><U35/><E118/><N who="3" m="45066" /><G122/><T104/><D37/><U68/><E68/><V43/><F116/><W67/><G67/><T86/><D123/><U42/><E35/><V89/><F27/><W32/><G32/><T131/><D110/><U8/><E109/><V112/><F112/><W56/><G4/><T40/><D40/><U33/><E33/><V66/><F41/><W129/><G129/><T120/><D120/><U81/><E127/><V58/><F69/><W9/><G9/><T128/><D7/><U96/><E132/><V91/><F91/><W15/><G15/><T31/><D63/><U102/><E80/><V94/><F66/><W19/><G19/><N who="0" m="12319" /><D23/><U25/><E57/><V55/><REACH who="2" step="1"/><F65/><REACH who="2" ten="231,334,191,234" step="2"/><W95/><G50/><T6/><D131/><U62/><E42/><V130/><F130/><W72/><G72/><T3/><D128/><U26/><E73/><V2/><F2/><W126/><G126/><T77/><D3/><U113/><E113/><V21/><F21/><W83/><G83/><T46/><D82/><U135/><E81/><V52/><F52/><W84/><AGARI ba="1,1" hai="0,1,48,54,56,61,64,71,84,88,95" m="45066" machi="84" ten="30,2000,0" yaku="12,1,54,1" doraHai="92" who="3" fromWho="3" sc="231,-6,334,-11,191,-6,234,33" /><INIT seed="2,0,0,0,3,126" ten="225,323,185,267" oya="2" hai0="17,79,2,94,89,125,27,66,99,111,12,8,108" hai1="54,106,101,135,5,105,81,22,71,134,60,45,18" hai2="123,76,112,96,95,50,41,35,78,16,121,86,26" hai3="14,15,56,0,10,48,104,83,124,80,102,109,110"/><V46/><F112/><W91/><G124/><T118/><D125/><U70/><E5/><V133/><F133/><N who="1" m="50697" /><E81/><V39/><F39/><W1/><G102/><T37/><D37/><U31/><E31/><V74/><F74/><W40/><G104/><T34/><D118/><U9/><E9/><V21/><F35/><W90/><G56/><T72/><D66/><U77/><E77/><V130/><F130/><W128/><G48/><T49/><D49/><N who="1" m="28975" /><E60/><V114/><F114/><W92/><G92/><T11/><D79/><U129/><E129/><V63/><F63/><W32/><G128/><T62/><D62/><U20/><E101/><V93/><F76/><W68/><G32/><T85/><D72/><U28/><E28/><V69/><F69/><N who="1" m="26121" /><E20/><V107/><F107/><W119/><G68/><T33/><D33/><U29/><E29/><V132/><F132/><W3/><G10/><T51/><D11/><U53/><E53/><V87/><F93/><W97/><G1/><T57/><D2/><U116/><E116/><V13/><F13/><AGARI ba="0,0" hai="13,18,22,105,106" m="26121,28975,50697" machi="13" ten="30,1000,0" yaku="20,1" doraHai="126" who="1" fromWho="2" sc="225,0,323,10,185,-10,267,0" /><INIT seed="3,0,0,3,4,119" ten="225,333,175,267" oya="3" hai0="18,94,27,68,125,73,113,78,16,92,20,11,96" hai1="95,39,17,105,62,63,9,134,102,85,58,121,24" hai2="29,111,14,10,118,41,108,22,93,13,6,43,5" hai3="40,44,107,35,59,2,8,54,76,101,123,75,0"/><W60/><G35/><T38/><D125/><U61/><E121/><V81/><F81/><W55/><G123/><T106/><D113/><U74/><E74/><V47/><F118/><W103/><G107/><T132/><D132/><U84/><E39/><V65/><F65/><W33/><G33/><T66/><D38/><U67/><E134/><V3/><F41/><W124/><G124/><T69/><D106/><U77/><E105/><V83/><F83/><W1/><G76/><T12/><D73/><U116/><E116/><V72/><F72/><W114/><G75/><T110/><D110/><N who="2" m="42026" /><F5/><W104/><G114/><T88/><D78/><U128/><E128/><V80/><F80/><W48/><G104/><T4/><D66/><U109/><E109/><V120/><F93/><W49/><REACH who="3" step="1"/><G8/><REACH who="3" ten="225,333,175,257" step="2"/><T115/><D115/><U70/><E77/><V51/><F120/><W130/><G130/><T86/><REACH who="0" step="1"/><D4/><REACH who="0" ten="215,333,175,257" step="2"/><U90/><E67/><V79/><F79/><W53/><G53/><T34/><D34/><U99/><E9/><V117/><F117/><W7/><G7/><T25/><D25/><AGARI ba="0,2" hai="3,6,10,13,14,22,25,29,43,47,51" m="42026" machi="25" ten="30,1000,0" yaku="14,1" doraHai="119" who="2" fromWho="0" sc="215,-10,333,0,175,30,257,0" /><INIT seed="4,0,0,2,1,49" ten="205,333,205,257" oya="0" hai0="14,40,41,5,64,47,13,125,81,56,97,86,0" hai1="54,4,119,22,53,61,10,123,92,69,113,33,71" hai2="67,99,130,124,59,35,120,15,45,34,134,87,50" hai3="70,25,131,106,29,127,117,128,66,52,98,17,32"/><T114/><D114/><U77/><E119/><V44/><F120/><W58/><G117/><T135/><D125/><U83/><E123/><V108/><F108/><W102/><G127/><T95/><D135/><U96/><E33/><V103/><F124/><W121/><G121/><T133/><D133/><U109/><E109/><V16/><F134/><W9/><G9/><T43/><D0/><U8/><E113/><V104/><F130/><W3/><G3/><T11/><D14/><U105/><E105/><V101/><F101/><W74/><G74/><T76/><D56/><U107/><E22/><V7/><F44/><W18/><G66/><T80/><D80/><U60/><E107/><V55/><F7/><W23/><G70/><T72/><D72/><U28/><E28/><V126/><F87/><W57/><G57/><T63/><D63/><U37/><E60/><V78/><F78/><W75/><G75/><T82/><D82/><U42/><E61/><V24/><F24/><W116/><G116/><T68/><D64/><U31/><E83/><V89/><F126/><W26/><REACH who="3" step="1"/><G18/><REACH who="3" ten="205,333,205,247" step="2"/><T132/><D132/><U115/><E115/><V93/><F67/><W62/><AGARI ba="0,1" hai="17,23,25,26,29,32,52,58,62,98,102,106,128,131" machi="62" ten="30,8000,1" yaku="1,1,2,1,0,1,52,1,54,1,53,0" doraHai="49" doraHaiUra="112" who="3" fromWho="3" sc="205,-40,333,-20,205,-20,247,90" /><INIT seed="5,0,0,3,0,4" ten="165,313,185,337" oya="1" hai0="123,128,65,121,77,92,76,20,120,31,23,36,15" hai1="52,108,22,11,34,109,66,28,41,56,24,87,67" hai2="113,17,114,100,50,116,69,127,2,82,1,85,60" hai3="47,43,38,74,33,44,39,37,131,45,72,21,83"/><U6/><E41/><V103/><F116/><W106/><G33/><T57/><D36/><U119/><E119/><V93/><F127/><W98/><G131/><T78/><D128/><U125/><E87/><V132/><F132/><W81/><G21/><T51/><D31/><U63/><E125/><V7/><F50/><W46/><G106/><T71/><D71/><U30/><E30/><V5/><F17/><W26/><G26/><T40/><D92/><U97/><E97/><V73/><F73/><W13/><G98/><T104/><D104/><U84/><E84/><V19/><F19/><W90/><G13/><T91/><D91/><U112/><E34/><V55/><F93/><W88/><G46/><N who="0" m="26055" /><D15/><U12/><REACH who="1" step="1"/><E112/><REACH who="1" ten="165,303,185,337" step="2"/><V59/><F114/><W107/><G43/><T118/><D118/><U62/><E62/><AGARI ba="0,1" hai="20,23,57,62,65,76,77,78,120,121,123" m="26055" machi="62" ten="40,1300,0" yaku="13,1" doraHai="4" who="0" fromWho="1" sc="165,23,303,-13,185,0,337,0" /><INIT seed="6,0,0,5,1,62" ten="188,290,185,337" oya="2" hai0="8,115,130,9,46,71,98,58,11,39,117,68,127" hai1="57,20,116,83,82,35,27,54,75,113,15,134,114" hai2="86,133,19,90,92,72,119,24,105,2,79,88,12" hai3="80,112,44,125,5,0,126,109,95,50,111,128,23"/><V26/><F2/><W135/><G135/><T106/><D58/><U76/><E116/><V47/><F119/><W17/><G128/><T43/><D117/><U99/><E134/><V110/><F105/><W107/><G107/><T101/><D130/><U49/><E82/><N who="2" m="47455" /><F72/><W87/><G95/><T37/><D115/><U131/><E131/><V7/><F133/><W36/><G36/><T96/><D127/><N who="3" m="48649" /><G5/><T121/><D121/><U45/><E35/><V25/><F7/><W123/><G0/><T122/><D122/><U60/><E15/><V52/><F110/><W14/><G112/><T56/><D39/><U4/><E4/><V74/><F74/><W42/><G123/><T65/><REACH who="0" step="1"/><D98/><REACH who="0" ten="178,290,185,337" step="2"/><U6/><E99/><N who="2" m="57735" /><F90/><AGARI ba="0,1" hai="14,17,23,42,44,50,80,87,90,109,111" m="48649" machi="90" ten="30,1000,0" yaku="18,1" doraHai="62" who="3" fromWho="2" sc="178,0,290,0,185,-10,337,20" /><INIT seed="7,0,0,0,1,125" ten="178,290,175,357" oya="3" hai0="55,117,4,79,107,48,77,126,64,28,85,92,124" hai1="82,108,23,95,131,38,62,0,121,122,50,52,32" hai2="70,54,21,112,89,68,59,114,6,31,104,73,66" hai3="1,20,58,103,29,33,49,72,71,74,106,39,119"/><W129/><G129/><T7/><D107/><U98/><E38/><V94/><F104/><W56/><G1/><T97/><D64/><U100/><E108/><V110/><F73/><W67/><G39/><T130/><D130/><U87/><E131/><V83/><F83/><W105/><G20/><T11/><D28/><U135/><E32/><V53/><F110/><W96/><G105/><T13/><D7/><U123/><E0/><V16/><F6/><W61/><G119/><T27/><D27/><U25/><E135/><V133/><F31/><W44/><G58/><N who="0" m="33127" /><D85/><U12/><E12/><N who="2" m="9351" /><F66/><W60/><G56/><T3/><D3/><U90/><E62/><N who="2" m="36207" /><F54/><N who="3" m="29991" /><G61/><T10/><D117/><U116/><E116/><V36/><F36/><W113/><G113/><N who="2" m="43625" /><F133/><W41/><G41/><T14/><D126/><U91/><E100/><V81/><F81/><W99/><G99/><AGARI ba="0,0" hai="68,70,89,94,99" m="43625,36207,9351" machi="99" ten="30,2000,0" yaku="15,1,54,1" doraHai="125" who="2" fromWho="3" sc="178,0,290,0,175,20,357,-20" owari="178,-32.0,290,9.0,195,-20.0,337,43.0" /></mjloggm>