<mjloggm ver="2.3"><GO type="169" lobby="0"/><UN n0="%47%45%59%55" n1="%E7%8E%89%E3%81%AB%E3%82%AD%E3%82%B9" n2="%6A%75%6D%70%2D%75%70" n3="%E5%B0%B1%E6%B4%BB%E7%94%9F%40%E5%B7%9D%E6%9D%91%E8%BB%8D%E5%9B%A3" dan="17,16,17,18" rate="2158.79,2114.76,2122.39,2332.12" sx="M,M,M,M"/><TAIKYOKU oya="0"/><INIT seed="0,0,0,5,0,2" ten="250,250,250,250" oya="0" hai0="128,66,7,70,67,31,43,106,26,113,114,46,84" hai1="122,53,17,105,85,81,126,14,97,13,71,38,23" hai2="49,22,19,89,73,75,39,64,6,44,107,40,119" hai3="10,28,117,69,55,86,125,80,16,62,90,11,76"/><T72/><D72/><U131/><E122/><V93/><F107/><W21/><G117/><T102/><D128/><U92/><E131/><V132/><F132/><W111/><G125/><T45/><D7/><U24/><E126/><V54/><F119/><W100/><G111/><T112/><D84/><U29/><E105/><V91/><F91/><W37/><G37/><T101/><D46/><U50/><E38/><V61/><F40/><W1/><G28/><T87/><D87/><U120/><E71/><V51/><F51/><W78/><G100/><T18/><D18/><U115/><E115/><V30/><F39/><W5/><G11/><T116/><D116/><U56/><E120/><V41/><F41/><W95/><G80/><T36/><D70/><U83/><E85/><V27/><F19/><W60/><G60/><T33/><REACH who="0" step="1"/><D101/><REACH who="0" ten="240,250,250,250" step="2"/><U135/><E135/><V4/><F73/><W52/><G78/><T48/><D48/><U20/><E13/><V108/><F75/><W57/><G76/><T99/><AGARI ba="0,1" hai="26,31,33,36,43,45,66,67,99,102,106,112,113,114" machi="99" ten="40,3900,0" yaku="1,1,0,1,53,0" doraHai="2" doraHaiUra="129" who="0" fromWho="0" sc="240,49,250,-13,250,-13,250,-13" /><INIT seed="0,1,0,5,4,44" ten="289,237,237,237" oya="0" hai0="130,41,47,82,48,98,93,120,43,70,7,126,109" hai1="12,13,95,88,45,36,78,15,14,102,65,23,118" hai2="72,87,119,25,103,124,75,34,27,51,24,115,33" hai3="135,8,133,54,77,111,100,6,21,110,85,71,84"/><T116/><D116/><U90/><E118/><V73/><F119/><W53/><G71/><T117/><D117/><U83/><E65/><V57/><F115/><W37/><G37/><T96/><D70/><U80/><E80/><V107/><F124/><W18/><G100/><T129/><D120/><U101/><N who="1" m="3072" /><DORA hai="49" /><U32/><E23/><V11/><F11/><W50/><G21/><T74/><D7/><U9/><E32/><V42/><F87/><N who="3" m="33355" /><G77/><N who="0" m="44343" /><D98/><U60/><E9/><V123/><F123/><W29/><G29/><T127/><D43/><U55/><E36/><V67/><F103/><N who="1" m="39433" /><E95/><V134/><F107/><W4/><G18/><T35/><D35/><U112/><E112/><V76/><F76/><W105/><G105/><T31/><D31/><U20/><E20/><V97/><F97/><W63/><G8/><T30/><D30/><U92/><E92/><V106/><F106/><W1/><G1/><T16/><D16/><U3/><E3/><V56/><F34/><W22/><G22/><T131/><D109/><N who="3" m="41481" /><G6/><T104/><D104/><U26/><E26/><V5/><F33/><W17/><G17/><T62/><D127/><U99/><E99/><V0/><F5/><W94/><G94/><T91/><D126/><U40/><E78/><V19/><F0/><W38/><G38/><T128/><D131/><U114/><E114/><V86/><F19/><W69/><G4/><T121/><D121/><U108/><E108/><V28/><F28/><W46/><G69/><T2/><D2/><U39/><E83/><V122/><F24/><W113/><G113/><T64/><D130/><RYUUKYOKU ba="1,0" sc="289,10,237,10,237,-30,237,10" hai0="41,47,48,62,64,91,93,96,128,129" hai1="39,40,45,55,60,88,90" hai3="46,50,53,54,63,133,135" /><INIT seed="0,2,0,0,2,53" ten="299,247,207,247" oya="0" hai0="91,99,34,92,121,5,82,4,45,132,74,44,116" hai1="56,97,35,65,52,104,63,12,68,75,1,11,100" hai2="29,15,55,83,61,18,127,36,133,7,49,109,39" hai3="21,131,114,47,135,108,102,73,2,117,94,3,16"/><T89/><D116/><U26/><E75/><V31/><F133/><W129/><G117/><T22/><D132/><U38/><E38/><V112/><F127/><W87/><G73/><T119/><D34/><U19/><E1/><V41/><F109/><W120/><G114/><T115/><D121/><U118/><E118/><V67/><F112/><W111/><G135/><T46/><D115/><U25/><REACH who="1" step="1"/><E35/><REACH who="1" ten="299,237,207,247" step="2"/><V59/><F36/><W6/><G2/><T27/><D119/><U8/><E8/><N who="2" m="6503" /><F39/><W107/><G3/><T13/><D74/><U33/><E33/><V84/><F41/><W43/><G43/><T123/><D123/><U66/><E66/><V81/><F7/><W76/><G6/><T130/><D5/><U30/><E30/><N who="2" m="11275" /><F84/><W124/><G87/><N who="0" m="50423" /><D4/><U85/><E85/><V88/><F88/><W90/><G90/><T125/><D125/><U80/><E80/><V64/><F64/><W57/><G120/><T126/><D126/><U14/><E14/><V69/><F69/><W17/><G124/><T28/><D13/><U79/><E79/><V105/><F105/><W98/><G107/><T95/><D95/><U96/><E96/><V50/><F67/><W122/><G122/><T58/><D99/><U77/><E77/><V62/><F81/><W37/><G76/><T0/><D0/><U70/><E70/><V71/><F83/><W103/><G94/><T60/><D92/><U48/><AGARI ba="2,1" hai="11,12,19,25,26,48,52,56,63,65,68,97,100,104" machi="48" ten="20,8000,1" yaku="1,1,0,1,7,1,52,1,54,1,53,0" doraHai="53" doraHaiUra="113" who="1" fromWho="1" sc="299,-42,237,96,207,-22,247,-22" /><INIT seed="1,0,0,0,5,93" ten="257,333,185,225" oya="1" hai0="114,11,86,25,33,18,38,64,119,102,130,24,6" hai1="21,17,95,39,51,31,85,12,113,79,112,70,126" hai2="97,73,19,132,117,46,76,44,13,108,32,131,3" hai3="52,0,123,87,45,41,80,90,49,15,5,68,101"/><U77/><E39/><V22/><F108/><W20/><G68/><T2/><D38/><U127/><E70/><V56/><F117/><W88/><G123/><T106/><D114/><U98/><E31/><V26/><F3/><W75/><G75/><T92/><D119/><U48/><E113/><V35/><F35/><W53/><G0/><T62/><D130/><U118/><E112/><V7/><F131/><W10/><G101/><T34/><D106/><U67/><E67/><V30/><F132/><W57/><G20/><T69/><D25/><U89/><E118/><V55/><F7/><W115/><G115/><T84/><D34/><U122/><E122/><V105/><F76/><N who="1" m="29257" /><E85/><V71/><F71/><W37/><G53/><T50/><D50/><U9/><E9/><V99/><F105/><W82/><REACH who="3" step="1"/><G90/><REACH who="3" ten="257,333,185,215" step="2"/><T103/><D103/><U111/><E111/><V27/><F73/><W107/><G107/><T40/><D33/><U109/><E109/><V8/><F27/><W116/><G116/><T133/><D24/><U47/><E47/><N who="2" m="17963" /><F32/><W4/><G4/><T63/><D6/><U54/><E54/><V104/><F104/><W61/><G61/><AGARI ba="0,1" hai="8,13,19,22,26,30,55,56,61,97,99" m="17963" machi="61" ten="30,3900,0" yaku="8,1,52,2" doraHai="93" who="2" fromWho="3" sc="257,0,333,0,185,49,215,-39" /><INIT seed="2,0,0,2,1,2" ten="257,333,234,176" oya="2" hai0="37,61,127,115,65,31,40,135,60,95,91,99,123" hai1="76,97,84,14,134,1,55,32,110,88,100,58,73" hai2="19,66,120,5,117,132,72,80,39,104,67,8,87" hai3="74,78,64,116,125,57,82,128,9,108,114,38,23"/><V25/><F132/><W86/><G116/><T133/><D115/><U90/><E1/><V56/><F120/><W42/><G114/><T119/><D123/><U129/><E32/><V35/><F104/><W26/><G108/><T16/><D31/><U124/><E110/><V83/><F39/><W36/><G125/><T77/><D119/><U18/><E124/><V50/><F117/><W20/><G128/><T52/><D77/><U93/><E134/><N who="0" m="51209" /><D127/><U112/><E129/><V96/><F96/><W118/><G118/><T92/><D40/><U102/><E76/><N who="2" m="46471" /><F83/><W59/><G74/><T46/><D37/><U17/><E73/><V43/><F72/><W33/><G33/><T7/><D7/><U44/><E44/><N who="2" m="25887" /><F56/><W79/><G38/><T71/><D92/><N who="1" m="54279" /><E112/><V0/><F0/><W70/><G70/><T30/><D30/><U54/><E55/><V75/><F75/><W107/><G107/><T51/><D61/><N who="1" m="36055" /><E18/><AGARI ba="0,0" hai="16,18,46,51,52,60,65,71,91,95,99" m="51209" machi="18" ten="30,3900,0" yaku="20,1,54,2" doraHai="2" who="0" fromWho="1" sc="257,39,333,-39,234,0,176,0" /><INIT seed="3,0,0,3,2,43" ten="296,294,234,176" oya="3" hai0="42,1,97,96,8,114,133,113,79,28,80,2,90" hai1="65,106,109,103,83,37,23,25,98,4,126,73,51" hai2="17,130,68,33,63,99,22,58,9,101,72,69,29" hai3="125,132,120,12,40,86,93,121,27,11,19,88,31"/><W102/><G125/><T56/><D133/><U39/><E109/><V44/><F72/><W76/><G132/><T52/><D28/><U119/><E119/><V24/><F9/><W16/><G19/><T3/><D8/><U10/><E126/><V118/><F118/><W32/><G76/><T47/><D90/><U36/><E65/><V77/><F77/><W62/><G102/><T41/><D97/><U116/><E116/><V82/><F82/><W20/><G40/><T122/><D96/><U48/><E73/><V21/><F33/><W107/><G107/><T111/><D122/><U91/><E83/><V95/><F44/><W78/><G78/><T59/><D42/><U124/><E124/><V15/><REACH who="2" step="1"/><F130/><REACH who="2" ten="296,294,224,176" step="2"/><W123/><REACH who="3" step="1"/><G62/><REACH who="3" ten="296,294,224,166" step="2"/><N who="0" m="36103" /><D79/><U26/><E106/><V89/><F89/><W127/><G127/><T14/><D113/><U131/><E91/><V6/><F6/><W129/><G129/><T7/><D114/><U5/><E5/><V54/><AGARI ba="0,2" hai="15,17,21,22,24,29,54,58,63,68,69,95,99,101" machi="54" ten="20,2700,0" yaku="1,1,0,1,7,1,53,0" doraHai="43" doraHaiUra="108" who="2" fromWho="2" sc="296,-7,294,-7,224,47,166,-13" /><INIT seed="4,0,0,1,5,52" ten="289,287,271,153" oya="0" hai0="30,115,128,111,41,40,64,47,131,89,65,121,8" hai1="134,91,29,42,123,38,101,11,77,70,59,102,130" hai2="116,71,81,33,0,74,1,78,49,108,26,97,105" hai3="132,35,90,21,87,32,56,3,50,6,109,114,37"/><T76/><D121/><U27/><E123/><V125/><F108/><W106/><G109/><T124/><D76/><U113/><E70/><V28/><F125/><W39/><G106/><T19/><D111/><U83/><E130/><N who="0" m="49705" /><D30/><U104/><E134/><V75/><F116/><W31/><G132/><T98/><D41/><U12/><E91/><V80/><F49/><W112/><G6/><T22/><D8/><U57/><E113/><N who="3" m="43626" /><G3/><T23/><D23/><N who="1" m="15615" /><E104/><V16/><F16/><W61/><G50/><N who="0" m="26983" /><D124/><U93/><E38/><N who="3" m="14346" /><G21/><T117/><D117/><U99/><E42/><V48/><F0/><W126/><G31/><T55/><D115/><U43/><E43/><V13/><F48/><W135/><G135/><T122/><D122/><U110/><E110/><V72/><F1/><W107/><G107/><T103/><D89/><U24/><E102/><V53/><F105/><W34/><G126/><T120/><D120/><U62/><E24/><V7/><F26/><W94/><G35/><T17/><D17/><N who="1" m="8351" /><E62/><V118/><F118/><W129/><G129/><T84/><D19/><U44/><E44/><V5/><F33/><W85/><G85/><AGARI ba="0,0" hai="57,59,77,83,85,93,99,101" m="8351,15615" machi="85" ten="30,3900,0" yaku="8,1,52,2" doraHai="52" who="1" fromWho="3" sc="289,0,287,39,271,0,153,-39" /><INIT seed="5,0,0,1,0,130" ten="289,326,271,114" oya="1" hai0="59,12,84,103,110,13,27,112,25,63,73,104,111" hai1="53,89,8,40,9,48,39,102,125,44,79,64,62" hai2="31,68,90,115,0,26,67,133,22,24,122,16,28" hai3="106,86,38,50,11,81,69,45,72,96,10,36,43"/><U127/><E89/><V92/><F122/><W101/><G69/><T119/><D73/><U93/><E79/><V118/><F0/><W74/><G11/><T7/><D119/><U65/><E65/><V6/><F6/><W98/><G98/><T132/><D112/><U42/><E42/><V18/><F118/><W94/><G72/><T66/><D84/><U2/><E102/><V95/><F115/><W126/><G126/><N who="1" m="48138" /><E93/><V131/><F131/><W57/><G57/><T17/><D103/><U61/><E61/><V116/><F116/><W51/><G51/><T85/><D85/><U70/><E2/><V105/><F105/><W33/><G33/><T37/><D37/><U3/><E3/><V58/><F68/><W83/><G83/><T78/><D78/><U109/><E109/><V80/><F80/><W99/><G99/><T14/><D104/><U15/><E15/><V29/><F58/><AGARI ba="0,0" hai="8,9,39,40,44,48,53,58,62,64,70" m="48138" machi="58" ten="30,2900,0" yaku="24,1,18,1" doraHai="130" who="1" fromWho="2" sc="289,0,326,29,271,-29,114,0" /><INIT seed="5,1,0,5,0,120" ten="289,355,242,114" oya="1" hai0="122,80,7,124,110,103,119,108,16,14,97,95,70" hai1="74,24,132,101,66,21,84,45,117,86,73,18,48" hai2="25,118,6,9,111,109,81,53,133,69,12,5,77" hai3="33,31,29,99,41,8,23,32,40,89,135,49,83"/><U51/><E117/><V59/><F69/><W71/><G71/><T102/><D70/><U93/><E66/><V60/><F118/><W107/><G135/><T128/><D119/><U64/><E64/><V1/><F133/><W15/><G107/><T68/><D68/><U42/><E132/><V19/><F25/><W92/><G33/><T126/><D7/><U57/><E74/><V72/><REACH who="2" step="1"/><F6/><REACH who="2" ten="289,355,232,114" step="2"/><W4/><G32/><T10/><D122/><U94/><E73/><V106/><F106/><W114/><G114/><T127/><D128/><U62/><E51/><V90/><F90/><W91/><G49/><T55/><D103/><U22/><E101/><V134/><F134/><W3/><G3/><T35/><D35/><U65/><E22/><AGARI ba="1,1" hai="1,5,9,12,19,22,53,59,60,72,77,81,109,111" machi="22" ten="30,8000,1" yaku="1,1,7,1,52,2,53,1" doraHai="120" doraHaiUra="56" who="2" fromWho="1" sc="289,0,355,-83,232,93,114,0" /><INIT seed="6,0,0,0,1,23" ten="289,272,325,114" oya="2" hai0="99,42,132,20,51,101,81,45,16,11,5,89,133" hai1="7,88,21,130,65,56,55,33,62,52,110,114,36" hai2="27,128,22,126,134,24,50,32,10,100,118,129,124" hai3="105,34,29,72,92,116,70,91,131,97,82,73,30"/><V115/><F115/><W15/><G116/><T112/><D112/><U53/><E110/><V113/><F113/><W106/><G131/><N who="2" m="50249" /><F118/><W68/><G72/><T31/><D31/><U84/><E130/><V77/><F32/><W90/><G15/><N who="0" m="5615" /><D81/><U44/><E33/><V103/><F22/><W109/><G109/><T96/><D89/><U135/><E114/><V13/><F77/><W69/><G30/><T67/><D67/><U6/><E135/><N who="0" m="51785" /><D101/><N who="2" m="38986" /><F50/><W98/><G73/><T117/><D117/><U94/><REACH who="1" step="1"/><E21/><REACH who="1" ten="289,262,325,114" step="2"/><V95/><F134/><W0/><G0/><T17/><D17/><U58/><E58/><V3/><F3/><W123/><G123/><T111/><D111/><U93/><E93/><V43/><F95/><W119/><G119/><T120/><D120/><U87/><E87/><V49/><F126/><W76/><G97/><T38/><D38/><U46/><E46/><N who="2" m="25823" /><F124/><W48/><G34/><T78/><D78/><U37/><E37/><V64/><F64/><W86/><G29/><T14/><AGARI ba="0,1" hai="14,16,20,42,45,51,96,99" m="51785,5615" machi="14" ten="30,2000,0" yaku="20,1,54,1" doraHai="23" who="0" fromWho="0" sc="289,30,262,-5,325,-10,114,-5" /><INIT seed="7,0,0,1,4,79" ten="319,257,315,109" oya="3" hai0="66,32,95,70,73,68,126,23,3,133,7,52,97" hai1="27,30,8,5,63,13,40,106,48,86,19,37,14" hai2="105,117,57,15,78,72,130,103,127,115,102,108,62" hai3="84,93,75,43,50,83,120,11,2,51,110,64,16"/><W29/><G120/><T42/><D32/><U12/><E106/><V65/><F117/><W92/><G75/><T24/><D73/><U109/><E37/><V18/><F108/><W4/><G110/><T122/><D42/><U113/><E109/><V58/><F105/><W100/><G29/><T131/><D66/><U128/><E113/><V31/><F31/><W129/><G129/><T96/><D97/><U107/><E107/><V55/><F115/><W132/><G132/><T123/><D70/><U111/><E111/><V22/><F127/><W76/><G64/><T69/><D69/><U26/><E63/><N who="2" m="38127" /><F72/><W56/><G100/><N who="2" m="38441" /><F130/><W60/><G16/><N who="0" m="12391" /><D68/><U91/><E128/><V39/><F39/><W119/><G119/><T104/><D104/><U61/><E61/><V45/><F78/><W21/><G21/><T36/><D36/><U20/><E48/><V90/><F90/><W77/><G77/><T33/><D33/><U53/><E53/><V9/><F45/><W80/><G80/><T135/><D126/><U0/><E40/><V125/><F125/><W25/><G25/><T1/><D131/><U88/><REACH who="1" step="1"/><E86/><REACH who="1" ten="319,247,315,109" step="2"/><V17/><F22/><AGARI ba="0,1" hai="0,5,8,12,13,14,19,20,22,26,27,30,88,91" machi="22" ten="40,5200,0" yaku="1,1,2,1,54,1,53,0" doraHai="79" doraHaiUra="114" who="1" fromWho="2" sc="319,0,247,62,315,-52,109,0" owari="319,42.0,309,11.0,263,-14.0,109,-39.0" /></mjloggm>