<mjloggm ver="2.3"><GO type="225" lobby="0"/><UN n0="%E5%90%91%E4%BA%95%E7%90%86" n1="%E3%82%B7%E3%83%AD%E3%82%AF%E3%83%AD" n2="%73%61%72%61%6B" n3="%E5%B0%B1%E6%B4%BB%E7%94%9F%40%E5%B7%9D%E6%9D%91%E8%BB%8D%E5%9B%A3" dan="17,17,16,17" rate="2216.89,2124.21,2107.95,2217.98" sx="M,M,M,M"/><TAIKYOKU oya="0"/><INIT seed="0,0,0,0,5,30" ten="250,250,250,250" oya="0" hai0="31,101,35,113,51,7,69,82,42,6,99,27,85" hai1="98,11,45,100,74,111,72,109,102,97,40,2,122" hai2="25,124,96,130,8,104,112,56,126,103,26,47,71" hai3="108,127,53,76,63,107,110,95,24,3,41,44,60"/><T105/><D69/><U114/><E2/><V116/><F112/><W28/><G107/><T54/><D42/><U38/><E114/><V129/><F71/><W83/><G3/><T29/><D29/><U93/><E122/><V118/><F8/><W10/><G10/><T5/><D113/><U33/><E11/><V121/><F56/><W59/><G95/><T39/><D39/><U117/><E117/><N who="2" m="45163" /><F47/><W55/><G127/><N who="2" m="48681" /><F121/><W52/><G41/><T4/><N who="0" m="1024" /><DORA hai="57" /><T0/><D0/><U134/><E134/><V15/><F15/><W43/><G43/><T119/><D119/><U62/><E62/><N who="3" m="23594" /><G44/><T78/><D51/><U68/><E68/><V12/><F12/><W87/><G59/><T89/><REACH who="0" step="1"/><D54/><REACH who="0" ten="240,250,250,250" step="2"/><U1/><E1/><V34/><F34/><W49/><G49/><T106/><D106/><N who="1" m="63759" /><E33/><V135/><F135/><W16/><G28/><T66/><D66/><U70/><E70/><V86/><F104/><W132/><G132/><T80/><D80/><U133/><E133/><V50/><F50/><W73/><G110/><AGARI ba="0,1" hai="38,40,45,72,74,93,98,102,109,110,111" m="63759" machi="110" ten="30,1000,0" yaku="14,1" doraHai="30,57" who="1" fromWho="3" sc="240,0,250,20,250,0,250,-10" /><INIT seed="1,0,0,0,4,104" ten="240,270,250,240" oya="1" hai0="127,97,1,47,24,51,25,78,96,85,101,135,108" hai1="34,11,55,33,64,17,39,42,81,32,129,86,110" hai2="131,49,132,99,28,58,3,119,122,26,62,0,77" hai3="5,91,89,54,98,133,87,18,100,107,106,6,27"/><U29/><E129/><V111/><F122/><W20/><G133/><T94/><D1/><U14/><E64/><V48/><F119/><W40/><G107/><T10/><D108/><U30/><E110/><V50/><F111/><W66/><G66/><T63/><D127/><U35/><N who="1" m="8192" /><DORA hai="95" /><U7/><E55/><V130/><F77/><W59/><G40/><T80/><D135/><U2/><E42/><V45/><F45/><W46/><G46/><T92/><D10/><U117/><E39/><V22/><F99/><W67/><G67/><T121/><D63/><U109/><E109/><V57/><F132/><W103/><G91/><N who="0" m="55391" /><D121/><U83/><E117/><V123/><F123/><W68/><G68/><T70/><D70/><U53/><E53/><AGARI ba="0,0" hai="24,25,47,51,53,78,80,85,92,97,101" m="55391" machi="53" ten="30,3900,0" yaku="8,1,52,2" doraHai="104,95" who="0" fromWho="1" sc="240,39,270,-39,250,0,240,0" /><INIT seed="2,0,0,5,0,12" ten="279,231,250,240" oya="2" hai0="131,73,102,98,125,134,26,31,45,27,49,100,124" hai1="108,47,56,53,92,80,39,126,72,105,130,83,111" hai2="115,120,43,128,112,14,133,106,86,82,28,60,54" hai3="75,44,81,76,30,7,9,40,24,79,84,65,127"/><V85/><F120/><W95/><G127/><N who="0" m="48715" /><D73/><U22/><E126/><V34/><F106/><W74/><G65/><T114/><D114/><U78/><E130/><V116/><F116/><W89/><G30/><T11/><D131/><U59/><E105/><V91/><F128/><W17/><G24/><T50/><D11/><U35/><E35/><V109/><F43/><W55/><G55/><T29/><D134/><U66/><E92/><V123/><F133/><W93/><G17/><T58/><D58/><U5/><E83/><V46/><F123/><W8/><G93/><N who="0" m="58447" /><D102/><U103/><E103/><V121/><F121/><W69/><G69/><T41/><D50/><U118/><E118/><V38/><F38/><W36/><G8/><T96/><D96/><U99/><E99/><V57/><F86/><W48/><G76/><T132/><D132/><U122/><E122/><V70/><F70/><W63/><G63/><T61/><D61/><N who="1" m="38207" /><E5/><V87/><F87/><W129/><G129/><T119/><D119/><U23/><E39/><V2/><F112/><W37/><G75/><T15/><D15/><AGARI ba="0,0" hai="7,9,15,36,37,40,44,48,74,79,81,84,89,95" machi="15" ten="30,1000,0" yaku="7,1" doraHai="12" who="3" fromWho="0" sc="279,-10,231,0,250,0,240,10" /><INIT seed="3,0,0,4,2,99" ten="269,231,250,250" oya="3" hai0="50,34,123,90,26,35,6,2,105,129,31,0,98" hai1="91,19,32,84,60,69,40,89,120,3,86,8,13" hai2="59,92,71,80,56,93,127,20,42,39,64,22,95" hai3="21,54,73,122,88,113,51,82,110,48,106,130,62"/><W83/><G122/><T107/><D129/><U70/><E120/><V4/><F127/><W125/><G113/><T10/><D123/><U52/><E32/><V66/><F4/><W77/><G130/><T121/><D35/><U72/><E3/><V18/><F22/><W128/><G128/><T1/><D107/><U117/><E72/><V38/><F80/><W49/><G125/><T79/><D79/><U23/><E117/><V14/><F71/><W58/><G110/><T17/><D17/><U47/><E69/><V11/><F20/><W85/><G106/><T57/><D121/><U102/><E102/><V46/><REACH who="2" step="1"/><F39/><REACH who="2" ten="269,231,240,250" step="2"/><W115/><G115/><T78/><D6/><U119/><E70/><V15/><F15/><W55/><REACH who="3" step="1"/><G21/><REACH who="3" ten="269,231,240,240" step="2"/><T68/><D34/><U135/><E23/><V61/><F61/><W76/><G76/><T9/><D78/><U5/><E119/><V100/><F100/><W63/><G63/><T97/><D9/><U45/><E60/><V112/><F112/><W24/><G24/><T7/><D26/><U74/><E8/><V81/><F81/><W29/><G29/><T126/><D31/><U67/><E5/><V111/><F111/><W30/><G30/><T75/><D7/><U33/><E33/><V53/><F53/><AGARI ba="0,2" hai="48,49,51,53,54,55,58,62,73,77,82,83,85,88" machi="53" ten="40,3900,0" yaku="1,1,54,1,53,0" doraHai="99" doraHaiUra="96" who="3" fromWho="2" sc="269,0,231,0,240,-39,240,59" /><INIT seed="3,1,0,4,2,92" ten="269,231,201,299" oya="3" hai0="125,48,14,27,76,117,131,101,67,100,25,22,96" hai1="8,49,68,10,79,44,16,63,0,121,102,119,45" hai2="51,3,97,41,30,130,132,54,99,120,106,1,13" hai3="89,86,56,61,75,124,19,126,134,114,73,129,64"/><W24/><G129/><T109/><D117/><U46/><E121/><V111/><F106/><W128/><G134/><T36/><D36/><U135/><E135/><V17/><F132/><W70/><G114/><T55/><D109/><U78/><E119/><V95/><F41/><W18/><G128/><T66/><D125/><N who="3" m="48233" /><G70/><T23/><D76/><N who="1" m="29227" /><E0/><V38/><F38/><W115/><G115/><T113/><D14/><N who="1" m="7239" /><E68/><V57/><F130/><W53/><G64/><T60/><D67/><U123/><E123/><V39/><F39/><W35/><G35/><T9/><D66/><U91/><E102/><V93/><F120/><W81/><G24/><T83/><D25/><U90/><E63/><V65/><F65/><W47/><G47/><N who="1" m="17994" /><E10/><V77/><F111/><W107/><G107/><T108/><D9/><U104/><E104/><V87/><F1/><W110/><G110/><T71/><D71/><U94/><E94/><N who="2" m="35851" /><F3/><W82/><G82/><T21/><D83/><U88/><E90/><V85/><F85/><W5/><G5/><T52/><D108/><U33/><E33/><V40/><F40/><AGARI ba="1,0" hai="40,46,49,88,91" m="17994,7239,29227" machi="40" ten="30,3900,0" yaku="8,1,54,2" doraHai="92" who="1" fromWho="2" sc="269,0,231,42,201,-42,299,0" /><INIT seed="4,0,0,1,0,5" ten="269,273,159,299" oya="0" hai0="78,52,109,1,105,62,60,26,55,113,34,131,120" hai1="101,103,65,117,134,90,77,37,106,135,76,68,51" hai2="116,64,118,124,58,35,38,42,114,104,19,0,12" hai3="121,88,129,67,92,87,99,100,43,53,17,111,63"/><T71/><D120/><U94/><E37/><V46/><F114/><W57/><G111/><T73/><D105/><U49/><E117/><N who="2" m="45163" /><F124/><W11/><G129/><T74/><D113/><U33/><E33/><V25/><F0/><W97/><G121/><T4/><D131/><U41/><E68/><V3/><F3/><W24/><G43/><T115/><D115/><U56/><E65/><V107/><F64/><W40/><G40/><T108/><D71/><U70/><E70/><V84/><F58/><N who="3" m="37367" /><G100/><N who="1" m="38474" /><E56/><V112/><F112/><W2/><G2/><T21/><D34/><U66/><E66/><V95/><F95/><W82/><G82/><T29/><D62/><U83/><E41/><V125/><F84/><W86/><G87/><T75/><D78/><U127/><E127/><V18/><F125/><W54/><G54/><T119/><D119/><U16/><E106/><N who="2" m="40491" /><F12/><N who="3" m="7327" /><G24/><T45/><D60/><AGARI ba="0,0" hai="53,57,60,86,88,92,97,99" m="7327,37367" machi="60" ten="30,3900,0" yaku="8,1,52,1,54,1" doraHai="5" who="3" fromWho="0" sc="269,-39,273,0,159,0,299,39" owari="230,-17.0,273,7.0,159,-34.0,338,44.0" /></mjloggm>