<mjloggm ver="2.3"><GO type="41" lobby="0"/><UN n0="%77%69%6C%64%6F%6E%65" n1="%E5%B0%B1%E6%B4%BB%E7%94%9F%40%E5%B7%9D%E6%9D%91%E8%BB%8D%E5%9B%A3" n2="%62%72%7A" n3="%E7%AB%B9%E4%BA%95%E4%B9%85%40%E5%BE%AE%E8%8D%89%E8%BB%8D%E5%9C%98" dan="14,18,17,13" rate="1939.98,2211.30,2089.09,1957.02" sx="M,M,F,M"/><TAIKYOKU oya="0"/><INIT seed="0,0,0,0,3,99" ten="250,250,250,250" oya="0" hai0="85,62,84,63,54,119,105,22,127,19,88,123,2" hai1="11,49,40,131,106,77,41,55,5,20,112,34,24" hai2="129,121,17,73,16,3,46,130,82,110,78,60,1" hai3="69,120,48,86,122,104,68,21,50,75,64,132,91"/><T47/><D2/><U71/><E71/><V97/><F121/><N who="3" m="46699" /><G104/><T96/><D123/><U116/><E116/><V44/><F110/><W98/><G75/><T76/><D76/><U42/><E131/><N who="2" m="50187" /><F60/><W87/><G132/><T37/><D85/><N who="3" m="32265" /><G21/><T23/><D23/><U107/><E77/><V4/><F4/><W61/><G68/><T25/><D127/><U79/><E34/><V7/><F7/><W58/><G69/><T126/><D126/><U12/><E79/><V28/><F28/><W26/><G26/><T14/><D25/><U56/><REACH who="1" step="1"/><E112/><REACH who="1" ten="250,240,250,250" step="2"/><V124/><F124/><W6/><G6/><T135/><D135/><U66/><E66/><V89/><F1/><W109/><G109/><T51/><D119/><U43/><N who="1" m="10752" /><DORA hai="133" /><U92/><E92/><AGARI ba="0,1" hai="48,50,58,61,64,91,92,98" m="32265,46699" machi="92" ten="30,1000,0" yaku="13,1" doraHai="99,133" who="3" fromWho="1" sc="250,0,240,-10,250,0,250,20" /><INIT seed="1,0,0,1,5,104" ten="250,230,250,270" oya="1" hai0="26,122,110,67,2,95,126,50,124,61,81,117,87" hai1="29,9,65,123,13,41,51,102,63,131,111,129,96" hai2="59,133,64,52,28,79,84,22,53,97,1,80,77" hai3="85,88,10,83,72,100,45,34,66,107,86,5,57"/><U54/><E123/><V106/><F1/><W33/><G45/><T49/><D2/><U17/><E29/><V76/><F106/><W114/><G114/><T120/><D95/><U25/><E41/><V37/><F37/><W127/><G127/><N who="0" m="48683" /><D26/><U47/><E25/><V92/><F64/><W0/><G100/><T11/><D11/><U90/><E90/><V32/><F32/><W132/><G132/><T105/><D105/><U23/><E111/><V116/><F53/><W99/><G99/><T109/><D87/><U4/><E96/><V7/><F7/><W12/><G107/><T30/><D81/><U98/><E98/><V42/><F42/><W55/><G66/><T56/><D30/><U73/><E102/><N who="2" m="60711" /><F116/><W78/><G86/><T40/><D117/><U121/><E121/><N who="0" m="46697" /><D40/><U19/><E73/><V69/><F133/><W103/><G103/><T39/><D39/><U21/><E4/><V128/><F80/><W18/><G0/><T16/><D16/><U118/><E118/><V82/><F82/><W112/><G18/><T134/><D134/><U91/><E91/><V62/><F84/><W3/><G3/><T60/><D60/><U15/><REACH who="1" step="1"/><E9/><REACH who="1" ten="250,220,250,270" step="2"/><V119/><F28/><W6/><G6/><T31/><D31/><U43/><E43/><V38/><F38/><W71/><G5/><T20/><D20/><U74/><E74/><V14/><F119/><W46/><G10/><T94/><D94/><U135/><E135/><V101/><F101/><W36/><G72/><T44/><D44/><U48/><E48/><AGARI ba="0,1" hai="48,49,50,56,61,67,109,110" m="46697,48683" machi="48" ten="40,8000,1" yaku="18,1,13,1,34,2" doraHai="104" who="0" fromWho="1" sc="250,90,220,-80,250,0,270,0" /><INIT seed="2,0,0,2,1,17" ten="340,140,250,270" oya="2" hai0="46,81,1,96,51,76,12,107,120,85,11,82,19" hai1="128,130,108,65,124,49,86,116,111,119,9,68,109" hai2="3,110,92,127,67,56,57,5,15,24,62,23,35" hai3="129,29,13,43,99,53,50,75,37,103,31,39,47"/><V70/><F127/><W66/><G129/><N who="1" m="49770" /><E9/><V95/><F35/><W125/><G75/><T89/><D1/><U135/><E86/><V28/><F3/><W7/><G125/><T101/><D120/><U131/><E124/><V133/><F133/><W32/><G32/><T30/><D30/><U91/><E91/><V100/><F70/><W20/><G66/><T2/><D2/><U55/><N who="1" m="49778" /><U44/><DORA hai="63" /><E135/><V64/><F110/><N who="1" m="28161" /><U132/><DORA hai="18" /><E132/><V26/><F26/><W112/><G112/><T61/><D61/><AGARI ba="0,0" hai="44,49,55,61,65,68,116,119" m="28161,49778" machi="61" ten="60,8000,1" yaku="19,1,14,1,34,2,52,1" doraHai="17,63,18" who="1" fromWho="0" sc="340,-80,140,80,250,0,270,0" /><INIT seed="3,0,0,3,5,71" ten="260,220,250,270" oya="3" hai0="125,55,53,42,16,72,32,59,29,69,38,106,70" hai1="87,26,119,13,79,11,113,14,75,68,77,129,92" hai2="47,81,24,61,110,36,115,60,102,109,128,44,99" hai3="4,116,25,111,112,10,124,96,117,33,103,133,23"/><W104/><G112/><T0/><D106/><U123/><E113/><V65/><F115/><W28/><G133/><T34/><D72/><U86/><E123/><V31/><F81/><W85/><G124/><T107/><D107/><U18/><E68/><V131/><F99/><W66/><G66/><T2/><D125/><U94/><E119/><V20/><F102/><W114/><G114/><T63/><D29/><U135/><E75/><V95/><F95/><N who="1" m="36393" /><E26/><V80/><F80/><W37/><G37/><T118/><D118/><U1/><E1/><V127/><F127/><W91/><G111/><N who="2" m="42505" /><F60/><W21/><G21/><T15/><D0/><U50/><E50/><V134/><F134/><W62/><G62/><T83/><D2/><U51/><E51/><V74/><F74/><W27/><G27/><T35/><D83/><U30/><E30/><V67/><F67/><W89/><G33/><T97/><D97/><U82/><E135/><V43/><F47/><W17/><G28/><T84/><D84/><N who="1" m="32299" /><E129/><V93/><F93/><W132/><G132/><T19/><D55/><U56/><E56/><AGARI ba="0,0" hai="20,24,31,36,43,44,56,61,65,128,131" m="42505" machi="56" ten="30,2000,0" yaku="14,1,52,1" doraHai="71" who="2" fromWho="1" sc="260,0,220,-20,250,20,270,0" /><INIT seed="4,0,0,1,4,96" ten="260,200,270,270" oya="0" hai0="49,30,40,127,69,55,98,26,66,20,39,15,86" hai1="123,28,11,122,83,1,45,119,130,133,4,87,38" hai2="105,77,103,42,117,118,12,47,134,104,29,63,17" hai3="50,109,53,58,91,126,76,100,72,18,36,37,99"/><T16/><D40/><U111/><E119/><V80/><F29/><W60/><G109/><T34/><D39/><U92/><E111/><V19/><F19/><W10/><G126/><T70/><D127/><U114/><E28/><V35/><F35/><W44/><G91/><T27/><D66/><U93/><E130/><V68/><F105/><W56/><G76/><T120/><D120/><U41/><E133/><V67/><F134/><W9/><G72/><T48/><D48/><U73/><E114/><V64/><F64/><W23/><G36/><T74/><D74/><U135/><E135/><V121/><F121/><N who="1" m="46089" /><E87/><V131/><F131/><W43/><G37/><T102/><D86/><U75/><E75/><V94/><F104/><W21/><G23/><T14/><D70/><U0/><E0/><V88/><F77/><AGARI ba="0,0" hai="1,4,11,38,41,45,73,77,83,92,93" m="46089" machi="77" ten="30,1000,0" yaku="25,1" doraHai="96" who="1" fromWho="2" sc="260,0,200,10,270,-10,270,0" /><INIT seed="5,0,0,5,0,112" ten="260,210,260,270" oya="1" hai0="1,4,29,79,30,81,101,15,53,84,67,56,2" hai1="38,77,5,125,91,127,16,124,69,19,118,25,95" hai2="47,51,59,122,65,42,0,117,121,43,21,80,10" hai3="93,63,75,104,55,128,40,99,110,45,73,48,7"/><U94/><E69/><V70/><F80/><W8/><G110/><T102/><D67/><U9/><E38/><N who="2" m="21975" /><F21/><W41/><G104/><T34/><D2/><N who="1" m="183" /><E77/><V31/><F31/><N who="0" m="11786" /><D1/><U27/><E118/><V68/><F10/><W134/><G134/><T14/><D34/><U107/><E107/><V115/><F0/><W85/><G128/><T74/><D74/><U36/><E36/><V61/><F115/><W100/><G85/><T11/><D15/><U114/><E114/><V76/><F76/><W6/><G6/><T86/><D84/><N who="1" m="52583" /><E95/><V23/><F23/><W49/><G41/><T37/><D37/><U90/><E90/><V129/><F129/><W83/><G83/><T46/><D46/><U82/><E82/><V28/><F28/><W92/><G92/><T18/><D4/><U135/><E135/><V131/><F131/><W22/><G22/><T113/><D113/><U87/><E87/><V3/><F3/><W123/><G63/><AGARI ba="0,0" hai="11,14,18,53,56,63,79,81,86,101,102" m="11786" machi="63" ten="30,1000,0" yaku="8,1" doraHai="112" who="0" fromWho="3" sc="260,10,210,0,260,0,270,-10" /><INIT seed="6,0,0,1,1,46" ten="270,210,260,260" oya="2" hai0="48,61,58,30,80,104,116,128,119,37,20,113,59" hai1="74,10,118,87,70,13,7,50,65,64,112,24,27" hai2="36,129,42,117,43,40,1,101,33,110,84,4,103" hai3="85,52,2,83,34,47,115,114,88,56,75,122,78"/><V91/><F117/><N who="0" m="45130" /><D104/><U60/><E74/><V93/><F129/><W69/><G2/><T22/><D37/><U124/><E118/><V21/><F33/><W111/><G111/><T71/><D128/><U63/><E112/><N who="3" m="43050" /><G34/><T72/><D113/><U126/><E87/><V67/><F36/><W131/><G131/><T134/><D134/><U55/><E124/><V32/><F32/><W0/><G0/><T68/><D30/><U90/><E90/><V25/><F110/><W23/><G122/><T62/><D80/><U82/><E82/><V100/><F1/><W125/><G125/><T66/><D72/><U109/><E109/><V94/><F67/><W31/><G69/><T133/><D133/><U123/><E123/><V132/><F132/><W9/><G9/><T17/><D17/><U108/><E108/><V44/><F4/><W16/><G31/><T41/><D20/><U12/><E12/><V11/><F11/><W102/><G102/><T127/><D22/><U45/><REACH who="1" step="1"/><E126/><REACH who="1" ten="270,200,260,260" step="2"/><V15/><F15/><N who="3" m="9631" /><G75/><T8/><D127/><U57/><AGARI ba="0,1" hai="7,10,13,24,27,45,50,55,57,60,63,64,65,70" machi="57" ten="20,5200,0" yaku="1,1,0,1,7,1,52,1,53,0" doraHai="46" doraHaiUra="29" who="1" fromWho="1" sc="270,-13,200,62,260,-26,260,-13" /><INIT seed="7,0,0,0,4,13" ten="257,262,234,247" oya="3" hai0="32,9,85,46,40,115,98,101,15,117,4,11,93" hai1="33,102,83,109,74,130,123,37,27,72,48,50,125" hai2="92,107,18,110,91,64,120,49,43,6,90,69,7" hai3="89,31,23,134,135,119,8,88,54,44,21,25,56"/><W99/><G119/><T67/><D32/><U126/><E37/><V1/><F107/><W14/><G44/><T81/><D67/><U17/><E109/><V10/><F110/><W12/><G23/><T39/><D117/><U38/><E38/><V34/><F34/><W52/><G99/><T78/><D11/><U55/><E123/><V111/><F111/><W80/><G80/><T28/><D28/><U22/><E130/><V132/><F120/><W112/><G112/><T51/><D39/><U77/><E102/><V97/><F132/><N who="3" m="50731" /><G14/><T24/><REACH who="0" step="1"/><D24/><REACH who="0" ten="247,262,234,247" step="2"/><U42/><E33/><V79/><F64/><W45/><G54/><T104/><D104/><U127/><E55/><V16/><F1/><W58/><G45/><T63/><D63/><U35/><E35/><V128/><F128/><W47/><G47/><T116/><D116/><U60/><E60/><V70/><F43/><W100/><G58/><T19/><D19/><N who="2" m="7210" /><F10/><W131/><G131/><T124/><D124/><U118/><E42/><V95/><F49/><N who="1" m="19049" /><E118/><V71/><F71/><W133/><G133/><T59/><D59/><U30/><E30/><V36/><F36/><W73/><G73/><AGARI ba="0,1" hai="17,22,27,72,73,74,77,83,125,126,127" m="19049" machi="73" ten="40,2600,0" yaku="18,1,52,1" doraHai="13" who="1" fromWho="3" sc="247,0,262,36,234,0,247,-26" /><INIT seed="8,0,0,0,5,44" ten="247,298,234,221" oya="0" hai0="103,17,119,97,26,77,127,130,93,120,128,2,134" hai1="59,3,16,45,79,88,115,56,35,66,94,57,126" hai2="110,90,39,62,133,12,114,20,11,96,24,113,132" hai3="50,129,123,61,81,46,76,107,27,112,23,111,41"/><T43/><D2/><U55/><E35/><V15/><F39/><W124/><G112/><T98/><D120/><U9/><E115/><V42/><F42/><W18/><G111/><T92/><D119/><U0/><E126/><V58/><F110/><W70/><G124/><T101/><D127/><U117/><E117/><V8/><F8/><W49/><G107/><T13/><D26/><U67/><E79/><V52/><F113/><W22/><G129/><T131/><D77/><U135/><E3/><V116/><F116/><W99/><G123/><T80/><D80/><U71/><E71/><V91/><F91/><W82/><G99/><T73/><D73/><U36/><E135/><N who="2" m="51787" /><F11/><W33/><G33/><T40/><REACH who="0" step="1"/><D134/><REACH who="0" ten="237,298,234,221" step="2"/><U102/><E0/><V118/><F118/><W6/><G76/><T84/><D84/><U108/><E108/><V51/><F114/><W1/><G1/><T104/><D104/><U68/><E67/><N who="2" m="39383" /><F96/><W38/><G27/><T89/><D89/><U75/><E88/><V78/><F90/><W4/><G82/><T121/><D121/><U21/><E75/><V72/><F72/><W109/><G109/><T83/><D83/><U14/><E94/><V106/><F106/><W125/><G81/><T85/><D85/><U32/><E32/><V65/><F78/><W29/><G125/><T10/><AGARI ba="0,1" hai="10,13,17,40,43,92,93,97,98,101,103,128,130,131" machi="10" ten="30,11700,0" yaku="1,1,0,1,9,1,19,1,53,0" doraHai="44" doraHaiUra="53" who="0" fromWho="0" sc="237,127,298,-39,234,-39,221,-39" owari="364,46.0,259,6.0,195,-20.0,182,-32.0" /></mjloggm>