<mjloggm ver="2.3"><GO type="169" lobby="0"/><UN n0="%E5%B9%BB%E3%81%AB%E8%B3%AD%E3%81%91%E3%82%8D" n1="%41%79%6F%75%46" n2="%E3%82%A6%E3%83%AB%E3%83%88%E3%83%A9%E7%AB%8B%E7%9B%B4" n3="%70%6F%6E%5F%6B%61%73%75" dan="16,18,17,16" rate="2069.64,2139.49,2141.67,2053.91" sx="M,M,M,M"/><TAIKYOKU oya="0"/><INIT seed="0,0,0,2,2,41" ten="250,250,250,250" oya="0" hai0="0,38,9,125,107,94,61,45,134,32,123,31,70" hai1="36,97,56,23,74,130,129,5,89,118,77,119,8" hai2="50,25,65,104,102,51,48,100,68,79,103,124,106" hai3="101,6,122,126,3,76,2,120,10,13,26,47,99"/><T131/><RYUUKYOKU type="yao9" ba="0,0" sc="250,0,250,0,250,0,250,0" hai0="0,9,31,32,38,45,61,70,94,107,123,125,131,134" /><INIT seed="0,1,0,0,4,65" ten="250,250,250,250" oya="0" hai0="117,22,8,91,40,28,92,58,11,110,130,50,122" hai1="108,48,56,78,44,61,15,103,69,88,77,79,43" hai2="9,107,19,10,123,102,133,14,18,101,83,32,84" hai3="96,90,99,72,38,46,3,104,129,4,124,62,36"/><T6/><D117/><U109/><E103/><V112/><F123/><W25/><G72/><T53/><D122/><U128/><E128/><V131/><F112/><W87/><G46/><T134/><D130/><U82/><E15/><V74/><F32/><W0/><G25/><N who="0" m="16439" /><D134/><U39/><E39/><V27/><F131/><W20/><G104/><T126/><D126/><U49/><E48/><V35/><F107/><W89/><G124/><T86/><D110/><N who="1" m="42603" /><E88/><V13/><F74/><W47/><G47/><N who="0" m="25959" /><D6/><U100/><E100/><V1/><F1/><W21/><G4/><T16/><D16/><U67/><E56/><V98/><F133/><W54/><G129/><T59/><D59/><U68/><E68/><V42/><F42/><W33/><G33/><T73/><D73/><AGARI ba="1,0" hai="43,44,49,61,67,69,73,77,78,79,82" m="42603" machi="73" ten="30,2000,0" yaku="14,1,52,1" doraHai="65" who="1" fromWho="0" sc="250,-23,250,23,250,0,250,0" /><INIT seed="1,0,0,0,0,94" ten="227,273,250,250" oya="1" hai0="56,86,107,45,2,37,72,83,75,24,120,8,3" hai1="93,128,106,34,84,96,67,134,59,35,91,16,54" hai2="81,113,50,48,99,18,117,70,121,29,65,98,46" hai3="7,68,77,124,33,116,108,15,104,100,12,129,60"/><U85/><E67/><V102/><F117/><W5/><G77/><T103/><D120/><U111/><E134/><V119/><F119/><W20/><G116/><T58/><D3/><U55/><E128/><V115/><F121/><W130/><G60/><T51/><D37/><U11/><E55/><V19/><F29/><W49/><G49/><N who="2" m="19049" /><F46/><W30/><G20/><T123/><D123/><U105/><E111/><V63/><F81/><W71/><G100/><T125/><D125/><U22/><E11/><V9/><F102/><W31/><G104/><T25/><D75/><U0/><E0/><V39/><F39/><W74/><G74/><T14/><D72/><U13/><E106/><V52/><F52/><W64/><G64/><T92/><D2/><U95/><E105/><V28/><F28/><W90/><G90/><T132/><D107/><U4/><E4/><V109/><F109/><W53/><G53/><N who="0" m="29935" /><D132/><U76/><E76/><V26/><F26/><W126/><REACH who="3" step="1"/><G108/><REACH who="3" ten="227,273,250,240" step="2"/><T21/><D103/><N who="1" m="60815" /><E35/><AGARI ba="0,1" hai="5,7,12,15,30,31,33,35,68,71,124,126,129,130" machi="35" ten="25,3200,0" yaku="1,1,22,2,53,0" doraHai="94" doraHaiUra="78" who="3" fromWho="1" sc="227,0,273,-32,250,0,240,42" /><INIT seed="2,0,0,1,0,25" ten="227,241,250,282" oya="2" hai0="92,112,56,133,109,12,52,115,42,81,132,69,28" hai1="45,36,59,18,104,122,31,34,13,74,97,91,27" hai2="22,16,24,23,1,90,94,106,57,2,118,41,29" hai3="83,119,121,30,3,44,58,20,37,86,114,72,55"/><V11/><F106/><W116/><G114/><T88/><D69/><U35/><E74/><V6/><F41/><W71/><G71/><T17/><D42/><U46/><E122/><V95/><F118/><W66/><G3/><T123/><D81/><U14/><E35/><V85/><F57/><W127/><G72/><T50/><D28/><U89/><E14/><V19/><F1/><W40/><G66/><T67/><D67/><U5/><E5/><V54/><F54/><W60/><G121/><T110/><D123/><U108/><E108/><N who="0" m="41577" /><D115/><U62/><E36/><V68/><F68/><W84/><G84/><N who="0" m="52231" /><D112/><U21/><E91/><V125/><F125/><W78/><G127/><T4/><D4/><U87/><E97/><V65/><F65/><W82/><G82/><T126/><D126/><U7/><E7/><V117/><F117/><W93/><G93/><T129/><D129/><U33/><E33/><V107/><F107/><W32/><G32/><T105/><D105/><U101/><E101/><V70/><F70/><W39/><G39/><T51/><D51/><U98/><E98/><V80/><REACH who="2" step="1"/><F19/><REACH who="2" ten="227,241,240,282" step="2"/><W8/><G119/><T26/><D26/><AGARI ba="0,1" hai="2,6,11,16,22,23,24,26,29,80,85,90,94,95" machi="26" ten="30,12000,1" yaku="1,1,2,1,7,1,52,1,54,1,53,0" doraHai="25" doraHaiUra="49" who="2" fromWho="0" sc="227,-120,241,0,240,130,282,0" /><INIT seed="2,1,0,0,0,5" ten="107,241,370,282" oya="2" hai0="68,1,94,114,84,35,111,126,50,45,26,48,87" hai1="27,58,61,88,66,120,29,100,31,60,62,39,112" hai2="32,54,37,122,81,107,132,21,23,93,6,12,14" hai3="20,118,44,2,71,40,10,41,55,89,101,129,82"/><V110/><F107/><W76/><G118/><T67/><D114/><U133/><E112/><V86/><F32/><W3/><G129/><T28/><D126/><U99/><E39/><V78/><F122/><W73/><G71/><T24/><D111/><U95/><E133/><V17/><F132/><W25/><G101/><T51/><D68/><U127/><E127/><V57/><F37/><W18/><G89/><T65/><D1/><U53/><E120/><V52/><F110/><W103/><G103/><T121/><D121/><U115/><E115/><V102/><F57/><W8/><G55/><N who="2" m="21033" /><F6/><W135/><G135/><T33/><D45/><U7/><E7/><V22/><F14/><W113/><G113/><T124/><D124/><U15/><E15/><V130/><F130/><W16/><G41/><T97/><D97/><AGARI ba="1,0" hai="12,17,21,22,23,78,81,86,93,97,102" m="21033" machi="97" ten="30,2900,0" yaku="8,1,54,1" doraHai="5" who="2" fromWho="0" sc="107,-32,241,0,370,32,282,0" /><INIT seed="2,2,0,2,0,61" ten="75,241,402,282" oya="2" hai0="58,1,120,106,70,93,114,108,115,39,78,22,17" hai1="71,128,127,24,102,60,73,85,38,125,32,9,100" hai2="131,26,34,0,88,62,29,111,31,80,126,53,101" hai3="135,95,3,42,99,82,5,97,107,92,56,91,14"/><V2/><F126/><W133/><G3/><T130/><D78/><U109/><E73/><V87/><F131/><W129/><G107/><T68/><D93/><U57/><E71/><V98/><F31/><W81/><G42/><T52/><D22/><U20/><E32/><V47/><F111/><W12/><G56/><T69/><D17/><U55/><E109/><V11/><F11/><N who="3" m="4207" /><G14/><T66/><D106/><U54/><E128/><V119/><F119/><W104/><G104/><T30/><D30/><U110/><E110/><V72/><F72/><W4/><G4/><T123/><D1/><U76/><E38/><V41/><F53/><W121/><G121/><N who="0" m="46667" /><D39/><U44/><E9/><V49/><REACH who="2" step="1"/><F62/><REACH who="2" ten="75,241,392,282" step="2"/><W21/><G129/><T45/><D108/><U36/><E127/><V50/><F50/><W64/><G21/><T132/><D130/><U75/><E75/><V33/><F33/><W18/><G18/><T118/><D118/><U134/><E125/><V67/><F67/><W40/><G64/><T37/><D132/><N who="3" m="50761" /><G40/><N who="0" m="22671" /><D66/><U16/><E134/><V43/><F43/><W13/><G13/><T10/><D10/><U7/><E36/><V74/><F74/><W35/><G35/><T63/><AGARI ba="2,1" hai="52,58,63,68,69,70,114,115" m="22671,46667" machi="63" ten="40,5200,0" yaku="34,2,54,1" doraHai="61" who="0" fromWho="0" sc="75,68,241,-15,392,-28,282,-15" /><INIT seed="3,0,0,2,2,32" ten="143,226,364,267" oya="3" hai0="28,40,56,33,94,69,109,133,31,66,71,67,0" hai1="82,29,21,73,6,38,46,84,100,41,51,79,65" hai2="48,14,4,43,15,91,74,24,63,34,27,77,49" hai3="10,95,89,20,42,22,85,105,107,103,90,112,2"/><W114/><G42/><T60/><D33/><U37/><E65/><V99/><F77/><W30/><G103/><T44/><D94/><U108/><E108/><V50/><F74/><W125/><G125/><T57/><D28/><U75/><E100/><V120/><F34/><W126/><G126/><T17/><D31/><U118/><E118/><V55/><F43/><W104/><G90/><T86/><D86/><U54/><E38/><V26/><F120/><W70/><G70/><N who="0" m="26635" /><D0/><U1/><E29/><V106/><F106/><W53/><G53/><N who="0" m="33807" /><D17/><U127/><E21/><V9/><F15/><W135/><G135/><T72/><D133/><U123/><E127/><V52/><F63/><W13/><G2/><T58/><D72/><U96/><E96/><V117/><F117/><W93/><G95/><AGARI ba="0,0" hai="4,9,14,24,26,27,48,49,50,52,55,91,95,99" machi="95" ten="40,2600,0" yaku="8,1,54,1" doraHai="32" who="2" fromWho="3" sc="143,0,226,0,364,26,267,-26" /><INIT seed="4,0,0,0,4,41" ten="143,226,390,241" oya="0" hai0="116,3,113,89,45,71,130,28,24,118,44,69,128" hai1="108,92,62,78,74,34,51,76,103,81,25,134,99" hai2="56,19,104,105,23,9,16,12,1,93,66,20,125" hai3="121,126,127,4,8,86,11,0,124,39,52,46,120"/><T95/><D3/><U37/><E37/><V68/><F68/><N who="0" m="26186" /><D89/><U90/><E134/><V129/><F125/><W85/><G11/><T2/><D2/><U112/><E108/><V75/><F75/><W97/><G97/><T117/><D95/><U67/><E112/><V6/><F129/><N who="0" m="49770" /><D113/><U17/><E78/><V122/><F122/><N who="3" m="47211" /><G39/><T5/><D5/><U65/><E62/><V60/><F93/><W98/><G98/><T54/><D54/><U91/><E91/><V57/><F105/><W59/><G46/><N who="0" m="18027" /><D118/><U77/><E90/><V132/><F104/><W73/><G73/><T38/><D38/><U79/><E79/><V48/><F1/><W114/><G114/><T42/><D42/><U106/><E77/><V63/><F6/><W80/><G80/><T21/><AGARI ba="0,0" hai="21,24,28,116,117" m="18027,49770,26186" machi="21" ten="40,12000,1" yaku="19,1,52,3" doraHai="41" who="0" fromWho="0" sc="143,120,226,-40,390,-40,241,-40" /><INIT seed="4,1,0,0,1,59" ten="263,186,350,201" oya="0" hai0="115,84,37,19,2,93,69,49,81,74,40,133,10" hai1="3,100,65,50,103,113,55,46,7,94,122,26,70" hai2="39,90,18,72,17,98,124,1,30,35,112,23,44" hai3="63,15,27,24,36,58,56,28,57,101,96,125,111"/><T48/><D69/><U105/><E122/><V134/><F72/><W114/><G111/><T120/><D120/><U135/><E105/><V38/><F1/><W80/><G36/><T22/><D93/><U87/><E135/><V29/><F35/><W78/><G114/><T31/><D115/><U13/><E3/><V5/><F5/><W97/><G15/><T107/><D107/><U42/><E113/><V77/><F77/><W33/><G24/><T118/><D31/><U102/><E26/><V83/><F112/><W8/><G8/><T47/><D118/><U106/><E106/><V20/><F124/><W99/><G125/><T132/><D49/><U71/><E65/><V85/><F98/><W126/><G126/><T95/><D48/><U14/><E71/><V127/><F127/><W104/><REACH who="3" step="1"/><G63/><REACH who="3" ten="263,186,350,191" step="2"/><T130/><D132/><U82/><E14/><V52/><F39/><W117/><G117/><T75/><D133/><U79/><E13/><V54/><F38/><W61/><G61/><T43/><D37/><U110/><E110/><V45/><F134/><W88/><G88/><T9/><D10/><U76/><E7/><V131/><F90/><W34/><G34/><T12/><D9/><U116/><E116/><V60/><F60/><W91/><G91/><T109/><D109/><U89/><E79/><V4/><F4/><W119/><G119/><T16/><D12/><U21/><E21/><V123/><F23/><W66/><G66/><T64/><D64/><U108/><E108/><V53/><F20/><W67/><G67/><T62/><D22/><U121/><E121/><RYUUKYOKU ba="1,1" sc="263,-10,186,-10,350,-10,191,30" hai3="27,28,33,56,57,58,78,80,96,97,99,101,104" /><INIT seed="5,2,1,3,1,2" ten="253,176,340,221" oya="1" hai0="110,70,82,56,36,79,69,52,25,58,35,92,123" hai1="101,83,75,120,121,0,20,41,44,118,57,111,116" hai2="84,60,128,108,28,40,8,54,74,106,129,119,48" hai3="59,24,53,124,15,65,45,131,22,64,46,47,33"/><U37/><E101/><V77/><F106/><W17/><G124/><T34/><D36/><U125/><E20/><V127/><F74/><W67/><G131/><T93/><D82/><U26/><E26/><V130/><F127/><W104/><G104/><T42/><D79/><N who="1" m="44543" /><E125/><V100/><F100/><W115/><G115/><T71/><D25/><U72/><E57/><V85/><F119/><N who="1" m="45609" /><E72/><V126/><F126/><W103/><G103/><T91/><D58/><U3/><E111/><V109/><F28/><N who="3" m="17431" /><G33/><T99/><D56/><U16/><E16/><V97/><F97/><W18/><G15/><T98/><D70/><U76/><E76/><V6/><F60/><AGARI ba="2,1" hai="17,18,45,46,47,53,59,60,64,65,67" m="17431" machi="60" ten="30,1000,0" yaku="8,1" doraHai="2" who="3" fromWho="2" sc="253,0,176,0,340,-16,221,26" /><INIT seed="6,0,0,1,2,67" ten="253,176,324,247" oya="2" hai0="20,33,23,0,109,17,6,7,104,75,3,97,31" hai1="80,121,110,1,5,61,86,89,18,55,24,60,107" hai2="133,8,10,35,122,28,74,56,131,66,29,70,25" hai3="12,69,98,102,113,132,117,77,49,120,13,53,127"/><V115/><F122/><W116/><G117/><T71/><D75/><U114/><E110/><V62/><F74/><W36/><G36/><T111/><D97/><U106/><E121/><V92/><F115/><W43/><G43/><T15/><D104/><U94/><E114/><V134/><F131/><W34/><G34/><T96/><D96/><U54/><E107/><V73/><F73/><W90/><G77/><T30/><D71/><U27/><E106/><V4/><F29/><N who="0" m="10762" /><D111/><U112/><E112/><V14/><F92/><W105/><G69/><T63/><D63/><U125/><E125/><V51/><REACH who="2" step="1"/><F8/><REACH who="2" ten="253,176,314,247" step="2"/><W87/><G113/><T11/><D109/><U100/><E94/><V82/><F82/><W16/><G120/><T52/><D33/><U129/><E129/><V103/><F103/><W130/><G102/><T101/><D101/><U65/><E100/><V22/><F22/><N who="0" m="8234" /><D52/><AGARI ba="0,1" hai="4,10,14,25,28,35,51,52,56,62,66,70,133,134" machi="52" ten="40,7700,0" yaku="1,1,52,1,54,1,53,0" doraHai="67" doraHaiUra="84" who="2" fromWho="0" sc="253,-77,176,0,314,87,247,0" /><INIT seed="6,1,0,2,5,107" ten="176,176,401,247" oya="2" hai0="130,8,51,58,52,55,122,82,77,93,43,2,3" hai1="72,63,75,53,112,42,90,54,1,27,111,105,115" hai2="49,21,106,133,9,121,24,81,5,135,94,95,37" hai3="76,14,50,127,78,119,64,109,35,134,57,92,59"/><V79/><F106/><W131/><G119/><T28/><D122/><U124/><E1/><V69/><F69/><W99/><G109/><T74/><D130/><U110/><E105/><V62/><F37/><W29/><G131/><T46/><D28/><U11/><E42/><V32/><F32/><W101/><G127/><T47/><D93/><U60/><E11/><V41/><F62/><W20/><G134/><T91/><D91/><U113/><E90/><V39/><F121/><W97/><G35/><T102/><D102/><U4/><E4/><V87/><F39/><W23/><G64/><T6/><D3/><U96/><E27/><V13/><F133/><W34/><G97/><T15/><D15/><U26/><E26/><V104/><F104/><W114/><G114/><T84/><D84/><U17/><E17/><V31/><F135/><W85/><G34/><T88/><D88/><U0/><E0/><V7/><REACH who="2" step="1"/><F7/><REACH who="2" ten="176,176,391,247" step="2"/><W33/><G33/><T44/><REACH who="0" step="1"/><D55/><REACH who="0" ten="166,176,391,247" step="2"/><N who="1" m="21003" /><E124/><V61/><F61/><AGARI ba="1,2" hai="2,6,8,43,44,46,47,51,52,58,61,74,77,82" machi="61" ten="30,7700,0" yaku="1,1,7,1,52,1,54,1,53,0" doraHai="107" doraHaiUra="103" who="0" fromWho="2" sc="166,100,176,0,391,-80,247,0" /><INIT seed="7,0,0,3,1,105" ten="266,176,311,247" oya="3" hai0="50,29,20,54,3,19,79,72,32,64,41,133,76" hai1="81,129,8,45,110,17,11,9,75,67,124,36,103" hai2="125,122,80,66,104,55,61,97,121,93,28,57,102" hai3="82,0,71,47,90,70,135,84,56,126,73,1,123"/><W108/><G123/><N who="2" m="47113" /><F125/><W88/><G126/><T23/><D3/><U131/><E124/><V12/><F28/><W65/><G135/><T42/><D76/><U116/><E110/><V10/><F80/><W92/><G108/><T78/><D79/><U127/><E127/><V109/><F109/><W95/><G47/><T62/><D32/><U30/><E30/><V115/><F115/><W106/><G106/><T134/><D29/><U74/><E103/><V130/><F130/><N who="1" m="49673" /><E81/><V114/><F114/><W117/><G56/><T120/><D120/><U96/><E96/><V6/><F93/><W60/><G71/><T100/><D100/><U2/><E2/><V85/><F85/><W37/><G37/><T40/><D20/><U14/><E67/><AGARI ba="0,0" hai="6,10,12,55,57,61,66,67,97,102,104" m="47113" machi="67" ten="30,1000,0" yaku="13,1" doraHai="105" who="2" fromWho="1" sc="266,0,176,-10,311,10,247,0" owari="266,7.0,166,-33.0,321,41.0,247,-15.0" /></mjloggm>