<mjloggm ver="2.3"><GO type="169" lobby="0"/><UN n0="%68%69%6E%61%6A%69%6E%6E" n1="%E5%B0%B1%E6%B4%BB%E7%94%9F%40%E5%B7%9D%E6%9D%91%E8%BB%8D%E5%9B%A3" n2="%E3%81%99%E3%81%BF%E3%82%84%E3%81%AB" n3="%E3%82%89%E3%81%8F%E3%81%A0%EF%BC%90%EF%BC%91%EF%BC%90%EF%BC%99" dan="16,17,18,17" rate="2138.46,2213.61,2227.83,2207.93" sx="M,M,M,M"/><TAIKYOKU oya="0"/><INIT seed="0,0,0,4,2,60" ten="250,250,250,250" oya="0" hai0="91,11,10,92,98,126,21,59,36,7,87,28,80" hai1="97,109,121,104,96,8,120,27,132,130,99,123,46" hai2="1,65,106,22,113,70,63,15,33,12,129,42,84" hai3="19,0,40,13,41,54,4,66,103,71,43,107,82"/><T47/><D126/><U34/><E130/><V94/><F113/><W5/><G0/><T14/><D36/><U55/><E132/><V45/><F106/><W38/><G38/><T78/><D47/><U112/><E112/><V49/><F33/><W119/><G119/><T76/><D59/><U52/><E109/><V83/><F1/><W115/><G115/><T85/><D11/><U111/><E111/><V88/><F129/><W125/><G125/><T35/><D35/><U50/><E104/><V16/><F83/><W131/><G131/><T118/><D118/><U25/><E34/><V48/><F15/><W53/><G107/><T90/><D98/><U29/><E29/><V67/><F67/><W74/><G103/><T68/><D68/><U23/><E23/><V18/><F18/><W75/><G82/><T2/><D2/><U105/><E105/><V100/><F100/><W9/><G75/><T124/><D124/><U110/><E110/><V20/><F20/><W56/><G71/><T101/><D101/><U86/><E8/><V102/><F102/><W114/><G74/><T81/><D92/><U116/><E116/><V26/><F12/><W3/><G114/><T39/><D39/><AGARI ba="0,0" hai="16,22,26,39,42,45,48,49,63,65,70,84,88,94" machi="39" ten="30,7700,0" yaku="7,1,52,1,54,2" doraHai="60" who="2" fromWho="0" sc="250,-77,250,0,250,77,250,0" /><INIT seed="1,0,0,3,0,48" ten="173,250,327,250" oya="1" hai0="84,74,58,83,65,50,66,105,53,94,26,80,15" hai1="86,5,75,62,40,11,64,18,109,43,132,29,13" hai2="107,1,89,71,95,10,119,102,76,3,126,32,112" hai3="20,118,17,73,9,59,38,39,37,68,133,63,30"/><U123/><E123/><V56/><F119/><W34/><G118/><T135/><D105/><U77/><E75/><V79/><F71/><W27/><G73/><T55/><D135/><U93/><E132/><V115/><F32/><W127/><G133/><T91/><D26/><U41/><E109/><V46/><F126/><W110/><G110/><T54/><D15/><U8/><E29/><V2/><F10/><W57/><G127/><T103/><D74/><U7/><E11/><V70/><F70/><W61/><G9/><T33/><D33/><U4/><E93/><V14/><F14/><W101/><G101/><T98/><D83/><U36/><E36/><V6/><F46/><W42/><G42/><T128/><D128/><U19/><E19/><V96/><F56/><W97/><G97/><T116/><D116/><U67/><REACH who="1" step="1"/><E62/><REACH who="1" ten="173,240,327,250" step="2"/><V100/><F6/><W49/><G38/><T87/><D84/><U47/><E47/><V52/><F107/><W106/><G106/><T129/><D129/><U78/><E78/><V81/><F79/><W92/><G92/><T121/><D121/><U28/><E28/><V21/><F76/><W124/><G124/><T23/><D23/><U113/><E113/><V90/><F21/><W99/><G39/><T130/><D130/><U72/><E72/><V125/><F125/><W108/><G37/><T104/><D104/><U131/><E131/><V114/><F115/><W12/><G30/><T25/><D25/><U134/><E134/><V82/><F114/><W24/><G24/><T69/><D69/><U60/><E60/><V51/><F112/><RYUUKYOKU ba="0,1" sc="173,15,240,15,327,-15,250,-15" hai0="50,53,54,55,58,65,66,80,87,91,94,98,103" hai1="4,5,7,8,13,18,40,41,43,64,67,77,86" /><INIT seed="1,1,1,1,5,17" ten="188,255,312,235" oya="1" hai0="44,0,91,80,75,42,73,94,88,67,49,37,83" hai1="52,103,34,74,133,47,129,135,97,6,84,7,35" hai2="122,72,64,39,117,65,54,19,2,27,71,127,70" hai3="55,15,130,114,12,18,32,20,59,48,112,105,118"/><U115/><E74/><V119/><F72/><W86/><G105/><T63/><D0/><U76/><E115/><V92/><F2/><W40/><G32/><T101/><D37/><U30/><E129/><V8/><F39/><W108/><G108/><T82/><D101/><U43/><E84/><V41/><F41/><W121/><G121/><T113/><D113/><U104/><E76/><V9/><F92/><W96/><G130/><T56/><REACH who="0" step="1"/><D91/><REACH who="0" ten="178,255,312,235" step="2"/><U79/><E79/><V68/><F122/><W131/><G131/><T90/><D90/><U107/><E107/><V28/><F119/><W120/><G120/><T132/><D132/><U81/><E133/><V134/><F117/><W21/><G118/><T36/><D36/><U61/><E135/><V60/><F134/><W109/><G109/><T98/><AGARI ba="1,2" hai="42,44,49,56,63,67,73,75,80,82,83,88,94,98" machi="98" ten="30,4000,0" yaku="1,1,0,1,54,1,53,0" doraHai="17" doraHaiUra="99" who="0" fromWho="0" sc="178,63,255,-21,312,-11,235,-11" /><INIT seed="2,0,0,0,0,78" ten="241,234,301,224" oya="2" hai0="10,21,75,88,76,42,29,33,14,34,63,56,95" hai1="128,98,92,79,35,41,20,32,23,82,66,2,103" hai2="55,122,123,110,22,97,125,86,30,9,127,17,69" hai3="19,5,31,93,62,73,106,48,130,117,47,99,91"/><V15/><F69/><W64/><G73/><T13/><D42/><U129/><E2/><V114/><F55/><W87/><G117/><T3/><D3/><U126/><E41/><V108/><F86/><W11/><G130/><N who="1" m="50282" /><E66/><V119/><F97/><W96/><G31/><T118/><D118/><U83/><E79/><V101/><F101/><W12/><G5/><T70/><D70/><U16/><E23/><V25/><F114/><W132/><G106/><T115/><D115/><U46/><E46/><V68/><F68/><W37/><G37/><T61/><D21/><U44/><E44/><V113/><F113/><W105/><G105/><T89/><D29/><U36/><E36/><V104/><F104/><W38/><G38/><T53/><D33/><N who="1" m="12875" /><E126/><N who="2" m="48139" /><F119/><W0/><G0/><T1/><D34/><U77/><E77/><V85/><F85/><W58/><REACH who="3" step="1"/><G132/><REACH who="3" ten="241,234,301,214" step="2"/><T54/><D75/><U72/><E72/><V49/><F49/><W6/><G6/><T107/><D107/><U45/><E45/><V65/><F65/><W60/><G60/><T120/><D63/><U51/><E51/><V27/><F123/><W111/><G111/><T100/><D120/><U26/><AGARI ba="0,1" hai="16,20,26,82,83,92,98,103" m="12875,50282" machi="26" ten="30,7900,0" yaku="19,1,52,2,54,1" doraHai="78" who="1" fromWho="1" sc="241,-20,234,89,301,-39,214,-20" /><INIT seed="3,0,0,0,2,43" ten="221,323,262,194" oya="3" hai0="109,57,90,113,53,6,84,51,75,101,121,58,99" hai1="110,124,62,28,25,30,130,80,133,85,74,35,64" hai2="79,32,77,54,47,118,19,17,107,92,106,71,1" hai3="21,40,55,94,5,14,16,41,27,4,39,82,68"/><W126/><G68/><T125/><D75/><U89/><E130/><V63/><F118/><W123/><G123/><T56/><D121/><U36/><E110/><V116/><F116/><W115/><G115/><T67/><D109/><U96/><E124/><V102/><F1/><W23/><G126/><T91/><D113/><U7/><E133/><V100/><F32/><W18/><G82/><T93/><D6/><N who="3" m="2665" /><G39/><T2/><D2/><U42/><E7/><V98/><F71/><W15/><G94/><T132/><D132/><U10/><E10/><V119/><F119/><W60/><G27/><T108/><D108/><U38/><E30/><V120/><F107/><W69/><G69/><T8/><D8/><U88/><E74/><V70/><F70/><W97/><G97/><T103/><D125/><U22/><E35/><V128/><F106/><W129/><G129/><T46/><REACH who="0" step="1"/><D67/><REACH who="0" ten="211,323,262,194" step="2"/><U26/><E64/><V78/><F120/><W12/><G12/><T24/><D24/><U44/><E26/><V48/><F128/><W81/><G81/><AGARI ba="0,1" hai="46,51,53,56,57,58,81,84,90,91,93,99,101,103" machi="81" ten="40,5200,0" yaku="1,1,8,1,52,1,53,0" doraHai="43" doraHaiUra="122" who="0" fromWho="3" sc="211,62,323,0,262,0,194,-52" /><INIT seed="4,0,0,2,1,100" ten="273,323,262,142" oya="0" hai0="86,56,102,22,98,34,39,1,18,96,73,6,32" hai1="131,49,48,120,82,28,97,24,78,79,57,53,70" hai2="117,92,106,91,71,62,20,68,64,46,41,52,113" hai3="37,81,38,122,126,26,127,85,116,135,114,88,74"/><T58/><D39/><U21/><E70/><V42/><F113/><W115/><G116/><T23/><D73/><U125/><E120/><V55/><F71/><W124/><G122/><T72/><D72/><U30/><E125/><N who="3" m="32002" /><W89/><DORA hai="17" /><G74/><T16/><D86/><N who="1" m="48471" /><E131/><V107/><F117/><W118/><G118/><T109/><D102/><U110/><E110/><V95/><F42/><W87/><G135/><T10/><D109/><U129/><E129/><V76/><F76/><W7/><G7/><T12/><D98/><U105/><E105/><V33/><F33/><W43/><G26/><T11/><D96/><U121/><E121/><V119/><F95/><N who="3" m="54671" /><G43/><T40/><D40/><U44/><E79/><V61/><F119/><W8/><G8/><T45/><D45/><U111/><E97/><V103/><F103/><W130/><G130/><T66/><D66/><U54/><E111/><V128/><F128/><W134/><G134/><T63/><D63/><U67/><E67/><V132/><F62/><W60/><G60/><T65/><D65/><U29/><AGARI ba="0,0" hai="21,24,28,29,30,44,48,49,53,54,57" m="48471" machi="29" ten="30,2000,0" yaku="8,1,52,1" doraHai="100,17" who="1" fromWho="1" sc="273,-10,323,20,262,-5,142,-5" /><INIT seed="5,0,0,4,4,113" ten="263,343,257,137" oya="1" hai0="95,16,59,39,92,62,99,18,58,63,82,47,3" hai1="93,56,80,130,42,132,26,107,120,74,20,22,79" hai2="65,106,126,50,38,90,70,29,119,23,110,33,105" hai3="116,129,25,76,133,14,6,24,77,131,54,124,112"/><U52/><E120/><V37/><F110/><W55/><G112/><T100/><D3/><U81/><E107/><V49/><F33/><W35/><G35/><T67/><D82/><U125/><E130/><V88/><F23/><W1/><G133/><T104/><D39/><U64/><E132/><V51/><F29/><W115/><G115/><T102/><D47/><U8/><E125/><V101/><F101/><W73/><G14/><T15/><D18/><U28/><E64/><V85/><F85/><W66/><G66/><T19/><D19/><U46/><E81/><V98/><F98/><W21/><G21/><T43/><D43/><U103/><E8/><V0/><F51/><W135/><G135/><T60/><D60/><U68/><E68/><V7/><F7/><W108/><G6/><T86/><D86/><U48/><E22/><V134/><F134/><W61/><G61/><T34/><D34/><U30/><E103/><V36/><F36/><W84/><G124/><T109/><D109/><U41/><E93/><V13/><F13/><W75/><G108/><T89/><D89/><U94/><E94/><V122/><F126/><W31/><G31/><T114/><D114/><U91/><E91/><V97/><F97/><W118/><REACH who="3" step="1"/><G84/><REACH who="3" ten="263,343,257,127" step="2"/><T9/><D102/><U87/><E30/><V96/><F65/><AGARI ba="0,1" hai="9,15,16,58,59,62,63,65,67,92,95,99,100,104" machi="65" ten="30,3900,0" yaku="7,1,9,1,54,1" doraHai="113" who="0" fromWho="2" sc="263,49,343,0,257,-39,127,0" /><INIT seed="6,0,0,4,3,130" ten="312,343,218,127" oya="2" hai0="90,118,105,43,133,39,108,126,23,54,6,68,116" hai1="19,85,13,40,3,82,76,78,42,73,31,46,117" hai2="8,26,64,57,66,127,48,135,34,37,62,102,5" hai3="134,80,12,2,38,84,104,1,55,107,32,17,11"/><V101/><F37/><W61/><G38/><T27/><D105/><U99/><E3/><V65/><F127/><W14/><G32/><T4/><D68/><U56/><E117/><V7/><F48/><W20/><G107/><T18/><D90/><U53/><E73/><V49/><F49/><W50/><G104/><T93/><D93/><U115/><E115/><V120/><F120/><W22/><G61/><T88/><D88/><N who="1" m="51255" /><E31/><V41/><F41/><N who="1" m="15977" /><E46/><V114/><F114/><W9/><G1/><T67/><D54/><U45/><E45/><V100/><F34/><W119/><G2/><T35/><D67/><U87/><E99/><V10/><F26/><W75/><G75/><T70/><D70/><U94/><E94/><V129/><F129/><W77/><G119/><T103/><D35/><U51/><E87/><V91/><F91/><W72/><G72/><T59/><D103/><U113/><E113/><V121/><F121/><W63/><G63/><T106/><D106/><U47/><E47/><V15/><F66/><W16/><G134/><T60/><D133/><U89/><E89/><V0/><REACH who="2" step="1"/><F65/><REACH who="2" ten="312,343,208,127" step="2"/><W95/><REACH who="3" step="1"/><G95/><REACH who="3" ten="312,343,208,117" step="2"/><T92/><D92/><U28/><E28/><V122/><F122/><W25/><G25/><T110/><D27/><U29/><E29/><V111/><F111/><W132/><G132/><AGARI ba="0,2" hai="0,5,7,8,10,15,57,62,64,100,101,102,132,135" machi="132" ten="40,12000,1" yaku="1,1,52,2,53,2" doraHai="130" doraHaiUra="131" who="2" fromWho="3" sc="312,0,343,0,208,140,117,-120" owari="312,-9.0,343,14.0,348,45.0,-3,-50.0" /></mjloggm>