<mjloggm ver="2.3"><GO type="169" lobby="0"/><UN n0="%E5%B0%B1%E6%B4%BB%E7%94%9F%40%E5%B7%9D%E6%9D%91%E8%BB%8D%E5%9B%A3" n1="%E3%81%99%E3%81%BF%E3%82%84%E3%81%AB" n2="%E5%A4%A7%E5%AE%AE%E5%BF%8D%76" n3="%E7%8B%9B%E6%B1%9F%E7%A9%BA%E6%89%8B%EF%BC%91%E7%B4%9A" dan="17,18,16,17" rate="2168.57,2247.35,2180.89,2111.27" sx="M,M,M,M"/><TAIKYOKU oya="0"/><INIT seed="0,0,0,1,2,122" ten="250,250,250,250" oya="0" hai0="97,16,20,59,84,117,7,128,127,71,120,83,113" hai1="81,44,105,132,38,51,108,0,92,8,47,123,76" hai2="114,33,26,9,82,118,66,94,133,13,75,90,32" hai3="129,12,87,18,70,72,121,61,93,36,45,99,68"/><T130/><D120/><U11/><E123/><V119/><F114/><W23/><G72/><T39/><D71/><U131/><E105/><V111/><F66/><W62/><G121/><T106/><D39/><U125/><E125/><V115/><F115/><W29/><G129/><N who="0" m="49771" /><D117/><N who="2" m="44554" /><F133/><W3/><G3/><T102/><D113/><U101/><E131/><V88/><F111/><W69/><G87/><T42/><D7/><U124/><E108/><V109/><F109/><W40/><REACH who="3" step="1"/><G29/><REACH who="3" ten="250,250,250,240" step="2"/><T34/><D127/><U22/><E124/><V134/><F134/><W53/><G53/><T58/><D42/><U17/><E132/><V116/><F116/><W95/><G95/><T10/><D34/><U57/><E92/><V55/><F55/><W30/><G30/><T14/><D20/><U56/><E22/><V126/><F126/><W85/><G85/><T65/><D65/><U41/><E41/><V135/><F135/><W86/><G86/><T98/><D98/><U107/><E107/><V91/><F94/><W79/><G79/><AGARI ba="0,1" hai="10,14,16,58,59,79,83,84,97,102,106" m="49771" machi="79" ten="30,2900,0" yaku="19,1,54,1" doraHai="122" who="0" fromWho="3" sc="250,39,250,0,250,0,240,-29" /><INIT seed="0,1,0,3,4,128" ten="289,250,250,211" oya="0" hai0="88,18,20,35,54,133,17,95,22,70,96,40,120" hai1="56,6,59,71,45,115,14,4,24,132,102,99,76" hai2="85,77,68,64,60,10,100,38,0,19,101,98,65" hai3="114,27,109,93,2,12,52,3,75,36,103,41,72"/><T34/><D120/><U113/><E71/><V129/><F38/><W82/><G114/><N who="1" m="43530" /><E76/><V9/><F129/><W50/><G109/><T25/><D70/><U16/><E45/><V124/><F124/><W46/><G27/><T21/><D133/><U51/><E24/><V116/><F116/><W49/><G36/><T7/><D7/><N who="1" m="2603" /><E51/><V89/><F77/><W134/><G134/><T84/><D40/><U87/><E87/><V33/><F33/><W53/><G12/><T117/><D117/><U106/><E132/><V30/><F30/><W92/><G41/><T80/><D54/><U67/><E67/><V121/><F121/><W119/><G119/><T48/><D48/><U1/><E1/><V47/><F47/><W125/><G46/><T57/><D57/><U39/><E39/><V94/><F65/><W123/><G123/><T29/><REACH who="0" step="1"/><D35/><REACH who="0" ten="279,250,250,211" step="2"/><U90/><E59/><V28/><F68/><W83/><REACH who="3" step="1"/><G103/><AGARI ba="1,1" hai="17,18,20,21,22,25,29,34,80,84,88,95,96,103" machi="103" ten="40,7700,0" yaku="1,1,2,1,54,1,53,0" doraHai="128" doraHaiUra="61" who="0" fromWho="3" sc="279,90,250,0,250,0,211,-80" /><INIT seed="0,2,0,0,4,90" ten="369,250,250,131" oya="0" hai0="32,135,38,30,2,126,108,91,23,111,92,9,70" hai1="117,81,35,119,52,134,6,74,7,36,62,16,0" hai2="89,11,83,14,115,77,50,121,1,46,103,26,44" hai3="27,102,127,31,41,88,125,107,13,123,80,20,120"/><T100/><D70/><U128/><E35/><V124/><F115/><W17/><G41/><T95/><D38/><U66/><E36/><V51/><F121/><N who="3" m="46667" /><G102/><T34/><D135/><U57/><E134/><V39/><F124/><N who="3" m="47691" /><G107/><T43/><D43/><U84/><E74/><V4/><F103/><W122/><N who="3" m="46675" /><W116/><DORA hai="25" /><G80/><T65/><D65/><U59/><E128/><V55/><F1/><W110/><G88/><T29/><D126/><U24/><E0/><V82/><F39/><W28/><G110/><N who="0" m="42027" /><D23/><N who="1" m="13415" /><E119/><V106/><F106/><W113/><G113/><T10/><D100/><U99/><E117/><V42/><F77/><W21/><G116/><T72/><D72/><U130/><E130/><V53/><F42/><W69/><G69/><T68/><D68/><U12/><E12/><V71/><F26/><W104/><G104/><T47/><D47/><U94/><E99/><V87/><F71/><W54/><G54/><T67/><D67/><U129/><E129/><V3/><F3/><W5/><G5/><N who="0" m="1207" /><D10/><U97/><E66/><V114/><F114/><W131/><G131/><T76/><D76/><N who="1" m="46119" /><E59/><V118/><F118/><W8/><G8/><T18/><D18/><AGARI ba="2,0" hai="13,17,18,20,21,27,28,31" m="47691,46675" machi="18" ten="50,12000,2" yaku="13,1,18,1,34,2,52,2" doraHai="90,25" who="3" fromWho="0" sc="369,-126,250,0,250,0,131,126" /><INIT seed="1,0,0,1,5,111" ten="243,250,250,257" oya="1" hai0="69,135,88,60,100,127,75,53,99,115,14,6,30" hai1="40,55,81,64,96,87,8,85,27,84,22,58,101" hai2="91,76,72,77,113,2,18,28,104,86,59,46,102" hai3="20,16,36,110,5,71,25,61,79,107,39,52,126"/><U24/><E40/><V106/><F2/><W49/><G110/><T15/><D75/><U89/><E8/><V57/><F28/><W94/><G107/><T56/><D69/><U132/><E132/><V41/><F18/><W92/><G126/><T103/><D135/><U1/><E1/><V82/><F77/><W51/><G5/><T108/><D108/><U93/><E27/><V121/><F121/><W98/><G79/><T48/><D127/><U128/><E128/><V114/><F57/><N who="3" m="34983" /><G71/><T65/><D115/><N who="2" m="44042" /><F59/><W9/><G94/><N who="0" m="56775" /><D30/><U119/><E119/><V97/><F46/><W43/><G9/><N who="0" m="4407" /><D15/><U123/><E64/><V95/><F41/><W33/><G33/><T42/><D65/><U47/><E47/><AGARI ba="0,0" hai="42,47,48,53,56,60,100,103" m="4407,56775" machi="47" ten="30,2000,0" yaku="8,1,54,1" doraHai="111" who="0" fromWho="1" sc="243,20,250,-20,250,0,257,0" /><INIT seed="2,0,0,5,1,58" ten="263,230,250,257" oya="2" hai0="36,92,90,61,45,124,1,120,34,88,54,111,18" hai1="22,23,57,101,21,74,83,85,121,104,108,79,42" hai2="40,10,16,80,28,43,99,62,135,37,13,126,127" hai3="2,65,3,116,11,81,94,14,64,87,132,29,106"/><V48/><F37/><W31/><G106/><T6/><D120/><U56/><E121/><V114/><F114/><W51/><G116/><T59/><D34/><U55/><E108/><V110/><F135/><W95/><G132/><T46/><D111/><U102/><E42/><V33/><F110/><W30/><G51/><T52/><D124/><N who="2" m="47658" /><F99/><W89/><G2/><T117/><D117/><U39/><E39/><V63/><F80/><W103/><G3/><T115/><D115/><U9/><E74/><V35/><F43/><W123/><G123/><T91/><D36/><U86/><E104/><V93/><F93/><N who="3" m="35339" /><G103/><T50/><D45/><U119/><E86/><V113/><F113/><W131/><G131/><T24/><D6/><AGARI ba="0,0" hai="6,11,14,29,30,31,64,65,81,87,89" m="35339" machi="6" ten="30,1000,0" yaku="8,1" doraHai="58" who="3" fromWho="0" sc="263,-10,230,0,250,0,257,10" /><INIT seed="3,0,0,5,5,133" ten="253,230,250,267" oya="3" hai0="79,87,0,100,65,83,104,40,72,58,116,114,127" hai1="19,55,74,86,91,135,124,17,123,128,37,18,30" hai2="66,89,101,2,84,95,28,99,35,64,53,125,115" hai3="16,54,20,85,103,97,126,109,73,82,31,36,47"/><W41/><G126/><T90/><D0/><U110/><E74/><V11/><F115/><W96/><G73/><T9/><D116/><U68/><E123/><V60/><F2/><W26/><G109/><T132/><D132/><U71/><E37/><V94/><F11/><W118/><G118/><T8/><D114/><U24/><E135/><V52/><F66/><W27/><G54/><T61/><D40/><U33/><E128/><V42/><F42/><W7/><G7/><T92/><REACH who="0" step="1"/><D127/><REACH who="0" ten="243,230,250,267" step="2"/><U4/><E124/><V10/><F125/><W102/><G102/><T93/><D93/><U59/><E110/><V12/><F35/><W88/><G103/><T14/><D14/><U122/><E122/><V67/><F28/><W57/><G57/><T5/><D5/><U34/><E34/><AGARI ba="0,1" hai="16,20,26,27,31,34,36,41,47,82,85,88,96,97" machi="34" ten="30,5800,0" yaku="7,1,54,2" doraHai="133" who="3" fromWho="1" sc="243,0,230,-58,250,0,267,68" /><INIT seed="3,1,0,1,1,20" ten="243,172,250,335" oya="3" hai0="40,10,0,133,62,68,80,85,22,86,87,113,129" hai1="39,101,72,29,64,16,13,49,120,114,44,109,106" hai2="54,100,36,19,2,15,128,53,67,23,33,38,9" hai3="110,41,134,37,127,92,61,91,90,30,46,98,5"/><W70/><G127/><T122/><D122/><U123/><E114/><V52/><F128/><W55/><G134/><T89/><D129/><U74/><E39/><V83/><F33/><W117/><G117/><T99/><D113/><U45/><E109/><V50/><F100/><W73/><G73/><T31/><D133/><U82/><E64/><V66/><F50/><W11/><G30/><T78/><D40/><U119/><E119/><V88/><F36/><W43/><G43/><T34/><D34/><U26/><E45/><V69/><F38/><W93/><G110/><T118/><D118/><U124/><E124/><V4/><REACH who="2" step="1"/><F69/><REACH who="2" ten="243,172,240,335" step="2"/><W65/><G37/><T77/><D68/><U47/><E123/><V79/><F79/><W14/><G70/><T12/><D78/><U81/><E120/><V135/><F135/><W94/><G91/><T105/><D89/><U95/><E101/><V35/><F35/><W130/><G130/><T115/><D77/><U111/><E111/><V25/><F25/><W24/><G24/><T108/><D115/><U75/><E49/><V17/><F17/><W57/><G41/><T132/><D108/><U102/><E102/><V76/><F76/><W7/><G7/><T97/><D132/><U107/><E75/><V84/><AGARI ba="1,1" hai="2,4,9,15,19,23,52,53,54,66,67,83,84,88" machi="84" ten="30,12000,2" yaku="1,1,0,1,54,2,53,2" doraHai="20" doraHaiUra="60" who="2" fromWho="2" sc="243,-31,172,-31,240,133,335,-61" /><INIT seed="4,0,0,4,1,110" ten="212,141,373,274" oya="0" hai0="94,46,102,62,115,14,26,8,118,25,129,104,127" hai1="107,86,84,51,28,47,106,63,49,125,11,108,133" hai2="90,38,59,17,73,121,124,19,132,6,78,89,135" hai3="134,54,61,91,31,92,34,3,70,53,37,45,40"/><T80/><D118/><U48/><E108/><V96/><F121/><W64/><G134/><T43/><D104/><U112/><E133/><N who="2" m="51275" /><F124/><W119/><G119/><T126/><D129/><U75/><E75/><V13/><F38/><W5/><G31/><T58/><D80/><U95/><E125/><N who="0" m="47625" /><D94/><U21/><E47/><V117/><F117/><W66/><G34/><T122/><D102/><U52/><E11/><N who="2" m="4343" /><F59/><W55/><G66/><N who="0" m="39255" /><D122/><U12/><E107/><V109/><F109/><W16/><G3/><T0/><D0/><U120/><E106/><V9/><F9/><W57/><G5/><N who="0" m="3343" /><D115/><U44/><E112/><V114/><F114/><W4/><G4/><T42/><D42/><U24/><E120/><V116/><F116/><W65/><G65/><T100/><D100/><U131/><E131/><V82/><F90/><W1/><G1/><T29/><D29/><U67/><E95/><AGARI ba="0,0" hai="17,19,73,78,82,89,95,96" m="4343,51275" machi="95" ten="30,1000,0" yaku="20,1" doraHai="110" who="2" fromWho="1" sc="212,0,141,-10,373,10,274,0" /><INIT seed="5,0,0,3,2,49" ten="212,131,383,274" oya="1" hai0="30,9,23,114,74,33,126,85,73,99,88,16,55" hai1="90,110,11,128,125,93,63,56,34,105,117,35,100" hai2="123,104,59,57,7,22,122,21,20,25,131,24,124" hai3="69,92,89,8,68,95,96,67,112,109,78,36,106"/><U44/><E117/><V42/><F104/><W62/><G109/><T60/><D126/><U46/><E125/><V118/><F124/><W3/><G106/><T108/><D108/><U119/><E110/><V94/><F118/><W32/><G32/><T19/><D114/><U47/><E119/><V41/><F7/><W2/><G69/><T48/><D33/><U101/><E128/><V29/><F94/><W102/><G36/><T97/><D73/><U130/><E130/><V91/><F91/><W129/><G129/><T107/><D74/><U113/><E113/><V72/><F72/><W77/><G112/><T43/><D43/><U132/><E132/><V50/><F131/><W1/><REACH who="3" step="1"/><G8/><REACH who="3" ten="212,131,383,264" step="2"/><T71/><D107/><U64/><E105/><V4/><F122/><W17/><G17/><N who="0" m="6731" /><D71/><U10/><E35/><V38/><F123/><W26/><G26/><N who="0" m="16735" /><D60/><U66/><E34/><V40/><F38/><W127/><G127/><T120/><D9/><N who="1" m="3083" /><E66/><V103/><F4/><W87/><AGARI ba="0,1" hai="1,2,3,62,67,68,77,78,87,89,92,95,96,102" machi="87" ten="30,2000,0" yaku="1,1,0,1,53,0" doraHai="49" doraHaiUra="121" who="3" fromWho="3" sc="212,-5,131,-10,383,-5,264,30" /><INIT seed="6,0,0,0,3,31" ten="207,121,378,294" oya="2" hai0="33,63,114,44,61,41,118,43,105,125,55,96,98" hai1="18,66,126,80,3,97,94,28,29,120,57,95,25" hai2="93,4,6,35,109,52,14,13,107,135,1,77,16" hai3="92,99,123,45,85,53,84,17,115,75,19,132,30"/><V86/><F107/><W27/><G75/><T101/><D114/><U71/><E120/><V87/><F1/><W134/><G123/><T58/><D125/><U9/><E126/><V70/><F70/><W111/><G111/><T67/><D118/><U130/><E130/><V100/><F109/><W60/><G115/><T128/><D128/><U88/><E71/><V49/><F35/><W68/><G85/><N who="2" m="32265" /><F77/><W47/><G84/><T103/><D33/><U20/><E80/><V113/><F113/><W122/><G122/><T64/><D44/><U129/><E129/><V83/><F83/><W127/><G127/><T7/><D55/><U11/><E95/><V119/><F119/><W73/><G73/><T39/><D7/><U110/><E110/><V5/><F135/><W0/><G0/><T116/><D39/><U112/><E112/><V26/><F93/><W82/><G82/><T36/><D36/><U117/><E117/><V90/><F90/><N who="3" m="55703" /><G68/><T104/><D116/><U50/><E3/><V40/><F40/><W32/><G134/><T23/><D23/><U133/><E133/><V69/><F100/><W42/><G42/><T15/><D15/><U131/><E131/><V24/><F69/><AGARI ba="0,0" hai="41,43,58,61,63,64,67,69,96,98,101,103,104,105" machi="69" ten="30,2000,0" yaku="7,1,9,1" doraHai="31" who="0" fromWho="2" sc="207,20,121,0,378,-20,294,0" /><INIT seed="7,0,0,2,4,2" ten="227,121,358,294" oya="3" hai0="34,132,133,121,8,101,10,77,99,124,68,7,17" hai1="48,63,98,52,123,37,130,58,40,70,43,90,47" hai2="27,109,62,120,105,75,66,112,71,30,38,67,46" hai3="55,126,29,23,5,74,110,12,127,4,128,76,80"/><W57/><G128/><T119/><D68/><U122/><E98/><V3/><F109/><W79/><G79/><T131/><D119/><U59/><E90/><V25/><F25/><N who="3" m="16575" /><G12/><N who="0" m="7303" /><D34/><U89/><E89/><V22/><F75/><W116/><G116/><T82/><D121/><U114/><E130/><V41/><F120/><W28/><G28/><T72/><D131/><U45/><E114/><V94/><F3/><W50/><G110/><T18/><D18/><U53/><E70/><V97/><F112/><W87/><G74/><T19/><D19/><U49/><AGARI ba="0,0" hai="37,40,43,45,47,48,49,52,53,58,59,63,122,123" machi="49" ten="20,12000,2" yaku="0,1,7,1,34,3,54,1" doraHai="2" who="1" fromWho="1" sc="227,-30,121,120,358,-30,294,-60" owari="197,-30.0,241,4.0,328,43.0,234,-17.0" /></mjloggm>