<mjloggm ver="2.3"><GO type="169" lobby="0"/><UN n0="%E5%85%83%E6%B0%97%E4%B8%80%E7%99%BA" n1="%E8%B5%A4%E9%98%AA%E9%83%81%E4%B9%83" n2="%E3%82%A6%E3%83%AB%E3%83%88%E3%83%A9%E7%AB%8B%E7%9B%B4" n3="%E5%8D%97%E5%9B%BD%E9%9B%80" dan="16,16,16,17" rate="2063.61,2086.68,2097.20,2180.85" sx="F,F,M,M"/><TAIKYOKU oya="0"/><INIT seed="0,0,0,5,5,112" ten="250,250,250,250" oya="0" hai0="50,95,92,42,13,53,38,43,35,48,63,80,103" hai1="3,68,20,97,129,76,102,17,8,83,74,72,70" hai2="0,49,67,99,91,66,31,134,12,2,89,9,39" hai3="52,118,46,30,11,109,18,45,10,87,105,122,58"/><T114/><D114/><U133/><E133/><V59/><F39/><W119/><G105/><T37/><D35/><U126/><E126/><V125/><F125/><W7/><G109/><T79/><D63/><U135/><E135/><V69/><F134/><W93/><G30/><T86/><D38/><U117/><E129/><V64/><F69/><W82/><G93/><N who="0" m="35915" /><D37/><U84/><E68/><V6/><F99/><W115/><G115/><T116/><D103/><U36/><E36/><V78/><F78/><W107/><G107/><T130/><D130/><U65/><E65/><V88/><REACH who="2" step="1"/><F31/><REACH who="2" ten="250,250,240,250" step="2"/><W108/><G108/><T33/><D33/><U131/><E70/><V56/><F56/><W1/><G122/><T23/><D116/><U16/><E117/><V19/><F19/><W21/><G119/><T29/><D29/><U85/><E131/><V54/><AGARI ba="0,1" hai="0,2,6,9,12,49,54,59,64,66,67,88,89,91" machi="54" ten="40,5200,0" yaku="1,1,0,1,54,1,53,0" doraHai="112" doraHaiUra="71" who="2" fromWho="2" sc="250,-26,250,-13,240,62,250,-13" /><INIT seed="1,0,0,2,0,82" ten="224,237,302,237" oya="1" hai0="133,52,75,50,106,102,87,54,26,105,126,31,111" hai1="22,83,107,45,46,120,85,68,8,55,84,57,43" hai2="12,11,72,100,125,10,1,13,53,19,78,40,32" hai3="113,23,66,38,101,3,63,36,39,81,33,58,74"/><U2/><E107/><V135/><F100/><W28/><G113/><T17/><D75/><U117/><E117/><V20/><F78/><W73/><G33/><T6/><D6/><U42/><E68/><V114/><F72/><W131/><G131/><T7/><D7/><U0/><E120/><V109/><F53/><W119/><G119/><T71/><D71/><U41/><E8/><V94/><F94/><W29/><G3/><N who="1" m="1066" /><E83/><V96/><F96/><W99/><G81/><T132/><D17/><U69/><E69/><V65/><F40/><W14/><G29/><T35/><D102/><U51/><E22/><N who="2" m="11623" /><F65/><W59/><G59/><T104/><D54/><U24/><E55/><V103/><F103/><W5/><G5/><T18/><D52/><U61/><E61/><V4/><F114/><W116/><G116/><T91/><D50/><U27/><E51/><V134/><F32/><W98/><G98/><T47/><D47/><N who="1" m="17931" /><E57/><V93/><F20/><W76/><G76/><T44/><D44/><U9/><E9/><V112/><F112/><W130/><G74/><T95/><D104/><U110/><E110/><V21/><F21/><W25/><G73/><T92/><D111/><U127/><E127/><V122/><F122/><W15/><REACH who="3" step="1"/><G130/><REACH who="3" ten="224,237,302,227" step="2"/><T97/><D35/><U30/><E30/><V86/><F109/><W70/><G70/><T62/><D126/><U90/><E90/><N who="2" m="53463" /><F125/><W67/><G67/><T88/><D91/><U79/><E79/><V80/><F80/><W115/><G115/><T124/><D88/><U37/><E37/><V48/><F48/><W49/><G49/><RYUUKYOKU ba="0,1" sc="224,-30,237,10,302,10,227,10" hai1="24,27,41,42,43,84,85" hai2="1,4,10,11,13,134,135" hai3="14,15,23,25,28,36,38,39,58,63,66,99,101" /><INIT seed="1,1,1,2,4,91" ten="194,247,312,237" oya="1" hai0="40,3,1,63,26,45,36,38,33,75,19,56,102" hai1="78,100,29,113,134,30,44,18,85,111,59,14,86" hai2="43,132,71,68,7,131,108,129,58,66,103,5,64" hai3="88,98,41,27,28,105,46,80,112,106,47,2,125"/><U115/><E100/><V62/><F103/><W11/><G112/><T54/><D75/><U128/><E44/><V4/><F43/><W39/><G125/><T25/><D38/><U126/><E59/><V70/><F108/><W77/><G47/><T114/><D114/><U51/><E51/><V20/><F132/><W52/><G52/><T8/><D33/><U72/><E72/><V53/><REACH who="2" step="1"/><F20/><REACH who="2" ten="194,247,302,237" step="2"/><W42/><G42/><T73/><D102/><U74/><E134/><V37/><F37/><W24/><G39/><T118/><D36/><U130/><E111/><V90/><F90/><W107/><G41/><T50/><D40/><U116/><E78/><V57/><F57/><W23/><G46/><T117/><D45/><U83/><E115/><V104/><F104/><W95/><G106/><T124/><D56/><U61/><E113/><V6/><N who="2" m="1024" /><DORA hai="120" /><V87/><F87/><W99/><G107/><T135/><D135/><U34/><E86/><V31/><F31/><W22/><G105/><T48/><D117/><U21/><E85/><V122/><F122/><W123/><G123/><T79/><D118/><U96/><E116/><V16/><F16/><W109/><G109/><T49/><D19/><U15/><E18/><V65/><AGARI ba="1,2" hai="53,58,62,64,65,66,68,70,71,129,131" m="1024" machi="65" ten="60,8000,1" yaku="1,1,0,1,29,2,53,0" doraHai="91,120" doraHaiUra="13,82" who="2" fromWho="2" sc="194,-21,247,-41,302,103,237,-21" /><INIT seed="2,0,0,0,5,31" ten="173,206,405,216" oya="2" hai0="103,125,84,133,32,119,35,91,112,121,78,128,18" hai1="52,36,94,63,61,8,118,75,97,122,92,127,69" hai2="5,38,132,54,113,6,11,114,89,105,0,15,25" hai3="126,65,68,82,71,45,83,12,27,116,101,67,4"/><V80/><F105/><W53/><G116/><T117/><D121/><U1/><E118/><N who="0" m="45065" /><D112/><U104/><E75/><V51/><F38/><W56/><G101/><T90/><D125/><U129/><E36/><V66/><F66/><W77/><G126/><T72/><D128/><U28/><E127/><V131/><F131/><W39/><G27/><T57/><D133/><U58/><E122/><V120/><F120/><W10/><G82/><N who="0" m="45383" /><D103/><U19/><E28/><V17/><F132/><W115/><G115/><T111/><D111/><U42/><E42/><V24/><F0/><W93/><G93/><N who="0" m="54471" /><D91/><U48/><E129/><V21/><F25/><W106/><G106/><T95/><D95/><U107/><E94/><V14/><F14/><W79/><G79/><T50/><D18/><U30/><E30/><V34/><F113/><W130/><G130/><T44/><D57/><U59/><E69/><V49/><F114/><W73/><G71/><T88/><D88/><N who="1" m="55431" /><E107/><V40/><F89/><W33/><G68/><T102/><D102/><U134/><E104/><V86/><F86/><W76/><G76/><T37/><D37/><U96/><E134/><V109/><F109/><W23/><G39/><T124/><D124/><U108/><E108/><V22/><F80/><W41/><G83/><T13/><D13/><N who="1" m="7591" /><E1/><V60/><F5/><W9/><G4/><T100/><D100/><U62/><E96/><V99/><F99/><W47/><G77/><T3/><D3/><U29/><E29/><V16/><F6/><W135/><G135/><T20/><D20/><U85/><E85/><V74/><F22/><RYUUKYOKU ba="0,0" sc="173,15,206,15,405,-15,216,-15" hai0="32,35,44,50" hai1="48,52,58,59,61,62,63" /><INIT seed="3,1,0,5,5,82" ten="188,221,390,201" oya="3" hai0="64,109,25,24,88,4,39,96,52,112,84,76,2" hai1="60,49,23,104,69,127,95,72,121,44,46,71,130" hai2="108,124,123,20,97,85,132,26,80,40,68,116,45" hai3="6,101,32,13,100,16,74,0,10,41,50,92,43"/><W81/><G32/><T7/><D39/><U5/><E104/><V57/><F68/><W61/><G61/><T93/><D109/><U91/><E72/><V122/><F108/><W56/><G43/><T30/><D64/><U134/><E121/><N who="2" m="46091" /><F124/><W66/><G66/><T18/><D18/><U63/><E127/><V51/><F132/><W75/><G92/><T131/><D131/><U129/><E134/><V106/><F57/><W17/><G17/><T3/><D112/><U79/><E79/><N who="2" m="46239" /><F116/><W15/><G0/><T107/><D3/><U87/><E71/><V47/><F47/><W62/><G62/><T83/><D107/><U67/><E60/><V29/><F97/><W102/><G81/><T54/><D24/><U58/><E69/><V22/><F106/><W27/><G27/><T65/><D65/><U128/><E5/><N who="0" m="2121" /><D2/><U113/><E113/><V21/><AGARI ba="1,0" hai="20,21,22,26,29,40,45,51" m="46239,46091" machi="21" ten="30,2000,0" yaku="13,1,52,1" doraHai="82" who="2" fromWho="2" sc="188,-6,221,-6,390,23,201,-11" /><INIT seed="4,0,0,2,3,38" ten="182,215,413,190" oya="0" hai0="79,90,61,45,68,37,130,87,44,77,129,62,65" hai1="17,21,55,114,15,88,125,86,134,41,30,25,123" hai2="42,34,63,14,10,35,92,0,97,29,78,112,102" hai3="19,67,56,106,119,33,57,48,49,2,98,39,131"/><T53/><D77/><U128/><E123/><V118/><F0/><W103/><G119/><T13/><D79/><U5/><E134/><V104/><F118/><W84/><G39/><T113/><D113/><U36/><E114/><V11/><F112/><W7/><G33/><T110/><D110/><U71/><E71/><V100/><F78/><W99/><G99/><T58/><D13/><U24/><E128/><N who="0" m="49257" /><D37/><U81/><E125/><V40/><F29/><W76/><G131/><T16/><D16/><N who="1" m="10399" /><E36/><V107/><F63/><W52/><G19/><T8/><D8/><U91/><E5/><V133/><F14/><W4/><G2/><T27/><D27/><N who="1" m="10315" /><E30/><V75/><F75/><W127/><G127/><T115/><D115/><U64/><E17/><V116/><F116/><W6/><G67/><T69/><D68/><U3/><E3/><V95/><F97/><W73/><G73/><T72/><D72/><U31/><E31/><V105/><F105/><W51/><REACH who="3" step="1"/><G57/><REACH who="3" ten="182,215,413,180" step="2"/><T108/><D108/><U85/><E64/><V46/><F133/><W26/><G26/><T89/><D87/><U122/><E122/><V1/><F1/><W20/><G20/><T9/><D9/><U83/><E55/><V59/><F10/><W66/><G66/><T94/><D94/><U117/><E117/><V50/><F11/><W23/><G23/><T54/><D54/><U101/><E101/><V82/><F95/><W109/><G109/><T28/><D28/><U18/><E18/><V74/><F92/><W132/><G132/><T120/><D120/><U135/><E135/><V80/><F102/><RYUUKYOKU ba="0,1" sc="182,10,215,10,413,-30,180,10" hai0="44,45,53,58,61,62,65,69,89,90" hai1="41,81,83,85,86,88,91" hai3="4,6,7,48,49,51,52,56,76,84,98,103,106" /><INIT seed="4,1,1,4,4,80" ten="192,225,383,190" oya="0" hai0="101,74,41,131,59,38,133,50,31,25,49,13,104" hai1="132,14,67,94,32,48,99,56,115,2,75,79,69" hai2="22,44,86,109,0,78,10,51,125,83,8,87,20" hai3="111,62,119,21,105,47,4,129,108,66,57,77,68"/><T112/><D112/><U117/><E2/><V113/><F109/><W92/><G105/><T46/><D74/><U97/><E32/><V11/><F0/><W85/><G119/><T102/><D131/><U93/><E69/><V40/><F113/><W17/><G129/><T121/><D121/><U30/><E115/><V100/><F125/><W135/><G135/><T23/><D133/><U130/><E117/><V58/><F100/><W28/><G28/><T52/><D104/><U82/><E132/><V110/><F110/><W53/><G4/><T36/><D38/><U89/><E130/><V120/><F120/><W118/><G47/><T24/><D13/><U42/><E30/><V39/><F39/><W5/><G5/><T9/><D9/><U123/><E123/><V98/><F98/><W33/><G33/><T12/><D12/><U73/><E73/><V19/><F58/><W6/><G6/><T60/><D25/><U61/><E14/><V7/><F7/><W70/><G118/><T16/><D31/><U34/><E34/><V107/><F107/><W126/><G126/><T81/><D81/><U29/><E29/><V127/><F127/><W55/><G111/><T43/><D36/><U114/><E114/><V54/><F19/><W103/><G108/><T18/><D18/><U3/><E3/><V96/><F20/><W35/><G35/><T116/><D116/><U91/><E42/><N who="2" m="24983" /><F22/><W90/><G21/><T128/><D128/><U64/><E64/><V95/><F40/><W1/><G17/><T71/><D71/><U63/><E67/><V72/><F54/><AGARI ba="1,1" hai="48,54,56,61,63,75,79,82,89,91,93,94,97,99" machi="54" ten="40,2600,0" yaku="6,1,9,1" doraHai="80" who="1" fromWho="2" sc="192,0,225,39,383,-29,190,0" /><INIT seed="5,0,0,2,4,9" ten="192,264,354,190" oya="1" hai0="91,121,125,115,77,46,122,5,83,72,3,54,22" hai1="37,70,120,110,39,68,116,17,49,100,33,58,102" hai2="61,35,78,130,76,134,6,106,38,19,55,10,20" hai3="29,88,90,74,52,14,107,21,4,79,85,65,108"/><U87/><E116/><V60/><F38/><W128/><G108/><T127/><D115/><U2/><E33/><V15/><F106/><W129/><G107/><T94/><D3/><U30/><E120/><N who="0" m="46185" /><D5/><U71/><E2/><V92/><F35/><W45/><G65/><T69/><D69/><U67/><E30/><V73/><F73/><W28/><G74/><T59/><D46/><U8/><E110/><V48/><F130/><N who="3" m="50283" /><G79/><N who="2" m="30249" /><F92/><N who="3" m="54287" /><G90/><T118/><D118/><U32/><E32/><V99/><F99/><W7/><G7/><T36/><D36/><U105/><E87/><V117/><F134/><W18/><G4/><T104/><D104/><U50/><E105/><V81/><F81/><W113/><G113/><T114/><D114/><U93/><E93/><V82/><F82/><W1/><G1/><T111/><D111/><U41/><E71/><V89/><F89/><W24/><G24/><T57/><D94/><U101/><E101/><V42/><F117/><W123/><G123/><T119/><D91/><U25/><E25/><N who="2" m="14495" /><F42/><W40/><G40/><T95/><D119/><U97/><E41/><V103/><F103/><W16/><G18/><T43/><D95/><U26/><E17/><V31/><F31/><W23/><G23/><T86/><D43/><U124/><E100/><V47/><AGARI ba="0,0" hai="6,10,15,47,48,55,60,61" m="14495,30249" machi="47" ten="30,2000,0" yaku="8,1,52,1" doraHai="9" who="2" fromWho="2" sc="192,-5,264,-10,354,20,190,-5" /><INIT seed="6,0,0,2,4,67" ten="187,254,374,185" oya="2" hai0="68,123,41,11,25,30,125,64,77,73,99,120,5" hai1="4,104,92,10,8,80,86,18,85,88,16,6,103" hai2="39,40,59,17,102,1,49,95,93,75,56,47,24" hai3="133,60,110,84,108,12,29,131,15,28,79,127,72"/><V20/><F75/><W53/><G72/><T101/><D125/><U113/><E113/><V22/><F1/><W94/><G127/><T44/><D25/><U74/><E74/><V2/><F2/><W87/><G133/><T115/><D30/><U122/><E104/><V23/><F39/><W32/><G131/><T58/><D58/><U100/><E122/><V26/><F22/><W54/><G60/><N who="0" m="39943" /><D115/><U42/><E42/><V82/><F82/><W78/><G94/><N who="2" m="35849" /><F102/><N who="1" m="38953" /><E8/><V107/><F107/><W50/><G50/><T76/><D76/><N who="1" m="46215" /><E10/><V38/><F38/><W116/><G116/><T106/><D11/><U119/><E119/><V34/><F34/><AGARI ba="0,0" hai="12,15,28,29,32,34,53,54,78,79,84,87,108,110" machi="34" ten="25,1600,0" yaku="22,2" doraHai="67" who="3" fromWho="2" sc="187,0,254,0,374,-16,185,16" /><INIT seed="7,0,0,2,0,88" ten="187,254,358,201" oya="3" hai0="44,99,54,115,128,79,29,130,104,113,21,101,41" hai1="77,70,2,7,17,43,120,52,69,135,26,119,121" hai2="12,78,58,74,5,10,80,92,62,22,112,30,1" hai3="133,76,53,82,4,23,117,72,27,50,90,102,42"/><W122/><G122/><T60/><D79/><U28/><E43/><V56/><F112/><N who="0" m="43082" /><D29/><U134/><E77/><V40/><F40/><W18/><G117/><T81/><D81/><U64/><E119/><V3/><F92/><W132/><G102/><T11/><D21/><N who="1" m="15439" /><E17/><V85/><F56/><W110/><G110/><T86/><D86/><U37/><E52/><V63/><F62/><W51/><G4/><T87/><D87/><U9/><E37/><V68/><F68/><N who="1" m="26217" /><E64/><V114/><F74/><W65/><G65/><T129/><D11/><U111/><E111/><V55/><F114/><W126/><G90/><T19/><D19/><U84/><E84/><V39/><F39/><W109/><G109/><T20/><D20/><U116/><E116/><V71/><F71/><W46/><G126/><T66/><D54/><U25/><E25/><V127/><F78/><W83/><G83/><T13/><D13/><U49/><E49/><V15/><F80/><W75/><G75/><T24/><D24/><U97/><E97/><V16/><F3/><W35/><G35/><T96/><D96/><U94/><E121/><V32/><F1/><W108/><G108/><T123/><D123/><U31/><E120/><V93/><F32/><W73/><G73/><T38/><D66/><U0/><E0/><V61/><F5/><W59/><AGARI ba="0,0" hai="18,23,27,42,46,50,51,53,59,72,76,82,132,133" machi="59" ten="30,1500,0" yaku="0,1" doraHai="88" who="3" fromWho="3" sc="187,-5,254,-5,358,-5,201,15" /><INIT seed="7,1,0,1,1,29" ten="182,249,353,216" oya="3" hai0="87,42,123,36,30,134,2,81,11,62,33,56,59" hai1="135,115,74,70,64,46,44,128,91,107,34,32,72" hai2="133,37,41,120,16,54,112,124,26,51,75,67,47" hai3="102,27,84,35,86,82,83,119,14,110,132,104,39"/><W17/><G119/><T127/><D123/><U80/><E107/><V95/><F75/><W7/><G39/><T5/><D134/><U101/><E101/><V65/><F133/><W43/><G43/><T50/><D36/><U122/><E122/><V31/><F120/><W9/><G132/><T117/><D117/><U105/><E105/><V52/><F112/><W111/><G102/><T108/><D108/><N who="3" m="41513" /><G104/><T106/><D106/><U57/><E70/><V23/><F124/><W126/><G126/><T63/><D127/><U73/><E135/><V118/><F118/><W77/><G17/><T55/><D42/><U121/><E121/><V48/><F16/><W98/><G98/><T4/><D4/><U116/><E116/><V78/><F41/><W60/><G60/><T6/><D6/><U18/><E18/><V100/><F37/><W0/><G0/><T97/><D97/><U129/><E115/><V89/><F100/><W79/><G27/><T3/><D3/><U114/><E114/><V19/><F19/><W66/><G66/><T94/><D94/><U24/><E24/><V109/><F109/><W40/><G40/><T96/><D96/><U76/><E64/><V90/><F67/><W45/><G45/><N who="1" m="17514" /><E57/><V58/><F65/><W8/><G8/><T113/><D113/><U53/><E53/><V25/><F25/><W38/><G38/><T21/><D59/><U93/><E73/><V15/><F15/><W71/><G71/><T99/><D99/><N who="1" m="57791" /><E74/><V10/><F10/><W12/><G12/><T69/><D69/><U130/><AGARI ba="1,0" hai="32,34,72,76,80,128,129,130" m="57791,17514" machi="130" ten="40,5200,0" yaku="19,1,52,2" doraHai="29" who="1" fromWho="1" sc="182,-14,249,55,353,-14,216,-27" owari="168,-33.0,304,10.0,339,44.0,189,-21.0" /></mjloggm>