<mjloggm ver="2.3"><GO type="169" lobby="0"/><UN n0="%E5%B0%B1%E6%B4%BB%E7%94%9F%40%E5%B7%9D%E6%9D%91%E8%BB%8D%E5%9B%A3" n1="%67%73%6B%67%33" n2="%42%61%72%64%61%6E%74" n3="%57%49%4E%E7%A5%9E" dan="17,16,16,16" rate="2171.82,2118.21,2097.74,2052.58" sx="M,M,M,M"/><TAIKYOKU oya="0"/><INIT seed="0,0,0,2,5,17" ten="250,250,250,250" oya="0" hai0="74,58,77,105,120,5,53,81,46,119,11,86,6" hai1="47,75,43,12,50,97,98,90,19,106,10,33,129" hai2="122,34,79,60,8,13,85,9,56,131,95,96,66" hai3="124,80,14,27,91,28,93,21,112,39,109,73,52"/><T113/><D119/><U7/><E33/><V100/><F131/><W70/><G112/><T71/><D71/><U57/><E75/><V78/><F122/><W23/><G109/><T88/><D113/><U48/><E129/><V127/><F127/><W103/><G124/><T65/><D105/><U32/><E32/><V42/><F34/><W126/><G126/><T111/><D120/><U40/><E106/><V49/><F85/><N who="3" m="50599" /><G39/><T51/><D111/><U55/><E43/><V24/><F24/><N who="3" m="16399" /><G70/><T1/><D5/><U4/><REACH who="1" step="1"/><E90/><REACH who="1" ten="250,240,250,250" step="2"/><V22/><F78/><W83/><G73/><T128/><D128/><U118/><E118/><V62/><F79/><W18/><G83/><T130/><D130/><U45/><E45/><V76/><F76/><W31/><G103/><T134/><D134/><U61/><E61/><V94/><F62/><W25/><G31/><T30/><D30/><U107/><E107/><V20/><F100/><W63/><G93/><T44/><D65/><U114/><E114/><V104/><F66/><W92/><G92/><AGARI ba="0,1" hai="1,6,11,44,46,51,53,58,74,77,81,86,88,92" machi="92" ten="30,2900,0" yaku="7,1,54,1" doraHai="17" who="0" fromWho="3" sc="250,39,240,0,250,0,250,-29" /><INIT seed="0,1,0,3,0,133" ten="289,240,250,221" oya="0" hai0="72,118,105,80,53,18,62,108,59,71,97,94,27" hai1="91,55,103,127,33,106,12,13,5,125,70,21,40" hai2="24,30,76,122,3,26,8,34,20,57,6,52,89" hai3="120,129,102,75,67,41,107,73,31,90,4,22,104"/><T134/><D118/><U25/><E70/><V79/><F122/><W68/><G120/><T65/><D134/><U45/><E33/><V84/><F89/><W81/><G129/><T60/><D108/><U35/><E35/><V96/><F96/><W64/><G41/><T38/><D38/><U50/><E106/><V56/><F84/><W132/><G4/><T69/><D105/><U114/><E103/><V47/><F47/><W92/><G132/><T121/><D121/><U123/><E123/><V86/><F86/><W85/><G68/><T95/><D71/><U9/><E114/><V54/><F57/><W14/><G107/><T100/><D94/><U77/><E77/><V115/><F115/><W117/><G117/><T111/><D111/><U49/><E13/><V32/><F54/><W42/><G42/><T109/><D109/><U126/><E91/><V78/><REACH who="2" step="1"/><F26/><REACH who="2" ten="289,240,240,221" step="2"/><W16/><G75/><T110/><D110/><U10/><E55/><V44/><F44/><W119/><G73/><T101/><D72/><U93/><E45/><V43/><F43/><W0/><G119/><T113/><D113/><U99/><E40/><V7/><F7/><W61/><G90/><N who="0" m="55543" /><D80/><U88/><E5/><V116/><F116/><W135/><G81/><T98/><D98/><U46/><E46/><V63/><AGARI ba="1,1" hai="3,6,8,20,24,30,32,34,52,56,63,76,78,79" machi="63" ten="30,4000,0" yaku="1,1,0,1,54,1,53,0" doraHai="133" doraHaiUra="131" who="2" fromWho="2" sc="289,-21,240,-11,240,53,221,-11" /><INIT seed="1,0,0,0,2,62" ten="268,229,293,210" oya="1" hai0="110,43,7,15,114,38,133,34,101,0,84,117,124" hai1="36,13,70,60,94,63,80,98,14,111,9,8,53" hai2="19,1,55,82,102,79,5,119,73,57,47,90,65" hai3="122,56,48,40,75,26,97,51,21,61,58,72,32"/><U77/><E36/><V112/><F119/><W28/><G122/><T54/><D54/><U106/><E106/><V35/><F35/><W86/><G32/><T10/><D84/><U74/><E70/><V2/><F102/><W27/><G97/><T39/><D15/><U89/><E111/><V20/><F112/><W131/><G131/><T29/><D114/><U126/><E126/><V33/><F33/><W6/><G6/><T11/><D11/><U17/><REACH who="1" step="1"/><E53/><REACH who="1" ten="268,219,293,210" step="2"/><V71/><F71/><W104/><G104/><T41/><D39/><U132/><E132/><V46/><F55/><W91/><G40/><T108/><D38/><U68/><E68/><V22/><F47/><W64/><G58/><T88/><D43/><U113/><E113/><V78/><F46/><W59/><G56/><T130/><D41/><U49/><E49/><V31/><F57/><W66/><G51/><T120/><D124/><U127/><E127/><V24/><F1/><W44/><G48/><T135/><D135/><U128/><E128/><V109/><F2/><W16/><G44/><T107/><D130/><U123/><E123/><V45/><F45/><W18/><G59/><T67/><D120/><U100/><E100/><V30/><F109/><W99/><G61/><T85/><D133/><U37/><E37/><V52/><F52/><W121/><G121/><T96/><D108/><U83/><E83/><V12/><F82/><W105/><G105/><T50/><D110/><U116/><E116/><V3/><F3/><W125/><G125/><T81/><D117/><U134/><E134/><V69/><F69/><RYUUKYOKU ba="0,1" sc="268,-10,219,30,293,-10,210,-10" hai1="8,9,13,14,17,60,63,74,77,80,89,94,98" /><INIT seed="1,1,1,0,1,121" ten="258,249,283,200" oya="1" hai0="120,119,9,130,23,61,73,20,72,111,55,45,2" hai1="27,127,67,15,68,4,34,75,96,14,39,24,62" hai2="3,115,52,107,118,88,86,21,93,63,80,38,36" hai3="64,7,76,44,22,16,124,37,114,66,135,131,13"/><U31/><E75/><V94/><F107/><W51/><G114/><T134/><D119/><U110/><E39/><V123/><F118/><W116/><G116/><T54/><D2/><U132/><E132/><V89/><F3/><W8/><G135/><T97/><D97/><U128/><E128/><V35/><F35/><W95/><G131/><T100/><D100/><U40/><E40/><V125/><F125/><W57/><G124/><T98/><D98/><U90/><E127/><V11/><F11/><W48/><G76/><T82/><D9/><U85/><E4/><V28/><F80/><W87/><G37/><T84/><D134/><U10/><E27/><V102/><F102/><W129/><G129/><T1/><D1/><U79/><E79/><V109/><F28/><W126/><G126/><T78/><D130/><U60/><E60/><V122/><F21/><W56/><G66/><T59/><D120/><U106/><E10/><V99/><F115/><W32/><G32/><T117/><D117/><U29/><E29/><V91/><F91/><N who="3" m="53759" /><G64/><T112/><D112/><U113/><E113/><V105/><F105/><W42/><G51/><N who="0" m="29039" /><D72/><U108/><E106/><V81/><F123/><W101/><G101/><T53/><D73/><U83/><REACH who="1" step="1"/><E96/><REACH who="1" ten="258,239,283,200" step="2"/><V26/><F99/><W58/><G7/><T103/><D78/><U65/><E65/><V6/><F122/><W50/><G8/><T104/><D104/><U92/><E92/><V46/><F94/><W69/><G50/><T12/><D61/><U33/><E33/><V43/><F93/><W70/><G42/><T47/><D55/><RYUUKYOKU ba="1,2" sc="258,-15,239,15,283,-15,200,15" hai1="14,15,24,31,34,62,67,68,83,85,90,108,110" hai3="13,16,22,44,48,56,57,58,69,70" /><INIT seed="1,2,2,3,3,20" ten="243,254,268,215" oya="1" hai0="6,116,4,64,109,89,24,22,10,15,9,21,130" hai1="2,97,70,33,27,107,35,99,96,48,7,59,123" hai2="23,91,82,133,69,84,94,42,31,53,38,0,132" hai3="11,30,119,87,77,74,36,135,55,85,121,100,134"/><U80/><E123/><V13/><F0/><W60/><G121/><T113/><D116/><U71/><E107/><V120/><F120/><W128/><G119/><T46/><D113/><U68/><E80/><V37/><F69/><W5/><G36/><T114/><D114/><U72/><E72/><V110/><F110/><W93/><G128/><T14/><D109/><U61/><E48/><V17/><F31/><W47/><G30/><T50/><D130/><U51/><E51/><V122/><F122/><W28/><G28/><T88/><D64/><U3/><E7/><V45/><F38/><W18/><G18/><N who="0" m="12343" /><D22/><U124/><E124/><V66/><F66/><W1/><G74/><T41/><AGARI ba="2,2" hai="4,6,9,10,14,15,41,46,50,88,89" m="12343" machi="41" ten="30,4000,0" yaku="8,1,52,1,54,1" doraHai="20" who="0" fromWho="0" sc="243,66,254,-22,268,-12,215,-12" /><INIT seed="2,0,0,4,2,71" ten="309,232,256,203" oya="2" hai0="43,19,30,104,64,11,122,77,107,63,20,54,42" hai1="13,113,60,49,116,40,79,131,129,37,52,31,66" hai2="57,15,14,82,112,3,6,46,29,115,80,27,8" hai3="17,18,126,128,105,78,41,62,121,50,83,133,125"/><V93/><F115/><W16/><G121/><T21/><D122/><U55/><E31/><V111/><F112/><W110/><G110/><T99/><D77/><U132/><E113/><V0/><F111/><W94/><G105/><T88/><D104/><U12/><E79/><V53/><F93/><W2/><G133/><T90/><D107/><U86/><E86/><V119/><F119/><W96/><G128/><N who="1" m="49226" /><E116/><V76/><F46/><N who="3" m="25935" /><G62/><T34/><D34/><U33/><E33/><V4/><F82/><W114/><G2/><T91/><D99/><U10/><E132/><V75/><F4/><W85/><G114/><T108/><D108/><U25/><E25/><V65/><F65/><W120/><G120/><T44/><D30/><U118/><E118/><V45/><F45/><W92/><G96/><T47/><D11/><U72/><E72/><V89/><F0/><W106/><G106/><T123/><D123/><U7/><E49/><V68/><F68/><W28/><G28/><T84/><D84/><U36/><E13/><V1/><F1/><W59/><G59/><N who="0" m="36991" /><D21/><U35/><E35/><V117/><F117/><W26/><G26/><N who="0" m="14623" /><D47/><N who="1" m="23943" /><E37/><V56/><F3/><W95/><G126/><T32/><D32/><U73/><E73/><V39/><F75/><W134/><G134/><T51/><AGARI ba="0,0" hai="42,43,44,51,54,88,90,91" m="14623,36991" machi="51" ten="30,2000,0" yaku="8,1,54,1" doraHai="71" who="0" fromWho="0" sc="309,20,232,-5,256,-10,203,-5" /><INIT seed="3,0,0,5,2,116" ten="329,227,246,198" oya="3" hai0="59,108,52,109,15,19,85,1,67,82,119,121,74" hai1="92,12,6,127,124,25,28,56,57,66,18,113,118" hai2="106,24,47,45,35,97,83,68,40,72,126,77,88" hai3="102,75,103,107,131,104,96,93,80,78,73,71,101"/><W26/><G71/><T64/><D119/><U9/><E118/><V60/><F126/><N who="1" m="48169" /><E113/><V42/><F45/><W11/><G131/><T58/><D1/><N who="1" m="207" /><E66/><N who="0" m="25129" /><D121/><U23/><E92/><V129/><F129/><W70/><G26/><T76/><D74/><N who="3" m="28169" /><G11/><AGARI ba="0,0" hai="11,12,18,23,25,28,56,57" m="207,48169" machi="11" ten="30,1000,0" yaku="18,1" doraHai="116" who="1" fromWho="3" sc="329,0,227,10,246,0,198,-10" /><INIT seed="4,0,0,5,2,35" ten="329,237,246,188" oya="0" hai0="133,45,87,65,37,69,38,48,99,109,64,80,66" hai1="54,105,98,43,55,20,114,15,63,21,115,132,100" hai2="90,81,75,0,104,30,50,78,128,111,76,95,60" hai3="39,18,51,5,67,134,34,62,82,74,3,56,77"/><T14/><D109/><U131/><E131/><V119/><F104/><W68/><G134/><T125/><D69/><U107/><E132/><V52/><F111/><W8/><G34/><T27/><D125/><U110/><E110/><V25/><F128/><W92/><G39/><T123/><D123/><U19/><E43/><V129/><F78/><W86/><G18/><T71/><D71/><U118/><E118/><V1/><F60/><W11/><G8/><T6/><D99/><U127/><E127/><V23/><F129/><W122/><G122/><T58/><D58/><U7/><E7/><V85/><F119/><W89/><G51/><T124/><D27/><U46/><E107/><V126/><F126/><W120/><G120/><T83/><D83/><U103/><E103/><V91/><F91/><W41/><G41/><T49/><D49/><U84/><E84/><V117/><F117/><W29/><REACH who="3" step="1"/><G68/><REACH who="3" ten="329,237,246,178" step="2"/><T88/><D133/><U12/><E19/><V106/><REACH who="2" step="1"/><F106/><REACH who="2" ten="329,237,236,178" step="2"/><W61/><G61/><T135/><D124/><U53/><E63/><V40/><F40/><W57/><G57/><AGARI ba="0,2" hai="0,1,23,25,30,50,52,57,75,76,81,85,90,95" machi="57" ten="30,8000,1" yaku="1,1,7,1,52,2,54,1,53,0" doraHai="35" doraHaiUra="4" who="2" fromWho="3" sc="329,0,237,0,236,100,178,-80" /><INIT seed="5,0,0,4,2,28" ten="329,237,336,98" oya="1" hai0="86,21,41,49,111,3,98,53,101,108,100,18,35" hai1="89,105,80,38,48,79,113,65,68,87,82,52,15" hai2="22,97,106,102,129,29,107,88,84,93,13,4,133" hai3="94,109,11,126,30,75,118,1,9,0,55,115,23"/><U32/><E38/><V36/><F36/><W67/><G109/><T95/><D35/><U34/><E105/><V132/><F129/><W122/><G122/><T57/><D3/><U116/><E116/><V45/><F45/><W64/><G75/><T78/><D41/><U90/><E113/><V6/><F107/><W7/><G115/><T33/><D33/><U14/><E65/><V2/><F2/><W104/><G104/><T43/><D43/><U73/><E68/><V130/><F130/><W27/><G118/><T125/><D125/><U19/><E90/><V37/><F37/><W134/><G126/><T110/><D78/><U76/><E76/><V5/><F13/><W135/><G55/><T123/><D123/><U61/><E61/><V99/><F99/><W25/><G94/><T91/><REACH who="0" step="1"/><D98/><REACH who="0" ten="319,237,336,98" step="2"/><U124/><E124/><V103/><F97/><W8/><G67/><T66/><D66/><U40/><E40/><V92/><F133/><N who="3" m="50699" /><G64/><T70/><D70/><U114/><E114/><V42/><F42/><W117/><G117/><T59/><D59/><U120/><E120/><V56/><F56/><W31/><G0/><T71/><D71/><U121/><E121/><V60/><F132/><W112/><G112/><T12/><AGARI ba="0,1" hai="12,18,21,49,53,57,86,91,95,100,101,108,110,111" machi="12" ten="30,7900,0" yaku="1,1,0,1,25,2,53,0" doraHai="28" doraHaiUra="39" who="0" fromWho="0" sc="319,89,237,-39,336,-20,98,-20" /><INIT seed="6,0,0,4,3,64" ten="408,198,316,78" oya="2" hai0="92,94,32,86,80,98,53,17,115,65,87,40,55" hai1="76,121,100,73,69,57,125,22,8,43,59,28,39" hai2="30,38,41,56,110,108,135,9,25,3,89,111,103" hai3="48,129,60,2,12,45,118,106,24,85,10,34,42"/><V117/><F117/><W5/><G118/><T123/><D32/><U82/><E100/><V54/><F135/><W130/><G106/><T119/><D123/><U19/><E28/><V70/><F103/><W88/><G60/><T23/><D119/><U102/><E102/><V112/><F112/><W33/><G2/><T61/><D40/><U81/><E81/><V20/><F89/><W52/><G42/><T29/><D29/><U66/><E8/><V128/><F128/><W71/><G71/><T90/><D90/><U75/><E75/><V14/><F3/><W0/><G0/><T79/><D115/><U31/><E31/><V15/><F70/><W63/><G24/><T74/><D87/><U46/><E125/><V84/><F84/><W26/><G26/><T114/><D74/><U124/><E124/><V104/><F104/><W122/><G63/><T27/><D114/><U1/><E1/><V13/><F41/><W77/><G77/><T7/><D7/><U11/><E11/><V95/><F95/><N who="0" m="36394" /><D98/><U131/><E131/><N who="3" m="50186" /><G122/><T120/><D120/><U116/><E116/><V105/><F105/><W21/><G21/><T37/><D37/><U107/><E107/><V18/><REACH who="2" step="1"/><F38/><REACH who="2" ten="408,198,306,78" step="2"/><W133/><G133/><T58/><AGARI ba="0,1" hai="17,23,27,53,55,58,61,65,79,80,86" m="36394" machi="58" ten="30,1100,0" yaku="8,1" doraHai="64" who="0" fromWho="0" sc="408,21,198,-3,306,-5,78,-3" /><INIT seed="7,0,0,3,3,10" ten="429,195,301,75" oya="3" hai0="85,25,106,103,108,127,75,104,20,70,35,115,41" hai1="61,125,119,16,105,100,28,46,110,49,18,31,107" hai2="59,102,0,67,53,32,135,57,1,84,129,4,39" hai3="50,83,14,91,27,29,37,128,120,131,21,76,86"/><W124/><G37/><T134/><D41/><U12/><E110/><V26/><F39/><W51/><G120/><T22/><D22/><U52/><E100/><V94/><F32/><W24/><G124/><T62/><D85/><U89/><E125/><V44/><F67/><W17/><G76/><T19/><D19/><U92/><E18/><V72/><F72/><W7/><G7/><T45/><D45/><U97/><E107/><V58/><F102/><W11/><REACH who="3" step="1"/><G27/><REACH who="3" ten="429,195,301,65" step="2"/><T132/><D25/><U13/><E119/><V126/><F26/><W60/><G60/><T82/><D62/><U111/><E61/><V95/><F4/><W71/><G71/><T113/><D70/><U42/><E111/><V43/><F126/><W101/><G101/><T87/><D103/><U3/><E105/><V99/><F129/><AGARI ba="0,1" hai="11,14,17,21,24,29,50,51,83,86,91,128,129,131" machi="129" ten="40,7700,0" yaku="1,1,19,1,52,1,53,0" doraHai="10" doraHaiUra="88" who="3" fromWho="2" sc="429,0,195,0,301,-77,65,87" /><INIT seed="7,1,0,1,2,125" ten="429,195,224,152" oya="3" hai0="12,135,8,128,93,133,96,94,100,120,55,42,80" hai1="44,19,101,70,103,16,134,66,33,71,0,50,92" hai2="22,11,15,122,126,98,27,69,116,79,3,86,29" hai3="97,109,67,119,10,102,123,38,60,121,65,99,1"/><W77/><G119/><T39/><D128/><U57/><E33/><V41/><F69/><W18/><G109/><T127/><D127/><U90/><E0/><V43/><F3/><W20/><G38/><T32/><D32/><U58/><E134/><N who="0" m="51209" /><D120/><U37/><E37/><V132/><F126/><W111/><G111/><T113/><D113/><U105/><E105/><V35/><F35/><W73/><G73/><T53/><D80/><U74/><E74/><V87/><F132/><W23/><G77/><T51/><D39/><U13/><E71/><V84/><F116/><W62/><G1/><T129/><D129/><U61/><E58/><V112/><F112/><W88/><G10/><T28/><D28/><U110/><E70/><V78/><F98/><W45/><G102/><N who="1" m="38922" /><E13/><V108/><F108/><W14/><G45/><N who="0" m="26039" /><D94/><U85/><E110/><V5/><F122/><W68/><G20/><T54/><D54/><AGARI ba="1,0" hai="16,19,44,50,54,57,61,66,85,90,92" m="38922" machi="54" ten="30,2000,0" yaku="8,1,54,1" doraHai="125" who="1" fromWho="0" sc="429,-23,195,23,224,0,152,0" owari="406,51.0,218,-18.0,224,2.0,152,-35.0" /></mjloggm>