<mjloggm ver="2.3"><GO type="169" lobby="0"/><UN n0="%E7%A7%81%E3%81%AF%E3%81%8C%E3%81%A1%E3%81%BB%E3%82%82" n1="%E3%81%BF%E3%81%A3%E3%81%8F%E3%82%8D%E3%83%BC%E3%82%93" n2="%E3%83%88%E3%83%88%E3%83%AA%E5%85%88%E7%94%9F%31%39%E6%AD%B3" n3="%73%61%69%72%61%73%75" dan="16,16,18,17" rate="2091.49,2045.88,2191.40,2137.43" sx="M,M,F,M"/><TAIKYOKU oya="0"/><INIT seed="0,0,0,3,3,32" ten="250,250,250,250" oya="0" hai0="104,99,74,88,35,2,50,27,90,18,47,93,127" hai1="57,111,91,6,109,107,8,26,97,98,71,41,17" hai2="58,16,19,95,123,83,1,20,84,53,80,75,115" hai3="4,25,121,134,132,54,122,103,65,112,114,124,15"/><T68/><D68/><U31/><E71/><V34/><F123/><N who="3" m="47115" /><G65/><T133/><D74/><U40/><E17/><V72/><F115/><N who="3" m="44075" /><G54/><T48/><D104/><U61/><E97/><V101/><F34/><W116/><G103/><T42/><D133/><N who="3" m="51305" /><G116/><T49/><D127/><U46/><E107/><V117/><F117/><W11/><G25/><T62/><D2/><U119/><E119/><V30/><F1/><W23/><G23/><N who="0" m="13815" /><D35/><U96/><E26/><N who="2" m="16711" /><F101/><W131/><G131/><T76/><D76/><U38/><E31/><V10/><F53/><W106/><G106/><T39/><D39/><U7/><E38/><V33/><F33/><W14/><G14/><T28/><D28/><U110/><E91/><N who="0" m="34857" /><D62/><U64/><E64/><V52/><F84/><W22/><G22/><T82/><D82/><N who="2" m="31274" /><F75/><W86/><G86/><T105/><D105/><U45/><E61/><N who="2" m="36039" /><F72/><W128/><G128/><T85/><D85/><U24/><E24/><V100/><F100/><AGARI ba="0,0" hai="42,47,48,49,50,93,99,100" m="34857,13815" machi="100" ten="30,2900,0" yaku="8,1,54,1" doraHai="32" who="0" fromWho="2" sc="250,29,250,0,250,-29,250,0" /><INIT seed="0,1,0,2,2,105" ten="279,250,221,250" oya="0" hai0="99,121,34,83,132,59,87,61,52,58,44,124,90" hai1="97,54,64,134,80,108,82,18,17,94,32,86,123" hai2="46,75,3,42,33,1,7,20,101,118,85,45,48" hai3="35,104,23,73,19,31,93,89,74,115,130,128,6"/><T129/><D34/><U66/><E123/><V13/><F33/><W40/><G104/><T0/><D0/><U50/><E32/><V10/><F118/><W41/><G115/><T60/><D121/><U22/><E134/><V135/><F135/><W26/><G6/><T39/><D132/><U125/><E125/><V14/><F75/><N who="3" m="28683" /><G93/><T65/><D124/><U107/><E107/><V95/><F3/><W122/><G89/><T49/><D39/><U77/><E82/><V38/><F20/><W30/><G122/><T103/><D129/><N who="3" m="49769" /><G31/><T27/><D27/><AGARI ba="1,0" hai="19,23,26,27,30,35,40,41" m="49769,28683" machi="27" ten="30,7700,0" yaku="19,1,52,3" doraHai="105" who="3" fromWho="0" sc="279,-80,250,0,221,0,250,80" /><INIT seed="1,0,0,2,2,133" ten="199,250,221,330" oya="1" hai0="31,64,43,38,16,49,102,57,13,111,113,45,110" hai1="65,84,100,130,131,21,134,30,72,96,120,55,54" hai2="85,125,86,1,76,15,79,127,109,40,121,25,61" hai3="73,94,71,122,118,92,53,74,58,32,63,77,18"/><U66/><E72/><V27/><F121/><W108/><G122/><T39/><D31/><U11/><E134/><V80/><F1/><W83/><G32/><T48/><D102/><U95/><E120/><V44/><F109/><N who="0" m="41482" /><D113/><U17/><E84/><V75/><F15/><W23/><G108/><T51/><D13/><N who="1" m="9391" /><E11/><V35/><F61/><W112/><G112/><T62/><D16/><U34/><E34/><V91/><F75/><W104/><G104/><T50/><AGARI ba="0,0" hai="38,39,43,45,48,49,50,51,57,62,64" m="41482" machi="50" ten="30,4000,0" yaku="14,1,34,2" doraHai="133" who="0" fromWho="0" sc="199,40,250,-20,221,-10,330,-10" /><INIT seed="2,0,0,1,5,102" ten="239,230,211,320" oya="2" hai0="114,68,3,0,79,113,43,51,8,10,90,104,17" hai1="74,103,23,4,27,60,132,59,100,101,2,7,85" hai2="62,48,49,5,128,127,87,109,66,13,72,129,61" hai3="117,47,15,78,76,111,14,94,39,133,1,24,84"/><V98/><F72/><W135/><G1/><T134/><D51/><U77/><E74/><V34/><F34/><W11/><G117/><T28/><D43/><U86/><E132/><N who="3" m="50762" /><G111/><T19/><D90/><U118/><E118/><V107/><F127/><W82/><G24/><T112/><D68/><U81/><E86/><V9/><F109/><W45/><G14/><T110/><D110/><U37/><E37/><V22/><F87/><N who="3" m="48583" /><G39/><T41/><D41/><U108/><E2/><N who="0" m="553" /><D28/><U38/><E38/><V99/><F22/><W40/><G40/><T64/><D64/><U83/><E83/><V25/><F25/><W16/><G94/><T130/><D134/><U88/><E77/><V54/><F66/><W93/><G93/><T120/><D79/><U126/><E126/><V89/><F13/><W26/><G26/><T75/><D75/><U67/><REACH who="1" step="1"/><E108/><REACH who="1" ten="239,220,211,320" step="2"/><V21/><F128/><W69/><G84/><T122/><D130/><U80/><E80/><V46/><F129/><W44/><G78/><T33/><D114/><U52/><E52/><V32/><F54/><W95/><G95/><T57/><D113/><U123/><E123/><V124/><F124/><W71/><AGARI ba="0,1" hai="11,15,16,44,45,47,69,71" m="48583,50762" machi="71" ten="40,2700,0" yaku="20,1,54,1" doraHai="102" who="3" fromWho="3" sc="239,-7,220,-7,211,-13,320,37" /><INIT seed="3,0,0,1,2,92" ten="232,213,198,357" oya="3" hai0="18,97,35,124,88,130,82,76,13,107,72,118,67" hai1="26,100,47,63,39,0,70,29,128,69,109,61,99" hai2="34,87,78,50,12,112,89,103,59,9,93,117,44" hai3="113,101,33,51,43,66,110,37,54,132,116,115,45"/><W6/><G116/><T74/><D35/><U83/><E0/><V56/><F34/><W90/><G33/><T104/><D67/><U32/><E109/><V84/><F112/><W105/><G6/><T19/><D19/><U20/><E32/><V121/><F121/><W42/><G90/><T95/><D118/><U40/><E83/><N who="2" m="47607" /><F103/><W108/><G132/><T5/><D5/><U55/><E128/><V98/><F117/><W126/><G101/><T16/><D18/><U38/><E38/><V52/><F84/><W73/><G105/><T129/><D72/><U25/><E26/><V4/><AGARI ba="0,0" hai="4,9,12,44,50,52,56,59,89,93,98" m="47607" machi="4" ten="30,4000,0" yaku="8,1,52,1,54,1" doraHai="92" who="2" fromWho="2" sc="232,-10,213,-10,198,40,357,-20" /><INIT seed="4,0,0,0,5,108" ten="222,203,238,337" oya="0" hai0="3,21,86,118,29,123,111,70,89,114,8,68,93" hai1="41,109,88,62,78,95,130,79,60,57,84,24,17" hai2="40,116,34,115,124,102,66,120,133,134,32,92,55" hai3="75,50,65,107,30,63,103,25,122,126,74,10,51"/><T11/><D123/><U6/><E130/><V121/><F40/><W127/><G10/><T117/><D68/><U48/><E109/><V82/><F66/><W76/><G122/><N who="2" m="47209" /><F55/><W22/><G103/><T38/><D38/><U106/><E106/><V20/><F102/><W53/><G107/><T49/><D70/><U26/><E6/><V125/><F92/><W39/><G39/><T91/><D111/><U47/><E17/><V83/><F116/><W56/><G51/><T80/><D3/><U1/><E1/><V71/><F71/><W98/><G98/><T61/><D61/><U46/><E47/><V132/><F20/><W2/><G76/><N who="1" m="29226" /><E60/><V113/><F83/><W58/><REACH who="3" step="1"/><G2/><REACH who="3" ten="222,203,238,327" step="2"/><T44/><D118/><U7/><E7/><V131/><F131/><W90/><G90/><T28/><D117/><U27/><E62/><V81/><F134/><W0/><G0/><T9/><D91/><U67/><E67/><V77/><F133/><W18/><G18/><T42/><D80/><N who="2" m="30826" /><F77/><W110/><G110/><T33/><D29/><U36/><E36/><V87/><F132/><W105/><G105/><T59/><D28/><U12/><E88/><V112/><F87/><W43/><G43/><T119/><D119/><U13/><E84/><V94/><F94/><W96/><G96/><T54/><D93/><U14/><E95/><V37/><F37/><W101/><G101/><T4/><D89/><U45/><E45/><V72/><F72/><AGARI ba="0,1" hai="22,25,30,50,53,56,58,63,65,72,74,75,126,127" machi="72" ten="40,1300,0" yaku="1,1,53,0" doraHai="108" doraHaiUra="35" who="3" fromWho="2" sc="222,0,203,0,238,-13,327,23" /><INIT seed="5,0,0,4,0,55" ten="222,203,225,350" oya="1" hai0="70,91,108,22,28,43,71,129,59,48,82,5,68" hai1="93,83,6,13,7,37,110,50,116,130,89,9,97" hai2="10,95,133,111,8,124,106,26,20,112,56,103,79" hai3="122,32,123,104,67,45,53,11,35,105,85,60,76"/><U128/><E116/><V2/><F111/><W29/><G11/><T47/><D5/><U42/><E37/><V33/><F106/><W88/><G76/><T17/><D28/><U96/><E110/><V102/><F33/><W98/><G105/><T3/><D3/><U135/><E135/><V30/><F133/><W31/><G32/><T64/><D108/><U40/><E7/><V78/><F2/><W121/><G29/><T41/><D129/><N who="1" m="49771" /><E83/><V19/><F124/><W23/><G53/><T63/><D82/><U44/><E42/><V81/><F112/><W80/><G45/><T62/><D91/><U100/><E97/><N who="2" m="59711" /><F103/><AGARI ba="0,0" hai="6,9,13,40,44,50,89,93,96,100,103" m="49771" machi="103" ten="30,1500,0" yaku="19,1" doraHai="55" who="1" fromWho="2" sc="222,0,203,15,225,-15,350,0" /><INIT seed="5,1,0,5,5,64" ten="222,218,210,350" oya="1" hai0="49,82,39,87,73,33,55,68,22,26,126,14,124" hai1="119,11,114,112,10,117,4,2,43,3,48,69,125" hai2="29,53,41,61,15,66,130,60,79,9,65,45,103" hai3="70,86,102,28,40,81,27,104,96,71,32,0,18"/><U50/><E125/><N who="0" m="48233" /><D39/><U34/><E34/><V38/><F130/><W8/><G40/><T128/><D73/><U88/><E43/><V132/><F132/><W115/><G115/><T94/><D94/><U5/><E88/><V133/><F133/><W46/><G46/><N who="0" m="28087" /><D14/><U1/><E2/><V92/><F79/><W75/><G75/><T113/><D113/><U35/><E35/><V100/><F53/><W57/><G57/><T89/><D128/><U56/><E56/><V6/><F29/><W7/><REACH who="3" step="1"/><G18/><REACH who="3" ten="222,218,210,340" step="2"/><N who="0" m="12631" /><D33/><U109/><E109/><V72/><F72/><W42/><G42/><T76/><D68/><AGARI ba="1,1" hai="1,3,4,5,10,11,48,50,68,69,112,114,117,119" machi="68" ten="25,9600,0" yaku="22,2,52,2" doraHai="64" who="1" fromWho="0" sc="222,-99,218,109,210,0,340,0" /><INIT seed="5,2,0,1,1,62" ten="123,327,210,340" oya="1" hai0="84,122,92,106,5,56,93,61,44,115,121,47,42" hai1="40,83,29,112,108,82,59,35,134,41,104,130,95" hai2="86,60,96,69,118,1,72,132,113,79,45,98,8" hai3="127,120,63,36,52,91,20,123,58,66,3,76,14"/><U18/><E104/><V85/><F118/><W55/><G3/><T117/><D106/><U28/><E112/><V74/><F113/><W99/><G36/><T133/><D115/><U54/><E130/><V21/><F132/><W0/><G0/><T27/><D5/><U70/><E70/><V124/><F124/><W9/><G127/><T11/><D11/><U73/><E73/><V94/><F45/><W80/><G20/><T88/><D117/><U64/><E64/><V67/><F96/><W49/><G99/><T10/><D10/><U2/><E2/><V25/><F74/><W111/><G91/><T126/><D126/><U119/><E134/><V57/><F69/><W68/><G55/><T71/><D71/><U32/><E95/><V100/><F79/><W50/><G50/><T87/><D27/><N who="1" m="18463" /><E108/><V13/><F72/><W39/><G39/><T23/><D133/><U16/><E29/><N who="2" m="17583" /><F1/><W30/><G30/><T116/><D116/><U26/><E35/><V77/><F77/><W22/><G22/><T109/><D23/><N who="1" m="13671" /><E18/><AGARI ba="2,0" hai="8,13,18,57,60,67,85,86,94,98,100" m="17583" machi="18" ten="30,3900,0" yaku="25,1,8,1,52,1" doraHai="62" who="2" fromWho="1" sc="123,0,327,-45,210,45,340,0" /><INIT seed="6,0,0,3,4,94" ten="123,282,255,340" oya="2" hai0="56,43,101,75,18,121,30,8,118,5,106,135,87" hai1="125,29,120,65,92,60,131,3,112,70,83,105,35" hai2="51,111,49,129,93,68,39,113,95,64,36,108,53" hai3="55,31,13,128,124,40,67,79,38,54,21,132,61"/><V107/><F107/><W58/><G124/><T71/><D75/><U123/><E125/><V7/><F113/><W134/><G128/><T78/><D71/><U97/><E131/><V100/><F129/><W69/><G79/><T2/><D121/><N who="1" m="46667" /><E3/><V22/><F7/><W33/><G33/><T42/><D30/><U26/><E83/><V102/><F22/><W10/><G31/><T48/><D135/><N who="3" m="51753" /><G21/><T126/><D126/><U76/><E76/><V122/><F122/><W15/><G69/><T116/><D18/><U127/><E127/><V41/><F68/><W85/><G85/><T72/><D72/><U96/><E105/><V90/><F64/><W6/><G15/><T25/><D25/><U63/><E112/><V32/><F53/><W77/><G77/><T73/><D73/><U17/><E63/><V20/><F20/><W11/><G10/><T1/><D2/><U98/><E17/><V74/><F74/><W130/><G130/><T84/><D78/><U81/><E81/><V62/><F62/><W23/><G23/><T91/><D1/><U80/><E80/><V44/><F32/><W47/><AGARI ba="0,0" hai="6,11,13,38,40,47,54,55,58,61,67" m="51753" machi="47" ten="30,1100,0" yaku="20,1" doraHai="94" who="3" fromWho="3" sc="123,-3,282,-3,255,-5,340,11" /><INIT seed="7,0,0,3,4,7" ten="120,279,250,351" oya="3" hai0="102,46,4,52,89,104,90,71,97,68,21,16,62" hai1="98,79,5,11,122,17,121,61,2,58,72,44,126" hai2="110,14,111,53,25,106,29,37,132,96,36,67,32" hai3="66,74,124,20,81,82,38,41,39,69,1,103,35"/><W59/><G20/><T49/><D68/><U57/><E126/><V15/><F132/><W93/><G59/><T119/><D119/><U27/><E58/><V42/><F53/><W120/><G93/><T43/><D71/><U48/><E98/><V30/><F67/><W76/><G120/><T116/><D116/><U115/><E115/><V33/><F96/><W133/><G82/><T92/><D104/><U117/><E117/><V34/><F106/><W135/><G103/><T12/><D62/><U24/><E79/><V0/><F42/><W45/><G124/><T109/><D109/><N who="2" m="41482" /><F25/><W26/><G66/><T99/><D99/><U8/><E27/><V113/><F113/><W60/><G69/><T51/><REACH who="0" step="1"/><D4/><REACH who="0" ten="110,279,250,351" step="2"/><U129/><E61/><V105/><F105/><W118/><G60/><T125/><D125/><U85/><E5/><V101/><F101/><W123/><G118/><T40/><D40/><U75/><E122/><V112/><F112/><W64/><G123/><T22/><D22/><U19/><E121/><V54/><F33/><W56/><G135/><T18/><D18/><U87/><E19/><V86/><F34/><W70/><G35/><T80/><D80/><U28/><E17/><V100/><F32/><W55/><G81/><T94/><D94/><U13/><E28/><V83/><F100/><W73/><G133/><T108/><D108/><U10/><E129/><V91/><F29/><W128/><G70/><T3/><D3/><U23/><E2/><V50/><F0/><W114/><G114/><T95/><D95/><U130/><E130/><V63/><F30/><RYUUKYOKU ba="0,1" sc="110,30,279,-10,250,-10,351,-10" hai0="12,16,21,43,46,49,51,52,89,90,92,97,102" owari="140,-36.0,269,7.0,240,-16.0,351,45.0" /></mjloggm>