<mjloggm ver="2.3"><GO type="41" lobby="0"/><UN n0="%62%61%6E%74%65%31" n1="%E5%BC%95%E3%81%8D%E3%81%97%E3%82%81%E3%81%A6%E6%B0%97%E3%80%82" n2="%50%45%4C%41%47%4F%53" n3="%E5%B0%B1%E6%B4%BB%E7%94%9F%40%E5%B7%9D%E6%9D%91%E8%BB%8D%E5%9B%A3" dan="14,13,14,17" rate="1944.51,1859.50,1964.14,2255.89" sx="M,F,M,M"/><TAIKYOKU oya="0"/><INIT seed="0,0,0,2,0,0" ten="250,250,250,250" oya="0" hai0="104,31,88,16,107,125,84,91,135,22,60,1,30" hai1="29,35,61,13,43,76,27,69,36,55,52,111,131" hai2="99,126,64,23,75,95,105,90,114,118,17,14,92" hai3="106,97,37,128,100,18,7,93,117,6,34,134,45"/><T101/><D1/><U85/><E111/><V26/><F126/><W49/><G37/><T19/><D125/><U67/><E131/><V44/><F118/><W115/><G117/><T130/><D130/><U109/><E13/><V108/><F108/><W96/><G128/><T39/><D39/><U50/><E36/><V66/><F105/><W63/><G34/><T48/><D135/><U4/><E109/><V122/><F114/><W102/><G115/><T120/><D120/><U51/><E4/><V98/><F75/><W124/><G124/><T73/><D73/><U8/><E8/><V121/><F44/><W28/><G28/><T3/><D3/><U57/><E43/><V2/><F2/><W79/><G79/><T12/><D107/><U113/><E113/><V20/><F122/><W56/><G18/><T68/><D104/><U25/><E25/><V59/><F59/><W74/><G74/><T32/><D32/><U133/><E133/><V110/><F110/><W21/><G21/><N who="0" m="11399" /><D68/><U40/><E40/><V53/><F53/><W47/><G134/><T123/><D123/><U77/><E85/><V10/><F23/><W127/><G127/><T9/><D9/><U89/><E89/><N who="0" m="34377" /><D101/><U42/><REACH who="1" step="1"/><E42/><REACH who="1" ten="250,240,250,250" step="2"/><V87/><F121/><W82/><G100/><T71/><D84/><U15/><E15/><V11/><F11/><W83/><G102/><T132/><D132/><U33/><E33/><V24/><F10/><W58/><G7/><T70/><D70/><U54/><E54/><V78/><F87/><W5/><G6/><T81/><D71/><U94/><E94/><RYUUKYOKU ba="0,1" sc="250,-10,240,30,250,-10,250,-10" hai1="27,29,35,50,51,52,55,57,61,67,69,76,77" /><INIT seed="1,1,1,2,4,124" ten="240,270,240,240" oya="1" hai0="74,111,54,95,20,64,85,3,67,120,49,16,72" hai1="52,32,92,135,90,24,14,96,7,31,108,48,98" hai2="12,127,102,76,8,126,13,22,63,75,4,134,109" hai3="27,28,58,41,116,94,86,77,87,110,59,97,80"/><U37/><E135/><V93/><F75/><W43/><G110/><T68/><D111/><U73/><E73/><V129/><F76/><W70/><G70/><T103/><D3/><U100/><E37/><V119/><F109/><W115/><G115/><T40/><D120/><U45/><E108/><V36/><F36/><W132/><G86/><T101/><D74/><U99/><REACH who="1" step="1"/><E100/><REACH who="1" ten="240,260,240,240" step="2"/><V117/><F134/><W5/><G132/><T60/><D72/><U81/><E81/><V53/><F127/><W62/><G116/><T30/><D103/><U44/><E44/><V78/><F126/><W18/><G80/><T51/><D101/><U35/><E35/><V42/><F102/><W21/><G58/><T128/><D128/><U0/><E0/><V33/><F129/><W50/><G59/><T91/><D68/><U82/><E82/><V114/><F33/><W38/><G38/><T84/><D40/><U71/><E71/><V46/><F42/><W57/><G57/><N who="0" m="34871" /><D30/><U2/><E2/><V89/><F46/><W113/><G28/><T88/><D67/><U15/><E15/><V66/><F66/><W55/><G43/><T125/><D64/><U79/><E79/><V6/><F78/><W118/><G77/><T9/><D125/><U112/><E112/><V11/><F114/><W69/><G113/><T121/><D121/><U25/><E25/><V1/><F1/><W34/><G69/><T39/><D39/><U83/><E83/><V106/><F119/><W131/><G41/><T56/><D56/><U23/><E23/><V123/><F117/><W10/><G118/><RYUUKYOKU ba="1,2" sc="240,-10,260,30,240,-10,240,-10" hai1="7,14,24,31,32,45,48,52,90,92,96,98,99" /><INIT seed="1,2,2,1,4,7" ten="230,290,230,230" oya="1" hai0="50,98,108,20,53,129,105,91,11,22,30,126,42" hai1="84,93,34,132,77,2,127,100,12,73,40,109,33" hai2="24,103,16,121,113,135,99,39,45,122,125,57,52" hai3="85,56,54,106,70,61,19,18,120,6,134,75,101"/><U79/><E2/><V102/><F125/><W78/><G120/><T88/><D126/><U86/><E127/><V36/><F135/><W118/><G75/><T76/><D129/><U58/><E132/><V117/><F117/><W65/><G134/><T5/><D108/><U41/><E73/><V63/><F113/><W81/><G118/><T43/><D105/><U38/><E109/><V55/><F102/><W72/><G72/><T110/><D76/><U69/><E100/><V97/><F97/><W31/><G31/><T14/><D110/><U8/><E93/><V111/><F111/><W114/><G114/><T25/><D22/><U71/><E58/><V4/><F4/><W104/><G6/><T92/><D91/><U94/><E94/><V82/><F82/><W107/><REACH who="3" step="1"/><G101/><REACH who="3" ten="230,290,230,220" step="2"/><T51/><REACH who="0" step="1"/><D50/><AGARI ba="2,3" hai="18,19,50,54,56,61,65,70,78,81,85,104,106,107" machi="50" ten="40,2600,0" yaku="1,1,2,1,53,0" doraHai="7" doraHaiUra="0" who="3" fromWho="0" sc="230,-32,290,0,230,0,220,62" /><INIT seed="2,0,0,3,1,102" ten="198,290,230,282" oya="2" hai0="80,36,51,66,69,45,14,84,126,2,9,35,135" hai1="95,75,13,127,15,74,115,111,90,131,97,106,109" hai2="31,42,88,103,134,86,116,120,122,43,60,63,6" hai3="117,124,39,41,79,23,48,89,11,24,38,107,54"/><V128/><F134/><W27/><G27/><T83/><D135/><U92/><E115/><V32/><F6/><W77/><G107/><T93/><D36/><U0/><E0/><V118/><F103/><W114/><G11/><T28/><D2/><U55/><E55/><V8/><F8/><W71/><G41/><T25/><D126/><U19/><E13/><V132/><F132/><W37/><G71/><T119/><D119/><U110/><E127/><V53/><F53/><W56/><G117/><T133/><D133/><U121/><E15/><V123/><F123/><W26/><G26/><T22/><D35/><U34/><E34/><V85/><F32/><W62/><G48/><T16/><D69/><U112/><E19/><V52/><F52/><W1/><G1/><T101/><D66/><U33/><E33/><V130/><REACH who="2" step="1"/><F31/><REACH who="2" ten="198,290,220,282" step="2"/><W50/><G54/><N who="0" m="30063" /><D101/><N who="1" m="62767" /><E121/><V113/><F113/><W76/><G114/><T18/><D28/><U17/><E112/><V68/><F68/><W67/><G124/><T7/><D7/><U108/><E17/><V61/><F61/><W78/><G62/><T12/><D12/><U98/><E111/><V94/><F94/><W105/><G56/><T96/><D96/><N who="1" m="57367" /><E131/><V40/><F40/><W3/><G67/><T87/><D93/><U58/><E58/><V5/><F5/><W72/><G23/><T82/><AGARI ba="0,1" hai="9,14,16,18,22,25,80,82,83,84,87" m="30063" machi="82" ten="30,2000,0" yaku="8,1,54,1" doraHai="102" who="0" fromWho="0" sc="198,30,290,-5,220,-10,282,-5" /><INIT seed="3,0,0,4,4,94" ten="228,285,210,277" oya="3" hai0="35,73,34,57,110,2,38,37,92,63,129,41,75" hai1="131,97,96,14,117,93,15,52,82,11,1,101,45" hai2="8,39,61,100,132,49,77,0,76,95,9,43,90" hai3="6,56,12,68,120,106,3,103,107,111,71,85,67"/><W125/><G3/><T59/><D2/><U4/><E131/><V118/><F39/><W33/><G33/><T133/><D129/><U60/><E82/><V46/><F118/><W64/><G120/><T112/><D92/><U86/><E117/><V104/><F132/><W81/><G67/><T69/><D133/><U58/><E45/><V5/><F9/><W88/><G125/><T25/><D25/><U70/><E70/><V62/><F100/><W122/><G122/><T102/><D102/><U7/><E86/><V83/><F104/><W124/><G111/><T40/><D69/><U51/><E51/><V66/><F83/><W84/><G84/><T22/><D22/><U128/><E128/><V80/><F80/><W27/><G27/><T48/><D48/><U91/><REACH who="1" step="1"/><E7/><REACH who="1" ten="228,275,210,277" step="2"/><V105/><F105/><AGARI ba="0,1" hai="1,4,11,14,15,52,58,60,91,93,96,97,101,105" machi="105" ten="30,12000,2" yaku="1,1,2,1,7,1,52,2,54,1,53,0" doraHai="94" doraHaiUra="16" who="1" fromWho="2" sc="228,0,275,130,210,-120,277,0" /><INIT seed="4,0,0,0,2,134" ten="228,405,90,277" oya="0" hai0="80,119,53,116,2,63,98,96,73,66,108,110,113" hai1="41,0,1,36,102,19,57,32,132,38,124,114,3" hai2="23,68,64,49,20,79,9,104,65,12,62,133,115" hai3="34,15,13,28,46,90,85,78,103,29,71,81,122"/><T89/><D2/><U83/><E132/><V94/><F104/><W88/><G71/><T121/><D53/><U72/><E32/><V84/><F64/><W135/><G135/><T43/><D43/><U30/><E30/><N who="3" m="11882" /><G34/><T44/><D44/><U48/><E102/><V131/><F131/><W75/><G75/><T47/><D47/><U95/><E95/><V51/><F115/><W45/><G103/><T92/><D63/><U76/><E114/><V4/><F133/><W118/><G118/><N who="0" m="45099" /><D66/><U61/><E19/><V40/><F94/><W11/><G15/><T93/><D113/><U56/><E56/><V117/><F117/><W8/><G8/><T54/><D54/><U97/><E97/><V99/><F99/><W112/><G122/><T42/><D42/><U39/><E41/><V14/><F14/><W31/><G31/><T7/><D7/><U107/><E48/><V55/><F51/><W21/><G21/><T58/><D58/><U126/><REACH who="1" step="1"/><E107/><REACH who="1" ten="228,395,90,277" step="2"/><V123/><F123/><W87/><G112/><T70/><D70/><U100/><E100/><V50/><F50/><W109/><G46/><T5/><D121/><U91/><E91/><V74/><F40/><W86/><G45/><T82/><D5/><U101/><E101/><V67/><F67/><AGARI ba="0,1" hai="0,1,3,36,38,39,57,61,67,72,76,83,124,126" machi="67" ten="50,8000,1" yaku="1,1,52,2,53,1" doraHai="134" doraHaiUra="105" who="1" fromWho="2" sc="228,0,395,90,90,-80,277,0" /><INIT seed="5,0,0,1,4,126" ten="228,485,10,277" oya="1" hai0="129,2,116,130,73,45,92,40,5,97,101,33,107" hai1="72,77,64,134,122,19,58,65,16,114,48,80,121" hai2="100,8,29,102,17,46,35,66,57,15,88,52,32" hai3="24,115,18,26,67,105,125,133,63,49,124,34,53"/><U75/><E134/><V56/><F46/><W98/><G115/><T118/><D33/><U81/><E114/><V76/><F76/><W12/><G133/><T54/><D54/><U23/><E77/><V117/><F117/><N who="0" m="45162" /><D92/><U38/><E58/><V31/><F35/><W96/><G105/><T9/><D73/><U55/><E55/><V127/><F127/><N who="3" m="48715" /><G34/><T131/><D45/><U10/><E10/><V59/><F66/><W132/><G96/><T135/><D40/><U91/><E91/><V123/><F123/><W50/><G98/><T39/><D39/><U30/><E30/><V111/><F111/><W94/><G94/><T120/><D135/><U4/><E4/><V1/><F1/><W85/><G85/><T13/><D13/><U44/><E44/><V41/><F41/><W71/><G132/><T3/><D3/><U62/><E23/><V110/><F110/><W43/><G43/><T36/><D36/><U103/><E103/><V82/><F52/><W69/><G69/><T70/><D70/><U22/><E22/><V84/><F32/><W11/><G50/><T95/><D95/><U112/><E112/><V51/><F51/><W27/><G49/><T128/><N who="0" m="32768" /><DORA hai="78" /><T90/><D90/><U47/><E48/><V109/><F109/><W74/><G53/><T106/><D106/><U68/><E47/><V104/><F104/><W60/><G74/><T87/><D87/><U83/><E68/><V79/><F79/><W37/><G37/><T6/><D6/><U89/><E38/><V61/><F61/><AGARI ba="0,0" hai="11,12,18,24,26,27,60,61,63,67,71" m="48715" machi="61" ten="30,1000,0" yaku="18,1" doraHai="126,78" who="3" fromWho="2" sc="228,0,485,0,10,-10,277,10" /><INIT seed="6,0,0,0,0,8" ten="228,485,0,287" oya="2" hai0="72,69,20,36,1,24,90,100,119,127,120,121,135" hai1="122,114,88,43,28,14,6,40,125,93,19,35,96" hai2="118,77,73,45,74,3,4,129,115,26,130,21,57" hai3="51,85,87,131,9,38,111,66,32,53,5,63,13"/><V102/><F102/><W101/><G32/><T52/><D1/><U33/><E6/><V25/><F118/><W128/><G38/><T50/><D36/><U2/><E2/><V23/><F57/><N who="3" m="32959" /><G101/><T92/><D72/><U17/><E114/><V95/><F95/><W81/><G81/><T46/><D69/><U124/><E122/><V134/><F115/><W82/><G82/><T86/><D119/><U113/><E113/><V133/><F3/><W61/><G111/><T62/><D135/><N who="2" m="51722" /><F4/><W94/><G94/><T41/><D127/><N who="1" m="48715" /><E19/><N who="2" m="12479" /><F45/><W10/><G63/><T79/><D79/><U59/><E59/><V116/><F116/><W67/><G61/><T54/><D100/><U75/><E75/><N who="2" m="28683" /><F77/><W49/><G67/><T27/><D27/><N who="1" m="18591" /><E35/><V103/><F103/><W91/><G66/><T65/><D121/><U70/><E70/><V99/><F99/><W107/><G107/><T106/><D106/><U78/><E78/><V55/><F55/><W108/><G91/><T34/><D34/><U30/><E30/><AGARI ba="0,0" hai="23,26,30,129,130" m="28683,12479,51722" machi="30" ten="30,1500,0" yaku="20,1" doraHai="8" who="2" fromWho="1" sc="228,0,485,-15,0,15,287,0" /><INIT seed="6,1,0,2,4,32" ten="228,470,15,287" oya="2" hai0="76,62,61,92,29,23,74,112,115,80,33,129,108" hai1="69,119,55,21,132,44,96,91,49,105,22,39,34" hai2="56,12,131,26,8,25,57,5,127,15,10,19,4" hai3="7,88,31,54,125,99,79,126,66,98,52,90,100"/><V59/><F127/><N who="3" m="48651" /><G66/><T53/><D108/><U16/><E34/><V35/><F131/><W89/><G31/><T83/><D33/><U103/><E119/><V60/><F35/><W120/><G120/><T64/><D129/><U11/><E69/><V133/><F133/><W45/><G45/><T18/><D29/><U85/><E132/><V0/><REACH who="2" step="1"/><F60/><REACH who="2" ten="228,470,5,287" step="2"/><W81/><G7/><T101/><D62/><U122/><E122/><V36/><F36/><W110/><G110/><T13/><D61/><U118/><E39/><V73/><F73/><N who="3" m="43247" /><G99/><T46/><D74/><U107/><E118/><V134/><F134/><W102/><G98/><T43/><D115/><U68/><E107/><V37/><F37/><W116/><G116/><T128/><D112/><U104/><E104/><V72/><F72/><W38/><G38/><T48/><D128/><U121/><E121/><V93/><F93/><W94/><G94/><T47/><D92/><U111/><E111/><V28/><F28/><W2/><G2/><T123/><D123/><U124/><E124/><V40/><F40/><W87/><G87/><T78/><D43/><U3/><E105/><V20/><AGARI ba="1,1" hai="0,4,5,8,10,12,15,19,20,25,26,56,57,59" machi="20" ten="30,6000,0" yaku="1,1,0,1,52,1,53,0" doraHai="32" doraHaiUra="30" who="2" fromWho="2" sc="228,-21,470,-21,5,73,287,-21" /><INIT seed="6,2,0,4,4,48" ten="207,449,78,266" oya="2" hai0="26,133,57,18,40,131,110,92,119,42,83,66,87" hai1="121,75,86,30,9,16,69,15,38,35,47,89,5" hai2="63,90,28,103,36,99,24,20,78,65,37,53,21" hai3="91,71,111,79,122,27,95,51,93,108,50,59,13"/><V7/><F78/><W100/><G71/><T132/><D110/><U55/><E75/><V107/><F7/><W29/><G122/><T25/><D131/><U117/><E117/><V125/><F125/><W96/><G79/><N who="0" m="46591" /><D119/><U123/><E69/><V33/><F90/><W49/><G13/><T81/><D81/><N who="1" m="49359" /><E38/><V85/><F85/><W77/><G77/><T8/><D92/><U126/><E126/><V67/><F67/><W22/><REACH who="3" step="1"/><G59/><REACH who="3" ten="207,449,78,256" step="2"/><T70/><D70/><U72/><E123/><V14/><F14/><W129/><G129/><T0/><D0/><U76/><E121/><V104/><F104/><W39/><G39/><T101/><D133/><U80/><E76/><V68/><F36/><W2/><G2/><T130/><D130/><U19/><E15/><V17/><F37/><W10/><G10/><T113/><D113/><U88/><E9/><V23/><F17/><W116/><G116/><T135/><D8/><U46/><E19/><V106/><F106/><W118/><G118/><T60/><D101/><U94/><E16/><V134/><F134/><N who="0" m="51242" /><D18/><U62/><E72/><V44/><F44/><W98/><AGARI ba="2,1" hai="22,27,29,49,50,51,91,93,95,96,98,100,108,111" machi="98" ten="30,2000,0" yaku="1,1,0,1,53,0" doraHai="48" doraHaiUra="61" who="3" fromWho="3" sc="207,-7,449,-7,78,-12,256,36" /><INIT seed="7,0,0,3,4,133" ten="200,442,66,292" oya="3" hai0="2,95,86,16,33,35,60,83,28,13,91,36,59" hai1="115,3,76,0,57,117,10,94,18,12,112,103,81" hai2="120,87,77,113,109,124,21,106,134,108,127,20,101" hai3="126,4,22,7,122,48,129,50,66,9,82,55,90"/><W114/><G126/><N who="2" m="48169" /><F21/><W8/><G55/><T92/><D2/><U93/><E117/><V19/><F19/><W26/><G90/><T17/><D36/><U24/><E24/><V11/><F11/><W111/><G82/><T104/><D104/><U37/><E37/><V49/><F20/><W44/><G66/><N who="0" m="39199" /><D35/><U130/><E130/><V116/><F116/><W73/><G48/><T71/><D71/><U88/><E103/><V132/><F113/><N who="1" m="43593" /><E57/><V105/><F49/><W46/><G50/><T99/><D33/><U79/><E94/><N who="0" m="35881" /><D28/><U38/><E38/><V78/><F120/><W32/><G22/><N who="0" m="11535" /><D17/><U65/><E65/><V125/><N who="2" m="48177" /><V30/><DORA hai="14" /><F30/><W5/><G9/><T54/><D54/><U84/><E76/><N who="2" m="29291" /><F87/><AGARI ba="0,0" hai="0,3,10,12,18,79,81,84,87,88,93" m="43593" machi="87" ten="30,3900,0" yaku="15,1,52,1,54,1" doraHai="133,14" who="1" fromWho="2" sc="200,0,442,39,66,-39,292,0" owari="200,-20.0,481,58.0,27,-47.0,292,9.0" /></mjloggm>