<mjloggm ver="2.3"><GO type="169" lobby="0"/><UN n0="%E3%82%A6%E3%83%AB%E3%83%88%E3%83%A9%E7%AB%8B%E7%9B%B4" n1="%E3%83%95%E3%83%AA%E3%83%86%E3%83%B3" n2="%E6%99%82%E3%82%92%E5%88%BB%E3%82%80%E5%94%84" n3="%E8%88%AC%E5%8D%93%E6%B0%91%E3%81%AE%E6%9C%9D%E3%81%AF%E6%97%A9%E3%81%84" dan="17,18,17,17" rate="2182.78,2265.84,2040.54,2120.50" sx="M,M,F,M"/><TAIKYOKU oya="0"/><INIT seed="0,0,0,1,5,7" ten="250,250,250,250" oya="0" hai0="31,121,110,123,50,103,101,104,4,70,75,18,12" hai1="54,114,116,45,39,61,78,11,124,3,68,60,76" hai2="38,66,118,51,67,126,91,21,19,125,20,48,119" hai3="96,112,109,120,0,83,87,84,82,37,80,92,127"/><T77/><D70/><U90/><E116/><V44/><F38/><W93/><G37/><T55/><D4/><U49/><E124/><V6/><F6/><W53/><G0/><T30/><D75/><U122/><E3/><V43/><F91/><N who="3" m="53351" /><G53/><T42/><D121/><U100/><E100/><N who="0" m="38473" /><D104/><U132/><E122/><V108/><F108/><W59/><G120/><T133/><D123/><U86/><E132/><V33/><F33/><W71/><G71/><T64/><D133/><U9/><E114/><V26/><F48/><W17/><G109/><T34/><D34/><U88/><E90/><V107/><F107/><W94/><G127/><N who="2" m="48649" /><F21/><W57/><G17/><T130/><D130/><U23/><E39/><V15/><F26/><W99/><G112/><T14/><D110/><U106/><E106/><V69/><F69/><W8/><G8/><N who="1" m="3146" /><E68/><V72/><F72/><W89/><G87/><T22/><D77/><N who="1" m="29803" /><E23/><V58/><F20/><W115/><G115/><T40/><D64/><U113/><E113/><V24/><F67/><W98/><G89/><T56/><D12/><U63/><E60/><V36/><F36/><W29/><G29/><AGARI ba="0,0" hai="14,18,22,29,30,31,40,42,50,55,56" m="38473" machi="29" ten="30,1500,0" yaku="8,1" doraHai="7" who="0" fromWho="3" sc="250,15,250,0,250,0,250,-15" /><INIT seed="0,1,0,4,1,35" ten="265,250,250,235" oya="0" hai0="72,46,112,111,43,59,31,44,60,21,56,89,82" hai1="134,128,12,63,20,58,83,109,38,124,127,67,68" hai2="27,32,40,90,6,4,69,42,34,48,64,52,78" hai3="132,61,102,98,108,62,87,117,110,116,19,121,11"/><T101/><D112/><U93/><E109/><N who="3" m="42090" /><G132/><T118/><D118/><N who="3" m="45673" /><G87/><N who="0" m="50423" /><D72/><U18/><E134/><V123/><F123/><W28/><G28/><T131/><D131/><U7/><E128/><V135/><F78/><W81/><G81/><T45/><D111/><U103/><E38/><V126/><F126/><W133/><G133/><T105/><D105/><U106/><E106/><V5/><F135/><W14/><G121/><T85/><D101/><U25/><E68/><V74/><F74/><W66/><G66/><N who="0" m="39175" /><D85/><U80/><E124/><V41/><F90/><W1/><G1/><T15/><D59/><U130/><E130/><V55/><F34/><W113/><G113/><T0/><D0/><U107/><E107/><AGARI ba="1,0" hai="11,14,19,61,62,98,102,107" m="45673,42090" machi="107" ten="30,1000,0" yaku="14,1" doraHai="35" who="3" fromWho="1" sc="265,0,250,-13,250,0,235,13" /><INIT seed="1,0,0,1,0,28" ten="265,237,250,248" oya="1" hai0="59,44,24,46,33,35,103,4,27,38,126,125,75" hai1="83,56,116,41,21,98,58,18,25,54,2,7,71" hai2="94,93,108,53,96,77,6,92,129,124,74,91,122" hai3="115,17,65,26,112,64,86,113,61,45,19,119,22"/><U39/><E116/><V110/><F6/><W131/><G131/><T34/><D75/><U68/><E58/><V135/><F53/><W84/><G119/><T80/><D103/><U97/><E83/><N who="2" m="45495" /><F122/><W50/><G64/><T23/><D4/><U90/><E41/><V73/><F129/><W76/><G19/><T20/><D80/><U55/><E39/><V43/><F43/><W132/><G132/><T67/><D59/><U0/><E55/><V133/><F73/><W40/><REACH who="3" step="1"/><G76/><REACH who="3" ten="265,237,250,238" step="2"/><T36/><D67/><U128/><E128/><V15/><F124/><W66/><G66/><T111/><REACH who="0" step="1"/><D33/><REACH who="0" ten="255,237,250,238" step="2"/><U47/><E7/><V123/><F133/><W89/><G89/><T105/><D105/><U52/><E90/><V70/><F135/><W69/><AGARI ba="0,2" hai="17,22,26,40,45,50,61,65,69,84,86,112,113,115" machi="69" ten="30,2000,0" yaku="1,1,0,1,53,0" doraHai="28" doraHaiUra="100" who="3" fromWho="3" sc="255,-5,237,-10,250,-5,238,40" /><INIT seed="2,0,0,2,1,6" ten="250,227,245,278" oya="2" hai0="86,116,112,72,58,133,48,131,107,27,47,43,31" hai1="0,61,52,88,14,13,8,66,82,68,9,120,128" hai2="90,7,117,38,67,3,77,124,79,4,51,134,126" hai3="15,70,44,129,53,49,54,95,64,28,97,32,50"/><V115/><F38/><W42/><G129/><T111/><D112/><U40/><E128/><V69/><F117/><W84/><G84/><T123/><D123/><U30/><E120/><V19/><F115/><W108/><G108/><T29/><D72/><U85/><E40/><V127/><F134/><W105/><G105/><T59/><D131/><U121/><E121/><V104/><F104/><W113/><G113/><T92/><D107/><U81/><E0/><V46/><F90/><W122/><G28/><T114/><D114/><U21/><E81/><V125/><F125/><W132/><G32/><T35/><D133/><U22/><E30/><V20/><F67/><W24/><G24/><T23/><D111/><U39/><E39/><V63/><F63/><W78/><G64/><T83/><D116/><U1/><E1/><V33/><F69/><W110/><G70/><T89/><D35/><U100/><E100/><V80/><F33/><W71/><G71/><T62/><D31/><U103/><E103/><V87/><F77/><W2/><G78/><T25/><D25/><U41/><E41/><N who="2" m="25039" /><F3/><W18/><G2/><T45/><D62/><U37/><E37/><V36/><F36/><N who="3" m="21575" /><G110/><T55/><D83/><U56/><E66/><V102/><F102/><N who="3" m="60735" /><G132/><T11/><D43/><U118/><E68/><V101/><F101/><W73/><G122/><T91/><D91/><U98/><E118/><V94/><F94/><W57/><G73/><T130/><D130/><U10/><E98/><V93/><F93/><W17/><G15/><AGARI ba="0,0" hai="8,9,10,13,14,15,21,22,52,56,61,82,85,88" machi="15" ten="40,12000,2" yaku="8,1,52,3,54,2" doraHai="6" who="1" fromWho="3" sc="250,0,227,120,245,0,278,-120" /><AGARI ba="0,0" hai="4,7,15,19,20,79,80,87,124,126,127" m="25039" machi="15" ten="30,1500,0" yaku="18,1" doraHai="6" who="2" fromWho="3" sc="250,0,347,0,245,15,158,-15" /><INIT seed="2,1,0,2,4,19" ten="250,347,260,143" oya="2" hai0="25,114,60,41,23,64,71,116,51,67,91,46,66" hai1="73,129,47,12,135,56,96,17,7,121,54,5,100" hai2="4,8,68,34,119,65,126,36,1,110,22,13,32" hai3="30,92,85,49,113,107,28,77,55,112,87,76,124"/><V81/><F36/><W70/><G70/><T86/><D114/><N who="3" m="44137" /><G107/><T111/><D111/><U99/><E73/><V3/><F119/><W103/><G124/><T105/><D105/><U58/><E129/><V125/><F81/><W6/><G6/><T102/><D102/><U35/><E35/><N who="2" m="13355" /><F65/><W123/><G123/><T15/><D15/><U42/><E121/><V127/><F68/><W79/><G103/><T98/><D98/><U0/><E99/><V131/><F131/><W83/><G92/><T89/><D116/><U78/><E78/><N who="3" m="19970" /><W88/><DORA hai="115" /><G87/><T80/><REACH who="0" step="1"/><D91/><REACH who="0" ten="240,347,260,143" step="2"/><U101/><E101/><V45/><F110/><W48/><G48/><T93/><D93/><U95/><E95/><V82/><F82/><W63/><G63/><T31/><AGARI ba="1,1" hai="23,25,31,41,46,51,60,64,66,67,71,80,86,89" machi="31" ten="20,12000,2" yaku="1,1,0,1,7,1,52,1,53,2" doraHai="19,115" doraHaiUra="20,38" who="0" fromWho="0" sc="240,133,347,-31,260,-61,143,-31" /><INIT seed="3,0,0,2,3,134" ten="373,316,199,112" oya="3" hai0="39,99,78,113,88,40,54,81,19,63,27,43,115" hai1="20,68,73,16,123,122,117,30,76,28,131,52,127" hai2="9,25,110,4,132,66,128,15,108,49,59,12,65" hai3="57,103,100,33,135,129,29,13,58,92,118,50,79"/><W111/><G118/><T102/><D39/><U44/><E68/><V106/><F106/><W48/><G135/><T17/><D43/><U36/><E76/><V91/><F132/><W51/><G129/><T101/><D40/><U89/><E73/><V93/><F128/><W94/><G111/><N who="2" m="42537" /><F25/><W96/><G79/><T62/><D88/><U84/><E131/><V125/><F15/><W75/><G75/><T98/><D54/><U53/><E117/><V55/><F125/><W38/><G38/><T60/><D78/><U86/><E127/><V83/><F83/><W5/><G29/><T114/><D81/><U124/><E124/><V45/><F45/><W87/><G33/><T97/><D27/><U37/><E89/><V22/><F22/><W72/><G72/><T119/><REACH who="0" step="1"/><D119/><REACH who="0" ten="363,316,199,112" step="2"/><U41/><E41/><V34/><F91/><N who="3" m="53375" /><G100/><AGARI ba="0,1" hai="17,19,60,62,63,97,98,99,100,101,102,113,114,115" machi="100" ten="50,12000,2" yaku="1,1,29,2,28,2,11,1,53,0" doraHai="134" doraHaiUra="133" who="0" fromWho="3" sc="363,130,316,0,199,0,112,-120" owari="493,59.0,316,12.0,199,-20.0,-8,-51.0" /></mjloggm>