<mjloggm ver="2.3"><GO type="169" lobby="0"/><UN n0="%E3%82%BF%E3%82%B1%E3%82%AA%E3%81%97%E3%82%83%E3%82%93" n1="%E3%82%A6%E3%83%AB%E3%83%88%E3%83%A9%E7%AB%8B%E7%9B%B4" n2="%E7%B7%91%E3%83%89%E3%83%B3%E5%A5%BD%E3%81%8D" n3="%E3%83%AB%E3%83%8D%E3%82%B9%E3%82%BF" dan="19,18,16,16" rate="2239.33,2168.62,2074.99,2057.75" sx="M,M,M,M"/><TAIKYOKU oya="0"/><INIT seed="0,0,0,2,4,3" ten="250,250,250,250" oya="0" hai0="44,94,41,15,135,16,71,86,106,1,76,30,24" hai1="46,19,65,37,9,26,32,47,2,98,128,134,97" hai2="25,123,84,101,75,82,129,48,113,117,88,102,133" hai3="20,93,43,108,70,12,114,83,21,95,0,31,58"/><T10/><D106/><U122/><E122/><V66/><F113/><W33/><G70/><T91/><D135/><U57/><E128/><V17/><F123/><W111/><G114/><T27/><D71/><U105/><E134/><V39/><F39/><W11/><G43/><T81/><D1/><U121/><E121/><V109/><F129/><W8/><G83/><T90/><D30/><U60/><E37/><V62/><F109/><N who="3" m="42059" /><G58/><T89/><REACH who="0" step="1"/><D94/><REACH who="0" ten="240,250,250,250" step="2"/><U67/><E105/><V29/><F133/><W23/><G93/><T107/><D107/><U100/><E2/><V42/><F29/><W64/><G95/><T35/><D35/><U130/><E32/><V6/><F117/><W63/><G31/><T79/><D79/><U74/><E130/><V69/><F69/><W116/><G33/><T34/><D34/><U120/><E120/><V52/><F82/><W54/><G116/><T13/><D13/><U50/><E26/><V96/><F25/><W40/><G12/><T115/><D115/><U119/><E119/><V78/><F78/><W103/><G0/><T126/><D126/><U51/><E97/><V132/><F96/><W4/><G103/><T87/><D87/><U80/><E98/><V49/><F84/><W73/><G73/><T59/><D59/><U112/><E57/><V18/><F75/><W55/><G63/><T131/><D131/><U110/><E60/><V45/><F62/><W56/><G56/><T104/><D104/><U99/><E100/><V22/><F102/><W125/><G125/><T85/><D85/><U53/><E74/><V118/><F101/><RYUUKYOKU ba="0,1" sc="240,30,250,-10,250,-10,250,-10" hai0="10,15,16,24,27,41,44,76,81,86,89,90,91" /><INIT seed="0,1,1,5,0,118" ten="270,240,240,240" oya="0" hai0="105,50,128,5,8,66,54,131,19,16,64,58,45" hai1="94,111,122,15,55,14,110,78,123,3,82,114,97" hai2="135,95,44,39,127,124,90,92,9,17,32,69,71" hai3="108,87,109,23,77,37,10,85,2,1,80,26,57"/><T99/><D105/><U98/><E3/><V42/><F32/><W11/><G37/><T93/><D64/><U106/><E55/><V29/><F29/><W116/><G116/><T33/><D33/><U107/><E114/><V65/><F135/><W112/><G112/><T104/><D104/><N who="1" m="39979" /><E14/><N who="2" m="7375" /><F95/><W20/><G57/><T62/><D128/><U81/><E15/><V103/><F103/><W68/><G68/><T91/><REACH who="0" step="1"/><D131/><REACH who="0" ten="260,240,240,240" step="2"/><U130/><E130/><V88/><F65/><W102/><G109/><N who="1" m="41482" /><E98/><V129/><F129/><W117/><G108/><T76/><D76/><U75/><E82/><V79/><F79/><W41/><G80/><T96/><D96/><U121/><E121/><V30/><F71/><W67/><G77/><T46/><D46/><U60/><E60/><V21/><F69/><W83/><G67/><T24/><D24/><U125/><E125/><V12/><F127/><W48/><G83/><T120/><D120/><U49/><E49/><V47/><F124/><W101/><G26/><T61/><D61/><U132/><E132/><V72/><F47/><W6/><G48/><T53/><D53/><U74/><E74/><V133/><F72/><W126/><G126/><T25/><D25/><U31/><E31/><V52/><F133/><W35/><G35/><T70/><D70/><U84/><E75/><V34/><F34/><W73/><G73/><T13/><AGARI ba="1,2" hai="5,8,13,16,19,45,50,54,58,62,66,91,93,99" machi="13" ten="20,12000,1" yaku="1,1,0,1,7,1,8,1,54,1,53,0" doraHai="118" doraHaiUra="22" who="0" fromWho="0" sc="260,143,240,-41,240,-41,240,-41" /><INIT seed="0,2,0,5,3,117" ten="403,199,199,199" oya="0" hai0="96,135,47,102,114,74,76,39,133,122,100,110,18" hai1="65,123,116,30,90,15,125,86,60,14,28,52,13" hai2="34,92,3,1,73,67,44,6,46,17,43,107,109" hai3="49,5,71,16,78,124,101,94,20,36,0,75,93"/><T37/><D114/><U22/><E116/><V23/><F107/><W131/><G36/><N who="0" m="13899" /><D47/><U35/><E35/><V77/><F34/><W42/><G71/><T129/><D18/><U10/><E123/><V8/><F67/><W91/><G131/><T32/><D32/><U115/><E125/><V12/><F46/><W84/><G124/><T83/><D129/><U121/><E121/><V132/><F132/><N who="0" m="50762" /><D122/><U26/><E115/><V9/><F44/><W64/><G64/><T87/><D110/><U126/><E126/><V88/><F109/><W66/><G66/><T85/><D100/><U69/><E30/><V59/><F43/><W111/><G111/><T70/><D70/><U98/><E98/><V41/><F41/><W108/><G108/><T61/><D61/><U27/><E27/><V106/><F59/><W62/><G62/><T119/><D119/><U134/><E134/><V72/><F17/><W99/><G42/><T33/><D33/><U21/><E52/><V7/><F6/><W112/><G112/><T105/><AGARI ba="2,0" hai="74,76,83,85,87,96,102,105" m="50762,13899" machi="105" ten="30,1500,0" yaku="20,1" doraHai="117" who="0" fromWho="0" sc="403,21,199,-7,199,-7,199,-7" /><INIT seed="0,3,0,0,3,120" ten="424,192,192,192" oya="0" hai0="82,0,118,41,33,25,125,34,48,29,94,2,28" hai1="97,130,131,85,116,111,20,6,72,56,76,115,103" hai2="129,109,59,80,58,90,96,113,124,16,83,30,42" hai3="66,74,44,22,50,78,54,11,99,65,45,68,23"/><T26/><D125/><U104/><E116/><V47/><F113/><W92/><G74/><T126/><D126/><U121/><E121/><V5/><F124/><W3/><G78/><T64/><D118/><U19/><E6/><V1/><F129/><N who="1" m="49161" /><E115/><V84/><F30/><W63/><G66/><T133/><D133/><U55/><E72/><V27/><F5/><W106/><G106/><T49/><D64/><U122/><E122/><V112/><F1/><W107/><G107/><T10/><D10/><U53/><E111/><V17/><F112/><W77/><G77/><T127/><D127/><U43/><E43/><V117/><F117/><W21/><G11/><T95/><D82/><N who="1" m="47303" /><E56/><V4/><F4/><W101/><REACH who="3" step="1"/><G3/><REACH who="3" ten="424,192,192,182" step="2"/><T9/><D9/><U123/><E123/><V46/><F109/><W37/><G37/><T79/><D79/><U100/><E100/><V128/><F128/><W86/><G86/><T98/><D98/><U7/><E7/><V14/><F96/><W36/><G36/><T39/><D39/><U60/><E60/><V57/><F84/><W135/><G135/><T91/><D91/><U70/><E70/><V38/><F90/><W134/><G134/><T119/><D119/><U69/><E69/><V51/><F38/><W81/><G81/><T71/><D71/><U73/><E73/><V61/><F61/><W110/><G110/><T75/><D75/><U102/><E102/><V62/><F62/><W18/><G18/><T12/><D0/><U35/><E35/><V108/><F108/><W24/><G24/><AGARI ba="3,1" hai="19,20,24,53,55,97,103,104" m="47303,49161" machi="24" ten="30,1000,0" yaku="19,1" doraHai="120" who="1" fromWho="3" sc="424,0,192,29,192,0,182,-19" /><INIT seed="1,0,0,1,0,51" ten="424,221,192,163" oya="1" hai0="103,19,113,109,56,10,7,93,34,20,85,135,84" hai1="126,88,74,45,52,66,11,97,26,24,124,31,134" hai2="110,53,58,4,102,101,36,12,63,98,39,21,119" hai3="46,116,30,50,57,95,28,25,106,60,71,90,42"/><U49/><E74/><V9/><F119/><W73/><G106/><T121/><D34/><U117/><E117/><V67/><F110/><W87/><G116/><T99/><D109/><U72/><E72/><V127/><F127/><N who="1" m="48681" /><E134/><V112/><F112/><W114/><G73/><T80/><D135/><U125/><E125/><V0/><F102/><W81/><G114/><T41/><D121/><U40/><E66/><V86/><F86/><W54/><G71/><T79/><D41/><U64/><E64/><V78/><F78/><W13/><G13/><T70/><D70/><U16/><E31/><V132/><F132/><W1/><G1/><T43/><D43/><U3/><E40/><V133/><F133/><W65/><G42/><T6/><D84/><U68/><E68/><V82/><F82/><W55/><G65/><T118/><D118/><U89/><E16/><V18/><REACH who="2" step="1"/><F67/><REACH who="2" ten="424,221,182,163" step="2"/><W92/><REACH who="3" step="1"/><G30/><REACH who="3" ten="424,221,182,153" step="2"/><T75/><D113/><U32/><E97/><V100/><F100/><W104/><G104/><AGARI ba="0,2" hai="0,4,9,12,18,21,36,39,53,58,63,98,101,104" machi="104" ten="30,3900,0" yaku="1,1,7,1,52,1,53,0" doraHai="51" doraHaiUra="129" who="2" fromWho="3" sc="424,0,221,0,182,59,153,-39" /><INIT seed="2,0,0,0,3,44" ten="424,221,241,114" oya="2" hai0="83,9,63,28,69,23,84,33,118,40,45,26,38" hai1="67,93,120,17,49,75,43,25,65,85,101,80,51" hai2="82,79,114,50,124,62,102,42,56,109,34,58,22" hai3="90,53,111,71,18,87,122,39,52,31,0,37,27"/><V1/><F34/><W35/><G71/><T103/><D118/><U130/><E75/><V108/><F114/><W59/><G122/><T7/><D103/><U95/><E130/><V13/><F1/><W15/><G0/><T21/><D63/><U96/><E95/><V112/><F112/><W60/><G111/><N who="2" m="42569" /><F102/><W68/><G68/><T116/><D69/><U24/><E120/><V46/><F124/><W29/><G29/><T30/><D30/><U6/><E6/><V86/><F62/><W47/><G47/><T3/><D116/><U14/><E43/><V4/><F22/><W123/><G123/><T73/><D73/><U106/><E106/><V125/><F125/><W117/><G53/><T19/><D19/><U133/><E133/><V88/><F79/><AGARI ba="0,0" hai="3,7,9,21,23,26,28,33,38,40,45,79,83,84" machi="79" ten="30,1000,0" yaku="7,1" doraHai="44" who="0" fromWho="2" sc="424,10,221,0,241,-10,114,0" /><INIT seed="3,0,0,5,2,124" ten="434,221,231,114" oya="3" hai0="23,114,14,42,65,33,31,57,134,99,70,113,93" hai1="47,92,26,89,25,75,74,107,3,63,45,109,119" hai2="29,56,12,36,15,27,91,121,104,117,72,51,101" hai3="82,131,34,103,118,88,108,68,80,76,128,1,49"/><W64/><G1/><T135/><D70/><U129/><E107/><V38/><F117/><W130/><G34/><T126/><D42/><U5/><E63/><V97/><F121/><W19/><G118/><T62/><D33/><U41/><E89/><V8/><F72/><W95/><G108/><T20/><D126/><U71/><E92/><V60/><F51/><W78/><G103/><T0/><D0/><U77/><E5/><V44/><F91/><W86/><G19/><N who="0" m="10359" /><D23/><U66/><E66/><V28/><F44/><W30/><G30/><T39/><D39/><U85/><E85/><V84/><F84/><N who="3" m="48151" /><G49/><T16/><D16/><U102/><E102/><V96/><F96/><N who="3" m="57447" /><G64/><T7/><D7/><U83/><E3/><V13/><F8/><W69/><AGARI ba="0,0" hai="68,69,76,82,86,128,130,131" m="57447,48151" machi="69" ten="40,12000,1" yaku="19,1,52,3,54,1" doraHai="124" who="3" fromWho="3" sc="434,-40,221,-40,231,-40,114,120" /><INIT seed="3,1,0,5,2,94" ten="394,181,191,234" oya="3" hai0="25,28,44,16,69,49,123,102,115,101,8,126,119" hai1="130,74,83,109,46,88,129,42,125,4,38,7,118" hai2="61,18,51,67,96,47,24,39,124,73,13,97,112" hai3="66,43,86,1,45,15,34,40,37,98,12,59,75"/><W36/><G1/><T110/><D123/><U87/><E118/><V93/><F112/><W84/><G75/><T70/><D119/><U22/><E109/><V32/><F124/><W78/><G34/><T91/><D110/><U0/><E125/><V80/><F39/><W107/><G78/><T23/><D115/><U133/><E133/><V48/><F73/><W92/><G107/><T82/><D69/><U6/><E74/><V55/><F80/><W105/><G105/><T117/><D70/><U62/><E62/><V27/><F32/><W76/><G76/><T131/><D131/><N who="1" m="50187" /><E22/><V21/><F51/><W85/><G59/><T17/><D117/><U120/><E120/><V26/><REACH who="2" step="1"/><F93/><REACH who="2" ten="394,181,181,234" step="2"/><W111/><G111/><T19/><D126/><U31/><E31/><V9/><F9/><AGARI ba="1,1" hai="0,4,6,7,9,38,42,46,83,87,88" m="50187" machi="9" ten="30,2000,0" yaku="19,1,54,1" doraHai="94" who="1" fromWho="2" sc="394,0,181,33,181,-23,234,0" /><INIT seed="4,0,0,3,2,114" ten="394,214,158,234" oya="0" hai0="125,23,69,62,113,33,107,49,74,123,60,53,12" hai1="121,127,45,132,87,77,39,9,112,109,59,6,54" hai2="31,35,79,8,84,30,0,63,15,81,72,124,3" hai3="5,67,25,47,70,106,93,94,55,20,95,108,66"/><T13/><D33/><U83/><E121/><V52/><F124/><W133/><G106/><T98/><D74/><U28/><E109/><V2/><F72/><W44/><G108/><T14/><D123/><U90/><E127/><V57/><REACH who="2" step="1"/><F35/><REACH who="2" ten="394,214,148,234" step="2"/><W7/><G133/><T10/><D125/><U85/><E132/><V128/><F128/><W80/><G70/><T135/><D135/><U134/><E134/><V75/><F75/><W18/><G80/><T61/><D69/><U58/><E112/><V40/><F40/><W36/><G36/><T48/><D113/><U111/><E111/><V92/><F92/><W110/><G110/><T86/><D107/><U26/><E39/><V64/><F64/><W96/><G67/><T56/><D10/><U129/><E129/><V34/><F34/><W27/><G66/><T130/><D130/><U43/><E43/><V42/><F42/><W41/><G41/><T99/><D23/><U11/><E11/><V16/><AGARI ba="0,1" hai="0,2,3,8,15,16,30,31,52,57,63,79,81,84" machi="16" ten="30,7900,0" yaku="1,1,0,1,54,2,53,0" doraHai="114" doraHaiUra="122" who="2" fromWho="2" sc="394,-39,214,-20,148,89,234,-20" /><INIT seed="5,0,0,0,3,78" ten="355,194,237,214" oya="1" hai0="98,64,39,70,107,81,45,88,86,66,122,71,118" hai1="85,109,62,127,14,7,11,114,52,42,56,33,20" hai2="80,31,61,55,91,82,57,79,44,27,113,100,46" hai3="50,6,116,132,13,97,30,38,18,24,72,87,34"/><U53/><E33/><V0/><F0/><W16/><G38/><T17/><D118/><U130/><E114/><V22/><F113/><W133/><G72/><T63/><D122/><U89/><E127/><V19/><F100/><W129/><G97/><T68/><D17/><U3/><E130/><V4/><F4/><W32/><G129/><T67/><D39/><U9/><E109/><V103/><F103/><W29/><G50/><T92/><D45/><U41/><E20/><V23/><F91/><W43/><G87/><T111/><D107/><U12/><E53/><V76/><F76/><W58/><G58/><T2/><D2/><U108/><E108/><V101/><F101/><W49/><G49/><T121/><D121/><U36/><E36/><V112/><F112/><W120/><G43/><T93/><D111/><U94/><REACH who="1" step="1"/><E3/><REACH who="1" ten="355,184,237,214" step="2"/><V128/><F128/><W75/><G120/><T77/><D66/><U105/><E105/><V90/><F79/><W40/><G116/><T104/><D104/><U73/><E73/><V59/><F55/><W15/><G75/><T126/><D126/><U48/><E48/><V1/><F1/><W134/><G40/><T123/><D123/><U47/><E47/><V8/><F46/><W37/><G37/><T131/><D131/><U69/><E69/><V125/><F44/><W102/><G32/><T99/><D67/><U60/><E60/><V84/><F61/><W124/><G34/><T21/><D21/><U95/><E95/><N who="2" m="54727" /><F125/><W65/><G124/><T10/><D10/><U96/><E96/><V135/><F23/><W115/><G65/><RYUUKYOKU ba="0,1" sc="355,15,184,15,237,-15,214,-15" hai0="63,64,68,70,71,77,81,86,88,92,93,98,99" hai1="7,9,11,12,14,41,42,52,56,62,85,89,94" /><INIT seed="5,1,1,0,3,119" ten="370,199,222,199" oya="1" hai0="88,60,25,61,50,132,5,95,83,27,39,94,91" hai1="79,47,114,11,133,6,26,135,81,118,28,62,123" hai2="85,18,8,112,130,128,65,92,110,45,66,22,38" hai3="116,24,113,78,107,15,58,120,129,101,105,31,77"/><U1/><E123/><V51/><F110/><W41/><G116/><T124/><D132/><N who="1" m="50763" /><E118/><V108/><F108/><W10/><G113/><T52/><D39/><U36/><E62/><N who="0" m="24169" /><D5/><U75/><E114/><V115/><F38/><W121/><G129/><N who="2" m="49769" /><F8/><W134/><G134/><T100/><D124/><U14/><E36/><V53/><F85/><W23/><G41/><T99/><D83/><U34/><E47/><V125/><F92/><W72/><G58/><N who="0" m="33047" /><D100/><U54/><E54/><V63/><F125/><W59/><G59/><T0/><D0/><AGARI ba="1,1" hai="0,1,6,11,14,26,28,34,75,79,81" m="50763" machi="0" ten="30,1500,0" yaku="20,1" doraHai="119" who="1" fromWho="0" sc="370,-18,199,28,222,0,199,0" /><INIT seed="5,2,0,1,1,110" ten="352,227,222,199" oya="1" hai0="98,12,18,105,117,84,19,109,81,94,80,74,131" hai1="6,72,5,78,104,38,7,54,23,44,107,135,61" hai2="125,120,11,127,103,3,58,48,97,37,93,59,41" hai3="60,30,21,77,112,100,46,124,53,114,20,133,29"/><U15/><E135/><V132/><F120/><W24/><G133/><T90/><D109/><U62/><E38/><V36/><F132/><W96/><G124/><N who="2" m="47689" /><F41/><W115/><G77/><T83/><D117/><U85/><E72/><V2/><F11/><W70/><G70/><T121/><D131/><U119/><E119/><V45/><F59/><N who="3" m="34927" /><G46/><T106/><D19/><N who="1" m="10751" /><E107/><N who="0" m="40969" /><D18/><U64/><E104/><V17/><F17/><N who="3" m="12303" /><G21/><T68/><D12/><U35/><E35/><V73/><F73/><W91/><G100/><N who="0" m="60503" /><D68/><U9/><E9/><V8/><F8/><W126/><G126/><T43/><D43/><U13/><E13/><V49/><F58/><W14/><G14/><T39/><D39/><N who="2" m="14922" /><F45/><W66/><G66/><T122/><D74/><U89/><E64/><V113/><F113/><W82/><G82/><AGARI ba="2,0" hai="80,81,82,83,84,90,121,122" m="60503,40969" machi="82" ten="30,2000,0" yaku="34,2" doraHai="110" who="0" fromWho="3" sc="352,26,227,0,222,0,199,-26" /><INIT seed="6,0,0,3,0,120" ten="378,227,222,173" oya="2" hai0="126,94,41,70,135,47,80,85,117,17,115,87,118" hai1="43,36,54,10,40,0,29,42,5,97,18,9,35" hai2="4,101,82,84,103,7,6,8,129,91,105,124,69" hai3="116,114,55,21,108,45,119,58,39,63,125,121,59"/><V15/><F124/><W50/><G21/><T61/><D126/><U57/><E29/><V95/><F129/><W16/><G16/><T86/><D115/><U72/><E35/><V111/><F69/><W22/><G22/><T64/><D94/><U68/><E68/><V51/><F105/><W52/><G125/><T76/><D17/><U112/><E72/><V19/><F111/><W133/><G121/><T113/><D113/><U30/><E30/><V77/><REACH who="2" step="1"/><F51/><REACH who="2" ten="378,227,212,173" step="2"/><N who="3" m="28783" /><G108/><T127/><D127/><U102/><E112/><V73/><AGARI ba="0,1" hai="4,6,7,8,15,19,73,77,82,84,91,95,101,103" machi="73" ten="30,6000,0" yaku="1,1,0,1,53,1" doraHai="120" doraHaiUra="104" who="2" fromWho="2" sc="378,-20,227,-20,212,70,173,-20" /><INIT seed="6,1,0,2,3,60" ten="358,207,282,153" oya="2" hai0="135,130,113,63,109,35,86,70,30,59,46,0,21" hai1="18,67,103,10,55,124,31,125,108,105,118,16,83" hai2="88,116,121,51,69,27,129,25,11,128,42,40,127" hai3="56,24,37,32,96,44,106,43,95,1,50,53,107"/><V15/><F121/><W26/><G1/><T14/><D0/><U104/><E31/><V114/><F116/><W78/><G78/><T28/><D70/><U45/><E83/><V123/><F123/><W71/><G32/><T131/><D109/><U36/><E118/><V98/><F114/><W97/><G97/><T62/><D62/><U112/><E112/><V117/><F117/><W119/><G119/><T87/><D46/><U68/><E108/><V48/><F69/><W110/><G110/><T111/><D135/><U12/><E18/><V8/><F127/><N who="1" m="48713" /><E103/><V13/><REACH who="2" step="1"/><F88/><REACH who="2" ten="358,207,272,153" step="2"/><W84/><G71/><T72/><D113/><U19/><E68/><V23/><F23/><W102/><G106/><T77/><D21/><U54/><E105/><V76/><F76/><W47/><G107/><T7/><D77/><U64/><E104/><V5/><F5/><W80/><G47/><T99/><D7/><U65/><E19/><V100/><F100/><W61/><G37/><T66/><D111/><U33/><E33/><V115/><F115/><W73/><G73/><T22/><D72/><U120/><E120/><V133/><F133/><W34/><G34/><T9/><D22/><U89/><E89/><V126/><F126/><W3/><G102/><T2/><D35/><U20/><E20/><V29/><F29/><W74/><G74/><T79/><D28/><U90/><E90/><V4/><F4/><W38/><G38/><T81/><D30/><U39/><E39/><V58/><F58/><W93/><G56/><N who="0" m="37223" /><D79/><U122/><E122/><V82/><F82/><W101/><G80/><RYUUKYOKU ba="1,1" sc="358,-15,207,15,272,15,153,-15" hai1="10,12,16,36,45,54,55,64,65,67" hai2="8,11,13,15,25,27,40,42,48,51,98,128,129" /><INIT seed="6,2,1,1,1,54" ten="343,222,287,138" oya="2" hai0="41,82,102,42,88,9,1,91,116,7,124,39,112" hai1="64,4,29,37,13,135,12,105,109,99,115,65,106" hai2="71,52,103,46,98,19,76,118,73,23,86,34,92" hai3="28,113,79,68,57,125,48,8,74,77,44,58,2"/><V14/><F118/><W104/><G68/><T130/><D112/><U18/><E37/><V81/><F34/><W53/><G104/><T36/><D102/><U15/><E109/><V22/><F71/><W55/><G113/><T5/><D82/><U32/><E115/><V96/><F73/><W69/><G69/><T87/><D87/><U72/><E72/><V31/><F98/><W17/><G125/><T27/><D27/><U51/><E18/><V94/><F94/><W85/><G74/><T56/><D9/><U122/><E4/><V50/><REACH who="2" step="1"/><F31/><REACH who="2" ten="343,222,277,138" step="2"/><W100/><G28/><T63/><D116/><U62/><E29/><V101/><F101/><W26/><G100/><T131/><D130/><U59/><E32/><V108/><F108/><W6/><G85/><T84/><D84/><U61/><E99/><V114/><F114/><W24/><G17/><T134/><D131/><U20/><E106/><V35/><F35/><W128/><G128/><T129/><D129/><U49/><E105/><V67/><F67/><W111/><G111/><T90/><D7/><U30/><E122/><V38/><F38/><W43/><G79/><T75/><D36/><U107/><E107/><V97/><F97/><W25/><REACH who="3" step="1"/><G77/><REACH who="3" ten="343,222,277,128" step="2"/><T21/><D75/><U70/><E70/><V132/><F132/><W123/><G123/><T0/><D134/><U117/><E135/><V11/><AGARI ba="2,3" hai="11,14,19,22,23,46,50,52,76,81,86,92,96,103" machi="11" ten="20,18000,2" yaku="1,1,0,1,7,1,8,1,54,1,53,1" doraHai="54" doraHaiUra="83" who="2" fromWho="2" sc="343,-62,222,-62,277,216,128,-62" /><INIT seed="6,3,0,0,3,8" ten="281,160,493,66" oya="2" hai0="96,80,127,115,79,102,41,135,28,114,119,78,111" hai1="61,70,22,18,87,10,34,95,77,120,56,54,38" hai2="37,90,49,130,73,110,134,69,128,44,17,48,0" hai3="85,14,7,109,35,88,11,121,65,47,52,39,116"/><V64/><F73/><W131/><G35/><T30/><D111/><U32/><E38/><V91/><F0/><W15/><G116/><T94/><D127/><U23/><E70/><V67/><F17/><W84/><G109/><T58/><D135/><U36/><E36/><V26/><F26/><W75/><G75/><T107/><D41/><U50/><E120/><V101/><F101/><W74/><G74/><N who="0" m="43095" /><D79/><U124/><E124/><V27/><F27/><W4/><G121/><T57/><D119/><U100/><E100/><V89/><F110/><W133/><G133/><T21/><D21/><U108/><E108/><V106/><F106/><W123/><G123/><T62/><D57/><U118/><E118/><V5/><F5/><W6/><G131/><T99/><D99/><U59/><E34/><V126/><F126/><W19/><G65/><N who="2" m="25161" /><F69/><W82/><G84/><T93/><D30/><U98/><E87/><V86/><F86/><W97/><G97/><T66/><D28/><U20/><E32/><V76/><F76/><W60/><G39/><T40/><D93/><U2/><E77/><V1/><F1/><W125/><G125/><T129/><D94/><U132/><E132/><V63/><F134/><W13/><G60/><T53/><D129/><N who="2" m="49770" /><F63/><W43/><G43/><AGARI ba="3,0" hai="37,43,44,48,49,89,90,91" m="49770,25161" machi="43" ten="40,2000,0" yaku="19,1" doraHai="8" who="2" fromWho="3" sc="281,0,160,0,493,29,66,-29" /><INIT seed="6,4,0,1,3,39" ten="281,160,522,37" oya="2" hai0="41,107,122,79,56,47,102,134,88,43,9,61,133" hai1="96,135,72,51,38,27,108,31,14,54,57,11,15" hai2="4,24,70,125,5,17,6,80,90,0,103,112,58" hai3="30,77,131,129,74,10,3,33,94,115,109,59,20"/><V22/><F70/><W111/><G59/><T127/><D122/><U23/><E72/><V91/><F112/><W92/><G74/><T7/><D127/><U53/><E108/><V104/><F125/><W99/><G77/><T67/><D79/><U46/><E135/><N who="0" m="51721" /><D47/><U26/><E11/><V50/><F0/><W85/><G85/><T1/><D88/><U82/><E82/><V62/><F50/><W64/><G64/><T75/><D75/><U34/><E96/><AGARI ba="4,0" hai="1,7,9,41,43,56,61,67,96,102,107" m="51721" machi="96" ten="30,3900,0" yaku="20,1,52,2" doraHai="39" who="0" fromWho="1" sc="281,51,160,-51,522,0,37,0" /><INIT seed="7,0,0,1,1,10" ten="332,109,522,37" oya="3" hai0="100,134,23,2,77,117,64,84,43,26,3,66,38" hai1="119,17,105,73,132,20,86,127,87,90,128,29,101" hai2="116,81,98,120,6,40,93,18,123,28,31,108,76" hai3="68,12,107,110,135,80,115,133,95,94,25,65,37"/><W126/><G107/><T52/><D117/><U58/><E29/><V27/><F6/><W19/><G25/><T82/><D134/><N who="3" m="51209" /><G37/><T49/><D100/><U125/><E73/><V130/><F108/><W34/><G34/><T35/><D35/><U109/><E109/><V114/><F114/><W113/><G110/><T99/><D99/><N who="1" m="61631" /><E132/><V111/><F130/><W33/><G33/><T14/><D3/><U129/><E119/><V41/><F116/><W70/><G126/><N who="1" m="48138" /><E58/><V45/><F111/><W61/><G70/><T89/><D43/><U47/><E47/><V63/><F27/><W71/><G80/><T46/><D38/><U13/><E87/><V15/><F81/><AGARI ba="0,0" hai="13,17,20,81,86,90,128,129" m="48138,61631" machi="81" ten="30,2000,0" yaku="18,1,52,1" doraHai="10" who="1" fromWho="2" sc="332,0,109,20,522,-20,37,0" owari="332,13.0,129,-27.0,502,60.0,37,-46.0" /></mjloggm>