<mjloggm ver="2.3"><GO type="41" lobby="0"/><UN n0="%E5%B0%B1%E6%B4%BB%E7%94%9F%40%E5%B7%9D%E6%9D%91%E8%BB%8D%E5%9B%A3" n1="%47%6F%6E%7A%61" n2="%EF%BC%A0%E6%B0%B4%E6%B2%A1%E7%8E%8B%E5%AD%90%EF%BC%A0" n3="%6E%6F%2D%73%75" dan="16,13,14,15" rate="2200.21,1923.40,1968.47,1931.86" sx="M,M,M,M"/><TAIKYOKU oya="0"/><INIT seed="0,0,0,3,2,14" ten="250,250,250,250" oya="0" hai0="115,104,25,79,117,120,38,22,88,55,54,103,132" hai1="19,1,16,72,101,7,24,12,57,46,10,93,97" hai2="78,53,92,81,40,32,80,30,0,26,50,59,35" hai3="125,112,58,99,135,131,127,76,98,11,18,65,64"/><T134/><D120/><U95/><E72/><V69/><F0/><W9/><G112/><T44/><D79/><U70/><E70/><V67/><F35/><W27/><G76/><T96/><D117/><U128/><E128/><V47/><F78/><W84/><G84/><T106/><D106/><U37/><E57/><V73/><F73/><W56/><G131/><T118/><D118/><U122/><E122/><V8/><F8/><W100/><G27/><T133/><D115/><U45/><E1/><V63/><REACH who="2" step="1"/><F92/><REACH who="2" ten="250,250,240,250" step="2"/><W17/><REACH who="3" step="1"/><G100/><REACH who="3" ten="250,250,240,240" step="2"/><T126/><D103/><U39/><E101/><V116/><F116/><W48/><G48/><AGARI ba="0,2" hai="26,30,32,40,47,48,50,53,59,63,67,69,80,81" machi="48" ten="30,2000,0" yaku="1,1,7,1,53,0" doraHai="14" doraHaiUra="13" who="2" fromWho="3" sc="250,0,250,0,240,40,240,-20" /><INIT seed="1,0,0,3,3,44" ten="250,250,280,220" oya="1" hai0="79,75,18,101,57,42,100,3,60,68,29,97,115" hai1="84,86,90,82,109,7,106,114,94,73,69,27,5" hai2="89,134,70,77,132,52,47,63,20,76,126,21,93" hai3="17,0,96,130,67,122,62,23,10,65,58,129,133"/><U6/><E114/><V8/><F126/><W95/><G122/><T112/><D68/><U50/><E106/><V66/><F8/><W85/><G133/><N who="2" m="51305" /><F47/><W36/><G36/><T113/><D3/><U41/><E69/><V117/><F117/><W92/><G0/><T105/><D100/><U110/><E27/><V9/><F9/><W121/><G121/><T71/><D71/><U37/><E37/><V11/><F11/><W131/><G10/><T16/><D29/><U72/><E41/><V125/><F52/><N who="3" m="34119" /><G85/><T54/><D42/><U59/><E59/><V111/><F111/><N who="1" m="42505" /><E50/><V102/><F125/><W39/><G39/><T118/><D118/><U55/><E55/><V1/><F1/><W74/><G74/><T56/><D56/><U98/><E84/><V13/><F102/><AGARI ba="0,0" hai="5,6,7,72,73,82,86,90,94,98,102" m="42505" machi="102" ten="30,2900,0" yaku="14,1,10,1" doraHai="44" who="1" fromWho="2" sc="250,0,250,29,280,-29,220,0" /><INIT seed="1,1,0,2,2,54" ten="250,279,251,220" oya="1" hai0="40,44,110,128,125,113,29,118,7,117,91,48,68" hai1="1,105,10,88,116,131,15,32,21,6,96,37,57" hai2="62,24,72,28,89,119,38,87,78,94,19,35,66" hai3="63,111,36,104,102,121,39,46,76,134,92,70,123"/><U43/><E116/><V52/><F119/><W18/><G111/><T122/><D7/><U124/><E131/><V74/><F38/><N who="3" m="14379" /><G18/><T47/><D29/><U130/><E124/><V71/><F78/><W84/><G92/><T129/><D91/><U26/><E130/><N who="0" m="50281" /><D113/><U61/><E43/><V75/><F19/><W107/><G84/><T86/><D86/><U120/><E37/><V49/><REACH who="2" step="1"/><F74/><REACH who="2" ten="250,279,241,220" step="2"/><W132/><G76/><T59/><D117/><U80/><E120/><N who="3" m="46154" /><G104/><T13/><D122/><U50/><E105/><V100/><F100/><W4/><G107/><T53/><D118/><U45/><E6/><V25/><F25/><W3/><G102/><T60/><D125/><U99/><E26/><V56/><AGARI ba="1,1" hai="24,28,35,49,52,56,62,66,71,72,75,87,89,94" machi="56" ten="20,8000,1" yaku="1,1,0,1,7,1,52,1,54,1,53,0" doraHai="54" doraHaiUra="8" who="2" fromWho="2" sc="250,-21,279,-41,241,93,220,-21" /><INIT seed="2,0,0,3,3,101" ten="229,238,334,199" oya="2" hai0="65,121,62,133,118,21,125,50,88,48,55,45,31" hai1="109,119,76,13,4,127,29,36,72,42,28,107,98" hai2="102,100,52,63,47,131,103,17,85,32,19,22,67" hai3="35,94,54,117,68,112,0,78,108,84,105,27,81"/><V122/><F122/><W34/><G117/><T25/><D121/><U18/><E109/><V71/><F32/><W97/><G108/><T11/><D118/><U82/><E119/><V12/><F131/><W41/><G68/><T135/><D125/><U6/><E127/><V39/><F39/><W15/><G0/><T126/><D126/><U87/><E72/><V95/><F85/><W116/><G116/><T5/><D50/><U14/><E14/><V30/><F30/><W89/><G41/><T16/><D31/><U43/><E29/><V96/><F47/><W37/><G37/><T104/><D104/><U79/><E79/><V110/><F110/><W115/><G54/><T26/><D26/><U58/><E28/><V20/><REACH who="2" step="1"/><F52/><REACH who="2" ten="229,238,324,199" step="2"/><W44/><G44/><T86/><D65/><U120/><E36/><V46/><F46/><W56/><G34/><T123/><D123/><U7/><E120/><V60/><F60/><W113/><G35/><T77/><D62/><U51/><E51/><V90/><F90/><W57/><G27/><AGARI ba="0,1" hai="12,17,19,20,22,27,63,67,71,95,96,100,102,103" machi="27" ten="30,2900,0" yaku="1,1,7,1,53,0" doraHai="101" doraHaiUra="111" who="2" fromWho="3" sc="229,0,238,0,324,39,199,-29" /><INIT seed="2,1,0,3,3,50" ten="229,238,363,170" oya="2" hai0="55,91,40,105,128,97,114,101,22,127,64,32,113" hai1="83,111,74,112,20,126,77,109,52,43,41,131,3" hai2="117,132,23,36,44,103,30,123,21,82,49,89,88" hai3="76,100,75,95,121,96,115,18,129,58,6,104,102"/><V9/><F36/><W5/><G121/><T94/><D32/><U48/><E112/><V87/><F123/><W78/><G115/><T110/><D110/><N who="1" m="41995" /><E3/><V26/><F117/><W38/><G38/><T90/><D127/><U99/><E126/><V27/><F132/><W59/><G18/><T0/><D0/><U42/><E99/><V37/><F37/><W68/><G96/><T14/><D128/><U8/><E8/><V135/><F135/><W15/><G15/><T71/><D40/><U134/><E134/><V80/><F103/><W81/><G68/><T133/><D133/><U98/><E98/><V122/><F122/><W12/><G12/><T107/><D107/><U57/><E20/><V4/><F4/><W84/><G84/><T108/><D108/><U61/><E131/><V51/><F44/><AGARI ba="1,0" hai="41,42,43,44,48,52,57,61,74,77,83" m="41995" machi="44" ten="30,3900,0" yaku="14,1,52,1,54,1" doraHai="50" who="1" fromWho="2" sc="229,0,238,42,363,-42,170,0" /><INIT seed="3,0,0,5,3,25" ten="229,280,321,170" oya="3" hai0="4,47,0,63,130,101,89,62,123,20,103,126,124" hai1="15,75,100,9,71,21,50,46,76,10,104,5,95" hai2="30,132,45,73,114,121,8,106,122,44,23,108,102" hai3="1,117,54,107,17,129,57,55,83,125,41,12,42"/><W84/><G117/><T110/><D123/><N who="2" m="47114" /><F73/><W24/><G1/><T51/><D130/><U52/><E104/><V68/><F68/><W60/><G107/><T27/><D110/><U26/><E71/><V94/><F106/><W127/><G129/><T16/><D89/><U98/><E75/><V96/><F108/><W81/><G24/><T128/><D128/><U49/><E76/><V18/><F114/><W119/><G119/><T31/><D4/><U59/><E9/><V85/><F132/><W22/><G55/><N who="0" m="30207" /><D0/><U133/><E133/><V79/><F30/><W72/><G72/><T87/><D87/><U13/><E13/><N who="2" m="7463" /><F23/><W3/><G3/><T88/><D88/><N who="1" m="55655" /><E49/><V32/><F32/><W48/><G83/><AGARI ba="0,0" hai="44,45,79,83,85,94,96,102" m="7463,47114" machi="83" ten="30,1000,0" yaku="13,1" doraHai="25" who="2" fromWho="3" sc="229,0,280,0,321,10,170,-10" /><INIT seed="4,0,0,2,1,17" ten="229,280,331,160" oya="0" hai0="99,75,47,21,111,19,68,102,101,127,122,63,23" hai1="67,53,12,132,116,56,7,9,112,64,3,119,105" hai2="100,117,59,103,113,91,95,134,0,32,24,60,83" hai3="65,45,73,109,51,22,36,20,97,14,48,54,4"/><T57/><D122/><U108/><E108/><V72/><F0/><W35/><G109/><T8/><D68/><U33/><E33/><V126/><F126/><W85/><G35/><T52/><D75/><U115/><E105/><V96/><F113/><N who="1" m="43593" /><E132/><V1/><F1/><W6/><G73/><T130/><D127/><U92/><E92/><V71/><F71/><W88/><G65/><N who="1" m="25162" /><E3/><V43/><F134/><W69/><G69/><T76/><D111/><U44/><E44/><V2/><F2/><W81/><G36/><T104/><D130/><U39/><E39/><V118/><F32/><W124/><G124/><T78/><D47/><U84/><E84/><N who="2" m="50591" /><F72/><W31/><G97/><T30/><D101/><U66/><N who="1" m="25170" /><U15/><DORA hai="34" /><E15/><V135/><F103/><W120/><G120/><T80/><D30/><U42/><E42/><V70/><F43/><W133/><G133/><T86/><REACH who="0" step="1"/><D76/><REACH who="0" ten="219,280,331,160" step="2"/><U29/><E29/><V121/><F70/><W28/><G31/><T131/><D131/><U37/><E37/><V107/><F121/><W128/><G128/><T106/><D106/><U74/><E74/><V16/><F107/><W82/><G28/><T18/><D18/><U61/><AGARI ba="0,1" hai="7,9,12,53,56,61,116,119" m="25170,43593" machi="61" ten="40,2700,0" yaku="15,1,11,1" doraHai="17,34" who="1" fromWho="1" sc="219,-13,280,37,331,-7,160,-7" /><INIT seed="5,0,0,1,1,121" ten="206,317,324,153" oya="1" hai0="40,19,129,55,122,131,70,3,27,79,10,53,125" hai1="124,83,25,110,20,108,64,88,8,44,102,38,61" hai2="127,22,18,77,133,86,104,134,35,112,51,34,46" hai3="54,95,100,1,30,49,26,37,9,11,16,73,41"/><U130/><E124/><V32/><F104/><W84/><G73/><T111/><D122/><U71/><E130/><N who="0" m="49673" /><D70/><U62/><E102/><V69/><F69/><W97/><G1/><T132/><D125/><U81/><E62/><V67/><F67/><W126/><G126/><T105/><D105/><U90/><E8/><V92/><F127/><W28/><G37/><T17/><D40/><U48/><E38/><V119/><F112/><W89/><G41/><T109/><D79/><U12/><E12/><V99/><F86/><W123/><G123/><T76/><D76/><U68/><E68/><V2/><F77/><W60/><G60/><T101/><D101/><U107/><E107/><V36/><F36/><W106/><G9/><T0/><D132/><N who="2" m="50794" /><F2/><N who="0" m="554" /><D27/><U93/><E90/><N who="2" m="55703" /><F119/><W50/><G50/><T21/><D21/><U47/><E20/><V74/><F74/><W52/><G54/><N who="0" m="20491" /><D10/><U57/><E25/><N who="2" m="14551" /><F35/><W82/><G106/><T5/><D5/><U115/><E71/><V13/><F13/><N who="3" m="7231" /><G26/><T33/><D33/><U39/><E39/><V113/><F113/><W42/><G42/><AGARI ba="0,0" hai="32,34,42,46,51" m="14551,55703,50794" machi="42" ten="30,1000,0" yaku="20,1" doraHai="121" who="2" fromWho="3" sc="206,0,317,0,324,10,153,-10" /><INIT seed="6,0,0,2,0,98" ten="206,317,334,143" oya="2" hai0="112,102,3,87,20,19,18,62,106,117,47,55,71" hai1="95,121,68,34,10,130,5,115,13,78,28,107,109" hai2="97,81,89,86,6,127,24,69,94,129,85,79,37" hai3="16,17,61,99,67,103,88,116,64,105,45,73,66"/><V26/><F69/><W32/><G116/><T44/><D3/><U4/><E109/><V15/><F37/><W84/><G73/><T77/><D112/><U74/><E107/><V118/><F118/><W128/><G128/><T1/><D1/><U33/><E130/><V126/><F129/><W38/><G32/><T46/><D117/><U40/><E115/><V113/><F113/><W12/><G17/><T51/><D19/><U60/><E121/><V43/><F43/><W0/><G0/><T70/><D87/><U76/><E74/><V122/><F6/><W52/><G38/><T7/><D77/><U119/><E119/><V59/><F15/><W2/><G2/><T120/><D7/><U8/><E34/><V83/><F59/><W21/><G45/><T93/><D106/><U11/><E95/><V14/><F14/><W135/><G135/><T27/><D120/><U92/><E92/><V25/><REACH who="2" step="1"/><F122/><REACH who="2" ten="206,317,324,143" step="2"/><W133/><G133/><T23/><D71/><U72/><E40/><V123/><F123/><W35/><G35/><T48/><D70/><U124/><E13/><V50/><F50/><W114/><G114/><T101/><D51/><U56/><E68/><V22/><F22/><W54/><REACH who="3" step="1"/><G61/><REACH who="3" ten="206,317,324,133" step="2"/><T91/><D62/><U65/><E33/><V82/><F82/><AGARI ba="0,2" hai="12,16,21,52,54,64,66,67,82,84,88,99,103,105" machi="82" ten="40,16000,3" yaku="1,1,2,1,52,1,54,3,53,3" doraHai="98" doraHaiUra="63" who="3" fromWho="2" sc="206,0,317,0,324,-160,133,180" /><INIT seed="7,0,0,4,0,77" ten="206,317,164,313" oya="3" hai0="112,132,97,133,111,20,58,127,100,15,45,43,26" hai1="48,118,24,30,17,73,6,76,59,5,18,114,130" hai2="2,52,78,106,4,37,7,71,39,31,0,80,36" hai3="79,28,51,101,124,33,62,29,64,16,13,40,131"/><W128/><G124/><T94/><D111/><U66/><E114/><V122/><F106/><W60/><G101/><T57/><D112/><U87/><E73/><V3/><F122/><W117/><G117/><T70/><D15/><U47/><E118/><V41/><F71/><W56/><G79/><T8/><D8/><U61/><E130/><N who="3" m="49706" /><G33/><T46/><D70/><U91/><E76/><V108/><F108/><W89/><G89/><T107/><D107/><U93/><E30/><V134/><F134/><N who="0" m="51818" /><D127/><U90/><E91/><V1/><N who="2" m="512" /><DORA hai="44" /><V68/><F68/><N who="3" m="41991" /><G51/><N who="0" m="27071" /><D46/><U120/><E120/><V116/><F116/><W67/><G40/><T49/><D49/><U105/><E105/><V38/><N who="2" m="9728" /><DORA hai="121" /><V88/><F41/><W35/><G35/><T21/><D21/><AGARI ba="0,0" hai="13,16,21,28,29,56,62,67" m="41991,49706" machi="21" ten="30,2900,0" yaku="19,1,54,1" doraHai="77,44,121" who="3" fromWho="0" sc="206,-29,317,0,164,0,313,29" owari="177,-22.0,317,12.0,164,-34.0,342,44.0" /></mjloggm>