<mjloggm ver="2.3"><GO type="225" lobby="0"/><UN n0="%53%65%6E%61%72" n1="%E3%81%AA%E3%81%A3%E3%81%8D%E3%82%8A" n2="%E5%B0%B1%E6%B4%BB%E7%94%9F%40%E5%B7%9D%E6%9D%91%E8%BB%8D%E5%9B%A3" n3="%E3%83%89%E3%83%90%E3%82%AF%E3%83%81%E5%A4%A7%E9%87%8E" dan="17,17,17,17" rate="2163.04,2165.41,2194.17,2200.72" sx="M,M,M,M"/><TAIKYOKU oya="0"/><INIT seed="0,0,0,2,0,73" ten="250,250,250,250" oya="0" hai0="51,19,75,129,56,86,39,72,5,121,0,101,15" hai1="124,94,34,98,83,20,48,78,26,92,63,45,25" hai2="77,95,36,84,24,58,40,112,59,88,69,110,100" hai3="44,90,54,62,13,9,21,67,7,22,128,18,43"/><T41/><D121/><U131/><E131/><V134/><F112/><W133/><G128/><T49/><D129/><U117/><E117/><V123/><F123/><W8/><G133/><T127/><D127/><U107/><E63/><V52/><F134/><W106/><G106/><T118/><D118/><U71/><E71/><V108/><F69/><W122/><G122/><T64/><D5/><U116/><E116/><V96/><F24/><W97/><G54/><T35/><D0/><U103/><E34/><V76/><F40/><W50/><G97/><T33/><D101/><U2/><E2/><V68/><F68/><W89/><G22/><T132/><D132/><U70/><E70/><V3/><F3/><W11/><G7/><T27/><D39/><U80/><E80/><N who="2" m="49159" /><F58/><AGARI ba="0,0" hai="8,9,11,13,18,21,43,44,50,58,62,67,89,90" machi="58" ten="40,1300,0" yaku="8,1" doraHai="73" who="3" fromWho="2" sc="250,0,250,0,250,-13,250,13" /><INIT seed="1,0,0,4,4,84" ten="250,250,237,263" oya="1" hai0="62,76,26,17,0,24,72,66,45,53,30,8,25" hai1="52,40,10,68,5,74,118,51,29,132,4,111,37" hai2="3,129,15,83,96,122,39,85,87,65,59,69,115" hai3="60,89,41,20,32,125,42,36,1,86,77,61,18"/><U109/><E74/><V99/><F3/><W113/><G32/><T108/><D108/><N who="1" m="41547" /><E118/><V80/><F122/><W33/><G33/><T81/><D30/><U56/><E132/><V75/><F69/><W110/><G1/><T92/><D92/><U98/><E68/><V101/><F39/><W22/><G110/><T105/><D105/><U64/><E64/><V49/><F75/><W19/><G113/><T48/><D0/><N who="1" m="263" /><E5/><V28/><F129/><W91/><G125/><T2/><D2/><U11/><E11/><V7/><F28/><W79/><G86/><T47/><D8/><U58/><E29/><V43/><F115/><W116/><REACH who="3" step="1"/><G36/><REACH who="3" ten="250,250,237,253" step="2"/><T95/><D17/><U67/><E98/><V104/><F99/><W57/><G57/><T93/><REACH who="0" step="1"/><D47/><REACH who="0" ten="240,250,237,253" step="2"/><N who="1" m="23951" /><E67/><V135/><F65/><W27/><G27/><T78/><D78/><U44/><AGARI ba="0,2" hai="44,51,52,56,58" m="23951,263,41547" machi="44" ten="30,6000,0" yaku="14,1,10,1,54,1" doraHai="84" who="1" fromWho="1" sc="240,-20,250,80,237,-20,253,-20" /><INIT seed="1,1,0,5,4,81" ten="220,330,217,233" oya="1" hai0="114,14,91,120,101,82,58,10,131,62,44,84,20" hai1="79,11,9,29,0,48,73,2,71,86,15,125,106" hai2="119,83,40,49,95,78,122,42,74,102,128,135,51" hai3="6,115,59,123,57,96,47,19,36,12,89,26,110"/><U4/><E71/><V103/><F119/><W117/><G115/><T77/><D114/><U88/><E106/><V97/><F122/><W134/><G123/><T75/><D120/><U100/><E100/><V93/><F128/><W108/><G117/><T129/><D101/><U25/><E125/><V126/><F135/><W105/><G134/><T121/><D20/><U55/><E79/><V98/><REACH who="2" step="1"/><F126/><REACH who="2" ten="220,330,207,233" step="2"/><W66/><G108/><T72/><D121/><U68/><E68/><V104/><F104/><W31/><G105/><T130/><D44/><U52/><E73/><V118/><F118/><W63/><G47/><T61/><D75/><U64/><E2/><V21/><F21/><W112/><G110/><T85/><D72/><U41/><E0/><V50/><AGARI ba="1,1" hai="40,42,49,50,51,74,78,83,93,95,97,98,102,103" machi="50" ten="30,4000,0" yaku="1,1,0,1,9,1,53,0" doraHai="81" doraHaiUra="28" who="2" fromWho="2" sc="220,-11,330,-21,207,53,233,-11" /><INIT seed="2,0,0,0,0,85" ten="209,309,260,222" oya="2" hai0="103,48,33,80,44,23,128,68,131,31,56,96,99" hai1="66,74,111,93,126,9,42,114,72,112,26,97,30" hai2="45,77,129,58,102,135,132,70,24,94,3,95,113" hai3="32,28,76,1,130,59,4,13,29,21,98,84,107"/><V22/><F3/><W61/><G130/><N who="0" m="49707" /><D68/><U109/><E66/><V64/><F70/><W55/><G32/><T50/><D33/><N who="1" m="20695" /><E42/><V54/><F129/><W2/><G2/><T27/><D103/><N who="1" m="60847" /><E9/><V82/><F113/><N who="1" m="43625" /><E126/><V67/><F45/><W127/><G127/><T117/><D117/><U78/><E78/><V105/><F105/><W125/><G1/><T52/><D80/><U73/><E73/><V69/><F69/><W20/><G107/><T10/><D10/><U89/><E89/><V16/><F67/><W91/><G98/><T19/><D31/><N who="3" m="11849" /><G76/><T53/><AGARI ba="0,0" hai="19,23,27,44,48,50,52,53,56,96,99" m="49707" machi="53" ten="30,2000,0" yaku="19,1,54,1" doraHai="85" who="0" fromWho="0" sc="209,20,309,-5,260,-10,222,-5" /><INIT seed="3,0,0,2,1,9" ten="229,304,250,217" oya="3" hai0="103,70,65,96,36,8,4,98,57,114,85,59,95" hai1="83,49,124,62,38,122,78,53,86,37,64,69,34" hai2="10,42,111,66,52,56,117,104,14,89,1,121,93" hai3="75,30,48,12,80,61,23,27,17,107,105,33,77"/><W129/><G129/><T58/><D36/><U92/><E122/><V116/><F104/><W28/><G28/><T54/><D114/><U32/><E124/><V71/><F1/><W40/><REACH who="3" step="1"/><G61/><REACH who="3" ten="229,304,250,207" step="2"/><T109/><D109/><U123/><E123/><V51/><F111/><W74/><G74/><T108/><D108/><U47/><E34/><V0/><F121/><W43/><G43/><T81/><D98/><U31/><E31/><V67/><F42/><W106/><G106/><T101/><D101/><U127/><E127/><V29/><F117/><W68/><G68/><T76/><D70/><U21/><E32/><V41/><F116/><W2/><G2/><T110/><D110/><U63/><E63/><V131/><F0/><W100/><G100/><T44/><D65/><U16/><E92/><V99/><F71/><W120/><G120/><T119/><D119/><U82/><E83/><V132/><F132/><W6/><G6/><T72/><D72/><U73/><E73/><V112/><F112/><W35/><G35/><T20/><D20/><U135/><E135/><V18/><F131/><W113/><G113/><T50/><D4/><U26/><AGARI ba="0,1" hai="16,21,26,37,38,47,49,53,62,64,69,78,82,86" machi="26" ten="20,2700,0" yaku="0,1,7,1,54,1" doraHai="9" who="1" fromWho="1" sc="229,-7,304,37,250,-7,207,-13" owari="222,-18.0,341,45.0,243,4.0,194,-31.0" /></mjloggm>