<mjloggm ver="2.3"><GO type="169" lobby="0"/><UN n0="%E5%B0%B1%E6%B4%BB%E7%94%9F%40%E5%B7%9D%E6%9D%91%E8%BB%8D%E5%9B%A3" n1="%E3%83%8F%E3%83%9E%E3%83%BC" n2="%6B%E3%81%AE%64%65%73%75" n3="%E3%81%87%E3%82%8B%E3%81%87%E3%82%8B" dan="17,18,16,16" rate="2215.84,2205.47,2117.61,2086.79" sx="M,M,M,F"/><TAIKYOKU oya="0"/><INIT seed="0,0,0,2,4,59" ten="250,250,250,250" oya="0" hai0="70,42,91,34,107,132,49,78,109,68,25,77,72" hai1="89,86,23,44,79,100,118,116,96,131,12,87,14" hai2="122,124,20,6,58,135,73,30,45,121,40,27,104" hai3="74,10,48,117,60,8,129,52,65,26,66,56,103"/><T95/><D107/><U90/><E44/><V9/><F124/><W115/><G117/><T85/><D132/><U54/><E54/><V119/><F135/><W75/><G115/><T93/><D109/><U81/><E23/><V82/><F104/><W98/><G129/><T130/><D130/><U99/><E131/><V123/><F119/><W24/><G74/><T80/><D77/><U35/><E79/><V61/><F82/><W94/><G66/><T102/><D42/><U134/><E81/><V101/><F101/><W110/><G75/><T46/><D102/><U38/><E38/><V15/><F73/><W76/><G76/><T112/><D112/><U47/><E100/><V126/><F126/><W0/><G110/><T55/><REACH who="0" step="1"/><D95/><REACH who="0" ten="240,250,250,250" step="2"/><U97/><E134/><V41/><REACH who="2" step="1"/><F45/><REACH who="2" ten="240,250,240,250" step="2"/><W21/><G103/><T105/><D105/><U2/><E47/><V32/><F32/><W127/><G94/><T50/><D50/><U11/><E35/><V36/><F36/><W22/><G48/><T3/><D3/><U63/><E2/><V7/><F7/><W113/><G0/><T88/><D88/><U33/><E33/><V133/><F133/><W92/><G127/><T16/><D16/><U28/><E90/><V18/><F18/><W13/><G92/><T37/><D37/><U114/><E89/><V71/><F71/><W128/><G113/><T120/><D120/><U111/><E114/><V125/><F125/><W62/><G128/><T106/><D106/><U17/><E116/><V83/><F83/><W5/><G5/><T53/><D53/><AGARI ba="0,2" hai="6,9,15,20,27,30,40,41,53,58,61,121,122,123" machi="53" ten="40,5200,0" yaku="1,1,52,1,53,1" doraHai="59" doraHaiUra="19" who="2" fromWho="0" sc="240,-52,250,0,240,72,250,0" /><INIT seed="1,0,0,2,4,131" ten="188,250,312,250" oya="1" hai0="105,24,50,58,2,77,53,44,106,80,99,62,111" hai1="70,8,117,47,135,17,116,42,72,54,97,134,5" hai2="25,60,124,128,40,69,127,31,7,103,118,6,74" hai3="33,59,123,100,22,85,41,30,66,86,82,104,96"/><U28/><E72/><V51/><F74/><W88/><G123/><T75/><D111/><U91/><E54/><V90/><F103/><W113/><G113/><T21/><D2/><U29/><E70/><V119/><F90/><W36/><G33/><T68/><D68/><U0/><E17/><V56/><F69/><W120/><G120/><T43/><REACH who="0" step="1"/><D99/><REACH who="0" ten="178,250,312,250" step="2"/><U71/><E71/><V64/><F128/><W133/><G96/><T4/><D4/><U16/><E116/><V102/><F7/><W1/><G1/><T108/><D108/><U55/><E117/><V121/><F6/><W89/><G86/><T45/><D45/><U34/><E5/><V3/><F3/><W93/><G85/><T98/><D98/><U13/><E0/><V10/><F121/><W27/><G59/><T114/><D114/><U87/><E97/><V61/><F118/><W101/><G101/><T79/><D79/><U14/><E87/><V35/><F102/><W73/><G100/><T9/><D9/><U130/><E130/><V37/><F10/><W20/><G73/><T95/><D95/><U78/><E78/><V107/><F119/><W52/><G93/><T12/><D12/><U122/><E13/><V18/><F56/><W26/><G89/><T11/><D11/><U39/><E122/><V48/><F124/><W32/><G88/><T65/><D65/><U110/><E110/><V46/><F64/><W15/><G66/><T38/><D38/><U81/><E91/><V125/><F127/><W83/><G36/><T129/><D129/><U112/><E39/><V94/><F125/><RYUUKYOKU ba="0,1" sc="178,30,250,-10,312,-10,250,-10" hai0="21,24,43,44,50,53,58,62,75,77,80,105,106" /><INIT seed="2,1,1,0,5,79" ten="208,240,302,240" oya="2" hai0="41,15,48,103,49,96,117,95,4,40,64,33,63" hai1="31,8,36,21,43,119,37,20,3,44,30,126,62" hai2="133,109,11,14,115,88,89,101,56,75,85,127,12" hai3="93,99,97,52,70,69,74,5,78,122,46,19,1"/><V25/><F115/><W42/><G122/><T39/><D33/><U38/><E119/><V125/><F133/><W13/><G99/><T24/><D117/><U91/><E126/><N who="2" m="48139" /><F75/><W123/><G123/><T27/><D39/><U66/><E91/><V110/><F101/><W108/><G108/><N who="2" m="41577" /><F25/><N who="0" m="9802" /><D63/><U55/><E31/><V72/><F72/><W102/><G1/><T104/><D64/><U61/><E30/><V118/><F118/><W129/><G5/><T106/><D106/><U124/><E124/><V59/><F89/><W92/><G92/><T71/><D71/><U58/><E37/><V35/><F35/><W113/><G113/><T87/><D87/><U111/><E38/><V73/><F73/><W135/><G135/><T22/><D104/><U134/><E134/><V82/><F12/><W53/><G74/><T107/><D107/><U86/><E111/><V16/><AGARI ba="1,1" hai="11,14,16,56,59,82,85,88" m="41577,48139" machi="16" ten="30,18000,2" yaku="18,1,14,1,10,1,52,1,54,2" doraHai="79" who="2" fromWho="2" sc="208,-61,240,-61,302,193,240,-61" /><INIT seed="2,2,0,2,2,117" ten="147,179,495,179" oya="2" hai0="23,57,69,78,15,83,75,21,93,80,34,42,120" hai1="121,22,95,74,132,56,55,67,85,109,94,20,122" hai2="119,130,49,0,76,53,35,103,70,51,61,135,60" hai3="91,12,2,48,6,97,127,43,50,126,102,17,111"/><V31/><F0/><W99/><G111/><T33/><D69/><U52/><E74/><V77/><F103/><W124/><G2/><T116/><D116/><U11/><E109/><V19/><F119/><W73/><G73/><T25/><D42/><U18/><E132/><V1/><F1/><W123/><G6/><T110/><D110/><U82/><E67/><V47/><F19/><W29/><G29/><T62/><D80/><U63/><E55/><V38/><F35/><W100/><G123/><N who="1" m="47114" /><E11/><V13/><F31/><W107/><G91/><T40/><D40/><U28/><E28/><V104/><F77/><W32/><G32/><T27/><D120/><U44/><E44/><V45/><F76/><W128/><G43/><T59/><D34/><U118/><E118/><V58/><F53/><W41/><G41/><T131/><D33/><U98/><E98/><V46/><F45/><W5/><G99/><T81/><D62/><U96/><E96/><V30/><F46/><W64/><G64/><T16/><D75/><U79/><E22/><V66/><F47/><W14/><G97/><T36/><D23/><U101/><E101/><V125/><F30/><W37/><G102/><T10/><D21/><U7/><E7/><V92/><F66/><W113/><G5/><T90/><D59/><U24/><AGARI ba="2,0" hai="18,20,24,52,56,63,79,82,85,94,95" m="47114" machi="24" ten="30,8000,1" yaku="13,1,52,3,54,1" doraHai="117" who="1" fromWho="1" sc="147,-22,179,86,495,-42,179,-22" /><INIT seed="3,0,0,2,4,91" ten="125,265,453,157" oya="3" hai0="94,92,78,16,73,29,67,110,36,134,55,96,76" hai1="33,34,59,24,105,132,1,120,3,112,4,45,13" hai2="12,126,81,123,84,71,124,131,128,5,48,28,68" hai3="32,130,66,49,58,52,118,14,21,2,62,39,27"/><W121/><G118/><T93/><D36/><U0/><E105/><V113/><F113/><W114/><G114/><T46/><D73/><U25/><E59/><V80/><F28/><W127/><G121/><T75/><D75/><U35/><E45/><V85/><F48/><W108/><G2/><N who="1" m="1130" /><E112/><V42/><F42/><W97/><G39/><T54/><D110/><U10/><E120/><V87/><F12/><W79/><G108/><T72/><D72/><U11/><E132/><V64/><F5/><AGARI ba="0,0" hai="3,4,5,10,11,13,24,25,33,34,35" m="1130" machi="5" ten="40,8000,1" yaku="35,5" doraHai="91" who="1" fromWho="2" sc="125,0,265,80,453,-80,157,0" /><INIT seed="4,0,0,0,5,103" ten="125,345,373,157" oya="0" hai0="110,37,36,25,51,65,12,129,19,89,54,15,63" hai1="133,41,5,67,46,6,47,82,104,74,97,111,64" hai2="116,56,99,125,76,4,122,100,117,44,98,1,88" hai3="87,72,124,2,114,102,28,26,84,131,80,95,85"/><T61/><D129/><U59/><E111/><V43/><F122/><W52/><G2/><T92/><D110/><U128/><E128/><V18/><F125/><W42/><G131/><T107/><D107/><U39/><E133/><V33/><F76/><N who="3" m="44039" /><G52/><T108/><D108/><U121/><E121/><V16/><F33/><W119/><G42/><T45/><D25/><U49/><E82/><V105/><F56/><W70/><G28/><T90/><D15/><U81/><E81/><V0/><F4/><W55/><G55/><T118/><D118/><N who="2" m="45674" /><F1/><W58/><G58/><T93/><D37/><U21/><E74/><V101/><F0/><W135/><G26/><T134/><D36/><U113/><E39/><N who="2" m="21631" /><F88/><N who="0" m="33898" /><D134/><U13/><E6/><V14/><F14/><W126/><G70/><T31/><D31/><U24/><E5/><V75/><F75/><W27/><G27/><T106/><D106/><AGARI ba="0,0" hai="16,18,98,99,100,101,105,106" m="21631,45674" machi="106" ten="30,7700,0" yaku="12,1,52,2,54,1" doraHai="103" who="2" fromWho="0" sc="125,-77,345,0,373,77,157,0" /><INIT seed="5,0,0,1,0,87" ten="48,345,450,157" oya="1" hai0="113,32,33,120,4,75,93,114,16,73,50,31,64" hai1="13,74,108,39,48,25,121,1,37,60,122,51,89" hai2="62,11,12,76,71,116,54,42,92,45,102,128,55" hai3="88,111,5,69,129,95,101,115,30,66,132,118,133"/><U49/><E1/><V53/><F116/><W119/><G5/><T2/><D64/><U68/><E74/><V3/><F3/><W35/><G111/><T77/><D120/><U107/><E107/><V36/><F128/><W56/><G129/><T124/><D124/><U6/><E108/><V43/><F76/><W38/><G69/><T18/><D77/><U0/><E0/><V57/><F102/><W83/><G38/><T135/><D50/><U14/><E25/><V79/><F79/><W44/><G44/><T104/><D2/><U34/><E34/><V110/><F110/><W67/><G83/><T134/><D93/><U27/><E27/><V22/><F22/><W117/><G115/><T17/><D31/><U46/><E6/><V109/><F109/><W52/><G101/><T47/><D4/><U23/><E23/><V90/><F43/><W123/><G30/><T20/><D47/><U19/><E46/><V70/><F71/><W98/><G123/><T97/><D97/><U84/><E121/><V63/><F63/><N who="3" m="36231" /><G35/><N who="0" m="13387" /><D20/><U15/><E122/><V130/><F70/><W94/><G94/><T131/><D131/><U65/><REACH who="1" step="1"/><E19/><REACH who="1" ten="48,335,450,157" step="2"/><N who="0" m="4865" /><T125/><DORA hai="126" /><D104/><U26/><E26/><V9/><F130/><W78/><G117/><T100/><D125/><U21/><E21/><V99/><F12/><W58/><G119/><T96/><D75/><U105/><E105/><V28/><F28/><W61/><G118/><T72/><D73/><U10/><E10/><V80/><F11/><W86/><G67/><T7/><D72/><U85/><E85/><N who="2" m="50471" /><F9/><W29/><G29/><RYUUKYOKU ba="0,1" sc="48,-30,335,10,450,10,157,10" hai1="13,14,15,37,39,48,49,51,60,65,68,84,89" hai2="36,42,45,53,54,55,57,62,92,99" hai3="58,61,66,78,86,88,95,98,132,133" /><INIT seed="5,1,1,4,5,9" ten="18,345,460,167" oya="1" hai0="52,65,132,78,10,127,43,62,87,86,99,88,69" hai1="11,98,22,131,4,61,33,6,63,89,39,29,81" hai2="112,27,82,133,5,72,124,38,91,59,7,121,110" hai3="8,26,71,104,25,51,130,1,2,37,115,42,41"/><U3/><E39/><V100/><F110/><W77/><G37/><T122/><D132/><U30/><E131/><V102/><F121/><W17/><G77/><T103/><D127/><U114/><E114/><V113/><F124/><W18/><G104/><T13/><D122/><U64/><E33/><V97/><F133/><W24/><G71/><T111/><D111/><U12/><E63/><V106/><F38/><W93/><G93/><T123/><D123/><U134/><E134/><V56/><F27/><W36/><G36/><T35/><D35/><U84/><E98/><V120/><F120/><W31/><G51/><T0/><D0/><N who="3" m="105" /><G41/><T14/><D43/><U108/><E6/><N who="2" m="2059" /><F100/><W19/><G42/><T80/><D10/><U116/><E116/><V47/><F47/><W55/><G55/><T126/><D126/><U96/><E108/><V129/><F129/><W74/><G74/><T23/><D23/><U54/><E54/><V34/><F34/><W118/><G115/><N who="2" m="44105" /><F72/><W49/><G49/><T105/><REACH who="0" step="1"/><D52/><REACH who="0" ten="8,345,460,167" step="2"/><U48/><E48/><V44/><F44/><W125/><G125/><T57/><D57/><U21/><E3/><V101/><F59/><W45/><G45/><T85/><D85/><U16/><E96/><V119/><F56/><W66/><G8/><T109/><D109/><U28/><REACH who="1" step="1"/><E4/><REACH who="1" ten="8,335,460,167" step="2"/><V53/><F53/><W90/><G118/><T50/><D50/><U32/><E32/><V128/><F119/><W83/><G130/><T94/><AGARI ba="1,3" hai="13,14,62,65,69,78,80,86,87,88,94,99,103,105" machi="94" ten="20,12000,2" yaku="1,1,0,1,7,1,52,2,54,1,53,0" doraHai="9" doraHaiUra="68" who="0" fromWho="0" sc="8,153,335,-61,460,-31,167,-31" /><INIT seed="6,0,0,0,1,49" ten="161,274,429,136" oya="2" hai0="82,124,57,126,127,116,129,30,48,97,114,54,27" hai1="131,107,24,13,28,59,105,66,110,108,47,128,63" hai2="83,121,58,2,78,35,56,94,84,91,71,61,130" hai3="9,118,75,39,60,19,17,14,88,3,74,132,26"/><V50/><F121/><W89/><G39/><T115/><D129/><N who="1" m="49739" /><E13/><V87/><F130/><W64/><G118/><T134/><D134/><U120/><E47/><V41/><F35/><W32/><G132/><T53/><D97/><U15/><E15/><V113/><F113/><N who="0" m="43018" /><D82/><U21/><E120/><V11/><F71/><W33/><G3/><T85/><D85/><U99/><E99/><V16/><F2/><W69/><G33/><N who="0" m="20703" /><D116/><U109/><AGARI ba="0,0" hai="21,24,28,59,63,66,105,107,108,109,110" m="49739" machi="109" ten="40,1500,0" yaku="19,1" doraHai="49" who="1" fromWho="1" sc="161,-4,274,15,429,-7,136,-4" /><INIT seed="7,0,0,1,5,18" ten="157,289,422,132" oya="3" hai0="15,6,39,101,85,120,42,89,19,124,82,9,135" hai1="126,69,71,4,33,87,63,2,34,30,119,37,96" hai2="36,131,129,117,84,128,54,46,32,125,8,79,0" hai3="110,21,66,44,81,65,23,115,76,55,78,118,43"/><W94/><G118/><T45/><D120/><U91/><E96/><V132/><F117/><W105/><G105/><T31/><D135/><U80/><E37/><V116/><F116/><W113/><G110/><T108/><D108/><U61/><E30/><V73/><F73/><W14/><G55/><T134/><D134/><U3/><E4/><N who="2" m="1031" /><F132/><W97/><G66/><T133/><D124/><U109/><E34/><V11/><F125/><W27/><G65/><T90/><D133/><U130/><E87/><V75/><F75/><W35/><G35/><T99/><D31/><U25/><E130/><V68/><F68/><W104/><G104/><T103/><D6/><U93/><E93/><V57/><F32/><W10/><G113/><T51/><D39/><U64/><E25/><V67/><F11/><W52/><G115/><T26/><D26/><U121/><E91/><V127/><F127/><W111/><G111/><T92/><AGARI ba="0,0" hai="9,15,19,42,45,51,82,85,89,90,92,99,101,103" machi="92" ten="30,2000,0" yaku="0,1,8,1" doraHai="18" who="0" fromWho="0" sc="157,20,289,-5,422,-5,132,-10" owari="177,-22.0,284,8.0,417,52.0,122,-38.0" /></mjloggm>