<mjloggm ver="2.3"><GO type="41" lobby="0"/><UN n0="%6D%75%75%63%63%68%6F" n1="%E5%B0%B1%E6%B4%BB%E7%94%9F%40%E5%B7%9D%E6%9D%91%E8%BB%8D%E5%9B%A3" n2="%E3%81%AD%E3%81%93%E3%81%A0%E3%81%BE" n3="%6B%6F%62%61%36%36" dan="14,18,14,13" rate="1953.57,2203.16,1967.53,1830.26" sx="M,M,M,M"/><TAIKYOKU oya="0"/><INIT seed="0,0,0,0,3,42" ten="250,250,250,250" oya="0" hai0="30,117,99,84,72,59,78,127,45,76,60,37,4" hai1="119,44,41,55,47,31,88,3,109,108,63,73,32" hai2="80,19,132,105,121,33,12,10,8,64,123,79,110" hai3="50,135,118,52,11,112,14,36,77,46,28,22,58"/><T38/><D117/><U26/><E119/><V68/><F110/><N who="1" m="42601" /><E73/><V39/><F39/><W16/><G77/><T15/><D72/><U53/><E3/><V81/><F10/><W128/><G118/><T103/><D30/><U62/><E41/><V113/><F113/><W107/><G107/><T20/><D127/><U7/><E7/><V71/><F105/><W131/><G112/><T74/><D74/><U133/><E133/><V97/><F97/><W23/><G135/><T124/><D124/><U106/><E106/><V70/><F33/><W65/><G28/><T114/><D37/><U67/><E62/><V85/><F132/><W116/><G116/><T5/><D5/><U51/><E88/><V82/><REACH who="2" step="1"/><F64/><REACH who="2" ten="250,250,240,250" step="2"/><W34/><G34/><T101/><D38/><U61/><E67/><V27/><F27/><W94/><G36/><T13/><D99/><U125/><E125/><V93/><F93/><W95/><G95/><T92/><D92/><U115/><E115/><V0/><F0/><W9/><G94/><T83/><D114/><U29/><E29/><V134/><F134/><W120/><G120/><AGARI ba="0,1" hai="8,12,19,68,70,71,79,80,81,82,85,120,121,123" machi="120" ten="50,1600,0" yaku="1,1,53,0" doraHai="42" doraHaiUra="25" who="2" fromWho="3" sc="250,0,250,0,240,26,250,-16" /><INIT seed="1,0,0,5,0,78" ten="250,250,266,234" oya="1" hai0="124,55,58,57,83,25,68,27,64,26,50,22,10" hai1="113,6,13,4,66,73,59,24,36,86,71,118,102" hai2="30,11,85,95,99,1,48,67,20,76,45,109,31" hai3="40,14,94,79,131,9,114,107,90,133,116,46,53"/><U127/><E73/><V135/><F109/><W37/><G107/><T69/><D124/><U111/><E36/><V108/><F108/><W84/><G114/><T75/><D10/><U106/><E111/><V18/><F135/><W43/><G131/><T19/><D68/><U110/><E110/><V87/><F67/><W89/><G133/><T16/><D69/><U93/><E71/><V5/><F30/><W112/><G112/><T132/><D132/><U0/><E0/><V81/><F31/><W92/><G43/><T3/><D3/><U122/><E122/><V62/><F62/><W128/><G128/><T54/><D64/><U44/><E106/><V7/><F87/><W126/><G126/><T91/><D19/><U56/><E44/><V33/><F33/><W77/><G53/><T82/><D75/><U98/><E127/><V117/><F117/><W35/><G35/><T8/><D8/><U101/><E86/><V123/><F123/><W51/><G37/><T29/><D91/><U88/><E66/><V28/><F28/><W103/><G103/><T34/><REACH who="0" step="1"/><D26/><REACH who="0" ten="240,250,266,234" step="2"/><U80/><E24/><N who="2" m="14359" /><F11/><W70/><G70/><T47/><D47/><U42/><E113/><V119/><F1/><W96/><REACH who="3" step="1"/><G116/><REACH who="3" ten="240,250,266,224" step="2"/><T100/><D100/><U97/><E102/><N who="2" m="60799" /><F119/><W15/><G15/><T115/><D115/><U52/><E13/><V105/><F105/><W21/><G21/><T61/><AGARI ba="0,2" hai="16,22,25,27,29,34,50,54,55,57,58,61,82,83" machi="61" ten="20,12000,2" yaku="1,1,0,1,7,1,52,2,54,1,53,0" doraHai="78" doraHaiUra="74" who="0" fromWho="0" sc="240,140,250,-60,266,-30,224,-30" /><INIT seed="2,0,0,0,0,63" ten="380,190,236,194" oya="2" hai0="108,81,50,100,104,97,102,96,110,59,51,14,87" hai1="103,43,111,86,112,117,36,90,133,18,88,25,48" hai2="57,118,26,124,62,54,10,93,92,7,66,116,45" hai3="127,35,22,115,135,52,125,77,109,101,129,1,67"/><V126/><F26/><W58/><G1/><T71/><D71/><U8/><E36/><V128/><F128/><W17/><G35/><T40/><D14/><U134/><E117/><N who="2" m="45163" /><F54/><W105/><G129/><T42/><D59/><U44/><E112/><V78/><F78/><W24/><G115/><T30/><D30/><U114/><E114/><V38/><F45/><W47/><G109/><N who="0" m="42091" /><D51/><U70/><E70/><V4/><F38/><W34/><G77/><N who="0" m="46511" /><D50/><U91/><E103/><V120/><F120/><W65/><G135/><N who="1" m="51722" /><E111/><V107/><F107/><AGARI ba="0,0" hai="40,42,96,97,100,102,104,107" m="46511,42091" machi="107" ten="30,1000,0" yaku="14,1" doraHai="63" who="0" fromWho="2" sc="380,10,190,0,236,-10,194,0" /><INIT seed="3,0,0,5,5,73" ten="390,190,226,194" oya="3" hai0="112,8,17,88,131,74,81,96,35,19,68,39,97" hai1="107,45,84,62,119,30,78,38,134,70,132,77,0" hai2="125,76,23,33,34,75,80,110,105,120,64,101,67" hai3="103,46,87,24,72,63,13,79,4,52,94,44,86"/><W100/><G72/><T55/><D68/><U69/><E0/><V5/><F110/><W40/><G24/><T124/><D35/><U18/><E107/><V118/><F118/><W32/><G32/><T90/><D39/><U49/><E38/><V36/><F125/><W58/><G87/><T53/><D124/><U122/><E122/><V129/><F36/><W99/><G103/><T22/><D8/><U92/><E30/><V117/><F117/><W126/><G126/><T113/><D74/><U133/><E119/><V29/><F5/><W28/><G28/><T104/><D81/><U6/><E6/><V57/><F129/><W135/><G135/><T12/><D12/><U106/><E106/><V15/><F15/><W3/><G3/><T20/><D104/><U130/><E18/><V43/><F43/><W66/><G66/><T65/><D65/><N who="1" m="41143" /><E70/><V114/><F114/><W128/><G128/><AGARI ba="0,0" hai="17,19,20,22,53,55,88,90,96,97,112,113,128,131" machi="128" ten="25,3200,0" yaku="22,2,54,1" doraHai="73" who="0" fromWho="3" sc="390,32,190,0,226,0,194,-32" /><INIT seed="4,0,0,0,0,30" ten="422,190,226,162" oya="0" hai0="17,107,69,18,101,99,4,76,34,112,109,36,7" hai1="90,61,73,25,59,38,24,119,37,31,8,115,97" hai2="3,12,102,113,79,20,42,6,60,135,40,106,129" hai3="45,88,56,77,118,16,132,68,70,75,19,44,74"/><T21/><D69/><U48/><E73/><V27/><F113/><W22/><G77/><T78/><D36/><U130/><E119/><V66/><F135/><W13/><G118/><T14/><D112/><U116/><E116/><V133/><F133/><W62/><G132/><T33/><D109/><U46/><E115/><V15/><F15/><W131/><G131/><T120/><D120/><U100/><E8/><V35/><F79/><W85/><G75/><T81/><D78/><U63/><E90/><V64/><F64/><W71/><G74/><T96/><D96/><U123/><E25/><V110/><F110/><W108/><G108/><T111/><D111/><U122/><E63/><V65/><F65/><W94/><REACH who="3" step="1"/><G19/><REACH who="3" ten="422,190,226,152" step="2"/><T41/><D18/><U72/><E130/><V117/><F117/><W54/><AGARI ba="0,1" hai="13,16,22,44,45,54,56,62,68,70,71,85,88,94" machi="54" ten="30,8000,1" yaku="1,1,2,1,0,1,54,2,53,0" doraHai="30" doraHaiUra="92" who="3" fromWho="3" sc="422,-40,190,-20,226,-20,152,90" /><INIT seed="5,0,0,0,2,117" ten="382,170,206,242" oya="1" hai0="30,131,105,66,101,82,115,24,52,124,27,109,120" hai1="37,36,99,77,116,47,7,14,75,11,54,76,40" hai2="46,42,128,89,74,113,84,0,51,71,13,23,110" hai3="28,111,78,12,107,91,106,29,20,59,129,55,34"/><U43/><E116/><V1/><F110/><W21/><G78/><T4/><D66/><U69/><E69/><V81/><F71/><W97/><G111/><T73/><D4/><U93/><E75/><V98/><F128/><W5/><G129/><T67/><D67/><U39/><E54/><V31/><F113/><W53/><G34/><T104/><D104/><U102/><REACH who="1" step="1"/><E40/><REACH who="1" ten="382,160,206,242" step="2"/><V15/><F74/><W95/><G55/><T58/><D52/><U70/><E70/><V121/><F121/><W79/><G107/><T26/><D73/><U56/><E56/><V64/><F64/><W65/><G106/><T127/><D58/><U44/><E44/><V72/><F72/><W63/><G65/><T132/><D105/><U87/><E87/><V33/><F84/><W9/><G79/><AGARI ba="0,1" hai="7,11,14,36,37,39,43,47,76,77,79,93,99,102" machi="79" ten="40,2000,0" yaku="1,1,53,0" doraHai="117" doraHaiUra="50" who="1" fromWho="3" sc="382,0,160,30,206,0,242,-20" /><INIT seed="5,1,0,4,2,77" ten="382,190,206,222" oya="1" hai0="7,119,34,68,13,117,120,96,60,99,131,125,44" hai1="110,2,51,65,71,1,6,58,109,63,25,23,82" hai2="41,40,66,75,62,94,97,26,57,93,73,21,9" hai3="107,11,112,122,118,69,130,24,27,29,84,98,10"/><U54/><E6/><V133/><F133/><W4/><G69/><T111/><D34/><U52/><E54/><V46/><F94/><W0/><G122/><T102/><D68/><U42/><E42/><N who="2" m="16491" /><F9/><W72/><G112/><T61/><D120/><U37/><E37/><V55/><F46/><W31/><G72/><T14/><D44/><U35/><E35/><V129/><F129/><W85/><G130/><T67/><D131/><U80/><E2/><V33/><F33/><W47/><G11/><T78/><D7/><U105/><E105/><V86/><F86/><W30/><G47/><T104/><D104/><U39/><E39/><V87/><F87/><W36/><G36/><T22/><D67/><U81/><REACH who="1" step="1"/><E1/><REACH who="1" ten="382,180,206,222" step="2"/><V127/><F55/><W95/><G107/><T106/><D106/><U108/><E108/><V28/><F127/><W101/><G118/><T32/><D111/><U88/><E88/><V116/><F116/><W18/><G18/><AGARI ba="1,1" hai="18,23,25,51,52,58,63,65,71,80,81,82,109,110" machi="18" ten="40,12000,1" yaku="1,1,52,3,54,1,53,0" doraHai="77" doraHaiUra="5" who="1" fromWho="3" sc="382,0,180,133,206,0,222,-123" /><INIT seed="5,2,0,2,2,36" ten="382,313,206,99" oya="1" hai0="131,80,103,17,41,42,56,45,49,109,99,117,32" hai1="79,96,127,92,2,87,70,83,93,66,44,14,113" hai2="90,73,9,21,125,89,111,104,38,20,52,123,39" hai3="50,132,101,23,124,58,91,30,63,13,98,5,77"/><U6/><E2/><V31/><F104/><W26/><G77/><T12/><D117/><U110/><E127/><V75/><F9/><W97/><G124/><T48/><D109/><U11/><E113/><V121/><F125/><W84/><G132/><T126/><D126/><U67/><E110/><V78/><F78/><W114/><G114/><T129/><D32/><U33/><E33/><V1/><F1/><W57/><G50/><T116/><D80/><U7/><E7/><V94/><F111/><W3/><G3/><T105/><D116/><U51/><E70/><V16/><F94/><W122/><G122/><T108/><D108/><U47/><E47/><V68/><F68/><W85/><G85/><T107/><D107/><U88/><REACH who="1" step="1"/><E93/><REACH who="1" ten="382,303,206,99" step="2"/><V130/><F123/><W115/><G115/><T133/><D133/><U118/><E118/><V34/><F34/><W74/><G58/><T106/><D106/><U8/><E8/><V69/><F69/><W60/><G74/><T76/><D56/><U4/><E4/><V37/><F121/><W102/><G102/><T25/><D45/><U10/><E10/><V71/><F71/><W22/><G101/><T65/><D103/><U28/><E28/><V46/><F46/><W119/><G119/><T134/><D105/><U81/><E81/><V59/><F31/><W53/><G5/><T120/><D134/><U35/><E35/><V64/><F75/><W55/><G57/><T15/><D120/><U112/><E112/><V62/><F73/><W135/><G135/><T100/><D100/><U128/><E128/><V27/><F130/><RYUUKYOKU ba="2,1" sc="382,-10,303,30,206,-10,99,-10" hai1="6,11,14,44,51,66,67,79,83,87,88,92,96" /><INIT seed="5,3,1,1,3,107" ten="372,333,196,89" oya="1" hai0="22,83,50,13,15,94,81,19,56,96,123,43,92" hai1="118,82,2,6,28,127,3,125,41,93,77,111,25" hai2="64,61,121,42,7,1,114,68,97,30,113,90,32" hai3="89,33,5,69,100,10,115,74,16,57,106,51,65"/><U52/><E118/><V88/><F121/><W78/><G33/><T75/><D123/><U62/><E41/><V133/><F133/><W31/><G69/><T48/><D94/><U38/><E38/><V116/><F116/><W104/><G31/><T101/><D43/><U85/><E93/><V135/><F135/><W63/><G115/><N who="2" m="44041" /><F42/><W21/><G100/><T20/><D75/><U131/><E131/><V129/><F129/><W95/><G51/><N who="0" m="19499" /><D56/><N who="1" m="35079" /><E6/><V84/><F97/><W4/><G4/><T80/><D15/><U108/><E3/><V53/><F53/><W79/><G106/><T105/><D105/><U60/><E60/><V119/><F119/><W47/><G47/><T73/><D73/><U46/><E46/><V8/><F84/><W128/><G104/><T11/><AGARI ba="3,1" hai="11,13,19,20,22,80,81,83,92,96,101" m="19499" machi="11" ten="30,1100,0" yaku="8,1" doraHai="107" who="0" fromWho="0" sc="372,30,333,-8,196,-6,89,-6" /><INIT seed="6,0,0,0,0,25" ten="402,325,190,83" oya="2" hai0="124,53,13,86,114,116,112,88,96,108,103,95,0" hai1="92,99,79,83,29,7,17,102,34,78,57,30,82" hai2="110,20,119,125,109,135,38,43,60,33,15,65,3" hai3="129,6,56,45,66,91,24,72,1,80,46,133,131"/><V51/><F119/><W120/><G1/><T104/><D0/><U90/><E34/><V76/><F3/><W50/><G120/><T19/><D116/><U118/><E7/><V122/><F122/><W16/><G6/><T37/><D37/><U87/><E118/><V39/><F33/><W62/><G133/><T71/><D71/><U97/><E97/><V100/><F76/><N who="1" m="29225" /><E82/><V117/><F100/><W61/><G72/><T22/><D108/><N who="2" m="41578" /><F117/><W12/><G24/><T5/><D124/><U130/><E130/><N who="3" m="49674" /><G80/><T74/><D74/><U106/><E106/><V48/><F125/><W134/><G91/><T68/><D68/><U75/><E75/><V98/><F98/><W127/><G127/><T18/><D5/><U42/><E42/><V70/><F135/><W84/><G84/><T36/><D36/><N who="2" m="13866" /><F43/><W4/><G4/><T64/><D64/><U113/><E113/><V31/><F15/><W111/><G111/><T63/><D18/><U55/><E17/><V54/><F20/><W23/><G134/><T128/><D128/><U49/><AGARI ba="0,0" hai="29,30,49,55,57,83,87,90,92,99,102" m="29225" machi="49" ten="30,4000,0" yaku="8,1,52,2" doraHai="25" who="1" fromWho="1" sc="402,-10,325,40,190,-20,83,-10" /><INIT seed="7,0,0,4,0,46" ten="392,365,170,73" oya="3" hai0="85,124,58,12,57,121,10,127,31,54,62,4,14" hai1="34,38,100,65,73,22,132,123,45,55,11,61,71" hai2="28,97,89,99,80,15,94,83,7,75,51,101,107" hai3="88,40,42,35,19,69,115,91,77,130,72,87,48"/><W108/><G69/><T1/><D121/><U50/><E34/><V56/><F75/><W3/><G35/><T47/><D31/><U37/><E73/><V60/><F28/><W119/><G119/><T114/><D114/><U17/><E123/><V110/><F110/><W53/><G3/><T98/><D47/><U32/><E32/><V92/><F107/><W8/><G108/><T29/><D29/><U59/><E132/><V70/><F70/><W68/><G68/><T95/><D85/><U117/><E117/><V36/><F36/><W126/><G115/><T76/><D76/><U0/><E100/><V24/><F24/><W78/><G72/><T41/><D41/><N who="3" m="15977" /><G126/><N who="0" m="48171" /><D58/><U103/><E103/><AGARI ba="0,0" hai="1,4,10,12,14,54,57,62,95,98,103" m="48171" machi="103" ten="30,1000,0" yaku="18,1" doraHai="46" who="0" fromWho="1" sc="392,10,365,-10,170,0,73,0" owari="402,50.0,355,16.0,170,-23.0,73,-43.0" /></mjloggm>