<mjloggm ver="2.3"><GO type="225" lobby="0"/><UN n0="%E3%83%9D%E3%83%AA%E6%A7%98%E3%81%AE%E5%BC%9F%E5%AD%90" n1="%E9%98%BF%E4%BF%AE%E7%BE%85%E4%BD%B3%E5%A5%88" n2="%E3%83%AD%E3%83%9C%E3%82%B3%E3%83%97" n3="%E3%82%A6%E3%83%AB%E3%83%88%E3%83%A9%E7%AB%8B%E7%9B%B4" dan="17,17,17,17" rate="2186.88,2169.43,2159.18,2163.16" sx="F,F,M,M"/><TAIKYOKU oya="0"/><INIT seed="0,0,0,2,3,43" ten="250,250,250,250" oya="0" hai0="20,122,61,74,85,112,121,44,49,33,0,10,53" hai1="25,113,45,96,107,5,99,19,126,67,57,73,64" hai2="68,87,34,18,80,93,28,58,82,37,46,1,89" hai3="59,124,38,29,117,114,40,51,109,14,76,8,26"/><T21/><D112/><U129/><E73/><V90/><F68/><W132/><G117/><T103/><D74/><U16/><E129/><V127/><F1/><W84/><G114/><T52/><D33/><U79/><E113/><V81/><F127/><W35/><G109/><T54/><D103/><U15/><E79/><V75/><F75/><W97/><G132/><T60/><D85/><U32/><E107/><V106/><F106/><W9/><G124/><T4/><D61/><U134/><E134/><V110/><F58/><W17/><G97/><N who="1" m="37450" /><E32/><V27/><F18/><N who="1" m="6697" /><E126/><V24/><F24/><W72/><G38/><T63/><D63/><N who="1" m="37999" /><E67/><V6/><F6/><W22/><G72/><T31/><D60/><U47/><E25/><V41/><REACH who="2" step="1"/><F110/><REACH who="2" ten="250,250,240,250" step="2"/><W98/><G26/><T48/><D31/><U91/><E91/><AGARI ba="0,1" hai="27,28,34,37,41,46,80,81,82,87,89,90,91,93" machi="91" ten="40,12000,2" yaku="1,1,2,1,52,1,53,3" doraHai="43" doraHaiUra="86" who="2" fromWho="1" sc="250,0,250,-120,240,130,250,0" /><INIT seed="1,0,0,3,1,18" ten="250,130,370,250" oya="1" hai0="72,98,120,69,97,32,17,134,5,113,117,112,88" hai1="111,38,121,33,114,4,37,48,52,84,100,135,20" hai2="119,8,87,34,68,63,45,81,78,75,29,55,60" hai3="123,80,10,35,110,27,99,74,53,7,22,92,82"/><U95/><E114/><V61/><F68/><W59/><G35/><T23/><D117/><U83/><E121/><V30/><F119/><W44/><G44/><T40/><D69/><U39/><E33/><V130/><F34/><W1/><G74/><T124/><D120/><U21/><E135/><V133/><F133/><W116/><G110/><T128/><D134/><U26/><E4/><V127/><F130/><W73/><G73/><T3/><D128/><U108/><E26/><V126/><F8/><W50/><G116/><T42/><D72/><U101/><E101/><V76/><F76/><W115/><G115/><T9/><D32/><U64/><E64/><V41/><F55/><W43/><G43/><T15/><D124/><N who="2" m="47658" /><F75/><W36/><G36/><AGARI ba="0,0" hai="29,30,36,41,45,60,61,63,78,81,87" m="47658" machi="36" ten="30,1000,0" yaku="18,1" doraHai="18" who="2" fromWho="3" sc="250,0,130,0,370,10,250,-10" /><INIT seed="2,0,0,0,0,120" ten="250,130,380,240" oya="2" hai0="119,81,27,41,133,97,132,113,10,126,54,96,116" hai1="46,87,34,93,102,74,128,31,39,61,90,32,43" hai2="69,95,77,63,108,105,8,16,121,88,21,89,123" hai3="2,94,3,67,73,14,15,22,33,79,62,18,127"/><V44/><F105/><W12/><G73/><T13/><D113/><U40/><E128/><V71/><F77/><W118/><G79/><T7/><D41/><U35/><E74/><V125/><F89/><W42/><G118/><N who="0" m="45099" /><D126/><U57/><E43/><V64/><F69/><W17/><G42/><T11/><D81/><U135/><E135/><N who="0" m="51785" /><D27/><U99/><E31/><V80/><F125/><W115/><G115/><T0/><D54/><U38/><E38/><V52/><F80/><W60/><G33/><T72/><D72/><U47/><E47/><V98/><F44/><W56/><G127/><T122/><D122/><U20/><E20/><V28/><F52/><W68/><G94/><T65/><D65/><U109/><E109/><V134/><F108/><W30/><G30/><T76/><D76/><U112/><E112/><V91/><F134/><W131/><G131/><T6/><AGARI ba="0,0" hai="0,6,7,10,11,13,96,97" m="51785,45099" machi="6" ten="40,2700,0" yaku="12,1,20,1" doraHai="120" who="0" fromWho="0" sc="250,27,130,-7,380,-13,240,-7" /><INIT seed="3,0,0,3,4,80" ten="277,123,367,233" oya="3" hai0="61,19,24,102,3,132,99,16,4,109,28,46,124" hai1="96,119,44,100,25,133,62,95,47,116,87,77,50" hai2="59,15,26,55,12,52,88,1,7,86,135,23,122" hai3="113,107,11,104,79,42,72,60,54,98,115,2,29"/><W22/><G54/><T14/><D109/><U48/><E133/><V110/><F110/><W118/><G22/><T120/><D120/><U125/><E125/><V49/><F122/><W84/><G29/><T67/><D124/><U30/><E62/><V126/><F135/><W108/><G42/><T21/><D46/><U13/><E47/><N who="2" m="27711" /><F1/><W27/><G27/><T85/><D85/><U105/><E13/><V121/><F7/><W33/><G11/><N who="0" m="4455" /><D3/><U93/><E105/><V91/><F121/><W90/><G33/><T6/><D6/><U8/><E8/><V89/><F86/><W58/><G58/><N who="0" m="37303" /><D132/><U74/><E74/><V51/><F126/><W39/><G39/><T34/><D34/><U18/><E18/><AGARI ba="0,0" hai="12,15,18,23,26,51,55,59,88,89,91" m="27711" machi="18" ten="30,3900,0" yaku="8,1,54,2" doraHai="80" who="2" fromWho="1" sc="277,0,123,-39,367,39,233,0" owari="277,8.0,84,-42.0,406,51.0,233,-17.0" /></mjloggm>