<mjloggm ver="2.3"><GO type="169" lobby="0"/><UN n0="%E9%BA%A6%E3%81%A8%E3%83%9B%E3%83%83%E3%83%97" n1="%E3%81%8B%E3%82%8B%E3%81%A1%E3%82%83%E3%82%93" n2="%E5%B0%B1%E6%B4%BB%E7%94%9F%40%E5%B7%9D%E6%9D%91%E8%BB%8D%E5%9B%A3" n3="%63%67%66%35%34%38%35%38" dan="16,16,18,17" rate="2049.46,2096.85,2331.46,2227.19" sx="M,F,M,M"/><TAIKYOKU oya="0"/><INIT seed="0,0,0,3,1,9" ten="250,250,250,250" oya="0" hai0="130,55,15,2,4,84,134,96,53,108,66,57,129" hai1="127,115,76,121,22,40,89,64,12,29,118,124,105" hai2="7,46,6,39,50,132,71,20,68,69,42,34,94" hai3="45,54,37,111,99,114,133,28,131,75,117,122,86"/><T49/><D134/><U31/><E105/><V113/><F34/><W51/><G75/><T35/><D35/><U21/><E121/><V27/><F113/><W74/><G74/><T8/><D66/><U91/><E76/><V106/><F106/><W100/><G37/><T19/><D108/><U23/><E118/><V72/><F72/><W107/><G107/><T52/><D84/><U79/><E79/><V59/><F132/><W32/><G32/><T80/><D80/><U95/><E40/><V102/><F39/><W83/><G114/><T88/><D96/><U73/><E73/><V85/><F59/><W135/><G135/><T126/><D88/><U38/><E38/><V109/><F109/><W48/><G117/><T87/><D87/><U128/><E128/><N who="0" m="49257" /><D126/><U123/><E115/><V58/><F58/><W26/><G131/><T104/><D104/><U82/><E123/><V30/><REACH who="2" step="1"/><F85/><REACH who="2" ten="250,250,240,250" step="2"/><W44/><G122/><T63/><D49/><U65/><E127/><V24/><F24/><W17/><G133/><T13/><D2/><U10/><E124/><V41/><F41/><W70/><G111/><T90/><D90/><U5/><E89/><V93/><F93/><W25/><G70/><T116/><D116/><U112/><E112/><V119/><F119/><W18/><G86/><T36/><D36/><U81/><E95/><V62/><F62/><W16/><G83/><N who="1" m="31754" /><E91/><V67/><F67/><AGARI ba="0,1" hai="5,10,12,21,22,23,29,31,64,65,67" m="31754" machi="67" ten="30,2000,0" yaku="8,1,52,1" doraHai="9" who="1" fromWho="2" sc="250,0,250,30,240,-20,250,0" /><INIT seed="1,0,0,2,4,51" ten="250,280,220,250" oya="1" hai0="28,50,123,75,9,98,68,37,53,14,61,84,111" hai1="2,82,127,45,120,34,88,91,76,66,30,95,103" hai2="131,49,93,18,23,119,47,58,19,48,10,52,107" hai3="129,79,62,42,67,72,130,70,115,122,11,43,38"/><U57/><E2/><V113/><F107/><W65/><G72/><T3/><D75/><U35/><E120/><V22/><F119/><W92/><G79/><T133/><D123/><U74/><E127/><V78/><F131/><W134/><G92/><T54/><D37/><U69/><E69/><V83/><F113/><W121/><G11/><T31/><D3/><U5/><E5/><V94/><F10/><W46/><G115/><T64/><D111/><U135/><E103/><V59/><F83/><W7/><G7/><T73/><D73/><U39/><E30/><V96/><F78/><W17/><G17/><N who="2" m="6153" /><F58/><W16/><G16/><N who="0" m="8271" /><D133/><U25/><E25/><V110/><F110/><W6/><G6/><T32/><D32/><U132/><E91/><N who="2" m="55359" /><F94/><W40/><G134/><N who="1" m="51242" /><E45/><V63/><F49/><W101/><G101/><T89/><D98/><N who="1" m="57703" /><E39/><V124/><F124/><W13/><G13/><T21/><D68/><U29/><E29/><N who="0" m="11337" /><D21/><U118/><E118/><V100/><F100/><W108/><G108/><T44/><D61/><AGARI ba="0,0" hai="34,35,57,61,66,74,76,82" m="57703,51242" machi="61" ten="30,2900,0" yaku="20,1,54,1" doraHai="51" who="1" fromWho="0" sc="250,-29,280,29,220,0,250,0" /><INIT seed="1,1,0,3,2,67" ten="221,309,220,250" oya="1" hai0="6,84,95,4,2,30,82,14,55,19,128,103,42" hai1="69,135,3,38,63,93,125,111,130,54,90,101,75" hai2="113,114,32,107,5,68,94,120,129,122,20,87,91" hai3="11,18,97,8,77,124,71,117,59,58,44,61,40"/><U39/><E135/><V41/><F32/><W100/><G124/><T57/><D128/><U134/><E125/><V22/><F107/><W132/><G77/><T17/><D2/><U0/><E134/><V34/><F34/><W26/><G132/><T64/><D30/><U70/><E130/><V31/><F5/><W56/><G117/><T33/><D33/><U16/><E101/><V60/><F41/><W53/><G71/><T123/><D64/><U65/><E111/><V66/><F129/><W50/><G11/><T78/><D42/><U21/><E70/><V112/><REACH who="2" step="1"/><F31/><REACH who="2" ten="221,309,210,250" step="2"/><W49/><G40/><T27/><D6/><U48/><E39/><V10/><F10/><W62/><G8/><T52/><D4/><U83/><E38/><V25/><F25/><W51/><G26/><T9/><D27/><U106/><E106/><V115/><N who="2" m="29184" /><DORA hai="28" /><V105/><F105/><W36/><G36/><T109/><D109/><U99/><E75/><V104/><F104/><W116/><G116/><T79/><D52/><U110/><E110/><V81/><F81/><W35/><G53/><T131/><D55/><U13/><REACH who="1" step="1"/><E83/><REACH who="1" ten="221,299,210,250" step="2"/><V46/><F46/><AGARI ba="1,2" hai="0,3,13,16,21,46,48,54,63,65,69,90,93,99" machi="46" ten="30,12000,1" yaku="1,1,2,1,7,1,52,1,54,1,53,0" doraHai="67,28" doraHaiUra="1,7" who="1" fromWho="2" sc="221,0,299,143,210,-123,250,0" /><INIT seed="1,2,0,3,4,127" ten="221,442,87,250" oya="1" hai0="129,115,104,34,107,21,95,10,4,35,111,58,30" hai1="67,12,123,22,46,128,90,25,114,28,55,6,126" hai2="99,131,24,94,87,71,26,116,40,73,72,51,75" hai3="16,119,70,132,124,118,68,23,9,27,2,7,41"/><U108/><E123/><V79/><F116/><N who="3" m="44587" /><G124/><T91/><D115/><U81/><E114/><V14/><F71/><N who="3" m="27179" /><G41/><T69/><D69/><U117/><E117/><V3/><F3/><W19/><G132/><T15/><D111/><U98/><E128/><V18/><F131/><W80/><G80/><T32/><D129/><U105/><E108/><V83/><F51/><W33/><G33/><T130/><D130/><U125/><E67/><V62/><F62/><W49/><G49/><T0/><D58/><U121/><E121/><V50/><F50/><W42/><G42/><T120/><D120/><U88/><E126/><V54/><F54/><W48/><G48/><T93/><D93/><U64/><E64/><V47/><F47/><W96/><G96/><T66/><D66/><U109/><E109/><V1/><F1/><W56/><G56/><T61/><D61/><U135/><E135/><V20/><REACH who="2" step="1"/><F40/><REACH who="2" ten="221,442,77,250" step="2"/><W39/><G39/><T43/><D43/><U100/><E125/><V59/><F59/><W38/><G38/><T86/><D0/><U110/><E110/><V37/><F37/><W29/><AGARI ba="2,1" hai="2,7,9,16,19,23,27,29" m="27179,44587" machi="29" ten="30,2000,0" yaku="12,1,54,1" doraHai="127" who="3" fromWho="3" sc="221,-7,442,-12,77,-7,250,36" /><INIT seed="2,0,0,1,1,108" ten="214,430,70,286" oya="2" hai0="105,119,22,45,54,109,90,60,63,57,12,134,102" hai1="53,129,73,15,31,10,132,83,86,2,23,39,37" hai2="133,61,68,18,111,20,82,126,95,116,8,79,115" hai3="35,14,46,24,98,75,88,11,25,34,125,59,89"/><V27/><F116/><W76/><G75/><T128/><D109/><U92/><E132/><V121/><F111/><W6/><G76/><T9/><D134/><U66/><E73/><V1/><F133/><W97/><G125/><T55/><D128/><U70/><E129/><V103/><F121/><W135/><G135/><T114/><D114/><U56/><E92/><V72/><F126/><W100/><G35/><T107/><D119/><U67/><E70/><V0/><F115/><W85/><G34/><T131/><D131/><U110/><E37/><V19/><F103/><W99/><G100/><T7/><D102/><U69/><E39/><V52/><F95/><W47/><G46/><T106/><D90/><N who="3" m="34921" /><G85/><T29/><D45/><U96/><E96/><V44/><F68/><W84/><G84/><T36/><D36/><U104/><E104/><V77/><F77/><W51/><G59/><T94/><D94/><U4/><E69/><V5/><F1/><W87/><G87/><T91/><D91/><N who="1" m="51679" /><E2/><V48/><REACH who="2" step="1"/><F61/><REACH who="2" ten="214,430,60,286" step="2"/><W16/><G6/><T26/><D63/><N who="1" m="36239" /><E110/><V118/><F118/><W28/><G99/><T74/><D107/><U65/><E31/><AGARI ba="0,1" hai="0,5,8,18,19,20,27,31,44,48,52,72,79,82" machi="31" ten="30,11600,0" yaku="1,1,7,1,54,1,53,1" doraHai="108" doraHaiUra="33" who="2" fromWho="1" sc="214,0,430,-116,60,126,286,0" /><INIT seed="2,1,0,2,3,132" ten="214,314,186,286" oya="2" hai0="4,118,8,83,74,28,3,60,105,41,129,31,5" hai1="32,18,57,21,120,15,98,9,70,101,121,113,71" hai2="37,2,19,114,69,112,88,26,39,111,66,65,106" hai3="92,56,107,78,77,20,63,73,82,108,12,64,115"/><V38/><F2/><W109/><G107/><T61/><D129/><U96/><E32/><V126/><F106/><W55/><G115/><T80/><D105/><U89/><E113/><V134/><F134/><W67/><G78/><T62/><D118/><U30/><E57/><V16/><F111/><N who="3" m="42571" /><G92/><T25/><D5/><U95/><E30/><V124/><F88/><W97/><G97/><T103/><D103/><U125/><E125/><N who="2" m="48235" /><F26/><W0/><G0/><T104/><D104/><N who="1" m="63527" /><E9/><V7/><F7/><W36/><G36/><T35/><D31/><U94/><E94/><V45/><F45/><W119/><G119/><T76/><D80/><U116/><E116/><V128/><F128/><W127/><G127/><T14/><D62/><U54/><E54/><V81/><F81/><W22/><G12/><T122/><D122/><AGARI ba="1,0" hai="15,18,21,70,71,89,95,98,120,121,122" m="63527" machi="122" ten="30,1000,0" yaku="13,1" doraHai="132" who="1" fromWho="0" sc="214,-13,314,13,186,0,286,0" /><INIT seed="3,0,0,1,1,80" ten="201,327,186,286" oya="3" hai0="15,110,45,132,121,69,87,107,54,75,6,71,116" hai1="13,12,74,29,115,103,41,37,113,57,46,111,70" hai2="78,67,47,129,2,68,122,102,62,105,104,82,123" hai3="64,18,32,49,91,97,53,109,43,33,27,23,21"/><W7/><G43/><T89/><D75/><U131/><E111/><V4/><F129/><W20/><G109/><T16/><D110/><U79/><E131/><V31/><F31/><W38/><G38/><T96/><D116/><U84/><E70/><V8/><F47/><W86/><G64/><T112/><D121/><U22/><E74/><V3/><F3/><W134/><G97/><T63/><D132/><U60/><E103/><V114/><F114/><W92/><G134/><T99/><D6/><U125/><E125/><V58/><F58/><W120/><G120/><N who="2" m="46121" /><F102/><W17/><G7/><T88/><D112/><U108/><E108/><V66/><F66/><W42/><G42/><T11/><D89/><U100/><E100/><V26/><F26/><W56/><G23/><T24/><D24/><AGARI ba="0,0" hai="17,18,20,21,24,27,32,33,49,53,56,86,91,92" machi="24" ten="30,5800,0" yaku="7,1,9,1,52,1" doraHai="80" who="3" fromWho="0" sc="201,-58,327,0,186,0,286,58" /><INIT seed="3,1,0,0,4,49" ten="143,327,186,344" oya="3" hai0="76,110,72,32,48,16,64,88,102,1,45,14,30" hai1="73,54,39,28,0,67,103,27,22,55,37,71,25" hai2="82,79,46,133,62,44,65,118,41,125,51,107,2" hai3="50,12,19,87,24,53,83,21,122,98,89,111,47"/><W105/><G122/><T91/><D110/><U15/><E73/><V104/><F118/><W106/><G111/><T38/><D38/><U60/><E0/><V84/><F2/><W20/><G98/><T75/><D1/><U18/><E103/><V108/><F108/><W68/><REACH who="3" step="1"/><G68/><REACH who="3" ten="143,327,186,334" step="2"/><T13/><D75/><U26/><REACH who="1" step="1"/><E28/><AGARI ba="1,1" hai="12,19,20,21,24,28,47,50,53,83,87,89,105,106" machi="28" ten="30,12000,1" yaku="1,1,2,1,7,1,52,1,53,1" doraHai="49" doraHaiUra="9" who="3" fromWho="1" sc="143,0,327,-123,186,0,334,133" /><INIT seed="3,2,0,0,0,108" ten="143,204,186,467" oya="3" hai0="56,44,75,27,58,63,125,126,54,65,52,49,95" hai1="19,41,66,10,85,3,6,133,124,112,83,29,117" hai2="89,84,99,50,4,116,98,42,17,104,128,115,131" hai3="76,102,87,114,113,93,24,129,28,9,82,92,100"/><W20/><G129/><N who="2" m="49737" /><F116/><W53/><G53/><N who="0" m="29863" /><D75/><U110/><E110/><V73/><F73/><W11/><G93/><T103/><D103/><U81/><E117/><V5/><F115/><W16/><G102/><T47/><D27/><U39/><E112/><V46/><F17/><W74/><G11/><T107/><D107/><U80/><E133/><V70/><F70/><W135/><G135/><T1/><D1/><U33/><E124/><N who="0" m="47721" /><D95/><U7/><E7/><N who="2" m="2635" /><F104/><W134/><G134/><T101/><D101/><U55/><E66/><V97/><F97/><W130/><G130/><T88/><D88/><U79/><E19/><V59/><F59/><N who="0" m="22570" /><D47/><U123/><E29/><V91/><F91/><W15/><REACH who="3" step="1"/><G74/><REACH who="3" ten="143,204,186,457" step="2"/><T69/><AGARI ba="2,1" hai="52,54,63,65,69" m="22570,47721,29863" machi="69" ten="30,7900,0" yaku="18,1,34,2,54,1" doraHai="108" who="0" fromWho="0" sc="143,95,204,-22,186,-22,457,-41" /><INIT seed="4,0,0,5,1,25" ten="238,182,164,416" oya="0" hai0="132,15,97,67,92,62,58,96,28,60,51,105,69" hai1="59,87,16,8,102,63,127,12,36,52,24,21,89" hai2="84,113,26,6,116,101,46,23,94,9,13,110,107" hai3="128,71,57,32,103,65,61,98,95,75,120,27,35"/><T37/><D37/><U125/><E36/><V43/><F110/><W77/><G128/><T34/><D132/><U126/><E102/><V54/><F116/><W1/><G1/><T19/><D51/><U108/><E108/><V50/><F113/><W33/><G120/><T78/><D78/><U31/><REACH who="1" step="1"/><E126/><REACH who="1" ten="238,172,164,416" step="2"/><V82/><F107/><W122/><G122/><T81/><D105/><U44/><E44/><V64/><F64/><W86/><G65/><T85/><D67/><U79/><E79/><N who="2" m="46175" /><F101/><W11/><G77/><T30/><D69/><U74/><E74/><V76/><F76/><W121/><G75/><T66/><D34/><U73/><E73/><V99/><F99/><N who="0" m="37962" /><D92/><AGARI ba="0,1" hai="8,12,16,21,24,31,52,59,63,87,89,92,125,127" machi="92" ten="40,8000,1" yaku="1,1,52,1,54,2,53,1" doraHai="25" doraHaiUra="48" who="1" fromWho="0" sc="238,-80,172,90,164,0,416,0" /><INIT seed="5,0,0,4,0,97" ten="158,262,164,416" oya="1" hai0="2,86,73,41,90,38,109,82,76,13,100,8,104" hai1="6,20,93,34,88,78,125,85,103,12,114,9,71" hai2="119,48,118,45,55,102,43,5,64,99,33,117,91" hai3="108,19,124,65,58,18,11,133,27,115,126,101,106"/><U56/><E34/><V132/><F132/><W50/><G108/><T107/><D109/><U23/><E71/><V42/><F33/><W0/><G101/><T87/><D2/><U26/><E125/><V66/><F5/><W25/><G106/><T59/><D59/><U94/><E78/><V52/><F91/><W111/><G50/><T96/><D107/><U28/><E114/><V81/><F81/><W46/><G46/><T24/><D24/><U129/><E129/><V127/><F127/><W131/><G58/><T21/><D21/><U16/><E56/><V80/><F80/><W135/><G27/><T113/><D113/><U123/><E123/><V62/><F102/><W98/><G65/><N who="2" m="25193" /><F99/><W39/><G98/><T36/><D41/><N who="2" m="15370" /><F62/><W4/><G115/><T49/><D49/><U67/><E67/><V69/><F55/><W83/><G111/><T10/><D87/><U92/><REACH who="1" step="1"/><E103/><REACH who="1" ten="158,252,164,416" step="2"/><V120/><F69/><W44/><G126/><T74/><D74/><U40/><E40/><V105/><F105/><W30/><G124/><T84/><D73/><U79/><E79/><V53/><F53/><W37/><G135/><T57/><D57/><U1/><AGARI ba="0,1" hai="1,6,9,12,16,20,23,26,28,85,88,92,93,94" machi="1" ten="20,18000,2" yaku="1,1,0,1,7,1,54,2,53,1" doraHai="97" doraHaiUra="35" who="1" fromWho="1" sc="158,-60,252,190,164,-60,416,-60" /><INIT seed="5,1,0,1,4,69" ten="98,442,104,356" oya="1" hai0="82,23,20,125,88,42,59,41,29,118,101,55,2" hai1="106,25,10,116,133,123,92,126,71,135,74,52,120" hai2="119,84,31,3,37,40,73,103,4,115,93,46,127" hai3="57,98,111,6,60,96,7,85,22,44,64,39,78"/><U70/><E106/><V45/><F119/><W131/><G111/><T87/><D118/><U12/><E116/><V5/><F73/><W21/><G39/><T129/><D2/><U13/><E74/><V75/><F75/><W38/><G38/><T134/><D134/><N who="1" m="51211" /><E126/><V1/><F127/><W77/><G44/><T62/><D125/><U28/><E92/><V63/><F31/><W30/><G131/><T65/><D129/><U94/><E94/><V67/><F46/><W72/><G72/><T130/><D130/><U54/><E71/><V132/><F132/><W97/><G85/><T110/><D110/><U107/><E107/><V114/><F3/><W17/><G30/><T36/><D36/><U99/><E99/><N who="2" m="59887" /><F84/><W83/><G83/><T18/><D101/><U80/><E80/><V100/><F1/><W122/><G122/><N who="1" m="46634" /><E70/><N who="2" m="42367" /><F100/><W19/><G78/><T66/><D29/><U48/><E48/><V53/><F53/><N who="1" m="20585" /><E10/><V58/><F58/><W121/><G77/><T89/><D89/><U95/><E95/><V112/><AGARI ba="1,0" hai="4,5,37,40,45,112,114,115" m="42367,59887" machi="112" ten="30,4000,0" yaku="15,1,11,1,52,1" doraHai="69" who="2" fromWho="2" sc="98,-11,442,-21,104,43,356,-11" /><INIT seed="6,0,0,3,4,100" ten="87,421,147,345" oya="2" hai0="31,32,73,109,86,58,79,90,88,122,95,17,83" hai1="114,24,35,63,85,43,133,118,113,21,6,71,128" hai2="5,11,108,124,57,37,7,56,28,75,36,12,51" hai3="29,69,16,80,50,129,110,23,15,22,93,61,64"/><V49/><F75/><W119/><G110/><T96/><D109/><U134/><E35/><V39/><F108/><W126/><G119/><T18/><D122/><U1/><E118/><V76/><F124/><W20/><G126/><T2/><D2/><U48/><E85/><V101/><F76/><W81/><G129/><T92/><D32/><U9/><E128/><V0/><F28/><W115/><G115/><N who="1" m="44042" /><E63/><V46/><F49/><W121/><G121/><T25/><D31/><N who="1" m="17807" /><E71/><V89/><F89/><W125/><G125/><T34/><D34/><U38/><E38/><V99/><F5/><W107/><G29/><T70/><D70/><U13/><E13/><V106/><REACH who="2" step="1"/><F0/><REACH who="2" ten="87,421,137,345" step="2"/><W123/><G123/><T111/><D111/><U27/><E48/><V62/><F62/><W78/><G50/><T19/><REACH who="0" step="1"/><D58/><REACH who="0" ten="77,421,137,345" step="2"/><U41/><E1/><V104/><F104/><W87/><G107/><T30/><D30/><U112/><E112/><V132/><F132/><W3/><G3/><T82/><D82/><U72/><E134/><V10/><F10/><W94/><G81/><T47/><D47/><U68/><E133/><V117/><F117/><W45/><G45/><T8/><D8/><U102/><E9/><V131/><F131/><W116/><G116/><T14/><D14/><U52/><E6/><V74/><F74/><W105/><G105/><T55/><D55/><AGARI ba="0,2" hai="7,11,12,36,37,39,46,51,55,56,57,99,101,106" machi="55" ten="40,3900,0" yaku="1,1,52,1,53,0" doraHai="100" doraHaiUra="59" who="2" fromWho="0" sc="77,-39,421,0,137,59,345,0" /><INIT seed="6,1,0,1,2,22" ten="38,421,196,345" oya="2" hai0="51,90,64,132,7,65,135,96,102,24,117,125,46" hai1="18,56,76,106,105,116,71,99,61,30,122,114,35" hai2="27,127,2,89,17,83,16,13,15,12,6,70,53" hai3="4,47,88,93,86,41,80,115,54,20,29,128,0"/><V112/><F70/><W87/><G128/><T38/><D38/><U78/><E122/><V91/><F127/><W69/><G69/><T104/><D125/><U39/><E39/><V52/><F112/><W134/><G115/><T25/><D117/><U37/><E114/><V8/><F83/><W72/><G72/><T103/><D7/><U75/><E37/><V44/><F44/><W108/><G108/><T28/><D28/><U5/><E116/><V133/><F133/><N who="0" m="51274" /><D90/><N who="2" m="34314" /><F2/><W113/><G113/><T97/><D97/><U60/><E71/><V21/><F13/><W49/><G134/><T94/><D94/><U14/><E75/><V124/><F124/><W45/><G4/><T73/><D73/><U59/><E106/><V50/><F50/><W119/><G0/><T121/><D121/><U3/><E3/><V111/><F111/><W67/><G119/><T32/><D32/><U123/><E123/><V9/><AGARI ba="1,0" hai="6,8,9,12,15,16,17,21,27,52,53" m="34314" machi="9" ten="30,11700,0" yaku="8,1,52,1,54,2" doraHai="22" who="2" fromWho="2" sc="38,-40,421,-40,196,120,345,-40" owari="-2,-50.0,381,47.0,316,12.0,305,-9.0" /></mjloggm>