<mjloggm ver="2.3"><GO type="169" lobby="0"/><UN n0="%E4%BB%B2%E5%B7%9D%E7%BF%94" n1="%E5%B1%B1%E6%9C%AC%E5%8B%98%E5%8A%A9" n2="%6D%69%72%69%72%69" n3="%E5%B0%B1%E6%B4%BB%E7%94%9F%40%E5%B7%9D%E6%9D%91%E8%BB%8D%E5%9B%A3" dan="16,16,16,18" rate="2091.94,2082.14,2088.53,2235.30" sx="M,M,M,M"/><TAIKYOKU oya="0"/><INIT seed="0,0,0,5,3,49" ten="250,250,250,250" oya="0" hai0="117,44,54,78,101,6,112,62,27,96,94,58,116" hai1="80,24,53,57,104,133,65,42,85,72,19,15,107" hai2="38,132,59,131,13,84,106,30,36,118,98,17,41" hai3="63,32,126,14,12,1,46,67,64,110,111,48,29"/><T81/><D112/><U40/><E72/><V71/><F71/><W5/><G126/><T130/><D130/><U102/><E133/><V55/><F132/><W105/><G105/><T35/><D6/><U4/><E4/><V45/><F131/><W11/><G32/><T109/><D109/><N who="3" m="41481" /><G29/><T52/><D35/><U86/><E65/><N who="3" m="25162" /><G63/><T25/><D117/><U115/><E115/><V68/><F30/><W129/><G129/><T89/><D116/><U60/><E24/><N who="0" m="9289" /><D78/><U77/><E85/><V18/><F84/><W8/><G8/><T127/><D127/><U97/><REACH who="1" step="1"/><E107/><REACH who="1" ten="250,240,250,250" step="2"/><V10/><F106/><W21/><G21/><AGARI ba="0,1" hai="15,19,21,40,42,53,57,60,77,80,86,97,102,104" machi="21" ten="30,7700,0" yaku="1,1,2,1,7,1,52,1,53,0" doraHai="49" doraHaiUra="125" who="1" fromWho="3" sc="250,0,240,87,250,0,250,-77" /><INIT seed="1,0,0,3,0,6" ten="250,327,250,173" oya="1" hai0="60,53,105,128,70,88,115,22,102,82,3,129,103" hai1="99,97,32,134,54,34,123,114,25,68,13,89,96" hai2="79,1,121,67,42,100,17,16,77,21,122,72,116" hai3="112,33,56,108,87,9,43,131,55,107,49,91,118"/><U29/><E123/><V69/><F116/><W51/><G112/><T5/><D115/><U126/><E114/><V26/><F1/><W0/><G107/><T132/><D132/><U11/><E68/><V80/><F42/><W2/><G118/><T109/><D109/><U78/><E134/><V14/><F100/><W30/><G108/><T10/><D105/><U4/><E126/><V20/><REACH who="2" step="1"/><F79/><REACH who="2" ten="250,327,240,173" step="2"/><W58/><G131/><T76/><D103/><U81/><E34/><V94/><F94/><W65/><G43/><T7/><D102/><U127/><E127/><V85/><F85/><W83/><G2/><T44/><D76/><U92/><E54/><V39/><F39/><W40/><G40/><T84/><D53/><U8/><REACH who="1" step="1"/><E11/><REACH who="1" ten="250,317,240,173" step="2"/><V125/><F125/><W113/><G9/><T62/><D10/><U24/><E24/><V104/><F104/><W66/><G113/><T61/><D128/><U18/><E18/><V19/><F19/><W50/><G33/><T93/><D129/><U47/><E47/><V23/><F23/><W124/><G124/><T130/><D130/><U95/><E95/><V74/><F74/><AGARI ba="0,2" hai="4,8,13,25,29,32,74,78,81,89,92,96,97,99" machi="74" ten="30,5800,0" yaku="1,1,7,1,52,1,53,0" doraHai="6" doraHaiUra="59" who="1" fromWho="2" sc="250,0,317,78,240,-58,173,0" /><INIT seed="1,1,0,1,1,71" ten="250,395,182,173" oya="1" hai0="11,2,122,83,130,50,90,111,15,101,37,18,3" hai1="126,70,74,38,9,85,47,120,54,34,67,77,114" hai2="30,102,82,6,36,69,57,40,55,95,93,13,14" hai3="118,51,112,119,133,16,39,26,116,110,87,17,20"/><U107/><E120/><V80/><F69/><W49/><G112/><T66/><D122/><U127/><E114/><V62/><F30/><W59/><G133/><T97/><D130/><U131/><E131/><V29/><F29/><W100/><G110/><T75/><D111/><U91/><E34/><V19/><F6/><W43/><G100/><T109/><D66/><U46/><E107/><V25/><F25/><W124/><G124/><N who="1" m="47658" /><E70/><V84/><F14/><W104/><G104/><T88/><D37/><U79/><E67/><V96/><F84/><W98/><G98/><T7/><D109/><U121/><E121/><V125/><F125/><W58/><G87/><T44/><D2/><U53/><E9/><V94/><F94/><W8/><G17/><T81/><D81/><N who="1" m="45239" /><E79/><V23/><REACH who="2" step="1"/><F95/><REACH who="2" ten="250,395,172,173" step="2"/><W132/><G132/><T63/><D75/><U33/><E33/><V103/><F103/><W4/><G4/><T35/><D35/><U106/><E106/><V123/><F123/><W68/><G68/><T61/><D83/><N who="1" m="49599" /><E47/><AGARI ba="1,1" hai="13,19,23,36,40,47,55,57,62,80,82,93,96,102" machi="47" ten="40,2600,0" yaku="1,1,52,1,53,0" doraHai="71" doraHaiUra="60" who="2" fromWho="1" sc="250,0,395,-29,172,39,173,0" /><INIT seed="2,0,0,5,2,126" ten="250,366,211,173" oya="2" hai0="95,26,127,102,50,16,65,83,88,93,80,89,14" hai1="58,118,36,5,56,39,27,92,20,6,42,4,11" hai2="77,34,76,125,131,75,53,74,41,81,21,35,1" hai3="107,0,30,40,96,67,72,128,22,59,57,46,108"/><V132/><F125/><W2/><G72/><T15/><D65/><U38/><E118/><V60/><F1/><W10/><G108/><T111/><D102/><U114/><E114/><V71/><F132/><W130/><G30/><T117/><D111/><U37/><E36/><V13/><F41/><W113/><G113/><T52/><D26/><U17/><E42/><V66/><F53/><W109/><G22/><T85/><D14/><U64/><E64/><V103/><F103/><N who="3" m="62951" /><G109/><T73/><D73/><U100/><E11/><V44/><F44/><W29/><G29/><T116/><D127/><U119/><E119/><N who="0" m="45641" /><D89/><U8/><E8/><V133/><F133/><W63/><G59/><N who="0" m="33175" /><D95/><U134/><E134/><V18/><F75/><W91/><G91/><T87/><D87/><U9/><E9/><AGARI ba="0,0" hai="9,15,16,80,83,85,88,93" m="33175,45641" machi="9" ten="30,7700,0" yaku="12,1,54,3" doraHai="126" who="0" fromWho="1" sc="250,77,366,-77,211,0,173,0" /><INIT seed="3,0,0,0,2,54" ten="327,289,211,173" oya="3" hai0="114,120,44,75,72,119,26,21,68,128,71,18,135" hai1="53,95,133,74,20,130,27,62,11,29,132,43,101" hai2="82,103,97,90,6,77,76,108,99,118,67,134,91" hai3="78,109,66,19,107,13,86,10,73,89,47,52,61"/><W96/><G73/><T84/><D114/><U83/><E43/><V113/><F6/><W93/><G109/><T1/><D119/><U116/><E116/><V88/><F118/><W14/><G107/><T46/><D1/><U92/><E130/><V4/><F113/><W105/><G105/><T104/><D104/><U100/><E11/><V3/><F108/><W117/><G117/><T48/><D120/><U50/><E62/><V126/><F67/><W80/><G14/><T7/><D7/><U38/><E38/><V36/><F36/><W9/><G47/><T30/><D46/><U69/><E69/><V112/><F112/><W33/><G33/><T60/><D71/><U115/><E115/><V34/><F34/><W51/><G51/><T124/><D124/><U24/><E24/><V16/><F4/><W28/><G28/><T81/><D135/><N who="1" m="51787" /><E74/><V106/><F3/><W63/><G63/><T41/><D128/><U55/><E83/><V123/><F126/><W64/><REACH who="3" step="1"/><G10/><REACH who="3" ten="327,289,211,163" step="2"/><T94/><D60/><U58/><E29/><V110/><F110/><W25/><G25/><T131/><D30/><U39/><E39/><V5/><F134/><W127/><G127/><T102/><D131/><U12/><E12/><V22/><F106/><W8/><G8/><T121/><D75/><U65/><E27/><V87/><F5/><W122/><G122/><T70/><D72/><U129/><E129/><V85/><F123/><W56/><AGARI ba="0,1" hai="9,13,19,52,56,61,64,66,78,80,86,89,93,96" machi="56" ten="30,12000,1" yaku="1,1,0,1,8,1,52,1,54,1,53,0" doraHai="54" doraHaiUra="98" who="3" fromWho="3" sc="327,-40,289,-40,211,-40,163,130" /><INIT seed="3,1,0,2,1,41" ten="287,249,171,293" oya="3" hai0="46,34,58,94,21,89,134,24,10,14,11,0,87" hai1="109,95,54,107,30,126,102,66,122,116,118,88,70" hai2="112,71,38,1,12,31,60,123,74,43,2,77,56" hai3="86,91,8,100,42,101,65,49,132,20,59,61,27"/><W85/><G132/><T96/><D134/><U104/><E122/><V73/><F112/><W125/><G125/><T90/><D34/><U22/><E126/><V45/><F123/><W124/><G124/><T72/><D72/><U103/><E109/><V117/><F117/><N who="1" m="45161" /><E66/><V3/><F71/><W26/><G8/><T80/><D0/><U4/><E70/><V110/><F110/><W92/><G85/><T69/><D69/><U33/><E4/><V35/><F77/><W67/><G67/><T83/><D83/><U108/><E33/><V57/><F12/><W55/><G42/><T115/><D115/><U81/><E108/><V79/><F79/><W19/><REACH who="3" step="1"/><G26/><REACH who="3" ten="287,249,171,283" step="2"/><T127/><D127/><U128/><E54/><V98/><F73/><W131/><G131/><T99/><D10/><U64/><E64/><V36/><F74/><W53/><G53/><T28/><D99/><U15/><E128/><V47/><F98/><W37/><G37/><T114/><D114/><U39/><E39/><V97/><F97/><W40/><G40/><T32/><D11/><U133/><E133/><V120/><F38/><W63/><G63/><T129/><D129/><U44/><E107/><V135/><F135/><W5/><G5/><T50/><D96/><U52/><E104/><V62/><F120/><W18/><G18/><T84/><D84/><U76/><E52/><N who="2" m="33799" /><F43/><W78/><G78/><T121/><D121/><U106/><E76/><V82/><F36/><W48/><G48/><T51/><D51/><U13/><E106/><V130/><F130/><W29/><G29/><T25/><D28/><RYUUKYOKU ba="1,1" sc="287,-10,249,-10,171,-10,283,30" hai3="19,20,27,49,55,59,61,65,86,91,92,100,101" /><INIT seed="3,2,1,5,3,38" ten="277,239,161,313" oya="3" hai0="63,21,75,55,8,22,73,10,70,76,85,82,99" hai1="131,42,87,100,12,66,104,125,58,30,33,54,11" hai2="74,47,67,25,46,94,108,3,53,44,106,36,120" hai3="89,26,84,71,92,48,111,50,32,121,91,49,112"/><W60/><G121/><T14/><D8/><U17/><E131/><V96/><F106/><W132/><G112/><T15/><D14/><U37/><E125/><V27/><F120/><W118/><G118/><T20/><D99/><U24/><E66/><V0/><F74/><W103/><G132/><T72/><D70/><U113/><E113/><V81/><F36/><W34/><G111/><T83/><D63/><U124/><E124/><V57/><F67/><W129/><G129/><T68/><D68/><U77/><E104/><V39/><F81/><W52/><G103/><T69/><D69/><U80/><E100/><V135/><F135/><W31/><G34/><T95/><D95/><U86/><E87/><V13/><F13/><W19/><G19/><T9/><D55/><U28/><E30/><V97/><F39/><W16/><G16/><T43/><D43/><U117/><E117/><V122/><F108/><W65/><REACH who="3" step="1"/><G91/><REACH who="3" ten="277,239,161,303" step="2"/><T107/><D9/><U5/><E17/><V115/><F115/><W78/><G78/><T105/><D10/><U35/><E33/><V130/><F130/><W126/><G126/><T116/><D116/><U62/><E35/><V23/><F122/><W4/><G4/><T41/><D76/><U93/><E77/><V59/><F25/><W51/><G51/><T110/><D110/><U6/><E24/><V40/><F27/><W88/><G88/><T61/><D22/><U56/><E6/><V90/><F23/><W119/><G119/><T64/><D21/><U29/><E5/><V79/><F79/><W101/><G101/><T7/><D7/><RYUUKYOKU ba="2,2" sc="277,-10,239,-10,161,-10,303,30" hai3="26,31,32,48,49,50,52,60,65,71,84,89,92" /><INIT seed="3,3,2,3,5,58" ten="267,229,151,333" oya="3" hai0="40,57,19,120,91,17,123,35,46,87,20,79,80" hai1="42,127,28,7,119,68,83,77,74,18,101,108,16" hai2="36,27,9,109,14,12,22,54,32,29,98,1,38" hai3="134,114,132,135,56,24,71,73,39,122,113,31,49"/><W107/><G107/><T89/><D35/><U61/><E108/><V125/><F109/><W59/><G122/><T11/><D17/><U76/><E76/><V33/><F125/><W69/><G39/><T103/><D103/><U106/><E127/><V105/><F32/><W4/><G4/><T41/><D41/><U82/><E82/><V88/><F54/><N who="3" m="31823" /><G73/><T104/><D104/><U66/><E119/><V75/><F75/><W23/><G59/><T118/><D11/><U131/><E131/><V130/><F130/><W72/><G72/><T44/><D44/><U45/><E7/><N who="2" m="1263" /><F14/><W111/><G111/><T86/><D118/><U110/><E28/><V55/><F55/><W78/><G78/><T5/><D5/><U128/><E128/><V95/><F105/><W37/><G37/><T25/><D79/><U6/><E6/><V3/><F3/><W8/><G8/><T116/><D116/><U94/><E106/><V60/><F60/><W81/><G81/><T48/><D57/><U70/><E70/><AGARI ba="3,2" hai="23,24,31,69,70,71,113,114,132,134,135" m="31823" machi="70" ten="40,2000,0" yaku="20,1" doraHai="58" who="3" fromWho="1" sc="267,0,229,-29,151,0,333,49" /><INIT seed="3,4,0,3,2,97" ten="267,200,151,382" oya="3" hai0="13,102,26,85,118,62,15,126,80,5,77,92,100" hai1="54,122,120,89,31,111,91,59,55,19,130,28,110" hai2="30,0,93,57,128,98,51,37,12,108,112,95,21" hai3="52,9,16,134,72,76,46,23,116,123,99,94,64"/><W69/><G123/><T34/><D118/><U78/><E59/><V7/><F37/><W114/><G116/><T86/><D126/><U74/><E19/><V53/><F112/><W81/><G114/><T105/><D105/><U1/><E78/><V83/><F108/><W47/><G134/><T84/><D34/><U73/><REACH who="1" step="1"/><E1/><REACH who="1" ten="267,190,151,382" step="2"/><V22/><F0/><W109/><G109/><T58/><D26/><U41/><E41/><V40/><F40/><W121/><G121/><T3/><D3/><U127/><E127/><V101/><F128/><AGARI ba="4,1" hai="28,31,54,55,73,74,89,91,110,111,120,122,128,130" machi="128" ten="25,3200,0" yaku="1,1,22,2,53,0" doraHai="97" doraHaiUra="131" who="1" fromWho="2" sc="267,0,190,54,151,-44,382,0" /><INIT seed="4,0,0,3,4,67" ten="267,244,107,382" oya="0" hai0="108,82,103,96,122,74,52,43,27,134,119,79,132" hai1="46,31,91,10,53,7,87,66,68,127,48,13,106" hai2="51,42,94,17,78,126,84,117,58,9,116,70,92" hai3="113,40,38,121,86,8,100,6,18,131,115,57,41"/><T28/><D119/><U81/><E127/><V45/><F126/><W60/><G131/><T133/><D43/><U55/><E106/><V39/><F78/><W23/><G100/><T14/><D14/><U5/><E31/><V80/><F9/><W20/><G86/><T110/><D52/><U75/><E75/><V59/><F17/><W36/><G121/><T11/><D11/><U76/><E76/><V105/><F105/><W69/><G40/><T130/><D130/><U16/><E55/><V47/><F92/><W56/><G41/><T90/><D90/><U107/><E107/><V135/><F94/><W98/><G98/><T118/><D118/><N who="2" m="45674" /><F135/><W72/><G8/><T30/><D122/><U95/><E95/><V97/><F97/><W49/><G6/><T64/><D64/><U61/><AGARI ba="0,0" hai="5,7,10,13,16,46,48,53,61,66,68,81,87,91" machi="61" ten="30,8000,1" yaku="0,1,25,2,52,1,54,1" doraHai="67" who="1" fromWho="1" sc="267,-40,244,80,107,-20,382,-20" /><INIT seed="5,0,0,3,2,121" ten="227,324,87,362" oya="1" hai0="101,70,93,40,56,110,5,47,0,114,59,11,77" hai1="42,34,113,102,41,91,62,123,51,99,84,79,27" hai2="87,119,89,65,54,24,37,28,61,52,129,16,53" hai3="128,6,80,17,86,10,9,55,131,14,106,85,43"/><U4/><E123/><V116/><F129/><N who="3" m="49739" /><G106/><T50/><D70/><U132/><E113/><V88/><F37/><W90/><G43/><T1/><D114/><U39/><E132/><V74/><F74/><W133/><G133/><T15/><D1/><U26/><E39/><V107/><F107/><W44/><G44/><T63/><D0/><U125/><E125/><V35/><F16/><W75/><G55/><T20/><D20/><U76/><E34/><V49/><F49/><W96/><G96/><T78/><D59/><U58/><E4/><V81/><REACH who="2" step="1"/><F89/><REACH who="2" ten="227,324,77,362" step="2"/><W103/><G75/><T29/><D78/><U82/><E79/><V31/><F31/><W23/><G103/><T69/><D29/><U21/><E76/><V48/><F48/><W72/><G72/><T30/><D30/><U57/><E51/><V97/><F97/><W25/><G86/><T67/><D77/><U104/><E27/><V100/><F100/><W68/><G10/><T22/><D101/><U108/><E26/><V66/><F66/><W92/><G25/><T95/><D22/><U3/><E21/><V124/><F124/><W98/><G23/><T7/><D7/><U19/><E104/><V73/><F73/><W12/><G17/><T36/><D5/><U32/><E19/><V64/><F64/><W94/><G14/><T18/><D36/><U46/><E102/><V8/><F8/><W33/><G12/><T127/><D127/><U122/><E3/><V60/><F60/><W38/><G38/><T2/><D50/><U13/><E91/><V109/><F109/><W71/><G90/><RYUUKYOKU ba="0,1" sc="227,-10,324,-10,77,30,362,-10" hai2="24,28,35,52,53,54,61,65,81,87,88,116,119" /><INIT seed="6,1,1,0,2,48" ten="217,314,107,352" oya="2" hai0="19,76,16,28,131,42,89,66,22,54,50,33,6" hai1="4,88,97,43,81,70,57,85,12,124,75,99,78" hai2="108,117,62,103,72,55,134,27,123,94,74,49,61" hai3="113,63,41,52,71,32,68,82,56,31,8,37,9"/><V95/><F117/><W125/><G113/><T51/><D131/><U90/><E70/><V114/><F123/><W115/><G115/><T2/><D66/><U34/><E34/><V59/><F114/><W105/><G105/><T38/><D38/><U53/><E124/><V129/><F129/><W7/><G125/><T122/><D122/><U13/><E43/><V87/><F134/><W109/><G109/><T101/><D101/><U128/><E128/><V47/><F108/><W24/><G9/><T91/><D76/><U106/><E106/><V86/><F74/><W65/><G82/><T20/><D33/><U58/><E58/><V116/><F72/><W112/><G112/><T80/><D6/><U35/><E35/><V135/><F135/><W23/><G32/><T100/><D100/><U118/><E118/><V127/><F127/><W17/><G31/><T14/><D28/><U119/><E119/><V3/><F3/><W10/><G10/><T26/><D80/><U120/><E120/><V36/><F116/><W102/><G102/><T121/><D2/><U130/><E130/><V133/><F133/><W11/><G11/><T132/><D121/><U45/><E45/><V5/><F36/><W46/><REACH who="3" step="1"/><G65/><REACH who="3" ten="217,314,107,342" step="2"/><T0/><D132/><U110/><E110/><V73/><F5/><W104/><G104/><T77/><D0/><AGARI ba="1,2" hai="0,7,8,17,23,24,37,41,46,52,56,63,68,71" machi="0" ten="30,7700,0" yaku="1,1,7,1,52,1,54,1,53,0" doraHai="48" doraHaiUra="30" who="3" fromWho="0" sc="217,-80,314,0,107,0,342,100" /><INIT seed="7,0,0,0,3,65" ten="137,314,107,442" oya="3" hai0="123,69,6,64,40,45,30,28,98,22,77,74,89" hai1="128,107,81,91,44,87,18,79,115,71,51,96,61" hai2="5,12,130,41,21,114,135,46,72,37,34,11,105" hai3="56,100,17,127,50,126,47,103,48,4,92,112,8"/><W54/><G112/><T86/><D123/><U108/><E108/><V39/><F114/><W121/><G17/><T27/><D6/><U49/><E115/><V23/><F34/><W29/><G29/><T0/><D0/><U62/><E128/><V58/><F130/><W38/><G38/><T2/><D2/><U63/><E18/><V129/><F129/><W75/><G75/><T60/><D74/><U124/><E124/><N who="3" m="47658" /><G92/><T111/><D77/><U68/><E51/><V35/><F35/><W106/><G106/><T36/><D98/><U16/><E16/><V101/><F135/><W32/><G32/><T67/><D67/><U31/><E31/><V1/><F39/><W95/><G95/><T110/><D30/><U33/><E33/><V109/><F109/><W7/><G121/><T134/><D134/><U9/><E9/><V73/><F58/><W113/><G113/><T14/><D14/><U82/><E107/><V3/><F3/><N who="3" m="31" /><G7/><T125/><D125/><U15/><E96/><V99/><REACH who="2" step="1"/><F12/><REACH who="2" ten="137,314,97,442" step="2"/><W70/><G70/><T26/><D26/><U97/><E15/><V20/><AGARI ba="0,1" hai="1,5,11,20,21,23,37,41,46,72,73,99,101,105" machi="20" ten="30,4000,0" yaku="1,1,2,1,0,1,53,0" doraHai="65" doraHaiUra="88" who="2" fromWho="2" sc="137,-10,314,-10,97,50,442,-20" owari="127,-37.0,304,10.0,147,-25.0,422,52.0" /></mjloggm>