<mjloggm ver="2.3"><GO type="169" lobby="0"/><UN n0="%E5%B0%B1%E6%B4%BB%E7%94%9F%40%E5%B7%9D%E6%9D%91%E8%BB%8D%E5%9B%A3" n1="%66%65%65%73" n2="%74%61%6B%61%79%79%79%79" n3="%E3%81%B5%E3%81%8B%E3%81%A4%E3%81%81%E3%83%BC" dan="17,17,16,16" rate="2212.26,2127.31,2140.95,2150.58" sx="M,M,M,M"/><TAIKYOKU oya="0"/><INIT seed="0,0,0,3,3,35" ten="250,250,250,250" oya="0" hai0="17,27,119,5,57,32,107,70,86,100,51,88,62" hai1="134,25,131,15,7,10,52,34,85,16,97,14,29" hai2="122,0,79,66,104,59,11,24,22,93,98,72,20" hai3="103,105,81,6,80,53,124,110,50,133,115,3,116"/><T82/><D119/><U78/><E134/><V56/><F104/><W95/><G116/><T111/><D111/><U43/><E131/><V113/><F113/><W102/><G115/><T74/><D74/><U38/><E97/><V91/><F122/><W71/><G71/><T49/><D5/><U94/><E38/><V33/><F33/><W114/><G105/><T39/><D39/><U89/><E43/><V13/><F0/><W75/><G133/><T48/><D70/><U68/><E68/><V109/><F109/><W108/><G114/><T129/><D129/><U96/><E78/><V47/><F47/><W37/><G37/><T41/><D41/><U130/><E130/><V106/><F106/><W69/><G75/><T19/><D32/><U30/><E30/><V1/><F1/><W126/><G3/><T67/><REACH who="0" step="1"/><D27/><REACH who="0" ten="240,250,250,250" step="2"/><U76/><E7/><V36/><F36/><W65/><G6/><T84/><D84/><U42/><E42/><V58/><F72/><W99/><G110/><T60/><D60/><U127/><E85/><V112/><F24/><W77/><G108/><T135/><D135/><U123/><E25/><V12/><F112/><W46/><G69/><T28/><D28/><U2/><E29/><V90/><F98/><AGARI ba="0,1" hai="17,19,48,49,51,57,62,67,82,86,88,98,100,107" machi="98" ten="40,3900,0" yaku="1,1,54,1,53,0" doraHai="35" doraHaiUra="64" who="0" fromWho="2" sc="240,49,250,0,250,-39,250,0" /><INIT seed="0,1,0,1,0,36" ten="289,250,211,250" oya="0" hai0="103,111,91,61,96,8,100,84,86,115,16,43,26" hai1="48,18,29,116,56,5,25,58,83,97,79,6,73" hai2="104,134,112,13,2,72,49,126,57,133,131,30,59" hai3="11,27,87,101,64,94,12,105,42,89,119,70,62"/><T45/><D115/><U67/><E116/><V35/><F2/><W60/><G119/><T66/><D111/><U99/><E18/><V124/><F72/><W109/><G109/><T24/><D86/><U127/><E127/><N who="2" m="48683" /><F104/><W75/><G75/><T51/><D26/><U88/><E58/><N who="2" m="22027" /><F112/><W17/><G62/><T68/><D96/><U40/><E67/><V22/><F35/><W33/><G105/><T69/><D69/><U1/><E1/><V92/><F92/><W90/><G101/><T46/><D46/><U128/><E128/><V63/><F63/><W78/><G78/><T34/><D34/><U125/><E99/><V50/><F131/><W121/><G90/><T130/><D130/><U9/><E9/><V122/><F122/><W129/><G129/><T123/><D123/><U80/><E125/><V74/><F74/><W113/><G113/><T38/><D38/><U93/><E83/><V132/><F13/><W71/><G121/><T19/><D19/><U65/><E65/><V118/><F118/><W114/><G114/><T55/><D55/><U3/><E3/><V28/><F22/><W82/><G71/><T54/><D54/><U102/><E102/><V15/><F15/><W7/><G82/><N who="0" m="49559" /><D8/><U52/><REACH who="1" step="1"/><E40/><REACH who="1" ten="289,240,211,250" step="2"/><V37/><F37/><W20/><G17/><T47/><D100/><U4/><E4/><V110/><F110/><W23/><G42/><N who="0" m="25015" /><D103/><U77/><E77/><V108/><F108/><W117/><G117/><T14/><D14/><U81/><E81/><V85/><F85/><W135/><G135/><N who="2" m="34561" /><V76/><DORA hai="107" /><F76/><W41/><G41/><RYUUKYOKU ba="1,1" sc="289,-30,240,10,211,10,250,10" hai1="5,6,25,29,48,52,56,73,79,80,88,93,97" hai2="28,30,49,50" hai3="7,11,12,20,23,27,33,60,64,70,87,89,94" /><INIT seed="1,2,1,3,5,87" ten="259,250,221,260" oya="1" hai0="88,101,108,41,114,91,122,109,65,61,104,52,131" hai1="7,60,39,132,57,13,53,45,69,50,112,2,90" hai2="47,55,117,130,23,15,36,1,119,107,84,80,8" hai3="62,82,34,71,116,6,72,5,99,14,63,110,43"/><U30/><E2/><V123/><F123/><W32/><G110/><N who="0" m="42603" /><D114/><U51/><E30/><V74/><F74/><W94/><G116/><T105/><D131/><U95/><E112/><V78/><F130/><W106/><G106/><N who="0" m="41067" /><D41/><U42/><E132/><V77/><F107/><W46/><G72/><T133/><D133/><U102/><E102/><V73/><F73/><W54/><G82/><T103/><D122/><U67/><E7/><V12/><F1/><W27/><G6/><T17/><D17/><U37/><REACH who="1" step="1"/><E13/><REACH who="1" ten="259,240,221,260" step="2"/><V40/><F12/><W92/><G14/><T26/><D26/><U0/><E0/><V33/><F15/><W89/><G27/><T9/><D9/><U135/><E135/><V68/><F8/><W31/><G5/><T93/><D103/><U66/><E66/><V10/><F10/><W11/><G31/><T35/><D35/><U97/><AGARI ba="2,2" hai="37,39,42,45,50,51,53,57,60,67,69,90,95,97" machi="97" ten="20,7800,0" yaku="1,1,0,1,7,1,52,1,53,0" doraHai="87" doraHaiUra="128" who="1" fromWho="1" sc="259,-28,240,104,221,-28,260,-28" /><INIT seed="1,3,0,5,5,100" ten="231,344,193,232" oya="1" hai0="51,43,63,31,124,97,34,54,66,42,17,76,58" hai1="122,57,29,127,55,45,70,56,3,123,21,9,2" hai2="105,24,61,36,73,125,134,86,101,60,39,59,16" hai3="108,129,88,84,69,47,18,130,113,87,96,99,92"/><U98/><E70/><V112/><F73/><W114/><G69/><T40/><D124/><U103/><E127/><V77/><F125/><W4/><G4/><T19/><D76/><U30/><E45/><V6/><F134/><W94/><G47/><T131/><D131/><N who="3" m="50185" /><G18/><T46/><D34/><U5/><E2/><V50/><F112/><N who="3" m="43115" /><G108/><T133/><D133/><U109/><E57/><V119/><F119/><W1/><G1/><T90/><D31/><U132/><E132/><V52/><F39/><W11/><G11/><T68/><D68/><U83/><E83/><N who="2" m="47471" /><F105/><W25/><G25/><T72/><D72/><U8/><E8/><V117/><F117/><W85/><G85/><T81/><D81/><U116/><E116/><V106/><F106/><W44/><G44/><T126/><D126/><U20/><E109/><V89/><F36/><W22/><G22/><T26/><D26/><U104/><E20/><N who="2" m="13319" /><F6/><W128/><G128/><T79/><D79/><U71/><E71/><V74/><F74/><W121/><G121/><T120/><D120/><U23/><E122/><V78/><F78/><W49/><G49/><T35/><D35/><U13/><E123/><V95/><F101/><AGARI ba="3,0" hai="84,87,88,92,94,96,99,101" m="43115,50185" machi="101" ten="30,7700,0" yaku="19,1,34,2,54,1" doraHai="100" who="3" fromWho="2" sc="231,0,344,0,193,-86,232,86" /><INIT seed="2,0,0,2,3,84" ten="231,344,107,318" oya="2" hai0="128,94,92,27,109,125,16,69,111,105,133,86,116" hai1="130,113,12,135,68,121,93,39,19,67,62,77,14" hai2="10,110,45,41,47,59,96,11,28,13,102,65,18" hai3="31,22,70,79,42,124,37,82,88,26,91,51,99"/><V3/><F3/><W131/><G37/><T5/><D69/><U2/><E113/><V53/><F110/><N who="0" m="41994" /><D105/><U98/><E2/><V58/><F28/><W9/><G70/><T32/><D128/><U71/><E39/><V30/><F30/><W44/><G131/><T73/><D73/><U36/><E36/><V0/><F65/><W104/><G124/><T114/><D114/><U122/><E135/><V76/><F76/><W126/><G126/><T24/><D133/><U117/><E117/><V40/><F0/><W119/><G119/><T49/><D5/><U134/><E134/><V107/><F11/><W17/><G9/><T63/><D63/><U60/><E77/><V29/><F29/><W21/><G99/><T72/><D72/><U57/><E71/><V52/><F47/><W80/><G104/><T115/><D115/><U64/><E130/><V90/><F90/><N who="3" m="34347" /><G79/><T7/><D7/><U25/><E19/><V103/><F103/><W66/><G66/><T35/><D16/><U106/><E67/><V48/><REACH who="2" step="1"/><F41/><REACH who="2" ten="231,344,97,318" step="2"/><W38/><G38/><T118/><D125/><U1/><E64/><V123/><F123/><W75/><G75/><T81/><D118/><U97/><E121/><V83/><F83/><W112/><G112/><T55/><D116/><U100/><E122/><V61/><F61/><W120/><G120/><T4/><D35/><U50/><E62/><V23/><F23/><W20/><G20/><T34/><D32/><U15/><E60/><V74/><F74/><W6/><G6/><T85/><D34/><U8/><E100/><V129/><F129/><RYUUKYOKU ba="0,1" sc="231,-15,344,-15,97,15,318,15" hai2="10,13,18,40,45,48,52,53,58,59,96,102,107" hai3="17,21,22,26,31,42,44,51,80,82" /><INIT seed="2,1,1,4,4,123" ten="216,329,112,333" oya="2" hai0="11,0,16,52,89,74,84,58,124,39,112,28,94" hai1="114,36,61,91,95,65,90,2,71,40,56,49,30" hai2="53,126,122,104,132,33,51,42,63,125,64,92,22" hai3="85,80,100,121,38,48,27,68,103,1,7,59,70"/><V50/><F104/><W133/><G38/><T45/><D112/><U99/><E2/><V110/><F33/><W127/><G121/><T21/><D74/><U57/><E114/><V60/><F122/><W75/><G75/><T129/><D129/><U32/><E32/><V101/><F132/><W8/><G133/><T105/><D105/><U119/><E30/><V3/><F3/><W79/><G127/><N who="2" m="48649" /><F22/><W13/><G1/><T86/><D124/><U37/><E37/><V131/><F131/><W43/><G68/><T118/><D118/><U23/><E23/><V5/><F5/><W46/><G70/><T34/><D34/><U111/><E57/><N who="2" m="34863" /><F110/><W24/><G59/><T97/><D28/><U44/><E119/><V128/><F128/><W88/><REACH who="3" step="1"/><G88/><REACH who="3" ten="216,329,112,323" step="2"/><T83/><D0/><U76/><E91/><V113/><F113/><W66/><G66/><T41/><D83/><U10/><E65/><V9/><F9/><W108/><G108/><T25/><REACH who="0" step="1"/><D11/><REACH who="0" ten="206,329,112,323" step="2"/><U62/><E10/><V73/><F73/><W117/><G117/><T15/><D15/><U72/><E72/><V109/><F109/><W31/><G31/><T134/><D134/><U29/><E111/><V82/><F82/><W12/><G12/><T93/><D93/><U4/><E95/><V19/><F92/><W115/><G115/><T35/><D35/><U17/><E29/><V120/><F120/><W96/><G96/><T87/><D87/><U26/><E99/><V106/><F106/><W135/><G135/><T77/><D77/><U14/><E76/><V81/><F81/><W116/><G116/><RYUUKYOKU ba="1,3" sc="206,15,329,-15,112,-15,323,15" hai0="16,21,25,39,41,45,52,58,84,86,89,94,97" hai3="7,8,13,24,27,43,46,48,79,80,85,100,103" /><INIT seed="3,2,3,4,4,114" ten="221,314,97,338" oya="3" hai0="75,79,76,15,97,104,48,14,19,80,47,133,84" hai1="99,8,124,131,50,78,115,30,25,73,22,34,91" hai2="0,57,23,6,110,118,54,134,20,43,69,93,68" hai3="64,39,49,45,107,51,102,55,26,56,18,130,109"/><W21/><G39/><T117/><D117/><U65/><E115/><V120/><F134/><W92/><G107/><T105/><D133/><U89/><E65/><V72/><F110/><W88/><G130/><T113/><D113/><U103/><E131/><V46/><F72/><W127/><G127/><T4/><D97/><U85/><E73/><V67/><F118/><W66/><G109/><T9/><D75/><U82/><E124/><V132/><F132/><W70/><G102/><T112/><D79/><U129/><E129/><V1/><F120/><W108/><G70/><T61/><D61/><U86/><E34/><V60/><F93/><W11/><G11/><T98/><D98/><U44/><E8/><V126/><F126/><W125/><G108/><T135/><D135/><U10/><E86/><V100/><F100/><W27/><G27/><T42/><D112/><U94/><REACH who="1" step="1"/><E10/><AGARI ba="2,3" hai="4,9,10,14,15,19,42,47,48,76,80,84,104,105" machi="10" ten="30,3900,0" yaku="7,1,25,2" doraHai="114" who="0" fromWho="1" sc="221,75,314,-45,97,0,338,0" /><INIT seed="4,0,0,5,1,35" ten="296,269,97,338" oya="0" hai0="38,123,126,80,67,22,26,129,78,7,75,107,93" hai1="44,14,92,132,124,105,41,131,4,30,59,9,62" hai2="98,16,45,113,24,120,99,85,135,36,52,111,127" hai3="55,32,134,61,47,53,5,100,91,79,39,118,37"/><T106/><D123/><U114/><E105/><V40/><F111/><W42/><G118/><T69/><D38/><U66/><E132/><V77/><F120/><W2/><G134/><T15/><D129/><U60/><E131/><V115/><F135/><W18/><G32/><T10/><D126/><U20/><E124/><V112/><F127/><W117/><G39/><T46/><D46/><U13/><E114/><V11/><F77/><W83/><G117/><T128/><D128/><U74/><E74/><V51/><F85/><W87/><G100/><T97/><D67/><U72/><E72/><V130/><F130/><W6/><G18/><T110/><D69/><U125/><E125/><V12/><REACH who="2" step="1"/><F24/><REACH who="2" ten="296,269,87,338" step="2"/><W94/><G87/><T34/><D110/><U43/><E14/><V27/><F27/><W63/><G79/><T25/><D25/><U31/><E13/><V119/><F119/><W19/><G63/><T21/><D34/><U116/><E62/><V109/><F109/><W68/><G61/><T89/><REACH who="0" step="1"/><D22/><REACH who="0" ten="286,269,87,338" step="2"/><U121/><E121/><V103/><F103/><W1/><G68/><T86/><D86/><U81/><E20/><V133/><F133/><W76/><G37/><T8/><D8/><U57/><E9/><V23/><F23/><W108/><G108/><T49/><D49/><U82/><E116/><V95/><F95/><W84/><G94/><T58/><D58/><AGARI ba="0,2" hai="11,12,16,36,40,45,51,52,58,98,99,112,113,115" machi="58" ten="40,8000,1" yaku="1,1,15,1,54,2,53,0" doraHai="35" doraHaiUra="29" who="2" fromWho="0" sc="286,-80,269,0,87,100,338,0" /><INIT seed="5,0,0,5,3,54" ten="206,269,187,338" oya="1" hai0="124,121,13,60,23,109,133,68,49,118,116,16,120" hai1="89,4,92,84,129,111,56,64,76,46,36,55,69" hai2="78,125,98,22,34,126,130,66,85,93,26,8,82" hai3="80,33,99,100,112,94,12,59,132,128,115,58,114"/><U110/><E4/><V42/><F130/><W37/><G132/><T61/><D109/><N who="1" m="41483" /><E129/><V35/><F42/><W47/><G128/><T71/><D133/><U19/><E76/><V86/><F86/><W25/><G80/><T62/><D124/><N who="2" m="47722" /><F66/><W30/><G12/><T31/><D31/><U127/><E19/><N who="2" m="12639" /><F8/><W90/><G100/><AGARI ba="0,0" hai="34,35,78,82,85,93,98,100" m="12639,47722" machi="100" ten="30,1000,0" yaku="18,1" doraHai="54" who="2" fromWho="3" sc="206,0,269,0,187,10,338,-10" /><INIT seed="6,0,0,2,2,118" ten="206,269,197,328" oya="2" hai0="125,59,53,18,33,121,56,31,103,62,96,115,39" hai1="58,135,52,49,78,91,82,93,32,34,51,71,1" hai2="98,114,112,75,37,47,40,5,134,29,15,9,86" hai3="66,65,110,48,87,133,119,13,122,25,113,131,55"/><V60/><F134/><W10/><G119/><T54/><D39/><U105/><E105/><V68/><F75/><W0/><G0/><T72/><D72/><U88/><E71/><V123/><F29/><W76/><G133/><T64/><D115/><N who="2" m="44074" /><F98/><W85/><G113/><T4/><D4/><U116/><E1/><V101/><F101/><W83/><G122/><T108/><D108/><U130/><E116/><V77/><F123/><W109/><G131/><T11/><D121/><U27/><E135/><V46/><F46/><W95/><G25/><T50/><D125/><U36/><E36/><V19/><F77/><W124/><G124/><T43/><D33/><U14/><E91/><V107/><F86/><W44/><G110/><T3/><D31/><U120/><E120/><V41/><F41/><W132/><G132/><T67/><D43/><U7/><E27/><V90/><F90/><N who="3" m="53727" /><G109/><T97/><D97/><U28/><E28/><V128/><F128/><W20/><G20/><T102/><D102/><U69/><E130/><V84/><F84/><W24/><G24/><T70/><D70/><U12/><E69/><V30/><F107/><W126/><G126/><T63/><D50/><U99/><E49/><V129/><F129/><W100/><G100/><T6/><REACH who="0" step="1"/><D18/><AGARI ba="0,0" hai="10,13,18,44,48,55,65,66,76,83,85" m="53727" machi="18" ten="30,1000,0" yaku="8,1" doraHai="118" who="3" fromWho="0" sc="206,-10,269,0,197,0,328,10" /><INIT seed="7,0,0,3,0,124" ten="196,269,197,338" oya="3" hai0="5,49,104,47,4,90,10,75,135,117,80,19,119" hai1="17,102,113,22,78,66,67,116,54,48,86,56,41" hai2="14,92,81,93,39,7,20,62,88,77,94,60,46" hai3="58,3,95,122,134,118,121,50,64,57,15,30,125"/><W97/><G3/><T35/><D104/><U2/><E2/><V131/><F131/><W83/><G83/><T13/><D35/><U1/><E1/><V91/><F39/><W32/><G15/><T44/><D135/><U89/><E78/><V51/><F77/><W128/><G58/><T76/><D47/><N who="1" m="25711" /><E102/><V59/><F81/><W96/><G50/><T26/><D90/><N who="2" m="34346" /><F59/><W74/><G64/><T103/><D103/><U6/><E113/><V23/><F7/><W69/><G57/><T99/><D99/><U111/><E6/><V100/><F100/><W105/><G69/><T25/><D4/><U107/><E111/><V18/><F23/><W70/><G96/><T42/><REACH who="0" step="1"/><D5/><REACH who="0" ten="186,269,197,338" step="2"/><U112/><E107/><V82/><F82/><W84/><G97/><T115/><D115/><U114/><E112/><V129/><F129/><W65/><G105/><T133/><D133/><U110/><E114/><V132/><F132/><W8/><G128/><T126/><D126/><U29/><E110/><V40/><AGARI ba="0,1" hai="14,18,20,40,46,51,60,62,92,93,94" m="34346" machi="40" ten="30,2000,0" yaku="8,1,54,1" doraHai="124" who="2" fromWho="2" sc="186,-5,269,-5,197,30,338,-10" owari="181,-32.0,264,6.0,227,-17.0,328,43.0" /></mjloggm>