<mjloggm ver="2.3"><GO type="169" lobby="0"/><UN n0="%68%61%72%75%72%75%39%31" n1="%62%61%72%61%61%64%6F" n2="%74%61%74%73%75%37%30%32" n3="%E5%B0%B1%E6%B4%BB%E7%94%9F%40%E5%B7%9D%E6%9D%91%E8%BB%8D%E5%9B%A3" dan="16,16,17,16" rate="2083.09,2070.06,2229.74,2115.00" sx="M,M,M,M"/><TAIKYOKU oya="0"/><INIT seed="0,0,0,3,2,66" ten="250,250,250,250" oya="0" hai0="14,109,77,9,46,80,110,92,29,2,59,130,47" hai1="57,58,129,100,13,67,112,72,135,104,69,41,38" hai2="10,35,79,21,116,63,125,103,70,71,11,128,133" hai3="131,56,118,119,124,51,31,12,88,111,5,115,98"/><T132/><D132/><U34/><E72/><V55/><F35/><W121/><G115/><T37/><D130/><U30/><E129/><V4/><F128/><W89/><G131/><T39/><D2/><U33/><E135/><V60/><F133/><W65/><G124/><T6/><D29/><U8/><E112/><V90/><F125/><W24/><G121/><T1/><D59/><U120/><E120/><V126/><F126/><W52/><G111/><N who="0" m="42507" /><D92/><U107/><E30/><V3/><F11/><W36/><G36/><N who="0" m="13899" /><D1/><U117/><E58/><V54/><F21/><W97/><G118/><T49/><D49/><U84/><E34/><V43/><F43/><W68/><G119/><T106/><D106/><U0/><E33/><V123/><F123/><W76/><G97/><T73/><AGARI ba="0,0" hai="6,9,14,46,47,73,77,80" m="13899,42507" machi="73" ten="30,3000,0" yaku="14,1,10,1" doraHai="66" who="0" fromWho="0" sc="250,30,250,-10,250,-10,250,-10" /><INIT seed="0,1,0,1,4,77" ten="280,240,240,240" oya="0" hai0="42,110,4,117,75,129,105,60,18,89,116,27,103" hai1="104,78,43,92,61,13,90,64,2,0,11,74,49" hai2="125,123,10,119,87,76,8,85,107,97,21,44,68" hai3="31,131,63,81,33,98,93,40,28,127,122,54,48"/><T3/><D75/><U29/><E104/><V12/><F123/><W37/><G127/><T88/><D42/><U84/><E29/><V6/><F125/><W101/><G131/><T45/><D129/><U59/><E74/><V82/><F68/><W22/><G33/><T96/><D110/><U66/><E64/><V62/><F119/><W83/><G122/><T51/><D60/><U55/><E43/><V86/><F62/><W26/><G37/><T128/><D128/><U132/><E132/><V99/><F44/><N who="3" m="25607" /><G31/><T53/><D4/><U135/><E78/><V72/><F107/><W91/><G101/><T115/><D3/><U15/><E135/><V20/><REACH who="2" step="1"/><F10/><REACH who="2" ten="280,240,230,240" step="2"/><W106/><G106/><T113/><D116/><U120/><E120/><V108/><F108/><W56/><AGARI ba="1,1" hai="22,26,28,54,56,63,81,83,91,93,98" m="25607" machi="56" ten="30,4000,0" yaku="8,1,52,2" doraHai="77" who="3" fromWho="3" sc="280,-21,240,-11,230,-11,240,53" /><INIT seed="1,0,0,2,1,1" ten="259,229,219,293" oya="1" hai0="88,2,56,52,81,89,55,123,77,66,106,114,10" hai1="20,0,40,48,41,132,8,78,121,122,24,108,74" hai2="84,15,73,107,53,58,19,6,31,131,118,134,34" hai3="14,49,105,104,11,46,133,93,18,50,22,83,54"/><U17/><E132/><V95/><F134/><W101/><G133/><T110/><D114/><U71/><E71/><V128/><F118/><W72/><G72/><T92/><D106/><U115/><E115/><V70/><F70/><W103/><G104/><T91/><D110/><U28/><E108/><V33/><F107/><W80/><G105/><T59/><D66/><U36/><E48/><V57/><F73/><W125/><G125/><T7/><D123/><U90/><E90/><V135/><F135/><W39/><G39/><T130/><D130/><U94/><E94/><V82/><F95/><W47/><G22/><T3/><D3/><U37/><E41/><V68/><F68/><W98/><REACH who="3" step="1"/><G101/><REACH who="3" ten="259,229,219,283" step="2"/><T26/><D26/><U75/><E37/><V79/><F34/><W32/><G32/><T64/><D10/><U116/><E75/><V5/><F33/><W126/><G126/><T112/><D112/><U69/><E36/><V127/><F127/><W25/><G25/><T99/><D92/><U27/><E74/><V102/><F102/><W29/><G29/><T62/><D99/><U45/><E28/><V119/><F31/><W96/><G96/><T86/><D81/><U65/><E27/><V113/><F113/><W67/><G67/><T129/><D64/><U111/><E65/><V35/><F35/><W38/><G38/><T4/><D129/><U87/><E24/><V16/><F131/><W13/><G13/><T43/><D2/><U23/><E0/><V30/><F30/><W117/><G117/><T100/><D100/><U124/><E116/><V61/><F119/><RYUUKYOKU ba="0,1" sc="259,-10,229,-10,219,-10,283,30" hai3="11,14,18,46,47,49,50,54,80,83,93,98,103" /><INIT seed="2,1,1,1,3,107" ten="249,219,209,313" oya="2" hai0="56,63,123,14,70,33,119,32,71,54,21,12,96" hai1="59,134,37,95,124,39,122,34,55,73,60,86,76" hai2="82,81,61,40,115,18,65,67,114,78,11,127,4" hai3="111,87,129,66,24,116,132,2,17,53,103,31,93"/><V43/><F127/><W83/><G2/><T8/><D123/><U46/><E124/><V68/><F67/><W25/><G116/><T110/><D110/><U13/><E122/><V52/><F82/><W89/><G111/><T104/><D119/><U128/><E128/><V126/><F18/><W100/><G129/><T57/><D21/><U7/><E134/><V131/><F131/><W84/><G66/><T6/><D14/><U77/><E34/><V85/><F126/><W19/><G53/><T35/><REACH who="0" step="1"/><D57/><REACH who="0" ten="239,219,209,313" step="2"/><U41/><E13/><V102/><F115/><W121/><G121/><T0/><D0/><U75/><E59/><V79/><F114/><W23/><G132/><T10/><D10/><U117/><E117/><V15/><F102/><AGARI ba="1,2" hai="6,8,12,32,33,35,54,56,63,70,71,96,102,104" machi="102" ten="40,2600,0" yaku="1,1,53,1" doraHai="107" doraHaiUra="94" who="0" fromWho="2" sc="239,49,219,0,209,-29,313,0" /><INIT seed="3,0,0,5,5,44" ten="288,219,180,313" oya="3" hai0="116,11,129,123,0,87,125,12,33,81,7,49,50" hai1="22,108,56,127,31,92,106,93,114,67,72,88,135" hai2="133,78,107,28,64,4,14,2,124,84,38,131,35" hai3="89,27,8,15,110,66,6,29,134,85,99,95,59"/><W109/><G134/><T111/><D116/><U113/><E108/><N who="3" m="41578" /><G66/><T17/><D111/><U102/><E127/><V63/><F133/><W105/><G59/><T68/><D123/><U61/><E135/><V97/><F124/><W1/><G105/><T36/><D125/><U83/><E106/><V57/><F131/><W121/><G121/><T100/><D129/><U58/><E58/><V79/><F38/><W80/><G1/><T62/><D36/><U16/><E31/><V47/><F2/><W75/><G75/><T39/><D39/><U91/><E102/><V118/><F118/><W45/><G45/><T32/><D100/><U76/><E93/><V18/><F47/><W120/><G120/><T60/><D33/><U34/><E34/><V74/><F74/><W40/><G40/><T65/><D60/><U41/><E41/><V122/><F122/><W94/><G99/><T55/><D32/><AGARI ba="0,0" hai="6,8,15,27,29,32,80,85,89,94,95" m="41578" machi="32" ten="30,2900,0" yaku="14,1,10,1" doraHai="44" who="3" fromWho="0" sc="288,-29,219,0,180,0,313,29" /><INIT seed="3,1,0,3,0,41" ten="259,219,180,342" oya="3" hai0="135,118,10,45,110,18,40,92,4,5,32,33,56" hai1="30,31,35,84,14,61,8,132,114,78,44,87,43" hai2="97,21,100,49,133,119,51,124,17,38,91,112,69" hai3="72,27,48,117,23,11,25,125,42,53,122,22,88"/><W63/><G72/><T71/><D71/><U131/><E114/><V26/><F119/><W62/><G122/><T83/><D118/><U68/><E131/><V58/><F112/><W60/><G117/><T96/><D110/><U81/><E132/><V108/><F69/><W107/><G107/><T7/><D135/><U104/><E104/><V106/><F108/><W128/><G125/><T34/><D83/><U6/><E35/><V47/><F124/><W64/><G42/><T80/><D80/><U3/><E3/><V85/><F133/><W54/><G11/><T121/><D121/><U52/><E87/><V105/><F105/><W57/><G128/><T9/><D56/><N who="1" m="34951" /><E68/><V12/><F58/><W24/><G64/><T82/><D82/><U93/><E93/><V67/><F67/><W103/><G103/><T123/><D123/><U113/><E113/><V130/><F130/><W86/><REACH who="3" step="1"/><G53/><REACH who="3" ten="259,219,180,332" step="2"/><T129/><D129/><U28/><E43/><V95/><F38/><W79/><G79/><T70/><D70/><U13/><E78/><V46/><REACH who="2" step="1"/><F12/><REACH who="2" ten="259,219,170,332" step="2"/><W109/><G109/><T116/><D116/><U65/><E14/><V2/><F2/><W16/><G16/><T120/><D18/><U59/><E65/><V127/><F127/><W1/><G1/><T111/><D120/><U101/><E13/><V66/><F66/><W89/><G89/><N who="0" m="55311" /><D111/><U73/><E101/><V39/><F39/><W90/><G90/><T19/><D19/><U134/><E134/><V50/><AGARI ba="1,2" hai="17,21,26,46,47,49,50,51,85,91,95,97,100,106" machi="50" ten="30,7900,0" yaku="1,1,0,1,52,2,53,0" doraHai="41" doraHaiUra="36" who="2" fromWho="2" sc="259,-21,219,-21,170,102,332,-40" /><INIT seed="4,0,0,4,4,26" ten="238,198,272,292" oya="0" hai0="54,99,8,59,14,112,104,130,40,61,131,134,22" hai1="129,2,63,55,111,119,94,123,108,77,68,84,109" hai2="5,76,48,16,85,125,107,69,114,7,27,88,64" hai3="132,47,135,21,102,75,98,91,17,115,31,100,92"/><T103/><D112/><U39/><E119/><V70/><F107/><W53/><G75/><T66/><D134/><N who="3" m="51241" /><G115/><T65/><D40/><U96/><E123/><V24/><F114/><W93/><G31/><T3/><D3/><U86/><E129/><N who="0" m="49161" /><D22/><U126/><E126/><V67/><F125/><W1/><G1/><T101/><D103/><U37/><E2/><V90/><F48/><N who="3" m="28831" /><G92/><T128/><N who="0" m="49169" /><T133/><DORA hai="28" /><D133/><U49/><E94/><V79/><REACH who="2" step="1"/><F85/><REACH who="2" ten="238,198,262,292" step="2"/><W29/><G29/><T42/><D42/><U117/><E86/><V51/><F51/><W9/><G9/><T23/><D8/><U12/><E84/><V120/><F120/><W83/><G83/><T18/><AGARI ba="0,1" hai="14,18,23,54,59,61,65,66,99,101,104" m="49169" machi="18" ten="40,2100,0" yaku="19,1" doraHai="26,28" who="0" fromWho="0" sc="238,31,198,-7,262,-7,292,-7" /><INIT seed="4,1,0,1,1,55" ten="269,191,255,285" oya="0" hai0="50,78,75,14,127,67,44,74,13,111,28,129,2" hai1="25,66,68,38,60,62,45,130,70,81,22,128,88" hai2="101,85,92,51,105,121,87,34,114,113,98,112,103" hai3="43,77,86,9,6,1,7,99,15,26,63,23,89"/><T35/><D2/><U32/><E32/><V46/><F34/><W31/><G43/><T110/><D127/><U123/><E123/><V20/><F121/><W18/><G1/><T61/><D129/><N who="1" m="49771" /><E62/><V96/><F20/><W59/><G77/><T42/><D14/><U49/><E38/><V52/><AGARI ba="1,0" hai="46,51,52,85,87,92,96,98,101,103,105,112,113,114" machi="52" ten="30,4000,0" yaku="0,1,15,1,54,1" doraHai="55" who="2" fromWho="2" sc="269,-21,191,-11,255,43,285,-11" /><INIT seed="5,0,0,4,4,64" ten="248,180,298,274" oya="1" hai0="93,126,9,32,84,35,119,56,107,10,33,49,66" hai1="8,5,39,110,22,96,76,97,114,103,26,71,78" hai2="80,15,40,117,65,25,51,127,108,50,118,77,67" hai3="116,14,131,54,82,47,101,102,6,94,0,74,3"/><U38/><E114/><V120/><F108/><W53/><G131/><T128/><D119/><U12/><E110/><V83/><F25/><W87/><G116/><T58/><D107/><U44/><E71/><V121/><F15/><W41/><G74/><T11/><D128/><U105/><E96/><V36/><F40/><W48/><G3/><T20/><D20/><U68/><E68/><V88/><F77/><N who="3" m="46543" /><G0/><T59/><D49/><U23/><E23/><V69/><F127/><W37/><G37/><T135/><D135/><U2/><E2/><V91/><REACH who="2" step="1"/><F69/><REACH who="2" ten="248,180,288,274" step="2"/><W13/><G13/><T86/><D126/><U46/><E38/><AGARI ba="0,1" hai="36,38,50,51,65,67,80,83,88,91,117,118,120,121" machi="38" ten="25,8000,1" yaku="1,1,2,1,22,2,54,1,53,0" doraHai="64" doraHaiUra="134" who="2" fromWho="1" sc="248,0,180,-80,288,90,274,0" /><INIT seed="6,0,0,4,3,79" ten="248,100,378,274" oya="2" hai0="62,37,120,53,125,49,126,11,71,96,32,44,83" hai1="117,43,106,105,123,47,33,78,115,111,39,9,7" hai2="87,18,92,29,14,64,51,55,60,45,26,97,17" hai3="5,1,23,16,104,99,127,41,90,101,42,10,73"/><V48/><F51/><W67/><G73/><T72/><D120/><U112/><E111/><V122/><F87/><W86/><G127/><T65/><D32/><U89/><E117/><V102/><F14/><W103/><G103/><T88/><D11/><U118/><E118/><V13/><F13/><W135/><G135/><T81/><D37/><U4/><E123/><V3/><F3/><W2/><G2/><T98/><D72/><U24/><E89/><V54/><F54/><W6/><G6/><T100/><D100/><U46/><E46/><V124/><F124/><N who="0" m="47722" /><D88/><U121/><E121/><V28/><F28/><W63/><G63/><T52/><D53/><U116/><E116/><V74/><F74/><W12/><REACH who="3" step="1"/><G67/><REACH who="3" ten="248,100,378,264" step="2"/><T75/><D75/><U22/><E4/><V133/><F133/><W68/><G68/><T50/><D50/><U132/><E132/><V108/><F108/><W113/><G113/><T21/><D21/><U76/><E22/><N who="2" m="15575" /><F122/><W134/><G134/><T107/><D107/><U34/><E106/><V35/><F35/><W40/><G40/><T91/><D91/><U38/><E105/><V61/><F61/><W77/><G77/><T56/><D71/><U84/><E78/><V85/><F60/><W128/><G128/><T31/><D31/><N who="1" m="19687" /><E34/><V19/><F64/><W80/><AGARI ba="0,1" hai="1,5,10,12,16,23,41,42,80,86,90,99,101,104" machi="80" ten="20,12000,2" yaku="1,1,0,1,7,1,52,1,54,1,53,1" doraHai="79" doraHaiUra="15" who="3" fromWho="3" sc="248,-30,100,-30,378,-60,264,130" /><INIT seed="7,0,0,4,0,116" ten="218,70,318,394" oya="3" hai0="57,1,21,58,77,70,78,86,29,79,122,102,26" hai1="55,51,92,30,132,98,54,129,62,89,120,24,125" hai2="83,59,118,106,121,16,76,101,65,61,134,44,97" hai3="127,38,107,53,103,85,56,105,110,111,27,66,46"/><W9/><G127/><T82/><D70/><U91/><E125/><V49/><F118/><W115/><G115/><T74/><D1/><U108/><E108/><N who="3" m="41514" /><G103/><T113/><D113/><U25/><E129/><V96/><F134/><W18/><G66/><T32/><D32/><U133/><E62/><V100/><F121/><W67/><G67/><T60/><D74/><U124/><E124/><V104/><F16/><W50/><G85/><T112/><D112/><U17/><E17/><V35/><F35/><W87/><G87/><T6/><D6/><U42/><E42/><V5/><F5/><W64/><G64/><T2/><D2/><U10/><E10/><V48/><REACH who="2" step="1"/><F44/><REACH who="2" ten="218,70,308,394" step="2"/><W39/><G46/><T0/><D122/><U80/><E80/><V114/><F114/><W15/><G27/><T7/><D102/><U33/><E24/><V8/><F8/><W4/><G4/><T93/><D7/><U117/><E117/><V94/><F94/><W81/><G81/><T14/><D0/><U13/><E120/><V68/><F68/><W131/><G131/><T128/><D128/><U19/><E91/><V52/><F52/><W20/><G9/><T130/><D130/><U37/><E37/><AGARI ba="0,1" hai="15,18,20,37,38,39,50,53,56,105,107" m="41514" machi="37" ten="30,1500,0" yaku="10,1" doraHai="116" who="3" fromWho="1" sc="218,0,70,-15,308,0,394,25" owari="218,-18.0,55,-44.0,308,11.0,419,51.0" /></mjloggm>