<mjloggm ver="2.3"><GO type="225" lobby="0"/><UN n0="%73%61%72%61%68%31%32%33" n1="%E5%A3%87%E2%98%86%E8%9C%9C" n2="%E3%83%8D%E3%82%B8%E3%82%AD" n3="%E3%82%A6%E3%83%AB%E3%83%88%E3%83%A9%E7%AB%8B%E7%9B%B4" dan="16,17,17,17" rate="2182.18,2174.54,2139.63,2132.61" sx="M,M,M,M"/><TAIKYOKU oya="0"/><INIT seed="0,0,0,0,4,44" ten="250,250,250,250" oya="0" hai0="40,100,6,93,14,69,125,91,65,7,33,132,0" hai1="96,131,56,1,73,24,22,113,58,30,133,37,54" hai2="129,19,123,51,32,2,59,45,112,26,72,88,121" hai3="47,128,111,95,85,108,3,5,55,36,122,4,52"/><T67/><D33/><U78/><E1/><V120/><F112/><W31/><G31/><T29/><D0/><U27/><E37/><V98/><F72/><W76/><G128/><T25/><D69/><U10/><E131/><V119/><F129/><W102/><G122/><T87/><D125/><U23/><E133/><V126/><F2/><W114/><G114/><T16/><D132/><U15/><E113/><V60/><F126/><W127/><G127/><T135/><D40/><U61/><E96/><V34/><F119/><W75/><G75/><T77/><D135/><U104/><E104/><V81/><F19/><W41/><G102/><T79/><D100/><U82/><E58/><V103/><F26/><W28/><G28/><T94/><D94/><U97/><E97/><V80/><F80/><N who="3" m="47239" /><G95/><T38/><D38/><U89/><E89/><V64/><F103/><W50/><G55/><T11/><D29/><U53/><E53/><V83/><F83/><W115/><G3/><T12/><D25/><U107/><E107/><V71/><F71/><W66/><G66/><N who="0" m="25099" /><D7/><U18/><REACH who="1" step="1"/><E27/><REACH who="1" ten="250,240,250,250" step="2"/><V35/><F98/><W62/><G115/><T57/><D57/><U43/><E43/><N who="2" m="25023" /><F121/><W39/><G39/><T134/><D134/><U74/><E74/><V105/><F105/><W116/><G36/><T46/><D46/><U48/><E48/><V109/><F120/><W63/><G116/><T9/><AGARI ba="0,1" hai="6,9,11,12,14,16,77,79,87,91,93" m="25099" machi="9" ten="30,3000,0" yaku="8,1,54,1" doraHai="44" who="0" fromWho="0" sc="250,40,240,-10,250,-10,250,-10" /><INIT seed="0,1,0,3,5,125" ten="290,230,240,240" oya="0" hai0="55,44,13,54,88,116,19,50,129,3,12,33,31" hai1="120,45,14,104,41,27,89,133,100,96,23,131,85" hai2="7,62,130,6,40,53,118,17,68,128,48,135,52" hai3="78,127,51,1,36,11,42,65,10,20,134,102,92"/><T56/><D116/><U119/><E120/><V57/><F118/><W101/><G127/><T38/><D3/><U35/><E119/><V28/><F28/><W99/><G134/><T87/><D129/><N who="2" m="49770" /><F135/><W8/><G36/><T69/><D69/><U123/><E123/><V47/><F17/><W32/><G32/><T25/><D38/><U132/><E35/><V109/><F109/><W107/><G1/><T113/><D113/><U43/><E14/><V91/><F91/><W121/><G121/><T80/><REACH who="0" step="1"/><D19/><REACH who="0" ten="280,230,240,240" step="2"/><U46/><E131/><V16/><F16/><W126/><G126/><T112/><D112/><U59/><E132/><V71/><F53/><W0/><G0/><T30/><D30/><U64/><E133/><V82/><F82/><W75/><G8/><T98/><D98/><U95/><E41/><V70/><AGARI ba="1,1" hai="6,7,40,47,48,52,57,62,68,70,71" m="49770" machi="70" ten="40,8000,1" yaku="19,1,52,3,54,1" doraHai="125" who="2" fromWho="2" sc="280,-41,230,-21,240,93,240,-21" /><INIT seed="1,0,0,3,3,62" ten="239,209,333,219" oya="1" hai0="0,44,28,76,65,29,130,58,23,131,114,27,123" hai1="42,64,66,108,111,38,134,119,72,127,55,85,4" hai2="17,118,19,9,5,88,60,92,51,75,46,80,47" hai3="15,20,54,132,112,91,34,63,18,32,133,135,121"/><U36/><E72/><V13/><F118/><W16/><G112/><T126/><D114/><U48/><E119/><V86/><F60/><W100/><G121/><T53/><D0/><U117/><E117/><V98/><F75/><W122/><G122/><T93/><D123/><U14/><E134/><V2/><F2/><W105/><G91/><T109/><D109/><N who="1" m="42059" /><E127/><V1/><F1/><W79/><G79/><T33/><D76/><U10/><E85/><V120/><F120/><W115/><G115/><T71/><D126/><U49/><E49/><V106/><F106/><W83/><G83/><T26/><D93/><U25/><E25/><V69/><F69/><W84/><G84/><T43/><D71/><U124/><E124/><V12/><F12/><W11/><G105/><T87/><D87/><U89/><E89/><N who="2" m="55567" /><F47/><W90/><G90/><T40/><D44/><N who="1" m="23623" /><E38/><V37/><F37/><W52/><G100/><T8/><D40/><AGARI ba="0,0" hai="5,9,13,17,19,40,46,51,80,86,88" m="55567" machi="40" ten="30,2000,0" yaku="8,1,54,1" doraHai="62" who="2" fromWho="0" sc="239,-20,209,0,333,20,219,0" /><INIT seed="2,0,0,4,0,59" ten="219,209,353,219" oya="2" hai0="78,16,115,81,34,99,66,46,97,112,131,102,55" hai1="8,29,116,126,45,31,56,39,122,48,2,86,103" hai2="19,33,96,130,70,100,93,110,72,62,129,77,38" hai3="88,87,17,119,114,11,15,20,108,64,89,57,0"/><V75/><F38/><W127/><G119/><T61/><D34/><U27/><E116/><V133/><F133/><W113/><G127/><T41/><D131/><U76/><E126/><V10/><F33/><W32/><G32/><T135/><D55/><U73/><E39/><V125/><F125/><W30/><G108/><T124/><D135/><U37/><E37/><V74/><F77/><W5/><G30/><N who="1" m="11274" /><E2/><V35/><F35/><W52/><G64/><T68/><D124/><U118/><E73/><V9/><F19/><W44/><G44/><T132/><D16/><U120/><E118/><V47/><F47/><W128/><G128/><N who="2" m="49257" /><F110/><W84/><G84/><T90/><D90/><U109/><E109/><V82/><F82/><W42/><G42/><T83/><D132/><U69/><E103/><V53/><F53/><W58/><G89/><T67/><D81/><U25/><E76/><V12/><F12/><W106/><G106/><T94/><D66/><AGARI ba="0,0" hai="9,10,62,66,70,72,74,75,93,96,100" m="49257" machi="66" ten="40,3900,0" yaku="19,1,52,1" doraHai="59" who="2" fromWho="0" sc="219,-39,209,0,353,39,219,0" /><INIT seed="2,1,0,3,1,60" ten="180,209,392,219" oya="2" hai0="93,4,107,43,78,120,33,73,102,115,31,96,58" hai1="72,80,84,86,40,53,11,104,3,57,69,0,22" hai2="21,35,5,113,66,94,16,2,50,77,37,19,30" hai3="79,32,59,10,23,68,124,67,91,51,12,27,44"/><V65/><F37/><W117/><G32/><T126/><D120/><U129/><E104/><V89/><F77/><W81/><G68/><T28/><D115/><U99/><E69/><V128/><F113/><W83/><G117/><T82/><D126/><U18/><E40/><V133/><F133/><W130/><G124/><T14/><D43/><U26/><E72/><V39/><F39/><W6/><G130/><T75/><D75/><U101/><E129/><V55/><F35/><W112/><G91/><T38/><D38/><U132/><E132/><V8/><F30/><W127/><G127/><T95/><D58/><U13/><E99/><V41/><F19/><W121/><G121/><T71/><D71/><U45/><E45/><V116/><F41/><N who="3" m="24975" /><G79/><T134/><D134/><U131/><E101/><V88/><F89/><W97/><G97/><T122/><D122/><U76/><E86/><N who="2" m="52503" /><F116/><W118/><G118/><T29/><REACH who="0" step="1"/><D33/><REACH who="0" ten="170,209,392,219" step="2"/><U123/><E123/><V56/><F128/><W100/><G112/><T105/><D105/><U34/><E34/><V87/><F56/><W103/><G59/><T64/><D64/><U63/><E131/><V109/><F65/><W46/><G67/><T111/><D111/><U9/><E57/><V17/><F66/><W90/><G46/><T24/><D24/><U61/><E26/><V25/><F25/><W74/><G74/><T1/><D1/><N who="1" m="587" /><E63/><V48/><F109/><W42/><G42/><T108/><D108/><U106/><E106/><V7/><F2/><W15/><G27/><T85/><D85/><U125/><E125/><V47/><F87/><RYUUKYOKU ba="1,1" sc="170,15,209,15,392,-15,219,-15" hai0="4,14,28,29,31,73,78,82,93,95,96,102,107" hai1="9,11,13,18,22,53,61,76,80,84" /><INIT seed="3,2,1,1,4,29" ten="185,224,377,204" oya="3" hai0="1,7,10,68,90,50,91,104,71,111,135,17,26" hai1="19,59,77,34,4,113,47,127,33,75,30,131,100" hai2="85,20,31,105,86,73,6,21,92,39,46,11,44" hai3="27,62,112,98,72,35,15,108,103,126,5,115,134"/><W87/><G72/><T67/><D104/><U123/><E113/><V76/><F105/><N who="3" m="63735" /><G15/><T118/><D118/><U99/><E59/><V125/><F73/><W49/><G49/><T45/><D111/><U93/><E123/><V56/><F39/><W95/><G5/><T74/><D74/><U80/><E30/><V132/><F6/><W70/><G108/><T66/><D135/><U64/><E64/><N who="0" m="24617" /><D71/><U60/><E60/><V28/><F132/><W61/><G134/><T109/><D109/><U128/><E4/><V13/><F13/><W25/><G126/><T121/><D121/><U16/><E47/><V94/><F125/><W9/><G9/><T83/><D68/><U36/><E36/><V116/><F116/><W129/><G70/><T58/><D83/><U52/><E52/><V89/><F11/><W38/><G38/><T101/><D101/><U40/><E40/><V65/><F56/><W18/><G35/><T119/><D58/><U124/><E124/><V106/><F44/><W69/><G69/><T8/><D119/><U81/><E81/><V0/><F46/><W55/><G129/><N who="1" m="49738" /><E127/><V51/><F51/><W23/><G55/><N who="0" m="30159" /><D8/><U97/><E34/><V102/><F0/><W24/><G62/><T63/><D63/><U107/><E33/><V114/><F65/><W54/><G61/><T78/><D78/><U12/><E12/><V42/><F42/><W14/><G54/><T43/><D43/><U122/><E122/><V84/><F20/><W130/><G130/><T120/><D120/><U79/><E79/><V48/><F48/><W53/><G53/><RYUUKYOKU ba="2,1" sc="185,10,224,10,377,-30,204,10" hai0="1,7,10,17,26,90,91" hai1="16,19,75,77,80,93,97,99,100,107" hai3="14,18,23,24,25,27,87,95,112,115" /><INIT seed="3,3,1,1,3,36" ten="195,234,347,214" oya="3" hai0="11,114,117,71,107,96,90,99,80,24,135,108,86" hai1="30,15,82,115,72,29,103,19,68,123,50,95,94" hai2="4,130,25,63,97,110,89,67,57,106,91,98,134" hai3="118,44,53,93,88,47,49,132,61,8,16,40,81"/><W3/><G118/><T32/><D71/><U48/><E68/><V9/><F110/><W102/><G132/><T31/><D117/><U35/><E115/><V87/><F130/><W116/><G116/><T109/><D114/><U133/><E133/><V70/><F70/><W124/><G124/><T55/><D135/><U85/><E72/><V104/><F134/><W75/><G102/><T13/><D55/><U27/><E30/><V129/><F129/><W126/><G126/><T1/><D1/><U23/><E123/><V119/><F119/><W127/><G127/><T17/><REACH who="0" step="1"/><D107/><REACH who="0" ten="185,234,347,214" step="2"/><U64/><E64/><V76/><F104/><W62/><G53/><T45/><D45/><U100/><E100/><V79/><F106/><W131/><G47/><T28/><D28/><U6/><E103/><V12/><F67/><W101/><G101/><T39/><D39/><U77/><E29/><V69/><F69/><W26/><G131/><T33/><D33/><U56/><E35/><V51/><F57/><W113/><G113/><T2/><D2/><U112/><E56/><V46/><F46/><W20/><G3/><T37/><D37/><U120/><E112/><V10/><F63/><W58/><G58/><T5/><D5/><U7/><E7/><V128/><F128/><W0/><G0/><T52/><D52/><U38/><E38/><V42/><F4/><W78/><G8/><T59/><D59/><U41/><E6/><V54/><F9/><W73/><G73/><T43/><D43/><U34/><E41/><V22/><F10/><W14/><G26/><T125/><D125/><RYUUKYOKU ba="3,2" sc="185,15,234,-15,347,-15,214,15" hai0="11,13,17,24,31,32,80,86,90,96,99,108,109" hai3="14,16,20,40,44,49,61,62,75,78,81,88,93" /><INIT seed="3,4,2,2,3,95" ten="200,219,332,229" oya="3" hai0="6,1,32,66,124,86,51,5,63,74,15,100,58" hai1="30,93,121,0,26,18,118,44,19,12,27,116,127" hai2="22,45,77,102,10,68,81,14,20,52,56,54,13" hai3="119,85,122,107,57,105,133,42,109,114,94,59,123"/><W17/><G42/><T33/><D74/><U126/><E121/><V117/><F68/><W112/><G17/><T40/><D1/><U90/><E0/><V48/><F102/><W108/><G94/><T98/><D124/><N who="1" m="47659" /><E44/><V70/><F70/><W131/><G85/><T55/><D40/><U73/><E73/><V24/><F117/><N who="1" m="45161" /><E12/><V87/><F14/><W21/><G119/><T36/><D36/><U111/><E111/><V62/><F24/><N who="1" m="9257" /><E30/><V80/><F80/><W3/><G3/><T67/><D67/><U113/><E113/><V38/><F38/><W76/><G123/><T16/><D33/><U115/><E115/><V75/><F75/><W9/><G122/><T29/><D29/><U135/><E135/><V71/><F71/><W125/><G133/><T101/><D32/><U79/><E79/><V134/><F134/><W35/><G76/><T37/><D37/><U41/><E41/><V99/><F13/><W31/><G35/><T23/><D86/><AGARI ba="4,2" hai="18,19,86,90,93" m="9257,45161,47659" machi="86" ten="30,2000,0" yaku="18,1,12,1" doraHai="95" who="1" fromWho="0" sc="200,-32,219,52,332,0,229,0" owari="168,-33.0,271,7.0,332,43.0,229,-17.0" /></mjloggm>