<mjloggm ver="2.3"><GO type="169" lobby="0"/><UN n0="%E3%83%88%E3%83%88%E3%83%AA%E5%85%88%E7%94%9F%31%39%E6%AD%B3" n1="%E3%80%93%E3%81%84%E3%81%A1%E3%81%AF%E3%82%89%E3%80%93" n2="%65%67%69%73%68%6F%32" n3="%E3%83%A9%E3%83%A0%E3%83%80%E3%81%95%E3%82%93" dan="18,19,17,16" rate="2239.07,2320.99,2163.67,2177.97" sx="F,M,M,M"/><TAIKYOKU oya="0"/><INIT seed="0,0,0,5,3,10" ten="250,250,250,250" oya="0" hai0="30,34,11,78,46,25,19,27,3,59,58,33,108" hai1="135,62,32,74,97,50,103,1,129,115,81,64,47" hai2="110,100,99,116,0,131,2,8,87,71,125,66,56" hai3="38,96,23,70,9,18,21,82,76,134,75,105,36"/><T4/><D108/><U107/><E115/><V106/><F56/><W126/><G70/><T42/><D78/><U85/><E1/><V88/><F88/><W35/><G35/><T6/><D6/><U45/><E32/><V49/><F8/><W83/><G134/><T31/><REACH who="0" step="1"/><D19/><REACH who="0" ten="240,250,250,250" step="2"/><U120/><E135/><V123/><F110/><W44/><G76/><T133/><D133/><U37/><E120/><V98/><F123/><W72/><G18/><T61/><D61/><U112/><E112/><V121/><F121/><W118/><G118/><T101/><D101/><U69/><E62/><V40/><F100/><W48/><G126/><T60/><D60/><U57/><E103/><V5/><F5/><W53/><G75/><T93/><D93/><U52/><E74/><V90/><F125/><W26/><G72/><T55/><D55/><U111/><E111/><V22/><F116/><W122/><G53/><T51/><AGARI ba="0,1" hai="3,4,11,25,27,30,31,33,34,42,46,51,58,59" machi="51" ten="20,7800,0" yaku="1,1,0,1,7,1,9,1,53,0" doraHai="10" doraHaiUra="91" who="0" fromWho="0" sc="240,88,250,-26,250,-26,250,-26" /><INIT seed="0,1,0,1,2,98" ten="328,224,224,224" oya="0" hai0="110,0,61,59,67,100,51,130,107,2,116,83,105" hai1="134,97,133,50,24,94,44,93,11,45,25,118,108" hai2="106,117,56,58,41,34,66,10,114,70,90,4,82" hai3="57,28,127,27,101,62,18,89,128,13,6,15,19"/><T132/><D116/><U84/><E118/><V37/><F117/><W68/><G68/><T23/><D130/><U3/><E108/><V75/><F34/><W121/><G128/><T42/><D132/><U48/><E84/><V32/><F106/><W35/><G127/><T112/><D112/><U43/><E11/><V1/><F32/><W126/><G126/><T71/><D110/><U20/><E3/><V29/><F29/><W8/><G121/><T16/><D83/><U72/><E72/><V74/><F75/><W47/><G47/><T99/><D107/><U40/><E97/><V95/><F66/><W96/><G89/><T92/><D105/><U54/><E20/><V88/><F70/><W85/><G85/><T53/><REACH who="0" step="1"/><D42/><REACH who="0" ten="318,224,224,224" step="2"/><U63/><E134/><V17/><F114/><W49/><G35/><T79/><D79/><U81/><E81/><V124/><F82/><W125/><G125/><T5/><D5/><U119/><E119/><V86/><F4/><W109/><G6/><T46/><D46/><U64/><E133/><V22/><F41/><W65/><G109/><T31/><D31/><U102/><E43/><V12/><F124/><W120/><G28/><T122/><D122/><U36/><E45/><V76/><F76/><W21/><G120/><T38/><D38/><U26/><E36/><V123/><F37/><W55/><G19/><T9/><D9/><U103/><E40/><V30/><F123/><W33/><G33/><T135/><D135/><U52/><E44/><V80/><F30/><W131/><G131/><T7/><D7/><U115/><E115/><RYUUKYOKU ba="1,1" sc="318,30,224,-10,224,-10,224,-10" hai0="0,2,16,23,51,53,59,61,67,71,92,99,100" /><INIT seed="0,2,1,4,5,107" ten="348,214,214,214" oya="0" hai0="105,82,9,108,68,28,87,20,36,78,100,8,89" hai1="40,90,117,131,2,35,26,54,132,102,15,96,48" hai2="43,62,64,134,39,6,44,59,120,97,16,57,56" hai3="49,81,31,47,23,130,76,116,14,65,66,58,45"/><T30/><D68/><U41/><E2/><V118/><F6/><W51/><G116/><T67/><D36/><U53/><E117/><V61/><F118/><W11/><G130/><T46/><D67/><U91/><E131/><V128/><F128/><W92/><G92/><T25/><D108/><U93/><E132/><V126/><F120/><W27/><G47/><T88/><D28/><U24/><E54/><V85/><F134/><W115/><G115/><T12/><D9/><U17/><E41/><V109/><F109/><W29/><G29/><T125/><D125/><U0/><E40/><V79/><F97/><W19/><G58/><T83/><D46/><U10/><E0/><V71/><F126/><W13/><G13/><T95/><D105/><U60/><E60/><V113/><F16/><W34/><G34/><T18/><REACH who="0" step="1"/><D83/><REACH who="0" ten="338,214,214,214" step="2"/><U37/><E37/><V129/><F129/><W123/><G123/><T122/><D122/><U110/><E110/><V70/><F113/><W55/><REACH who="3" step="1"/><G51/><REACH who="3" ten="338,214,214,204" step="2"/><T84/><D84/><AGARI ba="2,3" hai="11,14,19,23,27,31,45,49,55,65,66,76,81,84" machi="84" ten="30,7700,0" yaku="1,1,2,1,7,1,8,1,53,0" doraHai="107" doraHaiUra="32" who="3" fromWho="0" sc="338,-83,214,0,214,0,204,113" /><INIT seed="1,0,0,4,5,98" ten="255,214,214,317" oya="1" hai0="62,9,90,127,54,24,39,44,116,135,124,56,128" hai1="89,125,59,126,108,96,49,76,38,27,43,35,16" hai2="14,111,91,15,105,102,107,85,106,29,113,1,53" hai3="72,78,73,103,93,26,0,77,23,75,61,84,48"/><U82/><E38/><V31/><F1/><W97/><G0/><T11/><D116/><U58/><E108/><V32/><F111/><W110/><G110/><T63/><D128/><U20/><E35/><V8/><F113/><W25/><G48/><T41/><D135/><U69/><E69/><V65/><F65/><W33/><G33/><T4/><D90/><U83/><E43/><V114/><F114/><W71/><G26/><T130/><D130/><U68/><E68/><V118/><F118/><W40/><G40/><T47/><D47/><U60/><E49/><V121/><F53/><W100/><G84/><T18/><D62/><U70/><E70/><V30/><F32/><W51/><G51/><T131/><D131/><U132/><E132/><V79/><F79/><W109/><G109/><T3/><D11/><U88/><E59/><V55/><F55/><W134/><G134/><T94/><D94/><N who="1" m="56391" /><E89/><V64/><F64/><W122/><G122/><T45/><D45/><U104/><E104/><V6/><F15/><W50/><G50/><T66/><D66/><N who="1" m="39191" /><E76/><N who="3" m="29290" /><G61/><T92/><D39/><U5/><E5/><V22/><F121/><W74/><G71/><T52/><D41/><U99/><E99/><V36/><F36/><W129/><G129/><T86/><D44/><U42/><E42/><V119/><F119/><W17/><G73/><T28/><D54/><U57/><E57/><V13/><F85/><W21/><G74/><T123/><D123/><U19/><E19/><N who="2" m="10615" /><F91/><W133/><G133/><T120/><D120/><U37/><E37/><V112/><F112/><W34/><G75/><RYUUKYOKU ba="0,0" sc="255,-15,214,15,214,15,317,-15" hai1="16,20,27,82,83,125,126" hai2="6,8,13,29,30,31,102,105,106,107" /><INIT seed="1,1,0,1,1,63" ten="240,229,229,302" oya="1" hai0="128,30,92,135,60,64,45,19,86,69,38,57,68" hai1="108,116,76,84,107,43,124,18,62,14,12,20,24" hai2="79,132,37,8,15,51,35,48,5,74,56,10,93" hai3="117,33,118,119,53,75,98,131,0,106,70,67,27"/><U110/><E107/><V103/><F37/><W104/><G75/><T66/><D128/><U40/><E116/><V44/><F35/><W54/><G131/><T101/><D135/><U32/><E124/><V97/><F132/><W77/><G77/><T114/><D114/><U85/><E32/><V99/><F74/><W49/><G0/><T9/><D30/><U47/><E62/><V96/><F79/><W82/><G82/><T25/><D68/><U22/><E43/><V52/><REACH who="2" step="1"/><F10/><REACH who="2" ten="240,229,219,302" step="2"/><W36/><G36/><T21/><D9/><U50/><E76/><V126/><F126/><W46/><G33/><T41/><D69/><U80/><E80/><V81/><F81/><W122/><G70/><T115/><D115/><U87/><REACH who="1" step="1"/><E22/><REACH who="1" ten="240,219,219,302" step="2"/><V100/><F100/><W1/><G118/><T129/><D129/><U2/><E2/><V123/><F123/><W133/><G122/><T6/><D101/><U34/><E34/><V91/><F91/><W121/><G121/><T29/><D21/><U109/><AGARI ba="1,2" hai="12,14,18,20,24,40,47,50,84,85,87,108,109,110" machi="109" ten="40,12000,1" yaku="1,1,0,1,14,1,10,1,53,0" doraHai="63" doraHaiUra="73" who="1" fromWho="1" sc="240,-41,219,143,219,-41,302,-41" /><INIT seed="1,2,0,2,5,37" ten="199,362,178,261" oya="1" hai0="117,55,16,82,80,98,5,76,85,87,31,83,39" hai1="59,91,73,30,122,103,54,34,9,43,97,79,25" hai2="7,67,21,95,108,68,61,72,125,10,38,90,28" hai3="64,32,114,129,130,69,19,41,106,40,63,4,44"/><U124/><E122/><V107/><F72/><W11/><G114/><T111/><D117/><U0/><E124/><V1/><F107/><W65/><G106/><T35/><D111/><U94/><E79/><V126/><F108/><W89/><G32/><T52/><D39/><U29/><E73/><V84/><REACH who="2" step="1"/><F38/><REACH who="2" ten="199,362,168,261" step="2"/><W50/><G130/><T96/><D76/><U74/><E74/><V33/><F33/><W112/><G129/><T118/><D118/><U86/><E30/><V93/><F93/><W49/><G112/><T75/><D75/><U51/><E0/><V115/><F115/><W99/><G69/><T133/><D35/><U128/><E128/><V12/><F12/><W17/><G65/><T13/><D31/><U131/><E131/><V2/><F2/><W27/><G64/><T109/><D109/><U3/><E3/><V24/><AGARI ba="2,1" hai="1,7,10,21,24,28,61,67,68,84,90,95,125,126" machi="24" ten="30,2000,0" yaku="1,1,0,1,53,0" doraHai="37" doraHaiUra="45" who="2" fromWho="2" sc="199,-7,362,-12,168,36,261,-7" /><INIT seed="2,0,0,3,3,28" ten="192,350,204,254" oya="2" hai0="115,53,41,84,109,11,98,76,75,102,118,95,116" hai1="91,104,68,1,96,24,16,19,42,127,129,50,38" hai2="46,51,86,54,30,87,37,61,8,92,65,85,119" hai3="126,25,29,26,108,94,69,31,63,121,39,14,80"/><V133/><F119/><N who="0" m="45610" /><D41/><U20/><E1/><V66/><F133/><W5/><G121/><T55/><D115/><U105/><E38/><V43/><F30/><N who="3" m="11275" /><G39/><T101/><D75/><U72/><E72/><V3/><F3/><W70/><G80/><N who="0" m="47111" /><D109/><U132/><E68/><N who="3" m="26218" /><G63/><T134/><D134/><U33/><E132/><V64/><F8/><W71/><G71/><T34/><D34/><U58/><E33/><V120/><F120/><W22/><G94/><T112/><D112/><U103/><E105/><V47/><REACH who="2" step="1"/><F61/><REACH who="2" ten="192,350,194,254" step="2"/><W73/><G108/><T107/><D11/><U97/><E20/><V74/><F74/><W81/><G73/><T114/><D114/><U67/><E19/><V124/><F124/><W88/><G126/><T9/><D9/><U113/><E16/><V62/><F62/><W122/><G122/><T106/><D106/><U36/><E104/><V13/><F13/><W7/><G14/><T77/><D77/><U78/><E113/><V125/><F125/><W123/><G123/><T27/><D27/><U17/><E24/><V49/><F49/><W44/><G26/><T40/><D40/><U0/><E78/><V18/><F18/><W93/><G25/><T35/><D35/><U12/><E17/><V110/><F110/><W135/><G22/><T60/><D60/><U59/><E0/><V56/><F56/><W130/><G135/><T131/><D131/><U15/><E129/><V99/><F99/><AGARI ba="0,1" hai="53,55,95,98,99,101,102,107" m="47111,45610" machi="99" ten="30,1000,0" yaku="12,1" doraHai="28" who="0" fromWho="2" sc="192,20,350,0,194,-10,254,0" /><INIT seed="3,0,0,0,0,24" ten="212,350,184,254" oya="3" hai0="2,119,60,18,77,37,25,64,79,33,135,31,21" hai1="82,43,126,6,80,72,125,129,50,100,123,11,99" hai2="105,53,70,10,94,1,45,92,86,55,15,88,104" hai3="16,7,114,12,133,128,85,97,81,115,40,95,35"/><W66/><G35/><T51/><D119/><U122/><E50/><V89/><F70/><W91/><G128/><T76/><D135/><U67/><E43/><V8/><F1/><W44/><G7/><T68/><D37/><U87/><E67/><V65/><F65/><W101/><G66/><T26/><D2/><U98/><E11/><V96/><F8/><W116/><G133/><T36/><D36/><U9/><E9/><V69/><F69/><W3/><G3/><T48/><AGARI ba="0,0" hai="18,21,25,26,31,33,48,51,60,64,68,76,77,79" machi="48" ten="30,2000,0" yaku="0,1,52,1" doraHai="24" who="0" fromWho="0" sc="212,20,350,-5,184,-5,254,-10" /><INIT seed="4,0,0,4,4,12" ten="232,345,179,244" oya="0" hai0="53,79,88,125,68,44,49,107,37,46,0,132,23" hai1="19,34,96,76,10,1,3,14,84,89,32,22,24" hai2="27,38,45,80,51,116,115,127,108,112,39,78,69" hai3="126,18,29,122,109,64,33,133,50,70,41,111,104"/><T35/><D35/><N who="1" m="13355" /><E84/><V82/><F108/><W94/><G104/><T72/><D0/><N who="1" m="75" /><E96/><V17/><F69/><W98/><G64/><T31/><D107/><U123/><E89/><V16/><F116/><W92/><G70/><T4/><D68/><U99/><E99/><V95/><F95/><W106/><G106/><T93/><D132/><U97/><E97/><V13/><F127/><W42/><G50/><T77/><D125/><U67/><E76/><N who="0" m="29257" /><D72/><U119/><E67/><V7/><F27/><W28/><G126/><T20/><D37/><U40/><E40/><V48/><F7/><W8/><G41/><T113/><D113/><N who="2" m="43594" /><F82/><W52/><G42/><T121/><D4/><N who="1" m="3399" /><E123/><V81/><F80/><W91/><G122/><T110/><D110/><U86/><E86/><N who="2" m="48439" /><F13/><W90/><G109/><T75/><D75/><U118/><AGARI ba="0,0" hai="19,22,24,118,119" m="3399,75,13355" machi="118" ten="40,5200,0" yaku="34,2,52,1" doraHai="12" who="1" fromWho="1" sc="232,-26,345,52,179,-13,244,-13" /><INIT seed="5,0,0,4,2,42" ten="206,397,166,231" oya="1" hai0="87,0,63,119,48,36,25,47,72,113,84,81,37" hai1="40,58,111,26,3,71,88,38,116,90,31,67,101" hai2="118,27,106,15,45,62,52,74,51,7,50,134,127" hai3="19,100,46,122,114,105,103,5,73,108,12,93,107"/><U104/><E116/><V95/><F74/><W98/><G108/><T10/><D119/><U13/><E3/><V35/><F106/><W97/><G122/><T124/><D72/><U131/><E131/><V33/><F118/><W117/><G117/><T94/><D113/><U24/><E111/><V76/><F134/><W65/><G73/><T34/><D124/><U70/><E26/><V53/><F127/><W49/><G114/><T109/><D109/><U85/><E13/><V99/><F76/><W79/><G79/><T9/><D63/><U120/><E120/><V80/><F80/><W61/><G5/><T96/><D36/><U102/><E58/><V91/><F62/><W82/><G82/><T128/><D37/><U18/><E18/><V69/><F69/><W16/><G93/><T11/><D0/><U44/><E90/><V83/><F83/><W112/><G12/><T29/><D128/><U60/><E71/><V68/><F68/><W28/><G28/><T89/><REACH who="0" step="1"/><D81/><REACH who="0" ten="196,397,166,231" step="2"/><U86/><E60/><V130/><F130/><W75/><G75/><T59/><D59/><U4/><E38/><V1/><F1/><W20/><G112/><T22/><D22/><U56/><E56/><V23/><F35/><W55/><G20/><T77/><D77/><U39/><E39/><V17/><F33/><W133/><G133/><T115/><D115/><U135/><E135/><V43/><F51/><W121/><G121/><T30/><D30/><U21/><E31/><V54/><F27/><W64/><G61/><T8/><N who="0" m="2048" /><DORA hai="125" /><T32/><D32/><U132/><E132/><RYUUKYOKU ba="0,1" sc="196,10,397,-30,166,10,231,10" hai0="25,29,34,47,48,84,87,89,94,96" hai2="7,15,17,23,43,45,50,52,53,54,91,95,99" hai3="16,19,46,49,55,64,65,97,98,100,103,105,107" /><INIT seed="6,1,1,3,2,69" ten="206,367,176,241" oya="2" hai0="95,54,107,82,34,57,131,49,88,1,132,67,5" hai1="6,90,128,123,78,48,18,74,41,0,85,115,97" hai2="77,80,99,65,61,75,113,96,122,93,79,110,70" hai3="3,125,89,36,112,62,130,11,20,133,83,126,7"/><V127/><F122/><W38/><G130/><T56/><D107/><U109/><E109/><V120/><F120/><W91/><G133/><T19/><D34/><U37/><E128/><V2/><F110/><W106/><G106/><T121/><D131/><U94/><E115/><V108/><F108/><W23/><G112/><T135/><D121/><U10/><E123/><V24/><F113/><W103/><G103/><T28/><D28/><U42/><E18/><V51/><F2/><W31/><G62/><N who="0" m="38343" /><D82/><N who="1" m="45399" /><E48/><V86/><F127/><N who="3" m="48651" /><G31/><T98/><D5/><U17/><E17/><V50/><F99/><W87/><G91/><T47/><D19/><U84/><E42/><V25/><F79/><W117/><G117/><T134/><D1/><U8/><E8/><V66/><F66/><W60/><G60/><T16/><D16/><U73/><E73/><V53/><F75/><W32/><G32/><T102/><D102/><U13/><E13/><V68/><F70/><W12/><G3/><T46/><AGARI ba="1,1" hai="46,47,49,54,57,88,95,98,132,134,135" m="38343" machi="46" ten="40,2700,0" yaku="20,1,54,1" doraHai="69" who="0" fromWho="0" sc="206,40,367,-8,176,-14,241,-8" /><INIT seed="7,0,0,1,3,46" ten="246,359,162,233" oya="3" hai0="74,115,26,58,104,128,11,135,73,42,93,3,38" hai1="77,52,127,124,44,92,130,83,31,125,62,37,22" hai2="18,103,101,60,25,131,14,87,45,129,102,82,55" hai3="9,89,97,41,34,32,10,113,96,35,116,53,71"/><W88/><G116/><T8/><D104/><U98/><E130/><V112/><F112/><W75/><G75/><T4/><D128/><U76/><E31/><V0/><F0/><W49/><G71/><T110/><D110/><U90/><E22/><V68/><F129/><W81/><G41/><T67/><D135/><U91/><E37/><V123/><F131/><W57/><G113/><T1/><D115/><U126/><E125/><V12/><F123/><W59/><G81/><T99/><D26/><U121/><E121/><V84/><F68/><W79/><G79/><T94/><D94/><U19/><E19/><V54/><F25/><W86/><G86/><T100/><D42/><U78/><E91/><N who="3" m="34890" /><G49/><T29/><D38/><U120/><E120/><V107/><F107/><W47/><G53/><T117/><D117/><U106/><E106/><V63/><F82/><W70/><G47/><T80/><D80/><U61/><E83/><V23/><F12/><W109/><G70/><T2/><D2/><U50/><AGARI ba="0,0" hai="44,50,52,61,62,76,77,78,90,92,98,124,126,127" machi="50" ten="40,8000,1" yaku="0,1,18,1,52,1,54,1" doraHai="46" who="1" fromWho="1" sc="246,-20,359,80,162,-20,233,-40" owari="226,3.0,439,54.0,142,-36.0,193,-21.0" /></mjloggm>