<mjloggm ver="2.3"><GO type="97" lobby="0"/><UN n0="%E5%B9%B3%E5%AE%B6%E3%81%AE%E8%90%BD%E4%BA%BA" n1="%E6%9C%80%E9%80%9F%E3%81%8B%E3%82%8F%E3%81%84%E3%81%9D%E3%81%99" n2="%E3%82%A6%E3%83%AB%E3%83%88%E3%83%A9%E7%AB%8B%E7%9B%B4" n3="%67%6F%6D%69%6B%75%7A%75" dan="15,13,16,13" rate="2041.12,1833.96,2169.12,1894.81" sx="F,M,M,M"/><TAIKYOKU oya="0"/><INIT seed="0,0,0,2,5,78" ten="250,250,250,250" oya="0" hai0="132,124,111,35,76,23,6,99,38,67,45,66,82" hai1="21,13,26,22,96,16,52,113,72,24,101,123,18" hai2="50,103,20,63,133,97,71,135,58,81,30,85,131" hai3="95,126,119,7,105,93,120,108,31,94,17,56,55"/><T14/><D35/><U59/><E72/><V92/><F50/><W102/><G119/><T33/><D33/><U117/><E123/><V88/><F71/><W54/><G108/><T114/><D114/><U129/><E117/><V32/><F32/><W42/><G126/><T44/><D124/><U12/><E113/><V130/><F20/><W109/><G109/><T60/><D111/><U3/><E3/><V128/><REACH who="2" step="1"/><F30/><REACH who="2" ten="250,250,240,250" step="2"/><W100/><G120/><T11/><D23/><U10/><E129/><V84/><F84/><W48/><G31/><T46/><D132/><U83/><E10/><V80/><F80/><W29/><G29/><T64/><D38/><U49/><REACH who="1" step="1"/><E83/><REACH who="1" ten="250,240,240,250" step="2"/><V98/><F98/><W69/><G42/><T75/><REACH who="0" step="1"/><D99/><REACH who="0" ten="240,240,240,250" step="2"/><U106/><AGARI ba="0,3" hai="12,13,16,18,21,22,24,26,49,52,59,96,101,106" machi="106" ten="20,12000,2" yaku="1,1,2,1,0,1,7,1,9,1,54,2,53,0" doraHai="78" doraHaiUra="77" who="1" fromWho="1" sc="240,-60,240,150,240,-30,250,-30" /><INIT seed="1,0,0,5,1,113" ten="180,390,210,220" oya="1" hai0="128,11,54,3,105,99,6,49,5,60,87,119,56" hai1="27,20,8,83,75,78,110,91,102,22,86,81,71" hai2="57,16,15,46,25,98,19,80,114,30,36,45,92" hai3="106,67,10,58,35,130,1,68,23,85,96,76,28"/><U97/><E71/><V53/><F80/><W14/><G68/><T73/><D73/><U120/><E120/><V41/><F46/><W42/><G42/><T2/><D128/><U32/><E110/><V125/><F125/><W108/><G108/><T132/><D132/><U34/><E8/><V93/><F114/><W124/><G130/><T65/><D87/><U52/><E52/><V21/><F98/><W44/><G44/><T17/><D17/><U43/><E43/><V38/><F38/><W74/><G74/><T95/><D105/><U51/><E51/><V88/><F88/><W12/><G35/><T7/><D119/><U70/><E70/><V40/><F40/><W63/><G124/><T82/><D82/><U50/><E50/><V64/><F64/><W79/><G85/><T133/><D133/><U135/><E135/><V122/><F122/><W24/><G1/><T115/><D2/><U123/><E123/><V121/><F121/><W39/><G39/><T9/><D115/><U131/><E131/><V129/><F129/><W31/><G31/><T116/><D116/><U4/><E4/><V26/><F26/><W33/><G33/><T48/><D48/><U89/><E89/><V134/><F134/><W59/><G59/><N who="0" m="37023" /><D3/><U13/><E13/><N who="3" m="5226" /><G10/><T94/><D94/><N who="2" m="36458" /><F15/><W61/><G61/><T104/><D104/><N who="1" m="63567" /><E22/><V101/><F101/><AGARI ba="0,0" hai="5,6,7,9,11,49,54,56,95,99,101" m="37023" machi="101" ten="30,1000,0" yaku="8,1" doraHai="113" who="0" fromWho="2" sc="180,10,390,0,210,-10,220,0" /><INIT seed="2,0,0,3,4,26" ten="190,390,200,220" oya="2" hai0="112,69,43,37,0,100,21,76,122,40,120,10,29" hai1="73,12,67,91,95,17,118,123,113,61,94,89,54" hai2="31,25,86,41,6,22,132,39,23,45,38,16,70" hai3="20,66,53,93,124,72,57,121,105,115,130,47,13"/><V44/><F70/><W4/><G105/><T80/><D69/><U34/><E118/><V49/><F132/><W51/><G72/><N who="0" m="43015" /><D43/><U50/><E113/><V127/><F127/><W79/><G121/><T135/><D100/><U68/><E73/><V90/><F6/><W55/><G79/><T3/><D112/><U110/><E34/><V35/><F45/><W52/><G130/><T28/><D0/><U46/><E123/><N who="0" m="47145" /><D21/><U126/><E126/><V77/><F77/><W7/><G124/><T63/><D63/><U87/><E110/><V33/><F23/><W99/><G115/><T107/><D107/><U1/><E1/><V101/><F101/><W103/><G4/><N who="0" m="1311" /><D135/><U48/><E48/><V84/><F35/><W15/><G15/><T82/><D82/><U11/><REACH who="1" step="1"/><E89/><REACH who="1" ten="190,380,200,220" step="2"/><V71/><F90/><W108/><G108/><T116/><D116/><U64/><E64/><V30/><F33/><W60/><G7/><T62/><D62/><U111/><E111/><V9/><F49/><W83/><G83/><AGARI ba="0,1" hai="11,12,17,46,50,54,61,67,68,83,87,91,94,95" machi="83" ten="30,7700,0" yaku="1,1,7,1,25,2,53,0" doraHai="26" doraHaiUra="104" who="1" fromWho="3" sc="190,0,380,87,200,0,220,-77" /><INIT seed="3,0,0,4,3,52" ten="190,467,200,143" oya="3" hai0="127,42,15,32,83,9,16,107,93,6,126,85,56" hai1="87,43,129,124,75,72,78,31,68,0,48,35,71" hai2="77,44,53,61,33,13,51,103,92,34,41,84,21" hai3="133,86,132,123,20,74,98,118,117,59,14,128,17"/><W66/><G74/><T22/><D107/><U88/><E0/><V122/><F34/><W49/><G123/><T3/><D42/><U80/><E129/><V67/><F33/><W1/><G1/><T40/><D40/><U119/><E119/><V29/><F122/><W19/><G128/><T36/><D36/><U120/><E120/><V64/><F103/><W115/><G115/><T10/><D93/><U60/><E124/><N who="0" m="47657" /><D32/><U39/><E39/><V69/><F67/><W58/><G49/><T62/><D6/><U79/><E43/><V76/><F41/><W90/><G66/><N who="0" m="39239" /><D3/><U55/><E31/><V130/><F130/><W112/><G112/><T47/><D47/><U131/><E35/><V125/><F125/><W111/><G111/><T99/><D99/><U5/><E5/><V105/><F105/><W110/><G110/><T134/><D134/><N who="3" m="51817" /><G98/><T57/><D57/><N who="3" m="21513" /><G19/><T73/><D73/><U50/><E131/><V54/><F51/><W94/><AGARI ba="0,0" hai="14,17,20,86,90,94,117,118" m="21513,51817" machi="94" ten="30,11700,0" yaku="20,1,52,3" doraHai="52" who="3" fromWho="3" sc="190,-39,467,-39,200,-39,143,117" /><INIT seed="3,1,0,3,3,135" ten="151,428,161,260" oya="3" hai0="123,67,51,65,29,124,28,30,91,94,78,128,130" hai1="32,21,79,80,18,5,33,101,38,86,12,76,23" hai2="121,90,25,13,64,24,62,92,49,100,39,60,120" hai3="43,114,132,45,115,55,14,125,99,69,111,105,88"/><W59/><G69/><T75/><D123/><N who="2" m="47178" /><F39/><W112/><G132/><T127/><D51/><U129/><E38/><V0/><F0/><W37/><G111/><T119/><D78/><U6/><E129/><N who="0" m="49769" /><D75/><U63/><E63/><N who="2" m="24107" /><F64/><N who="0" m="24650" /><D119/><U77/><E101/><V48/><F13/><W72/><G72/><T53/><D53/><U81/><E12/><V131/><F100/><W46/><G46/><T83/><D83/><N who="1" m="31819" /><E18/><V110/><F110/><W126/><G14/><T35/><D35/><N who="1" m="13387" /><E86/><AGARI ba="1,0" hai="28,29,30,86,91,94,124,127" m="24650,49769" machi="86" ten="40,5200,0" yaku="19,1,52,2" doraHai="135" who="0" fromWho="1" sc="151,55,428,-55,161,0,260,0" owari="206,-19.0,373,47.0,161,-34.0,260,6.0" /></mjloggm>