<mjloggm ver="2.3"><GO type="169" lobby="0"/><UN n0="%E3%83%88%E3%83%88%E3%83%AA%E5%85%88%E7%94%9F%31%39%E6%AD%B3" n1="%E3%83%97%E3%83%AD%E3%82%AD%E3%82%B7%E3%83%BC" n2="%6B%69%79%6F%64%61%69" n3="%E6%9D%B1%E9%A2%A8%E3%81%AE%E9%AC%BC" dan="19,16,17,16" rate="2268.04,2150.12,2244.47,2037.28" sx="F,M,M,M"/><TAIKYOKU oya="0"/><INIT seed="0,0,0,2,0,34" ten="250,250,250,250" oya="0" hai0="40,114,70,110,61,33,129,74,25,96,57,1,107" hai1="115,95,134,44,47,130,77,16,93,135,73,18,19" hai2="125,17,53,108,75,60,89,54,121,119,94,11,15" hai3="42,97,87,68,111,49,56,43,55,4,98,21,99"/><T10/><D114/><U38/><E115/><V6/><F75/><W27/><G68/><T92/><D107/><U29/><E29/><V123/><F108/><W117/><G117/><T32/><D70/><U50/><E38/><V37/><F37/><W65/><G65/><T127/><D74/><U24/><E24/><V52/><F125/><W83/><G4/><T31/><D110/><U63/><E63/><V126/><F126/><W120/><G120/><T48/><D127/><U8/><E8/><V79/><F79/><N who="3" m="46591" /><G111/><T101/><D129/><U88/><E95/><V45/><F119/><W66/><G66/><T113/><D113/><U78/><E130/><V86/><F45/><N who="1" m="17481" /><E50/><V103/><F103/><W64/><G64/><N who="0" m="38959" /><D48/><U7/><E7/><V80/><F60/><W0/><G0/><T22/><D40/><U36/><E73/><V124/><F124/><W69/><G69/><T62/><D62/><U2/><E2/><V12/><REACH who="2" step="1"/><F80/><REACH who="2" ten="250,250,240,250" step="2"/><W109/><G109/><T71/><D71/><U128/><E36/><V133/><F133/><N who="1" m="50697" /><E128/><V9/><AGARI ba="0,1" hai="6,9,11,12,15,17,52,53,54,86,89,94,121,123" machi="9" ten="30,4000,0" yaku="1,1,0,1,54,1,53,0" doraHai="34" doraHaiUra="39" who="2" fromWho="2" sc="250,-20,250,-10,240,50,250,-10" /><INIT seed="1,0,0,1,2,15" ten="230,240,290,240" oya="1" hai0="112,63,26,98,134,123,52,83,29,88,130,81,28" hai1="34,99,1,31,93,0,43,67,101,126,56,50,79" hai2="71,114,16,69,58,14,64,66,22,133,68,51,35" hai3="2,97,44,77,119,86,41,80,82,46,57,109,70"/><U91/><E126/><V5/><F35/><W18/><G70/><T72/><D112/><U108/><E108/><V45/><F114/><W6/><G109/><T11/><D130/><U116/><E116/><V94/><F133/><W74/><G119/><T122/><D134/><U39/><E39/><V55/><F5/><W12/><G97/><T131/><D131/><U95/><E79/><V32/><F32/><W103/><G103/><T84/><D98/><U36/><E36/><V113/><F113/><W38/><G46/><T128/><D128/><U13/><E34/><V19/><F94/><W129/><G129/><T90/><D11/><U125/><E31/><V60/><REACH who="2" step="1"/><F19/><REACH who="2" ten="230,240,280,240" step="2"/><W107/><G6/><T118/><D118/><U54/><E125/><V42/><AGARI ba="0,1" hai="14,16,22,42,45,51,55,58,60,64,66,68,69,71" machi="42" ten="30,8000,1" yaku="1,1,2,1,0,1,52,1,54,1,53,0" doraHai="15" doraHaiUra="21" who="2" fromWho="2" sc="230,-20,240,-40,280,90,240,-20" /><INIT seed="2,0,0,1,3,121" ten="210,200,370,220" oya="2" hai0="92,23,115,111,126,21,7,132,72,76,0,25,98" hai1="134,93,104,128,89,5,54,82,94,133,88,8,32" hai2="67,100,16,86,124,75,52,59,123,34,26,118,39" hai3="11,4,6,68,113,22,135,114,74,117,27,57,108"/><V49/><F75/><W10/><G68/><T96/><D115/><N who="3" m="44041" /><G74/><T9/><D126/><U66/><E32/><V2/><F39/><W53/><G117/><T130/><D130/><U37/><E37/><V58/><F2/><W81/><G81/><T13/><D132/><N who="1" m="50795" /><E104/><V102/><F123/><W110/><G135/><T61/><D111/><N who="3" m="42537" /><G11/><T20/><D76/><U43/><E66/><V70/><F67/><W12/><G4/><T99/><D72/><U87/><E43/><V31/><F70/><W3/><G3/><T33/><D0/><N who="1" m="39" /><E128/><V46/><F118/><W83/><G83/><T28/><REACH who="0" step="1"/><D61/><REACH who="0" ten="200,200,370,220" step="2"/><U105/><E105/><V1/><F1/><W47/><G47/><T122/><D122/><U84/><E82/><V24/><F46/><W60/><G27/><T41/><D41/><U17/><E94/><AGARI ba="0,1" hai="7,9,13,20,21,23,25,28,33,92,94,96,98,99" machi="94" ten="40,8000,1" yaku="1,1,53,3" doraHai="121" doraHaiUra="18" who="0" fromWho="1" sc="200,90,200,-80,370,0,220,0" /><INIT seed="3,0,0,0,4,22" ten="290,120,370,220" oya="3" hai0="63,60,88,39,126,117,9,90,1,2,41,130,69" hai1="79,7,15,94,93,112,51,10,98,77,92,4,71" hai2="97,40,54,8,111,37,78,6,131,44,124,108,34" hai3="75,107,61,74,27,33,70,116,132,80,76,89,48"/><W31/><G116/><T12/><D117/><U57/><E71/><V110/><F34/><W73/><G132/><T125/><D130/><U19/><E112/><V13/><F131/><W26/><G48/><T50/><D39/><U67/><E98/><V55/><F124/><N who="0" m="47722" /><D41/><U62/><REACH who="1" step="1"/><E51/><REACH who="1" ten="290,110,370,220" step="2"/><V96/><F78/><AGARI ba="0,1" hai="4,7,10,15,19,57,62,67,77,78,79,92,93,94" machi="78" ten="40,8000,1" yaku="1,1,2,1,8,1,53,1" doraHai="22" doraHaiUra="5" who="1" fromWho="2" sc="290,0,110,90,370,-80,220,0" /><INIT seed="4,0,0,3,1,24" ten="290,200,290,220" oya="0" hai0="32,133,109,124,14,108,21,99,105,39,103,11,80" hai1="123,54,31,89,111,135,85,73,13,113,3,128,42" hai2="52,48,27,30,102,74,19,98,68,91,40,114,62" hai3="129,117,116,36,47,83,112,55,25,94,86,17,35"/><T20/><D39/><U64/><E123/><V22/><F74/><W134/><G112/><T115/><D115/><U92/><E3/><V33/><F114/><W78/><G134/><T130/><D32/><U71/><E113/><V132/><F132/><W66/><G129/><T26/><D130/><U6/><E73/><V79/><F79/><W23/><G66/><T106/><D133/><U2/><E2/><V7/><F7/><W131/><G131/><T58/><D124/><U127/><E127/><V121/><F91/><W9/><G94/><T126/><D126/><U87/><E42/><V84/><F84/><W51/><G36/><T12/><D106/><U122/><E122/><V67/><F40/><W120/><G120/><T53/><D80/><U75/><E75/><V41/><F41/><W77/><G77/><T118/><D118/><U110/><E128/><V57/><F121/><W88/><G78/><T0/><D0/><U28/><E87/><V50/><F50/><W93/><G93/><T107/><D107/><U104/><E104/><V38/><F38/><W44/><G44/><T34/><D34/><U76/><E76/><V60/><F48/><W69/><G69/><T63/><D20/><U65/><E135/><V82/><F82/><W90/><G90/><T61/><D61/><N who="1" m="40335" /><E65/><V49/><F62/><W72/><G72/><T45/><D45/><U70/><E54/><V5/><F5/><W1/><REACH who="3" step="1"/><G35/><REACH who="3" ten="290,200,290,210" step="2"/><T125/><D125/><U16/><E70/><V18/><F33/><W100/><G100/><T37/><D37/><U81/><E81/><V46/><F68/><RYUUKYOKU ba="0,1" sc="290,-15,200,-15,290,15,210,15" hai2="18,19,22,27,30,46,49,52,57,60,67,98,102" hai3="1,9,17,23,25,47,51,55,83,86,88,116,117" /><INIT seed="5,1,1,5,3,123" ten="275,185,305,225" oya="1" hai0="30,14,93,10,118,25,27,64,56,121,73,12,28" hai1="91,23,95,37,134,48,7,13,106,90,102,86,52" hai2="40,32,47,113,68,76,126,57,34,94,104,15,75" hai3="22,101,29,80,60,65,81,100,129,43,116,39,98"/><U82/><E134/><V110/><F104/><W61/><G129/><T50/><D118/><U3/><E37/><V127/><F68/><W21/><G116/><T117/><D117/><U78/><E3/><V128/><F110/><W88/><G43/><T84/><D73/><U0/><E0/><V74/><F128/><W4/><G4/><T54/><D121/><U130/><E106/><V24/><F113/><W71/><G39/><T46/><D27/><U97/><E130/><V85/><F57/><W119/><G119/><T111/><D111/><U49/><E49/><V55/><F55/><W44/><G44/><T8/><D25/><U114/><E114/><V131/><F15/><W16/><G29/><T18/><D84/><U89/><E7/><V53/><F53/><W33/><G33/><T99/><D64/><U96/><E13/><V31/><F32/><W17/><G65/><T51/><D51/><U9/><E9/><V77/><F131/><W1/><G1/><T107/><D46/><N who="1" m="27671" /><E23/><V115/><F115/><W20/><G71/><T72/><D72/><U83/><E97/><V38/><F75/><W132/><G132/><T92/><D107/><U109/><E109/><V66/><F74/><W122/><G122/><T35/><D99/><U69/><E69/><V70/><F70/><W67/><G22/><T105/><D105/><U108/><E108/><V62/><F62/><W41/><G98/><T59/><D59/><U6/><E6/><V63/><F63/><W125/><G61/><N who="0" m="35991" /><D35/><U11/><E11/><V120/><F34/><W58/><G58/><T5/><D50/><RYUUKYOKU ba="1,1" sc="275,15,185,15,305,-15,225,-15" hai0="5,8,10,12,14,18,28,30,92,93" hai1="78,82,83,86,89,90,91,95,96,102" /><INIT seed="5,2,1,3,4,65" ten="290,200,290,210" oya="1" hai0="122,62,112,134,92,117,95,5,50,83,40,31,82" hai1="48,46,33,12,11,55,131,128,44,58,66,26,118" hai2="71,70,68,80,78,84,135,10,93,36,126,99,47" hai3="41,42,16,96,86,94,64,132,51,108,124,39,100"/><U91/><E118/><V1/><F126/><W72/><G72/><T28/><D117/><U98/><E33/><V9/><F135/><W76/><G108/><T125/><D134/><U67/><E26/><V87/><F87/><W69/><G124/><T74/><D125/><U73/><E73/><V21/><F1/><W59/><G39/><T102/><D112/><U120/><E120/><V14/><F21/><W89/><G76/><T110/><D110/><U56/><E91/><V63/><F63/><N who="3" m="38015" /><G69/><T129/><D129/><N who="1" m="49739" /><E98/><V121/><F121/><W4/><G4/><T30/><D5/><N who="1" m="3183" /><E56/><V88/><REACH who="2" step="1"/><F14/><REACH who="2" ten="290,200,280,210" step="2"/><W109/><G132/><T32/><D74/><U61/><E67/><V18/><F18/><W43/><G16/><T23/><D122/><U7/><E7/><V79/><F79/><W19/><G19/><T53/><D23/><U52/><E55/><V111/><F111/><W97/><G109/><T37/><D31/><U105/><E105/><V35/><F35/><W13/><G13/><T6/><D32/><U38/><E38/><V15/><F15/><W25/><G25/><T85/><D6/><U22/><E22/><V20/><F20/><W123/><G123/><T24/><D37/><U57/><AGARI ba="2,2" hai="44,46,48,52,57,58,61,66" m="3183,49739" machi="57" ten="30,3000,0" yaku="19,1,54,1" doraHai="65" who="1" fromWho="1" sc="290,-12,200,56,280,-12,210,-12" /><INIT seed="5,3,0,5,0,100" ten="278,256,268,198" oya="1" hai0="90,82,39,61,99,0,114,63,60,52,41,51,58" hai1="79,70,22,111,11,98,105,128,115,49,6,44,40" hai2="77,135,25,94,28,106,1,66,7,120,80,123,29" hai3="127,134,26,20,2,85,95,107,96,17,59,108,55"/><U37/><E70/><V86/><F29/><W133/><G108/><T32/><D0/><U132/><E111/><V81/><F66/><W131/><G2/><T101/><D32/><U124/><E115/><V16/><F135/><W65/><G127/><T34/><D34/><U57/><E124/><V24/><F106/><W47/><G131/><T112/><D39/><U110/><E110/><V97/><F80/><W74/><G74/><T109/><D109/><U71/><E71/><V69/><F69/><W56/><G65/><T50/><D82/><U126/><E79/><V72/><F72/><W27/><G27/><T116/><D90/><U45/><E128/><V54/><F54/><W21/><G21/><T84/><D84/><U46/><E22/><V30/><F16/><W9/><G9/><T31/><D31/><U3/><E132/><N who="3" m="50794" /><G85/><T75/><D116/><U92/><E126/><V43/><F1/><W8/><G8/><T73/><D73/><U113/><E113/><V103/><F7/><W35/><G35/><T10/><D10/><U93/><E11/><V68/><F68/><W130/><G130/><T18/><D18/><U12/><E3/><V5/><F5/><W91/><G107/><N who="0" m="63935" /><D75/><U36/><E6/><V38/><F30/><W122/><G122/><N who="2" m="46633" /><F28/><W87/><G87/><T102/><D102/><N who="1" m="62679" /><E12/><V42/><F38/><N who="1" m="14953" /><E40/><N who="2" m="15403" /><F24/><W19/><G19/><T14/><D14/><U117/><E117/><V53/><F25/><W129/><G129/><T121/><D121/><U15/><E15/><V125/><F125/><W78/><G78/><T118/><D118/><U83/><E83/><RYUUKYOKU ba="3,0" sc="278,0,256,0,268,0,198,0" hai0="41,50,51,52,58,60,61,63,112,114" hai1="44,45,46,49,57,92,93" hai2="53,77,81,86,94,97,103" hai3="17,20,26,47,55,56,59,91,95,96" /><INIT seed="5,4,0,2,5,52" ten="278,256,268,198" oya="1" hai0="55,122,36,125,115,102,77,128,1,90,118,24,56" hai1="93,33,87,32,3,112,110,51,43,83,29,91,16" hai2="26,135,114,82,92,57,40,101,59,39,20,18,76" hai3="81,100,119,54,17,121,134,104,71,27,103,120,7"/><U67/><E3/><V84/><F135/><W15/><G134/><T9/><D118/><U10/><E112/><V127/><F114/><W8/><G119/><T21/><D36/><U28/><E110/><V75/><F127/><W5/><G71/><T19/><D115/><U23/><E33/><V41/><F75/><W80/><G120/><T94/><D125/><U11/><E67/><V105/><F105/><W74/><G121/><T69/><D122/><U70/><E70/><V13/><F39/><W97/><G103/><T78/><D69/><U133/><E32/><V95/><F95/><W30/><G54/><T38/><D38/><U98/><E133/><V108/><F108/><W53/><G53/><T42/><D42/><N who="2" m="16490" /><F26/><W6/><REACH who="3" step="1"/><G74/><REACH who="3" ten="278,256,268,188" step="2"/><T45/><D102/><N who="1" m="60751" /><E43/><V2/><F2/><W116/><G116/><T66/><D1/><U65/><E65/><V4/><F101/><W117/><G117/><T99/><D66/><U34/><E51/><V31/><F31/><N who="1" m="11849" /><E34/><AGARI ba="4,1" hai="5,6,7,8,15,17,27,30,34,80,81,97,100,104" machi="34" ten="40,5200,0" yaku="1,1,53,2" doraHai="52" doraHaiUra="79" who="3" fromWho="1" sc="278,0,256,-64,268,0,188,74" /><INIT seed="6,0,0,1,5,117" ten="278,192,268,262" oya="2" hai0="92,104,0,27,122,100,120,52,69,109,121,41,73" hai1="62,68,25,5,70,111,37,14,65,55,53,3,97" hai2="2,128,132,110,50,91,96,59,76,127,108,87,47" hai3="16,36,79,113,64,103,66,106,119,32,38,75,84"/><V9/><F127/><W116/><G75/><T28/><D109/><U99/><E111/><V105/><F128/><W45/><G32/><T20/><D73/><U57/><E3/><V93/><F132/><W124/><G103/><T123/><D0/><U17/><E37/><V89/><F76/><W112/><G106/><T63/><D104/><U35/><E70/><V61/><F2/><W19/><G124/><T8/><D122/><U1/><E1/><V72/><F72/><W88/><G79/><T31/><D8/><U11/><E55/><V114/><F114/><N who="3" m="44139" /><G64/><T115/><D115/><U30/><REACH who="1" step="1"/><E5/><REACH who="1" ten="278,182,268,262" step="2"/><V10/><F110/><W15/><G38/><T98/><D41/><U13/><E13/><V82/><F108/><W23/><G66/><T56/><D69/><U135/><E135/><V118/><F118/><W6/><G6/><T77/><D121/><U67/><E67/><N who="2" m="39359" /><F105/><W54/><G36/><T129/><D129/><U24/><E24/><V49/><F49/><AGARI ba="0,1" hai="11,14,17,25,30,35,49,53,57,62,65,68,97,99" machi="49" ten="30,2000,0" yaku="1,1,7,1,53,0" doraHai="117" doraHaiUra="71" who="1" fromWho="2" sc="278,0,182,30,268,-20,262,0" /><INIT seed="7,0,0,5,5,51" ten="278,212,248,262" oya="3" hai0="74,41,12,60,70,36,3,24,81,92,80,32,43" hai1="44,96,99,64,11,49,117,134,57,42,18,65,8" hai2="91,0,68,109,72,56,21,111,104,123,78,121,135" hai3="10,127,66,130,79,4,102,108,113,9,115,128,50"/><W52/><G127/><T83/><D3/><U48/><E134/><V37/><F68/><W33/><G33/><T7/><D74/><U31/><E117/><V132/><F37/><W129/><G108/><T118/><D118/><U17/><E31/><V84/><F0/><N who="3" m="135" /><G102/><T119/><D119/><U58/><E44/><V107/><F21/><W100/><G100/><T95/><D36/><U89/><E89/><V39/><F39/><W87/><G10/><N who="0" m="4191" /><D70/><U88/><REACH who="1" step="1"/><E88/><REACH who="1" ten="278,202,248,262" step="2"/><V98/><F111/><W55/><G115/><T69/><D81/><U103/><E103/><V120/><F109/><W5/><G113/><T28/><D83/><U34/><E34/><V29/><F29/><W20/><G128/><T77/><D80/><U38/><E38/><V15/><F132/><W90/><G90/><T6/><D32/><U1/><E1/><V125/><F135/><W97/><G129/><T62/><D28/><U40/><AGARI ba="0,1" hai="8,11,17,18,40,42,48,49,57,58,64,65,96,99" machi="40" ten="25,12000,2" yaku="1,1,0,1,22,2,8,1,53,2" doraHai="51" doraHaiUra="13" who="1" fromWho="1" sc="278,-30,202,130,248,-30,262,-60" owari="248,5.0,332,43.0,218,-18.0,202,-30.0" /></mjloggm>