<mjloggm ver="2.3"><GO type="169" lobby="0"/><UN n0="%73%61%69%72%61%73%75" n1="%E3%82%A6%E3%83%AB%E3%83%88%E3%83%A9%E7%AB%8B%E7%9B%B4" n2="%E3%81%9F%E3%82%93%E3%82%86%E3%81%86" n3="%E3%81%99%E3%81%9A%E3%82%81%E3%82%AF%E3%83%AC%E3%82%A4%E3%82%B8%E3%83%BC" dan="16,17,16,20" rate="2112.42,2170.08,2117.69,2269.14" sx="M,M,F,M"/><TAIKYOKU oya="0"/><INIT seed="0,0,0,4,4,134" ten="250,250,250,250" oya="0" hai0="50,19,32,94,59,115,22,10,18,84,45,60,106" hai1="48,51,95,33,135,53,11,62,133,57,26,93,46" hai2="34,107,69,65,96,126,0,35,97,20,8,82,28" hai3="29,54,131,31,72,90,111,117,24,67,81,80,122"/><T103/><D115/><U64/><E11/><V110/><F20/><W129/><G67/><T123/><D123/><U130/><E130/><V5/><F97/><W78/><G117/><T63/><D32/><U112/><E112/><V99/><F99/><W41/><G41/><T52/><D106/><U25/><E51/><V15/><F15/><W13/><G111/><T36/><D36/><U86/><E86/><V37/><F110/><W44/><G13/><N who="0" m="7479" /><D103/><U73/><E73/><V2/><F2/><W89/><G122/><T77/><D45/><U58/><E46/><V113/><F113/><W109/><G31/><T104/><D104/><U91/><E33/><V87/><F37/><W124/><G109/><T3/><D3/><U102/><E102/><N who="2" m="62919" /><F87/><W118/><G118/><T127/><D127/><U47/><E47/><V42/><F42/><W74/><G124/><T38/><D38/><U114/><E114/><V128/><F82/><W55/><G44/><T101/><D101/><U14/><E14/><V116/><F128/><W17/><G29/><T43/><D43/><U108/><E108/><V100/><F100/><W9/><G9/><T105/><D105/><U83/><E135/><V16/><F116/><W30/><G30/><T121/><D121/><U56/><E133/><V92/><F126/><W40/><G40/><T119/><D119/><U39/><E39/><V6/><F35/><W79/><G17/><T98/><D98/><N who="1" m="57663" /><E83/><V7/><F0/><W120/><G120/><T132/><D132/><U12/><E12/><V68/><F34/><W71/><G71/><T49/><D84/><RYUUKYOKU ba="0,0" sc="250,-10,250,-10,250,-10,250,30" hai3="24,54,55,72,74,78,79,80,81,89,90,129,131" /><INIT seed="1,1,0,4,0,74" ten="240,240,240,280" oya="1" hai0="31,116,11,6,55,23,56,4,35,37,131,126,132" hai1="34,49,125,27,48,76,82,108,3,62,78,28,111" hai2="20,135,97,33,21,109,67,66,85,52,5,32,133" hai3="112,0,115,38,130,93,88,1,13,77,9,84,29"/><U24/><E3/><V7/><F97/><W122/><G122/><T123/><D116/><U42/><E125/><V45/><F85/><W47/><G130/><T128/><D37/><U71/><E24/><V110/><REACH who="2" step="1"/><F45/><REACH who="2" ten="240,240,230,280" step="2"/><W96/><G47/><T105/><D131/><U89/><E89/><V51/><F51/><N who="1" m="19529" /><E82/><V92/><F92/><W98/><G38/><T41/><D128/><U72/><E72/><V60/><F60/><W59/><G84/><T90/><D90/><U87/><E87/><V100/><F100/><W81/><G96/><T95/><D95/><U36/><E36/><V65/><F65/><W99/><G98/><T114/><D126/><U83/><E83/><V91/><F91/><W86/><G99/><T73/><D73/><U69/><E42/><V61/><F61/><W12/><G93/><T43/><D41/><U8/><E62/><V101/><F101/><W46/><G88/><T103/><D43/><U102/><E102/><V58/><F58/><W119/><G59/><T118/><D103/><U44/><E44/><V22/><F22/><W39/><G46/><T134/><D56/><U17/><E71/><V63/><F63/><W18/><G39/><T120/><D23/><U127/><E69/><V107/><F107/><W30/><G86/><T104/><D118/><U53/><E127/><V113/><F113/><W26/><G81/><T2/><D105/><U19/><E53/><AGARI ba="1,1" hai="5,7,20,21,32,33,52,53,66,67,109,110,133,135" machi="53" ten="25,6400,0" yaku="1,1,22,2,54,1,53,0" doraHai="74" doraHaiUra="64" who="2" fromWho="1" sc="240,0,240,-67,230,77,280,0" /><INIT seed="2,0,0,0,1,127" ten="240,173,307,280" oya="2" hai0="20,3,99,110,1,106,135,57,4,36,91,30,49" hai1="75,105,48,37,0,124,125,40,118,54,133,82,96" hai2="64,5,63,114,53,59,121,70,11,46,86,79,120" hai3="17,66,84,27,77,89,100,116,85,44,19,2,129"/><V74/><F74/><W122/><G2/><T95/><D36/><U67/><E118/><V132/><F114/><W112/><G122/><T123/><D123/><U102/><E0/><V69/><F132/><W108/><G108/><T115/><D115/><U25/><E133/><V78/><F46/><W131/><G100/><T18/><D110/><U34/><E67/><V101/><F101/><W88/><G77/><T24/><D106/><U41/><E54/><V28/><F28/><W38/><G66/><T81/><D135/><U65/><E48/><V29/><F29/><W103/><G103/><T111/><D4/><U43/><E65/><V31/><F31/><W104/><G104/><T52/><D111/><U15/><E25/><V80/><F79/><W7/><G7/><T60/><D81/><U76/><E34/><V33/><F33/><W26/><G112/><T72/><D72/><U22/><REACH who="1" step="1"/><E37/><REACH who="1" ten="240,163,307,280" step="2"/><V92/><F70/><W6/><G38/><T113/><D113/><U42/><N who="1" m="10240" /><DORA hai="83" /><U51/><E51/><V62/><REACH who="2" step="1"/><F92/><REACH who="2" ten="240,163,297,280" step="2"/><W50/><G116/><T61/><REACH who="0" step="1"/><D30/><REACH who="0" ten="230,163,297,280" step="2"/><U128/><E128/><V10/><F10/><W13/><G131/><T58/><D58/><U32/><E32/><V47/><F47/><W71/><G129/><T56/><D56/><U45/><E45/><V119/><F119/><W12/><G44/><T134/><D134/><U98/><E98/><V16/><F16/><AGARI ba="0,3" hai="15,16,22,75,76,82,96,102,105,124,125" m="10240" machi="16" ten="50,6400,0" yaku="1,1,54,1,53,1" doraHai="127,83" doraHaiUra="97,35" who="1" fromWho="2" sc="230,0,163,94,297,-64,280,0" /><INIT seed="3,0,0,1,5,95" ten="230,257,233,280" oya="3" hai0="115,109,27,37,135,25,5,31,93,104,36,67,57" hai1="90,34,13,49,44,80,99,35,53,15,119,61,84" hai2="121,106,87,92,70,56,59,51,128,89,116,126,47" hai3="48,72,103,20,134,75,0,108,29,81,28,24,62"/><W86/><G0/><T7/><D104/><U55/><E119/><V63/><F116/><W38/><G38/><T78/><D109/><U30/><E35/><V14/><F121/><W122/><G122/><T83/><D135/><U22/><E34/><V73/><F73/><W26/><G134/><T133/><D133/><U1/><E1/><V60/><F106/><W97/><G48/><T102/><D36/><U110/><E110/><V130/><F126/><W39/><G39/><T2/><D37/><U69/><E69/><V58/><F14/><W123/><G62/><T8/><D67/><U107/><E107/><V12/><F12/><W4/><G4/><T19/><D57/><N who="1" m="35007" /><E99/><V120/><F120/><W79/><G123/><T45/><D45/><U113/><E113/><V124/><F124/><W23/><G108/><T16/><D7/><U52/><E53/><V9/><F9/><W11/><G11/><T66/><D66/><U64/><E64/><V82/><F70/><W54/><G54/><T131/><D115/><U125/><E125/><V114/><F114/><W85/><G75/><T101/><D131/><N who="2" m="50218" /><F82/><W112/><G112/><T98/><D102/><U17/><E30/><V40/><AGARI ba="0,0" hai="40,47,51,56,58,59,60,63,87,89,92" m="50218" machi="40" ten="30,1100,0" yaku="19,1" doraHai="95" who="2" fromWho="2" sc="230,-3,257,-3,233,11,280,-5" /><INIT seed="4,0,0,3,0,20" ten="227,254,244,275" oya="0" hai0="37,81,7,19,50,25,18,111,49,56,104,67,102" hai1="103,68,13,129,93,127,91,64,118,41,66,124,112" hai2="51,29,89,130,55,132,109,107,24,128,94,47,86" hai3="65,59,110,108,83,11,33,27,101,57,46,97,135"/><T36/><D7/><U58/><E118/><V99/><F109/><W6/><G135/><T106/><D111/><U17/><E68/><V85/><F132/><W121/><G121/><T113/><D113/><U79/><E103/><V90/><F107/><W61/><G46/><T63/><D81/><U21/><E112/><V38/><F38/><W1/><G59/><T22/><D36/><U62/><E129/><V73/><F73/><W133/><G83/><T14/><D37/><U77/><E41/><V71/><F71/><W119/><G119/><T70/><D106/><U31/><E66/><V26/><F99/><W69/><G57/><T105/><D105/><U122/><E31/><V80/><REACH who="2" step="1"/><F29/><REACH who="2" ten="227,254,234,275" step="2"/><N who="3" m="19647" /><G133/><T117/><D117/><U87/><E122/><V23/><F23/><W95/><G110/><T74/><D74/><U34/><E34/><V48/><F48/><N who="0" m="18538" /><D104/><U3/><E3/><V114/><F114/><W60/><G108/><T42/><D70/><U16/><E124/><V82/><F82/><W39/><G39/><T125/><D125/><U53/><E127/><V126/><F126/><W131/><G131/><AGARI ba="0,1" hai="24,26,47,51,55,80,85,86,89,90,94,128,130,131" machi="131" ten="40,8000,1" yaku="1,1,19,1,52,2,53,1" doraHai="20" doraHaiUra="78" who="2" fromWho="3" sc="227,0,254,0,234,90,275,-80" /><INIT seed="5,0,0,2,0,10" ten="227,254,324,195" oya="1" hai0="111,53,106,54,68,87,100,31,83,79,127,9,15" hai1="96,22,1,86,50,52,76,63,69,7,30,99,61" hai2="35,16,129,80,124,89,110,105,42,38,118,70,90" hai3="84,18,133,72,132,85,37,44,24,6,39,58,47"/><U2/><E2/><V88/><F118/><W131/><G72/><T32/><D111/><U11/><E69/><V57/><F70/><W5/><G58/><T12/><D68/><U74/><E74/><V130/><F110/><W51/><G24/><T45/><D127/><U94/><E96/><V56/><F35/><W40/><G131/><N who="2" m="50185" /><F105/><W28/><G18/><T104/><D106/><U43/><E43/><V19/><F80/><W77/><G51/><T8/><D104/><U81/><E22/><V134/><F124/><W112/><G112/><T62/><D100/><U109/><E30/><V64/><F134/><W103/><G77/><T34/><D31/><U114/><E114/><V117/><F117/><W135/><G28/><T95/><D95/><U48/><E48/><V25/><F25/><W78/><G78/><T21/><D21/><U4/><E4/><N who="3" m="1642" /><G103/><T46/><D34/><U26/><E26/><V116/><F116/><W29/><G29/><T14/><D32/><U107/><E107/><V13/><F19/><W82/><G82/><T73/><D73/><U119/><E119/><V97/><F64/><W92/><G92/><T121/><D121/><U128/><E128/><V101/><F101/><W20/><G20/><T108/><D108/><U91/><REACH who="1" step="1"/><E109/><REACH who="1" ten="227,244,324,195" step="2"/><V27/><F27/><W49/><G49/><N who="0" m="28847" /><D46/><AGARI ba="0,1" hai="1,7,11,46,50,52,61,63,76,81,86,91,94,99" machi="46" ten="30,5800,0" yaku="1,1,7,1,54,1,53,0" doraHai="10" doraHaiUra="67" who="1" fromWho="0" sc="227,-58,244,68,324,0,195,0" /><INIT seed="5,1,0,2,4,30" ten="169,312,324,195" oya="1" hai0="127,87,91,93,98,104,60,118,77,95,110,63,80" hai1="69,109,83,67,34,88,125,117,102,9,129,20,135" hai2="57,108,90,42,115,52,111,112,101,92,45,99,6" hai3="86,50,94,130,26,28,72,116,5,100,71,25,126"/><U13/><E117/><V23/><F6/><W32/><G72/><T134/><D118/><U51/><E34/><V85/><F23/><W19/><G116/><T124/><D110/><U10/><E109/><V105/><F111/><W132/><G71/><T3/><D3/><U41/><E69/><V4/><F4/><W43/><G130/><T123/><D134/><U8/><E135/><V70/><F70/><W119/><G5/><T29/><D123/><U66/><E102/><V37/><REACH who="2" step="1"/><F108/><REACH who="2" ten="169,312,314,195" step="2"/><W121/><G132/><T89/><D29/><U36/><E129/><V55/><F55/><W49/><G119/><T18/><D18/><N who="1" m="10319" /><E36/><V78/><F78/><W81/><G19/><T48/><D77/><U122/><E122/><V82/><F82/><W21/><G81/><T59/><D80/><U68/><E68/><V58/><F58/><W16/><G121/><T54/><REACH who="0" step="1"/><D104/><REACH who="0" ten="159,312,314,195" step="2"/><U22/><E83/><V11/><F11/><W62/><G16/><T27/><D27/><U46/><E9/><V31/><F31/><W75/><G28/><T0/><D0/><U44/><E8/><V64/><F64/><W65/><G65/><T35/><D35/><U131/><E10/><V47/><F47/><W113/><G32/><T79/><D79/><U24/><E131/><V61/><AGARI ba="1,2" hai="37,42,45,52,57,61,85,90,92,99,101,105,112,115" machi="61" ten="30,4000,0" yaku="1,1,0,1,54,1,53,0" doraHai="30" doraHaiUra="107" who="2" fromWho="2" sc="159,-11,312,-21,314,63,195,-11" /><INIT seed="6,0,0,0,3,43" ten="148,291,377,184" oya="2" hai0="86,96,5,2,68,94,65,44,133,101,103,32,20" hai1="127,118,132,25,31,88,99,12,53,106,69,10,61" hai2="45,129,125,22,47,130,114,92,95,6,76,73,0" hai3="107,112,48,51,66,7,117,111,57,50,64,59,97"/><V63/><F125/><W77/><G107/><T72/><D32/><U87/><E118/><V84/><F114/><W40/><G77/><T60/><D72/><U39/><E39/><V19/><F73/><W29/><G97/><T104/><D133/><U70/><E132/><V16/><F63/><W13/><G117/><T33/><D33/><U75/><E75/><V49/><F49/><W28/><G111/><T46/><D20/><U52/><E127/><V78/><F6/><W83/><G40/><T128/><D128/><N who="2" m="49258" /><F0/><W15/><G7/><T37/><D37/><U54/><E99/><V30/><F30/><N who="3" m="11883" /><G83/><T131/><D131/><U18/><E106/><V102/><F19/><W11/><G11/><T93/><D103/><U81/><REACH who="1" step="1"/><E61/><REACH who="1" ten="148,281,377,184" step="2"/><V121/><F121/><W135/><G135/><T42/><D104/><U89/><E89/><N who="2" m="53287" /><F78/><W41/><G112/><T90/><REACH who="0" step="1"/><D42/><REACH who="0" ten="138,281,377,184" step="2"/><U56/><E56/><N who="3" m="21578" /><G41/><T113/><D113/><U123/><E123/><V67/><F102/><W71/><G71/><T105/><D105/><U58/><E58/><V80/><F76/><W91/><G91/><T108/><D108/><U115/><E115/><V27/><F80/><W124/><G124/><T4/><D4/><U17/><E17/><V119/><F119/><W134/><G134/><T24/><D24/><U82/><E82/><V23/><F95/><W21/><G66/><T120/><D120/><U122/><E122/><V109/><F109/><W98/><G64/><T126/><D126/><U85/><E85/><V35/><F67/><W3/><G98/><T1/><D1/><U26/><E26/><RYUUKYOKU ba="0,2" sc="138,15,281,15,377,-15,184,-15" hai0="2,5,44,46,60,65,68,86,90,93,94,96,101" hai1="10,12,18,25,31,52,53,54,69,70,81,87,88" /><INIT seed="7,1,2,5,4,15" ten="153,296,362,169" oya="3" hai0="13,111,129,76,125,38,68,113,33,135,35,65,63" hai1="52,97,21,48,100,92,54,37,74,61,114,78,80" hai2="29,134,101,56,55,79,128,126,132,99,57,19,124" hai3="0,14,122,77,5,84,119,42,83,60,6,98,108"/><W32/><G122/><T49/><D111/><U45/><E114/><V82/><F29/><W39/><G119/><T87/><D38/><U105/><E37/><V27/><F57/><W104/><G0/><T127/><D113/><U88/><E21/><N who="2" m="13759" /><F128/><W17/><G32/><T95/><D129/><U50/><E61/><N who="2" m="35999" /><F82/><W25/><G25/><T7/><D135/><N who="2" m="51754" /><F79/><W107/><G108/><T116/><D116/><U23/><E23/><V81/><F81/><W106/><G60/><T26/><D26/><U89/><REACH who="1" step="1"/><E105/><AGARI ba="1,2" hai="99,101,105,124,126" m="51754,35999,13759" machi="105" ten="30,2000,0" yaku="20,1,52,1" doraHai="15" who="2" fromWho="1" sc="153,0,296,-23,362,43,169,0" owari="153,-35.0,273,7.0,405,51.0,169,-23.0" /></mjloggm>