<mjloggm ver="2.3"><GO type="169" lobby="0"/><UN n0="%E3%81%B5%E3%81%8B%E3%81%98" n1="%E3%83%88%E3%83%88%E3%83%AA%E5%85%88%E7%94%9F%31%39%E6%AD%B3" n2="%E5%BB%83%E4%BA%BA%E9%81%94%E9%9B%86%E5%90%88" n3="%E3%83%9F%E3%83%A9%E3%82%AF%E3%83%AB%E3%81%8A%E3%81%98%E3%81%95%E3%82%93" dan="16,18,16,16" rate="2106.18,2194.17,2114.25,2116.26" sx="M,F,M,M"/><TAIKYOKU oya="0"/><INIT seed="0,0,0,0,0,50" ten="250,250,250,250" oya="0" hai0="27,5,24,97,14,96,88,60,54,76,131,39,42" hai1="63,130,1,37,71,125,91,51,64,99,67,57,103" hai2="34,48,104,90,44,81,22,6,0,123,116,58,31" hai3="19,8,41,65,107,70,46,49,59,77,85,126,36"/><T28/><D131/><U115/><E1/><V122/><F116/><W3/><G107/><T33/><D76/><U4/><E4/><V29/><F104/><W7/><G126/><T73/><D73/><U61/><E91/><V87/><F34/><W124/><G124/><T79/><D79/><U30/><E125/><V43/><F31/><W10/><G8/><T15/><D24/><U120/><E120/><V84/><F84/><W119/><G19/><T56/><D5/><U93/><E37/><V83/><F83/><W86/><G77/><T114/><D114/><U82/><E130/><V45/><F58/><W55/><REACH who="3" step="1"/><G119/><REACH who="3" ten="250,250,250,240" step="2"/><T133/><D133/><U74/><E115/><V117/><F117/><W102/><G102/><T113/><D113/><U23/><E103/><V89/><F89/><W134/><G134/><T98/><REACH who="0" step="1"/><D88/><REACH who="0" ten="240,250,250,240" step="2"/><U128/><E128/><V75/><F90/><W135/><G135/><T62/><D62/><AGARI ba="0,2" hai="3,7,10,36,41,46,49,55,59,62,65,70,85,86" machi="62" ten="40,8000,1" yaku="1,1,24,2,52,1,53,0" doraHai="50" doraHaiUra="129" who="3" fromWho="0" sc="240,-80,250,0,250,0,240,100" /><INIT seed="1,0,0,3,0,92" ten="160,250,250,340" oya="1" hai0="133,30,24,102,109,14,116,39,21,56,108,77,89" hai1="1,95,60,122,63,2,3,16,0,134,72,129,119" hai2="112,100,10,67,70,9,46,73,25,90,28,105,135" hai3="37,114,64,45,71,57,124,74,62,26,118,18,34"/><U101/><E119/><V125/><F112/><W68/><G114/><T15/><D39/><U117/><E117/><V5/><F90/><W107/><G118/><T43/><D116/><U69/><E122/><V111/><F46/><W76/><G124/><T20/><D43/><U87/><E72/><V54/><F54/><W55/><G107/><T106/><D77/><U120/><E120/><V8/><F125/><W19/><G71/><T7/><D89/><U31/><E129/><V98/><F73/><W51/><G34/><T86/><D86/><U130/><E130/><V27/><F27/><W93/><G26/><N who="0" m="16719" /><D56/><U99/><E134/><V85/><F85/><W78/><G93/><T53/><D53/><U49/><E31/><V59/><F59/><W113/><G113/><T50/><D50/><U65/><E49/><V103/><F103/><W84/><G84/><T97/><D7/><U35/><E35/><N who="2" m="20879" /><F5/><W23/><G74/><T4/><D4/><U79/><E63/><N who="2" m="40319" /><F135/><W132/><G132/><T110/><D133/><U12/><E0/><V52/><F52/><W40/><REACH who="3" step="1"/><G18/><AGARI ba="0,0" hai="14,15,18,20,24,97,102,106,108,109,110" m="16719" machi="18" ten="30,2000,0" yaku="14,1,52,1" doraHai="92" who="0" fromWho="3" sc="160,20,250,0,250,0,340,-20" /><INIT seed="2,0,0,4,1,79" ten="180,250,250,320" oya="2" hai0="99,62,17,77,42,105,8,123,71,87,73,109,63" hai1="24,43,135,82,88,120,31,67,69,49,35,12,81" hai2="104,39,121,44,113,33,78,25,127,61,102,32,1" hai3="53,4,118,54,5,65,57,41,125,2,46,80,47"/><V59/><F121/><W108/><G118/><T94/><D123/><U83/><E120/><V100/><F113/><W89/><G2/><T3/><D109/><U129/><E129/><V84/><F1/><W132/><G108/><T75/><D42/><U133/><E12/><V34/><F127/><W27/><G125/><T19/><D71/><U10/><E10/><V7/><F7/><W30/><G132/><N who="1" m="50762" /><E67/><V22/><F104/><W85/><G65/><T124/><D124/><U16/><E69/><V101/><F44/><W0/><G0/><T134/><D134/><U117/><E117/><V52/><F39/><W45/><G41/><T37/><D37/><U95/><E16/><V76/><REACH who="2" step="1"/><F84/><REACH who="2" ten="180,250,240,320" step="2"/><W58/><G4/><T20/><D87/><N who="1" m="50303" /><E95/><V98/><F98/><W70/><G5/><T15/><D99/><U13/><E13/><V119/><F119/><W26/><G46/><AGARI ba="0,1" hai="24,31,35,43,46,49,81,82" m="50303,50762" machi="46" ten="30,8000,1" yaku="20,1,52,3,54,1" doraHai="79" who="1" fromWho="3" sc="180,0,250,90,240,0,320,-80" /><INIT seed="3,0,0,3,3,30" ten="180,340,240,240" oya="3" hai0="66,37,7,135,34,105,29,83,111,62,67,80,93" hai1="114,84,130,134,79,109,107,103,108,38,10,18,86" hai2="4,54,60,106,82,81,113,91,100,125,89,15,127" hai3="118,65,98,92,57,26,112,44,55,0,45,116,72"/><W117/><G112/><T124/><D105/><U77/><E114/><V87/><F113/><W24/><G0/><T122/><D37/><U36/><E10/><V85/><F4/><W21/><G72/><T132/><D122/><U59/><E18/><V31/><F15/><W119/><N who="3" m="30208" /><DORA hai="47" /><W90/><G65/><T41/><D41/><U53/><E130/><V27/><F106/><W121/><G121/><T102/><D111/><N who="1" m="42571" /><E134/><V20/><F100/><W70/><G70/><T56/><D124/><U9/><E9/><V76/><F76/><N who="1" m="29257" /><E103/><V71/><REACH who="2" step="1"/><F54/><REACH who="2" ten="180,340,230,240" step="2"/><W88/><G90/><T133/><D7/><U51/><E107/><V99/><F99/><W25/><REACH who="3" step="1"/><G21/><REACH who="3" ten="180,340,230,230" step="2"/><T48/><D132/><U50/><E84/><V126/><F126/><W74/><G74/><T39/><D133/><U110/><E86/><V97/><F97/><W68/><G68/><T61/><D135/><U6/><E110/><V8/><F8/><W69/><G69/><T32/><D102/><U52/><E6/><V40/><F40/><W12/><G12/><T3/><D3/><U73/><E73/><V123/><F123/><W28/><G28/><T42/><D29/><U5/><E5/><V94/><F94/><W95/><G95/><T131/><D93/><U129/><E129/><V35/><F35/><W128/><G128/><T75/><D131/><U23/><E23/><V46/><F46/><AGARI ba="0,2" hai="36,38,46,50,51,52,53,59" m="29257,42571" machi="46" ten="30,7700,0" yaku="14,1,52,2,54,1" doraHai="30,47" who="1" fromWho="2" sc="180,0,340,97,230,-77,230,0" /><INIT seed="4,0,0,0,3,33" ten="180,437,153,230" oya="0" hai0="78,122,55,133,12,65,95,36,59,29,110,28,15" hai1="34,67,46,64,38,18,31,92,26,81,0,99,73" hai2="41,53,88,117,114,96,51,131,44,19,109,62,49" hai3="27,23,37,77,42,135,60,107,84,87,120,132,72"/><T102/><D122/><U108/><E108/><V71/><F109/><W79/><G107/><T129/><D110/><U124/><E124/><V4/><F117/><W98/><G98/><N who="0" m="59743" /><D36/><U75/><E0/><V105/><F131/><W56/><G120/><T83/><D129/><U32/><E32/><V97/><F105/><W111/><G111/><T30/><D65/><U126/><E126/><V61/><F114/><W94/><G72/><T103/><D103/><U58/><E18/><V134/><F4/><W17/><G37/><T35/><D35/><U25/><E25/><V80/><F134/><W118/><G42/><T8/><D133/><U101/><E67/><V5/><F5/><W119/><G132/><T70/><D70/><U48/><E38/><V11/><F71/><W82/><G135/><T24/><D24/><U50/><E81/><V39/><F39/><W9/><G9/><T127/><D127/><U74/><REACH who="1" step="1"/><E46/><REACH who="1" ten="180,427,153,230" step="2"/><V116/><F80/><W14/><G82/><T6/><D15/><U130/><E130/><V128/><F128/><W10/><G14/><T43/><D83/><U57/><E57/><V104/><F44/><W93/><G56/><T45/><D45/><U47/><E47/><V76/><F19/><W66/><G17/><T1/><D1/><U106/><E106/><V22/><F104/><W85/><G66/><T16/><D78/><U7/><E7/><V20/><F76/><W54/><G79/><T21/><D6/><U112/><E112/><V63/><F11/><W125/><G10/><T89/><D8/><U100/><E100/><V121/><F121/><RYUUKYOKU ba="0,1" sc="180,-10,427,30,153,-10,230,-10" hai1="26,31,34,48,50,58,64,73,74,75,92,99,101" /><INIT seed="5,1,1,1,5,69" ten="170,457,143,220" oya="1" hai0="124,56,33,18,46,73,133,48,50,39,108,100,126" hai1="35,6,107,122,28,83,49,45,58,86,2,64,85" hai2="41,20,47,13,78,104,76,42,135,129,123,68,102" hai3="65,27,36,80,44,116,17,1,77,113,106,119,111"/><U128/><E122/><V37/><F123/><W125/><G111/><T105/><D73/><U112/><E107/><V71/><F129/><W4/><G106/><T16/><D108/><U130/><E112/><V25/><F135/><W84/><G113/><T29/><D133/><U55/><E35/><V110/><F110/><W63/><G125/><N who="0" m="48235" /><D29/><U89/><E28/><V7/><F42/><W117/><G4/><T57/><D33/><U3/><E6/><V88/><F102/><W30/><G1/><T21/><D18/><U95/><E64/><V23/><F104/><W19/><G44/><T81/><D81/><U31/><E31/><V97/><F68/><N who="3" m="42047" /><G36/><T98/><D39/><U61/><E130/><V32/><F71/><W75/><G75/><T10/><D10/><U26/><E26/><V62/><F32/><AGARI ba="1,1" hai="17,19,27,30,32,77,80,84,116,117,119" m="42047" machi="32" ten="30,1000,0" yaku="12,1" doraHai="69" who="3" fromWho="2" sc="170,0,457,0,143,-13,220,23" /><INIT seed="6,0,0,4,4,11" ten="170,457,130,243" oya="2" hai0="12,133,19,65,0,66,82,28,79,46,27,97,131" hai1="69,75,26,55,112,116,88,61,54,121,76,52,45" hai2="7,10,130,117,68,101,64,30,44,38,21,59,16" hai3="37,104,78,132,118,53,33,6,84,77,95,58,5"/><V103/><F117/><W107/><G118/><T18/><D0/><U134/><E116/><V113/><F68/><W17/><G37/><T108/><D108/><U83/><E112/><V35/><F113/><W129/><G33/><T62/><D131/><U22/><E134/><V40/><F130/><W119/><G119/><T100/><D133/><U4/><E121/><V72/><F72/><W1/><G132/><T56/><D46/><U29/><E4/><V123/><F123/><W93/><G129/><T105/><D65/><U115/><E115/><V87/><F87/><W31/><G31/><T13/><D18/><U96/><E69/><V106/><F106/><W63/><G1/><T128/><D19/><U23/><E23/><V25/><F10/><W14/><G107/><T15/><D128/><U94/><REACH who="1" step="1"/><E45/><REACH who="1" ten="170,447,130,243" step="2"/><V20/><F7/><W47/><G47/><T126/><D126/><U135/><E135/><V9/><F21/><W32/><G5/><T8/><D8/><U67/><E67/><V73/><F9/><W102/><G6/><T50/><D50/><U3/><E3/><V86/><F73/><W89/><G32/><T81/><REACH who="0" step="1"/><D79/><REACH who="0" ten="160,447,130,243" step="2"/><U124/><E124/><V99/><F64/><W51/><G78/><T111/><D111/><U71/><E71/><V41/><F44/><W36/><G77/><T48/><D48/><U49/><E49/><V98/><F38/><W85/><G36/><T114/><D114/><U43/><E43/><V74/><F41/><W34/><G51/><T120/><D120/><U127/><E127/><V92/><F40/><W39/><G39/><RYUUKYOKU ba="0,2" sc="160,15,447,15,130,-15,243,-15" hai0="12,13,15,27,28,56,62,66,81,82,97,100,105" hai1="22,26,29,52,54,55,61,75,76,83,88,94,96" /><INIT seed="7,1,2,1,3,114" ten="175,462,115,228" oya="3" hai0="64,104,97,73,58,111,66,99,88,48,17,11,85" hai1="110,95,100,0,44,119,34,46,19,9,84,51,102" hai2="41,27,112,16,72,131,129,8,22,75,18,90,57" hai3="20,23,55,76,116,31,105,121,69,35,89,40,70"/><W42/><G116/><T53/><D73/><U61/><E110/><V74/><F112/><W43/><G89/><T117/><D117/><U29/><E119/><V33/><F33/><W126/><G55/><T96/><D104/><U56/><E34/><V106/><F106/><W65/><G76/><T62/><D111/><U92/><E29/><V83/><F41/><W80/><G80/><N who="0" m="49191" /><D62/><U77/><E0/><V28/><F57/><W6/><G69/><T78/><D78/><U38/><E38/><V14/><F83/><W49/><G70/><T94/><D94/><N who="1" m="35883" /><E84/><V93/><REACH who="2" step="1"/><F28/><REACH who="2" ten="175,462,105,228" step="2"/><W81/><G31/><T128/><D128/><U37/><E19/><V125/><F125/><W26/><G105/><T13/><AGARI ba="1,3" hai="11,13,17,48,53,58,64,66,96,97,99" m="49191" machi="13" ten="30,2000,0" yaku="8,1,54,1" doraHai="114" who="0" fromWho="0" sc="175,53,462,-6,105,-6,228,-11" owari="228,3.0,456,55.0,99,-40.0,217,-18.0" /></mjloggm>