<mjloggm ver="2.3"><GO type="169" lobby="0"/><UN n0="%E5%B0%B1%E6%B4%BB%E7%94%9F%40%E5%B7%9D%E6%9D%91%E8%BB%8D%E5%9B%A3" n1="%E3%81%8A%E2%98%85%E3%82%93%E3%81%BD%E3%81%AE%E5%A4%A9%E3%81%B7%E3%82%89" n2="%E6%93%8D" n3="%7A%65%72%6F%52%58" dan="17,16,16,16" rate="2178.72,2176.36,2061.10,2148.43" sx="M,M,M,M"/><TAIKYOKU oya="0"/><INIT seed="0,0,0,1,0,33" ten="250,250,250,250" oya="0" hai0="76,17,11,69,134,91,106,22,70,6,37,124,64" hai1="58,54,100,25,111,9,131,117,36,19,3,10,23" hai2="71,38,53,73,0,127,27,77,98,99,2,15,24" hai3="107,119,32,130,87,83,5,120,51,126,135,101,118"/><T129/><D106/><U80/><E117/><V97/><F38/><W90/><G32/><T14/><D37/><U95/><E36/><V112/><F71/><W42/><G5/><T35/><D35/><U61/><E111/><V115/><F15/><W67/><G67/><T128/><D76/><U79/><E131/><N who="0" m="50249" /><D134/><U7/><E9/><V39/><F39/><W109/><G130/><T40/><D40/><U132/><E132/><V47/><F77/><W121/><G109/><T29/><D29/><U62/><E100/><V110/><F110/><W16/><G135/><T31/><D31/><U74/><REACH who="1" step="1"/><E95/><REACH who="1" ten="250,240,250,250" step="2"/><V63/><F115/><W114/><G101/><T41/><D124/><U113/><E113/><V52/><F127/><W93/><G126/><T1/><D64/><U133/><E133/><V102/><F112/><W44/><G114/><T12/><D41/><U88/><E88/><V18/><F102/><W78/><G107/><T125/><D125/><U68/><E68/><N who="0" m="26217" /><D91/><U84/><E84/><V57/><F73/><N who="3" m="43471" /><G119/><T85/><D85/><U104/><E104/><V28/><F99/><W116/><G116/><T66/><D66/><U108/><E108/><V48/><F98/><W59/><G118/><T92/><D92/><U50/><AGARI ba="0,1" hai="3,7,10,19,23,25,50,54,58,61,62,74,79,80" machi="50" ten="20,5200,0" yaku="1,1,0,1,7,1,52,1,53,0" doraHai="33" doraHaiUra="26" who="1" fromWho="1" sc="250,-26,240,62,250,-13,250,-13" /><INIT seed="1,0,0,3,4,21" ten="224,302,237,237" oya="1" hai0="75,130,98,19,129,104,82,102,107,15,40,65,72" hai1="108,110,81,97,34,96,115,117,86,57,6,11,99" hai2="13,49,116,76,46,93,125,105,5,17,120,118,16" hai3="28,134,30,79,77,48,47,109,10,42,56,8,55"/><U95/><E117/><V123/><F105/><W25/><G109/><N who="1" m="42090" /><E115/><V87/><F5/><W92/><G134/><T38/><D65/><U101/><E34/><V135/><F135/><W83/><G30/><T78/><D107/><U26/><E57/><V18/><F13/><W103/><G92/><T84/><D40/><U68/><E68/><V128/><F123/><W80/><G103/><T106/><D38/><U85/><E26/><V20/><F120/><W7/><G80/><T74/><REACH who="0" step="1"/><D106/><REACH who="0" ten="214,302,237,237" step="2"/><U90/><E85/><V1/><F87/><W32/><G83/><T41/><D41/><U4/><E4/><V70/><F70/><W114/><G114/><T54/><D54/><U124/><E124/><V88/><F125/><W127/><G127/><T29/><D29/><U112/><E112/><V9/><F118/><W33/><G33/><T36/><D36/><U62/><E62/><V89/><F116/><W60/><REACH who="3" step="1"/><G10/><AGARI ba="0,1" hai="10,15,19,72,74,75,78,82,84,98,102,104,129,130" machi="10" ten="40,1300,0" yaku="1,1,53,0" doraHai="21" doraHaiUra="50" who="0" fromWho="3" sc="214,23,302,0,237,0,237,-13" /><INIT seed="2,0,0,1,4,30" ten="237,302,237,224" oya="2" hai0="13,21,15,100,97,53,123,41,51,71,133,1,127" hai1="14,93,65,109,27,20,5,63,26,135,128,103,16" hai2="59,79,113,4,81,92,23,22,50,125,34,86,119" hai3="69,122,42,61,11,105,98,32,62,126,95,66,84"/><V39/><F39/><W40/><G122/><T10/><D123/><U110/><E135/><V132/><F119/><W72/><G72/><T73/><D133/><U107/><E107/><V70/><F70/><W89/><G126/><T121/><D127/><U94/><E128/><V9/><F113/><W118/><G118/><T78/><D71/><U104/><E104/><V77/><F77/><W57/><G11/><T130/><D130/><U124/><E124/><V36/><F36/><W88/><G32/><T101/><D41/><U56/><E5/><V120/><F34/><W46/><G46/><T76/><D73/><U33/><E27/><V55/><F132/><W90/><G105/><T131/><D131/><U82/><E82/><V48/><F120/><W85/><G85/><T38/><D38/><U31/><REACH who="1" step="1"/><E103/><REACH who="1" ten="237,292,237,224" step="2"/><V102/><F125/><W106/><G106/><T114/><D101/><U6/><E6/><V35/><F102/><W37/><G37/><T54/><D100/><U25/><E25/><V74/><F92/><AGARI ba="0,1" hai="14,16,20,26,31,33,56,63,65,92,93,94,109,110" machi="92" ten="40,12000,2" yaku="1,1,52,1,54,1,53,3" doraHai="30" doraHaiUra="91" who="1" fromWho="2" sc="237,0,292,130,237,-120,224,0" /><INIT seed="3,0,0,5,0,126" ten="237,422,117,224" oya="3" hai0="55,127,68,37,88,30,125,131,90,105,110,86,112" hai1="119,5,66,115,61,72,67,59,48,4,22,134,13" hai2="8,29,23,83,122,28,109,44,2,99,60,32,82" hai3="11,78,133,98,69,76,89,108,93,104,114,1,57"/><W62/><G114/><T128/><D110/><U35/><E72/><V130/><F109/><W80/><G108/><T46/><D112/><U77/><E77/><V106/><F32/><W73/><G69/><T101/><D68/><U129/><E115/><V10/><F60/><W42/><G133/><T20/><D101/><U19/><E35/><V120/><F44/><W64/><G78/><T50/><D105/><U31/><E31/><V71/><F71/><W84/><G42/><T124/><D37/><U47/><E134/><V36/><F36/><W92/><G104/><T9/><D9/><U100/><E100/><V16/><F99/><W97/><REACH who="3" step="1"/><G92/><REACH who="3" ten="237,422,117,214" step="2"/><N who="0" m="54295" /><D90/><U58/><E119/><V38/><F106/><W91/><G91/><T132/><D132/><U96/><E96/><V95/><F95/><W87/><G87/><T121/><D121/><U85/><E85/><V118/><F118/><W113/><G113/><T7/><D7/><AGARI ba="0,1" hai="1,7,11,57,62,64,73,76,80,84,89,93,97,98" machi="7" ten="40,3900,0" yaku="1,1,53,1" doraHai="126" doraHaiUra="3" who="3" fromWho="0" sc="237,-39,422,0,117,0,214,49" /><INIT seed="3,1,0,2,5,56" ten="198,422,117,263" oya="3" hai0="83,7,4,133,52,86,3,35,119,118,82,115,25" hai1="70,21,26,40,134,43,0,29,67,112,72,71,22" hai2="135,114,17,108,99,34,61,81,101,12,80,105,50" hai3="74,16,102,23,77,90,66,89,37,48,116,41,96"/><W132/><G116/><T98/><D133/><U14/><E112/><V128/><F114/><W76/><G37/><T130/><D130/><U33/><E72/><V88/><F34/><W60/><G132/><T57/><D115/><U122/><E122/><V54/><F135/><W104/><G48/><T127/><D127/><U63/><E0/><V15/><F128/><W107/><G41/><T68/><D68/><U113/><E113/><V75/><F108/><W117/><G107/><T10/><D7/><U28/><E71/><V91/><F15/><W92/><G74/><T131/><D131/><U69/><E69/><V85/><F75/><W111/><G111/><T103/><D25/><U129/><E129/><V79/><F81/><W42/><G42/><T94/><D83/><U18/><E134/><V13/><F13/><N who="3" m="9615" /><G104/><T8/><D8/><U97/><E29/><V125/><F125/><W27/><G27/><T19/><D19/><U30/><E30/><V49/><F49/><W73/><G73/><T2/><D35/><U124/><E124/><V31/><F31/><W58/><G117/><T53/><D53/><U84/><E33/><V45/><REACH who="2" step="1"/><F61/><REACH who="2" ten="198,422,107,263" step="2"/><W59/><G77/><T123/><D2/><U9/><E63/><V100/><F100/><W110/><G76/><T95/><D123/><U51/><E51/><V55/><F55/><N who="3" m="33887" /><G110/><T47/><D119/><U24/><E28/><V39/><F39/><W20/><G102/><T11/><D118/><U65/><E26/><V44/><F44/><W62/><G90/><N who="0" m="53591" /><D103/><U87/><E24/><V121/><F121/><W78/><G78/><RYUUKYOKU ba="1,1" sc="198,-15,422,-15,107,15,263,15" hai2="12,17,45,50,54,79,80,85,88,91,99,101,105" hai3="20,59,62,66,89,92,96" /><INIT seed="3,2,1,4,5,14" ten="183,407,122,278" oya="3" hai0="99,23,7,88,87,89,133,35,123,121,52,48,16" hai1="101,8,131,110,18,93,82,103,33,86,10,40,85" hai2="124,0,9,129,20,90,51,19,3,81,31,70,25" hai3="134,125,130,113,21,104,126,119,106,127,95,98,135"/><W80/><G119/><T5/><D35/><U66/><E33/><V75/><F70/><W42/><G42/><T29/><D29/><U92/><E110/><V120/><F75/><W47/><G47/><N who="0" m="27679" /><D133/><N who="3" m="50697" /><G113/><T118/><D118/><U96/><E131/><V116/><F116/><W15/><G80/><N who="0" m="49255" /><D123/><U4/><E66/><V50/><F129/><W13/><G130/><T117/><D117/><U114/><E40/><V32/><F124/><W38/><G38/><T78/><D78/><U105/><E105/><N who="3" m="40554" /><G21/><T132/><D132/><U36/><E36/><V71/><F71/><W54/><G54/><T46/><D46/><U44/><E44/><V30/><F120/><W61/><G61/><T28/><D28/><U63/><E63/><V59/><F31/><W115/><G115/><T107/><D107/><U17/><E114/><V74/><F74/><W67/><G67/><T39/><D39/><U128/><E128/><V37/><F37/><W27/><G27/><N who="0" m="14823" /><D121/><U53/><E53/><V2/><F59/><W64/><G64/><T41/><D41/><U102/><E82/><V55/><F55/><W84/><G84/><T79/><D79/><U122/><E122/><V94/><F32/><W65/><G65/><T49/><D49/><U108/><E85/><V100/><F51/><W62/><G62/><T111/><D111/><U12/><E86/><V58/><F50/><W73/><G73/><T22/><D22/><U57/><E57/><V83/><F58/><W97/><G95/><AGARI ba="2,1" hai="5,7,89,95,99" m="14823,49255,27679" machi="95" ten="30,8000,1" yaku="8,1,52,1,54,3" doraHai="14" who="0" fromWho="3" sc="183,96,407,0,122,0,278,-86" /><INIT seed="4,0,0,2,4,103" ten="279,407,122,192" oya="0" hai0="44,53,130,127,28,18,3,9,20,118,17,31,117" hai1="106,27,65,40,131,0,101,100,49,94,24,115,121" hai2="56,61,105,64,98,70,123,35,80,68,39,66,113" hai3="43,92,58,45,7,135,16,129,41,52,133,89,12"/><T19/><D53/><U25/><E121/><V50/><F123/><W112/><G112/><T11/><D44/><U111/><E111/><V69/><F113/><W102/><G102/><T77/><D77/><U42/><E0/><V91/><F35/><W33/><G33/><T128/><D127/><U110/><E110/><V114/><F114/><W75/><G75/><T71/><D71/><U32/><E32/><V26/><F39/><W60/><G7/><N who="0" m="1279" /><D11/><U36/><E36/><V76/><F26/><W5/><G5/><T88/><D88/><U107/><E65/><V59/><F50/><W4/><G4/><T29/><D20/><U120/><E27/><V67/><F61/><W126/><G129/><AGARI ba="0,0" hai="17,18,19,28,29,31,117,118,128,129,130" m="1279" machi="129" ten="40,7700,0" yaku="19,1,34,2" doraHai="103" who="0" fromWho="3" sc="279,77,407,0,122,0,192,-77" /><INIT seed="4,1,0,2,4,101" ten="356,407,122,115" oya="0" hai0="32,115,7,30,81,121,107,27,16,130,93,20,75" hai1="127,6,125,113,19,74,4,60,66,52,135,71,88" hai2="124,41,21,111,106,110,10,15,131,57,23,56,43" hai3="122,42,112,3,18,114,82,11,25,89,22,76,99"/><T78/><D121/><U46/><E74/><V28/><F10/><W95/><G122/><T80/><D130/><U77/><E77/><V64/><F15/><W53/><G42/><T0/><D115/><U91/><E113/><V26/><F131/><W94/><G94/><T31/><D81/><U58/><E46/><V73/><F64/><W14/><G3/><T65/><D65/><U97/><E19/><V62/><F62/><W12/><G12/><N who="0" m="9223" /><D93/><N who="1" m="56487" /><E91/><V35/><F26/><W123/><G123/><T103/><D103/><U50/><E135/><V100/><F100/><W134/><G134/><T2/><D2/><U120/><E120/><V34/><F28/><W83/><G83/><T8/><D31/><U55/><E55/><V119/><F73/><W39/><G53/><T126/><D126/><AGARI ba="1,0" hai="4,6,50,52,58,60,66,71,125,126,127" m="56487" machi="126" ten="30,3900,0" yaku="18,1,54,2" doraHai="101" who="1" fromWho="0" sc="356,-42,407,42,122,0,115,0" /><INIT seed="5,0,0,3,5,18" ten="314,449,122,115" oya="1" hai0="37,6,107,59,109,133,60,71,70,128,81,92,42" hai1="113,78,2,26,5,67,116,23,52,112,17,39,63" hai2="20,97,8,104,10,89,48,22,123,117,114,15,49" hai3="74,69,24,119,11,61,120,72,28,122,80,99,56"/><U33/><E116/><V34/><F34/><W90/><G69/><T40/><D107/><U45/><E78/><V93/><F123/><W101/><G119/><T132/><D109/><U86/><E86/><V43/><F117/><W46/><G46/><T73/><D128/><U30/><E5/><V106/><F106/><W36/><G36/><T85/><D6/><U65/><E2/><V118/><F118/><W41/><G41/><N who="0" m="15979" /><D92/><U126/><E39/><V32/><F32/><W108/><G108/><T16/><D16/><U27/><E126/><V55/><F104/><W29/><G29/><T53/><D73/><U96/><E96/><V105/><F105/><W121/><G11/><N who="2" m="4137" /><F114/><N who="1" m="44137" /><E63/><V14/><F48/><AGARI ba="0,0" hai="17,23,26,27,30,33,45,48,52,65,67" m="44137" machi="48" ten="30,5800,0" yaku="15,1,52,1,54,1" doraHai="18" who="1" fromWho="2" sc="314,0,449,58,122,-58,115,0" /><INIT seed="5,1,0,5,3,132" ten="314,507,64,115" oya="1" hai0="25,60,49,26,12,73,3,129,58,102,94,47,100" hai1="13,18,53,48,4,31,121,37,21,112,86,32,93" hai2="42,77,40,9,6,111,51,76,45,95,44,27,38" hai3="50,62,75,105,130,57,74,118,30,52,110,16,83"/><U89/><E121/><V109/><F95/><W135/><G110/><T56/><D3/><U80/><E37/><V71/><F71/><W22/><G105/><T104/><D104/><U90/><E4/><V59/><F59/><W46/><G135/><T92/><D73/><U7/><E7/><V15/><F77/><W64/><G130/><T85/><D12/><U123/><E123/><V34/><F34/><W69/><G118/><T120/><D120/><U84/><E112/><V116/><F116/><W72/><G30/><T115/><D115/><U125/><E32/><V99/><F99/><W23/><G23/><T87/><D129/><U65/><E65/><V2/><F27/><W55/><G83/><T79/><D49/><U33/><E33/><V14/><F14/><W106/><G106/><T96/><D47/><U0/><E31/><V19/><REACH who="2" step="1"/><F76/><REACH who="2" ten="314,507,54,115" step="2"/><W91/><G69/><T35/><D79/><U28/><E28/><V114/><F114/><W10/><G91/><T70/><D35/><U43/><E0/><V126/><F126/><W97/><G97/><T24/><D70/><U63/><E125/><V117/><F117/><W107/><G107/><T119/><D119/><U5/><E89/><V133/><F133/><W17/><G64/><N who="0" m="38919" /><D58/><U124/><E124/><V61/><F61/><W66/><G66/><T113/><D113/><U108/><E63/><V78/><F78/><W54/><G62/><T41/><D94/><U131/><E93/><V11/><AGARI ba="1,1" hai="2,6,9,11,15,19,38,40,42,44,45,51,109,111" machi="11" ten="20,2700,0" yaku="1,1,0,1,7,1,53,0" doraHai="132" doraHaiUra="88" who="2" fromWho="2" sc="314,-8,507,-14,54,40,115,-8" /><INIT seed="6,0,0,2,5,3" ten="306,493,94,107" oya="2" hai0="89,76,50,48,54,77,42,11,25,87,103,78,114" hai1="35,0,9,119,5,118,1,93,113,123,43,72,122" hai2="40,125,116,39,102,69,28,133,110,27,94,23,14" hai3="99,47,104,33,46,83,106,79,92,131,34,128,55"/><V112/><F69/><W63/><G63/><T100/><D114/><U22/><E72/><V108/><F116/><W98/><G55/><T134/><D134/><U130/><E113/><V30/><F133/><W74/><G47/><N who="0" m="25719" /><D25/><U62/><E35/><N who="3" m="13322" /><G46/><N who="0" m="27991" /><D11/><U126/><E126/><V129/><F125/><W49/><G49/><T36/><D36/><U10/><E130/><N who="3" m="49706" /><G99/><T52/><D52/><U58/><E43/><V91/><F129/><W53/><G53/><T37/><D37/><U90/><E58/><V109/><F112/><W6/><G6/><T68/><D68/><U41/><E41/><V97/><F40/><W120/><G120/><N who="1" m="46122" /><E62/><V57/><F39/><W59/><G59/><T56/><D56/><U64/><E64/><V85/><F57/><W45/><G45/><T127/><D127/><U24/><E5/><V71/><F71/><W20/><G20/><T29/><D29/><U16/><E9/><V135/><F135/><W61/><G61/><T84/><D84/><N who="1" m="52423" /><E10/><V51/><F51/><W111/><G111/><T32/><D32/><U132/><E132/><V44/><F44/><W75/><G75/><T12/><D12/><U81/><E0/><V38/><F14/><W18/><G18/><T19/><D19/><U124/><E1/><V105/><F38/><W60/><G60/><T7/><D7/><U70/><E70/><V31/><AGARI ba="0,0" hai="23,27,28,30,31,85,91,94,97,102,105,108,109,110" machi="31" ten="40,3900,0" yaku="0,1,10,1" doraHai="3" who="2" fromWho="2" sc="306,-13,493,-13,94,39,107,-13" /><INIT seed="6,1,0,1,4,101" ten="293,480,133,94" oya="2" hai0="95,2,51,27,110,32,34,114,25,92,0,69,107" hai1="75,72,24,127,113,128,74,108,112,88,62,79,44" hai2="19,8,9,124,135,117,66,132,4,121,90,73,63" hai3="61,48,6,42,86,7,115,67,81,64,54,26,118"/><V22/><F73/><W89/><G118/><T43/><D110/><U76/><E108/><V85/><F117/><W82/><G115/><N who="1" m="44106" /><E127/><V103/><F124/><W47/><G67/><T12/><D51/><U56/><E128/><V46/><F46/><W53/><G53/><T83/><D43/><U30/><E44/><V28/><F28/><W1/><G1/><T59/><D59/><U100/><E100/><V99/><F121/><W39/><G26/><T58/><D83/><U133/><E88/><V10/><F4/><W14/><G14/><T105/><D12/><U80/><E133/><V57/><F19/><W120/><G120/><T11/><D11/><U65/><E79/><V130/><F22/><AGARI ba="1,0" hai="22,24,30,56,62,65,72,74,75,76,80" m="44106" machi="22" ten="30,1000,0" yaku="15,1" doraHai="101" who="1" fromWho="2" sc="293,0,480,13,133,-13,94,0" /><INIT seed="7,0,0,1,2,33" ten="293,493,120,94" oya="3" hai0="61,117,58,55,11,50,119,59,44,95,73,93,101" hai1="37,118,51,6,63,94,13,52,113,53,105,102,43" hai2="48,16,81,17,77,127,98,111,60,12,14,42,56" hai3="23,72,120,100,131,123,133,65,83,69,99,82,71"/><W34/><G34/><T4/><D73/><U0/><E105/><V132/><F132/><W121/><G133/><T20/><D59/><U89/><E37/><V116/><F127/><W24/><G131/><T91/><D20/><U47/><E0/><V108/><F116/><W68/><G65/><T62/><D101/><U74/><E74/><V27/><F27/><W66/><G66/><T103/><D103/><U112/><E102/><V22/><F98/><W9/><G9/><T19/><D19/><U87/><E118/><V25/><F25/><W31/><REACH who="3" step="1"/><G72/><REACH who="3" ten="293,493,120,84" step="2"/><T92/><D117/><U54/><E113/><V36/><F111/><W75/><G75/><T110/><D119/><U125/><E112/><V96/><F108/><W35/><G35/><T29/><D110/><U26/><E125/><V21/><F36/><W45/><G45/><T39/><D39/><U18/><E47/><V126/><F126/><W32/><G32/><T97/><D11/><U114/><E114/><V28/><F22/><W15/><G15/><T49/><D44/><U30/><E13/><V124/><F14/><W122/><N who="3" m="30720" /><DORA hai="7" /><W88/><G88/><T57/><D91/><U80/><E89/><V90/><F90/><W106/><AGARI ba="0,1" hai="23,24,31,68,69,71,82,83,99,100,106" m="30720" machi="106" ten="70,12000,1" yaku="1,1,0,1,53,2" doraHai="33,7" doraHaiUra="78,40" who="3" fromWho="3" sc="293,-40,493,-40,120,-40,84,130" /><INIT seed="7,1,0,5,4,87" ten="253,453,80,214" oya="3" hai0="47,36,122,121,23,103,67,57,19,12,69,2,11" hai1="33,50,65,62,77,78,72,24,26,1,89,5,83" hai2="132,80,55,22,96,60,35,105,134,129,119,81,107" hai3="49,41,13,37,131,79,90,10,109,20,135,102,98"/><W93/><G37/><T40/><D69/><U126/><E77/><V94/><F35/><W68/><G68/><T117/><D117/><U118/><E50/><V110/><F22/><W29/><G135/><N who="2" m="51753" /><F55/><W104/><G41/><T106/><D103/><U74/><E89/><N who="2" m="55375" /><F60/><W48/><G29/><T92/><D106/><N who="2" m="40458" /><F119/><W133/><G20/><T84/><D57/><U17/><E83/><V63/><F63/><W73/><G13/><T32/><D67/><U64/><E78/><V114/><F110/><W4/><G10/><T25/><D32/><U97/><E97/><V42/><F42/><W125/><G4/><T66/><D66/><U85/><E85/><V30/><F30/><W39/><G39/><T53/><D53/><U52/><E72/><V115/><F129/><W28/><G28/><T15/><D15/><U7/><E126/><V95/><F95/><W71/><G93/><T130/><D2/><U108/><E7/><V14/><F14/><W58/><G48/><T76/><D130/><U8/><E74/><V86/><F86/><W127/><G49/><T59/><D12/><U91/><E91/><V101/><F101/><W18/><G102/><T123/><D23/><U44/><E108/><V27/><F27/><W56/><G109/><T0/><D25/><U46/><E26/><V43/><F43/><W75/><G133/><T54/><D40/><U70/><E24/><V124/><F124/><W31/><G127/><T9/><D36/><U21/><E118/><V82/><AGARI ba="1,0" hai="80,81,82,114,115" m="40458,55375,51753" machi="82" ten="40,8000,1" yaku="20,1,34,2,52,1" doraHai="87" who="2" fromWho="2" sc="253,-21,453,-21,80,83,214,-41" owari="232,3.0,432,54.0,163,-34.0,173,-23.0" /></mjloggm>