<mjloggm ver="2.3"><GO type="169" lobby="0"/><UN n0="%E5%B0%B1%E6%B4%BB%E7%94%9F%40%E5%B7%9D%E6%9D%91%E8%BB%8D%E5%9B%A3" n1="%E9%A2%A8%E8%B6%8A%E7%94%B7%E5%AD%90" n2="%E6%B0%B4%E6%9C%AC%E3%82%86%E3%81%8B%E3%82%8A" n3="%41%6B%61%2D%75%72%61" dan="17,16,16,16" rate="2198.76,2108.49,2091.89,2090.32" sx="M,M,F,M"/><TAIKYOKU oya="0"/><INIT seed="0,0,0,2,0,97" ten="250,250,250,250" oya="0" hai0="40,95,39,54,84,21,98,85,103,31,15,59,83" hai1="130,42,66,32,118,16,127,35,9,75,114,49,82" hai2="92,67,107,6,108,94,14,10,18,73,19,57,113" hai3="17,119,86,61,111,29,0,60,81,4,87,102,93"/><T126/><D126/><U30/><E127/><V62/><F107/><W70/><G119/><T64/><D64/><U128/><E118/><V120/><F73/><W132/><G132/><T41/><D39/><U43/><E66/><V89/><F113/><W78/><G70/><T52/><D84/><U58/><E114/><V106/><F106/><W91/><G111/><T69/><D69/><U7/><E58/><V129/><F108/><W51/><G29/><T68/><D68/><U28/><E49/><V34/><F34/><W117/><G117/><T135/><D135/><U2/><E82/><V109/><F109/><W74/><G17/><N who="0" m="10431" /><D31/><N who="1" m="11819" /><E42/><N who="0" m="16489" /><D59/><U13/><E43/><V79/><F120/><W125/><G125/><T55/><D55/><U56/><E56/><V5/><F57/><W36/><G36/><T63/><D63/><U22/><E75/><V65/><F62/><W134/><G134/><T27/><D27/><U105/><E105/><V88/><F67/><W115/><G115/><T37/><D37/><U90/><E90/><AGARI ba="0,0" hai="52,54,83,85,90,95,98,103" m="16489,10431" machi="90" ten="30,5800,0" yaku="8,1,52,1,54,1" doraHai="97" who="0" fromWho="1" sc="250,58,250,-58,250,0,250,0" /><INIT seed="0,1,0,0,3,117" ten="308,192,250,250" oya="0" hai0="12,50,31,40,108,65,89,60,41,133,101,116,95" hai1="81,73,97,125,42,18,1,16,32,63,57,110,135" hai2="23,51,61,126,128,24,83,72,71,132,55,85,43" hai3="77,90,54,94,84,14,59,4,93,68,9,129,74"/><T100/><D116/><U96/><E125/><V7/><F72/><W19/><G129/><T5/><D133/><U38/><E135/><V53/><F132/><W122/><G68/><T121/><D31/><U76/><E32/><V87/><F128/><W111/><G111/><T123/><D108/><U3/><E110/><V120/><F126/><W11/><G122/><T112/><D112/><U92/><E97/><V103/><F103/><W30/><G30/><T6/><D12/><U46/><E3/><V64/><F7/><W29/><G29/><T98/><D6/><U21/><E21/><V79/><F87/><W8/><G4/><T106/><D5/><U119/><E1/><V102/><F102/><W104/><G104/><T75/><D75/><U26/><E26/><V22/><F22/><W28/><G28/><T17/><D17/><U36/><E36/><V114/><F114/><W91/><G77/><T58/><D101/><U78/><E78/><V20/><F20/><W35/><G74/><T48/><D48/><U15/><E15/><V82/><F82/><W33/><G33/><T34/><D34/><U27/><E27/><V80/><F80/><W115/><G35/><T25/><D25/><U99/><E119/><V13/><F24/><W69/><G69/><T88/><D89/><U109/><E109/><V45/><F120/><W131/><G131/><T105/><D41/><U66/><E96/><V0/><F0/><W37/><G37/><T52/><D40/><U10/><E10/><V2/><F2/><W86/><G115/><T127/><D127/><U56/><E73/><RYUUKYOKU ba="1,0" sc="308,-15,192,-15,250,15,250,15" hai2="13,23,43,45,51,53,55,61,64,71,79,83,85" hai3="8,9,11,14,19,54,59,84,86,90,91,93,94" /><INIT seed="1,2,0,0,4,5" ten="293,177,265,265" oya="1" hai0="92,55,100,48,37,112,108,61,67,89,16,126,84" hai1="128,98,134,47,18,135,7,60,21,28,27,17,80" hai2="79,129,75,58,73,34,88,0,13,14,106,127,36" hai3="101,51,120,110,68,19,12,103,45,49,57,90,2"/><U31/><E128/><V6/><F34/><W95/><G68/><T69/><D37/><U122/><E122/><V54/><F36/><W52/><G2/><T94/><D112/><U81/><E7/><V22/><F106/><W46/><G110/><T43/><D126/><U39/><E60/><V130/><F127/><W104/><G104/><T96/><D108/><U41/><E98/><V117/><F117/><W40/><G120/><T116/><D43/><U121/><E121/><V1/><F79/><W8/><REACH who="3" step="1"/><G45/><REACH who="3" ten="293,177,265,255" step="2"/><T124/><D124/><U63/><E63/><V85/><F0/><W131/><G131/><T115/><D115/><U71/><E71/><V125/><F125/><W20/><G20/><T44/><D116/><U118/><E118/><V114/><F114/><W35/><G35/><T53/><D44/><U3/><E3/><V33/><F33/><W93/><G93/><T97/><D48/><U78/><E80/><N who="2" m="49191" /><F130/><W70/><G70/><T109/><D109/><U15/><E134/><V111/><F111/><W86/><AGARI ba="2,1" hai="8,12,19,40,46,49,51,52,57,86,90,95,101,103" machi="86" ten="20,12000,2" yaku="1,1,0,1,7,1,8,1,52,1,54,1,53,0" doraHai="5" doraHaiUra="119" who="3" fromWho="3" sc="293,-32,177,-62,265,-32,255,136" /><INIT seed="2,0,0,4,5,72" ten="261,115,233,391" oya="2" hai0="39,36,94,55,130,81,22,103,9,49,88,78,10" hai1="114,40,33,21,0,23,70,30,113,90,124,127,42" hai2="98,38,100,20,128,59,53,29,132,18,48,87,95" hai3="125,96,91,93,4,86,13,133,106,85,24,129,107"/><V7/><F38/><W118/><G118/><T45/><D130/><U61/><E90/><V135/><F128/><W14/><G129/><T51/><D103/><U116/><E61/><V104/><F29/><W3/><G3/><T76/><D36/><U108/><E70/><V120/><F7/><W15/><G125/><N who="1" m="48202" /><E40/><V110/><F120/><W109/><G109/><T75/><D39/><U44/><E44/><V34/><F34/><W26/><G133/><N who="2" m="51273" /><F110/><W121/><G121/><T57/><D22/><N who="1" m="8203" /><E42/><V83/><F104/><W41/><G41/><N who="0" m="24751" /><D75/><U52/><E52/><V122/><F122/><W11/><G107/><T5/><D81/><U47/><E47/><V63/><F63/><W80/><G106/><T50/><D50/><U77/><E77/><N who="0" m="29801" /><D5/><U126/><N who="1" m="48210" /><U73/><DORA hai="65" /><E73/><V123/><F123/><W66/><G66/><T97/><AGARI ba="0,0" hai="9,10,51,55,57,88,94,97" m="29801,24751" machi="97" ten="30,8000,1" yaku="8,1,52,3,54,1" doraHai="72,65" who="0" fromWho="0" sc="261,80,115,-20,233,-40,391,-20" /><INIT seed="3,0,0,4,1,78" ten="341,95,193,371" oya="3" hai0="133,36,115,28,127,20,49,38,62,83,17,84,55" hai1="25,0,42,131,4,21,80,44,34,52,81,63,119" hai2="135,19,39,68,86,58,130,11,77,125,121,103,48" hai3="134,118,111,23,30,117,87,46,79,18,75,6,110"/><W123/><G75/><T51/><D127/><U66/><E34/><V29/><F39/><W72/><G72/><T27/><D133/><U31/><E131/><V74/><F68/><W100/><G123/><T54/><D115/><U64/><E119/><V7/><F130/><W116/><G100/><T106/><D106/><U114/><E114/><V50/><F125/><W10/><G46/><T126/><D126/><U73/><E73/><V67/><F74/><W132/><G30/><T95/><D95/><U69/><E64/><V112/><F112/><W3/><G87/><T105/><D105/><U122/><E122/><V41/><F135/><N who="3" m="51755" /><G79/><T16/><D62/><U98/><E98/><V35/><F35/><W128/><G128/><T45/><D38/><U107/><E107/><V2/><F29/><W91/><G91/><N who="0" m="51615" /><D36/><U22/><E22/><V12/><F103/><W76/><G76/><T53/><D49/><U94/><E94/><V32/><F32/><W97/><G97/><T82/><D82/><U9/><REACH who="1" step="1"/><E42/><AGARI ba="0,0" hai="16,17,20,27,28,42,45,51,53,54,55" m="51615" machi="42" ten="30,3900,0" yaku="8,1,52,1,54,1" doraHai="78" who="0" fromWho="1" sc="341,39,95,-39,193,0,371,0" /><INIT seed="4,0,0,3,0,129" ten="380,56,193,371" oya="0" hai0="99,121,132,108,112,5,51,67,123,105,8,88,21" hai1="91,64,63,0,71,104,117,31,52,127,135,7,120" hai2="28,59,77,43,95,122,45,1,79,35,26,11,17" hai3="124,128,75,76,16,30,14,54,86,118,53,50,96"/><T13/><D112/><U27/><E117/><V97/><F122/><W33/><G118/><T73/><D73/><U38/><E120/><V40/><F59/><W87/><G124/><T69/><D108/><U44/><E127/><V61/><F61/><W32/><G128/><T85/><D132/><U60/><E104/><V18/><F43/><W100/><G75/><T81/><D51/><U39/><E91/><V36/><F18/><W83/><G86/><T111/><D111/><U66/><E7/><V48/><F36/><N who="1" m="13865" /><E27/><V113/><F113/><W89/><G76/><T125/><D125/><U49/><E31/><V62/><F62/><W102/><G53/><T24/><D67/><U2/><E2/><V119/><F119/><W42/><G42/><T65/><D65/><U110/><E0/><V55/><F40/><W12/><G12/><T107/><D69/><N who="1" m="42119" /><E110/><V115/><F115/><W116/><G116/><T98/><D107/><U106/><E106/><V34/><F34/><W80/><G80/><T47/><D99/><U46/><E135/><V84/><F84/><W68/><G30/><T134/><D134/><U19/><E19/><V114/><F114/><W25/><G33/><T78/><D105/><U4/><E4/><N who="2" m="1423" /><F17/><W109/><G109/><T94/><D121/><U93/><E93/><V3/><F3/><W74/><G16/><N who="0" m="12327" /><D123/><U72/><E72/><V23/><F35/><W82/><G32/><T90/><D78/><U15/><E15/><V9/><F9/><W58/><G14/><T37/><D37/><U126/><E126/><V56/><F79/><N who="3" m="46591" /><G74/><T22/><D22/><RYUUKYOKU ba="0,0" sc="380,15,56,15,193,-15,371,-15" hai0="5,8,13,47,81,85,88,90,94,98" hai1="44,46,49,52,63,66,71" /><INIT seed="4,1,0,4,4,53" ten="395,71,178,356" oya="0" hai0="85,2,76,133,26,69,23,122,98,81,130,55,116" hai1="12,9,125,126,109,82,20,107,96,3,79,97,10" hai2="88,74,71,129,44,22,87,115,48,65,31,47,66" hai3="63,117,135,41,29,128,93,95,83,25,124,4,99"/><T21/><D122/><U112/><E109/><V90/><F74/><W58/><G117/><T14/><D116/><U62/><E112/><V94/><F71/><W36/><G124/><T39/><D2/><U75/><E20/><V77/><F129/><W134/><G128/><T131/><D69/><U11/><E3/><V61/><F77/><W100/><G4/><T84/><D39/><U42/><E12/><V73/><F73/><W28/><G83/><T118/><D118/><U111/><E111/><V78/><F78/><W35/><G29/><T91/><D133/><N who="3" m="50697" /><G41/><T102/><D14/><U86/><E42/><V64/><F115/><W60/><G36/><T110/><D55/><U108/><E108/><V16/><F31/><W68/><G68/><T1/><D1/><U17/><E17/><V72/><F72/><W80/><G80/><T5/><D5/><U114/><E114/><V33/><F33/><W106/><G63/><T104/><D110/><U56/><E75/><V24/><F61/><W30/><G30/><T49/><D49/><U121/><E121/><V132/><F132/><W127/><G127/><N who="1" m="48650" /><E107/><V101/><F101/><W19/><G19/><T57/><D23/><U27/><E27/><V7/><F7/><W34/><G34/><T52/><D21/><U105/><E105/><V89/><F47/><W8/><G8/><N who="1" m="2050" /><U38/><DORA hai="6" /><E38/><V50/><F50/><W13/><G13/><T120/><D26/><U70/><E70/><V46/><F46/><W40/><G40/><AGARI ba="1,0" hai="16,22,24,40,44,48,64,65,66,87,88,89,90,94" machi="40" ten="40,5200,0" yaku="8,1,54,2" doraHai="53,6" who="2" fromWho="3" sc="395,0,71,0,178,55,356,-55" /><INIT seed="5,0,0,5,0,117" ten="395,71,233,301" oya="1" hai0="10,31,134,2,26,84,98,63,62,3,52,17,114" hai1="22,93,72,92,55,130,37,74,109,65,85,49,59" hai2="33,81,69,66,132,131,95,45,71,105,94,11,34" hai3="13,91,129,127,126,90,61,80,14,101,48,135,25"/><U88/><E37/><V110/><F105/><W53/><G129/><T44/><D114/><U70/><E130/><V108/><F66/><W75/><G135/><T5/><D134/><U15/><E109/><V107/><F107/><W78/><G101/><T7/><D98/><U21/><E92/><V18/><F81/><W35/><G61/><T32/><D84/><U51/><E51/><V20/><F11/><W115/><G115/><T42/><D17/><U113/><E113/><V128/><F45/><N who="3" m="27791" /><G25/><T4/><D52/><U9/><E21/><V54/><F18/><W56/><G35/><T133/><D133/><U97/><E97/><V28/><F132/><W124/><G56/><T102/><D102/><U73/><E73/><V122/><F54/><W50/><G50/><T121/><D121/><U103/><E103/><V76/><F76/><W36/><G36/><T67/><D3/><U119/><E119/><V99/><F99/><W82/><G82/><T38/><D62/><N who="1" m="40247" /><E9/><V19/><F19/><AGARI ba="0,0" hai="15,19,22,49,55,59,72,74,85,88,93" m="40247" machi="19" ten="30,2900,0" yaku="25,1,54,1" doraHai="117" who="1" fromWho="2" sc="395,0,71,29,233,-29,301,0" /><INIT seed="5,1,0,3,5,125" ten="395,100,204,301" oya="1" hai0="68,22,17,101,49,111,75,74,64,1,132,105,13" hai1="23,98,96,107,103,129,36,20,69,7,127,59,76" hai2="130,70,46,100,128,6,39,121,11,2,90,78,24" hai3="95,77,18,53,32,38,25,91,63,55,15,112,31"/><U73/><E127/><V114/><F70/><W126/><G126/><T43/><D111/><U41/><E69/><V134/><F121/><W52/><G112/><T94/><D1/><U135/><E135/><V54/><F134/><W102/><G102/><T108/><D105/><U44/><E129/><N who="2" m="49771" /><F114/><W27/><G27/><T113/><D113/><U21/><E98/><V86/><F78/><W4/><G4/><T10/><D108/><U45/><E45/><V61/><F100/><W131/><G77/><T71/><D71/><U33/><E33/><V42/><F24/><W116/><G116/><T87/><D132/><U83/><REACH who="1" step="1"/><E7/><REACH who="1" ten="395,90,204,301" step="2"/><V3/><F2/><W119/><G131/><T9/><D68/><U110/><E110/><V120/><F120/><W57/><G119/><T37/><D37/><U89/><E89/><V48/><F90/><W123/><G123/><T133/><D133/><U79/><E79/><V88/><F88/><W66/><G38/><T50/><D101/><U14/><E14/><V106/><F106/><W16/><REACH who="3" step="1"/><G15/><REACH who="3" ten="395,90,204,291" step="2"/><T122/><D13/><U93/><E93/><V51/><F39/><W56/><G56/><AGARI ba="1,2" hai="20,21,23,36,41,44,56,59,73,76,83,96,103,107" machi="56" ten="40,2000,0" yaku="1,1,53,0" doraHai="125" doraHaiUra="81" who="1" fromWho="3" sc="395,0,90,43,204,0,291,-23" /><INIT seed="5,2,0,0,1,93" ten="395,133,204,268" oya="1" hai0="2,125,126,118,84,13,116,98,124,115,119,21,27" hai1="29,99,45,102,105,7,60,70,77,31,5,43,33" hai2="101,32,16,108,117,87,18,1,100,24,106,37,91" hai3="15,128,14,74,35,68,49,97,67,30,26,130,88"/><U114/><E114/><V50/><F37/><W95/><G74/><T51/><D2/><U78/><E31/><V47/><F117/><W69/><G49/><T63/><D115/><U121/><E121/><V34/><F108/><W59/><G59/><T54/><D63/><U56/><E56/><V11/><F1/><W22/><G67/><T89/><D13/><N who="3" m="4617" /><G35/><T39/><D39/><N who="1" m="21759" /><E78/><V8/><F32/><W55/><G55/><T44/><D98/><U131/><E77/><V132/><F132/><W10/><G10/><N who="2" m="3625" /><F34/><W58/><G58/><T129/><D129/><AGARI ba="2,0" hai="22,26,30,68,69,88,95,97,128,129,130" m="4617" machi="129" ten="30,3900,0" yaku="19,1,52,1,54,1" doraHai="93" who="3" fromWho="0" sc="395,-45,133,0,204,0,268,45" /><INIT seed="6,0,0,5,2,41" ten="350,133,204,313" oya="2" hai0="95,46,17,85,54,43,47,107,116,91,33,126,123" hai1="94,65,29,105,10,132,48,93,102,2,6,76,18" hai2="32,75,71,8,5,82,103,79,58,67,135,131,133" hai3="104,4,120,62,122,55,11,50,118,101,3,13,109"/><V70/><F32/><W128/><G109/><T38/><D123/><U124/><E132/><N who="2" m="50763" /><F103/><W66/><G118/><T96/><D33/><U44/><E124/><V9/><F131/><W37/><G37/><T97/><D116/><U72/><E65/><V119/><F119/><W129/><G3/><T117/><D117/><U78/><E29/><V77/><F77/><W34/><G34/><T40/><D126/><U89/><E18/><V88/><F88/><W52/><G104/><T98/><D54/><N who="3" m="20521" /><G101/><T134/><D134/><U51/><E78/><V92/><F92/><W99/><G99/><T100/><D17/><U19/><E19/><V14/><F8/><W27/><G27/><T106/><D106/><U23/><E23/><V83/><F83/><W15/><G15/><T31/><D31/><U84/><E94/><V110/><F110/><W45/><G62/><AGARI ba="0,0" hai="5,9,14,58,62,67,70,71,75,79,82" m="50763" machi="62" ten="30,1500,0" yaku="20,1" doraHai="41" who="2" fromWho="3" sc="350,0,133,0,204,15,313,-15" /><INIT seed="6,1,0,0,0,25" ten="350,133,219,298" oya="2" hai0="56,118,46,63,26,53,29,65,21,135,109,96,105" hai1="52,112,93,74,61,50,88,85,102,134,37,72,41" hai2="115,17,126,58,38,9,123,13,111,18,127,70,0" hai3="84,90,42,2,64,101,129,5,66,31,12,117,11"/><V122/><F38/><W110/><G110/><T68/><D109/><U55/><E134/><V99/><F70/><W62/><G117/><T69/><D135/><U23/><E112/><V33/><F111/><W113/><G113/><T15/><D118/><U114/><E114/><V131/><F115/><W8/><G129/><T76/><D76/><U1/><E1/><V44/><F44/><W77/><G77/><T59/><D46/><U107/><E37/><V16/><F58/><W87/><G42/><T120/><D120/><N who="2" m="46122" /><F99/><W20/><G101/><T82/><D82/><U71/><E41/><V97/><F97/><W95/><G87/><T57/><D15/><U48/><E102/><V14/><F131/><W51/><G51/><T130/><D130/><U22/><E107/><V106/><F106/><W78/><G78/><T116/><D116/><U35/><E35/><V6/><F33/><W4/><REACH who="3" step="1"/><G62/><REACH who="3" ten="350,133,219,288" step="2"/><T80/><D80/><U36/><E36/><V128/><F128/><W73/><G73/><T91/><D91/><U79/><E79/><V133/><F133/><W49/><G49/><T45/><D96/><U3/><E72/><V83/><F83/><W40/><G40/><T67/><D105/><U43/><E43/><V100/><F100/><W60/><G60/><T27/><D63/><U10/><E74/><V98/><F98/><W32/><G32/><T30/><D45/><N who="1" m="28111" /><E48/><V125/><AGARI ba="1,1" hai="0,6,9,13,14,16,17,18,125,126,127" m="46122" machi="125" ten="40,12000,1" yaku="18,1,34,2,54,1" doraHai="25" who="2" fromWho="2" sc="350,-41,133,-41,219,133,288,-41" /><INIT seed="6,2,0,2,2,37" ten="309,92,352,247" oya="2" hai0="89,19,45,110,60,111,3,77,98,14,22,63,71" hai1="105,15,46,0,32,116,82,50,127,18,94,95,74" hai2="84,67,128,96,91,66,119,33,97,122,102,135,26" hai3="21,5,13,80,42,1,100,109,40,78,120,118,103"/><V23/><F33/><W38/><G118/><T87/><D3/><U48/><E116/><V69/><F122/><W131/><G120/><T25/><D77/><U4/><E105/><V112/><F69/><W2/><G109/><T29/><D98/><U76/><E32/><V54/><F128/><W55/><G131/><T35/><D45/><U126/><E48/><V90/><F135/><W104/><G104/><T68/><D68/><U58/><E58/><V6/><F112/><W44/><G2/><T20/><D35/><U17/><E17/><V9/><F90/><W16/><G55/><T86/><D86/><U124/><E4/><V39/><F39/><W52/><G42/><T101/><D101/><U36/><E0/><V114/><F114/><W62/><G62/><T12/><D12/><U129/><E36/><V28/><F54/><W8/><G52/><T53/><D63/><U49/><E129/><V30/><F30/><W88/><G88/><T134/><D134/><U61/><E61/><V24/><F24/><W51/><G51/><T106/><D106/><U123/><E123/><V133/><F133/><W99/><G99/><T130/><D130/><U65/><E65/><N who="2" m="24587" /><F102/><W27/><G27/><T72/><D72/><AGARI ba="2,0" hai="1,5,8,13,16,21,38,40,44,72,78,80,100,103" machi="72" ten="30,8000,1" yaku="7,1,25,2,52,1,54,1" doraHai="37" who="3" fromWho="0" sc="309,-86,92,0,352,0,247,86" /><INIT seed="7,0,0,1,1,9" ten="223,92,352,333" oya="3" hai0="11,95,75,68,54,55,93,28,78,21,1,65,101" hai1="87,13,31,26,22,115,105,130,45,35,73,34,124" hai2="120,20,132,135,57,125,110,134,66,50,39,71,91" hai3="122,83,119,10,36,51,38,74,121,128,8,27,14"/><W88/><G119/><T67/><D75/><U81/><E73/><V3/><F39/><W46/><G128/><T56/><D68/><U133/><E105/><V92/><F3/><W99/><G8/><T2/><D2/><U48/><E130/><V37/><F37/><N who="3" m="14443" /><G27/><N who="0" m="16495" /><D1/><U19/><E124/><V97/><F125/><W94/><G74/><T18/><D78/><U0/><E133/><V4/><F4/><W77/><G77/><T109/><D109/><U63/><E63/><N who="2" m="40415" /><F110/><W114/><G94/><N who="0" m="35851" /><D101/><U82/><E115/><V86/><F120/><W15/><G99/><T5/><D5/><U76/><E0/><V60/><F97/><W126/><G114/><T41/><D41/><U61/><E61/><V72/><F72/><W25/><G126/><T104/><D104/><U80/><E35/><V32/><F32/><W106/><G106/><T24/><D55/><U6/><E6/><V44/><F20/><W33/><G25/><T7/><D7/><U42/><REACH who="1" step="1"/><E34/><REACH who="1" ten="223,82,352,333" step="2"/><V84/><F135/><W131/><G33/><T79/><D67/><U113/><E113/><V116/><F134/><W49/><G131/><T16/><D65/><U90/><E90/><V108/><F132/><W64/><G64/><T40/><D79/><U98/><E98/><N who="2" m="57631" /><F108/><W117/><G117/><T107/><D107/><U96/><E96/><V30/><F116/><W17/><G51/><T112/><D112/><U29/><E29/><V85/><F30/><W118/><G118/><T62/><D62/><U123/><E123/><V12/><F60/><W47/><G49/><T102/><D102/><U70/><E70/><RYUUKYOKU ba="0,1" sc="223,-10,82,30,352,-10,333,-10" hai1="13,19,22,26,31,42,45,48,76,80,81,82,87" owari="213,-19.0,112,-39.0,352,46.0,323,12.0" /></mjloggm>