<mjloggm ver="2.3"><GO type="169" lobby="0"/><UN n0="%E7%AB%8B%E8%8F%AF%E5%A5%8F" n1="%E3%82%82%E3%82%84%E3%81%97%E3%82%82%E3%82%93" n2="%68%61%7A%75%6B%69%38%39" n3="%E3%82%A6%E3%83%AB%E3%83%88%E3%83%A9%E7%AB%8B%E7%9B%B4" dan="17,16,16,17" rate="2212.66,2122.04,2093.65,2145.86" sx="F,F,M,M"/><TAIKYOKU oya="0"/><INIT seed="0,0,0,3,0,48" ten="250,250,250,250" oya="0" hai0="109,95,68,13,28,51,31,27,81,19,6,42,2" hai1="50,132,112,126,12,66,99,83,130,98,97,64,20" hai2="49,108,129,3,24,26,135,11,87,91,53,18,39" hai3="37,78,93,14,38,104,4,40,110,69,21,131,1"/><T96/><D68/><U9/><E126/><V33/><F39/><W65/><G104/><T133/><D133/><U62/><E132/><V54/><F135/><W44/><G110/><T60/><D109/><U30/><E130/><V101/><F101/><W36/><G131/><T116/><D116/><U56/><E112/><V118/><F118/><W16/><G69/><T71/><D81/><U29/><E64/><V117/><F129/><W111/><G111/><T94/><D2/><U128/><E128/><V76/><F76/><W43/><G65/><T88/><D6/><U82/><E50/><V105/><F105/><W58/><G43/><T80/><D80/><N who="1" m="30763" /><E20/><V23/><F108/><W22/><G78/><T17/><D71/><U61/><E62/><V119/><F119/><W32/><G32/><T124/><D60/><U127/><E127/><V86/><F26/><W106/><G106/><T75/><D75/><U72/><E72/><V115/><F33/><W121/><G121/><T74/><D74/><U41/><E41/><V45/><F115/><W77/><G77/><T84/><D124/><U25/><E25/><V123/><F123/><W102/><G22/><N who="0" m="13775" /><D42/><U5/><AGARI ba="0,0" hai="5,9,12,29,30,56,61,66,97,98,99" m="30763" machi="5" ten="30,1100,0" yaku="8,1" doraHai="48" who="1" fromWho="1" sc="250,-5,250,11,250,-3,250,-3" /><INIT seed="1,0,0,5,5,13" ten="245,261,247,247" oya="1" hai0="78,123,98,49,132,105,50,101,129,38,110,47,3" hai1="67,112,32,126,59,43,127,9,76,73,131,11,133" hai2="31,19,121,54,40,106,28,21,35,113,65,91,61" hai3="88,82,18,87,74,104,1,15,42,103,130,79,22"/><U86/><E112/><V63/><F106/><W6/><G130/><T62/><D110/><U30/><E73/><V114/><F35/><W10/><G104/><T33/><D129/><U44/><E131/><V118/><F40/><W0/><G103/><T23/><D33/><U60/><E133/><V46/><F118/><W68/><G68/><T135/><D3/><U124/><E32/><V125/><F125/><W4/><G42/><T20/><D123/><U57/><E30/><V5/><F5/><W37/><G37/><T85/><D38/><U29/><E29/><V100/><F100/><W2/><REACH who="3" step="1"/><G6/><REACH who="3" ten="245,261,247,237" step="2"/><T83/><D135/><U117/><E117/><V52/><F114/><W84/><G84/><T89/><D132/><U115/><E115/><V109/><F113/><W94/><AGARI ba="0,1" hai="0,1,2,4,10,15,18,22,74,79,82,87,88,94" machi="94" ten="20,8000,1" yaku="1,1,0,1,7,1,52,1,54,1,53,0" doraHai="13" doraHaiUra="25" who="3" fromWho="3" sc="245,-20,261,-40,247,-20,237,90" /><INIT seed="2,0,0,1,2,23" ten="225,221,227,327" oya="2" hai0="26,106,77,89,79,3,8,114,73,53,122,78,93" hai1="30,47,81,113,60,102,104,63,45,67,123,96,117" hai2="44,7,27,10,110,116,111,32,66,134,95,29,25" hai3="16,37,127,65,107,101,14,58,51,21,6,133,22"/><V50/><F116/><W36/><G127/><T94/><D114/><U62/><E113/><V128/><F66/><W1/><G133/><T105/><D122/><U74/><E117/><V132/><F95/><W5/><G1/><T100/><D53/><U129/><E123/><V33/><F128/><W20/><G37/><T13/><D3/><U119/><E119/><V59/><F59/><W98/><G36/><T9/><D9/><U68/><E129/><V87/><F87/><W86/><G22/><T11/><D11/><U76/><E63/><V88/><F88/><W72/><G72/><T121/><D121/><U17/><E17/><V130/><F130/><W99/><G99/><T70/><D70/><U103/><E103/><V41/><F32/><W28/><G86/><T75/><D13/><U61/><E62/><V69/><F69/><W56/><G56/><T40/><D8/><U43/><E61/><V48/><F48/><W120/><G120/><T85/><D40/><U125/><E125/><V112/><F27/><W57/><G57/><T97/><D26/><U124/><E124/><V46/><F46/><W82/><G82/><T118/><D118/><U90/><E43/><V49/><F50/><W71/><G71/><T4/><D4/><U2/><E2/><N who="2" m="375" /><F112/><W64/><G64/><T92/><D106/><U131/><E131/><V18/><F18/><W38/><G38/><T109/><D109/><AGARI ba="0,0" hai="25,29,33,41,44,49,109,110,111,132,134" m="375" machi="109" ten="30,5800,0" yaku="14,1,10,1,52,1" doraHai="23" who="2" fromWho="0" sc="225,-58,221,0,227,58,327,0" /><INIT seed="2,1,0,3,2,122" ten="167,221,285,327" oya="2" hai0="69,13,19,15,76,128,115,51,116,124,68,123,56" hai1="5,2,48,70,65,6,85,107,129,132,64,84,67" hai2="95,72,90,92,4,22,80,108,83,100,42,26,17" hai3="109,20,44,111,127,46,47,45,33,25,23,53,24"/><V101/><F42/><W114/><G33/><T66/><D123/><U135/><E129/><V31/><F4/><N who="1" m="1641" /><E2/><V12/><F95/><W21/><G127/><T106/><D106/><U34/><E34/><V18/><F18/><W32/><G114/><T126/><D128/><U93/><E107/><V43/><F43/><W81/><G81/><T110/><D115/><U39/><E39/><V75/><F75/><W121/><G121/><T94/><D116/><U29/><E29/><V97/><F108/><N who="3" m="41547" /><G32/><T104/><D104/><U134/><E70/><V9/><REACH who="2" step="1"/><F72/><REACH who="2" ten="167,221,275,327" step="2"/><W131/><G131/><T63/><D110/><U36/><E93/><V11/><F11/><W10/><G10/><T98/><D94/><U54/><E36/><V57/><F57/><AGARI ba="1,1" hai="48,54,57,64,65,67,84,85,132,134,135" m="1641" machi="57" ten="40,1300,0" yaku="20,1" doraHai="122" who="1" fromWho="2" sc="167,0,221,26,275,-16,327,0" /><INIT seed="3,0,0,2,3,2" ten="167,247,259,327" oya="3" hai0="48,29,90,55,102,133,9,132,60,131,1,135,99" hai1="115,61,98,10,105,22,87,109,8,38,47,75,110" hai2="96,5,56,86,33,120,126,97,25,30,37,35,72" hai3="0,57,52,83,15,45,42,20,112,59,3,41,79"/><W17/><G112/><T24/><D60/><U88/><E75/><V44/><F72/><W13/><G57/><T100/><D131/><U74/><E74/><V21/><F120/><W91/><G91/><T31/><D90/><U58/><E115/><V125/><F86/><W51/><G42/><T76/><D76/><U19/><E38/><V66/><F44/><W108/><G108/><N who="1" m="41578" /><E47/><V80/><F80/><W85/><REACH who="3" step="1"/><G15/><REACH who="3" ten="167,247,259,317" step="2"/><T7/><D24/><U70/><E88/><V104/><F56/><W12/><G12/><T50/><D50/><AGARI ba="0,1" hai="0,3,13,17,20,41,45,50,51,52,59,79,83,85" machi="50" ten="30,5800,0" yaku="1,1,7,1,54,1,53,0" doraHai="2" doraHaiUra="65" who="3" fromWho="0" sc="167,-58,247,0,259,0,317,68" /><INIT seed="3,1,0,0,3,121" ten="109,247,259,385" oya="3" hai0="89,43,9,111,103,42,98,19,46,6,110,82,5" hai1="25,56,129,40,114,57,102,104,119,17,125,63,2" hai2="69,123,59,120,54,16,33,134,87,86,95,108,0" hai3="83,62,52,105,7,47,51,73,36,78,39,37,100"/><W88/><G7/><T77/><D89/><U64/><E2/><V45/><F69/><W71/><G105/><T49/><D19/><U122/><E122/><N who="2" m="46635" /><F33/><W4/><G100/><T27/><D27/><U29/><E114/><V113/><F113/><W130/><G130/><T90/><D90/><U117/><E129/><V94/><F0/><W38/><G38/><T127/><D127/><U72/><E125/><V20/><F45/><W92/><G4/><T112/><D112/><U74/><E17/><V28/><F28/><W24/><G24/><T50/><D50/><U30/><E40/><V58/><F134/><W18/><G18/><T55/><D55/><U84/><E84/><N who="2" m="32299" /><F108/><N who="0" m="41514" /><D42/><U118/><E57/><N who="2" m="21515" /><F54/><W31/><G31/><N who="1" m="11786" /><E25/><AGARI ba="1,0" hai="16,20,25,94,95" m="21515,32299,46635" machi="25" ten="30,2000,0" yaku="13,1,54,1" doraHai="121" who="2" fromWho="1" sc="109,0,247,-23,259,23,385,0" /><INIT seed="4,0,0,3,4,25" ten="109,224,282,385" oya="0" hai0="11,43,102,131,89,26,103,20,45,41,51,39,120" hai1="133,21,32,22,96,55,38,12,63,42,74,82,115" hai2="106,112,117,15,104,48,94,4,2,13,95,31,134" hai3="70,110,67,10,3,28,119,123,92,108,35,36,54"/><T101/><D131/><U107/><E32/><V98/><F134/><W97/><G36/><T58/><D120/><U64/><E133/><V69/><F69/><W91/><G119/><T30/><D11/><U105/><E55/><V24/><F112/><W34/><G123/><T1/><D1/><U93/><E115/><V6/><F48/><W62/><G54/><T130/><D130/><U80/><E42/><V0/><F98/><W76/><G76/><T86/><D58/><U100/><E38/><V57/><F24/><W7/><REACH who="3" step="1"/><G28/><REACH who="3" ten="109,224,282,375" step="2"/><T126/><D126/><U128/><E128/><V65/><F65/><W118/><G118/><T125/><D125/><U79/><E64/><V18/><F117/><W66/><G66/><T111/><D111/><AGARI ba="0,1" hai="3,7,10,34,35,62,67,70,91,92,97,108,110,111" machi="111" ten="40,1300,0" yaku="1,1,53,0" doraHai="25" doraHaiUra="14" who="3" fromWho="0" sc="109,-13,224,0,282,0,375,23" /><INIT seed="5,0,0,0,1,32" ten="96,224,282,398" oya="1" hai0="44,54,9,16,111,37,88,69,103,2,0,94,106" hai1="25,47,113,99,22,114,71,3,131,41,101,50,58" hai2="59,68,123,70,128,83,84,104,86,132,129,62,102" hai3="127,108,74,85,63,10,60,73,116,96,72,125,61"/><U57/><E71/><V118/><F118/><W76/><G108/><T8/><D111/><U52/><E131/><V27/><F123/><W5/><G96/><T121/><D69/><U28/><E3/><V119/><F119/><W13/><G116/><T109/><D109/><U65/><E65/><V66/><F132/><W14/><G14/><T82/><D121/><U112/><REACH who="1" step="1"/><E41/><REACH who="1" ten="96,214,282,398" step="2"/><V20/><F68/><W91/><REACH who="3" step="1"/><G76/><REACH who="3" ten="96,214,282,388" step="2"/><T130/><D130/><U35/><E35/><V40/><F129/><W93/><AGARI ba="0,2" hai="5,10,13,60,61,63,72,73,74,85,91,93,125,127" machi="93" ten="40,5200,0" yaku="1,1,2,1,0,1,53,0" doraHai="32" doraHaiUra="24" who="3" fromWho="3" sc="96,-13,214,-26,282,-13,388,72" /><INIT seed="6,0,0,1,0,67" ten="83,188,269,460" oya="2" hai0="85,127,83,16,86,77,90,25,65,28,62,60,71" hai1="131,48,128,42,22,94,3,99,92,80,91,104,78" hai2="122,44,84,118,95,43,105,116,111,100,31,38,109" hai3="6,58,55,15,11,23,7,76,50,17,34,5,110"/><V9/><F31/><W21/><G34/><T98/><D127/><U133/><E3/><V8/><F105/><W36/><G36/><T68/><D98/><N who="1" m="57631" /><E22/><V102/><F122/><W82/><REACH who="3" step="1"/><G110/><REACH who="3" ten="83,188,269,450" step="2"/><N who="2" m="41993" /><F116/><W19/><G19/><T81/><D16/><U79/><E128/><V24/><F118/><W0/><G0/><T2/><D2/><U124/><E131/><V126/><F126/><W41/><G41/><T103/><D103/><N who="2" m="39466" /><F24/><W129/><G129/><T51/><D51/><U33/><E48/><V73/><F73/><AGARI ba="0,1" hai="5,6,7,11,15,17,21,23,50,55,58,73,76,82" machi="73" ten="40,2600,0" yaku="1,1,53,1" doraHai="67" doraHaiUra="12" who="3" fromWho="2" sc="83,0,188,0,269,-26,450,36" /><INIT seed="7,0,0,1,2,12" ten="83,188,243,486" oya="3" hai0="50,105,14,127,38,40,42,18,131,3,23,26,95" hai1="92,86,70,37,11,99,44,78,33,35,79,121,97" hai2="112,119,32,116,22,59,53,108,25,83,82,58,36" hai3="56,8,6,113,29,64,126,52,88,41,118,90,129"/><W57/><G126/><T54/><D105/><U24/><E70/><V134/><F32/><W114/><G41/><T133/><D3/><U31/><E35/><V30/><F108/><W125/><G29/><T7/><D127/><U21/><E33/><V4/><F36/><W87/><G129/><T48/><D131/><U72/><E121/><V46/><F4/><W130/><G130/><T45/><D133/><U20/><E72/><V66/><F134/><W61/><G118/><T47/><D38/><U10/><E37/><V69/><F69/><W81/><G125/><T85/><D54/><U74/><E74/><V19/><F30/><W43/><G43/><T17/><D7/><U67/><E67/><V5/><F5/><W15/><G90/><T0/><D0/><U65/><E65/><V75/><F46/><W103/><G103/><T107/><D107/><U13/><E44/><V109/><F109/><W110/><G110/><T135/><D135/><U123/><E123/><V62/><F75/><W51/><AGARI ba="0,0" hai="6,8,15,51,52,56,57,61,64,81,87,88,113,114" machi="51" ten="30,6000,0" yaku="0,1,54,2" doraHai="12" who="3" fromWho="3" sc="83,-20,188,-20,243,-20,486,60" owari="63,-44.0,168,-23.0,223,2.0,546,65.0" /></mjloggm>