<mjloggm ver="2.3"><GO type="41" lobby="0"/><UN n0="%E3%82%A6%E3%82%A7%E3%83%AB" n1="%E9%9B%B2%E9%9B%80%E3%81%AE%E5%9B%80%E3%82%8A" n2="%61%73%37%73%68%65%76%61" n3="%E5%B0%B1%E6%B4%BB%E7%94%9F%40%E5%B7%9D%E6%9D%91%E8%BB%8D%E5%9B%A3" dan="16,15,14,18" rate="2060.28,2030.25,1907.36,2288.94" sx="M,M,M,M"/><TAIKYOKU oya="0"/><INIT seed="0,0,0,4,5,133" ten="250,250,250,250" oya="0" hai0="2,26,132,109,118,25,72,62,30,88,90,87,94" hai1="28,65,76,85,64,68,92,114,56,83,61,73,101" hai2="47,45,122,106,128,99,7,20,124,127,42,108,112" hai3="6,53,8,130,5,134,75,29,60,37,84,39,49"/><T54/><D118/><U34/><E114/><V91/><F122/><W40/><G75/><T10/><D132/><U27/><E65/><V66/><F112/><W121/><G134/><T93/><D72/><U77/><E77/><V129/><F108/><W67/><G40/><T3/><D25/><U17/><E17/><V78/><F78/><W131/><G29/><T97/><D109/><U36/><E36/><N who="3" m="13898" /><G8/><T105/><D105/><U58/><E73/><V113/><F113/><W110/><G84/><T32/><D54/><U44/><E44/><N who="2" m="16971" /><F42/><W111/><G6/><T100/><D90/><U46/><E46/><V116/><F116/><W41/><G5/><T89/><D89/><U107/><REACH who="1" step="1"/><E92/><REACH who="1" ten="250,240,250,250" step="2"/><N who="2" m="56735" /><F106/><W80/><G121/><T120/><D120/><U12/><E12/><V0/><F66/><W18/><G110/><T117/><D117/><U38/><E38/><V102/><F102/><W35/><G111/><T33/><D10/><U48/><E48/><V126/><F20/><W22/><G49/><T81/><D33/><U24/><E24/><V115/><F115/><W95/><G35/><T19/><D19/><U1/><E1/><V96/><F96/><AGARI ba="0,1" hai="27,28,34,56,58,61,64,68,76,83,85,96,101,107" machi="96" ten="40,5200,0" yaku="1,1,25,2,53,0" doraHai="133" doraHaiUra="9" who="1" fromWho="2" sc="250,0,240,62,250,-52,250,0" /><INIT seed="1,0,0,5,0,116" ten="250,302,198,250" oya="1" hai0="91,18,100,55,135,74,132,31,36,64,66,73,82" hai1="113,78,97,128,59,110,76,16,29,93,30,75,90" hai2="12,38,101,17,80,9,52,19,54,77,107,11,28" hai3="33,103,51,86,22,3,46,121,130,61,114,6,88"/><U65/><E113/><V104/><F38/><W0/><G33/><T81/><D18/><U109/><E128/><V106/><F101/><W120/><G114/><T115/><D55/><U118/><E118/><V10/><F28/><W79/><G79/><T42/><D91/><U50/><E30/><V25/><F25/><W2/><G103/><T72/><D115/><U95/><E29/><V124/><F124/><W23/><G6/><T85/><D85/><U15/><E75/><V96/><F96/><W131/><G61/><T34/><D100/><U27/><E93/><V49/><F12/><W71/><G71/><T68/><D42/><U5/><E5/><V26/><F26/><W83/><G23/><T20/><D20/><N who="1" m="11295" /><E27/><V119/><F119/><W108/><G108/><N who="1" m="41578" /><E65/><V45/><REACH who="2" step="1"/><F54/><AGARI ba="0,0" hai="50,54,59,76,78,90,95,97" m="41578,11295" machi="54" ten="30,5800,0" yaku="14,1,10,1,54,1" doraHai="116" who="1" fromWho="2" sc="250,0,302,58,198,-58,250,0" /><INIT seed="1,1,0,5,2,30" ten="250,360,140,250" oya="1" hai0="135,73,56,12,21,19,43,120,63,53,6,45,46" hai1="109,134,25,48,17,11,99,1,51,69,98,47,35" hai2="127,13,7,119,50,129,76,115,28,88,78,90,106" hai3="65,58,130,104,91,68,131,75,55,108,116,66,14"/><U93/><E69/><V64/><F106/><W101/><G75/><T52/><D73/><U110/><E134/><V42/><F119/><W126/><G116/><T0/><D135/><U121/><E121/><V112/><F64/><W113/><G113/><N who="2" m="43593" /><F28/><W81/><G14/><T9/><D120/><U71/><E71/><V62/><F129/><N who="3" m="49163" /><G68/><T60/><REACH who="0" step="1"/><D43/><REACH who="0" ten="240,360,140,250" step="2"/><N who="1" m="24703" /><E109/><V77/><F127/><W49/><G108/><T92/><D92/><U18/><E110/><V22/><F62/><W36/><G126/><T111/><D111/><U103/><E93/><V84/><F84/><N who="3" m="50575" /><G36/><T124/><D124/><U57/><E51/><V10/><F22/><W5/><G5/><T4/><D4/><U132/><E132/><V85/><F85/><W54/><G54/><T114/><D114/><U100/><E99/><AGARI ba="1,1" hai="49,55,58,65,66,99,101,104" m="50575,49163" machi="99" ten="30,1000,0" yaku="19,1" doraHai="30" who="3" fromWho="1" sc="240,0,360,-13,140,0,250,23" /><INIT seed="2,0,0,0,0,14" ten="240,347,140,273" oya="2" hai0="81,128,46,6,71,28,27,61,5,35,99,4,9" hai1="7,31,115,124,113,79,108,101,111,129,112,96,53" hai2="58,92,37,70,12,110,49,20,30,0,134,69,91" hai3="114,74,59,60,3,41,118,10,107,22,67,29,33"/><V77/><F37/><W45/><G118/><T39/><D128/><U65/><E129/><V83/><F0/><W11/><G107/><T132/><D132/><U131/><E131/><V13/><F134/><W73/><G33/><T76/><D39/><U34/><E7/><V95/><F110/><N who="1" m="42025" /><E79/><V93/><F91/><W32/><G32/><T105/><D46/><U8/><E8/><V119/><F119/><W64/><G114/><T16/><D99/><U133/><E133/><V100/><F100/><W26/><G67/><T86/><D105/><N who="1" m="63655" /><E65/><V18/><F30/><W116/><G116/><T120/><D120/><U44/><E53/><N who="2" m="32047" /><F69/><W90/><G90/><T48/><D48/><U55/><E55/><V89/><F70/><W51/><G3/><T121/><D121/><U63/><E63/><V80/><F77/><W130/><G130/><T135/><D135/><U54/><E54/><V25/><F89/><W36/><G36/><T88/><D76/><U17/><E44/><V23/><F23/><W122/><G122/><T52/><D52/><U15/><E31/><V109/><F109/><W84/><G84/><T1/><D1/><U126/><E34/><V125/><F125/><N who="1" m="48233" /><E15/><AGARI ba="0,0" hai="12,13,15,18,20,25,80,83,92,93,95" m="32047" machi="15" ten="30,2900,0" yaku="8,1,52,1" doraHai="14" who="2" fromWho="1" sc="240,0,347,-29,140,29,273,0" /><INIT seed="2,1,0,3,1,31" ten="240,318,169,273" oya="2" hai0="46,58,73,89,13,64,66,95,37,10,24,25,43" hai1="83,53,114,125,88,23,121,110,101,9,86,52,48" hai2="115,67,2,28,45,75,90,122,0,126,105,129,54" hai3="70,74,20,57,124,12,77,127,108,22,29,130,107"/><V106/><F122/><W71/><G107/><T47/><D73/><U109/><E121/><V113/><F75/><W133/><G108/><T69/><D47/><U68/><E68/><V80/><F115/><W8/><G130/><T7/><D69/><U131/><E114/><V33/><F113/><W6/><G133/><T4/><D4/><U100/><E131/><V128/><F128/><W44/><G44/><T65/><REACH who="0" step="1"/><D58/><REACH who="0" ten="230,318,169,273" step="2"/><N who="1" m="33031" /><E109/><V103/><F129/><W123/><G123/><T5/><D5/><U112/><E110/><V78/><F126/><W55/><G71/><T51/><D51/><U102/><E125/><V84/><F0/><W17/><G70/><T15/><D15/><U91/><E112/><V14/><F2/><W3/><G74/><T41/><D41/><U87/><E53/><V61/><F14/><W59/><G127/><T81/><D81/><N who="1" m="49231" /><E23/><V35/><F80/><W111/><G22/><T21/><D21/><U99/><E9/><V62/><F33/><W79/><G124/><T117/><D117/><U36/><E36/><V104/><F35/><W96/><G111/><T76/><D76/><U134/><E134/><V63/><F78/><W93/><G77/><T34/><D34/><U118/><E118/><V72/><F72/><W60/><G79/><T40/><D40/><U30/><E30/><V97/><F63/><W11/><G29/><T39/><D39/><U27/><E27/><V135/><F62/><W49/><G20/><T85/><AGARI ba="1,1" hai="7,10,13,24,25,37,43,46,64,65,66,85,89,95" machi="85" ten="30,2000,0" yaku="1,1,0,1,53,0" doraHai="31" doraHaiUra="98" who="0" fromWho="0" sc="230,33,318,-6,169,-11,273,-6" /><INIT seed="3,0,0,0,3,22" ten="263,312,158,267" oya="3" hai0="6,78,40,117,128,123,23,103,120,95,2,39,76" hai1="111,49,55,61,104,38,101,8,73,125,99,20,121" hai2="70,67,11,50,19,85,122,94,31,88,72,5,9" hai3="124,107,89,15,81,42,135,92,83,134,68,58,16"/><W106/><G68/><T51/><D117/><U131/><E38/><V46/><F72/><W127/><G42/><T113/><D23/><U69/><E73/><V35/><F122/><W98/><G58/><T112/><D51/><U100/><E121/><V105/><F105/><N who="3" m="39947" /><G15/><T86/><D86/><U82/><E101/><V130/><F130/><W30/><G30/><T115/><D95/><U79/><E69/><V80/><F11/><W64/><G64/><T53/><D53/><U108/><E8/><V119/><F119/><W28/><G16/><T132/><D103/><U97/><E97/><V57/><F70/><W17/><G17/><T118/><D128/><U13/><E131/><V84/><F19/><W25/><G25/><T93/><D118/><U45/><E13/><V54/><F35/><W44/><G44/><T133/><D6/><U29/><E61/><N who="2" m="38319" /><F31/><W3/><G3/><T43/><D2/><U126/><E29/><V33/><F33/><W65/><G65/><T90/><D120/><U71/><E71/><V12/><F80/><N who="3" m="30795" /><G28/><T34/><D34/><U1/><E1/><V110/><F110/><N who="1" m="42025" /><E20/><V10/><F10/><W14/><G14/><T116/><D116/><U7/><E7/><V37/><F37/><W27/><G27/><T91/><D123/><U114/><E49/><V109/><F109/><W87/><G87/><AGARI ba="0,0" hai="5,9,12,46,50,54,84,85,87,88,94" m="38319" machi="87" ten="30,2000,0" yaku="8,1,54,1" doraHai="22" who="2" fromWho="3" sc="263,0,312,0,158,20,267,-20" /><INIT seed="4,0,0,1,0,61" ten="263,312,178,247" oya="0" hai0="4,119,40,21,102,134,7,53,101,56,15,120,72" hai1="67,78,106,65,24,84,36,103,77,51,116,105,48" hai2="25,55,112,71,94,66,108,86,59,6,122,13,126" hai3="41,95,69,42,18,96,118,127,62,16,91,82,89"/><T63/><D119/><U3/><E116/><V23/><F122/><W93/><G118/><T79/><D120/><U28/><E36/><V133/><F112/><W0/><G127/><T60/><D134/><U37/><E37/><V26/><F133/><W90/><G0/><T27/><D72/><U19/><E3/><V99/><F126/><W104/><G104/><N who="1" m="40042" /><E84/><V50/><F108/><W113/><G113/><T22/><D40/><N who="3" m="15465" /><G69/><T97/><D79/><N who="1" m="30219" /><E19/><N who="3" m="7210" /><G62/><T128/><D128/><U76/><E103/><V45/><F71/><W47/><G47/><T20/><D63/><U125/><E125/><V114/><F114/><W64/><G64/><N who="1" m="24650" /><E76/><V30/><F86/><N who="3" m="50391" /><G93/><T8/><D102/><AGARI ba="0,0" hai="90,91,95,96,102" m="50391,7210,15465" machi="102" ten="30,2000,0" yaku="8,1,54,1" doraHai="61" who="3" fromWho="0" sc="263,-20,312,0,178,0,247,20" /><INIT seed="5,0,0,2,1,28" ten="243,312,178,267" oya="1" hai0="76,29,34,124,81,93,99,48,119,23,110,125,103" hai1="24,36,37,54,0,98,94,79,16,113,40,12,60" hai2="73,14,104,77,116,108,10,52,41,97,50,22,133" hai3="64,100,128,106,32,26,38,109,30,49,75,117,65"/><U62/><E113/><V33/><F116/><W91/><G109/><T43/><D110/><U96/><E0/><V86/><F108/><W131/><G38/><T72/><D23/><U129/><E129/><N who="3" m="49738" /><G75/><T59/><D119/><U122/><E122/><V102/><F73/><W66/><G117/><T53/><D43/><U92/><E79/><V17/><F33/><W39/><G39/><T5/><REACH who="0" step="1"/><D5/><REACH who="0" ten="233,312,178,267" step="2"/><U121/><E40/><V4/><F133/><W105/><G100/><T71/><D71/><U8/><E121/><V15/><F41/><W87/><G49/><T58/><D58/><U20/><E37/><V82/><F50/><W123/><G123/><T126/><D126/><U89/><E36/><V127/><REACH who="2" step="1"/><F52/><REACH who="2" ten="233,312,168,267" step="2"/><W111/><G111/><T114/><D114/><U67/><E54/><V18/><F18/><W85/><G66/><T21/><D21/><U55/><E55/><V135/><F135/><W80/><G64/><T74/><D74/><U51/><E67/><V1/><F1/><W61/><G65/><T6/><D6/><N who="1" m="3095" /><E51/><V13/><F13/><W68/><G61/><T78/><D78/><U118/><E118/><V45/><F45/><W134/><G68/><T132/><D132/><U27/><E27/><AGARI ba="0,2" hai="27,29,34,48,53,59,72,76,81,93,99,103,124,125" machi="27" ten="40,2600,0" yaku="1,1,52,1,53,0" doraHai="28" doraHaiUra="3" who="0" fromWho="1" sc="233,46,312,-26,168,0,267,0" /><INIT seed="6,0,0,3,0,8" ten="279,286,168,267" oya="2" hai0="19,67,95,14,104,50,3,85,0,127,72,73,65" hai1="120,32,107,121,119,30,124,113,59,89,37,9,61" hai2="39,20,10,70,117,34,18,24,102,130,90,93,16" hai3="76,133,81,80,51,108,23,47,40,82,56,43,106"/><V87/><F39/><W29/><G108/><T33/><D104/><U57/><E119/><V78/><F117/><W91/><G106/><T53/><D33/><U92/><E37/><V49/><F130/><W54/><G133/><T28/><D28/><U88/><E107/><V12/><F70/><W63/><G91/><N who="1" m="34890" /><E92/><V11/><F78/><W17/><G29/><T66/><D85/><U35/><E30/><V48/><F34/><N who="1" m="12841" /><E9/><N who="2" m="3083" /><F102/><W94/><G94/><T77/><D127/><U46/><E124/><V122/><F122/><N who="1" m="47209" /><E113/><V7/><F7/><W69/><G69/><T13/><D95/><U1/><E1/><V2/><F2/><W96/><G96/><T41/><D3/><U98/><E98/><V55/><F55/><N who="3" m="34207" /><G76/><T84/><D53/><N who="1" m="33967" /><E59/><V26/><F18/><W112/><G112/><T31/><D19/><U83/><E46/><V123/><F123/><W52/><G54/><T115/><D0/><U132/><E83/><N who="3" m="21250" /><W100/><DORA hai="5" /><G100/><T15/><D115/><U111/><E132/><V71/><F71/><W86/><G86/><T101/><D84/><U6/><E111/><V4/><F4/><AGARI ba="0,0" hai="4,6" m="33967,47209,12841,34890" machi="4" ten="40,2600,0" yaku="13,1,54,1" doraHai="8,5" who="1" fromWho="2" sc="279,0,286,26,168,-26,267,0" /><INIT seed="7,0,0,0,2,92" ten="279,312,142,267" oya="3" hai0="26,122,33,19,121,11,133,21,71,6,85,69,116" hai1="70,57,87,97,99,78,68,63,37,16,36,31,93" hai2="90,106,130,35,86,102,114,101,113,132,8,28,74" hai3="23,59,107,45,103,43,10,66,15,40,3,76,12"/><W24/><G3/><T88/><D116/><U55/><E31/><V0/><F74/><W125/><G125/><T109/><D109/><U129/><E129/><V111/><F111/><W81/><G107/><T47/><D133/><U61/><E70/><V83/><F130/><W84/><G103/><T82/><D33/><U22/><E37/><V54/><F132/><W126/><G126/><T115/><D115/><N who="2" m="44042" /><F54/><W128/><G128/><T29/><D29/><U89/><E36/><V119/><F119/><W65/><G59/><T20/><D20/><U30/><E30/><V124/><F124/><W123/><G123/><T95/><D47/><U4/><E4/><N who="2" m="1031" /><F106/><W96/><G96/><N who="1" m="36938" /><E78/><V32/><F28/><N who="3" m="17439" /><G15/><T5/><D71/><U110/><E110/><V27/><F27/><W127/><G127/><T17/><D69/><U42/><E42/><N who="3" m="15914" /><G45/><T9/><D122/><U64/><E68/><V1/><F1/><W108/><G108/><T56/><D56/><U14/><E64/><V120/><F120/><W67/><G67/><T25/><D121/><U62/><AGARI ba="0,0" hai="14,16,22,55,57,61,62,63,87,89,93" m="36938" machi="62" ten="30,8000,1" yaku="8,1,52,3,54,1" doraHai="92" who="1" fromWho="1" sc="279,-20,312,80,142,-20,267,-40" owari="259,6.0,392,49.0,122,-38.0,227,-17.0" /></mjloggm>