<mjloggm ver="2.3"><GO type="41" lobby="0"/><UN n0="%E5%B0%B1%E6%B4%BB%E7%94%9F%40%E5%B7%9D%E6%9D%91%E8%BB%8D%E5%9B%A3" n1="%E3%81%AF%E3%82%8B%E3%81%BC%E3%81%86%E2%98%85" n2="%66%6D%69%37%34%35%32" n3="%70%61%72%61%62%6F%72%61" dan="17,14,13,13" rate="2140.97,1917.76,1883.11,1831.07" sx="M,M,M,M"/><TAIKYOKU oya="0"/><INIT seed="0,0,0,2,2,47" ten="250,250,250,250" oya="0" hai0="3,115,133,45,58,121,82,21,7,13,116,106,31" hai1="44,132,38,94,120,128,107,122,105,40,91,118,25" hai2="98,4,29,53,6,90,39,9,52,60,95,41,69" hai3="64,48,124,54,63,84,62,2,15,96,123,101,119"/><T73/><D106/><U35/><E118/><V104/><F104/><W65/><G2/><T10/><D115/><U131/><E25/><V43/><F39/><W51/><G119/><T130/><D116/><U74/><E35/><V68/><F29/><W28/><G28/><T5/><D121/><U71/><E91/><V70/><F4/><W34/><G34/><T129/><D58/><U102/><E94/><V88/><F90/><W36/><G36/><T135/><D82/><U50/><E74/><V24/><F24/><W19/><G124/><T49/><D73/><U37/><E71/><V16/><F6/><W110/><G110/><T99/><D99/><U80/><E80/><V113/><F113/><W46/><G84/><T78/><D78/><U42/><E102/><V97/><F97/><W18/><G123/><N who="1" m="47146" /><E107/><V87/><F98/><W109/><G109/><T117/><D117/><U23/><E23/><V26/><F60/><N who="3" m="23083" /><G19/><N who="0" m="10479" /><D7/><U33/><E33/><V61/><F61/><W14/><G14/><T1/><D1/><U72/><E72/><V77/><F77/><W83/><G83/><T12/><D31/><U112/><E112/><V56/><F26/><W59/><G96/><T17/><D3/><U66/><E105/><V89/><F89/><W32/><G32/><T0/><D0/><U85/><E85/><V126/><F87/><W55/><G101/><T111/><D5/><U103/><E103/><V27/><F27/><W79/><G79/><T22/><D111/><U86/><E86/><V76/><F70/><W75/><G75/><T127/><D127/><U100/><E100/><RYUUKYOKU ba="0,0" sc="250,-10,250,-10,250,-10,250,30" hai3="15,18,46,48,51,54,55,59,64,65" /><INIT seed="1,1,0,4,3,108" ten="240,240,240,280" oya="1" hai0="60,17,115,44,9,129,14,105,46,28,45,131,98" hai1="21,123,132,43,57,19,15,7,42,75,99,20,55" hai2="84,27,128,78,56,112,77,26,12,36,127,30,37" hai3="4,50,61,33,25,114,117,106,65,6,124,13,11"/><U111/><E123/><V81/><F127/><W16/><G106/><T97/><D28/><U76/><E111/><V2/><F2/><W122/><G124/><T86/><D86/><U88/><E76/><V91/><F128/><N who="0" m="49226" /><D60/><N who="1" m="35903" /><E75/><V52/><F112/><W49/><G122/><T100/><D98/><U96/><E132/><V73/><F12/><W38/><G114/><AGARI ba="1,0" hai="9,14,17,44,45,46,97,100,105,114,115" m="49226" machi="114" ten="30,3900,0" yaku="19,1,52,2" doraHai="108" who="0" fromWho="3" sc="240,42,240,0,240,0,280,-42" /><INIT seed="2,0,0,3,4,109" ten="282,240,240,238" oya="2" hai0="114,18,131,21,98,54,66,118,33,38,135,103,77" hai1="48,106,15,89,84,3,5,78,85,57,80,12,10" hai2="86,100,56,20,45,79,9,61,37,108,122,111,22" hai3="123,13,83,49,4,97,99,27,29,59,11,8,17"/><V104/><F122/><W117/><G123/><T34/><D38/><U32/><E32/><V112/><F104/><W39/><G117/><T16/><D118/><U101/><E101/><V82/><F100/><W93/><G39/><T116/><D116/><U55/><E106/><V96/><F96/><W107/><G107/><T14/><D66/><U42/><E42/><V50/><F9/><W28/><G83/><AGARI ba="0,0" hai="3,5,10,12,15,48,55,57,78,80,83,84,85,89" machi="83" ten="30,1000,0" yaku="7,1" doraHai="109" who="1" fromWho="3" sc="282,0,240,10,240,0,238,-10" /><INIT seed="3,0,0,1,2,106" ten="282,250,240,228" oya="3" hai0="120,27,81,91,61,45,7,128,135,31,85,35,115" hai1="88,112,22,0,2,36,122,14,42,108,92,97,121" hai2="117,28,96,119,47,57,51,114,38,75,132,5,25" hai3="116,15,110,130,77,109,54,127,3,123,118,37,134"/><W59/><G3/><T95/><D120/><U76/><E76/><V101/><F114/><W49/><G123/><T82/><D128/><U105/><E105/><V60/><F38/><W72/><G37/><T83/><D115/><U40/><E112/><V78/><F5/><W111/><G15/><T9/><D135/><U98/><E108/><V11/><F11/><W63/><G130/><T86/><D61/><U73/><E73/><V48/><F132/><W125/><G134/><T50/><D9/><U16/><E36/><V4/><F4/><W34/><G34/><T32/><D32/><U67/><E122/><V41/><F48/><W104/><G104/><T6/><REACH who="0" step="1"/><D85/><REACH who="0" ten="272,250,240,228" step="2"/><U30/><E121/><V39/><F117/><N who="3" m="45163" /><G63/><T1/><D1/><U17/><E2/><V69/><F119/><W133/><G133/><T102/><D102/><U66/><E0/><V21/><F39/><W80/><AGARI ba="0,1" hai="49,54,59,72,77,80,109,110,111,125,127" m="45163" machi="80" ten="40,7800,0" yaku="14,1,10,1,52,1" doraHai="106" who="3" fromWho="3" sc="272,-26,250,-26,240,-26,228,88" /><INIT seed="3,1,0,2,4,38" ten="246,224,214,316" oya="3" hai0="11,97,28,70,83,5,82,114,45,20,53,10,64" hai1="57,59,48,93,134,96,63,124,49,103,127,33,85" hai2="29,52,50,39,8,73,89,27,42,131,44,67,125" hai3="92,51,21,105,61,62,101,56,17,107,111,77,110"/><W58/><G77/><T60/><D114/><U79/><E33/><V31/><F131/><W78/><G78/><T69/><D69/><U36/><E36/><V121/><F125/><N who="1" m="48201" /><E134/><V22/><F121/><W86/><G51/><N who="1" m="19530" /><E63/><N who="3" m="24074" /><G86/><T116/><D116/><U13/><E13/><V112/><F112/><W35/><G35/><T84/><D53/><U23/><E23/><V12/><F73/><W41/><G41/><T98/><D45/><U119/><E119/><V126/><F126/><W128/><G128/><T4/><D20/><U16/><E16/><N who="2" m="12743" /><F39/><W100/><G92/><T99/><D28/><N who="2" m="10826" /><F89/><W3/><G3/><T130/><D130/><U74/><E74/><V91/><F91/><W46/><G46/><T88/><REACH who="0" step="1"/><D82/><AGARI ba="1,0" hai="57,59,79,82,85,93,96,103" m="19530,48201" machi="82" ten="30,1000,0" yaku="18,1" doraHai="38" who="1" fromWho="0" sc="246,-13,224,13,214,0,316,0" /><INIT seed="4,0,0,2,0,69" ten="233,237,214,316" oya="0" hai0="18,13,96,87,116,129,44,126,101,80,84,54,94" hai1="93,120,113,115,95,41,97,128,39,73,24,111,56" hai2="91,33,83,14,112,78,107,19,28,26,110,130,46" hai3="9,17,0,43,50,22,68,98,23,47,57,7,5"/><T75/><D116/><U109/><E73/><V121/><F110/><W20/><G68/><T55/><D126/><U90/><E24/><V52/><F121/><W71/><G71/><T131/><D75/><U59/><E120/><V77/><F107/><W108/><G108/><N who="1" m="41546" /><E128/><V66/><F130/><N who="0" m="49674" /><D44/><N who="1" m="23615" /><E93/><V11/><F112/><AGARI ba="0,0" hai="56,59,90,95,97,112,113,115" m="23615,41546" machi="112" ten="30,3900,0" yaku="15,1,11,1,52,1" doraHai="69" who="1" fromWho="2" sc="233,0,237,39,214,-39,316,0" /><INIT seed="5,0,0,5,4,49" ten="233,276,175,316" oya="1" hai0="6,69,0,58,124,83,53,27,125,37,114,102,56" hai1="3,65,84,19,4,126,101,1,76,9,44,30,54" hai2="112,29,119,130,74,15,89,5,67,118,122,88,43" hai3="21,48,40,36,115,90,35,93,60,50,77,68,55"/><U18/><E126/><N who="0" m="48745" /><D69/><U72/><E72/><V63/><F122/><W96/><G35/><T23/><D37/><U107/><E107/><V109/><F109/><W100/><G77/><T98/><D114/><U75/><E101/><V104/><F104/><W131/><G115/><T99/><D83/><U11/><E75/><V113/><F74/><W34/><G34/><T120/><D120/><U79/><E65/><V71/><F130/><W91/><G131/><T78/><D78/><U31/><E44/><V26/><F113/><W24/><G36/><T57/><D6/><U66/><E66/><V16/><F5/><W105/><G40/><T95/><D0/><U92/><E4/><V108/><F108/><W94/><G105/><T8/><D8/><U111/><E111/><V25/><F43/><W81/><G81/><T32/><D99/><U47/><E47/><V121/><F121/><W12/><G12/><T7/><D7/><U127/><E127/><V45/><F45/><W116/><G116/><T133/><D32/><U70/><E92/><V52/><F112/><W110/><G68/><T22/><D133/><U59/><E70/><V10/><F26/><W73/><G73/><T117/><D117/><U97/><E97/><V46/><F119/><W80/><G80/><T2/><D2/><U51/><E84/><V128/><F128/><W13/><G13/><T134/><D134/><U135/><E135/><V62/><F118/><W64/><G100/><T61/><D23/><U132/><E132/><V20/><F46/><W42/><G21/><T85/><D85/><U87/><E87/><RYUUKYOKU ba="0,0" sc="233,15,276,-15,175,15,316,-15" hai0="22,27,53,56,57,58,61,95,98,102" hai2="10,15,16,20,25,29,52,62,63,67,71,88,89" /><INIT seed="6,1,0,1,1,31" ten="248,261,190,301" oya="2" hai0="50,23,38,84,102,124,103,118,61,77,41,83,101" hai1="0,54,45,67,35,57,42,21,28,100,62,94,125" hai2="93,29,6,47,126,18,2,34,120,9,121,15,20" hai3="95,97,111,72,96,59,112,108,60,3,119,90,99"/><V16/><F47/><W56/><G3/><T39/><D124/><U37/><E0/><V81/><F81/><W10/><G119/><T63/><D118/><U65/><E125/><V40/><F40/><W55/><G72/><T44/><D39/><U13/><E35/><V134/><F126/><W130/><G130/><T110/><D110/><U92/><E100/><V74/><F74/><W98/><G10/><T52/><REACH who="0" step="1"/><D23/><REACH who="0" ten="238,261,190,301" step="2"/><U129/><E129/><V53/><F134/><W4/><G108/><T17/><D17/><U78/><E21/><V66/><F66/><N who="3" m="39175" /><G111/><T107/><D107/><U27/><E67/><V58/><F18/><W71/><G112/><T22/><D22/><U19/><E19/><V43/><F43/><W115/><G115/><T46/><AGARI ba="1,1" hai="38,41,44,46,50,52,61,63,77,83,84,101,102,103" machi="46" ten="30,4000,0" yaku="1,1,0,1,54,1,53,0" doraHai="31" doraHaiUra="85" who="0" fromWho="0" sc="238,53,261,-11,190,-21,301,-11" /><INIT seed="7,0,0,1,1,61" ten="291,250,169,290" oya="3" hai0="21,127,121,51,43,5,108,70,4,126,87,22,36" hai1="6,30,29,53,54,119,91,78,46,124,20,48,69" hai2="17,3,103,102,100,89,129,72,107,34,58,117,14" hai3="56,94,55,67,122,62,35,118,113,93,116,64,66"/><W41/><G41/><T28/><D108/><U98/><E124/><N who="0" m="47657" /><D36/><U57/><E119/><N who="3" m="45610" /><G35/><T19/><D121/><U85/><E78/><V86/><F117/><W68/><G93/><T92/><D70/><U80/><E69/><V9/><F34/><W24/><G94/><T83/><D92/><U31/><E98/><V120/><F3/><W26/><G122/><T10/><D28/><U13/><E6/><N who="0" m="2665" /><D10/><U82/><E82/><V105/><F120/><W2/><G2/><T111/><D111/><U12/><REACH who="1" step="1"/><E20/><REACH who="1" ten="291,240,169,290" step="2"/><V112/><F72/><W99/><G99/><T115/><D21/><U23/><E23/><V11/><F112/><W128/><G113/><T60/><D22/><U90/><E90/><V114/><F114/><W63/><G128/><T97/><D97/><U133/><E133/><V50/><F129/><W45/><G24/><T79/><D19/><U15/><E15/><V73/><F9/><W40/><G26/><T27/><D27/><U33/><E33/><V52/><REACH who="2" step="1"/><F73/><REACH who="2" ten="291,240,159,290" step="2"/><W47/><G47/><N who="0" m="26111" /><D115/><U18/><E18/><V38/><F38/><AGARI ba="0,2" hai="38,40,45,55,56,62,63,64,66,67,68" m="45610" machi="38" ten="30,12000,1" yaku="34,2,52,3" doraHai="61" who="3" fromWho="2" sc="291,0,240,0,159,-120,290,140" owari="291,9.0,240,-16.0,39,-46.0,430,53.0" /></mjloggm>