<mjloggm ver="2.3"><GO type="225" lobby="0"/><UN n0="%E7%B6%BE%E5%BC%A5%E4%B8%80%E6%9D%A1" n1="%53%65%6E%61%72" n2="%E5%B0%B1%E6%B4%BB%E7%94%9F%40%E5%B7%9D%E6%9D%91%E8%BB%8D%E5%9B%A3" n3="%E6%B3%95%E6%94%BF%E5%A4%A7%E5%AD%A6%EF%BC%93%E5%B9%B4" dan="16,18,17,17" rate="2084.50,2224.68,2185.98,2170.05" sx="M,M,M,M"/><TAIKYOKU oya="0"/><INIT seed="0,0,0,2,3,108" ten="250,250,250,250" oya="0" hai0="64,119,71,98,9,20,122,61,54,45,134,11,84" hai1="88,25,49,121,116,79,110,40,10,33,12,42,69" hai2="32,43,36,95,26,62,73,51,0,90,100,31,76" hai3="130,47,21,125,30,93,123,13,52,70,129,89,1"/><T80/><D119/><U104/><E116/><V107/><F0/><W105/><G1/><T38/><D122/><U128/><E121/><V99/><F36/><W126/><G105/><T15/><D134/><U63/><E104/><V23/><F62/><W37/><G70/><T56/><D98/><U16/><E79/><V5/><F5/><W114/><G123/><T41/><D20/><U6/><E110/><V83/><F51/><N who="3" m="28799" /><G37/><T91/><REACH who="0" step="1"/><D15/><REACH who="0" ten="240,250,250,250" step="2"/><U82/><E12/><V7/><F32/><W34/><G34/><T57/><D57/><U58/><E58/><V39/><F23/><W97/><G13/><T35/><D35/><U66/><E33/><V4/><F26/><N who="3" m="16719" /><G114/><T111/><D111/><U67/><E25/><V59/><F59/><W109/><G109/><T72/><D72/><U106/><E69/><V27/><F27/><W96/><G97/><T19/><D19/><U3/><E16/><V132/><F31/><W135/><G135/><T48/><AGARI ba="0,1" hai="9,11,38,41,45,48,54,56,61,64,71,80,84,91" machi="48" ten="20,12000,1" yaku="1,1,0,1,7,1,24,2,53,0" doraHai="108" doraHaiUra="118" who="0" fromWho="0" sc="240,130,250,-40,250,-40,250,-40" /><INIT seed="0,1,0,5,1,31" ten="370,210,210,210" oya="0" hai0="0,73,47,18,59,88,92,123,107,19,134,22,122" hai1="56,66,57,126,95,83,127,49,62,4,38,6,100" hai2="97,54,71,64,130,121,89,60,101,2,104,10,109" hai3="16,84,15,99,11,68,50,98,125,96,93,70,118"/><T124/><D107/><U113/><E38/><V80/><F121/><W61/><G118/><T79/><D0/><U24/><E83/><V108/><F130/><W48/><G125/><N who="1" m="47626" /><E113/><V128/><F128/><W65/><REACH who="3" step="1"/><G68/><REACH who="3" ten="370,210,210,200" step="2"/><T131/><D124/><U91/><E100/><V7/><F54/><W94/><G94/><T135/><D92/><U117/><E117/><V63/><F63/><W120/><G120/><T5/><D123/><U17/><E95/><V12/><F12/><W106/><G106/><T40/><D122/><U58/><E62/><V46/><F46/><W119/><G119/><T69/><D47/><U85/><E66/><V27/><F80/><W114/><G114/><T116/><D116/><U26/><E85/><V86/><F86/><W129/><G129/><T111/><D131/><U77/><E77/><V23/><REACH who="2" step="1"/><F89/><AGARI ba="1,1" hai="11,15,16,48,50,61,65,70,84,89,93,96,98,99" machi="89" ten="40,8000,1" yaku="1,1,54,1,53,2" doraHai="31" doraHaiUra="44" who="3" fromWho="2" sc="370,0,210,0,210,-83,200,93" /><INIT seed="1,0,0,0,1,95" ten="370,210,127,293" oya="1" hai0="116,70,4,62,77,80,105,26,75,14,63,54,40" hai1="58,64,117,8,2,89,24,33,132,81,10,100,110" hai2="128,98,60,107,123,102,41,71,44,21,48,28,92" hai3="90,42,74,16,103,37,55,67,43,57,19,18,79"/><U94/><E117/><V15/><F123/><W38/><G103/><T68/><D105/><U17/><E132/><V135/><F128/><W29/><G67/><T32/><D40/><U121/><E121/><V124/><F124/><W99/><G29/><T34/><D26/><U97/><E2/><V131/><F135/><W130/><G130/><T114/><D114/><U111/><E33/><V93/><F131/><W27/><G79/><T134/><D116/><U129/><E129/><V119/><F119/><W73/><G38/><T101/><D101/><U46/><E46/><V85/><F85/><W112/><G112/><T31/><D31/><U45/><E45/><V72/><F72/><W88/><G37/><T127/><D127/><U96/><E81/><V125/><F125/><W53/><G73/><T133/><D133/><U83/><E83/><V39/><F39/><W9/><G74/><T82/><D77/><U7/><E24/><V109/><F109/><N who="1" m="41481" /><E17/><N who="3" m="6762" /><G53/><T126/><D54/><U23/><E23/><V61/><F15/><N who="3" m="7663" /><G27/><T22/><D126/><U76/><E76/><V122/><F122/><W20/><G20/><T118/><D22/><U47/><E7/><V59/><F71/><W66/><G66/><T106/><D118/><U52/><E64/><V69/><F21/><W49/><G90/><T6/><D75/><U65/><E65/><N who="2" m="41127" /><F28/><W91/><G91/><T50/><D134/><U108/><N who="1" m="41489" /><U25/><DORA hai="78" /><E25/><V120/><F120/><W0/><G0/><T30/><D30/><U84/><E10/><V35/><F35/><W13/><G13/><T11/><D14/><RYUUKYOKU ba="0,0" sc="370,-15,210,-15,127,15,293,15" hai2="41,44,48,59,61,92,93,98,102,107" hai3="42,43,49,55,57,88,99" /><INIT seed="2,1,0,0,1,130" ten="355,195,142,308" oya="2" hai0="49,10,8,63,98,7,100,126,11,17,35,92,3" hai1="128,64,74,58,88,6,132,110,61,33,84,16,119" hai2="109,83,19,53,14,114,39,104,105,101,42,62,94" hai3="91,106,44,133,66,131,13,36,76,129,56,60,45"/><V103/><F114/><W30/><G106/><T27/><D126/><U134/><E119/><V82/><F39/><W18/><G76/><T34/><D34/><U20/><E74/><V15/><F42/><W23/><G36/><T117/><D117/><U113/><E33/><V75/><F109/><W51/><G30/><T115/><D115/><U120/><E113/><V52/><F75/><W79/><G79/><T67/><D49/><U73/><E73/><V121/><F62/><W135/><G91/><T43/><D43/><U86/><E110/><V108/><F108/><W12/><G12/><T116/><D116/><U4/><E128/><N who="3" m="49226" /><G51/><T9/><D35/><U125/><E125/><V71/><F19/><W118/><G118/><T68/><D27/><N who="1" m="14727" /><E86/><V127/><F127/><W38/><G38/><T85/><D85/><U95/><E120/><V89/><F121/><W97/><G97/><T48/><D48/><U31/><E31/><V123/><F123/><W112/><G112/><T77/><D77/><U102/><E102/><V81/><F83/><W28/><G28/><T122/><D122/><U111/><E111/><V54/><F82/><W55/><G55/><N who="2" m="14081" /><V80/><DORA hai="47" /><F80/><W25/><G25/><T22/><D100/><N who="2" m="38474" /><F81/><W69/><G69/><T87/><D68/><U59/><E59/><V107/><F71/><W99/><G99/><T65/><D98/><U93/><E93/><V32/><F32/><W57/><G57/><T40/><D92/><U50/><E50/><V1/><F1/><W29/><G29/><T124/><D124/><U24/><E24/><V90/><F94/><RYUUKYOKU ba="1,0" sc="355,-30,195,10,142,10,308,10" hai1="4,6,58,61,64,84,88,95,132,134" hai2="14,15,89,90,104,105,107" hai3="13,18,23,44,45,56,60,66,133,135" /><INIT seed="2,2,0,2,0,76" ten="325,205,152,318" oya="2" hai0="5,1,62,66,134,58,25,24,84,60,18,128,96" hai1="89,75,113,11,131,12,106,90,72,8,120,122,114" hai2="45,42,46,71,68,56,9,91,59,119,118,15,88" hai3="51,117,108,3,50,28,77,111,95,43,53,94,81"/><V26/><F71/><W79/><G117/><T41/><D134/><U92/><E106/><V22/><F68/><W32/><G3/><T107/><D128/><U64/><E64/><V29/><F119/><W78/><G43/><T112/><D112/><N who="1" m="43115" /><E131/><V19/><F118/><W4/><G4/><T10/><D41/><U99/><E11/><V61/><F59/><N who="3" m="33207" /><G51/><T23/><D84/><U130/><E130/><V67/><REACH who="2" step="1"/><F46/><REACH who="2" ten="325,205,142,318" step="2"/><W105/><G111/><T129/><D129/><U21/><E120/><V69/><F69/><W109/><G108/><T133/><D58/><U37/><E122/><V34/><F34/><W121/><G32/><T104/><D133/><U110/><E110/><V85/><F85/><N who="3" m="48303" /><G109/><T49/><D96/><U80/><E75/><V87/><F87/><W57/><G121/><T100/><D66/><U0/><E72/><V132/><F132/><W35/><G35/><T17/><D62/><U73/><E73/><V65/><F65/><W40/><G57/><T20/><D60/><U36/><E99/><V2/><F2/><W38/><G79/><T16/><D1/><U54/><E0/><V135/><F135/><W115/><G78/><T82/><D25/><U44/><E44/><V74/><F74/><W55/><G115/><T48/><D24/><U30/><E12/><V125/><F125/><W101/><G105/><T14/><D107/><U13/><E13/><V123/><F123/><W27/><G27/><T98/><D104/><U126/><E126/><V127/><F127/><W116/><G116/><T52/><D14/><U63/><E63/><V83/><F83/><RYUUKYOKU ba="2,1" sc="325,-10,205,-10,142,30,318,-10" hai2="9,15,19,22,26,29,42,45,56,61,67,88,91" /><INIT seed="2,3,1,0,2,34" ten="315,195,172,308" oya="2" hai0="125,3,122,25,47,27,130,33,15,38,7,45,39" hai1="18,32,21,14,24,83,93,62,9,97,98,5,11" hai2="91,49,90,41,112,20,134,60,16,80,43,56,79" hai3="42,70,55,1,128,85,72,64,115,108,87,81,104"/><V19/><F112/><W57/><G104/><T12/><D122/><U132/><E132/><V124/><F124/><W107/><G107/><T52/><D7/><U133/><E133/><V88/><F134/><W4/><G115/><T35/><D130/><U37/><E37/><V101/><F101/><W28/><G28/><T68/><D68/><U74/><E62/><V2/><F2/><W69/><G128/><T126/><D52/><U94/><E32/><V129/><F129/><W30/><G30/><T92/><D92/><N who="1" m="35435" /><E74/><V66/><F49/><N who="3" m="30959" /><G69/><T71/><D71/><U23/><E83/><V89/><N who="2" m="23040" /><DORA hai="48" /><V120/><F120/><W63/><G108/><T103/><D103/><U117/><E117/><V119/><F119/><W110/><G110/><T118/><D118/><U26/><E11/><V44/><F44/><W113/><G113/><T73/><D73/><U0/><E0/><AGARI ba="3,1" hai="0,3,12,15,25,27,33,35,38,39,45,47,125,126" machi="0" ten="25,6400,0" yaku="22,2,52,2" doraHai="34,48" who="0" fromWho="1" sc="315,83,195,-73,172,0,308,0" /><INIT seed="3,0,0,0,2,108" ten="398,122,172,308" oya="3" hai0="111,99,109,81,105,24,53,5,41,14,71,34,110" hai1="52,113,119,128,93,15,115,63,3,83,10,13,87" hai2="125,47,29,20,112,85,118,66,21,61,25,62,103" hai3="16,30,51,1,97,68,133,80,64,131,130,67,86"/><W122/><G122/><T58/><D71/><U72/><E3/><V91/><F112/><W96/><G1/><T56/><D41/><U89/><E128/><N who="3" m="49194" /><G133/><T26/><D81/><U37/><E37/><V57/><F125/><W44/><G30/><N who="0" m="19783" /><D26/><U65/><E119/><V129/><F129/><W11/><G68/><T33/><D33/><U121/><E121/><V39/><F118/><W48/><G67/><T23/><D23/><U75/><E15/><V101/><F21/><W54/><G51/><T50/><D14/><U32/><E52/><V95/><F62/><W123/><G64/><T45/><D5/><U9/><E32/><V4/><F4/><W135/><G123/><T6/><D6/><U19/><E10/><V7/><F7/><W117/><G135/><T18/><D18/><U98/><E75/><V59/><F59/><W22/><G117/><T27/><D27/><U43/><E43/><V38/><F38/><W55/><G55/><T0/><D0/><U28/><E72/><V104/><F104/><W8/><G8/><T60/><D60/><U106/><E106/><V77/><F39/><W102/><G102/><AGARI ba="0,0" hai="45,50,53,56,58,99,102,105,109,110,111" m="19783" machi="102" ten="30,1000,0" yaku="14,1" doraHai="108" who="0" fromWho="3" sc="398,10,122,0,172,0,308,-10" owari="408,51.0,122,-38.0,172,-23.0,298,10.0" /></mjloggm>