<mjloggm ver="2.3"><GO type="169" lobby="0"/><UN n0="%E3%83%8B%E3%83%A3%E3%83%83%E3%83%94%E3%83%BC%E5%A4%8F%E7%9B%AE" n1="%E5%B0%B1%E6%B4%BB%E7%94%9F%40%E5%B7%9D%E6%9D%91%E8%BB%8D%E5%9B%A3" n2="%30%30%73%61%69" n3="%46%41%49%52" dan="18,17,17,16" rate="2172.73,2218.11,2189.04,2029.15" sx="M,M,M,M"/><TAIKYOKU oya="0"/><INIT seed="0,0,0,3,5,107" ten="250,250,250,250" oya="0" hai0="30,123,57,32,42,72,11,131,124,36,23,63,78" hai1="115,46,104,40,117,2,122,126,44,4,34,26,135" hai2="125,28,65,58,105,89,56,96,24,85,119,74,127" hai3="12,9,82,114,5,111,86,64,87,49,101,0,97"/><T13/><D123/><U130/><RYUUKYOKU type="yao9" ba="0,0" sc="250,0,250,0,250,0,250,0" hai1="2,4,26,34,40,44,46,104,115,117,122,126,130,135" /><INIT seed="0,1,0,4,4,64" ten="250,250,250,250" oya="0" hai0="110,1,56,71,53,102,49,122,29,82,85,120,91" hai1="32,34,114,134,35,22,31,125,23,95,67,15,19" hai2="93,14,12,41,43,36,63,88,40,107,90,131,100" hai3="18,2,47,133,30,3,121,5,104,72,44,101,128"/><T59/><D1/><U127/><E95/><V76/><F131/><W99/><G121/><T111/><D59/><U65/><E65/><V54/><F36/><W4/><G128/><T39/><D39/><U78/><E78/><V52/><F76/><W61/><G72/><T92/><D29/><U113/><E67/><V81/><F107/><W6/><G133/><T0/><D0/><U58/><E58/><N who="2" m="35271" /><F54/><W66/><G18/><T108/><REACH who="0" step="1"/><D71/><REACH who="0" ten="240,250,250,250" step="2"/><U42/><E134/><V123/><F123/><W33/><G3/><T83/><D83/><U38/><E38/><V80/><F100/><W13/><G2/><T106/><D106/><U117/><E117/><V97/><F90/><W86/><G30/><T126/><D126/><N who="1" m="48139" /><E42/><V20/><F20/><W73/><G101/><T50/><D50/><U84/><E84/><V98/><F98/><AGARI ba="1,1" hai="49,53,56,82,85,91,92,98,102,108,110,111,120,122" machi="98" ten="40,12000,1" yaku="1,1,14,1,10,1,53,1" doraHai="64" doraHaiUra="89" who="0" fromWho="2" sc="240,133,250,0,250,-123,250,0" /><INIT seed="0,2,0,5,4,73" ten="373,250,127,250" oya="0" hai0="122,15,36,6,105,25,121,7,65,64,90,21,125" hai1="87,110,84,118,83,126,75,12,79,119,1,56,72" hai2="45,81,91,103,132,113,51,53,76,38,52,49,22" hai3="54,11,18,17,16,59,48,133,106,111,60,58,30"/><T97/><D36/><U2/><E110/><V135/><F113/><W40/><G111/><T96/><D125/><U108/><E108/><V124/><F124/><W88/><G106/><T86/><D122/><U85/><E126/><V115/><F115/><W129/><G129/><T74/><D74/><U55/><E75/><V127/><F127/><W66/><G133/><N who="2" m="51273" /><F38/><W99/><G40/><T71/><D121/><U57/><E57/><N who="2" m="32911" /><F103/><W101/><G30/><T10/><D6/><U8/><E118/><V47/><F91/><W116/><G101/><T63/><D65/><U0/><E119/><V100/><F100/><W33/><G33/><T128/><D105/><U28/><E28/><V95/><F95/><N who="3" m="56807" /><G116/><T50/><D50/><U3/><N who="1" m="512" /><DORA hai="82" /><U35/><E35/><V20/><F47/><W13/><AGARI ba="2,0" hai="11,13,16,17,18,48,54,58,59,60,66" m="56807" machi="13" ten="30,4000,0" yaku="8,1,54,2" doraHai="73,82" who="3" fromWho="3" sc="373,-22,250,-12,127,-12,250,46" /><INIT seed="1,0,0,4,5,4" ten="351,238,115,296" oya="1" hai0="54,117,1,70,115,67,78,43,74,59,15,100,16" hai1="45,52,110,46,60,28,55,27,68,89,47,97,126" hai2="96,13,50,134,135,56,113,107,133,66,24,41,128" hai3="123,129,119,93,57,91,39,79,99,10,125,122,29"/><U108/><E126/><V51/><F128/><W32/><G119/><T84/><D1/><U65/><E89/><V14/><F113/><W33/><G125/><T64/><D117/><U111/><REACH who="1" step="1"/><E97/><REACH who="1" ten="351,228,115,296" step="2"/><V90/><F90/><W95/><G129/><T38/><D115/><U26/><E26/><V92/><F24/><W87/><G122/><T132/><D132/><U17/><E17/><V124/><F124/><W5/><G99/><T82/><D16/><U76/><E76/><V22/><F107/><W3/><G79/><T75/><D78/><U131/><E131/><V88/><F41/><W73/><G123/><T63/><D43/><U81/><E81/><V58/><F22/><AGARI ba="0,1" hai="22,27,28,45,46,47,52,55,60,65,68,108,110,111" machi="22" ten="50,12000,1" yaku="1,1,14,1,10,1,54,1,53,0" doraHai="4" doraHaiUra="30" who="1" fromWho="2" sc="351,0,228,130,115,-120,296,0" owari="351,15.0,358,46.0,-5,-51.0,296,-10.0" /></mjloggm>