<mjloggm ver="2.3"><GO type="169" lobby="0"/><UN n0="%E7%9C%9F%E5%86%AC%E3%81%AE%E5%90%91%E6%97%A5%E8%91%B5" n1="%E3%81%B5%E3%81%8B%E3%81%98" n2="%E5%B0%B1%E6%B4%BB%E7%94%9F%40%E5%B7%9D%E6%9D%91%E8%BB%8D%E5%9B%A3" n3="%56%4F%4E%41%50%41%4C%54" dan="16,16,18,16" rate="2094.06,2074.79,2315.53,2004.71" sx="M,M,M,M"/><TAIKYOKU oya="0"/><INIT seed="0,0,0,2,0,26" ten="250,250,250,250" oya="0" hai0="16,31,39,117,127,65,53,111,102,10,0,9,70" hai1="105,82,119,58,29,60,11,57,62,98,48,133,96" hai2="23,116,131,74,84,28,87,92,46,50,114,86,21" hai3="85,51,27,55,83,3,95,4,2,32,30,91,88"/><T40/><D117/><U115/><E119/><V75/><F114/><W7/><G2/><T118/><D118/><U12/><E115/><V8/><F116/><W134/><G134/><T67/><D70/><U106/><E133/><V37/><F37/><W34/><G34/><T69/><D69/><U77/><E48/><V108/><F108/><W135/><G135/><T54/><D39/><U121/><E121/><V14/><F131/><W89/><G3/><T109/><D40/><U6/><E29/><V126/><F126/><W42/><G42/><T66/><D127/><U49/><E49/><V24/><F21/><W19/><G19/><T122/><D102/><U128/><E128/><V45/><F92/><W103/><G103/><T20/><D122/><U33/><E33/><V68/><F68/><W43/><G43/><T76/><D76/><U78/><E82/><V25/><F25/><W18/><G18/><T120/><D120/><U130/><E130/><V38/><F38/><W35/><G35/><T100/><D100/><U90/><E90/><V94/><F94/><W123/><G123/><T104/><D104/><U72/><E72/><V129/><F129/><W15/><G15/><N who="0" m="9247" /><D31/><U47/><E12/><V73/><REACH who="2" step="1"/><F50/><REACH who="2" ten="250,250,240,250" step="2"/><W61/><G95/><T79/><D109/><U22/><E22/><V97/><F97/><W13/><G51/><T110/><D110/><U93/><E93/><V125/><F125/><W17/><G27/><T112/><D111/><U1/><E105/><V52/><F52/><N who="0" m="20074" /><D112/><U56/><E106/><V80/><F80/><W99/><G83/><T101/><D10/><RYUUKYOKU ba="0,1" sc="250,-10,250,-10,240,30,250,-10" hai2="8,14,23,24,28,45,46,73,74,75,84,86,87" /><INIT seed="1,1,1,1,0,104" ten="240,240,270,240" oya="1" hai0="79,15,107,128,117,105,11,116,86,5,111,42,36" hai1="82,112,93,8,69,75,27,53,110,14,7,90,28" hai2="45,12,70,77,91,101,135,2,64,100,106,30,46" hai3="20,40,127,87,125,16,4,41,33,61,103,123,22"/><U25/><E112/><V23/><F2/><W99/><G123/><T114/><D114/><U24/><E69/><V131/><F131/><W76/><G33/><T32/><D32/><U60/><E110/><V18/><F135/><W56/><G4/><T88/><D79/><U0/><E0/><V9/><F77/><W29/><G29/><T54/><D128/><U39/><E39/><V102/><F106/><W94/><G76/><T47/><D111/><U115/><E115/><V52/><F91/><W57/><G87/><T113/><D113/><U124/><E124/><N who="3" m="47690" /><G22/><T108/><D108/><U92/><E28/><V67/><F70/><W51/><G51/><T68/><D68/><U97/><E75/><V65/><F52/><N who="3" m="33927" /><G57/><T58/><D117/><U134/><E134/><V62/><F62/><W129/><G129/><T13/><D116/><U121/><E121/><V55/><F55/><W126/><G126/><T119/><D119/><U81/><E53/><V118/><F118/><W133/><G133/><T84/><D84/><N who="1" m="52295" /><E60/><V74/><F74/><W38/><G38/><T80/><REACH who="0" step="1"/><D15/><AGARI ba="1,1" hai="15,16,20,40,41,94,99,103" m="33927,47690" machi="15" ten="30,3900,0" yaku="18,1,54,2" doraHai="104" who="3" fromWho="0" sc="240,-42,240,0,270,0,240,52" /><INIT seed="2,0,0,4,0,44" ten="198,240,270,292" oya="2" hai0="11,97,10,76,87,30,12,32,124,5,42,63,130" hai1="20,135,46,79,54,89,112,120,114,16,65,95,21" hai2="58,109,107,45,78,113,4,134,91,25,19,67,133" hai3="92,9,69,27,106,62,35,31,47,104,18,53,50"/><V103/><F113/><W72/><G72/><T123/><D123/><U40/><E120/><V77/><F4/><W23/><G9/><T36/><D124/><U48/><E135/><V108/><F91/><W132/><G132/><N who="2" m="50793" /><F103/><W66/><REACH who="3" step="1"/><G92/><REACH who="3" ten="198,240,270,282" step="2"/><T49/><D11/><U68/><E95/><V125/><F125/><W3/><G3/><T122/><D10/><U98/><E112/><V0/><F0/><W22/><G22/><T85/><D122/><U110/><E21/><N who="2" m="13503" /><F107/><W81/><G81/><T28/><D32/><U96/><E114/><V128/><F128/><W88/><G88/><T129/><D129/><U43/><E89/><V111/><F45/><W13/><AGARI ba="0,1" hai="13,18,23,27,31,35,47,50,53,62,66,69,104,106" machi="13" ten="20,5200,0" yaku="1,1,0,1,7,1,52,1,53,0" doraHai="44" doraHaiUra="105" who="3" fromWho="3" sc="198,-13,240,-13,270,-26,282,62" /><INIT seed="3,0,0,2,0,36" ten="185,227,244,344" oya="3" hai0="92,67,135,31,97,129,45,117,48,95,25,3,120" hai1="70,42,47,23,73,79,55,38,33,111,46,14,105" hai2="62,82,57,74,50,63,29,90,43,60,93,61,127" hai3="9,99,66,88,102,16,1,49,109,2,7,69,64"/><W71/><G109/><T133/><D117/><U58/><E33/><V96/><F127/><W53/><G2/><T130/><D120/><U40/><E105/><V12/><F29/><W21/><G71/><T8/><D67/><U4/><E73/><V114/><F114/><W115/><G115/><T77/><D77/><U6/><E79/><V51/><F74/><W30/><G30/><T125/><D8/><U75/><E75/><V98/><F82/><W107/><G88/><N who="0" m="55431" /><D95/><U18/><E70/><V85/><F12/><W20/><G69/><T54/><D3/><U59/><E111/><V122/><F122/><W124/><G124/><T5/><D5/><U52/><E58/><V32/><F32/><W35/><G35/><N who="0" m="20975" /><D125/><U27/><E27/><V83/><F98/><W103/><G103/><T84/><D84/><U89/><E89/><N who="2" m="51391" /><F43/><W68/><G68/><T81/><D81/><U65/><E65/><AGARI ba="0,0" hai="50,51,57,60,61,62,63,65,90,93,96" m="51391" machi="65" ten="30,1000,0" yaku="8,1" doraHai="36" who="2" fromWho="1" sc="185,0,227,-10,244,10,344,0" /><INIT seed="4,0,0,3,2,19" ten="185,217,254,344" oya="0" hai0="124,72,48,38,33,21,105,25,29,17,16,22,1" hai1="70,98,20,126,111,119,96,50,80,35,54,131,76" hai2="23,107,47,123,42,40,100,27,8,128,129,68,99" hai3="122,90,116,73,134,69,133,74,86,28,32,10,57"/><T109/><D38/><U106/><E35/><V112/><F123/><W113/><G69/><T11/><D105/><U30/><E111/><V114/><F68/><W44/><G116/><T0/><D72/><U62/><E119/><V64/><F64/><W46/><G113/><N who="2" m="43625" /><F8/><W135/><G122/><T91/><D91/><U65/><E131/><N who="2" m="50251" /><F47/><N who="3" m="17963" /><G10/><T36/><D48/><U31/><E126/><V132/><F132/><W52/><G28/><AGARI ba="0,0" hai="23,27,28,40,42,99,100,107" m="50251,43625" machi="28" ten="30,3900,0" yaku="15,1,19,1,52,1" doraHai="19" who="2" fromWho="3" sc="185,0,217,0,254,39,344,-39" /><INIT seed="5,0,0,1,5,49" ten="185,217,293,305" oya="1" hai0="84,14,114,124,80,131,90,45,108,72,88,121,24" hai1="42,122,43,50,110,59,70,16,69,7,103,82,6" hai2="15,129,3,112,101,73,56,46,123,37,38,28,78" hai3="60,115,5,125,99,105,93,1,94,31,133,128,40"/><U4/><E122/><V51/><F123/><W12/><G115/><T117/><D121/><U109/><E103/><V63/><F3/><W126/><G1/><T135/><D108/><N who="1" m="41579" /><E82/><V119/><F119/><W74/><G74/><T39/><D117/><U104/><E104/><V92/><F129/><W55/><G31/><T48/><D39/><U34/><E34/><V120/><F120/><W2/><G2/><T65/><D72/><U20/><E59/><V62/><F28/><W57/><G133/><T19/><D131/><U66/><E66/><V9/><F78/><W100/><G40/><N who="1" m="15402" /><E50/><V11/><F51/><W79/><G79/><T102/><D135/><U75/><E75/><V130/><F56/><W71/><G71/><T67/><D114/><U91/><E91/><V44/><F101/><W111/><G128/><T83/><D102/><U85/><E85/><V77/><F77/><W22/><G111/><T33/><D124/><N who="3" m="47721" /><G22/><T30/><D90/><U113/><E113/><V21/><F21/><W76/><G76/><T10/><REACH who="0" step="1"/><D83/><REACH who="0" ten="175,217,293,305" step="2"/><U26/><AGARI ba="0,1" hai="4,6,7,16,20,26,69,70" m="15402,41579" machi="26" ten="40,3900,0" yaku="10,1,54,1" doraHai="49" who="1" fromWho="1" sc="175,-13,217,49,293,-13,305,-13" /><INIT seed="5,1,0,2,0,128" ten="162,266,280,292" oya="1" hai0="10,57,115,41,14,133,132,22,5,7,95,1,121" hai1="50,33,120,116,43,80,63,83,69,27,21,130,110" hai2="45,65,90,131,35,62,135,0,71,60,11,107,70" hai3="42,39,46,94,114,28,56,30,37,96,129,51,101"/><U32/><E116/><V52/><F131/><W100/><G129/><T66/><D41/><U13/><E130/><V64/><F107/><W79/><G114/><T112/><D95/><U123/><E13/><V8/><F35/><W134/><G134/><N who="0" m="51819" /><D121/><U23/><E27/><V38/><F135/><W97/><G79/><T106/><D106/><U36/><E43/><V59/><F90/><W77/><G77/><T87/><D87/><U91/><E91/><V58/><F0/><W125/><G125/><T67/><D57/><N who="2" m="21514" /><F11/><W126/><G126/><T89/><D89/><U48/><E36/><V92/><F8/><W40/><G56/><T78/><D78/><U102/><E102/><V72/><F72/><W127/><G127/><T68/><D7/><U19/><E80/><V54/><F92/><W2/><G40/><AGARI ba="1,0" hai="38,40,45,52,54,60,62,64,65,70,71" m="21514" machi="40" ten="30,12000,2" yaku="35,5,54,1" doraHai="128" who="2" fromWho="3" sc="162,0,266,0,280,123,292,-123" /><INIT seed="6,0,0,4,2,93" ten="162,266,403,169" oya="2" hai0="114,79,11,111,65,80,98,77,48,125,1,26,17" hai1="76,131,74,69,103,124,104,96,6,55,20,56,46" hai2="116,112,101,3,78,13,95,21,87,44,31,126,32" hai3="0,97,34,30,82,71,29,36,7,24,121,117,63"/><V4/><F116/><W132/><G117/><T15/><D111/><U40/><E69/><V64/><F32/><W5/><G121/><T128/><D114/><U49/><E131/><V135/><F3/><W62/><G132/><T42/><D128/><U9/><E124/><V22/><F64/><W130/><G130/><T61/><D125/><U41/><E20/><V84/><F31/><W27/><G36/><T23/><D1/><U38/><E40/><V66/><F66/><W16/><G16/><T100/><D80/><U107/><E76/><V106/><F106/><W8/><G7/><T94/><D48/><U2/><E74/><V57/><F57/><W47/><G47/><T118/><D42/><U109/><E109/><V133/><F13/><W39/><G39/><T115/><D115/><U119/><E119/><V45/><F78/><W102/><G82/><T122/><D122/><U58/><E104/><V50/><F50/><W110/><G71/><T19/><REACH who="0" step="1"/><D118/><REACH who="0" ten="152,266,403,169" step="2"/><U25/><E41/><V75/><F126/><W73/><G110/><T54/><D54/><U129/><E55/><V60/><F112/><W123/><G123/><T127/><D127/><U18/><E49/><V52/><F133/><W83/><G83/><T89/><D89/><U91/><E91/><V43/><F43/><W72/><G63/><T81/><D81/><U86/><E129/><V53/><F60/><W51/><G51/><T99/><D99/><U10/><E96/><V105/><F53/><W67/><G62/><T108/><D108/><U33/><E2/><V37/><F135/><W92/><G67/><RYUUKYOKU ba="0,1" sc="152,15,266,-15,403,-15,169,15" hai0="11,15,17,19,23,26,61,65,77,79,94,98,100" hai3="0,5,8,24,27,29,30,34,72,73,92,97,102" /><INIT seed="7,1,1,3,4,90" ten="167,251,388,184" oya="3" hai0="37,35,52,16,2,119,135,56,39,88,130,71,50" hai1="6,109,68,20,33,111,44,79,40,29,57,24,104" hai2="38,12,53,58,31,81,107,96,19,61,59,0,103" hai3="91,3,47,55,65,60,66,83,84,78,128,95,98"/><W23/><G3/><T105/><D119/><U93/><E68/><V62/><F0/><W106/><G128/><T85/><D2/><U63/><E104/><V124/><F124/><W131/><G131/><T7/><D130/><U30/><E6/><V64/><F38/><W42/><G106/><T54/><D7/><U76/><E76/><V80/><F31/><W34/><G34/><T67/><D35/><U1/><E1/><V134/><F134/><W125/><G125/><T70/><D105/><U77/><E77/><V114/><F114/><W102/><G23/><AGARI ba="1,1" hai="12,19,23,53,58,59,61,62,64,80,81,96,103,107" machi="23" ten="30,1000,0" yaku="7,1" doraHai="90" who="2" fromWho="3" sc="167,0,251,0,388,23,184,-13" owari="167,-33.0,251,5.0,411,51.0,171,-23.0" /></mjloggm>