<mjloggm ver="2.3"><GO type="169" lobby="0"/><UN n0="%E6%8C%AF%E8%BE%BC%E5%A4%AA%E9%99%BD" n1="%E5%B0%B1%E6%B4%BB%E7%94%9F%40%E5%B7%9D%E6%9D%91%E8%BB%8D%E5%9B%A3" n2="%E4%BF%BA%E3%81%AE%E5%AB%81" n3="%E6%9A%97%E3%81%84%E7%AC%A6" dan="17,18,16,17" rate="2214.84,2251.68,2050.96,2212.31" sx="M,M,F,M"/><TAIKYOKU oya="0"/><INIT seed="0,0,0,2,2,107" ten="250,250,250,250" oya="0" hai0="113,88,59,89,15,87,37,16,26,6,8,7,82" hai1="129,32,9,60,126,51,131,74,23,47,17,110,22" hai2="73,34,1,98,117,10,71,25,66,103,84,112,85" hai3="91,67,30,132,11,28,134,29,50,81,39,125,64"/><T57/><D37/><U116/><E32/><V42/><F112/><W18/><G39/><T79/><D113/><U61/><E116/><V133/><F133/><N who="3" m="51307" /><G50/><T95/><D89/><U0/><E126/><V54/><F54/><W124/><G11/><T2/><D26/><U58/><E110/><V62/><F42/><W55/><G18/><T69/><D69/><U119/><E119/><V94/><F117/><W52/><G81/><T80/><D80/><U92/><E92/><V72/><F85/><W4/><G4/><T130/><D130/><N who="1" m="49675" /><E74/><V33/><F84/><W63/><G63/><T127/><D127/><N who="3" m="48713" /><G91/><T5/><REACH who="0" step="1"/><D2/><REACH who="0" ten="240,250,250,250" step="2"/><U97/><E0/><V90/><F90/><W118/><G118/><T135/><D135/><U21/><E97/><AGARI ba="0,1" hai="5,6,7,8,15,16,57,59,79,82,87,88,95,97" machi="97" ten="40,12000,1" yaku="1,1,8,1,54,2,53,0" doraHai="107" doraHaiUra="40" who="0" fromWho="1" sc="240,130,250,-120,250,0,250,0" /><INIT seed="0,1,0,4,4,42" ten="370,130,250,250" oya="0" hai0="132,117,111,74,64,129,47,17,110,4,80,11,77" hai1="68,67,118,25,102,112,38,131,76,100,98,83,103" hai2="58,82,52,8,33,34,105,51,10,72,104,54,75" hai3="124,79,120,126,65,3,32,50,57,18,128,0,97"/><T16/><D117/><U94/><E118/><V41/><F41/><W73/><G32/><T81/><D64/><U29/><E112/><V39/><F82/><W90/><G79/><T40/><D81/><U44/><E131/><V66/><F66/><W27/><G73/><T108/><D129/><U31/><E68/><V60/><F60/><N who="3" m="38031" /><G128/><T114/><D132/><U26/><E67/><V46/><F46/><W43/><G27/><T122/><D122/><U5/><E5/><V53/><F58/><W2/><G18/><T88/><D88/><U61/><E61/><V125/><F125/><N who="3" m="48235" /><G120/><T71/><D71/><U55/><E26/><V37/><F54/><W95/><G50/><AGARI ba="1,0" hai="8,10,33,34,37,39,50,51,52,53,72,75,104,105" machi="50" ten="25,3200,0" yaku="22,2,54,1" doraHai="42" who="2" fromWho="3" sc="370,0,130,0,250,35,250,-35" /><INIT seed="1,0,0,2,4,101" ten="370,130,285,215" oya="1" hai0="93,106,82,30,7,72,75,84,111,103,107,34,127" hai1="31,39,16,28,69,112,59,50,121,105,10,66,3" hai2="29,17,91,12,58,98,27,71,6,67,32,129,4" hai3="130,131,33,47,94,60,65,104,53,114,132,40,37"/><U63/><E121/><V36/><F71/><W43/><G33/><T97/><D7/><U57/><E112/><V77/><F129/><N who="3" m="49163" /><G94/><T89/><D30/><U13/><E39/><V38/><F77/><W21/><G21/><T14/><D14/><U41/><E3/><V23/><F67/><W86/><G86/><T85/><D34/><U22/><E105/><N who="0" m="39945" /><D111/><U119/><E119/><V42/><F42/><N who="3" m="22991" /><G104/><N who="0" m="63599" /><D127/><U48/><E22/><V116/><F116/><W134/><G114/><T64/><D64/><U79/><E79/><AGARI ba="0,0" hai="72,75,79,82,84,85,89,93" m="63599,39945" machi="79" ten="30,16000,3" yaku="35,5,52,4" doraHai="101" who="0" fromWho="1" sc="370,160,130,-160,285,0,215,0" owari="530,62.0,-30,-53.0,285,9.0,215,-18.0" /></mjloggm>