<mjloggm ver="2.3"><GO type="169" lobby="0"/><UN n0="%E5%91%82%E5%A7%AB" n1="%E3%81%A8%E3%82%82%E3%81%8D%E3%82%85%E3%82%93%E2%99%AA" n2="%E5%B0%B1%E6%B4%BB%E7%94%9F%40%E5%B7%9D%E6%9D%91%E8%BB%8D%E5%9B%A3" n3="%74%61%74%73%75%37%30%32" dan="16,16,17,16" rate="2130.91,2102.94,2212.31,2156.90" sx="F,F,M,M"/><TAIKYOKU oya="0"/><INIT seed="0,0,0,3,4,78" ten="250,250,250,250" oya="0" hai0="15,47,13,30,123,66,104,5,7,37,38,128,35" hai1="68,109,131,130,97,72,41,90,8,6,65,84,58" hai2="93,105,49,73,40,39,2,119,57,53,44,31,125" hai3="112,116,52,99,120,102,42,135,20,25,91,1,18"/><T12/><D123/><U82/><E109/><V0/><F125/><W92/><G112/><T114/><D114/><U94/><E68/><V103/><F119/><W127/><G116/><T75/><D104/><U88/><E41/><V89/><F31/><W61/><G127/><T21/><D35/><U110/><E72/><V86/><F73/><W27/><G135/><T62/><D128/><U45/><E45/><V121/><F121/><W115/><G1/><T17/><D30/><U134/><E110/><V28/><F28/><W48/><G115/><T4/><D75/><U19/><E19/><V14/><F103/><W3/><G3/><T36/><REACH who="0" step="1"/><D47/><REACH who="0" ten="240,250,250,250" step="2"/><U26/><E134/><V107/><F105/><W34/><G34/><T132/><D132/><U81/><E130/><V54/><F107/><W74/><G74/><T55/><D55/><U59/><E131/><V100/><F100/><W64/><G42/><T113/><D113/><U29/><E65/><V32/><F32/><W129/><G129/><T11/><D11/><U56/><E8/><V43/><F43/><W124/><G124/><T77/><D77/><U83/><REACH who="1" step="1"/><E6/><REACH who="1" ten="240,240,250,250" step="2"/><V106/><F54/><W101/><G120/><T70/><AGARI ba="0,2" hai="4,5,7,12,13,15,17,21,36,37,38,62,66,70" machi="70" ten="40,3900,0" yaku="1,1,0,1,53,0" doraHai="78" doraHaiUra="22" who="0" fromWho="0" sc="240,59,240,-13,250,-13,250,-13" /><INIT seed="0,1,0,5,2,36" ten="299,227,237,237" oya="0" hai0="124,38,69,57,46,106,39,101,6,114,28,50,80" hai1="104,60,105,55,30,71,54,65,48,132,88,111,8" hai2="27,33,78,5,68,85,53,120,118,109,130,123,14" hai3="128,63,32,76,133,40,113,34,134,108,79,131,51"/><T125/><D69/><U59/><E111/><V58/><F68/><W94/><G108/><T75/><D114/><U66/><E132/><N who="3" m="50794" /><G63/><T70/><D70/><U26/><E66/><V91/><F109/><W15/><G15/><T74/><D57/><U47/><E8/><V95/><F130/><N who="3" m="49707" /><G94/><T20/><D6/><U122/><E122/><V21/><F118/><W83/><G113/><T45/><D106/><U18/><E18/><V81/><F33/><N who="3" m="12907" /><G83/><T10/><D10/><U67/><E104/><V97/><F14/><W100/><G100/><T52/><D101/><U117/><E105/><V61/><REACH who="2" step="1"/><F5/><REACH who="2" ten="299,227,227,237" step="2"/><W9/><G9/><T41/><D125/><U44/><E71/><V115/><F115/><W84/><G84/><T96/><D124/><U72/><E117/><V102/><F102/><W110/><G110/><T73/><D73/><U22/><E72/><V4/><F4/><W89/><G89/><T25/><D74/><U29/><E88/><V135/><F135/><W2/><G2/><T7/><D7/><U3/><E3/><V49/><F49/><W12/><G12/><T121/><D39/><U77/><E48/><V31/><AGARI ba="1,1" hai="21,27,31,53,58,61,78,81,85,91,95,97,120,123" machi="31" ten="20,5200,0" yaku="1,1,0,1,7,1,53,1" doraHai="36" doraHaiUra="86" who="2" fromWho="2" sc="299,-27,227,-14,227,65,237,-14" /><INIT seed="1,0,0,3,5,45" ten="272,213,292,223" oya="1" hai0="86,94,73,134,64,28,103,109,25,120,57,107,81" hai1="52,23,0,30,18,27,19,84,10,133,47,124,22" hai2="2,14,118,101,90,76,75,72,24,17,112,44,87" hai3="65,80,78,96,132,71,42,20,13,40,126,58,128"/><U127/><E133/><V111/><F118/><W5/><G132/><T100/><D109/><U31/><E84/><V61/><F111/><W50/><G126/><N who="1" m="48170" /><E47/><V36/><F2/><W85/><G128/><T43/><D73/><U67/><E67/><V68/><F112/><W125/><G125/><T119/><D107/><U9/><E52/><V113/><F101/><W37/><G37/><T15/><D119/><U21/><E0/><V12/><F76/><W74/><G74/><T6/><D43/><N who="3" m="16425" /><G71/><T116/><D116/><U60/><E60/><V110/><F44/><W38/><G38/><T32/><D57/><U95/><E95/><V51/><F61/><N who="3" m="38071" /><G96/><T34/><D64/><U99/><E99/><V35/><F36/><W63/><G63/><T69/><D69/><U93/><E93/><V11/><F87/><W88/><G78/><T82/><D86/><U3/><E3/><V106/><F68/><W29/><G50/><T114/><D134/><U26/><E23/><V129/><F51/><W122/><G122/><T91/><D91/><U92/><E92/><V102/><F102/><W105/><G105/><T108/><D94/><U8/><AGARI ba="0,0" hai="8,9,10,18,19,21,22,26,27,30,31" m="48170" machi="8" ten="30,6000,0" yaku="18,1,34,2" doraHai="45" who="1" fromWho="1" sc="272,-20,213,60,292,-20,223,-20" /><INIT seed="1,1,0,0,4,42" ten="252,273,272,203" oya="1" hai0="98,134,24,111,126,122,40,100,27,103,16,48,57" hai1="29,30,92,119,63,51,33,61,39,31,10,7,131" hai2="85,105,125,37,123,133,38,34,96,0,6,90,93" hai3="66,2,41,58,52,87,15,14,99,81,79,104,21"/><U46/><E39/><V43/><F123/><W11/><G2/><T36/><D122/><U83/><E119/><V72/><F125/><W67/><G41/><T80/><D111/><U9/><E33/><V108/><F108/><W127/><G127/><T106/><D103/><U84/><E92/><V44/><F133/><W17/><G99/><T101/><D101/><U97/><E97/><V102/><F34/><W128/><G128/><T76/><D36/><U54/><E131/><V115/><F115/><W82/><G81/><T117/><D117/><U26/><E26/><V75/><REACH who="2" step="1"/><F37/><REACH who="2" ten="252,273,262,203" step="2"/><W89/><G104/><T4/><D134/><U22/><E22/><V132/><F132/><W86/><G86/><T28/><D126/><U45/><E10/><AGARI ba="1,1" hai="0,6,10,38,43,44,72,75,85,90,93,96,102,105" machi="10" ten="40,5200,0" yaku="1,1,52,1,53,1" doraHai="42" doraHaiUra="68" who="2" fromWho="1" sc="252,0,273,-55,262,65,203,0" /><INIT seed="2,0,0,2,2,73" ten="252,218,327,203" oya="2" hai0="49,85,110,82,95,75,23,115,80,105,114,89,113" hai1="129,24,4,64,81,97,116,101,37,126,108,59,56" hai2="71,2,68,112,87,79,106,43,107,72,117,7,30" hai3="38,41,134,12,67,13,52,0,78,90,19,29,135"/><V70/><F117/><W11/><G67/><T40/><D23/><U111/><E116/><V63/><F112/><W61/><G0/><T39/><D49/><U33/><E37/><V22/><F63/><W86/><G29/><T121/><D40/><U32/><E126/><V100/><F100/><W17/><G41/><T57/><D57/><U127/><E127/><V20/><F87/><W53/><G38/><T42/><D42/><U58/><E129/><V120/><F22/><W109/><G109/><N who="1" m="42058" /><E4/><V94/><F94/><W1/><G1/><T45/><D45/><U83/><E64/><V69/><F69/><W46/><G61/><T47/><D47/><U62/><E62/><V60/><F60/><W18/><G46/><T96/><D39/><U74/><E74/><V34/><F20/><W118/><G118/><T5/><D110/><U26/><E33/><V103/><F103/><W133/><G78/><N who="0" m="44127" /><D5/><U122/><E32/><V54/><F54/><N who="3" m="21099" /><G11/><T92/><D121/><U8/><E122/><V6/><F43/><W88/><G86/><T76/><D95/><N who="1" m="58559" /><E8/><N who="2" m="2135" /><F7/><W130/><G130/><T99/><D105/><U3/><E3/><V16/><F120/><W132/><G132/><T93/><D93/><U10/><E10/><V98/><F71/><W27/><G27/><AGARI ba="0,0" hai="24,26,27,56,58,59,81,83" m="58559,42058" machi="27" ten="30,1000,0" yaku="14,1" doraHai="73" who="1" fromWho="3" sc="252,0,218,10,327,0,203,-10" /><INIT seed="3,0,0,0,0,114" ten="252,228,327,193" oya="3" hai0="51,57,25,63,108,12,126,135,71,73,102,109,37" hai1="116,100,61,74,19,106,6,21,54,47,123,26,8" hai2="27,93,79,124,87,115,81,119,40,11,9,70,88" hai3="76,90,105,75,44,67,104,16,53,122,77,112,82"/><W17/><G112/><T72/><D37/><U69/><E123/><V50/><F115/><W29/><G122/><T134/><D102/><U31/><E74/><V83/><F119/><W38/><G77/><T55/><D25/><U14/><E106/><V129/><F70/><W48/><G29/><T117/><D12/><U56/><E100/><V10/><F129/><W32/><G32/><T125/><D73/><U118/><E69/><V35/><F124/><N who="0" m="47722" /><D72/><U1/><REACH who="1" step="1"/><E47/><REACH who="1" ten="252,218,327,193" step="2"/><N who="2" m="25959" /><F35/><AGARI ba="0,1" hai="1,6,8,14,19,21,26,31,35,54,56,61,116,118" machi="35" ten="40,8000,1" yaku="1,1,24,2,52,2,53,0" doraHai="114" doraHaiUra="99" who="1" fromWho="2" sc="252,0,218,90,327,-80,193,0" /><INIT seed="4,0,0,1,4,88" ten="252,308,247,193" oya="0" hai0="84,133,118,75,20,134,65,35,125,52,98,97,112" hai1="43,49,8,58,38,11,120,59,81,21,93,12,116" hai2="62,83,72,53,104,114,130,16,31,124,5,4,113" hai3="63,121,103,109,76,86,7,25,102,106,27,41,77"/><T37/><D75/><U74/><E116/><V91/><F104/><W2/><G109/><T73/><D73/><U69/><E69/><V1/><F1/><W39/><G121/><T9/><D35/><U14/><E38/><V129/><F31/><W48/><G39/><T71/><D37/><U79/><E120/><V94/><F124/><W46/><G2/><T85/><D118/><U105/><E105/><V15/><F83/><W117/><G117/><T32/><D32/><U3/><E3/><V115/><F53/><W127/><G127/><T66/><D125/><U44/><E21/><N who="2" m="11423" /><F62/><W111/><G111/><T64/><D71/><U47/><E47/><V34/><F34/><W10/><G63/><T23/><D9/><U29/><E29/><V95/><F95/><W26/><G106/><T126/><D126/><U82/><E93/><V101/><F101/><W55/><G55/><T110/><D110/><U19/><E82/><V132/><F132/><N who="0" m="50794" /><D52/><U100/><E100/><N who="3" m="38442" /><G86/><N who="0" m="33387" /><D112/><U89/><E74/><V28/><F28/><W40/><G40/><T24/><D24/><U92/><E43/><V70/><F70/><W96/><G96/><AGARI ba="0,0" hai="20,23,64,65,66,96,97,98" m="33387,50794" machi="96" ten="40,7700,0" yaku="28,2,20,1" doraHai="88" who="0" fromWho="3" sc="252,77,308,0,247,0,193,-77" /><INIT seed="4,1,0,5,5,25" ten="329,308,247,116" oya="0" hai0="127,45,32,74,30,55,111,6,15,67,131,106,123" hai1="96,113,135,93,40,69,116,124,54,48,34,114,90" hai2="43,103,119,63,35,4,99,78,117,109,108,79,38" hai3="7,115,100,14,107,84,128,92,70,65,110,29,120"/><T60/><D106/><U11/><E116/><N who="2" m="44619" /><F35/><W20/><G92/><T5/><D74/><U86/><E69/><V28/><F4/><W105/><G84/><T62/><D123/><U89/><E124/><V31/><F63/><W68/><G65/><T27/><D127/><U102/><E40/><V9/><F9/><W23/><G100/><T37/><D131/><U130/><E135/><V80/><F43/><W8/><G110/><N who="2" m="42601" /><F38/><W49/><G120/><T41/><D111/><U66/><E66/><V94/><F79/><W46/><G115/><N who="1" m="44042" /><E34/><V134/><F134/><W101/><G128/><T95/><D55/><U42/><E42/><V112/><F112/><W98/><G23/><T71/><D62/><U36/><E36/><V77/><F77/><W12/><G107/><T76/><D76/><U118/><E11/><V72/><AGARI ba="1,0" hai="28,31,72,78,80,94,99,103" m="42601,44619" machi="72" ten="30,4000,0" yaku="12,1,52,2" doraHai="25" who="2" fromWho="2" sc="329,-21,308,-11,247,43,116,-11" /><INIT seed="5,0,0,5,1,1" ten="308,297,290,105" oya="1" hai0="47,23,101,6,98,27,12,103,93,0,125,132,46" hai1="19,116,109,133,71,108,9,89,82,55,105,92,87" hai2="134,60,34,94,35,91,122,54,11,107,114,48,84" hai3="118,10,74,81,21,96,123,53,33,79,51,49,56"/><U7/><E116/><V3/><F122/><W42/><G118/><T95/><D0/><U85/><E105/><V73/><F134/><W5/><G123/><T80/><D125/><U14/><E71/><V66/><F114/><W28/><G33/><T61/><D132/><U72/><E72/><V31/><F73/><W67/><G67/><T88/><D80/><U70/><E70/><V16/><F107/><W44/><G96/><N who="0" m="57383" /><D61/><U40/><E40/><V124/><F31/><W24/><G56/><T75/><D103/><U69/><E55/><V127/><F35/><W68/><G68/><T100/><D100/><U59/><E59/><V58/><F34/><W15/><REACH who="3" step="1"/><G53/><REACH who="3" ten="308,297,290,95" step="2"/><T8/><D75/><U128/><E69/><V63/><F66/><W90/><G90/><T41/><D41/><U77/><E133/><V43/><F43/><W121/><G121/><T129/><D129/><U102/><E128/><V39/><F63/><W65/><G65/><T32/><D32/><U20/><REACH who="1" step="1"/><E102/><REACH who="1" ten="308,287,290,95" step="2"/><V99/><F54/><W120/><G120/><T119/><D119/><U130/><E130/><V126/><F58/><W135/><G135/><T45/><D45/><U115/><E115/><V13/><F127/><W117/><G117/><T2/><D47/><U18/><E18/><V36/><F16/><W4/><G4/><T62/><D46/><U26/><AGARI ba="0,2" hai="7,9,14,19,20,26,77,82,85,87,89,92,108,109" machi="26" ten="30,6000,0" yaku="1,1,0,1,52,1,53,0" doraHai="1" doraHaiUra="131" who="1" fromWho="1" sc="308,-20,287,80,290,-20,95,-20" /><INIT seed="5,1,0,1,3,77" ten="288,367,270,75" oya="1" hai0="18,74,121,48,38,79,16,89,28,72,21,52,118" hai1="15,125,61,133,31,22,132,10,1,51,91,19,97" hai2="5,104,6,80,23,134,135,106,49,60,34,24,90" hai3="122,129,53,9,14,98,123,87,12,103,47,126,130"/><U62/><E125/><V102/><F34/><W42/><G126/><T26/><D38/><U88/><E51/><V110/><F110/><W0/><G53/><T32/><D118/><U44/><E44/><V71/><F49/><W4/><G14/><T20/><D121/><U117/><E117/><V64/><F5/><W127/><G127/><T59/><D89/><N who="1" m="34379" /><E97/><V78/><F6/><W73/><G87/><T13/><REACH who="0" step="1"/><D79/><REACH who="0" ten="278,367,270,75" step="2"/><U27/><E1/><V66/><F90/><W37/><G12/><AGARI ba="1,1" hai="12,13,16,18,20,21,26,28,32,48,52,59,72,74" machi="12" ten="30,12000,2" yaku="1,1,2,1,7,1,9,1,54,2,53,0" doraHai="77" doraHaiUra="41" who="0" fromWho="3" sc="278,133,367,0,270,0,75,-123" owari="411,51.0,367,17.0,270,-13.0,-48,-55.0" /></mjloggm>