<mjloggm ver="2.3"><GO type="169" lobby="0"/><UN n0="%E6%99%82%E3%81%AE%E6%BC%82%E6%B3%8A" n1="%E5%B0%B1%E6%B4%BB%E7%94%9F%40%E5%B7%9D%E6%9D%91%E8%BB%8D%E5%9B%A3" n2="%68%65%61%6C%74%68%79%37" n3="%6B%77%5F%67%69%66%75" dan="17,18,17,16" rate="2180.15,2329.74,2167.93,2053.47" sx="F,M,M,M"/><TAIKYOKU oya="0"/><INIT seed="0,0,0,4,0,16" ten="250,250,250,250" oya="0" hai0="61,5,129,107,102,113,6,4,12,85,18,44,134" hai1="59,36,135,25,26,111,88,60,103,74,112,53,91" hai2="121,2,8,0,32,114,104,68,41,99,55,69,124" hai3="33,50,84,67,54,83,48,101,70,97,126,11,42"/><T116/><D113/><U1/><E1/><V22/><F121/><W27/><G126/><T23/><D116/><U31/><E74/><V17/><F32/><W131/><G131/><T75/><D75/><U93/><E112/><V92/><F104/><W127/><G127/><T65/><D134/><U100/><E36/><V105/><F105/><W35/><G11/><T62/><D129/><U130/><E135/><V3/><F41/><W76/><G42/><T40/><D85/><U79/><E79/><V119/><F119/><W95/><G50/><T24/><D65/><U21/><E111/><V118/><F118/><W125/><G125/><T30/><D102/><U122/><E122/><V120/><F120/><W106/><G27/><T71/><D71/><U51/><E130/><V128/><F128/><W9/><G9/><T43/><D107/><U64/><E26/><V77/><F124/><W94/><G94/><T15/><D43/><U56/><E91/><V90/><F77/><W66/><G66/><T87/><D87/><AGARI ba="0,0" hai="21,25,31,51,53,56,59,60,64,87,88,93,100,103" machi="87" ten="30,7700,0" yaku="7,1,8,1,52,1,54,1" doraHai="16" who="1" fromWho="0" sc="250,-77,250,77,250,0,250,0" /><INIT seed="1,0,0,2,5,63" ten="173,327,250,250" oya="1" hai0="114,85,116,29,118,35,90,25,134,78,122,111,101" hai1="119,28,16,127,80,89,53,94,65,103,113,43,64" hai2="66,49,14,135,36,92,5,30,42,46,120,4,131" hai3="93,44,98,20,83,0,7,130,59,23,86,88,74"/><U81/><E119/><V106/><F120/><W56/><G130/><T72/><D114/><U58/><E113/><V11/><F106/><W62/><G74/><T52/><D122/><U115/><E115/><V104/><F104/><W97/><G97/><T32/><D111/><U75/><E28/><V54/><F135/><W129/><G129/><T125/><D125/><U124/><E43/><V18/><F131/><W126/><G126/><N who="1" m="48170" /><E103/><V102/><F30/><W47/><G59/><T26/><D101/><U60/><E16/><V68/><F92/><W107/><G107/><T40/><D40/><U13/><E13/><V128/><F102/><W133/><G133/><T69/><D69/><U70/><E75/><V22/><F22/><N who="3" m="8235" /><G7/><T31/><D134/><U99/><E70/><V38/><F36/><W1/><G1/><T117/><D72/><U110/><E110/><V15/><F15/><W96/><G0/><T19/><D19/><U2/><E2/><V112/><F112/><W61/><G98/><T17/><D17/><U77/><E77/><V100/><F100/><N who="3" m="60431" /><G61/><T79/><D79/><U82/><AGARI ba="0,0" hai="53,58,60,64,65,80,81,82,89,94,99" m="48170" machi="82" ten="30,6000,0" yaku="18,1,52,2" doraHai="63" who="1" fromWho="1" sc="173,-20,327,60,250,-20,250,-20" /><INIT seed="1,1,0,0,4,87" ten="153,387,230,230" oya="1" hai0="102,27,135,2,51,85,38,1,44,28,82,40,10" hai1="77,5,4,80,22,96,50,8,122,57,31,76,19" hai2="45,121,90,14,105,43,17,108,99,97,132,110,78" hai3="127,103,130,86,117,64,18,71,37,29,94,81,55"/><U111/><E122/><V95/><F132/><W63/><G127/><T104/><D135/><U88/><E31/><V49/><F78/><W126/><G126/><T30/><D38/><U69/><E69/><V124/><F121/><W129/><G37/><T25/><D104/><U100/><E111/><N who="2" m="42539" /><F124/><W13/><G29/><T128/><D102/><U116/><E116/><V120/><F120/><W109/><G109/><T35/><D10/><U0/><E5/><V112/><F112/><W92/><G55/><T123/><D128/><N who="3" m="49257" /><G103/><T26/><D26/><U125/><E125/><V68/><F68/><W74/><G74/><T52/><D40/><U66/><E100/><V119/><F119/><W72/><G72/><T75/><D75/><U91/><E96/><N who="2" m="57463" /><F105/><W48/><G117/><T46/><D46/><U115/><E115/><V11/><AGARI ba="1,0" hai="11,14,17,43,45,49,97,99" m="57463,42539" machi="11" ten="30,2000,0" yaku="14,1,52,1" doraHai="87" who="2" fromWho="2" sc="153,-6,387,-11,230,23,230,-6" /><INIT seed="2,0,0,4,4,132" ten="147,376,253,224" oya="2" hai0="77,94,104,80,19,8,92,110,13,53,70,95,84" hai1="41,57,38,25,2,115,28,1,37,101,50,134,103" hai2="3,24,112,0,129,42,22,10,54,90,98,93,130" hai3="35,97,114,4,69,108,116,89,74,56,120,64,21"/><V46/><F112/><W105/><G21/><T124/><D110/><U100/><E134/><V29/><F54/><W96/><G56/><T63/><D104/><U45/><E115/><V99/><F98/><W6/><G64/><T23/><D70/><U39/><REACH who="1" step="1"/><E57/><REACH who="1" ten="147,366,253,224" step="2"/><V131/><REACH who="2" step="1"/><F10/><REACH who="2" ten="147,366,243,224" step="2"/><W68/><G114/><T14/><D8/><U16/><E16/><V107/><F107/><W32/><G105/><T48/><D19/><U106/><E106/><V75/><F75/><W102/><G74/><T73/><D73/><U31/><E31/><V5/><F5/><W72/><G72/><T20/><D63/><U44/><E44/><V133/><F133/><W127/><G6/><T65/><D65/><U55/><E55/><V126/><F126/><W119/><G4/><T71/><D71/><U67/><E67/><V62/><F62/><W91/><G127/><T47/><REACH who="0" step="1"/><D124/><REACH who="0" ten="137,366,243,224" step="2"/><U18/><E18/><V125/><F125/><W58/><G68/><T78/><D78/><U43/><E43/><V87/><F87/><W88/><G69/><T76/><D76/><U36/><N who="1" m="9728" /><DORA hai="82" /><U135/><E135/><V113/><F113/><W79/><G79/><T59/><D59/><U12/><E12/><AGARI ba="0,3" hai="12,13,14,20,23,47,48,53,77,80,84,92,94,95" machi="12" ten="40,5200,0" yaku="1,1,8,1,52,1,53,0" doraHai="132,82" doraHaiUra="27,111" who="0" fromWho="1" sc="137,82,366,-52,243,0,224,0" /><INIT seed="3,0,0,0,4,27" ten="219,314,243,224" oya="3" hai0="130,7,131,83,115,37,134,33,84,54,66,40,95" hai1="111,57,85,4,65,55,113,69,17,91,58,76,29" hai2="0,41,63,12,116,32,124,87,102,51,53,132,89" hai3="118,64,6,35,106,109,11,97,34,23,28,46,133"/><W21/><G118/><T88/><D66/><U80/><E113/><V79/><F0/><W101/><G133/><T99/><D7/><U3/><E69/><V117/><F124/><W56/><G35/><T119/><D119/><U36/><E36/><V129/><F129/><N who="0" m="49162" /><D54/><U45/><E17/><V18/><F79/><W78/><G78/><N who="0" m="46199" /><D40/><U98/><E111/><V68/><F32/><W1/><G109/><T44/><D44/><U38/><E65/><V39/><F102/><W82/><G82/><T96/><D33/><U127/><E127/><V30/><F132/><W70/><G56/><T121/><D37/><U103/><E76/><V104/><F104/><W123/><G46/><T67/><D67/><U10/><E38/><V19/><F19/><W125/><G125/><T135/><D121/><U92/><E45/><V31/><F39/><W86/><G123/><T108/><D108/><U74/><E74/><V15/><F68/><W93/><G64/><T9/><D9/><U94/><E80/><V52/><F41/><W75/><G70/><T126/><D126/><U105/><E105/><V81/><F116/><W42/><G42/><T110/><D110/><U25/><E55/><V71/><F71/><W49/><G75/><T2/><D2/><U16/><E4/><V128/><F128/><W5/><G5/><T90/><D115/><U72/><E3/><V114/><F114/><W60/><G60/><T20/><D20/><N who="3" m="7753" /><G49/><T112/><D112/><U26/><E72/><V122/><F122/><W14/><G1/><T59/><D59/><U100/><E58/><N who="2" m="35271" /><F117/><W107/><G6/><RYUUKYOKU ba="0,0" sc="219,30,314,-10,243,-10,224,-10" hai0="88,90,95,96,99,134,135" /><INIT seed="4,1,0,0,3,77" ten="249,304,233,214" oya="0" hai0="117,86,135,34,124,4,79,13,74,116,19,50,57" hai1="2,132,134,60,88,110,63,108,126,98,30,54,119" hai2="20,61,120,52,49,109,15,23,75,10,62,17,14" hai3="3,95,21,94,6,32,80,29,76,12,24,58,83"/><T133/><D34/><U107/><E2/><V43/><F75/><W8/><G58/><T33/><D33/><U28/><E119/><V38/><F109/><N who="1" m="42089" /><E126/><V48/><F120/><W64/><G64/><T103/><D74/><U82/><E107/><V40/><F38/><W51/><G51/><T89/><D4/><U71/><E71/><V81/><F81/><N who="3" m="31307" /><G76/><T37/><D79/><U100/><E100/><V39/><F39/><W56/><G56/><T53/><D103/><U66/><E66/><V35/><F35/><W27/><G27/><T45/><D57/><U9/><E54/><V91/><F91/><W92/><G92/><N who="0" m="54327" /><D37/><U44/><E44/><N who="2" m="25607" /><F43/><W115/><G115/><T118/><D124/><U106/><E106/><V127/><F127/><W67/><G67/><T0/><D0/><U41/><E41/><V87/><F87/><W70/><G70/><T96/><D118/><U65/><E65/><V114/><F114/><W31/><G31/><T16/><D117/><U130/><E30/><V26/><F15/><W85/><G85/><T99/><D13/><U22/><E28/><N who="2" m="17479" /><F10/><W11/><G11/><T25/><D25/><U7/><E9/><V68/><F68/><W121/><G121/><T59/><D116/><U101/><E63/><V36/><F36/><W42/><G42/><T125/><D125/><U111/><E60/><V1/><F1/><W112/><G112/><T78/><D59/><AGARI ba="1,0" hai="14,17,23,49,52,59,61,62" m="17479,25607" machi="59" ten="30,2000,0" yaku="8,1,54,1" doraHai="77" who="2" fromWho="0" sc="249,-23,304,0,233,23,214,0" /><INIT seed="5,0,0,3,5,75" ten="226,304,256,214" oya="1" hai0="47,108,62,69,114,74,124,118,63,56,57,33,21" hai1="58,120,61,101,88,116,125,65,122,113,82,102,30" hai2="4,67,17,7,3,121,54,86,13,123,8,24,97" hai3="96,10,43,37,66,104,34,9,53,129,71,126,117"/><U15/><E116/><V39/><F39/><W134/><G117/><T128/><D33/><U12/><E125/><V73/><F73/><W22/><G126/><T76/><D118/><U31/><E113/><V115/><F67/><W68/><G134/><T16/><D108/><U46/><E46/><V0/><F97/><W87/><G37/><T98/><D124/><U60/><E82/><V45/><F86/><W2/><G34/><T36/><D69/><U77/><E58/><V89/><F89/><W119/><G43/><T131/><D114/><U32/><E32/><V64/><F64/><W20/><G66/><T85/><D74/><U44/><E65/><V83/><F83/><W93/><G53/><T41/><D98/><U112/><E44/><V79/><F54/><W55/><G55/><T5/><D5/><N who="2" m="2122" /><F79/><W127/><G127/><T84/><D57/><U38/><E112/><V26/><F45/><W27/><G104/><T35/><D35/><U105/><E38/><V11/><F115/><W29/><G96/><T95/><D56/><U42/><E105/><V40/><F40/><W1/><G93/><T91/><D85/><U72/><E42/><V109/><F109/><W51/><G87/><T18/><D76/><U100/><E100/><V94/><F94/><W110/><G110/><T6/><D6/><U133/><E72/><V80/><F80/><W130/><G119/><T106/><D106/><U70/><E77/><V52/><F52/><W81/><G81/><T49/><D36/><U28/><E70/><V111/><F111/><W132/><G68/><T99/><D41/><RYUUKYOKU ba="0,0" sc="226,0,304,0,256,0,214,0" /><INIT seed="6,1,0,0,2,29" ten="226,304,256,214" oya="2" hai0="68,112,48,45,0,100,63,5,33,53,97,132,61" hai1="36,65,108,60,32,6,129,94,20,83,87,19,7" hai2="85,31,55,116,119,13,56,104,21,99,15,18,118" hai3="120,46,127,134,67,103,66,50,30,135,81,111,38"/><V80/><F31/><W14/><G120/><T47/><D112/><U16/><E32/><V90/><F13/><W10/><G38/><T130/><D132/><N who="3" m="50729" /><G111/><T84/><D130/><U52/><E36/><V121/><F121/><W115/><G127/><T49/><D68/><U74/><E74/><V57/><REACH who="2" step="1"/><F55/><REACH who="2" ten="226,304,246,214" step="2"/><N who="3" m="30167" /><G115/><T77/><D53/><U17/><E52/><V8/><F8/><W93/><G30/><T37/><D0/><U102/><E108/><V24/><F24/><W39/><G39/><T101/><D37/><U59/><E129/><V78/><F78/><W54/><G54/><T73/><D77/><N who="1" m="46575" /><E20/><V23/><F23/><W72/><G14/><T34/><D47/><U44/><E44/><V58/><F58/><W86/><G10/><T4/><D45/><U109/><E109/><V27/><F27/><W71/><G71/><T110/><D110/><U106/><E106/><V91/><F91/><N who="3" m="53495" /><G103/><AGARI ba="1,1" hai="15,18,21,56,57,80,85,90,99,103,104,116,118,119" machi="103" ten="40,2000,0" yaku="1,1,53,0" doraHai="29" doraHaiUra="123" who="2" fromWho="3" sc="226,0,304,0,246,33,214,-23" /><INIT seed="6,2,0,3,2,125" ten="226,304,279,191" oya="2" hai0="9,31,126,29,82,11,10,69,34,100,93,13,79" hai1="20,101,59,62,43,105,96,117,7,94,118,33,2" hai2="26,135,14,98,6,35,83,45,77,16,78,41,127" hai3="58,72,123,86,90,51,111,53,50,124,99,84,52"/><V131/><F127/><W91/><G111/><T129/><D126/><U46/><E33/><V22/><F135/><W76/><G123/><T56/><D69/><U106/><E2/><V121/><F121/><W132/><G132/><T38/><D38/><U120/><E120/><V87/><F131/><W67/><G124/><T60/><D129/><U75/><E75/><V130/><F130/><W54/><G72/><T48/><D48/><U80/><E7/><V24/><F35/><W113/><G113/><T39/><D39/><U71/><E71/><V107/><F78/><W1/><G1/><T68/><D68/><U103/><E80/><V47/><F45/><W85/><G76/><T65/><D13/><U97/><E94/><V40/><F40/><W49/><G99/><N who="0" m="59503" /><D34/><U5/><E5/><V70/><F70/><W44/><REACH who="3" step="1"/><G67/><REACH who="3" ten="226,304,279,181" step="2"/><T23/><D23/><U27/><E20/><V134/><F134/><W128/><G128/><T64/><D65/><U42/><E117/><V114/><F114/><W37/><G37/><T25/><D25/><U119/><E27/><V88/><F24/><W74/><G74/><T116/><D116/><U133/><E133/><V32/><F26/><W102/><G102/><T112/><D112/><U15/><E103/><N who="2" m="62967" /><F77/><W63/><G63/><T66/><D66/><N who="1" m="39263" /><E106/><V8/><F32/><W30/><G30/><T0/><D0/><U3/><E3/><V81/><F22/><W19/><G19/><T61/><D61/><U36/><E118/><V95/><F16/><W21/><G21/><T57/><D31/><U12/><E119/><V18/><F18/><RYUUKYOKU ba="2,1" sc="226,-15,304,-15,279,15,181,15" hai2="6,8,14,41,47,81,83,87,88,95" hai3="44,49,50,51,52,53,54,58,84,85,86,90,91" /><INIT seed="6,3,1,5,2,12" ten="211,289,294,196" oya="2" hai0="73,11,13,78,131,49,130,35,89,6,92,86,115" hai1="40,61,75,71,99,56,135,47,59,111,65,9,15" hai2="7,10,64,44,90,68,101,116,41,39,98,16,21" hai3="118,52,117,77,83,97,50,0,110,100,96,113,122"/><V14/><F116/><W112/><G110/><T107/><D35/><U104/><E111/><V82/><F68/><W22/><G0/><T81/><D115/><N who="3" m="44105" /><G122/><T1/><D49/><U133/><E75/><V43/><F64/><W88/><G22/><T24/><D1/><U120/><E99/><N who="3" m="37962" /><G100/><T119/><D119/><U129/><E104/><V31/><F31/><W109/><G109/><T121/><D121/><U126/><E120/><V69/><F69/><W91/><G117/><T66/><D66/><U62/><E129/><N who="0" m="49161" /><D24/><U134/><E62/><V23/><F41/><W19/><G19/><T79/><D79/><U42/><E126/><V26/><F21/><W29/><G29/><T38/><D38/><N who="1" m="21911" /><E42/><V123/><F123/><W80/><G118/><T30/><D30/><U127/><E127/><V102/><REACH who="2" step="1"/><F98/><REACH who="2" ten="211,289,284,196" step="2"/><W20/><G20/><T4/><D107/><U93/><E71/><V27/><F27/><W108/><G108/><T63/><D63/><U36/><E61/><V128/><F128/><W85/><G80/><T34/><D34/><U103/><E65/><V124/><F124/><W45/><AGARI ba="3,2" hai="45,50,52,77,83,85,88,91" m="37962,44105" machi="45" ten="30,7900,0" yaku="15,1,11,1,54,2" doraHai="12" who="3" fromWho="3" sc="211,-23,289,-23,284,-42,196,108" /><INIT seed="7,0,0,0,2,67" ten="188,266,242,304" oya="3" hai0="45,96,109,30,42,56,120,62,114,54,47,127,23" hai1="93,26,32,82,49,6,3,125,43,48,128,106,7" hai2="16,55,61,36,102,135,15,21,124,51,63,83,69" hai3="8,100,25,27,116,86,92,95,28,105,24,133,118"/><W115/><G105/><T79/><D96/><U113/><E106/><V121/><F36/><W59/><G95/><T13/><D79/><U57/><E3/><V131/><F135/><W12/><G133/><T65/><D13/><U77/><E93/><V91/><F131/><W111/><G115/><T99/><D99/><U107/><E113/><V1/><F1/><W85/><G111/><T87/><D87/><N who="3" m="33289" /><G116/><T14/><D14/><U130/><E107/><V108/><F108/><W78/><G78/><T17/><D23/><U119/><E125/><V53/><F91/><W0/><G0/><T44/><D17/><U103/><E103/><V66/><F83/><W74/><G74/><T126/><D30/><U10/><E119/><V122/><F102/><W76/><G76/><T19/><D19/><U34/><E7/><V71/><F124/><N who="0" m="47658" /><D109/><U81/><E77/><V88/><F88/><W98/><G118/><T5/><D5/><U90/><E90/><V52/><F51/><W73/><G73/><T101/><D101/><U41/><E6/><V97/><F97/><W58/><G28/><T9/><D9/><U18/><E10/><V132/><F132/><W40/><G40/><T4/><D4/><AGARI ba="0,0" hai="4,8,12,24,25,27,58,59,92,98,100" m="33289" machi="4" ten="30,1500,0" yaku="8,1" doraHai="67" who="3" fromWho="0" sc="188,-15,266,0,242,0,304,15" owari="173,-33.0,266,7.0,242,-16.0,319,42.0" /></mjloggm>