<mjloggm ver="2.3"><GO type="169" lobby="0"/><UN n0="%E3%83%98%E3%82%AF%E3%82%B5%E3%83%BC" n1="%77%61%77%61%33%30%33%30" n2="%E9%9B%80%E9%BE%8D%E9%96%80%5F%59%75%74%69" n3="%E3%82%A6%E3%83%AB%E3%83%88%E3%83%A9%E7%AB%8B%E7%9B%B4" dan="16,17,18,17" rate="2140.38,2202.28,2219.45,2227.63" sx="M,M,M,M"/><TAIKYOKU oya="0"/><INIT seed="0,0,0,2,5,93" ten="250,250,250,250" oya="0" hai0="19,60,99,130,4,69,24,32,101,62,63,135,35" hai1="1,52,10,85,131,49,92,66,106,132,86,6,59" hai2="71,40,123,39,14,12,16,17,51,124,57,5,109" hai3="98,45,20,111,112,87,126,3,134,90,56,121,9"/><T133/><D69/><U30/><E106/><V73/><F123/><W104/><G112/><T77/><D130/><U128/><E132/><N who="0" m="50761" /><D77/><U102/><E30/><V55/><F73/><W34/><G34/><N who="0" m="12843" /><D4/><U41/><E41/><V113/><F113/><W83/><G126/><T97/><D101/><U42/><E42/><V33/><F33/><W72/><G72/><T11/><D11/><U67/><E86/><V127/><F71/><W23/><G9/><T28/><D28/><U26/><E26/><V36/><F5/><W125/><G125/><N who="2" m="48201" /><F109/><W117/><G111/><T54/><D54/><U75/><E75/><V96/><F40/><W21/><G3/><T37/><D37/><N who="2" m="14410" /><F17/><W118/><G134/><T74/><D74/><U95/><E128/><V7/><F7/><W22/><G121/><T114/><D114/><U29/><E29/><V108/><F108/><W38/><G38/><T115/><D115/><U64/><E131/><V120/><F120/><W61/><G118/><T65/><D65/><U110/><E110/><V105/><F16/><W18/><G117/><T47/><D47/><U70/><E70/><V129/><F129/><W8/><G45/><T78/><D78/><U100/><E6/><V50/><F50/><W53/><G8/><T25/><D25/><U91/><E10/><V15/><F15/><N who="3" m="9311" /><G22/><AGARI ba="0,0" hai="19,22,24,60,62,63,97,99" m="12843,50761" machi="22" ten="40,7700,0" yaku="20,1,52,2" doraHai="93" who="0" fromWho="3" sc="250,77,250,0,250,0,250,-77" /><INIT seed="0,1,0,1,0,31" ten="327,250,250,173" oya="0" hai0="5,21,60,9,88,78,47,49,34,8,132,12,85" hai1="57,91,64,15,13,3,107,98,23,100,69,116,33" hai2="117,75,30,71,125,133,61,89,80,83,87,16,121" hai3="86,58,18,10,6,36,37,129,63,53,118,11,45"/><T28/><D132/><U134/><E116/><V25/><F125/><W14/><G118/><T40/><D78/><U126/><E134/><V32/><F133/><W120/><G120/><T0/><D21/><U7/><E126/><V27/><F117/><W74/><G74/><T41/><D60/><U112/><E112/><V101/><F101/><W51/><G86/><T122/><D122/><U110/><E110/><V95/><F121/><W119/><G129/><T111/><D111/><U68/><E3/><V2/><F2/><W113/><G113/><T124/><D124/><U102/><E102/><V66/><REACH who="2" step="1"/><F75/><REACH who="2" ten="327,250,240,173" step="2"/><W77/><G119/><T70/><D70/><U135/><E100/><V62/><F62/><W84/><G84/><T43/><D0/><U96/><E68/><V105/><F105/><W76/><G37/><T103/><D103/><U109/><E69/><V94/><F94/><W50/><G36/><T67/><D67/><U93/><E64/><V59/><F59/><W123/><G123/><T44/><D47/><U130/><E57/><V108/><F108/><W81/><G81/><T92/><REACH who="0" step="1"/><D8/><REACH who="0" ten="317,250,240,173" step="2"/><U35/><E109/><V29/><F29/><W17/><G11/><T24/><AGARI ba="1,2" hai="5,9,12,24,28,34,40,41,43,44,49,85,88,92" machi="24" ten="30,12000,1" yaku="1,1,2,1,0,1,52,1,54,1,53,0" doraHai="31" doraHaiUra="54" who="0" fromWho="0" sc="317,143,250,-41,240,-41,173,-41" /><INIT seed="0,2,0,1,3,81" ten="460,209,199,132" oya="0" hai0="135,32,19,28,54,60,68,3,93,25,103,79,107" hai1="74,40,119,78,86,122,30,104,35,48,80,63,73" hai2="133,117,83,132,4,62,72,49,105,16,21,70,69" hai3="114,24,51,29,0,67,77,43,128,8,123,38,134"/><T41/><D3/><U36/><E119/><V47/><F117/><W108/><G114/><T121/><D121/><U18/><E122/><V95/><F105/><W76/><G123/><T110/><D93/><U120/><E120/><V9/><F62/><W64/><G38/><T126/><D126/><U11/><E36/><V124/><F95/><W59/><G108/><T33/><D135/><N who="2" m="51786" /><F72/><W65/><G128/><T14/><D41/><U13/><E104/><V127/><F83/><W87/><G134/><T31/><D110/><U6/><E63/><V82/><F82/><W96/><G96/><T55/><D79/><U39/><E39/><V129/><F129/><W99/><G99/><N who="0" m="61951" /><D31/><U23/><E35/><V75/><F75/><W22/><G87/><T89/><D32/><U45/><REACH who="1" step="1"/><E30/><REACH who="1" ten="460,199,199,132" step="2"/><V90/><F127/><W26/><G29/><T10/><D28/><U7/><E7/><V56/><F124/><W125/><G125/><T20/><D33/><U5/><E5/><V46/><F4/><W101/><G65/><T53/><D60/><U118/><E118/><V94/><F16/><W130/><G67/><T1/><D19/><U27/><AGARI ba="2,1" hai="6,11,13,18,23,27,40,45,48,73,74,78,80,86" machi="27" ten="20,12000,2" yaku="1,1,0,1,7,1,25,2,52,1,53,0" doraHai="81" doraHaiUra="91" who="1" fromWho="1" sc="460,-62,199,136,199,-32,132,-32" /><INIT seed="1,0,0,3,5,23" ten="398,335,167,100" oya="1" hai0="12,35,3,58,72,107,20,106,22,90,8,91,44" hai1="75,120,114,5,29,51,80,117,45,52,26,53,101" hai2="64,59,39,46,21,16,13,129,49,0,69,94,62" hai3="34,78,84,100,126,85,111,118,76,82,123,68,15"/><U41/><E117/><V6/><F129/><W135/><G68/><T132/><D132/><U57/><E120/><V103/><F39/><W127/><G34/><T105/><D35/><U131/><E114/><V71/><F0/><W25/><G15/><T40/><D72/><U65/><E131/><V92/><F6/><W38/><G38/><T128/><D128/><U97/><E5/><V11/><F11/><W54/><G54/><T32/><D32/><U88/><E75/><V42/><F103/><W17/><G17/><T124/><D124/><N who="3" m="47657" /><G25/><T18/><D58/><U86/><E65/><V79/><F71/><W27/><G27/><T73/><D73/><U96/><E101/><V14/><F14/><W19/><G19/><T61/><D61/><U116/><E116/><V66/><F66/><W55/><G55/><T10/><D3/><U56/><E56/><V104/><F69/><W108/><G118/><T125/><D125/><U122/><E122/><V87/><F104/><N who="0" m="40042" /><D20/><N who="1" m="15559" /><E41/><V93/><REACH who="2" step="1"/><F79/><REACH who="2" ten="398,335,157,100" step="2"/><N who="3" m="46175" /><G123/><T50/><D107/><U67/><E67/><V130/><F130/><W33/><G135/><T1/><D8/><U113/><E113/><V48/><F48/><AGARI ba="0,1" hai="45,48,51,52,53,57,80,86,88,96,97" m="15559" machi="48" ten="30,11600,0" yaku="8,1,52,1,54,2" doraHai="23" who="1" fromWho="2" sc="398,0,335,126,157,-116,100,0" /><INIT seed="1,1,0,5,0,35" ten="398,461,41,100" oya="1" hai0="102,134,57,28,108,91,38,54,15,68,21,37,64" hai1="48,106,45,114,58,60,124,104,6,135,59,19,39" hai2="27,31,73,84,25,80,11,12,122,129,52,112,113" hai3="76,81,87,82,56,10,110,109,78,47,17,0,9"/><U43/><E114/><V42/><F122/><W100/><G100/><T69/><D108/><N who="3" m="41577" /><G56/><T66/><D134/><U1/><E135/><V5/><F73/><N who="3" m="43151" /><G47/><T7/><D102/><U2/><E124/><V93/><F129/><W3/><G17/><T77/><D69/><U49/><E6/><V71/><F71/><W29/><G29/><T8/><D68/><U98/><E19/><V34/><F42/><W90/><G90/><T85/><D77/><U65/><E98/><V70/><F70/><W18/><G18/><T120/><D37/><U133/><E133/><V61/><F93/><W95/><G95/><T115/><D38/><U72/><E72/><V128/><F128/><W24/><G24/><T127/><D28/><U116/><E116/><V83/><F27/><W103/><G103/><T32/><D57/><U46/><E58/><N who="2" m="35015" /><F84/><W97/><G97/><T94/><D85/><U51/><REACH who="1" step="1"/><E46/><REACH who="1" ten="398,451,41,100" step="2"/><V126/><F126/><W99/><G99/><N who="0" m="57823" /><D127/><U121/><E121/><V16/><F16/><W67/><G87/><T50/><D120/><U75/><E75/><V125/><F125/><W20/><G10/><T30/><D115/><AGARI ba="1,1" hai="5,11,12,25,31,34,80,83,112,113,115" m="35015" machi="115" ten="30,2000,0" yaku="11,1,54,1" doraHai="35" who="2" fromWho="0" sc="398,-23,451,0,41,33,100,0" /><INIT seed="2,0,0,2,0,24" ten="375,451,74,100" oya="2" hai0="131,83,127,34,81,9,27,28,7,70,6,16,3" hai1="41,91,110,99,113,87,62,101,111,46,124,90,94" hai2="20,38,80,45,125,58,102,79,35,86,21,109,103" hai3="74,40,54,57,31,106,50,73,47,114,120,134,4"/><V68/><F125/><W69/><G120/><T60/><D127/><U66/><E124/><V126/><F126/><W85/><G134/><T128/><D70/><U12/><E113/><V53/><F35/><W10/><G106/><T11/><D60/><U30/><E30/><V117/><F117/><W116/><G116/><T25/><D83/><U112/><E112/><V14/><F109/><N who="1" m="41481" /><E87/><V71/><F71/><W36/><G114/><T88/><D88/><U123/><E12/><V96/><F68/><W59/><G59/><T26/><D81/><U95/><E95/><V119/><F119/><W76/><G76/><T42/><D42/><U64/><E123/><V17/><F21/><W43/><G85/><T82/><D82/><U39/><E66/><V122/><F122/><W29/><G43/><T100/><D100/><U84/><E84/><V33/><F33/><W133/><G133/><T19/><D27/><U44/><E44/><V23/><F23/><W56/><G56/><AGARI ba="0,0" hai="39,41,46,56,62,64,90,91,94,99,101" m="41481" machi="56" ten="30,1000,0" yaku="14,1" doraHai="24" who="1" fromWho="3" sc="375,0,451,10,74,0,100,-10" /><INIT seed="3,0,0,5,2,88" ten="375,461,74,90" oya="3" hai0="99,125,129,117,132,35,79,105,72,31,84,131,42" hai1="118,16,3,24,23,82,39,102,71,104,76,94,2" hai2="67,103,57,44,0,60,93,59,51,58,120,27,5" hai3="63,26,20,52,7,69,87,110,116,83,86,91,101"/><W28/><G116/><T70/><D70/><U30/><E104/><V11/><F120/><W119/><G119/><T37/><D84/><U36/><E71/><V121/><F121/><W97/><G110/><T77/><D117/><U135/><E135/><V127/><F127/><W65/><G87/><T41/><D125/><U123/><E123/><V61/><F27/><W109/><G109/><T32/><D132/><U92/><E102/><V80/><F80/><W18/><G7/><T133/><D133/><U43/><E39/><V22/><F22/><W40/><G40/><T128/><D31/><U134/><E134/><V73/><F73/><W130/><G130/><T85/><D72/><U106/><E106/><V54/><REACH who="2" step="1"/><F67/><REACH who="2" ten="375,461,64,90" step="2"/><W8/><G8/><T108/><D128/><U15/><E23/><V115/><F115/><W9/><G9/><T48/><D108/><U62/><E24/><V124/><F124/><W74/><G74/><T1/><D131/><U111/><E111/><V45/><F45/><W17/><REACH who="3" step="1"/><G52/><REACH who="3" ten="375,461,64,80" step="2"/><T13/><D129/><U34/><E118/><V55/><F55/><W78/><G78/><T90/><D77/><U64/><E76/><V21/><F21/><W96/><G96/><AGARI ba="0,2" hai="0,5,11,44,51,54,57,58,59,60,61,93,96,103" machi="96" ten="40,5200,0" yaku="1,1,52,1,53,1" doraHai="88" doraHaiUra="50" who="2" fromWho="3" sc="375,0,461,0,64,72,80,-52" /><INIT seed="4,0,0,2,5,22" ten="375,461,136,28" oya="0" hai0="123,135,119,124,68,108,115,51,70,80,28,25,54" hai1="27,53,23,117,66,78,120,3,34,29,11,62,90" hai2="88,24,9,36,84,131,128,63,49,118,59,127,44" hai3="42,1,74,47,37,41,102,122,94,83,132,14,99"/><T125/><D123/><U6/><E117/><V43/><F118/><W103/><G132/><T134/><D119/><U130/><E130/><V19/><F127/><N who="0" m="48714" /><D80/><U17/><E53/><V107/><F107/><W20/><G122/><T110/><D115/><U72/><E120/><V39/><F9/><W121/><G121/><T26/><D28/><U95/><E78/><V111/><F111/><N who="0" m="42538" /><D134/><U64/><E62/><V45/><F131/><W76/><G1/><T112/><D135/><U105/><E105/><V79/><F79/><W33/><G33/><T16/><D112/><U40/><E40/><V91/><F43/><W97/><G42/><T75/><D75/><U101/><E101/><V65/><F128/><W82/><G82/><T21/><D25/><U116/><E72/><V7/><F24/><W61/><G61/><T35/><D35/><U73/><E73/><V58/><F63/><W38/><G38/><T100/><D100/><U109/><E109/><V92/><F36/><W10/><G20/><T93/><D93/><U31/><E29/><V104/><F92/><W106/><G10/><T96/><D96/><N who="1" m="57463" /><E116/><V89/><F39/><W60/><G60/><T0/><D0/><U133/><E133/><V114/><F114/><W30/><G30/><T87/><D87/><U113/><E113/><V50/><F84/><W4/><G14/><AGARI ba="0,0" hai="3,6,11,14,17,23,27,31,34,64,66" m="57463" machi="14" ten="30,2000,0" yaku="24,1,52,1" doraHai="22" who="1" fromWho="3" sc="375,0,461,20,136,0,28,-20" /><INIT seed="5,0,0,4,4,100" ten="375,481,136,8" oya="1" hai0="77,95,122,96,129,3,115,56,24,62,97,83,61" hai1="32,111,72,15,11,105,54,51,42,123,101,84,79" hai2="85,21,80,133,45,116,87,1,38,131,75,124,28" hai3="119,0,120,128,81,106,126,57,53,132,118,50,27"/><U13/><E123/><V121/><F21/><W4/><G120/><T110/><D122/><U76/><E32/><V60/><F28/><W109/><G109/><T10/><D110/><U69/><E69/><V31/><F31/><W25/><G126/><T113/><D129/><U94/><E111/><V91/><F60/><N who="0" m="23146" /><D56/><U7/><E42/><V134/><F45/><W37/><G37/><T46/><D46/><U33/><E33/><V20/><F20/><W93/><G128/><T36/><D36/><U99/><E72/><V29/><F29/><W82/><G132/><T66/><D66/><U18/><E84/><V104/><F91/><W117/><G93/><T112/><D24/><N who="3" m="9289" /><G106/><T89/><D96/><U8/><E105/><V14/><F104/><W34/><G34/><T49/><D49/><U130/><E130/><V43/><F131/><W73/><G73/><N who="0" m="43439" /><D10/><AGARI ba="0,0" hai="0,4,10,50,53,57,81,82,117,118,119" m="9289" machi="10" ten="40,1300,0" yaku="12,1" doraHai="100" who="3" fromWho="0" sc="375,-13,481,0,136,0,8,13" /><INIT seed="6,0,0,0,3,77" ten="362,481,136,21" oya="2" hai0="126,15,108,135,34,104,40,11,129,50,83,32,54" hai1="38,82,33,81,66,93,43,90,72,28,100,47,35" hai2="48,112,17,113,132,107,16,52,80,124,58,19,22" hai3="21,39,134,65,2,57,56,84,23,20,68,115,106"/><V110/><F124/><W44/><G106/><T62/><D126/><U96/><E72/><V133/><F107/><W64/><G2/><T98/><D135/><N who="2" m="51786" /><F110/><W73/><G73/><T99/><D108/><U89/><E66/><V8/><F8/><W46/><G134/><T25/><D129/><U109/><E109/><V13/><F80/><W67/><G68/><T14/><D104/><U121/><E121/><V116/><F116/><W42/><G115/><AGARI ba="0,0" hai="13,16,17,19,22,48,52,58,112,113,115" m="51786" machi="115" ten="30,11600,0" yaku="15,1,20,1,54,2" doraHai="77" who="2" fromWho="3" sc="362,0,481,0,136,116,21,-116" owari="362,16.0,481,59.0,252,-15.0,-95,-60.0" /></mjloggm>