<mjloggm ver="2.3"><GO type="169" lobby="0"/><UN n0="%E3%81%BE%E3%81%93%E3%81%95%E3%81%A8%76%65%72%32" n1="%E3%81%8F%E3%82%89%E3%81%BE%E3%82%82%E3%82%93" n2="%E3%82%A6%E3%83%AB%E3%83%88%E3%83%A9%E7%AB%8B%E7%9B%B4" n3="%E3%82%B5%E3%82%A6%E3%83%AA%E3%83%BC" dan="18,16,18,17" rate="2219.04,2083.01,2195.56,2145.33" sx="M,M,M,M"/><TAIKYOKU oya="0"/><INIT seed="0,0,0,5,3,59" ten="250,250,250,250" oya="0" hai0="49,7,69,103,29,48,90,57,105,75,46,91,44" hai1="119,55,112,98,92,99,4,122,127,110,65,21,23" hai2="62,125,71,15,84,72,82,118,17,42,134,128,41" hai3="108,50,61,66,96,27,79,131,33,28,121,34,11"/><T18/><D75/><U26/><E119/><V32/><F118/><W73/><G108/><T0/><D69/><U100/><E122/><V20/><F125/><W58/><G131/><T43/><D29/><U95/><E110/><V132/><F72/><W6/><G121/><T126/><D126/><U76/><E127/><V106/><F106/><W13/><G73/><T51/><D7/><U60/><E76/><V101/><F101/><W5/><G79/><T124/><D0/><U94/><E112/><V97/><F97/><W102/><G50/><T123/><D124/><U16/><E4/><V70/><F32/><W8/><G34/><T2/><D2/><U77/><E77/><V104/><F104/><W93/><G11/><T9/><D103/><U68/><E55/><V135/><F128/><W116/><G116/><T54/><D105/><U36/><E36/><V24/><F24/><W109/><G109/><T25/><D123/><U40/><E40/><V67/><REACH who="2" step="1"/><F71/><REACH who="2" ten="250,250,240,250" step="2"/><W12/><REACH who="3" step="1"/><G5/><REACH who="3" ten="250,250,240,240" step="2"/><T38/><D38/><U83/><E100/><V47/><F47/><W31/><G31/><T14/><REACH who="0" step="1"/><D25/><REACH who="0" ten="240,250,240,240" step="2"/><U133/><E26/><V129/><F129/><W88/><G88/><AGARI ba="0,3" hai="15,17,20,41,42,62,67,70,82,84,88,132,134,135" machi="88" ten="40,12000,2" yaku="1,1,20,1,52,1,54,1,53,2" doraHai="59" doraHaiUra="37" who="2" fromWho="3" sc="240,0,250,0,240,150,240,-120" /><INIT seed="1,0,0,3,0,92" ten="240,250,390,120" oya="1" hai0="50,7,6,95,134,65,18,118,127,69,27,71,124" hai1="79,133,75,125,117,62,42,51,82,74,49,110,70" hai2="32,86,26,104,5,34,17,115,25,43,3,31,96" hai3="101,68,46,35,128,84,72,56,63,10,52,59,67"/><U81/><E117/><V99/><F104/><W36/><G72/><T111/><D118/><U102/><E133/><V88/><F115/><W28/><G128/><T54/><D134/><U89/><E125/><N who="0" m="48201" /><D111/><U116/><E116/><V123/><F123/><W61/><G35/><T20/><D95/><U109/><E102/><V66/><F5/><N who="0" m="1546" /><D65/><U76/><E89/><V22/><F3/><W78/><G28/><T100/><D100/><U45/><REACH who="1" step="1"/><E51/><REACH who="1" ten="240,240,390,120" step="2"/><V16/><F88/><W126/><G101/><T120/><D120/><U19/><E19/><V24/><F17/><W8/><G126/><T15/><D27/><U90/><E90/><V73/><F25/><W40/><G78/><T1/><D1/><U77/><E77/><V37/><F26/><W121/><G121/><T135/><D135/><U29/><E29/><V83/><F24/><W44/><G84/><T87/><D87/><U33/><E33/><V41/><F86/><W103/><G103/><T108/><D108/><U94/><E94/><V98/><F34/><W23/><G23/><T30/><D30/><U39/><E39/><V11/><F37/><W2/><G2/><T93/><D93/><U114/><E114/><V53/><F32/><W55/><G10/><T0/><D0/><U122/><E122/><V12/><F31/><W58/><G8/><T106/><D106/><U38/><E38/><V129/><F11/><W48/><AGARI ba="0,1" hai="36,40,44,46,48,52,55,56,58,59,61,63,67,68" machi="48" ten="30,16000,3" yaku="0,1,35,6,54,1" doraHai="92" who="3" fromWho="3" sc="240,-40,240,-80,390,-40,120,170" /><INIT seed="2,0,0,2,2,42" ten="200,160,350,290" oya="2" hai0="12,92,90,11,71,107,101,127,83,19,82,61,3" hai1="135,21,27,6,38,130,119,62,37,79,41,28,9" hai2="25,105,49,72,120,16,5,94,86,63,26,33,133" hai3="106,1,55,80,97,39,125,131,44,134,23,75,124"/><V129/><F105/><W58/><G1/><T24/><D127/><U4/><E119/><V89/><F120/><W123/><G123/><T114/><D114/><U0/><E135/><V132/><F72/><W59/><G134/><N who="2" m="51817" /><F129/><W103/><G131/><T8/><D107/><U108/><E108/><V46/><F5/><W34/><G34/><T35/><D101/><U100/><E130/><V13/><F63/><W65/><G65/><T67/><D3/><U74/><E6/><V36/><F36/><W77/><G23/><T102/><D102/><U66/><E100/><V73/><F73/><W84/><G75/><T91/><D8/><U43/><E38/><V45/><F33/><W54/><G39/><T78/><D78/><U69/><REACH who="1" step="1"/><E37/><REACH who="1" ten="200,150,350,290" step="2"/><V60/><F60/><W48/><REACH who="3" step="1"/><G58/><REACH who="3" ten="200,150,350,280" step="2"/><T99/><D71/><U18/><E18/><V32/><F32/><W122/><G122/><T17/><D35/><U2/><E2/><V128/><F128/><W51/><AGARI ba="0,2" hai="44,48,51,54,55,59,77,80,84,97,103,106,124,125" machi="51" ten="30,4000,0" yaku="1,1,0,1,52,1,53,0" doraHai="42" doraHaiUra="29" who="3" fromWho="3" sc="200,-10,150,-10,350,-20,280,60" /><INIT seed="3,0,0,1,5,104" ten="190,140,330,340" oya="3" hai0="111,112,0,36,65,120,7,51,94,30,74,83,81" hai1="126,54,88,32,50,87,28,108,116,68,100,93,58" hai2="72,43,17,34,98,8,35,10,45,70,61,25,127" hai3="22,115,113,106,39,107,37,14,16,132,12,114,9"/><W135/><G106/><T57/><D36/><U69/><E108/><V121/><F127/><W56/><G107/><T40/><D30/><U24/><E126/><V26/><F98/><W33/><G56/><T15/><D0/><U18/><E116/><V131/><F61/><W11/><G37/><T21/><D94/><U29/><E29/><V78/><F70/><W44/><G39/><T63/><D111/><U23/><REACH who="1" step="1"/><E100/><REACH who="1" ten="190,130,330,340" step="2"/><V60/><F121/><W133/><G44/><T42/><D120/><U2/><E2/><V27/><F45/><W124/><G124/><T1/><D1/><U75/><E75/><V91/><F72/><W105/><G105/><T129/><D74/><U92/><E92/><V52/><F131/><W95/><G95/><T96/><D129/><U73/><E73/><V38/><F35/><W5/><G33/><T6/><D112/><U128/><E128/><V31/><F34/><W99/><G99/><T84/><D81/><U82/><E82/><V134/><F31/><W119/><G119/><T125/><D83/><U59/><E59/><V97/><F97/><W66/><G66/><T90/><D57/><U41/><E41/><V86/><F43/><W123/><G123/><T80/><D96/><U55/><E55/><V46/><F52/><W101/><G101/><T109/><D125/><U47/><E47/><V53/><F53/><W103/><G103/><T117/><D109/><U76/><E76/><V122/><F78/><W62/><G62/><T13/><D117/><U64/><E64/><V110/><F122/><W85/><G85/><T79/><D84/><RYUUKYOKU ba="0,1" sc="190,-15,130,15,330,-15,340,15" hai1="18,23,24,28,32,50,54,58,68,69,87,88,93" hai3="5,9,11,12,14,16,22,113,114,115,132,133,135" /><INIT seed="3,1,1,5,5,63" ten="175,145,315,355" oya="3" hai0="18,76,9,19,56,80,103,11,32,37,70,79,10" hai1="66,90,93,67,111,60,53,36,99,21,100,52,45" hai2="13,24,59,113,16,116,119,27,55,49,126,123,44" hai3="75,34,47,124,106,6,125,61,130,83,82,7,131"/><W40/><G34/><T69/><D32/><U74/><E74/><V35/><F113/><W98/><G61/><T121/><D37/><U22/><E111/><V134/><F126/><N who="3" m="48747" /><G106/><T101/><D121/><U78/><E78/><V88/><F134/><W110/><G98/><T41/><D41/><U8/><E8/><V104/><F104/><W122/><G122/><T127/><D127/><U102/><E36/><V51/><F35/><W94/><G94/><T77/><D80/><N who="3" m="30761" /><G75/><T62/><D56/><N who="1" m="34823" /><E53/><N who="2" m="32191" /><F123/><W128/><G110/><T39/><D39/><AGARI ba="1,1" hai="6,7,39,40,47,128,130,131" m="30761,48747" machi="39" ten="40,3900,0" yaku="19,1,18,1" doraHai="63" who="3" fromWho="0" sc="175,-42,145,0,315,0,355,52" /><INIT seed="3,2,0,1,0,50" ten="133,145,315,407" oya="3" hai0="68,24,120,78,64,16,11,6,61,86,12,35,95" hai1="133,96,22,49,106,104,62,59,32,66,80,39,103" hai2="73,63,118,100,76,28,10,108,43,122,27,18,97" hai3="72,109,85,112,81,3,41,134,26,71,34,113,1"/><W119/><G119/><T129/><D129/><U111/><E32/><V67/><F118/><W107/><G134/><T89/><D120/><U79/><E39/><V132/><F132/><W98/><G71/><T57/><D78/><U92/><E133/><V23/><F43/><W33/><G72/><T127/><D127/><U90/><E111/><V93/><F108/><W77/><G109/><T44/><D44/><U40/><E22/><V21/><F10/><W125/><G125/><T14/><D68/><U25/><E25/><V110/><F110/><W101/><G41/><T82/><D35/><U58/><E103/><V69/><F122/><W75/><G85/><T74/><D74/><U8/><E8/><V70/><F76/><W135/><G135/><T123/><D123/><U37/><E37/><V88/><F73/><W116/><G116/><T36/><D36/><U121/><E121/><V87/><F70/><W54/><G54/><T55/><D24/><U128/><E128/><V99/><REACH who="2" step="1"/><F100/><REACH who="2" ten="133,145,305,407" step="2"/><W51/><G77/><T42/><D42/><U60/><E40/><V30/><F30/><W65/><G75/><T52/><D82/><U105/><E79/><V84/><F84/><W114/><G101/><T9/><AGARI ba="2,1" hai="6,9,11,12,14,16,52,55,57,61,64,86,89,95" machi="9" ten="20,12000,2" yaku="0,1,7,1,8,1,52,2,54,2" doraHai="50" who="0" fromWho="0" sc="133,136,145,-32,305,-32,407,-62" /><INIT seed="4,0,0,2,0,88" ten="269,113,273,345" oya="0" hai0="6,109,108,92,89,53,54,102,9,130,103,105,113" hai1="132,46,29,4,58,119,34,11,81,41,131,87,5" hai2="91,19,129,107,26,22,48,104,121,125,84,134,16" hai3="95,73,12,82,114,77,116,94,49,63,47,32,74"/><T37/><D37/><U25/><E119/><V126/><F121/><W90/><G116/><T60/><D113/><U67/><E132/><V52/><F134/><W51/><G32/><T75/><D75/><U70/><E131/><V135/><F19/><W21/><G74/><T71/><D130/><U80/><E70/><V133/><F129/><W100/><G114/><T7/><D105/><U23/><E34/><V96/><F135/><W17/><G100/><T76/><D76/><U28/><E28/><V59/><F133/><W44/><G63/><T0/><D6/><U97/><E97/><V86/><F86/><W31/><G31/><T62/><D103/><U13/><E5/><V127/><REACH who="2" step="1"/><F96/><REACH who="2" ten="269,113,263,345" step="2"/><W14/><G17/><T38/><D108/><U18/><E18/><V128/><F128/><W43/><G73/><T83/><D109/><U120/><E120/><V55/><F55/><W45/><G43/><T122/><D53/><U65/><E87/><V118/><F118/><W123/><G123/><T15/><D54/><U72/><E72/><V79/><F79/><W24/><G77/><T8/><D122/><U111/><E111/><V33/><F33/><W68/><G24/><T61/><D71/><U106/><E65/><V36/><F36/><W85/><G68/><T50/><D38/><U42/><E42/><V1/><F1/><W93/><G21/><T2/><D2/><U3/><E3/><V124/><N who="2" m="31744" /><DORA hai="40" /><V78/><F78/><W57/><G12/><T27/><D27/><U98/><E41/><V112/><F112/><W101/><G14/><T115/><D15/><RYUUKYOKU ba="0,1" sc="269,-10,113,-10,263,30,345,-10" hai2="16,22,26,48,52,59,84,91,104,107" /><INIT seed="5,1,1,0,5,94" ten="259,103,293,335" oya="1" hai0="98,100,110,21,91,101,73,117,36,114,37,130,55" hai1="72,44,75,5,76,7,19,116,29,42,18,3,12" hai2="31,107,62,99,17,124,64,119,66,11,126,30,45" hai3="105,68,135,60,115,86,80,133,41,83,79,108,82"/><U52/><E116/><V113/><F119/><W69/><G108/><T57/><D110/><U128/><E128/><V25/><F45/><W67/><G115/><T97/><D73/><U61/><E29/><V50/><F50/><W63/><G105/><T111/><D117/><U48/><E3/><V14/><F113/><W15/><G41/><T85/><D111/><U49/><E61/><V34/><F31/><W70/><G15/><T0/><D0/><U102/><E102/><N who="2" m="62943" /><F66/><N who="3" m="41031" /><G70/><AGARI ba="1,1" hai="11,14,17,25,30,34,62,64,70,124,126" m="62943" machi="70" ten="30,2000,0" yaku="25,1,52,1" doraHai="94" who="2" fromWho="3" sc="259,0,103,0,293,33,335,-23" /><INIT seed="6,0,0,3,0,18" ten="259,103,326,312" oya="2" hai0="51,86,24,67,121,135,78,43,103,19,5,63,21" hai1="47,27,119,113,22,0,29,40,38,134,57,71,2" hai2="97,61,124,33,79,26,115,54,32,87,16,6,50" hai3="105,83,30,48,11,70,89,60,98,49,90,12,31"/><V101/><F6/><W4/><G105/><T100/><D135/><U112/><E119/><V130/><F124/><W7/><G7/><T45/><D121/><U3/><E71/><V34/><F61/><W88/><G70/><T93/><D5/><U53/><REACH who="1" step="1"/><E134/><REACH who="1" ten="259,93,326,312" step="2"/><V36/><F130/><W13/><G60/><AGARI ba="0,1" hai="0,2,3,22,27,29,38,40,47,53,57,60,112,113" machi="60" ten="40,8000,1" yaku="1,1,2,1,52,1,53,2" doraHai="18" doraHaiUra="110" who="1" fromWho="3" sc="259,0,93,90,326,0,312,-80" /><INIT seed="7,0,0,3,3,59" ten="259,183,326,232" oya="3" hai0="17,127,108,14,8,128,135,4,23,76,13,51,10" hai1="115,34,126,73,63,66,5,35,94,68,70,20,21" hai2="90,67,111,25,32,87,39,123,33,97,79,131,41" hai3="19,53,91,37,80,7,38,98,31,116,119,40,47"/><W125/><G38/><T95/><D76/><U89/><E73/><V104/><F41/><W102/><G125/><T54/><D108/><U60/><E115/><V64/><F39/><W118/><G7/><T36/><D36/><U16/><E126/><V129/><F79/><W0/><G0/><T74/><D74/><U86/><E5/><V105/><F111/><W26/><G19/><T78/><D78/><U69/><E21/><V30/><F33/><W113/><G113/><T107/><D107/><U121/><E121/><V110/><F110/><W117/><G53/><T114/><D114/><U81/><E81/><V72/><F72/><W3/><G3/><T46/><D135/><U56/><REACH who="1" step="1"/><E63/><REACH who="1" ten="259,173,326,232" step="2"/><V124/><F124/><W9/><G9/><T75/><D75/><U77/><E77/><V82/><F123/><W109/><G109/><T112/><D112/><U44/><E44/><V52/><F82/><W11/><G11/><T49/><D127/><U71/><N who="1" m="17920" /><DORA hai="58" /><U29/><E29/><V18/><F30/><W99/><G80/><T45/><D10/><U134/><E134/><V6/><F6/><W100/><G118/><T103/><D45/><U28/><E28/><V27/><F32/><W92/><G117/><T132/><D132/><U88/><E88/><V12/><F90/><W62/><G62/><T50/><D46/><U93/><E93/><V42/><F105/><W122/><G122/><T61/><D95/><U48/><E48/><V57/><F104/><W133/><G133/><T84/><D49/><U101/><E101/><V65/><F57/><W15/><G116/><RYUUKYOKU ba="0,1" sc="259,-10,173,30,326,-10,232,-10" hai1="16,20,34,35,56,60,66,86,89,94" owari="249,5.0,203,-30.0,326,43.0,222,-18.0" /></mjloggm>