<mjloggm ver="2.3"><GO type="169" lobby="0"/><UN n0="%45%47%41%4B%55" n1="%3E%5F%30%40%E6%9D%8F%E6%9D%8F%E8%BB%8D%E5%9C%98" n2="%E5%B0%B1%E6%B4%BB%E7%94%9F%40%E5%B7%9D%E6%9D%91%E8%BB%8D%E5%9B%A3" n3="%E3%81%86%E3%81%A0%E3%81%A3%E3%81%B7" dan="16,16,18,17" rate="2033.56,2181.86,2240.99,2132.48" sx="M,F,M,M"/><TAIKYOKU oya="0"/><INIT seed="0,0,0,1,0,117" ten="250,250,250,250" oya="0" hai0="75,56,16,96,52,0,85,44,64,61,23,99,73" hai1="134,18,126,45,123,76,37,63,22,59,55,36,130" hai2="93,119,58,83,4,57,95,31,74,116,24,106,27" hai3="102,78,10,82,107,69,80,41,42,20,67,104,87"/><T72/><D0/><U129/><E123/><V3/><F106/><W77/><G69/><T48/><REACH who="0" step="1"/><D85/><REACH who="0" ten="240,250,250,250" step="2"/><U19/><E129/><V111/><F3/><W68/><G87/><T6/><D6/><U114/><E130/><V53/><F4/><W25/><G80/><T38/><D38/><U133/><E37/><V92/><F83/><W86/><G82/><T32/><D32/><U8/><E36/><V88/><F74/><W9/><G86/><T7/><D7/><U13/><E133/><V94/><F116/><W132/><G132/><T79/><D79/><U50/><E76/><V34/><F119/><W1/><G78/><T124/><D124/><U29/><E134/><V54/><F111/><W121/><G77/><T97/><D97/><U15/><E126/><V47/><F34/><W5/><G5/><T40/><D40/><U71/><E114/><V128/><F128/><W17/><G1/><T127/><D127/><U91/><E71/><V46/><F88/><W125/><G68/><T100/><D100/><U89/><REACH who="1" step="1"/><E29/><REACH who="1" ten="240,240,250,250" step="2"/><V90/><F31/><W30/><G30/><T105/><D105/><U39/><E39/><V51/><F90/><W35/><G107/><T118/><D118/><U65/><AGARI ba="0,2" hai="8,13,15,18,19,22,45,50,55,59,63,65,89,91" machi="65" ten="20,5200,0" yaku="1,1,0,1,7,1,8,1,53,0" doraHai="117" doraHaiUra="120" who="1" fromWho="1" sc="240,-26,240,72,250,-13,250,-13" /><INIT seed="1,0,0,3,0,9" ten="214,312,237,237" oya="1" hai0="78,13,117,22,24,39,75,105,122,15,10,52,64" hai1="49,70,89,63,108,104,30,110,106,1,88,103,135" hai2="41,61,23,72,45,2,112,126,127,121,6,79,80" hai3="18,28,31,97,114,54,92,87,116,0,7,85,125"/><U46/><E1/><V21/><F121/><W5/><G114/><T40/><D105/><N who="1" m="40555" /><E103/><V115/><F61/><W51/><G125/><N who="2" m="47625" /><F6/><W14/><G116/><T133/><D117/><U19/><E30/><N who="3" m="11306" /><G5/><T60/><D122/><U50/><E70/><V130/><F2/><W82/><G82/><T4/><D133/><U94/><E63/><V111/><F111/><N who="1" m="42537" /><E135/><V123/><F130/><W119/><G0/><T96/><D60/><U124/><E124/><V57/><F57/><N who="3" m="32991" /><G7/><T71/><D4/><U132/><E132/><V12/><F123/><W16/><G18/><T66/><D71/><U48/><E46/><V93/><F93/><W95/><G95/><T42/><D66/><U36/><E36/><N who="2" m="21671" /><F23/><N who="3" m="11671" /><G119/><T131/><D39/><U73/><E73/><V33/><F33/><W128/><G128/><T107/><D131/><U99/><E19/><AGARI ba="0,0" hai="12,19,21,72,79,80,112,115" m="21671,47625" machi="19" ten="30,2000,0" yaku="18,1,52,1" doraHai="9" who="2" fromWho="1" sc="214,0,312,-20,237,20,237,0" /><INIT seed="2,0,0,2,1,129" ten="214,292,257,237" oya="2" hai0="42,17,1,125,80,50,49,63,56,25,123,29,94" hai1="6,122,20,112,27,2,36,19,22,35,87,34,67" hai2="131,95,85,132,101,47,15,45,117,134,28,74,78" hai3="126,64,37,73,98,71,76,3,51,88,46,90,116"/><V44/><F117/><W75/><G116/><T21/><D123/><U66/><E36/><V0/><F0/><W128/><G37/><T26/><D1/><U108/><E112/><V133/><F131/><W86/><G128/><T11/><D125/><U102/><E102/><V96/><F28/><W62/><G126/><T61/><D61/><U89/><E122/><V127/><F127/><W5/><G76/><T65/><D42/><U120/><E108/><V14/><F74/><W135/><G98/><T119/><D119/><U18/><E35/><V115/><F115/><W106/><G106/><T68/><D68/><U57/><E34/><V40/><F40/><W16/><G90/><T12/><D80/><AGARI ba="0,0" hai="14,15,44,45,47,78,80,85,95,96,101,132,133,134" machi="80" ten="50,12000,1" yaku="20,1,52,3" doraHai="129" who="2" fromWho="0" sc="214,-120,292,0,257,120,237,0" /><INIT seed="2,1,0,0,4,18" ten="94,292,377,237" oya="2" hai0="19,97,95,12,67,103,50,40,47,30,4,62,105" hai1="121,28,72,31,27,109,125,48,89,59,23,100,38" hai2="25,106,54,1,15,22,91,10,119,101,46,98,36" hai3="123,77,88,120,78,104,9,94,65,81,55,122,17"/><V33/><F119/><W86/><G65/><T60/><D105/><U68/><E38/><V44/><F33/><W130/><G104/><T7/><D30/><U24/><E68/><V107/><F1/><W20/><G130/><T21/><REACH who="0" step="1"/><D60/><REACH who="0" ten="84,292,377,237" step="2"/><U80/><E31/><V129/><F107/><W3/><G122/><T84/><D84/><U35/><E28/><V112/><F112/><W11/><G123/><T42/><D42/><U56/><E121/><V71/><F129/><W126/><G120/><T66/><D66/><U29/><E29/><V114/><F114/><W90/><G126/><T34/><D34/><U124/><E35/><V96/><F54/><W5/><G55/><T63/><D63/><U14/><E124/><V79/><F106/><W70/><G70/><AGARI ba="1,1" hai="4,7,12,19,21,40,47,50,62,67,70,95,97,103" machi="70" ten="30,7700,0" yaku="1,1,7,1,52,1,53,1" doraHai="18" doraHaiUra="92" who="0" fromWho="3" sc="84,90,292,0,377,0,237,-80" /><INIT seed="3,0,0,5,4,22" ten="174,292,377,157" oya="3" hai0="101,131,80,125,60,7,92,5,63,106,97,74,82" hai1="15,24,48,89,75,110,1,47,65,128,61,105,46" hai2="39,14,4,29,91,41,70,68,32,93,135,71,31" hai3="67,104,18,116,21,45,127,115,52,102,54,57,81"/><W37/><G116/><T23/><D125/><U20/><E1/><V40/><F135/><W122/><G122/><T90/><D131/><U9/><E128/><V76/><F76/><W111/><G115/><T117/><D117/><U19/><E110/><V56/><F56/><W8/><G127/><T42/><D42/><U118/><E118/><V73/><F73/><W114/><G114/><T49/><D49/><U134/><E134/><V11/><F39/><W129/><G129/><T108/><D108/><U84/><E75/><V38/><F38/><W53/><G111/><T17/><D80/><U34/><E105/><V0/><F0/><W78/><G8/><T59/><D74/><U58/><E34/><V133/><F133/><W16/><G102/><T72/><D63/><U43/><E47/><V33/><F33/><W132/><G104/><T123/><D72/><U12/><REACH who="1" step="1"/><E9/><REACH who="1" ten="174,282,377,157" step="2"/><V44/><F44/><W10/><G45/><T36/><D106/><U98/><E98/><V87/><F32/><W50/><G132/><T79/><D97/><U113/><E113/><V107/><F107/><W2/><G2/><T86/><D123/><U26/><E26/><V83/><F41/><W28/><G10/><T96/><D36/><U94/><AGARI ba="0,1" hai="12,15,19,20,24,43,46,48,58,61,65,84,89,94" machi="94" ten="20,8000,1" yaku="1,1,0,1,7,1,8,1,52,1,53,0" doraHai="22" doraHaiUra="121" who="1" fromWho="1" sc="174,-20,282,90,377,-20,157,-40" /><INIT seed="4,0,0,5,4,45" ten="154,372,357,117" oya="0" hai0="66,107,72,16,82,56,91,42,69,114,89,134,53" hai1="120,11,49,129,87,86,51,32,13,21,25,46,93" hai2="33,96,85,75,23,17,10,1,108,103,102,41,80" hai3="54,3,2,79,104,110,60,22,40,135,132,64,39"/><T58/><D107/><U65/><E32/><V55/><F33/><W78/><G104/><T37/><D134/><U105/><E105/><V34/><F34/><W116/><G110/><T83/><D114/><U100/><E120/><V95/><F108/><W99/><G116/><T48/><D72/><U28/><E65/><V4/><F75/><W109/><G109/><T119/><D119/><U94/><E129/><V20/><F41/><W113/><G113/><T35/><D35/><U27/><E46/><V29/><F29/><W0/><G99/><T84/><D37/><U122/><E27/><V111/><F111/><W15/><G54/><N who="0" m="31815" /><D42/><U26/><E26/><V130/><F130/><W90/><G40/><T5/><D5/><N who="1" m="3311" /><E122/><V98/><F55/><W59/><G39/><T115/><D66/><U19/><E28/><V127/><F127/><W125/><G125/><T133/><D69/><U74/><E74/><V123/><F123/><W8/><G22/><T112/><D112/><U52/><E52/><V92/><F17/><W124/><G124/><T61/><D115/><U6/><E6/><V76/><AGARI ba="0,0" hai="1,4,10,20,23,76,80,85,92,95,96,98,102,103" machi="76" ten="20,2700,0" yaku="0,1,7,1,9,1" doraHai="45" who="2" fromWho="2" sc="154,-13,372,-7,357,27,117,-7" /><INIT seed="5,0,0,2,3,88" ten="141,365,384,110" oya="1" hai0="49,74,44,21,54,132,10,42,128,92,85,86,77" hai1="87,47,126,8,50,39,3,110,51,72,71,118,45" hai2="80,63,108,19,22,27,76,52,129,112,17,2,119" hai3="58,57,59,89,70,65,99,25,48,41,40,121,83"/><U9/><E72/><V81/><F108/><W95/><G121/><T103/><D132/><U120/><E120/><V105/><F2/><W15/><G70/><T131/><D74/><U93/><E110/><V4/><F105/><W79/><G65/><T125/><D125/><U117/><E126/><V29/><F119/><W55/><G25/><T33/><D33/><U0/><E87/><N who="2" m="48519" /><F112/><W82/><G15/><T67/><D67/><U43/><E43/><V113/><F113/><W100/><G100/><T90/><D103/><U116/><E116/><V98/><F4/><W96/><G96/><T130/><D21/><U60/><E60/><V133/><F129/><W37/><G37/><T78/><D10/><U97/><E97/><V114/><F114/><W111/><G111/><T68/><D68/><U62/><E62/><V56/><F133/><W69/><G69/><T16/><D16/><N who="2" m="6218" /><F98/><W61/><G61/><T122/><D122/><U24/><E71/><V66/><F81/><W123/><G123/><T73/><D73/><U36/><E24/><V7/><F7/><W38/><G38/><N who="0" m="21591" /><D86/><U124/><E124/><V30/><F30/><W84/><REACH who="3" step="1"/><G82/><REACH who="3" ten="141,365,384,100" step="2"/><T135/><D135/><U35/><E35/><V32/><F32/><W34/><G34/><T75/><D75/><U11/><E11/><V104/><F104/><W5/><G5/><T101/><D101/><U1/><E1/><V18/><F29/><W109/><G109/><T64/><D64/><AGARI ba="0,1" hai="18,22,27,52,56,63,64,66" m="6218,48519" machi="64" ten="30,3900,0" yaku="8,1,54,2" doraHai="88" who="2" fromWho="0" sc="141,-39,365,0,384,49,100,0" /><INIT seed="6,0,0,0,0,111" ten="102,365,433,100" oya="2" hai0="50,33,45,134,88,18,36,30,52,80,68,83,4" hai1="87,20,64,67,28,2,9,51,120,3,53,131,12" hai2="34,78,41,6,61,90,135,107,25,0,60,43,22" hai3="10,119,105,124,75,81,8,116,123,104,100,58,132"/><V133/><F107/><W126/><G58/><T55/><D68/><U96/><E131/><V85/><F34/><W56/><G56/><T46/><D4/><U1/><E120/><V74/><F74/><W103/><G123/><T93/><D134/><U95/><E87/><V21/><F6/><W13/><G13/><T70/><D70/><U86/><E86/><V94/><F0/><W92/><G132/><T17/><D33/><U98/><E28/><V37/><F78/><N who="3" m="44255" /><G8/><T79/><D30/><U26/><E26/><V16/><F22/><W7/><G10/><T15/><D36/><U19/><E9/><V129/><F129/><W49/><G49/><N who="0" m="28727" /><D79/><U66/><REACH who="1" step="1"/><E95/><REACH who="1" ten="102,355,433,100" step="2"/><V62/><F133/><W101/><G92/><T23/><D18/><U113/><E113/><V57/><F135/><W130/><G130/><T121/><D121/><U115/><E115/><V63/><F37/><W47/><G7/><T77/><D77/><U40/><E40/><V118/><F118/><N who="3" m="45099" /><G47/><AGARI ba="0,1" hai="1,2,3,12,19,20,47,51,53,64,66,67,96,98" machi="47" ten="50,1600,0" yaku="1,1,53,0" doraHai="111" doraHaiUra="29" who="1" fromWho="3" sc="102,0,355,26,433,0,100,-16" /><INIT seed="7,0,0,4,3,129" ten="102,381,433,84" oya="3" hai0="73,8,38,114,4,24,47,26,3,120,93,48,6" hai1="18,66,32,71,95,97,86,57,115,43,90,27,106" hai2="84,85,78,107,52,56,105,98,36,55,121,41,74" hai3="63,103,133,122,10,124,101,16,87,130,31,100,134"/><W50/><G122/><T14/><D73/><U75/><E115/><V12/><F121/><W22/><G130/><T20/><D38/><U119/><E119/><V81/><F55/><W125/><G63/><T46/><D120/><U45/><E75/><V110/><F110/><W42/><G31/><T70/><D70/><U13/><E57/><V113/><F113/><W117/><G10/><T94/><D114/><U77/><E77/><V44/><F12/><N who="3" m="9479" /><G117/><T33/><D33/><U49/><E71/><V19/><F19/><W25/><G25/><T62/><D26/><U5/><E32/><V96/><F105/><W15/><G15/><T126/><D6/><U92/><E106/><V99/><REACH who="2" step="1"/><F107/><REACH who="2" ten="102,381,423,84" step="2"/><W108/><G108/><T35/><D14/><U76/><E5/><V118/><F118/><W91/><G42/><T0/><D4/><U83/><E27/><V65/><F65/><W67/><G67/><T34/><D3/><U72/><E66/><V21/><F21/><W123/><G123/><T79/><D20/><U7/><E7/><V104/><F104/><W58/><G58/><T17/><D0/><U68/><E68/><V53/><F53/><W135/><G50/><AGARI ba="0,1" hai="36,41,44,50,52,56,74,78,81,84,85,96,98,99" machi="50" ten="40,2600,0" yaku="1,1,54,1,53,0" doraHai="129" doraHaiUra="2" who="2" fromWho="3" sc="102,0,381,0,423,36,84,-26" owari="102,-30.0,381,18.0,459,56.0,58,-44.0" /></mjloggm>