<mjloggm ver="2.3"><GO type="169" lobby="0"/><UN n0="%58%63%65%6C%6C%69%6E%67" n1="%41%54%4D%31%34%32%39" n2="%E3%82%A6%E3%83%AB%E3%83%88%E3%83%A9%E7%AB%8B%E7%9B%B4" n3="%E5%B9%BE%E4%BD%95%E5%AD%A6%E5%B0%82%E6%94%BB" dan="16,16,18,16" rate="2116.28,2126.07,2189.07,2044.29" sx="F,M,F,M"/><TAIKYOKU oya="0"/><INIT seed="0,0,0,0,2,33" ten="250,250,250,250" oya="0" hai0="111,125,58,44,112,117,21,24,86,20,84,134,108" hai1="41,30,51,47,54,122,6,94,37,2,103,27,65" hai2="38,67,11,87,62,14,113,83,23,121,82,100,123" hai3="35,9,12,59,5,95,97,60,133,81,77,42,129"/><T74/><D117/><U119/><E122/><V64/><F38/><W72/><G35/><T29/><D74/><U107/><E65/><V53/><F113/><W105/><G42/><T96/><D112/><U118/><E107/><V48/><F100/><W128/><G105/><T39/><D125/><U19/><E19/><V8/><F23/><W1/><G133/><T4/><D134/><U110/><E110/><N who="0" m="42025" /><D4/><U124/><E124/><V126/><F8/><W80/><G80/><T49/><D96/><U101/><E94/><V102/><F83/><W66/><REACH who="3" step="1"/><G12/><REACH who="3" ten="250,250,250,240" step="2"/><T93/><D93/><U32/><E119/><V131/><F14/><W18/><G18/><T36/><D39/><U17/><E17/><V78/><F82/><W85/><G85/><T92/><D92/><U45/><E118/><V71/><F87/><W13/><G13/><T34/><D36/><U120/><E120/><V50/><F123/><W89/><AGARI ba="0,1" hai="1,5,9,59,60,66,72,77,81,89,95,97,128,129" machi="89" ten="30,7900,0" yaku="1,1,0,1,52,1,53,1" doraHai="33" doraHaiUra="57" who="3" fromWho="3" sc="250,-39,250,-20,250,-20,240,89" /><INIT seed="1,0,0,4,4,132" ten="211,230,230,329" oya="1" hai0="24,127,5,98,42,107,76,71,10,60,54,38,25" hai1="93,110,131,31,34,135,53,103,80,123,7,116,88" hai2="52,2,122,45,121,3,69,22,91,84,112,67,49" hai3="30,39,81,129,61,48,82,102,46,19,72,92,63"/><U27/><E135/><V47/><F112/><W26/><G39/><T105/><D76/><U66/><E131/><V108/><F108/><W70/><G19/><T6/><D42/><U4/><E116/><V11/><F45/><W21/><G70/><T55/><D38/><U119/><E123/><V133/><F133/><W79/><G82/><T86/><D86/><U58/><E119/><V113/><F113/><W73/><G73/><T125/><D10/><U87/><E110/><V134/><F134/><W16/><G129/><T85/><D85/><U13/><E66/><V106/><F106/><W75/><G75/><T0/><D98/><U1/><E1/><V51/><F51/><W14/><G92/><T43/><D43/><U35/><E35/><V57/><F69/><W118/><G102/><T8/><D71/><U17/><E103/><V78/><F78/><W9/><REACH who="3" step="1"/><G118/><REACH who="3" ten="211,230,230,319" step="2"/><T33/><D105/><U126/><E80/><V100/><F100/><W29/><G29/><T83/><D107/><U117/><E117/><V90/><F122/><W40/><AGARI ba="0,1" hai="9,14,16,21,26,30,40,46,48,61,63,72,79,81" machi="40" ten="20,5200,0" yaku="1,1,0,1,7,1,54,1,53,0" doraHai="132" doraHaiUra="97" who="3" fromWho="3" sc="211,-13,230,-26,230,-13,319,62" /><INIT seed="2,0,0,0,2,6" ten="198,204,217,381" oya="2" hai0="5,107,130,10,79,128,3,24,112,110,19,114,64" hai1="61,38,76,31,1,40,51,85,25,117,81,93,77" hai2="123,94,91,122,47,15,53,134,67,95,62,37,118" hai3="2,43,12,56,57,7,33,83,11,102,18,135,88"/><V87/><F118/><W59/><G59/><T124/><D64/><U129/><E1/><V14/><F134/><W97/><G33/><T116/><D79/><U131/><E117/><V70/><F95/><W13/><G43/><T65/><D107/><U45/><E93/><V82/><F94/><N who="3" m="58679" /><G2/><T34/><D65/><U22/><E61/><V17/><F14/><W106/><G106/><T66/><D66/><U111/><E111/><V133/><F133/><W80/><G80/><T49/><D49/><U0/><E0/><V35/><F35/><W73/><G73/><T109/><D116/><U39/><REACH who="1" step="1"/><E76/><REACH who="1" ten="198,194,217,381" step="2"/><V68/><F68/><W8/><G135/><T72/><D109/><U96/><E96/><V60/><F60/><W120/><G120/><T75/><D110/><U30/><E30/><V119/><F119/><W71/><G71/><T121/><D121/><U100/><E100/><V98/><F98/><W54/><G54/><T108/><D108/><U55/><E55/><V104/><F104/><W84/><AGARI ba="0,1" hai="7,8,11,12,13,18,56,57,83,84,88" m="58679" machi="84" ten="30,7900,0" yaku="8,1,52,2,54,1" doraHai="6" who="3" fromWho="3" sc="198,-20,194,-20,217,-39,381,89" /><INIT seed="3,0,0,0,2,89" ten="178,174,178,470" oya="3" hai0="126,58,124,82,96,1,100,106,107,64,84,59,32" hai1="74,87,35,123,93,70,30,21,110,95,80,109,121" hai2="14,88,9,52,79,28,72,40,34,104,39,131,76" hai3="17,15,129,3,132,75,60,38,65,81,54,22,125"/><W50/><G38/><T128/><D1/><U130/><E70/><V11/><F104/><W115/><G115/><T61/><D32/><U63/><E35/><V44/><F131/><W99/><G3/><T2/><D2/><U51/><E63/><V103/><F103/><W7/><G129/><T77/><D128/><U5/><E5/><V101/><F101/><W119/><G119/><T68/><REACH who="0" step="1"/><D107/><REACH who="0" ten="168,174,178,470" step="2"/><U42/><E130/><V73/><F34/><W49/><G132/><T67/><D67/><U10/><E121/><V0/><F0/><W98/><G65/><T71/><D71/><U46/><E123/><V13/><F73/><W16/><G75/><T69/><D69/><U118/><E74/><V8/><F72/><W26/><G125/><AGARI ba="0,1" hai="58,59,61,64,68,77,82,84,96,100,106,124,125,126" machi="125" ten="40,2600,0" yaku="1,1,18,1,53,0" doraHai="89" doraHaiUra="31" who="0" fromWho="3" sc="168,36,174,0,178,0,470,-26" /><INIT seed="4,0,0,5,2,48" ten="204,174,178,444" oya="0" hai0="57,99,127,24,53,9,60,134,19,113,124,105,90" hai1="25,65,17,39,112,73,1,52,6,0,63,135,54" hai2="2,129,78,16,36,81,122,11,21,106,87,100,51" hai3="42,45,58,27,108,93,88,46,33,89,13,92,15"/><T79/><D113/><U97/><E39/><V70/><F70/><W123/><G108/><T76/><D134/><U110/><E73/><V96/><F36/><W7/><G92/><N who="0" m="56727" /><D105/><U32/><E110/><V49/><F129/><W10/><G89/><T84/><D84/><U118/><E118/><V3/><F122/><W18/><G58/><T28/><D9/><U128/><E128/><V31/><F31/><W47/><G27/><T50/><D50/><U80/><E97/><V120/><F120/><W126/><G126/><N who="0" m="48171" /><D19/><U115/><E135/><V41/><F41/><W95/><G123/><T91/><D91/><U121/><E121/><V4/><REACH who="2" step="1"/><F2/><REACH who="2" ten="204,174,168,444" step="2"/><W5/><G42/><T116/><D116/><U22/><E0/><V94/><F94/><W85/><G93/><T40/><D40/><U109/><E109/><V35/><F35/><AGARI ba="0,1" hai="24,28,35,53,57,60,76,79" m="48171,56727" machi="35" ten="30,2900,0" yaku="18,1,52,1" doraHai="48" who="0" fromWho="2" sc="204,39,174,0,168,-29,444,0" /><INIT seed="4,1,0,1,1,56" ten="243,174,139,444" oya="0" hai0="126,44,68,66,57,54,106,89,4,71,95,22,67" hai1="133,10,134,49,75,38,130,102,94,107,50,55,77" hai2="58,86,26,105,91,25,74,70,48,63,131,116,69" hai3="135,93,43,9,103,59,115,23,45,19,110,18,125"/><T85/><D106/><U8/><E38/><V96/><F74/><W83/><G110/><T5/><D126/><U37/><E37/><V78/><F78/><W80/><G125/><T111/><D111/><U0/><E107/><V113/><F113/><W36/><G135/><N who="1" m="51722" /><E0/><V97/><F131/><W61/><G9/><N who="1" m="3690" /><E55/><V40/><F116/><W100/><G18/><T52/><D71/><U87/><E130/><V98/><F105/><W1/><G1/><T127/><D68/><U15/><E15/><V33/><F33/><W90/><G103/><T84/><D127/><U62/><E102/><V64/><F70/><W104/><G100/><T118/><D118/><U17/><E17/><V53/><REACH who="2" step="1"/><F40/><REACH who="2" ten="243,174,129,444" step="2"/><W72/><G72/><T117/><D117/><U2/><E75/><V73/><F73/><W121/><G104/><T31/><D67/><U30/><E77/><V46/><F46/><W112/><G112/><T99/><D44/><U11/><E2/><V123/><F123/><W41/><G115/><T35/><D66/><U76/><E76/><V21/><F21/><W14/><G43/><T60/><D35/><U6/><E11/><V88/><F88/><W12/><G121/><T124/><D124/><U3/><E3/><V109/><F109/><W82/><G45/><T79/><D79/><U101/><E101/><V16/><F16/><N who="3" m="10647" /><G41/><T120/><D120/><U129/><E129/><V65/><F65/><W39/><G19/><T122/><D122/><U34/><E34/><V128/><F128/><W114/><G114/><T119/><D119/><U81/><E30/><V27/><F27/><RYUUKYOKU ba="1,1" sc="243,-10,174,-10,129,30,444,-10" hai2="25,26,48,53,58,63,64,69,86,91,96,97,98" /><INIT seed="5,2,1,2,1,46" ten="233,164,159,434" oya="1" hai0="9,110,98,69,121,12,84,94,16,55,97,59,134" hai1="115,18,43,47,62,61,133,37,74,25,118,88,36" hai2="71,20,58,99,42,24,35,29,85,95,4,113,39" hai3="77,56,0,96,76,28,117,5,66,60,82,19,106"/><U65/><E74/><V41/><F71/><W6/><G28/><T21/><D110/><U32/><E118/><V1/><F113/><W129/><G129/><T101/><D69/><U31/><E133/><V2/><F35/><W52/><G77/><T130/><D134/><U44/><E115/><V22/><F1/><W135/><G135/><T100/><D130/><U17/><E61/><V103/><F39/><W23/><G0/><T27/><D121/><U33/><E33/><V102/><F102/><N who="0" m="39530" /><D84/><U57/><E88/><V45/><F45/><W127/><G96/><T122/><D94/><U64/><E65/><V89/><F22/><W123/><G106/><T108/><D108/><U34/><E32/><V80/><REACH who="2" step="1"/><F58/><REACH who="2" ten="233,164,149,434" step="2"/><N who="3" m="37143" /><G117/><T116/><D116/><U8/><E8/><AGARI ba="2,2" hai="2,4,8,20,24,29,41,42,80,85,89,95,99,103" machi="8" ten="40,1300,0" yaku="1,1,53,0" doraHai="46" doraHaiUra="125" who="2" fromWho="1" sc="233,0,164,-19,149,39,434,0" /><INIT seed="6,0,0,0,1,63" ten="233,145,188,434" oya="2" hai0="60,12,52,26,49,6,38,119,24,56,77,36,8" hai1="1,83,127,88,108,31,43,75,106,10,109,82,120" hai2="13,67,70,65,135,128,110,104,3,100,53,39,45" hai3="111,125,76,27,115,69,107,29,121,51,9,28,96"/><V94/><F3/><W4/><G76/><T40/><D119/><U95/><E106/><V112/><F70/><W50/><G69/><T44/><D77/><U124/><E120/><V123/><F104/><W71/><G71/><T46/><REACH who="0" step="1"/><D36/><REACH who="0" ten="223,145,188,434" step="2"/><U126/><E75/><V55/><F39/><W2/><G121/><T122/><D122/><U91/><E31/><V133/><F123/><W130/><G28/><T25/><D25/><U97/><E43/><AGARI ba="0,1" hai="6,8,12,24,26,38,40,43,44,46,49,52,56,60" machi="43" ten="30,8000,1" yaku="1,1,7,1,54,1,53,2" doraHai="63" doraHaiUra="41" who="0" fromWho="1" sc="223,90,145,-80,188,0,434,0" /><INIT seed="7,0,0,0,2,14" ten="313,65,188,434" oya="3" hai0="29,72,17,83,91,125,130,74,38,2,80,57,42" hai1="50,18,48,114,51,25,92,65,56,110,128,129,85" hai2="21,19,120,16,93,59,52,135,86,46,73,34,58" hai3="33,133,75,134,116,115,89,28,45,6,13,36,60"/><W111/><G89/><T47/><D2/><U109/><E85/><V95/><F34/><W24/><G60/><T62/><D29/><U11/><E92/><V23/><F73/><W68/><G45/><T40/><D130/><U94/><E94/><V76/><F135/><W121/><G68/><T12/><D125/><U118/><E25/><V5/><F5/><W35/><G36/><T7/><D7/><U87/><E87/><V67/><F120/><W107/><G75/><T106/><D42/><U124/><E11/><V61/><F46/><W3/><G13/><T44/><D44/><U20/><E20/><V131/><F131/><N who="1" m="50249" /><E124/><V113/><F113/><W15/><G15/><T63/><D106/><U99/><E99/><V102/><F95/><W84/><G107/><T32/><D32/><U0/><E0/><V112/><F112/><W90/><G115/><T123/><D123/><U97/><E97/><N who="2" m="59695" /><F23/><W71/><G35/><T69/><D69/><U100/><E100/><V53/><F21/><W10/><G33/><T26/><D26/><U105/><E105/><V55/><F59/><W9/><G71/><T31/><D31/><U22/><E22/><V117/><F58/><W30/><G30/><T79/><D91/><U66/><E114/><V103/><F86/><W127/><G28/><T96/><D57/><U77/><E77/><V119/><F76/><W64/><G127/><T82/><D96/><U1/><E1/><V4/><F103/><W37/><G6/><T43/><D79/><U8/><E118/><V101/><F119/><W104/><G3/><T39/><D74/><RYUUKYOKU ba="0,0" sc="313,0,65,0,188,0,434,0" owari="313,11.0,65,-43.0,188,-21.0,434,53.0" /></mjloggm>