<mjloggm ver="2.3"><GO type="169" lobby="0"/><UN n0="%E3%82%A6%E3%83%AB%E3%83%88%E3%83%A9%E7%AB%8B%E7%9B%B4" n1="%70%67%61%69%6E" n2="%6A%75%6D%70%2D%75%70" n3="%E3%83%A9%E3%83%83%E3%82%AD%E3%83%BC%E3%83%89%E3%83%83%E3%82%B0" dan="17,16,17,17" rate="2190.35,2054.83,2173.38,2157.75" sx="M,M,M,M"/><TAIKYOKU oya="0"/><INIT seed="0,0,0,2,5,4" ten="250,250,250,250" oya="0" hai0="90,79,117,78,0,55,125,133,26,96,9,86,120" hai1="50,124,72,135,57,24,82,46,95,44,31,42,32" hai2="38,91,134,10,84,60,116,106,13,119,63,41,103" hai3="22,39,94,25,56,65,85,73,129,52,36,80,98"/><T110/><D117/><N who="2" m="45130" /><F134/><W6/><G73/><T71/><D120/><U100/><E135/><V115/><F115/><W59/><G129/><T122/><D122/><U5/><E124/><V68/><F68/><W123/><G123/><T112/><D112/><U104/><E104/><V43/><F106/><W12/><G65/><T19/><D71/><U74/><E57/><V70/><F103/><W18/><G59/><T127/><D133/><U20/><E82/><N who="2" m="49559" /><F38/><W83/><G83/><T53/><D96/><U1/><E32/><V102/><F102/><W111/><G111/><T108/><D79/><U16/><E31/><V17/><F63/><W69/><G69/><T92/><D78/><U8/><REACH who="1" step="1"/><E46/><REACH who="1" ten="250,240,250,250" step="2"/><V109/><F109/><N who="0" m="42090" /><D127/><U35/><E35/><V15/><F60/><W28/><G28/><T77/><D125/><U27/><E27/><V54/><F54/><W30/><G30/><T121/><D121/><U7/><E7/><N who="2" m="3295" /><F70/><W48/><G25/><T132/><D132/><U37/><E37/><V64/><F64/><W33/><G33/><T34/><D77/><U61/><E61/><V21/><AGARI ba="0,1" hai="15,17,21,41,43" m="3295,49559,45130" machi="21" ten="30,2000,0" yaku="12,1,52,1" doraHai="4" who="2" fromWho="2" sc="250,-10,240,-5,250,30,250,-5" /><INIT seed="1,0,0,1,1,112" ten="240,235,280,245" oya="1" hai0="11,66,21,30,116,48,100,135,84,69,56,89,58" hai1="31,17,41,28,74,0,32,26,27,107,64,119,16" hai2="2,59,12,67,95,77,82,101,118,3,18,87,65" hai3="43,57,22,109,103,80,123,52,54,7,130,38,33"/><U126/><E74/><V47/><F118/><W129/><G109/><T86/><D135/><U105/><E41/><V60/><F47/><W34/><G7/><T104/><D116/><U61/><E0/><V72/><F72/><W5/><G5/><T133/><D133/><U51/><E51/><V122/><F122/><W71/><G71/><T29/><D69/><U44/><E44/><V117/><F117/><W106/><G123/><T121/><D121/><U75/><E75/><V90/><F101/><W132/><G132/><T102/><D11/><U70/><E119/><V1/><F65/><W81/><G103/><T85/><D89/><U62/><E126/><V49/><F49/><W14/><G106/><T36/><D36/><U40/><E40/><V42/><F42/><W124/><G124/><T88/><D88/><U93/><E93/><V127/><F127/><W55/><G57/><T83/><D83/><N who="3" m="31817" /><G43/><T98/><D102/><U37/><E37/><V97/><REACH who="2" step="1"/><F3/><REACH who="2" ten="240,235,270,245" step="2"/><W9/><G38/><T120/><D120/><U24/><E62/><V134/><F134/><W91/><G91/><T96/><D66/><U128/><E128/><N who="3" m="49258" /><G22/><AGARI ba="0,1" hai="1,2,12,18,22,59,60,67,77,82,87,90,95,97" machi="22" ten="30,2000,0" yaku="1,1,7,1,53,0" doraHai="112" doraHaiUra="46" who="2" fromWho="3" sc="240,0,235,0,270,30,245,-20" /><INIT seed="2,0,0,4,5,124" ten="240,235,300,225" oya="2" hai0="14,46,115,113,10,28,134,30,112,27,18,7,107" hai1="20,97,95,104,93,35,105,90,26,3,81,0,71" hai2="110,78,32,37,129,5,96,84,83,47,92,33,39" hai3="128,29,91,75,72,13,69,122,38,67,74,50,60"/><V120/><F120/><W123/><G38/><T101/><D107/><U44/><E35/><V87/><F110/><W9/><G29/><T114/><D101/><U109/><E109/><V80/><F5/><W76/><G76/><T54/><N who="0" m="28672" /><DORA hai="49" /><T59/><D134/><U108/><E108/><V15/><F15/><W86/><G50/><T82/><D46/><U2/><E71/><V61/><F61/><W127/><G127/><T12/><D82/><U57/><E81/><V119/><F119/><W125/><G125/><T68/><D68/><U126/><E126/><V63/><F63/><W111/><G111/><T4/><D27/><U88/><E44/><V85/><F85/><W16/><REACH who="3" step="1"/><G128/><REACH who="3" ten="240,235,300,215" step="2"/><T102/><D28/><U43/><E43/><V117/><F129/><W19/><G19/><T98/><D30/><N who="1" m="17735" /><E105/><V40/><F117/><W65/><G65/><T34/><D34/><U118/><E104/><V1/><F39/><W99/><G99/><T100/><D98/><U106/><E106/><V25/><F33/><W94/><AGARI ba="0,1" hai="9,13,16,60,67,69,72,74,75,86,91,94,122,123" machi="94" ten="30,7900,0" yaku="1,1,0,1,54,1,53,1" doraHai="124,49" doraHaiUra="58,36" who="3" fromWho="3" sc="240,-20,235,-20,300,-39,215,89" /><INIT seed="3,0,0,2,1,107" ten="220,215,261,304" oya="3" hai0="86,28,13,62,17,127,88,51,29,26,19,112,122" hai1="6,125,130,14,91,100,21,40,119,92,97,134,90" hai2="87,23,55,84,41,37,45,69,109,70,18,65,32" hai3="111,31,74,117,56,93,44,103,58,50,38,34,53"/><W4/><G74/><T57/><D122/><U81/><E134/><V95/><F109/><W104/><G104/><T96/><D127/><U8/><E125/><V131/><F131/><W16/><G117/><T42/><D112/><U128/><E119/><V120/><F32/><W7/><G111/><T47/><D96/><U64/><E64/><V24/><F120/><W73/><G73/><T98/><D98/><U108/><E108/><V129/><F129/><N who="1" m="49769" /><E40/><V9/><F65/><W118/><G118/><T115/><D115/><U101/><E21/><V124/><F124/><W27/><G38/><T83/><D26/><U82/><E91/><V61/><F69/><W11/><G103/><AGARI ba="0,0" hai="6,8,14,81,82,90,92,97,100,101,103" m="49769" machi="103" ten="30,1000,0" yaku="19,1" doraHai="107" who="1" fromWho="3" sc="220,0,215,10,261,0,304,-10" /><INIT seed="4,0,0,2,2,100" ten="220,225,261,294" oya="0" hai0="34,41,98,57,6,74,65,75,127,113,114,117,18" hai1="58,104,60,35,132,26,125,20,135,38,62,89,119" hai2="7,50,73,22,39,44,31,111,28,42,91,96,128" hai3="123,85,81,32,102,118,97,83,48,95,27,3,84"/><T64/><D117/><U1/><E119/><V129/><F111/><W110/><G3/><T134/><D34/><U8/><E35/><V90/><F73/><W76/><G118/><T13/><D6/><N who="1" m="1103" /><E38/><V10/><F39/><W80/><G48/><T47/><D98/><U108/><E108/><V92/><F22/><W56/><G56/><T112/><D134/><U11/><E125/><V43/><F90/><N who="3" m="51487" /><G27/><T45/><D127/><U25/><E11/><V69/><F43/><W77/><G32/><T14/><D57/><U54/><E62/><V29/><REACH who="2" step="1"/><F69/><REACH who="2" ten="220,225,251,294" step="2"/><W78/><G110/><T4/><D74/><U21/><E89/><V99/><F99/><W49/><G123/><T51/><D75/><U122/><E122/><V82/><F82/><W61/><G61/><T115/><D115/><U120/><E120/><V88/><F88/><N who="3" m="51247" /><G49/><T30/><D51/><U94/><E135/><V106/><F106/><W53/><G53/><T93/><D41/><U121/><E104/><V101/><F101/><W103/><G80/><T109/><D109/><U17/><E121/><V40/><F40/><W66/><G66/><T55/><D65/><U87/><E132/><V72/><F72/><W19/><G103/><T33/><D64/><U16/><E87/><V105/><F105/><W46/><G102/><T68/><D68/><U23/><E23/><V5/><F5/><W79/><N who="3" m="19456" /><DORA hai="15" /><W124/><G124/><T9/><D55/><U37/><E37/><V71/><F71/><W116/><G97/><T126/><D126/><U86/><E86/><V133/><F133/><W12/><G95/><AGARI ba="0,1" hai="16,17,20,21,25,26,54,58,60,94,95" m="1103" machi="95" ten="30,7700,0" yaku="6,1,52,2,54,1" doraHai="100,15" who="1" fromWho="3" sc="220,0,225,87,251,0,294,-77" /><INIT seed="5,0,0,2,5,92" ten="220,312,251,217" oya="1" hai0="4,100,11,27,86,75,15,66,129,57,35,24,87" hai1="6,125,69,133,54,38,77,29,22,97,79,82,19" hai2="43,10,114,83,127,17,93,62,56,96,78,81,16" hai3="73,49,25,12,131,18,60,110,109,99,30,88,45"/><U3/><E69/><V31/><F127/><W118/><G73/><T5/><D75/><U33/><E38/><V52/><F114/><W0/><G131/><T28/><D129/><U134/><E125/><V61/><F31/><W74/><G0/><T9/><D100/><U68/><E68/><V98/><F43/><W112/><G74/><T123/><D123/><U111/><E111/><V119/><F93/><W20/><G112/><T21/><D66/><U8/><E54/><V135/><F135/><W101/><G118/><T64/><D57/><U113/><E113/><V55/><F119/><W41/><G60/><N who="2" m="23145" /><F10/><W47/><G47/><T13/><REACH who="0" step="1"/><D64/><REACH who="0" ten="210,312,251,217" step="2"/><U1/><E134/><V59/><F59/><W32/><REACH who="3" step="1"/><G88/><REACH who="3" ten="210,312,251,207" step="2"/><T14/><D14/><N who="1" m="9591" /><E3/><V42/><F56/><W36/><G36/><T108/><D108/><U122/><E1/><V40/><F78/><W104/><AGARI ba="0,2" hai="12,18,20,25,30,32,41,45,49,99,101,104,109,110" machi="104" ten="20,5200,0" yaku="1,1,0,1,7,1,52,1,53,0" doraHai="92" doraHaiUra="85" who="3" fromWho="3" sc="210,-13,312,-26,251,-13,207,72" /><INIT seed="6,0,0,2,4,54" ten="197,286,238,279" oya="2" hai0="46,115,65,60,98,5,107,106,90,10,25,94,117" hai1="29,30,134,43,114,39,4,92,96,27,1,127,133" hai2="78,84,112,79,14,36,101,0,111,82,80,122,70" hai3="118,9,116,15,66,63,47,125,73,50,95,81,61"/><V87/><F70/><W104/><G104/><T71/><D115/><U7/><E114/><V123/><F36/><W13/><G125/><T28/><D46/><N who="1" m="23935" /><E127/><V2/><F14/><W72/><G15/><T76/><D76/><N who="2" m="29226" /><F112/><W26/><G26/><T86/><D117/><U89/><E1/><N who="2" m="619" /><F101/><W99/><G63/><T56/><D71/><U97/><E97/><V38/><F38/><W16/><G81/><N who="2" m="31337" /><F111/><W8/><G73/><T126/><D126/><U130/><E96/><V34/><F34/><W128/><G72/><T121/><D121/><AGARI ba="0,0" hai="84,87,121,122,123" m="31337,619,29226" machi="121" ten="40,3900,0" yaku="28,2" doraHai="54" who="2" fromWho="0" sc="197,-39,286,0,238,39,279,0" /><INIT seed="6,1,0,4,0,63" ten="158,286,277,279" oya="2" hai0="51,124,20,68,79,90,64,49,31,92,47,77,11" hai1="1,4,126,29,91,7,118,133,116,52,17,33,66" hai2="58,36,61,111,30,80,88,114,103,108,89,95,94" hai3="76,27,74,60,16,35,67,86,87,107,53,9,22"/><V121/><F121/><W72/><G107/><T117/><D124/><U37/><E37/><V8/><F36/><W44/><G35/><T128/><D128/><U15/><E126/><V82/><F103/><W25/><G72/><T120/><D120/><U39/><E39/><V99/><F8/><W106/><G74/><T50/><D117/><U112/><E112/><V70/><F70/><W122/><G106/><T6/><D47/><U78/><E78/><V5/><F5/><W115/><G115/><T125/><D125/><U24/><E133/><V97/><F30/><W13/><G27/><T83/><D83/><U81/><E7/><V119/><F119/><W113/><G76/><T55/><D55/><U127/><E127/><V129/><F129/><W130/><G130/><T0/><D31/><U34/><E34/><V23/><F23/><W45/><G122/><T100/><D20/><U14/><E1/><V41/><F41/><W26/><G26/><T18/><D18/><U56/><E4/><V38/><F38/><W12/><G12/><N who="1" m="4650" /><E17/><V98/><F98/><W19/><G113/><T132/><D100/><U65/><E118/><V57/><F114/><W96/><G96/><T110/><D110/><N who="2" m="42026" /><F58/><N who="3" m="37271" /><G45/><T28/><D28/><U2/><E2/><V102/><F102/><W59/><G44/><T42/><D132/><U93/><E116/><V101/><F101/><W54/><G59/><T21/><D21/><U43/><E43/><V62/><F62/><W73/><G73/><T105/><D42/><U3/><E29/><V104/><F104/><W109/><G109/><T135/><D105/><RYUUKYOKU ba="1,0" sc="158,-15,286,-15,277,15,279,15" hai2="57,61,80,82,88,89,94,95,97,99" hai3="9,13,16,19,22,25,53,54,86,87" /><INIT seed="6,2,0,5,4,128" ten="143,271,292,294" oya="2" hai0="97,73,32,113,100,80,25,127,55,40,36,34,46" hai1="87,15,30,130,79,58,12,98,44,93,65,72,91" hai2="105,63,5,52,37,135,3,126,39,16,94,103,115" hai3="29,28,90,24,31,106,17,86,64,23,8,102,45"/><V129/><F129/><W68/><G106/><T77/><D113/><U120/><E130/><V121/><F126/><W67/><G102/><T6/><D127/><U96/><E120/><V131/><F121/><W62/><G67/><T70/><D55/><U107/><E30/><V56/><F105/><W85/><G45/><T13/><D13/><U81/><E44/><V19/><F115/><W54/><G54/><T84/><D84/><U108/><E108/><V117/><F117/><W95/><REACH who="3" step="1"/><G86/><REACH who="3" ten="143,271,292,284" step="2"/><T122/><D122/><U2/><E107/><V124/><F131/><W20/><G20/><T42/><D42/><U53/><E65/><V116/><F124/><W89/><G89/><T83/><D70/><U99/><E53/><V41/><F116/><W88/><G88/><T7/><D100/><U111/><E91/><V1/><F103/><W11/><AGARI ba="2,1" hai="8,11,17,23,24,28,29,31,62,64,68,85,90,95" machi="11" ten="30,2000,0" yaku="1,1,0,1,53,0" doraHai="128" doraHaiUra="50" who="3" fromWho="3" sc="143,-7,271,-7,292,-12,284,36" /><INIT seed="7,0,0,3,2,115" ten="136,264,280,320" oya="3" hai0="131,8,26,77,93,28,92,37,125,79,132,36,108" hai1="10,101,58,111,69,32,97,48,11,84,103,31,109" hai2="2,114,70,25,35,55,1,41,100,65,106,85,135" hai3="112,127,113,15,110,27,67,3,63,78,86,5,91"/><W129/><G129/><T87/><D108/><U98/><E69/><V107/><F107/><W99/><G127/><T17/><D131/><U83/><E32/><V54/><F135/><W71/><G15/><T116/><D132/><U74/><E74/><V51/><F114/><N who="3" m="44139" /><G27/><T23/><D125/><U134/><E134/><V45/><F85/><W121/><G121/><T104/><D104/><U19/><E31/><N who="2" m="19951" /><F2/><W118/><G118/><T130/><D130/><U50/><E58/><V73/><F1/><W40/><G40/><T0/><D116/><U64/><E64/><V82/><F82/><W56/><G56/><T119/><D119/><U62/><E83/><V133/><F73/><W76/><G99/><T21/><D37/><U4/><E84/><V122/><F133/><W9/><G110/><T88/><D36/><U61/><E19/><V120/><F55/><W60/><G60/><T66/><D66/><U30/><E30/><V14/><F54/><W13/><G3/><T39/><D39/><U80/><E80/><AGARI ba="0,0" hai="5,9,13,63,67,71,76,78,80,86,91" m="44139" machi="80" ten="30,1500,0" yaku="15,1" doraHai="115" who="3" fromWho="1" sc="136,0,264,-15,280,0,320,15" owari="136,-36.0,249,-15.0,280,8.0,335,43.0" /></mjloggm>