<mjloggm ver="2.3"><GO type="169" lobby="0"/><UN n0="%E3%83%92%E3%83%AB%E3%83%99%E3%83%AB%E3%83%88" n1="%52%69%2D%4D%6F%2D" n2="%3E%5F%30%40%E6%9D%8F%E6%9D%8F%E8%BB%8D%E5%9C%98" n3="%E3%83%88%E3%83%88%E3%83%AA%E5%85%88%E7%94%9F%31%39%E6%AD%B3" dan="16,17,18,18" rate="2165.91,2135.87,2250.46,2206.68" sx="M,M,F,F"/><TAIKYOKU oya="0"/><INIT seed="0,0,0,0,2,89" ten="250,250,250,250" oya="0" hai0="87,83,95,16,103,27,41,46,57,109,38,24,75" hai1="94,86,18,0,131,102,5,59,34,23,67,66,9" hai2="71,118,125,56,97,115,134,8,31,80,132,100,70" hai3="90,126,99,113,106,96,52,19,33,44,30,101,65"/><T117/><D117/><U36/><E36/><V104/><F115/><W78/><G113/><T77/><D109/><U69/><E69/><V21/><F118/><W74/><G126/><T6/><D6/><U14/><E131/><V105/><F125/><W32/><G30/><T3/><D3/><U84/><E34/><V93/><F8/><W112/><G112/><T51/><D57/><U135/><E135/><N who="2" m="51755" /><F56/><W7/><G65/><T79/><D38/><U119/><E119/><V37/><F37/><W130/><G130/><T127/><D127/><U40/><E40/><V47/><F47/><W63/><G7/><T133/><D133/><U124/><E124/><V28/><F80/><W110/><G110/><T54/><D41/><U121/><E121/><V72/><F72/><W48/><G63/><T82/><REACH who="0" step="1"/><D16/><REACH who="0" ten="240,250,250,250" step="2"/><N who="1" m="10647" /><E59/><V20/><F70/><W111/><G19/><T122/><D122/><U53/><E0/><V25/><F71/><W12/><G111/><T61/><D61/><U81/><E5/><V13/><F13/><W17/><G17/><T50/><D50/><U64/><E18/><V10/><F10/><W123/><G12/><T92/><D92/><U114/><E9/><V11/><F11/><W73/><G123/><T35/><D35/><U45/><E114/><V15/><F15/><W39/><G39/><T120/><D120/><U68/><E68/><V4/><F4/><W62/><G62/><T49/><D49/><N who="1" m="28847" /><E81/><V60/><F60/><W98/><G32/><T1/><D1/><U55/><E55/><V29/><F21/><W26/><G33/><T129/><D129/><RYUUKYOKU ba="0,1" sc="240,10,250,10,250,10,250,-30" hai0="24,27,46,51,54,75,77,79,82,83,87,95,103" hai1="64,66,67,84,86,94,102" hai2="20,25,28,29,31,93,97,100,104,105" /><INIT seed="0,1,1,5,3,102" ten="250,260,260,220" oya="0" hai0="96,21,104,113,51,88,8,121,22,5,43,117,55" hai1="67,72,39,10,44,122,128,16,134,133,71,54,12" hai2="24,53,131,89,101,26,6,130,46,45,132,83,36" hai3="110,120,99,31,76,69,63,108,61,68,66,38,98"/><T35/><D35/><U25/><E122/><V70/><F70/><W20/><G38/><T94/><D113/><U80/><E128/><N who="2" m="49195" /><F132/><N who="1" m="50793" /><E25/><V114/><F114/><W105/><G120/><T37/><D117/><U7/><E67/><V34/><F6/><W57/><G76/><T86/><D121/><U42/><E71/><V77/><F34/><W85/><G85/><T115/><D115/><U81/><E72/><V28/><F89/><W59/><G20/><T4/><D43/><U74/><E74/><V109/><F109/><W47/><G47/><T106/><D37/><U78/><E78/><V11/><F36/><W62/><G62/><T52/><D4/><U107/><E107/><V95/><F45/><W29/><G66/><T58/><D55/><U91/><E91/><V64/><F64/><W9/><G9/><T75/><D75/><U60/><E7/><V32/><F11/><W50/><G50/><T82/><D21/><U15/><E15/><V1/><F32/><W79/><G79/><T73/><D22/><U127/><E127/><V116/><F77/><W3/><REACH who="3" step="1"/><G105/><REACH who="3" ten="250,260,260,210" step="2"/><T41/><D73/><U65/><E65/><V48/><F48/><W124/><G124/><T111/><D41/><U97/><E97/><V87/><F87/><W56/><G56/><AGARI ba="1,2" hai="10,12,16,39,42,44,54,56,60,80,81" m="50793" machi="56" ten="30,2000,0" yaku="20,1,54,1" doraHai="102" who="1" fromWho="3" sc="250,0,260,43,260,0,210,-23" /><INIT seed="1,0,0,4,1,97" ten="250,303,260,187" oya="1" hai0="39,82,41,105,114,50,58,45,36,130,51,52,17" hai1="20,111,76,93,83,92,127,100,115,63,1,72,126" hai2="53,104,117,135,110,44,120,98,75,29,121,31,113" hai3="13,107,57,37,81,90,86,18,9,124,28,102,123"/><U85/><E1/><V2/><F117/><W96/><G124/><N who="1" m="47658" /><E63/><V108/><F75/><W79/><G123/><N who="2" m="47177" /><F2/><W43/><G28/><T87/><D114/><U88/><E20/><V30/><F135/><W74/><G57/><T49/><D105/><U59/><E59/><V16/><F113/><W47/><REACH who="3" step="1"/><G74/><REACH who="3" ten="250,303,260,177" step="2"/><T128/><D128/><U5/><E115/><V55/><F31/><W40/><G40/><T61/><D130/><U0/><E111/><V78/><F30/><W26/><G26/><T69/><D36/><U25/><E25/><V10/><F29/><W125/><G125/><T14/><D69/><U129/><E129/><V46/><F108/><W103/><G103/><T6/><D6/><U12/><E100/><N who="2" m="62487" /><F110/><W54/><G54/><T84/><REACH who="0" step="1"/><D82/><REACH who="0" ten="240,303,260,177" step="2"/><N who="1" m="49207" /><E0/><V8/><F53/><W106/><G106/><T131/><D131/><U21/><E5/><V32/><F55/><W112/><G112/><T19/><D19/><AGARI ba="0,2" hai="12,19,21,72,76,83,92,93" m="49207,47658" machi="19" ten="30,2900,0" yaku="18,1,54,1" doraHai="97" who="1" fromWho="0" sc="240,-29,303,49,260,0,177,0" /><INIT seed="1,1,0,1,5,97" ten="211,352,260,177" oya="1" hai0="120,10,18,20,13,117,47,84,111,54,51,66,65" hai1="41,35,1,131,110,72,79,63,119,128,108,133,116" hai2="56,109,101,114,132,86,42,104,7,23,22,68,122" hai3="67,115,64,123,100,89,129,39,49,12,85,130,32"/><U40/><E35/><V88/><F68/><W124/><G123/><T106/><D106/><U26/><E1/><V77/><F122/><W45/><G115/><T29/><D111/><N who="1" m="42539" /><E26/><V134/><F77/><W105/><G39/><T52/><D117/><N who="1" m="45131" /><E133/><V75/><F75/><W50/><G124/><T94/><D120/><U43/><E79/><V118/><F118/><W80/><G49/><T11/><D54/><U107/><E72/><V60/><F7/><W98/><G32/><T14/><D29/><U24/><E24/><V55/><F114/><W102/><G12/><T36/><D36/><U57/><E107/><V78/><F104/><W38/><G38/><T19/><D20/><U3/><E3/><V15/><F78/><W95/><G105/><T30/><D30/><U121/><E121/><V82/><F22/><W44/><G129/><T83/><D94/><U4/><E4/><V33/><F23/><W31/><G130/><T25/><D25/><U5/><E5/><V92/><F33/><W71/><G31/><T16/><D18/><U62/><E62/><V2/><F2/><W103/><G80/><T59/><D59/><U53/><AGARI ba="1,0" hai="40,41,43,53,57,63,128,131" m="45131,42539" machi="53" ten="40,12000,1" yaku="14,1,10,1,34,2" doraHai="97" who="1" fromWho="1" sc="211,-41,352,123,260,-41,177,-41" /><INIT seed="1,2,0,0,4,115" ten="170,475,219,136" oya="1" hai0="4,8,101,112,90,87,102,24,58,51,49,37,2" hai1="59,44,135,52,98,85,9,0,29,23,71,14,46" hai2="56,16,96,27,118,55,36,31,133,15,117,108,127" hai3="93,6,132,82,12,53,63,60,30,28,64,75,110"/><U69/><E0/><V57/><F108/><W43/><G110/><T45/><D112/><U26/><E135/><V33/><F133/><W11/><G132/><T42/><D24/><U65/><E65/><V105/><F36/><W62/><G43/><T78/><D78/><U77/><E71/><V92/><F105/><W74/><G64/><T131/><D131/><U76/><E98/><V116/><F55/><W88/><G82/><T114/><D114/><U68/><E68/><V3/><F3/><W123/><G123/><T95/><D49/><N who="1" m="31119" /><E69/><V84/><F84/><W32/><G53/><T91/><D37/><U100/><E100/><V22/><REACH who="2" step="1"/><F127/><REACH who="2" ten="170,475,209,136" step="2"/><W10/><G75/><T18/><D2/><U50/><E85/><V20/><F20/><W86/><G74/><T89/><D87/><U35/><E35/><V70/><F70/><W126/><G126/><T21/><D21/><U107/><E107/><V41/><F41/><W40/><G32/><T99/><D99/><U66/><E66/><V54/><F54/><W81/><G40/><T79/><D42/><N who="1" m="24855" /><E46/><V130/><F130/><W97/><REACH who="3" step="1"/><G11/><REACH who="3" ten="170,475,209,126" step="2"/><T80/><D8/><U106/><E9/><V13/><F13/><W113/><G113/><T128/><D128/><U38/><E38/><V73/><F73/><W119/><G119/><T5/><D51/><U125/><E125/><V39/><F39/><W120/><G120/><T25/><D45/><U17/><E14/><V111/><F111/><W1/><G1/><T129/><D129/><U134/><E134/><V34/><F34/><W48/><G48/><T121/><D121/><RYUUKYOKU ba="2,2" sc="170,-15,475,-15,209,15,126,15" hai2="15,16,22,27,31,33,56,57,92,96,116,117,118" hai3="6,10,12,28,30,60,62,63,81,86,88,93,97" /><INIT seed="2,3,2,5,5,22" ten="155,460,224,141" oya="2" hai0="68,62,116,96,105,12,98,133,60,72,121,37,52" hai1="106,20,111,14,71,125,134,63,77,27,55,80,44" hai2="131,129,78,83,115,99,135,39,50,58,101,5,128" hai3="10,122,30,114,74,35,29,21,91,87,92,46,2"/><V61/><F39/><W64/><G122/><T6/><D37/><U119/><E119/><V13/><F115/><W113/><G74/><T126/><D72/><U59/><E106/><N who="2" m="63807" /><F50/><W107/><G107/><T17/><D121/><U16/><E125/><V67/><F135/><W90/><G35/><T56/><D133/><U45/><E134/><V73/><F13/><W33/><G33/><T108/><D108/><U79/><E111/><V127/><F5/><N who="3" m="1335" /><G64/><T110/><D110/><U11/><E71/><V43/><F43/><W4/><G4/><T103/><D126/><AGARI ba="3,2" hai="58,61,67,73,78,83,126,127,128,129,131" m="63807" machi="126" ten="40,2000,0" yaku="19,1" doraHai="22" who="2" fromWho="0" sc="155,-29,460,0,224,49,141,0" /><INIT seed="2,4,0,0,4,23" ten="126,460,273,141" oya="2" hai0="54,27,86,70,99,30,37,112,15,93,36,117,74" hai1="13,5,56,109,46,60,43,59,0,26,106,110,75" hai2="71,6,131,83,100,105,90,18,122,68,91,24,51" hai3="35,67,104,82,7,72,107,134,12,116,80,21,79"/><V63/><F122/><W31/><G116/><T34/><D74/><U39/><E106/><V41/><F131/><W49/><G134/><T113/><D70/><U129/><E129/><V126/><F126/><W84/><G35/><T20/><D117/><U48/><E13/><V32/><F6/><W14/><G67/><T118/><D118/><U121/><E121/><V81/><F100/><W55/><G12/><T133/><D133/><U17/><E48/><V38/><F38/><W2/><G2/><T69/><D69/><U19/><E75/><V78/><F105/><W111/><G111/><N who="1" m="42506" /><E26/><V77/><F51/><W4/><G4/><T8/><D34/><U64/><E59/><V1/><F1/><W101/><G101/><T97/><D37/><U47/><E47/><V108/><F32/><W44/><G7/><T65/><D36/><U33/><E33/><V92/><F108/><W58/><G44/><T115/><D65/><U127/><E127/><V50/><F50/><W11/><G11/><AGARI ba="4,0" hai="0,5,11,17,19,39,43,46,56,60,64" m="42506" machi="11" ten="30,1000,0" yaku="14,1" doraHai="23" who="1" fromWho="3" sc="126,0,460,22,273,0,141,-22" /><INIT seed="3,0,0,4,3,113" ten="126,482,273,119" oya="3" hai0="92,25,27,81,47,73,128,2,7,49,72,22,41" hai1="12,30,110,106,108,100,54,134,95,79,105,115,9" hai2="122,40,103,93,44,96,86,130,31,82,101,46,74" hai3="33,24,5,42,4,85,28,19,89,87,68,131,21"/><W11/><G68/><T121/><D121/><U104/><E115/><V53/><F122/><W124/><G131/><T61/><D128/><U83/><E30/><V90/><F130/><W76/><G124/><T6/><D27/><U29/><E29/><V13/><F31/><W64/><G64/><T127/><D127/><U69/><E54/><V15/><F74/><W16/><G42/><T18/><D2/><U94/><E69/><V84/><F101/><W50/><G50/><T45/><D73/><N who="1" m="43503" /><E100/><V77/><F53/><W35/><G5/><T116/><D92/><U88/><E134/><V70/><F70/><W114/><G114/><T32/><D116/><U56/><E56/><V112/><F112/><W26/><G76/><T123/><D32/><U3/><E3/><V126/><F126/><W63/><G63/><T1/><D1/><U102/><E12/><N who="2" m="4683" /><F40/><W48/><G48/><T34/><D34/><U75/><E9/><V67/><F67/><W99/><G35/><T20/><D20/><U60/><E60/><V78/><F78/><W57/><G57/><T71/><D123/><U91/><E102/><V59/><F59/><W52/><G52/><T129/><D129/><U125/><E75/><V10/><F10/><W23/><G4/><T51/><D72/><U80/><E125/><V36/><F36/><W107/><G11/><T43/><D81/><AGARI ba="0,0" hai="44,46,77,81,82,84,86,90,93,96,103" m="4683" machi="81" ten="30,1000,0" yaku="8,1" doraHai="113" who="2" fromWho="0" sc="126,-10,482,0,273,10,119,0" /><INIT seed="4,0,0,1,0,25" ten="116,482,283,119" oya="0" hai0="42,66,37,8,27,61,124,80,87,58,103,47,15" hai1="34,54,49,18,83,21,0,115,126,131,56,93,135" hai2="133,35,102,111,95,3,51,26,10,106,96,9,11" hai3="114,132,17,63,89,45,43,100,127,5,108,41,32"/><T86/><D124/><U82/><E34/><V33/><F111/><W1/><G108/><T69/><D103/><U128/><E0/><V13/><F133/><W62/><G127/><T31/><D69/><U55/><E126/><V92/><F35/><W123/><G132/><T52/><D66/><U110/><E110/><V75/><F75/><W20/><G32/><T22/><REACH who="0" step="1"/><D80/><REACH who="0" ten="106,482,283,119" step="2"/><U122/><E83/><V73/><F102/><W44/><G100/><T77/><D77/><U2/><E82/><V85/><F106/><W64/><G64/><T40/><D40/><U125/><E125/><V98/><F95/><W97/><G43/><T116/><D116/><U68/><E93/><V107/><F92/><W65/><G41/><T134/><D134/><U39/><E68/><V129/><F107/><W78/><G65/><T72/><D72/><U12/><E135/><V101/><F73/><W81/><G78/><T88/><D88/><U24/><E55/><V105/><F101/><W113/><G89/><T59/><D59/><U119/><E56/><V23/><F105/><W109/><G81/><T46/><D46/><U29/><E54/><V84/><F3/><W50/><G1/><T38/><D38/><U19/><E39/><V14/><F96/><W16/><G97/><T57/><D57/><U94/><E2/><V120/><F98/><W4/><G109/><T67/><D67/><U117/><E119/><V99/><F99/><W130/><G45/><T6/><AGARI ba="0,1" hai="6,8,15,22,27,31,37,42,47,52,58,61,86,87" machi="6" ten="20,12000,1" yaku="1,1,0,1,7,1,52,1,54,1,53,0" doraHai="25" doraHaiUra="30" who="0" fromWho="0" sc="106,130,482,-40,283,-40,119,-40" /><INIT seed="4,1,0,1,1,40" ten="236,442,243,79" oya="0" hai0="57,107,27,121,105,63,13,61,68,92,37,1,38" hai1="95,81,10,31,129,26,24,86,113,42,94,75,56" hai2="71,114,58,109,36,91,128,106,93,102,112,82,120" hai3="9,76,133,72,117,23,116,88,115,21,87,45,111"/><T118/><D1/><U85/><E75/><V59/><F71/><W89/><G111/><T123/><D13/><U25/><E31/><V49/><F36/><W29/><G115/><N who="2" m="44073" /><F109/><W33/><G133/><T46/><D92/><U50/><E129/><V20/><F120/><W124/><G124/><T74/><D27/><U119/><E119/><V43/><F106/><W80/><G33/><T132/><D74/><U125/><E125/><V96/><F20/><W22/><G29/><T127/><D127/><U98/><E113/><V122/><F122/><N who="0" m="46602" /><D107/><U130/><E130/><V19/><F19/><W39/><G9/><T30/><D105/><U126/><E126/><V48/><F128/><W131/><G131/><T28/><D28/><U99/><E81/><V6/><F6/><W70/><G70/><T100/><D100/><N who="1" m="60503" /><E10/><V44/><F48/><W53/><G89/><T11/><D11/><U4/><E4/><V32/><F32/><W47/><G72/><T14/><D14/><U69/><E50/><V12/><F12/><W2/><G2/><T135/><D30/><U110/><E24/><V8/><F8/><W104/><G104/><T52/><D118/><U66/><E25/><V7/><F7/><W3/><G3/><T35/><D35/><U108/><E26/><V60/><F82/><W65/><G117/><T0/><D0/><U67/><E108/><V134/><F102/><W18/><G116/><T55/><D55/><U101/><E110/><V51/><F91/><W97/><G88/><T17/><D17/><U78/><E101/><V16/><F16/><W103/><G18/><RYUUKYOKU ba="1,0" sc="236,0,442,0,243,0,79,0" /><INIT seed="5,2,0,4,4,50" ten="236,442,243,79" oya="1" hai0="94,55,134,106,83,129,105,118,84,74,65,36,21" hai1="75,123,114,9,34,89,28,54,64,13,14,17,43" hai2="10,27,126,4,79,125,19,95,24,101,127,22,122" hai3="88,45,49,39,33,70,61,72,51,31,76,82,90"/><U11/><E123/><V86/><F122/><W85/><G39/><T12/><D74/><U6/><E75/><V7/><F79/><W102/><G49/><T29/><D36/><U56/><E43/><V66/><F66/><W124/><G124/><T62/><D94/><U23/><E64/><V80/><F80/><W0/><G0/><T58/><D118/><U135/><E114/><V103/><F7/><W111/><G111/><T130/><D134/><U117/><E117/><V110/><F110/><W20/><G33/><T16/><D29/><U8/><E135/><V91/><REACH who="2" step="1"/><F27/><REACH who="2" ten="236,442,233,79" step="2"/><W87/><G76/><N who="0" m="46183" /><D65/><U78/><E78/><V98/><F98/><W92/><G72/><T47/><D106/><U48/><E6/><V44/><F44/><W52/><G70/><T35/><D105/><U2/><E2/><AGARI ba="2,1" hai="2,4,10,19,22,24,86,91,95,101,103,125,126,127" machi="2" ten="40,2600,0" yaku="1,1,18,1,53,0" doraHai="50" doraHaiUra="116" who="2" fromWho="1" sc="236,0,442,-32,233,42,79,0" /><INIT seed="6,0,0,3,2,5" ten="236,410,275,79" oya="2" hai0="118,25,47,119,125,64,23,66,43,27,0,122,99" hai1="8,58,117,37,106,108,74,107,11,79,83,16,41" hai2="60,110,54,57,76,94,49,78,112,31,81,69,126" hai3="30,124,87,133,1,29,46,102,120,114,121,45,18"/><V100/><F112/><W61/><G102/><T72/><D72/><U105/><E108/><V116/><F110/><W40/><G61/><T21/><D0/><U129/><E117/><N who="0" m="44553" /><D99/><U98/><E129/><V104/><F104/><W20/><G1/><T50/><D122/><U89/><E37/><V85/><F126/><W6/><G114/><T13/><D13/><U109/><E41/><V17/><F31/><W130/><G130/><T93/><D93/><U132/><E109/><V63/><F69/><W82/><G120/><T22/><D125/><U51/><E132/><V123/><F123/><W88/><G133/><T52/><D43/><U42/><E16/><V62/><F116/><W28/><G124/><T90/><D90/><U19/><E19/><V44/><F17/><W92/><G121/><T128/><D128/><U36/><E36/><V7/><F7/><W135/><G135/><T97/><D97/><U84/><E98/><N who="2" m="59479" /><F78/><W68/><G6/><T67/><AGARI ba="0,0" hai="21,22,23,25,27,47,50,52,64,66,67" m="44553" machi="67" ten="40,2700,0" yaku="12,1,54,1" doraHai="5" who="0" fromWho="0" sc="236,27,410,-7,275,-13,79,-7" /><INIT seed="7,0,0,0,5,93" ten="263,403,262,72" oya="3" hai0="105,118,43,115,22,135,32,64,26,41,95,46,107" hai1="120,14,87,1,126,76,80,86,129,85,117,12,40" hai2="7,51,122,74,104,54,13,123,61,111,53,127,108" hai3="5,101,82,11,116,84,128,6,119,28,8,30,81"/><W38/><G38/><T52/><D32/><U89/><E1/><V134/><F104/><W66/><G66/><T36/><D118/><U109/><E109/><V16/><F74/><W27/><G101/><T17/><D135/><U55/><E40/><V2/><F127/><W37/><G37/><T50/><D43/><U71/><E71/><V56/><F7/><W99/><G84/><T100/><D115/><U79/><E129/><V75/><F2/><W91/><G91/><T125/><D125/><U69/><E69/><V39/><F39/><W114/><G27/><T18/><D64/><U90/><E87/><V4/><F4/><W31/><G31/><T21/><D95/><U102/><E102/><V42/><F42/><W29/><G29/><T96/><D107/><U83/><E120/><N who="2" m="46123" /><F75/><W35/><G114/><T132/><D132/><U67/><E67/><V97/><F97/><W103/><G103/><T48/><D52/><U15/><E126/><V65/><F134/><W24/><G24/><AGARI ba="0,0" hai="17,18,21,22,24,26,36,41,46,48,50,96,100,105" machi="24" ten="30,3900,0" yaku="7,1,9,1,52,1" doraHai="93" who="0" fromWho="3" sc="263,39,403,0,262,0,72,-39" owari="302,10.0,403,51.0,262,-14.0,33,-47.0" /></mjloggm>