<mjloggm ver="2.3"><GO type="41" lobby="0"/><UN n0="%E3%82%AB%E3%83%A1%E3%83%AA%E3%82%A2%E3%83%BB%E3%82%B8%E3%83%A7%E3%82%A4" n1="%E5%B0%B1%E6%B4%BB%E7%94%9F%40%E5%B7%9D%E6%9D%91%E8%BB%8D%E5%9B%A3" n2="%E3%81%9F%E3%82%93%E3%82%86%E3%81%86" n3="%E6%A0%B9%E8%B6%8A%E8%8B%B1%E4%BA%BA" dan="16,17,15,15" rate="2051.44,2205.15,2020.28,2054.82" sx="M,M,F,F"/><TAIKYOKU oya="0"/><INIT seed="0,0,0,2,0,86" ten="250,250,250,250" oya="0" hai0="52,91,58,133,19,70,18,50,110,127,108,97,2" hai1="65,13,51,129,76,17,103,113,66,87,15,75,118" hai2="49,55,35,115,42,117,34,107,23,69,26,88,27" hai3="123,78,73,9,29,128,135,89,105,82,98,36,71"/><T21/><D70/><U68/><E75/><V125/><F115/><W96/><G36/><T33/><D33/><U20/><E118/><V104/><F69/><W28/><G71/><T112/><D112/><U30/><E129/><V16/><F42/><W46/><G128/><T84/><D2/><U80/><E113/><V102/><F117/><W6/><G135/><T4/><D4/><U11/><E68/><V120/><F120/><W54/><G123/><T93/><D133/><U14/><E103/><V59/><F125/><W60/><G105/><T41/><D41/><U100/><E100/><V7/><F7/><W83/><G98/><T114/><D127/><U31/><E51/><V116/><F102/><W94/><G82/><T74/><D74/><U90/><E76/><V99/><F116/><W25/><G25/><T130/><D130/><U61/><E14/><V63/><F49/><W92/><G92/><N who="0" m="54375" /><D114/><U12/><E15/><V122/><F122/><W5/><G5/><T47/><D47/><U56/><REACH who="1" step="1"/><E65/><REACH who="1" ten="250,240,250,250" step="2"/><V121/><F121/><W8/><G73/><T131/><D131/><U64/><E64/><V32/><REACH who="2" step="1"/><F27/><REACH who="2" ten="250,240,240,250" step="2"/><W77/><G60/><T1/><D50/><U24/><E24/><V106/><F106/><W132/><G132/><T39/><D39/><U101/><E101/><V38/><F38/><W124/><G124/><T43/><D1/><U109/><E109/><V37/><F37/><W40/><G40/><T111/><D111/><U85/><E85/><V67/><F67/><W53/><G46/><T10/><D110/><U126/><E126/><V22/><F22/><RYUUKYOKU ba="0,2" sc="250,-15,240,15,240,15,250,-15" hai1="11,12,13,17,20,30,31,56,61,66,80,87,90" hai2="16,23,26,32,34,35,55,59,63,88,99,104,107" /><INIT seed="1,1,2,4,1,10" ten="235,255,255,235" oya="1" hai0="81,106,24,42,48,60,63,43,90,1,92,93,8" hai1="94,101,133,105,83,62,34,7,25,121,96,103,87" hai2="68,107,37,123,120,58,22,35,18,12,2,71,80" hai3="61,124,55,114,109,47,45,86,65,76,128,73,33"/><U67/><E121/><V19/><F2/><W52/><G33/><T97/><D106/><U78/><E133/><V77/><F35/><W108/><G73/><T111/><D111/><N who="3" m="42569" /><G76/><T23/><D1/><U132/><E132/><V49/><F37/><W69/><G86/><T129/><D129/><U51/><E7/><V38/><F38/><W72/><G72/><T59/><D8/><U130/><E130/><V29/><F29/><W98/><G98/><T88/><D81/><U41/><E41/><N who="0" m="15369" /><D48/><U125/><E51/><V14/><F107/><W20/><G128/><T39/><D59/><U30/><E125/><V85/><F123/><W131/><G131/><T126/><D39/><U15/><E15/><V28/><F28/><W104/><G104/><T100/><D126/><U57/><REACH who="1" step="1"/><E105/><REACH who="1" ten="235,245,255,235" step="2"/><V102/><F120/><W5/><G5/><T74/><D63/><U54/><E54/><N who="3" m="20522" /><G124/><T95/><D60/><U11/><E11/><V122/><F122/><W127/><G127/><T91/><D74/><U31/><E31/><AGARI ba="1,3" hai="23,24,31,88,90,91,92,93,95,97,100" m="15369" machi="31" ten="30,2000,0" yaku="8,1,54,1" doraHai="10" who="0" fromWho="1" sc="235,53,245,-23,255,0,235,0" /><INIT seed="2,0,0,5,4,79" ten="288,222,255,235" oya="2" hai0="42,112,54,4,16,125,85,81,120,27,32,22,96" hai1="20,83,93,52,87,110,105,66,62,133,56,3,41" hai2="26,48,36,116,12,126,70,122,118,1,11,2,82" hai3="21,25,98,117,73,72,64,130,57,69,77,121,60"/><V23/><F36/><W129/><G117/><T92/><D112/><U15/><E105/><V58/><F70/><W78/><G121/><T59/><D120/><U33/><E3/><V35/><F122/><W8/><G69/><T135/><D135/><U114/><E33/><V30/><F2/><W61/><G8/><T63/><D125/><U43/><E114/><V86/><F126/><W80/><G61/><T6/><D32/><U99/><E133/><V0/><F0/><W109/><G109/><T46/><D46/><U37/><E37/><V94/><F94/><W50/><G50/><T127/><D42/><U47/><E110/><V88/><F1/><W31/><G78/><N who="0" m="46263" /><D127/><U89/><E47/><V55/><REACH who="2" step="1"/><F35/><REACH who="2" ten="288,222,245,235" step="2"/><W40/><G130/><T76/><D76/><N who="1" m="46567" /><E66/><V75/><F75/><W101/><G129/><T51/><D51/><U90/><E90/><AGARI ba="0,1" hai="4,6,16,22,27,54,59,63,90,92,96" m="46263" machi="90" ten="30,7700,0" yaku="25,1,8,1,52,1,54,1" doraHai="79" who="0" fromWho="1" sc="288,87,222,-77,245,0,235,0" /><INIT seed="3,0,0,1,5,66" ten="375,145,245,235" oya="3" hai0="112,28,2,116,21,56,67,77,101,131,81,111,52" hai1="89,96,115,17,85,107,33,19,49,133,99,35,57" hai2="72,134,63,38,3,8,40,44,62,39,0,45,59" hai3="58,118,70,14,60,25,122,108,92,80,54,47,34"/><W106/><G106/><T4/><D116/><U123/><E115/><V74/><F134/><W105/><G105/><T126/><D101/><U121/><E133/><V83/><F59/><W104/><G104/><T124/><D2/><U120/><E107/><V12/><F12/><W102/><G118/><T64/><D4/><U26/><E57/><V91/><F91/><W135/><G122/><T125/><D112/><U114/><E114/><V94/><F94/><W24/><G135/><T68/><D111/><U100/><E49/><V46/><F8/><W132/><G132/><T32/><D32/><U103/><E26/><V98/><F98/><N who="1" m="37417" /><E85/><V73/><F83/><W55/><G70/><T97/><D97/><U1/><E89/><V51/><F51/><N who="3" m="29055" /><G34/><N who="1" m="12810" /><E1/><N who="2" m="587" /><F40/><W27/><G108/><T87/><D68/><U113/><E113/><V48/><F48/><W93/><G80/><T41/><D41/><U30/><E30/><V109/><F109/><W43/><G43/><T20/><D28/><U128/><E128/><V61/><AGARI ba="0,0" hai="38,39,44,45,46,61,62,63,72,73,74" m="587" machi="61" ten="50,8000,1" yaku="29,2,28,2" doraHai="66" who="2" fromWho="2" sc="375,-20,145,-20,245,80,235,-40" /><INIT seed="4,0,0,1,1,2" ten="355,125,325,195" oya="0" hai0="73,85,86,21,65,63,6,111,110,120,62,101,39" hai1="40,118,32,49,72,24,22,116,15,48,3,91,78" hai2="94,106,109,126,42,133,55,76,26,33,20,135,23" hai3="123,25,90,0,114,99,96,12,44,41,74,7,80"/><T11/><D39/><U37/><E3/><V8/><F106/><W27/><G114/><T35/><D35/><U13/><E32/><V54/><F109/><N who="0" m="41482" /><D73/><U69/><E69/><V36/><F76/><W103/><G12/><N who="0" m="5239" /><D120/><U84/><E37/><V130/><F126/><W131/><G131/><T83/><D101/><U105/><E105/><V30/><F130/><W43/><G43/><T58/><D83/><U132/><E132/><N who="2" m="50763" /><F94/><W59/><G59/><N who="0" m="37087" /><D21/><U4/><E72/><V93/><F42/><W81/><G123/><T45/><D45/><U47/><E118/><V100/><F36/><W92/><G74/><T19/><D19/><U46/><E116/><V70/><F23/><W108/><G108/><T104/><D104/><U56/><E78/><V10/><F33/><W14/><G0/><T121/><D121/><U1/><E56/><V107/><F70/><W31/><G31/><T128/><D128/><U89/><E89/><V29/><F107/><W64/><G64/><AGARI ba="0,0" hai="58,63,64,85,86" m="37087,5239,41482" machi="64" ten="30,2900,0" yaku="10,1,52,1" doraHai="2" who="0" fromWho="3" sc="355,29,125,0,325,0,195,-29" /><INIT seed="4,1,0,2,5,132" ten="384,125,325,166" oya="0" hai0="66,43,118,134,92,133,84,22,62,71,88,110,30" hai1="37,15,76,115,107,97,12,72,82,116,54,58,78" hai2="104,47,125,19,35,59,65,64,51,75,108,40,28" hai3="102,73,9,24,122,34,18,112,126,80,33,128,23"/><T98/><D118/><U20/><E116/><V2/><F75/><W36/><G36/><T123/><D123/><U52/><E37/><V45/><F104/><W11/><G102/><T96/><D110/><U124/><E78/><V94/><F2/><W29/><G80/><T101/><D43/><U21/><E115/><V3/><F3/><W105/><G105/><T1/><D1/><U32/><E32/><N who="3" m="12394" /><G73/><T120/><D120/><U69/><E69/><V8/><F108/><W55/><G55/><T89/><D30/><U95/><E107/><V50/><F94/><W6/><G122/><T49/><D22/><U103/><E124/><V70/><F59/><W4/><G126/><T68/><D68/><U7/><E54/><V111/><F111/><W74/><G128/><T79/><D79/><U44/><E44/><V5/><F70/><W93/><G93/><N who="0" m="56367" /><D49/><U57/><E57/><V119/><F125/><W117/><G74/><T129/><D129/><U130/><E130/><V42/><F119/><W91/><G91/><T14/><D14/><U86/><E72/><V106/><F106/><W100/><G100/><T67/><D67/><U60/><E15/><V135/><F42/><W39/><G39/><T127/><D127/><U56/><E58/><V90/><F50/><W99/><G112/><T109/><D109/><U83/><REACH who="1" step="1"/><E82/><REACH who="1" ten="384,115,325,166" step="2"/><V63/><F40/><W17/><G117/><T31/><D71/><U27/><E27/><V16/><F47/><W53/><G53/><T46/><D46/><U0/><E0/><V87/><F45/><W114/><G114/><T10/><D66/><RYUUKYOKU ba="1,1" sc="384,-10,115,30,325,-10,166,-10" hai1="7,12,20,21,52,56,60,76,83,86,95,97,103" /><INIT seed="5,2,1,0,5,38" ten="374,145,315,156" oya="1" hai0="59,125,6,52,126,56,4,102,55,35,109,0,82" hai1="46,37,53,14,119,85,63,20,80,111,98,79,1" hai2="33,129,48,26,31,76,107,69,100,91,106,135,105" hai3="73,131,36,72,50,112,103,19,40,41,115,84,113"/><U92/><E119/><V128/><F76/><W8/><G36/><T61/><D109/><U108/><E1/><V88/><F135/><W110/><G110/><N who="1" m="42026" /><E63/><V16/><F69/><W5/><G131/><N who="2" m="50249" /><F100/><W104/><G19/><T12/><D35/><U3/><E3/><V43/><F16/><W44/><G103/><T17/><D0/><U99/><E92/><V75/><F75/><N who="3" m="28747" /><G84/><T7/><D82/><U133/><E133/><V15/><F15/><N who="3" m="5519" /><G104/><T49/><REACH who="0" step="1"/><D102/><REACH who="0" ten="364,145,315,156" step="2"/><U57/><E14/><V39/><F39/><W122/><G122/><T13/><D13/><U54/><E20/><AGARI ba="2,2" hai="4,6,7,12,17,20,49,52,55,56,59,61,125,126" machi="20" ten="40,5200,0" yaku="1,1,54,1,53,1" doraHai="38" doraHaiUra="11" who="0" fromWho="1" sc="364,78,145,-58,315,0,156,0" /><INIT seed="6,0,0,4,2,75" ten="442,87,315,156" oya="2" hai0="57,121,101,24,21,37,118,13,46,105,20,106,80" hai1="109,19,33,56,122,73,83,113,100,135,85,120,93" hai2="126,88,3,12,31,125,61,47,96,72,38,112,23" hai3="27,66,55,104,123,58,90,87,84,129,53,64,62"/><V130/><F3/><W44/><G104/><T132/><D121/><N who="1" m="46699" /><E33/><V25/><F130/><W14/><G129/><T78/><D101/><U70/><E70/><V18/><F112/><W94/><G27/><T22/><D132/><U29/><E29/><V77/><F61/><W26/><G26/><T28/><D57/><U117/><E56/><V108/><F108/><W99/><G123/><T116/><D46/><U107/><E19/><V16/><F47/><W5/><G44/><T131/><D37/><U49/><E49/><V65/><F65/><N who="3" m="25195" /><G55/><T41/><D41/><U45/><E45/><V17/><F38/><W34/><G34/><T50/><D50/><U111/><E117/><N who="0" m="45161" /><D131/><U8/><E8/><AGARI ba="0,0" hai="5,8,14,53,58,62,84,87,90,94,99" m="25195" machi="8" ten="30,1000,0" yaku="8,1" doraHai="75" who="3" fromWho="1" sc="442,0,87,-10,315,0,156,10" /><INIT seed="7,0,0,0,0,131" ten="442,77,315,166" oya="3" hai0="21,132,77,89,26,38,103,83,39,4,3,101,122" hai1="113,73,34,124,110,5,64,126,84,31,69,128,59" hai2="37,112,32,44,107,96,43,127,14,8,9,25,1" hai3="56,80,119,52,87,13,47,106,65,46,62,36,108"/><W17/><G106/><T85/><D122/><U95/><E73/><V58/><F112/><W130/><G130/><T86/><D132/><U33/><E128/><V22/><F127/><W81/><G119/><T97/><D3/><U40/><E113/><V115/><F115/><W68/><G36/><T134/><D134/><U12/><E69/><V99/><F107/><W42/><G108/><T123/><D4/><U18/><E110/><V15/><F32/><W10/><G42/><T61/><D123/><U104/><E104/><V88/><F1/><W60/><REACH who="3" step="1"/><G80/><REACH who="3" ten="442,77,315,156" step="2"/><N who="0" m="49351" /><D39/><U105/><E105/><V67/><F43/><W49/><G49/><T125/><D38/><U114/><E114/><V29/><F37/><W50/><G50/><T72/><D125/><U118/><E118/><V135/><F135/><W48/><G48/><T92/><D61/><U2/><E124/><V79/><F44/><W57/><G57/><T41/><D41/><U6/><E126/><V90/><F58/><W63/><G63/><T76/><D72/><U7/><E2/><V11/><F67/><W93/><G93/><T0/><D0/><U91/><E40/><V70/><F70/><W20/><G20/><T55/><D55/><U120/><E120/><V35/><F35/><W111/><G111/><T28/><D92/><U27/><E59/><V129/><F129/><W78/><AGARI ba="0,1" hai="10,13,17,46,47,52,56,60,62,65,68,78,81,87" machi="78" ten="20,7800,0" yaku="1,1,0,1,7,1,54,1,53,0" doraHai="131" doraHaiUra="109" who="3" fromWho="3" sc="442,-26,77,-26,315,-26,156,88" /><INIT seed="7,1,0,5,2,129" ten="416,51,289,244" oya="3" hai0="56,23,121,74,24,13,55,132,17,67,1,116,46" hai1="22,98,39,36,42,109,102,60,43,108,61,99,124" hai2="31,77,128,107,87,12,104,119,29,16,103,93,120" hai3="90,63,10,9,91,83,112,68,48,106,79,76,115"/><W72/><G106/><T50/><D116/><U133/><E22/><V85/><F119/><W111/><G111/><T2/><D121/><U41/><E102/><V117/><F117/><W118/><G118/><T125/><D132/><U3/><E3/><V131/><F120/><W32/><G32/><T47/><D125/><U66/><E124/><V84/><F77/><W69/><G48/><T86/><D74/><U135/><REACH who="1" step="1"/><E43/><REACH who="1" ten="416,41,289,244" step="2"/><V80/><F103/><W38/><G38/><T58/><D1/><U0/><E0/><V15/><F128/><W25/><G25/><T59/><D2/><U126/><E126/><V33/><F131/><W127/><G127/><T51/><D24/><U95/><E95/><V92/><F80/><W100/><G100/><T101/><D101/><U44/><E44/><V53/><F92/><W94/><G94/><T88/><D67/><AGARI ba="1,1" hai="36,39,41,42,60,61,66,67,98,99,108,109,133,135" machi="67" ten="25,8000,1" yaku="1,1,22,2,52,2,53,0" doraHai="129" doraHaiUra="18" who="1" fromWho="0" sc="416,-83,41,93,289,0,244,0" owari="333,44.0,134,-37.0,289,9.0,244,-16.0" /></mjloggm>