<mjloggm ver="2.3"><GO type="225" lobby="0"/><UN n0="%E3%83%88%E3%83%88%E3%83%AA%E5%85%88%E7%94%9F%31%39%E6%AD%B3" n1="%4D%40%53%4F" n2="%65%69%6B%31" n3="%55%4E%4B%4F%63%68%61%6E" dan="17,16,18,16" rate="2176.60,2209.48,2214.91,2075.24" sx="F,M,M,M"/><TAIKYOKU oya="0"/><INIT seed="0,0,0,4,2,41" ten="250,250,250,250" oya="0" hai0="90,75,81,102,106,21,2,79,57,105,107,71,110" hai1="37,70,63,65,45,120,42,25,130,55,0,111,112" hai2="116,78,131,121,66,134,43,80,35,53,48,122,123" hai3="44,15,1,18,17,76,108,8,50,38,36,16,94"/><T59/><D2/><U9/><E120/><V52/><F35/><W135/><G1/><T69/><D110/><U91/><E111/><V56/><F131/><W73/><G108/><T103/><D90/><U46/><E130/><V82/><F134/><W127/><G135/><T7/><D7/><U24/><E112/><V77/><F66/><W61/><G127/><T93/><D21/><U13/><E0/><V124/><F43/><W86/><G73/><T114/><D114/><U119/><E119/><V115/><F115/><W20/><G61/><T30/><D30/><U29/><E91/><V32/><F32/><W26/><G18/><T96/><REACH who="0" step="1"/><D103/><REACH who="0" ten="240,250,250,250" step="2"/><U99/><E29/><V3/><F3/><W12/><G26/><T89/><D89/><U27/><E27/><V97/><F122/><W6/><G6/><T132/><D132/><U19/><E25/><V133/><F133/><W51/><G20/><T67/><D67/><U49/><E24/><V58/><F124/><W100/><G100/><T95/><D95/><U22/><E22/><V60/><F116/><W47/><G94/><T101/><D101/><U74/><E99/><V10/><F97/><W5/><G5/><T39/><D39/><U88/><E88/><V28/><F28/><W98/><G98/><T72/><D72/><U109/><E74/><N who="2" m="43063" /><F10/><W62/><G8/><T4/><D4/><U118/><E109/><V126/><F126/><W33/><G33/><T84/><D84/><U34/><E118/><V40/><F123/><W68/><G86/><T87/><D87/><U104/><E34/><V64/><F121/><RYUUKYOKU ba="0,1" sc="240,15,250,15,250,-15,250,-15" hai0="57,59,69,71,75,79,81,93,96,102,105,106,107" hai1="9,13,19,37,42,45,46,49,55,63,65,70,104" /><INIT seed="0,1,1,0,2,111" ten="255,265,235,235" oya="0" hai0="116,82,64,131,51,110,72,45,62,48,59,40,76" hai1="96,86,11,109,100,39,13,5,102,35,90,126,20" hai2="28,43,93,70,115,46,124,53,88,56,130,55,129" hai3="31,69,22,125,61,78,121,3,26,2,80,105,38"/><T128/><D116/><U21/><E109/><V4/><F70/><W135/><G125/><T60/><D110/><U12/><E126/><V18/><F124/><W16/><G135/><T81/><D81/><U134/><E134/><V84/><F4/><W97/><G38/><T24/><D24/><U63/><E35/><V42/><F28/><W23/><G121/><T37/><REACH who="0" step="1"/><D60/><REACH who="0" ten="245,265,235,235" step="2"/><U114/><E63/><V120/><F120/><W19/><G61/><T119/><D119/><U47/><E114/><V77/><F115/><W95/><G80/><T33/><D33/><U67/><E100/><V15/><F130/><AGARI ba="1,2" hai="37,40,45,48,51,59,62,64,72,76,82,128,130,131" machi="130" ten="40,3900,0" yaku="1,1,19,1,53,0" doraHai="111" doraHaiUra="122" who="0" fromWho="2" sc="245,62,265,0,235,-42,235,0" /><INIT seed="0,2,0,0,1,105" ten="307,265,193,235" oya="0" hai0="13,75,0,133,54,119,24,21,117,48,87,101,7" hai1="16,43,45,51,122,6,64,14,44,78,2,5,93" hai2="17,11,134,106,107,100,88,92,4,9,91,99,40" hai3="19,15,52,83,36,35,113,49,61,56,12,108,130"/><T62/><D75/><U65/><E122/><V50/><F134/><W37/><G113/><T80/><D0/><U123/><E123/><V120/><F120/><W131/><G35/><T41/><D133/><U25/><E78/><V124/><F124/><W121/><G108/><T115/><D115/><U69/><E25/><V33/><F33/><W74/><G121/><T42/><D101/><U109/><E2/><V55/><F40/><W94/><G94/><T23/><D62/><U135/><E109/><V71/><F71/><W30/><G30/><N who="0" m="17679" /><D119/><U34/><E34/><V57/><F106/><W53/><G37/><T82/><D82/><U95/><E135/><V126/><F126/><W127/><G36/><T112/><D112/><U77/><E77/><V103/><F103/><W66/><G127/><T102/><D102/><U8/><E45/><V116/><F116/><W58/><G66/><N who="1" m="25706" /><E69/><V125/><F125/><W76/><REACH who="3" step="1"/><G15/><REACH who="3" ten="307,265,193,225" step="2"/><T85/><D13/><U73/><E95/><V98/><F107/><W20/><AGARI ba="2,1" hai="12,19,20,49,52,53,56,58,61,74,76,83,130,131" machi="20" ten="30,12000,2" yaku="1,1,2,1,0,1,52,1,54,1,53,1" doraHai="105" doraHaiUra="10" who="3" fromWho="3" sc="307,-62,265,-32,193,-32,225,136" /><INIT seed="1,0,0,4,3,1" ten="245,233,161,361" oya="1" hai0="57,10,102,99,116,66,131,37,127,3,135,58,62" hai1="53,8,89,71,112,60,101,72,39,13,115,45,18" hai2="42,81,52,103,61,32,47,111,46,30,70,86,75" hai3="34,73,64,49,78,38,69,21,55,43,40,65,95"/><U68/><E72/><V128/><F75/><W106/><G106/><T2/><D116/><U134/><E101/><V129/><F103/><W100/><G34/><T124/><D37/><U14/><E134/><V76/><F111/><W17/><G38/><T79/><D135/><U6/><E89/><V113/><F113/><W104/><G104/><N who="0" m="63583" /><D131/><U23/><E71/><V114/><F114/><W36/><G36/><T74/><D10/><U80/><E80/><V41/><F30/><W56/><G78/><T0/><D79/><U67/><REACH who="1" step="1"/><E53/><REACH who="1" ten="245,223,161,361" step="2"/><V33/><F129/><W105/><G69/><T59/><D74/><U25/><E25/><V121/><F128/><W107/><G73/><T84/><D84/><U48/><E48/><V77/><F77/><W82/><G82/><T123/><D123/><U22/><E22/><V63/><F121/><W51/><G51/><T16/><D124/><U50/><E50/><N who="2" m="26967" /><F70/><W118/><G105/><T29/><D127/><U20/><E20/><V19/><F52/><W4/><G107/><T35/><D35/><U83/><E83/><V12/><F33/><W130/><G130/><T26/><D26/><U92/><E92/><V120/><F120/><W11/><G95/><T31/><D66/><U125/><E125/><V98/><F32/><W90/><G90/><T126/><D126/><U9/><E9/><N who="2" m="6543" /><F98/><W122/><G64/><T93/><D93/><U7/><E7/><V117/><F117/><W97/><G65/><T94/><D94/><U108/><E108/><V109/><F109/><W88/><G118/><T44/><D62/><U27/><E27/><RYUUKYOKU ba="0,1" sc="245,-15,223,15,161,15,361,-15" hai1="6,8,13,14,18,23,39,45,60,67,68,112,115" hai2="41,47,61,63,76,81,86" /><INIT seed="1,1,1,0,0,108" ten="230,238,176,346" oya="1" hai0="9,133,68,78,42,29,1,83,36,77,126,62,11" hai1="2,38,50,33,129,84,35,49,48,88,107,22,13" hai2="101,100,123,80,92,53,69,75,16,21,44,113,74" hai3="86,70,116,96,110,58,67,132,45,82,18,91,135"/><U98/><E38/><V60/><F123/><W32/><G70/><T103/><D133/><N who="3" m="51273" /><G110/><T76/><D126/><U55/><E2/><V56/><F69/><W12/><G32/><T37/><D29/><U7/><E129/><V25/><F113/><W28/><G28/><T131/><D131/><U99/><E55/><V63/><F63/><N who="3" m="38391" /><G45/><N who="0" m="23751" /><D103/><U117/><E117/><V106/><F106/><W73/><G73/><N who="0" m="43407" /><D11/><N who="1" m="4351" /><E35/><V61/><F61/><W121/><G96/><N who="1" m="36906" /><E33/><V134/><F75/><W17/><G121/><T6/><D37/><U66/><E107/><V15/><F134/><W31/><G31/><T97/><D97/><U127/><E127/><V124/><F124/><W128/><G128/><T10/><D10/><U109/><E109/><V51/><F101/><W19/><G116/><T41/><D41/><U40/><E66/><AGARI ba="1,1" hai="1,6,9,62,66,68,77,78" m="43407,23751" machi="66" ten="30,1000,0" yaku="25,1" doraHai="108" who="0" fromWho="1" sc="230,23,238,-13,176,0,346,0" /><INIT seed="2,0,0,5,2,104" ten="253,225,176,346" oya="2" hai0="3,18,135,77,101,62,23,17,58,133,99,125,69" hai1="131,28,94,79,27,110,84,65,109,33,49,35,13" hai2="106,70,115,72,121,40,14,51,53,36,127,119,50" hai3="22,80,87,92,6,20,75,56,34,71,19,130,47"/><V123/><F106/><W82/><G71/><T73/><D69/><U116/><E116/><V9/><F119/><W11/><G34/><T1/><D125/><U118/><E118/><V0/><F115/><W89/><G130/><T8/><D77/><U61/><E131/><V78/><F70/><W59/><G47/><T112/><D73/><U122/><E122/><V105/><F105/><W90/><G75/><T120/><D112/><U37/><E37/><V5/><F127/><W21/><G19/><T32/><D32/><N who="1" m="20511" /><E13/><V132/><F132/><N who="0" m="50762" /><D8/><U98/><E49/><N who="2" m="18443" /><F53/><W129/><G129/><T124/><D120/><U12/><E12/><V42/><F14/><N who="3" m="5495" /><G82/><T60/><D60/><U83/><E61/><V100/><F100/><W41/><G41/><T88/><D101/><N who="1" m="60631" /><E65/><V64/><F64/><W81/><G81/><T108/><D124/><U93/><E93/><V134/><F42/><W39/><G39/><T126/><D126/><U54/><E54/><V102/><F102/><W66/><G66/><N who="0" m="39255" /><D3/><U128/><E128/><V97/><F134/><W24/><G24/><N who="0" m="14447" /><D18/><U96/><E96/><AGARI ba="0,0" hai="20,21,22,56,59,80,87,89,90,92,96" m="5495" machi="96" ten="30,1000,0" yaku="8,1" doraHai="104" who="3" fromWho="1" sc="253,0,225,-10,176,0,346,10" /><INIT seed="3,0,0,5,3,127" ten="253,215,176,356" oya="3" hai0="21,60,99,27,121,78,103,82,13,40,16,4,119" hai1="120,72,79,132,134,19,48,66,105,104,83,92,126" hai2="84,31,49,30,122,61,51,109,46,12,97,116,96" hai3="112,59,35,71,34,39,5,68,8,125,10,41,133"/><W67/><G59/><T118/><D121/><U73/><E120/><V45/><F122/><W32/><G112/><T9/><D40/><U130/><E66/><V131/><F116/><W20/><G20/><T94/><REACH who="0" step="1"/><D60/><REACH who="0" ten="243,215,176,356" step="2"/><U115/><E115/><V87/><F61/><N who="3" m="40047" /><G41/><T47/><D47/><U74/><E126/><V107/><F109/><W70/><G125/><T3/><D3/><U111/><E111/><V93/><F107/><W54/><G39/><T37/><D37/><U108/><E105/><V53/><F131/><W26/><G70/><T86/><AGARI ba="0,1" hai="4,9,13,16,21,27,78,82,86,94,99,103,118,119" machi="86" ten="20,5200,0" yaku="1,1,0,1,7,1,54,1,53,0" doraHai="127" doraHaiUra="28" who="0" fromWho="0" sc="243,62,215,-13,176,-13,356,-26" owari="305,11.0,202,-20.0,163,-34.0,330,43.0" /></mjloggm>