<mjloggm ver="2.3"><GO type="169" lobby="0"/><UN n0="%E3%81%86%E3%81%83%E3%83%BC%E3%81%A1%E3%82%83%E3%82%93" n1="%E7%82%8E%E3%81%AE%E3%82%B7%E3%83%A5%E3%83%AC%E3%83%B3" n2="%61%71%75%61%72%69%75%73" n3="%E5%B0%B1%E6%B4%BB%E7%94%9F%40%E5%B7%9D%E6%9D%91%E8%BB%8D%E5%9B%A3" dan="18,16,17,18" rate="2217.13,2122.26,2157.38,2279.73" sx="M,M,F,M"/><TAIKYOKU oya="0"/><INIT seed="0,0,0,1,2,125" ten="250,250,250,250" oya="0" hai0="95,8,84,97,93,20,119,108,32,54,10,68,120" hai1="22,12,92,107,114,126,30,134,124,113,99,1,4" hai2="132,66,88,117,128,72,131,102,25,11,130,73,78" hai3="9,69,2,60,52,36,94,48,100,23,65,42,53"/><T133/><D32/><U90/><E1/><V17/><F102/><W51/><G2/><T19/><D68/><U135/><E30/><V87/><F117/><W118/><G9/><T35/><D35/><U0/><E0/><V109/><F109/><W67/><G23/><T85/><D119/><U16/><E4/><V24/><F66/><N who="3" m="41159" /><G94/><T121/><D54/><N who="3" m="21097" /><G100/><T129/><D19/><U18/><E18/><V112/><F112/><N who="1" m="43113" /><E107/><V49/><F49/><N who="3" m="19019" /><G118/><T55/><D20/><U64/><E64/><V98/><F98/><W116/><G116/><T34/><D97/><U122/><E124/><V89/><F78/><W45/><AGARI ba="0,0" hai="36,42,45,65,67" m="19019,21097,41159" machi="45" ten="30,12000,2" yaku="35,5,54,1" doraHai="125" who="3" fromWho="3" sc="250,-60,250,-30,250,-30,250,120" /><INIT seed="1,0,0,0,3,119" ten="190,220,220,370" oya="1" hai0="27,6,48,8,109,26,75,104,112,29,23,72,79" hai1="40,12,91,107,114,3,111,44,51,49,115,62,45" hai2="34,132,5,21,16,37,33,55,18,82,53,102,78" hai3="85,87,113,97,0,41,116,90,1,73,28,76,57"/><U117/><E3/><V38/><F5/><W98/><G116/><T100/><D112/><U22/><E107/><V122/><F102/><W43/><G73/><T63/><D109/><U118/><E91/><V110/><F78/><W108/><G57/><T60/><D100/><U127/><E12/><V17/><F82/><W67/><G67/><T46/><D104/><U128/><E22/><V84/><F84/><W69/><G69/><T30/><D75/><U56/><E111/><V129/><F110/><W70/><G70/><T134/><D134/><U99/><E99/><V32/><F132/><W68/><G68/><T135/><D135/><U92/><E92/><V2/><F2/><W39/><G39/><N who="2" m="14857" /><F21/><W103/><G103/><T95/><D95/><U47/><E128/><V125/><F129/><W59/><G59/><T4/><D79/><U121/><E127/><V24/><F24/><W131/><G76/><T130/><D130/><U19/><E19/><V64/><F64/><W126/><G28/><T94/><D94/><U54/><E45/><V105/><F125/><W96/><G96/><T35/><D4/><U65/><REACH who="1" step="1"/><E121/><REACH who="1" ten="190,210,220,370" step="2"/><V61/><F105/><W74/><G131/><T80/><D46/><U86/><E86/><V101/><F101/><W106/><G106/><T14/><D72/><U120/><E120/><V15/><F122/><W81/><G74/><T31/><D35/><U42/><E42/><V10/><F18/><W71/><G126/><T133/><D133/><U88/><E88/><V11/><F17/><W93/><G90/><T77/><D23/><U25/><E25/><RYUUKYOKU ba="0,1" sc="190,-10,210,30,220,-10,370,-10" hai1="40,44,47,49,51,54,56,62,65,114,115,117,118" /><INIT seed="1,1,1,2,4,93" ten="180,240,210,360" oya="1" hai0="29,96,45,65,115,108,25,34,47,50,97,95,119" hai1="28,41,72,122,130,77,118,132,10,30,27,84,6" hai2="78,3,76,68,36,64,31,112,18,117,21,16,17" hai3="37,92,128,46,33,54,32,104,39,14,53,42,7"/><U120/><E118/><V35/><F36/><W86/><G104/><T52/><D115/><U0/><E84/><V4/><F117/><W121/><G121/><T1/><D1/><U89/><E89/><V73/><F112/><W62/><G39/><T26/><D119/><U113/><E30/><V67/><F68/><W80/><G128/><T107/><D108/><U63/><E113/><V133/><F133/><W8/><G92/><T71/><D71/><U131/><E63/><V103/><F103/><W98/><G98/><T40/><D65/><U105/><E41/><V129/><F129/><N who="1" m="49161" /><E105/><V126/><F126/><W94/><G94/><T51/><D107/><U124/><E124/><V24/><F67/><W23/><G62/><T125/><D125/><U70/><E70/><V135/><F64/><W22/><G33/><T11/><D95/><U91/><E91/><V74/><F135/><W87/><G87/><T99/><D29/><U127/><E127/><V61/><F61/><W38/><G32/><T60/><D34/><N who="1" m="20767" /><E132/><V110/><F73/><W114/><G114/><T12/><REACH who="0" step="1"/><D60/><REACH who="0" ten="170,240,210,360" step="2"/><U134/><E134/><V79/><F74/><W48/><G80/><AGARI ba="1,2" hai="0,6,10,72,77,80,120,122" m="20767,49161" machi="80" ten="30,2900,0" yaku="19,1,23,1" doraHai="93" who="1" fromWho="3" sc="170,0,240,52,210,0,360,-32" /><INIT seed="1,2,0,3,4,31" ten="170,292,210,328" oya="1" hai0="119,69,114,41,79,54,12,68,105,29,95,106,85" hai1="50,134,48,132,4,62,64,24,25,17,123,99,112" hai2="84,88,55,80,90,22,81,115,14,45,122,63,82" hai3="5,34,13,127,72,109,56,86,120,51,91,93,70"/><U44/><E112/><V46/><F115/><W129/><G70/><T101/><D114/><U59/><E123/><V36/><F36/><W7/><G72/><T66/><D41/><U118/><E118/><V21/><F122/><W94/><G120/><T67/><D29/><U1/><E99/><V10/><F63/><W77/><G34/><T128/><D12/><U116/><E116/><V27/><F90/><W133/><G129/><T37/><D37/><U75/><E75/><V78/><F78/><W65/><G127/><T74/><D54/><U0/><E50/><V100/><F100/><W104/><G104/><T57/><D57/><U28/><E17/><V125/><F125/><W58/><G133/><N who="1" m="51306" /><E4/><V96/><F96/><W110/><G77/><T38/><D79/><U16/><E16/><N who="2" m="8279" /><F55/><W107/><G107/><T2/><D105/><U117/><E117/><V11/><F11/><W49/><G86/><T47/><D85/><U102/><E102/><V76/><F76/><W40/><G91/><T60/><D74/><U18/><E18/><N who="2" m="12727" /><F22/><W103/><G103/><T6/><D101/><U26/><E28/><V89/><F89/><W113/><G7/><T15/><D6/><U23/><E23/><V19/><F19/><W73/><G5/><T53/><D119/><U43/><AGARI ba="2,0" hai="0,1,24,25,26,43,44,48,59,62,64" m="51306" machi="43" ten="30,1500,0" yaku="20,1" doraHai="31" who="1" fromWho="1" sc="170,-7,292,21,210,-7,328,-7" /><INIT seed="1,3,0,0,1,27" ten="163,313,203,321" oya="1" hai0="31,69,129,93,3,89,7,10,5,109,6,16,18" hai1="59,20,54,110,107,63,50,103,42,90,75,71,24" hai2="113,30,65,53,74,97,106,115,108,77,104,26,19" hai3="123,114,55,58,2,126,36,12,4,127,124,13,135"/><U38/><E75/><V70/><F19/><W73/><G73/><T99/><D69/><U117/><E117/><V49/><F74/><W0/><G123/><T45/><D129/><U105/><E103/><N who="2" m="62575" /><F77/><W15/><G114/><N who="2" m="43529" /><F106/><W128/><G36/><T82/><D109/><U21/><E110/><V61/><F108/><W29/><G128/><T66/><D66/><N who="1" m="41439" /><E90/><V1/><F1/><W37/><G37/><T14/><D82/><U112/><E112/><V32/><F49/><N who="3" m="31087" /><G135/><T94/><D18/><N who="1" m="12311" /><E21/><V28/><F53/><W88/><G88/><T121/><D121/><U60/><E60/><V67/><F67/><W85/><G85/><T120/><D120/><U41/><E41/><V34/><F28/><W56/><G56/><T52/><D31/><U35/><E35/><AGARI ba="3,0" hai="26,30,32,34,35,61,65,70" m="43529,62575" machi="35" ten="30,7700,0" yaku="25,1,11,1,23,1,52,1" doraHai="27" who="2" fromWho="1" sc="163,0,313,-86,203,86,321,0" /><INIT seed="2,0,0,5,3,65" ten="163,227,289,321" oya="2" hai0="119,117,69,5,48,84,123,49,41,135,106,35,40" hai1="126,105,9,56,74,42,98,0,26,21,77,8,7" hai2="99,46,15,109,104,107,17,79,63,60,122,27,114" hai3="82,53,24,124,81,120,72,88,4,134,12,131,47"/><V25/><F79/><W57/><G120/><T59/><D106/><U101/><E126/><V33/><F122/><W66/><G124/><T14/><D35/><U132/><E132/><V71/><F46/><W87/><G131/><T6/><D84/><U67/><E9/><V93/><F114/><W80/><G72/><T22/><D59/><U129/><E129/><V45/><F45/><W10/><G134/><T73/><D22/><U83/><E42/><V23/><F60/><N who="3" m="38159" /><G24/><T90/><D90/><U43/><E43/><V31/><F25/><W13/><G13/><T3/><D14/><U1/><E56/><V95/><F109/><W97/><G97/><T128/><D128/><U39/><E39/><V121/><F121/><W52/><G47/><T58/><D58/><U100/><E67/><N who="2" m="41471" /><F107/><W110/><G110/><T68/><D123/><U116/><E116/><V30/><F30/><W28/><G28/><T55/><D3/><U29/><E101/><AGARI ba="0,0" hai="15,17,23,27,31,33,93,95,99,101,104" m="41471" machi="101" ten="30,2900,0" yaku="25,1,52,1" doraHai="65" who="2" fromWho="1" sc="163,0,227,-29,289,29,321,0" /><INIT seed="2,1,0,4,5,38" ten="163,198,318,321" oya="2" hai0="70,119,29,42,76,56,90,19,7,83,32,51,1" hai1="35,116,43,8,52,21,111,39,30,115,82,85,3" hai2="91,46,128,112,14,97,81,96,134,63,27,24,121" hai3="17,118,22,79,133,131,93,65,9,59,33,74,75"/><V6/><F121/><W122/><G33/><T113/><D70/><U36/><E35/><V94/><F112/><W87/><G118/><T102/><D113/><U40/><E116/><V44/><F128/><W45/><G9/><T49/><D119/><U2/><E115/><V54/><F134/><W99/><G122/><T48/><D102/><U61/><E39/><V57/><F81/><W72/><G133/><T130/><D90/><U104/><E104/><V108/><F108/><W16/><G131/><T60/><D19/><U125/><E36/><V12/><F97/><W53/><G65/><T62/><D62/><U64/><E111/><V28/><F6/><W18/><G45/><T98/><D98/><U100/><E100/><V84/><F84/><W117/><G117/><T0/><D0/><U47/><E3/><V80/><F80/><W26/><G87/><T86/><D7/><U5/><E30/><V103/><F91/><N who="3" m="55743" /><G79/><T69/><D69/><U123/><E21/><N who="2" m="15375" /><F27/><W20/><G20/><T41/><D1/><U31/><E31/><V109/><F109/><W23/><G23/><T58/><D130/><U92/><E123/><V68/><F68/><W132/><G132/><T127/><D29/><U34/><E34/><V10/><F14/><W101/><G101/><T55/><D127/><U13/><E125/><V105/><F105/><W4/><G4/><T15/><D15/><U95/><E2/><V106/><F106/><W73/><N who="3" m="18432" /><DORA hai="37" /><W135/><G135/><T71/><D71/><N who="1" m="42383" /><E82/><V89/><F103/><W25/><G25/><T66/><D32/><U50/><E85/><RYUUKYOKU ba="1,0" sc="163,0,198,0,318,0,321,0" hai0="41,42,48,49,51,55,56,58,60,66,76,83,86" hai1="5,8,13,40,43,47,50,52,92,95" hai2="10,12,44,46,54,57,63,89,94,96" hai3="16,17,18,22,26,53,59" /><INIT seed="2,2,0,1,5,64" ten="163,198,318,321" oya="2" hai0="35,73,36,32,98,55,130,30,2,112,47,18,57" hai1="8,22,11,53,92,42,31,76,114,106,74,84,80" hai2="102,38,15,13,85,5,128,97,86,29,39,61,96" hai3="95,10,109,40,100,72,56,103,75,52,14,133,49"/><V126/><F29/><W41/><G109/><T122/><D73/><U99/><E114/><V28/><F28/><W59/><G133/><T68/><D2/><U26/><E42/><N who="3" m="16490" /><G75/><T1/><D1/><U111/><E111/><V124/><F61/><W33/><G72/><T48/><D130/><U116/><E116/><V119/><F102/><N who="3" m="38955" /><G95/><T58/><D112/><U81/><E53/><V12/><F5/><N who="3" m="3407" /><G33/><T82/><D68/><U125/><E106/><V70/><F70/><W77/><G77/><T108/><D108/><U54/><E125/><N who="2" m="48235" /><F119/><W44/><AGARI ba="2,0" hai="44,49,52,56,59" m="3407,38955,16490" machi="44" ten="30,2000,0" yaku="8,1,54,1" doraHai="64" who="3" fromWho="3" sc="163,-7,198,-7,318,-12,321,26" /><INIT seed="3,0,0,0,2,130" ten="156,191,306,347" oya="3" hai0="129,16,31,13,5,64,102,81,117,33,76,111,49" hai1="106,18,32,74,35,93,87,86,54,21,100,23,83" hai2="118,22,121,8,24,104,37,69,2,62,58,53,109" hai3="95,80,36,128,34,125,96,107,45,66,134,67,41"/><W42/><G128/><T116/><D129/><U51/><E106/><V61/><F104/><W17/><G107/><T73/><D111/><U20/><E74/><V68/><F37/><W114/><G34/><T124/><D124/><U70/><E70/><V101/><F121/><W97/><G97/><T39/><D39/><U15/><E35/><V105/><F2/><W57/><G42/><T122/><D5/><U108/><E32/><V46/><F8/><W85/><G17/><T89/><D102/><U6/><E6/><V63/><F46/><W27/><G27/><T3/><D3/><U103/><E108/><V72/><F72/><W133/><G57/><T135/><D64/><U28/><E93/><V11/><F11/><W131/><G114/><T98/><D49/><U126/><E126/><V26/><F26/><W110/><G110/><T12/><D122/><U9/><E28/><V55/><F109/><W38/><G38/><T78/><D31/><U119/><E119/><V7/><F7/><W29/><G29/><T71/><D71/><U120/><E120/><V44/><F68/><W127/><G131/><T4/><D116/><U82/><E87/><V59/><F69/><W40/><G40/><T123/><D123/><U30/><E30/><V10/><F10/><W112/><G112/><T1/><D1/><U52/><E54/><V19/><F53/><W60/><G127/><T14/><D117/><U65/><E65/><N who="3" m="24586" /><G60/><T0/><D0/><U113/><E113/><V99/><F118/><W75/><G125/><T91/><D33/><U50/><E50/><N who="2" m="29127" /><F62/><W48/><G36/><RYUUKYOKU ba="0,0" sc="156,-10,191,-10,306,30,347,-10" hai2="19,22,24,58,59,61,63,99,101,105" /><INIT seed="4,1,0,4,5,117" ten="146,181,336,337" oya="0" hai0="100,36,53,5,22,104,47,58,111,129,2,83,110" hai1="82,51,15,7,105,4,92,119,74,62,134,6,71" hai2="114,44,133,95,120,38,39,68,131,60,70,19,59" hai3="130,27,132,84,127,46,135,81,113,66,1,9,123"/><T23/><D129/><U78/><E105/><V126/><F19/><W43/><G113/><T90/><D100/><U20/><E119/><V116/><F95/><W112/><G127/><T80/><D104/><U40/><E134/><N who="3" m="51242" /><G66/><T14/><D22/><U86/><E71/><V115/><F133/><W108/><G108/><T67/><D67/><U125/><E62/><V52/><F116/><W18/><G27/><T32/><D32/><U25/><E125/><V55/><F126/><W30/><G30/><T31/><D5/><U94/><E74/><V118/><F118/><W45/><G45/><T26/><D2/><U16/><E25/><V49/><F131/><W48/><G130/><T37/><D14/><U87/><E87/><V96/><F96/><W101/><G101/><T76/><D47/><AGARI ba="1,0" hai="4,6,7,15,16,20,40,47,51,78,82,86,92,94" machi="47" ten="40,2600,0" yaku="8,1,54,1" doraHai="117" who="1" fromWho="0" sc="146,-29,181,29,336,0,337,0" /><INIT seed="5,0,0,0,3,113" ten="117,210,336,337" oya="1" hai0="120,71,116,115,128,23,133,114,106,121,88,54,127" hai1="0,105,14,107,65,58,73,83,26,25,47,56,51" hai2="112,21,101,28,68,31,97,53,90,18,135,81,57" hai3="66,93,42,69,89,60,100,123,2,125,55,76,22"/><U84/><E0/><V102/><F68/><W110/><G2/><T96/><D71/><U50/><E73/><V52/><F135/><W33/><G33/><T6/><D106/><U94/><E105/><V46/><F112/><W36/><G110/><T59/><D133/><U8/><E107/><V48/><F28/><W20/><G76/><T72/><D72/><U5/><E94/><N who="2" m="56535" /><F81/><W103/><G125/><T49/><D127/><U67/><E56/><V78/><F31/><W30/><G30/><T41/><D6/><U77/><E51/><N who="2" m="30911" /><F78/><W11/><G42/><T32/><D32/><U4/><E4/><V10/><F10/><W64/><G64/><N who="1" m="24650" /><E58/><V40/><F40/><AGARI ba="0,0" hai="5,8,14,25,26,40,47,50,77,83,84" m="24650" machi="40" ten="30,2900,0" yaku="25,1,8,1" doraHai="113" who="1" fromWho="2" sc="117,0,210,29,336,-29,337,0" /><INIT seed="5,1,0,5,4,133" ten="117,239,307,337" oya="1" hai0="63,44,16,49,115,45,41,3,26,31,8,98,125" hai1="36,111,27,62,29,89,11,6,39,18,135,108,83" hai2="130,68,10,92,76,50,52,21,79,112,100,117,65" hai3="116,126,78,46,72,120,58,81,22,4,61,19,96"/><U13/><E135/><V121/><F117/><W2/><G120/><T77/><D115/><U24/><E62/><V93/><F121/><W9/><G116/><T28/><D77/><U23/><E89/><V114/><F10/><W40/><G96/><T74/><D74/><U1/><E83/><V107/><F21/><W38/><G58/><T105/><D125/><U106/><E106/><V110/><F110/><N who="1" m="42025" /><E27/><V67/><F107/><W73/><G126/><T102/><D63/><U127/><E127/><V14/><F14/><W54/><G54/><T70/><D70/><U85/><E85/><V90/><F68/><W12/><G61/><T33/><D31/><U34/><AGARI ba="1,0" hai="1,6,11,13,18,23,24,29,34,36,39" m="42025" machi="34" ten="30,3000,0" yaku="24,1,10,1" doraHai="133" who="1" fromWho="1" sc="117,-11,239,33,307,-11,337,-11" /><INIT seed="5,2,0,5,2,92" ten="106,272,296,326" oya="1" hai0="117,134,61,9,132,45,63,3,111,52,126,75,95" hai1="46,110,104,85,112,29,98,122,94,99,64,86,39" hai2="40,120,78,119,77,59,128,42,18,49,21,27,118" hai3="81,102,88,35,56,19,109,25,31,7,62,66,28"/><U129/><E122/><V23/><F120/><W90/><G109/><T34/><D34/><U37/><E104/><V113/><F113/><W107/><G31/><T57/><D75/><U123/><E123/><V8/><F128/><W121/><G121/><T100/><D3/><U96/><E129/><V60/><F118/><W84/><G7/><T80/><D80/><U83/><E110/><V103/><F103/><W44/><G19/><T71/><D9/><U91/><E112/><V135/><F8/><W30/><G30/><T16/><D16/><U10/><E29/><N who="2" m="17647" /><F135/><N who="0" m="51754" /><D95/><U12/><E64/><N who="2" m="38943" /><F49/><W79/><G44/><T24/><D24/><U115/><E115/><V73/><F73/><W6/><G6/><T65/><D100/><U76/><REACH who="1" step="1"/><E46/><REACH who="1" ten="106,262,296,326" step="2"/><V55/><F119/><W36/><G107/><T1/><D111/><U50/><E50/><V15/><F55/><W133/><G133/><T127/><D117/><U58/><E58/><V51/><F51/><W26/><G28/><T43/><D1/><U87/><E87/><V53/><F53/><W32/><G84/><T2/><D2/><U125/><E125/><V13/><F40/><W17/><G66/><T114/><D114/><U69/><E69/><V74/><F42/><W0/><G56/><T130/><D130/><U5/><AGARI ba="2,1" hai="5,10,12,37,39,76,83,85,86,91,94,96,98,99" machi="5" ten="30,18000,2" yaku="1,1,0,1,52,3,53,1" doraHai="92" doraHaiUra="11" who="1" fromWho="1" sc="106,-62,262,196,296,-62,326,-62" /><INIT seed="5,3,0,1,4,44" ten="44,458,234,264" oya="1" hai0="87,127,103,92,19,51,26,135,68,90,77,6,39" hai1="110,81,49,134,98,66,58,15,48,17,0,131,109" hai2="14,4,41,20,113,32,25,94,125,2,104,45,40" hai3="55,114,1,83,46,112,89,129,36,11,12,9,16"/><U70/><E0/><V50/><F104/><W121/><G121/><T62/><D39/><U91/><E134/><V132/><F132/><W105/><G105/><T47/><D127/><U57/><E70/><V118/><F125/><W111/><G111/><N who="1" m="42506" /><E131/><V31/><F113/><N who="3" m="43627" /><G129/><T63/><D135/><U33/><E33/><V100/><F118/><W120/><G120/><T61/><D6/><U30/><E30/><V86/><F100/><W96/><G1/><T22/><D103/><U23/><E58/><V53/><F86/><N who="3" m="50399" /><G96/><T7/><D7/><U119/><E119/><V95/><F94/><W122/><G122/><T21/><D77/><U3/><E3/><V5/><F95/><W67/><G67/><T56/><D68/><U99/><E81/><V69/><F69/><W27/><G27/><T80/><D80/><U35/><E35/><V117/><F117/><W84/><G84/><T82/><D82/><U37/><E37/><V124/><F124/><W64/><G64/><T71/><D71/><U38/><E38/><V24/><F5/><W123/><G123/><T101/><D101/><U88/><E99/><V107/><F107/><W74/><G74/><T76/><D76/><U52/><E66/><V8/><REACH who="2" step="1"/><F2/><REACH who="2" ten="44,458,224,264" step="2"/><W85/><G85/><T75/><D75/><U65/><E98/><V10/><F10/><W128/><G11/><T130/><D130/><U54/><E65/><V13/><F13/><W116/><G128/><T78/><D78/><U102/><E102/><V29/><AGARI ba="3,1" hai="4,8,14,20,24,25,29,31,32,40,41,45,50,53" machi="29" ten="20,8000,1" yaku="1,1,0,1,7,1,52,1,53,1" doraHai="44" doraHaiUra="43" who="2" fromWho="2" sc="44,-23,458,-43,224,99,264,-23" /><INIT seed="6,0,0,5,2,63" ten="21,415,323,241" oya="2" hai0="60,22,87,110,78,12,13,118,42,99,24,124,66" hai1="95,114,101,105,76,85,54,94,116,35,82,80,6" hai2="84,61,47,106,74,4,83,70,44,23,98,97,43" hai3="28,39,96,123,108,15,41,69,126,75,100,65,25"/><V49/><F106/><W79/><G108/><T125/><D110/><U34/><E116/><V62/><F74/><W29/><G29/><T129/><D118/><U56/><E105/><V64/><F4/><W46/><G15/><T53/><D42/><U117/><E117/><V58/><F44/><W134/><G126/><T135/><D135/><U40/><E40/><V7/><F7/><W16/><G16/><T36/><D53/><U26/><E6/><V45/><F45/><W71/><G134/><T38/><D99/><U31/><E35/><V2/><F2/><W3/><G3/><T115/><D87/><U127/><E127/><V11/><F11/><W51/><G51/><T10/><D78/><U21/><E34/><V77/><REACH who="2" step="1"/><F23/><REACH who="2" ten="21,415,313,241" step="2"/><W92/><G75/><T18/><D125/><U8/><E8/><V27/><F27/><W30/><G25/><T109/><D124/><U90/><E114/><V88/><F88/><W128/><G46/><T32/><D115/><U89/><E101/><V50/><F50/><W9/><G39/><T48/><D48/><N who="1" m="30791" /><E76/><V57/><F57/><W1/><G79/><T67/><D109/><U113/><E113/><V131/><F131/><W111/><G9/><T81/><D129/><U119/><E119/><V132/><F132/><W68/><G1/><T72/><D36/><U14/><E14/><V5/><F5/><W104/><G111/><T20/><D38/><U93/><E90/><V121/><F121/><W133/><G123/><T86/><D72/><U102/><E102/><V112/><F112/><W19/><G128/><T130/><D130/><RYUUKYOKU ba="0,1" sc="21,-15,415,15,313,15,241,-15" hai1="21,26,31,80,82,85,89,93,94,95" hai2="43,47,49,58,61,62,64,70,77,83,84,97,98" /><INIT seed="6,1,1,1,3,69" ten="6,430,328,226" oya="2" hai0="28,44,57,112,21,87,121,43,16,74,97,62,15" hai1="125,84,47,40,54,12,124,9,41,103,58,116,6" hai2="20,133,80,132,31,39,83,117,99,7,118,68,77" hai3="53,23,42,4,50,52,13,61,36,120,38,56,71"/><V49/><F68/><W11/><G120/><T18/><D112/><U94/><E116/><V79/><F99/><W14/><G42/><T64/><D74/><U1/><E1/><V46/><F7/><W30/><G71/><T102/><D121/><U63/><E41/><V73/><F31/><W37/><G30/><T48/><D87/><U89/><REACH who="1" step="1"/><E103/><REACH who="1" ten="6,420,328,226" step="2"/><V34/><F118/><W86/><G86/><T93/><D15/><U32/><E32/><V111/><F34/><W104/><G104/><T24/><AGARI ba="1,2" hai="16,18,21,24,28,43,44,48,57,62,64,93,97,102" machi="24" ten="30,8000,1" yaku="0,1,25,2,8,1,54,1" doraHai="69" who="0" fromWho="0" sc="6,103,420,-21,328,-41,226,-21" /><INIT seed="7,0,0,0,4,123" ten="109,399,287,205" oya="3" hai0="63,86,112,95,46,47,131,116,30,34,134,0,33" hai1="75,18,13,27,126,51,66,36,38,99,53,35,40" hai2="17,122,104,6,84,71,81,105,10,98,9,118,16" hai3="115,93,42,79,70,11,132,117,29,25,28,96,24"/><W89/><G117/><T125/><D0/><U94/><E75/><V52/><F71/><W108/><G70/><T111/><D112/><U57/><E66/><V59/><F118/><W88/><G132/><T68/><D116/><U41/><E38/><V101/><F105/><W69/><G69/><T91/><D125/><U120/><E36/><V64/><F64/><W49/><G79/><T114/><D131/><U39/><E39/><V133/><F10/><W4/><G115/><T45/><D134/><U7/><E126/><V119/><F122/><W127/><G127/><T78/><D114/><U12/><E12/><V32/><F32/><W2/><G108/><T19/><D111/><U8/><E120/><V23/><F23/><W135/><G135/><T107/><D107/><U61/><E51/><V74/><F74/><W48/><G42/><T106/><D106/><U31/><E18/><V80/><F80/><W87/><G25/><T72/><D33/><U15/><E15/><V113/><F113/><W85/><G96/><T56/><D68/><U60/><E60/><V55/><F55/><W50/><REACH who="3" step="1"/><G24/><REACH who="3" ten="109,399,287,195" step="2"/><T73/><D73/><U90/><AGARI ba="0,1" hai="7,8,13,27,31,35,40,41,53,57,61,90,94,99" machi="90" ten="20,1500,0" yaku="0,1,7,1" doraHai="123" who="1" fromWho="1" sc="109,-4,399,25,287,-4,195,-7" owari="105,-39.0,424,52.0,283,8.0,188,-21.0" /></mjloggm>