<mjloggm ver="2.3"><GO type="169" lobby="0"/><UN n0="%E3%82%A6%E3%83%AB%E3%83%88%E3%83%A9%E7%AB%8B%E7%9B%B4" n1="%E9%BA%BB%E7%94%9F%E9%9B%80%E5%AD%90" n2="%E3%82%B8%E3%82%A7%E3%83%B3%E3%83%88" n3="%E4%BD%95%E3%81%A7%EF%BC%9F" dan="18,16,16,16" rate="2202.59,2112.64,2091.14,2072.21" sx="M,F,F,M"/><TAIKYOKU oya="0"/><INIT seed="0,0,0,0,5,24" ten="250,250,250,250" oya="0" hai0="134,19,91,3,9,63,18,50,27,101,10,111,40" hai1="122,43,2,21,60,106,33,12,49,108,71,52,28" hai2="89,36,4,58,100,84,94,110,129,117,53,46,17" hai3="76,128,70,116,0,123,120,121,13,22,80,47,78"/><T92/><D134/><U66/><E2/><V103/><F4/><W132/><G70/><T25/><D111/><U131/><E122/><V45/><F110/><W62/><G0/><T68/><D101/><N who="2" m="38986" /><F36/><W97/><G97/><T93/><D3/><U105/><E108/><V109/><F117/><W73/><G62/><T6/><D6/><U95/><E43/><V113/><F129/><W99/><G99/><T59/><D68/><U87/><E33/><V64/><F113/><W115/><G115/><T127/><D127/><U83/><E95/><N who="0" m="36425" /><D91/><U35/><E35/><V48/><F109/><W41/><G132/><T102/><D102/><U77/><E131/><V57/><F17/><N who="0" m="6154" /><D50/><U112/><E112/><V72/><F72/><W44/><G128/><T32/><D40/><U119/><E119/><V96/><F96/><W65/><G41/><T118/><D32/><U15/><E105/><V5/><F5/><W61/><G116/><T20/><D118/><U42/><E42/><V133/><F133/><W67/><G61/><AGARI ba="0,0" hai="45,46,48,53,57,58,61,64,84,89,94" m="38986" machi="61" ten="30,1000,0" yaku="8,1" doraHai="24" who="2" fromWho="3" sc="250,0,250,0,250,10,250,-10" /><INIT seed="1,0,0,3,2,61" ten="250,250,260,240" oya="1" hai0="125,88,23,6,89,111,81,93,52,67,98,100,43" hai1="59,132,2,78,40,119,83,76,121,72,131,77,39" hai2="0,16,60,128,11,8,49,129,108,109,14,17,82" hai3="27,116,134,9,118,63,107,130,110,113,41,87,117"/><U29/><E119/><V97/><F49/><W4/><G107/><T105/><D125/><U133/><E121/><V86/><F60/><W54/><G113/><T115/><D115/><U84/><E2/><V45/><F45/><W123/><G123/><T15/><D111/><N who="2" m="42570" /><F97/><W101/><G101/><T33/><D33/><U12/><E59/><V37/><F37/><W5/><G110/><T80/><D43/><U46/><E29/><V94/><F94/><W74/><G74/><T104/><D104/><U58/><E131/><N who="2" m="50251" /><F86/><W122/><G122/><T85/><D67/><U7/><E58/><V3/><F82/><W73/><G73/><T70/><D70/><U35/><E35/><V90/><F90/><W65/><G41/><T99/><D80/><U24/><E24/><V26/><F26/><W36/><G36/><T53/><D105/><U66/><E66/><V120/><F120/><W25/><G130/><T28/><D99/><U62/><E62/><V50/><F50/><W20/><G63/><T114/><D100/><U79/><E72/><V44/><F44/><W48/><G48/><T38/><D38/><U57/><E57/><V10/><F17/><W13/><G65/><T56/><D56/><U30/><E30/><V96/><F96/><W31/><G31/><T1/><D114/><U103/><E103/><V32/><F32/><W68/><G118/><T124/><D28/><U47/><E47/><V69/><F69/><W42/><G68/><T71/><D71/><U34/><E34/><V135/><F135/><N who="1" m="51785" /><E76/><V127/><F127/><W21/><G117/><T106/><D124/><RYUUKYOKU ba="0,0" sc="250,-15,250,15,260,15,240,-15" hai1="7,12,39,40,46,77,78,79,83,84" hai2="0,3,8,10,11,14,16" /><INIT seed="1,1,0,4,4,27" ten="235,265,275,225" oya="1" hai0="24,58,112,53,15,41,55,68,37,118,4,11,44" hai1="17,18,48,83,7,36,94,98,62,110,59,46,108" hai2="87,30,74,9,119,76,72,8,49,63,6,54,97" hai3="90,106,34,116,38,123,126,73,39,125,12,93,100"/><U10/><E36/><V95/><F119/><W52/><G123/><T77/><D112/><U29/><E83/><V127/><F127/><N who="3" m="48651" /><G116/><T86/><D68/><U67/><E29/><V0/><F87/><N who="3" m="52447" /><G73/><T3/><D118/><U32/><E32/><V113/><F113/><W134/><G34/><T57/><D86/><U21/><E7/><V40/><F40/><W129/><G12/><T117/><D77/><U111/><E10/><V42/><F42/><W132/><G100/><T78/><D78/><U114/><E21/><V22/><F76/><W92/><G92/><T102/><D102/><N who="1" m="60759" /><E114/><V105/><F9/><W84/><G84/><T51/><D117/><U75/><E75/><V82/><F105/><W1/><G1/><T71/><D71/><U131/><E131/><V130/><F130/><W35/><G35/><T20/><D3/><U128/><E128/><V101/><F82/><W80/><G80/><T65/><D37/><N who="3" m="13833" /><G106/><T85/><D85/><U121/><E121/><V23/><F74/><W107/><G107/><T14/><D14/><U13/><E13/><V64/><F72/><W5/><G5/><T47/><D15/><U122/><E122/><V66/><F22/><W70/><G70/><T28/><D11/><U43/><AGARI ba="1,0" hai="17,18,43,46,48,59,62,67,108,110,111" m="60759" machi="43" ten="30,3000,0" yaku="14,1,10,1" doraHai="27" who="1" fromWho="1" sc="235,-11,265,33,275,-11,225,-11" /><INIT seed="1,2,0,3,0,95" ten="224,298,264,214" oya="1" hai0="68,75,21,99,66,64,33,98,34,126,67,135,13" hai1="84,90,65,102,115,23,88,58,44,109,133,20,51" hai2="26,53,101,28,46,72,86,123,29,110,103,10,2" hai3="54,27,25,55,96,132,80,130,45,119,70,100,5"/><U87/><E115/><V120/><F72/><W79/><G70/><T14/><D68/><U129/><E102/><V15/><F2/><W41/><G119/><T18/><D75/><U62/><E133/><V71/><F71/><W76/><G132/><T40/><D135/><U77/><E129/><V52/><F110/><W59/><G130/><T61/><D126/><U94/><E77/><V56/><F120/><W6/><G41/><T11/><D61/><U128/><E128/><V4/><F123/><W92/><G45/><T107/><D107/><U38/><E38/><V22/><F29/><W0/><G79/><T12/><D40/><U114/><E114/><V35/><F35/><W82/><G82/><T122/><D122/><U113/><E109/><V121/><F121/><W104/><G104/><T118/><D118/><U17/><E17/><V49/><REACH who="2" step="1"/><F86/><REACH who="2" ten="224,298,254,214" step="2"/><W91/><G0/><T97/><REACH who="0" step="1"/><D11/><REACH who="0" ten="214,298,254,214" step="2"/><U3/><E113/><V85/><F85/><W36/><G36/><T16/><D16/><U81/><REACH who="1" step="1"/><E3/><REACH who="1" ten="214,288,254,214" step="2"/><V19/><F19/><W39/><G39/><T32/><AGARI ba="2,3" hai="12,13,14,18,21,32,33,34,64,66,67,97,98,99" machi="32" ten="40,12000,2" yaku="1,1,0,1,29,2,52,3,53,0" doraHai="95" doraHaiUra="24" who="0" fromWho="0" sc="214,156,288,-62,254,-32,214,-32" /><INIT seed="2,0,0,2,0,70" ten="370,226,222,182" oya="2" hai0="12,126,73,66,24,128,49,53,1,86,98,125,74" hai1="30,25,45,15,60,95,13,130,91,59,88,118,58" hai2="46,101,96,108,26,76,127,56,39,84,94,2,47" hai3="61,27,36,65,75,133,93,80,99,6,112,43,42"/><V79/><F2/><W116/><G116/><T83/><D1/><U38/><E118/><V3/><F3/><W33/><G133/><T32/><D66/><U89/><E130/><V68/><F68/><W90/><G6/><T67/><D67/><U123/><E123/><V104/><F127/><N who="0" m="48650" /><D12/><U129/><E95/><V69/><F69/><W34/><G112/><T18/><D98/><U57/><E60/><V51/><F108/><W135/><G135/><T11/><D128/><U29/><E129/><V119/><F119/><W54/><G27/><T35/><D11/><U19/><E25/><V114/><F114/><W120/><G120/><T22/><D74/><U4/><E4/><V44/><F39/><W5/><G5/><T0/><D73/><U102/><E102/><V9/><F9/><W117/><G117/><T72/><D72/><U16/><E13/><V20/><F104/><W37/><G65/><T132/><D0/><U21/><REACH who="1" step="1"/><E19/><REACH who="1" ten="370,216,222,182" step="2"/><N who="2" m="12575" /><F84/><W41/><G75/><T52/><D132/><U131/><E131/><V122/><F122/><W115/><G115/><T78/><D35/><U40/><AGARI ba="0,1" hai="15,16,21,29,30,38,40,45,57,58,59,88,89,91" machi="40" ten="40,8000,1" yaku="1,1,0,1,52,1,54,2,53,0" doraHai="70" doraHaiUra="121" who="1" fromWho="1" sc="370,-20,216,90,222,-40,182,-20" /><INIT seed="3,0,0,2,1,36" ten="350,306,182,162" oya="3" hai0="45,11,86,99,16,113,82,103,128,97,41,53,75" hai1="68,87,109,134,58,26,65,6,51,18,84,80,15" hai2="42,101,63,115,119,102,69,92,120,13,8,9,73" hai3="108,89,135,129,94,47,66,30,17,38,127,57,90"/><W46/><G127/><T3/><D128/><U106/><E106/><V24/><F73/><W85/><G129/><T98/><D75/><U131/><E131/><V49/><F119/><W116/><G116/><T27/><D3/><U2/><E2/><V111/><F115/><W121/><G121/><T4/><D4/><U105/><E105/><V55/><F120/><W19/><G135/><T5/><D5/><U107/><E107/><V23/><F111/><W40/><G108/><T76/><D53/><U118/><E109/><V112/><F112/><W37/><G30/><T31/><D113/><U91/><E68/><V124/><F124/><W104/><G104/><T132/><D132/><U125/><E125/><V32/><F32/><W62/><REACH who="3" step="1"/><G90/><REACH who="3" ten="350,306,182,152" step="2"/><T7/><D31/><U74/><E118/><V126/><F126/><W14/><G14/><T88/><D88/><U95/><E15/><V20/><F13/><W1/><G1/><T100/><D100/><U110/><E110/><V12/><F12/><W70/><G70/><T35/><D103/><U93/><E134/><V96/><F102/><W22/><G22/><T29/><D7/><U122/><E91/><V59/><F69/><W77/><G77/><T72/><D11/><N who="2" m="4170" /><F24/><W54/><G54/><T10/><D10/><U48/><E26/><V25/><F25/><W81/><G81/><T67/><D29/><U83/><E83/><V61/><F23/><W71/><G71/><T50/><D27/><U43/><E80/><V114/><F20/><W52/><G52/><T33/><D82/><U44/><E122/><V64/><F114/><RYUUKYOKU ba="0,1" sc="350,-10,306,-10,182,-10,152,30" hai3="17,19,37,38,40,46,47,57,62,66,85,89,94" /><INIT seed="3,1,1,5,5,80" ten="340,296,172,182" oya="3" hai0="111,105,106,66,133,109,13,31,1,49,129,67,113" hai1="11,52,117,127,98,107,104,35,74,101,61,12,25" hai2="90,118,48,3,135,114,69,33,55,23,2,18,122" hai3="45,51,78,20,30,132,17,84,72,112,94,103,134"/><W87/><G112/><T88/><D1/><U63/><E74/><V99/><F33/><W73/><G30/><T95/><D31/><U26/><E117/><V91/><F69/><W100/><G100/><T47/><D13/><U4/><E107/><V125/><F118/><W44/><G44/><T116/><D116/><U29/><E127/><V54/><F114/><W124/><G124/><T14/><D14/><U93/><E26/><V123/><F125/><W27/><G73/><T59/><D113/><U60/><REACH who="1" step="1"/><E104/><REACH who="1" ten="340,286,172,182" step="2"/><V96/><F123/><W76/><G72/><T43/><D106/><U0/><E0/><V24/><F122/><W97/><G78/><T77/><D77/><U85/><E85/><V5/><F3/><W89/><G76/><T28/><D105/><U70/><E70/><V131/><F2/><W6/><G6/><T82/><D111/><U65/><E65/><V79/><F5/><W121/><G121/><T110/><D67/><U108/><E108/><V34/><F79/><W42/><REACH who="3" step="1"/><G89/><REACH who="3" ten="340,286,172,172" step="2"/><T15/><D88/><U75/><E75/><V53/><F91/><W130/><G130/><T83/><D129/><U40/><E40/><V39/><F131/><W50/><G50/><T120/><D49/><U71/><E71/><V41/><F48/><W115/><G115/><T56/><D43/><U57/><AGARI ba="1,3" hai="4,11,12,25,29,35,52,57,60,61,63,93,98,101" machi="57" ten="30,4000,0" yaku="1,1,0,1,54,1,53,0" doraHai="80" doraHaiUra="81" who="1" fromWho="1" sc="340,-11,286,73,172,-11,172,-21" /><INIT seed="4,0,0,1,4,25" ten="329,359,161,151" oya="0" hai0="55,104,125,103,49,34,129,8,79,7,16,121,65" hai1="86,32,118,120,75,57,90,99,135,98,113,115,27" hai2="56,4,132,20,17,46,89,38,59,47,100,97,111" hai3="101,122,108,93,52,127,51,10,2,18,44,110,84"/><T6/><D121/><U133/><E75/><V80/><F111/><W13/><G122/><T61/><D125/><U67/><E32/><V3/><F132/><N who="1" m="50761" /><E27/><V26/><F4/><W112/><G127/><T48/><D34/><U107/><E120/><V91/><F3/><W58/><G112/><N who="1" m="43082" /><E67/><V1/><F1/><W71/><G71/><T5/><D129/><U43/><E43/><V131/><F131/><W126/><G126/><T11/><D65/><U66/><E107/><V105/><F38/><W70/><G70/><T23/><D104/><U41/><E41/><V114/><F114/><W62/><G2/><T69/><D69/><U60/><E118/><V82/><F26/><W119/><G119/><T81/><D61/><U83/><AGARI ba="0,0" hai="57,60,66,83,86,90,98,99" m="43082,50761" machi="83" ten="30,4000,0" yaku="20,1,15,1,11,1" doraHai="25" who="1" fromWho="1" sc="329,-20,359,40,161,-10,151,-10" /><INIT seed="5,0,0,4,2,92" ten="309,399,151,141" oya="1" hai0="90,129,57,87,69,127,26,39,47,109,75,73,18" hai1="37,4,74,28,67,119,55,110,102,17,95,22,12" hai2="20,100,101,83,23,125,89,98,58,65,134,33,72" hai3="91,54,111,52,34,10,45,24,82,123,128,21,103"/><U99/><E74/><V84/><F33/><W38/><G123/><T60/><D69/><U94/><E119/><V106/><F134/><W63/><G111/><T46/><D127/><U8/><E37/><V133/><F125/><W5/><G34/><T50/><D39/><U9/><E67/><V113/><F113/><W43/><G128/><T116/><D129/><U81/><E81/><V35/><F35/><W64/><G103/><T132/><D132/><U25/><E110/><V41/><F41/><W61/><G61/><T97/><D109/><U51/><E95/><V2/><F2/><W122/><G91/><T30/><D30/><U115/><E115/><V104/><F133/><W16/><G82/><T86/><D47/><N who="1" m="28159" /><E9/><V68/><F68/><W3/><REACH who="3" step="1"/><G122/><REACH who="3" ten="309,399,151,131" step="2"/><T70/><D60/><U56/><E56/><AGARI ba="0,1" hai="3,5,10,16,21,24,38,43,45,52,54,56,63,64" machi="56" ten="30,12000,2" yaku="1,1,2,1,7,1,54,2,53,1" doraHai="92" doraHaiUra="32" who="3" fromWho="1" sc="309,0,399,-120,151,0,131,130" /><INIT seed="6,0,0,3,0,81" ten="309,279,151,261" oya="2" hai0="78,118,60,26,109,37,122,21,116,93,0,89,75" hai1="28,68,83,32,34,8,133,52,36,117,129,33,14" hai2="9,31,41,54,10,39,130,131,80,42,57,11,6" hai3="121,103,49,73,108,53,59,40,25,56,7,110,132"/><V30/><F6/><W23/><G121/><T47/><D0/><U1/><E117/><V107/><F107/><W17/><G73/><T92/><D109/><U85/><E36/><V96/><F96/><W67/><G132/><T114/><D122/><U135/><E68/><V100/><F100/><W76/><G76/><T101/><D114/><U125/><E1/><V120/><F120/><W82/><G7/><T106/><D93/><U24/><E129/><N who="2" m="49163" /><F80/><W58/><G103/><T104/><D60/><U20/><E125/><V61/><F39/><W69/><G82/><N who="0" m="45407" /><D47/><U87/><E83/><V5/><F5/><W111/><G40/><AGARI ba="0,0" hai="9,10,11,30,31,40,41,42,54,57,61" m="49163" machi="40" ten="30,1500,0" yaku="19,1" doraHai="81" who="2" fromWho="3" sc="309,0,279,0,151,15,261,-15" /><INIT seed="6,1,0,0,0,126" ten="309,279,166,246" oya="2" hai0="62,80,47,131,61,70,22,33,23,103,86,43,100" hai1="135,71,65,134,112,114,5,118,120,1,102,30,3" hai2="127,63,85,81,19,64,42,57,111,58,17,14,84" hai3="50,45,44,46,54,94,79,82,130,93,36,83,78"/><V116/><F116/><W123/><G123/><T90/><D33/><U104/><E118/><V119/><F119/><W15/><G36/><T124/><D124/><U10/><E1/><V31/><F127/><W27/><G27/><T40/><D131/><U110/><E30/><V87/><F111/><W13/><G54/><T117/><D70/><U11/><E11/><V97/><F31/><W68/><G50/><N who="0" m="26983" /><D43/><U2/><E2/><V73/><F42/><W16/><G68/><T106/><D106/><U91/><E91/><V88/><F73/><W21/><G130/><T49/><D49/><U129/><E129/><V6/><F97/><W7/><G7/><T96/><D117/><U51/><E51/><V26/><F58/><W39/><G39/><T18/><D23/><U105/><E120/><V69/><F69/><W55/><G55/><T32/><D32/><U52/><E52/><N who="2" m="34215" /><F26/><W125/><G125/><T35/><D35/><U121/><E121/><V4/><F64/><W95/><REACH who="3" step="1"/><G15/><REACH who="3" ten="309,279,166,236" step="2"/><T37/><D37/><U133/><E110/><V53/><F53/><W8/><G8/><T101/><D62/><N who="1" m="40375" /><E105/><V12/><F6/><W113/><G113/><T122/><D61/><U72/><E114/><V75/><F4/><W60/><G60/><T9/><D122/><U74/><E112/><V115/><F115/><W28/><G28/><T66/><D66/><U34/><E34/><V132/><F132/><W92/><N who="3" m="23552" /><DORA hai="107" /><W128/><G128/><T108/><D108/><U56/><E56/><V76/><F88/><W109/><G109/><T24/><D9/><U77/><E77/><AGARI ba="1,1" hai="13,16,21,44,45,46,77,78,79,82,83" m="23552" machi="77" ten="60,8000,1" yaku="1,1,6,1,8,1,54,1,53,0" doraHai="126,107" doraHaiUra="38,29" who="3" fromWho="1" sc="309,0,279,-83,166,0,236,93" /><INIT seed="7,0,0,1,1,86" ten="309,196,166,329" oya="3" hai0="50,66,41,9,122,85,14,135,82,3,65,39,15" hai1="93,42,49,36,73,115,110,77,121,1,129,18,130" hai2="109,95,45,72,56,19,101,55,27,20,83,119,92" hai3="59,35,126,88,102,4,69,64,124,131,67,103,76"/><W62/><G35/><T106/><D106/><U2/><E36/><V68/><F109/><W25/><G25/><T134/><D39/><U5/><E110/><V79/><F68/><W108/><G76/><T133/><D122/><U81/><E121/><V43/><F119/><W54/><G108/><T38/><D38/><U51/><E115/><V28/><F101/><N who="3" m="38411" /><G131/><N who="1" m="50186" /><E18/><V75/><F75/><W26/><G26/><T117/><D117/><U44/><E5/><V111/><F111/><W112/><G112/><T37/><D37/><U128/><E128/><V125/><F125/><N who="3" m="48235" /><G4/><N who="0" m="3367" /><D15/><U34/><E34/><V91/><F43/><W33/><G33/><T12/><D12/><U100/><E49/><V78/><F78/><W16/><G16/><T97/><D97/><AGARI ba="0,0" hai="1,2,42,44,51,73,77,81,93,97,100" m="50186" machi="97" ten="30,1000,0" yaku="19,1" doraHai="86" who="1" fromWho="0" sc="309,-10,196,10,166,0,329,0" owari="299,10.0,206,-19.0,166,-33.0,329,42.0" /></mjloggm>