<mjloggm ver="2.3"><GO type="169" lobby="0"/><UN n0="%E5%B0%B1%E6%B4%BB%E7%94%9F%40%E5%B7%9D%E6%9D%91%E8%BB%8D%E5%9B%A3" n1="%E7%B5%B6%E5%AF%BE%E4%B9%B1%E8%88%9E" n2="%E6%B0%B4%E6%9C%AC%E3%82%86%E3%81%8B%E3%82%8A" n3="%E3%83%8B%E3%83%A3%E3%83%83%E3%83%94%E3%83%BC%E5%A4%8F%E7%9B%AE" dan="17,17,16,16" rate="2197.36,2110.78,2093.63,2177.77" sx="M,M,F,M"/><TAIKYOKU oya="0"/><INIT seed="0,0,0,2,3,114" ten="250,250,250,250" oya="0" hai0="133,119,69,39,121,108,134,14,9,130,49,22,8" hai1="60,100,27,16,90,15,2,63,66,50,102,82,12" hai2="72,0,113,81,54,94,120,55,129,24,36,57,51" hai3="53,135,17,106,20,31,70,110,104,29,43,109,75"/><T78/><D39/><U48/><E2/><V5/><F36/><W123/><G75/><T88/><D69/><U28/><E82/><V64/><F113/><W89/><G70/><T19/><D78/><U44/><E90/><V1/><F120/><W107/><G135/><N who="0" m="51723" /><D121/><U85/><E85/><V76/><F129/><W18/><G123/><T86/><D130/><U26/><E44/><V112/><F112/><W83/><G43/><T3/><D3/><U111/><E111/><N who="3" m="42506" /><G53/><T105/><D105/><U101/><E101/><V98/><F64/><W128/><G128/><T77/><D77/><U56/><E56/><V103/><F5/><W11/><G11/><N who="0" m="4171" /><D49/><U7/><E7/><V80/><F80/><W91/><G83/><N who="0" m="49247" /><D108/><U61/><E61/><V38/><F38/><W59/><G107/><T68/><D68/><U41/><E41/><V126/><F54/><W73/><G106/><T122/><D122/><U125/><E66/><V87/><F72/><W32/><G73/><T93/><D93/><U71/><E71/><V127/><REACH who="2" step="1"/><F24/><REACH who="2" ten="250,250,240,250" step="2"/><W124/><G124/><AGARI ba="0,1" hai="0,1,51,55,57,76,81,87,94,98,103,124,126,127" machi="124" ten="40,5200,0" yaku="1,1,2,1,18,1,53,0" doraHai="114" doraHaiUra="10" who="2" fromWho="3" sc="250,0,250,0,240,62,250,-52" /><INIT seed="1,0,0,0,2,54" ten="250,250,302,198" oya="1" hai0="59,80,34,66,65,16,68,96,129,93,64,30,43" hai1="9,123,15,5,35,89,75,17,108,118,0,44,29" hai2="109,117,82,128,135,104,62,124,115,40,24,22,88" hai3="84,110,97,113,31,119,27,92,120,101,73,8,126"/><U103/><E118/><V77/><F117/><W53/><G119/><T55/><D68/><U83/><E123/><V38/><F115/><W10/><G120/><T63/><D129/><U56/><E103/><V45/><F109/><W58/><G73/><T21/><D43/><U106/><E106/><V70/><F104/><W87/><G113/><T13/><D80/><U46/><E108/><V79/><F128/><W85/><G126/><T121/><D121/><U127/><E127/><V95/><F135/><W94/><G94/><T23/><D34/><U36/><E89/><V51/><F124/><W133/><G133/><T72/><D72/><U39/><E44/><V125/><F125/><W81/><G110/><T60/><D60/><U111/><E111/><V52/><F70/><W91/><G85/><T11/><REACH who="0" step="1"/><D30/><REACH who="0" ten="240,250,302,198" step="2"/><U28/><E35/><V48/><F82/><W90/><G31/><T130/><D130/><U116/><E116/><V122/><F62/><W14/><G81/><T98/><D98/><U57/><E83/><V12/><F122/><W114/><G114/><T134/><D134/><U131/><E75/><V32/><F32/><W19/><G87/><T69/><D69/><U7/><E131/><V107/><F40/><W100/><G84/><T2/><D2/><U20/><E28/><V102/><F38/><W99/><G99/><T4/><D4/><N who="1" m="1611" /><E0/><V132/><F132/><W25/><G97/><T67/><N who="0" m="16896" /><DORA hai="78" /><T61/><D61/><U71/><E71/><V37/><F37/><W74/><G74/><T112/><D112/><U33/><E39/><V76/><F76/><RYUUKYOKU ba="0,1" sc="240,30,250,-10,302,-10,198,-10" hai0="11,13,16,21,23,55,59,63,93,96" /><INIT seed="2,1,1,5,3,40" ten="270,240,292,188" oya="2" hai0="111,109,56,38,107,115,65,102,7,71,30,127,9" hai1="25,128,4,98,27,55,110,22,130,3,81,133,29" hai2="50,77,61,120,12,52,58,13,103,91,82,87,106" hai3="57,126,44,36,89,99,135,24,124,43,34,93,6"/><V37/><F37/><W17/><G135/><T74/><D115/><U95/><E133/><V5/><F120/><W2/><G6/><T54/><D74/><U104/><E104/><V68/><F5/><W32/><G2/><T70/><D38/><U15/><E110/><N who="0" m="41993" /><D127/><N who="3" m="48681" /><G57/><T59/><D30/><U117/><E117/><V66/><F106/><W97/><G97/><N who="0" m="61903" /><D65/><U33/><E81/><V123/><F103/><W129/><G129/><T0/><D59/><U121/><E121/><V94/><REACH who="2" step="1"/><F123/><REACH who="2" ten="270,240,282,188" step="2"/><W35/><G17/><T113/><D113/><U85/><E4/><V19/><F19/><W69/><G69/><T88/><D88/><U67/><E130/><V48/><F48/><AGARI ba="1,2" hai="0,7,9,48,54,56,70,71" m="61903,41993" machi="48" ten="30,1000,0" yaku="14,1" doraHai="40" who="0" fromWho="2" sc="270,33,240,0,282,-13,188,0" /><INIT seed="3,0,0,1,3,132" ten="303,240,269,188" oya="3" hai0="82,119,90,130,89,38,120,92,76,26,14,44,123" hai1="47,42,104,124,81,125,34,129,13,9,41,29,11" hai2="99,22,6,32,62,85,127,65,121,45,48,133,94" hai3="131,105,73,118,2,59,35,56,39,4,50,27,78"/><W3/><G105/><T17/><D119/><U46/><E104/><V61/><F32/><W52/><G39/><T55/><D130/><U60/><E129/><V24/><F133/><W97/><G118/><T109/><D109/><U5/><E60/><V69/><F121/><W21/><G35/><T36/><D26/><U116/><E116/><V57/><F85/><W63/><G131/><T37/><D44/><U113/><E113/><V87/><F87/><W100/><G4/><T79/><D55/><U98/><E98/><V68/><F6/><W117/><G117/><T102/><D102/><U128/><E128/><V23/><F127/><N who="1" m="48713" /><E81/><V19/><F23/><W115/><G115/><T25/><D82/><U107/><E107/><V103/><F62/><W20/><G20/><T134/><D134/><U110/><E110/><V93/><F93/><W122/><G122/><T114/><D92/><U10/><E46/><V70/><F70/><W40/><G78/><T49/><D79/><U8/><E47/><V51/><F51/><W84/><G84/><T15/><D76/><U67/><E67/><V33/><F33/><W54/><G73/><T53/><D114/><U66/><E66/><V72/><F72/><W88/><G100/><T16/><D120/><U30/><E34/><V95/><F95/><N who="3" m="56551" /><G40/><AGARI ba="0,0" hai="5,8,9,10,11,13,29,30,40,41,42" m="48713" machi="40" ten="30,7700,0" yaku="18,1,52,3" doraHai="132" who="1" fromWho="3" sc="303,0,240,77,269,0,188,-77" /><AGARI ba="0,0" hai="19,22,24,40,45,48,57,61,65,68,69,94,99,103" machi="40" ten="30,1000,0" yaku="7,1" doraHai="132" who="2" fromWho="3" sc="303,0,317,0,269,10,111,-10" /><INIT seed="4,0,0,4,2,113" ten="303,317,279,101" oya="0" hai0="85,12,62,63,96,125,106,72,107,104,42,69,60" hai1="15,130,50,56,47,87,77,95,17,111,105,40,80" hai2="98,101,73,31,30,54,41,127,118,100,79,67,38" hai3="14,55,24,126,68,27,25,93,116,33,89,117,112"/><T128/><D72/><U11/><E105/><V131/><F101/><W94/><G33/><T1/><D1/><U5/><E130/><V119/><F131/><W134/><G112/><T81/><D128/><U10/><E111/><V84/><F73/><W0/><G0/><T58/><D125/><U71/><E71/><V43/><F127/><W44/><G126/><T99/><D69/><U52/><E95/><V46/><F43/><W103/><G68/><T57/><D42/><U2/><REACH who="1" step="1"/><E40/><REACH who="1" ten="303,307,279,101" step="2"/><V48/><F41/><W45/><G94/><T59/><REACH who="0" step="1"/><D12/><REACH who="0" ten="293,307,279,101" step="2"/><U28/><E28/><V133/><F30/><W122/><G14/><T92/><D92/><U22/><E22/><V115/><F31/><W36/><G93/><T39/><D39/><U51/><E51/><V121/><F38/><W34/><G36/><T75/><D75/><U16/><E16/><V135/><F121/><W83/><G122/><T49/><D49/><U4/><E4/><V78/><F115/><W132/><G34/><T82/><D82/><U74/><E74/><V23/><F48/><W64/><G83/><T120/><D120/><U109/><E109/><V8/><F133/><W29/><G134/><T108/><D108/><U90/><E90/><AGARI ba="0,2" hai="57,58,59,60,62,63,81,85,90,96,99,104,106,107" machi="90" ten="50,9600,0" yaku="1,1,29,2,53,0" doraHai="113" doraHaiUra="3" who="0" fromWho="1" sc="293,116,307,-96,279,0,101,0" /><INIT seed="4,1,0,0,4,104" ten="409,211,279,101" oya="0" hai0="125,49,50,5,42,37,77,96,11,124,64,98,23" hai1="81,54,59,79,32,4,39,31,75,127,63,128,58" hai2="133,94,21,90,46,126,80,121,119,51,74,12,112" hai3="60,2,13,102,95,115,78,28,93,26,71,73,1"/><T109/><D109/><U57/><E128/><V41/><F121/><W87/><G115/><T103/><D77/><U111/><E111/><V0/><F0/><W101/><G13/><T44/><D64/><U15/><E39/><V97/><F112/><W100/><G60/><T18/><D5/><U106/><E106/><V105/><F126/><N who="0" m="48746" /><D11/><U56/><E127/><V65/><F133/><W123/><G71/><T53/><D53/><U69/><E69/><V72/><F119/><W24/><G123/><T43/><D43/><U34/><REACH who="1" step="1"/><E31/><REACH who="1" ten="409,201,279,101" step="2"/><V16/><F105/><W48/><G28/><T132/><D132/><U117/><E117/><V85/><REACH who="2" step="1"/><F65/><REACH who="2" ten="409,201,269,101" step="2"/><W86/><G1/><T14/><D98/><U36/><E36/><V17/><F17/><W8/><G2/><T113/><D113/><U9/><AGARI ba="1,2" hai="4,9,15,32,34,54,56,57,58,59,63,75,79,81" machi="9" ten="30,4000,0" yaku="1,1,0,1,52,1,53,0" doraHai="104" doraHaiUra="66" who="1" fromWho="1" sc="409,-21,201,63,269,-11,101,-11" /><INIT seed="5,0,0,1,3,27" ten="388,264,258,90" oya="1" hai0="39,78,107,114,119,60,118,91,6,69,77,54,65" hai1="14,32,79,3,66,134,13,70,19,7,96,102,73" hai2="86,99,61,37,43,72,90,74,128,117,123,8,11" hai3="34,35,131,9,92,103,112,50,18,127,80,135,87"/><U47/><E32/><V25/><F123/><W63/><G112/><T81/><D114/><U17/><E3/><V26/><F117/><W45/><G131/><T71/><D71/><U62/><E134/><V23/><F128/><W49/><G135/><T20/><D107/><U36/><E7/><V57/><F99/><W58/><G127/><T4/><D39/><U21/><E79/><V121/><F25/><W30/><G92/><T104/><D104/><U0/><E73/><V1/><F43/><W12/><G103/><T106/><D106/><U120/><E0/><V51/><F51/><W31/><G35/><T130/><D130/><U115/><E115/><V38/><F38/><W56/><G34/><T22/><D78/><U105/><E120/><V28/><F37/><W46/><G49/><T95/><D6/><U101/><E101/><V132/><F132/><W29/><G63/><T93/><D4/><U55/><E36/><V97/><F97/><W129/><G129/><T100/><D100/><U24/><E47/><N who="3" m="17930" /><G50/><T82/><D118/><U125/><E125/><V52/><F121/><W59/><G59/><T124/><D124/><U5/><E5/><V111/><F111/><W126/><G126/><T122/><D122/><U85/><E55/><V33/><F33/><W108/><G108/><T68/><D54/><U44/><E44/><V42/><F1/><W98/><G98/><T94/><D119/><U113/><E113/><V89/><F74/><W64/><G64/><T75/><D69/><U76/><E19/><V48/><F72/><W16/><G18/><T67/><D67/><RYUUKYOKU ba="0,0" sc="388,10,264,10,258,-30,90,10" hai0="20,22,60,65,68,75,77,81,82,91,93,94,95" hai1="13,14,17,21,24,62,66,70,76,85,96,102,105" hai3="9,12,16,29,30,31,56,58,80,87" /><INIT seed="5,1,0,1,3,68" ten="398,274,228,100" oya="1" hai0="85,107,50,45,72,113,63,94,120,29,125,75,44" hai1="46,128,58,43,91,65,80,76,37,132,88,59,15" hai2="130,90,83,14,64,4,86,103,49,28,54,16,112" hai3="70,111,108,123,109,30,36,115,87,61,35,84,24"/><U38/><E128/><V62/><F130/><W116/><G123/><T22/><D107/><U32/><E32/><V134/><F134/><W41/><G115/><T25/><D113/><U9/><E132/><V67/><F112/><W3/><G3/><T92/><D125/><U81/><E81/><V119/><F119/><W31/><G116/><T23/><D23/><U78/><E78/><V100/><F4/><W95/><G31/><T121/><D63/><U101/><E101/><N who="2" m="38987" /><F28/><W40/><BYE who="0" /><G40/><T27/><D27/><U96/><E38/><UN n0="%E5%B0%B1%E6%B4%BB%E7%94%9F%40%E5%B7%9D%E6%9D%91%E8%BB%8D%E5%9B%A3" /><V124/><F62/><W52/><G95/><N who="0" m="36395" /><D85/><U131/><E96/><V66/><F124/><W12/><G12/><T110/><D45/><U93/><E93/><V6/><F6/><W19/><G19/><T129/><D110/><U1/><E1/><V117/><F117/><W114/><G114/><T127/><D127/><U39/><E39/><V10/><F67/><W118/><G118/><T47/><D47/><AGARI ba="1,0" hai="10,14,16,47,49,54,64,66,83,86,90" m="38987" machi="47" ten="30,3900,0" yaku="25,1,8,1,54,1" doraHai="68" who="2" fromWho="0" sc="398,-42,274,0,228,42,100,0" /><INIT seed="6,0,0,1,2,30" ten="356,274,270,100" oya="2" hai0="80,119,97,9,100,12,95,81,28,98,52,2,96" hai1="35,60,51,24,15,14,128,42,106,63,103,18,65" hai2="27,39,117,91,55,70,130,64,46,1,131,93,123" hai3="44,56,104,40,7,89,77,76,0,102,132,112,99"/><V23/><F1/><W45/><G132/><T105/><D2/><U115/><E115/><V110/><F123/><W101/><G112/><T129/><D129/><N who="2" m="49162" /><F117/><W29/><G102/><T37/><D37/><U122/><E128/><V113/><F113/><W43/><G56/><T78/><D28/><U85/><E85/><V17/><F110/><W48/><G89/><T53/><D119/><U25/><E122/><V114/><F114/><W118/><G118/><T57/><D105/><U82/><E82/><N who="0" m="31849" /><D78/><U111/><E65/><V133/><F133/><W83/><G83/><T13/><D53/><U126/><E42/><N who="2" m="22879" /><F55/><W121/><G121/><T127/><D127/><U75/><E75/><V124/><F124/><W50/><G29/><T107/><D107/><U58/><E106/><V4/><F4/><W74/><G74/><T59/><D13/><U10/><E111/><V69/><F64/><W21/><G21/><T79/><D79/><U6/><E103/><V73/><F73/><W47/><REACH who="3" step="1"/><G45/><REACH who="3" ten="356,274,270,90" step="2"/><T33/><D57/><U32/><E58/><V109/><F109/><W94/><G94/><T5/><D95/><U120/><E120/><V8/><F93/><W20/><G20/><T88/><D100/><U66/><E126/><V31/><F91/><W92/><G92/><T19/><D88/><U62/><E10/><AGARI ba="0,1" hai="0,7,10,40,43,44,47,48,50,76,77,99,101,104" machi="10" ten="40,2600,0" yaku="1,1,9,1,53,0" doraHai="30" doraHaiUra="90" who="3" fromWho="1" sc="356,0,274,-26,270,0,90,36" /><INIT seed="7,0,0,3,2,100" ten="356,248,270,126" oya="3" hai0="93,56,42,33,94,46,128,53,98,95,66,108,134" hai1="20,51,82,90,4,9,115,62,47,13,116,87,106" hai2="71,28,76,52,132,107,2,96,49,25,69,41,65" hai3="24,15,70,45,118,80,17,105,8,67,57,64,19"/><W3/><G118/><T26/><D108/><U73/><E116/><V127/><F2/><W104/><G3/><T10/><D128/><U5/><E73/><V23/><F41/><W74/><G70/><T124/><D134/><U18/><E115/><V37/><F37/><W126/><G126/><T38/><D124/><U50/><E106/><V29/><F132/><W40/><G74/><T61/><D10/><U121/><E121/><V27/><F76/><W81/><G81/><T120/><D120/><U113/><E113/><V78/><F78/><W35/><G80/><T16/><D66/><U131/><E131/><V91/><F65/><W99/><G99/><T123/><D123/><U85/><E85/><V6/><F6/><W72/><G72/><T130/><D130/><U111/><E111/><V58/><F127/><W14/><G67/><T21/><REACH who="0" step="1"/><D33/><REACH who="0" ten="346,248,270,126" step="2"/><U43/><E62/><V32/><REACH who="2" step="1"/><F91/><AGARI ba="0,1" hai="16,21,26,38,42,46,53,56,61,91,93,94,95,98" machi="91" ten="30,12000,2" yaku="1,1,2,1,7,1,25,2,54,1,53,1" doraHai="100" doraHaiUra="59" who="0" fromWho="2" sc="346,130,248,0,270,-120,126,0" owari="476,57.0,248,5.0,150,-25.0,126,-37.0" /></mjloggm>