<mjloggm ver="2.3"><GO type="225" lobby="0"/><UN n0="%E3%82%A8%E3%83%AB%E3%82%AD%E3%83%81" n1="%E3%82%A6%E3%83%AB%E3%83%88%E3%83%A9%E7%AB%8B%E7%9B%B4" n2="%E3%81%BF%E3%81%BF%E3%81%9A" n3="%E3%81%AA%E3%81%A3%E3%81%8D%E3%82%8A" dan="17,18,16,17" rate="2225.39,2165.98,2197.48,2152.60" sx="M,M,M,M"/><TAIKYOKU oya="0"/><INIT seed="0,0,0,4,4,34" ten="250,250,250,250" oya="0" hai0="45,44,42,110,28,95,53,103,7,0,79,17,30" hai1="82,128,37,41,83,3,60,102,61,40,14,125,55" hai2="72,63,73,52,50,104,113,131,71,80,1,5,26" hai3="6,101,18,19,123,98,59,96,69,67,115,109,119"/><T87/><D110/><U129/><E102/><V108/><F113/><W90/><G69/><T21/><D53/><U38/><E14/><V33/><F104/><W2/><G119/><T132/><D132/><U43/><E55/><V92/><F108/><W111/><G115/><T25/><D45/><U54/><E54/><V75/><F131/><N who="1" m="50249" /><E3/><V122/><F122/><W121/><G90/><T99/><D79/><U97/><E97/><V9/><F92/><W39/><G67/><T13/><D87/><U66/><E66/><V117/><F117/><W89/><G89/><T124/><D124/><U65/><E65/><V74/><F63/><N who="1" m="24137" /><E125/><V16/><F71/><W86/><G6/><T106/><D106/><U56/><E56/><V84/><N who="2" m="18432" /><DORA hai="49" /><V85/><F80/><AGARI ba="0,0" hai="37,38,40,41,43,80,82,83" m="24137,50249" machi="80" ten="40,5200,0" yaku="28,2,19,1" doraHai="34,49" who="1" fromWho="2" sc="250,0,250,52,250,-52,250,0" /><INIT seed="1,0,0,0,4,32" ten="250,302,198,250" oya="1" hai0="114,98,71,11,8,56,132,1,109,27,59,41,87" hai1="57,39,90,120,6,54,64,9,33,133,99,83,79" hai2="31,84,135,96,88,18,123,5,22,121,0,16,111" hai3="76,131,73,95,55,10,72,38,23,86,30,93,61"/><U126/><E33/><V89/><F111/><W36/><G131/><T130/><D71/><U92/><E39/><V49/><F135/><W19/><G30/><T2/><D41/><U103/><E126/><V25/><F96/><W115/><G115/><T14/><D114/><U40/><E40/><V47/><F121/><W82/><G38/><T52/><D109/><U44/><E133/><V101/><F101/><W94/><G36/><T110/><D132/><U112/><E112/><V43/><F123/><W58/><REACH who="3" step="1"/><G10/><REACH who="3" ten="250,302,198,240" step="2"/><T70/><D110/><U63/><E120/><V35/><F84/><W13/><AGARI ba="0,1" hai="13,19,23,55,58,61,72,73,76,82,86,93,94,95" machi="13" ten="30,4000,0" yaku="1,1,2,1,0,1,53,0" doraHai="32" doraHaiUra="28" who="3" fromWho="3" sc="250,-10,302,-20,198,-10,240,50" /><INIT seed="2,0,0,0,1,119" ten="240,282,188,290" oya="2" hai0="51,77,124,89,74,10,86,63,102,127,126,52,92" hai1="105,21,50,2,87,0,5,100,115,58,30,72,36" hai2="56,78,26,81,131,12,8,133,101,15,3,79,53" hai3="44,132,75,70,91,118,1,84,135,117,17,41,54"/><V122/><F122/><W32/><G75/><T6/><D102/><U47/><E72/><V90/><F131/><W68/><G54/><T57/><D74/><U85/><E115/><V4/><F133/><N who="3" m="51275" /><G32/><T80/><D63/><U106/><E36/><V42/><F42/><W95/><G17/><T125/><N who="0" m="31744" /><DORA hai="111" /><T13/><REACH who="0" step="1"/><D92/><REACH who="0" ten="230,282,188,290" step="2"/><U20/><E100/><V35/><F101/><W113/><G113/><T46/><D46/><U99/><E47/><V121/><F121/><W98/><G118/><T88/><AGARI ba="0,1" hai="6,10,13,51,52,57,77,80,86,88,89" m="31744" machi="88" ten="60,8000,1" yaku="1,1,0,1,18,1,54,2,53,0" doraHai="119,111" doraHaiUra="108,38" who="0" fromWho="0" sc="230,90,282,-20,188,-40,290,-20" /><INIT seed="3,0,0,4,2,60" ten="320,262,148,270" oya="3" hai0="28,49,109,1,17,62,90,42,18,47,132,61,50" hai1="16,131,87,4,3,19,68,85,89,44,135,51,82" hai2="27,88,114,9,26,34,70,93,48,86,55,96,22" hai3="63,41,95,2,38,71,11,8,72,58,121,127,39"/><W120/><G127/><T112/><D1/><U105/><E105/><V57/><F114/><W116/><G116/><T124/><D28/><U107/><E107/><V99/><F70/><W65/><G95/><T36/><D124/><U94/><E131/><V106/><F106/><W118/><G118/><T126/><D126/><U111/><E111/><V0/><F34/><W125/><G125/><T128/><D109/><U10/><E68/><V75/><F75/><W12/><G11/><T98/><D128/><U123/><E135/><V102/><F0/><W77/><G12/><T74/><D74/><U122/><E122/><V25/><F9/><W24/><G24/><T76/><D76/><U110/><E123/><N who="3" m="47178" /><G58/><T43/><D36/><U35/><E35/><V100/><F99/><W84/><G84/><T69/><D69/><U92/><E110/><V101/><F96/><W108/><G41/><T113/><D98/><U31/><E31/><V64/><F22/><W46/><G46/><T29/><D29/><U134/><E134/><V130/><REACH who="2" step="1"/><F130/><REACH who="2" ten="320,262,138,270" step="2"/><W14/><G108/><T103/><D113/><U32/><E32/><V23/><F23/><W13/><G2/><T119/><D112/><U97/><E97/><V33/><F33/><W20/><G20/><T115/><D115/><U66/><E3/><V80/><F80/><W117/><G117/><T133/><D119/><U79/><E10/><V52/><F52/><W15/><G8/><T56/><D133/><U129/><E129/><V37/><F37/><N who="3" m="13835" /><G72/><T45/><D132/><U7/><E82/><V5/><F5/><W104/><G104/><RYUUKYOKU ba="0,1" sc="320,-15,262,-15,138,15,270,15" hai2="25,26,27,48,55,57,64,86,88,93,100,101,102" hai3="13,14,15,63,65,71,77" /><INIT seed="3,1,1,4,0,119" ten="305,247,153,285" oya="3" hai0="5,19,56,37,6,50,79,70,46,15,96,128,0" hai1="95,108,27,82,61,102,54,41,69,49,42,68,132" hai2="63,35,87,92,101,30,86,64,62,118,65,131,124" hai3="88,67,25,113,133,48,115,134,47,117,93,94,127"/><W72/><G72/><T31/><D70/><U122/><E122/><V13/><F118/><W16/><G117/><T110/><D0/><U22/><E108/><V84/><F124/><W11/><G67/><T126/><D37/><U53/><E132/><N who="3" m="50794" /><G127/><T77/><D126/><U73/><E73/><V43/><F131/><W40/><G94/><T123/><D123/><U39/><E39/><V129/><F129/><W44/><G44/><T18/><D128/><U104/><E104/><V38/><F38/><W14/><G25/><T29/><D56/><N who="1" m="34967" /><E82/><V103/><F43/><W28/><G28/><N who="0" m="10827" /><D96/><AGARI ba="1,1" hai="11,14,16,40,47,48,88,93,96,113,115" m="50794" machi="96" ten="30,5800,0" yaku="20,1,54,2" doraHai="119" who="3" fromWho="0" sc="305,-61,247,0,153,0,285,71" owari="244,-16.0,247,5.0,153,-35.0,356,46.0" /></mjloggm>