<mjloggm ver="2.3"><GO type="169" lobby="0"/><UN n0="%E5%B0%B1%E6%B4%BB%E7%94%9F%40%E5%B7%9D%E6%9D%91%E8%BB%8D%E5%9B%A3" n1="%79%6F%74%65%72%75" n2="%E3%82%B7%E3%83%A3%E3%83%BC%E3%83%AA%E3%83%97%E3%83%88%E3%83%A9" n3="%72%79%6F%E2%80%A6%31%35" dan="17,17,16,17" rate="2201.92,2225.71,2115.43,2197.81" sx="M,M,M,M"/><TAIKYOKU oya="0"/><INIT seed="0,0,0,5,5,27" ten="250,250,250,250" oya="0" hai0="102,17,100,86,70,56,36,81,66,8,2,44,135" hai1="9,20,3,130,117,6,97,47,76,121,18,23,110" hai2="25,94,101,32,64,41,82,21,79,68,84,95,62" hai3="69,28,12,22,127,124,51,75,63,111,57,45,123"/><T42/><D135/><U78/><E110/><V35/><F41/><W109/><G75/><T104/><D70/><U73/><E117/><V133/><F133/><W118/><G12/><T0/><D104/><U98/><E121/><V113/><F113/><W114/><G22/><T14/><D66/><U31/><E130/><V108/><F108/><N who="3" m="41547" /><G28/><T53/><D2/><U129/><E129/><V71/><F71/><W125/><G69/><T19/><D0/><U131/><E131/><V92/><REACH who="2" step="1"/><F101/><REACH who="2" ten="250,250,240,250" step="2"/><W128/><G128/><T74/><D74/><U37/><E73/><V107/><F107/><W103/><G103/><T30/><D100/><U116/><E116/><V40/><F40/><N who="3" m="24999" /><G118/><T26/><D102/><U1/><E1/><V120/><F120/><W61/><G123/><T5/><D86/><U93/><E3/><V24/><F24/><W77/><G114/><T11/><D81/><U99/><E98/><V59/><F59/><W34/><G57/><T7/><D56/><U91/><E99/><V54/><F54/><W87/><G124/><T67/><D53/><U4/><E97/><V60/><F60/><W122/><G127/><T80/><D67/><U90/><E93/><V65/><F65/><W88/><G61/><T83/><D83/><U72/><E72/><V58/><F58/><W126/><G63/><T33/><D80/><U119/><E119/><V52/><F52/><W50/><G126/><T89/><D89/><U38/><E90/><V105/><F105/><W13/><G88/><T49/><D36/><N who="1" m="13931" /><E91/><V39/><F39/><W10/><G125/><T15/><AGARI ba="0,1" hai="5,7,8,11,14,15,17,19,26,30,33,42,44,49" machi="15" ten="20,12000,1" yaku="5,1,0,1,7,1,9,1,52,1" doraHai="27" who="0" fromWho="0" sc="250,130,250,-40,240,-40,250,-40" /><INIT seed="0,1,0,3,3,8" ten="380,210,200,210" oya="0" hai0="64,68,6,3,71,106,63,36,120,79,111,122,47" hai1="22,92,14,65,21,72,62,7,102,98,23,27,52" hai2="34,135,90,53,45,130,96,11,5,108,129,83,123" hai3="95,67,85,24,43,105,126,10,80,25,73,41,30"/><T60/><D106/><U133/><E133/><V48/><F123/><W29/><G105/><T13/><D3/><U61/><E72/><V37/><F108/><W32/><G73/><T54/><D79/><U112/><E112/><V33/><F135/><W12/><G95/><T127/><D6/><U100/><E100/><V118/><F118/><W0/><G67/><T132/><D132/><U58/><E27/><V20/><F20/><W19/><G0/><T2/><D2/><U40/><E40/><V94/><F37/><W74/><G74/><T84/><D84/><U4/><REACH who="1" step="1"/><E14/><REACH who="1" ten="380,200,200,210" step="2"/><N who="2" m="5487" /><F83/><W57/><G126/><T59/><D13/><U42/><E42/><V28/><F28/><W121/><G121/><T113/><D113/><U46/><E46/><V109/><F109/><W89/><REACH who="3" step="1"/><G57/><AGARI ba="1,1" hai="4,7,21,22,23,52,57,58,61,62,65,92,98,102" machi="57" ten="40,5200,0" yaku="1,1,8,1,54,1,53,0" doraHai="8" doraHaiUra="134" who="1" fromWho="3" sc="380,0,200,65,200,0,210,-55" /><INIT seed="1,0,0,3,0,83" ten="380,265,200,155" oya="1" hai0="88,85,135,100,133,51,22,96,14,127,19,26,64" hai1="47,120,126,117,87,128,29,108,41,123,102,113,33" hai2="23,99,101,104,118,124,84,13,58,62,42,76,121" hai3="79,130,11,89,63,1,81,112,111,5,48,93,60"/><U97/><E117/><V90/><F121/><W36/><G112/><T28/><D64/><U91/><E113/><V110/><F118/><W115/><G36/><T59/><D127/><U54/><E54/><V103/><F103/><W92/><G115/><T78/><D78/><U49/><E126/><V55/><F110/><W31/><G111/><T56/><D51/><U38/><E108/><V95/><F124/><W77/><G31/><T105/><D133/><U82/><E128/><V114/><F114/><W65/><G79/><T25/><D25/><U50/><E50/><V116/><F116/><W74/><G130/><T34/><REACH who="0" step="1"/><D135/><REACH who="0" ten="370,265,200,155" step="2"/><U27/><REACH who="1" step="1"/><E49/><REACH who="1" ten="370,255,200,155" step="2"/><V12/><F42/><W70/><G48/><T0/><D0/><U4/><E4/><V71/><F71/><W43/><G5/><T134/><D134/><U2/><E2/><V24/><REACH who="2" step="1"/><F76/><REACH who="2" ten="370,255,190,155" step="2"/><W75/><G77/><T15/><D15/><U32/><E32/><V68/><F68/><W52/><G70/><T122/><D122/><U6/><E6/><V53/><F53/><W39/><G52/><T35/><D35/><U86/><E86/><V66/><F66/><W21/><G65/><T67/><D67/><U18/><E18/><AGARI ba="0,3" hai="12,13,18,23,24,55,58,62,84,90,95,99,101,104" machi="18" ten="30,8000,1" yaku="1,1,7,1,52,1,53,2" doraHai="83" doraHaiUra="10" who="2" fromWho="1" sc="370,0,255,-80,190,110,155,0" /><INIT seed="2,0,0,1,4,122" ten="370,175,300,155" oya="2" hai0="56,102,107,14,71,118,75,90,39,43,116,66,28" hai1="4,72,125,59,70,33,131,27,88,120,26,69,37" hai2="111,53,100,9,22,80,101,126,44,25,89,135,19" hai3="81,23,110,30,86,49,132,79,119,36,32,20,65"/><V84/><F135/><W21/><G36/><T54/><D75/><U87/><E120/><V46/><F126/><W114/><G119/><N who="0" m="45611" /><D107/><U109/><E72/><V106/><F111/><W85/><G132/><T94/><D102/><N who="2" m="39530" /><F106/><W95/><G114/><T63/><D28/><U123/><E37/><V40/><F40/><W58/><G110/><T117/><D14/><U1/><E131/><V104/><F104/><W7/><G7/><T68/><D117/><U112/><E112/><V13/><F53/><W73/><G73/><T105/><D105/><U45/><E45/><V34/><F34/><W82/><G95/><T108/><D108/><U8/><E123/><V103/><N who="2" m="39538" /><V11/><DORA hai="97" /><F11/><W3/><G3/><T62/><D43/><U35/><E125/><V115/><F115/><W130/><G32/><T24/><D39/><U51/><E109/><V99/><F99/><W76/><G130/><T60/><D24/><U91/><E33/><V133/><F133/><W78/><G65/><T47/><D71/><U98/><E35/><V128/><F128/><W6/><G23/><T16/><D68/><U29/><E70/><V41/><F41/><W17/><G21/><T113/><D113/><U5/><E69/><V129/><F129/><W52/><G20/><T0/><D0/><U2/><E2/><V48/><F48/><W67/><G49/><T31/><D54/><U64/><E1/><V18/><AGARI ba="0,0" hai="9,13,18,19,22,25,44,46,80,84,89" m="39538" machi="18" ten="30,12000,1" yaku="8,1,52,4" doraHai="122,97" who="2" fromWho="2" sc="370,-40,175,-40,300,120,155,-40" /><INIT seed="2,1,0,4,3,81" ten="330,135,420,115" oya="2" hai0="49,59,32,34,36,127,30,83,48,111,134,87,40" hai1="84,47,22,128,17,44,117,15,74,66,90,26,18" hai2="80,53,95,123,58,2,108,71,13,70,10,11,102" hai3="67,93,135,100,129,101,45,56,63,107,110,8,91"/><V52/><F123/><W96/><G110/><T6/><D111/><U41/><E117/><V121/><F108/><W72/><G72/><T5/><D134/><U1/><E128/><V78/><F121/><W62/><G129/><T76/><D127/><U69/><E1/><V33/><F33/><W130/><G130/><T20/><D36/><U79/><E74/><V115/><F115/><W120/><G120/><T77/><D77/><U114/><E79/><V125/><F125/><W25/><G135/><T118/><D118/><U73/><E73/><V46/><F2/><W132/><G132/><T42/><D34/><U119/><E119/><V133/><F95/><W51/><G8/><T57/><D32/><U89/><E89/><V4/><F10/><W64/><G25/><N who="0" m="16679" /><D48/><U3/><E3/><V0/><F102/><W116/><G107/><T68/><D68/><U55/><E55/><V16/><F133/><W43/><REACH who="3" step="1"/><G116/><REACH who="3" ten="330,135,420,105" step="2"/><T61/><D5/><U98/><E114/><V27/><F4/><W86/><G86/><T126/><D6/><U85/><E85/><V50/><F27/><W82/><G82/><T103/><D126/><U31/><E84/><N who="2" m="48151" /><F0/><W109/><G109/><T65/><D103/><U24/><E24/><V38/><F38/><W54/><G54/><AGARI ba="1,1" hai="40,42,49,54,57,59,61,65,76,83,87" m="16679" machi="54" ten="30,2000,0" yaku="8,1,52,1" doraHai="81" who="0" fromWho="3" sc="330,33,135,0,420,0,105,-23" /><INIT seed="3,0,0,3,3,133" ten="363,135,420,82" oya="3" hai0="5,99,102,73,32,101,53,119,23,45,132,131,68" hai1="111,63,8,83,109,1,52,48,121,93,28,69,2" hai2="87,114,130,7,128,39,44,115,34,49,80,70,43" hai3="117,51,122,24,12,96,135,65,25,19,129,11,38"/><W78/><G38/><T15/><D32/><U31/><E121/><V107/><F107/><W27/><G117/><T113/><D68/><U57/><E83/><V118/><F34/><W40/><G122/><T60/><D73/><U92/><E92/><V58/><F7/><W6/><G135/><T88/><D113/><U33/><E93/><V86/><F70/><W4/><G129/><N who="2" m="49769" /><F118/><W81/><G65/><T108/><D108/><N who="1" m="41547" /><E8/><V110/><F110/><W9/><G96/><T79/><D79/><U54/><E69/><V14/><F14/><W94/><G94/><N who="0" m="56775" /><D132/><U98/><E98/><V103/><F103/><W71/><G71/><T20/><D131/><U105/><E105/><V35/><F35/><W100/><G100/><N who="0" m="38507" /><D119/><U75/><E75/><V41/><F87/><N who="3" m="48567" /><G11/><N who="0" m="4591" /><D60/><U126/><E33/><V120/><F120/><W91/><G91/><T72/><D72/><U112/><E112/><V61/><F86/><W134/><G134/><T26/><D26/><U77/><E77/><V29/><F80/><W125/><G6/><T22/><D45/><N who="1" m="27663" /><E2/><V97/><F97/><W56/><G19/><T124/><D53/><U123/><E123/><V0/><F0/><W116/><G116/><T18/><D18/><U76/><E76/><V74/><F74/><W13/><G13/><T66/><D66/><U10/><E1/><V85/><F85/><W50/><G50/><T36/><D36/><U84/><E10/><V82/><F82/><W47/><G56/><T67/><D67/><U127/><E84/><V106/><F114/><W46/><G46/><T17/><D17/><U59/><E59/><RYUUKYOKU ba="0,0" sc="363,10,135,10,420,-30,82,10" hai0="20,22,23,124" hai1="28,31,54,57,63,126,127" hai3="4,9,12,24,25,27,40,47,51,125" /><INIT seed="3,1,0,5,0,122" ten="373,145,390,92" oya="3" hai0="113,86,105,87,55,64,24,57,37,67,135,33,53" hai1="116,117,92,36,72,39,110,10,19,45,124,118,95" hai2="61,60,18,66,56,21,84,50,119,90,109,89,77" hai3="132,14,112,70,1,63,17,3,47,32,5,38,49"/><W40/><G32/><T99/><D37/><N who="1" m="14411" /><E72/><V25/><F119/><W115/><G132/><T71/><D135/><U16/><E45/><V93/><F109/><W125/><G125/><T13/><D113/><U134/><E134/><V96/><F77/><W26/><G26/><T94/><D105/><U78/><E78/><V15/><F25/><W120/><G120/><T108/><D108/><U7/><E124/><V128/><F128/><W54/><G1/><T41/><D71/><U81/><E81/><V85/><F96/><W98/><G98/><T74/><D74/><U131/><E131/><V29/><F29/><W101/><G101/><T59/><D41/><U121/><E110/><V27/><F27/><W107/><G107/><T22/><D13/><N who="1" m="5343" /><E121/><V75/><F75/><W104/><G104/><T123/><D33/><U28/><E28/><V35/><F35/><W11/><G70/><T111/><D111/><U46/><E46/><V106/><F106/><W58/><REACH who="3" step="1"/><G38/><REACH who="3" ten="373,145,390,82" step="2"/><T126/><D126/><U8/><E8/><AGARI ba="1,1" hai="3,5,8,11,14,17,40,47,49,54,58,63,112,115" machi="8" ten="30,5800,0" yaku="1,1,2,1,7,1,53,0" doraHai="122" doraHaiUra="62" who="3" fromWho="1" sc="373,0,145,-61,390,0,82,71" /><INIT seed="3,2,0,0,0,118" ten="373,84,390,153" oya="3" hai0="19,31,57,90,85,107,29,59,93,110,2,8,91" hai1="34,28,25,102,13,86,109,49,46,70,108,71,32" hai2="43,126,36,14,124,17,112,89,65,72,3,22,41" hai3="80,48,121,67,6,24,130,64,55,98,119,95,122"/><W1/><G119/><T11/><D107/><U101/><E34/><V96/><F112/><W113/><G113/><T56/><D110/><N who="1" m="42603" /><E86/><V23/><F3/><W87/><G24/><T75/><D75/><U27/><E13/><V45/><F72/><W76/><G6/><T135/><D135/><U61/><E27/><V84/><F65/><W82/><G1/><T132/><D132/><U7/><E7/><V50/><F96/><W120/><G82/><N who="0" m="49463" /><D2/><U5/><E5/><V12/><F43/><W116/><G130/><T88/><D91/><U40/><E61/><V44/><F44/><W33/><G33/><T83/><D83/><U60/><E60/><V79/><F79/><W26/><G26/><T77/><D77/><U115/><E115/><V78/><F78/><W4/><G4/><T94/><D94/><U128/><E128/><V47/><F47/><W66/><G116/><T134/><D134/><U97/><E102/><V54/><F84/><W9/><G9/><N who="0" m="3659" /><D19/><U100/><E101/><V0/><F0/><W73/><G73/><T42/><D42/><U131/><E131/><V105/><F89/><W125/><G125/><T103/><D103/><U35/><E35/><V62/><F105/><AGARI ba="2,0" hai="25,28,32,40,46,49,70,71,97,100,105" m="42603" machi="105" ten="30,1000,0" yaku="14,1" doraHai="118" who="1" fromWho="2" sc="373,0,84,16,390,-16,153,0" /><INIT seed="4,0,0,4,2,70" ten="373,100,374,153" oya="0" hai0="50,135,124,56,55,3,122,15,120,108,91,49,131" hai1="42,44,45,1,61,37,67,36,79,105,89,92,20" hai2="6,11,130,4,75,66,12,121,32,81,60,2,101" hai3="129,111,73,113,100,71,63,25,133,123,82,132,41"/><T9/><D3/><U35/><E35/><V27/><F121/><W112/><G25/><T90/><D108/><U109/><E109/><V118/><F101/><W69/><G111/><T19/><D131/><U18/><E105/><V30/><F130/><W84/><G73/><T83/><D135/><N who="3" m="51785" /><G129/><T65/><D124/><U96/><E79/><V107/><F107/><W102/><G123/><T86/><D65/><U99/><E1/><V98/><F98/><W134/><G41/><T47/><REACH who="0" step="1"/><D90/><REACH who="0" ten="363,100,374,153" step="2"/><U26/><E96/><V119/><F2/><W72/><G134/><T85/><D85/><U24/><E99/><V21/><F75/><W74/><G72/><T59/><D59/><U29/><E89/><V17/><F81/><W115/><G74/><T48/><D48/><U106/><E44/><V104/><F66/><N who="3" m="41183" /><G71/><T5/><D5/><U34/><E45/><V40/><F40/><AGARI ba="0,1" hai="9,15,19,40,47,49,50,55,56,83,86,91,120,122" machi="40" ten="30,5800,0" yaku="1,1,7,1,53,1" doraHai="70" doraHaiUra="14" who="0" fromWho="2" sc="363,68,100,0,374,-58,153,0" /><INIT seed="4,1,0,4,4,14" ten="431,100,316,153" oya="0" hai0="76,105,102,28,64,27,72,47,12,58,112,130,6" hai1="25,98,108,88,110,85,22,30,134,70,54,73,1" hai2="4,68,124,39,48,24,93,41,89,123,79,50,38" hai3="36,16,92,95,125,86,96,106,69,122,111,43,115"/><T77/><D130/><U57/><E134/><V44/><F123/><W32/><G69/><T65/><D112/><U61/><E73/><V53/><F124/><W132/><G32/><T10/><D105/><U87/><E1/><V97/><F68/><W2/><G2/><T45/><D102/><U63/><E98/><V94/><F79/><W80/><G111/><T26/><D72/><U126/><E87/><V129/><F129/><W74/><G74/><T82/><D27/><U84/><E84/><V131/><F131/><W133/><G115/><T51/><D47/><U20/><E126/><V29/><F94/><W100/><G125/><T7/><D7/><U34/><E34/><V71/><F71/><W31/><G31/><T9/><D9/><U46/><E46/><V19/><F4/><W5/><G5/><T52/><D82/><U60/><E22/><N who="2" m="13407" /><F29/><W103/><G122/><T11/><D11/><U42/><E42/><V128/><F128/><W55/><G43/><T49/><D65/><U101/><E101/><V33/><F33/><W78/><G103/><T107/><D107/><U113/><E113/><V3/><F3/><W75/><G75/><T120/><D120/><U109/><REACH who="1" step="1"/><E70/><REACH who="1" ten="431,90,316,153" step="2"/><V23/><F23/><W37/><G133/><T118/><D45/><U99/><E99/><V83/><F83/><AGARI ba="1,1" hai="20,25,30,54,57,60,61,63,83,85,88,108,109,110" machi="83" ten="40,2600,0" yaku="1,1,54,1,53,0" doraHai="14" doraHaiUra="127" who="1" fromWho="2" sc="431,0,90,39,316,-29,153,0" /><INIT seed="5,0,0,0,0,68" ten="431,129,287,153" oya="1" hai0="8,84,53,20,31,55,66,74,124,122,98,94,72" hai1="34,62,21,75,83,7,18,103,67,13,48,16,52" hai2="0,47,44,70,57,27,33,91,106,120,1,32,9" hai3="93,58,95,115,46,6,40,63,113,76,86,87,128"/><U3/><E34/><V41/><F70/><W134/><G128/><T37/><D37/><U110/><E110/><V11/><F106/><W100/><G6/><T45/><D124/><U116/><E116/><V28/><F33/><W118/><G118/><T82/><D122/><U135/><E135/><V30/><F30/><W19/><G19/><T36/><D66/><U117/><E117/><V2/><F120/><W133/><G100/><T38/><D8/><U125/><E125/><V108/><F108/><W127/><G127/><T80/><D45/><U119/><E119/><V114/><F114/><N who="3" m="43531" /><G76/><T50/><D50/><U29/><E103/><V12/><F57/><W5/><G5/><T85/><D94/><N who="3" m="35849" /><G58/><T104/><D20/><U126/><E126/><V121/><F91/><W90/><G63/><T49/><D49/><U77/><E29/><V71/><F71/><W65/><G65/><T51/><D51/><U24/><E3/><V54/><F121/><W111/><G111/><T131/><D31/><U78/><E7/><V88/><F88/><W60/><G60/><T109/><D109/><U130/><E130/><V81/><F81/><N who="3" m="49487" /><G87/><T39/><D131/><U10/><E78/><V101/><F101/><W25/><G25/><T132/><D132/><U97/><E97/><V23/><F54/><W123/><G123/><T15/><D98/><U99/><E99/><V14/><F47/><W69/><G69/><T64/><D74/><U35/><E35/><V22/><F44/><W96/><G96/><T26/><D72/><U79/><E79/><V92/><F32/><W105/><G105/><RYUUKYOKU ba="0,0" sc="431,-10,129,-10,287,-10,153,30" hai3="40,46,133,134" /><INIT seed="6,1,0,0,4,7" ten="421,119,277,183" oya="2" hai0="36,82,1,47,102,55,40,39,72,107,132,62,51" hai1="122,5,58,100,104,73,59,121,81,50,101,13,92" hai2="70,129,131,106,134,28,88,26,74,64,66,35,43" hai3="27,115,22,42,56,2,77,16,52,78,98,4,34"/><V89/><F74/><W83/><G115/><T99/><D132/><U32/><E32/><V117/><F117/><W54/><G42/><T25/><D1/><U20/><E104/><V71/><F43/><W53/><G34/><T133/><D133/><U6/><E20/><V123/><F123/><N who="1" m="47113" /><E50/><V97/><F134/><W119/><G119/><T41/><D41/><U116/><E116/><V48/><F48/><W30/><G98/><T9/><D9/><N who="1" m="4271" /><E6/><V11/><F11/><W37/><G37/><T94/><D107/><U46/><E46/><V111/><F111/><W95/><G4/><T15/><D15/><U93/><E93/><V109/><F109/><W63/><G2/><T31/><D72/><U44/><E44/><V110/><F110/><W86/><G95/><T69/><D82/><U91/><E81/><V80/><F80/><W38/><G38/><T14/><D14/><U113/><E73/><V114/><F114/><W130/><G130/><T120/><D120/><U19/><E19/><V23/><F23/><W33/><REACH who="3" step="1"/><G77/><REACH who="3" ten="421,119,277,173" step="2"/><T45/><D39/><U67/><E113/><V60/><F131/><W10/><G10/><T29/><D36/><U90/><E90/><V61/><F129/><W96/><G96/><T87/><D99/><N who="1" m="57759" /><E67/><V79/><F79/><W103/><G103/><AGARI ba="1,1" hai="58,59,100,101,103" m="57759,4271,47113" machi="103" ten="30,2000,0" yaku="13,1,52,1" doraHai="7" who="1" fromWho="3" sc="421,0,119,33,277,0,173,-23" /><AGARI ba="1,0" hai="26,28,35,60,61,64,66,70,71,88,89,97,103,106" machi="103" ten="40,12000,1" yaku="9,1,25,2,54,1" doraHai="7" who="2" fromWho="3" sc="421,0,152,0,277,120,150,-120" /><INIT seed="6,2,0,0,3,85" ten="421,152,397,30" oya="2" hai0="127,25,75,1,27,82,62,5,45,11,37,61,35" hai1="124,8,54,113,79,107,94,71,134,9,40,78,69" hai2="96,99,6,0,118,72,122,50,129,38,33,110,16" hai3="60,111,135,14,98,23,52,87,18,92,86,83,51"/><V97/><F38/><W56/><G135/><T48/><D127/><U24/><E107/><V112/><F72/><W114/><G111/><T123/><D123/><U41/><E94/><V74/><F74/><W39/><G39/><T31/><D27/><U58/><E24/><V4/><F33/><W131/><G131/><T49/><D49/><U103/><E58/><V22/><F0/><W20/><G114/><T30/><D30/><U125/><E54/><V90/><F118/><W77/><G87/><T73/><D73/><U34/><E103/><V108/><F122/><W43/><G43/><N who="0" m="22767" /><D48/><U2/><E2/><V26/><F129/><W116/><G116/><T105/><D105/><U65/><E65/><V67/><F67/><W76/><G76/><AGARI ba="2,0" hai="1,5,11,25,31,35,61,62,75,76,82" m="22767" machi="76" ten="30,1000,0" yaku="25,1" doraHai="85" who="0" fromWho="3" sc="421,16,152,0,397,0,30,-16" /><INIT seed="7,0,0,1,3,57" ten="437,152,397,14" oya="3" hai0="122,65,69,66,97,7,62,79,87,32,113,107,130" hai1="93,53,124,60,63,71,9,109,27,43,112,111,89" hai2="4,16,45,131,116,135,82,98,115,86,13,128,15" hai3="25,134,30,12,90,49,133,108,103,22,75,40,95"/><W99/><G75/><T48/><D122/><U119/><E43/><V6/><F116/><W14/><G108/><T73/><D66/><U47/><E119/><V81/><F98/><W28/><G28/><T31/><D48/><N who="1" m="28831" /><E71/><V8/><F115/><W76/><G76/><T94/><D87/><U55/><E124/><V29/><F29/><W72/><G72/><T80/><D94/><U21/><E112/><V127/><F127/><W46/><REACH who="3" step="1"/><G103/><REACH who="3" ten="437,152,397,4" step="2"/><T74/><D79/><U23/><E109/><V132/><F132/><AGARI ba="0,1" hai="12,14,22,25,30,40,46,49,90,95,99,132,133,134" machi="132" ten="40,12000,1" yaku="1,1,2,1,20,1,53,1" doraHai="57" doraHaiUra="36" who="3" fromWho="2" sc="437,0,152,0,397,-120,4,130" /><INIT seed="7,1,0,3,1,4" ten="437,152,277,134" oya="3" hai0="35,67,89,65,47,115,101,114,78,97,119,24,113" hai1="40,90,66,124,51,133,135,28,132,33,39,44,84" hai2="131,29,54,71,76,36,23,17,26,69,95,82,118" hai3="134,130,96,0,70,94,3,98,129,55,99,34,122"/><W105/><G105/><T48/><D119/><U59/><E124/><V27/><F36/><W46/><G34/><T13/><D78/><U16/><E16/><V108/><F108/><W41/><G70/><T81/><D13/><U128/><E128/><N who="3" m="49258" /><G122/><T64/><D89/><U116/><E116/><V77/><F131/><W86/><G55/><N who="0" m="30111" /><D81/><N who="1" m="49423" /><E66/><V110/><F118/><W42/><G134/><T109/><D109/><U61/><E61/><V43/><F110/><W79/><G41/><T127/><D127/><U85/><E85/><V103/><F43/><W120/><G120/><T21/><D35/><U19/><E19/><V107/><F54/><W63/><G63/><T10/><D10/><U72/><E72/><V88/><F69/><W22/><G22/><T45/><D45/><U123/><E123/><V58/><F71/><W2/><G79/><T83/><D83/><U74/><E74/><V56/><F107/><W93/><G86/><T30/><D67/><U14/><E14/><V62/><F62/><W15/><G15/><T125/><D125/><U6/><E6/><V18/><F77/><W126/><G126/><T32/><D32/><U100/><E100/><V111/><F111/><W57/><G57/><T68/><D68/><U38/><E59/><V50/><F58/><W31/><G31/><T37/><D37/><AGARI ba="1,0" hai="0,2,3,37,42,46,93,94,96,98,99" m="49258" machi="37" ten="40,2000,0" yaku="19,1" doraHai="4" who="3" fromWho="0" sc="437,-23,152,0,277,0,134,23" /><INIT seed="7,2,0,1,1,43" ten="414,152,277,157" oya="3" hai0="70,14,107,91,78,105,113,9,92,124,132,111,27" hai1="75,45,102,16,17,100,93,19,55,101,73,34,47" hai2="32,29,86,67,90,74,50,106,56,108,125,23,20" hai3="110,71,95,2,118,81,5,53,6,94,58,131,119"/><W22/><G71/><T69/><D111/><U129/><E129/><V65/><F108/><W97/><G110/><T15/><D78/><U89/><E34/><V48/><F74/><W54/><G131/><T51/><D27/><U127/><E127/><V98/><F32/><W60/><G2/><T117/><D117/><U42/><E55/><V0/><F0/><W88/><G118/><T114/><D51/><U18/><N who="1" m="4096" /><DORA hai="66" /><U4/><E4/><V64/><F125/><W37/><G37/><T115/><D132/><U24/><E24/><V10/><F10/><W1/><G22/><T44/><D44/><U133/><E133/><V109/><F109/><W3/><G119/><T36/><D36/><U39/><REACH who="1" step="1"/><E45/><REACH who="1" ten="414,142,277,157" step="2"/><V31/><F23/><W49/><G3/><T121/><D124/><U7/><E7/><V112/><F20/><W41/><G1/><T126/><D126/><U128/><E128/><V96/><F29/><W8/><G41/><T63/><D114/><U130/><E130/><V26/><F31/><W80/><G95/><T35/><D92/><U46/><E46/><V68/><F26/><W99/><G99/><AGARI ba="2,1" hai="39,42,47,73,75,89,93,99,100,101,102" m="4096" machi="99" ten="50,12000,2" yaku="1,1,52,1,54,1,53,4" doraHai="43,66" doraHaiUra="21,12" who="1" fromWho="3" sc="414,0,142,136,277,0,157,-126" owari="414,51.0,278,8.0,277,-12.0,31,-47.0" /></mjloggm>