<mjloggm ver="2.3"><GO type="41" lobby="0"/><UN n0="%6F%70%65%72%61%5F%78%70" n1="%E8%AC%8E%E3%81%AE%E3%81%AB%E3%82%87%E3%81%91" n2="%E5%B0%B1%E6%B4%BB%E7%94%9F%40%E5%B7%9D%E6%9D%91%E8%BB%8D%E5%9B%A3" n3="%74%61%6B%65%75" dan="14,15,17,13" rate="1861.79,2019.32,2203.83,1894.25" sx="M,M,M,M"/><TAIKYOKU oya="0"/><INIT seed="0,0,0,5,5,105" ten="250,250,250,250" oya="0" hai0="94,8,34,14,99,121,76,90,21,112,63,48,95" hai1="40,55,0,118,52,43,1,23,19,87,101,38,128" hai2="82,17,30,79,74,109,35,135,104,107,106,127,75" hai3="28,62,113,102,80,134,6,116,25,120,3,93,37"/><T61/><D121/><U70/><E118/><V96/><F109/><W57/><G116/><T92/><D34/><U11/><E70/><V49/><F127/><W41/><G120/><T4/><D112/><U18/><E101/><V124/><F124/><W2/><G113/><T7/><D76/><U10/><E87/><V78/><F135/><W132/><G37/><T85/><D4/><U133/><E23/><V122/><F122/><W12/><G41/><T16/><D48/><U123/><E123/><V66/><F66/><W47/><G47/><T110/><D94/><U71/><E71/><V9/><F49/><W125/><G125/><T98/><D110/><U68/><E68/><V5/><F17/><W67/><G80/><T88/><D85/><U56/><E56/><V24/><F96/><W31/><G12/><AGARI ba="0,0" hai="7,8,12,14,16,21,61,63,88,90,92,95,98,99" machi="12" ten="30,12000,1" yaku="7,1,9,1,8,1,54,2" doraHai="105" who="0" fromWho="3" sc="250,120,250,0,250,0,250,-120" /><INIT seed="0,1,0,5,3,18" ten="370,250,250,130" oya="0" hai0="49,59,15,120,99,80,63,26,127,1,25,94,75" hai1="79,20,23,32,33,2,13,86,103,83,128,68,41" hai2="114,122,64,60,117,85,45,116,71,121,65,119,11" hai3="108,16,126,4,61,91,35,5,56,48,124,135,17"/><T12/><D120/><N who="2" m="46186" /><F11/><W24/><G48/><T78/><D1/><U70/><E2/><V110/><F85/><W55/><G108/><T38/><D38/><U125/><E128/><V90/><F90/><W9/><G135/><T62/><D127/><N who="3" m="48681" /><G91/><T29/><D49/><U118/><E118/><V50/><F65/><W27/><G5/><T131/><D131/><U133/><E133/><V93/><F93/><W34/><G55/><T95/><D95/><U105/><E125/><V104/><F104/><W6/><G56/><T40/><D40/><U3/><E3/><V28/><F28/><W47/><G61/><T98/><D62/><U8/><E41/><N who="2" m="24879" /><F110/><W46/><G47/><T31/><D26/><N who="3" m="9769" /><G46/><T112/><D112/><AGARI ba="1,0" hai="60,64,71,112,114,116,117,119" m="24879,46186" machi="112" ten="40,5200,0" yaku="12,1,34,2" doraHai="18" who="2" fromWho="0" sc="370,-55,250,0,250,55,130,0" /><INIT seed="1,0,0,0,5,84" ten="315,250,305,130" oya="1" hai0="17,116,52,7,112,117,70,122,126,3,21,108,83" hai1="118,18,23,104,135,53,13,36,10,49,124,37,63" hai2="119,91,77,20,80,32,110,125,93,42,68,46,133" hai3="107,2,98,76,58,39,115,85,129,44,66,97,103"/><U28/><E118/><V105/><F32/><W87/><G2/><T43/><D70/><U113/><E113/><V101/><F125/><W132/><G115/><T130/><D112/><U48/><E104/><V38/><F119/><W90/><G39/><T11/><D126/><U8/><E124/><V47/><F110/><W109/><G44/><T71/><D71/><U106/><E106/><V114/><F133/><W73/><G66/><T88/><D108/><U1/><E1/><V82/><F114/><W30/><G58/><T92/><D122/><U111/><E135/><V96/><F68/><W25/><G25/><T69/><D69/><U50/><E111/><V57/><F57/><W134/><G30/><T45/><D130/><U14/><E63/><V35/><F35/><W72/><G129/><T86/><D83/><U67/><E67/><V16/><F47/><W81/><G109/><T9/><D9/><U27/><REACH who="1" step="1"/><E53/><REACH who="1" ten="315,240,305,130" step="2"/><V26/><REACH who="2" step="1"/><F77/><REACH who="2" ten="315,240,295,130" step="2"/><W100/><G132/><T89/><D116/><U54/><E54/><V62/><F62/><W120/><G134/><T5/><D117/><U34/><E34/><V41/><F41/><W31/><G120/><T131/><D131/><U61/><E61/><V95/><F95/><N who="3" m="54751" /><G31/><T56/><D43/><U19/><AGARI ba="0,2" hai="8,10,13,14,18,19,23,27,28,36,37,48,49,50" machi="19" ten="30,12000,1" yaku="1,1,0,1,9,1,53,2" doraHai="84" doraHaiUra="15" who="1" fromWho="1" sc="315,-40,240,140,295,-40,130,-40" /><INIT seed="1,1,0,3,0,113" ten="275,380,255,90" oya="1" hai0="10,105,5,94,34,99,21,135,32,70,16,68,26" hai1="76,78,56,67,53,60,72,92,45,74,11,15,0" hai2="35,127,91,2,108,58,100,83,97,6,46,27,33" hai3="20,130,43,115,31,8,55,18,39,75,124,38,98"/><U57/><E0/><V25/><F108/><W111/><G111/><T89/><D105/><U44/><E72/><V129/><F129/><W9/><G115/><T19/><D135/><U82/><E78/><V88/><F127/><W121/><G130/><T29/><D32/><U73/><E73/><V80/><F46/><W24/><G124/><T64/><D64/><U77/><E76/><V131/><F131/><W93/><G121/><T65/><D19/><U96/><E57/><V95/><F58/><W40/><G75/><T22/><D65/><U120/><E120/><V17/><F6/><W59/><G38/><T23/><REACH who="0" step="1"/><D5/><REACH who="0" ten="265,380,255,90" step="2"/><U103/><E67/><V7/><F17/><AGARI ba="1,1" hai="11,15,17,44,45,53,56,60,74,77,82,92,96,103" machi="17" ten="30,1500,0" yaku="7,1" doraHai="113" who="1" fromWho="2" sc="265,0,380,28,255,-18,90,0" /><INIT seed="1,2,0,0,1,62" ten="265,408,237,90" oya="1" hai0="130,84,2,49,25,102,15,128,126,51,11,43,135" hai1="71,6,16,78,89,68,21,82,44,26,56,61,114" hai2="80,121,117,88,60,33,90,9,104,1,95,111,119" hai3="54,59,81,96,76,28,75,18,7,41,133,32,101"/><U123/><E114/><V87/><F104/><W22/><G133/><T12/><D2/><U72/><E123/><V97/><F121/><W10/><G32/><T91/><D102/><U112/><E6/><V105/><F33/><W83/><G28/><T37/><D37/><U31/><E112/><V132/><F132/><W74/><G41/><T52/><D25/><U47/><E68/><V77/><F111/><W106/><G81/><T64/><D135/><U36/><E71/><V13/><F1/><W29/><G29/><T24/><D24/><U110/><E36/><V0/><F0/><W94/><G106/><T53/><D43/><U45/><E110/><V79/><F105/><W73/><G7/><T57/><D126/><U125/><E125/><V113/><F113/><W116/><G10/><T93/><D128/><U34/><E89/><V50/><F50/><N who="0" m="18954" /><D130/><U17/><REACH who="1" step="1"/><E34/><REACH who="1" ten="265,398,237,90" step="2"/><V115/><F115/><W122/><G122/><T23/><D91/><U129/><E129/><V38/><F38/><W8/><G116/><T42/><D42/><U30/><E30/><V67/><F117/><W66/><G8/><T85/><D11/><U58/><E58/><N who="2" m="37271" /><F119/><W14/><REACH who="3" step="1"/><G54/><AGARI ba="2,1" hai="16,17,21,26,31,44,45,47,54,56,61,72,78,82" machi="54" ten="40,7700,0" yaku="1,1,54,1,53,1" doraHai="62" doraHaiUra="19" who="1" fromWho="3" sc="265,0,398,93,237,0,90,-83" /><INIT seed="1,3,0,2,4,128" ten="265,491,237,7" oya="1" hai0="47,114,48,66,30,54,86,43,44,100,95,83,81" hai1="24,91,6,28,15,59,7,36,75,45,127,79,0" hai2="20,70,67,68,46,107,87,124,4,120,21,14,33" hai3="90,77,60,23,65,88,39,19,26,92,49,29,17"/><U110/><E0/><V135/><F33/><W116/><G39/><T41/><D114/><U131/><E131/><V3/><F120/><W25/><G116/><T121/><D121/><U78/><E127/><V52/><F107/><W13/><G77/><T12/><D66/><U57/><E75/><V63/><F124/><W132/><G132/><T1/><D1/><U73/><E73/><V72/><F72/><W42/><G65/><T117/><D117/><U94/><E45/><V50/><F135/><W119/><G119/><T32/><D32/><U109/><E36/><V64/><F3/><W101/><G60/><T103/><D30/><U74/><E79/><V11/><REACH who="2" step="1"/><F87/><REACH who="2" ten="265,491,227,7" step="2"/><W118/><G118/><T2/><D86/><N who="1" m="52599" /><E74/><V104/><F104/><W27/><G42/><T105/><D2/><U22/><E110/><V108/><F108/><W123/><G123/><T113/><D43/><U51/><E109/><V106/><F106/><W129/><G129/><T80/><D41/><U61/><E15/><V125/><F125/><W96/><G49/><T71/><D48/><U31/><E51/><V62/><AGARI ba="3,1" hai="4,11,14,20,21,46,50,52,62,63,64,67,68,70" machi="62" ten="30,7900,0" yaku="1,1,0,1,9,1,54,1,53,0" doraHai="128" doraHaiUra="102" who="2" fromWho="2" sc="265,-23,491,-42,227,98,7,-23" owari="242,-16.0,449,55.0,325,13.0,-16,-52.0" /></mjloggm>