<mjloggm ver="2.3"><GO type="169" lobby="0"/><UN n0="%E6%97%A9%E7%94%B0%E9%80%B2" n1="%E3%83%80%E3%83%81%E3%83%A7%E3%82%A6%E3%81%AE%E5%8D%B5" n2="%7A%65%61%6C%E2%88%AB" n3="%E5%B0%B1%E6%B4%BB%E7%94%9F%40%E5%B7%9D%E6%9D%91%E8%BB%8D%E5%9B%A3" dan="16,16,16,17" rate="2124.30,2053.29,2118.02,2202.07" sx="M,M,M,M"/><TAIKYOKU oya="0"/><INIT seed="0,0,0,1,4,79" ten="250,250,250,250" oya="0" hai0="133,1,99,48,36,10,131,45,114,17,98,130,73" hai1="67,25,0,11,15,20,86,50,47,22,124,96,106" hai2="9,112,71,14,57,16,90,83,63,126,115,23,125" hai3="19,101,85,44,53,13,24,28,111,8,3,72,91"/><T95/><D114/><U64/><E0/><V135/><F71/><W32/><G72/><T105/><D36/><U120/><E120/><V110/><F110/><W84/><G111/><T5/><D73/><U122/><E122/><V39/><F39/><W52/><G101/><T82/><D105/><U121/><E121/><V41/><F41/><W97/><G97/><T54/><D133/><U87/><E124/><N who="2" m="47723" /><F135/><W4/><G44/><T69/><D69/><U46/><E96/><V61/><F61/><W56/><G56/><T116/><D116/><U74/><E106/><V31/><F31/><W89/><G85/><T119/><D119/><U100/><E100/><V42/><F42/><W102/><G102/><T80/><D99/><U38/><E38/><V88/><F9/><W94/><REACH who="3" step="1"/><G89/><REACH who="3" ten="250,250,250,240" step="2"/><N who="0" m="55663" /><D17/><U66/><E74/><V37/><F90/><W7/><G7/><T81/><D131/><U132/><E132/><V29/><F37/><W51/><G51/><T27/><D130/><U2/><E50/><V118/><F118/><W104/><G104/><T21/><D1/><U68/><E2/><V30/><F115/><W40/><G40/><T113/><D113/><U108/><E108/><V103/><F103/><W34/><G34/><T62/><D62/><U55/><E86/><N who="2" m="50271" /><F112/><W60/><G60/><T134/><D134/><U109/><E87/><V65/><AGARI ba="0,1" hai="14,16,23,29,30,57,63,65" m="50271,47723" machi="65" ten="30,7900,0" yaku="18,1,52,1,54,2" doraHai="79" who="2" fromWho="2" sc="250,-39,250,-20,250,89,240,-20" /><INIT seed="1,0,0,5,3,109" ten="211,230,339,220" oya="1" hai0="16,35,102,29,75,81,56,42,104,86,97,85,41" hai1="132,94,128,0,68,25,33,84,129,34,124,26,58" hai2="21,66,65,23,46,18,108,22,74,14,50,116,73" hai3="31,3,99,78,2,47,98,11,69,7,38,20,36"/><U64/><E68/><V60/><F116/><W123/><G3/><T30/><D75/><U8/><E64/><V10/><F108/><W106/><G123/><T130/><D130/><N who="1" m="50283" /><E58/><V107/><F107/><W120/><G120/><T15/><D56/><U114/><E84/><V103/><F103/><W6/><G6/><T61/><D61/><U32/><E94/><V57/><REACH who="2" step="1"/><F66/><REACH who="2" ten="211,230,329,220" step="2"/><W134/><G106/><T101/><D101/><U72/><E124/><V37/><F37/><W127/><G127/><T111/><D111/><U5/><E72/><V62/><F62/><W118/><G36/><T48/><D48/><U121/><E121/><V133/><F133/><W115/><G38/><T19/><D104/><U51/><E51/><V77/><F77/><W67/><G118/><T113/><D102/><U9/><E132/><V87/><F87/><W126/><G134/><T95/><D86/><U52/><E52/><AGARI ba="0,1" hai="10,14,18,21,22,23,46,50,52,57,60,65,73,74" machi="52" ten="40,2600,0" yaku="1,1,54,1,53,0" doraHai="109" doraHaiUra="91" who="2" fromWho="1" sc="211,0,230,-26,329,36,220,0" /><INIT seed="2,0,0,1,1,20" ten="211,204,365,220" oya="2" hai0="27,123,103,74,11,95,2,98,28,72,30,7,19" hai1="8,39,102,23,63,106,84,94,46,34,82,119,83" hai2="54,91,96,128,12,60,79,86,85,67,58,89,75" hai3="29,22,68,108,50,1,38,120,26,25,13,24,130"/><V62/><F128/><W40/><G38/><T105/><D123/><U100/><E34/><V55/><F75/><W88/><G120/><T10/><D74/><U4/><E106/><V129/><F129/><W17/><G1/><T112/><D72/><U127/><E119/><V61/><F96/><W109/><G68/><T114/><D105/><U32/><E32/><V113/><F113/><W116/><G130/><T37/><D37/><U16/><E63/><V33/><F33/><W87/><G116/><T131/><D131/><U6/><E127/><V107/><F107/><W44/><REACH who="3" step="1"/><G29/><REACH who="3" ten="211,204,365,210" step="2"/><T73/><D112/><U115/><E115/><V56/><F67/><W122/><G122/><T132/><D132/><U21/><E39/><V5/><F62/><W118/><G118/><T66/><D114/><U76/><E82/><AGARI ba="0,1" hai="13,17,22,24,25,26,40,44,50,82,87,88,108,109" machi="82" ten="40,8000,1" yaku="1,1,52,3,54,1,53,0" doraHai="20" doraHaiUra="49" who="3" fromWho="1" sc="211,0,204,-80,365,0,210,90" /><INIT seed="3,0,0,3,0,131" ten="211,124,365,300" oya="3" hai0="28,9,116,115,60,32,0,26,57,119,132,111,90" hai1="19,24,30,69,134,77,51,12,46,64,37,23,87" hai2="59,104,55,43,3,75,100,99,120,11,71,54,96" hai3="45,44,84,102,110,29,128,13,61,27,63,103,73"/><W79/><G73/><T94/><D111/><U68/><E37/><V36/><F71/><W107/><G128/><T76/><D76/><U52/><E64/><V85/><F75/><W72/><G72/><T83/><D115/><U7/><E7/><V31/><F31/><W86/><G110/><T33/><D33/><U17/><E17/><V6/><F99/><W21/><G107/><T127/><D127/><U50/><E50/><V112/><F120/><W91/><G13/><T65/><D83/><U14/><E14/><V130/><F85/><W80/><G45/><T53/><D119/><U105/><E105/><V92/><F104/><W78/><G78/><T118/><D118/><U81/><REACH who="1" step="1"/><E134/><REACH who="1" ten="211,114,365,300" step="2"/><V74/><F36/><W88/><G44/><T18/><D116/><U93/><E93/><V42/><F92/><W41/><G41/><T58/><D132/><U2/><E2/><V95/><F3/><W106/><G106/><T66/><D66/><U62/><E62/><V89/><F95/><W48/><G48/><T133/><D133/><U125/><E125/><V114/><F43/><W122/><G122/><T97/><D0/><U124/><E124/><V108/><F42/><W34/><G63/><N who="0" m="36271" /><D18/><U15/><E15/><V126/><F126/><W67/><G61/><T40/><D40/><U121/><E121/><V113/><F113/><W5/><G67/><T10/><D10/><AGARI ba="0,1" hai="10,12,19,23,24,30,46,51,52,68,69,77,81,87" machi="10" ten="30,3900,0" yaku="1,1,7,1,54,1,53,0" doraHai="131" doraHaiUra="39" who="1" fromWho="0" sc="211,-39,114,49,365,0,300,0" /><INIT seed="4,0,0,0,4,19" ten="172,163,365,300" oya="0" hai0="126,40,89,114,63,68,14,110,37,80,120,100,92" hai1="81,115,48,52,17,45,62,9,30,85,77,75,66" hai2="73,2,10,122,108,16,135,34,113,55,7,94,96" hai3="27,123,1,41,97,60,93,51,117,87,43,12,86"/><T79/><D120/><U106/><E106/><V95/><F108/><W24/><G1/><T42/><D110/><U69/><E115/><V57/><F135/><W47/><G117/><T134/><D134/><U132/><E132/><V6/><F73/><W21/><G123/><T23/><D114/><U38/><E30/><V0/><F34/><W102/><G41/><T44/><D126/><U35/><E35/><V36/><F36/><W5/><G60/><T28/><D100/><U131/><E131/><V67/><F67/><W82/><G86/><T20/><D42/><U33/><E33/><V78/><F78/><W26/><G5/><T130/><D130/><U124/><E124/><V128/><F6/><W76/><REACH who="3" step="1"/><G12/><REACH who="3" ten="172,163,365,290" step="2"/><T84/><D63/><U54/><E75/><V107/><F7/><W25/><G25/><T65/><D14/><U72/><E72/><V74/><F2/><W71/><G71/><T61/><REACH who="0" step="1"/><D28/><AGARI ba="0,1" hai="21,24,26,27,28,43,47,51,76,82,87,93,97,102" machi="28" ten="30,7700,0" yaku="1,1,7,1,8,1,52,1,53,0" doraHai="19" doraHaiUra="8" who="3" fromWho="0" sc="172,-77,163,0,365,0,290,87" /><INIT seed="5,0,0,2,4,106" ten="95,163,365,377" oya="1" hai0="120,134,68,75,39,82,123,130,116,48,79,121,25" hai1="1,127,50,81,5,105,45,64,16,6,55,125,71" hai2="40,26,53,86,91,51,114,108,124,42,46,102,128" hai3="2,104,135,21,69,67,118,35,56,41,83,133,97"/><U66/><E105/><V129/><F108/><W100/><G35/><T111/><D111/><U14/><E1/><V80/><F124/><N who="1" m="47689" /><E81/><V13/><F114/><W36/><G2/><T37/><D116/><U24/><E24/><V4/><F102/><W101/><G101/><T17/><D130/><N who="2" m="50282" /><F26/><W115/><G115/><T62/><D134/><N who="3" m="51209" /><G118/><T93/><D93/><U88/><E88/><V59/><F46/><N who="3" m="23847" /><G83/><T87/><D87/><U65/><E71/><V117/><F117/><W44/><G44/><T92/><D92/><U7/><E7/><V22/><F4/><W98/><G98/><T30/><D48/><U63/><E63/><V0/><F0/><W89/><G89/><T109/><D17/><AGARI ba="0,0" hai="13,17,22,40,42,51,53,59,80,86,91" m="50282" machi="17" ten="30,1000,0" yaku="19,1" doraHai="106" who="2" fromWho="0" sc="95,-10,163,0,365,10,377,0" /><INIT seed="6,0,0,2,2,81" ten="85,163,375,377" oya="2" hai0="82,68,16,74,109,118,17,84,25,97,71,50,7" hai1="127,108,89,21,90,72,12,63,46,15,0,66,88" hai2="6,26,57,52,80,47,48,135,99,38,61,62,35" hai3="73,117,83,59,19,65,93,28,87,11,78,106,107"/><V53/><F135/><W124/><G117/><T100/><D109/><U39/><E0/><V32/><F6/><W5/><G124/><T36/><D36/><U129/><E72/><V64/><F26/><W102/><G28/><T116/><D74/><U131/><E108/><V132/><F132/><W96/><G19/><N who="0" m="7243" /><D25/><U121/><E121/><V115/><F115/><W94/><G94/><N who="0" m="58423" /><D7/><U128/><E21/><V37/><F37/><W86/><G106/><T51/><D71/><N who="1" m="42463" /><E127/><V14/><F14/><W92/><G92/><T104/><D104/><U58/><E58/><V54/><F38/><W125/><G125/><T113/><D68/><U44/><E39/><V123/><F123/><W31/><G31/><T110/><D110/><U103/><E103/><V111/><F111/><W20/><G20/><T27/><D113/><U98/><E98/><V45/><F99/><W70/><G70/><T33/><D33/><U10/><E10/><V24/><F24/><W105/><G105/><T23/><D23/><U114/><E114/><V101/><F101/><W41/><G107/><T85/><D27/><U55/><E12/><V60/><F35/><W3/><G41/><T134/><D134/><U1/><E1/><V75/><F32/><W49/><REACH who="3" step="1"/><G65/><REACH who="3" ten="85,163,375,367" step="2"/><T95/><D116/><U122/><E122/><V30/><F64/><W119/><G119/><T67/><D67/><U2/><E128/><V29/><F29/><W120/><G120/><T79/><D118/><U77/><E129/><V13/><F30/><W40/><G40/><T112/><D112/><U133/><E131/><V9/><F75/><RYUUKYOKU ba="0,1" sc="85,15,163,-15,375,-15,367,15" hai0="50,51,79,82,84,85,95" hai3="3,5,11,49,59,73,78,83,86,87,93,96,102" /><INIT seed="7,1,1,4,0,62" ten="100,148,360,382" oya="3" hai0="68,50,25,125,87,123,19,38,107,51,75,122,94" hai1="55,126,131,86,102,106,33,99,66,113,74,48,21" hai2="54,101,23,97,31,95,109,32,26,121,15,29,20" hai3="28,79,34,41,103,46,92,91,9,44,63,132,116"/><W115/><G116/><T110/><D107/><U72/><E33/><V100/><F109/><W90/><G115/><T84/><D75/><U130/><E66/><V105/><F121/><W30/><G132/><T71/><D38/><U45/><E113/><V98/><F31/><N who="3" m="11819" /><G34/><T60/><D110/><U4/><E106/><V118/><F118/><W10/><G79/><T119/><D119/><U43/><E126/><V112/><F112/><W6/><G6/><T77/><D125/><U96/><E86/><V133/><F133/><W61/><G103/><T14/><D25/><U135/><E135/><V120/><F120/><W53/><G91/><T93/><D77/><U8/><E21/><V35/><REACH who="2" step="1"/><F54/><REACH who="2" ten="100,148,350,382" step="2"/><W117/><G117/><T1/><D1/><U78/><E55/><V12/><F12/><W37/><G37/><T70/><D14/><U104/><E130/><V3/><F3/><W5/><G53/><T24/><D24/><U58/><E131/><V128/><F128/><W134/><G134/><T59/><D71/><U52/><E52/><V67/><F67/><W56/><G56/><T39/><D39/><U13/><E58/><V40/><F40/><W42/><G42/><T89/><D59/><U47/><E43/><V22/><F22/><W69/><G69/><T114/><D114/><U65/><E65/><V127/><F127/><W27/><G27/><T36/><D36/><U0/><E0/><V16/><AGARI ba="1,2" hai="15,16,20,23,26,29,32,35,95,97,98,100,101,105" machi="16" ten="30,4000,0" yaku="1,1,0,1,54,1,53,0" doraHai="62" doraHaiUra="80" who="2" fromWho="2" sc="100,-11,148,-11,350,63,382,-21" owari="89,-41.0,137,-26.0,413,51.0,361,16.0" /></mjloggm>