<mjloggm ver="2.3"><GO type="169" lobby="0"/><UN n0="%6B%6F%6A%69%6D%6F%6E%39" n1="%E3%83%94%E3%83%B3%E3%82%AF%E3%81%AE%E3%81%84%E3%81%BC%E3%81%84%E3%81%BC" n2="%E3%83%9E%E3%83%88%E3%83%AA%E3%83%83%E3%82%AF%E3%82%B9" n3="%E3%82%A6%E3%83%AB%E3%83%88%E3%83%A9%E7%AB%8B%E7%9B%B4" dan="16,16,17,16" rate="2143.32,2122.78,2247.09,2121.64" sx="M,M,M,M"/><TAIKYOKU oya="0"/><INIT seed="0,0,0,0,0,112" ten="250,250,250,250" oya="0" hai0="40,109,24,94,0,23,122,104,92,117,61,72,69" hai1="102,18,88,20,14,100,34,125,127,4,108,66,135" hai2="17,53,42,9,129,110,89,44,50,77,5,47,63" hai3="30,56,86,90,120,35,64,132,41,15,3,82,99"/><T67/><D122/><U32/><E108/><V133/><F110/><W74/><G3/><T31/><D0/><U60/><E4/><V98/><F129/><W113/><G113/><T79/><D104/><U13/><E13/><V71/><F133/><W83/><G132/><T22/><D109/><U2/><E2/><V103/><F77/><W46/><G120/><T65/><D40/><U131/><E131/><V58/><F89/><W97/><G35/><T26/><D67/><U7/><E7/><V1/><F71/><W19/><G30/><T70/><D70/><U37/><E37/><V12/><F47/><W57/><G82/><T119/><D79/><U124/><E135/><V107/><F1/><W114/><G74/><T81/><D81/><U51/><E51/><V105/><F5/><W16/><G19/><T10/><D10/><U96/><E100/><V38/><REACH who="2" step="1"/><F107/><REACH who="2" ten="250,250,240,250" step="2"/><W11/><G114/><T25/><D72/><U101/><E101/><V123/><F123/><W75/><G75/><T62/><D69/><N who="1" m="42183" /><E88/><V8/><F8/><W121/><G121/><T111/><D111/><U126/><E126/><V118/><F118/><N who="0" m="45066" /><D31/><U80/><E80/><V73/><F73/><W29/><G29/><T49/><D65/><U52/><E127/><V6/><F6/><W33/><G64/><T78/><D78/><U68/><E68/><V134/><F134/><W36/><REACH who="3" step="1"/><G33/><REACH who="3" ten="250,250,240,240" step="2"/><T93/><D49/><AGARI ba="0,2" hai="9,12,17,38,42,44,49,50,53,58,63,98,103,105" machi="49" ten="40,2600,0" yaku="1,1,53,1" doraHai="112" doraHaiUra="39" who="2" fromWho="0" sc="250,-26,250,0,240,46,240,0" /><INIT seed="1,0,0,1,3,46" ten="224,250,286,240" oya="1" hai0="82,98,31,107,89,37,44,91,127,111,54,52,124" hai1="115,66,3,41,87,73,85,104,49,79,33,120,11" hai2="103,90,97,121,56,135,131,15,62,50,43,128,125" hai3="51,77,112,119,13,70,6,32,84,38,17,108,19"/><U20/><E115/><V58/><F121/><W101/><G38/><T86/><D111/><U75/><E33/><V110/><F110/><W25/><G112/><T36/><D31/><U64/><E104/><V81/><F125/><N who="0" m="48202" /><D107/><U118/><E118/><V40/><F135/><W12/><G70/><T21/><D21/><U42/><E20/><V76/><F90/><N who="0" m="34314" /><D98/><U27/><E27/><V67/><F15/><W99/><G32/><T9/><D9/><U94/><E94/><V122/><F122/><W71/><G13/><T45/><D86/><U60/><E11/><V0/><F0/><W68/><G84/><T69/><D82/><U114/><E79/><V109/><F109/><W117/><G77/><T78/><D69/><U30/><E114/><V116/><F116/><W2/><G108/><T63/><D78/><U35/><E35/><V18/><F18/><W106/><G19/><T23/><D23/><U47/><E30/><V134/><F134/><W22/><G119/><T126/><N who="0" m="48210" /><T57/><DORA hai="74" /><D54/><U88/><E87/><N who="2" m="48551" /><F97/><W132/><G117/><T16/><D16/><U10/><E120/><V59/><F103/><W130/><G132/><T92/><D92/><N who="1" m="54287" /><E75/><V48/><F40/><W123/><G106/><T105/><D105/><U113/><E42/><V8/><F8/><W7/><G68/><T26/><D26/><U29/><E29/><V100/><F100/><W53/><G25/><T72/><D72/><U39/><E73/><V102/><F102/><W83/><G101/><T28/><D28/><U61/><E113/><V14/><F43/><W1/><G123/><RYUUKYOKU ba="0,0" sc="224,30,250,-10,286,-10,240,-10" hai0="36,37,44,45,52,57,63" /><INIT seed="2,1,0,2,3,6" ten="254,240,276,230" oya="2" hai0="128,123,117,76,17,27,8,103,125,56,43,102,72" hai1="64,2,83,18,112,68,131,118,14,62,111,81,69" hai2="21,115,45,101,47,104,105,80,70,32,89,34,65" hai3="74,61,31,119,44,57,55,23,121,127,24,77,11"/><V79/><F115/><W51/><G121/><T71/><D71/><U35/><E35/><V100/><F89/><W122/><G122/><T94/><D123/><U4/><E118/><V5/><F21/><W10/><G119/><T110/><D110/><U54/><E112/><V67/><F5/><W12/><G127/><T116/><D43/><U16/><E111/><V13/><F13/><W15/><G74/><T37/><D37/><U97/><E68/><V28/><F80/><W132/><G77/><T52/><D128/><U40/><E40/><V90/><F90/><W63/><G132/><T59/><D59/><U26/><E2/><V85/><F85/><W87/><G87/><T135/><D135/><U109/><E109/><V58/><F58/><W25/><G25/><T73/><D125/><U84/><E26/><V66/><F70/><W91/><G91/><T48/><D27/><U98/><E83/><V1/><F79/><W36/><G36/><T41/><D41/><U38/><E38/><V133/><F133/><W120/><G120/><T86/><D86/><U46/><E131/><V33/><F28/><W19/><G57/><T114/><D114/><U95/><E4/><AGARI ba="1,0" hai="4,10,11,12,15,19,23,24,31,44,51,55,61,63" machi="4" ten="30,7700,0" yaku="7,1,8,1,52,2" doraHai="6" who="3" fromWho="1" sc="254,0,240,-80,276,0,230,80" /><INIT seed="3,0,0,4,0,49" ten="254,160,276,310" oya="3" hai0="23,56,133,123,70,100,135,47,119,10,28,122,18" hai1="72,3,33,97,14,108,60,84,111,106,24,40,83" hai2="74,43,31,13,104,34,109,42,125,86,114,37,48" hai3="17,124,54,46,59,103,76,22,126,71,85,21,131"/><W82/><G71/><T38/><D70/><U68/><E3/><V128/><F86/><W129/><G46/><T92/><D28/><U127/><E127/><N who="3" m="48682" /><G103/><T26/><D10/><U55/><E40/><V52/><F125/><W50/><G22/><T15/><D15/><AGARI ba="0,0" hai="15,17,21,50,54,59,76,82,85,129,131" m="48682" machi="15" ten="30,2900,0" yaku="18,1,52,1" doraHai="49" who="3" fromWho="0" sc="254,-29,160,0,276,0,310,29" /><INIT seed="3,1,0,3,1,66" ten="225,160,276,339" oya="3" hai0="61,55,122,84,31,102,86,58,117,115,7,33,25" hai1="41,80,121,45,3,30,39,70,88,35,73,83,24" hai2="38,26,79,104,36,87,78,8,99,21,132,37,106" hai3="101,128,57,59,107,17,124,71,130,64,19,93,85"/><W105/><G85/><T6/><D117/><U4/><E121/><V97/><F8/><W133/><G93/><T131/><D122/><U100/><E100/><V127/><F132/><W89/><G89/><T108/><D108/><U14/><E14/><V11/><F11/><W82/><G82/><T53/><D131/><N who="3" m="50217" /><G133/><T27/><D115/><U98/><E83/><V135/><F135/><W32/><G32/><T103/><D33/><U63/><E98/><V47/><F127/><W90/><G90/><T69/><D31/><U54/><E54/><N who="0" m="20489" /><D58/><N who="3" m="22025" /><G124/><T46/><D69/><U62/><E88/><V43/><F87/><N who="0" m="33322" /><D46/><U116/><E116/><V114/><F114/><W65/><G101/><N who="0" m="38411" /><D61/><U123/><E70/><V34/><F34/><W119/><G119/><T60/><D60/><U2/><E123/><V42/><F99/><W81/><G81/><T44/><D44/><U113/><E113/><V23/><F97/><W9/><G71/><T28/><D28/><U110/><E110/><V74/><F23/><W72/><G72/><T95/><D95/><U50/><E50/><V77/><F74/><W40/><G9/><T1/><D1/><U94/><E94/><V15/><F21/><W76/><G65/><T18/><D18/><N who="3" m="6665" /><G64/><T111/><D111/><U29/><E29/><V48/><F79/><W91/><G76/><T134/><D134/><U67/><E67/><V120/><F78/><W129/><N who="3" m="50225" /><W75/><DORA hai="13" /><G75/><T49/><D49/><U118/><E118/><V0/><F77/><W12/><G91/><T56/><D56/><U20/><E73/><V126/><F120/><RYUUKYOKU ba="1,0" sc="225,30,160,-10,276,-10,339,-10" hai0="6,7,25,27" /><INIT seed="4,2,0,1,0,38" ten="255,150,266,329" oya="0" hai0="111,21,123,98,9,26,76,130,73,64,51,53,104" hai1="49,74,88,15,95,103,109,13,14,47,7,2,97" hai2="32,86,67,57,118,20,60,10,134,25,0,63,27" hai3="114,102,72,46,75,41,24,93,77,107,112,108,17"/><T39/><D39/><U40/><E109/><V68/><F134/><W87/><G108/><T125/><D123/><U83/><E2/><V31/><F118/><W127/><G127/><T48/><D111/><U115/><E115/><N who="3" m="44074" /><G107/><T37/><D37/><U43/><E7/><V71/><F86/><W22/><G102/><T34/><D34/><U11/><E11/><V12/><F0/><W19/><G19/><T29/><D130/><U54/><REACH who="1" step="1"/><E74/><REACH who="1" ten="255,140,266,329" step="2"/><V35/><F10/><W100/><G75/><T92/><D125/><U8/><E8/><V90/><F35/><W82/><G72/><T85/><D73/><U16/><E16/><V101/><F32/><W135/><G135/><T80/><D9/><U44/><E44/><V70/><F20/><W99/><G46/><T66/><D104/><U89/><E89/><V124/><F90/><W30/><G17/><T58/><D51/><U78/><E78/><V56/><F124/><W126/><G126/><T50/><D48/><U69/><E69/><V5/><F71/><W122/><G122/><T132/><D132/><U120/><E120/><V110/><F70/><W45/><G45/><T84/><REACH who="0" step="1"/><D85/><AGARI ba="2,1" hai="13,14,15,40,43,47,49,54,83,85,88,95,97,103" machi="85" ten="40,8000,1" yaku="1,1,8,1,52,2,54,1,53,0" doraHai="38" doraHaiUra="106" who="1" fromWho="0" sc="255,-86,140,96,266,0,329,0" /><INIT seed="5,0,0,5,5,120" ten="169,236,266,329" oya="1" hai0="72,118,10,95,2,71,76,117,33,17,68,53,114" hai1="9,51,56,55,49,122,94,32,44,102,106,1,133" hai2="6,88,3,89,101,126,113,123,36,24,30,125,90" hai3="83,5,98,69,41,29,121,84,81,15,46,0,62"/><U85/><E122/><V134/><F123/><W79/><G121/><T13/><D114/><U65/><E32/><V11/><F36/><W111/><G111/><T109/><D33/><U34/><E34/><N who="2" m="20807" /><F101/><W91/><G29/><T43/><D43/><U38/><E38/><V8/><F8/><W104/><G0/><T103/><D2/><U105/><E133/><V18/><F18/><W124/><G124/><N who="2" m="47721" /><F113/><W47/><G69/><T7/><D109/><U22/><E22/><V70/><F70/><W31/><G31/><T14/><D53/><U75/><E75/><V66/><F66/><W37/><G104/><T132/><D132/><AGARI ba="0,0" hai="3,6,11,88,89,90,132,134" m="47721,20807" machi="132" ten="40,2600,0" yaku="18,1,54,1" doraHai="120" who="2" fromWho="0" sc="169,-26,236,0,266,26,329,0" /><INIT seed="6,0,0,1,3,3" ten="143,236,292,329" oya="2" hai0="44,101,28,87,50,41,80,26,19,64,15,69,129" hai1="33,83,45,119,115,42,2,1,18,114,76,92,9" hai2="72,98,67,91,51,71,13,99,104,130,55,16,35" hai3="14,103,66,86,46,39,77,68,17,34,38,135,94"/><V47/><F35/><W116/><G34/><T8/><D129/><U21/><E33/><V82/><F130/><W118/><G68/><T60/><D101/><U58/><E58/><V93/><F71/><W127/><G66/><T88/><D26/><U4/><E92/><V97/><F104/><W36/><G46/><T134/><D28/><U85/><E1/><V100/><F67/><W11/><G127/><T128/><D128/><U133/><E133/><V79/><REACH who="2" step="1"/><F100/><REACH who="2" ten="143,236,282,329" step="2"/><W124/><G135/><T96/><D134/><U48/><REACH who="1" step="1"/><E119/><REACH who="1" ten="143,226,282,329" step="2"/><V65/><F65/><W78/><G118/><T59/><REACH who="0" step="1"/><D96/><REACH who="0" ten="133,226,282,329" step="2"/><U43/><E43/><V54/><F54/><W107/><G116/><T81/><D81/><U95/><E95/><V56/><F56/><AGARI ba="0,3" hai="8,15,19,41,44,50,56,59,60,64,69,80,87,88" machi="56" ten="40,5200,0" yaku="1,1,54,1,53,1" doraHai="3" doraHaiUra="10" who="0" fromWho="2" sc="133,82,226,0,282,-52,329,0" /><INIT seed="7,0,0,2,5,91" ten="215,226,230,329" oya="3" hai0="38,29,122,78,49,4,50,35,41,132,0,120,16" hai1="42,66,133,89,55,43,24,127,61,96,101,36,39" hai2="65,71,84,15,113,9,80,21,131,14,51,77,94" hai3="44,28,81,8,20,23,110,10,47,45,3,73,25"/><W83/><G110/><T106/><D106/><U116/><E116/><V82/><F113/><W1/><G73/><T98/><D98/><U19/><E89/><V27/><F131/><W69/><G69/><T22/><D78/><U97/><E133/><V128/><F128/><W53/><G53/><T117/><D50/><U130/><E130/><V63/><F51/><W105/><G105/><T30/><D49/><U109/><E109/><V126/><F126/><W129/><G129/><T5/><D41/><U70/><E97/><V52/><F52/><W72/><G72/><T64/><D64/><U103/><E103/><V100/><F100/><W121/><G121/><N who="0" m="46699" /><D38/><U48/><E127/><V12/><F94/><W32/><G32/><T58/><D58/><U135/><E135/><V34/><F34/><W124/><G124/><T115/><D117/><U86/><E86/><V104/><F82/><N who="3" m="31243" /><G23/><T102/><D102/><U125/><E125/><V118/><F104/><W26/><G26/><N who="0" m="18903" /><D115/><U95/><E39/><V111/><F118/><W40/><G40/><T60/><D60/><U57/><E36/><V46/><F111/><W31/><G31/><T93/><D93/><U87/><E87/><V134/><F134/><W79/><G79/><T76/><D76/><U33/><E33/><V13/><F46/><W18/><G28/><T92/><D92/><U99/><E99/><V11/><N who="2" m="3072" /><DORA hai="6" /><V108/><F108/><W74/><G74/><T119/><D119/><U68/><E68/><V67/><F67/><W85/><G85/><T90/><D132/><U59/><E70/><V75/><F84/><RYUUKYOKU ba="0,0" sc="215,-30,226,10,230,10,329,10" hai1="19,24,42,43,48,55,57,59,61,66,95,96,101" hai2="9,11,21,27,63,65,71,75,77,80" hai3="1,3,8,10,18,20,25,44,45,47" owari="185,-31.0,236,-16.0,240,4.0,339,43.0" /></mjloggm>