<mjloggm ver="2.3"><GO type="169" lobby="0"/><UN n0="%74%61%74%73%75%37%30%32" n1="%E5%B0%B1%E6%B4%BB%E7%94%9F%40%E5%B7%9D%E6%9D%91%E8%BB%8D%E5%9B%A3" n2="%79%75%2D%2D%2D%2D%2D%75" n3="%E3%82%AB%E3%83%9C%E3%83%81%E3%83%A3%E3%82%BF%E3%83%8D" dan="16,17,17,17" rate="2156.73,2208.70,2157.50,2200.34" sx="M,M,M,M"/><TAIKYOKU oya="0"/><INIT seed="0,0,0,5,3,88" ten="250,250,250,250" oya="0" hai0="134,105,48,128,50,115,79,122,49,129,36,16,114" hai1="90,119,85,73,78,5,9,84,41,87,100,95,32" hai2="67,124,130,86,8,13,71,69,68,118,65,62,28" hai3="44,21,61,63,111,52,131,60,99,56,1,46,66"/><T51/><D105/><U112/><E119/><V40/><F118/><W120/><G1/><T10/><D122/><U89/><E32/><V35/><F124/><W59/><G120/><T25/><D36/><U3/><E112/><V70/><F130/><N who="0" m="50282" /><D79/><U6/><E6/><V107/><F40/><W42/><G131/><T74/><D74/><U82/><E100/><V98/><F86/><W127/><G127/><T37/><D37/><U12/><E41/><V117/><F117/><W135/><G135/><T121/><D121/><U58/><E3/><V133/><F133/><W103/><G111/><T109/><D134/><U20/><E20/><V96/><F107/><W38/><G21/><N who="0" m="13479" /><D109/><U18/><E5/><V83/><F28/><W57/><G99/><T4/><N who="0" m="12288" /><DORA hai="94" /><T108/><D108/><U97/><E58/><V39/><F39/><W24/><G24/><T19/><D19/><U113/><E113/><V0/><F35/><W91/><G91/><T101/><D101/><U43/><E43/><V126/><F126/><W92/><G103/><T33/><D33/><U76/><E76/><V26/><F69/><W81/><G81/><T23/><D23/><U104/><E104/><V93/><F68/><W29/><G92/><T75/><D75/><U45/><E45/><V123/><F83/><W106/><G106/><T47/><D47/><U102/><AGARI ba="0,0" hai="9,12,18,73,78,82,84,85,87,89,90,95,97,102" machi="102" ten="30,4000,0" yaku="0,1,52,2" doraHai="88,94" who="1" fromWho="1" sc="250,-20,250,40,250,-10,250,-10" /><INIT seed="1,0,0,4,0,101" ten="230,290,240,240" oya="1" hai0="42,65,2,60,9,26,59,33,58,70,115,40,24" hai1="14,67,54,57,30,7,68,41,86,135,114,15,120" hai2="22,79,133,1,111,127,47,83,66,124,76,21,104" hai3="118,82,102,85,18,112,69,96,31,34,51,131,17"/><U23/><E120/><V74/><F111/><W28/><G112/><T29/><D115/><U16/><E114/><V25/><F1/><W116/><G131/><T52/><D70/><U84/><E135/><V113/><F133/><W95/><G69/><T63/><REACH who="0" step="1"/><D26/><REACH who="0" ten="220,290,240,240" step="2"/><U11/><E41/><V45/><F25/><W91/><G118/><T130/><D130/><U125/><E125/><V10/><F113/><W119/><G116/><T19/><D19/><U61/><REACH who="1" step="1"/><E30/><REACH who="1" ten="220,280,240,240" step="2"/><V109/><F124/><W88/><G119/><T37/><D37/><U44/><E44/><V108/><F45/><W89/><G28/><T122/><D122/><U132/><E132/><V100/><F47/><W50/><G31/><T80/><D80/><U5/><E5/><AGARI ba="0,2" hai="2,5,9,24,29,33,40,42,52,58,59,60,63,65" machi="5" ten="40,2600,0" yaku="1,1,54,1,53,0" doraHai="101" doraHaiUra="97" who="0" fromWho="1" sc="220,46,280,-26,240,0,240,0" /><INIT seed="2,0,0,0,0,22" ten="266,254,240,240" oya="2" hai0="119,108,41,12,62,59,45,63,124,8,133,135,42" hai1="47,111,122,18,55,106,66,131,76,1,98,2,64" hai2="3,5,17,19,101,80,20,13,24,107,96,94,61" hai3="92,117,65,23,7,43,102,114,81,21,68,87,60"/><V29/><F107/><W44/><G117/><T50/><D108/><U91/><E111/><V32/><F80/><W128/><G128/><T4/><D119/><U127/><E131/><V38/><F38/><W121/><G121/><T113/><D113/><U82/><E122/><V58/><F17/><W28/><G28/><T25/><D124/><U69/><E127/><V56/><REACH who="2" step="1"/><F61/><REACH who="2" ten="266,254,230,240" step="2"/><W48/><G114/><T49/><D63/><U90/><E18/><V85/><F85/><W51/><G51/><T77/><D77/><U123/><E82/><V120/><F120/><W125/><G125/><T31/><D49/><U112/><E76/><V37/><F37/><W130/><G130/><T15/><D42/><U118/><E106/><V52/><F52/><W129/><G129/><T79/><D79/><U93/><E55/><V116/><F116/><W75/><G75/><T89/><D62/><U134/><E123/><V14/><F14/><W16/><G7/><T36/><D15/><U78/><E118/><V57/><F57/><W115/><G115/><T34/><D59/><U27/><E112/><V10/><AGARI ba="0,1" hai="3,5,10,13,19,20,24,29,32,56,58,94,96,101" machi="10" ten="30,18000,2" yaku="1,1,0,1,24,2,52,1,53,1" doraHai="22" doraHaiUra="33" who="2" fromWho="2" sc="266,-60,254,-60,230,190,240,-60" /><INIT seed="2,1,0,5,3,33" ten="206,194,420,180" oya="2" hai0="104,129,50,95,24,52,126,88,78,81,30,49,18" hai1="109,21,58,56,83,128,35,135,44,111,90,74,37" hai2="86,65,127,28,72,3,68,70,23,31,41,10,80" hai3="84,122,43,125,12,5,130,19,2,66,121,39,14"/><V60/><F72/><W87/><G130/><T13/><D126/><U123/><E35/><V73/><F73/><W79/><G125/><T59/><D129/><U38/><E128/><V97/><F127/><W131/><G131/><T69/><D104/><U105/><E105/><V61/><F41/><W71/><G14/><T40/><D69/><U113/><E113/><V110/><F97/><W100/><G100/><T53/><D40/><U26/><E135/><V46/><F46/><W27/><G27/><T42/><D42/><U102/><E102/><V48/><F48/><W99/><G99/><T6/><D6/><U7/><E7/><V85/><F23/><W112/><G112/><T108/><D108/><N who="1" m="41547" /><E123/><V11/><F110/><W17/><G43/><T16/><D13/><U1/><E1/><V75/><F75/><W67/><G39/><N who="1" m="14858" /><E44/><V62/><F3/><W101/><G101/><T20/><D81/><U120/><E120/><V118/><F80/><W114/><G114/><T117/><D78/><N who="1" m="44503" /><E90/><V92/><F65/><N who="3" m="24587" /><G2/><T115/><D117/><U34/><E34/><V47/><F47/><W93/><G121/><T82/><D82/><U4/><E4/><V9/><F118/><W63/><G122/><T134/><D115/><U57/><E57/><V8/><N who="2" m="2048" /><DORA hai="116" /><V32/><F32/><W94/><G5/><T55/><D134/><U76/><E76/><V106/><F106/><W36/><G36/><T119/><D119/><U54/><E54/><N who="0" m="21097" /><D50/><U25/><E25/><V103/><F103/><W29/><G79/><T98/><AGARI ba="1,0" hai="16,18,20,24,30,49,55,59,88,95,98" m="21097" machi="98" ten="30,7900,0" yaku="8,1,54,3" doraHai="33,116" who="0" fromWho="0" sc="206,82,194,-21,420,-40,180,-21" /><INIT seed="3,0,0,3,1,52" ten="288,173,380,159" oya="3" hai0="40,95,35,102,53,135,105,11,5,87,75,80,99" hai1="79,74,44,71,29,39,19,22,121,14,13,9,107" hai2="63,7,38,91,103,8,133,56,18,45,27,89,94" hai3="112,20,31,120,101,134,85,25,96,32,17,4,16"/><W123/><G112/><T131/><D35/><U21/><E121/><V24/><F133/><W76/><G134/><T115/><D135/><U69/><E107/><V109/><F109/><W84/><G4/><T2/><D131/><U110/><E110/><V124/><F124/><W33/><G33/><T15/><D115/><U106/><E106/><V51/><F38/><W83/><G85/><T48/><D75/><U93/><E93/><V129/><F129/><W26/><REACH who="3" step="1"/><G17/><REACH who="3" ten="288,173,380,149" step="2"/><T88/><D2/><U125/><E125/><V68/><F18/><W73/><G73/><T61/><D105/><AGARI ba="0,1" hai="16,20,25,26,31,32,76,83,84,96,101,105,120,123" machi="105" ten="30,5800,0" yaku="1,1,7,1,54,1,53,0" doraHai="52" doraHaiUra="54" who="3" fromWho="0" sc="288,-58,173,0,380,0,149,68" /><INIT seed="3,1,0,3,5,105" ten="230,173,380,217" oya="3" hai0="48,42,36,44,85,81,11,97,126,73,102,125,2" hai1="55,70,57,89,101,123,29,19,132,118,109,128,3" hai2="86,54,82,7,67,20,40,91,26,103,63,74,1" hai3="15,133,16,100,27,113,17,52,135,6,34,84,131"/><W77/><G113/><T41/><D41/><U87/><E123/><V111/><F111/><W59/><G100/><T119/><D48/><U80/><E70/><V112/><F40/><W76/><G131/><T134/><D85/><U96/><E118/><V66/><F74/><W98/><G98/><T72/><D119/><U61/><E128/><V22/><F7/><W117/><G117/><T18/><D81/><U92/><E109/><V94/><F1/><W75/><G84/><T38/><D38/><U127/><E132/><N who="3" m="50762" /><G6/><N who="0" m="1495" /><D18/><N who="3" m="7273" /><G15/><T79/><D79/><U23/><E127/><N who="0" m="48649" /><D134/><U95/><E3/><V122/><F86/><W4/><G4/><T43/><D43/><U47/><E29/><V64/><F112/><W9/><G9/><T25/><D25/><U5/><E5/><V78/><F103/><W8/><G8/><T39/><D39/><U14/><REACH who="1" step="1"/><E47/><REACH who="1" ten="230,163,380,217" step="2"/><V120/><F120/><W33/><G33/><T53/><D53/><U24/><E24/><V60/><F26/><W28/><G75/><T110/><D110/><U32/><E32/><V115/><F115/><W58/><G58/><T56/><D56/><U0/><E0/><V21/><F122/><W83/><G83/><AGARI ba="1,1" hai="14,19,23,55,57,61,80,83,87,89,92,95,96,101" machi="83" ten="40,2600,0" yaku="1,1,8,1,53,0" doraHai="105" doraHaiUra="116" who="1" fromWho="3" sc="230,0,163,39,380,0,217,-29" /><INIT seed="4,0,0,3,3,17" ten="230,202,380,188" oya="0" hai0="85,63,91,88,122,12,34,96,105,125,81,50,57" hai1="28,51,54,26,35,71,44,67,101,29,64,24,109" hai2="72,87,111,82,73,121,1,37,78,46,130,58,113" hai3="10,112,69,117,79,133,66,45,129,95,59,36,13"/><T135/><D122/><U99/><E109/><V3/><F111/><W47/><G112/><T126/><D34/><U61/><E67/><V119/><F113/><W25/><G117/><T30/><D50/><U120/><E120/><V32/><F32/><W27/><G133/><T56/><D30/><U94/><E28/><V76/><F130/><W74/><G129/><T131/><D131/><U115/><E115/><V23/><F87/><W123/><G69/><T102/><D12/><U33/><E26/><V11/><F3/><W106/><G106/><T20/><D20/><AGARI ba="0,0" hai="20,24,29,33,35,44,51,54,61,64,71,94,99,101" machi="20" ten="30,2000,0" yaku="7,1,52,1" doraHai="17" who="1" fromWho="0" sc="230,-20,202,20,380,0,188,0" /><INIT seed="5,0,0,1,2,56" ten="210,222,380,188" oya="1" hai0="121,26,6,51,73,79,134,4,111,25,21,9,18" hai1="59,0,102,126,109,72,127,52,88,68,50,54,130" hai2="7,57,20,133,15,123,42,14,60,58,93,117,70" hai3="39,32,44,71,95,90,86,66,110,107,19,34,67"/><U64/><E0/><V114/><F117/><W2/><G110/><T120/><D111/><U16/><E72/><V49/><F123/><N who="0" m="47178" /><D79/><U27/><E109/><V91/><F70/><W92/><G107/><T45/><D73/><U11/><E102/><V22/><F133/><W85/><G2/><N who="0" m="151" /><D134/><U24/><E130/><V36/><F36/><W23/><G39/><T103/><D103/><U43/><E43/><V81/><F81/><W104/><G104/><T119/><D6/><U53/><E68/><V108/><F114/><W132/><G132/><T75/><D75/><U113/><E113/><V29/><F29/><W131/><G131/><T97/><D97/><U3/><E3/><V35/><F35/><W38/><G38/><T76/><D76/><U101/><E101/><V112/><F112/><W10/><G10/><T62/><D62/><N who="1" m="37983" /><E50/><V129/><F129/><W33/><G44/><T8/><D8/><U125/><E88/><V5/><F42/><W61/><G67/><T84/><D84/><U31/><E31/><V122/><F49/><W55/><G55/><N who="0" m="30191" /><D119/><U69/><E69/><V94/><F93/><W63/><G71/><T99/><D99/><U128/><E128/><V74/><F74/><W82/><G66/><T1/><D1/><U46/><E46/><V65/><F122/><W100/><G100/><T41/><D41/><U118/><E118/><V115/><F115/><W89/><G82/><T12/><AGARI ba="0,0" hai="12,18,21,25,26" m="30191,151,47178" machi="12" ten="30,1100,0" yaku="13,1" doraHai="56" who="0" fromWho="0" sc="210,11,222,-5,380,-3,188,-3" /><INIT seed="6,0,0,1,0,0" ten="221,217,377,185" oya="2" hai0="73,64,69,109,80,44,17,25,111,12,134,66,56" hai1="101,62,117,122,1,6,100,81,32,85,46,83,65" hai2="74,128,34,76,121,28,58,29,35,49,96,67,120" hai3="43,26,13,110,48,77,135,82,79,90,124,123,22"/><V30/><F128/><W89/><G123/><T45/><D69/><U127/><E117/><V5/><F96/><W95/><G110/><T108/><D25/><U88/><E122/><V20/><F20/><W93/><G135/><T92/><D134/><U130/><E130/><V40/><F67/><W99/><G124/><T72/><D92/><U47/><E127/><V118/><F118/><W103/><G82/><T27/><D27/><U14/><E32/><V106/><F106/><W24/><G13/><T70/><D56/><N who="1" m="37063" /><E81/><V3/><F76/><W60/><G60/><T78/><D73/><U10/><E1/><V133/><F74/><W105/><G105/><T102/><D102/><AGARI ba="0,0" hai="6,10,14,46,47,83,85,88,100,101,102" m="37063" machi="102" ten="30,3900,0" yaku="8,1,52,1,54,1" doraHai="0" who="1" fromWho="0" sc="221,-39,217,39,377,0,185,0" /><INIT seed="7,0,0,4,5,119" ten="182,256,377,185" oya="3" hai0="11,30,59,58,12,97,116,129,83,21,71,52,105" hai1="74,122,86,73,18,62,15,51,72,102,78,69,64" hai2="109,38,79,26,29,49,84,75,19,50,35,33,17" hai3="48,134,114,42,100,36,31,91,2,99,34,55,24"/><W87/><G114/><T76/><D71/><U16/><E122/><V77/><F38/><W121/><G121/><T25/><D129/><U118/><E118/><V44/><F75/><W23/><G134/><T123/><D123/><U14/><E102/><V89/><F109/><W67/><G2/><T43/><D116/><U131/><E131/><V41/><F49/><W128/><G128/><T10/><D59/><U81/><E51/><V103/><F103/><W104/><G67/><T20/><D105/><U40/><E40/><V108/><F33/><W53/><G36/><T0/><D0/><U7/><E7/><V127/><F127/><W112/><G112/><T92/><D43/><U6/><E6/><V37/><F37/><W111/><G111/><T46/><D46/><U80/><E80/><V57/><F57/><W28/><G42/><T32/><D32/><U4/><E4/><V126/><F126/><W27/><G48/><N who="0" m="30983" /><D83/><AGARI ba="0,0" hai="23,24,27,28,31,34,53,55,83,87,91,99,100,104" machi="83" ten="30,1500,0" yaku="7,1" doraHai="119" who="3" fromWho="0" sc="182,-15,256,0,377,0,185,15" /><INIT seed="7,1,0,3,4,83" ten="167,256,377,200" oya="3" hai0="47,11,68,19,52,120,27,123,18,4,117,89,93" hai1="12,48,115,43,9,35,42,55,98,26,79,10,51" hai2="114,13,99,129,20,64,100,56,59,133,31,92,106" hai3="30,135,53,66,34,62,97,124,73,101,116,0,45"/><W8/><G116/><T85/><D68/><U122/><E122/><V104/><F114/><W6/><G135/><T41/><D117/><U105/><E115/><V134/><F129/><W32/><G124/><T86/><D123/><U70/><E70/><V60/><F56/><W88/><G73/><T23/><D120/><U49/><E79/><V76/><F76/><W46/><G53/><T25/><D41/><U96/><E35/><V107/><F13/><W67/><G67/><T33/><D33/><U65/><E65/><V121/><F121/><W69/><G34/><T54/><D47/><U58/><E26/><AGARI ba="1,0" hai="20,26,31,59,60,64,92,99,100,104,106,107,133,134" machi="26" ten="50,3200,0" yaku="25,2" doraHai="83" who="2" fromWho="1" sc="167,0,256,-35,377,35,200,0" owari="167,-33.0,221,2.0,412,51.0,200,-20.0" /></mjloggm>