<mjloggm ver="2.3"><GO type="169" lobby="0"/><UN n0="%EF%BD%9E%E5%8E%9F%E6%9D%91%E5%92%8C%EF%BD%9E" n1="%E3%82%A6%E3%83%AB%E3%83%88%E3%83%A9%E7%AB%8B%E7%9B%B4" n2="%E6%99%AE%E9%80%9A%E3%81%AE%E6%89%93%E3%81%A1%E6%89%8B" n3="%E7%89%8C%E7%A5%9E" dan="16,17,16,16" rate="2082.82,2154.65,2098.33,2095.41" sx="F,M,F,M"/><TAIKYOKU oya="0"/><INIT seed="0,0,0,3,2,115" ten="250,250,250,250" oya="0" hai0="80,89,31,105,117,135,43,128,125,38,32,72,20" hai1="130,18,75,97,133,50,52,46,116,76,71,24,132" hai2="107,109,120,93,88,48,63,19,62,70,118,108,61" hai3="92,110,73,3,35,23,66,113,87,112,14,37,129"/><T42/><D32/><U99/><E71/><V12/><F120/><W39/><G73/><T26/><D105/><U51/><E130/><V67/><F107/><W6/><G35/><T58/><D128/><U100/><E75/><V102/><F102/><W79/><G3/><T1/><D1/><U29/><E76/><V21/><F48/><W95/><G66/><T106/><D106/><U57/><E18/><V127/><F127/><W96/><G110/><N who="2" m="42601" /><F118/><W91/><G129/><T47/><D125/><U126/><E116/><V104/><F104/><W30/><G79/><T13/><D43/><U121/><E121/><V111/><N who="2" m="42609" /><V15/><DORA hai="56" /><F15/><W134/><G14/><T78/><D135/><U45/><E45/><V49/><F49/><W68/><G134/><N who="1" m="51818" /><E100/><V55/><F55/><W28/><G39/><T53/><D13/><U84/><E126/><V25/><F25/><W5/><G37/><T44/><D89/><U90/><E24/><V122/><F122/><W22/><G91/><T40/><D117/><U41/><E29/><V77/><F77/><W74/><G74/><T16/><D31/><U86/><E90/><V69/><F69/><W4/><G68/><T131/><D131/><U83/><E83/><V60/><F60/><W27/><G30/><T0/><D0/><U81/><E81/><V65/><F70/><W119/><G119/><T98/><D47/><U7/><E7/><V2/><F2/><W114/><G28/><T8/><D44/><U59/><E59/><V101/><F101/><N who="3" m="60551" /><G27/><T64/><D26/><U54/><E41/><V94/><F88/><RYUUKYOKU ba="0,0" sc="250,-30,250,10,250,10,250,10" hai1="46,50,51,52,54,57,84,86,97,99" hai2="12,19,21,61,62,63,65,67,93,94" hai3="4,5,6,22,23,87,95,112,113,114" /><INIT seed="1,1,0,5,2,135" ten="220,260,260,260" oya="1" hai0="45,98,4,42,94,105,83,103,53,8,22,25,115" hai1="104,27,51,49,12,62,117,70,61,89,125,81,118" hai2="24,101,28,17,123,96,91,75,90,2,80,130,127" hai3="63,113,21,46,56,58,30,7,14,68,79,23,78"/><U5/><E104/><V50/><F123/><W44/><G113/><T13/><D115/><U34/><E34/><V99/><F2/><W112/><G68/><T134/><D83/><U119/><E27/><V26/><F130/><W15/><G112/><T126/><D134/><U88/><E81/><V47/><F17/><W6/><REACH who="3" step="1"/><G63/><REACH who="3" ten="220,260,260,250" step="2"/><T18/><D18/><U0/><E70/><V111/><F28/><AGARI ba="1,1" hai="6,7,14,15,21,23,28,30,44,46,56,58,78,79" machi="28" ten="25,8000,1" yaku="1,1,2,1,22,2,8,1,53,0" doraHai="135" doraHaiUra="38" who="3" fromWho="2" sc="220,0,260,0,260,-83,250,93" /><INIT seed="2,0,0,5,0,105" ten="220,260,177,343" oya="2" hai0="27,87,56,104,12,103,23,135,128,22,20,126,65" hai1="112,109,71,80,134,70,101,98,88,57,33,91,42" hai2="113,82,46,132,92,3,133,48,117,17,83,64,85" hai3="110,79,19,116,75,96,94,55,13,78,86,121,54"/><V118/><F113/><W99/><G116/><T127/><D128/><U29/><E112/><V84/><F3/><W122/><G110/><T74/><D135/><N who="2" m="51786" /><F17/><W32/><G32/><T59/><D104/><U14/><E134/><V2/><F64/><W61/><G86/><N who="2" m="33385" /><F2/><W5/><G5/><T1/><D103/><U77/><E109/><V73/><F73/><W44/><G75/><T25/><D1/><U89/><E14/><V21/><F21/><W102/><G121/><T60/><D87/><U15/><E15/><V24/><F24/><W28/><G28/><T76/><D12/><U72/><E29/><V47/><F92/><N who="3" m="58631" /><G122/><T51/><D76/><U26/><E26/><V0/><F0/><W131/><G78/><T90/><D74/><U31/><E31/><V39/><F39/><W35/><G35/><T114/><D114/><U30/><E30/><V8/><F8/><W7/><G79/><T69/><D27/><U9/><E9/><V6/><F6/><W37/><G7/><T120/><D25/><U11/><E11/><V18/><F18/><W40/><G19/><T41/><D120/><U107/><E33/><V34/><F34/><W111/><G13/><T124/><REACH who="0" step="1"/><D90/><REACH who="0" ten="210,260,177,343" step="2"/><U115/><E115/><V50/><F118/><W130/><G111/><T4/><D4/><U45/><E91/><V58/><F117/><W43/><G130/><T123/><D123/><U97/><E89/><V108/><F108/><W125/><G131/><T52/><D52/><U66/><E88/><V16/><F16/><W95/><G55/><T100/><D100/><U49/><E97/><RYUUKYOKU ba="0,1" sc="210,15,260,15,177,-15,343,-15" hai0="20,22,23,41,51,56,59,60,65,69,124,126,127" hai1="42,45,49,57,66,70,71,72,77,80,98,101,107" /><INIT seed="3,1,1,0,0,76" ten="225,275,162,328" oya="3" hai0="64,133,66,83,81,86,3,24,17,120,65,122,10" hai1="14,67,114,108,72,107,118,77,53,106,88,12,44" hai2="98,90,55,6,97,2,46,15,16,35,100,48,93" hai3="21,112,5,42,104,123,131,73,23,116,85,135,128"/><W113/><G73/><T43/><D43/><U49/><E114/><V34/><F6/><W57/><G104/><T45/><D45/><U11/><E118/><V4/><F4/><W69/><G69/><T117/><D117/><U39/><E108/><V130/><F2/><W99/><G116/><T7/><D133/><U20/><E67/><V95/><REACH who="2" step="1"/><F130/><REACH who="2" ten="225,275,152,328" step="2"/><W94/><G5/><T19/><D120/><U13/><E107/><V58/><F58/><W111/><G57/><T127/><D122/><U61/><E106/><V37/><F37/><W109/><G123/><T119/><D119/><U40/><E39/><V89/><F89/><W41/><G131/><T50/><D127/><U91/><E88/><V59/><F59/><W132/><G128/><T18/><D50/><U32/><E91/><V31/><F31/><W79/><G132/><T8/><D8/><AGARI ba="1,2" hai="8,15,16,34,35,46,48,55,90,93,95,97,98,100" machi="8" ten="30,3900,0" yaku="1,1,7,1,54,1,53,0" doraHai="76" doraHaiUra="74" who="2" fromWho="0" sc="225,-42,275,0,152,62,328,0" /><INIT seed="4,0,0,4,4,30" ten="183,275,214,328" oya="0" hai0="103,29,22,66,58,55,11,104,7,102,83,57,87" hai1="14,49,82,63,118,130,60,113,100,65,126,78,98" hai2="123,5,2,64,129,101,121,1,80,114,120,90,133" hai3="47,77,59,106,41,62,125,42,28,6,53,24,79"/><T74/><D74/><U107/><E118/><V19/><F114/><W31/><G106/><T71/><D71/><U105/><E113/><V44/><F101/><W39/><G125/><T69/><D69/><U23/><E126/><V89/><F64/><W21/><G42/><T88/><D104/><U119/><E119/><V134/><F129/><W75/><G75/><T13/><D66/><U76/><E130/><V40/><F19/><W97/><G6/><T122/><D122/><U38/><E38/><N who="2" m="21527" /><F5/><W50/><G97/><T33/><D33/><U26/><E14/><V0/><F80/><W9/><G9/><T94/><D83/><U12/><E12/><V131/><F131/><W110/><G110/><T8/><D8/><U108/><E108/><V111/><F111/><W10/><G10/><T68/><D68/><U51/><E107/><V96/><F96/><W135/><G135/><AGARI ba="0,0" hai="0,1,2,89,90,120,121,123,133,134,135" m="21527" machi="135" ten="40,1300,0" yaku="20,1" doraHai="30" who="2" fromWho="3" sc="183,0,275,0,214,13,328,-13" /><INIT seed="5,0,0,3,1,88" ten="183,275,227,315" oya="1" hai0="40,114,8,48,69,74,47,115,73,62,65,84,4" hai1="70,126,92,71,26,66,104,67,2,80,13,134,30" hai2="61,77,9,96,12,98,23,1,110,58,132,24,117" hai3="55,99,17,68,38,79,75,78,25,123,108,21,113"/><U51/><E2/><V91/><F110/><W14/><G68/><T22/><D22/><U106/><E80/><V109/><F109/><W112/><G38/><T46/><D46/><U60/><E126/><V83/><F117/><W89/><G108/><T19/><D19/><U20/><E134/><V27/><F1/><W59/><G123/><T135/><D135/><U76/><E76/><V90/><F132/><W129/><G129/><T64/><D64/><U52/><E13/><V53/><F91/><W57/><G57/><T97/><D97/><U122/><E122/><V34/><F34/><W120/><G75/><T87/><D87/><U45/><REACH who="1" step="1"/><E92/><REACH who="1" ten="183,265,227,315" step="2"/><V49/><F77/><W111/><G111/><T85/><D74/><U54/><E54/><V41/><F83/><W107/><G120/><T16/><D73/><U37/><E37/><V5/><F53/><W94/><G14/><T119/><D119/><U0/><E0/><V33/><F12/><W131/><G131/><T39/><D39/><U125/><E125/><V93/><F93/><W102/><G78/><T116/><D116/><U18/><E18/><V35/><F41/><W32/><G79/><T44/><D16/><U29/><E29/><V105/><F5/><W130/><G130/><T81/><D81/><U124/><E124/><V133/><F133/><W3/><G3/><T100/><D4/><U28/><E28/><V72/><F72/><W82/><G82/><T86/><D40/><U15/><E15/><V11/><F105/><W31/><G31/><T43/><D43/><U10/><E10/><V50/><F9/><RYUUKYOKU ba="0,1" sc="183,-10,265,30,227,-10,315,-10" hai1="20,26,30,45,51,52,60,66,67,70,71,104,106" /><INIT seed="5,1,1,5,2,97" ten="173,295,217,305" oya="1" hai0="121,82,59,40,127,28,1,21,103,106,14,49,9" hai1="124,36,32,105,18,88,111,68,101,109,102,23,113" hai2="64,128,47,100,80,70,46,117,83,119,69,8,43" hai3="110,95,53,4,54,94,133,38,107,42,131,116,17"/><U52/><E32/><V75/><F128/><W22/><G133/><T55/><D127/><U50/><E36/><V3/><F100/><W126/><G107/><T66/><D1/><U74/><E74/><V29/><F29/><W41/><G110/><N who="1" m="41994" /><E105/><V31/><F31/><W112/><G112/><T19/><D121/><U0/><E0/><V104/><F104/><W51/><G38/><T39/><D66/><U71/><E88/><V79/><F80/><W25/><G126/><T81/><D40/><U10/><E10/><V24/><F64/><W99/><G94/><T16/><D28/><U56/><E113/><V60/><F3/><W129/><G116/><T30/><D30/><U120/><E120/><V2/><F8/><W57/><G4/><T78/><D78/><U93/><E93/><V27/><F79/><W48/><G129/><T130/><D39/><U15/><E124/><V37/><F2/><W86/><G86/><T87/><D87/><U65/><E65/><V5/><F75/><W44/><REACH who="3" step="1"/><G131/><REACH who="3" ten="173,295,217,295" step="2"/><T12/><REACH who="0" step="1"/><D130/><REACH who="0" ten="163,295,217,295" step="2"/><U61/><E71/><V114/><F70/><W85/><G85/><T45/><D45/><U135/><E68/><V35/><F47/><W67/><G67/><T72/><D72/><U92/><E135/><V13/><F69/><W62/><G62/><T84/><D84/><U108/><E108/><V34/><F60/><W134/><G134/><T115/><D115/><U118/><E61/><V26/><F114/><W90/><AGARI ba="1,3" hai="17,22,25,41,42,44,48,51,53,54,57,90,95,99" machi="90" ten="20,5200,0" yaku="1,1,0,1,7,1,8,1,53,0" doraHai="97" doraHaiUra="6" who="3" fromWho="3" sc="163,-14,295,-27,217,-14,295,85" /><INIT seed="6,0,0,3,4,92" ten="149,268,203,380" oya="2" hai0="0,88,131,91,19,135,128,70,122,113,15,12,110" hai1="60,109,129,74,99,104,14,35,98,96,107,40,45" hai2="86,64,84,116,36,46,75,2,118,6,121,21,7" hai3="89,9,41,51,79,112,30,59,57,16,114,25,69"/><V108/><F121/><W81/><G69/><T38/><D110/><U24/><E74/><V34/><F75/><W115/><G89/><N who="0" m="34379" /><D122/><U28/><E109/><V10/><F108/><W27/><G41/><T101/><D70/><U106/><E129/><N who="0" m="49737" /><D0/><U18/><E60/><V43/><F34/><N who="3" m="20815" /><G51/><T31/><D38/><U76/><E76/><V63/><F7/><W39/><G39/><T5/><D31/><U61/><E61/><V134/><F21/><N who="3" m="13735" /><G9/><N who="0" m="4143" /><D113/><U52/><E40/><V72/><F2/><W80/><G80/><T23/><D135/><U87/><E87/><AGARI ba="0,0" hai="57,59,79,81,87,112,114,115" m="13735,20815" machi="87" ten="30,3900,0" yaku="15,1,11,1,54,1" doraHai="92" who="3" fromWho="1" sc="149,0,268,-39,203,0,380,39" /><INIT seed="7,0,0,1,2,12" ten="149,229,203,419" oya="3" hai0="48,97,116,62,124,101,121,64,29,25,35,26,13" hai1="60,107,9,108,33,49,52,130,47,87,123,122,53" hai2="58,55,133,18,21,91,11,134,83,131,20,68,90" hai3="19,1,39,95,119,54,22,89,45,63,100,86,57"/><W42/><G1/><T115/><D116/><U10/><E33/><V80/><F131/><W113/><G113/><T67/><D121/><U65/><E107/><V44/><F44/><W112/><G112/><T61/><D124/><U135/><E108/><V17/><F11/><W0/><G0/><T98/><D115/><U37/><E37/><V66/><F66/><W78/><G78/><T93/><D48/><U3/><E53/><V69/><F58/><W32/><G32/><T43/><D43/><U81/><E135/><V27/><F27/><W105/><G119/><T36/><D36/><U111/><E130/><V40/><F55/><W31/><G31/><T2/><D2/><U127/><E127/><V5/><F40/><W103/><G105/><T104/><D13/><AGARI ba="0,0" hai="13,19,22,39,42,45,54,57,63,86,89,95,100,103" machi="13" ten="30,2900,0" yaku="7,1,52,1" doraHai="12" who="3" fromWho="0" sc="149,-29,229,0,203,0,419,29" owari="120,-38.0,229,3.0,203,-20.0,448,55.0" /></mjloggm>