<mjloggm ver="2.3"><GO type="169" lobby="0"/><UN n0="%EF%BC%8A%E7%B4%97%E5%BC%A5%E8%8F%AF%EF%BC%8A" n1="%E3%82%B5%E3%83%96%E3%82%A2%E3%83%A9%E3%83%89" n2="%45%47%41%4B%55" n3="%E5%B0%B1%E6%B4%BB%E7%94%9F%40%E5%B7%9D%E6%9D%91%E8%BB%8D%E5%9B%A3" dan="16,16,16,17" rate="2107.15,2124.31,2013.16,2213.73" sx="F,M,M,M"/><TAIKYOKU oya="0"/><INIT seed="0,0,0,2,5,23" ten="250,250,250,250" oya="0" hai0="108,135,20,76,61,116,122,2,105,82,112,110,3" hai1="90,123,57,24,88,35,71,46,60,43,86,58,16" hai2="79,130,75,83,133,115,84,36,34,33,18,95,66" hai3="4,39,64,26,55,32,94,50,101,98,15,118,31"/><T51/><D116/><U102/><E123/><V40/><F115/><W121/><G39/><T92/><D122/><U128/><E102/><V8/><F66/><W107/><G121/><T25/><D105/><U14/><E128/><V13/><F130/><W99/><G118/><T93/><D112/><U103/><E103/><V49/><F36/><W96/><G64/><T44/><D61/><U85/><E71/><V65/><F65/><W117/><G117/><T22/><D135/><U54/><E57/><V45/><F133/><W74/><G74/><N who="0" m="43287" /><D20/><N who="1" m="13319" /><E35/><V81/><F95/><N who="0" m="36426" /><D51/><N who="1" m="27103" /><E14/><V106/><F106/><W62/><G62/><T0/><D44/><U10/><E10/><V59/><F59/><W21/><G107/><T73/><D73/><U126/><E126/><V91/><AGARI ba="0,0" hai="8,13,18,33,34,40,45,49,75,79,81,83,84,91" machi="91" ten="20,1500,0" yaku="0,1,7,1" doraHai="23" who="2" fromWho="2" sc="250,-7,250,-4,250,15,250,-4" /><INIT seed="1,0,0,3,0,2" ten="243,246,265,246" oya="1" hai0="78,38,92,27,41,63,119,97,20,4,62,8,31" hai1="76,49,135,64,3,87,89,32,11,45,133,17,22" hai2="110,114,50,116,57,126,52,123,94,80,34,90,125" hai3="109,28,83,98,24,93,14,0,60,115,102,132,103"/><U51/><E32/><V113/><F34/><W130/><G0/><T44/><D78/><U122/><E122/><V39/><F39/><W101/><G115/><N who="2" m="44041" /><F123/><W21/><G130/><T81/><D81/><U82/><E76/><V37/><F37/><W61/><G109/><T26/><D26/><U73/><E73/><V68/><F68/><W105/><G132/><N who="1" m="50762" /><E64/><V53/><F80/><W42/><G42/><T33/><D33/><U129/><E129/><V5/><F110/><W79/><G14/><T108/><D119/><U40/><E11/><V15/><F116/><W12/><G12/><T88/><REACH who="0" step="1"/><D108/><REACH who="0" ten="233,246,265,246" step="2"/><U124/><E3/><AGARI ba="0,1" hai="3,4,8,20,27,31,38,41,44,62,63,88,92,97" machi="3" ten="30,12000,2" yaku="1,1,2,1,7,1,52,1,54,1,53,1" doraHai="2" doraHaiUra="23" who="0" fromWho="1" sc="233,130,246,-120,265,0,246,0" /><INIT seed="2,0,0,0,5,53" ten="363,126,265,246" oya="2" hai0="122,80,64,65,115,26,69,49,48,104,55,50,134" hai1="10,23,6,86,30,19,128,111,105,22,66,114,40" hai2="99,127,59,20,125,25,87,61,106,70,72,2,73" hai3="35,83,120,110,0,135,34,74,97,1,62,28,101"/><V42/><F2/><W56/><G120/><T102/><D122/><U133/><E114/><V91/><F70/><W98/><G135/><T124/><D115/><U81/><E105/><V41/><F99/><W79/><G110/><T94/><D104/><U17/><E111/><V109/><F106/><W67/><G98/><N who="0" m="59735" /><D69/><U75/><E75/><V36/><F109/><W129/><G129/><T126/><D134/><U132/><E128/><V121/><F121/><W31/><G97/><T32/><D80/><U5/><E40/><V43/><F36/><W107/><G107/><T82/><D82/><U24/><E66/><N who="2" m="39231" /><F20/><W8/><G101/><T68/><D68/><U93/><E93/><N who="2" m="54527" /><F25/><W63/><G34/><T21/><D32/><U29/><E86/><V92/><F92/><W45/><G35/><T103/><D103/><U117/><E81/><V11/><F11/><W9/><G8/><T96/><D96/><U38/><E38/><V118/><F118/><W123/><G9/><T46/><D126/><AGARI ba="0,0" hai="41,42,43,72,73,125,126,127" m="54527,39231" machi="126" ten="30,2900,0" yaku="18,1,52,1" doraHai="53" who="2" fromWho="0" sc="363,-29,126,0,265,29,246,0" /><INIT seed="2,1,0,0,1,124" ten="334,126,294,246" oya="2" hai0="15,111,133,109,128,64,67,114,82,53,116,28,59" hai1="117,98,48,45,92,110,17,122,132,54,21,6,73" hai2="95,2,75,87,93,50,63,77,36,118,85,8,34" hai3="88,97,104,57,51,121,79,105,9,26,32,25,13"/><V106/><F34/><W120/><G79/><T99/><D116/><U119/><E110/><V96/><F36/><W68/><G68/><T127/><D114/><U126/><E126/><V70/><F118/><W83/><G105/><T102/><D127/><U56/><E73/><V113/><F2/><W115/><G115/><T29/><D133/><U10/><E132/><V66/><F113/><W62/><G104/><T44/><D44/><U89/><E45/><V134/><F106/><W40/><G40/><T130/><D82/><U103/><E103/><V19/><F93/><W65/><G51/><N who="0" m="31167" /><D15/><U49/><E49/><V30/><F30/><N who="0" m="11882" /><D64/><U72/><E72/><V35/><F35/><W23/><G32/><T101/><D67/><U52/><E54/><V33/><F33/><W107/><G107/><N who="0" m="63935" /><D102/><U18/><E122/><V123/><F123/><W94/><G83/><T24/><D24/><U14/><REACH who="1" step="1"/><E17/><REACH who="1" ten="334,116,294,246" step="2"/><V47/><F19/><W43/><G43/><T91/><D91/><U22/><E22/><V71/><F47/><W55/><G55/><T42/><D42/><U108/><E108/><AGARI ba="1,1" hai="108,109,111,128,130" m="63935,11882,31167" machi="108" ten="30,3900,0" yaku="14,1,52,2" doraHai="124" who="0" fromWho="1" sc="334,52,116,-42,294,0,246,0" /><INIT seed="3,0,0,2,1,94" ten="386,74,294,246" oya="3" hai0="87,60,67,70,0,120,16,54,44,65,17,28,99" hai1="93,101,73,40,19,13,25,81,11,83,8,47,86" hai2="92,42,135,72,34,22,121,109,68,5,7,124,55" hai3="3,104,107,89,49,74,133,113,127,108,26,14,41"/><W32/><G3/><T21/><D120/><U36/><E73/><V52/><F34/><W4/><G74/><T58/><D0/><U119/><E119/><V39/><F72/><W115/><G41/><T1/><D1/><U64/><E64/><N who="0" m="24649" /><D70/><U69/><E69/><V129/><F7/><W90/><G49/><N who="0" m="28967" /><D87/><U9/><E25/><V82/><F39/><W66/><G66/><N who="0" m="39191" /><D99/><U102/><E81/><V98/><F82/><W33/><G26/><AGARI ba="0,0" hai="16,17,21,26,28" m="39191,28967,24649" machi="26" ten="30,2000,0" yaku="8,1,54,1" doraHai="94" who="0" fromWho="3" sc="386,20,74,0,294,0,246,-20" /><INIT seed="4,0,0,5,4,57" ten="406,74,294,226" oya="0" hai0="83,81,12,39,73,18,75,85,44,121,2,135,42" hai1="1,68,101,49,62,23,115,124,32,9,55,54,114" hai2="21,98,78,131,89,51,106,52,102,33,133,92,125" hai3="79,36,69,93,50,0,107,82,3,59,26,47,96"/><T77/><D121/><U127/><E101/><V130/><F33/><W128/><G69/><T119/><D119/><U80/><E32/><V20/><F78/><W40/><G107/><T14/><D2/><U10/><E80/><V31/><F133/><W63/><G128/><N who="2" m="49193" /><F31/><W6/><G6/><T100/><D100/><U122/><E23/><V132/><F132/><W87/><G36/><T56/><D135/><U104/><E104/><V46/><F125/><N who="1" m="48201" /><E122/><V99/><AGARI ba="0,0" hai="20,21,46,51,52,89,92,98,99,102,106" m="49193" machi="99" ten="30,2000,0" yaku="19,1,54,1" doraHai="57" who="2" fromWho="2" sc="406,-10,74,-5,294,20,226,-5" /><INIT seed="5,0,0,3,5,129" ten="396,69,314,221" oya="1" hai0="53,63,80,95,77,11,96,48,35,64,133,7,0" hai1="55,50,70,105,17,68,83,1,130,75,73,47,36" hai2="127,9,79,8,38,65,12,67,123,100,51,94,62" hai3="98,102,15,43,74,40,115,87,99,3,72,111,29"/><U60/><E130/><V128/><F38/><W13/><G111/><T57/><D133/><U81/><E105/><V28/><F123/><W135/><G3/><T46/><D35/><U32/><E32/><V109/><F127/><W2/><G2/><T6/><D6/><U121/><E1/><V103/><F79/><W58/><G29/><T41/><D41/><U84/><E121/><V119/><F119/><W107/><G58/><T24/><D24/><U66/><E70/><V34/><F34/><W61/><G61/><T56/><D56/><U93/><E36/><V27/><F28/><W21/><G21/><T20/><D20/><U59/><E68/><V97/><F27/><W110/><G87/><T126/><D126/><U30/><E30/><V85/><F100/><W116/><G102/><T86/><D95/><U108/><E108/><V91/><F51/><W69/><G69/><T118/><D96/><U88/><REACH who="1" step="1"/><E17/><REACH who="1" ten="396,59,314,221" step="2"/><V132/><F128/><W106/><G110/><T54/><D118/><U23/><E23/><V78/><F109/><W92/><G116/><T25/><D0/><U104/><E104/><V37/><F37/><W113/><G92/><T39/><D39/><U114/><E114/><V4/><F94/><W19/><G19/><T124/><D124/><U90/><E90/><V26/><F91/><W5/><G5/><T89/><D89/><U125/><E125/><V120/><F4/><W82/><G82/><AGARI ba="0,1" hai="47,50,55,59,60,66,73,75,81,82,83,84,88,93" machi="82" ten="40,3900,0" yaku="1,1,54,1,53,0" doraHai="129" doraHaiUra="10" who="1" fromWho="3" sc="396,0,59,49,314,0,221,-39" /><INIT seed="5,1,0,3,0,85" ten="396,108,314,182" oya="1" hai0="0,67,49,1,6,36,130,87,104,72,42,94,79" hai1="30,125,41,81,47,66,122,131,2,107,38,59,124" hai2="75,43,55,102,37,24,106,63,82,40,121,25,71" hai3="89,110,20,18,64,115,61,29,12,109,96,69,39"/><U90/><E107/><V91/><F121/><W8/><G39/><T10/><D104/><U98/><E122/><V99/><F25/><W51/><G115/><T35/><D35/><U103/><E2/><V83/><F40/><W92/><G29/><T19/><D67/><U16/><E30/><V48/><F75/><W57/><G69/><T60/><D60/><N who="1" m="38175" /><E103/><V11/><F11/><W132/><G132/><T88/><D130/><U4/><E4/><V45/><F24/><W62/><G62/><T44/><D19/><U50/><E38/><V17/><F17/><W97/><G8/><T77/><D0/><U7/><E7/><V34/><F34/><W56/><G97/><T112/><D112/><U26/><E131/><V93/><F63/><W117/><G117/><T84/><D84/><N who="1" m="50447" /><E98/><V58/><F71/><W5/><G5/><T134/><D134/><U105/><E105/><V100/><F100/><W46/><G57/><T76/><REACH who="0" step="1"/><D49/><REACH who="0" ten="386,108,314,182" step="2"/><U15/><E26/><V123/><F123/><W86/><G86/><AGARI ba="1,1" hai="37,43,45,48,55,58,82,83,86,91,93,99,102,106" machi="86" ten="30,2000,0" yaku="7,1,52,1" doraHai="85" who="2" fromWho="3" sc="386,0,108,0,314,33,182,-23" /><INIT seed="6,0,0,0,3,2" ten="386,108,347,159" oya="2" hai0="56,51,89,129,126,135,44,48,125,38,74,59,60" hai1="63,110,66,22,118,47,8,81,50,100,90,45,75" hai2="16,12,15,33,9,17,93,43,18,68,41,105,5" hai3="94,76,40,87,98,120,77,4,134,79,29,80,62"/><V69/><F105/><W32/><G120/><T116/><D74/><U46/><E118/><V109/><F33/><W122/><G122/><T95/><D116/><U52/><E110/><V133/><F109/><W72/><G134/><T28/><D135/><U78/><E100/><V58/><F133/><W25/><G40/><N who="2" m="15433" /><F69/><W57/><G4/><T84/><D38/><U92/><E22/><V115/><F68/><W53/><REACH who="3" step="1"/><G72/><REACH who="3" ten="386,108,347,149" step="2"/><T114/><D126/><U54/><E8/><N who="2" m="6247" /><F115/><W121/><G121/><T108/><D114/><U7/><E7/><V39/><F39/><W124/><G124/><T13/><D125/><U23/><E23/><V14/><F14/><W130/><G130/><T113/><D13/><U64/><E50/><V82/><F82/><W55/><G55/><T123/><D48/><U1/><E1/><V67/><F93/><W71/><G71/><T86/><D51/><U88/><E66/><V103/><F103/><AGARI ba="0,1" hai="25,29,32,53,57,62,76,77,79,80,87,94,98,103" machi="103" ten="30,2000,0" yaku="1,1,7,1,53,0" doraHai="2" doraHaiUra="127" who="3" fromWho="2" sc="386,0,108,0,347,-20,149,30" /><INIT seed="7,0,0,2,2,40" ten="386,108,327,179" oya="3" hai0="88,78,73,36,22,67,64,63,126,60,69,103,68" hai1="38,96,100,39,82,92,83,5,42,129,109,15,16" hai2="87,1,58,56,108,7,46,70,20,116,89,80,127" hai3="21,130,6,90,101,119,37,86,17,112,32,61,23"/><W45/><G32/><T2/><D126/><U71/><E71/><V132/><F70/><W51/><G37/><T75/><D103/><U59/><E109/><V3/><F108/><W34/><G34/><T53/><D2/><U110/><E110/><V41/><F127/><W118/><G112/><T29/><D36/><U85/><E129/><V111/><F116/><W95/><G130/><T28/><D53/><U33/><E33/><V12/><F132/><W128/><G128/><T4/><D4/><U97/><E5/><V77/><F3/><W134/><G134/><T49/><D49/><U65/><E42/><V98/><F1/><W14/><G101/><T8/><D8/><U102/><E59/><V79/><F79/><W135/><G135/><T123/><D123/><U50/><E50/><V0/><F0/><W107/><G107/><T124/><D124/><U55/><E55/><V105/><F105/><W31/><G61/><T74/><D78/><U81/><E65/><V133/><F20/><W121/><G121/><T94/><D22/><U114/><E114/><V43/><F43/><W26/><G6/><T13/><D13/><U66/><E66/><V25/><F7/><W99/><G23/><T115/><D115/><U117/><E117/><V113/><F113/><W19/><G21/><T27/><D27/><U131/><E131/><V9/><F25/><W35/><G26/><T18/><D18/><U93/><REACH who="1" step="1"/><E85/><AGARI ba="0,0" hai="28,29,60,63,64,67,68,69,73,74,75,85,88,94" machi="85" ten="40,2600,0" yaku="9,1,54,1" doraHai="40" who="0" fromWho="1" sc="386,26,108,-26,327,0,179,0" owari="412,51.0,82,-42.0,327,13.0,179,-22.0" /></mjloggm>