<mjloggm ver="2.3"><GO type="41" lobby="0"/><UN n0="%E2%80%A0%E5%AE%88%E8%AD%B7%E5%A4%A9%E4%BD%BF%E2%80%A0" n1="%E4%BF%BA%E3%81%8C%4E%61%2E%31" n2="%E5%B0%B1%E6%B4%BB%E7%94%9F%40%E5%B7%9D%E6%9D%91%E8%BB%8D%E5%9B%A3" n3="%6B%75%77%61%63%68%6F" dan="14,14,18,14" rate="2021.61,1959.60,2243.33,1882.35" sx="M,M,M,M"/><TAIKYOKU oya="0"/><INIT seed="0,0,0,4,4,81" ten="250,250,250,250" oya="0" hai0="29,60,92,124,14,89,112,61,117,39,109,10,106" hai1="101,113,125,67,2,5,108,84,100,93,48,130,69" hai2="21,103,58,133,11,22,30,65,7,94,4,111,66" hai3="80,27,33,91,123,34,37,73,76,110,116,132,128"/><T70/><D112/><U50/><E113/><V82/><F111/><W114/><RYUUKYOKU type="yao9" ba="0,0" sc="250,0,250,0,250,0,250,0" hai3="27,33,34,37,73,76,80,91,110,114,116,123,128,132" /><INIT seed="0,1,0,5,5,65" ten="250,250,250,250" oya="0" hai0="64,94,12,67,108,26,47,77,103,1,79,7,72" hai1="45,133,54,53,6,27,36,76,107,84,57,38,111" hai2="17,56,100,117,105,73,23,51,119,15,87,135,132" hai3="66,59,114,52,121,89,11,120,125,8,82,62,75"/><T98/><D1/><U28/><E107/><V115/><F73/><W74/><G114/><T63/><D108/><U46/><E111/><V21/><F105/><W112/><G112/><T69/><D72/><U106/><E106/><V83/><F100/><W102/><G102/><T122/><D122/><N who="3" m="47209" /><G125/><T92/><D47/><U128/><E6/><V33/><F33/><W29/><G75/><T18/><D94/><U42/><E84/><V34/><F34/><W5/><G29/><T71/><D26/><U48/><E76/><V14/><F115/><W43/><G43/><T20/><D7/><U123/><E27/><V134/><F56/><N who="3" m="37191" /><G5/><T118/><D118/><N who="2" m="45066" /><F51/><N who="3" m="31135" /><G74/><T110/><D110/><U30/><E28/><V97/><F97/><W24/><G24/><T19/><D18/><U81/><E30/><V78/><F15/><W86/><AGARI ba="1,0" hai="8,11,82,86,89" m="31135,37191,47209" machi="86" ten="30,2000,0" yaku="13,1,54,1" doraHai="65" who="3" fromWho="3" sc="250,-11,250,-6,250,-6,250,23" /><INIT seed="1,0,0,4,0,41" ten="239,244,244,273" oya="1" hai0="69,82,68,126,134,108,59,62,48,103,34,2,12" hai1="94,120,85,117,60,128,43,20,18,90,14,79,88" hai2="39,19,40,130,92,127,72,83,28,64,81,71,75" hai3="22,98,1,56,53,87,27,4,47,25,109,66,52"/><U3/><E120/><V116/><F116/><W33/><G33/><T5/><D2/><U95/><E117/><V13/><F127/><W115/><G115/><T96/><D126/><U45/><E3/><V89/><F130/><W63/><G109/><T78/><D34/><U118/><E118/><V67/><F28/><W31/><G1/><T37/><D37/><U70/><E128/><V80/><F40/><W15/><G87/><T55/><D108/><U129/><E129/><V104/><F104/><W24/><G98/><T16/><D134/><U112/><E112/><V105/><F105/><W26/><REACH who="3" step="1"/><G47/><REACH who="3" ten="239,244,244,263" step="2"/><T131/><D131/><U121/><E121/><V132/><F132/><W124/><G124/><T113/><D113/><U114/><E114/><V101/><F75/><W125/><G125/><T106/><D5/><U49/><E70/><V30/><F72/><W44/><G44/><T123/><D123/><U21/><E79/><V84/><F84/><W7/><G7/><T99/><D99/><N who="1" m="57799" /><E60/><V135/><F135/><W133/><G133/><T86/><REACH who="0" step="1"/><D62/><REACH who="0" ten="229,244,244,263" step="2"/><U51/><E51/><V6/><F39/><W10/><AGARI ba="0,2" hai="4,10,15,22,24,25,26,27,31,52,53,56,63,66" machi="10" ten="30,7900,0" yaku="1,1,0,1,8,1,54,1,53,0" doraHai="41" doraHaiUra="36" who="3" fromWho="3" sc="229,-20,244,-39,244,-20,263,99" /><INIT seed="2,0,0,3,2,129" ten="209,205,224,362" oya="2" hai0="62,89,35,74,92,100,96,20,120,123,88,124,83" hai1="1,67,111,133,60,79,90,47,32,14,56,135,108" hai2="22,3,122,94,114,57,24,50,41,59,93,44,51" hai3="128,82,48,101,130,17,65,26,77,28,70,43,30"/><V34/><F122/><N who="0" m="46634" /><D20/><U121/><E1/><V31/><F114/><W0/><G0/><T87/><D35/><U39/><E32/><V12/><F3/><W38/><G38/><T53/><D53/><U72/><E90/><N who="0" m="34921" /><D62/><U11/><E79/><V103/><F103/><W46/><G101/><T40/><D40/><N who="1" m="22943" /><E72/><V49/><F34/><W110/><G110/><N who="1" m="42026" /><E121/><V18/><F57/><W8/><G70/><T85/><D124/><U16/><AGARI ba="0,0" hai="11,14,16,56,60,67,133,135" m="42026,22943" machi="16" ten="30,7900,0" yaku="14,1,52,2,54,1" doraHai="129" who="1" fromWho="1" sc="209,-20,205,79,224,-39,362,-20" /><INIT seed="3,0,0,5,1,59" ten="189,284,185,342" oya="3" hai0="38,94,134,82,121,24,22,52,36,71,98,29,33" hai1="120,12,17,7,131,122,65,114,15,91,30,87,13" hai2="60,57,2,130,102,101,63,8,31,103,80,20,70" hai3="14,99,97,118,84,23,37,89,124,40,46,11,51"/><W128/><G118/><T32/><D121/><U125/><E114/><V47/><F130/><W41/><G124/><T39/><D134/><U135/><E125/><V66/><F80/><W26/><G128/><T88/><D71/><U1/><E135/><V48/><F31/><N who="3" m="17887" /><G37/><T42/><D42/><U109/><E109/><V62/><F20/><W74/><G41/><T61/><REACH who="0" step="1"/><D82/><REACH who="0" ten="179,284,185,342" step="2"/><U78/><E131/><V86/><F70/><W19/><G74/><T127/><D127/><U95/><E122/><V76/><F2/><W133/><G133/><T35/><D35/><U72/><E120/><V64/><F64/><W83/><AGARI ba="0,1" hai="11,14,19,40,46,51,83,84,89,97,99" m="17887" machi="83" ten="30,1500,0" yaku="8,1" doraHai="59" who="3" fromWho="3" sc="179,-5,284,-5,185,-5,342,25" /><INIT seed="3,1,0,4,4,129" ten="174,279,180,367" oya="3" hai0="126,110,52,85,5,17,19,51,133,128,104,109,108" hai1="31,83,77,48,0,56,113,26,16,37,120,68,75" hai2="105,43,44,6,74,124,23,47,72,99,118,35,73" hai3="112,14,28,116,33,55,93,18,20,131,49,115,134"/><W130/><G93/><T11/><D128/><N who="3" m="49193" /><G49/><T29/><D126/><U1/><E120/><V71/><F35/><W32/><G55/><T106/><D29/><U45/><E113/><N who="3" m="43594" /><G116/><T21/><D85/><U95/><E68/><V76/><F71/><W39/><G39/><T86/><D86/><U38/><E56/><V62/><F6/><W53/><G53/><T66/><D66/><U60/><E60/><V40/><F62/><W4/><G134/><T27/><D133/><U81/><E81/><V114/><F124/><W94/><G94/><T90/><D90/><U54/><E95/><V87/><F114/><W100/><G100/><T89/><D89/><U61/><E61/><V9/><F118/><W42/><G42/><T7/><D106/><U12/><E38/><V103/><F43/><W30/><G4/><T111/><D104/><U57/><E37/><V96/><F40/><W41/><G41/><T119/><D119/><U121/><E45/><V92/><F99/><W80/><G80/><T65/><D65/><U123/><E121/><V102/><F103/><W125/><G125/><T70/><D70/><U91/><E91/><V59/><F105/><W82/><G82/><T101/><D101/><U58/><E58/><V79/><F92/><W13/><G13/><N who="0" m="7359" /><D110/><U135/><E135/><V25/><F102/><W8/><G30/><T122/><D122/><U117/><E117/><V78/><F96/><W127/><G127/><T84/><D84/><U34/><E123/><V10/><F87/><W69/><G69/><T22/><D22/><AGARI ba="1,0" hai="0,1,12,16,22,26,31,34,48,54,57,75,77,83" machi="22" ten="30,2000,0" yaku="7,1,54,1" doraHai="129" who="1" fromWho="0" sc="174,-23,279,23,180,0,367,0" /><INIT seed="4,0,0,2,4,108" ten="151,302,180,367" oya="0" hai0="74,37,66,114,135,30,118,19,50,109,33,98,102" hai1="106,96,24,132,90,133,123,11,113,126,47,4,15" hai2="22,89,49,14,10,43,94,112,21,56,120,86,23" hai3="17,46,72,16,105,131,31,76,35,41,18,79,52"/><T3/><D118/><U75/><E123/><V68/><F68/><W2/><G2/><T32/><D37/><U64/><E75/><V6/><F120/><W40/><G105/><T69/><D74/><U38/><E64/><V36/><F36/><W0/><G0/><T8/><D135/><N who="1" m="51787" /><E126/><V28/><F112/><W81/><G131/><T116/><D116/><U67/><E67/><V85/><F28/><W95/><G79/><T92/><D109/><U77/><E77/><V25/><F25/><W51/><REACH who="3" step="1"/><G95/><REACH who="3" ten="151,302,180,357" step="2"/><T39/><D92/><U110/><E110/><V78/><F78/><W71/><G71/><T107/><D3/><U101/><E106/><V54/><REACH who="2" step="1"/><F43/><REACH who="2" ten="151,302,170,357" step="2"/><W82/><G82/><T34/><D69/><U119/><E119/><V55/><F55/><W20/><G20/><T60/><D34/><U127/><E127/><V134/><F134/><W29/><G29/><T115/><D33/><U13/><E11/><V125/><F125/><W59/><G59/><T88/><D30/><U9/><E9/><V128/><F128/><W61/><G61/><T84/><D32/><U87/><E47/><V121/><F121/><W97/><G97/><AGARI ba="0,2" hai="6,10,14,21,22,23,49,54,56,85,86,89,94,97" machi="97" ten="40,2600,0" yaku="1,1,8,1,53,0" doraHai="108" doraHaiUra="99" who="2" fromWho="3" sc="151,0,302,0,170,46,357,-26" /><INIT seed="5,0,0,2,2,116" ten="151,302,216,331" oya="1" hai0="112,101,12,94,90,37,55,124,11,45,104,18,65" hai1="53,21,29,51,64,54,58,97,126,81,67,8,0" hai2="46,7,24,41,120,3,77,70,114,28,27,125,91" hai3="49,68,121,19,103,72,6,22,118,50,17,43,30"/><U69/><E126/><V128/><F70/><W80/><G68/><T96/><D124/><U1/><E1/><V122/><F125/><W119/><G6/><T132/><D112/><U40/><E40/><V20/><F114/><W111/><G111/><T117/><D117/><U10/><E81/><V135/><F77/><W62/><G30/><T93/><D132/><U100/><E69/><V66/><F66/><N who="1" m="25129" /><E0/><V63/><F63/><W106/><G62/><T60/><D90/><U44/><E97/><V134/><F128/><W82/><G43/><T98/><D98/><U75/><E75/><V13/><F91/><W4/><G22/><T86/><D86/><U133/><E100/><V105/><F105/><W130/><G103/><T59/><D37/><U129/><E129/><V32/><F3/><W56/><G130/><T71/><REACH who="0" step="1"/><D45/><REACH who="0" ten="141,302,216,331" step="2"/><U38/><E133/><N who="2" m="50699" /><F46/><W42/><G118/><T57/><D57/><U61/><E38/><V115/><F115/><W9/><G56/><T31/><D31/><U23/><E29/><N who="2" m="19495" /><F41/><W110/><G42/><T89/><D89/><U33/><E33/><V48/><F48/><AGARI ba="0,1" hai="11,12,18,48,55,59,60,65,71,93,94,96,101,104" machi="48" ten="30,2000,0" yaku="1,1,7,1,53,0" doraHai="116" doraHaiUra="78" who="0" fromWho="2" sc="141,30,302,0,216,-20,331,0" /><INIT seed="6,0,0,5,5,83" ten="171,302,196,331" oya="2" hai0="96,30,114,104,12,94,95,65,25,1,122,54,23" hai1="2,60,24,124,71,38,69,130,7,92,32,132,20" hai2="28,85,108,63,66,121,31,117,36,119,135,35,75" hai3="116,58,5,39,80,102,61,90,0,106,59,89,131"/><V48/><F75/><W120/><G116/><T55/><D122/><U51/><E38/><V112/><F36/><W77/><G120/><T134/><D1/><U13/><E32/><V18/><F121/><W67/><G39/><T57/><D134/><U41/><E2/><V64/><F135/><W109/><G109/><T19/><D114/><U43/><E132/><V82/><F112/><W93/><G106/><T113/><D113/><U21/><E130/><V125/><F125/><W123/><G123/><T128/><D128/><U111/><E111/><V79/><F108/><W22/><G131/><T129/><D129/><U101/><E101/><V37/><F37/><W53/><G102/><T81/><D81/><U105/><E92/><V6/><F6/><W68/><G59/><T74/><D74/><U49/><E13/><V99/><F99/><W91/><G22/><T29/><D104/><U70/><E60/><V110/><F110/><W100/><G100/><N who="0" m="60439" /><D95/><U44/><E7/><V17/><F48/><W3/><G93/><T103/><D103/><U34/><E34/><V52/><F117/><W133/><G133/><T40/><D40/><U42/><E105/><V14/><F119/><W47/><G5/><T8/><D30/><N who="2" m="11306" /><F35/><W73/><G3/><T87/><D87/><U107/><E107/><V26/><F26/><W88/><G0/><T9/><D9/><U84/><E24/><V4/><F4/><W11/><G11/><T76/><D76/><U45/><E84/><V56/><F17/><W86/><G47/><N who="1" m="17994" /><E124/><V46/><F46/><W62/><G73/><T27/><D27/><RYUUKYOKU ba="0,0" sc="171,0,302,0,196,0,331,0" hai0="8,12,19,23,25,29,54,55,57,65" hai1="20,21,41,42,43,49,51,69,70,71" hai2="14,18,52,56,63,64,66,79,82,85" hai3="53,58,61,62,67,68,77,80,86,88,89,90,91" /><INIT seed="6,1,0,2,0,74" ten="171,302,196,331" oya="2" hai0="135,104,69,131,53,34,121,17,30,36,25,107,126" hai1="114,18,106,108,4,10,132,130,112,51,15,127,5" hai2="49,88,113,46,66,59,52,21,85,26,6,84,99" hai3="22,1,133,77,89,78,103,81,63,134,8,27,40"/><V115/><F6/><N who="1" m="2665" /><E106/><V97/><F84/><N who="3" m="50319" /><G1/><T61/><D121/><U125/><E51/><V57/><F113/><N who="1" m="43625" /><E108/><V13/><F13/><W92/><G8/><T71/><D36/><U56/><E56/><N who="2" m="21579" /><F66/><W58/><G40/><T43/><D43/><U75/><E75/><V28/><F115/><W47/><G47/><T116/><D126/><N who="1" m="48139" /><E130/><V42/><F42/><W16/><G92/><AGARI ba="1,0" hai="21,26,28,46,49,52,85,88,92,97,99" m="21579" machi="92" ten="30,5800,0" yaku="8,1,54,2" doraHai="74" who="2" fromWho="3" sc="171,0,302,0,196,61,331,-61" /><INIT seed="6,2,0,2,5,81" ten="171,302,257,270" oya="2" hai0="44,107,120,12,121,35,122,119,118,58,95,5,19" hai1="65,60,103,109,86,78,41,24,10,55,25,90,114" hai2="52,37,45,43,84,9,100,67,133,97,13,59,33" hai3="54,130,106,105,53,18,71,38,135,115,63,72,73"/><V128/><F33/><W29/><G38/><T1/><D107/><U98/><E109/><V123/><F123/><N who="0" m="31490" /><T127/><DORA hai="83" /><D95/><U92/><E41/><V57/><F128/><W31/><G18/><T99/><D58/><U110/><E110/><V131/><F131/><W75/><G130/><T80/><D44/><U3/><E55/><N who="3" m="21002" /><G63/><T23/><D99/><U82/><E114/><V21/><F133/><W132/><G71/><T51/><D51/><U22/><E22/><V117/><F21/><W74/><N who="3" m="18944" /><DORA hai="113" /><W46/><G46/><T16/><D80/><U93/><E10/><V30/><F30/><N who="3" m="11275" /><G115/><T134/><D134/><AGARI ba="2,0" hai="105,106,132,134,135" m="11275,18944,21002" machi="134" ten="60,7700,0" yaku="28,2,20,1" doraHai="81,83,113" who="3" fromWho="0" sc="171,-83,302,0,257,0,270,83" /><INIT seed="7,0,0,0,1,75" ten="88,302,257,353" oya="3" hai0="27,94,84,129,69,15,25,121,32,135,83,132,120" hai1="64,22,113,106,57,85,4,14,134,133,118,71,115" hai2="5,21,114,10,86,99,110,51,124,126,88,107,90" hai3="60,130,8,81,35,7,29,30,92,109,16,122,80"/><W77/><G122/><T119/><D94/><U17/><E106/><V18/><F110/><W117/><G117/><T31/><D84/><U2/><E71/><V23/><F114/><N who="1" m="43529" /><E64/><V34/><F34/><W111/><G81/><T46/><D83/><U36/><E57/><V45/><F107/><W13/><G130/><T39/><D46/><U103/><E103/><V61/><F61/><W11/><G92/><T24/><D39/><U28/><E36/><V67/><F67/><W49/><G60/><T53/><D53/><U112/><E85/><V6/><F99/><W3/><G49/><T40/><D40/><U125/><N who="1" m="43537" /><U47/><DORA hai="12" /><E47/><V96/><F96/><W82/><G82/><T97/><D97/><U19/><E118/><V43/><F90/><W131/><G131/><T101/><D101/><U66/><E66/><V95/><F21/><W33/><G33/><T127/><D69/><U78/><E125/><N who="2" m="48235" /><F10/><W70/><G70/><T0/><D127/><U62/><E62/><V20/><F20/><W56/><G35/><T41/><D41/><U54/><E22/><V108/><F108/><N who="3" m="41547" /><G56/><T50/><D50/><U73/><E2/><V37/><F37/><W76/><G3/><T74/><D74/><U59/><E28/><V26/><AGARI ba="0,0" hai="5,6,18,23,26,43,45,51,86,88,95" m="48235" machi="26" ten="30,4000,0" yaku="18,1,52,1,54,1" doraHai="75,12" who="2" fromWho="2" sc="88,-10,302,-10,257,40,353,-20" owari="78,-42.0,292,-11.0,297,10.0,333,43.0" /></mjloggm>