<mjloggm ver="2.3"><GO type="169" lobby="0"/><UN n0="%E5%91%82%E5%A7%AB" n1="%E2%98%86%E5%AE%AE%E6%B0%B8%E7%85%A7%E3%81%A1%E3%82%83%E3%82%93%E2%98%86" n2="%E5%B0%B1%E6%B4%BB%E7%94%9F%40%E5%B7%9D%E6%9D%91%E8%BB%8D%E5%9B%A3" n3="%E5%AE%AE%E5%B4%8E%E7%9C%8C%E4%BB%A3%E8%A1%A8" dan="16,16,17,16" rate="2098.90,2160.72,2214.32,2087.33" sx="F,M,M,M"/><TAIKYOKU oya="0"/><INIT seed="0,0,0,3,2,122" ten="250,250,250,250" oya="0" hai0="27,65,90,55,106,21,48,2,128,89,15,71,80" hai1="7,113,37,6,93,12,51,30,108,39,49,0,86" hai2="110,127,25,61,131,32,45,69,42,87,62,109,22" hai3="119,68,112,101,5,1,17,99,124,57,111,35,16"/><T53/><D106/><U92/><E30/><V81/><F32/><W70/><G111/><N who="2" m="42505" /><F131/><W125/><G35/><T120/><D2/><U104/><E108/><V26/><F127/><N who="3" m="48715" /><G119/><T56/><D15/><U123/><E123/><V88/><F69/><N who="3" m="26731" /><G112/><T102/><D102/><U135/><E0/><V76/><F76/><W114/><G114/><T31/><D71/><U18/><E113/><V129/><F129/><W83/><G83/><T95/><D120/><U72/><E135/><V11/><F11/><N who="3" m="2479" /><G57/><T41/><D65/><U126/><E7/><V73/><F73/><W14/><G14/><T59/><D41/><U40/><E6/><V47/><F47/><W77/><G77/><T58/><D128/><U20/><E72/><V130/><F130/><W64/><G64/><T36/><D36/><U116/><E39/><N who="2" m="21727" /><F26/><W79/><G79/><T8/><D8/><U78/><E78/><V9/><F9/><W10/><G10/><T91/><D58/><U107/><E37/><V66/><F66/><W24/><G24/><T44/><D44/><U54/><E126/><V52/><F52/><W60/><G60/><T94/><D80/><U134/><E54/><V103/><F103/><W19/><G19/><AGARI ba="0,0" hai="19,22,25,61,62,81,87,88" m="21727,42505" machi="19" ten="30,8000,1" yaku="14,1,52,3,54,1" doraHai="122" who="2" fromWho="3" sc="250,0,250,0,250,80,250,-80" /><INIT seed="1,0,0,3,4,133" ten="250,250,330,170" oya="1" hai0="60,37,81,40,23,15,53,68,30,50,79,77,75" hai1="27,61,38,3,107,112,82,52,120,72,69,42,62" hai2="11,45,48,13,87,47,78,33,65,73,56,34,86" hai3="14,89,36,88,129,32,20,26,2,31,113,121,115"/><U43/><E120/><V126/><F73/><W109/><G36/><T44/><D77/><U135/><E112/><V95/><F47/><W49/><G121/><T0/><D0/><U55/><E3/><V80/><F56/><W91/><G109/><T54/><D54/><U71/><E107/><V99/><F65/><W118/><G118/><T92/><D92/><U108/><E72/><V114/><F87/><W106/><G106/><T131/><D131/><U119/><E27/><V66/><F66/><W41/><G2/><T103/><D103/><U18/><E18/><V97/><F97/><W125/><G129/><T105/><D105/><U111/><E82/><V57/><F57/><W59/><G125/><T21/><D30/><U127/><E119/><V19/><F126/><W93/><G93/><T134/><D134/><U70/><E135/><V7/><F19/><W85/><G85/><T51/><D51/><U46/><E42/><V98/><F98/><W83/><G83/><T58/><D15/><U29/><E29/><V22/><F22/><W1/><G1/><T117/><D117/><U74/><E74/><V28/><F28/><W110/><G110/><N who="1" m="42026" /><E127/><V35/><F114/><W122/><G122/><T64/><AGARI ba="0,0" hai="21,23,37,40,44,50,53,58,60,64,68,75,79,81" machi="64" ten="30,4000,0" yaku="0,1,24,2" doraHai="133" who="0" fromWho="0" sc="250,40,250,-20,330,-10,170,-10" /><INIT seed="2,0,0,1,4,16" ten="290,230,320,160" oya="2" hai0="7,93,123,11,111,132,54,32,15,74,47,87,80" hai1="69,91,2,104,30,0,113,130,70,77,81,71,84" hai2="36,14,115,117,98,19,121,124,109,118,67,57,100" hai3="73,26,85,60,110,107,50,17,63,42,90,135,68"/><V106/><F121/><W34/><G110/><T61/><D32/><U24/><E113/><V41/><F115/><W6/><G107/><T83/><D123/><U27/><E104/><V64/><F124/><W59/><G73/><T127/><D111/><U58/><E130/><V55/><F109/><W40/><G68/><T82/><D127/><U22/><E58/><V131/><F131/><W35/><G6/><T43/><D132/><U108/><E108/><V23/><F41/><N who="3" m="15979" /><G35/><T66/><D54/><U49/><E49/><V103/><F103/><W126/><G34/><T38/><D93/><U5/><E5/><V88/><F36/><W134/><G126/><T75/><REACH who="0" step="1"/><D87/><REACH who="0" ten="280,230,320,160" step="2"/><U1/><E1/><V97/><F67/><W125/><G125/><T129/><D129/><U3/><E3/><V92/><REACH who="2" step="1"/><F64/><REACH who="2" ten="280,230,310,160" step="2"/><W20/><G135/><T56/><AGARI ba="0,2" hai="7,11,15,38,43,47,56,61,66,74,75,80,82,83" machi="56" ten="30,4000,0" yaku="1,1,0,1,53,1" doraHai="16" doraHaiUra="9" who="0" fromWho="0" sc="280,60,230,-10,310,-20,160,-10" /><INIT seed="3,0,0,3,0,117" ten="340,220,290,150" oya="3" hai0="73,19,131,44,114,66,31,63,64,0,90,27,101" hai1="84,123,45,104,121,94,43,55,36,46,74,132,30" hai2="67,40,107,112,134,98,62,53,105,42,130,65,77" hai3="16,100,24,75,69,4,7,119,58,52,83,15,71"/><W110/><G119/><T118/><D0/><U92/><E104/><V34/><F112/><W91/><G100/><T23/><D73/><U33/><E74/><V87/><F34/><W35/><G110/><T89/><D118/><U22/><E33/><V17/><F134/><W13/><G71/><T29/><D131/><U72/><E72/><V47/><F130/><W1/><G69/><T60/><D101/><U10/><E10/><V49/><F98/><W18/><G1/><T37/><D37/><U81/><E132/><V20/><F107/><W97/><G24/><T68/><D44/><U76/><E30/><N who="0" m="11273" /><D68/><U26/><E22/><V21/><F21/><N who="3" m="11423" /><G75/><T50/><D50/><U32/><E26/><V88/><F77/><W116/><G116/><T113/><D113/><U124/><E124/><V99/><F99/><W39/><G39/><T82/><D82/><U56/><E46/><V12/><F105/><W61/><G35/><T133/><D133/><U51/><REACH who="1" step="1"/><E32/><REACH who="1" ten="340,210,290,150" step="2"/><V8/><F8/><N who="3" m="6439" /><G83/><T28/><D28/><U93/><AGARI ba="0,1" hai="36,43,45,51,55,56,76,81,84,92,93,94,121,123" machi="93" ten="30,7900,0" yaku="1,1,0,1,52,2,53,0" doraHai="117" doraHaiUra="57" who="1" fromWho="1" sc="340,-20,210,89,290,-20,150,-39" /><INIT seed="4,0,0,5,4,19" ten="320,299,270,111" oya="0" hai0="103,59,109,13,134,123,100,93,56,89,118,112,116" hai1="8,37,2,96,120,31,29,102,6,51,133,16,84" hai2="69,105,106,85,12,117,83,122,1,27,91,126,86" hai3="42,68,44,7,21,23,98,49,66,32,14,115,4"/><T25/><D123/><U20/><E37/><V131/><F1/><W35/><G115/><T104/><D112/><U10/><E10/><V57/><F122/><W95/><G68/><T127/><D104/><U11/><E133/><V76/><F69/><W94/><G66/><T9/><D134/><U54/><E84/><V124/><F117/><W132/><G132/><T70/><D70/><U63/><E63/><V26/><F12/><W72/><G72/><T108/><D25/><N who="2" m="9226" /><F57/><N who="0" m="22090" /><D127/><N who="2" m="48682" /><F131/><W110/><G110/><N who="0" m="42603" /><D118/><U47/><E11/><V30/><F30/><W38/><G38/><T71/><D71/><U17/><E120/><V33/><F33/><W125/><G125/><T114/><D114/><U99/><E17/><V0/><F0/><W135/><G135/><T111/><D116/><U48/><E48/><V78/><F78/><W81/><G35/><T101/><D111/><U119/><E119/><V5/><F5/><W82/><G32/><T80/><D80/><AGARI ba="0,0" hai="76,80,83,85,86,91,105,106" m="48682,9226" machi="80" ten="30,1000,0" yaku="18,1" doraHai="19" who="2" fromWho="0" sc="320,-10,299,0,270,10,111,0" /><INIT seed="5,0,0,3,1,82" ten="310,299,280,111" oya="1" hai0="43,120,68,112,128,22,9,11,29,63,6,122,118" hai1="23,46,15,135,30,61,17,127,67,75,76,13,93" hai2="2,102,110,32,3,10,38,114,130,83,88,51,60" hai3="108,39,69,94,134,19,133,31,44,37,56,115,8"/><U45/><E135/><V96/><F110/><W28/><G69/><T49/><D118/><U126/><E30/><V84/><F38/><W100/><G108/><T7/><D112/><U52/><E76/><V64/><F114/><W5/><G115/><T72/><D72/><U57/><E75/><V18/><F32/><W74/><G74/><T92/><D92/><U121/><E121/><N who="0" m="46697" /><D128/><U124/><E15/><V129/><F51/><W48/><G19/><T58/><D68/><U78/><E78/><V50/><F50/><W70/><G70/><T86/><D86/><U33/><E33/><V16/><F60/><W123/><G123/><T65/><D29/><U79/><E79/><V89/><F89/><W34/><G34/><T105/><D105/><U41/><E41/><V47/><F64/><W25/><G31/><T104/><D104/><U125/><N who="1" m="32256" /><DORA hai="103" /><U14/><E93/><N who="2" m="58639" /><F47/><W71/><G44/><N who="0" m="25759" /><D22/><U62/><REACH who="1" step="1"/><E13/><REACH who="1" ten="310,289,280,111" step="2"/><N who="2" m="7223" /><F3/><W99/><G133/><T12/><D12/><U1/><E1/><V111/><F2/><W77/><G134/><T36/><D6/><U119/><E119/><V4/><F4/><W53/><G5/><T131/><D7/><U87/><E87/><V132/><F132/><W106/><G77/><T54/><D131/><N who="2" m="50186" /><F18/><W107/><G28/><T116/><D116/><U117/><E117/><V95/><F111/><W101/><G25/><T73/><D73/><U97/><E97/><V59/><F95/><W24/><G94/><T35/><D35/><U42/><E42/><V113/><F113/><W81/><G24/><T109/><D109/><U21/><E21/><RYUUKYOKU ba="0,1" sc="310,-15,289,15,280,15,111,-15" hai1="14,17,23,45,46,52,57,61,62,67" hai2="59,83,84,88" /><INIT seed="5,1,1,3,5,32" ten="295,304,295,96" oya="1" hai0="93,15,74,125,96,81,27,78,28,55,84,85,50" hai1="61,82,77,60,133,119,64,45,11,46,1,63,92" hai2="103,39,68,69,83,132,128,7,104,123,0,52,54" hai3="101,112,130,25,14,79,36,47,41,106,114,124,131"/><U71/><E119/><V117/><F123/><W75/><G14/><T3/><D125/><U107/><E107/><V17/><F117/><W30/><G124/><T94/><D15/><U109/><E133/><V6/><F39/><W51/><G101/><T90/><D93/><U76/><E109/><V127/><F127/><W35/><G51/><T57/><REACH who="0" step="1"/><D3/><REACH who="0" ten="285,304,295,96" step="2"/><U99/><E1/><V115/><F0/><W16/><G106/><T113/><D113/><U70/><E70/><V38/><F104/><W34/><G34/><AGARI ba="1,2" hai="27,28,34,50,55,57,74,78,81,84,85,90,94,96" machi="34" ten="30,3900,0" yaku="1,1,7,1,53,1" doraHai="32" doraHaiUra="22" who="0" fromWho="3" sc="285,62,304,0,295,0,96,-42" /><INIT seed="6,0,0,2,5,39" ten="347,304,295,54" oya="2" hai0="79,132,129,1,122,94,119,57,66,73,77,87,43" hai1="34,85,106,10,17,96,47,104,131,33,38,67,103" hai2="64,6,117,78,65,99,42,127,100,74,83,68,40" hai3="59,48,69,62,84,95,89,28,135,51,111,121,133"/><V90/><F117/><W27/><G111/><T107/><D107/><U30/><E131/><V7/><F127/><W56/><G121/><T22/><D73/><U26/><E104/><V70/><F90/><W130/><G69/><T23/><D1/><U29/><E67/><V45/><F65/><W125/><G130/><T11/><D11/><U101/><E101/><V55/><F55/><W13/><G125/><T31/><D31/><U9/><E17/><V25/><F25/><W14/><G133/><T46/><D132/><U126/><E126/><V98/><F98/><W2/><G2/><T134/><D134/><U93/><E106/><V76/><F76/><W36/><G36/><T44/><D94/><U19/><E19/><V110/><F110/><W52/><G135/><T72/><D72/><U60/><E60/><V21/><F21/><W91/><G91/><T12/><D22/><U105/><E105/><V35/><F35/><W112/><G112/><T32/><D32/><U115/><E85/><V53/><F53/><W114/><G48/><T5/><D87/><U113/><E30/><V0/><F64/><W102/><G102/><T8/><D66/><U58/><E34/><V41/><F45/><W82/><G82/><T61/><D46/><U124/><E124/><V123/><F123/><W3/><G3/><T80/><D44/><U81/><E81/><V54/><F54/><N who="3" m="34167" /><G114/><N who="1" m="43530" /><E47/><V63/><F63/><W15/><G28/><T86/><D80/><U109/><E38/><V97/><F97/><W37/><G37/><T50/><D122/><U20/><E33/><V16/><F0/><RYUUKYOKU ba="0,0" sc="347,-10,304,-10,295,-10,54,30" hai3="13,14,15,27,51,52,56,84,89,95" /><INIT seed="7,1,0,3,3,3" ten="337,294,285,84" oya="3" hai0="95,39,18,65,35,0,20,113,70,134,104,14,127" hai1="105,82,28,119,93,110,40,59,103,101,108,102,44" hai2="36,71,41,116,5,125,22,96,106,6,47,12,61" hai3="130,48,99,33,75,46,111,37,131,25,9,128,1"/><W29/><G111/><T23/><D104/><U52/><E119/><V45/><F116/><W4/><G75/><T63/><D35/><U88/><E105/><V38/><F125/><W49/><REACH who="3" step="1"/><G99/><REACH who="3" ten="337,294,285,74" step="2"/><T8/><D127/><U11/><E108/><V92/><F38/><W87/><G87/><T68/><D39/><U76/><E110/><V107/><F107/><W91/><G91/><T19/><D95/><U27/><E102/><V120/><F106/><W123/><G123/><T126/><D126/><U66/><E101/><V60/><F120/><W81/><G81/><T133/><D133/><U62/><E103/><V58/><F96/><W53/><G53/><T114/><D134/><U100/><E100/><V26/><F92/><W55/><G55/><T50/><D114/><U118/><E118/><V94/><F94/><W90/><G90/><T117/><D113/><U115/><E115/><V30/><F36/><W51/><G51/><T13/><D50/><N who="1" m="26887" /><E52/><V135/><F135/><W112/><G112/><T97/><D97/><N who="1" m="57511" /><E82/><V84/><F84/><W10/><G10/><T21/><D117/><U2/><E11/><V42/><F42/><AGARI ba="1,1" hai="1,4,9,25,29,33,37,42,46,48,49,128,130,131" machi="42" ten="40,12000,1" yaku="1,1,19,1,52,1,53,1" doraHai="3" doraHaiUra="43" who="3" fromWho="2" sc="337,0,294,0,285,-123,74,133" /><INIT seed="7,2,0,5,5,75" ten="337,294,162,207" oya="3" hai0="23,25,76,130,122,117,113,13,108,111,44,34,82" hai1="37,62,57,16,125,30,135,119,17,115,85,107,87" hai2="131,51,80,32,4,83,39,43,127,70,121,1,3" hai3="33,52,20,100,95,68,124,49,14,69,105,11,5"/><W118/><G33/><T112/><D117/><U60/><E119/><V47/><F121/><W104/><G124/><T106/><D122/><U102/><E125/><V90/><F127/><W71/><G118/><T64/><D130/><U96/><E115/><N who="0" m="44105" /><D106/><U86/><E135/><V15/><F131/><W19/><G104/><T79/><D79/><U58/><E30/><V46/><F70/><W38/><G38/><T109/><D34/><U2/><E2/><V81/><F32/><W128/><G128/><T40/><D13/><U74/><E74/><V126/><F126/><W21/><G105/><T88/><D88/><U56/><REACH who="1" step="1"/><E37/><REACH who="1" ten="337,284,162,207" step="2"/><V8/><REACH who="2" step="1"/><F90/><REACH who="2" ten="337,284,152,207" step="2"/><W42/><G100/><T61/><D108/><U12/><E12/><V129/><F129/><W114/><G114/><T101/><D109/><U133/><E133/><V36/><F36/><W55/><G14/><T72/><D111/><U10/><E10/><V116/><F116/><W93/><G11/><T94/><D23/><U103/><E103/><V29/><F29/><W22/><G21/><T73/><D101/><U98/><E98/><V120/><F120/><W123/><G22/><T59/><D25/><U53/><E53/><AGARI ba="2,2" hai="1,3,4,8,15,39,43,46,47,51,53,80,81,83" machi="53" ten="40,5200,0" yaku="1,1,53,2" doraHai="75" doraHaiUra="35" who="2" fromWho="1" sc="337,0,284,-58,152,78,207,0" owari="337,43.0,226,-17.0,230,3.0,207,-29.0" /></mjloggm>