<mjloggm ver="2.3"><GO type="169" lobby="0"/><UN n0="%E3%82%BF%EF%BD%9E%E5%9D%8A" n1="%6E%61%63%6F%6D%61%69%69" n2="%E3%82%A6%E3%83%AB%E3%83%88%E3%83%A9%E7%AB%8B%E7%9B%B4" n3="%E3%82%88%E3%81%A3%E3%81%A1%E3%82%83%E3%82%93%30%31" dan="16,16,18,16" rate="2109.49,2108.66,2217.26,2064.88" sx="M,F,M,M"/><TAIKYOKU oya="0"/><INIT seed="0,0,0,3,3,61" ten="250,250,250,250" oya="0" hai0="48,89,64,77,21,5,131,6,66,0,29,71,8" hai1="127,65,100,68,73,107,31,17,129,95,63,46,3" hai2="103,41,22,76,44,13,128,12,28,72,54,47,2" hai3="119,27,125,49,58,133,36,117,116,82,56,106,113"/><T1/><D131/><U74/><E129/><V10/><F128/><W32/><G113/><T43/><D71/><U52/><E127/><V92/><F2/><W105/><G125/><T24/><D77/><U121/><E121/><V67/><F76/><W11/><G133/><T101/><D101/><U42/><E3/><V86/><F72/><W84/><G36/><T40/><D89/><U122/><E122/><V110/><F54/><W35/><G11/><T99/><D99/><U7/><E7/><V91/><F103/><W4/><G4/><T93/><D93/><U14/><E31/><V78/><F78/><W39/><G39/><T109/><D109/><U23/><E107/><V111/><F67/><W112/><G112/><T60/><D60/><U9/><E23/><V88/><F91/><W120/><G120/><T134/><D134/><U45/><E100/><V57/><F57/><W85/><G49/><T75/><D75/><U96/><E95/><V81/><F92/><W90/><G27/><T87/><D87/><N who="3" m="33353" /><G90/><T20/><D48/><U37/><E96/><V19/><F28/><W51/><G51/><T98/><D98/><U15/><E15/><V53/><F53/><W94/><G94/><T62/><D62/><U123/><E123/><V104/><F104/><N who="3" m="40043" /><G82/><T69/><D69/><U124/><E124/><V83/><F83/><W79/><G79/><T59/><D59/><AGARI ba="0,0" hai="32,35,56,58,59,116,117,119" m="40043,33353" machi="59" ten="40,2600,0" yaku="28,2" doraHai="61" who="3" fromWho="0" sc="250,-26,250,0,250,0,250,26" /><INIT seed="1,0,0,1,0,24" ten="224,250,250,276" oya="1" hai0="54,81,47,61,31,57,112,0,72,58,17,45,6" hai1="130,117,27,75,20,122,119,82,104,92,40,56,87" hai2="64,101,124,74,135,19,120,39,29,44,9,91,115" hai3="110,50,7,46,78,63,25,129,32,4,38,133,22"/><U113/><E122/><V60/><F120/><W53/><G110/><T121/><D112/><U14/><E113/><V79/><F115/><W68/><G129/><T2/><D121/><U126/><E104/><V67/><F124/><W95/><G133/><T37/><D17/><U10/><E130/><V94/><F101/><W134/><G134/><T118/><D118/><U85/><E75/><V15/><F135/><W131/><G131/><T99/><D99/><U48/><E92/><V105/><F105/><W16/><G32/><T33/><D37/><U36/><E87/><V43/><F60/><W128/><G128/><T41/><D41/><U109/><E126/><V59/><F59/><W88/><G78/><T111/><D111/><U52/><E109/><V18/><F18/><W26/><G26/><T49/><D72/><U62/><E36/><V42/><F42/><W34/><G34/><T106/><D106/><U96/><E96/><V84/><F79/><W3/><G3/><T102/><D102/><U30/><E62/><V98/><F98/><W55/><G38/><T73/><D73/><U125/><E40/><V65/><REACH who="2" step="1"/><F74/><REACH who="2" ten="224,250,240,276" step="2"/><W13/><G68/><T80/><D58/><U51/><E125/><V103/><F103/><W76/><G76/><T114/><D114/><U1/><E119/><V28/><AGARI ba="0,1" hai="9,15,19,28,29,39,43,44,64,65,67,84,91,94" machi="28" ten="30,7900,0" yaku="1,1,0,1,52,2,53,0" doraHai="24" doraHaiUra="66" who="2" fromWho="2" sc="224,-20,250,-39,240,89,276,-20" /><INIT seed="2,0,0,3,3,95" ten="204,211,329,256" oya="2" hai0="113,77,119,61,135,48,28,86,56,85,128,89,51" hai1="52,81,74,30,27,102,37,112,36,72,68,101,100" hai2="114,24,118,7,16,117,0,133,39,125,14,20,23" hai3="110,120,67,64,12,108,76,33,88,107,26,90,121"/><V91/><F39/><W111/><G107/><T25/><D113/><U8/><E112/><V115/><F91/><N who="3" m="34859" /><G76/><T122/><D122/><N who="3" m="47209" /><G12/><T13/><D119/><N who="2" m="45578" /><F125/><W10/><G10/><T3/><D3/><U32/><E68/><V42/><F42/><W35/><G26/><T34/><D13/><U59/><E8/><N who="2" m="2151" /><F133/><W58/><G58/><T65/><D135/><U73/><REACH who="1" step="1"/><E81/><REACH who="1" ten="204,201,329,256" step="2"/><V116/><F116/><W99/><G99/><T45/><D128/><U49/><AGARI ba="0,1" hai="27,30,32,36,37,49,52,59,72,73,74,100,101,102" machi="49" ten="40,8000,1" yaku="1,1,2,1,0,1,54,1,53,0" doraHai="95" doraHaiUra="94" who="1" fromWho="1" sc="204,-20,201,90,329,-40,256,-20" /><INIT seed="3,0,0,2,2,10" ten="184,291,289,236" oya="3" hai0="25,53,110,20,128,1,14,40,131,36,117,41,83" hai1="51,19,7,134,75,12,4,9,21,124,80,79,38" hai2="116,122,69,126,37,111,102,24,73,63,16,43,120" hai3="13,29,85,82,92,39,93,2,34,125,87,106,86"/><W60/><G2/><T28/><D1/><U50/><E134/><V27/><F116/><W115/><G39/><T6/><D117/><U76/><E124/><V135/><F73/><W54/><G125/><T3/><D3/><U104/><E104/><V113/><F113/><W45/><G115/><T35/><D110/><U84/><E38/><V30/><F111/><W107/><G82/><T132/><D132/><U103/><E103/><V23/><F126/><W66/><G29/><T88/><D53/><U129/><E129/><N who="0" m="49737" /><D36/><U52/><E51/><V17/><F135/><W58/><G34/><T70/><D70/><U108/><E108/><V68/><F102/><W56/><G45/><T101/><D101/><U26/><E75/><V59/><F43/><W33/><G33/><T78/><D78/><N who="1" m="46103" /><E7/><V22/><F30/><W90/><G93/><T46/><D46/><AGARI ba="0,0" hai="4,9,12,19,21,26,46,50,52,76,79" m="46103" machi="46" ten="30,3900,0" yaku="8,1,52,1,54,1" doraHai="10" who="1" fromWho="0" sc="184,-39,291,39,289,0,236,0" /><INIT seed="4,0,0,4,5,42" ten="145,330,289,236" oya="0" hai0="89,74,95,21,7,109,54,84,44,23,131,68,19" hai1="60,14,39,0,1,75,20,78,43,113,101,22,132" hai2="124,71,76,33,87,85,120,115,82,97,129,96,92" hai3="72,16,110,79,48,130,26,5,125,46,127,35,93"/><T49/><D131/><U9/><E132/><V94/><F71/><W98/><G130/><T37/><D68/><U13/><E101/><N who="2" m="60551" /><F33/><W41/><G110/><T73/><D109/><U128/><E113/><V52/><F129/><W105/><G105/><T64/><D64/><U55/><E78/><V81/><F52/><W32/><G5/><T111/><D111/><U112/><E75/><V133/><F133/><W24/><G72/><T34/><D34/><U45/><E112/><V126/><F120/><W47/><G79/><T62/><D7/><U61/><E14/><V117/><F117/><W104/><G104/><T88/><D62/><U99/><E99/><V58/><F58/><W80/><G80/><T2/><D2/><U123/><E123/><V38/><F38/><W70/><G70/><T69/><D69/><U36/><E36/><V100/><F115/><W86/><G86/><T30/><D37/><U63/><E55/><V56/><F56/><W134/><G134/><T83/><D30/><U6/><E128/><V108/><F108/><W4/><G4/><T77/><D23/><U27/><E22/><V40/><F40/><W57/><G57/><T116/><D116/><U12/><E1/><V15/><F15/><W121/><G121/><T51/><D51/><U29/><AGARI ba="0,0" hai="0,6,9,12,13,20,27,29,39,43,45,60,61,63" machi="29" ten="30,2000,0" yaku="0,1,52,1" doraHai="42" who="1" fromWho="1" sc="145,-10,330,20,289,-5,236,-5" /><INIT seed="5,0,0,4,1,61" ten="135,350,284,231" oya="1" hai0="32,92,112,52,126,93,42,35,71,90,133,96,88" hai1="76,0,6,41,125,128,63,4,81,31,86,50,123" hai2="38,77,113,99,18,74,15,29,24,82,26,34,73" hai3="23,60,51,66,94,54,80,9,122,129,1,40,104"/><U102/><E123/><V98/><F38/><W117/><G122/><T70/><D112/><U110/><E128/><V100/><F113/><W132/><G129/><T68/><D133/><U103/><E125/><V124/><F124/><W59/><G132/><T97/><D126/><U121/><E121/><V87/><F24/><W106/><G117/><T69/><N who="0" m="17408" /><DORA hai="3" /><T10/><D42/><U83/><E81/><V36/><F36/><W13/><G1/><T30/><D30/><U72/><E72/><V12/><F12/><W44/><G23/><T135/><D135/><U62/><E31/><V8/><F99/><W101/><G40/><T127/><D127/><U17/><E17/><V89/><F77/><W16/><REACH who="3" step="1"/><G80/><REACH who="3" ten="135,350,284,221" step="2"/><T5/><REACH who="0" step="1"/><D52/><REACH who="0" ten="125,350,284,221" step="2"/><U79/><E41/><V7/><F34/><W75/><G75/><T43/><D43/><U39/><E39/><V64/><F74/><W91/><G91/><T19/><D19/><U85/><E79/><V78/><F78/><W105/><G105/><T84/><D84/><U48/><E76/><V118/><F73/><W53/><G53/><T111/><D111/><U22/><E110/><V14/><F18/><W55/><G55/><T21/><D21/><U57/><E22/><V58/><F89/><W120/><G120/><T67/><D67/><U116/><E86/><V65/><F87/><W47/><G47/><T134/><D134/><U28/><E85/><V56/><F65/><W131/><G131/><T49/><D49/><U95/><E50/><V130/><F64/><W45/><G45/><T119/><D119/><U37/><E48/><RYUUKYOKU ba="0,2" sc="125,15,350,-15,284,-15,221,15" hai0="5,10,32,35,88,90,92,93,96,97" hai3="9,13,16,44,51,54,59,60,66,94,101,104,106" /><INIT seed="6,1,2,4,5,118" ten="140,335,269,236" oya="2" hai0="97,23,90,61,56,49,40,111,86,54,30,128,95" hai1="48,134,89,72,39,13,133,10,15,63,100,36,88" hai2="35,76,113,87,77,37,79,117,112,66,41,4,71" hai3="123,62,126,82,20,73,92,55,131,125,129,2,6"/><V58/><F71/><W1/><G92/><T60/><D128/><N who="3" m="49225" /><G20/><T122/><D111/><U121/><E72/><V17/><F117/><W50/><G62/><T84/><D122/><U65/><E121/><V106/><F106/><W0/><G123/><T52/><D40/><U18/><E100/><V101/><F101/><W26/><G26/><T110/><D110/><U103/><E103/><V132/><F132/><N who="1" m="50793" /><E48/><V102/><F102/><W107/><G107/><T3/><D3/><U67/><E15/><V99/><F99/><W8/><G82/><T70/><D70/><N who="1" m="42303" /><E67/><V105/><F66/><W119/><G119/><T83/><D54/><U19/><E19/><V120/><F105/><W64/><G73/><T28/><D84/><U33/><E33/><V98/><F87/><W12/><G64/><T135/><D135/><U59/><E59/><AGARI ba="1,2" hai="0,1,2,6,8,12,50,55,59,125,126" m="49225" machi="59" ten="40,1300,0" yaku="19,1" doraHai="118" who="3" fromWho="1" sc="140,0,335,-16,269,0,236,36" /><INIT seed="7,0,0,3,4,36" ten="140,319,269,272" oya="3" hai0="41,91,128,78,69,24,11,61,63,59,103,21,62" hai1="81,130,51,73,29,3,125,117,10,48,37,88,13" hai2="80,76,20,46,92,18,49,33,106,94,39,9,93" hai3="28,15,119,43,14,75,126,32,70,47,38,90,127"/><W129/><G75/><T31/><D69/><U60/><E37/><V115/><F33/><W25/><G119/><T111/><D111/><U4/><E29/><V79/><F106/><W133/><G70/><T118/><D118/><U27/><E130/><V16/><F39/><W66/><G129/><T110/><D110/><U52/><E27/><N who="2" m="14727" /><F80/><W82/><G66/><T30/><D128/><U122/><E122/><V85/><F85/><W124/><G133/><T101/><D78/><U116/><E125/><V102/><F102/><W0/><G0/><T64/><D30/><U2/><E60/><V83/><F83/><W17/><G17/><T104/><D104/><U99/><E48/><V50/><F50/><W89/><G89/><T65/><D91/><U120/><E120/><V57/><F57/><W113/><G113/><T96/><D11/><U77/><E2/><V23/><F9/><W55/><G55/><T40/><D62/><U53/><E53/><N who="2" m="29879" /><F115/><W95/><G82/><T135/><D135/><U100/><E3/><V74/><F74/><W97/><AGARI ba="0,0" hai="14,15,25,28,32,38,43,47,90,95,97,124,126,127" machi="97" ten="30,6000,0" yaku="0,1,18,1,52,1" doraHai="36" who="3" fromWho="3" sc="140,-20,319,-20,269,-20,272,60" owari="120,-38.0,299,10.0,249,-15.0,332,43.0" /></mjloggm>