<mjloggm ver="2.3"><GO type="169" lobby="0"/><UN n0="%E5%B0%B1%E6%B4%BB%E7%94%9F%40%E5%B7%9D%E6%9D%91%E8%BB%8D%E5%9B%A3" n1="%E3%82%AB%E3%83%9D%E3%83%8D%E5%9B%A3%E3%81%AE%E5%85%84%E8%B2%B4" n2="%E6%B8%85%E3%80%85%E3%81%97%E3%81%84%E6%94%BE%E9%8A%83" n3="%67%6F%75%73%69" dan="16,16,16,17" rate="2147.43,2096.15,2090.09,2117.24" sx="M,M,M,M"/><TAIKYOKU oya="0"/><INIT seed="0,0,0,0,4,37" ten="250,250,250,250" oya="0" hai0="2,97,26,12,118,14,123,39,122,108,99,114,93" hai1="6,9,125,69,121,38,28,110,126,134,20,55,70" hai2="98,29,77,112,78,0,103,61,133,21,71,96,40" hai3="57,1,47,15,124,11,81,36,74,58,101,109,8"/><T22/><D2/><U64/><E121/><V129/><F0/><W54/><G124/><T106/><D118/><U116/><E116/><V19/><F112/><W83/><G101/><T115/><D39/><U80/><E38/><V46/><F133/><W18/><G109/><T43/><D106/><U35/><E110/><V17/><F29/><W76/><G83/><T62/><D62/><U85/><E35/><V16/><F21/><W52/><G54/><T111/><D93/><U88/><E134/><V4/><F4/><W72/><G72/><T34/><D26/><N who="1" m="16455" /><E55/><V60/><F129/><W41/><REACH who="3" step="1"/><G52/><REACH who="3" ten="250,250,250,240" step="2"/><T84/><D111/><U3/><E64/><V45/><F103/><W5/><AGARI ba="0,1" hai="1,5,8,11,15,18,36,41,47,57,58,74,76,81" machi="5" ten="30,12000,2" yaku="1,1,2,1,0,1,25,2,52,1,53,0" doraHai="37" doraHaiUra="50" who="3" fromWho="3" sc="250,-60,250,-30,250,-30,240,130" /><INIT seed="1,0,0,0,5,109" ten="190,220,220,370" oya="1" hai0="90,133,108,81,113,101,74,115,100,64,50,40,84" hai1="107,24,32,110,13,38,56,122,53,44,120,17,43" hai2="93,21,23,15,98,55,83,92,132,135,35,128,39" hai3="49,69,116,79,127,41,4,47,97,134,85,2,36"/><U76/><E107/><V121/><F121/><W25/><G69/><T48/><D108/><U20/><E110/><V5/><F35/><W12/><G2/><T114/><D74/><U119/><E76/><V125/><F39/><W68/><G68/><T102/><D133/><U19/><E119/><V8/><F128/><W52/><G127/><T129/><D129/><U57/><E57/><V58/><F125/><W67/><G67/><T87/><D40/><U28/><REACH who="1" step="1"/><E17/><REACH who="1" ten="190,210,220,370" step="2"/><V111/><F111/><W78/><G78/><T42/><D42/><U26/><E26/><V59/><F132/><W31/><G25/><T34/><D34/><U10/><E10/><V91/><F135/><W22/><G116/><T46/><D46/><U124/><E124/><V103/><F59/><W16/><G134/><T96/><D64/><U37/><E37/><V65/><F65/><W27/><G36/><T11/><D11/><U14/><E14/><V80/><F23/><W66/><G66/><T45/><D45/><U30/><E30/><V3/><F21/><W63/><G31/><T33/><D33/><U0/><E0/><V86/><REACH who="2" step="1"/><F3/><REACH who="2" ten="190,210,210,370" step="2"/><W9/><G47/><T99/><D50/><AGARI ba="0,2" hai="13,19,20,24,28,32,38,43,44,50,53,56,120,122" machi="50" ten="30,2900,0" yaku="1,1,7,1,53,0" doraHai="109" doraHaiUra="105" who="1" fromWho="0" sc="190,-29,210,49,210,0,370,0" /><AGARI ba="0,0" hai="5,8,15,50,55,58,80,83,86,91,92,93,98,103" machi="50" ten="30,7700,0" yaku="1,1,2,1,7,1,8,1,53,0" doraHai="109" doraHaiUra="105" who="2" fromWho="0" sc="161,-77,259,0,210,77,370,0" /><INIT seed="1,1,0,3,4,90" ten="84,259,287,370" oya="1" hai0="18,16,21,61,135,84,75,57,36,2,86,128,52" hai1="10,74,89,30,27,87,72,98,115,108,55,46,79" hai2="104,32,50,107,91,40,49,96,94,69,62,119,41" hai3="134,35,20,122,102,53,68,0,14,4,80,116,8"/><U28/><E115/><V33/><F119/><W65/><G122/><T42/><D75/><U1/><E108/><V54/><F91/><W24/><G134/><T76/><D2/><U12/><E1/><V129/><F96/><W132/><G132/><T97/><D135/><U126/><E98/><V121/><F62/><W13/><G65/><T111/><D111/><U100/><E100/><V19/><F69/><W125/><G68/><T112/><D112/><U63/><E79/><V29/><F29/><W101/><G125/><T26/><D128/><U3/><E3/><V51/><F51/><W110/><G110/><T83/><D18/><U15/><E15/><V66/><F19/><W117/><G53/><T78/><D97/><U11/><E28/><V71/><F54/><W59/><G59/><T47/><REACH who="0" step="1"/><D78/><REACH who="0" ten="74,259,287,370" step="2"/><U105/><E72/><V103/><F129/><W109/><G109/><T92/><D92/><N who="1" m="54335" /><E74/><V38/><F121/><W45/><G0/><T85/><AGARI ba="1,1" hai="16,21,26,36,42,47,52,57,61,76,83,84,85,86" machi="85" ten="20,16000,3" yaku="1,1,0,1,7,1,54,2,53,3" doraHai="90" doraHaiUra="81" who="0" fromWho="0" sc="74,173,259,-81,287,-41,370,-41" /><INIT seed="2,0,0,0,5,94" ten="247,178,246,329" oya="2" hai0="91,46,8,85,126,104,65,28,22,84,79,49,120" hai1="69,78,13,53,54,21,131,36,47,105,92,0,103" hai2="121,87,35,133,99,110,60,16,108,32,122,19,3" hai3="90,45,15,66,86,135,17,20,51,50,4,55,52"/><V30/><F3/><W74/><G135/><T98/><D120/><N who="2" m="46186" /><F87/><W119/><G74/><T39/><D126/><U41/><E131/><V2/><F2/><W102/><G119/><T76/><D39/><U113/><E113/><V123/><F123/><W114/><G114/><T31/><D65/><U72/><E69/><V7/><F7/><W62/><G4/><T34/><D34/><N who="2" m="12842" /><F60/><W88/><G102/><T44/><D8/><U57/><E0/><V82/><F82/><W23/><G23/><T64/><D64/><U26/><E105/><V124/><F30/><W58/><REACH who="3" step="1"/><G86/><REACH who="3" ten="247,178,246,319" step="2"/><T24/><D22/><U80/><E13/><V6/><F6/><W61/><G61/><T71/><D24/><U9/><E9/><V43/><F133/><W10/><G10/><T129/><D84/><U83/><E21/><V117/><F117/><W93/><G93/><T115/><D85/><U14/><E26/><V111/><F124/><W130/><G130/><T68/><D129/><U40/><E14/><V101/><F43/><W109/><G109/><T12/><D104/><AGARI ba="0,1" hai="16,19,99,101,104,108,110,111" m="12842,46186" machi="104" ten="40,12000,1" yaku="14,1,10,1,52,1,54,1" doraHai="94" who="2" fromWho="0" sc="247,-120,178,0,246,130,319,0" /><INIT seed="2,1,0,5,0,106" ten="127,178,376,319" oya="2" hai0="75,51,134,61,26,3,15,120,92,76,70,101,7" hai1="16,91,107,135,4,57,96,98,128,50,25,18,39" hai2="124,9,67,127,42,60,29,14,20,56,132,41,104" hai3="74,126,110,84,97,32,66,108,52,81,121,94,45"/><V36/><F104/><W17/><G32/><T63/><D3/><U37/><E135/><V99/><F99/><W131/><G121/><T125/><D120/><U44/><E128/><V115/><F20/><W65/><G126/><T54/><D125/><U116/><E116/><V82/><F29/><W53/><G17/><T100/><D134/><U8/><E57/><V114/><F132/><W112/><G131/><T47/><D26/><U35/><E96/><V71/><F82/><W2/><G2/><T69/><D92/><U105/><E105/><V34/><F9/><W62/><G112/><N who="2" m="43049" /><F14/><W33/><G66/><T95/><D95/><U21/><E18/><V43/><F34/><W123/><G33/><T10/><D63/><U22/><E21/><V13/><F13/><W24/><G24/><T19/><D7/><U73/><E35/><V83/><F83/><W5/><G5/><T117/><D117/><U113/><E91/><V58/><F36/><W30/><G30/><T109/><D109/><U11/><E113/><V130/><F130/><W122/><G122/><T38/><D38/><U78/><E39/><V1/><F1/><W59/><G84/><T111/><D111/><N who="3" m="42537" /><G123/><T55/><D100/><U48/><E107/><V12/><F12/><W118/><G118/><T77/><D101/><U27/><E98/><V89/><F89/><N who="3" m="55503" /><G45/><T129/><D129/><U133/><E27/><V86/><F86/><W68/><G59/><AGARI ba="1,0" hai="41,42,43,56,58,59,60,67,71,124,127" m="43049" machi="59" ten="40,3900,0" yaku="34,2" doraHai="106" who="2" fromWho="3" sc="127,0,178,0,376,42,319,-42" /><INIT seed="2,2,0,2,3,56" ten="127,178,418,277" oya="2" hai0="126,69,0,94,130,119,72,71,123,50,124,95,37" hai1="21,49,17,107,97,30,83,91,98,109,121,77,58" hai2="51,68,112,96,108,78,110,57,105,89,39,82,44" hai3="28,29,120,40,85,117,92,80,62,36,60,128,46"/><V48/><F68/><N who="0" m="26186" /><D0/><U64/><E109/><N who="2" m="42091" /><F39/><W134/><G117/><T26/><D72/><U87/><E121/><V24/><F24/><W101/><G120/><T6/><D6/><U100/><E30/><V4/><F4/><W20/><G128/><T1/><D1/><U42/><E97/><V27/><F27/><W15/><G134/><T81/><D81/><U18/><E42/><V11/><F11/><W103/><G28/><T116/><D37/><U93/><E21/><V33/><F33/><W104/><G104/><T122/><D26/><U113/><E113/><V125/><F125/><N who="0" m="48234" /><D50/><U23/><E23/><V74/><F105/><W111/><G111/><T106/><D106/><U35/><E35/><V79/><F79/><W43/><G36/><T65/><D65/><U86/><E49/><V13/><F13/><W34/><G34/><T135/><D135/><U41/><E17/><V127/><F127/><W25/><G15/><T52/><D52/><U7/><E18/><V88/><F112/><W84/><G40/><T8/><D8/><U99/><E41/><V66/><F51/><N who="3" m="27103" /><G80/><T102/><D130/><U63/><E7/><V47/><F48/><W59/><G59/><T53/><D53/><U16/><E16/><V70/><F57/><W55/><G55/><T10/><D10/><U90/><E77/><V76/><F76/><W131/><G131/><T73/><D73/><U14/><E14/><V22/><F70/><W129/><G129/><T114/><D114/><U32/><E32/><V5/><F78/><W19/><G29/><T75/><D75/><U38/><E38/><RYUUKYOKU ba="2,0" sc="127,-10,178,30,418,-10,277,-10" hai1="58,63,64,83,86,87,90,91,93,98,99,100,107" /><INIT seed="3,3,0,1,0,66" ten="117,208,408,267" oya="3" hai0="69,131,76,100,122,133,79,16,37,35,88,36,26" hai1="118,110,29,57,7,134,65,70,119,59,92,14,123" hai2="31,108,13,21,99,91,54,73,30,6,117,112,48" hai3="125,27,42,90,12,109,18,75,80,93,28,96,41"/><W19/><G125/><T64/><D122/><U97/><E123/><V120/><F73/><W62/><G109/><T87/><D100/><U44/><E110/><V60/><F112/><W124/><G124/><T32/><D131/><U103/><E134/><V34/><F117/><N who="1" m="44553" /><E29/><V22/><F34/><W8/><G75/><T89/><D133/><U116/><N who="1" m="44561" /><U135/><DORA hai="83" /><E135/><V20/><F60/><W78/><G19/><T104/><D104/><U38/><E7/><V85/><F99/><W105/><G105/><T82/><D37/><U10/><E10/><N who="2" m="4311" /><F120/><W58/><G80/><T113/><D36/><U53/><E14/><V94/><F108/><W3/><G78/><T74/><D113/><U52/><E38/><V115/><F115/><W2/><G2/><T46/><D46/><AGARI ba="3,0" hai="20,21,22,30,31,46,48,54,85,91,94" m="4311" machi="46" ten="30,2000,0" yaku="8,1,52,1" doraHai="66,83" who="2" fromWho="0" sc="117,-29,208,0,408,29,267,0" /><INIT seed="4,0,0,4,1,47" ten="88,208,437,267" oya="0" hai0="27,6,99,18,129,25,127,14,67,78,66,56,98" hai1="133,121,40,38,132,59,15,22,23,13,117,12,83" hai2="86,0,26,53,62,93,48,113,108,119,49,69,9" hai3="84,115,105,29,76,71,120,55,63,50,61,42,1"/><T8/><D127/><U32/><E38/><V131/><F108/><W111/><G105/><T45/><D129/><U30/><E40/><V24/><F131/><W43/><G1/><T33/><D78/><U20/><E59/><N who="2" m="35183" /><F69/><W88/><G111/><T94/><D33/><U17/><E83/><V124/><F0/><W58/><G115/><T28/><D99/><U74/><E74/><V125/><F113/><W123/><G29/><T87/><D87/><U70/><E70/><V135/><F9/><W106/><G106/><T7/><D45/><U72/><E72/><V112/><F112/><W31/><G31/><T36/><D36/><U100/><E100/><V21/><F135/><N who="1" m="51785" /><E117/><V130/><F119/><W116/><G76/><T77/><D77/><U39/><E39/><V64/><F130/><W68/><G68/><T60/><D67/><U95/><E95/><V104/><F64/><N who="3" m="41375" /><G61/><T75/><D75/><U2/><E121/><N who="3" m="46666" /><G116/><T109/><D109/><U90/><E90/><N who="2" m="53463" /><F104/><W51/><G51/><N who="2" m="19529" /><F21/><W118/><G118/><T91/><REACH who="0" step="1"/><D28/><REACH who="0" ten="78,208,437,267" step="2"/><U65/><E65/><V92/><F125/><W107/><G42/><T52/><D52/><U3/><E30/><V4/><F124/><W41/><G43/><T16/><D16/><N who="1" m="10247" /><E32/><V5/><F92/><N who="3" m="54279" /><G107/><T82/><D82/><U110/><E110/><V11/><F5/><AGARI ba="0,1" hai="5,6,7,8,14,18,25,27,56,60,66,91,94,98" machi="5" ten="40,3900,0" yaku="1,1,8,1,53,0" doraHai="47" doraHaiUra="101" who="0" fromWho="2" sc="78,49,208,0,437,-39,267,0" /><INIT seed="4,1,0,5,0,8" ten="127,208,398,267" oya="0" hai0="20,5,104,134,110,3,87,10,82,60,111,47,76" hai1="99,135,71,118,84,43,106,73,45,114,32,0,54" hai2="131,1,127,102,129,50,93,97,132,81,21,4,120" hai3="101,27,108,44,122,57,119,9,33,63,56,79,95"/><T133/><D104/><U128/><RYUUKYOKU type="yao9" ba="1,0" sc="127,0,208,0,398,0,267,0" hai1="0,32,43,45,54,71,73,84,99,106,114,118,128,135" /><INIT seed="4,2,0,1,5,82" ten="127,208,398,267" oya="0" hai0="42,0,39,98,80,56,84,85,133,112,13,129,40" hai1="120,113,74,71,30,32,53,121,118,33,54,105,50" hai2="107,93,3,38,47,75,55,90,21,36,116,77,64" hai3="48,31,94,122,110,24,4,62,35,45,8,76,52"/><T73/><D0/><U124/><E30/><V70/><F107/><W114/><G110/><T61/><D39/><U96/><E74/><V88/><F3/><W29/><G114/><T44/><D112/><U106/><E113/><V81/><F90/><W41/><G122/><T78/><D129/><U100/><E124/><V72/><F72/><W126/><G126/><T111/><D111/><U25/><E25/><V51/><F116/><W6/><G31/><T2/><D2/><U60/><E118/><V65/><F65/><W16/><G76/><T14/><D133/><U130/><E130/><V92/><F92/><W37/><G62/><T57/><D98/><U63/><E50/><V79/><F79/><W12/><REACH who="3" step="1"/><G94/><REACH who="3" ten="127,208,398,257" step="2"/><T83/><D73/><U5/><E60/><V69/><F69/><W67/><G67/><N who="0" m="39335" /><D57/><AGARI ba="2,1" hai="4,6,8,12,16,24,29,35,37,41,45,48,52,57" machi="57" ten="30,7700,0" yaku="1,1,7,1,54,2,53,0" doraHai="82" doraHaiUra="128" who="3" fromWho="0" sc="127,-83,208,0,398,0,257,93" /><INIT seed="5,0,0,5,5,127" ten="44,208,398,350" oya="1" hai0="125,121,46,41,74,32,100,27,91,55,117,21,28" hai1="68,129,5,7,87,58,20,23,35,29,16,69,134" hai2="109,15,70,13,81,19,86,14,93,6,47,97,76" hai3="56,82,52,135,25,113,54,120,36,84,11,34,94"/><U98/><E134/><V0/><F70/><W102/><G120/><T33/><D117/><U2/><E129/><V31/><F109/><W26/><G36/><T51/><D74/><U126/><E126/><V64/><F64/><W59/><G113/><T124/><D121/><U39/><E39/><V83/><F31/><W80/><G34/><T123/><D123/><U101/><E23/><V57/><F57/><W104/><G104/><T73/><D73/><U30/><E58/><V40/><F81/><W66/><G11/><T24/><D100/><U75/><E75/><V89/><F0/><W110/><G110/><T132/><D132/><U43/><E43/><V9/><F19/><W45/><G45/><T103/><D103/><U79/><E68/><V90/><F90/><W65/><G102/><T48/><D91/><U116/><E69/><V60/><F60/><W3/><G3/><T106/><D106/><U67/><E67/><V38/><AGARI ba="0,0" hai="6,9,13,14,15,38,40,47,76,83,86,89,93,97" machi="38" ten="20,1500,0" yaku="0,1,7,1" doraHai="127" who="2" fromWho="2" sc="44,-4,208,-7,398,15,350,-4" /><INIT seed="6,0,0,0,3,47" ten="40,201,413,346" oya="2" hai0="110,93,7,41,105,48,125,107,22,46,21,45,108" hai1="84,49,98,61,50,80,40,60,88,101,64,79,11" hai2="2,68,43,92,69,58,106,28,128,51,119,90,15" hai3="115,37,133,123,89,35,120,70,14,103,16,67,17"/><V66/><F2/><W121/><G37/><T44/><D125/><U117/><E117/><V82/><F106/><W109/><G109/><T55/><D7/><U131/><E131/><V111/><F119/><W5/><G103/><T57/><D93/><N who="1" m="58575" /><E40/><V9/><F28/><W8/><G67/><T26/><D41/><U6/><E79/><V114/><F128/><W36/><G70/><T0/><D0/><U30/><E30/><V87/><F69/><W86/><G36/><T81/><D81/><U10/><E61/><V24/><F68/><W27/><G133/><T95/><D95/><U83/><E83/><V124/><F43/><W1/><G86/><T94/><D94/><U96/><E96/><V38/><F38/><W126/><G89/><T62/><D62/><U31/><E31/><V12/><F124/><W23/><G126/><T76/><D76/><U29/><E29/><V130/><F130/><W19/><G35/><T113/><D113/><U39/><E39/><V52/><F114/><W63/><G63/><T71/><D71/><U20/><E20/><V4/><F66/><W132/><G115/><T18/><REACH who="0" step="1"/><D21/><REACH who="0" ten="30,201,413,346" step="2"/><U91/><E6/><V112/><F112/><W118/><G118/><T129/><D129/><U134/><E60/><V77/><F111/><AGARI ba="0,1" hai="18,22,26,44,45,46,48,55,57,105,107,108,110,111" machi="111" ten="40,2600,0" yaku="1,1,52,1,53,0" doraHai="47" doraHaiUra="32" who="0" fromWho="2" sc="30,36,201,0,413,-26,346,0" /><INIT seed="7,0,0,4,5,46" ten="66,201,387,346" oya="3" hai0="36,83,63,7,27,102,19,64,70,2,111,88,104" hai1="10,131,41,37,3,73,110,61,79,49,100,15,68" hai2="59,123,135,82,122,67,76,95,16,71,119,58,75" hai3="21,127,89,38,45,34,11,17,84,94,40,31,50"/><W22/><G127/><T124/><D36/><U26/><E100/><V48/><F119/><W121/><G121/><N who="2" m="46089" /><F135/><W120/><G120/><T118/><D111/><U25/><E26/><V109/><F109/><W72/><G72/><T107/><D118/><U20/><E61/><N who="2" m="40431" /><F48/><W44/><G34/><T42/><D124/><U35/><E10/><V52/><F52/><W134/><G134/><T130/><D130/><U33/><E15/><V116/><F116/><W12/><REACH who="3" step="1"/><G31/><REACH who="3" ten="66,201,387,336" step="2"/><T108/><D108/><U57/><E33/><V98/><F16/><W30/><G30/><T91/><D42/><AGARI ba="0,1" hai="11,12,17,21,22,38,40,42,44,45,50,84,89,94" machi="42" ten="30,11600,0" yaku="1,1,7,1,52,1,53,1" doraHai="46" doraHaiUra="86" who="3" fromWho="0" sc="66,-116,201,0,387,0,336,126" owari="-50,-55.0,201,-20.0,387,19.0,462,56.0" /></mjloggm>