<mjloggm ver="2.3"><GO type="169" lobby="0"/><UN n0="%E3%83%88%E3%83%88%E3%83%AA%E5%85%88%E7%94%9F%31%39%E6%AD%B3" n1="%4B%41%4E%4F" n2="%E5%8D%81%E4%B8%89%E4%BB%A3%E7%9B%AE%E6%AC%A1%E5%85%83%E5%A4%A7%E4%BB%8B" n3="%72%61%62%69%73%75%6B%65" dan="19,16,16,16" rate="2260.83,2062.55,2053.49,2121.22" sx="F,M,M,M"/><TAIKYOKU oya="0"/><INIT seed="0,0,0,2,0,20" ten="250,250,250,250" oya="0" hai0="30,28,93,121,99,86,78,36,37,25,7,4,81" hai1="24,15,134,56,50,23,57,19,135,77,55,91,61" hai2="22,73,54,89,33,122,13,103,128,29,38,85,125" hai3="0,34,130,49,12,67,42,84,60,43,39,59,101"/><T95/><D121/><U94/><E77/><V45/><F122/><W52/><G0/><T14/><D30/><U41/><E15/><V40/><F73/><W68/><G34/><T83/><D93/><U119/><E119/><V110/><F110/><W132/><G101/><T11/><D81/><U100/><E100/><V115/><F115/><W105/><G105/><T106/><D106/><U32/><E32/><V31/><F33/><W27/><G130/><T82/><D82/><U129/><E129/><V71/><F125/><W126/><G126/><T111/><D111/><U124/><E124/><V116/><F116/><W3/><G3/><T97/><D4/><U6/><E6/><V62/><F103/><W1/><G1/><T112/><D112/><U123/><E123/><V35/><F35/><W90/><G132/><T96/><REACH who="0" step="1"/><D95/><REACH who="0" ten="240,250,250,250" step="2"/><U92/><E92/><V46/><F31/><W2/><G2/><T16/><D16/><U88/><E94/><V108/><F29/><W53/><G12/><T70/><D70/><U102/><E102/><V74/><F71/><W17/><G68/><T69/><D69/><U8/><E135/><V109/><F13/><W21/><G39/><T58/><D58/><U117/><E134/><V66/><F38/><W9/><G9/><T63/><D63/><U48/><E117/><V44/><F62/><W118/><G118/><T76/><D76/><U64/><E8/><V18/><F109/><W51/><G51/><T87/><D87/><U113/><E113/><V107/><F108/><W75/><G49/><T131/><D131/><U127/><E127/><RYUUKYOKU ba="0,1" sc="240,15,250,15,250,-15,250,-15" hai0="7,11,14,25,28,36,37,78,83,86,96,97,99" hai1="19,23,24,41,48,50,55,56,57,61,64,88,91" /><INIT seed="0,1,1,5,0,46" ten="255,265,235,235" oya="0" hai0="75,56,113,105,123,26,92,3,6,34,37,99,132" hai1="31,67,50,35,78,112,24,121,95,125,109,57,101" hai2="5,81,118,69,23,42,82,135,64,16,134,52,76" hai3="71,20,60,100,86,116,97,45,44,108,88,36,51"/><T62/><D113/><U54/><E112/><V119/><F5/><W117/><G36/><T79/><D123/><U103/><E121/><V73/><F42/><W68/><G44/><T0/><D37/><U8/><E109/><V53/><F81/><W126/><G108/><T70/><D132/><N who="2" m="50730" /><F64/><W110/><G110/><T107/><D70/><U127/><E78/><V114/><F69/><W2/><G2/><T28/><D79/><U1/><E67/><V15/><F114/><W77/><G77/><T120/><D75/><U89/><E8/><V13/><F13/><W49/><G68/><T17/><D120/><U7/><E7/><V122/><F122/><W14/><G60/><T27/><D3/><U84/><REACH who="1" step="1"/><E1/><REACH who="1" ten="255,255,235,235" step="2"/><V80/><F80/><W93/><G116/><AGARI ba="1,2" hai="15,16,23,52,53,73,76,82,116,118,119" m="50730" machi="116" ten="30,7700,0" yaku="12,1,20,1,54,2" doraHai="46" who="2" fromWho="3" sc="255,0,255,0,235,100,235,-80" /><INIT seed="1,0,0,5,0,56" ten="255,255,335,155" oya="1" hai0="76,123,20,94,67,48,65,69,88,109,14,84,26" hai1="114,133,54,7,63,2,10,64,71,113,60,8,66" hai2="49,107,80,35,12,36,74,32,91,125,41,101,95" hai3="90,78,108,31,121,92,79,72,128,43,52,106,68"/><U18/><E133/><V81/><F36/><W93/><G106/><T0/><D0/><U103/><E103/><V21/><F107/><W98/><G121/><T53/><D123/><U70/><E54/><V131/><F101/><W47/><G72/><T110/><D76/><U25/><E25/><V3/><F3/><W82/><G82/><T118/><D118/><U127/><REACH who="1" step="1"/><E127/><REACH who="1" ten="255,245,335,155" step="2"/><V75/><F125/><W115/><G52/><T99/><D26/><U100/><E100/><V77/><F75/><W130/><G115/><T87/><D110/><U11/><E11/><V126/><F74/><W13/><G108/><T6/><D109/><U59/><E59/><V1/><F126/><W135/><G135/><T117/><D117/><U42/><E42/><V22/><F41/><W86/><G68/><T9/><D20/><U104/><E104/><V30/><F22/><W51/><G130/><T19/><D69/><U15/><AGARI ba="0,1" hai="2,7,8,10,15,18,60,63,64,66,70,71,113,114" machi="15" ten="30,12000,1" yaku="1,1,0,1,9,1,52,2,53,0" doraHai="56" doraHaiUra="46" who="1" fromWho="1" sc="255,-40,245,130,335,-40,155,-40" /><INIT seed="1,1,0,5,3,11" ten="215,375,295,115" oya="1" hai0="115,14,37,95,93,16,63,38,113,114,19,48,70" hai1="6,28,91,116,74,4,5,12,81,96,123,132,67" hai2="80,89,87,126,104,8,97,71,82,109,15,1,64" hai3="79,122,46,33,29,22,36,121,45,131,20,94,30"/><U9/><E116/><V84/><F109/><W52/><G36/><T111/><D111/><U78/><E123/><V69/><F126/><W100/><G79/><T76/><D76/><U24/><E132/><V127/><F127/><W102/><G94/><T112/><N who="0" m="28672" /><DORA hai="133" /><T17/><D48/><U72/><E72/><V90/><F1/><W32/><REACH who="3" step="1"/><G52/><REACH who="3" ten="215,375,295,105" step="2"/><T41/><D41/><U118/><E118/><V105/><F105/><W50/><G50/><T31/><D95/><U75/><E74/><V39/><F39/><W117/><G117/><T59/><D38/><U18/><E67/><V13/><F64/><W42/><G42/><T128/><D37/><U92/><REACH who="1" step="1"/><E28/><REACH who="1" ten="215,365,295,105" step="2"/><V86/><F104/><W77/><G77/><T53/><D31/><U85/><E85/><V88/><F86/><W107/><G107/><T130/><D93/><U34/><E34/><V21/><F87/><W58/><G58/><T124/><D124/><U108/><E108/><V135/><F84/><W10/><G10/><T3/><D59/><U110/><E110/><V65/><F8/><W120/><G120/><T7/><D130/><AGARI ba="1,2" hai="20,22,29,30,32,33,45,46,100,102,121,122,130,131" machi="130" ten="25,8000,1" yaku="1,1,22,2,53,2" doraHai="11,133" doraHaiUra="68,125" who="3" fromWho="0" sc="215,-83,365,0,295,0,105,103" /><INIT seed="2,0,0,5,3,35" ten="132,365,295,208" oya="2" hai0="16,84,86,6,31,92,82,63,18,125,26,112,59" hai1="74,38,56,135,67,55,99,40,68,23,90,95,102" hai2="7,85,43,70,20,76,96,64,4,75,122,24,39" hai3="65,132,10,104,44,62,41,126,17,51,111,73,79"/><V100/><F122/><W47/><G104/><T134/><D112/><U115/><E115/><V60/><F75/><W110/><G126/><T49/><D125/><U12/><E74/><V22/><F39/><W109/><G132/><T120/><D120/><U83/><E135/><V128/><F43/><W101/><G101/><T25/><D134/><U81/><E68/><V78/><F128/><W66/><G62/><T117/><D117/><U28/><E40/><V129/><F129/><W8/><G47/><T89/><D49/><U52/><E38/><V116/><F116/><W108/><G8/><T130/><D6/><U114/><E114/><V46/><F46/><W14/><N who="3" m="28160" /><DORA hai="103" /><W57/><REACH who="3" step="1"/><G57/><REACH who="3" ten="132,365,295,198" step="2"/><T71/><D71/><U72/><E102/><V87/><F60/><W13/><G13/><T27/><D130/><U98/><E12/><V106/><F106/><W69/><G69/><T37/><D37/><U80/><E56/><V29/><F100/><W91/><G91/><T3/><D3/><U113/><E90/><V118/><F70/><W5/><G5/><T1/><D1/><U45/><E45/><V119/><F4/><W0/><G0/><T131/><D131/><U11/><E11/><V42/><F7/><W30/><G30/><T9/><D31/><U107/><E28/><V105/><F29/><W61/><G61/><T77/><REACH who="0" step="1"/><D9/><REACH who="0" ten="122,365,295,198" step="2"/><U97/><E113/><V21/><F118/><W19/><G19/><T124/><D124/><U133/><E133/><V53/><F119/><W48/><G48/><T33/><D33/><U36/><E36/><V15/><F22/><RYUUKYOKU ba="0,2" sc="122,15,365,-15,295,-15,198,15" hai0="16,18,25,26,27,59,63,77,82,84,86,89,92" hai3="10,14,17,41,44,51,65,66,73,79" /><INIT seed="3,1,2,3,0,100" ten="137,350,280,213" oya="3" hai0="13,112,94,72,38,89,73,46,30,23,81,85,129" hai1="115,41,31,17,92,105,5,103,43,26,18,48,55" hai2="47,58,131,24,95,22,107,8,75,67,87,3,101" hai3="133,45,98,97,130,39,4,134,50,102,2,111,59"/><W37/><G130/><T84/><D129/><U42/><E115/><V71/><F75/><W14/><G2/><T53/><D112/><U86/><E105/><V76/><F71/><W33/><G33/><T70/><D70/><U7/><E31/><V6/><F131/><W57/><G97/><T56/><D38/><U40/><E40/><V79/><F107/><W109/><G14/><T90/><D46/><U1/><E1/><V91/><F101/><W122/><G98/><T64/><D64/><U65/><E65/><V116/><F116/><W82/><G82/><T128/><D128/><U28/><E28/><V124/><F124/><W15/><G15/><T88/><D90/><N who="1" m="53335" /><E103/><V68/><F68/><W51/><G4/><N who="1" m="1610" /><E26/><V35/><F35/><W21/><G21/><T117/><D117/><U104/><E104/><V126/><F126/><W113/><G102/><T11/><D11/><U120/><E120/><V125/><F125/><W0/><G0/><T44/><D44/><AGARI ba="1,2" hai="17,18,41,42,43,44,48,55" m="1610,53335" machi="44" ten="30,1000,0" yaku="8,1" doraHai="100" who="1" fromWho="0" sc="137,-13,350,33,280,0,213,0" /><INIT seed="4,0,0,4,0,1" ten="124,383,280,213" oya="0" hai0="52,20,4,94,72,135,85,76,81,102,104,114,48" hai1="100,95,74,98,58,132,22,0,89,101,49,128,124" hai2="80,51,109,28,47,30,79,34,17,133,44,120,15" hai3="36,69,87,35,130,112,134,71,33,54,91,39,111"/><T62/><D114/><U93/><E74/><V64/><F109/><W107/><G54/><T96/><D135/><U127/><E132/><V10/><F133/><W21/><G87/><T123/><D123/><U37/><E37/><N who="3" m="14410" /><G91/><T68/><D20/><U83/><E0/><V7/><F120/><W5/><G21/><T3/><D68/><N who="3" m="26185" /><G134/><T82/><D62/><U57/><E128/><V67/><F34/><N who="3" m="12811" /><G111/><T40/><D40/><U12/><E83/><V115/><F17/><W121/><G121/><T105/><D82/><U25/><E12/><V6/><F47/><W66/><G66/><T41/><D41/><U131/><E131/><V97/><F67/><W75/><G130/><T14/><D14/><U13/><E13/><V116/><F64/><W108/><G108/><T2/><D85/><U117/><E100/><V70/><F15/><W63/><G63/><T29/><D29/><U53/><E57/><V78/><F30/><W19/><G19/><T129/><D129/><U23/><E89/><V119/><F28/><W18/><G18/><T46/><REACH who="0" step="1"/><D2/><REACH who="0" ten="114,383,280,213" step="2"/><U77/><E23/><V84/><F84/><W86/><G86/><T38/><D38/><U9/><E22/><V42/><F80/><W88/><G112/><T11/><AGARI ba="0,1" hai="3,4,11,46,48,52,72,76,81,94,96,102,104,105" machi="11" ten="30,11700,0" yaku="1,1,0,1,52,1,54,1,53,0" doraHai="1" doraHaiUra="56" who="0" fromWho="0" sc="114,127,383,-39,280,-39,213,-39" /><INIT seed="4,1,0,0,5,10" ten="241,344,241,174" oya="0" hai0="2,92,108,123,81,131,75,31,74,70,128,32,127" hai1="82,17,113,60,106,121,55,41,43,66,46,9,42" hai2="59,28,21,83,107,50,98,134,100,35,111,20,102" hai3="95,88,124,94,122,15,34,119,5,14,112,125,8"/><T114/><RYUUKYOKU type="yao9" ba="1,0" sc="241,0,344,0,241,0,174,0" hai0="2,31,32,70,74,75,81,92,108,114,123,127,128,131" /><INIT seed="4,2,0,5,0,83" ten="241,344,241,174" oya="0" hai0="46,121,67,68,3,28,63,19,36,29,101,10,87" hai1="40,65,126,115,123,129,111,7,125,33,107,49,6" hai2="85,37,94,91,75,90,77,4,72,93,78,128,86" hai3="1,127,113,14,131,47,133,50,57,35,71,2,0"/><T30/><D121/><U53/><E111/><V102/><F37/><W61/><G71/><T103/><D36/><U81/><E123/><V100/><F4/><W134/><G35/><T26/><D46/><U95/><E107/><V73/><F128/><W132/><G113/><T34/><D103/><AGARI ba="2,0" hai="72,73,75,77,78,85,86,90,91,93,94,100,102,103" machi="103" ten="40,16000,3" yaku="9,1,35,6,52,2" doraHai="83" who="2" fromWho="0" sc="241,-166,344,0,241,166,174,0" /><INIT seed="5,0,0,2,0,114" ten="75,344,407,174" oya="1" hai0="61,52,57,108,112,103,66,25,91,23,22,29,128" hai1="55,36,31,120,95,38,16,126,8,68,74,84,35" hai2="76,62,121,53,122,65,27,63,59,99,37,15,132" hai3="64,102,41,6,50,133,49,115,19,86,111,98,119"/><U125/><E120/><V40/><F76/><W39/><G39/><T2/><D108/><U58/><E74/><V72/><F72/><W10/><G111/><T92/><D112/><U135/><E68/><V71/><F132/><W24/><G64/><T5/><D128/><U17/><E135/><V13/><F27/><W46/><G115/><T67/><D103/><U43/><E31/><V3/><F3/><W56/><G86/><T100/><D100/><U60/><E35/><V82/><F82/><W117/><G133/><T33/><D33/><U20/><E8/><V106/><F15/><W89/><G89/><T123/><D123/><U130/><E130/><V94/><F106/><W131/><G19/><N who="1" m="7242" /><E43/><V7/><F40/><W34/><G24/><T101/><D101/><U51/><E20/><V105/><F37/><W129/><G50/><T12/><D2/><U80/><E95/><V44/><F105/><N who="3" m="63703" /><G56/><T54/><D23/><U77/><E51/><V14/><F59/><W97/><G97/><T110/><D110/><U48/><E48/><V83/><F99/><W81/><G81/><T78/><D57/><U118/><E36/><V42/><F42/><W104/><G34/><T79/><D22/><U113/><E38/><V70/><F121/><W28/><G28/><T96/><D25/><U69/><E113/><V87/><F122/><W11/><G11/><N who="0" m="4207" /><D29/><U18/><E18/><V116/><F94/><W124/><G104/><T45/><D45/><U9/><E9/><V134/><F44/><W107/><G107/><T88/><D92/><U1/><E58/><N who="2" m="35151" /><F134/><W85/><G131/><RYUUKYOKU ba="0,0" sc="75,0,344,0,407,0,174,0" /><INIT seed="6,1,0,1,0,102" ten="75,344,407,174" oya="2" hai0="52,63,7,0,60,68,58,19,31,127,100,62,89" hai1="117,120,74,98,37,135,48,133,5,23,66,26,84" hai2="65,129,112,6,33,56,42,11,86,83,121,94,47" hai3="126,36,105,122,40,55,75,1,9,17,38,115,78"/><V118/><F118/><W44/><G38/><T88/><D127/><U8/><E117/><V99/><F121/><W95/><G122/><T104/><D31/><U10/><E74/><V81/><F33/><W22/><G126/><T107/><D100/><U14/><E37/><V4/><F112/><W15/><G95/><T35/><D35/><U109/><E109/><V54/><F65/><W46/><G46/><T123/><D123/><U113/><E113/><V71/><F71/><W116/><G55/><T25/><D7/><U103/><E66/><V27/><F27/><W125/><G125/><T134/><D0/><U59/><E84/><V13/><F86/><W16/><G17/><T132/><D19/><U49/><E8/><V77/><F77/><W80/><G116/><T69/><D25/><U29/><E120/><V87/><F87/><W67/><G67/><T43/><D43/><U85/><E85/><V70/><F70/><W73/><G73/><T96/><D96/><U3/><E3/><V64/><F64/><W53/><G53/><T30/><D30/><U124/><E59/><V2/><F2/><W111/><G111/><T39/><D39/><U57/><E57/><V12/><F56/><W114/><G105/><N who="0" m="40523" /><D68/><U108/><E108/><V32/><F42/><W128/><G115/><T45/><D45/><U20/><E124/><V82/><F47/><W130/><G114/><T72/><D69/><U131/><E23/><V28/><F54/><W91/><G91/><N who="0" m="34891" /><D72/><U51/><E20/><V24/><F6/><AGARI ba="1,0" hai="1,6,9,15,16,22,36,40,44,75,78,80,128,130" machi="6" ten="40,5200,0" yaku="25,2,54,1" doraHai="102" who="3" fromWho="2" sc="75,0,344,0,407,-55,174,55" /><INIT seed="7,0,0,3,0,37" ten="75,344,352,229" oya="3" hai0="81,96,16,128,104,49,135,17,108,107,60,89,112" hai1="103,132,35,99,32,43,87,15,61,55,38,118,14" hai2="126,90,95,134,111,21,73,30,19,125,91,3,115" hai3="119,56,83,39,101,62,47,70,51,41,127,63,124"/><W31/><G31/><T88/><D108/><U26/><E132/><V0/><F111/><W40/><G83/><T105/><D135/><U129/><E129/><V92/><F134/><W97/><G97/><T48/><D96/><U71/><E87/><N who="2" m="52319" /><F73/><W72/><G101/><T82/><D107/><N who="1" m="63999" /><E35/><V7/><F30/><W78/><G78/><T18/><D18/><U67/><E55/><V29/><F29/><W130/><G72/><T106/><D106/><U121/><E121/><V34/><F34/><W46/><G119/><T133/><D133/><U77/><E77/><V75/><F75/><W131/><G70/><T86/><D60/><N who="3" m="23081" /><G56/><T22/><D22/><U85/><E85/><N who="2" m="52719" /><F115/><W27/><G27/><T5/><D86/><U9/><E9/><V50/><F50/><W84/><G84/><T25/><D25/><U117/><E26/><N who="2" m="14655" /><F7/><W80/><G80/><T11/><D11/><U4/><E4/><V23/><F23/><W12/><G12/><T44/><D5/><U109/><E32/><V28/><F28/><W120/><G120/><T8/><D8/><U68/><E68/><V123/><F123/><W54/><G54/><T45/><REACH who="0" step="1"/><D112/><REACH who="0" ten="65,344,352,229" step="2"/><U65/><E109/><V52/><F52/><W79/><G79/><T74/><D74/><U58/><E14/><V122/><F122/><W13/><G13/><T102/><D102/><U116/><E15/><V93/><F93/><W36/><G131/><AGARI ba="0,1" hai="16,17,44,45,48,49,81,82,88,89,104,105,128,131" machi="131" ten="25,8000,1" yaku="1,1,22,2,54,2,53,0" doraHai="37" doraHaiUra="53" who="0" fromWho="3" sc="65,90,344,0,352,0,229,-80" owari="155,-24.0,344,14.0,352,45.0,149,-35.0" /></mjloggm>