<mjloggm ver="2.3"><GO type="225" lobby="0"/><UN n0="%43%69%6E%65%63%75%73%73" n1="%E3%82%A6%E3%83%AB%E3%83%88%E3%83%A9%E7%AB%8B%E7%9B%B4" n2="%E3%83%A9%E3%82%B0%E3%83%A9%E3%83%BC%E3%82%B8" n3="%63%6F%61" dan="17,17,16,16" rate="2138.13,2174.41,2171.72,2123.01" sx="M,M,F,M"/><TAIKYOKU oya="0"/><INIT seed="0,0,0,5,3,4" ten="250,250,250,250" oya="0" hai0="92,19,96,13,81,21,7,67,123,9,68,42,108" hai1="14,18,61,124,27,120,118,82,128,55,66,135,80" hai2="51,46,79,53,83,98,64,26,45,15,37,60,44" hai3="104,90,125,29,3,33,1,24,86,58,56,23,62"/><T59/><D123/><U76/><E120/><V89/><F26/><W99/><G125/><T11/><D68/><U50/><E118/><V107/><F37/><W78/><G33/><T36/><D108/><U130/><E27/><V57/><F15/><W122/><G122/><T97/><D36/><U30/><E30/><V39/><F39/><W111/><G111/><T132/><D132/><U25/><E25/><V65/><F65/><W106/><G78/><T69/><D69/><N who="1" m="42191" /><E76/><V103/><REACH who="2" step="1"/><F89/><REACH who="2" ten="250,250,240,250" step="2"/><W20/><G90/><N who="0" m="55319" /><D42/><U0/><E0/><V94/><F94/><W49/><G3/><T31/><D31/><U12/><E12/><V77/><F77/><W84/><G29/><T17/><D81/><U102/><E82/><V52/><F52/><W5/><G1/><T129/><D129/><U110/><E80/><V109/><F109/><W116/><G24/><N who="0" m="14383" /><D97/><U119/><E110/><V131/><F131/><W101/><G99/><T16/><D9/><U134/><E130/><V75/><AGARI ba="0,1" hai="44,45,46,51,53,57,60,64,75,79,83,98,103,107" machi="75" ten="20,5200,0" yaku="1,1,0,1,7,1,53,1" doraHai="4" doraHaiUra="54" who="2" fromWho="2" sc="250,-26,250,-13,240,62,250,-13" /><INIT seed="1,0,0,2,3,63" ten="224,237,302,237" oya="1" hai0="52,45,88,132,43,36,65,79,29,113,58,86,90" hai1="93,112,53,42,18,48,98,89,9,47,10,61,102" hai2="80,34,23,115,125,96,95,33,84,133,35,20,70" hai3="109,0,78,55,110,25,8,91,116,71,101,15,129"/><U127/><E127/><V3/><F125/><W74/><G71/><T17/><D113/><U118/><E112/><V130/><F115/><W7/><G101/><T94/><D132/><U105/><E118/><V46/><F133/><W103/><G103/><T106/><D106/><U134/><E134/><V62/><F3/><W13/><G91/><T37/><D29/><U4/><E4/><V56/><F70/><W60/><G78/><T126/><D126/><U69/><E18/><V66/><F130/><W28/><G74/><T73/><D37/><U19/><E19/><V87/><F46/><W114/><G55/><T92/><D79/><U2/><E2/><V49/><F49/><W50/><G60/><T135/><D73/><U81/><E81/><V123/><F123/><W40/><G40/><T120/><D135/><U39/><E89/><V119/><F119/><W59/><G59/><T100/><D100/><U24/><E24/><V51/><F51/><W1/><G50/><T76/><D76/><U6/><E6/><V77/><F87/><W57/><G57/><T32/><D17/><U22/><E22/><V27/><F27/><W14/><G114/><T117/><D117/><U67/><E105/><V75/><F75/><W85/><G116/><T21/><D120/><U83/><E83/><V124/><F124/><W82/><G1/><T44/><D43/><U5/><E5/><V16/><F16/><W128/><G82/><T26/><D36/><U68/><E68/><V12/><F12/><W54/><G14/><T108/><D86/><U121/><E121/><V64/><F64/><RYUUKYOKU ba="0,0" sc="224,-15,237,15,302,15,237,-15" hai1="9,10,39,42,47,48,53,61,67,69,93,98,102" hai2="20,23,33,34,35,56,62,66,77,80,84,95,96" /><INIT seed="1,1,0,4,4,27" ten="209,252,317,222" oya="1" hai0="87,132,38,98,97,127,109,122,86,120,124,57,8" hai1="70,100,89,115,60,92,37,134,80,75,7,19,62" hai2="55,125,44,15,66,123,24,118,133,9,4,104,31" hai3="74,101,68,67,85,56,54,73,23,46,90,114,64"/><U21/><E115/><V102/><F118/><W34/><G114/><T117/><D8/><U18/><E37/><V59/><F123/><N who="0" m="47146" /><D57/><U42/><E42/><V76/><F133/><W41/><G34/><T43/><D43/><U1/><E1/><V77/><F125/><N who="0" m="48202" /><D38/><U2/><E2/><V36/><F66/><W119/><G119/><T84/><D117/><U78/><E7/><V107/><F44/><W39/><G67/><T3/><D3/><U50/><E50/><V81/><F36/><W72/><G64/><T29/><D29/><U108/><E70/><V13/><F59/><W48/><G68/><T96/><D109/><U65/><E108/><V61/><F61/><W135/><G135/><AGARI ba="1,0" hai="84,86,87,96,97,98,132,135" m="48202,47146" machi="135" ten="40,12000,2" yaku="28,2,13,1,18,1,34,2" doraHai="27" who="0" fromWho="3" sc="209,123,252,0,317,0,222,-123" /><INIT seed="2,0,0,4,3,16" ten="332,252,317,99" oya="2" hai0="79,7,8,37,101,5,56,128,22,107,41,119,134" hai1="83,57,92,88,86,11,45,14,27,38,104,52,77" hai2="89,33,15,31,124,130,23,24,115,63,100,122,108" hai3="53,72,93,32,47,21,58,67,28,105,54,117,64"/><V25/><F115/><W0/><G105/><T48/><D134/><U132/><E104/><V114/><F114/><W81/><G0/><T129/><D37/><U112/><E132/><V17/><F122/><W78/><G117/><T116/><D79/><U80/><E112/><V121/><F121/><W61/><G32/><T4/><D8/><U76/><E38/><V46/><F130/><N who="0" m="50282" /><D101/><U44/><E27/><V85/><F124/><W110/><G110/><T42/><D107/><U2/><E2/><V118/><F118/><N who="0" m="45098" /><D22/><U9/><E9/><V71/><F100/><W40/><G93/><T49/><D56/><U70/><E70/><V50/><F108/><W126/><G126/><T60/><D60/><N who="1" m="35879" /><E77/><V65/><F33/><W35/><G35/><T127/><D127/><U34/><E34/><V51/><F31/><W95/><G95/><T13/><D13/><U68/><E68/><V82/><REACH who="2" step="1"/><F51/><AGARI ba="0,0" hai="4,5,7,41,42,48,49,51" m="45098,50282" machi="51" ten="40,8000,1" yaku="28,2,19,1,12,1" doraHai="16" who="0" fromWho="2" sc="332,80,252,0,317,-80,99,0" /><INIT seed="3,0,0,4,2,83" ten="412,252,237,99" oya="3" hai0="87,126,60,14,105,108,1,113,36,134,6,10,84" hai1="89,71,75,101,18,70,110,57,107,116,122,30,97" hai2="64,124,72,47,80,114,133,69,0,63,129,16,33" hai3="112,24,21,120,130,125,92,99,82,90,78,104,111"/><W73/><G112/><T102/><D36/><U66/><E122/><V40/><F114/><W3/><G120/><T17/><D113/><U123/><E123/><V62/><F33/><W8/><G125/><T127/><D108/><U12/><E75/><V103/><F124/><N who="0" m="47658" /><D134/><U106/><E106/><V34/><F34/><W74/><G111/><T43/><D43/><U67/><E30/><V31/><F31/><W11/><G130/><T42/><D42/><U15/><E15/><V9/><F133/><W53/><G74/><T19/><D60/><U58/><E89/><V55/><F103/><W25/><G3/><T26/><D26/><U7/><E7/><V35/><F35/><W38/><G38/><T118/><D118/><U50/><E50/><V98/><F98/><W128/><G128/><T52/><D52/><U121/><E121/><V96/><F9/><W5/><G5/><T45/><D45/><U20/><E110/><V65/><F80/><W109/><G109/><T59/><D59/><U88/><E58/><V100/><F100/><W49/><G104/><T61/><D61/><U85/><E57/><V48/><F16/><N who="0" m="6218" /><D1/><U91/><E116/><V37/><F96/><AGARI ba="0,0" hai="6,10,14,84,87,96,102,105" m="6218,47658" machi="96" ten="30,7700,0" yaku="18,1,52,2,54,1" doraHai="83" who="0" fromWho="2" sc="412,77,252,0,237,-77,99,0" owari="489,59.0,252,5.0,160,-24.0,99,-40.0" /></mjloggm>