<mjloggm ver="2.3"><GO type="169" lobby="0"/><UN n0="%E7%B4%85%E9%A1%94%E3%81%AE%E7%BE%8E%E5%B0%91%E5%B9%B4" n1="%E3%83%88%E3%83%88%E3%83%AA%E5%85%88%E7%94%9F%31%39%E6%AD%B3" n2="%E8%B6%85%E4%BA%BA%EF%BC%AD" n3="%E9%9E%98%E5%B8%AB%E9%87%8C%E4%BF%9D" dan="17,18,17,17" rate="2033.29,2223.44,2182.71,2158.74" sx="M,F,M,M"/><TAIKYOKU oya="0"/><INIT seed="0,0,0,5,3,125" ten="250,250,250,250" oya="0" hai0="112,46,87,130,114,102,36,31,44,57,105,2,9" hai1="33,96,108,6,29,72,25,1,55,10,104,116,64" hai2="69,91,126,16,127,122,38,48,113,42,94,23,80" hai3="68,35,65,8,110,61,0,88,75,51,74,129,45"/><T77/><D31/><U132/><E116/><V7/><F69/><W53/><G35/><T79/><D105/><U103/><E55/><V40/><F38/><W131/><G110/><T71/><D102/><U76/><E108/><V90/><F122/><W22/><G22/><T84/><D71/><U19/><E19/><V133/><F7/><W63/><G63/><T34/><D34/><U101/><E101/><V62/><F113/><W70/><G70/><T67/><D57/><U128/><E64/><V98/><F62/><W12/><G0/><T82/><D67/><U54/><E54/><V59/><F133/><W20/><G20/><T50/><D36/><U11/><E11/><V43/><F59/><W49/><G49/><T117/><D117/><U60/><E60/><V100/><F48/><W134/><G134/><T37/><D37/><U115/><E132/><V123/><F123/><W30/><G30/><T109/><D109/><U89/><E89/><V21/><F21/><W124/><G124/><N who="2" m="47657" /><F80/><W15/><G15/><AGARI ba="0,0" hai="15,16,23,40,42,43,90,91,94,98,100" m="47657" machi="15" ten="30,2000,0" yaku="18,1,54,1" doraHai="125" who="2" fromWho="3" sc="250,0,250,0,250,20,250,-20" /><INIT seed="1,0,0,3,2,132" ten="250,250,270,230" oya="1" hai0="79,38,116,92,52,88,44,21,86,74,23,28,5" hai1="131,105,80,90,84,34,119,77,55,97,60,109,41" hai2="46,135,72,65,108,68,20,1,27,57,40,56,101" hai3="25,22,47,31,61,126,54,19,115,98,123,29,85"/><U82/><E119/><V15/><F1/><W83/><G123/><T45/><D116/><U16/><E34/><V134/><F72/><W9/><G115/><T94/><D5/><U24/><E131/><V12/><F101/><W114/><G114/><T43/><D28/><U128/><E128/><V33/><F68/><W3/><G3/><T103/><D103/><U112/><E112/><V53/><F65/><W66/><G98/><T117/><D117/><U39/><E109/><V10/><F33/><W125/><G54/><T49/><REACH who="0" step="1"/><D92/><REACH who="0" ten="240,250,270,230" step="2"/><U36/><E105/><V118/><F118/><W120/><G120/><T75/><D75/><U93/><E82/><AGARI ba="0,1" hai="21,23,38,43,44,45,49,52,74,79,82,86,88,94" machi="82" ten="40,8000,1" yaku="1,1,54,2,53,1" doraHai="132" doraHaiUra="107" who="0" fromWho="1" sc="240,90,250,-80,270,0,230,0" /><INIT seed="2,0,0,0,0,94" ten="330,170,270,230" oya="2" hai0="122,38,33,72,13,25,63,124,135,129,47,127,112" hai1="103,6,102,86,23,17,58,98,43,51,44,133,79" hai2="120,27,107,22,60,14,0,104,118,70,67,88,78" hai3="119,20,132,18,37,134,76,29,96,16,106,10,34"/><V114/><F0/><W41/><G119/><T59/><D72/><U30/><E133/><N who="3" m="51306" /><G76/><T53/><D135/><U55/><E30/><V11/><F78/><W8/><G34/><T91/><D122/><U40/><E6/><V64/><F64/><W128/><G128/><T108/><D129/><U99/><E40/><V39/><F39/><W36/><G29/><T116/><D116/><U69/><E69/><V66/><F66/><W45/><G37/><T57/><D25/><U68/><E68/><V4/><F114/><W26/><G18/><T42/><D33/><U2/><E2/><V81/><F120/><W65/><G65/><N who="0" m="39151" /><D91/><U93/><E86/><V56/><F70/><W126/><G126/><N who="0" m="48171" /><D13/><U117/><E79/><V3/><F3/><W85/><G85/><T111/><D112/><U84/><E84/><V105/><F118/><W32/><G32/><T74/><D74/><U61/><E117/><V31/><F81/><W7/><G7/><T121/><D121/><U75/><E75/><V110/><REACH who="2" step="1"/><F88/><REACH who="2" ten="330,170,260,230" step="2"/><W97/><G106/><T92/><D92/><U80/><E80/><V21/><F21/><W125/><G125/><T54/><D38/><U9/><E9/><AGARI ba="0,1" hai="8,9,10,16,20,26,36,41,45,96,97" m="51306" machi="9" ten="30,7700,0" yaku="20,1,52,2,54,1" doraHai="94" who="3" fromWho="1" sc="330,0,170,-77,260,0,230,87" /><INIT seed="3,0,0,4,5,75" ten="330,93,260,317" oya="3" hai0="118,108,93,41,110,10,6,116,17,8,69,26,65" hai1="27,128,98,32,102,48,33,125,129,68,81,5,66" hai2="28,79,103,72,22,61,13,73,113,44,30,12,92" hai3="34,96,86,105,63,74,1,131,106,53,0,84,23"/><W80/><G34/><T43/><D69/><U100/><E125/><V112/><F73/><W2/><G131/><T126/><D65/><U60/><E5/><V38/><F61/><W25/><G74/><T64/><D64/><U35/><E48/><V78/><F72/><W45/><G96/><T29/><D93/><U14/><E14/><V56/><F56/><W70/><G70/><T77/><D126/><U59/><E59/><V9/><F38/><W135/><G135/><T127/><D127/><U133/><E133/><V20/><F44/><W46/><G63/><T104/><D104/><U122/><E122/><V94/><F103/><W124/><G124/><T115/><D115/><U21/><E81/><V123/><REACH who="2" step="1"/><F9/><REACH who="2" ten="330,93,250,317" step="2"/><W107/><G46/><T109/><D10/><U87/><E87/><V95/><F95/><W11/><G11/><T83/><D8/><U16/><REACH who="1" step="1"/><E100/><REACH who="1" ten="330,83,250,317" step="2"/><V132/><F132/><W62/><G86/><N who="0" m="48495" /><D108/><U54/><E54/><V4/><F4/><W7/><G7/><T119/><D6/><U39/><E39/><V37/><F37/><W47/><G53/><T71/><D110/><U99/><E99/><V117/><F117/><W51/><G51/><T101/><D109/><U76/><E76/><V42/><F42/><N who="0" m="15882" /><D101/><U18/><E18/><V82/><F82/><W55/><G55/><T24/><D17/><U3/><E3/><V52/><F52/><W50/><G50/><T40/><D40/><U134/><E134/><V111/><F111/><W114/><G0/><T90/><D116/><U57/><E57/><V97/><F97/><W15/><G1/><RYUUKYOKU ba="0,2" sc="330,-15,83,15,250,15,317,-15" hai1="16,21,27,32,33,35,60,66,68,98,102,128,129" hai2="12,13,20,22,28,30,78,79,92,94,112,113,123" /><INIT seed="4,1,2,0,4,129" ten="315,98,265,302" oya="0" hai0="26,63,39,101,50,128,20,103,82,124,90,119,34" hai1="9,46,12,100,10,75,5,105,79,38,68,2,1" hai2="40,43,69,25,130,3,65,107,76,97,23,55,106" hai3="73,49,126,61,102,117,0,114,8,74,24,95,127"/><T48/><D39/><U121/><E121/><V41/><F3/><W64/><G117/><T108/><D119/><U112/><E68/><V70/><F130/><W14/><G0/><T42/><D34/><U45/><E112/><V28/><F76/><W85/><G114/><T30/><D128/><U133/><E105/><V67/><F55/><W72/><G49/><T110/><D124/><N who="3" m="47657" /><G24/><T27/><D63/><U59/><E100/><V132/><F107/><W13/><G8/><T92/><D82/><U134/><E59/><V21/><F21/><W15/><G85/><T99/><D27/><U4/><E12/><V115/><F115/><W31/><G31/><T91/><D101/><U84/><E84/><V113/><F113/><W122/><G122/><T125/><D50/><U78/><REACH who="1" step="1"/><E38/><REACH who="1" ten="315,88,265,302" step="2"/><V62/><F106/><W54/><G102/><N who="0" m="60775" /><D125/><U81/><E81/><V17/><F97/><W86/><G86/><T66/><D103/><U53/><E53/><V83/><F83/><W51/><G95/><T98/><D98/><U89/><E89/><V19/><F70/><N who="3" m="42255" /><G13/><T32/><D90/><U47/><E47/><AGARI ba="1,3" hai="14,15,47,51,54,72,73,74" m="42255,47657" machi="47" ten="40,1300,0" yaku="18,1" doraHai="129" who="3" fromWho="1" sc="315,0,88,-16,265,0,302,46" /><INIT seed="5,0,0,2,5,123" ten="315,72,265,348" oya="1" hai0="51,5,8,96,2,91,92,66,7,48,110,115,101" hai1="95,60,20,78,58,111,27,40,89,122,42,19,100" hai2="21,90,107,102,113,13,75,41,9,50,93,37,30" hai3="116,128,121,118,18,81,54,62,99,61,103,131,97"/><U64/><E122/><V109/><F37/><W112/><G121/><T33/><D33/><U15/><E111/><V10/><F75/><W65/><G112/><T72/><D72/><U29/><E78/><V127/><F107/><W105/><G81/><T46/><D115/><U45/><E45/><N who="2" m="25903" /><F109/><W117/><G18/><T120/><D120/><U126/><E126/><V0/><F0/><W36/><G36/><T24/><D110/><U132/><E132/><V47/><F113/><W70/><G99/><T28/><D66/><U104/><E104/><V59/><F102/><W43/><G43/><T119/><D119/><U77/><E77/><V73/><F73/><W44/><G44/><T86/><D5/><U133/><E133/><V49/><F59/><AGARI ba="0,0" hai="54,59,61,62,65,70,97,103,105,116,117,118,128,131" machi="59" ten="50,1600,0" yaku="12,1" doraHai="123" who="3" fromWho="2" sc="315,0,72,0,265,-16,348,16" /><INIT seed="6,0,0,1,0,127" ten="315,72,249,364" oya="2" hai0="114,4,62,20,30,16,2,64,111,70,102,56,11" hai1="49,0,69,85,54,9,109,83,93,89,72,26,88" hai2="130,46,48,76,80,27,15,14,110,135,86,134,32" hai3="75,107,18,96,94,55,35,132,7,34,53,120,47"/><V61/><F61/><W13/><G75/><T23/><D111/><U36/><E109/><V104/><F104/><W126/><G120/><T131/><D114/><U65/><E36/><V6/><F110/><W39/><G107/><T43/><D43/><U122/><E122/><V123/><F123/><W129/><G7/><T71/><D102/><U108/><E108/><V119/><F119/><W118/><G118/><T84/><D84/><U10/><E0/><V103/><F103/><W59/><G126/><T125/><D125/><U81/><E72/><V98/><F98/><W22/><G132/><N who="2" m="50729" /><F6/><W51/><G129/><T3/><D131/><U87/><E93/><V101/><F101/><W67/><G67/><T97/><D97/><U66/><E69/><V44/><F44/><W112/><G112/><T8/><D8/><U95/><E95/><V79/><F79/><W40/><G53/><T82/><D82/><U41/><E41/><N who="2" m="24655" /><F130/><W63/><G63/><T19/><D2/><U78/><E78/><V57/><F57/><W37/><G37/><T106/><D106/><U50/><REACH who="1" step="1"/><E54/><REACH who="1" ten="315,62,249,364" step="2"/><V60/><F76/><W121/><G121/><T28/><D71/><U29/><E29/><N who="2" m="19519" /><F80/><W128/><G128/><T31/><D70/><U5/><E5/><V92/><F92/><W45/><G94/><T52/><D52/><U133/><E133/><V21/><F86/><W100/><G47/><T33/><D33/><N who="3" m="12297" /><G100/><T124/><D124/><U12/><E12/><N who="2" m="4651" /><F21/><N who="3" m="11471" /><G96/><T115/><D115/><U99/><E99/><V42/><F42/><W90/><G22/><N who="0" m="8235" /><D4/><U68/><E68/><V116/><F116/><RYUUKYOKU ba="0,1" sc="315,0,62,0,249,0,364,0" hai0="3,11,16,19,28,30,31,56,62,64" hai1="9,10,26,49,50,65,66,81,83,85,87,88,89" hai2="60" hai3="39,40,45,51,55,59,90" /><INIT seed="6,1,1,1,2,39" ten="315,62,249,364" oya="2" hai0="93,14,76,67,53,100,20,125,113,128,17,15,68" hai1="55,120,38,41,21,42,87,122,123,57,102,96,70" hai2="118,103,134,32,7,46,121,16,104,86,35,3,8" hai3="10,43,97,92,12,74,40,51,119,1,84,116,80"/><V31/><F121/><W89/><G1/><T28/><D113/><U82/><E70/><V109/><F118/><W27/><G74/><T26/><D125/><U18/><E38/><V37/><F134/><W24/><G119/><T65/><D128/><U36/><E36/><V44/><F109/><W61/><G116/><T29/><D76/><U4/><E4/><V78/><F46/><N who="3" m="26055" /><G61/><T75/><D75/><U19/><E55/><V69/><F69/><W98/><G43/><N who="1" m="16394" /><E21/><V132/><F44/><W81/><G81/><T11/><D68/><U34/><E57/><V66/><F66/><W106/><G106/><T105/><D105/><N who="1" m="63687" /><E34/><V99/><F37/><W111/><G111/><T112/><D53/><U94/><E94/><V126/><F35/><W124/><G97/><T101/><D93/><U52/><E52/><V13/><F32/><W33/><G33/><T85/><D20/><U59/><E59/><V5/><F31/><W131/><G92/><T135/><D29/><U90/><AGARI ba="1,1" hai="18,19,82,87,90,120,122,123" m="63687,16394" machi="90" ten="40,8000,1" yaku="13,1,52,3" doraHai="39" who="1" fromWho="1" sc="315,-21,62,93,249,-41,364,-21" /><INIT seed="7,0,0,0,0,69" ten="294,155,208,343" oya="3" hai0="7,101,87,31,41,81,10,108,34,66,131,112,110" hai1="95,121,1,15,118,85,106,72,92,51,38,88,37" hai2="73,127,76,61,82,111,21,44,42,2,45,133,18" hai3="56,68,83,89,130,125,109,115,94,63,4,124,30"/><W53/><G115/><T33/><D131/><U23/><E121/><V78/><F2/><W59/><G130/><T114/><D66/><U128/><E1/><V99/><F111/><W14/><G109/><T67/><D67/><U117/><E128/><V19/><F133/><W26/><G68/><T25/><D34/><U84/><E106/><V80/><F127/><N who="3" m="48715" /><G83/><T71/><D71/><U107/><E107/><V43/><F61/><W22/><G59/><T28/><D28/><U36/><E72/><V3/><F99/><N who="3" m="57807" /><G14/><T27/><D81/><U116/><E51/><V54/><F54/><W24/><G24/><T86/><D27/><U50/><E50/><V65/><F65/><W103/><G103/><T132/><D101/><U120/><E120/><V46/><F3/><W57/><G57/><T104/><D132/><U102/><E102/><V60/><F60/><W0/><G0/><T77/><D112/><U29/><E15/><V47/><F21/><W75/><G4/><T49/><D7/><U79/><E79/><V134/><F134/><W8/><G8/><T55/><D10/><U97/><E92/><V70/><F70/><W20/><G75/><T17/><D114/><U39/><N who="1" m="9216" /><DORA hai="93" /><U12/><E12/><V119/><N who="2" m="11264" /><DORA hai="113" /><V129/><F129/><W52/><G53/><T13/><D55/><U40/><E40/><V62/><F62/><W90/><G52/><T5/><D41/><U96/><E96/><V105/><F43/><W9/><G63/><T58/><D110/><U135/><E135/><V48/><F42/><W16/><G56/><T123/><D108/><RYUUKYOKU ba="0,0" sc="294,-10,155,30,208,-10,343,-10" hai1="23,29,84,85,88,95,97,116,117,118" owari="284,8.0,185,-31.0,198,-20.0,333,43.0" /></mjloggm>