<mjloggm ver="2.3"><GO type="41" lobby="0"/><UN n0="%E5%B0%B1%E6%B4%BB%E7%94%9F%40%E5%B7%9D%E6%9D%91%E8%BB%8D%E5%9B%A3" n1="%E3%81%99%E3%81%B0%E3%82%89%E3%81%A3%E2%98%85" n2="%E3%81%BE%E3%82%81%E3%81%B4%E3%82%88" n3="%E3%82%B4%E3%83%83%E3%83%89%E3%83%90%E3%83%BC%E3%83%89" dan="17,13,15,15" rate="2191.54,1996.85,1933.20,1996.48" sx="M,F,M,M"/><TAIKYOKU oya="0"/><INIT seed="0,0,0,2,4,71" ten="250,250,250,250" oya="0" hai0="34,78,134,74,30,109,91,80,93,13,15,111,77" hai1="117,73,126,48,16,42,44,103,49,21,88,14,67" hai2="58,57,87,2,72,112,90,135,68,63,81,59,39" hai3="31,70,62,40,131,121,50,99,83,4,76,27,61"/><T9/><D134/><U5/><E117/><V106/><F2/><W101/><G4/><T79/><D34/><U66/><E73/><V124/><F112/><W102/><G102/><T110/><D30/><U10/><E103/><V36/><F106/><W92/><G70/><T100/><D13/><U75/><E75/><V133/><F72/><W85/><G131/><T1/><D1/><U26/><E126/><V69/><F124/><W96/><G96/><N who="0" m="59407" /><D15/><U120/><E120/><V129/><F129/><W113/><G113/><T122/><D9/><U98/><REACH who="1" step="1"/><E48/><REACH who="1" ten="250,240,250,250" step="2"/><V0/><F0/><W23/><G121/><T65/><D122/><U37/><E37/><N who="2" m="14411" /><F63/><W38/><G38/><T54/><D54/><U20/><E20/><V6/><F6/><W108/><G61/><T97/><D65/><U104/><E104/><V41/><F41/><W33/><G62/><T119/><D119/><U22/><E22/><V18/><F18/><W55/><G40/><T105/><D105/><U94/><AGARI ba="0,1" hai="5,10,14,16,21,26,42,44,49,66,67,88,94,98" machi="94" ten="30,12000,2" yaku="1,1,0,1,8,1,54,2,53,1" doraHai="71" doraHaiUra="11" who="1" fromWho="1" sc="250,-60,240,130,250,-30,250,-30" /><INIT seed="1,0,0,3,3,103" ten="190,370,220,220" oya="1" hai0="126,99,28,6,48,116,1,82,20,127,39,34,74" hai1="83,19,118,123,100,43,120,15,96,27,72,58,57" hai2="112,73,45,41,76,25,61,21,37,17,107,92,132" hai3="46,119,129,54,130,113,30,108,104,35,26,65,55"/><U53/><E118/><V121/><F121/><W106/><G113/><T105/><D48/><U56/><E43/><V111/><F112/><W3/><G3/><T38/><D20/><U52/><E27/><V32/><F111/><W67/><G108/><T11/><D116/><U9/><E123/><V18/><F132/><W47/><G119/><T77/><D28/><U131/><E120/><V70/><F32/><W87/><G87/><T63/><D63/><U81/><E131/><N who="3" m="50186" /><G54/><T109/><D34/><U23/><E9/><V86/><F73/><W78/><G78/><T102/><REACH who="0" step="1"/><D109/><REACH who="0" ten="180,370,220,220" step="2"/><U33/><E33/><V134/><F21/><W59/><G47/><T64/><D64/><N who="3" m="24649" /><G46/><T14/><D14/><U36/><E36/><AGARI ba="0,1" hai="1,6,11,36,38,39,74,77,82,99,102,105,126,127" machi="36" ten="40,8000,1" yaku="1,1,23,2,52,1,53,0" doraHai="103" doraHaiUra="8" who="0" fromWho="1" sc="180,90,370,-80,220,0,220,0" /><INIT seed="2,0,0,0,2,99" ten="270,290,220,220" oya="2" hai0="109,46,16,111,108,35,133,134,11,121,69,132,9" hai1="97,78,17,123,27,10,124,34,51,60,26,127,23" hai2="102,70,54,24,93,12,77,42,84,58,130,101,94" hai3="0,96,14,13,129,100,25,110,65,31,36,56,120"/><V62/><F130/><W125/><G0/><T116/><D69/><U73/><E123/><V39/><F39/><W28/><G36/><T105/><D105/><U80/><E51/><V61/><F42/><W85/><G120/><T1/><D46/><U115/><E115/><V18/><F24/><W86/><G31/><T82/><D82/><U103/><E60/><V63/><F70/><W4/><G129/><T33/><D121/><U126/><E10/><N who="2" m="6423" /><F63/><N who="3" m="38119" /><G125/><T29/><D116/><U57/><E57/><N who="2" m="34999" /><F77/><W104/><G4/><N who="0" m="1167" /><D29/><U87/><E34/><V49/><F49/><W118/><G118/><T32/><D32/><U5/><E5/><V135/><F135/><W72/><G72/><T47/><D47/><U15/><REACH who="1" step="1"/><E73/><REACH who="1" ten="270,280,220,220" step="2"/><V8/><F8/><W107/><G110/><T21/><D11/><U37/><E37/><V38/><F38/><W2/><G2/><T20/><D20/><U95/><AGARI ba="0,1" hai="15,17,23,26,27,78,80,87,95,97,103,124,126,127" machi="95" ten="30,7900,0" yaku="1,1,0,1,18,1,52,1,53,0" doraHai="99" doraHaiUra="7" who="1" fromWho="1" sc="270,-20,280,89,220,-39,220,-20" /><INIT seed="3,0,0,0,0,112" ten="250,369,181,200" oya="3" hai0="2,24,71,126,58,1,120,39,135,75,94,86,76" hai1="22,80,52,41,62,91,117,56,65,35,82,18,119" hai2="97,8,63,87,111,88,50,77,108,131,51,79,96" hai3="10,103,29,93,122,74,21,47,4,124,69,134,33"/><W61/><G74/><T12/><D58/><N who="1" m="37079" /><E35/><V73/><F131/><W55/><G33/><T37/><D12/><N who="1" m="9543" /><E41/><V14/><F63/><W5/><G5/><T100/><D94/><U109/><E91/><V9/><F73/><W45/><G122/><T42/><D86/><U66/><E66/><V115/><F115/><W128/><G128/><T38/><D42/><U90/><E90/><V49/><F9/><W16/><G29/><T26/><D100/><U113/><E113/><V133/><F133/><W11/><G11/><T13/><D13/><U43/><E43/><V101/><F111/><W118/><G134/><T67/><D120/><U116/><E109/><V78/><F101/><W72/><G72/><T17/><D135/><U20/><E20/><V46/><F46/><W70/><G70/><T3/><D126/><U98/><E98/><V125/><F125/><W7/><G124/><T40/><D40/><U83/><E83/><N who="2" m="49279" /><F108/><W36/><G36/><T54/><D67/><U0/><E0/><V132/><F132/><W89/><G103/><T19/><D71/><U106/><E106/><V30/><F30/><W81/><G69/><T105/><D105/><U110/><E110/><V27/><F27/><N who="0" m="10282" /><D75/><U85/><E85/><V104/><F104/><W95/><G81/><T60/><D76/><U121/><E121/><V15/><F15/><N who="3" m="9375" /><G93/><T28/><D28/><U114/><E114/><V23/><F23/><W130/><G130/><T59/><D38/><U64/><E64/><V84/><F84/><N who="3" m="52647" /><G10/><T31/><D31/><U99/><E99/><V92/><F92/><W127/><G127/><RYUUKYOKU ba="0,0" sc="250,10,369,10,181,10,200,-30" hai0="1,2,3,17,19,37,39,54,59,60" hai1="52,56,80,82,116,117,119" hai2="8,14,49,50,51,77,78,79,96,97" /><INIT seed="4,1,0,4,1,17" ten="260,379,191,170" oya="0" hai0="94,65,135,80,99,63,31,83,115,20,54,78,96" hai1="12,9,3,114,82,22,92,126,103,29,47,106,16" hai2="13,95,131,55,37,56,18,125,51,127,107,19,61" hai3="30,36,79,40,62,10,14,32,4,85,133,118,105"/><T23/><D115/><U98/><E126/><N who="2" m="48139" /><F107/><W66/><G105/><T73/><D135/><U134/><E134/><V129/><F37/><W121/><G133/><T42/><D42/><U87/><E114/><V123/><F123/><W67/><G67/><T64/><D96/><U57/><E57/><V122/><F122/><W45/><G121/><T109/><D109/><U90/><E47/><V24/><F95/><W93/><G118/><T75/><D31/><U33/><E33/><V119/><F119/><W8/><G8/><T15/><D15/><U104/><REACH who="1" step="1"/><E29/><REACH who="1" ten="260,369,191,170" step="2"/><V5/><F131/><W69/><G30/><T50/><D65/><U44/><E44/><V71/><F129/><W81/><G32/><T117/><D117/><U72/><E72/><V91/><F56/><W76/><G93/><T48/><D75/><U102/><E102/><V116/><F116/><W111/><G111/><T27/><D73/><U25/><E25/><V43/><F24/><W53/><G53/><T130/><D27/><U59/><E59/><V28/><F28/><W11/><G11/><T0/><D130/><U2/><E2/><V108/><F55/><W113/><G113/><T124/><D124/><U86/><E86/><V100/><F108/><W89/><AGARI ba="1,1" hai="4,10,14,36,40,45,62,66,69,76,79,81,85,89" machi="89" ten="20,1500,0" yaku="0,1,7,1" doraHai="17" who="3" fromWho="3" sc="260,-8,369,-5,191,-5,170,28" /><INIT seed="5,0,0,4,5,35" ten="252,364,186,198" oya="1" hai0="22,25,47,30,69,98,120,76,63,74,105,51,68" hai1="17,32,9,13,58,114,6,86,38,33,122,109,116" hai2="12,121,52,50,23,108,134,0,45,107,104,84,26" hai3="64,5,42,3,8,54,43,102,131,85,133,115,80"/><U78/><E116/><V94/><F108/><W65/><G102/><T77/><D120/><U7/><E122/><V110/><F121/><W96/><G96/><T123/><D123/><U135/><E38/><V79/><F110/><W83/><G54/><T125/><D125/><U62/><E109/><V61/><F134/><W111/><G111/><T90/><D74/><U91/><E135/><V89/><F0/><W55/><G55/><T46/><D46/><U57/><E78/><V75/><F12/><W66/><G133/><T87/><D98/><U14/><E58/><V118/><F118/><W101/><G101/><T36/><D105/><U10/><E17/><V2/><F2/><W132/><G132/><T92/><D36/><U41/><E41/><V44/><F44/><W127/><G127/><T67/><D69/><U100/><E100/><V113/><F113/><W129/><G83/><T39/><D39/><U1/><E1/><V34/><F34/><W28/><G28/><T119/><D119/><U88/><E91/><V53/><F75/><W27/><G27/><T49/><D49/><U56/><E56/><V128/><F79/><N who="3" m="46239" /><G115/><T37/><D37/><U60/><E114/><V31/><F128/><AGARI ba="0,0" hai="3,5,8,42,43,64,65,66,128,129,131" m="46239" machi="128" ten="30,2000,0" yaku="19,1,52,1" doraHai="35" who="3" fromWho="2" sc="252,0,364,0,186,-20,198,20" /><INIT seed="6,0,0,5,5,31" ten="252,364,166,218" oya="2" hai0="104,1,13,63,106,109,46,62,67,73,120,87,52" hai1="125,100,89,103,116,50,66,15,54,102,96,119,28" hai2="108,41,74,42,2,14,48,134,35,76,8,34,60" hai3="39,88,71,30,112,113,61,27,69,29,90,16,4"/><V80/><F2/><W124/><G39/><T95/><D73/><U57/><E125/><V126/><F126/><W10/><G124/><T19/><D1/><U101/><E28/><N who="3" m="10858" /><G4/><T131/><D109/><U38/><E38/><V40/><F108/><W82/><G61/><T20/><D120/><U128/><E128/><V25/><F134/><W94/><G82/><T79/><D131/><U93/><E66/><V6/><F25/><W78/><G78/><T47/><D62/><U53/><N who="1" m="26112" /><DORA hai="97" /><U44/><REACH who="1" step="1"/><E15/><REACH who="1" ten="252,354,166,218" step="2"/><V55/><REACH who="2" step="1"/><F60/><AGARI ba="0,1" hai="44,50,53,54,57,60,89,93,96,116,119" m="26112" machi="60" ten="50,12000,2" yaku="1,1,2,1,52,4,53,0" doraHai="31,97" doraHaiUra="133,77" who="1" fromWho="2" sc="252,0,354,130,166,-120,218,0" /><INIT seed="7,0,0,0,2,125" ten="252,484,46,218" oya="3" hai0="17,56,18,95,130,132,53,87,110,48,23,134,96" hai1="33,62,5,66,4,119,38,120,22,46,100,55,37" hai2="84,128,51,77,115,64,131,129,133,118,11,40,36" hai3="65,127,19,61,67,12,21,41,30,122,1,108,91"/><W6/><G122/><T60/><D110/><U78/><E120/><V70/><F11/><W72/><G72/><T8/><D130/><U93/><E33/><V94/><F77/><W117/><G108/><T16/><D8/><U85/><E22/><V135/><F84/><W7/><G30/><T114/><D87/><U15/><E100/><V124/><F94/><W89/><G117/><T63/><D114/><U71/><E5/><N who="3" m="1546" /><G1/><T103/><D23/><U43/><E55/><V2/><F2/><W20/><G41/><T99/><D96/><U3/><E3/><V57/><F118/><W73/><G73/><T81/><D81/><U68/><E68/><V27/><F27/><W29/><G127/><T35/><D35/><U106/><E106/><V97/><F97/><W26/><G61/><T107/><D107/><U101/><E101/><V83/><F83/><W58/><G58/><T10/><D10/><U25/><E25/><V98/><F98/><W28/><G29/><T113/><D113/><U44/><E4/><V90/><F90/><AGARI ba="0,0" hai="12,19,20,21,26,28,65,67,89,90,91" m="1546" machi="90" ten="30,1500,0" yaku="8,1" doraHai="125" who="3" fromWho="2" sc="252,0,484,0,46,-15,218,15" /><INIT seed="7,1,0,2,5,125" ten="252,484,31,233" oya="3" hai0="13,84,122,102,78,119,31,105,37,129,76,124,117" hai1="10,5,85,9,22,67,34,128,97,111,2,23,17" hai2="58,71,35,15,123,93,12,73,87,75,100,101,99" hai3="1,19,47,110,133,16,46,118,115,24,81,120,82"/><W45/><G1/><T127/><D37/><U88/><E128/><V74/><F71/><W121/><G118/><N who="0" m="45067" /><D13/><U32/><E67/><V57/><F35/><W28/><G110/><T51/><D129/><U50/><E97/><V104/><F99/><W72/><G133/><T33/><D51/><U39/><E39/><V48/><F48/><W44/><G115/><T80/><D31/><U63/><E63/><V26/><F26/><W55/><G55/><T20/><D20/><U95/><E9/><V53/><F53/><W109/><G109/><T114/><D33/><U36/><E36/><V25/><F25/><W61/><G61/><T106/><D122/><U4/><E4/><V66/><F66/><W89/><G47/><T86/><D114/><U59/><E22/><V94/><F87/><W62/><G62/><T11/><D11/><U21/><E21/><V3/><F3/><W49/><G49/><T113/><D113/><U6/><E6/><V27/><F27/><W96/><G72/><T92/><D124/><U38/><E38/><V131/><F131/><W60/><G60/><T29/><D29/><U40/><E111/><V0/><F0/><W43/><G43/><T70/><D70/><U79/><E40/><V8/><F8/><W14/><G14/><N who="2" m="5161" /><F123/><N who="3" m="47179" /><G96/><N who="0" m="59655" /><D127/><U134/><E79/><V41/><F41/><W56/><G56/><N who="2" m="21609" /><F104/><W77/><G89/><T108/><D108/><U90/><E134/><V68/><F68/><W7/><G7/><T30/><D30/><U65/><E90/><V135/><F135/><W54/><G54/><T18/><D106/><U98/><E50/><RYUUKYOKU ba="1,0" sc="252,-10,484,-10,31,30,233,-10" hai2="73,74,75,93,94,100,101" owari="242,4.0,474,58.0,61,-44.0,223,-18.0" /></mjloggm>