<mjloggm ver="2.3"><GO type="169" lobby="0"/><UN n0="%6A%75%6D%70%2D%75%70" n1="%E3%81%AB%E3%81%9B%E6%82%9F%E7%A9%BA" n2="%E3%83%9F%E3%83%8E%E3%83%AA" n3="%E3%82%A6%E3%83%AB%E3%83%88%E3%83%A9%E7%AB%8B%E7%9B%B4" dan="16,17,17,18" rate="2053.63,2177.53,2106.05,2222.90" sx="M,M,M,M"/><TAIKYOKU oya="0"/><INIT seed="0,0,0,0,4,101" ten="250,250,250,250" oya="0" hai0="83,28,53,31,92,130,8,132,27,62,40,57,14" hai1="20,17,3,33,10,45,86,23,16,61,93,94,65" hai2="72,95,7,109,107,30,6,19,13,4,89,44,21" hai3="73,11,113,102,104,131,75,60,26,127,5,111,76"/><T67/><D132/><U32/><E45/><V43/><F72/><W35/><G113/><T1/><D130/><U134/><E134/><V108/><F30/><N who="3" m="19927" /><G76/><T82/><D1/><U58/><E33/><V36/><REACH who="2" step="1"/><F107/><REACH who="2" ten="250,250,240,250" step="2"/><W50/><G75/><T91/><D28/><U2/><E32/><V34/><F34/><W9/><G104/><T87/><D31/><U98/><E2/><V42/><F42/><W18/><G73/><T39/><D27/><U116/><E3/><V22/><F22/><W117/><G131/><T126/><D126/><U84/><E116/><V0/><F0/><W41/><G117/><T46/><REACH who="0" step="1"/><D67/><REACH who="0" ten="240,250,240,250" step="2"/><U90/><E65/><V69/><F69/><W77/><G127/><T135/><D135/><U100/><E10/><V85/><AGARI ba="0,2" hai="4,6,7,13,19,21,36,43,44,85,89,95,108,109" machi="85" ten="30,2000,0" yaku="1,1,0,1,53,0" doraHai="101" doraHaiUra="47" who="2" fromWho="2" sc="240,-10,250,-5,240,40,250,-5" /><INIT seed="1,0,0,0,0,95" ten="230,245,280,245" oya="1" hai0="25,59,6,98,16,56,134,116,129,11,64,18,93" hai1="31,27,1,52,20,100,66,35,104,32,101,131,128" hai2="21,9,70,108,51,102,62,41,83,114,79,14,65" hai3="106,39,15,74,10,42,94,12,22,48,57,73,126"/><U85/><E1/><V67/><F108/><W105/><G39/><T90/><D116/><U88/><E66/><V71/><F114/><W36/><G36/><T38/><D38/><U109/><E109/><V47/><F21/><W115/><G22/><T123/><D123/><U113/><E113/><V77/><F83/><W89/><G115/><T132/><D129/><N who="1" m="49739" /><E52/><V8/><F8/><W34/><G34/><N who="1" m="12842" /><E104/><V118/><F118/><W96/><G106/><T19/><D25/><U58/><E58/><V17/><F67/><W120/><G120/><T37/><D37/><U122/><E122/><V53/><F71/><W84/><G57/><T23/><D23/><U2/><E2/><V78/><F53/><W110/><G110/><T112/><D112/><U29/><E29/><V135/><F135/><N who="0" m="51754" /><D64/><U7/><E7/><V55/><F55/><W24/><G24/><T72/><D72/><U125/><E125/><V75/><F75/><W86/><G126/><T103/><D103/><U91/><E91/><V26/><F26/><W92/><G105/><T63/><D63/><U117/><E117/><V97/><F78/><W28/><G74/><T5/><D5/><U69/><E69/><V44/><F47/><W119/><G73/><T61/><D61/><U130/><N who="1" m="49747" /><U127/><DORA hai="43" /><E127/><V111/><F111/><W81/><G119/><T3/><AGARI ba="0,0" hai="3,6,11,16,18,19,56,59,90,93,98" m="51754" machi="3" ten="30,4000,0" yaku="20,1,52,1,54,1" doraHai="95,43" who="0" fromWho="0" sc="230,40,245,-20,280,-10,245,-10" /><INIT seed="2,0,0,2,3,115" ten="270,225,270,235" oya="2" hai0="71,80,131,67,127,107,31,100,101,135,5,16,120" hai1="129,32,4,111,28,84,62,29,22,58,94,79,104" hai2="130,21,69,123,54,48,68,98,60,66,75,81,14" hai3="56,61,50,40,24,113,1,20,11,43,3,122,53"/><V26/><F123/><W97/><G122/><T63/><D120/><U116/><E116/><V74/><F130/><W95/><G113/><T128/><D127/><U106/><E32/><V39/><F39/><W35/><G35/><T82/><D135/><U64/><E111/><V73/><F69/><W65/><G3/><T108/><D31/><U38/><E38/><V51/><F14/><W34/><G34/><T15/><D5/><U13/><E129/><N who="0" m="49737" /><D108/><U86/><E106/><V132/><F132/><W91/><G11/><N who="0" m="6271" /><D107/><U52/><E104/><V124/><F124/><W102/><G91/><T121/><D121/><U85/><E79/><V47/><F98/><W87/><G87/><T25/><D25/><U109/><E109/><V33/><F33/><W37/><G37/><T19/><D19/><N who="1" m="10607" /><E4/><V59/><F81/><AGARI ba="0,0" hai="63,67,71,80,81,82,100,101" m="6271,49737" machi="81" ten="30,2000,0" yaku="19,1,54,1" doraHai="115" who="0" fromWho="2" sc="270,20,225,0,270,-20,235,0" /><INIT seed="3,0,0,3,3,18" ten="290,225,250,235" oya="3" hai0="66,41,13,26,74,19,16,94,44,32,21,37,3" hai1="50,15,131,42,87,109,77,34,46,93,22,49,1" hai2="6,62,14,53,111,24,57,55,124,63,123,79,70" hai3="135,65,43,75,56,7,130,105,39,64,114,76,5"/><W71/><G114/><T88/><D74/><U47/><E1/><V89/><F111/><W113/><G113/><T2/><D66/><U51/><E34/><V8/><F124/><W118/><G118/><T17/><D32/><U99/><E109/><V85/><F123/><W52/><G105/><T69/><D69/><U129/><E77/><V29/><F79/><W91/><G130/><N who="1" m="49674" /><E87/><V106/><F106/><W81/><G135/><T20/><D17/><N who="1" m="10559" /><E47/><V83/><F70/><W92/><G65/><T128/><D128/><U97/><E93/><V68/><F68/><W98/><G64/><T10/><D10/><U59/><E59/><V31/><F24/><W125/><G71/><T67/><D67/><U11/><E11/><V96/><F96/><AGARI ba="0,0" hai="2,3,13,16,19,20,21,26,37,41,44,88,94,96" machi="96" ten="30,8000,1" yaku="7,1,52,2,54,2" doraHai="18" who="0" fromWho="2" sc="290,80,225,0,250,-80,235,0" /><AGARI ba="0,0" hai="42,46,49,50,51,96,97,99" m="10559,49674" machi="96" ten="30,2000,0" yaku="19,1,52,1" doraHai="18" who="1" fromWho="2" sc="370,0,225,20,170,-20,235,0" /><INIT seed="4,0,0,2,2,20" ten="370,245,150,235" oya="0" hai0="12,77,30,124,106,42,128,83,32,135,6,55,120" hai1="65,114,0,112,56,64,126,107,100,52,15,105,102" hai2="117,47,93,4,16,108,10,62,134,109,125,95,23" hai3="130,84,115,33,122,129,94,57,39,91,9,81,87"/><T13/><D120/><U53/><E0/><V50/><F134/><W121/><G39/><T133/><D106/><N who="1" m="40459" /><E56/><V54/><F125/><W69/><G69/><T40/><D128/><N who="3" m="49257" /><G33/><T71/><D71/><U44/><E15/><V96/><F117/><W80/><G57/><T8/><D13/><U45/><E126/><V2/><F62/><W35/><G35/><T113/><D55/><N who="1" m="21067" /><E45/><V116/><F116/><W92/><G115/><N who="1" m="44074" /><E44/><V25/><REACH who="2" step="1"/><F95/><REACH who="2" ten="370,245,140,235" step="2"/><N who="3" m="36395" /><G9/><T59/><D124/><U97/><E97/><V103/><AGARI ba="0,1" hai="2,4,10,16,23,25,47,50,54,93,96,103,108,109" machi="103" ten="20,8000,1" yaku="1,1,0,1,7,1,52,1,54,1,53,0" doraHai="20" doraHaiUra="61" who="2" fromWho="2" sc="370,-40,245,-20,140,90,235,-20" /><INIT seed="5,0,0,4,2,83" ten="330,225,230,215" oya="1" hai0="100,4,97,53,115,68,75,54,63,36,47,46,74" hai1="26,102,37,124,84,119,23,14,94,78,90,67,111" hai2="72,135,132,24,106,61,20,57,131,130,95,21,51" hai3="17,134,82,65,59,16,108,104,110,35,56,71,88"/><U112/><E119/><V98/><F51/><W105/><G35/><T116/><D115/><U48/><E37/><V18/><F106/><W113/><G71/><T117/><D116/><U125/><E111/><V101/><F72/><W22/><G82/><T49/><D117/><U15/><E112/><V32/><F32/><W0/><G22/><T34/><D34/><U70/><E70/><V129/><REACH who="2" step="1"/><F20/><REACH who="2" ten="330,225,220,215" step="2"/><W45/><G113/><T121/><D75/><U122/><E122/><V50/><F50/><W29/><G110/><T33/><D74/><U80/><E48/><V58/><F58/><W133/><G59/><T69/><D33/><U103/><E125/><V44/><F44/><W62/><G45/><T40/><D68/><U81/><E124/><V42/><F42/><W10/><G105/><T27/><D121/><U127/><E127/><V85/><F85/><W120/><G104/><T114/><D114/><U86/><E67/><AGARI ba="0,1" hai="18,21,24,57,61,67,95,98,101,129,130,131,132,135" machi="67" ten="40,2600,0" yaku="1,1,19,1,53,0" doraHai="83" doraHaiUra="28" who="2" fromWho="1" sc="330,0,225,-26,220,36,215,0" /><INIT seed="6,0,0,5,1,23" ten="330,199,256,215" oya="2" hai0="63,32,1,107,43,132,75,90,117,114,5,83,14" hai1="33,91,67,47,124,100,50,0,22,21,25,121,108" hai2="81,53,113,122,96,130,110,51,128,16,111,19,123" hai3="109,11,86,58,95,24,36,10,99,82,18,120,62"/><V35/><F35/><W84/><G36/><T89/><D63/><U135/><E108/><N who="2" m="41515" /><F81/><W7/><G120/><N who="2" m="46121" /><F96/><W12/><G109/><T13/><D43/><U92/><E100/><V112/><F53/><N who="3" m="34127" /><G82/><T44/><D32/><U56/><E92/><V131/><F51/><W78/><G78/><T68/><D75/><U4/><E50/><V30/><F30/><W40/><G40/><T3/><D3/><U116/><E0/><V105/><F105/><W64/><G64/><T102/><D1/><U85/><E67/><V42/><F42/><W72/><G72/><T88/><D107/><U29/><E33/><V52/><F52/><W87/><G87/><T39/><D83/><U104/><E85/><V20/><F20/><N who="3" m="13335" /><G11/><T15/><D5/><U127/><E4/><V115/><AGARI ba="0,0" hai="16,19,112,113,115,128,130,131" m="46121,41515" machi="115" ten="50,24000,3" yaku="28,2,15,1,19,1,10,1,34,2,54,1" doraHai="23" who="2" fromWho="2" sc="330,-80,199,-80,256,240,215,-80" /><INIT seed="6,1,0,5,2,0" ten="250,119,496,135" oya="2" hai0="121,29,7,93,54,60,71,83,64,55,1,103,39" hai1="9,17,77,132,113,102,76,75,66,80,62,10,16" hai2="41,48,110,56,52,6,111,26,99,101,131,123,127" hai3="63,27,67,125,115,25,50,57,70,104,85,58,92"/><V53/><F123/><W117/><G104/><T116/><D39/><U122/><E122/><V30/><F131/><W21/><G117/><T133/><D133/><U119/><E119/><V126/><F41/><W79/><G125/><N who="2" m="47625" /><F53/><W13/><G115/><T134/><D134/><U128/><E132/><V118/><F118/><W23/><G13/><T82/><D29/><U2/><E113/><V35/><F6/><W106/><G106/><AGARI ba="1,0" hai="26,30,35,48,52,56,99,101,106,110,111" m="47625" machi="106" ten="30,2900,0" yaku="18,1,54,1" doraHai="0" who="2" fromWho="3" sc="250,0,119,0,496,32,135,-32" /><INIT seed="6,2,0,5,2,25" ten="250,119,528,103" oya="2" hai0="73,3,131,38,130,89,81,97,111,90,110,105,61" hai1="32,52,65,1,88,74,22,7,128,60,129,83,113" hai2="57,14,106,120,56,36,95,108,48,114,87,117,47" hai3="92,13,42,102,50,99,34,75,23,135,68,46,12"/><V33/><F106/><W132/><G34/><T84/><D3/><U51/><E32/><V31/><F117/><W133/><G68/><T20/><D38/><U123/><E113/><V63/><F120/><W80/><REACH who="3" step="1"/><G23/><REACH who="3" ten="250,119,528,93" step="2"/><T115/><D20/><U21/><E123/><V104/><F33/><W103/><G103/><T64/><D111/><U27/><E22/><V40/><F114/><W118/><G118/><T0/><D110/><U125/><E21/><V100/><F108/><W112/><G112/><T29/><D115/><U44/><E128/><V26/><F100/><W134/><N who="3" m="33792" /><DORA hai="16" /><W69/><G69/><T67/><D130/><U5/><E129/><V126/><F26/><W45/><G45/><T86/><D131/><U91/><E27/><V17/><F47/><W55/><G55/><T124/><D64/><U41/><E41/><V19/><F40/><W54/><G54/><T37/><D67/><U77/><E125/><V85/><F126/><W70/><G70/><T59/><D124/><U2/><E65/><V76/><F17/><W8/><G8/><T53/><D53/><U49/><E60/><V9/><F63/><W94/><G94/><T107/><D61/><U96/><E44/><V58/><F95/><W71/><G71/><T18/><D105/><U79/><E52/><V93/><F93/><W35/><G35/><T66/><D107/><U62/><E62/><V109/><F104/><W101/><G101/><T72/><D66/><U39/><E7/><V4/><F57/><W119/><G119/><T82/><D18/><U24/><E5/><V78/><F4/><RYUUKYOKU ba="2,1" sc="250,-10,119,-10,528,-10,93,30" hai3="12,13,42,46,50,75,80,92,99,102" /><INIT seed="7,3,1,0,0,129" ten="240,109,518,123" oya="3" hai0="44,65,29,61,13,47,123,120,80,131,40,70,7" hai1="5,99,62,1,32,50,102,83,48,111,53,121,93" hai2="124,91,20,116,0,10,122,33,79,98,75,26,82" hai3="84,97,135,8,110,72,67,71,46,113,115,77,128"/><W41/><G128/><T51/><D29/><U36/><E36/><V14/><F116/><W103/><G8/><T9/><D131/><U130/><E130/><V69/><F69/><W118/><G118/><T17/><D17/><U59/><E32/><V104/><F124/><W68/><G84/><T107/><D107/><U89/><E121/><V73/><F122/><W35/><G35/><T12/><D12/><U21/><E111/><V49/><F49/><W31/><G31/><T85/><D47/><U74/><E1/><V101/><F0/><W76/><G110/><T114/><D114/><N who="3" m="43529" /><G135/><T22/><D22/><U2/><E2/><V52/><F33/><W18/><G18/><T54/><D54/><U78/><E5/><V117/><F117/><W55/><G55/><T134/><D134/><U63/><E63/><V125/><F52/><W132/><G132/><T109/><D109/><U119/><E119/><V16/><F125/><W90/><G90/><AGARI ba="3,1" hai="7,9,13,40,44,51,61,65,70,80,85,90,120,123" machi="90" ten="30,1000,0" yaku="7,1" doraHai="129" who="0" fromWho="3" sc="240,29,109,0,518,0,123,-19" owari="269,7.0,109,-29.0,518,62.0,104,-40.0" /></mjloggm>