<mjloggm ver="2.3"><GO type="169" lobby="0"/><UN n0="%E5%B0%B1%E6%B4%BB%E7%94%9F%40%E5%B7%9D%E6%9D%91%E8%BB%8D%E5%9B%A3" n1="%73%69%6E%31%31%32%35" n2="%E6%B0%B7%E6%9F%B1" n3="%E7%B6%BE%E9%A6%99" dan="18,16,16,16" rate="2277.72,2047.60,2130.25,2140.65" sx="M,M,M,F"/><TAIKYOKU oya="0"/><INIT seed="0,0,0,5,0,24" ten="250,250,250,250" oya="0" hai0="20,48,82,22,27,7,41,34,119,33,109,58,112" hai1="32,96,60,90,57,116,95,70,9,71,106,124,38" hai2="117,19,69,31,135,43,46,56,26,67,76,79,87" hai3="129,101,5,89,103,128,55,123,108,36,47,62,42"/><T115/><D119/><U88/><E116/><V61/><F135/><W130/><G123/><T121/><D121/><U72/><E38/><V10/><F117/><W104/><G5/><T52/><D109/><U102/><E72/><V37/><F87/><W17/><G108/><T73/><D7/><U133/><E124/><V77/><F10/><W18/><G89/><T122/><D122/><U2/><E32/><V114/><F114/><W100/><G104/><T16/><D41/><U35/><E35/><V30/><REACH who="2" step="1"/><F69/><REACH who="2" ten="250,250,240,250" step="2"/><W23/><G128/><T11/><D11/><U15/><E133/><V125/><F125/><W75/><G75/><T127/><D127/><U98/><E2/><V14/><F14/><W126/><G126/><T134/><D134/><U64/><REACH who="1" step="1"/><E90/><REACH who="1" ten="250,240,240,250" step="2"/><V65/><F65/><W68/><G129/><T74/><D112/><U99/><E99/><V131/><F131/><W91/><G91/><T83/><D115/><U93/><E93/><V50/><F50/><W85/><G130/><T54/><D74/><U29/><E29/><V6/><F6/><AGARI ba="0,2" hai="6,9,15,57,60,64,70,71,88,95,96,98,102,106" machi="6" ten="30,3900,0" yaku="1,1,7,1,54,1,53,0" doraHai="24" doraHaiUra="49" who="1" fromWho="2" sc="250,0,240,59,240,-39,250,0" /><INIT seed="1,0,0,5,1,35" ten="250,299,201,250" oya="1" hai0="52,21,135,3,127,96,30,67,16,123,114,15,71" hai1="39,89,99,25,2,110,93,79,82,76,46,66,62" hai2="7,97,80,54,40,12,63,117,43,72,36,112,28" hai3="24,5,20,51,47,59,88,56,57,102,55,14,27"/><U131/><E131/><V95/><F117/><W109/><G102/><T1/><D114/><U22/><E110/><V8/><F112/><W32/><G109/><T70/><D30/><U37/><E2/><V68/><F36/><W108/><G108/><T100/><D127/><U10/><E10/><V6/><F28/><W45/><G32/><T23/><D23/><U13/><E13/><V87/><F72/><W132/><G132/><T11/><D135/><U60/><E60/><V26/><F26/><N who="3" m="9771" /><G45/><T29/><D123/><U75/><E79/><V34/><F7/><W101/><G101/><T4/><D29/><U126/><E46/><V74/><F74/><W119/><G119/><T90/><D90/><U105/><E126/><V53/><F53/><W125/><G125/><T33/><D33/><U19/><REACH who="1" step="1"/><E105/><REACH who="1" ten="250,289,201,250" step="2"/><V92/><F34/><W118/><G118/><T77/><D77/><U42/><E42/><V103/><F43/><W73/><G47/><T116/><D116/><U115/><E115/><V64/><F40/><W50/><G14/><T0/><D67/><U111/><E111/><V69/><F12/><W58/><G56/><AGARI ba="0,1" hai="19,22,25,37,39,56,62,66,75,76,82,89,93,99" machi="56" ten="30,5800,0" yaku="1,1,7,1,53,1" doraHai="35" doraHaiUra="18" who="1" fromWho="3" sc="250,0,289,68,201,0,250,-58" /><INIT seed="1,1,0,1,1,21" ten="250,357,201,192" oya="1" hai0="41,18,2,11,76,9,72,132,98,82,48,53,100" hai1="7,80,127,57,81,68,29,24,1,115,19,55,86" hai2="32,27,56,134,6,63,102,96,15,129,95,130,131" hai3="108,44,13,65,106,22,66,109,125,4,116,38,107"/><U85/><E68/><V62/><F134/><W23/><G116/><T35/><D132/><U17/><E127/><V39/><F39/><W16/><G125/><T61/><D35/><U77/><E115/><V87/><F87/><W52/><G4/><T20/><D41/><U92/><E92/><V119/><F119/><W110/><G23/><T75/><D72/><U43/><E43/><V47/><F47/><W59/><G44/><T67/><D2/><U8/><E29/><N who="2" m="19519" /><F56/><W133/><G38/><T37/><D37/><U84/><E24/><V64/><F64/><N who="3" m="24683" /><G133/><T91/><D91/><U99/><E99/><V73/><F73/><W33/><G33/><T3/><D3/><U5/><E85/><V124/><F124/><W120/><G120/><T103/><D103/><U122/><E122/><V12/><F6/><N who="1" m="2057" /><E8/><V49/><F49/><AGARI ba="1,0" hai="13,16,22,49,52,59,106,107,108,109,110" m="24683" machi="49" ten="30,3900,0" yaku="14,1,54,2" doraHai="21" who="3" fromWho="2" sc="250,0,357,0,201,-42,192,42" /><INIT seed="2,0,0,1,0,43" ten="250,357,159,234" oya="2" hai0="93,104,103,33,9,119,116,99,132,110,121,79,56" hai1="60,0,130,84,129,40,91,96,125,114,102,23,38" hai2="82,108,70,1,25,127,87,75,26,41,115,72,55" hai3="131,135,53,117,98,68,46,36,71,57,52,29,112"/><V48/><F115/><W2/><G112/><T67/><D33/><U31/><E0/><V42/><F1/><W30/><G2/><T74/><D67/><U86/><E114/><V10/><F70/><W66/><G117/><N who="0" m="45131" /><D9/><U95/><E125/><V54/><F127/><W80/><G131/><N who="1" m="50186" /><E60/><V51/><F10/><W18/><G135/><T81/><D56/><U106/><E40/><V20/><F20/><W16/><G36/><T92/><D121/><U76/><E38/><V45/><F108/><W35/><G35/><T34/><D34/><U15/><E15/><V77/><F75/><W73/><G71/><T122/><D122/><U12/><E12/><V89/><F41/><W22/><G98/><T27/><D27/><N who="1" m="16895" /><E76/><V124/><F124/><W88/><G68/><T120/><D120/><U118/><E118/><V111/><F111/><W59/><G73/><T69/><D69/><U65/><E65/><V13/><F13/><N who="3" m="9487" /><G18/><T113/><D110/><U63/><E84/><N who="2" m="48207" /><F42/><W21/><G66/><T44/><D113/><U85/><E85/><V5/><F5/><W47/><G21/><T109/><D109/><U19/><E19/><V37/><F72/><W90/><G29/><T14/><D14/><U62/><AGARI ba="0,0" hai="62,63,86,91,95,96,102,106" m="16895,50186" machi="62" ten="30,1100,0" yaku="19,1" doraHai="43" who="1" fromWho="1" sc="250,-3,357,11,159,-5,234,-3" /><INIT seed="3,0,0,2,5,125" ten="247,368,154,231" oya="3" hai0="116,104,117,96,27,62,15,85,103,32,79,94,67" hai1="47,56,8,30,12,69,101,124,82,58,133,86,70" hai2="13,110,18,17,81,106,68,90,132,84,83,10,57" hai3="88,93,122,74,29,60,78,61,6,23,4,14,48"/><W119/><G122/><T77/><D15/><U19/><E124/><V108/><F68/><W112/><G119/><T35/><D35/><U105/><E133/><V9/><F132/><W41/><G112/><T16/><D79/><U50/><E30/><V1/><F106/><W97/><G78/><T5/><D5/><N who="3" m="2153" /><G74/><T25/><D77/><U37/><E37/><V39/><F39/><W130/><G130/><T22/><D85/><U42/><E70/><V11/><F1/><W71/><G71/><N who="0" m="42487" /><D94/><U0/><E69/><V87/><F57/><W98/><G98/><T54/><D54/><U114/><E0/><V46/><F46/><N who="3" m="25679" /><G14/><T95/><D95/><U115/><E105/><V38/><F38/><W33/><G33/><T123/><D123/><U134/><E134/><V120/><F120/><W73/><G73/><T100/><D100/><U26/><E115/><V102/><F102/><W36/><G36/><T129/><D129/><U80/><E101/><V111/><REACH who="2" step="1"/><F13/><REACH who="2" ten="247,368,144,231" step="2"/><W126/><G126/><T89/><D103/><U107/><E114/><V91/><AGARI ba="0,1" hai="9,10,11,17,18,81,83,84,87,90,91,108,110,111" machi="91" ten="40,8000,1" yaku="1,1,2,1,0,1,9,1,14,1,53,0" doraHai="125" doraHaiUra="52" who="2" fromWho="2" sc="247,-20,368,-20,144,90,231,-40" /><INIT seed="4,0,0,4,4,129" ten="227,348,234,191" oya="0" hai0="16,59,98,111,89,9,7,42,47,81,5,88,4" hai1="94,132,79,90,70,108,95,66,11,100,27,63,33" hai2="97,109,2,91,38,18,55,77,75,10,21,41,74" hai3="106,118,12,116,3,101,83,29,123,127,30,24,103"/><T124/><D124/><U25/><E108/><V43/><F109/><W125/><G3/><T120/><D111/><U85/><E132/><V72/><F77/><W1/><G1/><T96/><D120/><U17/><E79/><V133/><F133/><W22/><G123/><T67/><D42/><U19/><E33/><V82/><F38/><W113/><G113/><T61/><D47/><U13/><E100/><N who="3" m="38474" /><G106/><T84/><REACH who="0" step="1"/><D89/><REACH who="0" ten="217,348,234,191" step="2"/><U76/><E76/><V87/><F43/><W121/><G121/><T114/><D114/><U78/><E78/><V40/><F41/><W32/><G125/><T51/><D51/><U135/><E135/><V34/><F40/><W122/><G122/><T128/><D128/><U36/><E36/><V104/><F74/><W131/><G131/><T86/><D86/><U117/><E117/><V37/><F37/><W112/><G127/><T20/><D20/><U31/><E90/><V52/><F34/><W119/><G32/><T6/><N who="0" m="1024" /><DORA hai="102" /><T64/><D64/><U60/><E85/><V57/><F75/><W58/><G112/><T35/><D35/><U28/><E66/><V8/><F72/><W110/><G118/><T105/><D105/><U15/><E11/><N who="2" m="4139" /><F2/><W68/><G110/><T14/><AGARI ba="0,1" hai="9,14,16,59,61,67,81,84,88,96,98" m="1024" machi="14" ten="40,18000,2" yaku="1,1,0,1,8,1,54,2,53,2" doraHai="129,102" doraHaiUra="115,93" who="0" fromWho="0" sc="217,190,348,-60,234,-60,191,-60" /><INIT seed="4,1,0,5,2,87" ten="407,288,174,131" oya="0" hai0="103,91,66,63,120,102,14,24,99,89,42,108,29" hai1="73,64,53,32,97,0,16,49,37,31,128,43,135" hai2="65,114,88,83,127,19,70,78,61,121,50,4,124" hai3="101,94,107,71,45,3,110,131,129,72,125,52,106"/><T9/><D120/><U27/><E0/><V133/><F121/><W67/><G72/><T119/><D119/><U60/><E73/><V40/><F4/><W8/><G110/><T21/><D42/><U109/><E109/><V79/><F114/><W25/><G125/><N who="2" m="48201" /><F19/><W105/><G25/><T117/><D117/><U36/><E128/><N who="3" m="49226" /><G71/><T77/><D77/><U104/><E135/><V90/><F133/><W112/><G67/><T57/><D108/><U100/><E43/><V6/><F6/><N who="3" m="1119" /><G112/><T54/><D54/><U18/><E36/><V86/><F79/><W39/><G39/><T126/><D126/><U56/><REACH who="1" step="1"/><E37/><REACH who="1" ten="407,278,174,131" step="2"/><V5/><F5/><W1/><G1/><T2/><D2/><U115/><E115/><V41/><F40/><W111/><G111/><T12/><D103/><U82/><E82/><V44/><AGARI ba="1,1" hai="41,44,50,61,65,70,78,83,86,88,90" m="48201" machi="44" ten="30,7900,0" yaku="18,1,52,2,54,1" doraHai="87" who="2" fromWho="2" sc="407,-40,278,-21,174,92,131,-21" /><INIT seed="5,0,0,4,0,83" ten="367,257,266,110" oya="1" hai0="100,85,86,88,29,91,65,42,47,12,39,73,10" hai1="118,108,50,102,26,31,23,68,67,45,130,69,115" hai2="24,61,43,56,22,70,13,54,131,57,106,95,76" hai3="74,58,117,82,99,48,75,63,36,90,20,16,55"/><U15/><E118/><V25/><F106/><W62/><G36/><T123/><D73/><U129/><E108/><V7/><F70/><N who="1" m="27241" /><E115/><V21/><F43/><W34/><G34/><T11/><D123/><U2/><E2/><V107/><F107/><W81/><G117/><T3/><D3/><U132/><E102/><V14/><F76/><W28/><G28/><T84/><D100/><U38/><E38/><V49/><F7/><W0/><G0/><T124/><D124/><U17/><E67/><N who="2" m="39335" /><F95/><W66/><G62/><T116/><D116/><U33/><E50/><V97/><F97/><W40/><G40/><T133/><D133/><U113/><E45/><V64/><F64/><W78/><G75/><T19/><D65/><U71/><N who="1" m="27249" /><U128/><DORA hai="41" /><E113/><V60/><F60/><W119/><G119/><T103/><D103/><U135/><AGARI ba="0,0" hai="15,17,23,26,31,33,128,129,130,132,135" m="27249" machi="135" ten="50,2400,0" yaku="19,1" doraHai="83,41" who="1" fromWho="1" sc="367,-8,257,24,266,-8,110,-8" /><INIT seed="5,1,0,2,2,131" ten="359,281,258,102" oya="1" hai0="68,0,36,110,61,76,73,64,86,3,111,26,134" hai1="79,28,9,132,115,20,106,14,96,128,27,7,117" hai2="52,129,103,102,121,8,126,32,114,135,47,55,49" hai3="46,44,120,24,48,112,62,71,4,16,56,99,63"/><U80/><E117/><V95/><F121/><W17/><G120/><T85/><D85/><U34/><E128/><V15/><F129/><W75/><G75/><T87/><D86/><U94/><E115/><V13/><F32/><W89/><G112/><T30/><D87/><N who="1" m="48543" /><E106/><V59/><F114/><W66/><G4/><T77/><D77/><U78/><E132/><V100/><F135/><W41/><G46/><T92/><D92/><U42/><E34/><V12/><F126/><W50/><G50/><T107/><D36/><U51/><E78/><V19/><REACH who="2" step="1"/><F95/><REACH who="2" ten="359,281,248,102" step="2"/><W127/><G127/><T5/><D134/><U23/><E94/><V10/><F10/><W113/><G113/><T33/><D107/><U37/><E23/><V65/><F65/><W93/><REACH who="3" step="1"/><G24/><REACH who="3" ten="359,281,248,92" step="2"/><T1/><D5/><U11/><E27/><V116/><F116/><W60/><G60/><AGARI ba="1,2" hai="8,12,13,15,19,47,49,52,55,59,60,100,102,103" machi="60" ten="40,5200,0" yaku="1,1,8,1,54,1,53,0" doraHai="131" doraHaiUra="22" who="2" fromWho="3" sc="359,0,281,0,248,75,92,-55" /><INIT seed="6,0,0,0,0,44" ten="359,281,323,37" oya="2" hai0="108,29,93,60,31,71,40,135,131,122,72,95,33" hai1="103,129,124,77,84,22,58,130,48,51,73,19,101" hai2="118,54,123,133,106,10,98,49,82,13,128,67,92" hai3="96,45,21,76,91,80,0,23,15,41,125,36,74"/><V53/><F118/><W117/><G0/><T39/><D108/><U42/><E73/><V46/><F123/><W30/><G117/><T66/><D72/><U86/><E124/><V81/><F106/><W32/><G125/><T85/><D122/><U107/><E42/><V34/><F34/><W87/><G96/><T109/><D109/><U105/><E58/><V63/><F54/><W94/><REACH who="3" step="1"/><G15/><REACH who="3" ten="359,281,323,27" step="2"/><T14/><D14/><N who="1" m="9591" /><E105/><V2/><F2/><W27/><AGARI ba="0,1" hai="21,23,27,30,32,36,41,45,74,76,80,87,91,94" machi="27" ten="30,2000,0" yaku="1,1,0,1,53,0" doraHai="44" doraHaiUra="62" who="3" fromWho="3" sc="359,-5,281,-5,323,-10,27,30" /><INIT seed="7,0,0,1,5,8" ten="354,276,313,57" oya="3" hai0="61,106,11,45,122,94,2,134,12,108,5,56,6" hai1="22,88,13,59,95,86,117,69,40,23,7,115,17" hai2="47,102,37,73,127,130,77,32,76,44,9,111,1" hai3="91,74,34,42,26,10,120,18,14,82,20,62,99"/><W72/><G34/><T4/><D106/><U101/><E69/><V29/><F111/><W36/><G120/><T0/><D108/><U124/><E124/><V51/><F127/><W113/><G113/><T43/><D122/><U39/><E115/><V103/><F47/><W100/><G62/><T105/><D105/><U66/><E117/><V131/><F37/><W19/><G42/><T65/><D134/><U89/><E39/><V135/><F135/><W121/><G36/><T87/><D2/><U68/><E40/><N who="2" m="24967" /><F29/><W112/><G121/><T53/><D0/><U54/><E7/><N who="0" m="2633" /><D43/><U85/><E101/><V35/><F9/><W52/><G112/><T104/><D104/><U110/><E110/><V78/><F1/><W60/><G82/><T49/><D87/><U38/><E38/><V71/><F71/><W114/><G114/><T25/><D25/><U81/><E68/><V132/><F73/><W133/><G133/><T79/><D94/><U16/><E66/><V21/><F132/><W75/><G75/><T28/><D28/><U55/><E59/><V3/><F3/><W67/><G67/><T128/><D128/><N who="2" m="49194" /><F21/><W63/><G60/><T97/><D97/><U92/><E81/><V15/><F103/><W24/><G26/><AGARI ba="0,0" hai="13,16,17,22,23,26,54,55,85,86,88,89,92,95" machi="26" ten="30,12000,2" yaku="7,1,9,1,8,1,52,1,54,2" doraHai="8" who="1" fromWho="3" sc="354,0,276,120,313,0,57,-120" owari="354,15.0,396,50.0,313,-9.0,-63,-56.0" /></mjloggm>