<mjloggm ver="2.3"><GO type="225" lobby="0"/><UN n0="%47%E3%83%A8%E9%BE%8D%E9%96%80" n1="%E3%81%9D%E3%83%BC%E3%81%B7%E5%BB%B6%E9%95%B7" n2="%E3%82%A6%E3%83%AB%E3%83%88%E3%83%A9%E7%AB%8B%E7%9B%B4" n3="%6C%65%74%69%74%62%65" dan="16,16,17,16" rate="2067.97,2178.70,2172.87,2088.20" sx="M,M,M,F"/><TAIKYOKU oya="0"/><INIT seed="0,0,0,2,5,69" ten="250,250,250,250" oya="0" hai0="85,121,42,55,87,16,113,126,65,44,39,101,52" hai1="112,77,119,18,110,45,15,127,8,114,35,9,25" hai2="33,10,47,80,90,97,76,131,82,125,111,17,103" hai3="95,133,26,67,96,88,3,108,31,34,2,64,78"/><T130/><D113/><N who="1" m="43627" /><E119/><V123/><F123/><W109/><G78/><T107/><D121/><U48/><E127/><V21/><F33/><W54/><G54/><T59/><D126/><U94/><E110/><N who="3" m="42602" /><G133/><T75/><D75/><U24/><E35/><V84/><F131/><W100/><G100/><T72/><D72/><U68/><E68/><V117/><F117/><W62/><G67/><T38/><D130/><U86/><E9/><V132/><F10/><W135/><G135/><T81/><D85/><U1/><E1/><V57/><F132/><W74/><G74/><T98/><D38/><U92/><E92/><V40/><F57/><AGARI ba="0,0" hai="2,3,26,31,34,57,62,64,88,95,96" m="42602" machi="57" ten="30,2000,0" yaku="14,1,54,1" doraHai="69" who="3" fromWho="2" sc="250,0,250,0,250,-20,250,20" /><INIT seed="1,0,0,5,0,64" ten="250,250,230,270" oya="1" hai0="53,121,67,73,40,122,82,100,17,21,130,68,128" hai1="119,26,22,46,63,15,134,71,104,14,20,11,62" hai2="10,106,125,59,72,83,57,50,112,116,70,3,107" hai3="42,114,19,81,61,117,84,24,39,109,96,76,23"/><U25/><E119/><V6/><F116/><W113/><G109/><T37/><D100/><U131/><E104/><V32/><F32/><W79/><G117/><T98/><D98/><U92/><E131/><N who="0" m="50217" /><D82/><U47/><E92/><V60/><F125/><W129/><G129/><T65/><D73/><U29/><E134/><V123/><F123/><N who="0" m="47114" /><D68/><U2/><E2/><V90/><F112/><W4/><G79/><T27/><D53/><U34/><E34/><V33/><F33/><W13/><G96/><T111/><D111/><U35/><E35/><V28/><F28/><W43/><G61/><N who="1" m="23050" /><E71/><V1/><F70/><W126/><G126/><T36/><D40/><U87/><E87/><N who="2" m="50559" /><F72/><W75/><G75/><T7/><D7/><N who="1" m="3455" /><E15/><V93/><F1/><W89/><G39/><AGARI ba="0,0" hai="17,21,27,36,37,39,65,67" m="47114,50217" machi="39" ten="40,2600,0" yaku="19,1,13,1" doraHai="64" who="0" fromWho="3" sc="250,26,250,0,230,0,270,-26" /><INIT seed="2,0,0,5,3,39" ten="276,250,230,244" oya="2" hai0="111,69,132,51,54,9,84,31,52,113,61,4,130" hai1="23,78,76,24,86,87,10,88,5,119,27,70,35" hai2="42,81,57,94,109,73,101,1,60,38,123,99,12" hai3="30,71,77,45,63,97,80,85,58,134,121,6,44"/><V62/><F123/><W15/><G121/><T55/><D113/><U36/><E70/><V25/><F1/><W34/><G71/><T127/><D111/><U75/><E75/><V49/><F109/><W28/><G134/><T104/><D104/><U72/><E72/><V112/><F112/><W33/><G33/><T13/><D130/><U16/><E119/><V43/><F38/><W37/><G34/><T68/><D132/><U29/><E86/><V120/><F120/><W128/><G97/><T26/><D127/><U17/><E17/><V135/><F135/><W19/><G6/><T32/><D61/><N who="2" m="23658" /><F73/><W90/><G77/><T47/><REACH who="0" step="1"/><D84/><REACH who="0" ten="266,250,230,244" step="2"/><U108/><E108/><V53/><F25/><W65/><G128/><T0/><D0/><U93/><E36/><V122/><F122/><W66/><G37/><T129/><D129/><U89/><E89/><V8/><F81/><W118/><G118/><T74/><D74/><U20/><E35/><V40/><F40/><AGARI ba="0,1" hai="4,9,13,26,31,32,40,47,51,52,54,55,68,69" machi="40" ten="40,5200,0" yaku="1,1,52,1,54,1,53,0" doraHai="39" doraHaiUra="102" who="0" fromWho="2" sc="266,62,250,0,230,-52,244,0" /><INIT seed="3,0,0,3,0,99" ten="328,250,178,244" oya="3" hai0="36,7,74,48,97,11,41,105,79,131,60,109,50" hai1="119,52,51,71,127,18,82,93,17,15,26,126,37" hai2="94,106,54,123,87,90,65,53,118,81,32,55,57" hai3="59,69,9,35,92,110,111,107,85,78,62,68,64"/><W0/><G107/><T100/><D131/><U56/><E119/><V2/><F106/><W124/><G35/><T98/><D98/><U63/><E37/><V103/><F118/><W89/><G78/><T84/><D84/><U83/><E93/><V12/><F2/><W43/><G43/><T16/><D16/><U72/><E26/><V13/><F32/><W24/><G24/><T108/><D60/><U80/><E72/><V31/><F31/><W102/><G102/><T33/><D33/><U22/><E18/><V21/><F123/><W46/><G46/><N who="0" m="23847" /><D48/><U117/><E117/><V116/><F116/><W5/><REACH who="3" step="1"/><G124/><REACH who="3" ten="328,250,178,234" step="2"/><N who="1" m="47658" /><E71/><AGARI ba="0,1" hai="0,5,9,59,62,64,68,69,71,85,89,92,110,111" machi="71" ten="40,2000,0" yaku="1,1,53,0" doraHai="99" doraHaiUra="42" who="3" fromWho="1" sc="328,0,250,-20,178,0,234,30" /><INIT seed="3,1,0,5,1,121" ten="328,230,178,264" oya="3" hai0="22,52,24,101,10,84,108,86,95,131,97,71,45" hai1="1,42,25,59,23,104,15,68,56,13,29,73,37" hai2="7,20,51,129,85,41,78,134,46,82,36,33,64" hai3="83,118,76,53,135,115,107,21,120,75,32,61,88"/><W18/><G120/><T49/><D108/><U124/><E1/><V50/><F33/><W113/><G118/><T34/><D34/><U28/><E68/><V54/><F129/><W8/><G8/><T62/><D131/><U93/><E104/><V14/><F134/><W90/><G32/><T123/><D123/><U89/><E73/><V79/><F36/><W114/><G107/><T44/><D44/><U117/><E117/><V98/><F98/><W87/><G135/><T128/><D128/><U106/><E106/><V16/><F64/><W70/><G75/><T27/><D27/><U55/><E124/><V9/><F79/><W91/><G53/><T19/><D10/><U0/><E0/><V122/><F122/><W3/><G3/><T67/><AGARI ba="1,0" hai="19,22,24,45,49,52,62,67,71,84,86,95,97,101" machi="67" ten="30,2000,0" yaku="0,1,54,1" doraHai="121" who="0" fromWho="0" sc="328,23,230,-6,178,-6,264,-11" owari="351,46.0,224,-18.0,172,-33.0,253,5.0" /></mjloggm>