<mjloggm ver="2.3"><GO type="169" lobby="0"/><UN n0="%E5%B0%B1%E6%B4%BB%E7%94%9F%40%E5%B7%9D%E6%9D%91%E8%BB%8D%E5%9B%A3" n1="%E6%97%A9%E7%94%B0%E9%80%B2" n2="%E3%82%B7%E3%83%A5%E3%83%9E%E3%82%A4%E3%82%B1%E3%83%AB" n3="%E8%A3%B8%E3%82%B8%E3%83%A3%E3%83%BC%E3%82%B8" dan="17,16,16,16" rate="2215.82,2154.42,2064.18,2065.95" sx="M,M,M,F"/><TAIKYOKU oya="0"/><INIT seed="0,0,0,0,4,124" ten="250,250,250,250" oya="0" hai0="38,98,59,101,6,24,112,75,56,41,88,70,3" hai1="76,107,44,132,111,127,102,118,0,120,114,61,2" hai2="116,78,51,77,82,122,106,66,79,39,95,28,40" hai3="19,121,86,80,29,81,109,100,27,125,33,128,119"/><T23/><D70/><U97/><E118/><V131/><F106/><W18/><G119/><T113/><D75/><U135/><E120/><V5/><F39/><W68/><G68/><T20/><D38/><U30/><E127/><V74/><F116/><W11/><G125/><T73/><D73/><U37/><E76/><V57/><F122/><W43/><G121/><T26/><D41/><N who="1" m="22575" /><E111/><V46/><F28/><W91/><G100/><T14/><D3/><U108/><E108/><V123/><F123/><W62/><G109/><T89/><D14/><U36/><E36/><V67/><F5/><W1/><G62/><T92/><D6/><U85/><E85/><V105/><F105/><W8/><G43/><T133/><D133/><N who="1" m="51275" /><E114/><V104/><F77/><W42/><G42/><T7/><D7/><U53/><E30/><V99/><F78/><W71/><G71/><T17/><D113/><U48/><E61/><V4/><F104/><W50/><G50/><T129/><D112/><U63/><E63/><V16/><F4/><W94/><G1/><T32/><D32/><U84/><E84/><V47/><F74/><W115/><G115/><T25/><D129/><U96/><E96/><V54/><F131/><W45/><G128/><T72/><D72/><U90/><E90/><N who="0" m="34921" /><D23/><U93/><E107/><V35/><F35/><W9/><REACH who="3" step="1"/><G45/><AGARI ba="0,0" hai="0,2,45,48,53,93,97,102" m="51275,22575" machi="45" ten="30,1000,0" yaku="20,1" doraHai="124" who="1" fromWho="3" sc="250,0,250,10,250,0,250,-10" /><INIT seed="1,0,0,2,5,67" ten="250,260,250,240" oya="1" hai0="35,78,41,8,68,26,60,112,69,117,38,39,89" hai1="106,23,30,71,120,85,0,17,126,34,10,95,91" hai2="20,18,37,74,86,113,19,40,82,119,107,65,110" hai3="129,79,105,133,80,104,31,32,13,109,42,6,100"/><U64/><E120/><V58/><F119/><W93/><G109/><T45/><D89/><U114/><E114/><V70/><F70/><N who="0" m="27242" /><D60/><U14/><E106/><V134/><F107/><W24/><G93/><T28/><D112/><U75/><E75/><V52/><F74/><W12/><G12/><T98/><D98/><U97/><E126/><V1/><F1/><W5/><G13/><T51/><D78/><U22/><E22/><V101/><F101/><W7/><G100/><T36/><D51/><U103/><E64/><V72/><F72/><W108/><G42/><T21/><D21/><U47/><E71/><V131/><F65/><W15/><G15/><T16/><D16/><U55/><E23/><V49/><F18/><W84/><G79/><T27/><D117/><U66/><E66/><V2/><F19/><W29/><G84/><T56/><D56/><U116/><E116/><V90/><F20/><W57/><G57/><T59/><D59/><U33/><E30/><V61/><F58/><W44/><G29/><N who="0" m="19895" /><D8/><U132/><E97/><V118/><F118/><W83/><G31/><T87/><D87/><U46/><E85/><V63/><F86/><W115/><G115/><T122/><D122/><U11/><E91/><V121/><F113/><W9/><G9/><T125/><D125/><U81/><E11/><V128/><F121/><W135/><G83/><T94/><D94/><U77/><E81/><V92/><F82/><W50/><G80/><T127/><D127/><U111/><E95/><V3/><F92/><W130/><G104/><T53/><D53/><U88/><E55/><RYUUKYOKU ba="0,0" sc="250,30,260,-10,250,-10,240,-10" hai0="27,28,36,38,39,41,45" /><INIT seed="2,1,0,0,1,134" ten="280,250,240,230" oya="2" hai0="100,52,119,85,28,55,133,24,91,108,26,16,3" hai1="99,7,111,94,109,69,105,135,110,96,4,128,101" hai2="79,62,118,116,72,15,48,70,23,77,43,56,44" hai3="78,124,81,59,84,38,27,1,25,80,73,35,90"/><V53/><F70/><W40/><G1/><T64/><D3/><U10/><E135/><V107/><F107/><W89/><G40/><T6/><D6/><U82/><E128/><V95/><F72/><W18/><G38/><T33/><D133/><U47/><E69/><V88/><F116/><W58/><G35/><T121/><D121/><U76/><E47/><V127/><F127/><W125/><G90/><T74/><D74/><U12/><E99/><V30/><F118/><W32/><G18/><T113/><D113/><U54/><E54/><V49/><F62/><W71/><G71/><T34/><D108/><U123/><E123/><V131/><F131/><W93/><G80/><T29/><D119/><U19/><REACH who="1" step="1"/><E105/><REACH who="1" ten="280,240,240,230" step="2"/><V104/><F104/><W66/><G66/><T31/><D64/><U114/><E114/><V9/><F44/><W83/><G83/><T86/><D100/><U42/><E42/><V115/><F43/><W46/><G46/><T92/><D31/><U22/><E22/><V0/><F115/><W129/><G129/><T126/><D126/><N who="3" m="48745" /><G32/><T67/><D67/><U117/><E117/><V51/><F30/><W97/><G97/><T5/><D29/><U61/><E61/><N who="2" m="35983" /><F23/><W50/><G59/><T130/><D33/><U102/><E102/><V98/><F0/><W2/><G2/><T41/><D34/><U14/><E14/><V68/><F68/><W37/><G37/><T103/><D41/><U20/><E20/><V112/><F112/><W60/><G60/><T106/><D130/><U17/><E17/><AGARI ba="1,1" hai="9,15,17,48,49,51,77,79,88,95,98" m="35983" machi="17" ten="30,2900,0" yaku="8,1,54,1" doraHai="134" who="2" fromWho="1" sc="280,0,240,-32,240,42,230,0" /><INIT seed="2,2,0,0,1,27" ten="280,208,282,230" oya="2" hai0="124,11,6,97,79,70,92,73,55,127,71,96,111" hai1="51,48,28,9,107,35,14,80,94,46,64,45,84" hai2="60,13,74,57,33,114,134,30,128,78,41,58,22" hai3="120,42,109,3,4,133,2,117,95,93,116,90,68"/><V63/><F114/><W75/><G68/><T115/><D115/><U104/><E94/><V40/><F33/><W119/><G75/><T98/><D111/><U99/><E64/><V130/><F134/><W62/><G133/><T112/><D112/><U44/><E99/><V7/><F78/><W118/><G109/><T15/><D92/><U103/><E103/><V69/><F69/><W50/><G120/><T66/><D66/><U0/><E0/><V26/><F74/><W108/><G108/><T131/><D131/><N who="2" m="50218" /><F7/><W47/><G62/><N who="2" m="23593" /><F13/><W31/><G4/><T89/><D89/><U87/><E104/><V122/><F122/><W23/><N who="3" m="29696" /><DORA hai="83" /><W77/><G77/><T125/><D55/><U101/><E101/><V36/><F36/><W38/><G38/><T18/><D6/><U123/><E107/><V121/><F121/><W20/><G20/><T1/><D1/><U16/><E123/><V72/><F72/><W5/><G5/><T56/><D73/><U88/><REACH who="1" step="1"/><E87/><REACH who="1" ten="280,198,282,230" step="2"/><V8/><F8/><W37/><G95/><T102/><D102/><U113/><E113/><V59/><AGARI ba="2,1" hai="22,26,30,40,41,57,58,59" m="23593,50218" machi="59" ten="40,3900,0" yaku="19,1,52,1" doraHai="27,83" who="2" fromWho="2" sc="280,-15,198,-15,282,55,230,-15" /><INIT seed="2,3,0,1,2,25" ten="265,183,337,215" oya="2" hai0="43,95,69,97,17,90,129,5,120,124,64,51,6" hai1="117,98,46,60,88,131,56,122,24,107,54,10,109" hai2="85,35,76,23,45,79,135,12,20,73,127,86,19" hai3="34,102,89,7,112,36,99,18,126,11,8,132,47"/><V21/><F35/><W130/><G130/><T87/><D120/><U62/><E109/><V70/><F70/><W101/><G132/><T0/><D124/><U28/><E131/><V74/><F127/><W83/><G126/><T32/><D129/><U105/><E117/><V55/><F135/><W57/><G18/><T30/><D17/><U44/><E122/><V3/><F3/><W61/><G34/><T65/><D0/><U78/><E78/><N who="2" m="29739" /><F74/><W123/><G123/><T134/><D134/><U27/><E27/><V4/><F4/><W125/><G112/><T94/><D43/><U111/><E111/><V80/><F73/><W77/><G89/><T115/><D51/><U9/><E107/><V119/><F119/><W108/><G11/><T41/><D41/><U15/><E105/><V58/><F45/><W110/><G125/><T48/><D48/><U29/><E62/><N who="2" m="36191" /><F80/><W91/><G47/><T13/><D115/><U50/><E46/><V96/><F96/><W40/><G36/><T133/><D133/><U66/><E24/><V22/><AGARI ba="3,0" hai="12,19,20,21,22,23,85,86" m="36191,29739" machi="22" ten="30,1500,0" yaku="8,1" doraHai="25" who="2" fromWho="2" sc="265,-8,183,-8,337,24,215,-8" /><INIT seed="2,4,0,0,0,60" ten="257,175,361,207" oya="2" hai0="57,128,12,61,30,79,1,52,84,35,27,49,108" hai1="14,121,116,102,31,34,125,104,69,126,95,96,129" hai2="13,17,36,58,119,65,63,11,51,41,43,55,80" hai3="6,40,91,118,130,7,117,110,100,48,93,127,20"/><V134/><F119/><W54/><G40/><T124/><D1/><U29/><E116/><V82/><F134/><W38/><G38/><T72/><D108/><U3/><E3/><V120/><F120/><W73/><G110/><T76/><D124/><N who="1" m="47723" /><E129/><V70/><F43/><W115/><G127/><T97/><D128/><U85/><E121/><V133/><F133/><W99/><G73/><T16/><D72/><U56/><E69/><V62/><REACH who="2" step="1"/><F63/><REACH who="2" ten="257,175,351,207" step="2"/><W131/><G117/><T111/><D111/><U8/><E34/><V103/><F103/><W59/><G118/><T132/><D132/><U81/><E104/><V114/><F114/><W45/><G115/><T113/><D113/><U87/><E87/><V47/><AGARI ba="4,1" hai="11,13,17,36,41,47,51,55,58,62,65,70,80,82" machi="47" ten="30,12000,1" yaku="1,1,0,1,24,2,52,1,53,0" doraHai="60" doraHaiUra="107" who="2" fromWho="2" sc="257,-44,175,-44,351,142,207,-44" /><INIT seed="2,5,0,1,0,29" ten="213,131,493,163" oya="2" hai0="61,6,4,44,88,129,131,69,117,66,56,94,105" hai1="85,33,13,8,106,43,73,134,109,37,55,32,11" hai2="62,87,22,21,84,91,67,121,39,111,58,60,96" hai3="90,40,130,72,53,17,79,49,7,124,20,16,36"/><V103/><F39/><W51/><G130/><N who="0" m="49675" /><D105/><U34/><E73/><V122/><F111/><W83/><G124/><T127/><D127/><U18/><E109/><V47/><F47/><W120/><G120/><T133/><D133/><U42/><E106/><V104/><F84/><W27/><G7/><N who="0" m="2603" /><D44/><U54/><E134/><V80/><F21/><W63/><G36/><T119/><D69/><U110/><E110/><V25/><F62/><W59/><G90/><T135/><D135/><U132/><E132/><V126/><F126/><W114/><G114/><T123/><D123/><U86/><E37/><V68/><F68/><W78/><G78/><T64/><D66/><U102/><E102/><V24/><F24/><W115/><G115/><T100/><D100/><U113/><E113/><V71/><F71/><W1/><G1/><T92/><D92/><U28/><E28/><AGARI ba="5,0" hai="22,25,28,58,60,67,80,87,91,96,103,104,121,122" machi="28" ten="30,1500,0" yaku="7,1" doraHai="29" who="2" fromWho="1" sc="213,0,131,-30,493,30,163,0" /><INIT seed="2,6,0,5,1,89" ten="213,101,523,163" oya="2" hai0="38,32,73,57,90,124,48,94,59,15,37,107,95" hai1="50,17,65,21,122,7,114,5,120,2,11,54,40" hai2="63,51,69,109,102,112,85,77,14,130,13,47,104" hai3="110,23,91,53,101,129,58,26,75,108,105,18,36"/><V106/><F112/><W41/><G75/><T131/><D107/><U93/><E114/><V67/><F130/><W87/><G129/><T66/><D73/><U29/><E7/><V76/><F106/><W88/><G41/><T74/><D74/><U16/><E65/><V103/><F109/><N who="3" m="42091" /><G36/><T68/><D32/><U0/><E40/><V70/><F70/><W28/><G87/><T134/><D68/><U128/><E128/><V83/><F76/><W19/><G101/><T115/><D115/><U42/><E42/><V31/><F31/><W10/><G105/><T39/><D131/><U62/><E62/><V46/><F46/><W34/><G10/><T113/><D113/><U81/><E81/><V60/><F60/><N who="3" m="35919" /><G19/><T4/><D134/><U132/><E132/><V84/><F84/><W52/><G52/><N who="0" m="31879" /><D39/><U22/><E29/><V27/><F103/><W97/><G97/><T119/><D38/><U96/><E17/><V24/><F102/><W8/><G8/><N who="0" m="4487" /><D37/><U64/><E64/><V43/><F104/><W116/><G116/><T55/><D119/><U1/><E11/><V79/><F77/><W12/><AGARI ba="6,0" hai="12,18,23,26,28,34,88,91" m="35919,42091" machi="12" ten="30,2000,0" yaku="14,1,54,1" doraHai="89" who="3" fromWho="3" sc="213,-11,101,-11,523,-16,163,38" /><INIT seed="3,0,0,5,3,81" ten="202,90,507,201" oya="3" hai0="55,118,72,108,83,63,71,57,112,117,29,123,97" hai1="99,18,65,47,60,73,93,119,24,52,19,33,129" hai2="116,1,67,8,49,30,124,61,128,121,96,62,5" hai3="35,85,59,103,113,84,82,9,91,51,38,31,17"/><W64/><G38/><T69/><D29/><U27/><E73/><V13/><F116/><N who="0" m="44650" /><D97/><U34/><E119/><V134/><F124/><W89/><G113/><T36/><D83/><U41/><E129/><V110/><F128/><W111/><G103/><T130/><D72/><U122/><E122/><V133/><F121/><W87/><G111/><T106/><D106/><U21/><E19/><V53/><F110/><W22/><G35/><T114/><D130/><U58/><E65/><V45/><F30/><W131/><G131/><T102/><D102/><U44/><E27/><V42/><F1/><W3/><G3/><T75/><D75/><U88/><E47/><V107/><F42/><W11/><G31/><T115/><D123/><U48/><AGARI ba="0,0" hai="18,21,24,33,34,41,44,48,52,58,60,88,93,99" machi="48" ten="20,12000,2" yaku="0,1,7,1,25,2,54,2" doraHai="81" who="1" fromWho="1" sc="202,-30,90,120,507,-30,201,-60" /><INIT seed="4,0,0,4,2,77" ten="172,210,477,141" oya="0" hai0="134,92,102,32,42,20,19,63,2,118,67,11,125" hai1="22,91,27,86,114,74,3,124,113,47,108,70,7" hai2="1,87,82,31,66,48,73,117,104,133,116,93,12" hai3="8,45,62,26,101,65,132,103,131,76,43,99,53"/><T10/><D32/><U120/><E74/><V54/><F1/><W16/><G131/><T33/><D33/><U24/><E120/><V30/><F104/><W79/><G132/><T112/><D118/><U40/><E70/><V59/><F133/><W38/><G53/><T95/><D134/><U107/><E108/><V97/><F73/><W94/><G103/><T75/><D42/><U83/><E107/><V122/><F122/><W58/><REACH who="3" step="1"/><G8/><REACH who="3" ten="172,210,477,131" step="2"/><T51/><D102/><U13/><E114/><V41/><F116/><W9/><G9/><T34/><D11/><U84/><E113/><V130/><F130/><W109/><G109/><T56/><D10/><U5/><E124/><V135/><F135/><W111/><G111/><T119/><D112/><U88/><E40/><V21/><F41/><W68/><G68/><T110/><D125/><U29/><E47/><V115/><F117/><W0/><G0/><T78/><D110/><U50/><E3/><V90/><F115/><W23/><AGARI ba="0,1" hai="16,23,26,38,43,45,58,62,65,76,79,94,99,101" machi="23" ten="30,8000,1" yaku="1,1,0,1,54,1,53,2" doraHai="77" doraHaiUra="72" who="3" fromWho="3" sc="172,-40,210,-20,477,-20,131,90" /><INIT seed="5,0,0,2,3,101" ten="132,190,457,221" oya="1" hai0="23,9,7,36,66,72,123,131,79,28,91,107,2" hai1="113,33,65,24,86,64,80,60,82,127,106,63,29" hai2="110,116,77,4,122,25,31,109,53,75,21,37,22" hai3="73,95,45,11,35,62,67,46,84,71,85,88,61"/><U34/><E113/><V70/><F37/><W120/><G73/><T114/><D36/><U56/><E127/><V26/><F70/><W54/><G35/><T121/><D66/><U89/><E106/><V27/><F77/><W125/><G125/><T17/><D91/><U0/><E0/><V43/><F43/><W124/><G124/><T93/><D93/><U15/><E15/><V18/><F53/><W41/><G120/><N who="0" m="46155" /><D79/><U57/><REACH who="1" step="1"/><E34/><REACH who="1" ten="132,180,457,221" step="2"/><V99/><F122/><W83/><G11/><T55/><D107/><U132/><E132/><V59/><F109/><W12/><G12/><N who="0" m="9639" /><D114/><U3/><E3/><V128/><F110/><W117/><G117/><T49/><D131/><U105/><E105/><V20/><F116/><W38/><G38/><T87/><D72/><U1/><E1/><V13/><F75/><W100/><G41/><T69/><D87/><U44/><E44/><V115/><F128/><W74/><G45/><N who="0" m="28079" /><D69/><U14/><E14/><V129/><F115/><W78/><G84/><T135/><D135/><U30/><E30/><AGARI ba="0,1" hai="2,7,9,28,30" m="28079,9639,46155" machi="30" ten="30,1000,0" yaku="13,1" doraHai="101" who="0" fromWho="1" sc="132,20,180,-10,457,0,221,0" /><INIT seed="6,0,0,4,1,118" ten="152,170,457,221" oya="2" hai0="102,3,16,121,69,61,71,1,11,94,113,30,87" hai1="33,111,65,24,58,103,52,66,123,109,41,9,64" hai2="21,74,130,104,83,116,131,42,90,55,47,100,91" hai3="81,117,7,14,5,119,106,67,96,92,134,122,43"/><V132/><F116/><W40/><G106/><T73/><D73/><U99/><E41/><V22/><F132/><W49/><G134/><T84/><D113/><U20/><E33/><V25/><F55/><W93/><G67/><T98/><D121/><U8/><E123/><V26/><F100/><W108/><G108/><T32/><D3/><U125/><E125/><V79/><F104/><W95/><G96/><T89/><D84/><U85/><E85/><V62/><F62/><W126/><G126/><T51/><D51/><U59/><E111/><V105/><F105/><W129/><G129/><T101/><D101/><U57/><E52/><V77/><F47/><W15/><G122/><T127/><D127/><U2/><E2/><V133/><F133/><W63/><G63/><T135/><D135/><U35/><E35/><V29/><F42/><W13/><G81/><T45/><D45/><U50/><E50/><V36/><F36/><W46/><G119/><T86/><D61/><U19/><REACH who="1" step="1"/><E109/><REACH who="1" ten="152,160,457,221" step="2"/><V12/><F130/><W53/><G117/><T80/><D87/><U75/><E75/><V72/><F131/><W78/><G43/><T60/><D60/><U124/><E124/><V115/><F72/><W48/><G40/><T0/><D0/><U28/><E28/><V17/><F74/><W6/><G49/><T34/><D1/><U76/><E76/><AGARI ba="0,1" hai="5,6,7,13,14,15,46,48,53,76,78,92,93,95" machi="76" ten="50,6400,0" yaku="29,2,8,1" doraHai="118" who="3" fromWho="1" sc="152,0,160,-64,457,0,221,74" /><INIT seed="7,0,0,5,3,20" ten="152,96,457,295" oya="3" hai0="44,53,87,21,35,19,111,33,104,46,24,91,95" hai1="18,100,72,90,34,92,135,112,26,36,27,123,101" hai2="1,115,64,79,68,9,99,2,0,120,8,40,22" hai3="116,62,134,32,28,128,54,47,31,17,98,131,85"/><W39/><G116/><T52/><D104/><U76/><E123/><V57/><F68/><W74/><G74/><T89/><D111/><U122/><E36/><V121/><F79/><W73/><G73/><T3/><D3/><U83/><E122/><N who="2" m="47211" /><F115/><W43/><G134/><T61/><D35/><U77/><E112/><V88/><F40/><W58/><G98/><N who="0" m="57711" /><D33/><U110/><E135/><V59/><F22/><W37/><G37/><T113/><D113/><U4/><E110/><V102/><F88/><W6/><G32/><T30/><D30/><U124/><E4/><V130/><F130/><W42/><G6/><T119/><D119/><U109/><E124/><V15/><F64/><W65/><G28/><T48/><D53/><U14/><E109/><V45/><F45/><W56/><G31/><T94/><D61/><U49/><E49/><V7/><F9/><W129/><G17/><T117/><D117/><U23/><E34/><V13/><F13/><W107/><G107/><AGARI ba="0,0" hai="0,1,2,7,8,15,57,59,99,102,107" m="47211" machi="107" ten="40,1300,0" yaku="13,1" doraHai="20" who="2" fromWho="3" sc="152,0,96,0,457,13,295,-13" owari="152,-25.0,96,-40.0,470,57.0,282,8.0" /></mjloggm>