<mjloggm ver="2.3"><GO type="169" lobby="0"/><UN n0="%E2%80%A0%58%54%45%4E%44%E2%80%A0" n1="%E3%83%88%E3%83%88%E3%83%AA%E5%85%88%E7%94%9F%31%39%E6%AD%B3" n2="%E3%83%8D%E3%83%BC%E3%83%A0%E3%83%AC%E3%82%B9%EF%BC%97" n3="%E5%89%8D%E6%88%AF%33%30%E5%88%86" dan="17,18,17,17" rate="2202.61,2226.51,2193.46,2206.11" sx="F,F,M,M"/><TAIKYOKU oya="0"/><INIT seed="0,0,0,2,3,18" ten="250,250,250,250" oya="0" hai0="62,11,114,56,117,97,90,33,37,19,127,20,12" hai1="122,98,116,128,54,133,77,9,70,120,69,112,94" hai2="83,10,58,107,72,8,44,60,42,73,132,47,104" hai3="125,45,126,87,25,76,95,48,63,6,80,14,86"/><T93/><D117/><U75/><E116/><V49/><F132/><W79/><G63/><T34/><D114/><U38/><E133/><V21/><F83/><W121/><G121/><T68/><D37/><U36/><E112/><V134/><F134/><W51/><G25/><T30/><D68/><U39/><E128/><V91/><F91/><W23/><G6/><T1/><D127/><U85/><E75/><V27/><F73/><W59/><G59/><T24/><REACH who="0" step="1"/><D1/><REACH who="0" ten="240,250,250,250" step="2"/><U123/><E69/><V81/><F104/><W57/><G125/><T2/><D2/><U100/><E39/><V102/><F107/><W88/><G126/><T55/><AGARI ba="0,1" hai="11,12,19,20,24,30,33,34,55,56,62,90,93,97" machi="55" ten="20,7800,0" yaku="1,1,0,1,7,1,52,1,53,0" doraHai="18" doraHaiUra="130" who="0" fromWho="0" sc="240,88,250,-26,250,-26,250,-26" /><INIT seed="0,1,0,3,0,14" ten="328,224,224,224" oya="0" hai0="89,3,59,70,105,78,86,60,53,84,131,48,41" hai1="24,46,112,25,36,2,129,93,83,114,77,64,1" hai2="115,73,97,21,116,133,0,72,18,109,5,47,125" hai3="120,10,82,8,95,42,51,17,12,106,49,62,32"/><T66/><D105/><U54/><E129/><V111/><F115/><N who="1" m="44073" /><E64/><V58/><F5/><W124/><G106/><T23/><D3/><N who="1" m="1035" /><E93/><V85/><F0/><W123/><G32/><T113/><D113/><U31/><E31/><V130/><F130/><W81/><G124/><T118/><D118/><U76/><E76/><V52/><F125/><W34/><G34/><T103/><D131/><U101/><E101/><V33/><F33/><W134/><G134/><T26/><D103/><U13/><E13/><V128/><F128/><W22/><G95/><T45/><D78/><U20/><E20/><V99/><F133/><W68/><G68/><T50/><REACH who="0" step="1"/><D89/><REACH who="0" ten="318,224,224,224" step="2"/><U100/><E100/><V16/><F116/><W37/><G120/><T29/><AGARI ba="1,1" hai="23,26,29,41,45,48,50,53,59,60,66,70,84,86" machi="29" ten="20,7800,0" yaku="1,1,2,1,0,1,7,1,53,0" doraHai="14" doraHaiUra="74" who="0" fromWho="0" sc="318,91,224,-27,224,-27,224,-27" /><INIT seed="0,2,0,2,4,90" ten="409,197,197,197" oya="0" hai0="34,42,5,86,12,134,109,35,84,44,47,117,40" hai1="63,64,103,51,43,71,127,20,60,82,132,32,55" hai2="85,48,97,58,73,112,46,66,95,27,11,62,80" hai3="30,33,89,45,57,77,114,16,2,92,10,53,6"/><T129/><D117/><U1/><E32/><V113/><F73/><W87/><G114/><T39/><D134/><U119/><E119/><V21/><F11/><W8/><G77/><T78/><D129/><U31/><E1/><V67/><F67/><W25/><G45/><T29/><D109/><U23/><E127/><V15/><F15/><W18/><REACH who="3" step="1"/><G8/><REACH who="3" ten="409,197,197,187" step="2"/><T0/><D78/><U74/><E132/><V101/><F113/><W122/><G122/><T52/><D47/><U59/><E74/><V3/><F112/><W120/><G120/><T28/><D44/><U7/><E43/><V13/><F3/><W124/><G124/><T118/><D42/><U94/><E71/><V123/><F123/><W133/><G133/><T17/><D40/><U115/><E115/><V76/><F46/><W104/><G104/><T9/><D39/><U121/><E121/><V26/><F48/><AGARI ba="2,1" hai="2,6,10,16,18,25,30,33,48,53,57,87,89,92" machi="48" ten="30,7700,0" yaku="1,1,7,1,52,1,54,1,53,0" doraHai="90" doraHaiUra="135" who="3" fromWho="2" sc="409,0,197,0,197,-83,187,93" /><INIT seed="1,0,0,3,5,17" ten="409,197,114,280" oya="1" hai0="130,48,113,126,78,4,91,111,74,5,45,1,112" hai1="16,75,116,135,114,22,82,2,131,105,59,81,55" hai2="115,32,21,79,97,103,36,8,100,129,88,107,101" hai3="51,73,33,87,90,46,34,53,96,49,47,94,11"/><U28/><E114/><V0/><F32/><W108/><G108/><T106/><D106/><U117/><E105/><V69/><F69/><W125/><G73/><T124/><D111/><U127/><E2/><V25/><F36/><W18/><G125/><N who="0" m="48235" /><D130/><U30/><E127/><V76/><F129/><W121/><G121/><T41/><D91/><U120/><E120/><V35/><F35/><W66/><G66/><T67/><D67/><U109/><E131/><V37/><F37/><W128/><G128/><T24/><D24/><U80/><E109/><V89/><F115/><N who="0" m="44106" /><D1/><U134/><E75/><V63/><F107/><W71/><G71/><T7/><D74/><U123/><E123/><V68/><F97/><W26/><G87/><T122/><D122/><U29/><E117/><V65/><F79/><AGARI ba="0,0" hai="4,5,7,41,45,48,78,79" m="44106,48235" machi="79" ten="40,1300,0" yaku="18,1" doraHai="17" who="0" fromWho="2" sc="409,13,197,0,114,-13,280,0" /><INIT seed="2,0,0,3,2,105" ten="422,197,101,280" oya="2" hai0="114,4,124,112,70,91,79,92,47,83,21,100,132" hai1="95,127,131,18,32,22,1,2,110,39,27,76,88" hai2="85,61,14,42,28,107,81,9,96,40,36,35,86" hai3="15,125,19,66,109,49,87,58,67,63,128,115,52"/><V8/><F8/><W48/><G109/><T121/><D121/><U26/><E39/><V6/><F85/><W74/><G74/><T43/><D70/><U133/><E110/><V33/><F36/><W89/><G125/><T122/><D122/><U7/><E127/><V30/><F61/><W29/><G29/><T93/><D124/><U130/><E133/><V119/><F119/><W135/><G128/><N who="1" m="49194" /><E7/><V120/><F120/><W45/><G115/><T64/><D64/><U82/><E26/><V38/><F96/><W71/><G49/><T34/><D34/><U94/><E32/><V72/><F72/><W78/><G78/><T23/><D100/><U57/><E57/><V41/><F107/><W53/><G71/><T12/><D132/><U54/><E54/><V68/><F68/><W118/><G135/><T111/><D111/><U104/><E104/><V134/><F38/><W126/><G118/><T44/><D44/><U101/><E101/><V65/><F65/><W10/><G126/><T103/><D103/><U80/><E94/><AGARI ba="0,0" hai="10,15,19,45,48,52,53,58,63,66,67,87,89,94" machi="94" ten="30,3900,0" yaku="7,1,8,1,54,1" doraHai="105" who="3" fromWho="1" sc="422,0,197,-39,101,0,280,39" /><INIT seed="3,0,0,1,3,50" ten="422,158,101,319" oya="3" hai0="39,60,34,116,73,67,83,98,105,129,27,47,55" hai1="131,72,82,80,124,84,111,94,107,14,101,59,9" hai2="122,112,58,43,132,90,40,103,53,28,89,30,42" hai3="75,100,32,115,121,22,99,38,57,97,79,33,13"/><W19/><G115/><T77/><D116/><U120/><E120/><V24/><F112/><W108/><G38/><T109/><D109/><U2/><E2/><V74/><F74/><W54/><G121/><T29/><D129/><U8/><E111/><V123/><F103/><W15/><G108/><T69/><D55/><U110/><E110/><V81/><F132/><W61/><G97/><T52/><D52/><U104/><E131/><V31/><F24/><W56/><G13/><T135/><D135/><U102/><E14/><V23/><F23/><W25/><G57/><T63/><D63/><U133/><E133/><V46/><F46/><W128/><G128/><T37/><D47/><U113/><E84/><V62/><F123/><W41/><G41/><T92/><D92/><U16/><E94/><V11/><F122/><W130/><G130/><T3/><D3/><U10/><E10/><V134/><F134/><W66/><G66/><T20/><D20/><U96/><E59/><V88/><F11/><W17/><G79/><T95/><D95/><U78/><E113/><V114/><F114/><W18/><G75/><T76/><D77/><U118/><E78/><V87/><AGARI ba="0,0" hai="28,30,31,40,42,43,53,58,62,81,87,88,89,90" machi="87" ten="40,8000,1" yaku="0,1,8,1,52,1,54,1" doraHai="50" who="2" fromWho="2" sc="422,-20,158,-20,101,80,319,-40" /><INIT seed="4,0,0,0,5,25" ten="402,138,181,279" oya="0" hai0="72,107,97,79,87,9,135,66,105,71,74,94,4" hai1="100,128,38,32,73,104,19,27,110,126,33,78,106" hai2="22,119,134,24,95,18,133,31,75,69,82,81,35" hai3="57,39,124,59,3,48,12,77,42,91,34,103,37"/><T109/><D135/><U123/><E110/><V113/><F69/><W7/><G3/><T127/><D109/><U118/><E123/><V80/><F75/><W61/><G103/><T65/><D127/><U49/><E118/><V85/><F119/><W108/><G34/><T70/><D87/><U44/><E38/><V86/><F113/><W93/><G77/><T56/><D71/><U36/><E36/><V13/><REACH who="2" step="1"/><F95/><REACH who="2" ten="402,138,171,279" step="2"/><W51/><G93/><T130/><D70/><U52/><E73/><V21/><F21/><W41/><G108/><T0/><D74/><U132/><E33/><V114/><F114/><W120/><G120/><T112/><D94/><U98/><E32/><V90/><F90/><W20/><G91/><T83/><D112/><U115/><E115/><V76/><F76/><W2/><G20/><T6/><D72/><U67/><E78/><V55/><F55/><W99/><G41/><T45/><D79/><U121/><E121/><V16/><F16/><W58/><G42/><T17/><D17/><U30/><E19/><V111/><F111/><W40/><G40/><T129/><D66/><U64/><E64/><V28/><F28/><W125/><G125/><T8/><D65/><U26/><E126/><V68/><F68/><W84/><G124/><T15/><D107/><N who="1" m="63895" /><E67/><V60/><F60/><W89/><G61/><T14/><D105/><N who="1" m="40555" /><E132/><AGARI ba="0,1" hai="13,18,22,24,31,35,80,81,82,85,86,132,133,134" machi="132" ten="40,12000,2" yaku="1,1,20,1,52,1,53,3" doraHai="25" doraHaiUra="131" who="2" fromWho="1" sc="402,0,138,-120,171,130,279,0" /><INIT seed="5,0,0,1,1,130" ten="402,18,301,279" oya="1" hai0="53,124,97,98,15,79,128,32,74,133,49,119,13" hai1="17,54,112,94,93,6,72,125,87,85,34,20,83" hai2="57,21,29,26,109,59,33,127,116,102,122,63,4" hai3="51,80,134,111,103,12,9,8,62,22,126,95,28"/><U71/><E34/><V135/><F109/><W73/><G111/><T91/><D133/><U76/><E71/><V70/><F70/><W115/><G134/><T52/><D119/><U23/><E112/><V56/><F116/><W132/><G115/><T89/><D32/><U1/><E125/><V114/><F122/><W78/><G126/><T38/><D124/><U68/><E68/><V81/><F135/><W120/><G8/><T58/><D38/><U118/><E118/><V61/><F127/><W107/><G107/><T19/><D79/><U31/><E1/><V106/><F114/><W55/><G62/><T84/><D74/><U18/><E6/><V92/><F106/><W69/><G69/><T64/><D64/><U39/><E39/><V96/><F4/><W37/><G37/><T30/><D30/><U90/><E31/><V104/><F104/><W48/><G48/><N who="0" m="30983" /><D91/><U101/><E54/><V110/><F110/><W10/><G120/><T123/><D13/><U77/><E77/><V11/><F11/><W25/><G12/><T65/><D65/><U100/><E72/><V82/><F33/><W86/><G132/><T7/><D128/><U129/><E129/><V99/><F99/><N who="3" m="59903" /><G73/><T5/><D123/><U24/><REACH who="1" step="1"/><E94/><REACH who="1" ten="402,8,301,279" step="2"/><V16/><F29/><W50/><G55/><T121/><D121/><U46/><E46/><V113/><F113/><W75/><G75/><T44/><D5/><U60/><E60/><AGARI ba="0,1" hai="16,21,26,56,57,59,60,61,63,81,82,92,96,102" machi="60" ten="40,2600,0" yaku="8,1,54,1" doraHai="130" who="2" fromWho="1" sc="402,0,8,-26,301,36,279,0" owari="402,50.0,-18,-52.0,337,14.0,279,-12.0" /></mjloggm>