<mjloggm ver="2.3"><GO type="169" lobby="0"/><UN n0="%E3%81%82%E3%81%B2%E3%82%8B%E3%81%95%E3%82%93" n1="%E3%83%AA%E3%82%B5%E3%81%95%E3%81%BE" n2="%E9%BB%92%E9%AC%BC" n3="%E3%82%A6%E3%83%AB%E3%83%88%E3%83%A9%E7%AB%8B%E7%9B%B4" dan="16,17,16,17" rate="2114.12,2098.91,2114.21,2221.76" sx="M,F,M,M"/><TAIKYOKU oya="0"/><INIT seed="0,0,0,1,2,108" ten="250,250,250,250" oya="0" hai0="38,99,10,17,12,63,93,39,114,45,68,121,62" hai1="83,21,50,128,67,36,92,7,55,98,117,5,1" hai2="103,22,33,89,97,34,87,113,16,126,9,129,112" hai3="85,49,81,59,104,57,109,25,70,74,2,91,94"/><T133/><D121/><U100/><E117/><V105/><F126/><W13/><G70/><T11/><D133/><U120/><E120/><V41/><F129/><W72/><G2/><T127/><D127/><U60/><E128/><V134/><F134/><W65/><G104/><T119/><D119/><U27/><E36/><V76/><F41/><W52/><G109/><T31/><D31/><U130/><E130/><V95/><F9/><W131/><G131/><T64/><D114/><U96/><E1/><V56/><F76/><W15/><G25/><T14/><D62/><U20/><E96/><V71/><F71/><W107/><G107/><T3/><D45/><U19/><E83/><V61/><F34/><W4/><G4/><T54/><D3/><U28/><E60/><V111/><F33/><W135/><G135/><T115/><D54/><U82/><E82/><V47/><F47/><W86/><G74/><T118/><D118/><U79/><E67/><V18/><F18/><W48/><G72/><T106/><D106/><U23/><E79/><V122/><F111/><W132/><G132/><T77/><D77/><U88/><E100/><V78/><F78/><N who="3" m="46263" /><G65/><T32/><D32/><U101/><E101/><V8/><F8/><W125/><G125/><T84/><D84/><U75/><E75/><V73/><F73/><W110/><G110/><T90/><REACH who="0" step="1"/><D115/><REACH who="0" ten="240,250,250,250" step="2"/><U35/><E35/><V123/><F123/><W46/><G46/><T58/><D58/><N who="1" m="33143" /><E28/><V66/><F122/><W44/><G59/><T40/><D40/><AGARI ba="0,1" hai="13,15,40,44,48,49,52,57,86,91,94" m="46263" machi="40" ten="30,2000,0" yaku="8,1,54,1" doraHai="108" who="3" fromWho="0" sc="240,-20,250,0,250,0,250,30" /><INIT seed="1,0,0,5,3,30" ten="220,250,250,280" oya="1" hai0="106,6,19,10,45,69,64,103,27,113,23,58,49" hai1="59,46,14,67,40,7,108,42,92,79,134,54,17" hai2="112,116,100,32,4,57,51,41,129,9,50,102,87" hai3="97,60,29,111,85,89,131,11,82,1,84,22,90"/><U28/><E134/><V75/><F116/><W114/><G114/><T37/><D113/><U132/><E132/><V107/><F75/><W95/><G111/><T65/><D37/><U35/><E7/><V61/><F32/><W74/><G131/><T110/><D69/><U124/><E124/><V3/><F129/><W96/><G74/><T38/><D38/><U94/><E79/><V34/><F34/><W71/><G71/><T0/><D110/><U24/><E67/><V68/><F68/><W12/><G1/><T31/><D58/><U81/><E81/><V47/><F107/><W21/><G60/><T122/><D122/><U83/><E83/><V63/><F63/><W72/><G72/><T121/><D121/><U5/><E5/><V70/><F70/><W48/><G48/><T117/><D117/><U39/><E42/><V101/><F87/><W52/><G52/><T55/><D103/><U104/><E104/><V56/><F112/><W99/><REACH who="3" step="1"/><G29/><REACH who="3" ten="220,250,250,270" step="2"/><T123/><D123/><U98/><E108/><V18/><F51/><W8/><G8/><T135/><D135/><U36/><E36/><V86/><F61/><W15/><G15/><T91/><D31/><U93/><E54/><V80/><REACH who="2" step="1"/><F18/><AGARI ba="0,1" hai="11,12,18,21,22,82,84,85,89,90,95,96,97,99" machi="18" ten="40,2600,0" yaku="1,1,8,1,53,0" doraHai="30" doraHaiUra="53" who="3" fromWho="2" sc="220,0,250,0,250,-26,270,36" /><INIT seed="2,0,0,1,5,88" ten="220,250,224,306" oya="2" hai0="108,132,102,17,86,83,105,73,133,80,18,65,94" hai1="129,35,68,54,40,39,53,66,37,98,49,23,21" hai2="50,82,130,15,76,114,41,34,120,13,9,84,123" hai3="112,110,97,93,59,77,62,116,113,81,85,30,52"/><V29/><F114/><N who="3" m="44139" /><G30/><T2/><D2/><U27/><E129/><V79/><F130/><W78/><G110/><T19/><D105/><U25/><E35/><V69/><F69/><W126/><G126/><T45/><D73/><U87/><E40/><V135/><F135/><N who="0" m="51786" /><D65/><U0/><E0/><V55/><F79/><N who="3" m="46271" /><G116/><T58/><D108/><U64/><E39/><V44/><F13/><W115/><G115/><T103/><D58/><U20/><E37/><V16/><REACH who="2" step="1"/><F41/><REACH who="2" ten="220,250,214,306" step="2"/><W11/><G11/><T12/><D12/><U1/><E68/><V67/><F67/><W60/><G60/><T104/><D104/><U5/><E64/><V43/><F43/><W131/><G131/><T70/><D70/><U100/><E66/><V10/><F10/><W124/><G124/><T91/><D45/><U101/><E1/><V127/><F127/><W117/><G117/><T74/><D74/><U57/><E54/><V24/><AGARI ba="0,1" hai="9,15,16,24,29,34,44,50,55,76,82,84,120,123" machi="24" ten="30,6000,0" yaku="1,1,0,1,54,1,53,0" doraHai="88" doraHaiUra="3" who="2" fromWho="2" sc="220,-20,250,-20,214,70,306,-20" /><INIT seed="2,1,0,3,0,135" ten="200,230,284,286" oya="2" hai0="112,57,115,31,53,79,82,89,55,44,74,80,41" hai1="66,35,52,118,125,73,67,40,60,114,51,113,68" hai2="127,27,39,122,7,38,103,32,111,2,86,120,63" hai3="102,84,105,19,42,97,124,26,23,75,116,92,76"/><V56/><F103/><W87/><G116/><T28/><D89/><U24/><E73/><V126/><F111/><W128/><G128/><T100/><D100/><U101/><E101/><V110/><F110/><W129/><G129/><T14/><D14/><U109/><E109/><V21/><F32/><W106/><G42/><T54/><D57/><U33/><E33/><V3/><F86/><W4/><G4/><T20/><D82/><U133/><E133/><V48/><F48/><W119/><G119/><T36/><REACH who="0" step="1"/><D20/><REACH who="0" ten="190,230,284,286" step="2"/><U62/><E118/><V43/><F43/><W47/><G23/><T131/><D131/><U12/><E12/><V29/><F39/><W123/><G102/><T25/><D25/><U5/><E24/><V71/><F38/><W8/><G26/><T134/><D134/><U11/><E40/><V16/><F29/><AGARI ba="1,1" hai="28,29,31,36,41,44,53,54,55,74,79,80,112,115" machi="29" ten="40,2600,0" yaku="1,1,53,1" doraHai="135" doraHaiUra="37" who="0" fromWho="2" sc="190,39,230,0,284,-29,286,0" /><INIT seed="3,0,0,5,3,87" ten="229,230,255,286" oya="3" hai0="125,22,113,36,123,83,39,107,61,92,130,42,60" hai1="102,10,106,121,94,74,89,88,82,114,104,95,73" hai2="118,69,28,17,40,68,30,63,1,8,79,58,34" hai3="59,86,84,127,97,41,56,131,76,105,122,81,96"/><W57/><G122/><T133/><D123/><U112/><E10/><V72/><F118/><W135/><G127/><T15/><D107/><U93/><E121/><V32/><F40/><W109/><G131/><T77/><D133/><U35/><E35/><V71/><F79/><W67/><G135/><T29/><D125/><U75/><E82/><V108/><F72/><W111/><G41/><T47/><D130/><U52/><E52/><V65/><F108/><N who="3" m="41547" /><G105/><N who="1" m="40554" /><E102/><V31/><F1/><W23/><G67/><T44/><D113/><AGARI ba="0,0" hai="73,74,75,88,89,93,94,95,112,113,114" m="40554" machi="113" ten="40,12000,2" yaku="28,2,34,2,52,2,54,1" doraHai="87" who="1" fromWho="0" sc="229,-120,230,120,255,0,286,0" /><INIT seed="4,0,0,5,5,131" ten="109,350,255,286" oya="0" hai0="122,71,3,69,41,86,80,95,100,8,60,37,12" hai1="52,33,25,105,47,102,55,50,46,1,56,0,48" hai2="10,84,64,118,67,73,119,133,134,16,89,59,2" hai3="15,114,108,57,38,61,11,121,128,116,68,63,112"/><T109/><D122/><U14/><E56/><V120/><F73/><W110/><G121/><T124/><D3/><U32/><E14/><N who="2" m="7255" /><F2/><W21/><G21/><T90/><D124/><U31/><E33/><V82/><F120/><W44/><G15/><T45/><D109/><U23/><E23/><V107/><F107/><W92/><G92/><T91/><D100/><U51/><E48/><V22/><F22/><W115/><G11/><T7/><REACH who="0" step="1"/><D60/><REACH who="0" ten="99,350,255,286" step="2"/><U24/><E102/><V87/><F118/><W94/><G116/><T127/><D127/><U4/><E1/><V130/><F119/><W77/><G63/><T53/><D53/><U113/><E52/><V36/><F130/><W123/><G128/><T88/><D88/><U18/><E55/><V126/><F126/><W34/><G123/><T40/><D40/><U74/><E0/><V62/><F67/><W135/><G110/><T43/><D43/><U106/><E32/><V66/><F66/><W72/><G34/><T35/><D35/><U99/><E31/><V81/><F36/><W29/><G29/><T132/><D132/><N who="2" m="50794" /><F89/><W42/><G135/><T75/><D75/><U17/><E74/><V79/><F79/><W70/><G77/><T49/><D49/><U104/><E50/><V78/><F78/><W103/><G72/><T65/><D65/><U27/><E51/><V13/><F13/><W129/><G129/><T39/><D39/><U26/><E26/><V58/><F64/><N who="3" m="38959" /><G108/><T96/><AGARI ba="0,1" hai="7,8,12,37,41,45,69,71,80,86,90,91,95,96" machi="96" ten="20,7800,0" yaku="1,1,0,1,7,1,53,1" doraHai="131" doraHaiUra="83" who="0" fromWho="0" sc="99,88,350,-26,255,-26,286,-26" /><INIT seed="4,1,0,5,4,38" ten="187,324,229,260" oya="0" hai0="117,124,54,49,116,4,104,85,57,28,2,115,61" hai1="7,77,45,5,84,79,108,81,3,11,47,39,25" hai2="23,1,29,83,12,56,27,65,110,41,68,71,82" hai3="93,122,63,50,89,131,55,70,60,119,64,103,123"/><T26/><D104/><U8/><E108/><V58/><F1/><W96/><G119/><T134/><D115/><U114/><E114/><V73/><F110/><W88/><G63/><T16/><D134/><U97/><E39/><V118/><F118/><W34/><G34/><T74/><D74/><U87/><E25/><V13/><F73/><W120/><REACH who="3" step="1"/><G131/><REACH who="3" ten="187,324,229,250" step="2"/><T102/><D117/><U42/><E3/><V128/><F128/><W133/><G133/><T113/><D116/><U95/><E5/><V112/><F112/><W51/><G51/><T31/><D113/><U86/><E7/><V24/><F71/><W32/><G32/><T19/><D2/><U46/><E79/><V132/><F68/><W135/><G135/><T127/><D4/><U52/><E77/><V91/><F132/><W107/><G107/><T17/><D61/><U14/><E81/><V67/><F83/><W106/><G106/><T22/><D102/><U94/><E94/><V80/><F80/><W35/><G35/><T76/><D76/><U100/><E95/><V121/><F82/><W130/><G130/><T44/><D85/><U48/><E100/><V18/><F91/><W15/><G15/><T101/><D101/><U59/><E14/><V21/><F12/><W43/><G43/><T0/><D0/><U99/><E42/><V40/><F13/><W66/><G66/><T62/><REACH who="0" step="1"/><D31/><REACH who="0" ten="177,324,229,250" step="2"/><U69/><E84/><V109/><F29/><W36/><G36/><T10/><D10/><U20/><E87/><V75/><F75/><W105/><G105/><T78/><D78/><U37/><E86/><RYUUKYOKU ba="1,2" sc="177,15,324,-15,229,-15,250,15" hai0="16,17,19,22,26,28,44,49,54,57,62,124,127" hai3="50,55,60,64,70,88,89,93,96,103,120,122,123" /><INIT seed="4,2,2,4,5,82" ten="192,309,214,265" oya="0" hai0="101,68,74,90,1,103,15,116,44,19,37,123,134" hai1="50,18,58,132,24,13,48,49,67,42,63,84,109" hai2="91,61,6,81,43,29,9,41,64,105,23,115,40" hai3="131,86,33,71,114,135,77,92,60,73,27,51,39"/><T117/><D1/><U83/><E109/><V47/><F105/><W36/><G73/><T76/><D123/><U11/><E132/><V5/><F115/><W30/><G51/><T7/><D68/><U94/><E94/><V8/><F47/><W97/><G114/><T38/><D7/><U25/><REACH who="1" step="1"/><E42/><REACH who="1" ten="192,299,214,265" step="2"/><V3/><F41/><W126/><G135/><T53/><D134/><U0/><E0/><V113/><F43/><W124/><G131/><T26/><D117/><U106/><E106/><V98/><F40/><W31/><G92/><T87/><D116/><U65/><E65/><V34/><F64/><W17/><G36/><T130/><D130/><U70/><E70/><V102/><F3/><W78/><G39/><T56/><D38/><U21/><E21/><V107/><F23/><W93/><G93/><T127/><D37/><U108/><E108/><V118/><F107/><W89/><G71/><T129/><D129/><U59/><E59/><V133/><F133/><W12/><G33/><T55/><D56/><U85/><E85/><V52/><F118/><W32/><G86/><T120/><D87/><U2/><E2/><V104/><F104/><W111/><G32/><T28/><D44/><U121/><E121/><V16/><F34/><W66/><G66/><T22/><D120/><U14/><E14/><V128/><F128/><W72/><G12/><T10/><D15/><U110/><E110/><V119/><F119/><W69/><G111/><T54/><D22/><U112/><E112/><V4/><F113/><W57/><G69/><T62/><D74/><U122/><E122/><RYUUKYOKU ba="2,3" sc="192,-10,299,30,214,-10,265,-10" hai1="11,13,18,24,25,48,49,50,58,63,67,83,84" /><INIT seed="5,3,3,0,2,8" ten="182,329,204,255" oya="1" hai0="130,10,54,129,12,126,67,70,61,94,106,89,114" hai1="33,22,53,62,57,117,2,20,91,25,86,4,42" hai2="47,44,92,128,122,90,95,13,125,60,15,38,82" hai3="85,111,37,30,55,84,101,63,112,97,71,127,107"/><U134/><E117/><V115/><F122/><W3/><G37/><T87/><D106/><U5/><E134/><V103/><F128/><N who="0" m="49258" /><D114/><U52/><E33/><V121/><F121/><W29/><G3/><T18/><D54/><U56/><E42/><V7/><F38/><W21/><G111/><T59/><D126/><U34/><E34/><V73/><F125/><W118/><G127/><T35/><D35/><U24/><E2/><V68/><F7/><N who="1" m="2633" /><E22/><V66/><F115/><W0/><G0/><T99/><D99/><U23/><E23/><V77/><F103/><W74/><G97/><T39/><D39/><U41/><E20/><V79/><F79/><W78/><G107/><T27/><D27/><N who="1" m="10315" /><E41/><V108/><F108/><W43/><G43/><T28/><D28/><U26/><N who="1" m="10323" /><U11/><DORA hai="105" /><E91/><V40/><F40/><W58/><G30/><T69/><AGARI ba="3,3" hai="10,12,18,59,61,67,69,70,87,89,94" m="49258" machi="69" ten="30,2000,0" yaku="19,1,52,1" doraHai="8,105" who="0" fromWho="0" sc="182,59,329,-13,204,-8,255,-8" /><INIT seed="6,0,0,1,1,85" ten="241,316,196,247" oya="2" hai0="65,23,113,50,34,64,116,25,88,121,122,129,15" hai1="97,0,134,100,118,41,56,62,59,47,90,33,128" hai2="132,130,66,24,91,123,40,61,72,5,83,12,107" hai3="32,35,43,20,68,37,63,54,1,60,42,3,78"/><V6/><F123/><W53/><G20/><T7/><D34/><U98/><E118/><V4/><F107/><W96/><G96/><T112/><D129/><U55/><E0/><V19/><F130/><W108/><G78/><T74/><D74/><U29/><E128/><V94/><F132/><W135/><G68/><T109/><D109/><U81/><E134/><V21/><F40/><W39/><G135/><T51/><D116/><U49/><E100/><V26/><F83/><W45/><G45/><T114/><D15/><U46/><E46/><V117/><F72/><W27/><G27/><T17/><D7/><U70/><E70/><V9/><F26/><W104/><G104/><T105/><D105/><U44/><E44/><V76/><F76/><W82/><G82/><T131/><D131/><U18/><E18/><V22/><F22/><W31/><G31/><T14/><D25/><U86/><E29/><V119/><F119/><W92/><G92/><T28/><D28/><U67/><E33/><V101/><F101/><W52/><G54/><T13/><D13/><U99/><E99/><N who="2" m="57823" /><F117/><W80/><G80/><T93/><D122/><U57/><E57/><AGARI ba="0,0" hai="4,5,6,9,12,19,21,24,57,61,66" m="57823" machi="57" ten="30,2900,0" yaku="8,1,52,1" doraHai="85" who="2" fromWho="1" sc="241,0,316,-29,196,29,247,0" /><INIT seed="6,1,0,3,1,0" ten="241,287,225,247" oya="2" hai0="83,44,60,5,4,118,121,72,51,124,22,30,134" hai1="115,73,130,25,79,41,42,85,49,63,15,123,84" hai2="91,90,77,28,128,36,16,76,3,112,40,59,109" hai3="62,111,127,52,54,23,7,34,33,80,24,45,110"/><V6/><F28/><W92/><G33/><T48/><D121/><U21/><E123/><V53/><F112/><W67/><G34/><T116/><D134/><U65/><E115/><V99/><F40/><W119/><G119/><N who="0" m="45611" /><D124/><U82/><E130/><V35/><F36/><W50/><G127/><T27/><D60/><U107/><E107/><V26/><F128/><W1/><G54/><N who="0" m="29959" /><D51/><U10/><E49/><V122/><F122/><W56/><G80/><T19/><D19/><N who="1" m="8695" /><E84/><V39/><F39/><W46/><G46/><T120/><D120/><U69/><E69/><V47/><F47/><W97/><G110/><T108/><D108/><U101/><E73/><V131/><F131/><W64/><G111/><T87/><D72/><U57/><E101/><V32/><F109/><W55/><G1/><T86/><D86/><U11/><E11/><N who="2" m="2527" /><F35/><W93/><G7/><T14/><D14/><U75/><E75/><V95/><F32/><W133/><G133/><T70/><D70/><U2/><E2/><V37/><F37/><W113/><G113/><T78/><AGARI ba="1,0" hai="4,5,22,27,30,78,83,87" m="29959,45611" machi="78" ten="30,4000,0" yaku="12,1,52,2" doraHai="0" who="0" fromWho="0" sc="241,43,287,-11,225,-21,247,-11" /><INIT seed="7,0,0,4,2,79" ten="284,276,204,236" oya="3" hai0="128,0,73,3,69,68,130,61,5,23,58,113,131" hai1="14,132,50,24,92,80,135,17,101,74,6,38,59" hai2="62,22,104,44,49,15,102,39,115,121,99,118,51" hai3="112,127,31,89,7,93,45,48,94,65,12,16,28"/><W8/><G112/><T34/><D34/><U11/><E38/><V111/><F111/><W97/><G127/><T35/><D35/><U109/><E109/><V53/><F118/><W19/><G65/><N who="0" m="39095" /><D113/><U76/><E24/><V66/><F115/><W126/><G126/><T88/><D73/><U52/><E101/><V36/><F121/><W27/><G94/><T42/><D42/><U105/><E105/><V116/><F116/><W70/><G70/><N who="0" m="27243" /><D5/><U120/><E120/><V9/><F22/><N who="3" m="13767" /><G7/><T90/><D23/><U55/><E92/><V134/><F134/><N who="1" m="51241" /><E55/><AGARI ba="0,0" hai="8,12,19,28,31,45,48,55,89,93,97" m="13767" machi="55" ten="30,2900,0" yaku="8,1,54,1" doraHai="79" who="3" fromWho="1" sc="284,0,276,-29,204,0,236,29" /><INIT seed="7,1,0,5,4,56" ten="284,247,204,265" oya="3" hai0="99,8,115,116,118,114,85,11,135,72,3,83,110" hai1="95,44,96,60,86,7,9,18,49,68,37,105,35" hai2="51,24,29,103,98,1,55,117,90,23,92,84,77" hai3="38,64,124,15,94,39,50,26,42,2,104,88,106"/><W87/><G2/><T69/><D110/><U97/><E35/><V122/><F117/><N who="0" m="45162" /><D72/><U130/><E130/><V30/><F1/><W134/><G124/><T70/><D3/><U40/><E105/><V41/><F122/><W102/><G134/><T59/><D99/><U36/><E18/><V17/><F41/><W10/><G64/><T65/><D85/><U62/><E68/><N who="0" m="26217" /><D83/><U20/><E20/><V73/><F77/><W111/><G26/><T107/><D107/><U75/><E75/><V12/><F73/><W28/><G28/><T14/><D14/><N who="1" m="5439" /><E37/><V76/><F76/><W109/><G106/><T113/><D135/><U27/><E36/><V63/><F63/><AGARI ba="1,0" hai="8,11,59,63,65,113,114,115" m="26217,45162" machi="63" ten="40,5200,0" yaku="15,1,11,1,52,1" doraHai="56" who="0" fromWho="2" sc="284,55,247,0,204,-55,265,0" owari="339,43.0,247,-15.0,149,-35.0,265,7.0" /></mjloggm>