<mjloggm ver="2.3"><GO type="169" lobby="0"/><UN n0="%E3%83%95%E3%83%B3%E3%83%8C" n1="%E5%B0%B1%E6%B4%BB%E7%94%9F%40%E5%B7%9D%E6%9D%91%E8%BB%8D%E5%9B%A3" n2="%E3%83%9B%E3%82%BF%E3%83%AB%E3%83%8E%E3%83%92%E3%82%AB%E3%83%AB" n3="%E3%81%AF%E3%81%92%E3%81%A1%E3%82%87%E3%81%8F" dan="16,17,16,17" rate="2102.03,2213.27,2026.08,2156.80" sx="M,M,F,M"/><TAIKYOKU oya="0"/><INIT seed="0,0,0,5,0,64" ten="250,250,250,250" oya="0" hai0="77,118,2,29,18,99,84,78,0,94,52,80,56" hai1="54,100,131,88,24,91,40,28,42,74,119,92,6" hai2="39,43,8,86,105,62,25,97,1,73,11,98,67" hai3="33,109,57,27,125,68,130,110,107,76,127,46,133"/><T53/><D118/><U14/><E74/><V104/><F73/><W121/><G76/><T128/><D128/><U89/><E119/><V35/><F86/><W59/><G107/><T120/><D120/><U3/><E3/><V90/><F43/><W87/><G87/><T13/><D29/><U15/><E131/><V96/><F39/><W58/><G130/><T38/><D38/><U50/><E100/><V129/><F129/><W22/><G33/><T115/><D77/><U63/><E63/><V95/><F104/><W114/><G114/><T60/><D53/><U44/><E92/><V113/><F113/><W123/><G46/><T79/><D79/><U48/><E6/><V51/><F51/><W71/><G22/><T103/><REACH who="0" step="1"/><D115/><REACH who="0" ten="240,250,250,250" step="2"/><U10/><E42/><V9/><F105/><W116/><G116/><T82/><D82/><U65/><E65/><V106/><F106/><W85/><G121/><T55/><D55/><U23/><REACH who="1" step="1"/><E10/><AGARI ba="0,1" hai="0,2,10,13,18,52,56,60,78,80,84,94,99,103" machi="10" ten="30,11600,0" yaku="1,1,7,1,54,1,53,1" doraHai="64" doraHaiUra="93" who="0" fromWho="1" sc="240,126,250,-116,250,0,250,0" /><INIT seed="0,1,0,3,2,68" ten="366,134,250,250" oya="0" hai0="90,115,72,8,101,23,82,13,76,103,14,18,107" hai1="10,62,106,119,56,130,65,123,118,43,63,70,93" hai2="53,120,112,78,86,80,47,134,87,73,104,61,131" hai3="110,22,21,99,54,35,92,30,42,41,129,126,16"/><T125/><D125/><U127/><E106/><V51/><F120/><W4/><G110/><T7/><D115/><U11/><E123/><V105/><F112/><W121/><G35/><T116/><D116/><U12/><E127/><V128/><F134/><W96/><G126/><T97/><D103/><U50/><E130/><N who="2" m="49707" /><F61/><W29/><G4/><T44/><D44/><U75/><E75/><V25/><F25/><N who="3" m="16567" /><G30/><T94/><REACH who="0" step="1"/><D90/><REACH who="0" ten="356,134,250,250" step="2"/><U27/><E118/><V98/><F105/><AGARI ba="1,1" hai="7,8,13,14,18,23,72,76,82,94,97,101,105,107" machi="105" ten="40,3900,0" yaku="1,1,2,1,53,0" doraHai="68" doraHaiUra="108" who="0" fromWho="2" sc="356,52,134,0,250,-42,250,0" /><INIT seed="0,2,0,4,5,38" ten="408,134,208,250" oya="0" hai0="121,42,89,75,135,25,82,131,97,20,23,37,63" hai1="128,108,1,90,61,66,48,105,34,19,114,80,10" hai2="7,46,2,62,84,11,119,5,92,98,8,94,6" hai3="95,54,106,116,81,91,64,58,33,55,14,85,21"/><T31/><D121/><U30/><E105/><V60/><F119/><W45/><G33/><T115/><D115/><U133/><E114/><V79/><F46/><W12/><G106/><T122/><D122/><U71/><E128/><V102/><F2/><W74/><G116/><T43/><D37/><U112/><E112/><V28/><F28/><W59/><G64/><T53/><D135/><U49/><E133/><V29/><F29/><W101/><G45/><T110/><D131/><U47/><E108/><V57/><F62/><N who="3" m="36183" /><G74/><T113/><D113/><U100/><E100/><V109/><F109/><W93/><G21/><T52/><D75/><U77/><E90/><N who="2" m="53319" /><F79/><N who="3" m="46271" /><G101/><T65/><D110/><U124/><E124/><V132/><F132/><W39/><G95/><N who="0" m="56559" /><D82/><U0/><E30/><V24/><F24/><W87/><G39/><T36/><D36/><U126/><E34/><V130/><F130/><W50/><AGARI ba="2,0" hai="12,14,50,55,59,87,91,93" m="46271,36183" machi="50" ten="30,1100,0" yaku="8,1" doraHai="38" who="3" fromWho="3" sc="408,-7,134,-5,208,-5,250,17" /><INIT seed="1,0,0,1,4,87" ten="401,129,203,267" oya="1" hai0="104,118,27,131,15,31,92,76,74,1,41,105,9" hai1="21,25,5,36,83,39,73,44,128,103,62,93,108" hai2="97,60,4,23,6,18,121,64,0,65,16,112,88" hai3="79,49,109,40,61,127,38,71,33,63,122,45,8"/><U101/><E128/><V81/><F121/><W125/><G33/><T95/><D1/><U10/><E108/><V32/><F32/><W51/><G79/><T133/><D118/><U107/><E107/><V134/><F112/><W34/><G34/><T86/><D74/><U84/><E73/><V89/><F134/><W85/><G85/><T57/><D133/><U82/><E62/><V114/><F114/><W123/><G8/><T96/><D41/><U72/><E72/><V12/><F18/><W42/><G109/><T14/><D14/><U77/><E83/><V24/><F0/><W117/><G117/><T130/><D104/><U100/><E93/><N who="2" m="56487" /><F81/><W78/><G78/><T69/><D69/><U19/><REACH who="1" step="1"/><E44/><REACH who="1" ten="401,119,203,267" step="2"/><V68/><F68/><W110/><G110/><T59/><D105/><U13/><AGARI ba="0,1" hai="5,10,13,19,21,25,36,39,77,82,84,100,101,103" machi="13" ten="30,11700,0" yaku="1,1,2,1,0,1,53,1" doraHai="87" doraHaiUra="17" who="1" fromWho="1" sc="401,-39,119,127,203,-39,267,-39" /><INIT seed="1,1,0,2,3,7" ten="362,246,164,228" oya="1" hai0="12,20,80,31,30,84,25,5,55,4,57,42,81" hai1="32,96,115,114,119,51,104,47,53,123,130,34,28" hai2="131,35,110,19,62,117,26,66,77,69,105,120,8" hai3="125,103,112,127,29,98,2,44,14,113,102,109,36"/><U50/><E123/><V45/><F120/><W39/><G2/><T16/><D42/><U126/><E119/><V106/><F117/><W92/><G109/><T128/><D128/><U90/><E130/><V89/><F131/><W116/><G116/><T27/><D27/><U52/><E126/><N who="3" m="48138" /><G103/><T108/><D108/><U21/><E21/><V49/><F110/><W76/><G76/><T24/><D24/><U46/><E28/><N who="0" m="10793" /><D25/><U132/><E132/><V135/><F35/><W93/><G29/><T17/><D17/><U22/><E22/><V48/><F135/><W111/><G111/><T87/><D87/><U124/><E124/><V73/><F89/><W72/><G72/><T56/><D56/><U71/><E71/><V70/><F70/><W10/><G93/><T0/><D0/><U37/><E37/><N who="3" m="14410" /><G44/><T129/><D81/><U65/><E65/><V11/><F49/><W101/><G102/><T83/><D83/><U78/><E78/><V43/><F77/><W18/><AGARI ba="1,0" hai="10,14,18,92,98,101,112,113" m="14410,48138" machi="18" ten="30,2000,0" yaku="18,1,52,1" doraHai="7" who="3" fromWho="3" sc="362,-6,246,-11,164,-6,228,23" /><INIT seed="2,0,0,5,1,18" ten="356,235,158,251" oya="2" hai0="123,10,77,92,8,96,6,125,31,83,71,131,86" hai1="85,55,130,89,132,61,57,117,48,37,93,46,64" hai2="88,81,73,69,106,95,13,27,47,38,56,129,62" hai3="42,17,9,109,4,134,100,113,111,1,29,40,33"/><V116/><F116/><W0/><G100/><T3/><D123/><U87/><E117/><V23/><F106/><W43/><G134/><T107/><D107/><U11/><E130/><V74/><F69/><W82/><G0/><T133/><D71/><U105/><E105/><V15/><F129/><W59/><G113/><T44/><D133/><U39/><E132/><V75/><F81/><W52/><G82/><T60/><D125/><U49/><E11/><V120/><F120/><W102/><G102/><T50/><D60/><U135/><E135/><V80/><F80/><W34/><G17/><T91/><D31/><U54/><REACH who="1" step="1"/><E85/><REACH who="1" ten="356,225,158,251" step="2"/><V70/><F70/><AGARI ba="0,1" hai="37,39,46,48,49,54,55,57,61,64,70,87,89,93" machi="70" ten="30,7700,0" yaku="1,1,2,1,7,1,53,1" doraHai="18" doraHaiUra="41" who="1" fromWho="2" sc="356,0,225,87,158,-77,251,0" /><INIT seed="3,0,0,5,1,115" ten="356,312,81,251" oya="3" hai0="104,98,100,79,105,16,129,93,28,26,78,44,66" hai1="13,91,45,118,123,24,135,126,38,10,23,81,49" hai2="57,102,73,31,12,77,35,106,33,68,8,1,121" hai3="4,127,5,48,108,130,34,113,63,83,80,86,99"/><W6/><G113/><T51/><D129/><U2/><E2/><V95/><F68/><W75/><G130/><T61/><D104/><U46/><E123/><V18/><F121/><W94/><G34/><T133/><D133/><U101/><E135/><V17/><F106/><W103/><G127/><T42/><D16/><U3/><E126/><V11/><F77/><W27/><G108/><T62/><D62/><U119/><E3/><V84/><F73/><W114/><G114/><T87/><D87/><N who="1" m="50671" /><E101/><V59/><F1/><W40/><G75/><T50/><D51/><U69/><E69/><V97/><F84/><W82/><G27/><T107/><D107/><U116/><E38/><V85/><F31/><W89/><REACH who="3" step="1"/><G63/><REACH who="3" ten="356,312,81,241" step="2"/><T112/><D112/><U76/><E49/><V39/><F39/><W64/><G64/><T15/><D66/><U29/><E76/><V122/><F122/><W88/><G88/><T111/><D78/><U47/><E47/><AGARI ba="0,1" hai="4,5,6,40,47,48,80,82,83,86,89,94,99,103" machi="47" ten="40,3900,0" yaku="1,1,8,1,53,0" doraHai="115" doraHaiUra="110" who="3" fromWho="1" sc="356,0,312,-39,81,0,241,49" /><INIT seed="3,1,0,5,3,118" ten="356,273,81,290" oya="3" hai0="117,6,95,46,100,0,22,47,101,45,134,20,62" hai1="49,64,68,31,54,14,38,125,87,2,23,70,33" hai2="24,65,35,53,84,17,76,98,112,3,131,119,9" hai3="132,57,58,88,63,59,5,18,43,28,39,61,13"/><W21/><G132/><T32/><D32/><U60/><E2/><V83/><F119/><W94/><G28/><T30/><D117/><U77/><E125/><V127/><F131/><W41/><G5/><T29/><D0/><U129/><E129/><V107/><F127/><W52/><G39/><T92/><D6/><U48/><E38/><V11/><F112/><W93/><G93/><N who="0" m="35915" /><D62/><U109/><E109/><V106/><F3/><W37/><G37/><T42/><D42/><N who="3" m="15881" /><G63/><T26/><D134/><U75/><E75/><V135/><F135/><W1/><G1/><T97/><D97/><AGARI ba="1,0" hai="13,18,21,52,57,58,59,61,88,94,97" m="15881" machi="97" ten="30,5800,0" yaku="8,1,54,2" doraHai="118" who="3" fromWho="0" sc="356,-61,273,0,81,0,290,61" /><INIT seed="3,2,0,0,1,39" ten="295,273,81,351" oya="3" hai0="38,30,125,114,10,91,53,96,7,112,97,126,67" hai1="102,110,33,64,69,128,5,75,127,66,44,15,111" hai2="31,86,129,80,82,130,63,62,89,76,108,85,32" hai3="16,45,35,9,42,13,34,104,115,11,72,109,55"/><W24/><G104/><T131/><D131/><U61/><E75/><V87/><F108/><N who="1" m="41513" /><E33/><V107/><F107/><W100/><G100/><T20/><D67/><N who="1" m="41199" /><E102/><V79/><F31/><W132/><G109/><T95/><D38/><U41/><E5/><V3/><F3/><W133/><G55/><T23/><D53/><U90/><E90/><V92/><REACH who="2" step="1"/><F32/><REACH who="2" ten="295,273,71,351" step="2"/><W2/><G2/><N who="0" m="375" /><D30/><U56/><E128/><AGARI ba="2,1" hai="62,63,76,79,80,82,85,86,87,89,92,128,129,130" machi="128" ten="40,5200,0" yaku="1,1,9,1,19,1,53,0" doraHai="39" doraHaiUra="25" who="2" fromWho="1" sc="295,0,273,-58,71,68,351,0" /><INIT seed="4,0,0,2,1,123" ten="295,215,139,351" oya="0" hai0="73,7,4,56,88,133,19,14,81,100,44,1,26" hai1="8,132,124,86,3,85,16,91,46,104,108,58,87" hai2="66,21,75,111,52,5,64,80,60,12,68,11,35" hai3="0,29,51,9,43,32,42,128,37,54,59,28,2"/><T105/><D133/><U72/><E72/><V33/><F111/><W41/><G37/><T76/><D1/><U117/><E108/><V79/><F66/><W57/><G128/><T50/><D26/><U106/><E117/><V53/><REACH who="2" step="1"/><F21/><REACH who="2" ten="295,215,129,351" step="2"/><W25/><G32/><AGARI ba="0,1" hai="5,11,12,32,33,35,52,53,60,64,68,75,79,80" machi="32" ten="40,5200,0" yaku="1,1,2,1,54,1,53,0" doraHai="123" doraHaiUra="130" who="2" fromWho="3" sc="295,0,215,0,129,62,351,-52" /><INIT seed="5,0,0,5,5,7" ten="295,215,191,299" oya="1" hai0="123,19,112,84,45,117,118,70,75,13,1,58,48" hai1="15,80,109,131,110,17,79,130,71,122,44,129,89" hai2="107,124,77,81,90,120,49,100,132,26,5,73,46" hai3="97,68,14,3,33,36,113,119,64,114,82,35,91"/><U56/><E71/><V85/><F120/><W55/><G3/><T134/><D75/><U34/><E34/><V66/><F66/><W108/><G108/><N who="1" m="41578" /><E122/><V50/><F132/><W126/><G36/><T93/><D70/><U96/><E44/><V20/><F124/><W28/><G126/><T74/><D74/><N who="1" m="43127" /><E56/><V25/><F26/><W23/><G119/><T47/><D1/><U22/><E96/><V83/><F5/><W40/><G40/><T69/><D69/><U128/><N who="1" m="33280" /><DORA hai="41" /><U30/><E30/><V31/><REACH who="2" step="1"/><F46/><REACH who="2" ten="295,215,181,299" step="2"/><W116/><G64/><T101/><D47/><U9/><E89/><V78/><F78/><W94/><G91/><T72/><D45/><U76/><E76/><V52/><F52/><W105/><G55/><T11/><D123/><U59/><E59/><V103/><F103/><W2/><G68/><T51/><D101/><U6/><E6/><V21/><F21/><AGARI ba="0,1" hai="9,15,17,21,22" m="33280,43127,41578" machi="21" ten="60,11600,0" yaku="10,1,19,1,52,1" doraHai="7,41" who="1" fromWho="2" sc="295,0,215,126,181,-116,299,0" /><INIT seed="5,1,0,0,3,124" ten="295,341,65,299" oya="1" hai0="98,129,17,50,81,99,44,8,93,58,110,90,29" hai1="76,102,71,82,95,122,89,133,3,39,78,116,59" hai2="66,91,49,60,85,55,38,47,94,127,33,27,132" hai3="16,51,106,126,36,111,68,61,41,72,24,63,75"/><U4/><E71/><V54/><F132/><W52/><G111/><T6/><D110/><U114/><E39/><V113/><F113/><W100/><G126/><T86/><D29/><U9/><E116/><V0/><F0/><W107/><G41/><T84/><D58/><U62/><E114/><V67/><F127/><W64/><G61/><T35/><D35/><U103/><E122/><V77/><F38/><W123/><G36/><T65/><D129/><U48/><E48/><V13/><F13/><W80/><G123/><T97/><D65/><U56/><E56/><V74/><F74/><W121/><G121/><T119/><D17/><U69/><E69/><V26/><F33/><W37/><G37/><T92/><D119/><U19/><E19/><V1/><F1/><W43/><G43/><T34/><D34/><U10/><E10/><V105/><F105/><W12/><G24/><N who="2" m="9257" /><F77/><W32/><G32/><T21/><D21/><U104/><E104/><V7/><F7/><W2/><G2/><T125/><D125/><U73/><E78/><V115/><F115/><W40/><G106/><T14/><D86/><U18/><E18/><V112/><F112/><W45/><G40/><AGARI ba="1,0" hai="6,8,14,40,44,50,81,84,90,92,93,97,98,99" machi="40" ten="40,1300,0" yaku="8,1" doraHai="124" who="0" fromWho="3" sc="295,16,341,0,65,0,299,-16" /><INIT seed="6,0,0,5,1,97" ten="311,341,65,283" oya="2" hai0="2,133,49,50,118,77,64,110,112,74,11,115,68" hai1="38,41,26,80,117,129,58,127,10,70,32,23,89" hai2="90,13,17,84,83,72,108,6,132,4,19,20,37" hai3="69,36,81,113,0,106,67,30,22,42,65,73,122"/><V103/><F37/><W28/><G122/><T29/><D110/><U31/><E70/><V87/><F108/><W104/><G0/><T88/><D29/><U40/><E117/><V15/><F72/><W96/><G113/><N who="0" m="43595" /><D133/><U18/><E127/><V21/><F132/><W53/><G53/><T16/><D118/><U47/><E129/><V35/><F35/><W121/><G121/><T95/><D2/><U46/><E58/><V56/><F56/><W93/><G42/><T52/><D64/><U130/><E130/><V27/><F27/><W1/><G1/><T100/><D100/><U51/><E10/><V123/><F123/><W7/><G7/><T114/><D68/><U109/><E109/><V99/><REACH who="2" step="1"/><F84/><REACH who="2" ten="311,341,55,283" step="2"/><W12/><G36/><T92/><D114/><U105/><E32/><V71/><F71/><W59/><G69/><T63/><D74/><U131/><E131/><V85/><F85/><W62/><G73/><T111/><D111/><U44/><E38/><V119/><F119/><W34/><G34/><T82/><D63/><U61/><E61/><V91/><F91/><N who="3" m="55359" /><G62/><T75/><D88/><U14/><E89/><V25/><F25/><W33/><G59/><N who="0" m="33167" /><D50/><U134/><E51/><V43/><F43/><W116/><G33/><T128/><D128/><U120/><E120/><V39/><F39/><W98/><G116/><T107/><D75/><U45/><E45/><V76/><F76/><W124/><G67/><T86/><D77/><U102/><E134/><V57/><F57/><W60/><G60/><T48/><D48/><U8/><E80/><V78/><F78/><RYUUKYOKU ba="0,1" sc="311,-15,341,15,55,15,283,-15" hai1="8,14,18,23,26,31,40,41,44,46,47,102,105" hai2="4,6,13,15,17,19,20,21,83,87,90,99,103" /><INIT seed="6,1,1,5,2,35" ten="296,356,70,268" oya="2" hai0="131,103,98,107,57,130,16,113,75,7,68,114,47" hai1="100,84,109,112,116,82,42,104,15,87,11,83,36" hai2="74,124,123,79,71,12,91,37,45,18,129,63,65" hai3="49,0,106,55,23,111,81,127,59,50,85,46,134"/><V122/><F129/><N who="0" m="49162" /><D68/><U5/><E116/><V118/><F118/><W97/><G111/><T88/><D7/><U121/><E109/><V21/><F124/><W126/><G134/><T64/><D47/><U30/><E112/><V128/><F128/><W80/><G23/><T51/><D75/><U19/><E121/><V38/><F91/><W132/><G132/><T115/><D88/><U24/><E42/><V105/><F105/><W77/><G80/><T70/><D70/><U92/><E36/><V28/><F28/><W6/><G97/><T13/><D51/><U135/><E135/><V33/><F33/><W31/><G31/><T76/><D76/><U90/><E104/><V8/><F8/><W58/><G106/><T102/><D102/><U94/><E100/><V60/><F60/><W3/><G58/><T86/><D86/><U93/><E5/><V99/><F99/><W32/><G32/><T73/><D73/><U9/><E9/><V4/><F4/><W62/><G50/><T96/><D96/><U78/><E92/><V66/><F66/><N who="3" m="39263" /><G6/><T108/><D108/><U1/><E1/><V40/><REACH who="2" step="1"/><F38/><REACH who="2" ten="296,356,60,268" step="2"/><W52/><G126/><T110/><D110/><U54/><E30/><V56/><F56/><W27/><G127/><T120/><D120/><U53/><E90/><V72/><F72/><W133/><G133/><T101/><D101/><U119/><E119/><V25/><F25/><W26/><G26/><T29/><D29/><U61/><E24/><V39/><F39/><W17/><G27/><T117/><D117/><U69/><E11/><V95/><F95/><RYUUKYOKU ba="1,2" sc="296,-10,356,-10,60,30,268,-10" hai2="12,18,21,37,40,45,63,65,71,74,79,122,123" /><INIT seed="6,2,2,2,4,44" ten="286,346,90,258" oya="2" hai0="54,37,52,29,113,0,94,117,123,68,70,106,127" hai1="103,43,66,35,77,24,107,30,73,118,13,121,98" hai2="80,64,62,28,50,74,67,119,101,76,92,91,78" hai3="126,71,110,53,63,20,81,3,111,58,83,122,8"/><V88/><F119/><W112/><G122/><T133/><RYUUKYOKU type="yao9" ba="2,2" sc="286,0,346,0,90,0,258,0" hai0="0,29,37,52,54,68,70,94,106,113,117,123,127,133" /><INIT seed="6,3,2,1,4,58" ten="286,346,90,258" oya="2" hai0="128,130,13,92,5,81,126,91,37,47,119,50,4" hai1="83,7,63,52,73,0,21,12,46,26,108,86,68" hai2="123,28,20,89,103,42,17,41,38,118,112,100,19" hai3="97,33,121,16,106,127,65,98,110,80,39,1,3"/><V43/><F123/><W51/><G39/><T132/><D37/><U11/><E108/><V104/><F118/><W111/><G33/><T66/><D119/><U31/><E73/><V77/><F38/><W120/><G65/><T23/><D81/><U8/><E68/><V69/><F69/><W61/><G80/><T84/><D126/><U82/><E86/><V32/><F32/><W10/><G51/><T25/><D66/><U109/><E109/><V117/><F117/><W29/><G10/><T115/><D115/><U93/><E93/><V44/><F44/><W6/><G6/><T76/><D76/><U116/><E116/><V99/><F112/><W45/><G45/><T87/><D87/><U88/><E88/><V48/><F48/><W9/><G9/><T59/><D13/><U102/><E102/><V57/><F77/><W74/><G29/><T95/><D95/><U62/><E46/><V107/><F57/><W114/><G114/><T75/><D59/><U34/><E34/><V101/><F89/><W71/><G71/><T90/><D90/><U72/><E72/><V18/><REACH who="2" step="1"/><F99/><REACH who="2" ten="286,346,80,258" step="2"/><W14/><G98/><T30/><D47/><U15/><E83/><V96/><F96/><W131/><G97/><T134/><D50/><U129/><E82/><V85/><F85/><W78/><G78/><T40/><D75/><U135/><E62/><V35/><F35/><W124/><G74/><T70/><D70/><U55/><E63/><V94/><F94/><W24/><G61/><T22/><D92/><U113/><E113/><V67/><F67/><W54/><G111/><RYUUKYOKU ba="3,3" sc="286,-10,346,-10,80,30,258,-10" hai2="17,18,19,20,28,41,42,43,100,101,103,104,107" /><INIT seed="6,4,3,3,3,80" ten="276,336,110,248" oya="2" hai0="116,111,123,35,130,9,100,13,106,75,21,127,32" hai1="14,72,110,36,97,109,73,49,78,122,12,88,117" hai2="23,31,34,64,107,39,103,65,119,114,48,102,8" hai3="118,33,93,55,85,120,69,10,112,74,16,90,45"/><V26/><F119/><W71/><G33/><T11/><D111/><U68/><E36/><V84/><F39/><W54/><G118/><T22/><D75/><U94/><E68/><V2/><F114/><W96/><G74/><T51/><D106/><U81/><E117/><V67/><F34/><W101/><G120/><T133/><D100/><U131/><E73/><V89/><F107/><W18/><G112/><T77/><D77/><U124/><E122/><V135/><F135/><W108/><G108/><T25/><D51/><U5/><E124/><V40/><F8/><N who="0" m="3146" /><D123/><U38/><E38/><V86/><F2/><W105/><G45/><T92/><D92/><U24/><E131/><V91/><F48/><W87/><G69/><T50/><D50/><U83/><E5/><V52/><F52/><N who="3" m="20011" /><G71/><T129/><D116/><U66/><E49/><V44/><F44/><W7/><G105/><T126/><D133/><U4/><E4/><V0/><F40/><W60/><G60/><T82/><D82/><U17/><E81/><N who="2" m="49295" /><F0/><W46/><G46/><T20/><D13/><U41/><E41/><V125/><F125/><N who="0" m="47626" /><D35/><U79/><E79/><V70/><F70/><W134/><G134/><T113/><D113/><U3/><E3/><V128/><F128/><N who="0" m="49258" /><D32/><U43/><E43/><V95/><AGARI ba="4,3" hai="23,26,31,64,65,67,86,91,95,102,103" m="49295" machi="95" ten="30,6000,0" yaku="8,1,52,2" doraHai="80" who="2" fromWho="2" sc="276,-24,336,-24,110,102,248,-24" /><INIT seed="6,5,0,4,2,76" ten="252,312,212,224" oya="2" hai0="41,101,54,114,124,40,93,11,122,75,112,81,80" hai1="22,117,106,110,52,5,78,17,33,31,44,27,98" hai2="109,115,118,56,85,14,51,47,49,64,62,61,68" hai3="121,128,30,13,79,82,127,12,55,77,89,3,108"/><V120/><F120/><W32/><G3/><T133/><D122/><U8/><E110/><V26/><F118/><W18/><G121/><T100/><D133/><U129/><E117/><V97/><F109/><W19/><G108/><T131/><D131/><U16/><E129/><V9/><F115/><N who="0" m="44074" /><D75/><U134/><E78/><N who="3" m="29706" /><G32/><T94/><D11/><U72/><E72/><V99/><F26/><W34/><G34/><T119/><D119/><U69/><E69/><V59/><F85/><N who="3" m="50359" /><G30/><T20/><D20/><U35/><E134/><V105/><F105/><W28/><G28/><T42/><D54/><U24/><E98/><N who="2" m="37387" /><F68/><W57/><G127/><T96/><D124/><U38/><E38/><V15/><BYE who="1" /><F14/><N who="3" m="5739" /><G128/><T104/><D100/><U125/><E125/><V113/><F113/><W4/><G4/><T50/><D104/><U84/><E84/><V92/><F92/><UN n1="%E5%B0%B1%E6%B4%BB%E7%94%9F%40%E5%B7%9D%E6%9D%91%E8%BB%8D%E5%9B%A3" /><W53/><G53/><T126/><D126/><U71/><E106/><V135/><F135/><W25/><G25/><T6/><D94/><U70/><E35/><V74/><F74/><W83/><G83/><T67/><D67/><U90/><BYE who="0" /><E70/><UN n0="%E3%83%95%E3%83%B3%E3%83%8C" /><V60/><F47/><W45/><G45/><N who="0" m="25895" /><D6/><U102/><E71/><V7/><F64/><W43/><G43/><AGARI ba="5,0" hai="41,42,43,80,81,93,96,101" m="25895,44074" machi="43" ten="30,3900,0" yaku="15,1,52,2" doraHai="76" who="0" fromWho="3" sc="252,54,312,0,212,0,224,-54" /><INIT seed="7,0,0,3,5,88" ten="306,312,212,170" oya="3" hai0="29,65,90,74,123,114,133,31,131,75,116,53,85" hai1="119,127,15,121,63,17,95,120,58,82,61,21,60" hai2="118,36,44,14,24,45,105,62,84,124,5,66,107" hai3="7,51,8,68,54,38,2,10,132,112,25,128,79"/><W46/><G112/><T9/><D116/><U22/><E119/><V50/><F118/><W70/><G128/><T18/><D123/><U67/><E127/><V80/><F107/><W16/><G132/><T55/><D133/><U99/><E121/><V98/><F124/><W86/><G38/><T12/><D75/><U0/><E0/><V111/><F111/><W109/><G109/><T94/><D74/><U110/><E110/><V129/><F129/><W59/><G59/><T64/><D114/><U108/><E108/><V117/><F117/><W89/><G79/><T40/><D40/><U30/><E82/><V52/><F24/><W78/><G78/><T81/><D81/><U103/><E120/><V4/><F14/><W125/><G125/><T48/><D55/><U20/><E30/><N who="0" m="11273" /><D131/><U106/><E106/><V1/><F1/><W6/><G6/><N who="2" m="2665" /><F98/><W35/><G35/><T33/><D33/><U122/><E122/><V100/><F100/><W69/><G25/><T76/><D76/><U26/><E26/><V115/><F105/><W72/><G72/><T77/><D77/><U73/><E73/><V104/><F115/><W27/><G27/><T71/><D71/><U93/><E93/><V13/><F104/><W43/><G43/><T41/><D41/><U42/><E42/><N who="2" m="22599" /><F13/><N who="3" m="7223" /><G70/><T97/><D85/><U19/><E19/><V56/><F84/><W28/><G28/><T83/><D83/><AGARI ba="0,0" hai="2,7,8,46,51,54,68,69,83,86,89" m="7223" machi="83" ten="30,2900,0" yaku="25,1,54,1" doraHai="88" who="3" fromWho="0" sc="306,-29,312,0,212,0,170,29" /><INIT seed="7,1,0,0,5,41" ten="277,312,212,199" oya="3" hai0="10,105,94,118,67,70,99,43,46,17,68,104,82" hai1="72,115,125,116,15,36,113,103,60,128,102,3,77" hai2="37,57,124,107,28,19,96,44,13,90,114,18,12" hai3="64,22,24,2,126,20,48,53,78,7,131,31,26"/><W122/><G122/><T121/><D118/><U39/><E128/><V42/><F28/><W8/><G131/><T47/><D121/><U63/><E125/><V49/><F124/><W95/><G126/><T135/><D70/><U59/><E3/><V88/><F114/><N who="1" m="43529" /><E116/><V55/><F90/><W35/><G64/><T40/><D104/><U52/><E63/><V86/><F96/><W11/><G78/><T71/><D105/><U54/><E54/><V38/><F107/><W98/><G11/><T73/><D68/><U91/><E91/><V85/><F38/><N who="1" m="14377" /><E15/><N who="2" m="5707" /><F37/><W106/><G106/><T4/><D71/><U30/><E30/><V25/><F25/><W134/><G26/><T83/><D67/><U32/><E32/><V6/><F6/><W66/><G66/><T87/><D4/><U61/><E61/><N who="2" m="36031" /><F85/><W74/><G74/><T89/><D73/><U81/><AGARI ba="1,0" hai="52,59,60,72,77,81,102,103" m="14377,43529" machi="81" ten="40,2700,0" yaku="15,1,54,1" doraHai="41" who="1" fromWho="1" sc="277,-8,312,30,212,-8,199,-14" owari="269,7.0,342,44.0,204,-20.0,185,-31.0" /></mjloggm>