<mjloggm ver="2.3"><GO type="169" lobby="0"/><UN n0="%E5%80%89%E6%A9%8B%EF%BC%A0%E4%BA%8B%E5%8B%99" n1="%E3%82%B7%E3%82%A7%E3%83%95%E3%83%81%E3%83%A7%E3%82%B3" n2="%E3%82%A6%E3%83%AB%E3%83%88%E3%83%A9%E7%AB%8B%E7%9B%B4" n3="%4E%61%62%62%79" dan="17,18,17,16" rate="2176.98,2210.71,2136.70,2130.98" sx="M,M,M,M"/><TAIKYOKU oya="0"/><INIT seed="0,0,0,5,5,38" ten="250,250,250,250" oya="0" hai0="110,104,105,128,73,28,71,0,100,22,75,57,54" hai1="118,25,134,126,113,77,34,129,66,108,94,16,4" hai2="93,102,20,13,30,5,21,68,88,55,111,63,62" hai3="120,36,109,79,43,82,41,69,11,122,17,48,46"/><T15/><D0/><U95/><E118/><V72/><F72/><W89/><G69/><T112/><D71/><U114/><E108/><V19/><F111/><W116/><G116/><T106/><D112/><U45/><E134/><V90/><F5/><W131/><G131/><T49/><D110/><U56/><E129/><V87/><F68/><W101/><G101/><T9/><D128/><U103/><E126/><V65/><F65/><W133/><G133/><T80/><D100/><U42/><E4/><V51/><F102/><W37/><G109/><T96/><D96/><U39/><E77/><V91/><F91/><W14/><G89/><T130/><D130/><U99/><E94/><V53/><F53/><W115/><G115/><N who="1" m="44042" /><E34/><V1/><F1/><W2/><G2/><T32/><D32/><U107/><E107/><V47/><F90/><W52/><G37/><T123/><D80/><U29/><E29/><V40/><F55/><W84/><REACH who="3" step="1"/><G36/><REACH who="3" ten="250,250,250,240" step="2"/><T10/><D123/><AGARI ba="0,1" hai="11,14,17,41,43,46,48,52,79,82,84,120,122,123" machi="123" ten="40,12000,2" yaku="1,1,2,1,13,1,52,2,54,1,53,1" doraHai="38" doraHaiUra="8" who="3" fromWho="0" sc="250,-120,250,0,250,0,240,130" /><INIT seed="1,0,0,5,3,63" ten="130,250,250,370" oya="1" hai0="62,31,50,132,4,51,45,69,97,54,95,92,26" hai1="5,56,33,25,35,100,48,78,12,133,32,88,114" hai2="129,34,125,9,17,131,0,128,113,90,126,68,47" hai3="123,42,98,21,118,77,134,53,108,28,36,91,15"/><U13/><E114/><V102/><F102/><W119/><G123/><T19/><D132/><U60/><E133/><V49/><F113/><W6/><G134/><T30/><D4/><U130/><E130/><V3/><F68/><W11/><G108/><T99/><D19/><U84/><E78/><V110/><F90/><W117/><G77/><T120/><D120/><U66/><E100/><V29/><F110/><W72/><G72/><T55/><D26/><U87/><E87/><V107/><F107/><W38/><G53/><T82/><D82/><U124/><E124/><N who="2" m="47723" /><F49/><W89/><G42/><T71/><D62/><U22/><E48/><V96/><F96/><W70/><G70/><T57/><REACH who="0" step="1"/><D57/><REACH who="0" ten="120,250,250,370" step="2"/><U105/><E5/><V111/><F111/><W16/><G6/><T86/><D86/><U58/><E56/><V27/><F47/><AGARI ba="0,1" hai="30,31,45,47,50,51,54,55,69,71,92,95,97,99" machi="47" ten="25,8000,1" yaku="1,1,22,2,53,2" doraHai="63" doraHaiUra="41" who="0" fromWho="2" sc="120,90,250,0,250,-80,370,0" /><INIT seed="2,0,0,4,0,75" ten="210,250,170,370" oya="2" hai0="97,76,99,32,28,124,0,111,55,118,3,100,69" hai1="132,13,1,85,24,6,30,47,94,90,116,126,95" hai2="9,79,58,54,119,36,7,70,84,27,134,57,26" hai3="53,114,128,62,112,52,91,129,67,44,37,64,49"/><V123/><F70/><W33/><G33/><T34/><D69/><U61/><E116/><V10/><F36/><W93/><G37/><T19/><D111/><U68/><E1/><V72/><F72/><W115/><G91/><T35/><D28/><U74/><E74/><V81/><F123/><W125/><G125/><T73/><D124/><U101/><E126/><V87/><F119/><W113/><G93/><T66/><D66/><N who="3" m="25129" /><G114/><T59/><D118/><U22/><E68/><V89/><F134/><W133/><G133/><T56/><D19/><U92/><E132/><V65/><F65/><W104/><G104/><T82/><D99/><N who="1" m="59623" /><E61/><V77/><F58/><AGARI ba="0,0" hai="44,49,52,53,58,62,112,113,115,128,129" m="25129" machi="58" ten="40,8000,1" yaku="11,1,34,2,54,1" doraHai="75" who="3" fromWho="2" sc="210,0,250,0,170,-80,370,80" /><INIT seed="3,0,0,5,4,69" ten="210,250,90,450" oya="3" hai0="112,99,133,76,3,134,57,135,92,17,12,44,65" hai1="2,14,77,59,129,71,32,72,81,74,80,6,46" hai2="21,79,127,40,7,103,16,78,37,54,105,61,41" hai3="125,36,63,132,120,45,4,82,117,19,53,30,33"/><W34/><G117/><T51/><D3/><U101/><E71/><V13/><F127/><W109/><G4/><T119/><D119/><U67/><E32/><V0/><F0/><W128/><G120/><T91/><D76/><U115/><E115/><V106/><F7/><W24/><G34/><T58/><D65/><U83/><E129/><V107/><F103/><W123/><G123/><T96/><D96/><U68/><E68/><V100/><F100/><W98/><G19/><T9/><REACH who="0" step="1"/><D112/><REACH who="0" ten="200,250,90,450" step="2"/><U25/><E2/><V110/><F110/><W11/><G98/><T31/><D31/><U10/><E77/><V116/><F116/><W118/><G30/><T29/><D29/><U8/><E74/><V108/><F108/><W121/><G109/><T94/><D94/><U85/><E72/><V48/><F79/><W27/><G118/><T22/><D22/><U130/><E130/><V50/><F78/><W56/><G33/><T70/><D70/><U93/><E85/><V47/><REACH who="2" step="1"/><F41/><AGARI ba="0,1" hai="9,12,17,41,44,51,57,58,91,92,99,133,134,135" machi="41" ten="40,2600,0" yaku="1,1,20,1,53,0" doraHai="69" doraHaiUra="113" who="0" fromWho="2" sc="200,36,250,0,90,-26,450,0" /><INIT seed="4,0,0,4,3,130" ten="236,250,64,450" oya="0" hai0="30,113,82,70,31,92,11,10,34,21,18,14,69" hai1="79,119,4,95,126,117,98,102,26,122,121,45,22" hai2="61,40,88,134,105,23,131,110,12,27,17,46,115" hai3="129,96,37,62,86,15,7,78,54,107,36,1,38"/><T52/><D113/><U63/><E126/><V76/><F110/><W9/><G129/><T81/><D70/><U8/><E79/><V2/><F2/><W43/><G43/><T6/><D69/><U133/><E133/><V64/><F131/><W29/><G29/><T97/><D10/><U84/><E84/><V90/><F115/><W41/><G41/><T93/><D93/><U28/><E45/><V60/><F105/><W13/><G54/><T47/><D31/><U0/><REACH who="1" step="1"/><E63/><REACH who="1" ten="236,240,64,450" step="2"/><V94/><F134/><W42/><G62/><T89/><D34/><U72/><E72/><V132/><F132/><W120/><G86/><T33/><D33/><U75/><E75/><V123/><F76/><W85/><G85/><T67/><D30/><U109/><E109/><V91/><F61/><W65/><G78/><T103/><D67/><U106/><E106/><V77/><F77/><W24/><G107/><T58/><D47/><U125/><E125/><V59/><F123/><AGARI ba="0,1" hai="0,4,8,22,26,28,95,98,102,117,119,121,122,123" machi="123" ten="40,1300,0" yaku="1,1,53,0" doraHai="130" doraHaiUra="100" who="1" fromWho="2" sc="236,0,240,23,64,-13,450,0" /><INIT seed="5,0,0,0,5,47" ten="236,263,51,450" oya="1" hai0="6,131,99,56,63,67,51,98,18,133,118,119,85" hai1="122,82,43,19,97,42,61,101,83,8,27,79,39" hai2="20,117,92,89,37,120,81,127,26,28,25,52,29" hai3="70,114,33,62,31,100,35,84,88,95,76,78,113"/><U59/><E122/><V69/><F117/><W74/><G100/><T107/><D133/><U44/><E42/><V94/><F37/><W17/><G17/><T49/><D131/><U130/><E130/><V55/><F120/><W115/><G31/><T0/><D119/><U11/><E27/><V128/><F128/><W5/><G5/><T116/><D116/><U87/><E82/><V129/><F129/><W106/><G106/><T54/><D107/><U45/><E45/><V112/><F69/><W23/><G23/><T9/><D118/><U105/><REACH who="1" step="1"/><E19/><REACH who="1" ten="236,253,51,450" step="2"/><V48/><F81/><N who="3" m="45207" /><G78/><T135/><D135/><U32/><E32/><V10/><F26/><W111/><G33/><T72/><D72/><U38/><E38/><V13/><F25/><W75/><G35/><T36/><D36/><U96/><E96/><V58/><F127/><W41/><G41/><T4/><D18/><U132/><E132/><V21/><F112/><W1/><G75/><T46/><D6/><U77/><E77/><V125/><F125/><W102/><G114/><T93/><REACH who="0" step="1"/><D51/><REACH who="0" ten="226,253,51,450" step="2"/><U110/><E110/><V108/><F48/><W16/><G111/><T34/><D34/><U40/><E40/><V103/><F108/><W71/><G16/><T50/><D50/><U91/><E91/><AGARI ba="0,2" hai="0,4,9,46,49,54,56,63,67,85,91,93,98,99" machi="91" ten="40,2600,0" yaku="1,1,52,1,53,0" doraHai="47" doraHaiUra="22" who="0" fromWho="1" sc="226,46,253,-26,51,0,450,0" /><INIT seed="6,0,0,0,2,33" ten="272,227,51,450" oya="2" hai0="89,2,110,62,7,18,26,121,0,13,78,41,50" hai1="27,49,25,75,77,97,56,54,47,131,101,103,31" hai2="65,123,19,28,104,87,40,17,21,96,53,114,32" hai3="112,29,48,88,51,55,44,30,119,94,23,72,124"/><V52/><F123/><W120/><G72/><T132/><D110/><U57/><E131/><V35/><F40/><W95/><G120/><T76/><D121/><U14/><E75/><V133/><F65/><W82/><G119/><T111/><D111/><U42/><E77/><V10/><F28/><W122/><G122/><T106/><D106/><U129/><E129/><V113/><F10/><W118/><G118/><T22/><D132/><U102/><E14/><V4/><F4/><W125/><G112/><N who="2" m="43113" /><F87/><N who="3" m="50295" /><G48/><T20/><D62/><U86/><E86/><V79/><F79/><W11/><G11/><T5/><D5/><U39/><E57/><V127/><F133/><W64/><G64/><T9/><D78/><U63/><E39/><V60/><F127/><N who="3" m="48715" /><G30/><T34/><D76/><U99/><REACH who="1" step="1"/><E27/><AGARI ba="0,0" hai="23,27,29,44,51,55,94,95" m="48715,50295" machi="27" ten="30,2000,0" yaku="18,1,54,1" doraHai="33" who="3" fromWho="1" sc="272,0,227,-20,51,0,450,20" /><INIT seed="7,0,0,5,4,127" ten="272,207,51,470" oya="3" hai0="56,40,67,71,19,113,133,24,7,44,89,135,1" hai1="75,2,9,16,129,91,131,23,69,104,77,73,70" hai2="81,6,105,78,33,82,21,62,65,51,125,28,80" hai3="115,90,74,103,86,87,95,122,128,116,18,30,13"/><W12/><G74/><N who="1" m="28170" /><E77/><V49/><F78/><W101/><G18/><T42/><D71/><U38/><E38/><V20/><F33/><W25/><G90/><T98/><D113/><U134/><E104/><V126/><F105/><W15/><G95/><N who="0" m="56687" /><D7/><N who="1" m="1271" /><E91/><V35/><F35/><W8/><G25/><T14/><D24/><N who="1" m="14439" /><E134/><N who="0" m="51209" /><D1/><U59/><E59/><V37/><F37/><W97/><G116/><T31/><D31/><U109/><E109/><V76/><F76/><W54/><G30/><T93/><D93/><U88/><E88/><V119/><F28/><W83/><G97/><T108/><D108/><U26/><E26/><V46/><F6/><W84/><G83/><T32/><D32/><U39/><E39/><V64/><F119/><W52/><G8/><N who="0" m="6599" /><D44/><U114/><E114/><V94/><F94/><W117/><G117/><T41/><D56/><U68/><E69/><V96/><F46/><W57/><G57/><T43/><D43/><U72/><N who="1" m="28178" /><U11/><DORA hai="121" /><E11/><V79/><F79/><W58/><G58/><T124/><D67/><U99/><E99/><V123/><F96/><W61/><G101/><T36/><D36/><U102/><E102/><V66/><F62/><W92/><G61/><T29/><D29/><U110/><E110/><V34/><F34/><W3/><G103/><T17/><D17/><U0/><E0/><V5/><F5/><W132/><G92/><T10/><D10/><U47/><E47/><V85/><F85/><W106/><G84/><T22/><D22/><U4/><E4/><V48/><F123/><W45/><G132/><T27/><D41/><RYUUKYOKU ba="0,0" sc="272,-15,207,15,51,15,470,-15" hai1="68,70,129,131" hai2="20,21,48,49,51,64,65,66,80,81,82,125,126" owari="257,6.0,222,-18.0,66,-43.0,455,55.0" /></mjloggm>