<mjloggm ver="2.3"><GO type="169" lobby="0"/><UN n0="%E4%BF%A1%E6%BF%83%E3%81%AE%E8%8D%92%E6%B3%95%E5%B8%AB" n1="%E5%B0%B1%E6%B4%BB%E7%94%9F%40%E5%B7%9D%E6%9D%91%E8%BB%8D%E5%9B%A3" n2="%74%6F%74%6F%74%61%72%6F" n3="%E3%81%82%E3%81%B2%E3%82%8B%E3%81%95%E3%82%93" dan="17,16,17,17" rate="2173.92,2141.45,2217.71,2144.09" sx="M,M,M,M"/><TAIKYOKU oya="0"/><INIT seed="0,0,0,2,2,12" ten="250,250,250,250" oya="0" hai0="98,31,43,115,67,134,106,113,40,15,38,1,126" hai1="42,69,88,70,109,0,111,91,72,83,16,85,53" hai2="56,86,19,8,122,49,80,100,97,34,51,10,61" hai3="93,117,28,92,68,57,24,90,112,32,29,118,75"/><T50/><D1/><U78/><E0/><V66/><F34/><W129/><G68/><T58/><D31/><U63/><E42/><V17/><F122/><W73/><G112/><T130/><D106/><U135/><E135/><V71/><F8/><W54/><G129/><T60/><D98/><U123/><E123/><V20/><F10/><W6/><G6/><T55/><D126/><U23/><E53/><V79/><F71/><W52/><G54/><T82/><D82/><N who="1" m="49207" /><E91/><V13/><REACH who="2" step="1"/><F19/><REACH who="2" ten="250,250,240,250" step="2"/><W62/><G29/><T114/><D134/><U2/><E2/><V39/><F39/><W36/><G36/><T102/><D38/><U128/><E128/><V64/><F64/><W132/><G132/><T4/><D130/><U108/><E63/><V27/><F27/><AGARI ba="0,1" hai="16,23,27,69,70,72,78,83,108,109,111" m="49207" machi="27" ten="30,7700,0" yaku="14,1,52,1,54,2" doraHai="12" who="1" fromWho="2" sc="250,0,250,87,240,-77,250,0" /><INIT seed="1,0,0,3,1,31" ten="250,337,163,250" oya="1" hai0="81,83,12,108,24,3,13,68,50,82,116,38,66" hai1="20,62,73,23,60,131,0,8,102,117,121,7,91" hai2="76,47,55,56,35,48,2,135,26,21,115,130,34" hai3="11,122,6,94,92,128,133,99,52,53,36,88,29"/><U32/><E73/><V123/><F123/><W54/><G122/><T129/><D116/><U51/><E117/><V10/><F76/><W75/><G36/><T33/><D3/><U16/><E121/><V64/><F135/><W4/><G75/><T18/><D38/><U106/><E32/><V79/><F79/><W124/><G124/><T87/><D68/><U58/><E131/><V110/><F130/><W15/><G128/><T71/><D71/><U74/><E74/><V127/><F127/><W84/><G133/><T39/><D66/><U63/><E23/><V9/><F115/><W89/><REACH who="3" step="1"/><G29/><REACH who="3" ten="250,337,163,240" step="2"/><T132/><D39/><U40/><E106/><V98/><F110/><W96/><G96/><T49/><D129/><U69/><E69/><V107/><F98/><W95/><G95/><T67/><D108/><U112/><E112/><V27/><F107/><W90/><G90/><T57/><D132/><U118/><E118/><V72/><F72/><W114/><G114/><T43/><D87/><U5/><E102/><V42/><F64/><W134/><G134/><T111/><D111/><U70/><E70/><V22/><F2/><W77/><G77/><T41/><D83/><U44/><E91/><V101/><F101/><W93/><G93/><T86/><D82/><U28/><E28/><N who="2" m="17487" /><F35/><W119/><G119/><T19/><D86/><U80/><E80/><V37/><F34/><W97/><G97/><T120/><D33/><U17/><E7/><AGARI ba="0,1" hai="4,6,7,11,15,52,53,54,84,88,89,92,94,99" machi="7" ten="40,8000,1" yaku="1,1,8,1,54,2,53,0" doraHai="31" doraHaiUra="25" who="3" fromWho="1" sc="250,0,337,-80,163,0,240,90" /><INIT seed="2,0,0,1,5,58" ten="250,257,163,330" oya="2" hai0="77,43,75,55,73,48,11,132,128,52,88,120,19" hai1="115,122,53,38,47,22,24,63,9,3,14,61,35" hai2="130,134,110,99,2,33,57,67,91,32,108,49,69" hai3="105,84,83,20,94,109,85,117,0,121,107,60,5"/><V51/><F2/><W68/><G117/><T70/><D70/><U124/><E115/><V1/><F1/><W46/><G121/><T79/><D43/><U114/><E114/><V112/><F112/><W113/><G113/><T90/><D128/><U40/><E122/><V23/><F130/><W66/><G109/><N who="2" m="42089" /><F134/><W15/><G0/><T45/><D120/><U16/><E124/><V8/><F8/><W7/><G94/><T34/><D34/><N who="2" m="13418" /><F69/><W92/><G68/><T28/><D28/><N who="1" m="19847" /><E53/><V29/><F91/><W80/><G66/><T101/><D132/><U13/><E13/><V131/><F99/><W133/><G15/><T104/><D55/><U76/><E76/><V123/><F123/><W135/><G133/><T42/><D52/><U64/><E64/><V25/><F131/><W12/><G12/><N who="0" m="7583" /><D79/><U30/><E30/><V54/><F67/><W86/><G135/><T71/><D71/><U26/><E26/><V50/><AGARI ba="0,0" hai="23,25,29,49,50,51,54,57" m="13418,42089" machi="50" ten="40,3900,0" yaku="14,1,10,1" doraHai="58" who="2" fromWho="2" sc="250,-13,257,-13,163,39,330,-13" /><INIT seed="2,1,0,2,2,97" ten="237,244,202,317" oya="2" hai0="130,29,28,134,20,39,116,16,5,30,18,49,123" hai1="126,102,93,83,7,37,81,85,128,57,119,46,90" hai2="125,80,122,71,19,77,86,129,40,69,35,79,47" hai3="104,23,26,41,31,45,117,60,1,99,61,25,95"/><V64/><F122/><W74/><G117/><T101/><D39/><U127/><E7/><V52/><F35/><W87/><G74/><T135/><D123/><U132/><E37/><V68/><F125/><N who="1" m="47625" /><E46/><V13/><F129/><W75/><G75/><T133/><D116/><U115/><E57/><V76/><F64/><W10/><G104/><T15/><D130/><U88/><E119/><V89/><F40/><W12/><G1/><T55/><D101/><U22/><E22/><V108/><F108/><W124/><G124/><T56/><D18/><U121/><E121/><V103/><F103/><W54/><G87/><T114/><REACH who="0" step="1"/><D5/><REACH who="0" ten="227,244,202,317" step="2"/><U107/><E128/><V118/><F118/><W70/><G31/><T0/><D0/><U33/><E115/><AGARI ba="1,1" hai="15,16,20,28,29,30,49,55,56,114,115,133,134,135" machi="115" ten="50,8000,1" yaku="1,1,20,1,54,1,53,1" doraHai="97" doraHaiUra="9" who="0" fromWho="1" sc="227,93,244,-83,202,0,317,0" /><INIT seed="3,0,0,4,0,116" ten="320,161,202,317" oya="3" hai0="58,126,12,40,25,62,21,84,56,81,69,59,97" hai1="37,74,0,119,57,46,88,42,75,92,73,113,28" hai2="5,64,14,32,18,128,27,20,106,104,114,87,120" hai3="63,124,9,103,82,3,47,78,10,65,80,123,29"/><W53/><G124/><T96/><D126/><U11/><E113/><V35/><F64/><W17/><G29/><N who="0" m="17583" /><D69/><U76/><E119/><V68/><F68/><W71/><G103/><T101/><D40/><U44/><E28/><V83/><F114/><W131/><G131/><T7/><D101/><U109/><E109/><V39/><F39/><W26/><G123/><T67/><D7/><U93/><E46/><V22/><F128/><W98/><G98/><N who="0" m="37995" /><D12/><U90/><E57/><V100/><F100/><W72/><G3/><T77/><AGARI ba="0,0" hai="56,58,59,62,67,77,81,84" m="37995,17583" machi="77" ten="30,1100,0" yaku="8,1" doraHai="116" who="0" fromWho="0" sc="320,11,161,-3,202,-3,317,-5" /><INIT seed="4,0,0,3,4,7" ten="331,158,199,312" oya="0" hai0="86,87,55,42,132,122,112,41,76,58,66,32,53" hai1="57,45,2,26,51,20,16,56,67,130,25,3,35" hai2="88,74,79,126,106,0,24,33,77,19,121,75,108" hai3="115,21,23,134,64,30,85,18,104,31,72,91,70"/><T63/><D32/><U13/><E130/><V4/><F121/><W62/><G72/><T47/><D112/><U113/><E113/><V125/><F108/><W93/><G115/><T127/><D127/><N who="2" m="48650" /><F106/><W80/><G104/><T97/><D132/><U48/><E35/><V105/><F105/><W49/><G134/><T135/><D122/><U78/><E78/><V39/><F39/><W6/><G23/><T43/><D135/><U83/><E83/><V129/><F129/><W38/><G38/><T60/><D97/><U59/><E67/><V17/><F17/><W71/><G70/><T44/><D76/><N who="2" m="29258" /><F88/><W133/><G133/><T68/><D87/><U61/><E61/><V114/><F114/><W81/><G81/><T52/><D86/><U117/><E117/><V123/><F123/><W5/><G80/><T1/><D1/><U84/><E84/><V10/><F19/><W37/><G37/><T99/><D99/><U111/><E111/><V12/><F0/><W28/><REACH who="3" step="1"/><G49/><REACH who="3" ten="331,158,199,302" step="2"/><T40/><N who="0" m="10240" /><DORA hai="54" /><T34/><D34/><U11/><E51/><V119/><F119/><W73/><G73/><T92/><D92/><U89/><E26/><AGARI ba="0,1" hai="5,6,18,21,26,28,30,31,62,64,71,85,91,93" machi="26" ten="40,2600,0" yaku="1,1,53,1" doraHai="7,54" doraHaiUra="94,82" who="3" fromWho="1" sc="331,0,158,-26,199,0,302,36" /><INIT seed="5,0,0,5,0,121" ten="331,132,199,338" oya="1" hai0="58,109,47,99,77,61,90,31,71,64,86,52,108" hai1="41,39,37,124,115,76,112,12,54,22,20,8,113" hai2="116,42,101,132,135,75,80,95,36,44,100,63,34" hai3="87,119,26,2,6,127,17,117,65,19,9,18,32"/><U126/><E76/><V81/><F34/><W59/><G65/><T5/><D77/><U97/><E97/><N who="2" m="59455" /><F116/><N who="3" m="44619" /><G59/><T10/><D47/><U106/><E106/><V40/><F40/><W134/><G87/><T74/><D31/><U103/><E103/><V23/><F75/><W69/><G69/><T131/><D131/><U98/><E98/><V15/><F101/><W78/><G78/><T89/><D74/><U27/><E54/><V66/><F23/><N who="1" m="8745" /><E27/><V0/><F15/><W110/><G134/><N who="2" m="51241" /><F0/><W62/><G62/><T82/><D99/><U51/><E51/><V29/><F29/><N who="3" m="19511" /><G127/><N who="1" m="48682" /><E41/><V125/><F125/><W118/><N who="3" m="44627" /><W53/><DORA hai="79" /><G53/><T83/><D90/><U133/><E133/><V120/><F120/><W93/><G93/><T122/><D122/><U55/><E55/><V130/><F130/><W107/><G107/><T56/><D52/><U49/><E49/><V92/><F92/><W96/><G96/><T88/><D83/><U105/><E105/><V129/><F129/><W13/><G2/><T73/><D73/><U70/><E70/><AGARI ba="0,0" hai="36,42,44,63,66,70,80,81" m="51241,59455" machi="70" ten="30,3900,0" yaku="20,1,52,2" doraHai="121,79" who="2" fromWho="1" sc="331,0,132,-39,199,39,338,0" /><INIT seed="6,0,0,4,2,2" ten="331,93,238,338" oya="2" hai0="100,48,33,90,126,13,104,63,10,22,130,40,25" hai1="14,124,121,108,8,68,127,66,24,111,110,31,117" hai2="98,17,83,92,56,57,42,81,77,134,84,119,95" hai3="45,106,6,79,43,67,18,75,36,87,54,128,135"/><V5/><F134/><W47/><G106/><T129/><D33/><N who="1" m="20711" /><E68/><V21/><F119/><W94/><G75/><T74/><D74/><U93/><E66/><V73/><F42/><W15/><G128/><N who="0" m="49259" /><D126/><N who="1" m="48171" /><E93/><V118/><F118/><W26/><G135/><T132/><D132/><U72/><E72/><V37/><F37/><W112/><G112/><T51/><D90/><U82/><E82/><V115/><F115/><W69/><G67/><T122/><D122/><U120/><E117/><V58/><F5/><AGARI ba="0,0" hai="5,8,14,108,110,111,120,121" m="48171,20711" machi="5" ten="40,8000,1" yaku="18,1,34,2,52,1" doraHai="2" who="1" fromWho="2" sc="331,0,93,80,238,-80,338,0" /><INIT seed="7,0,0,3,1,134" ten="331,173,158,338" oya="3" hai0="85,64,25,68,126,9,101,80,121,84,39,54,103" hai1="63,74,5,124,95,102,14,37,122,65,83,123,0" hai2="82,96,61,132,58,89,48,127,81,128,119,27,66" hai3="107,50,87,69,53,51,44,133,26,73,29,15,99"/><W131/><G73/><T93/><D121/><U125/><E37/><V42/><F132/><W92/><G133/><T7/><D39/><U1/><E74/><V112/><F119/><W79/><G69/><T116/><D116/><U31/><E83/><V111/><F111/><W8/><G107/><T91/><D126/><N who="1" m="48747" /><E31/><V106/><F127/><W35/><G131/><T12/><D68/><N who="1" m="42047" /><E14/><V32/><F128/><W75/><G75/><T86/><D64/><U113/><E113/><V59/><F112/><W18/><G79/><N who="0" m="46111" /><D25/><U88/><E102/><N who="0" m="38921" /><D54/><U130/><E130/><V10/><F106/><W16/><G87/><AGARI ba="0,0" hai="7,9,12,85,86,87,91,93" m="38921,46111" machi="87" ten="30,1000,0" yaku="8,1" doraHai="134" who="0" fromWho="3" sc="331,10,173,0,158,0,338,-10" owari="341,44.0,173,-23.0,158,-34.0,328,13.0" /></mjloggm>