<mjloggm ver="2.3"><GO type="169" lobby="0"/><UN n0="%E3%82%A6%E3%83%AB%E3%83%88%E3%83%A9%E7%AB%8B%E7%9B%B4" n1="%E2%91%A3%E3%82%BB%E3%83%B3%E3%83%81" n2="%68%69%70%64%63%61%73%68" n3="%4C%53%E9%99%BD" dan="18,17,16,16" rate="2207.87,2121.24,2070.87,2114.88" sx="M,M,M,M"/><TAIKYOKU oya="0"/><INIT seed="0,0,0,0,0,66" ten="250,250,250,250" oya="0" hai0="67,33,93,78,114,20,75,85,37,65,51,90,130" hai1="64,19,35,68,87,101,69,94,53,115,32,62,72" hai2="34,118,39,77,96,117,41,45,82,83,112,0,12" hai3="15,105,44,55,120,110,21,26,79,22,14,86,49"/><T91/><D33/><U71/><E72/><V3/><F112/><W76/><G105/><T31/><D37/><U61/><E115/><V4/><F34/><W27/><G120/><T124/><D114/><U106/><E106/><V73/><F83/><W23/><G110/><T63/><D124/><U121/><E121/><V24/><F24/><N who="3" m="9259" /><G86/><T1/><D1/><U36/><E36/><V57/><F57/><W109/><G109/><T116/><D116/><N who="2" m="44650" /><F96/><W99/><G99/><T119/><D119/><U133/><E133/><V59/><F59/><W2/><G2/><N who="2" m="553" /><F12/><AGARI ba="0,0" hai="12,14,15,21,22,23,44,49,55,76,79" m="9259" machi="12" ten="30,1000,0" yaku="8,1" doraHai="66" who="3" fromWho="2" sc="250,0,250,0,250,-10,250,10" /><INIT seed="1,0,0,3,0,23" ten="250,250,240,260" oya="1" hai0="108,48,57,100,81,32,69,13,66,30,76,24,93" hai1="118,3,89,119,38,134,114,37,21,103,86,46,60" hai2="128,92,85,44,59,53,115,45,5,20,63,75,27" hai3="107,58,123,12,124,25,98,73,97,1,68,111,39"/><U80/><E114/><V70/><F128/><W120/><G1/><T15/><D108/><U131/><E3/><V52/><F70/><W133/><G68/><T104/><D93/><U112/><E112/><V83/><F75/><W90/><G39/><T41/><D41/><U84/><E131/><V14/><F92/><W43/><G43/><T18/><D57/><U6/><E6/><V42/><F42/><W4/><G73/><T82/><D48/><U56/><E134/><V95/><F95/><W106/><G58/><T109/><D109/><U67/><E103/><V9/><F53/><W0/><G0/><T122/><D122/><U10/><E10/><V74/><F74/><W129/><G4/><T61/><D76/><U79/><E46/><V110/><F110/><W31/><G111/><T77/><D77/><U101/><E101/><V127/><F127/><W105/><G105/><T49/><D49/><U126/><E126/><V94/><F94/><W102/><G102/><T29/><D29/><U88/><E79/><N who="2" m="46335" /><F115/><W87/><G124/><T96/><D15/><U35/><E35/><V2/><F2/><W11/><G12/><T8/><AGARI ba="0,0" hai="8,13,18,24,30,32,61,66,69,81,82,96,100,104" machi="8" ten="20,8000,1" yaku="0,1,7,1,25,2,52,1" doraHai="23" who="0" fromWho="0" sc="250,80,250,-40,240,-20,260,-20" /><INIT seed="2,0,0,1,0,73" ten="330,210,220,240" oya="2" hai0="76,67,57,129,90,72,53,101,27,85,106,8,40" hai1="62,15,98,112,111,10,44,94,14,100,115,89,38" hai2="29,43,64,68,113,18,84,6,46,121,122,78,17" hai3="21,50,96,125,39,97,49,116,81,16,51,63,93"/><V9/><F113/><W22/><G39/><T61/><D129/><U56/><E111/><V109/><F29/><W107/><G125/><T2/><D40/><U28/><E28/><V126/><F126/><W114/><G114/><T31/><D101/><U92/><E38/><V55/><F55/><W86/><G116/><T83/><D106/><U59/><E44/><V120/><F109/><W71/><G107/><T32/><D8/><U42/><E42/><V88/><F64/><W128/><G128/><T127/><D2/><U118/><E59/><V117/><F68/><W23/><G63/><T130/><D130/><U69/><E15/><V1/><F78/><N who="3" m="46391" /><G71/><T60/><D127/><U37/><E37/><V58/><F58/><W135/><G96/><T34/><D34/><U105/><E105/><V11/><F11/><W12/><G135/><T33/><D33/><U20/><E20/><V13/><F1/><W99/><G99/><T119/><D119/><U104/><E104/><V87/><F87/><W5/><G5/><T30/><D30/><U4/><E69/><V132/><F132/><W134/><G134/><T75/><D90/><AGARI ba="0,0" hai="12,16,21,22,23,49,50,51,90,93,97" m="46391" machi="90" ten="30,3900,0" yaku="8,1,52,1,54,1" doraHai="73" who="3" fromWho="0" sc="330,-39,210,0,220,0,240,39" /><INIT seed="3,0,0,2,2,108" ten="291,210,220,279" oya="3" hai0="6,74,20,107,11,73,111,63,58,50,43,69,93" hai1="3,97,127,48,54,24,0,133,131,126,44,135,81" hai2="59,49,66,29,19,92,96,53,9,116,134,27,119" hai3="5,56,90,82,57,79,10,28,40,117,33,42,65"/><W13/><G117/><T34/><D107/><U123/><E123/><V118/><F134/><N who="1" m="51209" /><E97/><V78/><F78/><W67/><G33/><T32/><D111/><U1/><E24/><V71/><F71/><W25/><G56/><T91/><D74/><U30/><E30/><V109/><F66/><W2/><G2/><T45/><D73/><U64/><E64/><V121/><F109/><W95/><G65/><T114/><D20/><U86/><E131/><V14/><F121/><W15/><G15/><T128/><D69/><U38/><E38/><V31/><REACH who="2" step="1"/><F27/><REACH who="2" ten="291,210,210,279" step="2"/><W77/><G77/><AGARI ba="0,1" hai="0,1,3,44,48,54,77,81,86,126,127" m="51209" machi="77" ten="40,1300,0" yaku="20,1" doraHai="108" who="1" fromWho="3" sc="291,0,210,23,210,0,279,-13" /><INIT seed="4,0,0,5,4,30" ten="291,233,210,266" oya="0" hai0="123,68,115,73,72,63,81,66,31,65,67,113,26" hai1="48,111,14,15,70,52,22,40,50,100,71,6,74" hai2="99,93,89,54,135,47,79,24,8,124,78,120,35" hai3="16,42,38,5,0,119,1,101,128,2,69,95,122"/><T20/><D123/><U10/><E74/><V28/><F120/><W92/><G69/><T102/><D102/><U112/><E111/><V33/><F124/><W85/><G119/><T53/><D68/><U39/><E39/><V109/><F109/><W118/><G118/><T44/><D44/><N who="1" m="25607" /><E71/><V21/><F8/><W58/><G5/><T46/><D46/><N who="1" m="27735" /><E70/><V9/><F9/><W27/><G2/><T98/><D98/><U84/><E112/><N who="0" m="43081" /><D81/><U96/><E84/><V117/><F117/><W82/><G1/><T7/><D7/><U13/><E22/><V97/><F97/><W77/><G0/><T126/><D126/><U134/><E134/><V86/><F135/><W45/><G122/><T88/><D88/><U59/><E59/><AGARI ba="0,0" hai="20,26,31,53,59,63,65,66,67,72,73" m="43081" machi="59" ten="30,1500,0" yaku="15,1" doraHai="30" who="0" fromWho="1" sc="291,15,233,-15,210,0,266,0" /><INIT seed="4,1,0,3,2,45" ten="306,218,210,266" oya="0" hai0="34,99,33,12,64,115,46,13,87,67,70,122,17" hai1="103,112,78,120,97,73,41,127,124,83,79,32,54" hai2="26,125,24,135,60,84,68,100,48,21,10,69,133" hai3="36,52,0,119,25,56,4,91,11,121,98,131,128"/><T126/><D122/><U62/><E32/><V132/><F125/><N who="1" m="48201" /><E120/><V14/><F100/><W29/><G36/><T74/><D74/><U30/><E30/><V53/><F84/><W57/><G121/><T18/><D126/><U71/><E41/><V96/><F96/><W3/><G3/><T47/><D87/><U15/><E79/><V5/><F60/><W75/><G75/><T50/><D99/><U85/><E15/><V77/><F77/><W28/><G57/><T108/><D70/><N who="2" m="27242" /><F21/><W76/><G76/><T9/><D9/><U2/><E2/><V43/><F43/><W1/><G1/><T89/><D89/><U39/><E39/><V61/><F61/><W114/><G91/><T31/><D31/><U92/><E54/><V51/><F53/><W95/><G52/><T72/><D72/><U40/><E40/><V110/><F110/><W22/><G29/><T55/><D55/><U7/><E7/><V130/><F130/><W16/><G28/><T65/><D65/><N who="1" m="41399" /><E73/><V35/><F35/><W104/><G128/><T123/><D123/><U63/><E63/><V109/><F109/><W90/><G131/><T80/><D108/><U6/><E6/><V23/><F23/><W49/><G4/><T94/><D67/><U101/><E101/><V113/><F113/><AGARI ba="1,0" hai="78,83,85,92,97,103,112,113" m="41399,48201" machi="113" ten="30,1000,0" yaku="18,1" doraHai="45" who="1" fromWho="2" sc="306,0,218,13,210,-13,266,0" /><INIT seed="5,0,0,0,1,78" ten="306,231,197,266" oya="1" hai0="16,11,119,57,62,101,85,36,120,97,51,113,86" hai1="90,13,75,95,5,83,130,126,28,37,59,22,58" hai2="46,44,102,74,114,60,32,53,116,14,47,64,118" hai3="55,6,23,54,82,30,24,115,68,31,73,4,87"/><U71/><E71/><V33/><F102/><W40/><G73/><T20/><D36/><U67/><E37/><V63/><F14/><W89/><G68/><T26/><D113/><U21/><E126/><V12/><F12/><W108/><G108/><T132/><D132/><U17/><E130/><V80/><F114/><W91/><G40/><T10/><D51/><U65/><E5/><N who="3" m="2154" /><G115/><T106/><D119/><U88/><E28/><N who="3" m="10794" /><G91/><T38/><D38/><U66/><E22/><V105/><F105/><W122/><G122/><T25/><D25/><U2/><E2/><V121/><F121/><W112/><G112/><T72/><D120/><U135/><E135/><V18/><F18/><AGARI ba="0,0" hai="18,23,24,54,55,82,87,89" m="10794,2154" machi="18" ten="30,2000,0" yaku="8,1,52,1" doraHai="78" who="3" fromWho="2" sc="306,0,231,0,197,-20,266,20" /><INIT seed="6,0,0,5,3,43" ten="306,231,177,286" oya="2" hai0="83,51,126,99,24,8,125,16,47,61,101,60,33" hai1="3,35,6,111,22,74,18,28,82,14,52,88,75" hai2="54,58,15,50,81,40,34,42,84,57,37,93,10" hai3="112,7,38,97,27,104,4,32,64,73,26,0,120"/><V69/><F69/><W133/><G64/><T17/><D83/><U135/><E111/><V118/><F118/><W19/><G73/><T131/><D131/><U29/><E135/><V129/><F129/><W49/><G38/><T109/><D109/><U21/><E29/><V103/><F34/><W90/><G0/><T31/><D61/><U9/><E22/><V41/><F58/><W67/><G67/><T127/><D60/><U72/><E52/><V121/><F121/><W116/><G19/><T23/><D8/><U105/><E105/><V117/><F117/><W12/><G12/><T56/><D56/><U124/><E124/><V113/><F113/><W2/><G2/><T108/><D33/><U132/><E132/><V128/><F128/><W44/><G32/><T20/><D20/><U98/><E98/><V106/><F106/><W48/><G97/><T95/><D108/><U102/><E102/><V91/><F37/><W70/><G104/><T65/><D65/><U92/><E92/><V5/><REACH who="2" step="1"/><F103/><REACH who="2" ten="306,231,167,286" step="2"/><W85/><G70/><T87/><D126/><U66/><E66/><V89/><F89/><W36/><G90/><T94/><D127/><U1/><E88/><V86/><F86/><W11/><G85/><T46/><D125/><U130/><E130/><V53/><F53/><W122/><G36/><T13/><D87/><U110/><E110/><V77/><F77/><W71/><G71/><T134/><D101/><U62/><E75/><V115/><F115/><W119/><G112/><T114/><D114/><U55/><E74/><V68/><F68/><W63/><G119/><RYUUKYOKU ba="0,1" sc="306,-10,231,-10,167,30,286,-10" hai2="5,10,15,40,41,42,50,54,57,81,84,91,93" /><INIT seed="6,1,1,5,0,71" ten="296,221,197,276" oya="2" hai0="66,46,58,127,126,69,63,73,123,108,132,21,96" hai1="129,0,107,35,38,1,122,94,30,57,25,56,55" hai2="39,54,9,34,102,43,133,82,121,44,83,101,106" hai3="91,11,42,52,32,5,100,53,23,74,15,99,70"/><V17/><F121/><W60/><G32/><T89/><D73/><U114/><E107/><V65/><F65/><W22/><G74/><T29/><D108/><U97/><E38/><V75/><F34/><W37/><G37/><T113/><D123/><U36/><E36/><V2/><F133/><W61/><G42/><T118/><D46/><U87/><E122/><V33/><F33/><W20/><G100/><T18/><D29/><U119/><E119/><V51/><F106/><W26/><G26/><T84/><D96/><U49/><E114/><V28/><F28/><W105/><G105/><T131/><D113/><U48/><E87/><V41/><F41/><W85/><G99/><T7/><D7/><U93/><E129/><V128/><F128/><W98/><G98/><T110/><D110/><U6/><E6/><N who="2" m="1239" /><F17/><W116/><G116/><T117/><D132/><U16/><E16/><V3/><F83/><N who="3" m="49599" /><G70/><T12/><D69/><U24/><E24/><V68/><F3/><W77/><G77/><T50/><D131/><U125/><E94/><V103/><F68/><W81/><G81/><N who="0" m="49295" /><D117/><U27/><E27/><V47/><F103/><W40/><G40/><T135/><D118/><U64/><E1/><V67/><F67/><W78/><G78/><AGARI ba="1,1" hai="39,43,44,47,51,54,75,78,82,101,102" m="1239" machi="78" ten="30,2900,0" yaku="25,1,52,1" doraHai="71" who="2" fromWho="3" sc="296,0,221,0,197,42,276,-32" /><INIT seed="6,2,0,1,3,86" ten="296,221,239,244" oya="2" hai0="54,29,120,3,46,16,124,93,97,45,135,48,37" hai1="20,9,66,61,23,13,80,52,72,4,108,60,119" hai2="128,104,55,78,58,10,109,56,25,6,75,36,133" hai3="67,63,98,32,12,39,35,114,65,96,7,17,103"/><V112/><F109/><W68/><G65/><T132/><D3/><U91/><E108/><V15/><F128/><W95/><G39/><T102/><D29/><U131/><E119/><V79/><F133/><N who="0" m="51274" /><D124/><U50/><E131/><V24/><F112/><W2/><G114/><T69/><D69/><U84/><E72/><V87/><F36/><W19/><G19/><T89/><D120/><U126/><E126/><V106/><F75/><W47/><G47/><N who="0" m="27935" /><D37/><U53/><E53/><V62/><F104/><W111/><G111/><T92/><D16/><U40/><E40/><V88/><F106/><W107/><G7/><T26/><D26/><N who="2" m="10346" /><F58/><W122/><G2/><T70/><D70/><U94/><E61/><V22/><F22/><W73/><G73/><T28/><D28/><U18/><E60/><V31/><F31/><W11/><G122/><T5/><D5/><U116/><E66/><V59/><F59/><W99/><G99/><AGARI ba="2,0" hai="45,46,89,92,93,97,99,102" m="27935,51274" machi="99" ten="30,2000,0" yaku="20,1,52,1" doraHai="86" who="0" fromWho="3" sc="296,26,221,0,239,0,244,-26" /><INIT seed="7,0,0,5,3,119" ten="322,221,239,218" oya="3" hai0="113,79,123,28,61,101,40,41,86,3,27,97,14" hai1="76,109,74,30,90,100,46,68,59,21,80,42,130" hai2="50,34,9,111,94,60,22,82,91,110,13,6,124" hai3="89,10,116,120,107,135,19,106,105,132,66,54,126"/><W39/><G116/><T2/><D123/><U26/><E68/><V55/><F34/><W115/><G115/><T8/><D41/><U18/><E109/><V121/><F124/><W78/><G78/><T67/><D86/><U24/><E130/><V58/><F82/><W71/><G126/><T0/><D40/><U70/><E70/><V52/><F22/><W36/><G120/><T20/><D79/><U69/><E69/><V49/><F60/><N who="3" m="40391" /><G54/><T117/><D117/><U38/><E100/><V45/><F121/><W122/><G122/><T29/><D29/><U31/><E59/><V72/><F72/><W128/><G89/><T15/><D8/><U32/><E90/><V108/><F108/><W11/><G128/><T114/><D114/><U12/><E26/><V56/><F45/><W65/><G65/><T73/><D73/><U16/><E18/><V118/><F118/><W23/><G11/><T129/><D129/><U98/><E31/><V47/><F47/><W104/><N who="3" m="26624" /><DORA hai="35" /><W33/><G33/><T81/><D113/><U1/><E98/><AGARI ba="0,0" hai="6,9,13,49,50,52,55,56,58,91,94,98,110,111" machi="98" ten="30,3900,0" yaku="7,1,9,1,54,1" doraHai="119,35" who="2" fromWho="1" sc="322,0,221,-39,239,39,218,0" owari="322,42.0,182,-32.0,278,8.0,218,-18.0" /></mjloggm>