<mjloggm ver="2.3"><GO type="225" lobby="0"/><UN n0="%E3%81%BF%E3%81%BF%E3%81%9A" n1="%E3%82%A6%E3%83%AB%E3%83%88%E3%83%A9%E7%AB%8B%E7%9B%B4" n2="%E3%81%AE%E3%81%86%E3%81%AA%E3%82%81%E3%82%8D%E3%82%93" n3="%E3%81%A9%E3%82%93%E3%82%88%E3%81%8F%4D%6B%2E%32" dan="17,17,16,16" rate="2218.67,2192.65,2073.55,2134.76" sx="M,M,M,M"/><TAIKYOKU oya="0"/><INIT seed="0,0,0,1,2,53" ten="250,250,250,250" oya="0" hai0="93,55,111,108,100,82,121,4,120,95,47,36,35" hai1="110,14,18,39,43,119,13,103,74,41,7,59,84" hai2="71,68,57,56,1,22,109,125,97,51,67,88,24" hai3="34,73,78,116,8,94,114,115,20,132,40,0,89"/><T63/><D35/><U128/><E74/><V61/><F1/><W70/><G70/><T102/><D4/><U25/><E119/><V28/><F109/><N who="0" m="42058" /><D82/><U31/><E39/><V12/><F125/><W107/><G107/><T66/><D55/><U85/><E128/><V45/><F68/><W122/><G116/><T60/><D47/><U135/><E135/><V134/><F134/><W124/><G124/><T42/><D42/><U21/><E7/><V6/><F6/><W16/><G40/><T123/><D36/><U15/><E110/><V2/><F2/><W17/><G0/><T90/><D60/><U19/><E43/><V9/><F9/><W72/><G8/><T92/><D90/><U99/><E41/><V50/><F45/><W133/><G34/><T104/><D104/><U33/><E33/><V44/><F44/><W101/><G89/><T54/><D54/><U3/><E3/><V126/><F126/><W98/><G132/><T46/><D46/><U118/><E118/><V26/><F88/><W131/><G133/><T96/><D96/><U105/><E99/><V11/><F97/><W52/><G52/><T117/><D117/><U86/><E105/><V65/><F61/><W113/><G98/><T75/><D75/><U77/><E77/><V10/><F12/><W81/><G78/><T27/><D27/><U130/><E130/><V79/><F79/><W129/><G72/><T69/><AGARI ba="0,0" hai="63,66,69,92,93,95,100,102,120,121,123" m="42058" machi="69" ten="40,3900,0" yaku="14,1,10,1" doraHai="53" who="0" fromWho="0" sc="250,39,250,-13,250,-13,250,-13" /><INIT seed="0,1,0,3,2,52" ten="289,237,237,237" oya="0" hai0="127,6,123,77,78,14,16,114,135,115,67,133,36" hai1="15,10,86,9,30,76,94,74,75,117,106,41,93" hai2="40,101,82,96,91,110,18,25,62,120,29,63,28" hai3="38,31,5,126,109,97,20,43,17,19,124,125,68"/><T44/><D123/><U85/><E30/><V12/><F120/><W79/><G68/><T61/><D6/><U45/><E106/><V104/><F110/><W64/><G64/><T55/><D127/><U88/><E117/><V66/><F40/><W8/><G109/><T83/><D55/><U131/><E131/><V26/><F91/><W2/><G79/><T130/><D44/><U53/><E53/><V56/><F82/><W134/><G43/><T111/><D36/><U119/><E119/><V3/><F3/><W84/><G38/><T69/><D111/><U100/><E10/><V48/><F48/><W87/><G97/><T0/><D0/><U129/><E129/><V95/><F104/><W7/><G134/><N who="0" m="51211" /><D130/><U71/><E71/><V33/><F63/><W42/><G42/><T22/><D78/><U70/><E45/><V49/><F49/><W89/><G7/><T35/><D35/><U21/><E41/><V51/><F51/><W4/><G4/><T39/><D39/><U58/><E76/><V132/><F132/><W80/><REACH who="3" step="1"/><G87/><AGARI ba="1,0" hai="14,16,22,61,67,69,77,83,87,114,115" m="51211" machi="87" ten="30,2900,0" yaku="20,1,54,1" doraHai="52" who="0" fromWho="3" sc="289,32,237,0,237,0,237,-32" /><INIT seed="0,2,0,0,2,41" ten="321,237,237,205" oya="0" hai0="20,92,82,19,84,43,0,5,76,83,48,18,106" hai1="101,23,117,109,50,85,88,9,134,53,121,75,103" hai2="7,56,65,3,54,6,39,69,49,96,89,63,72" hai3="10,102,51,119,78,135,58,132,26,127,115,98,79"/><T86/><D106/><U99/><E75/><V126/><F72/><W97/><G115/><T44/><D0/><U81/><E117/><V91/><F126/><W22/><G119/><T21/><D5/><U46/><E121/><V55/><F3/><W8/><G127/><T45/><D92/><N who="1" m="56711" /><E109/><V12/><F39/><W73/><G73/><T116/><D116/><U27/><E9/><V34/><F34/><W113/><G113/><T93/><D93/><U52/><E53/><V62/><F96/><W37/><G37/><T24/><D45/><U124/><E124/><V1/><F1/><W61/><G51/><T32/><D32/><U133/><E134/><N who="3" m="51242" /><G8/><T38/><D38/><U30/><E133/><V108/><F108/><W120/><G10/><T130/><D130/><U128/><E128/><V66/><F7/><W2/><G2/><T112/><D112/><U71/><E71/><V123/><F6/><W95/><G98/><T77/><D21/><U17/><E17/><AGARI ba="2,0" hai="17,18,19,20,24,43,44,48,76,77,82,83,84,86" machi="17" ten="30,11600,0" yaku="7,1,9,1,8,1,52,1" doraHai="41" who="0" fromWho="1" sc="321,122,237,-122,237,0,205,0" /><INIT seed="0,3,0,3,3,35" ten="443,115,237,205" oya="0" hai0="52,89,83,98,44,117,68,20,74,53,18,80,120" hai1="16,76,23,60,128,66,100,82,84,13,78,57,25" hai2="90,1,34,0,32,114,121,9,134,10,103,108,2" hai3="77,49,24,135,124,112,67,5,102,123,59,105,70"/><T36/><D117/><U122/><E122/><V31/><F90/><W72/><G112/><T92/><D68/><U7/><E128/><V21/><F103/><W17/><G123/><T46/><D120/><U64/><E100/><V107/><F107/><W101/><G105/><T12/><D36/><U115/><E115/><V131/><F121/><W55/><G124/><T63/><D74/><U71/><E71/><V110/><F114/><W45/><G135/><T40/><D40/><U28/><E7/><V133/><F131/><W81/><G5/><T42/><D42/><U97/><E97/><V106/><F106/><W61/><G17/><T6/><D6/><U56/><E56/><V104/><F104/><W118/><G118/><T85/><D63/><U88/><REACH who="1" step="1"/><E66/><REACH who="1" ten="443,105,237,205" step="2"/><V30/><F0/><W3/><G3/><T29/><D29/><U125/><E125/><V11/><F11/><AGARI ba="3,1" hai="11,13,16,23,25,28,57,60,64,76,78,82,84,88" machi="11" ten="30,12000,2" yaku="1,1,7,1,8,1,54,2,53,1" doraHai="35" doraHaiUra="58" who="1" fromWho="2" sc="443,0,105,139,237,-129,205,0" /><INIT seed="1,0,0,2,4,98" ten="443,244,108,205" oya="1" hai0="127,24,14,86,123,125,93,78,114,45,33,11,96" hai1="8,51,122,32,108,89,118,1,9,111,116,67,2" hai2="7,4,88,49,46,99,72,134,16,70,120,97,84" hai3="38,132,21,19,80,77,102,20,106,48,5,95,90"/><U101/><E67/><V42/><F120/><W64/><G38/><T30/><D114/><U41/><E89/><V68/><F72/><W55/><G132/><T135/><D135/><U50/><E41/><V44/><F134/><W58/><G5/><T113/><D113/><U124/><E32/><V107/><F68/><W79/><G64/><T17/><D123/><U126/><E122/><V27/><F70/><W3/><G3/><T119/><D119/><U34/><E34/><V87/><F44/><W59/><G59/><T60/><D60/><U37/><E37/><V75/><F75/><W133/><G133/><T117/><D117/><U115/><E115/><V94/><F84/><W28/><G28/><T47/><D86/><U26/><E26/><V112/><F112/><W109/><G109/><T83/><D83/><U35/><E35/><V43/><F43/><W13/><G21/><T121/><D78/><U22/><E22/><N who="2" m="13767" /><F107/><W74/><G79/><T76/><D76/><U82/><E82/><N who="2" m="49271" /><F99/><W18/><G106/><T92/><D121/><U12/><E12/><V61/><F61/><W57/><G57/><T29/><D33/><U85/><E85/><V104/><F104/><W31/><G74/><T40/><D24/><U39/><E39/><V0/><F0/><W130/><G77/><T69/><D69/><U65/><E118/><V110/><F110/><W129/><G80/><T91/><D40/><U71/><E116/><V53/><F42/><W36/><G58/><T6/><D96/><U105/><E71/><V10/><F10/><W131/><G131/><T25/><D11/><RYUUKYOKU ba="0,0" sc="443,-10,244,-10,108,30,205,-10" hai2="4,7,46,49,53,94,97" /><INIT seed="2,1,0,0,4,69" ten="433,234,138,195" oya="2" hai0="15,86,59,107,122,73,30,126,114,45,31,100,115" hai1="131,125,46,56,127,24,64,74,78,26,106,39,12" hai2="28,5,38,4,66,11,19,35,25,84,51,55,109" hai3="54,1,108,87,34,117,21,76,112,89,23,29,102"/><V113/><F113/><W79/><G117/><T44/><D122/><U13/><E106/><V83/><F109/><W0/><G112/><T110/><D73/><U60/><E131/><V63/><F38/><W75/><G108/><T37/><D59/><U104/><E104/><V8/><F8/><W43/><G102/><T14/><D86/><U81/><E13/><V85/><F19/><W129/><G129/><T49/><D49/><U67/><E67/><V61/><F4/><W9/><G43/><T90/><D90/><U17/><E46/><V121/><F121/><W116/><G116/><T133/><D100/><U95/><E95/><V27/><F27/><W62/><G75/><T135/><D107/><U57/><E57/><V88/><F84/><W10/><G34/><T48/><D48/><U77/><E77/><V53/><F66/><W41/><G41/><T2/><D110/><U134/><E39/><V71/><F71/><W50/><G62/><T58/><D58/><U7/><E7/><V101/><F101/><W22/><G29/><T20/><D37/><U94/><E134/><V119/><F119/><W111/><G111/><T36/><D36/><U16/><E17/><V82/><F82/><N who="3" m="49399" /><G0/><T3/><D20/><N who="1" m="11271" /><E94/><V123/><F123/><W103/><G103/><T98/><D98/><U128/><E128/><V47/><REACH who="2" step="1"/><F55/><REACH who="2" ten="433,234,128,195" step="2"/><W91/><G9/><T105/><D114/><U70/><E70/><V97/><F97/><W6/><G91/><T92/><D115/><U118/><E118/><V42/><F42/><W65/><G65/><T52/><D52/><U93/><E93/><RYUUKYOKU ba="1,1" sc="433,-30,234,10,128,10,195,10" hai1="24,26,56,60,64,74,78,81,125,127" hai2="5,11,25,28,35,47,51,53,61,63,83,85,88" hai3="1,6,10,21,22,23,50,54,76,79" /><INIT seed="2,2,1,1,2,83" ten="403,244,138,205" oya="2" hai0="128,59,21,134,32,57,46,48,19,2,61,47,37" hai1="86,98,132,78,129,70,55,65,49,94,44,71,92" hai2="23,28,56,41,106,24,101,0,13,64,16,34,9" hai3="4,91,45,95,22,8,58,96,117,31,40,118,127"/><V29/><F41/><W102/><G127/><T36/><D32/><U79/><E65/><V1/><F29/><W116/><G58/><T81/><D2/><U121/><E129/><V26/><F106/><W82/><G82/><T10/><D10/><U88/><E132/><V69/><F69/><W38/><G22/><T25/><D128/><U108/><E108/><V54/><F101/><W20/><G20/><T125/><D125/><U120/><E78/><V112/><F64/><W18/><G18/><T99/><D134/><U126/><E126/><V68/><F68/><W104/><G31/><T11/><D11/><U110/><E110/><V123/><F112/><W85/><REACH who="3" step="1"/><G117/><REACH who="3" ten="403,244,138,195" step="2"/><T87/><D59/><U100/><E79/><V73/><F73/><W109/><G109/><T75/><D57/><U63/><E63/><V74/><F74/><W84/><G84/><T89/><D61/><U97/><E86/><V90/><F123/><AGARI ba="2,2" hai="44,49,55,70,71,88,92,94,97,98,100,120,121,123" machi="123" ten="40,2600,0" yaku="13,1,54,1" doraHai="83" who="1" fromWho="2" sc="403,0,244,52,138,-32,195,0" /><INIT seed="3,0,0,1,3,123" ten="403,296,106,195" oya="3" hai0="112,29,67,71,54,47,105,44,122,43,107,106,59" hai1="96,50,40,27,21,83,115,38,32,109,53,114,66" hai2="41,77,116,52,90,28,118,69,48,97,108,24,93" hai3="58,128,65,30,61,57,80,113,8,4,134,99,45"/><W60/><G113/><T79/><D122/><U82/><E32/><V130/><F130/><W89/><G134/><T12/><D79/><U6/><E6/><V15/><F69/><W42/><G128/><T85/><D85/><U125/><E66/><V19/><F41/><W46/><G30/><T70/><D29/><U72/><E40/><V92/><F77/><W104/><G104/><T101/><D101/><U26/><E38/><V129/><F129/><W49/><G46/><T18/><D67/><U23/><E96/><V76/><F76/><W124/><G124/><T87/><D87/><U75/><E50/><V55/><F93/><W135/><G135/><T14/><D112/><U102/><E53/><V78/><F78/><W11/><G4/><T36/><D47/><U91/><E91/><V119/><F48/><W35/><G35/><T81/><D81/><U121/><E102/><V37/><F37/><W133/><G133/><T62/><REACH who="0" step="1"/><D12/><REACH who="0" ten="393,296,106,195" step="2"/><U34/><E34/><V33/><REACH who="2" step="1"/><F108/><REACH who="2" ten="393,296,96,195" step="2"/><W39/><G39/><T13/><D13/><U0/><E0/><V84/><F84/><N who="3" m="50311" /><G99/><T1/><D1/><U95/><E109/><V64/><F64/><AGARI ba="0,2" hai="8,11,42,45,49,57,58,60,61,64,65" m="50311" machi="64" ten="30,1500,0" yaku="8,1" doraHai="123" who="3" fromWho="2" sc="393,0,296,0,96,-15,195,35" /><INIT seed="3,1,0,5,1,0" ten="393,296,81,230" oya="3" hai0="61,7,24,119,77,42,113,39,14,65,129,11,66" hai1="97,117,47,18,72,32,115,28,1,92,52,98,116" hai2="121,68,123,67,56,122,9,74,12,70,45,132,57" hai3="78,51,43,50,108,35,76,111,2,21,55,91,62"/><W15/><G35/><T4/><D113/><U58/><E115/><V75/><F12/><W131/><G2/><T134/><D119/><N who="1" m="45643" /><E72/><V107/><F9/><W120/><G120/><T59/><D129/><U49/><E1/><V19/><F19/><N who="3" m="10495" /><G131/><T23/><D7/><U73/><E73/><V54/><F107/><W30/><G30/><T22/><D77/><U3/><E3/><V79/><F79/><W31/><G31/><T34/><D134/><U53/><E18/><V37/><F74/><W40/><G62/><T84/><D84/><U109/><E109/><N who="3" m="42058" /><G91/><T33/><D65/><U99/><E28/><V105/><F75/><W83/><G83/><T100/><D23/><U87/><E32/><V93/><F105/><W20/><G20/><T126/><D126/><U25/><E25/><V5/><F93/><W63/><G63/><T16/><D34/><U128/><E128/><V125/><F125/><W48/><G55/><T102/><REACH who="0" step="1"/><D33/><REACH who="0" ten="383,296,81,230" step="2"/><U60/><E92/><V17/><F132/><W29/><G29/><T103/><D103/><U46/><E46/><AGARI ba="1,1" hai="4,11,14,16,22,24,39,42,46,59,61,66,100,102" machi="46" ten="40,8000,1" yaku="1,1,52,1,54,1,53,1" doraHai="0" doraHaiUra="69" who="0" fromWho="1" sc="383,93,296,-83,81,0,230,0" owari="476,58.0,213,-19.0,81,-42.0,230,3.0" /></mjloggm>