<mjloggm ver="2.3"><GO type="169" lobby="0"/><UN n0="%E5%B0%B1%E6%B4%BB%E7%94%9F%40%E5%B7%9D%E6%9D%91%E8%BB%8D%E5%9B%A3" n1="%E6%8C%AF%E8%BE%BC%E5%A4%AA%E9%99%BD" n2="%73%69%6E%73%69%73%74" n3="%E3%81%BF%E3%81%8B%E3%82%93%EF%BC%A0%E3%82%8F%E3%81%8B%E3%82%81%E3%81%A6" dan="17,17,16,17" rate="2238.40,2171.14,2083.88,2241.76" sx="M,M,M,M"/><TAIKYOKU oya="0"/><INIT seed="0,0,0,0,0,129" ten="250,250,250,250" oya="0" hai0="57,65,66,12,73,56,51,10,9,47,42,6,69" hai1="61,67,5,105,104,15,38,92,4,126,36,81,63" hai2="27,16,21,75,40,83,116,45,99,131,135,117,3" hai3="26,35,133,113,77,130,82,72,102,59,14,44,80"/><T31/><D73/><U48/><E92/><V134/><F131/><W86/><G113/><T34/><D69/><U97/><E48/><N who="2" m="26663" /><F3/><W30/><G130/><T111/><D111/><U94/><E94/><V85/><F99/><W11/><G102/><T52/><D57/><U132/><E15/><V37/><F37/><W39/><G59/><T62/><D31/><U127/><E81/><V98/><F98/><W108/><G108/><T106/><D106/><U55/><E97/><V20/><F20/><W1/><G14/><T17/><REACH who="0" step="1"/><D34/><REACH who="0" ten="240,250,250,250" step="2"/><U101/><E104/><V114/><F75/><W121/><G72/><T18/><D18/><U8/><E105/><V122/><F114/><W68/><G68/><T46/><D46/><U32/><E32/><V88/><F122/><W87/><G35/><T118/><D118/><AGARI ba="0,1" hai="16,21,27,83,85,88,116,117,118,134,135" m="26663" machi="118" ten="30,8000,1" yaku="12,1,52,2,54,2" doraHai="129" who="2" fromWho="0" sc="240,-80,250,0,250,90,250,0" /><INIT seed="1,0,0,0,4,69" ten="160,250,340,250" oya="1" hai0="126,13,130,5,60,99,88,19,11,45,24,59,81" hai1="96,109,135,0,105,54,124,75,49,127,120,48,27" hai2="17,7,112,86,97,79,87,101,119,90,40,52,80" hai3="55,30,108,122,22,116,83,131,6,110,85,132,57"/><U41/><E75/><V3/><F119/><W25/><G122/><T58/><D130/><U36/><E0/><V42/><F112/><W47/><G131/><T38/><D126/><N who="1" m="48171" /><E120/><V133/><F133/><W68/><G68/><T35/><D60/><U106/><E135/><V117/><F117/><W103/><G116/><T34/><D34/><U37/><E109/><N who="3" m="42090" /><G132/><T18/><D18/><U43/><E27/><V21/><F7/><W64/><G103/><T8/><D35/><U72/><E72/><V129/><F3/><W123/><G123/><T128/><D128/><U94/><E49/><V63/><F129/><W115/><G6/><T23/><D11/><U92/><E92/><N who="2" m="56471" /><F87/><W32/><G64/><T91/><D99/><U102/><E105/><V9/><F9/><W61/><G47/><T46/><D46/><N who="1" m="27927" /><E106/><V104/><F101/><W51/><G115/><T26/><D26/><U67/><E67/><V62/><F104/><W118/><G118/><T74/><D74/><U20/><E20/><V39/><F62/><W15/><G61/><T82/><D82/><U53/><E53/><V1/><F1/><W2/><G2/><T28/><D28/><U50/><E50/><V65/><F65/><W134/><G134/><T29/><D29/><U12/><E12/><N who="2" m="9383" /><F52/><W113/><G113/><T121/><D121/><U10/><E10/><V73/><F63/><W100/><G15/><T4/><D4/><U14/><E14/><V56/><F73/><W71/><G32/><T125/><D125/><U95/><E95/><V93/><F93/><W77/><G71/><T84/><D91/><RYUUKYOKU ba="0,0" sc="160,10,250,10,340,-30,250,10" hai0="5,8,13,19,23,24,38,45,58,59,81,84,88" hai1="36,37,41,43,94,96,102" hai3="22,25,30,51,55,57,77,83,85,100" /><INIT seed="1,1,0,4,3,124" ten="170,260,310,260" oya="1" hai0="28,43,92,116,6,47,53,122,112,96,4,121,34" hai1="130,48,68,103,74,62,1,106,85,114,7,51,111" hai2="115,87,57,131,102,81,42,118,129,45,24,61,17" hai3="94,11,0,100,23,65,79,60,86,80,128,36,78"/><U109/><E74/><V133/><F118/><W39/><G78/><T90/><D116/><U97/><E114/><V73/><F73/><W15/><G0/><T10/><D112/><U84/><E7/><V38/><F115/><W66/><G23/><T64/><D64/><N who="1" m="40983" /><E1/><V93/><F133/><W12/><G12/><T27/><D53/><U25/><E25/><V113/><F113/><W33/><G33/><T67/><D67/><U69/><E69/><V56/><F17/><W82/><G82/><T22/><D34/><U30/><E30/><V108/><F24/><W107/><G107/><T44/><D44/><U83/><E85/><V76/><F108/><N who="1" m="41545" /><E130/><N who="2" m="49675" /><F61/><W132/><G128/><T95/><D6/><U105/><E106/><V72/><F72/><W3/><G132/><T70/><D4/><U20/><E20/><V110/><F110/><W8/><G60/><T127/><D10/><U19/><E19/><V125/><F125/><W55/><G11/><T119/><D127/><U77/><AGARI ba="1,0" hai="48,51,77,83,84,97,103,105" m="41545,40983" machi="77" ten="30,3000,0" yaku="14,1,10,1" doraHai="124" who="1" fromWho="1" sc="170,-11,260,33,310,-11,260,-11" /><INIT seed="1,2,0,0,1,74" ten="159,293,299,249" oya="1" hai0="63,82,54,78,36,18,107,31,4,53,2,13,12" hai1="46,119,32,52,122,64,42,3,98,121,47,134,89" hai2="26,67,62,19,126,5,50,79,30,37,115,27,73" hai3="81,80,87,49,0,22,69,57,39,104,101,128,29"/><U72/><E3/><V48/><F37/><W113/><G113/><T45/><D107/><U120/><E32/><V110/><F115/><W17/><G0/><T60/><D31/><U102/><E72/><V95/><F126/><W44/><G69/><T105/><D105/><U108/><E89/><V131/><F131/><W118/><G128/><T90/><D90/><U14/><E14/><V55/><F110/><W11/><G118/><T83/><D83/><U20/><E20/><V61/><F5/><W16/><G39/><T112/><D112/><U28/><E98/><V94/><F73/><W1/><G29/><T86/><D2/><U77/><E102/><V23/><F30/><W21/><G57/><T38/><D38/><N who="1" m="21847" /><E77/><V70/><F27/><W114/><G114/><T41/><D4/><U35/><E35/><V71/><F79/><N who="3" m="46495" /><G1/><T56/><D18/><N who="3" m="7273" /><G81/><T111/><D111/><U43/><E28/><V129/><F129/><W75/><G75/><T51/><D36/><N who="1" m="21991" /><E108/><V97/><F70/><W132/><G11/><T100/><D100/><U24/><E119/><V8/><F8/><W96/><G21/><T59/><AGARI ba="2,0" hai="12,13,41,45,51,53,54,56,59,60,63,78,82,86" machi="59" ten="30,7900,0" yaku="0,1,9,1,8,1,52,1" doraHai="74" who="0" fromWho="0" sc="159,85,293,-41,299,-22,249,-22" /><INIT seed="2,0,0,2,5,33" ten="244,252,277,227" oya="2" hai0="93,106,122,135,10,81,41,52,72,48,16,50,126" hai1="100,104,88,36,82,60,134,32,57,61,84,117,42" hai2="30,68,83,12,75,70,44,17,9,20,51,119,22" hai3="109,63,64,102,78,66,55,46,113,28,37,108,111"/><V91/><F119/><W125/><G125/><T124/><D106/><U27/><E117/><V39/><F39/><W65/><G78/><T19/><D122/><U53/><E134/><V67/><F67/><N who="3" m="25675" /><G102/><T56/><D135/><U99/><E36/><V130/><F130/><W76/><G76/><T7/><D93/><U24/><E42/><V116/><F116/><W3/><G28/><T80/><D41/><U54/><E32/><V129/><F129/><W13/><G13/><N who="0" m="5343" /><D48/><U97/><E97/><V23/><F30/><W45/><G113/><T94/><D72/><U43/><E43/><V4/><F4/><W6/><G37/><T87/><D94/><U79/><E79/><V29/><F29/><W38/><G38/><T31/><D31/><U69/><E69/><V86/><REACH who="2" step="1"/><F75/><REACH who="2" ten="244,252,267,227" step="2"/><W85/><G6/><T34/><D124/><U123/><E123/><V132/><F132/><W121/><G121/><T90/><D126/><U112/><E112/><V131/><F131/><W77/><G109/><T73/><D73/><U18/><E18/><V5/><F5/><W95/><G111/><T40/><D19/><U71/><E71/><V92/><F92/><W74/><G95/><T58/><D16/><U35/><E35/><V107/><F107/><W26/><G108/><T101/><D34/><U120/><E120/><V49/><F49/><W14/><G74/><T128/><D128/><U2/><E2/><V8/><F8/><W59/><G3/><T110/><D110/><U47/><E61/><V103/><F103/><W21/><G63/><T118/><D101/><U98/><E98/><RYUUKYOKU ba="0,1" sc="244,-15,252,15,267,15,227,-15" hai1="24,27,47,53,54,57,60,82,84,88,99,100,104" hai2="9,12,17,20,22,23,44,51,68,70,83,86,91" /><INIT seed="2,1,1,2,2,73" ten="229,267,282,212" oya="2" hai0="89,26,90,28,16,22,52,118,108,25,126,101,124" hai1="57,125,99,61,83,127,11,15,114,10,85,37,4" hai2="50,76,45,92,77,46,100,72,20,43,44,0,40" hai3="132,67,106,2,18,27,29,32,31,96,33,117,105"/><V12/><F0/><W134/><G67/><T38/><D38/><U95/><E37/><V13/><F72/><W23/><G96/><T5/><D101/><U59/><E114/><V36/><F20/><W75/><G75/><T128/><D128/><U129/><E11/><V94/><F100/><W3/><G105/><T86/><D5/><U21/><E21/><V97/><F97/><W111/><G106/><T135/><D108/><U55/><E59/><V103/><F103/><W122/><G111/><T78/><D135/><N who="3" m="51753" /><G117/><T34/><D118/><U84/><E84/><V74/><F74/><W80/><G80/><N who="0" m="47383" /><D52/><U133/><E129/><V102/><F102/><W49/><G49/><T47/><D47/><N who="2" m="17994" /><F40/><W110/><G110/><T65/><D65/><U8/><E8/><V98/><F36/><W120/><G32/><T104/><D104/><U48/><E48/><V53/><F43/><W54/><G54/><T58/><D58/><U7/><E7/><V88/><F94/><W81/><G81/><T30/><D30/><N who="3" m="11273" /><G33/><T107/><D107/><U1/><E1/><AGARI ba="1,1" hai="1,2,3,18,23,27,120,122" m="11273,51753" machi="1" ten="30,3900,0" yaku="20,1,34,2" doraHai="73" who="3" fromWho="1" sc="229,0,267,-42,282,0,212,52" /><INIT seed="3,0,0,3,0,110" ten="229,225,282,264" oya="3" hai0="84,118,106,93,92,15,3,68,32,69,53,78,2" hai1="16,117,114,122,63,135,86,6,74,52,34,49,27" hai2="112,30,50,71,111,87,7,46,35,31,80,42,39" hai3="25,65,132,75,61,109,101,119,43,33,59,90,105"/><W29/><G119/><T5/><D106/><U94/><E117/><V127/><F111/><W85/><G109/><T98/><D32/><U129/><E122/><V8/><F71/><W48/><G75/><T22/><D118/><U0/><E74/><V51/><F127/><W58/><G132/><T91/><D78/><U36/><E36/><V116/><F116/><W38/><G38/><T126/><D126/><U1/><E135/><V66/><F66/><W79/><G79/><T62/><D69/><U96/><E129/><V64/><F64/><W120/><G120/><T104/><D104/><U76/><E114/><V23/><F112/><W26/><G26/><T81/><D81/><N who="1" m="47399" /><E34/><V89/><F35/><W56/><G105/><T44/><D68/><U99/><E1/><V77/><F23/><N who="3" m="15551" /><G101/><T19/><D5/><U108/><E0/><V100/><F100/><W41/><G33/><T115/><D115/><U55/><E108/><V125/><F125/><W113/><G113/><T18/><D18/><U134/><E6/><V57/><F39/><W60/><G48/><T28/><D28/><U124/><E94/><V4/><F4/><W47/><G47/><T107/><D107/><U83/><E83/><V10/><F77/><W14/><G14/><T13/><D13/><U70/><E70/><V54/><F10/><W82/><G59/><N who="0" m="35183" /><D44/><N who="1" m="27687" /><E134/><V103/><F103/><W40/><G40/><T21/><D21/><N who="1" m="13735" /><E124/><V121/><F121/><W133/><G133/><T131/><D131/><U123/><E123/><V11/><F8/><W73/><G73/><T128/><D128/><U102/><E102/><AGARI ba="0,0" hai="2,3,15,19,22,84,91,92,93,98,102" m="35183" machi="102" ten="30,1000,0" yaku="6,1" doraHai="110" who="0" fromWho="1" sc="229,10,225,-10,282,0,264,0" /><INIT seed="4,0,0,1,3,43" ten="239,215,282,264" oya="0" hai0="15,109,96,52,62,63,130,71,4,106,8,73,135" hai1="126,128,76,12,64,103,29,74,94,35,44,67,27" hai2="102,16,50,14,82,84,124,117,119,33,28,101,36" hai3="19,53,77,0,30,111,89,32,132,122,47,65,104"/><T9/><D73/><U38/><E128/><V79/><F36/><W80/><G111/><T100/><D130/><U113/><E126/><V21/><F124/><W26/><G132/><T78/><D78/><U115/><E74/><V57/><F33/><W59/><G104/><T60/><D135/><U31/><E76/><V24/><F57/><W90/><G0/><T92/><D109/><U91/><E103/><V11/><REACH who="2" step="1"/><F50/><REACH who="2" ten="239,215,272,264" step="2"/><W49/><G122/><T108/><D108/><U133/><E133/><V116/><AGARI ba="0,1" hai="11,14,16,21,24,28,79,82,84,101,102,116,117,119" machi="116" ten="30,12000,2" yaku="1,1,2,1,0,1,12,1,54,1,53,1" doraHai="43" doraHaiUra="75" who="2" fromWho="2" sc="239,-60,215,-30,272,130,264,-30" /><INIT seed="5,0,0,0,4,91" ten="179,185,402,234" oya="1" hai0="27,132,92,121,72,55,125,134,113,19,41,33,29" hai1="65,85,126,95,73,74,83,122,124,45,70,130,26" hai2="100,58,52,42,56,86,44,78,71,110,128,9,114" hai3="103,18,64,39,96,8,12,88,48,131,6,123,28"/><U77/><E70/><V7/><F110/><W51/><G123/><T94/><D72/><N who="1" m="27755" /><E65/><V82/><F71/><W127/><G131/><T10/><D113/><U57/><E57/><V87/><F128/><W5/><G127/><N who="1" m="48682" /><E45/><V135/><F135/><N who="0" m="51754" /><D125/><U24/><E130/><V84/><F100/><W59/><G39/><T79/><D121/><U0/><E0/><V97/><F114/><W37/><G37/><T107/><D107/><U47/><E122/><V81/><F97/><W2/><G28/><T49/><D41/><U17/><E95/><N who="0" m="36393" /><D79/><U32/><E32/><V129/><F129/><W76/><G76/><T75/><D75/><U111/><E111/><V119/><F78/><W36/><G36/><T115/><D115/><U67/><E67/><V80/><F42/><W102/><G64/><T104/><D104/><U15/><E47/><V14/><F119/><W90/><G59/><N who="0" m="33263" /><D19/><U93/><E93/><V40/><F40/><W30/><G18/><T116/><D10/><AGARI ba="0,0" hai="10,15,17,24,26,77,83,85" m="48682,27755" machi="10" ten="30,1500,0" yaku="18,1" doraHai="91" who="1" fromWho="0" sc="179,-15,185,15,402,0,234,0" /><INIT seed="5,1,0,5,4,113" ten="164,200,402,234" oya="1" hai0="39,42,83,109,71,47,36,88,119,97,35,25,7" hai1="79,21,120,123,130,108,112,72,56,121,70,81,132" hai2="91,23,26,87,127,13,122,103,17,11,94,73,52" hai3="54,101,66,128,85,51,111,60,50,65,38,68,10"/><U93/><E70/><V84/><F122/><W58/><G101/><T37/><D109/><U22/><E56/><V34/><F73/><W57/><G10/><T135/><D71/><U24/><E22/><V53/><F127/><W49/><G85/><T95/><D135/><U82/><E112/><V96/><F34/><W92/><G92/><T40/><D7/><U126/><E126/><V18/><REACH who="2" step="1"/><F84/><REACH who="2" ten="164,200,392,234" step="2"/><W78/><G111/><T118/><D83/><AGARI ba="1,1" hai="11,13,17,18,23,26,52,53,83,87,91,94,96,103" machi="83" ten="30,12000,2" yaku="1,1,2,1,7,1,8,1,54,1,53,1" doraHai="113" doraHaiUra="77" who="2" fromWho="0" sc="164,-123,200,0,392,133,234,0" /><INIT seed="6,0,0,4,2,53" ten="41,200,525,234" oya="2" hai0="102,111,76,103,23,57,4,124,114,81,34,93,46" hai1="125,119,3,79,60,49,77,11,86,45,82,47,41" hai2="104,21,128,135,59,17,14,9,99,116,100,74,63" hai3="61,83,123,118,117,127,56,75,115,107,101,43,37"/><V52/><F116/><W134/><G123/><T121/><D34/><U95/><E119/><V28/><F128/><W62/><G127/><T32/><D111/><U18/><E125/><V38/><F38/><W108/><G108/><T87/><D32/><U42/><E95/><V106/><F74/><W132/><G115/><T27/><D124/><U25/><E3/><V7/><F135/><N who="3" m="51755" /><G107/><T2/><D114/><U84/><E60/><V92/><F28/><W29/><G101/><T112/><D112/><U71/><E71/><V96/><REACH who="2" step="1"/><F99/><REACH who="2" ten="41,200,515,234" step="2"/><W13/><G29/><T15/><D121/><U39/><E39/><V26/><AGARI ba="0,1" hai="7,9,14,17,21,26,52,59,63,92,96,100,104,106" machi="26" ten="20,18000,2" yaku="1,1,2,1,0,1,7,1,52,1,54,1,53,0" doraHai="53" doraHaiUra="24" who="2" fromWho="2" sc="41,-60,200,-60,515,190,234,-60" owari="-19,-52.0,140,-26.0,705,81.0,174,-3.0" /></mjloggm>