<mjloggm ver="2.3"><GO type="169" lobby="0"/><UN n0="%68%61%72%75%72%75%39%31" n1="%E3%83%8B%E3%83%A3%E3%83%83%E3%83%94%E3%83%BC%E5%A4%8F%E7%9B%AE" n2="%E5%BC%81%E5%A4%A9" n3="%E5%B0%B1%E6%B4%BB%E7%94%9F%40%E5%B7%9D%E6%9D%91%E8%BB%8D%E5%9B%A3" dan="16,17,16,18" rate="2067.43,2196.74,2095.54,2237.94" sx="M,M,F,M"/><TAIKYOKU oya="0"/><INIT seed="0,0,0,1,0,132" ten="250,250,250,250" oya="0" hai0="48,30,68,1,3,123,131,98,20,41,96,40,111" hai1="99,97,70,57,102,66,26,45,119,36,134,106,76" hai2="133,65,28,78,63,103,21,108,55,54,24,72,127" hai3="10,83,75,7,38,64,69,88,67,118,43,124,27"/><T114/><D114/><U37/><E57/><V104/><F133/><W6/><G118/><T0/><D123/><U23/><E134/><V61/><F108/><W11/><G27/><T12/><D68/><U86/><E119/><V33/><F103/><W60/><G67/><T62/><D111/><U34/><E97/><V117/><F104/><W109/><G109/><T94/><D96/><U16/><E45/><V56/><F117/><W126/><G43/><T73/><D73/><U46/><E46/><V2/><F2/><W120/><G38/><T84/><D62/><N who="1" m="40279" /><E86/><V105/><F105/><W59/><G120/><T44/><D84/><U51/><E51/><V49/><F78/><W95/><G83/><T8/><D41/><U35/><E35/><V29/><F72/><W129/><G75/><T121/><D121/><U53/><E53/><V13/><F13/><W18/><G69/><T101/><D40/><U107/><E76/><V125/><F33/><W50/><G50/><T128/><D44/><U15/><E107/><V116/><F116/><W71/><G71/><T19/><D48/><U92/><E92/><V110/><F110/><W25/><G129/><T113/><D113/><U42/><E42/><V52/><F29/><AGARI ba="0,0" hai="15,16,23,26,29,34,36,37,99,102,106" m="40279" machi="29" ten="30,2000,0" yaku="25,1,54,1" doraHai="132" who="1" fromWho="2" sc="250,0,250,20,250,-20,250,0" /><INIT seed="1,0,0,2,4,85" ten="250,270,230,250" oya="1" hai0="56,45,117,102,67,129,89,116,33,21,49,112,99" hai1="97,64,35,54,118,135,80,130,74,31,132,9,114" hai2="47,1,106,75,46,65,17,7,59,60,20,28,22" hai3="131,12,79,43,127,39,24,109,52,72,126,37,88"/><U27/><E114/><V83/><F106/><W2/><G2/><T110/><D33/><U8/><E118/><V78/><F28/><W32/><G109/><T15/><D112/><U58/><E130/><V61/><F7/><W105/><G105/><T4/><D129/><U134/><E64/><V77/><F1/><W34/><G131/><T50/><D49/><U84/><E97/><V53/><F78/><W98/><G12/><T69/><D69/><U3/><E74/><V133/><F133/><W119/><G119/><T23/><D23/><U18/><E18/><V90/><F90/><W62/><G79/><T0/><D0/><U101/><E101/><V125/><F125/><N who="3" m="47627" /><G72/><T108/><D56/><U10/><E3/><V121/><F121/><W29/><G43/><T44/><D67/><U57/><REACH who="1" step="1"/><E54/><REACH who="1" ten="250,260,230,250" step="2"/><V107/><F53/><W63/><G32/><T104/><D116/><U122/><E122/><V25/><F65/><W103/><G103/><T87/><D117/><U113/><E113/><V115/><F115/><W73/><G73/><T91/><D108/><U41/><E41/><V123/><F123/><W55/><G55/><T128/><D110/><U96/><E96/><V38/><F75/><W111/><G111/><T5/><D128/><U36/><E36/><N who="3" m="13898" /><G52/><T66/><D104/><U30/><E30/><V68/><F38/><W42/><G42/><T86/><D102/><U71/><E71/><V13/><F107/><W81/><G98/><T120/><D99/><U19/><E19/><V40/><F40/><W26/><G34/><T92/><D120/><U76/><AGARI ba="0,1" hai="8,9,10,27,31,35,57,58,76,80,84,132,134,135" machi="76" ten="40,12000,1" yaku="1,1,5,1,0,1,20,1,53,0" doraHai="85" doraHaiUra="93" who="1" fromWho="1" sc="250,-40,260,130,230,-40,250,-40" /><INIT seed="1,1,0,5,2,87" ten="210,390,190,210" oya="1" hai0="88,24,3,98,21,100,77,124,4,68,8,105,61" hai1="109,23,46,129,17,51,133,49,13,79,104,73,1" hai2="33,119,132,19,59,86,76,20,110,111,107,54,83" hai3="38,97,125,82,9,10,127,95,22,25,44,85,121"/><U67/><E104/><V135/><F119/><W0/><G121/><T52/><D124/><N who="3" m="47689" /><G38/><T112/><D112/><U120/><E1/><V11/><F107/><W7/><G44/><T91/><D77/><U72/><E120/><V2/><F33/><W116/><G116/><T70/><D70/><U28/><E129/><V34/><F34/><W117/><G117/><T40/><D40/><U114/><E114/><V78/><F78/><N who="3" m="46295" /><G7/><T92/><D105/><U18/><E133/><N who="2" m="51275" /><F11/><W58/><G58/><T48/><D68/><U71/><E28/><V128/><F2/><W57/><G57/><T99/><D61/><U122/><E122/><V53/><F128/><W64/><G64/><T30/><D98/><U32/><E32/><V12/><F59/><AGARI ba="1,0" hai="3,4,8,21,24,30,48,52,59,88,91,92,99,100" machi="59" ten="30,8000,1" yaku="7,1,52,2,54,2" doraHai="87" who="0" fromWho="2" sc="210,83,390,0,190,-83,210,0" /><INIT seed="2,0,0,4,3,115" ten="293,390,107,210" oya="2" hai0="42,92,100,124,75,46,135,134,8,79,40,72,0" hai1="49,106,99,44,123,111,2,107,57,78,122,96,133" hai2="13,50,81,33,104,127,15,52,17,22,103,23,83" hai3="76,131,94,16,10,19,70,108,66,37,28,84,54"/><V43/><F127/><W120/><G37/><T29/><D124/><U56/><E2/><V114/><F33/><W31/><G120/><N who="1" m="46122" /><E78/><V116/><F114/><W7/><G108/><T117/><D29/><U36/><E36/><V97/><F43/><W80/><G131/><T27/><D27/><U65/><E133/><V1/><F1/><W86/><G70/><T71/><D71/><U53/><E111/><V101/><F101/><W34/><G66/><T126/><D126/><U132/><E132/><V110/><F110/><W14/><G54/><T67/><D67/><U63/><E57/><V20/><F116/><W58/><G58/><T55/><D55/><U3/><E3/><V32/><F32/><W68/><G68/><T64/><D64/><U91/><E91/><V48/><F48/><W26/><G31/><T74/><D79/><U102/><E96/><V61/><F61/><W39/><G39/><T51/><D42/><U113/><E113/><V98/><F98/><W4/><G4/><T60/><D60/><U21/><E21/><V118/><F118/><W77/><G94/><AGARI ba="0,0" hai="44,49,53,56,63,65,94,99,102,106,107" m="46122" machi="94" ten="30,1000,0" yaku="13,1" doraHai="115" who="1" fromWho="3" sc="293,0,390,10,107,0,210,-10" /><INIT seed="3,0,0,2,0,113" ten="293,400,107,200" oya="3" hai0="40,106,90,57,34,107,92,54,122,127,52,72,48" hai1="129,38,100,131,112,83,18,21,51,25,60,16,84" hai2="55,109,11,126,64,33,77,120,10,134,56,93,1" hai3="50,3,82,8,61,116,94,75,78,41,89,26,111"/><W101/><G111/><T79/><D122/><U12/><E38/><V96/><F109/><W73/><G73/><T27/><D40/><U117/><E112/><V45/><F120/><W35/><G101/><T15/><D127/><U128/><E100/><V124/><F33/><W5/><G61/><T70/><D70/><U32/><E60/><V44/><F134/><W49/><G116/><T4/><D79/><N who="1" m="46207" /><E51/><V104/><F77/><W80/><G80/><T114/><D72/><U118/><E32/><V37/><F104/><W125/><G125/><N who="2" m="48233" /><F64/><W86/><G35/><T97/><D107/><U85/><E85/><V98/><F98/><W63/><G26/><T87/><D114/><U36/><E36/><V103/><F1/><W105/><G63/><T2/><D2/><U135/><E135/><V30/><F30/><W119/><G119/><T133/><D133/><U65/><E65/><V43/><F45/><W69/><G69/><T110/><D110/><U6/><E6/><V19/><F19/><W123/><G123/><T14/><D4/><U132/><E132/><V29/><F29/><W28/><G28/><T24/><D34/><U42/><E42/><V68/><F68/><W121/><G121/><T74/><D74/><U58/><E58/><V102/><F102/><W130/><G130/><T31/><D31/><U88/><E88/><V66/><F66/><W22/><G105/><T0/><D0/><U47/><E47/><V46/><F46/><W95/><G41/><T17/><D106/><U108/><E108/><V7/><F7/><W39/><G75/><T13/><D57/><RYUUKYOKU ba="0,0" sc="293,-15,400,15,107,15,200,-15" hai1="12,16,18,21,25,117,118,128,129,131" hai2="10,11,37,43,44,55,56,93,96,103" /><INIT seed="4,1,0,4,3,127" ten="278,415,122,185" oya="0" hai0="108,12,53,79,113,33,131,118,112,16,13,32,6" hai1="116,24,28,97,55,4,54,31,135,102,34,46,7" hai2="73,63,124,43,42,68,129,61,65,66,50,121,80" hai3="21,83,35,20,49,51,99,134,30,36,101,75,89"/><T88/><D118/><U109/><E116/><V40/><F80/><W106/><G36/><T133/><D79/><U95/><E109/><V77/><F77/><W123/><G123/><T96/><D108/><U81/><E135/><V10/><F10/><W26/><G134/><T100/><D133/><U29/><E34/><V62/><F73/><W132/><G132/><T119/><D119/><U85/><E24/><V84/><F84/><W114/><G114/><T122/><D122/><U37/><E37/><V92/><F92/><W41/><G41/><N who="2" m="15977" /><F121/><W9/><G9/><N who="0" m="4151" /><D53/><N who="1" m="19979" /><E46/><N who="2" m="25951" /><F124/><W115/><G115/><N who="0" m="44107" /><D100/><U48/><E48/><V94/><F94/><W82/><G49/><T58/><D58/><U2/><E2/><V8/><F8/><W111/><G111/><T60/><D60/><N who="2" m="23146" /><F66/><W74/><G51/><T76/><D76/><AGARI ba="1,0" hai="4,7,28,29,31,76,81,85,95,97,102" m="19979" machi="76" ten="30,1000,0" yaku="8,1" doraHai="127" who="1" fromWho="0" sc="278,-13,415,13,122,0,185,0" /><INIT seed="5,0,0,2,3,15" ten="265,428,122,185" oya="1" hai0="106,47,135,104,4,82,51,9,110,77,72,68,131" hai1="123,19,24,46,25,36,2,30,55,22,49,107,45" hai2="109,91,121,92,64,54,28,98,119,33,95,79,89" hai3="0,105,48,32,93,3,12,63,65,61,35,10,26"/><U44/><E107/><V70/><F119/><W87/><G105/><T118/><D110/><U17/><E123/><V100/><F121/><W83/><G3/><T39/><D118/><U71/><E2/><V126/><F109/><W85/><G0/><T67/><D51/><U124/><E71/><V53/><F126/><W73/><G73/><T42/><D131/><U130/><E130/><V16/><F28/><W11/><G11/><T8/><D8/><U7/><E124/><V57/><F33/><W60/><G65/><T23/><D23/><N who="1" m="15679" /><E36/><V101/><F70/><W86/><G83/><T6/><D6/><U66/><E7/><V21/><F79/><W62/><N who="3" m="15872" /><DORA hai="50" /><W116/><G116/><T111/><D111/><U40/><E66/><V94/><F64/><W134/><G134/><T78/><D67/><U43/><E19/><V115/><F57/><AGARI ba="0,0" hai="17,22,24,40,43,44,45,46,49,55,57" m="15679" machi="57" ten="30,5800,0" yaku="8,1,52,2" doraHai="15,50" who="1" fromWho="2" sc="265,0,428,58,122,-58,185,0" /><INIT seed="5,1,0,5,4,30" ten="265,486,64,185" oya="1" hai0="32,5,134,28,118,16,108,128,57,47,111,34,7" hai1="79,110,21,51,125,97,10,114,64,39,9,101,55" hai2="56,84,86,46,71,132,27,54,25,122,117,116,75" hai3="29,60,95,49,14,0,100,62,94,2,1,53,42"/><U115/><E39/><V37/><F75/><W93/><G42/><T61/><D118/><U72/><E64/><V90/><F122/><W20/><G100/><T8/><D47/><U119/><E119/><V82/><F71/><W17/><REACH who="3" step="1"/><G29/><REACH who="3" ten="265,486,64,175" step="2"/><T130/><D28/><U11/><E101/><V81/><F132/><W43/><G43/><T102/><D134/><U76/><E114/><V31/><F27/><W3/><N who="3" m="512" /><DORA hai="105" /><W80/><G80/><T59/><D102/><U63/><E115/><V24/><F24/><W106/><G106/><T129/><D108/><U26/><E110/><V112/><F112/><W91/><G91/><T67/><D111/><U99/><E26/><V65/><F37/><W107/><G107/><T15/><D59/><AGARI ba="1,1" hai="14,17,20,49,53,59,60,62,93,94,95" m="512" machi="59" ten="70,2300,0" yaku="1,1,53,0" doraHai="30,105" doraHaiUra="73,135" who="3" fromWho="0" sc="265,-26,486,0,64,0,175,36" /><INIT seed="6,0,0,0,2,42" ten="239,486,64,211" oya="2" hai0="127,19,119,83,107,104,74,37,3,99,55,85,120" hai1="103,97,121,38,27,5,63,129,54,108,6,36,101" hai2="32,132,46,49,130,51,53,79,122,52,30,71,14" hai3="80,23,89,7,20,43,67,88,44,117,102,31,84"/><V86/><F122/><W109/><G109/><T81/><D120/><U60/><E108/><V24/><F71/><W131/><G117/><T40/><D119/><U98/><E121/><V114/><F114/><W47/><G131/><T41/><D3/><U62/><E54/><V87/><F130/><W110/><G110/><T70/><D70/><U10/><E27/><V128/><F128/><W34/><G34/><T21/><D74/><U25/><E25/><V113/><F113/><W69/><G43/><T133/><D37/><N who="1" m="14443" /><E10/><V12/><F132/><W134/><G134/><T61/><D127/><U125/><E125/><V100/><F100/><N who="1" m="38473" /><E129/><V95/><F87/><N who="3" m="50279" /><G69/><T35/><D35/><U90/><E90/><V123/><F123/><W29/><G7/><AGARI ba="0,0" hai="5,6,7,60,62,63,97,98" m="38473,14443" machi="7" ten="40,2600,0" yaku="28,2" doraHai="42" who="1" fromWho="3" sc="239,0,486,26,64,0,211,-26" /><INIT seed="7,0,0,5,2,34" ten="239,512,64,185" oya="3" hai0="24,40,74,55,107,37,45,65,69,119,111,29,32" hai1="53,51,124,129,84,79,113,87,88,18,101,10,43" hai2="98,106,128,57,71,20,0,35,132,80,114,5,15" hai3="2,92,26,46,102,97,36,44,31,126,103,77,42"/><W67/><G126/><T61/><D111/><U122/><E122/><V56/><F71/><W25/><G77/><T105/><D119/><U72/><E72/><V115/><F20/><W28/><G67/><T130/><D130/><U125/><E129/><V109/><F98/><W3/><G46/><T89/><D74/><U60/><E101/><V19/><F15/><W83/><G83/><T64/><D64/><U47/><E113/><V70/><F80/><W16/><G103/><T62/><D89/><U50/><E60/><V49/><F5/><W91/><G91/><T108/><REACH who="0" step="1"/><D108/><REACH who="0" ten="229,512,64,185" step="2"/><U76/><E125/><V21/><F128/><W54/><G54/><T118/><D118/><U100/><E100/><V39/><F109/><W78/><G78/><N who="1" m="29738" /><E88/><V27/><F70/><W6/><G6/><T58/><AGARI ba="0,1" hai="24,29,32,37,40,45,55,58,61,62,65,69,105,107" machi="58" ten="30,2000,0" yaku="1,1,0,1,53,0" doraHai="34" doraHaiUra="134" who="0" fromWho="0" sc="229,30,512,-5,64,-5,185,-10" owari="259,6.0,507,60.0,59,-44.0,175,-22.0" /></mjloggm>