<mjloggm ver="2.3"><GO type="169" lobby="0"/><UN n0="%70%6F%77%74%65%72" n1="%E5%B0%B1%E6%B4%BB%E7%94%9F%40%E5%B7%9D%E6%9D%91%E8%BB%8D%E5%9B%A3" n2="%E3%81%AE%E3%81%86%E3%81%AA%E3%82%81%E3%82%8D%E3%82%93" n3="%70%63%63%61%62%63" dan="16,17,16,16" rate="2038.93,2174.77,2126.80,2108.31" sx="M,M,M,M"/><TAIKYOKU oya="0"/><INIT seed="0,0,0,2,0,59" ten="250,250,250,250" oya="0" hai0="17,11,58,117,3,121,125,97,82,56,132,18,6" hai1="49,130,43,85,102,76,99,40,124,27,0,48,135" hai2="9,101,26,74,54,5,95,92,1,118,103,98,133" hai3="127,41,52,15,68,46,89,67,29,126,60,71,32"/><T112/><D112/><U72/><E72/><V78/><F133/><W25/><G89/><T87/><D117/><U34/><E0/><V100/><F118/><W65/><G15/><T115/><D115/><U69/><E69/><V53/><F78/><W129/><G129/><T47/><D121/><U77/><E135/><V122/><F74/><W120/><G120/><T42/><D132/><U36/><E36/><V44/><F122/><W86/><G86/><T28/><D28/><U123/><E124/><N who="3" m="47658" /><G41/><T70/><D70/><N who="3" m="26665" /><G46/><T79/><D97/><U128/><E85/><V116/><F116/><W4/><G4/><T20/><D125/><U108/><E123/><V107/><F107/><W84/><G84/><T131/><D131/><U63/><E77/><V57/><F95/><W10/><G10/><T13/><REACH who="0" step="1"/><D18/><REACH who="0" ten="240,250,250,250" step="2"/><U134/><E128/><V66/><F98/><W114/><G114/><T119/><D119/><U73/><E99/><V81/><F101/><W110/><G110/><T91/><D91/><U12/><E102/><V38/><F100/><W105/><G105/><T21/><D21/><U19/><E108/><V16/><F16/><W50/><G50/><AGARI ba="0,1" hai="3,6,11,13,17,20,42,47,50,56,58,79,82,87" machi="50" ten="30,2900,0" yaku="1,1,7,1,53,0" doraHai="59" doraHaiUra="24" who="0" fromWho="3" sc="240,39,250,0,250,0,250,-29" /><INIT seed="0,1,0,0,5,54" ten="279,250,250,221" oya="0" hai0="109,32,28,99,64,1,37,47,89,79,41,95,14" hai1="72,55,11,24,84,63,46,66,42,74,33,73,92" hai2="124,80,116,115,125,4,76,39,35,108,111,58,86" hai3="22,105,127,134,9,78,26,27,97,103,5,82,31"/><T120/><D120/><U62/><E11/><V8/><F115/><W60/><G134/><T44/><D1/><U135/><E135/><V69/><F69/><W50/><G127/><N who="2" m="48713" /><F39/><W43/><G60/><T38/><D79/><U10/><E10/><V106/><F106/><W81/><G27/><T98/><D109/><N who="2" m="42058" /><F35/><W102/><G102/><T117/><D117/><U77/><E55/><V45/><F45/><W118/><G118/><T12/><D64/><U123/><E123/><V20/><F116/><W25/><G25/><T93/><D32/><U19/><E63/><V3/><F20/><W51/><G43/><T88/><D28/><U107/><E107/><V53/><F53/><W13/><REACH who="3" step="1"/><G82/><REACH who="3" ten="279,250,250,211" step="2"/><T21/><D21/><U100/><E100/><V85/><F85/><AGARI ba="1,1" hai="5,9,13,22,26,31,50,51,78,81,85,97,103,105" machi="85" ten="30,3900,0" yaku="1,1,2,1,7,1,53,0" doraHai="54" doraHaiUra="114" who="3" fromWho="2" sc="279,0,250,0,250,-42,211,52" /><INIT seed="1,0,0,3,1,23" ten="279,250,208,263" oya="1" hai0="116,89,41,16,21,133,0,1,67,38,118,13,105" hai1="112,29,83,103,50,42,128,107,46,53,43,88,62" hai2="98,104,124,17,60,86,134,115,71,76,47,110,117" hai3="31,51,9,36,22,39,61,18,80,4,56,20,91"/><U87/><E112/><V66/><F117/><W54/><G31/><T106/><D67/><U35/><E128/><V28/><F110/><W119/><G22/><T12/><D89/><U49/><E62/><V120/><F120/><W82/><G119/><T40/><D21/><U97/><REACH who="1" step="1"/><E49/><REACH who="1" ten="279,240,208,263" step="2"/><V11/><F115/><W8/><G51/><T93/><D118/><U122/><E122/><V75/><F60/><W7/><G61/><T24/><D116/><U32/><E32/><V70/><F134/><W74/><G39/><T48/><D48/><U102/><E102/><V132/><F132/><W25/><G36/><T65/><D38/><U130/><E130/><V77/><F124/><W3/><G54/><T85/><D133/><U99/><E99/><V131/><F98/><W14/><G56/><T79/><D65/><U58/><E58/><V69/><F66/><W72/><G72/><T101/><D101/><U26/><AGARI ba="0,1" hai="26,29,35,42,43,46,50,53,83,87,88,97,103,107" machi="26" ten="30,12000,1" yaku="1,1,0,1,52,1,54,1,53,1" doraHai="23" doraHaiUra="100" who="1" fromWho="1" sc="279,-40,240,130,208,-40,263,-40" /><INIT seed="1,1,0,3,1,60" ten="239,370,168,223" oya="1" hai0="44,134,123,69,21,129,39,83,88,57,23,92,56" hai1="64,113,121,125,124,67,131,68,86,108,120,72,37" hai2="78,55,109,99,17,11,107,22,14,15,66,10,98" hai3="36,71,51,82,90,105,16,84,100,24,126,132,25"/><U5/><E72/><V79/><F109/><W103/><G36/><T54/><D69/><U65/><E113/><V119/><F119/><W2/><G2/><T34/><D34/><U76/><E37/><V61/><F55/><W9/><G71/><T73/><D134/><U6/><E131/><V95/><F107/><W114/><G114/><T118/><D118/><U53/><E68/><V58/><F22/><W4/><G126/><N who="1" m="48746" /><E53/><V3/><F3/><W81/><G105/><T13/><D123/><N who="1" m="47179" /><E108/><V80/><F80/><AGARI ba="1,0" hai="5,6,64,65,67,76,80,86" m="47179,48746" machi="80" ten="40,12000,1" yaku="18,1,52,3" doraHai="60" who="1" fromWho="2" sc="239,0,370,123,168,-123,223,0" /><INIT seed="1,2,0,1,2,20" ten="239,493,45,223" oya="1" hai0="89,126,29,16,62,94,26,35,117,27,113,110,64" hai1="66,79,14,121,100,105,52,104,82,33,8,56,76" hai2="51,115,50,125,90,57,38,78,101,119,49,84,12" hai3="61,106,122,102,41,68,39,95,4,96,23,42,88"/><U31/><E121/><V103/><F119/><W92/><G122/><T114/><D117/><U112/><E66/><V69/><F69/><W46/><G41/><T18/><D110/><U47/><E47/><V58/><F38/><W108/><G108/><T54/><D126/><U32/><E79/><V5/><F125/><W45/><G4/><T10/><D18/><U11/><E11/><V24/><F115/><W36/><G106/><T72/><D72/><U25/><E33/><V91/><F78/><W19/><G61/><T81/><D81/><U0/><E0/><V60/><F90/><W77/><G77/><T85/><D54/><U30/><E30/><V15/><F24/><W28/><G68/><T86/><D86/><U130/><E100/><V6/><F51/><W34/><G34/><T133/><D133/><U123/><E130/><V111/><F111/><W135/><G28/><T59/><REACH who="0" step="1"/><D10/><REACH who="0" ten="229,493,45,223" step="2"/><U120/><E112/><V3/><F84/><W40/><G135/><T44/><D44/><U99/><E123/><V124/><F124/><W74/><G74/><T65/><D65/><U97/><E120/><V129/><F129/><W71/><G71/><T7/><D7/><U37/><E82/><V132/><F132/><W1/><G45/><T98/><D98/><U131/><E97/><V2/><REACH who="2" step="1"/><F91/><REACH who="2" ten="229,493,35,223" step="2"/><W83/><G88/><T80/><D80/><U116/><E131/><V48/><F48/><W109/><G83/><T21/><AGARI ba="2,2" hai="16,21,26,27,29,35,59,62,64,85,89,94,113,114" machi="21" ten="30,12000,2" yaku="1,1,0,1,52,2,54,1,53,1" doraHai="20" doraHaiUra="53" who="0" fromWho="0" sc="229,146,493,-62,35,-32,223,-32" /><INIT seed="2,0,0,3,0,53" ten="375,431,3,191" oya="2" hai0="94,20,80,79,60,61,102,63,72,88,62,130,47" hai1="111,32,21,99,125,35,106,38,85,82,7,34,49" hai2="5,9,43,129,3,65,30,97,59,4,121,128,50" hai3="124,112,40,100,77,37,105,66,18,103,104,84,127"/><V76/><F121/><W115/><G66/><T15/><D130/><N who="2" m="50282" /><F76/><W55/><G37/><T44/><N who="0" m="15360" /><DORA hai="22" /><T14/><D102/><N who="3" m="38953" /><G40/><T16/><REACH who="0" step="1"/><D15/><REACH who="0" ten="365,431,3,191" step="2"/><U109/><E109/><V29/><F65/><W0/><G115/><T57/><D57/><U116/><E111/><V12/><F97/><AGARI ba="0,1" hai="14,16,20,44,47,72,79,80,88,94,97" m="15360" machi="97" ten="50,8000,1" yaku="1,1,54,2,53,2" doraHai="53,22" doraHaiUra="107,93" who="0" fromWho="2" sc="365,90,431,0,3,-80,191,0" owari="455,56.0,431,23.0,-77,-58.0,191,-21.0" /></mjloggm>