<mjloggm ver="2.3"><GO type="169" lobby="0"/><UN n0="%E9%87%8C%E4%B8%AD%E4%BA%9C%E7%9F%A2%E5%AD%90" n1="%7A%6F%6F%31%39%36%34" n2="%E5%85%83%E7%8F%8D" n3="%E3%82%A6%E3%83%AB%E3%83%88%E3%83%A9%E7%AB%8B%E7%9B%B4" dan="16,17,16,18" rate="2047.11,2207.18,2133.84,2220.14" sx="F,M,M,M"/><TAIKYOKU oya="0"/><INIT seed="0,0,0,4,0,117" ten="250,250,250,250" oya="0" hai0="132,0,74,96,59,18,41,115,122,91,60,53,84" hai1="24,29,134,123,12,39,35,128,70,111,75,65,46" hai2="135,52,45,77,71,3,108,50,80,62,79,120,103" hai3="67,126,110,36,15,6,2,133,47,104,88,129,40"/><T90/><D122/><U106/><RYUUKYOKU type="yao9" ba="0,0" sc="250,0,250,0,250,0,250,0" hai1="12,24,29,35,39,46,65,70,75,106,111,123,128,134" /><INIT seed="0,1,0,0,4,81" ten="250,250,250,250" oya="0" hai0="75,64,111,93,35,44,36,101,96,42,83,48,88" hai1="84,98,46,85,102,45,97,65,29,120,125,15,41" hai2="114,127,43,53,24,99,52,10,121,23,122,76,94" hai3="133,66,32,100,27,119,71,18,126,5,9,95,135"/><T130/><D35/><U11/><E120/><V110/><F114/><W4/><G66/><T79/><D130/><U50/><E125/><V82/><F127/><W7/><G71/><T58/><D111/><U105/><E65/><V106/><F106/><W25/><G95/><T1/><D1/><U37/><E29/><V47/><F110/><W14/><G100/><T63/><REACH who="0" step="1"/><D101/><REACH who="0" ten="240,250,250,250" step="2"/><U56/><E56/><V12/><F122/><W73/><G126/><T80/><D80/><U118/><E118/><V109/><F121/><W34/><G119/><T21/><D21/><U128/><E128/><V20/><F109/><W40/><G73/><T70/><D70/><U72/><E72/><V92/><F23/><W22/><G34/><T26/><D26/><U19/><REACH who="1" step="1"/><E98/><REACH who="1" ten="240,240,250,250" step="2"/><V16/><F99/><W30/><REACH who="3" step="1"/><G40/><AGARI ba="1,2" hai="11,15,19,37,40,41,45,46,50,84,85,97,102,105" machi="40" ten="30,12000,2" yaku="1,1,2,1,7,1,52,2,53,1" doraHai="81" doraHaiUra="8" who="1" fromWho="3" sc="240,0,240,143,250,0,250,-123" /><INIT seed="1,0,0,4,4,64" ten="240,383,250,127" oya="1" hai0="56,58,34,1,116,67,135,25,100,40,33,30,114" hai1="115,79,68,73,45,62,133,82,31,125,87,19,52" hai2="109,17,43,15,102,131,49,97,117,74,90,78,127" hai3="128,55,51,26,81,120,121,71,7,46,93,80,132"/><U112/><E133/><V124/><F117/><W24/><G7/><T123/><D116/><U118/><E118/><V65/><F109/><W0/><G0/><T3/><D114/><U32/><E125/><V20/><F131/><W53/><G93/><T84/><D135/><U8/><E73/><V14/><F90/><W88/><G132/><T122/><D40/><U130/><E130/><V98/><F65/><W16/><G128/><T41/><D41/><U70/><E31/><V50/><F98/><W35/><G51/><T92/><D34/><U59/><E32/><V42/><F78/><W95/><G95/><T66/><D84/><U11/><E45/><V91/><F91/><W27/><G88/><T101/><D92/><U107/><E107/><V106/><F74/><W86/><G86/><T10/><D10/><U57/><E57/><V29/><F29/><W108/><G46/><T5/><D5/><U18/><E8/><V63/><F63/><W103/><G103/><T38/><D38/><U36/><E36/><V2/><F2/><W111/><G35/><T13/><D13/><U44/><E44/><V47/><F15/><W69/><G27/><T83/><D83/><U134/><E134/><V75/><F75/><W113/><G16/><N who="1" m="6186" /><E11/><V60/><F60/><W99/><G99/><T89/><D89/><U72/><E72/><V48/><REACH who="2" step="1"/><F43/><REACH who="2" ten="240,383,240,127" step="2"/><W9/><REACH who="3" step="1"/><G9/><REACH who="3" ten="240,383,240,117" step="2"/><T105/><D1/><U129/><E129/><V104/><F104/><W126/><G126/><AGARI ba="0,2" hai="14,17,20,42,47,48,49,50,97,102,106,124,126,127" machi="126" ten="40,2600,0" yaku="1,1,18,1,53,0" doraHai="64" doraHaiUra="54" who="2" fromWho="3" sc="240,0,383,0,240,46,117,-26" /><INIT seed="2,0,0,3,0,103" ten="240,383,286,91" oya="2" hai0="128,21,124,55,4,94,130,41,73,99,118,37,65" hai1="117,97,8,74,75,39,44,52,121,36,3,114,90" hai2="112,135,93,71,59,77,42,5,82,132,26,19,16" hai3="110,131,9,43,98,91,15,45,56,33,69,108,7"/><V12/><F71/><W32/><G69/><T96/><D73/><U102/><E117/><V111/><F112/><W24/><G56/><T63/><D124/><U87/><E114/><V49/><F111/><N who="3" m="42539" /><G24/><T6/><D118/><U83/><E121/><V17/><F93/><N who="3" m="56639" /><G131/><N who="0" m="50219" /><D55/><U10/><E39/><AGARI ba="0,0" hai="7,9,15,32,33,39,43,45" m="56639,42539" machi="39" ten="30,1000,0" yaku="14,1" doraHai="103" who="3" fromWho="1" sc="240,0,383,-10,286,0,91,10" /><INIT seed="3,0,0,4,3,43" ten="240,373,286,101" oya="3" hai0="75,47,34,30,113,52,66,111,97,59,110,104,124" hai1="87,133,29,22,20,99,107,68,90,26,48,79,37" hai2="122,71,41,121,28,32,9,3,6,96,35,65,14" hai3="98,36,8,77,53,25,127,123,83,60,95,109,50"/><W31/><G123/><N who="2" m="47113" /><F65/><W116/><G116/><T101/><D113/><U11/><E37/><V13/><F71/><W117/><G117/><T5/><D75/><U84/><E133/><V27/><F96/><W72/><G36/><T85/><D124/><U19/><E68/><V126/><F41/><W82/><G127/><T51/><D5/><U131/><E131/><V16/><F126/><W61/><G109/><N who="0" m="41483" /><D85/><U56/><E11/><N who="2" m="6239" /><F3/><W134/><G83/><T103/><D103/><U67/><E67/><V112/><F112/><W1/><G134/><T24/><D66/><U102/><E79/><V120/><N who="2" m="47121" /><V132/><DORA hai="130" /><F132/><W23/><G8/><T7/><D7/><U42/><E90/><V33/><AGARI ba="0,0" hai="6,9,13,27,28,32,33,35" m="6239,47121" machi="33" ten="40,8000,1" yaku="13,1,34,2,54,1" doraHai="43,130" who="2" fromWho="2" sc="240,-20,373,-20,286,80,101,-40" /><INIT seed="4,0,0,4,5,25" ten="220,353,366,61" oya="0" hai0="79,52,0,74,68,34,107,85,8,106,134,46,99" hai1="65,60,88,112,97,70,41,127,35,42,81,118,133" hai2="39,4,75,24,40,76,80,116,128,129,47,125,78" hai3="66,53,9,23,37,36,19,117,90,83,18,59,62"/><T31/><D85/><U64/><E118/><V110/><F110/><W94/><G117/><T54/><D134/><U135/><E127/><V84/><F116/><W57/><G83/><N who="0" m="45559" /><D52/><U5/><E112/><V58/><F125/><W93/><G93/><T101/><D54/><U126/><E126/><V113/><F113/><W86/><G18/><T45/><D45/><U14/><E35/><V100/><F100/><W56/><G56/><T109/><D109/><U27/><E27/><V32/><F58/><W43/><G43/><T30/><D30/><U55/><E65/><V7/><F78/><W115/><G115/><T103/><D46/><U95/><E81/><V131/><F75/><W17/><G17/><T119/><D119/><U22/><E55/><V92/><F92/><W87/><G87/><T1/><D8/><N who="1" m="4367" /><E22/><V11/><F11/><W91/><G91/><T12/><D12/><U13/><E13/><V104/><F104/><W121/><G9/><T20/><D20/><U89/><E89/><V108/><F108/><W2/><G2/><T38/><D38/><U72/><E72/><V16/><F16/><W96/><G121/><T114/><D114/><U33/><E33/><V130/><F130/><W105/><G105/><T82/><D82/><U77/><E77/><V67/><F67/><W71/><G71/><T48/><D68/><U111/><E111/><V21/><F21/><W26/><REACH who="3" step="1"/><G86/><REACH who="3" ten="220,353,366,51" step="2"/><T120/><D120/><U49/><E42/><V28/><AGARI ba="0,1" hai="4,7,24,28,32,39,40,47,76,80,84,128,129,131" machi="28" ten="40,5200,0" yaku="0,1,19,1,52,1" doraHai="25" who="2" fromWho="2" sc="220,-26,353,-13,366,62,51,-13" /><INIT seed="5,0,0,2,4,117" ten="194,340,428,38" oya="1" hai0="55,37,30,90,32,102,124,0,91,89,3,126,110" hai1="47,36,53,54,50,88,113,23,61,118,108,84,98" hai2="109,9,122,62,66,68,26,120,131,115,18,81,100" hai3="51,52,6,43,11,57,65,40,79,59,114,86,80"/><U128/><E118/><V21/><F109/><W73/><G73/><T4/><D110/><U106/><E108/><V14/><F131/><W125/><G125/><N who="0" m="48235" /><D37/><U20/><E128/><V10/><F115/><W12/><REACH who="3" step="1"/><G114/><REACH who="3" ten="194,340,428,28" step="2"/><T5/><D102/><U123/><E113/><V85/><F100/><W93/><G93/><T95/><D95/><U15/><E123/><V31/><F10/><W87/><G87/><T44/><D91/><AGARI ba="0,1" hai="9,14,18,21,26,31,62,66,68,81,85,91,120,122" machi="91" ten="30,3900,0" yaku="7,1,52,2" doraHai="117" who="2" fromWho="0" sc="194,-39,340,0,428,49,28,0" /><INIT seed="6,0,0,2,5,123" ten="155,340,477,28" oya="2" hai0="125,120,78,2,55,100,63,3,116,16,50,44,40" hai1="124,64,126,30,41,82,39,109,65,90,10,32,12" hai2="71,83,60,77,112,101,56,52,18,128,132,14,119" hai3="53,34,68,85,21,54,91,43,69,25,29,9,134"/><V66/><F119/><W13/><G134/><T117/><D120/><U131/><E131/><V105/><F128/><W89/><G43/><T47/><D125/><U99/><E109/><V121/><F121/><W102/><G102/><T8/><D100/><U11/><E11/><V81/><F132/><W0/><G91/><T94/><D94/><U72/><E30/><V115/><F101/><W79/><G79/><T118/><D78/><U130/><E32/><V70/><F105/><W6/><G69/><T95/><D95/><U127/><E130/><V20/><F83/><W36/><G68/><T38/><D63/><U129/><E129/><V113/><REACH who="2" step="1"/><F66/><REACH who="2" ten="155,340,467,28" step="2"/><W5/><G36/><T67/><D67/><U49/><E39/><V24/><F24/><W76/><G76/><T37/><D37/><U122/><E122/><V84/><AGARI ba="0,1" hai="14,18,20,52,56,60,70,71,77,81,84,112,113,115" machi="84" ten="30,11700,0" yaku="1,1,0,1,15,1,54,1,53,0" doraHai="123" doraHaiUra="87" who="2" fromWho="2" sc="155,-39,340,-39,467,127,28,-39" owari="116,-28.0,301,10.0,594,69.0,-11,-51.0" /></mjloggm>