<mjloggm ver="2.3"><GO type="233" lobby="0"/><UN n0="%E3%82%A6%E3%83%AB%E3%83%88%E3%83%A9%E7%AB%8B%E7%9B%B4" n1="%E3%82%AB%E3%83%9C%E3%83%81%E3%83%A3%E3%82%BF%E3%83%8D" n2="%E3%81%8A%E3%83%BC%E3%81%84%E3%81%8A%E8%8C%B6" n3="%E9%8C%AF%E4%B9%B1%E3%82%AB%E3%83%AB%E3%83%94%E3%82%B9" dan="17,17,17,18" rate="2171.76,2156.37,2193.05,2169.12" sx="M,M,M,F"/><TAIKYOKU oya="0"/><INIT seed="0,0,0,0,4,21" ten="250,250,250,250" oya="0" hai0="108,92,42,83,17,49,58,28,8,82,35,112,72" hai1="80,4,65,48,86,47,46,19,52,61,64,39,9" hai2="51,26,125,2,127,81,73,18,40,69,15,109,121" hai3="27,101,23,85,104,89,118,131,43,88,96,126,67"/><T91/><D112/><U59/><E19/><V111/><F69/><W38/><G118/><T119/><D119/><U29/><E39/><V132/><F73/><W93/><G131/><T100/><D100/><U34/><E34/><V66/><F66/><W32/><G32/><T0/><D108/><N who="2" m="41546" /><F81/><W11/><G67/><T115/><D115/><U102/><E102/><V135/><F40/><W95/><G126/><N who="2" m="48137" /><F51/><W76/><G11/><T122/><D122/><U117/><E117/><V31/><F2/><W124/><G76/><T45/><D72/><U20/><E64/><V94/><F94/><W25/><G23/><T78/><D78/><U60/><E46/><V129/><F129/><W128/><G128/><T3/><D58/><U37/><E37/><V98/><F98/><W68/><G68/><T110/><D110/><U90/><E61/><V50/><F50/><W55/><G55/><T57/><D57/><U77/><E77/><V123/><F123/><W12/><G124/><T24/><D3/><U120/><E120/><V22/><F121/><W75/><G75/><T56/><D56/><U113/><E65/><V116/><F116/><W44/><G12/><T33/><D0/><U97/><E97/><AGARI ba="0,0" hai="25,27,38,43,44,85,88,89,93,95,96,97,101,104" machi="97" ten="30,7700,0" yaku="7,1,52,2,54,1" doraHai="21" who="3" fromWho="1" sc="250,0,250,-77,250,0,250,77" /><INIT seed="1,0,0,3,2,69" ten="250,173,250,327" oya="1" hai0="119,92,7,109,17,78,68,131,126,117,4,61,26" hai1="114,43,51,64,48,0,5,35,33,18,96,20,104" hai2="130,25,29,10,110,124,84,98,128,12,79,133,28" hai3="135,99,38,90,2,13,87,127,121,11,105,62,71"/><U56/><E114/><V37/><F37/><W24/><G2/><T42/><D78/><U50/><E0/><V82/><F110/><W34/><G121/><T9/><D109/><U39/><E5/><V116/><F116/><W101/><G135/><T86/><D126/><U129/><E129/><N who="2" m="49771" /><F124/><W66/><G127/><T55/><D131/><U47/><E64/><V30/><F133/><W73/><G73/><T72/><D72/><U46/><E56/><V54/><F54/><W134/><G134/><T3/><D7/><U83/><E83/><V97/><F25/><W27/><G38/><T1/><D1/><U52/><E35/><V77/><F77/><W115/><G115/><T123/><D123/><U132/><E33/><V106/><F106/><W120/><G34/><T49/><D42/><U45/><E45/><V103/><F103/><W8/><G8/><T74/><D26/><U6/><E6/><AGARI ba="0,0" hai="6,10,12,28,29,30,79,82,84,97,98" m="49771" machi="6" ten="30,1000,0" yaku="19,1" doraHai="69" who="2" fromWho="1" sc="250,0,173,-10,250,10,327,0" /><INIT seed="2,0,0,5,4,20" ten="250,163,260,327" oya="2" hai0="22,25,135,126,78,82,118,5,117,13,61,113,72" hai1="56,131,111,100,81,85,123,71,30,31,102,69,33" hai2="96,76,11,98,106,36,7,47,23,21,59,1,29" hai3="79,121,26,114,0,110,119,101,92,132,128,48,54"/><V19/><F106/><W134/><G79/><T112/><D126/><U91/><E111/><V62/><F29/><W44/><G119/><N who="0" m="45579" /><D61/><U38/><E38/><V14/><F23/><W16/><G110/><T8/><D135/><N who="3" m="51753" /><G121/><T65/><D65/><U24/><E131/><V6/><F6/><W39/><G39/><T41/><D41/><U108/><E108/><V32/><F32/><W95/><G114/><T15/><D15/><U2/><E2/><V35/><F35/><W60/><G0/><T17/><AGARI ba="0,0" hai="5,8,13,17,22,25,72,78,82,112,113" m="45579" machi="17" ten="30,2000,0" yaku="12,1,52,1" doraHai="20" who="0" fromWho="0" sc="250,20,163,-5,260,-10,327,-5" /><INIT seed="3,0,0,3,2,8" ten="270,158,250,322" oya="3" hai0="32,52,109,128,80,4,21,35,18,57,72,63,66" hai1="131,117,118,115,5,107,59,40,84,130,119,6,22" hai2="50,64,100,102,121,37,76,97,47,31,86,60,91" hai3="44,2,36,108,55,71,58,132,104,89,48,114,122"/><W79/><G114/><T34/><D109/><U96/><E40/><V105/><F37/><W0/><G122/><T95/><D128/><N who="1" m="49195" /><E59/><V98/><F76/><W133/><G108/><T1/><D1/><U123/><E84/><V124/><F121/><W127/><G127/><T7/><D95/><U30/><E96/><V25/><F124/><W77/><G104/><T12/><REACH who="0" step="1"/><D66/><REACH who="0" ten="260,158,250,322" step="2"/><U62/><E107/><V93/><F105/><W88/><G2/><T129/><D129/><U126/><E126/><V10/><F93/><W120/><G0/><T23/><D23/><U83/><E123/><V90/><F102/><W67/><G120/><T41/><D41/><U65/><E83/><V46/><F100/><W45/><G67/><T54/><D54/><U134/><E134/><V99/><F99/><W11/><G132/><T110/><D110/><U106/><E106/><V75/><F98/><W17/><G55/><T38/><D38/><U14/><E115/><V29/><F97/><W33/><G133/><T82/><D82/><U39/><E39/><V20/><F64/><W111/><G111/><T56/><D56/><N who="1" m="37063" /><E30/><V49/><F29/><W87/><G58/><T135/><D135/><U3/><E3/><V43/><F43/><W19/><G36/><T112/><D112/><U26/><E26/><V85/><F25/><W125/><G125/><T16/><D16/><AGARI ba="0,1" hai="5,6,14,16,22,117,118,119" m="37063,49195" machi="16" ten="40,8000,1" yaku="12,1,19,1,52,1,54,1" doraHai="8" who="1" fromWho="0" sc="260,-80,158,90,250,0,322,0" /><INIT seed="4,0,0,1,3,10" ten="180,248,250,322" oya="0" hai0="125,81,79,56,64,44,48,40,51,9,22,97,67" hai1="36,55,11,59,119,0,100,117,15,38,26,120,82" hai2="45,23,14,121,29,129,31,46,71,68,108,19,122" hai3="76,63,133,84,8,35,131,99,42,104,39,16,132"/><T92/><D125/><U115/><E120/><V53/><F108/><W18/><G131/><T105/><D105/><U112/><E0/><V83/><F129/><W135/><G35/><T109/><D109/><U32/><E100/><V73/><F73/><W37/><G63/><T24/><D9/><U60/><E82/><V58/><F83/><N who="3" m="47207" /><G42/><T107/><D107/><U124/><E124/><V34/><F34/><W20/><G8/><T111/><D111/><U1/><E1/><V114/><F114/><N who="1" m="43561" /><E26/><V13/><F23/><W33/><G33/><T25/><D25/><U126/><E32/><V17/><F53/><W62/><G62/><T47/><D56/><AGARI ba="0,0" hai="13,14,17,19,29,31,45,46,56,58,68,71,121,122" machi="56" ten="25,6400,0" yaku="22,2,52,2" doraHai="10" who="2" fromWho="0" sc="180,-64,248,0,250,64,322,0" /><INIT seed="5,0,0,0,2,35" ten="116,248,314,322" oya="1" hai0="8,122,31,9,85,132,103,99,106,30,109,36,112" hai1="89,42,126,105,48,65,20,94,127,22,59,56,116" hai2="107,91,18,92,90,110,134,69,16,17,53,77,84" hai3="37,115,51,88,123,81,14,3,26,97,74,128,10"/><U72/><E105/><V44/><F110/><W2/><G123/><T32/><D109/><U113/><E72/><V7/><F107/><W61/><G37/><T29/><D32/><U102/><E102/><V83/><F69/><W64/><G115/><T47/><D112/><U129/><E113/><V33/><F33/><W133/><G133/><T117/><D117/><U40/><E116/><V19/><F134/><W79/><G128/><T15/><D132/><U73/><E73/><V4/><N who="2" m="4096" /><DORA hai="98" /><V130/><F130/><W46/><G26/><T25/><D122/><U49/><E129/><V101/><F101/><W50/><G50/><N who="1" m="19562" /><E65/><V93/><F53/><W78/><G78/><T45/><D25/><U104/><E104/><V118/><F44/><W28/><G28/><T34/><D34/><U12/><E12/><V57/><F57/><N who="1" m="22089" /><E94/><N who="2" m="36459" /><F118/><W80/><G14/><T21/><D36/><U131/><E89/><AGARI ba="0,0" hai="4,7,77,83,84,89,90,91" m="36459,4096" machi="89" ten="40,2600,0" yaku="8,1,54,1" doraHai="35,98" who="2" fromWho="1" sc="116,0,248,-26,314,26,322,0" /><INIT seed="6,0,0,1,3,5" ten="116,222,340,322" oya="2" hai0="104,89,113,60,18,52,108,66,105,62,45,35,7" hai1="11,99,120,102,116,24,121,56,117,19,8,53,119" hai2="82,67,79,0,68,100,44,123,81,127,14,29,32" hai3="22,69,77,47,122,58,40,46,4,26,75,12,74"/><V96/><F123/><N who="1" m="47177" /><E19/><V21/><F0/><W9/><G69/><T16/><D108/><U71/><E24/><V61/><F127/><W112/><G112/><T48/><D113/><U39/><E39/><V20/><F44/><W86/><G58/><T118/><D118/><U109/><E71/><V124/><F124/><W36/><G47/><T95/><D35/><U43/><E43/><V92/><F92/><W37/><BYE who="2" /><G37/><T3/><D105/><N who="1" m="63711" /><E109/><V84/><F84/><W133/><G133/><T55/><D104/><U50/><AGARI ba="0,0" hai="8,11,50,53,56,116,117,119" m="63711,47177" machi="50" ten="40,5200,0" yaku="13,1,52,2" doraHai="5" who="1" fromWho="1" sc="116,-13,222,52,340,-26,322,-13" /><INIT seed="7,0,0,1,1,128" ten="103,274,314,309" oya="3" hai0="105,43,21,85,57,11,5,56,84,123,122,126,16" hai1="34,74,111,38,108,81,60,10,119,91,88,112,86" hai2="4,49,132,99,58,121,107,54,47,15,134,109,69" hai3="24,19,65,44,22,82,30,37,94,71,78,18,93"/><W53/><G71/><T117/><D117/><U127/><E34/><V9/><F9/><W17/><G65/><T7/><D105/><U70/><E38/><V25/><F25/><W133/><G133/><T73/><D73/><U59/><E70/><V13/><F13/><W26/><G26/><T14/><D126/><U45/><E74/><V6/><F6/><W89/><G89/><T41/><D14/><U33/><E33/><V100/><F100/><W23/><G23/><T96/><D21/><U72/><E72/><V8/><F8/><W97/><G97/><T131/><D11/><U27/><E119/><V92/><F92/><N who="3" m="35435" /><G37/><T42/><D42/><UN n2="%E3%81%8A%E3%83%BC%E3%81%84%E3%81%8A%E8%8C%B6" /><U35/><E127/><V63/><F69/><W129/><G129/><T67/><D67/><U118/><E118/><V115/><F121/><W31/><G31/><T52/><D131/><U79/><E112/><V66/><F115/><W110/><G110/><T116/><D116/><U76/><E10/><N who="2" m="4551" /><F99/><W83/><G78/><T114/><D96/><U12/><E12/><V64/><F109/><W87/><G87/><T51/><D114/><U50/><E111/><V48/><F107/><W101/><G101/><T32/><D32/><U106/><E106/><V104/><F104/><W130/><G130/><T61/><D51/><AGARI ba="0,0" hai="17,18,19,22,24,30,44,51,53,82,83" m="35435" machi="51" ten="30,1500,0" yaku="8,1" doraHai="128" who="3" fromWho="0" sc="103,-15,274,0,314,0,309,15" owari="88,-41.0,274,-13.0,314,11.0,324,43.0" /></mjloggm>