<mjloggm ver="2.3"><GO type="225" lobby="0"/><UN n0="%64%61%61%61%61%61%61%61" n1="%E5%AB%8C%E3%81%84%E3%81%98%E3%82%83%E3%81%AA%E3%81%84%E3%82%8F%EF%BC%81" n2="%E3%83%88%E3%83%88%E3%83%AA%E5%85%88%E7%94%9F%31%39%E6%AD%B3" n3="%74%61%74%73%75%37%30%32" dan="17,17,17,17" rate="2207.45,2135.88,2204.09,2248.93" sx="F,M,F,M"/><TAIKYOKU oya="0"/><INIT seed="0,0,0,1,0,108" ten="250,250,250,250" oya="0" hai0="121,9,22,120,86,35,41,12,133,81,93,83,55" hai1="97,49,27,113,103,116,105,102,78,51,11,29,106" hai2="56,85,76,79,89,18,2,91,65,38,112,13,110" hai3="104,48,44,127,122,125,21,54,98,69,26,109,71"/><T80/><D133/><U15/><E78/><V31/><F38/><W37/><G109/><T24/><D35/><U75/><E75/><V100/><F2/><W28/><G122/><T17/><D41/><U128/><E116/><V67/><F112/><W107/><G37/><T99/><D55/><U74/><E74/><V61/><F31/><W134/><G134/><T59/><D59/><U5/><E128/><V130/><F130/><W32/><G32/><T57/><D57/><U111/><E111/><V96/><F67/><W77/><G77/><T33/><D33/><U115/><E103/><V30/><F30/><W95/><G107/><T73/><D73/><U94/><E106/><V6/><F6/><W10/><G10/><T43/><D43/><U20/><E105/><V1/><F91/><W131/><G104/><T0/><D0/><U16/><E29/><V40/><F40/><W126/><REACH who="3" step="1"/><G131/><REACH who="3" ten="250,250,250,240" step="2"/><T14/><D121/><U101/><REACH who="1" step="1"/><E102/><AGARI ba="0,1" hai="21,26,28,44,48,54,69,71,95,98,102,125,126,127" machi="102" ten="40,8000,1" yaku="1,1,2,1,18,1,53,1" doraHai="108" doraHaiUra="46" who="3" fromWho="1" sc="250,0,250,-80,250,0,240,90" /><INIT seed="1,0,0,4,2,57" ten="250,170,250,330" oya="1" hai0="76,90,23,14,64,45,93,94,16,80,6,103,122" hai1="131,8,21,121,133,67,32,44,110,130,5,65,36" hai2="124,114,51,125,0,69,40,46,26,27,60,88,102" hai3="100,119,39,70,24,77,3,126,86,54,79,31,111"/><U28/><E121/><V112/><F0/><W4/><G111/><T105/><D122/><U30/><E32/><V38/><F102/><W43/><G126/><N who="2" m="48745" /><F27/><W75/><G54/><T59/><D6/><U33/><E33/><V120/><F26/><W83/><G79/><T123/><D123/><U47/><E133/><V98/><F120/><W13/><G13/><T78/><D105/><U58/><E110/><V127/><F127/><W106/><G86/><N who="0" m="50503" /><D45/><N who="1" m="17483" /><E36/><V71/><F38/><W7/><G43/><T63/><D94/><U9/><E21/><V115/><F60/><W56/><G39/><T53/><D53/><U81/><E81/><V109/><F109/><W117/><G100/><T52/><D64/><N who="1" m="24651" /><E58/><V35/><F35/><W72/><G56/><T20/><D20/><U113/><E113/><V74/><F74/><W129/><G72/><T22/><D22/><U15/><E9/><V87/><F98/><AGARI ba="0,0" hai="14,16,23,52,59,63,76,78,93,98,103" m="50503" machi="98" ten="30,7700,0" yaku="8,1,52,1,54,2" doraHai="57" who="0" fromWho="2" sc="250,77,170,0,250,-77,330,0" /><INIT seed="2,0,0,0,2,87" ten="327,170,173,330" oya="2" hai0="123,96,56,38,39,44,26,35,28,22,12,84,80" hai1="101,95,46,9,3,107,59,43,94,88,131,19,86" hai2="68,32,63,119,31,114,115,129,127,78,58,50,117" hai3="93,61,34,109,108,66,21,29,105,13,7,128,2"/><V42/><F78/><W65/><G128/><T1/><D123/><U67/><E131/><V24/><F129/><W104/><G66/><T113/><D113/><U135/><E135/><V51/><F68/><W30/><G34/><T91/><D1/><U60/><E107/><N who="3" m="41034" /><G2/><T54/><D96/><N who="1" m="59551" /><E3/><V53/><F127/><W45/><G45/><T134/><D134/><U0/><E0/><V97/><F97/><W116/><G93/><T57/><D44/><U83/><E46/><V33/><F42/><W110/><G116/><T47/><D47/><U81/><E43/><V52/><F63/><W103/><G103/><T4/><D56/><U16/><E9/><V71/><F71/><N who="3" m="42415" /><G21/><T37/><D4/><U118/><E118/><V48/><F58/><W40/><G40/><T82/><D82/><AGARI ba="0,0" hai="16,19,59,60,67,81,82,83,86,88,94" m="59551" machi="82" ten="30,7700,0" yaku="8,1,52,1,54,2" doraHai="87" who="1" fromWho="0" sc="327,-77,170,77,173,0,330,0" /><INIT seed="3,0,0,4,3,7" ten="250,247,173,330" oya="3" hai0="1,119,87,57,130,8,99,132,27,116,12,74,51" hai1="20,129,114,96,29,31,106,23,18,80,98,42,123" hai2="78,107,38,58,24,21,61,69,53,54,94,65,79" hai3="133,67,90,76,15,28,81,64,121,3,88,83,75"/><W55/><G121/><T60/><D74/><U49/><E123/><V111/><F107/><W41/><G3/><T135/><D1/><U14/><E114/><V134/><F111/><W50/><G41/><T124/><D130/><U120/><E129/><V126/><F134/><N who="0" m="51242" /><D124/><U34/><E34/><V30/><F126/><W4/><G28/><N who="1" m="10826" /><E106/><V109/><F109/><W95/><G133/><T122/><D27/><U127/><E127/><V118/><F118/><W104/><G83/><T108/><D108/><U59/><E120/><V43/><F54/><W84/><G90/><T47/><D99/><N who="1" m="37931" /><E80/><V44/><REACH who="2" step="1"/><F94/><REACH who="2" ten="250,247,163,330" step="2"/><W62/><G104/><T97/><D119/><U100/><E100/><V71/><F71/><W19/><G62/><T128/><D60/><U73/><E42/><V13/><F13/><W22/><G4/><T101/><D12/><U102/><E102/><V6/><F6/><W125/><G125/><T9/><D101/><U48/><E59/><AGARI ba="0,1" hai="15,19,22,50,55,59,64,67,75,76,81,84,88,95" machi="59" ten="30,11600,0" yaku="7,1,25,2,54,1" doraHai="7" who="3" fromWho="1" sc="250,0,247,-116,163,0,330,126" owari="250,5.0,131,-37.0,163,-24.0,456,56.0" /></mjloggm>