<mjloggm ver="2.3"><GO type="41" lobby="0"/><UN n0="%74%61%6D%69%34%39%34%39" n1="%E3%81%93%E3%81%82%E3%81%8B%E3%82%8A" n2="%77%68%79%3F" n3="%E5%B0%B1%E6%B4%BB%E7%94%9F%40%E5%B7%9D%E6%9D%91%E8%BB%8D%E5%9B%A3" dan="14,15,15,17" rate="1934.60,2025.39,1929.90,2211.21" sx="M,M,M,M"/><TAIKYOKU oya="0"/><INIT seed="0,0,0,2,3,82" ten="250,250,250,250" oya="0" hai0="8,9,36,58,84,11,18,107,32,52,83,86,101" hai1="70,131,29,19,65,71,114,56,34,66,49,80,77" hai2="73,26,15,68,61,76,0,33,1,124,78,6,74" hai3="42,120,27,54,48,7,110,16,23,3,35,93,51"/><T109/><D32/><U112/><E131/><V122/><F122/><W67/><G110/><T41/><D109/><U4/><E4/><V39/><F15/><W99/><G120/><T55/><D101/><U31/><E19/><V17/><F124/><W97/><G35/><T133/><D107/><U14/><E14/><V103/><F103/><W98/><G67/><N who="1" m="25610" /><E49/><V85/><F61/><W104/><G104/><T123/><D123/><U57/><E80/><V64/><F64/><W129/><G129/><T44/><D18/><U117/><E34/><V90/><F17/><W95/><G7/><T94/><D133/><U59/><E77/><V63/><F63/><W106/><G106/><T134/><D134/><U96/><E96/><V43/><F78/><W111/><G3/><T28/><D28/><N who="1" m="10827" /><E117/><V79/><F79/><W75/><G75/><T24/><D24/><U47/><E47/><V13/><F33/><W81/><G81/><T22/><D22/><U132/><E132/><V25/><F26/><W118/><G118/><T113/><D83/><U102/><E102/><V53/><F25/><W105/><G105/><T21/><D21/><U69/><AGARI ba="0,0" hai="56,57,59,69,70,71,112,114" m="10827,25610" machi="69" ten="40,2700,0" yaku="28,2" doraHai="82" who="1" fromWho="1" sc="250,-13,250,27,250,-7,250,-7" /><INIT seed="1,0,0,5,4,85" ten="237,277,243,243" oya="1" hai0="66,24,52,117,70,134,68,47,51,65,10,5,43" hai1="11,62,93,6,96,39,104,130,101,123,42,1,18" hai2="83,71,86,124,40,121,44,3,45,106,113,33,4" hai3="112,37,126,34,118,7,111,100,131,90,103,109,74"/><U15/><E123/><V97/><F121/><W56/><G34/><T55/><D117/><U95/><E130/><V60/><F113/><W80/><G37/><T119/><D24/><U58/><E42/><V21/><F124/><W63/><G7/><T31/><D31/><U61/><E39/><V41/><F33/><W2/><G2/><T133/><D119/><U125/><E125/><V135/><F135/><N who="0" m="51722" /><D10/><U94/><REACH who="1" step="1"/><E58/><REACH who="1" ten="237,267,243,243" step="2"/><V32/><F41/><W102/><G126/><T76/><D5/><U122/><E122/><V91/><F40/><W120/><G118/><T20/><D76/><U67/><E67/><N who="0" m="25609" /><D20/><AGARI ba="0,1" hai="1,6,11,15,18,20,61,62,93,94,95,96,101,104" machi="20" ten="40,12000,1" yaku="1,1,53,3" doraHai="85" doraHaiUra="88" who="1" fromWho="0" sc="237,-120,267,130,243,0,243,0" /><INIT seed="1,1,0,1,0,63" ten="117,397,243,243" oya="1" hai0="52,32,84,126,48,78,87,134,61,120,106,24,90" hai1="54,122,76,12,23,58,51,92,29,129,36,0,28" hai2="85,130,71,38,33,110,96,94,59,4,6,102,5" hai3="79,68,123,65,89,2,80,56,109,73,100,101,135"/><U121/><E36/><V49/><F71/><W75/><G75/><T39/><D39/><U10/><E129/><V67/><F38/><W77/><G77/><T27/><D106/><U74/><E0/><V88/><F130/><W98/><G68/><T95/><D120/><U113/><E113/><V116/><F33/><W128/><G2/><T7/><D32/><U17/><E92/><V86/><F110/><W82/><G123/><T37/><D37/><U45/><E29/><V69/><F69/><W11/><G109/><T18/><D7/><U131/><E131/><V25/><F116/><W14/><G135/><T20/><D134/><U127/><E127/><V118/><F118/><W15/><G15/><T108/><D61/><U81/><E45/><V9/><F25/><W55/><G128/><T103/><D103/><U19/><E28/><V57/><F9/><W16/><G65/><T97/><D126/><U42/><E42/><V91/><F67/><W50/><G82/><T66/><D66/><U112/><E112/><V107/><REACH who="2" step="1"/><F49/><REACH who="2" ten="117,397,233,243" step="2"/><W119/><G119/><T83/><D108/><U133/><E133/><V31/><F31/><W47/><G50/><T99/><REACH who="0" step="1"/><D27/><AGARI ba="1,1" hai="10,12,17,19,23,27,51,54,58,74,76,81,121,122" machi="27" ten="30,1500,0" yaku="7,1" doraHai="63" who="1" fromWho="0" sc="117,-18,397,28,233,0,243,0" /><INIT seed="1,2,0,0,3,21" ten="99,425,233,243" oya="1" hai0="23,22,117,96,27,33,105,30,6,29,10,17,24" hai1="135,35,5,2,80,106,55,83,19,11,3,90,39" hai2="133,71,37,8,85,64,74,99,100,75,79,52,53" hai3="20,91,49,38,50,66,34,107,108,120,112,97,132"/><U113/><E113/><V128/><F37/><W25/><G38/><T115/><D105/><U130/><E106/><V63/><F133/><W95/><G112/><T26/><D96/><U72/><E39/><V102/><F128/><W59/><G120/><T104/><D104/><U12/><E130/><V82/><F102/><W60/><G132/><T69/><D69/><U46/><E135/><V76/><F8/><W57/><G108/><T15/><D115/><U84/><E35/><V14/><F14/><W111/><G111/><T13/><D117/><U1/><E5/><V9/><F9/><W61/><G34/><T126/><D126/><U41/><E41/><V131/><F131/><W110/><G107/><T123/><D123/><U93/><E72/><V118/><F118/><W42/><G42/><T122/><D122/><U28/><E28/><V116/><F116/><W101/><G110/><T109/><D109/><U88/><REACH who="1" step="1"/><E90/><REACH who="1" ten="99,415,233,243" step="2"/><V40/><F40/><W70/><G91/><T87/><REACH who="0" step="1"/><D87/><REACH who="0" ten="89,415,233,243" step="2"/><U89/><E89/><V58/><F85/><W7/><G7/><T114/><D114/><U18/><E18/><V78/><F75/><W68/><G68/><T56/><D56/><U16/><E16/><V65/><F71/><W125/><G70/><T127/><D127/><U94/><E94/><N who="2" m="58487" /><F74/><W134/><G134/><T67/><D67/><U73/><E73/><N who="2" m="43279" /><F64/><N who="3" m="38927" /><G125/><T54/><D54/><U77/><E77/><N who="2" m="29195" /><F53/><W119/><G119/><T43/><D43/><U103/><E103/><V44/><F65/><W32/><G32/><T31/><D31/><AGARI ba="2,2" hai="20,25,31,49,50,59,61,66,95,97,101" m="38927" machi="31" ten="30,3900,0" yaku="25,1,8,1,52,1" doraHai="21" who="3" fromWho="0" sc="89,-45,415,0,233,0,243,65" /><INIT seed="2,0,0,3,0,71" ten="44,415,233,308" oya="2" hai0="74,15,126,65,93,52,4,78,46,28,13,10,17" hai1="34,133,106,70,120,92,89,108,124,87,1,76,43" hai2="105,83,132,131,47,7,22,23,3,62,117,5,2" hai3="19,102,75,96,8,98,45,32,84,103,48,79,67"/><V129/><F117/><W63/><G75/><T64/><D28/><U99/><E43/><V128/><F105/><W104/><G32/><T130/><D74/><U116/><E87/><V0/><F62/><W37/><G37/><T27/><D27/><U100/><E89/><V58/><F58/><W41/><G19/><T14/><D78/><U90/><E76/><V135/><F47/><W109/><G109/><T94/><D126/><U31/><E90/><V36/><F36/><W9/><G84/><T44/><D130/><U59/><E59/><V86/><F83/><W57/><G79/><T61/><D15/><U80/><E92/><AGARI ba="0,0" hai="8,9,41,45,48,57,63,67,92,96,98,102,103,104" machi="92" ten="30,1000,0" yaku="7,1" doraHai="71" who="3" fromWho="1" sc="44,0,415,-10,233,0,308,10" /><INIT seed="3,0,0,0,4,135" ten="44,405,233,318" oya="3" hai0="62,67,26,27,117,0,3,130,80,103,16,93,112" hai1="39,63,34,118,78,74,55,31,68,45,43,89,22" hai2="29,5,97,121,126,109,107,90,32,38,99,41,134" hai3="129,7,88,73,50,120,35,66,33,56,19,127,24"/><W101/><G73/><T42/><D117/><U36/><E118/><V11/><F134/><W60/><G120/><T57/><D42/><U75/><E34/><V81/><F121/><W47/><G101/><T12/><D112/><U119/><E119/><V46/><F109/><W110/><G7/><T92/><D130/><U65/><E89/><V115/><F115/><W122/><G122/><T18/><D80/><U116/><E116/><V105/><F29/><W71/><G71/><T20/><D27/><U17/><E31/><V91/><F32/><W108/><G129/><T125/><D125/><U98/><E98/><V53/><F126/><W25/><G127/><T79/><D79/><U28/><E28/><V124/><F124/><W4/><G4/><T85/><D93/><U54/><E39/><V52/><F97/><W72/><G72/><T70/><D70/><U59/><E78/><V21/><F21/><W2/><G2/><T86/><D86/><U114/><E114/><V58/><F81/><W69/><G69/><T1/><D1/><U51/><E55/><V133/><F53/><W84/><G33/><T9/><D103/><U23/><E23/><V96/><F96/><W95/><G35/><T104/><D104/><U8/><E8/><V61/><F133/><W64/><G64/><T30/><D30/><U83/><E83/><V76/><F76/><W100/><G100/><T106/><D106/><N who="2" m="40458" /><F99/><W102/><G102/><T82/><D82/><U77/><E77/><V49/><F38/><W14/><G108/><T87/><D92/><U131/><E131/><V40/><F40/><RYUUKYOKU ba="0,0" sc="44,10,405,10,233,10,318,-30" hai0="0,3,9,12,16,18,20,26,57,62,67,85,87" hai1="17,22,36,43,45,51,54,59,63,65,68,74,75" hai2="5,11,41,46,49,52,58,61,90,91" /><INIT seed="4,1,0,0,2,112" ten="54,415,243,288" oya="0" hai0="38,26,21,94,132,91,6,32,128,10,107,35,50" hai1="86,9,117,109,18,55,54,69,8,126,114,92,124" hai2="1,97,120,125,64,70,11,89,56,15,2,44,60" hai3="123,36,61,135,41,121,110,65,100,122,98,118,130"/><T71/><D107/><U37/><E117/><V67/><F120/><W129/><G110/><T49/><D38/><U16/><E109/><V81/><F125/><N who="1" m="48233" /><E69/><V134/><F134/><W14/><G118/><T80/><D71/><U13/><E37/><V27/><F27/><W3/><G3/><T7/><D132/><U59/><E114/><V133/><F133/><W0/><G0/><T108/><D108/><U39/><E39/><V111/><F111/><W17/><G41/><T40/><D80/><U12/><E59/><V19/><F44/><W4/><G4/><T113/><D113/><U119/><E119/><V58/><F70/><N who="3" m="42287" /><G36/><T75/><D7/><U29/><E29/><V68/><F68/><W76/><G76/><T77/><D77/><U62/><E62/><V34/><F34/><W66/><G66/><T22/><D75/><U106/><E106/><V88/><F56/><W51/><G51/><T72/><D72/><U131/><E131/><V83/><F67/><W103/><G135/><T93/><D128/><N who="3" m="49257" /><G98/><T43/><D6/><U25/><E25/><V24/><F24/><W102/><G102/><T96/><D26/><U5/><E5/><V90/><F97/><W33/><G33/><T63/><D96/><U20/><E20/><AGARI ba="1,0" hai="14,17,20,100,103,121,122,123" m="49257,42287" machi="20" ten="40,2600,0" yaku="13,1,19,1" doraHai="112" who="3" fromWho="1" sc="54,0,415,-29,243,0,288,29" /><INIT seed="5,0,0,3,3,82" ten="54,386,243,317" oya="1" hai0="46,98,2,3,69,116,132,44,70,113,65,6,35" hai1="72,20,68,29,119,19,13,21,45,79,99,121,115" hai2="88,128,1,51,38,94,85,101,7,55,131,126,47" hai3="103,0,17,87,10,28,111,95,8,16,18,43,102"/><U30/><E121/><V31/><F126/><W108/><G0/><T133/><D35/><U89/><E119/><V27/><F38/><W14/><G108/><T36/><D98/><U5/><E68/><V15/><F101/><N who="3" m="38411" /><G111/><T62/><D6/><U122/><E122/><V41/><F1/><W58/><G43/><T37/><D116/><U63/><E115/><V84/><F41/><W22/><G58/><T112/><D62/><U127/><E127/><V74/><F74/><W83/><G95/><T40/><D40/><U135/><E135/><V106/><F106/><W120/><G120/><T59/><D59/><U48/><E63/><V73/><F73/><W34/><G34/><T129/><D129/><N who="2" m="49738" /><F15/><W107/><G107/><T49/><REACH who="0" step="1"/><D49/><REACH who="0" ten="44,386,243,317" step="2"/><U91/><E99/><N who="2" m="57799" /><F7/><W125/><G125/><T77/><D77/><U67/><E48/><V4/><F4/><W92/><G14/><T110/><D110/><U93/><E79/><V53/><F53/><W39/><G39/><T9/><D9/><U114/><E5/><V24/><F24/><W134/><G10/><T97/><D97/><U80/><E13/><V56/><F56/><W25/><G8/><T71/><D71/><U81/><E114/><V123/><F123/><W117/><G117/><T75/><D75/><U66/><E72/><V54/><F55/><W42/><G42/><T90/><D90/><U52/><E89/><V32/><AGARI ba="0,1" hai="27,31,32,47,51,54,84,85" m="57799,49738" machi="32" ten="30,7900,0" yaku="19,1,52,2,54,1" doraHai="82" who="2" fromWho="2" sc="44,-20,386,-39,243,89,317,-20" /><INIT seed="6,0,0,4,2,109" ten="24,347,332,297" oya="2" hai0="104,74,121,53,95,0,57,103,20,120,10,6,97" hai1="73,55,21,111,8,48,63,17,107,83,13,100,126" hai2="69,112,130,89,46,125,52,135,96,19,88,56,15" hai3="128,119,115,4,76,58,26,114,38,94,85,117,14"/><V106/><F69/><W31/><G38/><T132/><D132/><U30/><E111/><V93/><F135/><W99/><G128/><T122/><D74/><U102/><E126/><V44/><F125/><W5/><G58/><T41/><D41/><U78/><E107/><V91/><F130/><W90/><G76/><T98/><D20/><U2/><E63/><N who="2" m="36231" /><F112/><N who="3" m="43051" /><G99/><T101/><REACH who="0" step="1"/><D121/><REACH who="0" ten="14,347,332,297" step="2"/><U33/><E33/><V35/><F35/><N who="3" m="20983" /><G14/><T40/><D40/><U68/><E13/><V124/><F124/><W82/><G82/><T32/><D32/><U105/><E83/><V12/><F12/><W59/><G59/><T23/><D23/><U3/><E21/><N who="2" m="11519" /><F106/><W110/><G110/><T81/><D81/><U39/><E105/><V28/><F28/><W43/><G43/><T34/><D34/><U50/><E30/><V64/><F46/><W108/><G108/><T29/><D29/><U25/><E73/><V79/><F44/><W80/><G80/><T86/><D86/><U47/><E47/><V37/><F37/><W133/><G133/><T75/><D75/><U16/><E39/><V129/><F129/><W11/><G11/><T18/><D18/><U66/><E8/><V123/><F123/><W67/><G67/><T116/><D116/><AGARI ba="0,1" hai="4,5,85,90,94,116,117,119" m="20983,43051" machi="116" ten="30,8000,1" yaku="15,1,11,1,52,3" doraHai="109" who="3" fromWho="0" sc="14,-80,347,0,332,0,297,90" owari="-66,-57.0,347,15.0,332,-7.0,387,49.0" /></mjloggm>