<mjloggm ver="2.3"><GO type="169" lobby="0"/><UN n0="%E5%B0%B1%E6%B4%BB%E7%94%9F%40%E5%B7%9D%E6%9D%91%E8%BB%8D%E5%9B%A3" n1="%E5%AF%8C%E7%94%B7%E3%81%A7%E3%81%99" n2="%E2%98%86%E3%82%BF%E3%82%B9%E3%83%9E%E3%83%8B%E3%82%A2" n3="%E3%82%B7%E3%83%A3%E3%82%AD%E3%82%AA%E3%83%8B" dan="17,16,17,16" rate="2209.34,2060.97,2154.16,2108.04" sx="M,M,M,M"/><TAIKYOKU oya="0"/><INIT seed="0,0,0,5,0,35" ten="250,250,250,250" oya="0" hai0="4,89,120,40,126,8,132,79,112,26,93,97,111" hai1="94,49,38,68,45,107,57,61,110,78,28,113,31" hai2="129,99,123,74,72,47,44,77,13,58,23,67,90" hai3="56,101,30,25,70,34,73,131,55,104,134,66,53"/><T124/><D120/><U17/><E107/><V7/><F123/><W102/><G134/><T81/><D112/><U39/><E113/><V71/><F71/><W114/><G114/><T22/><D40/><U128/><E68/><V19/><F129/><W24/><G131/><T15/><D132/><U95/><E110/><V83/><F72/><W117/><G117/><T88/><D111/><U106/><E106/><V63/><F90/><W109/><G73/><T75/><REACH who="0" step="1"/><D89/><REACH who="0" ten="240,250,250,250" step="2"/><U119/><E128/><V133/><F133/><W10/><G109/><T6/><D6/><U46/><E119/><V5/><F5/><W33/><G102/><T18/><AGARI ba="0,1" hai="4,8,15,18,22,26,75,79,81,88,93,97,124,126" machi="18" ten="30,11700,0" yaku="1,1,0,1,54,1,53,1" doraHai="35" doraHaiUra="16" who="0" fromWho="0" sc="240,127,250,-39,250,-39,250,-39" /><INIT seed="0,1,0,4,0,59" ten="367,211,211,211" oya="0" hai0="16,25,133,53,86,32,104,62,100,80,110,65,89" hai1="121,127,61,70,106,75,105,37,46,114,9,35,31" hai2="43,103,111,52,33,64,54,44,94,124,40,92,60" hai3="116,109,97,10,49,99,50,69,0,26,34,101,118"/><T38/><D38/><U125/><E75/><V29/><F111/><W3/><G69/><T23/><D133/><U90/><E90/><V102/><F124/><N who="1" m="47689" /><E9/><V8/><F8/><W72/><G72/><T41/><D110/><U19/><E19/><V82/><F82/><W2/><G109/><T56/><D32/><U48/><E121/><V67/><F33/><W85/><G85/><T126/><D126/><U15/><E15/><V122/><F29/><W131/><G10/><T83/><D41/><N who="1" m="22831" /><E114/><V135/><F135/><W17/><G34/><T71/><D104/><U132/><E48/><V45/><REACH who="2" step="1"/><F60/><REACH who="2" ten="367,211,201,211" step="2"/><W128/><G2/><T95/><D100/><U123/><E132/><V47/><F47/><W24/><G101/><T7/><D7/><U130/><E123/><AGARI ba="1,1" hai="40,43,44,45,52,54,64,67,92,94,102,103,122,123" machi="123" ten="25,6400,0" yaku="1,1,22,2,54,1,53,0" doraHai="59" doraHaiUra="12" who="2" fromWho="1" sc="367,0,211,-67,201,77,211,0" /><INIT seed="1,0,0,4,1,96" ten="367,144,278,211" oya="1" hai0="116,51,56,126,85,93,34,69,118,65,92,30,13" hai1="48,105,61,135,36,83,42,31,17,32,21,22,27" hai2="11,94,127,84,53,97,120,80,9,81,62,75,87" hai3="134,111,117,14,59,125,15,46,47,86,95,8,114"/><U64/><E135/><V35/><F120/><W133/><G114/><T131/><D69/><U121/><E121/><V39/><F39/><W40/><G111/><T90/><D126/><U129/><E129/><V4/><F35/><W119/><G59/><T25/><D131/><U19/><E36/><V100/><F127/><W1/><G1/><T103/><D13/><U41/><E105/><V0/><F11/><W70/><G70/><T28/><D28/><U57/><E83/><V45/><F80/><W101/><G125/><T72/><D72/><U26/><REACH who="1" step="1"/><E48/><REACH who="1" ten="367,134,278,211" step="2"/><N who="2" m="28815" /><F81/><W50/><G133/><T88/><D51/><U76/><E76/><V91/><F62/><W43/><G134/><T2/><D116/><U67/><E67/><V37/><F37/><W113/><G50/><T89/><D118/><U10/><E10/><V66/><F9/><W71/><G8/><T3/><D65/><U77/><E77/><V99/><F66/><W6/><G119/><T82/><D82/><U54/><E54/><V107/><F107/><W24/><G117/><T122/><D122/><U98/><E98/><V73/><F97/><W55/><G55/><T49/><D49/><U7/><E7/><V60/><F99/><W33/><G6/><T23/><D92/><U115/><E115/><V102/><F4/><W78/><G95/><T29/><D93/><U63/><E63/><V132/><F60/><W123/><G78/><T20/><D90/><U128/><E128/><V79/><F91/><W5/><G113/><T112/><D88/><U38/><E38/><V58/><F132/><W12/><G5/><RYUUKYOKU ba="0,1" sc="367,-10,134,30,278,-10,211,-10" hai1="17,19,21,22,26,27,31,32,41,42,57,61,64" /><INIT seed="1,1,1,2,0,40" ten="357,164,268,201" oya="1" hai0="129,30,132,45,80,77,3,1,114,15,2,76,19" hai1="14,74,37,82,85,31,44,24,102,18,92,87,26" hai2="83,53,10,39,86,131,36,69,108,59,7,58,12" hai3="115,81,57,126,34,0,88,135,128,66,95,27,97"/><U64/><E64/><V54/><F69/><W21/><G115/><T11/><D114/><U20/><E74/><V134/><F108/><W104/><G0/><T99/><D129/><U68/><E68/><V22/><F131/><W107/><G128/><T16/><D132/><U111/><E111/><V110/><F110/><W8/><G135/><T32/><D99/><U120/><E120/><V67/><F134/><W73/><G34/><T84/><D19/><U28/><E102/><V101/><F101/><N who="3" m="60607" /><G8/><T71/><D71/><U56/><E56/><V9/><F22/><W42/><G42/><T72/><D72/><U29/><E37/><V63/><F10/><W43/><G43/><T61/><D61/><U106/><E106/><V70/><F67/><W51/><G51/><T96/><D96/><U121/><E121/><V109/><F70/><W116/><G116/><T91/><D30/><U117/><E117/><V33/><F33/><W60/><G126/><T98/><D32/><U49/><E92/><V79/><REACH who="2" step="1"/><F109/><REACH who="2" ten="357,164,258,201" step="2"/><W6/><G21/><T124/><D124/><U112/><E112/><V4/><F4/><W48/><G6/><T119/><D119/><U113/><E113/><V125/><F125/><W47/><G66/><T103/><D103/><U130/><E130/><V38/><F38/><W23/><G23/><T100/><D100/><U123/><E123/><V5/><F5/><W93/><G107/><T62/><D11/><N who="1" m="6495" /><E26/><V90/><F90/><W52/><G27/><T50/><D2/><U105/><E105/><V133/><F133/><W41/><G104/><T89/><D3/><RYUUKYOKU ba="1,2" sc="357,-10,164,-10,258,30,201,-10" hai2="7,9,12,36,39,53,54,58,59,63,79,83,86" /><INIT seed="2,2,2,5,4,130" ten="347,154,288,191" oya="2" hai0="97,30,0,33,112,109,32,25,12,110,29,103,133" hai1="134,45,18,58,107,79,31,9,91,10,64,123,23" hai2="53,44,57,122,116,60,11,54,74,62,43,94,117" hai3="118,113,125,65,75,69,119,68,70,114,121,27,42"/><V41/><F122/><W132/><G75/><T127/><D112/><N who="3" m="43113" /><G121/><T72/><D72/><U63/><E123/><V1/><F74/><W22/><G125/><T131/><D0/><U90/><E107/><V8/><F94/><W51/><G65/><T56/><D131/><U46/><E79/><V108/><F1/><W5/><G5/><T40/><D40/><U67/><E67/><V21/><F21/><W95/><G95/><T36/><D36/><U92/><E90/><V20/><F20/><W104/><G104/><T129/><D127/><U37/><E31/><V77/><F77/><W124/><G124/><T96/><D129/><U88/><E91/><V3/><F3/><W76/><G76/><T26/><D12/><N who="1" m="9671" /><E37/><V55/><F55/><W87/><G87/><T115/><D115/><U4/><E4/><V83/><F83/><W84/><G84/><T99/><D56/><U49/><E46/><V52/><F54/><W34/><G51/><T66/><D66/><U80/><E80/><V111/><F57/><W73/><G42/><T38/><D38/><U105/><E105/><V50/><REACH who="2" step="1"/><F50/><REACH who="2" ten="347,154,278,191" step="2"/><W106/><G73/><T120/><D120/><U7/><E49/><V82/><F82/><W2/><G106/><T15/><D103/><U89/><E58/><V71/><F71/><W39/><G39/><T35/><D35/><U85/><E45/><AGARI ba="2,3" hai="8,11,41,43,44,45,52,53,60,62,108,111,116,117" machi="45" ten="25,9600,0" yaku="1,1,22,2,54,1,53,0" doraHai="130" doraHaiUra="28" who="2" fromWho="1" sc="347,0,154,-102,278,132,191,0" /><INIT seed="2,3,0,0,1,29" ten="347,52,410,191" oya="2" hai0="120,30,129,6,130,80,19,60,74,114,78,21,98" hai1="128,67,36,64,126,79,123,62,76,99,65,27,56" hai2="12,75,48,35,57,54,47,97,50,101,87,53,43" hai3="61,55,132,102,22,51,117,40,17,69,108,24,119"/><V52/><F75/><W5/><G108/><T104/><D120/><U72/><E36/><V93/><F35/><W125/><G132/><T71/><D114/><U45/><E123/><V73/><F73/><W90/><G125/><T11/><D30/><U31/><E72/><V89/><REACH who="2" step="1"/><F12/><REACH who="2" ten="347,52,400,191" step="2"/><W14/><G14/><T42/><D129/><U34/><E128/><V59/><F59/><W135/><G135/><T106/><D130/><U28/><E126/><V8/><F8/><W13/><G13/><T85/><D11/><U111/><E111/><V113/><F113/><W38/><G119/><T109/><D74/><U44/><E31/><V100/><F100/><W3/><G102/><T39/><D71/><U68/><E68/><V95/><AGARI ba="3,1" hai="43,47,48,50,52,53,54,57,87,89,93,95,97,101" machi="95" ten="20,12000,1" yaku="1,1,0,1,7,1,8,1,54,1,53,0" doraHai="29" doraHaiUra="1" who="2" fromWho="2" sc="347,-43,52,-43,400,139,191,-43" /><INIT seed="2,4,0,0,5,107" ten="304,9,539,148" oya="2" hai0="120,30,38,135,11,114,0,130,101,124,116,19,71" hai1="79,7,125,6,104,133,5,9,115,106,13,74,66" hai2="96,86,2,41,99,50,24,35,64,54,20,42,55" hai3="3,32,34,29,45,44,21,47,73,4,68,52,102"/><V118/><F35/><W112/><G68/><T126/><RYUUKYOKU type="yao9" ba="4,0" sc="304,0,9,0,539,0,148,0" hai0="0,11,19,30,38,71,101,114,116,120,124,126,130,135" /><INIT seed="2,5,0,0,5,67" ten="304,9,539,148" oya="2" hai0="6,63,77,131,10,102,130,103,117,53,82,125,4" hai1="5,36,91,106,30,17,57,76,64,69,7,89,94" hai2="52,11,116,98,120,58,109,108,86,12,123,73,13" hai3="97,60,19,28,99,9,68,2,0,31,75,119,133"/><V79/><F73/><W56/><G75/><T100/><D125/><U111/><E106/><V110/><F116/><W47/><G119/><T33/><D33/><U135/><E36/><V118/><F118/><W50/><G133/><T54/><D117/><U114/><E114/><V51/><F98/><W61/><G19/><T83/><D63/><U132/><E30/><V124/><F124/><W39/><G9/><T70/><D70/><U121/><E69/><V26/><F26/><W23/><G23/><T25/><D25/><U115/><E115/><V62/><F62/><W96/><G61/><T49/><D77/><U128/><E128/><N who="0" m="49193" /><D53/><U37/><E64/><V101/><F101/><W34/><G34/><T45/><D4/><U48/><E121/><N who="2" m="46667" /><F11/><W18/><G18/><T72/><D72/><U32/><E17/><V15/><F86/><W16/><G16/><T122/><D122/><U8/><E32/><V95/><F95/><W107/><G107/><T21/><D21/><U35/><E35/><V112/><F79/><W93/><G93/><T59/><D45/><U71/><E76/><V105/><F105/><W85/><G85/><T134/><D134/><N who="1" m="51243" /><E71/><V113/><AGARI ba="5,0" hai="12,13,15,51,52,58,108,109,110,112,113" m="46667" machi="113" ten="40,7800,0" yaku="14,1,10,1,54,1" doraHai="67" who="2" fromWho="2" sc="304,-31,9,-31,539,93,148,-31" owari="273,7.0,-22,-52.0,632,73.0,117,-28.0" /></mjloggm>