<mjloggm ver="2.3"><GO type="169" lobby="0"/><UN n0="%E3%83%8C%E3%82%A2%E3%82%AF%E3%82%B7%E3%83%A7%E3%83%83%E3%83%88" n1="%E3%81%AF%E3%81%92%E3%81%A1%E3%82%87%E3%81%8F" n2="%E3%82%A6%E3%83%AB%E3%83%88%E3%83%A9%E7%AB%8B%E7%9B%B4" n3="%7A%6B%75%72%74" dan="17,17,17,17" rate="2138.17,2245.47,2141.18,2207.80" sx="M,M,M,M"/><TAIKYOKU oya="0"/><INIT seed="0,0,0,2,2,78" ten="250,250,250,250" oya="0" hai0="75,29,92,15,70,76,110,106,84,116,50,25,96" hai1="122,34,125,9,123,63,31,119,69,40,77,2,54" hai2="124,41,14,101,100,95,55,62,127,93,10,49,99" hai3="126,20,68,90,37,7,117,8,3,114,48,33,134"/><T18/><D70/><U91/><E119/><V60/><F41/><W98/><G37/><T112/><D75/><U56/><E69/><V102/><F127/><W47/><G114/><T53/><D106/><U0/><E77/><V46/><F124/><W5/><G33/><T52/><D112/><U58/><E40/><V135/><F135/><W17/><G117/><T4/><D4/><U26/><E125/><V13/><F13/><W51/><G7/><T61/><D61/><U19/><E0/><V72/><F72/><W103/><G68/><T6/><D6/><U108/><E108/><V128/><F128/><W120/><G134/><T85/><D76/><U79/><E79/><V109/><F109/><W89/><G120/><T23/><D53/><U32/><E32/><V45/><F45/><W129/><G51/><T30/><D30/><U105/><E105/><V1/><F1/><W81/><G129/><T66/><D66/><U94/><E56/><V24/><F24/><W118/><G118/><T38/><D38/><U71/><E71/><V64/><F64/><W111/><G111/><T12/><D116/><U35/><E35/><V22/><F22/><W39/><G39/><T133/><D133/><U36/><E36/><V130/><F130/><W115/><G115/><T67/><D67/><U27/><E2/><V113/><F113/><W44/><G126/><T43/><D43/><U82/><E122/><V57/><F57/><W107/><G3/><T132/><D52/><U65/><E65/><V21/><F62/><W88/><G107/><T83/><D132/><U73/><E63/><RYUUKYOKU ba="0,0" sc="250,0,250,0,250,0,250,0" /><INIT seed="1,1,0,5,4,93" ten="250,250,250,250" oya="1" hai0="11,33,95,24,52,14,17,9,101,111,53,100,119" hai1="61,76,23,108,1,2,86,45,6,116,131,125,117" hai2="128,32,46,97,20,25,3,133,44,29,80,18,71" hai3="75,67,26,62,135,12,56,110,34,120,50,104,49"/><U48/><E125/><V81/><F71/><W88/><G120/><T113/><D111/><U59/><E108/><V5/><F128/><W58/><G75/><T115/><D119/><U114/><E114/><V105/><F133/><W91/><G110/><T41/><D41/><U89/><E76/><V63/><F63/><W134/><G104/><T43/><D43/><U78/><E78/><V64/><F64/><W28/><G12/><T79/><D79/><U54/><E23/><V123/><F123/><W10/><G10/><T87/><D11/><U126/><E126/><V40/><F46/><W130/><G130/><T102/><D115/><U127/><E131/><V42/><F40/><W82/><G82/><T19/><D113/><U107/><E107/><V72/><F72/><W36/><G36/><T66/><D66/><U21/><E21/><V8/><F97/><W106/><G106/><T122/><D122/><U38/><E38/><V60/><F60/><W4/><G4/><T94/><D33/><U51/><E51/><N who="3" m="19466" /><G56/><T0/><D0/><N who="1" m="107" /><E6/><V16/><F105/><W7/><G7/><T77/><D77/><U70/><E70/><V39/><REACH who="2" step="1"/><F18/><REACH who="2" ten="250,250,240,250" step="2"/><W118/><G118/><T35/><D19/><U30/><E127/><V121/><F121/><W103/><G135/><T124/><D124/><U27/><E61/><V85/><F85/><W129/><G134/><T22/><D87/><U65/><E65/><V47/><F47/><W37/><G129/><T55/><D35/><N who="1" m="20959" /><E45/><V109/><F109/><W132/><G132/><T96/><D96/><U92/><E116/><V68/><F68/><RYUUKYOKU ba="1,1" sc="250,10,250,10,240,10,250,-30" hai0="9,14,17,22,24,52,53,55,94,95,100,101,102" hai1="48,54,59,86,89,92,117" hai2="3,5,8,16,20,25,29,32,39,42,44,80,81" /><INIT seed="1,2,1,3,2,41" ten="260,260,250,220" oya="1" hai0="59,89,75,127,106,6,27,7,37,72,99,95,30" hai1="39,110,16,81,64,65,135,98,134,0,66,121,61" hai2="73,55,114,15,108,49,63,84,54,79,97,34,23" hai3="3,13,93,46,111,32,132,44,20,86,83,60,70"/><U102/><E121/><V91/><F34/><W1/><G32/><T122/><D127/><U58/><E0/><V101/><F108/><W11/><G111/><T35/><D122/><U45/><E110/><V94/><F114/><W50/><G132/><N who="1" m="50730" /><E81/><V96/><F73/><W120/><G120/><T33/><D33/><U130/><E130/><V25/><F15/><W82/><G20/><T71/><D71/><U87/><E87/><V128/><F128/><W26/><G26/><T12/><D106/><N who="1" m="63831" /><E16/><N who="2" m="12519" /><F79/><W42/><G93/><T36/><D7/><U17/><E17/><V40/><F97/><W92/><G92/><T125/><D125/><U129/><E129/><V80/><F63/><W112/><G112/><T8/><D75/><U9/><E9/><V115/><F115/><W2/><G86/><T19/><D72/><U105/><E105/><V126/><F126/><W18/><G60/><T4/><D4/><U77/><E77/><V43/><F80/><W53/><REACH who="3" step="1"/><G70/><REACH who="3" ten="260,260,250,210" step="2"/><T74/><D74/><U10/><E10/><V28/><F84/><W21/><G21/><T62/><D6/><U38/><E38/><AGARI ba="2,2" hai="1,2,3,11,13,18,38,42,44,46,50,53,82,83" machi="38" ten="40,8000,1" yaku="1,1,52,2,53,1" doraHai="41" doraHaiUra="47" who="3" fromWho="1" sc="260,0,260,-86,250,0,210,106" /><INIT seed="2,0,0,3,1,80" ten="260,174,250,316" oya="2" hai0="29,9,94,11,40,45,128,61,55,60,38,5,25" hai1="2,7,64,0,37,14,49,66,63,117,121,33,91" hai2="85,123,79,65,69,111,93,50,59,132,133,35,115" hai3="114,120,100,43,15,112,52,84,87,83,131,67,20"/><V125/><F123/><W134/><G131/><T77/><D128/><U34/><E37/><V48/><F115/><N who="3" m="44075" /><G120/><T126/><D126/><U113/><E113/><V28/><F125/><W71/><G43/><T26/><D26/><U127/><E127/><V39/><F39/><W3/><G3/><T8/><D5/><U108/><E117/><V76/><F69/><W118/><G100/><T44/><D77/><U62/><E14/><V16/><F28/><W109/><G109/><T129/><D129/><U86/><E49/><V73/><F35/><W6/><G134/><N who="2" m="51817" /><F111/><W51/><G118/><T78/><D78/><N who="2" m="29738" /><F73/><W58/><G83/><T18/><D18/><U57/><E108/><V90/><F16/><N who="3" m="10271" /><G6/><T54/><D9/><U68/><E121/><V119/><F119/><W22/><G22/><T53/><D11/><U72/><E72/><V97/><F97/><W102/><G102/><T36/><D8/><U41/><E7/><V105/><F105/><W30/><G30/><T13/><D38/><U32/><REACH who="1" step="1"/><E41/><REACH who="1" ten="260,164,250,316" step="2"/><V88/><F90/><W1/><G1/><T101/><D40/><U74/><E74/><V103/><F103/><W95/><G95/><AGARI ba="0,1" hai="0,2,32,33,34,57,62,63,64,66,68,86,91,95" machi="95" ten="40,2600,0" yaku="1,1,52,1,53,0" doraHai="80" doraHaiUra="24" who="1" fromWho="3" sc="260,0,164,36,250,0,316,-26" /><INIT seed="3,0,0,3,2,39" ten="260,200,250,290" oya="3" hai0="2,83,121,93,10,33,86,116,4,59,56,47,122" hai1="44,134,37,51,96,36,73,58,19,100,130,101,18" hai2="54,6,49,91,79,13,1,131,113,34,77,124,87" hai3="106,12,68,14,38,9,64,85,133,88,118,69,29"/><W111/><G118/><T62/><D59/><U120/><E120/><V72/><F113/><W135/><G106/><T53/><D33/><U105/><E73/><V35/><F1/><W70/><G29/><T30/><D30/><U57/><E130/><V108/><F131/><W61/><G38/><T5/><D116/><U46/><E96/><V132/><F108/><W16/><G111/><T3/><D93/><U114/><E51/><V24/><F24/><W81/><REACH who="3" step="1"/><G12/><REACH who="3" ten="260,200,250,280" step="2"/><T40/><D3/><U84/><E105/><V107/><F13/><W8/><G8/><T60/><D4/><U0/><E0/><V48/><F6/><W26/><G26/><T25/><D25/><U102/><E37/><V67/><F107/><W11/><G11/><T126/><D126/><U23/><E36/><V42/><F124/><W80/><G80/><T103/><D122/><U119/><E119/><V74/><F34/><W65/><G65/><T63/><D121/><U112/><E112/><V104/><F67/><W43/><G43/><T31/><D31/><U22/><E114/><V117/><F42/><W82/><G82/><T66/><D66/><U7/><E7/><V78/><F35/><W27/><G27/><T41/><D41/><U94/><E19/><V20/><F104/><W110/><G110/><T115/><D115/><U97/><E18/><V76/><F117/><W99/><G99/><T55/><D55/><U109/><E97/><V71/><F54/><W95/><G95/><T128/><D128/><U15/><E94/><V17/><F17/><W129/><G129/><T75/><D83/><RYUUKYOKU ba="0,1" sc="260,-10,200,-10,250,-10,280,30" hai3="9,14,16,61,64,68,69,70,81,85,88,133,135" /><INIT seed="3,1,1,5,4,82" ten="250,190,240,310" oya="3" hai0="104,52,124,30,97,25,41,110,107,112,33,35,36" hai1="21,23,72,101,54,29,120,34,6,91,60,117,22" hai2="12,53,77,1,18,123,130,103,95,88,57,89,126" hai3="13,19,9,4,134,69,68,135,111,24,114,79,85"/><W80/><G114/><T7/><D112/><U14/><E72/><V81/><F1/><W5/><G111/><T3/><D35/><U37/><E37/><V94/><F130/><W39/><G39/><T90/><D110/><U61/><E120/><V50/><F126/><W71/><REACH who="3" step="1"/><G24/><REACH who="3" ten="250,190,240,300" step="2"/><T131/><D36/><U102/><E117/><V65/><F123/><W8/><G8/><T45/><D25/><U132/><E132/><AGARI ba="1,2" hai="4,5,9,13,19,68,69,71,79,80,85,132,134,135" machi="132" ten="50,9600,0" yaku="1,1,20,1,52,1,53,0" doraHai="82" doraHaiUra="40" who="3" fromWho="1" sc="250,0,190,-99,240,0,300,119" /><INIT seed="3,2,0,4,1,10" ten="250,91,240,419" oya="3" hai0="77,84,107,5,74,46,42,13,108,113,47,112,71" hai1="33,61,17,118,104,55,22,64,66,54,37,62,105" hai2="31,34,4,51,59,110,2,98,99,28,24,116,115" hai3="65,87,23,52,78,91,109,45,36,39,9,123,18"/><W11/><G123/><T21/><D74/><U25/><E37/><V92/><F115/><W53/><G65/><T35/><D35/><U27/><E118/><V126/><F116/><W90/><G109/><T85/><D107/><U20/><E33/><V130/><F2/><W83/><G9/><T114/><D71/><U100/><REACH who="1" step="1"/><E17/><REACH who="1" ten="250,81,240,419" step="2"/><V76/><F34/><W43/><G39/><T117/><D117/><U86/><E86/><V15/><F110/><W56/><G36/><T120/><D113/><U106/><E106/><V7/><F31/><W48/><G18/><T12/><D5/><U121/><E121/><V119/><F28/><W0/><G87/><T70/><D120/><U44/><E44/><V103/><F4/><W129/><G45/><T127/><D108/><U57/><E57/><V63/><F59/><W135/><G56/><T131/><D70/><U50/><E50/><V49/><F51/><W101/><G48/><T96/><D42/><U3/><E3/><V111/><F49/><W40/><G0/><T122/><D122/><U88/><E88/><V16/><F7/><W8/><G90/><T75/><D114/><U81/><E81/><V1/><F1/><W97/><G83/><T68/><D68/><U80/><E80/><V6/><F6/><W133/><G91/><T67/><D85/><U93/><E93/><V32/><F92/><W14/><G43/><T29/><D112/><U69/><E69/><V38/><F111/><W58/><G40/><T124/><D47/><U30/><E30/><V134/><F119/><W132/><G58/><T60/><D29/><RYUUKYOKU ba="2,1" sc="250,-10,81,30,240,-10,419,-10" hai1="20,22,25,27,54,55,61,62,64,66,100,104,105" /><INIT seed="4,3,1,2,2,124" ten="240,111,230,409" oya="0" hai0="12,77,59,47,84,68,60,102,74,53,58,117,88" hai1="31,131,103,119,13,22,27,69,127,123,56,19,72" hai2="108,37,48,83,36,49,79,44,126,50,95,61,94" hai3="90,62,89,38,135,80,92,70,120,33,32,101,6"/><T3/><D3/><U114/><E69/><V11/><F108/><W106/><G38/><T109/><D68/><U93/><E72/><V45/><F126/><W52/><G106/><T100/><D74/><U23/><E127/><V78/><F11/><W110/><G110/><T7/><D77/><N who="2" m="29194" /><F61/><W39/><G39/><N who="2" m="14921" /><F83/><W18/><G80/><T87/><D117/><U46/><E123/><V16/><F16/><W125/><G18/><T96/><D47/><AGARI ba="3,1" hai="44,45,47,48,49,50,94,95" m="14921,29194" machi="47" ten="40,2600,0" yaku="28,2" doraHai="124" who="2" fromWho="0" sc="240,-35,111,0,230,45,409,0" /><INIT seed="5,0,0,0,4,72" ten="205,111,275,409" oya="1" hai0="118,66,5,106,133,127,105,41,81,10,50,94,101" hai1="134,77,16,89,20,88,54,58,131,113,1,15,29" hai2="120,129,36,126,26,86,37,130,121,4,75,18,91" hai3="114,135,12,33,124,107,19,92,7,9,11,46,25"/><U115/><E131/><N who="2" m="50187" /><F75/><W23/><G107/><T13/><D118/><U87/><E1/><V49/><F4/><W62/><G135/><T24/><D133/><U123/><E123/><V31/><F18/><W68/><G124/><T8/><D127/><U28/><E134/><V71/><F49/><W43/><G114/><N who="1" m="43530" /><E29/><V80/><F71/><W116/><G33/><T60/><D8/><U2/><E28/><V22/><F126/><W32/><G32/><T103/><D105/><U73/><E73/><V17/><F17/><W3/><G116/><T128/><D106/><U119/><E2/><V27/><F27/><W96/><G62/><T108/><D108/><U52/><E119/><V38/><AGARI ba="0,0" hai="22,26,31,36,37,38,80,86,91,120,121" m="50187" machi="38" ten="40,1500,0" yaku="19,1" doraHai="72" who="2" fromWho="2" sc="205,-4,111,-7,275,15,409,-4" /><INIT seed="6,0,0,3,1,76" ten="201,104,290,405" oya="2" hai0="109,50,20,63,42,36,0,64,132,25,80,78,119" hai1="11,110,87,49,93,71,29,89,125,12,3,120,133" hai2="15,121,57,107,103,52,66,75,105,46,14,60,53" hai3="26,111,6,38,126,9,43,115,117,54,33,22,101"/><V70/><F121/><W88/><G33/><T122/><D0/><U1/><E120/><V39/><F75/><W30/><G111/><T81/><D36/><U134/><E110/><V74/><F74/><W99/><G117/><T51/><D109/><U106/><E71/><V2/><F2/><W98/><G126/><T34/><D34/><U69/><E69/><V84/><F53/><W100/><G115/><T82/><D78/><U47/><E106/><V79/><F103/><W62/><G38/><T16/><D122/><U104/><E104/><V5/><F15/><N who="3" m="5559" /><G43/><T37/><D132/><U55/><E125/><V97/><F97/><N who="3" m="36875" /><G88/><T94/><D119/><U135/><REACH who="1" step="1"/><E29/><REACH who="1" ten="201,94,290,405" step="2"/><V24/><F107/><W21/><G30/><T131/><D131/><U83/><E83/><V32/><F105/><W102/><G26/><T13/><D25/><U8/><E8/><V48/><F24/><W96/><G102/><T31/><D31/><U7/><AGARI ba="0,1" hai="1,3,7,11,12,47,49,55,87,89,93,133,134,135" machi="7" ten="30,7900,0" yaku="1,1,0,1,20,1,53,1" doraHai="76" doraHaiUra="90" who="1" fromWho="1" sc="201,-20,94,89,290,-39,405,-20" /><INIT seed="7,0,0,5,1,39" ten="181,183,251,385" oya="3" hai0="8,45,131,112,57,25,115,103,35,100,79,110,87" hai1="40,43,107,3,123,121,114,2,24,32,132,46,51" hai2="26,15,12,91,120,13,85,106,36,66,47,63,129" hai3="9,0,7,1,65,97,17,34,95,124,55,101,60"/><W10/><G34/><T20/><D35/><U69/><E107/><V90/><F90/><W52/><G124/><T78/><D110/><U71/><E114/><N who="0" m="43561" /><D131/><U44/><E32/><V102/><F26/><W119/><G119/><T77/><D45/><U88/><E88/><V96/><F12/><W68/><G17/><T99/><D57/><U113/><E113/><V76/><F13/><W128/><G128/><T122/><D122/><U11/><E24/><V33/><F15/><W61/><G61/><T89/><D8/><U18/><E18/><V56/><F63/><W134/><G134/><T75/><D75/><U98/><E98/><V53/><F56/><W62/><G62/><T104/><D103/><U109/><E132/><V5/><F102/><W4/><AGARI ba="0,0" hai="0,1,4,7,9,10,52,55,60,65,68,95,97,101" machi="4" ten="30,6000,0" yaku="0,1,9,1,54,1" doraHai="39" who="3" fromWho="3" sc="181,-20,183,-20,251,-20,385,60" owari="161,-34.0,163,-24.0,231,3.0,445,55.0" /></mjloggm>