<mjloggm ver="2.3"><GO type="169" lobby="0"/><UN n0="%E3%83%94%E3%82%A3%38%31%30" n1="%62%61%72%61%61%64%6F" n2="%E5%B0%B1%E6%B4%BB%E7%94%9F%40%E5%B7%9D%E6%9D%91%E8%BB%8D%E5%9B%A3" n3="%E3%81%8A%E3%81%98%E3%81%95%E3%82%93" dan="17,16,17,16" rate="2165.91,2085.21,2257.90,2134.91" sx="M,M,M,M"/><TAIKYOKU oya="0"/><INIT seed="0,0,0,1,1,68" ten="250,250,250,250" oya="0" hai0="24,64,132,29,19,57,87,135,17,130,13,3,116" hai1="100,60,2,94,102,33,127,5,108,105,99,45,115" hai2="121,38,37,77,103,35,28,110,120,56,66,134,32" hai3="69,88,89,7,84,10,72,133,91,54,117,51,81"/><T9/><D116/><U58/><E108/><V78/><F110/><W79/><G79/><T98/><D3/><U44/><E127/><V106/><F134/><N who="0" m="51242" /><D98/><U93/><E33/><V46/><F46/><W63/><G133/><T96/><D96/><U22/><E115/><V82/><F56/><W92/><G117/><T47/><D87/><U26/><E5/><V131/><F66/><W129/><G129/><T31/><D47/><U124/><E124/><V6/><F6/><W74/><G69/><T126/><D126/><U125/><E2/><V41/><F41/><W101/><G63/><N who="0" m="37999" /><D130/><U14/><E14/><V65/><F65/><W97/><G74/><T83/><D83/><U76/><E76/><V118/><F118/><W61/><G61/><T20/><AGARI ba="0,0" hai="9,13,17,19,20,24,29,31" m="37999,51242" machi="20" ten="30,1500,0" yaku="20,1" doraHai="68" who="0" fromWho="0" sc="250,15,250,-5,250,-5,250,-5" /><INIT seed="0,1,0,0,2,108" ten="265,245,245,245" oya="0" hai0="120,132,122,2,39,12,101,99,121,133,49,109,37" hai1="68,61,67,17,127,106,77,107,47,41,90,43,129" hai2="31,124,71,92,72,69,85,59,64,6,45,62,32" hai3="123,119,116,65,44,110,91,111,103,82,29,84,42"/><T8/><D2/><U52/><E127/><V80/><F124/><W70/><G29/><T53/><D109/><N who="3" m="41481" /><G70/><T93/><D53/><U51/><E129/><V35/><F72/><W24/><G24/><T88/><D49/><U14/><E77/><V81/><F6/><W95/><G65/><T74/><D74/><U1/><E1/><V54/><F92/><W86/><G123/><T30/><D30/><U21/><REACH who="1" step="1"/><E90/><REACH who="1" ten="265,235,245,245" step="2"/><V128/><F128/><W56/><G119/><T19/><REACH who="0" step="1"/><D101/><REACH who="0" ten="255,235,245,245" step="2"/><U20/><E20/><V66/><F32/><W27/><G103/><T73/><D73/><U87/><E87/><V117/><F85/><W63/><G86/><T15/><D15/><U126/><E126/><V40/><F35/><W4/><G84/><T9/><D9/><U25/><E25/><V38/><F117/><W112/><G27/><T98/><D98/><U55/><E55/><V79/><F54/><W28/><G116/><T22/><D22/><U125/><E125/><V115/><F115/><W7/><G28/><T89/><D89/><U83/><E83/><V134/><F80/><W78/><G82/><T57/><D57/><U104/><AGARI ba="1,2" hai="14,17,21,41,43,47,51,52,61,67,68,104,106,107" machi="104" ten="30,12000,2" yaku="1,1,0,1,54,1,53,3" doraHai="108" doraHaiUra="102" who="1" fromWho="1" sc="255,-61,235,143,245,-31,245,-31" /><INIT seed="1,0,0,2,0,32" ten="194,378,214,214" oya="1" hai0="110,19,47,106,16,67,24,129,45,37,68,70,104" hai1="117,18,48,21,90,50,101,49,72,83,62,88,25" hai2="73,115,118,133,39,60,112,95,36,7,127,6,78" hai3="58,82,119,28,64,79,65,22,123,122,128,131,55"/><U69/><E117/><V2/><F118/><W80/><G119/><T116/><D116/><RYUUKYOKU type="kaze4" ba="0,0" sc="194,0,378,0,214,0,214,0" /><INIT seed="1,1,0,3,4,12" ten="194,378,214,214" oya="1" hai0="2,54,99,7,124,100,59,26,16,101,48,42,79" hai1="17,94,37,41,120,6,18,112,33,22,117,70,92" hai2="28,86,31,129,132,82,131,35,27,24,96,9,45" hai3="34,43,115,91,29,47,109,83,106,105,123,87,19"/><U36/><E112/><V13/><F132/><W39/><G115/><T122/><D124/><U75/><E117/><V23/><F96/><W93/><G123/><T68/><D68/><U5/><E70/><V25/><F45/><W38/><G38/><T133/><D133/><U119/><E119/><V107/><F107/><W121/><G121/><T113/><D113/><U130/><E33/><N who="2" m="20615" /><F86/><W88/><G109/><T52/><D2/><U74/><E22/><V76/><F76/><W49/><G39/><T63/><D7/><U125/><E130/><N who="2" m="49675" /><F82/><W89/><G29/><T14/><D26/><U57/><E120/><V81/><F81/><W78/><G34/><T62/><D79/><U128/><E128/><V4/><F27/><W53/><G43/><T1/><D1/><U80/><E80/><V61/><F61/><N who="0" m="23050" /><D122/><U72/><E72/><V21/><AGARI ba="1,0" hai="4,9,13,21,23,25,31,35" m="49675,20615" machi="21" ten="30,4000,0" yaku="19,1,34,2" doraHai="12" who="2" fromWho="2" sc="194,-11,378,-21,214,43,214,-11" /><INIT seed="2,0,0,4,4,38" ten="183,357,257,203" oya="2" hai0="57,127,106,135,50,96,83,27,71,91,122,62,53" hai1="28,40,116,126,132,14,63,119,65,69,64,44,19" hai2="94,12,49,120,37,51,3,56,133,21,123,36,98" hai3="66,79,54,52,77,105,88,76,32,61,22,47,121"/><V107/><F107/><W5/><G32/><T70/><D122/><U20/><E126/><V111/><F133/><W68/><G105/><T11/><D135/><U128/><E132/><V33/><F33/><W35/><G35/><T55/><D127/><U87/><E128/><V6/><F3/><W129/><G121/><T18/><D106/><U99/><E99/><V25/><F37/><W103/><G103/><T23/><D11/><U113/><E113/><V112/><F112/><W101/><G101/><T45/><REACH who="0" step="1"/><D83/><REACH who="0" ten="173,357,257,203" step="2"/><U4/><E116/><V59/><F120/><W109/><G129/><T74/><D74/><U2/><E119/><V73/><F73/><W108/><G108/><T82/><D82/><U85/><E65/><V114/><F123/><W41/><G109/><T10/><D10/><U58/><E69/><V48/><F111/><W95/><G5/><T84/><D84/><U100/><E4/><V72/><F72/><W89/><G95/><AGARI ba="0,1" hai="18,23,27,45,50,53,55,57,62,70,71,91,95,96" machi="95" ten="40,8000,1" yaku="1,1,25,2,53,1" doraHai="38" doraHaiUra="13" who="0" fromWho="3" sc="173,90,357,0,257,0,203,-80" /><INIT seed="3,0,0,5,1,48" ten="263,357,257,123" oya="3" hai0="98,122,54,96,99,28,118,26,30,18,103,10,16" hai1="52,111,34,82,21,22,35,12,81,19,55,125,53" hai2="56,69,14,133,57,106,70,36,132,117,97,0,6" hai3="115,13,130,114,92,102,38,45,93,15,43,2,51"/><W24/><G2/><T104/><D118/><U87/><E111/><V3/><F36/><W95/><G102/><T77/><D77/><N who="1" m="46511" /><E35/><V131/><F117/><W78/><G78/><T76/><D76/><U68/><E34/><V73/><F73/><W31/><G130/><T50/><D122/><U105/><E125/><V86/><F131/><W46/><G115/><T88/><D28/><U112/><E112/><V135/><F86/><W44/><G114/><T5/><D98/><U83/><E105/><V123/><F123/><W124/><G124/><T67/><D67/><U107/><E107/><V8/><F57/><W11/><G11/><T49/><D49/><U1/><E1/><N who="2" m="587" /><F56/><W126/><G126/><T64/><D64/><U100/><E68/><V127/><F127/><W90/><G90/><T128/><D128/><U63/><E100/><AGARI ba="0,0" hai="6,8,14,69,70,97,100,106,132,133,135" m="587" machi="100" ten="40,1300,0" yaku="20,1" doraHai="48" who="2" fromWho="1" sc="263,0,357,-13,257,13,123,0" /><INIT seed="4,0,0,2,0,75" ten="263,344,270,123" oya="0" hai0="110,118,97,72,62,8,10,71,6,93,79,121,104" hai1="70,59,7,127,98,80,91,60,112,65,126,120,18" hai2="64,102,11,95,111,101,22,61,67,36,37,33,76" hai3="35,5,113,14,40,108,52,23,128,16,114,124,46"/><T58/><D118/><U0/><E120/><V53/><F33/><W86/><G108/><T38/><D38/><U89/><E112/><N who="3" m="43114" /><G35/><T74/><D121/><U30/><E30/><V92/><F111/><W131/><G124/><N who="1" m="47658" /><E18/><V81/><F37/><W24/><G86/><T78/><D104/><U105/><E80/><V103/><F36/><N who="3" m="21767" /><G5/><T13/><D71/><U55/><E0/><V45/><F11/><W133/><G133/><T100/><D110/><U21/><E21/><V69/><F22/><W107/><G107/><T34/><D34/><U132/><E7/><V26/><F26/><W12/><G52/><N who="0" m="34119" /><D74/><U15/><E15/><AGARI ba="0,0" hai="12,14,15,16,23,24,128,131" m="21767,43114" machi="15" ten="30,2000,0" yaku="15,1,54,1" doraHai="75" who="3" fromWho="1" sc="263,0,344,-20,270,0,123,20" /><INIT seed="5,0,0,2,2,101" ten="263,324,270,143" oya="1" hai0="59,74,48,27,6,84,4,109,105,86,37,100,71" hai1="12,80,15,121,58,54,134,0,18,76,82,104,3" hai2="133,5,97,19,52,25,88,17,61,122,7,63,114" hai3="108,117,115,28,96,29,32,129,49,127,2,33,106"/><U55/><E121/><V11/><F122/><W87/><G108/><T62/><D74/><U57/><E18/><V35/><F133/><W20/><G2/><T92/><D37/><U110/><E76/><V39/><F39/><W51/><G115/><T75/><D75/><U67/><E67/><V119/><F35/><W23/><G87/><T43/><D71/><U79/><E79/><V124/><F124/><W99/><G129/><T45/><D105/><U60/><E60/><V126/><F126/><W13/><G127/><T131/><D27/><U9/><E9/><V24/><F11/><W93/><G93/><T90/><D131/><U26/><E26/><V113/><F97/><W130/><G130/><T91/><D100/><U42/><E42/><V112/><F119/><W95/><G95/><T38/><D38/><U21/><E21/><V40/><F40/><W81/><G81/><T47/><D47/><U120/><E120/><V34/><F34/><W111/><G13/><T70/><D70/><U72/><E72/><V107/><F112/><W78/><G78/><T30/><D30/><U46/><E46/><V22/><F22/><W73/><G73/><T132/><D132/><U65/><E65/><V118/><F118/><W98/><G98/><T125/><D109/><U102/><E134/><V128/><F128/><W14/><G111/><T41/><D41/><U68/><E110/><V123/><F123/><W77/><G117/><T36/><D36/><U8/><E102/><V85/><F113/><W83/><G33/><T64/><D125/><U44/><E68/><V56/><F114/><RYUUKYOKU ba="0,0" sc="263,30,324,-10,270,-10,143,-10" hai0="4,6,43,45,48,59,62,64,84,86,90,91,92" /><INIT seed="6,1,0,4,5,101" ten="293,314,260,133" oya="2" hai0="68,108,13,132,60,15,2,11,3,8,31,12,17" hai1="4,118,38,24,114,90,113,127,89,6,74,92,21" hai2="98,116,72,122,75,22,0,40,81,59,84,78,85" hai3="109,128,119,34,49,25,107,66,95,124,51,28,5"/><V45/><F116/><W117/><G109/><T36/><D36/><U111/><E118/><V54/><F122/><W73/><G73/><T76/><D76/><U99/><E111/><V82/><F0/><N who="0" m="42" /><D60/><U91/><E74/><V115/><F115/><N who="1" m="44041" /><E38/><V94/><F22/><W83/><G83/><T23/><D68/><U62/><E62/><V80/><F45/><W37/><G37/><T39/><D39/><U64/><E64/><V67/><F67/><W134/><G66/><T97/><D97/><U112/><E127/><V61/><F40/><W123/><G124/><T18/><D108/><U102/><E112/><V16/><F16/><AGARI ba="1,0" hai="4,6,16,21,24,89,90,91,92,99,102" m="44041" machi="16" ten="30,2000,0" yaku="15,1,54,1" doraHai="101" who="1" fromWho="2" sc="293,0,314,23,260,-23,133,0" /><INIT seed="7,0,0,2,1,105" ten="293,337,237,133" oya="3" hai0="26,132,62,107,73,33,48,3,49,7,20,111,11" hai1="61,101,78,112,60,86,38,42,121,70,123,50,96" hai2="76,56,72,93,98,54,108,74,63,14,94,126,122" hai3="37,55,82,35,109,135,45,87,40,16,90,102,64"/><W8/><G35/><T65/><D107/><U59/><E112/><V106/><F108/><W51/><G109/><T134/><D111/><U29/><E29/><V68/><F68/><W97/><G135/><N who="0" m="51755" /><D73/><U117/><E117/><V115/><F76/><W69/><G69/><N who="0" m="42167" /><D33/><U19/><E70/><V27/><F27/><W127/><G127/><T32/><D32/><U75/><E75/><V120/><F106/><W15/><G64/><T36/><D36/><U79/><E38/><V24/><F24/><W84/><G84/><T41/><D41/><U88/><E19/><AGARI ba="0,0" hai="3,7,11,19,20,26,48,49" m="42167,51755" machi="19" ten="30,1000,0" yaku="20,1" doraHai="105" who="0" fromWho="1" sc="293,10,337,-10,237,0,133,0" owari="303,10.0,327,43.0,237,-16.0,133,-37.0" /></mjloggm>