<mjloggm ver="2.3"><GO type="169" lobby="0"/><UN n0="%E7%94%9F%E3%81%8D%E3%81%A6%E3%81%A6%E3%82%88%E3%81%8B%E3%81%A3%E3%81%9F" n1="%52%79%6F%68%67%6F" n2="%E5%B0%B1%E6%B4%BB%E7%94%9F%40%E5%B7%9D%E6%9D%91%E8%BB%8D%E5%9B%A3" n3="%E3%83%94%E3%82%AB%E5%90%BE%E9%83%8E" dan="16,16,17,16" rate="2096.68,2103.67,2190.41,2121.44" sx="F,M,M,M"/><TAIKYOKU oya="0"/><INIT seed="0,0,0,0,1,117" ten="250,250,250,250" oya="0" hai0="16,106,129,22,82,121,65,132,134,95,64,122,32" hai1="101,14,131,87,84,110,35,23,119,125,83,90,45" hai2="123,102,34,92,113,133,56,76,126,29,54,63,86" hai3="78,25,13,96,37,57,43,124,80,42,135,12,128"/><T19/><D106/><U60/><E35/><V5/><F113/><W50/><G37/><T58/><D32/><U118/><E101/><V28/><F126/><W20/><G124/><T81/><D95/><U91/><E125/><V0/><F133/><N who="0" m="51306" /><D129/><U9/><E131/><V115/><F115/><W59/><G128/><T39/><D39/><U46/><E110/><V97/><F123/><N who="0" m="47114" /><D19/><U89/><E118/><V6/><F34/><W10/><G96/><T55/><D64/><U109/><E109/><V74/><F74/><W108/><G108/><T33/><D65/><U103/><E119/><V38/><F38/><W116/><G116/><T51/><D33/><U107/><E107/><V112/><F112/><W61/><G135/><T8/><D8/><U18/><E9/><V4/><F0/><W94/><G94/><T7/><D7/><U88/><E18/><V62/><F29/><W77/><G13/><AGARI ba="0,0" hai="13,16,22,51,55,58,81,82" m="47114,51306" machi="13" ten="30,12000,1" yaku="20,1,52,3,54,1" doraHai="117" who="0" fromWho="3" sc="250,120,250,0,250,0,250,-120" /><INIT seed="0,1,0,3,3,88" ten="370,250,250,130" oya="0" hai0="50,30,74,1,57,91,58,8,18,48,59,111,45" hai1="132,61,29,63,64,92,78,34,15,122,71,118,79" hai2="81,47,55,100,7,31,103,24,27,62,51,105,76" hai3="66,128,38,21,127,75,94,16,20,52,134,113,126"/><T133/><D74/><U112/><E118/><V2/><F105/><W35/><G35/><T44/><D30/><U14/><E122/><V73/><F27/><W95/><G75/><T109/><D91/><U97/><E132/><V25/><F25/><N who="3" m="14471" /><G38/><T104/><D104/><U37/><E37/><V77/><F77/><W23/><G113/><T117/><D117/><U11/><E112/><V67/><F7/><W68/><G66/><T49/><D133/><U19/><E29/><V102/><F2/><W0/><G68/><T110/><D18/><U12/><E34/><V65/><REACH who="2" step="1"/><F62/><REACH who="2" ten="370,250,240,130" step="2"/><W9/><G134/><T36/><D36/><U115/><E115/><V101/><N who="2" m="26112" /><DORA hai="89" /><V131/><F131/><W56/><G128/><T119/><D119/><U39/><E61/><V17/><F17/><W70/><G0/><T125/><D125/><N who="3" m="47625" /><G70/><T93/><D1/><U121/><E39/><V53/><F53/><W99/><G99/><T10/><D45/><U13/><E121/><V135/><F135/><W5/><G5/><T4/><D44/><U124/><E124/><V129/><F129/><W98/><G98/><T96/><D4/><U28/><E71/><V72/><F72/><W41/><G41/><T46/><D46/><U123/><E123/><V106/><F106/><W32/><G32/><AGARI ba="1,1" hai="24,31,32,47,51,55,65,67,73,76,81" m="26112" machi="32" ten="50,3200,0" yaku="1,1,53,1" doraHai="88,89" doraHaiUra="82,22" who="2" fromWho="3" sc="370,0,250,0,240,45,130,-35" /><INIT seed="1,0,0,2,0,32" ten="370,250,285,95" oya="1" hai0="126,5,0,26,70,50,27,123,104,100,56,119,59" hai1="48,43,6,42,128,14,114,86,92,21,125,111,46" hai2="76,49,24,19,39,65,101,95,11,20,66,53,16" hai3="22,87,121,13,55,28,45,74,41,117,134,51,35"/><U116/><E114/><V129/><F39/><W118/><G74/><T133/><D70/><U127/><E116/><N who="3" m="44650" /><G35/><T91/><D119/><U98/><E128/><V89/><F129/><W85/><G121/><T93/><D123/><U1/><E111/><V33/><F33/><W31/><G134/><T68/><D68/><U94/><E43/><V15/><F101/><W84/><G55/><T102/><D133/><U61/><E61/><V75/><F76/><W54/><G54/><T9/><D126/><N who="1" m="48139" /><E86/><V36/><F36/><W63/><G63/><T79/><D79/><U67/><E67/><V130/><F75/><W80/><G80/><T8/><D50/><U72/><E72/><V108/><F108/><W78/><G78/><T64/><D64/><U90/><E94/><V109/><F109/><W17/><AGARI ba="0,0" hai="13,17,22,28,31,41,45,51,84,85,87" m="44650" machi="17" ten="40,1500,0" yaku="12,1" doraHai="32" who="3" fromWho="3" sc="370,-4,250,-7,285,-4,95,15" /><INIT seed="2,0,0,1,2,10" ten="366,243,281,110" oya="2" hai0="42,129,87,59,37,92,16,105,25,38,133,61,134" hai1="45,83,132,14,24,60,112,130,97,54,57,47,19" hai2="75,1,107,26,36,96,94,53,114,29,135,43,90" hai3="20,81,35,118,18,7,77,111,67,106,79,71,110"/><V121/><F121/><W52/><G106/><T55/><D105/><U113/><E112/><V6/><F114/><W9/><G35/><T103/><D42/><U11/><E113/><V108/><F75/><W124/><G67/><T93/><D93/><U41/><E132/><N who="0" m="50793" /><D129/><U120/><E130/><V4/><F135/><W101/><G71/><T102/><D87/><U66/><E120/><V74/><F74/><W85/><G101/><N who="0" m="38411" /><D92/><U39/><E97/><V72/><F107/><W78/><G118/><T3/><D3/><U117/><E117/><V122/><F72/><W86/><G124/><T8/><D25/><U91/><E24/><V116/><F1/><W84/><G81/><T64/><D64/><U63/><E45/><V12/><F122/><W56/><G20/><T80/><D80/><U5/><E83/><V65/><F116/><W33/><G33/><T22/><D22/><U104/><E104/><V46/><F65/><W58/><G18/><T76/><D76/><U69/><REACH who="1" step="1"/><E91/><REACH who="1" ten="366,233,281,110" step="2"/><V50/><F26/><W0/><REACH who="3" step="1"/><G58/><REACH who="3" ten="366,233,281,100" step="2"/><T2/><D59/><U119/><E119/><V49/><F94/><W100/><G100/><T40/><D37/><U73/><E73/><V82/><F36/><W98/><G98/><T99/><D38/><U48/><E48/><AGARI ba="0,2" hai="0,7,9,48,52,56,77,78,79,84,85,86,110,111" machi="48" ten="40,2600,0" yaku="1,1,54,1,53,0" doraHai="10" doraHaiUra="17" who="3" fromWho="1" sc="366,0,233,-26,281,0,100,46" /><INIT seed="3,0,0,0,5,103" ten="366,207,281,146" oya="3" hai0="33,35,2,59,24,38,32,22,26,48,20,28,113" hai1="74,47,66,85,108,80,130,10,65,111,58,15,63" hai2="100,44,79,118,125,128,114,90,121,36,122,95,51" hai3="14,92,37,50,96,119,62,8,12,73,81,7,5"/><W68/><G37/><T46/><D38/><U53/><E74/><V19/><F118/><W52/><G119/><T107/><D59/><U21/><E130/><V75/><F36/><W109/><G73/><T105/><D2/><U86/><E21/><V132/><F114/><W23/><G81/><T45/><D113/><U78/><E85/><V67/><F128/><W6/><G62/><T3/><D3/><U64/><REACH who="1" step="1"/><E47/><REACH who="1" ten="366,197,281,146" step="2"/><V104/><F44/><N who="3" m="27719" /><G68/><T83/><D45/><U70/><E70/><V39/><F75/><W82/><G109/><T131/><D131/><U94/><E94/><V101/><F95/><W97/><G82/><T29/><D83/><U56/><E56/><V9/><F122/><W135/><G135/><T71/><D71/><U18/><AGARI ba="0,1" hai="10,15,18,53,58,63,64,65,66,78,80,86,108,111" machi="18" ten="30,2000,0" yaku="1,1,0,1,53,0" doraHai="103" doraHaiUra="117" who="1" fromWho="1" sc="366,-5,197,30,281,-5,146,-10" /><INIT seed="4,0,0,0,3,3" ten="361,227,276,136" oya="0" hai0="40,72,100,81,124,82,111,2,96,12,1,79,92" hai1="129,21,103,107,32,59,17,30,73,86,117,109,106" hai2="121,76,93,57,85,75,44,65,28,71,4,102,91" hai3="51,120,99,55,62,105,70,69,88,101,27,36,0"/><T22/><D124/><U35/><E73/><V16/><F121/><W122/><G36/><T46/><D111/><U131/><E109/><V49/><F71/><W56/><G0/><T135/><D135/><U98/><E117/><V90/><F28/><W114/><G114/><T83/><D22/><U26/><E107/><V77/><F75/><W132/><G132/><T33/><D12/><U130/><E86/><V68/><F102/><W23/><G122/><T126/><D33/><U52/><REACH who="1" step="1"/><E30/><REACH who="1" ten="361,217,276,136" step="2"/><V9/><F77/><W61/><G120/><T24/><D79/><U14/><E14/><V134/><F76/><W48/><G70/><T95/><D72/><U41/><E41/><V89/><F68/><W13/><G13/><T112/><D1/><U104/><E104/><V94/><F85/><W34/><G69/><T115/><D24/><U31/><E31/><V119/><F119/><W5/><G34/><T67/><D2/><U38/><E38/><V7/><F134/><W50/><G27/><T123/><D123/><U64/><E64/><V25/><F93/><W78/><G78/><T18/><D67/><U84/><E84/><V66/><F94/><N who="3" m="56775" /><G105/><T39/><D95/><U127/><E127/><V63/><F66/><N who="3" m="39207" /><G101/><T11/><D126/><U133/><E133/><V80/><F80/><W8/><G23/><T113/><D113/><U15/><E15/><N who="2" m="7279" /><F25/><W74/><G74/><T47/><D115/><U42/><E42/><AGARI ba="0,1" hai="4,7,42,44,49,57,63,65,89,90,91" m="7279" machi="42" ten="30,7700,0" yaku="8,1,52,2,54,1" doraHai="3" who="2" fromWho="1" sc="361,0,217,-77,276,87,136,0" /><INIT seed="5,0,0,3,3,2" ten="361,140,363,136" oya="1" hai0="92,15,102,3,43,29,40,101,7,79,91,5,6" hai1="83,24,36,52,62,95,27,61,99,47,85,112,72" hai2="53,23,74,71,58,130,104,103,108,118,87,120,41" hai3="122,17,81,63,69,125,46,93,66,109,97,100,80"/><U121/><E72/><V1/><F74/><W88/><G109/><T64/><D3/><U28/><E121/><V56/><F71/><W117/><G122/><T39/><D39/><U86/><E112/><V78/><F108/><W73/><G125/><T49/><D29/><U96/><E36/><V67/><F120/><W126/><G126/><T26/><D26/><N who="1" m="9771" /><E28/><V105/><F1/><W132/><G132/><T35/><D35/><U82/><E47/><V133/><F23/><W119/><G17/><T70/><D79/><N who="1" m="46303" /><E52/><V55/><F41/><N who="0" m="15946" /><D70/><U124/><E124/><V128/><F67/><W32/><G46/><T60/><D49/><U113/><E113/><V135/><F118/><N who="3" m="45067" /><G32/><T18/><D60/><N who="1" m="23147" /><E95/><V45/><F45/><W30/><G30/><T107/><D64/><U89/><AGARI ba="0,0" hai="83,86,89,96,99" m="23147,46303,9771" machi="89" ten="30,1500,0" yaku="8,1" doraHai="2" who="1" fromWho="1" sc="361,-5,140,15,363,-5,136,-5" /><INIT seed="5,1,0,2,3,72" ten="356,155,358,131" oya="1" hai0="53,31,79,90,105,102,134,14,56,83,36,38,59" hai1="118,57,66,111,37,25,112,33,17,19,135,77,63" hai2="21,0,27,75,42,101,95,29,97,34,28,35,132" hai3="128,39,23,3,92,64,108,94,88,45,24,104,6"/><U15/><E118/><V46/><F132/><W73/><G104/><T50/><D134/><U98/><E37/><V121/><F121/><W65/><G108/><T133/><D133/><U47/><E135/><V69/><F0/><W116/><G73/><T103/><D90/><U5/><E112/><V9/><F69/><W113/><G113/><T131/><D131/><U67/><E111/><V49/><F75/><W129/><G94/><T62/><D31/><U48/><E66/><V78/><F29/><W55/><G116/><T12/><D38/><U44/><E33/><V74/><F9/><W54/><G6/><T40/><D36/><U127/><E127/><V96/><F96/><N who="3" m="57351" /><G3/><T130/><D40/><U124/><E124/><V91/><F101/><N who="0" m="38410" /><D130/><N who="3" m="50281" /><G65/><N who="0" m="39111" /><D105/><U7/><E98/><V93/><F93/><W106/><G64/><T109/><D109/><U26/><E7/><V11/><F11/><W87/><G87/><AGARI ba="1,0" hai="12,14,50,53,59,79,83,87" m="39111,38410" machi="87" ten="30,2000,0" yaku="8,1,52,1" doraHai="72" who="0" fromWho="3" sc="356,23,155,0,358,0,131,-23" /><INIT seed="6,0,0,5,4,92" ten="379,155,358,108" oya="2" hai0="56,89,66,48,8,130,13,29,16,104,123,75,71" hai1="55,39,80,57,28,118,5,61,82,51,49,124,127" hai2="45,83,50,90,21,122,54,60,25,88,0,17,100" hai3="67,62,26,32,37,65,12,6,86,69,24,106,132"/><V42/><F122/><W81/><G37/><T30/><D75/><U76/><E39/><V46/><F0/><W97/><G132/><T1/><D1/><U52/><E28/><V53/><F100/><W112/><G65/><T70/><D104/><U102/><E102/><V2/><F2/><W96/><G106/><T77/><D77/><U20/><E5/><V133/><F133/><W121/><G121/><T99/><D71/><U36/><E36/><V109/><F109/><W116/><G116/><T125/><D70/><U79/><E20/><V31/><F83/><N who="1" m="31785" /><E118/><V131/><F131/><W11/><G112/><T34/><D34/><U3/><E3/><V63/><F31/><W74/><G74/><T114/><D114/><U113/><E113/><V33/><F33/><W95/><G95/><N who="0" m="56815" /><D130/><U78/><E55/><N who="2" m="21003" /><F46/><W47/><G47/><T134/><D134/><U41/><E41/><V19/><F19/><W73/><G73/><T119/><D119/><U129/><E129/><V108/><F108/><W85/><G32/><T72/><D72/><U10/><E124/><V38/><F38/><W105/><G105/><T103/><D103/><U120/><E127/><V117/><F117/><W7/><G7/><T40/><D125/><U98/><E120/><V68/><F68/><W135/><G135/><T128/><D128/><U107/><E107/><V44/><F44/><W94/><G94/><T64/><D123/><U18/><E49/><V91/><AGARI ba="0,0" hai="17,21,25,42,45,50,60,63,88,90,91" m="21003" machi="91" ten="30,3000,0" yaku="8,1,54,1" doraHai="92" who="2" fromWho="2" sc="379,-10,155,-10,358,30,108,-10" /><INIT seed="6,1,0,2,5,98" ten="369,145,388,98" oya="2" hai0="6,57,117,122,49,3,59,70,40,29,28,48,114" hai1="104,67,97,91,5,16,87,84,99,100,74,86,15" hai2="110,69,95,36,88,31,24,72,53,113,64,27,120" hai3="25,134,35,44,81,73,125,133,20,52,132,55,80"/><V38/><F120/><W126/><G35/><T7/><D40/><U123/><E123/><V78/><F113/><W33/><G33/><T115/><D122/><U112/><E112/><V45/><F110/><W51/><G55/><T34/><D34/><U92/><E5/><V12/><F12/><W66/><G66/><T46/><D46/><U89/><E67/><V26/><F31/><W61/><G61/><T17/><D17/><U90/><E16/><V108/><F108/><W105/><G105/><T118/><REACH who="0" step="1"/><D3/><REACH who="0" ten="359,145,388,98" step="2"/><U96/><E15/><V9/><F38/><W1/><G1/><T58/><D58/><U41/><E41/><V0/><F36/><W119/><G119/><T30/><D30/><U129/><E129/><V130/><F130/><W14/><G14/><T4/><D4/><U83/><E104/><V8/><F0/><W128/><G128/><T56/><D56/><U77/><AGARI ba="1,1" hai="74,77,83,84,86,87,89,90,91,92,96,97,99,100" machi="77" ten="40,16000,3" yaku="0,1,35,6,52,1" doraHai="98" who="1" fromWho="1" sc="359,-41,145,173,388,-81,98,-41" /><INIT seed="7,0,0,4,3,43" ten="318,318,307,57" oya="3" hai0="128,127,21,48,27,79,55,84,109,77,15,113,23" hai1="114,75,111,123,76,56,36,42,53,35,20,59,6" hai2="10,89,16,50,14,78,108,63,32,17,122,29,22" hai3="65,132,80,94,105,52,12,45,69,37,110,125,100"/><W86/><G105/><T64/><D109/><U87/><E35/><V24/><F108/><W31/><G110/><T49/><D64/><U4/><E111/><V18/><F122/><W131/><G37/><T33/><D33/><U68/><E123/><V26/><F78/><W81/><G69/><T66/><D66/><U98/><E68/><V57/><F50/><N who="3" m="28751" /><G125/><T126/><D49/><N who="1" m="30767" /><E75/><V93/><F26/><W9/><G131/><T130/><D15/><U107/><E107/><V3/><F3/><W91/><G132/><T58/><D113/><U8/><E36/><V82/><F82/><N who="3" m="31851" /><G65/><T71/><D84/><U135/><E114/><V40/><F40/><W115/><G115/><T41/><D41/><U28/><E42/><V116/><F32/><W88/><G31/><N who="0" m="17903" /><D23/><U119/><E135/><V61/><F116/><W72/><G72/><T83/><D71/><U134/><E134/><V112/><F112/><W19/><G86/><N who="0" m="48495" /><D79/><U85/><E119/><V103/><F57/><W92/><G92/><T73/><D73/><U117/><E59/><V44/><F93/><W39/><G39/><T5/><D5/><N who="1" m="2155" /><E117/><V1/><F1/><W104/><G104/><T120/><D120/><U60/><E76/><V54/><F24/><W118/><G118/><T13/><D13/><U102/><E8/><V7/><F29/><W47/><G47/><T90/><D130/><U25/><E60/><V0/><F0/><W124/><G124/><N who="0" m="47659" /><D128/><U70/><E70/><V2/><F2/><W46/><G46/><T34/><D34/><U121/><E121/><V74/><F44/><W101/><G94/><RYUUKYOKU ba="0,0" sc="318,10,318,10,307,-30,57,10" hai0="48,55,58,90" hai1="20,25,28,85,87,98,102" hai3="9,12,19,88,91,100,101" /><INIT seed="7,1,0,3,3,115" ten="328,328,277,67" oya="3" hai0="20,54,86,80,122,19,8,59,16,17,93,30,131" hai1="128,37,48,32,117,104,120,62,76,123,24,1,109" hai2="14,27,121,111,91,7,21,61,99,98,96,87,129" hai3="118,135,6,133,49,102,46,0,71,77,70,3,12"/><W40/><G102/><T29/><D131/><U101/><E48/><V39/><F111/><W63/><G77/><N who="0" m="46351" /><D122/><N who="1" m="46635" /><E109/><V73/><F73/><W124/><G124/><T56/><D56/><U11/><E76/><V119/><F121/><W105/><G105/><T126/><D126/><U88/><E88/><V134/><F39/><W50/><G118/><T65/><D65/><U75/><E128/><V106/><F106/><W69/><G63/><N who="0" m="36343" /><D8/><U51/><E51/><V108/><F108/><W36/><G50/><T44/><D44/><U9/><E75/><V112/><F112/><W92/><G92/><T47/><D47/><U42/><E9/><V23/><F119/><W81/><G81/><T68/><D68/><U125/><E62/><V5/><F129/><W15/><G36/><T82/><D82/><U33/><E125/><V64/><F134/><N who="3" m="51211" /><G6/><T34/><D34/><U97/><E24/><V18/><F61/><W89/><G89/><T52/><D52/><U84/><E84/><V41/><F64/><W110/><G110/><T53/><D53/><U2/><E117/><V35/><F41/><W38/><G38/><T107/><D107/><U127/><E127/><V116/><F116/><W100/><G100/><T55/><D55/><U58/><E58/><V95/><REACH who="2" step="1"/><F35/><REACH who="2" ten="328,328,267,67" step="2"/><N who="1" m="13385" /><E11/><V78/><F78/><W132/><N who="3" m="51219" /><W67/><DORA hai="45" /><G67/><T79/><D79/><U31/><E42/><V28/><AGARI ba="1,1" hai="5,7,14,18,21,23,27,28,87,91,95,96,98,99" machi="28" ten="30,4000,0" yaku="1,1,0,1,8,1,53,0" doraHai="115,45" doraHaiUra="66,72" who="2" fromWho="2" sc="328,-11,328,-11,267,53,67,-21" owari="317,12.0,317,-8.0,320,41.0,46,-45.0" /></mjloggm>