<mjloggm ver="2.3"><GO type="169" lobby="0"/><UN n0="%41%79%6F%75%46" n1="%E3%82%88%E3%82%8D%E3%82%81%E3%81%8D%47%54%49" n2="%E3%82%A6%E3%83%AB%E3%83%88%E3%83%A9%E7%AB%8B%E7%9B%B4" n3="%6F%6F%6F%6F%6D%6F%72%69" dan="17,16,17,16" rate="2095.23,2107.92,2228.25,2094.95" sx="M,M,M,M"/><TAIKYOKU oya="0"/><INIT seed="0,0,0,1,4,115" ten="250,250,250,250" oya="0" hai0="4,114,12,112,111,34,24,10,121,21,39,75,100" hai1="103,119,49,102,36,37,0,129,33,13,45,52,62" hai2="90,31,11,87,106,70,38,107,54,108,43,69,128" hai3="44,18,105,55,72,79,8,89,40,30,127,123,113"/><T85/><D75/><U116/><E33/><V15/><F31/><W25/><G113/><T83/><D121/><U65/><E0/><V16/><F38/><N who="1" m="14953" /><E13/><V27/><F43/><W97/><G123/><T130/><D130/><U2/><E2/><V81/><F128/><W63/><G127/><T29/><D39/><U84/><E84/><V132/><F27/><W131/><G72/><T134/><D134/><U61/><E103/><V96/><F132/><W32/><G79/><T6/><D100/><U56/><E102/><V28/><F28/><W110/><G105/><T125/><D125/><U92/><E92/><V51/><F108/><W99/><G110/><T20/><D111/><U42/><E129/><V77/><F77/><W104/><G104/><N who="2" m="39977" /><F96/><W48/><G89/><T78/><D21/><U46/><E46/><AGARI ba="0,0" hai="11,15,16,46,51,54,69,70,81,87,90" m="39977" machi="46" ten="30,2000,0" yaku="25,1,54,1" doraHai="115" who="2" fromWho="1" sc="250,0,250,-20,250,20,250,0" /><INIT seed="1,0,0,3,2,40" ten="250,230,270,250" oya="1" hai0="54,78,86,89,121,4,88,15,5,115,50,76,31" hai1="133,123,122,109,44,117,74,38,91,19,46,130,134" hai2="125,16,135,11,72,103,102,75,43,68,29,21,94" hai3="6,106,92,66,35,69,107,116,114,2,47,77,71"/><U36/><E91/><V80/><F68/><W12/><G114/><T51/><D31/><U108/><E74/><V60/><F29/><W27/><G2/><T132/><D115/><U127/><E19/><V85/><F135/><W120/><G120/><T0/><D0/><U110/><E117/><V99/><F125/><W93/><G77/><T87/><D15/><U23/><E23/><V20/><F103/><W24/><G66/><T48/><D54/><U14/><E14/><N who="2" m="7263" /><F75/><W32/><G12/><T3/><D3/><U63/><E63/><V58/><F43/><W128/><G128/><T13/><D13/><U37/><E127/><V1/><F72/><W82/><G82/><T57/><D57/><U118/><E118/><V26/><F26/><W126/><G126/><T17/><D17/><U41/><E130/><V34/><F1/><W129/><G129/><T42/><D42/><U111/><N who="1" m="27648" /><DORA hai="52" /><U98/><E98/><V124/><F34/><W10/><G10/><T67/><D67/><U18/><E18/><V65/><F124/><W95/><G116/><T113/><D113/><U49/><E44/><V8/><F8/><W59/><G59/><T104/><D121/><AGARI ba="0,0" hai="36,37,38,41,46,49,121,122,123,133,134" m="27648" machi="121" ten="80,18000,2" yaku="14,1,10,1,34,3,52,1" doraHai="40,52" who="1" fromWho="0" sc="250,-180,230,180,270,0,250,0" /><INIT seed="1,1,0,0,0,87" ten="70,410,270,250" oya="1" hai0="61,22,127,79,14,97,121,33,110,34,48,19,119" hai1="95,75,107,6,68,42,7,115,51,88,83,43,15" hai2="18,39,133,41,32,100,112,93,31,2,101,55,58" hai3="27,106,44,11,113,128,56,104,65,120,102,84,67"/><U80/><E68/><V50/><F2/><W131/><G120/><T81/><D119/><U124/><E107/><V71/><F32/><W3/><G113/><T54/><D110/><U5/><E115/><V45/><F31/><W135/><G135/><T77/><D121/><U122/><E122/><V62/><F112/><W85/><G27/><T134/><D134/><U94/><E124/><V24/><F133/><W25/><G25/><T1/><D1/><U9/><E75/><V109/><F109/><W116/><G116/><T30/><D127/><U47/><E43/><V108/><F108/><W111/><G111/><T92/><D61/><U64/><E64/><V63/><F63/><W20/><G20/><T78/><D30/><U103/><E103/><V69/><F69/><W114/><G114/><T35/><D81/><U60/><E60/><V105/><F105/><W99/><G104/><T90/><REACH who="0" step="1"/><D34/><REACH who="0" ten="60,410,270,250" step="2"/><U57/><E83/><V16/><F62/><W29/><G29/><T37/><D37/><U70/><E80/><V38/><F39/><W82/><G82/><T46/><AGARI ba="1,1" hai="14,19,22,33,35,46,48,54,77,78,79,90,92,97" machi="46" ten="30,4000,0" yaku="1,1,0,1,52,1,53,0" doraHai="87" doraHaiUra="130" who="0" fromWho="0" sc="60,53,410,-21,270,-11,250,-11" /><INIT seed="2,0,0,3,2,44" ten="113,389,259,239" oya="2" hai0="46,120,49,68,21,119,37,18,124,90,34,62,69" hai1="73,109,135,4,29,66,38,50,16,122,70,57,110" hai2="98,65,60,17,132,6,25,41,106,96,130,79,99" hai3="26,55,36,108,93,15,92,112,9,2,134,121,84"/><V131/><F6/><W58/><G121/><T117/><D34/><U107/><E73/><V104/><F79/><W52/><G36/><T77/><D77/><U127/><E107/><V1/><F1/><W88/><G108/><T63/><D90/><U22/><E38/><V126/><F41/><W13/><G134/><T91/><D37/><U94/><E4/><V47/><F47/><W51/><G112/><T118/><D120/><U71/><E29/><V86/><F86/><W32/><G2/><T128/><D91/><U114/><E114/><V80/><F80/><N who="3" m="49159" /><G32/><T95/><D95/><N who="3" m="36425" /><G26/><N who="0" m="14647" /><D124/><U78/><E78/><V56/><F126/><W115/><G115/><T97/><D97/><U40/><E127/><V116/><F116/><W87/><G87/><T30/><D30/><U28/><E28/><V76/><F76/><W64/><G64/><T7/><D7/><U5/><E66/><V133/><F106/><W85/><G85/><T125/><D125/><U75/><E5/><V74/><F104/><W10/><G55/><N who="0" m="30135" /><D128/><N who="2" m="49194" /><F74/><W24/><G24/><T23/><D23/><AGARI ba="0,0" hai="17,23,25,56,60,65,96,98,99,132,133" m="49194" machi="23" ten="40,2000,0" yaku="19,1" doraHai="44" who="2" fromWho="0" sc="113,-20,389,0,259,20,239,0" /><INIT seed="2,1,0,2,5,81" ten="93,389,279,239" oya="2" hai0="99,4,20,86,61,122,112,8,105,84,104,58,59" hai1="87,89,39,75,83,27,53,98,80,18,123,43,41" hai2="88,130,15,107,13,129,76,7,133,10,23,17,126" hai3="116,21,42,31,115,26,14,128,68,85,30,50,56"/><V82/><F107/><W55/><G116/><T64/><D112/><U72/><E123/><V49/><F126/><W36/><G115/><T47/><D122/><U113/><E113/><V37/><F37/><W100/><G128/><T109/><D109/><U12/><E39/><V96/><F133/><W40/><G68/><T54/><D47/><U121/><E121/><V45/><F96/><W74/><G74/><T29/><D29/><U16/><E98/><V63/><F63/><W103/><G31/><T2/><D20/><U38/><E38/><V60/><F60/><W33/><G33/><T79/><D79/><U57/><E27/><V125/><F125/><W44/><G42/><T69/><D105/><U1/><E1/><V135/><F135/><W5/><G85/><T0/><D0/><U110/><E110/><V95/><F95/><W111/><G111/><T34/><D34/><U67/><E67/><V24/><F24/><W106/><G106/><T52/><D69/><U101/><E101/><V90/><F130/><W91/><G91/><T124/><D124/><U66/><E66/><V32/><F32/><W114/><G114/><T93/><D104/><U28/><E28/><V46/><F129/><W92/><G92/><T70/><D70/><U131/><E131/><V25/><F25/><W48/><G36/><T9/><D9/><AGARI ba="1,0" hai="5,9,14,21,26,30,40,44,48,50,55,56,100,103" machi="9" ten="40,1300,0" yaku="8,1" doraHai="81" who="3" fromWho="0" sc="93,-16,389,0,279,0,239,16" /><INIT seed="3,0,0,0,4,109" ten="77,389,279,255" oya="3" hai0="13,95,19,15,45,51,83,92,23,103,124,57,127" hai1="53,71,94,4,21,49,6,128,12,86,87,43,37" hai2="64,122,76,22,107,130,40,42,25,108,62,47,63" hai3="81,105,118,91,106,117,60,50,78,75,69,0,26"/><W31/><G0/><T73/><D57/><U34/><E34/><V74/><F107/><W110/><G110/><T84/><D73/><U67/><E128/><V112/><F108/><W102/><G50/><T125/><D15/><U58/><E43/><V135/><F130/><W89/><G105/><T96/><D96/><U29/><E37/><V66/><F135/><W120/><G120/><T54/><REACH who="0" step="1"/><D103/><REACH who="0" ten="67,389,279,255" step="2"/><U88/><E71/><V33/><F74/><W36/><G102/><T115/><D115/><U32/><E86/><V48/><F112/><W5/><G75/><T113/><D113/><U80/><E12/><V101/><F101/><W10/><G69/><T97/><D97/><U82/><E58/><V131/><F131/><W133/><G133/><T61/><D61/><U85/><E87/><V93/><F62/><W1/><G60/><T30/><D30/><U55/><E85/><V119/><F63/><W121/><G121/><T35/><D35/><U52/><E29/><V104/><F33/><W3/><G3/><T17/><D17/><U18/><E18/><V70/><F122/><W77/><G31/><T65/><D65/><U123/><E67/><V132/><F66/><W44/><G1/><T126/><N who="0" m="31744" /><DORA hai="2" /><T100/><D100/><U114/><E32/><V38/><F64/><W14/><G106/><T90/><AGARI ba="0,1" hai="13,19,23,45,51,54,83,84,90,92,95" m="31744" machi="90" ten="60,7900,0" yaku="1,1,0,1,18,1,53,0" doraHai="109,2" doraHaiUra="98,116" who="0" fromWho="0" sc="67,89,389,-20,279,-20,255,-39" /><INIT seed="4,0,0,5,4,17" ten="156,369,259,216" oya="0" hai0="29,19,62,102,8,28,33,133,16,3,126,41,86" hai1="106,120,52,125,23,22,25,42,2,46,43,101,55" hai2="18,14,89,57,72,40,69,108,9,83,10,123,100" hai3="63,66,129,81,59,60,107,82,97,7,15,90,96"/><T99/><D41/><U124/><E2/><V104/><F69/><W79/><G129/><T115/><D115/><U65/><E120/><V98/><F108/><W11/><G107/><T70/><D133/><U132/><E65/><V0/><F123/><W135/><G135/><T71/><D126/><N who="1" m="48747" /><E132/><V112/><F112/><W84/><REACH who="3" step="1"/><G63/><REACH who="3" ten="156,369,259,206" step="2"/><T94/><D62/><U5/><E106/><V21/><F104/><W113/><G113/><T74/><D71/><U76/><E101/><V54/><F100/><W45/><G45/><T78/><D70/><U131/><E131/><V6/><F0/><W35/><G35/><T44/><D44/><U36/><E43/><V4/><F40/><W50/><G50/><T13/><D3/><U91/><E46/><V31/><F72/><AGARI ba="0,1" hai="7,11,15,59,60,66,72,79,81,82,84,90,96,97" machi="72" ten="30,3900,0" yaku="1,1,7,1,53,1" doraHai="17" doraHaiUra="105" who="3" fromWho="2" sc="156,0,369,0,259,-39,206,49" /><INIT seed="5,0,0,4,3,111" ten="156,369,220,255" oya="1" hai0="51,57,84,124,104,102,9,59,52,13,108,46,47" hai1="3,61,71,14,29,28,64,33,135,94,97,65,81" hai2="72,90,44,49,26,101,126,37,62,23,39,34,91" hai3="83,129,107,42,17,131,127,99,106,113,133,75,120"/><U69/><E3/><V50/><F34/><W85/><G42/><T105/><D108/><U41/><E135/><V110/><F72/><W63/><G63/><T115/><D124/><U35/><E41/><V70/><F110/><W88/><G17/><T92/><D59/><U117/><E81/><V48/><F101/><W73/><G127/><T31/><D31/><U119/><E14/><V128/><F126/><W86/><G133/><T5/><D115/><U89/><E61/><V32/><F32/><W76/><G120/><T1/><D1/><U21/><E21/><V82/><F82/><N who="3" m="49239" /><G113/><T54/><D47/><U80/><E80/><V121/><F121/><W116/><G116/><T132/><D132/><U79/><E89/><V130/><F44/><W93/><G129/><T11/><D11/><U40/><E40/><V134/><F134/><W20/><G20/><T100/><D84/><U58/><E97/><V53/><F49/><W45/><G45/><T18/><D5/><U30/><E30/><V36/><F36/><W19/><G19/><T43/><D54/><U2/><E2/><V122/><F53/><W74/><G131/><T66/><D66/><U4/><E4/><V78/><F23/><W25/><G25/><T22/><D22/><U60/><E60/><V125/><F26/><W77/><G77/><T87/><D105/><U38/><E79/><V10/><F78/><W98/><G98/><T112/><D104/><U0/><E38/><V123/><F125/><W95/><G99/><T68/><D43/><U16/><E117/><V114/><F130/><W24/><G24/><RYUUKYOKU ba="0,0" sc="156,-10,369,-10,220,-10,255,30" hai3="73,74,75,76,83,85,93,95,106,107" /><INIT seed="6,1,0,0,1,62" ten="146,359,210,285" oya="2" hai0="91,129,118,44,113,16,41,131,117,63,127,60,100" hai1="102,30,68,110,47,121,20,90,77,135,38,115,94" hai2="59,11,39,6,61,93,75,125,50,85,32,18,114" hai3="71,123,35,45,46,112,76,108,128,0,5,104,99"/><V88/><F39/><W19/><G123/><T33/><D33/><U54/><E68/><V26/><F75/><W14/><G108/><T97/><D91/><U56/><E77/><V119/><F119/><N who="0" m="45578" /><D113/><U124/><E102/><V25/><F114/><W84/><G35/><T130/><D127/><U57/><E38/><V3/><F125/><W13/><G71/><T105/><D16/><U53/><E30/><V95/><F32/><W1/><G128/><N who="0" m="32771" /><T82/><DORA hai="80" /><D82/><U37/><E20/><V27/><F50/><AGARI ba="1,0" hai="41,44,50,60,63,97,100,105" m="32771,45578" machi="50" ten="40,2600,0" yaku="12,1,19,1" doraHai="62,80" who="0" fromWho="2" sc="146,29,359,0,210,-29,285,0" /><INIT seed="7,0,0,0,2,3" ten="175,359,181,285" oya="3" hai0="135,112,121,59,107,12,77,119,11,134,8,50,0" hai1="124,55,30,73,51,15,38,111,75,5,49,40,41" hai2="81,130,28,7,72,31,116,133,101,90,76,13,84" hai3="23,4,122,89,127,29,65,104,32,105,74,60,118"/><W123/><G118/><T83/><D119/><U95/><E111/><V62/><F116/><W79/><G32/><T98/><D121/><U126/><E30/><N who="2" m="11307" /><F72/><W53/><G127/><T46/><D59/><U2/><E2/><V48/><F130/><W26/><G105/><T117/><D117/><U99/><E38/><V33/><F33/><W9/><G104/><T52/><D112/><U69/><E69/><V20/><F133/><N who="0" m="50698" /><D0/><U43/><E73/><V63/><F101/><W92/><G53/><T54/><D54/><U21/><E75/><V110/><F110/><W100/><G100/><N who="0" m="62871" /><D12/><U61/><E15/><V68/><F68/><W36/><G36/><T22/><D22/><U106/><E21/><V109/><F109/><W10/><G10/><T64/><D64/><U35/><E106/><V70/><F70/><W128/><G128/><T86/><AGARI ba="0,0" hai="8,11,46,50,52,77,83,86" m="62871,50698" machi="86" ten="30,2000,0" yaku="20,1,54,1" doraHai="3" who="0" fromWho="0" sc="175,20,359,-5,181,-5,285,-10" owari="195,-20.0,354,44.0,176,-32.0,275,8.0" /></mjloggm>