<mjloggm ver="2.3"><GO type="169" lobby="0"/><UN n0="%E5%B9%B3%E4%BA%95%E9%8A%80%E4%BA%8C" n1="%6D%6F%6E%6F%2D%31%34" n2="%E5%B0%B1%E6%B4%BB%E7%94%9F%40%E5%B7%9D%E6%9D%91%E8%BB%8D%E5%9B%A3" n3="%62%61%72%61%61%64%6F" dan="17,16,16,16" rate="2163.48,2160.92,2108.90,2075.80" sx="M,M,M,M"/><TAIKYOKU oya="0"/><INIT seed="0,0,0,2,1,25" ten="250,250,250,250" oya="0" hai0="133,45,120,88,116,49,113,124,9,78,135,10,99" hai1="104,114,19,2,47,12,131,52,21,14,48,86,91" hai2="97,64,54,22,41,132,126,63,20,67,23,1,122" hai3="61,30,117,43,115,82,28,98,13,4,15,94,73"/><T59/><D120/><U11/><E104/><V39/><F122/><W62/><G115/><T102/><D116/><U60/><E131/><V46/><F1/><W80/><G117/><T112/><D78/><U121/><E121/><V34/><F34/><W130/><G130/><T93/><D124/><U5/><E114/><V123/><F123/><W71/><G43/><T74/><D74/><U55/><E60/><N who="3" m="23146" /><G71/><T53/><D112/><U35/><E35/><V96/><F126/><W75/><G75/><T24/><D113/><U32/><E32/><V83/><F132/><N who="0" m="50762" /><D45/><U119/><E119/><V79/><F54/><W95/><G73/><T103/><D24/><U29/><E55/><V50/><F39/><W27/><G27/><T111/><D111/><U51/><E48/><V118/><F118/><W31/><G95/><N who="0" m="58751" /><D103/><U33/><E33/><V38/><F38/><W134/><G134/><T72/><D72/><U128/><E128/><V70/><F67/><W44/><G44/><T106/><D106/><U87/><E2/><V68/><F68/><W18/><G4/><T109/><D109/><U17/><E5/><V36/><F36/><W76/><G76/><T57/><D57/><U69/><E69/><V92/><F92/><W90/><G13/><T85/><AGARI ba="0,0" hai="9,10,49,53,59,85,88,93" m="58751,50762" machi="85" ten="30,3000,0" yaku="20,1,54,1" doraHai="25" who="0" fromWho="0" sc="250,30,250,-10,250,-10,250,-10" /><INIT seed="0,1,0,3,3,16" ten="280,240,240,240" oya="0" hai0="130,37,36,22,123,15,57,14,64,114,60,78,29" hai1="90,10,129,5,12,111,28,132,55,51,42,25,39" hai2="80,79,88,73,66,8,32,91,94,45,58,131,61" hai3="96,31,27,33,7,92,81,126,110,83,63,101,19"/><T18/><D123/><U105/><E111/><V54/><F32/><W23/><G110/><T125/><D114/><U119/><E129/><V100/><F131/><W134/><G134/><T6/><D130/><U128/><E128/><V99/><F8/><W35/><G126/><T117/><D117/><U17/><E105/><V72/><F72/><W109/><G109/><T24/><D125/><U71/><E71/><V87/><F73/><W97/><G7/><T46/><D78/><U74/><E74/><V9/><F9/><W43/><G43/><T67/><D67/><U89/><E132/><V93/><F93/><W124/><G124/><T59/><D6/><U135/><E135/><V127/><F127/><W77/><G63/><T69/><D15/><U49/><E39/><V133/><F133/><W3/><G3/><T53/><D46/><N who="1" m="25815" /><E28/><V98/><F99/><W44/><G44/><T26/><D26/><U65/><E65/><V50/><AGARI ba="1,0" hai="45,50,54,58,61,66,79,80,87,88,91,94,98,100" machi="50" ten="30,4000,0" yaku="0,1,8,1,54,1" doraHai="16" who="2" fromWho="2" sc="280,-21,240,-11,240,43,240,-11" /><INIT seed="1,0,0,5,2,26" ten="259,229,283,229" oya="1" hai0="38,125,100,50,42,29,44,83,107,117,118,77,57" hai1="109,8,108,92,129,43,73,0,25,32,61,51,49" hai2="59,17,5,124,134,87,131,106,123,11,104,10,97" hai3="24,119,95,76,45,105,81,103,27,98,47,110,65"/><U33/><E73/><V72/><F72/><W16/><G110/><N who="1" m="42602" /><E129/><V6/><F123/><W90/><G119/><T12/><D125/><U40/><E61/><V36/><F36/><W79/><G65/><T15/><D15/><U58/><E92/><V53/><F124/><W62/><G62/><T113/><D113/><U46/><E8/><V120/><F120/><W88/><G105/><T56/><D12/><U28/><E0/><V7/><F131/><W22/><G27/><T94/><D107/><U66/><E66/><V19/><F134/><W20/><G103/><T37/><D94/><U114/><E114/><V126/><F126/><W78/><G22/><T23/><D100/><U122/><E122/><V31/><F104/><W91/><REACH who="3" step="1"/><G81/><REACH who="3" ten="259,229,283,219" step="2"/><T71/><D23/><N who="1" m="15423" /><E58/><V60/><F106/><W96/><G96/><T93/><D57/><U121/><E121/><V18/><F97/><W9/><G9/><N who="2" m="3081" /><F87/><W2/><G2/><T127/><D127/><U3/><E3/><V75/><F75/><W41/><G41/><N who="1" m="15946" /><E46/><V30/><AGARI ba="0,1" hai="5,6,7,17,18,19,30,31,53,59,60" m="3081" machi="30" ten="40,5200,0" yaku="8,1,52,2" doraHai="26" who="2" fromWho="2" sc="259,-13,229,-26,283,62,219,-13" /><INIT seed="2,0,0,2,3,70" ten="246,203,345,206" oya="2" hai0="60,64,135,99,79,58,48,25,21,23,115,128,0" hai1="5,112,117,93,108,53,88,66,19,71,74,67,110" hai2="69,109,45,118,1,107,42,106,133,101,75,16,57" hai3="6,73,38,113,82,51,83,126,121,33,119,3,4"/><V29/><F69/><W81/><G119/><T50/><D0/><U54/><E74/><V26/><F75/><W77/><G121/><T18/><D18/><U40/><E117/><V32/><F1/><W39/><G126/><T10/><D115/><U14/><E5/><V103/><F118/><W27/><G51/><T124/><D124/><U35/><E35/><V61/><F133/><W90/><G113/><T122/><D122/><U111/><E112/><V80/><F109/><W2/><G90/><T49/><D135/><U8/><E40/><V125/><F125/><W85/><G82/><T15/><D128/><U68/><E68/><V11/><F80/><W65/><G65/><N who="1" m="24586" /><E71/><V91/><F91/><W97/><G97/><AGARI ba="0,0" hai="8,14,19,53,54,88,93,97,108,110,111" m="24586" machi="97" ten="30,2000,0" yaku="14,1,54,1" doraHai="70" who="1" fromWho="3" sc="246,0,203,20,345,0,206,-20" /><INIT seed="3,0,0,3,2,34" ten="246,223,345,186" oya="3" hai0="111,93,78,65,102,76,42,75,122,88,26,39,130" hai1="72,89,35,49,125,94,126,73,30,128,6,8,74" hai2="118,92,132,18,29,21,66,134,28,43,127,114,108" hai3="19,115,67,103,17,82,55,33,14,70,121,99,105"/><W87/><G115/><T106/><D122/><U58/><E35/><V45/><F118/><W37/><G121/><T32/><D111/><U68/><E68/><V31/><F114/><W7/><G37/><T57/><D130/><U96/><E30/><V64/><F108/><W10/><G33/><T2/><D102/><U90/><E128/><V22/><F92/><W135/><G135/><N who="2" m="51753" /><F127/><N who="1" m="48649" /><E58/><V44/><F18/><W86/><G86/><T3/><D106/><U16/><E16/><V84/><F84/><W77/><REACH who="3" step="1"/><G55/><REACH who="3" ten="246,223,345,176" step="2"/><T91/><D32/><U54/><E74/><V56/><F43/><W107/><G107/><T129/><D42/><U59/><E73/><V95/><F95/><W60/><AGARI ba="0,1" hai="7,10,14,17,19,60,67,70,77,82,87,99,103,105" machi="60" ten="30,3000,0" yaku="1,1,0,1,53,0" doraHai="34" doraHaiUra="52" who="3" fromWho="3" sc="246,-10,223,-10,345,-10,176,40" /><INIT seed="3,1,0,2,3,24" ten="236,213,335,216" oya="3" hai0="121,91,57,62,5,6,85,110,69,17,47,54,33" hai1="131,58,88,38,44,76,80,9,15,18,107,37,53" hai2="67,115,114,81,12,64,120,49,118,16,59,75,29" hai3="32,103,128,71,104,101,14,20,68,4,7,40,0"/><W123/><G123/><T25/><D121/><U60/><E107/><V61/><F118/><W127/><G32/><T13/><D110/><U134/><E134/><V78/><F120/><W72/><G72/><T74/><D74/><U82/><E131/><V50/><F67/><W111/><G40/><T22/><D69/><U99/><E38/><V94/><F94/><W36/><G36/><T126/><D126/><U35/><E35/><V93/><F93/><W31/><G128/><T95/><D33/><U21/><E76/><V124/><F124/><W79/><G127/><T90/><D47/><U117/><E117/><V41/><F29/><W133/><G79/><T52/><D54/><U98/><E44/><V11/><REACH who="2" step="1"/><F41/><REACH who="2" ten="236,213,325,216" step="2"/><W10/><G31/><N who="0" m="17847" /><D91/><U130/><E130/><V135/><F135/><W48/><G133/><T132/><D132/><U105/><E105/><V39/><F39/><W55/><G104/><T23/><AGARI ba="1,1" hai="5,6,13,17,23,52,57,62,85,90,95" m="17847" machi="23" ten="30,4000,0" yaku="8,1,52,1,54,1" doraHai="24" who="0" fromWho="0" sc="236,53,213,-11,325,-11,216,-21" /><INIT seed="4,0,0,4,1,85" ten="289,202,314,195" oya="0" hai0="23,12,78,5,60,119,63,43,71,90,105,73,118" hai1="89,40,3,76,57,45,81,50,16,15,82,123,9" hai2="125,122,133,115,0,86,131,52,44,127,113,114,99" hai3="19,121,46,134,54,41,95,4,135,10,18,32,51"/><T65/><D105/><U22/><E123/><V84/><F0/><N who="3" m="263" /><G121/><T74/><D43/><U117/><E117/><V59/><F122/><W8/><G32/><T66/><D5/><U17/><E3/><V88/><F131/><W28/><G28/><T30/><D78/><U72/><E57/><V64/><F133/><N who="3" m="50699" /><G8/><T109/><D109/><U104/><E104/><V102/><F64/><W103/><G41/><T31/><D12/><U120/><E120/><V53/><F44/><W83/><G83/><T11/><D11/><U36/><E36/><V37/><F37/><W6/><G6/><T25/><D23/><U61/><E61/><N who="2" m="36071" /><F53/><W29/><G29/><T20/><D20/><U34/><E34/><V96/><F86/><W58/><G58/><T69/><D25/><N who="1" m="14535" /><E72/><V26/><F26/><W126/><G126/><N who="2" m="48137" /><F102/><W68/><G68/><T39/><D39/><U93/><E76/><V106/><F106/><W91/><G103/><T2/><D2/><U1/><E1/><V130/><F130/><W97/><AGARI ba="0,0" hai="18,19,46,51,54,91,95,97" m="50699,263" machi="97" ten="30,2000,0" yaku="20,1,52,1" doraHai="85" who="3" fromWho="3" sc="289,-10,202,-5,314,-5,195,20" /><INIT seed="5,0,0,0,5,42" ten="279,197,309,215" oya="1" hai0="35,46,98,123,17,122,96,109,7,87,133,68,120" hai1="59,5,72,91,75,127,18,19,106,51,82,40,69" hai2="117,73,102,34,3,78,105,38,52,29,21,85,88" hai3="94,24,129,80,20,1,39,67,64,8,131,36,118"/><U48/><E69/><V99/><F38/><N who="3" m="14379" /><G80/><T126/><D109/><U89/><E106/><V77/><F3/><W22/><G94/><T134/><D68/><U79/><E127/><V71/><F71/><W44/><G44/><T10/><D126/><U62/><E5/><V115/><F117/><W27/><G118/><T81/><D35/><U103/><E103/><V30/><F34/><W76/><G76/><N who="0" m="46503" /><D17/><U58/><E82/><V119/><F119/><W33/><G33/><T74/><D74/><U47/><E40/><V41/><F41/><W130/><G8/><T61/><D61/><U57/><E57/><V95/><F115/><W45/><G45/><T9/><D46/><U108/><E47/><V11/><F11/><N who="0" m="4106" /><D7/><U53/><E108/><V83/><F77/><W63/><G1/><T90/><D90/><U26/><E79/><V32/><F32/><W110/><G110/><T55/><D55/><U92/><E62/><V2/><F2/><W25/><G63/><T65/><D120/><U121/><E121/><V116/><F116/><W112/><G112/><T135/><D122/><U113/><E113/><V104/><F104/><W132/><G132/><T114/><D114/><U54/><REACH who="1" step="1"/><E26/><REACH who="1" ten="279,187,309,215" step="2"/><V49/><F49/><W16/><G25/><T37/><D134/><U128/><E128/><V124/><F124/><W100/><G100/><T4/><D133/><U60/><E60/><V84/><F73/><W31/><AGARI ba="0,1" hai="16,20,22,24,27,31,64,67,129,130,131" m="14379" machi="31" ten="40,2700,0" yaku="19,1,54,1" doraHai="42" who="3" fromWho="3" sc="279,-7,187,-13,309,-7,215,37" /><INIT seed="6,0,0,5,0,90" ten="272,174,302,252" oya="2" hai0="105,32,39,116,40,8,94,17,124,87,93,57,130" hai1="92,106,125,64,31,21,43,19,13,10,86,104,129" hai2="76,7,48,47,120,16,91,117,45,6,108,102,23" hai3="98,81,0,52,11,96,59,75,41,27,100,61,66"/><V49/><F120/><W44/><G27/><T60/><D105/><U132/><E132/><V83/><F117/><W18/><G66/><T122/><D122/><U97/><E129/><V2/><F102/><W107/><G98/><T68/><D68/><U73/><E125/><V36/><F36/><W33/><G33/><T112/><D116/><U37/><E86/><N who="2" m="48487" /><F2/><W111/><G111/><T121/><D121/><U118/><E73/><V22/><F22/><W62/><G61/><T79/><D32/><U20/><E20/><V12/><F91/><W5/><G18/><T74/><D112/><U85/><E85/><V51/><F108/><W35/><G35/><T126/><D130/><U34/><E118/><V110/><F110/><W15/><G0/><T3/><D87/><U50/><E37/><V38/><F38/><W123/><G123/><T71/><D71/><U134/><E134/><V46/><AGARI ba="0,0" hai="6,7,12,16,23,45,46,47,48,49,51" m="48487" machi="46" ten="30,3000,0" yaku="8,1,54,1" doraHai="90" who="2" fromWho="2" sc="272,-10,174,-10,302,30,252,-10" /><INIT seed="6,1,0,4,5,89" ten="262,164,332,242" oya="2" hai0="2,53,51,28,0,29,84,121,7,86,18,70,67" hai1="44,113,103,119,56,21,47,88,115,107,120,117,52" hai2="85,35,94,55,100,46,62,41,42,48,40,30,73" hai3="49,1,81,50,122,128,25,112,127,114,22,123,61"/><V129/><F73/><W12/><G1/><T79/><D121/><U5/><E120/><V125/><F125/><W133/><G12/><T87/><D79/><U91/><E107/><V90/><F129/><W69/><G127/><T38/><D38/><U74/><E74/><V17/><F35/><W23/><G133/><T15/><D67/><U71/><E71/><V109/><F109/><W13/><G13/><T54/><D70/><U11/><E103/><V93/><F30/><N who="0" m="11882" /><D2/><U116/><E21/><N who="3" m="7690" /><G25/><T83/><D0/><U26/><E26/><V63/><F17/><W110/><G110/><T20/><D7/><U31/><E31/><V3/><F3/><W72/><G128/><T14/><D14/><U34/><E34/><V82/><F100/><W108/><G108/><T10/><D20/><U78/><E78/><V39/><F39/><W126/><G126/><T98/><D83/><U102/><E102/><V16/><F16/><W45/><G122/><T19/><D19/><U101/><E101/><V135/><F135/><W58/><G69/><T43/><D98/><U131/><E11/><V96/><F96/><W134/><G123/><T24/><D24/><U118/><N who="1" m="29696" /><DORA hai="37" /><U6/><E5/><V95/><AGARI ba="1,0" hai="40,41,42,46,48,55,62,63,82,85,90,93,94,95" machi="95" ten="30,24000,3" yaku="0,1,8,1,52,6" doraHai="89,37" who="2" fromWho="2" sc="262,-81,164,-81,332,243,242,-81" /><INIT seed="6,2,0,2,1,91" ten="181,83,575,161" oya="2" hai0="119,66,64,106,101,107,25,131,62,38,68,10,2" hai1="29,117,126,94,130,50,88,110,9,34,36,8,15" hai2="102,93,109,41,73,124,60,98,37,84,67,27,86" hai3="43,125,100,76,39,87,7,48,97,71,111,3,26"/><V22/><F73/><W14/><G111/><T121/><D121/><U99/><E36/><V92/><F109/><W6/><G39/><T23/><D119/><U129/><E117/><V123/><F123/><W17/><G3/><T70/><D38/><U56/><E110/><V122/><F122/><W128/><G125/><T103/><D131/><U55/><E126/><V90/><F124/><W78/><G26/><T1/><D23/><U135/><E135/><V83/><F41/><W89/><G71/><T132/><D25/><U133/><E133/><V46/><F46/><N who="3" m="25695" /><G97/><T49/><D49/><U127/><E127/><V81/><F37/><W52/><G52/><T21/><D21/><U35/><E29/><V53/><F53/><W72/><G72/><T54/><D54/><U69/><E69/><V18/><REACH who="2" step="1"/><F84/><REACH who="2" ten="181,83,565,161" step="2"/><W116/><G87/><T77/><D132/><U28/><E28/><V19/><F19/><W13/><G17/><T115/><D66/><U96/><E96/><V75/><F75/><W74/><G74/><T85/><D85/><U95/><E95/><V12/><F12/><W59/><G14/><T57/><D64/><U58/><E34/><V20/><F20/><W0/><G13/><T113/><D2/><U134/><E35/><V80/><F80/><W30/><G0/><T42/><D1/><U114/><E134/><V32/><F32/><W63/><G116/><T24/><D107/><U112/><E15/><V44/><F44/><W118/><G118/><T120/><D106/><U104/><E104/><V51/><F51/><W108/><G108/><T105/><D120/><RYUUKYOKU ba="2,1" sc="181,-10,83,-10,565,30,161,-10" hai2="18,22,27,60,67,81,83,86,90,92,93,98,102" /><INIT seed="6,3,1,5,4,31" ten="171,73,595,151" oya="2" hai0="117,92,98,0,128,41,104,134,81,119,127,46,109" hai1="61,72,33,89,95,114,17,93,108,3,121,67,24" hai2="80,15,21,135,113,39,107,112,97,35,76,4,111" hai3="122,84,19,30,68,60,18,78,36,74,126,7,62"/><V73/><F39/><W26/><G122/><T14/><D0/><U110/><E3/><V79/><F79/><W71/><G74/><T57/><D109/><U49/><E72/><V40/><F111/><W85/><G36/><T83/><D104/><U48/><E121/><V53/><F135/><W47/><G47/><T1/><D1/><U52/><E49/><V106/><F40/><W132/><G126/><T54/><BYE who="2" /><D127/><U45/><E95/><V34/><F34/><W75/><G75/><UN n2="%E5%B0%B1%E6%B4%BB%E7%94%9F%40%E5%B7%9D%E6%9D%91%E8%BB%8D%E5%9B%A3" /><T38/><D134/><U129/><E129/><V50/><F35/><W100/><G7/><T133/><D133/><U69/><E114/><N who="2" m="44139" /><F97/><W115/><G100/><N who="0" m="60487" /><D14/><U87/><REACH who="1" step="1"/><E17/><REACH who="1" ten="171,63,595,151" step="2"/><N who="2" m="10431" /><F4/><W86/><G132/><T70/><D128/><U65/><E65/><V28/><F28/><AGARI ba="3,2" hai="24,28,33,45,48,52,61,67,69,87,89,93,108,110" machi="28" ten="40,5200,0" yaku="1,1,52,1,54,1,53,0" doraHai="31" doraHaiUra="99" who="1" fromWho="2" sc="171,0,63,81,595,-61,151,0" /><INIT seed="7,0,0,2,3,56" ten="171,144,534,151" oya="3" hai0="16,61,135,42,102,78,131,112,48,105,121,88,40" hai1="35,60,103,116,31,76,13,53,14,71,98,120,46" hai2="101,36,130,38,127,39,89,2,49,94,55,32,58" hai3="3,0,30,115,20,10,43,33,124,119,9,108,62"/><W84/><G43/><T96/><D121/><U91/><E91/><V18/><F32/><W107/><G107/><T52/><D131/><U7/><E76/><V21/><F2/><N who="3" m="555" /><G84/><T19/><D135/><U45/><E7/><V82/><F127/><W85/><G85/><T63/><D112/><U109/><E109/><V114/><F114/><W129/><G115/><T72/><D78/><U132/><E132/><V24/><F130/><W57/><G129/><T23/><D72/><U34/><E34/><V123/><F123/><W54/><G119/><T1/><D1/><U86/><E86/><V8/><F8/><N who="3" m="3179" /><G124/><T69/><D69/><U134/><E134/><V59/><F101/><W87/><G87/><T41/><D88/><U17/><E116/><V67/><F82/><W37/><G37/><T93/><D105/><N who="1" m="63735" /><E17/><N who="0" m="6729" /><D23/><U26/><E120/><V83/><F83/><W29/><G33/><T68/><D68/><U80/><E80/><V125/><F125/><W106/><G106/><T100/><D100/><U47/><E53/><V5/><F67/><AGARI ba="0,0" hai="13,14,26,31,35,45,46,47,60,67,71" m="63735" machi="67" ten="30,2000,0" yaku="25,1,52,1" doraHai="56" who="1" fromWho="2" sc="171,0,144,20,534,-20,151,0" owari="171,-3.0,164,-24.0,514,62.0,151,-35.0" /></mjloggm>