<mjloggm ver="2.3"><GO type="169" lobby="0"/><UN n0="%E5%A4%A2%E8%89%B2%6D%65%6D%6F%72%79" n1="%E5%B0%B1%E6%B4%BB%E7%94%9F%40%E5%B7%9D%E6%9D%91%E8%BB%8D%E5%9B%A3" n2="%EF%BC%9D%E4%BC%8A%E8%97%A4%E3%81%8B%E3%81%AA%E6%81%B5%EF%BC%9D" n3="%E3%81%BE%E3%81%BF%E3%81%AD%E3%81%93" dan="18,17,17,16" rate="2255.68,2161.28,2229.91,2124.01" sx="F,M,F,M"/><TAIKYOKU oya="0"/><INIT seed="0,0,0,0,5,16" ten="250,250,250,250" oya="0" hai0="71,34,21,43,11,121,64,107,96,35,89,19,60" hai1="135,90,2,102,63,9,117,52,81,41,31,10,32" hai2="84,26,97,18,42,14,5,98,83,7,30,112,88" hai3="108,125,33,54,130,3,4,132,111,57,67,53,127"/><T100/><D121/><U104/><E117/><V119/><F112/><W23/><G33/><T73/><D73/><U109/><E41/><V115/><F115/><W79/><G79/><T77/><D77/><U22/><E32/><V56/><F119/><W82/><G82/><T58/><D43/><U80/><E109/><N who="3" m="42058" /><G4/><N who="2" m="1609" /><F42/><W47/><G3/><T114/><D11/><N who="1" m="4107" /><E2/><V27/><F56/><W69/><G23/><T133/><D114/><U94/><E104/><V62/><F62/><N who="3" m="40183" /><G132/><T126/><D133/><U95/><E102/><V123/><F123/><W129/><G47/><T91/><D35/><U55/><E135/><V65/><F30/><W70/><G70/><T105/><D34/><U78/><E78/><V37/><F14/><W66/><G66/><T48/><D64/><U6/><E6/><V17/><F65/><W87/><G87/><T38/><D71/><U40/><E40/><V116/><F116/><W131/><G54/><N who="1" m="20522" /><E63/><AGARI ba="0,0" hai="53,57,63,125,127,129,130,131" m="40183,42058" machi="63" ten="40,8000,1" yaku="19,1,14,1,34,2" doraHai="16" who="3" fromWho="1" sc="250,0,250,-80,250,0,250,80" /><INIT seed="1,0,0,4,0,86" ten="250,170,250,330" oya="1" hai0="28,109,129,47,60,36,114,56,76,53,106,102,22" hai1="68,10,45,49,6,0,4,30,125,77,90,34,59" hai2="19,91,21,46,20,127,128,73,44,124,58,126,12" hai3="82,85,105,132,69,121,115,5,41,130,131,107,87"/><U75/><E68/><V100/><F128/><W111/><G69/><T134/><D129/><N who="3" m="49161" /><G5/><T95/><D114/><U118/><E118/><V61/><F73/><W65/><G65/><T24/><D106/><N who="3" m="40457" /><G41/><T38/><D109/><U66/><E125/><V32/><F32/><W123/><G115/><T104/><D104/><U120/><E120/><N who="3" m="46154" /><G111/><T33/><D36/><U15/><E30/><V110/><F110/><W79/><G132/><T29/><D134/><U25/><E25/><V70/><F70/><W8/><G8/><T57/><D29/><U55/><E34/><V9/><F21/><W80/><G80/><T23/><D22/><U122/><E122/><V51/><F9/><W37/><G37/><T7/><D38/><U135/><E135/><V42/><F46/><W108/><G108/><T93/><D47/><U84/><E0/><V78/><F42/><W103/><G103/><T119/><D102/><U40/><E66/><N who="2" m="39223" /><F100/><W81/><G81/><T67/><D33/><U2/><E2/><V11/><F11/><W63/><G63/><T72/><D60/><U83/><E6/><V16/><F44/><W99/><G99/><T17/><D7/><U89/><E75/><AGARI ba="0,0" hai="75,79,82,85,87" m="46154,40457,49161" machi="75" ten="40,5200,0" yaku="19,1,34,2" doraHai="86" who="3" fromWho="1" sc="250,0,170,-52,250,0,330,52" /><INIT seed="2,0,0,4,3,62" ten="250,118,250,382" oya="2" hai0="84,66,97,49,80,5,25,27,120,115,86,16,89" hai1="117,116,107,52,1,79,124,127,38,10,109,106,108" hai2="46,29,119,64,114,11,2,100,133,126,60,71,81" hai3="15,121,122,21,53,83,36,63,31,131,35,88,14"/><V65/><F114/><W69/><G36/><T42/><D120/><U129/><E38/><V73/><F119/><N who="1" m="45641" /><E1/><V91/><F133/><W59/><G35/><T20/><D5/><U70/><E70/><V8/><F126/><N who="1" m="48169" /><E10/><V50/><F100/><W85/><G131/><T87/><D115/><U55/><E79/><V105/><F105/><N who="1" m="39945" /><E129/><V61/><F2/><W95/><G69/><T90/><D25/><U93/><E93/><V118/><F118/><W67/><G122/><T7/><D27/><U72/><E72/><V104/><F104/><W96/><G121/><T45/><D7/><U125/><N who="1" m="48177" /><U98/><DORA hai="43" /><E98/><V68/><F73/><W32/><G32/><T76/><D97/><U26/><E26/><V102/><F8/><W17/><G31/><T94/><D76/><U47/><E47/><V23/><F11/><W0/><G0/><T18/><D20/><U51/><E51/><V19/><F29/><W22/><G22/><T101/><D101/><U78/><E78/><V123/><F102/><N who="3" m="60703" /><G15/><T103/><D103/><U39/><E39/><V92/><F123/><W40/><G40/><T128/><D128/><U6/><E6/><V48/><F23/><W113/><G113/><T132/><D86/><U77/><E77/><V44/><F92/><W74/><G74/><T33/><D33/><U57/><E57/><V110/><F71/><W82/><G82/><T28/><D28/><U130/><E130/><V134/><F81/><W37/><G37/><T56/><D132/><U54/><AGARI ba="0,0" hai="52,54,55,108,109" m="39945,48177,45641" machi="54" ten="60,8000,1" yaku="28,2,18,1,54,1" doraHai="62,43" who="1" fromWho="1" sc="250,-20,118,80,250,-40,382,-20" /><INIT seed="3,0,0,3,5,2" ten="230,198,210,362" oya="3" hai0="110,57,58,132,104,79,34,64,90,125,56,129,84" hai1="27,28,30,41,122,94,22,96,9,83,6,47,120" hai2="45,42,25,131,100,37,66,114,7,82,77,18,103" hai3="68,0,126,13,69,3,124,111,26,31,118,130,117"/><W123/><G13/><T85/><D34/><U93/><E30/><V109/><F114/><W35/><G123/><T17/><D104/><U121/><E83/><V73/><F109/><W78/><G78/><T21/><D110/><U19/><E28/><V86/><F131/><W1/><G111/><T48/><D125/><N who="3" m="48233" /><G130/><T40/><D132/><U113/><E113/><V95/><F66/><W116/><AGARI ba="0,0" hai="0,1,3,26,31,35,68,69,116,117,118" m="48233" machi="116" ten="50,4800,0" yaku="18,1,23,1" doraHai="2" who="3" fromWho="3" sc="230,-16,198,-16,210,-16,362,48" /><INIT seed="3,1,0,1,0,125" ten="214,182,194,410" oya="3" hai0="83,117,51,79,133,119,27,131,53,107,95,26,102" hai1="109,38,35,42,43,63,40,67,81,77,93,31,7" hai2="62,46,134,105,41,58,72,59,82,20,19,17,97" hai3="28,76,57,48,108,126,9,130,132,32,73,70,30"/><W89/><G70/><T92/><D133/><U106/><E106/><V6/><F134/><W61/><G132/><T49/><D53/><U66/><E109/><V103/><F6/><W22/><G32/><T16/><D107/><U78/><E38/><V2/><F2/><W54/><G126/><T36/><D36/><U10/><E93/><V0/><F0/><W100/><G100/><T25/><D102/><U74/><E77/><V98/><F98/><W24/><G9/><T65/><D65/><U113/><E113/><V29/><F29/><W120/><G120/><T45/><D45/><U114/><E114/><V87/><F72/><W23/><G76/><T8/><D27/><U118/><E118/><V1/><F1/><W33/><G73/><T5/><D5/><U39/><E39/><V21/><F21/><W34/><G34/><T127/><D127/><U64/><E31/><V69/><F69/><W12/><G33/><T37/><D37/><U4/><E35/><V15/><F19/><N who="3" m="10599" /><G28/><T124/><D124/><U99/><E99/><V80/><F87/><W13/><G13/><T96/><D96/><U90/><E90/><V55/><F59/><N who="3" m="33223" /><G89/><T75/><D119/><U56/><E7/><V86/><F86/><W11/><G11/><T135/><D8/><U47/><E4/><V84/><F84/><W14/><G14/><T104/><D117/><U71/><E10/><V85/><F85/><W122/><G122/><T91/><D135/><U88/><E71/><V129/><F82/><W52/><G108/><T3/><D83/><U94/><E47/><V50/><F80/><RYUUKYOKU ba="1,0" sc="214,-30,182,10,194,10,410,10" hai1="40,42,43,56,63,64,66,67,74,78,81,88,94" hai2="15,17,20,41,46,50,55,58,62,97,103,105,129" hai3="23,24,30,52,57,61,130" /><INIT seed="3,2,0,1,5,84" ten="184,192,204,420" oya="3" hai0="94,60,104,28,36,73,56,5,64,91,128,135,0" hai1="76,22,129,124,99,96,75,35,61,19,21,16,47" hai2="50,125,65,132,114,39,23,69,121,11,130,45,89" hai3="68,92,52,111,86,79,101,7,90,109,72,95,105"/><W70/><G7/><T117/><D104/><U67/><E35/><V54/><F114/><W10/><G105/><T42/><D73/><U116/><E129/><V102/><F130/><W12/><G72/><T1/><D128/><U119/><E124/><V66/><F125/><W32/><G32/><T43/><D135/><U120/><E47/><V25/><F132/><W88/><G79/><T49/><D36/><U77/><E75/><V14/><F102/><W30/><G30/><T29/><D117/><U82/><E82/><V108/><F108/><N who="3" m="41547" /><G101/><T33/><D33/><U48/><E48/><V133/><F133/><W107/><G107/><T46/><D43/><U126/><E126/><V98/><F39/><W118/><G118/><N who="1" m="45098" /><E120/><V106/><F69/><W27/><G27/><T58/><D0/><U78/><E21/><V97/><F121/><W83/><G83/><T112/><D112/><U41/><E41/><V9/><F106/><W80/><G80/><T31/><D1/><U15/><E19/><V55/><F23/><W100/><G100/><T34/><D34/><U134/><E134/><V40/><F40/><W62/><G10/><T103/><D5/><U81/><E81/><V63/><F9/><W38/><G38/><T13/><D103/><U131/><E131/><V20/><F11/><W74/><G74/><T71/><REACH who="0" step="1"/><D13/><REACH who="0" ten="174,192,204,420" step="2"/><U26/><E15/><V24/><F14/><W53/><G12/><T113/><D113/><U2/><E2/><V59/><F25/><W87/><G70/><AGARI ba="2,1" hai="16,22,26,61,67,70,76,77,78,96,99" m="45098" machi="70" ten="30,2000,0" yaku="12,1,54,1" doraHai="84" who="1" fromWho="3" sc="174,0,192,36,204,0,420,-26" /><INIT seed="4,0,0,3,4,85" ten="174,228,204,394" oya="0" hai0="96,38,98,14,133,42,87,120,88,132,95,8,78" hai1="72,73,33,123,24,54,80,63,29,4,70,21,58" hai2="130,89,114,36,93,13,76,64,107,102,82,94,15" hai3="10,69,75,103,83,67,101,47,19,118,127,65,45"/><T122/><D42/><U31/><E123/><N who="0" m="47145" /><D38/><U117/><E117/><V134/><F36/><W6/><G118/><T81/><D14/><U37/><E37/><V110/><F64/><W66/><G69/><T100/><D8/><U97/><E4/><V23/><F107/><AGARI ba="0,0" hai="78,81,87,88,95,96,98,100,107,132,133" m="47145" machi="107" ten="30,11600,0" yaku="34,2,52,1,54,1" doraHai="85" who="0" fromWho="2" sc="174,116,228,0,204,-116,394,0" /><INIT seed="4,1,0,4,4,44" ten="290,228,88,394" oya="0" hai0="30,54,83,22,101,31,33,24,52,100,12,20,32" hai1="135,75,79,25,90,87,131,2,127,14,18,8,57" hai2="55,16,51,65,92,29,62,95,78,102,3,119,124" hai3="13,77,68,126,69,21,121,128,96,94,98,104,41"/><T113/><D113/><U15/><E2/><V43/><F3/><W86/><G121/><T117/><D117/><U5/><E131/><V105/><F119/><W26/><G128/><T6/><D83/><U81/><E135/><V122/><F122/><W132/><G132/><T120/><D120/><U23/><E127/><V125/><F29/><W60/><G126/><N who="2" m="48745" /><F43/><W73/><G73/><T10/><D33/><U133/><E133/><V64/><F78/><W66/><G41/><T53/><REACH who="0" step="1"/><D32/><REACH who="0" ten="280,228,88,394" step="2"/><U56/><E25/><AGARI ba="1,1" hai="6,10,12,20,22,24,25,30,31,52,53,54,100,101" machi="25" ten="40,12000,1" yaku="1,1,2,1,9,1,8,1,54,1,53,0" doraHai="44" doraHaiUra="123" who="0" fromWho="1" sc="280,133,228,-123,88,0,394,0" /><INIT seed="4,2,0,1,2,55" ten="413,105,88,394" oya="0" hai0="19,64,125,26,24,69,82,109,54,102,81,75,104" hai1="5,98,65,59,100,51,37,131,133,85,110,13,124" hai2="97,91,45,33,121,7,44,86,129,49,72,76,63" hai3="127,53,42,38,111,32,50,14,35,106,78,56,12"/><T79/><D125/><U135/><E37/><V77/><F121/><W105/><G127/><T6/><D6/><U94/><E110/><V96/><F129/><W43/><G111/><T126/><D126/><U17/><E5/><V28/><F7/><W40/><G78/><N who="2" m="30313" /><F33/><W61/><G38/><T47/><D109/><U117/><E117/><V23/><F72/><W68/><G35/><T1/><D82/><U88/><E124/><V87/><F63/><W114/><G32/><T89/><D89/><U73/><E73/><V120/><F120/><W30/><G30/><T119/><D1/><U18/><E131/><V116/><F116/><W84/><G84/><N who="2" m="32297" /><F91/><W134/><G114/><T95/><D119/><U11/><E18/><V52/><F45/><W20/><G134/><N who="1" m="51210" /><E65/><V31/><F23/><W2/><G2/><T80/><D64/><U71/><E71/><V115/><F115/><W123/><G123/><T66/><D69/><U118/><E118/><V16/><F16/><W25/><G20/><T101/><D75/><U90/><E85/><V22/><F31/><W107/><G25/><AGARI ba="2,0" hai="22,25,28,44,49,52,96,97" m="32297,30313" machi="25" ten="30,2000,0" yaku="8,1,54,1" doraHai="55" who="2" fromWho="3" sc="413,0,105,0,88,26,394,-26" /><INIT seed="5,0,0,3,5,100" ten="413,105,114,368" oya="1" hai0="133,119,75,89,0,44,19,65,73,64,52,63,114" hai1="4,47,90,81,15,84,58,51,49,107,116,79,118" hai2="24,117,98,13,30,85,103,5,22,71,102,106,16" hai3="115,78,55,27,93,25,92,97,121,110,31,7,69"/><U54/><E107/><V82/><F117/><W95/><G69/><T120/><D119/><U130/><E130/><V20/><F71/><W101/><G121/><T36/><D0/><U50/><E90/><V127/><F127/><W70/><G70/><T57/><D114/><U134/><E134/><V28/><F102/><W87/><G115/><T33/><D33/><U129/><E129/><V17/><REACH who="2" step="1"/><F5/><REACH who="2" ten="413,105,104,368" step="2"/><W1/><G7/><T56/><D133/><U72/><E72/><V40/><F40/><W21/><G101/><T135/><D75/><U67/><E67/><V83/><F83/><W109/><G109/><T37/><D73/><U111/><E111/><V6/><F6/><W122/><G122/><T105/><D120/><U113/><E113/><V35/><F35/><W48/><G110/><T68/><D135/><U46/><E116/><V45/><F45/><N who="1" m="16905" /><E118/><V39/><F39/><W86/><G55/><T38/><D37/><U74/><E74/><V60/><F60/><W61/><G61/><T125/><D38/><U91/><E79/><AGARI ba="0,1" hai="13,16,17,20,22,24,28,30,79,82,85,98,103,106" machi="79" ten="30,12000,2" yaku="1,1,7,1,52,1,54,1,53,2" doraHai="100" doraHaiUra="18" who="2" fromWho="1" sc="413,0,105,-120,104,130,368,0" owari="413,52.0,-15,-52.0,234,-17.0,368,17.0" /></mjloggm>