<mjloggm ver="2.3"><GO type="41" lobby="0"/><UN n0="%E3%82%A8%E3%83%A0%E3%82%BA%E3%82%AC%E3%83%BC%E3%83%87%E3%83%B3" n1="%E8%B6%8A%E5%BE%8C%E4%BA%BA" n2="%E5%B0%B1%E6%B4%BB%E7%94%9F%40%E5%B7%9D%E6%9D%91%E8%BB%8D%E5%9B%A3" n3="%E3%81%AE%E3%82%8A%E3%81%AE%E3%82%8A" dan="13,14,17,13" rate="1875.85,1918.71,2174.96,1808.94" sx="M,M,M,M"/><TAIKYOKU oya="0"/><INIT seed="0,0,0,0,2,47" ten="250,250,250,250" oya="0" hai0="123,121,106,39,50,129,93,13,131,62,99,43,40" hai1="2,92,125,110,81,103,36,114,38,68,83,49,101" hai2="97,84,44,60,72,14,5,35,20,74,91,42,86" hai3="57,15,8,100,133,3,6,122,105,88,135,65,78"/><T41/><D106/><U27/><E68/><V116/><F35/><W31/><G105/><T120/><D13/><U80/><E125/><V104/><F60/><W130/><G78/><T115/><D115/><U102/><E114/><V10/><F116/><W12/><G31/><T113/><D113/><U76/><E76/><V11/><F20/><W17/><G100/><T45/><D93/><U29/><E2/><V79/><F10/><W1/><G65/><T33/><D33/><U134/><E134/><V7/><F7/><W22/><G57/><T89/><D89/><U53/><E92/><V77/><F84/><W70/><G70/><T55/><D99/><U111/><E27/><V66/><F66/><W4/><G88/><T95/><D95/><U75/><E29/><V32/><F32/><W21/><G130/><N who="0" m="49675" /><D62/><U126/><E126/><V63/><F63/><W69/><G69/><T0/><D0/><U51/><E53/><V16/><F74/><W9/><G122/><T107/><D107/><U90/><E90/><V61/><F72/><W46/><G46/><AGARI ba="0,0" hai="39,40,41,43,45,46,50,55,120,121,123" m="49675" machi="46" ten="40,12000,1" yaku="19,1,34,2,52,1" doraHai="47" who="0" fromWho="3" sc="250,120,250,0,250,0,250,-120" /><INIT seed="0,1,0,0,3,31" ten="370,250,250,130" oya="0" hai0="130,92,52,45,37,64,55,26,48,109,107,83,16" hai1="116,24,36,86,28,1,112,10,132,57,73,78,121" hai2="8,88,2,114,126,9,56,117,32,76,93,40,33" hai3="66,53,115,87,119,90,60,6,39,123,35,27,118"/><T7/><D130/><U65/><E121/><V21/><F114/><W4/><G115/><T120/><D120/><U47/><E112/><V69/><F69/><W110/><G39/><T63/><D107/><U98/><E116/><V22/><F76/><W3/><G3/><T134/><D37/><U67/><E73/><V54/><F40/><W25/><G110/><T23/><D134/><U111/><E132/><V43/><F43/><W14/><G14/><T81/><D109/><U82/><E111/><V62/><F117/><W30/><G123/><T95/><D7/><U29/><E29/><V71/><F71/><W133/><G133/><T15/><D15/><U41/><E57/><V113/><F113/><W97/><G25/><T50/><D81/><U135/><E98/><V127/><F22/><W18/><G18/><T91/><D83/><U105/><E105/><V85/><F21/><W17/><G17/><T96/><D95/><U89/><E89/><V75/><F75/><W84/><G119/><T38/><D38/><U19/><E19/><V58/><F56/><W125/><G118/><T99/><D99/><U42/><E42/><V80/><F80/><W5/><G97/><T101/><D101/><U49/><E36/><V122/><F122/><W59/><G87/><T12/><D12/><U131/><E135/><V79/><F79/><W128/><G128/><T94/><D94/><U102/><E102/><V106/><F106/><W13/><G13/><T100/><D100/><U20/><E131/><V129/><F129/><W124/><G66/><T104/><D104/><U34/><E20/><RYUUKYOKU ba="1,0" sc="370,-15,250,15,250,-15,130,15" hai1="1,10,24,28,34,41,47,49,65,67,78,82,86" hai3="4,5,6,27,30,35,53,59,60,84,90,124,125" /><INIT seed="1,2,0,0,1,45" ten="355,265,235,145" oya="1" hai0="26,91,73,97,65,36,24,58,33,92,48,66,79" hai1="17,37,103,9,78,10,4,29,87,69,32,108,49" hai2="46,119,47,31,55,1,42,2,70,7,123,104,63" hai3="107,8,113,110,75,16,25,100,6,41,83,57,12"/><U115/><E69/><V116/><F104/><W122/><G113/><T54/><D36/><U39/><E115/><V128/><F31/><W13/><G110/><T44/><D33/><U111/><E103/><V89/><F89/><W121/><G100/><T64/><REACH who="0" step="1"/><D44/><REACH who="0" ten="345,265,235,145" step="2"/><U52/><E32/><V74/><F47/><W96/><G122/><T81/><AGARI ba="2,1" hai="24,26,48,54,58,64,65,66,73,79,81,91,92,97" machi="81" ten="30,8000,1" yaku="1,1,2,1,0,1,52,1,53,1" doraHai="45" doraHaiUra="88" who="0" fromWho="0" sc="345,96,265,-42,235,-22,145,-22" /><INIT seed="2,0,0,2,2,126" ten="441,223,213,123" oya="2" hai0="113,73,35,110,75,46,3,133,40,8,130,98,39" hai1="17,53,81,19,97,67,56,70,127,18,44,93,83" hai2="102,112,29,84,49,135,4,114,0,71,94,23,60" hai3="37,74,77,91,96,79,118,32,50,26,59,106,99"/><V109/><F0/><W57/><G37/><T66/><D113/><U45/><E127/><V34/><F4/><W42/><G106/><T131/><D35/><U89/><E70/><V6/><F6/><W41/><G118/><T108/><D66/><U129/><E129/><N who="0" m="49161" /><D133/><U28/><E28/><V7/><F7/><W124/><G124/><T54/><D54/><U2/><E2/><V27/><F135/><W14/><G14/><T48/><D48/><N who="1" m="30759" /><E67/><V105/><F49/><W125/><G125/><T9/><D98/><U63/><E63/><V100/><F34/><W51/><G32/><T87/><D87/><U72/><E72/><N who="0" m="27721" /><D3/><U88/><E89/><V16/><F60/><W69/><G74/><T119/><D119/><U120/><E120/><V122/><F71/><W132/><G91/><T20/><D20/><U115/><E115/><V78/><F122/><W43/><G69/><T111/><AGARI ba="0,0" hai="8,9,39,40,46,108,110,111" m="27721,49161" machi="111" ten="40,8000,1" yaku="14,1,19,1,52,3" doraHai="126" who="0" fromWho="0" sc="441,80,223,-20,213,-40,123,-20" /><INIT seed="3,0,0,4,4,19" ten="521,203,173,103" oya="3" hai0="4,94,98,127,55,130,91,121,45,96,102,78,97" hai1="0,40,108,11,111,53,51,113,129,95,17,38,21" hai2="66,44,86,76,49,109,20,135,34,107,13,126,103" hai3="132,115,70,100,68,119,27,134,39,29,64,16,23"/><W63/><G119/><T83/><D121/><U62/><E113/><V5/><F34/><W69/><G115/><T26/><D127/><U122/><E122/><V105/><F126/><W82/><G39/><T18/><D130/><U72/><E72/><V93/><F109/><W123/><G123/><T54/><D4/><U85/><E11/><V80/><F135/><N who="3" m="51755" /><G82/><T1/><D1/><U2/><E0/><V116/><F116/><W84/><G84/><N who="0" m="48247" /><D102/><U74/><E2/><V92/><F66/><W57/><G100/><T58/><D45/><U28/><E28/><AGARI ba="0,0" hai="16,23,27,28,29,57,63,64,68,69,70" m="51755" machi="28" ten="40,7700,0" yaku="20,1,52,1,54,1" doraHai="19" who="3" fromWho="1" sc="521,0,203,-77,173,0,103,77" /><INIT seed="3,1,0,5,3,35" ten="521,126,173,180" oya="3" hai0="133,62,61,92,16,119,107,89,104,38,132,131,120" hai1="130,26,97,72,117,43,82,65,64,73,125,32,60" hai2="106,99,85,36,50,80,113,57,54,56,2,81,42" hai3="49,58,134,77,112,8,46,22,69,48,27,100,103"/><W94/><G112/><T25/><D120/><U122/><E122/><V70/><F113/><W14/><G134/><N who="0" m="51819" /><D38/><U12/><E130/><V15/><F70/><W108/><G69/><T28/><D119/><U3/><E3/><V30/><F30/><W90/><G77/><T127/><D127/><U126/><E117/><V17/><F2/><W74/><G74/><T68/><D131/><U6/><E43/><V4/><F4/><W63/><G108/><T39/><D39/><U135/><E135/><V118/><F118/><W91/><G91/><T47/><D47/><U84/><E97/><V128/><F128/><W124/><G124/><N who="1" m="47722" /><E6/><V111/><F111/><W23/><G49/><T55/><D55/><U102/><E12/><V33/><F33/><W34/><G34/><N who="0" m="20751" /><D16/><U67/><E102/><N who="3" m="38954" /><G27/><T76/><D76/><N who="1" m="46151" /><E60/><N who="0" m="23145" /><D68/><U96/><E96/><AGARI ba="1,0" hai="89,92,96,104,107" m="23145,20751,51819" machi="96" ten="30,1000,0" yaku="20,1" doraHai="35" who="0" fromWho="1" sc="521,13,126,-13,173,0,180,0" /><INIT seed="4,0,0,2,5,2" ten="534,113,173,180" oya="0" hai0="19,27,40,4,41,48,33,62,74,1,34,105,38" hai1="49,64,121,53,75,67,122,10,126,23,133,35,104" hai2="24,123,79,87,43,55,113,39,58,9,42,103,59" hai3="73,54,92,117,7,95,110,80,91,97,77,14,8"/><T106/><D74/><U3/><E104/><V108/><F123/><W37/><G110/><T135/><D38/><U127/><E75/><V83/><F108/><W118/><G37/><T85/><D135/><U63/><E23/><V102/><F113/><W52/><REACH who="3" step="1"/><G95/><REACH who="3" ten="534,113,173,170" step="2"/><T93/><D93/><U47/><E35/><V99/><F39/><W69/><G69/><T56/><D106/><U107/><E107/><V61/><F99/><W82/><G82/><T29/><D105/><U70/><E133/><V0/><F102/><W17/><G17/><T94/><D34/><U132/><E132/><V6/><F103/><W115/><G115/><T112/><D19/><U18/><E18/><V5/><F5/><W22/><G22/><T28/><D29/><U65/><E10/><V25/><REACH who="2" step="1"/><F59/><REACH who="2" ten="534,113,163,170" step="2"/><W129/><G129/><T46/><D112/><U26/><E3/><V116/><F116/><AGARI ba="0,2" hai="7,8,14,52,54,73,77,80,91,92,97,116,117,118" machi="116" ten="40,5200,0" yaku="1,1,52,1,54,1,53,0" doraHai="2" doraHaiUra="20" who="3" fromWho="2" sc="534,0,113,0,163,-52,170,72" /><INIT seed="5,0,0,2,1,88" ten="534,113,111,242" oya="1" hai0="114,86,76,100,95,2,63,65,32,8,27,121,108" hai1="106,25,123,91,81,9,90,43,5,26,85,44,59" hai2="18,75,112,77,78,125,54,39,21,107,49,130,94" hai3="19,57,34,104,48,66,74,109,22,62,101,67,36"/><U37/><E106/><V28/><F107/><W134/><G74/><T92/><D108/><U83/><E123/><V68/><F39/><W117/><G34/><T13/><D2/><U46/><E46/><V16/><F68/><W14/><G109/><T38/><D38/><U72/><E59/><V31/><F125/><W89/><G134/><T35/><D114/><U103/><E103/><V24/><F130/><W42/><G36/><T29/><D121/><U4/><E4/><V61/><F112/><W51/><G42/><T73/><D73/><U124/><E124/><V126/><F126/><W113/><G67/><T41/><D41/><U69/><E69/><V15/><F61/><W17/><G117/><T132/><D35/><U110/><E110/><V80/><F78/><W79/><G79/><T55/><D55/><U53/><E53/><V102/><F94/><W23/><G89/><T60/><D60/><U133/><E133/><V40/><F40/><W105/><G105/><T30/><D30/><U11/><E11/><V47/><REACH who="2" step="1"/><F102/><REACH who="2" ten="534,113,101,242" step="2"/><W129/><G113/><T58/><D100/><U64/><E64/><V3/><F3/><W97/><G129/><T56/><D132/><U7/><E7/><V128/><F128/><W118/><G118/><T52/><D76/><N who="1" m="44167" /><E91/><V20/><AGARI ba="0,1" hai="15,16,18,20,21,24,28,31,47,49,54,75,77,80" machi="20" ten="20,12000,2" yaku="1,1,0,1,7,1,54,1,53,2" doraHai="88" doraHaiUra="12" who="2" fromWho="2" sc="534,-30,113,-60,101,130,242,-30" /><INIT seed="6,0,0,1,5,69" ten="504,53,231,212" oya="2" hai0="114,0,14,94,2,27,65,109,89,83,32,71,36" hai1="84,15,96,18,61,118,79,104,56,19,7,39,135" hai2="46,30,31,64,100,9,78,12,125,70,51,68,122" hai3="103,8,87,128,53,29,76,91,38,10,48,133,60"/><V66/><F122/><W113/><G38/><T73/><D109/><U33/><E118/><V52/><F125/><W67/><G133/><T23/><D32/><U111/><E33/><V58/><F78/><W88/><G128/><T132/><D36/><U74/><E111/><V42/><F100/><W5/><G103/><T21/><D132/><U108/><E108/><V123/><F123/><W25/><G76/><T93/><D114/><U6/><E135/><V1/><F1/><W120/><G113/><T43/><D43/><U115/><E19/><V35/><F70/><W13/><G10/><T106/><D106/><U90/><E39/><N who="2" m="21855" /><F64/><W77/><G77/><T105/><D105/><U54/><E115/><V98/><F98/><W99/><G99/><T81/><D23/><U101/><E79/><V124/><F35/><W116/><G116/><T44/><D44/><U85/><E74/><V34/><F34/><W49/><G91/><T63/><D14/><U3/><E84/><V117/><F124/><W57/><G120/><T107/><D107/><U62/><E62/><N who="2" m="40023" /><F117/><W40/><G40/><T97/><D73/><U86/><E86/><V59/><F59/><W92/><G67/><T72/><D72/><U134/><E3/><V41/><F41/><W4/><G4/><AGARI ba="0,0" hai="4,9,12,30,31,51,52,58" m="40023,21855" machi="4" ten="30,5800,0" yaku="24,1,52,1,54,1" doraHai="69" who="2" fromWho="3" sc="504,0,53,0,231,58,212,-58" /><INIT seed="6,1,0,1,1,87" ten="504,53,289,154" oya="2" hai0="56,34,62,74,102,54,83,11,106,88,97,117,71" hai1="79,59,17,130,63,39,38,90,118,72,89,129,135" hai2="132,4,21,114,94,44,131,14,16,27,66,31,5" hai3="26,93,37,101,8,2,69,68,103,112,127,3,24"/><V82/><F131/><N who="1" m="50185" /><E118/><V76/><F132/><W78/><G127/><T58/><D34/><U7/><E7/><V23/><F114/><W115/><G78/><T80/><D117/><U40/><E40/><V29/><F29/><W95/><G8/><T46/><D71/><N who="3" m="27209" /><G37/><N who="1" m="13834" /><E135/><V53/><F66/><W113/><G95/><T1/><D46/><U134/><E134/><V47/><F94/><W9/><G9/><T120/><D74/><U32/><E32/><V61/><F47/><W60/><G93/><T33/><D33/><U98/><E98/><V12/><F14/><W50/><G50/><T64/><D120/><U6/><E6/><V30/><F30/><W48/><G48/><T28/><D28/><U126/><E126/><V121/><F121/><W75/><G60/><T99/><D1/><N who="3" m="9" /><G75/><T67/><D11/><U49/><E49/><N who="2" m="28839" /><F61/><W55/><G55/><T128/><D128/><U20/><E79/><V25/><F25/><AGARI ba="1,0" hai="24,25,26,101,103,112,113,115" m="9,27209" machi="25" ten="40,8000,1" yaku="28,2,15,1,11,1" doraHai="87" who="3" fromWho="2" sc="504,0,53,0,289,-83,154,83" /><INIT seed="7,0,0,4,4,75" ten="504,53,206,237" oya="3" hai0="74,122,31,102,55,110,53,35,87,0,97,10,96" hai1="44,40,120,21,115,94,103,64,85,50,17,65,86" hai2="19,66,22,33,128,69,118,84,98,62,57,79,71" hai3="72,11,131,18,67,46,20,124,101,32,93,63,88"/><W45/><G72/><T37/><D110/><U73/><E115/><V42/><F118/><W4/><G131/><T8/><D122/><U16/><E120/><V30/><F128/><W109/><G124/><T125/><D74/><U49/><E73/><V133/><F133/><W36/><G32/><T27/><D37/><U48/><E103/><V54/><F42/><W3/><G101/><T119/><D119/><U12/><E94/><V80/><F98/><W29/><G29/><T28/><D125/><U121/><E121/><V43/><F43/><W100/><G100/><T14/><D28/><U127/><E127/><V59/><F30/><W113/><G113/><T70/><D70/><U104/><E104/><V56/><F33/><W132/><G132/><T130/><D0/><U99/><E99/><V2/><F2/><W58/><G36/><T129/><D87/><U5/><E5/><V15/><REACH who="2" step="1"/><F71/><REACH who="2" ten="504,53,196,237" step="2"/><W95/><G109/><T76/><D130/><U107/><E107/><V77/><F77/><W61/><G61/><AGARI ba="0,1" hai="15,19,22,54,56,57,59,61,62,66,69,79,80,84" machi="61" ten="30,3900,0" yaku="1,1,7,1,52,1,53,0" doraHai="75" doraHaiUra="68" who="2" fromWho="3" sc="504,0,53,0,196,49,237,-39" owari="504,60.0,53,-45.0,245,5.0,198,-20.0" /></mjloggm>