<mjloggm ver="2.3"><GO type="225" lobby="0"/><UN n0="%E3%82%A6%E3%83%AB%E3%83%88%E3%83%A9%E7%AB%8B%E7%9B%B4" n1="%E8%B5%A4%E8%A3%8F%E3%83%9B%E3%82%B7%E3%83%BC%E3%83%8E" n2="%48%65%61%72%E2%80%A0%73%31%38" n3="%E5%A5%B3%E3%81%AA%E3%81%AE%E3%81%82%E3%81%8C%E3%82%89%E3%81%9B%E3%81%A6" dan="17,16,16,17" rate="2173.45,2131.91,2108.72,2173.79" sx="M,M,F,M"/><TAIKYOKU oya="0"/><INIT seed="0,0,0,5,4,125" ten="250,250,250,250" oya="0" hai0="51,83,90,49,0,124,115,119,81,53,7,8,131" hai1="5,123,62,75,103,34,104,65,14,52,1,37,45" hai2="56,19,25,44,69,100,17,9,106,109,21,73,84" hai3="11,133,91,92,50,26,38,13,93,113,72,78,80"/><T36/><D36/><U41/><E123/><V16/><F69/><W67/><G133/><T107/><D107/><U29/><E14/><V31/><F73/><W126/><G38/><T22/><D119/><U120/><E120/><V3/><F109/><W58/><G126/><T10/><D115/><U79/><E52/><V88/><F44/><W95/><G26/><T102/><D102/><U116/><E116/><V105/><F56/><W89/><G113/><T121/><D121/><U70/><E29/><V12/><F3/><W6/><G50/><T39/><D39/><U15/><E15/><V48/><F48/><W54/><G54/><T122/><D122/><U77/><E77/><V86/><F86/><W74/><REACH who="3" step="1"/><G72/><REACH who="3" ten="250,250,250,240" step="2"/><T61/><D51/><U55/><E55/><V42/><F42/><W99/><G99/><T57/><D124/><U4/><E75/><V68/><F68/><W85/><G85/><T108/><D49/><U76/><E37/><V101/><F106/><W2/><G2/><T28/><D53/><U111/><E1/><V60/><F60/><AGARI ba="0,1" hai="6,11,13,58,60,67,74,78,80,89,91,92,93,95" machi="60" ten="40,1300,0" yaku="1,1,53,0" doraHai="125" doraHaiUra="43" who="3" fromWho="2" sc="250,0,250,0,250,-13,240,23" /><INIT seed="1,0,0,1,4,20" ten="250,250,237,263" oya="1" hai0="118,100,113,62,11,76,95,98,25,48,21,116,5" hai1="117,106,105,24,134,23,92,7,103,89,80,102,44" hai2="10,130,17,8,73,9,15,74,87,99,4,19,58" hai3="2,85,112,30,0,28,29,36,64,1,6,16,49"/><U104/><E117/><V34/><F34/><W65/><G36/><T52/><D113/><U79/><E7/><V31/><F31/><W59/><G112/><T88/><D76/><U75/><E44/><V61/><F4/><W67/><G6/><T90/><D62/><U133/><E23/><V69/><F69/><W108/><G108/><T72/><D72/><U35/><E35/><V53/><F130/><W14/><G85/><T109/><D109/><U77/><E77/><V96/><F87/><W110/><G110/><T128/><D128/><U54/><E54/><V37/><F37/><W38/><G38/><T124/><D124/><U78/><E78/><V131/><F131/><W42/><G59/><N who="0" m="33159" /><D118/><U132/><E24/><V32/><F32/><W114/><G114/><T107/><D107/><U68/><E68/><V40/><F40/><W81/><G81/><T93/><D93/><U84/><AGARI ba="0,0" hai="75,79,80,84,89,92,102,103,104,105,106,132,133,134" machi="84" ten="40,12000,1" yaku="0,1,20,1,34,3" doraHai="20" who="1" fromWho="1" sc="250,-40,250,120,237,-40,263,-40" /><INIT seed="1,1,0,0,5,17" ten="210,370,197,223" oya="1" hai0="125,66,48,47,22,61,128,7,11,69,56,83,36" hai1="110,8,127,39,70,135,74,3,111,40,65,18,113" hai2="107,38,85,53,73,14,97,45,119,130,76,34,98" hai3="9,2,32,33,28,0,99,80,15,44,16,26,59"/><U21/><E74/><V30/><F73/><W51/><G33/><T103/><D103/><U72/><E72/><V116/><F107/><W62/><G99/><T50/><D125/><U35/><E35/><V115/><F30/><W20/><G80/><T29/><D128/><U95/><E127/><V132/><F34/><W102/><G102/><T60/><D83/><U133/><E113/><V57/><F115/><W109/><G109/><N who="1" m="41482" /><E95/><V79/><F130/><W1/><G44/><T129/><D129/><U87/><E87/><V19/><F85/><W77/><G51/><T101/><D101/><U88/><E88/><V49/><F132/><W64/><REACH who="3" step="1"/><G77/><REACH who="3" ten="210,370,197,213" step="2"/><T78/><D78/><U23/><E135/><V13/><F79/><W42/><G42/><T37/><D50/><U105/><E40/><V75/><F76/><W92/><G92/><T131/><D48/><U117/><E133/><V96/><F75/><W90/><G90/><T68/><D47/><U10/><E105/><V25/><F119/><W114/><G114/><T120/><D131/><U6/><E117/><V134/><F116/><W124/><G124/><T41/><D41/><U118/><E118/><V82/><F82/><W100/><G100/><T55/><D120/><U84/><E39/><V4/><F134/><W54/><G54/><T91/><D91/><U43/><E43/><V12/><F38/><W24/><G24/><N who="0" m="16535" /><D37/><U71/><E84/><V123/><F123/><W104/><G104/><T94/><D36/><U5/><E65/><V63/><F45/><W67/><G67/><T46/><D66/><U89/><E89/><RYUUKYOKU ba="1,1" sc="210,-10,370,-10,197,-10,213,30" hai3="0,1,2,9,15,16,20,26,28,32,59,62,64" /><INIT seed="2,2,1,0,3,10" ten="200,360,187,243" oya="2" hai0="25,83,117,20,3,116,91,19,48,53,115,32,82" hai1="66,127,37,100,38,45,105,122,55,76,72,65,35" hai2="98,73,108,87,68,74,60,62,39,124,130,121,5" hai3="77,23,56,2,99,14,120,131,86,95,42,33,92"/><V6/><F121/><W4/><G33/><T132/><D3/><U112/><E35/><V49/><F39/><W63/><G120/><T118/><D115/><U57/><E100/><V40/><F98/><W54/><G131/><T13/><D91/><U113/><E76/><V36/><F36/><W30/><G42/><T44/><D132/><U129/><E105/><V109/><F87/><W9/><G2/><T69/><D69/><U28/><E28/><AGARI ba="2,1" hai="13,19,20,25,28,32,44,48,53,82,83,116,117,118" machi="28" ten="40,2600,0" yaku="12,1,52,1" doraHai="10" who="0" fromWho="1" sc="200,42,360,-32,187,0,243,0" /><INIT seed="3,0,0,2,5,103" ten="242,328,187,243" oya="3" hai0="11,130,9,121,105,52,41,117,123,74,133,47,24" hai1="14,36,39,108,66,129,95,71,85,93,45,97,81" hai2="80,8,19,26,94,40,90,15,109,25,125,54,128" hai3="104,134,55,100,110,21,49,118,28,50,84,86,62"/><W3/><G3/><T4/><D105/><U51/><E95/><V115/><F115/><W16/><G110/><T79/><D52/><U60/><E129/><V1/><F109/><W114/><G114/><T30/><D11/><U53/><E108/><V34/><F128/><W33/><G134/><T69/><D69/><U75/><E75/><V88/><F125/><W59/><G118/><T77/><D77/><U12/><E39/><V116/><F40/><W102/><G33/><N who="0" m="20679" /><D133/><U68/><E68/><V17/><F116/><W65/><G28/><T48/><D48/><U87/><E87/><N who="3" m="33322" /><G104/><T61/><D61/><U92/><E92/><V113/><F94/><W63/><G63/><T122/><D130/><U107/><E107/><V89/><F80/><W131/><G50/><T73/><D79/><U57/><E71/><V132/><F132/><W101/><G131/><T135/><D135/><U0/><E0/><V2/><F113/><W58/><G101/><T76/><D76/><N who="1" m="46247" /><E36/><V78/><F78/><W37/><G37/><N who="0" m="21935" /><D117/><U82/><E82/><V32/><F1/><AGARI ba="0,0" hai="1,4,9,73,74,121,122,123" m="21935,20679" machi="1" ten="30,1000,0" yaku="23,1" doraHai="103" who="0" fromWho="2" sc="242,10,328,0,187,-10,243,0" owari="252,5.0,328,43.0,177,-32.0,243,-16.0" /></mjloggm>