<mjloggm ver="2.3"><GO type="169" lobby="0"/><UN n0="%74%61%6B%61%79%79%79%79" n1="%E3%83%88%E3%83%88%E3%83%AA%E5%85%88%E7%94%9F%31%39%E6%AD%B3" n2="%EF%BC%BA%EF%BC%A5%EF%BC%B2%EF%BC%AF%EF%BC%8D%EF%BC%AD%EF%BC%A1%EF%BC%B8" n3="%6B%6F%72%6F%74%61%6E%6E" dan="16,18,16,16" rate="2097.18,2229.62,2148.63,2082.43" sx="M,F,M,M"/><TAIKYOKU oya="0"/><INIT seed="0,0,0,5,2,117" ten="250,250,250,250" oya="0" hai0="22,103,45,86,57,123,113,27,3,130,56,67,84" hai1="58,6,135,74,36,100,91,92,73,29,72,85,38" hai2="15,69,106,70,98,8,65,26,118,104,25,18,99" hai3="90,51,66,34,24,42,116,124,12,48,122,50,14"/><T114/><D3/><U37/><E135/><V81/><F118/><W97/><G116/><T19/><D130/><U89/><E100/><V110/><F110/><W35/><G124/><T60/><D123/><U83/><E6/><V63/><F70/><W131/><G131/><T94/><D45/><U125/><E125/><V5/><F81/><W78/><G78/><T23/><D114/><U9/><E9/><V32/><F26/><W17/><G42/><T62/><D113/><U79/><E29/><V71/><F71/><W77/><G77/><T55/><REACH who="0" step="1"/><D23/><REACH who="0" ten="240,250,250,250" step="2"/><U10/><E36/><V68/><F32/><W105/><G122/><T134/><D134/><U33/><E33/><V120/><F120/><W53/><G35/><T108/><D108/><U80/><E37/><V39/><F39/><W16/><G34/><T11/><D11/><U96/><E38/><V112/><F112/><W46/><G46/><T88/><D88/><N who="1" m="51239" /><E10/><V1/><F8/><W75/><G90/><T47/><D47/><U87/><E58/><V128/><F1/><W49/><N who="3" m="12288" /><DORA hai="107" /><W2/><G2/><T111/><D111/><U40/><E40/><V4/><F128/><W41/><G41/><T54/><D54/><U95/><AGARI ba="0,1" hai="72,73,74,79,83,87,89,91,92,95,96" m="51239" machi="95" ten="30,16000,3" yaku="35,5,52,3,54,1" doraHai="117,107" who="1" fromWho="1" sc="240,-80,250,170,250,-40,250,-40" /><INIT seed="1,0,0,0,0,80" ten="160,420,210,210" oya="1" hai0="58,13,57,129,31,111,36,44,35,114,33,68,120" hai1="29,11,34,47,3,83,63,73,85,45,2,22,21" hai2="42,90,75,123,48,1,38,10,77,124,46,106,122" hai3="30,132,84,86,130,103,76,107,65,131,89,55,25"/><U20/><E73/><V79/><F106/><W4/><G65/><T24/><D114/><U116/><E116/><V118/><F118/><W27/><G4/><T96/><D111/><U72/><E72/><V69/><F124/><W15/><G15/><T0/><D0/><U126/><E126/><V23/><F69/><W5/><G5/><T81/><D129/><N who="3" m="49161" /><G132/><T19/><D120/><U110/><E110/><V70/><F70/><W64/><G64/><T6/><D68/><U9/><E63/><V87/><F23/><N who="1" m="8777" /><E34/><V60/><F60/><W119/><G119/><T51/><D6/><U61/><E3/><V78/><F75/><W37/><G37/><T135/><D36/><U112/><E61/><V71/><F71/><W92/><G55/><T8/><D35/><U104/><E104/><V127/><F127/><W134/><G134/><T74/><D135/><U39/><E39/><V17/><F1/><W94/><G107/><T133/><D133/><U102/><E102/><V56/><F38/><W99/><G30/><T52/><REACH who="0" step="1"/><D96/><REACH who="0" ten="150,420,210,210" step="2"/><U91/><E112/><V93/><F122/><W101/><G27/><T49/><D49/><U14/><E2/><V43/><F123/><W32/><G25/><T62/><D62/><U54/><E14/><N who="2" m="7383" /><F56/><W59/><G59/><T128/><D128/><U97/><E29/><V98/><F42/><W117/><G32/><T53/><D53/><U12/><E54/><V125/><F125/><W109/><G109/><T7/><D7/><U95/><E12/><V88/><F98/><W50/><G50/><T28/><D28/><U113/><E97/><RYUUKYOKU ba="0,1" sc="150,15,420,-15,210,15,210,-15" hai0="8,13,19,24,31,33,44,51,52,57,58,74,81" hai2="43,46,48,77,78,79,87,88,90,93" /><INIT seed="2,1,1,2,2,40" ten="165,405,225,195" oya="2" hai0="89,62,36,24,17,115,13,95,123,91,18,0,65" hai1="11,53,28,113,96,9,27,88,1,116,25,80,111" hai2="78,71,39,30,34,77,82,119,118,99,109,76,127" hai3="16,135,98,52,124,41,26,125,21,132,110,60,131"/><V64/><F39/><W45/><G98/><T50/><D123/><U129/><E113/><V87/><F127/><N who="3" m="48715" /><G110/><T49/><D36/><U133/><E116/><V54/><F109/><W81/><G81/><T120/><D0/><U29/><E129/><V8/><F99/><W44/><G131/><T103/><D120/><U130/><E133/><N who="3" m="51274" /><G41/><T61/><D115/><U47/><E1/><V108/><F82/><W93/><G93/><T43/><D43/><U46/><E111/><V55/><F108/><W72/><G72/><T56/><D103/><U106/><E106/><V97/><F118/><W73/><G73/><T10/><D91/><U12/><E11/><V32/><F97/><W117/><G117/><T75/><D75/><U4/><E130/><V31/><F119/><W107/><G107/><T112/><D112/><U63/><E63/><V74/><F74/><W104/><G104/><T68/><D62/><U70/><E70/><V105/><F105/><W6/><G6/><T35/><D68/><U114/><E114/><V122/><F71/><W33/><G33/><T85/><D35/><U42/><E42/><V101/><F34/><W134/><N who="3" m="51282" /><W69/><DORA hai="3" /><G69/><T57/><D57/><AGARI ba="1,1" hai="16,21,26,44,45,52,57,60" m="51282,48715" machi="57" ten="50,12000,2" yaku="18,1,20,1,52,2,54,2" doraHai="40,3" who="3" fromWho="0" sc="165,-123,405,0,225,0,195,133" /><INIT seed="3,0,0,4,2,23" ten="42,405,225,328" oya="3" hai0="80,66,89,94,36,79,123,24,16,97,111,15,106" hai1="6,25,3,121,4,61,126,18,1,59,75,113,104" hai2="54,5,127,2,120,69,82,96,38,119,39,65,64" hai3="58,107,7,81,101,115,60,87,99,91,76,35,103"/><W42/><G115/><T27/><D123/><U48/><E121/><V32/><F120/><W17/><G7/><T68/><D111/><U131/><E75/><V67/><F119/><W129/><G129/><T12/><D36/><U13/><E104/><V74/><F69/><W124/><G124/><T37/><D37/><U84/><E113/><V33/><F127/><W92/><G42/><T53/><D106/><U85/><E126/><V10/><F39/><W19/><G35/><T28/><D28/><U71/><E71/><V78/><F38/><W21/><G17/><T133/><D133/><U56/><E131/><V44/><REACH who="2" step="1"/><F96/><REACH who="2" ten="42,405,215,328" step="2"/><W70/><G70/><T86/><D68/><U108/><E108/><V88/><F88/><W109/><G109/><T98/><D98/><U93/><E3/><V45/><F45/><W14/><G107/><T72/><D66/><AGARI ba="0,1" hai="14,19,21,58,60,66,76,81,87,91,92,99,101,103" machi="66" ten="30,2900,0" yaku="7,1,8,1" doraHai="23" who="3" fromWho="0" sc="42,-29,405,0,215,0,328,39" /><INIT seed="3,1,0,5,3,32" ten="13,405,215,367" oya="3" hai0="93,63,121,135,84,126,127,113,86,107,118,129,102" hai1="26,128,78,80,3,94,22,133,5,11,41,16,19" hai2="0,82,48,42,62,58,56,134,83,104,30,49,15" hai3="72,65,54,81,12,61,9,125,45,130,28,106,38"/><W117/><G106/><T35/><D35/><U131/><E41/><V8/><F104/><W76/><G117/><T20/><D121/><U103/><E133/><V10/><F134/><W109/><G125/><N who="0" m="47627" /><D118/><U27/><E94/><V29/><F15/><W92/><G130/><N who="1" m="49706" /><E103/><V59/><F42/><W97/><G28/><T1/><D129/><U7/><E7/><V70/><F58/><W89/><G38/><T66/><D135/><U67/><E67/><V21/><F21/><W132/><G132/><T73/><D73/><U75/><E27/><V37/><F62/><W119/><G119/><T77/><D113/><U69/><E69/><V53/><F37/><W100/><G109/><T14/><D107/><U111/><E19/><V122/><F122/><W57/><G45/><T23/><D1/><U115/><E115/><V13/><F0/><W18/><G65/><T68/><D14/><U116/><E116/><V91/><F70/><W31/><G31/><T110/><D110/><AGARI ba="1,0" hai="3,5,11,16,22,26,75,78,80,110,111" m="49706" machi="110" ten="30,3900,0" yaku="19,1,52,1,54,1" doraHai="32" who="1" fromWho="0" sc="13,-42,405,42,215,0,367,0" owari="-29,-53.0,447,54.0,215,-18.0,367,17.0" /></mjloggm>