<mjloggm ver="2.3"><GO type="169" lobby="0"/><UN n0="%E5%B0%B1%E6%B4%BB%E7%94%9F%40%E5%B7%9D%E6%9D%91%E8%BB%8D%E5%9B%A3" n1="%E2%80%BB%34%33%33%E2%80%BB" n2="%E6%B2%88%E9%BB%99%E3%81%AE%E3%82%AA%E3%83%8A%E3%83%8B%E3%82%B9%E3%83%88" n3="%E6%99%82%E3%81%AE%E6%BC%82%E6%B3%8A" dan="17,16,16,17" rate="2153.37,2055.66,2212.30,2162.74" sx="M,M,M,F"/><TAIKYOKU oya="0"/><INIT seed="0,0,0,2,1,129" ten="250,250,250,250" oya="0" hai0="60,123,105,51,74,103,33,47,101,72,5,115,122" hai1="54,37,19,121,4,17,24,46,28,85,67,91,76" hai2="42,88,125,1,113,10,124,83,16,80,70,81,31" hai3="41,21,62,27,128,119,52,107,106,18,69,87,82"/><T98/><D115/><U111/><E121/><V11/><F113/><W59/><G119/><T14/><D33/><U22/><E111/><V96/><F70/><W50/><G128/><T0/><D101/><U65/><E76/><V36/><F31/><W135/><G135/><T49/><D0/><U134/><E37/><V108/><F108/><W84/><G84/><T117/><D117/><U104/><E104/><V13/><F42/><W68/><G68/><T95/><D105/><U133/><E4/><V114/><F36/><W71/><G71/><T58/><D74/><U6/><E6/><N who="2" m="1359" /><F96/><W94/><G94/><T79/><D79/><U56/><E46/><V23/><F114/><W73/><G73/><T102/><D72/><U116/><E116/><V9/><F88/><W64/><G64/><BYE who="3" /><N who="1" m="24650" /><E85/><V89/><F89/><W131/><G131/><T40/><D51/><N who="1" m="30815" /><E91/><V38/><F38/><W48/><G48/><T97/><D58/><UN n3="%E6%99%82%E3%81%AE%E6%BC%82%E6%B3%8A" /><U110/><E110/><V63/><F63/><W92/><G69/><T7/><D60/><U30/><E30/><V77/><F77/><N who="3" m="46543" /><G92/><T99/><D122/><U66/><N who="1" m="24658" /><U112/><DORA hai="75" /><E112/><V90/><F90/><W126/><G107/><T8/><D123/><U29/><E29/><V20/><F9/><W132/><G106/><T57/><D57/><U34/><E34/><V55/><F55/><W118/><G118/><T32/><D32/><U15/><E15/><V78/><F78/><W2/><G62/><T25/><D7/><U120/><E120/><V35/><F35/><W26/><G50/><T53/><D102/><U61/><E61/><RYUUKYOKU ba="0,0" sc="250,-15,250,15,250,15,250,-15" hai1="17,19,22,24,28,133,134" hai2="11,13,16,20,23,80,81,83,124,125" /><INIT seed="1,1,0,3,0,67" ten="235,265,265,235" oya="1" hai0="88,17,50,6,118,52,21,56,57,28,71,20,104" hai1="14,98,19,34,133,10,100,51,41,78,16,110,68" hai2="58,3,87,108,33,81,107,91,82,31,23,103,25" hai3="134,2,121,73,70,102,77,29,53,90,75,35,79"/><U122/><E122/><V116/><F108/><W11/><G121/><T112/><D104/><U18/><E34/><V83/><F116/><W62/><G90/><T49/><D118/><U85/><E133/><V5/><F23/><W54/><G102/><T124/><D112/><U32/><E32/><V4/><F107/><W80/><G134/><T66/><D124/><U131/><E131/><V114/><F103/><W26/><G2/><T13/><D6/><U113/><E113/><V60/><F114/><W105/><G11/><T8/><D28/><U132/><E132/><V64/><REACH who="2" step="1"/><F3/><REACH who="2" ten="235,265,255,235" step="2"/><W59/><G105/><T86/><D71/><U76/><E68/><V43/><F43/><W89/><G70/><T47/><D66/><U99/><E100/><V111/><F111/><W37/><G54/><N who="0" m="30015" /><D57/><U69/><E69/><V93/><AGARI ba="1,1" hai="4,5,25,31,33,58,60,64,81,82,83,87,91,93" machi="93" ten="30,2000,0" yaku="1,1,0,1,53,0" doraHai="67" doraHaiUra="120" who="2" fromWho="2" sc="235,-6,265,-11,255,33,235,-6" /><INIT seed="2,0,0,4,3,106" ten="229,254,288,229" oya="2" hai0="22,130,38,131,4,11,58,135,20,49,59,33,123" hai1="15,77,3,32,124,39,110,89,30,82,91,60,87" hai2="35,103,98,81,5,67,57,99,54,132,122,43,34" hai3="16,80,117,129,107,127,47,94,116,46,125,119,88"/><V42/><F122/><W19/><G107/><T84/><D38/><U92/><E3/><V74/><F132/><W78/><G129/><N who="0" m="49163" /><D33/><U65/><E39/><V50/><F5/><W31/><G31/><T10/><D123/><U66/><E66/><V44/><F67/><W0/><G0/><T111/><D49/><U134/><E65/><V13/><F13/><W114/><G114/><T100/><D100/><U73/><E32/><V105/><F99/><N who="3" m="57799" /><G47/><T63/><D135/><U76/><E30/><V25/><F25/><W17/><G46/><T71/><D111/><U26/><E60/><V56/><F56/><N who="0" m="21546" /><D71/><U7/><E110/><V68/><F68/><W121/><G121/><T36/><D36/><U21/><E134/><V64/><F64/><W27/><G27/><T24/><D63/><U112/><E26/><V8/><F8/><N who="0" m="3114" /><D24/><U14/><E112/><V85/><F43/><W12/><G12/><T55/><D55/><U97/><E14/><V6/><F6/><W86/><G119/><T75/><D4/><U69/><E15/><V23/><F23/><N who="0" m="8746" /><D84/><U61/><E21/><V70/><F70/><W1/><G1/><T9/><N who="0" m="3122" /><T48/><DORA hai="2" /><D48/><U29/><E7/><V128/><F128/><W18/><N who="3" m="4608" /><DORA hai="40" /><W115/><G115/><T95/><D95/><U118/><E92/><V62/><REACH who="2" step="1"/><F85/><REACH who="2" ten="229,254,278,229" step="2"/><W108/><G108/><T96/><D96/><U45/><E97/><V133/><F133/><W90/><G117/><T120/><D120/><U51/><E118/><V37/><F37/><W72/><G116/><T109/><D109/><U93/><E69/><RYUUKYOKU ba="0,1" sc="229,10,254,-30,278,10,229,10" hai0="75" hai2="34,35,42,44,50,54,57,62,74,81,98,103,105" hai3="72,78,80,86,90,125,127" /><INIT seed="2,1,1,5,1,128" ten="239,224,288,239" oya="2" hai0="108,37,132,48,56,104,99,125,124,42,57,50,134" hai1="100,54,86,83,6,18,82,52,79,123,121,103,16" hai2="129,111,127,59,3,95,112,12,5,21,115,113,68" hai3="38,75,8,47,94,45,66,65,34,49,41,110,105"/><V0/><F68/><W96/><G75/><T20/><D104/><U67/><E6/><V76/><F76/><W90/><G110/><T84/><D99/><U31/><E31/><V69/><F69/><W88/><G34/><T130/><D20/><U51/><E51/><N who="0" m="19497" /><D84/><U135/><E86/><V92/><F92/><W30/><G30/><T55/><D108/><U116/><E79/><V72/><F72/><W126/><G126/><N who="0" m="48747" /><D130/><U77/><E77/><V13/><F111/><W35/><G35/><T64/><D64/><U58/><E67/><V101/><F127/><W15/><G90/><T26/><D26/><U62/><E116/><V53/><F129/><W23/><G23/><T78/><D78/><U87/><E87/><V10/><F21/><W107/><G66/><T89/><D89/><U46/><E46/><V61/><REACH who="2" step="1"/><F3/><REACH who="2" ten="239,224,278,239" step="2"/><W11/><G105/><T102/><D102/><U27/><E103/><V109/><F109/><W114/><G107/><T19/><D19/><U14/><E100/><V4/><F4/><W1/><G1/><T131/><D131/><U74/><E74/><V106/><F106/><W93/><G93/><T81/><D81/><U25/><E83/><V91/><F91/><W80/><G80/><T36/><D42/><U85/><E82/><V120/><F120/><W28/><G88/><T60/><D57/><U39/><E58/><V44/><F44/><W73/><G94/><T43/><D43/><U133/><E18/><V40/><F40/><W122/><G41/><T29/><D29/><U119/><E16/><V71/><F71/><W2/><G2/><RYUUKYOKU ba="1,2" sc="239,15,224,-15,278,15,239,-15" hai0="36,37,55,56,60,132,134" hai2="0,5,10,12,13,53,59,61,95,101,112,113,115" /><INIT seed="2,2,2,4,1,113" ten="254,209,293,224" oya="2" hai0="76,26,33,5,104,42,36,22,82,47,59,77,50" hai1="44,68,40,98,32,131,129,90,1,31,51,83,80" hai2="53,10,125,62,116,134,114,67,65,122,30,4,97" hai3="124,79,74,35,130,54,94,126,69,6,84,45,46"/><V128/><F122/><W88/><G69/><T38/><D104/><U27/><E1/><V58/><F114/><W2/><G35/><T110/><D33/><U8/><E8/><V17/><F128/><N who="1" m="49225" /><E68/><V91/><F134/><W14/><G2/><T81/><D110/><U72/><E72/><V9/><F125/><N who="3" m="48235" /><G130/><T107/><D107/><U20/><E32/><V78/><F116/><W87/><G74/><T123/><D123/><U133/><E133/><V115/><F115/><W29/><G29/><T57/><D5/><U37/><E37/><V56/><F78/><N who="0" m="30314" /><D38/><U102/><E90/><V99/><F30/><W23/><G54/><T86/><D36/><U24/><E27/><V25/><F91/><N who="3" m="53607" /><G79/><N who="0" m="46399" /><D82/><U109/><E109/><V132/><F132/><W70/><G70/><T55/><D55/><U49/><E49/><V64/><F58/><W121/><G121/><T52/><D42/><U135/><E135/><V3/><REACH who="2" step="1"/><F25/><REACH who="2" ten="254,209,283,224" step="2"/><W75/><G75/><T60/><D60/><U7/><E7/><V15/><AGARI ba="2,3" hai="3,4,9,10,15,17,53,56,62,64,65,67,97,99" machi="15" ten="30,12000,1" yaku="1,1,2,1,0,1,53,2" doraHai="113" doraHaiUra="95" who="2" fromWho="2" sc="254,-42,209,-42,283,156,224,-42" /><INIT seed="2,3,0,3,5,132" ten="212,167,439,182" oya="2" hai0="35,104,64,62,111,56,54,93,76,72,77,116,59" hai1="14,33,87,133,89,9,110,102,25,81,108,15,130" hai2="123,22,107,92,57,16,39,124,21,18,78,135,65" hai3="48,112,74,114,120,115,2,94,60,50,0,53,97"/><V100/><F123/><W23/><G120/><T3/><D104/><U31/><E133/><V55/><F135/><W51/><G74/><T28/><D3/><U117/><E117/><V44/><F107/><W91/><G23/><N who="2" m="8713" /><F39/><W96/><G60/><T6/><D6/><U90/><E130/><V49/><F124/><W84/><REACH who="3" step="1"/><G53/><REACH who="3" ten="212,167,439,172" step="2"/><T67/><D72/><U34/><E34/><V1/><F65/><W8/><G8/><T101/><D54/><U105/><E9/><V5/><F55/><W17/><G17/><T75/><D75/><U19/><E19/><V98/><F16/><W4/><G4/><T46/><D62/><U40/><E33/><V32/><F32/><W95/><G95/><T43/><D35/><U27/><E105/><V66/><F18/><W125/><G125/><T73/><D73/><U24/><E108/><V26/><F5/><W7/><G7/><T99/><D93/><U41/><E110/><V11/><F11/><W36/><G36/><T45/><D111/><U10/><E10/><V37/><F1/><AGARI ba="3,1" hai="0,1,2,48,50,51,84,91,94,96,97,112,114,115" machi="1" ten="50,8000,1" yaku="1,1,11,1,53,3" doraHai="132" doraHaiUra="47" who="3" fromWho="2" sc="212,0,167,0,439,-89,172,99" /><INIT seed="3,0,0,3,1,135" ten="212,167,350,271" oya="3" hai0="93,16,18,53,40,124,122,60,116,62,11,72,77" hai1="127,98,81,94,9,74,117,110,45,42,43,107,23" hai2="21,27,39,6,57,54,33,119,58,37,128,85,80" hai3="26,13,52,38,88,125,92,95,73,34,84,4,8"/><W10/><G73/><T106/><D106/><U66/><E117/><V2/><F119/><W67/><G38/><T114/><D122/><U105/><E110/><V126/><F128/><W103/><G125/><T47/><D116/><U12/><E66/><V44/><F33/><W109/><G109/><T121/><D121/><U129/><E129/><V91/><F126/><W65/><G34/><T30/><D30/><U22/><E74/><V79/><F79/><W78/><G78/><T83/><D124/><U82/><E127/><V51/><F39/><W61/><G26/><T111/><D111/><U115/><E115/><V112/><F112/><W49/><G10/><T20/><D114/><U101/><E107/><V130/><F130/><W100/><G92/><T89/><D11/><U71/><E71/><V50/><F37/><W96/><G61/><T55/><D40/><N who="1" m="15403" /><E45/><V31/><REACH who="2" step="1"/><F50/><REACH who="2" ten="212,167,340,271" step="2"/><W123/><G123/><T41/><D77/><U48/><E48/><V25/><F25/><W32/><G32/><T15/><D72/><U3/><E3/><V86/><F86/><W68/><G68/><T90/><D83/><N who="1" m="31755" /><E105/><V35/><F35/><W63/><G63/><T132/><D60/><U7/><AGARI ba="0,1" hai="7,9,12,22,23,94,98,101" m="31755,15403" machi="7" ten="30,1100,0" yaku="8,1" doraHai="135" who="1" fromWho="1" sc="212,-3,167,21,340,-3,271,-5" /><INIT seed="4,0,0,4,3,56" ten="209,188,337,266" oya="0" hai0="109,40,74,115,62,77,130,63,99,126,53,52,121" hai1="112,135,118,60,110,75,128,129,102,71,120,54,9" hai2="64,2,13,81,66,125,82,11,127,16,50,27,69" hai3="20,19,72,117,98,47,94,51,67,25,105,106,104"/><T10/><D121/><U49/><E9/><V3/><F50/><W24/><G117/><T15/><D109/><U43/><E75/><V28/><F81/><W79/><G72/><T68/><D68/><U35/><E35/><N who="2" m="20895" /><F82/><W39/><G79/><T48/><D74/><U73/><E73/><V23/><F69/><W93/><G39/><T46/><D115/><U32/><E32/><V114/><F114/><W132/><G132/><T95/><D77/><U65/><E102/><V6/><F66/><W34/><G67/><T4/><D126/><N who="2" m="48138" /><F64/><W38/><G38/><T33/><D33/><U116/><E112/><V100/><F100/><W58/><G58/><T134/><D130/><N who="1" m="50283" /><E110/><V30/><F30/><W61/><G98/><T89/><D134/><U17/><E135/><V1/><AGARI ba="0,0" hai="1,2,3,6,11,13,16,23" m="48138,20895" machi="1" ten="30,8000,1" yaku="24,1,18,1,34,2,54,1" doraHai="56" who="2" fromWho="2" sc="209,-40,188,-20,337,80,266,-20" /><INIT seed="5,0,0,5,2,96" ten="169,168,417,246" oya="1" hai0="67,76,11,74,17,62,35,18,95,8,73,112,90" hai1="46,15,68,123,78,75,130,77,132,3,50,26,0" hai2="32,2,41,125,102,5,24,109,107,93,118,7,120" hai3="28,56,79,134,20,39,131,63,30,88,91,34,38"/><U82/><E123/><V23/><F93/><W4/><G34/><T81/><D35/><U100/><E68/><V115/><F41/><W31/><G79/><T98/><D112/><U117/><E117/><V66/><F66/><W27/><G4/><T64/><D74/><U89/><E132/><V49/><F49/><W83/><G134/><T105/><D67/><U54/><E130/><V122/><F102/><W37/><G131/><T92/><D105/><U97/><E89/><V86/><F86/><W128/><G128/><T127/><D127/><U21/><E15/><V57/><F57/><W16/><REACH who="3" step="1"/><G83/><REACH who="3" ten="169,168,417,236" step="2"/><T106/><D81/><U110/><E78/><V19/><F5/><W9/><G9/><T33/><D33/><U135/><E135/><V61/><F7/><W1/><G1/><T129/><D11/><U51/><E110/><V71/><F32/><W108/><G108/><T47/><D8/><U116/><E116/><V124/><F109/><W14/><G14/><T10/><D10/><U113/><E113/><V12/><F2/><W69/><G69/><T55/><D76/><U36/><E3/><V103/><F12/><W111/><G111/><T40/><D129/><U59/><E0/><V72/><F115/><W13/><G13/><T65/><D73/><U60/><E75/><V104/><F72/><W25/><G25/><T94/><D90/><U114/><E114/><V133/><F133/><W22/><G22/><T52/><D18/><U119/><E82/><V44/><F19/><W43/><G43/><T121/><D121/><U48/><E119/><V45/><F120/><RYUUKYOKU ba="0,1" sc="169,-10,168,-10,417,-10,236,30" hai3="16,20,27,28,30,31,37,38,39,56,63,88,91" /><INIT seed="6,1,1,1,0,90" ten="159,158,407,266" oya="2" hai0="85,84,134,86,66,52,22,31,36,95,67,33,12" hai1="92,44,127,56,124,122,78,125,128,11,102,126,110" hai2="108,121,17,55,10,35,81,34,47,20,50,32,37" hai3="99,25,58,40,109,0,101,77,96,103,70,117,115"/><V129/><F121/><W104/><G117/><T15/><D36/><U63/><N who="1" m="31744" /><DORA hai="61" /><U72/><E122/><V120/><F120/><W1/><G109/><T76/><D134/><U9/><E110/><V53/><F37/><W51/><G77/><T106/><D106/><U130/><E44/><V30/><F108/><W38/><G115/><T82/><D33/><U87/><E72/><V94/><F129/><N who="1" m="49769" /><E102/><V98/><F81/><W24/><G38/><T119/><D119/><U79/><E92/><V71/><F71/><W21/><G70/><T4/><D52/><N who="1" m="34183" /><E87/><N who="0" m="33353" /><D95/><U132/><E132/><V39/><F39/><W59/><G104/><T114/><D114/><U118/><E118/><V123/><F123/><W68/><G103/><T89/><D89/><U97/><E97/><V5/><F98/><W74/><G99/><T43/><D43/><U75/><E75/><V133/><F94/><W69/><G96/><T116/><D116/><U7/><E11/><V19/><F133/><W111/><G101/><T54/><D54/><U62/><E62/><V45/><F55/><W46/><G111/><T91/><D91/><U60/><E60/><V8/><F53/><W73/><G74/><T57/><D57/><N who="3" m="21513" /><G73/><T42/><D42/><U100/><E100/><V107/><F107/><W112/><G112/><T27/><D4/><U80/><E80/><V13/><F5/><W48/><G69/><T105/><D105/><U26/><E26/><N who="2" m="16711" /><F50/><N who="3" m="26951" /><G68/><T29/><D27/><U14/><AGARI ba="1,1" hai="7,9,14,78,79" m="34183,49769,31744" machi="14" ten="60,7900,0" yaku="18,1,19,1,54,1" doraHai="90,61" who="1" fromWho="1" sc="159,-21,158,92,407,-40,266,-21" /><INIT seed="7,0,0,0,0,35" ten="138,250,367,245" oya="3" hai0="40,103,43,117,99,48,41,106,83,130,97,45,125" hai1="8,42,111,10,72,86,69,79,34,1,73,22,63" hai2="135,33,93,89,132,75,94,47,78,102,21,24,31" hai3="53,112,119,101,19,54,58,105,108,57,25,134,68"/><W3/><G119/><T37/><D117/><U118/><E118/><V104/><F104/><W27/><G68/><T77/><D125/><U65/><E34/><V36/><F75/><W90/><G90/><T85/><D130/><U0/><E42/><V114/><F78/><W20/><G112/><T115/><D37/><U2/><E22/><V6/><F6/><W30/><G134/><N who="2" m="51241" /><F114/><W120/><G120/><T96/><D115/><U29/><E29/><V14/><F102/><W80/><G80/><T44/><D48/><U66/><E66/><V74/><F74/><N who="1" m="28777" /><E111/><V124/><F94/><W121/><G121/><T50/><D50/><U61/><E61/><V107/><F124/><W70/><G70/><T82/><D106/><U12/><E0/><V62/><F62/><W127/><G127/><T76/><REACH who="0" step="1"/><D103/><REACH who="0" ten="128,250,367,245" step="2"/><U67/><E63/><V60/><F60/><N who="3" m="35887" /><G101/><T32/><D32/><U56/><E67/><V110/><F107/><W7/><G105/><T4/><D4/><U26/><E65/><V16/><F110/><W46/><G108/><T59/><D59/><U64/><E56/><V5/><F5/><W95/><G58/><T13/><D13/><U116/><E12/><V128/><F128/><W55/><G46/><T9/><D9/><U98/><E8/><V38/><F47/><W11/><G95/><T123/><D123/><U133/><E10/><V81/><F93/><W49/><G49/><T131/><D131/><U92/><E116/><V15/><F15/><W39/><G39/><T18/><D18/><U113/><E133/><V129/><F129/><W88/><G7/><RYUUKYOKU ba="0,1" sc="128,15,250,-15,367,15,245,-15" hai0="40,41,43,44,45,76,77,82,83,85,96,97,99" hai2="14,16,21,24,31,33,36,38,81,89" owari="143,-36.0,235,4.0,392,49.0,230,-17.0" /></mjloggm>