<mjloggm ver="2.3"><GO type="169" lobby="0"/><UN n0="%E5%B0%B1%E6%B4%BB%E7%94%9F%40%E5%B7%9D%E6%9D%91%E8%BB%8D%E5%9B%A3" n1="%E3%81%BE%E3%82%8B%E3%81%9F%E3%82%8D%E3%81%86" n2="%E3%83%92%E3%83%AB%E3%83%99%E3%83%AB%E3%83%88" n3="%E4%BB%AE%E9%B3%B3%E5%87%B0%E6%B0%91" dan="17,17,17,16" rate="2175.21,2163.03,2120.86,2095.67" sx="M,M,M,M"/><TAIKYOKU oya="0"/><INIT seed="0,0,0,1,1,37" ten="250,250,250,250" oya="0" hai0="40,65,12,31,133,108,38,16,32,18,129,48,77" hai1="53,24,103,90,135,69,3,93,9,14,25,26,61" hai2="83,121,122,114,118,124,96,115,57,52,42,88,74" hai3="66,13,34,102,4,7,67,127,104,97,22,11,112"/><T116/><D116/><U110/><E110/><V2/><F2/><W63/><G34/><T131/><D38/><U87/><E135/><V30/><F118/><W8/><G112/><T91/><D133/><U86/><E3/><V71/><F71/><W68/><G127/><T82/><D65/><U79/><E103/><V6/><F124/><W128/><G128/><N who="0" m="49227" /><D108/><U125/><E125/><V28/><F74/><W123/><G22/><T64/><D64/><U73/><E73/><V113/><F6/><W23/><G23/><T132/><D132/><U89/><E79/><V39/><F30/><W33/><G33/><T15/><D91/><U56/><E69/><V80/><F28/><W19/><G123/><T126/><D126/><U76/><E76/><V98/><F122/><W36/><G36/><T85/><D31/><U41/><E41/><V1/><F1/><W120/><G120/><T51/><D51/><U54/><E54/><V60/><F121/><W17/><G66/><T107/><D107/><U109/><E109/><V44/><REACH who="2" step="1"/><F80/><REACH who="2" ten="250,250,240,250" step="2"/><W106/><G104/><T55/><D32/><U134/><E134/><V45/><F45/><W21/><G106/><T59/><D18/><U27/><E93/><V78/><F78/><W99/><G17/><T70/><D70/><U62/><E56/><V101/><F101/><W35/><G102/><T117/><D117/><U119/><E119/><V95/><F95/><W20/><G35/><T81/><D81/><U84/><E89/><V0/><F0/><N who="3" m="7" /><G19/><T100/><D100/><U92/><E92/><V72/><F72/><W130/><G130/><RYUUKYOKU ba="0,1" sc="250,-15,250,-15,240,15,250,15" hai2="39,42,44,52,57,60,83,88,96,98,113,114,115" hai3="7,11,13,20,21,63,67,68,97,99" /><INIT seed="1,1,1,3,3,71" ten="235,235,255,265" oya="1" hai0="47,99,97,96,123,19,22,122,55,95,127,135,46" hai1="53,63,35,98,49,1,112,75,48,62,101,92,13" hai2="42,77,120,133,80,34,130,44,26,8,57,105,12" hai3="60,67,30,76,52,134,125,41,110,70,50,45,21"/><U104/><E1/><V114/><F105/><W115/><G76/><T132/><D127/><U108/><E112/><V128/><F120/><N who="0" m="46122" /><D95/><U65/><E75/><V87/><F114/><W113/><G30/><T33/><D33/><U86/><E35/><V106/><F106/><W107/><G107/><T64/><D64/><U39/><E39/><V4/><F133/><N who="0" m="51274" /><D55/><U72/><E72/><V93/><F57/><N who="3" m="32919" /><G134/><T59/><D59/><N who="1" m="35183" /><E108/><V11/><F11/><W51/><G110/><T78/><D78/><U84/><E104/><V17/><F93/><W32/><G32/><T14/><AGARI ba="1,1" hai="14,19,22,46,47,96,97,99" m="51274,46122" machi="14" ten="40,2700,0" yaku="13,1,20,1" doraHai="71" who="0" fromWho="0" sc="235,40,235,-14,255,-8,265,-8" /><INIT seed="2,0,0,3,5,30" ten="275,221,247,257" oya="2" hai0="45,31,49,83,120,39,125,91,24,52,101,62,106" hai1="108,102,68,128,115,135,50,122,124,70,109,80,2" hai2="58,33,19,18,85,43,26,13,132,107,59,98,66" hai3="16,69,82,77,61,42,112,9,111,67,20,56,54"/><V37/><F132/><W23/><G111/><N who="1" m="42570" /><E2/><V76/><F66/><W60/><G112/><T21/><D120/><U6/><E6/><V47/><F76/><W72/><G42/><T78/><D125/><U110/><E102/><V15/><F85/><W57/><G69/><T46/><D91/><U5/><E5/><V35/><F26/><W25/><G20/><T116/><D116/><U126/><E115/><V0/><F0/><W73/><REACH who="3" step="1"/><G9/><REACH who="3" ten="275,221,247,247" step="2"/><T36/><D36/><U63/><E70/><V3/><F43/><W114/><G114/><T10/><D39/><U129/><E122/><V131/><F37/><W88/><G88/><T117/><D10/><U14/><E68/><V118/><F118/><W1/><G1/><T99/><D117/><U113/><E113/><V22/><F3/><W44/><G44/><T65/><D46/><U53/><E110/><V134/><F47/><W64/><G64/><T119/><D119/><U51/><E126/><V87/><F134/><W123/><G123/><T94/><D65/><U127/><E135/><V95/><F35/><W28/><G28/><T71/><D71/><U40/><E127/><V12/><F33/><W32/><G32/><T89/><D89/><U92/><E40/><V8/><F22/><W81/><G81/><T103/><D83/><U4/><E80/><V79/><F8/><W105/><G105/><T34/><D34/><U86/><E124/><V100/><F107/><W130/><G130/><T75/><D106/><U93/><E128/><V55/><F131/><W84/><AGARI ba="0,1" hai="16,23,25,54,56,57,60,61,67,72,73,77,82,84" machi="84" ten="20,5200,0" yaku="1,1,0,1,7,1,54,1,53,0" doraHai="30" doraHaiUra="97" who="3" fromWho="3" sc="275,-13,221,-13,247,-26,247,62" /><INIT seed="3,0,0,4,5,80" ten="262,208,221,309" oya="3" hai0="94,68,110,105,48,129,62,87,120,125,91,109,30" hai1="12,112,124,83,78,5,103,67,108,89,43,122,7" hai2="126,19,104,93,15,23,21,22,135,4,133,85,28" hai3="35,77,0,16,20,9,17,132,127,114,8,117,33"/><W6/><G77/><T56/><D120/><U44/><E122/><V38/><F104/><W46/><G46/><T69/><D105/><U101/><E112/><V111/><F38/><W1/><G114/><T128/><D30/><U58/><E108/><N who="0" m="41577" /><D48/><U57/><E89/><N who="2" m="53423" /><F111/><W41/><G41/><T107/><D107/><U113/><E113/><V63/><F126/><W90/><G90/><T32/><D32/><N who="3" m="12361" /><G127/><T10/><D10/><U50/><E124/><V65/><F4/><N who="1" m="1609" /><E12/><V98/><F98/><W36/><G36/><T64/><D125/><U96/><E96/><V81/><F81/><W49/><G49/><T34/><D34/><U18/><E18/><N who="3" m="7274" /><G117/><T29/><D29/><U100/><E67/><V73/><F28/><W66/><G66/><T61/><D61/><U123/><E123/><V134/><F73/><W95/><G95/><T131/><AGARI ba="0,0" hai="56,62,64,68,69,87,91,94,128,129,131" m="41577" machi="131" ten="40,5200,0" yaku="19,1,14,1,52,1" doraHai="80" who="0" fromWho="0" sc="262,52,208,-13,221,-13,309,-26" /><INIT seed="4,0,0,0,3,99" ten="314,195,208,283" oya="0" hai0="109,49,58,110,95,23,114,29,7,51,66,47,78" hai1="32,75,13,28,0,16,126,50,120,74,52,38,106" hai2="84,54,96,92,121,85,131,43,100,37,83,72,5" hai3="27,64,30,26,104,1,102,40,90,59,41,94,86"/><T69/><D78/><U73/><E120/><V103/><F5/><W124/><G1/><T18/><D7/><U129/><E38/><V20/><F37/><W24/><G124/><T17/><D69/><U119/><E119/><V115/><F43/><W117/><G117/><T19/><D114/><U91/><E126/><V133/><F54/><W31/><G104/><T3/><D3/><U65/><E0/><V8/><F8/><W48/><G102/><N who="2" m="38953" /><F20/><W113/><G113/><T67/><D95/><U87/><E106/><V25/><F25/><W35/><G64/><T71/><D71/><U89/><E65/><V36/><F36/><W45/><G59/><T56/><D29/><N who="3" m="10761" /><G35/><T101/><D101/><U11/><E129/><V108/><F115/><W118/><G118/><T4/><D4/><U53/><E53/><AGARI ba="0,0" hai="24,26,27,40,41,45,48,53,86,90,94" m="10761" machi="53" ten="30,1000,0" yaku="8,1" doraHai="99" who="3" fromWho="1" sc="314,0,195,-10,208,0,283,10" /><INIT seed="5,0,0,5,3,99" ten="314,185,208,293" oya="1" hai0="64,32,77,48,128,3,86,121,18,122,13,42,37" hai1="29,54,36,73,123,94,76,52,69,116,118,125,108" hai2="135,41,75,15,51,84,35,26,114,92,98,53,81" hai3="101,30,31,55,96,107,20,14,19,80,102,58,11"/><U7/><E123/><N who="0" m="47113" /><D3/><U68/><E36/><V49/><F114/><W129/><G129/><T132/><D132/><U83/><E125/><V44/><F135/><W126/><G126/><T33/><D37/><U91/><E108/><V115/><F75/><W124/><G124/><T56/><D64/><U25/><E7/><V0/><F0/><W95/><G80/><N who="0" m="47375" /><D128/><U67/><E116/><V85/><F115/><W113/><G113/><T9/><D56/><U2/><E2/><V16/><F26/><W82/><G82/><T130/><D130/><U72/><E72/><V28/><F28/><W57/><G57/><T127/><D127/><U22/><E118/><V46/><F35/><W47/><G47/><AGARI ba="0,0" hai="9,13,18,32,33,42,47,48" m="47375,47113" machi="47" ten="30,1000,0" yaku="13,1" doraHai="99" who="0" fromWho="3" sc="314,10,185,0,208,0,293,-10" /><INIT seed="6,0,0,1,3,84" ten="324,185,208,283" oya="2" hai0="32,29,95,49,25,68,19,48,99,91,113,93,64" hai1="94,47,78,88,66,57,0,17,9,58,51,23,41" hai2="134,59,26,96,35,100,111,87,3,61,121,11,77" hai3="30,65,119,70,44,112,92,6,97,63,72,105,28"/><V86/><F121/><W109/><G119/><T14/><D113/><U33/><E33/><V38/><F38/><W8/><G109/><T102/><D68/><U117/><E117/><V24/><F134/><W80/><G105/><T20/><D64/><U52/><E78/><V39/><F39/><W79/><G44/><T132/><D132/><U133/><E133/><V62/><F62/><W73/><G73/><T67/><D67/><U37/><E66/><V127/><F127/><W131/><G131/><T7/><D7/><U115/><E115/><V107/><F77/><W56/><G70/><T108/><D108/><U1/><E57/><V122/><F122/><W116/><G116/><T31/><D31/><U135/><E9/><V27/><F35/><W54/><G65/><T53/><D53/><U123/><E123/><V101/><F101/><W118/><G112/><T120/><D120/><U46/><E46/><V81/><F81/><W128/><G128/><T106/><D106/><U103/><E103/><V45/><F111/><W89/><REACH who="3" step="1"/><G118/><REACH who="3" ten="324,185,208,273" step="2"/><T5/><D5/><U22/><E135/><V13/><F45/><W36/><G36/><T114/><D114/><U104/><E104/><V55/><REACH who="2" step="1"/><F3/><AGARI ba="0,1" hai="3,6,8,28,30,54,56,63,72,79,80,89,92,97" machi="3" ten="30,3900,0" yaku="1,1,7,1,52,1,53,0" doraHai="84" doraHaiUra="126" who="3" fromWho="2" sc="324,0,185,0,208,-39,273,49" /><INIT seed="7,0,0,4,5,124" ten="324,185,169,322" oya="3" hai0="69,54,33,61,16,39,130,67,133,2,94,127,18" hai1="24,86,112,30,90,5,88,62,57,116,71,113,85" hai2="78,76,109,3,7,0,31,11,121,66,1,56,118" hai3="44,82,65,125,58,38,9,74,47,131,101,21,97"/><W23/><G125/><T73/><D130/><U51/><E71/><V95/><F109/><W50/><G131/><T84/><D73/><U103/><E51/><V41/><F118/><W102/><G38/><T128/><D128/><U107/><E5/><V35/><F121/><W34/><G34/><T93/><D33/><N who="1" m="20679" /><E107/><V59/><F41/><W115/><G115/><N who="1" m="44106" /><E103/><N who="3" m="39434" /><G74/><T32/><D32/><U64/><E116/><V99/><F31/><W75/><G75/><T123/><D2/><U25/><E25/><V4/><F35/><W26/><G97/><T46/><D127/><U8/><E8/><V135/><F135/><W43/><G44/><T29/><D133/><U68/><E68/><V55/><F66/><W15/><G82/><T20/><D123/><U89/><AGARI ba="0,0" hai="57,62,64,85,86,88,89,90" m="44106,20679" machi="89" ten="30,2000,0" yaku="15,1,54,1" doraHai="124" who="1" fromWho="1" sc="324,-5,185,20,169,-5,322,-10" owari="319,42.0,205,-19.0,164,-34.0,312,11.0" /></mjloggm>