<mjloggm ver="2.3"><GO type="169" lobby="0"/><UN n0="%E3%81%8A%E3%81%98%E3%81%95%E3%82%93" n1="%E5%B0%B1%E6%B4%BB%E7%94%9F%40%E5%B7%9D%E6%9D%91%E8%BB%8D%E5%9B%A3" n2="%68%69%6E%6F%6D%61%72%75" n3="%E3%83%B4%E3%82%A1%E3%83%AA%E3%83%BC" dan="16,16,16,17" rate="2155.76,2140.90,2120.55,2205.59" sx="M,M,M,M"/><TAIKYOKU oya="0"/><INIT seed="0,0,0,0,2,120" ten="250,250,250,250" oya="0" hai0="113,56,100,85,52,131,20,13,127,1,79,108,111" hai1="7,93,105,30,73,104,39,51,92,68,129,97,25" hai2="23,33,66,54,76,89,133,64,43,75,38,50,59" hai3="112,122,88,24,114,46,47,94,6,15,83,62,78"/><T69/><D69/><U110/><E39/><V98/><F33/><W60/><G122/><T96/><D1/><U126/><E73/><V61/><F133/><W29/><G15/><T81/><D113/><U63/><E7/><V35/><F35/><W132/><G6/><T14/><D127/><U48/><E126/><V86/><F98/><W44/><G132/><T128/><D20/><U21/><E129/><N who="0" m="49737" /><D13/><U49/><E93/><V17/><F66/><W5/><G5/><T65/><D14/><U95/><E95/><V130/><F130/><W125/><G125/><T31/><D31/><U87/><E87/><V0/><F0/><W103/><G103/><T28/><D28/><U102/><E110/><N who="0" m="42025" /><D65/><U58/><REACH who="1" step="1"/><E68/><REACH who="1" ten="250,240,250,250" step="2"/><V70/><F75/><W41/><G114/><T2/><D2/><U16/><E16/><V12/><F86/><W119/><G112/><T116/><D116/><U101/><E101/><V77/><F89/><W124/><G88/><T19/><D19/><U118/><E118/><V135/><F135/><W80/><G119/><T74/><D74/><U123/><E123/><V10/><F10/><W3/><G124/><T45/><D45/><AGARI ba="0,1" hai="12,17,23,38,43,45,50,54,59,61,64,70,76,77" machi="45" ten="40,2600,0" yaku="24,2" doraHai="120" who="2" fromWho="0" sc="250,-26,240,0,250,36,250,0" /><INIT seed="1,0,0,1,4,23" ten="224,240,286,250" oya="1" hai0="119,47,69,91,27,15,26,55,8,56,88,132,52" hai1="7,13,65,133,49,127,100,35,107,130,32,42,116" hai2="63,106,3,110,125,19,123,114,20,70,5,94,48" hai3="68,59,0,90,96,81,131,121,44,37,16,1,61"/><U45/><E116/><V38/><F106/><W113/><G68/><T134/><D69/><U46/><E130/><V12/><F38/><W75/><G113/><T84/><D119/><U98/><E127/><V118/><F118/><W4/><G121/><T9/><D47/><U108/><E133/><N who="0" m="51305" /><D8/><U14/><E108/><V60/><F123/><W29/><G29/><T92/><D91/><U99/><E65/><V117/><F117/><W103/><G4/><N who="0" m="3495" /><D52/><U24/><E99/><V33/><F114/><W85/><G75/><T135/><N who="0" m="51313" /><T101/><DORA hai="122" /><D101/><U82/><E82/><V43/><F110/><W97/><G131/><T105/><D105/><U128/><E128/><V76/><F76/><W93/><G97/><T34/><D34/><U104/><E104/><V50/><F33/><W77/><G103/><T83/><D83/><U115/><E115/><V17/><F5/><W72/><G72/><T25/><D25/><U51/><E7/><V86/><F3/><W11/><G44/><T36/><D36/><U57/><E57/><V78/><F70/><W67/><G37/><T6/><D6/><U79/><E79/><V2/><F2/><W39/><G39/><T53/><D53/><U129/><E129/><V80/><F125/><W109/><G109/><T41/><D41/><N who="1" m="24751" /><E32/><V62/><F94/><W40/><G40/><T111/><D111/><U64/><E64/><V10/><REACH who="2" step="1"/><F43/><REACH who="2" ten="224,240,276,250" step="2"/><W18/><G0/><T71/><D71/><U102/><E102/><V95/><F95/><W89/><G77/><T126/><D126/><U58/><E35/><V31/><F31/><RYUUKYOKU ba="0,1" sc="224,10,240,-30,276,10,250,10" hai0="26,27,55,56,84,88,92" hai2="10,12,17,19,20,48,50,60,62,63,78,80,86" hai3="1,11,16,18,59,61,67,81,85,89,90,93,96" /><INIT seed="2,1,1,2,3,77" ten="234,210,286,260" oya="2" hai0="33,116,86,134,68,12,106,117,74,105,25,108,120" hai1="82,69,90,132,84,24,128,100,66,3,62,43,125" hai2="30,5,37,78,130,47,60,8,124,123,129,9,35" hai3="7,4,70,101,83,55,57,96,29,80,44,115,102"/><V71/><F123/><W32/><G70/><T99/><D74/><U92/><E128/><N who="2" m="49259" /><F124/><W89/><G32/><T121/><D68/><U13/><E125/><V16/><F78/><W42/><G29/><N who="0" m="19631" /><D108/><U81/><E3/><V31/><F35/><W10/><G44/><T63/><D63/><U41/><E132/><V6/><F47/><W0/><G42/><T88/><D12/><U49/><E24/><V126/><F37/><W76/><G7/><N who="2" m="2569" /><F126/><W52/><G55/><T18/><D18/><U38/><E38/><V133/><F133/><W111/><G115/><T87/><D87/><U109/><E109/><V20/><F60/><W22/><G111/><T56/><D134/><U1/><E1/><V21/><F71/><W85/><G22/><N who="2" m="8809" /><F9/><W104/><G101/><N who="0" m="62655" /><D56/><U112/><E112/><V58/><F58/><W14/><G0/><T11/><D11/><U53/><E100/><V61/><F61/><W15/><G15/><AGARI ba="1,1" hai="8,15,16,30,31" m="8809,2569,49259" machi="15" ten="30,11600,0" yaku="19,1,34,2,54,1" doraHai="77" who="2" fromWho="3" sc="234,0,210,0,286,129,260,-119" /><INIT seed="2,2,0,3,3,94" ten="234,210,415,141" oya="2" hai0="97,59,58,70,22,57,34,18,116,46,3,67,51" hai1="75,92,112,31,15,100,74,124,26,118,127,35,87" hai2="114,41,99,10,131,117,113,2,33,135,53,120,115" hai3="84,77,85,66,30,91,68,21,104,126,86,55,16"/><V72/><F72/><W23/><G126/><N who="1" m="48170" /><E118/><V5/><F120/><W25/><G104/><T13/><D34/><U43/><E43/><V95/><F117/><W52/><G77/><T98/><D116/><U62/><E62/><V47/><F33/><W107/><G107/><T111/><D111/><U82/><E112/><V122/><F122/><W50/><G66/><T54/><REACH who="0" step="1"/><D3/><REACH who="0" ten="224,210,415,141" step="2"/><U64/><E64/><V61/><F131/><W103/><G68/><T105/><D105/><U119/><E119/><V102/><F135/><W6/><G6/><T12/><D12/><U121/><E15/><V129/><F129/><W49/><G103/><T123/><D123/><U17/><E121/><V93/><F115/><W60/><G91/><T4/><D4/><U7/><E7/><V132/><F114/><W11/><G11/><T44/><D44/><U79/><E17/><V42/><F132/><W24/><REACH who="3" step="1"/><G55/><REACH who="3" ten="224,210,415,131" step="2"/><T69/><D69/><U29/><E100/><N who="2" m="60527" /><F53/><W65/><G65/><T106/><D106/><U37/><E79/><V48/><F113/><W9/><G9/><T130/><D130/><U134/><E134/><V39/><F10/><W56/><AGARI ba="2,2" hai="16,21,23,24,25,30,49,50,52,56,60,84,85,86" machi="56" ten="30,8000,1" yaku="1,1,0,1,8,1,54,2,53,0" doraHai="94" doraHaiUra="125" who="3" fromWho="3" sc="224,-22,210,-22,415,-42,131,106" /><INIT seed="3,0,0,0,4,22" ten="202,188,373,237" oya="3" hai0="28,95,118,39,93,6,114,43,86,50,107,127,79" hai1="41,97,91,46,21,101,48,18,13,102,60,120,112" hai2="62,42,100,123,44,128,124,2,132,108,35,38,36" hai3="115,81,73,131,17,90,119,31,106,34,111,12,37"/><W16/><G37/><T71/><D39/><U104/><E112/><V29/><F108/><W20/><G106/><T84/><D71/><U64/><E120/><V32/><F123/><W122/><G119/><T53/><D107/><U30/><E30/><V130/><F2/><W56/><G122/><T14/><D118/><U15/><E102/><V4/><F4/><W58/><G115/><T113/><D127/><U126/><E126/><V110/><F124/><W88/><G131/><T67/><D67/><U82/><E82/><V25/><F110/><W7/><G7/><T116/><D116/><U65/><E91/><N who="3" m="34858" /><G34/><T87/><D43/><U89/><E89/><V3/><F3/><W23/><G73/><T80/><D114/><U54/><E64/><V135/><F100/><W47/><G31/><T96/><D28/><U129/><E129/><N who="2" m="49771" /><F38/><W98/><G98/><T9/><D113/><U10/><E41/><V49/><F35/><W27/><G81/><T0/><D0/><U75/><E75/><V68/><F49/><W99/><G99/><T109/><D109/><U57/><REACH who="1" step="1"/><E10/><REACH who="1" ten="202,178,373,237" step="2"/><V125/><F125/><W78/><G111/><T5/><D96/><U55/><E55/><V85/><F85/><N who="0" m="32874" /><D5/><U72/><E72/><V51/><F36/><W33/><G78/><T103/><D103/><U83/><E83/><V24/><F42/><W69/><G33/><T61/><D80/><U52/><E52/><V19/><F29/><W8/><G69/><T74/><D74/><U92/><E92/><V1/><F32/><W117/><G117/><T105/><N who="0" m="32882" /><T94/><DORA hai="11" /><D94/><RYUUKYOKU ba="0,1" sc="202,-10,178,30,373,-10,237,-10" hai1="13,15,18,21,46,48,54,57,60,65,97,101,104" /><INIT seed="4,1,1,1,1,30" ten="192,208,363,227" oya="0" hai0="100,133,101,59,88,105,34,126,28,106,118,123,43" hai1="110,89,95,36,117,116,62,79,18,40,108,135,37" hai2="51,134,74,13,97,10,0,8,78,24,91,42,26" hai3="85,58,49,83,86,96,87,11,65,19,61,60,77"/><T54/><D118/><N who="1" m="45675" /><E18/><V25/><F134/><W23/><G11/><T35/><D123/><U128/><E79/><V68/><F68/><W94/><G49/><T111/><D28/><U102/><E102/><V103/><F91/><N who="3" m="55391" /><G61/><T53/><D43/><U122/><E95/><V21/><F0/><W12/><AGARI ba="1,1" hai="12,19,23,58,60,65,77,83,85,86,87" m="55391" machi="12" ten="30,1100,0" yaku="8,1" doraHai="30" who="3" fromWho="3" sc="192,-6,208,-4,363,-4,227,24" /><INIT seed="5,0,0,3,3,29" ten="186,204,359,251" oya="1" hai0="73,71,25,79,55,70,10,58,103,131,121,12,16" hai1="126,64,43,41,98,80,22,39,92,122,62,63,114" hai2="15,74,94,113,99,44,117,5,87,65,17,110,0" hai3="100,24,8,82,101,47,34,11,96,76,50,31,61"/><U66/><E122/><V109/><F74/><W53/><G101/><T118/><D118/><U93/><E114/><V7/><F117/><W134/><G61/><T129/><D121/><U116/><E116/><V125/><F113/><W51/><G51/><T54/><D103/><U83/><E22/><V27/><F65/><W67/><G67/><T14/><D25/><U2/><E98/><V68/><F68/><W30/><G30/><T48/><D55/><U26/><E26/><V37/><F27/><W108/><G134/><T89/><D89/><U120/><E120/><V35/><F35/><W49/><G49/><T81/><REACH who="0" step="1"/><D14/><REACH who="0" ten="176,204,359,251" step="2"/><U20/><E126/><V115/><F125/><W45/><G108/><T112/><D112/><U38/><REACH who="1" step="1"/><E20/><REACH who="1" ten="176,194,359,251" step="2"/><V111/><F111/><W91/><G100/><T4/><D4/><U77/><E77/><V75/><F110/><W60/><G76/><T13/><D13/><U123/><E123/><V59/><F15/><W90/><G24/><T84/><D84/><U88/><E88/><V1/><F87/><W102/><G91/><T3/><D3/><AGARI ba="0,2" hai="2,3,38,39,41,43,62,63,64,66,80,83,92,93" machi="3" ten="25,4800,0" yaku="1,1,22,2,53,0" doraHai="29" doraHaiUra="28" who="1" fromWho="0" sc="176,-48,194,68,359,0,251,0" /><INIT seed="5,1,0,4,0,133" ten="128,262,359,251" oya="1" hai0="94,55,135,83,121,96,34,60,68,51,86,70,132" hai1="124,11,72,78,100,35,77,99,101,81,117,43,130" hai2="71,73,0,64,19,85,95,9,27,126,39,104,107" hai3="46,28,103,50,127,66,2,63,82,131,54,29,1"/><U17/><E35/><V93/><F39/><W90/><G103/><T118/><D34/><U113/><E117/><V48/><F73/><W108/><G108/><T37/><D37/><U57/><E113/><V13/><F0/><W80/><G131/><T44/><D118/><U41/><E130/><V25/><F71/><W129/><G129/><T6/><D121/><U53/><E78/><V7/><F64/><W106/><G106/><T33/><D33/><U42/><E124/><V115/><F126/><W36/><G127/><T111/><D111/><U30/><E30/><V79/><F107/><W26/><G36/><T14/><D135/><U62/><REACH who="1" step="1"/><E99/><REACH who="1" ten="128,252,359,251" step="2"/><V38/><F115/><W122/><G29/><T12/><D132/><U20/><E20/><V119/><F79/><W114/><G28/><T16/><D70/><U31/><E31/><V102/><F119/><W76/><G76/><T91/><D68/><U15/><AGARI ba="1,1" hai="11,15,17,41,42,43,53,57,62,72,77,81,100,101" machi="15" ten="30,6000,0" yaku="1,1,0,1,53,1" doraHai="133" doraHaiUra="4" who="1" fromWho="1" sc="128,-21,252,73,359,-21,251,-21" /><INIT seed="5,2,0,2,2,28" ten="107,325,338,230" oya="1" hai0="0,54,3,42,35,51,60,116,29,49,2,91,5" hai1="96,129,40,31,63,18,102,131,110,115,113,23,73" hai2="4,67,56,7,53,100,83,32,104,90,69,77,25" hai3="101,126,22,111,8,41,55,11,106,19,124,12,125"/><U38/><E73/><V122/><F122/><W76/><G76/><T24/><D116/><U127/><E31/><V134/><F134/><W97/><G111/><T92/><D42/><U70/><E110/><V64/><F90/><W52/><G41/><T86/><REACH who="0" step="1"/><D5/><REACH who="0" ten="97,325,338,230" step="2"/><U74/><E40/><V45/><F7/><W33/><G33/><T48/><D48/><U72/><E38/><V6/><F4/><W37/><G37/><T128/><D128/><U88/><E129/><V34/><F6/><W94/><G106/><T112/><D112/><U14/><E131/><V10/><F32/><W39/><G39/><T121/><D121/><U15/><E115/><V135/><F34/><W50/><G55/><T132/><D132/><U66/><E113/><V57/><F53/><W16/><G19/><T58/><AGARI ba="2,1" hai="0,2,3,24,29,35,49,51,54,58,60,86,91,92" machi="58" ten="40,5200,0" yaku="1,1,0,1,52,1,53,0" doraHai="28" doraHaiUra="79" who="0" fromWho="0" sc="97,68,325,-28,338,-15,230,-15" /><INIT seed="6,0,0,4,2,27" ten="165,297,323,215" oya="2" hai0="61,34,37,1,96,133,43,24,0,129,71,118,20" hai1="47,19,109,91,13,108,114,40,14,18,116,36,120" hai2="66,77,67,50,33,81,83,88,105,31,72,16,42" hai3="90,46,32,73,95,38,12,45,98,113,63,3,115"/><V70/><F105/><W44/><G73/><T10/><D129/><U130/><E116/><V41/><F70/><W25/><G3/><T6/><D118/><U8/><E114/><N who="3" m="43530" /><G12/><T122/><D122/><U5/><E130/><V17/><F33/><W55/><G38/><T125/><D125/><U28/><E120/><V123/><F123/><W2/><G2/><T21/><D133/><U100/><E100/><V135/><F135/><W60/><G55/><T104/><D0/><U127/><E127/><V75/><F50/><W35/><G35/><T58/><D43/><U119/><E119/><V99/><F77/><W128/><G128/><T126/><D37/><U53/><E53/><V121/><F121/><W87/><G87/><T110/><D110/><U101/><E101/><V15/><F99/><W112/><N who="3" m="43538" /><W48/><DORA hai="4" /><G48/><T89/><D126/><U62/><E62/><V134/><F15/><W7/><G7/><T92/><D104/><U82/><E82/><V86/><F86/><W30/><AGARI ba="0,0" hai="25,30,32,44,45,46,60,63,90,95,98" m="43538" machi="30" ten="50,6400,0" yaku="15,1,11,1,52,1" doraHai="27,4" who="3" fromWho="3" sc="165,-16,297,-16,323,-32,215,64" /><INIT seed="7,0,0,5,1,64" ten="149,281,291,279" oya="3" hai0="110,121,108,75,88,131,96,132,13,25,30,118,93" hai1="126,55,37,56,11,1,23,48,85,34,2,54,106" hai2="4,12,58,17,80,89,7,83,20,86,99,53,6" hai3="91,68,82,8,52,81,39,117,33,71,32,113,38"/><W111/><G113/><T105/><D118/><U31/><E34/><N who="3" m="13418" /><G52/><T69/><D69/><N who="3" m="26697" /><G91/><T122/><D75/><U112/><E37/><N who="3" m="13834" /><G8/><T28/><D131/><U41/><E11/><V67/><F67/><W51/><G51/><T50/><D132/><U19/><E41/><V120/><F120/><W35/><N who="3" m="13426" /><W66/><DORA hai="133" /><G66/><T3/><D3/><U101/><E55/><V76/><F99/><W22/><G22/><T36/><D36/><U95/><E19/><V94/><F76/><W78/><G78/><T100/><D50/><AGARI ba="0,0" hai="4,6,7,12,17,20,50,53,58,80,83,86,89,94" machi="50" ten="40,5200,0" yaku="25,2,8,1" doraHai="64,133" who="2" fromWho="0" sc="149,-52,281,0,291,52,279,0" owari="97,-40.0,281,8.0,343,44.0,279,-12.0" /></mjloggm>