<mjloggm ver="2.3"><GO type="169" lobby="0"/><UN n0="%73%66%73%66" n1="%E3%83%94%E3%82%AB%E5%90%BE%E9%83%8E" n2="%E5%B0%B1%E6%B4%BB%E7%94%9F%40%E5%B7%9D%E6%9D%91%E8%BB%8D%E5%9B%A3" n3="%E3%82%AE%E3%82%AC%E3%83%9E%E3%82%A4%E3%83%B3" dan="16,16,17,18" rate="2114.80,2122.29,2223.73,2201.75" sx="M,M,M,M"/><TAIKYOKU oya="0"/><INIT seed="0,0,0,0,1,55" ten="250,250,250,250" oya="0" hai0="63,107,71,30,66,121,56,25,8,18,33,89,3" hai1="109,119,10,58,92,75,62,69,53,110,130,118,41" hai2="29,106,134,98,96,80,57,43,28,95,81,24,13" hai3="7,64,21,46,128,73,120,34,38,124,115,2,113"/><T49/><D121/><U59/><E75/><V31/><F134/><W74/><G21/><T26/><D107/><U12/><E69/><V133/><F133/><W85/><G85/><T19/><D26/><U50/><E92/><V22/><F106/><W42/><G128/><T100/><D100/><U70/><E70/><V90/><F43/><W6/><G124/><T72/><D72/><U16/><E130/><V36/><F36/><W111/><G111/><N who="1" m="42506" /><E41/><V114/><F114/><W35/><G120/><T4/><REACH who="0" step="1"/><D89/><REACH who="0" ten="240,250,250,250" step="2"/><U132/><E132/><V93/><F13/><W79/><G74/><T77/><D77/><U14/><E12/><V60/><F28/><W52/><G79/><T82/><D82/><U15/><E14/><V131/><F31/><W126/><G73/><T135/><D135/><U97/><E97/><V17/><F131/><W104/><G104/><T86/><D86/><U102/><E102/><V45/><F29/><W108/><G108/><T122/><D122/><U51/><E51/><V5/><F96/><W11/><G113/><T105/><D105/><U47/><E47/><V84/><F95/><W127/><G46/><T99/><D99/><U23/><E10/><V54/><F84/><W117/><G11/><T91/><D91/><U83/><E83/><V40/><F5/><W0/><G7/><T27/><D27/><U129/><E129/><V39/><AGARI ba="0,1" hai="17,22,24,39,40,45,54,57,60,80,81,90,93,98" machi="39" ten="20,8000,1" yaku="0,1,7,1,25,2,52,1" doraHai="55" who="2" fromWho="2" sc="240,-40,250,-20,250,90,250,-20" /><INIT seed="1,0,0,3,0,3" ten="200,230,340,230" oya="1" hai0="107,132,54,17,52,113,121,70,120,96,60,123,10" hai1="114,78,85,135,21,130,32,37,56,39,108,104,84" hai2="8,91,131,57,30,50,34,35,55,69,7,1,48" hai3="117,89,14,5,80,116,109,49,47,43,90,83,73"/><U87/><E32/><V134/><F131/><W13/><G109/><T44/><D113/><U26/><E114/><V42/><F134/><W97/><G14/><N who="0" m="7383" /><D132/><U19/><E135/><V51/><F69/><W22/><G22/><T110/><D110/><U118/><E104/><V100/><F100/><W63/><G63/><T82/><D82/><N who="3" m="31273" /><G73/><T18/><D44/><U68/><E68/><V133/><F133/><W36/><G36/><T66/><D18/><U61/><E108/><V95/><F30/><W125/><G97/><T45/><D45/><U94/><E118/><N who="3" m="45674" /><G125/><T72/><D72/><U15/><E130/><V102/><F102/><AGARI ba="0,0" hai="52,54,60,66,70,96,102,107,120,121,123" m="7383" machi="102" ten="30,2000,0" yaku="13,1,54,1" doraHai="3" who="0" fromWho="2" sc="200,20,230,0,340,-20,230,0" /><INIT seed="2,0,0,0,5,51" ten="220,230,320,230" oya="2" hai0="100,106,17,121,118,120,62,43,18,22,68,89,128" hai1="119,50,12,65,132,87,0,72,10,21,3,129,98" hai2="133,88,5,35,70,115,91,81,29,14,27,46,69" hai3="71,103,58,80,54,4,77,93,64,1,95,25,52"/><V85/><F115/><W63/><G103/><T117/><D43/><U23/><E72/><V126/><F133/><W124/><G124/><T110/><D89/><U135/><E119/><N who="0" m="45577" /><D110/><U40/><E65/><V6/><F126/><W67/><G67/><N who="0" m="41079" /><D128/><U38/><E38/><V79/><F46/><W66/><G66/><T130/><D130/><U41/><E87/><V47/><F47/><W101/><G101/><T75/><D75/><U37/><E98/><V114/><F114/><W57/><G1/><N who="1" m="586" /><E50/><V83/><F91/><W107/><G107/><T78/><D78/><U127/><E127/><V122/><F122/><N who="0" m="47210" /><D22/><N who="1" m="8203" /><E37/><V31/><F31/><W36/><G36/><T59/><D59/><U116/><E116/><V134/><F134/><N who="1" m="51241" /><E129/><V53/><F70/><W108/><G71/><T104/><D104/><U2/><E2/><V105/><F105/><W97/><G58/><T16/><D106/><U42/><E10/><V96/><F69/><W123/><G97/><T55/><D100/><U49/><E49/><V74/><F96/><W15/><G80/><T73/><D73/><U24/><E24/><V60/><F81/><W84/><G123/><T76/><D76/><U44/><E44/><V113/><F113/><W45/><G77/><T34/><D34/><U131/><E131/><V94/><F74/><W11/><G25/><T90/><D90/><U20/><N who="1" m="8211" /><U125/><DORA hai="99" /><E125/><V9/><F79/><W28/><G45/><T7/><D7/><U82/><E82/><V32/><F6/><W33/><G4/><T39/><D39/><U109/><E12/><V102/><F14/><RYUUKYOKU ba="0,0" sc="220,15,230,15,320,-15,230,-15" hai0="16,17,18,55" hai1="40,41,42,109" /><INIT seed="3,1,0,2,5,37" ten="235,245,305,215" oya="3" hai0="132,77,59,33,8,36,13,69,83,64,22,97,41" hai1="14,99,5,80,21,57,108,107,34,58,90,73,115" hai2="45,7,60,50,2,61,86,105,65,51,15,52,85" hai3="29,95,47,16,135,25,66,78,134,31,94,117,81"/><W126/><G117/><T113/><D33/><U96/><E34/><V128/><F105/><W24/><G126/><T49/><D132/><N who="3" m="50729" /><G66/><T67/><D69/><U23/><E115/><V114/><F2/><W44/><G81/><T40/><D36/><U93/><E108/><V54/><F114/><W124/><G78/><T130/><D22/><N who="1" m="8203" /><E107/><V18/><F128/><W9/><G124/><T38/><D38/><U11/><E73/><V119/><F119/><W30/><G9/><T3/><D3/><U106/><E106/><V10/><F7/><W123/><G123/><T91/><D130/><U6/><E6/><V56/><REACH who="2" step="1"/><F60/><REACH who="2" ten="235,245,295,215" step="2"/><W4/><G4/><N who="0" m="3207" /><D113/><U26/><E5/><V46/><AGARI ba="1,1" hai="10,15,18,45,46,50,51,52,54,56,61,65,85,86" machi="46" ten="20,12000,2" yaku="1,1,0,1,7,1,9,1,8,1,54,1,53,0" doraHai="37" doraHaiUra="133" who="2" fromWho="2" sc="235,-31,245,-31,295,133,215,-61" /><INIT seed="4,0,0,5,4,120" ten="204,214,428,154" oya="0" hai0="70,8,7,12,51,30,40,91,108,86,11,134,26" hai1="89,54,21,60,61,126,97,5,27,83,124,107,53" hai2="80,58,131,123,127,56,67,101,31,41,117,35,116" hai3="95,135,37,4,0,84,34,104,100,9,38,44,64"/><T92/><D70/><U93/><E5/><V32/><F123/><W50/><G34/><T106/><D106/><U78/><E107/><V111/><F111/><W19/><G104/><T43/><D134/><U103/><E103/><V79/><F131/><W1/><G1/><T110/><D11/><U33/><E33/><V98/><F127/><N who="1" m="48681" /><E61/><V94/><F41/><W46/><G135/><T24/><D24/><U129/><E60/><N who="2" m="38279" /><F58/><W133/><G133/><T115/><D115/><U62/><E62/><V121/><F31/><W63/><G19/><T36/><D36/><U45/><E45/><V128/><F128/><W29/><G29/><T3/><D3/><U96/><E96/><V73/><F121/><W14/><G0/><T81/><D51/><U105/><E105/><V87/><F73/><W66/><G44/><T71/><D71/><U42/><E42/><V88/><F101/><W69/><G66/><T59/><D59/><U16/><E129/><V122/><F122/><W39/><G100/><T74/><D43/><U57/><E57/><V49/><F49/><W20/><G39/><T72/><D40/><U77/><E77/><V68/><F68/><W28/><G50/><T22/><REACH who="0" step="1"/><D72/><AGARI ba="0,0" hai="16,21,27,53,54,72,78,83,89,93,97" m="48681" machi="72" ten="30,2000,0" yaku="18,1,54,1" doraHai="120" who="1" fromWho="0" sc="204,-20,214,20,428,0,154,0" /><INIT seed="5,0,0,0,1,95" ten="184,234,428,154" oya="1" hai0="28,71,24,61,121,53,130,107,45,43,84,116,15" hai1="125,20,118,106,36,27,22,42,98,52,105,76,78" hai2="128,14,60,3,80,90,38,11,35,91,124,49,110" hai3="25,63,51,64,73,66,50,58,31,85,131,129,88"/><U32/><E118/><V104/><F110/><W34/><G73/><T37/><D116/><U12/><E32/><V55/><F38/><W16/><G66/><T68/><D130/><U48/><E105/><V77/><F3/><W19/><G51/><T119/><D119/><U122/><E42/><V56/><F124/><W26/><G50/><T57/><D121/><U132/><E36/><V120/><F128/><N who="3" m="49227" /><G26/><T54/><D107/><U87/><E87/><N who="2" m="48527" /><F104/><W96/><G96/><T86/><D54/><U108/><E125/><V115/><F35/><W101/><G101/><T112/><D112/><U72/><E72/><V2/><F2/><W133/><G133/><T33/><D71/><U111/><E132/><V102/><F115/><W21/><G34/><T97/><D68/><U5/><E122/><V81/><F102/><W75/><G75/><T92/><REACH who="0" step="1"/><D15/><REACH who="0" ten="174,234,428,154" step="2"/><U93/><E106/><V67/><F120/><W94/><AGARI ba="0,1" hai="16,19,21,25,31,58,63,64,85,88,94" m="49227" machi="94" ten="30,4000,0" yaku="19,1,54,2" doraHai="95" who="3" fromWho="3" sc="174,-10,234,-20,428,-10,154,50" /><INIT seed="6,0,0,2,4,5" ten="164,214,418,204" oya="2" hai0="42,46,108,36,40,78,49,27,16,74,21,3,57" hai1="77,129,70,13,47,79,121,17,98,48,68,34,25" hai2="71,83,4,28,58,81,123,82,19,18,64,135,31" hai3="100,113,106,35,37,109,133,66,101,54,91,65,124"/><V41/><F123/><W14/><G35/><T94/><D108/><U103/><E129/><V51/><F71/><W2/><G109/><T26/><D3/><U23/><E121/><V45/><F135/><W61/><G2/><T116/><D116/><U72/><E70/><V127/><F4/><W128/><G37/><T73/><D78/><U7/><E68/><V95/><F127/><W126/><G128/><T104/><D104/><U63/><E63/><V93/><F64/><N who="3" m="24683" /><G106/><T30/><D94/><N who="1" m="58839" /><E34/><V130/><F58/><N who="3" m="35031" /><G133/><T24/><D57/><U67/><E67/><V80/><F130/><W125/><G113/><T107/><D107/><U134/><E72/><V55/><F41/><W43/><G43/><T11/><D30/><U99/><E99/><V44/><F80/><W90/><G14/><N who="0" m="7263" /><D73/><U96/><E96/><V119/><F119/><W20/><G20/><T112/><D74/><U15/><E134/><V87/><F87/><W105/><G105/><T89/><D36/><U12/><E7/><V53/><F82/><W132/><G132/><T56/><D42/><AGARI ba="0,0" hai="12,13,15,17,23,25,42,47,48,77,79" m="58839" machi="42" ten="30,1000,0" yaku="8,1" doraHai="5" who="1" fromWho="0" sc="164,-10,214,10,418,0,204,0" /><INIT seed="7,0,0,1,3,107" ten="154,224,418,204" oya="3" hai0="129,42,96,83,90,81,2,11,51,45,82,122,97" hai1="48,87,24,75,62,72,57,67,5,46,79,115,58" hai2="118,33,13,50,36,4,133,94,112,109,64,54,1" hai3="78,130,95,101,102,18,65,47,0,125,69,26,59"/><W44/><G0/><T25/><D122/><U37/><E115/><V103/><F109/><W56/><G125/><T6/><D129/><U66/><E37/><V31/><F36/><W99/><G130/><T135/><D135/><U89/><E79/><V38/><F38/><W120/><G120/><T17/><D2/><U128/><E5/><V92/><F1/><W22/><G69/><T23/><D6/><U131/><E24/><V98/><F133/><W127/><G127/><T10/><D96/><U108/><E108/><V49/><F112/><W91/><G78/><T117/><D117/><U104/><E104/><V30/><F118/><W126/><G126/><T15/><D97/><U93/><E128/><V32/><F64/><W7/><G7/><T53/><D90/><U106/><E106/><V132/><F132/><W100/><G65/><T121/><D121/><U80/><E93/><V77/><F77/><W85/><G85/><T14/><D15/><U40/><E131/><V12/><F54/><W9/><G9/><T116/><D116/><U74/><REACH who="1" step="1"/><E67/><REACH who="1" ten="154,214,418,204" step="2"/><V19/><F4/><W110/><G110/><T70/><D70/><AGARI ba="0,1" hai="40,46,48,57,58,62,66,70,72,74,75,80,87,89" machi="70" ten="40,8000,1" yaku="1,1,2,1,52,3,53,0" doraHai="107" doraHaiUra="29" who="1" fromWho="0" sc="154,-80,214,90,418,0,204,0" owari="74,-43.0,304,10.0,418,53.0,204,-20.0" /></mjloggm>