<mjloggm ver="2.3"><GO type="169" lobby="0"/><UN n0="%E3%81%97%E3%82%85%E3%81%86%E3%83%BC%E3%80%82" n1="%E3%82%A6%E3%83%AB%E3%83%88%E3%83%A9%E7%AB%8B%E7%9B%B4" n2="%E3%81%AA%E3%82%8A%E3%81%9F%E3%81%B6%E3%82%89%E3%81%84%E3%81%82%E3%82%93" n3="%E3%83%AB%E3%82%BF%E3%82%B9%E3%82%B1" dan="19,17,16,16" rate="2267.44,2209.45,2063.40,2085.50" sx="M,M,M,M"/><TAIKYOKU oya="0"/><INIT seed="0,0,0,5,5,95" ten="250,250,250,250" oya="0" hai0="44,119,91,54,14,7,132,43,131,13,96,66,6" hai1="120,124,18,55,49,134,102,89,74,46,82,72,128" hai2="59,41,36,30,38,15,84,81,32,68,87,62,37" hai3="3,80,111,101,19,42,125,127,69,97,103,98,8"/><T39/><D119/><U9/><E120/><V50/><F32/><W108/><G69/><T17/><D132/><U40/><E134/><V71/><F30/><W99/><G42/><T85/><D131/><U129/><E102/><N who="3" m="38922" /><G19/><T115/><D115/><U126/><E40/><V122/><F122/><W52/><G52/><T58/><D66/><U2/><E74/><V67/><F84/><W60/><G60/><T109/><D109/><N who="3" m="42057" /><G80/><T90/><D14/><U78/><E18/><V83/><F83/><W61/><G61/><T130/><D130/><U20/><E55/><V11/><F50/><W93/><G93/><T116/><D116/><U51/><E49/><V76/><REACH who="2" step="1"/><F41/><REACH who="2" ten="250,250,240,250" step="2"/><W57/><G57/><T34/><D34/><U45/><E51/><V75/><F75/><W25/><G25/><T70/><D43/><U48/><E48/><V47/><F47/><W1/><G8/><T133/><D44/><U28/><E46/><V5/><AGARI ba="0,1" hai="5,11,15,36,37,38,59,62,67,68,71,76,81,87" machi="5" ten="30,4000,0" yaku="1,1,0,1,53,1" doraHai="95" doraHaiUra="63" who="2" fromWho="2" sc="250,-20,250,-10,240,50,250,-10" /><INIT seed="1,0,0,2,0,86" ten="230,240,290,240" oya="1" hai0="121,116,110,68,53,12,29,84,106,7,15,64,120" hai1="58,8,117,125,90,71,21,3,5,78,107,89,24" hai2="27,118,104,40,74,67,33,57,73,83,103,66,36" hai3="92,45,135,122,133,37,127,112,49,65,6,95,51"/><U69/><E117/><V23/><F118/><W0/><G122/><N who="0" m="47211" /><D116/><U19/><E107/><V132/><F33/><W4/><G112/><T87/><D106/><U130/><E130/><V97/><F132/><N who="3" m="50763" /><G65/><T39/><D39/><U47/><E125/><V18/><F83/><W99/><G127/><T91/><D110/><U85/><E58/><V9/><F40/><W52/><G37/><T108/><D108/><U72/><E72/><V43/><F43/><N who="3" m="24767" /><G92/><N who="0" m="54375" /><D29/><U105/><E105/><V79/><F36/><W80/><G80/><T14/><D7/><U26/><E78/><V56/><F79/><W111/><G0/><T34/><D34/><U115/><E115/><V50/><F74/><W82/><G82/><T25/><D25/><U17/><E47/><V129/><F27/><W13/><G13/><T96/><D96/><U16/><E26/><V54/><F97/><W81/><G81/><T20/><D87/><U46/><E46/><V109/><F73/><W11/><G11/><T94/><D94/><U119/><E119/><V76/><F9/><W123/><G123/><T102/><D102/><U70/><REACH who="1" step="1"/><E85/><REACH who="1" ten="230,230,290,240" step="2"/><V44/><F76/><W22/><G111/><T113/><D113/><U41/><E41/><V2/><F109/><W93/><G93/><T31/><D53/><U101/><E101/><V60/><F54/><W32/><G32/><T134/><D134/><U1/><E1/><V55/><F2/><W28/><G95/><T126/><D126/><U77/><E77/><V10/><F103/><W100/><G100/><T63/><D12/><U61/><E61/><V62/><F60/><RYUUKYOKU ba="0,1" sc="230,15,230,15,290,-15,240,-15" hai0="14,15,20,31,63,64,68" hai1="3,5,8,16,17,19,21,24,69,70,71,89,90" /><INIT seed="1,1,1,1,3,62" ten="245,245,275,225" oya="1" hai0="56,42,117,126,15,119,127,71,55,124,35,80,76" hai1="77,114,74,78,1,48,24,45,87,105,125,95,21" hai2="0,68,100,37,107,23,135,66,6,10,36,129,38" hai3="92,39,121,75,111,17,58,47,103,97,83,81,110"/><U31/><E114/><V19/><F135/><W25/><G121/><T98/><D35/><U12/><E1/><V40/><F129/><W59/><G75/><N who="0" m="43039" /><D15/><U13/><E105/><V60/><F40/><W82/><G39/><T29/><D29/><U2/><E2/><V8/><F8/><W50/><G110/><T46/><D98/><U4/><E125/><V26/><REACH who="2" step="1"/><F37/><REACH who="2" ten="245,245,265,225" step="2"/><W106/><G111/><T73/><D117/><U52/><E74/><V7/><F7/><W109/><G109/><T84/><D73/><U54/><E4/><V69/><F69/><W90/><G106/><T104/><D71/><U61/><E77/><V99/><AGARI ba="1,2" hai="0,6,10,19,23,26,36,38,60,66,68,99,100,107" machi="99" ten="30,7900,0" yaku="1,1,0,1,52,1,53,1" doraHai="62" doraHaiUra="16" who="2" fromWho="2" sc="245,-21,245,-40,265,102,225,-21" /><INIT seed="2,0,0,3,2,14" ten="224,205,367,204" oya="2" hai0="80,11,97,110,66,83,41,70,35,88,26,87,59" hai1="34,0,50,132,135,23,107,44,84,115,78,74,46" hai2="55,12,112,129,71,123,81,102,77,108,128,51,25" hai3="4,85,6,72,120,56,3,61,5,133,100,68,109"/><V96/><F112/><W20/><G120/><T33/><D110/><U52/><E34/><V57/><F123/><W40/><G72/><T24/><D70/><U30/><E115/><V19/><F71/><W38/><G109/><T21/><D41/><U31/><E107/><V69/><F69/><W95/><G68/><T2/><D80/><U43/><E0/><V54/><F25/><W79/><G133/><N who="1" m="51274" /><E74/><V92/><F55/><W89/><G3/><T47/><D47/><U22/><E84/><V75/><REACH who="2" step="1"/><F108/><REACH who="2" ten="224,205,357,204" step="2"/><W121/><G121/><T93/><D24/><U99/><E52/><V98/><F98/><W39/><G40/><T1/><D66/><U126/><E99/><V17/><F17/><W114/><G114/><T103/><D59/><U119/><E43/><V117/><F117/><W27/><G100/><T32/><REACH who="0" step="1"/><D11/><AGARI ba="0,1" hai="11,12,19,51,54,57,75,77,81,92,96,102,128,129" machi="11" ten="40,3900,0" yaku="1,1,52,1,53,0" doraHai="14" doraHaiUra="116" who="2" fromWho="0" sc="224,-39,205,0,357,49,204,0" /><INIT seed="2,1,0,4,3,58" ten="185,205,406,204" oya="2" hai0="13,85,106,122,126,55,98,33,80,25,20,54,0" hai1="43,133,125,92,31,34,9,127,15,131,72,76,18" hai2="46,71,7,89,120,65,134,67,95,110,117,32,64" hai3="4,63,104,8,48,83,119,123,44,97,5,84,35"/><V52/><F120/><W1/><G119/><T114/><D0/><U124/><E43/><V50/><F117/><W82/><G35/><T107/><D122/><U61/><E72/><V87/><F32/><W36/><G123/><T62/><D114/><U99/><E76/><V57/><F134/><W94/><G36/><T2/><D2/><U79/><E79/><V105/><F105/><W17/><G5/><T111/><D126/><U115/><E115/><V74/><F74/><W113/><G113/><T10/><D33/><U26/><E133/><V24/><F110/><W93/><G104/><T47/><D111/><U135/><E135/><V37/><F7/><W68/><G17/><T60/><D106/><U21/><E34/><V132/><F24/><W66/><G84/><T56/><D98/><U19/><E131/><V70/><REACH who="2" step="1"/><F132/><REACH who="2" ten="185,205,396,204" step="2"/><W59/><G68/><T22/><D107/><U30/><E125/><V49/><F49/><W28/><G28/><T96/><D25/><U40/><E127/><V129/><F129/><W42/><REACH who="3" step="1"/><G94/><REACH who="3" ten="185,205,396,194" step="2"/><T45/><D80/><U6/><E124/><V29/><F29/><W108/><G108/><T91/><D13/><U39/><E31/><V128/><F128/><W100/><AGARI ba="1,2" hai="1,4,8,42,44,48,59,63,66,82,83,93,97,100" machi="100" ten="20,5200,0" yaku="1,1,0,1,7,1,52,1,53,0" doraHai="58" doraHaiUra="69" who="3" fromWho="3" sc="185,-14,205,-14,396,-27,194,75" /><INIT seed="3,0,0,1,3,105" ten="171,191,369,269" oya="3" hai0="10,14,71,13,78,112,16,39,11,101,83,132,80" hai1="27,45,108,123,60,114,59,63,91,33,98,40,31" hai2="48,74,58,119,106,44,122,121,70,110,127,65,120" hai3="107,96,102,97,38,95,64,61,82,109,18,0,116"/><W22/><G116/><T87/><D132/><U34/><E123/><V94/><F119/><W88/><G0/><T15/><D112/><U4/><E114/><V25/><F106/><W49/><G38/><T86/><D39/><U93/><E108/><V68/><F74/><W135/><G135/><T131/><D131/><U73/><E4/><V9/><F110/><W66/><G82/><T111/><D111/><U41/><E34/><V126/><F9/><W76/><G76/><T35/><D35/><U36/><E41/><N who="2" m="24591" /><F94/><W75/><G75/><T53/><D71/><N who="2" m="27178" /><F25/><W1/><G1/><T129/><D129/><U130/><E130/><V99/><F99/><W57/><G49/><T100/><D53/><U3/><E3/><V12/><F12/><W8/><G8/><T43/><D43/><U72/><REACH who="1" step="1"/><E63/><AGARI ba="0,0" hai="58,63,65,120,121,122,126,127" m="27178,24591" machi="63" ten="40,5200,0" yaku="13,1,34,2" doraHai="105" who="2" fromWho="1" sc="171,0,191,-52,369,52,269,0" /><INIT seed="4,0,0,5,0,113" ten="171,139,421,269" oya="0" hai0="21,94,128,7,31,6,89,98,60,8,23,101,20" hai1="133,116,59,124,115,30,109,110,82,134,119,87,16" hai2="126,18,73,77,99,84,106,90,42,51,76,25,41" hai3="108,47,117,100,10,11,112,17,38,3,45,19,80"/><T4/><D128/><U50/><E30/><V70/><F70/><W127/><G112/><T62/><D31/><U34/><E34/><V114/><F73/><W122/><G108/><N who="1" m="41578" /><E50/><V86/><F126/><W22/><G127/><T102/><REACH who="0" step="1"/><D8/><REACH who="0" ten="161,139,421,269" step="2"/><U1/><E115/><V27/><F114/><W71/><G10/><T39/><D39/><U93/><E124/><V40/><F27/><W92/><G38/><T49/><D49/><U56/><E1/><V64/><F51/><W69/><G3/><T74/><D74/><U24/><E24/><V123/><F25/><W91/><G11/><T52/><D52/><U96/><E16/><V33/><F42/><W65/><G17/><T61/><AGARI ba="0,1" hai="4,6,7,20,21,23,60,61,62,89,94,98,101,102" machi="61" ten="40,12000,1" yaku="1,1,0,1,29,2,8,1,53,0" doraHai="113" doraHaiUra="121" who="0" fromWho="0" sc="161,130,139,-40,421,-40,269,-40" /><INIT seed="4,1,0,1,1,108" ten="291,99,381,229" oya="0" hai0="71,126,3,94,55,111,133,56,50,1,40,116,97" hai1="70,22,114,90,36,117,38,135,42,84,37,58,81" hai2="72,103,80,118,4,95,69,28,18,8,17,45,78" hai3="27,62,132,64,7,43,10,39,19,67,65,123,120"/><T29/><D116/><U119/><E70/><V12/><F69/><W102/><G102/><T109/><D71/><U44/><E135/><V0/><F118/><W131/><G132/><T127/><D133/><U134/><E134/><V61/><F28/><W130/><G62/><T87/><D87/><U100/><E119/><V52/><F17/><W107/><G107/><T74/><D40/><U54/><E117/><V115/><F115/><W11/><G27/><T31/><D74/><U122/><E122/><N who="3" m="46634" /><G19/><T33/><D33/><U68/><E68/><V96/><F61/><W75/><G75/><T85/><D85/><U63/><E100/><V79/><F79/><W129/><G7/><T101/><D31/><U110/><E110/><N who="0" m="41993" /><D29/><U9/><E9/><N who="3" m="3082" /><G43/><T25/><D25/><U66/><E22/><V6/><F0/><AGARI ba="1,0" hai="0,1,3,50,55,56,94,97,101,126,127" m="41993" machi="0" ten="30,1500,0" yaku="10,1" doraHai="108" who="0" fromWho="2" sc="291,18,99,0,381,-18,229,0" /><INIT seed="4,2,0,0,3,85" ten="309,99,363,229" oya="0" hai0="46,4,3,101,120,77,93,88,28,98,114,56,1" hai1="112,45,10,108,19,31,16,52,110,42,11,24,104" hai2="34,81,78,50,64,130,8,82,68,124,134,107,13" hai3="118,51,25,99,22,90,84,53,23,41,32,92,49"/><T121/><D114/><U87/><E104/><V123/><F123/><W40/><G118/><T117/><D117/><U67/><E112/><V69/><F107/><W76/><G32/><T0/><D4/><U20/><E67/><V113/><F64/><W15/><G15/><T43/><D77/><U133/><E133/><V57/><F34/><W55/><G22/><T131/><D131/><U97/><E97/><V86/><F113/><W128/><G128/><T21/><D56/><U44/><E42/><V33/><F33/><W119/><G119/><T36/><REACH who="0" step="1"/><D101/><REACH who="0" ten="299,99,363,229" step="2"/><U126/><E110/><V29/><F130/><W65/><G76/><T72/><D72/><U30/><E108/><V58/><F78/><W48/><G65/><T83/><D83/><U135/><E135/><V12/><F58/><W95/><G41/><T111/><D111/><U109/><E109/><V59/><F57/><W73/><G73/><T54/><D54/><U74/><E52/><N who="3" m="20042" /><G40/><T35/><D35/><U103/><E74/><V39/><F59/><W37/><G37/><T132/><D132/><U94/><E45/><V80/><F39/><W9/><G49/><T27/><AGARI ba="2,1" hai="0,1,3,21,27,28,36,43,46,88,93,98,120,121" machi="27" ten="40,12000,1" yaku="1,1,0,1,52,1,54,1,53,0" doraHai="85" doraHaiUra="102" who="0" fromWho="0" sc="299,136,99,-42,363,-42,229,-42" /><INIT seed="4,3,0,2,4,59" ten="435,57,321,187" oya="0" hai0="129,64,41,5,11,6,125,16,53,2,68,88,61" hai1="110,58,112,39,98,87,99,89,28,52,127,63,26" hai2="32,120,84,77,130,72,74,111,100,31,107,21,40" hai3="122,69,45,62,37,51,75,12,95,30,3,65,83"/><T106/><D106/><U70/><E110/><V55/><F111/><W43/><G122/><T71/><D125/><U114/><E127/><V49/><F120/><W109/><G109/><T76/><D129/><U79/><E39/><V4/><F32/><W101/><G3/><T126/><D126/><U36/><E36/><V14/><F40/><W0/><G0/><T124/><D124/><U20/><E70/><V123/><F100/><W35/><G12/><N who="0" m="7199" /><D68/><U56/><E79/><V80/><F107/><W128/><G128/><T81/><D71/><U22/><E22/><V108/><F108/><W117/><G117/><T131/><D2/><U96/><REACH who="1" step="1"/><E58/><REACH who="1" ten="435,47,321,187" step="2"/><V54/><F123/><W46/><G37/><T18/><D131/><U1/><E1/><V102/><F21/><W13/><G35/><T47/><D76/><U9/><E9/><V66/><F77/><W86/><G69/><T57/><D18/><U119/><E119/><V78/><F78/><W82/><G75/><T113/><D113/><U29/><E29/><V134/><F31/><W85/><G30/><T48/><D64/><U115/><E115/><V23/><F66/><W19/><G65/><T38/><D38/><U15/><E15/><V90/><F14/><W60/><G13/><T50/><D50/><U94/><AGARI ba="3,1" hai="20,26,28,52,56,63,87,89,94,96,98,99,112,114" machi="94" ten="30,12000,2" yaku="1,1,0,1,52,1,54,1,53,3" doraHai="59" doraHaiUra="93" who="1" fromWho="1" sc="435,-63,47,139,321,-33,187,-33" /><INIT seed="5,0,0,2,4,31" ten="372,186,288,154" oya="1" hai0="124,6,30,94,2,92,27,128,111,37,51,57,79" hai1="96,126,4,83,23,46,105,15,32,59,113,60,115" hai2="40,63,108,69,68,122,135,58,11,38,47,90,84" hai3="1,25,89,0,18,49,86,35,34,10,52,74,13"/><U64/><E126/><V48/><F108/><W132/><G74/><T21/><D37/><U62/><E83/><V43/><F122/><W9/><G132/><T114/><D111/><U67/><E46/><V24/><F135/><W56/><G25/><T5/><D124/><U76/><E76/><V112/><F43/><W123/><G123/><T101/><D128/><U54/><E32/><V98/><F112/><W3/><REACH who="3" step="1"/><G9/><REACH who="3" ten="372,186,288,144" step="2"/><T106/><D27/><U102/><E115/><V45/><F24/><W71/><G71/><T133/><D114/><U118/><E113/><V41/><F11/><W66/><G66/><T39/><D133/><U70/><E118/><V88/><F69/><W55/><G55/><T80/><D30/><U97/><E67/><V110/><F68/><W73/><G73/><T117/><D117/><U82/><E64/><V91/><F110/><W44/><G44/><T131/><D131/><U103/><E70/><V65/><REACH who="2" step="1"/><F98/><REACH who="2" ten="372,186,278,144" step="2"/><W28/><G28/><T134/><D134/><U75/><E97/><V100/><F100/><W125/><G125/><T81/><D101/><U7/><E103/><V127/><F127/><W20/><G20/><T95/><D21/><U29/><E29/><V116/><F116/><W17/><G17/><T36/><D6/><U120/><E120/><V87/><AGARI ba="0,2" hai="38,40,41,45,47,48,58,63,65,84,87,88,90,91" machi="87" ten="30,4000,0" yaku="1,1,0,1,54,1,53,0" doraHai="31" doraHaiUra="129" who="2" fromWho="2" sc="372,-10,186,-20,278,60,144,-10" /><INIT seed="6,0,0,1,2,43" ten="362,166,338,134" oya="2" hai0="58,74,103,68,113,9,70,96,53,81,100,90,126" hai1="89,118,99,52,2,131,104,121,29,101,38,91,135" hai2="45,3,97,93,87,129,50,132,85,88,6,14,119" hai3="116,109,84,72,128,24,95,102,19,51,0,80,69"/><V13/><F119/><W40/><G109/><T5/><D113/><U48/><E118/><V73/><F73/><W17/><G116/><T11/><D126/><U83/><E38/><V55/><F132/><W26/><G72/><T117/><D117/><U133/><E2/><V27/><F129/><W86/><G69/><T32/><D32/><U59/><E131/><V1/><F1/><W82/><G0/><T123/><D123/><U57/><E121/><V127/><F127/><W64/><G64/><T114/><D114/><U56/><E29/><V78/><F3/><W134/><G128/><T94/><D68/><U76/><E76/><V106/><F106/><W77/><G134/><N who="1" m="51210" /><E83/><N who="2" m="47351" /><F97/><W112/><G112/><T28/><D70/><U36/><E36/><V44/><F27/><N who="3" m="10283" /><G95/><T37/><D28/><U105/><E105/><V75/><F75/><W15/><G102/><T79/><D37/><U63/><E63/><V67/><F67/><W7/><G82/><T66/><D66/><U46/><AGARI ba="0,0" hai="46,48,52,56,57,59,89,91,99,101,104" m="51210" machi="46" ten="30,4000,0" yaku="20,1,52,1,54,1" doraHai="43" who="1" fromWho="1" sc="362,-10,166,40,338,-20,134,-10" /><INIT seed="7,0,0,4,2,79" ten="352,206,318,124" oya="3" hai0="2,80,33,56,44,100,121,60,71,76,89,102,65" hai1="34,78,24,127,26,15,104,0,4,113,55,118,131" hai2="105,10,96,106,91,84,17,68,122,128,52,126,37" hai3="12,124,98,3,40,48,19,107,129,39,45,5,6"/><W112/><G129/><T36/><D121/><U115/><E104/><V108/><F108/><W1/><G124/><T77/><D33/><U85/><E0/><V66/><F37/><W38/><G112/><N who="1" m="43082" /><E118/><V101/><F126/><W70/><G70/><T31/><D31/><U135/><E135/><V90/><F128/><W51/><G1/><T14/><D89/><U134/><E134/><V111/><F111/><W95/><G107/><T94/><D77/><U27/><E131/><V16/><F106/><W58/><G3/><T41/><D2/><U23/><E34/><V13/><F91/><N who="3" m="55679" /><G38/><T46/><D46/><U53/><E127/><V28/><F28/><W93/><G93/><T21/><D94/><U97/><E97/><V123/><F17/><W92/><G39/><T47/><D47/><U50/><E50/><V9/><F9/><N who="3" m="6543" /><G92/><T25/><D14/><U69/><E69/><V82/><REACH who="2" step="1"/><F52/><AGARI ba="0,0" hai="5,6,40,45,48,51,52,58" m="6543,55679" machi="52" ten="30,2900,0" yaku="8,1,54,1" doraHai="79" who="3" fromWho="2" sc="352,0,206,0,318,-29,124,29" /><INIT seed="7,1,0,2,1,30" ten="352,206,289,153" oya="3" hai0="113,4,19,2,125,72,81,41,33,34,48,57,128" hai1="17,43,21,5,45,70,78,58,59,60,130,42,71" hai2="55,6,51,68,108,37,107,80,44,124,1,92,25" hai3="120,75,132,134,93,52,83,119,103,32,115,12,3"/><W98/><G120/><T73/><D19/><U116/><E5/><V56/><F107/><W28/><G3/><T118/><D57/><U106/><E106/><V133/><F6/><W23/><G119/><T62/><D48/><U22/><E116/><V111/><F1/><W105/><G115/><T131/><D118/><U121/><E121/><V99/><F124/><W18/><G105/><T95/><D113/><U114/><E130/><N who="0" m="49705" /><D125/><U100/><E100/><V86/><F133/><W65/><G65/><T101/><D62/><U0/><E0/><V40/><F68/><W123/><G123/><T16/><D16/><U47/><E17/><V10/><F10/><W129/><G129/><T90/><D41/><U14/><E60/><V35/><F92/><W126/><G126/><T53/><D53/><U20/><E20/><V104/><F99/><W79/><REACH who="3" step="1"/><G52/><REACH who="3" ten="352,206,289,143" step="2"/><T29/><D2/><U66/><E66/><V54/><F104/><W15/><G15/><T26/><D26/><AGARI ba="1,1" hai="12,18,23,26,28,32,75,79,83,93,98,103,132,134" machi="26" ten="40,7700,0" yaku="1,1,52,1,53,1" doraHai="30" doraHaiUra="31" who="3" fromWho="0" sc="352,-80,206,0,289,0,143,90" /><INIT seed="7,2,0,5,0,30" ten="272,206,289,233" oya="3" hai0="54,126,98,94,6,26,24,4,59,77,58,65,61" hai1="69,92,17,3,82,27,134,11,40,117,102,9,103" hai2="111,125,99,91,46,119,129,118,93,70,88,1,84" hai3="48,68,19,133,49,79,34,16,85,36,112,83,13"/><W57/><G68/><T12/><D77/><U20/><E134/><V109/><F70/><W51/><G36/><T115/><D126/><U0/><E117/><N who="2" m="44555" /><F46/><W60/><G133/><T22/><D115/><U110/><E110/><N who="2" m="41995" /><F1/><W44/><G34/><T86/><D86/><U116/><E116/><V128/><F125/><W55/><G112/><T78/><D78/><U114/><E114/><V95/><AGARI ba="2,0" hai="84,88,91,93,95,99,128,129" m="41995,44555" machi="95" ten="40,5200,0" yaku="34,2,54,1" doraHai="30" who="2" fromWho="2" sc="272,-15,206,-15,289,58,233,-28" owari="257,6.0,191,-31.0,347,44.0,205,-19.0" /></mjloggm>