<mjloggm ver="2.3"><GO type="169" lobby="0"/><UN n0="%E3%82%A6%E3%83%AB%E3%83%88%E3%83%A9%E7%AB%8B%E7%9B%B4" n1="%E4%BB%B2%E5%B7%9D%E7%BF%94" n2="%68%6F%73%69%67%61%6D%69" n3="%52%65%EF%BC%9B" dan="18,16,16,16" rate="2190.59,2089.38,2097.70,2051.52" sx="M,M,M,M"/><TAIKYOKU oya="0"/><INIT seed="0,0,0,2,0,65" ten="250,250,250,250" oya="0" hai0="80,84,9,121,101,125,123,19,55,54,119,73,60" hai1="70,67,77,96,58,26,124,44,106,98,17,111,113" hai2="69,115,50,15,85,56,79,13,78,133,112,83,110" hai3="45,88,29,93,135,27,31,20,95,94,130,63,92"/><T87/><D119/><U74/><E111/><V71/><F110/><W42/><G135/><T0/><D125/><U52/><E124/><V68/><F133/><W134/><G134/><T117/><D117/><U127/><E127/><V21/><F78/><W116/><G116/><T72/><D101/><U23/><E113/><V25/><F13/><W30/><G63/><T99/><D99/><U109/><E109/><V81/><F15/><W122/><G130/><T75/><D19/><U105/><E77/><V28/><REACH who="2" step="1"/><F83/><REACH who="2" ten="250,250,240,250" step="2"/><W100/><G122/><T57/><D80/><U2/><E2/><V49/><F49/><N who="3" m="26807" /><G100/><T37/><D37/><U1/><E1/><V12/><F12/><W16/><G95/><T82/><D82/><U6/><E106/><V59/><F59/><W24/><G24/><T22/><D123/><U118/><E105/><V46/><F46/><W103/><G103/><T120/><D121/><U129/><E44/><V43/><F43/><W104/><G104/><T48/><D120/><U131/><E118/><V107/><F107/><W32/><G32/><T18/><D0/><U33/><E33/><V41/><F41/><W128/><G128/><T4/><D4/><U34/><E34/><V39/><F39/><W108/><G108/><T114/><D114/><U91/><E6/><V132/><F132/><W97/><AGARI ba="0,1" hai="16,20,27,29,30,31,88,92,93,94,97" m="26807" machi="97" ten="30,4000,0" yaku="8,1,54,2" doraHai="65" who="3" fromWho="3" sc="250,-20,250,-10,240,-10,250,50" /><INIT seed="1,0,0,1,5,35" ten="230,240,230,300" oya="1" hai0="78,19,53,23,38,30,91,81,126,47,108,68,77" hai1="1,131,64,65,6,97,92,43,113,66,128,26,110" hai2="61,124,60,106,83,123,69,112,15,51,54,100,84" hai3="5,55,67,21,109,129,74,58,40,132,120,96,28"/><U88/><E113/><V105/><F123/><W116/><G109/><T18/><D68/><U41/><E110/><V90/><F112/><W125/><G120/><T7/><D108/><U119/><E26/><V22/><F124/><W44/><G74/><T24/><D126/><U133/><E133/><V57/><F100/><W27/><G129/><N who="1" m="49738" /><E119/><V89/><F89/><W56/><G67/><T134/><D134/><U130/><E130/><V4/><F69/><W122/><G122/><T127/><D127/><U103/><E103/><V76/><F90/><W45/><G5/><T0/><D91/><U118/><E118/><V59/><F51/><N who="3" m="27015" /><G132/><T46/><D77/><U86/><E86/><V34/><F34/><W72/><G72/><T94/><D94/><U20/><E20/><V71/><F71/><W12/><G96/><T11/><D47/><U52/><E52/><V14/><F14/><W87/><G12/><T36/><D53/><U117/><E117/><V111/><F111/><W85/><G45/><T70/><D70/><U49/><E49/><V13/><F13/><W42/><G55/><T16/><REACH who="0" step="1"/><D46/><REACH who="0" ten="220,240,230,300" step="2"/><U9/><AGARI ba="0,1" hai="1,6,9,41,43,64,65,66,88,92,97" m="49738" machi="9" ten="40,7800,0" yaku="19,1,52,1,54,1" doraHai="35" who="1" fromWho="1" sc="220,-26,240,88,230,-26,300,-26" /><INIT seed="1,1,0,2,3,2" ten="194,328,204,274" oya="1" hai0="26,81,63,98,126,117,6,32,79,105,111,22,127" hai1="14,60,87,61,132,114,56,93,100,128,31,20,68" hai2="48,112,33,108,84,42,24,74,72,92,73,95,86" hai3="30,28,11,40,5,71,16,123,43,39,135,122,35"/><U50/><E114/><V47/><F112/><W102/><G71/><T45/><D32/><U99/><E128/><V29/><REACH who="2" step="1"/><F108/><REACH who="2" ten="194,328,194,274" step="2"/><W107/><G123/><T118/><D111/><U15/><E132/><V75/><N who="2" m="18432" /><DORA hai="106" /><V10/><F10/><W119/><G135/><T17/><D118/><U53/><E68/><V44/><F44/><W9/><G9/><T36/><D45/><U110/><E110/><V19/><F19/><W88/><G16/><T76/><D17/><U116/><E116/><V78/><F78/><W55/><G119/><T62/><D79/><U46/><E46/><V34/><F34/><W90/><G35/><T96/><D76/><U97/><E20/><V49/><F49/><W4/><G11/><T104/><D22/><U70/><E70/><V1/><F1/><W59/><G122/><T80/><D117/><U18/><E18/><V101/><F101/><W54/><G102/><T7/><REACH who="0" step="1"/><D26/><REACH who="0" ten="184,328,194,274" step="2"/><U51/><E100/><V3/><F3/><W0/><G0/><T115/><D115/><U57/><E15/><V8/><F8/><W41/><G39/><AGARI ba="1,2" hai="6,7,36,39,62,63,80,81,96,98,104,105,126,127" machi="39" ten="25,8000,1" yaku="1,1,22,2,52,2,53,0" doraHai="2,106" doraHaiUra="38,109" who="0" fromWho="3" sc="184,103,328,0,194,0,274,-83" /><INIT seed="2,0,0,5,1,97" ten="287,328,194,191" oya="2" hai0="82,129,34,25,123,11,36,23,7,125,106,55,102" hai1="135,107,41,17,30,13,42,127,85,62,126,99,26" hai2="48,31,108,58,121,115,67,94,47,28,45,101,111" hai3="66,104,130,132,103,68,65,51,14,81,64,73,70"/><V84/><F115/><W56/><G132/><T12/><D123/><U29/><E135/><V53/><F121/><W87/><G130/><T74/><D36/><U61/><E30/><N who="2" m="11307" /><F67/><W39/><G39/><T18/><D129/><U4/><E4/><V38/><F38/><W52/><G73/><T122/><D122/><U120/><E120/><V49/><F49/><W54/><G14/><T83/><D125/><U119/><E62/><V19/><F19/><W16/><G16/><T63/><D34/><U71/><E61/><V128/><F128/><W76/><REACH who="3" step="1"/><G54/><REACH who="3" ten="287,328,194,181" step="2"/><T33/><D74/><U90/><E17/><V134/><F134/><W32/><G32/><T80/><D33/><U57/><E29/><V124/><F124/><W50/><G50/><T3/><D55/><U92/><E127/><V95/><F53/><W21/><G21/><T133/><D133/><U105/><E126/><V43/><F48/><W89/><G89/><T5/><D63/><U37/><E37/><V116/><F116/><W118/><G118/><T8/><D18/><U35/><E119/><V2/><F2/><W10/><G10/><T15/><D3/><U96/><E35/><V110/><F43/><W9/><G9/><T86/><D23/><U78/><E41/><V44/><F111/><W117/><G117/><T98/><D25/><U46/><E42/><V114/><F110/><W77/><G77/><AGARI ba="0,1" hai="5,7,8,11,12,15,77,80,82,83,86,98,102,106" machi="77" ten="30,3900,0" yaku="7,1,9,1,52,1" doraHai="97" who="0" fromWho="3" sc="287,49,328,0,194,0,181,-39" /><INIT seed="3,0,0,0,4,59" ten="336,328,194,142" oya="3" hai0="16,29,50,1,22,73,125,77,28,52,112,3,135" hai1="98,74,63,5,117,48,14,7,99,30,38,69,107" hai2="51,72,58,127,21,102,106,0,37,46,111,41,91" hai3="116,96,56,6,71,4,61,36,40,75,133,83,17"/><W132/><G116/><T34/><D77/><U89/><E38/><V9/><F72/><W84/><G75/><T42/><D42/><U130/><E74/><V55/><F111/><W93/><G71/><T60/><D73/><U44/><E130/><V10/><F127/><W8/><G17/><T100/><D100/><U57/><E69/><V47/><F0/><W76/><G40/><T104/><D104/><U67/><E30/><N who="0" m="11881" /><D34/><U35/><E35/><V126/><F126/><W62/><G56/><N who="0" m="34823" /><D125/><U115/><E107/><V12/><F102/><N who="3" m="60687" /><G36/><T85/><D1/><U103/><E103/><V26/><F106/><W43/><G43/><T18/><D3/><U68/><E68/><V32/><F32/><W15/><G6/><T11/><D112/><U24/><E115/><V79/><F79/><W54/><G54/><T82/><D135/><AGARI ba="0,0" hai="4,8,15,61,62,76,83,84,132,133,135" m="60687" machi="135" ten="30,5800,0" yaku="20,1,52,2" doraHai="59" who="3" fromWho="0" sc="336,-58,328,0,194,0,142,58" /><INIT seed="3,1,0,3,0,118" ten="278,328,194,200" oya="3" hai0="77,35,49,113,1,50,107,66,7,64,133,89,45" hai1="30,117,31,40,59,100,123,103,122,17,14,101,96" hai2="43,62,0,73,80,99,19,92,2,54,104,82,87" hai3="74,129,24,12,20,94,125,9,48,32,25,78,18"/><W8/><G125/><T69/><D35/><U29/><E117/><V85/><F73/><W53/><G129/><T16/><D107/><U121/><E40/><V4/><F104/><W132/><G132/><T79/><D1/><U57/><E96/><V114/><F114/><W42/><G42/><T97/><D7/><U98/><E98/><V112/><F112/><W75/><G75/><T131/><D69/><U41/><E41/><V65/><F43/><W110/><G110/><T38/><D38/><U23/><AGARI ba="1,0" hai="14,17,23,29,30,31,57,59,100,101,103,121,122,123" machi="23" ten="40,12000,2" yaku="0,1,29,2,52,3" doraHai="118" who="1" fromWho="1" sc="278,-31,328,123,194,-31,200,-61" /><INIT seed="4,0,0,3,5,54" ten="247,451,163,139" oya="0" hai0="34,2,45,81,57,71,33,18,44,119,62,72,65" hai1="75,93,96,94,113,0,67,15,50,102,90,40,98" hai2="8,39,5,11,29,32,19,130,133,51,126,89,25" hai3="79,13,24,41,1,3,122,30,104,12,46,115,132"/><T88/><D2/><U91/><E0/><V129/><F39/><W21/><G115/><T101/><D119/><U85/><E75/><V74/><F74/><W87/><G132/><T20/><D101/><U117/><E113/><V31/><F51/><W86/><G104/><T4/><D4/><U106/><E67/><V92/><F89/><W55/><G55/><T58/><D72/><U59/><E15/><N who="2" m="7679" /><F92/><W82/><G122/><T120/><D120/><U107/><E117/><V52/><F52/><W127/><G127/><T105/><D105/><U63/><E50/><V10/><F126/><W48/><G3/><T84/><D71/><U22/><E40/><V134/><F31/><W68/><G1/><T100/><D100/><U16/><E107/><V14/><F10/><W95/><G68/><T36/><D58/><U61/><E59/><V43/><F43/><W64/><G64/><T80/><D80/><U28/><E28/><V26/><F26/><W60/><G60/><T114/><D114/><U17/><E61/><V73/><F73/><W135/><G135/><AGARI ba="0,0" hai="5,8,14,25,29,32,129,130,133,134,135" m="7679" machi="135" ten="30,3900,0" yaku="20,1,34,2" doraHai="54" who="2" fromWho="3" sc="247,0,451,0,163,39,139,-39" /><INIT seed="5,0,0,5,0,5" ten="247,451,202,100" oya="1" hai0="25,128,108,69,115,0,73,84,64,134,17,1,113" hai1="63,16,18,110,98,39,94,45,114,80,121,38,86" hai2="89,62,96,27,8,77,112,14,93,124,15,46,78" hai3="82,91,106,19,130,61,37,65,133,23,47,53,92"/><U67/><E114/><V83/><F112/><W51/><G133/><T30/><D84/><U119/><E121/><V32/><F124/><W125/><G130/><T120/><D17/><U118/><E110/><V135/><F135/><W13/><G125/><T117/><D25/><U102/><E38/><V101/><F15/><W34/><G37/><T90/><D90/><U48/><E39/><V3/><F3/><W52/><G106/><T26/><D26/><U56/><E119/><V11/><F46/><W41/><G82/><T29/><D64/><U88/><E118/><V79/><F14/><W9/><G23/><T99/><D99/><U87/><E86/><V126/><F126/><W104/><G104/><T100/><D100/><U68/><E68/><V12/><F12/><W72/><G72/><T57/><D57/><U105/><E105/><V42/><F42/><AGARI ba="0,0" hai="16,18,42,45,48,56,63,67,80,87,88,94,98,102" machi="42" ten="30,11600,0" yaku="7,1,8,1,54,2" doraHai="5" who="1" fromWho="2" sc="247,0,451,116,202,-116,100,0" /><INIT seed="5,1,0,5,2,31" ten="247,567,86,100" oya="1" hai0="109,73,67,21,34,13,24,65,78,103,97,36,118" hai1="121,4,106,40,18,84,110,134,46,55,120,77,96" hai2="7,60,49,131,74,69,2,28,72,53,81,39,76" hai3="19,51,89,58,10,94,6,59,95,105,5,23,101"/><U52/><E134/><V33/><F39/><W62/><G105/><T3/><D36/><U71/><E71/><V27/><F131/><W20/><G101/><T82/><D3/><U30/><E4/><V93/><F93/><W83/><G83/><T64/><D109/><U14/><E30/><V47/><F7/><W70/><G70/><T63/><D13/><U17/><E17/><V125/><F2/><W12/><G6/><T122/><D118/><U123/><E77/><V26/><F125/><W127/><G127/><T9/><D9/><U112/><E112/><V32/><F26/><W87/><G95/><T0/><D0/><U75/><E75/><V68/><F68/><W128/><G128/><T11/><D11/><U22/><E84/><V15/><F15/><N who="3" m="5583" /><G51/><T1/><D1/><U98/><E98/><V41/><F72/><W16/><G62/><T135/><D135/><U56/><E56/><V85/><F74/><W130/><G130/><T126/><D126/><U86/><E86/><V91/><F76/><W111/><G111/><T35/><D122/><U25/><E14/><AGARI ba="1,0" hai="12,14,16,19,20,23,58,59,87,89,94" m="5583" machi="14" ten="30,2000,0" yaku="8,1,54,1" doraHai="31" who="3" fromWho="1" sc="247,0,567,-23,86,0,100,23" /><INIT seed="6,0,0,4,4,107" ten="247,544,86,123" oya="2" hai0="118,116,27,132,102,88,50,57,73,55,5,103,119" hai1="91,54,99,37,93,16,85,75,108,122,26,56,59" hai2="48,20,121,81,101,53,7,125,38,40,36,52,44" hai3="12,69,124,35,63,43,14,25,66,64,96,131,32"/><V106/><F121/><W100/><G43/><T109/><D109/><U15/><E37/><V2/><F125/><W114/><G35/><T126/><D126/><U1/><E1/><V128/><F128/><W74/><G74/><T105/><D132/><U49/><E75/><V92/><F106/><N who="3" m="63751" /><G66/><T111/><D111/><U45/><E122/><V87/><F53/><W135/><G124/><T19/><D73/><U4/><E4/><V11/><F20/><W39/><G135/><T51/><D105/><U23/><E108/><V79/><REACH who="2" step="1"/><F40/><REACH who="2" ten="247,544,76,123" step="2"/><W42/><G131/><T22/><D118/><U86/><E23/><V71/><F71/><W67/><G67/><T98/><D119/><U10/><E26/><V8/><F8/><W134/><G134/><T17/><D116/><U13/><E10/><V82/><F82/><W31/><G114/><T123/><D123/><U130/><E130/><V33/><F33/><W29/><G31/><T60/><D22/><U113/><E113/><V21/><F21/><W68/><G68/><T94/><D27/><U70/><E70/><V78/><F78/><W65/><G65/><T76/><D76/><U41/><E54/><V127/><F127/><W18/><G32/><T0/><D55/><U84/><E41/><V104/><F104/><W80/><G80/><T28/><D28/><U77/><E77/><V133/><F133/><W97/><G29/><T72/><D94/><U129/><E93/><V6/><F6/><W120/><G120/><T58/><D5/><U47/><E129/><V34/><F34/><W95/><G42/><T89/><D19/><RYUUKYOKU ba="0,1" sc="247,-10,544,-10,76,30,123,-10" hai2="2,7,11,36,38,44,48,52,79,81,87,92,101" /><INIT seed="6,1,1,0,2,40" ten="237,534,106,113" oya="2" hai0="106,37,54,85,93,12,19,114,80,10,82,103,49" hai1="38,69,99,27,45,65,57,58,130,76,100,26,4" hai2="79,16,33,121,119,94,108,123,72,102,24,30,113" hai3="34,9,96,116,53,25,95,83,125,135,59,73,75"/><V84/><F119/><W97/><G116/><T89/><D37/><U101/><E76/><V88/><F113/><W71/><G71/><T13/><D114/><U63/><E4/><V132/><F132/><W1/><G135/><T66/><D66/><U7/><E7/><V46/><F108/><W78/><G125/><T124/><D124/><U32/><E101/><V14/><F102/><W55/><G75/><T98/><D13/><U60/><E130/><V17/><F17/><W56/><G1/><T15/><D15/><U68/><E68/><V74/><F74/><W36/><G9/><T43/><D43/><U92/><E32/><V112/><F112/><W110/><G36/><T81/><D106/><U22/><E22/><V8/><REACH who="2" step="1"/><F46/><AGARI ba="1,1" hai="10,12,19,46,49,54,80,81,82,85,89,93,98,103" machi="46" ten="30,8000,1" yaku="7,1,25,2,8,1,52,1" doraHai="40" who="0" fromWho="2" sc="237,93,534,0,106,-83,113,0" /><INIT seed="7,0,0,0,2,111" ten="330,534,23,113" oya="3" hai0="76,81,28,55,57,84,53,70,130,78,35,48,110" hai1="3,4,10,85,41,128,69,117,88,37,7,62,36" hai2="123,106,20,109,67,124,102,54,27,11,94,16,61" hai3="126,132,30,99,100,71,119,21,121,43,44,96,101"/><W118/><G121/><T103/><D70/><U86/><E128/><V93/><F109/><W22/><G71/><T24/><D130/><U113/><E113/><V38/><F38/><W92/><G126/><T5/><D110/><U80/><E41/><V108/><F108/><W17/><G30/><T14/><D103/><U1/><E117/><V26/><F124/><W49/><G132/><T105/><D105/><U2/><E2/><V8/><F123/><W60/><G60/><T68/><D68/><U9/><E86/><V97/><F54/><W42/><G42/><T79/><D55/><U56/><E56/><V129/><F129/><W51/><G51/><T122/><D122/><U19/><E19/><V63/><F63/><W34/><G22/><T15/><D5/><U120/><E120/><V23/><F93/><W112/><G34/><T40/><D40/><U133/><E133/><V131/><F106/><W104/><G112/><T115/><D115/><U46/><E46/><V13/><F131/><W107/><G92/><T114/><D114/><U72/><E72/><V83/><F83/><W98/><G98/><T134/><D134/><U73/><E73/><V52/><F67/><AGARI ba="0,0" hai="1,3,4,7,9,10,36,37,62,67,69,80,85,88" machi="67" ten="40,2600,0" yaku="9,1,54,1" doraHai="111" who="1" fromWho="2" sc="330,0,534,26,23,-26,113,0" owari="330,13.0,560,66.0,-3,-50.0,113,-29.0" /></mjloggm>