<mjloggm ver="2.3"><GO type="169" lobby="0"/><UN n0="%E3%82%A6%E3%83%AB%E3%83%88%E3%83%A9%E7%AB%8B%E7%9B%B4" n1="%73%68%61%74%69%61%6E%61" n2="%E3%83%8A%E3%82%AB%E3%83%9E%E3%82%B9%E3%83%86%E3%82%A3%E3%83%95" n3="%E3%83%AA%E3%83%AA%E3%82%A2%E3%83%BC%E3%83%8C" dan="17,17,16,18" rate="2190.72,2166.39,2079.75,2236.81" sx="M,F,M,F"/><TAIKYOKU oya="0"/><INIT seed="0,0,0,5,2,117" ten="250,250,250,250" oya="0" hai0="44,76,77,2,65,86,1,33,51,59,26,133,123" hai1="42,85,92,69,64,0,45,118,19,41,127,129,10" hai2="98,39,40,48,131,84,83,114,72,115,34,107,95" hai3="18,70,87,94,82,8,49,91,5,27,132,37,109"/><T124/><D124/><U113/><E118/><V36/><F131/><W62/><G37/><T30/><D133/><U47/><E129/><V112/><F34/><W21/><G132/><T74/><D74/><U14/><E127/><V99/><F72/><W43/><G109/><T101/><D101/><U100/><E0/><V105/><F48/><W4/><G70/><T35/><D35/><U88/><E113/><V119/><F119/><W96/><G62/><T58/><D123/><U134/><E134/><V106/><F40/><N who="1" m="15465" /><E69/><V15/><F15/><W53/><G43/><T125/><D125/><U78/><E64/><V122/><F122/><W79/><REACH who="3" step="1"/><G8/><REACH who="3" ten="250,250,250,240" step="2"/><T63/><D63/><U97/><E78/><N who="2" m="46199" /><F36/><W120/><G120/><T66/><D76/><U128/><E128/><V24/><F39/><W20/><G20/><T56/><D66/><U135/><E135/><V22/><F22/><W3/><G3/><T6/><D65/><U31/><E31/><V38/><F38/><W67/><G67/><T28/><D28/><U7/><E7/><V68/><F68/><W116/><G116/><T121/><D6/><U23/><E23/><V90/><F24/><W9/><G9/><T46/><D121/><U102/><E102/><AGARI ba="0,1" hai="90,95,98,99,102,105,106,107,112,114,115" m="46199" machi="102" ten="30,2000,0" yaku="34,2" doraHai="117" who="2" fromWho="1" sc="250,0,250,-20,250,30,240,0" /><INIT seed="1,0,0,4,1,38" ten="250,230,280,240" oya="1" hai0="125,23,48,28,115,32,99,96,72,65,66,82,6" hai1="87,116,21,71,107,7,77,54,27,63,73,11,113" hai2="25,120,95,3,88,42,29,76,97,19,127,46,14" hai3="24,86,130,84,4,51,53,134,35,56,126,67,70"/><U106/><E113/><V43/><F3/><W10/><G134/><T12/><D115/><U102/><E116/><V33/><F120/><W17/><G130/><T128/><D128/><U129/><E129/><V90/><F127/><W101/><G126/><T13/><D125/><U59/><E73/><V20/><F76/><W119/><G119/><T122/><D122/><U131/><E131/><V104/><F104/><W55/><G101/><T118/><D118/><U81/><E71/><V0/><F0/><W103/><G103/><T40/><D32/><U9/><E102/><V30/><F30/><W124/><G124/><T45/><D82/><U8/><REACH who="1" step="1"/><E7/><REACH who="1" ten="250,220,280,240" step="2"/><V75/><F75/><W85/><G70/><T123/><D72/><U41/><E41/><V121/><F121/><W36/><G4/><T47/><D123/><U52/><E52/><V60/><F42/><W93/><G55/><T34/><D6/><U62/><E62/><V49/><F60/><W1/><G53/><T5/><D5/><U80/><E80/><V79/><F79/><W39/><G1/><T133/><D40/><U31/><AGARI ba="0,1" hai="8,9,11,21,27,31,54,59,63,77,81,87,106,107" machi="31" ten="30,3000,0" yaku="1,1,0,1,53,0" doraHai="38" doraHaiUra="92" who="1" fromWho="1" sc="250,-10,220,40,280,-10,240,-10" /><INIT seed="1,1,0,5,4,102" ten="240,260,270,230" oya="1" hai0="36,63,105,42,122,3,39,14,66,84,35,98,15" hai1="133,12,74,29,40,52,4,124,95,81,23,103,46" hai2="89,97,93,38,87,18,129,37,91,34,70,25,53" hai3="120,118,85,58,101,104,31,94,30,111,115,7,57"/><U21/><E133/><V17/><F70/><W32/><G120/><T80/><D3/><U119/><E119/><V13/><F129/><W44/><G118/><T71/><D122/><U116/><E116/><V62/><F34/><W1/><G115/><T132/><D132/><U47/><E124/><V65/><F65/><W134/><G134/><T11/><D35/><U49/><E74/><V16/><F25/><W90/><G111/><T72/><D72/><U5/><E81/><V107/><F107/><W24/><G31/><T28/><D28/><U64/><E64/><V125/><F125/><W69/><G69/><T54/><D54/><U41/><E29/><V56/><REACH who="2" step="1"/><F13/><REACH who="2" ten="240,260,260,230" step="2"/><W0/><G0/><T79/><D15/><U22/><E12/><V6/><F6/><W68/><G68/><T88/><D42/><U27/><E27/><V43/><F43/><W78/><G7/><T126/><D126/><U55/><E55/><V113/><F113/><W100/><G1/><T96/><D14/><U123/><E123/><V127/><F127/><W51/><G104/><T110/><D110/><U10/><E10/><V48/><F48/><W77/><G51/><T67/><D11/><U83/><E41/><V26/><F26/><W109/><G109/><T82/><D67/><U135/><E135/><V86/><F86/><W114/><G114/><T9/><D9/><U75/><E40/><V19/><F19/><W50/><G50/><T45/><D105/><U128/><E128/><V33/><F33/><W60/><G32/><T59/><D66/><U73/><E5/><V99/><F99/><RYUUKYOKU ba="1,1" sc="240,-10,260,-10,260,30,230,-10" hai2="16,17,18,37,38,53,56,62,87,89,91,93,97" /><INIT seed="2,2,1,2,3,7" ten="230,250,290,220" oya="2" hai0="40,56,52,107,51,74,78,94,1,92,28,6,71" hai1="69,90,11,122,14,77,63,93,119,83,36,22,105" hai2="108,82,20,134,62,61,53,102,60,45,68,32,86" hai3="34,44,73,132,95,0,130,48,59,89,46,9,103"/><V2/><F32/><W57/><G34/><T131/><D107/><U91/><E119/><V123/><F123/><W117/><G117/><T58/><D71/><U15/><E36/><V3/><F134/><W27/><G132/><T114/><D114/><U25/><E105/><V135/><F135/><W39/><G73/><T128/><D28/><U121/><E69/><V75/><F75/><W49/><G103/><T99/><D40/><U126/><E63/><V5/><F20/><W37/><G27/><T125/><D125/><U72/><E126/><V112/><F102/><W41/><G130/><N who="0" m="49707" /><D58/><U24/><E15/><V10/><F68/><W19/><G39/><T66/><D66/><U8/><E25/><V110/><F112/><W104/><G104/><T124/><D124/><U81/><E81/><V64/><F3/><W118/><G118/><T115/><D99/><U70/><E70/><V23/><F23/><W106/><G106/><T84/><D74/><U17/><E91/><V31/><F31/><W4/><G19/><T33/><D33/><U18/><REACH who="1" step="1"/><E11/><REACH who="1" ten="230,240,290,220" step="2"/><V29/><F64/><W88/><G37/><T13/><D115/><U87/><AGARI ba="2,2" hai="8,14,17,18,22,24,72,77,83,87,90,93,121,122" machi="87" ten="30,7900,0" yaku="1,1,2,1,0,1,52,1,53,0" doraHai="7" doraHaiUra="67" who="1" fromWho="1" sc="230,-22,240,105,290,-41,220,-22" /><INIT seed="3,0,0,1,1,78" ten="208,345,249,198" oya="3" hai0="70,27,120,62,96,65,14,61,52,98,3,36,82" hai1="59,68,99,71,49,118,51,26,107,103,32,58,104" hai2="72,131,92,88,109,95,81,16,8,97,73,28,69" hai3="66,123,132,9,6,67,21,84,102,46,39,130,124"/><W74/><G74/><T5/><D120/><U94/><E118/><V87/><F69/><W40/><G123/><T19/><D36/><U115/><E115/><V121/><F121/><W112/><G112/><T86/><D27/><U110/><E110/><V122/><F122/><W1/><G132/><T34/><D34/><U11/><E11/><V116/><F116/><W77/><G124/><T33/><D33/><U126/><E126/><V15/><F28/><W20/><G130/><T127/><D127/><U42/><E94/><V105/><F131/><W7/><G7/><T44/><D5/><U119/><E119/><V4/><F109/><W60/><G102/><T100/><D100/><U79/><E79/><V108/><F108/><W17/><G17/><T22/><D3/><U64/><E103/><V114/><F114/><W135/><G135/><T63/><D65/><U24/><E64/><V45/><F95/><W90/><G77/><N who="0" m="46415" /><D70/><U129/><E129/><V38/><F105/><W106/><G106/><T125/><D125/><U56/><E32/><V13/><F38/><W91/><G67/><T93/><D93/><U2/><E2/><V128/><F128/><W83/><REACH who="3" step="1"/><G91/><REACH who="3" ten="208,345,249,188" step="2"/><T23/><D23/><U55/><E107/><V43/><F72/><W133/><G133/><T35/><D35/><U54/><E104/><V101/><F73/><W75/><G75/><T53/><D22/><U31/><E31/><V41/><F16/><W57/><AGARI ba="0,1" hai="1,6,9,20,21,39,40,46,57,60,66,83,84,90" machi="57" ten="20,12000,1" yaku="1,1,0,1,7,1,52,1,53,1" doraHai="78" doraHaiUra="85" who="3" fromWho="3" sc="208,-40,345,-40,249,-40,188,130" /><INIT seed="3,1,0,2,4,128" ten="168,305,209,318" oya="3" hai0="39,131,30,13,20,68,9,111,91,40,117,97,126" hai1="6,14,112,11,37,66,56,125,19,12,70,80,7" hai2="134,127,95,67,83,4,110,55,41,86,53,132,73" hai3="27,104,16,26,82,3,94,133,38,120,17,22,46"/><W18/><G104/><T10/><D68/><U42/><E70/><V65/><F73/><W118/><G118/><T34/><D117/><U63/><E112/><V116/><F116/><W105/><G105/><T2/><D39/><U36/><E125/><V107/><F107/><W129/><G129/><T1/><D40/><U48/><E6/><V98/><F127/><W103/><G3/><N who="0" m="1035" /><D91/><U58/><E80/><V57/><F41/><W21/><G120/><T88/><D88/><U60/><E48/><V33/><F33/><W8/><G82/><T59/><D59/><U0/><E0/><V100/><F4/><W102/><G38/><T113/><D97/><U99/><E99/><V23/><F23/><W47/><G18/><N who="0" m="10319" /><D126/><U28/><E28/><V87/><F110/><W81/><G81/><T44/><D44/><U108/><E108/><V69/><F69/><W43/><G43/><T76/><D76/><U114/><E42/><V123/><F123/><W106/><G106/><T31/><D111/><U121/><E121/><V96/><F96/><W62/><G62/><T72/><D72/><U49/><E49/><N who="2" m="30895" /><F55/><W119/><G119/><T32/><D131/><U92/><E37/><V90/><F86/><W78/><G78/><T77/><D77/><U75/><E36/><V51/><F51/><W89/><G89/><T130/><D130/><U84/><E75/><V24/><F24/><W35/><G47/><T61/><D61/><U50/><E50/><V93/><F83/><W54/><G46/><T25/><D113/><U122/><E114/><V64/><F87/><W79/><G79/><RYUUKYOKU ba="1,0" sc="168,15,305,-15,209,15,318,-15" hai0="9,10,25,30,31,32,34" hai2="64,65,67,90,93,95,98,100,132,134" /><INIT seed="4,2,0,5,0,117" ten="183,290,224,303" oya="0" hai0="130,101,72,60,64,61,80,103,118,129,94,30,74" hai1="86,95,13,115,25,38,119,10,109,19,78,6,35" hai2="53,50,67,55,9,123,111,134,116,92,102,90,24" hai3="82,65,0,97,133,88,11,56,32,59,128,105,27"/><T52/><D118/><U41/><E119/><V91/><F116/><W81/><G133/><T17/><D30/><U58/><E109/><V23/><F111/><W112/><G112/><T124/><D124/><U15/><E38/><V18/><F67/><W120/><G128/><N who="0" m="49259" /><D17/><U5/><E41/><V37/><F37/><W84/><G32/><T43/><D43/><U107/><E107/><V48/><F134/><W75/><G27/><T71/><D80/><U2/><E115/><V100/><F9/><W62/><G75/><N who="0" m="28715" /><D94/><U87/><E35/><V93/><F18/><W76/><G82/><T33/><D33/><U21/><E6/><V99/><F23/><W46/><G81/><T42/><D42/><U31/><E31/><V70/><F24/><W79/><G105/><T12/><D12/><U36/><E95/><V73/><F73/><W96/><G76/><T20/><D20/><U3/><E78/><V66/><F99/><W89/><G97/><T54/><D61/><U49/><E25/><V104/><F104/><W1/><G62/><T8/><D8/><U106/><E106/><V68/><F66/><W7/><G65/><T39/><D39/><U40/><E36/><V63/><F63/><W57/><G96/><T122/><D122/><AGARI ba="2,0" hai="48,50,53,55,68,70,90,91,92,93,100,102,122,123" machi="122" ten="25,6400,0" yaku="22,2,52,2" doraHai="117" who="2" fromWho="0" sc="183,-70,290,0,224,70,303,0" /><INIT seed="5,0,0,1,4,85" ten="113,290,294,303" oya="1" hai0="71,96,34,26,8,124,78,98,118,61,48,79,56" hai1="100,88,6,14,103,21,91,119,23,72,41,114,58" hai2="18,108,50,38,11,101,122,117,7,87,4,27,90" hai3="109,128,13,93,46,74,89,63,123,129,20,69,130"/><U36/><E119/><V53/><F108/><W82/><G109/><T135/><D118/><U102/><E72/><V99/><F122/><W80/><G123/><T55/><D124/><U76/><E114/><V81/><F38/><W19/><G74/><T64/><D135/><U107/><E107/><V42/><F42/><W121/><G121/><T111/><D111/><U110/><E110/><V54/><F54/><W52/><G69/><T68/><D68/><U12/><E76/><V28/><F117/><W17/><G17/><T66/><D66/><U30/><E36/><V70/><F70/><W37/><G37/><T3/><D98/><U9/><E41/><V106/><F18/><W15/><G15/><T95/><D3/><U2/><E2/><V39/><F11/><W31/><G31/><T1/><D34/><U22/><E30/><V120/><F39/><W62/><G46/><T125/><D125/><U29/><E29/><V67/><F67/><W112/><G112/><T75/><D75/><U43/><E43/><V10/><F10/><W83/><G52/><T57/><D26/><U126/><E126/><V5/><F120/><W134/><G134/><T116/><D71/><U60/><E14/><V44/><F5/><W113/><G113/><T65/><D65/><AGARI ba="0,0" hai="6,9,12,21,22,23,58,60,65,88,91,100,102,103" machi="65" ten="40,12000,1" yaku="8,1,52,2,54,1" doraHai="85" who="1" fromWho="0" sc="113,-120,290,120,294,0,303,0" owari="-7,-51.0,410,52.0,294,-11.0,303,10.0" /></mjloggm>