<mjloggm ver="2.3"><GO type="169" lobby="0"/><UN n0="%E3%83%9F%E3%82%AF%E3%83%AD" n1="%E3%83%88%E3%83%88%E3%83%AA%E5%85%88%E7%94%9F%31%39%E6%AD%B3" n2="%E3%82%AC%E3%83%9F%E3%82%B4%E3%83%B3" n3="%E3%81%BE%E3%81%93%E3%81%95%E3%81%A8%76%65%72%32" dan="16,18,16,17" rate="2036.51,2241.71,2113.36,2211.29" sx="M,F,M,M"/><TAIKYOKU oya="0"/><INIT seed="0,0,0,5,3,112" ten="250,250,250,250" oya="0" hai0="79,22,28,62,3,94,97,125,35,131,64,50,105" hai1="57,55,111,7,16,96,63,80,21,76,123,26,66" hai2="82,15,19,14,18,43,113,95,30,59,34,121,107" hai3="117,51,90,127,45,29,83,40,52,100,81,48,128"/><T36/><D22/><U75/><E111/><V85/><F107/><W24/><G100/><N who="0" m="62607" /><D94/><U10/><E96/><V87/><F121/><W32/><G128/><T120/><D50/><U72/><E123/><V20/><F113/><W99/><G127/><T135/><D120/><U44/><E44/><V56/><F43/><W17/><G17/><T54/><D54/><U68/><E72/><V106/><F106/><W60/><G60/><T74/><D125/><U119/><E119/><V103/><F30/><W61/><G61/><T114/><D114/><U39/><E39/><V27/><F34/><W4/><G4/><T1/><D131/><U38/><E38/><V42/><F42/><W11/><G11/><T58/><D58/><U67/><REACH who="1" step="1"/><E68/><REACH who="1" ten="250,240,250,250" step="2"/><V5/><F103/><W101/><G117/><T88/><D36/><U47/><E47/><V46/><F46/><W124/><G124/><T6/><D135/><U93/><E93/><V89/><F95/><W12/><G101/><T33/><D6/><U86/><E86/><V49/><F87/><W122/><G122/><T73/><D73/><U8/><E8/><V98/><F98/><W129/><G99/><T130/><D130/><U31/><E31/><V116/><F116/><W108/><G129/><T118/><D118/><U2/><AGARI ba="0,1" hai="2,7,10,16,21,26,55,57,63,66,67,75,76,80" machi="2" ten="20,5200,0" yaku="1,1,0,1,7,1,54,1,53,0" doraHai="112" doraHaiUra="134" who="1" fromWho="1" sc="250,-26,240,62,250,-13,250,-13" /><INIT seed="1,0,0,3,3,35" ten="224,302,237,237" oya="1" hai0="59,39,79,30,1,55,54,5,43,117,68,78,32" hai1="44,95,3,53,52,110,36,89,127,63,62,111,116" hai2="112,133,48,75,122,57,74,134,88,120,99,37,69" hai3="14,108,85,42,12,64,80,125,123,128,56,31,17"/><U121/><E116/><V82/><F37/><W58/><G108/><N who="1" m="41514" /><E121/><N who="2" m="46699" /><F48/><W71/><G31/><T92/><D68/><U113/><E113/><V115/><F57/><W20/><G71/><T28/><D117/><U29/><E127/><V9/><F69/><W11/><G128/><T25/><D30/><U49/><E3/><V19/><F19/><W73/><G73/><N who="2" m="27657" /><F9/><W90/><G125/><T65/><D65/><U33/><E36/><V24/><F24/><W87/><G123/><T96/><D55/><N who="1" m="30119" /><E29/><V94/><F82/><W40/><G87/><T15/><D43/><N who="3" m="16425" /><G64/><T26/><D26/><U72/><E72/><V0/><F0/><W114/><G114/><AGARI ba="0,0" hai="88,94,99,112,114,115,133,134" m="27657,46699" machi="114" ten="40,8000,1" yaku="11,1,34,2,54,1" doraHai="35" who="2" fromWho="3" sc="224,0,302,0,237,80,237,-80" /><INIT seed="2,0,0,5,2,3" ten="224,302,317,157" oya="2" hai0="13,111,108,51,125,75,9,38,109,18,79,2,129" hai1="81,132,100,85,66,28,120,21,127,68,65,14,64" hai2="61,12,49,97,56,37,98,30,63,106,74,103,96" hai3="46,29,72,5,77,70,58,43,121,94,57,33,31"/><V36/><F74/><W69/><G121/><T99/><D38/><U115/><E115/><V50/><F30/><W45/><G33/><T91/><D129/><U133/><E127/><V82/><F82/><W55/><G77/><T118/><D125/><U78/><E120/><V4/><F37/><W128/><G72/><T53/><D118/><U1/><E1/><V8/><F36/><W52/><G128/><T19/><D2/><U90/><E100/><V32/><F32/><W71/><G94/><T26/><D79/><U39/><E39/><V87/><F87/><W114/><G114/><T41/><D41/><U44/><E44/><V123/><F63/><W0/><G0/><T54/><D75/><U7/><E68/><V84/><F84/><W11/><G58/><T122/><D122/><U113/><E113/><V23/><F23/><W95/><G95/><N who="0" m="56831" /><D51/><U67/><N who="1" m="16384" /><DORA hai="35" /><U104/><E104/><V124/><F124/><W89/><G89/><T6/><D26/><U117/><E117/><V47/><F123/><W119/><G119/><T76/><D76/><U34/><E34/><V116/><F116/><W93/><G93/><T110/><N who="0" m="27648" /><DORA hai="88" /><T126/><D126/><U73/><E73/><V60/><F47/><W86/><G86/><T102/><D102/><U25/><REACH who="1" step="1"/><E78/><REACH who="1" ten="224,292,317,157" step="2"/><V10/><F106/><W135/><G46/><T27/><D27/><U130/><E130/><V112/><F103/><W83/><G45/><T48/><D48/><U20/><E20/><V17/><F112/><W59/><G69/><T107/><D107/><U22/><E22/><V15/><F50/><RYUUKYOKU ba="0,1" sc="224,10,292,10,317,10,157,-30" hai0="6,9,13,18,19,53,54" hai1="7,14,21,25,28,81,85,90,132,133" hai2="4,8,10,12,15,17,49,56,60,61,96,97,98" /><INIT seed="2,1,1,5,3,62" ten="234,302,327,127" oya="2" hai0="70,36,26,115,99,93,105,54,34,7,30,76,132" hai1="134,101,66,28,63,25,113,112,1,96,65,121,40" hai2="128,0,125,80,42,130,126,87,32,100,74,85,10" hai3="20,15,37,2,39,72,79,108,75,88,52,122,123"/><V51/><F32/><W22/><G2/><T86/><D115/><U78/><E1/><V82/><F100/><W116/><G116/><T69/><D54/><U45/><E134/><V90/><F74/><W46/><G108/><T77/><D93/><U68/><E78/><N who="2" m="46231" /><F51/><W59/><G79/><T44/><D86/><U107/><E66/><V16/><F42/><W131/><G131/><N who="2" m="50217" /><F16/><W81/><G15/><T71/><D132/><U9/><E121/><V61/><F61/><W41/><G37/><T124/><D124/><N who="2" m="47722" /><F10/><W98/><G72/><T83/><D77/><U109/><E109/><V38/><F0/><W43/><G43/><T114/><D114/><U102/><E102/><V23/><F23/><W97/><G75/><N who="0" m="43423" /><D7/><U24/><E9/><V106/><F38/><W55/><G20/><T64/><D36/><N who="1" m="21639" /><E24/><V127/><F127/><W117/><G22/><T103/><D44/><U67/><E67/><V13/><F13/><W3/><G3/><T31/><D31/><U5/><E5/><V11/><F11/><W50/><G117/><T6/><D6/><U12/><E12/><V111/><F111/><W35/><G35/><AGARI ba="1,1" hai="25,28,35,63,65,68,96,101,107,112,113" m="21639" machi="35" ten="30,3900,0" yaku="25,1,23,1,52,1" doraHai="62" who="1" fromWho="3" sc="234,0,302,52,327,0,127,-42" /><INIT seed="3,0,0,1,4,44" ten="234,354,327,85" oya="3" hai0="133,106,32,83,56,130,120,5,70,66,0,29,8" hai1="117,86,27,91,43,21,30,76,95,23,112,134,48" hai2="39,116,7,50,118,97,109,9,52,38,12,107,99" hai3="81,123,63,93,54,108,16,125,84,51,62,94,122"/><W104/><G104/><T132/><D120/><U41/><E112/><V10/><F109/><W82/><G125/><T64/><D70/><U111/><E111/><V114/><F114/><W90/><G108/><T46/><D106/><U17/><E134/><N who="0" m="51817" /><D130/><U37/><E37/><V102/><F99/><W47/><G123/><T3/><D3/><U19/><E117/><V22/><F22/><W72/><G122/><T79/><D56/><U13/><E76/><V25/><F25/><W26/><G72/><N who="0" m="43495" /><D46/><N who="1" m="25679" /><E43/><V128/><F128/><W103/><G81/><T58/><D58/><U35/><E35/><V88/><F39/><W65/><G103/><T1/><D1/><U126/><E126/><V110/><F38/><W105/><G105/><T61/><D61/><N who="3" m="23049" /><G65/><T121/><D121/><U33/><E33/><V36/><F36/><W87/><G84/><T129/><D129/><U124/><E124/><V113/><F113/><W100/><G100/><T45/><D45/><U75/><E75/><V71/><F110/><W6/><G6/><T59/><D59/><U69/><E69/><V40/><F71/><W98/><G98/><T4/><D4/><U11/><E19/><V119/><F88/><W14/><G26/><AGARI ba="0,0" hai="0,5,8,26,29,32,64,66" m="43495,51817" machi="26" ten="30,1000,0" yaku="20,1" doraHai="44" who="0" fromWho="3" sc="234,10,354,0,327,0,85,-10" /><INIT seed="4,0,0,2,1,130" ten="244,354,327,75" oya="0" hai0="78,50,103,89,40,42,23,66,94,39,11,38,51" hai1="70,6,82,96,99,74,26,49,54,118,24,44,120" hai2="10,125,33,98,109,45,58,62,102,53,52,134,8" hai3="126,19,115,108,90,101,119,112,29,9,43,75,18"/><T35/><D35/><U65/><E118/><V76/><F109/><W31/><G101/><T67/><D78/><U14/><E120/><V107/><F125/><W59/><G43/><N who="0" m="16427" /><D23/><U111/><E111/><V60/><F33/><W132/><G108/><T127/><D11/><U46/><E65/><N who="0" m="24585" /><D89/><U36/><E70/><V113/><F134/><W92/><G119/><T85/><D85/><U110/><E36/><N who="0" m="13865" /><D94/><U95/><E110/><V25/><F25/><N who="1" m="9833" /><E74/><V131/><F76/><W2/><G75/><T91/><D91/><U73/><E73/><V124/><F10/><W20/><G126/><T128/><D103/><U81/><E6/><V5/><F124/><W21/><G9/><T117/><D127/><U55/><E14/><V57/><F131/><W106/><G106/><T28/><D28/><U93/><E93/><V17/><F113/><W63/><G2/><T72/><D72/><U84/><E84/><V135/><F135/><W104/><G104/><T34/><D34/><U133/><E133/><V69/><F17/><W79/><G132/><T80/><D80/><N who="1" m="30827" /><E95/><V105/><F105/><W87/><G79/><T3/><D3/><U123/><E123/><V13/><F69/><W1/><G1/><T121/><D121/><U116/><E116/><V56/><REACH who="2" step="1"/><F45/><REACH who="2" ten="244,354,317,75" step="2"/><W61/><G115/><T30/><D117/><U37/><E37/><V88/><F88/><W7/><G112/><T83/><D128/><U22/><E22/><V122/><F122/><W27/><G7/><T97/><D83/><U12/><E12/><V0/><F0/><W86/><G20/><T68/><D68/><RYUUKYOKU ba="0,1" sc="244,-15,354,15,317,15,75,-15" hai1="44,46,49,54,55,96,99" hai2="5,8,13,52,53,56,57,58,60,62,98,102,107" /><INIT seed="5,1,1,0,0,37" ten="229,369,332,60" oya="1" hai0="15,27,106,39,31,11,124,72,55,113,98,65,59" hai1="94,87,9,69,44,70,68,96,105,51,52,43,127" hai2="58,79,121,107,41,25,64,118,83,61,57,47,102" hai3="48,71,123,131,13,56,104,21,90,18,19,122,101"/><U45/><E127/><V119/><F121/><W112/><G71/><T128/><D124/><U73/><E73/><V28/><F58/><W4/><G112/><T8/><D113/><U49/><E105/><V32/><F102/><W7/><G131/><T23/><D128/><U40/><E87/><V54/><F64/><W75/><G75/><T97/><D72/><U1/><E1/><V135/><F107/><W125/><G125/><T84/><D39/><U14/><E52/><V117/><F135/><W63/><G101/><T5/><D65/><U6/><E69/><V3/><F3/><W29/><G29/><T86/><D11/><U22/><E22/><V114/><F114/><W77/><G77/><T93/><D106/><U116/><E116/><V62/><F62/><W110/><G104/><T108/><D108/><U66/><E66/><V2/><F2/><W10/><G110/><T42/><D42/><U74/><E74/><V81/><REACH who="2" step="1"/><F79/><REACH who="2" ten="229,369,322,60" step="2"/><W16/><G122/><T130/><D130/><U17/><E6/><V26/><F26/><W129/><G123/><T46/><D59/><U111/><E111/><V95/><F95/><W120/><G120/><T34/><D93/><U132/><E132/><V134/><F134/><W30/><G4/><T133/><D133/><U80/><E80/><V126/><F126/><W0/><G129/><T12/><D12/><U24/><E24/><V82/><F82/><W92/><G63/><T115/><D115/><U109/><E109/><V76/><F76/><W78/><G78/><T60/><D60/><U89/><AGARI ba="1,2" hai="9,14,17,40,43,44,45,49,51,68,70,89,94,96" machi="89" ten="20,12000,1" yaku="0,1,7,1,9,1,52,2" doraHai="37" who="1" fromWho="1" sc="229,-41,369,143,322,-41,60,-41" /><INIT seed="5,2,0,2,3,113" ten="188,512,281,19" oya="1" hai0="119,36,45,2,4,60,114,52,32,15,18,38,6" hai1="121,120,65,50,115,80,91,108,70,22,26,116,49" hai2="21,8,34,51,105,74,40,110,104,24,19,88,5" hai3="68,59,48,132,47,90,9,17,56,83,33,78,12"/><U43/><E116/><V77/><F110/><W37/><G68/><T28/><D119/><U94/><E115/><V30/><F77/><W3/><G33/><T92/><D114/><U111/><E80/><V96/><F74/><W44/><G3/><T130/><D130/><U54/><E43/><V71/><F71/><W95/><G132/><T81/><D81/><U75/><E75/><V1/><F51/><W62/><G37/><T7/><D2/><U84/><E65/><V31/><F31/><W14/><G78/><T35/><D92/><U41/><E70/><V101/><F40/><W0/><G0/><T57/><D35/><U124/><E49/><V20/><F105/><W123/><G123/><T109/><D109/><N who="1" m="42059" /><E41/><V131/><F131/><W125/><G125/><T42/><D28/><N who="1" m="17495" /><E124/><V61/><F61/><W67/><G83/><T66/><D32/><U85/><E84/><V29/><F29/><W126/><G126/><T13/><D38/><U23/><E23/><V10/><F10/><W118/><G118/><T97/><D97/><U58/><AGARI ba="2,0" hai="50,54,58,85,91,94,120,121" m="17495,42059" machi="58" ten="30,1500,0" yaku="10,1" doraHai="113" who="1" fromWho="1" sc="188,-7,512,21,281,-7,19,-7" /><INIT seed="5,3,0,5,3,72" ten="181,533,274,12" oya="1" hai0="113,69,44,101,40,135,75,77,8,108,104,112,130" hai1="39,34,81,30,78,119,90,19,127,55,21,65,51" hai2="125,129,83,111,53,123,126,131,16,57,67,84,41" hai3="82,97,5,58,88,13,68,52,15,96,54,116,120"/><U46/><E119/><V70/><F123/><W47/><G68/><T124/><D108/><U71/><E127/><N who="2" m="48651" /><F111/><W63/><G120/><T115/><D124/><U28/><E34/><V37/><F16/><W114/><G116/><T24/><D69/><U76/><E39/><V26/><F26/><W110/><G110/><T7/><D135/><U6/><E6/><V29/><F29/><N who="1" m="11369" /><E65/><V92/><F92/><W62/><G114/><T32/><D130/><U4/><E4/><V31/><F31/><W85/><G5/><T3/><D101/><U23/><E71/><V133/><F133/><W121/><G121/><T122/><D104/><U107/><E107/><V22/><F22/><N who="1" m="8201" /><E19/><V0/><F0/><W89/><G89/><T49/><D122/><U79/><E90/><N who="2" m="51487" /><F67/><W117/><G117/><T103/><D32/><U91/><E91/><V11/><F11/><W18/><G15/><T48/><D115/><U128/><E128/><V56/><F70/><W93/><G93/><T35/><D35/><U42/><E81/><V45/><F131/><W94/><G94/><T61/><D113/><U66/><E66/><V9/><F129/><W98/><G63/><T2/><D61/><U64/><E64/><V38/><F9/><N who="3" m="6447" /><G98/><T134/><D112/><U74/><E74/><V20/><F20/><W25/><G25/><T102/><D75/><U80/><E80/><V73/><F73/><W10/><G10/><T95/><D8/><U100/><E100/><V59/><F38/><W14/><G14/><T33/><D102/><U50/><E50/><AGARI ba="3,0" hai="37,41,45,50,53,56,57,59" m="51487,48651" machi="50" ten="30,1000,0" yaku="18,1" doraHai="72" who="2" fromWho="1" sc="181,0,533,-19,274,19,12,0" /><AGARI ba="3,0" hai="47,50,52,54,58,62,82,85,88,96,97" m="6447" machi="50" ten="30,7700,0" yaku="25,1,8,1,54,2" doraHai="72" who="3" fromWho="1" sc="181,0,514,-77,293,0,12,77" /><INIT seed="6,0,0,3,4,83" ten="181,437,293,89" oya="2" hai0="111,33,63,75,53,1,115,55,72,38,109,46,132" hai1="8,5,122,108,121,40,26,68,32,27,11,131,113" hai2="78,81,7,30,96,84,89,66,92,65,114,56,123" hai3="16,37,85,21,41,130,124,58,91,106,2,79,103"/><V107/><F123/><N who="1" m="47113" /><E108/><N who="0" m="41545" /><D33/><U34/><E68/><V126/><F114/><W39/><G2/><T119/><D1/><N who="1" m="47" /><E113/><V133/><F126/><W12/><G124/><T4/><D4/><U90/><E131/><V69/><F133/><W15/><G130/><T18/><D18/><U104/><E104/><V14/><F69/><W93/><G79/><T120/><D120/><U101/><E101/><V13/><F30/><W117/><G117/><T87/><D87/><U10/><E40/><V59/><F107/><W45/><G58/><N who="2" m="22057" /><F7/><W0/><G0/><T71/><D75/><U134/><E134/><V20/><F20/><W116/><G116/><T57/><D72/><U98/><E11/><V127/><F127/><W105/><G37/><T67/><D115/><U3/><E10/><V17/><F17/><W94/><REACH who="3" step="1"/><G12/><AGARI ba="0,0" hai="12,13,14,65,66,78,81,84,89,92,96" m="22057" machi="12" ten="30,2900,0" yaku="8,1,52,1" doraHai="83" who="2" fromWho="3" sc="181,0,437,0,293,29,89,-29" /><INIT seed="6,1,0,5,1,51" ten="181,437,322,60" oya="2" hai0="104,4,16,78,113,11,9,25,92,60,84,75,36" hai1="23,72,12,106,37,126,125,20,119,124,38,83,24" hai2="90,19,28,68,1,13,96,52,46,48,45,89,117" hai3="80,14,10,74,40,18,63,131,88,98,69,128,123"/><V66/><F1/><W62/><G123/><T21/><D113/><U39/><E106/><V94/><F117/><W67/><G40/><T61/><D36/><U97/><E119/><V129/><F129/><W44/><G44/><T127/><D104/><U130/><E130/><N who="3" m="49706" /><G74/><T110/><D110/><U41/><E97/><V103/><F28/><W86/><G62/><T56/><D75/><U109/><E109/><V57/><F68/><W59/><G98/><T7/><D61/><U112/><E112/><V71/><F71/><AGARI ba="1,0" hai="10,14,18,59,63,67,69,71,80,86,88" m="49706" machi="71" ten="30,2000,0" yaku="19,1,54,1" doraHai="51" who="3" fromWho="2" sc="181,0,437,0,322,-23,60,23" /><INIT seed="7,0,0,2,0,108" ten="181,437,299,83" oya="3" hai0="59,6,96,49,61,102,21,86,112,103,84,65,22" hai1="44,27,95,18,130,57,52,113,63,85,90,35,54" hai2="2,91,87,104,116,17,28,31,77,40,94,9,117" hai3="8,53,80,15,122,41,78,71,51,107,121,129,45"/><W127/><G107/><T119/><D112/><U47/><E113/><V33/><F104/><W48/><G127/><T66/><D119/><U67/><E130/><V34/><F34/><W3/><G3/><T14/><D66/><U23/><E35/><V43/><F33/><W132/><G71/><T89/><D84/><U79/><E79/><V64/><F2/><W109/><G132/><T105/><D105/><U124/><E124/><V42/><F64/><W68/><G68/><T114/><D114/><U58/><E52/><V26/><F117/><W7/><G129/><T120/><D120/><U123/><E123/><V11/><F77/><W83/><G83/><N who="0" m="49375" /><D49/><AGARI ba="0,0" hai="18,23,27,44,47,49,54,57,58,63,67,85,90,95" machi="49" ten="30,2000,0" yaku="7,1,8,1" doraHai="108" who="1" fromWho="0" sc="181,-20,437,20,299,0,83,0" owari="161,-24.0,457,56.0,299,10.0,83,-42.0" /></mjloggm>