<mjloggm ver="2.3"><GO type="169" lobby="0"/><UN n0="%E5%B0%B1%E6%B4%BB%E7%94%9F%40%E5%B7%9D%E6%9D%91%E8%BB%8D%E5%9B%A3" n1="%E5%86%A5%E5%9C%9F%E3%81%AE%E3%83%AF%E3%83%8B%E8%94%B5" n2="%E3%81%B5%E3%81%8B%E3%81%98" n3="%E6%B0%B4%E5%93%89%E3%81%AE%E3%83%AC%E3%82%B8%E3%82%A7%E3%83%B3%E3%83%89" dan="17,17,17,16" rate="2177.58,2127.33,2142.06,2072.98" sx="M,M,M,M"/><TAIKYOKU oya="0"/><INIT seed="0,0,0,5,3,93" ten="250,250,250,250" oya="0" hai0="14,105,8,96,47,99,34,39,100,130,72,41,106" hai1="127,83,10,38,32,132,115,23,57,20,66,53,74" hai2="11,59,134,2,123,56,92,68,35,111,55,117,124" hai3="25,73,126,28,87,45,24,103,31,70,119,128,15"/><T101/><D130/><U37/><E32/><V108/><F68/><W48/><G73/><T13/><D34/><U109/><E109/><V121/><F35/><W91/><G119/><T26/><D72/><U122/><E122/><V77/><F77/><W63/><G128/><T116/><D116/><U86/><E74/><V64/><F117/><W22/><G126/><T114/><D114/><U19/><E127/><V51/><F124/><W17/><G103/><T42/><D42/><U88/><E132/><V112/><F112/><W43/><G70/><T29/><D29/><N who="3" m="11337" /><G63/><T60/><D26/><U79/><E115/><V75/><F75/><W49/><G49/><T78/><D78/><U65/><E38/><V94/><F134/><W82/><AGARI ba="0,0" hai="15,17,22,24,25,43,45,48,82,87,91" m="11337" machi="82" ten="30,1100,0" yaku="8,1" doraHai="93" who="3" fromWho="3" sc="250,-5,250,-3,250,-3,250,11" /><INIT seed="1,0,0,1,3,123" ten="245,247,247,261" oya="1" hai0="57,77,27,115,73,45,38,15,85,11,9,18,12" hai1="110,76,121,126,116,86,98,14,128,59,132,129,19" hai2="67,40,7,103,25,29,36,37,48,117,72,34,41" hai3="22,78,92,100,71,61,91,93,8,131,90,54,56"/><U31/><E121/><V13/><F117/><W1/><G131/><N who="1" m="50250" /><E116/><V39/><F72/><W10/><G100/><T35/><D115/><U109/><E126/><V108/><F67/><W69/><G78/><T95/><D73/><U82/><E132/><V50/><F103/><W106/><G106/><T68/><D68/><U101/><E59/><V135/><F135/><W97/><G22/><T74/><D74/><U127/><E31/><V111/><F7/><W130/><G130/><T112/><D112/><U17/><E127/><V28/><F13/><W134/><G134/><T66/><D35/><U64/><E64/><V0/><F0/><W70/><REACH who="3" step="1"/><G1/><REACH who="3" ten="245,247,247,251" step="2"/><T6/><D77/><U122/><E122/><V24/><F37/><W79/><G79/><T80/><D38/><U5/><E5/><V107/><F34/><W118/><G118/><T113/><D113/><U58/><E58/><V133/><F133/><W124/><G124/><T60/><D57/><U119/><E119/><V62/><F107/><W16/><G16/><N who="1" m="6218" /><E14/><V104/><F104/><AGARI ba="0,1" hai="76,82,86,98,101,104,109,110" m="6218,50250" machi="104" ten="30,11600,0" yaku="19,1,52,2,54,1" doraHai="123" who="1" fromWho="2" sc="245,0,247,126,247,-116,251,0" /><INIT seed="1,1,0,2,3,116" ten="245,373,131,251" oya="1" hai0="58,64,4,115,16,30,0,1,118,36,130,120,132" hai1="19,85,88,69,133,44,76,77,34,81,14,70,92" hai2="21,29,97,18,17,51,66,135,127,2,32,57,28" hai3="65,46,79,80,71,8,40,20,63,119,109,68,31"/><U3/><E133/><V48/><F2/><W93/><G119/><T101/><D101/><U98/><E3/><V121/><F135/><W131/><G109/><T13/><D58/><U106/><E34/><V59/><F32/><W108/><G108/><T7/><D64/><U75/><E77/><V73/><F73/><W122/><G131/><T38/><D118/><U87/><E87/><V37/><F37/><W35/><G35/><T129/><D132/><U114/><E114/><V23/><F66/><W103/><G8/><T95/><D95/><U128/><E128/><V102/><F102/><W9/><G9/><T124/><D30/><U111/><E111/><V52/><F97/><W6/><G6/><T126/><D13/><U84/><E84/><V55/><F127/><W112/><G112/><T47/><D115/><U123/><E123/><AGARI ba="1,0" hai="17,18,21,23,28,29,48,51,52,55,57,59,121,123" machi="123" ten="25,8000,1" yaku="22,2,52,2,54,1" doraHai="116" who="2" fromWho="1" sc="245,0,373,-83,131,83,251,0" /><INIT seed="2,0,0,4,3,126" ten="245,290,214,251" oya="2" hai0="83,38,116,31,67,128,111,97,47,133,121,34,29" hai1="40,96,10,45,13,88,74,27,25,120,43,4,54" hai2="0,66,2,79,130,89,100,113,59,81,108,8,58" hai3="41,5,110,132,9,78,75,112,105,6,69,53,91"/><V77/><F113/><W124/><G112/><T101/><D121/><U72/><E120/><V71/><F100/><W22/><G124/><T122/><D122/><U109/><E109/><V52/><F71/><W26/><G110/><T76/><D111/><U46/><E72/><V64/><F108/><W102/><G69/><T103/><D133/><U56/><E74/><V24/><F89/><W11/><G132/><T104/><D103/><U70/><E70/><V107/><F107/><W129/><G129/><T32/><D67/><U17/><E46/><V73/><F130/><W86/><G41/><N who="1" m="15946" /><E17/><V28/><F77/><W125/><G125/><T127/><D128/><U51/><E45/><V33/><F58/><W19/><G78/><T98/><D47/><U87/><E96/><V94/><F94/><AGARI ba="0,0" hai="4,10,13,25,27,51,54,56,87,88,94" m="15946" machi="94" ten="30,2000,0" yaku="8,1,54,1" doraHai="126" who="1" fromWho="2" sc="245,0,290,20,214,-20,251,0" /><INIT seed="3,0,0,1,3,21" ten="245,310,194,251" oya="3" hai0="51,131,13,93,20,90,101,102,69,80,104,34,9" hai1="12,134,14,53,72,37,85,42,11,50,59,112,74" hai2="107,54,118,78,133,36,88,66,48,125,31,5,117" hai3="75,82,71,30,99,105,96,127,114,43,8,56,63"/><W84/><G114/><T16/><D34/><U83/><E112/><V119/><F36/><W64/><G75/><T2/><D104/><U1/><E1/><V41/><F107/><W24/><G127/><T132/><D69/><U115/><E134/><V121/><F133/><W103/><G96/><T32/><D32/><U81/><E14/><V130/><F125/><W108/><G108/><T124/><D132/><U46/><E83/><V120/><F41/><W89/><G43/><T19/><D124/><U110/><E110/><V29/><F78/><W68/><REACH who="3" step="1"/><G8/><REACH who="3" ten="245,310,194,241" step="2"/><T129/><D129/><U52/><E115/><V47/><F130/><W55/><G55/><T22/><D131/><U0/><E53/><V122/><F54/><W17/><G17/><T15/><D101/><U38/><E74/><V65/><F117/><W126/><G126/><T33/><D102/><U94/><E72/><V116/><F118/><W26/><G26/><T60/><D9/><U57/><E42/><V58/><F116/><W91/><G91/><T39/><D90/><U4/><E52/><V23/><F88/><W113/><G113/><T87/><D87/><U97/><E97/><V27/><F119/><W92/><G92/><T73/><D93/><U49/><E94/><V18/><F18/><W109/><G109/><T40/><D40/><U44/><E85/><V10/><F27/><W100/><G100/><T79/><D73/><U25/><E25/><V98/><F10/><W6/><G6/><T95/><D95/><U28/><E38/><V123/><N who="2" m="30720" /><DORA hai="45" /><V86/><F98/><W62/><G62/><RYUUKYOKU ba="0,1" sc="245,-10,310,-10,194,-10,241,30" hai3="24,30,56,63,64,68,71,82,84,89,99,103,105" /><INIT seed="3,1,1,1,3,84" ten="235,300,184,271" oya="3" hai0="85,0,79,65,98,43,40,114,75,5,14,44,50" hai1="90,73,67,96,81,21,19,89,35,103,11,78,66" hai2="36,129,31,12,113,106,20,63,34,61,92,6,111" hai3="23,112,49,88,26,119,60,7,120,134,128,130,38"/><W33/><G120/><T54/><D0/><U64/><E35/><V10/><F106/><W53/><G119/><T93/><D75/><U77/><E11/><V97/><F113/><W18/><G112/><T16/><D5/><U58/><E58/><V57/><F36/><W46/><G134/><T108/><D108/><U104/><REACH who="1" step="1"/><E77/><REACH who="1" ten="235,290,184,271" step="2"/><V29/><F34/><W80/><G33/><T110/><D114/><U69/><E69/><V47/><F57/><W4/><G60/><T24/><D110/><U123/><E123/><V9/><F10/><W127/><G127/><T105/><D65/><U22/><E22/><V116/><F20/><W32/><G32/><T55/><D79/><U68/><E68/><V100/><F9/><W83/><G38/><T132/><D132/><U17/><E17/><V115/><F63/><W82/><G128/><T8/><D16/><U1/><E1/><V95/><F61/><W59/><G130/><T109/><D109/><U125/><E125/><V99/><F111/><W51/><REACH who="3" step="1"/><G88/><REACH who="3" ten="235,290,184,261" step="2"/><T28/><D50/><U15/><AGARI ba="1,3" hai="15,19,21,64,66,67,73,78,81,89,90,96,103,104" machi="15" ten="30,7900,0" yaku="1,1,0,1,52,2,53,0" doraHai="84" doraHaiUra="25" who="1" fromWho="1" sc="235,-21,290,112,184,-21,261,-40" /><INIT seed="4,0,0,1,4,45" ten="214,402,163,221" oya="0" hai0="62,46,49,18,89,75,10,76,131,29,20,119,35" hai1="68,64,84,8,72,38,1,52,122,58,81,23,106" hai2="124,4,127,103,2,32,107,54,36,27,33,9,67" hai3="97,86,17,77,25,16,7,80,70,57,53,66,100"/><T91/><D119/><U130/><E122/><V118/><F36/><W11/><G66/><T34/><D131/><U63/><E106/><V126/><F67/><W31/><G70/><T116/><D116/><U5/><E130/><V51/><F118/><W15/><G25/><N who="0" m="16551" /><D34/><U115/><E38/><V79/><F79/><W40/><G40/><N who="0" m="24775" /><D75/><U90/><E23/><V102/><F107/><W44/><G44/><T48/><D76/><U94/><E115/><V85/><F85/><W110/><G31/><T74/><D74/><U71/><E71/><V129/><F129/><W133/><G133/><T104/><D35/><U123/><E123/><V21/><F33/><W6/><G6/><T88/><D104/><U65/><E68/><V121/><F32/><W132/><G110/><T55/><D62/><U13/><E1/><V99/><F99/><W59/><G132/><T69/><D69/><U12/><E72/><V125/><F121/><W37/><G37/><T95/><D18/><N who="3" m="7273" /><G53/><T98/><D10/><U56/><E8/><V128/><F128/><W87/><G87/><T112/><D112/><U28/><E84/><V73/><F73/><W114/><G114/><T134/><D134/><U22/><E65/><V30/><N who="2" m="31744" /><DORA hai="41" /><V39/><REACH who="2" step="1"/><F39/><REACH who="2" ten="214,402,153,221" step="2"/><W113/><G113/><T92/><D98/><N who="1" m="57687" /><E64/><V83/><F83/><W47/><G80/><T26/><D26/><U24/><E81/><V120/><F120/><W101/><G77/><T109/><D109/><U42/><E24/><V61/><F61/><W0/><G97/><T105/><D105/><U3/><E63/><V117/><F117/><RYUUKYOKU ba="0,1" sc="214,15,402,-15,153,15,221,-15" hai0="48,55,88,89,91,92,95" hai2="2,4,9,21,27,30,51,54,102,103" /><INIT seed="4,1,1,5,4,7" ten="229,387,168,206" oya="0" hai0="25,72,71,32,63,12,134,33,13,107,96,47,48" hai1="98,42,131,4,114,11,36,1,99,106,62,6,104" hai2="101,124,50,120,81,109,2,18,115,79,40,133,29" hai3="44,41,14,105,82,121,17,58,73,116,52,108,57"/><T128/><D72/><U95/><E131/><V46/><F109/><W130/><G108/><T125/><D125/><U31/><E114/><V85/><F120/><W93/><G116/><T23/><D128/><U75/><E75/><V61/><F2/><W70/><G105/><T16/><D134/><U110/><E110/><V27/><F115/><W26/><G70/><T126/><D126/><U118/><E31/><V5/><F124/><W113/><G113/><T119/><D119/><U78/><E78/><V67/><F133/><W24/><G130/><T37/><D37/><U112/><E118/><V94/><F5/><W84/><G73/><T88/><D33/><U55/><E6/><V76/><F18/><W39/><G93/><N who="0" m="56359" /><D71/><U97/><E36/><V3/><F3/><W28/><G28/><T102/><D32/><U45/><E104/><V53/><F94/><W64/><G64/><T91/><D107/><U74/><E74/><V68/><F101/><W86/><G58/><T19/><D102/><U83/><E106/><V10/><F67/><W69/><G69/><T80/><D63/><U129/><E62/><V103/><F61/><W60/><G121/><T49/><D47/><U117/><E45/><V30/><F46/><W43/><G43/><T89/><D25/><U34/><E129/><V123/><F27/><N who="3" m="10283" /><G82/><T65/><D65/><U56/><E117/><V127/><F81/><W66/><G66/><T15/><D80/><U59/><E112/><V135/><F127/><W21/><G39/><T38/><D38/><U132/><E83/><N who="2" m="47335" /><F123/><W100/><G100/><T20/><D15/><RYUUKYOKU ba="1,1" sc="229,15,387,-15,168,-15,206,15" hai0="12,13,16,19,20,23,48,49,89,91" hai3="14,17,21,41,44,52,57,60,84,86" /><INIT seed="4,2,1,1,1,46" ten="244,372,153,221" oya="0" hai0="126,42,100,124,85,84,128,20,47,19,122,90,31" hai1="112,98,38,75,10,50,97,99,123,33,0,80,78" hai2="96,134,1,26,15,106,67,30,130,36,66,63,56" hai3="13,121,103,16,86,74,73,64,54,43,129,114,39"/><T40/><D122/><U105/><E38/><V125/><F1/><W41/><G121/><T14/><D128/><U102/><E123/><V70/><F130/><W83/><G129/><T12/><D100/><U57/><E33/><V82/><F134/><W62/><G114/><T77/><D31/><U133/><E133/><V119/><F125/><N who="0" m="48234" /><D77/><U95/><E112/><V58/><F119/><W61/><G103/><T44/><D14/><U4/><E105/><V29/><F36/><W87/><G87/><N who="0" m="33355" /><D90/><U113/><E113/><V93/><F82/><W131/><G131/><T108/><D108/><U110/><E110/><V35/><F30/><W118/><G118/><T79/><D79/><U89/><E89/><V49/><F15/><W32/><G13/><T8/><D8/><U69/><E102/><V24/><F29/><W21/><G74/><T71/><D71/><U48/><E69/><V22/><F70/><W111/><G73/><T107/><D107/><U88/><REACH who="1" step="1"/><E57/><REACH who="1" ten="244,362,153,221" step="2"/><V23/><F56/><W6/><G111/><T101/><D101/><U135/><E135/><V91/><F58/><W59/><G59/><T5/><D5/><U120/><E120/><V76/><F106/><W37/><G6/><T25/><D25/><U92/><E92/><V60/><F93/><W55/><G62/><T18/><D18/><U27/><E27/><V53/><F63/><W127/><G16/><T11/><D11/><U45/><E45/><AGARI ba="2,2" hai="12,19,20,40,42,44,45,47" m="33355,48234" machi="45" ten="30,1500,0" yaku="18,1" doraHai="46" who="0" fromWho="1" sc="244,41,362,-21,153,0,221,0" /><INIT seed="4,3,0,1,0,61" ten="285,341,153,221" oya="0" hai0="11,117,37,34,6,113,107,105,79,38,77,85,43" hai1="134,54,106,2,116,16,96,65,84,87,133,104,20" hai2="32,74,17,33,46,126,62,120,89,53,121,19,101" hai3="39,7,83,29,47,102,112,125,100,108,10,90,31"/><T76/><D117/><U123/><E123/><V40/><F74/><W3/><G108/><T124/><D34/><U57/><E2/><V110/><F110/><W13/><G112/><T122/><D122/><U91/><E65/><V21/><F33/><W12/><G125/><T14/><D124/><U63/><E87/><V78/><F78/><W0/><G0/><T88/><D113/><U58/><E58/><V69/><F32/><W119/><G119/><T59/><D59/><U99/><E99/><V4/><F4/><W109/><G109/><T97/><D97/><U92/><E116/><V70/><F101/><W52/><G3/><T9/><D11/><U127/><E127/><V30/><F30/><N who="3" m="11275" /><G12/><T66/><D66/><U114/><E114/><V27/><F126/><W86/><G39/><T128/><D128/><U68/><E68/><V49/><F69/><W56/><G47/><T94/><REACH who="0" step="1"/><D43/><REACH who="0" ten="275,341,153,221" step="2"/><U51/><E96/><V118/><F40/><W111/><G111/><T35/><D35/><U23/><E23/><V42/><F42/><W36/><G36/><AGARI ba="3,1" hai="6,9,14,36,37,38,76,77,79,85,88,94,105,107" machi="36" ten="40,12000,1" yaku="1,1,54,1,53,3" doraHai="61" doraHaiUra="71" who="0" fromWho="3" sc="275,139,341,0,153,0,221,-129" /><INIT seed="4,4,0,0,4,135" ten="414,341,153,92" oya="0" hai0="96,76,6,23,27,133,112,108,72,82,44,20,31" hai1="131,105,71,41,34,3,97,94,7,14,5,86,37" hai2="110,124,26,113,102,114,64,40,32,60,16,51,88" hai3="126,107,80,92,63,128,75,57,79,111,106,115,19"/><T129/><D112/><N who="2" m="43114" /><F110/><W95/><G115/><T15/><D133/><U38/><E71/><V132/><F132/><W52/><G111/><T1/><D129/><U21/><E34/><V53/><F102/><W123/><G128/><T78/><D78/><U74/><E74/><V122/><F122/><W33/><G33/><T85/><D108/><U118/><E118/><V84/><F40/><W93/><G123/><T30/><D96/><U17/><E131/><V62/><F64/><W59/><G59/><T47/><D72/><U13/><E3/><V12/><F124/><W50/><G63/><T125/><D125/><U89/><E41/><V18/><F26/><W43/><G43/><T134/><D134/><U109/><E109/><V116/><F32/><W100/><G100/><T9/><D1/><U73/><E73/><V58/><F116/><W68/><G68/><T10/><D10/><U45/><E38/><V130/><F18/><W119/><G119/><T48/><D48/><U98/><E37/><V67/><F67/><W36/><G36/><T117/><D117/><U2/><E105/><V39/><F39/><W42/><G42/><T69/><D69/><U24/><E24/><AGARI ba="4,0" hai="6,9,15,20,23,24,27,30,31,44,47,76,82,85" machi="24" ten="40,3900,0" yaku="9,1,8,1" doraHai="135" who="0" fromWho="1" sc="414,51,341,-51,153,0,92,0" /><INIT seed="4,5,0,0,3,102" ten="465,290,153,92" oya="0" hai0="80,56,17,123,63,15,54,61,97,95,68,53,13" hai1="71,30,132,77,106,57,69,135,92,85,89,78,116" hai2="96,133,84,91,58,31,66,74,50,43,35,3,83" hai3="48,127,39,101,38,5,12,37,112,126,46,7,81"/><T110/><D123/><U72/><E116/><V120/><F120/><W124/><G112/><T62/><D110/><U0/><E0/><V115/><F3/><W21/><G101/><T34/><D34/><U51/><E30/><V27/><F115/><W11/><G81/><T60/><D80/><N who="1" m="45095" /><E106/><V128/><F128/><W79/><G79/><T104/><D104/><U1/><E1/><V82/><F133/><N who="1" m="51273" /><E78/><V8/><F8/><W40/><REACH who="3" step="1"/><G21/><REACH who="3" ten="465,290,153,82" step="2"/><T88/><D68/><U4/><E71/><V122/><F82/><W130/><G130/><T113/><D113/><U129/><E69/><V100/><F83/><W64/><G64/><N who="0" m="38919" /><D13/><U19/><E129/><V10/><F100/><W47/><G47/><T18/><D17/><AGARI ba="5,1" hai="5,7,11,12,17,37,38,39,40,46,48,124,126,127" machi="17" ten="50,3200,0" yaku="1,1,18,1,53,0" doraHai="102" doraHaiUra="98" who="3" fromWho="0" sc="465,-47,290,0,153,0,82,57" /><INIT seed="5,0,0,2,3,100" ten="418,290,153,139" oya="1" hai0="14,84,80,46,134,51,55,116,91,62,117,45,122" hai1="74,50,114,63,89,64,36,99,121,49,110,102,70" hai2="25,105,15,124,113,17,103,19,56,101,24,60,52" hai3="93,107,18,29,76,4,3,47,32,61,11,95,130"/><U30/><E121/><V26/><F124/><W94/><G130/><T67/><D134/><U0/><E0/><V12/><F113/><W20/><G76/><T111/><D111/><U21/><E74/><V35/><F35/><W98/><G47/><T10/><D122/><U54/><E36/><V106/><F103/><W120/><G120/><T28/><D28/><U133/><E133/><V127/><F127/><W48/><G48/><T42/><D46/><U1/><E1/><V13/><REACH who="2" step="1"/><F101/><REACH who="2" ten="418,290,143,139" step="2"/><W8/><G32/><T131/><D131/><U81/><E102/><V38/><F38/><W108/><G108/><T129/><D129/><U7/><E114/><V123/><F123/><W109/><G109/><T6/><D42/><U43/><E43/><V69/><F69/><AGARI ba="0,1" hai="6,10,14,45,51,55,62,67,69,80,84,91,116,117" machi="69" ten="30,1000,0" yaku="7,1" doraHai="100" who="0" fromWho="2" sc="418,20,290,0,143,-10,139,0" /><INIT seed="6,0,0,1,1,128" ten="438,290,133,139" oya="2" hai0="91,65,94,100,110,74,123,23,40,50,43,124,10" hai1="125,80,127,105,4,130,101,8,117,90,95,19,48" hai2="17,62,42,72,70,18,28,44,15,53,81,29,115" hai3="9,27,108,1,122,76,107,97,129,78,24,11,119"/><V22/><F115/><W52/><G108/><T26/><D74/><U31/><E130/><V13/><F72/><W87/><G119/><T38/><D38/><U37/><E37/><V46/><F81/><W3/><G122/><T58/><D110/><U6/><E117/><V135/><F135/><W49/><G129/><T104/><D104/><U67/><E31/><N who="2" m="11851" /><F70/><W121/><G121/><T134/><D100/><U59/><E101/><V73/><F73/><W69/><G69/><T41/><D134/><U61/><E105/><V20/><F42/><W116/><G116/><T36/><D36/><U16/><E80/><V33/><F33/><W83/><G76/><T106/><D10/><N who="3" m="3593" /><G3/><T51/><D106/><U30/><E30/><V12/><F62/><W88/><G1/><T63/><D124/><U93/><E61/><V86/><F86/><N who="3" m="48503" /><G97/><N who="0" m="57567" /><D123/><U34/><E34/><V55/><F13/><W92/><G107/><T64/><D64/><U98/><E125/><V0/><F0/><W77/><G77/><T45/><D51/><U68/><E68/><V47/><AGARI ba="0,0" hai="12,15,17,18,20,22,44,46,47,53,55" m="11851" machi="47" ten="30,1500,0" yaku="8,1" doraHai="128" who="2" fromWho="2" sc="438,-5,290,-5,133,15,139,-5" /><INIT seed="6,1,0,1,4,93" ten="433,285,148,134" oya="2" hai0="64,27,133,56,28,16,92,121,49,18,66,14,126" hai1="70,106,113,117,58,128,36,120,4,41,101,63,108" hai2="85,20,75,77,61,125,88,40,89,127,25,129,82" hai3="43,48,0,17,52,86,10,62,53,47,102,59,103"/><V8/><F129/><W2/><G2/><T12/><D121/><U116/><E101/><V22/><F40/><W114/><G114/><T57/><D126/><N who="2" m="48138" /><F8/><W50/><G86/><T55/><D133/><U80/><E106/><V83/><F61/><W26/><G0/><T73/><D73/><U104/><E104/><V45/><F45/><W107/><G107/><T134/><D134/><U21/><E70/><V97/><F25/><W122/><G122/><T32/><D92/><AGARI ba="1,0" hai="20,22,75,77,82,83,85,88,89,92,97" m="48138" machi="92" ten="30,5800,0" yaku="18,1,52,1,54,1" doraHai="93" who="2" fromWho="0" sc="433,-61,285,0,148,61,134,0" /><INIT seed="6,2,0,5,0,86" ten="372,285,209,134" oya="2" hai0="80,55,23,99,107,60,134,18,129,93,95,53,38" hai1="45,16,91,89,39,50,44,105,110,21,46,15,94" hai2="11,26,1,74,78,43,4,5,58,37,81,73,22" hai3="34,10,56,122,119,20,135,33,112,127,97,96,63"/><V52/><F4/><W115/><G122/><T84/><D38/><U59/><E110/><V98/><F98/><W32/><G119/><T30/><D129/><U111/><E105/><V17/><F43/><W69/><G69/><T66/><D134/><U64/><E111/><V7/><F7/><W79/><G135/><T126/><D107/><U51/><E39/><V35/><F35/><W70/><G70/><T49/><D30/><U41/><E94/><N who="0" m="35849" /><D99/><U57/><E45/><V106/><F106/><W40/><G40/><T133/><D126/><U114/><E114/><N who="3" m="43562" /><G79/><N who="0" m="46111" /><D49/><U31/><E31/><V71/><F71/><W101/><G101/><T109/><D109/><U131/><E131/><V85/><REACH who="2" step="1"/><F37/><REACH who="2" ten="372,285,199,134" step="2"/><W48/><G127/><T90/><D133/><U67/><E41/><V6/><F6/><W28/><G96/><T108/><D108/><U14/><E21/><V75/><F75/><W0/><G97/><T121/><D121/><U132/><E132/><V72/><F72/><W77/><G20/><T29/><D23/><U117/><E117/><V47/><F47/><W92/><G32/><T8/><D29/><U76/><E16/><V68/><F68/><W100/><G28/><T13/><D18/><U2/><E2/><V83/><F83/><W12/><G33/><T27/><D27/><U24/><E24/><V87/><F87/><W128/><G34/><T113/><D113/><U104/><E104/><V103/><F103/><W19/><G0/><T25/><D25/><U102/><E102/><V36/><F36/><W88/><G100/><T130/><D130/><U82/><E82/><RYUUKYOKU ba="2,1" sc="372,-15,285,15,199,15,134,-15" hai1="14,15,44,46,50,51,57,59,64,67,76,89,91" hai2="1,5,11,17,22,26,52,58,73,74,78,81,85" /><INIT seed="6,3,1,0,2,25" ten="357,300,214,119" oya="2" hai0="131,79,57,96,45,94,55,95,56,120,5,92,82" hai1="51,34,84,1,16,32,19,60,115,76,72,6,101" hai2="125,23,40,46,13,29,3,87,37,121,122,65,89" hai3="111,42,103,86,2,102,59,107,27,21,9,88,73"/><V106/><F3/><W91/><G111/><T10/><D120/><U26/><E72/><V127/><F106/><W98/><G73/><T80/><D131/><U61/><E101/><V108/><F65/><W112/><G112/><T126/><D126/><N who="2" m="48138" /><F108/><W130/><G130/><T123/><D123/><N who="2" m="47114" /><F13/><W62/><G102/><T0/><D45/><U105/><E115/><V78/><F78/><W18/><G42/><T116/><D116/><U83/><E105/><V15/><F15/><W66/><REACH who="3" step="1"/><G86/><REACH who="3" ten="357,300,214,109" step="2"/><T119/><D119/><U48/><E84/><V85/><F89/><W4/><AGARI ba="3,2" hai="2,4,9,18,21,27,59,62,66,88,91,98,103,107" machi="4" ten="30,7900,0" yaku="1,1,2,1,0,1,54,1,53,0" doraHai="25" doraHaiUra="43" who="3" fromWho="3" sc="357,-23,300,-23,214,-42,109,108" /><INIT seed="7,0,0,5,0,79" ten="334,277,172,217" oya="3" hai0="120,85,14,22,23,61,132,126,72,119,105,3,127" hai1="34,102,58,113,115,35,38,100,44,131,20,25,116" hai2="47,16,51,52,128,18,45,54,8,71,32,48,82" hai3="123,88,5,2,73,46,99,70,66,78,69,43,62"/><W97/><G123/><T68/><D72/><U90/><E131/><V7/><F32/><W56/><G70/><T135/><D3/><U129/><E129/><V134/><F128/><W121/><G121/><T101/><D120/><U91/><E58/><V10/><F71/><W80/><G69/><T55/><D119/><U114/><E116/><V122/><F122/><W76/><G76/><T75/><D75/><U108/><E108/><V106/><F106/><W1/><G1/><T27/><D14/><U40/><E100/><V9/><F134/><N who="0" m="51242" /><D85/><U87/><E102/><V111/><F111/><W53/><G53/><T86/><D86/><U31/><REACH who="1" step="1"/><E91/><REACH who="1" ten="334,267,172,217" step="2"/><V74/><F7/><W36/><G88/><T124/><D101/><U30/><E30/><V93/><F93/><AGARI ba="0,1" hai="20,25,31,34,35,38,40,44,87,90,93,113,114,115" machi="93" ten="40,2600,0" yaku="1,1,15,1,53,0" doraHai="79" doraHaiUra="59" who="1" fromWho="2" sc="334,0,267,36,172,-26,217,0" owari="334,43.0,303,10.0,146,-35.0,217,-18.0" /></mjloggm>