<mjloggm ver="2.3"><GO type="169" lobby="0"/><UN n0="%4C%61%73%6B%26%59%75" n1="%73%68%6F%6F%74%33%39" n2="%E6%94%AF%E5%80%89%E7%AB%9C" n3="%E5%B0%B1%E6%B4%BB%E7%94%9F%40%E5%B7%9D%E6%9D%91%E8%BB%8D%E5%9B%A3" dan="17,17,16,18" rate="2184.38,2145.18,2116.97,2261.42" sx="M,M,M,M"/><TAIKYOKU oya="0"/><INIT seed="0,0,0,3,4,76" ten="250,250,250,250" oya="0" hai0="135,2,98,5,20,104,15,51,1,134,133,80,99" hai1="31,103,109,25,35,125,58,132,16,27,30,101,73" hai2="117,66,17,120,100,67,45,92,8,3,14,75,91" hai3="33,71,11,63,94,118,41,9,131,78,24,39,57"/><T128/><D128/><U37/><E109/><V113/><F120/><W95/><G71/><T90/><D51/><U28/><E37/><V130/><F113/><W26/><G118/><T87/><D104/><U36/><E36/><V88/><F130/><W62/><G78/><T93/><D98/><U60/><E125/><V96/><F117/><W79/><G79/><T110/><D110/><U22/><E73/><V34/><F34/><W47/><G131/><T105/><D105/><U108/><E132/><V0/><F75/><W112/><G112/><T72/><D72/><U56/><E108/><V52/><F0/><W55/><G63/><T127/><D127/><U86/><E58/><V106/><F3/><W21/><G33/><T10/><REACH who="0" step="1"/><D20/><REACH who="0" ten="240,250,250,250" step="2"/><U42/><E35/><V54/><F106/><W64/><G21/><T97/><D97/><U32/><E32/><V61/><F61/><W4/><G62/><T68/><D68/><U107/><E107/><V40/><F100/><AGARI ba="0,1" hai="1,2,5,10,15,80,87,90,93,99,100,133,134,135" machi="100" ten="40,12000,1" yaku="1,1,20,1,52,1,53,1" doraHai="76" doraHaiUra="83" who="0" fromWho="2" sc="240,130,250,0,250,-120,250,0" /><INIT seed="0,1,0,0,2,132" ten="370,250,130,250" oya="0" hai0="32,53,106,115,94,54,80,11,29,113,108,51,96" hai1="133,93,121,82,122,25,37,14,84,5,127,75,41" hai2="92,21,49,95,39,103,59,52,36,17,27,120,55" hai3="19,31,15,10,79,43,56,22,105,6,3,46,83"/><T26/><D106/><U101/><E37/><V134/><F120/><W20/><G105/><T110/><D80/><U58/><E41/><V50/><F134/><W7/><G56/><N who="0" m="32831" /><D54/><U33/><E75/><V30/><F30/><W8/><G31/><T9/><D9/><U116/><E133/><V12/><F27/><W61/><G61/><T63/><D63/><U125/><E58/><V119/><F119/><W102/><G102/><N who="0" m="60695" /><D11/><N who="1" m="4463" /><E116/><V111/><F111/><AGARI ba="1,0" hai="26,29,32,108,110,111,113,115" m="60695,32831" machi="111" ten="30,2900,0" yaku="14,1,10,1" doraHai="132" who="0" fromWho="2" sc="370,32,250,0,130,-32,250,0" /><INIT seed="0,2,0,1,0,25" ten="402,250,98,250" oya="0" hai0="103,95,81,66,122,58,10,22,125,53,96,11,82" hai1="115,31,38,65,12,84,18,113,50,60,59,23,15" hai2="28,114,26,93,118,68,49,5,123,130,40,48,64" hai3="55,61,75,110,105,47,1,51,35,9,30,13,17"/><T69/><D122/><U45/><E38/><V39/><F123/><W41/><G105/><T42/><D125/><U8/><E84/><V133/><F114/><W128/><G75/><T16/><D42/><U99/><E99/><V101/><F130/><W4/><G110/><T71/><D71/><U78/><E78/><V104/><F133/><W21/><G128/><T73/><D66/><U14/><E115/><V33/><F118/><W89/><G89/><T112/><D69/><U119/><E119/><V79/><F79/><W97/><G97/><T0/><D112/><U134/><E134/><V86/><F5/><W54/><G61/><N who="0" m="36047" /><D73/><U117/><E117/><V90/><F40/><W102/><G102/><T32/><D32/><U24/><REACH who="1" step="1"/><E113/><REACH who="1" ten="402,240,98,250" step="2"/><V135/><F135/><W131/><G131/><T37/><D37/><U98/><E98/><N who="2" m="61495" /><F39/><W3/><REACH who="3" step="1"/><G1/><REACH who="3" ten="402,240,98,240" step="2"/><T83/><D0/><U7/><E7/><V70/><F70/><W46/><G46/><T29/><D96/><U88/><E88/><V92/><F92/><W111/><G111/><T94/><D103/><U67/><E67/><V6/><F6/><W132/><G132/><T124/><D124/><U109/><E109/><V91/><F91/><W43/><G43/><AGARI ba="2,2" hai="8,12,14,15,18,23,24,31,43,45,50,59,60,65" machi="43" ten="30,7700,0" yaku="1,1,7,1,8,1,52,1,53,0" doraHai="25" doraHaiUra="87" who="1" fromWho="3" sc="402,0,240,103,98,0,240,-83" /><INIT seed="1,0,0,0,2,55" ten="402,343,98,157" oya="1" hai0="117,13,0,27,78,29,127,76,72,38,81,30,110" hai1="96,1,113,8,50,15,23,80,14,21,102,103,26" hai2="95,17,106,135,134,28,43,115,45,75,132,107,108" hai3="3,104,101,74,59,99,121,56,123,114,85,77,60"/><U54/><E113/><V94/><F108/><W90/><G3/><T111/><D117/><U105/><E103/><V73/><F115/><W5/><G5/><T42/><D127/><U48/><E1/><V24/><F17/><W63/><G114/><T36/><D0/><U87/><E50/><V70/><F70/><W86/><G74/><N who="2" m="28169" /><F45/><W7/><G7/><T93/><D93/><N who="2" m="35338" /><F43/><W126/><G77/><T119/><D76/><U25/><E25/><V37/><F37/><W133/><G126/><T68/><D68/><U128/><E128/><V92/><N who="2" m="35346" /><V10/><DORA hai="66" /><F10/><W4/><G4/><T97/><D36/><U6/><E15/><V69/><F69/><W40/><G40/><T131/><D38/><U35/><E35/><AGARI ba="0,0" hai="24,28,35,106,107,132,134,135" m="35346,28169" machi="35" ten="40,1300,0" yaku="20,1" doraHai="55,66" who="2" fromWho="1" sc="402,0,343,-13,98,13,157,0" /><INIT seed="2,0,0,2,3,44" ten="402,330,111,157" oya="2" hai0="83,64,125,92,21,73,46,127,59,108,41,120,30" hai1="55,70,115,94,0,107,112,62,19,133,88,38,69" hai2="45,35,58,39,98,87,123,10,31,2,54,119,79" hai3="4,86,74,3,1,68,117,65,49,89,42,6,116"/><V22/><F123/><W32/><G74/><T118/><D120/><U84/><E107/><V81/><F119/><W7/><G32/><T91/><D118/><U126/><E38/><V76/><F35/><W78/><G78/><N who="0" m="44495" /><D59/><U27/><E0/><V16/><F31/><W33/><G33/><T43/><D64/><U51/><E133/><V11/><F98/><W77/><G77/><T93/><D108/><U97/><E126/><V122/><F122/><W101/><G101/><T50/><D43/><U47/><E84/><V100/><F100/><W36/><G36/><T132/><D132/><U110/><E110/><V104/><F104/><W18/><G18/><T113/><D113/><U67/><E70/><V24/><F76/><W80/><G116/><T20/><D30/><U13/><REACH who="1" step="1"/><E27/><REACH who="1" ten="402,320,111,157" step="2"/><V66/><F2/><W102/><G117/><T71/><D71/><U90/><E90/><V109/><F109/><W34/><G102/><T28/><D91/><U82/><E82/><V111/><F111/><W56/><G68/><T128/><D125/><U99/><E99/><V25/><F25/><W52/><G3/><T106/><D127/><U5/><E5/><V72/><F72/><W14/><G1/><T12/><D106/><U85/><E85/><V29/><F39/><W134/><G134/><T37/><D37/><U60/><E60/><N who="2" m="38167" /><F29/><W17/><G89/><T15/><D28/><U103/><E103/><V61/><F61/><N who="3" m="38055" /><G80/><T95/><D15/><U23/><AGARI ba="0,1" hai="13,19,23,47,51,55,62,67,69,88,94,97,112,115" machi="23" ten="20,8000,1" yaku="1,1,0,1,7,1,52,1,54,1,53,0" doraHai="44" doraHaiUra="75" who="1" fromWho="1" sc="402,-20,320,90,111,-40,157,-20" /><INIT seed="3,0,0,3,2,37" ten="382,410,71,137" oya="3" hai0="52,5,43,74,85,79,12,40,7,126,31,58,28" hai1="119,3,47,103,17,15,110,51,118,91,56,71,75" hai2="130,35,113,36,46,82,83,94,55,42,6,104,9" hai3="25,133,34,57,76,50,88,117,115,128,29,100,97"/><W10/><G117/><T81/><D74/><U4/><E71/><V48/><F113/><W93/><G115/><T87/><D87/><U84/><E75/><V39/><F130/><W80/><G128/><T121/><D126/><U114/><E114/><V107/><F35/><W99/><G133/><T90/><D79/><U26/><E103/><V77/><F94/><W132/><G132/><T131/><D121/><U63/><E26/><V41/><F36/><W101/><G10/><N who="0" m="4175" /><D7/><U30/><E30/><N who="0" m="11305" /><D131/><U16/><E3/><V96/><F96/><W32/><G32/><T105/><D105/><U45/><E4/><V120/><F120/><W73/><REACH who="3" step="1"/><G97/><REACH who="3" ten="382,410,71,127" step="2"/><T59/><D59/><U24/><E56/><V64/><F9/><W95/><G95/><T65/><D65/><U68/><E119/><V89/><F64/><W54/><AGARI ba="0,1" hai="25,29,34,50,54,57,73,76,80,88,93,99,100,101" machi="54" ten="30,11700,0" yaku="1,1,0,1,54,1,53,1" doraHai="37" doraHaiUra="20" who="3" fromWho="3" sc="382,-39,410,-39,71,-39,127,127" /><INIT seed="3,1,0,0,2,104" ten="343,371,32,254" oya="3" hai0="51,118,30,130,15,32,55,129,97,35,80,47,105" hai1="46,1,133,81,23,18,4,66,117,135,71,29,123" hai2="132,10,57,44,116,86,7,82,110,125,2,28,54" hai3="60,111,34,126,56,41,113,16,77,53,68,63,85"/><W96/><G96/><T128/><D118/><U20/><E71/><V38/><F110/><W89/><G34/><T65/><D65/><U107/><E66/><V58/><F116/><W11/><G113/><T39/><D39/><U9/><E107/><V17/><F125/><W114/><G114/><T127/><D127/><U108/><E117/><V31/><F132/><N who="1" m="50761" /><E46/><V61/><F17/><W59/><G126/><T25/><D15/><N who="1" m="9311" /><E81/><V112/><F112/><W24/><G41/><T49/><D80/><U40/><E40/><V84/><F84/><W52/><G68/><T6/><D6/><U119/><E119/><V73/><F38/><W48/><G111/><T121/><D121/><U42/><E42/><V37/><F37/><W33/><G33/><N who="0" m="20687" /><D51/><U98/><E98/><V22/><F44/><W101/><G101/><AGARI ba="1,0" hai="32,35,47,49,55,97,101,105,128,129,130" m="20687" machi="101" ten="30,1000,0" yaku="19,1" doraHai="104" who="0" fromWho="3" sc="343,13,371,0,32,0,254,-13" /><INIT seed="4,0,0,2,5,10" ten="356,371,32,241" oya="0" hai0="62,126,34,22,41,29,3,14,72,73,135,91,120" hai1="104,85,132,67,79,99,84,124,115,69,18,49,88" hai2="13,113,58,45,37,47,117,28,106,75,86,4,121" hai3="134,130,40,65,108,48,70,19,17,97,46,64,5"/><T16/><D120/><U50/><E69/><V23/><F121/><W87/><G108/><T42/><D3/><U8/><E132/><V25/><F113/><W107/><G70/><T77/><D135/><U26/><E124/><V55/><F117/><W39/><G39/><T0/><D0/><U98/><E67/><V105/><F75/><W81/><G5/><T114/><D114/><U7/><E104/><V31/><F31/><W119/><G119/><T127/><D91/><U21/><E115/><V56/><F56/><W60/><G60/><T111/><D62/><U6/><E79/><V52/><F86/><W35/><G35/><T74/><D77/><U36/><E36/><V78/><F78/><W125/><G125/><N who="0" m="47627" /><D111/><U101/><E84/><V90/><F90/><W133/><G130/><T44/><D44/><U96/><E101/><V38/><F38/><W27/><G133/><T68/><D68/><U57/><E57/><V112/><F112/><W93/><G134/><T1/><D1/><U61/><E61/><V100/><F100/><N who="3" m="60463" /><G107/><T118/><D118/><U51/><REACH who="1" step="1"/><E8/><REACH who="1" ten="356,361,32,241" step="2"/><N who="2" m="4231" /><F106/><W95/><G65/><T89/><D89/><U63/><E63/><V24/><F105/><W103/><G64/><T30/><D34/><U53/><E53/><V11/><F37/><W129/><G129/><T33/><D33/><U83/><AGARI ba="0,1" hai="6,7,18,21,26,49,50,51,83,85,88,96,98,99" machi="83" ten="30,7900,0" yaku="1,1,0,1,8,1,54,1,53,0" doraHai="10" doraHaiUra="71" who="1" fromWho="1" sc="356,-39,361,89,32,-20,241,-20" /><INIT seed="5,0,0,3,2,104" ten="317,450,12,221" oya="1" hai0="15,84,29,34,68,38,77,88,13,53,43,78,2" hai1="115,125,23,42,126,85,39,131,47,65,61,35,89" hai2="111,130,108,19,0,134,87,71,129,72,97,118,133" hai3="27,33,103,95,36,3,86,113,49,91,110,14,107"/><U62/><E35/><V22/><F0/><W67/><G3/><T16/><D2/><U69/><E23/><V112/><F71/><W117/><G36/><T28/><D68/><U45/><E85/><V66/><F66/><W122/><G110/><N who="2" m="42025" /><F19/><W10/><G122/><T93/><D38/><U46/><E89/><V70/><F22/><W41/><G113/><T54/><D43/><U11/><E115/><V60/><F60/><W128/><G128/><N who="2" m="49257" /><F70/><W102/><G107/><T17/><D34/><U83/><E11/><V26/><F26/><W63/><G27/><T73/><D73/><U24/><E24/><V120/><F112/><W123/><G33/><T121/><D121/><U92/><E131/><V32/><F32/><W25/><G25/><T57/><D15/><U114/><E114/><V40/><F40/><W106/><G106/><T5/><D5/><U1/><E1/><V127/><F120/><W6/><G117/><T9/><D17/><U80/><E42/><V81/><F118/><W64/><G123/><T58/><D58/><U21/><E39/><V56/><F56/><N who="3" m="36967" /><G67/><T48/><REACH who="0" step="1"/><D54/><REACH who="0" ten="307,450,12,221" step="2"/><U100/><E69/><V52/><F52/><W94/><G41/><T105/><D105/><U109/><E109/><V90/><F127/><W101/><G49/><T59/><D59/><U96/><E65/><V76/><F97/><AGARI ba="0,1" hai="6,10,14,86,91,94,95,97,101,102,103" m="36967" machi="97" ten="30,1000,0" yaku="8,1" doraHai="104" who="3" fromWho="2" sc="307,0,450,0,12,-10,221,20" /><INIT seed="6,0,0,2,2,60" ten="307,450,2,241" oya="2" hai0="39,34,80,43,120,11,23,20,119,0,21,99,45" hai1="105,110,33,70,95,58,69,6,123,134,109,116,88" hai2="135,32,124,121,122,66,81,101,3,29,53,107,30" hai3="25,41,35,85,115,26,86,72,56,24,108,49,2"/><V16/><F3/><W67/><G72/><T132/><D120/><U19/><E116/><V10/><F32/><W51/><G108/><T17/><D119/><U98/><E123/><V12/><F124/><W74/><G74/><T13/><D132/><U65/><E6/><V22/><F135/><W75/><G75/><T125/><D125/><U63/><E134/><V31/><F81/><W83/><G2/><T4/><D34/><U118/><E118/><V55/><F66/><W48/><G115/><T102/><D80/><U129/><E129/><V78/><F78/><W126/><G126/><T94/><AGARI ba="0,0" hai="0,4,11,13,17,20,21,23,39,43,45,94,99,102" machi="94" ten="20,1500,0" yaku="0,1,7,1" doraHai="60" who="0" fromWho="0" sc="307,15,450,-4,2,-7,241,-4" owari="322,12.0,446,55.0,-5,-51.0,237,-16.0" /></mjloggm>