<mjloggm ver="2.3"><GO type="169" lobby="0"/><UN n0="%E5%B0%B1%E6%B4%BB%E7%94%9F%40%E5%B7%9D%E6%9D%91%E8%BB%8D%E5%9B%A3" n1="%E3%82%B5%E3%83%96%E3%82%A2%E3%83%A9%E3%83%89" n2="%E9%88%B4%E4%BD%B3" n3="%E3%82%AE%E3%82%AC%E3%83%9E%E3%82%A4%E3%83%B3" dan="16,16,16,16" rate="2114.38,2129.69,2135.64,2111.15" sx="M,M,M,M"/><TAIKYOKU oya="0"/><INIT seed="0,0,0,3,5,118" ten="250,250,250,250" oya="0" hai0="59,53,66,91,73,27,92,94,127,128,99,78,47" hai1="60,135,45,131,130,77,87,101,76,46,134,98,18" hai2="70,119,96,44,102,95,54,29,132,28,133,41,36" hai3="79,58,25,11,100,24,113,120,50,52,89,97,43"/><T115/><D115/><U126/><E60/><V9/><F70/><W15/><G113/><T7/><D127/><U8/><E8/><V64/><F64/><W90/><G79/><T110/><D128/><N who="1" m="49195" /><E18/><V32/><F32/><W33/><G120/><T12/><D110/><U5/><E5/><V34/><F119/><W55/><G43/><T81/><D27/><U122/><E122/><V2/><F34/><W67/><G67/><T71/><D71/><U30/><E30/><V31/><F54/><W124/><G124/><T26/><D26/><U129/><N who="1" m="49203" /><U107/><DORA hai="116" /><E126/><V21/><F21/><W111/><G111/><T86/><D47/><N who="1" m="17931" /><E87/><V39/><REACH who="2" step="1"/><F36/><REACH who="2" ten="250,250,240,250" step="2"/><W75/><G55/><T108/><D108/><U109/><E109/><V1/><F1/><W16/><G25/><T20/><D66/><U104/><E104/><V65/><F65/><W57/><G24/><T68/><D68/><U93/><E107/><V56/><F56/><W112/><G33/><T10/><D20/><U85/><E85/><V14/><F14/><W3/><G58/><T38/><D38/><U13/><E13/><V61/><F61/><W117/><G3/><T80/><REACH who="0" step="1"/><D99/><REACH who="0" ten="240,250,240,250" step="2"/><U49/><E49/><AGARI ba="0,2" hai="7,10,12,49,53,59,73,78,80,81,86,91,92,94" machi="49" ten="30,5800,0" yaku="1,1,2,1,7,1,53,0" doraHai="118,116" doraHaiUra="125,62" who="0" fromWho="1" sc="240,78,250,-58,240,0,250,0" /><INIT seed="0,1,0,0,4,109" ten="318,192,240,250" oya="0" hai0="75,4,3,6,57,38,35,29,83,19,27,119,20" hai1="23,105,12,70,21,118,133,65,90,22,9,123,28" hai2="40,48,31,62,59,85,129,37,104,52,80,64,41" hai3="2,128,121,36,45,87,122,81,78,26,86,33,113"/><T124/><D38/><U94/><E123/><N who="3" m="47114" /><G2/><T24/><D75/><U132/><E105/><V32/><F104/><W49/><G128/><T73/><D73/><U103/><E103/><V96/><F129/><W58/><G36/><T112/><D83/><U97/><E118/><V34/><F96/><W1/><G1/><T116/><D57/><U15/><E65/><V71/><F31/><N who="3" m="19703" /><G58/><T66/><D66/><U5/><E70/><V50/><F50/><W77/><G113/><T134/><D134/><N who="1" m="51819" /><E15/><V95/><F95/><W115/><G115/><T108/><D108/><U76/><E76/><N who="3" m="29290" /><G81/><T39/><D39/><U84/><E97/><V74/><F74/><W130/><G130/><T106/><D106/><U82/><E82/><V120/><F120/><W46/><G46/><T51/><D112/><U111/><E111/><V67/><F67/><W43/><AGARI ba="1,0" hai="43,45,49,86,87" m="29290,19703,47114" machi="43" ten="30,1100,0" yaku="13,1" doraHai="109" who="3" fromWho="3" sc="318,-6,192,-4,240,-4,250,14" /><INIT seed="1,0,0,3,1,6" ten="312,188,236,264" oya="1" hai0="56,37,84,131,5,79,0,8,92,75,21,17,117" hai1="112,109,87,29,2,102,62,96,94,61,36,10,67" hai2="124,60,31,24,20,121,101,107,85,100,13,134,26" hai3="74,81,120,58,95,55,30,51,129,32,50,113,23"/><U15/><E112/><V64/><F121/><W123/><G113/><T122/><D117/><U86/><E2/><V22/><F134/><W34/><G129/><T99/><D37/><U57/><E36/><V77/><F107/><W73/><G95/><T65/><D122/><U44/><E109/><V104/><F104/><W33/><G51/><T59/><D75/><U3/><E3/><V69/><F124/><W111/><G74/><T25/><D65/><U38/><E62/><V116/><F116/><W18/><G30/><T7/><D7/><U78/><E78/><V12/><F77/><W128/><G128/><T19/><D19/><U97/><E97/><V88/><F101/><W126/><G111/><T63/><D63/><U52/><E29/><V110/><F100/><W16/><G18/><T27/><D27/><U130/><E130/><V80/><REACH who="2" step="1"/><F110/><REACH who="2" ten="312,188,226,264" step="2"/><W39/><G126/><T91/><D131/><U105/><E105/><V9/><F9/><W114/><G114/><T98/><D79/><U54/><E38/><V72/><F72/><W41/><G73/><T11/><D11/><U45/><E45/><V14/><F14/><W83/><G123/><T103/><REACH who="0" step="1"/><D98/><REACH who="0" ten="302,188,226,264" step="2"/><U68/><E68/><V106/><F106/><AGARI ba="0,2" hai="0,5,8,17,21,25,56,59,84,91,92,99,103,106" machi="106" ten="30,8000,1" yaku="1,1,2,1,7,1,52,1,53,1" doraHai="6" doraHaiUra="82" who="0" fromWho="2" sc="302,100,188,0,226,-80,264,0" /><INIT seed="2,0,0,1,3,62" ten="402,188,146,264" oya="2" hai0="52,130,97,0,81,59,128,73,6,14,133,79,96" hai1="72,127,103,105,67,32,54,70,46,61,124,119,132" hai2="83,50,94,114,107,106,53,118,31,41,91,84,55" hai3="129,15,78,135,85,23,3,98,8,9,75,40,1"/><V88/><F114/><W44/><G129/><N who="0" m="49771" /><D0/><U86/><E119/><V11/><F118/><W126/><G135/><T74/><D74/><U82/><E132/><V101/><F101/><W99/><G126/><N who="1" m="48170" /><E72/><V125/><F125/><W117/><G117/><T102/><D133/><U47/><E32/><V71/><F71/><W64/><G23/><T111/><D111/><U68/><E68/><V17/><F31/><W18/><G85/><T95/><D97/><N who="1" m="61679" /><E54/><V2/><F41/><W29/><G29/><T42/><D42/><U122/><E122/><V104/><F50/><W51/><G1/><T109/><D109/><U113/><E113/><V35/><F35/><W37/><G51/><N who="0" m="31135" /><D14/><U16/><E16/><V58/><F58/><W63/><G3/><T93/><D6/><U92/><E92/><AGARI ba="0,0" hai="73,79,81,92,93,95,96,102" m="31135,49771" machi="92" ten="30,2000,0" yaku="19,1,54,1" doraHai="62" who="0" fromWho="1" sc="402,20,188,-20,146,0,264,0" /><INIT seed="3,0,0,3,5,108" ten="422,168,146,264" oya="3" hai0="4,86,24,6,128,10,18,53,96,94,20,107,35" hai1="97,131,50,90,52,26,124,49,3,16,28,62,106" hai2="74,29,76,121,113,85,103,132,30,38,69,70,77" hai3="111,21,25,51,135,34,82,122,64,60,14,23,41"/><W12/><G122/><T91/><D128/><U98/><E131/><V7/><F38/><W67/><G135/><T27/><D107/><U8/><E124/><V71/><F74/><W119/><G119/><T61/><D10/><U79/><E79/><V100/><F132/><W72/><G34/><T118/><D118/><U65/><E3/><V63/><F121/><W73/><G111/><T101/><D27/><U88/><E98/><V5/><F63/><W19/><G82/><N who="0" m="49623" /><D35/><U42/><E42/><V117/><F117/><W130/><G130/><T48/><D61/><U13/><E50/><V99/><F85/><W56/><G67/><T46/><AGARI ba="0,0" hai="4,6,18,20,24,46,48,53,94,96,101" m="49623" machi="46" ten="30,1100,0" yaku="8,1" doraHai="108" who="0" fromWho="0" sc="422,11,168,-3,146,-3,264,-5" /><INIT seed="4,0,0,3,4,103" ten="433,165,143,259" oya="0" hai0="113,79,33,9,2,51,17,121,129,48,118,34,128" hai1="30,50,112,31,80,45,83,115,90,60,117,41,49" hai2="29,94,62,106,87,108,20,14,69,25,76,114,88" hai3="27,130,123,32,16,105,120,127,36,19,70,57,109"/><T82/><D51/><U100/><E117/><V71/><F108/><W6/><G70/><T23/><D48/><U8/><E8/><V47/><F114/><N who="1" m="43561" /><E50/><V111/><F111/><W44/><G109/><T116/><D82/><N who="1" m="31275" /><E100/><V4/><F76/><W55/><G6/><N who="0" m="1239" /><D79/><U73/><E73/><V5/><F47/><W86/><G32/><N who="0" m="12395" /><D121/><U63/><E90/><V56/><F106/><W95/><G105/><T124/><D124/><U77/><E77/><V38/><F38/><W72/><G127/><T61/><D61/><AGARI ba="0,0" hai="30,31,41,45,49,60,61,63" m="31275,43561" machi="61" ten="30,2000,0" yaku="15,1,11,1" doraHai="103" who="1" fromWho="0" sc="433,-20,165,20,143,0,259,0" /><INIT seed="5,0,0,1,4,10" ten="413,185,143,259" oya="1" hai0="31,13,61,33,19,5,105,114,88,46,118,55,4" hai1="27,16,60,9,58,107,37,41,91,35,72,85,87" hai2="112,79,111,23,22,95,59,42,64,34,89,51,76" hai3="109,62,36,40,119,131,127,99,122,84,24,29,54"/><U17/><E72/><V113/><F111/><W70/><G109/><T68/><D105/><U97/><E41/><V49/><F34/><W53/><G122/><T108/><D108/><U96/><E37/><V11/><F11/><W48/><G84/><T120/><D114/><N who="2" m="44138" /><F42/><W2/><G2/><T116/><D68/><U86/><E107/><V7/><F7/><W3/><G3/><T93/><D120/><U67/><E35/><V6/><F6/><W8/><G8/><T57/><D46/><U30/><E30/><V132/><F132/><W134/><G99/><N who="1" m="37962" /><E17/><V66/><F95/><W15/><G29/><T39/><D39/><U115/><E115/><V101/><F89/><W117/><G36/><T38/><D38/><U52/><E91/><V78/><F101/><W135/><G40/><T45/><D31/><U0/><E0/><V1/><F1/><W92/><G135/><T28/><D28/><U14/><E27/><V129/><F129/><W80/><G24/><T103/><D33/><U102/><E102/><V128/><F128/><W133/><G131/><T63/><D103/><U74/><E74/><V75/><F75/><W12/><G134/><T43/><D116/><U65/><AGARI ba="0,0" hai="9,14,16,52,58,60,65,67,85,86,87" m="37962" machi="65" ten="30,11700,0" yaku="8,1,52,1,54,2" doraHai="10" who="1" fromWho="1" sc="413,-39,185,117,143,-39,259,-39" /><INIT seed="5,1,0,3,1,85" ten="374,302,104,220" oya="1" hai0="105,27,39,43,54,16,23,120,73,8,15,34,116" hai1="19,127,6,93,70,18,44,111,58,125,40,53,4" hai2="42,22,98,32,126,84,101,68,71,128,83,12,108" hai3="102,67,135,95,96,88,131,29,99,25,48,2,79"/><U63/><E70/><V106/><F32/><W35/><G135/><T130/><D116/><U1/><E111/><V92/><F108/><W50/><G131/><T62/><D105/><U31/><E31/><V57/><F128/><W113/><G113/><T7/><D73/><U41/><E93/><V119/><F119/><W14/><G2/><T121/><D130/><U77/><E77/><V107/><F126/><N who="1" m="48137" /><E1/><V90/><F42/><N who="1" m="16489" /><E44/><V104/><REACH who="2" step="1"/><F57/><REACH who="2" ten="374,302,94,220" step="2"/><W110/><G110/><T56/><D34/><U87/><E58/><V82/><F82/><W38/><G38/><T86/><D43/><U52/><E63/><V9/><F9/><W60/><G79/><T20/><D39/><U37/><E37/><V109/><F109/><W55/><G60/><T59/><D56/><U89/><E4/><V11/><F11/><W80/><G35/><T69/><D69/><U103/><E6/><V51/><F51/><W33/><G50/><T78/><D23/><U0/><E0/><V94/><F94/><W3/><G80/><N who="0" m="47383" /><D120/><U117/><E117/><V133/><F133/><W17/><G3/><T75/><D121/><U112/><E112/><V13/><F13/><W97/><G14/><T61/><D75/><U123/><E123/><V129/><F129/><W115/><G115/><T132/><D132/><U64/><E64/><V21/><F21/><W72/><G67/><T114/><D114/><U28/><E53/><V118/><F118/><W45/><G72/><T65/><D61/><U124/><E52/><AGARI ba="1,1" hai="7,8,15,16,20,27,52,54,59,62,65" m="47383" machi="52" ten="30,3900,0" yaku="8,1,54,2" doraHai="85" who="0" fromWho="1" sc="374,52,302,-42,94,0,220,0" /><INIT seed="6,0,0,4,0,56" ten="426,260,94,220" oya="2" hai0="124,119,120,76,77,65,78,43,58,80,62,105,128" hai1="117,51,30,50,18,102,41,38,5,52,0,21,118" hai2="101,115,34,95,71,45,29,23,12,104,1,14,42" hai3="54,28,63,134,8,100,61,68,106,107,32,93,90"/><V88/><F1/><W89/><G134/><T55/><D120/><U125/><E125/><V98/><F34/><W99/><G8/><T97/><D124/><U53/><E102/><V31/><F71/><W83/><G106/><T3/><D3/><U59/><E30/><V57/><F115/><W91/><G83/><T6/><D128/><U46/><E5/><V94/><F104/><W116/><G116/><T9/><D43/><U24/><REACH who="1" step="1"/><E0/><REACH who="1" ten="426,250,94,220" step="2"/><V79/><F79/><W72/><G28/><T103/><D119/><U126/><E126/><V27/><F31/><W121/><G121/><T22/><D77/><U33/><E33/><V111/><F111/><W84/><G32/><T49/><D76/><U4/><E4/><V69/><F69/><W131/><G131/><T19/><D6/><U135/><E135/><V11/><F11/><W122/><G122/><T48/><D78/><U114/><E114/><V60/><F42/><W86/><G72/><T82/><D103/><U26/><E26/><V20/><F20/><W127/><G127/><T73/><D19/><U74/><E74/><V7/><F7/><W92/><G68/><T47/><D73/><U132/><E132/><V75/><F75/><W13/><G13/><T81/><D22/><U40/><E40/><V123/><F123/><W35/><G35/><T108/><D9/><U17/><E17/><V70/><F70/><W66/><G107/><T39/><D108/><U16/><E16/><V110/><F110/><W67/><G100/><T15/><D15/><U112/><E112/><V36/><F101/><W133/><G133/><RYUUKYOKU ba="0,1" sc="426,-10,250,30,94,-10,220,-10" hai1="18,21,24,38,41,46,50,51,52,53,59,117,118" /><INIT seed="7,1,1,1,2,52" ten="416,280,84,210" oya="3" hai0="81,102,13,105,29,120,135,126,7,108,51,112,39" hai1="74,61,43,41,36,127,117,55,25,75,69,31,40" hai2="11,15,123,110,113,124,20,24,0,50,129,17,48" hai3="134,109,94,119,106,130,35,37,8,82,116,65,12"/><W28/><G106/><T66/><D66/><U99/><E127/><V89/><F110/><W133/><G37/><T2/><D13/><U118/><E99/><V46/><F113/><W14/><G94/><T26/><D51/><U97/><E97/><V38/><F124/><W60/><G82/><T84/><D84/><U56/><E36/><V1/><F129/><W77/><G77/><T132/><D81/><U42/><N who="1" m="10240" /><DORA hai="114" /><U100/><E100/><V63/><F38/><W88/><G88/><T68/><D102/><U122/><E69/><V58/><F123/><W9/><G130/><T72/><D26/><U3/><E3/><V121/><F121/><W47/><G47/><T67/><D7/><U10/><E122/><V79/><F1/><W5/><G109/><T54/><D39/><U32/><REACH who="1" step="1"/><E10/><REACH who="1" ten="416,270,84,210" step="2"/><V33/><F0/><W101/><G101/><T125/><D2/><U21/><E21/><V64/><F33/><W27/><G133/><T4/><D125/><U59/><E59/><V93/><F79/><W131/><G134/><T30/><D126/><U107/><E107/><V34/><F34/><W18/><G131/><T111/><D105/><U86/><E86/><V44/><F44/><W96/><G96/><T92/><D120/><U53/><E53/><V83/><F46/><W70/><AGARI ba="1,2" hai="5,8,9,12,14,18,27,28,35,60,65,70,116,119" machi="70" ten="20,7800,0" yaku="0,1,7,1,52,2" doraHai="52,114" who="3" fromWho="3" sc="416,-27,270,-27,84,-27,210,101" /><INIT seed="7,2,0,2,2,29" ten="389,243,57,311" oya="3" hai0="130,72,31,35,20,26,10,58,90,104,44,63,43" hai1="83,93,131,95,46,2,9,59,12,96,114,13,22" hai2="110,122,70,81,60,11,41,49,74,51,66,106,33" hai3="134,27,92,116,82,5,3,88,25,62,40,117,52"/><W98/><G134/><T68/><D72/><U118/><E131/><V23/><F23/><W32/><G3/><T132/><D104/><U77/><E118/><V84/><F84/><N who="3" m="50199" /><G5/><T91/><D132/><U100/><E114/><V14/><F122/><W15/><G32/><T94/><D68/><U97/><E2/><V123/><F33/><W119/><G119/><T1/><D130/><U34/><E34/><V6/><F123/><W133/><G133/><T37/><D35/><U79/><E46/><V39/><F39/><W54/><G15/><T7/><D94/><U71/><E71/><V89/><F14/><W115/><G115/><T124/><D124/><U113/><E113/><V103/><F6/><W67/><G40/><T45/><D45/><U21/><E83/><V78/><F41/><W121/><G121/><T76/><D76/><U105/><E105/><V30/><F70/><W135/><G135/><T112/><D112/><U125/><E125/><V107/><F30/><W86/><G86/><T57/><D57/><U85/><E59/><V61/><F74/><W120/><G120/><T48/><D37/><U129/><E85/><V75/><F75/><W56/><G117/><T24/><D24/><N who="3" m="9289" /><G116/><T50/><D50/><U38/><E38/><V0/><F0/><W101/><AGARI ba="2,0" hai="52,54,56,62,67,92,98,101" m="9289,50199" machi="101" ten="30,6000,0" yaku="8,1,54,2" doraHai="29" who="3" fromWho="3" sc="389,-22,243,-22,57,-22,311,66" owari="367,17.0,221,-18.0,35,-46.0,377,47.0" /></mjloggm>