<mjloggm ver="2.3"><GO type="41" lobby="0"/><UN n0="%64%61%69%6F" n1="%E5%B0%B1%E6%B4%BB%E7%94%9F%40%E5%B7%9D%E6%9D%91%E8%BB%8D%E5%9B%A3" n2="%E3%83%AC%E3%83%87%E3%82%A3%E3%82%AA%E4%BD%93%E6%93%8D" n3="%E3%81%8F%E3%82%8D%E3%81%B5%E3%81%89%E3%83%BC%E3%81%A9" dan="15,18,13,13" rate="2019.67,2218.78,2025.24,1832.19" sx="M,M,M,M"/><TAIKYOKU oya="0"/><INIT seed="0,0,0,5,1,51" ten="250,250,250,250" oya="0" hai0="116,33,115,83,62,50,53,6,109,9,24,32,19" hai1="29,118,21,88,11,64,27,41,17,34,79,60,124" hai2="117,73,125,68,26,35,31,131,123,84,54,90,92" hai3="0,58,112,128,69,94,66,119,46,16,15,89,99"/><T22/><D116/><U49/><E118/><V1/><F123/><W14/><G119/><T36/><D36/><U77/><E124/><V97/><F125/><W106/><G112/><T78/><D62/><U95/><E11/><V130/><F1/><W42/><G0/><T122/><D122/><U5/><E5/><V113/><F68/><W134/><G128/><N who="2" m="49193" /><F73/><W71/><G134/><T43/><D43/><U91/><E41/><V100/><F113/><W107/><G14/><T133/><D133/><U13/><E91/><V81/><F117/><W96/><G96/><T67/><D67/><U48/><E77/><V102/><F102/><W61/><G71/><T38/><D38/><U98/><REACH who="1" step="1"/><E79/><REACH who="1" ten="250,240,250,250" step="2"/><V28/><F28/><W74/><G69/><AGARI ba="0,1" hai="13,17,21,27,29,34,48,49,60,64,69,88,95,98" machi="69" ten="30,8000,1" yaku="1,1,2,1,7,1,54,1,53,1" doraHai="51" doraHaiUra="59" who="1" fromWho="3" sc="250,0,240,90,250,0,250,-80" /><INIT seed="1,0,0,3,3,98" ten="250,330,250,170" oya="1" hai0="25,28,106,18,93,19,80,57,112,124,21,66,8" hai1="53,40,72,130,56,32,121,118,128,108,62,48,133" hai2="4,33,69,31,99,115,91,77,44,52,94,103,135" hai3="2,20,123,55,90,63,116,26,30,51,119,114,100"/><U23/><E32/><V1/><F69/><W82/><G123/><T120/><D106/><U85/><E72/><V92/><F135/><W13/><G114/><T6/><D112/><U10/><E10/><V5/><F77/><W3/><G63/><T47/><D120/><U127/><E85/><V101/><F115/><W46/><G13/><T132/><D132/><U60/><E23/><V86/><F1/><W89/><G89/><T39/><D80/><U78/><E78/><V58/><F44/><W125/><G125/><T95/><D124/><U134/><E127/><V54/><F54/><W110/><G110/><T27/><D47/><N who="1" m="25703" /><E121/><V102/><F31/><W105/><G82/><T131/><D39/><U129/><E118/><N who="3" m="45098" /><G90/><T88/><D95/><U73/><E73/><V61/><F33/><W16/><G30/><T12/><D131/><U45/><E108/><V9/><F9/><W117/><N who="3" m="45106" /><W64/><DORA hai="81" /><G64/><T96/><D27/><U15/><E15/><V111/><F111/><W122/><G122/><T107/><D107/><U0/><E0/><V34/><F34/><W68/><G68/><T74/><D74/><U11/><E11/><V67/><F67/><W79/><G79/><T87/><D96/><AGARI ba="0,0" hai="2,3,16,20,26,46,51,55,96,100,105" m="45106" machi="96" ten="40,5200,0" yaku="12,1,52,1,54,1" doraHai="98,81" who="3" fromWho="0" sc="250,-52,330,0,250,0,170,52" /><INIT seed="2,0,0,3,3,128" ten="198,330,250,222" oya="2" hai0="32,70,86,107,14,9,110,95,31,60,106,74,81" hai1="58,100,30,111,123,104,53,67,113,93,18,48,97" hai2="19,0,40,23,6,82,99,80,119,15,26,129,45" hai3="5,73,77,117,10,41,133,7,20,112,38,24,87"/><V103/><F129/><W29/><G117/><T124/><D74/><U11/><E113/><V85/><F119/><W17/><G112/><T59/><D70/><U49/><E67/><V1/><F80/><W36/><G87/><T90/><D124/><U121/><E30/><V79/><F6/><W130/><G130/><T98/><D110/><U56/><E111/><V39/><REACH who="2" step="1"/><F15/><REACH who="2" ten="198,330,240,222" step="2"/><W21/><G5/><T44/><D81/><U94/><E121/><V135/><F135/><W54/><G133/><T22/><D14/><U63/><E123/><V47/><F47/><W75/><G7/><T120/><D44/><U28/><E94/><AGARI ba="0,1" hai="0,1,19,23,26,39,40,45,79,82,85,94,99,103" machi="94" ten="30,2900,0" yaku="1,1,7,1,53,0" doraHai="128" doraHaiUra="27" who="2" fromWho="1" sc="198,0,330,-29,240,39,222,0" /><INIT seed="2,1,0,4,1,119" ten="198,301,279,222" oya="2" hai0="79,74,124,8,14,44,2,25,6,0,129,58,85" hai1="121,30,126,11,104,90,26,77,100,35,7,51,83" hai2="27,131,81,117,15,125,87,91,99,22,120,36,110" hai3="43,40,39,1,18,29,116,71,63,105,97,61,84"/><V32/><F32/><W21/><G116/><T55/><D74/><U101/><E104/><V34/><F34/><W69/><G1/><T62/><D129/><U88/><E126/><V33/><F33/><W53/><G29/><T38/><D124/><U48/><E121/><V54/><F117/><W94/><G105/><T93/><D25/><U135/><E135/><V68/><F125/><W28/><G28/><T78/><D79/><U64/><E64/><V20/><F131/><W112/><G112/><T19/><D19/><U57/><E100/><V41/><F120/><W89/><G63/><T42/><REACH who="0" step="1"/><D93/><REACH who="0" ten="188,301,279,222" step="2"/><U82/><E77/><V16/><F110/><W80/><G71/><T107/><D107/><U50/><E82/><AGARI ba="1,1" hai="0,2,6,8,14,38,42,44,55,58,62,78,82,85" machi="82" ten="40,1300,0" yaku="1,1,53,0" doraHai="119" doraHaiUra="67" who="0" fromWho="1" sc="188,26,301,-16,279,0,222,0" /><INIT seed="3,0,0,5,0,79" ten="214,285,279,222" oya="3" hai0="54,93,102,60,31,85,92,75,67,91,120,46,47" hai1="82,41,25,88,66,28,117,48,71,33,113,96,119" hai2="12,98,130,112,116,95,42,94,57,103,124,77,64" hai3="133,70,135,24,101,30,61,100,19,62,108,74,16"/><W2/><G74/><T107/><D120/><U32/><E113/><V27/><F116/><N who="1" m="44617" /><E33/><V4/><F42/><W7/><G2/><T39/><D75/><U123/><E123/><V8/><F124/><W72/><G72/><T35/><D107/><U65/><E71/><V26/><F130/><W5/><G70/><T132/><D132/><N who="3" m="50761" /><G24/><T1/><D1/><U84/><E96/><V97/><F112/><W134/><G30/><T121/><D121/><U110/><E110/><V14/><F14/><W109/><N who="3" m="50769" /><W34/><DORA hai="36" /><G34/><T37/><D31/><U63/><E63/><N who="3" m="24074" /><G5/><T17/><D35/><U18/><E18/><N who="3" m="6698" /><G7/><T11/><D60/><U76/><E76/><V114/><F114/><W52/><G52/><T68/><D54/><U127/><E127/><V111/><F64/><W106/><G106/><T3/><D67/><U78/><E78/><V21/><F77/><W29/><G29/><T38/><D68/><U44/><AGARI ba="0,0" hai="25,28,32,41,44,48,65,66,82,84,88" m="44617" machi="44" ten="30,7900,0" yaku="12,1,52,2,54,1" doraHai="79,36" who="1" fromWho="1" sc="214,-20,285,79,279,-20,222,-39" /><INIT seed="4,0,0,2,0,70" ten="194,364,259,183" oya="0" hai0="44,20,116,134,84,91,71,55,92,132,93,78,123" hai1="114,105,133,101,6,122,80,89,24,56,66,107,109" hai2="53,36,57,62,29,18,106,14,23,112,34,51,83" hai3="118,9,75,58,128,32,125,27,85,12,126,86,8"/><T99/><D71/><U121/><E6/><V88/><F106/><W5/><G118/><T25/><D123/><U10/><E10/><V47/><F112/><W41/><G75/><T42/><D55/><U94/><E24/><V7/><F7/><W79/><G128/><T100/><D78/><U0/><E66/><V15/><F34/><W96/><G96/><T72/><D72/><U95/><E56/><V119/><F36/><W64/><G9/><T13/><D13/><U54/><E54/><N who="2" m="30079" /><F29/><W49/><G32/><T102/><D102/><U129/><E0/><V115/><F115/><W76/><G27/><T37/><REACH who="0" step="1"/><D116/><REACH who="0" ten="184,364,259,183" step="2"/><U26/><E101/><V1/><F119/><W98/><G79/><T103/><D103/><U38/><E121/><V45/><F1/><W108/><G76/><T16/><AGARI ba="0,1" hai="16,20,25,37,42,44,84,91,92,93,99,100,132,134" machi="16" ten="30,11700,0" yaku="1,1,0,1,52,1,54,1,53,0" doraHai="70" doraHaiUra="113" who="0" fromWho="0" sc="184,127,364,-39,259,-39,183,-39" /><INIT seed="4,1,0,2,2,94" ten="311,325,220,144" oya="0" hai0="135,40,127,39,58,93,13,79,43,0,49,52,61" hai1="20,134,69,25,101,33,37,45,24,76,36,85,32" hai2="123,107,31,1,130,112,80,91,131,60,16,124,129" hai3="22,78,50,126,71,54,110,59,75,10,19,12,53"/><T116/><D0/><U72/><E69/><V5/><F123/><W66/><G110/><T30/><D116/><U34/><E134/><V62/><F107/><W48/><G126/><T122/><D122/><U46/><E72/><V28/><F124/><W70/><G66/><T84/><D135/><U65/><E65/><V111/><F111/><W4/><G75/><T104/><D104/><U105/><E76/><V96/><F112/><W67/><G67/><T18/><D30/><U14/><E85/><V73/><F5/><W81/><G81/><T11/><D39/><U119/><E119/><V9/><F9/><W98/><G78/><T64/><D127/><U3/><E3/><V56/><F1/><W125/><G125/><T41/><D79/><U117/><E117/><V82/><F62/><W109/><G109/><T103/><D84/><U108/><E108/><V90/><F73/><W15/><REACH who="3" step="1"/><G98/><REACH who="3" ten="311,325,220,134" step="2"/><N who="0" m="59855" /><D64/><U21/><E36/><V133/><F133/><W128/><G128/><T121/><D121/><U44/><E37/><V47/><F80/><W100/><G100/><T17/><D18/><U57/><E101/><V95/><F16/><W77/><G77/><T132/><D132/><U113/><E113/><V87/><REACH who="2" step="1"/><F47/><AGARI ba="1,1" hai="4,10,12,15,19,22,47,48,50,53,54,59,70,71" machi="47" ten="30,3900,0" yaku="1,1,7,1,53,1" doraHai="94" doraHaiUra="55" who="3" fromWho="2" sc="311,0,325,0,220,-42,134,52" /><AGARI ba="1,0" hai="11,13,17,40,41,43,47,49,52,58,61" m="59855" machi="47" ten="30,5800,0" yaku="8,1,52,1,54,1" doraHai="94" who="0" fromWho="2" sc="311,58,325,0,178,-58,186,0" /><INIT seed="4,2,0,2,0,80" ten="369,325,120,186" oya="0" hai0="85,87,111,8,51,75,9,73,68,121,46,101,20" hai1="4,55,102,132,63,22,128,31,53,5,66,88,61" hai2="35,12,114,84,19,103,70,41,60,100,77,1,21" hai3="15,33,50,130,57,44,118,45,92,113,18,69,115"/><T91/><D68/><U34/><E34/><V71/><F35/><W49/><G33/><T119/><D101/><U82/><E102/><V94/><F1/><W64/><G92/><T120/><D119/><U29/><E128/><V105/><F41/><W39/><G118/><T30/><D111/><U98/><E132/><V23/><F105/><W97/><G97/><T134/><D134/><U65/><E22/><V78/><F114/><W117/><G117/><T124/><D124/><U81/><E98/><V38/><F38/><W72/><G72/><T135/><D135/><U58/><E58/><V42/><F42/><W56/><G15/><T52/><D75/><U122/><REACH who="1" step="1"/><E88/><REACH who="1" ten="369,315,120,186" step="2"/><N who="2" m="53511" /><F71/><W0/><G130/><T28/><D20/><N who="2" m="7754" /><F70/><W7/><G69/><T40/><D120/><AGARI ba="2,1" hai="4,5,29,31,53,55,61,63,65,66,81,82,120,122" machi="120" ten="25,8000,1" yaku="1,1,22,2,53,2" doraHai="80" doraHaiUra="48" who="1" fromWho="0" sc="369,-86,315,96,120,0,186,0" /><INIT seed="5,0,0,5,2,120" ten="283,411,120,186" oya="1" hai0="45,117,103,7,107,18,131,38,74,114,89,54,58" hai1="108,84,22,70,95,133,99,57,2,82,31,132,29" hai2="122,42,51,78,28,123,39,65,102,17,19,52,80" hai3="63,49,88,27,109,90,8,32,112,25,48,6,96"/><U94/><E70/><V111/><F102/><W72/><G72/><T21/><D7/><U35/><E2/><V13/><F65/><W110/><G63/><T79/><D117/><U44/><E35/><V135/><F28/><W86/><G32/><T66/><D66/><U97/><E57/><V113/><F135/><W105/><G105/><T129/><D79/><U9/><E9/><V3/><F3/><W126/><G126/><T119/><D74/><U85/><E22/><V14/><F42/><W61/><G61/><T87/><D119/><U118/><E82/><V53/><F39/><W100/><G100/><T10/><D10/><U33/><E33/><V24/><F24/><N who="3" m="9291" /><G8/><T55/><D103/><U41/><E41/><V116/><F116/><W134/><G96/><T127/><D107/><U115/><E118/><V71/><F71/><W81/><G6/><T101/><D101/><U56/><E56/><V11/><F113/><W50/><G112/><T98/><D127/><U106/><E106/><V47/><F53/><W62/><G62/><T0/><D54/><U46/><E115/><V30/><F30/><W128/><G134/><T104/><D0/><U68/><E68/><V4/><F4/><W77/><G128/><T59/><D104/><U91/><E91/><N who="3" m="34858" /><G81/><T76/><D114/><U34/><E34/><V16/><F122/><W69/><G69/><T37/><D129/><U67/><E67/><V83/><F123/><W93/><G93/><T124/><D124/><U125/><E125/><V12/><F78/><W121/><G121/><T64/><D131/><U36/><E132/><RYUUKYOKU ba="0,0" sc="283,-10,411,-10,120,-10,186,30" hai3="48,49,50,77,86,109,110" /><INIT seed="6,1,0,3,2,86" ten="273,401,110,216" oya="2" hai0="31,46,58,99,1,26,44,35,38,68,119,90,6" hai1="92,45,105,12,88,74,50,82,2,116,57,0,107" hai2="121,106,108,85,100,129,79,60,9,109,64,126,134" hai3="120,72,25,63,133,5,14,128,34,11,54,130,123"/><V61/><F121/><N who="3" m="46667" /><G72/><T23/><D68/><U30/><E116/><V93/><F9/><W110/><G110/><N who="2" m="42601" /><F126/><W87/><G87/><T117/><D35/><U36/><E36/><V7/><F7/><W65/><G54/><T40/><D46/><U113/><E113/><V97/><F129/><N who="3" m="49771" /><G63/><N who="2" m="24137" /><F134/><W125/><G65/><T69/><D58/><U127/><E57/><V135/><F135/><W131/><N who="3" m="49779" /><W115/><DORA hai="53" /><G115/><T47/><D47/><U81/><E2/><V101/><F64/><W52/><G52/><T103/><D69/><U39/><E0/><V66/><F66/><W8/><G125/><T95/><D6/><U73/><E127/><V49/><F49/><W43/><G43/><T15/><D1/><U83/><E39/><V24/><F24/><W3/><G133/><T33/><D15/><U29/><E50/><V56/><F56/><W37/><G37/><T98/><REACH who="0" step="1"/><D33/><REACH who="0" ten="263,401,110,216" step="2"/><U118/><E45/><V122/><F122/><W71/><G71/><T77/><D77/><U132/><E132/><V42/><F42/><W19/><G34/><T17/><D17/><U62/><E12/><V96/><F79/><W89/><G25/><T48/><D48/><U102/><E62/><V111/><N who="2" m="42609" /><V20/><DORA hai="80" /><F20/><W18/><G18/><T75/><D75/><U124/><E73/><V112/><F112/><W78/><G78/><T28/><D28/><U51/><E74/><V4/><F4/><W59/><G59/><T70/><D70/><U41/><E51/><V104/><F104/><AGARI ba="1,1" hai="23,26,31,38,40,44,90,95,98,99,103,104,117,119" machi="104" ten="40,5200,0" yaku="1,1,52,1,53,1" doraHai="86,53,80" doraHaiUra="10,76,27" who="0" fromWho="2" sc="263,65,401,0,110,-55,216,0" /><INIT seed="7,0,0,2,4,33" ten="328,401,55,216" oya="3" hai0="98,65,126,104,57,122,101,23,14,37,77,124,56" hai1="7,110,114,46,131,42,11,3,113,43,49,95,29" hai2="115,31,118,120,52,74,28,15,92,18,35,21,34" hai3="36,79,27,70,32,103,30,68,10,47,133,59,26"/><W39/><G133/><T22/><D37/><U0/><E110/><V61/><F74/><W50/><G103/><T72/><D122/><U94/><E131/><V108/><F108/><W12/><G27/><T90/><D65/><U89/><E29/><V40/><F40/><W84/><G59/><T19/><D23/><U6/><E42/><V82/><F115/><N who="1" m="44041" /><E89/><V111/><F111/><W85/><G85/><T51/><D57/><U99/><E99/><V91/><F118/><W20/><G32/><T75/><D75/><U5/><E11/><V106/><F106/><W54/><G79/><T119/><D119/><U48/><E48/><V83/><F120/><W60/><G84/><T123/><D123/><U81/><E81/><V97/><F35/><W53/><G70/><T62/><D62/><U134/><E134/><V117/><F34/><W86/><G86/><T16/><D19/><U66/><E66/><V127/><F127/><W9/><G9/><T45/><D45/><U78/><E78/><V130/><F130/><W71/><G71/><T102/><D102/><U105/><E105/><V132/><F132/><W4/><REACH who="3" step="1"/><G54/><REACH who="3" ten="328,401,55,206" step="2"/><N who="0" m="31839" /><D77/><U24/><E24/><V25/><F117/><W100/><G100/><T2/><D72/><U8/><E8/><V128/><F128/><W112/><G112/><T80/><D90/><U17/><E17/><V13/><F25/><W41/><G41/><T76/><D76/><U64/><E64/><AGARI ba="0,1" hai="4,10,12,20,26,30,36,39,47,50,53,60,64,68" machi="64" ten="40,2000,0" yaku="1,1,53,0" doraHai="33" doraHaiUra="96" who="3" fromWho="1" sc="328,0,401,-20,55,0,206,30" /><INIT seed="7,1,0,4,0,55" ten="328,381,55,236" oya="3" hai0="66,23,127,89,76,91,107,10,71,28,120,11,134" hai1="62,102,7,105,43,135,85,35,33,111,84,96,98" hai2="20,29,61,26,49,19,30,95,100,9,51,118,86" hai3="21,112,79,108,119,3,45,32,15,0,114,34,101"/><W13/><G79/><T78/><D107/><U72/><E111/><V54/><F118/><W103/><G45/><T115/><D71/><U77/><E98/><V40/><F40/><W18/><G108/><T104/><D104/><U90/><E84/><V1/><F1/><N who="3" m="587" /><G119/><T25/><D66/><U87/><E7/><V73/><F73/><W44/><G44/><T57/><D120/><U122/><E87/><V64/><F49/><W129/><G129/><T70/><D70/><U24/><E24/><V63/><F63/><W59/><G59/><T31/><D23/><U133/><E43/><V5/><F100/><N who="3" m="38475" /><G21/><T37/><D25/><U22/><E22/><V50/><F50/><W75/><G75/><T131/><D131/><U110/><E110/><V36/><F36/><W41/><G18/><T124/><D37/><U60/><E122/><V69/><F95/><W53/><G53/><T74/><D74/><U14/><E62/><V47/><REACH who="2" step="1"/><F86/><REACH who="2" ten="328,381,45,236" step="2"/><W17/><G41/><T123/><D123/><U121/><E85/><V97/><F97/><W39/><G39/><T82/><D78/><U117/><E77/><V46/><F46/><W56/><G17/><T113/><D76/><U83/><E72/><V116/><F116/><W42/><G42/><T8/><D89/><U126/><E117/><V16/><F16/><W58/><G114/><T92/><D113/><U12/><E121/><V81/><F81/><W128/><G112/><T130/><D115/><U4/><E102/><V48/><F48/><W68/><G128/><T125/><D130/><U94/><E90/><V88/><F88/><RYUUKYOKU ba="1,1" sc="328,-10,381,-10,45,30,236,-10" hai2="5,9,19,20,26,29,30,47,51,54,61,64,69" owari="318,12.0,381,47.0,75,-42.0,226,-17.0" /></mjloggm>