<mjloggm ver="2.3"><GO type="169" lobby="0"/><UN n0="%E7%82%B9%E8%8D%89%E7%8B%AC%E6%AD%A9" n1="%E5%B0%B1%E6%B4%BB%E7%94%9F%40%E5%B7%9D%E6%9D%91%E8%BB%8D%E5%9B%A3" n2="%E3%81%92%E3%81%A3%E3%81%A1" n3="%4B%E3%80%82" dan="16,17,17,17" rate="2140.03,2196.18,2086.28,2173.28" sx="M,M,M,M"/><TAIKYOKU oya="0"/><INIT seed="0,0,0,1,2,124" ten="250,250,250,250" oya="0" hai0="98,128,120,135,105,92,34,107,23,7,114,57,106" hai1="113,95,41,82,54,104,44,53,75,123,47,0,133" hai2="96,21,49,99,116,32,83,86,76,24,66,52,88" hai3="10,63,89,78,126,81,97,28,115,25,4,39,118"/><T45/><D120/><U74/><E104/><V119/><F32/><W42/><G115/><T12/><D34/><U109/><E123/><V15/><F66/><W80/><G118/><N who="2" m="45097" /><F15/><W55/><G126/><T84/><D114/><U117/><E0/><V17/><F76/><W3/><G63/><T90/><D135/><U79/><E74/><V18/><F18/><W69/><G55/><T35/><D35/><U125/><E133/><V77/><F77/><W40/><G69/><T112/><D112/><U37/><E109/><V85/><F86/><W36/><G36/><T122/><D122/><U131/><E125/><V27/><F27/><W59/><G25/><T94/><D45/><AGARI ba="0,0" hai="17,21,24,45,49,52,83,85,88,96,99" m="45097" machi="45" ten="30,3900,0" yaku="12,1,54,2" doraHai="124" who="2" fromWho="0" sc="250,-39,250,0,250,39,250,0" /><INIT seed="1,0,0,1,2,35" ten="211,250,289,250" oya="1" hai0="73,127,4,102,64,61,71,57,2,10,13,14,37" hai1="26,0,100,70,41,122,78,123,34,3,107,31,68" hai2="12,66,27,125,69,29,36,16,25,95,109,117,63" hai3="67,43,89,52,51,87,106,54,120,93,82,53,18"/><U47/><E78/><V119/><F109/><W22/><G106/><T96/><D127/><U30/><E30/><V42/><F125/><W28/><G120/><T38/><D73/><U62/><E122/><V134/><F134/><W23/><G67/><T55/><D37/><N who="1" m="21935" /><E123/><V91/><F42/><W81/><G28/><T99/><D38/><U113/><E113/><V110/><F110/><W9/><G9/><T5/><D5/><U132/><E132/><V84/><F36/><W94/><G23/><T111/><D111/><U15/><E15/><V32/><REACH who="2" step="1"/><F25/><REACH who="2" ten="211,250,279,250" step="2"/><N who="3" m="14551" /><G81/><T97/><REACH who="0" step="1"/><D102/><REACH who="0" ten="201,250,279,250" step="2"/><U74/><E74/><V80/><F80/><W17/><G17/><T128/><D128/><U85/><E100/><V24/><F24/><W77/><G77/><T72/><D72/><U19/><E19/><V108/><F108/><W58/><G43/><T121/><D121/><U133/><E133/><V76/><F76/><W33/><G89/><T50/><AGARI ba="0,2" hai="2,4,10,13,14,50,55,57,61,64,71,96,97,99" machi="50" ten="30,4000,0" yaku="1,1,0,1,52,1,53,0" doraHai="35" doraHaiUra="86" who="0" fromWho="0" sc="201,60,250,-20,279,-10,250,-10" /><INIT seed="2,0,0,3,4,31" ten="261,230,269,240" oya="2" hai0="67,49,30,96,102,82,62,61,8,72,95,56,121" hai1="37,83,43,86,117,99,76,125,46,79,94,97,14" hai2="88,89,2,34,69,32,119,45,75,134,126,110,13" hai3="80,25,10,130,106,103,73,71,66,39,112,68,40"/><V78/><F119/><W129/><G112/><T27/><D121/><U124/><E117/><V123/><F123/><W108/><G108/><T36/><D36/><U15/><E79/><V64/><F2/><W26/><G10/><T16/><D49/><U48/><E37/><V44/><F110/><W19/><G103/><T107/><D62/><U113/><E113/><V17/><F64/><W131/><G106/><T29/><D107/><U116/><E116/><V85/><F69/><N who="3" m="26699" /><G66/><T47/><D47/><U41/><E41/><V100/><F100/><W20/><G25/><T3/><D3/><U4/><E99/><V127/><F134/><W109/><G109/><T21/><D8/><U93/><E94/><N who="2" m="54543" /><F89/><W6/><G6/><T54/><D54/><U53/><E53/><V65/><F65/><W104/><G104/><T77/><AGARI ba="0,0" hai="16,21,27,29,30,56,61,67,72,77,82,95,96,102" machi="77" ten="30,2000,0" yaku="0,1,54,1" doraHai="31" who="0" fromWho="0" sc="261,20,230,-5,269,-10,240,-5" /><INIT seed="3,0,0,2,0,15" ten="281,225,259,235" oya="3" hai0="129,39,7,62,20,66,79,78,132,123,116,83,18" hai1="133,42,28,117,0,93,104,106,27,58,22,17,48" hai2="14,91,69,52,51,24,115,82,74,59,32,5,108" hai3="112,35,57,124,9,50,68,121,10,85,89,19,43"/><W45/><G68/><T84/><D116/><U41/><E0/><V122/><F115/><W109/><G121/><T76/><D123/><U67/><E117/><V131/><F122/><W1/><G112/><T36/><D132/><U37/><E133/><V21/><F108/><W120/><G120/><T87/><D7/><U127/><E127/><V130/><F69/><W3/><G35/><T110/><D129/><U60/><E37/><V40/><F32/><W25/><G124/><T77/><D110/><U11/><E48/><V30/><F40/><W98/><G109/><T102/><D102/><U107/><E11/><V29/><F29/><W80/><G3/><T105/><D105/><U13/><REACH who="1" step="1"/><E93/><REACH who="1" ten="281,215,259,235" step="2"/><V33/><F131/><W70/><G1/><T8/><D8/><U94/><E94/><V86/><F130/><W44/><G10/><T65/><D39/><U23/><AGARI ba="0,1" hai="13,17,22,23,27,28,41,42,58,60,67,104,106,107" machi="23" ten="30,8000,1" yaku="1,1,0,1,52,1,53,2" doraHai="15" doraHaiUra="38" who="1" fromWho="1" sc="281,-20,215,90,259,-20,235,-40" /><INIT seed="4,0,0,2,4,73" ten="261,305,239,195" oya="0" hai0="5,98,7,17,113,97,24,21,117,43,39,25,13" hai1="101,29,135,44,38,42,91,111,96,86,100,93,92" hai2="37,83,132,36,55,28,70,11,1,99,107,114,119" hai3="74,69,32,75,60,15,68,48,12,82,51,122,81"/><T79/><D117/><U90/><E111/><V47/><F83/><W20/><G20/><T121/><D121/><U102/><E135/><V128/><F55/><W10/><G60/><T26/><D113/><U35/><E29/><V133/><F99/><N who="0" m="37898" /><D39/><U123/><REACH who="1" step="1"/><E35/><REACH who="1" ten="261,295,239,195" step="2"/><V129/><F28/><W71/><G69/><T30/><D30/><U120/><AGARI ba="0,1" hai="38,42,44,86,90,91,92,93,96,100,101,102,120,123" machi="120" ten="30,7900,0" yaku="1,1,2,1,0,1,53,1" doraHai="73" doraHaiUra="95" who="1" fromWho="1" sc="261,-39,295,89,239,-20,195,-20" /><INIT seed="5,0,0,1,5,85" ten="222,384,219,175" oya="1" hai0="5,131,127,39,56,133,57,61,115,132,36,114,20" hai1="80,38,125,8,90,49,16,58,96,70,22,75,53" hai2="119,27,105,45,31,112,6,86,55,74,15,76,21" hai3="117,73,104,97,69,66,89,129,92,63,54,23,68"/><U9/><E38/><N who="0" m="14377" /><D20/><U108/><E70/><V130/><F119/><W111/><G111/><T28/><D28/><U29/><E108/><V81/><F130/><W46/><G129/><T123/><D131/><U51/><E125/><V102/><F112/><N who="0" m="43050" /><D5/><U10/><E75/><V43/><F43/><W40/><G117/><T25/><D25/><N who="1" m="14535" /><E29/><V101/><F74/><W4/><G73/><T12/><D12/><U17/><E17/><V91/><F105/><W84/><G4/><T109/><D109/><U0/><E0/><V126/><F126/><W42/><G68/><T14/><D14/><U35/><E35/><V120/><F120/><W13/><G13/><T50/><D127/><U18/><E18/><V37/><F37/><W99/><G23/><T3/><D3/><U100/><E100/><V72/><F72/><W65/><G104/><T2/><D2/><U71/><E71/><V64/><F64/><W30/><G66/><N who="0" m="39207" /><D123/><U87/><E96/><V24/><F24/><W62/><G30/><T41/><D57/><U77/><E77/><V121/><F76/><W106/><G106/><T103/><D103/><U47/><E10/><N who="2" m="4567" /><F121/><W82/><G97/><T135/><D41/><AGARI ba="0,0" hai="8,9,41,47,49,51,53,58,80,87,90" m="14535" machi="41" ten="30,5800,0" yaku="8,1,52,1,54,1" doraHai="85" who="1" fromWho="0" sc="222,-58,384,58,219,0,175,0" /><INIT seed="5,1,0,4,4,5" ten="164,442,219,175" oya="1" hai0="57,125,9,42,97,109,19,127,20,104,72,90,27" hai1="31,94,91,39,64,33,25,2,130,107,56,81,86" hai2="129,46,93,115,61,131,4,77,66,23,123,63,34" hai3="51,73,11,135,69,37,103,126,45,75,8,0,7"/><U68/><E107/><V53/><F34/><W108/><G108/><T84/><D109/><U101/><E39/><V60/><F77/><W15/><G69/><T18/><D72/><U105/><E2/><V49/><F4/><W114/><G37/><T124/><D42/><U43/><E43/><V44/><F93/><W58/><G114/><T112/><D112/><U89/><E130/><N who="2" m="49675" /><F23/><W120/><G120/><T17/><D57/><U116/><E116/><V121/><F115/><W70/><G70/><T98/><D104/><U74/><E74/><V3/><F3/><W87/><G103/><T52/><D52/><U92/><E56/><N who="2" m="32815" /><F66/><W59/><G75/><T82/><REACH who="0" step="1"/><D9/><REACH who="0" ten="154,442,219,175" step="2"/><U54/><E64/><V96/><F96/><AGARI ba="1,1" hai="17,18,19,20,27,82,84,90,96,97,98,124,125,127" machi="96" ten="40,5200,0" yaku="1,1,2,1,18,1,53,0" doraHai="5" doraHaiUra="35" who="0" fromWho="2" sc="154,65,442,0,219,-55,175,0" /><INIT seed="6,0,0,4,1,69" ten="219,442,164,175" oya="2" hai0="101,99,123,55,95,25,4,89,116,47,9,48,37" hai1="28,119,45,13,64,134,124,76,34,27,53,84,83" hai2="121,73,18,65,104,127,57,44,6,72,126,40,88" hai3="75,30,43,19,10,133,59,52,80,21,128,0,63"/><V2/><F121/><W71/><G133/><T98/><D123/><U49/><E119/><V118/><F118/><W113/><G128/><T5/><D116/><U23/><E134/><V131/><F104/><W125/><G125/><N who="2" m="47625" /><F131/><W54/><G113/><T78/><D78/><U1/><E1/><V66/><F18/><W58/><G71/><T35/><D37/><U107/><E107/><V77/><F57/><W130/><G130/><T42/><D42/><U50/><E124/><V87/><F6/><W81/><G75/><N who="2" m="28745" /><F77/><W114/><G114/><T105/><D9/><U24/><E64/><V41/><F41/><W32/><G43/><T12/><D12/><U11/><E50/><N who="2" m="26887" /><F2/><W74/><G74/><T129/><D129/><U100/><E100/><V108/><F108/><W85/><G0/><T33/><D33/><U60/><E60/><V90/><F90/><W3/><G3/><T70/><D70/><U132/><E132/><V96/><F96/><W112/><G112/><T36/><D35/><U68/><E68/><V8/><F8/><W31/><G10/><T14/><D5/><U67/><E67/><V20/><F20/><W7/><G7/><T103/><D4/><N who="1" m="3303" /><E34/><V111/><F111/><W62/><G32/><T82/><D105/><U22/><E22/><V94/><AGARI ba="0,0" hai="65,66,87,88,94" m="26887,28745,47625" machi="94" ten="30,3000,0" yaku="18,1,54,1" doraHai="69" who="2" fromWho="2" sc="219,-10,442,-10,164,30,175,-10" /><INIT seed="6,1,0,0,4,73" ten="209,432,194,165" oya="2" hai0="9,86,67,109,120,68,40,16,23,126,41,106,38" hai1="62,87,27,18,51,92,85,64,94,61,101,77,66" hai2="47,78,37,83,6,124,34,1,7,46,130,134,14" hai3="95,131,96,91,52,4,69,116,114,105,59,84,48"/><V56/><F34/><W3/><G116/><T93/><D109/><U31/><E51/><V15/><F134/><W127/><G127/><T118/><D120/><U133/><E133/><V13/><F124/><W115/><G69/><T42/><D126/><U72/><E72/><V119/><F119/><W90/><G131/><T17/><D106/><U54/><E54/><V107/><F107/><W100/><G3/><T125/><D125/><U25/><E101/><V35/><F35/><W74/><G4/><T97/><D38/><U12/><E12/><V5/><F130/><W44/><G74/><T123/><D123/><U30/><E18/><V99/><F99/><W122/><G122/><T19/><D118/><U43/><E43/><V57/><F1/><W111/><G111/><T60/><D86/><U21/><E21/><V58/><F37/><W36/><REACH who="3" step="1"/><G91/><REACH who="3" ten="209,432,194,155" step="2"/><T103/><REACH who="0" step="1"/><D9/><REACH who="0" ten="199,432,194,155" step="2"/><U113/><E113/><V53/><REACH who="2" step="1"/><F53/><REACH who="2" ten="199,432,184,155" step="2"/><W75/><G75/><AGARI ba="1,3" hai="5,6,7,13,14,15,46,47,56,57,58,75,78,83" machi="75" ten="50,12000,1" yaku="1,1,2,1,29,2,52,1,53,0" doraHai="73" doraHaiUra="22" who="2" fromWho="3" sc="199,0,432,0,184,153,155,-123" /><INIT seed="6,2,0,5,0,21" ten="199,432,337,32" oya="2" hai0="57,13,46,17,15,25,125,77,100,126,67,73,32" hai1="24,134,133,107,130,60,94,36,63,96,115,127,39" hai2="45,97,78,47,116,62,119,129,123,92,113,19,109" hai3="11,98,18,83,66,90,22,110,72,76,102,124,114"/><V49/><F123/><W23/><G110/><T105/><D46/><U84/><E127/><V93/><F109/><W0/><G124/><N who="0" m="47723" /><D77/><U64/><E130/><V27/><F129/><W53/><G114/><T61/><D73/><U10/><E115/><V132/><F113/><W38/><G66/><T103/><D105/><U43/><E43/><V71/><F132/><N who="1" m="50793" /><E107/><V117/><F78/><W42/><G53/><T79/><D79/><U26/><E10/><V88/><F92/><W35/><G35/><T131/><D131/><U5/><E84/><V9/><F49/><W86/><G42/><T20/><D32/><U101/><E5/><V108/><F108/><W44/><G44/><T91/><D91/><U65/><E65/><V54/><F54/><W128/><G38/><N who="1" m="14378" /><E63/><V2/><F62/><W30/><G128/><T33/><D33/><U16/><E16/><V31/><F19/><W75/><G75/><T48/><D48/><U87/><E87/><V120/><F45/><W89/><G72/><T82/><D82/><U55/><E55/><V59/><F47/><W68/><G89/><T8/><D13/><U29/><E29/><AGARI ba="2,0" hai="8,15,17,20,25,29,57,61,67,100,103" m="47723" machi="29" ten="30,2000,0" yaku="18,1,52,1" doraHai="21" who="0" fromWho="1" sc="199,26,432,-26,337,0,32,0" /><INIT seed="7,0,0,4,3,6" ten="225,406,337,32" oya="3" hai0="20,92,59,34,122,57,66,14,23,105,130,29,111" hai1="0,75,103,67,69,24,54,126,16,108,84,106,42" hai2="46,18,76,90,38,56,40,86,83,115,72,3,4" hai3="99,64,91,109,89,101,134,100,62,43,121,70,102"/><W129/><G121/><T22/><D111/><U47/><E75/><V60/><F115/><W39/><G109/><T7/><D105/><U41/><E0/><V104/><F104/><W131/><G134/><T93/><D122/><U125/><E108/><V118/><F118/><W114/><G114/><T19/><D7/><U71/><E84/><V68/><F68/><W28/><G28/><T36/><D36/><U53/><E103/><V110/><F110/><W32/><G32/><T94/><D66/><U15/><E24/><V48/><F18/><W96/><G39/><T127/><D127/><N who="1" m="48651" /><E106/><V9/><F90/><N who="3" m="34315" /><G43/><N who="1" m="16394" /><E47/><V81/><F81/><W128/><AGARI ba="0,0" hai="62,64,70,96,99,100,101,102,128,129,131" m="34315" machi="128" ten="40,2100,0" yaku="19,1" doraHai="6" who="3" fromWho="3" sc="225,-7,406,-7,337,-7,32,21" /><INIT seed="7,1,0,1,1,23" ten="218,399,330,53" oya="3" hai0="52,124,80,49,81,55,119,7,33,88,96,106,61" hai1="64,125,9,95,45,116,126,43,25,97,110,11,19" hai2="102,115,60,79,0,22,57,1,21,28,51,65,112" hai3="118,135,93,94,121,82,70,8,76,44,42,120,14"/><W30/><G118/><T39/><D39/><U90/><E110/><V12/><F79/><W26/><G70/><T84/><D119/><U107/><E107/><V130/><F130/><W129/><G129/><T6/><D124/><N who="1" m="47723" /><E116/><V53/><F21/><W63/><G63/><T48/><D33/><U58/><E64/><V101/><F0/><W123/><G135/><T103/><D61/><U98/><E58/><V100/><F1/><W105/><G105/><T54/><D81/><U69/><E69/><V24/><REACH who="2" step="1"/><F12/><REACH who="2" ten="218,399,320,53" step="2"/><W27/><G14/><T78/><REACH who="0" step="1"/><D78/><REACH who="0" ten="208,399,320,53" step="2"/><U31/><E19/><V32/><F32/><W17/><G17/><T114/><D114/><U134/><E134/><V13/><F13/><W77/><G77/><T16/><D16/><U18/><E18/><V56/><AGARI ba="1,2" hai="22,24,28,51,53,56,57,60,65,100,101,102,112,115" machi="56" ten="30,4000,0" yaku="1,1,0,1,52,1,53,0" doraHai="23" doraHaiUra="91" who="2" fromWho="2" sc="208,-11,399,-11,320,63,53,-21" owari="197,-20.0,388,49.0,383,18.0,32,-47.0" /></mjloggm>