<mjloggm ver="2.3"><GO type="169" lobby="0"/><UN n0="%E3%83%8B%E3%83%A3%E3%83%83%E3%83%94%E3%83%BC%E5%A4%8F%E7%9B%AE" n1="%67%61%72%75%63%69%61" n2="%E6%9D%BE%E5%AE%9F%E7%8E%84%E3%81%98%E3%82%83%E3%81%AA%E3%81%84" n3="%E3%82%A6%E3%83%AB%E3%83%88%E3%83%A9%E7%AB%8B%E7%9B%B4" dan="17,16,17,17" rate="2182.14,2210.72,2207.71,2160.11" sx="M,M,F,M"/><TAIKYOKU oya="0"/><INIT seed="0,0,0,5,2,107" ten="250,250,250,250" oya="0" hai0="23,78,111,7,33,16,103,101,15,4,117,126,121" hai1="25,77,90,128,60,122,75,129,53,134,3,104,105" hai2="89,50,59,123,57,68,63,79,55,29,26,83,2" hai3="64,109,6,132,69,131,98,38,36,97,88,81,0"/><T70/><D117/><U24/><E3/><V34/><F2/><W39/><G131/><N who="1" m="50250" /><E122/><V43/><F123/><W32/><G32/><T84/><D121/><U112/><E134/><V91/><F68/><W85/><G132/><T46/><D33/><U18/><E112/><V71/><F71/><W67/><G109/><T54/><D70/><U114/><E90/><V44/><REACH who="2" step="1"/><F57/><REACH who="2" ten="250,250,240,250" step="2"/><W56/><G69/><T31/><D111/><U42/><E114/><V100/><F100/><W65/><G56/><T87/><D103/><U12/><E42/><V8/><F8/><W13/><G0/><T35/><D101/><U108/><E108/><V61/><F61/><W73/><G6/><T66/><D4/><U106/><E60/><V19/><F19/><W9/><G9/><T37/><D7/><U5/><E5/><V130/><F130/><W51/><G13/><T95/><D15/><U120/><E120/><V133/><F133/><W72/><REACH who="3" step="1"/><G51/><REACH who="3" ten="250,250,240,240" step="2"/><T102/><D37/><U99/><E12/><V115/><F115/><W82/><G82/><T20/><D31/><U45/><E25/><V49/><F49/><W96/><AGARI ba="0,2" hai="36,38,39,64,65,67,72,73,81,85,88,96,97,98" machi="96" ten="40,16000,3" yaku="1,1,0,1,29,2,52,2,54,1,53,1" doraHai="107" doraHaiUra="76" who="3" fromWho="3" sc="250,-80,250,-40,240,-40,240,180" /><INIT seed="1,0,0,3,1,95" ten="170,210,200,420" oya="1" hai0="51,31,8,135,39,41,46,1,134,13,53,100,85" hai1="6,128,52,118,38,17,12,63,119,65,25,126,107" hai2="88,4,105,14,79,70,40,111,87,49,30,101,22" hai3="37,44,58,47,98,123,132,34,19,129,96,60,125"/><U27/><E38/><V74/><F70/><W33/><G123/><T115/><D115/><U130/><E107/><V94/><F111/><W72/><G72/><T69/><D1/><U75/><E75/><V57/><F30/><W16/><G58/><T50/><D69/><U124/><E6/><V121/><F121/><W21/><G21/><T67/><D67/><U114/><E114/><V42/><F49/><W45/><G60/><T10/><D31/><U68/><E52/><V91/><F91/><W122/><G122/><T5/><D100/><U97/><E97/><N who="3" m="37482" /><G37/><T99/><D99/><U23/><E118/><V32/><F32/><N who="3" m="12395" /><G125/><N who="1" m="48234" /><E119/><V109/><F22/><W15/><G15/><T76/><D10/><U54/><E54/><V133/><F105/><W43/><G43/><T18/><D18/><N who="3" m="6697" /><G129/><AGARI ba="0,0" hai="12,17,23,25,27,63,65,68,128,129,130" m="48234" machi="129" ten="30,2900,0" yaku="19,1,18,1" doraHai="95" who="1" fromWho="3" sc="170,0,210,29,200,0,420,-29" /><INIT seed="1,1,0,3,1,118" ten="170,239,200,391" oya="1" hai0="77,87,133,28,121,7,65,124,107,70,99,45,35" hai1="30,38,122,12,111,94,43,66,76,123,59,54,80" hai2="13,47,32,115,33,91,86,116,44,92,56,60,4" hai3="49,72,3,129,79,117,95,101,52,27,135,46,103"/><U64/><E111/><V90/><F116/><W23/><G3/><T113/><D113/><U132/><E94/><V17/><F4/><W104/><G117/><T98/><D133/><U84/><E132/><V26/><F115/><W0/><G0/><T131/><D7/><U57/><E30/><V73/><F73/><W93/><G135/><T127/><D131/><U42/><E38/><V81/><F32/><W21/><G129/><T69/><D45/><U63/><E12/><V78/><F33/><W22/><G27/><N who="0" m="18847" /><D99/><U37/><E66/><N who="2" m="39175" /><F26/><W1/><G1/><T106/><D121/><U5/><E5/><V34/><F34/><W14/><G14/><T29/><D29/><U109/><E109/><V15/><F15/><W120/><G120/><T100/><D106/><U39/><E39/><V48/><F48/><W89/><G104/><T20/><D20/><U97/><E97/><N who="2" m="57495" /><F78/><W19/><G19/><T58/><D77/><U83/><E37/><V16/><F17/><W62/><G62/><N who="0" m="38103" /><D87/><U41/><REACH who="1" step="1"/><E80/><REACH who="1" ten="170,229,200,391" step="2"/><V51/><F13/><W105/><G93/><T102/><D102/><U85/><E85/><V50/><F16/><W36/><G36/><T31/><D31/><U134/><E134/><V130/><F130/><W53/><G103/><T88/><D100/><U11/><E11/><V71/><F81/><N who="3" m="45287" /><G101/><T8/><D8/><U24/><E24/><V67/><F86/><N who="3" m="52663" /><G105/><T75/><D107/><U2/><E2/><V18/><F18/><W68/><G22/><T61/><D98/><U125/><E125/><V25/><F25/><W114/><G21/><T126/><D127/><RYUUKYOKU ba="1,1" sc="170,-10,229,30,200,-10,391,-10" hai1="41,42,43,54,57,59,63,64,76,83,84,122,123" /><INIT seed="1,2,1,1,1,88" ten="160,259,190,381" oya="1" hai0="57,95,16,99,83,116,8,129,2,69,0,127,71" hai1="82,47,53,89,60,77,101,122,46,112,50,54,10" hai2="124,49,13,73,67,133,135,93,104,78,81,45,32" hai3="96,97,66,106,80,12,28,102,131,4,43,120,86"/><U33/><E122/><V62/><F104/><W105/><G120/><T38/><D116/><U59/><E33/><V113/><F32/><W5/><G131/><T1/><D38/><U94/><E112/><V42/><F113/><W9/><G28/><T115/><D115/><U70/><E70/><V114/><F114/><W27/><G27/><T118/><D118/><U123/><E123/><V24/><F24/><W87/><G66/><T25/><D129/><U14/><E101/><V34/><F34/><W41/><G5/><T11/><D83/><U126/><E126/><V72/><F124/><W29/><G29/><T63/><D127/><U58/><E82/><V76/><F13/><W90/><G87/><T128/><D128/><U36/><E77/><V6/><F6/><W61/><G61/><T52/><D11/><U110/><E110/><V39/><F39/><W109/><G109/><T30/><D30/><U23/><E36/><V31/><F31/><W20/><G20/><T100/><REACH who="0" step="1"/><D8/><REACH who="0" ten="150,259,190,381" step="2"/><U44/><E10/><V84/><F72/><W51/><G80/><T37/><D37/><U107/><E107/><V22/><F78/><W64/><G106/><T75/><D75/><U125/><E125/><V108/><F108/><W7/><G9/><T15/><D15/><U48/><E14/><V98/><F73/><W85/><G12/><T103/><D103/><U55/><E23/><AGARI ba="2,2" hai="0,1,2,16,23,25,52,57,63,69,71,95,99,100" machi="23" ten="40,8000,1" yaku="1,1,52,1,54,2,53,0" doraHai="88" doraHaiUra="68" who="0" fromWho="1" sc="150,106,259,-86,190,0,381,0" /><INIT seed="2,0,0,0,0,44" ten="256,173,190,381" oya="2" hai0="126,24,93,120,18,127,54,96,82,116,100,23,52" hai1="115,91,79,7,80,132,76,63,10,92,118,43,107" hai2="128,36,66,59,135,69,51,62,8,121,5,11,29" hai3="68,50,67,117,12,22,74,60,105,108,112,2,71"/><V56/><F121/><W16/><G117/><T122/><D116/><U6/><E107/><V26/><F36/><W40/><G74/><T1/><D1/><U109/><E118/><V42/><F135/><W70/><G105/><T32/><D32/><U72/><E115/><V15/><F128/><W9/><G112/><T110/><D110/><U75/><E109/><V38/><F38/><W41/><G108/><T87/><D120/><U34/><E34/><V133/><F133/><W20/><G20/><T28/><D28/><U114/><E114/><V101/><F101/><W37/><G37/><T130/><D130/><U19/><E43/><V14/><F42/><W85/><G85/><T123/><D122/><U53/><E132/><V77/><F77/><W102/><G102/><T17/><D17/><U58/><E75/><V57/><F51/><W94/><G94/><T81/><D81/><U33/><E33/><V119/><F119/><W98/><G98/><T45/><D123/><U55/><E79/><V61/><F61/><W104/><G104/><T124/><REACH who="0" step="1"/><D45/><REACH who="0" ten="246,173,190,381" step="2"/><U113/><E113/><V73/><F73/><W83/><G83/><T46/><D46/><U27/><E72/><V103/><F29/><W129/><G129/><T35/><D35/><U13/><E80/><V89/><F5/><W30/><G30/><T131/><D131/><U90/><E6/><V48/><F15/><W25/><G2/><T39/><D39/><U0/><E7/><V64/><F14/><W65/><G12/><T95/><D95/><U88/><E92/><V31/><F31/><W21/><G16/><RYUUKYOKU ba="0,1" sc="246,30,173,-10,190,-10,381,-10" hai0="18,23,24,52,54,82,87,93,96,100,124,126,127" /><INIT seed="3,1,1,4,5,115" ten="276,163,180,371" oya="3" hai0="18,58,74,6,11,19,103,63,109,66,51,90,122" hai1="2,88,25,27,113,34,61,124,3,128,41,33,127" hai2="72,20,22,106,4,130,21,46,118,101,96,71,129" hai3="91,131,105,30,10,120,17,121,102,82,93,68,107"/><W132/><G68/><T16/><D122/><U9/><E41/><V42/><F71/><W94/><G30/><T59/><D109/><U83/><E113/><V62/><F72/><W69/><G17/><T60/><D74/><U50/><E50/><V86/><F62/><W104/><G10/><T39/><D39/><U111/><E111/><V99/><F4/><W55/><G55/><N who="0" m="32127" /><D103/><U135/><E135/><V84/><F99/><N who="3" m="59767" /><G69/><T37/><D37/><U57/><E128/><N who="2" m="49259" /><F118/><W117/><G131/><T100/><D100/><U38/><E38/><AGARI ba="1,1" hai="20,21,22,38,42,46,84,86,96,101,106" m="49259" machi="38" ten="30,1000,0" yaku="19,1" doraHai="115" who="2" fromWho="1" sc="276,0,163,-13,180,23,371,0" /><INIT seed="4,0,0,4,1,19" ten="276,150,203,371" oya="0" hai0="48,3,82,127,105,40,95,35,0,90,52,69,62" hai1="64,66,54,102,32,78,17,45,100,6,94,70,110" hai2="65,83,135,74,71,13,118,112,68,49,29,36,72" hai3="39,114,24,57,79,1,117,76,131,124,86,85,116"/><T134/><D105/><U30/><E110/><V97/><F36/><W41/><G1/><T9/><D35/><U75/><E6/><V27/><F112/><W87/><G39/><T26/><D134/><U133/><E133/><V80/><F135/><W89/><G41/><T23/><D127/><U84/><E75/><V122/><F122/><W59/><G89/><T113/><D82/><U25/><E70/><V43/><F118/><W31/><G114/><T15/><D113/><U28/><E28/><V120/><F120/><W96/><G96/><T21/><D0/><U77/><E77/><V10/><F97/><W107/><G107/><T61/><D40/><U101/><E17/><V108/><F108/><W81/><G124/><T2/><D2/><U98/><E98/><V73/><F71/><W129/><G59/><N who="0" m="33159" /><D3/><U16/><E16/><V106/><F65/><W92/><G57/><T55/><D69/><U37/><E37/><V111/><F106/><W67/><G67/><T125/><D125/><U115/><E115/><V88/><F111/><W63/><G63/><N who="0" m="24075" /><D26/><U5/><E5/><V119/><F119/><W91/><G117/><T8/><D55/><U12/><E12/><V53/><F43/><W121/><G116/><T132/><D132/><U14/><E14/><V93/><F68/><W51/><G121/><T104/><D104/><U22/><E32/><N who="2" m="20543" /><F53/><W34/><G51/><T126/><D126/><U128/><E54/><V46/><F49/><W99/><G81/><T33/><D33/><U103/><E66/><V4/><F46/><W18/><G18/><N who="0" m="8559" /><D8/><U109/><E109/><RYUUKYOKU ba="0,0" sc="276,10,150,-30,203,10,371,10" hai0="21,23,90,95" hai2="4,10,13,72,73,74,80,83,88,93" hai3="24,31,34,76,79,85,86,87,91,92,99,129,131" /><INIT seed="4,1,0,4,4,117" ten="286,120,213,381" oya="0" hai0="126,26,116,48,103,32,69,102,55,37,82,125,21" hai1="85,58,41,63,99,92,79,130,90,105,66,120,78" hai2="131,123,75,61,124,135,18,73,56,1,20,129,25" hai3="57,8,44,29,65,114,7,89,76,40,45,113,110"/><T28/><D37/><U91/><E130/><N who="2" m="49675" /><F135/><W67/><G110/><T128/><D128/><U27/><E120/><V87/><F1/><W100/><G100/><T122/><D69/><U6/><E105/><V68/><F68/><W34/><G76/><T77/><D116/><U47/><E6/><V46/><F124/><N who="0" m="47722" /><D32/><U15/><E15/><V49/><F87/><W112/><G57/><N who="0" m="32999" /><D122/><U59/><E59/><V54/><F123/><W62/><G62/><T80/><D80/><U43/><E27/><V108/><F108/><W50/><G89/><T109/><D109/><U10/><E10/><V134/><F134/><W3/><G45/><T19/><D28/><U2/><E2/><V30/><F30/><W64/><G29/><T104/><D104/><U96/><E41/><AGARI ba="1,0" hai="18,20,25,41,46,49,54,56,61,73,75" m="49675" machi="41" ten="30,1000,0" yaku="19,1" doraHai="117" who="2" fromWho="1" sc="286,0,120,-13,213,13,381,0" /><INIT seed="5,0,0,0,5,20" ten="286,107,226,381" oya="1" hai0="118,120,44,46,59,19,87,62,125,115,106,112,71" hai1="69,9,83,58,14,33,45,60,113,67,86,128,116" hai2="132,49,17,101,54,95,10,88,93,42,68,124,79" hai3="35,98,99,81,109,55,32,30,94,34,76,135,18"/><U28/><E116/><V64/><F132/><W47/><G109/><T133/><D106/><U119/><E119/><V40/><F124/><W131/><G135/><T15/><D71/><U12/><E69/><V0/><F79/><W100/><G131/><T65/><D133/><U102/><E128/><V29/><F29/><W134/><G134/><T5/><D118/><U97/><E113/><N who="0" m="43593" /><D5/><U26/><E45/><V78/><F78/><W51/><G18/><T16/><D125/><U84/><E83/><V39/><F39/><W57/><G99/><T121/><D87/><U50/><E50/><V43/><F64/><W104/><G104/><T130/><D19/><U73/><E73/><V36/><F36/><W82/><G82/><T77/><D77/><U108/><E108/><V8/><F0/><W105/><G105/><T61/><D61/><U111/><E111/><V75/><F68/><W37/><G37/><T66/><D66/><U3/><E3/><V23/><F101/><W56/><REACH who="3" step="1"/><G30/><REACH who="3" ten="286,107,226,371" step="2"/><T117/><D130/><U91/><E91/><V53/><F88/><W72/><AGARI ba="0,1" hai="32,34,35,47,51,55,56,57,72,76,81,94,98,100" machi="72" ten="30,4000,0" yaku="1,1,2,1,0,1,53,0" doraHai="20" doraHaiUra="85" who="3" fromWho="3" sc="286,-10,107,-20,226,-10,371,50" /><INIT seed="6,0,0,5,1,112" ten="276,87,216,421" oya="2" hai0="0,25,118,107,30,59,40,128,57,100,90,62,81" hai1="20,51,110,88,54,122,9,41,7,32,67,28,133" hai2="1,15,68,6,75,91,78,22,21,94,117,86,115" hai3="46,48,85,29,126,102,69,42,63,87,106,39,14"/><V119/><F68/><W127/><G14/><T132/><D0/><U61/><E110/><V98/><F115/><W2/><G2/><T105/><D128/><U24/><E133/><V96/><F1/><W38/><G87/><T124/><D40/><U130/><E130/><V123/><F123/><W125/><G29/><T101/><D124/><U82/><E41/><V10/><F75/><W129/><G129/><T19/><D19/><U93/><E32/><V80/><REACH who="2" step="1"/><F98/><REACH who="2" ten="276,87,206,421" step="2"/><N who="3" m="61783" /><G85/><T72/><D72/><U89/><E122/><V35/><F35/><W65/><AGARI ba="0,1" hai="38,39,42,46,48,63,65,69,125,126,127" m="61783" machi="65" ten="40,1500,0" yaku="18,1" doraHai="112" who="3" fromWho="3" sc="276,-4,87,-4,206,-7,421,25" /><INIT seed="7,0,0,0,2,60" ten="272,83,199,446" oya="3" hai0="27,97,26,76,128,102,14,45,43,108,13,33,56" hai1="2,63,83,31,118,37,75,54,135,80,123,50,119" hai2="73,42,69,16,100,99,85,132,88,68,77,121,36" hai3="4,66,117,120,114,71,87,12,101,28,122,21,93"/><W39/><G66/><T125/><D108/><U98/><E2/><V115/><F115/><W58/><G58/><T47/><D128/><U15/><E123/><V57/><F132/><W62/><G62/><T18/><D76/><U59/><E37/><V127/><F127/><W29/><G87/><T41/><D33/><U95/><E135/><V61/><F121/><W79/><G93/><N who="0" m="58671" /><D125/><U38/><E38/><V110/><F110/><W89/><G21/><N who="0" m="11479" /><D56/><U112/><E75/><V126/><F126/><W82/><G12/><T44/><D13/><U67/><E112/><V81/><F16/><W133/><G4/><T103/><D103/><U48/><E31/><V22/><F22/><W92/><G89/><T131/><D131/><U91/><E15/><V104/><F42/><AGARI ba="0,0" hai="26,27,41,42,43,44,45,47" m="11479,58671" machi="42" ten="30,1000,0" yaku="8,1" doraHai="60" who="0" fromWho="2" sc="272,10,83,0,199,-10,446,0" owari="282,8.0,83,-42.0,189,-21.0,446,55.0" /></mjloggm>