<mjloggm ver="2.3"><GO type="169" lobby="0"/><UN n0="%E3%81%AE%E3%81%B3%E3%81%97%E3%82%8D%E2%99%82" n1="%E3%83%95%E3%82%A7%E3%83%AB%E3%83%8A%E3%83%B3%E3%83%89" n2="%E5%A4%A9%E8%8B%A6%E4%BD%8D" n3="%E5%B0%B1%E6%B4%BB%E7%94%9F%40%E5%B7%9D%E6%9D%91%E8%BB%8D%E5%9B%A3" dan="16,16,16,17" rate="2128.28,2153.12,2047.47,2244.86" sx="M,M,M,M"/><TAIKYOKU oya="0"/><INIT seed="0,0,0,1,2,41" ten="250,250,250,250" oya="0" hai0="6,52,122,104,110,91,34,51,11,120,29,74,56" hai1="57,42,78,134,107,19,70,84,94,25,118,76,124" hai2="44,92,114,28,27,47,10,99,77,123,89,93,131" hai3="60,59,71,83,69,127,35,117,38,53,43,82,105"/><T108/><D104/><U49/><E70/><V126/><F123/><W31/><G105/><T50/><D74/><U40/><E107/><V75/><F114/><W30/><G117/><T18/><D18/><U1/><E118/><V16/><F126/><W7/><G127/><T135/><D135/><U67/><E124/><V9/><F131/><W12/><G69/><T101/><D101/><U64/><E134/><V112/><F112/><W115/><G115/><T116/><D116/><U86/><E1/><V87/><F75/><W121/><G71/><T130/><D130/><U0/><E0/><V54/><F77/><W113/><G113/><T63/><D91/><U36/><E36/><V22/><F54/><W103/><G103/><T111/><D29/><U37/><E37/><V39/><F39/><W4/><G121/><N who="0" m="46699" /><D34/><U21/><E94/><V2/><F2/><AGARI ba="0,0" hai="2,6,11,50,51,52,56,63,108,110,111" m="46699" machi="2" ten="40,7700,0" yaku="14,1,10,1,54,1" doraHai="41" who="0" fromWho="2" sc="250,77,250,0,250,-77,250,0" /><INIT seed="0,1,0,0,5,91" ten="327,250,173,250" oya="0" hai0="107,102,96,79,54,86,63,62,2,49,73,117,47" hai1="0,67,13,131,89,3,132,5,39,78,115,34,109" hai2="23,100,25,75,19,122,58,71,1,85,108,53,24" hai3="31,87,133,81,113,6,30,119,98,11,134,83,103"/><T99/><D117/><U106/><E39/><V77/><F122/><W94/><G119/><T88/><D2/><U40/><E34/><V45/><F75/><W116/><G116/><T4/><D4/><U101/><E40/><V17/><F71/><W105/><G113/><T43/><D99/><U18/><E115/><V42/><F108/><W50/><G50/><T28/><D28/><U20/><E109/><V124/><F124/><W44/><G44/><T15/><D15/><U38/><E38/><V104/><F1/><W41/><G41/><T27/><D27/><U128/><E78/><V60/><F104/><W95/><G31/><T35/><D35/><U129/><E132/><N who="3" m="50794" /><G30/><T93/><REACH who="0" step="1"/><D43/><REACH who="0" ten="317,250,173,250" step="2"/><U55/><E5/><V82/><F100/><W72/><G72/><T12/><D12/><U69/><E3/><V84/><F24/><W66/><G87/><T125/><D125/><U52/><E131/><V114/><F85/><W29/><G29/><T127/><D127/><U121/><E129/><V64/><F114/><W48/><G6/><T65/><D65/><U80/><E67/><V135/><F135/><W9/><G66/><T33/><D33/><U16/><E128/><V22/><F64/><W92/><G48/><T112/><D112/><U70/><E70/><V14/><F42/><W90/><G90/><T10/><D10/><AGARI ba="1,1" hai="9,10,11,81,83,92,94,95,98,103,105" m="50794" machi="10" ten="30,7700,0" yaku="20,1,52,3" doraHai="91" who="3" fromWho="0" sc="317,-80,250,0,173,0,250,90" /><INIT seed="1,0,0,0,0,3" ten="237,250,173,340" oya="1" hai0="20,53,68,23,60,94,107,63,126,95,55,42,114" hai1="83,71,108,52,92,119,2,91,5,80,62,40,41" hai2="17,100,87,78,116,127,44,45,73,18,113,58,16" hai3="39,29,124,43,75,59,106,84,57,101,33,120,135"/><U7/><E119/><V47/><F116/><W32/><G75/><T49/><D126/><U76/><E2/><V105/><F127/><W22/><G120/><T65/><D114/><U102/><E102/><V46/><F73/><W67/><G124/><T122/><D107/><U125/><E125/><V27/><F113/><W66/><G106/><T93/><D122/><U129/><E129/><V14/><F27/><W110/><G101/><T96/><D96/><U10/><E108/><V11/><F105/><W97/><G97/><T109/><D109/><U34/><E34/><V112/><F112/><W51/><G39/><T133/><D133/><U99/><E10/><V123/><F123/><W0/><G0/><T128/><D128/><U70/><E76/><V103/><N who="2" m="11264" /><DORA hai="28" /><V86/><F58/><W38/><G38/><T79/><D42/><N who="1" m="16491" /><E71/><V85/><F78/><W4/><G43/><T21/><D79/><U90/><E70/><V36/><F36/><W1/><G57/><T132/><D132/><U56/><E83/><V12/><F12/><W48/><G59/><T26/><D26/><U81/><E81/><V130/><F130/><W104/><G104/><T134/><D134/><U98/><E80/><V13/><F13/><W82/><G135/><T64/><REACH who="0" step="1"/><D49/><REACH who="0" ten="227,250,173,340" step="2"/><U50/><E50/><V30/><REACH who="2" step="1"/><F30/><REACH who="2" ten="227,250,163,340" step="2"/><W121/><G29/><T15/><D15/><U74/><E74/><V118/><F118/><W61/><G110/><T25/><D25/><U31/><E31/><V19/><AGARI ba="0,2" hai="11,14,16,17,18,19,85,86,87,100,103" m="11264" machi="19" ten="50,12000,2" yaku="1,1,0,1,29,2,8,1,54,1,53,0" doraHai="3,28" doraHaiUra="35,111" who="2" fromWho="2" sc="227,-30,250,-60,163,140,340,-30" /><INIT seed="2,0,0,2,1,56" ten="197,190,303,310" oya="2" hai0="124,105,118,30,0,85,91,34,36,40,69,20,32" hai1="101,88,76,133,117,6,67,21,63,52,78,65,1" hai2="109,74,38,26,82,15,120,112,60,17,129,95,37" hai3="73,94,57,79,75,58,9,119,11,31,106,7,132"/><V110/><F120/><W100/><G106/><T27/><D105/><U4/><E117/><V14/><F112/><W49/><G119/><T81/><D118/><U127/><E127/><V2/><F2/><W33/><G132/><T93/><D124/><U130/><E133/><V86/><F129/><W68/><G68/><T22/><D0/><U107/><E130/><V59/><F74/><W113/><G113/><T71/><D36/><U61/><E107/><V122/><F95/><W115/><G115/><T121/><D40/><U24/><E101/><V12/><F122/><W5/><G79/><N who="1" m="30250" /><E1/><V64/><F26/><W92/><G49/><T47/><D47/><U13/><E13/><V70/><F17/><W131/><G131/><T104/><D104/><U114/><E114/><V3/><F3/><W84/><G84/><T43/><D43/><U98/><E6/><V48/><F48/><W96/><G96/><T53/><D53/><U80/><E4/><V18/><F18/><W45/><G31/><T123/><D81/><U29/><E80/><V135/><F70/><W44/><G100/><T66/><D71/><U72/><E72/><V39/><REACH who="2" step="1"/><F135/><REACH who="2" ten="197,190,293,310" step="2"/><W16/><G16/><N who="0" m="12679" /><D123/><U54/><E54/><V103/><F103/><W97/><G97/><T42/><D121/><U62/><E52/><V10/><F10/><W23/><G23/><T125/><D125/><U77/><E77/><AGARI ba="0,1" hai="12,14,15,37,38,39,59,60,64,77,82,86,109,110" machi="77" ten="50,4800,0" yaku="1,1,52,1,53,0" doraHai="56" doraHaiUra="126" who="2" fromWho="1" sc="197,0,190,-48,293,58,310,0" /><INIT seed="2,1,0,3,5,49" ten="197,142,351,310" oya="2" hai0="133,17,116,112,58,8,5,62,91,56,110,89,127" hai1="76,60,123,13,126,26,82,103,86,69,72,83,3" hai2="46,48,11,29,118,59,36,66,38,28,100,50,57" hai3="54,107,85,99,7,25,41,97,73,77,81,108,111"/><V43/><F118/><W88/><G41/><T65/><D110/><N who="3" m="42025" /><G7/><T90/><D133/><U37/><E3/><V113/><F100/><N who="3" m="62863" /><G25/><T52/><D127/><U14/><E126/><V120/><F11/><W75/><G54/><T22/><D112/><U130/><E37/><V79/><F79/><W21/><G21/><T2/><D116/><U92/><E130/><V47/><F28/><W132/><G132/><T40/><D40/><U19/><E123/><V20/><F120/><W34/><G34/><T27/><REACH who="0" step="1"/><D91/><REACH who="0" ten="187,142,351,310" step="2"/><U68/><E14/><V93/><F43/><W39/><G39/><T105/><D105/><U117/><E117/><V18/><F38/><W63/><G63/><AGARI ba="1,1" hai="2,5,8,17,22,27,52,56,58,62,63,65,89,90" machi="63" ten="30,7700,0" yaku="1,1,7,1,52,1,54,1,53,0" doraHai="49" doraHaiUra="24" who="0" fromWho="3" sc="187,90,142,0,351,0,310,-80" /><INIT seed="3,0,0,3,5,36" ten="277,142,351,230" oya="3" hai0="94,123,72,102,43,16,28,125,79,103,134,32,128" hai1="109,119,5,105,133,45,12,64,135,46,34,113,107" hai2="111,1,15,118,22,21,91,83,68,19,60,29,114" hai3="88,8,81,4,106,23,57,130,67,41,9,77,100"/><W44/><G130/><T117/><D134/><N who="1" m="51211" /><E113/><V78/><F118/><W122/><G122/><T30/><D125/><U104/><E119/><V87/><F1/><W2/><G9/><T10/><D128/><U66/><E34/><V82/><F111/><W126/><G126/><T26/><D123/><U121/><E121/><V93/><F114/><W18/><G100/><T51/><D117/><U20/><E109/><V38/><F38/><W3/><G3/><T80/><D30/><U63/><E5/><V73/><F68/><W92/><G106/><T39/><D51/><U0/><E0/><V86/><F60/><W55/><G67/><N who="1" m="25642" /><E63/><V90/><F29/><W14/><G77/><T70/><D70/><U37/><E37/><V129/><F129/><W71/><G81/><T24/><D94/><U127/><E127/><V27/><F27/><W49/><G71/><T17/><D17/><AGARI ba="0,0" hai="12,17,20,45,46,104,105,107" m="25642,51211" machi="17" ten="40,1300,0" yaku="20,1" doraHai="36" who="1" fromWho="0" sc="277,-13,142,13,351,0,230,0" /><INIT seed="4,0,0,2,1,81" ten="264,155,351,230" oya="0" hai0="31,109,75,57,114,34,131,105,29,65,66,80,51" hai1="117,72,104,52,120,55,59,47,11,123,20,61,133" hai2="45,17,87,68,10,19,118,3,43,36,53,113,12" hai3="21,62,134,108,2,4,49,79,32,30,8,35,60"/><T13/><D114/><U39/><E72/><V37/><F113/><W58/><G108/><T44/><D131/><U7/><E117/><V97/><F68/><W9/><G134/><T129/><D129/><U99/><E133/><V111/><F111/><W25/><G79/><T42/><D109/><U127/><E127/><V101/><F118/><W5/><G49/><T14/><D105/><U73/><E73/><V98/><F98/><W132/><G60/><T125/><D125/><U107/><E123/><V103/><F36/><W77/><G77/><T23/><D34/><N who="3" m="12841" /><G58/><T74/><D80/><U94/><E120/><V28/><F28/><W78/><G78/><T46/><D57/><U56/><E20/><V106/><F3/><N who="3" m="31" /><G62/><T128/><D23/><U95/><E47/><V26/><F53/><W64/><G64/><T41/><D128/><U50/><E39/><V93/><F101/><W63/><G63/><T116/><REACH who="0" step="1"/><D51/><REACH who="0" ten="254,155,351,230" step="2"/><U112/><E112/><V69/><F106/><W1/><G132/><T124/><D124/><U27/><E95/><V90/><F93/><W92/><G92/><T38/><D38/><U71/><E71/><V18/><F69/><W0/><AGARI ba="0,1" hai="0,1,2,5,9,21,25,30" m="31,12841" machi="0" ten="30,8000,1" yaku="35,5" doraHai="81" who="3" fromWho="3" sc="254,-40,155,-20,351,-20,230,90" /><INIT seed="5,0,0,2,1,126" ten="214,135,331,320" oya="1" hai0="25,129,1,30,104,3,36,33,2,0,55,27,10" hai1="78,71,58,113,131,52,92,31,115,128,81,135,109" hai2="48,50,107,49,14,17,5,97,98,7,43,105,63" hai3="85,95,6,11,84,61,86,122,12,72,133,59,21"/><U87/><E71/><V35/><F35/><W64/><G72/><T37/><D104/><U56/><E109/><V116/><F116/><W8/><G122/><T46/><D55/><U111/><E111/><V132/><F132/><W20/><G133/><T134/><D134/><U73/><E135/><V62/><F43/><W114/><G114/><N who="1" m="43530" /><E31/><V76/><F76/><W106/><G106/><N who="2" m="40457" /><F17/><W67/><G67/><T123/><D46/><U9/><E9/><V54/><F14/><N who="3" m="5399" /><G95/><T77/><D77/><U101/><E58/><V32/><F54/><W82/><G82/><T100/><D100/><U79/><E79/><V41/><F41/><W18/><AGARI ba="0,0" hai="11,12,18,20,21,59,61,64,84,85,86" m="5399" machi="18" ten="30,1100,0" yaku="8,1" doraHai="126" who="3" fromWho="3" sc="214,-3,135,-5,331,-3,320,11" /><INIT seed="6,0,0,2,2,81" ten="211,130,328,331" oya="2" hai0="0,41,54,129,88,50,103,31,101,67,39,97,1" hai1="106,123,59,87,30,128,72,35,48,63,74,68,121" hai2="32,28,37,45,7,14,124,133,94,126,104,56,58" hai3="10,70,43,61,89,134,118,120,19,36,20,24,111"/><V47/><F104/><W84/><G111/><T12/><D129/><U13/><E68/><V132/><F32/><W2/><G120/><T44/><D67/><U11/><E128/><V92/><F28/><W107/><G107/><T71/><D71/><U3/><E3/><V86/><F7/><W127/><G118/><T113/><D113/><U73/><E106/><V115/><F14/><W52/><G127/><T82/><D31/><U119/><E119/><V51/><F115/><W90/><G90/><T60/><D60/><U62/><E35/><V85/><F51/><W26/><G134/><T78/><D12/><U65/><E30/><V77/><F77/><W130/><G130/><T6/><D6/><U125/><E125/><V116/><F116/><W98/><G98/><T16/><D16/><U66/><E48/><V135/><REACH who="2" step="1"/><F132/><REACH who="2" ten="211,130,318,331" step="2"/><W69/><G2/><T80/><D78/><U15/><E15/><V105/><F105/><W25/><G25/><T38/><D1/><U22/><E123/><V33/><F33/><W27/><G26/><T91/><D0/><U93/><E121/><V64/><F64/><W49/><G27/><T53/><D50/><U8/><E66/><V29/><F29/><W110/><G24/><T42/><D44/><U18/><REACH who="1" step="1"/><E63/><REACH who="1" ten="211,120,318,331" step="2"/><V102/><F102/><W112/><G61/><T9/><D103/><U76/><E76/><V95/><F95/><W117/><G49/><T109/><D101/><U99/><E99/><V122/><F122/><W4/><G117/><T17/><D97/><U34/><E34/><V55/><F55/><W46/><G52/><RYUUKYOKU ba="0,2" sc="211,-15,120,15,318,15,331,-15" hai1="8,11,13,18,22,59,62,65,72,73,74,87,93" hai2="37,45,47,56,58,85,86,92,94,124,126,133,135" /><INIT seed="6,1,2,3,2,85" ten="196,135,333,316" oya="2" hai0="53,26,0,25,127,39,115,44,119,29,20,50,77" hai1="45,64,23,109,117,108,49,69,17,101,31,124,30" hai2="52,46,79,15,32,73,92,126,75,9,58,80,16" hai3="105,81,70,54,13,99,6,129,83,40,55,33,135"/><V78/><F32/><W47/><G33/><T100/><D115/><U36/><E117/><V82/><F126/><W14/><G70/><T84/><D127/><U98/><E124/><V106/><F92/><W60/><G129/><T125/><D125/><U24/><E36/><V48/><F106/><W10/><G135/><T21/><D119/><U88/><E101/><V87/><F87/><W71/><G14/><T121/><D121/><U130/><E130/><V18/><F46/><W134/><G134/><T67/><D0/><U1/><E1/><V59/><F59/><W116/><G116/><T113/><D113/><U93/><E108/><V120/><F120/><W34/><G34/><T51/><D67/><U8/><E8/><V3/><F3/><W7/><G7/><AGARI ba="1,2" hai="7,9,15,16,18,48,52,58,73,75,78,79,80,82" machi="7" ten="30,11600,0" yaku="7,1,9,1,54,2" doraHai="85" who="2" fromWho="3" sc="196,0,135,0,333,139,316,-119" /><INIT seed="6,2,0,2,4,86" ten="196,135,472,197" oya="2" hai0="41,104,30,91,51,114,126,29,56,111,58,25,89" hai1="107,112,135,6,5,50,100,132,20,7,90,110,55" hai2="94,34,116,35,78,74,38,108,67,16,93,19,123" hai3="17,117,57,82,99,54,14,0,15,43,60,125,22"/><V103/><F38/><W1/><G117/><T72/><D111/><U98/><E110/><V124/><F67/><W129/><G129/><T70/><D70/><U52/><E112/><V3/><F103/><W53/><G125/><T8/><D114/><U65/><E65/><V127/><F78/><W92/><G43/><T87/><D72/><U32/><E32/><V73/><F3/><W47/><G82/><T95/><D104/><U85/><E20/><V33/><F108/><W80/><G80/><N who="0" m="49383" /><D126/><N who="2" m="48170" /><F123/><W42/><G53/><N who="0" m="31807" /><D41/><U10/><E10/><V4/><F4/><W18/><G47/><T59/><D8/><U49/><E49/><V113/><F116/><W45/><G45/><T88/><D25/><U77/><E77/><V130/><F130/><W118/><G42/><T23/><D23/><U119/><E119/><V97/><F97/><W134/><G118/><T61/><D59/><U79/><E79/><V24/><F24/><W101/><G134/><N who="1" m="51242" /><E50/><V121/><F121/><W12/><G12/><T39/><D39/><U48/><E48/><V62/><F62/><W9/><AGARI ba="2,0" hai="0,1,9,14,15,17,18,22,54,57,60,92,99,101" machi="9" ten="20,1500,0" yaku="0,1,7,1" doraHai="86" who="3" fromWho="3" sc="196,-6,135,-6,472,-9,197,21" /><INIT seed="7,0,0,3,2,14" ten="190,129,463,218" oya="3" hai0="133,120,23,109,90,45,47,108,110,97,22,75,63" hai1="35,18,40,24,119,1,27,127,130,100,91,31,84" hai2="29,98,76,104,39,67,17,50,34,33,66,69,11" hai3="30,135,53,20,55,134,57,107,16,74,7,60,43"/><W2/><G107/><T112/><D120/><U79/><E1/><V9/><F39/><W88/><G74/><T73/><D63/><U51/><E130/><V19/><F50/><W12/><G43/><T103/><D90/><U37/><E37/><V72/><F98/><W8/><G53/><T78/><D133/><U46/><E127/><V123/><F29/><W115/><G115/><T85/><D85/><U131/><E131/><V95/><F95/><W111/><G111/><T3/><D3/><U77/><E100/><V89/><F89/><W99/><G30/><T48/><D112/><U106/><E106/><V121/><F76/><W116/><G116/><T5/><D5/><U21/><REACH who="1" step="1"/><E119/><REACH who="1" ten="190,119,463,218" step="2"/><V54/><F54/><W13/><G2/><T56/><D103/><U44/><E44/><V118/><F69/><W114/><G114/><T42/><D47/><U62/><E62/><V82/><F72/><W58/><G58/><T92/><D56/><U125/><E125/><V128/><F104/><W64/><G55/><T101/><D75/><U49/><E49/><V117/><F128/><W61/><G61/><T83/><AGARI ba="0,1" hai="22,23,42,45,48,73,78,83,92,97,101,108,109,110" machi="83" ten="40,1500,0" yaku="0,1" doraHai="14" who="0" fromWho="0" sc="190,25,119,-4,463,-4,218,-7" owari="215,2.0,115,-38.0,459,55.0,211,-19.0" /></mjloggm>