<mjloggm ver="2.3"><GO type="169" lobby="0"/><UN n0="%E5%B0%B1%E6%B4%BB%E7%94%9F%40%E5%B7%9D%E6%9D%91%E8%BB%8D%E5%9B%A3" n1="%41%72%63%61%64%65" n2="%40%75" n3="%66%75%6A%69%32%32%39" dan="18,16,16,16" rate="2230.00,2074.68,2036.52,2120.03" sx="M,M,F,M"/><TAIKYOKU oya="0"/><INIT seed="0,0,0,1,5,15" ten="250,250,250,250" oya="0" hai0="64,109,123,22,111,96,78,46,28,108,80,133,12" hai1="117,121,21,75,71,42,3,92,128,18,77,112,36" hai2="94,91,119,69,37,81,101,127,30,89,50,74,8" hai3="90,134,114,86,59,2,40,95,83,132,11,52,38"/><T4/><D123/><U65/><E117/><V135/><F37/><W70/><G70/><T116/><D116/><U41/><E3/><V122/><F69/><W35/><G35/><T98/><D133/><N who="3" m="51305" /><G114/><T66/><D4/><U19/><E121/><V20/><F122/><W55/><G2/><T24/><D46/><U85/><E128/><V33/><F33/><W31/><G31/><T107/><D12/><U61/><E112/><V76/><F135/><W10/><G55/><T120/><D120/><U17/><E36/><V53/><F127/><W105/><G105/><T45/><D45/><U25/><E75/><V130/><F130/><W43/><G95/><T63/><D107/><U29/><REACH who="1" step="1"/><E92/><REACH who="1" ten="250,240,250,250" step="2"/><V39/><F39/><W16/><G38/><T9/><D9/><U58/><E58/><V73/><F73/><W47/><G10/><T106/><D106/><U110/><E110/><V1/><F119/><W57/><G57/><N who="0" m="36975" /><D66/><U88/><E88/><V7/><F101/><W48/><G59/><T104/><D104/><U126/><E126/><V51/><F91/><W124/><G124/><T131/><D131/><U99/><E99/><V60/><F89/><W97/><G97/><T0/><D0/><U84/><E84/><AGARI ba="0,1" hai="22,24,28,78,80,84,96,98,108,109,111" m="36975" machi="84" ten="30,2900,0" yaku="14,1,10,1" doraHai="15" who="0" fromWho="1" sc="250,39,240,-29,250,0,250,0" /><INIT seed="0,1,0,1,3,18" ten="289,211,250,250" oya="0" hai0="43,69,26,89,112,80,41,123,14,25,23,72,64" hai1="5,113,106,44,0,67,133,12,4,88,17,117,107" hai2="34,90,111,75,93,96,7,103,86,16,6,102,65" hai3="22,114,97,130,51,40,85,48,31,21,94,73,71"/><T32/><D123/><U116/><E67/><V30/><F111/><W58/><G71/><T2/><D2/><U127/><E107/><V104/><F75/><W50/><G73/><T19/><D69/><U83/><E106/><V110/><F110/><W56/><G114/><T49/><D112/><U87/><E113/><V125/><F125/><W84/><G40/><T108/><D108/><U120/><E120/><V55/><F65/><W13/><G130/><T99/><D64/><U57/><E133/><V100/><F104/><W135/><G135/><T126/><D126/><U60/><E127/><V38/><F38/><W128/><G128/><T46/><D32/><U119/><E0/><V77/><F34/><W101/><G13/><T78/><REACH who="0" step="1"/><D41/><REACH who="0" ten="279,211,250,250" step="2"/><U53/><REACH who="1" step="1"/><E44/><REACH who="1" ten="279,201,250,250" step="2"/><V68/><F68/><W81/><G58/><T91/><D91/><U95/><E95/><AGARI ba="1,2" hai="14,19,23,25,26,43,46,49,72,78,80,89,95,99" machi="95" ten="40,3900,0" yaku="1,1,52,1,53,0" doraHai="18" doraHaiUra="33" who="0" fromWho="1" sc="279,62,201,-42,250,0,250,0" /><INIT seed="0,2,0,5,5,76" ten="341,159,250,250" oya="0" hai0="37,54,128,10,78,63,47,62,84,24,110,69,112" hai1="74,66,60,88,45,108,13,30,26,73,91,95,36" hai2="53,5,114,18,33,46,51,104,58,44,97,82,57" hai3="117,41,96,42,131,3,56,124,94,11,107,121,81"/><T111/><D112/><U122/><E122/><V109/><F109/><N who="0" m="41482" /><D128/><U125/><E108/><V9/><F114/><W12/><G107/><T100/><D100/><U70/><E125/><V93/><F33/><W103/><G3/><T129/><D129/><U72/><E13/><V83/><F104/><W49/><G117/><T86/><D69/><U21/><REACH who="1" step="1"/><E95/><REACH who="1" ten="341,149,250,250" step="2"/><V75/><F75/><W16/><G121/><T48/><D24/><U68/><E68/><V87/><F5/><W98/><G124/><T55/><D37/><U31/><E31/><V101/><F87/><N who="0" m="33322" /><D78/><U92/><E92/><V134/><F134/><W14/><G131/><T71/><D71/><U126/><E126/><V39/><F39/><W23/><G98/><T133/><D133/><U64/><E64/><V99/><F99/><W32/><G96/><T38/><D38/><U130/><E130/><V135/><F135/><W119/><G94/><T4/><D54/><U120/><E120/><V20/><F93/><W34/><G119/><T7/><D7/><U77/><E77/><V6/><F97/><W65/><G65/><T113/><D113/><U123/><E123/><V59/><F101/><W116/><G103/><T67/><D67/><U50/><E50/><N who="2" m="28887" /><F6/><W22/><G116/><T29/><D29/><U40/><AGARI ba="2,1" hai="21,26,30,36,40,45,60,66,70,72,73,74,88,91" machi="40" ten="40,5200,0" yaku="1,1,0,1,54,1,53,0" doraHai="76" doraHaiUra="52" who="1" fromWho="1" sc="341,-28,149,68,250,-15,250,-15" /><INIT seed="1,0,0,4,2,113" ten="313,217,235,235" oya="1" hai0="13,40,134,85,77,108,96,126,25,93,125,51,50" hai1="114,97,67,26,76,48,71,89,39,117,86,28,100" hai2="18,82,110,44,6,130,95,74,15,75,123,78,72" hai3="9,38,103,91,24,0,57,19,63,124,16,127,61"/><U98/><E114/><V92/><F6/><N who="3" m="1223" /><G38/><T12/><D108/><U5/><E39/><V45/><F123/><W37/><G37/><T20/><D134/><U107/><E5/><V29/><F29/><W30/><G103/><T27/><D77/><U62/><E98/><V90/><F110/><W81/><G91/><T35/><D85/><U56/><E76/><V94/><F90/><W46/><G46/><T31/><D40/><U53/><E117/><V115/><F115/><W33/><G81/><T99/><D93/><U23/><E86/><V17/><F130/><W116/><G116/><T102/><D102/><U8/><E8/><V2/><F2/><W69/><G69/><T111/><D111/><U41/><E41/><V3/><F3/><W66/><G63/><T36/><D36/><U68/><REACH who="1" step="1"/><E89/><REACH who="1" ten="313,207,235,235" step="2"/><V119/><F119/><W122/><G122/><T79/><D79/><U121/><E121/><V104/><F78/><W88/><G88/><T112/><D112/><U43/><E43/><V106/><F75/><W11/><G11/><T22/><D96/><U109/><E109/><V135/><F74/><W58/><G127/><T7/><D99/><U10/><E10/><V54/><F72/><W118/><G118/><T84/><D84/><U105/><E105/><V4/><F106/><W83/><G124/><T132/><D125/><U60/><E60/><V120/><F104/><W133/><G133/><T101/><D126/><U14/><E14/><V129/><F135/><W34/><G83/><T87/><D132/><U65/><E65/><V64/><F82/><W52/><G66/><RYUUKYOKU ba="0,1" sc="313,-10,207,30,235,-10,235,-10" hai1="23,26,28,48,53,56,62,67,68,71,97,100,107" /><INIT seed="1,1,1,1,5,8" ten="303,237,225,225" oya="1" hai0="124,99,62,106,34,102,77,109,107,105,86,95,92" hai1="108,103,135,96,94,114,64,23,50,51,91,112,20" hai2="4,120,65,61,32,53,126,130,125,46,58,82,37" hai3="30,134,13,127,60,131,122,56,11,66,76,129,70"/><U6/><E135/><V75/><F32/><W111/><G122/><T9/><D34/><U41/><E108/><V24/><F120/><W18/><G111/><T118/><D109/><U110/><E110/><V19/><F130/><N who="3" m="49675" /><G127/><N who="2" m="48649" /><F4/><W90/><G76/><T47/><D47/><U63/><E112/><V119/><F119/><W72/><G72/><T83/><D62/><U113/><E113/><V78/><F24/><W81/><G134/><T12/><D124/><U26/><E114/><V2/><F2/><W133/><G133/><T49/><D49/><U27/><E6/><V1/><F1/><W22/><G70/><T79/><D118/><U116/><E116/><V45/><F37/><W93/><G81/><N who="0" m="47407" /><D12/><U35/><E35/><V21/><F65/><W5/><G30/><T80/><D9/><U14/><E14/><N who="2" m="9463" /><F46/><W117/><G117/><T55/><D55/><U128/><E128/><V115/><F45/><W104/><G104/><N who="0" m="40043" /><D83/><U10/><E27/><V31/><F115/><W121/><G121/><T98/><D98/><U68/><E26/><V73/><F31/><W33/><G33/><T29/><D29/><U43/><E96/><V7/><F7/><W48/><G5/><T3/><D3/><U67/><E67/><V44/><F44/><W42/><G11/><T71/><D71/><U16/><E10/><V85/><AGARI ba="1,1" hai="53,58,61,73,75,78,82,85" m="9463,48649" machi="85" ten="30,2000,0" yaku="18,1,52,1" doraHai="8" who="2" fromWho="2" sc="303,-6,237,-11,225,33,225,-6" /><INIT seed="2,0,0,4,5,8" ten="297,226,258,219" oya="2" hai0="107,72,98,44,124,95,61,49,15,54,73,121,43" hai1="48,27,68,38,62,103,89,24,64,3,10,19,20" hai2="120,12,9,11,13,42,51,135,0,115,76,71,93" hai3="39,70,126,25,56,75,80,30,84,37,6,4,57"/><V59/><F115/><W130/><G75/><T26/><D121/><U112/><E112/><V87/><F71/><W82/><G70/><T60/><D107/><U40/><E38/><V128/><F120/><W116/><G126/><T132/><D124/><U119/><E119/><V129/><F0/><W134/><G130/><N who="2" m="50281" /><F135/><W104/><G104/><T90/><D90/><U45/><BYE who="0" /><E103/><UN n0="%E5%B0%B1%E6%B4%BB%E7%94%9F%40%E5%B7%9D%E6%9D%91%E8%BB%8D%E5%9B%A3" /><V52/><F42/><W66/><G66/><T21/><D132/><U1/><E89/><N who="2" m="53439" /><F76/><W83/><G116/><T34/><D34/><U17/><REACH who="1" step="1"/><E10/><AGARI ba="0,0" hai="9,10,11,12,13,51,52,59" m="53439,50281" machi="10" ten="30,11600,0" yaku="19,1,52,2,54,1" doraHai="8" who="2" fromWho="1" sc="297,0,226,-116,258,116,219,0" /><INIT seed="2,1,0,2,3,57" ten="297,110,374,219" oya="2" hai0="106,120,10,5,92,46,68,118,49,48,30,8,43" hai1="65,35,41,128,50,89,85,107,24,53,91,70,82" hai2="37,62,59,34,114,94,116,2,132,103,56,19,40" hai3="97,45,135,4,134,84,75,9,119,105,25,76,66"/><V42/><F114/><W11/><G75/><T78/><D106/><U98/><E128/><V7/><F116/><W52/><G119/><T127/><D120/><U3/><E3/><V79/><F34/><W69/><G25/><T122/><D122/><U31/><E41/><V90/><F132/><W16/><G76/><T64/><D127/><U0/><E0/><V74/><F103/><N who="3" m="62703" /><G84/><T111/><D111/><U72/><E72/><V67/><F37/><W12/><G66/><T95/><D78/><U117/><E117/><V18/><F74/><W13/><G69/><T71/><D118/><U129/><E129/><V112/><F112/><W86/><G86/><T20/><D48/><U1/><E1/><V44/><F79/><W58/><G45/><T63/><D71/><U83/><E83/><V26/><F44/><W21/><G12/><T17/><D30/><U60/><E91/><V29/><F56/><W100/><G100/><T38/><D38/><U130/><E130/><V88/><F90/><W102/><G102/><T101/><D101/><U22/><E107/><V6/><F29/><W99/><G99/><T80/><D80/><U54/><E98/><N who="2" m="57671" /><F2/><W108/><G108/><T123/><D123/><U96/><E96/><V33/><F33/><W61/><G4/><N who="2" m="1577" /><F26/><W36/><G36/><T55/><D43/><AGARI ba="1,0" hai="18,19,40,42,43,59,62,67" m="1577,57671" machi="43" ten="30,5800,0" yaku="8,1,52,1,54,1" doraHai="57" who="2" fromWho="0" sc="297,-61,110,0,374,61,219,0" /><INIT seed="2,2,0,4,5,86" ten="236,110,435,219" oya="2" hai0="62,7,103,97,61,79,50,32,49,118,100,30,52" hai1="127,46,133,134,8,9,78,124,24,47,106,81,73" hai2="110,21,129,114,120,17,82,33,115,1,23,90,43" hai3="95,85,96,10,3,84,72,4,37,109,54,67,51"/><V14/><F120/><W41/><G109/><T113/><D113/><U117/><E106/><V89/><F33/><W29/><G72/><T123/><D123/><U80/><E24/><V93/><F1/><W99/><G67/><T60/><D118/><U56/><E56/><V101/><F110/><W11/><G99/><T122/><D122/><U20/><E20/><V34/><F34/><W135/><G135/><N who="1" m="51722" /><E117/><V66/><F129/><W107/><G107/><T13/><D79/><U42/><E42/><V130/><F130/><W94/><G29/><T27/><D50/><U98/><E98/><N who="2" m="59599" /><F43/><W2/><G94/><T48/><D49/><U91/><E9/><N who="2" m="6351" /><F115/><W31/><G41/><T63/><N who="0" m="15872" /><DORA hai="16" /><T45/><REACH who="0" step="1"/><D97/><REACH who="0" ten="226,110,435,219" step="2"/><U128/><E128/><V25/><F114/><W75/><G96/><T15/><D15/><U28/><E78/><V104/><F66/><W83/><G3/><T111/><D111/><U71/><E127/><V19/><F104/><W40/><G2/><T116/><D116/><U59/><E124/><V76/><F76/><W55/><G37/><T105/><D105/><U108/><E108/><V132/><F132/><W125/><G125/><T102/><D102/><U69/><E69/><V22/><F90/><W58/><G40/><T126/><D126/><U44/><E91/><V68/><F68/><W70/><G70/><T119/><D119/><U53/><E71/><V39/><F39/><W38/><G38/><T131/><D131/><U88/><E88/><V35/><F89/><W64/><G64/><T87/><D87/><U26/><E73/><V92/><F25/><RYUUKYOKU ba="2,1" sc="226,30,110,-10,435,-10,219,-10" hai0="7,13,27,30,32,45,48,52,100,103" /><INIT seed="3,3,1,0,3,93" ten="256,100,425,209" oya="3" hai0="116,131,100,121,112,57,56,88,71,105,55,79,19" hai1="60,125,90,25,96,95,72,67,41,40,101,23,76" hai2="24,33,74,16,9,18,117,123,29,135,0,3,34" hai3="75,70,5,42,26,63,110,102,94,13,132,66,8"/><W6/><G75/><T85/><D71/><U98/><E125/><V1/><F74/><W35/><G132/><T115/><D121/><U114/><E114/><N who="0" m="43561" /><D116/><U4/><E4/><V58/><F135/><W78/><G78/><T50/><D131/><U46/><E72/><V59/><F117/><W53/><G42/><T64/><D79/><U91/><E76/><V31/><F123/><W126/><G126/><T99/><D19/><N who="2" m="7210" /><F59/><W68/><G110/><T32/><D32/><N who="2" m="12394" /><F24/><W12/><G70/><T97/><D100/><U45/><E41/><V7/><F58/><W83/><G83/><N who="0" m="49215" /><D105/><U20/><E25/><V62/><F62/><AGARI ba="3,1" hai="50,55,56,57,62,64,97,99" m="49215,43561" machi="62" ten="30,7700,0" yaku="11,1,52,2,54,1" doraHai="93" who="0" fromWho="2" sc="256,96,100,0,425,-86,209,0" /><INIT seed="4,0,0,2,3,31" ten="352,100,339,209" oya="0" hai0="39,129,55,103,121,4,69,67,56,3,32,5,94" hai1="64,131,107,20,123,9,115,70,59,102,43,130,101" hai2="76,124,2,134,132,10,24,17,15,26,61,89,133" hai3="27,117,25,50,65,112,90,28,35,41,114,118,97"/><T79/><D121/><U6/><E123/><V105/><F105/><W40/><G65/><T19/><D39/><U21/><E70/><V8/><F124/><W74/><G74/><T75/><D129/><N who="1" m="49163" /><E43/><V119/><F76/><W11/><G97/><T135/><D135/><U126/><E126/><V113/><F113/><N who="3" m="43627" /><G90/><T47/><D47/><U73/><E73/><V111/><F111/><W92/><G92/><T33/><D67/><U44/><E44/><V93/><F119/><W109/><G50/><T62/><D69/><U77/><E77/><V120/><F61/><W122/><G122/><T99/><D19/><U86/><E86/><V63/><F63/><W34/><G109/><T38/><D38/><U52/><E64/><V13/><F2/><W12/><G41/><T60/><D60/><N who="1" m="35943" /><E115/><V57/><F57/><W125/><G40/><T82/><REACH who="0" step="1"/><D3/><REACH who="0" ten="342,100,339,209" step="2"/><N who="1" m="223" /><E107/><V72/><F120/><W16/><G125/><T100/><D100/><AGARI ba="0,1" hai="20,21,100,101,102" m="223,35943,49163" machi="100" ten="30,2000,0" yaku="19,1,54,1" doraHai="31" who="1" fromWho="0" sc="342,-20,100,30,339,0,209,0" /><INIT seed="5,0,0,1,0,87" ten="322,130,339,209" oya="1" hai0="36,31,23,27,130,43,71,85,68,44,35,53,48" hai1="76,90,0,107,22,46,129,3,80,93,106,113,120" hai2="52,7,92,127,1,42,20,135,123,89,117,40,62" hai3="126,110,118,30,14,77,78,28,101,82,95,41,26"/><U29/><E120/><V131/><F117/><W32/><G110/><T91/><D130/><U112/><E129/><V12/><F131/><W59/><G126/><T104/><D104/><U115/><E46/><V94/><F127/><W81/><G118/><T4/><D4/><U69/><E69/><V5/><F135/><W124/><G124/><T49/><D35/><U88/><E106/><V83/><F123/><W65/><G41/><T8/><D8/><U25/><E107/><V61/><F1/><N who="1" m="585" /><E93/><V17/><F83/><W21/><G32/><T10/><D10/><U33/><E33/><V98/><F94/><W56/><G14/><T72/><D72/><AGARI ba="0,0" hai="22,25,29,72,76,80,88,90,112,113,115" m="585" machi="72" ten="40,12000,1" yaku="15,1,52,2,54,1" doraHai="87" who="1" fromWho="0" sc="322,-120,130,120,339,0,209,0" /><INIT seed="5,1,0,1,4,101" ten="202,250,339,209" oya="1" hai0="95,16,90,103,125,46,58,97,132,124,130,102,57" hai1="111,4,33,6,118,44,75,69,81,22,76,0,66" hai2="133,53,100,34,115,87,62,135,113,96,51,64,41" hai3="127,107,71,131,13,89,63,36,82,48,83,23,121"/><U94/><E118/><V28/><F34/><W67/><G36/><T19/><D130/><U12/><E33/><V68/><F28/><W61/><G121/><T7/><D7/><U99/><E0/><V18/><F41/><W42/><G107/><T109/><D109/><U14/><E111/><V60/><F60/><W77/><G131/><T21/><D132/><N who="2" m="50762" /><F18/><N who="0" m="6698" /><D46/><U114/><E114/><N who="2" m="43531" /><F87/><W108/><G63/><T119/><D21/><U65/><E69/><V80/><F80/><W17/><G83/><T37/><D37/><U129/><E129/><V25/><F25/><W3/><G82/><T59/><D119/><U39/><E6/><V120/><F120/><W126/><G42/><T45/><D45/><U20/><E44/><N who="2" m="27879" /><F100/><W40/><G40/><T72/><D72/><U38/><E4/><V86/><F86/><W110/><G110/><T73/><D73/><U84/><E75/><V11/><F11/><W55/><G108/><T134/><D134/><U29/><E39/><V104/><F96/><W92/><G61/><T1/><D1/><U2/><E38/><V116/><F104/><W98/><G3/><T56/><N who="0" m="14848" /><DORA hai="47" /><T54/><D54/><U78/><E2/><V91/><F116/><W26/><G55/><T9/><D9/><U105/><E105/><V117/><F117/><W24/><G24/><T8/><D8/><U106/><E106/><V31/><F31/><W88/><G26/><T85/><D85/><U112/><E29/><V122/><F122/><W50/><G23/><T15/><D15/><U52/><E14/><V49/><F49/><W123/><G50/><RYUUKYOKU ba="1,0" sc="202,15,250,-15,339,15,209,-15" hai0="90,95,97,102,103,124,125" hai2="62,64,68,91" /><INIT seed="6,2,0,3,0,29" ten="217,235,354,194" oya="2" hai0="11,76,134,107,51,20,3,120,113,54,103,73,115" hai1="67,130,105,80,53,75,23,91,128,84,74,39,6" hai2="131,19,61,24,135,35,70,125,26,77,27,124,68" hai3="57,133,92,82,17,106,79,59,1,102,100,123,90"/><V132/><F77/><W33/><G123/><T58/><D120/><U66/><E105/><V22/><F61/><W34/><G1/><T121/><D121/><U114/><E114/><N who="0" m="43529" /><D134/><N who="2" m="51242" /><F131/><N who="1" m="50217" /><E39/><V95/><F95/><W89/><G133/><T104/><D20/><U60/><E6/><V13/><F35/><N who="3" m="13323" /><G17/><T96/><D107/><U37/><E37/><V81/><F81/><W0/><G0/><T111/><D111/><U83/><E83/><V52/><F52/><W44/><G44/><T48/><D48/><U55/><E67/><V16/><F19/><W50/><G50/><T110/><D110/><U126/><E55/><V63/><F63/><W7/><G7/><N who="0" m="1535" /><D76/><U98/><E53/><V5/><F5/><W42/><G42/><T2/><D2/><U9/><E60/><V45/><F45/><W47/><G47/><T14/><D14/><U94/><E66/><V12/><F12/><W10/><G106/><T31/><D31/><U72/><E9/><V116/><F70/><W65/><G10/><T36/><D36/><U41/><E41/><V15/><F68/><W112/><G112/><T88/><D88/><N who="3" m="33897" /><G65/><T122/><D122/><U108/><E108/><V78/><F15/><W4/><G4/><T69/><D69/><U127/><E23/><V64/><F64/><W8/><G8/><T86/><D86/><U119/><E84/><V40/><F40/><W21/><G21/><T28/><D28/><U38/><E38/><V87/><F13/><W46/><G46/><T18/><D18/><U97/><E91/><V109/><F16/><W99/><G102/><T25/><D25/><RYUUKYOKU ba="2,0" sc="217,15,235,-15,354,-15,194,15" hai0="51,54,58,73,96,103,104" hai3="57,59,79,82,92,99,100" /><INIT seed="7,3,0,4,5,49" ten="232,220,339,209" oya="3" hai0="12,16,35,86,79,44,24,64,26,70,133,2,52" hai1="69,0,33,121,91,27,17,128,106,62,125,92,103" hai2="89,13,132,95,47,123,7,124,21,108,71,85,3" hai3="129,23,131,87,25,36,110,99,94,32,39,38,120"/><W9/><G120/><T80/><D2/><U10/><E121/><V11/><F108/><W30/><G110/><T31/><D133/><U111/><E111/><V76/><F71/><W28/><G9/><T72/><D26/><U109/><E109/><V29/><F123/><W96/><G87/><T53/><D44/><U78/><E78/><V40/><F132/><W117/><G117/><T73/><D64/><U15/><E106/><V114/><F76/><W34/><G99/><T119/><D70/><U93/><E103/><V90/><F124/><W67/><G67/><T4/><D4/><U82/><E69/><V74/><F74/><W134/><G134/><T46/><D119/><U54/><E128/><N who="3" m="49226" /><G30/><T61/><D61/><U57/><E125/><V88/><F114/><W48/><G48/><T56/><D46/><U19/><E0/><V104/><F104/><W55/><G55/><T22/><D53/><U77/><E91/><AGARI ba="3,0" hai="23,25,28,32,34,36,38,39,91,94,96" m="49226" machi="91" ten="40,2000,0" yaku="19,1" doraHai="49" who="3" fromWho="1" sc="232,0,220,-29,339,0,209,29" /><INIT seed="7,4,0,1,5,22" ten="232,191,339,238" oya="3" hai0="58,123,130,21,61,101,14,27,32,67,129,116,40" hai1="89,2,23,97,95,59,30,79,124,57,111,44,6" hai2="98,80,12,127,75,15,48,64,92,118,96,122,25" hai3="119,17,121,104,120,91,81,24,70,53,73,31,117"/><W94/><G70/><T7/><D116/><U11/><E111/><V49/><F118/><W82/><G104/><T71/><D123/><U110/><E110/><V109/><F109/><W77/><G119/><T78/><D78/><U20/><E124/><V52/><F122/><W3/><G117/><T13/><D101/><U51/><E79/><V85/><F127/><W34/><G3/><T133/><D133/><U36/><E36/><V26/><F75/><W106/><G106/><T68/><D32/><U100/><E23/><V5/><F64/><W9/><G82/><T50/><D7/><U19/><E30/><V4/><F48/><W29/><G29/><T65/><D65/><U62/><E62/><V43/><F43/><W88/><G91/><T16/><D68/><U102/><E102/><N who="2" m="60679" /><F98/><W38/><G38/><T125/><D125/><U134/><E134/><V41/><F41/><W54/><G120/><T63/><D63/><U113/><E113/><V76/><F5/><W10/><G121/><T42/><D42/><U86/><E44/><N who="2" m="27687" /><F4/><W8/><REACH who="3" step="1"/><G17/><REACH who="3" ten="232,191,339,228" step="2"/><T114/><D114/><U112/><E112/><V47/><F80/><W56/><G56/><T93/><D93/><U66/><E59/><V39/><F39/><W83/><G83/><T37/><D37/><U128/><E57/><V28/><F47/><W74/><G74/><T60/><D60/><U69/><E69/><V135/><F135/><W131/><G131/><N who="0" m="50187" /><D58/><U132/><E128/><V46/><F46/><AGARI ba="4,1" hai="13,14,16,21,27,40,46,50,61,67,71" m="50187" machi="46" ten="30,3900,0" yaku="19,1,52,1,54,1" doraHai="22" who="0" fromWho="2" sc="232,61,191,0,339,-51,228,0" /><INIT seed="8,0,0,5,2,39" ten="293,191,288,228" oya="0" hai0="84,20,75,65,58,83,81,37,110,111,23,100,0" hai1="2,126,4,35,104,106,92,94,77,1,57,93,125" hai2="47,27,135,91,133,70,101,51,15,120,48,6,25" hai3="102,116,113,68,79,33,88,123,134,22,38,82,19"/><T61/><D0/><N who="1" m="107" /><E4/><V119/><F120/><W69/><G33/><T36/><D100/><U12/><E12/><V26/><F70/><W40/><G113/><T130/><D130/><U31/><E77/><V122/><F122/><W52/><G102/><T49/><D49/><U42/><E57/><V62/><F119/><W103/><G103/><T121/><D121/><U96/><E96/><V13/><F101/><W86/><G123/><T16/><D75/><U118/><E118/><V74/><F74/><W132/><G116/><T7/><D7/><U114/><E114/><V3/><F3/><W29/><G29/><T53/><D53/><U30/><E35/><V109/><F109/><N who="0" m="41482" /><D81/><U76/><E76/><V5/><F62/><W8/><G8/><T44/><D44/><U34/><E34/><V85/><F135/><N who="3" m="51755" /><G79/><N who="0" m="46207" /><D23/><U41/><E31/><V117/><F117/><W131/><G131/><T10/><D10/><U80/><E80/><N who="2" m="49575" /><F133/><W129/><G129/><T78/><D78/><U71/><E30/><V95/><F95/><W14/><G52/><T56/><D58/><U128/><E128/><V67/><F67/><W45/><AGARI ba="0,0" hai="14,19,22,38,40,45,68,69,82,86,88" m="51755" machi="45" ten="30,4000,0" yaku="20,1,52,1,54,1" doraHai="39" who="3" fromWho="3" sc="293,-20,191,-10,288,-10,228,40" /><INIT seed="9,0,0,0,0,114" ten="273,181,278,268" oya="1" hai0="20,77,35,22,99,17,118,8,13,121,117,7,39" hai1="81,80,18,26,96,47,112,97,56,101,62,75,41" hai2="51,104,95,46,61,11,72,106,0,38,133,57,86" hai3="131,94,123,116,74,85,69,55,45,27,124,128,120"/><U87/><E112/><V28/><F72/><W36/><G74/><T98/><D39/><U10/><E75/><V34/><F38/><W14/><G69/><T37/><D37/><U21/><E10/><V129/><F28/><W65/><G65/><T103/><D77/><U3/><E3/><V67/><F34/><W73/><G73/><T30/><D121/><U60/><E80/><V93/><F93/><W76/><G124/><T53/><D53/><U113/><E113/><V84/><F84/><W32/><G14/><T4/><D98/><U105/><E96/><V25/><F25/><W68/><G68/><T107/><D20/><U50/><REACH who="1" step="1"/><E56/><REACH who="1" ten="273,171,278,268" step="2"/><V83/><F0/><W64/><G123/><T1/><D7/><U134/><E134/><V44/><F11/><W135/><G120/><T82/><D82/><U70/><E70/><V122/><F122/><W49/><G135/><T66/><D99/><U119/><E119/><V16/><F133/><W108/><G116/><T100/><D8/><U12/><E12/><V23/><F83/><W90/><G131/><T52/><D13/><U110/><E110/><V48/><F129/><W58/><G108/><T102/><D1/><U79/><AGARI ba="0,1" hai="18,21,26,41,47,50,60,62,79,81,87,97,101,105" machi="79" ten="20,3900,0" yaku="1,1,0,1,7,1,53,0" doraHai="114" doraHaiUra="71" who="1" fromWho="1" sc="273,-13,171,49,278,-13,268,-13" /><INIT seed="9,1,0,2,2,18" ten="260,220,265,255" oya="1" hai0="122,112,43,103,78,23,11,129,3,1,41,126,49" hai1="38,34,47,12,57,45,17,94,88,134,62,16,39" hai2="79,86,64,100,29,93,104,84,89,107,111,72,76" hai3="99,71,4,69,36,74,105,75,115,124,127,102,97"/><U32/><E134/><V85/><F64/><W96/><G36/><T6/><D1/><U46/><E39/><V0/><F29/><W106/><G4/><T24/><D112/><U9/><E38/><V31/><F0/><W87/><G115/><T53/><D122/><U35/><E17/><V90/><F31/><W108/><G108/><T70/><D70/><N who="3" m="26633" /><G87/><N who="2" m="33353" /><F111/><W80/><G80/><T7/><D78/><N who="2" m="29738" /><F72/><N who="3" m="27691" /><G102/><T121/><D121/><U109/><E109/><V68/><F68/><W101/><G101/><T37/><D6/><U60/><REACH who="1" step="1"/><E57/><REACH who="1" ten="260,210,265,255" step="2"/><V54/><F54/><W28/><G28/><T135/><D53/><U55/><E55/><V13/><F13/><W2/><G2/><T56/><D37/><U119/><E119/><V27/><F27/><W110/><G110/><T42/><D24/><U19/><E19/><V130/><F130/><W22/><G22/><T125/><D23/><U133/><E133/><V20/><F20/><W132/><G132/><T59/><D135/><U14/><E14/><V26/><F26/><W120/><G120/><T21/><D21/><U131/><E131/><V51/><F51/><W67/><G67/><T50/><D129/><U91/><E91/><V10/><F10/><W33/><G33/><T81/><D50/><U92/><E92/><N who="2" m="54327" /><F100/><W44/><G44/><T83/><D103/><U5/><E5/><V58/><F58/><N who="0" m="22058" /><D49/><U82/><E82/><V116/><F116/><W123/><G123/><T118/><D118/><U98/><AGARI ba="1,1" hai="9,12,16,32,34,35,45,46,47,60,62,88,94,98" machi="98" ten="40,12000,1" yaku="1,1,0,1,54,2,53,0" doraHai="18" doraHaiUra="63" who="1" fromWho="1" sc="260,-41,210,133,265,-41,255,-41" owari="219,-18.0,343,45.0,224,2.0,214,-29.0" /></mjloggm>