<mjloggm ver="2.3"><GO type="169" lobby="0"/><UN n0="%E8%B5%A4%E9%98%AA%E9%83%81%E4%B9%83" n1="%6E%61%63%6F%6D%61%69%69" n2="%E3%81%BA%E3%83%BC" n3="%E3%82%A6%E3%83%AB%E3%83%88%E3%83%A9%E7%AB%8B%E7%9B%B4" dan="17,16,17,17" rate="2157.93,2150.52,2194.23,2223.86" sx="F,F,M,M"/><TAIKYOKU oya="0"/><INIT seed="0,0,0,5,2,24" ten="250,250,250,250" oya="0" hai0="93,94,117,105,120,35,118,17,102,110,127,8,79" hai1="11,61,21,129,28,82,29,39,45,123,108,85,128" hai2="90,30,33,52,41,112,115,126,80,66,37,56,49" hai3="3,64,132,15,58,83,106,12,51,2,113,0,27"/><T1/><D120/><U63/><E108/><V42/><F126/><W48/><G106/><T55/><D127/><U100/><E100/><V10/><F66/><W74/><G113/><T40/><D110/><U134/><E11/><V87/><F10/><W31/><G132/><T111/><D111/><U84/><E134/><V95/><F41/><W47/><G74/><T57/><D35/><U71/><E21/><V70/><F70/><W78/><G78/><T119/><D40/><U43/><E85/><V65/><F65/><W131/><G83/><T9/><D79/><U103/><E103/><V130/><F130/><N who="1" m="50281" /><E123/><V32/><F32/><W76/><G76/><T89/><D1/><U99/><E99/><V75/><F75/><W6/><G131/><T96/><D17/><U53/><E53/><V13/><F13/><W114/><G114/><T54/><D55/><U16/><E16/><V38/><F87/><W92/><G6/><T88/><D89/><N who="1" m="51351" /><E63/><V46/><F33/><W60/><G92/><T101/><D101/><U26/><E26/><V122/><F95/><W19/><G19/><T98/><REACH who="0" step="1"/><D105/><REACH who="0" ten="240,250,250,250" step="2"/><U34/><E34/><V91/><F122/><W44/><G2/><T59/><D59/><U97/><E97/><V18/><F56/><W81/><G0/><T7/><D7/><U69/><E71/><V73/><F18/><W25/><G3/><T86/><D86/><U104/><E104/><V23/><F115/><W62/><G58/><T135/><D135/><U67/><AGARI ba="0,1" hai="28,29,39,43,45,61,67,69" m="51351,50281" machi="67" ten="30,4000,0" yaku="19,1,52,2" doraHai="24" who="1" fromWho="1" sc="240,-20,250,50,250,-10,250,-10" /><INIT seed="1,0,0,0,0,106" ten="220,300,240,240" oya="1" hai0="73,38,60,27,23,122,33,24,53,13,14,103,1" hai1="44,91,2,85,43,114,3,70,64,71,100,63,69" hai2="105,56,59,65,131,29,19,84,112,127,79,48,98" hai3="51,83,111,8,104,77,55,12,88,30,42,110,26"/><U116/><E116/><V99/><F29/><W117/><G104/><T118/><D118/><U74/><E114/><V135/><F105/><W15/><G42/><T32/><D38/><N who="1" m="21623" /><E100/><V66/><F48/><W75/><G117/><T25/><D103/><U34/><E91/><V86/><F79/><W58/><G88/><T11/><D60/><U57/><E85/><V39/><F39/><W17/><REACH who="3" step="1"/><G15/><REACH who="3" ten="220,300,240,230" step="2"/><T0/><D14/><U72/><E34/><AGARI ba="0,1" hai="8,12,17,26,30,34,51,55,58,75,77,83,110,111" machi="34" ten="40,8000,1" yaku="1,1,2,1,52,1,53,1" doraHai="106" doraHaiUra="31" who="3" fromWho="1" sc="220,0,300,-80,240,0,230,90" /><INIT seed="2,0,0,3,4,121" ten="220,220,240,320" oya="2" hai0="111,112,8,57,66,89,11,20,122,25,131,74,12" hai1="71,105,104,87,123,76,85,75,22,129,44,86,97" hai2="113,94,119,91,69,52,82,41,96,6,27,134,38" hai3="48,135,127,133,58,10,49,64,68,19,118,3,62"/><V84/><F113/><W45/><G118/><T14/><D112/><U47/><E71/><V126/><F119/><W28/><G28/><T55/><D122/><U1/><E1/><V110/><F69/><W106/><G106/><T124/><D74/><U77/><E123/><V67/><F67/><W4/><G127/><T15/><D124/><U101/><E129/><V120/><F120/><W35/><G35/><T109/><D131/><U26/><E105/><V32/><F126/><W102/><G102/><T31/><D66/><U128/><E128/><V2/><F38/><W13/><G58/><T24/><D89/><U98/><E97/><V114/><F41/><W16/><G19/><N who="0" m="12319" /><D55/><U108/><E75/><V90/><F114/><W56/><G68/><T132/><D132/><N who="3" m="50761" /><G45/><T88/><D57/><U33/><E33/><V51/><F32/><W70/><G56/><T100/><D100/><U39/><E47/><V34/><F34/><W61/><G61/><T130/><D130/><U80/><E76/><V65/><F65/><W125/><G125/><T42/><D42/><U103/><E103/><V95/><F134/><W17/><G17/><T9/><D88/><U21/><E44/><V23/><F91/><W18/><G18/><T116/><D116/><U46/><E46/><V79/><F90/><W107/><G107/><T92/><D92/><U53/><E101/><V43/><F95/><W29/><G29/><T36/><D36/><U81/><E39/><V83/><F94/><W99/><G99/><T115/><D115/><U78/><E104/><V0/><F96/><W59/><G70/><RYUUKYOKU ba="0,0" sc="220,15,220,-15,240,-15,320,15" hai0="8,9,11,12,14,15,25,31,109,111" hai3="3,4,10,13,16,48,49,59,62,64" /><INIT seed="3,1,0,0,5,102" ten="235,205,225,335" oya="3" hai0="100,88,60,9,19,16,101,111,65,126,114,77,72" hai1="28,21,57,2,109,48,108,13,37,110,91,61,51" hai2="41,134,89,6,71,35,11,99,135,128,85,112,105" hai3="131,4,82,10,26,75,46,127,12,94,43,34,92"/><W27/><G131/><T17/><D111/><U53/><E37/><V64/><F35/><W29/><G127/><T118/><D118/><U103/><E2/><V74/><F74/><W45/><G45/><T70/><D126/><U119/><E119/><V84/><F112/><W107/><G107/><T33/><D33/><U73/><E73/><V24/><F41/><W39/><REACH who="3" step="1"/><G26/><REACH who="3" ten="235,205,225,325" step="2"/><T31/><D114/><U66/><E103/><V123/><F24/><W22/><G22/><T129/><D100/><U80/><E28/><V47/><F47/><W86/><G86/><T115/><D31/><U18/><E66/><V68/><F85/><AGARI ba="1,1" hai="13,18,21,48,51,53,57,61,80,85,91,108,109,110" machi="85" ten="40,1300,0" yaku="14,1" doraHai="102" who="1" fromWho="2" sc="235,0,205,26,225,-16,325,0" /><INIT seed="4,0,0,2,1,108" ten="235,231,209,325" oya="0" hai0="46,104,103,44,135,0,27,53,83,81,70,123,93" hai1="34,97,25,107,134,111,130,62,23,8,127,94,68" hai2="22,88,84,85,4,92,77,13,126,69,24,7,30" hai3="82,47,67,59,19,43,106,86,35,98,37,79,114"/><T121/><D0/><U75/><E111/><V91/><F69/><W118/><G35/><T120/><D104/><U20/><E107/><V89/><F126/><W56/><G118/><T57/><D70/><U54/><E75/><V29/><F77/><W31/><G31/><T1/><D1/><U129/><E127/><V113/><F113/><W45/><G114/><T124/><D124/><U100/><E134/><V17/><F89/><W110/><G110/><T26/><D135/><U131/><E8/><V116/><F116/><W78/><G67/><T112/><D112/><U117/><E117/><V96/><F96/><W63/><G63/><T33/><D103/><U58/><REACH who="1" step="1"/><E68/><REACH who="1" ten="235,221,209,325" step="2"/><V132/><F132/><W15/><G106/><T2/><D121/><U66/><E66/><V21/><REACH who="2" step="1"/><F29/><AGARI ba="0,1" hai="20,23,25,29,34,54,58,62,94,97,100,129,130,131" machi="29" ten="40,2600,0" yaku="1,1,19,1,53,0" doraHai="108" doraHaiUra="64" who="1" fromWho="2" sc="235,0,221,36,209,-26,325,0" /><INIT seed="5,0,0,2,2,74" ten="235,257,183,325" oya="1" hai0="100,116,77,108,37,84,48,97,105,10,129,52,85" hai1="91,132,5,31,57,63,11,122,35,12,70,128,95" hai2="7,56,93,60,43,98,22,67,42,6,46,16,88" hai3="41,54,103,80,33,106,59,81,50,40,123,14,124"/><U117/><E122/><V79/><F79/><W32/><G123/><T47/><D108/><U64/><E117/><V75/><F75/><W29/><G106/><T133/><D116/><U66/><E132/><V76/><F76/><W82/><G103/><T71/><D71/><U25/><E128/><V34/><F34/><W65/><G124/><T99/><D133/><U19/><E70/><V17/><F17/><W39/><G39/><T101/><D129/><U62/><E66/><V4/><REACH who="2" step="1"/><F46/><REACH who="2" ten="235,257,173,325" step="2"/><W15/><G33/><T18/><D77/><U115/><E19/><V134/><F134/><W69/><G32/><T26/><D18/><U114/><REACH who="1" step="1"/><E63/><REACH who="1" ten="235,247,173,325" step="2"/><V118/><F118/><W126/><G69/><T89/><D47/><U8/><E8/><V44/><F44/><W111/><G111/><T113/><D10/><U38/><E38/><V49/><F49/><W20/><G50/><T9/><D37/><U90/><E90/><V51/><F51/><W24/><G65/><T120/><D9/><U135/><E135/><V3/><F3/><W36/><G36/><T131/><D89/><U2/><E2/><V104/><F104/><W72/><G29/><T13/><D105/><U28/><E28/><V96/><F96/><AGARI ba="0,2" hai="5,11,12,25,31,35,57,62,64,91,95,96,114,115" machi="96" ten="40,3900,0" yaku="1,1,53,1" doraHai="74" doraHaiUra="30" who="1" fromWho="2" sc="235,0,247,59,173,-39,325,0" /><INIT seed="5,1,0,2,0,42" ten="235,306,134,325" oya="1" hai0="73,54,17,45,120,10,92,33,105,34,118,103,38" hai1="97,94,43,106,111,66,19,15,76,79,113,121,84" hai2="128,89,6,63,102,110,1,65,5,31,13,70,99" hai3="104,134,28,129,80,96,53,91,133,51,57,114,14"/><U58/><E121/><V39/><F110/><W4/><G28/><T59/><D73/><U93/><E111/><V11/><F128/><W30/><G30/><T81/><D120/><U55/><E113/><V37/><F89/><W82/><G129/><T87/><D118/><U71/><E106/><V64/><F64/><W123/><G114/><T24/><D105/><U72/><E72/><V125/><F125/><W0/><G0/><T47/><D38/><U83/><E76/><V116/><F116/><W68/><G68/><T48/><D33/><U29/><E29/><V101/><F101/><W41/><G41/><T86/><D34/><U115/><E115/><V126/><F126/><W90/><G123/><T56/><D56/><U40/><E66/><V67/><F67/><W77/><G82/><T20/><D10/><N who="1" m="6647" /><E71/><V49/><F49/><W60/><G51/><T100/><D100/><N who="1" m="60463" /><E94/><V78/><F78/><W44/><G104/><T122/><D122/><U108/><E108/><V127/><F127/><W27/><G77/><N who="0" m="46383" /><D103/><U2/><E2/><V98/><F31/><W61/><G91/><AGARI ba="1,0" hai="17,20,24,45,47,48,54,59,87,91,92" m="46383" machi="91" ten="30,3900,0" yaku="8,1,52,2" doraHai="42" who="0" fromWho="3" sc="235,42,306,0,134,0,325,-42" /><INIT seed="6,0,0,3,4,101" ten="277,306,134,283" oya="2" hai0="1,52,37,107,80,98,61,94,68,106,65,123,93" hai1="112,128,62,31,104,44,28,0,4,135,6,88,74" hai2="25,21,122,57,46,14,85,56,131,30,26,127,20" hai3="19,58,22,18,23,11,71,73,114,124,36,45,47"/><V125/><F122/><W99/><G71/><T118/><D123/><U72/><E104/><V67/><F131/><W69/><G69/><T113/><D1/><U77/><E0/><V105/><F14/><W32/><G32/><T115/><D118/><U90/><E77/><V39/><F85/><W133/><G58/><T119/><D119/><U116/><E135/><V9/><F9/><W132/><G99/><T70/><D37/><U81/><E81/><V63/><F57/><W59/><G59/><T134/><D134/><U29/><E44/><V97/><F46/><W66/><G66/><T50/><D80/><U89/><E112/><N who="0" m="43081" /><D70/><U17/><E17/><V41/><F41/><W13/><G19/><T10/><D10/><U83/><E83/><V84/><F84/><W96/><G18/><T91/><D94/><U76/><E76/><V82/><F82/><W34/><G36/><T121/><D121/><U48/><E48/><V53/><F39/><W78/><G78/><T5/><D5/><N who="1" m="2155" /><E116/><V60/><F60/><W92/><G114/><T111/><D111/><U12/><E12/><V95/><F67/><W75/><G13/><T16/><D16/><U3/><E3/><V2/><F2/><W27/><G11/><T7/><D7/><U86/><E86/><V87/><F87/><W24/><G92/><T103/><D103/><U129/><E62/><V126/><F95/><W43/><G43/><T35/><D35/><U109/><E109/><V117/><F117/><W54/><G34/><T55/><D50/><U51/><E51/><V49/><F49/><W79/><G133/><RYUUKYOKU ba="0,0" sc="277,15,306,15,134,-15,283,-15" hai0="52,55,61,65,68,91,93,98,106,107" hai1="28,29,31,72,74,88,89,90,128,129" /><INIT seed="7,1,0,0,5,69" ten="292,321,119,268" oya="3" hai0="65,35,87,103,62,116,98,44,2,83,106,97,129" hai1="5,93,92,94,76,42,67,25,24,109,119,89,99" hai2="125,53,95,113,66,59,52,14,28,117,58,112,118" hai3="16,102,132,73,3,134,38,0,8,57,50,127,45"/><W70/><G70/><T17/><D116/><U68/><E109/><V121/><F28/><W130/><G73/><T80/><D129/><U23/><E119/><V9/><F95/><N who="1" m="36425" /><E68/><V124/><F9/><W18/><G102/><T19/><D35/><U115/><E115/><V128/><F14/><N who="3" m="7239" /><G130/><T37/><D2/><U22/><E67/><V27/><F27/><N who="1" m="10313" /><E42/><V34/><F34/><W6/><G6/><T36/><D44/><U13/><E76/><V54/><F54/><N who="3" m="31959" /><G18/><T4/><D4/><U39/><E39/><V75/><F75/><W111/><G111/><T10/><D10/><AGARI ba="1,0" hai="5,10,13,22,23,89,94,99" m="10313,36425" machi="10" ten="30,1000,0" yaku="8,1" doraHai="69" who="1" fromWho="0" sc="292,-13,321,13,119,0,268,0" owari="279,8.0,334,43.0,119,-38.0,268,-13.0" /></mjloggm>