<mjloggm ver="2.3"><GO type="225" lobby="0"/><UN n0="%E6%80%96%E3%81%8F%E3%81%AA%E3%81%84%E3%81%8A" n1="%6E%65%77%6A%61%63%6B" n2="%E3%83%88%E3%83%88%E3%83%AA%E5%85%88%E7%94%9F%31%39%E6%AD%B3" n3="%E3%83%AD%E3%83%9C%E3%82%B3%E3%83%97" dan="17,16,18,16" rate="2168.99,2126.13,2193.44,2023.22" sx="M,M,F,M"/><TAIKYOKU oya="0"/><INIT seed="0,0,0,4,3,112" ten="250,250,250,250" oya="0" hai0="56,49,12,127,50,8,93,29,72,84,114,102,65" hai1="90,113,76,35,7,111,43,110,4,77,1,16,119" hai2="44,129,64,41,21,5,48,47,23,33,37,79,60" hai3="46,66,63,115,133,130,134,101,108,81,3,36,125"/><T73/><D114/><U27/><E113/><V87/><F33/><W132/><G115/><T99/><D127/><U75/><E119/><V124/><F124/><W51/><G125/><T95/><D29/><U104/><E104/><V57/><F129/><W67/><G36/><T71/><D71/><U94/><E43/><V100/><F100/><W28/><G3/><T83/><D93/><U82/><E77/><V30/><F30/><W31/><G101/><T14/><D14/><U118/><E118/><V126/><F126/><W86/><G66/><T53/><D65/><U70/><E70/><V61/><F61/><W20/><G20/><T38/><D38/><U121/><E121/><V9/><F87/><W88/><G130/><T17/><REACH who="0" step="1"/><D50/><REACH who="0" ten="240,250,250,250" step="2"/><U34/><E1/><V55/><F37/><W98/><G108/><N who="1" m="41514" /><E35/><V69/><F69/><N who="3" m="42239" /><G98/><T123/><D123/><U19/><E34/><V116/><F64/><W15/><G15/><T54/><D54/><AGARI ba="0,1" hai="28,31,46,51,54,81,86,88,132,133,134" m="42239" machi="54" ten="30,2000,0" yaku="20,1,54,1" doraHai="112" who="3" fromWho="0" sc="240,-20,250,0,250,0,250,30" /><INIT seed="1,0,0,3,5,43" ten="220,250,250,280" oya="1" hai0="47,113,80,112,135,66,71,82,70,126,9,123,7" hai1="22,41,111,49,52,90,78,23,13,21,133,17,86" hai2="118,11,2,96,76,64,125,34,33,84,29,3,36" hai3="119,44,15,100,56,92,79,128,108,62,45,19,89"/><U75/><E133/><V20/><F118/><W46/><G100/><T87/><D135/><U40/><E111/><V10/><F36/><W50/><G79/><T18/><D126/><U103/><E103/><V77/><F20/><N who="1" m="7785" /><E78/><V95/><F64/><N who="3" m="38983" /><G108/><T94/><D66/><U72/><E72/><V27/><F125/><W101/><G101/><T32/><D18/><U42/><E75/><V60/><F60/><W54/><G119/><T16/><D32/><U0/><E0/><V14/><F34/><W83/><G83/><T121/><D94/><N who="1" m="54615" /><E42/><V5/><F77/><W26/><G26/><T48/><D7/><U8/><E8/><V38/><F11/><N who="3" m="6655" /><G128/><T61/><D82/><U98/><E98/><AGARI ba="0,0" hai="44,45,46,50,54,89,92,98" m="6655,38983" machi="98" ten="30,7700,0" yaku="8,1,52,3" doraHai="43" who="3" fromWho="1" sc="220,0,250,-77,250,0,280,77" /><INIT seed="2,0,0,1,3,49" ten="220,173,250,357" oya="2" hai0="47,50,23,98,32,2,121,129,119,135,90,125,93" hai1="88,113,45,71,80,40,116,4,111,75,33,30,1" hai2="14,132,53,123,109,43,31,108,6,51,81,36,130" hai3="52,79,8,73,44,87,112,11,41,48,114,5,95"/><V104/><F123/><W134/><G73/><T115/><D121/><U61/><E113/><N who="3" m="43626" /><G134/><T122/><D122/><U91/><E111/><N who="2" m="42571" /><F132/><W63/><G5/><T3/><D32/><U39/><E116/><V133/><F133/><W102/><G102/><T83/><D119/><U0/><E30/><V86/><F104/><W92/><G79/><T34/><D34/><U100/><E33/><V22/><F130/><W54/><G63/><T19/><D129/><U42/><E100/><V65/><F65/><W16/><G11/><T46/><D46/><U84/><E42/><V15/><F6/><W110/><G110/><T97/><D135/><U124/><E124/><V25/><F43/><W10/><G10/><T58/><D125/><U35/><E35/><V24/><F24/><W78/><G78/><T74/><D115/><U103/><E103/><V101/><F36/><W72/><G72/><T28/><D74/><U29/><E75/><V105/><F101/><W20/><G8/><T38/><D38/><U128/><E128/><V18/><F18/><W26/><G87/><T9/><D28/><U55/><E29/><V21/><F21/><W56/><G41/><N who="0" m="24943" /><D9/><U13/><E4/><V107/><F107/><W70/><G70/><T60/><D98/><U27/><E27/><V62/><F105/><W17/><G17/><T127/><D127/><U126/><E126/><V99/><F99/><W67/><G67/><N who="0" m="39319" /><D83/><U68/><E68/><V57/><F62/><W64/><G64/><T117/><D117/><U94/><E71/><V85/><F81/><W118/><G118/><T59/><D19/><RYUUKYOKU ba="0,0" sc="220,-15,173,-15,250,15,357,15" hai2="14,15,22,25,31,51,53,57,85,86" hai3="16,20,26,44,48,52,54,56,92,95" /><INIT seed="2,1,0,5,5,56" ten="205,158,265,372" oya="2" hai0="66,135,28,115,44,120,71,19,15,132,97,46,99" hai1="53,23,113,59,110,40,119,96,18,29,10,64,39" hai2="45,75,38,26,35,88,31,87,54,16,122,12,58" hai3="8,63,80,72,92,86,109,2,125,1,20,22,107"/><V103/><F122/><W85/><G107/><T131/><D120/><U112/><E119/><V60/><F75/><W128/><G72/><T57/><D71/><U123/><E123/><V121/><F121/><W55/><G109/><T127/><D115/><U133/><E110/><V94/><F103/><W74/><G74/><T33/><D131/><U70/><E133/><N who="0" m="51273" /><D127/><U95/><E70/><V14/><REACH who="2" step="1"/><F16/><REACH who="2" ten="205,158,255,372" step="2"/><W34/><G125/><T134/><D134/><U126/><E126/><V4/><F4/><W69/><G128/><T83/><D28/><U42/><E113/><V105/><F105/><W0/><G69/><T32/><D19/><U90/><E112/><V98/><F98/><W73/><G73/><T43/><D97/><U101/><E29/><V41/><AGARI ba="1,1" hai="12,14,26,31,35,38,41,45,54,58,60,87,88,94" machi="41" ten="30,12000,1" yaku="1,1,0,1,52,1,54,1,53,1" doraHai="56" doraHaiUra="81" who="2" fromWho="2" sc="205,-41,158,-41,255,133,372,-41" /><INIT seed="2,2,0,4,0,110" ten="164,117,388,331" oya="2" hai0="5,111,75,64,77,107,114,51,92,103,73,106,12" hai1="132,30,96,97,35,0,23,80,135,88,118,76,24" hai2="49,112,126,79,130,33,46,42,67,133,94,25,21" hai3="44,34,87,8,127,128,22,89,1,3,116,48,122"/><V102/><F33/><W100/><G122/><T86/><D111/><U74/><E118/><V13/><F130/><W28/><G116/><T9/><D64/><U120/><E120/><V31/><F133/><W131/><G34/><T65/><D65/><U125/><E125/><V63/><F126/><W71/><G71/><T60/><D60/><U27/><E0/><V91/><F79/><W55/><G100/><T4/><D4/><U101/><E101/><V54/><F13/><W72/><G72/><T95/><D106/><U61/><E61/><V57/><F112/><W121/><G127/><T19/><D107/><U6/><E6/><V58/><F102/><W82/><G121/><T47/><D114/><U18/><REACH who="1" step="1"/><E88/><REACH who="1" ten="164,107,388,331" step="2"/><V85/><F63/><W53/><G3/><T20/><D103/><U36/><E36/><V90/><F90/><W109/><G1/><T50/><D75/><U104/><E104/><V62/><F62/><W52/><G109/><T15/><D73/><U129/><E129/><N who="3" m="49738" /><G8/><T11/><D11/><U37/><E37/><V16/><F67/><W41/><G41/><N who="0" m="24943" /><D51/><U59/><E59/><N who="2" m="22539" /><F42/><W83/><G83/><AGARI ba="2,1" hai="5,9,12,15,19,20,77,83,86,92,95" m="24943" machi="83" ten="30,2000,0" yaku="25,1,8,1" doraHai="110" who="0" fromWho="3" sc="164,36,107,0,388,0,331,-26" /><INIT seed="3,0,0,4,2,101" ten="200,107,388,305" oya="3" hai0="93,53,64,50,44,96,111,110,87,79,103,13,119" hai1="77,23,109,81,43,31,97,17,42,21,47,86,60" hai2="104,99,129,39,36,115,61,95,76,91,123,98,88" hai3="62,89,70,15,132,83,48,35,3,128,9,90,32"/><W121/><G3/><T25/><D119/><U67/><E109/><V0/><F0/><W82/><G121/><T85/><D64/><U72/><E72/><V68/><F115/><W5/><G128/><T102/><D79/><U114/><E114/><V33/><F129/><W6/><G35/><T34/><D102/><U74/><E74/><V84/><F33/><W134/><G32/><T28/><D13/><U117/><E117/><V8/><F104/><W51/><G70/><T30/><D30/><U78/><E78/><V41/><F76/><W94/><G62/><T58/><D44/><U11/><E11/><V26/><F123/><W100/><G100/><T131/><D131/><U38/><E43/><V116/><F116/><W75/><G75/><T66/><D66/><U122/><E122/><V126/><F126/><W57/><G57/><T108/><AGARI ba="0,0" hai="25,28,34,50,53,58,85,87,93,96,103,108,110,111" machi="108" ten="30,2000,0" yaku="0,1,14,1" doraHai="101" who="0" fromWho="0" sc="200,20,107,-5,388,-5,305,-10" owari="220,-18.0,102,-40.0,383,48.0,295,10.0" /></mjloggm>