<mjloggm ver="2.3"><GO type="169" lobby="0"/><UN n0="%E3%81%8D%E3%82%83%E3%81%97%E3%82%83%E3%83%BC%E3%81%AE%EF%BC%81" n1="%77%61%77%61%33%30%33%30" n2="%E5%B0%B1%E6%B4%BB%E7%94%9F%40%E5%B7%9D%E6%9D%91%E8%BB%8D%E5%9B%A3" n3="%E3%82%82%E3%81%B6%E3%81%93%E3%81%B0" dan="17,16,17,16" rate="2214.28,2091.71,2244.65,2000.56" sx="M,M,M,M"/><TAIKYOKU oya="0"/><INIT seed="0,0,0,4,4,103" ten="250,250,250,250" oya="0" hai0="45,87,23,49,82,32,94,52,74,58,48,34,4" hai1="61,81,53,68,64,93,22,31,9,76,10,126,56" hai2="98,106,75,54,108,120,55,101,46,60,63,42,6" hai3="97,90,71,51,100,15,1,91,131,26,38,122,65"/><T109/><D109/><U41/><E126/><V43/><F120/><W33/><G1/><T114/><D114/><U83/><E83/><V92/><F106/><W35/><G38/><T44/><D4/><U111/><E111/><V16/><F6/><W80/><G122/><T123/><D123/><U29/><E41/><V118/><F75/><W89/><G131/><T19/><D74/><U39/><E39/><V25/><F108/><W21/><G15/><T127/><D127/><U0/><E0/><V3/><F3/><W78/><G51/><T7/><D7/><U36/><E36/><V20/><F118/><W57/><G71/><T86/><D94/><U105/><E105/><V121/><F121/><W24/><G57/><T69/><D69/><U14/><E93/><V112/><F112/><W50/><G50/><T116/><D116/><U27/><E31/><V59/><F46/><W18/><G65/><T115/><D115/><U135/><E14/><V47/><F47/><W40/><G40/><T30/><D30/><U119/><E135/><V77/><F77/><W13/><G35/><T125/><D58/><AGARI ba="0,0" hai="16,20,25,42,43,54,55,58,59,60,63,92,98,101" machi="58" ten="40,5200,0" yaku="9,1,8,1,54,1" doraHai="103" who="2" fromWho="0" sc="250,-52,250,0,250,52,250,0" /><INIT seed="1,0,0,5,0,129" ten="198,250,302,250" oya="1" hai0="108,33,28,8,5,98,95,27,62,51,83,21,52" hai1="80,77,60,104,109,121,120,42,50,1,106,59,55" hai2="12,79,135,7,22,13,115,67,54,65,45,105,66" hai3="78,132,82,99,63,16,87,36,113,70,117,119,6"/><U39/><E1/><V93/><F105/><W15/><G36/><T101/><D108/><U91/><E109/><V126/><F126/><W25/><G113/><T112/><D112/><U111/><E111/><V58/><F79/><W14/><G99/><T2/><D83/><U61/><E61/><V134/><F45/><W23/><G132/><N who="2" m="50729" /><F115/><W46/><G46/><T35/><REACH who="0" step="1"/><D62/><REACH who="0" ten="188,250,302,250" step="2"/><U123/><E60/><N who="2" m="35927" /><F7/><W0/><G6/><T85/><D85/><U24/><E120/><V17/><F93/><W133/><G133/><T69/><D69/><U76/><E104/><V20/><F20/><W71/><G70/><T110/><D110/><U107/><E106/><V84/><F84/><W74/><G71/><T86/><D86/><U49/><E107/><V10/><F10/><W127/><G87/><T68/><D68/><U94/><E94/><V18/><F18/><W128/><G16/><T96/><D96/><U34/><E121/><V56/><F56/><AGARI ba="0,1" hai="2,5,8,21,27,28,33,35,51,52,56,95,98,101" machi="56" ten="30,7700,0" yaku="1,1,7,1,54,1,53,1" doraHai="129" doraHaiUra="88" who="0" fromWho="2" sc="188,87,250,0,302,-77,250,0" /><INIT seed="2,0,0,1,4,16" ten="275,250,225,250" oya="2" hai0="57,119,94,29,63,117,73,107,82,22,68,66,43" hai1="38,0,87,56,60,85,105,18,64,116,48,99,40" hai2="37,34,114,88,123,42,49,122,131,17,59,26,101" hai3="121,79,55,72,92,30,47,32,84,39,31,24,54"/><V58/><F101/><W4/><G121/><T65/><D107/><U110/><E110/><V2/><F2/><W89/><G31/><T45/><D94/><U8/><E116/><N who="0" m="44617" /><D82/><U19/><E38/><V14/><F114/><W3/><G72/><T12/><D73/><U112/><E112/><V50/><F131/><W120/><G79/><T33/><D33/><U6/><E19/><V69/><F69/><W103/><G120/><T108/><D108/><U46/><REACH who="1" step="1"/><E18/><REACH who="1" ten="275,240,225,250" step="2"/><V115/><F37/><W9/><G39/><T1/><D29/><U27/><E27/><V90/><F17/><W10/><G24/><T83/><D1/><U67/><E67/><V81/><F26/><W62/><G30/><T100/><D65/><U13/><E13/><V28/><F14/><W36/><G36/><T132/><D12/><U113/><E113/><V118/><F28/><W41/><G3/><T61/><D66/><U126/><E126/><V95/><F115/><W44/><G4/><T15/><D15/><U96/><E96/><N who="2" m="57447" /><F34/><W135/><G32/><T129/><D129/><U97/><E97/><V25/><F25/><W93/><G9/><T53/><D22/><U106/><E106/><V74/><F122/><W124/><G10/><T102/><D132/><U78/><E78/><N who="2" m="44247" /><F123/><W130/><G135/><T104/><D104/><U35/><E35/><V52/><F118/><W51/><G124/><T134/><D134/><U86/><E86/><V77/><F77/><W125/><G125/><T76/><D76/><U133/><E133/><V11/><F11/><W109/><G130/><T7/><D7/><RYUUKYOKU ba="0,1" sc="275,-10,240,30,225,-10,250,-10" hai1="0,6,8,40,46,48,56,60,64,85,87,99,105" /><INIT seed="3,1,1,4,2,86" ten="265,270,215,240" oya="3" hai0="110,125,114,0,91,69,45,102,41,116,132,38,108" hai1="134,98,104,92,11,117,87,67,1,6,53,95,76" hai2="36,73,60,37,74,9,107,133,43,63,44,99,68" hai3="42,135,40,14,100,29,23,129,39,78,48,54,71"/><W24/><G71/><T112/><D0/><U123/><E134/><V89/><F133/><W28/><G135/><T55/><D102/><U128/><E128/><V115/><F37/><W124/><G129/><T5/><D5/><U113/><E104/><V131/><F115/><N who="0" m="44074" /><D132/><U3/><E123/><V16/><F131/><W56/><G124/><T12/><D12/><U70/><E67/><V26/><F107/><W127/><G127/><T90/><D125/><U84/><E70/><V22/><F9/><W81/><G100/><T50/><D69/><U8/><E53/><V66/><REACH who="2" step="1"/><F60/><REACH who="2" ten="265,270,205,240" step="2"/><W83/><G39/><T10/><D10/><U52/><E11/><V77/><F77/><W94/><G78/><T97/><D116/><U82/><E117/><V49/><F49/><W93/><G48/><T32/><D32/><U80/><E113/><V88/><F88/><N who="0" m="33834" /><D97/><U2/><E8/><V106/><F106/><W35/><G35/><T61/><D61/><U85/><E6/><V62/><F62/><W46/><G23/><T75/><D75/><U105/><E98/><V13/><F13/><W121/><G14/><T65/><D65/><U7/><E7/><V109/><F109/><W31/><G24/><T96/><D96/><U130/><E130/><V64/><F64/><W25/><G25/><T72/><D72/><U59/><E105/><V30/><F30/><W33/><G29/><T119/><D119/><U21/><E3/><V20/><F20/><W101/><G31/><T118/><D118/><U103/><E2/><V47/><F47/><AGARI ba="1,2" hai="38,41,45,47,50,55,108,110" m="33834,44074" machi="47" ten="30,8000,1" yaku="11,1,52,3,54,1" doraHai="86" who="0" fromWho="2" sc="265,103,270,0,205,-83,240,0" /><INIT seed="4,0,0,4,0,110" ten="368,270,122,240" oya="0" hai0="113,116,85,37,13,135,95,44,58,4,90,74,71" hai1="126,127,46,9,75,131,105,68,67,43,23,21,10" hai2="111,82,64,121,61,72,29,91,118,31,66,73,18" hai3="63,124,24,55,122,78,52,69,88,0,134,42,54"/><T26/><D71/><U109/><E105/><V33/><F111/><W41/><G0/><T14/><D116/><U49/><E75/><V79/><F121/><W32/><G78/><T108/><D108/><U27/><E109/><V11/><F73/><W19/><G122/><T117/><D117/><U96/><E96/><V87/><F118/><W104/><G104/><T133/><D74/><U30/><E131/><V3/><F33/><W62/><G32/><T132/><D26/><U89/><E89/><V81/><F66/><W80/><G134/><T6/><D113/><U103/><E103/><V107/><F107/><W83/><G124/><N who="1" m="47658" /><E23/><V39/><F39/><W35/><G35/><T93/><D58/><U47/><E47/><V51/><F51/><W48/><G69/><T56/><D56/><U94/><E94/><V86/><F72/><W40/><G48/><T59/><D59/><U57/><E57/><V15/><REACH who="2" step="1"/><F3/><REACH who="2" ten="368,270,112,240" step="2"/><W120/><G120/><T125/><D125/><U129/><E129/><V119/><F119/><W50/><G50/><T65/><D37/><U112/><E67/><V17/><F17/><W8/><G19/><T36/><D65/><U92/><E68/><AGARI ba="0,1" hai="11,15,18,29,31,61,64,68,79,81,82,86,87,91" machi="68" ten="30,2000,0" yaku="1,1,7,1,53,0" doraHai="110" doraHaiUra="97" who="2" fromWho="1" sc="368,0,270,-20,112,30,240,0" /><INIT seed="5,0,0,4,4,108" ten="368,250,142,240" oya="1" hai0="9,70,56,37,55,107,27,88,91,81,66,17,18" hai1="73,33,76,14,126,132,116,75,5,60,45,128,52" hai2="36,99,58,118,0,119,80,51,47,32,86,115,117" hai3="134,48,24,8,35,57,68,102,30,72,87,61,110"/><U59/><E116/><V82/><F32/><W21/><G110/><T54/><D107/><U12/><E33/><V38/><F0/><W41/><G72/><T15/><D37/><U4/><E126/><V22/><F99/><W83/><G68/><T78/><D70/><U3/><E128/><V127/><F127/><W31/><G134/><T113/><D66/><U121/><E132/><V100/><F100/><W69/><G69/><T25/><D113/><U101/><E101/><V89/><F80/><W29/><G8/><T93/><D18/><U124/><E121/><V129/><F129/><W6/><G6/><T19/><D19/><U95/><E95/><V39/><F22/><W109/><G102/><T44/><D44/><U20/><E3/><V85/><F85/><W63/><G109/><T123/><D55/><U16/><E124/><V111/><F111/><W112/><G112/><T42/><D42/><U135/><E135/><V77/><F58/><W130/><G130/><T7/><D7/><U98/><E98/><V13/><F13/><W131/><G131/><T1/><D1/><U74/><E76/><V84/><F115/><W94/><G57/><T125/><D125/><U122/><E122/><V79/><REACH who="2" step="1"/><F84/><REACH who="2" ten="368,250,132,240" step="2"/><W104/><G87/><N who="0" m="48567" /><D123/><U10/><E5/><V65/><F65/><W114/><G114/><T62/><D91/><U50/><E75/><V11/><F11/><W67/><G67/><AGARI ba="0,1" hai="4,10,12,14,16,20,45,50,52,59,60,67,73,74" machi="67" ten="30,5800,0" yaku="7,1,54,2" doraHai="108" who="1" fromWho="3" sc="368,0,250,68,132,0,240,-58" /><INIT seed="5,1,0,5,5,65" ten="368,318,132,182" oya="1" hai0="64,41,100,73,103,123,125,107,15,86,94,91,108" hai1="62,61,29,112,122,58,49,55,9,98,126,10,2" hai2="44,50,97,92,77,82,22,39,7,69,47,57,121" hai3="127,11,59,99,113,104,74,101,38,45,66,33,115"/><U6/><E122/><V114/><F121/><W119/><G33/><T124/><D41/><U12/><E112/><N who="3" m="43082" /><G127/><N who="0" m="48715" /><D64/><U129/><E129/><V120/><F114/><W24/><G74/><T90/><D15/><U28/><E126/><V131/><F120/><W109/><G109/><T26/><D26/><U79/><E79/><V84/><F131/><W37/><G119/><T0/><D0/><U128/><E128/><V1/><F39/><W14/><G24/><T111/><D73/><U32/><E98/><V70/><F22/><W105/><G105/><T54/><D54/><U118/><E118/><V36/><F36/><W110/><G110/><N who="0" m="42027" /><D107/><U89/><E32/><V80/><F80/><W130/><G130/><T72/><D72/><U117/><E117/><V46/><F7/><N who="3" m="3455" /><G45/><T35/><D35/><U68/><E29/><V4/><F4/><W13/><G13/><T3/><D3/><U21/><E28/><V16/><F16/><W93/><G104/><T52/><D52/><U116/><E116/><V134/><F1/><W78/><G38/><T8/><D8/><U48/><E10/><V53/><REACH who="2" step="1"/><F134/><REACH who="2" ten="368,318,122,182" step="2"/><W133/><G37/><T95/><D123/><U34/><E34/><V30/><F30/><W23/><G133/><T60/><D60/><U87/><E21/><V40/><F40/><W19/><G23/><T71/><D71/><U76/><E2/><V67/><F67/><W106/><G19/><T83/><D83/><N who="1" m="47591" /><E62/><V63/><F63/><W51/><G66/><T27/><D27/><U43/><E68/><V18/><F18/><W25/><G25/><T132/><D132/><RYUUKYOKU ba="1,1" sc="368,15,318,-15,122,15,182,-15" hai0="86,90,91,94,95,100,103" hai2="44,46,47,50,53,57,69,70,77,82,84,92,97" /><INIT seed="6,2,1,0,5,45" ten="383,303,137,167" oya="2" hai0="88,76,37,41,94,124,8,26,17,60,113,48,55" hai1="13,97,118,112,93,12,20,57,50,61,73,107,131" hai2="121,52,16,11,86,38,33,40,67,28,95,3,98" hai3="115,114,133,36,125,79,74,134,92,105,99,75,108"/><V32/><F121/><W6/><G36/><T66/><D113/><N who="3" m="43017" /><G6/><T104/><D104/><U18/><E131/><V81/><F67/><W19/><G19/><T7/><D37/><U46/><E118/><V119/><F119/><W122/><G122/><T30/><D76/><U89/><E107/><V10/><F28/><W29/><G29/><T101/><D101/><U85/><E73/><N who="3" m="27658" /><G108/><T126/><D41/><U132/><E132/><N who="3" m="50794" /><G79/><T111/><D111/><U58/><E13/><V14/><F3/><W106/><G125/><T54/><D17/><U120/><E61/><V34/><F11/><W0/><G0/><T65/><D7/><U70/><E70/><V9/><F9/><W43/><G43/><T110/><D8/><U83/><E120/><V62/><F40/><W31/><G31/><T25/><D25/><U23/><E23/><V42/><F42/><W1/><G1/><T15/><D15/><U128/><E112/><V47/><F38/><W135/><N who="3" m="50802" /><W123/><DORA hai="80" /><G123/><T68/><D110/><U117/><E117/><V69/><F69/><W90/><AGARI ba="2,1" hai="90,92,99,105,106" m="50802,27658,43017" machi="90" ten="50,8000,1" yaku="15,1,11,1,20,1,34,2" doraHai="45,80" who="3" fromWho="3" sc="383,-22,303,-22,137,-42,167,96" /><INIT seed="7,0,0,2,5,63" ten="361,281,95,263" oya="3" hai0="134,11,75,4,99,53,56,67,24,47,3,124,100" hai1="40,52,1,7,111,20,104,109,36,123,106,18,133" hai2="91,87,23,32,35,116,26,90,39,33,93,19,41" hai3="82,21,122,58,110,107,135,44,101,16,17,88,66"/><W49/><G122/><T51/><D75/><U62/><E123/><V60/><F116/><W6/><G135/><T130/><D134/><U54/><E133/><V48/><F39/><W15/><G6/><T65/><D130/><U31/><E31/><V64/><F41/><W98/><G110/><T96/><D124/><U8/><E104/><V12/><F48/><W72/><G72/><T97/><D100/><U89/><E106/><V29/><F90/><W84/><G17/><T34/><REACH who="0" step="1"/><D47/><REACH who="0" ten="351,281,95,263" step="2"/><U77/><E111/><V68/><REACH who="2" step="1"/><F12/><REACH who="2" ten="351,281,85,263" step="2"/><W92/><G107/><T125/><D125/><U113/><E109/><V118/><F118/><W14/><G14/><T43/><D43/><U13/><E40/><V114/><F114/><W78/><G101/><T37/><D37/><U71/><E36/><V76/><F76/><W9/><G9/><T46/><D46/><U74/><E77/><V69/><F69/><W25/><G15/><T129/><D129/><U127/><E127/><V85/><F85/><W5/><G5/><T128/><D128/><U28/><E74/><V73/><F73/><W121/><G121/><T126/><D126/><U55/><E113/><V38/><F38/><W83/><G44/><T61/><D61/><U30/><E89/><V132/><F132/><W105/><G105/><T22/><D22/><U119/><E119/><V45/><F45/><W59/><G49/><T131/><D131/><U79/><E79/><V108/><F108/><W95/><G78/><T10/><D10/><U117/><E117/><V103/><F103/><N who="3" m="60895" /><G59/><T50/><D50/><U81/><E8/><RYUUKYOKU ba="0,2" sc="351,10,281,-30,85,10,263,10" hai0="3,4,11,24,34,51,53,56,65,67,96,97,99" hai2="19,23,26,29,32,33,35,60,64,68,87,91,93" hai3="16,21,25,58,66,82,83,84,88,92" /><INIT seed="7,1,2,0,2,39" ten="361,251,95,273" oya="3" hai0="23,108,102,69,106,119,26,122,7,76,36,13,48" hai1="2,14,72,63,96,55,91,111,68,104,90,107,43" hai2="75,130,42,38,128,87,112,67,0,127,123,117,10" hai3="31,29,44,25,98,18,83,109,24,8,5,134,9"/><W40/><G109/><T58/><D36/><U16/><E2/><V51/><F117/><W132/><G18/><T81/><D69/><U86/><E86/><V88/><BYE who="1" /><F75/><W92/><G83/><T80/><D119/><U115/><E115/><V45/><F123/><W30/><G25/><UN n1="%77%61%77%61%33%30%33%30" /><T93/><D106/><U35/><E35/><V84/><F112/><W57/><G57/><T50/><D122/><U33/><E33/><V121/><F121/><W101/><G24/><T11/><D108/><U37/><E72/><V59/><F127/><W135/><REACH who="3" step="1"/><G5/><REACH who="3" ten="361,251,95,263" step="2"/><N who="0" m="3311" /><D81/><U17/><E17/><V34/><F34/><W120/><G120/><T70/><D80/><U46/><E16/><V89/><F10/><W21/><G21/><T4/><D23/><U124/><E68/><V126/><F126/><W49/><AGARI ba="1,3" hai="8,9,29,30,31,40,44,49,92,98,101,132,134,135" machi="49" ten="40,12000,1" yaku="1,1,0,1,20,1,52,1,53,0" doraHai="39" doraHaiUra="61" who="3" fromWho="3" sc="361,-41,251,-41,95,-41,263,153" owari="320,12.0,210,-19.0,54,-45.0,416,52.0" /></mjloggm>