<mjloggm ver="2.3"><GO type="169" lobby="0"/><UN n0="%E3%83%AD%E3%83%B3%E3%82%88%E3%82%8A%E8%A8%BC%E6%8B%A0" n1="%61%6D%65%64%69%6F" n2="%E3%82%A6%E3%83%AB%E3%83%88%E3%83%A9%E7%AB%8B%E7%9B%B4" n3="%E9%A2%A8%E8%BB%8A" dan="17,16,18,17" rate="2224.07,2062.61,2177.44,2086.12" sx="M,M,M,M"/><TAIKYOKU oya="0"/><INIT seed="0,0,0,0,4,94" ten="250,250,250,250" oya="0" hai0="50,14,90,63,89,133,52,77,4,78,3,35,9" hai1="109,0,122,132,6,8,29,128,51,59,125,37,118" hai2="99,111,102,40,21,46,34,60,22,15,25,100,80" hai3="55,88,129,134,20,71,32,116,67,103,79,47,65"/><T120/><D120/><U58/><E122/><V107/><F111/><W115/><G116/><T85/><D35/><U121/><E121/><V97/><F15/><W48/><G32/><T7/><D133/><U135/><E37/><V61/><F80/><W105/><G115/><T112/><D112/><U117/><E29/><V41/><F34/><W74/><G134/><N who="1" m="51242" /><E109/><V114/><F114/><W36/><G36/><T83/><D63/><U23/><E23/><V76/><F76/><W33/><G33/><T44/><D4/><U1/><E1/><V39/><F41/><W70/><G129/><T19/><D90/><U56/><E128/><V68/><F22/><AGARI ba="0,0" hai="3,7,9,14,19,22,44,50,52,77,78,83,85,89" machi="22" ten="30,2900,0" yaku="7,1,54,1" doraHai="94" who="0" fromWho="2" sc="250,29,250,0,250,-29,250,0" /><INIT seed="0,1,0,5,3,80" ten="279,250,221,250" oya="0" hai0="133,93,19,115,132,25,60,107,33,24,78,102,88" hai1="59,50,71,73,52,76,1,100,77,94,20,131,42" hai2="83,38,47,8,31,118,43,70,84,56,39,119,82" hai3="110,36,37,55,72,97,120,15,79,44,74,135,0"/><T23/><D115/><U65/><E1/><V105/><F105/><W98/><G120/><T34/><D78/><U45/><E73/><V5/><F70/><W81/><G0/><T57/><D102/><U127/><E131/><V32/><F83/><W35/><G74/><T114/><D107/><U117/><E117/><V11/><F56/><W125/><G125/><T67/><D114/><U134/><E134/><N who="0" m="51817" /><D25/><U108/><E108/><V53/><F53/><W41/><G135/><T113/><D113/><U61/><E20/><V17/><F17/><W2/><G2/><T130/><D130/><U68/><E68/><V124/><F39/><W16/><G37/><T6/><D6/><U4/><E4/><V27/><F124/><W51/><G35/><T109/><D109/><U58/><E127/><V29/><F29/><W66/><G110/><T96/><AGARI ba="1,0" hai="19,23,24,33,34,57,60,67,88,93,96" m="51817" machi="96" ten="30,3000,0" yaku="20,1,54,1" doraHai="80" who="0" fromWho="0" sc="279,33,250,-11,221,-11,250,-11" /><INIT seed="0,2,0,3,0,25" ten="312,239,210,239" oya="0" hai0="20,134,106,110,34,59,72,53,98,32,55,75,14" hai1="12,84,50,112,47,89,130,40,101,115,94,122,41" hai2="64,4,28,96,126,121,17,124,26,132,99,113,87" hai3="118,128,54,131,81,35,56,77,83,86,24,63,119"/><T123/><D123/><U117/><E122/><V44/><F121/><W90/><G35/><T129/><D134/><U57/><E117/><V2/><F113/><N who="1" m="43593" /><E130/><N who="3" m="49706" /><G24/><T95/><D106/><U127/><E127/><V92/><F17/><W13/><G13/><T0/><D0/><U7/><E101/><V60/><F44/><W38/><G38/><T51/><D129/><U88/><E57/><V135/><F87/><AGARI ba="2,0" hai="54,56,63,77,81,83,86,87,90,118,119" m="49706" machi="87" ten="30,1000,0" yaku="19,1" doraHai="25" who="3" fromWho="2" sc="312,0,239,0,210,-16,239,16" /><INIT seed="1,0,0,0,2,103" ten="312,239,194,255" oya="1" hai0="63,41,132,121,50,28,7,70,83,34,108,67,123" hai1="115,3,21,97,40,95,69,81,53,73,101,134,117" hai2="58,125,112,60,27,29,65,47,61,9,72,98,19" hai3="106,99,64,96,2,114,12,74,57,133,45,56,0"/><U52/><E3/><V105/><F72/><W39/><G114/><T100/><D108/><U59/><E69/><V14/><F125/><W62/><G74/><T102/><D132/><U8/><E115/><V25/><F112/><W49/><G39/><T37/><D7/><U124/><E117/><V24/><F47/><W11/><G133/><T79/><D50/><U84/><E73/><V104/><F29/><W85/><G57/><T44/><D102/><U89/><E40/><V111/><F111/><W55/><G85/><T127/><D127/><U80/><E8/><V93/><REACH who="2" step="1"/><F61/><REACH who="2" ten="312,239,184,255" step="2"/><W43/><G43/><T129/><D28/><U31/><E124/><V116/><F116/><W32/><G32/><T26/><D34/><U118/><E118/><V10/><F10/><W66/><G11/><T91/><D44/><U87/><E134/><V122/><F122/><W42/><G62/><T20/><D63/><U128/><E128/><V131/><F131/><W15/><G42/><T109/><D41/><U46/><E46/><V4/><F4/><W54/><G45/><T130/><D130/><U33/><E33/><V1/><F1/><W68/><G0/><T13/><D129/><U22/><E31/><V6/><F6/><W48/><G2/><T5/><D5/><U16/><E22/><V135/><F135/><W78/><G49/><T23/><D123/><U90/><REACH who="1" step="1"/><E59/><REACH who="1" ten="312,229,184,255" step="2"/><V92/><F92/><W30/><G56/><T75/><D23/><U120/><E120/><V107/><F107/><W76/><G30/><T38/><D121/><U126/><E126/><V86/><F86/><RYUUKYOKU ba="0,2" sc="312,-15,229,15,184,15,255,-15" hai1="16,21,52,53,80,81,84,87,89,90,95,97,101" hai2="9,14,19,24,25,27,58,60,65,93,98,104,105" /><INIT seed="1,1,2,4,0,19" ten="297,244,199,240" oya="1" hai0="10,24,43,86,110,55,13,47,31,17,106,4,74" hai1="103,125,42,117,59,20,34,80,88,56,102,21,133" hai2="116,115,9,123,130,129,69,99,104,0,46,94,7" hai3="48,60,90,23,52,77,27,122,83,100,38,128,5"/><U87/><E34/><V107/><F123/><W50/><G122/><T15/><D110/><U127/><E117/><V92/><F69/><W53/><G38/><T91/><D74/><U25/><E42/><V37/><F116/><W3/><G128/><N who="2" m="49257" /><F115/><W65/><G100/><N who="1" m="38442" /><E133/><V119/><F119/><W18/><G90/><T28/><D106/><N who="2" m="40490" /><F99/><W45/><G3/><T57/><D24/><U135/><E135/><V81/><F81/><W41/><G5/><T112/><D112/><U93/><E25/><V82/><F82/><W8/><G8/><T85/><D85/><N who="1" m="52367" /><E125/><V67/><F67/><W95/><G95/><T14/><D14/><U54/><E127/><V97/><F97/><W1/><G1/><T12/><D12/><U113/><E113/><V114/><F114/><W29/><G29/><T132/><D132/><U30/><E30/><V6/><F6/><W118/><G118/><T22/><D43/><AGARI ba="1,2" hai="0,7,9,37,43,46,92,94" m="40490,49257" machi="43" ten="30,1000,0" yaku="19,1" doraHai="19" who="2" fromWho="0" sc="297,-13,244,0,199,33,240,0" /><INIT seed="2,0,0,3,2,32" ten="284,244,232,240" oya="2" hai0="35,51,76,99,98,40,88,111,103,93,10,68,82" hai1="134,119,97,5,79,1,11,105,130,104,62,129,67" hai2="58,125,83,72,12,3,22,113,128,126,9,29,94" hai3="106,108,15,118,69,47,89,60,61,66,54,24,55"/><V30/><F94/><W28/><G106/><T63/><D111/><U43/><E119/><V110/><F58/><W25/><G118/><T23/><D35/><U57/><E134/><V100/><F100/><W87/><G108/><T8/><D23/><U135/><E135/><V6/><F110/><W133/><G133/><T74/><D40/><U4/><E4/><V49/><F49/><W123/><G123/><T121/><D121/><U21/><E43/><V124/><F113/><W65/><G15/><T37/><D37/><U71/><E79/><N who="2" m="44519" /><F128/><N who="1" m="49257" /><E21/><V39/><F39/><W13/><G13/><T52/><D63/><N who="1" m="40447" /><E97/><V17/><AGARI ba="0,0" hai="3,6,9,12,17,22,29,30,124,125,126" m="44519" machi="17" ten="40,3900,0" yaku="18,1,52,1" doraHai="32" who="2" fromWho="2" sc="284,-13,244,-13,232,39,240,-13" /><INIT seed="2,1,0,3,0,5" ten="271,231,271,227" oya="2" hai0="85,70,130,29,37,41,95,72,111,125,25,135,116" hai1="80,76,97,87,112,58,10,131,122,120,19,63,101" hai2="128,46,24,110,109,26,91,51,67,59,79,90,66" hai3="1,84,20,89,99,134,71,33,2,81,108,43,11"/><V105/><F105/><W83/><G33/><T52/><D72/><U40/><E40/><V48/><F79/><W121/><G121/><T104/><D104/><U60/><E112/><V74/><F74/><W88/><G71/><T61/><D111/><N who="2" m="42506" /><F128/><W44/><G108/><T45/><D130/><U36/><E36/><V22/><F59/><W57/><G134/><T73/><D73/><U9/><E19/><N who="2" m="12383" /><F26/><W82/><G20/><T117/><D125/><U86/><E131/><V98/><F51/><W54/><G99/><T124/><D124/><U115/><E87/><V55/><F98/><W126/><G126/><T129/><D135/><U127/><E115/><V107/><F107/><W28/><G28/><T50/><D129/><U49/><E127/><V103/><F103/><W34/><G57/><T114/><D114/><U133/><E133/><V42/><F42/><W0/><G43/><T94/><D85/><U77/><E77/><V18/><F18/><W106/><G106/><T32/><D61/><N who="1" m="23627" /><E101/><V13/><F13/><W7/><G89/><AGARI ba="1,0" hai="46,48,55,66,67,89,90,91" m="12383,42506" machi="89" ten="30,2900,0" yaku="14,1,10,1" doraHai="5" who="2" fromWho="3" sc="271,0,231,0,271,32,227,-32" /><INIT seed="2,2,0,1,0,11" ten="271,231,303,195" oya="2" hai0="35,128,89,92,12,6,118,42,68,74,91,82,46" hai1="52,78,65,106,8,33,95,32,59,61,34,44,40" hai2="37,93,50,67,98,70,23,113,79,126,122,54,69" hai3="25,120,102,94,110,103,125,3,132,76,4,60,19"/><V41/><F122/><W29/><G120/><T105/><D105/><U97/><E106/><V66/><F79/><W0/><G110/><T27/><D68/><N who="2" m="26218" /><F93/><W99/><G132/><T112/><D112/><U129/><E129/><V83/><F23/><W49/><G125/><T111/><D128/><U28/><E78/><V17/><F17/><W114/><G114/><T81/><D111/><U43/><E28/><V47/><F98/><W9/><G103/><T75/><D118/><U36/><E40/><V127/><F83/><W20/><G0/><T64/><D64/><N who="2" m="24618" /><F113/><W109/><G60/><T55/><D35/><U90/><E65/><V84/><F84/><W15/><G109/><T115/><D115/><U86/><E86/><V62/><F62/><W30/><G76/><T80/><D27/><U45/><E8/><V124/><F54/><W116/><G116/><T71/><D71/><U85/><E85/><V107/><F107/><W48/><REACH who="3" step="1"/><G29/><REACH who="3" ten="271,231,303,185" step="2"/><T123/><D123/><U63/><E63/><V58/><F58/><W16/><G16/><T121/><D121/><U13/><E61/><V77/><F77/><W117/><G117/><T108/><D108/><U21/><E59/><V135/><F135/><W73/><G73/><T1/><D75/><U24/><E90/><V51/><AGARI ba="2,1" hai="37,41,47,50,51,124,126,127" m="24618,26218" machi="51" ten="40,7800,0" yaku="18,1,34,2" doraHai="11" who="2" fromWho="2" sc="271,-28,231,-28,303,94,185,-28" /><INIT seed="2,3,0,4,3,15" ten="243,203,397,157" oya="2" hai0="111,3,53,116,66,7,72,125,41,36,112,79,43" hai1="109,107,34,26,110,31,95,73,52,12,20,22,90" hai2="18,44,63,87,49,42,19,80,10,128,65,47,129" hai3="105,122,21,132,102,6,5,11,77,40,13,38,46"/><V120/><F47/><W2/><G122/><T67/><D112/><U97/><E107/><V60/><F120/><W117/><G117/><T16/><D111/><N who="1" m="42507" /><E73/><V89/><F10/><W91/><G132/><T118/><D125/><U35/><E52/><V25/><F25/><W126/><G126/><T88/><D7/><U78/><E78/><V135/><F135/><W86/><G77/><T92/><D3/><U27/><E12/><V50/><F50/><W76/><G76/><T114/><D114/><U57/><E57/><V108/><F108/><W83/><G5/><T61/><D53/><U62/><E62/><V45/><F45/><W39/><G39/><T59/><D67/><U9/><E9/><V69/><REACH who="2" step="1"/><F63/><REACH who="2" ten="243,203,387,157" step="2"/><W74/><G11/><T56/><D36/><U23/><E23/><V121/><F121/><W64/><G46/><T75/><D61/><U4/><E4/><V37/><F37/><W98/><G38/><T124/><D118/><U96/><E22/><V119/><F119/><W17/><G6/><T14/><D116/><U30/><E34/><V134/><F134/><W106/><G21/><T54/><D124/><U71/><E71/><V58/><F58/><W104/><G2/><T85/><D59/><U48/><E48/><V127/><F127/><W100/><G40/><T24/><D56/><U82/><E27/><V123/><F123/><W115/><G115/><T113/><D43/><U81/><E35/><V130/><AGARI ba="3,1" hai="18,19,42,44,49,60,65,69,80,87,89,128,129,130" machi="130" ten="30,12000,1" yaku="1,1,0,1,19,1,52,2,53,0" doraHai="15" doraHaiUra="29" who="2" fromWho="2" sc="243,-43,203,-43,387,139,157,-43" /><INIT seed="2,4,0,2,1,125" ten="200,160,526,114" oya="2" hai0="96,2,17,20,112,64,79,93,92,82,118,117,124" hai1="62,33,65,15,102,98,12,115,38,57,39,49,100" hai2="123,63,85,133,22,44,18,52,87,86,76,27,116" hai3="135,7,56,126,129,105,30,95,29,110,106,41,66"/><V127/><F123/><W67/><G126/><T23/><D2/><U21/><E33/><V26/><F116/><W70/><G70/><T132/><D112/><U74/><E74/><V114/><F114/><W134/><G41/><T120/><D120/><U104/><E115/><V46/><F127/><W8/><G95/><T80/><D124/><U130/><E102/><V1/><F1/><W72/><G72/><T4/><D4/><U111/><E111/><V43/><F133/><W42/><G42/><T54/><D64/><U94/><E104/><V5/><F5/><W11/><G7/><T13/><D132/><U69/><E15/><V36/><F76/><W83/><G56/><T77/><D54/><U113/><E113/><V16/><F63/><W119/><G83/><T45/><D45/><U84/><E84/><V103/><F103/><W50/><G50/><T99/><D13/><U10/><E21/><V53/><F46/><W91/><G91/><T40/><D40/><U9/><E9/><V47/><F47/><W35/><G35/><T122/><D122/><U78/><E78/><V3/><F3/><W107/><G107/><T6/><D6/><U88/><E100/><V109/><F109/><W101/><G101/><T73/><D73/><U131/><E49/><V32/><F32/><W37/><G110/><T31/><D17/><N who="1" m="8343" /><E69/><V128/><F18/><W68/><G68/><T61/><D61/><U51/><E51/><V28/><F53/><W25/><G106/><T48/><D48/><U59/><E59/><V24/><F52/><W90/><G105/><T60/><D60/><RYUUKYOKU ba="4,0" sc="200,15,160,15,526,-15,114,-15" hai0="20,23,31,77,79,80,82,92,93,96,99,117,118" hai1="38,39,57,62,65,88,94,98,130,131" /><INIT seed="3,5,0,3,5,20" ten="215,175,511,99" oya="3" hai0="85,15,120,9,29,48,43,97,113,24,131,17,41" hai1="59,16,94,21,121,58,71,38,35,118,14,78,22" hai2="91,119,110,87,100,114,39,105,104,101,74,76,93" hai3="132,50,73,92,13,32,83,3,68,129,117,75,62"/><W67/><G117/><T61/><D120/><U125/><E71/><V77/><F39/><W55/><G3/><T95/><D131/><U89/><E35/><V109/><F114/><W108/><G129/><T53/><D61/><U40/><E121/><V127/><F127/><W81/><G32/><T0/><D85/><U128/><E128/><V36/><F36/><W25/><G132/><T28/><D28/><U44/><E125/><V47/><F47/><W4/><G108/><T90/><D0/><U84/><E118/><V80/><F77/><W10/><G83/><T116/><D116/><U115/><E115/><V23/><F23/><W46/><G81/><T86/><D97/><U102/><E78/><V60/><F60/><W5/><G5/><T26/><D113/><U111/><E111/><N who="2" m="42507" /><F119/><W130/><G130/><T64/><D64/><U106/><E102/><AGARI ba="5,0" hai="74,76,80,87,91,93,100,101,102,104,105" m="42507" machi="102" ten="30,3900,0" yaku="14,1,34,2" doraHai="20" who="2" fromWho="1" sc="215,0,175,-54,511,54,99,0" /><INIT seed="4,0,0,5,4,36" ten="215,121,565,99" oya="0" hai0="30,17,59,21,74,7,122,100,104,11,97,121,80" hai1="133,76,22,107,15,43,78,26,114,75,37,73,67" hai2="51,24,94,54,45,33,135,40,12,38,6,87,64" hai3="31,70,102,8,47,103,41,53,126,134,101,55,27"/><T82/><D30/><U50/><E107/><V71/><F135/><W28/><G70/><T4/><D59/><U46/><E133/><V83/><F94/><W109/><G134/><T110/><D110/><U63/><E114/><V66/><F24/><W113/><G109/><T92/><D104/><U3/><E3/><V39/><F33/><W119/><G119/><T1/><D7/><U127/><E127/><V69/><F87/><W118/><G118/><T79/><REACH who="0" step="1"/><D82/><REACH who="0" ten="205,121,565,99" step="2"/><U132/><E132/><V84/><F6/><W117/><G28/><T9/><D9/><U123/><E123/><V115/><F83/><W19/><G8/><T96/><D96/><U111/><E111/><V90/><F69/><W68/><G31/><T56/><D56/><U34/><E34/><V13/><F71/><W131/><G68/><T25/><AGARI ba="0,1" hai="1,4,11,17,21,25,74,79,80,92,97,100,121,122" machi="25" ten="20,7800,0" yaku="1,1,0,1,7,1,53,1" doraHai="36" doraHaiUra="23" who="0" fromWho="0" sc="205,88,121,-26,565,-26,99,-26" /><INIT seed="4,1,0,2,2,82" ten="293,95,539,73" oya="0" hai0="108,39,84,103,115,34,22,0,71,73,107,23,112" hai1="25,118,55,105,7,69,72,63,35,4,5,41,60" hai2="36,65,86,121,21,79,19,53,96,78,40,129,94" hai3="68,47,32,37,80,58,106,1,110,48,33,57,62"/><T42/><D73/><U16/><E72/><V75/><F75/><W113/><G110/><T98/><D34/><U111/><E105/><V81/><F129/><W127/><G106/><T87/><D0/><U26/><E118/><V64/><F79/><W85/><G1/><T51/><D39/><U8/><E41/><V11/><F11/><W132/><G37/><T88/><D71/><U119/><E69/><V116/><F121/><W135/><G68/><T74/><D74/><U67/><E67/><V6/><F6/><W24/><G113/><N who="0" m="43595" /><D108/><U126/><E126/><V133/><F40/><W99/><G127/><T83/><D42/><U125/><E125/><V9/><F36/><W61/><G99/><T12/><D51/><U128/><E128/><V31/><F116/><W28/><G33/><T130/><D12/><N who="1" m="7175" /><E35/><V100/><F133/><N who="3" m="51275" /><G61/><N who="1" m="23626" /><E119/><V49/><F49/><W45/><G62/><T93/><D130/><U29/><E29/><V114/><F53/><N who="3" m="29839" /><G47/><T27/><D27/><N who="1" m="10251" /><E111/><V120/><F114/><W77/><AGARI ba="1,0" hai="24,28,32,57,58,77,80,85" m="29839,51275" machi="77" ten="30,2000,0" yaku="20,1,52,1" doraHai="82" who="3" fromWho="3" sc="293,-11,95,-6,539,-6,73,23" /><INIT seed="5,0,0,5,0,75" ten="282,89,533,96" oya="1" hai0="84,19,64,50,16,33,47,32,67,22,88,107,104" hai1="8,28,70,79,26,99,14,58,54,119,6,78,129" hai2="103,60,31,118,43,69,106,9,53,82,34,96,61" hai3="109,115,4,127,5,52,1,38,39,15,18,72,41"/><U116/><E70/><V121/><F43/><W80/><G109/><T94/><D33/><U120/><E120/><V29/><F29/><W77/><G127/><T89/><D32/><U133/><E133/><V126/><F118/><W42/><G115/><T71/><D107/><U135/><E135/><V90/><F9/><W57/><G41/><T7/><D7/><U92/><E129/><V56/><F90/><W12/><G12/><T81/><D104/><U55/><E116/><V59/><F82/><W49/><G1/><T65/><D22/><N who="1" m="15447" /><E119/><V30/><F30/><W130/><G130/><T46/><D71/><U68/><E68/><V83/><F121/><W27/><G27/><T20/><D20/><U74/><E74/><V105/><F105/><W125/><G125/><T40/><D47/><U101/><E55/><V95/><F106/><W21/><REACH who="3" step="1"/><G42/><REACH who="3" ten="282,89,533,86" step="2"/><T132/><D132/><U117/><E117/><V114/><F126/><W13/><G13/><T102/><D102/><U48/><AGARI ba="0,1" hai="6,8,14,48,54,58,78,79,92,99,101" m="15447" machi="48" ten="30,6000,0" yaku="8,1,52,2" doraHai="75" who="1" fromWho="1" sc="282,-20,89,70,533,-20,86,-20" /><INIT seed="5,1,0,5,0,90" ten="262,159,513,66" oya="1" hai0="19,53,126,43,12,32,49,1,92,88,62,84,40" hai1="94,51,80,42,67,59,69,116,34,131,21,135,44" hai2="30,61,79,72,63,46,0,68,56,82,48,6,85" hai3="81,89,114,58,50,22,54,3,9,107,4,66,7"/><U128/><E116/><V93/><F30/><W10/><G107/><T27/><D1/><U83/><E34/><V113/><F113/><W101/><G114/><T36/><D36/><U78/><E135/><V134/><F68/><W24/><G101/><T64/><D126/><U11/><E11/><V121/><F121/><W100/><G100/><T52/><D53/><U106/><E106/><V55/><F0/><W18/><G66/><T65/><D27/><U108/><E108/><V45/><F6/><W132/><G132/><T76/><D76/><U102/><E69/><V119/><F119/><W120/><G120/><T28/><D28/><U14/><E14/><V105/><F105/><W37/><G37/><T77/><D77/><U25/><E78/><V73/><F73/><W91/><REACH who="3" step="1"/><G81/><REACH who="3" ten="262,159,513,56" step="2"/><T13/><D65/><U2/><E83/><V129/><F134/><W23/><G23/><T124/><D124/><U8/><E80/><V74/><F74/><W41/><G41/><T47/><D32/><U26/><E21/><V16/><F82/><W71/><G71/><T117/><D117/><U99/><E8/><V122/><F79/><W35/><G35/><T87/><D43/><U127/><E127/><V123/><F72/><W86/><G86/><T110/><D40/><U15/><E42/><V17/><F123/><W112/><G112/><T118/><D118/><U130/><E67/><V5/><F85/><W70/><G70/><T39/><D39/><U133/><E133/><V60/><F122/><W125/><G125/><T97/><D64/><U111/><E102/><V115/><F115/><RYUUKYOKU ba="1,1" sc="262,-10,159,-10,513,-10,56,30" hai3="3,4,7,9,10,18,22,24,50,54,58,89,91" /><INIT seed="6,2,1,3,5,10" ten="252,149,503,86" oya="2" hai0="97,27,70,73,125,8,123,68,34,22,20,117,65" hai1="47,44,3,37,31,30,32,28,67,96,2,105,120" hai2="107,54,101,108,26,129,79,46,128,41,43,119,56" hai3="109,99,52,132,15,72,88,69,98,95,53,94,36"/><V0/><F0/><W122/><G122/><T90/><D123/><U40/><E120/><V106/><F119/><W45/><G109/><T111/><D73/><U87/><E32/><V104/><F101/><W78/><G69/><T93/><D34/><U16/><E67/><V134/><F134/><W115/><G132/><T42/><D125/><U85/><E96/><V55/><F79/><W59/><G115/><T39/><D111/><U84/><E105/><V35/><F108/><W13/><G72/><T7/><D22/><U25/><E40/><V63/><F54/><W24/><G78/><T86/><D117/><U48/><E48/><V71/><F71/><W21/><G36/><T80/><D65/><U1/><E37/><V66/><F66/><W58/><G45/><T133/><D42/><U29/><N who="1" m="7168" /><DORA hai="100" /><U9/><E25/><V49/><F26/><W91/><G24/><T130/><D39/><U38/><E38/><V121/><F35/><W113/><G113/><T131/><D70/><U60/><E60/><V19/><F43/><W103/><G103/><T51/><D51/><U23/><E23/><AGARI ba="2,1" hai="13,15,21,23,52,53,58,59,88,91,94,95,98,99" machi="23" ten="25,12000,2" yaku="22,2,8,1,52,2,54,2" doraHai="10,100" who="3" fromWho="1" sc="252,0,149,-126,503,0,86,136" /><INIT seed="7,0,0,3,1,67" ten="252,23,503,222" oya="3" hai0="56,108,51,99,132,85,61,76,40,45,17,95,29" hai1="118,116,81,126,48,94,47,57,125,106,71,28,21" hai2="135,103,60,20,7,44,3,87,123,127,2,62,72" hai3="33,12,25,6,59,4,124,32,91,83,1,58,101"/><W73/><G124/><T113/><D108/><U52/><E106/><V104/><F87/><W41/><G1/><T105/><D105/><U82/><E28/><V69/><F20/><W74/><G101/><T14/><D132/><U120/><E21/><V55/><F55/><W86/><G41/><T10/><D113/><U23/><E23/><V24/><F44/><W70/><G70/><T77/><D85/><U38/><E94/><V34/><F24/><W110/><G110/><T53/><D29/><U8/><E8/><V121/><F7/><W130/><G130/><T65/><D40/><U0/><E0/><V112/><F69/><W102/><G102/><AGARI ba="0,0" hai="10,14,17,45,51,53,56,61,65,76,77,95,99,102" machi="102" ten="30,2000,0" yaku="7,1,8,1" doraHai="67" who="0" fromWho="3" sc="252,20,23,0,503,0,222,-20" owari="272,7.0,23,-48.0,503,61.0,202,-20.0" /></mjloggm>