<mjloggm ver="2.3"><GO type="169" lobby="0"/><UN n0="%E3%82%AE%E3%82%AC%E3%83%9E%E3%82%A4%E3%83%B3" n1="%EF%BD%9E%E5%8E%9F%E6%9D%91%E5%92%8C%EF%BD%9E" n2="%E3%81%82%E3%81%84%E3%81%A0%E3%81%A6" n3="%E3%83%88%E3%83%88%E3%83%AA%E5%85%88%E7%94%9F%31%39%E6%AD%B3" dan="16,16,16,18" rate="2114.84,2132.92,2095.16,2177.73" sx="M,F,M,F"/><TAIKYOKU oya="0"/><INIT seed="0,0,0,5,3,21" ten="250,250,250,250" oya="0" hai0="12,55,113,72,81,37,22,17,111,64,99,78,25" hai1="30,58,68,93,112,5,56,6,104,43,94,76,18" hai2="101,45,122,32,117,92,50,19,28,97,123,52,87" hai3="105,24,133,82,120,90,127,13,57,83,102,89,47"/><T54/><D113/><U109/><E68/><V16/><F117/><W44/><G133/><T46/><D111/><U27/><E104/><V63/><F123/><W107/><G13/><T48/><D37/><U96/><E109/><V98/><F122/><W116/><G120/><T4/><D64/><U33/><E112/><V118/><F118/><W70/><G116/><T119/><D119/><U61/><E94/><V2/><F2/><W79/><G57/><T10/><REACH who="0" step="1"/><D99/><REACH who="0" ten="240,250,250,250" step="2"/><U74/><E6/><V132/><F97/><W80/><G70/><T95/><D95/><U9/><E5/><V23/><F132/><W11/><G105/><T134/><D134/><U135/><E93/><V103/><F103/><W38/><G102/><T1/><D1/><U41/><E96/><V65/><F32/><W110/><G107/><T42/><AGARI ba="0,1" hai="4,10,12,17,22,25,42,46,48,54,55,72,78,81" machi="42" ten="20,7800,0" yaku="1,1,0,1,7,1,52,1,53,0" doraHai="21" doraHaiUra="34" who="0" fromWho="0" sc="240,88,250,-26,250,-26,250,-26" /><INIT seed="0,1,0,0,0,19" ten="328,224,224,224" oya="0" hai0="23,17,3,100,76,108,31,80,49,91,78,65,54" hai1="44,42,126,9,135,52,67,38,92,128,33,26,86" hai2="94,82,98,130,71,16,116,43,25,87,105,11,64" hai3="120,21,61,66,10,132,51,73,29,101,62,46,6"/><T53/><D3/><U74/><E126/><V121/><F130/><W102/><G73/><T112/><D112/><U113/><E128/><V97/><F121/><W48/><G132/><T14/><D108/><U57/><E74/><V110/><F110/><W39/><G39/><T28/><D65/><U70/><E135/><V75/><F75/><W37/><G37/><T59/><D100/><U50/><E9/><V104/><F43/><W35/><G35/><T32/><D32/><U58/><E58/><V83/><F82/><W88/><G120/><T8/><D54/><U69/><E113/><V41/><F41/><N who="3" m="24655" /><G51/><T99/><D31/><U114/><E114/><V40/><F40/><W22/><G29/><T15/><D28/><U117/><E33/><V124/><F124/><W90/><G10/><T1/><D1/><U79/><E117/><V2/><F11/><W84/><G90/><T81/><D78/><U13/><E13/><V125/><F2/><W4/><G102/><T77/><D81/><U134/><E79/><V106/><F116/><W56/><G62/><T129/><D129/><U45/><E134/><V109/><F109/><W123/><G101/><T63/><D63/><N who="1" m="40191" /><E44/><V115/><F115/><W18/><G123/><T122/><D122/><U95/><E70/><V7/><F71/><W55/><G66/><T24/><D80/><U111/><E111/><V60/><F64/><W127/><G127/><T107/><D107/><N who="2" m="41034" /><F60/><W119/><G119/><T30/><D15/><U12/><E12/><V103/><N who="2" m="41042" /><V72/><DORA hai="93" /><F125/><W47/><G55/><T20/><D8/><RYUUKYOKU ba="1,0" sc="328,30,224,-10,224,-10,224,-10" hai0="14,17,20,23,24,30,49,53,59,76,77,91,99" /><INIT seed="0,2,0,2,3,110" ten="358,214,214,214" oya="0" hai0="119,98,83,126,81,36,4,90,125,44,71,85,48" hai1="131,34,28,82,68,94,30,72,118,117,3,9,100" hai2="122,50,56,134,75,109,124,10,20,128,89,111,84" hai3="0,99,6,95,45,115,27,80,105,18,16,103,66"/><T21/><D119/><U96/><E131/><V37/><F37/><W19/><G115/><T107/><D71/><U1/><E30/><V130/><F75/><W2/><G66/><T29/><D36/><U52/><E68/><V64/><F122/><W57/><G57/><T46/><D4/><U17/><E1/><V113/><F10/><W26/><G105/><T112/><D112/><U93/><E93/><N who="2" m="54439" /><F124/><N who="0" m="47722" /><D83/><U43/><E43/><V25/><F130/><W58/><G58/><T8/><D8/><U31/><E31/><N who="2" m="17831" /><F134/><W32/><G6/><T54/><D46/><U123/><E123/><V60/><F50/><W91/><G45/><T15/><D15/><U92/><E92/><V114/><F128/><W53/><G53/><T11/><D11/><U132/><E132/><V51/><F51/><W14/><G14/><T121/><D121/><U61/><E3/><V67/><F64/><W7/><G7/><T62/><D62/><U24/><E72/><V41/><F41/><W35/><G2/><T77/><D107/><U133/><E82/><V76/><F76/><W23/><G0/><T88/><D98/><U73/><E73/><V102/><F102/><W87/><REACH who="3" step="1"/><G26/><AGARI ba="2,0" hai="21,26,29,44,48,54,77,81,85,88,90" m="47722" machi="26" ten="30,2900,0" yaku="18,1,54,1" doraHai="110" who="0" fromWho="3" sc="358,35,214,0,214,0,214,-35" /><INIT seed="0,3,0,1,4,29" ten="393,214,214,179" oya="0" hai0="64,119,77,38,13,31,62,36,48,23,129,96,30" hai1="134,8,80,101,131,34,2,39,12,42,72,50,100" hai2="122,65,127,113,73,99,107,92,84,93,109,60,118" hai3="1,33,89,81,28,5,16,9,135,97,79,102,67"/><T40/><D119/><U52/><E131/><V70/><F113/><W59/><G135/><T25/><D129/><U78/><E134/><V55/><F122/><W15/><G89/><T17/><D77/><U104/><E104/><V94/><F73/><W112/><G112/><T115/><D31/><U20/><E20/><V74/><F74/><W43/><G43/><T76/><D76/><U111/><E111/><V53/><F109/><W14/><G14/><T56/><D96/><U86/><E34/><V3/><F3/><W58/><G67/><T128/><D128/><U133/><E12/><V47/><F127/><W125/><G125/><T103/><D103/><U75/><E86/><V66/><F66/><W82/><G28/><T21/><REACH who="0" step="1"/><D115/><REACH who="0" ten="383,214,214,179" step="2"/><U26/><E75/><V24/><F118/><W120/><G79/><T51/><D51/><U37/><E133/><V11/><F84/><W123/><G120/><T18/><D18/><U95/><E39/><V7/><F99/><W132/><G123/><T91/><D91/><U85/><E37/><V46/><F60/><W108/><G132/><T116/><D116/><U57/><E72/><V44/><F7/><W61/><G108/><T71/><D71/><U121/><E121/><V10/><F70/><W90/><G61/><T6/><D6/><N who="1" m="1111" /><E101/><V27/><F65/><W49/><G102/><T117/><D117/><U106/><E100/><V45/><N who="2" m="11264" /><DORA hai="4" /><V130/><F130/><W87/><G5/><T88/><D88/><U22/><E106/><V126/><F126/><W0/><G90/><T69/><D69/><U110/><E78/><RYUUKYOKU ba="3,1" sc="383,30,214,-10,214,-10,179,-10" hai0="13,17,21,23,25,30,36,38,40,48,56,62,64" /><INIT seed="0,4,1,3,4,102" ten="413,204,204,169" oya="0" hai0="108,71,70,80,116,31,68,65,89,100,11,96,20" hai1="6,0,98,75,119,59,55,78,62,125,21,69,135" hai2="128,94,86,132,13,37,54,83,43,60,49,58,38" hai3="30,82,42,129,32,111,40,10,101,112,124,19,27"/><T41/><D116/><U36/><E119/><V66/><F128/><W76/><G112/><T115/><D115/><U130/><E75/><V120/><F132/><W97/><G129/><T105/><D41/><U50/><E78/><V114/><F120/><W133/><G133/><T74/><D20/><U134/><E0/><V8/><F94/><W45/><G111/><T118/><D118/><U123/><E6/><V9/><F9/><W122/><G124/><T64/><D108/><U72/><E72/><V131/><F131/><W88/><G122/><T113/><D31/><U77/><E77/><V48/><F48/><W92/><G45/><T24/><D24/><U5/><E5/><V23/><F23/><W110/><G110/><T28/><D28/><U87/><E87/><V12/><F13/><W73/><REACH who="3" step="1"/><G101/><REACH who="3" ten="413,204,204,159" step="2"/><N who="0" m="62631" /><D113/><U25/><E125/><V81/><F114/><W90/><G90/><T33/><D89/><U56/><E123/><V103/><F103/><W17/><G17/><T26/><D100/><U106/><E130/><V4/><F83/><W63/><G63/><T14/><D80/><U35/><E134/><V22/><F81/><W104/><G104/><T39/><D39/><U7/><E36/><V3/><F38/><W99/><G99/><T52/><D71/><U85/><E69/><V2/><F37/><W61/><G61/><T84/><D70/><U57/><E62/><V18/><F60/><W47/><G47/><T121/><D68/><U93/><E106/><V16/><F18/><W109/><G109/><T91/><D121/><U127/><E135/><V29/><F16/><RYUUKYOKU ba="4,2" sc="413,-10,204,-10,204,-10,159,30" hai3="10,19,27,30,32,40,42,73,76,82,88,92,97" /><INIT seed="1,5,2,3,4,104" ten="403,194,194,189" oya="1" hai0="134,27,18,118,100,89,107,70,0,60,48,72,38" hai1="31,116,101,119,49,66,98,51,61,128,16,34,109" hai2="85,29,84,21,69,83,78,113,40,1,117,12,10" hai3="125,19,30,11,112,63,26,20,91,80,122,37,102"/><U108/><E128/><V68/><F117/><W4/><G122/><T129/><D118/><N who="1" m="45099" /><E31/><V3/><F113/><W57/><G37/><T46/><D129/><U77/><E34/><V47/><F84/><N who="3" m="50567" /><G112/><T35/><D134/><U5/><E5/><V114/><F114/><W25/><G125/><T111/><D111/><N who="1" m="42571" /><E77/><V56/><F56/><W82/><G102/><T33/><D0/><U52/><E16/><V7/><F1/><W45/><G4/><T95/><D18/><U126/><E126/><V14/><F12/><N who="3" m="7583" /><G82/><T81/><D27/><U8/><E8/><V92/><F92/><W88/><G25/><T39/><D33/><U76/><E76/><V44/><F44/><W53/><G45/><T79/><D35/><U65/><E51/><N who="2" m="27111" /><F3/><W132/><G132/><T99/><D107/><N who="1" m="63927" /><E61/><V32/><F32/><W36/><G36/><T97/><D100/><U24/><E24/><AGARI ba="5,2" hai="7,10,14,21,24,29,68,69,78,83,85" m="27111" machi="24" ten="30,1000,0" yaku="25,1" doraHai="104" who="2" fromWho="1" sc="403,0,194,-25,194,45,189,0" /><INIT seed="2,0,0,0,4,89" ten="403,169,239,189" oya="2" hai0="76,6,48,75,31,52,71,77,118,132,83,5,45" hai1="35,124,18,51,87,98,15,1,90,4,49,130,73" hai2="123,128,11,55,109,80,41,82,104,36,13,62,42" hai3="17,34,121,22,39,30,19,33,115,20,117,44,74"/><V84/><F123/><W78/><G117/><T69/><D118/><U61/><E35/><V7/><F104/><W14/><G74/><T95/><D31/><U92/><E73/><V46/><F128/><W86/><G121/><T25/><D25/><U110/><E110/><V94/><F109/><W122/><G122/><T65/><D77/><U91/><E124/><V66/><F55/><W43/><G30/><T96/><D132/><U111/><E111/><V105/><F105/><W107/><G107/><T50/><D50/><U103/><E130/><V29/><F29/><W106/><G106/><T113/><D113/><U93/><E61/><V12/><F12/><W127/><G127/><T97/><D97/><N who="1" m="57503" /><E4/><V53/><F53/><W3/><G3/><T108/><D108/><U85/><E85/><V125/><F41/><W126/><G115/><T21/><D21/><N who="1" m="11487" /><E1/><V8/><F8/><W88/><G78/><T60/><REACH who="0" step="1"/><D71/><REACH who="0" ten="393,169,239,189" step="2"/><U101/><E101/><AGARI ba="0,1" hai="5,6,45,48,52,60,65,69,75,76,83,95,96,101" machi="101" ten="30,12000,2" yaku="1,1,2,1,7,1,52,1,54,1,53,1" doraHai="89" doraHaiUra="56" who="0" fromWho="1" sc="393,130,169,-120,239,0,189,0" /><INIT seed="3,0,0,2,0,8" ten="523,49,239,189" oya="3" hai0="27,127,103,73,26,93,46,18,53,128,61,95,32" hai1="104,13,131,111,121,15,84,105,102,120,76,79,78" hai2="81,36,106,48,1,38,85,34,123,96,94,75,113" hai3="89,64,22,74,117,126,5,110,10,129,37,21,39"/><W112/><G112/><T50/><D73/><U44/><E44/><V68/><F123/><W88/><G117/><T4/><D128/><U55/><E55/><V31/><F1/><W87/><G74/><T57/><D127/><U122/><E84/><V35/><F113/><W124/><G129/><T11/><D32/><U116/><E131/><V70/><F48/><W9/><G87/><T98/><D95/><U24/><E24/><N who="2" m="18791" /><F94/><W7/><REACH who="3" step="1"/><G64/><REACH who="3" ten="523,49,239,179" step="2"/><T43/><D18/><U118/><E111/><AGARI ba="0,1" hai="5,7,9,10,21,22,37,39,88,89,110,111,124,126" machi="111" ten="25,18000,2" yaku="1,1,2,1,22,2,54,1,53,2" doraHai="8" doraHaiUra="3" who="3" fromWho="1" sc="523,0,49,-180,239,0,179,190" owari="523,62.0,-131,-63.0,239,-16.0,369,17.0" /></mjloggm>