<mjloggm ver="2.3"><GO type="169" lobby="0"/><UN n0="%66%69%67%68%74%65%72%73" n1="%E2%98%85%E7%AB%9C%E8%99%8E%E2%98%85" n2="%E5%B0%B1%E6%B4%BB%E7%94%9F%40%E5%B7%9D%E6%9D%91%E8%BB%8D%E5%9B%A3" n3="%E3%81%82%E3%81%B2%E3%82%8B%E3%81%95%E3%82%93" dan="16,16,17,17" rate="2068.93,2102.81,2142.77,2159.52" sx="M,M,M,M"/><TAIKYOKU oya="0"/><INIT seed="0,0,0,0,4,37" ten="250,250,250,250" oya="0" hai0="126,47,60,125,134,33,82,5,108,92,115,114,24" hai1="133,28,41,34,87,64,120,32,57,8,90,42,11" hai2="83,103,14,4,81,51,35,102,18,111,123,135,55" hai3="65,66,132,88,73,15,78,105,1,20,70,118,98"/><T45/><D33/><U116/><E120/><V76/><F123/><W56/><G1/><T104/><D104/><U122/><E122/><V112/><F35/><W7/><G70/><T85/><D24/><U124/><E116/><V113/><F4/><W86/><G118/><T72/><D5/><U74/><E74/><V25/><F135/><W9/><G132/><T121/><D134/><U30/><E133/><V77/><F111/><W89/><G73/><T43/><D121/><U75/><E75/><V22/><F112/><N who="0" m="43050" /><D92/><U52/><E64/><V49/><F49/><W71/><G71/><T95/><D60/><U12/><E34/><V101/><F113/><W16/><G105/><T68/><D47/><U13/><E32/><V54/><F25/><W96/><G78/><N who="2" m="30313" /><F55/><W84/><G7/><T127/><D68/><U131/><E11/><V129/><F129/><W21/><G9/><T59/><D72/><U69/><E69/><V31/><F31/><N who="1" m="11817" /><E131/><V67/><F67/><W94/><G65/><T107/><D107/><U10/><E10/><V27/><F27/><W2/><G20/><T39/><D108/><U80/><E124/><V63/><F63/><N who="3" m="38247" /><G2/><T38/><D59/><AGARI ba="0,0" hai="14,18,22,51,54,59,81,83,101,102,103" m="30313" machi="59" ten="30,1000,0" yaku="8,1" doraHai="37" who="2" fromWho="0" sc="250,-10,250,0,250,10,250,0" /><INIT seed="1,0,0,1,1,132" ten="240,250,260,250" oya="1" hai0="96,101,5,100,18,20,40,99,24,60,94,30,67" hai1="70,58,128,129,36,113,62,28,49,61,52,107,57" hai2="45,114,75,34,121,2,65,85,13,73,29,69,83" hai3="74,78,64,22,125,25,4,48,68,84,79,115,105"/><U42/><E107/><V120/><F2/><W77/><G115/><T104/><D40/><U55/><E28/><V98/><F114/><W95/><G74/><T0/><D5/><U1/><E1/><V33/><F98/><W53/><G105/><T16/><REACH who="0" step="1"/><D0/><REACH who="0" ten="230,250,260,250" step="2"/><U10/><E113/><V39/><F120/><W119/><G4/><T123/><D123/><U47/><E10/><V9/><F9/><W118/><G119/><T41/><D41/><U97/><E97/><V46/><F39/><W88/><G118/><T80/><D80/><U93/><E93/><V89/><F83/><W23/><G95/><T11/><D11/><U86/><E86/><V87/><F85/><W124/><G84/><T19/><D19/><U103/><E103/><V63/><F87/><W56/><G79/><T122/><D122/><U106/><E106/><V92/><F92/><W135/><G78/><T112/><D112/><U76/><E76/><V117/><F121/><W31/><G77/><T6/><D6/><U90/><E90/><V109/><F117/><W43/><G88/><T116/><D116/><U15/><E15/><V12/><F89/><W54/><G43/><T133/><D133/><U130/><E70/><AGARI ba="0,1" hai="16,18,20,24,30,60,67,70,94,96,99,100,101,104" machi="70" ten="30,3900,0" yaku="1,1,7,1,54,1,53,0" doraHai="132" doraHaiUra="35" who="0" fromWho="1" sc="230,49,250,-39,260,0,250,0" /><INIT seed="2,0,0,2,2,132" ten="279,211,260,250" oya="2" hai0="129,84,3,112,106,78,4,8,90,72,44,69,103" hai1="39,92,117,86,9,36,33,2,87,55,22,41,119" hai2="63,66,123,14,11,96,127,49,25,48,81,125,130" hai3="134,12,58,79,38,133,37,26,13,51,17,24,10"/><V65/><F123/><W71/><G79/><T85/><D129/><U109/><E33/><V35/><F130/><W27/><G71/><T100/><D112/><U74/><E74/><V107/><F81/><W19/><G38/><T59/><D85/><U121/><E121/><V116/><F116/><W46/><G37/><T108/><D59/><U73/><E73/><V64/><F63/><W20/><REACH who="3" step="1"/><G58/><REACH who="3" ten="279,211,260,240" step="2"/><T68/><D68/><U43/><E119/><V62/><F62/><W1/><G1/><T118/><D78/><U115/><E117/><V18/><F107/><W114/><G114/><T88/><D69/><U99/><E39/><V111/><F111/><W122/><G122/><T101/><D108/><U126/><E36/><V93/><F49/><W54/><AGARI ba="0,1" hai="10,12,13,17,19,20,24,26,27,46,51,54,133,134" machi="54" ten="30,4000,0" yaku="1,1,0,1,53,1" doraHai="132" doraHaiUra="7" who="3" fromWho="3" sc="279,-10,211,-10,260,-20,240,50" /><INIT seed="3,0,0,4,0,72" ten="269,201,240,290" oya="3" hai0="109,134,22,114,3,49,40,25,81,73,79,56,10" hai1="51,113,53,71,69,95,97,5,92,132,87,63,11" hai2="133,31,14,83,84,111,42,17,52,103,128,65,121" hai3="12,34,33,57,16,1,131,123,66,58,62,118,55"/><W0/><G118/><T115/><D134/><U54/><E113/><N who="0" m="43017" /><D109/><U99/><E132/><V91/><F133/><W32/><G123/><T125/><D125/><U120/><E120/><V85/><F111/><W102/><G102/><T82/><D82/><U18/><E18/><V19/><F128/><W15/><G15/><T130/><D130/><U75/><E75/><V47/><F65/><W59/><G131/><T50/><D56/><U4/><E87/><V107/><F31/><W93/><G93/><T44/><D22/><U60/><E51/><V39/><F121/><W110/><G110/><T108/><D25/><U89/><E11/><V28/><F28/><W30/><G30/><T126/><D108/><U38/><E89/><V23/><F19/><W20/><REACH who="3" step="1"/><G55/><REACH who="3" ten="269,201,240,280" step="2"/><T106/><D126/><U127/><E127/><V37/><F52/><W36/><G36/><AGARI ba="0,1" hai="4,5,36,38,53,54,60,63,69,71,92,95,97,99" machi="36" ten="25,1600,0" yaku="22,2" doraHai="72" who="1" fromWho="3" sc="269,0,201,26,240,0,280,-16" /><INIT seed="4,0,0,1,2,37" ten="269,227,240,264" oya="0" hai0="127,13,89,16,105,91,20,81,109,61,3,45,68" hai1="73,115,55,130,104,60,67,100,132,18,74,11,85" hai2="33,59,119,82,47,110,87,40,112,42,117,101,123" hai3="131,38,24,29,128,32,125,49,2,9,78,63,135"/><T103/><D127/><U121/><E121/><V51/><F110/><W27/><G38/><T133/><D3/><U79/><E104/><V80/><F33/><W17/><G78/><T48/><D133/><U99/><E100/><V54/><F123/><W10/><G63/><T12/><D109/><U88/><E99/><V57/><F101/><W5/><G49/><T26/><D105/><U97/><E97/><V98/><F98/><W72/><G72/><T58/><D68/><U118/><E79/><N who="2" m="46495" /><F82/><W106/><G106/><T15/><D81/><U28/><E28/><V8/><F8/><W93/><G93/><T39/><D39/><U120/><E120/><V0/><F0/><W96/><G96/><T56/><D103/><U62/><E132/><V126/><F126/><W30/><G125/><T108/><D108/><U46/><E74/><V35/><F35/><N who="3" m="20903" /><G135/><T21/><D21/><U102/><E73/><V25/><F25/><W94/><G94/><T7/><D7/><U19/><E102/><V52/><F112/><W92/><G92/><T111/><D111/><U71/><E88/><N who="0" m="33865" /><D61/><U1/><E85/><V36/><F36/><W86/><G86/><T114/><D114/><U107/><E115/><V95/><F95/><W134/><G134/><T34/><D34/><U83/><E107/><V4/><F4/><N who="3" m="1175" /><G17/><T64/><D64/><U116/><E18/><V31/><F31/><W76/><G76/><T41/><AGARI ba="0,0" hai="12,13,15,16,20,26,41,45,48,56,58" m="33865" machi="41" ten="30,11700,0" yaku="8,1,52,1,54,2" doraHai="37" who="0" fromWho="0" sc="269,117,227,-39,240,-39,264,-39" /><INIT seed="4,1,0,1,5,55" ten="386,188,201,225" oya="0" hai0="110,133,51,128,120,94,39,68,134,67,45,71,131" hai1="114,13,130,10,26,88,2,44,3,93,53,48,106" hai2="16,122,9,89,69,77,19,49,40,34,115,101,52" hai3="62,20,97,61,46,29,76,113,104,86,12,123,119"/><T135/><D120/><U87/><E106/><V31/><F69/><N who="0" m="26698" /><D94/><U103/><E130/><N who="0" m="49705" /><D67/><U100/><E114/><V21/><F122/><W60/><G119/><T25/><D25/><U57/><E3/><V4/><F115/><W90/><G113/><T33/><D33/><U116/><E2/><V132/><F77/><W124/><G124/><T23/><D23/><U7/><E116/><V99/><F89/><W18/><G123/><T82/><D82/><U8/><E8/><V121/><F40/><W98/><G76/><T73/><D110/><U65/><E26/><N who="2" m="16847" /><F34/><W59/><G29/><T107/><D73/><U118/><E118/><V84/><F132/><W24/><G24/><T74/><D74/><U38/><E38/><V54/><F121/><W42/><G104/><T95/><D95/><U80/><E93/><N who="2" m="58607" /><F84/><W28/><G28/><T102/><D102/><U92/><E92/><V41/><F4/><W36/><G98/><T72/><D107/><U6/><E6/><V11/><F11/><W17/><G97/><T127/><D72/><U112/><E112/><V126/><F126/><W75/><G75/><T125/><D39/><U47/><E47/><N who="2" m="25839" /><F9/><W81/><REACH who="3" step="1"/><G18/><AGARI ba="1,0" hai="16,18,19,52,54" m="25839,58607,16847" machi="18" ten="30,3900,0" yaku="8,1,54,2" doraHai="55" who="2" fromWho="3" sc="386,0,188,0,201,42,225,-42" /><INIT seed="5,0,0,2,1,56" ten="386,188,243,183" oya="1" hai0="117,104,18,134,12,129,40,102,23,89,112,118,21" hai1="52,35,13,120,77,1,37,114,103,55,28,31,62" hai2="108,75,86,125,124,74,44,38,126,29,127,45,122" hai3="14,116,95,49,98,128,51,63,54,50,87,32,0"/><U39/><E1/><V41/><F122/><W33/><G0/><T2/><D104/><U90/><E120/><V70/><F108/><W5/><G128/><T94/><D102/><U58/><E114/><V19/><F29/><W81/><G116/><T80/><D112/><U68/><E39/><V60/><F45/><W26/><G32/><T71/><D129/><U17/><E37/><V59/><F70/><W16/><G5/><T106/><D106/><U47/><E35/><V10/><N who="2" m="32256" /><DORA hai="79" /><V48/><F38/><W8/><G26/><T11/><D71/><U121/><E121/><V91/><F19/><W82/><G87/><N who="0" m="50407" /><D2/><U99/><E90/><V88/><F10/><W25/><G25/><T96/><D117/><U66/><E47/><V73/><F86/><W34/><G34/><T61/><D118/><U85/><E55/><AGARI ba="0,0" hai="41,44,48,55,59,60,73,74,75,88,91" m="32256" machi="55" ten="70,8000,1" yaku="18,1,52,1,54,1" doraHai="56,79" who="2" fromWho="1" sc="386,0,188,-80,243,80,183,0" /><INIT seed="6,0,0,0,4,4" ten="386,108,323,183" oya="2" hai0="28,76,131,82,15,47,63,37,89,121,112,135,9" hai1="54,73,101,77,34,43,57,107,125,99,55,124,11" hai2="51,114,88,123,17,130,65,1,69,74,52,44,25" hai3="109,56,113,50,105,13,36,39,134,80,46,12,103"/><V66/><F123/><W61/><G109/><T90/><D112/><U81/><E34/><V85/><F74/><W86/><G134/><T100/><D135/><U132/><E43/><V23/><F114/><W59/><G113/><T67/><D131/><U35/><E35/><V19/><F1/><W91/><G36/><T21/><D121/><U92/><E132/><V108/><F130/><W38/><G38/><T72/><D100/><U49/><E55/><V48/><F69/><W95/><G39/><T26/><D47/><U119/><E119/><V20/><F51/><W70/><G105/><T120/><D37/><U78/><E78/><V117/><F117/><W27/><G70/><T40/><D40/><U68/><E68/><V62/><F62/><W122/><G122/><T129/><D129/><U22/><E22/><V116/><F116/><W133/><G133/><T16/><D120/><U7/><REACH who="1" step="1"/><E107/><REACH who="1" ten="386,98,323,183" step="2"/><V126/><F108/><W60/><G59/><AGARI ba="0,1" hai="9,15,16,21,26,28,59,63,67,72,76,82,89,90" machi="59" ten="30,3900,0" yaku="7,1,52,1,54,1" doraHai="4" who="0" fromWho="3" sc="386,49,98,0,323,0,183,-39" /><INIT seed="7,0,0,3,3,84" ten="435,98,323,144" oya="3" hai0="133,57,50,13,87,6,94,1,27,44,5,113,18" hai1="120,93,9,82,7,23,131,22,24,97,115,42,89" hai2="68,11,86,63,107,59,2,71,58,16,19,112,37" hai3="91,49,96,12,10,41,52,62,121,25,119,122,99"/><W38/><G119/><T104/><D104/><U92/><E120/><V45/><F107/><W51/><G38/><T43/><D133/><U47/><E115/><V48/><F37/><W114/><G114/><T61/><D1/><U132/><E132/><V74/><F74/><W28/><G122/><T67/><D113/><U102/><E131/><V108/><F108/><W125/><G125/><T130/><D130/><U15/><E82/><V79/><F112/><W123/><G121/><T53/><D27/><U66/><E66/><V35/><F35/><W72/><G72/><T88/><D43/><U83/><E83/><V36/><F36/><W56/><G123/><T109/><D109/><U105/><E105/><V100/><F100/><W80/><G99/><T34/><D34/><U76/><E76/><V69/><F79/><W110/><G41/><T55/><D67/><U126/><E24/><V111/><F111/><W118/><G118/><T33/><D33/><U0/><E0/><V85/><F2/><W46/><G110/><T65/><D65/><U64/><E64/><V117/><F117/><W3/><G3/><T77/><D77/><U30/><E30/><V98/><F98/><W20/><G46/><T39/><D39/><U17/><E7/><V129/><F129/><W124/><G124/><T81/><D94/><U101/><E126/><V78/><F78/><W103/><G103/><N who="1" m="39434" /><E93/><V60/><F69/><W128/><G128/><T73/><D73/><U90/><E89/><V134/><F71/><W4/><G91/><T29/><D29/><U8/><E9/><AGARI ba="0,0" hai="5,6,9,13,18,44,50,53,55,57,61,81,87,88" machi="9" ten="30,12000,2" yaku="7,1,25,2,8,1,52,1,54,1" doraHai="84" who="0" fromWho="1" sc="435,120,98,-120,323,0,144,0" owari="555,66.0,-22,-52.0,323,12.0,144,-26.0" /></mjloggm>