<mjloggm ver="2.3"><GO type="225" lobby="0"/><UN n0="%E3%82%8A%E3%82%81%E3%82%8D" n1="%73%40%73%61%74%61%6B%65" n2="%68%61%6E%65%31%35%30%30" n3="%E3%82%A6%E3%83%AB%E3%83%88%E3%83%A9%E7%AB%8B%E7%9B%B4" dan="16,17,18,17" rate="2158.81,2183.98,2293.01,2158.64" sx="M,M,M,M"/><TAIKYOKU oya="0"/><INIT seed="0,0,0,5,2,57" ten="250,250,250,250" oya="0" hai0="77,50,76,59,102,32,120,11,63,94,22,122,10" hai1="42,81,28,133,128,33,14,9,21,121,3,5,125" hai2="127,8,15,96,44,124,69,43,62,13,100,65,86" hai3="126,80,35,130,31,110,49,92,99,66,90,12,95"/><T78/><D32/><U108/><E42/><V91/><F86/><W73/><G35/><T47/><D120/><U119/><E119/><V25/><F91/><W84/><G31/><T89/><D122/><U39/><E39/><V20/><F20/><W101/><G66/><N who="0" m="39295" /><D22/><U4/><E121/><V71/><F25/><W16/><G130/><T111/><D102/><U46/><E46/><V37/><F71/><W48/><G126/><N who="2" m="48169" /><F8/><W58/><G110/><T85/><D111/><U2/><E125/><V87/><F87/><W56/><G73/><T40/><AGARI ba="0,0" hai="10,11,40,47,50,76,77,78,85,89,94" m="39295" machi="40" ten="30,3000,0" yaku="8,1,52,1" doraHai="57" who="0" fromWho="0" sc="250,30,250,-10,250,-10,250,-10" /><INIT seed="0,1,0,4,3,108" ten="280,240,240,240" oya="0" hai0="116,128,134,133,75,121,56,99,129,68,50,18,7" hai1="97,23,76,40,67,104,6,3,5,31,93,125,85" hai2="71,8,2,91,62,64,45,100,53,106,73,49,127" hai3="98,101,34,33,4,20,77,43,82,61,9,81,41"/><T90/><D68/><U54/><E125/><V44/><F127/><W58/><G20/><T24/><D121/><U117/><E117/><V103/><F73/><W16/><G34/><T46/><D116/><U12/><E40/><V26/><F106/><W27/><G33/><T120/><D120/><U29/><E67/><V30/><F91/><W37/><G37/><T94/><D75/><U42/><E42/><V51/><F8/><W14/><G27/><T74/><D74/><U123/><E3/><V22/><REACH who="2" step="1"/><F2/><REACH who="2" ten="280,240,230,240" step="2"/><W52/><G4/><T84/><D7/><U60/><E104/><V78/><F78/><W17/><G77/><T80/><D129/><U15/><E76/><V111/><F111/><W109/><G109/><T135/><D128/><U92/><E123/><V87/><F87/><W0/><G0/><T1/><D1/><U102/><E6/><V25/><F25/><W118/><G118/><T86/><D86/><U19/><E5/><V36/><F36/><W115/><G9/><T65/><D24/><U66/><E85/><V39/><F39/><W107/><G107/><T132/><D132/><U114/><E15/><V112/><F112/><W79/><G115/><T105/><D105/><U48/><E114/><V28/><F28/><W95/><G79/><N who="0" m="46111" /><D135/><U32/><E12/><V35/><F35/><W131/><G131/><T55/><D18/><N who="3" m="7273" /><G14/><T83/><D83/><AGARI ba="1,1" hai="41,43,52,58,61,81,82,83,95,98,101" m="7273" machi="83" ten="30,3900,0" yaku="8,1,54,2" doraHai="108" who="3" fromWho="0" sc="280,-42,240,0,230,0,240,52" /><INIT seed="1,0,0,3,3,76" ten="238,240,230,292" oya="1" hai0="123,31,22,73,34,116,105,48,77,44,13,101,35" hai1="75,127,113,39,53,94,133,82,1,89,24,102,118" hai2="125,46,109,64,37,72,49,43,17,28,33,69,12" hai3="111,4,88,38,9,6,26,63,19,29,124,11,90"/><U71/><E71/><V120/><F120/><W23/><G38/><T42/><D116/><U107/><E39/><V60/><F109/><W92/><G111/><T7/><D123/><U50/><E118/><V16/><F125/><W78/><G78/><T21/><D105/><U14/><E1/><V122/><F122/><W47/><G124/><T119/><D101/><U97/><E127/><V57/><F72/><W130/><G130/><T67/><D67/><U134/><E113/><V93/><F93/><W56/><G47/><T62/><D62/><U91/><E24/><N who="2" m="18567" /><F12/><N who="3" m="7583" /><G9/><T59/><D34/><U2/><E2/><V79/><F79/><W55/><G90/><T65/><D35/><U0/><E0/><V51/><F51/><W68/><G68/><T45/><D48/><U131/><E131/><V86/><F86/><AGARI ba="0,0" hai="4,6,23,26,29,55,56,63,86,88,92" m="7583" machi="86" ten="30,2000,0" yaku="8,1,54,1" doraHai="76" who="3" fromWho="2" sc="238,0,240,0,230,-20,292,20" /><INIT seed="2,0,0,2,1,134" ten="238,240,210,312" oya="2" hai0="17,98,92,133,53,26,83,63,111,103,91,58,82" hai1="65,59,88,8,74,114,123,89,13,4,11,108,107" hai2="38,126,81,0,43,109,62,97,21,67,23,49,35" hai3="113,76,34,66,54,127,101,102,124,44,110,95,135"/><V125/><F35/><W48/><G34/><T51/><D111/><U80/><E114/><V129/><F0/><W99/><G110/><T3/><D3/><U32/><E108/><V90/><F109/><W104/><G113/><T132/><D132/><U94/><E32/><V118/><F38/><W93/><G135/><T96/><D133/><U131/><E107/><V57/><F118/><W31/><G31/><T16/><D51/><U33/><E33/><V14/><F129/><W115/><G115/><T5/><D5/><U117/><E117/><V87/><F97/><W121/><G121/><T112/><D112/><U1/><E123/><V29/><F14/><W52/><G66/><T72/><D72/><U28/><E28/><V42/><F23/><W69/><G69/><T86/><D98/><U60/><E131/><V47/><REACH who="2" step="1"/><F43/><REACH who="2" ten="238,240,200,312" step="2"/><W75/><G99/><T15/><D15/><U2/><E2/><V25/><AGARI ba="0,1" hai="21,25,29,42,47,49,57,62,67,81,87,90,125,126" machi="25" ten="30,18000,2" yaku="1,1,2,1,0,1,52,2,53,1" doraHai="134" doraHaiUra="56" who="2" fromWho="2" sc="238,-60,240,-60,200,190,312,-60" /><INIT seed="2,1,0,5,0,117" ten="178,180,390,252" oya="2" hai0="131,110,54,115,119,53,132,85,19,92,122,99,45" hai1="3,20,96,32,31,80,79,62,23,56,128,26,81" hai2="2,29,10,133,73,91,112,113,106,50,102,89,121" hai3="108,120,9,109,40,107,86,12,76,64,116,36,84"/><V52/><F73/><W43/><G107/><T28/><D115/><U33/><E3/><V61/><F133/><W104/><G104/><T130/><D132/><U100/><E128/><N who="0" m="49193" /><D119/><U72/><E80/><V59/><F29/><W27/><G27/><T21/><D28/><U30/><E30/><V34/><F34/><W7/><G64/><T42/><D85/><U125/><E23/><V11/><F102/><W71/><G71/><T82/><D82/><U75/><E75/><V8/><F106/><W41/><G36/><N who="0" m="21703" /><D110/><U48/><E125/><V97/><F2/><W1/><G116/><T18/><D18/><U22/><E48/><V44/><F97/><W123/><G1/><T77/><D77/><U118/><E22/><V70/><F70/><W129/><G129/><T37/><D37/><U15/><E15/><V101/><F113/><W39/><G39/><T13/><D122/><N who="3" m="46633" /><G76/><T74/><D74/><U49/><E118/><V16/><F112/><W57/><G57/><T35/><D35/><U87/><E72/><V103/><F121/><W105/><G105/><T63/><D63/><U78/><E78/><V69/><F69/><W0/><G0/><T126/><D54/><N who="1" m="34071" /><E49/><V47/><F61/><W68/><G68/><T25/><D53/><U111/><E111/><AGARI ba="1,0" hai="7,9,12,40,41,43,84,86,108,109,111" m="46633" machi="111" ten="40,8000,1" yaku="14,1,52,3" doraHai="117" who="3" fromWho="1" sc="178,0,180,-83,390,0,252,83" /><INIT seed="3,0,0,4,1,91" ten="178,97,390,335" oya="3" hai0="79,118,105,124,36,88,71,42,98,110,70,92,34" hai1="89,123,112,14,130,127,38,22,17,107,93,37,82" hai2="84,24,97,122,0,44,101,27,40,7,76,78,114" hai3="69,56,50,48,26,9,64,117,15,81,74,111,106"/><W120/><G117/><T80/><D34/><U59/><E112/><V33/><F114/><W29/><G106/><T73/><D118/><U128/><E123/><V119/><F119/><W53/><G120/><T132/><D110/><U41/><E107/><V125/><F122/><W104/><G104/><T21/><D132/><U18/><E127/><V87/><F125/><W11/><G111/><T126/><D105/><U86/><E128/><V23/><F33/><W51/><G69/><T95/><D126/><U115/><E115/><V134/><F134/><W65/><G74/><T16/><D124/><U108/><E108/><V47/><F7/><W43/><G81/><T90/><D36/><U113/><E113/><V68/><F0/><W31/><G11/><T35/><D42/><U12/><E130/><V30/><F27/><W116/><G116/><T45/><D45/><N who="2" m="17482" /><F40/><W60/><G43/><T103/><D35/><U1/><E1/><V135/><F68/><W13/><G13/><T102/><D70/><U2/><E2/><V83/><F135/><W72/><G72/><T54/><D54/><U75/><E75/><V55/><F55/><W57/><G26/><T133/><D133/><U52/><E41/><V5/><F5/><N who="3" m="3503" /><G65/><T129/><D71/><U85/><E82/><N who="2" m="47175" /><F101/><W3/><G3/><T109/><D129/><U49/><E85/><V96/><AGARI ba="0,0" hai="23,24,30,78,83,87,96,97" m="47175,17482" machi="96" ten="30,1100,0" yaku="8,1" doraHai="91" who="2" fromWho="2" sc="178,-3,97,-3,390,11,335,-5" owari="175,-22.0,94,-41.0,401,50.0,330,13.0" /></mjloggm>