<mjloggm ver="2.3"><GO type="169" lobby="0"/><UN n0="%79%75%67%75%61%6E" n1="%E3%83%88%E3%83%88%E3%83%AA%E5%85%88%E7%94%9F%31%39%E6%AD%B3" n2="%4C%44" n3="%E3%82%AE%E3%82%BF%E3%83%AB%E3%83%9E" dan="16,18,16,16" rate="2087.56,2193.66,2121.42,2077.49" sx="M,F,M,M"/><TAIKYOKU oya="0"/><INIT seed="0,0,0,2,4,22" ten="250,250,250,250" oya="0" hai0="64,135,127,5,52,31,113,101,76,38,2,83,71" hai1="16,89,59,77,111,15,4,126,39,92,116,84,122" hai2="29,51,107,24,19,35,34,66,36,125,62,6,110" hai3="17,26,132,72,74,88,18,54,86,61,73,117,109"/><T10/><D113/><U32/><E116/><V12/><F36/><W131/><G117/><T78/><D135/><U95/><E122/><V55/><F107/><W53/><G132/><T46/><D101/><U8/><E39/><V11/><F110/><W94/><G109/><T23/><D127/><U42/><E111/><V128/><F125/><W69/><G131/><T37/><D64/><U1/><E126/><V25/><F128/><W130/><G130/><T43/><D71/><U118/><E118/><V40/><F40/><W105/><G105/><T114/><D114/><U108/><E42/><V90/><F90/><W50/><G69/><T93/><D93/><U28/><E77/><V104/><F104/><W112/><G112/><T82/><D38/><U121/><E121/><V79/><F79/><W56/><REACH who="3" step="1"/><G26/><REACH who="3" ten="250,250,250,240" step="2"/><T44/><D76/><U120/><E108/><V81/><F24/><W58/><AGARI ba="0,1" hai="17,18,50,53,54,56,58,61,72,73,74,86,88,94" machi="58" ten="40,8000,1" yaku="1,1,2,1,0,1,54,1,53,0" doraHai="22" doraHaiUra="68" who="3" fromWho="3" sc="250,-40,250,-20,250,-20,240,90" /><INIT seed="1,0,0,0,0,128" ten="210,230,230,330" oya="1" hai0="127,135,36,108,77,81,65,113,70,111,44,114,89" hai1="120,103,100,16,61,28,35,64,73,3,33,66,26" hai2="48,122,96,29,5,107,62,63,67,15,55,110,51" hai3="115,39,0,32,123,83,37,4,41,13,71,106,76"/><U117/><E117/><V49/><F29/><W59/><G123/><T109/><D70/><U87/><E73/><V78/><F78/><W72/><G71/><T10/><D65/><U1/><E120/><V30/><F30/><W129/><G115/><T21/><D21/><U92/><E35/><V82/><F82/><W9/><G129/><T121/><D121/><U112/><E112/><V60/><F122/><W7/><G32/><T68/><D68/><U45/><E45/><V95/><F107/><W57/><G106/><T23/><D23/><U58/><E64/><V91/><F110/><W101/><G101/><T105/><D105/><U42/><E42/><V25/><F25/><W46/><REACH who="3" step="1"/><G39/><REACH who="3" ten="210,230,230,320" step="2"/><T8/><D113/><U69/><E100/><V130/><F130/><W56/><G56/><T85/><D114/><U50/><E103/><V2/><F67/><W99/><G99/><T43/><D127/><U88/><E69/><V52/><REACH who="2" step="1"/><F2/><REACH who="2" ten="210,230,220,320" step="2"/><W133/><G133/><T27/><D135/><U53/><E3/><V75/><F75/><W97/><G97/><T24/><D109/><U34/><E1/><V54/><F54/><W47/><G47/><T19/><D111/><U126/><E34/><V118/><F118/><W40/><G40/><T124/><D108/><U134/><E134/><V6/><F6/><W80/><G80/><T86/><D44/><N who="1" m="27847" /><E126/><V93/><F93/><W84/><G84/><T17/><D124/><U18/><E33/><V12/><F12/><W116/><G116/><T79/><D43/><U74/><E74/><V125/><F125/><W102/><G102/><RYUUKYOKU ba="0,2" sc="210,-30,230,10,220,10,320,10" hai1="16,18,26,28,58,61,66,87,88,92" hai2="5,15,48,49,51,52,55,60,62,63,91,95,96" hai3="0,4,7,9,13,37,41,46,57,59,72,76,83" /><INIT seed="1,1,2,1,5,9" ten="180,240,230,330" oya="1" hai0="68,6,67,32,58,47,102,81,118,95,64,24,26" hai1="125,55,19,122,116,134,35,104,113,72,34,96,88" hai2="123,17,39,114,51,109,56,89,126,27,101,79,77" hai3="93,128,112,43,44,49,20,14,133,60,50,18,65"/><U69/><RYUUKYOKU type="yao9" ba="1,2" sc="180,0,240,0,230,0,330,0" hai1="19,34,35,55,69,72,88,96,104,113,116,122,125,134" /><INIT seed="1,2,2,5,1,37" ten="180,240,230,330" oya="1" hai0="112,96,8,113,57,22,100,98,132,19,58,47,103" hai1="21,61,91,111,45,16,80,6,40,109,0,97,12" hai2="42,23,131,116,11,126,101,10,123,114,104,34,18" hai3="60,62,14,106,35,49,81,17,118,24,108,59,38"/><U82/><E61/><V78/><F34/><W99/><G38/><T79/><D132/><U124/><E124/><V74/><F116/><W84/><G108/><N who="1" m="41546" /><E0/><V107/><F123/><W115/><G115/><T43/><D79/><U90/><E6/><V127/><F131/><W135/><G135/><T52/><D8/><N who="2" m="3114" /><F101/><N who="0" m="38986" /><D112/><U76/><E97/><N who="0" m="37481" /><D113/><U86/><E80/><N who="2" m="45143" /><F42/><W25/><G81/><T29/><D43/><U94/><E94/><V72/><F72/><W88/><G99/><T70/><D70/><U28/><E28/><V85/><F85/><W105/><G118/><T93/><D93/><U64/><E64/><V13/><F114/><W2/><G2/><T66/><D66/><U128/><E128/><V55/><F55/><W122/><G122/><T65/><D65/><U30/><E30/><V54/><F54/><W31/><G31/><T134/><D134/><U53/><E53/><V125/><AGARI ba="2,2" hai="13,18,23,104,107,125,126,127" m="45143,3114" machi="125" ten="40,1500,0" yaku="18,1" doraHai="37" who="2" fromWho="2" sc="180,-6,240,-9,230,41,330,-6" /><INIT seed="2,0,0,5,3,60" ten="174,231,271,324" oya="2" hai0="5,129,39,84,111,110,42,44,45,0,103,40,16" hai1="115,78,94,51,31,47,36,126,25,112,79,58,68" hai2="106,119,49,130,107,35,81,98,109,128,48,38,114" hai3="52,100,26,54,4,85,56,117,77,82,101,120,133"/><V15/><F38/><W70/><G133/><T33/><D33/><U32/><E68/><V102/><F35/><W99/><G117/><T127/><D127/><U76/><E126/><V92/><F114/><W93/><G120/><T61/><D129/><N who="2" m="49770" /><F119/><W95/><G70/><T108/><D103/><U53/><E36/><V46/><F109/><W123/><G123/><T69/><D84/><U14/><E94/><V17/><F81/><W121/><G121/><T131/><D131/><U30/><E30/><V63/><F63/><W124/><G124/><T96/><D96/><U18/><REACH who="1" step="1"/><E47/><REACH who="1" ten="174,221,271,324" step="2"/><V37/><F37/><W1/><G93/><T41/><D39/><U27/><E27/><V50/><F46/><W132/><G26/><T12/><D45/><U71/><E71/><V83/><F83/><W64/><G132/><T21/><D44/><U10/><AGARI ba="0,1" hai="10,14,18,25,31,32,51,53,58,76,78,79,112,115" machi="10" ten="30,4000,0" yaku="1,1,0,1,53,1" doraHai="60" doraHaiUra="24" who="1" fromWho="1" sc="174,-10,221,50,271,-20,324,-10" /><INIT seed="3,0,0,2,0,4" ten="164,271,251,314" oya="3" hai0="71,91,89,33,59,105,46,98,84,75,67,85,70" hai1="74,90,78,27,41,65,10,35,36,30,99,60,7" hai2="87,6,88,77,48,39,86,109,119,101,63,42,115" hai3="56,134,20,118,81,53,100,57,37,94,114,120,83"/><W64/><G114/><T29/><D75/><U17/><E17/><V80/><F109/><W129/><G118/><T93/><D33/><U52/><E41/><V126/><F126/><W113/><G113/><T128/><D29/><U28/><E36/><V97/><F39/><W111/><G129/><T19/><D128/><U110/><E110/><V51/><F119/><W106/><G120/><T102/><D46/><U40/><E40/><V117/><F117/><W16/><G111/><T121/><D121/><U112/><E28/><V123/><F123/><W62/><G37/><T26/><D59/><U13/><E112/><V73/><F115/><W14/><G106/><T38/><D67/><U130/><E130/><V47/><F6/><W9/><G134/><T0/><D0/><U54/><E78/><V135/><F135/><W127/><G127/><T103/><D103/><U104/><E74/><V45/><F63/><N who="3" m="37999" /><G20/><T55/><D55/><U66/><E66/><V116/><F116/><W18/><G18/><T61/><D38/><U2/><E2/><V32/><F32/><W122/><G122/><T22/><REACH who="0" step="1"/><D61/><REACH who="0" ten="154,271,251,314" step="2"/><U21/><E35/><V95/><F101/><W72/><G62/><T132/><D132/><U49/><E49/><V34/><F34/><W5/><G56/><T12/><D12/><U92/><E104/><V1/><F1/><W107/><G107/><T68/><D68/><AGARI ba="0,1" hai="7,10,13,21,27,30,52,54,60,65,68,90,92,99" machi="68" ten="30,3900,0" yaku="7,1,52,1,54,1" doraHai="4" who="1" fromWho="0" sc="154,-39,271,49,251,0,314,0" /><INIT seed="4,0,0,4,5,129" ten="115,320,251,314" oya="0" hai0="71,3,45,133,127,107,5,48,43,33,101,36,84" hai1="56,105,35,37,87,65,93,50,1,58,27,38,77" hai2="28,135,11,39,53,123,68,91,16,8,66,31,119" hai3="40,6,0,17,7,122,115,97,59,20,18,15,55"/><T74/><D127/><U52/><E105/><V118/><F39/><W99/><G115/><T44/><D33/><U82/><E1/><V75/><F75/><W57/><G122/><T76/><D71/><U110/><E110/><V114/><F66/><W47/><G0/><T64/><D64/><U25/><E35/><V131/><F68/><W106/><G7/><T117/><D117/><U98/><E38/><V81/><F53/><W125/><G6/><T9/><D84/><U63/><REACH who="1" step="1"/><E37/><REACH who="1" ten="115,310,251,314" step="2"/><V12/><F119/><W67/><G106/><T62/><D62/><U2/><E2/><V96/><F118/><W80/><G125/><T79/><D74/><U83/><E83/><V60/><F81/><W13/><G80/><T89/><D107/><U113/><E113/><V24/><F114/><W134/><G99/><T23/><D36/><U92/><E92/><V78/><F60/><W41/><G97/><T109/><D109/><U108/><E108/><V54/><F96/><W22/><G41/><T10/><D43/><U103/><AGARI ba="0,1" hai="25,27,50,52,56,58,63,65,77,82,87,93,98,103" machi="103" ten="20,8000,1" yaku="1,1,0,1,7,1,8,1,54,1,53,0" doraHai="129" doraHaiUra="34" who="1" fromWho="1" sc="115,-40,310,90,251,-20,314,-20" /><INIT seed="5,0,0,1,4,88" ten="75,400,231,294" oya="1" hai0="19,112,114,122,55,7,3,39,120,50,25,91,109" hai1="85,69,131,130,70,106,129,51,102,117,89,104,36" hai2="79,8,11,75,21,42,87,64,67,95,44,68,134" hai3="125,119,90,26,132,76,46,62,135,72,60,133,1"/><U16/><E117/><V83/><F134/><W13/><G1/><T31/><D39/><U41/><E36/><V30/><F30/><W35/><G119/><T128/><D50/><U17/><E41/><V54/><F54/><W37/><G125/><T63/><D63/><U126/><E51/><V43/><F21/><W118/><G118/><T59/><D59/><U9/><E126/><V49/><F43/><W47/><G72/><T82/><D55/><U98/><E104/><V107/><F107/><W116/><G116/><T96/><D82/><U24/><E24/><V110/><F110/><W10/><G76/><T61/><D61/><U34/><E34/><V28/><F28/><W93/><G35/><N who="0" m="20975" /><D96/><U45/><E45/><V81/><F68/><N who="1" m="26217" /><E9/><V14/><F11/><W124/><G124/><T32/><D91/><U121/><E121/><N who="0" m="46697" /><D32/><U105/><E106/><V22/><F49/><W57/><G37/><T20/><D109/><U27/><E27/><V84/><F44/><N who="3" m="16939" /><G57/><T33/><D33/><U86/><E86/><V56/><F84/><N who="3" m="52423" /><G62/><T103/><D103/><U58/><E58/><V115/><F56/><W0/><G60/><T53/><D53/><U65/><E65/><V74/><F64/><W101/><G101/><T6/><D3/><U108/><E108/><V99/><F67/><W4/><G0/><T73/><D73/><U15/><E15/><V78/><F75/><W38/><G38/><T100/><D100/><U77/><E77/><V18/><F78/><W111/><G111/><T127/><D127/><U71/><E71/><V40/><F79/><W113/><G135/><RYUUKYOKU ba="0,0" sc="75,-10,400,30,231,-10,294,-10" hai1="16,17,85,89,98,102,105,129,130,131" /><INIT seed="5,1,0,2,0,24" ten="65,430,221,284" oya="1" hai0="119,23,1,43,106,128,103,28,25,14,7,19,124" hai1="41,120,76,107,67,89,123,59,114,60,92,110,82" hai2="66,108,9,80,77,97,121,125,98,73,75,99,115" hai3="117,40,79,94,104,86,62,96,22,10,42,70,69"/><U30/><E107/><V52/><F108/><W88/><G117/><T87/><D43/><U134/><E110/><V37/><F37/><W18/><G10/><T118/><D87/><U129/><E114/><V132/><F66/><W2/><G2/><T6/><D103/><U35/><E129/><V126/><F121/><W83/><G104/><T56/><D56/><U65/><E134/><V111/><F111/><W84/><G84/><T130/><D106/><U38/><E67/><V116/><F116/><N who="0" m="44586" /><D124/><N who="2" m="47722" /><F132/><W55/><G70/><T46/><D46/><U47/><E30/><V51/><F9/><W131/><G131/><N who="0" m="50219" /><D1/><U61/><E35/><AGARI ba="1,0" hai="6,7,14,19,23,25,28,35" m="50219,44586" machi="35" ten="30,7700,0" yaku="19,1,34,2,52,1" doraHai="24" who="0" fromWho="1" sc="65,80,430,-80,221,0,284,0" /><INIT seed="6,0,0,0,2,95" ten="145,350,221,284" oya="2" hai0="27,104,39,33,61,133,0,17,63,102,81,74,8" hai1="112,50,65,34,26,107,3,122,101,79,54,121,115" hai2="32,103,1,28,96,125,105,5,117,9,119,67,114" hai3="127,82,25,106,31,4,16,131,56,75,72,110,109"/><V129/><F114/><N who="1" m="43561" /><E3/><V2/><F2/><W91/><G4/><T118/><D118/><U38/><E38/><V89/><F129/><W57/><G131/><T30/><D133/><U18/><E65/><V87/><F125/><W11/><G127/><T83/><D39/><U44/><E79/><V12/><F67/><W13/><G106/><T20/><D102/><U123/><E18/><V52/><F1/><W43/><G43/><T6/><D104/><U29/><E101/><V37/><F37/><W92/><G110/><T76/><REACH who="0" step="1"/><D83/><REACH who="0" ten="135,350,221,284" step="2"/><U7/><E107/><V132/><F132/><W80/><G80/><T14/><AGARI ba="0,1" hai="0,6,8,14,17,20,27,30,33,61,63,74,76,81" machi="14" ten="20,12000,2" yaku="1,1,2,1,0,1,7,1,24,2,53,0" doraHai="95" doraHaiUra="88" who="0" fromWho="0" sc="135,130,350,-30,221,-60,284,-30" /><INIT seed="7,0,0,2,3,114" ten="265,320,161,254" oya="3" hai0="38,130,96,0,49,36,112,63,109,15,20,95,100" hai1="108,18,132,85,129,105,6,110,99,34,117,22,73" hai2="62,42,103,41,35,44,52,126,24,80,40,102,116" hai3="5,118,71,133,134,37,135,30,93,91,81,61,125"/><W115/><G37/><T72/><D0/><U11/><E73/><V82/><F126/><W84/><G115/><T75/><D112/><U88/><E34/><V90/><F116/><W10/><G125/><T56/><D109/><U67/><E67/><V48/><F35/><W17/><G30/><T7/><D130/><U60/><E60/><V111/><F111/><W127/><G127/><T92/><D49/><U54/><E54/><V83/><F24/><W107/><G107/><T39/><D92/><U128/><E117/><V65/><REACH who="2" step="1"/><F90/><REACH who="2" ten="265,320,151,254" step="2"/><W74/><G118/><T122/><D122/><U76/><E88/><V104/><F104/><W70/><G135/><T19/><D7/><U124/><E132/><V55/><F55/><W28/><G5/><T53/><AGARI ba="0,1" hai="15,19,20,36,38,39,53,56,63,72,75,95,96,100" machi="53" ten="30,1100,0" yaku="0,1" doraHai="114" who="0" fromWho="0" sc="265,21,320,-3,151,-3,254,-5" owari="286,9.0,317,41.0,148,-35.0,249,-15.0" /></mjloggm>