<mjloggm ver="2.3"><GO type="225" lobby="0"/><UN n0="%E8%81%96%E7%87%90" n1="%E3%83%9B%E3%83%B3%E3%82%A4%E3%83%84%E5%8E%A8" n2="%E5%B0%B1%E6%B4%BB%E7%94%9F%40%E5%B7%9D%E6%9D%91%E8%BB%8D%E5%9B%A3" n3="%E3%83%AA%E3%83%81%E3%83%A3%21%21" dan="16,16,17,17" rate="2075.26,2143.96,2162.98,2128.24" sx="F,M,M,M"/><TAIKYOKU oya="0"/><INIT seed="0,0,0,0,3,68" ten="250,250,250,250" oya="0" hai0="46,61,13,104,119,38,80,42,65,82,89,39,87" hai1="78,71,7,135,51,50,19,111,36,112,15,41,106" hai2="70,34,90,3,126,110,133,123,86,35,81,56,124" hai3="31,28,59,107,95,69,88,45,5,96,105,100,24"/><T114/><D104/><U57/><E71/><V63/><F70/><W44/><G69/><T40/><D119/><U127/><E111/><V74/><F123/><W75/><G31/><T93/><D114/><U132/><E7/><V49/><F3/><W72/><G5/><T53/><D65/><U43/><E78/><V60/><F110/><W21/><G107/><T0/><D0/><U125/><E112/><V17/><F74/><W134/><G134/><N who="1" m="51242" /><E106/><V73/><F73/><W4/><G4/><T122/><D122/><U99/><E99/><V62/><F17/><W11/><G11/><T84/><D13/><U113/><E113/><V118/><F118/><W8/><G8/><T10/><D10/><U94/><E94/><V6/><F6/><W48/><G59/><T103/><D103/><U14/><E14/><V130/><F130/><W1/><G45/><T129/><D129/><U33/><E33/><V47/><F56/><W116/><G1/><T52/><D61/><U120/><E120/><V109/><F109/><W54/><REACH who="3" step="1"/><G116/><REACH who="3" ten="250,250,250,240" step="2"/><T25/><D46/><N who="1" m="23847" /><E57/><V66/><F133/><W23/><G23/><T79/><D79/><U117/><E117/><V32/><REACH who="2" step="1"/><F66/><REACH who="2" ten="250,250,240,240" step="2"/><W22/><G22/><T37/><D82/><U16/><E19/><V101/><F101/><W30/><G30/><T64/><D64/><U76/><E16/><V91/><F91/><W67/><G67/><T128/><D128/><U92/><E15/><V102/><F102/><W108/><G108/><T83/><D80/><U18/><E18/><V20/><F20/><W55/><G55/><AGARI ba="0,2" hai="32,34,35,47,49,55,60,62,63,81,86,90,124,126" machi="55" ten="50,1600,0" yaku="1,1,53,0" doraHai="68" doraHaiUra="12" who="2" fromWho="3" sc="250,0,250,0,240,36,240,-16" /><INIT seed="1,0,0,1,0,33" ten="250,250,276,224" oya="1" hai0="132,61,133,126,62,91,75,108,55,24,129,114,85" hai1="8,68,66,14,120,54,51,0,101,52,18,13,67" hai2="48,89,9,109,10,57,83,104,27,131,21,20,25" hai3="88,125,17,111,64,29,76,45,39,92,97,6,116"/><U19/><E120/><V87/><F104/><W74/><G111/><T106/><D114/><U90/><E101/><V11/><F109/><W93/><G29/><T58/><D75/><U12/><E0/><V77/><F131/><W31/><G31/><T2/><D2/><U44/><E68/><V43/><F77/><W103/><G64/><T60/><D129/><U50/><E90/><V127/><F127/><W69/><G69/><T22/><D106/><U5/><E5/><V105/><F105/><W78/><G125/><T4/><D4/><U115/><E115/><V79/><F79/><W63/><G63/><T110/><D126/><U46/><E13/><V119/><F119/><W81/><G116/><T32/><D32/><U35/><E35/><V84/><F84/><W95/><G76/><T118/><D118/><U23/><AGARI ba="0,0" hai="8,12,14,18,19,23,44,46,50,51,52,54,66,67" machi="23" ten="20,12000,1" yaku="0,1,7,1,9,1,8,1,54,1" doraHai="33" who="1" fromWho="1" sc="250,-40,250,120,276,-40,224,-40" /><INIT seed="1,1,0,0,4,24" ten="210,370,236,184" oya="1" hai0="76,130,4,127,110,89,8,118,28,11,109,68,25" hai1="79,84,13,17,115,57,128,120,66,56,135,129,61" hai2="116,43,35,21,100,134,97,20,53,22,80,12,98" hai3="60,9,64,105,65,50,32,27,63,34,123,16,92"/><U38/><E120/><V71/><F116/><W58/><G105/><T29/><D68/><U7/><E38/><V44/><F35/><W2/><G123/><T82/><D118/><U46/><E46/><V131/><F134/><W39/><G39/><T6/><D127/><U10/><E115/><V108/><F108/><N who="0" m="41578" /><D25/><U102/><E102/><V72/><F131/><W30/><G50/><T75/><D89/><U73/><E73/><V104/><F97/><W95/><G34/><T94/><D94/><U103/><E103/><V101/><F101/><W40/><G40/><T33/><D33/><U117/><E117/><V54/><F71/><W70/><REACH who="3" step="1"/><G2/><REACH who="3" ten="210,370,236,174" step="2"/><N who="0" m="23" /><D130/><U51/><E51/><V125/><F125/><W77/><G77/><T45/><D45/><U59/><E79/><V62/><F44/><W23/><G23/><T19/><D76/><U86/><E129/><V67/><F43/><W121/><G121/><T93/><D75/><U1/><E128/><V96/><F104/><W15/><AGARI ba="1,1" hai="9,15,16,27,30,32,58,60,63,64,65,70,92,95" machi="15" ten="30,7900,0" yaku="1,1,0,1,52,1,54,1,53,0" doraHai="24" doraHaiUra="122" who="3" fromWho="3" sc="210,-21,370,-40,236,-21,174,92" /><INIT seed="2,0,0,3,5,18" ten="189,330,215,266" oya="2" hai0="54,107,62,98,74,9,42,117,111,12,23,94,126" hai1="73,97,93,31,44,129,105,35,55,7,82,104,8" hai2="135,37,45,41,58,78,71,43,56,19,22,28,49" hai3="0,15,92,34,53,89,57,50,77,76,30,120,21"/><V95/><F71/><W86/><G0/><T85/><D107/><U127/><E127/><V88/><F135/><W52/><G120/><T64/><D74/><U14/><E129/><V106/><F106/><W118/><G118/><T2/><D2/><U84/><E73/><V4/><F4/><W48/><G34/><T87/><D126/><U51/><E31/><V128/><F128/><W125/><G125/><T13/><D42/><U1/><E35/><V63/><F28/><W121/><G121/><T133/><D133/><U69/><E69/><V114/><F78/><W75/><G75/><T91/><D111/><U66/><E66/><N who="2" m="39271" /><F58/><N who="3" m="33079" /><G15/><T124/><D124/><U68/><E68/><V134/><F37/><W26/><AGARI ba="0,0" hai="21,26,30,48,52,57,76,77,86,89,92" m="33079" machi="26" ten="30,4000,0" yaku="8,1,52,1,54,1" doraHai="18" who="3" fromWho="3" sc="189,-10,330,-10,215,-20,266,40" /><INIT seed="3,0,0,4,3,77" ten="179,320,195,306" oya="3" hai0="116,129,89,31,2,34,52,4,104,24,54,19,61" hai1="17,128,105,109,68,46,72,49,9,21,16,103,60" hai2="56,81,13,12,45,55,35,93,115,15,120,62,73" hai3="114,132,86,125,11,63,112,32,20,26,1,124,14"/><W71/><G132/><T80/><D104/><U78/><E109/><V133/><F35/><W92/><G32/><T33/><D116/><U118/><E128/><V64/><F115/><W113/><G1/><T101/><D101/><U50/><E118/><V59/><F133/><W3/><G3/><T44/><D129/><U43/><E9/><V88/><F120/><W7/><G92/><T65/><D34/><U25/><E78/><V8/><F73/><W74/><G86/><T126/><D126/><N who="3" m="48745" /><G74/><T99/><D44/><U107/><E72/><V40/><F45/><W82/><G82/><T67/><D67/><U48/><E105/><V36/><F36/><W18/><G63/><T70/><D19/><U47/><E49/><N who="2" m="30831" /><F40/><W122/><G71/><T39/><D39/><U131/><E131/><V97/><F81/><W130/><G130/><T53/><D4/><AGARI ba="0,0" hai="4,8,12,13,15,59,62,64,88,93,97" m="30831" machi="4" ten="30,2000,0" yaku="8,1,54,1" doraHai="77" who="2" fromWho="0" sc="179,-20,320,0,195,20,306,0" owari="159,-34.0,320,41.0,215,-18.0,306,11.0" /></mjloggm>