<mjloggm ver="2.3"><GO type="225" lobby="0"/><UN n0="%E3%82%89%E3%81%8F%E3%81%A0%EF%BC%90%EF%BC%91%EF%BC%90%EF%BC%99" n1="%4D%4F%44" n2="%E3%83%88%E3%83%88%E3%83%AA%E5%85%88%E7%94%9F%31%39%E6%AD%B3" n3="%64%61%72%74%65%72" dan="18,16,17,16" rate="2244.79,2101.26,2172.32,2105.77" sx="M,F,F,M"/><TAIKYOKU oya="0"/><INIT seed="0,0,0,1,0,64" ten="250,250,250,250" oya="0" hai0="113,61,11,4,97,29,1,91,124,111,75,9,80" hai1="2,44,38,37,81,43,112,66,72,40,6,92,109" hai2="65,87,123,25,101,126,88,13,53,125,108,79,90" hai3="103,27,73,12,110,70,96,36,3,95,18,42,54"/><T47/><D113/><U78/><E109/><V102/><F123/><W115/><G3/><T122/><D122/><U59/><E112/><V76/><F108/><W84/><G115/><T45/><D124/><N who="2" m="47722" /><F65/><W5/><G110/><T23/><D111/><U52/><E66/><V10/><F53/><W94/><G73/><T114/><D114/><U63/><E92/><N who="2" m="54303" /><F90/><W100/><G54/><T105/><D91/><U15/><E15/><V71/><F25/><W74/><G27/><T116/><D1/><U120/><E120/><V28/><F28/><W77/><G77/><N who="2" m="29769" /><F71/><W58/><G70/><T62/><D29/><U39/><E43/><V135/><F135/><W16/><G96/><T128/><D62/><U69/><E69/><V133/><F133/><W127/><G12/><T60/><D61/><U129/><E129/><V7/><AGARI ba="0,0" hai="7,10,13,101,102" m="29769,54303,47722" machi="7" ten="30,2000,0" yaku="18,1,54,1" doraHai="64" who="2" fromWho="2" sc="250,-10,250,-5,250,20,250,-5" /><INIT seed="1,0,0,1,1,0" ten="240,245,270,245" oya="1" hai0="86,78,4,69,120,103,24,127,68,9,75,42,65" hai1="126,66,3,18,128,47,54,92,57,45,17,16,74" hai2="102,115,70,84,32,133,72,26,135,83,130,53,49" hai3="30,91,14,34,10,122,43,15,88,119,71,110,1"/><U2/><E74/><V31/><F70/><W113/><G122/><T100/><D120/><U73/><E73/><V105/><F72/><W89/><G113/><T46/><D127/><U20/><E126/><V41/><F115/><W112/><G112/><T40/><D40/><U12/><E128/><V97/><F41/><W8/><G110/><T59/><D24/><U64/><E3/><V132/><F130/><W60/><G119/><T63/><D75/><U19/><E2/><V37/><F37/><W11/><G43/><T131/><D131/><U79/><E79/><V101/><F101/><W116/><G116/><T93/><D69/><U5/><E5/><V13/><F13/><W118/><G118/><T82/><D93/><U29/><E29/><V106/><F106/><W28/><G1/><T99/><D99/><U6/><E92/><V58/><F84/><W21/><G34/><T56/><D56/><U52/><E6/><V125/><F83/><W107/><G107/><T25/><D25/><U109/><E109/><V90/><F90/><W33/><G33/><T121/><D68/><U48/><E47/><V22/><F32/><W104/><G104/><T27/><D27/><U44/><E44/><V94/><F105/><W124/><G124/><AGARI ba="0,0" hai="22,26,31,49,53,58,94,97,102,124,125,132,133,135" machi="124" ten="50,1600,0" yaku="20,1" doraHai="0" who="2" fromWho="3" sc="240,0,245,0,270,16,245,-16" /><INIT seed="2,0,0,2,2,26" ten="240,245,286,229" oya="2" hai0="51,9,135,20,118,15,114,46,84,56,48,25,107" hai1="128,78,85,55,97,119,29,32,11,82,132,61,133" hai2="75,37,50,100,35,108,66,31,76,101,49,121,54" hai3="88,111,58,113,117,87,10,134,105,18,115,63,44"/><V12/><F121/><W2/><G117/><T96/><D114/><N who="3" m="43529" /><G105/><T95/><D118/><U0/><E119/><V41/><F108/><W77/><G111/><T102/><D135/><N who="1" m="51787" /><E128/><V53/><F66/><W67/><G134/><T89/><D56/><N who="1" m="34975" /><E97/><V90/><F12/><N who="3" m="7447" /><G2/><T3/><D3/><U92/><E92/><V33/><F90/><W123/><G123/><T93/><D107/><U24/><E11/><V79/><F41/><W71/><G44/><T126/><D46/><U129/><E129/><V69/><F75/><W86/><G77/><T45/><D45/><U13/><E13/><V130/><F130/><W60/><G88/><T14/><D14/><U27/><E27/><V6/><F6/><W125/><G125/><T112/><D126/><U23/><E0/><V106/><F106/><W21/><G21/><AGARI ba="0,0" hai="21,23,24,29,32,78,82,85" m="34975,51787" machi="21" ten="30,2000,0" yaku="20,1,52,1" doraHai="26" who="1" fromWho="3" sc="240,0,245,20,286,0,229,-20" /><INIT seed="3,0,0,2,4,13" ten="240,265,286,209" oya="3" hai0="27,17,83,133,80,130,47,100,2,3,22,105,115" hai1="65,74,84,116,113,121,33,108,109,117,34,0,112" hai2="67,125,86,28,57,52,123,111,134,71,68,39,96" hai3="101,29,99,89,44,6,107,54,51,37,24,60,49"/><W102/><G37/><T127/><D130/><U36/><E74/><V20/><F39/><W135/><G135/><T92/><D133/><U118/><E36/><V70/><F134/><W94/><G6/><T14/><D105/><U95/><E0/><V126/><F111/><N who="1" m="42569" /><E65/><V122/><F67/><W120/><G120/><N who="2" m="46121" /><F86/><W8/><G8/><N who="0" m="6343" /><D2/><U73/><E73/><V48/><F96/><W75/><G75/><T15/><D3/><U35/><E121/><V81/><F81/><W50/><G60/><T41/><D15/><U82/><E95/><V77/><F77/><AGARI ba="0,0" hai="33,34,35,77,82,84,112,113,116,117,118" m="42569" machi="77" ten="40,2600,0" yaku="12,1,14,1" doraHai="13" who="1" fromWho="2" sc="240,0,265,26,286,-26,209,0" /><INIT seed="4,0,0,3,0,16" ten="240,291,260,209" oya="0" hai0="131,130,89,60,117,102,21,17,123,59,68,79,53" hai1="29,44,51,76,40,73,35,134,80,94,0,15,92" hai2="9,33,111,97,113,109,7,72,95,110,20,18,107" hai3="108,83,47,124,61,100,132,6,19,71,56,28,43"/><T96/><D123/><U45/><E0/><V129/><F72/><W91/><G108/><T37/><D117/><U22/><E35/><V121/><F33/><W78/><G124/><T46/><D79/><U64/><E134/><V62/><F121/><W86/><G132/><T74/><D74/><U128/><E128/><N who="0" m="49193" /><D68/><U41/><E64/><V85/><F129/><W77/><G71/><T39/><D46/><U24/><E15/><V112/><F85/><W32/><G100/><T88/><D39/><AGARI ba="0,0" hai="22,24,29,39,40,41,44,45,51,73,76,80,92,94" machi="39" ten="30,2000,0" yaku="7,1,52,1" doraHai="16" who="1" fromWho="0" sc="240,-20,291,20,260,0,209,0" owari="220,-18.0,311,41.0,260,6.0,209,-29.0" /></mjloggm>