<mjloggm ver="2.3"><GO type="225" lobby="0"/><UN n0="%E8%85%B9%E7%97%9B%E3%81%BD%E3%81%A3%E3%81%8F%E3%82%93" n1="%4B%52%65%72%65%65%65%4E" n2="%E6%8E%A5%E7%82%B9%40%51%42" n3="%E3%82%A6%E3%83%AB%E3%83%88%E3%83%A9%E7%AB%8B%E7%9B%B4" dan="16,16,16,17" rate="2101.52,2157.39,2091.05,2132.56" sx="M,M,F,M"/><TAIKYOKU oya="0"/><INIT seed="0,0,0,3,1,40" ten="250,250,250,250" oya="0" hai0="66,45,120,33,131,123,119,64,3,28,23,90,31" hai1="91,75,83,113,10,134,121,21,30,2,122,49,52" hai2="126,41,73,110,37,42,46,116,25,61,20,99,26" hai3="51,111,1,32,85,124,76,94,50,44,11,5,14"/><T38/><D119/><U104/><E104/><V115/><F110/><W7/><G32/><T67/><D3/><U58/><E134/><V103/><F115/><W102/><G111/><T128/><D33/><U16/><E113/><V71/><F126/><W88/><G124/><T17/><D90/><U69/><E69/><V72/><F116/><W130/><G130/><N who="0" m="49707" /><D38/><U57/><E57/><V77/><F42/><W60/><G102/><T55/><D55/><U63/><E63/><V89/><F89/><W108/><G108/><T81/><D81/><U96/><E96/><V35/><F35/><W78/><G60/><T39/><D39/><U87/><E75/><V98/><F77/><N who="3" m="29803" /><G1/><T133/><D45/><U106/><E106/><V47/><F47/><W29/><G29/><N who="0" m="11339" /><D133/><U22/><E30/><V4/><F46/><W112/><G112/><T13/><AGARI ba="0,0" hai="13,17,23,64,66,67,120,123" m="11339,49707" machi="13" ten="40,2100,0" yaku="19,1" doraHai="40" who="0" fromWho="0" sc="250,21,250,-7,250,-7,250,-7" /><INIT seed="0,1,0,3,4,35" ten="271,243,243,243" oya="0" hai0="24,94,13,75,112,49,71,106,108,63,2,48,50" hai1="104,114,101,86,61,1,27,113,127,133,98,17,77" hai2="66,30,38,56,131,21,23,53,36,124,74,107,80" hai3="72,123,5,90,122,57,45,96,29,10,91,130,85"/><T7/><D106/><U22/><E127/><V0/><F124/><W117/><G72/><T18/><D112/><N who="1" m="43115" /><E133/><V81/><F131/><W115/><G115/><T40/><D75/><U67/><E86/><V83/><F107/><W102/><G117/><T116/><D116/><U100/><E100/><V51/><F0/><W132/><G29/><T79/><D79/><U59/><E77/><V87/><F74/><W78/><G57/><T118/><D118/><U26/><E26/><V95/><F95/><W121/><G45/><T46/><D24/><U60/><E60/><V41/><F66/><W119/><G119/><T9/><D108/><U28/><E17/><V109/><F109/><W37/><G37/><T88/><D63/><U20/><E20/><V54/><F23/><W69/><G132/><T16/><D71/><U4/><E4/><V6/><F6/><W47/><G69/><T73/><D73/><U126/><E126/><V8/><F8/><W52/><G78/><T82/><D82/><U43/><E43/><V120/><F41/><W128/><G85/><N who="0" m="52495" /><D2/><AGARI ba="1,0" hai="1,2,22,27,28,59,61,67,98,101,104" m="43115" machi="2" ten="30,3900,0" yaku="11,1,52,2" doraHai="35" who="1" fromWho="0" sc="271,-42,243,42,243,0,243,0" /><INIT seed="1,0,0,5,0,46" ten="229,285,243,243" oya="1" hai0="59,48,111,98,84,1,3,21,44,42,88,79,20" hai1="89,131,128,134,127,15,96,40,22,41,53,105,123" hai2="2,83,47,12,25,91,93,112,94,54,23,95,120" hai3="8,76,39,113,63,68,109,57,13,100,118,126,56"/><U64/><E123/><V97/><F120/><W50/><G113/><T72/><D111/><U77/><E77/><V49/><F112/><W61/><G39/><T107/><D72/><U35/><E35/><V74/><F2/><W67/><G109/><T17/><D79/><U9/><E64/><V104/><F104/><W114/><G114/><T85/><D85/><U102/><E22/><V87/><F74/><W73/><G118/><T4/><D4/><U122/><E122/><V117/><F12/><W71/><G126/><T66/><D21/><U132/><E89/><N who="2" m="55535" /><F117/><W90/><G90/><T86/><D86/><U45/><E53/><V81/><F81/><W5/><G100/><T69/><D69/><U7/><E127/><V32/><F32/><W55/><REACH who="3" step="1"/><G63/><REACH who="3" ten="229,285,243,233" step="2"/><T82/><D88/><U18/><E131/><V27/><F27/><W51/><G51/><T11/><D48/><N who="1" m="26663" /><E128/><V116/><F116/><W108/><G108/><T43/><D82/><AGARI ba="0,1" hai="5,8,13,50,55,56,57,61,67,68,71,73,76,82" machi="82" ten="40,2600,0" yaku="1,1,52,1,53,0" doraHai="46" doraHaiUra="99" who="3" fromWho="0" sc="229,-26,285,0,243,0,233,36" /><INIT seed="2,0,0,3,1,63" ten="203,285,243,269" oya="2" hai0="125,106,129,1,93,36,55,131,15,108,135,79,52" hai1="72,8,46,30,28,118,6,4,2,67,29,23,57" hai2="39,12,27,99,100,59,109,3,32,5,111,58,90" hai3="11,70,49,87,33,123,34,85,14,83,76,26,51"/><V95/><F39/><W54/><G123/><T110/><D1/><U120/><E72/><V21/><F32/><W82/><G70/><T24/><D106/><U19/><E118/><V96/><F3/><W69/><G69/><T53/><D36/><U112/><E112/><V25/><F5/><W56/><G26/><N who="2" m="9737" /><F21/><W91/><REACH who="3" step="1"/><G51/><REACH who="3" ten="203,285,243,259" step="2"/><T44/><D135/><U38/><E120/><V127/><F111/><N who="0" m="42538" /><D125/><U132/><E132/><V68/><F109/><W0/><G0/><T42/><D24/><U121/><E2/><V105/><F68/><W13/><G13/><T22/><D15/><N who="1" m="7655" /><E121/><V37/><F12/><W94/><G94/><T31/><D22/><U61/><E38/><V73/><F37/><W98/><G98/><T124/><D124/><U134/><E23/><V103/><F127/><W16/><AGARI ba="0,1" hai="11,14,16,33,34,49,54,56,76,82,83,85,87,91" machi="16" ten="20,5200,0" yaku="1,1,0,1,7,1,54,1,53,0" doraHai="63" doraHaiUra="122" who="3" fromWho="3" sc="203,-13,285,-13,243,-26,259,62" /><INIT seed="3,0,0,2,0,49" ten="190,272,217,321" oya="3" hai0="107,81,125,117,132,39,33,65,22,9,67,31,91" hai1="103,48,6,3,50,59,134,96,35,2,1,120,17" hai2="29,133,85,64,123,60,90,127,116,19,14,71,27" hai3="78,51,58,83,54,41,24,135,124,62,76,111,113"/><W55/><G113/><T4/><D117/><U98/><E120/><V104/><F116/><W108/><G41/><T15/><D107/><U20/><E35/><V52/><F104/><W92/><G124/><T16/><D39/><U100/><E6/><V131/><F127/><W69/><G135/><T94/><D125/><U122/><E122/><V93/><F123/><W73/><G78/><T45/><D132/><U118/><E118/><V75/><F133/><W32/><G92/><T105/><D105/><U109/><E109/><N who="3" m="42058" /><G69/><T112/><D112/><U30/><E30/><V0/><F0/><W79/><G79/><T13/><D81/><U68/><E68/><V28/><F131/><W46/><G24/><T38/><D38/><U11/><E134/><V26/><F75/><W10/><G10/><T114/><D114/><U8/><E3/><V86/><F93/><W25/><G25/><T89/><D33/><AGARI ba="0,0" hai="32,33,46,51,54,55,58,62,73,76,83" m="42058" machi="33" ten="30,11600,0" yaku="14,1,10,1,52,2" doraHai="49" who="3" fromWho="0" sc="190,-116,272,0,217,0,321,116" owari="74,-43.0,272,7.0,217,-18.0,437,54.0" /></mjloggm>