<mjloggm ver="2.3"><GO type="169" lobby="0"/><UN n0="%7A%65%52%6F" n1="%E7%9C%9F%E3%81%A3%E5%90%91%E5%8B%9D%E8%B2%A0" n2="%E3%82%A6%E3%83%AB%E3%83%88%E3%83%A9%E7%AB%8B%E7%9B%B4" n3="%E3%81%BF%E3%81%8B%E3%82%93%EF%BC%A0%E3%82%8F%E3%81%8B%E3%82%81%E3%81%A6" dan="16,17,17,17" rate="2157.16,2152.80,2158.98,2147.05" sx="M,F,M,M"/><TAIKYOKU oya="0"/><INIT seed="0,0,0,5,2,64" ten="250,250,250,250" oya="0" hai0="11,1,6,104,89,114,102,82,2,46,36,17,24" hai1="26,57,9,96,110,18,52,94,10,42,87,116,66" hai2="108,68,54,97,71,98,127,128,119,69,50,120,53" hai3="43,132,55,48,107,101,56,27,63,5,85,16,0"/><T34/><D114/><U129/><E110/><V95/><F120/><W103/><G132/><T99/><D89/><U40/><E129/><V59/><F108/><W44/><G107/><T77/><D17/><U113/><E66/><V76/><F128/><W29/><G85/><T80/><D1/><U23/><E116/><V39/><F39/><W86/><G86/><T58/><D58/><U118/><E87/><V106/><F119/><W35/><REACH who="3" step="1"/><G16/><REACH who="3" ten="250,250,250,240" step="2"/><T45/><D82/><U4/><E118/><V79/><F127/><W111/><G111/><T21/><D80/><U112/><E112/><V49/><F106/><W83/><G83/><T133/><D133/><U122/><E113/><V33/><F33/><W67/><G67/><T135/><D34/><U126/><E126/><V100/><REACH who="2" step="1"/><F98/><REACH who="2" ten="250,250,240,240" step="2"/><W51/><G51/><T14/><D99/><U78/><E122/><V73/><F73/><W125/><G125/><T37/><D104/><U60/><E78/><V61/><F61/><W7/><G7/><T88/><D77/><U13/><REACH who="1" step="1"/><E10/><AGARI ba="0,2" hai="0,5,10,27,29,35,43,44,48,55,56,63,101,103" machi="10" ten="40,1300,0" yaku="1,1,53,0" doraHai="64" doraHaiUra="70" who="3" fromWho="1" sc="250,0,250,-13,240,0,240,33" /><INIT seed="1,0,0,4,2,7" ten="250,237,240,273" oya="1" hai0="82,93,2,3,4,39,109,60,123,49,65,130,128" hai1="107,118,57,56,77,84,95,23,78,19,124,105,12" hai2="14,121,111,59,103,108,47,55,0,1,72,90,9" hai3="96,24,69,68,31,81,32,88,62,36,76,97,66"/><U27/><E118/><V22/><F121/><W87/><G36/><T8/><D39/><U131/><E124/><V120/><F120/><W25/><G69/><T127/><D123/><U46/><E131/><N who="0" m="50217" /><D127/><U94/><E107/><V50/><F72/><W129/><G129/><T100/><D49/><U106/><E106/><V74/><F74/><W104/><G104/><T15/><D82/><U40/><E105/><V38/><F103/><W58/><G76/><T71/><D109/><N who="2" m="42058" /><F22/><W10/><G25/><T29/><D29/><U30/><E78/><V26/><F26/><W135/><G135/><T35/><D35/><U43/><E43/><N who="2" m="23031" /><F90/><W54/><REACH who="3" step="1"/><G10/><REACH who="3" ten="250,237,240,263" step="2"/><T115/><D115/><U116/><E116/><V45/><F45/><W51/><AGARI ba="0,1" hai="24,31,32,51,54,58,62,66,68,81,87,88,96,97" machi="51" ten="20,12000,2" yaku="1,1,2,1,0,1,7,1,54,1,53,1" doraHai="7" doraHaiUra="86" who="3" fromWho="3" sc="250,-30,237,-60,240,-30,263,130" /><INIT seed="2,0,0,2,1,49" ten="220,177,210,393" oya="2" hai0="38,66,58,50,32,20,120,85,11,69,87,135,102" hai1="99,103,126,122,74,60,111,101,65,134,36,35,34" hai2="78,96,84,125,94,57,48,80,33,128,109,73,26" hai3="63,10,88,30,83,110,8,91,1,79,28,131,107"/><V4/><F125/><W105/><G131/><T7/><D32/><U127/><E36/><V113/><F113/><W119/><G119/><T14/><D38/><U68/><E74/><V62/><F128/><W133/><G133/><T112/><D112/><U100/><E134/><V116/><F116/><W25/><G110/><T81/><D120/><U47/><E111/><V45/><F109/><W71/><G71/><T9/><D69/><U61/><E122/><V2/><F2/><W90/><G63/><T82/><D102/><U3/><E3/><V67/><F4/><W0/><G91/><T77/><D135/><U70/><E47/><V40/><F33/><W93/><G93/><T114/><D114/><U22/><E22/><V72/><REACH who="2" step="1"/><F26/><REACH who="2" ten="220,177,200,393" step="2"/><W17/><G25/><T55/><D7/><U12/><E34/><V118/><F118/><W59/><G0/><T31/><D66/><N who="1" m="41031" /><E35/><V64/><F64/><W24/><G1/><T43/><D43/><U13/><E13/><V56/><F56/><W104/><G59/><T37/><D14/><U21/><E12/><V124/><F124/><W41/><G24/><N who="0" m="16775" /><D37/><U5/><E5/><V52/><F52/><W108/><G108/><T19/><D19/><U123/><E123/><V51/><F51/><W98/><G17/><T54/><D54/><U106/><E21/><V129/><F129/><W44/><G41/><T39/><D39/><U46/><E46/><V6/><F6/><W130/><G44/><T18/><D18/><U42/><E42/><V53/><F53/><W75/><G130/><T92/><D55/><U97/><E106/><RYUUKYOKU ba="0,1" sc="220,-15,177,15,200,15,393,-15" hai1="61,65,70,97,99,100,101,103,126,127" hai2="40,45,48,57,62,67,72,73,78,80,84,94,96" /><INIT seed="2,1,1,4,3,33" ten="205,192,215,378" oya="2" hai0="11,133,44,13,87,57,125,35,95,94,89,101,88" hai1="27,108,114,15,113,19,74,22,77,81,130,104,85" hai2="78,28,20,79,116,47,10,48,86,34,1,23,123" hai3="16,84,91,52,93,76,126,115,107,56,54,121,72"/><V26/><F123/><W82/><G121/><T109/><D35/><U30/><E104/><V99/><F116/><W14/><G126/><T61/><D125/><U18/><E108/><V80/><F78/><W7/><G115/><T122/><D122/><U8/><E130/><V111/><F111/><W100/><G7/><T45/><D101/><U5/><REACH who="1" step="1"/><E74/><REACH who="1" ten="205,182,215,378" step="2"/><V12/><F99/><N who="3" m="61855" /><G56/><T2/><D109/><U134/><E134/><V98/><F98/><W49/><G49/><T62/><D133/><U41/><E41/><V24/><F24/><W131/><G131/><T25/><D25/><U64/><E64/><V37/><F37/><W9/><AGARI ba="1,2" hai="9,14,16,52,54,72,76,82,84,91,93" m="61855" machi="9" ten="30,4000,0" yaku="24,1,54,2" doraHai="33" who="3" fromWho="3" sc="205,-11,182,-11,215,-21,378,63" /><INIT seed="3,0,0,0,4,129" ten="194,171,194,441" oya="3" hai0="50,133,28,72,93,22,78,121,110,46,48,44,1" hai1="97,92,34,122,67,68,0,42,103,10,16,45,51" hai2="63,88,9,6,111,32,109,30,13,62,5,61,83" hai3="100,40,99,57,11,118,7,87,76,64,15,37,53"/><W27/><G118/><T69/><D1/><U106/><E122/><V65/><F5/><W89/><G76/><T54/><D121/><U4/><E34/><V70/><F30/><W117/><G117/><T125/><D69/><U8/><E67/><V80/><F32/><W127/><G127/><T91/><D125/><U23/><E8/><V56/><F80/><W73/><G73/><T43/><D110/><N who="2" m="41994" /><F70/><W85/><G64/><T132/><D78/><U20/><E68/><V55/><F65/><W35/><G40/><T108/><D72/><U41/><E20/><V25/><F25/><W116/><G37/><T33/><D33/><U112/><E112/><V84/><AGARI ba="0,0" hai="6,9,13,55,56,61,62,63,83,84,88" m="41994" machi="84" ten="30,2000,0" yaku="14,1,54,1" doraHai="129" who="2" fromWho="2" sc="194,-5,171,-5,194,20,441,-10" /><INIT seed="4,0,0,0,0,80" ten="189,166,214,431" oya="0" hai0="130,44,58,59,74,3,86,12,68,4,22,23,15" hai1="99,10,122,73,83,84,104,62,131,101,97,51,40" hai2="132,109,56,100,78,17,105,128,87,102,107,48,126" hai3="95,103,2,121,127,76,53,9,114,118,120,117,123"/><T129/><D74/><U34/><E34/><V71/><F48/><W135/><G114/><T16/><D68/><U61/><E122/><V30/><F17/><W111/><G111/><T133/><D133/><U96/><E73/><V26/><F56/><W6/><G135/><T116/><D116/><U60/><E131/><N who="0" m="50185" /><D3/><U94/><E104/><V19/><F19/><W134/><G134/><T119/><D119/><U18/><E40/><V54/><F54/><W11/><G127/><T31/><D44/><U82/><E82/><V47/><F47/><W27/><G76/><T106/><D106/><U124/><E51/><V125/><F71/><W67/><G117/><T70/><D70/><U45/><E45/><V65/><F128/><W75/><G75/><T49/><D49/><U20/><E10/><V57/><F109/><W92/><G118/><T7/><D86/><U0/><E0/><V41/><F132/><W38/><G123/><T28/><D28/><U42/><E42/><V32/><F41/><W66/><G2/><T91/><D91/><U113/><E113/><V69/><F69/><W8/><G121/><T13/><D31/><U14/><REACH who="1" step="1"/><E124/><REACH who="1" ten="189,156,214,431" step="2"/><N who="2" m="47723" /><F107/><W33/><G120/><T35/><D35/><U115/><E115/><V63/><F105/><W89/><G33/><T93/><D93/><U110/><E110/><V24/><F32/><W85/><G92/><T1/><D1/><U72/><E72/><V112/><F112/><W98/><G95/><T25/><D23/><U43/><E43/><V50/><F50/><W77/><G8/><T29/><D29/><U36/><E36/><RYUUKYOKU ba="0,1" sc="189,15,156,15,214,-15,431,-15" hai0="4,7,12,13,15,16,22,25,58,59" hai1="14,18,20,60,61,62,83,84,94,96,97,99,101" /><INIT seed="4,1,1,4,5,125" ten="204,171,199,416" oya="0" hai0="85,128,129,65,37,44,9,43,26,15,46,93,82" hai1="45,21,115,39,118,69,99,131,127,16,64,52,35" hai2="90,63,6,34,94,38,1,132,58,5,108,97,22" hai3="86,12,105,25,116,11,61,123,42,104,60,70,96"/><T66/><D93/><U78/><E131/><N who="0" m="50249" /><D46/><U76/><E35/><V40/><F34/><W81/><G96/><T83/><D26/><U30/><E118/><V36/><F1/><W87/><G42/><T50/><D37/><U98/><E115/><V107/><F132/><W71/><G25/><T74/><D74/><U56/><E127/><V92/><F92/><W32/><G32/><T101/><D101/><U31/><E45/><V68/><F40/><W19/><G104/><T84/><D84/><U20/><E39/><V2/><F97/><W4/><G87/><T28/><D28/><U117/><E117/><V59/><F107/><W106/><G106/><T120/><D120/><U57/><E99/><V80/><F94/><W41/><G86/><T73/><D73/><U75/><E98/><V111/><F38/><W124/><G105/><T24/><D24/><U0/><E30/><V53/><F36/><W49/><G123/><T133/><D133/><U95/><E95/><V18/><F111/><W126/><G126/><T48/><D48/><U122/><E122/><V77/><F108/><W8/><G49/><T103/><D103/><U91/><E75/><V3/><F80/><N who="0" m="30762" /><D85/><U119/><E31/><V62/><F77/><W110/><G124/><T7/><AGARI ba="1,1" hai="7,9,15,43,44,50,65,66" m="30762,50249" machi="7" ten="30,11700,0" yaku="19,1,52,3" doraHai="125" who="0" fromWho="0" sc="204,130,171,-40,199,-40,416,-40" /><INIT seed="4,2,0,4,4,92" ten="334,131,159,376" oya="0" hai0="50,110,98,48,11,53,123,130,1,72,22,90,118" hai1="115,134,27,112,35,7,131,15,70,132,33,32,56" hai2="30,75,5,119,124,111,63,80,100,59,42,102,2" hai3="88,21,20,84,105,91,61,129,122,106,46,87,135"/><T74/><D118/><U104/><E70/><V68/><F111/><W93/><G129/><T38/><D38/><U8/><E104/><V96/><F68/><W89/><G135/><N who="1" m="51754" /><E56/><V94/><F119/><W69/><G122/><T113/><D123/><U45/><E45/><V107/><F124/><W77/><G77/><T66/><D130/><U76/><E76/><V60/><F42/><W40/><G69/><T120/><D120/><U19/><E131/><V57/><F75/><W52/><G40/><T43/><D66/><U62/><E62/><V12/><F2/><W9/><G9/><T86/><D110/><U44/><E44/><V39/><F39/><W34/><G34/><T41/><D74/><U4/><E27/><V67/><F107/><W14/><G106/><T64/><D64/><U16/><E19/><V26/><F60/><W13/><G105/><T114/><D72/><U117/><E117/><V95/><F59/><N who="3" m="35047" /><G46/><T121/><D121/><U3/><E7/><V25/><F57/><W81/><G91/><T127/><D41/><U36/><E36/><V101/><F63/><W51/><G51/><T31/><D48/><U103/><E103/><V97/><F101/><W109/><G109/><T18/><D43/><U85/><E85/><V55/><F67/><W58/><G58/><T73/><D73/><U65/><E65/><V10/><F55/><W29/><G29/><T71/><D71/><U133/><N who="1" m="51762" /><U83/><DORA hai="78" /><E83/><V0/><F80/><W47/><G47/><T125/><D53/><U128/><E128/><V37/><F37/><W54/><G54/><RYUUKYOKU ba="2,0" sc="334,-15,131,15,159,-15,376,15" hai1="3,4,8,15,16,32,33,35,112,115" hai3="13,14,20,21,81,84,87,88,89,93" /><INIT seed="5,3,0,2,5,72" ten="319,146,144,391" oya="1" hai0="110,124,59,58,3,69,100,61,87,30,96,98,127" hai1="18,121,27,44,104,86,1,36,90,34,123,51,75" hai2="117,126,53,21,16,35,56,77,113,22,57,38,50" hai3="43,129,93,133,17,7,14,9,23,65,66,24,94"/><U55/><E104/><V111/><F35/><W107/><G107/><T52/><D69/><U29/><E1/><V64/><F111/><W99/><G133/><T131/><D3/><U102/><E102/><V60/><F117/><W4/><G129/><T128/><D110/><U71/><E71/><V82/><F126/><N who="0" m="48170" /><D30/><U0/><E75/><V81/><F113/><W49/><G4/><T67/><D87/><U39/><E0/><V45/><F38/><W8/><G8/><T114/><D114/><U46/><E18/><V28/><F28/><W84/><G84/><T31/><D31/><U12/><E12/><V88/><F88/><N who="3" m="55719" /><G94/><N who="0" m="58391" /><D98/><U74/><E74/><V83/><F77/><W10/><G10/><T37/><D37/><U125/><E125/><V70/><REACH who="2" step="1"/><F22/><REACH who="2" ten="319,146,134,391" step="2"/><W105/><G105/><T92/><D92/><U73/><E36/><V54/><F54/><W132/><G132/><T135/><D135/><U85/><E73/><V130/><F130/><W109/><G109/><T11/><D11/><U118/><E118/><V78/><F78/><W32/><G32/><T134/><D134/><U115/><E115/><V79/><F79/><W108/><G108/><T91/><D91/><U47/><E39/><V41/><F41/><W25/><G23/><T19/><D19/><U116/><E116/><V42/><F42/><W76/><G76/><T6/><D6/><U5/><E5/><V68/><F68/><W112/><G112/><T106/><D106/><U48/><E90/><V20/><F20/><W62/><G7/><T80/><D80/><U122/><E55/><V119/><F119/><RYUUKYOKU ba="3,1" sc="319,10,146,10,134,10,391,-30" hai0="52,58,59,61,67,128,131" hai1="27,29,34,44,46,47,48,51,85,86,121,122,123" hai2="16,21,45,50,53,56,57,60,64,70,81,82,83" /><INIT seed="5,4,1,2,0,49" ten="329,156,144,361" oya="1" hai0="116,100,125,112,111,15,98,53,105,120,69,41,39" hai1="79,0,32,26,54,89,102,38,34,76,86,62,85" hai2="61,67,10,51,132,101,23,130,78,59,82,3,14" hai3="29,109,124,134,70,4,24,121,104,40,66,30,58"/><U7/><E38/><V50/><F130/><W135/><G109/><T37/><D111/><U25/><E102/><V6/><F132/><N who="3" m="50731" /><G121/><T113/><D116/><U45/><E7/><V52/><F101/><W122/><G122/><T77/><D120/><U11/><E11/><V57/><F23/><W81/><G124/><T46/><D69/><U56/><E0/><V87/><F3/><W16/><G104/><T18/><D77/><U74/><E74/><V94/><F94/><W72/><G70/><T117/><D117/><U110/><E110/><V126/><F126/><W88/><G4/><T21/><D125/><U36/><E36/><V9/><F9/><W108/><G40/><T106/><D105/><U90/><E56/><V68/><F68/><W12/><G108/><T5/><D37/><U127/><E127/><V84/><F84/><N who="3" m="50191" /><G72/><T73/><D73/><U114/><E62/><AGARI ba="4,1" hai="6,10,14,50,51,52,57,59,61,62,67,78,82,87" machi="62" ten="30,7700,0" yaku="7,1,8,1,52,1,54,1" doraHai="49" who="2" fromWho="1" sc="329,0,156,-89,144,99,361,0" /><INIT seed="6,0,0,4,5,46" ten="329,67,243,361" oya="2" hai0="26,123,24,101,39,37,54,15,22,56,72,50,28" hai1="99,108,90,30,107,92,81,126,78,44,115,34,102" hai2="68,3,87,95,113,35,55,103,70,130,23,52,65" hai3="122,6,64,47,135,71,67,79,49,57,2,10,0"/><V11/><F35/><W18/><G122/><T16/><D72/><U20/><E20/><V58/><F113/><W41/><G71/><T128/><D123/><U116/><E30/><V62/><F130/><W48/><G135/><T38/><D128/><U53/><E34/><V112/><F112/><W104/><G104/><T25/><REACH who="0" step="1"/><D101/><REACH who="0" ten="319,67,243,361" step="2"/><U1/><E115/><V66/><F70/><W14/><G79/><T33/><AGARI ba="0,1" hai="15,16,22,24,25,26,28,33,37,38,39,50,54,56" machi="33" ten="30,8000,1" yaku="1,1,2,1,0,1,52,1,54,1,53,0" doraHai="46" doraHaiUra="124" who="0" fromWho="0" sc="319,90,67,-20,243,-40,361,-20" /><INIT seed="7,0,0,3,3,5" ten="409,47,203,341" oya="3" hai0="122,102,71,57,60,67,92,117,18,34,112,20,26" hai1="12,19,75,101,77,37,39,105,121,40,109,74,135" hai2="61,128,32,98,14,76,94,25,111,86,134,46,70" hai3="106,90,65,43,131,22,119,2,116,79,21,73,81"/><W27/><G106/><T0/><D0/><U82/><E19/><V31/><F128/><W130/><G2/><T62/><D122/><U6/><E12/><V35/><F134/><W29/><G65/><T11/><D117/><U50/><E50/><V110/><F35/><W126/><G126/><T51/><D34/><U7/><E121/><V9/><F46/><W64/><G64/><T127/><D127/><U1/><E135/><V115/><F115/><W100/><G100/><T17/><D112/><U89/><E89/><V53/><F76/><W59/><G43/><T104/><D104/><U96/><E109/><V38/><F38/><W97/><G59/><T8/><D17/><U66/><E6/><V133/><F86/><W52/><G52/><N who="0" m="31903" /><D71/><U88/><E88/><V49/><F133/><W85/><G97/><N who="0" m="59687" /><D67/><U16/><E16/><V44/><F61/><AGARI ba="0,0" hai="8,11,18,20,26,60,61,62" m="59687,31903" machi="61" ten="30,7700,0" yaku="8,1,52,2,54,1" doraHai="5" who="0" fromWho="2" sc="409,77,47,0,203,-77,341,0" owari="486,58.0,47,-45.0,126,-27.0,341,14.0" /></mjloggm>