<mjloggm ver="2.3"><GO type="169" lobby="0"/><UN n0="%E3%82%B7%E3%83%AD%E3%82%AF%E3%83%AD" n1="%E3%82%B3%E3%83%BC%E3%83%A9%E4%B8%8B%E3%81%95%E3%81%84" n2="%E3%82%AB%E3%83%96%E3%83%88" n3="%E3%83%88%E3%83%88%E3%83%AA%E5%85%88%E7%94%9F%31%39%E6%AD%B3" dan="17,18,16,19" rate="2117.74,2216.77,2067.70,2285.29" sx="M,M,M,F"/><TAIKYOKU oya="0"/><INIT seed="0,0,0,3,4,102" ten="250,250,250,250" oya="0" hai0="48,88,57,11,53,7,81,75,65,28,121,40,99" hai1="82,110,117,116,39,122,76,45,131,2,13,113,120" hai2="107,133,118,26,71,105,23,21,119,5,69,29,51" hai3="127,91,112,104,42,98,49,64,17,63,47,135,90"/><T62/><D121/><U123/><E13/><V36/><F36/><W92/><G112/><T35/><D40/><N who="1" m="22687" /><E131/><V109/><F109/><W3/><G3/><T85/><D75/><N who="1" m="43295" /><E110/><V44/><F133/><W94/><G135/><T4/><D99/><U124/><E124/><V101/><F5/><W24/><G127/><T19/><D35/><U9/><E113/><V95/><F95/><W86/><G104/><N who="2" m="40009" /><F101/><W67/><G63/><T15/><REACH who="0" step="1"/><D28/><REACH who="0" ten="240,250,250,250" step="2"/><U130/><E130/><V58/><F21/><AGARI ba="0,1" hai="17,21,24,42,47,49,64,67,86,90,91,92,94,98" machi="21" ten="40,1300,0" yaku="8,1" doraHai="102" who="3" fromWho="2" sc="240,0,250,0,250,-13,250,23" /><INIT seed="1,0,0,5,3,1" ten="240,250,237,273" oya="1" hai0="69,109,51,9,33,76,6,80,112,44,29,60,94" hai1="124,38,31,18,47,63,110,129,118,0,67,45,133" hai2="128,17,41,68,90,19,27,40,121,3,25,71,113" hai3="97,91,65,5,116,108,46,8,84,93,54,83,92"/><U126/><E118/><V103/><F121/><W104/><G116/><T14/><D112/><U57/><E31/><V78/><F113/><W73/><G73/><T23/><D109/><U106/><E106/><V16/><F103/><W89/><G108/><T111/><D111/><U35/><E35/><V32/><F78/><W4/><G104/><T77/><D33/><U98/><E98/><V11/><F128/><W87/><G65/><T37/><D37/><U61/><E0/><V99/><F99/><W43/><G8/><T100/><D69/><N who="1" m="42223" /><E110/><V10/><F90/><W75/><G54/><T15/><D60/><U49/><E18/><V21/><F32/><W13/><G13/><T70/><D70/><N who="2" m="26666" /><F21/><W114/><G75/><T12/><D77/><U125/><E129/><V81/><F81/><W95/><G114/><T62/><D62/><U20/><E20/><V53/><F53/><W79/><REACH who="3" step="1"/><G95/><REACH who="3" ten="240,250,237,263" step="2"/><T101/><D94/><U123/><E123/><V134/><F3/><W115/><G115/><T72/><D12/><U102/><E126/><V59/><F10/><W22/><G22/><T119/><D119/><U131/><E131/><V55/><F11/><W7/><G7/><T122/><D122/><U58/><E125/><V86/><F55/><W127/><G127/><T50/><D15/><U88/><E124/><V36/><F27/><W64/><G64/><T120/><D120/><U107/><E107/><V96/><F25/><W66/><G66/><T135/><D23/><U28/><E28/><V24/><F24/><W82/><G82/><T26/><D29/><U52/><E52/><RYUUKYOKU ba="0,1" sc="240,-10,250,-10,237,-10,263,30" hai3="4,5,43,46,79,83,84,87,89,91,92,93,97" /><INIT seed="2,1,1,3,3,11" ten="230,240,227,293" oya="2" hai0="38,4,27,109,116,98,34,124,65,126,119,2,41" hai1="39,44,23,40,125,75,77,105,131,64,130,93,66" hai2="51,88,17,128,82,58,73,59,33,134,96,63,35" hai3="79,108,120,97,8,13,16,21,70,86,115,68,78"/><V81/><F134/><W9/><G120/><T87/><D98/><U20/><E105/><V69/><F69/><W48/><G70/><T18/><D87/><U100/><E125/><N who="0" m="48233" /><D65/><N who="1" m="25195" /><E75/><V84/><F128/><N who="1" m="49193" /><E77/><N who="3" m="29194" /><G108/><T110/><D41/><U83/><E83/><V114/><F114/><W113/><G68/><T129/><D38/><U49/><E39/><V122/><F122/><W61/><G61/><T37/><D37/><U60/><E60/><V22/><F96/><AGARI ba="1,1" hai="20,23,40,44,49,93,96,100" m="49193,25195" machi="96" ten="30,1000,0" yaku="19,1" doraHai="11" who="1" fromWho="2" sc="230,0,240,23,227,-13,293,0" /><INIT seed="3,0,0,2,5,87" ten="230,263,214,293" oya="3" hai0="9,33,130,63,85,118,97,6,0,82,72,42,71" hai1="117,43,107,122,81,10,70,102,20,27,39,59,128" hai2="58,60,121,99,76,18,101,106,17,68,2,61,51" hai3="55,8,57,24,91,89,31,135,108,12,26,98,38"/><W88/><G38/><T132/><D118/><U40/><E70/><V64/><F2/><W30/><G135/><T7/><D132/><U129/><E122/><V123/><F76/><W37/><G37/><T47/><D130/><U125/><E125/><V11/><F51/><W110/><G98/><T116/><D7/><U46/><E40/><V69/><F69/><W48/><G26/><T90/><D116/><U56/><E81/><V78/><F78/><W83/><G83/><T100/><D72/><U134/><E117/><V119/><F119/><W15/><G31/><T25/><D25/><U14/><E134/><V21/><F11/><W111/><REACH who="3" step="1"/><G8/><REACH who="3" ten="230,263,214,283" step="2"/><T45/><D33/><AGARI ba="0,1" hai="12,15,24,30,33,48,55,57,88,89,91,108,110,111" machi="33" ten="50,24000,3" yaku="1,1,2,1,14,1,10,1,52,3,54,1,53,0" doraHai="87" doraHaiUra="114" who="3" fromWho="0" sc="230,-240,263,0,214,0,283,250" owari="-10,-51.0,263,6.0,214,-19.0,533,64.0" /></mjloggm>