<mjloggm ver="2.3"><GO type="169" lobby="0"/><UN n0="%E6%89%8B%E5%BD%B9%E3%82%A2%E3%83%BC%E3%83%86%E3%82%A3%E3%82%B9%E3%83%88" n1="%E3%81%8D%E3%82%83%E3%81%97%E3%82%83%E3%83%BC%E3%81%AE%EF%BC%81" n2="%E3%83%94%E3%82%AB%E5%90%BE%E9%83%8E" n3="%E3%82%A6%E3%83%AB%E3%83%88%E3%83%A9%E7%AB%8B%E7%9B%B4" dan="16,16,17,18" rate="2093.67,2058.63,2170.35,2156.96" sx="M,M,M,M"/><TAIKYOKU oya="0"/><INIT seed="0,0,0,3,0,62" ten="250,250,250,250" oya="0" hai0="64,128,10,122,33,27,50,46,4,25,86,77,66" hai1="31,125,36,43,120,74,2,69,92,65,42,90,73" hai2="45,109,38,79,0,61,108,5,118,52,47,6,37" hai3="135,97,134,83,102,123,16,129,12,84,67,100,11"/><T44/><D122/><U68/><E2/><V19/><F79/><W56/><G123/><T29/><D128/><U75/><E120/><V8/><F6/><W117/><G117/><T58/><D58/><U89/><E125/><V96/><F118/><W17/><G17/><T41/><D46/><U78/><E78/><V28/><F28/><W22/><G11/><T70/><D70/><U85/><E31/><V54/><F19/><W116/><G116/><T26/><D33/><U131/><E131/><V39/><F96/><W114/><G114/><T115/><D29/><U21/><E21/><V51/><F61/><N who="3" m="38311" /><G97/><T30/><D30/><U121/><E121/><V1/><F0/><W91/><G129/><T20/><D20/><U95/><E36/><V23/><F23/><W34/><G34/><T49/><D49/><AGARI ba="0,0" hai="1,5,8,37,38,39,45,47,49,51,52,54,108,109" machi="49" ten="50,3200,0" yaku="9,1,54,1" doraHai="62" who="2" fromWho="0" sc="250,-32,250,0,250,32,250,0" /><INIT seed="1,0,0,4,1,31" ten="218,250,282,250" oya="1" hai0="43,66,94,75,126,114,100,33,65,101,83,130,105" hai1="16,86,74,14,1,21,82,98,29,103,44,124,30" hai2="18,3,53,57,41,13,55,17,46,123,91,19,129" hai3="116,47,24,50,2,4,80,59,62,95,99,108,113"/><U56/><E74/><V81/><F3/><W121/><G113/><T5/><D5/><U120/><E1/><V76/><F91/><W71/><G71/><T119/><D43/><U115/><E124/><V96/><F96/><W0/><G121/><T49/><D49/><U9/><E115/><V8/><F129/><W36/><G36/><T118/><D114/><U110/><E110/><V22/><F123/><W112/><G112/><T104/><D94/><U134/><E134/><V117/><F117/><W12/><G2/><T26/><D26/><U20/><E44/><V27/><F19/><W78/><G0/><T61/><D61/><U84/><E120/><V51/><REACH who="2" step="1"/><F57/><REACH who="2" ten="218,250,272,250" step="2"/><W111/><G116/><T93/><D130/><U132/><E132/><V54/><F54/><W68/><G68/><T69/><D69/><U45/><E56/><V35/><F35/><W79/><G59/><T102/><D33/><U88/><E45/><V25/><F25/><W15/><G24/><T38/><D119/><U34/><E34/><V127/><F127/><W106/><G47/><T28/><D126/><U67/><E67/><V23/><F23/><N who="1" m="8777" /><E98/><V58/><F58/><W107/><G99/><T70/><D65/><U7/><E103/><V63/><F63/><W32/><G62/><T125/><D102/><U97/><E97/><V133/><F133/><W77/><G32/><T131/><D101/><U64/><E64/><V72/><AGARI ba="0,1" hai="8,13,17,18,22,27,41,46,51,53,55,72,76,81" machi="72" ten="20,2700,0" yaku="1,1,0,1,7,1,53,0" doraHai="31" doraHaiUra="128" who="2" fromWho="2" sc="218,-7,250,-13,272,37,250,-7" /><INIT seed="2,0,0,4,4,36" ten="211,237,309,243" oya="2" hai0="83,62,67,13,133,81,117,55,12,41,85,47,126" hai1="95,89,91,132,107,92,75,59,43,112,111,82,31" hai2="15,45,105,51,0,87,129,11,48,77,63,69,53" hai3="97,106,32,125,35,56,116,10,49,80,90,6,100"/><V130/><F105/><W61/><G116/><T34/><D34/><U24/><E107/><V84/><F0/><W124/><G49/><T50/><D126/><N who="3" m="48745" /><G90/><T93/><D133/><U78/><E112/><V25/><F77/><W121/><G80/><T57/><D117/><U98/><E132/><V54/><F25/><W27/><G27/><T2/><D2/><U64/><E111/><V115/><F115/><W88/><G88/><N who="0" m="53391" /><D67/><U72/><E72/><V79/><F63/><W30/><G30/><T66/><D66/><U18/><E18/><N who="2" m="8575" /><F69/><W127/><N who="3" m="48753" /><W38/><DORA hai="8" /><G38/><T76/><D76/><U123/><E123/><V118/><F79/><W42/><G121/><T99/><D99/><U108/><E108/><V40/><F54/><N who="3" m="33943" /><G42/><T52/><D55/><U120/><E43/><V17/><F118/><W16/><G16/><T23/><D23/><U102/><E120/><V74/><F17/><W39/><G39/><T114/><D114/><U3/><E3/><AGARI ba="0,0" hai="3,6,10,32,35,97,100,106" m="33943,48753" machi="3" ten="40,1300,0" yaku="18,1" doraHai="36,8" who="3" fromWho="1" sc="211,0,237,-13,309,0,243,13" /><INIT seed="3,0,0,0,1,41" ten="211,224,309,256" oya="3" hai0="105,54,120,23,4,55,12,56,50,99,25,14,93" hai1="24,132,123,98,13,103,33,87,35,131,22,21,57" hai2="133,129,89,43,112,53,96,124,8,104,10,47,122" hai3="68,115,9,66,2,18,17,86,77,3,48,75,51"/><W76/><G86/><T64/><D105/><U37/><E37/><V125/><F112/><W60/><G115/><T34/><D34/><U40/><E40/><V117/><F117/><W5/><G2/><T15/><D120/><U90/><E123/><V1/><F122/><W67/><G67/><T134/><D134/><U7/><E132/><V84/><F53/><W107/><G107/><T114/><D114/><U44/><E57/><V49/><F129/><W80/><G77/><T38/><D38/><U16/><E44/><V20/><F20/><W61/><G61/><N who="0" m="37927" /><D50/><U78/><E78/><V85/><F85/><W92/><G92/><T109/><D109/><U82/><E131/><V88/><F133/><W29/><G29/><N who="0" m="17599" /><D4/><U26/><E7/><V74/><F74/><W113/><G113/><T72/><D72/><U94/><REACH who="1" step="1"/><E13/><REACH who="1" ten="211,214,309,256" step="2"/><V102/><F1/><W83/><G51/><T73/><D73/><U126/><E126/><V79/><F125/><W36/><G36/><T97/><D14/><U91/><E91/><V45/><F124/><W100/><G48/><T110/><D15/><U108/><E108/><V106/><F47/><W46/><G46/><T118/><D12/><U42/><E42/><V135/><F135/><W39/><G39/><T27/><D110/><U6/><E6/><V52/><F43/><W71/><G75/><T69/><D118/><U65/><E65/><V62/><F79/><W95/><G76/><T81/><D69/><U31/><AGARI ba="0,1" hai="16,21,22,24,26,31,33,35,82,87,90,94,98,103" machi="31" ten="20,12000,2" yaku="1,1,0,1,7,1,54,1,53,2" doraHai="41" doraHaiUra="28" who="1" fromWho="1" sc="211,-30,214,130,309,-30,256,-60" /><INIT seed="4,0,0,5,1,78" ten="181,344,279,196" oya="0" hai0="99,33,55,51,92,34,13,35,49,134,84,94,61" hai1="42,126,70,116,26,1,93,122,27,48,68,128,103" hai2="31,83,131,102,135,125,66,124,98,100,23,59,22" hai3="41,112,38,50,46,115,73,6,77,2,0,19,88"/><T101/><D134/><U40/><E1/><N who="3" m="618" /><G19/><T67/><D13/><U3/><E3/><V65/><F131/><W37/><G6/><T58/><D67/><U28/><E126/><N who="2" m="48747" /><F135/><W85/><G77/><T71/><D71/><U104/><E122/><V32/><F100/><W96/><G96/><T44/><D44/><U52/><E104/><N who="2" m="63575" /><F32/><W74/><G50/><T86/><REACH who="0" step="1"/><D84/><REACH who="0" ten="171,344,279,196" step="2"/><U18/><E70/><V72/><F66/><W8/><G8/><T63/><D63/><U36/><E68/><V39/><F65/><W24/><G24/><T110/><D110/><U12/><E27/><V129/><F129/><W133/><G133/><T60/><D60/><U76/><E128/><V81/><F72/><W47/><G47/><T132/><D132/><U14/><E14/><V114/><F59/><W95/><G38/><T7/><D7/><U4/><E4/><V89/><F39/><W107/><G74/><T69/><D69/><U117/><E36/><V123/><F123/><W109/><G73/><T20/><D20/><U11/><E26/><V43/><F22/><W79/><G109/><T30/><D30/><U45/><E28/><V57/><F57/><W120/><G120/><T10/><D10/><U29/><E29/><V97/><F23/><W16/><G46/><T127/><D127/><U108/><E108/><V56/><F31/><W111/><G37/><T118/><D118/><U130/><E116/><V15/><F56/><W53/><G111/><T25/><D25/><U17/><E117/><V64/><F15/><W119/><G119/><T90/><AGARI ba="0,1" hai="33,34,35,49,51,55,58,61,86,90,92,94,99,101" machi="90" ten="40,3900,0" yaku="1,1,0,1,53,0" doraHai="78" doraHaiUra="5" who="0" fromWho="0" sc="171,49,344,-13,279,-13,196,-13" /><INIT seed="4,1,0,1,2,18" ten="220,331,266,183" oya="0" hai0="42,119,124,133,104,88,49,60,52,69,44,55,58" hai1="39,83,16,59,27,5,20,81,9,65,95,100,35" hai2="26,31,19,77,80,102,40,71,115,78,123,43,7" hai3="109,92,135,121,1,57,15,113,75,94,24,3,50"/><T106/><D119/><U87/><E35/><V82/><F71/><W108/><G50/><T22/><D133/><U114/><E39/><V126/><F123/><W129/><G57/><T110/><D110/><U72/><E72/><V32/><F7/><W111/><G15/><T96/><D124/><U117/><E117/><V93/><F126/><W132/><G24/><T86/><D69/><U131/><E131/><V66/><F66/><W125/><G125/><T127/><D127/><U91/><E114/><V122/><F115/><W128/><G75/><T23/><D104/><U56/><E65/><V25/><F102/><W41/><G41/><T51/><D96/><N who="1" m="59423" /><E83/><V68/><F93/><N who="3" m="35947" /><G113/><T17/><D17/><N who="1" m="12687" /><E5/><V37/><F68/><W101/><G101/><T14/><D14/><AGARI ba="1,0" hai="9,14,16,56,59,81,87,91" m="12687,59423" machi="14" ten="30,3900,0" yaku="8,1,52,1,54,1" doraHai="18" who="1" fromWho="0" sc="220,-42,331,42,266,0,183,0" /><INIT seed="5,0,0,5,2,62" ten="178,373,266,183" oya="1" hai0="21,57,95,108,73,6,30,119,109,2,60,93,37" hai1="91,111,84,32,85,48,115,76,31,22,10,11,68" hai2="124,61,19,118,103,35,34,107,8,25,135,41,94" hai3="88,106,52,46,18,55,12,110,70,39,15,77,71"/><U33/><E68/><V92/><F118/><W4/><G106/><T69/><D69/><U28/><E76/><V99/><F124/><W134/><G110/><T29/><D73/><U17/><E111/><V79/><F135/><W27/><G77/><T86/><D37/><U133/><E115/><V23/><F41/><W64/><G134/><T96/><D119/><U59/><E133/><V114/><F114/><W45/><G39/><T43/><D43/><U98/><E98/><V82/><F8/><W20/><G70/><T51/><D51/><U38/><E38/><V9/><F9/><N who="1" m="3081" /><E33/><V49/><F49/><W97/><G64/><N who="0" m="38927" /><D2/><U74/><E74/><V5/><F5/><W50/><G71/><T78/><D6/><U40/><E32/><V132/><F35/><W102/><G102/><N who="0" m="60687" /><D30/><U87/><E91/><V56/><F34/><W126/><G126/><T67/><D67/><U83/><E83/><V100/><F103/><W80/><G4/><T105/><D105/><U129/><E129/><V72/><F132/><W125/><G125/><T16/><D29/><U14/><E40/><V26/><REACH who="2" step="1"/><F25/><REACH who="2" ten="178,373,256,183" step="2"/><W42/><G42/><T121/><D109/><U54/><AGARI ba="0,1" hai="14,17,22,28,31,48,54,59,84,85,87" m="3081" machi="54" ten="30,1500,0" yaku="8,1" doraHai="62" who="1" fromWho="1" sc="178,-5,373,25,256,-5,183,-5" /><INIT seed="5,1,0,0,4,33" ten="173,398,251,178" oya="1" hai0="100,11,82,129,99,128,62,23,106,58,61,83,20" hai1="56,76,75,40,80,26,70,12,120,91,3,59,24" hai2="125,50,85,4,86,36,22,84,64,16,89,60,81" hai3="41,49,110,30,67,127,25,71,9,134,126,93,43"/><U42/><E70/><V27/><F36/><W31/><G110/><T94/><D11/><U112/><E120/><V95/><F125/><W6/><G134/><T118/><D118/><U103/><E103/><V28/><F4/><W97/><G67/><T55/><D62/><U18/><E3/><V122/><F122/><W73/><G71/><T45/><D45/><U77/><E112/><V63/><F50/><W72/><G49/><T0/><D0/><U132/><E132/><V32/><F81/><N who="0" m="30730" /><D106/><U15/><E91/><V7/><F7/><W44/><G44/><T68/><D68/><U111/><E80/><V38/><F38/><W37/><G37/><T14/><D14/><U8/><E8/><V115/><F115/><W21/><G43/><T119/><D119/><U124/><E124/><N who="3" m="47658" /><G41/><T74/><D74/><U69/><E69/><V130/><F64/><W5/><G5/><T105/><D105/><U102/><E75/><V90/><F89/><N who="3" m="55471" /><G31/><T104/><D104/><U108/><E102/><V10/><F10/><W109/><G109/><T39/><D39/><U34/><E18/><V1/><F1/><AGARI ba="1,0" hai="1,6,9,21,25,30,72,73" m="55471,47658" machi="1" ten="30,2000,0" yaku="18,1,52,1" doraHai="33" who="3" fromWho="2" sc="173,0,398,0,251,-23,178,23" /><INIT seed="6,0,0,4,5,132" ten="173,398,228,201" oya="2" hai0="62,133,74,96,2,52,14,31,6,51,120,26,50" hai1="3,39,82,48,130,110,53,122,99,88,117,65,10" hai2="68,87,129,90,86,104,75,43,114,38,94,24,121" hai3="0,42,46,64,78,93,57,83,128,131,119,29,45"/><V71/><F75/><W15/><G0/><T5/><D120/><U105/><E39/><V67/><F104/><W95/><G119/><T8/><D74/><U109/><E117/><V84/><F121/><W127/><G29/><T85/><D133/><U11/><E122/><V12/><F43/><W135/><G15/><T16/><D96/><U18/><E65/><V40/><F40/><W92/><G135/><T91/><D62/><U55/><E130/><N who="3" m="49706" /><G127/><T20/><D2/><U101/><E11/><V7/><F38/><W111/><G42/><T41/><D41/><U35/><E35/><V9/><F129/><W108/><G57/><T27/><D27/><U58/><E55/><V60/><F114/><W21/><G21/><T72/><D72/><U56/><E56/><V28/><REACH who="2" step="1"/><F71/><REACH who="2" ten="173,398,218,201" step="2"/><W36/><G36/><T17/><D51/><U70/><E70/><V73/><F73/><N who="3" m="43471" /><G111/><T79/><D79/><U134/><E109/><V113/><F113/><W69/><G108/><T34/><D34/><AGARI ba="0,1" hai="7,9,12,24,28,34,60,67,68,84,86,87,90,94" machi="34" ten="30,5800,0" yaku="1,1,7,1,53,1" doraHai="132" doraHaiUra="22" who="2" fromWho="0" sc="173,-58,398,0,218,68,201,0" /><INIT seed="6,1,0,2,5,122" ten="115,398,286,201" oya="2" hai0="22,21,94,127,59,114,66,23,31,35,42,72,113" hai1="119,133,92,82,115,43,15,68,38,32,5,51,2" hai2="7,84,102,30,100,39,135,29,128,41,125,79,73" hai3="120,126,111,101,47,109,118,27,55,13,134,37,54"/><V86/><F73/><W87/><G120/><T78/><D127/><U131/><E15/><V75/><F75/><W4/><G118/><T62/><D42/><U110/><E51/><V67/><F7/><W76/><G101/><T95/><D78/><U49/><E49/><V1/><F1/><W103/><G103/><T132/><D72/><U69/><E92/><V80/><F67/><W121/><G27/><T74/><D74/><U81/><E119/><V129/><F135/><W0/><G0/><T24/><REACH who="0" step="1"/><D132/><REACH who="0" ten="105,398,286,201" step="2"/><U104/><E43/><V18/><F41/><W64/><G134/><T85/><D85/><U108/><E133/><V107/><F86/><W112/><G87/><T14/><D14/><U28/><E2/><V11/><F125/><W17/><G13/><T124/><D124/><U16/><E38/><V65/><F39/><W40/><G37/><T50/><D50/><U97/><E97/><V52/><F84/><W77/><G40/><T130/><D130/><U3/><E131/><V46/><F128/><W53/><G126/><T20/><N who="0" m="5120" /><DORA hai="88" /><T123/><D123/><U36/><E36/><V48/><F129/><W9/><G121/><T96/><D96/><U91/><E82/><V10/><F80/><W60/><G76/><T105/><D105/><U89/><E81/><V71/><F79/><W26/><G77/><T70/><D70/><U98/><E69/><V99/><F99/><W8/><G26/><T6/><D6/><U61/><E68/><V57/><F107/><W63/><G4/><T106/><D106/><U93/><E5/><V19/><F71/><RYUUKYOKU ba="1,1" sc="105,30,398,-10,286,-10,201,-10" hai0="24,31,35,59,62,66,94,95,113,114" /><INIT seed="7,2,1,2,1,61" ten="135,388,276,191" oya="3" hai0="133,77,42,12,52,78,84,38,9,5,85,31,90" hai1="36,115,65,121,118,3,4,123,109,125,41,94,91" hai2="122,87,106,53,23,40,34,93,127,30,14,27,107" hai3="83,72,67,17,124,114,11,113,25,51,99,135,22"/><W110/><G124/><T81/><D133/><U2/><E65/><V71/><F71/><W73/><G135/><T26/><D38/><U131/><E109/><V64/><F64/><W92/><G110/><T39/><D39/><U16/><E125/><V0/><F40/><W46/><G11/><T134/><D134/><U100/><E100/><V63/><F0/><W97/><G97/><T80/><D42/><U56/><E56/><V129/><F127/><W28/><G28/><T126/><D126/><U117/><E115/><N who="3" m="44042" /><G67/><T119/><D119/><N who="1" m="45579" /><E16/><V10/><F107/><W20/><G20/><T6/><D6/><U43/><E131/><V45/><F106/><W57/><G83/><T111/><D111/><U55/><E55/><V35/><F129/><W76/><G76/><T37/><D37/><U15/><E15/><V66/><F66/><W120/><G57/><T89/><REACH who="0" step="1"/><D52/><REACH who="0" ten="125,388,276,191" step="2"/><U105/><E36/><V108/><F53/><N who="3" m="29943" /><G120/><T49/><D49/><U104/><E121/><V19/><F122/><W101/><AGARI ba="2,2" hai="17,22,25,72,73,92,99,101" m="29943,44042" machi="101" ten="30,1500,0" yaku="15,1" doraHai="61" who="3" fromWho="3" sc="125,-7,388,-7,276,-7,191,41" /><INIT seed="7,3,0,2,0,44" ten="118,381,269,232" oya="3" hai0="7,98,13,133,114,9,112,123,74,37,3,10,43" hai1="21,97,83,128,59,63,126,4,57,130,8,92,41" hai2="122,102,80,95,6,73,50,116,79,88,105,90,24" hai3="28,29,84,16,14,56,110,45,39,17,65,64,38"/><W111/><G84/><T26/><D123/><U61/><E126/><V76/><F116/><W107/><G107/><T132/><D74/><U27/><E41/><V52/><F122/><W91/><G91/><T94/><D43/><U55/><E83/><V78/><F105/><W18/><G14/><T22/><D37/><U117/><E117/><V86/><F102/><W5/><G5/><N who="0" m="3279" /><D94/><U31/><E8/><V81/><F6/><W69/><G69/><T12/><D98/><U109/><E109/><N who="3" m="41482" /><G56/><T87/><D87/><U32/><E4/><V0/><F0/><W11/><G45/><T135/><D26/><U2/><E2/><V134/><F134/><N who="0" m="34306" /><T46/><DORA hai="58" /><D46/><U47/><E47/><N who="2" m="27743" /><F73/><W19/><N who="3" m="4096" /><DORA hai="119" /><W48/><G39/><T99/><D99/><U30/><E30/><N who="3" m="11882" /><G38/><T96/><D96/><U75/><E75/><V100/><F100/><W23/><G11/><T54/><D54/><U53/><E32/><V33/><F33/><W104/><G104/><T124/><D124/><U35/><E35/><V93/><F24/><W125/><G125/><T108/><D108/><U129/><E128/><V71/><F71/><W121/><G121/><T62/><D62/><U89/><AGARI ba="3,0" hai="21,27,31,53,55,57,59,61,63,89,92,97,129,130" machi="89" ten="30,7900,0" yaku="0,1,9,1,52,2" doraHai="44,58,119" who="1" fromWho="1" sc="118,-23,381,88,269,-23,232,-42" owari="95,-40.0,469,56.0,246,5.0,190,-21.0" /></mjloggm>