<mjloggm ver="2.3"><GO type="169" lobby="0"/><UN n0="%E8%B1%86%E7%89%B9%EF%BC%A0%E6%B2%B3%E6%9D%91%E8%BB%8D%E5%9B%A3" n1="%E5%BF%83%E6%BB%85" n2="%E3%81%88%E3%82%8B%E3%81%9F%E3%81%9D" n3="%E5%B0%B1%E6%B4%BB%E7%94%9F%40%E5%B7%9D%E6%9D%91%E8%BB%8D%E5%9B%A3" dan="18,17,17,17" rate="2197.64,2190.61,2201.57,2164.64" sx="M,M,F,M"/><TAIKYOKU oya="0"/><INIT seed="0,0,0,5,5,117" ten="250,250,250,250" oya="0" hai0="112,121,5,29,17,86,111,27,20,2,55,30,66" hai1="70,13,134,37,64,87,133,120,57,118,25,71,67" hai2="12,10,56,105,90,130,101,106,54,104,135,78,58" hai3="92,62,11,68,128,72,89,35,44,60,123,45,53"/><T14/><D112/><U49/><E13/><V46/><F130/><W24/><G72/><T88/><D66/><N who="1" m="25131" /><E87/><V124/><F124/><W107/><G128/><T23/><D111/><U50/><E25/><V98/><F135/><N who="1" m="51721" /><E118/><V42/><F90/><W19/><G107/><T99/><D99/><U94/><E94/><V96/><F78/><W131/><G131/><T80/><D121/><U47/><E120/><V103/><F54/><W102/><G102/><T9/><REACH who="0" step="1"/><D55/><REACH who="0" ten="240,250,250,250" step="2"/><N who="1" m="31991" /><E37/><V16/><REACH who="2" step="1"/><F106/><REACH who="2" ten="240,250,240,250" step="2"/><W34/><G123/><T39/><D39/><AGARI ba="0,2" hai="10,12,16,39,42,46,56,58,96,98,101,103,104,105" machi="39" ten="30,12000,2" yaku="1,1,2,1,7,1,9,1,54,1,53,1" doraHai="117" doraHaiUra="6" who="2" fromWho="0" sc="240,-120,250,0,240,140,250,0" /><INIT seed="1,0,0,4,0,134" ten="120,250,380,250" oya="1" hai0="95,112,38,114,10,25,109,44,68,77,57,90,1" hai1="21,20,88,130,116,34,84,8,31,23,7,127,40" hai2="53,4,33,3,42,126,124,133,46,51,30,121,132" hai3="106,15,47,52,70,115,79,113,72,96,27,118,91"/><U39/><E116/><V13/><F3/><W107/><G118/><T17/><D68/><U89/><E130/><V63/><F121/><W2/><G2/><T85/><D109/><U26/><E127/><N who="2" m="48683" /><F33/><W86/><G70/><T54/><D77/><U131/><E131/><V92/><F30/><W111/><G111/><T98/><D85/><U76/><E39/><N who="2" m="21855" /><F92/><W80/><G107/><T78/><D78/><U19/><E40/><V0/><F0/><W120/><G120/><T128/><D128/><U135/><E135/><N who="2" m="51787" /><F13/><W87/><G106/><T35/><D35/><U59/><E34/><V56/><F4/><W117/><G15/><T101/><D1/><U37/><E37/><V64/><F51/><W81/><G115/><T12/><D38/><U48/><E7/><V16/><F16/><W110/><G113/><T11/><D112/><U67/><E8/><V45/><F45/><W62/><G117/><T129/><D114/><U14/><E23/><V55/><AGARI ba="0,0" hai="53,55,56,63,64" m="51787,21855,48683" machi="55" ten="40,12000,2" yaku="18,1,20,1,34,2,52,3" doraHai="134" who="2" fromWho="2" sc="120,-30,250,-60,380,120,250,-30" /><INIT seed="2,0,0,2,2,37" ten="90,190,500,220" oya="2" hai0="32,17,28,132,106,42,71,89,66,27,20,75,88" hai1="63,46,29,131,76,3,16,94,65,15,35,47,117" hai2="129,21,114,48,10,128,99,120,25,43,123,112,124" hai3="52,84,4,109,19,0,113,11,125,135,87,74,72"/><V13/><F99/><W122/><G122/><N who="2" m="46633" /><F48/><W111/><G113/><N who="2" m="43625" /><F43/><W1/><G125/><T23/><D75/><N who="3" m="28713" /><G1/><T67/><D132/><U36/><E117/><V92/><F92/><W134/><G52/><T38/><D106/><U121/><E121/><V22/><F124/><W73/><G19/><T59/><D71/><U93/><E3/><V33/><F33/><W18/><G18/><T69/><D69/><U9/><E76/><V95/><F95/><W58/><G58/><T8/><D8/><U39/><E39/><V130/><F25/><W110/><N who="3" m="28721" /><W102/><DORA hai="100" /><G102/><T86/><D32/><U34/><E34/><V83/><F83/><W64/><G64/><T56/><D67/><U61/><E36/><V30/><F30/><W51/><G51/><T103/><D103/><U85/><E29/><V7/><AGARI ba="0,0" hai="7,10,13,21,22,128,129,130" m="43625,46633" machi="7" ten="40,7800,0" yaku="19,1,34,2" doraHai="37,100" who="2" fromWho="2" sc="90,-26,190,-26,500,78,220,-26" /><INIT seed="2,1,0,3,4,45" ten="64,164,578,194" oya="2" hai0="49,106,126,75,70,118,24,30,34,35,51,90,112" hai1="62,78,63,80,44,68,67,5,119,28,110,88,1" hai2="6,105,31,66,21,29,0,12,4,37,42,65,38" hai3="120,99,104,125,122,52,23,85,96,131,133,54,89"/><V103/><F0/><W127/><G131/><T58/><D112/><U9/><E119/><V27/><F105/><W56/><G133/><T25/><D70/><U32/><E110/><V8/><F103/><W16/><G120/><T20/><D106/><U115/><E115/><V135/><F135/><W61/><G54/><T39/><D39/><U2/><E2/><V86/><F4/><W116/><G116/><T14/><D75/><U121/><E121/><V71/><F71/><W48/><G61/><T128/><D118/><U97/><E63/><V81/><F31/><W93/><G122/><T3/><D3/><U129/><E129/><V79/><F37/><W132/><G132/><T47/><D128/><U26/><E44/><V10/><F10/><W46/><G46/><T109/><D109/><U123/><E123/><V82/><F38/><W50/><G50/><T124/><D58/><U43/><E43/><V108/><F42/><W15/><REACH who="3" step="1"/><G104/><REACH who="3" ten="64,164,578,184" step="2"/><T53/><D53/><U74/><E62/><V73/><F108/><W69/><G69/><T64/><D47/><U17/><E68/><V36/><F36/><W114/><G114/><T102/><D64/><U111/><E67/><V76/><AGARI ba="1,1" hai="6,8,12,21,27,29,65,66,73,76,79,81,82,86" machi="76" ten="20,2100,0" yaku="0,1,7,1" doraHai="45" who="2" fromWho="2" sc="64,-8,164,-8,578,34,184,-8" /><INIT seed="2,2,0,4,0,122" ten="56,156,612,176" oya="2" hai0="69,125,46,53,118,82,13,0,103,34,106,16,120" hai1="90,116,127,1,27,72,41,108,119,7,114,2,36" hai2="17,43,35,26,18,81,100,63,54,21,61,14,8" hai3="75,58,51,70,23,62,19,28,132,47,91,66,121"/><V107/><F35/><W80/><G121/><T11/><D120/><U99/><E114/><V31/><F107/><W123/><G123/><T88/><D69/><U98/><E90/><V55/><F100/><W24/><G132/><T78/><D34/><U10/><E27/><V30/><F43/><W86/><G75/><T4/><D118/><U94/><E94/><V15/><F81/><W83/><G70/><T129/><D129/><U38/><E72/><V87/><F87/><W48/><G47/><T117/><D117/><U52/><E41/><V96/><F96/><W60/><G60/><T67/><D67/><U33/><E33/><V110/><F8/><W68/><G68/><T85/><D125/><U45/><E127/><V109/><F21/><W76/><G28/><T40/><D40/><U65/><E10/><V133/><F26/><W124/><G124/><T93/><D103/><U25/><E25/><V56/><F56/><W95/><G76/><T113/><D106/><U101/><E101/><V57/><F57/><W126/><G126/><T49/><D113/><U3/><E45/><V71/><F71/><W50/><AGARI ba="2,0" hai="19,23,24,48,50,51,58,62,66,80,83,86,91,95" machi="50" ten="30,2000,0" yaku="0,1,8,1" doraHai="122" who="3" fromWho="3" sc="56,-7,156,-7,612,-12,176,26" /><INIT seed="3,0,0,3,3,26" ten="49,149,600,202" oya="3" hai0="115,34,18,117,106,94,1,11,85,74,20,72,89" hai1="119,128,131,107,97,15,65,124,110,70,129,43,54" hai2="63,127,10,84,44,101,86,109,56,46,98,81,133" hai3="37,13,67,68,104,120,122,49,12,83,16,116,96"/><W52/><G37/><T3/><D106/><U53/><E110/><V39/><F109/><W31/><G116/><T36/><D117/><U14/><E119/><V88/><F39/><W102/><G12/><N who="1" m="4650" /><E124/><V71/><F71/><W47/><G31/><T76/><D36/><U87/><E43/><V30/><F10/><W24/><G24/><T22/><D34/><U25/><E87/><V28/><F86/><W79/><G67/><T69/><D69/><U61/><E25/><V91/><F91/><W9/><REACH who="3" step="1"/><G68/><REACH who="3" ten="49,149,600,192" step="2"/><T77/><D1/><U33/><E33/><V35/><F35/><W121/><G121/><T80/><D3/><U100/><AGARI ba="0,1" hai="53,54,61,65,70,97,100,107,128,129,131" m="4650" machi="100" ten="40,1500,0" yaku="19,1" doraHai="26" who="1" fromWho="1" sc="49,-4,149,25,600,-4,192,-7" /><INIT seed="4,0,0,5,0,118" ten="45,174,596,185" oya="0" hai0="29,59,69,124,95,35,3,110,26,83,79,98,32" hai1="34,9,17,67,46,70,76,1,23,7,125,96,62" hai2="31,104,0,102,68,37,71,101,38,106,90,135,93" hai3="54,40,88,4,123,8,12,50,81,111,27,64,18"/><T21/><D69/><U121/><E125/><V89/><F31/><W128/><G111/><T120/><D3/><U22/><E34/><V73/><F93/><W47/><G128/><T19/><D124/><U58/><E121/><V113/><F73/><W74/><G123/><T13/><D110/><U129/><E129/><V127/><F127/><W72/><G64/><T14/><D120/><U80/><E46/><V109/><F109/><W99/><G40/><T49/><D13/><U77/><E96/><V114/><F0/><W78/><G72/><T10/><D59/><U56/><E23/><V15/><F15/><W86/><G99/><T92/><D49/><U134/><E77/><V91/><F91/><W84/><G74/><T108/><D108/><U133/><E80/><V36/><F36/><W105/><G105/><T16/><D29/><U42/><E76/><V100/><F100/><W53/><G53/><T131/><D131/><U75/><E42/><V126/><F126/><W44/><G27/><T5/><D5/><U112/><E75/><V115/><F115/><W63/><G63/><T85/><REACH who="0" step="1"/><D92/><REACH who="0" ten="35,174,596,185" step="2"/><U20/><E56/><V119/><F71/><W65/><G4/><T25/><D25/><U132/><E58/><V66/><F68/><W116/><G47/><T103/><AGARI ba="0,1" hai="10,14,16,19,21,26,32,35,79,83,85,95,98,103" machi="103" ten="20,12000,1" yaku="1,1,0,1,7,1,54,1,53,1" doraHai="118" doraHaiUra="6" who="0" fromWho="0" sc="35,130,174,-40,596,-40,185,-40" /><INIT seed="4,1,0,5,4,80" ten="165,134,556,145" oya="0" hai0="9,96,101,123,22,83,67,15,106,7,8,114,16" hai1="110,57,10,32,44,97,125,11,55,49,116,0,51" hai2="56,21,72,47,13,95,29,87,2,62,92,61,85" hai3="98,77,126,112,105,108,93,66,100,50,54,84,59"/><T3/><D123/><U127/><E116/><V23/><F2/><W124/><G108/><T40/><D114/><U99/><E110/><V81/><F72/><W130/><G130/><T78/><D67/><U41/><E32/><V28/><F47/><W133/><G133/><T102/><D102/><U73/><E73/><V75/><F75/><W107/><G112/><T46/><D9/><N who="1" m="3083" /><E0/><V1/><F1/><W45/><G66/><T76/><REACH who="0" step="1"/><D83/><REACH who="0" ten="155,134,556,145" step="2"/><U39/><E39/><AGARI ba="1,1" hai="3,7,8,15,16,22,39,40,46,76,78,96,101,106" machi="39" ten="30,12000,1" yaku="1,1,2,1,7,1,54,1,53,1" doraHai="80" doraHaiUra="18" who="0" fromWho="1" sc="155,133,134,-123,556,0,145,0" /><INIT seed="4,2,0,0,2,56" ten="288,11,556,145" oya="0" hai0="41,44,26,119,62,67,113,78,46,131,88,111,114" hai1="43,125,70,57,118,11,35,123,127,107,39,133,40" hai2="58,97,38,24,2,95,102,33,27,29,90,124,48" hai3="69,120,129,82,25,42,59,19,121,16,4,80,0"/><T77/><D119/><U100/><E118/><V45/><F2/><W134/><G69/><N who="0" m="42231" /><D131/><U96/><E123/><N who="3" m="47178" /><G134/><T8/><D26/><U15/><E133/><V37/><F124/><N who="1" m="47689" /><E70/><V53/><F24/><W135/><G135/><T74/><D88/><U9/><E35/><V126/><F126/><W3/><G129/><T34/><D34/><U51/><E39/><V117/><F117/><W1/><G42/><N who="1" m="15914" /><E15/><V85/><F45/><N who="0" m="17514" /><D41/><U49/><E49/><V86/><F86/><W63/><G4/><T94/><D94/><AGARI ba="2,0" hai="27,29,33,37,38,48,53,58,85,90,94,95,97,102" machi="94" ten="30,1000,0" yaku="7,1" doraHai="56" who="2" fromWho="0" sc="288,-16,11,0,556,16,145,0" /><INIT seed="5,0,0,0,0,92" ten="272,11,572,145" oya="1" hai0="135,78,113,7,27,55,25,100,21,1,4,102,34" hai1="85,77,103,66,37,22,70,56,12,72,38,60,47" hai2="83,119,89,57,132,29,93,118,43,45,84,109,99" hai3="79,87,90,68,129,16,88,59,116,91,58,5,30"/><U128/><E72/><V81/><F109/><W23/><G68/><T64/><D1/><U10/><E128/><V71/><F71/><W126/><G129/><T48/><D34/><U19/><E70/><V124/><F29/><W134/><G134/><T65/><D78/><U9/><E103/><N who="0" m="39465" /><D113/><U97/><E97/><V133/><F57/><W39/><G39/><T95/><D95/><U111/><E111/><V0/><F0/><W63/><G126/><T131/><D131/><U14/><E47/><V80/><F84/><W50/><G5/><N who="0" m="2123" /><D135/><N who="2" m="51786" /><F124/><W105/><G105/><T53/><D53/><U122/><E122/><V17/><F17/><W3/><G3/><T42/><D42/><U121/><E121/><V101/><F101/><W13/><G30/><N who="0" m="17711" /><D27/><N who="1" m="14815" /><E38/><AGARI ba="0,0" hai="38,43,45,80,81,83,89,93,99,118,119" m="51786" machi="38" ten="30,2000,0" yaku="20,1,52,1" doraHai="92" who="2" fromWho="1" sc="272,0,11,-20,572,20,145,0" owari="272,7.0,-9,-51.0,592,69.0,145,-25.0" /></mjloggm>