<mjloggm ver="2.3"><GO type="169" lobby="0"/><UN n0="%E5%B0%B1%E6%B4%BB%E7%94%9F%40%E5%B7%9D%E6%9D%91%E8%BB%8D%E5%9B%A3" n1="%E2%80%A0%E3%81%BE%E3%83%BC%E5%9D%8A%E2%80%A0" n2="%E3%81%84%E3%81%84%E7%AC%91%E9%A1%94" n3="%E8%B5%A4%E7%A5%9E%E9%A2%A8%E9%9B%B2" dan="17,18,17,16" rate="2211.07,2241.80,2181.25,2137.10" sx="M,M,F,M"/><TAIKYOKU oya="0"/><INIT seed="0,0,0,1,2,99" ten="250,250,250,250" oya="0" hai0="66,7,43,19,109,39,92,52,121,16,25,118,117" hai1="2,9,30,32,135,80,28,81,34,83,40,70,90" hai2="105,48,111,112,69,26,3,37,5,77,54,115,128" hai3="133,0,51,79,31,63,86,82,57,98,42,113,53"/><T97/><D121/><U107/><E135/><V60/><F111/><W35/><G113/><T101/><D109/><U13/><E70/><V18/><F128/><W114/><G114/><T132/><D132/><U41/><E2/><V87/><F37/><W38/><G0/><T131/><D131/><U91/><E107/><V130/><F130/><W49/><G133/><T23/><D7/><U27/><E13/><V96/><F5/><W95/><G31/><N who="1" m="11818" /><E27/><V124/><F3/><W100/><G35/><N who="1" m="13354" /><E9/><V110/><F110/><W123/><G123/><T29/><D66/><U64/><E64/><V1/><F1/><W50/><REACH who="3" step="1"/><G38/><REACH who="3" ten="250,250,250,240" step="2"/><T74/><D117/><U36/><E36/><V17/><F115/><W46/><AGARI ba="0,1" hai="42,46,49,50,51,53,57,63,79,82,86,95,98,100" machi="46" ten="30,8000,1" yaku="1,1,2,1,0,1,8,1,52,1,53,0" doraHai="99" doraHaiUra="125" who="3" fromWho="3" sc="250,-40,250,-20,250,-20,240,90" /><INIT seed="1,0,0,4,3,102" ten="210,230,230,330" oya="1" hai0="31,70,30,97,55,98,92,40,111,10,133,67,12" hai1="130,120,57,76,44,99,20,107,126,72,127,45,66" hai2="50,15,93,80,74,33,105,34,78,96,82,88,26" hai3="122,5,131,43,53,42,75,1,134,121,52,16,47"/><U83/><E120/><V60/><F60/><W71/><G75/><T119/><D119/><U87/><E130/><V38/><F38/><W109/><G1/><T81/><D133/><U27/><E66/><V108/><F108/><W65/><G5/><T39/><D111/><U28/><E57/><V41/><F26/><W95/><G109/><T64/><D97/><U118/><E118/><V86/><F15/><W116/><G116/><T18/><D55/><U23/><E23/><V19/><F19/><W112/><G95/><T68/><D68/><U123/><E72/><V77/><REACH who="2" step="1"/><F105/><REACH who="2" ten="210,230,220,330" step="2"/><W125/><G16/><T62/><D67/><U90/><E123/><V46/><AGARI ba="0,1" hai="33,34,41,46,50,74,77,78,80,82,86,88,93,96" machi="46" ten="30,7900,0" yaku="1,1,2,1,0,1,54,1,53,0" doraHai="102" doraHaiUra="25" who="2" fromWho="2" sc="210,-20,230,-39,220,89,330,-20" /><INIT seed="2,0,0,1,5,7" ten="190,191,309,310" oya="2" hai0="95,30,1,99,17,72,27,43,107,58,123,135,103" hai1="28,106,10,119,3,80,129,21,134,93,29,6,15" hai2="66,86,16,38,116,13,42,26,74,89,81,113,70" hai3="131,75,37,25,78,73,12,122,117,14,44,24,47"/><V0/><F113/><W67/><G67/><T34/><D123/><U20/><E106/><V51/><F116/><W130/><G78/><T40/><D72/><U76/><E119/><V92/><F0/><W111/><G117/><T8/><D135/><U87/><E134/><V109/><F38/><W85/><G85/><T128/><D128/><U94/><E129/><V57/><F70/><W45/><G37/><T19/><D107/><U126/><E126/><V56/><F109/><W105/><G105/><T41/><REACH who="0" step="1"/><D58/><REACH who="0" ten="180,191,309,310" step="2"/><U64/><E64/><V61/><F74/><W50/><G122/><T133/><D133/><U54/><E54/><N who="2" m="31839" /><F42/><W71/><G45/><T36/><D36/><U18/><REACH who="1" step="1"/><E21/><REACH who="1" ten="180,181,309,310" step="2"/><N who="2" m="11407" /><F26/><W65/><G24/><T96/><D96/><U46/><E46/><V9/><F9/><W11/><G25/><T23/><D23/><U124/><E124/><V125/><F125/><W100/><G11/><T49/><D49/><U69/><E69/><V52/><F66/><W77/><G50/><T68/><D68/><U84/><E84/><V55/><F55/><W120/><G71/><T39/><D39/><U104/><E104/><V48/><F48/><W112/><G65/><T83/><D83/><AGARI ba="0,2" hai="52,57,61,81,83,86,89,92" m="11407,31839" machi="83" ten="30,11600,0" yaku="25,1,8,1,54,2" doraHai="7" who="2" fromWho="0" sc="180,-116,181,0,309,136,310,0" /><INIT seed="2,1,0,2,1,17" ten="64,181,445,310" oya="2" hai0="66,52,45,59,44,38,116,120,114,40,113,90,124" hai1="102,88,31,58,13,25,61,99,115,81,111,125,1" hai2="72,134,100,11,32,28,46,92,108,10,22,106,15" hai3="69,94,19,47,126,36,21,56,2,4,110,82,57"/><V121/><F72/><W60/><G69/><T105/><D105/><U65/><E1/><V12/><F106/><W20/><G2/><T123/><D90/><U55/><E115/><N who="0" m="44041" /><D116/><U76/><E111/><V135/><F46/><W26/><G4/><T96/><D96/><U78/><E125/><V104/><F104/><W89/><G110/><T98/><D98/><U77/><E13/><V128/><F92/><W74/><G126/><T62/><D124/><U0/><E0/><V119/><F100/><W7/><G7/><T43/><D66/><U118/><E118/><V35/><F108/><W101/><G74/><T70/><D70/><U83/><E55/><V49/><F49/><AGARI ba="1,0" hai="38,40,43,44,45,49,52,59,62,120,123" m="44041" machi="49" ten="30,3900,0" yaku="34,2,54,1" doraHai="17" who="0" fromWho="2" sc="64,42,181,0,445,-42,310,0" /><INIT seed="3,0,0,0,4,35" ten="106,181,403,310" oya="3" hai0="121,123,116,89,111,47,128,25,9,21,118,44,32" hai1="101,37,93,42,92,63,26,66,51,87,28,70,96" hai2="97,31,112,103,88,61,0,18,71,78,34,48,107" hai3="22,133,94,65,122,19,1,8,23,99,115,64,16"/><W29/><G65/><T98/><D98/><U102/><E51/><V74/><F48/><W104/><G104/><T13/><D89/><U100/><E87/><V106/><F18/><W108/><G64/><T109/><D47/><U49/><E37/><V117/><F112/><W54/><G115/><T85/><D85/><U95/><E49/><V86/><F117/><N who="0" m="45162" /><D44/><U27/><E42/><V53/><F53/><W69/><G69/><T72/><D32/><U77/><E77/><V20/><F20/><W68/><G68/><T7/><D72/><U130/><E130/><V82/><F107/><W30/><G54/><T3/><D13/><U56/><E27/><N who="2" m="18815" /><F61/><W55/><G55/><T76/><D76/><U73/><E73/><V17/><F17/><W75/><G75/><T84/><D84/><U127/><E56/><V114/><F71/><W80/><G80/><T39/><D39/><U134/><E96/><V43/><F43/><W90/><G99/><T135/><D135/><U4/><E134/><V62/><F62/><W10/><G133/><T91/><D91/><U41/><E41/><V14/><F14/><W125/><G90/><T79/><D79/><U59/><E70/><V12/><F12/><W105/><G105/><T11/><D11/><U132/><E132/><V120/><F114/><W129/><G10/><T2/><D2/><U46/><E46/><V38/><F0/><W36/><G8/><T6/><D6/><U40/><E40/><V58/><F38/><W124/><G1/><T81/><D81/><U24/><E4/><V33/><F33/><W83/><G36/><RYUUKYOKU ba="0,0" sc="106,0,181,0,403,0,310,0" /><INIT seed="4,1,0,1,4,101" ten="106,181,403,310" oya="0" hai0="97,57,105,135,22,78,102,45,134,96,40,11,38" hai1="0,21,5,55,61,48,83,113,69,117,86,84,30" hai2="33,67,59,76,120,35,109,9,104,56,132,72,98" hai3="112,118,114,54,3,125,25,106,46,19,71,7,4"/><T123/><D123/><U51/><E117/><V66/><F109/><W77/><G71/><T107/><D78/><U28/><E113/><V94/><F120/><W131/><G77/><T23/><D11/><U15/><E0/><V91/><F132/><N who="0" m="50730" /><D57/><U130/><E130/><V119/><F119/><W122/><G118/><T37/><D37/><U79/><E51/><V73/><F9/><W93/><G122/><T32/><D32/><U36/><E36/><V29/><F29/><W70/><G70/><T20/><D97/><U43/><E86/><V8/><F8/><W50/><G131/><T108/><D108/><U111/><E111/><V95/><F76/><W60/><G125/><T62/><D62/><U63/><E69/><V90/><F98/><W100/><G60/><T127/><D127/><U17/><E5/><V68/><F68/><W121/><G121/><T65/><D65/><U124/><E124/><V115/><F115/><N who="3" m="44075" /><G93/><AGARI ba="1,0" hai="20,22,23,38,40,45,93,96,102,105,107" m="50730" machi="93" ten="30,5800,0" yaku="20,1,52,2" doraHai="101" who="0" fromWho="3" sc="106,61,181,0,403,0,310,-61" /><INIT seed="4,2,0,0,0,108" ten="167,181,403,249" oya="0" hai0="52,60,21,28,53,99,95,88,125,101,35,43,80" hai1="57,105,122,83,55,127,3,56,98,34,102,82,61" hai2="86,100,131,50,85,26,58,6,70,29,51,121,4" hai3="65,110,129,96,74,117,8,104,126,17,7,19,119"/><T79/><D35/><U75/><E122/><V64/><F121/><W9/><G65/><T30/><D125/><U107/><E127/><V44/><F131/><W0/><G74/><T78/><D43/><U89/><E3/><V71/><F100/><W76/><G76/><N who="0" m="29227" /><D21/><U46/><E75/><V62/><F70/><W13/><G126/><T115/><D115/><U97/><E34/><V130/><F130/><W123/><G123/><T45/><D60/><U111/><E111/><V91/><F71/><W94/><G104/><T11/><D11/><U27/><E27/><V66/><F64/><W135/><G110/><T42/><D42/><U81/><E46/><V109/><F86/><W1/><G129/><T49/><D53/><U20/><E20/><N who="2" m="15559" /><F109/><W22/><G94/><N who="0" m="58615" /><D80/><U124/><E124/><V25/><F25/><N who="3" m="14543" /><G96/><AGARI ba="2,0" hai="28,30,45,49,52,88,95,96" m="58615,29227" machi="96" ten="30,5800,0" yaku="8,1,54,2" doraHai="108" who="0" fromWho="3" sc="167,64,181,0,403,0,249,-64" /><INIT seed="4,3,0,4,1,135" ten="231,181,403,185" oya="0" hai0="52,132,105,93,3,92,7,124,111,122,34,9,64" hai1="65,82,19,48,79,66,55,35,43,70,131,56,45" hai2="10,69,76,103,133,6,90,113,116,14,38,50,18" hai3="87,46,77,2,42,23,108,109,54,125,102,129,16"/><T118/><D105/><U99/><E131/><V57/><F38/><W47/><G2/><T32/><D122/><U21/><E35/><V91/><F69/><W81/><G129/><T120/><D120/><U13/><E70/><V28/><F133/><W119/><G119/><T75/><D75/><U114/><E99/><V5/><F113/><W25/><G102/><T58/><D132/><U26/><E114/><V17/><F28/><W51/><REACH who="3" step="1"/><G125/><REACH who="3" ten="231,181,403,175" step="2"/><T84/><D124/><U1/><E1/><V40/><F103/><W4/><G4/><T24/><D118/><U67/><E26/><V100/><F6/><W37/><AGARI ba="3,1" hai="16,23,25,37,42,46,47,51,54,77,81,87,108,109" machi="37" ten="20,8000,1" yaku="1,1,0,1,7,1,54,1,53,1" doraHai="135" doraHaiUra="72" who="3" fromWho="3" sc="231,-43,181,-23,403,-23,175,99" /><INIT seed="5,0,0,4,5,46" ten="188,158,380,274" oya="1" hai0="106,117,23,36,100,81,121,22,4,49,61,35,60" hai1="110,90,5,128,109,37,42,45,84,83,94,73,15" hai2="19,91,86,133,14,105,58,7,64,26,78,12,52" hai3="132,40,44,2,114,38,77,129,10,124,93,103,41"/><U102/><E128/><V39/><F133/><W115/><G77/><T87/><D36/><U107/><E15/><V126/><F126/><W72/><G72/><T53/><D35/><U51/><E5/><V118/><F39/><W18/><G103/><T74/><D117/><U97/><E37/><V59/><F105/><W71/><G93/><T29/><D74/><U34/><E34/><V33/><F78/><AGARI ba="0,0" hai="42,45,51,73,78,83,84,90,94,97,102,107,109,110" machi="78" ten="40,7700,0" yaku="24,2,52,1" doraHai="46" who="1" fromWho="2" sc="188,0,158,77,380,-77,274,0" /><INIT seed="5,1,0,3,5,27" ten="188,235,303,274" oya="1" hai0="92,9,100,48,34,20,66,124,23,14,5,12,49" hai1="83,101,79,28,106,54,94,62,10,8,39,2,89" hai2="98,123,3,105,43,37,24,6,38,78,41,33,93" hai3="80,56,29,15,76,13,135,117,88,87,25,134,32"/><U71/><E39/><V47/><F123/><W73/><G56/><T111/><D111/><U19/><E2/><V1/><F78/><W40/><G40/><T125/><D34/><U82/><E106/><V128/><F128/><W68/><G68/><T16/><D66/><U103/><E71/><V108/><F108/><W45/><G45/><T51/><REACH who="0" step="1"/><D20/><REACH who="0" ten="178,235,303,274" step="2"/><U85/><E101/><V107/><F33/><W65/><G65/><T61/><D61/><U53/><E62/><V99/><F38/><W104/><G117/><T75/><D75/><U133/><E133/><N who="3" m="50698" /><G104/><T22/><D22/><U57/><E103/><V7/><F37/><W74/><G74/><T26/><D26/><U102/><E102/><V60/><F60/><W77/><G77/><T114/><D114/><U64/><E79/><V81/><F107/><W132/><G132/><T110/><D110/><U131/><E64/><V126/><F105/><W86/><G73/><T42/><D42/><U116/><E116/><V121/><F43/><W122/><G122/><T55/><D55/><U70/><E54/><V0/><F41/><W67/><G67/><T30/><D30/><U91/><E28/><V96/><F121/><W36/><G36/><T129/><D129/><U95/><E131/><V4/><F24/><W127/><G127/><T46/><D46/><U17/><E53/><V72/><F47/><W69/><G69/><T120/><D120/><U118/><E118/><V58/><F126/><W44/><G44/><T21/><D21/><U130/><E70/><V35/><F72/><W59/><G59/><T18/><D18/><RYUUKYOKU ba="1,1" sc="178,15,235,-15,303,-15,274,15" hai0="5,9,12,14,16,23,48,49,51,92,100,124,125" hai3="13,15,25,29,32,76,80,86,87,88" /><INIT seed="6,2,1,1,0,66" ten="193,220,288,289" oya="2" hai0="17,7,124,2,110,52,50,72,94,48,73,104,42" hai1="20,119,57,65,6,120,132,105,18,63,85,13,130" hai2="70,75,44,0,4,89,109,95,128,5,60,84,123" hai3="26,108,91,40,97,93,118,114,56,41,106,90,34"/><V74/><F123/><W113/><G41/><T31/><D104/><U67/><E119/><V36/><F128/><W32/><G40/><T35/><D110/><U79/><E130/><V112/><F109/><W39/><G39/><T11/><D124/><U83/><E120/><V59/><F112/><W64/><G108/><T107/><D107/><U127/><E105/><V23/><F36/><W88/><G34/><T129/><D129/><U21/><E127/><V87/><F44/><W101/><G56/><T49/><D42/><U115/><E115/><N who="3" m="44042" /><G64/><T103/><D17/><U43/><E6/><V22/><F59/><W45/><G45/><T125/><D125/><U86/><E132/><V62/><F0/><W37/><G37/><T38/><D38/><U46/><E67/><V3/><F3/><W12/><G12/><T100/><D52/><U131/><E131/><V78/><F89/><W58/><G58/><T82/><D94/><U111/><E111/><V121/><F95/><W51/><G51/><T99/><D99/><U33/><E33/><V77/><F121/><W29/><G118/><T14/><D2/><U71/><E57/><V28/><F28/><W8/><G8/><T102/><REACH who="0" step="1"/><D82/><REACH who="0" ten="183,220,288,289" step="2"/><N who="1" m="47327" /><E43/><V92/><F92/><AGARI ba="2,2" hai="26,29,32,88,90,91,92,93,97,101,106" m="44042" machi="92" ten="30,3900,0" yaku="15,1,11,1,54,1" doraHai="66" who="3" fromWho="2" sc="183,0,220,0,288,-45,289,65" /><INIT seed="7,0,0,4,1,92" ten="183,220,243,354" oya="3" hai0="74,46,24,5,48,103,94,45,71,130,76,110,8" hai1="134,53,135,65,41,39,19,109,99,31,95,2,18" hai2="131,120,49,107,101,52,66,91,23,87,90,108,13" hai3="62,35,33,122,67,37,97,102,106,114,40,89,125"/><W30/><G122/><T21/><D110/><U32/><E109/><V0/><F108/><W6/><G6/><T17/><D71/><U85/><E2/><V115/><F0/><W69/><G89/><T10/><D130/><U123/><E123/><V104/><F120/><W80/><G80/><T88/><D103/><U54/><E65/><V42/><F91/><W100/><G100/><T78/><D46/><N who="1" m="23871" /><E85/><V12/><F42/><W20/><G20/><T72/><D72/><U75/><E75/><V9/><F131/><W4/><G4/><T128/><D128/><U133/><E31/><V59/><F66/><W119/><G119/><T1/><D74/><U73/><E32/><V27/><F101/><W113/><G125/><T51/><D8/><U83/><E95/><V15/><F9/><W126/><G126/><T14/><D1/><U29/><E29/><V68/><F68/><W124/><G124/><T55/><D51/><U132/><E99/><AGARI ba="0,0" hai="5,10,14,17,21,24,45,48,55,76,78,88,94,99" machi="99" ten="30,7700,0" yaku="7,1,8,1,52,1,54,1" doraHai="92" who="0" fromWho="1" sc="183,77,220,-77,243,0,354,0" owari="260,6.0,143,-36.0,243,-16.0,354,46.0" /></mjloggm>