<mjloggm ver="2.3"><GO type="169" lobby="0"/><UN n0="%6D%69%6E%61%72%63%68%79" n1="%E7%99%BD%E9%B9%BF%E6%84%9B%E8%8E%89" n2="%E3%81%BD%E3%82%93%E3%81%93%E3%81%A4%E9%98%BF%E8%B3%80%E9%87%8E%E5%A7%89" n3="%E5%B0%B1%E6%B4%BB%E7%94%9F%40%E5%B7%9D%E6%9D%91%E8%BB%8D%E5%9B%A3" dan="16,18,16,17" rate="2064.35,2195.11,2051.29,2254.55" sx="M,F,F,M"/><TAIKYOKU oya="0"/><INIT seed="0,0,0,2,3,110" ten="250,250,250,250" oya="0" hai0="70,122,19,62,16,60,3,126,54,17,86,93,112" hai1="37,66,33,25,34,30,12,100,47,97,20,61,32" hai2="104,63,101,129,4,48,75,81,124,28,18,10,115" hai3="84,76,105,22,91,87,8,29,90,78,7,83,74"/><T79/><D122/><U6/><E37/><V72/><F28/><W0/><G105/><T5/><D126/><U119/><E47/><V9/><F124/><W42/><G42/><T106/><D106/><U57/><E119/><V102/><F48/><W2/><G2/><T85/><D112/><U80/><E80/><V67/><F18/><W89/><REACH who="3" step="1"/><G76/><REACH who="3" ten="250,250,250,240" step="2"/><T44/><D79/><U125/><E125/><V116/><F104/><W50/><G50/><N who="0" m="28999" /><D3/><U11/><REACH who="1" step="1"/><E34/><REACH who="1" ten="250,240,250,240" step="2"/><V96/><F116/><W64/><G64/><N who="0" m="41223" /><D93/><AGARI ba="0,2" hai="6,11,12,20,25,30,32,33,57,61,66,93,97,100" machi="93" ten="30,7700,0" yaku="1,1,7,1,25,2,53,0" doraHai="110" doraHaiUra="13" who="1" fromWho="0" sc="250,-77,240,97,250,0,240,0" /><INIT seed="1,0,0,3,0,75" ten="173,337,250,240" oya="1" hai0="118,78,25,57,49,46,10,82,113,72,60,31,70" hai1="14,134,135,54,29,2,110,28,44,95,26,66,43" hai2="9,65,111,32,109,89,100,101,42,93,18,105,80" hai3="1,96,124,114,5,50,130,19,34,45,74,84,102"/><U58/><E2/><V132/><F32/><W13/><G74/><T99/><D113/><U4/><E66/><V81/><F65/><W103/><G114/><T79/><D118/><U51/><E110/><N who="2" m="41995" /><F42/><W68/><G34/><T94/><D70/><U61/><E95/><V133/><F18/><W73/><G73/><T90/><D10/><N who="1" m="4423" /><E26/><V129/><F9/><W52/><G68/><T35/><D82/><N who="2" m="31850" /><F129/><W91/><G1/><T6/><D6/><U83/><E83/><V112/><F112/><W56/><G5/><T11/><D11/><U117/><E117/><V69/><F69/><W22/><G130/><T97/><D97/><U20/><E20/><V37/><F37/><W63/><G96/><T23/><D72/><U33/><E33/><V120/><F120/><W38/><G38/><T12/><D12/><U122/><E122/><V71/><F71/><W21/><G21/><T53/><REACH who="0" step="1"/><D35/><REACH who="0" ten="163,337,250,240" step="2"/><U98/><E135/><N who="2" m="51787" /><F105/><W3/><G3/><T121/><D121/><U8/><E134/><V88/><F93/><W59/><G13/><T7/><D7/><U127/><E8/><V30/><F30/><W15/><G15/><T47/><D47/><U85/><E28/><V87/><F87/><W55/><G45/><T104/><D104/><U123/><E29/><V39/><F39/><W108/><G108/><T62/><D62/><U107/><E85/><V115/><F115/><W24/><G84/><T48/><D48/><U119/><E123/><V126/><F126/><W116/><G124/><T131/><D131/><U41/><E127/><V36/><F36/><W76/><G63/><RYUUKYOKU ba="0,1" sc="163,15,337,-15,250,15,240,-15" hai0="23,25,31,46,49,53,57,60,78,79,90,94,99" hai2="88,89,100,101" /><INIT seed="2,1,1,3,4,16" ten="178,322,265,225" oya="2" hai0="49,71,107,40,111,86,33,132,18,60,64,82,75" hai1="99,74,124,62,121,14,15,20,134,69,55,105,100" hai2="93,9,41,2,12,25,92,120,131,85,101,133,87" hai3="104,79,96,117,13,81,8,6,113,129,38,30,127"/><V61/><F120/><W45/><G117/><T80/><D111/><U91/><E74/><V3/><F41/><W39/><G129/><T65/><D132/><U51/><E124/><V106/><F131/><W78/><G127/><T128/><D128/><U54/><E134/><V23/><F106/><W32/><G113/><T34/><D107/><U98/><E121/><V29/><F133/><W97/><G78/><T109/><D109/><U52/><E51/><V88/><F61/><W103/><G96/><T56/><D65/><U95/><REACH who="1" step="1"/><E20/><REACH who="1" ten="178,312,265,225" step="2"/><V67/><F67/><AGARI ba="1,2" hai="14,15,52,54,55,62,67,69,91,95,98,99,100,105" machi="67" ten="40,5200,0" yaku="1,1,2,1,54,1,53,0" doraHai="16" doraHaiUra="72" who="1" fromWho="2" sc="178,0,312,75,265,-55,225,0" /><INIT seed="3,0,0,2,0,74" ten="178,387,210,225" oya="3" hai0="101,86,49,14,24,123,70,56,109,125,62,89,119" hai1="80,26,45,102,37,90,111,130,117,39,21,13,18" hai2="8,100,135,96,78,68,9,103,110,112,23,88,134" hai3="42,2,25,20,48,36,71,65,60,98,46,66,67"/><W34/><G2/><T128/><D119/><U35/><E111/><V41/><F112/><W7/><G34/><T5/><D123/><U93/><E130/><V28/><F68/><W17/><G7/><T92/><D109/><U50/><E117/><V94/><F110/><W19/><G19/><T132/><D128/><U76/><E102/><V105/><F41/><W115/><G115/><T91/><D125/><U122/><E35/><V129/><F129/><W27/><G27/><T120/><D120/><U47/><E47/><V69/><F69/><W81/><G36/><T63/><D132/><N who="2" m="50730" /><F78/><W77/><REACH who="3" step="1"/><G98/><REACH who="3" ten="178,387,210,215" step="2"/><N who="0" m="59591" /><D24/><U22/><E18/><V0/><F0/><W75/><AGARI ba="0,1" hai="17,20,25,42,46,48,60,65,66,67,71,75,77,81" machi="75" ten="20,7800,0" yaku="1,1,0,1,7,1,52,1,53,0" doraHai="74" doraHaiUra="95" who="3" fromWho="3" sc="178,-26,387,-26,210,-26,215,88" /><INIT seed="3,1,0,1,0,42" ten="152,361,184,303" oya="3" hai0="95,39,80,57,1,111,50,127,8,119,44,24,28" hai1="15,100,98,29,71,48,112,25,92,85,129,64,87" hai2="67,135,126,16,109,81,38,66,31,70,90,5,99" hai3="128,3,108,73,117,22,17,131,51,124,32,55,27"/><W34/><G73/><T53/><D119/><U41/><E112/><V54/><F38/><W59/><G117/><T78/><D111/><U97/><E129/><N who="3" m="49738" /><G3/><T105/><D105/><U12/><E71/><V69/><F109/><W65/><G108/><T36/><D127/><U13/><E64/><V30/><F126/><W18/><G124/><T11/><D95/><U0/><E0/><V104/><F5/><W96/><G65/><T26/><D26/><U121/><E121/><V45/><F67/><W116/><G116/><T122/><D122/><U10/><E97/><V2/><F2/><W77/><G77/><T120/><D120/><U40/><E10/><V118/><F118/><W75/><G75/><T46/><D39/><U35/><E40/><V49/><F66/><W94/><G18/><T58/><D58/><U114/><E114/><V62/><F69/><W113/><G113/><T19/><D19/><U132/><E132/><V130/><F135/><W4/><G4/><T14/><D14/><U6/><E6/><V37/><F16/><W134/><G134/><T52/><D53/><U89/><E100/><AGARI ba="1,0" hai="17,22,27,32,34,51,55,59,94,96,100" m="49738" machi="100" ten="30,1500,0" yaku="19,1" doraHai="42" who="3" fromWho="1" sc="152,0,361,-18,184,0,303,18" /><INIT seed="3,2,0,3,4,5" ten="152,343,184,321" oya="3" hai0="78,32,114,41,132,38,118,65,82,47,54,21,111" hai1="31,48,101,81,124,33,67,89,104,131,122,68,107" hai2="64,71,51,12,28,86,116,20,91,128,49,69,76" hai3="37,7,23,2,109,35,34,55,45,105,125,0,13"/><W46/><G105/><T73/><D118/><U72/><E48/><V103/><F116/><W16/><G125/><T108/><D32/><U75/><E67/><V120/><F120/><W102/><G102/><T1/><D132/><U43/><E43/><V112/><F103/><W53/><G109/><N who="0" m="42059" /><D114/><U79/><E31/><V10/><F128/><W134/><G134/><T15/><D65/><U6/><E6/><V27/><F76/><W3/><G7/><T26/><D15/><U100/><E68/><V19/><F112/><W56/><G53/><T94/><D94/><U92/><E33/><V40/><F64/><W133/><G46/><T74/><D1/><U30/><E30/><V97/><F97/><W42/><REACH who="3" step="1"/><G133/><REACH who="3" ten="152,343,184,311" step="2"/><T85/><D54/><U63/><E124/><V14/><F71/><W58/><G58/><T87/><D74/><U8/><E75/><V80/><F69/><W117/><G117/><T44/><D44/><U121/><E104/><V62/><F40/><W115/><G115/><T9/><D47/><U99/><E107/><V39/><F62/><AGARI ba="2,1" hai="0,2,3,13,16,23,34,35,37,42,45,55,56,62" machi="62" ten="40,3900,0" yaku="1,1,54,1,53,0" doraHai="5" doraHaiUra="24" who="3" fromWho="2" sc="152,0,343,0,184,-45,311,55" /><INIT seed="3,3,0,3,3,33" ten="152,343,139,366" oya="3" hai0="120,73,101,62,47,3,111,15,68,35,92,66,100" hai1="72,10,65,53,7,20,48,112,96,30,0,107,104" hai2="127,4,51,71,23,1,114,43,81,36,70,86,99" hai3="31,126,67,8,129,97,110,39,84,109,79,22,130"/><W103/><G39/><T74/><D35/><U135/><E112/><V93/><F114/><W83/><G67/><T90/><D120/><U134/><E72/><V57/><F36/><W89/><G31/><T82/><D111/><N who="3" m="42505" /><G22/><T88/><D15/><U121/><E121/><V50/><F127/><W91/><G8/><T108/><D108/><U118/><E96/><V85/><F23/><W12/><G12/><T25/><D25/><N who="1" m="16679" /><E118/><V6/><F57/><W133/><G133/><N who="1" m="50698" /><E65/><V34/><F34/><W41/><G41/><T49/><D90/><N who="3" m="34313" /><G126/><T63/><D63/><U44/><AGARI ba="3,0" hai="0,7,10,44,48,53,104,107" m="50698,16679" machi="44" ten="30,2000,0" yaku="20,1,52,1" doraHai="33" who="1" fromWho="1" sc="152,-8,343,29,139,-8,366,-13" /><INIT seed="4,0,0,5,3,62" ten="144,372,131,353" oya="0" hai0="63,82,3,6,45,128,116,23,90,78,55,25,33" hai1="103,123,125,72,36,64,66,43,61,29,12,84,30" hai2="8,34,96,85,109,95,4,17,31,115,49,71,129" hai3="14,67,79,108,111,42,13,15,94,54,99,112,51"/><T88/><D116/><U101/><E72/><V102/><F109/><W89/><G112/><T28/><D128/><U114/><E123/><V32/><F115/><W134/><G134/><T35/><D35/><U80/><E114/><V107/><F71/><W110/><G79/><T1/><D23/><U76/><E125/><V11/><F129/><W127/><G127/><T119/><D119/><U105/><E105/><V39/><F39/><W65/><REACH who="3" step="1"/><G42/><REACH who="3" ten="144,372,131,343" step="2"/><T122/><D122/><U22/><E43/><V53/><F34/><W68/><G68/><T91/><D3/><U92/><E36/><V87/><F32/><W93/><G93/><T7/><D1/><U19/><E92/><V58/><F107/><W20/><G20/><T130/><D130/><U59/><E66/><V73/><F95/><W104/><G104/><T2/><D2/><U50/><E50/><V46/><F49/><W118/><G118/><T126/><D126/><U98/><E98/><V37/><F96/><W9/><G9/><T60/><D60/><U135/><E135/><V56/><F11/><W40/><G40/><T97/><D97/><U77/><E76/><V52/><F37/><W132/><G132/><T18/><D63/><U24/><REACH who="1" step="1"/><E29/><REACH who="1" ten="144,362,131,343" step="2"/><V27/><F31/><W131/><G131/><T70/><D78/><U74/><E74/><V113/><F73/><W83/><G83/><T47/><D82/><U117/><E117/><V41/><F113/><W120/><G120/><T16/><D91/><U44/><E44/><AGARI ba="0,2" hai="13,14,15,44,51,54,65,67,89,94,99,108,110,111" machi="44" ten="50,6400,0" yaku="1,1,52,2,53,0" doraHai="62" doraHaiUra="0" who="3" fromWho="1" sc="144,0,362,-64,131,0,343,84" /><INIT seed="5,0,0,5,2,17" ten="144,298,131,427" oya="1" hai0="109,51,48,3,47,107,100,70,59,54,49,58,66" hai1="101,87,113,73,122,63,117,14,34,45,53,134,129" hai2="75,90,118,30,72,23,127,85,18,11,110,115,41" hai3="32,96,62,27,31,79,99,71,1,119,39,5,38"/><U43/><E73/><V128/><F118/><W4/><G119/><T65/><D3/><U88/><E117/><V10/><F110/><W25/><G79/><T124/><D107/><U61/><E122/><V69/><F69/><W103/><G27/><T104/><D104/><U97/><E34/><V60/><F127/><W83/><G83/><T93/><D109/><U98/><E113/><V68/><F115/><W125/><G99/><T40/><D93/><U74/><E74/><V33/><F41/><W20/><G125/><T24/><D24/><U8/><E134/><V112/><F128/><W36/><G1/><T78/><D78/><U15/><E43/><V44/><F44/><W131/><G131/><T21/><D21/><U126/><E129/><V116/><F116/><W111/><G111/><T76/><D100/><U86/><E86/><V121/><F121/><W50/><G50/><N who="0" m="26983" /><D76/><U37/><E37/><V80/><F72/><W35/><G35/><T133/><D133/><U19/><E15/><V95/><F33/><W2/><G2/><T57/><D124/><U7/><E126/><V64/><F112/><W55/><G32/><T56/><D70/><U102/><E102/><V77/><REACH who="2" step="1"/><F30/><REACH who="2" ten="144,298,121,427" step="2"/><W52/><G71/><T82/><D59/><U42/><E45/><V92/><F92/><W114/><G114/><T89/><D54/><U120/><E120/><V105/><F105/><N who="3" m="63719" /><G55/><T130/><D130/><U16/><E53/><V91/><F91/><W84/><G52/><T132/><D132/><U22/><E88/><V81/><F81/><W26/><G39/><T67/><D82/><RYUUKYOKU ba="0,1" sc="144,15,298,-15,121,15,427,-15" hai0="48,49,51,56,57,58,65,66,67,89" hai2="10,11,18,23,60,64,68,75,77,80,85,90,95" /><INIT seed="6,1,1,2,0,73" ten="159,283,136,412" oya="2" hai0="72,133,86,99,41,92,105,0,45,21,62,23,47" hai1="64,79,44,103,106,100,101,12,46,6,128,53,1" hai2="3,110,90,56,132,26,50,95,87,10,38,88,131" hai3="61,66,80,34,27,24,109,93,112,116,104,123,85"/><V5/><F131/><W11/><G104/><T115/><D72/><U96/><E1/><V77/><F132/><W119/><G109/><T83/><D0/><U32/><E32/><V19/><F110/><W65/><G123/><T59/><D105/><U134/><E64/><V49/><F38/><W48/><G112/><T22/><D133/><U108/><E108/><V17/><BYE who="1" /><F77/><W37/><G37/><T42/><D115/><U94/><E94/><V51/><F26/><W15/><G34/><T122/><D122/><U127/><E127/><V70/><F70/><W118/><G48/><T25/><D25/><U13/><E13/><V135/><F135/><W68/><G93/><T102/><D41/><U117/><E117/><V40/><F40/><W98/><G98/><T39/><D47/><U125/><E125/><V69/><F69/><W52/><G52/><T43/><D43/><U57/><E57/><V78/><F78/><W14/><G66/><T81/><REACH who="0" step="1"/><D86/><REACH who="0" ten="149,283,136,412" step="2"/><U113/><E113/><V130/><F130/><W7/><G14/><T63/><D63/><U18/><E18/><N who="2" m="6667" /><F56/><W91/><AGARI ba="1,2" hai="7,11,15,24,27,61,65,68,80,85,91,116,118,119" machi="91" ten="30,1100,0" yaku="0,1" doraHai="73" who="3" fromWho="3" sc="149,-4,283,-4,136,-6,412,34" /><INIT seed="7,0,0,2,1,72" ten="145,279,130,446" oya="3" hai0="5,10,16,64,2,14,114,30,80,132,39,45,109" hai1="101,96,46,105,102,42,51,68,75,86,26,104,6" hai2="77,90,76,67,56,91,128,110,32,126,108,31,100" hai3="36,59,130,97,81,22,53,8,92,47,29,133,124"/><W61/><G124/><T127/><D109/><U65/><E65/><V7/><F126/><W98/><G130/><T94/><D127/><U117/><E117/><V70/><F7/><W106/><G106/><T69/><D132/><U23/><E23/><V82/><F100/><W33/><G33/><T88/><D114/><U19/><E19/><V48/><F70/><W63/><G133/><T60/><D30/><U13/><E13/><V74/><F128/><W49/><G36/><T4/><D80/><U57/><E57/><V62/><F77/><W1/><G1/><T73/><D73/><U44/><E44/><V134/><F134/><W129/><G129/><T103/><D103/><U93/><E93/><V27/><REACH who="2" step="1"/><F48/><REACH who="2" ten="145,279,120,446" step="2"/><W120/><G49/><T107/><D107/><U78/><E78/><V50/><F50/><W21/><G63/><T131/><D131/><U3/><E3/><V113/><F113/><W24/><G61/><T66/><D66/><U11/><E11/><V71/><F71/><W111/><G8/><T84/><D2/><U58/><E58/><V9/><F9/><W85/><G59/><T55/><D39/><U28/><E28/><V115/><F115/><W38/><G29/><T112/><D112/><U89/><E89/><AGARI ba="0,1" hai="27,31,32,56,62,67,74,76,82,89,90,91,108,110" machi="89" ten="40,8000,1" yaku="1,1,52,1,53,3" doraHai="72" doraHaiUra="87" who="2" fromWho="1" sc="145,0,279,-80,120,90,446,0" owari="145,-35.0,199,-20.0,210,1.0,446,54.0" /></mjloggm>