<mjloggm ver="2.3"><GO type="169" lobby="0"/><UN n0="%E3%82%A6%E3%83%AB%E3%83%88%E3%83%A9%E7%AB%8B%E7%9B%B4" n1="%64%6F%6F%6F%6F%77%79" n2="%55%4D" n3="%E3%81%8D%E3%81%97%E3%82%8A%E3%81%A3%E3%81%97%E3%82%85" dan="18,16,17,16" rate="2167.67,2108.22,2158.39,2093.71" sx="M,M,M,M"/><TAIKYOKU oya="0"/><INIT seed="0,0,0,4,3,9" ten="250,250,250,250" oya="0" hai0="33,110,31,1,67,21,65,97,119,10,27,87,53" hai1="132,7,111,106,66,0,26,122,117,34,45,116,88" hai2="8,102,69,52,74,3,4,92,56,123,120,25,109" hai3="133,48,5,135,20,42,108,101,93,128,15,62,22"/><T113/><D113/><U40/><E106/><V98/><F69/><W84/><G128/><T64/><D119/><U30/><E122/><V12/><F74/><W51/><G108/><T54/><D110/><U46/><E111/><V38/><F38/><W76/><G62/><T112/><D112/><U89/><E66/><V82/><F109/><W125/><G125/><T114/><D114/><U28/><E132/><V104/><F82/><W23/><G101/><T37/><D37/><U59/><E59/><V83/><F83/><N who="3" m="47207" /><G93/><T63/><D87/><U35/><E7/><V60/><F25/><W11/><G51/><T134/><D134/><U131/><E26/><V78/><F78/><W105/><G105/><T118/><D118/><U124/><E40/><V43/><F43/><W58/><G58/><T81/><D81/><U68/><E68/><V115/><F115/><W99/><G99/><T86/><D86/><U57/><E57/><V55/><F104/><W16/><G16/><T61/><D97/><U49/><E49/><V14/><REACH who="2" step="1"/><F55/><REACH who="2" ten="250,250,240,250" step="2"/><W44/><AGARI ba="0,1" hai="5,11,15,20,22,23,42,44,48,133,135" m="47207" machi="44" ten="30,2000,0" yaku="25,1,52,1" doraHai="9" who="3" fromWho="3" sc="250,-10,250,-5,240,-5,250,30" /><INIT seed="1,0,0,2,2,109" ten="240,245,235,280" oya="1" hai0="127,32,11,75,21,124,67,80,9,16,69,91,133" hai1="36,118,94,10,126,68,88,84,85,114,102,64,51" hai2="89,33,96,113,63,120,74,7,43,108,121,28,23" hai3="48,38,20,112,42,107,65,122,101,129,49,52,99"/><U130/><E36/><V77/><F33/><W35/><G122/><T115/><D32/><U123/><E123/><V5/><F108/><W73/><G35/><T15/><D67/><U34/><E34/><V27/><F43/><W60/><G73/><T103/><D69/><U44/><E118/><V47/><F47/><W90/><G90/><T116/><D103/><U79/><E102/><V119/><F119/><W14/><G129/><T57/><D57/><U134/><E130/><V66/><F77/><W41/><G48/><T98/><D116/><U106/><E106/><V83/><F74/><W111/><G111/><T6/><D133/><U17/><E134/><V30/><F30/><W39/><G38/><T22/><D115/><U110/><E114/><V70/><F113/><W76/><G39/><T100/><D91/><U104/><E104/><V61/><F61/><W19/><G76/><T55/><D55/><N who="1" m="30183" /><E68/><V135/><F135/><W13/><G13/><T54/><D54/><U92/><E110/><V26/><F26/><W56/><REACH who="3" step="1"/><G112/><REACH who="3" ten="240,245,235,270" step="2"/><T81/><D75/><U8/><E79/><V25/><F121/><W12/><G12/><T46/><D15/><N who="1" m="7399" /><E126/><V3/><F120/><W97/><G97/><T117/><D98/><U78/><E78/><V31/><F96/><W40/><G40/><T53/><D124/><U128/><E128/><V125/><F125/><W58/><AGARI ba="0,1" hai="14,19,20,41,42,49,52,56,58,60,65,99,101,107" machi="58" ten="20,8000,1" yaku="1,1,0,1,7,1,54,1,53,1" doraHai="109" doraHaiUra="45" who="3" fromWho="3" sc="240,-20,245,-40,235,-20,270,90" /><INIT seed="2,0,0,2,1,19" ten="220,205,215,360" oya="2" hai0="111,109,7,83,80,54,48,67,12,73,2,99,110" hai1="112,35,60,104,40,5,88,38,97,57,56,36,116" hai2="131,100,45,42,4,101,29,98,82,135,43,18,123" hai3="65,68,20,114,91,124,52,119,96,79,3,120,87"/><V1/><F123/><W72/><G3/><T106/><D2/><U16/><E35/><V41/><F135/><W129/><G68/><T51/><D67/><U10/><E112/><V103/><F131/><W70/><G70/><T75/><D99/><U0/><E116/><V24/><F18/><W115/><G72/><N who="0" m="27723" /><D106/><U85/><E40/><V121/><F121/><W62/><G119/><T9/><D51/><U134/><E134/><V133/><F133/><W69/><G124/><T15/><D15/><U130/><E130/><V25/><F82/><W90/><G129/><T71/><D71/><U66/><E57/><AGARI ba="0,0" hai="7,9,12,48,54,57,80,83,109,110,111" m="27723" machi="57" ten="40,1300,0" yaku="14,1" doraHai="19" who="0" fromWho="1" sc="220,13,205,-13,215,0,360,0" /><INIT seed="3,0,0,3,0,81" ten="233,192,215,360" oya="3" hai0="60,123,84,128,15,22,39,12,115,66,26,2,52" hai1="80,61,106,94,3,68,21,59,100,54,32,24,69" hai2="42,9,35,37,19,119,50,107,64,34,17,41,40" hai3="49,95,104,98,53,28,114,1,126,125,48,116,101"/><W121/><G116/><T55/><D39/><U82/><E32/><V62/><F119/><W31/><G121/><T109/><D2/><U6/><E106/><V134/><F37/><W78/><G114/><T36/><D36/><U91/><E100/><V13/><F107/><W108/><G1/><T88/><D123/><U111/><E111/><V72/><F72/><W85/><G108/><T86/><D109/><U97/><E6/><V30/><F134/><W124/><G49/><T5/><D128/><U51/><E3/><V76/><F76/><W70/><G70/><T122/><D122/><U127/><E127/><V14/><F30/><W25/><G25/><T57/><D115/><U132/><E132/><V120/><F50/><W23/><G23/><T11/><D15/><U33/><E33/><V129/><F129/><W65/><G65/><T105/><D105/><U44/><E69/><V77/><F77/><W79/><G79/><T99/><D99/><U58/><E68/><V38/><F38/><W117/><G117/><T73/><D73/><U45/><E59/><V89/><F89/><N who="3" m="53679" /><G78/><T10/><D10/><U118/><E118/><V7/><F120/><W4/><G4/><T74/><D74/><U102/><E102/><V20/><F7/><W93/><G104/><T90/><D90/><U113/><E113/><V83/><F34/><W112/><G112/><T47/><D47/><AGARI ba="0,0" hai="28,31,47,48,53,93,98,101,124,125,126" m="53679" machi="47" ten="30,2900,0" yaku="18,1,52,1" doraHai="81" who="3" fromWho="0" sc="233,-29,192,0,215,0,360,29" /><INIT seed="3,1,0,4,1,38" ten="204,192,215,389" oya="3" hai0="120,134,88,69,15,79,94,103,65,13,78,128,24" hai1="14,37,6,126,91,133,85,90,96,81,58,62,75" hai2="21,99,50,122,100,115,25,109,40,0,43,57,20" hai3="76,55,16,98,48,110,92,72,53,106,77,19,124"/><W7/><G106/><T59/><D69/><U29/><E75/><V46/><F0/><W105/><G105/><T97/><D120/><U87/><E29/><V12/><F109/><W93/><G7/><T129/><D134/><U111/><E111/><V36/><F115/><W17/><G110/><T52/><D65/><U1/><E1/><V23/><F122/><W89/><G124/><T84/><D24/><U131/><E37/><V39/><F25/><W51/><G72/><T114/><D114/><U80/><E133/><V9/><F57/><N who="3" m="32935" /><G93/><T44/><D44/><AGARI ba="1,0" hai="16,17,19,44,51,55,76,77,89,92,98" m="32935" machi="44" ten="30,2900,0" yaku="8,1,54,1" doraHai="38" who="3" fromWho="0" sc="204,-32,192,0,215,0,389,32" /><INIT seed="3,2,0,5,5,125" ten="172,192,215,421" oya="3" hai0="17,99,9,15,56,79,0,6,111,12,96,132,123" hai1="106,69,113,48,3,42,108,46,41,53,8,88,120" hai2="66,67,49,73,80,91,82,11,102,98,86,72,18" hai3="62,58,13,131,31,35,26,60,28,24,57,112,38"/><W54/><G112/><T59/><D123/><U81/><E106/><V128/><F128/><W61/><G38/><T36/><D111/><U97/><E69/><V64/><F82/><W83/><G83/><T115/><D132/><U100/><E113/><V109/><F109/><W40/><G40/><T29/><D36/><U130/><E130/><V39/><F39/><W16/><G131/><T135/><D135/><U10/><E108/><V71/><F71/><W1/><G1/><T44/><D0/><U65/><E65/><V85/><F85/><W2/><G2/><T77/><D29/><U122/><E122/><V5/><F18/><W104/><G104/><T121/><D44/><U47/><E120/><V20/><F20/><W70/><G70/><T127/><D121/><U133/><E133/><V90/><F90/><W33/><REACH who="3" step="1"/><G58/><REACH who="3" ten="172,192,215,411" step="2"/><N who="0" m="22059" /><D115/><U50/><E41/><V55/><F80/><W126/><G126/><T76/><D127/><U4/><E81/><V68/><F68/><W63/><G63/><T92/><D92/><N who="1" m="56455" /><E3/><V103/><F72/><W105/><G105/><T45/><D45/><U30/><E47/><V51/><F73/><W22/><AGARI ba="2,1" hai="13,16,22,24,26,28,31,33,35,54,57,60,61,62" machi="22" ten="20,12000,1" yaku="1,1,0,1,7,1,9,1,54,1,53,0" doraHai="125" doraHaiUra="107" who="3" fromWho="3" sc="172,-42,192,-42,215,-42,411,136" /><INIT seed="3,3,0,2,3,77" ten="130,150,173,547" oya="3" hai0="96,130,22,23,83,111,110,53,97,54,88,81,123" hai1="44,52,93,45,16,6,117,49,69,115,84,65,99" hai2="12,76,32,35,133,122,135,86,125,87,18,106,79" hai3="129,0,105,100,11,29,13,60,37,25,61,70,124"/><W90/><G37/><T41/><D41/><U51/><E115/><V4/><F106/><W104/><G0/><T92/><D130/><U40/><E6/><V24/><F125/><W55/><G124/><T116/><D116/><U103/><E117/><V108/><F108/><N who="0" m="41514" /><D97/><U28/><E28/><V1/><F122/><W48/><G129/><T15/><D123/><U120/><E120/><V89/><F4/><W114/><G114/><T5/><D23/><U91/><E69/><V127/><F1/><W63/><G70/><T47/><D53/><U64/><REACH who="1" step="1"/><E16/><REACH who="1" ten="130,140,173,547" step="2"/><V113/><F127/><W34/><G29/><T19/><D5/><U85/><E85/><V7/><F7/><W95/><G25/><T78/><D78/><U131/><E131/><V26/><F113/><W80/><G34/><T17/><D17/><U68/><E68/><V43/><F86/><W20/><G20/><T75/><D75/><U98/><E98/><V101/><F76/><W56/><G11/><T36/><D36/><U30/><E30/><V134/><F79/><W94/><G13/><T38/><D38/><U2/><E2/><V57/><F12/><W67/><G67/><T112/><D112/><U71/><E71/><V27/><F18/><W72/><G72/><T102/><D102/><U62/><E62/><V107/><F101/><W42/><G100/><T59/><D47/><U119/><E119/><V128/><F128/><W39/><G39/><T3/><D3/><U118/><E118/><V126/><F126/><W82/><G60/><AGARI ba="3,1" hai="15,19,22,54,59,60,81,83,88,92,96" m="41514" machi="60" ten="30,7700,0" yaku="14,1,52,2,54,1" doraHai="77" who="0" fromWho="3" sc="130,96,140,0,173,0,547,-86" /><INIT seed="4,0,0,3,1,130" ten="226,140,173,461" oya="0" hai0="57,95,16,24,92,23,110,31,72,86,44,21,14" hai1="100,34,135,62,53,79,99,48,30,84,39,9,91" hai2="81,115,40,107,120,87,56,125,94,108,29,113,63" hai3="96,32,71,51,114,50,112,93,80,134,54,104,121"/><T0/><D72/><U7/><E39/><V65/><F107/><W105/><G32/><T3/><D110/><U78/><E62/><V18/><F108/><W102/><G121/><T119/><D119/><U10/><E30/><V13/><F120/><W73/><G71/><T118/><D118/><U128/><E34/><V132/><F125/><W35/><G35/><T8/><D44/><U66/><E66/><V55/><F40/><W38/><G38/><T15/><D57/><U69/><E69/><V17/><F29/><W52/><G51/><T68/><D68/><U42/><E42/><V45/><F94/><W75/><G54/><T2/><REACH who="0" step="1"/><D86/><REACH who="0" ten="216,140,173,461" step="2"/><U76/><E84/><V127/><F45/><W19/><G75/><T4/><AGARI ba="0,1" hai="0,2,3,4,8,14,15,16,21,23,24,31,92,95" machi="4" ten="30,12000,1" yaku="1,1,2,1,0,1,54,1,53,1" doraHai="130" doraHaiUra="6" who="0" fromWho="0" sc="216,130,140,-40,173,-40,461,-40" /><INIT seed="4,1,0,3,4,40" ten="346,100,133,421" oya="0" hai0="55,10,13,103,85,63,71,126,3,112,66,11,41" hai1="12,16,74,34,14,57,33,84,70,60,113,119,95" hai2="19,109,47,49,123,42,80,72,94,106,125,89,82" hai3="1,4,22,134,86,124,81,73,9,15,105,54,32"/><T100/><D126/><U27/><E74/><V133/><F106/><W44/><G32/><T107/><D112/><U64/><E113/><V91/><F123/><W39/><G124/><T23/><D41/><U30/><E119/><V77/><F109/><W7/><G105/><T76/><D107/><U90/><E34/><V118/><F125/><W108/><G108/><T121/><D121/><U56/><REACH who="1" step="1"/><E12/><REACH who="1" ten="346,90,133,421" step="2"/><V132/><F118/><W25/><G73/><T6/><D13/><U97/><E97/><V2/><F2/><W79/><G15/><T101/><D11/><AGARI ba="1,1" hai="11,14,16,27,30,33,56,57,60,64,70,84,90,95" machi="11" ten="30,3900,0" yaku="1,1,7,1,54,1,53,0" doraHai="40" doraHaiUra="102" who="1" fromWho="0" sc="346,-42,90,52,133,0,421,0" /><INIT seed="5,0,0,2,5,65" ten="304,142,133,421" oya="1" hai0="124,114,46,130,86,28,11,105,33,94,40,7,62" hai1="132,37,36,10,89,122,93,119,91,22,95,4,128" hai2="72,13,126,66,35,61,51,121,53,17,59,24,57" hai3="56,54,21,12,103,25,90,18,120,64,31,80,69"/><U87/><E119/><V117/><F72/><W19/><G120/><T78/><D105/><U106/><E106/><V70/><F121/><W85/><G103/><T49/><D114/><U71/><E122/><V76/><F76/><W101/><G101/><T34/><D124/><U55/><E71/><V118/><F126/><W48/><G69/><T8/><D28/><U107/><E107/><V0/><F0/><W29/><G64/><T47/><D11/><AGARI ba="0,0" hai="11,12,18,19,21,25,29,31,48,54,56,80,85,90" machi="11" ten="30,2000,0" yaku="7,1,8,1" doraHai="65" who="3" fromWho="0" sc="304,-20,142,0,133,0,421,20" /><INIT seed="6,0,0,5,3,134" ten="284,142,133,441" oya="2" hai0="71,106,32,50,89,13,133,135,41,91,17,21,6" hai1="33,104,118,46,112,38,45,36,96,2,10,35,60" hai2="85,1,57,74,49,52,84,24,27,14,18,62,120" hai3="100,111,23,90,61,119,110,126,69,122,15,55,79"/><V68/><F1/><W105/><G79/><T44/><D71/><U7/><E118/><V5/><F74/><W94/><G119/><T131/><D106/><U8/><E112/><V78/><F120/><W108/><G55/><T54/><D32/><U82/><E60/><V64/><F5/><W92/><G122/><T73/><D73/><U93/><E104/><V87/><REACH who="2" step="1"/><F78/><REACH who="2" ten="284,142,123,441" step="2"/><W77/><G77/><T65/><D6/><U99/><E7/><V3/><F3/><W51/><G110/><T109/><D109/><U56/><E2/><V70/><F70/><W75/><G108/><T123/><D123/><U42/><E56/><V40/><F40/><W128/><G111/><T48/><D133/><U81/><E93/><V0/><F0/><W25/><G94/><T101/><D41/><AGARI ba="0,1" hai="8,10,33,35,36,38,41,42,45,46,81,82,96,99" machi="41" ten="25,1600,0" yaku="22,2" doraHai="134" who="1" fromWho="0" sc="284,-16,142,26,123,0,441,0" /><INIT seed="7,0,0,3,2,87" ten="268,168,123,441" oya="3" hai0="84,59,99,29,64,107,63,86,5,105,13,106,69" hai1="9,116,75,10,37,35,121,27,125,71,28,114,118" hai2="124,50,112,23,80,119,131,44,126,74,135,83,40" hai3="54,111,60,21,32,128,113,55,77,103,133,90,101"/><W47/><G32/><T24/><D59/><U45/><E75/><V78/><F119/><N who="1" m="45609" /><E71/><V51/><F112/><W7/><G77/><T14/><D14/><U88/><E114/><V26/><F135/><W68/><G103/><T36/><D36/><U33/><E33/><V25/><F131/><W134/><G101/><N who="0" m="62655" /><D84/><U6/><E121/><V61/><F61/><W72/><G55/><T122/><D86/><U43/><E125/><V100/><F100/><W1/><G54/><T93/><D93/><U42/><E42/><V96/><F96/><W19/><G7/><T81/><D81/><U15/><E88/><V38/><F83/><W67/><G60/><T108/><D108/><U123/><E123/><V3/><F3/><W34/><G67/><T109/><D109/><U58/><E58/><V20/><F26/><W132/><G34/><N who="0" m="20775" /><D122/><U91/><E91/><V95/><F95/><W98/><G68/><T11/><AGARI ba="0,0" hai="5,11,13,63,64,69,106,107" m="20775,62655" machi="11" ten="30,1100,0" yaku="25,1" doraHai="87" who="0" fromWho="0" sc="268,11,168,-3,123,-3,441,-5" owari="279,8.0,165,-23.0,120,-38.0,436,53.0" /></mjloggm>