<mjloggm ver="2.3"><GO type="169" lobby="0"/><UN n0="%E5%B0%B1%E6%B4%BB%E7%94%9F%40%E5%B7%9D%E6%9D%91%E8%BB%8D%E5%9B%A3" n1="%E6%98%9F%E9%99%8D%E3%82%8B%E8%A1%97" n2="%67%6F%75%73%69" n3="%E3%81%84%E3%81%97%E3%82%82%E3%82%8A" dan="17,18,17,16" rate="2180.91,2144.30,2141.66,2070.11" sx="M,F,M,M"/><TAIKYOKU oya="0"/><INIT seed="0,0,0,4,5,76" ten="250,250,250,250" oya="0" hai0="92,4,71,20,107,122,45,46,112,85,62,88,34" hai1="13,103,82,63,98,128,30,31,117,93,11,55,9" hai2="118,131,109,28,21,35,54,111,5,74,115,81,110" hai3="120,32,100,14,125,51,58,96,61,90,24,132,95"/><T8/><D122/><U56/><E117/><V69/><F115/><W41/><G125/><T44/><D34/><U10/><E128/><V22/><F118/><W72/><G132/><T50/><D112/><U48/><E13/><V129/><F69/><W99/><G72/><T66/><D107/><U2/><E2/><V94/><F5/><W43/><G120/><T23/><REACH who="0" step="1"/><D50/><REACH who="0" ten="240,250,250,250" step="2"/><U101/><E101/><V108/><F108/><W40/><G51/><T78/><D78/><U1/><E1/><AGARI ba="0,1" hai="1,4,8,20,23,44,45,46,62,66,71,85,88,92" machi="1" ten="40,7700,0" yaku="1,1,54,1,53,1" doraHai="76" doraHaiUra="57" who="0" fromWho="1" sc="240,87,250,-77,250,0,250,0" /><INIT seed="0,1,0,2,2,97" ten="327,173,250,250" oya="0" hai0="117,56,104,118,99,132,105,9,101,28,57,48,8" hai1="84,39,75,1,113,64,51,26,30,63,23,123,96" hai2="102,134,126,55,74,65,83,82,98,5,21,7,66" hai3="46,130,119,124,40,17,45,24,81,31,61,16,20"/><T87/><D132/><U62/><E75/><V6/><F134/><W33/><G119/><T44/><D28/><U86/><E39/><V58/><F126/><W79/><G124/><T114/><D114/><U95/><E1/><V107/><F21/><W2/><G130/><T100/><D87/><U59/><E123/><V69/><F69/><W120/><G2/><T38/><D38/><U111/><E111/><V77/><REACH who="2" step="1"/><F82/><REACH who="2" ten="327,173,240,250" step="2"/><W94/><G81/><T35/><D35/><U116/><E116/><V49/><AGARI ba="1,1" hai="5,6,7,49,55,58,65,66,74,77,83,98,102,107" machi="49" ten="30,7900,0" yaku="1,1,2,1,0,1,52,1,53,0" doraHai="97" doraHaiUra="68" who="2" fromWho="2" sc="327,-40,173,-21,240,92,250,-21" /><INIT seed="1,0,0,2,2,17" ten="287,152,332,229" oya="1" hai0="52,18,39,129,110,34,130,90,61,96,59,104,55" hai1="70,99,25,132,15,73,108,16,30,42,66,60,74" hai2="100,62,67,134,97,4,69,124,89,51,40,44,0" hai3="126,57,113,121,107,81,80,38,43,23,41,105,6"/><U82/><E132/><V109/><F109/><W131/><G121/><T12/><D34/><U65/><E108/><V101/><F124/><W68/><G113/><T86/><D39/><U3/><E3/><V19/><F134/><W20/><G126/><T2/><D2/><U26/><E42/><V79/><F79/><W13/><G57/><T75/><D75/><U24/><E30/><V118/><F118/><W92/><G131/><N who="0" m="50187" /><D110/><U93/><E66/><V5/><F0/><W111/><G111/><T32/><D32/><U88/><REACH who="1" step="1"/><E82/><REACH who="1" ten="287,142,332,229" step="2"/><V116/><F116/><W84/><G43/><T106/><D55/><U123/><E123/><V27/><F40/><W48/><G41/><T91/><D96/><U56/><E56/><V53/><F97/><W36/><G38/><T46/><D46/><U112/><E112/><V119/><F119/><W76/><G36/><T77/><D77/><U50/><E50/><V122/><F122/><W54/><G76/><T14/><D91/><U87/><E87/><V85/><F85/><W58/><G84/><T133/><D133/><U28/><E28/><V114/><F89/><W47/><G58/><T83/><D86/><U64/><E64/><V35/><F114/><W102/><G54/><T22/><D83/><U115/><E115/><V9/><F53/><W49/><G81/><T72/><D90/><U125/><E125/><V120/><F120/><W10/><G80/><T7/><D72/><U103/><E103/><N who="2" m="39499" /><F51/><W128/><G49/><T127/><D127/><U94/><E94/><V71/><F44/><W21/><G47/><T95/><D95/><RYUUKYOKU ba="0,1" sc="287,15,142,15,332,-15,229,-15" hai0="7,12,14,18,22,52,59,61,104,106" hai1="15,16,24,25,26,60,65,70,73,74,88,93,99" /><INIT seed="1,1,1,1,1,30" ten="302,157,317,214" oya="1" hai0="132,29,68,74,65,5,20,35,103,104,45,16,106" hai1="36,88,22,42,96,54,97,60,3,109,12,82,84" hai2="10,83,95,11,80,50,61,93,18,128,120,107,7" hai3="67,124,79,100,56,134,19,33,77,15,127,52,90"/><U40/><E3/><V17/><F107/><W25/><G134/><T130/><D74/><U6/><E109/><V53/><F128/><W49/><G100/><T14/><D130/><U112/><E112/><V135/><F61/><W126/><G90/><T114/><D114/><U8/><E36/><V85/><F135/><W41/><G41/><N who="1" m="15978" /><E22/><V98/><F95/><W9/><G67/><T39/><D132/><U125/><E125/><V108/><F83/><W87/><G87/><T21/><D39/><U27/><E27/><V121/><F108/><W76/><G25/><N who="0" m="18863" /><D45/><U131/><E131/><V44/><F120/><W59/><G59/><AGARI ba="1,1" hai="6,8,12,54,59,60,82,84,88,96,97" m="15978" machi="59" ten="30,2900,0" yaku="8,1,54,1" doraHai="30" who="1" fromWho="3" sc="302,0,157,42,317,0,214,-32" /><INIT seed="1,2,0,3,1,70" ten="302,199,317,182" oya="1" hai0="83,13,80,45,12,99,58,69,132,125,115,15,63" hai1="66,98,133,134,39,81,104,16,112,131,64,8,97" hai2="53,36,2,107,124,55,116,18,111,33,84,5,21" hai3="1,48,20,57,96,121,40,108,60,102,32,110,120"/><U109/><E112/><V68/><F33/><W117/><G32/><T42/><D115/><U92/><E104/><V72/><F72/><W6/><G117/><T30/><D132/><N who="1" m="50795" /><E131/><V52/><F68/><W51/><G20/><T46/><D125/><U86/><E109/><N who="3" m="42090" /><G6/><T11/><D69/><U34/><E34/><V67/><F107/><N who="3" m="63943" /><G1/><T127/><D127/><U38/><E66/><V56/><F67/><N who="3" m="39311" /><G40/><T85/><D30/><U3/><E64/><V9/><F116/><W29/><G29/><T50/><D99/><N who="1" m="37899" /><E92/><V105/><F105/><W113/><G113/><T129/><D129/><U75/><E75/><V47/><F124/><W24/><G24/><T118/><D118/><U41/><E41/><V100/><F111/><W101/><G101/><T93/><D11/><U25/><E3/><V26/><F100/><W49/><AGARI ba="2,0" hai="48,49,51,120,121" m="39311,63943,42090" machi="49" ten="30,1100,0" yaku="14,1" doraHai="70" who="3" fromWho="3" sc="302,-5,199,-7,317,-5,182,17" /><INIT seed="2,0,0,4,3,44" ten="297,192,312,199" oya="2" hai0="71,14,8,58,4,121,69,104,73,77,87,10,43" hai1="132,112,61,128,108,2,119,3,66,82,102,30,126" hai2="47,50,64,122,26,15,19,51,118,57,92,27,9" hai3="106,35,93,114,55,46,33,70,96,72,125,1,88"/><V80/><F122/><W113/><G125/><T129/><D73/><U63/><E82/><V21/><F118/><W7/><G70/><T22/><D121/><U67/><E102/><V124/><F124/><W56/><G46/><T79/><D129/><U89/><E126/><V100/><F80/><W83/><G1/><T110/><D104/><U90/><E30/><V16/><F27/><W13/><G106/><T86/><D110/><U60/><E119/><V107/><F107/><W76/><G7/><T48/><D69/><U32/><E108/><V78/><F78/><N who="0" m="29706" /><D71/><U65/><E132/><V120/><F120/><W20/><G20/><T101/><D10/><U133/><E133/><V91/><F100/><W103/><G13/><T5/><D5/><U37/><E37/><V24/><F47/><W109/><G109/><T36/><D36/><U53/><E32/><V130/><F130/><W85/><G35/><T123/><D123/><U62/><E128/><V42/><F42/><W34/><G34/><T45/><D101/><U95/><E112/><N who="3" m="43114" /><G33/><T40/><D40/><U127/><E127/><V23/><F57/><W25/><G25/><T49/><D22/><U98/><N who="1" m="15360" /><DORA hai="75" /><U117/><E117/><V135/><F64/><W74/><G103/><T29/><D29/><U31/><E31/><N who="2" m="17807" /><F135/><W28/><G28/><T11/><D11/><U99/><REACH who="1" step="1"/><E53/><AGARI ba="0,0" hai="4,8,14,43,45,48,49,53,58,86,87" m="29706" machi="53" ten="30,12000,2" yaku="8,1,52,5" doraHai="44,75" who="0" fromWho="1" sc="297,120,192,-120,312,0,199,0" /><INIT seed="3,0,0,0,3,5" ten="417,72,312,199" oya="3" hai0="77,6,133,135,45,22,35,109,114,49,118,63,120" hai1="105,19,86,52,93,26,92,28,61,115,116,44,8" hai2="134,33,88,121,54,25,37,131,101,122,75,123,32" hai3="124,95,34,94,97,117,42,72,27,59,7,110,76"/><W67/><G117/><T132/><D35/><U13/><E105/><V128/><F75/><W127/><G42/><T3/><D118/><U50/><E115/><V1/><F37/><W119/><G119/><T11/><D120/><U51/><E116/><V46/><F101/><W55/><G67/><T48/><D114/><U24/><E24/><V130/><F1/><W2/><G72/><T20/><D109/><U4/><E4/><V91/><F134/><W14/><G2/><T98/><D77/><U112/><E112/><V104/><F104/><W17/><G76/><T126/><D126/><N who="3" m="48169" /><G7/><T10/><D63/><U89/><E61/><V9/><F9/><N who="0" m="3082" /><D6/><U41/><E92/><V43/><F43/><W79/><G79/><T40/><D3/><U82/><E93/><V29/><F33/><W12/><G95/><T0/><D0/><U87/><E87/><V64/><F64/><W31/><G110/><T58/><D98/><U108/><E108/><V30/><F30/><W15/><G17/><T113/><D113/><U90/><E90/><V18/><F18/><W65/><G97/><T56/><D56/><U73/><E73/><V78/><F78/><W23/><G94/><T66/><D66/><U129/><E129/><V39/><F39/><W60/><G34/><T99/><D99/><U100/><E100/><V38/><F38/><W84/><G65/><T102/><D102/><U83/><E89/><V36/><F36/><W70/><G84/><T71/><D71/><AGARI ba="0,0" hai="12,14,15,23,27,31,55,59,60,70,71" m="48169" machi="71" ten="30,1500,0" yaku="18,1" doraHai="5" who="3" fromWho="0" sc="417,-15,72,0,312,0,199,15" /><INIT seed="3,1,0,2,1,35" ten="402,72,312,214" oya="3" hai0="99,15,123,46,36,28,51,70,52,105,50,11,33" hai1="96,75,6,131,41,76,65,17,125,112,130,16,95" hai2="93,74,73,83,87,113,24,26,121,5,127,72,27" hai3="101,12,84,78,104,37,2,90,108,8,47,18,120"/><W29/><G120/><T114/><D36/><U102/><E112/><V91/><F113/><W53/><G78/><T64/><D114/><U122/><E122/><V54/><F121/><W34/><G108/><T1/><D123/><U62/><E41/><V31/><F127/><W3/><G104/><T63/><D1/><U57/><E125/><V60/><F5/><W10/><G101/><T79/><D79/><U32/><E32/><V9/><F9/><W94/><G10/><T30/><D33/><U98/><E98/><V39/><F39/><W110/><G110/><T81/><D81/><N who="1" m="45215" /><E6/><V7/><F7/><W109/><G109/><T25/><D25/><U66/><E66/><V115/><F115/><W80/><G94/><T68/><D68/><U43/><E43/><V20/><F83/><W21/><G34/><T107/><D51/><U89/><E89/><V58/><AGARI ba="1,0" hai="20,24,26,27,31,54,58,60,72,73,74,87,91,93" machi="58" ten="40,1500,0" yaku="0,1" doraHai="35" who="2" fromWho="2" sc="402,-5,72,-5,312,18,214,-8" /><INIT seed="4,0,0,5,1,124" ten="397,67,330,206" oya="0" hai0="35,41,117,122,126,92,129,4,48,7,3,121,81" hai1="58,62,88,37,108,87,22,116,66,38,16,99,30" hai2="54,39,59,100,65,128,107,97,26,109,135,82,69" hai3="51,34,27,74,77,78,15,115,86,67,110,33,127"/><T42/><D35/><U112/><E116/><V57/><F39/><W47/><G110/><T14/><D3/><U19/><E108/><V9/><F109/><W8/><G74/><T11/><D117/><U71/><E112/><V72/><F135/><W53/><G115/><T6/><D126/><U21/><E30/><V13/><F69/><W120/><G127/><T80/><D129/><U64/><E71/><V18/><F65/><W106/><G106/><T32/><D32/><U43/><E43/><V1/><F1/><W118/><G118/><T20/><D20/><U56/><E99/><V95/><F128/><W75/><G75/><T94/><D48/><U49/><E49/><V103/><F103/><W50/><G67/><T79/><D14/><U98/><E98/><V130/><F130/><W60/><G60/><T10/><D7/><U31/><E31/><V46/><F26/><W111/><G111/><T12/><D12/><U104/><E104/><V76/><F107/><W23/><G51/><T102/><D79/><N who="3" m="30217" /><G86/><T2/><D2/><U101/><E87/><V96/><F96/><W61/><G61/><T132/><D132/><U24/><E62/><V63/><F59/><W17/><G120/><T105/><D105/><U84/><E84/><V83/><F83/><W29/><G34/><T123/><D123/><U44/><E44/><V28/><F28/><W73/><G73/><T119/><D119/><U93/><E93/><V114/><F46/><W68/><G33/><T36/><D36/><U85/><E85/><V113/><AGARI ba="0,0" hai="9,13,18,54,57,63,72,76,82,95,97,100,113,114" machi="113" ten="30,1100,0" yaku="0,1" doraHai="124" who="2" fromWho="2" sc="397,-5,67,-3,330,11,206,-3" /><INIT seed="5,0,0,3,0,82" ten="392,64,341,203" oya="1" hai0="15,100,37,8,12,31,101,92,120,129,46,66,117" hai1="38,119,17,111,80,47,29,58,95,42,118,51,1" hai2="50,79,48,84,45,115,128,106,24,49,131,121,57" hai3="116,70,71,11,61,123,44,103,7,13,16,14,113"/><U135/><E1/><V130/><F106/><W33/><G113/><T67/><D117/><U69/><E135/><V77/><F121/><W98/><G123/><T108/><D120/><U90/><E111/><V93/><F115/><W30/><G116/><T89/><D108/><U65/><E29/><V122/><F122/><W21/><G61/><T109/><D109/><U2/><E2/><V59/><F24/><W99/><G99/><T86/><D129/><U88/><E17/><V43/><F79/><W87/><G44/><T10/><D31/><U102/><E102/><N who="0" m="39529" /><D46/><U32/><E32/><V78/><F78/><W28/><G33/><T26/><D26/><U94/><E80/><N who="2" m="47119" /><F93/><N who="3" m="58831" /><G71/><T9/><D37/><AGARI ba="0,0" hai="37,43,45,48,49,50,57,59,128,130,131" m="47119" machi="37" ten="40,2600,0" yaku="19,1,52,1" doraHai="82" who="2" fromWho="0" sc="392,-26,64,0,341,26,203,0" /><INIT seed="6,0,0,4,3,117" ten="366,64,367,203" oya="2" hai0="104,6,131,129,90,123,96,106,8,55,86,135,124" hai1="65,2,119,88,38,7,11,107,47,122,36,64,37" hai2="5,16,82,53,58,59,3,25,71,85,28,66,0" hai3="113,42,120,67,32,115,105,79,10,43,133,84,78"/><V9/><F3/><W44/><G32/><T61/><D124/><U35/><E35/><V52/><F71/><W4/><G105/><T30/><D30/><U128/><E107/><V50/><F66/><W100/><G100/><T97/><D135/><U15/><E119/><V22/><F28/><W12/><G133/><T103/><D123/><U130/><E47/><V48/><F85/><W75/><G120/><T63/><D97/><U31/><E31/><V14/><F82/><W112/><G75/><T118/><D106/><U127/><E127/><V101/><F101/><W46/><G84/><T23/><D23/><U132/><E132/><V45/><F0/><W19/><G67/><T68/><D68/><U70/><E2/><V80/><F80/><W98/><G98/><T54/><D118/><U34/><E34/><V72/><REACH who="2" step="1"/><F45/><REACH who="2" ten="366,64,357,203" step="2"/><W126/><G126/><T33/><D86/><U134/><E134/><V89/><F89/><W83/><G83/><T92/><D90/><U57/><E70/><V76/><F76/><W121/><G78/><T51/><D103/><U81/><E122/><V109/><F109/><W125/><G121/><T62/><D96/><U91/><E81/><V102/><F102/><W114/><G125/><T77/><D77/><U39/><N who="1" m="9216" /><DORA hai="99" /><U60/><REACH who="1" step="1"/><E65/><REACH who="1" ten="366,54,357,203" step="2"/><V108/><F108/><W40/><G115/><T94/><D104/><U27/><E27/><V116/><F116/><W69/><G69/><T29/><D29/><U1/><E1/><V93/><F93/><W73/><G46/><N who="0" m="28023" /><D94/><U87/><E87/><V13/><F13/><W110/><G112/><RYUUKYOKU ba="0,2" sc="366,-15,54,15,357,15,203,-15" hai1="7,11,15,57,60,64,88,91,128,130" hai2="5,9,14,16,22,25,48,50,52,53,58,59,72" /><INIT seed="6,1,2,3,0,54" ten="351,69,372,188" oya="2" hai0="123,129,114,125,56,26,60,86,45,71,98,50,70" hai1="16,131,32,6,58,109,103,0,25,113,13,99,124" hai2="36,44,41,48,100,104,89,65,53,115,20,62,76" hai3="47,19,93,118,116,75,74,51,49,78,134,59,17"/><V132/><F132/><W63/><G134/><T84/><D123/><U91/><E109/><V67/><F115/><W88/><G78/><T79/><D114/><U1/><E113/><V57/><F76/><W24/><G75/><T128/><D125/><U77/><E77/><V5/><F5/><W9/><G74/><T33/><D98/><U122/><E124/><V35/><F35/><W38/><G38/><T15/><D15/><U126/><E126/><V83/><F20/><W108/><G108/><T46/><D26/><U85/><E131/><N who="0" m="50249" /><D33/><U106/><E122/><V42/><F100/><W11/><G116/><T110/><D110/><U127/><E6/><V97/><F104/><W87/><G19/><T105/><D105/><U69/><E69/><N who="0" m="26121" /><D79/><U30/><E127/><V80/><F42/><W37/><G118/><T130/><D130/><U95/><REACH who="1" step="1"/><E58/><REACH who="1" ten="351,59,372,188" step="2"/><V117/><F117/><W23/><G59/><T90/><D46/><U39/><E39/><V8/><F36/><W73/><G37/><T102/><D102/><U40/><E40/><V52/><F41/><W135/><G47/><T21/><D90/><U112/><E112/><V27/><F89/><W82/><G88/><T61/><D56/><U121/><E121/><V18/><F57/><W107/><G135/><T29/><D61/><U34/><E34/><V72/><F62/><W92/><G63/><T28/><D60/><U31/><E31/><V101/><F44/><W55/><G73/><T119/><D119/><U4/><E4/><V10/><F72/><W68/><G68/><T81/><D45/><U111/><E111/><RYUUKYOKU ba="1,3" sc="351,-10,59,30,372,-10,188,-10" hai1="0,1,13,16,25,30,32,85,91,95,99,103,106" /><INIT seed="7,2,3,3,4,13" ten="341,89,362,178" oya="3" hai0="9,60,114,103,87,64,124,49,52,1,51,32,70" hai1="98,63,125,23,25,122,102,33,135,92,88,26,41" hai2="78,77,29,131,56,83,101,34,35,86,81,127,57" hai3="53,4,130,100,10,72,69,80,16,97,20,45,39"/><W55/><G130/><T99/><D32/><U3/><E122/><V21/><F101/><W107/><G69/><T111/><D111/><U44/><E3/><V109/><F109/><W43/><G72/><T14/><D124/><U71/><E125/><V112/><F127/><W7/><G80/><T48/><D114/><U93/><E135/><V120/><F112/><W73/><G73/><T30/><D30/><U17/><E71/><V110/><F110/><W76/><G76/><T84/><D1/><U40/><E63/><V96/><F96/><W5/><REACH who="3" step="1"/><G10/><REACH who="3" ten="341,89,362,168" step="2"/><T66/><D66/><U126/><E126/><V31/><F131/><W54/><G54/><T12/><D52/><U89/><E89/><V74/><F74/><W82/><G82/><T38/><D9/><U105/><E105/><V28/><F81/><W61/><G61/><T15/><REACH who="0" step="1"/><D38/><REACH who="0" ten="331,89,362,168" step="2"/><U62/><E62/><V58/><F78/><W18/><G18/><T36/><D36/><U117/><E117/><V42/><F34/><W123/><G123/><T68/><D68/><U79/><E79/><V2/><F35/><W116/><G116/><T106/><AGARI ba="2,5" hai="12,14,15,48,49,51,60,64,70,84,87,99,103,106" machi="106" ten="30,4000,0" yaku="1,1,0,1,53,1" doraHai="13" doraHaiUra="95" who="0" fromWho="0" sc="331,96,89,-12,362,-12,168,-22" owari="427,52.0,77,-42.0,350,15.0,146,-25.0" /></mjloggm>