<mjloggm ver="2.3"><GO type="169" lobby="0"/><UN n0="%E5%B0%B1%E6%B4%BB%E7%94%9F%40%E5%B7%9D%E6%9D%91%E8%BB%8D%E5%9B%A3" n1="%E3%81%9F%E3%81%A4%E3%81%8D%E3%82%80%E3%81%A8%E3%82%93" n2="%E8%83%A1%E6%A4%92%E7%B2%89" n3="%E3%81%8A%E3%82%93%E3%81%9F%E3%82%93" dan="17,16,16,16" rate="2255.56,2136.27,2103.34,2167.01" sx="M,M,M,M"/><TAIKYOKU oya="0"/><INIT seed="0,0,0,0,4,1" ten="250,250,250,250" oya="0" hai0="50,42,61,68,29,59,98,135,12,93,65,115,92" hai1="84,71,89,19,126,38,3,103,43,104,57,88,54" hai2="119,27,114,28,83,108,31,72,100,48,85,32,106" hai3="77,107,74,123,67,5,9,51,90,110,2,130,69"/><T96/><D115/><U16/><E126/><V111/><F114/><W75/><G107/><T125/><D125/><U99/><E71/><V78/><F31/><W66/><G110/><N who="2" m="42025" /><F85/><W124/><G130/><T45/><D135/><U47/><E3/><V0/><F48/><W35/><G35/><T105/><D29/><U6/><E6/><V133/><F0/><W8/><G123/><T10/><D68/><U52/><E89/><V91/><F91/><W25/><G90/><T14/><D14/><U131/><E131/><V64/><F64/><W11/><G67/><T55/><D105/><U44/><E44/><V36/><F36/><W20/><G66/><T63/><D63/><U113/><E113/><V128/><F128/><W132/><G124/><T24/><D24/><U23/><E23/><V58/><F58/><W33/><G33/><T34/><D34/><U81/><E54/><V76/><F78/><W102/><G69/><T4/><REACH who="0" step="1"/><D65/><REACH who="0" ten="240,250,250,250" step="2"/><U101/><E101/><V21/><F133/><W26/><G102/><T17/><D17/><U116/><E116/><V109/><F32/><W95/><G26/><T121/><D121/><U60/><AGARI ba="0,1" hai="16,19,38,43,47,52,57,60,81,84,88,99,103,104" machi="60" ten="20,8000,1" yaku="0,1,7,1,54,3" doraHai="1" who="1" fromWho="1" sc="240,-40,250,90,250,-20,250,-20" /><INIT seed="1,0,0,2,0,25" ten="200,340,230,230" oya="1" hai0="8,104,98,56,102,38,24,122,88,124,7,130,70" hai1="101,109,4,27,35,54,32,116,48,68,129,107,60" hai2="82,106,132,135,114,6,80,57,126,75,47,19,100" hai3="95,134,63,61,23,72,11,53,10,108,46,58,123"/><U33/><E116/><V131/><F6/><W92/><G72/><T21/><D70/><U0/><E129/><V90/><F47/><W76/><G108/><T50/><D130/><U119/><E119/><V71/><F71/><W66/><G134/><T105/><D38/><U39/><E39/><V133/><F131/><W49/><G76/><T85/><D124/><U12/><E0/><V52/><F126/><W5/><G123/><T28/><D122/><U41/><E109/><V42/><F42/><W94/><G63/><T1/><D50/><U115/><E115/><V43/><F43/><W45/><G23/><T29/><D56/><U86/><E86/><V34/><F34/><W112/><G112/><T125/><D125/><U9/><E41/><V2/><F2/><W62/><G62/><T120/><D120/><U14/><E14/><V118/><F118/><W59/><REACH who="3" step="1"/><G10/><REACH who="3" ten="200,340,230,220" step="2"/><T110/><D110/><U36/><E60/><N who="2" m="35879" /><F114/><W44/><G44/><T69/><D69/><U89/><E68/><V26/><F75/><W91/><G91/><T128/><D128/><U67/><E89/><V65/><F90/><W73/><G73/><T55/><D55/><U99/><E35/><V78/><F78/><W77/><G77/><T74/><D74/><U87/><E33/><V79/><F79/><W13/><AGARI ba="0,1" hai="5,11,13,45,46,49,53,58,59,61,66,92,94,95" machi="13" ten="30,7900,0" yaku="1,1,0,1,8,1,53,1" doraHai="25" doraHaiUra="3" who="3" fromWho="3" sc="200,-20,340,-39,230,-20,220,89" /><INIT seed="2,0,0,5,5,33" ten="180,301,210,309" oya="2" hai0="64,134,51,48,42,113,62,78,5,103,27,110,67" hai1="120,104,4,49,66,114,20,59,35,121,82,99,123" hai2="15,19,111,11,76,108,105,128,29,13,43,106,37" hai3="85,75,83,74,40,16,14,58,94,92,93,32,22"/><V54/><F29/><W26/><G40/><T63/><D103/><U47/><E114/><V45/><F128/><W100/><G100/><T80/><D113/><U23/><E35/><V34/><F34/><W70/><G70/><T129/><D129/><U28/><E28/><V117/><F117/><W17/><G32/><T132/><D27/><U9/><E104/><V81/><F54/><W79/><REACH who="3" step="1"/><G58/><REACH who="3" ten="180,301,210,299" step="2"/><T97/><D42/><U118/><E59/><V135/><F135/><W90/><G90/><T122/><D122/><U98/><E118/><V71/><F71/><W44/><G44/><T130/><D130/><U65/><E47/><V116/><F116/><W84/><G84/><T41/><D41/><U77/><E121/><V127/><F127/><W86/><G86/><T109/><D97/><U72/><E99/><V31/><F31/><W124/><G124/><T131/><D131/><U6/><E98/><V73/><REACH who="2" step="1"/><F15/><REACH who="2" ten="180,301,200,299" step="2"/><W3/><G3/><T38/><D132/><U89/><E120/><V61/><F61/><W69/><G69/><T56/><D134/><U7/><E123/><V8/><F8/><AGARI ba="0,2" hai="8,14,16,17,22,26,74,75,79,83,85,92,93,94" machi="8" ten="40,2600,0" yaku="1,1,54,1,53,0" doraHai="33" doraHaiUra="96" who="3" fromWho="2" sc="180,0,301,0,200,-26,299,46" /><INIT seed="3,0,0,0,3,43" ten="180,301,174,345" oya="3" hai0="46,35,42,19,48,107,92,65,28,10,91,88,68" hai1="55,121,39,117,111,67,5,119,44,32,113,15,7" hai2="2,86,36,8,87,109,116,129,47,95,40,114,53" hai3="103,84,38,128,61,126,41,133,110,118,20,100,34"/><W125/><G34/><T14/><D107/><U1/><E113/><V77/><F114/><W37/><G118/><T101/><D35/><U59/><E121/><V9/><F116/><N who="1" m="44617" /><E111/><V64/><F109/><W70/><G110/><T74/><D74/><U112/><E32/><V11/><F129/><W132/><G84/><T75/><D75/><U135/><E135/><N who="3" m="51786" /><G20/><T127/><D127/><N who="3" m="48649" /><G41/><T63/><REACH who="0" step="1"/><D28/><REACH who="0" ten="170,301,174,345" step="2"/><U66/><E112/><V124/><F124/><W80/><G128/><T6/><D6/><U21/><E7/><V131/><F131/><W4/><G4/><T58/><D58/><U76/><E59/><V57/><F2/><W73/><G73/><T71/><D71/><U104/><E5/><V12/><F64/><W24/><G70/><T96/><AGARI ba="0,1" hai="10,14,19,42,46,48,63,65,68,88,91,92,96,101" machi="96" ten="30,8000,1" yaku="1,1,0,1,52,1,54,1,53,1" doraHai="43" doraHaiUra="62" who="0" fromWho="0" sc="170,90,301,-20,174,-20,345,-40" /><INIT seed="4,0,0,1,4,130" ten="260,281,154,305" oya="0" hai0="121,94,110,124,13,31,34,49,67,96,12,42,82" hai1="101,73,113,53,75,54,77,37,30,112,27,109,106" hai2="104,81,70,116,120,52,105,22,3,57,86,8,56" hai3="50,71,64,98,59,62,26,92,135,2,107,47,23"/><T63/><D121/><U5/><E109/><V89/><F120/><W131/><G2/><T35/><D110/><U41/><E5/><V74/><F116/><W103/><G131/><T119/><D119/><U88/><E106/><V7/><F70/><W102/><G135/><T16/><D124/><U25/><E101/><V28/><F57/><W72/><G72/><T45/><D82/><N who="1" m="45359" /><E75/><V118/><F118/><W68/><G103/><T46/><D46/><N who="1" m="23855" /><E88/><V97/><F74/><W125/><G107/><T108/><D31/><U43/><E43/><V60/><REACH who="2" step="1"/><F97/><REACH who="2" ten="260,281,144,305" step="2"/><W84/><G125/><T24/><D108/><U79/><E113/><V134/><F134/><W117/><G117/><T33/><D67/><U17/><E112/><V10/><F10/><W83/><G71/><T6/><D63/><U58/><E58/><V4/><F4/><W39/><G68/><T36/><D6/><U122/><E122/><V80/><F80/><W65/><G65/><T115/><D115/><U9/><E9/><V0/><F0/><W40/><G83/><T19/><D96/><U91/><E54/><V38/><F38/><W18/><G39/><T21/><D36/><U78/><E53/><V127/><F127/><W51/><G51/><T132/><D132/><U114/><E114/><V1/><F1/><W29/><REACH who="3" step="1"/><G84/><REACH who="3" ten="260,281,144,295" step="2"/><T85/><D85/><U20/><E79/><V126/><F126/><W111/><G111/><T15/><D94/><U14/><E78/><V123/><F123/><W133/><G133/><T87/><D87/><U100/><E100/><V32/><F32/><W66/><G66/><RYUUKYOKU ba="0,2" sc="260,10,281,-30,144,10,295,10" hai0="12,13,15,16,19,21,24,33,34,35,42,45,49" hai2="3,7,8,22,28,52,56,60,81,86,89,104,105" hai3="18,23,26,29,40,47,50,59,62,64,92,98,102" /><INIT seed="4,1,2,4,0,107" ten="270,251,154,305" oya="0" hai0="124,36,2,45,118,134,68,133,52,32,98,53,114" hai1="5,10,62,113,56,49,108,3,30,61,81,12,73" hai2="29,28,88,94,99,40,44,102,38,19,11,39,37" hai3="43,64,66,119,55,35,1,27,9,126,42,33,115"/><T16/><D32/><U41/><E108/><V112/><F112/><W75/><G115/><T85/><D2/><U83/><E113/><V58/><F58/><W105/><G105/><T130/><D118/><U135/><E135/><N who="0" m="51721" /><D68/><U13/><E61/><V125/><F125/><W14/><G119/><T84/><D114/><U96/><E30/><V103/><F28/><W18/><G1/><T110/><D124/><U101/><E41/><V57/><F29/><W91/><G42/><N who="0" m="22727" /><D98/><U87/><E49/><V104/><F103/><W128/><G43/><T63/><D130/><U132/><E132/><V21/><F11/><W93/><G35/><T6/><D6/><U82/><E87/><N who="0" m="33353" /><D63/><U106/><REACH who="1" step="1"/><E73/><REACH who="1" ten="270,241,154,305" step="2"/><V31/><F31/><W26/><G75/><T65/><D65/><AGARI ba="1,3" hai="3,5,10,12,13,56,62,65,81,82,83,96,101,106" machi="65" ten="40,2600,0" yaku="1,1,2,1,53,0" doraHai="107" doraHaiUra="50" who="1" fromWho="0" sc="270,-29,241,59,154,0,305,0" /><INIT seed="5,0,0,0,4,29" ten="241,300,154,305" oya="1" hai0="49,25,60,55,113,120,46,133,40,13,110,91,61" hai1="39,114,23,28,50,94,127,15,134,0,63,59,128" hai2="84,93,33,27,31,41,121,90,5,64,124,9,80" hai3="73,47,67,119,109,101,35,17,32,58,57,6,118"/><U53/><E39/><V14/><F121/><W2/><G73/><T106/><D106/><U70/><E0/><V131/><F124/><W10/><G109/><T95/><D110/><U79/><E127/><V38/><F131/><W65/><G101/><T11/><D120/><U24/><E128/><V21/><F64/><N who="3" m="24651" /><G47/><T30/><D133/><U1/><E1/><V51/><F38/><W68/><G17/><T72/><D72/><U34/><E134/><V92/><F41/><W112/><G112/><T122/><D40/><U62/><E114/><V19/><REACH who="2" step="1"/><F51/><REACH who="2" ten="241,300,144,305" step="2"/><W130/><G130/><T12/><D122/><U66/><E50/><V42/><F42/><W111/><G111/><T117/><D113/><U135/><E135/><V105/><F105/><W78/><G68/><T123/><D123/><U3/><E70/><V75/><F75/><W45/><G45/><T16/><D117/><U74/><E66/><V100/><F100/><W54/><G119/><T43/><D43/><U8/><E74/><V87/><F87/><W97/><G118/><T48/><D48/><U77/><E62/><V81/><F81/><W89/><G58/><T126/><D126/><U129/><E59/><V103/><F103/><W96/><G57/><T76/><D61/><U88/><E63/><V107/><F107/><W4/><G54/><T52/><D60/><U82/><E53/><V86/><F86/><W85/><G85/><T69/><D55/><U115/><E82/><V116/><F116/><W102/><G102/><T99/><D52/><U37/><E129/><V132/><F132/><W18/><G97/><RYUUKYOKU ba="0,1" sc="241,-10,300,-10,144,30,305,-10" hai2="5,9,14,19,21,27,31,33,80,84,90,92,93" /><INIT seed="6,1,1,1,2,121" ten="231,290,174,295" oya="2" hai0="59,12,41,130,69,108,93,16,111,50,57,84,48" hai1="31,126,122,80,36,131,78,76,85,95,5,71,133" hai2="14,119,43,62,24,1,127,86,120,105,47,65,53" hai3="42,88,52,54,0,81,2,102,10,87,64,58,114"/><V91/><F105/><W89/><G102/><T3/><D3/><U40/><E71/><V96/><F120/><W117/><G117/><T124/><D69/><U8/><E122/><V11/><F1/><W39/><G64/><T74/><D74/><U15/><E131/><V17/><F119/><W6/><G114/><T73/><D73/><U18/><E133/><V21/><F127/><W32/><G32/><T79/><D130/><U112/><E126/><V100/><F53/><W55/><G0/><T83/><D124/><U33/><E112/><V82/><F100/><W61/><REACH who="3" step="1"/><G89/><REACH who="3" ten="231,290,174,285" step="2"/><T9/><D108/><U49/><E33/><V106/><F106/><W103/><G103/><T37/><D111/><U25/><E78/><V101/><F101/><W45/><AGARI ba="1,2" hai="2,6,10,39,42,45,52,54,55,58,61,81,87,88" machi="45" ten="30,7900,0" yaku="1,1,0,1,54,2,53,0" doraHai="121" doraHaiUra="98" who="3" fromWho="3" sc="231,-21,290,-21,174,-40,285,102" /><INIT seed="7,0,0,1,0,95" ten="210,269,134,387" oya="3" hai0="37,89,59,63,26,34,121,49,83,124,5,69,98" hai1="67,23,99,116,130,4,129,35,112,72,65,6,90" hai2="66,24,75,117,17,7,128,108,94,56,19,16,122" hai3="82,9,101,125,84,0,8,38,3,126,29,28,43"/><W11/><G101/><T97/><D37/><U64/><E35/><V113/><F117/><W134/><G134/><T55/><D121/><U104/><E116/><V81/><F122/><W61/><G61/><T105/><D124/><N who="3" m="47721" /><G43/><T120/><D120/><U110/><E110/><V96/><F108/><W57/><G57/><T86/><D5/><U46/><E112/><V45/><F113/><W40/><G40/><T53/><D105/><U32/><E32/><V111/><F111/><W80/><G38/><T60/><D69/><U109/><E109/><V93/><F128/><N who="1" m="49257" /><E72/><V47/><F7/><N who="1" m="2601" /><E46/><V54/><F66/><W114/><G114/><T2/><D2/><N who="3" m="553" /><G82/><T36/><D36/><U50/><E50/><V62/><F93/><W68/><G68/><T10/><D10/><U18/><E104/><V30/><F81/><W70/><G70/><T118/><D118/><U31/><E31/><V119/><F119/><W42/><G42/><T73/><D73/><U14/><E90/><AGARI ba="0,0" hai="8,9,11,28,29,80,84,90" m="553,47721" machi="90" ten="40,2000,0" yaku="18,1" doraHai="95" who="3" fromWho="1" sc="210,0,269,-20,134,0,387,20" owari="210,-19.0,249,5.0,134,-37.0,407,51.0" /></mjloggm>