<mjloggm ver="2.3"><GO type="169" lobby="0"/><UN n0="%E3%81%A9%E3%81%90%E3%81%95%E3%82%8C%E3%81%86%E3%81%AA%E3%81%8E" n1="%4B%E3%80%82" n2="%E5%B0%B1%E6%B4%BB%E7%94%9F%40%E5%B7%9D%E6%9D%91%E8%BB%8D%E5%9B%A3" n3="%E7%A7%81%E3%81%AF%E3%81%8C%E3%81%A1%E3%81%BB%E3%82%82" dan="16,18,17,17" rate="2063.53,2259.96,2214.39,2158.83" sx="M,M,M,M"/><TAIKYOKU oya="0"/><INIT seed="0,0,0,5,5,130" ten="250,250,250,250" oya="0" hai0="76,106,115,91,107,66,9,80,65,11,17,86,32" hai1="57,82,8,54,23,14,26,33,109,134,7,113,39" hai2="40,126,38,45,4,112,30,135,129,94,3,22,117" hai3="44,36,125,78,13,58,34,69,56,101,25,95,16"/><T84/><D115/><U128/><E128/><V124/><F112/><W1/><G1/><T116/><D32/><U77/><E109/><V50/><F129/><W20/><G69/><T98/><D116/><U123/><E123/><V31/><F117/><W83/><G125/><N who="2" m="48233" /><F38/><W81/><G101/><T51/><D51/><U55/><E39/><V6/><F135/><W89/><G44/><T93/><D106/><U19/><E113/><V43/><F43/><W104/><G104/><T41/><D41/><U103/><E134/><V62/><F62/><W59/><G36/><T97/><D97/><U5/><E103/><V96/><F22/><W100/><G100/><T87/><D107/><U102/><E102/><N who="2" m="60695" /><F3/><W92/><G92/><T71/><D71/><U35/><E7/><AGARI ba="0,0" hai="4,6,7,30,31,40,45,50" m="60695,48233" machi="7" ten="30,1000,0" yaku="18,1" doraHai="130" who="2" fromWho="1" sc="250,0,250,-10,250,10,250,0" /><INIT seed="1,0,0,0,4,108" ten="250,240,260,250" oya="1" hai0="36,110,130,33,57,135,133,85,19,76,132,112,60" hai1="117,114,50,109,56,103,26,63,59,93,4,77,39" hai2="90,64,7,106,92,54,99,86,80,95,62,98,0" hai3="118,74,40,1,100,67,79,16,51,89,35,12,125"/><U121/><E39/><V17/><F106/><W45/><G100/><T88/><D110/><U124/><E121/><V75/><F75/><W52/><G1/><T13/><D130/><U123/><E123/><V134/><F134/><W107/><G107/><T5/><D33/><U69/><E117/><V68/><F17/><W83/><G35/><T47/><D76/><U58/><E109/><V22/><F22/><W70/><G118/><T82/><D5/><U73/><E69/><V113/><F54/><W41/><G125/><T8/><D112/><U61/><E114/><V42/><F42/><W21/><REACH who="3" step="1"/><G89/><REACH who="3" ten="250,240,260,240" step="2"/><T31/><D31/><U81/><E124/><V91/><F0/><W119/><G119/><T87/><D87/><U96/><E4/><V53/><F7/><W111/><G111/><T2/><D2/><U127/><E127/><V34/><F34/><W55/><G55/><T9/><D9/><U116/><E116/><V10/><F53/><W102/><G102/><T44/><REACH who="0" step="1"/><D36/><REACH who="0" ten="240,240,260,240" step="2"/><U71/><E73/><V94/><F10/><W23/><G23/><T129/><D129/><U122/><E122/><V32/><F32/><W25/><G25/><T49/><D49/><U27/><E50/><V66/><F113/><W131/><G131/><T37/><D37/><U28/><E27/><V24/><F24/><W84/><G84/><T38/><D38/><U78/><E26/><V6/><F6/><W97/><G97/><T128/><D128/><U126/><E126/><V11/><F11/><W15/><G15/><T30/><D30/><U48/><E28/><V65/><F99/><RYUUKYOKU ba="0,2" sc="240,10,240,-30,260,10,240,10" hai0="8,13,19,44,47,57,60,82,85,88,132,133,135" hai2="62,64,65,66,68,80,86,90,91,92,94,95,98" hai3="12,16,21,40,41,45,51,52,67,70,74,79,83" /><INIT seed="2,1,2,5,5,108" ten="250,210,270,250" oya="2" hai0="37,111,34,58,52,68,124,43,47,91,69,129,76" hai1="28,84,54,93,123,59,112,42,51,61,70,2,102" hai2="73,133,100,55,118,53,64,80,85,92,114,18,97" hai3="6,56,30,9,67,127,122,32,103,74,94,82,50"/><V3/><F118/><W63/><G122/><T119/><D34/><U104/><E2/><V8/><F73/><W87/><G127/><T10/><D76/><U95/><E123/><V66/><F114/><W78/><G32/><T126/><D10/><U21/><E112/><V13/><F3/><W79/><G30/><T88/><D111/><U107/><E107/><V31/><F31/><W62/><G79/><T1/><D1/><U109/><E109/><V5/><F5/><W105/><G63/><N who="0" m="36295" /><D119/><U117/><E104/><V120/><F120/><W12/><G105/><T101/><D101/><U17/><E28/><V19/><F19/><W25/><G25/><T121/><D121/><U16/><E117/><V0/><F0/><W48/><REACH who="3" step="1"/><G74/><REACH who="3" ten="250,210,270,240" step="2"/><T106/><D106/><U110/><E110/><V99/><F133/><W128/><G128/><T24/><D24/><U131/><E61/><V44/><F99/><AGARI ba="1,3" hai="6,9,12,48,50,56,62,67,78,82,87,94,99,103" machi="99" ten="40,5200,0" yaku="1,1,8,1,53,1" doraHai="108" doraHaiUra="90" who="3" fromWho="2" sc="250,0,210,0,270,-55,240,85" /><INIT seed="3,0,0,2,5,11" ten="250,210,215,325" oya="3" hai0="122,119,86,58,81,27,57,35,121,3,56,134,124" hai1="19,131,55,60,125,12,107,83,128,85,44,120,90" hai2="69,7,77,112,16,61,96,5,135,30,115,41,40" hai3="117,73,62,38,65,79,92,71,129,9,42,1,25"/><W109/><G117/><T116/><D3/><U133/><E120/><V51/><F30/><W118/><G118/><T53/><D116/><U37/><E133/><V114/><F77/><W97/><G129/><T6/><D134/><U50/><E125/><V36/><F36/><W78/><G73/><T18/><D124/><U21/><E107/><V48/><F135/><W113/><G113/><T102/><D102/><U111/><E111/><V76/><F76/><W87/><G87/><T75/><D6/><U68/><REACH who="1" step="1"/><E37/><REACH who="1" ten="250,200,215,325" step="2"/><V17/><F112/><W46/><G109/><T10/><D119/><U66/><AGARI ba="0,1" hai="12,19,21,44,50,55,60,66,68,83,85,90,128,131" machi="66" ten="30,8000,1" yaku="1,1,2,1,0,1,52,1,53,1" doraHai="11" doraHaiUra="13" who="1" fromWho="1" sc="250,-20,200,90,215,-20,325,-40" /><INIT seed="4,0,0,4,2,78" ten="230,290,195,285" oya="0" hai0="22,110,76,112,122,21,47,104,42,91,46,34,123" hai1="2,23,43,15,55,124,32,95,115,64,114,33,5" hai2="83,49,87,12,56,44,73,120,93,59,118,52,25" hai3="117,67,69,40,37,62,65,130,129,88,7,66,101"/><T132/><D132/><U128/><E64/><N who="3" m="24682" /><G101/><T20/><D112/><U105/><E105/><V102/><F120/><W18/><G7/><T84/><D104/><U1/><E43/><V82/><F73/><W9/><G9/><T97/><D34/><U92/><E55/><V109/><F109/><W53/><G18/><T26/><D110/><U127/><E128/><N who="3" m="49258" /><G88/><T119/><D119/><U60/><E60/><V125/><F125/><N who="1" m="48201" /><E23/><N who="0" m="8777" /><D42/><U113/><E15/><V11/><F25/><W39/><G117/><T63/><D63/><U86/><E86/><V14/><F118/><W131/><N who="3" m="49266" /><W79/><DORA hai="28" /><G79/><T41/><D41/><U13/><E13/><N who="2" m="5227" /><F11/><W3/><G3/><N who="1" m="1034" /><E5/><V71/><F71/><W6/><G6/><T68/><D68/><U75/><E75/><V90/><F102/><W116/><G116/><T24/><D122/><U100/><E100/><V80/><AGARI ba="0,0" hai="44,49,52,56,59,80,82,83,87,90,93" m="5227" machi="80" ten="30,8000,1" yaku="8,1,52,3,54,1" doraHai="78,28" who="2" fromWho="2" sc="230,-40,290,-20,195,80,285,-20" /><INIT seed="5,0,0,3,2,15" ten="190,270,275,265" oya="1" hai0="106,57,96,22,87,116,39,102,132,121,104,111,130" hai1="35,110,107,115,29,131,118,33,42,65,60,12,71" hai2="66,4,113,11,99,61,34,3,125,105,37,114,7" hai3="81,108,1,117,47,59,69,26,32,73,124,30,19"/><U38/><E118/><V123/><F123/><W20/><G69/><T135/><D39/><U8/><E131/><V44/><F125/><W2/><G47/><T48/><D116/><U62/><E115/><N who="2" m="44043" /><F34/><W55/><G117/><T83/><D121/><U112/><E112/><V77/><F77/><W24/><G108/><T40/><D111/><U80/><E110/><V9/><F99/><W74/><G124/><T91/><D130/><U88/><E107/><V21/><F21/><W58/><G58/><T119/><D119/><U45/><E60/><V84/><F84/><W28/><G28/><T50/><D106/><U5/><REACH who="1" step="1"/><E29/><REACH who="1" ten="190,260,275,265" step="2"/><V122/><F105/><W134/><G134/><T10/><D132/><U13/><E13/><V67/><F61/><W126/><G126/><T36/><D135/><U128/><E128/><V0/><F122/><W18/><G1/><T109/><D109/><U97/><E97/><V79/><F67/><W129/><G2/><T27/><D96/><U120/><E120/><V92/><F66/><W86/><G129/><T14/><D104/><U72/><E72/><V49/><F3/><W46/><G74/><T56/><D14/><U94/><E94/><V63/><F92/><W93/><G73/><T43/><D27/><U6/><E6/><V85/><F7/><W101/><G93/><T75/><D75/><U76/><E76/><V51/><F79/><W82/><G24/><T70/><D87/><AGARI ba="0,1" hai="5,8,12,33,35,38,42,45,62,65,71,80,87,88" machi="87" ten="40,3900,0" yaku="1,1,54,1,53,0" doraHai="15" doraHaiUra="133" who="1" fromWho="0" sc="190,-39,260,49,275,0,265,0" /><INIT seed="5,1,0,3,0,106" ten="151,309,275,265" oya="1" hai0="107,30,5,71,8,10,69,98,49,132,94,58,109" hai1="101,80,29,25,121,111,126,26,1,63,77,108,127" hai2="59,23,24,72,73,102,68,123,88,21,113,82,17" hai3="62,31,32,41,15,105,67,3,70,85,134,87,75"/><U99/><E121/><V13/><F68/><W115/><G3/><T57/><D109/><N who="1" m="42059" /><E1/><V110/><F123/><W7/><G41/><T124/><D124/><N who="1" m="47659" /><E29/><V79/><F110/><W19/><G75/><T51/><D132/><U4/><E4/><V65/><F102/><W64/><G64/><T2/><D107/><N who="1" m="63935" /><E63/><V45/><F113/><W130/><G7/><T76/><D30/><U40/><E40/><V20/><F45/><W14/><G115/><T34/><D34/><U61/><E61/><V54/><F65/><W9/><G62/><T11/><D5/><U119/><E119/><V27/><F27/><W114/><G67/><T97/><D2/><U47/><E47/><V46/><F46/><W53/><G31/><T93/><D11/><U129/><E129/><V81/><F24/><W125/><G9/><T90/><D69/><U56/><E56/><V39/><F39/><W128/><G70/><T117/><D71/><U78/><E78/><V100/><F17/><W50/><G19/><T131/><D76/><U60/><E60/><V83/><F13/><W92/><G14/><T36/><D36/><U89/><E89/><V116/><F116/><W6/><G15/><T42/><D42/><U22/><E22/><V84/><F59/><W95/><G6/><T104/><D117/><U122/><E122/><V33/><F33/><W38/><G128/><T66/><D131/><U74/><AGARI ba="1,0" hai="25,26,74,77,80" m="63935,47659,42059" machi="74" ten="30,6000,0" yaku="10,1,18,1,52,1" doraHai="106" who="1" fromWho="1" sc="151,-21,309,63,275,-21,265,-21" /><INIT seed="5,2,0,0,1,38" ten="130,372,254,244" oya="1" hai0="103,22,54,52,118,30,35,128,11,123,75,130,74" hai1="55,133,28,58,125,135,106,68,98,4,14,17,57" hai2="102,60,80,124,85,49,39,112,88,19,48,110,121" hai3="2,116,64,93,9,45,13,90,56,5,31,47,108"/><U95/><E68/><V92/><F39/><W111/><G108/><T27/><D118/><U83/><E106/><V97/><F110/><W100/><G100/><T3/><D103/><U59/><E125/><V109/><F109/><W18/><G31/><T36/><D123/><U87/><E28/><V76/><F121/><W78/><G78/><T32/><D36/><U127/><E4/><V7/><F7/><W96/><G116/><T77/><D11/><U82/><E127/><V89/><F124/><W15/><G2/><T79/><D3/><U94/><E55/><V16/><F60/><N who="3" m="37895" /><G111/><T53/><D22/><AGARI ba="2,0" hai="5,9,13,15,18,22,45,47,90,93,96" m="37895" machi="22" ten="30,1000,0" yaku="8,1" doraHai="38" who="3" fromWho="0" sc="130,-16,372,0,254,0,244,16" /><INIT seed="6,0,0,0,4,50" ten="114,372,254,260" oya="2" hai0="82,39,90,87,35,40,127,75,65,97,56,126,2" hai1="121,6,70,74,107,53,103,10,48,112,17,99,60" hai2="102,88,59,20,26,84,95,7,80,12,31,14,118" hai3="108,9,27,129,76,120,18,64,1,28,8,47,134"/><V86/><F118/><W117/><G64/><T34/><D2/><U94/><E74/><V52/><F7/><W91/><G76/><T83/><D97/><U130/><E130/><V19/><F31/><W66/><G66/><T106/><D106/><U73/><E73/><V119/><F119/><W101/><G101/><T114/><D114/><U109/><E109/><V4/><F4/><N who="3" m="1039" /><G47/><T43/><D35/><U46/><E121/><V3/><F3/><W49/><G49/><T21/><D21/><U104/><E112/><V135/><F135/><W51/><G51/><T44/><D34/><U89/><E17/><V0/><F0/><W92/><G92/><T22/><D22/><U131/><E131/><V69/><F69/><W123/><G91/><T32/><D32/><U38/><E38/><V41/><F41/><W128/><G117/><T105/><D105/><U133/><E133/><V63/><F102/><W132/><G132/><T54/><D65/><U78/><E78/><AGARI ba="0,0" hai="12,14,19,20,26,52,59,63,78,80,84,86,88,95" machi="78" ten="30,12000,1" yaku="7,1,8,1,52,1,54,2" doraHai="50" who="2" fromWho="1" sc="114,0,372,-120,254,120,260,0" /><INIT seed="6,1,0,4,3,129" ten="114,252,374,260" oya="2" hai0="53,68,110,63,54,56,116,96,21,76,51,9,106" hai1="46,89,102,94,125,52,58,31,48,84,45,77,117" hai2="79,0,18,35,42,91,26,134,115,127,133,69,39" hai3="128,72,41,132,65,8,2,113,98,123,57,6,121"/><V130/><F130/><W19/><G72/><T37/><D110/><U101/><E117/><V16/><F69/><W83/><G83/><T107/><D116/><U111/><E111/><V85/><F0/><W40/><G128/><T36/><D76/><U28/><E77/><V74/><F115/><W49/><G98/><T81/><D81/><U10/><E10/><V105/><F105/><W12/><G65/><T80/><D80/><U90/><E90/><V92/><F127/><W4/><G57/><T24/><D9/><U50/><E125/><V17/><F74/><W66/><G66/><T78/><D78/><U114/><E114/><V126/><F126/><W5/><G113/><T32/><D32/><U61/><E50/><V47/><F79/><W118/><G49/><T44/><D68/><U95/><E46/><V87/><F85/><W100/><G100/><N who="1" m="38506" /><E95/><V3/><F3/><W64/><G64/><AGARI ba="1,0" hai="28,31,45,48,52,58,61,64,84,89,94" m="38506" machi="64" ten="30,2000,0" yaku="8,1,54,1" doraHai="129" who="1" fromWho="3" sc="114,0,252,23,374,0,260,-23" /><INIT seed="7,0,0,5,1,3" ten="114,275,374,237" oya="3" hai0="13,55,1,7,39,35,81,29,20,50,117,60,101" hai1="120,106,84,80,76,112,69,78,121,82,28,89,66" hai2="32,61,105,31,63,43,87,77,4,125,53,86,30" hai3="98,92,44,65,23,33,27,52,94,56,122,131,99"/><W22/><G122/><T124/><D39/><U95/><E112/><V57/><F105/><W73/><G73/><T42/><D117/><U116/><E116/><V75/><F75/><W68/><G68/><T134/><D101/><U40/><E40/><V16/><F4/><W90/><G131/><T2/><D81/><U123/><E28/><N who="2" m="10795" /><F32/><W34/><G34/><T14/><D42/><U107/><E66/><V91/><F43/><W46/><G65/><T10/><D60/><U21/><E21/><N who="3" m="7690" /><G27/><T17/><D134/><U49/><E49/><N who="2" m="30895" /><F125/><W62/><G33/><T128/><D128/><U37/><E69/><V97/><F16/><W100/><AGARI ba="0,0" hai="44,46,52,56,62,90,92,94,98,99,100" m="7690" machi="100" ten="30,3000,0" yaku="8,1,54,1" doraHai="3" who="3" fromWho="3" sc="114,-10,275,-10,374,-10,237,30" /><INIT seed="7,1,0,2,2,119" ten="104,265,364,267" oya="3" hai0="73,18,55,129,19,69,58,49,48,120,121,105,107" hai1="15,80,9,70,11,24,103,61,64,86,91,46,96" hai2="134,35,60,110,28,65,59,0,112,27,102,99,51" hai3="108,101,124,4,17,29,53,31,32,7,41,128,123"/><W5/><G41/><T130/><D58/><U54/><E15/><V100/><F110/><W56/><G101/><T14/><D14/><U98/><E98/><V87/><F0/><W83/><G83/><T90/><D90/><U52/><E24/><V131/><F134/><W3/><G3/><T50/><D55/><U67/><E67/><V97/><F112/><W76/><G76/><T36/><D36/><U30/><E30/><N who="3" m="11274" /><G32/><T39/><D39/><U126/><E126/><V77/><F131/><N who="0" m="50186" /><D69/><U1/><E1/><V125/><F125/><W47/><G124/><T68/><D68/><U75/><E75/><V118/><F118/><W85/><G128/><T34/><D34/><U20/><E20/><V21/><F35/><W38/><G38/><T33/><D33/><U113/><E113/><V44/><F100/><W111/><G47/><T79/><D79/><U2/><E2/><V133/><F133/><W81/><G53/><T16/><D73/><U84/><E54/><N who="2" m="30055" /><F102/><W94/><G17/><T37/><D37/><U114/><E114/><V104/><F104/><W22/><G22/><T106/><AGARI ba="1,0" hai="16,18,19,48,49,50,105,106,107,120,121" m="50186" machi="106" ten="50,16000,3" yaku="29,2,28,2,19,1,52,2,54,1" doraHai="119" who="0" fromWho="0" sc="104,163,265,-41,364,-41,267,-81" owari="267,7.0,224,-18.0,323,42.0,186,-31.0" /></mjloggm>