<mjloggm ver="2.3"><GO type="41" lobby="0"/><UN n0="%E3%83%9E%E3%82%B1%E3%83%89%E3%83%8B%E3%82%A2" n1="%E3%82%BF%E3%83%9E%E3%82%B4" n2="%E3%81%A8%E3%81%86%E3%81%B5%E3%82%84" n3="%E5%B0%B1%E6%B4%BB%E7%94%9F%40%E5%B7%9D%E6%9D%91%E8%BB%8D%E5%9B%A3" dan="13,15,13,16" rate="1939.17,2053.73,1841.66,2150.61" sx="M,M,M,M"/><TAIKYOKU oya="0"/><INIT seed="0,0,0,4,2,123" ten="250,250,250,250" oya="0" hai0="52,75,85,96,106,124,133,84,11,51,20,89,36" hai1="126,120,114,3,56,88,115,62,41,28,78,43,117" hai2="45,101,66,103,104,131,27,121,118,4,60,53,14" hai3="108,69,38,132,127,107,32,6,7,55,21,97,91"/><T110/><D75/><U125/><E120/><V135/><F104/><W70/><G32/><T72/><D72/><U109/><E117/><V129/><F27/><W95/><G38/><T30/><D36/><U128/><E3/><V68/><F121/><W80/><G127/><T93/><D133/><U130/><E78/><V105/><F118/><W61/><G132/><T40/><D40/><N who="1" m="15435" /><E28/><V102/><F105/><W59/><G107/><T23/><D124/><N who="1" m="47723" /><E109/><V99/><F99/><W39/><G39/><T73/><D73/><U1/><E1/><V22/><F135/><W37/><G37/><T63/><D63/><U44/><E44/><V134/><F134/><W87/><G108/><T47/><D110/><U34/><E88/><V5/><F22/><N who="0" m="8234" /><D106/><U0/><E0/><V35/><F14/><W31/><G70/><T92/><D30/><U42/><E42/><V19/><F35/><W112/><G69/><T71/><D71/><U100/><E100/><V46/><F19/><W13/><G112/><N who="1" m="43050" /><E34/><V8/><F8/><W10/><G31/><T58/><D11/><U15/><E15/><V98/><F98/><W113/><G113/><T65/><D93/><U17/><E17/><V82/><F82/><W64/><G6/><T9/><D9/><U77/><E77/><V29/><F29/><W18/><G7/><T26/><D26/><U54/><AGARI ba="0,0" hai="54,56,62,128,130" m="43050,47723,15435" machi="54" ten="40,8000,1" yaku="18,1,11,1,34,2" doraHai="123" who="1" fromWho="1" sc="250,-40,250,80,250,-20,250,-20" /><INIT seed="1,0,0,1,5,45" ten="210,330,230,230" oya="1" hai0="98,17,119,15,60,103,48,75,9,21,70,78,115" hai1="30,29,64,41,25,46,91,28,111,135,40,42,3" hai2="96,130,122,5,97,11,76,18,32,120,95,94,113" hai3="129,43,54,33,83,77,26,37,73,110,16,0,71"/><U117/><E117/><V36/><F32/><W86/><G129/><T53/><D119/><U1/><E135/><V102/><F36/><W134/><G71/><T47/><D115/><U38/><E111/><V31/><F31/><W67/><G134/><T59/><D70/><U116/><E116/><V88/><F113/><W124/><G124/><T68/><D68/><U85/><E64/><V81/><F18/><W8/><G110/><T44/><D75/><U19/><E1/><V20/><F20/><W87/><G67/><T55/><D78/><U114/><E3/><V63/><F63/><W62/><G62/><T49/><D9/><U56/><E56/><V101/><F5/><N who="3" m="1063" /><G54/><T99/><REACH who="0" step="1"/><D103/><REACH who="0" ten="200,330,230,230" step="2"/><N who="2" m="39434" /><F11/><W34/><G77/><T108/><D108/><U74/><E74/><N who="2" m="43159" /><F130/><W65/><G73/><T80/><D80/><U57/><E114/><V72/><F72/><W27/><G83/><T126/><D126/><U133/><E133/><V69/><F69/><W58/><G34/><T35/><D35/><U14/><E38/><V66/><F66/><AGARI ba="0,1" hai="15,17,21,44,47,48,49,53,55,59,60,66,98,99" machi="66" ten="30,12000,2" yaku="1,1,7,1,9,1,8,1,52,2,53,0" doraHai="45" doraHaiUra="121" who="0" fromWho="2" sc="200,130,330,0,230,-120,230,0" /><INIT seed="2,0,0,3,0,107" ten="330,330,110,230" oya="2" hai0="75,129,116,6,17,50,9,52,60,12,106,124,28" hai1="58,62,84,87,120,79,44,92,11,47,5,1,7" hai2="23,100,74,81,19,91,18,24,45,57,10,27,48" hai3="83,114,38,85,59,35,51,30,130,126,125,4,133"/><V95/><F74/><W33/><G38/><T118/><D106/><U115/><E115/><V101/><F81/><W16/><G4/><T128/><D75/><U21/><E120/><V121/><F121/><W80/><G114/><T13/><D28/><U72/><E7/><V14/><F57/><W64/><G133/><T63/><D124/><N who="3" m="47721" /><G130/><N who="0" m="50283" /><D60/><U102/><E21/><V3/><F3/><W41/><G30/><T34/><D63/><U54/><E87/><N who="2" m="52735" /><F27/><W26/><G64/><T134/><D34/><U68/><E68/><V71/><F71/><W29/><G35/><T49/><D49/><U31/><E31/><V42/><AGARI ba="0,0" hai="10,14,18,19,23,24,42,45,48,100,101" m="52735" machi="42" ten="30,1500,0" yaku="8,1" doraHai="107" who="2" fromWho="2" sc="330,-5,330,-5,110,15,230,-5" /><INIT seed="2,1,0,2,2,43" ten="325,325,125,225" oya="2" hai0="33,21,92,133,97,1,73,5,59,51,45,28,118" hai1="122,24,41,8,60,110,81,95,50,86,13,113,69" hai2="77,76,65,26,90,132,0,71,120,96,4,3,83" hai3="36,67,124,2,105,121,23,125,9,99,64,31,78"/><V82/><F120/><W40/><G121/><T80/><D33/><U112/><E122/><V98/><F71/><W68/><G78/><N who="2" m="30313" /><F3/><W16/><G31/><T52/><D1/><U70/><E70/><V66/><F0/><W27/><G105/><T85/><D5/><U128/><E69/><V130/><F130/><W107/><G107/><T6/><D6/><U48/><E128/><V84/><F4/><N who="3" m="1175" /><G99/><N who="2" m="37929" /><F132/><W135/><G68/><T89/><D73/><U79/><E113/><V62/><F62/><W75/><G75/><T56/><D118/><U7/><E60/><V74/><F26/><W44/><G135/><T126/><D126/><AGARI ba="1,0" hai="16,23,27,36,40,44,64,67,124,125,126" m="1175" machi="126" ten="30,3900,0" yaku="18,1,52,1,54,1" doraHai="43" who="3" fromWho="0" sc="325,-42,325,0,125,0,225,42" /><INIT seed="3,0,0,0,2,110" ten="283,325,125,267" oya="3" hai0="62,87,117,60,108,37,11,72,102,95,38,39,54" hai1="6,116,7,31,113,105,90,134,86,73,118,34,57" hai2="58,41,121,40,42,64,68,44,65,22,20,91,129" hai3="45,2,51,135,55,76,123,88,9,98,8,12,79"/><W128/><G123/><T0/><D72/><U132/><E73/><V104/><F91/><W109/><G109/><T50/><D117/><N who="1" m="45163" /><E105/><V122/><F104/><W43/><G128/><T1/><D108/><U15/><E57/><V115/><F22/><W83/><G135/><N who="1" m="51754" /><E113/><V21/><F21/><W80/><G2/><T111/><D111/><U27/><E15/><V74/><F20/><W16/><G9/><T46/><D0/><U114/><E114/><V75/><F75/><W84/><G98/><T10/><D102/><U28/><E31/><V66/><F74/><W124/><G124/><T120/><D120/><N who="2" m="46186" /><F68/><W131/><G131/><T70/><D70/><U100/><E100/><V99/><F99/><W133/><G133/><T56/><D1/><U130/><E130/><V59/><F129/><W85/><G43/><N who="2" m="11009" /><V14/><DORA hai="81" /><F14/><W94/><G94/><AGARI ba="0,0" hai="6,7,27,28,34,86,90,94" m="51754,45163" machi="94" ten="30,3900,0" yaku="12,1,20,1,52,1" doraHai="110,81" who="1" fromWho="3" sc="283,0,325,39,125,0,267,-39" /><INIT seed="4,0,0,4,1,56" ten="283,364,125,228" oya="0" hai0="103,20,65,126,92,37,47,33,70,67,22,124,127" hai1="59,104,77,21,12,18,125,51,13,129,122,63,75" hai2="58,134,73,102,79,43,81,76,130,84,97,78,41" hai3="62,83,35,16,118,28,0,112,116,4,55,85,94"/><T60/><D33/><U113/><E122/><V2/><F2/><W132/><G112/><T64/><D64/><U114/><E104/><N who="2" m="63567" /><F58/><W110/><G110/><T30/><D67/><U80/><E129/><V93/><F43/><W6/><G132/><T45/><D30/><U115/><E51/><V36/><F41/><W86/><G35/><T123/><D123/><U128/><E128/><V27/><F27/><W106/><G106/><T44/><D37/><U98/><E98/><AGARI ba="0,0" hai="20,22,44,45,47,60,65,70,92,98,103,124,126,127" machi="98" ten="50,4800,0" yaku="18,1,52,1" doraHai="56" who="0" fromWho="1" sc="283,48,364,-48,125,0,228,0" /><INIT seed="4,1,0,4,0,118" ten="331,316,125,228" oya="0" hai0="57,95,11,33,124,43,97,90,133,0,132,66,32" hai1="101,56,113,4,24,125,72,87,83,71,65,38,109" hai2="127,73,35,77,14,1,28,40,15,47,82,126,25" hai3="107,76,115,52,116,134,58,31,121,129,103,89,22"/><T46/><D124/><U34/><E125/><V111/><F111/><W99/><G116/><T102/><D0/><U49/><E109/><V17/><F127/><W69/><G69/><T21/><D11/><U74/><E38/><V61/><F126/><W122/><G115/><T27/><D90/><U106/><E113/><V51/><F1/><W3/><G3/><T98/><D98/><U81/><E4/><V62/><REACH who="2" step="1"/><F14/><REACH who="2" ten="331,316,115,228" step="2"/><W42/><G134/><N who="0" m="51819" /><D66/><U5/><E65/><V80/><F80/><W9/><G129/><T104/><D104/><U85/><E106/><V88/><F88/><W45/><G89/><T112/><D112/><U70/><E83/><V44/><F44/><W64/><G76/><T110/><D110/><U135/><E81/><V36/><F36/><W20/><G64/><T12/><D12/><U86/><E135/><V67/><F67/><W6/><G45/><T91/><D57/><U63/><E56/><V7/><F7/><W79/><G79/><T37/><D91/><U68/><E5/><V2/><F2/><W131/><G131/><T8/><D8/><AGARI ba="1,1" hai="8,15,17,25,28,35,40,47,51,61,62,73,77,82" machi="8" ten="30,2000,0" yaku="1,1,7,1,53,0" doraHai="118" doraHaiUra="18" who="2" fromWho="0" sc="331,-23,316,0,115,33,228,0" /><INIT seed="5,0,0,1,4,130" ten="308,316,148,228" oya="1" hai0="67,131,109,69,41,65,18,88,134,102,47,1,31" hai1="98,56,112,45,104,34,86,5,75,52,17,61,76" hai2="13,77,79,73,64,43,87,114,70,35,8,124,60" hai3="6,42,128,106,32,26,66,129,10,48,11,46,12"/><U29/><E75/><V50/><F73/><W59/><G106/><T27/><D109/><U92/><E112/><V110/><F35/><W58/><G66/><T19/><D1/><U4/><E104/><V135/><F124/><W101/><G101/><T100/><D131/><N who="3" m="50249" /><G11/><T38/><D134/><U74/><E74/><V91/><F110/><W117/><G117/><T80/><D67/><U22/><E29/><AGARI ba="0,0" hai="6,10,12,26,29,32,42,46,48,58,59" m="50249" machi="29" ten="30,1000,0" yaku="19,1" doraHai="130" who="3" fromWho="1" sc="308,0,316,-10,148,0,228,10" /><INIT seed="6,0,0,1,0,71" ten="308,306,148,238" oya="2" hai0="38,28,118,65,78,63,41,46,29,7,36,52,54" hai1="91,101,99,32,62,85,112,111,95,64,6,24,135" hai2="13,79,134,72,127,105,133,109,69,68,129,8,121" hai3="22,126,103,23,25,15,117,5,132,107,34,48,57"/><V100/><F13/><W120/><G120/><T44/><D78/><U66/><E112/><V94/><F94/><W20/><G117/><T98/><D7/><U37/><E111/><V81/><F121/><W31/><G132/><N who="2" m="50793" /><F8/><N who="3" m="4495" /><G107/><T27/><D98/><U119/><E119/><V89/><F109/><W67/><G34/><T59/><D118/><U93/><E135/><V26/><F26/><W40/><G126/><T130/><D130/><U16/><E6/><V18/><F18/><W124/><G124/><T106/><D106/><U58/><E32/><V0/><F0/><W96/><G96/><T11/><D11/><U90/><E37/><V97/><F127/><W21/><G103/><T125/><D125/><U2/><E2/><V114/><F114/><W110/><G110/><T17/><D17/><U50/><E50/><V55/><F55/><N who="3" m="31975" /><G40/><T14/><D14/><U61/><E101/><V33/><F33/><W108/><G108/><T56/><D27/><U70/><E24/><V86/><F129/><W88/><G67/><T76/><D65/><U53/><E16/><V19/><F19/><W128/><G128/><T80/><D76/><U51/><E70/><V74/><F74/><W30/><G30/><T73/><D73/><U1/><E1/><V4/><F4/><W115/><G115/><T77/><D77/><U42/><E42/><V43/><F43/><W39/><G39/><T3/><D41/><U87/><E99/><V122/><F122/><W84/><G23/><T49/><D3/><U92/><E95/><AGARI ba="0,0" hai="20,21,22,25,31,84,88,95" m="31975,4495" machi="95" ten="30,2000,0" yaku="8,1,54,1" doraHai="71" who="3" fromWho="1" sc="308,0,306,-20,148,0,238,20" /><INIT seed="7,0,0,1,0,23" ten="308,286,148,258" oya="3" hai0="99,63,43,129,98,91,112,89,126,3,54,135,29" hai1="2,66,42,15,19,34,27,4,90,59,20,93,7" hai2="97,5,52,18,65,57,1,106,9,125,124,48,26" hai3="87,79,121,127,84,41,10,35,111,92,128,74,21"/><W30/><G35/><T132/><D3/><U115/><E2/><V39/><F39/><W114/><G121/><T17/><D129/><U118/><E118/><V133/><F133/><N who="0" m="51274" /><D126/><U28/><E42/><V117/><F117/><W95/><G74/><T104/><D112/><U56/><E115/><V77/><F77/><W22/><G114/><T83/><D29/><U47/><E47/><V51/><F51/><W73/><G73/><T62/><D43/><U81/><E81/><V86/><F86/><N who="3" m="32811" /><G79/><T122/><D122/><U67/><E34/><V64/><F97/><N who="0" m="36874" /><D104/><U25/><E28/><V58/><F106/><W46/><G127/><N who="2" m="48713" /><F58/><N who="1" m="22057" /><E90/><N who="0" m="34313" /><D83/><U119/><E119/><V101/><F101/><W109/><G128/><T16/><D54/><U6/><E93/><N who="3" m="35914" /><G30/><T8/><D8/><U82/><E82/><V49/><F49/><N who="3" m="26831" /><G10/><T108/><D108/><AGARI ba="0,0" hai="21,22,108,109,111" m="26831,35914,32811" machi="108" ten="30,1500,0" yaku="10,1" doraHai="23" who="3" fromWho="0" sc="308,-15,286,0,148,0,258,15" /><INIT seed="7,1,0,4,1,129" ten="293,286,148,273" oya="3" hai0="5,82,59,12,111,118,130,58,39,85,19,11,25" hai1="37,2,105,44,92,7,73,15,48,49,26,23,8" hai2="103,6,9,127,108,80,93,79,133,21,43,112,76" hai3="60,135,88,41,33,125,24,126,40,18,69,61,17"/><W120/><G135/><T0/><D111/><U42/><E105/><V70/><F70/><W57/><G120/><T106/><D39/><U30/><E73/><V45/><F108/><W128/><G128/><T107/><D130/><U31/><E31/><V75/><F112/><W99/><G69/><T14/><D106/><U64/><E64/><V66/><F66/><N who="3" m="39183" /><G61/><T22/><D107/><U91/><E2/><V89/><F127/><N who="3" m="48651" /><G33/><T35/><D118/><U10/><E10/><V74/><F21/><N who="3" m="13359" /><G18/><T90/><D14/><U3/><REACH who="1" step="1"/><E3/><REACH who="1" ten="293,276,148,273" step="2"/><N who="2" m="223" /><F103/><W84/><G99/><AGARI ba="1,1" hai="7,8,15,23,26,30,37,42,44,48,49,91,92,99" machi="99" ten="30,2000,0" yaku="1,1,7,1,53,0" doraHai="129" doraHaiUra="132" who="1" fromWho="3" sc="293,0,276,33,148,0,273,-23" owari="293,9.0,309,41.0,148,-35.0,250,-15.0" /></mjloggm>