<mjloggm ver="2.3"><GO type="169" lobby="0"/><UN n0="%E3%83%88%E3%83%88%E3%83%AA%E5%85%88%E7%94%9F%31%39%E6%AD%B3" n1="%E7%B5%B6%E5%AF%BE%E4%B9%B1%E8%88%9E" n2="%E3%81%A8%E3%81%A9%E3%81%8C" n3="%74%61%6E%70%61%74%73%75" dan="18,16,16,16" rate="2189.99,2106.97,2121.20,2081.89" sx="F,F,M,M"/><TAIKYOKU oya="0"/><INIT seed="0,0,0,5,5,32" ten="250,250,250,250" oya="0" hai0="121,128,131,19,29,133,44,60,70,57,38,78,55" hai1="135,98,21,8,119,14,74,72,54,69,43,66,16" hai2="27,3,76,6,87,0,33,82,84,102,39,59,94" hai3="64,80,68,99,52,120,109,10,107,13,103,106,108"/><T113/><D29/><U34/><E119/><V1/><F39/><W65/><G80/><T92/><D78/><U42/><E34/><V126/><F126/><W123/><G106/><T73/><D73/><U130/><E130/><N who="0" m="49705" /><D19/><U37/><E54/><V2/><F33/><W26/><G26/><T100/><D92/><U7/><E98/><V118/><F27/><W49/><G13/><T56/><D100/><U22/><E22/><V71/><F71/><W12/><G68/><T61/><D121/><N who="3" m="46665" /><G12/><T91/><D91/><U41/><E37/><V79/><F118/><W112/><G112/><T122/><D122/><U40/><E135/><V36/><F36/><W11/><G11/><T45/><D113/><U63/><N who="1" m="10240" /><DORA hai="17" /><U46/><REACH who="1" step="1"/><E46/><REACH who="1" ten="250,240,250,250" step="2"/><V111/><F102/><W20/><G20/><T81/><D133/><U30/><E30/><V75/><F75/><W101/><G101/><T132/><D132/><U104/><E104/><V83/><F111/><N who="3" m="42571" /><G10/><T25/><D38/><U24/><AGARI ba="0,1" hai="7,8,14,16,21,24,63,66,69,72,74" m="10240" machi="24" ten="40,8000,1" yaku="1,1,0,1,52,1,54,1,53,0" doraHai="32,17" doraHaiUra="53,50" who="1" fromWho="1" sc="250,-40,240,90,250,-20,250,-20" /><INIT seed="1,0,0,5,3,97" ten="210,330,230,230" oya="1" hai0="11,16,22,90,129,60,20,133,4,131,61,108,107" hai1="119,114,103,45,117,127,79,34,2,21,49,73,14" hai2="118,0,37,83,124,74,109,94,128,72,51,75,98" hai3="99,6,80,78,55,7,13,112,24,69,70,89,35"/><U10/><E34/><V125/><F37/><W27/><G112/><T1/><D108/><U31/><E114/><V41/><F0/><W95/><G35/><T120/><D133/><U28/><E2/><V66/><F109/><W39/><G39/><T56/><D120/><U53/><E127/><V105/><F118/><W132/><G132/><T9/><D61/><U30/><E21/><V44/><F128/><N who="0" m="49226" /><D107/><U23/><E23/><V93/><F66/><W87/><G55/><N who="0" m="33823" /><D90/><U101/><E79/><V52/><F124/><W54/><G54/><T48/><D48/><U3/><E3/><V25/><F125/><W71/><REACH who="3" step="1"/><G13/><AGARI ba="0,0" hai="1,4,9,11,13,16,20,22" m="33823,49226" machi="13" ten="30,2000,0" yaku="19,1,54,1" doraHai="97" who="0" fromWho="3" sc="210,20,330,0,230,0,230,-20" /><INIT seed="2,0,0,2,5,130" ten="230,330,230,210" oya="2" hai0="1,120,46,57,72,105,10,78,38,92,36,62,16" hai1="116,90,45,11,22,18,114,107,122,126,104,60,32" hai2="79,65,35,99,61,74,91,132,53,102,69,4,12" hai3="124,15,108,129,83,25,101,5,28,119,3,20,6"/><V43/><F43/><W95/><G83/><T133/><D120/><U54/><E122/><V113/><F113/><W106/><G95/><T127/><D105/><U31/><E116/><V37/><F37/><W8/><G101/><T96/><D127/><U70/><E114/><V51/><F35/><W2/><G106/><T49/><D78/><U131/><E11/><V85/><F4/><N who="3" m="1643" /><G119/><T17/><D72/><U115/><E90/><V19/><F74/><W47/><G47/><T94/><D1/><N who="3" m="9" /><G129/><T89/><D10/><U21/><E54/><V88/><F79/><W118/><G118/><T0/><D0/><U50/><E60/><V76/><F76/><W56/><G56/><T103/><D38/><U117/><E50/><V71/><F85/><W110/><G124/><T14/><D14/><U75/><E45/><V34/><F71/><W100/><G100/><T87/><D133/><U9/><E70/><V125/><F132/><W112/><G112/><T80/><D80/><U97/><E115/><V86/><F125/><W42/><G42/><N who="0" m="24791" /><D36/><U7/><E126/><V26/><F86/><W134/><G134/><T67/><AGARI ba="0,0" hai="16,17,57,62,67,87,89,92,94,96,103" m="24791" machi="67" ten="30,2000,0" yaku="8,1,54,1" doraHai="130" who="0" fromWho="0" sc="230,20,330,-5,230,-10,210,-5" /><INIT seed="3,0,0,0,3,31" ten="250,325,220,205" oya="3" hai0="17,37,41,94,121,103,91,93,40,26,124,54,79" hai1="57,32,80,135,30,43,128,6,92,89,75,118,74" hai2="62,108,8,131,9,123,28,25,63,66,20,39,24" hai3="86,14,51,105,67,126,71,45,34,113,132,12,125"/><W104/><G113/><T107/><D121/><U78/><E128/><V117/><F131/><W18/><G132/><T42/><D124/><N who="3" m="47721" /><G86/><T106/><D37/><U52/><E135/><V98/><F117/><W49/><G51/><T102/><D79/><U1/><E43/><V134/><F39/><W101/><G101/><T46/><D107/><N who="3" m="41033" /><G34/><T114/><D106/><U77/><E118/><V23/><F134/><W73/><G73/><T10/><D114/><U7/><E1/><V48/><F123/><W100/><G100/><T50/><D93/><U70/><E70/><V83/><F98/><W111/><G111/><T116/><D116/><U99/><E32/><V55/><F83/><W19/><G71/><T110/><D110/><U81/><REACH who="1" step="1"/><E30/><REACH who="1" ten="250,315,220,205" step="2"/><V95/><F108/><W29/><G29/><T59/><D42/><U22/><E22/><V0/><F28/><W90/><G67/><T87/><D41/><U44/><E44/><V15/><F66/><W61/><G45/><T21/><D40/><U56/><E56/><V58/><F58/><W115/><G115/><T109/><D109/><U82/><E82/><V53/><F0/><W68/><G68/><T129/><D129/><U72/><E72/><V127/><F127/><W130/><G130/><T84/><D46/><U16/><E16/><V11/><F23/><W27/><G18/><T96/><D10/><U2/><E2/><V33/><F20/><W60/><G19/><T38/><D38/><U5/><E5/><V76/><F33/><W65/><G65/><T13/><D26/><N who="2" m="10346" /><F11/><W35/><G35/><T85/><AGARI ba="0,1" hai="13,17,21,50,54,59,84,85,87,91,94,96,102,103" machi="85" ten="30,4000,0" yaku="5,1,0,1,8,1" doraHai="31" who="0" fromWho="0" sc="250,50,315,-10,220,-10,205,-20" /><INIT seed="4,0,0,4,4,44" ten="300,305,210,185" oya="0" hai0="119,126,81,85,60,107,93,86,76,118,18,68,39" hai1="117,78,135,47,57,9,11,32,115,45,17,49,62" hai2="66,134,113,88,43,70,94,1,116,61,96,36,129" hai3="90,64,51,71,89,0,123,12,65,46,50,122,87"/><T124/><D39/><U128/><E32/><V20/><F113/><W7/><G0/><T26/><D107/><U103/><E117/><V55/><F116/><W67/><G71/><T19/><D68/><U104/><E128/><V53/><F129/><W22/><G46/><T31/><D60/><U121/><E121/><N who="3" m="46090" /><G7/><T21/><D119/><U97/><E135/><V15/><F1/><W40/><G40/><T82/><D93/><U29/><E29/><V120/><F134/><W112/><G112/><T108/><D108/><U63/><E47/><V102/><F43/><W133/><G133/><T25/><D118/><U98/><E78/><V10/><F36/><W84/><G22/><T54/><D54/><U72/><E72/><V69/><F20/><W111/><G12/><T83/><D83/><U5/><E115/><V99/><F69/><W13/><G13/><T6/><D6/><U95/><E17/><V33/><F33/><W73/><G73/><T75/><D75/><U27/><E27/><V42/><F42/><W23/><G23/><T110/><D110/><U38/><E38/><V41/><F41/><W3/><G3/><T132/><D132/><U34/><E34/><V52/><F120/><W106/><G106/><T14/><D19/><U125/><E104/><V77/><F15/><W58/><G58/><T127/><REACH who="0" step="1"/><D31/><REACH who="0" ten="290,305,210,185" step="2"/><U100/><E5/><V109/><F109/><W74/><G74/><T80/><D80/><U59/><E95/><V35/><F70/><W16/><G111/><T2/><D2/><U130/><E130/><V79/><F94/><N who="3" m="54567" /><G16/><T4/><D4/><RYUUKYOKU ba="0,1" sc="290,15,305,-15,210,-15,185,15" hai0="14,18,21,25,26,76,81,82,85,86,124,126,127" hai3="50,51,64,65,67,87,90" /><INIT seed="4,1,1,2,4,78" ten="305,290,195,200" oya="0" hai0="126,31,83,66,62,32,28,119,103,85,109,45,63" hai1="57,21,107,86,99,44,89,54,33,7,101,60,72" hai2="88,84,27,3,82,108,133,40,102,96,41,12,39" hai3="4,1,0,87,80,10,90,36,48,24,70,117,49"/><T55/><D119/><U131/><E33/><V120/><F108/><W34/><G36/><T125/><D109/><U17/><E131/><V29/><F133/><W20/><G70/><T92/><D92/><U134/><E134/><V18/><F3/><W51/><G117/><T75/><D75/><U81/><E72/><V42/><F120/><W64/><G64/><T132/><D103/><U26/><E44/><V135/><F135/><W43/><G34/><T50/><D132/><U100/><E100/><V9/><F39/><W91/><G0/><T22/><D22/><U59/><E59/><V35/><REACH who="2" step="1"/><F41/><REACH who="2" ten="305,290,185,200" step="2"/><W130/><G130/><T2/><D2/><U114/><E114/><V94/><F94/><BYE who="2" /><W38/><G38/><T110/><D62/><U128/><E128/><V30/><F30/><W111/><G111/><T6/><D6/><UN n2="%E3%81%A8%E3%81%A9%E3%81%8C" /><U98/><E98/><V52/><F52/><W74/><G43/><T124/><D110/><U104/><E7/><V53/><F53/><W76/><REACH who="3" step="1"/><G74/><REACH who="3" ten="305,290,185,190" step="2"/><T71/><REACH who="0" step="1"/><D32/><REACH who="0" ten="295,290,185,190" step="2"/><U16/><REACH who="1" step="1"/><E107/><REACH who="1" ten="295,280,185,190" step="2"/><RYUUKYOKU type="reach4" ba="1,5" sc="295,0,280,0,185,0,190,0" hai0="28,31,45,50,55,63,66,71,83,85,124,125,126" hai1="16,17,21,26,54,57,60,81,86,89,99,101,104" hai2="9,12,18,27,29,35,40,42,82,84,88,96,102" hai3="1,4,10,20,24,48,49,51,76,80,87,90,91" /><INIT seed="4,2,5,5,5,80" ten="295,280,185,190" oya="0" hai0="128,113,111,41,120,2,97,87,104,58,121,79,105" hai1="116,33,78,32,64,112,22,125,102,118,73,28,109" hai2="13,84,65,56,29,26,132,8,25,20,43,114,21" hai3="89,36,91,70,23,16,99,24,81,117,9,4,98"/><T108/><D2/><U66/><E109/><N who="0" m="42057" /><D113/><U18/><E112/><V101/><F114/><W95/><G70/><T15/><D128/><U72/><E102/><V83/><F132/><W11/><G36/><T40/><D97/><N who="3" m="36873" /><G117/><T10/><D58/><U126/><E28/><N who="2" m="17455" /><F101/><W35/><G35/><T75/><D87/><U1/><E1/><V42/><F56/><W54/><G81/><N who="0" m="45311" /><D41/><U124/><E78/><N who="2" m="46199" /><F65/><N who="1" m="25193" /><E32/><V60/><F60/><W6/><G54/><T106/><D40/><U134/><E33/><V63/><F63/><W123/><G123/><T115/><D115/><U46/><E134/><V7/><AGARI ba="2,5" hai="7,8,13,20,26,29,42,43" m="46199,17455" machi="7" ten="30,2000,0" yaku="8,1,52,1" doraHai="80" who="2" fromWho="2" sc="295,-12,280,-7,185,76,190,-7" /><INIT seed="5,0,0,4,0,56" ten="283,273,261,183" oya="1" hai0="96,130,22,77,63,127,75,61,69,27,80,23,19" hai1="4,2,52,120,71,114,129,10,125,39,51,25,99" hai2="58,15,35,91,70,18,45,90,76,128,34,121,41" hai3="14,60,123,31,21,65,103,13,11,82,59,135,94"/><U54/><E120/><V124/><F70/><W8/><G135/><T105/><D69/><U53/><E71/><V66/><F76/><W78/><G123/><T49/><D130/><U73/><E39/><V33/><F121/><W92/><G103/><T133/><D133/><U126/><E129/><V86/><F128/><W95/><G31/><T50/><D127/><N who="1" m="48651" /><E73/><V29/><F124/><W17/><REACH who="3" step="1"/><G13/><REACH who="3" ten="283,273,261,173" step="2"/><T5/><D27/><U97/><E114/><V93/><F29/><W84/><AGARI ba="0,1" hai="8,11,14,17,21,59,60,65,78,82,84,92,94,95" machi="84" ten="30,8000,1" yaku="1,1,2,1,0,1,8,1,52,1,53,0" doraHai="56" doraHaiUra="32" who="3" fromWho="3" sc="283,-20,273,-40,261,-20,173,90" /><INIT seed="6,0,0,4,3,67" ten="263,233,241,263" oya="2" hai0="121,16,125,122,12,5,11,65,55,112,74,113,7" hai1="17,54,96,97,58,77,78,86,25,102,32,71,35" hai2="131,56,73,0,130,99,19,23,40,76,79,118,90" hai3="14,61,101,13,15,88,39,129,93,8,62,6,37"/><V49/><F0/><W117/><G117/><T51/><D74/><U57/><E71/><V92/><F118/><W43/><G101/><T105/><D105/><U29/><E35/><V47/><F73/><W46/><G129/><T107/><D107/><U133/><E133/><V83/><F83/><W59/><G39/><T85/><D85/><U38/><E38/><V98/><F99/><W95/><G95/><T109/><D65/><U33/><E33/><V126/><F126/><W66/><REACH who="3" step="1"/><G61/><REACH who="3" ten="263,233,241,253" step="2"/><T114/><D125/><U80/><E102/><V10/><F130/><W42/><G42/><T28/><D121/><U2/><E80/><V115/><F131/><W119/><G119/><T68/><D122/><U48/><E96/><AGARI ba="0,1" hai="6,8,13,14,15,37,43,46,59,62,66,88,93,96" machi="96" ten="30,3900,0" yaku="1,1,7,1,54,1,53,0" doraHai="67" doraHaiUra="21" who="3" fromWho="1" sc="263,0,233,-39,241,0,253,49" /><INIT seed="7,0,0,4,4,41" ten="263,194,241,302" oya="3" hai0="117,75,63,114,91,73,130,26,104,83,40,13,55" hai1="121,17,94,88,87,16,119,98,8,5,52,34,64" hai2="89,61,14,131,44,109,128,56,3,66,37,129,4" hai3="36,23,32,92,67,110,82,28,118,132,33,48,79"/><W77/><G36/><T31/><D117/><U24/><E119/><V124/><F109/><W25/><G132/><T51/><D104/><U100/><E121/><V69/><F124/><W47/><G110/><T1/><D1/><U43/><E43/><N who="2" m="22639" /><F3/><W84/><G67/><T29/><D63/><U95/><E64/><V38/><F38/><W80/><G92/><T123/><D40/><U54/><E34/><V49/><F89/><W122/><G122/><T103/><D91/><U134/><E134/><V105/><F105/><W74/><G118/><T68/><D103/><U133/><E133/><V50/><F4/><W6/><G6/><T70/><D13/><N who="1" m="5263" /><E24/><V7/><F7/><W101/><G101/><T53/><D26/><U81/><E81/><V99/><F99/><W57/><G57/><T0/><D83/><U15/><E17/><V71/><F14/><W35/><G35/><T108/><D0/><U59/><E59/><V120/><F120/><W107/><G107/><T19/><D19/><U45/><E45/><V42/><F42/><AGARI ba="0,0" hai="23,25,28,32,33,42,47,48,74,77,79,80,82,84" machi="42" ten="30,2900,0" yaku="7,1,52,1" doraHai="41" who="3" fromWho="2" sc="263,0,194,0,241,-29,302,29" owari="263,6.0,194,-31.0,212,-19.0,331,44.0" /></mjloggm>