<mjloggm ver="2.3"><GO type="169" lobby="0"/><UN n0="%E3%82%A6%E3%83%AB%E3%83%88%E3%83%A9%E7%AB%8B%E7%9B%B4" n1="%E3%82%84%E3%81%9F%E3%82%B1%E3%83%B3" n2="%E3%81%84%E3%81%8F%E3%82%84%E3%81%BE%E2%98%86%E3%81%95%E3%82%80%E3%81%8A" n3="%E9%96%A2%E4%B8%83%E6%B5%B7" dan="17,17,16,17" rate="2201.97,2212.90,2066.37,2149.69" sx="M,M,M,M"/><TAIKYOKU oya="0"/><INIT seed="0,0,0,2,2,55" ten="250,250,250,250" oya="0" hai0="56,50,20,84,82,57,30,131,19,72,0,135,4" hai1="26,66,77,59,98,101,134,9,93,14,95,6,125" hai2="31,127,70,115,65,2,89,118,132,104,13,7,27" hai3="96,102,44,61,28,88,35,109,15,17,87,97,74"/><T75/><D131/><U8/><E125/><V48/><F104/><W85/><G74/><T112/><D112/><U41/><E134/><V79/><F79/><W1/><G1/><T24/><D135/><U37/><E77/><V23/><F132/><W90/><G109/><T99/><D75/><U60/><E37/><V128/><F70/><W54/><G35/><T86/><D72/><U124/><E124/><V78/><F78/><W76/><G28/><T11/><D99/><U130/><E130/><V63/><F127/><W33/><G33/><T108/><D108/><U52/><E41/><V119/><F48/><W107/><G76/><T123/><D123/><U38/><E38/><V46/><F46/><W105/><G44/><T110/><D110/><U67/><E26/><V103/><F103/><W114/><G114/><T73/><D73/><U81/><E81/><V117/><F128/><W58/><G105/><T122/><D122/><U126/><E126/><V80/><F115/><W5/><G5/><T16/><D50/><U10/><E95/><V68/><F2/><W49/><G49/><T53/><D53/><U83/><E83/><V69/><F80/><N who="3" m="49191" /><G102/><T62/><D62/><U45/><E45/><V21/><F89/><W92/><G107/><T100/><D100/><U129/><E129/><V40/><F69/><W116/><G116/><T106/><D106/><U133/><E133/><V94/><F40/><W113/><G113/><T111/><D111/><U22/><E6/><V32/><REACH who="2" step="1"/><F94/><REACH who="2" ten="250,250,240,250" step="2"/><W36/><G36/><T34/><D82/><U29/><E101/><V51/><F51/><RYUUKYOKU ba="0,1" sc="250,-15,250,-15,240,15,250,15" hai2="7,13,21,23,27,31,32,63,65,68,117,118,119" hai3="15,17,54,58,61,87,90,92,96,97" /><INIT seed="1,1,1,0,3,6" ten="235,235,255,265" oya="1" hai0="117,9,22,100,53,20,90,61,28,39,71,19,51" hai1="93,130,25,40,0,1,87,111,64,78,52,45,29" hai2="14,115,62,34,48,88,8,23,85,122,97,129,43" hai3="49,3,105,42,121,91,32,113,106,98,12,133,116"/><U66/><E130/><V7/><F122/><W35/><G3/><T57/><D117/><U114/><E114/><V56/><F34/><W26/><G121/><T135/><D135/><U109/><E40/><V11/><F129/><W107/><G133/><T83/><D39/><U99/><E78/><V15/><F115/><W72/><G72/><T92/><D28/><U131/><E87/><V69/><F23/><W110/><G110/><N who="1" m="41994" /><E131/><V102/><F69/><W31/><G116/><T46/><D71/><U59/><E45/><N who="2" m="25663" /><F102/><W126/><G126/><T125/><D100/><N who="1" m="60527" /><E1/><V75/><F75/><W13/><G113/><T101/><D101/><U44/><E44/><V63/><F56/><W60/><G42/><T4/><D125/><U96/><E96/><V38/><F38/><W55/><G98/><T94/><D83/><U37/><E0/><V77/><F77/><W112/><G112/><T50/><D46/><U134/><E37/><V127/><F97/><W33/><G91/><T17/><D90/><U103/><E103/><V10/><F127/><W67/><G106/><T124/><D124/><U65/><E134/><V89/><F89/><W70/><G107/><T76/><D76/><U54/><E59/><V120/><F120/><W68/><G68/><T128/><D128/><U74/><E74/><V123/><F123/><W79/><G79/><T5/><D57/><U132/><E132/><V108/><F108/><W16/><G105/><T119/><D119/><U27/><E27/><V58/><F58/><W104/><G104/><T18/><D92/><U86/><E86/><V95/><F15/><RYUUKYOKU ba="1,1" sc="235,-15,235,15,255,15,265,-15" hai1="25,29,52,54,64,65,66" hai2="7,8,10,11,14,62,63,85,88,95" /><INIT seed="1,2,1,5,2,10" ten="220,250,270,250" oya="1" hai0="61,64,16,1,18,28,41,3,52,68,134,46,132" hai1="118,83,99,82,55,71,40,105,59,35,19,4,36" hai2="21,110,94,25,45,31,133,54,127,84,58,113,26" hai3="17,131,50,12,124,66,120,73,80,33,74,5,20"/><U101/><E118/><V115/><F110/><W49/><G120/><T78/><D28/><U72/><E71/><V92/><F133/><N who="0" m="51306" /><D78/><U122/><E122/><V29/><F127/><W93/><G124/><T22/><D18/><U128/><E35/><N who="2" m="20911" /><F45/><W0/><G33/><T60/><D60/><U47/><E128/><V104/><F84/><W51/><G131/><T9/><D9/><U32/><E32/><V57/><F104/><W130/><G130/><T14/><D52/><U15/><E4/><V76/><F76/><W53/><G66/><T119/><D119/><U37/><E37/><AGARI ba="2,1" hai="1,3,14,16,22,37,41,46,61,64,68" m="51306" machi="37" ten="30,3900,0" yaku="20,1,52,1,54,1" doraHai="10" who="0" fromWho="1" sc="220,55,250,-45,270,0,250,0" /><INIT seed="2,0,0,1,3,77" ten="275,205,270,250" oya="2" hai0="31,58,124,46,56,4,23,44,8,6,27,40,130" hai1="3,91,110,125,0,42,1,76,7,17,22,52,61" hai2="100,12,81,59,49,35,36,111,30,134,90,11,24" hai3="119,47,10,102,39,92,86,99,113,2,117,51,14"/><V88/><F36/><W87/><G113/><T80/><D124/><U15/><E125/><V128/><F128/><W50/><G2/><T109/><D109/><U28/><E110/><V89/><F111/><W118/><G39/><T85/><D130/><U79/><E42/><V64/><F134/><W107/><G107/><T34/><D34/><U54/><E7/><V96/><F81/><W72/><G72/><T63/><D44/><U98/><E28/><V29/><F29/><W71/><G71/><T101/><D101/><U84/><E98/><V38/><F38/><W43/><REACH who="3" step="1"/><G50/><REACH who="3" ten="275,205,270,240" step="2"/><T108/><D108/><U120/><E120/><V65/><F49/><W94/><G94/><T37/><D63/><U19/><E3/><V20/><F35/><W70/><G70/><T115/><D115/><U48/><E0/><V55/><F100/><W32/><G32/><T75/><D75/><U82/><E1/><V93/><F93/><W16/><AGARI ba="0,1" hai="10,14,16,43,47,51,86,87,92,99,102,117,118,119" machi="16" ten="30,4000,0" yaku="1,1,0,1,54,1,53,0" doraHai="77" doraHaiUra="105" who="3" fromWho="3" sc="275,-10,205,-10,270,-20,240,50" /><INIT seed="3,0,0,1,0,90" ten="265,195,250,290" oya="3" hai0="34,94,91,44,88,105,20,52,30,99,110,53,36" hai1="63,85,17,12,89,8,24,80,86,37,25,67,100" hai2="135,127,58,113,111,129,54,1,87,131,134,49,21" hai3="82,50,78,16,65,98,27,133,0,15,42,62,47"/><W13/><G0/><T61/><D34/><U35/><E37/><V128/><F1/><W18/><G133/><N who="2" m="50697" /><F21/><W59/><G98/><T83/><D105/><U14/><E35/><V70/><F87/><W6/><G27/><N who="0" m="16743" /><D36/><U57/><E100/><V5/><F5/><W76/><G6/><T97/><D110/><U124/><E124/><V103/><F103/><W74/><G74/><T106/><D106/><U101/><E101/><V73/><F73/><W102/><G102/><N who="0" m="60727" /><D83/><U122/><E122/><V29/><F111/><W22/><REACH who="3" step="1"/><G82/><REACH who="3" ten="265,195,250,280" step="2"/><T26/><D26/><U45/><E14/><V112/><F127/><W107/><G107/><T41/><D99/><U40/><E86/><V93/><F93/><W68/><G68/><T60/><D41/><U71/><E71/><V123/><F123/><W32/><G32/><T72/><D72/><U39/><AGARI ba="0,1" hai="8,12,17,24,25,39,40,45,57,63,67,80,85,89" machi="39" ten="20,1500,0" yaku="0,1,7,1" doraHai="90" who="1" fromWho="1" sc="265,-4,195,25,250,-4,280,-7" /><INIT seed="4,0,0,1,0,81" ten="261,220,246,273" oya="0" hai0="39,93,55,111,50,95,30,34,8,42,64,79,73" hai1="121,18,48,0,45,94,126,113,132,80,108,112,44" hai2="102,37,97,87,120,13,40,104,36,11,103,71,92" hai3="46,65,27,23,100,62,75,54,24,35,58,67,51"/><T131/><D131/><U56/><E121/><V26/><F120/><W32/><G75/><T22/><D34/><U28/><E108/><V128/><F71/><W99/><G67/><T77/><D111/><U21/><E0/><V68/><F128/><W17/><REACH who="3" step="1"/><G27/><REACH who="3" ten="261,220,246,263" step="2"/><T119/><D64/><U107/><E113/><V69/><F26/><W20/><G20/><T74/><D73/><U33/><E21/><V72/><F72/><W82/><G82/><T29/><D74/><U88/><E80/><V31/><F68/><W25/><G25/><T129/><D22/><U41/><E112/><V3/><F69/><W47/><G47/><T76/><D129/><U105/><E45/><V38/><F36/><W84/><G84/><T86/><D86/><U10/><E44/><V14/><F87/><W127/><G127/><T52/><D39/><U134/><E126/><V125/><F125/><W101/><G101/><T115/><D115/><U91/><E33/><V66/><F103/><W53/><G53/><T124/><D124/><U57/><E57/><V89/><F66/><W98/><G98/><T16/><D55/><U85/><E56/><V106/><F37/><W15/><G15/><N who="0" m="7271" /><D42/><U49/><E41/><V130/><F40/><W43/><G43/><T133/><D119/><U2/><E85/><V96/><F38/><W114/><G114/><T122/><D122/><U9/><E2/><V19/><F3/><W118/><G118/><T63/><D52/><U135/><E135/><V109/><F130/><W5/><G5/><T78/><D133/><U1/><E1/><V61/><F102/><RYUUKYOKU ba="0,1" sc="261,-10,220,-10,246,-10,263,30" hai3="17,23,24,32,35,46,51,54,58,62,65,99,100" /><INIT seed="5,1,1,5,1,84" ten="251,210,236,293" oya="1" hai0="81,95,38,119,135,41,78,29,70,54,37,102,67" hai1="27,14,90,130,35,61,122,40,97,115,77,19,120" hai2="59,116,127,73,7,42,48,79,5,34,107,86,50" hai3="30,92,71,131,99,80,33,96,24,89,0,76,46"/><U111/><E115/><V113/><F116/><W133/><G133/><T4/><D119/><U132/><E132/><V91/><F113/><W65/><G0/><T108/><D108/><U104/><E111/><V39/><F107/><W18/><G99/><T28/><D67/><U105/><E105/><V68/><F68/><W69/><G131/><T16/><D70/><U36/><E130/><V124/><F39/><W1/><G1/><T123/><D4/><N who="2" m="1610" /><F34/><W75/><G65/><T57/><D135/><U3/><E3/><V58/><F73/><W56/><G56/><N who="2" m="21545" /><F79/><W26/><G46/><T114/><D38/><U103/><E77/><V62/><F62/><W110/><G110/><T44/><D123/><U47/><E61/><V55/><F55/><W87/><G75/><T43/><D43/><U82/><E35/><V45/><F42/><W112/><G112/><T128/><D54/><U125/><E27/><V31/><F45/><W17/><G26/><T21/><D57/><U25/><E25/><V100/><F100/><W126/><G71/><T60/><D60/><U93/><E82/><N who="2" m="49623" /><F31/><W15/><G69/><T53/><D53/><U32/><E32/><V85/><F85/><W63/><G63/><T10/><D29/><U20/><REACH who="1" step="1"/><E125/><AGARI ba="1,1" hai="48,50,124,125,127" m="49623,21545,1610" machi="125" ten="30,2000,0" yaku="18,1,52,1" doraHai="84" who="2" fromWho="1" sc="251,0,210,-23,236,33,293,0" /><INIT seed="6,0,0,2,4,105" ten="251,187,269,293" oya="2" hai0="63,111,26,129,78,97,52,18,130,126,49,37,71" hai1="59,86,32,20,89,22,14,91,122,87,114,90,46" hai2="43,60,16,53,101,66,72,67,82,8,95,79,133" hai3="56,29,45,107,135,115,38,15,104,84,44,117,4"/><V54/><F133/><W77/><G117/><T65/><D111/><U64/><E32/><V25/><F43/><W47/><G135/><T123/><D123/><U21/><E122/><V11/><F11/><W7/><G38/><T100/><D37/><U1/><E1/><V10/><F10/><W42/><G29/><T2/><D2/><U0/><E0/><V80/><F80/><N who="3" m="47119" /><G4/><T106/><D126/><U103/><E114/><V48/><F48/><N who="3" m="26647" /><G115/><T116/><D116/><U127/><E127/><V74/><F74/><W94/><G94/><T131/><D78/><U110/><E110/><V109/><F109/><W61/><G104/><T125/><D125/><U5/><E103/><V120/><F120/><W113/><G107/><T81/><D81/><U27/><E27/><V34/><F34/><W41/><G41/><T69/><D69/><U36/><E36/><V30/><F30/><W102/><G102/><T70/><D70/><U92/><E46/><V73/><F73/><W119/><G119/><T85/><D85/><U112/><E112/><V40/><F40/><W76/><G76/><T12/><D26/><U13/><E5/><V96/><F67/><N who="3" m="39335" /><G113/><T28/><D28/><U118/><E118/><V55/><F8/><AGARI ba="0,0" hai="7,8,15,45,47" m="39335,26647,47119" machi="8" ten="30,2000,0" yaku="25,1,8,1" doraHai="105" who="3" fromWho="2" sc="251,0,187,0,269,-20,293,20" /><INIT seed="7,0,0,5,3,6" ten="251,187,249,313" oya="3" hai0="5,133,128,88,36,115,22,9,81,70,90,123,1" hai1="53,108,92,73,4,56,50,85,15,102,12,131,69" hai2="86,35,72,23,67,38,64,132,0,31,46,58,93" hai3="98,59,76,82,134,127,101,107,84,95,112,27,21"/><W34/><G34/><T83/><D70/><U7/><E69/><V121/><F72/><W40/><G112/><T94/><D123/><U33/><E73/><V104/><F58/><W75/><G40/><T52/><D36/><U17/><E33/><V71/><F23/><W37/><G37/><T43/><D43/><U96/><E108/><V32/><F86/><W113/><G113/><T10/><D22/><U74/><E74/><V39/><F93/><W45/><G45/><T19/><D90/><U26/><E131/><V61/><F64/><W135/><G59/><T105/><D105/><U3/><E3/><V87/><F87/><W55/><G55/><T119/><D133/><U42/><E42/><N who="2" m="22871" /><F132/><W60/><G127/><T100/><D100/><U57/><E26/><V120/><F39/><W44/><G44/><T14/><D119/><U116/><E116/><V25/><F35/><W91/><G60/><T97/><D115/><U49/><E85/><V30/><F30/><AGARI ba="0,0" hai="21,27,30,75,76,82,84,91,95,98,101,107,134,135" machi="30" ten="40,3900,0" yaku="24,2" doraHai="6" who="3" fromWho="2" sc="251,0,187,0,249,-39,313,39" owari="251,5.0,187,-31.0,210,-19.0,352,45.0" /></mjloggm>