<mjloggm ver="2.3"><GO type="169" lobby="0"/><UN n0="%61%6D%65%64%69%6F" n1="%E3%82%8A%E3%82%87%E3%81%86%E3%81%BE%35%37%32%34" n2="%E3%81%86%E3%82%89%E3%81%97%E3%81%92%E3%82%8B" n3="%E3%83%88%E3%83%88%E3%83%AA%E5%85%88%E7%94%9F%31%39%E6%AD%B3" dan="17,16,16,19" rate="2182.06,2135.47,2129.83,2265.65" sx="M,M,M,F"/><TAIKYOKU oya="0"/><INIT seed="0,0,0,0,4,84" ten="250,250,250,250" oya="0" hai0="8,16,133,1,85,76,82,73,127,5,75,28,2" hai1="13,91,22,132,35,31,3,99,58,100,135,38,79" hai2="124,104,63,54,62,9,4,77,25,81,12,102,115" hai3="87,112,125,66,52,26,121,94,44,103,6,27,40"/><T113/><D113/><U14/><E3/><V80/><F115/><W42/><G112/><T86/><D2/><U11/><E38/><V7/><F124/><W101/><G125/><T117/><D117/><U30/><E35/><V74/><F25/><W53/><G121/><T95/><D133/><N who="1" m="51275" /><E79/><V109/><F109/><W10/><G66/><T37/><D28/><N who="1" m="10795" /><E22/><V65/><F80/><W59/><G26/><T64/><D37/><U90/><E58/><V43/><F43/><W48/><G27/><T105/><D105/><N who="1" m="63647" /><E13/><V51/><F65/><W83/><G103/><T116/><D116/><U122/><E122/><V72/><F72/><W68/><G68/><T134/><D134/><U70/><E70/><V97/><F7/><AGARI ba="0,0" hai="7,11,14,90,91" m="63647,10795,51275" machi="7" ten="30,3900,0" yaku="20,1,52,2" doraHai="84" who="1" fromWho="2" sc="250,0,250,39,250,-39,250,0" /><INIT seed="1,0,0,3,5,106" ten="250,289,211,250" oya="1" hai0="130,13,54,101,52,80,96,65,26,72,131,35,82" hai1="1,51,24,84,118,87,69,48,117,6,119,76,86" hai2="92,34,107,15,44,63,132,3,46,2,29,38,16" hai3="25,50,47,112,23,36,74,127,121,134,42,18,83"/><U113/><E69/><V98/><F107/><W78/><G121/><T12/><D65/><U103/><E113/><V108/><F108/><W21/><G112/><T90/><D26/><U114/><E114/><V91/><F132/><W123/><G123/><T58/><D35/><U57/><E103/><V20/><F63/><W67/><G134/><T135/><D135/><U70/><E70/><V56/><F56/><W0/><G0/><T7/><D90/><U71/><E71/><V45/><F38/><W110/><G110/><T97/><D7/><U32/><E76/><V60/><REACH who="2" step="1"/><F60/><REACH who="2" ten="250,289,201,250" step="2"/><W129/><G36/><T94/><D58/><U77/><E77/><V73/><F73/><W62/><G62/><T100/><D94/><U95/><E95/><V120/><F120/><W88/><G78/><T115/><D115/><U85/><E57/><V27/><AGARI ba="0,1" hai="2,3,15,16,20,27,29,34,44,45,46,91,92,98" machi="27" ten="30,4000,0" yaku="1,1,0,1,54,1,53,0" doraHai="106" doraHaiUra="111" who="2" fromWho="2" sc="250,-10,289,-20,201,50,250,-10" /><INIT seed="2,0,0,0,4,113" ten="240,269,251,240" oya="2" hai0="112,30,122,96,121,72,86,71,130,126,74,52,43" hai1="79,77,111,25,95,37,46,91,82,99,76,131,44" hai2="24,18,4,6,32,8,134,89,19,50,132,98,67" hai3="58,1,117,55,90,70,14,34,106,127,26,120,27"/><V33/><F67/><W48/><G120/><T42/><D71/><U49/><E37/><V69/><F69/><W11/><G1/><T35/><D112/><U0/><E0/><V41/><F41/><W47/><G70/><T81/><D130/><U40/><E111/><V61/><F50/><W93/><G106/><T84/><D126/><U102/><E131/><V105/><F61/><W108/><G127/><T9/><D96/><U107/><E46/><V23/><F89/><W5/><G108/><T60/><D9/><U28/><E107/><V10/><F98/><W88/><G117/><T92/><D92/><U56/><E56/><V97/><F97/><N who="3" m="57511" /><G90/><T38/><D38/><U114/><E114/><V65/><F65/><W39/><G34/><N who="2" m="13417" /><F105/><W7/><G7/><N who="2" m="2601" /><F19/><W20/><G39/><T115/><D115/><U29/><REACH who="1" step="1"/><E25/><REACH who="1" ten="240,259,251,240" step="2"/><V45/><F45/><W103/><G27/><T123/><D121/><U12/><E12/><V116/><F116/><W110/><G110/><T118/><D122/><U80/><E80/><V101/><F101/><W53/><G103/><T59/><D123/><U63/><E63/><V13/><F13/><W21/><G26/><N who="0" m="18903" /><D118/><U104/><E104/><V125/><F125/><W31/><G58/><T64/><D81/><U129/><E129/><V3/><F3/><W36/><G36/><T22/><D59/><U124/><E124/><V94/><F94/><W75/><G47/><T66/><D60/><U119/><E119/><V15/><F15/><W133/><G14/><T135/><D66/><U16/><E16/><V128/><F128/><W57/><G57/><RYUUKYOKU ba="0,1" sc="240,-15,259,15,251,15,240,-15" hai1="28,29,40,44,49,76,77,79,82,91,95,99,102" hai2="8,10,18,23,24,132,134" /><INIT seed="2,1,1,1,2,119" ten="225,274,266,225" oya="2" hai0="97,25,127,36,45,28,0,117,116,131,108,75,86" hai1="103,99,96,81,63,59,118,22,38,40,51,60,71" hai2="19,135,77,48,50,121,54,101,78,84,113,49,82" hai3="70,102,133,89,67,56,21,74,31,33,123,12,43"/><V115/><F135/><W34/><G74/><T29/><D75/><U7/><E118/><N who="0" m="45673" /><D0/><U35/><E38/><V39/><F39/><W72/><G133/><T52/><D108/><U126/><E35/><V6/><F6/><W57/><G72/><T37/><D131/><U17/><E71/><V4/><F4/><W109/><G109/><T83/><D127/><U15/><E126/><V114/><F101/><W68/><G123/><T90/><D97/><U130/><E130/><V24/><F54/><W65/><G43/><T132/><D29/><U8/><E81/><V41/><F41/><W69/><G102/><T88/><D90/><U111/><E111/><V55/><F121/><W20/><G89/><T14/><D14/><U18/><E18/><V16/><F55/><W23/><G12/><T3/><D3/><U112/><E112/><V129/><F129/><W1/><G1/><T93/><D83/><U110/><E110/><V107/><F107/><W76/><G76/><T73/><D73/><U44/><E59/><N who="3" m="22602" /><G31/><T26/><D132/><U2/><REACH who="1" step="1"/><E99/><REACH who="1" ten="225,264,266,225" step="2"/><V122/><F122/><W47/><G47/><T85/><D36/><U64/><E64/><AGARI ba="1,2" hai="20,21,23,33,34,64,65,67,68,69,70" m="22602" machi="64" ten="40,2600,0" yaku="28,2" doraHai="119" who="3" fromWho="1" sc="225,0,264,-29,266,0,225,49" /><INIT seed="3,0,0,3,5,65" ten="225,235,266,274" oya="3" hai0="123,41,81,42,72,133,96,73,116,48,115,122,19" hai1="85,45,104,46,44,118,18,98,52,13,107,35,50" hai2="88,79,119,40,87,80,34,62,47,16,49,132,95" hai3="53,29,99,20,32,14,11,131,69,58,108,9,103"/><W4/><G32/><T30/><D116/><U56/><E35/><V92/><F119/><W3/><G131/><T100/><D115/><U10/><E118/><V74/><F132/><W71/><G108/><T17/><D133/><U86/><REACH who="1" step="1"/><E98/><REACH who="1" ten="225,225,266,274" step="2"/><V94/><F34/><W54/><G29/><T102/><D30/><U113/><E113/><V110/><F110/><W90/><G20/><T15/><D96/><U63/><E63/><V117/><F117/><W67/><G90/><T24/><D48/><U26/><E26/><V124/><F124/><W135/><G135/><T59/><D24/><U82/><E82/><V76/><F76/><W6/><G67/><T22/><D81/><U114/><E114/><V105/><F62/><W97/><G97/><T68/><D22/><U77/><E77/><V112/><F112/><W36/><G36/><T111/><D111/><U130/><E130/><V8/><F105/><AGARI ba="0,1" hai="10,13,18,44,45,46,50,52,56,85,86,104,105,107" machi="105" ten="40,2600,0" yaku="1,1,54,1,53,0" doraHai="65" doraHaiUra="31" who="1" fromWho="2" sc="225,0,225,36,266,-26,274,0" /><INIT seed="4,0,0,3,2,100" ten="225,261,240,274" oya="0" hai0="101,109,94,120,132,60,105,30,31,71,133,40,9" hai1="96,13,118,28,4,113,3,26,46,125,123,21,134" hai2="97,10,38,117,67,62,29,83,128,99,106,63,34" hai3="107,82,93,112,24,68,72,87,14,16,61,45,48"/><T76/><D120/><U88/><E118/><V130/><F38/><W6/><G112/><T25/><D109/><U91/><E123/><V126/><F117/><W92/><G72/><T8/><D76/><U50/><E3/><V90/><F10/><W75/><G75/><T103/><D40/><U77/><E125/><V58/><F126/><W84/><G107/><T17/><D94/><U22/><E134/><N who="0" m="51817" /><D17/><N who="1" m="10415" /><E113/><V2/><F2/><W104/><G104/><T1/><D101/><U59/><E4/><V110/><F110/><W79/><G6/><N who="0" m="1103" /><D9/><U39/><E39/><V42/><F42/><W12/><G84/><T127/><D127/><U27/><E77/><V65/><F83/><W121/><G121/><T131/><D131/><N who="2" m="50218" /><F90/><N who="1" m="34345" /><E27/><N who="2" m="18751" /><F106/><W95/><G24/><T56/><D71/><AGARI ba="0,0" hai="58,62,63,65,67,71,97,99" m="18751,50218" machi="71" ten="30,1000,0" yaku="19,1" doraHai="100" who="2" fromWho="0" sc="225,-10,261,0,240,10,274,0" /><INIT seed="5,0,0,4,3,28" ten="215,261,250,274" oya="1" hai0="113,56,53,16,11,73,63,116,66,75,19,90,77" hai1="103,124,24,51,78,120,93,50,127,30,14,68,9" hai2="128,95,55,18,76,94,45,39,114,102,38,42,135" hai3="54,74,41,123,107,13,131,34,62,96,2,36,122"/><U92/><E120/><V70/><F70/><W43/><G74/><T69/><D116/><U3/><E68/><V82/><F128/><W6/><G2/><T32/><D113/><U20/><E3/><V1/><F1/><W121/><G131/><T129/><D129/><U37/><E37/><V7/><F7/><W117/><G117/><T58/><D90/><U47/><E78/><V12/><F39/><W89/><G34/><T59/><D32/><U85/><E103/><V61/><F102/><W87/><G36/><T22/><D77/><U48/><E47/><V71/><F114/><W112/><G112/><T109/><D109/><U110/><E110/><V130/><F130/><W52/><G96/><T106/><D106/><U25/><E25/><V72/><F135/><W79/><G79/><T97/><D97/><U88/><REACH who="1" step="1"/><E93/><REACH who="1" ten="215,251,250,274" step="2"/><V101/><F101/><W27/><G27/><T29/><D69/><U132/><E132/><V134/><F134/><W99/><G122/><T118/><D118/><U100/><E100/><V80/><F80/><W31/><G123/><T40/><D73/><U83/><E83/><V8/><F72/><W67/><G121/><T46/><D75/><U119/><E119/><V5/><F71/><W108/><G108/><T65/><D46/><U4/><AGARI ba="0,1" hai="4,9,14,20,24,30,48,50,51,85,88,92,124,127" machi="4" ten="30,11700,0" yaku="1,1,0,1,54,1,53,1" doraHai="28" doraHaiUra="84" who="1" fromWho="1" sc="215,-39,251,127,250,-39,274,-39" /><INIT seed="5,1,0,5,3,55" ten="176,378,211,235" oya="1" hai0="33,52,130,24,123,113,7,79,82,59,56,107,105" hai1="129,93,43,69,112,126,96,14,11,116,132,117,35" hai2="108,125,85,83,98,127,135,9,53,94,49,121,75" hai3="38,88,73,32,63,106,36,28,37,128,91,0,110"/><U90/><E35/><V95/><F108/><W76/><G110/><T45/><D123/><U111/><E111/><V20/><F121/><W68/><G106/><T12/><D130/><U134/><E69/><V103/><F135/><N who="1" m="51753" /><E129/><V72/><F9/><W97/><G0/><T61/><D113/><U67/><E67/><V120/><F120/><W30/><G128/><T87/><D45/><U58/><E112/><V41/><F41/><W118/><G118/><T124/><D124/><N who="2" m="47690" /><F20/><W15/><G76/><T60/><D12/><U62/><E43/><V18/><F18/><W115/><G73/><N who="2" m="28233" /><F53/><W54/><G115/><T44/><D44/><U16/><E126/><V81/><F49/><W64/><G54/><T122/><D7/><U101/><E101/><V40/><F40/><W23/><G32/><T92/><D122/><U102/><E102/><V25/><F25/><W6/><G6/><T10/><D10/><U31/><E31/><V104/><F83/><W13/><G30/><T74/><D24/><U66/><AGARI ba="1,0" hai="11,14,16,58,62,66,90,93,96,116,117" m="51753" machi="66" ten="30,6000,0" yaku="20,1,52,1,54,1" doraHai="55" who="1" fromWho="1" sc="176,-21,378,63,211,-21,235,-21" /><INIT seed="5,2,0,4,4,24" ten="155,441,190,214" oya="1" hai0="2,29,115,95,39,124,98,120,93,128,85,54,66" hai1="61,17,89,55,20,41,82,8,88,80,57,131,122" hai2="87,107,59,14,123,91,44,60,21,135,36,119,19" hai3="112,130,0,94,11,28,100,15,126,9,118,13,83"/><U47/><E122/><V75/><F123/><W27/><G112/><T110/><D2/><U78/><E8/><V102/><F75/><W42/><G130/><T7/><D39/><U65/><E65/><V26/><F119/><W90/><G126/><T86/><D7/><U16/><E131/><V108/><F108/><W1/><G118/><T96/><D110/><U38/><E82/><V35/><F135/><W46/><G83/><T5/><D5/><U127/><E127/><V116/><F116/><W68/><G100/><T32/><D128/><U31/><E31/><V103/><F107/><W37/><G68/><T111/><D111/><U125/><E125/><V121/><F121/><W109/><G109/><T3/><D3/><U72/><E17/><V76/><F76/><W25/><G25/><AGARI ba="2,0" hai="16,20,25,38,41,47,55,57,61,72,78,80,88,89" machi="25" ten="30,5800,0" yaku="7,1,54,2" doraHai="24" who="1" fromWho="3" sc="155,0,441,64,190,0,214,-64" /><INIT seed="5,3,0,2,5,114" ten="155,505,190,150" oya="1" hai0="106,69,66,130,108,98,43,71,70,41,76,32,121" hai1="102,120,61,117,45,107,33,31,96,99,122,100,73" hai2="60,87,57,131,0,74,125,82,134,104,62,10,38" hai3="56,53,26,18,1,91,110,15,78,83,6,40,11"/><U50/><E73/><V52/><F104/><W93/><G110/><T51/><D108/><U89/><E89/><V105/><F105/><W19/><G40/><T135/><D32/><U3/><E3/><V7/><F38/><W65/><G65/><T59/><D121/><U109/><E109/><V42/><F42/><W84/><G26/><T48/><D76/><U88/><E88/><V86/><F125/><W111/><G1/><T97/><D106/><U36/><E61/><V127/><F127/><W16/><G111/><T64/><D130/><U92/><E36/><V13/><F131/><W35/><G35/><T79/><D79/><U54/><E117/><V77/><F134/><W9/><G9/><T132/><D71/><U113/><E113/><V39/><F39/><W124/><G124/><T58/><AGARI ba="3,0" hai="41,43,48,51,58,59,64,66,69,70,97,98,132,135" machi="58" ten="25,3200,0" yaku="0,1,22,2" doraHai="114" who="0" fromWho="0" sc="155,41,505,-19,190,-11,150,-11" /><INIT seed="6,0,0,4,2,61" ten="196,486,179,139" oya="2" hai0="47,31,110,15,35,52,84,21,103,102,96,122,60" hai1="41,134,99,30,124,109,22,56,51,58,2,104,87" hai2="71,62,127,77,128,26,135,75,7,107,117,9,80" hai3="42,130,119,90,8,101,5,16,73,85,50,82,95"/><V32/><F117/><W25/><G119/><T63/><D35/><U54/><E2/><N who="2" m="247" /><F127/><W118/><G118/><T38/><D110/><U49/><E41/><V46/><F46/><W76/><G130/><T83/><D38/><U53/><E124/><V43/><F43/><W69/><G69/><T37/><D37/><U19/><E109/><V74/><F128/><W59/><G101/><T111/><D122/><U48/><E48/><V14/><F14/><W131/><G131/><T17/><D31/><U100/><E30/><N who="2" m="19543" /><F135/><W24/><G5/><T98/><D102/><U33/><E33/><V78/><F78/><W89/><G89/><N who="0" m="51359" /><D103/><U36/><E36/><V91/><F91/><W3/><G3/><T57/><D47/><U108/><E108/><V6/><F6/><W66/><G42/><T44/><D44/><U72/><E134/><V93/><F93/><W70/><G70/><T106/><D106/><U55/><E55/><V64/><F75/><W123/><G123/><T12/><D12/><U39/><E39/><V0/><F0/><W27/><G8/><T81/><D81/><U121/><E87/><V112/><F112/><W125/><G125/><T113/><D113/><U88/><E121/><V11/><F11/><W132/><G132/><T105/><D105/><AGARI ba="0,0" hai="62,64,71,74,77,80,105,107" m="19543,247" machi="105" ten="30,5800,0" yaku="33,2,52,1" doraHai="61" who="2" fromWho="0" sc="196,-58,486,0,179,58,139,0" /><INIT seed="6,1,0,4,5,98" ten="138,486,237,139" oya="2" hai0="56,20,29,78,130,103,83,49,34,35,119,21,99" hai1="61,90,2,69,59,92,121,113,97,114,68,118,15" hai2="111,50,26,25,62,41,86,6,127,48,37,100,76" hai3="88,58,72,95,134,9,44,124,75,8,77,16,131"/><V27/><F127/><W0/><G124/><T18/><D119/><U39/><E118/><V109/><F6/><W64/><G131/><T102/><D130/><U42/><E2/><V55/><F37/><W129/><G129/><T105/><D29/><U94/><E121/><V125/><F125/><W80/><G75/><T54/><D21/><U85/><E15/><V24/><N who="2" m="6144" /><DORA hai="84" /><V31/><F31/><W7/><G134/><T70/><D70/><U12/><E12/><V73/><F73/><W46/><G8/><T123/><D123/><U52/><E42/><V87/><F76/><W71/><G71/><T33/><D20/><U133/><E133/><V126/><F126/><W53/><G64/><T13/><D13/><U36/><E69/><V104/><F41/><W101/><G101/><T28/><D28/><U117/><E68/><V23/><F23/><W128/><G16/><T10/><D10/><U96/><E85/><N who="2" m="32267" /><F62/><W107/><G107/><T108/><D18/><U122/><E122/><V79/><F79/><W22/><G22/><T11/><D11/><U120/><E120/><V60/><F60/><N who="3" m="35919" /><G128/><T47/><D47/><U67/><E67/><V116/><F55/><W43/><G43/><T5/><D5/><U19/><E117/><V112/><F116/><W3/><G3/><T1/><D1/><U63/><E63/><V66/><F66/><W81/><G81/><T82/><D78/><U38/><REACH who="1" step="1"/><E19/><REACH who="1" ten="138,476,237,139" step="2"/><V4/><F4/><W106/><G106/><N who="0" m="63839" /><D108/><N who="2" m="41546" /><F112/><W74/><G74/><T45/><D45/><U65/><E65/><V93/><F104/><W110/><G110/><RYUUKYOKU ba="1,1" sc="138,0,476,0,237,0,139,0" hai0="33,34,35,49,54,56,82,83,103,105" hai1="36,38,39,52,59,61,90,92,94,96,97,113,114" hai2="48,50,93,100" hai3="0,7,9,44,46,72,77,80,88,95" /><INIT seed="6,2,1,5,5,119" ten="138,476,237,139" oya="2" hai0="110,121,54,75,47,11,101,64,62,3,33,38,69" hai1="103,80,117,24,92,76,15,48,73,25,10,91,126" hai2="41,114,30,131,71,79,35,94,125,127,8,51,6" hai3="74,116,16,108,78,93,4,22,109,97,53,42,130"/><V23/><F35/><W77/><G116/><T57/><D110/><U129/><E117/><V95/><F71/><W98/><G130/><T0/><D33/><U96/><E129/><V9/><F131/><W106/><G4/><T45/><D75/><U123/><E123/><V18/><F30/><W82/><G78/><T115/><D115/><U49/><E126/><N who="2" m="48139" /><F114/><W124/><G124/><T81/><D121/><U46/><E103/><V27/><F79/><W135/><G135/><T113/><D113/><U118/><E118/><V89/><F6/><W40/><G53/><T68/><D101/><U104/><E104/><V84/><F95/><W66/><G66/><T112/><D81/><U63/><E63/><V28/><F28/><W7/><G7/><T70/><D11/><U128/><E128/><V32/><F32/><W105/><G105/><T83/><D83/><U37/><E37/><V20/><F20/><W58/><G106/><T133/><D112/><U19/><E49/><V14/><F14/><W44/><G108/><T132/><D3/><U26/><E26/><V134/><F134/><N who="0" m="51818" /><D0/><U21/><E21/><V39/><F39/><W86/><G109/><T61/><D38/><U107/><E107/><V60/><F60/><W1/><G1/><T99/><D99/><U13/><E13/><V111/><F111/><W52/><G97/><T50/><D62/><U12/><E12/><V2/><F2/><W36/><G98/><T67/><D64/><U55/><AGARI ba="2,1" hai="10,15,19,24,25,46,48,55,73,76,80,91,92,96" machi="55" ten="20,1500,0" yaku="0,1,7,1" doraHai="119" who="1" fromWho="1" sc="138,-6,476,31,237,-9,139,-6" /><INIT seed="7,0,0,2,1,108" ten="132,507,228,133" oya="3" hai0="43,46,88,44,24,115,65,27,54,97,39,123,80" hai1="83,41,66,118,57,84,78,106,69,55,42,67,4" hai2="18,95,36,52,86,0,14,119,81,37,130,35,75" hai3="117,22,28,122,5,109,71,30,8,116,47,79,77"/><W26/><G122/><T112/><D123/><U60/><E106/><V128/><F35/><W7/><G71/><T76/><D65/><N who="1" m="24587" /><E69/><V111/><F111/><W12/><G109/><T33/><D54/><N who="1" m="33847" /><E118/><V94/><F0/><W74/><G7/><T62/><D62/><U59/><E4/><V45/><F75/><W53/><G30/><T70/><D70/><U25/><E25/><V126/><F126/><W87/><G74/><T23/><D46/><U127/><E127/><V6/><F6/><W125/><G125/><T120/><D120/><U82/><E82/><V61/><F119/><W56/><G47/><T92/><D33/><U100/><E100/><V32/><F32/><W38/><G38/><T20/><D27/><U1/><E1/><V107/><F107/><W133/><G133/><T129/><D129/><N who="2" m="49770" /><F37/><W90/><G116/><T51/><D39/><U132/><E132/><V91/><F36/><W48/><REACH who="3" step="1"/><G117/><REACH who="3" ten="132,507,228,123" step="2"/><T101/><D101/><U105/><E105/><V50/><F61/><AGARI ba="0,1" hai="41,42,55,59,61,78,83,84" m="33847,24587" machi="61" ten="30,1000,0" yaku="8,1" doraHai="108" who="1" fromWho="2" sc="132,0,507,20,228,-10,123,0" owari="132,-27.0,527,63.0,218,2.0,123,-38.0" /></mjloggm>