<mjloggm ver="2.3"><GO type="169" lobby="0"/><UN n0="%69%6E%66%6F%31%32%33" n1="%E3%83%9E%E3%83%A1%E3%83%9D%E3%82%B3" n2="%E6%99%82%E9%9B%A8%E5%BA%B5" n3="%E3%82%A6%E3%83%AB%E3%83%88%E3%83%A9%E7%AB%8B%E7%9B%B4" dan="16,16,16,17" rate="2078.59,2158.48,2141.43,2226.53" sx="M,M,M,M"/><TAIKYOKU oya="0"/><INIT seed="0,0,0,5,1,21" ten="250,250,250,250" oya="0" hai0="4,36,134,48,58,31,87,76,32,92,51,93,10" hai1="100,116,86,79,22,40,53,6,47,14,43,89,122" hai2="69,62,106,115,127,41,113,8,46,56,57,121,124" hai3="105,75,37,3,81,112,38,78,135,129,82,131,109"/><T118/><D36/><U30/><E122/><V68/><F106/><W49/><G112/><N who="2" m="43081" /><F8/><W95/><G105/><T35/><D118/><U54/><E100/><V28/><F28/><W16/><G3/><T39/><D39/><U104/><E104/><V55/><F121/><W97/><G109/><T23/><D134/><U126/><E116/><V52/><F68/><W67/><G67/><T1/><D23/><U50/><E126/><N who="2" m="48171" /><F69/><W99/><G135/><T0/><D0/><U27/><E79/><V15/><F15/><W123/><G123/><T103/><D32/><U20/><E43/><V60/><F41/><W84/><G78/><T125/><D76/><U108/><E108/><V120/><F120/><W12/><G75/><T65/><D125/><U63/><E6/><V17/><F17/><W5/><G12/><T11/><D11/><U117/><E117/><V80/><F80/><W64/><G82/><T111/><D111/><U59/><E14/><V72/><F72/><W110/><G81/><T101/><D92/><U70/><E70/><V94/><F94/><W98/><G95/><T24/><D87/><U13/><E13/><V18/><F18/><W96/><G84/><T83/><D83/><N who="1" m="49375" /><E22/><V33/><F33/><W29/><G110/><T128/><D93/><U102/><E102/><V85/><F85/><W26/><G98/><T42/><D103/><U19/><E30/><V119/><F119/><W107/><G97/><T130/><D101/><U45/><E40/><V66/><F46/><AGARI ba="0,0" hai="19,20,27,45,46,47,50,53,54,59,63" m="49375" machi="46" ten="30,2000,0" yaku="8,1,52,1" doraHai="21" who="1" fromWho="2" sc="250,0,250,20,250,-20,250,0" /><INIT seed="1,0,0,5,4,105" ten="250,270,230,250" oya="1" hai0="57,36,119,72,104,10,78,123,52,74,16,22,132" hai1="100,131,50,29,26,97,20,133,25,39,3,102,58" hai2="66,99,92,37,109,89,13,4,76,129,115,65,127" hai3="21,126,77,28,108,48,34,11,27,103,61,122,90"/><U124/><E39/><V113/><F37/><W73/><G122/><T110/><D119/><U44/><E3/><V14/><F109/><W70/><G108/><T47/><D110/><U106/><E133/><V6/><F127/><W2/><G126/><T125/><D125/><U121/><E124/><V23/><F76/><W0/><G103/><T81/><D104/><U114/><E121/><V31/><F129/><W46/><G34/><T91/><D123/><U69/><E69/><V49/><F49/><W12/><G90/><T83/><D132/><U43/><E131/><V85/><F99/><W35/><G35/><T87/><D10/><U15/><E114/><N who="2" m="43531" /><F31/><W38/><G38/><T1/><D1/><U96/><E58/><V118/><F118/><W79/><G61/><T86/><D47/><U32/><E15/><N who="2" m="5643" /><F23/><W55/><G79/><T53/><D36/><U67/><E67/><AGARI ba="0,0" hai="4,6,65,66,67,85,89,92" m="5643,43531" machi="67" ten="30,1000,0" yaku="11,1" doraHai="105" who="2" fromWho="1" sc="250,0,270,-10,230,10,250,0" /><INIT seed="2,0,0,2,0,125" ten="250,260,240,250" oya="2" hai0="6,58,98,37,21,50,3,26,48,72,134,47,7" hai1="39,120,93,67,129,79,30,34,91,1,9,105,112" hai2="60,118,41,130,56,36,42,104,135,11,8,12,13" hai3="73,5,108,4,100,101,32,94,111,54,97,33,119"/><V89/><F104/><W74/><G94/><T25/><D72/><U62/><E112/><V20/><F118/><W83/><G83/><T133/><D37/><U131/><E105/><V59/><F135/><N who="0" m="51722" /><D98/><U109/><E39/><V14/><F36/><W117/><G97/><T40/><D3/><U82/><E120/><V10/><F89/><W65/><G54/><N who="0" m="32087" /><D26/><U63/><E109/><V86/><F86/><W84/><G84/><T24/><D25/><U23/><E34/><V35/><F35/><W2/><G65/><T107/><D107/><U68/><E63/><V70/><F70/><W46/><G46/><T57/><D57/><N who="2" m="22090" /><F20/><W15/><REACH who="3" step="1"/><G15/><REACH who="3" ten="250,260,240,240" step="2"/><T81/><D81/><U90/><E93/><V126/><F12/><W128/><G128/><N who="1" m="49226" /><E82/><V29/><F130/><W99/><G99/><T18/><AGARI ba="0,1" hai="6,7,18,21,24,40,47,48" m="32087,51722" machi="18" ten="30,1100,0" yaku="20,1" doraHai="125" who="0" fromWho="0" sc="250,21,260,-3,240,-5,240,-3" /><INIT seed="3,0,0,0,3,25" ten="271,257,235,237" oya="3" hai0="112,2,78,77,127,87,9,117,115,40,101,80,119" hai1="50,116,81,71,10,118,35,99,23,108,38,13,64" hai2="89,42,37,65,24,85,74,19,103,91,100,12,95" hai3="5,122,120,45,44,46,106,18,34,8,60,27,16"/><W30/><G106/><T39/><D101/><U32/><E38/><V48/><F74/><W93/><G93/><T20/><D20/><U88/><E23/><V73/><F65/><W104/><G104/><T96/><D96/><U68/><E50/><V47/><F73/><W123/><REACH who="3" step="1"/><G60/><REACH who="3" ten="271,257,235,227" step="2"/><T128/><D117/><U53/><E118/><V126/><F95/><W62/><G62/><T15/><D119/><U52/><E116/><V6/><F126/><W26/><G26/><T111/><D127/><U82/><E108/><V4/><F24/><W58/><G58/><T55/><D111/><U33/><E68/><V86/><F103/><W110/><G110/><T102/><D102/><U57/><E71/><V41/><F100/><W97/><G97/><T109/><D109/><U133/><E57/><V7/><F47/><W76/><G76/><T22/><D78/><U59/><E59/><V83/><F91/><W113/><G113/><T31/><D115/><U132/><E99/><V66/><F89/><W98/><G98/><T130/><D112/><U28/><E88/><V63/><F63/><W129/><G129/><T14/><D130/><U90/><E90/><V92/><F92/><W69/><G69/><T1/><D128/><U84/><E82/><V125/><F83/><W49/><G49/><T75/><D80/><U0/><E81/><V43/><F48/><W3/><AGARI ba="0,1" hai="3,5,8,16,18,27,30,34,44,45,46,120,122,123" machi="3" ten="40,12000,1" yaku="1,1,0,1,52,1,54,1,53,0" doraHai="25" doraHaiUra="94" who="3" fromWho="3" sc="271,-40,257,-40,235,-40,227,130" /><INIT seed="3,1,0,3,5,41" ten="231,217,195,357" oya="3" hai0="29,103,91,40,127,26,118,1,31,112,117,54,110" hai1="71,49,81,9,84,105,2,97,5,58,86,107,12" hai2="39,57,21,130,132,67,80,79,125,135,8,13,85" hai3="98,73,56,43,123,99,28,82,27,42,18,77,119"/><W55/><G123/><T116/><D1/><U104/><E71/><V47/><F39/><W24/><G119/><T53/><D103/><U92/><E2/><V120/><F120/><W100/><G18/><T87/><D110/><U124/><E124/><V30/><F47/><W19/><G19/><T22/><D127/><U33/><E33/><V59/><F125/><W106/><G98/><T113/><D31/><U35/><E35/><V128/><F21/><W133/><G133/><N who="2" m="51273" /><F30/><W34/><REACH who="3" step="1"/><G24/><REACH who="3" ten="231,217,195,347" step="2"/><T15/><D118/><U38/><E97/><V78/><F130/><W108/><G108/><T76/><D117/><U50/><E107/><V115/><F128/><W0/><G0/><T126/><D116/><U17/><E17/><V102/><F115/><W10/><G10/><T74/><D126/><U96/><E105/><V68/><F8/><W109/><G109/><T121/><D121/><U94/><E104/><V88/><F13/><W37/><G37/><T7/><D113/><U72/><E38/><V83/><F102/><W4/><G4/><T46/><D15/><U44/><E96/><V122/><F122/><W63/><AGARI ba="1,1" hai="27,28,34,42,43,55,56,63,73,77,82,99,100,106" machi="63" ten="20,3900,0" yaku="1,1,0,1,7,1,53,0" doraHai="41" doraHaiUra="60" who="3" fromWho="3" sc="231,-14,217,-14,195,-14,347,52" /><INIT seed="3,2,0,1,1,107" ten="217,203,181,399" oya="3" hai0="74,93,89,57,68,95,60,58,130,79,121,102,116" hai1="31,69,111,19,41,55,36,46,22,52,76,67,40" hai2="92,104,0,127,99,6,82,17,51,131,13,50,15" hai3="84,123,70,18,21,73,87,135,90,38,28,34,114"/><W62/><G38/><T1/><D116/><U106/><E106/><V97/><F0/><W43/><G43/><T39/><D1/><U122/><E122/><V33/><F33/><W128/><G123/><T109/><D39/><U78/><E41/><V88/><F127/><W83/><G114/><T14/><D121/><U37/><E37/><V9/><F82/><W71/><G73/><T25/><D102/><U129/><E31/><V32/><F32/><W7/><G7/><T120/><D120/><U20/><E129/><V125/><F125/><W108/><G28/><T94/><D89/><U49/><E111/><V112/><F131/><W103/><G34/><T115/><D130/><U91/><E91/><V96/><F104/><W5/><G5/><T48/><D25/><U45/><E55/><V8/><REACH who="2" step="1"/><F112/><REACH who="2" ten="217,203,171,399" step="2"/><W100/><G128/><T47/><D115/><U110/><E110/><V132/><F132/><W75/><G83/><T81/><D109/><U12/><REACH who="1" step="1"/><E22/><REACH who="1" ten="217,193,171,399" step="2"/><V11/><F11/><W124/><G21/><T29/><D29/><U134/><E134/><V3/><F3/><W66/><G135/><T35/><D35/><U53/><E53/><V61/><F61/><AGARI ba="2,2" hai="12,19,20,36,40,45,46,49,52,61,67,69,76,78" machi="61" ten="40,2600,0" yaku="1,1,54,1,53,0" doraHai="107" doraHaiUra="119" who="1" fromWho="2" sc="217,0,193,52,171,-32,399,0" /><INIT seed="4,0,0,1,4,105" ten="217,245,139,399" oya="0" hai0="4,33,77,81,35,53,84,120,110,37,99,91,27" hai1="59,112,109,89,93,108,20,40,49,32,39,116,119" hai2="36,113,48,13,96,122,74,80,1,124,10,15,42" hai3="58,107,69,0,54,78,85,23,7,11,60,72,73"/><T61/><D120/><U9/><E32/><V51/><F122/><W82/><G107/><T83/><D37/><U102/><E102/><V21/><F124/><W19/><REACH who="3" step="1"/><G69/><REACH who="3" ten="217,245,139,389" step="2"/><T43/><D110/><U103/><E108/><V117/><F117/><W26/><AGARI ba="0,1" hai="0,7,11,19,23,26,54,58,60,72,73,78,82,85" machi="26" ten="20,12000,2" yaku="1,1,2,1,0,1,7,1,52,2,53,0" doraHai="105" doraHaiUra="41" who="3" fromWho="3" sc="217,-60,245,-30,139,-30,389,130" /><INIT seed="5,0,0,5,2,111" ten="157,215,109,519" oya="1" hai0="7,17,125,98,81,25,101,130,54,135,53,47,77" hai1="30,1,93,42,116,84,76,68,67,72,51,89,120" hai2="14,112,66,131,97,70,85,74,33,28,90,108,0" hai3="107,49,134,22,40,61,87,118,123,94,44,91,48"/><U43/><E120/><V124/><F74/><W16/><G107/><T32/><D130/><U75/><E116/><V23/><F0/><W65/><G123/><T6/><D135/><U10/><E30/><V117/><F108/><W4/><G4/><T59/><D125/><U27/><E27/><V57/><F117/><W38/><G134/><T46/><D7/><U18/><E72/><V129/><F70/><W26/><G118/><T20/><D6/><U29/><E29/><V39/><F39/><W60/><G60/><T88/><D32/><U113/><E113/><V83/><F33/><W104/><G104/><T121/><D121/><U9/><E1/><V114/><F97/><W19/><G19/><T122/><D122/><U126/><E126/><V132/><F132/><W45/><G45/><T15/><D15/><U103/><E103/><V11/><F124/><W86/><G86/><N who="0" m="50255" /><D77/><U36/><E36/><V2/><F2/><W71/><AGARI ba="0,0" hai="16,22,26,38,40,44,48,49,61,65,71,87,91,94" machi="71" ten="20,2700,0" yaku="0,1,7,1,54,1" doraHai="111" who="3" fromWho="3" sc="157,-7,215,-13,109,-7,519,27" /><INIT seed="6,0,0,2,3,28" ten="150,202,102,546" oya="2" hai0="64,63,85,7,94,91,69,42,123,70,104,88,131" hai1="50,35,13,100,15,103,41,17,93,110,3,82,55" hai2="37,0,92,39,86,5,65,26,97,45,102,125,30" hai3="23,48,79,11,44,32,59,134,68,90,101,10,57"/><V43/><F125/><W80/><G68/><T78/><D123/><U115/><E35/><V122/><F122/><W81/><G32/><T67/><D131/><U71/><E3/><V61/><F5/><W36/><G36/><T120/><D120/><U29/><E29/><V24/><F0/><W60/><G101/><T8/><D104/><U18/><E71/><V113/><F113/><W22/><G134/><T34/><D42/><U130/><E41/><V98/><F86/><W111/><G111/><T127/><D127/><U121/><E110/><V118/><F24/><W116/><G116/><T95/><D34/><U4/><E4/><V27/><F27/><W25/><G90/><T114/><D114/><U133/><E115/><V38/><F97/><W87/><G80/><T72/><D72/><U47/><E133/><V56/><REACH who="2" step="1"/><F118/><REACH who="2" ten="150,202,92,546" step="2"/><W89/><G25/><T1/><D78/><U83/><E121/><V76/><F76/><W77/><G77/><T108/><D108/><U96/><E130/><V58/><F58/><W62/><G79/><T117/><D117/><U74/><E74/><V21/><AGARI ba="0,1" hai="21,26,30,37,38,39,43,45,56,61,65,92,98,102" machi="21" ten="20,18000,2" yaku="1,1,0,1,7,1,25,2,53,1" doraHai="28" doraHaiUra="54" who="2" fromWho="2" sc="150,-60,202,-60,92,190,546,-60" /><INIT seed="6,1,0,4,1,27" ten="90,142,282,486" oya="2" hai0="110,76,128,25,75,133,16,107,106,131,18,118,47" hai1="124,86,83,12,93,105,82,99,103,13,31,90,53" hai2="36,19,77,11,1,51,24,115,129,35,55,33,64" hai3="23,15,49,58,41,95,97,26,22,42,21,57,120"/><V78/><F36/><W108/><G108/><T122/><D110/><U113/><E124/><V121/><F121/><W98/><G120/><T135/><D122/><U114/><E53/><V14/><F1/><W0/><G0/><T127/><D118/><U70/><E70/><V5/><F64/><W2/><G2/><T80/><D47/><U62/><E62/><V126/><F126/><W60/><G26/><T100/><D127/><U132/><E31/><V66/><F66/><N who="3" m="39183" /><G15/><T32/><D32/><U96/><E13/><N who="2" m="5359" /><F33/><W111/><G111/><T134/><D100/><U45/><E12/><V92/><F115/><N who="1" m="44041" /><E45/><V112/><F35/><W109/><G109/><T61/><D61/><U69/><E69/><V38/><F24/><W85/><G85/><T43/><D43/><N who="3" m="16393" /><G95/><T44/><D44/><U79/><E132/><V81/><F92/><W8/><G8/><T68/><D68/><U17/><E17/><N who="0" m="6761" /><D25/><U102/><E83/><V37/><F81/><W48/><G58/><T40/><D40/><U84/><E84/><V88/><F19/><W46/><G46/><T29/><D29/><U89/><AGARI ba="1,0" hai="79,82,86,89,90,93,96,99,102,103,105" m="44041" machi="89" ten="30,4000,0" yaku="15,1,34,2" doraHai="27" who="1" fromWho="1" sc="90,-11,142,43,282,-21,486,-11" /><INIT seed="7,0,0,2,0,37" ten="79,185,261,475" oya="3" hai0="40,98,103,129,109,86,60,25,123,15,4,89,5" hai1="111,30,131,27,48,70,54,32,110,134,17,51,106" hai2="84,22,107,133,78,85,63,28,81,68,2,35,62" hai3="126,83,92,61,42,67,96,105,23,114,69,120,97"/><W73/><G120/><T108/><D123/><U8/><E70/><V121/><F107/><W13/><G114/><T115/><D129/><U38/><E38/><V102/><F35/><W29/><G42/><T100/><D115/><U117/><E106/><V20/><F2/><W119/><G96/><T57/><D109/><U75/><E75/><V45/><F68/><W74/><G92/><T79/><D108/><U91/><E131/><V71/><F71/><W64/><G13/><T21/><D79/><U66/><E66/><V36/><F102/><W112/><G23/><T12/><D40/><U19/><E134/><V24/><F20/><W49/><G97/><T128/><D128/><U11/><E117/><V82/><F133/><W116/><G49/><T3/><D3/><U9/><E91/><V0/><F0/><W118/><G29/><T58/><D98/><U90/><E90/><V135/><F121/><W77/><G105/><T47/><D47/><U31/><E51/><V6/><F45/><W125/><G112/><T53/><D58/><U124/><E124/><N who="3" m="47722" /><G67/><T26/><D12/><U122/><E122/><V43/><F22/><W1/><G1/><T76/><D76/><U132/><E132/><V113/><F78/><W39/><G39/><T101/><D15/><U52/><E31/><V34/><F28/><W59/><G69/><T7/><REACH who="0" step="1"/><D21/><REACH who="0" ten="69,185,261,475" step="2"/><U104/><E111/><V33/><F135/><W10/><G119/><T88/><D88/><U87/><E110/><V56/><F113/><W130/><G118/><T95/><AGARI ba="0,1" hai="4,5,7,25,26,53,57,60,86,89,95,100,101,103" machi="95" ten="30,4000,0" yaku="1,1,0,1,8,1,53,0" doraHai="37" doraHaiUra="41" who="0" fromWho="0" sc="69,50,185,-10,261,-10,475,-20" owari="119,-38.0,175,-22.0,251,5.0,455,55.0" /></mjloggm>