<mjloggm ver="2.3"><GO type="169" lobby="0"/><UN n0="%E5%B0%B1%E6%B4%BB%E7%94%9F%40%E5%B7%9D%E6%9D%91%E8%BB%8D%E5%9B%A3" n1="%E3%83%94%E3%83%BC%E3%83%81%E3%83%BB%E3%83%9E%E3%82%AD" n2="%67%61%72%75%63%69%61" n3="%E3%81%B6%E3%81%A3%E3%81%A8%E3%81%B3%E3%82%AB%E3%83%BC%E3%83%89" dan="16,16,16,17" rate="2152.80,2031.50,2092.51,2203.37" sx="M,F,M,M"/><TAIKYOKU oya="0"/><INIT seed="0,0,0,5,4,118" ten="250,250,250,250" oya="0" hai0="107,29,52,20,62,2,22,92,14,96,67,37,98" hai1="88,78,105,101,77,91,113,59,10,68,129,18,32" hai2="39,102,40,19,82,124,94,126,53,103,33,63,133" hai3="28,15,115,8,42,36,50,99,84,104,135,47,12"/><T26/><D2/><U117/><E68/><V116/><F33/><W9/><G115/><T121/><D37/><U51/><E32/><V76/><F116/><W123/><G135/><T1/><D1/><U72/><E117/><V128/><F133/><W108/><G108/><T87/><D107/><U81/><E113/><V119/><F119/><W57/><G28/><T111/><D111/><U130/><E78/><V31/><F31/><W110/><G110/><T61/><D121/><U23/><E10/><V55/><F40/><W71/><G71/><T24/><D14/><N who="1" m="9687" /><E101/><V0/><F39/><W65/><G9/><T131/><D131/><N who="1" m="50187" /><E105/><V34/><F0/><W5/><G104/><T83/><D52/><AGARI ba="0,0" hai="51,52,59,72,77,81,88,91" m="50187,9687" machi="52" ten="30,3900,0" yaku="19,1,54,2" doraHai="118" who="1" fromWho="0" sc="250,-39,250,39,250,0,250,0" /><INIT seed="1,0,0,5,0,39" ten="211,289,250,250" oya="1" hai0="15,99,24,129,82,16,106,79,4,67,112,115,58" hai1="113,7,50,46,11,94,110,89,3,13,65,134,88" hai2="127,42,116,121,72,1,40,26,101,63,19,17,76" hai3="73,47,90,93,78,87,43,80,74,61,91,33,75"/><U109/><E113/><V9/><F121/><W130/><G33/><T96/><D129/><U5/><E134/><V37/><F116/><W70/><G130/><T45/><D4/><U21/><E65/><V84/><F37/><W85/><G61/><T59/><D24/><U69/><E69/><V27/><F72/><W108/><G108/><N who="1" m="41578" /><E21/><V53/><F101/><W29/><G29/><T64/><D106/><U117/><E117/><V105/><F105/><W128/><G70/><T41/><D67/><U57/><E57/><N who="2" m="35247" /><F76/><W100/><G100/><T125/><D125/><U111/><N who="1" m="41586" /><U0/><DORA hai="135" /><E7/><V102/><F102/><W23/><G23/><T12/><D64/><U98/><E89/><V133/><F133/><W14/><G14/><T56/><D15/><U103/><E103/><V6/><F84/><W97/><G128/><T66/><D66/><U31/><E31/><V122/><F122/><W114/><G114/><T132/><D132/><U55/><AGARI ba="0,0" hai="0,3,5,11,13,46,50,55,88,94,98" m="41586" machi="55" ten="40,7800,0" yaku="14,1,10,1,54,1" doraHai="39,135" who="1" fromWho="1" sc="211,-26,289,78,250,-26,250,-26" /><INIT seed="1,1,0,0,2,44" ten="185,367,224,224" oya="1" hai0="51,101,103,23,85,118,15,43,36,79,34,130,102" hai1="17,75,124,122,134,88,114,3,84,37,110,13,108" hai2="42,57,99,41,32,133,60,46,73,104,91,112,26" hai3="35,127,93,12,19,97,92,123,105,40,31,4,2"/><U106/><E122/><V48/><F73/><W82/><G123/><T52/><D34/><U95/><E114/><V117/><F117/><W5/><G127/><T78/><D118/><U76/><E3/><V22/><F32/><W96/><G105/><T68/><D68/><U90/><E124/><V129/><F133/><W120/><G2/><T64/><D64/><U55/><E106/><V100/><F129/><W1/><G1/><T50/><D36/><U83/><E134/><V121/><F121/><W77/><G40/><T10/><D23/><U38/><E90/><V45/><F112/><W111/><G111/><N who="1" m="42538" /><E55/><V16/><F91/><W72/><G120/><T24/><D24/><U28/><E28/><V59/><F60/><W94/><G31/><T58/><D130/><U74/><E74/><V11/><F11/><AGARI ba="1,0" hai="11,13,17,37,38,75,76,83,84,88,95" m="42538" machi="11" ten="30,5800,0" yaku="14,1,10,1,54,1" doraHai="44" who="1" fromWho="2" sc="185,0,367,61,224,-61,224,0" /><INIT seed="1,2,0,5,1,84" ten="185,428,163,224" oya="1" hai0="31,114,53,14,43,25,59,81,103,18,83,23,44" hai1="113,50,121,62,106,3,88,38,97,102,36,5,65" hai2="16,48,0,98,66,82,37,127,69,41,129,70,72" hai3="67,61,89,26,39,73,52,28,58,57,132,64,12"/><U123/><E113/><V77/><F0/><W86/><G132/><T87/><D103/><U20/><E20/><V108/><F108/><W56/><G73/><T2/><D2/><U27/><E27/><V133/><F133/><W15/><G39/><T104/><D104/><U55/><E38/><V21/><F127/><W134/><G134/><T119/><D119/><U42/><E36/><V115/><F129/><W107/><G107/><T92/><D114/><U29/><E42/><V30/><F30/><W111/><G58/><T131/><D131/><U94/><E29/><V17/><F37/><W54/><G15/><T60/><D44/><U126/><E126/><V40/><F17/><W79/><G79/><T99/><D87/><U9/><E50/><V122/><F122/><W49/><G12/><T100/><REACH who="0" step="1"/><D43/><REACH who="0" ten="175,428,163,224" step="2"/><U130/><E130/><V112/><F40/><W135/><G135/><T10/><AGARI ba="2,1" hai="10,14,18,23,25,31,53,59,60,81,83,92,99,100" machi="10" ten="20,8000,1" yaku="1,1,2,1,0,1,7,1,8,1,53,0" doraHai="84" doraHaiUra="74" who="0" fromWho="0" sc="175,96,428,-42,163,-22,224,-22" /><INIT seed="2,0,0,2,0,53" ten="271,386,141,202" oya="2" hai0="34,133,49,109,86,25,48,132,61,75,98,112,6" hai1="95,97,24,83,63,71,82,92,119,36,0,113,9" hai2="108,122,91,23,58,68,38,115,32,78,84,70,101" hai3="85,11,99,29,116,76,131,56,10,42,66,43,17"/><V105/><F32/><W118/><G29/><N who="0" m="19759" /><D75/><U50/><E119/><V79/><F38/><W129/><G99/><T22/><D112/><U14/><E36/><V7/><F115/><W21/><G85/><T88/><D6/><U52/><E0/><V15/><F122/><W31/><G31/><T93/><D109/><U110/><E110/><V125/><F108/><W8/><G76/><T96/><D61/><U39/><E39/><V77/><F125/><W40/><G66/><T106/><D22/><U57/><E24/><V107/><F68/><W33/><G33/><T67/><D67/><U80/><E113/><V126/><F70/><W59/><G118/><T111/><D111/><U1/><E1/><V37/><F37/><W121/><G121/><T87/><D87/><U20/><E20/><V128/><F126/><W55/><G116/><T81/><D106/><U18/><E71/><V54/><F101/><W73/><G73/><T51/><D81/><U135/><E135/><AGARI ba="0,0" hai="48,49,51,86,88,93,96,98,132,133,135" m="19759" machi="135" ten="30,2000,0" yaku="20,1,54,1" doraHai="53" who="0" fromWho="1" sc="271,20,386,-20,141,0,202,0" /><INIT seed="3,0,0,2,1,38" ten="291,366,141,202" oya="3" hai0="84,119,64,25,82,130,124,14,110,6,132,57,47" hai1="90,81,23,21,20,8,88,54,92,44,114,135,120" hai2="17,131,65,59,115,112,96,122,70,31,117,51,74" hai3="116,60,91,94,87,28,53,126,129,89,4,32,40"/><W61/><G116/><T58/><D119/><U22/><E120/><V133/><F117/><W13/><G129/><T37/><D130/><U5/><E114/><V43/><F74/><W85/><G126/><T18/><D124/><U36/><E135/><V113/><F31/><W99/><G32/><T12/><D132/><U83/><N who="1" m="5120" /><DORA hai="97" /><U134/><E134/><V118/><F118/><W104/><G28/><T93/><D25/><U80/><E92/><V27/><F133/><W2/><G2/><T41/><D110/><U49/><REACH who="1" step="1"/><E36/><REACH who="1" ten="291,356,141,202" step="2"/><V73/><F131/><W15/><G104/><T68/><D93/><U29/><E29/><V33/><F122/><W50/><G99/><T42/><D37/><U125/><E125/><V86/><F73/><W111/><G111/><T108/><D108/><U105/><E105/><V46/><F96/><W34/><G34/><T39/><D39/><U100/><E100/><V62/><F86/><W16/><G87/><T11/><D84/><U109/><E109/><V128/><F128/><W7/><G91/><T66/><D82/><U30/><E30/><V76/><F33/><W1/><G85/><T55/><D14/><AGARI ba="0,1" hai="5,8,14,44,49,54,80,81,83,88,90" m="5120" machi="14" ten="50,6400,0" yaku="1,1,8,1,54,1,53,0" doraHai="38,97" doraHaiUra="101,35" who="1" fromWho="0" sc="291,-64,356,74,141,0,202,0" /><INIT seed="4,0,0,1,0,111" ten="227,430,141,202" oya="0" hai0="46,95,22,98,107,59,55,89,75,39,19,134,84" hai1="114,36,17,91,102,30,92,94,101,50,24,42,54" hai2="18,52,131,113,49,120,71,7,106,41,14,129,70" hai3="69,76,35,117,105,68,4,58,2,21,86,61,33"/><T11/><D75/><U53/><E17/><V31/><F120/><W115/><G117/><T133/><D11/><U88/><E36/><V43/><F106/><W27/><G105/><T48/><D39/><U62/><E42/><N who="2" m="15883" /><F31/><W125/><G35/><T47/><D107/><U124/><E124/><V77/><F7/><W45/><G45/><T104/><D104/><U10/><E10/><V67/><F77/><W87/><G33/><T34/><D34/><U1/><E1/><V29/><F29/><W8/><G125/><T112/><D112/><U121/><E121/><V56/><F67/><W63/><G87/><T123/><D123/><U119/><E119/><V66/><F66/><W60/><G86/><T116/><D116/><U93/><E62/><V9/><F113/><W40/><G76/><T90/><D133/><U126/><E114/><V32/><F32/><W73/><G73/><T16/><D134/><U51/><E126/><V80/><F80/><W81/><G81/><N who="0" m="49295" /><D19/><U128/><E94/><V23/><F9/><W130/><G115/><T110/><D110/><U135/><E135/><V99/><F99/><W64/><G64/><T132/><D132/><U108/><E108/><V97/><F97/><W37/><G21/><T83/><D83/><U74/><E74/><V103/><F103/><W3/><G3/><T82/><D82/><U13/><E101/><V44/><F44/><W12/><G2/><T26/><AGARI ba="0,0" hai="16,22,26,46,47,48,55,59,90,95,98" m="49295" machi="26" ten="30,3000,0" yaku="8,1,54,1" doraHai="111" who="0" fromWho="0" sc="227,30,430,-10,141,-10,202,-10" /><INIT seed="4,1,0,4,3,131" ten="257,420,131,192" oya="0" hai0="41,111,132,122,4,121,57,130,87,40,49,74,103" hai1="116,117,9,36,88,11,72,86,81,7,108,19,10" hai2="58,61,114,50,33,126,112,120,92,43,12,77,54" hai3="59,13,56,91,75,95,5,125,104,133,100,118,37"/><T38/><D74/><U65/><E36/><V109/><F33/><W53/><G118/><T69/><D69/><U27/><E108/><V15/><F109/><W44/><G75/><T62/><D4/><U124/><E72/><V93/><F120/><N who="0" m="46186" /><D103/><U0/><E124/><V66/><F43/><W98/><G125/><T21/><D21/><U119/><E65/><V42/><F42/><W31/><G31/><T17/><D17/><U16/><E19/><V76/><F126/><W25/><G25/><T78/><D78/><N who="2" m="30314" /><F112/><W68/><G68/><T26/><D26/><U84/><E84/><V34/><F34/><W97/><G37/><T113/><D87/><U135/><E27/><V73/><F73/><W64/><G64/><N who="0" m="38991" /><D111/><U18/><E7/><V35/><F35/><W24/><G24/><T45/><D130/><U127/><E0/><V71/><F71/><W134/><G13/><N who="2" m="5193" /><F114/><W46/><G5/><T67/><D67/><U123/><E127/><V99/><F99/><W106/><G104/><T102/><D102/><U47/><E119/><V110/><F110/><W2/><G2/><T85/><D85/><U79/><E117/><V80/><F80/><W23/><G23/><T55/><D113/><U28/><E116/><V107/><F107/><W8/><G8/><T101/><D101/><U29/><E9/><V22/><F22/><W82/><G82/><T83/><D83/><U51/><E81/><V70/><F93/><N who="3" m="56511" /><G106/><T20/><D20/><U3/><E123/><V105/><F105/><W90/><G100/><T6/><D38/><U1/><E11/><V60/><F92/><RYUUKYOKU ba="1,0" sc="257,-10,420,-10,131,30,192,-10" hai2="50,54,58,60,61,66,70" /><INIT seed="5,2,0,0,3,88" ten="247,410,161,182" oya="1" hai0="32,114,75,33,135,41,79,55,130,13,91,52,103" hai1="102,104,84,28,83,40,90,87,106,133,71,10,59" hai2="105,21,65,0,3,58,94,115,57,4,109,19,44" hai3="80,35,73,121,126,43,119,120,37,34,76,95,27"/><U50/><E71/><V9/><F105/><W20/><G35/><T70/><D114/><U46/><E133/><V23/><F109/><W6/><G126/><T97/><D70/><U47/><E102/><V25/><F115/><W110/><G110/><T111/><D111/><U67/><E28/><V89/><F0/><W62/><G119/><T116/><D116/><U96/><E96/><V48/><F65/><W7/><G62/><T8/><D41/><U123/><E123/><V2/><F23/><W66/><G66/><T45/><D45/><U1/><E47/><V117/><F2/><W18/><G34/><T125/><D125/><U92/><E67/><V11/><F11/><W118/><G118/><T14/><D91/><U49/><E49/><V60/><F60/><W107/><G107/><T53/><D130/><U78/><REACH who="1" step="1"/><E59/><REACH who="1" ten="247,400,161,182" step="2"/><V108/><F117/><W31/><G31/><T17/><D97/><U98/><E98/><V100/><F108/><W68/><G68/><T131/><D103/><U122/><E122/><V128/><F100/><W86/><G121/><T112/><D135/><U30/><E30/><V26/><F128/><W72/><G120/><T77/><D131/><U24/><E24/><N who="2" m="14399" /><F58/><W39/><G73/><T16/><D75/><U12/><E12/><N who="2" m="5159" /><F57/><W81/><G81/><T132/><D132/><U101/><E101/><V42/><F3/><W127/><G127/><T22/><D112/><U63/><E63/><V64/><F64/><W56/><G56/><T85/><D32/><U15/><E15/><V69/><F69/><W29/><G72/><T134/><D134/><RYUUKYOKU ba="2,1" sc="247,-15,400,15,161,15,182,-15" hai1="1,10,40,46,50,78,83,84,87,90,92,104,106" hai2="25,26,42,44,48,89,94" /><INIT seed="5,3,1,5,0,53" ten="232,415,176,167" oya="1" hai0="49,98,131,46,103,2,79,5,121,69,102,18,34" hai1="86,130,132,99,17,54,66,13,115,96,57,56,85" hai2="35,77,84,110,64,8,111,128,71,94,20,9,51" hai3="63,37,42,124,117,29,15,118,113,36,55,93,114"/><U58/><E115/><N who="3" m="44042" /><G29/><T22/><D34/><U23/><E130/><V39/><F35/><W10/><G93/><T19/><D69/><U126/><E126/><V109/><F39/><N who="3" m="14923" /><G124/><T92/><D131/><U106/><E132/><V28/><F128/><W38/><N who="3" m="14931" /><W24/><DORA hai="83" /><G24/><T45/><D121/><U116/><E66/><V105/><F105/><W107/><G107/><T25/><D79/><U47/><E116/><N who="3" m="44650" /><G42/><T40/><D103/><U120/><E106/><V6/><F94/><W129/><G129/><T43/><D5/><U127/><E127/><V81/><F6/><W7/><G55/><T65/><D2/><U88/><E54/><V11/><F20/><W97/><G97/><T91/><D102/><U50/><E99/><V135/><F28/><W68/><G68/><T27/><D27/><U32/><E96/><V119/><F119/><W44/><G44/><T87/><D98/><U30/><E47/><V26/><F26/><W90/><G63/><T89/><D45/><U72/><E30/><V59/><F71/><W52/><G52/><T31/><D43/><U122/><E32/><V70/><F70/><W4/><G4/><T3/><D19/><U1/><E17/><V16/><F16/><W33/><G33/><T74/><D31/><U123/><E123/><V12/><F110/><W101/><G101/><T78/><D46/><U41/><E120/><V95/><F111/><W104/><G104/><T75/><D40/><U60/><E122/><V112/><F109/><W67/><G67/><T62/><D65/><U133/><E41/><V134/><F112/><RYUUKYOKU ba="3,1" sc="232,-10,415,-10,176,-10,167,30" hai3="7,10,15,90" /><INIT seed="6,4,1,2,0,75" ten="222,405,166,197" oya="2" hai0="46,64,13,95,73,103,26,51,50,104,34,131,4" hai1="118,23,20,14,122,52,59,126,74,91,83,0,111" hai2="99,42,16,25,54,110,121,113,30,56,53,129,18" hai3="116,39,76,107,108,100,12,69,9,21,82,93,60"/><V114/><F121/><W31/><G108/><T106/><D73/><U58/><E0/><V28/><F110/><W49/><G39/><T15/><D131/><U61/><E111/><V3/><F3/><W90/><G116/><T86/><D64/><U44/><E118/><V66/><F42/><W70/><G49/><T38/><D38/><U29/><E122/><V6/><F129/><W27/><G60/><T72/><D72/><U57/><E126/><V62/><F6/><W11/><G11/><T5/><D26/><N who="1" m="16583" /><E74/><V67/><F99/><N who="3" m="59503" /><G70/><T81/><D51/><U2/><E44/><V41/><F41/><W80/><G69/><T105/><D95/><U85/><E2/><V7/><F7/><W43/><G107/><T77/><D103/><U37/><E37/><V94/><F94/><W96/><G96/><T84/><D34/><U117/><E117/><V24/><F62/><W87/><G43/><T35/><D84/><U120/><E120/><V88/><F56/><W115/><G115/><T47/><D35/><U124/><E124/><V123/><F123/><W98/><G98/><T1/><D47/><U128/><E128/><V109/><REACH who="2" step="1"/><F109/><REACH who="2" ten="222,405,156,197" step="2"/><W17/><G82/><T19/><D1/><U8/><E59/><V48/><F48/><W119/><G119/><T134/><D50/><U55/><E58/><V92/><F92/><W135/><G135/><T132/><D46/><U130/><E130/><V125/><F125/><W101/><G101/><T65/><D132/><U102/><E57/><V36/><F36/><W68/><G68/><T97/><D134/><U112/><E61/><RYUUKYOKU ba="4,2" sc="222,-15,405,-15,156,15,197,15" hai2="16,18,24,25,28,30,53,54,66,67,88,113,114" hai3="9,12,17,21,27,31,76,80,87,90" /><INIT seed="6,5,2,3,4,41" ten="207,390,171,212" oya="2" hai0="109,117,55,91,83,121,81,61,32,115,74,1,106" hai1="21,76,50,69,132,35,31,66,72,46,45,108,124" hai2="99,96,71,114,112,130,113,78,14,134,29,18,107" hai3="2,20,92,44,38,68,75,40,52,90,102,8,77"/><V34/><F71/><W10/><G68/><T87/><D109/><U125/><E108/><V7/><F134/><W39/><G39/><T25/><D121/><U5/><E132/><V120/><F120/><W60/><G102/><T119/><D106/><U122/><E122/><V79/><F7/><W24/><G2/><T128/><D1/><U23/><E5/><V37/><F37/><W47/><G77/><N who="2" m="29193" /><F130/><W118/><G75/><T98/><D98/><N who="2" m="37418" /><F107/><W51/><G60/><T26/><D115/><U88/><E35/><V62/><F62/><W86/><G118/><N who="0" m="45067" /><D128/><U42/><E69/><V100/><F29/><AGARI ba="5,2" hai="8,10,20,24,29,38,40,44,47,51,52,86,90,92" machi="29" ten="30,7700,0" yaku="7,1,52,2,54,1" doraHai="41" who="3" fromWho="2" sc="207,0,390,0,171,-92,212,112" /><INIT seed="7,0,0,1,3,20" ten="207,390,79,324" oya="3" hai0="78,91,130,75,18,33,34,14,89,90,96,28,49" hai1="16,68,126,135,9,59,131,61,120,50,71,54,116" hai2="103,122,51,67,62,132,5,107,30,1,19,117,2" hai3="29,65,115,31,119,108,35,73,83,98,76,85,44"/><W6/><G119/><T42/><D130/><U37/><E120/><V133/><F117/><W64/><G35/><T110/><D110/><U24/><E116/><V22/><F122/><W88/><G108/><T101/><D75/><U45/><E131/><V63/><F51/><W94/><G115/><T84/><D78/><U17/><E126/><V21/><F5/><W52/><G6/><T46/><D28/><N who="3" m="10825" /><G73/><T57/><D57/><U102/><E102/><V7/><F7/><W36/><G36/><T112/><D112/><U8/><E37/><V114/><F114/><W118/><G118/><T129/><D129/><U104/><E104/><V3/><F30/><W60/><G44/><T55/><D42/><U69/><E135/><V86/><F86/><W121/><G121/><T4/><D4/><U13/><E24/><V93/><F107/><W72/><G72/><T97/><D97/><U41/><E69/><V38/><F38/><W111/><G111/><T95/><D34/><U43/><E43/><V105/><F105/><W100/><G100/><T11/><REACH who="0" step="1"/><D33/><REACH who="0" ten="197,390,79,324" step="2"/><U48/><E71/><V87/><F87/><AGARI ba="0,1" hai="11,14,18,46,49,55,84,87,89,90,91,95,96,101" machi="87" ten="40,5200,0" yaku="1,1,2,1,8,1,53,0" doraHai="20" doraHaiUra="32" who="0" fromWho="2" sc="197,62,390,0,79,-52,324,0" owari="259,-14.0,390,49.0,27,-47.0,324,12.0" /></mjloggm>