<mjloggm ver="2.3"><GO type="225" lobby="0"/><UN n0="%E5%B0%B1%E6%B4%BB%E7%94%9F%40%E5%B7%9D%E6%9D%91%E8%BB%8D%E5%9B%A3" n1="%E3%83%AA%E3%83%81%E3%83%A3%21%21" n2="%E8%85%B9%E7%97%9B%E3%81%BD%E3%81%A3%E3%81%8F%E3%82%93" n3="%4B%52%65%72%65%65%65%4E" dan="18,17,16,16" rate="2207.44,2095.25,2139.23,2112.23" sx="M,M,M,M"/><TAIKYOKU oya="0"/><INIT seed="0,0,0,2,2,50" ten="250,250,250,250" oya="0" hai0="52,56,131,127,116,135,16,66,67,34,95,100,41" hai1="43,104,105,124,97,19,93,72,98,33,114,7,126" hai2="3,6,120,24,18,51,11,122,20,2,113,59,106" hai3="60,4,17,112,119,64,130,37,5,107,36,88,23"/><T45/><D34/><U39/><E33/><V61/><F113/><W70/><G112/><T35/><D35/><U63/><E7/><V38/><F38/><W53/><G119/><T48/><D116/><U77/><E114/><V31/><F106/><W91/><G107/><T99/><D131/><U42/><E19/><V123/><F51/><W12/><G130/><T103/><D135/><U79/><E63/><V21/><F59/><W71/><G71/><T46/><D127/><U29/><E29/><V90/><F90/><W0/><G53/><T40/><D103/><U73/><REACH who="1" step="1"/><E93/><REACH who="1" ten="250,240,250,250" step="2"/><V81/><F61/><W111/><G60/><N who="0" m="35847" /><D16/><U96/><E96/><V115/><F115/><W62/><G17/><T74/><D74/><U83/><E83/><V76/><F81/><W117/><G5/><T65/><D45/><U68/><E68/><V85/><F18/><W13/><G4/><T134/><D134/><U110/><E110/><V55/><F6/><W108/><G111/><T101/><D101/><U87/><E87/><V128/><F85/><W54/><G108/><T30/><D30/><U133/><E133/><V27/><F31/><W118/><G70/><T84/><D84/><U28/><E28/><V82/><F82/><W109/><G109/><T32/><D32/><U121/><E121/><V49/><F123/><W78/><G118/><T69/><D69/><U26/><E26/><V14/><F122/><W25/><G25/><T80/><D80/><U94/><E94/><V75/><F24/><W8/><G117/><T86/><D86/><U9/><E9/><V92/><F27/><RYUUKYOKU ba="0,1" sc="250,15,240,15,250,-15,250,-15" hai0="40,41,46,48,65,66,67,95,99,100" hai1="39,42,43,72,73,77,79,97,98,104,105,124,126" /><INIT seed="0,1,1,3,0,13" ten="265,255,235,235" oya="0" hai0="77,81,124,103,8,89,0,70,104,87,49,99,109" hai1="14,26,82,4,55,61,17,69,22,115,122,106,5" hai2="58,67,131,127,100,102,42,60,39,84,41,126,112" hai3="116,64,52,76,128,113,129,44,91,133,15,32,74"/><T96/><D70/><U53/><E106/><V111/><F112/><W50/><G116/><T56/><D124/><N who="2" m="47658" /><F111/><W83/><G113/><T98/><D109/><U40/><E122/><V63/><F131/><N who="3" m="50251" /><G133/><T33/><D33/><U16/><E115/><V1/><F1/><W93/><G32/><T51/><D56/><N who="1" m="34959" /><E69/><N who="2" m="42239" /><F84/><N who="3" m="52455" /><G64/><T59/><D59/><U12/><E40/><N who="2" m="15467" /><F39/><W24/><G24/><T68/><D68/><U28/><E82/><V19/><F19/><N who="1" m="7241" /><E55/><AGARI ba="1,1" hai="55,58,60,100,102" m="15467,42239,47658" machi="55" ten="30,1000,0" yaku="18,1" doraHai="13" who="2" fromWho="1" sc="265,0,255,-13,235,23,235,0" /><INIT seed="1,0,0,1,5,68" ten="265,242,258,235" oya="1" hai0="80,5,27,39,22,101,21,82,116,40,87,95,34" hai1="114,52,9,42,85,132,71,77,74,117,7,18,31" hai2="0,47,50,99,3,20,12,30,105,66,76,88,130" hai3="28,43,129,11,92,109,60,10,53,75,107,61,24"/><U122/><E117/><V90/><F130/><W78/><G107/><T93/><D116/><U83/><E122/><V131/><F131/><W94/><G129/><T16/><D34/><U91/><E114/><V59/><F76/><W121/><G121/><T123/><D123/><U48/><E71/><V134/><F134/><W44/><G109/><T126/><D5/><U13/><E132/><V72/><F72/><W135/><G135/><T29/><D101/><U96/><E31/><V127/><F127/><W55/><G78/><T108/><D108/><U70/><E70/><V23/><F105/><W102/><G75/><T115/><D115/><U33/><E42/><V86/><F99/><W106/><G106/><T118/><D118/><U133/><E33/><V100/><F100/><W56/><G11/><T49/><D39/><U111/><E111/><V36/><F36/><W51/><G10/><T110/><D126/><U45/><E133/><V67/><F12/><W103/><G103/><T37/><D37/><U4/><E96/><V1/><F90/><W38/><G102/><T17/><D110/><U125/><E125/><V35/><F35/><W2/><G2/><T128/><D128/><U15/><E15/><V120/><F120/><W57/><REACH who="3" step="1"/><G51/><REACH who="3" ten="265,242,258,225" step="2"/><T64/><D49/><U104/><REACH who="1" step="1"/><E104/><REACH who="1" ten="265,232,258,225" step="2"/><V19/><F0/><W79/><G79/><T58/><D22/><AGARI ba="0,2" hai="22,24,28,38,43,44,53,55,56,57,60,61,92,94" machi="22" ten="30,7700,0" yaku="1,1,7,1,9,1,52,1,53,0" doraHai="68" doraHaiUra="6" who="3" fromWho="0" sc="265,-77,232,0,258,0,225,97" /><INIT seed="2,0,0,4,0,15" ten="188,232,258,322" oya="2" hai0="69,131,74,21,71,43,12,98,107,14,55,80,76" hai1="89,7,61,91,59,95,39,85,84,100,1,92,13" hai2="132,115,30,38,88,6,111,117,42,103,119,50,134" hai3="65,135,67,125,3,130,17,49,102,34,47,81,40"/><V29/><F103/><W0/><G34/><T41/><D131/><U104/><E39/><V72/><F72/><W122/><G122/><T63/><D71/><U121/><E121/><V96/><F38/><W53/><G130/><T37/><D37/><U19/><E1/><V101/><F6/><W11/><G125/><T10/><D21/><U113/><E7/><V36/><F36/><W97/><G135/><N who="2" m="51753" /><F115/><W126/><G126/><T86/><D74/><U26/><E113/><V54/><F42/><W48/><G81/><T94/><D107/><U129/><E129/><V110/><F29/><W22/><G11/><T56/><D12/><U93/><E104/><N who="2" m="63527" /><F88/><N who="1" m="33865" /><E100/><V68/><F30/><W44/><G0/><T60/><D94/><N who="1" m="24067" /><U16/><DORA hai="75" /><E26/><V99/><F99/><W32/><G3/><T51/><D98/><U9/><E19/><V46/><F68/><W45/><G97/><T4/><REACH who="0" step="1"/><D69/><REACH who="0" ten="178,232,258,322" step="2"/><U105/><E105/><V27/><F27/><W64/><G102/><T82/><D82/><U106/><E106/><V33/><F33/><W18/><G32/><T87/><D87/><U66/><AGARI ba="0,1" hai="9,13,16,59,61,66,84,85" m="24067,33865" machi="66" ten="40,8000,1" yaku="8,1,52,1,54,2" doraHai="15,75" who="1" fromWho="1" sc="178,-20,232,90,258,-40,322,-20" /><INIT seed="3,0,0,1,5,52" ten="158,322,218,302" oya="3" hai0="70,84,57,87,47,83,118,114,3,126,68,94,76" hai1="36,97,46,72,132,89,42,13,64,91,104,100,44" hai2="51,55,20,66,6,29,122,92,1,119,101,109,39" hai3="127,63,45,58,32,90,41,7,106,28,115,128,60"/><W23/><G115/><T107/><D3/><U61/><E72/><V129/><F39/><W17/><G106/><T99/><D118/><U25/><E132/><V117/><F66/><W65/><G7/><T59/><D107/><U67/><E67/><V79/><F79/><W12/><G127/><T9/><D126/><U131/><E131/><V31/><F129/><W10/><G128/><T134/><D134/><U78/><E78/><V15/><F1/><W2/><G2/><T110/><D110/><U35/><E13/><V80/><F80/><W71/><G32/><T135/><D135/><U54/><E54/><V24/><F31/><W19/><G28/><T18/><D114/><U74/><E46/><V108/><F122/><W16/><G90/><N who="0" m="55767" /><D70/><N who="1" m="42255" /><E74/><V27/><F27/><W43/><G43/><T113/><D68/><U56/><E56/><N who="0" m="21577" /><D113/><U37/><E37/><V95/><F119/><W105/><G105/><T112/><D112/><U21/><E21/><V30/><F117/><W22/><G23/><T93/><D47/><U124/><E124/><V130/><F130/><W75/><G75/><T96/><D9/><U11/><E11/><N who="2" m="4599" /><F109/><W85/><G10/><T38/><D38/><U49/><E36/><V48/><F108/><W88/><G71/><T120/><D120/><U82/><E82/><V5/><F20/><W8/><G8/><T121/><D121/><U81/><E81/><V34/><F34/><W40/><G45/><T86/><D18/><N who="3" m="7273" /><G63/><T98/><D98/><U4/><E4/><V123/><F5/><W116/><G116/><T77/><D83/><AGARI ba="0,0" hai="12,19,22,40,41,58,60,65,83,85,88" m="7273" machi="83" ten="30,11600,0" yaku="8,1,52,1,54,2" doraHai="52" who="3" fromWho="0" sc="158,-116,322,0,218,0,302,116" owari="42,-46.0,322,12.0,218,-18.0,418,52.0" /></mjloggm>