<mjloggm ver="2.3"><GO type="169" lobby="0"/><UN n0="%E3%82%A4%E3%82%AB%E5%A8%98" n1="%30%30%73%61%69" n2="%E3%83%88%E3%83%88%E3%83%AA%E5%85%88%E7%94%9F%31%39%E6%AD%B3" n3="%E7%A2%BA%E8%AA%8D%E4%BA%8B%E9%A0%85" dan="16,18,18,16" rate="2110.47,2179.15,2199.15,2144.04" sx="F,M,F,M"/><TAIKYOKU oya="0"/><INIT seed="0,0,0,3,5,10" ten="250,250,250,250" oya="0" hai0="7,49,34,42,32,115,86,17,116,90,117,108,101" hai1="87,125,0,122,123,5,100,98,107,58,88,50,106" hai2="24,53,70,28,81,131,9,130,57,128,21,113,56" hai3="79,119,91,37,22,15,40,55,121,97,132,61,66"/><T72/><D115/><U85/><E107/><V44/><F113/><W129/><G119/><T134/><D72/><U31/><E0/><V33/><F70/><W45/><G132/><T14/><D134/><U126/><E5/><V27/><F81/><W16/><G129/><T127/><D127/><N who="1" m="48651" /><E31/><V71/><F71/><W60/><G79/><T95/><D7/><U39/><E39/><V47/><F9/><W46/><G121/><N who="1" m="46090" /><E58/><V65/><F65/><W102/><G91/><T30/><D101/><U2/><E50/><V13/><F27/><W74/><G74/><T4/><D4/><U68/><E68/><V41/><F53/><W110/><G110/><T104/><D104/><U94/><E2/><V54/><F54/><W112/><G112/><T93/><D108/><U51/><E51/><V84/><F44/><W92/><REACH who="3" step="1"/><G66/><REACH who="3" ten="250,250,250,240" step="2"/><T75/><D116/><U35/><E35/><V83/><F128/><W38/><G38/><T64/><D64/><U1/><E1/><V63/><F131/><W76/><G76/><T96/><D34/><U103/><E100/><V105/><F130/><W73/><G73/><T3/><D75/><U118/><E85/><V8/><F33/><W69/><G69/><T82/><D86/><U133/><E133/><V99/><F84/><W52/><G52/><T80/><D32/><U23/><E118/><V18/><F83/><W59/><G59/><T36/><D80/><N who="1" m="49255" /><E106/><V135/><F135/><W78/><G78/><T6/><D36/><U67/><E67/><N who="2" m="39399" /><F57/><W43/><G43/><T114/><D42/><U124/><E124/><V12/><F41/><RYUUKYOKU ba="0,1" sc="250,-15,250,15,250,-15,240,15" hai1="23,94,98,103" hai3="15,16,22,37,40,45,46,55,60,61,92,97,102" /><INIT seed="1,1,1,5,2,41" ten="235,265,235,255" oya="1" hai0="0,58,70,117,88,4,30,26,105,99,91,84,97" hai1="60,23,37,108,3,75,128,6,52,67,98,113,89" hai2="118,123,93,11,42,55,134,116,87,14,127,131,104" hai3="126,12,40,57,5,44,86,43,133,103,83,101,65"/><U81/><E113/><V78/><F123/><W120/><G120/><T19/><D70/><U47/><E3/><V15/><F104/><W76/><G133/><T38/><D38/><U69/><E6/><V59/><F134/><W13/><G126/><T122/><D117/><U66/><E66/><V9/><F127/><W114/><G114/><T31/><D122/><U64/><E64/><V77/><F131/><W80/><G43/><T85/><D58/><U90/><E128/><V20/><F20/><W62/><G83/><T82/><D19/><U106/><E108/><V107/><F107/><W36/><REACH who="3" step="1"/><G13/><REACH who="3" ten="235,265,235,245" step="2"/><T102/><D99/><U74/><E81/><V112/><F112/><W7/><G7/><T124/><D124/><U54/><E98/><V94/><F116/><W27/><G27/><T63/><D4/><U33/><E75/><V28/><F118/><W16/><G16/><T121/><D121/><U73/><E74/><V45/><F14/><W72/><G72/><T34/><D0/><U24/><E73/><V129/><F15/><W39/><G39/><T25/><D25/><U132/><E132/><V49/><F129/><W100/><G100/><T109/><D109/><U56/><E37/><N who="2" m="21711" /><F28/><W125/><G125/><T130/><D130/><U48/><E33/><V51/><F87/><W53/><G53/><T29/><D29/><N who="1" m="17567" /><E106/><V115/><F115/><W79/><G79/><N who="2" m="30217" /><F94/><W8/><AGARI ba="1,2" hai="5,8,12,36,40,44,57,62,65,76,80,86,101,103" machi="8" ten="30,4000,0" yaku="1,1,0,1,52,1,53,0" doraHai="41" doraHaiUra="46" who="3" fromWho="3" sc="235,-11,265,-21,235,-11,245,63" /><INIT seed="2,0,0,3,3,107" ten="224,244,224,308" oya="2" hai0="93,48,61,44,101,19,21,122,38,111,64,22,24" hai1="29,25,72,89,121,75,134,49,114,129,47,94,103" hai2="96,67,7,27,128,42,6,112,41,130,9,12,18" hai3="73,69,34,15,50,81,85,8,0,100,125,4,14"/><V74/><F112/><W23/><G69/><T77/><D38/><U59/><E114/><V76/><F67/><W124/><G34/><T58/><D122/><U1/><E1/><V63/><F63/><W108/><G108/><T135/><D111/><U102/><E59/><V53/><F53/><W2/><G100/><T71/><D135/><U106/><E134/><V119/><F119/><W80/><G50/><T10/><D77/><U32/><E129/><N who="2" m="49771" /><F96/><W37/><G37/><T55/><D71/><U79/><E79/><V110/><F110/><W46/><G46/><T60/><D60/><U99/><E121/><V91/><F91/><W95/><G95/><T3/><D3/><U66/><E66/><V40/><F27/><W90/><G125/><T115/><D24/><U88/><E89/><V132/><F132/><W105/><G124/><T84/><D115/><U92/><E92/><V35/><F35/><W116/><G116/><T13/><D84/><U30/><E30/><V109/><F109/><W65/><G65/><T83/><D83/><AGARI ba="0,0" hai="6,7,9,12,18,40,41,42,74,76,83" m="49771" machi="83" ten="30,2900,0" yaku="19,1,52,1" doraHai="107" who="2" fromWho="0" sc="224,-29,244,0,224,29,308,0" /><INIT seed="2,1,0,5,3,100" ten="195,244,253,308" oya="2" hai0="4,80,119,129,27,52,51,35,60,134,26,32,73" hai1="123,72,128,122,68,126,24,65,2,79,81,89,88" hai2="102,31,13,84,93,14,6,103,86,59,132,98,23" hai3="53,95,36,66,90,78,17,19,106,125,70,85,69"/><V21/><F132/><W37/><G125/><T96/><D129/><U61/><E128/><V97/><F59/><W8/><G78/><T87/><D134/><U29/><E2/><V33/><F33/><W135/><G135/><T5/><D73/><U50/><E50/><V62/><F62/><W67/><G53/><T115/><D115/><U120/><REACH who="1" step="1"/><E126/><REACH who="1" ten="195,234,253,308" step="2"/><V101/><F101/><W104/><G37/><T49/><D51/><U16/><E16/><V48/><F48/><W34/><G36/><T127/><D49/><U74/><E74/><V41/><F41/><W113/><G19/><T0/><D127/><U10/><E10/><V112/><F112/><W58/><G17/><T71/><D0/><U46/><E46/><V94/><F31/><W42/><G42/><T124/><D124/><U91/><E91/><V64/><F64/><W15/><G113/><T116/><D116/><U1/><E1/><V18/><F18/><W30/><G67/><T55/><D119/><U20/><AGARI ba="1,1" hai="20,24,29,61,65,68,72,79,81,88,89,120,122,123" machi="20" ten="30,7900,0" yaku="1,1,0,1,13,1,54,1,53,0" doraHai="100" doraHaiUra="109" who="1" fromWho="1" sc="195,-21,234,92,253,-40,308,-21" /><INIT seed="3,0,0,3,4,83" ten="174,326,213,287" oya="3" hai0="115,6,116,64,93,44,65,87,92,35,36,11,5" hai1="28,68,71,128,60,118,50,49,74,75,84,125,111" hai2="127,21,100,29,42,98,110,33,15,25,57,8,91" hai3="26,113,122,47,39,85,114,13,2,130,52,40,61"/><W18/><G122/><T119/><D35/><U27/><E111/><V48/><F110/><W19/><G2/><T17/><D17/><U67/><E68/><V51/><F127/><W55/><G130/><T134/><D134/><U97/><E128/><V38/><F33/><W88/><G26/><T123/><D123/><U129/><E129/><V69/><F69/><W124/><G124/><T23/><D23/><U82/><E125/><V31/><F31/><W135/><G135/><T117/><D115/><U106/><E118/><V94/><F38/><W109/><G109/><T99/><D36/><U72/><E97/><V14/><F42/><W0/><G0/><T9/><D44/><U54/><E106/><V112/><F112/><W78/><G78/><T131/><D131/><U104/><E104/><V90/><F15/><W30/><G30/><T53/><D53/><U32/><REACH who="1" step="1"/><E54/><REACH who="1" ten="174,316,213,287" step="2"/><V108/><F108/><W121/><G55/><T81/><D99/><U59/><E59/><V58/><F58/><W120/><G114/><T77/><D116/><U103/><E103/><V1/><F57/><W102/><G102/><T70/><D70/><U76/><AGARI ba="0,1" hai="27,28,32,49,50,60,67,71,72,74,75,76,82,84" machi="76" ten="30,7900,0" yaku="1,1,0,1,52,1,53,1" doraHai="83" doraHaiUra="22" who="1" fromWho="1" sc="174,-20,316,89,213,-20,287,-39" /><INIT seed="4,0,0,2,3,108" ten="154,405,193,248" oya="0" hai0="133,60,46,17,117,79,71,93,124,51,126,39,122" hai1="104,48,41,40,78,20,112,127,70,18,73,3,0" hai2="45,95,47,56,113,26,74,64,87,29,120,101,131" hai3="49,89,69,85,135,72,19,36,7,59,9,77,123"/><T107/><D107/><U81/><E104/><V25/><F120/><W103/><G69/><T55/><D79/><U15/><E70/><V114/><F74/><W61/><G36/><T130/><D93/><U125/><E112/><N who="2" m="43115" /><F131/><W99/><G77/><T6/><D6/><U50/><E50/><V100/><F26/><W90/><G72/><T119/><D17/><U11/><E48/><V23/><F87/><W129/><G19/><T4/><D4/><N who="1" m="1415" /><E3/><V76/><F76/><W37/><G135/><T121/><D130/><U58/><E58/><V86/><F86/><W10/><G85/><T109/><D39/><U92/><E92/><V68/><F68/><W57/><G37/><T35/><D35/><U24/><E24/><V105/><F105/><W33/><G129/><T52/><D109/><U27/><E27/><V82/><F82/><W44/><G123/><N who="0" m="47115" /><D133/><U116/><E81/><V115/><N who="2" m="43123" /><V106/><DORA hai="111" /><F106/><W96/><G33/><T84/><D84/><U102/><E78/><V65/><F56/><W134/><G134/><T13/><D13/><U16/><E15/><V110/><F110/><W31/><G59/><N who="0" m="34919" /><D71/><U1/><E73/><V5/><F5/><W97/><G7/><T98/><D98/><U75/><E75/><V32/><F32/><W91/><G96/><T8/><D8/><U80/><E80/><V14/><F14/><W63/><G97/><T2/><D2/><U94/><E1/><V66/><F95/><W62/><G9/><T67/><D67/><N who="2" m="17154" /><V83/><DORA hai="43" /><F83/><W88/><G10/><T22/><D22/><U54/><E94/><RYUUKYOKU ba="0,0" sc="154,15,405,-15,193,15,248,-15" hai0="46,51,55,117,119,124,126" hai2="23,25,29,45,47,100,101" /><INIT seed="4,1,0,5,5,105" ten="169,390,208,233" oya="0" hai0="115,66,84,88,114,38,90,95,77,112,54,104,64" hai1="57,125,100,102,119,39,6,14,15,45,9,133,29" hai2="16,36,65,8,128,25,89,129,76,4,63,69,5" hai3="18,81,44,41,109,48,24,3,33,13,60,70,52"/><T123/><D123/><U110/><E119/><V107/><F36/><W28/><G109/><T10/><D38/><U56/><E110/><V113/><F107/><W49/><G3/><T26/><D104/><U86/><E133/><V134/><F134/><W135/><G135/><T130/><D130/><N who="2" m="50282" /><F113/><W106/><G106/><T91/><D10/><N who="1" m="4439" /><E39/><V83/><F89/><N who="0" m="34410" /><D77/><U1/><E1/><V12/><F25/><W17/><G81/><T72/><D72/><AGARI ba="1,0" hai="4,5,8,12,16,63,65,69,72,76,83" m="50282" machi="72" ten="30,3900,0" yaku="19,1,52,1,54,1" doraHai="105" who="2" fromWho="0" sc="169,-42,390,0,208,42,233,0" /><INIT seed="5,0,0,3,1,8" ten="127,390,250,233" oya="1" hai0="134,93,78,87,90,86,45,7,119,28,81,68,15" hai1="66,110,99,72,50,132,16,62,14,116,127,122,59" hai2="38,105,21,60,92,56,69,26,102,120,64,83,94" hai3="10,80,22,74,101,29,11,5,114,117,23,44,40"/><U73/><E116/><V9/><F120/><W67/><G117/><T88/><D119/><U100/><E122/><V112/><F38/><W71/><G114/><T124/><D68/><U91/><E132/><V0/><F112/><W113/><G113/><T70/><D70/><U4/><E127/><V63/><F83/><W107/><G10/><N who="0" m="4575" /><D124/><U109/><E4/><V46/><F46/><W13/><G29/><T58/><D134/><U125/><E91/><V12/><F0/><W65/><G101/><T17/><D28/><U41/><E50/><V108/><F108/><N who="1" m="41577" /><E41/><V32/><F32/><W48/><G107/><T39/><D39/><U131/><E131/><V37/><F105/><W42/><G42/><T85/><D45/><U31/><E31/><V43/><F102/><W115/><G115/><T96/><D58/><U89/><E89/><V82/><F43/><W84/><G74/><T54/><D54/><U97/><E125/><V18/><F37/><W27/><G71/><T1/><D1/><U104/><E97/><V130/><F130/><W24/><G67/><T30/><D30/><U126/><E126/><V19/><REACH who="2" step="1"/><F82/><REACH who="2" ten="127,390,240,233" step="2"/><W36/><G36/><T133/><D133/><U106/><E104/><V34/><F34/><W98/><G44/><T52/><D52/><AGARI ba="0,1" hai="9,12,18,19,21,26,52,56,60,63,64,69,92,94" machi="52" ten="30,7700,0" yaku="1,1,7,1,52,1,54,1,53,0" doraHai="8" doraHaiUra="33" who="2" fromWho="0" sc="127,-77,390,0,240,87,233,0" /><INIT seed="6,0,0,0,4,5" ten="50,390,327,233" oya="2" hai0="25,76,18,129,56,14,111,55,127,124,4,60,43" hai1="8,116,10,31,91,74,51,6,118,52,32,78,27" hai2="77,113,39,62,67,13,100,107,65,30,54,106,34" hai3="15,42,45,105,12,0,19,104,108,20,128,103,87"/><V130/><F39/><W26/><G108/><T83/><D111/><U86/><E78/><V135/><F113/><W22/><G0/><T7/><D129/><U115/><E74/><V123/><F123/><W93/><G128/><T90/><D43/><U72/><E72/><V21/><F130/><W109/><G109/><T58/><D25/><U9/><E115/><V16/><F135/><W85/><G15/><T1/><D1/><U48/><E6/><V47/><F77/><W133/><G133/><T66/><D90/><U29/><E29/><V33/><F67/><W97/><G104/><T53/><D127/><U122/><E122/><V63/><F100/><W41/><G105/><T44/><D44/><U17/><E17/><V2/><F2/><W59/><G59/><T68/><D68/><U102/><E102/><V112/><F112/><W95/><G95/><T117/><D117/><U84/><E51/><V98/><F98/><W81/><G45/><T120/><D124/><U82/><REACH who="1" step="1"/><E86/><REACH who="1" ten="50,380,327,233" step="2"/><V28/><F28/><N who="3" m="17479" /><G87/><T46/><D120/><U88/><E88/><AGARI ba="0,1" hai="12,19,22,41,42,81,85,88,93,97,103" m="17479" machi="88" ten="30,2000,0" yaku="8,1,54,1" doraHai="5" who="3" fromWho="1" sc="50,0,380,-20,327,0,233,30" /><INIT seed="7,0,0,1,0,117" ten="50,360,327,263" oya="3" hai0="103,85,124,44,66,4,59,79,107,134,105,75,22" hai1="61,131,111,18,20,5,112,95,46,64,51,104,83" hai2="39,17,19,32,12,88,128,48,92,126,24,10,21" hai3="27,110,8,132,37,122,98,84,1,80,14,41,49"/><W23/><G110/><T71/><D22/><U29/><E111/><V36/><F128/><W0/><G37/><T54/><D4/><U52/><E104/><V33/><F126/><W58/><G132/><T9/><D9/><U96/><E112/><V28/><F48/><W63/><G98/><T127/><D44/><U114/><E114/><V69/><F69/><W67/><G122/><T90/><D54/><U57/><E5/><V50/><F50/><W125/><G125/><T74/><D59/><U99/><E131/><V70/><F70/><W94/><G94/><T56/><D56/><U121/><E121/><V6/><F19/><W15/><G49/><T81/><D66/><U40/><E83/><V133/><F133/><W76/><G41/><T82/><D71/><U135/><E135/><V55/><F55/><W101/><G101/><T62/><D62/><U30/><E40/><V11/><F11/><W113/><G113/><T16/><D16/><U31/><E95/><V93/><F33/><W7/><REACH who="3" step="1"/><G1/><REACH who="3" ten="50,360,327,253" step="2"/><T97/><D134/><U68/><E68/><V86/><F93/><W116/><G116/><T108/><D108/><U73/><E73/><V78/><REACH who="2" step="1"/><F78/><REACH who="2" ten="50,360,317,253" step="2"/><W123/><G123/><T87/><D124/><U102/><E102/><V26/><AGARI ba="0,2" hai="6,10,12,17,21,24,26,28,32,36,39,86,88,92" machi="26" ten="20,12000,2" yaku="1,1,2,1,0,1,7,1,54,1,53,1" doraHai="117" doraHaiUra="25" who="2" fromWho="2" sc="50,-30,360,-30,317,140,253,-60" owari="20,-48.0,330,13.0,457,56.0,193,-21.0" /></mjloggm>