<mjloggm ver="2.3"><GO type="169" lobby="0"/><UN n0="%EF%BC%9D%E4%BC%8A%E8%97%A4%E3%81%8B%E3%81%AA%E6%81%B5%EF%BC%9D" n1="%40%E3%82%A4%E3%82%AB" n2="%E3%83%8B%E3%83%BC%E3%83%88%E7%A4%BE%E9%95%B7" n3="%E5%B0%B1%E6%B4%BB%E7%94%9F%40%E5%B7%9D%E6%9D%91%E8%BB%8D%E5%9B%A3" dan="17,16,16,18" rate="2228.26,2093.08,2133.23,2175.58" sx="F,M,M,M"/><TAIKYOKU oya="0"/><INIT seed="0,0,0,1,2,80" ten="250,250,250,250" oya="0" hai0="96,38,71,95,99,88,66,106,17,98,104,112,79" hai1="29,6,60,78,94,82,8,134,36,62,12,45,5" hai2="97,133,119,54,115,121,30,11,81,90,4,32,25" hai3="10,70,57,107,49,118,21,132,65,130,120,20,63"/><T26/><D38/><U86/><E134/><V34/><F133/><W7/><G132/><T109/><D112/><U77/><E29/><V116/><F121/><W27/><G118/><N who="2" m="45097" /><F115/><W125/><G120/><T0/><D0/><U83/><E94/><N who="2" m="56535" /><F81/><W105/><G130/><T39/><D39/><U126/><E126/><V2/><F54/><W92/><G125/><T43/><D43/><U19/><E36/><V101/><F101/><W85/><G70/><T31/><D79/><U15/><E45/><V48/><F48/><W111/><G49/><T69/><D17/><U89/><E6/><V51/><F51/><W35/><G111/><T14/><D109/><U123/><E123/><V131/><F131/><W68/><G68/><T53/><D53/><U59/><E59/><V74/><F74/><W47/><G47/><T117/><D117/><U13/><E13/><V75/><F75/><W52/><G65/><T16/><D71/><U110/><E110/><V122/><F122/><W61/><G61/><N who="1" m="23658" /><E82/><V127/><F127/><W40/><G40/><T42/><D42/><U67/><E67/><V37/><F37/><W23/><G35/><AGARI ba="0,0" hai="2,4,11,25,30,32,34,35" m="56535,45097" machi="35" ten="30,1000,0" yaku="12,1" doraHai="80" who="2" fromWho="3" sc="250,0,250,0,250,10,250,-10" /><INIT seed="1,0,0,3,0,99" ten="250,250,260,240" oya="1" hai0="37,129,13,24,77,55,101,11,126,53,1,67,57" hai1="14,130,71,20,36,82,95,73,91,39,90,120,135" hai2="40,86,110,117,102,42,114,121,63,54,64,43,119" hai3="124,93,5,87,60,83,34,6,122,50,66,8,106"/><U61/><E120/><V103/><F121/><W109/><G122/><T78/><D126/><U41/><E135/><V128/><F117/><W115/><G106/><T96/><D129/><U69/><E130/><V38/><F119/><W105/><G105/><T111/><D111/><U52/><E73/><V76/><F128/><W113/><G109/><T98/><D37/><U84/><E71/><V88/><F110/><W100/><G34/><T107/><D1/><U75/><E75/><V29/><F38/><W15/><G124/><T18/><D96/><U123/><E123/><V23/><F76/><W92/><G6/><T25/><D67/><U10/><E20/><V125/><F64/><W70/><G93/><T7/><D55/><U134/><E41/><V44/><F125/><W45/><G92/><T0/><D77/><U47/><E69/><V85/><F114/><W35/><G35/><T27/><D78/><U127/><E127/><V74/><F74/><W49/><G49/><T19/><REACH who="0" step="1"/><D0/><REACH who="0" ten="240,250,260,240" step="2"/><U32/><E39/><V80/><F86/><W89/><G100/><N who="2" m="38441" /><F44/><W65/><G65/><T72/><D72/><U33/><E36/><V46/><F46/><W22/><G113/><T97/><D97/><U26/><E47/><V79/><F79/><W133/><G115/><T58/><D58/><U4/><E84/><V81/><F81/><W28/><G45/><T94/><D94/><U62/><E95/><V3/><F3/><W59/><G70/><T68/><D68/><U108/><E82/><V12/><F80/><W116/><G83/><T51/><AGARI ba="0,1" hai="7,11,13,18,19,24,25,27,51,53,57,98,101,107" machi="51" ten="30,4000,0" yaku="1,1,0,1,52,1,53,0" doraHai="99" doraHaiUra="132" who="0" fromWho="0" sc="240,50,250,-20,260,-10,240,-10" /><INIT seed="2,0,0,0,3,26" ten="290,230,250,230" oya="2" hai0="36,63,46,76,112,47,2,59,85,14,122,94,22" hai1="127,113,34,51,4,132,128,38,68,41,88,72,73" hai2="75,97,35,108,3,52,12,130,96,70,33,25,29" hai3="116,81,45,99,24,17,83,23,40,5,56,91,78"/><V133/><F3/><W57/><G116/><T48/><D122/><U50/><E113/><V125/><F70/><W7/><G57/><T15/><D112/><U54/><E34/><V82/><F33/><W134/><G134/><T13/><D2/><U20/><E68/><V90/><F133/><W32/><G32/><T131/><D131/><U101/><E132/><V18/><F130/><W80/><G56/><T103/><D36/><U69/><E69/><V74/><F125/><W11/><G11/><T8/><D8/><U135/><E127/><V1/><F1/><W119/><G119/><T95/><D22/><U105/><E73/><V64/><F64/><W37/><G78/><T58/><D58/><U16/><E72/><V28/><F35/><W66/><G66/><N who="0" m="39295" /><D103/><U102/><E105/><V126/><F126/><W79/><G79/><T55/><D46/><N who="1" m="25935" /><E38/><V71/><F71/><W107/><REACH who="3" step="1"/><G91/><REACH who="3" ten="290,230,250,220" step="2"/><T110/><D110/><U98/><E135/><V6/><F108/><W118/><G118/><T104/><D104/><U129/><E128/><V77/><F90/><W92/><G92/><T19/><D94/><N who="1" m="56647" /><E129/><V42/><F77/><W109/><G109/><T117/><D117/><U115/><E115/><V124/><F124/><W10/><G10/><N who="0" m="6583" /><D95/><U123/><E123/><V31/><F75/><W39/><G39/><T114/><D114/><U87/><E4/><V21/><F21/><W60/><G60/><T27/><D76/><U100/><E51/><V30/><F82/><W9/><G9/><T84/><D48/><U121/><E121/><V111/><N who="2" m="7168" /><DORA hai="43" /><V44/><F111/><RYUUKYOKU ba="0,1" sc="290,-10,230,-10,250,-10,220,30" hai3="5,7,17,23,24,37,40,45,80,81,83,99,107" /><INIT seed="3,1,1,0,2,79" ten="280,220,240,250" oya="3" hai0="100,48,94,115,127,101,126,13,24,93,114,132,74" hai1="80,39,50,4,70,81,51,63,68,69,130,58,52" hai2="102,135,109,86,45,40,112,8,3,110,73,22,59" hai3="34,27,62,55,122,54,65,75,124,60,1,29,117"/><W41/><G122/><T35/><D13/><U120/><E120/><V97/><F112/><N who="0" m="43050" /><D132/><U133/><E133/><V129/><F73/><W83/><G117/><T9/><D9/><U42/><E130/><V14/><F135/><W92/><G1/><T85/><D74/><U118/><E118/><V128/><F59/><W89/><G124/><N who="0" m="47659" /><D48/><U71/><E4/><V134/><F134/><W20/><G34/><T2/><D2/><U47/><E51/><N who="2" m="27047" /><F22/><W44/><G62/><T61/><D61/><U78/><REACH who="1" step="1"/><E78/><REACH who="1" ten="280,210,240,250" step="2"/><V107/><F129/><W16/><G41/><T32/><D24/><U11/><E11/><V5/><F128/><W67/><G44/><T87/><D35/><U116/><E116/><V17/><F5/><W66/><G60/><T25/><D25/><U23/><E23/><V88/><F3/><W37/><G37/><T121/><D121/><U46/><E46/><V19/><F8/><W91/><G29/><T36/><D36/><U31/><E31/><V53/><F17/><W113/><G113/><T12/><D32/><U76/><E76/><V125/><F125/><W57/><G57/><T6/><D6/><U84/><E84/><N who="0" m="32329" /><D12/><U96/><E96/><V105/><F14/><W108/><G27/><T64/><D64/><AGARI ba="1,2" hai="39,42,47,50,52,58,63,64,68,69,70,71,80,81" machi="64" ten="40,12000,2" yaku="1,1,24,2,52,2,54,1,53,1" doraHai="79" doraHaiUra="43" who="1" fromWho="0" sc="280,-123,210,143,240,0,250,0" /><INIT seed="4,0,0,5,5,104" ten="157,353,240,250" oya="0" hai0="48,78,71,131,8,98,73,24,134,123,124,122,95" hai1="53,6,25,83,85,20,4,0,82,54,119,49,38" hai2="55,46,91,56,117,51,23,81,65,103,99,74,111" hai3="114,64,21,125,100,106,72,67,87,39,9,116,89"/><T80/><D134/><U44/><E119/><V33/><F33/><W79/><G39/><T11/><D124/><U92/><E38/><V135/><F111/><W3/><G116/><T42/><D71/><U105/><E105/><V130/><F135/><W19/><G114/><T28/><D131/><U70/><E70/><V132/><F132/><W121/><G121/><T69/><D69/><U59/><E0/><V112/><F112/><W102/><G125/><T77/><D77/><U97/><E83/><V16/><F130/><W68/><G68/><T7/><D42/><U94/><E85/><N who="2" m="50607" /><F74/><W88/><G3/><T118/><D48/><N who="1" m="31175" /><E82/><V96/><F103/><W50/><G9/><T30/><D118/><U47/><E47/><V63/><F117/><W115/><G72/><T90/><D11/><U110/><E110/><V76/><F76/><W2/><G2/><T60/><D60/><U109/><E109/><V126/><F126/><W40/><G106/><T75/><D75/><U52/><E53/><V45/><F45/><N who="3" m="25895" /><G79/><T57/><D57/><U108/><E108/><V36/><F36/><W27/><G115/><T41/><D41/><U14/><E14/><AGARI ba="0,0" hai="14,16,23,46,51,55,56,63,65,96,99" m="50607" machi="14" ten="30,2000,0" yaku="8,1,54,1" doraHai="104" who="2" fromWho="1" sc="157,0,353,-20,240,20,250,0" /><INIT seed="5,0,0,1,2,50" ten="157,333,260,250" oya="1" hai0="8,110,86,80,70,97,38,47,24,96,10,95,78" hai1="76,62,115,51,129,22,14,125,64,107,128,134,87" hai2="29,112,20,117,63,102,5,92,36,105,39,0,58" hai3="12,85,61,71,119,2,31,48,101,90,104,1,26"/><U109/><E107/><V127/><F117/><W17/><G119/><T122/><D110/><U83/><E109/><V11/><F105/><W135/><G135/><T28/><D70/><U69/><E134/><V65/><F127/><W41/><G71/><T13/><D122/><U66/><E66/><V79/><F79/><W131/><G131/><N who="1" m="50250" /><E125/><V37/><F112/><W72/><G72/><T132/><D132/><U99/><E99/><V15/><F0/><W21/><G61/><T34/><D96/><U114/><E51/><V59/><F92/><W75/><G75/><T33/><D33/><U108/><E108/><V106/><F106/><W121/><G121/><T100/><D13/><U30/><E30/><V111/><F111/><W53/><G41/><T9/><D47/><U56/><E69/><V23/><F102/><W113/><G101/><T55/><REACH who="0" step="1"/><D38/><REACH who="0" ten="147,333,260,250" step="2"/><U45/><E45/><V82/><F36/><W77/><G2/><T43/><D43/><U52/><E14/><V54/><F37/><W67/><G1/><T74/><D74/><U6/><E22/><V123/><F39/><W88/><G12/><T18/><D18/><U46/><E6/><V60/><F123/><W103/><G17/><T89/><D89/><U49/><AGARI ba="0,1" hai="46,49,52,56,62,64,76,83,87,114,115" m="50250" machi="49" ten="30,6000,0" yaku="19,1,52,1,54,1" doraHai="50" who="1" fromWho="1" sc="147,-20,333,70,260,-20,250,-20" /><INIT seed="5,1,0,5,5,110" ten="127,403,240,230" oya="1" hai0="113,88,72,128,5,4,121,112,132,61,70,74,78" hai1="68,46,50,107,41,54,102,86,89,15,19,43,90" hai2="53,26,79,48,81,49,114,80,95,11,100,111,131" hai3="96,17,30,115,57,45,23,18,9,123,87,28,66"/><U37/><E68/><V22/><F111/><W127/><G123/><T106/><D121/><U130/><E130/><V44/><F114/><N who="0" m="44138" /><D132/><U14/><E107/><V135/><F135/><W83/><G115/><T65/><D128/><U55/><E102/><V124/><F124/><W59/><G127/><T42/><D106/><U116/><E116/><V6/><F131/><W7/><G96/><T52/><D42/><U2/><E2/><V20/><F100/><W1/><G18/><T97/><D52/><U38/><E38/><V94/><F48/><W125/><G45/><T58/><D70/><U133/><E133/><V75/><F80/><W73/><G125/><T105/><D105/><U76/><E37/><V77/><F77/><W71/><G71/><T33/><D33/><U24/><E76/><V35/><F35/><W56/><G66/><T27/><D27/><U21/><E43/><V36/><F36/><W101/><G57/><T60/><D60/><U62/><E62/><V63/><F63/><W13/><G59/><T93/><D78/><U67/><E67/><V117/><F117/><W82/><G56/><T99/><D97/><U3/><E41/><V84/><F75/><AGARI ba="1,0" hai="4,5,58,61,65,72,74,75,88,93,99" m="44138" machi="75" ten="30,8000,1" yaku="15,1,52,3,54,1" doraHai="110" who="0" fromWho="2" sc="127,83,403,0,240,-83,230,0" /><INIT seed="6,0,0,5,1,51" ten="210,403,157,230" oya="2" hai0="133,123,91,49,24,23,103,86,89,64,127,8,35" hai1="71,126,19,94,52,96,40,122,39,3,63,6,108" hai2="27,106,95,99,48,128,76,9,101,14,72,37,32" hai3="102,115,0,53,16,84,28,46,34,118,65,5,1"/><V85/><F37/><W2/><G118/><T75/><D75/><U77/><E108/><V82/><F128/><W18/><G65/><T97/><D123/><U10/><E122/><V12/><F32/><W116/><G116/><T55/><D133/><U130/><E130/><V111/><F111/><W81/><G5/><T79/><D35/><U74/><E126/><V113/><F113/><W67/><G67/><T73/><D127/><U30/><E30/><V33/><F33/><W43/><G102/><T38/><D38/><U4/><E4/><V110/><F110/><W125/><G125/><T88/><D64/><U134/><E71/><V15/><F27/><W107/><G107/><T56/><D8/><U13/><E134/><V83/><F83/><W135/><G135/><T90/><D73/><U129/><E129/><V45/><F72/><W68/><G68/><T114/><D79/><U41/><E39/><V121/><F121/><W104/><G104/><T60/><D60/><U36/><E77/><V105/><REACH who="2" step="1"/><F9/><REACH who="2" ten="210,403,147,230" step="2"/><W22/><G34/><T47/><D114/><U78/><E36/><V62/><F62/><W20/><G115/><T31/><D86/><U58/><E74/><V87/><F87/><W7/><G84/><T21/><D21/><U59/><E10/><V124/><F124/><W100/><G22/><T57/><N who="0" m="22528" /><DORA hai="69" /><T120/><REACH who="0" step="1"/><D120/><REACH who="0" ten="200,403,147,230" step="2"/><U54/><E63/><V109/><F109/><W112/><G20/><T25/><D25/><U70/><E3/><N who="3" m="1098" /><G112/><T117/><D117/><U17/><E6/><V132/><F132/><W98/><N who="3" m="1106" /><W26/><DORA hai="80" /><G7/><RYUUKYOKU ba="0,2" sc="200,15,403,-15,147,15,230,-15" hai0="23,24,31,47,49,55,56,57,97,103" hai2="12,14,15,45,48,76,82,85,95,99,101,105,106" /><INIT seed="6,1,2,2,1,109" ten="215,388,162,215" oya="2" hai0="118,30,91,131,17,64,123,121,29,52,89,35,104" hai1="114,110,69,95,57,113,112,80,76,34,81,88,116" hai2="59,43,93,98,40,44,46,126,56,132,68,18,85" hai3="0,3,102,50,25,26,12,4,111,66,106,70,122"/><V6/><F132/><W117/><G111/><T135/><D135/><U134/><E69/><V48/><F126/><W39/><G39/><T129/><D104/><U73/><E134/><V1/><F68/><W28/><G122/><N who="0" m="46603" /><D64/><U90/><E34/><V49/><F85/><W32/><G117/><T41/><D118/><U15/><E116/><V100/><REACH who="2" step="1"/><F18/><REACH who="2" ten="215,388,152,215" step="2"/><W115/><G70/><T130/><D17/><U78/><E110/><V23/><F23/><W27/><G32/><T97/><D35/><U84/><E57/><V105/><F105/><W107/><G107/><T9/><D130/><U99/><E15/><V54/><F54/><W103/><G106/><T36/><D52/><U65/><E65/><V74/><F74/><W94/><G66/><T42/><D131/><U7/><E7/><V86/><F86/><W10/><G3/><T55/><D55/><U58/><E58/><V101/><F101/><AGARI ba="1,3" hai="73,76,78,80,81,84,88,90,95,99,101,112,113,114" machi="101" ten="40,16000,3" yaku="15,1,34,3,52,3,54,1" doraHai="109" who="1" fromWho="2" sc="215,0,388,193,152,-163,215,0" owari="215,2.0,581,67.0,-11,-51.0,215,-18.0" /></mjloggm>