<mjloggm ver="2.3"><GO type="169" lobby="0"/><UN n0="%E3%80%93%E3%81%84%E3%81%A1%E3%81%AF%E3%82%89%E3%80%93" n1="%E3%81%97%E3%82%8D%E3%81%9F%E3%82%93%E3%81%8C%E3%81%84%E3%81%84%E3%81%8A" n2="%73%61%6E%64%69%72%69%73" n3="%E5%B0%B1%E6%B4%BB%E7%94%9F%40%E5%B7%9D%E6%9D%91%E8%BB%8D%E5%9B%A3" dan="19,16,16,18" rate="2236.08,2129.79,2199.94,2262.12" sx="M,F,M,M"/><TAIKYOKU oya="0"/><INIT seed="0,0,0,0,5,92" ten="250,250,250,250" oya="0" hai0="20,45,65,93,75,133,113,56,18,126,135,101,106" hai1="25,58,104,5,23,41,86,82,121,95,29,2,112" hai2="4,74,80,91,117,132,71,134,90,66,47,10,72" hai3="85,7,83,120,13,110,48,128,27,129,22,102,54"/><T84/><D113/><U34/><E104/><V24/><F24/><W69/><G69/><T1/><D75/><U31/><E112/><V88/><F47/><W77/><G120/><T42/><D1/><U61/><E121/><V127/><F127/><W36/><G36/><T46/><D106/><U43/><E34/><V11/><F117/><W53/><G110/><T96/><D126/><U12/><E2/><V30/><F30/><W119/><G119/><T6/><D6/><U105/><E105/><V59/><F59/><W26/><G102/><T50/><D84/><U98/><E31/><V28/><F28/><W103/><G103/><T123/><D123/><U60/><E60/><N who="2" m="40391" /><F80/><W79/><G79/><T109/><D109/><U94/><E94/><V87/><F87/><W62/><G62/><T32/><D32/><U16/><E5/><V131/><F131/><W67/><G67/><T35/><D35/><U55/><E12/><N who="2" m="5191" /><F11/><W63/><G63/><N who="0" m="38119" /><D46/><U14/><E14/><V97/><F97/><W57/><G53/><T100/><D100/><N who="1" m="60511" /><E29/><V9/><F9/><N who="3" m="4287" /><G22/><T124/><D124/><U40/><E40/><V122/><F122/><W8/><G8/><T33/><D33/><U15/><E15/><V21/><F21/><W64/><G64/><T70/><D70/><U3/><E3/><V17/><F17/><W49/><G49/><T0/><D0/><U19/><E19/><V38/><F38/><W115/><G115/><T51/><D51/><U44/><E44/><V116/><F116/><W78/><G78/><AGARI ba="0,0" hai="16,23,25,41,43,55,58,61,78,82,86" m="60511" machi="78" ten="30,3900,0" yaku="8,1,52,1,54,1" doraHai="92" who="1" fromWho="3" sc="250,0,250,39,250,0,250,-39" /><INIT seed="1,0,0,4,3,73" ten="250,289,250,211" oya="1" hai0="7,33,131,113,105,20,72,70,84,124,112,93,11" hai1="12,48,86,36,116,135,6,78,61,57,118,55,76" hai2="15,60,53,87,51,130,45,16,39,62,101,104,111" hai3="2,42,127,19,120,128,28,65,121,4,88,10,22"/><U3/><E36/><V108/><F130/><W96/><G128/><T132/><D93/><U27/><E3/><V47/><F104/><W1/><G1/><T46/><D84/><U134/><E27/><V50/><F101/><W25/><G127/><T49/><D20/><U18/><E6/><V106/><F106/><W110/><G110/><N who="2" m="42025" /><F87/><W29/><G42/><T94/><D94/><U114/><E114/><V21/><F39/><W102/><G65/><T82/><D33/><U97/><E97/><V90/><F90/><W34/><G29/><T68/><D131/><U107/><E107/><V59/><F47/><W37/><G37/><T91/><D105/><U14/><E86/><V126/><F126/><W26/><G102/><T56/><D91/><U0/><E0/><V31/><F31/><W109/><G109/><T66/><D124/><U119/><E61/><V95/><F95/><W23/><G96/><T75/><D75/><U89/><E89/><V13/><F15/><N who="1" m="5673" /><E18/><V122/><F122/><W41/><G41/><AGARI ba="0,0" hai="13,16,21,41,45,50,51,53,59,60,62" m="42025" machi="41" ten="30,2000,0" yaku="14,1,54,1" doraHai="73" who="2" fromWho="3" sc="250,0,289,0,250,20,211,-20" /><INIT seed="2,0,0,0,4,77" ten="250,289,270,191" oya="2" hai0="25,71,34,1,95,123,107,82,56,105,26,11,48" hai1="32,103,29,19,130,134,117,55,121,54,17,98,92" hai2="81,68,119,73,135,111,69,118,4,24,76,10,0" hai3="131,23,44,39,2,127,40,115,16,116,97,66,80"/><V89/><F135/><W62/><G116/><T78/><D71/><U99/><E117/><V59/><F119/><W109/><G2/><T110/><D123/><U120/><E134/><V3/><F118/><W46/><G131/><T84/><D110/><U61/><E130/><V5/><F89/><W47/><G109/><T13/><D1/><U58/><E54/><V79/><F111/><W94/><G127/><T27/><D34/><U51/><E51/><V15/><F59/><W129/><G129/><T43/><D95/><U70/><E70/><V14/><F24/><W100/><G115/><T36/><D36/><U38/><E38/><V72/><REACH who="2" step="1"/><F10/><REACH who="2" ten="250,289,260,191" step="2"/><W101/><G101/><T96/><D56/><U93/><E120/><V37/><F37/><W57/><REACH who="3" step="1"/><G80/><AGARI ba="0,1" hai="0,3,4,5,14,15,68,69,72,73,76,79,80,81" machi="80" ten="25,12000,1" yaku="1,1,22,2,52,2,53,0" doraHai="77" doraHaiUra="128" who="2" fromWho="3" sc="250,0,289,0,260,130,191,-120" /><INIT seed="2,1,0,5,3,19" ten="250,289,390,71" oya="2" hai0="10,30,4,42,75,3,15,135,9,34,87,22,71" hai1="28,2,51,88,13,26,14,83,63,76,111,21,53" hai2="29,117,56,54,74,132,121,45,113,91,61,100,98" hai3="16,94,27,99,102,43,128,7,79,68,82,32,35"/><V106/><F121/><W93/><G128/><T73/><D71/><U46/><E2/><V57/><F117/><W89/><G68/><T108/><D108/><U81/><E111/><V20/><F113/><W49/><G7/><T78/><D135/><U109/><E109/><V92/><F74/><W107/><G43/><T67/><D67/><U65/><E81/><V70/><F132/><W5/><G5/><T80/><D10/><U103/><E103/><V60/><F45/><W90/><G49/><T72/><D42/><U101/><E101/><V84/><F70/><W18/><G94/><T115/><D115/><U58/><E76/><V39/><F39/><W48/><G48/><T130/><D130/><U38/><E38/><V66/><F29/><W95/><G95/><T110/><D110/><U59/><E59/><V134/><F134/><W25/><G90/><T52/><D34/><U124/><E124/><V133/><F133/><W120/><G120/><T62/><D3/><U122/><E122/><V12/><F12/><W104/><G27/><T86/><D86/><AGARI ba="1,0" hai="13,14,21,26,28,46,51,53,58,63,65,83,86,88" machi="86" ten="40,5200,0" yaku="8,1,52,1,54,1" doraHai="19" who="1" fromWho="0" sc="250,-55,289,55,390,0,71,0" /><INIT seed="3,0,0,4,5,33" ten="195,344,390,71" oya="3" hai0="13,68,105,21,83,135,10,102,37,28,126,130,75" hai1="71,79,55,114,9,110,132,80,53,119,46,34,125" hai2="99,97,39,84,98,117,66,131,1,16,22,72,89" hai3="12,56,26,18,134,100,41,57,24,29,87,93,61"/><W5/><G134/><T96/><D37/><U45/><E34/><V120/><F39/><W88/><G5/><T60/><D130/><U108/><E71/><V49/><F72/><W78/><G41/><T81/><D126/><U129/><E132/><V15/><F117/><W47/><G47/><N who="1" m="17930" /><E129/><V27/><F1/><W95/><G78/><T111/><D111/><N who="1" m="42539" /><E119/><V113/><F113/><W32/><G26/><T51/><D135/><U73/><E125/><V58/><F120/><W36/><G36/><T43/><D75/><U82/><E114/><V31/><F131/><W20/><G100/><T74/><D74/><U103/><E82/><V8/><F66/><W48/><G48/><T116/><D51/><U118/><E118/><V112/><F112/><W64/><REACH who="3" step="1"/><G93/><REACH who="3" ten="195,344,390,61" step="2"/><N who="0" m="58639" /><D43/><U19/><E103/><V14/><F14/><AGARI ba="0,1" hai="9,14,19,53,55,73,79,80" m="42539,17930" machi="14" ten="30,1000,0" yaku="14,1" doraHai="33" who="1" fromWho="2" sc="195,0,344,20,390,-10,61,0" /><INIT seed="4,0,0,3,2,61" ten="195,364,380,61" oya="0" hai0="59,114,55,83,99,134,21,41,18,102,100,71,80" hai1="92,1,108,69,65,62,123,106,90,67,104,111,17" hai2="119,96,93,2,79,89,127,97,51,5,52,25,107" hai3="117,81,98,86,32,23,82,94,75,103,128,47,56"/><T84/><D71/><U77/><E123/><V10/><F127/><W31/><G32/><T91/><D114/><U49/><E1/><V14/><F119/><W44/><G117/><T74/><D134/><U24/><E77/><V85/><F2/><W0/><G0/><T135/><D135/><U130/><E130/><V34/><F79/><W125/><G125/><T35/><D35/><U112/><E112/><V68/><F68/><W109/><G109/><T132/><D132/><U39/><E39/><V57/><REACH who="2" step="1"/><F107/><REACH who="2" ten="195,364,370,61" step="2"/><W76/><G128/><T101/><D74/><U36/><E104/><V16/><F16/><W42/><G42/><T12/><D41/><U63/><E106/><V115/><F115/><W28/><G28/><AGARI ba="0,1" hai="5,10,14,25,28,34,51,52,57,85,89,93,96,97" machi="28" ten="40,2600,0" yaku="1,1,54,1,53,0" doraHai="61" doraHaiUra="38" who="2" fromWho="3" sc="195,0,364,0,370,36,61,-26" /><INIT seed="5,0,0,2,1,30" ten="195,364,406,35" oya="1" hai0="79,35,112,84,21,75,19,16,114,2,106,110,97" hai1="28,9,10,104,12,58,89,56,102,6,95,40,3" hai2="116,67,82,42,52,70,69,94,122,113,120,128,132" hai3="91,60,37,119,18,1,131,24,32,53,43,14,33"/><U86/><E40/><V73/><F94/><W48/><G1/><T31/><D110/><U93/><E104/><V129/><F82/><W57/><G119/><T107/><D75/><U81/><E28/><V90/><F90/><W108/><G108/><T61/><D2/><U109/><E109/><V25/><F25/><W13/><G131/><N who="2" m="50249" /><F73/><W83/><G37/><T66/><D84/><U88/><E102/><V5/><F5/><W29/><G33/><T65/><D79/><U54/><E54/><V23/><F23/><W118/><G118/><T8/><D8/><U7/><REACH who="1" step="1"/><E81/><REACH who="1" ten="195,354,406,35" step="2"/><V115/><F42/><W45/><REACH who="3" step="1"/><G18/><REACH who="3" ten="195,354,406,25" step="2"/><T117/><D19/><U27/><E27/><V55/><F116/><W77/><G77/><T96/><D117/><U39/><E39/><V68/><F132/><W59/><G59/><T63/><D16/><U72/><E72/><V34/><F34/><W134/><G134/><T51/><D35/><U50/><E50/><V85/><F70/><W44/><G44/><T64/><D51/><U123/><E123/><V49/><F69/><W111/><G111/><T0/><D31/><U101/><E101/><V11/><F68/><W98/><G98/><AGARI ba="0,2" hai="3,6,7,9,10,12,56,58,86,88,89,93,95,98" machi="98" ten="30,5800,0" yaku="1,1,7,1,54,1,53,0" doraHai="30" doraHaiUra="100" who="1" fromWho="3" sc="195,0,354,78,406,0,25,-58" owari="195,-20.0,432,52.0,406,21.0,-33,-53.0" /></mjloggm>