<mjloggm ver="2.3"><GO type="169" lobby="0"/><UN n0="%73%61%6E%64%69%72%69%73" n1="%E5%B0%B1%E6%B4%BB%E7%94%9F%40%E5%B7%9D%E6%9D%91%E8%BB%8D%E5%9B%A3" n2="%E3%81%99%E3%81%BF%E3%82%84%E3%81%AB" n3="%E3%82%AE%E3%82%BF%E3%83%AB%E3%83%9E" dan="18,17,18,16" rate="2236.65,2240.24,2262.74,2095.62" sx="M,M,M,M"/><TAIKYOKU oya="0"/><INIT seed="0,0,0,4,5,53" ten="250,250,250,250" oya="0" hai0="35,108,102,39,21,49,126,106,99,31,51,89,127" hai1="134,111,113,118,5,81,22,69,107,122,44,6,27" hai2="11,83,46,20,43,121,26,10,123,132,61,130,50" hai3="75,0,13,77,94,54,58,65,79,74,92,29,66"/><T14/><D39/><U87/><E122/><V28/><F130/><W80/><G0/><T76/><D76/><U55/><E118/><V24/><F132/><W1/><G1/><T93/><D35/><U70/><E107/><V84/><F123/><W96/><G29/><T120/><D120/><U34/><E34/><V110/><F110/><W131/><G131/><T60/><D108/><U59/><E111/><V9/><F121/><W18/><G92/><T56/><D14/><U48/><E134/><V33/><F33/><W64/><G79/><T72/><D72/><U78/><E113/><V119/><F26/><W42/><G42/><T90/><D90/><U95/><E95/><V23/><F23/><W62/><G75/><T12/><D12/><U73/><E73/><V101/><F101/><W68/><G68/><T91/><D91/><U36/><E36/><V63/><REACH who="2" step="1"/><F119/><REACH who="2" ten="250,250,240,250" step="2"/><W45/><G45/><T98/><D21/><U104/><E104/><V25/><F25/><W32/><G32/><T125/><REACH who="0" step="1"/><D31/><REACH who="0" ten="240,250,240,250" step="2"/><U105/><E22/><V4/><F4/><W71/><G18/><T19/><D19/><U97/><E6/><V30/><F30/><W52/><G52/><AGARI ba="0,2" hai="49,51,52,56,60,89,93,98,99,102,106,125,126,127" machi="52" ten="40,12000,1" yaku="1,1,18,1,52,1,54,1,53,0" doraHai="53" doraHaiUra="128" who="0" fromWho="3" sc="240,140,250,0,240,0,250,-120" /><INIT seed="0,1,0,0,4,78" ten="380,250,240,130" oya="0" hai0="96,76,32,93,38,63,26,34,62,135,29,90,129" hai1="91,16,131,88,20,68,67,48,39,1,11,33,121" hai2="52,22,27,118,70,5,24,85,134,43,41,108,15" hai3="92,82,100,9,101,61,97,56,128,115,98,106,125"/><T114/><D38/><U94/><E39/><V83/><F70/><W84/><G115/><T117/><D117/><U57/><E33/><V23/><F118/><W111/><G111/><T75/><D114/><U59/><E121/><V87/><F134/><W65/><G125/><T124/><D129/><U35/><E35/><V55/><F108/><W120/><G120/><T119/><D119/><U72/><E72/><V64/><F64/><W112/><G112/><T50/><D34/><U14/><E131/><V28/><F5/><W47/><G128/><T42/><D135/><U17/><E68/><V86/><F15/><W45/><REACH who="3" step="1"/><G9/><REACH who="3" ten="380,250,240,120" step="2"/><T73/><D124/><U8/><E1/><V89/><F87/><W53/><G53/><N who="2" m="20553" /><F86/><W95/><G95/><T116/><D116/><U4/><E94/><V60/><F60/><W126/><G126/><T103/><D63/><U71/><E8/><V69/><F69/><W10/><G10/><T132/><D62/><U80/><E71/><V21/><F21/><W6/><G6/><T122/><D122/><U7/><E20/><V81/><F43/><W37/><G37/><T66/><D42/><U30/><E4/><V13/><F41/><W3/><G3/><T31/><D32/><U123/><E7/><V40/><F40/><W109/><G109/><T2/><D2/><U25/><E123/><V105/><F13/><W99/><G99/><T44/><D132/><U77/><E14/><V79/><F23/><W51/><G51/><T18/><D50/><U130/><E48/><V74/><F105/><W12/><G12/><T46/><D96/><RYUUKYOKU ba="1,1" sc="380,-15,250,-15,240,15,120,15" hai2="22,24,27,28,74,79,81,83,85,89" hai3="45,47,56,61,65,82,84,92,97,98,100,101,106" /><INIT seed="1,2,1,5,4,73" ten="365,235,255,135" oya="1" hai0="29,3,39,95,56,51,99,85,27,57,38,86,78" hai1="31,6,87,9,119,72,97,107,126,17,125,58,71" hai2="130,83,98,118,14,93,111,115,131,122,135,68,112" hai3="0,8,113,134,91,20,60,24,89,94,96,40,63"/><U47/><E71/><V76/><F68/><W77/><G113/><N who="2" m="43593" /><F14/><W16/><G134/><T62/><D3/><U13/><E72/><N who="2" m="43399" /><F118/><W109/><G109/><T114/><D114/><U43/><E119/><V80/><F122/><W33/><G40/><T55/><D39/><U120/><E120/><V36/><F36/><W100/><G77/><T34/><D78/><U84/><E31/><V67/><F67/><W45/><G45/><T101/><D38/><U12/><E58/><V127/><F80/><W90/><REACH who="3" step="1"/><G33/><REACH who="3" ten="365,235,255,125" step="2"/><T54/><AGARI ba="2,2" hai="27,29,34,51,54,55,56,57,62,85,86,95,99,101" machi="54" ten="20,1500,0" yaku="0,1,7,1" doraHai="73" who="0" fromWho="0" sc="365,41,235,-9,255,-6,125,-6" /><INIT seed="2,0,0,5,0,66" ten="406,226,249,119" oya="2" hai0="99,114,45,70,128,79,129,30,92,60,122,9,75" hai1="55,113,42,101,80,39,12,32,65,8,15,133,95" hai2="44,107,109,38,131,62,5,37,19,132,1,90,34" hai3="97,47,63,10,84,102,13,0,6,134,46,126,117"/><V67/><F107/><W50/><G117/><T116/><D30/><U14/><E32/><V85/><F34/><W49/><G126/><T33/><D33/><U125/><E113/><V124/><F124/><W64/><G134/><T7/><D114/><U27/><E133/><V56/><F132/><W98/><G0/><T41/><D122/><U118/><E118/><V73/><F73/><W28/><G28/><T36/><D116/><U86/><E65/><V23/><F131/><W29/><G29/><T96/><D60/><U57/><E125/><V115/><F115/><W31/><G31/><T2/><D70/><U87/><E27/><V40/><F109/><W53/><G84/><T20/><D20/><U93/><E86/><V105/><F105/><W91/><G91/><N who="0" m="55327" /><D99/><U77/><E101/><V58/><F38/><W17/><G6/><T48/><D48/><U81/><E81/><AGARI ba="0,0" hai="2,7,9,36,41,45,75,79,81,128,129" m="55327" machi="81" ten="30,1000,0" yaku="25,1" doraHai="66" who="0" fromWho="1" sc="406,10,226,-10,249,0,119,0" /><INIT seed="3,0,0,0,4,33" ten="416,216,249,119" oya="3" hai0="8,49,51,64,92,21,6,111,74,40,124,106,76" hai1="36,46,117,90,30,68,20,35,34,12,5,122,83" hai2="81,54,118,99,113,53,38,84,13,44,32,59,43" hai3="56,79,133,52,67,78,62,89,88,132,22,101,129"/><W86/><G101/><T0/><D106/><U103/><E68/><V131/><F118/><W96/><G129/><T134/><D111/><U97/><E122/><V128/><F32/><W72/><G72/><T7/><D124/><U24/><E117/><V82/><F113/><W27/><G96/><T50/><D134/><N who="3" m="51817" /><G67/><T18/><D7/><U69/><E69/><V87/><F99/><W41/><G41/><T66/><D40/><U29/><E29/><V19/><F87/><W95/><G89/><T57/><D57/><U45/><E36/><V37/><F37/><W9/><G9/><T3/><D3/><U48/><E90/><V107/><F107/><W100/><G100/><T119/><D119/><U85/><E85/><V127/><F127/><W23/><G23/><T4/><D4/><U80/><E35/><V91/><F82/><W94/><G94/><T28/><D28/><AGARI ba="0,0" hai="22,27,28,52,56,62,78,79,86,88,95" m="51817" machi="28" ten="30,5800,0" yaku="20,1,54,2" doraHai="33" who="3" fromWho="0" sc="416,-58,216,0,249,0,119,58" /><INIT seed="3,1,0,5,0,26" ten="358,216,249,177" oya="3" hai0="45,37,86,64,53,13,131,115,11,96,25,15,28" hai1="4,35,1,71,61,22,27,95,42,102,34,40,59" hai2="32,48,69,89,2,94,9,47,112,31,116,51,14" hai3="12,20,85,120,134,82,10,103,29,117,16,3,119"/><W36/><G120/><T75/><D75/><U73/><E73/><V0/><F69/><W79/><G36/><T38/><D131/><U65/><E35/><V44/><F116/><W130/><G130/><T62/><D115/><U118/><E118/><V30/><F112/><W57/><G134/><T54/><D96/><U114/><E34/><V24/><F2/><W88/><G103/><T127/><D127/><U128/><E128/><V104/><F0/><W72/><G57/><T39/><D86/><U23/><E23/><V113/><F104/><W17/><G29/><N who="2" m="10761" /><F24/><W50/><G50/><N who="2" m="18985" /><F32/><W132/><G132/><T5/><D15/><U99/><E71/><V126/><F113/><W111/><G111/><T66/><D45/><U49/><E114/><V90/><F126/><W133/><G133/><T123/><D123/><U33/><E33/><V58/><F58/><W77/><G77/><T110/><D110/><U70/><E70/><V98/><F90/><W6/><REACH who="3" step="1"/><G17/><AGARI ba="1,0" hai="9,14,17,44,47,89,94,98" m="18985,10761" machi="17" ten="30,7700,0" yaku="8,1,52,3" doraHai="26" who="2" fromWho="3" sc="358,0,216,0,249,80,177,-80" /><INIT seed="4,0,0,1,3,50" ten="358,216,329,97" oya="0" hai0="65,109,131,75,106,87,80,133,44,86,67,82,38" hai1="122,70,22,102,61,48,76,33,120,41,117,78,110" hai2="4,56,26,14,18,89,0,134,115,35,45,72,64" hai3="74,126,128,39,54,17,112,34,96,3,81,63,84"/><T47/><D75/><U59/><E33/><V32/><F72/><W95/><G3/><T113/><D106/><U52/><E117/><V101/><F101/><W83/><G39/><T94/><D38/><U114/><E110/><V124/><F45/><N who="0" m="17482" /><D113/><U123/><E102/><V7/><F89/><W2/><G2/><T125/><D133/><U60/><E114/><V51/><F64/><N who="0" m="24650" /><D131/><U62/><E70/><V10/><F134/><W9/><G34/><T119/><D119/><U98/><E98/><V85/><F115/><W23/><G23/><T100/><D125/><U103/><E103/><V71/><F124/><W25/><G112/><T6/><D6/><U19/><REACH who="1" step="1"/><E41/><REACH who="1" ten="358,206,329,97" step="2"/><V108/><F71/><W69/><G69/><T5/><D109/><U111/><E111/><V40/><F108/><W24/><G126/><T27/><D100/><U55/><E55/><V15/><F40/><W129/><G129/><T92/><D5/><U43/><E43/><V79/><F7/><W93/><G128/><T42/><D42/><U132/><E132/><V16/><F4/><W107/><G96/><T73/><D73/><U88/><E88/><V31/><F0/><W21/><G74/><T90/><D27/><AGARI ba="0,1" hai="19,22,27,48,52,59,60,61,62,76,78,120,122,123" machi="27" ten="50,6400,0" yaku="1,1,52,1,54,1,53,0" doraHai="50" doraHaiUra="30" who="1" fromWho="0" sc="358,-64,206,74,329,0,97,0" /><INIT seed="5,0,0,0,1,41" ten="294,280,329,97" oya="1" hai0="4,0,35,114,92,95,74,72,122,46,104,112,47" hai1="87,32,26,99,51,34,108,120,115,55,13,76,61" hai2="73,52,89,15,29,2,12,111,36,83,119,14,58" hai3="53,75,132,16,11,22,1,31,103,66,3,80,5"/><U6/><E120/><V105/><F2/><W131/><G66/><T124/><D104/><U17/><E108/><V94/><F119/><W43/><G132/><T78/><D35/><U18/><E115/><N who="0" m="44073" /><D4/><U117/><E117/><V8/><F105/><W9/><G131/><T86/><D0/><U28/><E34/><V90/><F36/><W128/><G128/><T68/><D68/><U100/><E61/><V42/><F42/><W30/><G103/><T134/><D124/><U60/><E60/><V48/><F29/><W33/><G33/><T96/><D134/><U25/><E25/><V20/><F20/><W63/><G43/><T65/><D65/><U113/><E113/><V10/><F73/><N who="0" m="28266" /><D122/><U57/><E6/><V50/><F111/><W84/><G75/><T67/><D67/><U45/><E57/><V44/><F83/><W23/><G3/><T40/><D40/><U126/><E126/><V37/><F37/><W54/><G54/><T98/><D98/><U88/><E76/><V129/><F129/><W81/><G5/><T118/><D118/><U38/><E38/><V106/><F106/><W97/><G97/><T116/><D116/><U123/><E123/><V39/><F39/><W125/><G125/><T71/><D71/><U59/><E59/><V64/><F64/><W19/><G1/><T62/><D62/><U85/><E100/><V77/><F77/><W109/><G63/><T130/><D130/><U91/><E99/><N who="2" m="57807" /><F90/><N who="1" m="34345" /><E13/><V102/><F102/><W110/><REACH who="3" step="1"/><G53/><REACH who="3" ten="294,280,329,87" step="2"/><T107/><D107/><U133/><E133/><V49/><F52/><W82/><G82/><RYUUKYOKU ba="0,1" sc="294,-15,280,15,329,-15,87,15" hai1="17,18,26,28,32,45,51,55,85,87" hai3="9,11,16,19,22,23,30,31,80,81,84,109,110" /><INIT seed="5,1,1,1,1,69" ten="279,295,314,102" oya="1" hai0="110,48,29,92,13,50,66,63,102,61,70,115,39" hai1="17,0,123,122,12,28,67,119,134,87,36,99,127" hai2="112,72,26,108,14,82,7,4,49,91,126,130,77" hai3="47,68,52,116,128,21,41,18,60,132,85,86,83"/><U79/><E119/><V121/><F108/><W58/><G128/><T46/><D110/><U88/><E0/><V101/><F121/><W84/><G132/><T44/><D29/><U31/><E134/><V93/><F126/><W45/><G116/><T59/><D13/><U19/><E127/><V25/><F130/><W131/><G131/><T64/><D92/><U105/><E36/><V42/><F101/><W135/><G135/><T106/><D102/><U97/><E67/><V10/><F7/><W95/><G68/><N who="0" m="41999" /><D106/><U20/><E79/><V98/><F112/><W23/><G23/><T96/><D96/><N who="1" m="36939" /><E105/><V1/><F14/><W124/><G124/><T78/><D78/><U129/><E129/><V80/><F80/><W6/><G6/><T5/><D5/><U16/><E123/><V40/><F40/><W118/><G118/><T65/><D115/><U27/><E122/><V73/><F73/><W56/><G95/><T81/><D81/><N who="1" m="49263" /><E31/><V15/><F1/><W104/><G104/><T133/><D133/><U114/><E114/><V125/><F125/><W54/><G83/><T71/><D39/><U94/><E94/><V9/><F72/><W55/><G41/><N who="0" m="24591" /><D66/><U8/><AGARI ba="1,1" hai="8,12,16,17,19,20,27,28" m="49263,36939" machi="8" ten="30,6000,0" yaku="8,1,54,2" doraHai="69" who="1" fromWho="1" sc="279,-21,295,73,314,-21,102,-21" /><INIT seed="5,2,0,0,2,107" ten="258,368,293,81" oya="1" hai0="9,129,38,118,98,8,33,73,67,116,101,57,134" hai1="99,36,61,110,7,21,95,52,43,10,65,89,23" hai2="60,0,13,97,70,40,120,58,15,102,41,94,100" hai3="92,4,25,50,111,115,19,106,2,59,69,91,72"/><U28/><E110/><V54/><F0/><W53/><G69/><T133/><D38/><U32/><E32/><V29/><F70/><W22/><G106/><T27/><D73/><U125/><E125/><V96/><F120/><W93/><G111/><T77/><D77/><U6/><E6/><V105/><F29/><W68/><G68/><T112/><D67/><U79/><E79/><V83/><F83/><W86/><G115/><T131/><D57/><U63/><E28/><V114/><F114/><W48/><G2/><T108/><D98/><U24/><E24/><V75/><F75/><W78/><G4/><T30/><D101/><U5/><E5/><V11/><F15/><W80/><REACH who="3" step="1"/><G93/><REACH who="3" ten="258,368,293,71" step="2"/><T127/><D112/><U121/><E7/><AGARI ba="2,1" hai="7,11,13,40,41,54,58,60,94,96,97,100,102,105" machi="7" ten="30,1000,0" yaku="7,1" doraHai="107" who="2" fromWho="1" sc="258,0,368,-16,293,26,71,0" /><INIT seed="6,0,0,5,4,118" ten="258,352,319,71" oya="2" hai0="36,25,131,3,121,106,95,32,78,79,83,76,103" hai1="72,45,1,12,54,5,132,19,101,93,97,130,16" hai2="23,86,96,91,47,24,110,28,134,42,59,89,43" hai3="73,105,29,46,88,113,85,64,71,75,94,129,41"/><V63/><F134/><W44/><G105/><T27/><D36/><U31/><E72/><V135/><F135/><W22/><G129/><T124/><D3/><U53/><E130/><V122/><F110/><W55/><G113/><T119/><D131/><U128/><E128/><V82/><F122/><W67/><G73/><T133/><D133/><U107/><E107/><V108/><F108/><W38/><G75/><T20/><D106/><U6/><E1/><V87/><F96/><W33/><G33/><T48/><D124/><U13/><E31/><V126/><F47/><W111/><G111/><T17/><D121/><U114/><E114/><V115/><F126/><W99/><G71/><T65/><D119/><U9/><E132/><V102/><F102/><W4/><G4/><N who="1" m="1642" /><E45/><V104/><F104/><W11/><G11/><AGARI ba="0,0" hai="9,11,12,13,16,19,53,54,93,97,101" m="1642" machi="11" ten="30,2000,0" yaku="8,1,54,1" doraHai="118" who="1" fromWho="3" sc="258,0,352,20,319,0,71,-20" /><INIT seed="7,0,0,4,5,75" ten="258,372,319,51" oya="3" hai0="15,2,18,71,104,61,112,90,17,22,66,53,52" hai1="98,31,125,29,23,56,95,10,99,91,94,110,117" hai2="77,107,6,111,54,81,41,12,62,25,11,92,119" hai3="109,55,19,130,16,133,26,122,32,85,39,60,79"/><W33/><G122/><T59/><D2/><U131/><E110/><V97/><F111/><W96/><G109/><T0/><D0/><U63/><E131/><V3/><F107/><W21/><G130/><T127/><D127/><U36/><E36/><V4/><F119/><W114/><G114/><T118/><D118/><U93/><E125/><V135/><F135/><W115/><G115/><T24/><D112/><U48/><E48/><V126/><F41/><W34/><G133/><T128/><D128/><U69/><E69/><V42/><F42/><W86/><G39/><T113/><D113/><U28/><E10/><V132/><F25/><W13/><G96/><N who="1" m="36906" /><E117/><V9/><F126/><W1/><G1/><T30/><D104/><U76/><E76/><V123/><F123/><W105/><G105/><T80/><D71/><U27/><E91/><V14/><F132/><W116/><G116/><T20/><D30/><U84/><E84/><AGARI ba="0,0" hai="15,17,18,20,22,24,52,53,59,61,66,80,84,90" machi="84" ten="40,2600,0" yaku="8,1,54,1" doraHai="75" who="0" fromWho="1" sc="258,26,372,-26,319,0,51,0" owari="284,-12.0,346,45.0,319,12.0,51,-45.0" /></mjloggm>