<mjloggm ver="2.3"><GO type="169" lobby="0"/><UN n0="%E5%9B%BD%E8%A6%8B%E6%AF%94%E5%91%82" n1="%64%6F%6F%6F%6F%77%79" n2="%E5%A4%A9%E9%BC%93" n3="%E3%83%88%E3%83%88%E3%83%AA%E5%85%88%E7%94%9F%31%39%E6%AD%B3" dan="17,16,18,18" rate="2182.62,2099.72,2208.23,2275.17" sx="M,M,M,F"/><TAIKYOKU oya="0"/><INIT seed="0,0,0,5,3,36" ten="250,250,250,250" oya="0" hai0="2,135,6,37,38,10,104,49,111,4,34,108,21" hai1="90,23,79,100,101,97,107,91,86,75,119,113,22" hai2="59,99,50,114,1,73,118,14,12,92,48,132,82" hai3="52,31,44,93,9,102,16,89,13,45,62,71,69"/><T109/><D104/><U63/><E119/><V67/><F1/><W53/><G102/><T56/><D34/><U105/><E63/><V41/><F118/><W96/><G31/><T55/><D135/><U83/><E22/><V54/><F132/><W115/><G115/><T27/><REACH who="0" step="1"/><D6/><REACH who="0" ten="240,250,250,250" step="2"/><U46/><E113/><V68/><F114/><W125/><G125/><T7/><D7/><U95/><E23/><V103/><F68/><W65/><G71/><T47/><D47/><U57/><E46/><V24/><F12/><W112/><G112/><T66/><D66/><U122/><E57/><V85/><F14/><W39/><G45/><T58/><D58/><U77/><E122/><V94/><F67/><W98/><G53/><T131/><D131/><U74/><E107/><V121/><F121/><W106/><G106/><T17/><AGARI ba="0,1" hai="2,4,10,17,21,27,37,38,49,55,56,108,109,111" machi="17" ten="30,11700,0" yaku="1,1,0,1,14,1,10,1,53,0" doraHai="36" doraHaiUra="64" who="0" fromWho="0" sc="240,127,250,-39,250,-39,250,-39" /><INIT seed="0,1,0,5,5,128" ten="367,211,211,211" oya="0" hai0="42,80,119,114,95,75,66,93,69,62,123,17,135" hai1="111,31,76,49,1,73,40,64,19,15,16,117,126" hai2="109,55,12,61,60,104,74,125,4,101,30,131,89" hai3="5,70,24,71,130,67,134,0,57,96,68,112,87"/><T92/><D114/><U91/><E1/><V121/><F121/><W44/><G130/><T90/><D123/><U28/><E117/><V116/><F131/><W124/><G112/><T47/><D119/><U83/><E111/><V6/><F109/><W105/><G124/><T85/><D135/><U51/><E126/><V13/><F74/><W9/><G134/><T88/><D75/><U94/><E64/><V38/><F38/><W46/><G67/><T23/><D90/><U39/><E39/><V108/><F89/><W56/><G87/><T72/><D72/><U11/><E19/><V99/><F30/><W50/><G46/><T58/><D69/><U98/><REACH who="1" step="1"/><E40/><REACH who="1" ten="367,201,211,211" step="2"/><V82/><F116/><W2/><G2/><T63/><D63/><U7/><E7/><V3/><F61/><W77/><G5/><T120/><D120/><U10/><E10/><V78/><F4/><W107/><G9/><T48/><REACH who="0" step="1"/><D80/><REACH who="0" ten="357,201,211,211" step="2"/><U132/><E132/><V81/><F81/><W27/><G71/><T84/><D84/><U65/><E65/><V52/><F60/><W8/><G70/><T32/><D32/><U20/><E20/><V118/><F118/><W100/><G68/><T21/><D21/><U86/><E86/><V127/><F125/><W129/><G129/><T34/><D34/><U29/><AGARI ba="1,2" hai="11,15,16,28,29,31,49,51,73,76,83,91,94,98" machi="29" ten="30,4000,0" yaku="1,1,0,1,54,1,53,0" doraHai="128" doraHaiUra="115" who="1" fromWho="1" sc="357,-21,201,63,211,-11,211,-11" /><INIT seed="1,0,0,2,0,104" ten="336,264,200,200" oya="1" hai0="123,22,98,40,126,90,106,33,107,26,52,50,79" hai1="56,14,110,51,92,18,74,127,53,105,21,101,113" hai2="58,36,17,83,35,80,11,128,87,72,109,7,64" hai3="0,102,63,95,100,134,25,6,59,57,67,28,70"/><U88/><E113/><V16/><F36/><W37/><G37/><T125/><D33/><U32/><E32/><V15/><F128/><W108/><G108/><T42/><D123/><U54/><E110/><V93/><F109/><W12/><G0/><T2/><D2/><U131/><E131/><V135/><F135/><W39/><G39/><T81/><D90/><U8/><E127/><V89/><F35/><W73/><G134/><T124/><D98/><U66/><E66/><V112/><F112/><W84/><G73/><T75/><D107/><U86/><E74/><V27/><F27/><W47/><G47/><N who="0" m="27743" /><D106/><U115/><E115/><V23/><F72/><W91/><G59/><T41/><D40/><U61/><E105/><V117/><F117/><W133/><G70/><T116/><D116/><U111/><E111/><V38/><F38/><W71/><G71/><T3/><D3/><U85/><E101/><V129/><F129/><W60/><G60/><T5/><D5/><U4/><E85/><V122/><F122/><W29/><G133/><T119/><D119/><U99/><E86/><V24/><F7/><W77/><G100/><T78/><D78/><U94/><E94/><V46/><F46/><W55/><G77/><T20/><D20/><U34/><E34/><V97/><F87/><W62/><G102/><T65/><D65/><U1/><E54/><V76/><F76/><W114/><G114/><T13/><D13/><U49/><AGARI ba="0,0" hai="1,4,8,14,18,21,49,51,53,56,61,88,92,99" machi="49" ten="30,3000,0" yaku="0,1,54,1" doraHai="104" who="1" fromWho="1" sc="336,-10,264,30,200,-10,200,-10" /><INIT seed="1,1,0,1,3,121" ten="326,294,190,190" oya="1" hai0="4,107,123,32,96,94,56,118,49,69,100,68,112" hai1="77,117,73,5,7,63,11,37,79,93,60,106,15" hai2="102,12,97,52,55,122,50,125,111,34,35,40,42" hai3="91,36,88,38,30,127,119,14,105,43,71,104,48"/><U64/><E106/><V72/><F122/><W13/><G71/><T22/><D112/><U66/><E37/><V10/><F72/><W26/><G48/><T89/><D123/><U78/><E117/><V92/><F125/><W70/><G70/><T44/><D118/><U9/><E73/><V116/><F116/><W39/><G119/><T18/><D32/><U87/><E93/><V24/><F55/><W76/><G76/><T54/><D4/><N who="1" m="1611" /><E87/><V80/><F80/><W47/><G127/><T29/><D29/><U61/><E15/><V62/><F62/><W98/><G14/><T45/><D69/><U20/><E20/><V41/><F24/><W3/><G13/><T19/><D68/><U75/><E75/><V51/><F51/><W65/><G65/><AGARI ba="1,0" hai="9,11,60,61,63,64,65,66,77,78,79" m="1611" machi="65" ten="40,7700,0" yaku="28,2,8,1" doraHai="121" who="1" fromWho="3" sc="326,0,294,80,190,0,190,-80" /><INIT seed="1,2,0,2,0,13" ten="326,374,190,110" oya="1" hai0="80,45,63,85,28,93,98,94,1,89,42,3,124" hai1="65,39,96,60,82,4,75,84,125,87,20,112,56" hai2="47,67,40,118,14,122,95,123,102,24,23,83,132" hai3="91,130,52,135,105,131,103,100,30,16,51,33,78"/><U114/><E39/><V115/><F132/><W109/><G135/><T77/><D124/><U61/><E75/><V99/><F118/><W34/><G109/><T111/><D111/><U43/><E43/><V11/><F67/><W10/><G78/><T97/><D28/><U90/><E96/><V134/><F83/><W26/><G33/><T106/><D106/><U127/><E4/><V126/><F126/><N who="1" m="48137" /><E20/><V12/><F12/><N who="3" m="7191" /><G91/><T21/><D21/><U53/><E87/><V116/><F115/><W17/><G17/><T49/><D63/><U0/><E0/><V74/><F74/><W79/><G105/><T48/><D48/><U72/><E72/><V64/><F116/><W9/><G9/><T36/><D36/><U50/><E61/><V57/><F134/><W121/><G79/><T110/><D110/><U35/><E35/><V18/><F11/><W92/><G92/><T81/><D81/><U29/><E29/><V73/><F73/><W41/><G41/><T69/><D69/><AGARI ba="2,0" hai="50,53,56,60,65,69,82,84,90,112,114" m="48137" machi="69" ten="30,1500,0" yaku="18,1" doraHai="13" who="1" fromWho="0" sc="326,-21,374,21,190,0,110,0" /><INIT seed="1,3,0,1,5,69" ten="305,395,190,110" oya="1" hai0="23,66,63,67,85,101,0,90,35,64,34,97,88" hai1="5,106,41,74,132,42,120,134,8,123,20,87,105" hai2="98,77,78,62,108,124,59,128,57,94,21,51,119" hai3="133,122,1,109,116,89,13,56,110,71,118,28,126"/><U103/><E74/><V115/><F119/><N who="3" m="45611" /><G71/><T47/><D0/><U30/><E87/><V10/><F115/><W50/><G1/><T45/><D63/><U93/><E93/><V135/><F135/><N who="1" m="51753" /><E20/><V129/><F124/><W7/><G133/><T65/><D23/><U127/><E30/><V107/><F107/><N who="1" m="40969" /><E103/><V84/><F21/><W91/><G122/><N who="1" m="46634" /><E127/><V70/><F84/><W43/><G28/><T4/><D101/><U32/><E32/><V31/><F31/><W81/><G81/><T26/><D35/><U17/><E17/><V68/><F94/><W3/><G126/><T6/><D85/><U38/><E38/><V80/><F80/><W125/><G125/><T75/><D75/><U14/><AGARI ba="3,0" hai="5,8,14,41,42" m="46634,40969,51753" machi="14" ten="40,2100,0" yaku="20,1" doraHai="69" who="1" fromWho="1" sc="305,-10,395,30,190,-10,110,-10" /><INIT seed="1,4,0,2,4,51" ten="295,425,180,100" oya="1" hai0="90,44,99,30,77,6,104,88,85,95,112,55,120" hai1="31,75,24,72,17,12,27,123,56,47,116,113,69" hai2="8,108,19,97,117,114,37,66,126,84,9,49,32" hai3="14,2,133,92,41,0,102,125,63,105,115,59,124"/><U36/><E69/><V79/><F37/><W33/><G115/><T62/><D112/><U42/><E113/><V135/><F117/><W103/><G33/><T45/><D120/><U11/><E116/><V91/><F32/><W109/><G105/><T64/><D77/><U76/><E123/><V16/><F114/><W82/><G109/><T50/><D30/><U93/><E76/><V7/><F126/><N who="3" m="48747" /><G133/><T26/><D26/><U101/><E27/><V10/><F135/><W89/><G82/><N who="0" m="49207" /><D104/><U70/><E70/><V13/><F108/><W86/><G41/><T29/><D29/><U119/><E119/><V46/><F79/><W28/><G14/><T18/><D6/><U80/><E80/><V128/><F128/><W78/><G28/><T57/><D18/><U81/><E81/><N who="2" m="49551" /><F19/><W132/><G132/><T20/><D20/><U74/><E93/><V34/><F34/><W65/><G78/><T25/><D25/><U35/><E101/><AGARI ba="4,0" hai="0,2,59,63,65,86,89,92,101,102,103" m="48747" machi="101" ten="30,1000,0" yaku="18,1" doraHai="51" who="3" fromWho="1" sc="295,0,425,-22,180,0,100,22" /><INIT seed="2,0,0,4,1,57" ten="295,403,180,122" oya="2" hai0="127,82,47,43,131,133,46,113,97,74,96,73,37" hai1="40,16,103,59,134,20,87,36,86,79,52,42,108" hai2="61,17,48,26,70,93,107,1,3,90,15,76,5" hai3="105,50,110,80,81,130,128,27,78,115,2,77,118"/><V65/><F107/><W12/><G2/><T119/><D113/><U100/><E108/><V14/><F76/><W88/><G118/><T62/><D119/><U13/><E134/><V18/><F26/><W114/><G105/><T132/><D131/><N who="3" m="50217" /><G27/><T23/><D23/><U69/><E69/><V106/><F106/><W30/><G30/><T72/><D82/><N who="3" m="31849" /><G50/><T120/><D120/><U67/><E67/><V102/><F102/><N who="1" m="38953" /><E36/><V63/><F48/><W99/><G12/><T101/><D127/><U60/><E79/><N who="3" m="30218" /><G110/><T34/><D132/><U10/><E10/><V53/><F14/><W31/><G31/><T64/><D133/><U122/><E122/><V95/><F3/><W25/><G25/><T66/><D34/><U49/><E49/><V38/><F38/><W83/><N who="3" m="31857" /><W0/><DORA hai="21" /><G0/><T89/><D37/><U11/><E11/><V98/><F1/><W116/><G116/><T28/><D28/><U8/><E8/><V85/><F15/><W24/><G24/><T104/><D73/><U117/><E117/><V4/><F65/><W22/><G22/><T19/><D72/><U39/><E39/><V29/><F29/><W129/><N who="3" m="50225" /><W109/><DORA hai="9" /><G109/><T91/><D74/><U68/><E68/><V75/><F75/><W51/><G51/><T55/><D64/><U54/><E54/><V58/><F70/><W71/><G71/><T135/><D55/><U125/><E125/><V92/><F53/><W111/><G111/><T6/><D66/><U94/><E94/><AGARI ba="0,0" hai="88,94,99,114,115" m="30218,31857,50225" machi="94" ten="50,8000,1" yaku="19,1,34,2,54,1" doraHai="57,21,9" who="3" fromWho="1" sc="295,0,403,-80,180,0,122,80" /><INIT seed="3,0,0,1,4,29" ten="295,323,180,202" oya="3" hai0="25,32,121,24,80,59,38,10,50,105,67,0,104" hai1="66,46,128,47,95,92,54,57,124,11,60,79,112" hai2="109,122,134,16,71,125,31,17,15,6,39,120,21" hai3="48,107,130,62,74,97,44,51,30,18,82,75,42"/><W87/><G130/><T28/><D121/><N who="2" m="46698" /><F71/><W115/><G115/><T108/><D38/><U12/><E112/><V9/><F39/><W58/><G51/><T119/><D119/><U73/><E128/><V41/><F41/><W40/><G40/><T27/><D108/><U129/><E129/><V1/><F109/><W68/><G68/><T102/><D80/><U23/><E124/><V76/><F76/><W2/><G2/><T100/><D105/><U126/><E126/><V110/><F110/><W33/><G18/><N who="2" m="7273" /><F125/><W132/><G132/><T90/><D104/><U13/><E79/><V55/><F55/><W106/><G106/><T20/><D67/><U64/><E73/><V96/><F96/><W81/><G97/><T36/><D36/><U93/><E23/><V4/><F134/><W52/><G107/><T135/><D20/><U22/><E22/><V49/><F49/><W83/><REACH who="3" step="1"/><G87/><REACH who="3" ten="295,323,180,192" step="2"/><T14/><D50/><U53/><E60/><V131/><F131/><W45/><G45/><T113/><D135/><U116/><E47/><V61/><F61/><W26/><AGARI ba="0,1" hai="26,30,33,42,44,48,52,58,62,74,75,81,82,83" machi="26" ten="30,11700,0" yaku="1,1,0,1,52,1,54,1,53,0" doraHai="29" doraHaiUra="94" who="3" fromWho="3" sc="295,-39,323,-39,180,-39,192,127" /><INIT seed="3,1,0,4,0,109" ten="256,284,141,319" oya="3" hai0="7,118,112,94,99,91,55,20,37,34,78,67,38" hai1="3,43,84,62,15,100,10,108,53,131,97,88,77" hai2="106,85,122,36,123,31,110,58,32,116,22,41,26" hai3="45,113,111,90,2,4,5,48,76,107,134,47,57"/><W30/><G107/><T120/><D118/><U119/><E3/><V95/><F116/><W129/><G129/><T17/><D120/><U63/><E77/><V126/><F106/><W44/><G113/><T79/><D34/><U61/><E119/><V114/><F110/><W103/><G111/><T25/><D67/><U35/><E35/><V68/><F68/><W80/><G103/><T135/><D135/><U9/><E108/><V121/><F126/><W71/><G71/><T66/><D66/><U49/><E43/><V127/><F127/><W11/><G134/><T56/><D7/><U14/><E131/><V72/><F72/><W33/><G5/><T124/><D124/><U39/><E39/><V0/><F0/><W54/><G90/><T81/><D79/><U23/><E23/><V96/><F32/><W128/><G128/><T101/><D101/><U24/><E24/><V40/><F36/><W115/><G115/><T133/><D133/><U42/><E42/><V1/><F1/><W18/><G18/><T64/><D64/><U65/><E65/><V52/><F114/><W87/><G30/><T8/><D8/><N who="1" m="3179" /><E97/><V105/><F105/><W89/><G76/><T130/><D130/><U60/><E100/><V125/><F125/><W73/><REACH who="3" step="1"/><G33/><REACH who="3" ten="256,284,141,309" step="2"/><T83/><D112/><U82/><N who="1" m="15360" /><DORA hai="21" /><U50/><E50/><V132/><F132/><W75/><AGARI ba="1,1" hai="2,4,11,44,45,47,48,54,57,73,75,80,87,89" machi="75" ten="30,3000,0" yaku="1,1,0,1,53,0" doraHai="109,21" doraHaiUra="27,59" who="3" fromWho="3" sc="256,-11,284,-11,141,-11,309,43" /><INIT seed="3,2,0,5,3,65" ten="245,273,130,352" oya="3" hai0="27,92,60,14,74,40,85,115,6,11,0,19,55" hai1="5,44,49,128,18,105,10,54,22,36,41,83,126" hai2="131,51,127,23,3,64,53,35,122,90,134,70,2" hai3="111,91,113,34,93,12,26,129,95,43,32,102,116"/><W39/><G113/><T37/><D74/><U130/><E105/><V108/><F35/><W88/><G116/><T104/><D115/><U114/><E114/><V20/><F108/><W38/><G111/><T109/><D109/><U17/><E83/><V62/><F134/><W98/><G129/><N who="1" m="49770" /><E22/><V76/><F131/><W61/><G102/><T42/><D104/><U81/><E81/><V63/><F127/><W8/><G61/><T75/><D37/><U80/><E80/><V68/><F76/><W15/><G43/><T107/><D107/><U67/><E67/><V82/><F122/><W28/><G32/><T133/><D75/><U16/><E126/><V9/><F9/><W33/><G33/><T117/><D117/><U48/><E54/><V73/><F73/><W13/><REACH who="3" step="1"/><G8/><REACH who="3" ten="245,273,130,342" step="2"/><T25/><D11/><U132/><E132/><V97/><F62/><W125/><G125/><T79/><D60/><U30/><E10/><V99/><F63/><W56/><G56/><T71/><D133/><U118/><E118/><V89/><F64/><W101/><G101/><T103/><D103/><U124/><E124/><V78/><F53/><W112/><G112/><T50/><D55/><U94/><E41/><V119/><F119/><W29/><G29/><T52/><D42/><N who="1" m="22599" /><E30/><V106/><F78/><W123/><G123/><T72/><D40/><U84/><E5/><V57/><F57/><W100/><G100/><T135/><D6/><U1/><E1/><V86/><F51/><W121/><G121/><T59/><D135/><U66/><E66/><V58/><F106/><W21/><G21/><RYUUKYOKU ba="2,1" sc="245,-15,273,15,130,-15,342,15" hai1="16,17,18,48,49,84,94" hai3="12,13,15,26,28,34,38,39,88,91,93,95,98" /><INIT seed="3,3,1,1,4,127" ten="230,288,115,357" oya="3" hai0="34,3,78,28,70,37,42,6,104,74,56,22,92" hai1="50,72,59,36,98,4,132,106,10,21,79,134,1" hai2="135,101,110,80,69,58,27,82,129,55,7,57,108" hai3="26,111,128,45,62,47,131,44,52,16,32,117,46"/><W65/><G117/><T5/><D92/><U125/><E125/><V97/><F69/><W68/><G111/><N who="2" m="42537" /><F135/><N who="1" m="51753" /><E36/><V93/><F7/><W81/><G81/><N who="2" m="31337" /><F27/><W67/><G67/><T84/><D5/><U122/><E79/><V120/><F120/><W20/><G32/><T13/><D6/><U12/><E72/><V25/><F25/><W14/><G26/><T112/><D70/><U75/><E75/><V133/><F133/><W121/><G121/><T130/><D74/><U18/><E122/><V99/><F55/><W15/><G15/><T90/><D3/><U126/><E126/><V2/><F2/><W95/><G95/><T96/><D78/><U86/><E86/><V103/><F129/><N who="3" m="49739" /><G46/><T124/><D130/><U43/><E106/><AGARI ba="3,1" hai="57,58,93,97,99,101,103,106" m="31337,42537" machi="106" ten="30,1000,0" yaku="14,1" doraHai="127" who="2" fromWho="1" sc="230,0,288,-19,115,29,357,0" /><INIT seed="4,0,0,5,3,43" ten="230,269,144,357" oya="0" hai0="129,88,132,105,23,32,97,80,61,50,63,29,69" hai1="85,64,42,133,20,92,117,134,131,3,52,119,91" hai2="86,70,93,107,54,73,135,102,94,7,16,115,19" hai3="111,78,17,96,22,37,12,47,98,58,126,6,109"/><T4/><D132/><N who="1" m="50795" /><E3/><V114/><F135/><W46/><G126/><T8/><D129/><U67/><E42/><V44/><F73/><W13/><G37/><T113/><D113/><N who="2" m="43018" /><F70/><W79/><G58/><T99/><D32/><U49/><E20/><V35/><F35/><W128/><G22/><T34/><D34/><U120/><E120/><V65/><F65/><N who="1" m="25161" /><E131/><V38/><F7/><W1/><G6/><T33/><D33/><U26/><E26/><V118/><F118/><W18/><REACH who="3" step="1"/><G128/><REACH who="3" ten="230,269,144,347" step="2"/><T106/><D23/><U56/><AGARI ba="0,1" hai="49,52,56,85,91,92,117,119" m="25161,50795" machi="56" ten="30,2000,0" yaku="20,1,54,1" doraHai="43" who="1" fromWho="1" sc="230,-10,269,30,144,-5,347,-5" /><INIT seed="5,0,0,2,2,93" ten="220,299,139,342" oya="1" hai0="39,127,92,125,135,57,44,112,132,130,3,118,36" hai1="121,82,58,2,85,123,64,67,33,38,68,87,74" hai2="75,13,35,30,18,22,69,100,76,101,26,43,104" hai3="106,89,14,128,31,32,27,91,59,86,52,72,110"/><U37/><E58/><V77/><F101/><W28/><G72/><T17/><D3/><U134/><E74/><V114/><F75/><W63/><G110/><T65/><D17/><U56/><E56/><V12/><F43/><W115/><G115/><T97/><D118/><U95/><E95/><V81/><F81/><W19/><G128/><T78/><D78/><U83/><E2/><V23/><F114/><W46/><G106/><T34/><D34/><U20/><E20/><V15/><F69/><W48/><G86/><T42/><D36/><U73/><E73/><V126/><F126/><N who="0" m="48138" /><D112/><U47/><E47/><V122/><F122/><W88/><G27/><T50/><D130/><U80/><E33/><V0/><F0/><W29/><G32/><T129/><D129/><U49/><E49/><V24/><REACH who="2" step="1"/><F35/><REACH who="2" ten="220,299,129,342" step="2"/><W113/><G113/><T105/><D105/><U60/><E82/><V98/><AGARI ba="0,1" hai="12,13,15,18,22,23,24,26,30,76,77,98,100,104" machi="98" ten="30,7900,0" yaku="1,1,2,1,0,1,52,1,53,0" doraHai="93" doraHaiUra="107" who="2" fromWho="2" sc="220,-20,299,-39,129,89,342,-20" /><INIT seed="6,0,0,2,2,10" ten="200,260,218,322" oya="2" hai0="7,32,54,16,132,108,127,109,36,65,87,17,129" hai1="83,59,45,80,124,106,31,111,25,113,89,20,57" hai2="96,69,1,64,117,61,134,101,119,30,135,15,82" hai3="42,133,4,9,110,121,50,0,125,56,43,128,78"/><V13/><F1/><W67/><G110/><T29/><D36/><U73/><E111/><N who="0" m="42569" /><D65/><U38/><E106/><N who="2" m="63783" /><F82/><W130/><G121/><T48/><D54/><U120/><E89/><V104/><F104/><W11/><G125/><T19/><D48/><U18/><E45/><V85/><F85/><W95/><G133/><N who="2" m="50697" /><F30/><W115/><G115/><T72/><D87/><U88/><E31/><V39/><F39/><W75/><G0/><T74/><D132/><U58/><E38/><V116/><AGARI ba="0,0" hai="13,15,61,64,69,116,117,119" m="50697,63783" machi="116" ten="40,7800,0" yaku="20,1,52,2" doraHai="10" who="2" fromWho="2" sc="200,-26,260,-26,218,78,322,-26" /><INIT seed="6,1,0,1,2,31" ten="174,234,296,296" oya="2" hai0="28,22,114,20,134,93,51,135,91,75,1,128,95" hai1="131,69,55,18,56,106,116,61,0,111,47,32,17" hai2="99,96,43,76,2,54,60,10,68,25,48,9,129" hai3="117,120,79,73,19,35,87,107,110,30,6,41,57"/><V88/><F129/><W132/><G110/><T115/><D51/><U64/><E0/><V70/><F76/><W52/><G117/><T113/><D128/><U53/><E106/><V33/><F43/><W108/><G108/><T98/><D1/><U123/><E116/><V67/><F68/><W66/><G120/><T124/><D124/><U5/><E5/><V92/><F99/><W40/><G107/><T11/><D75/><U44/><E111/><V126/><F126/><W7/><G73/><T105/><D105/><U26/><E55/><V127/><F127/><W74/><G74/><T37/><D37/><U94/><E94/><V49/><F49/><W15/><G66/><T8/><D28/><U133/><E133/><N who="0" m="50697" /><D91/><U42/><E131/><V78/><F78/><W101/><G101/><T50/><D50/><N who="1" m="30775" /><E44/><V59/><F2/><W45/><G132/><T34/><D34/><U62/><E62/><V125/><F125/><W16/><G30/><T65/><D65/><U84/><E84/><V27/><F33/><W29/><G40/><T118/><D118/><U121/><E32/><V58/><F70/><W81/><G29/><T130/><D130/><U13/><E26/><AGARI ba="1,0" hai="9,10,25,26,27,48,54,58,59,60,67,88,92,96" machi="26" ten="40,3900,0" yaku="8,1,54,1" doraHai="31" who="2" fromWho="1" sc="174,0,234,-42,296,42,296,0" /><INIT seed="6,2,0,1,1,77" ten="174,192,338,296" oya="2" hai0="84,67,128,39,89,58,65,97,15,86,36,4,23" hai1="85,117,123,60,11,91,108,28,71,56,0,102,75" hai2="94,18,115,1,121,7,52,70,26,110,55,47,99" hai3="50,46,53,54,59,107,12,131,113,41,116,24,125"/><V101/><F121/><W49/><G116/><T43/><D128/><U17/><E75/><V122/><F122/><W22/><G107/><T10/><D97/><U40/><E71/><V118/><F118/><W51/><G131/><T48/><D84/><U82/><E28/><V95/><F70/><W61/><G125/><T9/><D39/><U90/><E102/><V30/><F18/><W130/><G130/><T105/><D105/><U129/><E129/><V16/><F16/><N who="3" m="12359" /><G113/><T98/><D98/><U25/><E123/><V134/><F115/><W104/><G104/><T124/><D124/><U14/><E0/><V38/><F110/><W100/><G100/><T119/><D23/><N who="1" m="13551" /><E40/><V69/><F69/><W132/><G132/><T80/><D119/><U112/><E108/><V34/><F134/><W62/><G12/><N who="0" m="5159" /><D36/><U29/><E29/><V2/><F2/><W133/><G133/><T127/><D127/><U87/><E112/><V109/><F109/><W72/><G72/><T68/><D68/><U74/><E74/><V66/><F1/><W135/><G135/><T83/><D83/><N who="1" m="49471" /><E117/><V37/><F37/><W20/><G20/><T31/><D31/><U111/><E111/><V96/><F38/><W44/><AGARI ba="2,0" hai="41,44,46,49,50,51,53,54,59,61,62" m="12359" machi="44" ten="30,2000,0" yaku="8,1,54,1" doraHai="77" who="3" fromWho="3" sc="174,-7,192,-7,338,-12,296,26" /><INIT seed="7,0,0,4,4,108" ten="167,185,326,322" oya="3" hai0="70,66,29,17,54,106,2,75,13,58,120,95,0" hai1="91,119,110,56,87,61,133,53,93,26,49,74,131" hai2="132,118,103,127,86,32,11,25,38,68,19,99,23" hai3="121,20,100,55,79,128,81,124,18,24,65,12,76"/><W39/><G121/><T6/><D120/><U43/><E74/><V59/><F68/><W28/><G39/><T123/><D123/><U94/><E110/><V112/><F118/><W72/><G128/><T50/><D106/><U40/><E131/><V62/><F38/><W48/><G124/><T21/><D75/><U113/><E119/><V47/><F47/><W104/><G76/><T37/><D37/><U84/><E113/><V73/><F73/><W92/><G65/><T16/><D29/><U45/><E133/><V44/><F112/><W57/><G104/><T80/><D80/><U33/><E33/><V60/><F44/><W97/><REACH who="3" step="1"/><G12/><REACH who="3" ten="167,185,326,312" step="2"/><T3/><D17/><AGARI ba="0,1" hai="17,18,20,24,28,48,55,57,72,79,81,92,97,100" machi="17" ten="40,12000,1" yaku="1,1,2,1,53,2" doraHai="108" doraHaiUra="15" who="3" fromWho="0" sc="167,-120,185,0,326,0,312,130" owari="47,-45.0,185,-21.0,326,13.0,442,53.0" /></mjloggm>