<mjloggm ver="2.3"><GO type="225" lobby="0"/><UN n0="%E3%82%8A%E3%82%87%E3%81%86%E3%81%BE%35%37%32%34" n1="%34%6D%61%6A%69%72%6F" n2="%E3%83%A9%E3%82%B0%E3%83%A9%E3%83%BC%E3%82%B8" n3="%E3%82%A6%E3%83%AB%E3%83%88%E3%83%A9%E7%AB%8B%E7%9B%B4" dan="16,16,16,17" rate="2137.93,2132.24,2148.22,2186.27" sx="M,M,F,M"/><TAIKYOKU oya="0"/><INIT seed="0,0,0,3,2,76" ten="250,250,250,250" oya="0" hai0="84,111,13,112,101,50,120,117,87,86,11,16,88" hai1="119,4,46,91,107,39,104,27,80,21,19,48,127" hai2="124,71,51,28,77,26,22,34,85,128,108,75,6" hai3="17,57,37,131,61,49,118,12,1,24,62,52,115"/><T93/><D117/><U100/><E27/><V0/><F71/><W92/><G115/><T53/><D112/><U99/><E39/><V31/><F108/><W130/><G1/><T47/><D120/><U36/><E36/><V14/><F128/><N who="3" m="49195" /><G118/><T54/><D111/><U78/><E4/><V94/><F124/><W5/><G37/><T129/><D129/><U33/><E119/><V65/><F65/><W8/><G92/><T38/><D38/><U55/><E33/><V59/><F75/><W116/><G116/><T135/><D135/><U56/><E127/><V58/><F0/><W81/><G81/><N who="0" m="49167" /><D54/><U114/><E114/><V66/><F34/><W23/><AGARI ba="0,0" hai="5,8,12,17,23,24,49,52,57,61,62" m="49195" machi="23" ten="30,2000,0" yaku="19,1,54,1" doraHai="76" who="3" fromWho="3" sc="250,-10,250,-5,250,-5,250,20" /><INIT seed="1,0,0,2,0,89" ten="240,245,245,270" oya="1" hai0="26,48,50,49,68,79,51,72,106,91,76,10,53" hai1="93,24,55,81,121,92,6,102,23,4,47,82,77" hai2="0,129,117,90,74,123,63,97,27,57,101,28,5" hai3="30,21,38,31,56,94,124,18,85,44,32,125,131"/><U15/><E121/><V37/><F117/><W108/><G56/><T16/><D106/><U42/><E102/><V75/><F123/><W19/><G19/><T33/><D68/><U104/><E104/><V40/><F129/><W105/><G105/><T120/><D120/><U88/><E55/><V103/><F90/><N who="3" m="53583" /><G32/><T64/><D64/><U127/><E127/><N who="3" m="48714" /><G108/><T78/><D72/><U83/><E77/><V14/><F74/><W67/><G67/><T96/><D33/><U111/><E111/><V100/><F75/><W12/><G131/><T54/><N who="0" m="12288" /><DORA hai="66" /><T58/><D58/><U115/><E115/><V119/><F119/><W65/><G65/><T9/><D9/><N who="1" m="4519" /><E6/><V133/><F5/><W35/><G35/><T1/><D1/><U11/><E11/><V118/><F0/><W122/><G122/><T52/><D10/><U17/><E47/><V36/><F118/><W41/><AGARI ba="0,0" hai="12,18,21,30,31,38,41,44" m="48714,53583" machi="41" ten="30,2000,0" yaku="18,1,52,1" doraHai="89,66" who="3" fromWho="3" sc="240,-5,245,-10,245,-5,270,20" /><INIT seed="2,0,0,2,3,55" ten="235,235,240,290" oya="2" hai0="9,4,108,119,49,99,68,92,123,35,127,134,85" hai1="71,57,66,8,125,21,131,77,120,104,67,106,6" hai2="40,32,81,122,26,94,14,43,111,133,42,39,20" hai3="16,58,113,130,2,19,96,41,47,13,3,101,56"/><V116/><F122/><W135/><G2/><T91/><D123/><U54/><E71/><V73/><F116/><W52/><G3/><T10/><D35/><U70/><E70/><V50/><F133/><W97/><G135/><T72/><D72/><U121/><E125/><V88/><F39/><W45/><G130/><T124/><D68/><U76/><E131/><V33/><F111/><W82/><G113/><T74/><D74/><U53/><E21/><V7/><F73/><W109/><G109/><T98/><D134/><U60/><E8/><N who="0" m="3177" /><D4/><U38/><E38/><V29/><F81/><W79/><G41/><N who="2" m="15977" /><F33/><W87/><G19/><T115/><D108/><U114/><E60/><V128/><F32/><W90/><G79/><T34/><D34/><U107/><E107/><V117/><F117/><W103/><G47/><T27/><D115/><U100/><E114/><V25/><F128/><W105/><G45/><T1/><D1/><U11/><E11/><N who="2" m="4479" /><F25/><W80/><G80/><T102/><D27/><U18/><E6/><V83/><F83/><W59/><G105/><N who="0" m="63703" /><D119/><U78/><E78/><V126/><F126/><N who="0" m="48170" /><D49/><U37/><E37/><V17/><F50/><W48/><G103/><T75/><D75/><U31/><E100/><V22/><F17/><W46/><G101/><T30/><D30/><U95/><E31/><V112/><F112/><W28/><G28/><T64/><D64/><U24/><E24/><V0/><F0/><W110/><G110/><T12/><D12/><U36/><E36/><V132/><F132/><W5/><G5/><T23/><D23/><AGARI ba="0,0" hai="13,16,23,46,48,52,56,58,59,82,87,90,96,97" machi="23" ten="40,12000,2" yaku="8,1,52,3,54,2" doraHai="55" who="3" fromWho="0" sc="235,-120,235,0,240,0,290,120" /><INIT seed="3,0,0,4,5,2" ten="115,235,240,410" oya="3" hai0="81,60,3,32,104,80,17,72,48,31,53,123,52" hai1="63,88,8,96,29,65,98,132,23,25,42,0,97" hai2="40,5,4,34,120,66,58,68,47,12,59,21,134" hai3="122,74,7,100,56,28,13,130,125,77,10,14,44"/><W38/><G122/><T86/><D123/><U117/><E132/><V108/><F34/><W45/><G130/><T39/><D104/><U135/><E135/><V102/><F134/><W113/><G113/><T126/><D126/><U99/><E42/><V90/><F120/><W128/><G128/><T112/><D112/><U55/><E55/><V30/><F108/><W70/><G70/><T103/><D39/><U101/><E117/><V73/><F73/><W54/><G125/><T6/><D103/><U91/><E0/><V27/><F102/><W116/><G116/><T41/><D17/><U64/><E8/><V94/><F68/><W71/><G71/><T83/><D72/><U36/><E36/><V69/><F69/><W121/><G28/><T19/><D19/><U9/><E9/><N who="2" m="4143" /><F66/><N who="1" m="25705" /><E63/><V46/><F4/><W114/><G7/><T33/><D41/><U105/><E105/><V119/><F119/><W57/><G10/><T20/><D86/><U131/><E131/><V26/><F26/><W107/><G74/><T49/><D60/><U109/><E109/><V127/><F127/><W82/><G107/><T95/><D95/><N who="1" m="56423" /><E101/><V124/><F124/><W50/><G121/><T24/><D53/><U106/><E106/><V110/><F110/><W51/><G54/><T85/><D85/><U61/><E61/><V84/><F40/><W22/><G38/><T15/><D3/><U129/><E129/><V62/><F62/><W37/><G37/><T75/><D75/><U16/><E29/><V1/><F1/><W87/><G114/><T133/><D133/><U92/><AGARI ba="0,0" hai="16,23,25,91,92,97,98,99" m="56423,25705" machi="92" ten="30,7900,0" yaku="5,1,8,1,54,2" doraHai="2" who="1" fromWho="1" sc="115,-20,235,79,240,-20,410,-39" owari="95,-40.0,314,11.0,220,-18.0,371,47.0" /></mjloggm>