<mjloggm ver="2.3"><GO type="169" lobby="0"/><UN n0="%68%61%79%61%74%6F%E2%98%86" n1="%E9%BB%92%E7%8C%AB%40%E3%81%BA%E3%82%8D%E3%81%BA%E3%82%8D%E2%98%86" n2="%E3%83%88%E3%83%88%E3%83%AA%E5%85%88%E7%94%9F%31%39%E6%AD%B3" n3="%E5%87%9C%E7%94%B0%E8%8E%89%E5%AD%90" dan="16,18,18,16" rate="2193.35,2251.92,2227.01,2140.48" sx="M,F,F,M"/><TAIKYOKU oya="0"/><INIT seed="0,0,0,0,2,47" ten="250,250,250,250" oya="0" hai0="67,88,132,80,96,5,31,63,28,89,86,83,115" hai1="33,100,81,40,129,39,19,1,85,59,76,34,26" hai2="37,72,123,29,82,133,110,46,10,73,6,135,45" hai3="51,13,62,78,90,70,125,69,75,126,8,24,20"/><T43/><D115/><U38/><E1/><V64/><F123/><W54/><G78/><T11/><D132/><N who="2" m="50762" /><F110/><W58/><G75/><N who="2" m="28745" /><F37/><W18/><G90/><T41/><D43/><U101/><E40/><V116/><F116/><W12/><G12/><T111/><D41/><U119/><E119/><V114/><F114/><W48/><G69/><T23/><D111/><U3/><E3/><V121/><F121/><W15/><G15/><N who="0" m="5615" /><D23/><U107/><E34/><V21/><F82/><W99/><G99/><T79/><D79/><U22/><E33/><V0/><F64/><W98/><G98/><T122/><D122/><U124/><E39/><V97/><F97/><W61/><G70/><T127/><D127/><N who="3" m="48649" /><G62/><T2/><D2/><U9/><E124/><V36/><F36/><W16/><AGARI ba="0,0" hai="8,13,16,18,20,24,48,51,54,58,61" m="48649" machi="16" ten="30,7900,0" yaku="18,1,52,2,54,1" doraHai="47" who="3" fromWho="3" sc="250,-39,250,-20,250,-20,250,79" /><INIT seed="1,0,0,0,2,49" ten="211,230,230,329" oya="1" hai0="12,11,113,8,79,104,33,95,70,63,69,75,55" hai1="102,82,45,66,129,51,83,112,26,118,120,61,87" hai2="46,127,5,135,103,99,80,17,97,36,28,39,10" hai3="29,96,109,15,4,91,30,77,100,111,57,35,88"/><U78/><E129/><V27/><F135/><W25/><G77/><T21/><D104/><U128/><E128/><V19/><F127/><W134/><G134/><T20/><D33/><U44/><E112/><V41/><F39/><W64/><G30/><T124/><D113/><U32/><E118/><V85/><F28/><W9/><G64/><T106/><D106/><U38/><E120/><V90/><F27/><W74/><G74/><T72/><D12/><U71/><E38/><V53/><F97/><W93/><REACH who="3" step="1"/><G57/><REACH who="3" ten="211,230,230,319" step="2"/><T122/><D79/><U121/><E121/><V47/><F47/><W56/><G56/><T0/><D122/><U22/><E32/><V13/><REACH who="2" step="1"/><F53/><REACH who="2" ten="211,230,220,319" step="2"/><W98/><G98/><T108/><D55/><U7/><E45/><V43/><F43/><W131/><G131/><T86/><D124/><U133/><E133/><V125/><F125/><W107/><G107/><AGARI ba="0,2" hai="5,10,13,17,19,36,41,46,80,85,90,99,103,107" machi="107" ten="30,3900,0" yaku="1,1,7,1,53,1" doraHai="49" doraHaiUra="68" who="2" fromWho="3" sc="211,0,230,0,220,59,319,-39" /><INIT seed="2,0,0,5,5,113" ten="211,230,279,280" oya="2" hai0="117,107,109,46,6,116,9,16,91,55,10,129,87" hai1="98,80,42,99,32,112,97,1,132,35,36,62,69" hai2="86,11,20,111,75,73,53,135,114,133,79,85,41" hai3="29,122,44,126,56,124,74,95,2,63,5,19,94"/><V78/><F41/><W26/><G122/><T3/><D107/><U110/><E112/><V24/><F114/><W127/><G74/><N who="2" m="28169" /><F53/><W58/><G19/><T21/><D129/><U100/><E100/><V134/><F11/><N who="3" m="2487" /><G44/><T128/><D128/><U60/><E1/><V106/><F106/><W49/><G49/><N who="0" m="29111" /><D109/><U121/><E110/><V38/><F38/><W84/><G84/><N who="2" m="32361" /><F111/><W105/><G105/><T131/><D131/><U23/><E42/><V31/><AGARI ba="0,0" hai="20,24,31,78,79,133,134,135" m="32361,28169" machi="31" ten="40,2100,0" yaku="20,1" doraHai="113" who="2" fromWho="2" sc="211,-7,230,-7,279,21,280,-7" /><INIT seed="2,1,0,4,3,133" ten="204,223,300,273" oya="2" hai0="38,15,101,42,91,50,49,5,85,39,129,11,98" hai1="127,99,16,123,125,108,109,118,132,35,43,107,62" hai2="135,31,124,2,27,17,87,126,36,41,40,95,119" hai3="13,46,9,60,82,4,58,131,48,1,64,70,47"/><V34/><F119/><W33/><G33/><T52/><D129/><U61/><E132/><V116/><F116/><W8/><G131/><T94/><D49/><U51/><E118/><V111/><F135/><W29/><G29/><T76/><D42/><U74/><E123/><V57/><F111/><N who="1" m="42569" /><E74/><V53/><F2/><W78/><G70/><T56/><REACH who="0" step="1"/><D76/><REACH who="0" ten="194,223,300,273" step="2"/><U0/><E43/><V10/><F40/><W96/><G48/><T110/><D110/><U55/><E61/><N who="2" m="36015" /><F41/><W7/><REACH who="3" step="1"/><G96/><REACH who="3" ten="194,223,300,263" step="2"/><T71/><D71/><U102/><E51/><V63/><F63/><W112/><G112/><T86/><D86/><AGARI ba="1,2" hai="1,4,7,8,9,13,46,47,58,60,64,78,82,86" machi="86" ten="30,2000,0" yaku="1,1,7,1,53,0" doraHai="133" doraHaiUra="68" who="3" fromWho="0" sc="194,-23,223,0,300,0,263,43" /><INIT seed="3,0,0,0,1,111" ten="171,223,300,306" oya="3" hai0="38,8,124,115,123,61,1,58,18,43,29,77,25" hai1="95,64,120,22,128,11,99,44,72,60,16,54,23" hai2="133,51,17,117,0,62,82,42,96,74,63,114,66" hai3="47,73,67,4,31,84,49,88,28,2,107,85,118"/><W19/><G73/><T135/><D123/><U20/><E128/><V134/><F117/><W6/><G107/><T39/><D77/><U91/><E72/><V15/><F0/><W103/><G103/><T100/><D100/><U101/><E120/><V34/><F34/><W89/><G118/><T113/><D124/><U119/><E119/><V45/><F114/><N who="0" m="43530" /><D135/><U122/><E122/><V32/><F32/><W102/><G102/><T90/><D43/><U81/><E11/><V126/><F96/><W98/><G98/><T37/><D90/><U110/><E110/><V5/><F126/><W105/><G105/><T79/><D79/><U130/><E130/><V83/><F74/><W125/><G125/><T80/><D80/><U109/><E109/><V52/><F83/><W40/><G67/><N who="0" m="39351" /><D18/><U71/><E81/><V55/><F82/><W92/><G19/><T13/><D13/><U65/><E101/><V48/><F42/><W10/><G6/><N who="0" m="1103" /><D25/><U35/><E16/><V68/><F5/><W129/><G129/><T46/><D46/><U86/><E99/><V78/><F78/><W3/><G3/><T30/><AGARI ba="0,0" hai="29,30,37,38,39" m="1103,39351,43530" machi="30" ten="40,8000,1" yaku="11,1,52,3" doraHai="111" who="0" fromWho="0" sc="171,80,223,-20,300,-20,306,-40" /><INIT seed="4,0,0,2,4,10" ten="251,203,280,266" oya="0" hai0="93,47,73,90,30,17,39,38,69,135,26,32,77" hai1="62,92,125,110,119,65,87,54,12,14,104,109,91" hai2="61,0,20,35,134,18,86,118,6,3,53,103,80" hai3="75,84,27,115,48,2,52,59,106,13,43,45,133"/><T112/><D69/><U24/><E119/><V129/><F35/><W102/><G2/><T85/><D135/><U7/><E125/><V122/><F122/><W121/><G75/><T132/><D112/><U49/><E104/><V22/><F134/><W4/><G133/><T33/><D33/><U25/><E110/><V83/><F22/><W96/><G115/><T64/><D64/><U101/><E101/><V79/><F6/><W124/><G124/><T34/><D34/><U66/><E109/><V105/><F129/><W50/><G121/><T131/><D131/><U56/><E66/><V88/><F118/><W117/><G117/><T40/><D132/><U114/><E114/><V99/><F61/><W113/><G113/><T76/><D73/><U67/><E67/><V46/><F46/><W74/><G74/><T95/><D38/><U57/><REACH who="1" step="1"/><E7/><REACH who="1" ten="251,193,280,266" step="2"/><V116/><F116/><W28/><G4/><T107/><D107/><U97/><E97/><V128/><F128/><W21/><REACH who="3" step="1"/><G84/><REACH who="3" ten="251,193,280,256" step="2"/><T100/><D85/><U23/><E23/><V37/><F20/><W41/><G41/><T98/><D40/><U42/><E42/><V15/><F86/><W127/><G127/><T29/><D32/><U120/><E120/><V19/><F99/><W9/><G9/><T31/><D98/><U94/><E94/><V78/><F105/><W72/><G72/><T68/><D93/><U11/><E11/><V63/><F80/><W36/><G36/><T81/><D95/><U16/><E16/><N who="2" m="6187" /><F83/><W44/><G44/><T111/><D47/><U71/><E71/><V130/><F37/><RYUUKYOKU ba="0,2" sc="251,-15,193,15,280,-15,256,15" hai1="12,14,24,25,49,54,56,57,62,65,87,91,92" hai3="13,21,27,28,43,45,48,50,52,59,96,102,106" /><INIT seed="5,1,2,0,4,11" ten="236,208,265,271" oya="1" hai0="116,84,112,87,108,96,57,51,7,4,45,36,71" hai1="13,91,18,70,30,107,105,122,131,27,15,99,20" hai2="109,25,24,66,47,115,102,41,26,29,49,133,40" hai3="61,113,88,77,95,121,62,12,86,10,38,97,28"/><U128/><E70/><V110/><F29/><W68/><G121/><T127/><D71/><U54/><E122/><V126/><F66/><W60/><G38/><T42/><D108/><U120/><E120/><V17/><F133/><W8/><G113/><T16/><D116/><U48/><E91/><V125/><F115/><W5/><G68/><T43/><D112/><U124/><E124/><N who="2" m="47723" /><F102/><N who="3" m="60735" /><G77/><T2/><D2/><U106/><E99/><V0/><F0/><W73/><G73/><T59/><D127/><U81/><E81/><V104/><F104/><W92/><G10/><T130/><D96/><U3/><E3/><V52/><F17/><W33/><G33/><T6/><D43/><AGARI ba="1,2" hai="24,25,26,40,41,43,47,49,52,109,110" m="47723" machi="43" ten="30,2000,0" yaku="18,1,54,1" doraHai="11" who="2" fromWho="0" sc="236,-23,208,0,265,43,271,0" /><INIT seed="6,0,0,0,3,67" ten="213,208,308,271" oya="2" hai0="28,115,34,14,6,119,82,111,114,72,52,3,25" hai1="42,24,134,56,35,26,15,76,13,108,5,45,16" hai2="58,54,100,8,46,7,116,122,48,89,87,57,105" hai3="32,80,59,11,60,88,135,128,62,95,118,61,47"/><V109/><F116/><W133/><G118/><T81/><D111/><U49/><E108/><V19/><F122/><W50/><G32/><T53/><D119/><U21/><E134/><N who="3" m="51210" /><G128/><T131/><D3/><U93/><E76/><V44/><F109/><W1/><G80/><N who="0" m="30827" /><D72/><U55/><E93/><V107/><F19/><W106/><G106/><T103/><D103/><U40/><E40/><V41/><F100/><W121/><G121/><T18/><D6/><U71/><E71/><V85/><F105/><W130/><G130/><T43/><D43/><U91/><E91/><V94/><F87/><N who="3" m="52639" /><G11/><N who="0" m="6495" /><D131/><U22/><E35/><V74/><F74/><W10/><G10/><T38/><D38/><U2/><E2/><V75/><F75/><W113/><G1/><T112/><AGARI ba="0,0" hai="25,28,34,52,53,112,114,115" m="6495,30827" machi="112" ten="40,2700,0" yaku="15,1,54,1" doraHai="67" who="0" fromWho="0" sc="213,27,208,-7,308,-13,271,-7" /><INIT seed="7,0,0,5,5,59" ten="240,201,295,264" oya="3" hai0="38,108,58,106,112,120,2,46,73,16,33,53,129" hai1="48,66,13,107,26,63,113,127,82,21,81,80,131" hai2="23,100,29,34,126,47,125,92,22,61,4,65,105" hai3="94,89,68,99,10,122,19,93,86,121,79,11,85"/><W97/><G68/><T67/><RYUUKYOKU type="yao9" ba="0,0" sc="240,0,201,0,295,0,264,0" hai0="2,16,33,38,46,53,58,67,73,106,108,112,120,129" /><INIT seed="7,1,0,1,2,115" ten="240,201,295,264" oya="3" hai0="121,119,53,30,14,54,78,105,77,62,61,65,5" hai1="58,81,68,69,134,75,19,125,36,101,94,43,1" hai2="110,109,59,27,57,41,126,64,56,128,97,107,10" hai3="37,48,6,12,49,38,33,93,88,4,17,96,74"/><W131/><G33/><T45/><D105/><U124/><E134/><V29/><F41/><W50/><G74/><T25/><D121/><U73/><E1/><V21/><F10/><W60/><G131/><T112/><D112/><U23/><E58/><V79/><F79/><W3/><G60/><T83/><D45/><N who="1" m="23783" /><E94/><V18/><F128/><W13/><G3/><T47/><D47/><U32/><E101/><V46/><F46/><W111/><G111/><T42/><D42/><U31/><E31/><V116/><F64/><W0/><G13/><T89/><D89/><U132/><E32/><V104/><F29/><W82/><G82/><T80/><D14/><U34/><E34/><V106/><F97/><W118/><G0/><T91/><D91/><U8/><E8/><V22/><F22/><W102/><G38/><T7/><D25/><U86/><E132/><V26/><F26/><W92/><G37/><T9/><D9/><U85/><E73/><V133/><F133/><W28/><G28/><T99/><D30/><U44/><E44/><V52/><F110/><W95/><G95/><T117/><D99/><U40/><E40/><V103/><F109/><W127/><G6/><T129/><D129/><U90/><E85/><V39/><F39/><W76/><G4/><T35/><D35/><U98/><E98/><V55/><F103/><W15/><G102/><T123/><D123/><U16/><E75/><V51/><F104/><W67/><G93/><T135/><D135/><U113/><E113/><V87/><F107/><W122/><G122/><T114/><D114/><U120/><E120/><RYUUKYOKU ba="1,0" sc="240,30,201,-10,295,-10,264,-10" hai0="5,7,53,54,61,62,65,77,78,80,83,117,119" /><INIT seed="8,2,0,0,3,30" ten="270,191,285,254" oya="0" hai0="81,67,48,17,114,47,60,125,132,36,29,135,10" hai1="27,110,22,109,86,20,40,103,66,65,120,82,131" hai2="28,0,89,44,63,128,70,4,79,84,34,18,115" hai3="78,58,11,64,123,43,57,75,26,85,41,52,112"/><T108/><D36/><U124/><E120/><V101/><F115/><W31/><G75/><T93/><D114/><U71/><E124/><V62/><F70/><W5/><G112/><T77/><D125/><U33/><E131/><V102/><F79/><W106/><G106/><T39/><D39/><U96/><E40/><V73/><F73/><W32/><G123/><T37/><D37/><U54/><E54/><V91/><F0/><W49/><G64/><T119/><D29/><U130/><E130/><V7/><F28/><W55/><G85/><T45/><D93/><U1/><E1/><V72/><F34/><W21/><G78/><T2/><D119/><U94/><E33/><V74/><F84/><W80/><G80/><T12/><D2/><U19/><E22/><V42/><F18/><W88/><G88/><T97/><D97/><U126/><E126/><V122/><F44/><W92/><G92/><T68/><D108/><U13/><E27/><V134/><F42/><W113/><G21/><T117/><D117/><U87/><E87/><V121/><F134/><N who="0" m="51242" /><D48/><U83/><E83/><V133/><F133/><W50/><G113/><T127/><D127/><U98/><E98/><V15/><F15/><AGARI ba="2,0" hai="5,11,15,26,31,32,41,43,49,50,52,55,57,58" machi="15" ten="30,7700,0" yaku="7,1,9,1,52,1,54,1" doraHai="30" who="3" fromWho="2" sc="270,0,191,0,285,-83,254,83" owari="270,7.0,191,-31.0,202,-20.0,337,44.0" /></mjloggm>