<mjloggm ver="2.3"><GO type="169" lobby="0"/><UN n0="%64%6F%6F%6F%6F%77%79" n1="%E3%83%88%E3%83%88%E3%83%AA%E5%85%88%E7%94%9F%31%39%E6%AD%B3" n2="%73%65%61%73%75%69" n3="%57%49%4E%E7%A5%9E" dan="16,19,16,17" rate="2150.00,2283.35,2091.69,2118.44" sx="M,F,M,M"/><TAIKYOKU oya="0"/><INIT seed="0,0,0,3,5,45" ten="250,250,250,250" oya="0" hai0="32,48,134,36,10,42,87,76,38,54,21,41,115" hai1="6,26,104,90,106,62,8,55,84,71,52,4,60" hai2="23,5,40,98,99,80,118,22,120,67,59,101,12" hai3="109,49,82,57,1,81,79,17,28,102,131,117,105"/><T96/><D32/><U78/><E78/><V68/><F120/><W34/><G117/><T94/><D115/><U50/><E26/><V3/><F118/><W53/><G109/><T11/><D134/><U51/><E71/><V61/><F3/><W66/><G131/><T91/><D21/><U92/><E104/><V47/><F68/><W69/><G1/><T77/><D38/><U30/><E106/><V39/><F80/><W111/><G17/><T29/><D29/><U125/><E30/><V103/><F5/><N who="1" m="2153" /><E8/><N who="0" m="3113" /><D36/><U85/><E85/><V100/><F12/><W25/><G79/><N who="0" m="30283" /><D87/><U16/><E16/><V135/><F135/><W133/><G111/><T75/><D75/><U19/><E19/><V129/><F129/><W122/><G122/><T63/><D63/><N who="1" m="24107" /><E125/><V46/><F39/><W123/><G123/><T13/><D13/><U43/><E43/><V37/><F37/><W7/><G7/><T31/><D31/><U110/><E110/><V33/><F40/><W107/><G133/><T20/><D20/><N who="2" m="7722" /><F33/><W119/><G107/><T65/><D65/><U24/><E24/><V56/><F67/><W126/><G126/><T124/><D124/><U15/><E15/><V58/><F61/><N who="3" m="40143" /><G119/><T2/><D2/><U113/><E113/><V72/><F72/><W44/><G34/><T108/><D108/><U0/><E0/><V27/><F27/><W112/><G25/><T97/><D97/><AGARI ba="0,0" hai="46,47,56,58,59,97,98,99,100,101,103" m="7722" machi="97" ten="40,5200,0" yaku="28,2,8,1" doraHai="45" who="2" fromWho="0" sc="250,-52,250,0,250,52,250,0" /><INIT seed="1,0,0,2,1,83" ten="198,250,302,250" oya="1" hai0="88,116,34,12,82,79,52,3,64,102,26,20,95" hai1="60,27,108,134,14,6,127,135,110,10,70,105,57" hai2="48,72,65,115,93,42,117,71,2,50,23,33,44" hai3="36,17,7,24,28,58,107,126,4,78,75,87,43"/><U123/><E105/><V0/><F33/><W9/><G126/><T112/><D3/><U45/><E70/><V61/><F117/><W101/><G75/><T22/><D116/><U40/><E27/><V90/><F72/><W63/><G17/><N who="0" m="10279" /><D34/><U86/><E127/><V21/><F115/><W16/><G16/><N who="0" m="12615" /><D112/><U11/><E11/><V94/><F94/><W54/><G101/><T124/><D124/><U15/><E15/><V129/><F129/><W47/><G47/><T132/><BYE who="3" /><D132/><N who="1" m="50731" /><E123/><V19/><F48/><W66/><G66/><T131/><D131/><U125/><E125/><V38/><F38/><W128/><G128/><T25/><D64/><N who="1" m="38927" /><E86/><V41/><F21/><W106/><G106/><T8/><D25/><U96/><E96/><V18/><F18/><W46/><G46/><T56/><D8/><U55/><E55/><V30/><F30/><UN n3="%57%49%4E%E7%A5%9E" /><W29/><G29/><T85/><D102/><U53/><E53/><V133/><F133/><W118/><G28/><T97/><D52/><U1/><E1/><V104/><F104/><W69/><G54/><T89/><D56/><U39/><AGARI ba="0,0" hai="6,10,14,39,40,45,108,110" m="38927,50731" machi="39" ten="30,1500,0" yaku="20,1" doraHai="83" who="1" fromWho="1" sc="198,-5,250,15,302,-5,250,-5" /><INIT seed="1,1,0,3,5,71" ten="193,265,297,245" oya="1" hai0="92,135,35,18,103,37,41,102,38,72,85,68,132" hai1="69,50,91,8,105,119,120,107,10,52,36,42,15" hai2="63,7,130,20,32,22,21,109,16,94,5,121,88" hai3="53,96,123,126,127,118,124,78,74,66,61,0,116"/><U14/><E119/><N who="3" m="45610" /><G123/><T80/><D68/><U104/><E120/><V59/><F121/><W112/><G0/><T49/><D35/><U64/><E91/><V1/><F32/><W81/><G112/><T84/><D72/><U97/><E42/><V30/><F30/><W122/><G122/><T56/><D18/><U44/><E36/><N who="0" m="13929" /><D92/><U33/><E33/><V95/><F109/><W65/><G96/><T58/><D41/><U40/><E40/><V89/><F130/><W87/><G74/><T128/><D128/><U86/><E86/><N who="0" m="33385" /><D80/><U76/><E76/><V83/><F83/><W100/><G100/><N who="0" m="38443" /><D49/><U9/><REACH who="1" step="1"/><E97/><REACH who="1" ten="193,255,297,245" step="2"/><V82/><F89/><W27/><G78/><T75/><D75/><U70/><E70/><V99/><F82/><W2/><G81/><T77/><D77/><U12/><E12/><N who="2" m="9223" /><F94/><W57/><G2/><T39/><N who="0" m="13937" /><T47/><DORA hai="28" /><D47/><U11/><N who="1" m="2048" /><DORA hai="34" /><U54/><E54/><N who="2" m="34295" /><F1/><W115/><G127/><T133/><AGARI ba="1,1" hai="56,58,132,133,135" m="38443,33385,13937" machi="133" ten="50,12000,2" yaku="28,2,20,1,52,4" doraHai="71,28,34" who="0" fromWho="0" sc="193,133,255,-61,297,-31,245,-31" /><INIT seed="2,0,0,5,2,73" ten="326,194,266,214" oya="2" hai0="1,84,65,14,126,77,70,44,122,46,72,117,131" hai1="109,116,11,76,130,60,63,125,83,120,62,123,5" hai2="56,22,52,107,50,26,53,2,43,124,12,69,74" hai3="30,99,58,112,8,7,118,134,23,47,102,98,57"/><V104/><F69/><W45/><G118/><T105/><D14/><U128/><E116/><V49/><F2/><W110/><G110/><T90/><D84/><N who="1" m="48231" /><E109/><V40/><F74/><W132/><G112/><T67/><D90/><U51/><E51/><V64/><F64/><W88/><G88/><T119/><D77/><U85/><E85/><V17/><F124/><W111/><G111/><T92/><D92/><U6/><E125/><V96/><F107/><W28/><G23/><T121/><D72/><U91/><E91/><V133/><F133/><W35/><G35/><T21/><D21/><U94/><E94/><V106/><F106/><W29/><G102/><T16/><D105/><U10/><E10/><V25/><F96/><N who="3" m="36907" /><G8/><T75/><D75/><U127/><E127/><V86/><F86/><W81/><G81/><T101/><D101/><U3/><E6/><V0/><F0/><W78/><G7/><T95/><D95/><U24/><E24/><N who="2" m="9323" /><F104/><W61/><G78/><T32/><D1/><U97/><E97/><V59/><AGARI ba="0,0" hai="12,17,22,40,43,49,50,52,53,56,59" m="9323" machi="59" ten="30,3000,0" yaku="8,1,54,1" doraHai="73" who="2" fromWho="2" sc="326,-10,194,-10,266,30,214,-10" /><INIT seed="2,1,0,3,0,118" ten="316,184,296,204" oya="2" hai0="55,108,131,50,18,130,128,79,32,125,115,90,6" hai1="41,34,10,122,74,98,66,13,133,19,54,63,59" hai2="23,99,105,69,42,51,86,2,43,15,84,111,75" hai3="73,40,109,37,110,92,28,70,102,89,124,103,8"/><V77/><F2/><W121/><G121/><T134/><D32/><U22/><E74/><V94/><F69/><W107/><G70/><T64/><D6/><U65/><E34/><V116/><F105/><W106/><G28/><T53/><D79/><U7/><E133/><V17/><F116/><W85/><G8/><T46/><D18/><U0/><E122/><V49/><F111/><N who="3" m="42507" /><G73/><T129/><D90/><U120/><E120/><V81/><F49/><W38/><G124/><T91/><D91/><U16/><E41/><V88/><REACH who="2" step="1"/><F42/><REACH who="2" ten="316,184,286,204" step="2"/><W35/><G40/><N who="0" m="24903" /><D108/><U4/><E4/><V112/><F112/><W30/><G107/><T27/><D115/><U114/><E114/><V123/><F123/><W93/><G106/><T26/><D131/><U82/><E0/><V78/><F78/><W3/><G3/><T33/><D125/><U80/><E7/><V14/><F14/><W47/><G38/><T5/><D134/><U1/><E1/><V57/><F57/><W36/><G37/><T83/><D5/><U104/><E104/><V87/><F87/><W61/><G85/><T135/><D135/><U127/><E127/><V71/><F71/><W60/><G36/><T24/><D129/><U11/><E98/><V20/><F20/><W39/><G39/><T56/><D33/><U126/><E126/><V72/><F72/><W67/><G35/><T31/><D130/><U113/><E113/><V97/><F97/><W21/><G21/><T119/><D128/><U76/><E76/><V52/><F52/><W95/><G61/><T45/><D119/><U44/><E63/><RYUUKYOKU ba="1,1" sc="316,-10,184,-10,286,30,204,-10" hai2="15,17,23,43,51,75,77,81,84,86,88,94,99" /><INIT seed="2,2,1,5,3,79" ten="306,174,316,194" oya="2" hai0="103,100,46,49,71,95,81,58,59,35,131,11,88" hai1="82,6,8,3,68,64,135,130,25,45,34,108,0" hai2="127,30,39,114,101,93,129,43,44,96,42,2,92" hai3="94,4,98,10,133,99,18,78,102,54,26,109,70"/><V36/><F2/><W29/><G109/><T65/><D35/><U112/><E112/><V55/><F114/><W90/><G133/><T22/><D131/><U76/><E108/><V66/><F66/><W118/><G118/><T132/><D132/><U113/><E113/><V84/><F129/><W125/><G125/><T41/><D71/><U57/><E135/><V117/><F117/><W28/><G70/><T119/><D11/><U1/><E57/><N who="0" m="21513" /><D65/><U15/><E45/><V13/><F127/><W23/><G54/><T61/><D61/><U106/><E130/><V9/><F30/><W24/><G78/><T53/><D53/><U62/><E106/><V63/><F39/><W60/><G26/><T21/><D81/><U122/><E122/><V104/><F104/><W51/><G51/><T12/><D12/><U115/><E115/><V56/><F42/><W107/><G60/><T110/><D110/><U134/><E134/><V32/><F32/><W50/><G50/><T52/><D41/><U77/><E77/><V16/><F84/><W19/><G19/><T5/><D5/><U75/><E15/><AGARI ba="2,1" hai="4,10,15,18,23,24,28,29,90,94,98,99,102,107" machi="15" ten="30,1000,0" yaku="7,1" doraHai="79" who="3" fromWho="1" sc="306,0,174,-16,316,0,194,26" /><INIT seed="3,0,0,1,2,102" ten="306,158,316,220" oya="3" hai0="11,105,37,32,21,122,91,17,73,23,22,1,107" hai1="14,2,119,52,133,129,39,62,44,19,43,60,120" hai2="99,87,101,41,29,30,82,83,31,123,18,121,114" hai3="12,3,113,51,88,90,25,108,28,95,0,81,59"/><W125/><G113/><T126/><D37/><U134/><E120/><N who="2" m="46155" /><F114/><W97/><G125/><T38/><D38/><U34/><E34/><V40/><F18/><W100/><G108/><T111/><D73/><U5/><E129/><V89/><F83/><W104/><G12/><T10/><D32/><U66/><E119/><V42/><F42/><W106/><G81/><T109/><D122/><U13/><E2/><V92/><AGARI ba="0,0" hai="29,30,31,40,41,82,87,89,92,99,101" m="46155" machi="92" ten="30,1100,0" yaku="13,1" doraHai="102" who="2" fromWho="2" sc="306,-3,158,-3,316,11,220,-5" /><INIT seed="4,0,0,3,3,53" ten="303,155,327,215" oya="0" hai0="134,113,95,21,36,107,37,51,91,59,71,117,85" hai1="74,40,33,82,87,46,62,34,81,75,70,35,125" hai2="76,96,52,45,133,64,19,121,79,63,15,83,16" hai3="102,8,65,120,26,73,98,54,118,99,123,69,97"/><T106/><D71/><U109/><E109/><V60/><F121/><N who="3" m="46667" /><G118/><T10/><D117/><U132/><E132/><V119/><F119/><W13/><G73/><T90/><D113/><U14/><E125/><V89/><F133/><W127/><G127/><T67/><D134/><U47/><E14/><V103/><F89/><W108/><G108/><T80/><D10/><U93/><E93/><N who="2" m="58767" /><F64/><W41/><G41/><T27/><D36/><U84/><E70/><V56/><F45/><W18/><G54/><T6/><D6/><U24/><E24/><V31/><F31/><W4/><G65/><T105/><D37/><U122/><E122/><V58/><F83/><W9/><G69/><T3/><D3/><U5/><E5/><V30/><F30/><W29/><G102/><T2/><D2/><U11/><E34/><V12/><F79/><W25/><G29/><T1/><D1/><AGARI ba="0,0" hai="1,4,8,9,13,18,25,26,97,98,99" m="46667" machi="1" ten="30,1000,0" yaku="13,1" doraHai="53" who="3" fromWho="0" sc="303,-10,155,0,327,0,215,10" /><INIT seed="5,0,0,0,3,48" ten="293,155,327,225" oya="1" hai0="27,62,107,22,88,45,70,81,127,59,5,57,58" hai1="16,65,8,28,68,133,109,79,50,99,93,112,117" hai2="132,98,74,105,4,102,23,43,115,1,76,97,21" hai3="84,14,122,124,41,29,125,101,123,15,6,55,95"/><U114/><E117/><V120/><F120/><N who="3" m="46123" /><G41/><T91/><D107/><U75/><E133/><V110/><F132/><W82/><G55/><T67/><D5/><U51/><E109/><V111/><F43/><W77/><G29/><N who="0" m="17655" /><D127/><N who="3" m="48713" /><G6/><T73/><D73/><U90/><E28/><V30/><F1/><W103/><G15/><T86/><D70/><U36/><E36/><V47/><F47/><W42/><G14/><T94/><D45/><U80/><E8/><V26/><F4/><W113/><G42/><T10/><D10/><U116/><E116/><V53/><F115/><N who="1" m="44073" /><E16/><V72/><F111/><W100/><G113/><T52/><D67/><U18/><E18/><V130/><F110/><W19/><G19/><T0/><D0/><U69/><E65/><V135/><F135/><W131/><G131/><T87/><AGARI ba="0,0" hai="52,57,58,59,62,81,86,87,88,91,94" m="17655" machi="87" ten="30,7900,0" yaku="8,1,52,1,54,2" doraHai="48" who="0" fromWho="0" sc="293,79,155,-39,327,-20,225,-20" /><INIT seed="6,0,0,3,0,133" ten="372,116,307,205" oya="2" hai0="55,86,65,82,125,22,26,28,95,134,70,27,102" hai1="112,35,103,67,61,24,76,12,81,78,38,94,118" hai2="90,69,96,105,121,71,51,18,92,21,53,127,40" hai3="1,68,98,5,72,115,17,11,57,52,85,34,93"/><V46/><F121/><W122/><G122/><T15/><D70/><U43/><E118/><V13/><F127/><W116/><G116/><T42/><D125/><U74/><E112/><V9/><F105/><W47/><G115/><T77/><D65/><U63/><E78/><V45/><REACH who="2" step="1"/><F21/><REACH who="2" ten="372,116,297,205" step="2"/><W128/><G34/><T2/><D22/><U25/><E35/><V114/><F114/><W41/><G128/><T23/><D23/><U119/><E119/><V66/><F66/><W36/><G11/><T84/><D134/><U37/><E67/><V44/><F44/><W75/><G47/><T106/><D106/><U31/><E38/><AGARI ba="0,1" hai="9,13,18,38,40,45,46,51,53,69,71,90,92,96" machi="38" ten="30,2900,0" yaku="1,1,7,1,53,0" doraHai="133" doraHaiUra="80" who="2" fromWho="1" sc="372,0,116,-29,297,39,205,0" /><INIT seed="6,1,0,0,2,81" ten="372,87,336,205" oya="2" hai0="76,104,94,27,106,2,71,131,74,45,25,105,97" hai1="19,26,101,8,70,15,0,119,67,60,21,66,22" hai2="33,4,72,107,35,41,120,135,85,124,99,54,123" hai3="30,51,3,129,84,48,16,62,122,9,56,92,55"/><V17/><F72/><W133/><G122/><T132/><D71/><U95/><E119/><V126/><F41/><W87/><G133/><T73/><D2/><U13/><E0/><V125/><F4/><W75/><G75/><N who="0" m="28683" /><D45/><U10/><E70/><V49/><F135/><W109/><G109/><T96/><D76/><U11/><E60/><V100/><F17/><W98/><G30/><T46/><D46/><U5/><E22/><V53/><F85/><N who="3" m="32843" /><G3/><T6/><D6/><U20/><E20/><V18/><F18/><W44/><G129/><T111/><D132/><U112/><E112/><V64/><F64/><W128/><G128/><T50/><D131/><U89/><E101/><V42/><F42/><W79/><G79/><T118/><D118/><U12/><REACH who="1" step="1"/><E5/><REACH who="1" ten="372,77,336,205" step="2"/><V1/><F1/><W127/><G127/><T86/><D111/><U108/><E108/><V68/><F68/><W93/><G62/><T39/><D105/><U116/><E116/><V24/><F123/><W23/><G23/><T28/><D106/><U14/><N who="1" m="3072" /><DORA hai="117" /><U32/><E32/><V61/><F120/><W115/><G16/><T82/><D104/><U83/><E83/><V59/><F24/><W57/><G93/><T29/><D94/><U38/><E38/><V47/><AGARI ba="1,1" hai="33,35,47,49,53,54,59,61,99,100,107,124,125,126" machi="47" ten="30,3000,0" yaku="0,1,18,1" doraHai="81,117" who="2" fromWho="2" sc="372,-11,77,-11,336,43,205,-11" /><INIT seed="6,2,0,4,1,59" ten="361,66,379,194" oya="2" hai0="93,2,95,115,87,129,133,119,99,43,82,118,91" hai1="74,15,4,27,68,114,39,73,98,110,1,123,78" hai2="125,100,46,111,122,116,130,103,40,8,3,120,72" hai3="42,77,28,7,69,127,51,71,113,20,83,37,90"/><V85/><F72/><N who="1" m="27753" /><E15/><V57/><F116/><N who="0" m="44586" /><D2/><U6/><E78/><V63/><F111/><W96/><G127/><T24/><D43/><U124/><E27/><V108/><F108/><W89/><G37/><T19/><D24/><U5/><E110/><V88/><F125/><W12/><G113/><T70/><D70/><U131/><E124/><V38/><F130/><W102/><G28/><T101/><D19/><U128/><E39/><V0/><F103/><W9/><G20/><T135/><D115/><U11/><E114/><V21/><F100/><W17/><G17/><T18/><D18/><U44/><E44/><V66/><F21/><W26/><G26/><T49/><D49/><U25/><E25/><V79/><F79/><W134/><G71/><T107/><D129/><N who="1" m="49739" /><E68/><V67/><F67/><W22/><G69/><T126/><D126/><U48/><E48/><V105/><F105/><W47/><G22/><T121/><D121/><U23/><E23/><V58/><F58/><W132/><G51/><T97/><D107/><U50/><E50/><V64/><F64/><W56/><G47/><T104/><D104/><U112/><E112/><V31/><F31/><W14/><G56/><T33/><D33/><U106/><E123/><V65/><F65/><W80/><G42/><T55/><D55/><U117/><E117/><V29/><F29/><W35/><G35/><T62/><D62/><U86/><E86/><V81/><F0/><W94/><G77/><AGARI ba="2,0" hai="77,82,87,91,93,95,97,99,101,133,135" m="44586" machi="77" ten="30,3900,0" yaku="12,1,34,2" doraHai="59" who="0" fromWho="3" sc="361,45,66,0,379,0,194,-45" /><INIT seed="7,0,0,4,1,60" ten="406,66,379,149" oya="3" hai0="38,77,20,110,35,29,59,5,95,48,94,26,111" hai1="74,79,131,132,129,57,37,102,55,17,81,18,127" hai2="72,42,71,11,61,51,88,67,92,49,108,116,93" hai3="44,16,13,8,24,3,19,114,76,12,126,28,109"/><W101/><G114/><T86/><D5/><U65/><E37/><V119/><F108/><W46/><G109/><T85/><D38/><U121/><E121/><V34/><F72/><W78/><G126/><T4/><D4/><U106/><E127/><V52/><F34/><W118/><G101/><T82/><D35/><U125/><E125/><V75/><F75/><W104/><G104/><T2/><D2/><U68/><E132/><V53/><F11/><W117/><G3/><T54/><D94/><U15/><E102/><V128/><F128/><W90/><G90/><T73/><D73/><U14/><E106/><V91/><F42/><W99/><G99/><T45/><D45/><U84/><E74/><V83/><F83/><W31/><G8/><T6/><D6/><U21/><E68/><V98/><F51/><W113/><G113/><T69/><D69/><U70/><E70/><V25/><F25/><AGARI ba="0,0" hai="12,13,16,19,24,25,28,31,44,46,76,78,117,118" machi="25" ten="25,4800,0" yaku="22,2,54,1" doraHai="60" who="3" fromWho="2" sc="406,0,66,0,379,-48,149,48" /><INIT seed="7,1,0,0,3,21" ten="406,66,331,197" oya="3" hai0="2,106,5,48,92,68,73,116,63,10,128,26,4" hai1="124,115,110,12,57,60,16,51,80,71,6,31,41" hai2="61,66,129,39,103,109,42,81,43,83,133,91,52" hai3="86,59,36,53,118,20,44,108,3,76,95,119,113"/><W55/><G113/><T67/><D116/><U24/><E115/><V29/><F109/><W121/><G108/><T28/><D128/><U0/><E124/><V126/><F129/><W90/><G121/><T96/><D5/><U117/><E110/><V23/><F126/><W87/><G3/><T11/><D11/><U17/><E117/><V30/><F103/><W58/><G20/><T78/><D48/><U93/><E71/><V105/><F105/><W56/><G36/><T112/><D106/><U97/><E0/><V15/><F133/><W135/><G135/><T40/><D40/><U130/><E130/><V8/><F39/><W107/><G107/><T75/><D78/><U33/><E80/><V65/><F52/><N who="3" m="20043" /><G119/><T64/><D64/><U35/><E35/><V34/><F34/><W101/><G101/><T45/><D45/><U132/><E132/><V79/><F65/><W25/><G118/><T13/><D2/><U27/><E33/><V122/><F122/><W70/><G44/><T46/><D46/><N who="1" m="26063" /><E31/><V9/><F42/><W1/><G1/><T134/><D112/><U127/><E127/><V111/><F43/><W74/><G74/><T125/><D125/><U37/><E37/><V77/><F111/><W89/><G70/><T100/><D134/><U102/><E6/><V69/><F23/><AGARI ba="1,0" hai="4,10,13,23,26,28,63,67,68,73,75,92,96,100" machi="23" ten="30,2000,0" yaku="7,1,52,1" doraHai="21" who="0" fromWho="2" sc="406,23,66,0,331,-23,197,0" owari="429,52.0,66,-43.0,308,11.0,197,-20.0" /></mjloggm>