<mjloggm ver="2.3"><GO type="225" lobby="0"/><UN n0="%E6%B3%95%E6%94%BF%E5%A4%A7%E5%AD%A6%EF%BC%93%E5%B9%B4" n1="%E5%B0%B1%E6%B4%BB%E7%94%9F%40%E5%B7%9D%E6%9D%91%E8%BB%8D%E5%9B%A3" n2="%E7%B7%8B%E3%81%84%E7%8C%AB%EF%BC%9E%EF%BC%9C%EF%BC%81" n3="%E5%8F%8B%47%46%49" dan="17,17,16,16" rate="2156.67,2190.84,2108.24,2030.34" sx="M,M,F,M"/><TAIKYOKU oya="0"/><INIT seed="0,0,0,3,5,79" ten="250,250,250,250" oya="0" hai0="135,103,33,10,50,119,73,110,75,8,87,59,97" hai1="102,31,15,121,51,93,61,76,125,23,35,60,95" hai2="48,132,113,53,18,65,68,44,72,22,120,89,38" hai3="134,101,105,63,88,28,0,3,122,118,39,80,99"/><T9/><D119/><U129/><E35/><V30/><F113/><W34/><G118/><T128/><D33/><U12/><E121/><V62/><F120/><W108/><G122/><T5/><D5/><U57/><E125/><V4/><F132/><W21/><G134/><T19/><D135/><U42/><E129/><V47/><F47/><W58/><BYE who="2" /><G39/><T46/><D128/><U41/><E76/><V115/><F115/><W66/><G108/><T74/><D110/><U112/><E112/><UN n2="%E7%B7%8B%E3%81%84%E7%8C%AB%EF%BC%9E%EF%BC%9C%EF%BC%81" /><V84/><F72/><W67/><G67/><T78/><D59/><U37/><E37/><V16/><F4/><W11/><G11/><T70/><D70/><U98/><E93/><V17/><F38/><W40/><G40/><N who="1" m="15466" /><E51/><V124/><F124/><W2/><G34/><T127/><D127/><U90/><E90/><V29/><REACH who="2" step="1"/><F22/><REACH who="2" ten="250,250,240,250" step="2"/><W130/><G130/><T13/><D46/><U71/><E71/><V24/><F24/><W111/><G111/><T1/><D1/><U45/><E45/><V54/><F54/><W106/><G21/><T117/><D117/><U36/><E36/><V126/><F126/><W14/><G14/><N who="1" m="5162" /><E57/><V104/><F104/><W82/><G58/><T20/><D75/><U116/><E116/><V86/><F86/><W26/><G66/><T123/><D123/><U91/><E23/><V133/><F133/><W49/><G0/><T107/><D74/><U56/><E56/><V6/><F6/><W43/><G3/><T64/><D73/><U27/><E27/><V52/><F52/><W85/><G2/><T7/><D64/><U25/><E25/><RYUUKYOKU ba="0,1" sc="250,-10,250,-10,240,30,250,-10" hai2="16,17,18,29,30,44,48,53,62,65,68,84,89" /><INIT seed="1,1,1,2,3,106" ten="240,240,270,240" oya="1" hai0="70,119,118,62,107,101,12,76,50,16,54,120,10" hai1="74,75,53,104,55,130,18,113,41,81,73,31,100" hai2="13,30,59,15,20,35,39,25,3,121,34,4,108" hai3="92,114,40,72,46,97,126,94,1,37,6,122,123"/><U84/><E113/><V98/><F39/><W65/><G114/><T87/><D120/><U86/><E130/><V111/><F98/><W52/><G126/><T127/><D127/><U43/><E31/><V116/><F59/><W79/><G65/><T33/><D33/><N who="2" m="12298" /><F121/><W14/><G14/><N who="2" m="5129" /><F116/><W83/><G52/><T32/><D32/><U112/><E18/><V91/><F91/><W57/><G57/><T45/><D101/><U61/><E112/><V49/><F49/><W60/><G60/><T135/><D107/><U7/><E7/><V67/><F67/><W0/><G0/><T102/><D102/><U23/><E23/><V95/><F95/><W36/><G36/><T96/><D96/><U109/><E100/><V2/><F4/><W90/><REACH who="3" step="1"/><G94/><REACH who="3" ten="240,240,270,230" step="2"/><T117/><D70/><U21/><E55/><V115/><F115/><W82/><G82/><T24/><D62/><U132/><E53/><V19/><F30/><W66/><G66/><T5/><D118/><U85/><E61/><V124/><F124/><W88/><G88/><T27/><D117/><U105/><E81/><V38/><F38/><W11/><AGARI ba="1,2" hai="1,6,11,37,40,46,72,79,83,90,92,97,122,123" machi="11" ten="30,8000,1" yaku="1,1,0,1,25,2,52,1,53,0" doraHai="106" doraHaiUra="99" who="3" fromWho="3" sc="240,-21,240,-41,270,-21,230,103" /><INIT seed="2,0,0,3,0,93" ten="219,199,249,333" oya="2" hai0="56,33,61,51,113,125,132,23,116,37,80,85,11" hai1="133,121,19,1,95,88,122,27,39,79,31,17,38" hai2="72,108,0,70,102,22,112,78,111,14,98,21,129" hai3="12,18,46,120,13,63,34,97,53,15,50,10,134"/><V65/><F112/><W45/><G120/><N who="1" m="46186" /><E1/><V73/><F0/><W64/><G34/><T110/><D37/><N who="1" m="13835" /><E79/><V101/><F129/><W3/><G134/><T24/><D113/><U67/><E67/><V35/><F35/><W68/><G3/><T92/><D116/><U8/><E8/><V87/><F87/><W74/><G74/><N who="2" m="28777" /><F78/><W76/><G76/><T71/><D33/><N who="1" m="20735" /><E133/><V96/><F65/><W128/><G128/><T103/><D132/><U117/><E117/><V6/><F70/><W124/><G46/><T29/><D71/><U69/><E69/><V30/><F30/><W4/><G18/><T66/><D11/><U25/><E25/><V60/><F60/><W135/><G135/><T126/><D51/><U20/><E20/><N who="2" m="7787" /><F14/><W40/><G10/><T127/><D110/><N who="2" m="42026" /><F6/><W104/><G4/><T84/><D80/><U48/><E48/><V77/><F77/><W81/><G15/><T123/><D123/><U7/><E7/><V59/><F59/><W32/><G63/><T118/><D118/><U100/><E100/><AGARI ba="0,0" hai="96,98,100,101,102" m="42026,7787,28777" machi="100" ten="40,18000,2" yaku="28,2,14,1,10,1,52,2" doraHai="93" who="2" fromWho="1" sc="219,0,199,-180,249,180,333,0" /><INIT seed="2,1,0,2,2,48" ten="219,19,429,333" oya="2" hai0="19,117,38,72,47,4,16,101,13,130,0,89,20" hai1="6,79,52,28,9,45,100,74,75,11,50,34,56" hai2="111,84,103,90,27,106,26,129,40,91,114,121,42" hai3="33,81,93,92,113,83,17,37,43,60,54,59,108"/><V104/><F121/><W31/><G108/><T116/><D130/><U21/><E34/><V36/><F114/><W125/><G113/><T80/><D101/><U29/><E100/><V66/><F111/><W78/><G125/><T126/><D126/><U76/><E74/><V14/><F129/><W65/><G33/><T41/><D19/><U8/><E75/><V64/><F103/><W2/><G31/><T85/><D72/><U87/><E6/><V49/><F49/><W51/><G2/><T3/><REACH who="0" step="1"/><D4/><REACH who="0" ten="209,19,429,333" step="2"/><U97/><E97/><V32/><F106/><W120/><G17/><T10/><D10/><U70/><E70/><V23/><F104/><W132/><G120/><T24/><D24/><U5/><E5/><V119/><F27/><W73/><G132/><T77/><D77/><U39/><E21/><V15/><F23/><W88/><G73/><T58/><D58/><U110/><E110/><V133/><F26/><W57/><G78/><T44/><D44/><U105/><E105/><V123/><F133/><W99/><REACH who="3" step="1"/><G93/><REACH who="3" ten="209,19,429,323" step="2"/><T109/><D109/><U86/><E79/><V82/><F123/><W22/><G22/><T7/><D7/><U12/><E12/><V18/><F15/><W1/><G1/><AGARI ba="1,2" hai="0,1,3,13,16,20,38,41,47,80,85,89,116,117" machi="1" ten="40,8000,1" yaku="1,1,54,1,53,2" doraHai="48" doraHaiUra="112" who="0" fromWho="3" sc="209,103,19,0,429,0,323,-83" /><INIT seed="3,0,0,4,3,85" ten="312,19,429,240" oya="3" hai0="32,55,99,40,125,60,56,19,77,135,98,2,45" hai1="7,48,76,88,49,128,0,36,41,57,131,12,71" hai2="34,43,104,97,83,123,101,30,9,46,118,115,126" hai3="61,13,82,31,53,94,16,50,3,130,92,23,24"/><W33/><G130/><T67/><D32/><U80/><E71/><V105/><F118/><W81/><G3/><T117/><D2/><U95/><E0/><V11/><F115/><W119/><G119/><T47/><D117/><U58/><E36/><V112/><F112/><W122/><G122/><T100/><D125/><U20/><E128/><V129/><F129/><W10/><G61/><T111/><D111/><U74/><E131/><V69/><F69/><W6/><G92/><T68/><D135/><U120/><E120/><V133/><F133/><W91/><G33/><T86/><D19/><U59/><E41/><V72/><F105/><W42/><G31/><T38/><D47/><U22/><E22/><V78/><F126/><W93/><G93/><T84/><D77/><U134/><E134/><V103/><F103/><W132/><G42/><T110/><D110/><U35/><E35/><V121/><F121/><W5/><G5/><T14/><D14/><U27/><E7/><V28/><F123/><W90/><G132/><T1/><D1/><U62/><E12/><V108/><F108/><W29/><G29/><N who="2" m="11369" /><F34/><W4/><G4/><T18/><D18/><U75/><E75/><V54/><F43/><W87/><REACH who="3" step="1"/><G91/><REACH who="3" ten="312,19,429,230" step="2"/><T64/><D64/><U96/><E49/><N who="2" m="28983" /><F104/><W70/><G70/><T17/><D17/><U39/><E48/><V107/><F107/><W102/><G102/><T51/><D100/><U26/><E39/><V73/><F101/><W15/><G15/><T37/><D37/><U109/><E109/><V106/><F106/><W113/><G113/><T21/><D21/><RYUUKYOKU ba="0,1" sc="312,15,19,-15,429,-15,230,15" hai0="38,40,45,51,55,56,60,67,68,84,86,98,99" hai3="6,10,13,16,23,24,50,53,81,82,87,90,94" /><INIT seed="3,1,1,5,2,58" ten="327,4,414,245" oya="3" hai0="69,76,94,77,11,71,95,100,5,3,37,4,83" hai1="90,44,73,93,68,62,114,59,25,98,127,126,66" hai2="112,99,57,131,78,10,47,105,116,28,64,17,35" hai3="54,0,74,111,6,91,125,97,42,63,18,122,109"/><W123/><G74/><T60/><D5/><U1/><E73/><V52/><F112/><W120/><G42/><T7/><D7/><U50/><E1/><V87/><F116/><W128/><G18/><T124/><D124/><U104/><E104/><V30/><F35/><W36/><G36/><T134/><D134/><U70/><E25/><V84/><F131/><W34/><G34/><T108/><D108/><N who="3" m="41545" /><G125/><T40/><D77/><U110/><E110/><V129/><F129/><W106/><G128/><T2/><D2/><U46/><E98/><V113/><F113/><W130/><G130/><T118/><D118/><U45/><E93/><V56/><F17/><W38/><G38/><T85/><D100/><U115/><E90/><V24/><F10/><N who="3" m="2375" /><G91/><T72/><D85/><U86/><E86/><V88/><F87/><W121/><G121/><T9/><D9/><U21/><E21/><V80/><F78/><W14/><G14/><T101/><D101/><U20/><E20/><V33/><F33/><W53/><G53/><T41/><D41/><N who="1" m="24847" /><E127/><V12/><F88/><W102/><G54/><T135/><D135/><U96/><E96/><V15/><F99/><W75/><G75/><T8/><D8/><U79/><E79/><V133/><F52/><W16/><G16/><T29/><D29/><U26/><E26/><V39/><F24/><W132/><G132/><T51/><D37/><U117/><E126/><V103/><F133/><W31/><G31/><T65/><D71/><N who="1" m="27179" /><E117/><V43/><F28/><W67/><G67/><T13/><D3/><U107/><E107/><V49/><F30/><RYUUKYOKU ba="1,1" sc="327,10,4,10,414,-30,245,10" hai0="4,11,13,40,51,60,65,69,72,76,83,94,95" hai1="45,46,59,62,66,114,115" hai3="63,97,102,106,120,122,123" /><INIT seed="3,2,1,5,1,123" ten="337,14,384,255" oya="3" hai0="73,124,63,110,56,89,98,83,48,59,1,31,6" hai1="5,90,35,131,60,72,109,67,50,94,69,11,49" hai2="20,51,23,71,44,102,122,25,118,7,24,111,116" hai3="93,126,97,47,38,82,3,84,53,86,113,76,57"/><W66/><G113/><T130/><D124/><U27/><E72/><V32/><F71/><W133/><G126/><T62/><D130/><U9/><E131/><V99/><F32/><W104/><G133/><T125/><D125/><U12/><E35/><V101/><F122/><W128/><G128/><T103/><D31/><U61/><E27/><N who="2" m="10315" /><F7/><W85/><G104/><T33/><D33/><U41/><E41/><N who="2" m="24975" /><F118/><W80/><G3/><T2/><D6/><U26/><E26/><V96/><F116/><W95/><G66/><T77/><D48/><U135/><E135/><V16/><F111/><W34/><G34/><T54/><D110/><U108/><E94/><N who="2" m="58519" /><F16/><W91/><G38/><T120/><D89/><U4/><E69/><V17/><F17/><W45/><G85/><T100/><D120/><U42/><E42/><V0/><F0/><W79/><REACH who="3" step="1"/><G95/><AGARI ba="2,1" hai="20,23,95,99,102" m="58519,24975,10315" machi="95" ten="30,1000,0" yaku="8,1" doraHai="123" who="2" fromWho="3" sc="337,0,14,0,384,26,255,-16" owari="337,14.0,14,-49.0,410,51.0,239,-16.0" /></mjloggm>