<mjloggm ver="2.3"><GO type="169" lobby="0"/><UN n0="%4B%6F%48" n1="%54%43%54" n2="%E5%86%A5%E5%9C%9F%E3%81%AE%E3%83%AF%E3%83%8B%E8%94%B5" n3="%E5%B0%B1%E6%B4%BB%E7%94%9F%40%E5%B7%9D%E6%9D%91%E8%BB%8D%E5%9B%A3" dan="16,16,17,17" rate="2089.47,2089.15,2123.23,2190.79" sx="M,M,M,M"/><TAIKYOKU oya="0"/><INIT seed="0,0,0,3,1,83" ten="250,250,250,250" oya="0" hai0="101,4,71,118,103,56,92,35,60,120,78,132,29" hai1="46,20,65,17,135,61,0,45,72,126,97,16,109" hai2="62,130,6,43,33,51,59,55,68,37,96,19,100" hai3="23,30,115,49,24,50,111,31,39,14,134,54,125"/><T124/><D120/><U87/><E72/><V82/><F33/><W57/><G39/><T38/><D118/><U121/><E121/><V44/><F130/><W131/><G115/><T67/><D38/><U42/><E109/><V58/><F6/><W15/><G111/><T89/><D132/><U123/><E123/><V80/><F19/><W26/><G134/><T70/><D124/><U102/><E135/><V108/><F108/><W77/><G125/><T85/><D4/><U10/><E126/><V94/><REACH who="2" step="1"/><F59/><REACH who="2" ten="250,250,240,250" step="2"/><W1/><G131/><T21/><D35/><U2/><E17/><V93/><F93/><W76/><G1/><T122/><D122/><U25/><E0/><V129/><F129/><W69/><G69/><T11/><D71/><U90/><E2/><V117/><F117/><W88/><G15/><T9/><D70/><U133/><E133/><V34/><F34/><W47/><G14/><T40/><D56/><U63/><E10/><V28/><F28/><W36/><G30/><T73/><D11/><U116/><E116/><V98/><F98/><W52/><G26/><T3/><D9/><U86/><E97/><V12/><F12/><W13/><G13/><T113/><D3/><U81/><E16/><V32/><F32/><W48/><G36/><T110/><D110/><U119/><E25/><V64/><AGARI ba="0,1" hai="37,43,44,51,55,58,62,64,68,80,82,94,96,100" machi="64" ten="30,7900,0" yaku="1,1,0,1,24,2,53,0" doraHai="83" doraHaiUra="75" who="2" fromWho="2" sc="250,-39,250,-20,240,89,250,-20" /><INIT seed="1,0,0,5,5,78" ten="211,230,329,230" oya="1" hai0="34,23,42,13,90,72,70,57,49,37,12,4,94" hai1="35,61,118,127,117,48,41,25,98,18,120,28,131" hai2="46,111,85,107,109,68,87,31,80,81,10,110,134" hai3="97,36,16,9,26,91,106,74,53,15,63,66,100"/><U22/><E120/><V32/><F68/><W124/><G124/><T69/><D34/><U105/><E127/><V132/><F107/><W92/><G36/><T19/><D72/><U8/><E131/><V101/><F101/><W60/><G74/><T39/><D39/><U75/><E75/><V45/><F10/><W62/><G53/><T73/><D73/><U83/><E61/><V128/><F128/><W3/><G3/><T55/><D4/><U130/><E130/><V115/><F115/><W27/><REACH who="3" step="1"/><G66/><REACH who="3" ten="211,230,329,220" step="2"/><T71/><D37/><U2/><E2/><V1/><F1/><W33/><G33/><T114/><D114/><U125/><E35/><V77/><F32/><W86/><AGARI ba="0,1" hai="9,15,16,26,27,60,62,63,86,91,92,97,100,106" machi="86" ten="30,4000,0" yaku="1,1,0,1,54,1,53,0" doraHai="78" doraHaiUra="0" who="3" fromWho="3" sc="211,-10,230,-20,329,-10,220,50" /><INIT seed="2,0,0,3,5,128" ten="201,210,319,270" oya="2" hai0="58,106,26,124,1,127,49,15,129,59,90,65,111" hai1="121,100,29,102,3,17,115,117,125,134,51,33,82" hai2="32,98,2,69,12,66,50,45,89,54,104,55,119" hai3="48,38,73,133,11,84,68,9,28,87,10,41,79"/><V44/><F2/><W70/><G38/><T78/><D1/><U20/><E115/><V94/><F119/><W39/><G39/><T24/><D129/><U25/><E117/><V74/><F74/><W18/><G28/><T75/><D111/><U67/><E125/><N who="0" m="48201" /><D106/><U122/><E67/><V43/><F32/><W116/><G116/><T57/><D15/><U120/><E82/><V23/><F104/><W101/><G101/><T6/><D6/><U118/><E118/><V105/><F105/><W0/><G0/><T123/><D123/><U91/><E91/><V16/><REACH who="2" step="1"/><F44/><REACH who="2" ten="201,210,309,270" step="2"/><N who="3" m="25615" /><G73/><T107/><D107/><U114/><E3/><V30/><F30/><W77/><G70/><T99/><D75/><U42/><E114/><V97/><F97/><W96/><G68/><T31/><D99/><U108/><E108/><V56/><F56/><W85/><G133/><T92/><D31/><U8/><E33/><V13/><F13/><N who="3" m="7487" /><G96/><T71/><D71/><U34/><E134/><V93/><F93/><W62/><G87/><T131/><D58/><U112/><E112/><V40/><F40/><W7/><G85/><N who="0" m="52303" /><D59/><U103/><E34/><V52/><F52/><W126/><G126/><T76/><D131/><U37/><E29/><V95/><F95/><W113/><G113/><T5/><D65/><U22/><E42/><V132/><F132/><W135/><G135/><T110/><D57/><U14/><E122/><V53/><F53/><W80/><G84/><T64/><D64/><U83/><E120/><V72/><F72/><W88/><G80/><T47/><D110/><U46/><E121/><RYUUKYOKU ba="0,1" sc="201,-10,210,-10,309,30,270,-10" hai2="12,16,23,43,45,50,54,55,66,69,89,94,98" /><INIT seed="2,1,1,4,0,97" ten="191,200,339,260" oya="2" hai0="100,60,50,53,21,36,2,25,107,71,114,108,10" hai1="23,32,134,84,106,59,31,122,116,63,74,110,47" hai2="129,69,132,87,51,42,131,37,20,27,67,18,90" hai3="7,3,73,8,62,33,40,56,126,91,49,105,130"/><V39/><F132/><W48/><G73/><T9/><D114/><U64/><E116/><V11/><F11/><W38/><G33/><T94/><D36/><U133/><E74/><V112/><F112/><W5/><G126/><T28/><D107/><U35/><E110/><V113/><F113/><W65/><G130/><N who="2" m="49673" /><F69/><W121/><G121/><T12/><D2/><U101/><E122/><V119/><F67/><W0/><G105/><T109/><D9/><U83/><E47/><N who="2" m="26103" /><F119/><W6/><G91/><T76/><D76/><U120/><E120/><V72/><F72/><W77/><G77/><T46/><D71/><U118/><E118/><V85/><F85/><W123/><G123/><T82/><D60/><U103/><E106/><V15/><F15/><W80/><G8/><T95/><D82/><AGARI ba="1,1" hai="18,20,27,37,39,82,87,90" m="26103,49673" machi="82" ten="30,1500,0" yaku="19,1" doraHai="97" who="2" fromWho="0" sc="191,-18,200,0,339,28,260,0" /><INIT seed="2,2,0,0,5,118" ten="173,200,367,260" oya="2" hai0="29,45,63,38,101,62,103,49,116,76,93,111,102" hai1="107,108,67,106,92,54,110,26,59,115,114,31,15" hai2="75,14,100,94,73,87,32,121,132,52,69,27,127" hai3="43,4,17,10,96,71,122,19,123,80,131,44,23"/><V81/><F69/><W48/><G71/><T112/><D112/><U74/><E74/><V37/><F37/><W22/><G131/><T60/><D38/><U8/><E67/><V129/><F129/><W95/><G22/><T119/><D111/><N who="1" m="42539" /><E92/><V72/><F14/><W89/><G80/><T42/><D76/><U9/><E54/><V120/><F52/><W117/><G117/><N who="0" m="45131" /><D29/><U126/><E59/><V57/><F57/><W46/><G44/><T82/><D82/><U39/><E39/><V35/><F27/><W2/><REACH who="3" step="1"/><G19/><REACH who="3" ten="173,200,367,250" step="2"/><T61/><N who="0" m="15360" /><DORA hai="40" /><T97/><AGARI ba="2,1" hai="42,45,49,93,97,101,102,103" m="15360,45131" machi="97" ten="50,6400,0" yaku="4,1,12,1,52,1" doraHai="118,40" who="0" fromWho="0" sc="173,80,200,-18,367,-34,250,-18" /><INIT seed="3,0,0,1,3,116" ten="253,182,333,232" oya="3" hai0="109,81,5,30,54,96,89,88,72,65,132,22,79" hai1="107,56,8,46,53,52,42,115,21,29,67,44,38" hai2="33,61,31,131,86,24,103,41,49,102,23,106,13" hai3="3,48,128,130,69,12,129,127,64,80,101,84,26"/><W133/><G3/><T90/><D132/><U18/><E115/><V7/><F131/><W58/><G133/><T16/><D5/><U6/><E107/><V15/><F106/><W123/><G127/><T76/><D109/><U28/><E67/><V125/><F125/><W117/><G117/><T110/><D110/><U1/><E44/><N who="2" m="25743" /><F33/><W2/><G2/><T83/><D30/><U71/><E71/><V112/><F112/><W60/><G101/><T82/><D65/><U126/><E126/><V134/><F134/><W19/><G26/><N who="0" m="14663" /><D72/><U10/><E10/><N who="2" m="4319" /><F61/><W104/><G104/><T39/><D39/><U43/><E43/><V34/><F34/><W47/><G123/><T57/><D96/><U62/><REACH who="1" step="1"/><E53/><REACH who="1" ten="253,172,333,232" step="2"/><V17/><F86/><W108/><G69/><T78/><D54/><U36/><E36/><V100/><F31/><W70/><G70/><T94/><D94/><U37/><E37/><V97/><F97/><W114/><G114/><T51/><D51/><U59/><E59/><AGARI ba="0,1" hai="57,59,76,78,79,81,82,83,88,89,90" m="14663" machi="59" ten="40,8000,1" yaku="29,2,8,1,54,2" doraHai="116" who="0" fromWho="1" sc="253,90,172,-80,333,0,232,0" /><INIT seed="4,0,0,0,4,75" ten="343,92,333,232" oya="0" hai0="13,113,102,83,129,131,77,119,114,69,106,44,26" hai1="48,12,47,55,125,68,109,63,2,24,103,97,56" hai2="62,121,111,130,85,39,71,107,65,134,76,54,92" hai3="122,100,99,46,118,78,135,98,74,50,45,95,126"/><T7/><D69/><U41/><E109/><V133/><F111/><W31/><G118/><T81/><D119/><U32/><E2/><V82/><F107/><W34/><G126/><T37/><D83/><U42/><E125/><V21/><F121/><W60/><G135/><N who="2" m="51721" /><F39/><W30/><G122/><T1/><D13/><U67/><E12/><V15/><F130/><N who="0" m="49674" /><D26/><U108/><E108/><V120/><F120/><W22/><G34/><T58/><D58/><U20/><E32/><V79/><F92/><W5/><G5/><T66/><D66/><U70/><E70/><V91/><F54/><W96/><G60/><T110/><D110/><U8/><E8/><V90/><F90/><W94/><G22/><T115/><D102/><U4/><E4/><V23/><F23/><W112/><G112/><T29/><D29/><U9/><E9/><V128/><F128/><W59/><G100/><T27/><D27/><U25/><E25/><V52/><F52/><W11/><G30/><T43/><D106/><U127/><E127/><V84/><F84/><W61/><G11/><N who="0" m="2543" /><D115/><U3/><E3/><V18/><AGARI ba="0,0" hai="15,18,21,62,65,71,76,79,82,85,91" m="51721" machi="18" ten="30,4000,0" yaku="20,1,52,2" doraHai="75" who="2" fromWho="2" sc="343,-20,92,-10,333,40,232,-10" /><INIT seed="5,0,0,5,4,62" ten="323,82,373,222" oya="1" hai0="15,36,56,84,22,81,46,78,72,67,53,4,49" hai1="50,79,130,95,109,107,94,38,9,32,11,101,80" hai2="20,115,39,24,121,8,74,6,57,105,129,33,122" hai3="34,41,97,85,2,75,14,111,63,23,1,48,25"/><U90/><E38/><V131/><F74/><W77/><G75/><T89/><D36/><U65/><E32/><V98/><F39/><W112/><G111/><T16/><D4/><U93/><E109/><V120/><F57/><W19/><G112/><T118/><D118/><U76/><E107/><V103/><F115/><W66/><G97/><T128/><D128/><N who="2" m="49226" /><F33/><W64/><G34/><T114/><D114/><U127/><E130/><V17/><F120/><W88/><G77/><N who="1" m="29770" /><E127/><V10/><F10/><N who="1" m="3593" /><E101/><V60/><F60/><W40/><G63/><N who="0" m="38375" /><D72/><U35/><E35/><V86/><F86/><W91/><G2/><AGARI ba="0,0" hai="2,6,8,17,20,24,98,103,105,121,122" m="49226" machi="2" ten="30,1000,0" yaku="19,1" doraHai="62" who="2" fromWho="3" sc="323,0,82,0,373,10,222,-10" /><INIT seed="6,0,0,1,1,81" ten="323,82,383,212" oya="2" hai0="32,119,128,70,72,59,80,6,100,82,22,111,113" hai1="126,10,14,42,69,44,99,2,123,1,65,21,121" hai2="112,74,90,13,15,133,135,97,129,134,67,35,101" hai3="33,48,47,73,29,103,64,115,93,79,91,18,54"/><V30/><F74/><W3/><G3/><T16/><D111/><U26/><E126/><V53/><F112/><W102/><G115/><T109/><D109/><U132/><E65/><V12/><F129/><W66/><G73/><T77/><D70/><U110/><E69/><V57/><F67/><W38/><G79/><T108/><D32/><U56/><E56/><V60/><F90/><W63/><G38/><T83/><D128/><U98/><E110/><V55/><F55/><W118/><G118/><T85/><D6/><U124/><E124/><V88/><F88/><W50/><G66/><T61/><D119/><U120/><E132/><V107/><F35/><W52/><G18/><T23/><D23/><U28/><E1/><V20/><REACH who="2" step="1"/><F30/><REACH who="2" ten="323,82,373,212" step="2"/><W127/><G29/><T130/><D130/><U68/><E68/><V36/><F36/><W78/><G33/><T9/><D113/><U43/><E43/><V58/><F58/><N who="3" m="36983" /><G78/><T46/><D108/><U96/><E42/><V31/><F31/><W89/><G89/><T94/><D72/><U92/><E44/><V41/><F41/><W49/><G127/><T71/><D46/><U131/><E131/><V11/><F11/><W19/><G47/><T104/><D9/><U125/><E125/><V27/><F27/><W25/><G54/><N who="0" m="34039" /><D71/><U106/><E121/><V87/><F87/><N who="3" m="52479" /><G52/><T39/><D39/><U4/><E123/><V62/><F62/><W51/><G51/><T114/><D114/><U95/><E120/><V5/><F5/><W116/><G116/><T34/><D34/><U122/><E122/><V8/><F8/><RYUUKYOKU ba="0,1" sc="323,-15,82,-15,373,15,212,15" hai2="12,13,15,20,53,57,60,97,101,107,133,134,135" hai3="19,25,48,49,50,102,103" /><INIT seed="6,1,1,5,5,85" ten="308,67,388,227" oya="2" hai0="89,107,9,71,105,11,60,92,127,2,47,97,77" hai1="24,129,3,34,122,132,28,12,128,38,4,114,112" hai2="86,126,40,123,61,50,20,118,121,66,119,8,36" hai3="23,32,113,84,48,22,51,10,76,93,70,95,80"/><V6/><F20/><N who="3" m="7723" /><G70/><T5/><D127/><U110/><E38/><V41/><F86/><W27/><G32/><T72/><D47/><U83/><E83/><V103/><F103/><W45/><G113/><N who="1" m="43626" /><E110/><V74/><F74/><W81/><G27/><T33/><D33/><U35/><E35/><V57/><F8/><W94/><G80/><T1/><D72/><U53/><E53/><N who="2" m="31927" /><F6/><W63/><G63/><T49/><D77/><U0/><E132/><V96/><F96/><W43/><G51/><T109/><D109/><U108/><E108/><V56/><F126/><W88/><G10/><T82/><D82/><U78/><E78/><AGARI ba="1,1" hai="43,45,48,76,78,81,84,88,93,94,95" m="7723" machi="78" ten="30,3900,0" yaku="8,1,52,1,54,1" doraHai="85" who="3" fromWho="1" sc="308,0,67,-42,388,0,227,52" /><INIT seed="7,0,0,1,0,66" ten="308,25,388,279" oya="3" hai0="49,106,4,59,11,23,132,131,55,25,90,61,94" hai1="51,111,17,127,60,43,126,95,74,115,54,119,128" hai2="105,122,46,10,72,97,98,100,56,45,79,83,27" hai3="77,34,30,29,50,125,18,112,73,8,107,35,24"/><W53/><G107/><T48/><D131/><U82/><E95/><V89/><F122/><W15/><G112/><T52/><D106/><U12/><E82/><V116/><F116/><W104/><G104/><T110/><D132/><U5/><E5/><V85/><F97/><W71/><G125/><T67/><D110/><U39/><E12/><V117/><F117/><W114/><G114/><T2/><D55/><U63/><E17/><V32/><F56/><W0/><G0/><T78/><D78/><U14/><E14/><V20/><F10/><W134/><G134/><T26/><D23/><U113/><E51/><V64/><F64/><W16/><G71/><T121/><D121/><U19/><E19/><V68/><F68/><W44/><G18/><T130/><D130/><U108/><E74/><V57/><F57/><W92/><G92/><T84/><REACH who="0" step="1"/><D48/><REACH who="0" ten="298,25,388,279" step="2"/><U21/><E21/><V7/><F32/><W129/><G129/><T123/><D123/><U133/><E128/><V86/><F7/><W33/><REACH who="3" step="1"/><G30/><REACH who="3" ten="298,25,388,269" step="2"/><T3/><D3/><U1/><E1/><V31/><F105/><W47/><G47/><AGARI ba="0,2" hai="2,4,11,25,26,47,49,52,59,61,67,84,90,94" machi="47" ten="30,3900,0" yaku="1,1,7,1,54,1,53,0" doraHai="66" doraHaiUra="76" who="0" fromWho="3" sc="298,59,25,0,388,0,269,-39" owari="357,16.0,25,-47.0,388,48.0,230,-17.0" /></mjloggm>