<mjloggm ver="2.3"><GO type="169" lobby="0"/><UN n0="%E6%B2%88%E9%BB%99%E3%81%AE%E3%82%AA%E3%83%8A%E3%83%8B%E3%82%B9%E3%83%88" n1="%E3%83%84%E3%83%AC%E3%82%AA" n2="%7A%65%52%6F" n3="%E3%83%88%E3%83%88%E3%83%AA%E5%85%88%E7%94%9F%31%39%E6%AD%B3" dan="16,16,16,18" rate="2217.10,2136.83,2203.57,2200.44" sx="M,M,M,F"/><TAIKYOKU oya="0"/><INIT seed="0,0,0,5,5,39" ten="250,250,250,250" oya="0" hai0="125,83,71,15,24,1,53,60,6,29,104,126,45" hai1="36,91,69,18,23,56,114,109,101,5,13,123,106" hai2="10,85,133,100,26,42,51,116,43,19,76,77,44" hai3="65,99,12,54,81,96,113,121,86,22,55,7,87"/><T73/><D104/><U108/><E69/><V63/><F116/><W117/><G117/><T16/><D1/><U74/><E123/><V127/><F127/><N who="0" m="48650" /><D6/><U9/><E74/><V75/><F75/><W103/><G113/><T28/><D71/><U33/><E33/><V4/><F133/><W72/><G72/><T2/><D2/><U118/><E118/><V129/><F129/><W128/><G65/><T124/><D124/><U78/><E78/><V89/><F100/><W94/><G128/><T37/><D60/><U57/><E101/><V11/><F63/><W49/><G121/><T47/><D53/><U90/><E106/><V30/><F19/><N who="3" m="10599" /><G7/><T119/><D119/><U62/><E62/><V132/><F132/><W105/><G105/><T84/><D73/><U112/><E5/><V67/><F67/><W31/><G31/><N who="0" m="11851" /><D24/><U27/><E27/><V66/><F66/><W68/><G68/><T58/><D58/><U95/><E56/><V38/><F26/><W110/><G55/><T107/><D107/><U17/><E112/><V134/><F30/><W79/><G96/><T21/><D37/><U14/><E36/><V92/><F134/><W50/><G50/><T88/><AGARI ba="0,0" hai="15,16,21,45,47,83,84,88" m="11851,48650" machi="88" ten="30,6000,0" yaku="18,1,54,2" doraHai="39" who="0" fromWho="0" sc="250,60,250,-20,250,-20,250,-20" /><INIT seed="0,1,0,3,3,37" ten="310,230,230,230" oya="0" hai0="115,46,13,118,22,14,6,62,28,91,50,117,112" hai1="2,75,124,79,65,132,78,29,57,31,103,19,3" hai2="87,44,88,48,134,54,105,114,9,126,95,131,38" hai3="55,97,111,90,76,74,17,93,1,96,45,89,20"/><T42/><D91/><U47/><E132/><V16/><F114/><W104/><G111/><T107/><D107/><U116/><E116/><V25/><F105/><W72/><G1/><T109/><D109/><U23/><E103/><V35/><F134/><W71/><G71/><T113/><D62/><U0/><E124/><V24/><F126/><W67/><G67/><T125/><D125/><U77/><E75/><V56/><F131/><W69/><G69/><T82/><D82/><U68/><E68/><V32/><F32/><W108/><G108/><T73/><D73/><U85/><E85/><V10/><F35/><W129/><G129/><T5/><D28/><U66/><E47/><V41/><F10/><W26/><G76/><T98/><D98/><U127/><E127/><V21/><F9/><W30/><G55/><T120/><D120/><U86/><E86/><V49/><F38/><W36/><G30/><T84/><D84/><U27/><E57/><V101/><F101/><W60/><G60/><T128/><D128/><U110/><E110/><V53/><F53/><W130/><G130/><T99/><D99/><U64/><AGARI ba="1,0" hai="0,2,3,19,23,27,29,31,64,65,66,77,78,79" machi="64" ten="40,5200,0" yaku="0,1,29,2" doraHai="37" who="1" fromWho="1" sc="310,-27,230,55,230,-14,230,-14" /><INIT seed="1,0,0,0,1,71" ten="283,285,216,216" oya="1" hai0="7,115,95,101,119,33,89,103,85,57,29,135,122" hai1="12,127,114,23,31,17,92,131,28,48,84,50,61" hai2="62,107,5,43,128,78,104,41,94,15,59,55,110" hai3="42,82,75,39,118,46,64,24,14,37,83,72,58"/><U69/><E114/><V3/><F3/><W109/><G109/><T16/><D119/><U93/><E131/><V8/><F128/><W99/><G118/><T45/><D7/><U98/><E127/><V87/><F110/><W1/><G1/><T38/><D115/><U102/><E61/><V111/><F111/><W116/><G116/><T113/><D113/><U123/><E69/><V30/><F30/><N who="1" m="11305" /><E123/><V35/><F35/><W120/><G24/><T27/><D135/><U13/><E13/><V73/><F73/><W11/><G120/><T88/><D122/><U18/><E18/><V76/><F107/><W9/><G99/><T21/><D57/><U19/><E19/><V67/><F104/><W60/><G39/><T134/><D134/><U77/><E77/><N who="2" m="29803" /><F67/><W52/><G11/><T117/><D117/><U80/><E80/><V51/><F62/><W106/><G106/><T97/><D45/><U2/><E2/><V81/><F94/><W130/><G130/><T53/><D53/><U49/><E93/><V133/><F133/><W124/><G124/><T56/><D56/><U36/><E36/><V100/><F100/><W63/><G72/><T132/><D38/><U126/><E126/><V10/><F10/><W32/><G75/><T96/><D132/><U54/><E84/><V6/><F6/><W65/><G32/><T22/><D33/><U4/><E4/><V79/><AGARI ba="0,0" hai="5,8,15,41,43,51,55,59,79,81,87" m="29803" machi="79" ten="30,1100,0" yaku="8,1" doraHai="71" who="2" fromWho="2" sc="283,-3,285,-5,216,11,216,-3" /><INIT seed="2,0,0,3,2,107" ten="280,280,227,213" oya="2" hai0="93,38,109,84,118,53,32,123,129,111,112,125,130" hai1="54,67,40,21,9,102,94,92,31,8,131,17,108" hai2="28,124,30,101,95,71,104,44,2,59,87,50,57" hai3="15,43,89,100,34,37,0,13,117,58,91,41,83"/><V22/><F71/><W119/><G0/><T114/><D32/><U73/><E108/><N who="0" m="41545" /><D38/><U36/><E67/><V122/><F2/><W79/><G34/><T3/><D3/><U64/><E64/><V46/><F122/><W62/><G100/><T110/><D110/><U11/><E31/><V135/><F104/><W5/><G117/><T27/><D27/><U65/><E65/><V6/><F6/><W106/><G106/><T97/><D53/><U20/><E20/><V42/><F124/><W35/><G35/><T12/><D12/><U45/><E131/><N who="0" m="50185" /><D123/><U86/><E54/><V63/><F63/><W134/><G119/><T116/><D84/><U128/><E128/><V16/><F30/><W96/><G37/><T76/><D76/><U49/><E86/><V52/><F28/><W75/><G15/><T121/><D121/><U74/><E36/><V69/><F69/><W77/><G77/><T29/><D29/><U26/><REACH who="1" step="1"/><E102/><REACH who="1" ten="280,270,227,213" step="2"/><V1/><F101/><W66/><G66/><T25/><D125/><U61/><E61/><V10/><F87/><W78/><G62/><T39/><D39/><U68/><E68/><V47/><F22/><W99/><G78/><T103/><D25/><U105/><E105/><V7/><F52/><W98/><G79/><T24/><D24/><U80/><E80/><V51/><F51/><W127/><G83/><T70/><D70/><U60/><E60/><V23/><F50/><W85/><G127/><T56/><D56/><U82/><E82/><V18/><F59/><W55/><G58/><T4/><D116/><U113/><E113/><RYUUKYOKU ba="0,1" sc="280,-10,270,30,227,-10,213,-10" hai1="8,9,11,17,21,26,40,45,49,73,74,92,94" /><INIT seed="3,1,1,0,0,98" ten="270,300,217,203" oya="3" hai0="119,61,102,124,18,81,107,131,20,71,50,67,32" hai1="117,21,74,133,101,66,93,5,72,46,132,28,91" hai2="65,78,99,105,95,92,60,134,26,109,22,70,4" hai3="121,3,89,126,84,55,56,34,130,96,128,79,83"/><W111/><G121/><T49/><D32/><U94/><E5/><V36/><F36/><W1/><G34/><T8/><D119/><U51/><E66/><V11/><F134/><N who="1" m="51817" /><E117/><V37/><F37/><W25/><G25/><T40/><D131/><N who="3" m="50217" /><G126/><T0/><D124/><U2/><E2/><N who="3" m="522" /><G111/><T9/><D81/><U103/><E21/><V39/><F39/><W104/><G104/><T58/><D71/><U90/><E28/><V7/><F109/><W17/><G17/><T52/><D40/><U80/><E51/><V23/><F78/><W30/><G30/><T97/><D0/><U110/><E46/><V45/><F45/><W47/><G47/><T108/><D108/><U19/><E19/><V120/><F120/><W6/><G6/><T88/><D88/><N who="1" m="33835" /><E110/><V113/><F4/><W116/><G116/><T87/><D87/><U77/><E72/><V41/><F7/><W75/><G75/><T82/><D82/><U118/><E118/><V53/><F41/><W59/><G55/><T64/><D64/><U122/><E122/><V68/><F53/><W44/><G44/><T13/><D50/><U15/><E15/><V38/><F65/><W123/><G123/><T35/><D35/><U10/><E10/><V115/><F11/><W62/><G62/><T27/><D13/><U100/><AGARI ba="1,1" hai="74,77,80,93,94,100,101,103" m="33835,51817" machi="100" ten="40,12000,2" yaku="20,1,34,2,52,3,54,1" doraHai="98" who="1" fromWho="1" sc="270,-31,300,133,217,-31,203,-61" /><INIT seed="4,0,0,2,1,2" ten="239,433,186,142" oya="0" hai0="104,42,24,92,39,109,57,111,116,11,65,1,127" hai1="114,86,100,119,98,89,80,71,41,52,66,132,88" hai2="56,73,37,124,7,43,107,126,102,67,76,69,38" hai3="16,110,85,75,15,77,81,47,120,72,54,64,74"/><T3/><D104/><U117/><E41/><V122/><F107/><W34/><G110/><N who="0" m="41995" /><D116/><U51/><E114/><V131/><F102/><W129/><G34/><T128/><D128/><U105/><E132/><V27/><F27/><W68/><G129/><T36/><D127/><U58/><REACH who="1" step="1"/><E89/><REACH who="1" ten="239,423,186,142" step="2"/><V94/><F131/><W130/><G130/><T50/><D42/><U26/><E26/><V112/><F43/><W134/><G134/><T133/><D133/><U108/><E108/><V63/><F112/><W115/><G115/><T45/><D24/><U5/><E5/><V118/><F7/><W49/><G120/><T29/><D36/><U23/><E23/><V22/><F38/><W113/><G113/><T101/><D39/><U0/><E0/><V96/><F22/><W40/><G40/><T31/><D1/><U61/><AGARI ba="0,1" hai="51,52,58,61,66,71,80,86,88,98,100,105,117,119" machi="61" ten="30,8000,1" yaku="1,1,0,1,54,2,53,1" doraHai="2" doraHaiUra="53" who="1" fromWho="1" sc="239,-40,423,90,186,-20,142,-20" /><INIT seed="5,0,0,3,4,42" ten="199,513,166,122" oya="1" hai0="108,23,75,93,122,120,71,72,17,69,39,22,84" hai1="61,95,65,58,125,74,11,50,64,1,36,33,46" hai2="130,135,38,134,7,56,99,20,104,127,21,90,57" hai3="15,129,83,67,126,47,63,96,107,94,62,45,41"/><U113/><E33/><V9/><F38/><W89/><G129/><T115/><D108/><U12/><E74/><N who="0" m="28201" /><D39/><U123/><E123/><N who="0" m="47145" /><D115/><U80/><E113/><V49/><F130/><W66/><G126/><T70/><D17/><U118/><E125/><V48/><F127/><W29/><G107/><T5/><D5/><U106/><E106/><V30/><F57/><W34/><G41/><T18/><D18/><U8/><E36/><V31/><F31/><W25/><G15/><T82/><D93/><U32/><E32/><V55/><F48/><W78/><G63/><T124/><D124/><U121/><E80/><V52/><F55/><W60/><G60/><T116/><D116/><U85/><E118/><V19/><F30/><W54/><G54/><T102/><D102/><U53/><E121/><V16/><F19/><W51/><G51/><T131/><D131/><U81/><E95/><N who="2" m="56823" /><F104/><W114/><G114/><T77/><AGARI ba="0,0" hai="22,23,69,70,71,77,82,84" m="47145,28201" machi="77" ten="40,1500,0" yaku="13,1" doraHai="42" who="0" fromWho="0" sc="199,15,513,-7,166,-4,122,-4" /><INIT seed="6,0,0,0,2,5" ten="214,506,162,118" oya="2" hai0="97,84,4,103,79,17,52,134,116,111,1,123,10" hai1="56,125,99,73,14,64,6,18,115,109,42,110,0" hai2="117,33,77,95,93,100,129,130,120,43,112,40,7" hai3="105,49,31,66,69,127,58,102,41,27,55,90,135"/><V65/><F120/><W126/><G135/><T51/><D111/><U36/><E73/><V29/><F117/><W106/><G90/><T59/><D134/><U16/><E0/><V80/><F65/><W119/><G119/><T67/><D123/><U57/><E6/><V85/><F112/><W63/><G41/><N who="2" m="15945" /><F100/><W128/><G128/><N who="2" m="49257" /><F7/><W9/><G9/><T87/><D116/><U44/><E115/><V71/><F71/><W61/><G61/><T24/><D79/><U74/><E42/><V37/><F37/><W98/><REACH who="3" step="1"/><G106/><REACH who="3" ten="214,506,162,108" step="2"/><T11/><D11/><N who="1" m="6239" /><E109/><V15/><F15/><W91/><G91/><T124/><D124/><U47/><E125/><V35/><F35/><AGARI ba="0,1" hai="27,31,35,49,55,58,63,66,69,98,102,105,126,127" machi="35" ten="40,8000,1" yaku="1,1,25,2,53,1" doraHai="5" doraHaiUra="60" who="3" fromWho="2" sc="214,0,506,0,162,-80,108,90" /><INIT seed="7,0,0,0,3,67" ten="214,506,82,198" oya="3" hai0="116,123,39,94,64,70,30,133,4,31,83,54,57" hai1="63,14,60,62,52,40,129,55,128,121,58,114,18" hai2="100,43,124,28,93,111,66,132,82,101,7,11,68" hai3="26,2,69,112,103,108,0,42,34,95,59,20,99"/><W120/><G120/><T17/><D39/><U78/><E121/><V86/><F111/><W105/><G108/><T119/><D4/><U98/><E40/><V10/><F124/><W56/><G34/><T6/><D6/><U41/><E41/><V48/><F132/><W19/><G112/><T75/><D123/><U21/><E114/><V8/><F28/><W84/><G69/><T23/><D94/><U51/><E78/><V24/><F24/><W130/><G130/><N who="1" m="50282" /><E98/><V32/><F32/><W81/><G105/><T22/><D83/><U33/><E33/><V72/><F72/><W113/><G113/><T65/><D22/><U89/><E89/><V73/><F73/><W80/><G80/><T117/><D75/><U131/><E131/><V118/><F118/><W44/><G2/><T110/><D110/><U9/><E9/><V115/><F115/><W125/><G0/><T91/><D91/><U79/><E79/><V127/><F127/><W27/><G27/><T5/><D5/><U88/><E88/><V53/><F43/><W61/><G61/><T97/><D97/><U16/><E18/><V45/><F7/><W134/><G134/><T38/><D38/><U12/><E12/><V109/><F109/><W71/><G125/><T96/><D96/><U46/><AGARI ba="0,0" hai="14,16,21,46,51,52,55,58,60,62,63" m="50282" machi="46" ten="30,4000,0" yaku="19,1,54,2" doraHai="67" who="1" fromWho="1" sc="214,-10,506,40,82,-10,198,-20" owari="204,0.0,546,65.0,72,-43.0,178,-22.0" /></mjloggm>