<mjloggm ver="2.3"><GO type="169" lobby="0"/><UN n0="%E3%81%9F%E3%82%93%E3%82%86%E3%81%86" n1="%E5%B0%B1%E6%B4%BB%E7%94%9F%40%E5%B7%9D%E6%9D%91%E8%BB%8D%E5%9B%A3" n2="%E3%82%AB%E3%83%A9%E3%82%B9%E3%81%AE%E5%AD%90" n3="%74%61%6B%65%2D%79%6F%75" dan="16,17,16,16" rate="2097.14,2171.68,2194.40,2136.76" sx="F,M,M,F"/><TAIKYOKU oya="0"/><INIT seed="0,0,0,4,1,55" ten="250,250,250,250" oya="0" hai0="35,20,76,51,74,103,7,122,126,73,15,133,39" hai1="86,18,32,79,107,42,94,19,44,75,4,29,114" hai2="48,68,121,43,61,9,95,67,46,45,72,111,92" hai3="91,52,36,13,109,21,131,124,97,99,128,123,41"/><T71/><D39/><U50/><E107/><V82/><F121/><W113/><G113/><T11/><D35/><U119/><E119/><V5/><F111/><W2/><G2/><T69/><D122/><U108/><E108/><V47/><F47/><N who="3" m="23975" /><G123/><T26/><D103/><U3/><E114/><V66/><F66/><W127/><G109/><T130/><D126/><N who="3" m="48169" /><G52/><T14/><D14/><U62/><E62/><V54/><F72/><W38/><G38/><T116/><D116/><U33/><E75/><V93/><F82/><W25/><G13/><T88/><D74/><U129/><E129/><N who="3" m="49738" /><G91/><T49/><D130/><U12/><E3/><V24/><F24/><W64/><G64/><T87/><D73/><U1/><E1/><V59/><F43/><W134/><G134/><T118/><D133/><U90/><E79/><V65/><F65/><W104/><G104/><T60/><D76/><U31/><E4/><V77/><F77/><W40/><G40/><T0/><D0/><U84/><E42/><V98/><F5/><W96/><G96/><T101/><D15/><U115/><E12/><V28/><F9/><W78/><G78/><T125/><D11/><U120/><E115/><V10/><F10/><W53/><G53/><T57/><D125/><U22/><E120/><V132/><F132/><W16/><AGARI ba="0,0" hai="16,21,25,97,99" m="49738,48169,23975" machi="16" ten="30,4000,0" yaku="18,1,19,1,54,1" doraHai="55" who="3" fromWho="3" sc="250,-20,250,-10,250,-10,250,40" /><INIT seed="1,0,0,2,5,100" ten="230,240,240,290" oya="1" hai0="36,80,41,78,61,108,44,72,63,112,131,52,71" hai1="57,25,46,9,29,31,101,17,4,67,59,60,3" hai2="7,97,66,89,37,102,12,134,8,118,116,5,32" hai3="87,109,6,58,48,53,51,122,49,119,13,83,16"/><U88/><E101/><V106/><F37/><W39/><G122/><T45/><D112/><U132/><E132/><V113/><F134/><W18/><G39/><T125/><D131/><U126/><E126/><V69/><F113/><W70/><G70/><T98/><D125/><U92/><E46/><V56/><F32/><W117/><G109/><T64/><D108/><U95/><E95/><V105/><F69/><W22/><G6/><T103/><D63/><U96/><E17/><V55/><F66/><W1/><G1/><T33/><D45/><U21/><E31/><V129/><F129/><W99/><G99/><T23/><D23/><U77/><E77/><V35/><F35/><W26/><G117/><T107/><D52/><U42/><E42/><V24/><F24/><W76/><REACH who="3" step="1"/><G119/><REACH who="3" ten="230,240,240,280" step="2"/><T115/><D115/><U81/><E81/><V133/><F5/><W120/><G120/><T65/><D65/><U28/><E28/><V114/><F118/><W40/><G40/><T123/><D33/><U47/><E47/><V34/><F34/><W38/><G38/><T128/><D128/><U62/><E62/><N who="2" m="36127" /><F116/><W30/><G30/><T0/><D123/><U14/><REACH who="1" step="1"/><E57/><REACH who="1" ten="230,230,240,280" step="2"/><V121/><F121/><W94/><G94/><T86/><D86/><U75/><E75/><V15/><F114/><W124/><G124/><T43/><D43/><U2/><AGARI ba="0,2" hai="2,3,4,9,14,21,25,29,59,60,67,88,92,96" machi="2" ten="30,11700,0" yaku="1,1,0,1,54,1,53,1" doraHai="100" doraHaiUra="85" who="1" fromWho="1" sc="230,-39,230,137,240,-39,280,-39" /><INIT seed="1,1,0,1,0,12" ten="191,367,201,241" oya="1" hai0="48,62,57,9,61,89,113,74,119,7,100,91,103" hai1="58,111,31,70,13,41,15,105,8,71,134,35,36" hai2="53,127,96,110,33,87,82,5,56,95,43,44,101" hai3="0,133,19,37,116,129,118,28,112,135,11,126,78"/><U10/><E105/><V99/><F33/><W65/><G65/><T50/><D74/><U26/><E134/><N who="3" m="51210" /><G37/><T39/><D39/><U27/><E111/><V125/><F110/><W77/><G112/><T67/><D113/><U63/><E41/><V3/><F99/><W115/><G115/><T104/><D119/><N who="3" m="45609" /><G126/><T52/><D104/><U93/><E93/><V84/><F5/><N who="3" m="1447" /><G28/><T122/><D50/><U81/><E36/><V106/><F127/><W124/><G124/><T98/><D62/><U18/><E81/><V73/><F125/><W59/><G59/><T120/><D98/><U97/><E97/><V46/><F96/><W72/><G72/><T117/><D117/><U16/><E27/><V86/><F82/><W75/><G75/><T6/><D100/><U1/><E1/><V131/><F3/><W4/><G4/><T114/><D103/><U76/><E76/><V66/><F101/><W34/><G34/><T21/><D7/><U68/><E68/><V109/><F73/><W54/><G54/><AGARI ba="1,0" hai="8,10,13,15,16,18,26,31,35,54,58,63,70,71" machi="54" ten="30,12000,1" yaku="7,1,9,1,52,2,54,1" doraHai="12" who="1" fromWho="3" sc="191,0,367,123,201,0,241,-123" /><INIT seed="1,2,0,5,3,110" ten="191,490,201,118" oya="1" hai0="101,83,64,0,74,121,34,23,75,11,73,116,19" hai1="95,103,18,57,28,134,10,133,68,94,3,43,4" hai2="97,30,115,35,105,111,5,49,104,117,9,45,118" hai3="25,40,32,62,15,27,54,125,127,46,102,131,51"/><U20/><E68/><V65/><F111/><W99/><G131/><T114/><D116/><U16/><E43/><V24/><F65/><W122/><G122/><T58/><D34/><U8/><E57/><V48/><F48/><W124/><G15/><T71/><D71/><U33/><E103/><V126/><F126/><W100/><G32/><T44/><D101/><U82/><E82/><V98/><F98/><W78/><G78/><T129/><D129/><U12/><E95/><V128/><F128/><W56/><REACH who="3" step="1"/><G100/><REACH who="3" ten="191,490,201,108" step="2"/><T85/><D121/><U66/><E33/><V17/><F35/><W59/><G59/><T92/><D0/><U88/><E66/><V50/><F118/><W109/><G109/><T60/><D44/><U91/><E91/><V93/><F45/><W123/><G123/><T36/><D58/><U132/><E132/><V96/><F117/><W67/><G67/><T107/><D64/><U87/><REACH who="1" step="1"/><E28/><REACH who="1" ten="191,480,201,108" step="2"/><V42/><F30/><W89/><G89/><T76/><D76/><U26/><AGARI ba="2,2" hai="3,4,8,10,12,16,18,20,26,87,88,94,133,134" machi="26" ten="30,18000,2" yaku="1,1,2,1,0,1,54,2,53,1" doraHai="110" doraHaiUra="21" who="1" fromWho="1" sc="191,-62,480,206,201,-62,108,-62" /><INIT seed="1,3,0,2,5,32" ten="129,686,139,46" oya="1" hai0="134,133,92,36,127,111,18,43,55,89,69,120,71" hai1="128,109,106,31,24,76,30,6,7,104,135,121,115" hai2="54,98,101,49,113,4,80,47,9,40,60,34,79" hai3="48,12,125,8,81,73,19,64,70,17,90,86,96"/><U13/><E121/><V59/><F34/><W88/><G125/><T44/><D127/><U84/><E115/><V83/><F113/><W66/><G73/><T77/><D77/><U10/><E128/><V105/><REACH who="2" step="1"/><F79/><REACH who="2" ten="129,686,129,46" step="2"/><W67/><G70/><T3/><D71/><U57/><E76/><V129/><F129/><W62/><G48/><T116/><D69/><U123/><E123/><V28/><F28/><W25/><G62/><T26/><D120/><U16/><E31/><V107/><F107/><W112/><G112/><T11/><D116/><U114/><E30/><V50/><F50/><W95/><REACH who="3" step="1"/><G25/><REACH who="3" ten="129,686,129,36" step="2"/><T33/><D26/><U117/><E24/><V56/><F56/><W58/><G58/><T46/><D44/><U5/><E57/><V38/><F38/><W118/><G118/><T15/><D46/><U93/><E117/><V102/><F102/><W122/><G122/><T94/><D36/><U61/><E114/><V132/><F132/><W68/><G68/><T42/><D133/><U37/><E135/><V63/><F63/><W45/><G45/><T29/><D134/><U78/><E61/><V131/><F131/><W2/><G2/><AGARI ba="3,2" hai="2,4,9,40,47,49,54,59,60,80,83,98,101,105" machi="2" ten="30,3900,0" yaku="1,1,7,1,52,1,53,0" doraHai="32" doraHaiUra="21" who="2" fromWho="3" sc="129,0,686,0,129,68,36,-48" owari="129,-27.0,686,78.0,197,0.0,-12,-51.0" /></mjloggm>