<mjloggm ver="2.3"><GO type="97" lobby="0"/><UN n0="%4B%6F%68%65%69" n1="%E5%B0%B1%E6%B4%BB%E7%94%9F%40%E5%B7%9D%E6%9D%91%E8%BB%8D%E5%9B%A3" n2="%6D%69%6E%6F%75%65" n3="%73%75%63%6B%65%72%32" dan="14,17,15,14" rate="1908.45,2160.17,1928.80,1902.57" sx="M,M,M,M"/><TAIKYOKU oya="0"/><INIT seed="0,0,0,2,2,14" ten="250,250,250,250" oya="0" hai0="83,13,106,11,7,117,15,79,47,53,67,77,0" hai1="87,93,28,128,69,36,133,111,29,66,85,101,19" hai2="125,61,118,17,4,12,80,124,45,50,30,90,70" hai3="20,32,57,18,112,94,46,39,56,48,131,31,92"/><T113/><D117/><U1/><E36/><V43/><F30/><N who="1" m="11881" /><E1/><V54/><F4/><W49/><G131/><T23/><D113/><U21/><E69/><V127/><F118/><W34/><G39/><T74/><D106/><U126/><E128/><V64/><F80/><W110/><G110/><T40/><D67/><U123/><E123/><V25/><F25/><W68/><G68/><T91/><D53/><U102/><E66/><V116/><F116/><W2/><G2/><T75/><D91/><N who="1" m="53487" /><E111/><V38/><F90/><W89/><G112/><T108/><D23/><U104/><E104/><V65/><F12/><N who="3" m="9287" /><G32/><T95/><D95/><N who="3" m="36393" /><G34/><T103/><D103/><U98/><E126/><V120/><F64/><W130/><G130/><T107/><D107/><U9/><E133/><V55/><F17/><W60/><G31/><T114/><D114/><U37/><E37/><V72/><F72/><W88/><G60/><T115/><D115/><U44/><E98/><V121/><F55/><N who="3" m="31847" /><G57/><AGARI ba="0,0" hai="38,43,45,50,54,57,61,65,70,120,121,124,125,127" machi="57" ten="40,12000,2" yaku="24,2,18,1,34,3" doraHai="14" who="2" fromWho="3" sc="250,0,250,0,250,120,250,-120" /><INIT seed="1,0,0,1,3,43" ten="250,250,370,130" oya="1" hai0="90,63,48,67,38,87,96,61,44,26,28,0,66" hai1="16,132,58,39,53,23,106,2,88,100,94,11,77" hai2="113,30,6,110,33,104,57,70,105,35,126,18,45" hai3="47,123,89,31,12,19,81,85,118,122,5,15,128"/><U116/><E39/><V17/><F110/><W109/><G118/><T32/><D0/><U20/><E116/><V27/><F6/><W34/><G109/><T119/><D119/><U129/><E129/><V124/><F70/><W73/><G128/><T130/><D130/><U98/><E132/><V102/><F35/><W127/><G73/><T1/><D1/><U29/><E77/><V82/><F82/><W93/><G127/><N who="2" m="48681" /><F113/><W97/><G5/><T68/><D96/><U25/><E2/><V83/><F83/><W13/><G19/><N who="2" m="7177" /><F102/><W52/><G34/><T64/><D38/><U117/><E11/><V95/><F95/><W108/><G31/><T107/><D107/><U49/><E117/><V91/><F91/><W112/><G112/><T4/><D4/><U50/><E106/><V21/><F21/><W84/><G108/><T86/><D68/><U79/><E79/><V115/><F115/><W65/><G65/><T59/><D59/><U37/><E37/><V42/><F57/><W76/><REACH who="3" step="1"/><G97/><REACH who="3" ten="250,250,370,120" step="2"/><T135/><D67/><U46/><E29/><V54/><F54/><W51/><AGARI ba="0,1" hai="12,13,15,47,51,52,76,81,84,85,89,93,122,123" machi="51" ten="30,8000,1" yaku="1,1,2,1,0,1,52,1,54,1,53,0" doraHai="43" doraHaiUra="101" who="3" fromWho="3" sc="250,-20,250,-40,370,-20,120,90" /><INIT seed="2,0,0,1,3,13" ten="230,210,350,210" oya="2" hai0="42,38,61,73,82,108,29,118,31,107,11,132,105" hai1="126,92,28,115,75,78,121,58,81,111,24,112,125" hai2="101,7,20,19,72,116,27,55,120,25,49,35,94" hai3="135,30,74,48,83,85,122,102,46,71,84,77,53"/><V18/><F116/><W87/><G122/><T52/><D108/><U86/><E111/><V51/><F120/><W16/><G71/><T26/><D118/><U69/><E69/><V106/><F106/><W8/><G135/><T95/><D132/><U93/><E58/><V3/><F72/><W67/><G67/><T64/><D11/><U65/><E65/><V97/><F35/><W10/><G102/><T66/><D95/><N who="1" m="36427" /><E121/><V45/><F51/><W34/><G34/><T21/><D31/><U14/><E14/><V90/><F3/><W59/><G30/><T17/><D29/><U134/><E24/><V109/><F109/><W119/><G119/><T63/><D63/><U70/><E70/><V130/><F130/><W100/><G100/><T79/><D66/><U57/><E57/><V32/><F32/><W88/><G59/><T23/><D64/><U33/><E28/><V104/><F7/><W113/><G113/><N who="1" m="43594" /><E33/><V128/><F128/><W4/><G4/><T44/><D61/><U96/><E96/><V2/><F2/><W37/><G37/><T62/><D62/><U36/><E36/><V114/><F114/><W99/><G10/><T40/><D40/><U9/><E9/><V0/><F0/><W12/><REACH who="3" step="1"/><G99/><REACH who="3" ten="230,210,350,200" step="2"/><T98/><D98/><U127/><E134/><V133/><F133/><W43/><G43/><T91/><D42/><U124/><E124/><V22/><F104/><W41/><G41/><T76/><D107/><U117/><E117/><V110/><F110/><W5/><G5/><T47/><D105/><U123/><E123/><V60/><F101/><RYUUKYOKU ba="0,1" sc="230,-30,210,10,350,10,200,10" hai1="75,78,81,86,125,126,127" hai2="18,19,20,22,25,27,45,49,55,60,90,94,97" hai3="8,12,16,46,48,53,74,77,83,84,85,87,88" /><INIT seed="2,1,1,1,5,51" ten="200,220,360,210" oya="2" hai0="81,72,80,24,50,120,93,100,112,117,61,4,131" hai1="70,26,132,58,54,118,42,86,29,1,62,106,115" hai2="129,125,95,126,103,46,64,44,84,18,10,116,68" hai3="124,30,25,6,119,57,92,75,11,130,85,96,78"/><V13/><F116/><W133/><G119/><T89/><D120/><U73/><E118/><V28/><F28/><W104/><G124/><N who="2" m="47721" /><F129/><W40/><G130/><T20/><D112/><U123/><E73/><V87/><F103/><W71/><G133/><T7/><D117/><U14/><E1/><V101/><F101/><W19/><G71/><T45/><D131/><U56/><E70/><V0/><F0/><W3/><G40/><T91/><D72/><U76/><E106/><V127/><N who="2" m="47729" /><V52/><DORA hai="48" /><F95/><W108/><G108/><T79/><D61/><U88/><E76/><V47/><F64/><W109/><G109/><T21/><D79/><U38/><E115/><V53/><F68/><W67/><G104/><T99/><D21/><U37/><E132/><V36/><F36/><W34/><G75/><T83/><D4/><U59/><E38/><V41/><F41/><W15/><G78/><T122/><D7/><U121/><E42/><V66/><F66/><W16/><G85/><AGARI ba="1,1" hai="10,13,18,44,46,47,52,53,84,85,87" m="47729" machi="85" ten="50,18000,2" yaku="18,1,52,4,54,1" doraHai="51,48" who="2" fromWho="3" sc="200,0,220,0,360,193,210,-183" /><INIT seed="2,2,0,1,2,61" ten="200,220,553,27" oya="2" hai0="124,22,135,69,36,3,122,101,102,16,96,43,64" hai1="51,70,71,134,74,39,38,60,25,131,89,13,133" hai2="45,85,100,97,44,49,7,56,41,11,33,125,29" hai3="26,67,34,105,24,31,8,35,120,17,47,65,12"/><V87/><F125/><W81/><G105/><T58/><D122/><U76/><E131/><V128/><F128/><W46/><G120/><T116/><D3/><U127/><E127/><V54/><F29/><W88/><G35/><T53/><D116/><U132/><E89/><V62/><F33/><W98/><G26/><T19/><D124/><U72/><E25/><V119/><F44/><W1/><G1/><T123/><D123/><U107/><E107/><V104/><REACH who="2" step="1"/><F119/><REACH who="2" ten="200,220,543,27" step="2"/><W95/><G47/><T79/><D135/><U84/><E132/><V90/><F90/><W15/><G46/><T63/><D79/><U28/><E28/><V115/><F115/><W2/><G2/><AGARI ba="2,1" hai="2,7,11,41,45,49,54,56,62,85,87,97,100,104" machi="2" ten="30,2900,0" yaku="1,1,7,1,53,0" doraHai="61" doraHaiUra="66" who="2" fromWho="3" sc="200,0,220,0,543,45,27,-35" owari="200,-20.0,220,2.0,588,69.0,-8,-51.0" /></mjloggm>