<mjloggm ver="2.3"><GO type="169" lobby="0"/><UN n0="%E9%9A%A0%E5%9C%B0%E5%89%8D" n1="%E2%80%A0%58%54%45%4E%44%E2%80%A0" n2="%E3%82%A6%E3%83%AB%E3%83%88%E3%83%A9%E7%AB%8B%E7%9B%B4" n3="%E3%82%A4%E3%82%AB%E5%A8%98" dan="16,16,18,16" rate="2118.66,2096.23,2199.96,2068.96" sx="M,F,M,M"/><TAIKYOKU oya="0"/><INIT seed="0,0,0,5,4,35" ten="250,250,250,250" oya="0" hai0="30,72,125,81,130,120,52,46,82,12,112,115,104" hai1="19,2,38,58,22,113,23,73,15,21,85,108,39" hai2="69,114,53,111,123,86,127,129,79,71,9,84,97" hai3="29,31,55,75,70,4,92,48,63,13,98,40,101"/><T126/><D120/><U3/><E73/><V8/><F97/><W116/><G75/><T135/><D30/><U131/><E108/><V118/><F53/><W87/><G116/><T49/><D135/><U99/><E131/><V91/><F91/><W25/><G87/><T89/><D130/><U1/><E113/><V77/><F129/><W44/><G70/><T124/><D104/><U6/><E6/><V27/><F27/><W96/><G96/><T7/><D7/><U59/><E99/><V41/><F41/><W51/><G63/><T50/><D12/><U10/><REACH who="1" step="1"/><E85/><REACH who="1" ten="250,240,250,250" step="2"/><V34/><F84/><W65/><G4/><T62/><D72/><U45/><E45/><V128/><F86/><W0/><G98/><T110/><D110/><U132/><E132/><V5/><F5/><W57/><G0/><T33/><D89/><U94/><E94/><V103/><F111/><W42/><G92/><T24/><D82/><U80/><E80/><V60/><F114/><N who="0" m="43562" /><D81/><U133/><E133/><V117/><F128/><W107/><G107/><T100/><D100/><U68/><E68/><V95/><F71/><W61/><G101/><T26/><D46/><U83/><E83/><V18/><F103/><W17/><G44/><T121/><D121/><U102/><E102/><V78/><F123/><W56/><G57/><AGARI ba="0,1" hai="1,2,3,10,15,19,21,22,23,38,39,57,58,59" machi="57" ten="50,8000,1" yaku="1,1,52,3,53,0" doraHai="35" doraHaiUra="119" who="1" fromWho="3" sc="250,0,240,90,250,0,250,-80" /><INIT seed="1,0,0,0,0,111" ten="250,330,250,170" oya="1" hai0="83,31,89,17,26,115,19,123,82,119,39,74,130" hai1="62,15,99,12,94,101,8,33,70,64,51,36,87" hai2="38,125,56,80,6,95,20,128,10,58,79,135,35" hai3="28,105,43,88,24,23,32,50,27,92,73,132,68"/><U114/><E36/><V77/><F35/><W97/><G68/><T110/><D123/><U47/><E33/><V40/><F79/><W91/><G73/><T124/><D110/><U96/><E114/><V103/><F125/><W85/><G132/><T25/><D115/><U1/><E87/><V66/><F66/><W126/><G126/><T16/><D119/><U72/><E72/><V57/><F128/><W112/><G112/><T52/><D124/><U67/><E67/><V127/><F135/><W133/><G133/><T134/><D39/><U37/><E37/><V0/><F20/><W49/><G43/><T104/><D104/><U54/><REACH who="1" step="1"/><E99/><REACH who="1" ten="250,320,250,170" step="2"/><V18/><F127/><W46/><G46/><T108/><D108/><U45/><E45/><N who="2" m="23703" /><F57/><W118/><G118/><T63/><D74/><U53/><E53/><V75/><F58/><W93/><REACH who="3" step="1"/><G105/><REACH who="3" ten="250,320,250,160" step="2"/><T100/><D134/><U81/><E81/><V48/><F56/><W55/><G55/><T41/><D83/><U11/><E11/><V102/><F10/><W131/><G131/><T9/><D130/><U7/><AGARI ba="0,2" hai="1,7,8,12,15,47,51,54,62,64,70,94,96,101" machi="7" ten="30,6000,0" yaku="1,1,0,1,53,1" doraHai="111" doraHaiUra="90" who="1" fromWho="1" sc="250,-20,320,80,250,-20,160,-20" /><INIT seed="1,1,0,4,5,75" ten="230,400,230,140" oya="1" hai0="110,10,4,97,94,63,7,114,83,58,34,38,32" hai1="14,91,108,61,122,57,84,13,72,21,88,93,70" hai2="67,1,48,12,112,15,17,9,76,39,96,54,26" hai3="103,49,95,127,66,40,79,22,86,115,105,134,33"/><U23/><E122/><V74/><F1/><W98/><G33/><T107/><D114/><U126/><E72/><V92/><F39/><W120/><G120/><T62/><D38/><U42/><E70/><V116/><F116/><W68/><G115/><T81/><D107/><U71/><E71/><V47/><F112/><W124/><G134/><T27/><D110/><U109/><E126/><V113/><F113/><W65/><G68/><T82/><D27/><U119/><E119/><V77/><F74/><W55/><G40/><T85/><D85/><N who="1" m="52367" /><E42/><V123/><F123/><W35/><G35/><T25/><D25/><U43/><E43/><V56/><F26/><W111/><G22/><N who="1" m="8202" /><E109/><V60/><F15/><W18/><G18/><T64/><D34/><U89/><E108/><V117/><F117/><W19/><G19/><T52/><D32/><U80/><E91/><AGARI ba="1,0" hai="9,12,17,47,48,54,56,60,67,76,77,91,92,96" machi="91" ten="30,7700,0" yaku="7,1,8,1,52,2" doraHai="75" who="2" fromWho="1" sc="230,0,400,-80,230,80,140,0" /><INIT seed="2,0,0,0,0,45" ten="230,320,310,140" oya="2" hai0="95,74,102,30,19,86,16,120,49,44,101,36,126" hai1="115,58,46,29,59,12,5,97,61,99,35,93,78" hai2="67,73,37,122,23,105,111,119,96,8,133,9,135" hai3="21,88,2,3,47,103,130,64,87,98,118,28,26"/><V18/><F73/><W62/><G118/><T0/><D74/><U91/><E115/><V55/><F37/><W43/><G130/><T109/><D0/><U124/><E124/><V112/><F67/><W77/><G77/><T131/><D36/><U110/><E110/><V127/><F112/><W39/><G98/><T116/><D120/><U75/><E58/><V84/><F119/><W82/><REACH who="3" step="1"/><G103/><REACH who="3" ten="230,320,310,130" step="2"/><N who="0" m="39435" /><D116/><U100/><E78/><V117/><F117/><W70/><AGARI ba="0,1" hai="2,3,21,26,28,39,43,47,62,64,70,82,87,88" machi="70" ten="20,8000,1" yaku="1,1,0,1,7,1,54,1,53,1" doraHai="45" doraHaiUra="24" who="3" fromWho="3" sc="230,-20,320,-20,310,-40,130,90" /><INIT seed="3,0,0,0,1,31" ten="210,300,270,220" oya="3" hai0="65,108,102,115,53,18,33,10,43,114,80,112,70" hai1="88,97,130,86,32,66,93,94,5,85,67,62,74" hai2="110,39,49,58,44,56,132,34,75,17,127,2,121" hai3="91,106,124,36,92,26,30,100,134,42,46,60,40"/><W133/><G124/><T38/><D108/><U76/><E130/><V77/><F77/><W27/><G42/><T117/><D117/><U78/><E74/><V0/><F17/><W63/><G100/><T54/><D102/><U9/><E32/><V131/><F49/><W104/><G63/><N who="0" m="40255" /><D80/><U69/><E67/><V68/><F56/><W50/><G60/><T111/><D111/><U118/><E118/><V105/><F58/><W98/><G36/><T125/><D33/><U109/><E109/><V123/><F44/><W37/><G37/><T6/><D18/><U73/><E86/><V28/><F28/><W55/><G40/><T120/><D120/><U35/><E35/><V72/><F72/><W45/><G45/><N who="0" m="23799" /><D125/><U57/><E73/><V82/><F82/><W59/><G46/><T29/><D29/><U25/><E25/><V126/><F123/><W4/><G4/><T61/><D61/><U3/><E69/><V21/><F21/><N who="3" m="15695" /><G27/><T12/><AGARI ba="0,0" hai="6,10,12,53,54,112,114,115" m="23799,40255" machi="12" ten="30,1100,0" yaku="11,1" doraHai="31" who="0" fromWho="0" sc="210,11,300,-3,270,-3,220,-5" /><INIT seed="4,0,0,4,3,66" ten="221,297,267,215" oya="0" hai0="104,32,35,30,70,10,27,0,95,7,76,6,93" hai1="18,38,4,14,8,40,99,78,64,11,51,126,85" hai2="9,36,111,23,45,96,59,33,127,42,1,98,84" hai3="16,68,3,44,133,119,125,117,34,31,89,22,82"/><T131/><D104/><U114/><E38/><V56/><F33/><W103/><G3/><T41/><D131/><U83/><E126/><V24/><F111/><W77/><G133/><T106/><D106/><U73/><E64/><V21/><F21/><W60/><G125/><T81/><D7/><U19/><E114/><V128/><F128/><W116/><G103/><T37/><D35/><U135/><E135/><V57/><F84/><W71/><G89/><T91/><D70/><U129/><E129/><V122/><F122/><W79/><G44/><N who="0" m="23599" /><D91/><U97/><E73/><AGARI ba="0,0" hai="0,6,10,27,30,32,73,76,81,93,95" m="23599" machi="73" ten="30,1500,0" yaku="25,1" doraHai="66" who="0" fromWho="1" sc="221,15,297,-15,267,0,215,0" /><INIT seed="4,1,0,3,4,117" ten="236,282,267,215" oya="0" hai0="25,85,21,127,93,57,63,24,81,124,97,99,8" hai1="126,103,23,60,47,52,31,119,43,106,87,71,135" hai2="12,29,51,122,72,84,91,7,88,70,123,130,108" hai3="76,32,114,36,17,118,44,3,61,10,20,30,49"/><T80/><D8/><U64/><E119/><V105/><F70/><W37/><G114/><T113/><D113/><U4/><E126/><N who="0" m="48169" /><D85/><U33/><E135/><V68/><F68/><W132/><G132/><T41/><D41/><U120/><E120/><V35/><F105/><W1/><G118/><T78/><D78/><U131/><E131/><V125/><F72/><W89/><G76/><T73/><D73/><U109/><E109/><V56/><F125/><W19/><G61/><T90/><D99/><N who="1" m="61823" /><E23/><V0/><F0/><W58/><G3/><T86/><D86/><U53/><E4/><V111/><F130/><W50/><G20/><T82/><D21/><U112/><E87/><V74/><F74/><W22/><G22/><T16/><D16/><U18/><E18/><V77/><F12/><W116/><G17/><T75/><D75/><U48/><E112/><V102/><F7/><W83/><G19/><T95/><D93/><U38/><E38/><V39/><F39/><W59/><G36/><T128/><D128/><U26/><AGARI ba="1,0" hai="26,31,33,43,47,48,52,53,60,64,71" m="61823" machi="26" ten="30,2000,0" yaku="25,1,54,1" doraHai="117" who="1" fromWho="1" sc="236,-11,282,23,267,-6,215,-6" /><INIT seed="5,0,0,1,2,30" ten="225,305,261,209" oya="1" hai0="54,8,115,58,108,43,38,128,71,12,9,63,124" hai1="67,99,64,103,102,134,127,28,23,49,98,81,47" hai2="39,118,48,100,85,114,86,4,126,24,44,76,70" hai3="79,109,36,19,3,65,27,56,122,117,55,10,106"/><U77/><E127/><V90/><F70/><W68/><G122/><T130/><D124/><U20/><E134/><V123/><F39/><W119/><G109/><T59/><D108/><U1/><E1/><V16/><F118/><W6/><G106/><T125/><D125/><U75/><E67/><V62/><F123/><W82/><G36/><T0/><D0/><U83/><E64/><V52/><F4/><W35/><G65/><T121/><D71/><U13/><E83/><V74/><F74/><W42/><G42/><T113/><D121/><U96/><E13/><V69/><F100/><W2/><G68/><T5/><D43/><U18/><E28/><V29/><F114/><N who="0" m="43530" /><D9/><U133/><E133/><V111/><F111/><W135/><G135/><T101/><D101/><U22/><REACH who="1" step="1"/><E18/><REACH who="1" ten="225,295,261,209" step="2"/><V93/><F16/><W66/><G19/><T50/><D38/><U21/><N who="1" m="5120" /><DORA hai="60" /><U11/><E11/><V105/><F126/><W84/><G2/><T91/><D12/><U41/><AGARI ba="0,1" hai="41,47,49,75,77,81,96,98,99,102,103" m="5120" machi="41" ten="50,9600,0" yaku="1,1,0,1,53,1" doraHai="30,60" doraHaiUra="45,53" who="1" fromWho="1" sc="225,-32,295,106,261,-32,209,-32" /><INIT seed="5,1,0,4,3,105" ten="193,401,229,177" oya="1" hai0="131,94,64,17,107,56,6,88,126,87,7,93,125" hai1="102,46,74,124,52,83,106,36,61,116,47,85,119" hai2="13,58,104,81,91,3,130,53,129,51,80,84,67" hai3="98,33,1,86,108,71,0,14,15,10,2,96,8"/><U39/><E74/><V27/><F3/><W41/><G71/><T20/><D107/><U73/><E73/><V123/><F104/><W97/><G108/><T113/><D131/><U44/><E124/><V117/><F117/><W40/><G86/><T103/><D113/><U11/><E102/><V111/><F111/><W42/><REACH who="3" step="1"/><G33/><REACH who="3" ten="193,401,229,167" step="2"/><T112/><D112/><U109/><E85/><V122/><F84/><W114/><G114/><T49/><D126/><U127/><E109/><V34/><F34/><W43/><N who="3" m="10240" /><DORA hai="132" /><W89/><G89/><T12/><D125/><U38/><E127/><V69/><F91/><W29/><G29/><T63/><REACH who="0" step="1"/><D49/><REACH who="0" ten="183,401,229,167" step="2"/><U66/><E38/><V37/><F51/><W22/><G22/><T120/><D120/><U78/><E36/><V62/><F37/><W60/><G60/><T99/><AGARI ba="1,2" hai="6,7,12,17,20,56,63,64,87,88,93,94,99,103" machi="99" ten="30,7900,0" yaku="1,1,0,1,8,1,54,1,53,0" doraHai="105,132" doraHaiUra="48,25" who="0" fromWho="0" sc="183,102,401,-40,229,-21,167,-21" /><INIT seed="6,0,0,0,0,35" ten="285,361,208,146" oya="2" hai0="43,3,75,32,15,61,47,82,4,107,133,41,11" hai1="39,85,71,7,124,22,127,103,58,84,40,50,45" hai2="46,104,55,81,42,112,132,34,101,51,95,30,129" hai3="90,64,29,102,77,14,86,21,66,68,12,98,119"/><V106/><F112/><W73/><G119/><T18/><D133/><U6/><E71/><V76/><F132/><W83/><G29/><T1/><D107/><U99/><E22/><V97/><F129/><W33/><G33/><T116/><D116/><U48/><E6/><V131/><F131/><W120/><G120/><T111/><D111/><U100/><E7/><V109/><F109/><W53/><G53/><T59/><D32/><U2/><E2/><V117/><F117/><W128/><G128/><T96/><D43/><U94/><E103/><V57/><F30/><W121/><G121/><T79/><D96/><U134/><E134/><V44/><F44/><W65/><G68/><T135/><D4/><U130/><E130/><V23/><F23/><W54/><G54/><T8/><D8/><U91/><E58/><V113/><F113/><W0/><G0/><T13/><D13/><U78/><E78/><V108/><F108/><W88/><G21/><T72/><D72/><U74/><E74/><V25/><F25/><W93/><REACH who="3" step="1"/><G90/><REACH who="3" ten="285,361,208,136" step="2"/><T105/><D135/><U80/><E127/><V5/><F34/><W49/><G49/><T17/><D3/><U69/><E69/><V62/><F5/><W20/><G20/><T126/><D1/><U38/><E124/><V63/><F63/><W60/><G60/><T122/><D126/><U114/><E48/><V125/><F125/><W70/><G70/><T26/><D122/><U28/><E28/><V67/><F55/><W10/><G10/><T16/><D11/><U87/><E114/><V89/><F89/><W110/><G110/><RYUUKYOKU ba="0,1" sc="285,-30,361,10,208,10,136,10" hai1="38,39,40,45,50,80,84,85,87,91,94,99,100" hai2="42,46,51,57,62,67,76,81,95,97,101,104,106" hai3="12,14,64,65,66,73,77,83,86,88,93,98,102" /><INIT seed="6,1,1,4,2,110" ten="255,371,218,146" oya="2" hai0="71,128,84,60,23,56,16,13,131,12,46,127,33" hai1="44,39,106,88,80,121,102,92,11,94,66,17,122" hai2="69,2,6,76,130,93,68,15,61,70,123,4,81" hai3="47,79,90,29,101,72,38,3,126,48,50,87,31"/><V43/><F123/><N who="1" m="47113" /><E66/><V116/><F116/><W107/><G126/><T28/><D127/><U26/><E106/><V25/><F2/><W119/><G119/><T59/><D71/><U32/><E102/><V73/><F130/><N who="0" m="49706" /><D46/><U135/><E135/><V65/><F43/><W75/><G3/><T129/><N who="0" m="49714" /><T1/><DORA hai="89" /><D1/><U100/><E100/><V9/><F4/><W42/><G38/><T117/><D117/><U98/><E80/><V64/><F64/><W132/><G132/><T19/><D84/><U37/><E44/><V83/><F83/><W10/><G10/><N who="0" m="6167" /><D60/><U0/><E0/><V111/><F111/><W45/><G101/><T77/><D77/><U124/><E124/><V24/><F70/><W97/><G97/><T99/><D99/><U85/><E39/><V86/><F69/><W21/><G107/><T49/><D49/><U14/><E98/><V41/><F41/><W30/><G21/><T20/><D23/><U91/><E37/><V105/><F105/><W8/><G8/><T54/><D54/><U51/><E51/><V40/><F40/><W134/><G79/><T22/><D20/><U55/><E55/><V18/><F6/><W125/><G125/><T109/><D109/><U57/><E57/><V27/><F73/><W108/><G108/><T62/><D62/><U5/><E85/><V82/><F76/><W104/><G104/><T7/><D7/><U58/><E58/><V74/><F74/><W112/><G134/><T95/><D95/><N who="1" m="36395" /><E5/><V120/><F120/><W133/><G133/><T53/><D53/><U113/><E91/><AGARI ba="1,1" hai="9,15,18,24,25,27,61,65,68,81,82,86,91,93" machi="91" ten="40,3900,0" yaku="6,1,52,1" doraHai="110,89" who="2" fromWho="1" sc="255,0,371,-42,218,52,146,0" /><INIT seed="6,2,0,4,2,45" ten="255,329,270,146" oya="2" hai0="94,64,121,10,91,17,108,85,21,54,29,109,107" hai1="1,22,25,66,73,83,48,30,5,118,32,31,126" hai2="111,43,52,123,87,127,102,55,26,116,95,51,104" hai3="76,19,68,92,132,70,69,57,42,88,65,77,35"/><V93/><F123/><W46/><G35/><T9/><D121/><U106/><E106/><V0/><F0/><W37/><G132/><T6/><D107/><U98/><E118/><V90/><F104/><W100/><G100/><T101/><D101/><U53/><E126/><V112/><F116/><W119/><G119/><T56/><D64/><U18/><E66/><V131/><F112/><W49/><G19/><T130/><D130/><U105/><E32/><V114/><F114/><W71/><N who="3" m="17408" /><DORA hai="34" /><W27/><G27/><T4/><D29/><U97/><E105/><V7/><F7/><N who="0" m="2602" /><D109/><U11/><E31/><V84/><F127/><W62/><REACH who="3" step="1"/><G37/><REACH who="3" ten="255,329,270,136" step="2"/><T63/><D108/><U113/><E18/><V40/><F26/><AGARI ba="2,1" hai="9,10,17,21,26,54,56,63,85,91,94" m="2602" machi="26" ten="30,1000,0" yaku="8,1" doraHai="45,34" who="0" fromWho="2" sc="255,26,329,0,270,-16,136,0" /><INIT seed="7,0,0,1,2,37" ten="281,329,254,136" oya="3" hai0="33,134,67,116,97,129,125,130,76,49,17,9,70" hai1="26,2,39,78,124,43,83,102,59,79,117,90,66" hai2="1,98,51,128,95,88,101,41,25,111,19,121,89" hai3="135,57,113,46,80,64,114,132,123,87,12,47,5"/><W69/><G69/><T52/><D116/><U23/><E2/><V63/><F1/><W4/><G123/><T99/><D33/><U103/><E117/><V58/><F111/><W108/><G108/><T86/><D76/><N who="1" m="29227" /><E43/><V42/><F121/><W53/><G64/><T10/><D86/><N who="1" m="50527" /><E39/><V35/><F35/><W15/><G80/><T71/><D125/><U11/><E11/><N who="0" m="4105" /><D17/><N who="1" m="12655" /><E124/><V105/><F105/><W29/><G29/><T40/><D134/><N who="3" m="51241" /><G87/><T60/><D71/><U62/><AGARI ba="0,0" hai="59,62,66,102,103" m="12655,50527,29227" machi="62" ten="30,1100,0" yaku="8,1" doraHai="37" who="1" fromWho="1" sc="281,-3,329,11,254,-3,136,-5" owari="278,8.0,340,44.0,251,-15.0,131,-37.0" /></mjloggm>