<mjloggm ver="2.3"><GO type="233" lobby="0"/><UN n0="%E3%81%8A%E7%9F%A5%E3%82%89%E3%81%9B" n1="%E3%82%A6%E3%83%AB%E3%83%88%E3%83%A9%E7%AB%8B%E7%9B%B4" n2="%E5%B0%8F%E9%98%AA%E3%81%A1%E3%81%B2%E3%82%8D" n3="%E3%81%BF%E3%81%BF%E3%81%9A" dan="17,17,16,16" rate="2117.66,2200.82,2154.67,2139.17" sx="M,M,F,M"/><TAIKYOKU oya="0"/><INIT seed="0,0,0,0,0,32" ten="250,250,250,250" oya="0" hai0="120,22,129,79,47,96,87,63,121,125,134,34,24" hai1="67,123,108,42,31,23,89,127,43,115,122,10,64" hai2="56,91,112,84,48,75,36,53,1,118,51,99,7" hai3="49,30,52,92,60,133,111,104,35,135,19,116,83"/><T93/><D125/><U95/><E127/><V131/><F112/><W80/><G104/><T98/><D34/><U45/><E115/><V105/><F75/><W101/><G116/><T72/><D72/><U40/><E108/><V55/><F36/><W73/><G111/><T33/><D33/><U4/><E45/><V70/><F70/><W2/><G60/><T20/><D134/><N who="3" m="51209" /><G73/><T25/><D129/><U82/><E82/><V0/><F7/><W90/><G101/><T11/><D47/><U27/><E123/><V16/><F131/><W5/><G19/><T124/><D124/><U3/><REACH who="1" step="1"/><E122/><REACH who="1" ten="250,240,250,250" step="2"/><V37/><F118/><W86/><G83/><T74/><D121/><U85/><AGARI ba="0,1" hai="3,4,10,23,27,31,40,42,43,64,67,85,89,95" machi="85" ten="30,7900,0" yaku="1,1,2,1,0,1,52,1,53,0" doraHai="32" doraHaiUra="119" who="1" fromWho="1" sc="250,-39,240,89,250,-20,250,-20" /><INIT seed="1,0,0,0,5,30" ten="211,329,230,230" oya="1" hai0="32,18,28,29,13,23,95,86,92,96,83,67,24" hai1="12,10,44,128,48,118,121,102,0,56,21,117,57" hai2="5,6,37,19,135,100,131,77,116,87,133,42,46" hai3="129,75,115,35,80,54,107,120,52,31,34,125,2"/><U64/><E121/><V25/><F116/><W9/><G120/><T71/><D71/><U76/><E128/><V110/><F110/><W105/><G115/><T134/><D134/><N who="2" m="51210" /><F131/><W41/><G129/><T94/><D67/><U3/><E102/><V106/><F106/><W62/><G54/><T89/><REACH who="0" step="1"/><D28/><REACH who="0" ten="201,329,230,230" step="2"/><U66/><E64/><V81/><F100/><AGARI ba="0,1" hai="13,18,23,24,29,32,83,86,89,92,94,95,96,100" machi="100" ten="30,7700,0" yaku="1,1,2,1,7,1,52,1,53,0" doraHai="30" doraHaiUra="39" who="0" fromWho="2" sc="201,87,329,0,230,-77,230,0" /><INIT seed="2,0,0,2,3,17" ten="288,329,153,230" oya="2" hai0="61,56,122,103,6,79,104,132,120,30,50,55,127" hai1="80,28,39,21,110,107,126,54,52,9,29,125,20" hai2="31,65,84,44,27,91,77,83,102,99,37,133,81" hai3="53,59,60,73,47,42,74,4,22,64,49,24,90"/><V57/><F133/><W82/><G4/><T108/><D132/><U18/><E107/><V97/><F37/><W25/><G25/><T134/><D134/><U115/><E39/><V96/><F44/><W40/><G74/><T69/><D79/><U66/><E66/><V5/><F5/><W10/><G10/><T63/><D127/><N who="1" m="48651" /><E110/><V89/><F102/><W11/><G11/><T8/><D108/><U46/><E115/><V3/><F3/><W45/><G73/><T86/><D30/><N who="1" m="11883" /><E80/><V13/><F13/><W117/><G117/><T38/><D38/><U7/><E18/><V85/><F65/><W76/><G76/><T92/><D104/><U123/><E123/><V135/><F57/><W33/><G33/><T94/><D69/><U128/><E128/><V32/><REACH who="2" step="1"/><F135/><REACH who="2" ten="288,329,143,230" step="2"/><W19/><G45/><T67/><D56/><U1/><E54/><V87/><F87/><AGARI ba="0,1" hai="19,22,24,40,42,47,49,53,59,60,64,82,87,90" machi="87" ten="40,2600,0" yaku="8,1,52,1" doraHai="17" who="3" fromWho="2" sc="288,0,329,0,143,-26,230,36" /><INIT seed="3,0,0,1,3,30" ten="288,329,117,266" oya="3" hai0="46,129,91,89,86,112,80,17,36,3,100,82,23" hai1="73,45,29,40,55,47,108,21,11,41,113,106,121" hai2="103,90,18,35,32,38,94,62,92,33,37,76,25" hai3="68,66,75,87,34,105,120,72,96,22,48,8,14"/><W78/><G120/><T50/><D129/><U4/><E106/><V69/><F76/><W44/><G22/><T102/><D112/><U51/><E73/><V128/><F128/><W93/><G105/><T135/><D36/><U127/><E113/><V65/><F103/><W81/><G66/><T125/><D3/><U118/><E121/><V74/><F74/><W24/><G68/><T119/><D119/><U64/><E64/><V7/><F7/><N who="3" m="3359" /><G24/><T134/><D125/><U43/><E127/><V109/><F109/><W27/><G27/><T110/><D110/><U126/><E108/><V2/><F2/><W124/><G34/><T26/><D135/><U28/><E126/><V31/><F18/><W61/><G61/><T70/><D70/><U130/><E130/><V83/><F83/><W132/><G132/><T116/><D116/><U52/><E21/><V16/><F92/><W85/><G72/><T133/><D133/><U0/><E118/><V13/><F25/><W117/><G75/><T95/><D134/><U19/><E19/><V111/><F31/><W9/><G124/><T1/><D1/><U53/><REACH who="1" step="1"/><E41/><REACH who="1" ten="288,319,117,266" step="2"/><V63/><F111/><W84/><G117/><T104/><D104/><U97/><E97/><V58/><F16/><W77/><G9/><T88/><D17/><U12/><E12/><V122/><F13/><W10/><G10/><T59/><D23/><U20/><E20/><V42/><F42/><N who="3" m="24599" /><G77/><T67/><D26/><U114/><E114/><V99/><REACH who="2" step="1"/><F122/><REACH who="2" ten="288,319,107,266" step="2"/><W5/><G5/><T115/><D115/><U101/><E101/><AGARI ba="0,2" hai="78,81,84,85,87,93,96,101" m="24599,3359" machi="101" ten="30,2900,0" yaku="25,1,8,1" doraHai="30" who="3" fromWho="1" sc="288,0,319,-29,107,0,266,49" /><INIT seed="3,1,0,5,1,55" ten="288,290,107,315" oya="3" hai0="79,68,26,101,135,10,112,19,119,133,11,44,45" hai1="64,12,80,47,18,53,109,7,92,86,100,123,4" hai2="5,118,61,97,70,24,128,75,17,22,69,105,60" hai3="74,132,72,124,58,131,40,95,117,42,63,126,108"/><W31/><G117/><T57/><D68/><U36/><E64/><V125/><F118/><W110/><G31/><T77/><D119/><U23/><E109/><N who="3" m="42090" /><G132/><T65/><D101/><U34/><E34/><V107/><F75/><N who="3" m="28715" /><G131/><T29/><D112/><U49/><E36/><V91/><F128/><W54/><G95/><T20/><D45/><U90/><E123/><V41/><F41/><AGARI ba="1,0" hai="40,41,42,54,58,63,124,126" m="28715,42090" machi="41" ten="40,7700,0" yaku="14,1,10,1,52,1" doraHai="55" who="3" fromWho="2" sc="288,0,290,0,107,-80,315,80" /><INIT seed="3,2,0,5,2,110" ten="288,290,27,395" oya="3" hai0="45,124,96,70,9,22,5,93,21,105,44,48,10" hai1="59,84,69,41,40,39,109,13,52,73,35,107,79" hai2="74,125,90,7,0,16,108,38,129,83,71,99,116" hai3="112,33,85,111,42,31,117,25,101,76,113,64,17"/><W134/><G117/><T19/><D70/><U65/><E107/><V46/><F116/><W51/><G64/><T15/><D105/><U37/><E35/><V87/><F71/><W106/><G17/><T1/><D124/><U80/><E109/><V23/><F108/><W128/><G111/><T62/><D62/><U29/><E29/><V123/><F125/><W11/><G11/><T54/><REACH who="0" step="1"/><D45/><REACH who="0" ten="278,290,27,395" step="2"/><U32/><E69/><V95/><F129/><W58/><G128/><T102/><AGARI ba="2,1" hai="1,5,9,10,15,19,21,22,44,48,54,93,96,102" machi="102" ten="20,8000,1" yaku="1,1,2,1,0,1,7,1,53,1" doraHai="110" doraHaiUra="92" who="0" fromWho="0" sc="278,96,290,-22,27,-22,395,-42" /><INIT seed="4,0,0,0,4,43" ten="374,268,5,353" oya="0" hai0="92,91,55,53,14,98,36,101,19,79,129,15,105" hai1="133,132,67,112,45,77,16,59,106,94,108,115,125" hai2="62,75,30,128,25,99,96,116,86,11,131,8,57" hai3="10,27,41,5,50,33,34,18,95,48,134,119,2"/><T111/><D36/><U102/><E106/><V69/><F75/><W47/><G119/><T13/><D129/><N who="2" m="49738" /><F69/><W103/><G134/><N who="1" m="51818" /><E77/><V80/><F116/><W104/><G104/><T35/><D35/><U63/><E108/><V17/><F17/><W70/><G70/><T81/><D111/><U31/><E31/><V61/><F96/><W24/><G24/><T85/><REACH who="0" step="1"/><D19/><REACH who="0" ten="364,268,5,353" step="2"/><U90/><E16/><V52/><F99/><AGARI ba="0,1" hai="13,14,15,53,55,79,81,85,91,92,98,99,101,105" machi="99" ten="40,3900,0" yaku="1,1,2,1,53,0" doraHai="43" doraHaiUra="29" who="0" fromWho="2" sc="364,49,268,0,5,-39,353,0" owari="413,51.0,268,-13.0,-34,-53.0,353,15.0" /></mjloggm>