<mjloggm ver="2.3"><GO type="225" lobby="0"/><UN n0="%E3%83%AA%E3%83%81%E3%83%A3%21%21" n1="%E3%81%BD%E3%83%BC%E3%82%93%64%65%E3%83%AA%E3%83%B3%E3%82%B0" n2="%E3%82%A6%E3%83%AB%E3%83%88%E3%83%A9%E7%AB%8B%E7%9B%B4" n3="%E3%81%BF%E3%81%BF%E3%81%9A" dan="17,16,17,17" rate="2099.19,2132.80,2182.87,2234.85" sx="M,M,M,M"/><TAIKYOKU oya="0"/><INIT seed="0,0,0,3,1,17" ten="250,250,250,250" oya="0" hai0="122,26,8,65,109,102,16,124,76,113,25,86,36" hai1="120,91,118,77,34,23,125,19,87,7,31,55,24" hai2="41,95,74,52,93,81,71,115,33,11,13,58,42" hai3="37,132,44,116,53,103,0,114,128,46,83,121,133"/><T88/><D36/><U43/><E120/><V28/><F71/><W94/><G0/><T75/><D122/><U38/><E118/><V79/><F115/><W61/><G114/><T70/><D113/><U5/><E125/><V98/><F28/><W110/><G121/><T112/><D112/><U9/><E77/><V80/><F80/><W35/><G35/><T82/><D124/><U40/><E55/><V15/><F33/><W27/><G116/><T57/><D70/><U20/><E38/><V134/><F134/><W123/><G123/><T67/><D102/><U12/><E7/><V84/><F74/><W104/><G104/><T119/><D119/><U4/><E4/><N who="2" m="3303" /><F15/><W92/><G128/><T72/><D72/><U108/><E108/><V56/><F56/><W100/><G37/><T105/><D105/><U10/><E10/><V66/><F66/><N who="0" m="25098" /><D57/><U107/><E107/><V64/><F64/><W117/><G117/><T1/><D1/><U99/><E99/><V126/><F126/><W6/><G133/><T78/><D75/><U14/><REACH who="1" step="1"/><E34/><REACH who="1" ten="250,240,250,250" step="2"/><V32/><F32/><W131/><G110/><T59/><D109/><U45/><E45/><V73/><F73/><W49/><G132/><T90/><D78/><U101/><E101/><V69/><F69/><W97/><G103/><T130/><D130/><U106/><E106/><V135/><F135/><W29/><G100/><T48/><D76/><U21/><E21/><V22/><F22/><W47/><G131/><T54/><D90/><U85/><E85/><V68/><F68/><W111/><G111/><T51/><D51/><RYUUKYOKU ba="0,1" sc="250,15,240,15,250,-15,250,-15" hai0="8,16,25,26,48,54,59,82,86,88" hai1="5,9,12,14,19,20,23,24,31,40,43,87,91" /><INIT seed="0,1,1,1,3,6" ten="265,255,235,235" oya="0" hai0="42,3,64,49,26,66,7,34,69,130,31,100,57" hai1="121,70,8,111,33,17,62,104,85,51,25,120,80" hai2="15,119,4,132,73,54,89,1,106,87,67,61,133" hai3="117,44,91,98,22,86,125,16,77,19,97,46,72"/><T2/><D130/><U32/><E104/><V13/><F73/><W74/><G117/><T88/><D100/><U93/><E93/><V114/><F106/><W79/><G125/><T107/><D107/><U35/><E51/><V134/><F114/><W60/><G60/><T131/><D131/><U48/><E48/><V105/><F105/><W102/><G102/><T108/><D69/><U0/><E62/><V99/><F99/><N who="3" m="37899" /><G74/><T50/><D108/><U116/><E70/><N who="2" m="42351" /><F54/><W101/><G72/><T14/><D50/><U38/><E38/><V126/><F126/><W128/><G128/><T112/><D112/><U47/><E47/><N who="3" m="17962" /><G101/><T12/><D2/><U124/><E124/><V59/><F59/><W53/><G53/><T11/><D42/><U36/><E36/><V129/><F129/><W18/><G22/><T96/><D49/><U122/><E111/><V29/><F119/><W20/><G20/><T37/><D37/><U28/><E116/><V76/><F76/><W109/><G109/><T92/><REACH who="0" step="1"/><D66/><REACH who="0" ten="255,255,235,235" step="2"/><U68/><E68/><V118/><F118/><W40/><G40/><T41/><D41/><U27/><E0/><V10/><F29/><W94/><AGARI ba="1,2" hai="16,18,19,77,79,86,91,94" m="17962,37899" machi="94" ten="30,2000,0" yaku="8,1,54,1" doraHai="6" who="3" fromWho="3" sc="255,-11,255,-6,235,-6,235,43" /><INIT seed="1,0,0,2,5,100" ten="244,249,229,278" oya="1" hai0="70,112,52,48,63,33,61,34,102,67,59,95,0" hai1="72,131,109,111,47,14,80,97,51,76,4,119,10" hai2="15,78,91,103,62,56,65,22,12,110,120,8,129" hai3="57,41,133,6,20,1,83,37,77,27,123,85,29"/><U49/><E119/><V40/><F120/><W115/><G123/><T118/><D118/><U43/><E131/><V75/><F129/><W84/><G115/><T135/><D112/><U88/><REACH who="1" step="1"/><E51/><REACH who="1" ten="244,239,229,278" step="2"/><V126/><F126/><W36/><G36/><T90/><D135/><U60/><E60/><V66/><F62/><W121/><G133/><T18/><D63/><U99/><E99/><V68/><F110/><W128/><G128/><T32/><D61/><U92/><AGARI ba="0,1" hai="4,10,14,43,47,49,72,76,80,88,92,97,109,111" machi="92" ten="30,6000,0" yaku="1,1,0,1,54,1,53,0" doraHai="100" doraHaiUra="24" who="1" fromWho="1" sc="244,-20,239,70,229,-20,278,-20" /><INIT seed="1,1,0,5,3,133" ten="224,309,209,258" oya="1" hai0="121,50,53,13,6,65,47,73,90,119,100,104,95" hai1="70,125,38,12,89,102,33,63,111,17,30,44,82" hai2="36,75,81,112,106,2,105,123,59,130,54,72,7" hai3="31,5,87,129,132,97,93,71,83,135,41,49,101"/><U127/><E102/><V126/><F123/><W45/><G71/><T66/><D119/><U0/><E0/><V116/><F116/><W51/><G31/><T69/><D121/><U1/><E1/><V40/><F59/><W52/><G5/><T62/><D73/><U34/><E111/><V3/><F54/><W96/><G96/><T84/><D66/><U113/><E113/><V117/><F117/><W108/><G108/><T85/><D104/><N who="2" m="40042" /><F112/><W120/><G129/><T10/><REACH who="0" step="1"/><D100/><REACH who="0" ten="214,309,209,258" step="2"/><U64/><E64/><V110/><F110/><W80/><G120/><T15/><D15/><U37/><E12/><V14/><F14/><W23/><G135/><T91/><D91/><U92/><E89/><V74/><F130/><W77/><G132/><T115/><D115/><U107/><E70/><V16/><F2/><W98/><G101/><T134/><D134/><U42/><E107/><V99/><F74/><W39/><G77/><T88/><D88/><U22/><E37/><V114/><F114/><W26/><G39/><T35/><D35/><U124/><E34/><V61/><F36/><W32/><G32/><T131/><D131/><U28/><E33/><V58/><F3/><W48/><G83/><T24/><D24/><N who="1" m="14415" /><E82/><V18/><F81/><W94/><G80/><T46/><D46/><U60/><E92/><V8/><F75/><W67/><G67/><T43/><D43/><U9/><E38/><V21/><F40/><W55/><G41/><T29/><D29/><N who="1" m="11371" /><E42/><V118/><F72/><W11/><G94/><T19/><D19/><U20/><E44/><V68/><F118/><RYUUKYOKU ba="1,1" sc="214,30,309,-10,209,-10,258,-10" hai0="6,10,13,47,50,53,62,65,69,84,85,90,95" /><INIT seed="2,2,1,3,0,111" ten="244,299,199,248" oya="2" hai0="43,61,86,13,18,63,16,122,48,100,133,87,9" hai1="22,88,53,109,112,17,69,54,30,74,91,44,127" hai2="70,12,115,81,35,95,46,71,120,89,34,47,10" hai3="93,135,85,128,14,51,68,20,132,52,75,33,114"/><V58/><F120/><W65/><G75/><T42/><D122/><U6/><E109/><V102/><F115/><W92/><G33/><T0/><D0/><U131/><E112/><V108/><F108/><W60/><G114/><T4/><D100/><U124/><E69/><V31/><F71/><W130/><G20/><T15/><D48/><U123/><E123/><V37/><F70/><W55/><G14/><T57/><D4/><U27/><E74/><V2/><F2/><W97/><G85/><N who="0" m="32267" /><D133/><N who="3" m="51273" /><G93/><T72/><D72/><U3/><E131/><N who="3" m="50218" /><G51/><T78/><D78/><U19/><E6/><V119/><F119/><W90/><AGARI ba="2,1" hai="52,55,60,65,68,90,92,97" m="50218,51273" machi="90" ten="30,4000,0" yaku="20,1,19,1,54,1" doraHai="111" who="3" fromWho="3" sc="244,-12,299,-12,199,-22,248,56" /><INIT seed="3,0,0,2,0,30" ten="232,287,177,304" oya="3" hai0="48,54,0,57,82,133,46,65,121,91,114,124,27" hai1="120,81,97,103,50,94,119,47,135,39,131,123,44" hai2="129,107,13,53,93,73,19,85,8,100,22,71,90" hai3="109,111,132,33,72,118,104,130,112,17,89,98,115"/><W15/><G118/><T126/><D0/><U80/><E119/><V23/><F129/><W67/><G33/><T99/><D27/><U64/><E131/><V29/><F71/><W102/><G130/><T60/><D82/><U36/><E135/><V86/><F73/><W68/><G132/><T95/><D133/><U134/><E134/><V106/><F106/><W21/><G72/><T101/><D121/><U61/><E39/><V78/><F107/><W32/><G32/><T116/><D116/><U12/><E36/><V49/><F100/><W83/><G89/><T110/><D110/><N who="3" m="41993" /><G83/><T35/><D114/><U31/><E31/><V63/><F63/><AGARI ba="0,0" hai="15,17,21,63,67,68,98,102,104,112,115" m="41993" machi="63" ten="30,2900,0" yaku="14,1,10,1" doraHai="30" who="3" fromWho="2" sc="232,0,287,0,177,-29,304,29" owari="232,-17.0,287,9.0,148,-35.0,333,43.0" /></mjloggm>