<mjloggm ver="2.3"><GO type="41" lobby="0"/><UN n0="%E3%83%9E%E3%83%BC%E3%82%AF%58" n1="%E5%B0%B1%E6%B4%BB%E7%94%9F%40%E5%B7%9D%E6%9D%91%E8%BB%8D%E5%9B%A3" n2="%E5%85%A5%E5%B7%A3%E8%92%94%E8%8F%9C" n3="%E3%81%BD%E3%82%93%E5%A4%A7%E7%94%9F" dan="15,17,15,13" rate="1995.72,2162.06,1996.04,1885.23" sx="M,M,F,M"/><TAIKYOKU oya="0"/><INIT seed="0,0,0,2,3,0" ten="250,250,250,250" oya="0" hai0="119,70,24,92,85,44,95,127,30,116,114,14,39" hai1="111,7,124,110,33,13,112,100,68,94,45,123,5" hai2="48,88,69,28,98,101,128,117,121,9,108,51,97" hai3="25,134,59,49,3,53,46,10,26,105,118,122,120"/><T38/><D70/><U35/><E123/><V31/><F121/><W130/><G118/><T82/><D44/><U115/><E68/><V37/><F37/><W20/><G134/><T55/><D55/><U27/><E124/><V76/><F69/><W17/><G130/><T2/><D2/><U62/><E62/><V36/><F36/><W73/><G73/><T57/><D57/><U99/><E45/><V42/><F128/><W93/><G105/><T113/><D85/><U132/><E132/><V125/><F125/><W107/><G107/><T67/><D127/><U6/><E13/><V78/><F117/><W8/><G26/><T1/><D1/><U109/><REACH who="1" step="1"/><E27/><REACH who="1" ten="250,240,250,250" step="2"/><V64/><F42/><W102/><G122/><T90/><D24/><U86/><E86/><V75/><F75/><W87/><G120/><T80/><D14/><U29/><E29/><V50/><F31/><W18/><G46/><T21/><D30/><U40/><E40/><V12/><F28/><W16/><G3/><T129/><D129/><U4/><N who="1" m="1536" /><DORA hai="89" /><U72/><E72/><V60/><F60/><W91/><G102/><T81/><D116/><U131/><E131/><V83/><F12/><W34/><G34/><AGARI ba="0,1" hai="33,34,35,94,99,100,109,110,111,112,115" m="1536" machi="34" ten="60,12000,2" yaku="1,1,14,1,52,5,53,0" doraHai="0,89" doraHaiUra="23,63" who="1" fromWho="3" sc="250,0,240,130,250,0,250,-120" /><INIT seed="1,0,0,5,5,57" ten="250,370,250,130" oya="1" hai0="71,125,39,30,98,55,21,72,2,48,90,0,43" hai1="103,77,99,5,29,69,25,110,54,74,114,100,13" hai2="116,46,66,35,68,135,108,106,79,83,34,107,47" hai3="105,96,22,24,81,80,9,88,129,132,8,33,121"/><U58/><E69/><V78/><F116/><W97/><G121/><T42/><D72/><U84/><E74/><V82/><F135/><W45/><G132/><T128/><D71/><U44/><E110/><V134/><F134/><W104/><G129/><T119/><D119/><U14/><E44/><V86/><F108/><W112/><G112/><T75/><D75/><U36/><E36/><V127/><F127/><W133/><G33/><T93/><D128/><U85/><E103/><V6/><F6/><W15/><G133/><T11/><D125/><U37/><E37/><V60/><F34/><W102/><G45/><T17/><D39/><U63/><E114/><V92/><F35/><W61/><G61/><T10/><D2/><U51/><E51/><V32/><F32/><W7/><G9/><N who="0" m="3083" /><D30/><U40/><E40/><V52/><F92/><W111/><G111/><T94/><D94/><U62/><E77/><V109/><F109/><W19/><REACH who="3" step="1"/><G88/><REACH who="3" ten="250,370,250,120" step="2"/><T23/><D23/><U123/><E63/><V131/><F131/><W113/><G113/><T130/><D130/><U89/><E123/><V87/><F46/><W49/><G49/><AGARI ba="0,1" hai="47,49,52,60,66,68,78,79,82,83,86,87,106,107" machi="49" ten="40,5200,0" yaku="9,1,52,1,54,1" doraHai="57" who="2" fromWho="3" sc="250,0,370,0,250,62,120,-52" /><INIT seed="2,0,0,4,1,12" ten="250,370,312,68" oya="2" hai0="66,128,24,8,121,93,132,87,122,135,22,70,64" hai1="123,102,72,31,4,67,44,134,23,77,52,63,110" hai2="71,130,38,57,36,101,49,78,114,65,104,83,39" hai3="41,79,82,50,118,0,126,17,125,16,58,127,60"/><V115/><F130/><W27/><G118/><T74/><D74/><U42/><E110/><V109/><F109/><W7/><G0/><T32/><D93/><U95/><E134/><N who="0" m="51241" /><D87/><U1/><E123/><N who="0" m="47113" /><D70/><U133/><E133/><V5/><F5/><W97/><G7/><T20/><D66/><U69/><E102/><V86/><F71/><W111/><G111/><T18/><D64/><U46/><E95/><V96/><REACH who="2" step="1"/><F49/><REACH who="2" ten="250,370,302,68" step="2"/><W15/><G50/><T6/><D128/><U45/><E4/><V105/><F105/><W91/><G41/><T81/><D81/><U131/><E131/><V90/><F90/><W40/><G40/><T59/><D59/><U29/><E42/><V84/><F84/><N who="3" m="48223" /><G27/><T120/><D120/><U34/><E72/><V99/><F99/><W19/><G97/><T48/><D48/><U76/><E69/><V73/><F73/><W108/><G91/><T75/><D75/><U98/><E98/><V106/><F106/><W89/><G89/><T103/><D103/><U25/><E76/><V129/><F129/><W30/><G108/><T124/><D124/><U3/><E77/><V53/><F53/><N who="3" m="33871" /><G30/><N who="0" m="19527" /><D6/><U14/><E52/><V43/><F43/><W55/><G55/><T61/><D61/><AGARI ba="0,1" hai="36,38,39,57,61,65,78,83,86,96,101,104,114,115" machi="61" ten="40,3900,0" yaku="1,1,53,1" doraHai="12" doraHaiUra="92" who="2" fromWho="0" sc="250,-39,370,0,302,49,68,0" /><INIT seed="2,1,0,0,2,31" ten="211,370,351,68" oya="2" hai0="78,53,8,27,133,33,118,26,38,74,135,17,85" hai1="81,56,121,79,114,62,96,29,93,36,101,116,77" hai2="34,132,131,92,49,104,65,61,111,28,109,10,6" hai3="100,125,94,115,112,54,113,122,75,68,82,107,45"/><V43/><F104/><W60/><G122/><T103/><D38/><U15/><E116/><V42/><F132/><W1/><G125/><T90/><D74/><U21/><E114/><V83/><F131/><W71/><G1/><T123/><D123/><U7/><E36/><V32/><F28/><W19/><G107/><T128/><D78/><U105/><E105/><V86/><F92/><W11/><G75/><T134/><D103/><U57/><E57/><V46/><F43/><W2/><G82/><T4/><D128/><U67/><E81/><V76/><F61/><W51/><G100/><T89/><D118/><U40/><E40/><V22/><F22/><W80/><G80/><T44/><D90/><U9/><REACH who="1" step="1"/><E121/><REACH who="1" ten="211,360,351,68" step="2"/><V95/><F95/><W130/><G130/><T18/><D44/><U102/><E102/><V24/><F65/><W99/><G71/><T63/><D134/><U126/><E126/><V64/><F64/><W14/><G68/><T91/><D135/><U88/><E88/><V58/><F58/><W129/><G129/><T59/><D133/><U127/><E127/><V119/><F119/><W84/><G112/><T13/><D89/><U3/><E3/><V16/><F111/><W87/><G115/><T50/><D91/><U5/><E5/><V41/><F41/><W97/><G113/><T117/><D117/><U108/><E108/><V25/><F109/><W37/><G37/><T30/><D4/><U66/><E66/><V55/><F42/><W70/><G70/><T110/><D110/><U20/><E20/><V12/><F6/><W106/><G2/><RYUUKYOKU ba="1,1" sc="211,-15,360,15,351,15,68,-15" hai1="7,9,15,21,29,56,62,67,77,79,93,96,101" hai2="10,12,16,24,25,32,34,46,49,55,76,83,86" /><INIT seed="2,2,1,3,0,28" ten="196,375,366,53" oya="2" hai0="24,79,130,111,109,12,42,103,36,35,54,20,67" hai1="27,56,129,133,118,98,4,15,77,78,21,104,117" hai2="134,83,53,68,65,90,72,76,57,69,74,107,122" hai3="11,121,102,61,131,112,39,97,81,119,73,31,124"/><V91/><F122/><W110/><G121/><T19/><D79/><U95/><E104/><V88/><F107/><W6/><G119/><T89/><D103/><U123/><E123/><V50/><F134/><W34/><G110/><T41/><D67/><U135/><E129/><V44/><F74/><W105/><G131/><T99/><D130/><U23/><E56/><V32/><F32/><W87/><G124/><T14/><D14/><U113/><E113/><V37/><REACH who="2" step="1"/><F37/><REACH who="2" ten="196,375,356,53" step="2"/><W46/><G73/><T18/><D35/><U85/><E133/><V71/><F71/><W64/><G39/><T108/><D36/><U17/><E135/><V63/><AGARI ba="2,2" hai="44,50,53,57,63,65,68,69,72,76,83,88,90,91" machi="63" ten="30,6000,0" yaku="1,1,0,1,54,1,53,0" doraHai="28" doraHaiUra="80" who="2" fromWho="2" sc="196,-22,375,-22,356,86,53,-22" /><INIT seed="2,3,0,4,2,75" ten="174,353,442,31" oya="2" hai0="83,130,74,28,39,35,57,114,131,76,15,91,102" hai1="93,27,117,13,95,133,46,45,100,40,55,24,69" hai2="112,109,60,124,41,120,80,113,79,4,5,84,134" hai3="50,71,21,19,32,20,116,0,128,54,61,66,37"/><V36/><F120/><W9/><G37/><T43/><D114/><U67/><E117/><V44/><F134/><W135/><G135/><T108/><D102/><U33/><E133/><V48/><F124/><W7/><G116/><T53/><D108/><U101/><E33/><V77/><F109/><W96/><G128/><T10/><D35/><U26/><E69/><V63/><F36/><W14/><G32/><T18/><D28/><U85/><E67/><V38/><F38/><W16/><G96/><T2/><D2/><U122/><E122/><V94/><F113/><W12/><G54/><T125/><D125/><U30/><E30/><V51/><F112/><W56/><G50/><T70/><D70/><U78/><E13/><V62/><F48/><W110/><G110/><T64/><D64/><U42/><E55/><V104/><F104/><W3/><REACH who="3" step="1"/><G71/><REACH who="3" ten="174,353,442,21" step="2"/><T111/><D111/><U23/><E42/><V68/><F68/><W127/><G127/><T22/><D39/><U8/><E40/><V99/><REACH who="2" step="1"/><F79/><REACH who="2" ten="174,353,432,21" step="2"/><W107/><G107/><T25/><D131/><U129/><E78/><V126/><F126/><W89/><G89/><AGARI ba="3,2" hai="4,5,41,44,51,60,62,63,77,80,84,89,94,99" machi="89" ten="40,7700,0" yaku="1,1,8,1,52,1,53,0" doraHai="75" doraHaiUra="97" who="2" fromWho="3" sc="174,0,353,0,432,106,21,-86" owari="174,-23.0,353,15.0,538,65.0,-65,-57.0" /></mjloggm>