<mjloggm ver="2.3"><GO type="169" lobby="0"/><UN n0="%E3%81%97%E3%82%8D%E3%81%9F%E3%82%93%E3%81%8C%E3%81%84%E3%81%84%E3%81%8A" n1="%65%76%65%72%31%37%2A" n2="%E5%B0%B1%E6%B4%BB%E7%94%9F%40%E5%B7%9D%E6%9D%91%E8%BB%8D%E5%9B%A3" n3="%E4%B8%80%E6%9C%AC%E5%A0%B4" dan="17,16,16,16" rate="2211.02,2155.13,2108.89,2110.76" sx="F,M,M,M"/><TAIKYOKU oya="0"/><INIT seed="0,0,0,5,1,91" ten="250,250,250,250" oya="0" hai0="51,62,134,5,59,31,4,109,133,83,90,114,67" hai1="69,122,29,66,68,10,116,49,39,119,42,74,94" hai2="46,104,16,84,27,93,128,105,98,8,127,86,111" hai3="99,53,103,92,21,80,85,14,115,43,77,3,130"/><T110/><D31/><U55/><E122/><V44/><F128/><W0/><G115/><T81/><D114/><U95/><E74/><V124/><F111/><N who="0" m="42506" /><D51/><U33/><E68/><V112/><F112/><W132/><G132/><N who="0" m="50795" /><D90/><U113/><E10/><V1/><F1/><W6/><G130/><T120/><D120/><U26/><E113/><V47/><F104/><W41/><G3/><T2/><D2/><U126/><E126/><N who="2" m="48171" /><F105/><W38/><G0/><T24/><D24/><U63/><E119/><V40/><F40/><W20/><G38/><T65/><D67/><U88/><E116/><V118/><F118/><W61/><G41/><T123/><D123/><U9/><E88/><N who="2" m="55591" /><F27/><W28/><G43/><T7/><AGARI ba="0,0" hai="4,5,7,59,62,65,81,83" m="50795,42506" machi="7" ten="40,7800,0" yaku="14,1,10,1,20,1" doraHai="91" who="0" fromWho="0" sc="250,78,250,-26,250,-26,250,-26" /><INIT seed="0,1,0,0,0,22" ten="328,224,224,224" oya="0" hai0="40,117,23,51,54,130,6,61,47,53,126,116,24" hai1="95,34,2,76,13,38,78,134,70,58,118,55,35" hai2="32,112,57,79,29,77,103,8,72,133,1,26,94" hai3="86,73,67,31,63,100,91,123,82,49,21,56,52"/><T125/><D6/><U28/><E118/><N who="0" m="45673" /><D130/><U97/><E38/><V111/><F133/><W110/><G123/><T131/><D131/><U14/><E2/><V127/><F111/><W104/><G110/><T115/><D115/><U60/><E134/><V121/><F127/><N who="0" m="48650" /><D61/><U120/><E70/><V90/><F103/><W132/><G132/><T62/><D62/><U106/><E120/><V71/><F71/><W50/><G73/><T80/><D80/><U122/><E122/><V17/><F112/><W69/><G104/><T109/><D109/><U10/><E106/><V19/><F121/><W65/><G100/><T45/><D47/><U124/><E124/><V75/><F75/><W89/><G89/><T3/><D3/><U15/><E78/><V88/><F90/><W30/><G69/><T46/><D46/><U135/><E76/><V93/><F93/><W114/><G114/><T128/><D128/><U25/><E135/><V105/><F105/><W92/><G82/><T41/><D41/><U0/><E0/><V16/><F72/><W11/><G67/><T36/><D36/><U87/><E87/><V20/><F57/><N who="3" m="37103" /><G50/><T96/><D96/><U102/><REACH who="1" step="1"/><E34/><REACH who="1" ten="328,214,224,224" step="2"/><V119/><F32/><W83/><G86/><T43/><D43/><U98/><E98/><N who="2" m="57671" /><F119/><W64/><G64/><T85/><D85/><U101/><E101/><V59/><F79/><W107/><G107/><T12/><D12/><U4/><AGARI ba="1,1" hai="4,10,13,14,15,25,28,35,55,58,60,95,97,102" machi="4" ten="20,5200,0" yaku="1,1,0,1,7,1,52,1,53,0" doraHai="22" doraHaiUra="33" who="1" fromWho="1" sc="328,-27,214,65,224,-14,224,-14" /><INIT seed="1,0,0,0,3,66" ten="301,279,210,210" oya="1" hai0="133,121,99,70,90,75,112,50,26,12,94,55,3" hai1="25,123,71,129,120,79,41,62,122,17,21,92,100" hai2="131,48,38,37,47,91,67,84,60,43,4,0,81" hai3="29,2,105,44,5,78,54,108,45,20,115,24,65"/><U104/><E129/><V11/><REACH who="2" step="1"/><F131/><REACH who="2" ten="301,279,200,210" step="2"/><W116/><G116/><T27/><D121/><U126/><E123/><V102/><F102/><W86/><G108/><T119/><D119/><U10/><E100/><V46/><F46/><W110/><G45/><T125/><D112/><U22/><E120/><V98/><F98/><W96/><G115/><T124/><D99/><U117/><E122/><V77/><F77/><W36/><G110/><T49/><D124/><U135/><E79/><V52/><F52/><W114/><G114/><T34/><D55/><U76/><E126/><V31/><F31/><W109/><G109/><T7/><D125/><U63/><E117/><V111/><F111/><W6/><G29/><T64/><D90/><U101/><E101/><V57/><AGARI ba="0,1" hai="0,4,11,37,38,43,47,48,57,60,67,81,84,91" machi="57" ten="20,5200,0" yaku="21,2,0,1,7,1,53,0" doraHai="66" doraHaiUra="74" who="2" fromWho="2" sc="301,-13,279,-26,200,62,210,-13" /><INIT seed="2,0,0,0,2,44" ten="288,253,262,197" oya="2" hai0="79,34,113,81,61,65,71,129,5,84,64,97,21" hai1="54,47,16,0,91,127,101,31,18,38,111,25,14" hai2="98,126,74,42,7,100,6,89,82,40,69,26,70" hai3="68,39,57,17,132,27,102,4,59,10,49,125,2"/><V77/><F126/><W52/><G68/><T76/><D34/><U105/><E0/><V75/><F89/><W106/><G39/><T1/><D113/><U115/><E111/><V67/><F26/><W50/><G132/><T95/><D129/><U133/><E115/><V60/><F75/><W41/><G125/><T92/><D76/><U93/><E127/><V22/><F22/><W123/><G123/><T80/><D80/><U83/><E133/><V116/><F70/><W12/><G106/><T53/><D65/><U20/><E105/><V48/><F116/><W15/><G102/><T9/><D53/><U58/><E101/><V19/><F19/><W124/><G124/><T108/><D108/><U96/><E83/><V112/><F112/><W110/><G110/><T134/><D134/><U37/><E47/><V51/><F42/><W66/><G41/><T30/><D30/><U128/><E128/><V62/><F62/><W131/><G131/><T11/><D21/><U3/><E3/><V114/><F40/><W33/><G33/><T94/><REACH who="0" step="1"/><D11/><REACH who="0" ten="278,253,262,197" step="2"/><N who="1" m="6239" /><E31/><V99/><F114/><W117/><G117/><T28/><D28/><U90/><E20/><V8/><F8/><W107/><G66/><T73/><D73/><U103/><E54/><V86/><F74/><W120/><G10/><T23/><D23/><U85/><E18/><V78/><F78/><W135/><G17/><T55/><D55/><U24/><E24/><V87/><F6/><W118/><G4/><T45/><D45/><U43/><E25/><V119/><F7/><W35/><G27/><T13/><D13/><RYUUKYOKU ba="0,1" sc="278,30,253,-10,262,-10,197,-10" hai0="1,5,9,61,64,71,79,81,84,92,94,95,97" /><INIT seed="3,1,1,5,2,83" ten="308,243,252,187" oya="3" hai0="85,80,134,8,111,118,84,64,50,13,4,27,26" hai1="29,17,18,100,49,75,67,22,131,61,1,66,109" hai2="87,3,71,104,33,77,81,89,45,119,97,52,124" hai3="48,116,56,0,32,110,96,57,76,88,31,59,68"/><W126/><G68/><T99/><D118/><U46/><E75/><V133/><F71/><W42/><G116/><T122/><D122/><U65/><E109/><V43/><F33/><W117/><G117/><T38/><D38/><U23/><E1/><V54/><F3/><W2/><G76/><T10/><D111/><U19/><E131/><V69/><F69/><W115/><G115/><T121/><D121/><U120/><E120/><V90/><F119/><W105/><G105/><T73/><D73/><U35/><E100/><V51/><F124/><W72/><G72/><T113/><D113/><U132/><E132/><V40/><F133/><W7/><G7/><T16/><D134/><U53/><E35/><V37/><F37/><W41/><G126/><T106/><D64/><U24/><REACH who="1" step="1"/><E22/><REACH who="1" ten="308,233,252,187" step="2"/><V95/><F104/><W78/><G2/><T130/><D130/><U92/><E92/><V60/><F77/><W55/><G0/><T21/><D21/><U30/><E30/><V135/><F135/><W107/><G78/><T12/><D106/><U103/><E103/><V39/><F39/><W15/><G110/><T129/><D129/><U74/><E74/><V44/><F44/><N who="3" m="28039" /><G107/><T9/><D9/><U114/><E114/><V128/><F128/><W34/><G34/><T79/><D10/><U5/><E5/><V108/><F108/><W125/><G125/><T11/><D11/><U25/><E25/><V6/><F6/><W127/><G127/><T28/><D27/><U82/><E82/><V94/><F81/><W58/><N who="3" m="14336" /><DORA hai="36" /><W47/><G32/><T93/><D4/><RYUUKYOKU ba="1,2" sc="308,-15,233,15,252,15,187,-15" hai1="17,18,19,23,24,29,46,49,53,61,65,66,67" hai2="40,43,45,51,52,54,60,87,89,90,94,95,97" /><INIT seed="4,2,2,0,4,110" ten="293,248,267,172" oya="0" hai0="36,127,102,93,119,29,132,113,101,23,3,20,106" hai1="100,115,66,17,61,7,31,125,4,109,112,25,133" hai2="96,97,43,126,10,52,116,104,74,39,70,49,54" hai3="75,123,6,98,122,103,121,71,55,1,15,60,44"/><T84/><D106/><U80/><E125/><V21/><F74/><W35/><G75/><T128/><D36/><U85/><E109/><V30/><F70/><W26/><G15/><T87/><D3/><U0/><E17/><V28/><F39/><W129/><G44/><T62/><D119/><U79/><E100/><V91/><F104/><W19/><G129/><T82/><D128/><U32/><E133/><V45/><F126/><W72/><G72/><T63/><D132/><U111/><E111/><V57/><F116/><W22/><G35/><T50/><D113/><N who="1" m="43595" /><E0/><V135/><F135/><W53/><G6/><T14/><D29/><N who="2" m="11370" /><F10/><W107/><G1/><T37/><D23/><U134/><E134/><V59/><F21/><W69/><G60/><T77/><D20/><U90/><E90/><V18/><F18/><W99/><G99/><N who="2" m="37961" /><F91/><W2/><G2/><T118/><D14/><U86/><E86/><V76/><F76/><W94/><G107/><T89/><D84/><U8/><E8/><V34/><F34/><W81/><G81/><T64/><D87/><U27/><E27/><V12/><F12/><W120/><G120/><T5/><D89/><U65/><E65/><V108/><F108/><W47/><G123/><T105/><D64/><U73/><E73/><V67/><F67/><W48/><G122/><T24/><D101/><U13/><E13/><V46/><F43/><N who="3" m="24703" /><G121/><T41/><D102/><U130/><E130/><V42/><F42/><W117/><G117/><T51/><D118/><U58/><AGARI ba="2,2" hai="4,7,25,31,32,58,61,66,79,80,85" m="43595" machi="58" ten="30,8000,1" yaku="15,1,11,1,52,3" doraHai="110" who="1" fromWho="1" sc="293,-42,248,106,267,-22,172,-22" /><INIT seed="5,0,0,4,3,34" ten="251,354,245,150" oya="1" hai0="68,106,53,35,90,46,77,67,61,64,50,92,60" hai1="8,105,16,0,135,111,126,38,31,94,115,131,11" hai2="58,20,71,19,117,56,121,63,41,7,122,24,103" hai3="65,127,18,69,73,125,113,129,133,2,1,6,45"/><U74/><E31/><V76/><F117/><W104/><G73/><T124/><D106/><U32/><E16/><V4/><F71/><W84/><G104/><T114/><D114/><U43/><E11/><V14/><F76/><W47/><G113/><T79/><D35/><U42/><E8/><V118/><F118/><W66/><G6/><T62/><D124/><N who="3" m="47689" /><G133/><T98/><REACH who="0" step="1"/><D62/><REACH who="0" ten="241,354,245,150" step="2"/><U5/><E105/><V99/><F63/><N who="3" m="40127" /><G129/><T51/><D51/><U9/><E32/><V100/><F121/><W75/><G66/><T120/><D120/><U123/><E131/><V95/><F122/><W30/><G75/><T86/><D86/><U29/><E123/><V33/><F33/><W3/><G84/><T108/><D108/><U23/><E74/><V10/><F103/><W134/><G134/><T130/><D130/><U48/><E126/><V44/><F7/><W97/><G30/><T22/><D22/><U52/><E135/><V27/><F27/><W110/><G110/><T102/><D102/><U88/><E111/><V85/><F85/><W96/><G18/><T112/><D112/><U81/><E115/><V119/><F119/><W116/><G116/><T36/><D36/><AGARI ba="0,1" hai="4,10,14,19,20,24,36,41,44,56,58,95,99,100" machi="36" ten="30,1000,0" yaku="7,1" doraHai="34" who="2" fromWho="0" sc="241,-10,354,0,245,20,150,0" /><INIT seed="6,0,0,2,4,84" ten="231,354,265,150" oya="2" hai0="39,91,22,106,1,24,2,48,100,98,108,131,76" hai1="10,83,103,133,19,20,36,31,97,16,135,14,89" hai2="51,126,69,12,5,45,44,77,125,102,120,33,116" hai3="73,21,119,90,40,37,52,70,38,43,67,87,94"/><V32/><F69/><W130/><G73/><T26/><D39/><U105/><E36/><V80/><F116/><W15/><G119/><T85/><D108/><U59/><E59/><V129/><F102/><W65/><G38/><T46/><D131/><U96/><E31/><V78/><F120/><W71/><G130/><T27/><D76/><N who="2" m="29290" /><F80/><W0/><G0/><T13/><D13/><U55/><E55/><V128/><F5/><W107/><G107/><T88/><D22/><U25/><E83/><V18/><F128/><W109/><G109/><T4/><D4/><U35/><E35/><N who="2" m="13387" /><F51/><W63/><G37/><T60/><D60/><U115/><E105/><V50/><F50/><W114/><G71/><T6/><D6/><U49/><E103/><V112/><F112/><W111/><G114/><T118/><D118/><U110/><E49/><V62/><F62/><W53/><G111/><T79/><D79/><U123/><E110/><V34/><F34/><W17/><REACH who="3" step="1"/><G67/><REACH who="3" ten="231,354,265,140" step="2"/><T28/><D1/><U101/><E115/><V121/><F129/><W104/><G104/><T99/><D2/><U68/><E68/><V117/><F117/><W3/><G3/><T30/><D106/><U23/><E123/><V64/><F64/><W41/><AGARI ba="0,1" hai="15,17,21,40,41,43,52,53,63,65,70,87,90,94" machi="41" ten="30,7900,0" yaku="1,1,0,1,52,1,54,1,53,0" doraHai="84" doraHaiUra="122" who="3" fromWho="3" sc="231,-20,354,-20,265,-39,140,89" /><INIT seed="7,0,0,4,4,68" ten="211,334,226,229" oya="3" hai0="26,90,65,59,5,113,48,84,86,66,15,4,132" hai1="135,3,34,31,42,63,28,40,92,112,29,23,64" hai2="73,57,111,128,56,83,46,38,93,133,35,129,1" hai3="110,98,102,10,6,2,30,100,18,47,89,33,45"/><W80/><G110/><T13/><D132/><U121/><E3/><V91/><F111/><W118/><G118/><T36/><D36/><U72/><E121/><V74/><F35/><W55/><G30/><T96/><D113/><U101/><E72/><N who="2" m="27755" /><F83/><W119/><G33/><T77/><D96/><N who="1" m="59527" /><E112/><V16/><F1/><W49/><G119/><T44/><D26/><N who="1" m="16479" /><E135/><V67/><F67/><N who="0" m="25610" /><D59/><N who="1" m="36991" /><E34/><V69/><F69/><W97/><G102/><T88/><D77/><U14/><E14/><N who="0" m="5129" /><D86/><U81/><E81/><V76/><F76/><W51/><G100/><T124/><D124/><U87/><E87/><N who="2" m="52479" /><F133/><W9/><G80/><N who="0" m="49159" /><D90/><U114/><E114/><V22/><F38/><W52/><G89/><T27/><D27/><U54/><E54/><AGARI ba="0,0" hai="4,5,44,48,54" m="49159,5129,25610" machi="54" ten="30,2000,0" yaku="8,1,54,1" doraHai="68" who="0" fromWho="1" sc="211,20,334,-20,226,0,229,0" owari="231,3.0,314,41.0,226,-27.0,229,-17.0" /></mjloggm>