<mjloggm ver="2.3"><GO type="169" lobby="0"/><UN n0="%E9%BB%92%E9%AC%BC" n1="%E7%94%98%E7%B2%95%E3%81%A4%E3%81%B0%E3%82%81" n2="%E3%82%A6%E3%83%AB%E3%83%88%E3%83%A9%E7%AB%8B%E7%9B%B4" n3="%E9%BA%BB%E9%9B%80%E3%81%A8%E7%A7%81" dan="16,16,17,16" rate="2076.93,2063.95,2232.86,2118.25" sx="M,F,M,M"/><TAIKYOKU oya="0"/><INIT seed="0,0,0,1,4,82" ten="250,250,250,250" oya="0" hai0="79,126,134,107,22,61,50,70,55,114,38,112,91" hai1="101,111,27,69,44,72,26,21,13,43,89,52,93" hai2="71,66,127,103,117,9,135,2,100,130,40,45,88" hai3="8,16,75,67,119,123,115,124,83,34,12,51,125"/><T77/><D107/><U63/><E111/><V15/><F127/><N who="3" m="48715" /><G115/><T3/><D126/><U5/><E72/><V18/><F130/><W58/><G34/><T99/><D3/><U24/><E101/><V31/><F135/><W132/><G132/><T59/><D134/><U29/><E5/><V120/><F120/><W62/><G119/><T76/><D38/><U6/><E6/><V87/><F117/><W90/><G51/><T54/><D70/><U97/><E13/><V105/><F105/><W113/><G113/><T48/><D61/><U56/><REACH who="1" step="1"/><E69/><REACH who="1" ten="250,240,250,250" step="2"/><V11/><F2/><W110/><G110/><T122/><D122/><U41/><E41/><V73/><F73/><W106/><G75/><T94/><REACH who="0" step="1"/><D22/><REACH who="0" ten="240,240,250,250" step="2"/><U118/><E118/><V68/><F68/><W86/><G123/><T28/><D28/><U65/><E65/><V84/><F31/><W116/><G116/><T47/><AGARI ba="0,2" hai="47,48,50,54,55,59,76,77,79,91,94,99,112,114" machi="47" ten="30,11700,0" yaku="1,1,0,1,53,2" doraHai="82" doraHaiUra="109" who="0" fromWho="0" sc="240,137,240,-39,250,-39,250,-39" /><INIT seed="0,1,0,3,0,50" ten="377,201,211,211" oya="0" hai0="36,127,32,13,43,129,108,54,95,128,73,4,98" hai1="107,100,90,104,61,125,62,130,64,7,35,44,8" hai2="30,82,101,66,121,78,111,97,113,118,9,51,56" hai3="86,134,33,24,92,132,0,46,37,103,88,68,49"/><T52/><D32/><U34/><E130/><N who="0" m="50281" /><D73/><U65/><E125/><V14/><F30/><W122/><G68/><T6/><D127/><U87/><E44/><V18/><F121/><W110/><G110/><T85/><D108/><U80/><E100/><V3/><F3/><W25/><G0/><T47/><D85/><U58/><E35/><V71/><F111/><W93/><G37/><T96/><D96/><U117/><E34/><V63/><F113/><W60/><G60/><T10/><D4/><U102/><E102/><AGARI ba="1,0" hai="6,10,13,36,43,47,52,54,95,98,102" m="50281" machi="102" ten="30,11600,0" yaku="19,1,52,2,54,1" doraHai="50" who="0" fromWho="1" sc="377,119,201,-119,211,0,211,0" /><INIT seed="0,2,0,1,0,11" ten="496,82,211,211" oya="0" hai0="129,71,82,37,88,17,122,95,54,0,33,61,120" hai1="90,117,111,113,115,46,45,108,25,78,12,65,89" hai2="35,8,67,93,104,126,101,127,58,13,77,21,32" hai3="69,97,47,34,30,36,124,16,18,134,83,102,75"/><T109/><D37/><U31/><E78/><V73/><F104/><W119/><G119/><T6/><D33/><U14/><E117/><V81/><F21/><W84/><G75/><T125/><D125/><U1/><E25/><V7/><F35/><W66/><G134/><T123/><D129/><U44/><E31/><V2/><F32/><W116/><G124/><T28/><D28/><U79/><E79/><V64/><F2/><W50/><G36/><T100/><D100/><U112/><E65/><V98/><F67/><W80/><G83/><T86/><D109/><N who="1" m="42059" /><E1/><V133/><F133/><W23/><G116/><T15/><D0/><U19/><E19/><V22/><F22/><W3/><G3/><T52/><D6/><U76/><E76/><V96/><F96/><W92/><G69/><T39/><D39/><U29/><E29/><V5/><F5/><W41/><G66/><T114/><D114/><U55/><E55/><V128/><F128/><W9/><G9/><T20/><D71/><U42/><E42/><V26/><F26/><N who="3" m="16735" /><G34/><T105/><D61/><U10/><E10/><V53/><REACH who="2" step="1"/><F64/><REACH who="2" ten="496,82,201,211" step="2"/><W59/><G97/><T24/><D24/><U121/><E121/><V4/><F4/><W91/><G18/><T62/><D122/><U106/><E106/><V72/><F72/><W63/><G16/><T43/><D105/><U94/><E90/><V87/><F87/><AGARI ba="2,1" hai="12,14,44,45,46,87,89,94,112,113,115" m="42059" machi="87" ten="40,8000,1" yaku="11,1,14,1,52,2" doraHai="11" who="1" fromWho="2" sc="496,0,82,96,201,-86,211,0" /><INIT seed="1,0,0,2,2,69" ten="496,178,115,211" oya="1" hai0="30,49,121,96,133,15,113,11,104,98,71,120,48" hai1="72,55,57,17,39,77,27,124,61,13,110,45,19" hai2="32,108,12,58,40,111,29,126,106,90,68,25,14" hai3="47,22,54,134,97,131,119,74,36,125,44,56,65"/><U21/><E124/><V86/><F68/><W79/><G119/><T102/><D71/><U100/><E100/><V94/><F106/><W101/><G125/><T130/><D130/><U115/><E115/><V62/><F40/><W66/><G74/><T60/><D133/><U80/><E110/><V87/><F126/><W2/><G79/><T81/><D60/><U63/><E45/><V122/><F122/><N who="0" m="47210" /><D30/><U118/><E118/><V91/><F111/><W3/><G3/><T53/><D98/><U117/><E117/><V8/><F8/><W83/><G83/><T89/><D53/><U132/><E132/><V75/><F75/><W18/><G131/><T42/><D42/><U135/><E135/><V70/><F70/><W9/><G66/><T78/><D89/><U67/><E39/><V26/><F26/><W64/><G36/><T46/><D46/><U103/><E103/><V6/><F6/><W85/><G44/><T35/><D35/><U51/><REACH who="1" step="1"/><E67/><REACH who="1" ten="496,168,115,211" step="2"/><N who="3" m="25674" /><G47/><T41/><D113/><U52/><E52/><V105/><F108/><W82/><G54/><T16/><D41/><U50/><E50/><V93/><F105/><W109/><G109/><T1/><D1/><U28/><E28/><V112/><F112/><W59/><G2/><T38/><D38/><U33/><E33/><V23/><F32/><W5/><G134/><T95/><D104/><U0/><E0/><V107/><F107/><W7/><G101/><T10/><D49/><U37/><E37/><V34/><F34/><W4/><G59/><T99/><D48/><U114/><E114/><V88/><F58/><RYUUKYOKU ba="0,1" sc="496,-10,168,30,115,-10,211,-10" hai1="13,17,19,21,27,51,55,57,61,63,72,77,80" /><INIT seed="1,1,1,5,2,11" ten="486,198,105,201" oya="1" hai0="55,43,16,107,126,124,5,103,128,20,81,12,131" hai1="63,127,102,38,97,82,96,7,121,114,50,83,74" hai2="68,3,106,27,9,129,25,62,87,75,77,57,31" hai3="58,10,61,15,53,122,19,29,118,13,98,18,110"/><U80/><E114/><V94/><F106/><W32/><G122/><T24/><D43/><U70/><E121/><V112/><F68/><W117/><G110/><T14/><D81/><U6/><E38/><V133/><F75/><W132/><G132/><T67/><D67/><U42/><E127/><N who="0" m="48681" /><D55/><U115/><E115/><V17/><F112/><W34/><G98/><N who="0" m="61943" /><D5/><U88/><E74/><V66/><F129/><AGARI ba="1,1" hai="12,14,16,20,24,128,129,131" m="61943,48681" machi="129" ten="30,8000,1" yaku="19,1,18,1,52,2,54,1" doraHai="11" who="0" fromWho="2" sc="486,93,198,0,105,-83,201,0" /><INIT seed="2,0,0,5,0,85" ten="579,198,22,201" oya="2" hai0="36,132,107,118,63,16,30,111,55,60,40,101,54" hai1="17,64,113,120,77,15,67,71,129,89,92,125,116" hai2="126,112,62,48,32,56,75,0,117,28,96,4,45" hai3="90,7,82,109,49,25,43,80,10,124,35,79,46"/><V133/><F117/><W6/><G109/><T47/><D30/><U29/><E113/><V128/><F112/><W41/><G124/><T59/><D111/><U31/><E125/><V33/><F126/><W14/><G90/><T73/><BYE who="2" /><D73/><U84/><E129/><V3/><F3/><UN n2="%E3%82%A6%E3%83%AB%E3%83%88%E3%83%A9%E7%AB%8B%E7%9B%B4" /><W81/><BYE who="2" /><G7/><UN n2="%E3%82%A6%E3%83%AB%E3%83%88%E3%83%A9%E7%AB%8B%E7%9B%B4" /><T106/><D132/><U102/><E116/><V11/><F75/><W95/><G95/><T78/><D78/><U76/><E120/><V105/><F128/><W44/><G35/><T53/><D118/><U72/><E102/><V5/><F133/><W18/><G25/><T2/><D2/><U121/><E121/><V13/><F5/><W123/><G18/><T38/><D38/><U19/><E71/><V97/><F0/><W8/><G8/><T21/><D101/><U34/><E19/><V108/><F108/><W83/><G80/><T127/><D127/><U131/><E131/><V52/><F105/><W74/><G123/><T88/><D88/><N who="1" m="53255" /><E34/><V104/><F104/><W57/><G57/><T20/><D59/><U24/><E24/><V61/><F33/><W66/><G66/><N who="1" m="25130" /><E89/><V100/><F100/><W119/><G119/><T9/><D106/><U114/><E114/><V68/><F68/><W103/><G103/><T23/><D107/><U42/><E42/><N who="2" m="24631" /><F62/><W122/><G122/><T65/><D65/><U135/><E135/><V99/><F32/><W70/><G70/><T1/><D1/><U12/><E72/><V87/><F87/><W22/><G22/><T58/><D63/><U26/><E26/><V134/><F134/><W93/><G93/><RYUUKYOKU ba="0,0" sc="579,10,198,-30,22,10,201,10" hai0="9,16,20,21,23,36,40,47,53,54,55,58,60" hai2="4,11,13,28,52,56,61,96,97,99" hai3="6,10,14,41,43,44,46,49,74,79,81,82,83" /><INIT seed="2,1,0,1,1,72" ten="589,168,32,211" oya="2" hai0="122,67,79,56,42,94,12,86,110,133,20,117,7" hai1="18,26,131,130,80,81,19,102,68,87,48,69,17" hai2="25,107,35,111,46,119,83,6,127,47,132,10,29" hai3="63,41,71,22,125,99,75,101,34,36,27,2,58"/><V59/><F119/><W30/><G2/><T44/><D122/><U39/><E39/><V118/><F118/><W28/><G75/><T38/><D117/><U128/><E102/><V82/><F107/><W78/><G78/><T5/><D110/><U108/><E108/><V50/><F111/><W60/><G60/><N who="0" m="38279" /><D38/><U14/><E26/><V93/><F127/><W9/><G9/><T8/><D133/><U37/><E37/><V91/><F132/><W97/><G99/><T77/><D7/><U1/><E1/><V74/><F59/><W24/><G41/><T114/><D114/><U100/><E100/><V85/><F74/><W73/><G36/><T123/><D123/><U109/><E48/><V32/><F32/><W113/><G73/><T106/><D106/><U120/><E109/><V40/><REACH who="2" step="1"/><F47/><REACH who="2" ten="589,168,22,211" step="2"/><W55/><G125/><T103/><D44/><U16/><E120/><V0/><AGARI ba="1,1" hai="0,6,10,25,29,35,40,46,50,82,83,85,91,93" machi="0" ten="20,7800,0" yaku="1,1,2,1,0,1,7,1,53,0" doraHai="72" doraHaiUra="52" who="2" fromWho="2" sc="589,-27,168,-27,22,91,211,-27" /><INIT seed="2,2,0,1,1,5" ten="562,141,113,184" oya="2" hai0="39,80,7,131,129,125,109,122,32,67,123,118,85" hai1="113,83,84,116,98,60,64,69,21,96,53,47,19" hai2="100,50,93,61,20,18,73,2,81,72,111,117,130" hai3="4,30,27,68,108,86,115,45,46,14,6,11,75"/><V25/><F117/><W128/><G108/><T43/><D109/><U10/><E113/><V107/><F111/><W24/><G75/><T71/><D125/><U94/><E116/><V121/><F107/><W22/><G68/><T38/><D32/><U103/><E98/><V127/><F121/><W99/><G128/><N who="0" m="49227" /><D118/><U126/><E126/><V77/><F130/><W74/><G74/><T88/><D7/><U78/><E47/><N who="3" m="17930" /><G99/><T44/><D38/><U28/><E28/><V52/><F2/><W29/><G115/><T120/><D67/><U48/><E48/><V23/><F127/><W91/><G6/><T8/><D71/><U13/><REACH who="1" step="1"/><E53/><REACH who="1" ten="562,131,113,184" step="2"/><V95/><F50/><W9/><G29/><T70/><D70/><U41/><E41/><V56/><F72/><W106/><G30/><T119/><D119/><U105/><E105/><V57/><F100/><W92/><G106/><T51/><D51/><U110/><E110/><V63/><REACH who="2" step="1"/><F23/><AGARI ba="2,1" hai="10,13,19,21,23,60,64,69,78,83,84,94,96,103" machi="23" ten="40,2600,0" yaku="1,1,52,1,53,0" doraHai="5" doraHaiUra="49" who="1" fromWho="2" sc="562,0,131,42,113,-32,184,0" /><INIT seed="3,0,0,1,1,27" ten="562,173,81,184" oya="3" hai0="81,19,69,61,3,1,22,36,13,83,38,71,64" hai1="50,70,121,122,108,4,46,52,35,129,26,54,16" hai2="123,24,2,47,128,56,62,91,65,18,25,84,12" hai3="34,42,10,96,124,39,87,37,114,49,97,107,127"/><W100/><G114/><T30/><D69/><U103/><E70/><V133/><F2/><W120/><G120/><T73/><D30/><U76/><E108/><V95/><F123/><W115/><G34/><T32/><D32/><U125/><E103/><V6/><F128/><W110/><G115/><T106/><D106/><U14/><E129/><V53/><F6/><W11/><G87/><T58/><D71/><U41/><E125/><N who="3" m="48202" /><G97/><T98/><D98/><U8/><E76/><V31/><F133/><W23/><G23/><T105/><D105/><U7/><E7/><V117/><F117/><W60/><G60/><T90/><D81/><U75/><E75/><V45/><F65/><W44/><G110/><T94/><D83/><U89/><E89/><V20/><REACH who="2" step="1"/><F25/><REACH who="2" ten="562,173,71,184" step="2"/><W113/><G113/><T101/><D64/><U126/><E126/><V111/><F111/><W29/><G39/><T63/><D38/><U118/><E118/><V33/><AGARI ba="0,1" hai="12,18,20,24,31,33,45,47,53,56,62,84,91,95" machi="33" ten="20,5200,0" yaku="1,1,0,1,7,1,52,1,53,0" doraHai="27" doraHaiUra="67" who="2" fromWho="2" sc="562,-13,173,-13,71,62,184,-26" /><INIT seed="4,0,0,5,1,106" ten="549,160,133,158" oya="0" hai0="63,3,125,119,32,19,26,67,64,14,53,128,111" hai1="4,97,6,68,118,8,62,85,33,126,24,117,2" hai2="75,41,101,87,86,28,13,45,92,50,123,12,55" hai3="110,73,94,31,72,83,5,107,89,36,49,52,132"/><T98/><D119/><U103/><E126/><V105/><F123/><W133/><G110/><T127/><D3/><U121/><E121/><V44/><F105/><W96/><G36/><T102/><D111/><U81/><E4/><V59/><F75/><W112/><G112/><T135/><D135/><N who="3" m="51785" /><G5/><T56/><D128/><U99/><E33/><V84/><F28/><W80/><G31/><N who="0" m="19575" /><D19/><U131/><E24/><V65/><F65/><W7/><G7/><T42/><D42/><U134/><E131/><V130/><F130/><W129/><G129/><T16/><D98/><U39/><E39/><V11/><F11/><W100/><G80/><T120/><D102/><U21/><E21/><V113/><F113/><W95/><G83/><T57/><D57/><U116/><E134/><V61/><REACH who="2" step="1"/><F45/><REACH who="2" ten="549,160,123,158" step="2"/><N who="3" m="27695" /><G107/><T1/><D120/><U70/><E117/><V22/><F22/><W109/><G109/><T20/><D1/><U37/><E116/><V90/><F90/><W15/><G15/><T104/><D104/><U30/><E118/><V25/><F25/><W43/><G43/><T48/><D14/><U38/><E8/><V51/><F51/><W114/><G114/><T46/><D20/><U35/><E37/><V76/><F76/><W69/><G69/><T74/><D48/><U60/><E38/><V115/><F115/><W17/><G72/><T40/><D74/><U93/><E70/><V34/><F34/><W27/><G73/><T108/><D108/><U47/><E68/><V18/><F18/><W82/><G17/><T54/><D16/><U71/><E71/><V23/><F23/><RYUUKYOKU ba="0,1" sc="549,-10,160,-10,123,30,158,-10" hai2="12,13,41,44,50,55,59,61,84,86,87,92,101" /><INIT seed="5,1,1,1,5,42" ten="539,150,153,148" oya="1" hai0="63,53,39,116,103,49,26,56,51,128,22,52,5" hai1="94,129,115,117,58,7,46,110,62,50,132,114,131" hai2="119,66,57,35,38,85,68,55,8,41,96,98,16" hai3="71,111,19,93,102,36,32,33,100,105,45,121,18"/><U60/><E117/><V109/><F35/><W34/><G111/><T44/><D116/><U0/><E110/><V14/><F119/><W92/><G71/><T122/><D128/><N who="1" m="49227" /><E94/><N who="3" m="36458" /><G36/><T69/><D39/><U90/><E90/><V12/><F85/><W65/><G65/><T37/><D37/><U130/><N who="1" m="49235" /><U15/><DORA hai="77" /><E0/><V125/><F125/><W67/><G67/><N who="0" m="39399" /><D103/><N who="3" m="39465" /><G45/><N who="0" m="27695" /><D69/><U2/><E2/><V72/><F66/><W70/><G70/><T135/><D122/><U48/><E15/><V27/><F14/><W61/><G61/><N who="1" m="23658" /><E7/><V133/><F12/><W99/><G105/><T86/><D5/><U20/><E20/><V75/><F109/><W127/><G99/><T30/><D135/><U11/><E132/><V82/><F98/><W80/><G121/><T4/><D4/><U3/><E11/><V124/><F8/><W17/><G127/><T79/><D79/><U47/><E3/><V91/><F96/><W108/><G108/><T40/><D40/><N who="1" m="24647" /><E58/><V118/><F57/><W89/><G89/><T134/><D134/><U21/><E21/><V23/><F23/><W84/><G84/><AGARI ba="1,1" hai="22,26,30,44,51,53,84,86" m="27695,39399" machi="84" ten="30,7700,0" yaku="8,1,52,2,54,1" doraHai="42,77" who="0" fromWho="3" sc="539,90,150,0,153,0,148,-80" /><INIT seed="6,0,0,2,3,11" ten="629,150,153,68" oya="2" hai0="107,75,25,89,69,38,29,52,98,57,90,100,121" hai1="92,111,99,116,106,77,82,45,8,112,84,43,33" hai2="53,5,76,35,127,17,10,34,49,81,123,48,65" hai3="0,36,41,115,108,93,42,133,9,3,120,97,105"/><V19/><F65/><W56/><G108/><T14/><D75/><U80/><E111/><V134/><F123/><W26/><G120/><T79/><D79/><U55/><E112/><V61/><F61/><W63/><G105/><T51/><D69/><U118/><E33/><V70/><F70/><W88/><G115/><T119/><D38/><U4/><E55/><V22/><F19/><W71/><G71/><T31/><D119/><U2/><E106/><V113/><F49/><W37/><G133/><T13/><D29/><U124/><E124/><V103/><F103/><W47/><G26/><T40/><D40/><U21/><E21/><V95/><F95/><W7/><G0/><T129/><D129/><U126/><E82/><V73/><F127/><W101/><G101/><T96/><D121/><U110/><E126/><V6/><F6/><W94/><G94/><T64/><D64/><U102/><E110/><V15/><F134/><W128/><G128/><T135/><D135/><U44/><E44/><V86/><F73/><W24/><G24/><T104/><D104/><U50/><AGARI ba="0,0" hai="2,4,8,43,45,50,77,80,84,92,99,102,116,118" machi="50" ten="20,1500,0" yaku="0,1,7,1" doraHai="11" who="1" fromWho="1" sc="629,-4,150,15,153,-7,68,-4" /><INIT seed="7,0,0,0,5,83" ten="625,165,146,64" oya="3" hai0="13,43,98,12,90,57,78,106,94,16,118,99,87" hai1="4,119,107,80,97,65,20,123,46,45,133,69,19" hai2="11,112,15,100,27,67,24,28,109,111,84,120,81" hai3="121,41,63,103,48,71,56,61,30,108,35,125,76"/><W36/><G103/><T22/><D118/><U85/><E133/><V60/><F100/><W110/><G35/><T74/><D43/><U124/><E124/><V130/><F130/><W44/><G76/><T72/><D72/><U29/><E69/><V82/><F82/><W9/><G30/><T23/><D106/><U0/><E29/><V34/><F27/><W91/><G91/><T75/><D75/><U73/><E65/><V14/><F112/><W95/><G95/><T102/><D102/><U89/><E123/><V59/><F120/><W40/><G9/><T49/><D74/><U92/><E107/><V66/><F66/><N who="3" m="41439" /><G121/><T54/><D78/><U64/><E89/><V2/><F2/><W117/><G117/><T114/><D114/><U53/><E92/><V50/><F50/><W129/><G129/><T52/><D54/><U77/><E77/><V38/><F14/><N who="0" m="5738" /><D22/><U86/><E20/><V70/><F70/><W135/><G125/><T8/><D8/><U116/><E116/><V17/><F38/><W101/><G101/><T25/><AGARI ba="0,0" hai="16,23,25,49,52,57,87,90,94,98,99" m="5738" machi="25" ten="30,7900,0" yaku="8,1,52,1,54,2" doraHai="83" who="0" fromWho="0" sc="625,79,165,-20,146,-20,64,-39" owari="704,79.0,145,-5.0,126,-27.0,25,-47.0" /></mjloggm>