<mjloggm ver="2.3"><GO type="225" lobby="0"/><UN n0="%E5%A4%A2%E5%96%B0%E3%81%84" n1="%74%61%6B%75%61%6B%61" n2="%E3%82%A6%E3%83%AB%E3%83%88%E3%83%A9%E7%AB%8B%E7%9B%B4" n3="%E3%81%8D%E3%81%BF%E3%81%9F%E3%81%BE%E3%81%94" dan="16,18,17,16" rate="2154.62,2197.01,2193.16,2033.91" sx="F,M,M,M"/><TAIKYOKU oya="0"/><INIT seed="0,0,0,2,3,129" ten="250,250,250,250" oya="0" hai0="96,101,21,28,51,60,134,3,77,63,75,64,105" hai1="39,49,114,88,79,45,83,108,37,84,133,99,31" hai2="103,76,43,119,95,24,50,73,34,58,67,97,102" hai3="7,131,62,135,94,41,128,127,125,30,12,115,91"/><T65/><D3/><U40/><E108/><V2/><F2/><W92/><G30/><T61/><D77/><U47/><E114/><V20/><F119/><W87/><G41/><T42/><D75/><U18/><E31/><V56/><F34/><W107/><G107/><T10/><D10/><U38/><E133/><V19/><F73/><W23/><G62/><T104/><D104/><U110/><E110/><V90/><F76/><W11/><G23/><T8/><D8/><U123/><E123/><V14/><F14/><W1/><G115/><T100/><D134/><U53/><E18/><V70/><F70/><W132/><G92/><N who="0" m="58375" /><D101/><N who="2" m="38410" /><F67/><N who="0" m="25674" /><D105/><U93/><AGARI ba="0,0" hai="37,38,39,40,45,47,49,53,79,83,84,88,93,99" machi="93" ten="30,2000,0" yaku="0,1,54,1" doraHai="129" who="1" fromWho="1" sc="250,-10,250,20,250,-5,250,-5" /><INIT seed="1,0,0,4,2,108" ten="240,270,245,245" oya="1" hai0="6,19,28,82,78,80,122,58,132,97,55,43,41" hai1="8,9,11,68,39,48,56,71,74,124,33,77,92" hai2="126,99,24,17,73,106,67,112,76,111,13,102,98" hai3="93,46,72,95,79,117,66,90,31,0,10,109,104"/><U50/><E33/><V64/><F111/><W60/><G104/><T87/><D132/><U129/><E39/><V81/><F126/><W23/><G109/><T62/><D122/><U100/><E77/><V125/><F125/><W105/><G105/><T134/><D134/><U128/><E74/><V83/><F112/><W103/><G72/><T20/><D28/><U54/><E124/><V91/><F24/><W1/><G79/><T119/><D119/><U115/><E48/><V14/><F14/><W101/><G1/><T29/><D29/><U94/><E115/><V133/><F133/><W113/><G0/><T63/><D6/><U65/><E65/><V16/><F17/><W5/><G117/><T61/><D97/><N who="1" m="59431" /><E94/><V45/><F45/><W7/><G46/><T75/><D82/><U35/><E35/><V26/><F26/><N who="3" m="16863" /><G113/><T88/><D78/><U36/><E36/><V47/><F47/><W57/><G93/><T59/><D75/><U38/><E38/><V34/><F34/><W85/><G10/><T3/><D3/><U127/><E127/><V21/><REACH who="2" step="1"/><F98/><REACH who="2" ten="240,270,235,245" step="2"/><W114/><G114/><T4/><D4/><AGARI ba="0,1" hai="4,5,7,57,60,66,85,90,95,101,103" m="16863" machi="4" ten="30,1000,0" yaku="8,1" doraHai="108" who="3" fromWho="0" sc="240,-10,270,0,235,0,245,20" /><INIT seed="2,0,0,2,3,92" ten="230,270,235,265" oya="2" hai0="78,58,130,109,32,121,126,10,99,55,23,85,26" hai1="82,6,41,106,3,98,124,51,2,29,79,69,86" hai2="134,118,87,25,54,13,48,47,107,1,0,21,75" hai3="35,70,63,131,101,30,24,73,113,90,53,27,102"/><V4/><F75/><W18/><G73/><T65/><D121/><U77/><E69/><V14/><F118/><W61/><G131/><T20/><D32/><U19/><E29/><V76/><F107/><W28/><G18/><T5/><D130/><U40/><E6/><V120/><F120/><W31/><G113/><T94/><D65/><U22/><E2/><V117/><F117/><W67/><G90/><T39/><D39/><U91/><E3/><V89/><F76/><W123/><G123/><T114/><D114/><U103/><E124/><V62/><F134/><W104/><G27/><T129/><D109/><U66/><E66/><V8/><F62/><W60/><G102/><N who="0" m="60791" /><D126/><U127/><E127/><V93/><REACH who="2" step="1"/><F1/><REACH who="2" ten="230,270,225,265" step="2"/><W33/><G61/><T11/><D129/><U84/><E77/><V52/><F52/><W80/><G53/><T56/><D55/><U12/><REACH who="1" step="1"/><E51/><REACH who="1" ten="230,260,225,265" step="2"/><V43/><F43/><W38/><G60/><T17/><D78/><U122/><E122/><V111/><F111/><W81/><G38/><T46/><D5/><U110/><E110/><V135/><F135/><W36/><G36/><T15/><D17/><AGARI ba="0,2" hai="0,4,8,13,14,17,21,25,47,48,54,87,89,93" machi="17" ten="30,5800,0" yaku="1,1,7,1,53,1" doraHai="92" doraHaiUra="88" who="2" fromWho="0" sc="230,-58,260,0,225,78,265,0" /><INIT seed="2,1,0,2,0,105" ten="172,260,303,265" oya="2" hai0="12,65,41,74,39,78,129,124,84,49,19,66,88" hai1="134,50,118,63,3,67,130,123,31,23,45,100,71" hai2="43,72,35,96,9,125,111,10,115,25,32,91,112" hai3="11,94,18,46,0,34,17,82,90,122,116,14,5"/><V59/><F72/><W102/><G116/><T99/><D39/><U132/><E118/><V73/><F73/><W55/><G122/><T24/><D129/><U79/><E3/><V13/><F43/><W83/><G34/><T8/><D124/><U1/><E1/><V48/><F125/><W38/><G102/><T85/><D24/><N who="1" m="16799" /><E100/><V15/><F48/><N who="3" m="29079" /><G38/><T58/><D99/><U87/><E87/><V70/><F59/><W37/><G37/><T106/><D106/><U108/><E79/><V16/><F70/><W104/><G104/><T36/><D36/><U128/><E108/><V7/><F111/><W120/><G0/><T51/><D41/><N who="1" m="24879" /><E123/><V77/><F77/><W26/><G120/><T40/><D40/><U29/><E29/><N who="2" m="19503" /><F91/><W4/><G26/><T86/><D88/><U53/><E53/><V69/><F69/><W21/><G82/><T6/><D66/><U30/><E30/><V52/><F52/><W119/><G83/><T133/><D78/><U103/><E103/><V121/><F121/><W98/><G119/><T131/><D74/><U47/><E47/><V68/><F68/><W101/><G90/><T92/><D65/><U57/><E57/><V127/><F127/><W80/><G80/><T75/><D75/><U27/><E27/><V93/><F35/><W44/><G44/><T33/><D33/><U22/><E22/><V97/><F97/><W62/><G62/><T109/><D58/><U107/><E107/><V2/><F2/><N who="3" m="407" /><G21/><T60/><D109/><U56/><E56/><V76/><F76/><W117/><G117/><T126/><D126/><RYUUKYOKU ba="1,0" sc="172,-30,260,10,303,10,265,10" hai1="63,67,71,128,130,132,134" hai2="7,9,10,13,15,16,93,96,112,115" hai3="5,14,17,18,94,98,101" /><INIT seed="2,2,0,5,2,0" ten="142,270,313,275" oya="2" hai0="40,16,109,124,132,9,134,25,49,34,23,69,50" hai1="100,10,60,12,117,73,53,106,85,81,33,116,56" hai2="94,98,101,102,1,21,5,70,82,22,66,63,39" hai3="103,11,51,13,112,123,55,47,76,20,97,43,28"/><V88/><F39/><W74/><G123/><T91/><D69/><U121/><E33/><V86/><F102/><W38/><G112/><T42/><D109/><U45/><E121/><V27/><F27/><W61/><G74/><T119/><D91/><U126/><E73/><V26/><F26/><N who="3" m="16455" /><G38/><T7/><D124/><U104/><E126/><V2/><F2/><W128/><G76/><T67/><D67/><U54/><E104/><V129/><F129/><W95/><G128/><T125/><D125/><U108/><E100/><V17/><F17/><N who="3" m="8383" /><G61/><T52/><D34/><U114/><E106/><V89/><F89/><W83/><G83/><T30/><D119/><U90/><E108/><V14/><F1/><W24/><G24/><T18/><D50/><N who="1" m="28879" /><E114/><V6/><F14/><W84/><G84/><T107/><D107/><U115/><E115/><V110/><F110/><W111/><G111/><T96/><D96/><U80/><E80/><V75/><F75/><W78/><G78/><T120/><D120/><U3/><E3/><V62/><F62/><W46/><G46/><N who="0" m="27703" /><D134/><U122/><E122/><V58/><F70/><W36/><G36/><T64/><D132/><U87/><E87/><V118/><F118/><W32/><G32/><T8/><D64/><U35/><E35/><V72/><F72/><W131/><G131/><T93/><D93/><U19/><AGARI ba="2,0" hai="10,12,19,54,56,60,81,85,90,116,117" m="28879" machi="19" ten="30,1100,0" yaku="25,1" doraHai="0" who="1" fromWho="1" sc="142,-5,270,17,313,-7,275,-5" /><INIT seed="3,0,0,5,5,62" ten="137,287,306,270" oya="3" hai0="18,120,114,83,22,12,43,133,14,29,45,54,20" hai1="122,25,52,92,4,49,79,40,135,108,47,67,38" hai2="35,91,41,99,27,128,125,75,0,23,1,127,115" hai3="10,74,69,78,73,66,82,80,24,107,96,31,3"/><W57/><G57/><T51/><D120/><U53/><E122/><V33/><F115/><W55/><G55/><N who="1" m="21066" /><E67/><V132/><F75/><N who="3" m="43103" /><G82/><T64/><D133/><U112/><E38/><V7/><F41/><W111/><G10/><T90/><D114/><U17/><E112/><V15/><F132/><W117/><G3/><N who="2" m="1097" /><F128/><W105/><G117/><T6/><D64/><U34/><E108/><V30/><F91/><W93/><G93/><T134/><D134/><U70/><E34/><N who="2" m="12811" /><F99/><W44/><G44/><T124/><D124/><U60/><E70/><V50/><F50/><W11/><G11/><AGARI ba="0,0" hai="7,11,15,23,27,30,125,127" m="12811,1097" machi="11" ten="40,2600,0" yaku="34,2" doraHai="62" who="2" fromWho="3" sc="137,0,287,0,306,26,270,-26" owari="137,-36.0,287,9.0,332,43.0,244,-16.0" /></mjloggm>