<mjloggm ver="2.3"><GO type="169" lobby="0"/><UN n0="%E9%BE%8D%E9%96%80%E6%B8%95%E9%80%8F%E8%8F%AF" n1="%E3%82%A4%E3%83%8B%E3%82%A8%E3%82%B9%E3%82%BF" n2="%E3%83%97%E3%83%A9%E3%83%81%E3%83%8A%E3%83%A0" n3="%E3%83%88%E3%83%88%E3%83%AA%E5%85%88%E7%94%9F%31%39%E6%AD%B3" dan="16,18,17,18" rate="2065.64,2178.76,2148.44,2209.08" sx="F,M,M,F"/><TAIKYOKU oya="0"/><INIT seed="0,0,0,2,4,90" ten="250,250,250,250" oya="0" hai0="51,58,87,0,10,93,19,36,74,124,5,25,111" hai1="41,61,53,77,70,64,48,60,52,30,54,62,117" hai2="122,28,76,46,20,71,81,84,135,95,2,38,26" hai3="72,45,4,83,15,57,63,121,134,17,133,18,69"/><T89/><D124/><U59/><E30/><V42/><F122/><W105/><G69/><T120/><D120/><U107/><E77/><V94/><F71/><W128/><G121/><T12/><D36/><U3/><E3/><V7/><REACH who="2" step="1"/><F135/><REACH who="2" ten="250,250,240,250" step="2"/><W123/><G123/><T33/><D111/><U8/><E117/><V88/><F88/><W6/><G133/><T97/><D74/><U126/><E126/><V49/><F49/><W110/><G110/><T131/><D131/><U86/><E107/><V14/><F14/><W108/><G15/><T16/><D25/><U104/><E104/><V22/><F22/><W65/><G105/><T23/><D33/><U118/><E118/><V34/><F34/><W67/><G128/><T56/><D51/><U115/><E115/><V85/><F85/><W98/><G108/><T47/><D87/><U55/><E86/><V11/><AGARI ba="0,1" hai="2,7,11,20,26,28,38,42,46,76,81,84,94,95" machi="11" ten="30,8000,1" yaku="1,1,0,1,52,2,53,1" doraHai="90" doraHaiUra="82" who="2" fromWho="2" sc="250,-40,250,-20,240,90,250,-20" /><INIT seed="1,0,0,1,5,106" ten="210,230,330,230" oya="1" hai0="95,82,130,60,12,74,3,96,67,103,99,77,115" hai1="120,10,97,118,34,87,83,22,21,16,43,48,45" hai2="57,6,35,64,109,81,89,33,7,126,79,111,9" hai3="66,73,42,47,129,85,100,25,86,88,44,2,101"/><U14/><E118/><V105/><F105/><W80/><G2/><T41/><D115/><U116/><E116/><V0/><F6/><W117/><G117/><T39/><D130/><U24/><E120/><V19/><F19/><W121/><G121/><T5/><D3/><U125/><E125/><V110/><F89/><W132/><G129/><T114/><D114/><U69/><E69/><V4/><F4/><W55/><G132/><T68/><D99/><U104/><E34/><V32/><F126/><W62/><G73/><T91/><D5/><U49/><E49/><V58/><REACH who="2" step="1"/><F64/><REACH who="2" ten="210,230,320,230" step="2"/><W102/><G102/><T93/><D91/><U13/><E104/><V94/><F94/><W113/><G113/><T135/><D93/><U8/><E97/><V71/><F71/><W78/><G66/><T134/><D135/><U124/><E124/><V29/><F29/><W70/><G70/><T98/><D134/><U53/><E43/><V65/><F65/><W37/><G100/><T30/><D95/><U51/><E51/><V1/><F1/><W59/><G101/><T52/><D41/><U40/><E40/><V123/><F123/><W75/><G88/><T84/><D98/><U11/><E22/><V20/><F20/><W119/><G119/><T122/><D96/><U23/><E21/><V112/><F112/><W61/><G61/><T76/><D60/><U46/><E46/><V50/><F50/><W127/><G127/><T90/><D103/><U17/><E24/><V128/><F128/><W38/><G25/><T27/><D68/><U133/><E133/><V54/><F54/><RYUUKYOKU ba="0,1" sc="210,-30,230,10,320,10,230,10" hai1="8,10,11,13,14,16,17,23,45,48,53,83,87" hai2="0,7,9,32,33,35,57,58,79,81,109,110,111" hai3="37,38,42,44,47,55,59,62,75,78,80,85,86" /><INIT seed="1,1,1,2,0,37" ten="180,240,330,240" oya="1" hai0="91,23,106,77,99,56,101,44,89,15,51,73,115" hai1="9,16,71,135,112,49,17,2,0,66,47,87,123" hai2="114,88,18,132,29,46,124,86,20,134,81,21,80" hai3="98,58,39,4,11,111,131,19,117,113,53,78,40"/><U85/><E112/><V64/><F124/><W27/><G113/><T96/><D115/><U94/><E123/><V107/><F107/><W62/><G111/><T70/><D70/><U24/><E135/><N who="2" m="51755" /><F114/><W125/><G125/><T3/><D3/><U28/><E66/><V97/><F64/><W57/><G131/><T45/><D45/><U84/><E71/><V5/><F5/><W31/><G117/><T133/><D133/><U110/><E94/><V7/><F7/><W14/><G78/><T90/><D56/><U102/><E102/><V122/><F122/><W35/><G57/><T48/><D99/><U26/><E110/><V12/><F46/><W32/><G98/><T126/><D126/><U22/><E9/><N who="2" m="6415" /><F97/><W6/><G35/><T61/><D44/><U68/><E68/><V1/><F1/><W83/><G39/><T74/><D96/><U10/><E17/><V42/><F81/><W59/><G83/><T69/><D101/><U130/><E130/><V60/><F60/><W50/><REACH who="3" step="1"/><G40/><REACH who="3" ten="180,240,330,230" step="2"/><T72/><D69/><U67/><E47/><V63/><F42/><W100/><G100/><T95/><D106/><U116/><E116/><V43/><F43/><W38/><G38/><T104/><D104/><U13/><E67/><AGARI ba="1,2" hai="4,6,11,14,19,27,31,32,50,53,58,59,62,67" machi="67" ten="30,7700,0" yaku="1,1,7,1,53,2" doraHai="37" doraHaiUra="52" who="3" fromWho="1" sc="180,0,240,-80,330,0,230,100" /><INIT seed="2,0,0,1,2,30" ten="180,160,330,330" oya="2" hai0="70,36,43,42,65,63,40,91,5,8,16,111,97" hai1="103,78,73,81,3,44,20,31,6,13,80,21,27" hai2="59,10,56,45,99,25,102,19,108,76,128,132,69" hai3="130,28,84,95,113,112,79,52,119,68,49,51,9"/><V133/><F69/><W11/><G119/><T12/><D111/><U17/><E103/><V104/><F128/><W35/><G68/><T89/><D36/><U46/><E80/><V55/><F76/><W75/><G75/><T7/><REACH who="0" step="1"/><D97/><REACH who="0" ten="170,160,330,330" step="2"/><U71/><E71/><V61/><F108/><W57/><G130/><T32/><D32/><U50/><E50/><V23/><F133/><W33/><G51/><T109/><D109/><U47/><E3/><V94/><F132/><W60/><G49/><T54/><D54/><U15/><E6/><AGARI ba="0,1" hai="5,6,7,8,12,16,40,42,43,63,65,70,89,91" machi="6" ten="40,8000,1" yaku="1,1,54,1,53,3" doraHai="30" doraHaiUra="0" who="0" fromWho="1" sc="170,90,160,-80,330,0,330,0" /><INIT seed="3,0,0,2,5,84" ten="260,80,330,330" oya="3" hai0="70,39,25,127,116,100,103,50,74,13,44,61,28" hai1="55,89,118,86,24,4,102,106,58,91,94,80,19" hai2="47,31,123,8,53,14,52,93,60,79,42,41,115" hai3="105,134,29,112,16,65,75,2,85,73,110,117,32"/><W101/><G112/><T33/><D39/><U120/><E120/><V6/><F115/><W35/><G117/><T129/><D129/><U104/><E118/><V124/><F124/><W76/><G2/><T77/><D116/><U69/><E69/><V46/><F123/><W95/><G134/><T131/><D127/><U109/><E109/><V38/><F31/><W43/><G110/><T92/><D131/><U59/><E4/><V71/><F79/><W11/><G105/><T125/><D125/><U135/><E102/><V98/><F60/><W126/><G126/><T78/><D74/><U130/><E59/><V45/><F71/><W7/><G43/><N who="2" m="16393" /><F38/><W128/><G128/><T12/><D70/><U68/><E68/><V132/><F132/><W64/><G35/><T108/><D61/><N who="1" m="36063" /><E135/><V27/><F27/><W15/><G73/><T66/><D66/><N who="3" m="25705" /><G75/><T23/><D108/><U17/><E130/><V96/><F96/><N who="3" m="59551" /><G29/><T62/><D33/><U119/><E119/><V99/><F99/><W21/><G32/><T9/><D62/><U121/><E121/><V82/><F82/><N who="3" m="47303" /><G7/><T49/><D28/><U3/><E3/><V133/><F133/><W30/><G30/><T54/><D77/><U97/><E19/><V72/><F72/><W18/><G18/><T111/><D78/><U26/><E26/><V40/><F40/><W57/><G57/><T113/><D25/><U114/><E114/><V1/><F1/><W83/><G83/><T63/><D111/><U10/><E24/><V122/><F122/><W48/><G48/><T88/><D113/><U0/><E0/><RYUUKYOKU ba="0,0" sc="260,-30,80,10,330,10,330,10" hai1="10,17,80,86,89,91,94,97,104,106" hai2="6,8,14,45,46,47,52,53,93,98" hai3="11,15,16,21" /><INIT seed="3,1,0,2,0,13" ten="230,90,340,340" oya="3" hai0="127,109,121,57,65,81,123,3,68,47,27,11,21" hai1="95,110,15,30,86,26,67,74,49,132,106,5,16" hai2="131,133,28,61,35,80,122,100,39,124,48,83,50" hai3="46,93,94,4,10,135,14,7,105,12,36,78,1"/><W102/><G135/><T73/><D109/><U40/><E106/><V126/><F39/><W112/><G112/><T119/><D127/><N who="2" m="48682" /><F122/><W120/><G120/><T117/><D68/><U88/><E110/><V8/><F133/><W130/><G130/><T82/><D47/><N who="1" m="25831" /><E74/><V91/><F100/><W77/><G105/><T89/><D82/><U96/><E132/><V79/><F91/><W134/><G134/><T114/><D114/><U58/><E5/><V76/><F83/><W29/><G29/><T66/><D73/><U116/><E116/><V19/><F79/><W51/><G36/><T22/><D81/><U98/><E26/><N who="2" m="18839" /><F61/><W9/><G1/><T129/><D3/><U44/><E30/><V42/><F42/><W101/><G46/><T71/><D129/><U85/><E44/><V37/><F37/><W41/><G51/><T54/><D89/><N who="1" m="53687" /><E58/><V20/><F8/><W34/><G34/><T113/><D11/><N who="1" m="6271" /><E67/><V17/><F131/><W24/><G24/><T53/><D27/><U72/><E72/><N who="2" m="43015" /><F20/><W59/><G59/><T90/><D57/><U31/><E31/><V115/><F115/><W56/><G56/><T107/><D113/><U23/><E23/><V111/><F111/><W64/><G41/><T75/><D117/><U45/><E45/><V32/><F32/><W128/><G128/><T43/><D119/><U125/><E125/><V70/><F70/><W104/><G104/><T87/><D107/><U92/><AGARI ba="1,0" hai="85,88,92,96,98" m="6271,53687,25831" machi="92" ten="30,7900,0" yaku="8,1,52,1,54,2" doraHai="13" who="1" fromWho="1" sc="230,-21,90,82,340,-21,340,-40" /><INIT seed="4,0,0,5,1,71" ten="209,172,319,300" oya="0" hai0="8,10,17,3,128,91,21,90,132,63,131,116,70" hai1="111,118,117,23,35,79,46,13,115,9,27,105,39" hai2="97,122,6,127,134,126,31,16,85,129,26,33,48" hai3="87,133,121,28,62,96,114,123,29,103,135,102,66"/><T80/><D116/><U74/><E105/><V45/><F122/><N who="3" m="46603" /><G87/><T72/><D132/><N who="3" m="50761" /><G114/><T15/><D72/><U104/><E104/><V98/><F134/><W14/><G14/><T30/><D30/><N who="3" m="11881" /><G96/><T109/><D109/><U76/><E13/><V120/><F129/><N who="0" m="49738" /><D70/><AGARI ba="0,0" hai="62,66,70,102,103" m="11881,50761,46603" machi="70" ten="30,2000,0" yaku="13,1,20,1" doraHai="71" who="3" fromWho="0" sc="209,-20,172,0,319,0,300,20" /><INIT seed="5,0,0,4,2,127" ten="189,172,319,320" oya="1" hai0="116,106,34,16,45,109,130,102,40,64,85,123,13" hai1="83,96,81,43,9,33,118,23,122,20,60,32,100" hai2="131,95,50,108,55,134,92,29,70,38,47,1,53" hai3="22,112,7,21,101,10,73,93,6,12,74,62,113"/><U48/><E118/><V39/><F108/><W14/><G62/><T120/><D109/><U54/><E122/><N who="0" m="46633" /><D116/><U0/><E33/><V132/><F1/><W133/><G93/><T97/><D34/><U111/><E32/><V66/><F29/><W5/><G101/><T88/><D64/><U117/><E117/><V78/><F78/><W18/><G133/><N who="2" m="51305" /><F92/><W24/><G73/><T119/><D119/><U51/><E111/><V27/><F27/><W103/><G74/><T25/><D25/><U52/><E43/><V42/><F95/><W30/><REACH who="3" step="1"/><G103/><REACH who="3" ten="189,172,319,310" step="2"/><T79/><D102/><U17/><E60/><N who="2" m="40263" /><F131/><W115/><AGARI ba="0,1" hai="5,6,7,10,12,14,18,21,22,24,30,112,113,115" machi="115" ten="30,12000,2" yaku="1,1,0,1,15,1,34,3,53,0" doraHai="127" doraHaiUra="135" who="3" fromWho="3" sc="189,-30,172,-60,319,-30,310,130" /><INIT seed="6,0,0,1,4,115" ten="159,112,289,440" oya="2" hai0="68,88,50,71,58,35,43,124,99,91,3,110,53" hai1="95,14,8,102,60,84,113,72,75,24,77,0,69" hai2="41,125,30,57,131,107,83,118,42,63,79,54,98" hai3="90,82,32,52,38,106,73,16,15,116,119,103,101"/><V17/><F118/><W86/><G32/><T127/><D3/><U123/><E0/><V132/><F132/><W76/><G38/><T56/><D35/><U39/><E113/><V13/><F131/><W120/><G120/><T11/><D11/><U18/><E39/><V93/><F107/><W111/><G111/><T48/><D110/><U78/><E123/><V45/><F125/><W97/><G101/><T105/><D99/><U33/><E75/><V36/><F30/><W66/><G52/><T64/><D105/><U29/><E72/><V133/><F133/><W19/><G66/><T27/><D64/><U70/><E60/><V26/><F26/><W112/><G112/><T6/><D53/><U44/><E44/><V87/><F45/><W31/><G31/><T129/><D27/><U65/><E65/><V7/><F7/><W47/><G47/><T2/><D6/><U59/><E59/><V130/><F130/><W104/><G104/><T128/><D2/><U20/><E33/><V108/><F36/><W23/><G19/><T34/><D34/><U25/><E25/><V37/><F37/><W62/><G62/><T122/><D122/><U4/><E29/><V5/><F5/><W89/><G89/><T80/><D80/><AGARI ba="0,0" hai="15,16,23,73,76,80,82,86,90,97,103,106,116,119" machi="80" ten="30,7700,0" yaku="7,1,52,2,54,1" doraHai="115" who="3" fromWho="0" sc="159,-77,112,0,289,0,440,77" /><INIT seed="7,0,0,3,1,118" ten="82,112,289,517" oya="3" hai0="13,76,5,43,83,32,62,120,133,64,131,70,10" hai1="21,135,20,101,18,33,46,19,45,88,41,37,60" hai2="8,66,44,94,39,74,103,6,61,123,25,11,50" hai3="67,127,82,49,72,111,78,30,128,91,90,58,54"/><W102/><G128/><T4/><D131/><U31/><E33/><V53/><F74/><W36/><G36/><T124/><D133/><U51/><E101/><V121/><F39/><W92/><G127/><T0/><D124/><U71/><E135/><V126/><F126/><W77/><G111/><T96/><D32/><U27/><E88/><V48/><F25/><W16/><G30/><T129/><D129/><U106/><E106/><V105/><F105/><W1/><G1/><T34/><D34/><U17/><E71/><V119/><F119/><W22/><G67/><T2/><D43/><U81/><E81/><V15/><F48/><W107/><G107/><T100/><D120/><U85/><E85/><V75/><F75/><W95/><G72/><T115/><D115/><U56/><E46/><V73/><F73/><W65/><G65/><T79/><D79/><N who="3" m="30217" /><G82/><T112/><D112/><U9/><E9/><V122/><F11/><W110/><G110/><T109/><D109/><U134/><E134/><V52/><F94/><N who="3" m="35883" /><G102/><T38/><D38/><U24/><E37/><V117/><F103/><W69/><G69/><T68/><D68/><U108/><E108/><V125/><F125/><W59/><G59/><T84/><D5/><U104/><E104/><V47/><F117/><W80/><G80/><T93/><AGARI ba="0,0" hai="0,2,4,10,13,62,64,70,76,83,84,93,96,100" machi="93" ten="20,1500,0" yaku="0,1,7,1" doraHai="118" who="0" fromWho="0" sc="82,15,112,-4,289,-4,517,-7" owari="97,-40.0,108,-29.0,285,9.0,510,60.0" /></mjloggm>