<mjloggm ver="2.3"><GO type="169" lobby="0"/><UN n0="%E9%81%8A%E8%B5%B0" n1="%E3%81%AF%E3%81%AA%E3%81%B3" n2="%E3%82%A6%E3%83%AB%E3%83%88%E3%83%A9%E7%AB%8B%E7%9B%B4" n3="%72%79%6F%E2%80%A6%31%35" dan="16,16,17,17" rate="2139.64,2029.54,2154.43,2098.90" sx="M,M,M,M"/><TAIKYOKU oya="0"/><INIT seed="0,0,0,0,4,42" ten="250,250,250,250" oya="0" hai0="87,122,31,47,67,54,68,108,93,62,5,44,69" hai1="134,36,115,20,37,35,130,121,7,3,38,100,103" hai2="118,58,111,133,48,97,43,53,84,18,55,89,28" hai3="92,106,74,135,26,22,11,4,45,90,94,75,50"/><T64/><D122/><U85/><E121/><V101/><F118/><W102/><G106/><T88/><D108/><U128/><E35/><V9/><F111/><W110/><G135/><T116/><D116/><U117/><E117/><V21/><F133/><W65/><G65/><T14/><D31/><U8/><E134/><V15/><F55/><W66/><G66/><N who="0" m="25131" /><D68/><U16/><E85/><V72/><F72/><W83/><G110/><T78/><D69/><U113/><E103/><V119/><F119/><W39/><G102/><T79/><D5/><U34/><E100/><V30/><F43/><W61/><G61/><T96/><D14/><U19/><E34/><V126/><F126/><W27/><G39/><T104/><D104/><U129/><REACH who="1" step="1"/><E19/><REACH who="1" ten="250,240,250,250" step="2"/><V120/><F120/><W17/><G75/><T124/><D124/><U86/><E86/><V127/><F127/><W70/><G74/><T24/><D79/><U107/><E107/><V80/><F101/><W99/><G70/><T76/><D76/><U2/><E2/><V125/><F125/><W29/><G99/><T57/><D24/><AGARI ba="0,1" hai="3,7,8,16,20,24,36,37,38,113,115,128,129,130" machi="24" ten="50,6400,0" yaku="1,1,19,1,54,1,53,0" doraHai="42" doraHaiUra="91" who="1" fromWho="0" sc="250,-64,240,74,250,0,250,0" /><INIT seed="1,0,0,4,5,97" ten="186,314,250,250" oya="1" hai0="129,106,33,127,51,93,5,76,7,80,6,125,49" hai1="130,109,96,108,116,10,103,1,99,111,114,25,119" hai2="40,115,0,32,73,56,9,122,72,53,91,67,11" hai3="135,8,117,47,2,43,88,87,36,34,102,52,77"/><U55/><E114/><V101/><F32/><W45/><G34/><T98/><D106/><U54/><E25/><V24/><F122/><W75/><G135/><T30/><D129/><U71/><E71/><V61/><F115/><W90/><G117/><N who="1" m="45130" /><E130/><V14/><F40/><W84/><G102/><T112/><D112/><U57/><E57/><V44/><F101/><W79/><G75/><T46/><D30/><U126/><E126/><V81/><F24/><W70/><G70/><T23/><D23/><U48/><E48/><V64/><F9/><W41/><G8/><T3/><D33/><U132/><E132/><V83/><F0/><W85/><G2/><T82/><D3/><U35/><E35/><V120/><F120/><W105/><G105/><T104/><D104/><N who="1" m="63591" /><E99/><V38/><F38/><W50/><REACH who="3" step="1"/><G41/><REACH who="3" ten="186,314,250,240" step="2"/><T60/><D127/><U134/><E134/><V29/><F11/><W124/><G124/><T13/><D125/><U62/><E62/><V21/><F61/><W28/><G28/><T113/><D60/><U17/><E1/><V121/><F29/><W26/><G26/><T12/><D113/><U128/><E128/><V68/><F68/><W86/><N who="3" m="21504" /><DORA hai="100" /><W123/><G123/><T133/><D133/><U74/><E74/><V20/><F73/><W15/><G15/><AGARI ba="0,1" hai="10,15,17,54,55,108,109,111" m="63591,45130" machi="15" ten="40,12000,1" yaku="14,1,10,1,52,2" doraHai="97,100" who="1" fromWho="3" sc="186,0,314,130,250,0,240,-120" /><INIT seed="1,1,0,2,2,41" ten="186,444,250,120" oya="1" hai0="128,100,39,16,62,54,31,108,56,3,94,121,5" hai1="124,125,122,133,83,93,102,92,2,114,1,88,120" hai2="109,99,98,79,6,131,95,19,119,86,55,65,111" hai3="76,66,68,77,84,7,4,80,23,129,63,117,50"/><U15/><E15/><V17/><F65/><W33/><G33/><T104/><D108/><U69/><E69/><V116/><F6/><W36/><G36/><T35/><D104/><U32/><E32/><V28/><F28/><W27/><G129/><T110/><D110/><U134/><E114/><V40/><F40/><W8/><G117/><T87/><D128/><U103/><E83/><V43/><F43/><W48/><G77/><T52/><D39/><U22/><E22/><V81/><F55/><W71/><G71/><T118/><D118/><U91/><AGARI ba="1,0" hai="1,2,88,91,92,93,102,103,120,122,124,125,133,134" machi="91" ten="25,9600,0" yaku="0,1,22,2,54,1" doraHai="41" who="1" fromWho="1" sc="186,-33,444,99,250,-33,120,-33" /><INIT seed="1,2,0,1,0,59" ten="153,543,217,87" oya="1" hai0="25,14,81,52,96,88,80,127,5,12,26,24,23" hai1="32,122,0,99,15,125,8,98,91,2,83,28,60" hai2="7,104,16,118,63,103,10,33,133,124,47,36,86" hai3="112,75,129,95,9,113,134,128,110,114,49,105,72"/><U13/><E122/><V102/><F33/><W56/><G9/><T53/><D127/><U85/><E32/><V76/><F118/><W18/><G18/><N who="0" m="10711" /><D5/><U48/><E28/><V106/><F47/><W77/><G49/><T93/><D12/><U31/><E31/><V92/><F36/><W35/><G56/><T45/><D45/><U51/><E125/><V73/><F73/><N who="3" m="28235" /><G35/><T62/><D62/><U71/><E0/><V40/><F63/><W20/><G20/><T123/><D123/><U108/><E2/><V78/><F40/><W27/><G27/><N who="0" m="6915" /><T43/><DORA hai="64" /><D43/><U130/><E13/><V3/><F10/><W135/><G105/><T67/><D67/><U42/><E42/><V121/><F7/><W131/><G110/><T39/><D39/><U107/><E108/><V41/><F41/><W126/><G126/><T22/><D22/><U38/><E107/><V101/><F3/><W65/><G65/><T111/><D111/><U1/><E38/><V84/><F124/><W82/><G95/><T132/><D132/><N who="3" m="50729" /><G82/><AGARI ba="2,0" hai="52,53,80,81,82,88,93,96" m="6915,10711" machi="82" ten="30,3900,0" yaku="8,1,54,2" doraHai="59,64" who="0" fromWho="3" sc="153,45,543,0,217,0,87,-45" /><INIT seed="2,0,0,5,1,104" ten="198,543,217,42" oya="2" hai0="89,17,65,43,74,20,83,129,6,122,99,80,97" hai1="114,106,37,57,49,23,51,68,118,107,111,61,125" hai2="53,30,87,47,79,15,121,131,25,124,82,27,78" hai3="130,76,128,40,32,16,58,73,100,117,103,94,109"/><V41/><F121/><W69/><G32/><T21/><D122/><U72/><E114/><V33/><F124/><W50/><G69/><T60/><D129/><N who="3" m="49769" /><G117/><T36/><D6/><U55/><E72/><V1/><F131/><W90/><G109/><T13/><D36/><U85/><E85/><V19/><F1/><W18/><G58/><N who="0" m="37015" /><D74/><U9/><E107/><V31/><F53/><W81/><G50/><T77/><D43/><U22/><E106/><V14/><F19/><N who="3" m="7211" /><G40/><T3/><D3/><U108/><E37/><V101/><F101/><W35/><G35/><T75/><D75/><U66/><E118/><V12/><F79/><W64/><G64/><T135/><D135/><U132/><E132/><V88/><F47/><W48/><G48/><T34/><D34/><U54/><E125/><V4/><F41/><W113/><G113/><T42/><D42/><U38/><E38/><V126/><F126/><W105/><G105/><T56/><D56/><N who="1" m="32863" /><E9/><V59/><F59/><W110/><G110/><AGARI ba="0,0" hai="22,23,49,55,57,61,66,68,108,110,111" m="32863" machi="110" ten="30,1000,0" yaku="14,1" doraHai="104" who="1" fromWho="3" sc="198,0,543,10,217,0,42,-10" /><INIT seed="3,0,0,3,0,4" ten="198,553,217,32" oya="3" hai0="132,120,95,118,125,1,31,121,12,28,87,133,51" hai1="81,92,62,105,14,74,3,83,40,34,37,21,45" hai2="43,16,7,29,131,97,69,55,101,128,56,67,2" hai3="49,10,42,66,75,41,126,89,48,108,122,119,102"/><W135/><G122/><T59/><D1/><U9/><E34/><V30/><F43/><W15/><G119/><T19/><D118/><U77/><E105/><V116/><F116/><W99/><G75/><T17/><D125/><U79/><E92/><V54/><F69/><W35/><G35/><T58/><D95/><U57/><E21/><V5/><F67/><W52/><G126/><T98/><D87/><U39/><E3/><V73/><F16/><N who="0" m="6218" /><D98/><U47/><E45/><V46/><F46/><W109/><G135/><N who="0" m="51787" /><D12/><U84/><E84/><V130/><F55/><W93/><G66/><T50/><D50/><U44/><E81/><V65/><F65/><W13/><G102/><T8/><D8/><U117/><E117/><V80/><F80/><W91/><G91/><T100/><D100/><U94/><E94/><N who="2" m="58551" /><F73/><W6/><G15/><T114/><D114/><U72/><E83/><V134/><F134/><W61/><G61/><T68/><D68/><U27/><E74/><V38/><F38/><W33/><G48/><T11/><D11/><U124/><E72/><V90/><F90/><W18/><G6/><N who="2" m="2057" /><F2/><W71/><G71/><T112/><D112/><U36/><E124/><V64/><F64/><W23/><G10/><T32/><D32/><U78/><E36/><V104/><F104/><W22/><G33/><T24/><D24/><U60/><E27/><V0/><F0/><W88/><G89/><T129/><D129/><U85/><E39/><V123/><F123/><N who="0" m="47178" /><D51/><AGARI ba="0,0" hai="29,30,51,54,56,128,130,131" m="2057,58551" machi="51" ten="30,1000,0" yaku="19,1" doraHai="4" who="2" fromWho="0" sc="198,-10,553,0,217,10,32,0" /><INIT seed="4,0,0,5,4,60" ten="188,553,227,32" oya="0" hai0="50,122,97,9,58,31,41,83,82,124,101,100,71" hai1="81,119,98,33,86,102,66,42,94,45,55,36,112" hai2="56,111,25,130,126,135,65,21,120,108,19,28,39" hai3="78,1,107,22,116,121,16,67,84,3,46,105,13"/><T96/><D71/><U54/><E119/><V26/><F39/><W24/><G116/><T10/><D122/><U131/><E33/><V49/><F120/><W52/><G121/><T79/><D31/><U30/><E30/><V0/><F0/><W110/><G110/><T114/><D114/><U91/><E131/><V5/><F5/><W106/><G67/><T11/><D124/><U88/><E112/><V40/><F126/><W99/><G99/><N who="0" m="37963" /><D41/><U69/><E69/><V104/><F104/><W27/><G3/><T43/><D79/><U68/><E102/><N who="0" m="39529" /><D58/><U12/><E12/><V133/><F130/><W74/><G1/><T32/><D32/><U87/><E98/><V113/><F113/><W90/><G78/><T34/><D34/><U117/><E117/><V44/><F111/><W92/><REACH who="3" step="1"/><G74/><REACH who="3" ten="188,553,227,22" step="2"/><T103/><D103/><U6/><E91/><V75/><F75/><W118/><G118/><T125/><D125/><U18/><E88/><V77/><F77/><W38/><G38/><T14/><D14/><U129/><E129/><V29/><F108/><W76/><G76/><T59/><D43/><U17/><E42/><V63/><F26/><W95/><G95/><T123/><D123/><U35/><E94/><V8/><F25/><W37/><G37/><T15/><D15/><U109/><E36/><V128/><F128/><W115/><G115/><T61/><D83/><U73/><E81/><V4/><F40/><W51/><AGARI ba="0,1" hai="13,16,22,24,27,46,51,52,84,90,92,105,106,107" machi="51" ten="40,8000,1" yaku="1,1,0,1,54,2,53,0" doraHai="60" doraHaiUra="53" who="3" fromWho="3" sc="188,-40,553,-20,227,-20,22,90" /><INIT seed="5,0,0,0,3,109" ten="148,533,207,112" oya="1" hai0="28,1,134,114,34,51,95,79,105,80,123,110,45" hai1="104,24,126,0,77,69,22,72,120,16,108,62,133" hai2="8,15,118,88,65,11,59,98,21,25,47,37,84" hai3="27,102,131,12,23,19,49,43,13,97,101,6,73"/><U129/><E77/><V7/><F118/><W132/><G73/><T115/><D110/><U125/><E62/><V99/><F37/><W121/><G121/><T81/><D105/><U66/><E66/><V30/><F47/><W58/><G132/><T56/><D1/><U14/><E24/><V124/><F124/><W74/><G74/><T76/><D123/><U92/><E92/><V3/><F65/><W70/><G70/><T116/><D116/><U93/><E93/><V90/><F59/><W46/><G131/><T5/><D5/><U35/><E16/><V38/><F38/><W117/><G117/><T60/><D134/><U31/><E14/><V18/><F90/><W17/><G97/><T32/><D95/><AGARI ba="0,0" hai="3,7,8,11,15,18,21,25,30,84,88,95,98,99" machi="95" ten="30,2000,0" yaku="7,1,54,1" doraHai="109" who="2" fromWho="0" sc="148,-20,533,0,207,20,112,0" /><INIT seed="6,0,0,4,4,20" ten="128,533,227,112" oya="2" hai0="80,105,42,99,62,60,34,129,44,54,29,73,107" hai1="3,115,125,27,117,38,113,127,58,16,4,70,51" hai2="131,36,86,124,35,103,85,21,83,119,94,41,57" hai3="18,92,96,49,28,120,17,135,53,11,76,81,55"/><V5/><F35/><W30/><G120/><T40/><D129/><U23/><E38/><V132/><F119/><W6/><G135/><T108/><D108/><U75/><E70/><V68/><F68/><W114/><G114/><N who="1" m="43530" /><E75/><V67/><F5/><W84/><G28/><T22/><D34/><U74/><E74/><V15/><F41/><N who="0" m="15978" /><D99/><U9/><E117/><V82/><F36/><W104/><G30/><T79/><D44/><U56/><E51/><V8/><F57/><AGARI ba="0,0" hai="3,4,9,16,23,27,56,57,58,125,127" m="43530" machi="57" ten="30,3900,0" yaku="15,1,52,1,54,1" doraHai="20" who="1" fromWho="2" sc="128,0,533,39,227,-39,112,0" /><INIT seed="7,0,0,1,0,79" ten="128,572,188,112" oya="3" hai0="10,29,95,92,75,47,126,80,7,9,50,135,51" hai1="87,132,107,41,49,69,70,108,111,46,33,120,118" hai2="19,106,21,24,52,12,64,68,8,91,102,27,6" hai3="38,122,97,55,71,43,104,94,103,100,121,22,5"/><W127/><G71/><N who="1" m="27146" /><E87/><V81/><F102/><W0/><G127/><T96/><D135/><U30/><E107/><V89/><F106/><W116/><G116/><T66/><D126/><U14/><E14/><N who="2" m="5399" /><F64/><W93/><G22/><T129/><D129/><U109/><E30/><V37/><F37/><W59/><G5/><T67/><D75/><U123/><E33/><V42/><F42/><W54/><G0/><T101/><D80/><U48/><E132/><V128/><F128/><W125/><G125/><T83/><D83/><U76/><E76/><V119/><F68/><W99/><G104/><T85/><D29/><U36/><E118/><V28/><F119/><W35/><G35/><T45/><D85/><U65/><E65/><N who="0" m="24585" /><D95/><U31/><E31/><V133/><F133/><W25/><G25/><T17/><D17/><U88/><E88/><N who="2" m="33867" /><F81/><W130/><G130/><T60/><D7/><U134/><E134/><V73/><F73/><W18/><G18/><T86/><D86/><U23/><E23/><V113/><F28/><W78/><G78/><T57/><D10/><U112/><E112/><V11/><F113/><W56/><REACH who="3" step="1"/><G38/><REACH who="3" ten="128,572,188,102" step="2"/><T63/><D9/><U3/><E3/><V32/><F32/><W110/><G110/><T77/><D77/><U58/><E36/><V15/><F27/><W84/><G84/><T98/><D98/><U4/><E4/><N who="2" m="3175" /><F24/><W115/><G115/><T90/><D101/><U105/><E105/><V40/><F21/><W114/><G114/><T117/><D117/><U72/><E123/><V13/><F19/><W16/><G16/><T20/><D20/><RYUUKYOKU ba="0,1" sc="128,-10,572,-10,188,-10,102,30" hai3="43,54,55,56,59,93,94,97,99,100,103,121,122" /><INIT seed="7,1,1,3,0,42" ten="118,562,178,132" oya="3" hai0="72,8,38,37,88,18,12,5,109,131,15,83,85" hai1="91,19,6,75,3,129,16,34,82,33,64,2,57" hai2="49,89,39,132,17,114,108,92,107,20,63,124,30" hai3="90,95,66,65,87,1,61,96,52,27,99,56,59"/><W51/><G1/><T0/><D109/><U100/><E100/><V80/><F39/><W120/><G120/><T104/><D104/><U121/><E91/><V44/><F107/><W103/><G27/><T55/><D131/><U135/><E57/><V81/><F108/><W40/><G40/><T116/><D116/><U94/><E94/><V14/><F114/><W50/><G50/><T127/><D127/><U110/><E82/><V28/><F63/><N who="3" m="38143" /><G103/><T122/><D122/><U36/><E36/><V9/><F124/><W118/><G118/><T10/><D72/><U60/><E3/><V79/><F132/><W106/><G106/><T111/><D111/><U46/><E2/><V71/><F71/><W119/><G119/><T26/><D0/><U62/><E121/><V134/><F134/><W77/><G77/><T93/><D26/><U70/><E70/><V68/><F68/><W113/><G113/><T123/><D123/><U53/><E135/><V73/><F79/><W48/><G48/><T98/><D55/><U74/><E53/><N who="2" m="29863" /><F73/><W117/><G117/><T78/><AGARI ba="1,1" hai="5,8,10,12,15,18,37,38,78,83,85,88,93,98" machi="78" ten="20,2700,0" yaku="0,1,7,1,54,1" doraHai="42" who="0" fromWho="0" sc="118,40,562,-8,178,-8,132,-14" owari="158,-24.0,554,65.0,170,-3.0,118,-38.0" /></mjloggm>