<mjloggm ver="2.3"><GO type="97" lobby="0"/><UN n0="%E5%B0%B1%E6%B4%BB%E7%94%9F%40%E5%B7%9D%E6%9D%91%E8%BB%8D%E5%9B%A3" n1="%E6%B0%B4%E6%AD%8C" n2="%E7%8B%A9%2D%67%61%72%69%2D" n3="%E9%89%84%E5%B9%B3" dan="17,14,15,16" rate="2204.35,1958.53,1925.34,2047.05" sx="M,M,M,M"/><TAIKYOKU oya="0"/><INIT seed="0,0,0,0,1,72" ten="250,250,250,250" oya="0" hai0="24,62,35,34,4,91,97,39,25,101,7,98,63" hai1="74,82,124,26,132,20,94,18,130,32,113,61,27" hai2="104,44,31,116,48,17,12,10,115,53,103,5,30" hai3="89,40,126,99,49,60,88,69,112,11,15,9,19"/><T57/><D39/><U108/><E74/><V87/><F115/><W123/><G112/><T114/><D114/><U96/><E61/><V51/><F116/><W21/><G126/><T125/><D125/><U33/><E113/><V119/><F119/><W120/><G69/><T0/><D57/><U64/><E124/><V118/><F118/><W6/><G60/><T67/><D91/><U81/><E132/><V129/><F129/><W77/><G77/><T54/><D54/><U73/><E130/><V50/><F104/><W90/><G99/><T46/><D46/><U47/><E64/><V134/><F103/><W80/><G80/><T42/><D42/><U1/><E1/><V8/><F134/><W117/><G117/><T86/><D86/><U128/><E108/><V76/><F50/><W131/><G131/><T121/><D0/><U45/><E128/><V52/><F87/><W59/><G59/><T28/><D121/><N who="3" m="46665" /><G6/><T14/><D14/><N who="1" m="9303" /><E32/><V95/><F76/><W41/><G41/><T105/><D105/><U23/><E33/><V135/><F95/><W66/><G66/><T106/><D106/><U83/><E73/><V79/><F79/><W2/><G2/><T29/><REACH who="0" step="1"/><D67/><REACH who="0" ten="240,250,250,250" step="2"/><U36/><E36/><V70/><F135/><W110/><G110/><T37/><D37/><U111/><E111/><V75/><F75/><W122/><G122/><T16/><D16/><N who="1" m="12647" /><E27/><V109/><F109/><W58/><G40/><T22/><D22/><U13/><E13/><N who="2" m="5263" /><F70/><W107/><G107/><T84/><D84/><U93/><E96/><V65/><F65/><W68/><G68/><RYUUKYOKU ba="0,1" sc="240,0,250,0,250,0,250,0" hai0="4,7,24,25,28,29,34,35,62,63,97,98,101" hai1="45,47,81,82,83,93,94" hai2="10,12,17,30,31,44,48,51,52,53" hai3="9,11,15,19,21,49,58,88,89,90" /><INIT seed="0,1,1,1,3,90" ten="240,250,250,250" oya="0" hai0="134,3,117,108,91,100,17,68,88,6,122,104,10" hai1="125,5,66,25,97,42,37,55,61,34,56,99,129" hai2="83,71,2,15,86,93,44,60,40,9,78,32,54" hai3="36,131,53,126,114,0,84,120,94,29,115,77,4"/><T33/><D117/><U16/><E129/><V118/><F118/><W75/><G131/><T92/><D122/><U8/><E125/><V128/><F128/><W80/><G29/><T107/><D68/><U87/><E87/><V113/><F32/><W67/><G67/><T48/><D134/><U69/><E34/><V95/><F2/><W59/><G126/><T79/><D33/><U43/><E43/><V106/><F106/><W7/><G36/><T123/><D123/><U73/><E73/><V58/><F71/><W51/><G120/><T130/><D130/><U85/><E85/><V21/><F21/><W127/><G127/><T82/><D108/><U101/><E101/><V12/><F113/><W111/><G111/><T102/><D48/><U116/><E116/><V52/><F54/><W135/><G135/><T109/><D109/><U96/><E5/><V13/><REACH who="2" step="1"/><F9/><REACH who="2" ten="240,250,240,250" step="2"/><W121/><G0/><T65/><D10/><U119/><E119/><V24/><F24/><W23/><G23/><T19/><D3/><U27/><E42/><V70/><F70/><W103/><G121/><T47/><D65/><U41/><E41/><V31/><F31/><W72/><G114/><T28/><D28/><U45/><E37/><AGARI ba="1,2" hai="12,13,15,37,40,44,52,58,60,78,83,86,93,95" machi="37" ten="40,8000,1" yaku="1,1,52,2,54,1,53,1" doraHai="90" doraHaiUra="57" who="2" fromWho="1" sc="240,0,250,-83,240,103,250,0" /><INIT seed="1,0,0,4,4,29" ten="240,167,343,250" oya="1" hai0="3,45,94,95,117,37,120,119,18,58,75,112,78" hai1="69,89,96,85,26,51,38,80,83,24,90,93,79" hai2="130,72,21,0,43,131,42,53,65,67,49,91,99" hai3="17,114,13,48,74,108,109,56,36,116,34,102,1"/><U126/><E69/><V60/><F0/><W125/><G114/><T61/><D112/><U27/><E126/><V6/><F72/><W41/><G1/><T68/><D68/><U66/><E38/><V123/><F6/><W12/><G74/><T35/><D3/><U19/><E66/><N who="2" m="25099" /><F60/><W54/><G125/><T64/><D120/><U128/><E128/><N who="2" m="49195" /><F123/><W106/><G116/><T113/><D35/><U107/><E107/><V11/><F11/><W32/><G13/><T22/><D113/><U73/><REACH who="1" step="1"/><E51/><REACH who="1" ten="240,157,343,250" step="2"/><V104/><F104/><W59/><G36/><T20/><D37/><U121/><E121/><V8/><F49/><W127/><G127/><T62/><D117/><U132/><E132/><V52/><F43/><W4/><G41/><T100/><D119/><U9/><E9/><V111/><F8/><W40/><G40/><T71/><D62/><U110/><E110/><V16/><F42/><W82/><G108/><T122/><D71/><U105/><E105/><V129/><F111/><W46/><G109/><T25/><D122/><U63/><E63/><V5/><F129/><W124/><G124/><T55/><D64/><U76/><E76/><V30/><F53/><W101/><G106/><T31/><D78/><U135/><E135/><V87/><F52/><W15/><G54/><T28/><D61/><U88/><E88/><V118/><F91/><W81/><G48/><T86/><D55/><U44/><E44/><V92/><F118/><W50/><G50/><T84/><D45/><U14/><E14/><V33/><F5/><W57/><G46/><T134/><D134/><RYUUKYOKU ba="0,1" sc="240,-10,157,30,343,-10,250,-10" hai1="19,24,26,27,73,79,80,83,85,89,90,93,96" /><INIT seed="1,1,1,2,4,69" ten="230,187,333,240" oya="1" hai0="81,95,82,7,38,71,37,18,79,63,94,5,17" hai1="97,106,29,16,47,67,123,72,2,85,70,26,14" hai2="131,96,41,77,73,115,130,84,129,22,101,83,91" hai3="12,108,102,62,49,50,4,100,42,118,53,57,78"/><U116/><E116/><V33/><F33/><W111/><G118/><T61/><REACH who="0" step="1"/><D71/><REACH who="0" ten="220,187,333,240" step="2"/><U9/><E123/><V0/><F129/><W126/><G108/><T64/><D64/><U28/><E72/><V60/><F73/><W121/><G111/><T55/><D55/><U80/><E67/><V66/><F66/><W86/><G53/><T90/><D90/><U132/><E132/><V6/><F91/><W45/><G121/><T36/><D36/><U119/><E70/><V124/><F130/><W34/><G102/><T103/><D103/><U19/><E119/><V128/><F101/><W20/><G100/><T13/><D13/><U114/><E2/><V68/><F0/><W30/><G12/><T58/><D58/><U92/><E114/><V122/><F68/><W113/><G57/><T76/><AGARI ba="1,2" hai="5,7,17,18,37,38,61,63,76,79,81,82,94,95" machi="76" ten="25,12000,2" yaku="21,2,0,1,22,2,52,2,53,0" doraHai="69" doraHaiUra="54" who="0" fromWho="0" sc="220,143,187,-61,333,-31,240,-31" /><INIT seed="2,0,0,2,1,130" ten="363,126,302,209" oya="2" hai0="92,117,135,1,44,14,17,49,119,110,93,28,99" hai1="38,120,32,3,18,121,103,72,134,33,11,4,75" hai2="87,83,129,56,21,42,96,71,127,30,51,45,8" hai3="34,52,74,82,100,124,61,76,123,111,118,25,108"/><V116/><F71/><W105/><G123/><N who="1" m="47178" /><E18/><V57/><F116/><N who="0" m="44618" /><D135/><U132/><E103/><V54/><F129/><W23/><G118/><T81/><D110/><N who="3" m="42025" /><G124/><T94/><D1/><U133/><E38/><V91/><F127/><W15/><G15/><T26/><D81/><U13/><E13/><V29/><F8/><W106/><G100/><T58/><D58/><U70/><E70/><V131/><F131/><W114/><G34/><AGARI ba="0,0" hai="3,4,11,32,33,34,72,75,132,133,134" m="47178" machi="34" ten="40,12000,2" yaku="20,1,13,1,23,1,52,3" doraHai="130" who="1" fromWho="3" sc="363,0,126,120,302,0,209,-120" /><INIT seed="3,0,0,2,3,22" ten="363,246,302,89" oya="3" hai0="39,65,1,101,94,64,44,85,120,55,21,3,103" hai1="73,129,47,99,84,110,2,34,125,135,41,32,28" hai2="20,122,37,134,113,5,132,51,16,19,102,105,50" hai3="54,133,56,11,115,66,29,31,40,112,30,81,10"/><W111/><G133/><N who="2" m="51305" /><F37/><W95/><G111/><T100/><D120/><U12/><E129/><V61/><F113/><W7/><G40/><T68/><D68/><U119/><E125/><V127/><F5/><W109/><G109/><T131/><D131/><U62/><E135/><V104/><F127/><W49/><G11/><T71/><D71/><U88/><E119/><V63/><F122/><W13/><G66/><T89/><D3/><U130/><E110/><V123/><F123/><W83/><REACH who="3" step="1"/><G95/><REACH who="3" ten="363,246,302,79" step="2"/><T15/><D64/><U57/><E41/><V78/><F105/><W6/><G6/><T80/><D65/><U86/><E130/><V23/><F104/><W106/><G106/><T0/><D0/><U77/><E2/><V76/><F76/><W46/><G46/><T43/><D1/><U70/><E47/><V92/><F78/><W17/><G17/><T124/><D124/><U121/><E77/><V87/><F92/><W67/><G67/><T52/><D94/><U91/><E70/><V107/><F107/><W35/><G35/><T4/><D4/><U114/><E34/><V24/><F19/><W27/><G27/><T18/><AGARI ba="0,1" hai="15,18,21,39,43,44,52,55,80,85,89,100,101,103" machi="18" ten="30,2000,0" yaku="0,1,54,1" doraHai="22" who="0" fromWho="0" sc="363,30,246,-5,302,-5,79,-10" owari="393,49.0,241,-16.0,297,10.0,69,-43.0" /></mjloggm>