<mjloggm ver="2.3"><GO type="41" lobby="0"/><UN n0="%E5%B0%B1%E6%B4%BB%E7%94%9F%40%E5%B7%9D%E6%9D%91%E8%BB%8D%E5%9B%A3" n1="%56%65%72%6E%75%6E%66%74" n2="%77%61%64%65%34%35%30%33" n3="%E3%83%8B%E3%82%B3%E7%94%9F%26%E5%8B%95" dan="16,13,14,13" rate="2155.72,1851.90,1891.44,1966.87" sx="M,M,M,M"/><TAIKYOKU oya="0"/><INIT seed="0,0,0,2,0,95" ten="250,250,250,250" oya="0" hai0="26,18,40,4,52,126,68,56,121,38,61,85,92" hai1="102,108,80,29,35,105,37,24,62,60,65,75,118" hai2="14,110,33,76,90,39,73,114,20,69,132,42,0" hai3="57,89,72,50,34,135,113,79,19,23,94,11,81"/><T1/><D121/><U82/><E118/><V16/><F69/><W87/><G113/><T44/><D126/><U31/><E108/><V133/><F114/><W123/><G123/><T77/><D1/><U10/><E37/><V7/><F110/><W3/><G135/><T74/><D4/><U96/><E29/><V78/><F33/><W46/><G34/><T93/><D74/><U88/><E60/><V59/><F59/><W49/><G57/><T129/><D129/><U54/><E54/><V111/><F111/><W32/><G32/><T130/><D130/><U71/><E10/><V120/><F120/><W84/><G72/><T104/><D104/><U15/><E15/><V12/><F12/><W128/><G128/><T131/><D131/><U91/><E75/><V116/><F116/><W13/><G3/><T70/><D77/><U67/><E65/><V127/><F127/><W25/><REACH who="3" step="1"/><G46/><REACH who="3" ten="250,250,250,240" step="2"/><T117/><D117/><U41/><E41/><V53/><F133/><W99/><G99/><T5/><D68/><U47/><E47/><N who="2" m="24031" /><F132/><W98/><G98/><T2/><D70/><U48/><E71/><V124/><F124/><W100/><G100/><T119/><D119/><U64/><E35/><V125/><F125/><W43/><G43/><T45/><D45/><U6/><E102/><V58/><F73/><W51/><G51/><T112/><D44/><U97/><E48/><V106/><F58/><W86/><G86/><T30/><D40/><U101/><E101/><V36/><F36/><W8/><G8/><T28/><D38/><U66/><E105/><V9/><F106/><RYUUKYOKU ba="0,1" sc="250,-10,250,-10,250,-10,240,30" hai3="11,13,19,23,25,49,50,79,81,84,87,89,94" /><INIT seed="1,1,1,1,0,18" ten="240,240,240,270" oya="1" hai0="109,64,131,90,34,4,122,43,70,32,73,30,72" hai1="129,53,38,15,41,101,89,93,68,67,23,79,103" hai2="24,10,59,102,76,58,16,80,116,100,110,94,49" hai3="29,35,78,104,69,106,108,87,28,1,0,88,54"/><U120/><E120/><V128/><F116/><W27/><G29/><T124/><D90/><U75/><E129/><V62/><F128/><W107/><G78/><T105/><D30/><U74/><E67/><V86/><F110/><W13/><G108/><T21/><D64/><U22/><E68/><V57/><F62/><W117/><G69/><T36/><D43/><U5/><E79/><V65/><F65/><W96/><G96/><T115/><D4/><U44/><E53/><V126/><F126/><W71/><G71/><T8/><D8/><U61/><E61/><V31/><F49/><W20/><G54/><T135/><D21/><U63/><E63/><V3/><F3/><W56/><G56/><T112/><D34/><U40/><E40/><V19/><F100/><W130/><G130/><T55/><D55/><U17/><E74/><V37/><F37/><W48/><G48/><T123/><D73/><U118/><E75/><V99/><REACH who="2" step="1"/><F10/><REACH who="2" ten="240,240,230,270" step="2"/><W12/><G117/><T82/><D122/><U119/><E118/><V66/><F66/><W114/><G0/><T45/><D123/><U46/><E119/><V39/><F39/><W97/><G1/><T92/><D124/><U26/><E101/><V47/><F47/><W25/><G114/><T85/><D109/><U127/><E44/><V84/><F84/><W81/><G97/><T42/><D112/><U52/><E103/><V98/><F98/><W121/><G121/><T134/><D115/><U111/><E127/><V60/><F60/><W11/><G11/><T7/><D131/><U77/><E111/><V6/><F6/><RYUUKYOKU ba="1,2" sc="240,-15,240,-15,230,15,270,15" hai2="16,19,24,31,57,58,59,76,80,86,94,99,102" hai3="12,13,20,25,27,28,35,81,87,88,104,106,107" /><INIT seed="2,2,2,5,3,57" ten="225,225,245,285" oya="2" hai0="39,35,105,84,83,94,54,123,55,31,45,92,10" hai1="70,18,72,103,125,24,99,47,56,106,100,14,13" hai2="68,107,75,58,71,65,87,0,96,77,130,85,79" hai3="115,21,1,27,12,91,52,37,113,42,119,110,28"/><V9/><F130/><W135/><G1/><T62/><D105/><U30/><E72/><V25/><F58/><W36/><G110/><T95/><D123/><U127/><E70/><V23/><F75/><W67/><G119/><T102/><D35/><U22/><E100/><V38/><F38/><W60/><G135/><T17/><D31/><U124/><E47/><V61/><F71/><N who="3" m="42471" /><G42/><T6/><D102/><U51/><E30/><V109/><F109/><W122/><G122/><T2/><D17/><U134/><E134/><V76/><F107/><W108/><G108/><T69/><D39/><U118/><E118/><V78/><F96/><W44/><G91/><T82/><D45/><U128/><E128/><V129/><F129/><W111/><G12/><T50/><D50/><U7/><E7/><V90/><F0/><W121/><G121/><T114/><D114/><N who="3" m="43529" /><G111/><T117/><D117/><U133/><E133/><V120/><F120/><W73/><G73/><T4/><D4/><U131/><E131/><V112/><F112/><W34/><G34/><T11/><D6/><U104/><E104/><V89/><F9/><W19/><G28/><T49/><D2/><U29/><E29/><V126/><F89/><W15/><G15/><T48/><D11/><U101/><E103/><V132/><F132/><W63/><G63/><T59/><D10/><U97/><E99/><V8/><F8/><W33/><G33/><T41/><D41/><U88/><E88/><V81/><F77/><W26/><G26/><T16/><D69/><U74/><E74/><V86/><F126/><W3/><G3/><RYUUKYOKU ba="2,2" sc="225,-30,225,10,245,10,285,10" hai1="13,14,18,22,24,51,56,97,101,106,124,125,127" hai2="23,25,61,65,68,76,78,79,81,85,86,87,90" hai3="19,21,27,36,37,44,52" /><INIT seed="2,3,2,2,4,25" ten="195,235,255,295" oya="2" hai0="81,27,37,135,77,28,102,8,62,40,36,109,89" hai1="15,66,31,30,18,9,24,100,80,101,1,4,126" hai2="55,97,35,32,111,70,92,123,116,85,53,79,112" hai3="60,26,43,44,128,16,47,105,2,22,129,75,96"/><V34/><F123/><W58/><G2/><T71/><D109/><U108/><E108/><V110/><F116/><W74/><G96/><T104/><D135/><U5/><E80/><V7/><F112/><W120/><G105/><T73/><D89/><U48/><E66/><V118/><F118/><W67/><G120/><T114/><D8/><N who="1" m="2063" /><E48/><V72/><F72/><W49/><REACH who="3" step="1"/><G47/><REACH who="3" ten="195,235,255,285" step="2"/><T11/><D114/><U127/><E101/><V93/><F110/><W130/><AGARI ba="3,3" hai="16,22,26,43,44,49,58,60,67,74,75,128,129,130" machi="130" ten="30,8000,1" yaku="1,1,2,1,0,1,19,1,54,1,53,0" doraHai="25" doraHaiUra="121" who="3" fromWho="3" sc="195,-23,235,-23,255,-43,285,119" /><INIT seed="3,0,0,3,5,11" ten="172,212,212,404" oya="3" hai0="35,20,91,18,108,65,70,57,101,95,87,117,134" hai1="116,83,73,47,16,129,22,135,51,112,26,42,94" hai2="79,27,62,19,4,97,123,89,106,119,127,6,103" hai3="69,49,76,63,109,74,32,43,7,2,60,81,96"/><W8/><G109/><T0/><D35/><U122/><E112/><V102/><F119/><W77/><G77/><T53/><D117/><U133/><E116/><V66/><F127/><W126/><G126/><T107/><D0/><U115/><E115/><V23/><F79/><W113/><G113/><T132/><D108/><U71/><E135/><V39/><F39/><W1/><G32/><T92/><D107/><U40/><E71/><V59/><F123/><W56/><G96/><T121/><D121/><U128/><E133/><V29/><F103/><W31/><G31/><T111/><D111/><U37/><E94/><V68/><F89/><W120/><G120/><T38/><D38/><U105/><E105/><V131/><F131/><N who="1" m="50249" /><E122/><V46/><F46/><W30/><G30/><T28/><D28/><U80/><E73/><V82/><F82/><N who="1" m="31273" /><E37/><V100/><F100/><W33/><G33/><T25/><D70/><U86/><E86/><V114/><F114/><W84/><G74/><T54/><D132/><U12/><E26/><V50/><F50/><W9/><G69/><T45/><D134/><U67/><E67/><V48/><F48/><W36/><G36/><T5/><D45/><U41/><AGARI ba="0,0" hai="12,16,22,40,41,42,47,51" m="31273,50249" machi="41" ten="30,4000,0" yaku="19,1,52,1,54,1" doraHai="11" who="1" fromWho="1" sc="172,-10,212,40,212,-10,404,-20" /><INIT seed="4,0,0,4,5,89" ten="162,252,202,384" oya="0" hai0="14,13,29,126,111,1,99,113,6,22,94,4,8" hai1="116,40,48,98,9,105,76,26,133,12,24,119,66" hai2="97,2,124,18,79,92,62,110,88,41,43,128,0" hai3="51,50,117,55,35,108,33,84,7,46,28,19,86"/><T20/><D111/><U118/><E133/><V91/><F110/><W37/><G108/><T121/><D121/><U122/><E122/><V30/><F30/><W103/><G37/><T106/><D106/><U131/><E76/><V16/><F0/><W93/><G117/><T90/><D113/><U44/><E131/><V17/><F79/><W81/><G7/><T67/><D126/><U52/><E66/><V65/><F2/><W61/><G61/><T60/><D29/><U120/><E120/><V125/><F128/><W115/><G115/><T11/><REACH who="0" step="1"/><D1/><REACH who="0" ten="152,252,202,384" step="2"/><U10/><E116/><V87/><F125/><W69/><G28/><T134/><D134/><U56/><E118/><V129/><F124/><W82/><G33/><T59/><AGARI ba="0,1" hai="4,6,8,11,13,14,20,22,59,60,67,90,94,99" machi="59" ten="20,18000,2" yaku="1,1,0,1,7,1,9,1,8,1,52,1,53,0" doraHai="89" doraHaiUra="123" who="0" fromWho="0" sc="152,190,252,-60,202,-60,384,-60" /><INIT seed="4,1,0,4,3,131" ten="342,192,142,324" oya="0" hai0="101,55,82,40,103,10,49,85,57,42,50,84,79" hai1="76,119,8,100,7,35,74,104,81,44,78,41,45" hai2="93,135,64,63,18,23,56,59,96,14,77,87,61" hai3="130,98,62,123,21,94,51,106,116,53,70,107,110"/><T91/><D10/><U38/><E78/><V65/><F135/><W24/><G110/><T83/><D42/><U115/><E44/><AGARI ba="1,0" hai="40,44,49,50,55,57,79,82,83,84,85,91,101,103" machi="44" ten="40,2000,0" yaku="8,1" doraHai="131" who="0" fromWho="1" sc="342,23,192,-23,142,0,324,0" /><INIT seed="4,2,0,3,1,29" ten="365,169,142,324" oya="0" hai0="53,90,78,126,36,11,2,21,98,133,131,129,58" hai1="48,43,18,37,73,87,120,27,31,122,114,109,132" hai2="71,45,39,68,93,74,127,3,69,112,86,102,134" hai3="32,38,44,41,16,22,113,7,115,97,34,84,105"/><T91/><D36/><U94/><E73/><V103/><F74/><W66/><G7/><N who="0" m="1527" /><D78/><U54/><E37/><V111/><F111/><W95/><G84/><T81/><D81/><U35/><E109/><V57/><F3/><W101/><G66/><T124/><D21/><U23/><E43/><V12/><F69/><W107/><G95/><N who="0" m="56695" /><D91/><U4/><E114/><N who="3" m="43530" /><G107/><T47/><D47/><U42/><E42/><V67/><F68/><W130/><G130/><N who="0" m="49675" /><D133/><U128/><E128/><V117/><F134/><W110/><G110/><T26/><D26/><U119/><E132/><V17/><F112/><W118/><G118/><T55/><D55/><U96/><E119/><V83/><F117/><W61/><G61/><AGARI ba="2,0" hai="53,58,61,124,126" m="49675,56695,1527" machi="61" ten="30,1500,0" yaku="19,1" doraHai="29" who="0" fromWho="3" sc="365,21,169,0,142,0,324,-21" /><INIT seed="4,3,0,0,1,6" ten="386,169,142,303" oya="0" hai0="62,79,114,45,86,66,71,38,98,48,29,20,85" hai1="15,80,108,27,21,34,46,125,87,22,93,5,83" hai2="26,55,73,81,58,124,67,31,74,63,92,68,76" hai3="56,16,30,101,111,50,41,90,84,117,69,110,70"/><T40/><D114/><U127/><E108/><V3/><F124/><N who="1" m="47689" /><E46/><V78/><F3/><W33/><G117/><T72/><D72/><U14/><E93/><V65/><F92/><W2/><G101/><T36/><D79/><U121/><E87/><V11/><F76/><W95/><G2/><T60/><D60/><U77/><E83/><V115/><F115/><W133/><G133/><T10/><D10/><N who="1" m="4431" /><E80/><V39/><F39/><W132/><G132/><T7/><D7/><U123/><E77/><V37/><F37/><W43/><G30/><T13/><D98/><U23/><E15/><V57/><F68/><W59/><G69/><T82/><D82/><U75/><E75/><V18/><F74/><W19/><G70/><T112/><D112/><U120/><E34/><V131/><F67/><W25/><G33/><T42/><D42/><U97/><E97/><V8/><F65/><W134/><G134/><T24/><D13/><U51/><E51/><V4/><F63/><W122/><G110/><T44/><D36/><U32/><E32/><V113/><F113/><W102/><G111/><T47/><D47/><U94/><E94/><V99/><F99/><W12/><G102/><T105/><D105/><U61/><E61/><V130/><F58/><N who="3" m="22059" /><G43/><T107/><D107/><U88/><E88/><V9/><F4/><W118/><G50/><T0/><D0/><U100/><E100/><V52/><F57/><W106/><G41/><T53/><AGARI ba="3,0" hai="20,24,29,38,40,44,45,48,53,62,66,71,85,86" machi="53" ten="20,2100,0" yaku="0,1,7,1" doraHai="6" who="0" fromWho="0" sc="386,30,169,-10,142,-10,303,-10" /><INIT seed="4,4,0,4,5,47" ten="416,159,132,293" oya="0" hai0="81,24,100,131,96,129,43,75,42,95,57,71,11" hai1="50,94,78,72,10,37,58,111,29,80,67,45,28" hai2="40,120,31,66,84,35,92,93,86,121,104,119,127" hai3="55,12,19,8,122,14,33,74,9,68,134,118,112"/><T126/><D71/><U54/><E111/><V15/><F104/><W18/><G68/><T88/><D126/><U27/><E10/><V41/><F127/><W82/><G118/><T69/><D69/><U133/><E133/><V51/><F119/><W115/><G134/><T26/><D11/><U110/><E110/><V56/><F35/><W16/><G55/><T34/><D34/><U44/><E94/><V83/><F31/><W108/><G108/><T61/><D26/><U21/><E28/><V48/><F15/><N who="3" m="5675" /><G33/><T52/><D24/><U98/><E98/><V106/><F66/><W99/><G99/><T76/><REACH who="0" step="1"/><D100/><REACH who="0" ten="406,159,132,293" step="2"/><U62/><REACH who="1" step="1"/><E37/><REACH who="1" ten="406,149,132,293" step="2"/><V13/><F120/><W5/><G122/><T132/><D132/><U130/><E130/><AGARI ba="4,2" hai="42,43,52,57,61,75,76,81,88,95,96,129,130,131" machi="130" ten="40,18000,2" yaku="1,1,19,1,54,2,53,2" doraHai="47" doraHaiUra="38" who="0" fromWho="1" sc="406,212,149,-192,132,0,293,0" owari="618,72.0,-43,-54.0,132,-27.0,293,9.0" /></mjloggm>