<mjloggm ver="2.3"><GO type="169" lobby="0"/><UN n0="%E3%83%A9%E3%83%83%E3%82%AD%E3%83%BC%E3%83%89%E3%83%83%E3%82%B0" n1="%E5%B0%B1%E6%B4%BB%E7%94%9F%40%E5%B7%9D%E6%9D%91%E8%BB%8D%E5%9B%A3" n2="%E3%81%9F%E3%81%8C%E3%81%BF%E5%89%9B" n3="%E3%82%8A%E3%82%85%E3%81%85" dan="16,17,16,17" rate="2099.75,2156.35,2092.31,2141.31" sx="M,M,M,M"/><TAIKYOKU oya="0"/><INIT seed="0,0,0,0,4,93" ten="250,250,250,250" oya="0" hai0="127,114,110,124,125,101,10,126,66,40,63,116,42" hai1="43,21,64,89,53,133,46,19,30,109,50,81,108" hai2="130,17,90,106,112,35,4,83,77,44,9,67,98" hai3="33,131,102,14,22,119,69,32,135,38,16,3,15"/><T107/><N who="0" m="31744" /><DORA hai="120" /><T12/><D116/><U75/><E133/><V78/><F112/><W91/><G69/><N who="0" m="42207" /><D114/><U47/><E64/><V8/><F130/><W29/><G38/><T118/><D118/><U73/><E30/><V61/><F35/><W92/><G119/><T70/><D70/><U0/><E0/><V49/><F17/><W65/><G65/><T105/><D110/><N who="1" m="42603" /><E89/><V54/><F9/><W94/><G135/><T72/><D72/><N who="1" m="27723" /><E81/><V60/><F77/><W117/><G91/><T123/><D123/><U104/><E104/><N who="0" m="40009" /><D101/><U58/><E43/><V25/><F67/><W79/><G102/><T85/><D85/><U121/><E121/><V129/><F106/><W128/><G117/><T111/><D111/><U34/><E34/><V31/><F31/><W56/><G29/><T2/><D2/><U74/><E74/><V86/><F129/><W1/><G32/><T82/><D82/><U68/><E68/><V59/><F83/><W100/><G33/><T13/><D13/><AGARI ba="0,0" hai="13,19,21,46,47,50,53,58" m="27723,42603" machi="13" ten="30,7700,0" yaku="14,1,52,3" doraHai="93,120" who="1" fromWho="0" sc="250,-77,250,77,250,0,250,0" /><INIT seed="1,0,0,0,3,48" ten="173,327,250,250" oya="1" hai0="16,93,28,62,71,9,34,50,30,61,78,42,26" hai1="31,104,134,66,5,109,40,97,84,76,14,8,54" hai2="73,106,111,95,77,91,129,127,135,3,44,0,55" hai3="23,113,25,57,19,119,79,96,47,65,64,39,11"/><U63/><E134/><V37/><F135/><W110/><G113/><T36/><D78/><U92/><E104/><V80/><F106/><W117/><G110/><T43/><D36/><U53/><E40/><V58/><F111/><W126/><G126/><T89/><D30/><U33/><E109/><V121/><F127/><W88/><G79/><T51/><D51/><U52/><E33/><V70/><F121/><W112/><G112/><T32/><D32/><U29/><E76/><V103/><F70/><W108/><G108/><T22/><D9/><U100/><REACH who="1" step="1"/><E84/><REACH who="1" ten="173,317,250,250" step="2"/><V131/><F129/><W102/><G117/><T13/><D43/><U82/><E82/><V133/><F131/><W46/><G119/><T81/><D81/><U130/><E130/><V90/><F133/><W72/><G72/><T24/><D71/><AGARI ba="0,1" hai="5,8,14,29,31,52,53,54,63,66,71,92,97,100" machi="71" ten="40,12000,1" yaku="1,1,52,3,54,1,53,0" doraHai="48" doraHaiUra="105" who="1" fromWho="0" sc="173,-120,317,130,250,0,250,0" /><INIT seed="1,1,0,5,1,48" ten="53,447,250,250" oya="1" hai0="101,94,12,77,4,126,102,15,81,26,116,72,14" hai1="128,131,129,91,98,133,30,65,0,46,6,49,79" hai2="62,76,58,99,27,23,50,53,22,52,106,3,59" hai3="18,35,84,78,67,44,33,40,17,51,112,97,21"/><U56/><E133/><V71/><F3/><W93/><G112/><T96/><D116/><U104/><E79/><V95/><F106/><W80/><G67/><T103/><D126/><U25/><E6/><V90/><F71/><W24/><REACH who="3" step="1"/><G18/><REACH who="3" ten="53,447,250,240" step="2"/><T130/><D130/><U2/><E65/><V109/><F109/><W43/><G43/><T39/><D39/><U68/><E68/><V114/><F114/><W19/><G19/><T124/><D124/><U132/><E132/><V9/><F9/><W20/><G20/><T83/><D4/><U57/><E2/><V36/><F36/><W61/><G61/><T13/><N who="0" m="3072" /><DORA hai="75" /><T54/><D26/><U69/><E0/><V28/><F76/><W74/><G74/><T73/><D73/><U1/><E1/><V16/><F16/><W88/><AGARI ba="1,1" hai="17,21,24,33,35,40,44,51,78,80,84,88,93,97" machi="88" ten="20,12000,2" yaku="1,1,0,1,7,1,52,1,54,1,53,1" doraHai="48,75" doraHaiUra="89,34" who="3" fromWho="3" sc="53,-31,447,-61,250,-31,240,133" /><INIT seed="2,0,0,1,3,127" ten="22,386,219,373" oya="2" hai0="119,54,33,5,26,85,112,34,114,47,74,14,7" hai1="28,68,116,122,29,81,44,117,65,67,2,70,87" hai2="0,121,128,134,110,53,4,55,15,78,109,58,107" hai3="62,113,98,90,79,1,42,40,56,84,3,94,60"/><V83/><F121/><W49/><G113/><T21/><D74/><U19/><E2/><V36/><F36/><W20/><G62/><T24/><D85/><U100/><E100/><V105/><F0/><W125/><G125/><T6/><D54/><U88/><E122/><V95/><F95/><W39/><G39/><T51/><D51/><U133/><E133/><V48/><F134/><W129/><G129/><T82/><D82/><U89/><E44/><V71/><F71/><W38/><G38/><T13/><D47/><U130/><E87/><V22/><F53/><W115/><G115/><N who="0" m="44075" /><D119/><U32/><E81/><V35/><F35/><N who="0" m="13322" /><D21/><U45/><E45/><V73/><F128/><W131/><G131/><T57/><D57/><U135/><E135/><V31/><F31/><W12/><G49/><T25/><AGARI ba="0,0" hai="5,6,7,13,14,24,25,26" m="13322,44075" machi="25" ten="40,8000,1" yaku="28,2,34,2" doraHai="127" who="0" fromWho="0" sc="22,80,386,-20,219,-40,373,-20" /><INIT seed="3,0,0,4,4,85" ten="102,366,179,353" oya="3" hai0="91,36,92,77,87,90,70,31,42,75,100,86,63" hai1="35,21,119,47,43,71,112,56,127,66,6,94,80" hai2="118,78,114,95,19,16,102,106,55,62,98,135,79" hai3="131,126,68,61,32,129,44,123,108,88,52,25,2"/><W23/><G123/><T74/><D100/><U11/><E35/><V130/><F114/><W72/><G72/><T28/><D77/><U15/><E71/><V83/><F118/><W121/><G121/><T107/><D107/><U109/><E112/><V89/><F130/><N who="3" m="49675" /><G2/><T125/><D125/><U96/><E109/><V53/><F135/><W58/><G126/><T82/><D75/><U113/><E113/><V132/><F132/><W45/><G32/><T57/><D74/><U73/><E127/><V33/><F33/><W122/><G122/><T3/><D3/><U133/><E133/><V20/><F19/><N who="3" m="12543" /><G68/><T49/><D70/><U51/><E119/><V41/><F41/><W120/><G120/><T116/><D116/><U84/><E73/><V37/><F37/><W115/><G115/><T50/><D36/><U46/><E21/><V17/><F17/><W99/><G108/><T7/><D7/><U54/><E66/><V111/><F111/><W26/><G26/><T104/><D104/><U4/><E4/><V81/><F106/><W117/><G117/><T30/><D42/><U69/><E43/><V101/><F101/><W48/><G61/><T124/><D124/><U38/><E38/><V105/><F62/><W12/><G12/><T13/><D13/><U59/><E69/><V18/><F18/><W0/><G0/><T10/><D10/><U40/><E40/><V5/><F105/><W76/><G76/><N who="2" m="29225" /><F5/><W134/><G134/><T24/><D24/><U128/><E128/><V8/><F102/><W27/><G27/><T93/><D63/><N who="1" m="36247" /><E6/><V60/><F60/><RYUUKYOKU ba="0,0" sc="102,-10,366,-10,179,-10,353,30" hai3="44,45,48,52,58,88,99" /><INIT seed="3,1,0,2,2,62" ten="92,356,169,383" oya="3" hai0="78,5,42,90,130,117,122,124,51,59,88,4,85" hai1="1,31,38,0,84,24,12,98,47,131,58,45,120" hai2="68,32,112,74,22,18,108,73,87,91,49,66,61" hai3="111,34,118,86,127,48,109,105,95,65,56,102,75"/><W19/><G118/><T119/><D122/><U26/><E120/><V126/><F112/><W134/><G34/><T25/><D130/><U103/><E131/><V27/><F126/><W21/><G75/><T89/><D124/><U92/><E38/><V29/><F108/><N who="3" m="41547" /><G127/><T72/><D72/><U114/><E114/><V6/><F6/><W41/><G105/><T17/><D119/><U13/><E1/><V125/><F49/><W37/><G37/><T113/><D113/><U100/><E0/><V53/><F53/><W64/><G134/><T44/><D117/><U97/><E58/><V96/><F96/><N who="3" m="59679" /><G86/><T54/><D85/><U57/><E57/><V106/><F106/><W81/><G81/><T123/><D123/><U71/><E84/><V80/><REACH who="2" step="1"/><F125/><REACH who="2" ten="92,356,159,383" step="2"/><W110/><G110/><T40/><D40/><U10/><E98/><V14/><AGARI ba="1,1" hai="14,18,22,27,29,32,61,66,68,73,74,80,87,91" machi="14" ten="20,12000,2" yaku="1,1,2,1,0,1,7,1,52,1,53,1" doraHai="62" doraHaiUra="77" who="2" fromWho="2" sc="92,-31,356,-31,159,133,383,-61" /><INIT seed="4,0,0,3,5,101" ten="61,325,292,322" oya="0" hai0="76,56,25,43,132,30,128,88,96,59,84,134,40" hai1="92,125,108,135,106,17,126,95,3,90,36,83,69" hai2="124,1,73,50,16,57,10,20,28,81,46,119,71" hai3="129,130,82,68,120,32,55,22,111,44,78,18,35"/><T8/><D128/><N who="3" m="49257" /><G68/><T21/><D8/><U61/><E3/><V48/><F71/><W29/><G29/><T38/><D76/><U0/><E0/><V87/><F73/><N who="3" m="43343" /><G111/><T77/><D77/><U127/><E36/><V85/><F119/><W31/><G31/><T79/><D79/><U34/><E34/><V121/><F121/><W63/><G120/><T12/><D12/><U116/><E116/><V9/><F124/><W15/><G63/><T103/><D38/><U45/><E108/><V114/><F114/><W58/><G58/><T53/><D56/><U110/><E110/><V94/><F28/><W2/><G2/><T67/><D67/><U51/><E135/><N who="0" m="51753" /><D59/><U47/><E17/><V66/><F1/><W131/><G131/><T104/><D53/><U11/><E11/><V19/><F57/><W109/><G109/><T80/><AGARI ba="0,0" hai="21,25,30,40,43,80,84,88,96,103,104" m="51753" machi="80" ten="30,6000,0" yaku="20,1,52,1,54,1" doraHai="101" who="0" fromWho="0" sc="61,60,325,-20,292,-20,322,-20" /><INIT seed="4,1,0,1,1,129" ten="121,305,272,302" oya="0" hai0="92,64,119,17,15,62,102,86,108,74,79,24,61" hai1="36,60,90,89,27,29,45,94,97,106,77,3,96" hai2="81,49,110,120,115,117,7,80,134,109,16,56,124" hai3="101,54,8,25,30,85,63,130,33,73,128,111,46"/><T82/><D119/><U59/><E3/><V72/><F120/><W43/><G73/><T13/><D108/><U132/><E132/><V121/><F121/><W28/><G111/><T57/><D62/><U103/><E77/><V76/><F117/><W93/><G30/><T12/><D74/><U118/><E118/><V23/><F134/><W104/><G104/><T70/><D70/><U40/><E96/><V126/><F7/><W22/><G8/><T34/><D34/><U65/><REACH who="1" step="1"/><E106/><REACH who="1" ten="121,295,272,302" step="2"/><V51/><F110/><W123/><G123/><T11/><REACH who="0" step="1"/><D24/><REACH who="0" ten="111,295,272,302" step="2"/><U44/><E44/><V87/><F109/><W116/><G116/><T20/><D20/><AGARI ba="1,2" hai="20,27,29,36,40,45,59,60,65,89,90,94,97,103" machi="20" ten="30,8000,1" yaku="1,1,7,1,25,2,53,1" doraHai="129" doraHaiUra="53" who="1" fromWho="0" sc="111,-83,295,103,272,0,302,0" /><INIT seed="5,0,0,0,5,17" ten="28,398,272,302" oya="1" hai0="103,65,14,2,77,29,108,81,106,86,94,132,118" hai1="129,104,105,27,131,90,37,52,70,33,20,92,11" hai2="16,54,40,35,62,101,134,111,61,123,23,10,59" hai3="128,112,135,124,80,45,12,51,87,73,99,31,15"/><U79/><E70/><V13/><F123/><W93/><BYE who="0" /><G112/><T38/><D38/><U60/><E37/><V133/><F111/><W71/><G128/><N who="1" m="49226" /><E33/><V26/><F40/><W47/><G135/><N who="2" m="51721" /><F101/><W84/><G124/><T98/><D98/><N who="1" m="57623" /><E79/><V117/><F117/><W49/><G73/><T58/><D58/><N who="1" m="34887" /><E11/><V72/><F72/><W25/><G71/><T24/><D24/><U97/><E97/><V36/><F36/><W82/><G25/><T95/><D95/><U69/><E69/><V110/><F35/><W115/><G93/><T74/><D74/><U114/><E114/><V9/><F110/><W75/><G75/><T18/><D18/><AGARI ba="0,0" hai="18,20,27,104,105" m="34887,57623,49226" machi="18" ten="30,11600,0" yaku="25,1,19,1,52,1,54,1" doraHai="17" who="1" fromWho="0" sc="28,-116,398,116,272,0,302,0" owari="-88,-59.0,514,62.0,272,-13.0,302,10.0" /></mjloggm>