<mjloggm ver="2.3"><GO type="169" lobby="0"/><UN n0="%73%61%72%69%65%72%75%2D" n1="%E5%B0%B1%E6%B4%BB%E7%94%9F%40%E5%B7%9D%E6%9D%91%E8%BB%8D%E5%9B%A3" n2="%E3%81%AF%E3%81%92%E3%81%A1%E3%82%87%E3%81%8F" n3="%E5%8D%97%E5%9B%BD%E9%9B%80" dan="16,17,17,17" rate="2094.29,2169.36,2264.17,2167.72" sx="M,M,M,M"/><TAIKYOKU oya="0"/><INIT seed="0,0,0,1,4,99" ten="250,250,250,250" oya="0" hai0="92,59,31,6,23,52,67,40,82,16,44,29,5" hai1="25,135,73,104,33,132,35,100,122,124,109,98,84" hai2="56,86,93,134,102,32,45,77,75,37,87,36,50" hai3="10,126,79,69,66,115,107,2,74,89,41,97,83"/><T26/><D67/><U125/><E73/><V78/><F32/><N who="1" m="12361" /><E122/><V20/><F134/><N who="1" m="51241" /><E25/><V15/><F75/><W95/><G115/><T24/><D82/><U30/><E30/><N who="0" m="11273" /><D92/><U34/><N who="1" m="12369" /><U119/><DORA hai="118" /><E119/><V4/><F56/><W70/><G126/><N who="1" m="48746" /><E84/><V121/><F87/><W3/><G41/><T46/><D26/><U61/><E61/><V1/><F86/><W81/><G81/><T62/><D40/><U43/><E43/><V22/><F121/><W21/><G107/><T53/><D44/><U71/><E109/><V120/><F120/><W111/><G111/><T129/><D46/><U114/><E114/><V128/><F45/><W19/><G66/><T17/><D53/><U123/><E123/><V42/><F42/><W72/><G72/><T9/><D5/><U80/><E80/><V55/><F55/><W65/><G65/><T96/><D6/><U127/><N who="1" m="48754" /><U108/><DORA hai="38" /><E108/><V18/><F4/><W106/><G106/><T64/><D64/><U131/><E71/><V133/><F133/><W112/><G112/><T110/><D110/><U47/><E47/><V91/><F37/><W7/><G3/><T14/><D96/><U90/><E90/><V58/><F36/><W11/><G70/><T101/><D101/><U76/><E76/><V57/><F102/><W94/><G69/><T0/><D0/><U39/><E39/><V8/><F78/><W60/><G95/><T116/><D116/><U68/><E68/><V105/><F93/><W27/><G60/><T48/><D62/><U13/><E13/><V130/><F1/><RYUUKYOKU ba="0,0" sc="250,10,250,10,250,-30,250,10" hai0="9,14,16,17,23,24,48,52,59,129" hai1="98,100,104,131" hai3="2,7,10,11,19,21,27,74,79,83,89,94,97" /><INIT seed="0,1,0,1,4,70" ten="260,260,220,260" oya="0" hai0="74,129,85,97,134,68,96,23,36,75,57,56,16" hai1="10,69,40,13,35,50,77,33,34,101,105,79,119" hai2="8,41,108,4,62,28,122,26,95,51,87,5,53" hai3="86,15,60,25,19,2,115,11,135,109,113,106,110"/><T111/><D68/><U18/><E119/><V78/><F122/><W84/><G106/><T73/><D134/><U12/><E69/><V44/><F108/><N who="3" m="41579" /><G135/><T46/><D111/><U116/><E116/><V112/><F112/><N who="3" m="43083" /><G60/><T121/><D121/><U94/><E105/><V100/><F78/><W118/><G118/><T120/><D120/><U30/><E30/><V66/><F8/><N who="3" m="6631" /><G25/><T102/><D85/><U103/><E94/><V61/><F61/><W42/><G42/><T17/><D96/><U27/><E103/><V55/><F55/><W82/><G82/><T1/><D97/><U88/><E101/><V45/><F87/><W32/><G32/><T6/><D102/><U127/><E79/><V59/><F95/><W52/><G52/><T49/><D56/><U76/><E77/><V43/><F100/><W130/><G130/><T47/><D129/><U91/><E76/><V93/><F93/><W80/><G80/><T92/><D92/><U37/><E50/><V54/><F54/><W89/><G89/><T71/><D57/><U83/><E83/><V63/><F43/><W39/><G39/><T14/><D36/><U126/><E37/><V38/><REACH who="2" step="1"/><F63/><REACH who="2" ten="260,260,210,260" step="2"/><W99/><G99/><T131/><D131/><U31/><E40/><V81/><F81/><W90/><G90/><T22/><D74/><U104/><E104/><V3/><F3/><W98/><G98/><T7/><D75/><U124/><E91/><V21/><AGARI ba="1,1" hai="4,5,21,26,28,38,41,44,45,51,53,59,62,66" machi="21" ten="20,5200,0" yaku="1,1,0,1,7,1,52,1,53,0" doraHai="70" doraHaiUra="72" who="2" fromWho="2" sc="260,-27,260,-14,210,65,260,-14" /><INIT seed="1,0,0,3,2,10" ten="233,246,275,246" oya="1" hai0="121,95,118,55,123,54,92,131,66,59,93,20,42" hai1="133,23,13,115,52,72,111,46,25,108,58,34,114" hai2="82,70,100,89,102,28,98,80,97,15,39,48,134" hai3="105,65,122,27,124,11,109,24,69,17,73,33,31"/><U129/><E72/><V0/><F39/><W119/><G65/><T63/><D118/><U87/><E34/><V2/><F70/><W112/><G11/><T104/><D104/><U128/><E46/><V21/><F134/><W35/><G17/><T3/><D3/><U38/><E38/><V5/><F89/><W75/><G24/><T74/><D74/><U61/><E133/><V90/><F90/><W81/><G81/><T47/><D131/><N who="1" m="50251" /><E87/><V113/><F113/><W32/><G27/><T7/><D7/><U41/><E41/><V53/><F2/><W91/><G91/><T18/><D42/><U125/><E125/><V45/><F0/><W99/><G99/><N who="2" m="37897" /><F5/><W12/><G31/><T127/><D127/><U84/><E84/><V4/><F4/><W50/><G35/><T110/><D110/><N who="1" m="42027" /><E13/><V116/><F116/><W107/><G12/><N who="0" m="9287" /><D47/><U29/><AGARI ba="0,0" hai="23,25,29,52,58,61,114,115" m="42027,50251" machi="29" ten="30,11700,0" yaku="19,1,14,1,10,1,54,1" doraHai="10" who="1" fromWho="1" sc="233,-39,246,117,275,-39,246,-39" /><INIT seed="1,1,0,2,3,4" ten="194,363,236,207" oya="1" hai0="39,24,85,95,9,57,83,102,108,18,81,90,62" hai1="93,73,44,114,54,42,31,89,123,64,59,41,34" hai2="135,35,55,43,53,30,115,21,3,20,69,6,10" hai3="82,101,97,86,94,32,104,29,88,7,19,68,79"/><U63/><E123/><V65/><F135/><W124/><G124/><T120/><D120/><U98/><E114/><V46/><F115/><W74/><G68/><T100/><D108/><U77/><E34/><V122/><F35/><W67/><G67/><T127/><D39/><U80/><E31/><V75/><F75/><W76/><G76/><T134/><D134/><U132/><E132/><V84/><F122/><W25/><G7/><T49/><D49/><U91/><E91/><V119/><F119/><W61/><G61/><T72/><D127/><U92/><E92/><V37/><F65/><W116/><REACH who="3" step="1"/><G19/><REACH who="3" ten="194,363,236,197" step="2"/><T17/><D17/><U112/><E112/><V109/><F69/><W121/><G121/><T16/><D18/><U130/><E130/><V0/><F109/><W12/><G12/><N who="0" m="7183" /><D24/><U50/><AGARI ba="1,1" hai="41,42,44,50,54,59,63,64,73,77,80,89,93,98" machi="50" ten="30,1500,0" yaku="0,1" doraHai="4" who="1" fromWho="1" sc="194,-6,363,28,236,-6,197,-6" /><INIT seed="1,2,0,0,5,29" ten="188,391,230,191" oya="1" hai0="90,64,61,4,57,52,79,70,8,13,81,23,102" hai1="19,84,35,2,72,14,76,31,124,108,48,101,46" hai2="25,88,40,28,112,132,67,63,131,109,41,135,114" hai3="15,9,51,93,56,91,3,74,83,60,106,27,104"/><U80/><E2/><V7/><F7/><W11/><G51/><T134/><D134/><N who="2" m="51242" /><F88/><W78/><G27/><T62/><D102/><U127/><E101/><V121/><F121/><W113/><G113/><N who="2" m="43625" /><F109/><W6/><G9/><T119/><D90/><U42/><E108/><V125/><F125/><W65/><REACH who="3" step="1"/><G3/><REACH who="3" ten="188,391,230,181" step="2"/><T17/><D119/><U105/><E124/><V98/><F98/><AGARI ba="2,1" hai="6,11,15,56,60,65,74,78,83,91,93,98,104,106" machi="98" ten="30,7700,0" yaku="1,1,2,1,7,1,53,1" doraHai="29" doraHaiUra="87" who="3" fromWho="2" sc="188,0,391,0,230,-83,181,93" /><INIT seed="2,0,0,5,3,96" ten="188,391,147,274" oya="2" hai0="30,120,41,105,45,3,88,119,71,130,114,50,86" hai1="17,2,101,77,113,84,47,33,132,11,36,7,79" hai2="34,35,111,61,5,21,62,110,63,16,32,25,94" hai3="66,78,67,72,54,126,115,64,18,38,75,125,60"/><V122/><F122/><W57/><G38/><T112/><D120/><U29/><E113/><V13/><F94/><W134/><G115/><T27/><D3/><U82/><E132/><V10/><AGARI ba="0,0" hai="5,10,13,16,21,25,32,34,35,61,62,63,110,111" machi="10" ten="40,3900,0" yaku="0,1,54,1" doraHai="96" who="2" fromWho="2" sc="188,-13,391,-13,147,39,274,-13" /><INIT seed="2,1,0,2,0,44" ten="175,378,186,261" oya="2" hai0="134,117,4,17,131,85,15,74,66,95,37,13,11" hai1="130,30,76,47,51,132,5,129,73,49,87,108,98" hai2="103,27,96,26,68,99,111,2,38,65,31,75,8" hai3="62,45,50,105,112,133,59,126,106,69,128,23,93"/><V24/><F75/><W9/><G69/><T113/><D74/><U25/><E73/><V94/><F38/><W20/><G133/><T120/><D113/><U48/><E108/><V91/><F111/><W114/><G9/><T0/><D120/><U102/><E132/><V124/><F124/><W57/><G126/><T56/><D134/><U58/><E5/><V42/><F42/><W55/><G128/><N who="1" m="49258" /><E58/><V107/><F8/><W1/><G1/><T52/><D37/><U10/><E10/><V77/><F77/><W35/><G35/><T116/><D131/><U119/><E119/><N who="0" m="45641" /><D66/><U3/><E3/><V16/><F2/><W70/><G70/><T97/><D85/><U104/><E87/><V78/><F78/><W6/><G6/><T46/><D17/><U71/><E71/><V29/><REACH who="2" step="1"/><F16/><REACH who="2" ten="175,378,176,261" step="2"/><W110/><G110/><T18/><D18/><U22/><E76/><V64/><F64/><W34/><G112/><T127/><D127/><U67/><E67/><V121/><F121/><W63/><G114/><T28/><D28/><U80/><E80/><V14/><F14/><W92/><G62/><AGARI ba="1,1" hai="24,26,27,29,31,62,65,68,91,94,96,99,103,107" machi="62" ten="40,2000,0" yaku="1,1,53,0" doraHai="44" doraHaiUra="40" who="2" fromWho="3" sc="175,0,378,0,176,33,261,-23" /><INIT seed="2,2,0,0,5,50" ten="175,378,209,238" oya="2" hai0="41,55,34,98,51,57,60,131,88,109,19,37,76" hai1="93,81,119,24,20,11,69,74,22,17,122,43,29" hai2="42,121,13,4,59,64,27,107,38,54,103,10,23" hai3="72,117,5,52,35,16,115,86,97,133,125,46,58"/><V123/><F64/><W9/><G117/><T12/><D34/><U73/><E119/><V104/><F42/><W128/><G72/><T70/><D109/><U40/><E69/><V113/><F38/><W111/><G35/><T106/><D131/><U15/><E122/><V89/><F113/><W134/><G111/><T49/><D76/><U102/><E74/><V25/><F25/><W94/><G128/><T130/><D130/><U3/><E3/><V79/><F79/><W1/><G86/><T61/><D106/><U45/><E73/><V47/><F47/><W8/><G46/><T101/><D101/><U62/><E81/><V53/><F89/><W44/><G44/><T105/><D105/><U18/><E62/><V135/><F135/><W75/><G75/><T85/><D98/><N who="1" m="59727" /><E45/><V71/><F71/><W56/><G115/><T66/><D41/><N who="1" m="15947" /><E22/><V114/><F114/><W21/><G58/><T67/><D67/><U99/><E99/><V65/><F107/><W126/><G9/><T7/><D7/><AGARI ba="2,0" hai="7,11,15,17,18,20,24,29" m="15947,59727" machi="7" ten="30,1000,0" yaku="8,1" doraHai="50" who="1" fromWho="0" sc="175,-16,378,16,209,0,238,0" /><INIT seed="3,0,0,1,5,135" ten="159,394,209,238" oya="3" hai0="1,72,33,109,59,62,55,44,116,131,3,111,85" hai1="108,27,21,39,107,5,25,70,46,117,114,6,18" hai2="42,13,124,68,101,87,112,90,69,115,17,34,15" hai3="47,12,49,28,20,50,122,73,86,129,106,91,80"/><W40/><G122/><T60/><D72/><U64/><E107/><V96/><F34/><W52/><G106/><T19/><D116/><U78/><E108/><N who="0" m="41545" /><D131/><U97/><E114/><V84/><F42/><W126/><G129/><T94/><D33/><U66/><E117/><V83/><F87/><W133/><G133/><T67/><D44/><U103/><E78/><V123/><F123/><W7/><G73/><T0/><D19/><U105/><E27/><V56/><F69/><W9/><G126/><T26/><D26/><U113/><E113/><V29/><F68/><W77/><G20/><T61/><D67/><U102/><E102/><V57/><F29/><W53/><G28/><T8/><D8/><U79/><E79/><V99/><F112/><W98/><G49/><T110/><N who="0" m="41553" /><T93/><DORA hai="71" /><D85/><U125/><E125/><V11/><F124/><W75/><REACH who="3" step="1"/><G98/><REACH who="3" ten="159,394,209,228" step="2"/><T95/><AGARI ba="0,1" hai="0,1,3,55,59,60,61,62,93,94,95" m="41553" machi="95" ten="50,1600,0" yaku="14,1" doraHai="135,71" who="0" fromWho="0" sc="159,26,394,-4,209,-4,228,-8" /><INIT seed="4,0,0,0,0,33" ten="185,390,205,220" oya="0" hai0="134,18,37,3,111,96,7,114,84,108,11,94,78" hai1="8,110,35,89,44,77,121,36,115,130,122,1,29" hai2="73,61,5,17,99,6,16,88,0,55,81,125,41" hai3="129,107,43,83,48,118,12,74,65,50,86,102,104"/><T82/><D37/><U21/><E110/><N who="0" m="42025" /><D114/><U15/><E130/><V32/><F32/><W70/><G118/><T40/><D40/><U62/><E115/><V100/><F41/><W25/><G74/><T4/><D4/><N who="1" m="1039" /><E62/><V98/><F125/><W92/><G43/><T34/><D34/><U105/><E89/><V135/><F135/><W58/><G70/><T126/><D126/><U90/><E90/><V24/><F73/><W45/><G107/><T69/><D69/><U119/><E77/><V2/><F100/><W68/><G104/><T133/><D18/><N who="1" m="10463" /><E44/><V64/><F81/><W67/><G68/><T63/><D63/><U117/><E105/><V54/><F61/><W123/><G123/><N who="1" m="47114" /><E36/><V80/><F80/><W49/><G45/><T53/><D53/><U120/><E120/><V38/><F38/><W57/><G67/><T14/><D14/><U127/><E127/><V116/><F88/><AGARI ba="0,0" hai="3,7,11,78,82,84,88,94,96,133,134" m="42025" machi="88" ten="30,5800,0" yaku="10,1,52,1,54,1" doraHai="33" who="0" fromWho="2" sc="185,58,390,0,205,-58,220,0" /><INIT seed="4,1,0,3,5,64" ten="243,390,147,220" oya="0" hai0="38,14,49,44,85,104,92,113,77,23,84,27,40" hai1="57,42,107,11,15,127,69,89,134,106,0,43,62" hai2="6,102,108,128,98,9,24,1,35,101,21,71,121" hai3="28,31,8,78,111,76,52,81,120,41,4,3,83"/><T30/><D104/><U95/><E0/><V103/><F108/><W25/><G111/><T56/><D113/><U125/><E134/><V129/><F121/><W67/><G120/><T110/><D110/><U79/><E79/><V135/><F135/><W80/><G41/><T96/><D77/><U68/><E43/><V122/><F122/><W126/><G31/><T36/><D36/><U90/><E42/><V20/><F35/><W109/><G109/><T48/><D38/><U93/><E106/><V16/><F98/><W10/><G126/><N who="1" m="48138" /><E107/><V39/><F39/><W47/><G67/><T5/><D5/><N who="1" m="3567" /><E93/><V37/><F37/><W91/><G10/><T86/><D14/><U50/><E50/><V51/><F51/><W29/><G29/><T119/><D119/><U116/><E116/><V53/><F53/><W2/><G2/><T73/><D73/><U32/><E32/><V7/><F7/><W70/><G78/><T17/><D49/><U58/><E58/><V99/><F99/><W72/><G72/><T63/><D56/><U87/><E90/><V26/><REACH who="2" step="1"/><F71/><REACH who="2" ten="243,390,137,220" step="2"/><W66/><G70/><T65/><D96/><U105/><E105/><V131/><F131/><W13/><G4/><T114/><D48/><U132/><E132/><V88/><F88/><W74/><G91/><T118/><D118/><U22/><E69/><V124/><F124/><W133/><G133/><T115/><D115/><U45/><E68/><V54/><F54/><W12/><G3/><T61/><D114/><U46/><E62/><V82/><F82/><W112/><G112/><T97/><D63/><RYUUKYOKU ba="1,1" sc="243,-10,390,-10,137,30,220,-10" hai2="1,6,9,16,20,21,24,26,101,102,103,128,129" /><INIT seed="5,2,1,5,3,88" ten="233,380,167,210" oya="1" hai0="29,103,51,52,11,85,109,121,99,108,105,68,92" hai1="2,71,59,62,3,33,134,104,21,76,32,128,118" hai2="107,25,34,75,8,81,42,110,40,89,41,72,91" hai3="127,111,83,26,102,77,66,101,113,125,5,93,30"/><U12/><E71/><V132/><F110/><W65/><G111/><T16/><D68/><U22/><E118/><V54/><F107/><W19/><G5/><T74/><D74/><U55/><E104/><V4/><F132/><W126/><G19/><T67/><D67/><N who="3" m="25609" /><G93/><T18/><D29/><U64/><E134/><V70/><F70/><W97/><G97/><T20/><D121/><U116/><E116/><V130/><F130/><W86/><G113/><T131/><D131/><U24/><E128/><V35/><F54/><W120/><G120/><T47/><D11/><U73/><E73/><V119/><F119/><W17/><G17/><T133/><D133/><U14/><E76/><V46/><F46/><W15/><G15/><T61/><D61/><U63/><E24/><V82/><F42/><W38/><G38/><T53/><D53/><U84/><E64/><V78/><F25/><W13/><G13/><T94/><D18/><U114/><E55/><V100/><F78/><W48/><G48/><T36/><D36/><U79/><E79/><V49/><F49/><W27/><G27/><T80/><D109/><U123/><E123/><V98/><F98/><W124/><N who="3" m="31744" /><DORA hai="9" /><W1/><G1/><T117/><D117/><U122/><E122/><V7/><REACH who="2" step="1"/><F8/><REACH who="2" ten="233,380,157,210" step="2"/><W43/><G43/><T106/><D108/><U50/><E50/><V0/><F0/><W58/><G58/><T60/><D106/><U112/><E84/><V96/><F96/><W90/><G77/><T87/><D87/><U69/><E69/><V6/><F6/><W135/><G135/><T95/><D105/><RYUUKYOKU ba="2,2" sc="233,-30,380,10,157,10,210,10" hai1="2,3,12,14,21,22,32,33,59,62,63,112,114" hai2="4,7,34,35,40,41,72,75,81,82,89,91,100" hai3="26,30,83,86,90,101,102" /><INIT seed="5,3,2,2,2,135" ten="203,390,167,220" oya="1" hai0="126,81,73,10,28,131,0,68,43,128,98,110,102" hai1="27,44,46,91,26,1,39,9,56,18,53,116,111" hai2="101,49,24,85,60,115,34,71,16,23,127,11,51" hai3="54,99,83,5,41,95,52,67,15,92,72,103,7"/><U32/><E116/><V20/><F34/><W63/><G41/><T36/><D110/><U122/><E122/><V121/><F121/><W114/><G114/><T62/><D28/><U129/><E129/><N who="0" m="49737" /><D98/><U88/><E111/><V14/><F115/><W108/><G108/><T65/><D102/><U30/><E1/><V84/><F101/><W74/><G72/><T105/><D105/><U12/><E27/><V61/><F127/><W106/><G106/><T29/><D29/><U2/><E2/><V125/><F125/><W90/><G74/><T31/><D31/><U38/><E46/><V19/><F11/><N who="3" m="4591" /><G83/><T134/><D134/><U93/><E44/><V96/><F96/><N who="3" m="57463" /><G7/><N who="0" m="1383" /><D43/><U50/><REACH who="1" step="1"/><E91/><REACH who="1" ten="203,380,167,220" step="2"/><V89/><F89/><W64/><G63/><N who="2" m="24137" /><F71/><W79/><G79/><N who="0" m="44271" /><D36/><U112/><E112/><V58/><F58/><W75/><G75/><T124/><AGARI ba="3,3" hai="62,65,68,124,126" m="44271,1383,49737" machi="124" ten="30,7900,0" yaku="19,1,23,1,52,2" doraHai="135" who="0" fromWho="0" sc="203,118,380,-42,167,-23,220,-23" /><INIT seed="6,0,0,5,2,61" ten="321,338,144,197" oya="2" hai0="50,22,90,71,73,85,92,79,56,58,27,8,94" hai1="127,69,46,40,83,103,0,59,121,36,78,32,81" hai2="102,95,77,89,124,14,33,39,113,48,114,119,134" hai3="96,87,21,26,130,15,23,72,107,131,7,20,16"/><V117/><F39/><W99/><G72/><T118/><D71/><U57/><E69/><V135/><F33/><W35/><G87/><T133/><D133/><N who="2" m="50698" /><F14/><N who="3" m="9239" /><G96/><T120/><D120/><U17/><E32/><V45/><F102/><W97/><G97/><T88/><D73/><U82/><E0/><V2/><F2/><W65/><G65/><T63/><D79/><U34/><E34/><V132/><N who="2" m="50706" /><V126/><DORA hai="51" /><F77/><W68/><G68/><T80/><D118/><N who="2" m="45066" /><F48/><W66/><G66/><N who="0" m="39271" /><D8/><U64/><E121/><V84/><F45/><W70/><G70/><T38/><D38/><U5/><E103/><V67/><F67/><W109/><G107/><T6/><D90/><U10/><E64/><V108/><F108/><W49/><G49/><T4/><D94/><U125/><E78/><V110/><F110/><W76/><G76/><T11/><D92/><U75/><E75/><V106/><F106/><W100/><G109/><T115/><D50/><U41/><E41/><V55/><F55/><W31/><G100/><T111/><D111/><U98/><E59/><V3/><F3/><W43/><G43/><T13/><D58/><U25/><E57/><V123/><F123/><W101/><G101/><T19/><D88/><U128/><E46/><V116/><N who="2" m="45074" /><V62/><DORA hai="28" /><F62/><W42/><G42/><T129/><D13/><U93/><E36/><V1/><F1/><W30/><G35/><T105/><D105/><U12/><E40/><V52/><F52/><W37/><G37/><T91/><D91/><N who="1" m="55615" /><E128/><N who="3" m="49194" /><G99/><T9/><D129/><U18/><E5/><V74/><F74/><RYUUKYOKU ba="0,0" sc="321,-15,338,15,144,15,197,-15" hai1="10,12,17,18,25,81,82,83,125,127" hai2="84,89,95,113,114,124,126" /><INIT seed="6,1,0,0,0,0" ten="306,353,159,182" oya="2" hai0="124,92,40,119,86,133,123,69,6,24,102,83,45" hai1="76,58,38,34,122,64,4,26,47,63,77,125,104" hai2="109,74,113,18,20,31,46,56,106,8,49,42,53" hai3="12,117,70,82,87,27,65,112,50,73,81,99,127"/><V107/><F74/><W29/><G117/><T128/><D123/><U75/><E104/><V105/><F113/><W22/><G112/><T130/><D69/><U98/><E125/><V94/><F109/><W16/><G127/><T80/><D124/><U41/><E122/><V25/><F94/><W71/><G65/><T100/><D24/><U55/><E75/><V9/><REACH who="2" step="1"/><F31/><REACH who="2" ten="306,353,149,182" step="2"/><W90/><G99/><T5/><D92/><U111/><E111/><V88/><F88/><W72/><G72/><T79/><D119/><U52/><E98/><V3/><F3/><W10/><G73/><T67/><D83/><U36/><E77/><V13/><F13/><W37/><G37/><AGARI ba="1,1" hai="8,9,18,20,25,37,42,46,49,53,56,105,106,107" machi="37" ten="40,2000,0" yaku="1,1,53,0" doraHai="0" doraHaiUra="108" who="2" fromWho="3" sc="306,0,353,0,149,33,182,-23" /><INIT seed="6,2,0,0,1,105" ten="306,353,182,159" oya="2" hai0="30,39,48,63,52,117,104,35,0,85,86,68,82" hai1="123,108,31,47,109,134,2,24,102,94,55,89,115" hai2="27,6,21,76,49,37,9,116,113,46,44,23,110" hai3="83,122,73,103,7,40,57,96,70,128,54,92,79"/><V17/><F113/><W66/><G122/><T93/><D39/><U106/><E2/><V8/><F110/><W121/><G121/><T42/><D104/><U28/><E123/><V22/><F116/><W34/><G128/><T126/><D0/><U16/><E115/><V84/><F37/><W11/><G34/><T3/><D3/><U98/><E134/><V51/><F51/><W53/><G40/><T100/><D117/><U90/><E90/><V80/><F46/><W114/><G70/><T43/><D35/><U91/><E91/><V87/><F87/><W50/><G114/><T97/><D30/><U61/><E28/><V77/><F77/><W19/><G19/><T75/><D126/><U107/><E107/><V72/><F72/><W25/><G25/><T38/><D38/><U95/><E106/><V101/><F101/><W118/><G118/><T56/><D42/><U130/><E130/><V26/><F6/><W65/><REACH who="3" step="1"/><G54/><REACH who="3" ten="306,353,182,149" step="2"/><T112/><D112/><U131/><E131/><V29/><F22/><W74/><G74/><T69/><D43/><AGARI ba="2,1" hai="8,9,17,21,23,26,27,29,43,44,49,76,80,84" machi="43" ten="30,2900,0" yaku="7,1,8,1" doraHai="105" who="2" fromWho="0" sc="306,-35,353,0,182,45,149,0" /><INIT seed="6,3,0,1,1,38" ten="271,353,227,149" oya="2" hai0="61,118,102,18,107,133,106,49,5,33,73,60,123" hai1="97,7,77,89,32,66,59,96,62,120,40,111,46" hai2="37,130,113,65,54,2,53,76,42,6,43,31,30" hai3="69,131,57,17,81,72,56,45,134,117,35,80,135"/><V3/><F37/><W29/><G117/><T109/><D109/><U95/><E111/><V99/><F65/><W87/><G69/><T119/><D123/><U82/><E32/><V84/><F113/><W47/><G72/><T64/><D73/><U39/><E120/><V104/><F104/><W8/><G131/><T22/><D33/><U25/><E7/><V12/><F99/><W1/><G35/><T74/><D74/><U28/><E77/><V83/><F130/><W88/><G29/><N who="2" m="10761" /><F2/><W98/><G98/><T19/><D5/><U68/><E82/><V85/><F85/><W94/><G81/><T58/><D49/><U132/><E132/><N who="3" m="50730" /><G80/><T11/><D133/><U13/><E97/><V115/><F115/><W75/><G75/><T26/><D102/><U79/><E79/><V126/><F126/><W91/><G91/><T21/><D11/><U100/><E89/><V36/><F36/><W67/><G1/><T128/><D128/><U44/><E68/><V92/><F92/><W90/><G90/><T108/><D108/><U116/><E116/><N who="0" m="44585" /><D61/><U122/><E122/><V78/><F78/><W63/><G57/><T114/><D114/><U103/><E103/><V51/><F3/><W34/><G34/><T121/><D121/><U105/><E105/><V71/><F71/><W9/><G9/><T15/><AGARI ba="3,0" hai="15,18,19,21,22,26,58,60,64,106,107" m="44585" machi="15" ten="30,1100,0" yaku="12,1" doraHai="38" who="0" fromWho="0" sc="271,20,353,-6,227,-8,149,-6" /><INIT seed="7,0,0,4,2,73" ten="291,347,219,143" oya="3" hai0="88,24,44,49,52,118,27,11,15,36,112,90,103" hai1="134,125,0,67,119,117,55,110,127,128,130,28,41" hai2="120,71,50,104,70,131,108,79,113,74,45,4,66" hai3="126,75,42,105,21,97,65,19,135,63,87,72,98"/><W111/><G135/><T56/><D118/><N who="1" m="45067" /><E0/><V7/><F104/><W48/><G126/><N who="1" m="48138" /><E110/><V6/><F113/><W58/><G111/><T60/><D112/><U82/><E134/><V64/><F131/><W91/><G75/><T20/><D36/><U29/><E67/><V62/><F120/><W129/><G72/><T2/><D2/><U46/><E55/><V1/><F1/><W32/><G32/><T80/><D103/><U59/><E59/><V61/><F108/><W43/><G129/><N who="1" m="49770" /><E82/><V77/><REACH who="2" step="1"/><F74/><REACH who="2" ten="291,347,209,143" step="2"/><W22/><G105/><T121/><D121/><U116/><E116/><V3/><F3/><W107/><G107/><T85/><D90/><U100/><E100/><V114/><F114/><W30/><G30/><T78/><D88/><U34/><E34/><V8/><F8/><W124/><G124/><T57/><D11/><U123/><E123/><V53/><AGARI ba="0,1" hai="4,6,7,45,50,53,61,62,64,66,70,71,77,79" machi="53" ten="30,8000,1" yaku="1,1,0,1,9,1,52,2,53,0" doraHai="73" doraHaiUra="26" who="2" fromWho="2" sc="291,-20,347,-20,209,90,143,-40" owari="271,-13.0,327,43.0,299,10.0,103,-40.0" /></mjloggm>