<mjloggm ver="2.3"><GO type="169" lobby="0"/><UN n0="%E5%B0%8F%E6%89%8B%E8%BF%94%E6%92%B2%E6%BB%85%E4%BC%9A%E9%95%B7" n1="%EF%BC%84%E3%83%8A%E3%83%8A%E3%82%B7%E3%83%BC%EF%BF%A5" n2="%E3%83%95%E3%83%AA%E3%83%BC%E3%82%B6%E6%A7%98" n3="%E3%82%A6%E3%83%AB%E3%83%88%E3%83%A9%E7%AB%8B%E7%9B%B4" dan="17,16,17,17" rate="2101.55,2094.41,2165.95,2164.71" sx="M,M,M,M"/><TAIKYOKU oya="0"/><INIT seed="0,0,0,1,0,106" ten="250,250,250,250" oya="0" hai0="13,72,30,1,58,79,39,102,31,32,57,98,83" hai1="0,127,87,27,68,10,40,9,51,4,88,19,86" hai2="92,6,81,93,36,113,49,122,105,134,26,85,33" hai3="24,18,2,43,119,12,108,5,48,64,7,131,80"/><T16/><D1/><U91/><E68/><V11/><F36/><W69/><G119/><T104/><D39/><U117/><E117/><V133/><F105/><W29/><G108/><T116/><D116/><U73/><E127/><V59/><F113/><W67/><G131/><T3/><D3/><U22/><E73/><V23/><F33/><W52/><G43/><T46/><D46/><U44/><REACH who="1" step="1"/><E10/><REACH who="1" ten="250,240,250,250" step="2"/><V41/><F122/><W8/><G69/><T62/><D32/><U132/><E132/><V100/><F134/><W28/><G8/><T34/><D34/><U63/><E63/><V14/><F133/><W121/><G121/><T103/><D103/><U15/><E15/><V50/><F100/><W84/><G12/><T94/><D104/><U47/><E47/><N who="2" m="25839" /><F59/><W45/><G2/><T21/><REACH who="0" step="1"/><D58/><REACH who="0" ten="240,240,250,250" step="2"/><U78/><E78/><N who="2" m="46263" /><F50/><W124/><G45/><T115/><D115/><U95/><E95/><V74/><F92/><W55/><G48/><T90/><D90/><AGARI ba="0,2" hai="0,4,9,19,22,27,40,44,51,86,87,88,90,91" machi="90" ten="40,2600,0" yaku="1,1,54,1,53,0" doraHai="106" doraHaiUra="126" who="1" fromWho="0" sc="240,-26,240,46,250,0,250,0" /><INIT seed="1,0,0,1,1,86" ten="214,286,250,250" oya="1" hai0="39,106,7,37,82,114,76,67,62,17,98,111,48" hai1="1,47,29,101,28,70,25,132,79,83,40,56,87" hai2="27,24,105,52,129,85,109,126,23,122,99,10,115" hai3="53,50,51,118,69,49,9,44,72,31,30,120,38"/><U59/><E70/><V4/><F122/><W91/><G120/><T125/><D114/><U35/><E1/><V33/><F115/><W133/><G72/><T90/><D125/><U92/><E132/><V107/><F109/><W58/><G69/><T78/><D111/><U113/><E113/><V96/><F129/><W19/><G133/><T95/><D106/><U117/><E117/><V100/><F126/><W65/><G118/><T110/><D110/><U34/><E101/><V71/><F71/><W123/><G38/><T130/><D130/><U21/><E92/><V5/><F33/><W68/><G68/><T57/><D7/><U55/><E29/><N who="3" m="10762" /><G65/><T60/><D60/><U127/><E127/><V66/><F66/><W103/><G103/><T61/><D61/><U18/><E28/><V63/><F100/><W54/><G51/><T42/><D17/><U81/><E83/><V88/><F105/><W121/><G121/><T41/><D78/><U116/><E116/><V102/><F102/><W16/><G123/><T73/><REACH who="0" step="1"/><D48/><REACH who="0" ten="204,286,250,250" step="2"/><U22/><E79/><V128/><F128/><W75/><G19/><T0/><D0/><U6/><E6/><V64/><F5/><W2/><G2/><T80/><D80/><U43/><E81/><N who="2" m="49199" /><F107/><W89/><G75/><T135/><D135/><U36/><E18/><V14/><F4/><W108/><G108/><T131/><D131/><U97/><E35/><V124/><F63/><W13/><AGARI ba="0,1" hai="9,13,16,44,49,50,53,54,58,89,91" m="10762" machi="13" ten="30,7900,0" yaku="8,1,52,2,54,1" doraHai="86" who="3" fromWho="3" sc="204,-20,286,-39,250,-20,250,89" /><INIT seed="2,0,0,4,4,135" ten="184,247,230,339" oya="2" hai0="20,26,100,28,25,111,126,45,15,44,61,56,125" hai1="113,50,72,90,130,46,124,29,77,116,22,123,122" hai2="112,83,114,98,85,2,24,36,13,70,101,33,108" hai3="60,57,3,58,92,102,65,38,19,35,119,18,37"/><V82/><F2/><W99/><G119/><T11/><D111/><U109/><E116/><V43/><F108/><W8/><G35/><T6/><D100/><U14/><E109/><V79/><F70/><W54/><G19/><T96/><D96/><U12/><E113/><V67/><F67/><W47/><G47/><T78/><D78/><U87/><E130/><V81/><F36/><W52/><G65/><T131/><D131/><U120/><E77/><V86/><F43/><W32/><G32/><T42/><D26/><N who="1" m="16599" /><E72/><V17/><F33/><W9/><G9/><T69/><D69/><U71/><E71/><V59/><F59/><W64/><G18/><T39/><REACH who="0" step="1"/><D44/><REACH who="0" ten="174,247,230,339" step="2"/><U76/><E76/><V1/><F24/><W41/><G99/><T107/><D107/><U134/><E134/><V34/><F98/><W105/><G105/><T68/><D68/><U80/><E124/><V106/><F101/><W30/><G102/><T48/><D48/><U127/><E127/><V73/><F106/><W31/><G38/><T94/><D94/><U23/><E23/><N who="2" m="11695" /><F34/><W27/><G27/><T66/><AGARI ba="0,1" hai="6,11,15,20,25,28,39,42,45,56,61,66,125,126" machi="66" ten="30,7900,0" yaku="1,1,0,1,52,2,53,0" doraHai="135" doraHaiUra="117" who="0" fromWho="0" sc="174,89,247,-20,230,-39,339,-20" /><INIT seed="3,0,0,1,5,84" ten="263,227,191,319" oya="3" hai0="70,103,81,73,21,3,123,92,26,67,87,119,48" hai1="134,19,113,6,104,1,101,31,61,18,45,24,132" hai2="56,109,125,0,10,65,135,118,85,115,14,68,2" hai3="77,16,124,111,42,35,100,64,46,108,39,94,34"/><W40/><G77/><T43/><D119/><U80/><E113/><V27/><F68/><W69/><G42/><T5/><D73/><U74/><E45/><V9/><F118/><W112/><G112/><T29/><D123/><U86/><E74/><V60/><F115/><W50/><G39/><T41/><D3/><U121/><E121/><V122/><F122/><W38/><G38/><T49/><D5/><U89/><E61/><V116/><F116/><W126/><G16/><N who="1" m="6186" /><E101/><V30/><F135/><N who="1" m="51753" /><E104/><V58/><F125/><N who="3" m="48235" /><G64/><T32/><D32/><N who="3" m="12329" /><G69/><T106/><D106/><U114/><E114/><V75/><F75/><W4/><G4/><T133/><D67/><U117/><E117/><V28/><F65/><W131/><G131/><T105/><D105/><U129/><E129/><V62/><F30/><W7/><G7/><T20/><D20/><N who="1" m="15751" /><E6/><V8/><F0/><AGARI ba="0,0" hai="0,1,80,86,89" m="15751,51753,6186" machi="0" ten="30,3900,0" yaku="20,1,52,1,54,1" doraHai="84" who="1" fromWho="2" sc="263,0,227,39,191,-39,319,0" /><INIT seed="4,0,0,0,0,105" ten="263,266,152,319" oya="0" hai0="55,12,19,28,106,63,24,127,114,31,48,6,25" hai1="26,14,7,15,58,13,46,113,130,37,131,120,78" hai2="110,16,134,129,128,119,36,89,47,73,135,50,18" hai3="74,67,92,21,133,123,30,29,86,62,17,94,132"/><T95/><D106/><U64/><E120/><V32/><F110/><W43/><G43/><T2/><D114/><U1/><E113/><V122/><F122/><W27/><G74/><T0/><D63/><U102/><E102/><V35/><F36/><W44/><G44/><T41/><D41/><U80/><E37/><V81/><F119/><W33/><G123/><T69/><D69/><U115/><E115/><V117/><F117/><W57/><G86/><T91/><D6/><U112/><E112/><V93/><F35/><W99/><G92/><T96/><D0/><U121/><E121/><V54/><F32/><W118/><G118/><T70/><D70/><U85/><E46/><V66/><F66/><W49/><G49/><T82/><D2/><U3/><E26/><N who="0" m="10345" /><D82/><U9/><E3/><V52/><F54/><W98/><G98/><T103/><D91/><U101/><E101/><V23/><F93/><W72/><G72/><T90/><D90/><U59/><REACH who="1" step="1"/><E64/><REACH who="1" ten="263,256,152,319" step="2"/><V34/><F47/><W10/><G67/><T71/><D103/><U87/><E87/><N who="2" m="50415" /><F73/><W97/><G33/><T125/><D96/><U109/><E109/><V39/><F34/><W60/><G99/><T76/><D28/><U116/><E116/><V8/><F39/><W11/><G30/><T61/><D31/><U100/><E100/><V88/><F135/><W107/><G29/><T84/><D84/><U108/><E108/><V104/><F134/><W45/><G132/><T42/><D42/><U40/><E40/><V126/><F104/><W56/><G107/><T75/><D75/><U65/><E65/><RYUUKYOKU ba="0,1" sc="263,-10,256,30,152,-10,319,-10" hai1="1,7,9,13,14,15,58,59,78,80,85,130,131" /><INIT seed="5,1,1,1,0,120" ten="253,286,142,309" oya="1" hai0="107,129,21,8,127,77,20,81,132,6,45,83,90" hai1="56,44,40,72,51,24,75,0,133,65,60,2,43" hai2="38,91,13,94,87,88,64,61,92,134,86,80,79" hai3="52,128,73,89,93,70,121,124,126,68,22,32,115"/><U84/><E133/><V97/><F134/><W54/><G32/><T96/><D129/><U69/><E43/><V14/><REACH who="2" step="1"/><F38/><REACH who="2" ten="253,286,132,309" step="2"/><W114/><G121/><T85/><D132/><U37/><E37/><V62/><F62/><W110/><G128/><T15/><D127/><U42/><E60/><V113/><F113/><W25/><G115/><T16/><D107/><U48/><E48/><V10/><F10/><W46/><G114/><T76/><D6/><U58/><E51/><V1/><F1/><W66/><G126/><T4/><D4/><U118/><E0/><V33/><F33/><W82/><G124/><T102/><D102/><U12/><E2/><V35/><F35/><W98/><G70/><AGARI ba="1,2" hai="13,14,61,64,70,79,80,86,87,88,91,92,94,97" machi="70" ten="30,3900,0" yaku="1,1,7,1,54,1,53,0" doraHai="120" doraHaiUra="125" who="2" fromWho="3" sc="253,0,286,0,132,62,309,-42" /><INIT seed="6,0,0,2,4,77" ten="253,286,194,267" oya="2" hai0="76,1,109,93,49,41,92,98,6,106,36,116,18" hai1="21,108,22,71,94,122,55,75,111,90,69,70,56" hai2="34,27,125,12,16,81,57,101,83,24,79,0,132" hai3="25,95,103,86,23,117,40,91,97,80,50,7,29"/><V45/><F0/><W87/><G117/><T134/><D109/><U82/><E122/><V37/><F132/><W15/><G87/><T53/><D36/><U78/><E22/><V54/><F125/><W126/><G126/><T135/><D41/><U20/><E20/><V42/><F101/><W13/><G7/><T121/><D121/><U104/><E104/><V73/><F34/><W67/><G67/><T110/><D110/><U19/><E90/><V46/><F46/><AGARI ba="0,0" hai="13,15,23,25,29,40,46,50,80,86,91,95,97,103" machi="46" ten="40,2600,0" yaku="8,1,52,1" doraHai="77" who="3" fromWho="2" sc="253,0,286,0,194,-26,267,26" /><INIT seed="7,0,0,1,1,73" ten="253,286,168,293" oya="3" hai0="114,121,78,135,57,3,115,11,17,45,111,26,117" hai1="81,14,77,40,43,104,38,16,22,122,39,75,52" hai2="5,2,113,125,49,106,134,0,29,61,119,44,112" hai3="91,23,20,96,129,60,87,74,46,54,4,80,62"/><W83/><G74/><T128/><D111/><U71/><E122/><V51/><F119/><W1/><G1/><T100/><D117/><U68/><E104/><V67/><F106/><W70/><G70/><T47/><D121/><U19/><E52/><N who="2" m="29735" /><F134/><W102/><G129/><T7/><D128/><U118/><E118/><V63/><F125/><W72/><G4/><T127/><D127/><U86/><E75/><V28/><F51/><N who="3" m="29047" /><G80/><T133/><D57/><U98/><E98/><V93/><F93/><N who="3" m="58639" /><G72/><T69/><D100/><U18/><E39/><V6/><F6/><W105/><G105/><T65/><D65/><U76/><E38/><V10/><F2/><W120/><G120/><T84/><D47/><U90/><E71/><N who="2" m="42479" /><F63/><AGARI ba="0,0" hai="20,23,60,62,63,83,87,91" m="58639,29047" machi="63" ten="30,1500,0" yaku="8,1" doraHai="73" who="3" fromWho="2" sc="253,0,286,0,168,-15,293,15" owari="253,-15.0,286,9.0,153,-35.0,308,41.0" /></mjloggm>