<mjloggm ver="2.3"><GO type="169" lobby="0"/><UN n0="%E3%82%A6%E3%83%AB%E3%83%88%E3%83%A9%E7%AB%8B%E7%9B%B4" n1="%74%61%6B%75%61%6B%61" n2="%E6%94%AF%E5%80%89%E7%AB%9C" n3="%E3%81%AF%E3%81%BF%E3%82%82%E3%82%93" dan="18,17,16,18" rate="2212.68,2187.05,2114.82,2231.47" sx="M,M,M,M"/><TAIKYOKU oya="0"/><INIT seed="0,0,0,5,5,109" ten="250,250,250,250" oya="0" hai0="89,108,47,123,6,3,36,110,65,9,67,21,51" hai1="90,124,31,120,33,88,11,95,103,102,54,73,55" hai2="133,60,84,122,22,58,40,64,7,13,14,125,129" hai3="35,134,71,15,79,16,39,25,37,93,46,57,92"/><T114/><D36/><U74/><E120/><V91/><F122/><W99/><G71/><T70/><D123/><U41/><E124/><V86/><F125/><W83/><G134/><T98/><D21/><U53/><E41/><V121/><F121/><W48/><G57/><T75/><D75/><U100/><E33/><V97/><F129/><W135/><G135/><T68/><D114/><U32/><E32/><V23/><F40/><W38/><G25/><T111/><D89/><U116/><E116/><V56/><F133/><W28/><G28/><T132/><D98/><U17/><E31/><V104/><F56/><W34/><G34/><T49/><D132/><U62/><E62/><V20/><F104/><W50/><G50/><N who="0" m="18955" /><D47/><U12/><REACH who="1" step="1"/><E90/><REACH who="1" ten="250,240,250,250" step="2"/><V113/><F91/><W10/><G35/><T76/><D76/><U105/><E105/><V131/><F60/><W18/><G46/><T87/><D87/><AGARI ba="0,1" hai="11,12,17,53,54,55,73,74,87,88,95,100,102,103" machi="87" ten="40,2600,0" yaku="1,1,54,1,53,0" doraHai="109" doraHaiUra="126" who="1" fromWho="0" sc="250,-26,240,36,250,0,250,0" /><INIT seed="1,0,0,2,4,45" ten="224,276,250,250" oya="1" hai0="81,33,27,8,13,4,42,119,20,12,94,3,28" hai1="131,80,25,49,82,116,1,78,29,22,77,97,37" hai2="62,103,57,101,134,67,109,14,6,132,118,95,133" hai3="70,50,84,106,93,111,0,123,121,58,24,88,32"/><U87/><E116/><V18/><F109/><W15/><G0/><T51/><D119/><U135/><E37/><V16/><F118/><W114/><G70/><T26/><D81/><U100/><E135/><V40/><F40/><W115/><G111/><T66/><D94/><U30/><E131/><V47/><F47/><W23/><G106/><T5/><D66/><U21/><E1/><V108/><F108/><W17/><G32/><T36/><D36/><U39/><E39/><V128/><F128/><W89/><G24/><T52/><D42/><U79/><E21/><V120/><F120/><N who="3" m="46155" /><G89/><T9/><D3/><U55/><E30/><V83/><F83/><W122/><G122/><T102/><D102/><N who="2" m="38922" /><F95/><W98/><G98/><T130/><D130/><U59/><REACH who="1" step="1"/><E80/><REACH who="1" ten="224,266,250,250" step="2"/><V96/><F134/><W35/><G35/><T75/><D33/><U10/><E10/><V38/><F38/><W64/><G64/><T107/><D28/><U53/><E53/><AGARI ba="0,1" hai="15,17,23,50,53,58,84,88,93,114,115" m="46155" machi="53" ten="30,3900,0" yaku="25,1,52,1,54,1" doraHai="45" who="3" fromWho="1" sc="224,0,266,-39,250,0,250,49" /><INIT seed="2,0,0,4,3,78" ten="224,227,250,299" oya="2" hai0="55,135,56,19,45,36,29,3,108,28,127,41,121" hai1="98,75,9,1,20,84,49,131,115,109,67,46,40" hai2="15,132,90,23,35,100,25,51,112,65,82,103,54" hai3="60,72,14,129,83,47,117,17,64,86,104,120,81"/><V85/><F132/><W38/><G120/><T118/><D121/><U22/><E75/><V110/><F112/><W69/><G117/><T61/><D118/><U27/><E115/><V37/><F37/><W123/><G104/><T7/><D135/><U39/><E109/><V125/><F125/><W88/><G129/><T77/><D108/><U93/><E39/><V59/><F110/><W133/><G133/><T89/><D127/><U66/><E131/><V21/><F35/><W48/><G38/><T76/><D19/><U74/><E74/><V10/><F65/><W13/><G123/><T32/><D89/><U8/><E20/><N who="2" m="7755" /><F25/><W4/><G4/><AGARI ba="0,0" hai="4,10,15,51,54,59,82,85,90,100,103" m="7755" machi="4" ten="30,2900,0" yaku="8,1,52,1" doraHai="78" who="2" fromWho="3" sc="224,0,227,0,250,29,299,-29" /><INIT seed="2,1,0,4,4,30" ten="224,227,279,270" oya="2" hai0="107,26,97,89,112,12,74,59,39,128,51,23,22" hai1="28,16,129,116,11,104,49,3,115,87,8,119,124" hai2="37,21,76,66,46,121,79,77,92,109,69,57,24" hai3="123,70,15,135,96,82,111,62,17,65,61,44,88"/><V118/><F121/><W85/><G111/><T126/><D39/><U9/><E3/><V125/><F118/><W67/><G135/><T27/><D112/><U19/><E104/><V72/><F109/><W130/><G130/><T120/><D120/><U54/><E115/><V95/><F125/><W0/><G0/><T58/><D74/><U117/><E129/><V78/><F69/><W84/><G44/><T83/><D126/><U132/><E132/><V55/><F66/><W40/><G40/><T114/><D114/><U33/><E124/><V122/><F122/><W106/><G123/><T91/><D128/><U86/><E28/><V53/><N who="2" m="19456" /><DORA hai="38" /><V43/><F72/><W29/><G29/><T93/><D107/><U68/><E68/><V105/><F105/><W73/><G73/><T113/><D113/><U10/><N who="1" m="2048" /><DORA hai="14" /><U102/><E102/><V42/><F42/><W18/><G15/><T131/><D12/><U110/><E33/><V52/><REACH who="2" step="1"/><F57/><REACH who="2" ten="224,227,269,270" step="2"/><W6/><G106/><T108/><D59/><U75/><E75/><V90/><F90/><W71/><G88/><T98/><D58/><U25/><E110/><V5/><F5/><W94/><G6/><T4/><D4/><U41/><E41/><V34/><F34/><W13/><G71/><T101/><D91/><U2/><E2/><V1/><F1/><W20/><G67/><T32/><D89/><U35/><E35/><V47/><F47/><W60/><G65/><T56/><D32/><U50/><E117/><V133/><F133/><W36/><G70/><T80/><D108/><U45/><E119/><RYUUKYOKU ba="1,1" sc="224,-10,227,-10,269,30,270,-10" hai2="21,24,37,43,46,52,53,55,92,95" /><INIT seed="2,2,1,5,0,43" ten="214,217,299,260" oya="2" hai0="133,96,77,127,30,36,131,47,19,49,111,76,22" hai1="81,54,32,39,119,74,9,16,84,18,126,125,92" hai2="63,135,57,46,101,66,10,59,118,103,89,48,91" hai3="116,71,14,123,67,122,99,44,6,29,25,11,12"/><V1/><F118/><W42/><G116/><T56/><D36/><U15/><E119/><V86/><F135/><W51/><G14/><T20/><D133/><U0/><E32/><V58/><F1/><W3/><G3/><T7/><D7/><U31/><E31/><V121/><F121/><W128/><G128/><T40/><D131/><U102/><E0/><V38/><F38/><W41/><G41/><T27/><D127/><N who="1" m="48651" /><E39/><V26/><F10/><W45/><G45/><T83/><D111/><U113/><E113/><V90/><F26/><W79/><G79/><T23/><D56/><N who="2" m="21610" /><F86/><W106/><G67/><T82/><D96/><N who="1" m="59655" /><E54/><AGARI ba="2,1" hai="46,48,54,59,63,66,89,90,91,101,103" m="21610" machi="54" ten="30,2900,0" yaku="8,1,52,1" doraHai="43" who="2" fromWho="1" sc="214,0,217,-35,299,45,260,0" /><INIT seed="2,3,0,5,5,74" ten="214,182,344,260" oya="2" hai0="114,72,35,65,94,116,64,11,1,102,98,76,3" hai1="89,135,14,78,96,73,17,124,54,127,125,37,133" hai2="122,126,7,82,85,117,112,93,95,48,56,104,92" hai3="123,63,46,77,86,16,62,121,20,33,38,50,32"/><V34/><F34/><W120/><G38/><T130/><D114/><U134/><E37/><V40/><F122/><W110/><G110/><T105/><D35/><U52/><E73/><V111/><F117/><W13/><G33/><T15/><D130/><U87/><E96/><V47/><F112/><W99/><G32/><T44/><D44/><U100/><E100/><V113/><F113/><W9/><G99/><T71/><D105/><U53/><E78/><V68/><F68/><W91/><G77/><T36/><D36/><U97/><E97/><V67/><F126/><W45/><G20/><T58/><D71/><U106/><E106/><V43/><F104/><W23/><G23/><T18/><D116/><U21/><E54/><V101/><F7/><W119/><G46/><T66/><REACH who="0" step="1"/><D58/><REACH who="0" ten="204,182,344,260" step="2"/><U84/><REACH who="1" step="1"/><E84/><REACH who="1" ten="204,172,344,260" step="2"/><V90/><F85/><W26/><G119/><T28/><D28/><U29/><E29/><V109/><F109/><W25/><G121/><T103/><D103/><U0/><E0/><V5/><F111/><W57/><G120/><T39/><D39/><U108/><E108/><V132/><F101/><W6/><G123/><T79/><D79/><U61/><E61/><V107/><F107/><W115/><G63/><T12/><D12/><U19/><E19/><V8/><F48/><W49/><G16/><T30/><D30/><U2/><E2/><V55/><F5/><W118/><G115/><T80/><AGARI ba="3,2" hai="1,3,11,15,18,64,65,66,72,76,80,94,98,102" machi="80" ten="30,7900,0" yaku="1,1,0,1,52,1,53,1" doraHai="74" doraHaiUra="10" who="0" fromWho="0" sc="204,108,172,-23,344,-42,260,-23" /><INIT seed="3,0,0,0,1,5" ten="312,149,302,237" oya="3" hai0="6,12,52,89,80,128,2,42,24,56,134,30,49" hai1="54,112,76,60,69,17,40,35,44,58,14,82,41" hai2="100,63,3,39,108,132,119,117,29,43,75,57,11" hai3="103,74,19,101,115,110,18,97,61,31,131,65,135"/><W32/><G115/><T36/><D128/><U104/><E112/><V78/><F29/><W92/><G131/><T27/><D134/><U68/><E104/><V85/><F108/><W111/><G74/><T66/><D2/><U20/><E35/><V71/><F71/><W96/><G135/><T1/><D1/><U34/><E34/><V122/><F122/><W25/><G110/><T51/><D66/><U13/><E13/><V28/><F28/><W10/><G10/><N who="0" m="4183" /><D36/><U123/><E123/><V70/><F70/><W129/><G129/><T130/><D30/><U21/><E21/><V16/><F100/><W48/><G48/><T22/><D22/><U46/><E46/><N who="2" m="23935" /><F85/><W37/><G37/><T88/><D130/><U91/><E91/><N who="0" m="34889" /><D80/><U116/><E41/><V59/><F132/><W126/><G111/><T4/><D4/><U9/><E20/><V113/><F3/><W33/><G33/><T67/><D67/><U15/><E116/><V64/><F113/><W107/><REACH who="3" step="1"/><G126/><REACH who="3" ten="312,149,302,227" step="2"/><T72/><D72/><U105/><E68/><AGARI ba="0,1" hai="18,19,25,31,32,61,65,68,92,96,97,101,103,107" machi="68" ten="30,12000,1" yaku="1,1,2,1,7,1,25,2,53,0" doraHai="5" doraHaiUra="83" who="3" fromWho="1" sc="312,0,149,-120,302,0,227,130" /><INIT seed="3,1,0,5,5,79" ten="312,29,302,357" oya="3" hai0="97,65,42,128,118,63,89,38,78,3,86,126,108" hai1="92,29,115,125,82,19,32,31,70,116,52,96,34" hai2="14,46,59,106,74,124,61,57,130,58,95,101,117" hai3="18,105,121,25,9,94,135,27,102,109,111,132,21"/><W39/><G105/><T68/><D3/><U119/><E70/><V23/><F117/><N who="1" m="45129" /><E115/><V91/><F124/><W30/><G39/><T83/><D118/><U90/><E125/><V93/><F74/><W35/><G121/><T112/><D126/><U133/><E133/><N who="3" m="51274" /><G102/><T28/><D108/><U123/><E123/><V69/><F130/><W22/><G94/><T47/><D128/><U40/><E40/><V107/><F101/><W134/><G134/><T5/><D5/><U16/><E31/><V72/><F72/><W36/><G36/><T114/><D28/><U85/><E29/><V20/><F46/><W50/><G50/><T131/><D131/><U104/><E104/><V4/><F69/><W13/><G35/><N who="1" m="13354" /><E52/><V0/><F107/><W6/><AGARI ba="1,0" hai="6,9,13,18,21,22,25,27,30,109,111" m="51274" machi="6" ten="30,6000,0" yaku="20,1,34,2" doraHai="79" who="3" fromWho="3" sc="312,-21,29,-21,302,-21,357,63" /><INIT seed="3,2,0,4,1,39" ten="291,8,281,420" oya="3" hai0="75,90,111,47,79,10,117,125,80,100,7,74,107" hai1="135,11,59,106,109,23,38,8,130,131,119,122,31" hai2="54,105,115,49,9,19,36,53,13,1,32,129,21" hai3="101,24,123,134,83,121,68,77,81,72,103,40,34"/><W26/><G68/><T92/><D117/><U48/><E38/><V43/><F115/><W45/><G134/><T14/><D125/><U25/><E122/><V86/><F129/><N who="1" m="49161" /><E109/><V98/><F32/><W2/><G2/><T120/><D120/><U5/><E135/><V97/><F36/><W30/><G24/><T37/><D111/><U88/><E119/><V58/><F105/><W85/><G121/><T78/><D100/><U66/><E106/><V89/><F43/><W55/><G55/><T6/><D107/><U22/><E22/><V35/><F35/><W52/><G52/><T65/><D65/><U84/><E5/><V71/><F71/><W60/><G60/><T64/><D64/><U0/><E0/><V42/><F42/><W73/><G40/><T56/><D56/><U104/><E104/><V93/><F1/><W57/><G57/><T63/><D63/><N who="1" m="38271" /><E48/><V27/><REACH who="2" step="1"/><F54/><REACH who="2" ten="291,8,271,420" step="2"/><W20/><G34/><T94/><D37/><U128/><E128/><V116/><F116/><W51/><G123/><T4/><D47/><U46/><E46/><V62/><F62/><W18/><G45/><T29/><D29/><AGARI ba="2,1" hai="9,13,19,21,27,29,49,53,58,86,89,93,97,98" machi="29" ten="30,3900,0" yaku="1,1,7,1,8,1,53,0" doraHai="39" doraHaiUra="118" who="2" fromWho="0" sc="291,-45,8,0,271,55,420,0" /><INIT seed="4,0,0,4,5,14" ten="246,8,326,420" oya="0" hai0="66,67,111,35,110,81,63,96,34,112,6,60,32" hai1="3,83,89,33,65,97,127,108,104,98,71,39,51" hai2="74,42,73,87,1,49,126,40,20,131,17,26,105" hai3="76,16,59,72,124,95,93,19,120,36,133,57,116"/><T118/><D118/><U43/><E39/><V0/><F126/><W11/><G36/><T77/><D112/><U119/><E3/><V107/><F131/><W52/><G116/><T78/><D96/><U135/><E33/><V61/><F61/><N who="0" m="23626" /><D81/><U12/><E119/><V50/><F87/><W55/><G76/><N who="0" m="29291" /><D6/><U22/><E104/><V109/><F109/><AGARI ba="0,0" hai="32,34,35,66,67,109,110,111" m="29291,23626" machi="109" ten="40,7700,0" yaku="28,2,10,1" doraHai="14" who="0" fromWho="2" sc="246,77,8,0,326,-77,420,0" /><INIT seed="4,1,0,0,5,54" ten="323,8,249,420" oya="0" hai0="77,71,111,13,109,88,73,118,117,23,116,46,133" hai1="52,47,74,33,42,24,81,64,78,134,31,6,21" hai2="0,25,4,22,57,1,101,123,110,82,38,115,28" hai3="87,127,68,27,58,55,93,126,51,10,34,79,96"/><T5/><D71/><U49/><E134/><V106/><F123/><W16/><G68/><T124/><D133/><U50/><E64/><V85/><F110/><N who="0" m="41994" /><D124/><N who="3" m="47657" /><G34/><T7/><D46/><U12/><E6/><N who="0" m="2057" /><D77/><U128/><E128/><V108/><F108/><W14/><G27/><T114/><D73/><U9/><E33/><V84/><F38/><W67/><G67/><T119/><D119/><U105/><E105/><V35/><F115/><W91/><G79/><T103/><D103/><U59/><E49/><V43/><F43/><W70/><G70/><T17/><D88/><U130/><E130/><V2/><F4/><W112/><G112/><AGARI ba="1,0" hai="13,17,23,112,114,116,117,118" m="2057,41994" machi="112" ten="40,7700,0" yaku="10,1,34,2" doraHai="54" who="0" fromWho="3" sc="323,80,8,0,249,0,420,-80" /><INIT seed="4,2,0,5,3,33" ten="403,8,249,340" oya="0" hai0="59,91,76,117,45,96,104,110,54,114,35,126,125" hai1="29,8,93,75,50,72,7,20,133,128,98,102,27" hai2="9,17,52,108,30,4,21,109,99,131,32,124,83" hai3="103,42,10,94,78,39,118,62,132,65,53,95,57"/><T115/><D35/><U111/><E111/><V135/><F124/><N who="0" m="47722" /><D117/><U120/><E128/><V38/><F38/><W43/><G132/><T123/><D123/><U58/><E120/><V36/><F36/><W127/><G118/><T71/><D71/><U70/><E70/><V86/><F131/><W11/><G78/><T1/><D1/><U25/><E133/><V84/><F135/><W74/><G74/><T16/><D76/><U113/><E113/><V19/><F99/><N who="3" m="59895" /><G39/><T14/><D45/><U6/><E6/><V46/><F32/><W60/><G95/><N who="0" m="56447" /><D104/><U107/><E107/><V34/><F34/><W55/><G127/><T13/><D13/><U92/><E92/><V31/><F109/><W129/><G129/><T2/><D2/><U15/><E27/><V116/><F116/><W79/><G79/><T41/><D41/><N who="3" m="15369" /><G62/><N who="0" m="36215" /><D110/><U82/><E82/><V48/><F108/><W121/><G121/><T130/><D130/><U105/><E105/><V88/><F86/><W63/><G63/><T23/><AGARI ba="2,0" hai="14,16,23,114,115" m="36215,56447,47722" machi="23" ten="30,3000,0" yaku="18,1,54,1" doraHai="33" who="0" fromWho="0" sc="403,36,8,-12,249,-12,340,-12" owari="439,53.0,-4,-50.0,237,-16.0,328,13.0" /></mjloggm>