<mjloggm ver="2.3"><GO type="169" lobby="0"/><UN n0="%7A%61%63%63" n1="%E3%82%AD%E3%83%A5%E3%82%A2%E3%82%A8%E3%83%BC%E3%82%B9" n2="%E5%B0%B1%E6%B4%BB%E7%94%9F%40%E5%B7%9D%E6%9D%91%E8%BB%8D%E5%9B%A3" n3="%74%61%63%6F%73" dan="16,17,17,16" rate="2163.47,2170.92,2139.94,2088.48" sx="F,F,M,M"/><TAIKYOKU oya="0"/><INIT seed="0,0,0,0,0,133" ten="250,250,250,250" oya="0" hai0="77,6,7,34,61,12,72,79,115,25,70,67,28" hai1="106,131,41,14,0,36,20,102,53,57,108,123,31" hai2="129,2,9,104,24,29,130,87,112,84,18,78,109" hai3="111,71,21,101,121,19,32,11,95,83,51,116,30"/><T82/><D115/><U54/><E0/><V22/><F104/><W113/><G71/><T122/><D122/><U92/><E106/><V125/><F112/><W42/><G116/><T8/><REACH who="0" step="1"/><D79/><REACH who="0" ten="240,250,250,250" step="2"/><U91/><E123/><V66/><F78/><W69/><G113/><T59/><D59/><U118/><E57/><V68/><F129/><W76/><G76/><T80/><D80/><U47/><E131/><V5/><F130/><W60/><G83/><T99/><D99/><U90/><E118/><V63/><F109/><W98/><G111/><T55/><D55/><U103/><E54/><V105/><F105/><W120/><G121/><T93/><D93/><U26/><E92/><V119/><F119/><W81/><G120/><T96/><D96/><U128/><E53/><V89/><F125/><W58/><G81/><T3/><D3/><U65/><E108/><V86/><REACH who="2" step="1"/><F29/><REACH who="2" ten="240,250,240,250" step="2"/><W85/><G30/><T134/><D134/><U40/><E31/><V126/><F126/><W127/><G127/><T135/><D135/><U13/><E128/><V16/><F16/><AGARI ba="0,2" hai="6,7,8,12,16,25,28,34,61,67,70,72,77,82" machi="16" ten="30,11600,0" yaku="1,1,7,1,54,1,53,1" doraHai="133" doraHaiUra="56" who="0" fromWho="2" sc="240,136,250,0,240,-116,250,0" /><INIT seed="0,1,0,5,1,102" ten="376,250,124,250" oya="0" hai0="9,70,100,52,75,106,79,18,114,87,128,95,0" hai1="130,22,123,30,85,40,110,25,59,62,41,7,96" hai2="51,1,73,74,93,60,80,26,129,81,127,121,67" hai3="116,29,4,112,5,83,45,115,122,34,104,72,105"/><T8/><D114/><U44/><E123/><V134/><F121/><W90/><G122/><T119/><D70/><U89/><E110/><V135/><F1/><W31/><G116/><T117/><D128/><U131/><E7/><V84/><F51/><W86/><G72/><T63/><D0/><U32/><E96/><V17/><F17/><W19/><G19/><T132/><D132/><U125/><E32/><V35/><F26/><W88/><G86/><T15/><D8/><U54/><E125/><V66/><F35/><W120/><G83/><T98/><D75/><U2/><E2/><V36/><F36/><W37/><G120/><T42/><D42/><U16/><E30/><V133/><F129/><N who="1" m="49161" /><E44/><V53/><F127/><W103/><G45/><T49/><D63/><U91/><E91/><N who="2" m="53479" /><F53/><W6/><G103/><T39/><D39/><U10/><E10/><V124/><F124/><W23/><G34/><T12/><D12/><U69/><E69/><N who="2" m="42183" /><F67/><W11/><G37/><T126/><D126/><U56/><E59/><V27/><F27/><W78/><G11/><T46/><REACH who="0" step="1"/><D95/><AGARI ba="1,0" hai="16,22,25,40,41,54,56,62,85,89,95" m="49161" machi="95" ten="30,2000,0" yaku="19,1,54,1" doraHai="102" who="1" fromWho="0" sc="376,-23,250,23,124,0,250,0" /><INIT seed="1,0,0,5,2,97" ten="353,273,124,250" oya="1" hai0="26,24,30,63,121,127,15,79,56,44,83,18,8" hai1="27,32,82,109,40,119,25,126,107,72,41,122,38" hai2="125,117,50,49,53,129,19,67,81,62,64,23,28" hai3="58,89,39,110,114,91,29,47,42,45,86,108,31"/><U5/><E119/><V75/><F117/><W16/><G114/><T106/><D127/><U52/><E122/><V10/><F125/><W105/><G105/><T12/><D106/><U66/><E107/><V36/><F36/><W2/><G2/><T46/><D121/><U68/><E38/><V74/><F129/><W87/><G58/><T100/><D100/><U101/><E101/><V70/><F67/><W3/><G3/><T37/><D12/><U78/><E5/><V13/><F50/><W57/><G57/><T1/><D1/><U22/><E109/><N who="3" m="42090" /><G47/><T33/><D24/><U48/><E68/><V85/><F28/><N who="3" m="10827" /><G16/><T104/><D104/><U59/><E66/><V21/><F21/><W130/><G130/><T71/><D71/><U111/><E111/><V93/><F93/><W65/><G65/><T112/><D112/><U6/><E6/><V135/><F23/><W4/><G4/><T7/><D7/><U90/><E126/><V80/><F80/><W54/><G54/><T124/><D124/><U102/><E27/><V73/><F135/><W103/><G103/><T128/><D128/><U115/><E102/><V113/><F113/><W0/><G0/><T96/><D44/><U14/><E115/><V98/><F53/><W9/><G9/><T118/><D118/><U134/><E134/><V131/><F131/><W61/><G61/><T51/><D63/><U43/><E52/><V55/><F55/><W123/><G123/><T69/><D69/><U20/><E25/><V60/><F60/><W133/><G133/><T76/><D56/><U77/><E59/><RYUUKYOKU ba="0,0" sc="353,-10,273,-10,124,-10,250,30" hai3="39,42,45,86,87,89,91" /><INIT seed="2,1,0,1,0,47" ten="343,263,114,280" oya="2" hai0="69,74,110,10,19,37,3,45,108,125,132,107,106" hai1="52,130,114,93,121,128,72,135,99,66,0,44,133" hai2="29,71,96,91,83,13,23,88,77,32,85,22,94" hai3="5,28,101,129,55,26,104,112,105,18,12,124,49"/><V109/><F71/><W64/><G5/><T40/><D132/><N who="1" m="50763" /><E72/><V27/><F109/><N who="0" m="42090" /><D125/><U63/><E0/><V6/><REACH who="2" step="1"/><F77/><REACH who="2" ten="343,263,104,280" step="2"/><W4/><G124/><T7/><D69/><N who="1" m="42207" /><E114/><V89/><F89/><W17/><G112/><T59/><D74/><U36/><E121/><V92/><F92/><W103/><G105/><T131/><D107/><U119/><E119/><V58/><F58/><W50/><G104/><T76/><D106/><U97/><E93/><V35/><F35/><W117/><G117/><T8/><D76/><U25/><E130/><V9/><AGARI ba="1,1" hai="6,9,13,22,23,27,29,32,83,85,88,91,94,96" machi="9" ten="30,12000,1" yaku="1,1,0,1,54,1,53,2" doraHai="47" doraHaiUra="16" who="2" fromWho="2" sc="343,-41,263,-41,104,133,280,-41" /><INIT seed="2,2,0,5,3,116" ten="302,222,237,239" oya="2" hai0="11,26,60,34,99,103,72,40,128,22,75,65,79" hai1="110,63,31,134,0,43,70,132,88,133,27,129,29" hai2="100,21,1,5,46,32,66,51,30,113,68,106,104" hai3="77,81,92,90,35,69,7,73,39,78,15,55,120"/><V19/><F113/><W121/><G69/><T126/><D128/><U48/><E110/><V67/><F5/><W2/><G35/><T25/><D126/><U71/><E129/><V44/><F1/><W6/><G2/><T38/><D25/><U50/><E0/><V37/><F37/><W14/><G39/><T118/><D11/><U115/><E115/><V56/><F68/><N who="1" m="26153" /><E63/><V105/><F100/><W98/><G77/><T102/><D102/><U42/><E88/><V28/><F46/><W61/><G7/><T41/><D79/><U85/><E85/><V4/><F4/><W119/><G119/><T95/><D34/><U13/><E13/><V9/><F9/><W33/><G33/><T45/><D40/><N who="1" m="15403" /><E27/><V54/><F32/><W10/><REACH who="3" step="1"/><G15/><REACH who="3" ten="302,222,237,229" step="2"/><T96/><D118/><U20/><E20/><V8/><F8/><W93/><G93/><T87/><D22/><U107/><E107/><V74/><F74/><W52/><G52/><T124/><D72/><U125/><E125/><V111/><F111/><W17/><G17/><T122/><D75/><U109/><E109/><V47/><F30/><AGARI ba="2,1" hai="29,30,31,48,50,132,133,134" m="15403,26153" machi="30" ten="40,5200,0" yaku="28,2,20,1" doraHai="116" who="1" fromWho="2" sc="302,0,222,68,237,-58,229,0" /><INIT seed="3,0,0,5,5,60" ten="302,290,179,229" oya="3" hai0="23,10,116,45,117,56,98,105,80,102,94,79,133" hai1="47,22,115,17,41,104,123,33,31,5,71,127,109" hai2="37,118,124,28,66,30,27,113,128,129,59,36,34" hai3="96,38,90,121,44,83,3,85,65,55,52,39,13"/><W15/><G3/><T12/><D133/><U135/><E104/><V70/><F118/><W61/><G121/><T58/><D23/><U32/><E5/><V43/><F113/><W50/><G55/><T18/><D45/><U48/><E71/><V78/><F124/><W35/><G35/><T26/><D26/><U40/><E123/><V82/><F30/><W21/><G96/><T0/><D0/><U53/><E31/><V25/><F59/><W11/><G21/><T131/><D131/><N who="2" m="50250" /><F27/><W126/><G126/><T14/><D14/><U29/><E17/><V125/><F43/><W51/><G51/><T1/><D1/><U62/><E48/><V97/><F97/><W81/><G81/><T134/><D134/><U69/><E41/><V107/><F107/><W132/><G132/><T108/><D105/><U87/><E40/><V103/><F103/><W84/><G84/><T2/><D2/><U7/><E87/><N who="2" m="48599" /><F125/><W72/><G72/><T54/><D58/><U112/><E29/><V8/><F8/><W63/><G63/><AGARI ba="0,0" hai="25,28,34,36,37,63,66,70" m="48599,50250" machi="63" ten="30,2000,0" yaku="19,1,52,1" doraHai="60" who="2" fromWho="3" sc="302,0,290,0,179,20,229,-20" /><INIT seed="4,0,0,0,2,62" ten="302,290,199,209" oya="0" hai0="6,124,100,17,79,23,21,25,7,53,97,85,34" hai1="84,92,20,133,113,69,83,115,38,41,49,4,0" hai2="3,130,91,9,27,47,54,123,116,5,72,90,71" hai3="66,31,51,111,16,45,127,95,24,122,74,33,89"/><T129/><D34/><U102/><E38/><V67/><F123/><W98/><G74/><T125/><D129/><U87/><E69/><V80/><F130/><W120/><G111/><T101/><D101/><U135/><E20/><V43/><F116/><W50/><G127/><N who="0" m="48715" /><D53/><U81/><E4/><V37/><F54/><W22/><G66/><T131/><D131/><U86/><E0/><V26/><F91/><W57/><G57/><T11/><D11/><U82/><E49/><V96/><F96/><W18/><G51/><T29/><D79/><U78/><E41/><V114/><F114/><N who="1" m="43529" /><E78/><N who="2" m="44103" /><F90/><W68/><G68/><T126/><D85/><U2/><E2/><V46/><F46/><W36/><G36/><T99/><D99/><AGARI ba="0,0" hai="81,82,83,84,86,87,92,99,102,133,135" m="43529" machi="99" ten="40,8000,1" yaku="15,1,11,1,34,2" doraHai="62" who="1" fromWho="0" sc="302,-80,290,80,199,0,209,0" /><INIT seed="5,0,0,0,2,134" ten="222,370,199,209" oya="1" hai0="90,2,15,57,30,135,39,108,54,8,92,23,58" hai1="40,114,42,59,53,65,70,115,48,29,11,0,16" hai2="78,124,5,25,73,33,7,122,126,107,119,85,64" hai3="62,125,43,34,94,35,37,109,9,63,6,17,1"/><U49/><E29/><N who="2" m="19631" /><F119/><W98/><G109/><T91/><D108/><U127/><E127/><N who="2" m="48683" /><F122/><W81/><G125/><T51/><D39/><U3/><E70/><V60/><F107/><W72/><G17/><T75/><D75/><U19/><E65/><V82/><F73/><W22/><G22/><T129/><D2/><U41/><E48/><V113/><F113/><N who="1" m="43017" /><E0/><V87/><F87/><W14/><G14/><T55/><D135/><U76/><E76/><V123/><F123/><W102/><G62/><T44/><D129/><U116/><E116/><V118/><F118/><W128/><G63/><T99/><D91/><U56/><E56/><AGARI ba="0,0" hai="5,7,56,60,64,78,82,85" m="48683,19631" machi="56" ten="30,7700,0" yaku="18,1,52,3" doraHai="134" who="2" fromWho="1" sc="222,0,370,-77,199,77,209,0" /><INIT seed="6,0,0,2,4,62" ten="222,293,276,209" oya="2" hai0="134,79,101,34,40,78,57,53,127,19,43,95,3" hai1="83,18,25,111,99,88,77,120,129,85,17,71,65" hai2="113,116,98,86,69,112,115,61,76,0,23,100,104" hai3="15,36,80,96,74,72,75,56,126,93,8,103,6"/><V81/><F116/><W21/><G36/><T60/><D34/><U48/><E111/><V4/><F23/><W24/><G126/><T29/><D3/><U45/><E129/><V123/><F123/><W10/><G10/><T13/><D29/><U41/><E120/><V102/><F102/><W67/><G80/><T68/><D68/><U64/><E71/><V125/><F125/><W49/><G49/><T105/><D105/><U131/><E131/><V91/><F4/><W51/><G51/><T82/><D134/><U14/><E25/><V84/><F0/><W11/><G11/><T33/><D33/><U44/><E44/><V2/><F2/><W38/><G38/><T117/><D117/><U87/><E99/><V89/><F69/><W63/><G72/><T132/><D132/><U92/><E18/><AGARI ba="0,0" hai="6,8,15,18,21,24,56,63,67,74,75,93,96,103" machi="18" ten="30,2000,0" yaku="7,1,52,1" doraHai="62" who="3" fromWho="1" sc="222,0,293,-20,276,0,209,20" /><INIT seed="7,0,0,5,0,68" ten="222,273,276,229" oya="3" hai0="103,114,82,30,15,65,76,116,96,91,78,25,131" hai1="19,79,3,111,124,132,35,34,40,84,92,49,85" hai2="110,14,117,17,90,126,125,67,29,63,72,113,129" hai3="37,26,69,130,52,66,55,59,106,47,120,0,118"/><W56/><G106/><T61/><D116/><U104/><E104/><V16/><F110/><W22/><G0/><T39/><D39/><U7/><E111/><V2/><F2/><W32/><G120/><T18/><D131/><U62/><E3/><V71/><F117/><W6/><G32/><T81/><D114/><U31/><E7/><V88/><F113/><W99/><G118/><T73/><D91/><U54/><E31/><V109/><F109/><W128/><G6/><T112/><D112/><U119/><E124/><N who="2" m="47723" /><F129/><N who="3" m="49771" /><G69/><T74/><D25/><U21/><E34/><V70/><F72/><W80/><G80/><T5/><D30/><U101/><E92/><V133/><F133/><W58/><G66/><T95/><D5/><U60/><E84/><V11/><F29/><N who="3" m="17623" /><G99/><T9/><D61/><U45/><E60/><N who="2" m="40295" /><F17/><W105/><G105/><T46/><D46/><U10/><E45/><V57/><F71/><W86/><G86/><T100/><D100/><U87/><E101/><V127/><F127/><W64/><G64/><AGARI ba="0,0" hai="9,15,18,64,65,73,74,76,78,81,82,95,96,103" machi="64" ten="40,1300,0" yaku="9,1" doraHai="68" who="0" fromWho="3" sc="222,13,273,0,276,0,229,-13" /><AGARI ba="0,0" hai="11,14,16,57,63,64,88,90" m="40295,47723" machi="64" ten="30,3900,0" yaku="18,1,54,2" doraHai="68" who="2" fromWho="3" sc="235,0,273,0,276,39,216,-39" owari="235,-16.0,273,7.0,315,41.0,177,-32.0" /></mjloggm>