<mjloggm ver="2.3"><GO type="169" lobby="0"/><UN n0="%E5%B0%B1%E6%B4%BB%E7%94%9F%40%E5%B7%9D%E6%9D%91%E8%BB%8D%E5%9B%A3" n1="%7A%65%6C%64%65%6E" n2="%E6%B0%B7%E6%9F%B1" n3="%E3%82%AE%E3%82%BF%E3%83%AB%E3%83%9E" dan="17,19,16,16" rate="2212.24,2252.04,2111.88,2049.87" sx="M,M,M,M"/><TAIKYOKU oya="0"/><INIT seed="0,0,0,4,0,68" ten="250,250,250,250" oya="0" hai0="100,1,112,74,39,115,95,30,81,110,128,76,44" hai1="82,94,20,18,57,60,13,71,132,55,70,50,64" hai2="96,51,123,113,117,69,122,126,87,25,91,85,7" hai3="27,62,130,16,79,103,24,33,106,22,127,101,56"/><T133/><D128/><U32/><E32/><V73/><F113/><W119/><G119/><T102/><D133/><U0/><E0/><V5/><F73/><W10/><G130/><T26/><D110/><U78/><E132/><V40/><F117/><W35/><G127/><T135/><D135/><U105/><E105/><V34/><F69/><W23/><G10/><T61/><D61/><U92/><REACH who="1" step="1"/><E71/><REACH who="1" ten="250,240,250,250" step="2"/><V90/><F34/><W12/><G106/><T2/><D1/><U15/><E15/><V17/><F122/><W21/><G33/><T109/><D2/><U134/><E134/><V37/><F123/><W108/><G35/><T99/><D109/><U52/><E52/><V111/><F111/><W121/><G108/><T36/><D102/><U14/><E14/><V43/><F126/><W29/><G121/><T124/><D124/><U41/><E41/><V116/><F43/><W53/><REACH who="3" step="1"/><G79/><REACH who="3" ten="250,240,250,240" step="2"/><T125/><D125/><U80/><E80/><V98/><F116/><W107/><G107/><T89/><D112/><U42/><E42/><V65/><F40/><W77/><G77/><T129/><D115/><U49/><E49/><V88/><F51/><W120/><G120/><T45/><D129/><U72/><AGARI ba="0,2" hai="13,18,20,50,55,57,60,64,70,72,78,82,92,94" machi="72" ten="20,2700,0" yaku="1,1,0,1,7,1,53,0" doraHai="68" doraHaiUra="118" who="1" fromWho="1" sc="250,-13,240,47,250,-7,240,-7" /><INIT seed="1,0,0,1,1,9" ten="237,287,243,233" oya="1" hai0="83,32,61,51,130,20,37,55,5,95,94,120,115" hai1="104,133,66,114,109,21,14,26,46,59,76,74,50" hai2="11,105,23,47,3,25,48,79,4,111,107,126,103" hai3="128,72,60,65,129,92,101,118,102,7,122,124,112"/><U57/><E114/><V34/><F34/><W87/><G7/><T43/><D32/><U27/><E104/><V0/><F111/><W80/><G60/><T93/><D115/><U18/><E109/><V17/><F126/><W2/><G65/><T70/><D120/><U88/><E133/><V90/><F79/><W71/><G71/><T16/><D130/><N who="3" m="50281" /><G2/><T22/><D5/><U121/><E121/><V110/><F110/><W31/><G31/><T10/><D83/><U135/><E76/><V35/><F35/><W113/><G122/><T125/><D125/><U6/><E74/><V30/><F3/><W45/><G45/><N who="0" m="26047" /><D37/><U97/><E135/><V81/><F30/><W58/><G124/><T127/><D70/><U40/><E6/><V28/><F28/><W73/><G118/><T67/><D67/><U29/><E66/><V19/><F19/><W24/><G80/><T91/><D91/><U89/><E89/><V63/><F90/><W82/><G82/><T96/><D96/><U77/><E77/><V108/><F81/><W42/><G73/><T41/><D41/><U116/><E116/><V54/><F108/><W33/><G42/><T98/><D98/><U12/><E27/><V84/><F4/><W132/><G72/><T78/><D78/><U131/><E131/><V69/><F69/><W85/><G132/><T64/><D64/><U38/><E38/><V106/><F0/><W99/><G113/><T134/><D134/><U49/><E49/><V8/><F48/><W86/><G112/><T56/><D127/><U117/><E117/><V1/><F1/><RYUUKYOKU ba="0,0" sc="237,30,287,-10,243,-10,233,-10" hai0="10,16,20,22,55,56,61,93,94,95" /><INIT seed="2,1,0,2,2,1" ten="267,277,233,223" oya="2" hai0="87,23,27,86,76,16,51,33,19,34,102,71,8" hai1="69,37,105,135,45,70,42,103,100,56,104,83,109" hai2="39,116,77,61,46,54,40,95,122,15,93,81,57" hai3="73,94,2,131,67,64,120,124,91,17,117,99,126"/><V48/><F116/><W68/><G117/><T62/><D102/><U108/><E135/><V75/><F122/><W13/><G2/><T98/><D98/><U72/><E56/><V21/><F21/><W3/><G3/><T22/><D51/><U113/><E113/><V24/><F24/><W78/><G73/><T49/><D49/><U132/><E132/><V14/><F39/><W107/><G120/><T63/><D8/><U50/><E50/><V52/><REACH who="2" step="1"/><F40/><REACH who="2" ten="267,277,223,223" step="2"/><W26/><G26/><T11/><D34/><U31/><E42/><V6/><F6/><W110/><G126/><T115/><D33/><U106/><E37/><V29/><F29/><W12/><G124/><T127/><D127/><U82/><E31/><V74/><F74/><W30/><G30/><T58/><D115/><U89/><E72/><V65/><F65/><W123/><G67/><T129/><D23/><U101/><E106/><V38/><F38/><W32/><G64/><T20/><D22/><U43/><E105/><V5/><F5/><W121/><G107/><T47/><D20/><U36/><E104/><V0/><F0/><W25/><G123/><T60/><D27/><U44/><E36/><V28/><F28/><W92/><G121/><T4/><D4/><U133/><E43/><V90/><F90/><W130/><G32/><T53/><D19/><U80/><E89/><V85/><F85/><W59/><G17/><T96/><D16/><U97/><E133/><V7/><F7/><W66/><G25/><T114/><D87/><U55/><E103/><V128/><F128/><W134/><G131/><RYUUKYOKU ba="1,1" sc="267,-10,277,-10,223,30,223,-10" hai2="14,15,46,48,52,54,57,61,75,77,81,93,95" /><INIT seed="2,2,1,2,2,96" ten="257,267,253,213" oya="2" hai0="46,105,131,100,12,89,94,72,135,9,115,112,74" hai1="97,50,34,80,128,60,76,82,90,104,44,127,52" hai2="113,25,35,59,42,28,18,114,84,117,111,124,130" hai3="47,67,58,6,98,49,106,62,123,5,23,27,68"/><V125/><F42/><W129/><G129/><T107/><D46/><U101/><E34/><V56/><F130/><W63/><G123/><T48/><D48/><U126/><E128/><V10/><F117/><W0/><G0/><T57/><D57/><N who="2" m="22090" /><F84/><W43/><G106/><N who="0" m="40459" /><D12/><U14/><E60/><V24/><F111/><W32/><G32/><T73/><D9/><U11/><E90/><V2/><F2/><W95/><G63/><T108/><D131/><U1/><E1/><V45/><F45/><W38/><G68/><T36/><D36/><U93/><E104/><V8/><F8/><W33/><G33/><T77/><D135/><U71/><E71/><V65/><F65/><W88/><REACH who="3" step="1"/><G38/><REACH who="3" ten="257,267,253,203" step="2"/><T53/><D108/><U54/><E54/><V61/><F61/><W110/><G110/><T132/><D53/><U40/><E40/><V22/><F35/><W51/><G51/><T15/><D132/><U55/><E55/><V41/><F41/><W21/><G21/><T30/><D112/><U91/><E52/><V99/><F114/><W83/><G83/><T20/><D115/><U122/><E122/><V133/><F113/><W70/><G70/><T4/><D20/><U64/><E50/><V109/><F109/><W85/><G85/><T16/><D73/><U7/><E82/><V37/><F37/><W103/><G103/><T81/><D74/><U121/><E101/><V78/><F133/><W17/><AGARI ba="2,2" hai="5,6,17,23,27,43,47,49,58,62,67,88,95,98" machi="17" ten="20,12000,2" yaku="1,1,0,1,7,1,8,1,54,1,53,1" doraHai="96" doraHaiUra="39" who="3" fromWho="3" sc="257,-32,267,-32,253,-62,203,146" /><INIT seed="3,0,0,3,2,22" ten="225,235,191,349" oya="3" hai0="15,99,69,73,58,67,16,125,43,80,10,0,104" hai1="87,56,133,106,31,102,83,3,21,61,24,103,34" hai2="107,94,47,40,120,48,53,13,30,41,20,12,110" hai3="118,119,85,131,51,75,101,2,98,1,78,108,127"/><W45/><G127/><T6/><D125/><U130/><E3/><V96/><F107/><W50/><G131/><T82/><D69/><U59/><E130/><V113/><F110/><W72/><G108/><T77/><D43/><N who="2" m="16458" /><F120/><W117/><G85/><T90/><D67/><U128/><E128/><V126/><F126/><W35/><G35/><T116/><D58/><U32/><E133/><V42/><F42/><W97/><G78/><T124/><D124/><U68/><E59/><V134/><F113/><W38/><G45/><T37/><D37/><U115/><E68/><V39/><F39/><W123/><G38/><T28/><D28/><U95/><E106/><V76/><F76/><W9/><G9/><T44/><D44/><U5/><E5/><V66/><F66/><W71/><G71/><T91/><D116/><U92/><E115/><V62/><F62/><W105/><G123/><T19/><D82/><U29/><E29/><V46/><F46/><W64/><G64/><T23/><D104/><U17/><E31/><V33/><F134/><W70/><G70/><T81/><D99/><N who="3" m="37897" /><G105/><T8/><REACH who="0" step="1"/><D80/><REACH who="0" ten="215,235,191,349" step="2"/><U63/><E83/><V132/><F132/><W65/><G65/><T26/><AGARI ba="0,1" hai="0,6,8,10,15,16,19,23,26,73,77,81,90,91" machi="26" ten="20,12000,2" yaku="1,1,2,1,0,1,7,1,52,1,54,1,53,0" doraHai="22" doraHaiUra="54" who="0" fromWho="0" sc="215,130,235,-30,191,-30,349,-60" /><INIT seed="4,0,0,2,1,20" ten="345,205,161,289" oya="0" hai0="120,9,80,19,121,21,1,97,32,130,70,88,133" hai1="28,62,119,105,24,99,33,39,12,47,126,36,53" hai2="76,38,108,104,56,43,35,64,55,27,100,61,4" hai3="17,63,78,116,49,114,122,102,75,22,110,54,92"/><T101/><D32/><U125/><E119/><V129/><F108/><W111/><G116/><T94/><D70/><U117/><E117/><V115/><F115/><W112/><G122/><T135/><D1/><U118/><E118/><V37/><F43/><W40/><G40/><T48/><D9/><U86/><E86/><V8/><F76/><W74/><G63/><T131/><D48/><N who="1" m="28831" /><E12/><V123/><F129/><N who="0" m="49162" /><D80/><U46/><E46/><V83/><F83/><W25/><G75/><T93/><D21/><U34/><E62/><V41/><F41/><W31/><G74/><T2/><D19/><U89/><E34/><V124/><F123/><N who="0" m="47178" /><D2/><U98/><E28/><V128/><F128/><W127/><G31/><T91/><D91/><U10/><E89/><V85/><F8/><W65/><G111/><T73/><D73/><U44/><E33/><V51/><F4/><W57/><G110/><T103/><D103/><U0/><E0/><V52/><F100/><W106/><G102/><T3/><D3/><U50/><E10/><V29/><F51/><W18/><G49/><T67/><D67/><U15/><E50/><V69/><F69/><W113/><G65/><T77/><D77/><U42/><E42/><V82/><F64/><W79/><G79/><T13/><D13/><U11/><E15/><V66/><F66/><W132/><G78/><T6/><D6/><U72/><E11/><V109/><F109/><W134/><G114/><T71/><D71/><U5/><E72/><V23/><F35/><W16/><G113/><T59/><D59/><U58/><E58/><V68/><F68/><RYUUKYOKU ba="0,0" sc="345,30,205,-10,161,-10,289,-10" hai0="88,93,94,97,101,133,135" /><INIT seed="4,1,0,4,0,125" ten="375,195,151,279" oya="0" hai0="40,70,7,21,51,107,126,110,45,66,94,89,119" hai1="33,129,79,26,43,48,73,28,19,108,57,39,58" hai2="42,37,31,22,78,114,96,49,82,71,83,80,123" hai3="84,103,97,134,105,127,38,112,16,8,5,135,15"/><T59/><D107/><U44/><E108/><V3/><F123/><W14/><G38/><T77/><D119/><U35/><E35/><V68/><F37/><W98/><G127/><T113/><D113/><U13/><E129/><V95/><F3/><W72/><G72/><T121/><D121/><U88/><E39/><V65/><F114/><W55/><G112/><T81/><D70/><U120/><E120/><V101/><F78/><W23/><G97/><T25/><D7/><U52/><E43/><V85/><F85/><W130/><G130/><T76/><D81/><U20/><REACH who="1" step="1"/><E88/><REACH who="1" ten="375,185,151,279" step="2"/><V92/><F42/><W74/><G74/><T2/><D126/><U99/><E99/><V90/><F90/><W111/><G111/><T116/><D116/><U75/><E75/><V60/><F80/><AGARI ba="1,1" hai="13,19,20,26,28,33,44,48,52,57,58,73,79,80" machi="80" ten="40,2600,0" yaku="1,1,54,1,53,0" doraHai="125" doraHaiUra="109" who="1" fromWho="2" sc="375,0,185,39,151,-29,279,0" /><INIT seed="5,0,0,1,1,51" ten="375,224,122,279" oya="1" hai0="56,8,22,110,122,116,83,25,60,58,87,41,23" hai1="113,134,65,63,80,12,32,96,102,46,18,90,126" hai2="19,104,81,91,79,15,68,77,7,4,64,27,94" hai3="128,127,61,72,24,123,26,93,33,20,105,125,55"/><U62/><E32/><V29/><F104/><W85/><G123/><T69/><D116/><U76/><E113/><V37/><F37/><W74/><G105/><T114/><D114/><U82/><E126/><V48/><F64/><W50/><G33/><T121/><D41/><U9/><E134/><V1/><F68/><W34/><G34/><T119/><D119/><U109/><E109/><V100/><F100/><W71/><G128/><T14/><D69/><U21/><E46/><V47/><F27/><W111/><G111/><T75/><D75/><U118/><E118/><V31/><F1/><W101/><G26/><T57/><D110/><U3/><E90/><V120/><F31/><W53/><G74/><T73/><D73/><U84/><E80/><V108/><F29/><W70/><G72/><T112/><D112/><U52/><E65/><V129/><F129/><W89/><G101/><T133/><D133/><U98/><E63/><V40/><F120/><N who="0" m="46186" /><D57/><N who="1" m="35111" /><E3/><V10/><F108/><W45/><G70/><T86/><D58/><U11/><E102/><V67/><F67/><W124/><G71/><T117/><D83/><U39/><E39/><V99/><REACH who="2" step="1"/><F81/><REACH who="2" ten="375,224,112,279" step="2"/><N who="3" m="49327" /><G127/><T95/><D117/><U59/><E59/><V13/><F13/><W88/><G125/><T28/><D56/><U130/><E130/><V54/><F54/><W43/><G61/><T16/><D60/><U2/><E2/><V38/><F38/><W66/><G66/><T132/><D132/><U6/><E12/><V107/><F107/><W135/><G135/><T106/><D14/><N who="1" m="9431" /><E82/><V131/><F131/><W78/><G124/><RYUUKYOKU ba="0,1" sc="375,-10,224,-10,112,30,279,-10" hai2="4,7,10,15,19,40,47,48,77,79,91,94,99" /><INIT seed="6,1,1,3,4,72" ten="365,214,142,269" oya="2" hai0="103,33,82,98,75,58,66,69,35,126,9,119,61" hai1="105,121,38,25,127,26,43,80,131,14,108,7,106" hai2="42,118,73,129,135,89,130,59,32,28,2,92,48" hai3="41,23,34,27,65,95,71,44,12,74,86,19,67"/><V11/><F118/><W96/><G74/><T56/><D126/><U37/><E108/><V81/><F135/><W77/><G71/><T117/><D9/><U134/><E134/><V47/><F28/><W88/><G34/><N who="0" m="12811" /><D58/><U40/><E80/><V100/><F32/><W46/><G46/><T0/><D56/><U55/><E131/><N who="2" m="50187" /><F59/><W60/><G60/><T112/><D0/><U31/><E31/><V29/><F29/><W21/><G77/><N who="0" m="44351" /><D112/><U113/><E113/><V79/><F100/><W13/><G65/><T52/><D52/><U36/><E55/><V83/><F83/><W78/><G67/><T1/><D1/><U76/><E43/><V110/><F110/><W87/><G41/><T102/><D102/><U116/><E40/><V20/><F20/><W50/><G23/><T64/><D66/><U104/><E116/><V4/><F89/><W57/><G57/><T93/><D93/><AGARI ba="1,1" hai="2,4,11,42,47,48,73,79,81,92,93" m="50187" machi="93" ten="30,2900,0" yaku="19,1,52,1" doraHai="72" who="2" fromWho="0" sc="365,-32,214,0,142,42,269,0" /><INIT seed="6,2,0,2,3,124" ten="333,214,184,269" oya="2" hai0="106,16,119,82,76,120,97,93,5,34,62,74,83" hai1="56,57,126,55,111,100,0,64,127,59,61,110,131" hai2="46,130,91,107,22,98,68,78,35,39,31,49,48" hai3="25,113,128,84,92,2,17,13,36,118,6,11,94"/><V12/><F35/><W86/><G118/><T23/><D34/><U70/><E0/><V30/><F68/><W123/><G123/><T29/><D120/><U28/><E28/><V129/><F78/><W73/><G73/><T3/><D106/><U14/><E100/><V95/><F107/><W72/><G72/><T65/><D29/><N who="2" m="10762" /><F39/><W51/><G36/><T75/><D119/><U88/><E88/><V96/><F46/><W40/><G113/><T105/><D105/><U71/><E14/><V47/><F47/><W1/><G1/><T52/><D5/><U41/><E131/><N who="2" m="50187" /><F98/><W109/><G128/><T9/><D76/><U20/><E71/><V32/><F32/><W77/><G77/><T80/><D75/><U67/><E70/><V99/><F99/><W135/><G2/><T50/><D3/><U33/><E33/><V24/><F24/><W121/><G121/><T122/><D74/><U125/><E125/><V117/><F117/><W15/><G25/><T43/><D122/><U87/><E126/><V134/><F134/><W85/><G135/><T26/><D26/><U101/><E127/><V103/><F103/><W42/><G15/><T69/><D97/><U116/><E101/><V112/><F112/><W79/><G79/><T81/><D69/><U44/><E116/><V27/><F27/><W38/><G38/><T10/><D43/><U63/><E44/><V89/><F89/><W21/><G42/><T45/><D45/><U18/><E41/><V60/><F60/><W58/><G40/><T7/><N who="0" m="20992" /><DORA hai="37" /><T133/><D62/><N who="1" m="36127" /><E87/><N who="3" m="33354" /><G13/><N who="0" m="9615" /><D133/><U8/><E63/><RYUUKYOKU ba="2,0" sc="333,-10,214,-10,184,30,269,-10" hai2="12,22,48,49,91,95,96" /><INIT seed="6,3,0,4,3,12" ten="323,204,214,259" oya="2" hai0="129,77,36,19,10,6,124,132,24,1,105,109,89" hai1="35,128,75,123,20,41,46,37,60,48,38,5,93" hai2="64,116,16,83,133,59,27,80,26,82,85,72,107" hai3="53,118,52,86,67,96,100,104,73,108,33,69,18"/><V117/><F107/><W25/><G118/><T30/><D109/><U9/><E35/><V23/><F133/><W131/><G108/><T44/><D105/><U45/><E75/><V32/><F72/><W4/><G73/><T125/><D77/><U3/><E128/><V91/><F117/><W63/><G131/><T54/><D129/><U39/><E123/><V50/><F116/><W15/><G4/><T115/><D115/><U65/><E93/><N who="2" m="54511" /><F32/><W102/><G86/><T56/><D89/><U127/><E127/><N who="0" m="48713" /><D19/><U94/><E94/><V49/><F27/><W98/><G98/><T29/><D132/><U122/><E20/><V81/><N who="2" m="20480" /><DORA hai="11" /><V28/><F28/><N who="3" m="19599" /><G102/><T17/><D17/><U95/><E95/><V22/><F22/><AGARI ba="3,0" hai="15,18,22,52,53,63,67,69,96,100,104" m="19599" machi="22" ten="30,7700,0" yaku="25,1,52,2,54,1" doraHai="12,11" who="3" fromWho="2" sc="323,0,204,0,214,-86,259,86" /><INIT seed="7,0,0,0,0,5" ten="323,204,128,345" oya="3" hai0="118,14,61,87,123,65,44,18,116,40,77,43,88" hai1="91,26,49,76,51,22,93,34,85,102,94,11,33" hai2="32,115,133,42,62,122,75,59,104,19,68,124,81" hai3="96,63,53,99,45,52,127,17,121,73,108,29,106"/><W23/><G121/><T15/><D123/><U100/><E76/><V4/><F122/><W92/><G73/><T97/><D116/><U103/><E33/><V16/><F115/><W6/><G127/><T129/><D118/><U35/><E35/><V31/><F124/><W7/><G108/><T119/><D119/><U30/><E34/><V9/><F133/><W132/><G132/><T1/><D1/><U37/><E37/><V113/><F113/><W69/><G29/><T47/><D129/><U74/><E74/><V107/><F68/><W24/><G106/><T126/><D97/><N who="1" m="59447" /><E11/><V110/><F110/><W54/><G99/><T114/><D114/><U90/><E90/><V48/><F104/><W27/><G27/><T111/><D77/><U57/><E57/><V98/><F75/><W56/><G69/><T120/><D120/><U39/><E39/><V20/><F32/><W89/><G45/><N who="0" m="17483" /><D111/><U86/><E86/><V41/><F81/><W60/><G60/><T112/><D112/><U28/><E28/><V109/><F109/><W50/><G50/><AGARI ba="0,0" hai="22,26,30,49,50,51,85,91,93,102,103" m="59447" machi="50" ten="30,1000,0" yaku="8,1" doraHai="5" who="1" fromWho="3" sc="323,0,204,10,128,0,345,-10" owari="323,12.0,214,-19.0,128,-37.0,335,44.0" /></mjloggm>