<mjloggm ver="2.3"><GO type="169" lobby="0"/><UN n0="%4E%57%43" n1="%67%75%73%68" n2="%E3%82%A6%E3%83%AB%E3%83%88%E3%83%A9%E7%AB%8B%E7%9B%B4" n3="%E5%9B%BD%E5%AE%B6%E6%9C%80%E7%B5%82%E6%88%A6%E5%8A%9B" dan="16,16,18,16" rate="2075.13,2165.09,2204.25,2128.02" sx="M,M,M,M"/><TAIKYOKU oya="0"/><INIT seed="0,0,0,0,2,116" ten="250,250,250,250" oya="0" hai0="12,0,122,133,119,48,37,104,96,60,94,35,111" hai1="76,55,117,72,64,36,33,16,128,9,71,134,53" hai2="17,8,25,93,65,44,46,129,95,74,32,26,106" hai3="82,112,7,79,114,131,75,34,99,14,6,66,73"/><T13/><D119/><U49/><E117/><V43/><F106/><W27/><G75/><T56/><D37/><U100/><E36/><V80/><F129/><W62/><G131/><T81/><D0/><U61/><E128/><V57/><F80/><W110/><G110/><T5/><D35/><U123/><E33/><V98/><F74/><W58/><G99/><T135/><D104/><U50/><E123/><V97/><F32/><W1/><G1/><T91/><D5/><U120/><E120/><V54/><F65/><W83/><G83/><T113/><D48/><U70/><E134/><N who="0" m="51209" /><D113/><U124/><E124/><V118/><F118/><W78/><G78/><T51/><D51/><U77/><E100/><V28/><F43/><W22/><G34/><T90/><D111/><U38/><E38/><V68/><F46/><W23/><G7/><T40/><D40/><U85/><E72/><V132/><F44/><W108/><G108/><T21/><D21/><U20/><E9/><V45/><F8/><W102/><G6/><T42/><D42/><U59/><E85/><V89/><F45/><W52/><G73/><T3/><D3/><U41/><E41/><V11/><F11/><W19/><G114/><T29/><D29/><U86/><E86/><V130/><F28/><W107/><G107/><T84/><D122/><U69/><E77/><V126/><F130/><W31/><G79/><T101/><D101/><U63/><E76/><V88/><F132/><W127/><G112/><T39/><D39/><U103/><E103/><V109/><F109/><W92/><G102/><T18/><D18/><RYUUKYOKU ba="0,0" sc="250,30,250,-10,250,-10,250,-10" hai0="12,13,56,60,81,84,90,91,94,96" /><INIT seed="0,1,0,4,2,101" ten="280,240,240,240" oya="0" hai0="87,19,88,34,65,10,119,125,49,128,5,108,32" hai1="116,126,37,72,15,78,132,26,50,107,25,1,29" hai2="41,114,83,89,40,103,9,28,30,91,16,79,22" hai3="31,134,58,38,129,51,122,106,60,6,104,52,110"/><T115/><D119/><U55/><E37/><V59/><F103/><W135/><G38/><T109/><D115/><U84/><E1/><V124/><F114/><W24/><G110/><N who="0" m="42603" /><D65/><U46/><E116/><V98/><F124/><W75/><G75/><T94/><D19/><U85/><E126/><V33/><F33/><N who="0" m="12906" /><D49/><U68/><E68/><V102/><F9/><W131/><G51/><T47/><D47/><U112/><E112/><V121/><F121/><W120/><G6/><T7/><D125/><U111/><E29/><V73/><F30/><W18/><G18/><T21/><D21/><U56/><E46/><V96/><F28/><W23/><G122/><T77/><D77/><U36/><E36/><V117/><F117/><W12/><G120/><T43/><D43/><U54/><E78/><V42/><F59/><W11/><G31/><T130/><D10/><U99/><E50/><V71/><F71/><W118/><G23/><T95/><D94/><U20/><E20/><V8/><F8/><W113/><G11/><T74/><D74/><U90/><E72/><V81/><F79/><W53/><G113/><T123/><D123/><U80/><E111/><V4/><F73/><W63/><G118/><T17/><D17/><U76/><E76/><V92/><F16/><W82/><G58/><T44/><D44/><U105/><E56/><V14/><F22/><W127/><G127/><T61/><D61/><U67/><E67/><V45/><F45/><W13/><G82/><T0/><D0/><U48/><E80/><V27/><F83/><W66/><G66/><T86/><D86/><RYUUKYOKU ba="1,0" sc="280,15,240,-15,240,-15,240,15" hai0="5,7,87,88,95,128,130" hai3="12,13,24,52,53,60,63,104,106,129,131,134,135" /><INIT seed="0,2,0,1,3,95" ten="295,225,225,255" oya="0" hai0="37,34,114,115,83,119,98,85,126,99,16,50,103" hai1="88,41,94,68,35,104,61,67,63,26,14,71,91" hai2="87,116,80,77,65,58,78,44,47,53,134,106,3" hai3="69,100,32,30,12,57,9,132,27,20,7,125,55"/><T43/><D37/><U123/><E104/><V23/><F3/><W81/><G69/><T59/><D34/><U89/><E123/><V13/><F106/><W108/><G108/><T29/><D29/><U56/><E41/><V86/><F65/><W118/><G118/><T128/><D119/><U129/><E129/><V31/><F134/><W11/><G125/><T110/><D126/><U21/><E35/><V66/><F66/><W28/><G132/><T19/><D128/><U18/><E68/><V8/><F116/><W10/><G100/><T120/><D120/><U122/><E122/><V15/><F87/><W25/><REACH who="3" step="1"/><G81/><REACH who="3" ten="295,225,225,245" step="2"/><T74/><D110/><U101/><E101/><V36/><F80/><W51/><AGARI ba="2,1" hai="7,9,10,11,12,20,25,27,28,30,32,51,55,57" machi="51" ten="20,5200,0" yaku="1,1,2,1,0,1,7,1,53,0" doraHai="95" doraHaiUra="107" who="3" fromWho="3" sc="295,-28,225,-15,225,-15,245,68" /><INIT seed="1,0,0,2,1,22" ten="267,210,210,313" oya="1" hai0="20,97,31,84,40,56,64,119,70,67,133,114,103" hai1="89,32,53,77,134,45,2,73,66,99,61,128,102" hai2="127,10,44,121,41,104,65,120,24,90,68,17,49" hai3="13,74,19,125,23,76,80,107,106,57,98,12,16"/><U34/><E2/><V8/><F104/><W43/><G125/><T25/><D119/><U14/><E128/><V51/><F127/><W29/><G29/><T59/><D114/><U135/><E89/><V87/><F68/><W117/><G117/><T126/><D126/><U79/><E14/><V130/><F130/><W124/><G124/><T95/><D133/><N who="1" m="50699" /><E53/><V63/><F121/><W52/><G98/><T5/><D40/><U123/><E45/><N who="2" m="25775" /><F63/><W71/><G71/><T116/><D116/><U94/><E123/><V78/><F65/><N who="0" m="25162" /><D70/><N who="1" m="42319" /><E73/><V11/><F120/><W3/><G43/><T92/><D5/><U30/><E30/><V129/><F129/><W60/><REACH who="3" step="1"/><G3/><REACH who="3" ten="267,210,210,303" step="2"/><T118/><D118/><U21/><E21/><AGARI ba="0,1" hai="12,13,16,19,21,23,52,57,60,74,76,80,106,107" machi="21" ten="30,12000,2" yaku="1,1,2,1,7,1,9,1,54,2,53,0" doraHai="22" doraHaiUra="37" who="3" fromWho="1" sc="267,0,210,-120,210,0,303,130" /><INIT seed="2,0,0,0,2,0" ten="267,90,210,433" oya="2" hai0="127,5,53,101,98,72,18,115,132,67,51,92,69" hai1="91,45,66,112,59,43,89,56,70,83,78,3,105" hai2="73,20,33,39,130,104,71,22,23,61,95,34,93" hai3="62,118,54,4,96,27,6,106,55,135,107,57,76"/><V82/><F39/><W109/><G118/><T128/><D115/><U58/><E3/><V126/><F104/><W114/><G114/><T65/><D127/><U88/><E112/><V32/><F126/><W42/><G42/><T103/><D132/><U77/><E105/><V47/><F47/><W94/><G135/><T85/><D72/><U35/><E35/><V13/><F130/><W24/><G76/><T111/><D128/><U84/><E77/><V133/><F133/><W40/><G40/><T120/><D120/><U81/><E70/><V116/><F116/><W86/><G86/><T125/><D69/><U10/><E10/><V117/><F117/><W38/><G38/><T122/><D122/><U113/><E113/><V48/><F48/><W134/><G134/><T31/><D31/><U29/><E29/><V50/><F50/><W36/><G36/><T9/><D103/><U121/><E121/><V49/><F49/><W108/><G94/><T8/><D85/><N who="1" m="48311" /><E66/><V64/><F82/><W26/><G26/><T21/><D125/><U90/><E45/><V87/><F73/><W19/><G57/><T1/><D9/><U41/><AGARI ba="0,0" hai="41,43,56,58,59,83,84,88,89,90,91" m="48311" machi="41" ten="40,2700,0" yaku="8,1,54,1" doraHai="0" who="1" fromWho="1" sc="267,-7,90,27,210,-13,433,-7" /><INIT seed="3,0,0,4,2,125" ten="260,117,197,426" oya="3" hai0="63,105,31,59,18,15,22,1,17,70,50,101,8" hai1="119,26,46,53,62,44,57,111,116,134,106,120,92" hai2="55,25,43,0,100,64,71,84,83,86,103,76,16" hai3="72,23,99,133,74,66,13,112,68,35,2,91,80"/><W7/><G35/><T98/><D1/><U94/><E106/><V33/><F0/><W49/><G49/><T14/><D50/><U115/><E120/><V32/><F43/><W122/><G23/><T128/><D31/><U65/><E115/><V12/><F55/><W61/><G13/><T114/><D70/><U131/><E26/><V107/><F86/><W24/><G24/><T67/><REACH who="0" step="1"/><D114/><REACH who="0" ten="250,117,197,426" step="2"/><U11/><E116/><V69/><F69/><W104/><G68/><T102/><D102/><U56/><E119/><V20/><F103/><W85/><G2/><T77/><D77/><U110/><E110/><V135/><F100/><W109/><G109/><T126/><D126/><U37/><E111/><V81/><F71/><W10/><G112/><T95/><D95/><U4/><E94/><V90/><F107/><W88/><G104/><T41/><D41/><U3/><E92/><V96/><F76/><W54/><G122/><T129/><AGARI ba="0,1" hai="8,14,15,17,18,22,59,63,67,98,101,105,128,129" machi="129" ten="30,7900,0" yaku="1,1,0,1,52,2,53,0" doraHai="125" doraHaiUra="34" who="0" fromWho="0" sc="250,89,117,-20,197,-20,426,-39" /><INIT seed="4,0,0,4,4,35" ten="339,97,177,387" oya="0" hai0="24,63,10,16,36,101,61,134,100,47,94,4,40" hai1="89,27,116,88,133,67,12,83,119,49,108,11,19" hai2="99,111,125,71,17,68,45,21,74,15,103,72,38" hai3="78,41,51,92,13,56,9,85,64,29,2,98,106"/><T115/><D115/><U55/><E108/><V117/><F111/><W62/><G2/><T26/><D134/><U96/><E133/><V75/><F125/><W70/><G106/><T31/><D24/><U97/><E67/><V124/><F124/><W130/><G29/><T6/><D6/><U30/><E119/><V135/><F135/><W60/><G130/><T52/><D94/><U20/><E116/><V25/><F117/><W126/><G126/><T58/><D63/><U37/><E37/><V66/><F66/><W118/><G118/><T93/><D93/><U87/><REACH who="1" step="1"/><E89/><REACH who="1" ten="339,87,177,387" step="2"/><V42/><REACH who="2" step="1"/><F25/><REACH who="2" ten="339,87,167,387" step="2"/><W34/><G64/><T105/><D105/><AGARI ba="0,2" hai="15,17,21,38,42,45,68,71,72,74,75,99,103,105" machi="105" ten="40,2600,0" yaku="1,1,2,1,53,0" doraHai="35" doraHaiUra="73" who="2" fromWho="0" sc="339,-26,87,0,167,46,387,0" /><INIT seed="5,0,0,4,4,108" ten="313,87,213,387" oya="1" hai0="122,68,99,35,39,128,93,87,62,38,47,114,22" hai1="40,79,107,57,54,51,2,36,30,17,71,76,95" hai2="23,135,61,123,98,117,82,91,53,9,25,72,0" hai3="18,77,44,119,109,5,106,100,83,67,45,120,101"/><U66/><E107/><V133/><F123/><W24/><G109/><T59/><D35/><U102/><E2/><V78/><F117/><W6/><G67/><T11/><D68/><U73/><E30/><V90/><F9/><W41/><G120/><T121/><D128/><U75/><E17/><N who="2" m="12527" /><F0/><W131/><G131/><T80/><D38/><U43/><E43/><V19/><F19/><W64/><G64/><T130/><D130/><U4/><E4/><V86/><F86/><W32/><G24/><T105/><D105/><U104/><E104/><V50/><F61/><W88/><G18/><T97/><D11/><U127/><E127/><V27/><F98/><W103/><G6/><T125/><D99/><N who="1" m="59775" /><E73/><V55/><F27/><W16/><G16/><T15/><D125/><U1/><E1/><V31/><F31/><W94/><G5/><T81/><D122/><U29/><E29/><V58/><F53/><W69/><G119/><T12/><D121/><U37/><E37/><V3/><F3/><W28/><G28/><T85/><D39/><U96/><E96/><V118/><F118/><W8/><G8/><T42/><D97/><U132/><E75/><V46/><F46/><W115/><G45/><T124/><D124/><U84/><E84/><V26/><F26/><W48/><G44/><T20/><D85/><U56/><E71/><V113/><F91/><W49/><G88/><T21/><D87/><U116/><E116/><V89/><F90/><W70/><G70/><T52/><D47/><N who="1" m="23943" /><E132/><N who="2" m="50763" /><F89/><W34/><G106/><T110/><D110/><U74/><E74/><V65/><F65/><RYUUKYOKU ba="0,0" sc="313,-15,87,15,213,15,387,-15" hai1="51,54,56,57,66,76,79" hai2="50,55,58,72,78,82,113" /><INIT seed="5,1,0,1,2,26" ten="298,102,228,372" oya="1" hai0="110,25,71,93,104,95,38,78,19,5,51,4,57" hai1="44,8,42,107,83,90,7,100,79,63,31,82,121" hai2="62,122,33,97,98,132,101,119,58,88,18,69,103" hai3="0,127,70,24,129,27,94,14,135,61,21,112,35"/><U34/><E121/><V116/><F122/><W92/><G0/><T41/><D71/><U16/><E63/><V43/><F43/><W114/><G135/><T29/><D104/><U59/><E59/><V9/><F33/><W81/><G81/><T36/><D110/><U39/><E90/><V1/><F69/><W74/><G74/><T12/><D78/><U118/><E118/><V128/><F1/><W53/><G14/><T65/><D38/><U68/><E68/><V73/><F73/><W96/><G129/><T75/><D36/><U113/><E113/><V11/><F128/><W126/><G35/><T45/><D75/><U64/><E64/><V111/><F58/><N who="3" m="35023" /><G27/><T131/><D131/><U124/><E124/><N who="3" m="47658" /><G70/><T56/><D93/><N who="3" m="35945" /><G96/><T50/><D95/><U106/><E82/><V108/><F62/><W115/><G115/><T85/><D65/><U130/><E130/><V54/><F88/><W47/><G47/><T76/><D45/><U48/><E100/><V49/><F132/><W32/><G32/><T67/><D67/><U40/><E40/><V22/><F54/><W52/><G52/><T3/><D41/><U28/><E34/><V60/><F60/><W66/><G66/><T20/><D3/><N who="1" m="127" /><E39/><V89/><F89/><W77/><G77/><T15/><D76/><U55/><E42/><V10/><F49/><W72/><G72/><T91/><D91/><U17/><E107/><N who="2" m="63919" /><F103/><W105/><G105/><T123/><D123/><U2/><E106/><V37/><F37/><W30/><AGARI ba="1,0" hai="21,24,30,112,114" m="35945,47658,35023" machi="30" ten="30,2000,0" yaku="18,1,52,1" doraHai="26" who="3" fromWho="3" sc="298,-6,102,-11,228,-6,372,23" /><INIT seed="6,0,0,4,5,26" ten="292,91,222,395" oya="2" hai0="124,96,126,15,115,122,58,72,117,8,83,132,35" hai1="73,38,29,65,69,84,110,4,82,6,28,25,131" hai2="95,39,123,52,76,50,91,106,79,2,60,125,63" hai3="94,44,12,34,23,43,51,27,93,7,1,89,21"/><V116/><F106/><W56/><G1/><T104/><D122/><U10/><E110/><V108/><F2/><W53/><G34/><T127/><D35/><U70/><E73/><V119/><F39/><W61/><G89/><T24/><D24/><U88/><E38/><V0/><F0/><W92/><G27/><T86/><D58/><U77/><E131/><V9/><F125/><W109/><G109/><T22/><D22/><U75/><E6/><V133/><F133/><W80/><G80/><T135/><D72/><U97/><E97/><V47/><F123/><W128/><G128/><T55/><D55/><U57/><E57/><V118/><F9/><AGARI ba="0,0" hai="7,9,12,21,23,43,44,51,53,56,61,92,93,94" machi="9" ten="40,1300,0" yaku="8,1" doraHai="26" who="3" fromWho="2" sc="292,0,91,0,222,-13,395,13" /><INIT seed="7,0,0,1,1,22" ten="292,91,209,408" oya="3" hai0="29,102,124,130,86,75,36,103,101,122,12,47,107" hai1="38,43,80,90,57,37,134,125,127,32,129,83,24" hai2="18,100,48,35,119,68,15,111,33,54,117,115,2" hai3="7,133,96,128,60,126,49,123,121,77,20,19,78"/><W44/><G7/><T55/><D122/><U6/><E6/><V25/><F68/><W116/><G60/><T113/><D107/><U23/><E32/><V63/><F63/><W74/><G96/><T52/><D75/><U4/><E4/><V40/><F100/><W92/><G92/><T109/><D109/><U58/><E23/><V82/><F82/><W1/><G20/><T99/><D99/><U110/><E43/><V65/><F40/><W61/><G61/><T104/><D104/><U64/><E134/><V27/><F54/><W87/><G126/><T16/><D124/><U26/><E90/><V5/><F48/><W62/><G49/><T120/><D120/><U3/><E129/><V70/><F65/><W112/><G128/><T118/><D118/><U76/><E110/><V71/><F111/><W51/><G133/><T88/><D29/><U132/><E132/><V41/><F41/><W135/><G135/><T31/><D31/><U108/><E108/><V72/><F5/><W45/><G62/><T8/><D130/><U106/><E106/><V94/><F119/><W73/><G51/><T98/><D98/><U91/><E91/><V114/><F117/><W50/><G50/><N who="0" m="28767" /><D36/><U10/><E10/><V89/><F35/><W95/><G116/><T93/><D113/><U105/><E105/><V84/><F33/><W131/><G112/><T53/><AGARI ba="0,0" hai="8,12,16,53,55,86,88,93,101,102,103" m="28767" machi="53" ten="30,7900,0" yaku="8,1,54,3" doraHai="22" who="0" fromWho="0" sc="292,79,91,-20,209,-20,408,-39" owari="371,47.0,71,-43.0,189,-21.0,369,17.0" /></mjloggm>