<mjloggm ver="2.3"><GO type="169" lobby="0"/><UN n0="%48%6F%67%65%4E%75%6C%6C" n1="%66%75%6A%69%6D%75%72%61" n2="%E5%B0%B1%E6%B4%BB%E7%94%9F%40%E5%B7%9D%E6%9D%91%E8%BB%8D%E5%9B%A3" n3="%61%74%E6%9D%B1%E5%B1%B1%E5%A5%88%E5%A4%AE" dan="16,16,17,16" rate="2079.94,2083.81,2228.61,2063.68" sx="M,M,M,M"/><TAIKYOKU oya="0"/><INIT seed="0,0,0,1,1,31" ten="250,250,250,250" oya="0" hai0="38,91,94,44,70,84,78,73,8,65,45,117,133" hai1="22,20,0,10,48,12,75,103,112,13,39,34,134" hai2="21,97,27,37,62,59,58,56,1,51,95,35,130" hai3="52,93,115,135,54,5,92,43,110,11,89,15,106"/><T128/><D117/><U49/><E39/><V53/><F37/><W132/><G110/><T114/><D114/><U85/><E75/><V2/><F130/><W129/><G129/><T98/><D128/><U121/><E121/><V4/><F35/><W101/><G115/><T82/><D133/><N who="3" m="51273" /><G43/><T23/><D38/><U32/><E103/><V77/><F77/><W41/><G41/><T64/><D8/><U25/><E134/><V80/><F80/><W96/><G106/><T124/><D124/><U111/><E112/><V104/><F104/><W74/><G74/><T126/><D126/><U71/><E71/><V61/><F4/><W120/><G120/><T81/><D64/><U90/><E111/><V88/><F61/><W57/><G57/><T113/><D113/><U42/><E0/><V131/><F131/><W83/><G83/><T3/><D3/><U79/><E13/><V67/><REACH who="2" step="1"/><F56/><REACH who="2" ten="250,250,240,250" step="2"/><W30/><G30/><AGARI ba="0,1" hai="1,2,21,27,30,51,53,58,59,62,67,88,95,97" machi="30" ten="30,7700,0" yaku="1,1,2,1,7,1,54,1,53,0" doraHai="31" doraHaiUra="116" who="2" fromWho="3" sc="250,0,250,0,240,87,250,-77" /><INIT seed="1,0,0,3,0,43" ten="250,250,327,173" oya="1" hai0="99,67,77,85,114,70,54,42,126,12,96,105,1" hai1="19,132,100,52,121,63,84,76,110,82,17,71,101" hai2="60,124,106,48,128,73,34,129,64,14,80,102,112" hai3="65,49,90,127,115,83,6,104,33,21,108,40,53"/><U134/><E71/><V18/><F34/><W75/><G33/><T66/><D126/><U45/><E121/><V87/><F73/><W95/><G127/><T94/><D1/><U86/><E110/><V26/><F26/><W58/><G104/><T122/><D114/><U97/><E84/><V78/><F124/><W98/><G115/><T9/><D122/><U30/><E30/><V20/><F112/><W93/><G108/><T38/><D70/><U61/><E101/><V62/><F62/><N who="1" m="23561" /><E97/><V118/><F118/><W123/><G123/><T8/><D8/><U55/><E100/><V131/><F102/><W72/><G65/><T0/><D0/><U50/><E55/><V28/><F28/><W27/><G6/><T88/><D105/><U29/><E29/><V10/><F106/><W2/><G2/><T31/><D31/><U111/><E111/><V3/><F3/><W13/><G72/><T117/><D54/><U116/><E116/><V125/><F125/><W107/><G75/><T135/><D117/><U36/><E36/><V47/><F60/><W103/><G107/><T24/><D99/><U41/><E41/><N who="2" m="24687" /><F64/><W91/><G40/><T79/><D67/><U51/><E51/><V22/><AGARI ba="0,0" hai="10,14,18,20,22,78,80,87,128,129,131" m="24687" machi="22" ten="40,2700,0" yaku="19,1,52,1" doraHai="43" who="2" fromWho="2" sc="250,-7,250,-13,327,27,173,-7" /><INIT seed="2,0,0,1,1,123" ten="243,237,354,166" oya="2" hai0="77,28,101,65,35,91,86,94,92,121,102,109,85" hai1="84,110,36,49,104,125,15,6,135,76,48,129,100" hai2="126,7,53,127,73,98,107,87,40,54,21,26,27" hai3="43,47,5,93,122,10,67,31,115,4,52,60,64"/><V1/><F73/><W62/><G122/><T118/><D65/><U132/><E36/><V131/><F40/><W69/><G115/><T2/><D2/><U9/><E129/><V83/><F131/><W38/><G31/><T61/><D61/><U50/><E125/><V90/><F7/><W88/><G10/><T71/><D71/><U66/><E66/><V68/><F68/><W25/><G25/><T97/><D28/><U96/><E110/><V42/><F42/><W37/><G37/><T106/><D35/><U32/><E32/><V75/><F75/><W78/><G78/><T81/><D121/><U82/><AGARI ba="0,0" hai="6,9,15,48,49,50,76,82,84,96,100,104,132,135" machi="82" ten="30,1100,0" yaku="0,1" doraHai="123" who="1" fromWho="1" sc="243,-3,237,11,354,-5,166,-3" /><INIT seed="3,0,0,2,2,24" ten="240,248,349,163" oya="3" hai0="4,128,96,73,59,105,14,19,1,87,25,63,60" hai1="52,88,101,53,131,111,129,48,82,62,71,43,39" hai2="119,85,56,80,126,89,115,34,5,32,58,98,86" hai3="75,109,0,124,104,18,94,26,120,33,7,36,46"/><W47/><G104/><T27/><D128/><N who="1" m="49227" /><E101/><V125/><F115/><W91/><G120/><T42/><D73/><U114/><E114/><V51/><F5/><W103/><G75/><T20/><D42/><U55/><E111/><V127/><F119/><W30/><G109/><T12/><D63/><U102/><E102/><V132/><F132/><W64/><G124/><T8/><D87/><N who="1" m="50295" /><E39/><V76/><F98/><W113/><G113/><T31/><D96/><U28/><E28/><V79/><F51/><W112/><G103/><T83/><D83/><U54/><E43/><V77/><REACH who="2" step="1"/><F85/><REACH who="2" ten="240,248,339,163" step="2"/><W107/><G112/><T78/><D105/><U117/><E117/><V99/><F99/><W116/><G107/><T13/><D1/><U22/><E48/><V17/><F17/><W74/><G74/><T21/><REACH who="0" step="1"/><D78/><REACH who="0" ten="230,248,339,163" step="2"/><U38/><E38/><V121/><F121/><W3/><G3/><T49/><D49/><U6/><E62/><V61/><F61/><W123/><G116/><T2/><D2/><U15/><E71/><V23/><F23/><W16/><G123/><T29/><D29/><U122/><E122/><V65/><F65/><AGARI ba="0,2" hai="4,8,12,13,14,19,20,21,25,27,31,59,60,65" machi="65" ten="30,7700,0" yaku="1,1,7,1,8,1,52,1,53,0" doraHai="24" doraHaiUra="45" who="0" fromWho="2" sc="230,97,248,0,339,-77,163,0" /><INIT seed="4,0,0,5,4,27" ten="327,248,262,163" oya="0" hai0="69,113,81,128,68,7,63,114,120,24,75,37,33" hai1="62,59,76,39,4,121,103,6,133,78,28,60,97" hai2="123,104,36,82,117,9,61,52,41,53,126,3,77" hai3="17,21,91,57,10,2,51,49,99,64,88,65,30"/><T125/><D120/><U34/><E39/><V87/><F104/><W79/><G79/><N who="0" m="44287" /><D125/><U72/><E133/><V8/><F123/><W47/><G2/><T29/><D128/><U101/><E121/><V43/><F126/><W130/><G130/><T129/><D129/><U107/><E103/><V56/><F3/><W89/><G10/><N who="2" m="4201" /><F36/><W132/><G132/><T122/><D7/><U116/><E116/><V112/><F112/><N who="0" m="43114" /><D122/><U71/><E72/><V32/><F32/><W23/><G99/><T13/><D13/><U85/><E85/><V5/><F5/><W73/><G73/><T48/><D48/><N who="3" m="18505" /><G47/><T80/><D80/><U93/><E93/><V0/><F0/><W135/><G135/><T12/><D12/><U84/><E84/><V42/><F117/><W115/><G115/><T40/><D63/><U14/><E14/><V109/><F109/><W55/><G17/><T18/><D18/><U124/><E124/><V50/><F50/><N who="3" m="30967" /><G21/><T105/><D105/><U58/><E6/><V106/><F106/><W70/><G70/><T11/><D11/><U131/><E4/><V1/><F1/><W119/><G119/><T15/><D15/><U90/><E131/><V38/><F38/><W25/><AGARI ba="0,0" hai="23,25,30,64,65,88,89,91" m="30967,18505" machi="25" ten="30,4000,0" yaku="8,1,52,1,54,1" doraHai="27" who="3" fromWho="3" sc="327,-20,248,-10,262,-10,163,40" /><INIT seed="5,0,0,4,4,12" ten="307,238,252,203" oya="1" hai0="120,72,110,28,54,134,123,86,15,105,17,27,24" hai1="106,114,13,61,79,48,5,31,37,53,56,126,98" hai2="8,90,84,38,55,71,33,108,43,131,95,132,22" hai3="60,51,57,133,76,66,111,80,64,3,67,117,0"/><U124/><E37/><V6/><F33/><W10/><G111/><T130/><D110/><U125/><E114/><V102/><F71/><W78/><G133/><T26/><D72/><U91/><E79/><V32/><F108/><W89/><G117/><T36/><D105/><U41/><E31/><V113/><F32/><W77/><G51/><T21/><D36/><U135/><E135/><V7/><F7/><W69/><G69/><T30/><D86/><U44/><E5/><V92/><F55/><W122/><G122/><N who="0" m="46635" /><D54/><U19/><E91/><V97/><F131/><W129/><G129/><T99/><D99/><U49/><E98/><V4/><F4/><W116/><G116/><T128/><D134/><U14/><E14/><V73/><F73/><W9/><G3/><T35/><D27/><U127/><N who="1" m="31744" /><DORA hai="65" /><U75/><E75/><V104/><F132/><W34/><G0/><T47/><D47/><U2/><E2/><V109/><F109/><W11/><REACH who="3" step="1"/><G34/><AGARI ba="0,0" hai="15,17,21,24,26,28,30,34,35,128,130" m="46635" machi="34" ten="30,7700,0" yaku="13,1,34,2,52,1" doraHai="12,65" who="0" fromWho="3" sc="307,77,238,0,252,0,203,-77" /><INIT seed="6,0,0,3,1,97" ten="384,238,252,126" oya="2" hai0="118,20,53,63,122,49,4,18,9,121,1,19,22" hai1="94,93,108,130,84,38,102,31,125,12,72,116,29" hai2="51,66,88,33,69,114,128,37,7,21,103,95,89" hai3="60,36,98,3,58,120,41,8,57,101,90,56,54"/><V131/><F33/><W52/><G120/><T110/><D110/><U35/><E38/><V107/><F37/><W82/><G36/><T2/><D118/><U115/><E72/><V91/><F7/><W105/><G41/><T99/><D63/><U6/><E116/><V79/><F114/><W32/><G32/><T16/><D99/><N who="1" m="59759" /><E35/><V24/><F79/><W44/><G44/><T23/><REACH who="0" step="1"/><D2/><REACH who="0" ten="374,238,252,126" step="2"/><U39/><E108/><V78/><F69/><W42/><G42/><T73/><D73/><U117/><E117/><V46/><F66/><W47/><G47/><AGARI ba="0,1" hai="1,4,9,16,18,19,20,22,23,47,49,53,121,122" machi="47" ten="40,8000,1" yaku="1,1,54,1,53,3" doraHai="97" doraHaiUra="17" who="0" fromWho="3" sc="374,90,238,0,252,0,126,-80" /><INIT seed="7,0,0,0,2,30" ten="464,238,252,46" oya="3" hai0="38,81,98,7,6,51,19,60,20,29,120,4,2" hai1="62,117,18,134,59,78,80,70,53,115,92,55,41" hai2="24,39,130,43,88,56,108,33,48,123,103,64,47" hai3="63,89,127,28,94,58,74,77,8,68,42,95,111"/><W57/><G111/><T109/><D38/><U50/><E115/><V131/><F103/><W22/><G127/><T11/><D109/><U67/><E117/><V113/><F113/><W0/><G42/><T35/><D120/><U9/><E134/><V34/><F108/><W105/><G105/><T118/><D118/><U1/><E92/><V23/><F88/><W97/><G68/><T16/><D60/><U13/><E1/><V126/><F126/><W45/><G45/><T12/><D51/><U5/><E18/><V17/><F123/><W102/><G74/><T66/><D66/><U82/><E70/><V133/><F133/><W104/><G77/><T87/><D98/><U99/><E99/><V71/><F71/><W119/><G119/><T106/><D106/><U76/><E82/><V25/><F25/><N who="3" m="16439" /><G0/><T90/><D19/><U69/><E69/><V122/><F122/><W65/><G104/><T96/><D96/><U72/><E78/><V124/><F124/><W135/><G135/><T132/><D132/><U10/><E10/><V40/><F40/><W114/><G114/><T26/><AGARI ba="0,0" hai="2,4,6,7,11,12,16,20,26,29,35,81,87,90" machi="26" ten="30,8000,1" yaku="0,1,24,2,52,1,54,1" doraHai="30" who="0" fromWho="0" sc="464,80,238,-20,252,-20,46,-40" owari="544,64.0,218,-18.0,232,3.0,6,-49.0" /></mjloggm>