<mjloggm ver="2.3"><GO type="169" lobby="0"/><UN n0="%E5%85%83%E6%B0%97%E4%B8%80%E7%99%BA" n1="%E5%B0%B1%E6%B4%BB%E7%94%9F%40%E5%B7%9D%E6%9D%91%E8%BB%8D%E5%9B%A3" n2="%E3%81%8B%E3%81%AB%E3%83%9E%E3%82%B8%E3%83%B3" n3="%E3%81%97%E3%82%85%E3%81%86%E3%83%BC%E3%80%82" dan="16,17,17,19" rate="2152.53,2256.46,2241.04,2318.12" sx="F,M,M,M"/><TAIKYOKU oya="0"/><INIT seed="0,0,0,2,1,119" ten="250,250,250,250" oya="0" hai0="0,57,64,18,6,39,31,89,47,128,33,133,54" hai1="107,10,66,101,37,113,132,28,48,96,92,9,91" hai2="76,45,67,100,108,130,120,109,75,78,105,62,63" hai3="111,74,87,135,38,103,115,8,114,121,1,125,36"/><T72/><D72/><U86/><E37/><V25/><F130/><W95/><G8/><T14/><D128/><U16/><E113/><V40/><F100/><W3/><G87/><T65/><D133/><U20/><E132/><V17/><F105/><W42/><G42/><T2/><D6/><U90/><E28/><V4/><F4/><W53/><G53/><T27/><D65/><U52/><E66/><V11/><F63/><W81/><G95/><T106/><D106/><U88/><E107/><V22/><F11/><W59/><G59/><T71/><D89/><U123/><E86/><V97/><F97/><W35/><G103/><T83/><D83/><U58/><E123/><V127/><F120/><W15/><G15/><AGARI ba="0,0" hai="9,10,15,16,20,48,52,58,88,90,91,92,96,101" machi="15" ten="40,8000,1" yaku="8,1,54,3" doraHai="119" who="1" fromWho="3" sc="250,0,250,80,250,0,250,-80" /><INIT seed="1,0,0,1,2,114" ten="250,330,250,170" oya="1" hai0="21,23,31,30,10,84,97,40,32,5,118,62,44" hai1="115,16,119,70,95,101,57,122,55,86,109,6,104" hai2="103,135,26,22,98,54,60,94,7,65,43,132,48" hai3="123,27,11,133,35,100,8,125,42,92,126,58,50"/><U93/><E70/><V56/><F43/><W130/><G123/><T39/><D118/><U106/><E115/><V121/><F7/><W85/><G130/><T128/><D128/><U73/><E73/><V25/><F121/><W111/><G111/><T116/><D116/><U102/><E122/><V75/><F75/><W3/><G133/><T37/><D37/><U59/><E6/><V124/><F124/><N who="3" m="47723" /><G3/><T19/><D32/><U47/><E119/><V66/><F66/><W49/><G42/><T129/><D97/><U88/><E109/><V41/><F41/><W127/><N who="3" m="47731" /><W105/><DORA hai="4" /><G105/><T33/><D33/><U61/><E47/><V52/><F54/><N who="3" m="32079" /><G50/><T28/><D129/><U64/><E104/><V36/><F36/><W89/><G100/><N who="1" m="38506" /><E106/><V71/><REACH who="2" step="1"/><F26/><REACH who="2" ten="250,330,240,170" step="2"/><W29/><AGARI ba="0,1" hai="8,11,27,29,35,85,89,92" m="32079,47731" machi="29" ten="40,5200,0" yaku="18,1,52,2" doraHai="114,4" who="3" fromWho="3" sc="250,-13,330,-26,240,-13,170,62" /><INIT seed="2,0,0,5,1,103" ten="237,304,227,232" oya="2" hai0="43,32,115,36,19,37,61,72,122,111,76,80,116" hai1="129,86,123,121,27,28,22,73,44,125,85,66,77" hai2="112,97,52,9,46,84,101,42,33,94,102,133,108" hai3="134,62,88,126,96,5,131,71,127,91,10,49,50"/><V104/><F112/><W81/><G131/><T24/><D122/><N who="1" m="46603" /><E129/><V30/><F133/><W31/><G31/><T64/><D115/><U38/><E66/><V132/><F132/><W17/><G17/><T93/><D116/><U14/><E125/><N who="3" m="47626" /><G134/><T105/><D43/><N who="1" m="22647" /><E14/><V26/><F108/><W92/><G81/><AGARI ba="0,0" hai="22,27,28,73,77,81,85,86" m="22647,46603" machi="81" ten="30,1000,0" yaku="13,1" doraHai="103" who="1" fromWho="3" sc="237,0,304,10,227,0,232,-10" /><INIT seed="3,0,0,4,4,30" ten="237,314,227,222" oya="3" hai0="89,41,35,4,21,3,46,130,83,127,20,23,9" hai1="26,135,53,82,84,17,57,104,43,34,102,106,16" hai2="107,80,40,126,117,132,101,69,67,42,56,58,8" hai3="54,32,44,68,49,100,29,60,37,15,61,95,74"/><W87/><G74/><T24/><D127/><U90/><E43/><V22/><F107/><W59/><G15/><T91/><D130/><U96/><E106/><V70/><F101/><W118/><G118/><T77/><D24/><U108/><E108/><V28/><F8/><W0/><G0/><T6/><D6/><U85/><E135/><V120/><F80/><W55/><G100/><T121/><D35/><U123/><E123/><V10/><F10/><W39/><G95/><T79/><D121/><U18/><E84/><V98/><F98/><W119/><G87/><T31/><D31/><U86/><E86/><V94/><F28/><W111/><G119/><T5/><D5/><U27/><REACH who="1" step="1"/><E34/><REACH who="1" ten="237,304,227,222" step="2"/><V110/><F40/><W129/><G111/><T45/><D41/><U47/><E47/><V75/><F42/><W103/><G129/><T12/><D45/><U131/><E131/><V25/><F132/><W116/><G116/><T66/><D46/><U63/><AGARI ba="0,1" hai="16,17,18,26,27,53,57,63,82,85,90,96,102,104" machi="63" ten="30,7900,0" yaku="1,1,0,1,54,1,53,1" doraHai="30" doraHaiUra="48" who="1" fromWho="1" sc="237,-20,304,89,227,-20,222,-39" /><INIT seed="4,0,0,2,0,85" ten="217,393,207,183" oya="0" hai0="3,88,10,38,5,17,128,92,86,125,70,83,90" hai1="112,50,129,80,65,35,97,23,101,96,12,133,117" hai2="134,68,74,54,60,122,52,111,56,4,132,72,41" hai3="113,73,32,104,36,25,131,40,55,42,59,15,93"/><T28/><D70/><U66/><E35/><V105/><F105/><W81/><G104/><T61/><D38/><U16/><E117/><V49/><F4/><W124/><G113/><T78/><D128/><U39/><E39/><V37/><F122/><W51/><G131/><T34/><D125/><U120/><E120/><V123/><F123/><W29/><G124/><T89/><D17/><U22/><E129/><V7/><F7/><W45/><G42/><T75/><REACH who="0" step="1"/><D61/><REACH who="0" ten="207,393,207,183" step="2"/><U67/><E112/><V118/><F68/><W21/><G36/><T26/><AGARI ba="0,1" hai="3,5,10,26,28,34,75,78,83,86,88,89,90,92" machi="26" ten="30,18000,2" yaku="1,1,2,1,0,1,52,3,54,1,53,0" doraHai="85" doraHaiUra="18" who="0" fromWho="0" sc="207,190,393,-60,207,-60,183,-60" /><INIT seed="4,1,0,5,0,85" ten="397,333,147,123" oya="0" hai0="77,70,83,126,132,28,12,105,30,133,99,118,42" hai1="90,78,66,18,38,68,7,33,111,60,116,21,112" hai2="46,43,56,95,127,19,96,45,113,106,76,129,79" hai3="64,115,59,109,67,86,61,41,72,62,4,54,128"/><T17/><D70/><U80/><E33/><V69/><F106/><W35/><G72/><T117/><D42/><U13/><E116/><V47/><F69/><W44/><G35/><T94/><D105/><U131/><E111/><V87/><F127/><W73/><G73/><T63/><D63/><U52/><E38/><V16/><F129/><W27/><G27/><T24/><D126/><U25/><E131/><V92/><F113/><W135/><G128/><T88/><D117/><U57/><E112/><V8/><F43/><W2/><G115/><T20/><D118/><U51/><E7/><V108/><F56/><W39/><G4/><T130/><D130/><U58/><E68/><V0/><F0/><W15/><G15/><T40/><D40/><U6/><E6/><V100/><F108/><W120/><G2/><T31/><REACH who="0" step="1"/><D24/><REACH who="0" ten="387,333,147,123" step="2"/><U81/><E25/><V107/><F107/><W84/><G109/><T74/><AGARI ba="1,1" hai="12,17,20,28,30,31,74,77,83,88,94,99,132,133" machi="74" ten="30,18000,2" yaku="1,1,2,1,0,1,52,1,54,1,53,1" doraHai="85" doraHaiUra="14" who="0" fromWho="0" sc="387,193,333,-61,147,-61,123,-61" /><INIT seed="4,2,0,3,4,26" ten="580,272,86,62" oya="0" hai0="96,77,69,93,131,89,115,10,82,59,22,75,1" hai1="133,34,5,67,121,18,90,6,86,31,60,44,128" hai2="33,63,21,7,76,103,66,39,12,11,3,47,117" hai3="54,37,15,123,4,83,58,120,118,112,114,104,48"/><T101/><D69/><U0/><E121/><N who="3" m="46666" /><G104/><T92/><D115/><N who="3" m="44073" /><G83/><T14/><D131/><U109/><E109/><V107/><F117/><W51/><G4/><T88/><D1/><U81/><E128/><V108/><F108/><W111/><G15/><T98/><D59/><U78/><E133/><V32/><F76/><W45/><G37/><T132/><D132/><U50/><E18/><V124/><F124/><W94/><G94/><T20/><D101/><U113/><E113/><V41/><F21/><W135/><G135/><T97/><D97/><U25/><E0/><V71/><F12/><W43/><G111/><T29/><D29/><U40/><REACH who="1" step="1"/><E78/><REACH who="1" ten="580,262,86,62" step="2"/><V16/><F16/><AGARI ba="2,1" hai="10,14,16,20,22,75,77,82,88,89,92,93,96,98" machi="16" ten="30,11600,0" yaku="7,1,9,1,54,2" doraHai="26" who="0" fromWho="2" sc="580,132,262,0,86,-122,62,0" owari="712,82.0,262,6.0,-36,-54.0,62,-34.0" /></mjloggm>