<mjloggm ver="2.3"><GO type="225" lobby="0"/><UN n0="%E3%83%A9%E3%82%B0%E3%83%A9%E3%83%BC%E3%82%B8" n1="%E3%83%A9%E3%82%A4%E3%82%AB%40" n2="%E3%82%8A%E3%82%87%E3%81%86%E3%81%BE%35%37%32%34" n3="%E3%82%A6%E3%83%AB%E3%83%88%E3%83%A9%E7%AB%8B%E7%9B%B4" dan="16,16,16,17" rate="2154.32,2064.63,2131.92,2184.52" sx="F,M,M,M"/><TAIKYOKU oya="0"/><INIT seed="0,0,0,0,5,108" ten="250,250,250,250" oya="0" hai0="94,132,68,124,59,39,28,116,85,46,12,2,77" hai1="33,98,62,10,78,48,134,43,119,47,0,65,31" hai2="35,100,6,30,70,8,54,82,112,17,101,89,104" hai3="42,36,83,99,91,81,20,76,49,51,115,102,118"/><T22/><D116/><U133/><E119/><V127/><F70/><W88/><G118/><T45/><D68/><U7/><E78/><V63/><F112/><W23/><G115/><T21/><D2/><U105/><E105/><V97/><F127/><W18/><G36/><T84/><D124/><U4/><E4/><V15/><F101/><W14/><G23/><T123/><D123/><U58/><E98/><V95/><F82/><N who="3" m="31243" /><G76/><T44/><D39/><U9/><E9/><V131/><F131/><W110/><G110/><T117/><D117/><U50/><E50/><N who="3" m="18954" /><G42/><T53/><D77/><U109/><E109/><V114/><F114/><W126/><G126/><T26/><D94/><AGARI ba="0,0" hai="14,18,20,88,91,94,99,102" m="18954,31243" machi="94" ten="30,2000,0" yaku="8,1,54,1" doraHai="108" who="3" fromWho="0" sc="250,-20,250,0,250,0,250,20" /><INIT seed="1,0,0,4,4,125" ten="230,250,250,270" oya="1" hai0="98,13,12,93,116,118,42,110,31,134,115,26,102" hai1="22,73,44,90,23,43,24,66,100,95,114,39,21" hai2="46,88,76,41,84,20,80,6,5,123,48,109,14" hai3="78,129,16,53,72,120,74,87,55,124,117,77,128"/><U33/><E114/><V10/><F123/><W36/><G36/><T11/><D115/><U132/><E132/><V62/><F109/><W91/><G120/><T112/><D112/><U32/><E100/><V1/><F62/><W107/><G107/><T17/><D110/><U25/><E73/><V19/><REACH who="2" step="1"/><F6/><REACH who="2" ten="230,250,240,270" step="2"/><W40/><G124/><T81/><D134/><U96/><REACH who="1" step="1"/><E66/><REACH who="1" ten="230,240,240,270" step="2"/><V64/><F64/><W119/><G74/><T127/><D127/><U108/><E108/><V57/><F57/><W67/><G72/><T86/><D118/><U79/><E79/><AGARI ba="0,2" hai="1,5,10,14,19,20,41,46,48,76,79,80,84,88" machi="79" ten="40,2600,0" yaku="1,1,54,1,53,0" doraHai="125" doraHaiUra="89" who="2" fromWho="1" sc="230,0,240,-26,240,46,270,0" /><INIT seed="2,0,0,2,1,111" ten="230,214,286,270" oya="2" hai0="125,31,104,116,118,103,56,45,41,20,9,6,12" hai1="30,79,106,130,24,87,84,97,5,33,86,75,94" hai2="128,74,50,42,114,39,32,46,10,73,14,109,124" hai3="15,19,120,2,55,126,26,40,91,127,17,64,76"/><V23/><F114/><W95/><G2/><T96/><D125/><U83/><E130/><V27/><F32/><W62/><G76/><T112/><D112/><U123/><E123/><V59/><F124/><N who="3" m="47659" /><G40/><T92/><D56/><U0/><E106/><V102/><F128/><W44/><G26/><T18/><D31/><U72/><E72/><V85/><F109/><W88/><G120/><T119/><D104/><U25/><E25/><V47/><F102/><W99/><G91/><T71/><D71/><U1/><REACH who="1" step="1"/><E5/><REACH who="1" ten="230,204,286,270" step="2"/><V58/><F74/><W8/><G19/><T13/><REACH who="0" step="1"/><D119/><REACH who="0" ten="220,204,286,270" step="2"/><U132/><E132/><V16/><F73/><W51/><G64/><T101/><D101/><AGARI ba="0,2" hai="0,1,24,30,33,75,79,83,84,86,87,94,97,101" machi="101" ten="40,1300,0" yaku="1,1,53,0" doraHai="111" doraHaiUra="134" who="1" fromWho="0" sc="220,-13,204,33,286,0,270,0" /><INIT seed="3,0,0,5,1,107" ten="207,237,286,270" oya="3" hai0="5,121,37,56,105,49,110,132,120,16,61,27,62" hai1="44,55,123,89,131,12,90,133,6,93,79,34,57" hai2="81,25,17,3,59,1,84,77,63,30,42,36,104" hai3="53,86,129,20,52,95,117,28,74,124,113,88,23"/><W82/><G113/><T112/><D37/><U100/><E123/><V14/><F104/><W67/><G117/><T68/><D105/><U97/><E131/><V66/><F42/><W45/><G129/><T91/><D112/><U0/><E0/><V9/><REACH who="2" step="1"/><F36/><REACH who="2" ten="207,237,276,270" step="2"/><W50/><G124/><T51/><D110/><U46/><E133/><V128/><F128/><W122/><G122/><T38/><D132/><U71/><E71/><V58/><F58/><W115/><G115/><T21/><D38/><U47/><E57/><V126/><F126/><W76/><G67/><T114/><D114/><U130/><E130/><V94/><F94/><W92/><G92/><T48/><D68/><U99/><E93/><V73/><F73/><W2/><G95/><T87/><D121/><U83/><E99/><V60/><F60/><N who="0" m="23146" /><D120/><U15/><E97/><V70/><F70/><W10/><G74/><T11/><D56/><U109/><E109/><V106/><F106/><W111/><G111/><T108/><D108/><U85/><E100/><V78/><F78/><W119/><G76/><T65/><D65/><U101/><E101/><V40/><F40/><W29/><G119/><T26/><D87/><U72/><E85/><V19/><F19/><W24/><G53/><T35/><D91/><U125/><E55/><V33/><AGARI ba="0,1" hai="1,3,9,14,17,25,30,33,59,63,66,77,81,84" machi="33" ten="20,5200,0" yaku="1,1,0,1,7,1,53,1" doraHai="107" doraHaiUra="4" who="2" fromWho="2" sc="207,-13,237,-13,276,62,270,-26" owari="194,-31.0,224,-18.0,338,45.0,244,4.0" /></mjloggm>