<mjloggm ver="2.3"><GO type="169" lobby="0"/><UN n0="%E3%83%8B%E3%83%A3%E3%83%83%E3%83%94%E3%83%BC%E5%A4%8F%E7%9B%AE" n1="%7A%65%72%6F%52%58" n2="%E3%82%A4%E3%82%AB%E5%A8%98" n3="%E3%82%A6%E3%83%AB%E3%83%88%E3%83%A9%E7%AB%8B%E7%9B%B4" dan="18,16,16,18" rate="2194.39,2140.61,2097.38,2211.15" sx="M,M,M,M"/><TAIKYOKU oya="0"/><INIT seed="0,0,0,4,2,69" ten="250,250,250,250" oya="0" hai0="65,103,111,97,81,11,13,85,100,135,78,31,41" hai1="119,38,28,104,16,4,115,35,79,9,82,39,105" hai2="113,52,48,27,44,47,33,19,60,71,42,14,130" hai3="75,17,29,127,96,59,0,128,92,50,131,40,18"/><T80/><D135/><U63/><E119/><V20/><F113/><W114/><G75/><T108/><D31/><U5/><E35/><V7/><F130/><N who="3" m="49707" /><G0/><T12/><D65/><U62/><E28/><V30/><F7/><W58/><G29/><T24/><D24/><U94/><E94/><V51/><F60/><W107/><G107/><T86/><D41/><U26/><E26/><V110/><F110/><N who="0" m="42026" /><D11/><U53/><E115/><V134/><REACH who="2" step="1"/><F71/><REACH who="2" ten="250,250,240,250" step="2"/><W67/><G114/><T72/><D12/><U22/><E4/><V36/><F36/><W121/><G121/><T57/><D13/><U116/><E5/><V34/><F34/><W95/><G67/><T102/><D57/><U3/><E63/><V112/><F112/><W101/><G59/><T99/><D72/><U55/><E62/><V91/><F91/><AGARI ba="0,1" hai="78,80,81,85,86,91,97,99,100,102,103" m="42026" machi="91" ten="30,11600,0" yaku="14,1,10,1,34,2" doraHai="69" who="0" fromWho="2" sc="250,126,250,0,240,-116,250,0" /><INIT seed="0,1,0,2,1,9" ten="376,250,124,250" oya="0" hai0="22,3,83,90,71,131,105,117,82,78,13,63,2" hai1="31,4,40,55,119,29,115,128,103,106,42,27,50" hai2="7,46,100,88,92,76,28,132,12,56,84,44,99" hai3="39,111,6,109,89,26,107,87,24,96,33,67,91"/><T25/><D105/><U5/><E119/><V113/><F113/><W45/><G67/><T98/><D117/><U135/><E128/><V130/><F132/><W127/><G6/><T16/><D131/><U86/><E135/><V116/><F130/><W64/><G64/><T125/><D125/><U18/><E31/><V122/><F122/><W8/><G8/><T21/><D71/><U108/><E108/><N who="3" m="41546" /><G33/><T93/><D63/><U120/><E120/><V59/><F28/><W124/><G26/><T11/><D22/><U80/><E42/><V102/><F76/><W54/><G24/><T66/><D66/><U110/><E40/><V1/><F1/><W15/><G15/><T73/><REACH who="0" step="1"/><D83/><REACH who="0" ten="366,250,124,250" step="2"/><U49/><E110/><V104/><F116/><W97/><G107/><T121/><D121/><U70/><E80/><V48/><F102/><W118/><G118/><T30/><AGARI ba="1,1" hai="2,3,11,13,16,21,25,30,73,78,82,90,93,98" machi="30" ten="20,18000,2" yaku="1,1,0,1,7,1,52,1,54,1,53,1" doraHai="9" doraHaiUra="77" who="0" fromWho="0" sc="366,193,250,-61,124,-61,250,-61" /><INIT seed="0,2,0,3,3,94" ten="559,189,63,189" oya="0" hai0="103,118,120,86,13,88,41,131,9,52,53,91,102" hai1="67,109,3,112,124,10,6,37,116,26,16,78,49" hai2="58,83,57,25,44,82,47,130,64,92,11,18,71" hai3="87,33,108,127,59,90,70,63,23,89,104,40,119"/><T50/><D118/><U48/><E116/><V7/><F71/><W93/><G104/><T77/><D120/><U54/><E37/><V28/><F130/><W107/><G107/><T79/><D131/><U5/><E109/><V61/><F58/><W125/><G33/><T106/><D41/><U2/><E124/><N who="3" m="47690" /><G108/><T100/><D106/><U35/><E67/><V62/><F62/><W68/><G119/><T34/><D34/><U80/><E112/><V29/><F18/><W1/><G1/><T24/><D24/><U132/><E132/><V105/><F105/><W4/><G4/><N who="0" m="3239" /><D53/><U65/><E65/><V20/><F28/><W95/><G23/><T22/><D22/><U73/><E5/><V133/><F133/><W135/><G40/><T27/><D27/><U98/><E2/><V31/><F31/><W76/><G76/><N who="0" m="29259" /><D86/><U85/><E85/><V0/><F92/><W39/><G39/><T134/><D134/><U8/><E35/><V123/><F123/><W43/><G43/><T75/><D75/><U121/><E121/><V14/><F0/><W110/><G110/><T97/><D97/><U66/><E98/><V69/><F69/><W117/><G135/><T128/><D128/><U32/><E32/><V15/><F15/><W17/><G117/><T72/><D72/><U111/><E111/><V45/><AGARI ba="2,0" hai="7,11,14,20,25,29,44,45,47,57,61,64,82,83" machi="45" ten="30,2000,0" yaku="0,1,8,1" doraHai="94" who="2" fromWho="2" sc="559,-12,189,-7,63,26,189,-7" /><INIT seed="1,0,0,0,5,103" ten="547,182,89,182" oya="1" hai0="46,93,101,59,118,56,50,128,9,85,77,51,4" hai1="63,28,110,42,75,89,94,47,90,24,84,26,81" hai2="19,111,35,83,97,115,20,33,37,5,129,62,78" hai3="100,130,127,25,66,76,32,74,70,16,126,123,96"/><U133/><E133/><V7/><F37/><W21/><G123/><T69/><D69/><U107/><E107/><V53/><F111/><W30/><G130/><T88/><D118/><U82/><E110/><V60/><F129/><W34/><G76/><T54/><D128/><U52/><E75/><V15/><F115/><W64/><G74/><T80/><D101/><U113/><E113/><V108/><F108/><W106/><G34/><T49/><D49/><N who="1" m="26871" /><E28/><V119/><F119/><W61/><G66/><T116/><D51/><U131/><E131/><V11/><F97/><W98/><G98/><T1/><REACH who="0" step="1"/><D116/><REACH who="0" ten="537,182,89,182" step="2"/><U58/><E82/><V38/><F38/><W44/><G44/><T122/><D122/><U109/><E109/><V79/><F83/><W48/><G48/><T99/><AGARI ba="0,1" hai="1,4,9,46,50,54,56,59,77,80,85,88,93,99" machi="99" ten="20,8000,1" yaku="1,1,0,1,7,1,54,1,53,1" doraHai="103" doraHaiUra="0" who="0" fromWho="0" sc="537,90,182,-40,89,-20,182,-20" /><INIT seed="2,0,0,4,0,73" ten="627,142,69,162" oya="2" hai0="68,125,36,47,3,132,81,123,45,53,97,114,70" hai1="128,115,37,24,107,119,50,41,87,66,2,116,4" hai2="43,40,28,102,7,29,135,111,26,20,9,98,106" hai3="95,72,74,127,38,27,126,32,48,67,1,16,22"/><V71/><F71/><W23/><G38/><T51/><D3/><U120/><E107/><V49/><F135/><W64/><G32/><T58/><D97/><U109/><E115/><V18/><F111/><W79/><G1/><T121/><D81/><U86/><E37/><V133/><F133/><W56/><G95/><T19/><D19/><U14/><E2/><V60/><F60/><W35/><G35/><T15/><D15/><U62/><E109/><V105/><F105/><W92/><G92/><T122/><D132/><U31/><E128/><V91/><F91/><W8/><G8/><T65/><D114/><U5/><E120/><V118/><F118/><W134/><G23/><T55/><D125/><N who="3" m="47625" /><G134/><T110/><D110/><U113/><E113/><V57/><F43/><W0/><G0/><T100/><D100/><U52/><E41/><V104/><F104/><W112/><G112/><T129/><D129/><U69/><E119/><V82/><F82/><N who="3" m="45415" /><G74/><T130/><D130/><U96/><E96/><V59/><F40/><W80/><G80/><T89/><D89/><U30/><E116/><V99/><F99/><W6/><G6/><T131/><D131/><U76/><E4/><V34/><F49/><W46/><G56/><N who="2" m="21577" /><F34/><W85/><G85/><T88/><D88/><U61/><E87/><V117/><F117/><W21/><G21/><T108/><D108/><U101/><E50/><V77/><F77/><W83/><G83/><T17/><D36/><U39/><E39/><V12/><F106/><W44/><G48/><N who="0" m="29071" /><D17/><U63/><E101/><V90/><F102/><W33/><G33/><RYUUKYOKU ba="0,0" sc="627,10,142,-30,69,10,162,10" hai0="47,51,53,58,65,68,70,121,122,123" hai2="7,9,12,18,20,26,28,29,90,98" hai3="16,22,27,44,46,64,67" /><INIT seed="2,1,0,4,2,106" ten="637,112,79,172" oya="2" hai0="97,79,15,134,48,26,127,43,119,21,36,7,59" hai1="111,104,5,45,85,122,120,130,117,109,40,62,128" hai2="129,123,1,39,58,50,38,47,74,41,57,54,99" hai3="65,3,35,118,13,37,125,110,88,86,126,25,94"/><V56/><F1/><W73/><G3/><T68/><D68/><U16/><E104/><V108/><F99/><W27/><G37/><N who="2" m="13833" /><F74/><W67/><G118/><T64/><D79/><U124/><E5/><V9/><F9/><W31/><G73/><T2/><D2/><U20/><E85/><V89/><F89/><W131/><G131/><N who="1" m="50218" /><E62/><N who="2" m="36119" /><F123/><N who="1" m="47145" /><E117/><V115/><F115/><W8/><G27/><T34/><D26/><N who="1" m="14599" /><E124/><V32/><F32/><W18/><G125/><T28/><D127/><U6/><E6/><V22/><F22/><W135/><G126/><T98/><D21/><U61/><E61/><V52/><F129/><W71/><G86/><T51/><D34/><U112/><E112/><V42/><F108/><W121/><G35/><T53/><D98/><U23/><E23/><V17/><F17/><W44/><G18/><T103/><D97/><U116/><E116/><V72/><F72/><W55/><G110/><T19/><D119/><U49/><AGARI ba="1,0" hai="40,45,49,109,111" m="14599,47145,50218" machi="49" ten="40,5200,0" yaku="19,1,13,1,54,1" doraHai="106" who="1" fromWho="1" sc="637,-14,112,55,79,-27,172,-14" /><INIT seed="3,0,0,4,2,8" ten="623,167,52,158" oya="3" hai0="69,27,122,1,42,81,46,26,82,94,123,74,104" hai1="43,10,49,72,96,21,127,19,90,86,102,116,36" hai2="40,7,110,12,58,71,93,61,55,67,99,109,62" hai3="98,53,39,89,17,124,16,88,52,38,121,65,9"/><W5/><G65/><T131/><D104/><U103/><E72/><V73/><F73/><W15/><G121/><T119/><D69/><U117/><E36/><V32/><F32/><W4/><G124/><T29/><D1/><U0/><E127/><V105/><F105/><W100/><G100/><T47/><D119/><N who="1" m="45643" /><E10/><V118/><F118/><W112/><G112/><T50/><D131/><U106/><E0/><V128/><F128/><W87/><G39/><T41/><D94/><U70/><E70/><V133/><F40/><W85/><G98/><T132/><D132/><U107/><E103/><V48/><F61/><W28/><G28/><T84/><D74/><U33/><E33/><V31/><F31/><W97/><G97/><T95/><D95/><N who="1" m="58655" /><E49/><V83/><F83/><N who="3" m="49215" /><G38/><T101/><D101/><U60/><E60/><V130/><F133/><W120/><G120/><T6/><D29/><U113/><E43/><V57/><F71/><W114/><G114/><T115/><D115/><U13/><E113/><V35/><F35/><W66/><G66/><T126/><D123/><U76/><E76/><V2/><F2/><W59/><G5/><T30/><D6/><U3/><E3/><V111/><F130/><W129/><G129/><T75/><D122/><U14/><E107/><V56/><F56/><W54/><G59/><T77/><D126/><U22/><E106/><V18/><F7/><W92/><AGARI ba="0,0" hai="4,9,15,16,17,52,53,54,87,89,92" m="49215" machi="92" ten="30,12000,1" yaku="8,1,52,1,54,3" doraHai="8" who="3" fromWho="3" sc="623,-40,167,-40,52,-40,158,120" /><INIT seed="3,1,0,5,1,28" ten="583,127,12,278" oya="3" hai0="7,117,104,121,0,95,79,32,17,36,9,72,88" hai1="45,58,10,18,43,130,8,53,78,108,92,69,71" hai2="27,23,87,103,135,51,21,24,40,2,33,123,42" hai3="131,90,29,14,112,26,47,82,75,11,25,13,84"/><W55/><G112/><T54/><D117/><U94/><E108/><V125/><F2/><W70/><G70/><T38/><D104/><U4/><E130/><V30/><F125/><W127/><G127/><T66/><D121/><U81/><E18/><V63/><F135/><W77/><G131/><T6/><D6/><U67/><E10/><V39/><F39/><W107/><G107/><T50/><D32/><U116/><E67/><V93/><F123/><W22/><G26/><T64/><D17/><U97/><E116/><V62/><F33/><W3/><G3/><T91/><D64/><U76/><E76/><V113/><F113/><W132/><G132/><T44/><D66/><U41/><E94/><V89/><F103/><W120/><G120/><T96/><D91/><U111/><E71/><V102/><F102/><W5/><G14/><T86/><D72/><U80/><E69/><V110/><F110/><W134/><G134/><T85/><D85/><N who="1" m="48279" /><E81/><V83/><F83/><W98/><G75/><T60/><D60/><N who="2" m="23082" /><F51/><N who="3" m="29183" /><G77/><T126/><D126/><U65/><E65/><V48/><F48/><W34/><G34/><T118/><D118/><U105/><E105/><V122/><F122/><W73/><G73/><T56/><D79/><U115/><E111/><V35/><F35/><W109/><G109/><T49/><D96/><AGARI ba="1,0" hai="5,11,13,22,25,29,82,84,90,96,98" m="29183" machi="96" ten="30,1500,0" yaku="8,1" doraHai="28" who="3" fromWho="0" sc="583,-18,127,0,12,0,278,18" /><INIT seed="3,2,0,0,4,29" ten="565,127,12,296" oya="3" hai0="130,12,24,4,80,18,34,56,83,90,101,133,37" hai1="40,89,23,115,32,86,128,30,106,36,43,76,98" hai2="79,6,48,52,92,134,117,127,60,27,125,111,135" hai3="9,85,104,122,58,84,64,31,17,21,57,102,94"/><W67/><G104/><T129/><D133/><N who="2" m="50698" /><F79/><W8/><G31/><N who="0" m="19815" /><D37/><U81/><E115/><V0/><F117/><W109/><G122/><T38/><D38/><U116/><E116/><V131/><F6/><W1/><G1/><T10/><D101/><U108/><E108/><V99/><F0/><W19/><G102/><T77/><D90/><U113/><E113/><V16/><F111/><W15/><G109/><T66/><D77/><U39/><E39/><V53/><F131/><N who="0" m="50186" /><D4/><U72/><E36/><V44/><F60/><AGARI ba="2,0" hai="10,12,18,56,60,66,80,83" m="50186,19815" machi="60" ten="30,2000,0" yaku="19,1,52,1" doraHai="29" who="0" fromWho="2" sc="565,26,127,0,12,-26,296,0" owari="591,68.0,127,-27.0,-14,-51.0,296,10.0" /></mjloggm>