<mjloggm ver="2.3"><GO type="169" lobby="0"/><UN n0="%E5%B0%B1%E6%B4%BB%E7%94%9F%40%E5%B7%9D%E6%9D%91%E8%BB%8D%E5%9B%A3" n1="%50%6F%74%6F%73%68%69" n2="%E3%80%93%E3%81%84%E3%81%A1%E3%81%AF%E3%82%89%E3%80%93" n3="%E3%83%87%E3%83%87%E3%82%AD%E3%83%B3%E3%83%88" dan="17,16,17,17" rate="2220.36,2056.43,2197.48,2205.92" sx="M,F,M,M"/><TAIKYOKU oya="0"/><INIT seed="0,0,0,4,0,23" ten="250,250,250,250" oya="0" hai0="33,127,75,3,30,42,128,43,124,78,111,104,94" hai1="102,72,100,112,48,105,87,81,46,49,117,22,121" hai2="108,68,113,20,66,9,62,18,103,50,7,132,129" hai3="6,41,135,59,17,119,84,34,15,76,114,52,74"/><T86/><D3/><U63/><E121/><V96/><F108/><W97/><G34/><T24/><D104/><U93/><E117/><V25/><F129/><W70/><G70/><T116/><D116/><U54/><E72/><V40/><F132/><W80/><G114/><T115/><D115/><U118/><E118/><V131/><F131/><W16/><G135/><T64/><D128/><U0/><E105/><V57/><F113/><W98/><G74/><T79/><D75/><U77/><E0/><V1/><F40/><W5/><G41/><T126/><D111/><U51/><E112/><V10/><F50/><N who="1" m="19561" /><E93/><V13/><F68/><W27/><G119/><T110/><D110/><U55/><E22/><V2/><REACH who="2" step="1"/><F10/><REACH who="2" ten="250,250,240,250" step="2"/><N who="3" m="6263" /><G6/><T21/><D43/><U4/><E4/><V65/><F65/><W26/><G5/><T58/><D42/><U32/><E32/><V71/><F71/><W36/><G36/><T53/><D33/><U90/><E77/><V19/><F19/><W8/><G8/><T133/><D133/><U73/><E73/><V35/><F35/><W69/><G69/><T61/><D64/><U44/><E44/><V109/><F109/><W56/><G17/><T38/><D38/><U28/><E28/><V130/><F130/><W123/><G123/><T125/><N who="0" m="32256" /><DORA hai="37" /><T101/><REACH who="0" step="1"/><D101/><REACH who="0" ten="240,250,240,250" step="2"/><U29/><E100/><V11/><F11/><W83/><G76/><T85/><D85/><U134/><E102/><V91/><F91/><AGARI ba="0,2" hai="21,24,30,53,58,61,78,79,86,91,94" m="32256" machi="91" ten="70,12000,1" yaku="1,1,18,1,52,1,53,0" doraHai="23,37" doraHaiUra="120,39" who="0" fromWho="2" sc="240,140,250,0,240,-120,250,0" /><INIT seed="0,1,0,2,1,66" ten="380,250,120,250" oya="0" hai0="113,44,11,124,79,58,89,12,23,55,115,43,72" hai1="69,133,19,78,96,2,36,24,102,20,6,49,128" hai2="5,25,71,26,0,97,18,42,135,88,14,38,47" hai3="62,21,111,93,107,56,114,39,101,10,80,116,119"/><T68/><D124/><U123/><E36/><V125/><F125/><W15/><G39/><T45/><D72/><U76/><E123/><V132/><F5/><W98/><G111/><T109/><D79/><U7/><E128/><V34/><F0/><W94/><G114/><T61/><D109/><U54/><E133/><V130/><F130/><W95/><G21/><T9/><D9/><U106/><E69/><V134/><F34/><W127/><G80/><T30/><D89/><U85/><E2/><V121/><F71/><W70/><G127/><T77/><D77/><U51/><E51/><V82/><F121/><W120/><G120/><T100/><D100/><U91/><E7/><V4/><F4/><W8/><G70/><T73/><D73/><U75/><E6/><V27/><F14/><W103/><G103/><T105/><D105/><U28/><E28/><V33/><F33/><W74/><G74/><T48/><D11/><U31/><E31/><V83/><REACH who="2" step="1"/><F18/><REACH who="2" ten="380,250,110,250" step="2"/><W131/><G131/><T50/><D12/><U117/><E75/><V129/><F129/><W104/><G15/><T59/><D30/><U126/><E126/><V108/><F108/><W122/><G122/><T52/><D23/><U16/><E19/><V67/><F67/><W99/><G10/><T118/><D118/><U22/><E117/><V3/><F3/><W32/><G8/><T87/><D68/><U86/><E22/><V64/><F64/><N who="3" m="38983" /><G32/><T46/><D87/><U65/><E85/><V40/><F40/><W37/><G37/><T60/><D43/><U81/><E65/><V84/><F84/><RYUUKYOKU ba="1,1" sc="380,0,250,0,110,0,250,0" hai0="44,45,46,48,50,52,55,58,59,60,61,113,115" hai1="16,20,24,49,54,76,78,81,86,91,96,102,106" hai2="25,26,27,38,42,47,82,83,88,97,132,134,135" hai3="93,94,95,98,99,101,104,107,116,119" /><INIT seed="0,2,1,4,3,116" ten="380,250,110,250" oya="0" hai0="90,107,81,65,128,15,60,52,11,51,36,134,131" hai1="88,123,37,57,62,85,75,2,8,101,47,64,99" hai2="83,19,24,110,70,118,124,38,105,78,1,25,106" hai3="35,17,59,87,77,132,97,130,18,0,50,23,127"/><T79/><D36/><U54/><E75/><V40/><F110/><W33/><G0/><T112/><D112/><U42/><E123/><V43/><F118/><W9/><G127/><T6/><D107/><U21/><E21/><V4/><F124/><W63/><G130/><T46/><D134/><U7/><E99/><V117/><F117/><W80/><G132/><T56/><REACH who="0" step="1"/><D90/><REACH who="0" ten="370,250,110,250" step="2"/><U53/><REACH who="1" step="1"/><E101/><REACH who="1" ten="370,240,110,250" step="2"/><V98/><F38/><W13/><G97/><T89/><D89/><U76/><E76/><V121/><F98/><W96/><G96/><T48/><D48/><U10/><E10/><V126/><F78/><W61/><G50/><T29/><D29/><U103/><E103/><V55/><F106/><W41/><G77/><T95/><D95/><AGARI ba="2,3" hai="2,7,8,37,42,47,53,54,57,62,64,85,88,95" machi="95" ten="30,3900,0" yaku="1,1,7,1,54,1,53,0" doraHai="116" doraHaiUra="44" who="1" fromWho="0" sc="370,-45,240,75,110,0,250,0" /><INIT seed="1,0,0,2,1,52" ten="325,315,110,250" oya="1" hai0="126,13,4,27,62,39,103,20,86,30,79,133,102" hai1="65,111,95,34,129,49,47,0,110,66,105,92,6" hai2="61,23,87,7,8,54,114,32,11,131,83,134,115" hai3="107,64,97,22,38,40,73,51,125,108,37,75,44"/><U57/><E105/><V96/><F32/><W130/><G108/><N who="1" m="41514" /><E34/><V14/><F131/><W82/><G130/><T120/><D39/><U106/><E106/><V127/><F127/><W119/><G125/><T90/><D120/><U116/><E129/><V124/><F124/><W89/><G119/><T21/><D126/><U68/><E68/><V1/><F134/><W135/><G135/><T31/><D133/><U33/><E33/><V71/><F23/><W132/><G132/><T121/><D79/><U118/><E6/><V100/><F71/><W109/><G109/><T46/><D121/><U16/><E0/><V28/><F28/><W91/><G22/><T70/><D46/><U42/><E66/><V98/><F61/><W18/><G64/><T58/><D70/><U29/><E29/><V88/><F54/><W9/><G107/><T48/><D48/><U69/><E69/><V113/><REACH who="2" step="1"/><F100/><REACH who="2" ten="325,315,100,250" step="2"/><W117/><G117/><T74/><D31/><U56/><E65/><V50/><F50/><W112/><G51/><T36/><D21/><U3/><E116/><V5/><AGARI ba="0,1" hai="1,5,7,8,11,14,83,87,88,96,98,113,114,115" machi="5" ten="40,8000,1" yaku="1,1,0,1,11,1,54,1,53,0" doraHai="52" doraHaiUra="19" who="2" fromWho="2" sc="325,-20,315,-40,100,90,250,-20" /><INIT seed="2,0,0,1,3,29" ten="305,275,190,230" oya="2" hai0="3,89,51,124,18,109,102,117,41,31,2,78,107" hai1="121,22,97,26,23,134,45,101,4,30,42,61,71" hai2="37,63,40,105,132,36,122,135,20,50,7,118,99" hai3="133,106,120,13,123,80,28,64,129,48,24,19,92"/><V70/><F7/><W127/><G106/><T79/><D117/><U27/><E134/><N who="2" m="51243" /><F20/><W16/><G133/><T77/><D124/><U115/><E115/><V66/><F105/><W38/><G127/><T114/><D114/><U12/><E121/><V100/><F99/><W14/><G38/><N who="2" m="14953" /><F100/><W62/><G129/><T54/><D41/><U98/><E4/><V81/><F81/><W104/><G104/><T56/><D102/><U57/><E12/><V84/><F84/><W72/><G92/><T93/><D107/><U90/><E90/><V33/><F33/><W73/><G48/><T1/><D109/><U53/><E71/><V128/><F128/><W131/><G131/><T58/><D31/><U10/><E10/><V25/><F25/><W39/><G39/><T55/><D18/><N who="1" m="12631" /><E101/><V5/><F5/><W119/><G120/><T17/><D17/><U91/><E91/><V96/><F96/><W21/><G123/><T9/><D9/><U46/><E97/><V68/><F122/><W94/><G94/><T8/><D8/><U113/><E98/><V44/><F118/><W103/><G119/><T32/><D32/><U47/><E113/><V34/><F34/><N who="3" m="20743" /><G103/><T11/><D11/><U116/><E116/><V0/><F0/><W59/><G80/><T49/><D93/><U76/><E76/><V69/><AGARI ba="0,0" hai="40,44,50,63,66,68,69,70" m="14953,51243" machi="69" ten="40,7800,0" yaku="20,1,34,2" doraHai="29" who="2" fromWho="2" sc="305,-26,275,-26,190,78,230,-26" /><INIT seed="2,1,0,3,1,59" ten="279,249,268,204" oya="2" hai0="82,58,39,29,14,1,13,102,62,46,91,109,70" hai1="119,47,94,117,40,66,135,89,92,77,69,118,56" hai2="34,108,9,27,50,48,38,10,75,15,18,133,3" hai3="72,76,51,127,131,98,65,2,55,96,61,106,128"/><V60/><F38/><W113/><G2/><T30/><D70/><U115/><E69/><V5/><F75/><W71/><G113/><T123/><D123/><U105/><E105/><V97/><F133/><W32/><G32/><T95/><D1/><U124/><E115/><V49/><F108/><W17/><G127/><T26/><D109/><U93/><E124/><V12/><F97/><W121/><G121/><T126/><D126/><U114/><E114/><V104/><F104/><W129/><G106/><T67/><D82/><U19/><E135/><V37/><F37/><W7/><G7/><T42/><D30/><U41/><E77/><V90/><F90/><W122/><G122/><T86/><REACH who="0" step="1"/><D102/><REACH who="0" ten="269,249,268,204" step="2"/><U21/><E89/><V78/><F78/><W134/><G134/><T57/><D57/><U112/><E112/><V87/><F3/><W64/><G76/><T101/><D101/><U36/><E118/><V31/><F87/><W25/><G72/><T0/><D0/><U11/><E117/><V116/><REACH who="2" step="1"/><F116/><REACH who="2" ten="269,249,258,204" step="2"/><W20/><G98/><T107/><D107/><U68/><E119/><V85/><F85/><W80/><G96/><T33/><AGARI ba="1,2" hai="13,14,26,29,33,39,42,46,58,62,67,86,91,95" machi="33" ten="20,12000,2" yaku="1,1,0,1,7,1,52,1,53,2" doraHai="59" doraHaiUra="8" who="0" fromWho="0" sc="269,143,249,-31,258,-61,204,-31" /><INIT seed="3,0,0,3,3,54" ten="412,218,197,173" oya="3" hai0="34,95,108,133,88,128,62,122,72,110,100,127,60" hai1="51,77,81,37,98,92,39,124,109,11,43,85,46" hai2="18,6,66,115,90,75,79,125,1,10,16,57,25" hai3="119,9,74,31,99,123,71,0,116,44,20,104,42"/><W101/><G123/><T86/><D34/><U70/><E70/><V94/><F115/><W63/><G74/><T64/><D122/><U65/><E109/><N who="0" m="42089" /><D133/><U121/><E121/><V38/><F125/><W24/><G71/><T112/><D112/><U13/><E65/><V103/><F38/><W118/><G63/><T49/><D128/><U48/><E124/><V40/><F40/><W47/><REACH who="3" step="1"/><G42/><REACH who="3" ten="412,218,197,163" step="2"/><T91/><D127/><U87/><E37/><V111/><F111/><W84/><G84/><T52/><D72/><U12/><E87/><V120/><F120/><W61/><G61/><T59/><D100/><U33/><E39/><V97/><F103/><W102/><G102/><T113/><D113/><U53/><E51/><V82/><F66/><W28/><G28/><T36/><D36/><U105/><E43/><V55/><F25/><W35/><G35/><T3/><D3/><U117/><E33/><V126/><F126/><W76/><G76/><T134/><D134/><U19/><E48/><AGARI ba="0,1" hai="1,6,10,16,18,48,55,57,75,79,82,90,94,97" machi="48" ten="30,3900,0" yaku="7,1,52,1,54,1" doraHai="54" who="2" fromWho="1" sc="412,0,218,-39,197,49,163,0" /><INIT seed="4,0,0,4,5,73" ten="412,179,246,163" oya="0" hai0="26,75,124,125,60,8,85,39,81,134,28,61,131" hai1="59,114,22,13,83,96,51,47,43,123,130,25,36" hai2="30,91,10,115,120,80,119,111,113,50,24,101,93" hai3="68,5,56,12,90,105,118,45,133,48,54,126,41"/><T17/><D39/><U15/><E123/><V128/><F120/><W78/><G118/><T112/><D75/><U127/><E127/><V121/><F121/><W31/><G105/><T72/><D72/><U27/><E130/><V29/><F111/><W69/><G126/><T58/><D131/><U88/><E114/><V117/><F128/><W84/><G133/><T63/><D112/><N who="2" m="43082" /><F10/><N who="3" m="4175" /><G31/><T104/><D104/><U7/><E36/><V129/><F129/><W23/><G23/><T16/><D134/><U11/><E15/><V95/><F50/><N who="3" m="30807" /><G90/><T100/><D100/><U4/><E4/><V18/><F18/><W71/><G71/><T55/><D124/><U109/><E109/><V44/><F44/><W64/><G64/><T67/><D125/><U92/><E59/><V40/><F40/><W135/><G135/><T14/><D17/><U66/><E66/><V21/><F30/><W77/><G77/><T57/><D26/><U52/><E43/><V82/><F101/><W20/><G20/><T107/><D28/><U46/><E46/><V74/><F74/><W132/><G132/><T42/><D107/><U65/><E65/><V103/><F103/><W122/><G122/><T6/><D42/><U87/><E22/><V110/><F110/><W32/><G32/><T19/><D63/><U76/><AGARI ba="0,0" hai="7,11,13,25,27,47,51,52,76,83,87,88,92,96" machi="76" ten="20,12000,2" yaku="0,1,7,1,8,1,52,1,54,2" doraHai="73" who="1" fromWho="1" sc="412,-60,179,120,246,-30,163,-30" /><INIT seed="5,0,0,1,5,8" ten="352,299,216,133" oya="1" hai0="117,17,16,76,126,128,127,122,63,20,10,78,13" hai1="66,26,44,55,112,65,113,103,14,39,49,18,101" hai2="94,104,89,73,98,43,131,57,88,75,81,2,97" hai3="24,3,61,90,69,120,133,51,28,100,21,115,35"/><U123/><E123/><V119/><F2/><W68/><G120/><T134/><D117/><U96/><E39/><V56/><F43/><W59/><G133/><T54/><D122/><U114/><E26/><V36/><F36/><W6/><G115/><T125/><D128/><U106/><REACH who="1" step="1"/><E103/><REACH who="1" ten="352,289,216,133" step="2"/><N who="2" m="62583" /><F119/><W118/><G118/><T40/><D134/><U37/><E37/><V86/><F57/><W121/><G100/><T58/><D40/><U132/><E132/><V23/><F56/><W108/><G121/><T84/><D84/><U53/><E53/><V129/><F23/><AGARI ba="0,1" hai="14,18,23,44,49,55,65,66,96,101,106,112,113,114" machi="23" ten="40,7700,0" yaku="1,1,15,1,52,1,53,0" doraHai="8" doraHaiUra="72" who="1" fromWho="2" sc="352,0,289,87,216,-77,133,0" /><INIT seed="5,1,0,1,4,62" ten="352,376,139,133" oya="1" hai0="10,46,81,109,68,0,38,108,82,106,124,133,55" hai1="17,104,101,88,105,111,2,45,72,48,99,31,41" hai2="127,76,85,126,121,116,93,71,14,3,19,23,125" hai3="42,66,123,61,16,44,97,57,131,35,26,135,122"/><U96/><E111/><V129/><F116/><W30/><G131/><T6/><D124/><U89/><E72/><V70/><F121/><W78/><G135/><T25/><D133/><U8/><E31/><V69/><F3/><W27/><G78/><T1/><D106/><U117/><E117/><V24/><F129/><W43/><G97/><T60/><D0/><U49/><E49/><V58/><F58/><W74/><G74/><T102/><D102/><U28/><E28/><V34/><F34/><W4/><G4/><T20/><D38/><U67/><E67/><V36/><F36/><W39/><REACH who="3" step="1"/><G43/><REACH who="3" ten="352,376,139,123" step="2"/><T40/><D40/><U132/><E132/><V13/><F76/><W15/><G15/><T7/><D7/><U83/><E2/><V29/><F29/><W91/><G91/><AGARI ba="1,1" hai="13,14,19,23,24,69,70,71,85,91,93,125,126,127" machi="91" ten="50,1600,0" yaku="18,1" doraHai="62" who="2" fromWho="3" sc="352,0,376,0,139,29,123,-19" /><INIT seed="6,0,0,4,2,74" ten="352,376,168,104" oya="2" hai0="60,92,35,130,49,119,24,51,29,69,43,11,123" hai1="12,108,67,135,106,17,8,41,127,121,98,55,19" hai2="47,122,54,23,45,112,33,28,15,107,83,62,116" hai3="38,30,50,84,1,42,86,102,57,78,39,10,128"/><V115/><F116/><W18/><G128/><T61/><D123/><U5/><E108/><V16/><F107/><W76/><G102/><T88/><D130/><U31/><E41/><V37/><F122/><W97/><G97/><T77/><D119/><U34/><E121/><V13/><F33/><W129/><G129/><T26/><D77/><N who="3" m="29801" /><G1/><T93/><D93/><U20/><E55/><V103/><F103/><W0/><G0/><T111/><D111/><U40/><E40/><V105/><F105/><W44/><G39/><T80/><D80/><U56/><E98/><V94/><F28/><W104/><G104/><T82/><D82/><U7/><E106/><V73/><F37/><W4/><G38/><T25/><D11/><U75/><E31/><V6/><F94/><W53/><G30/><T90/><D92/><U132/><E75/><V81/><F81/><W120/><G4/><T131/><D43/><U113/><E5/><V133/><F83/><W68/><G68/><T22/><D69/><U27/><E7/><V114/><F73/><W58/><G120/><T101/><D101/><U36/><E36/><V99/><F99/><W91/><G91/><N who="0" m="34859" /><D35/><U124/><E34/><V126/><F6/><W85/><G42/><T52/><D131/><U109/><E109/><V117/><F117/><W32/><G32/><T118/><D118/><U87/><E87/><N who="3" m="22274" /><W59/><DORA hai="100" /><G59/><T125/><D29/><U95/><E56/><V63/><F115/><W110/><G110/><T89/><D89/><U3/><E113/><V2/><F114/><W9/><G9/><T48/><D22/><RYUUKYOKU ba="0,0" sc="352,-10,376,-10,168,-10,104,30" hai3="10,18,44,50,53,57,58" /><INIT seed="7,1,0,2,1,115" ten="342,366,158,134" oya="3" hai0="81,58,82,34,108,49,103,67,119,128,83,56,74" hai1="24,112,52,79,17,38,54,31,42,1,47,134,105" hai2="73,109,20,7,57,14,85,27,36,6,0,91,114" hai3="44,101,46,72,16,26,8,22,99,45,13,55,64"/><W89/><G72/><T37/><D108/><U43/><E112/><V86/><F73/><W25/><G64/><T125/><D37/><U40/><E105/><V123/><F0/><W133/><G133/><T41/><D34/><U48/><E1/><V10/><F36/><W18/><G89/><T65/><D119/><U59/><E134/><V120/><F109/><W95/><REACH who="3" step="1"/><G26/><REACH who="3" ten="342,366,158,124" step="2"/><T5/><D74/><U2/><E24/><V60/><F114/><W21/><G21/><T63/><D67/><U75/><E75/><V102/><F102/><W69/><G69/><T19/><D65/><U124/><E79/><V129/><F91/><W39/><G39/><T15/><D103/><U116/><E38/><V88/><F88/><W33/><G33/><T90/><D90/><U118/><E118/><V127/><F20/><W9/><G9/><T50/><D81/><U62/><E116/><V132/><F27/><W100/><G100/><T68/><D82/><U61/><E31/><V135/><F10/><W98/><G98/><T71/><D83/><U93/><E124/><V97/><F97/><W4/><G4/><T77/><D5/><U110/><E110/><V126/><F132/><W76/><G76/><T96/><D77/><U111/><E111/><V12/><F135/><W94/><G94/><T107/><D125/><U84/><E93/><V87/><F127/><W3/><G3/><T66/><D96/><U122/><E2/><V29/><F126/><W51/><AGARI ba="1,1" hai="8,13,16,18,22,25,44,45,46,51,55,95,99,101" machi="51" ten="30,11700,0" yaku="1,1,0,1,8,1,54,1,53,0" doraHai="115" doraHaiUra="117" who="3" fromWho="3" sc="342,-40,366,-40,158,-40,124,130" /><INIT seed="7,2,0,4,5,87" ten="302,326,118,254" oya="3" hai0="132,81,16,91,131,75,35,14,0,129,88,26,19" hai1="12,74,15,38,40,80,126,6,4,72,96,101,110" hai2="43,92,22,7,48,24,97,67,70,102,32,59,47" hai3="90,46,128,36,56,17,104,99,39,64,116,85,121"/><W2/><G116/><T89/><D0/><U63/><E110/><V94/><F70/><W27/><G121/><T112/><D132/><U83/><E38/><V30/><F32/><W60/><G2/><T115/><D35/><U10/><E126/><V111/><F111/><W82/><G128/><N who="0" m="49227" /><D26/><U28/><E74/><V50/><F50/><W53/><G104/><T3/><D3/><U18/><E72/><V11/><F94/><W20/><G99/><T134/><D134/><U62/><E28/><V93/><F93/><W42/><REACH who="3" step="1"/><G39/><REACH who="3" ten="302,326,118,244" step="2"/><T118/><D118/><U52/><E96/><V78/><F78/><W57/><G57/><T120/><D120/><U61/><E101/><V68/><F68/><W119/><G119/><T31/><D31/><U98/><E98/><V5/><REACH who="2" step="1"/><F11/><REACH who="2" ten="302,326,108,244" step="2"/><W122/><G122/><T71/><D71/><U33/><E10/><V130/><F130/><W8/><G8/><T34/><D34/><U69/><E69/><V114/><F114/><W41/><G41/><T37/><D37/><U79/><E40/><V9/><F9/><W66/><AGARI ba="2,2" hai="17,20,27,36,42,46,53,56,60,64,66,82,85,90" machi="66" ten="30,6000,0" yaku="1,1,0,1,52,1,53,0" doraHai="87" doraHaiUra="113" who="3" fromWho="3" sc="302,-22,326,-22,108,-22,244,86" owari="280,-12.0,304,10.0,86,-41.0,330,43.0" /></mjloggm>