<mjloggm ver="2.3"><GO type="169" lobby="0"/><UN n0="%E5%B0%B1%E6%B4%BB%E7%94%9F%40%E5%B7%9D%E6%9D%91%E8%BB%8D%E5%9B%A3" n1="%EF%BC%8A%E7%B4%97%E5%BC%A5%E8%8F%AF%EF%BC%8A" n2="%43%46%76%E6%9D%8F%E6%9D%8F" n3="%73%68%6F%6F%74%33%39" dan="17,16,16,18" rate="2219.01,2109.62,2065.42,2191.36" sx="M,F,F,M"/><TAIKYOKU oya="0"/><INIT seed="0,0,0,3,2,14" ten="250,250,250,250" oya="0" hai0="54,133,95,26,85,43,5,87,125,82,17,102,117" hai1="27,93,7,23,53,90,8,83,104,10,97,64,15" hai2="42,71,77,101,70,13,2,105,113,124,120,129,88" hai3="9,121,41,47,135,29,12,25,6,24,36,78,106"/><T74/><D117/><U108/><E108/><V69/><F2/><W46/><G135/><T98/><D133/><U62/><E104/><V115/><F120/><W22/><G121/><T67/><D125/><U118/><E118/><V123/><F123/><W72/><G106/><T32/><D43/><U94/><E83/><V119/><F119/><W109/><G109/><T38/><D38/><U48/><E10/><V30/><F124/><W19/><G47/><T107/><D5/><U37/><E37/><V80/><F129/><W103/><G103/><T31/><D54/><U0/><E0/><V51/><F30/><W75/><REACH who="3" step="1"/><G78/><REACH who="3" ten="250,250,250,240" step="2"/><T81/><D107/><U35/><E90/><V128/><F77/><W130/><G130/><T127/><D127/><U76/><E76/><V79/><F128/><W111/><G111/><T52/><D102/><U44/><E35/><AGARI ba="0,1" hai="6,9,12,19,22,24,25,29,35,36,41,46,72,75" machi="35" ten="30,3900,0" yaku="1,1,7,1,52,1,53,0" doraHai="14" doraHaiUra="57" who="3" fromWho="1" sc="250,0,250,-39,250,0,240,49" /><INIT seed="1,0,0,1,3,127" ten="250,211,250,289" oya="1" hai0="65,113,41,78,15,66,110,67,128,112,87,54,48" hai1="107,40,117,89,76,35,120,62,84,95,98,106,45" hai2="123,111,96,51,82,77,52,3,32,135,50,85,16" hai3="68,116,6,12,29,47,8,109,114,73,101,56,70"/><U102/><E35/><V75/><F123/><W4/><G114/><N who="0" m="44139" /><D78/><U72/><E120/><V36/><F36/><W38/><G109/><T115/><D15/><U64/><E117/><V124/><F124/><W90/><G73/><T91/><D91/><U130/><E130/><V49/><F111/><W24/><G116/><T14/><D14/><U108/><E108/><V71/><F71/><W46/><G101/><T17/><D17/><U104/><E76/><V22/><F32/><W27/><G56/><N who="0" m="32839" /><D87/><U21/><E72/><V11/><F135/><W74/><G74/><T105/><D105/><U80/><E21/><V97/><F75/><W5/><G90/><T100/><D100/><U31/><E31/><V81/><F81/><W30/><G12/><T0/><D0/><U23/><E23/><V33/><F33/><W94/><G94/><T53/><D41/><U103/><E103/><V34/><F34/><W9/><G5/><T93/><D93/><U134/><E134/><V133/><F133/><W57/><G57/><T43/><D43/><U126/><E126/><V132/><F132/><W39/><AGARI ba="0,0" hai="4,6,8,9,24,27,29,30,38,39,46,47,68,70" machi="39" ten="25,3200,0" yaku="0,1,22,2" doraHai="127" who="3" fromWho="3" sc="250,-8,211,-16,250,-8,289,32" /><INIT seed="2,0,0,5,0,73" ten="242,195,242,321" oya="2" hai0="112,113,67,117,99,39,115,50,94,37,30,33,131" hai1="12,61,4,119,22,24,18,132,36,52,102,58,26" hai2="11,92,76,70,69,45,57,23,88,34,107,91,75" hai3="48,53,38,85,9,96,116,42,2,124,89,81,47"/><V74/><F34/><W13/><G124/><T98/><D131/><U82/><E119/><V78/><F107/><W64/><G116/><T41/><D117/><U120/><E36/><V83/><F23/><W65/><G2/><T101/><D67/><U6/><E132/><V87/><F57/><W133/><G133/><T55/><D41/><U60/><E120/><V86/><F11/><W114/><G114/><T72/><D72/><U8/><E102/><V103/><F103/><W134/><G134/><T71/><D71/><U84/><E61/><V128/><F128/><W118/><G118/><T66/><D66/><U32/><E32/><V135/><F135/><W110/><G110/><T127/><D127/><U100/><E100/><V7/><F7/><W79/><G96/><T15/><D99/><U25/><REACH who="1" step="1"/><E8/><REACH who="1" ten="242,185,242,321" step="2"/><V56/><F70/><W95/><G38/><T19/><D39/><U62/><E62/><V106/><F69/><W27/><G9/><T77/><D37/><U16/><E16/><V10/><F10/><W0/><G65/><T40/><D33/><U111/><E111/><V21/><F106/><W17/><G64/><T80/><D19/><U31/><E31/><V35/><F35/><W108/><G108/><T59/><D30/><U122/><E122/><V104/><F104/><W121/><G121/><T130/><D130/><U125/><E125/><V20/><F20/><W90/><G17/><T43/><D15/><U105/><E105/><V54/><F21/><W93/><G13/><T3/><D3/><U126/><E126/><V49/><F49/><N who="3" m="26871" /><G0/><T14/><D14/><RYUUKYOKU ba="0,1" sc="242,15,185,15,242,-15,321,-15" hai0="40,43,50,55,59,77,80,94,98,101,112,113,115" hai1="4,6,12,18,22,24,25,26,52,58,60,82,84" /><INIT seed="3,1,1,5,2,4" ten="257,200,227,306" oya="3" hai0="76,9,25,62,31,134,15,72,52,122,7,22,26" hai1="66,73,68,70,71,32,34,6,79,107,110,60,41" hai2="133,48,89,45,67,50,19,91,109,47,12,11,84" hai3="74,55,75,114,135,115,106,97,10,56,64,112,2"/><W117/><G117/><T124/><D122/><U127/><E110/><V20/><F109/><W129/><G64/><T88/><D134/><U36/><E127/><V13/><F67/><W44/><G135/><T131/><D131/><U77/><E77/><V96/><F96/><W94/><G106/><T5/><D124/><U17/><E17/><V82/><F133/><W40/><G129/><T33/><D72/><U1/><E107/><V23/><F91/><W38/><G10/><T63/><D76/><U51/><E51/><N who="2" m="19499" /><F23/><W86/><G86/><T90/><D5/><AGARI ba="1,1" hai="5,11,12,13,19,20,45,47,82,84,89" m="19499" machi="5" ten="30,2000,0" yaku="8,1,52,1" doraHai="4" who="2" fromWho="0" sc="257,-23,200,0,227,33,306,0" /><INIT seed="4,0,0,3,0,95" ten="234,200,260,306" oya="0" hai0="22,54,102,108,12,37,98,56,77,131,3,15,127" hai1="13,75,29,70,91,51,49,48,72,132,53,45,17" hai2="39,46,86,8,2,59,78,27,85,73,112,83,42" hai3="120,0,113,89,35,118,24,119,50,100,11,116,87"/><T88/><D3/><U67/><E132/><V115/><F59/><W44/><G113/><N who="2" m="43593" /><F27/><W92/><G120/><T26/><D37/><U1/><E1/><V130/><F130/><W60/><G60/><N who="0" m="35863" /><D131/><U81/><E29/><V106/><F106/><W117/><G117/><T5/><D127/><U134/><E134/><V96/><F96/><W99/><G35/><T111/><D77/><U90/><E67/><V20/><F20/><W71/><G71/><T94/><D5/><AGARI ba="0,0" hai="2,5,8,39,42,46,73,78,83,85,86" m="43593" machi="5" ten="30,2000,0" yaku="25,1,15,1" doraHai="95" who="2" fromWho="0" sc="234,-20,200,0,260,20,306,0" /><INIT seed="5,0,0,2,0,114" ten="214,200,280,306" oya="1" hai0="66,60,7,123,63,68,9,46,44,85,43,128,130" hai1="88,0,33,61,39,124,37,127,101,67,102,131,55" hai2="58,91,8,107,117,38,129,74,81,134,32,47,35" hai3="6,3,90,113,120,4,30,78,13,16,17,18,26"/><U11/><E33/><V96/><F117/><W95/><G120/><T52/><D85/><U10/><E55/><V76/><F129/><N who="0" m="49770" /><D9/><N who="1" m="3083" /><E0/><V54/><F134/><W69/><G69/><T77/><D7/><N who="3" m="2601" /><G113/><T79/><D123/><U71/><E131/><V24/><F24/><W80/><G3/><T12/><D12/><U89/><E37/><V49/><F8/><N who="3" m="6183" /><G80/><T86/><D86/><U14/><E39/><V110/><F110/><W119/><G78/><N who="0" m="29707" /><D43/><U29/><E29/><V87/><F47/><W108/><G108/><T73/><D73/><U112/><E14/><V75/><F38/><W36/><G36/><T42/><D42/><U100/><E112/><V122/><F75/><W92/><G119/><T2/><D2/><U115/><E115/><V83/><F122/><W104/><G104/><T98/><D98/><U25/><E25/><V15/><F15/><W22/><G95/><T48/><D63/><U57/><E71/><V109/><F109/><W28/><G28/><T59/><AGARI ba="0,0" hai="44,46,48,52,59,60,66,68" m="29707,49770" machi="59" ten="30,2000,0" yaku="19,1,54,1" doraHai="114" who="0" fromWho="0" sc="214,20,200,-10,280,-5,306,-5" /><INIT seed="6,0,0,3,5,87" ten="234,190,275,301" oya="2" hai0="81,60,76,134,35,128,88,48,84,127,5,46,10" hai1="73,108,12,17,109,89,39,15,26,78,36,6,126" hai2="105,41,42,23,50,30,38,71,52,49,85,119,24" hai3="61,18,16,37,14,133,113,33,25,125,3,98,62"/><V101/><F119/><W122/><G122/><T77/><D35/><U83/><E126/><V19/><F71/><W123/><G123/><T75/><D127/><U124/><E124/><V106/><F38/><W96/><G125/><T58/><D134/><U45/><E26/><V132/><F132/><W129/><G3/><T28/><D128/><U102/><E102/><V59/><F105/><W57/><G37/><T67/><D28/><U40/><E36/><V69/><F69/><W32/><G133/><T27/><D27/><U44/><E44/><V55/><F101/><W100/><G25/><T94/><D75/><U95/><E6/><V0/><F0/><W9/><G129/><T29/><D29/><U4/><E4/><V82/><F106/><W99/><G113/><T130/><D130/><U90/><E15/><V56/><F30/><W104/><G62/><T53/><REACH who="0" step="1"/><D94/><REACH who="0" ten="224,190,275,301" step="2"/><U93/><E93/><V91/><AGARI ba="0,1" hai="19,23,24,41,42,49,50,52,55,56,59,82,85,91" machi="91" ten="20,18000,2" yaku="0,1,7,1,9,1,8,1,52,1,54,1" doraHai="87" who="2" fromWho="2" sc="224,-60,190,-60,275,190,301,-60" /><INIT seed="6,1,0,2,1,37" ten="164,130,465,241" oya="2" hai0="96,103,61,20,19,80,60,135,88,98,69,11,66" hai1="56,99,120,70,94,132,76,18,110,64,123,43,0" hai2="129,54,23,6,85,86,45,82,122,41,107,3,40" hai3="90,134,127,75,79,102,27,14,117,51,92,62,93"/><V12/><F107/><W115/><G117/><T2/><D135/><U65/><E110/><V100/><F122/><N who="1" m="46633" /><E70/><V133/><F100/><W81/><G62/><T1/><D11/><U67/><E132/><V97/><F97/><W24/><G127/><T116/><D116/><U87/><E0/><V25/><F3/><W91/><G102/><T105/><D61/><N who="1" m="37927" /><E18/><V83/><F129/><W124/><G124/><T58/><D69/><U13/><E13/><V8/><F133/><W109/><G14/><T33/><D33/><U7/><E7/><V29/><F54/><W111/><G134/><T47/><D47/><U84/><E76/><N who="2" m="46279" /><F45/><W55/><G111/><T50/><D50/><U119/><E119/><V28/><F28/><W130/><G130/><T121/><D121/><U113/><E113/><V114/><F114/><W104/><G115/><T31/><D31/><U128/><E128/><V32/><F32/><W63/><G109/><T57/><D57/><U74/><E74/><V125/><F125/><W38/><G75/><T106/><D2/><U16/><E43/><V46/><F46/><W131/><G131/><T10/><D1/><U101/><E16/><V73/><F73/><W22/><G38/><T44/><D44/><U35/><E35/><V53/><F53/><W17/><G55/><T21/><D19/><U89/><E87/><V71/><F71/><W118/><G17/><T112/><D112/><U59/><E59/><V108/><F108/><W5/><G118/><T26/><D10/><U52/><E52/><V49/><F49/><W15/><G51/><T68/><D58/><RYUUKYOKU ba="1,0" sc="164,-15,130,15,465,15,241,-15" hai1="65,67,84,89,94,99,101" hai2="6,8,12,23,25,29,40,41,83,86" /><INIT seed="6,2,0,3,0,119" ten="149,145,480,226" oya="2" hai0="13,21,59,51,35,130,52,120,123,47,28,129,102" hai1="17,62,79,43,127,60,82,77,34,44,68,81,76" hai2="105,55,4,135,109,9,48,126,5,70,18,53,94" hai3="75,16,134,42,37,93,6,84,63,38,3,80,83"/><V99/><F70/><W128/><G3/><T69/><D69/><U91/><E34/><V24/><F105/><W0/><G6/><T8/><D35/><U104/><E104/><V92/><F135/><W124/><G0/><T71/><D71/><U110/><E110/><V118/><F118/><W56/><G128/><N who="0" m="49259" /><D102/><U10/><E127/><V15/><F126/><W49/><G134/><T78/><D78/><U32/><E32/><V131/><F109/><W90/><G38/><T2/><D2/><U1/><E1/><V97/><F131/><W103/><G37/><T132/><D132/><U29/><E29/><V22/><F4/><W107/><G75/><T101/><D101/><U31/><E31/><V74/><F74/><W85/><G103/><T36/><D36/><U111/><E111/><V86/><F86/><W64/><G85/><T100/><D100/><U106/><E106/><V67/><F67/><W12/><G107/><T115/><D115/><U117/><E117/><V14/><F24/><W112/><G112/><T125/><D125/><U133/><E133/><V98/><F55/><W65/><G65/><T108/><D108/><U19/><E68/><V50/><F48/><W95/><G124/><T46/><D21/><U30/><E30/><V58/><AGARI ba="2,0" hai="5,9,14,15,18,22,50,53,58,92,94,97,98,99" machi="58" ten="30,3000,0" yaku="0,1,8,1" doraHai="119" who="2" fromWho="2" sc="149,-12,145,-12,480,36,226,-12" /><INIT seed="6,3,0,5,2,102" ten="137,133,516,214" oya="2" hai0="100,110,29,119,1,8,18,57,120,20,86,59,77" hai1="37,90,108,53,39,34,81,104,97,109,130,26,80" hai2="98,3,54,2,27,51,35,69,76,127,89,55,70" hai3="73,78,7,135,83,71,95,13,10,111,62,14,6"/><V132/><F76/><W65/><G135/><T60/><D110/><U64/><E130/><V75/><F75/><W94/><G111/><T125/><D120/><U68/><E53/><V84/><F98/><W50/><G50/><T5/><D125/><U56/><E56/><V48/><F27/><W124/><G124/><T9/><D119/><U42/><E108/><V106/><F127/><W101/><G101/><T87/><D100/><N who="1" m="62479" /><E109/><V129/><F35/><W43/><G43/><T93/><D29/><N who="1" m="19767" /><E90/><V134/><F89/><W16/><G7/><T91/><D9/><AGARI ba="3,0" hai="6,9,10,13,14,16,62,65,71,73,78,83,94,95" machi="9" ten="30,2000,0" yaku="7,1,54,1" doraHai="102" who="3" fromWho="0" sc="137,-29,133,0,516,0,214,29" /><INIT seed="7,0,0,1,0,126" ten="108,133,516,243" oya="3" hai0="85,22,103,111,73,124,59,70,31,83,17,94,55" hai1="74,116,95,100,115,1,43,91,6,106,38,14,133" hai2="107,80,48,19,132,92,76,18,90,125,9,131,75" hai3="123,36,11,67,96,101,119,44,61,110,108,24,72"/><W129/><G123/><T105/><D70/><U34/><E1/><V102/><F125/><W109/><G119/><T42/><D124/><U117/><E34/><V135/><F131/><W53/><G72/><T45/><D111/><U5/><E74/><V65/><F65/><W127/><G127/><T57/><D73/><U20/><E115/><V120/><F120/><W25/><G11/><T33/><D33/><U79/><E79/><V4/><F48/><N who="3" m="28807" /><G129/><T104/><D31/><U78/><E78/><V88/><F90/><W47/><G47/><T3/><D3/><U0/><E0/><N who="2" m="135" /><F102/><W122/><G36/><T66/><D104/><U51/><E38/><V114/><F107/><N who="3" m="63911" /><G122/><T56/><D105/><U29/><E106/><V118/><F118/><N who="1" m="45673" /><E100/><V134/><F114/><W54/><G54/><T89/><D66/><U41/><E133/><V71/><F71/><AGARI ba="0,0" hai="24,25,61,67,71,108,109,110" m="63911,28807" machi="71" ten="30,1500,0" yaku="10,1" doraHai="126" who="3" fromWho="2" sc="108,0,133,0,516,-15,243,15" /><INIT seed="7,1,0,4,5,134" ten="108,133,501,258" oya="3" hai0="66,3,67,115,91,26,19,72,125,99,8,75,62" hai1="51,61,124,96,71,50,109,101,23,121,20,122,57" hai2="123,48,78,36,41,25,119,90,88,93,29,38,5" hai3="114,11,22,83,68,132,44,55,17,43,63,9,70"/><W105/><G105/><T13/><D3/><U127/><E71/><V52/><F119/><W64/><G132/><T28/><D115/><U59/><E109/><V74/><F5/><W16/><G114/><T84/><D99/><U46/><E20/><V106/><F106/><W116/><G116/><T92/><D67/><N who="1" m="39343" /><E23/><V31/><F123/><N who="1" m="47113" /><E96/><V1/><F1/><W54/><G70/><T2/><D2/><U89/><E101/><V113/><F113/><W94/><G94/><T135/><D135/><U60/><E89/><V95/><F31/><W32/><G32/><T45/><D45/><U49/><E46/><V21/><F41/><W98/><G98/><T133/><D133/><U117/><E117/><V7/><F7/><W33/><G33/><T129/><D129/><U111/><E111/><V34/><F21/><W126/><G17/><T128/><D128/><U102/><E102/><V112/><F112/><W79/><G11/><T107/><D107/><U103/><E103/><V14/><F14/><W10/><G9/><T65/><D65/><AGARI ba="1,0" hai="49,50,51,59,60,65,124,127" m="47113,39343" machi="65" ten="30,7700,0" yaku="34,2,52,2" doraHai="134" who="1" fromWho="0" sc="108,-80,133,80,501,0,258,0" owari="28,-47.0,213,-19.0,501,60.0,258,6.0" /></mjloggm>