<mjloggm ver="2.3"><GO type="97" lobby="0"/><UN n0="%E3%83%A6%E3%82%AD%E3%83%8E%E3%83%8F%E3%83%8A" n1="%E5%A4%A9%E6%89%8D%E3%82%A4%E3%83%99%E3%83%AA%E3%82%B3%E8%B1%9A" n2="%E5%B0%B1%E6%B4%BB%E7%94%9F%40%E5%B7%9D%E6%9D%91%E8%BB%8D%E5%9B%A3" n3="%40%E3%81%BE%E3%81%BB%E3%81%A3%E3%81%A1" dan="14,15,16,13" rate="1988.94,1938.37,2095.29,1934.96" sx="M,F,M,M"/><TAIKYOKU oya="0"/><INIT seed="0,0,0,5,5,110" ten="250,250,250,250" oya="0" hai0="8,12,125,126,121,112,116,9,57,93,34,100,118" hai1="49,132,82,61,1,13,63,96,46,92,29,108,87" hai2="119,37,122,45,21,16,53,78,23,89,117,64,111" hai3="123,6,86,39,18,75,58,91,77,124,32,76,26"/><T103/><D34/><U114/><E1/><V68/><F122/><W14/><G39/><T72/><D72/><U97/><E108/><V7/><F111/><W99/><G123/><T51/><D121/><U33/><E132/><V67/><F78/><W81/><G124/><N who="0" m="47723" /><D51/><U11/><E29/><V65/><F7/><W19/><G32/><T62/><D93/><U120/><E114/><V80/><F68/><W105/><G6/><T42/><D42/><U84/><E84/><N who="2" m="50311" /><F23/><W25/><G58/><T128/><D128/><U90/><E33/><V56/><F37/><W15/><G77/><T106/><D106/><U28/><E28/><V135/><F135/><W130/><G130/><T24/><D24/><U73/><E73/><V20/><F20/><W22/><G99/><T4/><D9/><U3/><E97/><V47/><F117/><N who="0" m="45162" /><D112/><U85/><E85/><V5/><F119/><W50/><G50/><T98/><D98/><U48/><E48/><N who="2" m="30759" /><F5/><W43/><G43/><T10/><D10/><U52/><E3/><V36/><F36/><W55/><G105/><T0/><D0/><U83/><E120/><V127/><F127/><W101/><G101/><T59/><D59/><U31/><E31/><V131/><F131/><W66/><G75/><T71/><D71/><U115/><E115/><V134/><F134/><W2/><G2/><T40/><D40/><U74/><E74/><V41/><F41/><W70/><G70/><T94/><D94/><U107/><E107/><V30/><F30/><W102/><G26/><AGARI ba="0,0" hai="16,21,26,45,47,64,65,67" m="30759,50311" machi="26" ten="30,2000,0" yaku="8,1,54,1" doraHai="110" who="2" fromWho="3" sc="250,0,250,0,250,20,250,-20" /><INIT seed="1,0,0,3,3,22" ten="250,250,270,230" oya="1" hai0="53,118,98,86,71,89,21,132,131,54,125,115,60" hai1="37,78,84,77,88,1,104,85,112,46,116,48,2" hai2="94,111,135,73,68,107,25,6,14,99,66,120,33" hai3="80,18,38,81,55,70,91,67,44,69,105,51,27"/><U59/><E116/><V49/><F73/><W65/><G105/><T36/><D118/><U123/><E104/><V7/><F120/><W130/><G130/><T119/><D119/><U8/><E123/><V95/><F49/><W101/><G101/><T26/><D125/><U31/><E112/><V23/><F111/><W114/><G114/><T76/><D131/><U40/><E85/><V10/><F135/><W39/><G91/><T42/><D132/><U79/><E31/><N who="2" m="19695" /><F23/><W13/><G27/><T52/><D115/><U126/><E126/><V124/><F6/><W0/><G0/><T133/><D133/><U45/><E59/><V58/><F58/><W108/><G108/><T87/><D36/><N who="3" m="13865" /><G18/><T117/><D117/><U41/><REACH who="1" step="1"/><E8/><REACH who="1" ten="250,240,270,230" step="2"/><V19/><F124/><W61/><G80/><AGARI ba="0,1" hai="1,2,37,40,41,45,46,48,77,78,79,80,84,88" machi="80" ten="40,12000,1" yaku="1,1,2,1,54,1,53,1" doraHai="22" doraHaiUra="47" who="1" fromWho="3" sc="250,0,240,130,270,0,230,-120" /><INIT seed="1,1,0,4,2,116" ten="250,370,270,110" oya="1" hai0="131,13,65,56,36,11,68,17,93,2,62,40,66" hai1="7,102,43,122,28,114,33,96,73,80,92,57,3" hai2="117,48,5,107,118,29,104,134,88,74,81,133,89" hai3="129,64,76,86,106,59,0,127,112,31,55,27,60"/><U39/><E122/><V113/><F29/><W69/><G112/><T135/><D131/><U37/><E114/><V19/><F19/><W14/><G106/><N who="2" m="40489" /><F5/><W46/><G129/><T12/><D135/><N who="2" m="51722" /><F48/><W30/><G127/><T71/><D2/><U83/><E43/><V20/><F20/><W78/><G0/><T85/><D36/><U108/><E28/><V6/><F6/><W99/><G99/><T87/><D40/><U132/><E33/><V47/><F47/><W21/><G46/><T111/><D111/><U110/><E57/><V119/><F113/><W109/><G109/><N who="1" m="42090" /><E132/><V95/><F95/><W84/><G14/><T105/><D105/><U124/><E124/><V91/><F74/><W42/><G42/><T38/><D38/><N who="1" m="14347" /><E73/><V22/><F22/><W24/><G64/><T77/><D66/><U115/><E115/><V100/><F100/><W18/><G69/><T53/><D71/><U51/><E51/><V97/><F97/><W67/><G55/><T75/><D75/><U128/><E128/><V90/><F90/><W45/><G45/><T41/><D41/><U15/><E3/><V94/><F94/><W32/><G18/><T23/><D77/><U35/><E35/><V121/><F121/><W44/><REACH who="3" step="1"/><G44/><REACH who="3" ten="250,370,270,100" step="2"/><T103/><D93/><U125/><E125/><V49/><F49/><W10/><G10/><AGARI ba="1,1" hai="7,10,15,80,83,92,96,102" m="14347,42090" machi="10" ten="30,2900,0" yaku="14,1,10,1" doraHai="116" who="1" fromWho="3" sc="250,0,370,42,270,0,100,-32" /><INIT seed="1,2,0,2,2,59" ten="250,412,270,68" oya="1" hai0="79,100,89,21,11,15,84,93,23,40,76,29,17" hai1="52,64,83,124,73,135,56,115,99,60,44,19,91" hai2="75,12,95,33,68,78,8,14,53,28,122,2,26" hai3="97,66,45,112,92,119,36,134,71,22,50,126,130"/><U18/><E115/><V54/><F122/><W106/><G22/><T57/><D40/><U65/><E73/><V72/><F68/><W129/><G106/><T109/><D109/><U47/><E135/><V7/><F95/><W67/><G92/><T16/><D100/><U70/><E124/><V9/><F2/><W98/><G97/><T61/><D29/><U101/><E83/><V74/><REACH who="2" step="1"/><F78/><REACH who="2" ten="250,412,260,68" step="2"/><N who="0" m="29738" /><D17/><AGARI ba="2,1" hai="7,8,9,12,14,17,26,28,33,53,54,72,74,75" machi="17" ten="40,1300,0" yaku="1,1,53,0" doraHai="59" doraHaiUra="55" who="2" fromWho="0" sc="250,-19,412,0,260,29,68,0" /><INIT seed="2,0,0,0,4,71" ten="231,412,289,68" oya="2" hai0="91,96,109,76,51,3,70,129,5,65,74,82,35" hai1="101,20,68,83,80,29,126,120,32,73,11,98,69" hai2="33,116,4,93,27,21,49,100,26,17,111,24,48" hai3="124,135,102,121,94,107,85,122,45,25,131,104,54"/><V114/><F116/><W0/><G25/><T115/><D129/><U87/><E32/><V134/><F114/><W89/><G0/><T14/><D115/><U34/><E34/><V40/><F40/><W119/><G45/><T9/><D109/><U58/><E126/><V55/><F4/><W77/><G54/><T90/><D35/><U30/><E30/><V86/><F111/><W42/><G42/><T8/><D70/><U15/><E120/><N who="3" m="46186" /><G119/><T39/><D39/><U46/><E46/><V97/><F134/><W52/><G131/><T84/><D65/><U110/><E58/><V38/><F38/><W103/><G52/><T62/><D62/><U64/><E64/><V79/><F33/><W37/><G37/><T43/><D96/><U81/><E20/><V128/><F128/><W118/><G118/><T50/><D43/><U22/><E22/><V56/><F49/><W92/><G135/><T78/><D91/><U10/><E29/><V105/><F105/><N who="3" m="40523" /><G124/><T47/><D47/><U133/><E11/><V132/><F132/><W130/><G130/><T67/><D67/><U16/><E10/><V1/><F1/><W44/><G44/><T19/><REACH who="0" step="1"/><D76/><REACH who="0" ten="221,412,289,68" step="2"/><U41/><E41/><V31/><F31/><W60/><G60/><T125/><D125/><U75/><E110/><V113/><F113/><W117/><G117/><T106/><D106/><U63/><E63/><V28/><F28/><W23/><G77/><T6/><D6/><U112/><E112/><V123/><F123/><W18/><G92/><AGARI ba="0,1" hai="3,5,8,9,14,19,50,51,74,78,82,84,90,92" machi="92" ten="30,2000,0" yaku="1,1,7,1,53,0" doraHai="71" doraHaiUra="57" who="0" fromWho="3" sc="221,30,412,0,289,0,68,-20" /><INIT seed="3,0,0,3,4,60" ten="251,412,289,48" oya="3" hai0="45,35,78,23,99,115,28,86,92,3,52,17,21" hai1="130,83,9,44,129,56,87,110,124,16,79,135,34" hai2="93,112,72,82,100,26,111,75,89,131,8,106,63" hai3="85,88,118,29,81,51,113,1,27,18,117,103,132"/><W102/><G1/><T71/><D115/><U101/><E110/><V50/><F112/><W5/><G132/><T65/><D3/><U125/><E34/><V2/><F111/><W61/><G113/><T134/><D134/><U57/><E135/><V126/><F126/><N who="1" m="48745" /><E44/><V36/><F36/><W121/><G121/><T40/><D35/><U10/><E10/><V62/><F26/><W91/><G5/><T25/><D78/><U107/><E101/><N who="3" m="38410" /><G118/><T20/><D86/><U69/><E69/><V128/><F8/><W97/><G117/><T123/><D123/><U95/><E95/><V64/><F2/><W0/><G0/><T77/><D77/><U30/><E30/><V84/><F50/><W59/><G51/><T116/><D116/><U120/><E107/><V127/><F127/><W98/><G18/><T49/><D71/><U33/><E33/><V39/><F39/><W108/><G91/><N who="0" m="55711" /><D65/><U41/><E41/><V37/><F37/><W11/><G11/><T7/><D7/><U14/><E120/><V67/><F75/><W70/><G108/><T66/><D66/><N who="2" m="25130" /><F72/><W119/><G70/><T96/><D96/><U109/><E109/><V12/><F12/><W48/><G48/><N who="0" m="26663" /><D28/><U53/><E14/><V46/><F46/><AGARI ba="0,0" hai="17,20,21,23,25,46,49,52" m="26663,55711" machi="46" ten="30,2000,0" yaku="8,1,54,1" doraHai="60" who="0" fromWho="2" sc="251,20,412,0,289,-20,48,0" owari="271,7.0,412,51.0,269,-13.0,48,-45.0" /></mjloggm>