<mjloggm ver="2.3"><GO type="169" lobby="0"/><UN n0="%E3%83%94%E3%83%A8%E3%81%A3%E3%81%99" n1="%E3%82%A6%E3%83%AB%E3%83%88%E3%83%A9%E7%AB%8B%E7%9B%B4" n2="%68%61%79%61%74%6F%E2%98%86" n3="%E3%81%82%E3%82%8B%E3%81%A1%E3%82%83%E3%82%93" dan="16,18,16,16" rate="2111.08,2162.17,2105.86,2096.54" sx="M,M,M,M"/><TAIKYOKU oya="0"/><INIT seed="0,0,0,2,2,133" ten="250,250,250,250" oya="0" hai0="116,121,26,127,114,48,38,81,118,105,53,78,1" hai1="21,42,62,115,40,108,14,60,77,117,52,124,49" hai2="12,10,63,93,54,119,72,0,74,82,99,8,39" hai3="11,17,5,36,76,46,61,64,57,65,50,80,85"/><T30/><D38/><U122/><E122/><V47/><F119/><W55/><G36/><T58/><D105/><U67/><E117/><V20/><F82/><W33/><G33/><T120/><D1/><U125/><E77/><V37/><F20/><W97/><G97/><T45/><D114/><U86/><E86/><V129/><F129/><W68/><G17/><T102/><D102/><U113/><E14/><V66/><F37/><W28/><G28/><T110/><D110/><U24/><E108/><V27/><F27/><W35/><G35/><T98/><D98/><U100/><E100/><V79/><F79/><W13/><REACH who="3" step="1"/><G68/><REACH who="3" ten="250,250,250,240" step="2"/><T19/><D19/><U18/><E115/><V88/><F39/><W51/><G51/><T90/><D118/><U104/><E113/><V126/><F99/><W94/><G94/><T106/><D116/><U132/><E104/><V130/><F93/><W4/><G4/><T84/><D106/><U73/><E132/><V75/><F130/><W101/><G101/><T2/><D121/><U9/><E49/><V69/><F69/><W95/><G95/><T91/><D120/><U128/><E128/><V22/><F63/><W7/><G7/><T135/><D135/><U15/><E62/><V111/><F111/><W44/><G44/><T87/><D45/><U89/><E60/><V56/><F47/><W92/><G92/><T43/><D48/><U112/><E112/><V23/><F56/><W123/><G123/><T70/><D58/><U31/><E18/><V83/><F83/><W71/><G71/><T25/><D70/><U16/><E16/><RYUUKYOKU ba="0,1" sc="250,-10,250,-10,250,-10,240,30" hai3="5,11,13,46,50,55,57,61,64,65,76,80,85" /><INIT seed="1,1,1,5,1,121" ten="240,240,240,270" oya="1" hai0="80,61,118,76,12,100,43,41,130,0,7,82,18" hai1="111,113,124,40,127,31,71,106,131,35,16,79,83" hai2="73,49,90,19,81,119,32,24,94,133,3,63,77" hai3="28,8,123,55,72,89,47,98,34,109,114,38,26"/><U22/><E106/><V110/><F119/><W50/><G123/><T87/><D118/><U46/><E71/><V74/><F3/><W30/><G114/><T91/><D130/><U112/><E31/><V42/><F133/><W11/><G72/><T45/><D100/><U65/><E35/><V132/><F132/><W97/><G38/><T108/><D108/><U58/><E131/><V13/><F63/><W135/><G135/><T103/><D103/><U104/><E104/><V27/><F73/><W10/><G109/><T4/><D0/><U39/><E111/><V70/><F70/><W101/><G30/><T85/><D61/><U95/><E95/><V84/><F32/><W21/><G34/><T128/><D128/><U78/><E58/><V25/><F110/><W62/><G101/><T60/><D60/><U14/><E65/><V68/><F68/><W125/><G125/><N who="1" m="48202" /><E79/><V48/><REACH who="2" step="1"/><F42/><REACH who="2" ten="240,240,230,270" step="2"/><N who="0" m="15882" /><D45/><U23/><E23/><AGARI ba="1,2" hai="13,19,23,24,25,27,48,49,74,77,81,84,90,94" machi="23" ten="40,1300,0" yaku="1,1,53,0" doraHai="121" doraHaiUra="66" who="2" fromWho="1" sc="240,0,240,-16,230,36,270,0" /><AGARI ba="1,0" hai="4,7,12,18,23,76,80,82,85,87,91" m="15882" machi="23" ten="30,1000,0" yaku="8,1" doraHai="121" who="0" fromWho="1" sc="240,10,224,-10,266,0,270,0" /><INIT seed="2,0,0,2,5,108" ten="250,214,266,270" oya="2" hai0="23,112,16,87,128,131,79,6,49,60,42,32,92" hai1="69,66,9,81,83,95,89,34,122,35,88,78,113" hai2="13,114,94,24,46,18,62,77,40,27,25,74,38" hai3="14,76,58,17,84,19,67,103,37,120,118,59,93"/><V41/><F41/><W43/><G118/><T102/><D32/><U109/><E122/><V20/><F62/><W100/><G120/><T10/><D60/><U12/><E109/><V57/><F57/><W28/><G28/><T7/><D112/><U8/><E66/><V115/><REACH who="2" step="1"/><F94/><REACH who="2" ten="250,214,256,270" step="2"/><W48/><G59/><T91/><D42/><U1/><E95/><V99/><F99/><W119/><G58/><T54/><D128/><U126/><E69/><V51/><F51/><W33/><G48/><T29/><D131/><U111/><E111/><V96/><F96/><W129/><G93/><T116/><D116/><U44/><E83/><AGARI ba="0,1" hai="13,18,20,24,25,27,38,40,46,74,77,83,114,115" machi="83" ten="40,7700,0" yaku="1,1,52,2,53,0" doraHai="108" doraHaiUra="132" who="2" fromWho="1" sc="250,0,214,-77,256,87,270,0" /><INIT seed="2,1,0,0,4,106" ten="250,137,343,270" oya="2" hai0="13,40,20,135,118,131,17,90,10,128,51,123,41" hai1="38,84,98,79,45,130,8,94,113,91,66,23,126" hai2="134,1,99,48,109,49,70,33,93,37,104,102,107" hai3="14,121,117,108,101,97,64,105,129,95,47,62,50"/><V21/><F33/><W28/><G121/><T32/><D123/><U0/><E113/><V63/><F37/><W119/><G108/><T87/><D32/><U12/><E126/><V103/><F1/><W73/><G129/><N who="0" m="49739" /><D135/><U65/><E130/><V125/><F134/><W77/><G28/><T100/><D100/><U27/><E0/><V85/><F125/><W9/><G105/><T122/><D122/><U55/><E38/><V36/><F36/><W133/><G133/><T114/><D114/><U22/><E22/><V82/><F21/><W75/><G77/><T71/><D71/><U124/><E124/><V78/><F109/><W18/><G119/><T31/><D51/><U35/><E35/><V43/><F43/><W132/><G117/><T96/><D96/><U39/><E39/><V115/><F115/><W54/><REACH who="3" step="1"/><G132/><REACH who="3" ten="250,137,343,260" step="2"/><T19/><D31/><U83/><E79/><V59/><F107/><W127/><G127/><T112/><D112/><U46/><E98/><V111/><F111/><W16/><G16/><T88/><D118/><U6/><E94/><V72/><F70/><AGARI ba="1,1" hai="9,14,18,47,50,54,62,64,70,73,75,95,97,101" machi="70" ten="30,8000,1" yaku="1,1,7,1,52,2,53,1" doraHai="106" doraHaiUra="4" who="3" fromWho="2" sc="250,0,137,0,343,-83,260,93" /><INIT seed="3,0,0,0,2,34" ten="250,137,260,353" oya="3" hai0="116,78,109,1,94,11,16,86,35,2,117,127,45" hai1="76,21,98,23,130,19,56,75,97,113,119,25,134" hai2="32,64,99,89,38,102,115,12,125,66,114,79,111" hai3="17,100,63,132,69,29,18,108,71,6,58,95,81"/><W126/><G126/><T47/><D35/><U30/><E113/><V77/><F38/><W33/><G132/><T92/><D86/><U93/><E134/><V65/><F32/><W118/><G118/><T7/><D11/><U13/><E119/><V129/><F125/><W39/><G39/><T131/><D127/><U27/><E130/><V133/><F129/><W54/><G81/><T112/><D131/><U31/><E56/><V104/><F133/><W41/><G41/><T42/><D7/><U24/><E24/><V103/><F111/><W60/><G6/><T96/><D96/><U44/><E44/><V40/><F40/><W84/><G63/><T72/><D42/><U107/><E107/><V121/><F121/><W67/><G71/><T22/><D22/><U61/><E61/><V101/><F12/><W0/><G69/><T91/><D78/><U49/><E49/><V74/><F89/><W82/><G67/><T70/><D70/><U106/><E106/><V50/><F50/><W51/><G51/><T14/><D14/><U59/><E59/><V90/><F104/><W110/><G110/><T28/><D91/><U37/><E37/><V57/><F57/><W62/><G62/><T123/><D109/><U68/><E68/><V55/><F90/><N who="3" m="51479" /><G108/><T122/><D112/><N who="2" m="43050" /><F99/><W3/><G33/><T43/><D43/><U80/><REACH who="1" step="1"/><E93/><REACH who="1" ten="250,127,260,353" step="2"/><V8/><F66/><N who="3" m="39191" /><G95/><T10/><D92/><U128/><E128/><V88/><F65/><W15/><G54/><T26/><D117/><U20/><AGARI ba="0,1" hai="13,19,20,21,23,25,27,30,31,75,76,80,97,98" machi="20" ten="20,5200,0" yaku="1,1,0,1,7,1,9,1,53,0" doraHai="34" doraHaiUra="135" who="1" fromWho="1" sc="250,-13,127,62,260,-13,353,-26" /><INIT seed="4,0,0,4,2,133" ten="237,189,247,327" oya="0" hai0="25,67,54,86,134,74,63,62,127,107,69,24,124" hai1="113,115,108,39,117,92,71,111,59,16,60,77,3" hai2="35,93,81,19,61,78,22,131,58,11,75,98,105" hai3="42,79,65,97,23,103,18,116,66,52,43,125,112"/><T135/><D74/><U20/><E39/><V73/><F35/><W64/><G116/><T99/><D86/><U106/><E106/><V96/><F131/><W129/><G129/><T38/><D38/><U31/><E117/><V48/><F75/><W34/><G34/><T26/><D62/><U110/><E3/><V40/><F11/><W36/><G79/><T76/><D76/><U121/><E121/><V130/><F130/><W100/><G36/><T88/><D54/><U29/><E71/><V80/><F80/><W119/><G119/><T120/><D120/><U15/><E92/><V55/><F105/><W2/><G103/><N who="0" m="62975" /><D88/><U68/><E68/><V51/><F96/><W49/><G43/><T83/><D83/><U84/><E84/><V37/><F40/><W47/><G42/><T32/><D32/><U101/><E101/><V0/><F0/><W9/><G97/><T94/><D94/><U46/><E46/><V102/><F37/><W50/><G100/><T30/><D30/><U41/><E41/><V4/><F4/><W33/><G33/><T13/><D13/><AGARI ba="0,0" hai="13,19,22,48,51,55,58,61,73,78,81,93,98,102" machi="13" ten="30,1000,0" yaku="7,1" doraHai="133" who="2" fromWho="0" sc="237,-10,189,0,247,10,327,0" /><INIT seed="5,0,0,1,3,13" ten="227,189,257,327" oya="1" hai0="123,36,99,103,29,4,88,52,28,94,12,24,104" hai1="43,2,1,110,41,69,40,56,122,98,81,20,83" hai2="107,48,114,76,3,19,61,93,9,44,34,80,133" hai3="85,55,135,46,111,16,128,79,109,42,10,77,68"/><U53/><E122/><V23/><F107/><W73/><G68/><T132/><D123/><U74/><E69/><V45/><F34/><W124/><G73/><T89/><D36/><U126/><E126/><V129/><F133/><W96/><G124/><T117/><D117/><U27/><E110/><V102/><F129/><W97/><G135/><T8/><D132/><U67/><E67/><V106/><F106/><W7/><G128/><T131/><D131/><U112/><E112/><V71/><F114/><W49/><G7/><T15/><D15/><U78/><E98/><V37/><F37/><W31/><G31/><N who="0" m="11851" /><D104/><U26/><E83/><V22/><F22/><W17/><G10/><T30/><N who="0" m="11859" /><T54/><DORA hai="38" /><D24/><U39/><E39/><V59/><F71/><W130/><G130/><T18/><D18/><N who="3" m="7273" /><G111/><T84/><D103/><U86/><E74/><V51/><F93/><AGARI ba="0,0" hai="4,8,12,52,54,84,88,89,93,94,99" m="11859" machi="93" ten="30,3900,0" yaku="8,1,54,2" doraHai="13,38" who="0" fromWho="2" sc="227,39,189,0,257,-39,327,0" /><INIT seed="6,0,0,1,1,114" ten="266,189,218,327" oya="2" hai0="55,112,127,109,2,3,4,10,43,36,100,94,73" hai1="45,41,88,30,38,99,76,87,115,130,18,0,128" hai2="47,33,70,89,113,78,107,111,64,79,129,28,110" hai3="62,105,82,133,131,29,116,46,132,96,90,135,60"/><V120/><F120/><W84/><G131/><N who="1" m="50218" /><E115/><V9/><F107/><W103/><G116/><T50/><D73/><U20/><E0/><V48/><F113/><W58/><G29/><T15/><D112/><U39/><E30/><V95/><F129/><W8/><G8/><T68/><D68/><U124/><E124/><V134/><F9/><W56/><G46/><T86/><D127/><U23/><E99/><N who="2" m="57839" /><F134/><W54/><G58/><T44/><D109/><N who="2" m="41482" /><F64/><W12/><G12/><T16/><D4/><U19/><E76/><V57/><F57/><W69/><G69/><T21/><D10/><U37/><E20/><V32/><F70/><W40/><G40/><T74/><D74/><U77/><E77/><N who="2" m="29195" /><F28/><W83/><G62/><T53/><D2/><U97/><E97/><V13/><F13/><W27/><G27/><T80/><D3/><U1/><E1/><V122/><F122/><W72/><G72/><T75/><D75/><U66/><E66/><V125/><F125/><W52/><G54/><AGARI ba="0,0" hai="32,33,47,48,54" m="29195,41482,57839" machi="54" ten="30,1500,0" yaku="10,1" doraHai="114" who="2" fromWho="3" sc="266,0,189,0,218,15,327,-15" /><INIT seed="6,1,0,2,2,16" ten="266,189,233,312" oya="2" hai0="45,121,23,46,0,115,42,40,79,135,64,76,116" hai1="41,75,66,108,95,35,88,68,30,54,59,31,100" hai2="112,26,1,15,122,117,47,48,120,86,131,109,107" hai3="103,83,61,99,2,130,87,63,18,127,43,24,3"/><V124/><F1/><W34/><G130/><T126/><D0/><U14/><E108/><V39/><F107/><W57/><G43/><T84/><D121/><U67/><E75/><V53/><F117/><W27/><G127/><T20/><D126/><U89/><E41/><N who="0" m="15977" /><D135/><U36/><E36/><V132/><F124/><W69/><G69/><T93/><D64/><N who="1" m="24619" /><E35/><V25/><F39/><W12/><G63/><T101/><D115/><U37/><E68/><V29/><F112/><W77/><G27/><T133/><D133/><U73/><E73/><V44/><F131/><W28/><G57/><T105/><D105/><U11/><E37/><V129/><F109/><W104/><G61/><T60/><D60/><N who="1" m="35959" /><E100/><V10/><F132/><W21/><AGARI ba="1,0" hai="2,3,12,18,21,24,28,34,77,83,87,99,103,104" machi="21" ten="20,2700,0" yaku="0,1,7,1,52,1" doraHai="16" who="3" fromWho="3" sc="266,-8,189,-8,233,-14,312,30" /><INIT seed="7,0,0,2,4,49" ten="258,181,219,342" oya="3" hai0="92,70,91,90,81,112,2,27,52,16,63,22,115" hai1="85,93,84,65,43,88,119,14,130,83,111,98,68" hai2="41,73,77,9,15,95,59,72,94,36,58,12,46" hai3="31,80,34,39,18,71,23,17,53,131,13,133,4"/><W124/><G71/><T57/><D2/><U97/><E111/><V121/><F121/><W135/><G39/><T110/><D70/><U30/><E119/><V67/><F15/><W82/><G131/><T87/><REACH who="0" step="1"/><D110/><REACH who="0" ten="248,181,219,342" step="2"/><U102/><E130/><V1/><F1/><W20/><G124/><T50/><D50/><U78/><E43/><V107/><F41/><W106/><G106/><T61/><D61/><U64/><E68/><V126/><F107/><W103/><G103/><T96/><AGARI ba="0,1" hai="16,22,27,52,57,63,81,87,90,91,92,96,112,115" machi="96" ten="30,12000,2" yaku="1,1,0,1,25,2,52,1,54,2,53,0" doraHai="49" doraHaiUra="7" who="0" fromWho="0" sc="248,130,181,-30,219,-30,342,-60" owari="378,48.0,151,-35.0,189,-21.0,282,8.0" /></mjloggm>