<mjloggm ver="2.3"><GO type="97" lobby="0"/><UN n0="%E5%B0%B1%E6%B4%BB%E7%94%9F%40%E5%B7%9D%E6%9D%91%E8%BB%8D%E5%9B%A3" n1="%6B%6F%69%6E%6B%6F%69%6E" n2="%64%61%75" n3="%E4%B8%80%E8%89%B2%E3%81%84%E3%82%8D%E3%81%AF%E2%98%86" dan="16,13,14,13" rate="2149.13,1832.30,1943.06,1870.17" sx="M,M,M,F"/><TAIKYOKU oya="0"/><INIT seed="0,0,0,1,4,95" ten="250,250,250,250" oya="0" hai0="39,129,62,104,121,109,125,113,108,68,82,51,87" hai1="80,58,49,17,64,15,96,45,55,7,1,3,116" hai2="10,4,32,135,106,67,8,115,120,100,130,37,70" hai3="74,99,54,76,119,134,59,73,72,66,48,38,107"/><T88/><D39/><U71/><E116/><V16/><F37/><W90/><G119/><T65/><D121/><U101/><E71/><V42/><F42/><W89/><G38/><T117/><D117/><U33/><E33/><V127/><F100/><W81/><G134/><T77/><D113/><U24/><E24/><V20/><F67/><W9/><G66/><T128/><D104/><U40/><E64/><V46/><F106/><W26/><G26/><T105/><D105/><U94/><E80/><V47/><F70/><W28/><G28/><T2/><D2/><U97/><E96/><V91/><F120/><W43/><G43/><T12/><D125/><U69/><E69/><V18/><F32/><W6/><G107/><T56/><D12/><U31/><E31/><V57/><F127/><W52/><G54/><N who="0" m="31839" /><D77/><U98/><E98/><V110/><F115/><W27/><G27/><T50/><D50/><U63/><REACH who="1" step="1"/><E7/><REACH who="1" ten="250,240,250,250" step="2"/><V19/><F4/><W11/><G6/><T131/><AGARI ba="0,1" hai="62,65,68,82,87,88,108,109,128,129,131" m="31839" machi="131" ten="40,3900,0" yaku="19,1,54,1" doraHai="95" who="0" fromWho="0" sc="250,49,240,-13,250,-13,250,-13" /><INIT seed="0,1,0,4,4,132" ten="299,227,237,237" oya="0" hai0="66,81,59,18,115,42,20,94,78,134,54,84,12" hai1="34,121,36,68,25,87,27,122,16,113,93,91,109" hai2="112,99,114,23,90,108,11,40,57,100,5,52,120" hai3="24,71,9,67,10,76,124,135,85,50,130,110,53"/><T58/><D115/><U70/><E113/><V44/><F120/><W3/><G135/><T86/><D134/><U48/><E36/><V62/><F108/><W41/><G41/><T107/><D107/><U56/><E109/><V73/><F73/><W74/><G74/><T39/><D39/><U111/><E111/><V17/><F90/><W32/><G3/><T19/><D42/><U126/><E122/><V31/><F31/><W79/><G130/><T28/><D28/><U123/><E121/><V131/><F131/><W95/><G71/><T92/><D84/><U37/><E37/><V96/><F112/><W97/><G67/><T13/><D66/><U72/><E72/><V4/><F114/><W29/><G124/><T128/><D128/><U51/><E123/><V80/><F80/><W82/><G79/><T43/><D43/><U118/><E126/><V35/><F35/><W98/><G110/><T88/><D78/><U63/><E118/><V127/><F127/><W21/><G32/><T105/><D105/><U60/><E68/><V69/><F69/><W38/><G38/><T77/><D77/><U106/><E106/><V89/><F89/><N who="3" m="55535" /><G98/><N who="2" m="37417" /><F100/><W83/><G83/><T104/><D104/><U61/><E70/><V33/><F33/><W22/><G22/><N who="0" m="11591" /><D58/><AGARI ba="1,0" hai="9,10,21,24,29,50,53,58,76,82,85" m="55535" machi="58" ten="30,1000,0" yaku="8,1" doraHai="132" who="3" fromWho="0" sc="299,-13,227,0,237,0,237,13" /><INIT seed="1,0,0,1,3,108" ten="286,227,237,250" oya="1" hai0="18,130,33,71,14,103,5,106,4,111,127,67,20" hai1="81,135,122,38,22,40,10,63,105,7,61,64,69" hai2="42,3,87,23,25,15,93,99,131,91,26,79,24" hai3="76,83,124,97,72,13,96,56,43,117,47,102,80"/><U84/><E122/><V59/><F3/><W30/><G124/><T45/><D111/><U12/><E105/><V21/><F131/><W0/><G0/><T53/><D33/><U66/><E135/><V101/><F42/><W54/><G30/><T32/><D32/><U68/><E38/><V48/><F79/><W70/><G70/><T62/><D130/><U2/><E40/><V86/><F86/><W73/><G117/><T44/><D127/><U60/><E60/><V104/><F104/><W74/><G13/><T100/><D106/><U29/><E29/><V17/><F48/><W119/><G119/><T115/><D115/><U89/><E22/><V110/><F59/><W109/><G109/><T114/><D114/><U132/><E132/><V34/><F34/><W77/><G74/><T11/><D4/><U49/><E49/><V27/><F110/><W107/><G97/><T52/><D44/><U19/><E2/><V41/><F41/><W55/><REACH who="3" step="1"/><G56/><REACH who="3" ten="286,227,237,240" step="2"/><N who="0" m="37319" /><D45/><U98/><E98/><V1/><F1/><W28/><G28/><T31/><D31/><U118/><E118/><V8/><N who="2" m="6656" /><DORA hai="39" /><V133/><REACH who="2" step="1"/><F133/><REACH who="2" ten="286,227,227,240" step="2"/><W121/><G121/><T112/><D71/><U36/><E36/><AGARI ba="0,2" hai="36,43,47,54,55,72,73,76,77,80,83,96,102,107" machi="36" ten="30,8000,1" yaku="1,1,7,1,9,1,52,1,53,1" doraHai="108,39" doraHaiUra="92,82" who="3" fromWho="1" sc="286,0,227,-80,227,0,240,100" /><INIT seed="2,0,0,3,4,57" ten="286,147,227,340" oya="2" hai0="0,19,96,23,116,22,123,135,74,83,43,29,127" hai1="114,2,46,68,77,103,50,115,86,44,6,112,125" hai2="129,42,78,39,26,24,5,104,105,89,14,119,131" hai3="32,8,21,45,122,52,109,38,69,126,111,93,20"/><V98/><F78/><W133/><G32/><T108/><D123/><U65/><E2/><V101/><F119/><W73/><G73/><T84/><D0/><U10/><E6/><V110/><F110/><W63/><G122/><T132/><D74/><U120/><E10/><N who="2" m="4431" /><F104/><W66/><G133/><N who="0" m="51275" /><D127/><U62/><E103/><V53/><F53/><W3/><G126/><T7/><D7/><U51/><E125/><V56/><F56/><W87/><G3/><T9/><D43/><N who="1" m="24863" /><E86/><V106/><F106/><W25/><G8/><T48/><D108/><N who="3" m="41545" /><G25/><N who="2" m="9833" /><F89/><N who="3" m="53439" /><G52/><T33/><D33/><U61/><E77/><V16/><F16/><W79/><G79/><N who="0" m="46207" /><D29/><U34/><E34/><V67/><F67/><W40/><AGARI ba="0,0" hai="20,21,38,40,45,63,66,69" m="53439,41545" machi="40" ten="30,2000,0" yaku="14,1,52,1" doraHai="57" who="3" fromWho="3" sc="286,-5,147,-5,227,-10,340,20" /><INIT seed="3,0,0,1,4,7" ten="281,142,217,360" oya="3" hai0="51,19,127,37,20,1,48,5,27,60,98,14,104" hai1="110,85,34,116,95,32,80,121,47,3,66,125,33" hai2="11,94,50,114,117,135,23,39,12,108,112,68,46" hai3="15,96,16,70,107,86,76,2,64,100,130,89,56"/><W36/><G2/><T109/><D37/><U52/><E110/><V124/><F39/><W55/><G36/><T134/><D109/><U24/><E125/><V129/><F68/><W99/><G76/><T57/><D127/><U29/><E116/><V61/><F124/><W67/><G70/><T53/><D134/><U21/><E121/><V13/><F108/><W17/><G99/><T93/><D104/><U72/><E72/><V128/><F135/><W59/><G130/><T0/><D0/><U25/><E3/><V41/><F117/><W123/><G59/><T92/><D1/><U90/><E66/><V105/><F105/><W115/><G17/><T97/><D93/><U111/><E111/><V38/><F38/><W28/><G28/><T101/><D97/><U133/><E133/><V77/><F77/><W6/><G6/><T118/><D118/><U22/><E95/><V82/><F82/><W43/><G43/><T74/><D74/><U18/><E47/><V78/><F78/><W106/><G106/><T102/><D102/><U75/><E75/><V88/><F61/><W54/><G100/><T49/><D5/><U113/><E113/><V35/><F35/><W87/><G107/><T31/><REACH who="0" step="1"/><D60/><REACH who="0" ten="271,142,217,360" step="2"/><U30/><REACH who="1" step="1"/><E18/><REACH who="1" ten="271,132,217,360" step="2"/><N who="2" m="10695" /><F128/><W120/><G16/><T91/><D91/><U26/><E26/><V103/><F129/><W10/><G123/><T42/><D42/><U79/><E79/><V71/><F114/><W65/><G120/><T84/><D84/><U40/><E40/><V9/><F112/><W132/><G87/><T81/><D81/><U119/><E119/><RYUUKYOKU ba="0,2" sc="271,15,132,15,217,-15,360,-15" hai0="14,19,20,27,31,48,49,51,53,57,92,98,101" hai1="21,22,24,25,29,30,32,33,34,52,80,85,90" owari="286,9.0,147,-35.0,202,-20.0,365,46.0" /></mjloggm>