<mjloggm ver="2.3"><GO type="169" lobby="0"/><UN n0="%E5%AE%9F%E5%A6%B9" n1="%E3%81%9F%E3%81%98%E3%81%BE%E3%81%AA%E3%81%BF" n2="%E3%82%A6%E3%83%AB%E3%83%88%E3%83%A9%E7%AB%8B%E7%9B%B4" n3="%E2%98%85%74%61%72%75%74%6F%E2%98%85" dan="16,16,18,16" rate="2103.42,2087.60,2200.35,2057.03" sx="F,F,M,M"/><TAIKYOKU oya="0"/><INIT seed="0,0,0,3,0,27" ten="250,250,250,250" oya="0" hai0="107,59,62,43,9,42,81,101,86,135,94,76,110" hai1="79,127,45,93,38,8,90,97,75,83,109,49,125" hai2="65,26,36,16,116,88,11,17,61,112,129,63,104" hai3="102,96,108,117,56,66,10,89,3,74,47,39,57"/><T14/><D110/><U100/><E109/><V118/><F104/><W15/><G108/><T115/><D115/><U73/><E38/><V72/><F72/><W18/><G117/><N who="2" m="45161" /><F36/><W111/><G111/><T51/><D107/><U5/><E73/><V52/><F129/><W71/><G74/><T37/><D37/><U24/><E100/><V25/><F112/><W130/><G130/><T22/><D135/><U0/><REACH who="1" step="1"/><E24/><REACH who="1" ten="250,240,250,250" step="2"/><V31/><F26/><W132/><G102/><T33/><D33/><U134/><E134/><V95/><F11/><W58/><G132/><T60/><D22/><U54/><AGARI ba="0,1" hai="0,5,8,45,49,54,75,79,83,90,93,97,125,127" machi="54" ten="30,4000,0" yaku="1,1,0,1,53,1" doraHai="27" doraHaiUra="7" who="1" fromWho="1" sc="250,-20,240,50,250,-10,250,-10" /><INIT seed="1,0,0,0,0,22" ten="230,290,240,240" oya="1" hai0="36,46,105,14,17,18,109,0,125,130,107,50,118" hai1="8,100,132,73,95,41,62,20,108,45,60,119,131" hai2="11,59,106,69,113,75,9,116,90,40,53,35,117" hai3="124,15,129,58,126,114,92,55,98,48,2,96,66"/><U121/><E73/><V64/><F75/><W3/><G114/><T134/><D50/><U42/><E121/><V67/><F106/><W68/><G129/><T83/><D83/><U25/><E119/><V7/><F35/><W120/><G120/><T70/><D46/><U110/><E8/><V24/><F90/><W47/><G68/><T85/><D85/><U135/><E95/><V80/><F59/><W91/><G98/><T76/><D76/><U82/><E82/><V99/><F99/><W101/><G101/><T123/><D14/><U88/><E88/><V97/><F97/><W51/><G15/><T104/><D18/><N who="1" m="12439" /><E100/><V37/><F80/><W78/><G78/><T61/><D61/><N who="1" m="23659" /><E131/><V54/><F7/><W10/><G66/><T49/><D49/><N who="1" m="26799" /><E42/><V44/><F40/><W71/><G71/><T29/><D29/><U4/><E4/><V13/><F69/><W72/><G72/><T127/><D17/><U43/><E43/><V26/><F44/><W63/><G63/><T57/><D107/><U56/><E56/><V21/><F113/><W16/><G47/><T89/><D57/><U93/><E93/><V77/><F77/><W6/><G51/><T133/><D89/><U115/><E115/><V12/><F37/><W27/><G3/><T94/><D94/><U81/><E81/><V111/><F21/><W74/><G74/><T122/><D105/><U28/><E28/><V84/><F84/><W5/><G5/><T102/><D123/><U103/><E103/><V39/><F39/><W87/><G87/><T19/><D122/><U33/><E33/><RYUUKYOKU ba="0,0" sc="230,-30,290,10,240,10,240,10" hai1="108,110,132,135" hai2="9,11,12,13,24,26,53,54,64,67,111,116,117" hai3="2,6,10,16,27,48,55,58,91,92,96,124,126" /><INIT seed="1,1,0,1,1,125" ten="200,300,250,250" oya="1" hai0="32,58,103,73,0,126,24,34,50,97,25,38,15" hai1="56,116,16,6,100,117,21,43,45,113,3,61,133" hai2="82,115,5,23,120,111,106,72,11,131,77,71,40" hai3="68,87,90,69,33,39,62,20,2,85,80,95,41"/><U94/><E113/><V14/><F120/><W55/><G33/><T8/><D50/><U30/><E30/><V19/><F71/><W59/><G2/><T124/><D58/><U53/><E3/><V121/><F106/><W127/><G127/><N who="0" m="48683" /><D97/><U122/><E6/><V130/><F121/><W10/><G10/><T105/><D103/><U42/><E133/><V123/><F123/><W66/><G39/><T9/><D38/><U135/><E135/><V98/><F115/><W36/><G36/><T7/><D105/><U81/><E81/><V74/><F111/><W52/><G41/><T35/><D73/><U48/><E43/><V83/><F40/><W92/><G69/><T89/><D89/><U93/><E122/><V12/><F98/><W57/><G68/><T51/><D51/><U78/><E78/><AGARI ba="1,0" hai="5,11,12,14,19,23,72,74,77,78,82,83,130,131" machi="78" ten="40,5200,0" yaku="9,1,52,2" doraHai="125" who="2" fromWho="1" sc="200,0,300,-55,250,55,250,0" /><INIT seed="2,0,0,4,4,124" ten="200,245,305,250" oya="2" hai0="42,40,78,26,132,100,0,57,10,1,133,103,17" hai1="28,107,72,76,130,88,111,21,134,89,128,75,3" hai2="93,47,33,79,25,101,14,115,34,112,74,92,56" hai3="8,41,119,120,31,22,127,7,86,23,24,30,69"/><V102/><F14/><W12/><G69/><T27/><D57/><U81/><E3/><V96/><F56/><W61/><G41/><T82/><D82/><U90/><E111/><V2/><F2/><W126/><G61/><T63/><D63/><U4/><E4/><V68/><F68/><W125/><G86/><T59/><D59/><U60/><E60/><V117/><F117/><W135/><G119/><T99/><D99/><U52/><E52/><V37/><F25/><N who="3" m="16695" /><G135/><T38/><D10/><U11/><E11/><V114/><F79/><W83/><G83/><T49/><D49/><U121/><E134/><V131/><F74/><W48/><G48/><T54/><D38/><U87/><E121/><AGARI ba="0,0" hai="7,8,12,23,24,31,120,121,125,126,127" m="16695" machi="121" ten="30,3900,0" yaku="18,1,34,2" doraHai="124" who="3" fromWho="1" sc="200,0,245,-39,305,0,250,39" /><INIT seed="3,0,0,0,3,107" ten="200,206,305,289" oya="3" hai0="20,5,96,117,18,31,81,87,6,78,13,124,65" hai1="62,1,66,103,10,49,28,26,23,79,114,76,22" hai2="95,89,42,73,97,134,116,133,93,98,125,119,61" hai3="88,70,14,55,108,40,101,15,2,51,112,19,80"/><W135/><G112/><T115/><D115/><U92/><E114/><V3/><F3/><W99/><G2/><T34/><D117/><U37/><E37/><V74/><F61/><W16/><G135/><N who="2" m="51721" /><F42/><W75/><G70/><T84/><D124/><U69/><E23/><V121/><F121/><W48/><G108/><T83/><D65/><U129/><E129/><V63/><F63/><W127/><G127/><T120/><D96/><U59/><E69/><V7/><F7/><W9/><G40/><T12/><D120/><U27/><E27/><V113/><F113/><W54/><G51/><T123/><D123/><U122/><E122/><V94/><F125/><W64/><G64/><T46/><D31/><U131/><E131/><V35/><F35/><W56/><G55/><T86/><D34/><U47/><E10/><V85/><F98/><W8/><G75/><N who="2" m="28681" /><F97/><W105/><REACH who="3" step="1"/><G88/><REACH who="3" ten="200,206,305,279" step="2"/><T128/><D128/><U0/><E0/><V111/><F111/><W110/><G110/><T109/><D109/><U50/><E1/><V53/><F53/><W52/><G52/><T77/><D6/><U104/><E66/><V17/><F17/><W21/><G21/><T60/><D5/><U57/><E22/><V58/><F58/><W82/><AGARI ba="0,1" hai="8,9,14,15,16,19,48,54,56,80,82,99,101,105" machi="82" ten="30,11700,0" yaku="1,1,0,1,9,1,54,1,53,0" doraHai="107" doraHaiUra="32" who="3" fromWho="3" sc="200,-39,206,-39,305,-39,279,127" /><INIT seed="3,1,0,1,4,47" ten="161,167,266,406" oya="3" hai0="81,49,1,2,33,75,34,116,76,46,134,6,5" hai1="77,39,82,25,98,37,67,58,97,125,88,59,0" hai2="127,120,41,99,20,65,100,83,94,55,9,18,8" hai3="15,30,31,78,61,72,106,19,121,102,52,26,28"/><W63/><G121/><T51/><D46/><U109/><E0/><V35/><F35/><W131/><G131/><T89/><D89/><U32/><E109/><V123/><F65/><W48/><G26/><T84/><D81/><U74/><E125/><V114/><F41/><W117/><G117/><T14/><D14/><U112/><E112/><V27/><F114/><W113/><G113/><T10/><D84/><U129/><E98/><V80/><F127/><W44/><G106/><T16/><D10/><U103/><E59/><V87/><F83/><W93/><G72/><T22/><D22/><U91/><E39/><V29/><F29/><W96/><G78/><T130/><D130/><U108/><E37/><V70/><F70/><W64/><G64/><T38/><D38/><U68/><E68/><V56/><F123/><W36/><G36/><T3/><D3/><U17/><E108/><V69/><F69/><W71/><G71/><T66/><D66/><U12/><E25/><V111/><F111/><W40/><G40/><T126/><D126/><U60/><E32/><V95/><F95/><W53/><G53/><T105/><D105/><U122/><E129/><V135/><F135/><W101/><G101/><T85/><D85/><U54/><E67/><V133/><F133/><W90/><G102/><T43/><D43/><U62/><E103/><V21/><F21/><AGARI ba="1,0" hai="15,19,21,28,30,31,44,48,52,61,63,90,93,96" machi="21" ten="40,7700,0" yaku="8,1,52,1,54,1" doraHai="47" who="3" fromWho="2" sc="161,0,167,0,266,-80,406,80" /><INIT seed="3,2,0,5,5,60" ten="161,167,186,486" oya="3" hai0="85,49,14,87,120,101,129,79,33,133,8,73,30" hai1="48,107,55,17,19,82,115,23,18,86,130,9,95" hai2="94,45,69,89,10,34,44,132,68,126,99,64,124" hai3="46,2,13,131,114,98,72,76,75,1,108,90,127"/><W92/><G114/><T3/><D85/><U28/><E107/><V29/><F132/><W37/><G131/><T119/><D87/><U39/><E39/><V57/><F10/><W15/><G127/><N who="2" m="48681" /><F29/><W106/><G108/><T0/><D101/><U43/><E43/><V74/><F34/><W66/><G106/><T97/><D97/><U5/><E95/><V102/><F74/><W81/><G75/><T50/><D79/><U109/><E109/><V96/><F96/><W80/><G80/><T41/><D41/><U104/><E104/><V40/><F89/><W111/><G111/><T61/><D61/><U78/><E115/><V122/><F122/><W70/><G46/><N who="2" m="18025" /><F40/><W58/><G37/><T22/><D30/><U26/><E130/><V4/><F4/><W59/><G2/><T21/><D0/><U121/><E121/><V53/><F64/><W31/><G1/><T25/><D3/><U32/><E32/><V105/><F94/><W51/><G31/><T135/><D120/><U83/><E83/><V125/><N who="2" m="48689" /><V118/><DORA hai="11" /><F118/><W7/><G7/><T16/><D119/><U77/><E77/><V42/><F42/><W67/><G72/><T110/><D73/><U35/><E35/><V24/><F24/><W27/><G27/><T128/><D110/><U100/><E5/><V52/><F53/><N who="3" m="32063" /><G76/><T38/><D128/><U123/><E123/><V54/><F54/><W91/><G81/><T56/><D129/><U103/><E9/><V12/><F12/><W113/><G98/><T93/><D133/><U112/><E112/><V36/><F36/><RYUUKYOKU ba="2,0" sc="161,-15,167,15,186,15,486,-15" hai1="17,18,19,23,26,28,48,55,78,82,86,100,103" hai2="52,57,68,69,99,102,105" /><INIT seed="4,3,0,1,4,81" ten="146,182,201,471" oya="0" hai0="65,28,130,22,91,119,19,38,92,66,6,29,64" hai1="63,11,14,45,58,109,86,76,62,123,93,133,4" hai2="96,70,89,103,43,132,131,41,82,67,50,39,105" hai3="24,32,120,12,87,112,18,40,98,0,134,88,36"/><T56/><D56/><U77/><E109/><V84/><F39/><W16/><G0/><T42/><D42/><U101/><E133/><V71/><F132/><W5/><G134/><T73/><D6/><U128/><E128/><V113/><F131/><W111/><G111/><T3/><D3/><U61/><E123/><V121/><F121/><W115/><G120/><T127/><D73/><U79/><E45/><V31/><F113/><N who="3" m="43595" /><G98/><T26/><D38/><U95/><E95/><V9/><F9/><N who="3" m="4143" /><G40/><T74/><D74/><U80/><REACH who="1" step="1"/><E58/><REACH who="1" ten="146,172,201,471" step="2"/><V85/><F70/><W23/><G36/><T117/><D130/><U60/><N who="1" m="15872" /><DORA hai="27" /><U72/><E72/><V75/><F75/><W83/><G32/><T44/><D44/><U30/><E30/><AGARI ba="3,1" hai="16,18,23,24,30,83,87,88" m="4143,43595" machi="30" ten="30,8000,1" yaku="15,1,52,2,54,2" doraHai="81,27" who="3" fromWho="1" sc="146,0,172,-89,201,0,471,99" /><INIT seed="5,0,0,4,2,62" ten="146,83,201,570" oya="1" hai0="118,12,50,88,13,67,92,110,9,117,4,18,37" hai1="39,105,107,75,127,29,72,129,76,26,89,60,47" hai2="5,22,132,64,27,31,91,3,87,8,57,51,124" hai3="84,73,85,123,54,80,63,100,71,81,45,1,111"/><U90/><E129/><V25/><F124/><W106/><G123/><T119/><D37/><U120/><E120/><V61/><F132/><W134/><G111/><T98/><D110/><U52/><E127/><V94/><F51/><W46/><G1/><T0/><D50/><U6/><E6/><V43/><F43/><W122/><G73/><T30/><D30/><U59/><E105/><V104/><F104/><W121/><G106/><T97/><D67/><U95/><E107/><V41/><F41/><W36/><G100/><T32/><D32/><U109/><E109/><V116/><REACH who="2" step="1"/><F27/><REACH who="2" ten="146,83,191,570" step="2"/><W68/><G134/><T7/><D117/><AGARI ba="0,1" hai="3,5,8,22,25,31,57,61,64,87,91,94,116,117" machi="117" ten="40,8000,1" yaku="1,1,2,1,52,1,53,1" doraHai="62" doraHaiUra="17" who="2" fromWho="0" sc="146,-80,83,0,191,90,570,0" /><INIT seed="6,0,0,2,4,103" ten="66,83,281,570" oya="2" hai0="3,53,104,34,27,15,6,2,64,95,118,135,93" hai1="117,61,79,4,31,113,21,28,67,56,38,36,10" hai2="59,9,66,12,69,133,41,29,63,0,58,62,121" hai3="124,106,81,23,74,86,126,48,57,32,115,55,122"/><V102/><F0/><W88/><G32/><T60/><D15/><U100/><E117/><V116/><F121/><W127/><G122/><T42/><D53/><U49/><E113/><V14/><F116/><W45/><G115/><T101/><D101/><U19/><E79/><V77/><F133/><W75/><G106/><T125/><D60/><U130/><E130/><V92/><F41/><N who="3" m="24623" /><G23/><T89/><D42/><U54/><E100/><V24/><F77/><W7/><G7/><T46/><D46/><U119/><E36/><V52/><F69/><W26/><G26/><T129/><D89/><U30/><E38/><V43/><F43/><W39/><G39/><T78/><D64/><U80/><E80/><V97/><F9/><W68/><G68/><T132/><D78/><U25/><E119/><V87/><F87/><W98/><G98/><T16/><D16/><U18/><E18/><V108/><F108/><W96/><G96/><T99/><D27/><U85/><E85/><V107/><F107/><W13/><G13/><T131/><D99/><U112/><E112/><V35/><AGARI ba="0,0" hai="12,14,24,29,35,52,58,59,62,63,66,92,97,102" machi="35" ten="20,3900,0" yaku="0,1,7,1,54,1" doraHai="103" who="2" fromWho="2" sc="66,-13,83,-13,281,39,570,-13" /><INIT seed="6,1,0,4,1,123" ten="53,70,320,557" oya="2" hai0="109,83,21,2,60,65,42,112,46,85,132,87,40" hai1="11,101,95,38,47,41,104,82,122,43,119,5,8" hai2="14,35,19,59,55,118,91,92,44,127,24,93,126" hai3="17,0,115,25,58,22,10,1,80,103,71,63,129"/><V75/><F75/><W99/><G129/><T110/><D21/><U89/><E43/><V105/><F105/><W77/><G71/><T45/><D60/><U51/><E119/><V73/><F73/><W68/><G68/><T33/><D2/><U106/><E11/><V81/><F118/><W64/><G115/><T36/><D112/><U29/><E29/><V18/><F44/><W133/><G133/><T20/><D20/><U134/><E134/><V27/><F81/><W97/><G97/><T102/><D102/><U53/><E82/><V117/><F93/><W74/><G10/><T15/><D132/><U69/><E69/><V113/><F113/><W78/><G78/><T72/><D72/><U124/><E101/><V128/><F128/><W66/><G66/><T28/><D15/><U26/><E26/><V120/><F120/><W3/><G3/><T32/><D28/><U31/><E31/><V50/><F117/><W70/><G70/><T34/><D65/><U84/><E124/><N who="2" m="47659" /><F35/><W12/><G12/><T54/><D54/><U62/><E122/><V39/><F39/><W9/><G9/><T56/><D56/><U88/><E104/><AGARI ba="1,0" hai="0,1,17,22,25,58,63,64,74,77,80,99,103,104" machi="104" ten="30,1000,0" yaku="7,1" doraHai="123" who="3" fromWho="1" sc="53,0,70,-13,320,0,557,13" /><INIT seed="7,0,0,1,2,110" ten="53,57,320,570" oya="3" hai0="46,18,86,109,5,132,112,65,45,82,47,2,4" hai1="43,125,34,119,29,79,89,14,11,9,113,70,81" hai2="6,106,85,30,95,128,19,0,101,74,40,44,131" hai3="67,61,103,97,129,32,35,8,94,53,24,31,62"/><W135/><G135/><T27/><D109/><U114/><E70/><V121/><F85/><W3/><G129/><T71/><D71/><U127/><E119/><V57/><F95/><W38/><G38/><T20/><D132/><U22/><E43/><V49/><F19/><W134/><G134/><T39/><D39/><U91/><E34/><V124/><F30/><W120/><G120/><T107/><D107/><U90/><E22/><V15/><F15/><W52/><G35/><T87/><D112/><N who="1" m="43115" /><E29/><V68/><F57/><W23/><G32/><T33/><D33/><U51/><E51/><V42/><F49/><W60/><G3/><T126/><D126/><U98/><E98/><V118/><F42/><W123/><G123/><T58/><D2/><U63/><E63/><N who="3" m="24138" /><G8/><T75/><D75/><U96/><E96/><V37/><F40/><W122/><G122/><T84/><D58/><AGARI ba="0,0" hai="23,24,31,52,53,58,62,67,94,97,103" m="24138" machi="58" ten="30,5800,0" yaku="25,1,8,1,54,1" doraHai="110" who="3" fromWho="0" sc="53,-58,57,0,320,0,570,58" owari="-5,-51.0,57,-34.0,320,12.0,628,73.0" /></mjloggm>