<mjloggm ver="2.3"><GO type="233" lobby="0"/><UN n0="%E3%81%97%E3%82%85%E3%81%B0%E3%82%8B%E3%81%A4" n1="%E5%B0%8F%E9%98%AA%E3%81%A1%E3%81%B2%E3%82%8D" n2="%72%61%74%74%61%74%74%61" n3="%E3%82%A6%E3%83%AB%E3%83%88%E3%83%A9%E7%AB%8B%E7%9B%B4" dan="16,18,17,18" rate="2119.98,2246.04,2161.29,2195.45" sx="M,F,M,M"/><TAIKYOKU oya="0"/><INIT seed="0,0,0,5,3,26" ten="250,250,250,250" oya="0" hai0="80,96,69,17,121,71,98,74,31,102,79,41,33" hai1="123,46,88,92,122,106,66,115,16,62,135,111,56" hai2="27,48,7,5,77,54,131,35,124,105,58,64,90" hai3="13,36,25,120,43,50,94,28,34,126,133,95,76"/><T109/><D121/><U19/><E106/><V75/><F105/><W39/><G120/><T49/><D17/><U78/><E111/><V130/><F124/><W47/><G126/><T81/><D81/><U1/><E1/><V99/><F75/><W73/><G133/><T32/><D109/><U57/><E135/><V113/><F77/><W110/><G110/><T0/><D49/><U59/><E115/><V93/><F64/><W51/><G76/><T68/><D41/><U21/><E78/><V108/><F108/><W116/><G73/><T82/><D82/><U119/><E119/><V12/><F113/><W2/><G2/><T38/><D96/><U114/><E114/><V14/><F14/><W20/><G51/><T127/><D127/><U134/><E134/><V128/><REACH who="2" step="1"/><F12/><REACH who="2" ten="250,250,240,250" step="2"/><W29/><G13/><T117/><D0/><U129/><E66/><V85/><F85/><W44/><G116/><T112/><D117/><U24/><E123/><V30/><AGARI ba="0,1" hai="5,7,27,30,35,48,54,58,90,93,99,128,130,131" machi="30" ten="40,8000,1" yaku="1,1,0,1,19,1,52,1,53,0" doraHai="26" doraHaiUra="8" who="2" fromWho="2" sc="250,-40,250,-20,240,90,250,-20" /><INIT seed="1,0,0,5,0,1" ten="210,230,330,230" oya="1" hai0="77,89,56,6,30,92,82,4,69,107,32,97,46" hai1="93,119,24,91,39,111,87,117,72,9,36,104,71" hai2="105,52,18,135,125,63,96,114,28,84,85,128,130" hai3="23,86,80,20,126,48,115,7,101,59,133,15,12"/><U25/><E72/><V132/><F114/><W98/><G115/><T26/><D69/><U66/><E104/><V13/><F28/><W21/><G126/><T17/><D107/><U102/><E102/><N who="2" m="62663" /><F84/><W131/><G131/><N who="2" m="50217" /><F85/><W29/><G29/><T61/><D46/><U8/><E111/><V81/><F81/><W11/><G133/><T49/><D49/><U74/><E74/><V31/><F31/><W27/><G27/><T54/><REACH who="0" step="1"/><D17/><REACH who="0" ten="200,230,330,230" step="2"/><U41/><E71/><V90/><F125/><W22/><G48/><T83/><D83/><U106/><E106/><V57/><F90/><W110/><G110/><T73/><AGARI ba="0,1" hai="4,6,26,30,32,54,56,61,73,77,82,89,92,97" machi="73" ten="20,8000,1" yaku="1,1,0,1,7,1,52,2,53,0" doraHai="1" doraHaiUra="99" who="0" fromWho="0" sc="200,90,230,-40,330,-20,230,-20" /><INIT seed="2,0,0,3,5,115" ten="290,190,310,210" oya="2" hai0="100,12,36,61,106,70,62,72,66,16,60,33,9" hai1="50,37,91,110,120,17,55,101,41,23,95,81,122" hai2="22,97,96,64,48,73,29,71,18,32,105,88,69" hai3="21,74,111,26,5,117,129,58,14,104,13,11,116"/><V24/><F73/><W121/><G104/><T15/><D36/><U52/><E110/><V63/><F71/><W93/><G74/><T65/><D72/><U56/><E101/><V128/><F128/><W78/><G78/><T75/><D75/><U132/><E81/><V43/><F43/><W8/><G93/><T79/><D79/><U133/><E55/><V25/><F48/><W123/><G58/><T53/><D53/><U113/><E113/><V83/><REACH who="2" step="1"/><F105/><REACH who="2" ten="290,190,300,210" step="2"/><W30/><G129/><T28/><D70/><U82/><E41/><V35/><F35/><W46/><G111/><T49/><D49/><U0/><E37/><V127/><F127/><W108/><G108/><T114/><D33/><U131/><E131/><V94/><F94/><W2/><G46/><T27/><D106/><U44/><E82/><V103/><F103/><W134/><G134/><T87/><D100/><U47/><E132/><V85/><AGARI ba="0,1" hai="18,22,24,25,29,32,63,64,69,83,85,88,96,97" machi="85" ten="30,6000,0" yaku="1,1,0,1,54,1,53,0" doraHai="115" doraHaiUra="126" who="2" fromWho="2" sc="290,-20,190,-20,300,70,210,-20" /><INIT seed="2,1,0,5,4,71" ten="270,170,370,190" oya="2" hai0="101,11,63,87,55,94,126,16,57,123,47,7,59" hai1="89,110,18,43,77,113,121,61,48,103,86,46,38" hai2="115,98,125,41,78,106,4,51,122,85,102,62,129" hai3="66,54,79,72,23,6,28,30,99,118,120,0,83"/><V127/><F122/><W74/><G120/><T111/><D126/><N who="2" m="48138" /><F115/><W107/><G118/><T52/><D111/><U40/><E121/><V69/><F4/><W10/><G74/><T12/><D123/><U67/><E113/><V17/><F17/><W84/><G66/><T90/><D101/><U82/><E110/><V92/><F41/><W76/><G54/><T64/><D47/><U53/><E103/><V134/><F51/><W22/><G99/><T93/><D94/><U20/><E77/><V9/><F9/><W14/><G107/><T50/><D64/><U31/><E31/><V42/><F42/><W8/><G76/><T37/><D37/><U33/><E33/><V133/><F129/><W73/><G23/><T32/><D32/><U119/><E119/><V65/><F78/><W36/><G22/><T60/><D7/><U96/><E96/><N who="2" m="61767" /><F85/><W39/><G72/><T27/><D27/><U2/><E2/><V21/><F21/><W68/><G73/><T128/><D50/><U44/><E43/><V70/><F70/><W26/><G68/><T100/><D100/><AGARI ba="1,0" hai="62,65,69,92,98,100,133,134" m="61767,48138" machi="100" ten="30,1500,0" yaku="18,1" doraHai="71" who="2" fromWho="0" sc="270,-18,170,0,370,18,190,0" /><INIT seed="2,2,0,4,2,1" ten="252,170,388,190" oya="2" hai0="77,86,92,112,80,68,94,62,36,23,18,8,106" hai1="127,27,93,48,4,107,39,88,43,32,10,70,73" hai2="26,54,52,13,133,79,46,9,105,109,121,100,38" hai3="30,119,96,17,81,37,57,40,113,44,41,42,6"/><V64/><F121/><W99/><G119/><T11/><D106/><U16/><E107/><V130/><F64/><W20/><G30/><T83/><D36/><U15/><E73/><V134/><F79/><W50/><G113/><T118/><D112/><U129/><E70/><V72/><F72/><W65/><G81/><T59/><D68/><U125/><E129/><V55/><F130/><W97/><G37/><T74/><D118/><U117/><E117/><V49/><F38/><W0/><G6/><T76/><D11/><U128/><E128/><V115/><F115/><W108/><G0/><T24/><REACH who="0" step="1"/><D8/><REACH who="0" ten="242,170,388,190" step="2"/><U75/><E39/><V89/><F105/><W82/><G108/><T35/><D35/><U21/><E32/><V47/><F109/><W14/><G82/><T116/><D116/><U126/><E75/><V61/><F9/><W98/><N who="3" m="24576" /><DORA hai="103" /><W60/><AGARI ba="2,1" hai="14,17,20,40,41,42,44,50,57,60,65" m="24576" machi="60" ten="40,5200,0" yaku="4,1,0,1,8,1" doraHai="1,103" who="3" fromWho="3" sc="242,-15,170,-15,388,-28,190,68" /><INIT seed="3,0,0,2,0,33" ten="227,155,360,258" oya="3" hai0="60,48,31,11,16,53,35,54,34,9,65,64,79" hai1="109,112,119,131,77,94,42,56,26,25,20,82,1" hai2="100,81,50,99,106,129,126,97,58,28,59,27,66" hai3="29,118,86,68,123,76,92,78,18,15,117,55,130"/><W6/><G123/><T90/><D35/><U74/><E112/><V70/><F126/><W96/><G68/><T38/><D38/><U110/><E1/><V63/><F129/><W5/><G130/><T14/><D79/><N who="3" m="30249" /><G29/><T127/><D127/><U87/><E131/><V113/><F113/><W108/><G108/><T91/><D11/><U128/><E128/><V30/><F30/><W32/><G32/><T103/><D103/><U135/><E135/><V61/><F81/><W0/><G0/><T104/><D104/><U75/><E119/><V23/><F50/><W80/><G55/><T62/><D31/><U98/><E42/><V24/><F24/><W111/><G111/><T39/><D39/><U107/><E56/><V37/><F37/><W19/><G19/><T69/><D34/><U133/><E133/><V45/><F45/><W102/><G118/><T116/><D54/><U57/><E57/><V51/><F51/><W3/><G3/><T121/><D121/><U95/><E26/><V72/><F72/><N who="1" m="27689" /><E25/><V115/><F115/><W4/><G117/><T122/><D122/><U67/><E67/><V10/><F66/><W71/><G71/><T21/><D116/><U43/><E43/><V125/><F70/><W8/><G5/><T120/><D21/><U52/><E52/><V12/><F125/><W88/><AGARI ba="0,0" hai="4,6,8,15,18,80,86,88,92,96,102" m="30249" machi="88" ten="30,3000,0" yaku="8,1,54,1" doraHai="33" who="3" fromWho="3" sc="227,-10,155,-10,360,-10,258,30" /><INIT seed="3,1,0,1,1,10" ten="217,145,350,288" oya="3" hai0="9,123,4,98,55,128,90,30,84,58,99,132,39" hai1="44,50,78,46,75,49,95,2,80,127,53,69,105" hai2="79,40,115,118,106,131,57,51,5,66,64,59,1" hai3="85,7,125,68,134,77,91,86,35,52,21,121,6"/><W102/><G35/><T65/><D39/><U54/><E105/><V113/><F118/><W32/><G32/><T109/><D123/><U14/><E127/><V31/><F106/><W22/><G68/><T15/><D109/><U120/><E120/><V83/><F131/><W96/><G134/><T8/><D128/><U12/><E2/><V56/><F31/><W130/><G125/><T43/><D43/><U17/><E69/><V37/><F51/><W67/><G67/><T63/><D30/><U112/><E112/><V124/><F124/><W116/><G116/><T0/><D65/><U114/><E114/><V88/><F64/><W48/><G77/><T111/><D111/><U25/><E95/><V38/><F66/><W24/><G86/><T36/><D36/><U119/><E119/><V18/><F38/><W27/><G96/><T28/><D28/><U45/><E46/><N who="2" m="23823" /><F88/><W135/><G102/><T23/><D23/><AGARI ba="1,0" hai="12,14,17,23,25,44,45,49,50,53,54,75,78,80" machi="23" ten="40,5200,0" yaku="9,1,52,2" doraHai="10" who="1" fromWho="0" sc="217,-55,145,55,350,0,288,0" /><INIT seed="4,0,0,0,4,33" ten="162,200,350,288" oya="0" hai0="121,90,46,114,133,131,99,57,96,16,21,113,49" hai1="115,8,117,41,20,77,123,53,22,56,104,127,51" hai2="30,28,2,86,83,92,9,37,100,35,69,94,31" hai3="38,43,34,120,0,116,18,44,24,76,71,103,132"/><T58/><D121/><U25/><E123/><V68/><F37/><W73/><G18/><T130/><D133/><U63/><E117/><V66/><F35/><W32/><G116/><T109/><D109/><U42/><E104/><V112/><F112/><N who="0" m="43114" /><D58/><U65/><E127/><V78/><F66/><W55/><G55/><N who="0" m="31983" /><D46/><U48/><E115/><V40/><F40/><W97/><G71/><T98/><D90/><U107/><E107/><V50/><F50/><W111/><G111/><T129/><D98/><U105/><E105/><V88/><F100/><W110/><G97/><T101/><D101/><U72/><E48/><V122/><F94/><W135/><G103/><T27/><AGARI ba="0,0" hai="16,21,27,96,99,129,130,131" m="31983,43114" machi="27" ten="40,7800,0" yaku="19,1,15,1,54,1" doraHai="33" who="0" fromWho="0" sc="162,78,200,-26,350,-26,288,-26" /><INIT seed="4,1,0,0,1,24" ten="240,174,324,262" oya="0" hai0="133,13,8,21,63,100,83,26,9,135,78,99,104" hai1="49,84,37,76,29,97,69,110,34,126,52,94,118" hai2="119,42,108,27,57,134,0,106,128,88,102,113,81" hai3="111,122,61,6,28,41,67,80,72,103,89,91,93"/><T48/><D63/><U51/><E110/><V115/><F42/><W54/><G111/><T35/><D35/><U125/><E118/><V46/><F46/><W82/><G41/><T132/><D48/><U98/><E37/><V101/><F0/><W65/><G6/><T31/><REACH who="0" step="1"/><D13/><REACH who="0" ten="230,174,324,262" step="2"/><U92/><E49/><V87/><F108/><W40/><G61/><T44/><D44/><U38/><E38/><V56/><F119/><W64/><G122/><T20/><D20/><U59/><E69/><V123/><F123/><W11/><G67/><T79/><D79/><U5/><E76/><V127/><F115/><W39/><G65/><T62/><D62/><U120/><E120/><V2/><F113/><W12/><G64/><T124/><D124/><U70/><E70/><V17/><F127/><W53/><G12/><T22/><D22/><U75/><E125/><V50/><F50/><W45/><G45/><T7/><D7/><U33/><E5/><V107/><F57/><W23/><G23/><T36/><D36/><U30/><E33/><V121/><F56/><W18/><G39/><T131/><D131/><U55/><E34/><V19/><F121/><W86/><G53/><T58/><D58/><U117/><E126/><V1/><F128/><W85/><G54/><T105/><D105/><U60/><E117/><V130/><F130/><W90/><G40/><T4/><D4/><U129/><E129/><V74/><F107/><W114/><G114/><T14/><D14/><U16/><E55/><V71/><F71/><W77/><G77/><T116/><D116/><U3/><E52/><RYUUKYOKU ba="1,1" sc="230,30,174,-10,324,-10,262,-10" hai0="8,9,21,26,31,78,83,99,100,104,132,133,135" /><INIT seed="4,2,1,3,1,83" ten="260,164,314,252" oya="0" hai0="88,7,25,79,48,123,67,72,45,32,91,128,74" hai1="116,34,14,58,65,17,36,81,6,66,99,33,56" hai2="100,82,49,130,118,115,46,75,64,108,103,87,43" hai3="41,13,93,22,11,12,114,55,95,92,126,61,21"/><T15/><D123/><U86/><E116/><V127/><F108/><W52/><G126/><T2/><D2/><U42/><E6/><V131/><F75/><W68/><G114/><T8/><D128/><N who="2" m="49194" /><F115/><W28/><G41/><T122/><D122/><U27/><E99/><V19/><F127/><W135/><G135/><T71/><D79/><U63/><E27/><V5/><F5/><W104/><G104/><T102/><D102/><U38/><E42/><V94/><F94/><W57/><G68/><T124/><D124/><U44/><E44/><V3/><F3/><W60/><G28/><T16/><D67/><U51/><E36/><V129/><F118/><W37/><G37/><T50/><D50/><U106/><E106/><V101/><F64/><W117/><G117/><T98/><D71/><U1/><E1/><V29/><F29/><W4/><G13/><T10/><D98/><U84/><E38/><V97/><F19/><W0/><G0/><T125/><D72/><U73/><E33/><V24/><F24/><W119/><G119/><T111/><D74/><U80/><E34/><V90/><F129/><W35/><G35/><T53/><D111/><U96/><E96/><V47/><F97/><W134/><G134/><T89/><D125/><U30/><E30/><V70/><F70/><W133/><G133/><T132/><D132/><U113/><E113/><V59/><F59/><AGARI ba="2,1" hai="4,11,12,21,22,52,55,57,59,60,61,92,93,95" machi="59" ten="40,5200,0" yaku="9,1,8,1,54,1" doraHai="83" who="3" fromWho="2" sc="260,0,164,0,314,-58,252,68" /><INIT seed="5,0,0,0,0,46" ten="260,164,256,320" oya="1" hai0="20,18,43,102,15,81,123,51,76,80,91,29,82" hai1="86,103,45,112,25,125,23,7,37,57,122,85,66" hai2="70,115,113,58,31,61,48,75,107,1,42,63,4" hai3="13,121,36,40,127,24,2,72,39,109,79,134,6"/><U33/><E122/><V120/><F75/><W118/><G13/><T30/><D102/><U32/><E112/><N who="2" m="43083" /><F107/><W83/><G24/><T124/><D124/><U47/><E125/><V53/><F31/><N who="0" m="11786" /><D123/><U94/><E7/><V105/><F105/><W22/><G22/><T59/><D76/><U119/><E119/><V117/><F120/><W129/><G83/><T87/><D59/><U16/><E37/><V132/><F4/><W5/><G40/><T21/><D21/><U92/><E32/><V65/><F1/><W50/><G79/><T49/><D43/><U96/><E33/><V14/><F14/><W64/><G6/><T54/><D54/><U90/><REACH who="1" step="1"/><E86/><REACH who="1" ten="260,154,256,320" step="2"/><V26/><F117/><W56/><G5/><T60/><D60/><AGARI ba="0,1" hai="16,23,25,45,47,57,60,66,85,90,92,94,96,103" machi="60" ten="40,12000,1" yaku="1,1,2,1,8,1,54,1,53,1" doraHai="46" doraHaiUra="98" who="1" fromWho="0" sc="260,-120,154,130,256,0,320,0" /><INIT seed="5,1,0,3,3,41" ten="140,284,256,320" oya="1" hai0="123,107,88,51,53,48,9,86,95,74,96,76,103" hai1="4,16,49,26,112,111,44,22,122,94,90,97,87" hai2="92,91,99,116,43,118,29,20,101,2,89,45,35" hai3="73,125,126,66,82,23,63,67,70,14,100,120,0"/><U93/><E122/><V128/><F35/><W25/><G0/><T117/><D117/><U119/><E119/><V84/><F2/><W64/><G14/><T13/><D123/><U36/><E36/><V124/><F124/><N who="3" m="47723" /><G100/><T127/><D127/><U8/><E112/><V15/><F91/><W42/><G42/><T58/><D51/><U7/><E8/><V135/><F135/><W81/><G120/><T37/><D37/><U3/><E3/><V133/><F128/><W46/><G46/><T65/><D65/><N who="3" m="25193" /><G73/><T71/><D71/><U72/><E72/><V31/><F133/><W1/><G1/><T47/><D58/><U85/><E111/><V134/><F134/><W50/><G50/><T77/><REACH who="0" step="1"/><D74/><REACH who="0" ten="130,284,256,320" step="2"/><U27/><E49/><V68/><F68/><W21/><G67/><T78/><D78/><U61/><E61/><V109/><F118/><W5/><G63/><T32/><D32/><U106/><E106/><V98/><F116/><W75/><G75/><T18/><AGARI ba="1,1" hai="9,13,18,47,48,53,76,77,86,88,95,96,103,107" machi="18" ten="20,12000,2" yaku="1,1,0,1,7,1,52,1,54,1,53,1" doraHai="41" doraHaiUra="12" who="0" fromWho="0" sc="130,133,284,-61,256,-31,320,-31" /><INIT seed="6,0,0,5,0,58" ten="263,223,225,289" oya="2" hai0="23,88,24,57,108,49,26,29,32,7,5,105,92" hai1="16,0,20,53,48,69,84,80,117,90,131,125,94" hai2="120,51,59,28,111,103,9,133,14,119,35,17,44" hai3="132,41,65,83,74,86,55,50,76,36,10,19,123"/><V93/><F119/><W95/><G123/><T62/><D105/><U40/><E117/><V118/><F118/><W78/><G65/><T21/><D49/><U126/><E131/><V52/><F120/><W3/><G132/><T96/><D32/><U30/><E69/><V43/><F133/><W64/><G64/><N who="0" m="38991" /><D108/><U127/><E0/><V98/><F111/><W75/><G41/><T72/><D72/><U38/><E30/><AGARI ba="0,0" hai="5,7,21,23,24,26,29,30,88,92,96" m="38991" machi="30" ten="30,3900,0" yaku="8,1,52,1,54,1" doraHai="58" who="0" fromWho="1" sc="263,39,223,-39,225,0,289,0" /><INIT seed="7,0,0,4,3,33" ten="302,184,225,289" oya="3" hai0="116,124,64,128,94,2,107,74,6,106,21,61,48" hai1="31,89,40,87,20,85,14,122,102,92,16,99,115" hai2="28,111,100,46,73,78,22,56,63,91,118,71,17" hai3="8,25,49,97,57,43,134,117,37,62,19,135,11"/><W127/><G37/><T133/><D94/><U77/><E122/><V88/><F111/><W105/><G117/><T131/><D116/><U24/><E115/><V4/><F71/><W108/><G127/><T1/><D74/><U15/><E40/><V125/><F118/><W36/><G36/><T39/><D39/><U60/><E77/><V35/><F100/><N who="3" m="62607" /><G108/><T65/><D65/><U41/><E41/><V121/><F121/><W9/><G49/><T52/><D21/><U38/><E38/><V18/><F35/><W42/><G19/><T53/><D53/><U13/><E60/><V96/><F4/><W30/><G57/><N who="0" m="32903" /><D124/><U70/><E70/><V67/><F125/><W44/><G44/><T129/><D133/><N who="3" m="50697" /><G62/><T119/><D119/><U55/><E55/><V75/><F46/><W123/><G123/><T130/><D130/><U86/><REACH who="1" step="1"/><E102/><REACH who="1" ten="302,174,225,289" step="2"/><V104/><F104/><N who="0" m="39978" /><D6/><U23/><AGARI ba="0,1" hai="13,14,15,16,20,23,24,31,85,86,87,89,92,99" machi="23" ten="30,7900,0" yaku="1,1,0,1,8,1,54,1,53,0" doraHai="33" doraHaiUra="120" who="1" fromWho="1" sc="302,-20,174,89,225,-20,289,-39" /><INIT seed="8,0,0,1,4,91" ten="282,263,205,250" oya="0" hai0="131,65,94,43,77,40,135,99,128,46,75,28,29" hai1="64,35,48,45,102,52,66,93,37,121,41,118,63" hai2="116,105,2,81,104,101,23,110,107,16,83,15,85" hai3="33,82,84,87,74,57,32,89,5,111,98,54,127"/><T36/><D135/><U4/><E35/><V132/><F110/><W50/><G74/><T44/><D65/><U26/><E121/><V14/><F2/><W53/><G111/><T9/><D9/><U100/><E118/><V88/><F132/><W49/><G127/><T8/><D8/><U59/><E66/><V72/><F116/><W30/><G30/><T13/><D13/><U115/><E115/><V17/><F101/><W71/><G71/><T122/><D122/><U134/><E134/><V67/><F67/><W129/><G129/><N who="0" m="49739" /><D77/><U51/><E4/><V10/><REACH who="2" step="1"/><F72/><REACH who="2" ten="282,263,195,250" step="2"/><W55/><G33/><T79/><D75/><U62/><E102/><V20/><F20/><W103/><G32/><T38/><D79/><U6/><E64/><V120/><F120/><W114/><G114/><T78/><D78/><U47/><E100/><AGARI ba="0,1" hai="28,29,36,38,40,43,44,46,94,99,100" m="49739" machi="100" ten="30,2900,0" yaku="19,1,52,1" doraHai="91" who="0" fromWho="1" sc="282,39,263,-29,195,0,250,0" owari="321,42.0,234,-17.0,195,-30.0,250,5.0" /></mjloggm>