<mjloggm ver="2.3"><GO type="169" lobby="0"/><UN n0="%E5%B0%B1%E6%B4%BB%E7%94%9F%40%E5%B7%9D%E6%9D%91%E8%BB%8D%E5%9B%A3" n1="%74%75%75%6B%61%69%33" n2="%E6%99%82%E3%81%AE%E6%BC%82%E6%B3%8A" n3="%6B%75%72%61%67%75%6D%61" dan="17,16,16,16" rate="2158.27,2125.78,2118.73,2120.83" sx="M,M,F,M"/><TAIKYOKU oya="0"/><INIT seed="0,0,0,2,5,73" ten="250,250,250,250" oya="0" hai0="68,72,9,103,25,20,16,129,95,57,36,75,54" hai1="47,22,38,64,1,52,115,79,3,42,113,8,5" hai2="34,118,44,13,77,117,45,81,37,92,32,84,21" hai3="111,99,125,61,17,33,35,134,53,27,116,26,62"/><T69/><D36/><U82/><E64/><V4/><F92/><W133/><G116/><N who="2" m="44649" /><F37/><W112/><G112/><T93/><D129/><U94/><E94/><V124/><F124/><W123/><G123/><T24/><D9/><U101/><E1/><V104/><F104/><W88/><G125/><T121/><D121/><U6/><E101/><V122/><F122/><W87/><G99/><T14/><D69/><U126/><E22/><V97/><F97/><W120/><G120/><T40/><D40/><U51/><E6/><V60/><F60/><W46/><G111/><T86/><D68/><U50/><E126/><V102/><F102/><W100/><G100/><T106/><D106/><U105/><E105/><V0/><F0/><W119/><G119/><T65/><D65/><U31/><E31/><V29/><F29/><W28/><G28/><T12/><D12/><U80/><E80/><V19/><F4/><W131/><G131/><T108/><D108/><U74/><E51/><V67/><F67/><W10/><G27/><N who="0" m="10315" /><D93/><U85/><E85/><V114/><F114/><W76/><G26/><T43/><D43/><U15/><E15/><V127/><F127/><W58/><G35/><AGARI ba="0,0" hai="13,19,21,32,34,35,44,45,77,81,84" m="44649" machi="35" ten="30,2000,0" yaku="12,1,52,1" doraHai="73" who="2" fromWho="3" sc="250,0,250,0,250,20,250,-20" /><INIT seed="1,0,0,3,3,0" ten="250,250,270,230" oya="1" hai0="108,91,87,7,98,32,109,30,92,27,20,52,45" hai1="29,68,121,43,75,132,93,47,8,49,133,127,72" hai2="34,4,46,124,24,103,55,100,37,113,41,63,134" hai3="81,28,6,97,76,131,62,13,82,135,65,25,60"/><U31/><E121/><V77/><F134/><N who="1" m="51817" /><E68/><V126/><F77/><W66/><G135/><T73/><D73/><N who="1" m="28235" /><E127/><N who="2" m="48683" /><F113/><W14/><G131/><T26/><D87/><U115/><E115/><V99/><F99/><W116/><G116/><T44/><D7/><U67/><E67/><V120/><F120/><W2/><G2/><T5/><D5/><U64/><E64/><V107/><F107/><W128/><G97/><T51/><REACH who="0" step="1"/><D44/><REACH who="0" ten="240,250,270,230" step="2"/><U80/><E80/><V79/><F4/><W119/><G6/><T18/><AGARI ba="0,1" hai="18,20,26,27,30,32,45,51,52,91,92,98,108,109" machi="18" ten="30,7900,0" yaku="1,1,2,1,0,1,54,1,53,0" doraHai="0" doraHaiUra="35" who="0" fromWho="0" sc="240,89,250,-39,270,-20,230,-20" /><INIT seed="2,0,0,4,5,48" ten="329,211,250,210" oya="2" hai0="69,100,130,131,31,33,106,128,16,27,114,66,121" hai1="123,64,11,105,30,104,14,72,62,99,65,97,15" hai2="56,80,24,90,74,35,117,32,86,129,122,108,39" hai3="40,50,60,94,109,115,46,84,25,45,126,134,111"/><V19/><F117/><W63/><G134/><T61/><D121/><U43/><E72/><V1/><F122/><W5/><G126/><T76/><D76/><U21/><E43/><V20/><F39/><W18/><G5/><T87/><D87/><U91/><E123/><V53/><F1/><W10/><G115/><T96/><REACH who="0" step="1"/><D16/><REACH who="0" ten="319,211,250,210" step="2"/><N who="1" m="10399" /><E104/><V89/><F74/><W78/><G78/><T83/><D83/><U41/><E105/><V3/><F129/><W124/><G84/><T102/><D102/><U6/><E41/><V125/><F125/><W55/><G124/><T9/><D9/><U67/><E30/><V112/><F112/><AGARI ba="0,1" hai="27,31,33,61,66,69,96,100,106,112,114,128,130,131" machi="112" ten="40,12000,2" yaku="1,1,25,2,19,1,23,2,53,1" doraHai="48" doraHaiUra="93" who="0" fromWho="2" sc="319,130,211,0,250,-120,210,0" /><INIT seed="3,0,0,5,2,110" ten="449,211,130,210" oya="3" hai0="66,67,112,39,78,115,106,14,32,6,31,20,101" hai1="96,92,70,85,131,111,15,43,41,129,77,125,26" hai2="69,34,113,100,103,123,133,93,114,97,134,58,73" hai3="29,42,1,54,121,30,76,126,10,127,37,13,84"/><W53/><G121/><T45/><D32/><U50/><E70/><V128/><F69/><W25/><G1/><T118/><D118/><U61/><E61/><V62/><F34/><W23/><G30/><T89/><D78/><U57/><E111/><V135/><F73/><W105/><G105/><T124/><D124/><N who="3" m="47657" /><G42/><T21/><D89/><U109/><E109/><V55/><F123/><W3/><G3/><T8/><D101/><U80/><E125/><V51/><F128/><N who="1" m="49225" /><E26/><V90/><F62/><W104/><G104/><T82/><D82/><U79/><E15/><V7/><F7/><N who="3" m="3295" /><G37/><T72/><D72/><U35/><E35/><V49/><F51/><W17/><G29/><T36/><D106/><U5/><E5/><V46/><F46/><W71/><G71/><T28/><D28/><U119/><E119/><V56/><F56/><W11/><G11/><T33/><D33/><U22/><E22/><N who="0" m="8809" /><D31/><U99/><E79/><V107/><REACH who="2" step="1"/><F103/><REACH who="2" ten="449,211,120,210" step="2"/><W120/><G120/><T88/><D45/><U24/><E43/><V102/><F102/><W38/><G38/><T64/><D39/><U98/><E41/><V44/><F44/><W87/><G76/><T74/><D36/><U60/><E77/><V91/><F91/><W47/><G47/><T16/><D88/><U19/><E60/><V132/><N who="2" m="34304" /><DORA hai="59" /><V4/><F4/><W27/><G27/><T75/><D6/><U0/><E24/><V63/><F63/><W12/><G25/><T81/><D75/><U52/><E50/><V95/><F95/><W83/><G83/><T2/><D2/><U117/><E0/><RYUUKYOKU ba="0,1" sc="449,10,211,-30,120,10,210,10" hai0="8,14,16,64,66,67,74,81,112,115" hai2="49,55,58,90,93,97,100,107,113,114" hai3="12,17,23,53,54,84,87" /><INIT seed="3,1,1,3,2,4" ten="459,181,130,220" oya="3" hai0="26,86,117,6,114,77,25,91,120,24,0,133,36" hai1="52,90,28,3,14,27,105,73,104,54,50,81,113" hai2="123,20,70,68,135,71,119,64,2,12,51,62,7" hai3="57,103,55,15,118,92,8,88,48,87,46,134,31"/><W95/><G118/><T40/><D117/><U67/><E113/><V10/><F119/><W34/><G134/><T101/><D120/><U110/><E3/><V58/><F135/><W13/><G34/><T45/><D133/><U37/><E37/><V59/><F123/><W9/><G31/><T76/><D101/><U19/><E110/><V130/><F130/><W84/><G103/><T74/><D114/><U65/><E104/><V89/><F89/><N who="3" m="53287" /><G46/><T23/><D23/><U30/><E105/><V11/><F20/><W33/><G33/><T72/><D72/><U99/><E54/><V29/><F29/><N who="1" m="11369" /><E73/><V69/><REACH who="2" step="1"/><F51/><REACH who="2" ten="459,181,120,220" step="2"/><W131/><G131/><T82/><D74/><U63/><E63/><V60/><F60/><W53/><G53/><T18/><D91/><U127/><E52/><V17/><AGARI ba="1,2" hai="2,7,10,11,12,17,58,59,62,64,68,69,70,71" machi="17" ten="30,7900,0" yaku="1,1,0,1,52,2,53,0" doraHai="4" doraHaiUra="109" who="2" fromWho="2" sc="459,-21,181,-21,120,102,220,-40" /><INIT seed="4,0,0,1,2,15" ten="438,160,222,180" oya="0" hai0="110,87,3,67,40,85,49,46,21,95,14,74,11" hai1="23,71,52,25,94,24,76,26,131,27,129,68,50" hai2="93,84,133,59,13,51,72,18,135,103,4,63,55" hai3="79,127,130,35,100,97,77,126,57,78,88,118,125"/><T124/><D74/><U106/><E106/><V61/><F72/><W116/><G35/><T28/><D110/><U12/><E76/><V82/><F4/><W22/><G130/><N who="1" m="49674" /><E12/><V6/><F6/><W98/><G57/><T34/><D124/><U122/><E94/><V104/><F104/><N who="3" m="63503" /><G22/><T128/><D128/><U109/><E122/><V121/><F121/><W36/><G36/><T42/><D34/><U66/><E66/><V69/><F69/><W41/><G41/><T91/><D3/><U16/><E109/><V123/><F123/><W120/><G120/><T134/><D134/><N who="2" m="51210" /><F103/><W56/><G56/><AGARI ba="0,0" hai="16,23,24,25,26,27,50,52,56,68,71" m="49674" machi="56" ten="30,7700,0" yaku="19,1,52,1,54,2" doraHai="15" who="1" fromWho="3" sc="438,0,160,77,222,0,180,-77" /><INIT seed="5,0,0,1,2,23" ten="438,237,222,103" oya="1" hai0="6,97,29,19,9,103,0,99,60,91,120,67,112" hai1="110,24,13,88,78,69,108,92,126,86,43,31,44" hai2="127,98,125,104,93,96,54,135,48,81,17,46,2" hai3="70,79,22,89,39,59,47,40,114,123,26,115,131"/><U45/><E69/><V41/><F2/><W7/><G123/><T90/><D120/><U129/><E13/><V14/><F135/><W36/><G131/><T5/><D112/><U113/><E113/><V34/><F81/><W85/><G70/><T27/><D19/><U15/><E15/><V132/><F132/><W133/><G133/><T56/><D6/><U35/><E126/><N who="2" m="48139" /><F34/><W77/><G36/><T116/><D116/><U49/><E129/><V64/><F64/><W76/><G7/><T95/><D99/><U37/><REACH who="1" step="1"/><E78/><REACH who="1" ten="438,227,222,103" step="2"/><V1/><F1/><W51/><G115/><T18/><D18/><U107/><E107/><V121/><F121/><W52/><G114/><T83/><REACH who="0" step="1"/><D83/><REACH who="0" ten="428,227,222,103" step="2"/><U128/><E128/><V57/><F104/><W118/><G118/><T117/><D117/><U82/><E82/><V32/><F93/><N who="3" m="54447" /><G39/><T68/><D68/><U111/><E111/><V38/><F38/><W42/><G59/><T3/><D3/><U130/><E130/><V102/><F57/><W80/><G80/><T11/><D11/><U105/><E105/><V21/><F14/><W84/><G84/><T134/><D134/><U122/><E122/><V58/><F58/><W101/><G101/><T16/><D16/><AGARI ba="0,2" hai="16,22,26,40,42,47,51,52,76,77,79" m="54447" machi="16" ten="30,7700,0" yaku="8,1,52,1,54,2" doraHai="23" who="3" fromWho="0" sc="428,-77,227,0,222,0,103,97" /><INIT seed="6,0,0,0,0,62" ten="351,227,222,200" oya="2" hai0="57,53,65,99,80,2,61,113,17,63,114,96,117" hai1="89,81,135,83,12,39,20,94,29,4,87,97,59" hai2="122,26,115,73,105,130,24,124,32,60,49,55,104" hai3="71,22,95,7,54,78,79,77,16,68,75,56,46"/><V128/><F73/><W111/><G111/><T44/><D2/><U30/><E39/><V103/><F122/><W6/><G75/><T76/><D17/><N who="1" m="10279" /><E135/><V47/><F115/><N who="0" m="44042" /><D117/><U15/><E59/><V126/><F60/><W42/><G71/><N who="0" m="42415" /><D44/><U72/><E72/><AGARI ba="0,0" hai="53,57,63,72,76,80,96,99" m="42415,44042" machi="72" ten="30,2000,0" yaku="15,1,52,1" doraHai="62" who="0" fromWho="1" sc="351,20,227,-20,222,0,200,0" /><INIT seed="7,0,0,2,4,65" ten="371,207,222,200" oya="3" hai0="78,81,98,27,11,86,37,7,20,30,39,115,59" hai1="10,42,125,135,41,47,31,109,123,130,72,133,74" hai2="19,15,69,127,22,67,6,3,129,33,36,76,79" hai3="131,62,88,58,0,87,122,40,85,112,77,60,91"/><W13/><G122/><T121/><D121/><U75/><E109/><V120/><F120/><W4/><G0/><T53/><D98/><U108/><E108/><V51/><F36/><W48/><G112/><T56/><D56/><U5/><E123/><V100/><F33/><W126/><G126/><T54/><D54/><U55/><E31/><V44/><F127/><W34/><G34/><T32/><D115/><U105/><E105/><V132/><F100/><W84/><G131/><T16/><D30/><U63/><E125/><V113/><F113/><W101/><G101/><T99/><D99/><U124/><E124/><V128/><F6/><W29/><G29/><T110/><D32/><U82/><E82/><V107/><F3/><W43/><G77/><T45/><D45/><U64/><E55/><N who="2" m="30183" /><F107/><W92/><G48/><T104/><D104/><U1/><E130/><N who="2" m="50283" /><F132/><N who="1" m="50761" /><E47/><V23/><F23/><W2/><G2/><T83/><D86/><U17/><E17/><V50/><F50/><W70/><G70/><AGARI ba="0,0" hai="1,5,10,41,42,63,64,70,72,74,75" m="50761" machi="70" ten="40,2600,0" yaku="20,1,52,1" doraHai="65" who="1" fromWho="3" sc="371,0,207,26,222,0,200,-26" owari="371,48.0,233,3.0,222,-18.0,174,-33.0" /></mjloggm>