<mjloggm ver="2.3"><GO type="169" lobby="0"/><UN n0="%E3%81%9F%E3%82%93%E3%82%86%E3%81%86" n1="%E3%83%95%E3%83%B3%E3%83%8C" n2="%E3%82%A6%E3%83%AB%E3%83%88%E3%83%A9%E7%AB%8B%E7%9B%B4" n3="%E3%81%9C%E3%82%8D%E3%82%81%E3%81%90" dan="16,16,17,16" rate="2085.40,2071.73,2203.23,2031.46" sx="F,M,M,F"/><TAIKYOKU oya="0"/><INIT seed="0,0,0,0,3,61" ten="250,250,250,250" oya="0" hai0="54,58,89,69,107,24,60,122,47,78,125,127,81" hai1="4,46,133,19,85,62,45,15,44,80,49,14,65" hai2="21,134,131,102,74,38,73,36,50,71,109,17,129" hai3="22,86,76,115,120,88,40,84,55,16,104,106,128"/><T35/><D107/><U87/><E133/><V57/><F71/><W0/><G115/><T135/><D122/><U105/><E105/><V1/><F102/><W67/><G120/><T123/><D123/><U79/><E4/><V95/><F95/><W68/><G0/><T100/><D100/><U72/><E15/><V116/><F134/><W110/><G110/><T30/><D135/><U113/><E113/><V90/><F90/><W108/><G108/><T20/><D89/><U3/><E3/><V70/><F70/><W13/><G128/><N who="2" m="49225" /><F1/><W75/><G75/><N who="2" m="28681" /><F116/><W130/><G130/><T18/><D47/><U28/><E28/><V42/><F109/><W7/><G106/><T94/><D94/><U64/><E62/><V98/><F98/><W77/><G104/><T111/><D69/><U41/><E85/><V101/><F101/><W91/><G86/><T52/><D111/><U93/><E93/><V112/><F112/><W96/><G91/><T53/><D81/><U121/><E72/><V103/><F103/><W29/><G96/><T83/><D83/><U119/><E119/><V59/><F59/><W33/><G68/><T12/><REACH who="0" step="1"/><D78/><REACH who="0" ten="240,250,250,250" step="2"/><U37/><E121/><V32/><F57/><W114/><G88/><T39/><D39/><U6/><E37/><V118/><F118/><W9/><G114/><T23/><D23/><N who="1" m="11767" /><E45/><N who="2" m="25911" /><F32/><W51/><G33/><T43/><D43/><U5/><E46/><V56/><F56/><W34/><G34/><T124/><AGARI ba="0,1" hai="12,18,20,24,30,35,52,53,54,58,60,124,125,127" machi="124" ten="30,11700,0" yaku="1,1,0,1,18,1,54,1,53,0" doraHai="61" doraHaiUra="63" who="0" fromWho="0" sc="240,127,250,-39,250,-39,250,-39" /><INIT seed="0,1,0,4,1,124" ten="367,211,211,211" oya="0" hai0="21,34,46,17,31,69,65,19,6,103,96,77,50" hai1="5,39,118,85,116,76,51,129,134,132,113,111,126" hai2="95,53,104,97,7,55,44,101,40,1,37,121,12" hai3="38,67,68,33,47,3,66,63,13,30,72,122,26"/><T29/><D6/><U120/><E5/><V81/><F121/><W28/><G3/><T22/><D77/><U106/><E51/><V60/><F60/><W10/><G122/><T70/><D34/><U107/><E85/><V9/><F12/><W62/><G72/><T127/><D127/><U41/><E41/><V117/><F117/><W32/><G47/><T93/><D65/><U57/><E57/><V15/><F15/><W105/><G105/><T100/><D50/><U98/><E98/><V61/><F61/><W80/><G38/><T0/><D96/><U135/><E76/><V18/><F18/><W43/><G43/><T73/><D93/><U27/><E27/><V8/><F8/><W133/><G80/><T88/><D46/><U54/><E54/><V89/><F81/><W58/><G133/><T119/><D0/><U35/><E106/><V91/><F91/><W56/><G68/><T4/><D4/><U75/><E116/><V16/><F16/><W83/><G83/><T109/><D119/><U99/><E99/><AGARI ba="1,0" hai="1,7,9,37,40,44,53,55,89,95,97,99,101,104" machi="99" ten="30,1000,0" yaku="7,1" doraHai="124" who="2" fromWho="1" sc="367,0,211,-13,211,13,211,0" /><INIT seed="1,0,0,5,1,73" ten="367,198,224,211" oya="1" hai0="116,118,25,9,101,11,51,59,124,20,30,104,89" hai1="27,129,92,16,19,64,63,7,98,15,82,91,80" hai2="55,57,84,10,4,85,97,93,14,133,46,2,40" hai3="106,24,76,60,125,128,115,32,135,34,72,45,56"/><U75/><E129/><V99/><F133/><W21/><G115/><T5/><D124/><U86/><E75/><V50/><F2/><W78/><G106/><T18/><D104/><U43/><E43/><V81/><F93/><W37/><G125/><T87/><D101/><U127/><E127/><V31/><F31/><W109/><G135/><T100/><D100/><U95/><E7/><V102/><F102/><W13/><G128/><T6/><D30/><U71/><E27/><V74/><F85/><W65/><G109/><T70/><D70/><U17/><E95/><V38/><REACH who="2" step="1"/><F74/><REACH who="2" ten="367,198,214,211" step="2"/><W107/><G72/><T49/><D87/><U26/><E82/><V110/><F110/><W42/><G107/><T39/><D116/><U126/><E126/><V94/><F94/><W33/><REACH who="3" step="1"/><G13/><REACH who="3" ten="367,198,214,201" step="2"/><T120/><D118/><U132/><E132/><V108/><F108/><W41/><G41/><T66/><D120/><U130/><E130/><V121/><F121/><W105/><G105/><T131/><D131/><U111/><E111/><V29/><F29/><AGARI ba="0,2" hai="21,24,29,32,33,34,37,42,45,56,60,65,76,78" machi="29" ten="40,8000,1" yaku="1,1,52,2,53,1" doraHai="73" doraHaiUra="36" who="3" fromWho="2" sc="367,0,198,0,214,-80,201,100" /><INIT seed="2,0,0,2,0,112" ten="367,198,134,301" oya="2" hai0="31,39,105,121,77,74,8,46,59,129,104,18,80" hai1="89,23,128,62,98,27,99,100,101,45,107,75,50" hai2="103,11,78,124,115,91,72,111,54,25,81,135,114" hai3="69,24,19,116,42,126,30,84,3,2,79,109,117"/><V60/><F11/><W130/><G69/><T36/><D121/><U1/><E1/><V0/><F0/><N who="3" m="43" /><G42/><T67/><D31/><U32/><E32/><V64/><F54/><W86/><G86/><T95/><D39/><U52/><E75/><V29/><F135/><W96/><G84/><T71/><D71/><U131/><E89/><V4/><F4/><W66/><G96/><T51/><D95/><U68/><E68/><N who="2" m="41991" /><F91/><W119/><G79/><T57/><D36/><U14/><E14/><V90/><F90/><W35/><G66/><T26/><D8/><U76/><E76/><V22/><F103/><W55/><G55/><T63/><D59/><U34/><E34/><N who="2" m="20783" /><F124/><W61/><G61/><T15/><D15/><U16/><REACH who="1" step="1"/><E62/><REACH who="1" ten="367,188,134,301" step="2"/><V73/><F22/><W127/><G127/><T28/><D63/><U108/><E108/><V83/><F111/><W70/><G126/><T10/><D77/><AGARI ba="0,1" hai="72,73,77,78,81,83,114,115" m="20783,41991" machi="77" ten="30,1500,0" yaku="23,1" doraHai="112" who="2" fromWho="0" sc="367,-15,188,0,134,25,301,0" /><INIT seed="2,1,0,0,4,102" ten="352,188,159,301" oya="2" hai0="78,2,57,22,55,96,56,126,18,21,10,49,116" hai1="69,135,50,31,122,46,7,106,76,119,45,82,127" hai2="0,13,92,40,72,100,53,99,14,39,66,130,43" hai3="19,52,3,1,112,93,8,117,41,74,128,58,27"/><V77/><F0/><W105/><G117/><T88/><D116/><U113/><E119/><V107/><F66/><W33/><G74/><T32/><D32/><U71/><E113/><V61/><F130/><W59/><G112/><T121/><D121/><U4/><E31/><V90/><F61/><W86/><G105/><T94/><D78/><U67/><E122/><V24/><F53/><W108/><G128/><T36/><D36/><U124/><E106/><V70/><F24/><W68/><G68/><N who="1" m="26186" /><E67/><V134/><F70/><W73/><G73/><T37/><D37/><U95/><E95/><V5/><F134/><W60/><G41/><T97/><D126/><N who="1" m="48171" /><E135/><V84/><F5/><N who="1" m="2121" /><E50/><V28/><F28/><W101/><G93/><T80/><D80/><U115/><E115/><V120/><F120/><W125/><G125/><T98/><D2/><U118/><E118/><V131/><F131/><W15/><G1/><T44/><D10/><U23/><E23/><V114/><F114/><W109/><G8/><T34/><D22/><U42/><E42/><N who="2" m="15915" /><F39/><W47/><G3/><T79/><D34/><U30/><E30/><V64/><F64/><W11/><G33/><T9/><D9/><U87/><AGARI ba="1,0" hai="45,46,76,82,87" m="2121,48171,26186" machi="87" ten="40,1500,0" yaku="18,1" doraHai="102" who="1" fromWho="1" sc="352,-5,188,18,159,-8,301,-5" /><INIT seed="3,0,0,3,0,10" ten="347,206,151,296" oya="3" hai0="69,82,15,122,110,27,101,36,84,100,73,53,68" hai1="37,44,20,33,130,135,14,99,98,121,61,117,65" hai2="23,46,111,3,42,97,125,126,116,4,18,86,113" hai3="34,112,49,118,120,40,129,25,0,72,52,103,109"/><W64/><G0/><T89/><D122/><U123/><E33/><V62/><F97/><W96/><G120/><T131/><D36/><U7/><E135/><V66/><F116/><W133/><G118/><T13/><D69/><U92/><E117/><V70/><F113/><W91/><G112/><T75/><D68/><U58/><E99/><V32/><F32/><W102/><G133/><T85/><D75/><U1/><E1/><V22/><F111/><W56/><G72/><T132/><D73/><U93/><E93/><V31/><F31/><W43/><G109/><T55/><D27/><U79/><E79/><V24/><F23/><W57/><G129/><T90/><D132/><U105/><E105/><V119/><F119/><W50/><G34/><T114/><D110/><U71/><E71/><V19/><F19/><W115/><G25/><T38/><D38/><U6/><E130/><V106/><F86/><W48/><G64/><T87/><D87/><U88/><E6/><V47/><F106/><W60/><G57/><T29/><D29/><U81/><E7/><V8/><REACH who="2" step="1"/><F42/><REACH who="2" ten="347,206,141,296" step="2"/><N who="3" m="15915" /><G115/><T12/><D114/><U5/><E121/><V11/><F11/><W128/><G128/><T80/><D131/><U107/><E107/><V41/><F41/><W94/><AGARI ba="0,1" hai="48,49,50,52,56,60,91,94,96,102,103" m="15915" machi="94" ten="30,3000,0" yaku="8,1,54,1" doraHai="10" who="3" fromWho="3" sc="347,-10,206,-10,141,-10,296,40" /><INIT seed="3,1,0,0,4,59" ten="337,196,131,336" oya="3" hai0="4,33,71,119,40,35,70,129,74,104,17,107,96" hai1="16,80,51,93,45,27,60,18,125,42,73,57,6" hai2="92,100,53,14,120,20,56,130,135,124,3,22,87" hai3="11,91,25,112,128,37,84,101,102,82,47,49,99"/><W118/><G37/><T97/><D119/><U24/><E125/><V121/><F3/><W36/><G36/><T34/><D40/><U52/><E6/><V65/><F65/><W89/><G118/><T69/><D4/><U61/><E93/><V106/><F106/><N who="0" m="40490" /><D129/><U94/><E94/><V90/><F100/><W67/><G128/><T10/><D74/><U88/><E73/><V126/><F130/><W98/><G112/><T26/><D10/><U43/><E43/><V111/><F111/><W19/><G67/><T32/><D32/><U23/><E61/><N who="2" m="35983" /><F135/><W8/><G91/><T50/><D50/><U41/><E41/><V63/><F63/><W72/><G72/><T131/><D131/><U109/><E109/><V103/><F103/><N who="3" m="39435" /><G25/><N who="1" m="9802" /><E23/><AGARI ba="1,0" hai="17,23,26,33,34,35,69,70,71,96,97" m="40490" machi="23" ten="50,3200,0" yaku="26,2" doraHai="59" who="0" fromWho="1" sc="337,35,196,-35,131,0,336,0" /><INIT seed="4,0,0,4,3,41" ten="372,161,131,336" oya="0" hai0="35,36,3,88,76,66,14,28,55,121,117,69,131" hai1="80,116,60,63,45,5,119,120,108,104,99,122,96" hai2="113,90,98,102,10,30,71,84,46,8,97,125,110" hai3="49,87,43,107,133,93,81,7,109,51,31,70,25"/><T106/><D3/><U65/><E5/><V34/><F110/><W115/><G107/><T56/><D117/><U83/><E65/><V18/><F71/><W22/><G109/><T129/><D76/><U86/><E86/><V62/><F34/><W57/><G70/><T77/><D77/><U11/><E11/><V95/><F30/><W61/><G115/><T91/><D106/><U21/><E21/><V42/><F113/><W132/><G93/><T26/><D36/><U12/><E12/><V2/><F125/><W75/><G75/><T50/><D14/><U23/><E23/><V72/><F72/><W29/><G29/><T135/><D121/><U123/><E123/><V128/><F128/><N who="0" m="49226" /><D135/><N who="3" m="51785" /><G7/><T126/><D126/><U118/><E118/><V15/><F2/><W74/><G74/><T16/><D16/><U48/><E104/><V38/><F8/><W54/><G43/><T94/><D94/><U111/><E48/><V101/><REACH who="2" step="1"/><F62/><AGARI ba="0,0" hai="26,28,35,50,55,56,62,66,69,88,91" m="49226" machi="62" ten="30,2900,0" yaku="19,1,54,1" doraHai="41" who="0" fromWho="2" sc="372,29,161,0,131,-29,336,0" /><INIT seed="4,1,0,3,1,113" ten="401,161,102,336" oya="0" hai0="122,74,89,24,106,52,100,5,109,45,49,135,3" hai1="7,103,40,99,82,13,30,134,91,2,120,125,124" hai2="88,84,10,31,43,93,23,72,65,129,27,81,41" hai3="66,131,85,21,15,130,95,102,44,46,18,64,4"/><T1/><D122/><U132/><E2/><V71/><F129/><N who="3" m="49163" /><G4/><T22/><D74/><U105/><E30/><V67/><F72/><W96/><G85/><T56/><D109/><U39/><E39/><V25/><F10/><W98/><G98/><T61/><D135/><N who="1" m="51755" /><E40/><V128/><F128/><W75/><G75/><T92/><D5/><U114/><E13/><V111/><F111/><W73/><G73/><T26/><D106/><U133/><E7/><V0/><F0/><W33/><G33/><T90/><D26/><U29/><E29/><V58/><F71/><W117/><G117/><T112/><D112/><U80/><E133/><V77/><F27/><W101/><G101/><T12/><D12/><U123/><E114/><V76/><F76/><W35/><G35/><T60/><D60/><U53/><E53/><V107/><F107/><W108/><G108/><T94/><D3/><U54/><E54/><V11/><F11/><W87/><G87/><T121/><D1/><U16/><E91/><V55/><F43/><W79/><G79/><T37/><D90/><U48/><E48/><V104/><F41/><W57/><G57/><T62/><D89/><U17/><E123/><V59/><F104/><W14/><G14/><T34/><D121/><U86/><E120/><V116/><F116/><W119/><G119/><T19/><D34/><U69/><E82/><V127/><F127/><N who="1" m="48713" /><E69/><V32/><F32/><W97/><G15/><T28/><D56/><N who="2" m="21546" /><F55/><W20/><G102/><T6/><D100/><U51/><E51/><V9/><F9/><W115/><G115/><T70/><D49/><RYUUKYOKU ba="1,0" sc="401,-15,161,15,102,15,336,-15" hai1="16,17,80,86,99,103,105" hai2="23,25,31,65,67,77,81,84,88,93" /><INIT seed="5,2,0,0,0,31" ten="386,176,117,321" oya="1" hai0="93,9,39,38,13,90,47,41,91,24,46,113,68" hai1="78,82,126,72,10,52,80,109,119,2,6,115,99" hai2="97,14,49,121,58,88,23,45,61,116,83,27,55" hai3="75,86,128,89,77,54,17,0,34,12,81,98,16"/><U100/><E119/><V42/><F121/><W15/><G0/><T125/><D68/><U114/><E126/><V129/><F116/><W63/><G128/><T18/><D125/><U56/><E82/><V112/><F129/><W130/><G130/><T69/><D69/><U30/><E30/><V70/><F112/><W65/><G54/><T67/><D67/><U118/><E109/><V76/><F14/><W1/><G1/><T29/><D113/><U101/><E118/><V108/><F70/><W5/><G5/><T33/><D93/><U131/><E101/><V135/><F135/><W7/><G7/><T64/><D64/><U96/><E96/><V84/><F108/><W120/><G120/><T85/><D85/><U107/><REACH who="1" step="1"/><E131/><REACH who="1" ten="386,166,117,321" step="2"/><V11/><F11/><W60/><G98/><T53/><D90/><U22/><E22/><V4/><F4/><W103/><G89/><T92/><D91/><U43/><E43/><V132/><F132/><W26/><G81/><T32/><D29/><U36/><E36/><V37/><F97/><W87/><G103/><T79/><D41/><U95/><E95/><V40/><F76/><W133/><G77/><T28/><D79/><U8/><E8/><V59/><F42/><W19/><G133/><T74/><D92/><U111/><E111/><V44/><REACH who="2" step="1"/><F61/><AGARI ba="2,1" hai="2,6,10,52,56,61,72,78,80,99,100,107,114,115" machi="61" ten="40,7700,0" yaku="1,1,54,1,53,1" doraHai="31" doraHaiUra="73" who="1" fromWho="2" sc="386,0,166,93,117,-83,321,0" /><INIT seed="5,3,0,1,4,15" ten="386,259,34,321" oya="1" hai0="40,127,97,135,38,9,95,124,86,79,94,12,29" hai1="107,32,99,131,90,10,104,3,44,48,84,23,118" hai2="26,89,36,123,63,4,64,47,67,69,133,83,66" hai3="17,30,120,2,108,101,56,19,129,0,91,134,114"/><U25/><E32/><V73/><F123/><W55/><G108/><T20/><D135/><U24/><E118/><V113/><F133/><W98/><G134/><T6/><D38/><U130/><E25/><V31/><F113/><W74/><G120/><T34/><D34/><U49/><E49/><V78/><F89/><W7/><G114/><T16/><D40/><U65/><E65/><V93/><F93/><W106/><G74/><T75/><D29/><U92/><E10/><V8/><F26/><W53/><G129/><N who="1" m="49162" /><E3/><V85/><F31/><W13/><G30/><T21/><D75/><U121/><E99/><V46/><F85/><W42/><G42/><T70/><D70/><U122/><E107/><V115/><F47/><W103/><G7/><T119/><D119/><U28/><E104/><V27/><F27/><W37/><G37/><T39/><D39/><U112/><E112/><V77/><F77/><W57/><G13/><T1/><D21/><U82/><E92/><V100/><F100/><W60/><G106/><T5/><D6/><U54/><AGARI ba="3,0" hai="23,24,28,44,48,54,82,84,90,121,122" m="49162" machi="54" ten="30,1500,0" yaku="19,1" doraHai="15" who="1" fromWho="1" sc="386,-8,259,24,34,-8,321,-8" /><INIT seed="5,4,0,4,3,41" ten="378,283,26,313" oya="1" hai0="59,40,123,111,79,77,68,21,87,88,3,71,103" hai1="26,30,95,50,99,112,81,115,117,97,58,20,76" hai2="10,17,94,118,31,82,96,22,57,130,62,16,69" hai3="60,92,7,113,107,19,67,48,120,65,47,98,109"/><U1/><E1/><V83/><F69/><W110/><G120/><T2/><D111/><U39/><E39/><V29/><F118/><W38/><G107/><T106/><D40/><U61/><E117/><V24/><F130/><W45/><G113/><T12/><D71/><U86/><E50/><V102/><F29/><W131/><G131/><T128/><D68/><U70/><E70/><V15/><REACH who="2" step="1"/><F17/><REACH who="2" ten="378,283,16,313" step="2"/><W104/><G19/><T8/><D128/><U36/><E36/><V6/><F6/><W13/><G7/><T133/><D123/><U37/><E37/><V53/><F53/><W89/><G38/><T114/><D114/><N who="1" m="43563" /><E95/><V5/><F5/><W51/><G92/><T108/><D106/><U80/><E81/><V52/><AGARI ba="4,1" hai="10,15,16,22,24,31,52,57,62,82,83,94,96,102" machi="52" ten="20,16000,3" yaku="1,1,0,1,7,1,8,1,54,2,53,2" doraHai="41" doraHaiUra="78" who="2" fromWho="2" sc="378,-44,283,-84,16,182,313,-44" /><INIT seed="6,0,0,0,5,109" ten="334,199,198,269" oya="2" hai0="117,100,83,52,124,69,12,37,60,110,114,78,116" hai1="128,30,32,20,6,125,77,75,93,79,67,122,129" hai2="41,38,127,123,53,106,0,16,36,35,96,43,108" hai3="72,84,87,120,113,13,131,50,18,45,133,98,25"/><V97/><F123/><W49/><G72/><T29/><D110/><U14/><E32/><V95/><F108/><W27/><G120/><T56/><D37/><U2/><E2/><V90/><F35/><W40/><G133/><T74/><D29/><U9/><E125/><V130/><F0/><W21/><G131/><N who="1" m="50250" /><E75/><V24/><F130/><W70/><G70/><T47/><D124/><U94/><E67/><V54/><F127/><W58/><G98/><N who="2" m="37993" /><F106/><W76/><G76/><N who="1" m="29258" /><E122/><V132/><F36/><W80/><G80/><T34/><D100/><U11/><E11/><V23/><F38/><W57/><G49/><T1/><D1/><U28/><E28/><V135/><F132/><W63/><G50/><T73/><D74/><U17/><E6/><V55/><F135/><W22/><G22/><T26/><D73/><U4/><E4/><V5/><F5/><W101/><G21/><T119/><D34/><U121/><E121/><V68/><F68/><W126/><G101/><T31/><D69/><U61/><E61/><V65/><F65/><W112/><G63/><T33/><D60/><U15/><E30/><V88/><F90/><W3/><G3/><T134/><D31/><U62/><E62/><V39/><F39/><W92/><G126/><T104/><D134/><U8/><E8/><V7/><F7/><W105/><G105/><T64/><D64/><U48/><E48/><V99/><AGARI ba="0,0" hai="16,23,24,41,43,53,54,55,88,95,99" m="37993" machi="99" ten="30,6000,0" yaku="8,1,54,2" doraHai="109" who="2" fromWho="2" sc="334,-20,199,-20,198,60,269,-20" /><INIT seed="6,1,0,0,5,61" ten="314,179,258,249" oya="2" hai0="1,82,123,88,57,84,59,133,85,134,44,94,81" hai1="9,69,10,4,102,36,37,80,48,99,125,121,47" hai2="117,98,113,29,42,130,100,78,50,55,77,43,27" hai3="106,129,105,68,124,2,114,21,76,74,12,25,101"/><V122/><F122/><W126/><G2/><T90/><D1/><U92/><E121/><V104/><F117/><W26/><G129/><T131/><D123/><U108/><E108/><V40/><F113/><W79/><G114/><T95/><D44/><U30/><E125/><N who="3" m="48234" /><G68/><T87/><D87/><U13/><E69/><V38/><F38/><W6/><G101/><T15/><D15/><U41/><E30/><V23/><REACH who="2" step="1"/><F130/><AGARI ba="1,0" hai="57,59,81,82,84,85,88,90,94,95,130,131,133,134" machi="130" ten="25,3200,0" yaku="22,2,54,1" doraHai="61" who="0" fromWho="2" sc="314,35,179,0,258,-35,249,0" /><INIT seed="7,0,0,5,4,69" ten="349,179,223,249" oya="3" hai0="5,76,64,90,44,8,93,101,124,128,7,132,48" hai1="115,24,125,10,3,78,15,50,32,36,99,108,98" hai2="39,127,18,49,80,41,126,59,52,45,79,30,38" hai3="42,87,65,113,0,121,37,77,94,16,116,123,60"/><W35/><G116/><T13/><D101/><U63/><E108/><V106/><F30/><W62/><G0/><T57/><D76/><U46/><E3/><V43/><F18/><W61/><G35/><T29/><D29/><U88/><E78/><V68/><F68/><W14/><G65/><T96/><D124/><N who="2" m="47658" /><F106/><W111/><G111/><T66/><D128/><U134/><E125/><V25/><F25/><W51/><G16/><N who="0" m="8231" /><D66/><U83/><E134/><V33/><F33/><W114/><G114/><T21/><D21/><U4/><E115/><V54/><F54/><W118/><G113/><T82/><D82/><U19/><E63/><N who="2" m="36327" /><F43/><W73/><G42/><N who="0" m="24599" /><D132/><U97/><E36/><V107/><F107/><W2/><G37/><T71/><D71/><U58/><E58/><V72/><AGARI ba="0,0" hai="38,39,41,45,49,72,79,80" m="36327,47658" machi="72" ten="30,7900,0" yaku="18,1,52,2,54,1" doraHai="69" who="2" fromWho="2" sc="349,-20,179,-20,223,79,249,-39" owari="329,43.0,159,-34.0,302,10.0,210,-19.0" /></mjloggm>