<mjloggm ver="2.3"><GO type="169" lobby="0"/><UN n0="%E3%81%86%E3%81%83%E3%83%BC%E3%81%A1%E3%82%83%E3%82%93" n1="%E6%81%8B%E6%96%87" n2="%E3%83%AD%E3%83%83%E3%83%86%E9%9B%80%E7%90%83" n3="%E3%83%88%E3%83%88%E3%83%AA%E5%85%88%E7%94%9F%31%39%E6%AD%B3" dan="17,16,16,19" rate="2218.34,2168.61,2114.28,2287.81" sx="M,M,M,F"/><TAIKYOKU oya="0"/><INIT seed="0,0,0,2,2,1" ten="250,250,250,250" oya="0" hai0="97,104,60,83,100,88,28,24,2,7,102,27,54" hai1="98,30,16,4,108,68,33,3,38,127,20,44,117" hai2="29,0,118,63,107,120,72,73,22,47,79,48,110" hai3="95,5,109,105,130,15,113,46,64,37,61,126,67"/><T69/><BYE who="3" /><D102/><U78/><E68/><V8/><F120/><W115/><G115/><T56/><D69/><U81/><E117/><V31/><F118/><W50/><G50/><T40/><D40/><U42/><E127/><V25/><F107/><W52/><G52/><T131/><D131/><U133/><E133/><V122/><F122/><W84/><G84/><T58/><D27/><UN n3="%E3%83%88%E3%83%88%E3%83%AA%E5%85%88%E7%94%9F%31%39%E6%AD%B3" /><U90/><E108/><V116/><F116/><W43/><G43/><T18/><BYE who="3" /><D18/><U32/><E30/><V123/><F123/><W74/><G74/><T11/><D58/><U76/><E76/><V71/><F110/><UN n3="%E3%83%88%E3%83%88%E3%83%AA%E5%85%88%E7%94%9F%31%39%E6%AD%B3" /><W77/><G105/><T53/><D53/><U124/><E124/><V91/><F31/><W35/><G35/><T6/><D11/><N who="1" m="2463" /><E90/><V66/><F79/><W19/><G77/><T10/><D10/><U49/><E49/><V135/><F135/><W85/><G130/><T14/><D14/><N who="1" m="9239" /><E98/><V128/><F91/><W111/><G126/><T92/><D2/><U51/><E51/><V103/><F128/><W80/><G37/><T106/><D106/><U55/><E55/><N who="2" m="30111" /><F103/><W45/><G64/><T134/><D134/><U101/><E101/><V26/><F73/><AGARI ba="0,0" hai="32,33,38,42,44,73,78,81" m="9239,2463" machi="73" ten="30,3900,0" yaku="25,1,52,1,54,1" doraHai="1" who="1" fromWho="2" sc="250,0,250,39,250,-39,250,0" /><INIT seed="1,0,0,1,4,44" ten="250,289,211,250" oya="1" hai0="98,130,26,17,115,39,100,128,116,72,9,79,94" hai1="6,97,83,70,80,52,106,133,8,59,92,24,135" hai2="51,68,62,38,55,69,2,126,109,60,36,82,114" hai3="73,125,28,13,86,88,117,64,87,74,27,0,58"/><U95/><E70/><N who="2" m="27243" /><F82/><N who="1" m="31273" /><E24/><V65/><F2/><W113/><G0/><T20/><D39/><N who="2" m="14890" /><F109/><W45/><G113/><T29/><D116/><U1/><E106/><V7/><F7/><W105/><G125/><T14/><D79/><U15/><E97/><V12/><F12/><W43/><G105/><T121/><D72/><U99/><E99/><V103/><F103/><W96/><G117/><T104/><D115/><U46/><E46/><N who="2" m="28151" /><F126/><W4/><G74/><T107/><REACH who="0" step="1"/><D121/><REACH who="0" ten="240,289,211,250" step="2"/><U11/><E135/><V134/><F114/><W84/><G73/><T110/><D110/><U40/><E133/><V75/><F75/><W71/><G86/><T81/><D81/><U53/><E1/><V102/><F102/><W108/><G84/><T19/><D19/><U30/><E30/><V16/><F16/><W35/><G87/><T93/><D93/><U31/><E95/><V91/><F134/><W127/><G108/><T76/><D76/><U89/><E31/><V10/><F91/><W78/><G127/><T18/><D18/><U3/><E89/><V63/><F10/><N who="3" m="4295" /><G78/><T33/><D33/><U119/><E11/><V129/><F129/><AGARI ba="0,1" hai="9,14,17,20,26,29,94,98,100,104,107,128,129,130" machi="129" ten="40,2600,0" yaku="1,1,19,1,53,0" doraHai="44" doraHaiUra="50" who="0" fromWho="2" sc="240,36,289,0,211,-26,250,0" /><INIT seed="2,0,0,5,4,53" ten="276,289,185,250" oya="2" hai0="121,58,74,76,83,54,106,100,44,124,70,45,41" hai1="7,75,105,36,51,37,113,35,109,94,86,11,18" hai2="16,21,68,72,87,38,1,30,69,23,111,133,24" hai3="46,55,96,120,17,77,114,107,125,15,119,65,112"/><V89/><F133/><W67/><G119/><T19/><D124/><U27/><E113/><N who="3" m="43626" /><G120/><T128/><D128/><U40/><E75/><V9/><F111/><W79/><G125/><T29/><D29/><U10/><E105/><V49/><F38/><W118/><G118/><T101/><D101/><U110/><E36/><V42/><F72/><W22/><G46/><T104/><D104/><U62/><E37/><V28/><F42/><W2/><G2/><T0/><D0/><U25/><E35/><V108/><F108/><W116/><G55/><T26/><D26/><U103/><E110/><V8/><F49/><W50/><G50/><T60/><D60/><U39/><E39/><V93/><F30/><W132/><G132/><T71/><D121/><U92/><E51/><V61/><F61/><W91/><G116/><T98/><D41/><U122/><E62/><V13/><REACH who="2" step="1"/><F1/><REACH who="2" ten="276,289,175,250" step="2"/><W63/><G67/><T31/><D74/><U126/><E40/><V97/><F97/><W32/><G96/><T5/><D31/><U127/><E109/><V95/><F95/><W47/><G107/><T78/><D98/><U129/><E94/><V117/><F117/><W33/><G63/><T115/><D106/><U81/><E92/><V99/><F99/><W130/><G65/><T14/><D115/><U90/><E127/><V82/><F82/><W6/><G130/><T88/><D83/><U123/><E81/><V66/><F66/><W73/><G73/><T102/><D102/><U134/><E103/><V85/><F85/><W12/><G33/><T84/><D100/><U20/><E129/><RYUUKYOKU ba="0,1" sc="276,-10,289,-10,175,30,250,-10" hai2="8,9,13,16,21,23,24,28,68,69,87,89,93" /><INIT seed="2,1,1,1,3,80" ten="266,279,205,240" oya="2" hai0="10,135,104,57,2,122,14,123,109,19,119,67,42" hai1="95,96,107,0,70,15,89,128,76,73,30,35,29" hai2="77,23,44,134,83,34,114,98,117,50,26,64,18" hai3="118,60,56,110,133,59,100,101,99,129,49,43,111"/><V84/><F114/><W81/><G118/><T38/><D104/><U130/><E70/><V45/><F134/><W112/><G133/><T24/><D119/><U1/><E107/><V40/><F117/><W37/><G37/><T52/><D109/><N who="3" m="41481" /><G129/><N who="1" m="49770" /><E15/><V21/><F64/><W33/><G33/><T51/><D135/><U121/><E121/><V62/><F62/><W74/><G112/><T93/><D2/><N who="1" m="1131" /><E35/><V94/><F45/><N who="3" m="25791" /><G59/><T31/><D67/><U105/><E105/><V11/><F34/><W85/><G99/><T39/><D123/><U108/><E108/><V13/><REACH who="2" step="1"/><F26/><REACH who="2" ten="266,279,195,240" step="2"/><W127/><G127/><T9/><D122/><U28/><E73/><V69/><F69/><W91/><G74/><T102/><D24/><U46/><E30/><V20/><F20/><W3/><G3/><T115/><D31/><U66/><E29/><V6/><F6/><W90/><G90/><AGARI ba="1,2" hai="11,13,18,21,23,40,44,50,77,83,84,90,94,98" machi="90" ten="30,11600,0" yaku="1,1,7,1,8,1,52,1,53,0" doraHai="80" doraHaiUra="120" who="2" fromWho="3" sc="266,0,279,0,195,139,240,-119" /><INIT seed="2,2,0,4,5,103" ten="266,279,334,121" oya="2" hai0="108,3,100,68,119,16,59,63,70,116,34,2,114" hai1="135,29,15,21,14,6,69,128,92,40,18,83,26" hai2="38,48,25,0,85,74,130,19,56,117,24,131,102" hai3="124,33,97,7,39,106,46,79,77,91,125,95,120"/><V76/><F117/><N who="0" m="45130" /><D100/><U78/><E69/><N who="0" m="26729" /><D114/><U66/><E66/><V87/><F38/><W134/><G33/><T42/><D42/><U84/><E135/><V54/><F0/><W44/><G120/><T67/><D34/><U43/><E128/><N who="2" m="49195" /><F102/><N who="3" m="62799" /><G7/><T9/><D108/><U94/><E43/><V93/><F93/><W27/><G27/><N who="2" m="10313" /><F19/><W49/><G39/><T61/><D61/><U107/><E107/><V64/><F64/><W96/><G49/><T37/><D37/><U86/><E40/><V81/><AGARI ba="2,0" hai="48,54,56,74,76,81,85,87" m="10313,49195" machi="81" ten="30,1500,0" yaku="19,1" doraHai="103" who="2" fromWho="2" sc="266,-7,279,-7,334,21,121,-7" /><INIT seed="2,3,0,4,4,42" ten="259,272,355,114" oya="2" hai0="127,54,67,59,4,132,74,75,97,111,128,17,28" hai1="93,48,85,90,40,103,41,38,107,88,83,135,105" hai2="134,71,12,58,2,45,104,131,53,120,36,99,98" hai3="29,10,18,64,116,51,23,57,49,115,79,60,26"/><V19/><F120/><W39/><G39/><T86/><D4/><U30/><E135/><V3/><F134/><W94/><G116/><T55/><D28/><U113/><E113/><V106/><F71/><W14/><G115/><T123/><D17/><U80/><E38/><V100/><F131/><W92/><G79/><T65/><D86/><U130/><E130/><V77/><F77/><W91/><REACH who="3" step="1"/><G92/><REACH who="3" ten="259,272,355,104" step="2"/><T125/><D132/><U81/><E105/><V108/><F106/><W69/><G69/><T7/><D128/><U46/><E107/><V0/><F104/><W76/><G76/><T87/><D123/><U11/><E83/><V78/><F78/><W37/><G37/><T6/><D75/><U63/><E81/><V96/><F36/><W66/><G66/><T118/><D74/><U101/><E80/><V89/><F108/><W133/><G133/><T52/><D118/><U114/><E93/><V44/><F100/><W121/><G121/><T50/><D111/><U112/><E103/><V82/><F82/><W72/><G72/><T119/><D65/><U24/><E101/><V1/><F89/><W110/><G110/><T43/><D67/><U27/><E88/><V70/><F70/><W109/><G109/><T8/><D119/><U84/><E90/><V124/><F124/><W33/><G33/><T95/><D127/><U122/><E112/><V15/><N who="2" m="0" /><DORA hai="35" /><V68/><F68/><W56/><G56/><T31/><D59/><U32/><E114/><V47/><REACH who="2" step="1"/><F19/><REACH who="2" ten="259,272,345,104" step="2"/><W62/><G62/><AGARI ba="3,2" hai="12,15,44,45,47,53,58,62,96,98,99" m="0" machi="62" ten="70,36000,4" yaku="1,1,2,1,29,2,52,7,53,0" doraHai="42,35" doraHaiUra="13,126" who="2" fromWho="3" sc="259,0,272,0,345,389,104,-369" owari="259,-14.0,272,7.0,734,84.0,-265,-77.0" /></mjloggm>