<mjloggm ver="2.3"><GO type="169" lobby="0"/><UN n0="%E3%83%88%E3%83%88%E3%83%AA%E5%85%88%E7%94%9F%31%39%E6%AD%B3" n1="%6B%75%6B%65%6B%65%6B%65" n2="%EF%BC%B7%EF%BD%81%EF%BD%8C%EF%BD%8C%EF%BD%99" n3="%73%61%6E%67%6F%64%64%6F" dan="18,17,17,16" rate="2233.40,2184.89,2187.94,2091.03" sx="F,M,M,M"/><TAIKYOKU oya="0"/><INIT seed="0,0,0,5,3,48" ten="250,250,250,250" oya="0" hai0="129,117,124,47,81,31,40,121,29,63,93,106,12" hai1="42,76,37,87,19,61,20,75,83,27,59,10,56" hai2="34,103,111,96,11,54,18,17,49,32,133,16,72" hai3="90,86,2,7,70,127,58,51,4,118,23,104,128"/><T105/><D117/><U134/><E134/><V26/><F72/><W130/><G70/><T6/><D121/><U39/><E75/><V100/><F133/><W41/><G104/><T45/><D129/><U107/><E107/><V43/><F43/><W125/><G118/><T21/><D124/><N who="3" m="47689" /><G23/><T60/><D105/><U73/><E73/><V110/><F11/><N who="3" m="2455" /><G7/><T62/><D106/><U50/><E10/><V89/><F89/><W68/><G68/><T74/><D93/><U66/><REACH who="1" step="1"/><E42/><REACH who="1" ten="250,240,250,250" step="2"/><V57/><F26/><W71/><G41/><T25/><D40/><U64/><E64/><V69/><F69/><W52/><G71/><T97/><D74/><U55/><AGARI ba="0,1" hai="19,20,27,37,39,50,55,56,59,61,66,76,83,87" machi="55" ten="30,4000,0" yaku="1,1,0,1,52,1,53,0" doraHai="48" doraHaiUra="116" who="1" fromWho="1" sc="250,-20,240,50,250,-10,250,-10" /><INIT seed="1,0,0,2,2,4" ten="230,290,240,240" oya="1" hai0="116,76,90,100,114,54,2,72,3,95,28,34,122" hai1="48,26,71,93,10,103,80,111,25,112,127,68,102" hai2="119,11,5,79,60,64,88,67,46,105,19,126,131" hai3="7,40,43,84,20,101,128,106,132,32,65,21,69"/><U125/><E112/><V82/><F105/><W9/><G32/><T51/><D114/><U104/><E104/><V83/><F119/><W27/><G128/><T78/><D116/><U66/><E80/><V81/><F131/><W87/><G132/><T24/><D122/><U31/><E111/><V29/><F29/><W37/><G37/><T130/><D100/><N who="1" m="38443" /><E93/><V45/><F79/><W113/><G65/><N who="2" m="25161" /><F5/><W38/><G69/><N who="1" m="26698" /><E66/><V44/><F60/><W36/><G113/><T99/><D130/><U8/><E48/><V14/><F126/><N who="1" m="48137" /><E25/><V18/><F18/><W39/><G106/><T97/><D76/><U77/><E77/><V98/><F98/><W0/><G101/><T6/><D99/><U133/><E133/><V75/><F75/><W94/><G94/><T129/><D129/><U120/><E120/><V17/><F17/><W53/><G27/><T56/><D78/><U108/><E108/><V52/><F88/><W74/><G74/><T12/><D72/><U123/><E123/><V49/><AGARI ba="0,0" hai="11,14,19,44,45,46,49,52,81,82,83" m="25161" machi="49" ten="30,4000,0" yaku="8,1,52,1,54,1" doraHai="4" who="2" fromWho="2" sc="230,-10,290,-20,240,40,240,-10" /><INIT seed="2,0,0,2,1,3" ten="220,270,280,230" oya="2" hai0="9,50,54,103,12,58,129,87,66,56,8,116,108" hai1="26,72,1,38,71,90,93,73,13,107,37,104,63" hai2="121,122,75,74,118,105,120,52,31,48,117,119,114" hai3="21,131,101,33,36,86,5,113,92,94,44,97,91"/><V14/><F105/><W128/><G33/><T57/><D108/><U6/><E1/><V100/><F100/><W115/><G21/><T99/><D129/><N who="3" m="49737" /><G36/><T85/><D116/><U60/><E26/><V70/><F31/><W32/><G44/><T53/><D66/><U0/><E0/><V18/><F70/><W20/><G20/><T125/><D125/><U42/><E42/><V68/><F68/><W47/><G47/><T127/><D127/><U132/><E71/><V28/><F28/><W35/><G35/><T134/><D134/><U11/><E132/><V65/><F65/><W123/><G32/><T2/><D2/><U4/><E93/><V67/><F67/><W7/><G123/><T84/><D9/><U112/><E90/><V43/><F43/><W16/><G16/><T69/><D69/><U88/><E88/><V110/><F114/><AGARI ba="0,0" hai="5,7,86,91,92,94,97,101,113,114,115" m="49737" machi="114" ten="30,7700,0" yaku="11,1,19,1,52,2" doraHai="3" who="3" fromWho="2" sc="220,0,270,0,280,-77,230,77" /><INIT seed="3,0,0,2,2,118" ten="220,270,203,307" oya="3" hai0="24,15,125,105,20,89,63,114,43,49,116,78,59" hai1="2,66,39,97,41,132,98,93,69,61,80,68,71" hai2="129,74,94,79,62,121,29,119,77,131,86,12,128" hai3="0,58,4,117,115,6,47,53,95,99,57,8,127"/><W17/><G115/><T38/><D116/><U101/><E2/><V112/><F29/><W55/><G117/><T102/><D38/><U109/><E109/><V88/><F119/><W126/><G17/><T13/><D125/><N who="3" m="47625" /><G6/><T9/><D114/><U46/><E132/><V133/><F112/><W10/><G10/><T37/><D37/><U107/><E80/><V65/><F133/><W110/><G110/><T82/><D89/><AGARI ba="0,0" hai="39,41,46,61,66,68,69,71,89,93,97,98,101,107" machi="89" ten="30,1000,0" yaku="7,1" doraHai="118" who="1" fromWho="0" sc="220,-10,270,10,203,0,307,0" /><INIT seed="4,0,0,0,5,28" ten="210,280,203,307" oya="0" hai0="26,123,121,73,39,41,35,18,86,134,8,34,133" hai1="19,59,12,63,117,116,27,85,113,61,32,103,88" hai2="24,122,10,79,45,66,105,14,9,71,100,118,74" hai3="49,6,15,64,29,30,3,25,98,56,108,114,13"/><T87/><D73/><U58/><E103/><V92/><F122/><N who="0" m="46602" /><D41/><U22/><E113/><V70/><F118/><W112/><G108/><T36/><D26/><U0/><E0/><V33/><F92/><W50/><G3/><T21/><D8/><N who="1" m="6535" /><E32/><N who="0" m="12329" /><D21/><U135/><E27/><V17/><F9/><W48/><G25/><T84/><D18/><U94/><E22/><V65/><F45/><W96/><G6/><T78/><D78/><U99/><E117/><V75/><F79/><W54/><G112/><T23/><D23/><U125/><E116/><V101/><F101/><W129/><G114/><T90/><D90/><U106/><E88/><V81/><F81/><W93/><G49/><T53/><D53/><U128/><E94/><V62/><F66/><W55/><G64/><T72/><D72/><U119/><E119/><V37/><F70/><W76/><G76/><T46/><D46/><U5/><E5/><V57/><F57/><W82/><G93/><T68/><D68/><U111/><E59/><V80/><F80/><W1/><G56/><T91/><D91/><U109/><E58/><V131/><F37/><AGARI ba="0,0" hai="36,37,39,84,86,87,133,134" m="12329,46602" machi="37" ten="40,12000,1" yaku="28,2,52,3" doraHai="28" who="0" fromWho="2" sc="210,120,280,0,203,-120,307,0" /><INIT seed="4,1,0,3,4,39" ten="330,280,83,307" oya="0" hai0="23,35,113,97,5,42,49,129,84,108,90,36,66" hai1="125,58,124,32,17,116,57,111,60,110,63,30,134" hai2="8,25,59,122,77,41,29,101,92,26,131,68,16" hai3="71,37,79,53,27,104,47,18,14,85,132,56,93"/><T103/><D35/><U9/><E116/><V95/><F68/><W61/><G104/><T107/><D36/><U118/><E118/><V135/><F122/><W133/><G27/><T10/><D113/><U7/><E17/><V123/><F123/><W70/><G79/><T48/><D129/><U11/><E30/><V52/><F131/><W12/><G12/><T51/><D108/><U15/><E32/><V83/><F135/><N who="3" m="51787" /><G85/><T65/><D23/><U54/><E134/><V105/><F105/><W50/><G93/><N who="2" m="35913" /><F101/><W76/><G76/><T45/><D84/><U98/><E98/><V121/><F121/><W73/><G73/><T1/><REACH who="0" step="1"/><D90/><REACH who="0" ten="320,280,83,307" step="2"/><U89/><E89/><V80/><F77/><W106/><G37/><T74/><D74/><U34/><E34/><V115/><F115/><W120/><G120/><T72/><D72/><U44/><E111/><V96/><F96/><W13/><G106/><T119/><D119/><U2/><E110/><V6/><F80/><W20/><G13/><T128/><D128/><U19/><E15/><N who="2" m="7271" /><F83/><W126/><G126/><T78/><D78/><U117/><E125/><V67/><F25/><W81/><G81/><T40/><D40/><AGARI ba="1,1" hai="14,18,20,40,47,50,53,56,61,70,71" m="51787" machi="40" ten="30,2000,0" yaku="20,1,52,1" doraHai="39" who="3" fromWho="0" sc="320,-23,280,0,83,0,307,33" /><INIT seed="5,0,0,1,3,128" ten="297,280,83,340" oya="1" hai0="121,102,77,135,129,66,36,13,72,34,110,16,49" hai1="130,118,106,33,24,28,41,68,131,112,107,84,93" hai2="100,105,20,40,53,57,88,120,55,18,12,60,103" hai3="94,109,61,30,29,90,7,78,45,89,25,95,17"/><U119/><E68/><V1/><F1/><W108/><G78/><T9/><D110/><U134/><E41/><V43/><F120/><W117/><G7/><T67/><D36/><U75/><E75/><V21/><F21/><W124/><G124/><T74/><D34/><U85/><E112/><V11/><F55/><W127/><G127/><T114/><D114/><U5/><E5/><V42/><F105/><N who="1" m="39945" /><E93/><V19/><REACH who="2" step="1"/><F88/><REACH who="2" ten="297,280,73,340" step="2"/><W86/><G108/><T125/><D121/><U46/><E33/><V92/><F92/><W31/><G109/><T70/><D125/><U26/><E130/><V133/><F133/><W14/><G90/><T98/><D135/><U96/><E134/><V71/><F71/><W35/><G94/><N who="0" m="58711" /><D129/><U51/><E131/><V47/><F47/><W65/><G45/><T50/><D77/><U0/><E46/><V38/><F38/><W32/><G32/><T8/><D70/><U87/><E0/><V62/><F62/><W23/><G117/><T4/><D50/><U64/><E51/><V97/><F97/><W27/><G35/><T58/><D49/><U37/><E37/><V111/><F111/><W91/><G91/><T82/><D58/><AGARI ba="0,1" hai="14,17,23,25,27,29,30,31,58,61,65,86,89,95" machi="58" ten="40,1300,0" yaku="8,1" doraHai="128" who="3" fromWho="0" sc="297,-13,280,0,73,0,340,23" /><INIT seed="6,0,0,3,0,122" ten="284,280,73,363" oya="2" hai0="116,133,79,3,7,77,29,103,13,96,50,19,39" hai1="83,107,76,85,84,124,24,2,114,68,102,27,91" hai2="65,35,110,63,10,40,56,129,34,15,120,55,94" hai3="92,48,67,46,134,16,132,98,95,135,36,104,88"/><V41/><F120/><W6/><G6/><T14/><D39/><U53/><E68/><V49/><F129/><W109/><G36/><T8/><D133/><U37/><E37/><V38/><F110/><W5/><G5/><T42/><D116/><U115/><E2/><V101/><F35/><W17/><G67/><T108/><D108/><U80/><E53/><V59/><F34/><W93/><G109/><T125/><D125/><U112/><E27/><V69/><F101/><N who="3" m="62519" /><G88/><T126/><D126/><U12/><E24/><V87/><F94/><W90/><G90/><T100/><D29/><U99/><E12/><V74/><F74/><W128/><G128/><T111/><D3/><U89/><E124/><V43/><F87/><W75/><G75/><T51/><D111/><U106/><E76/><N who="0" m="29257" /><D42/><AGARI ba="0,0" hai="16,17,42,46,48,92,93,95,132,134,135" m="62519" machi="42" ten="40,2600,0" yaku="20,1,54,1" doraHai="122" who="3" fromWho="0" sc="284,-26,280,0,73,0,363,26" /><INIT seed="7,0,0,0,3,33" ten="258,280,73,389" oya="3" hai0="60,14,18,79,121,4,57,12,97,116,27,31,32" hai1="68,74,72,47,1,118,104,61,59,44,105,132,106" hai2="117,87,28,127,95,80,100,131,5,69,51,42,24" hai3="65,19,90,102,126,94,112,82,89,64,25,17,46"/><W58/><G112/><T120/><D116/><U81/><E68/><V133/><F69/><W134/><G46/><T86/><D97/><U0/><E118/><V130/><F5/><W30/><G82/><T20/><D79/><U111/><E111/><V37/><F24/><W70/><G70/><T123/><D86/><U84/><E132/><V119/><F28/><W62/><G126/><T21/><D57/><U63/><E105/><V52/><F51/><W135/><G65/><T3/><D60/><U124/><E84/><V2/><F42/><W34/><G102/><T45/><D45/><U129/><E81/><V22/><F37/><W78/><G78/><T38/><D38/><U15/><E15/><N who="0" m="5673" /><D18/><N who="3" m="6665" /><G94/><T93/><D93/><U108/><E129/><V7/><F95/><W9/><G90/><T26/><D26/><U50/><E108/><V41/><F100/><W29/><G89/><T66/><D66/><U10/><E124/><V11/><F127/><W92/><G92/><T53/><D53/><U35/><E50/><V88/><F130/><W114/><G134/><T39/><D39/><U75/><E75/><V115/><F131/><W55/><G64/><T98/><D98/><U128/><E128/><V73/><F133/><W40/><G40/><T54/><D54/><U71/><E71/><V96/><F41/><W48/><G48/><T67/><D67/><U101/><E101/><V8/><F117/><W6/><G135/><T16/><D16/><U99/><E99/><V91/><F119/><W103/><G103/><T76/><D76/><U36/><E36/><V77/><F77/><RYUUKYOKU ba="0,0" sc="258,30,280,-10,73,-10,389,-10" hai0="3,4,20,21,27,31,32,120,121,123" owari="288,9.0,270,-13.0,63,-44.0,379,48.0" /></mjloggm>