<mjloggm ver="2.3"><GO type="169" lobby="0"/><UN n0="%E4%BC%8A%E8%A3%8F%E9%87%8E%E5%8A%A0%E5%A5%88" n1="%79%6F%6A%6F" n2="%E5%B0%B1%E6%B4%BB%E7%94%9F%40%E5%B7%9D%E6%9D%91%E8%BB%8D%E5%9B%A3" n3="%E7%9C%9F%E3%81%A3%E5%90%91%E5%8B%9D%E8%B2%A0" dan="16,18,18,17" rate="2036.56,2212.18,2269.49,2142.57" sx="F,F,M,F"/><TAIKYOKU oya="0"/><INIT seed="0,0,0,1,5,17" ten="250,250,250,250" oya="0" hai0="130,18,33,114,40,20,21,31,96,4,131,124,30" hai1="19,55,79,101,11,22,42,88,100,34,117,122,9" hai2="89,121,119,123,1,125,69,74,80,15,57,49,59" hai3="73,3,90,0,106,77,67,47,39,94,60,91,32"/><T2/><D40/><U126/><E122/><V36/><F1/><W95/><G32/><T35/><D96/><U64/><E34/><N who="0" m="12809" /><D114/><U71/><E126/><V82/><F69/><W118/><G60/><T10/><D124/><U98/><E117/><V68/><F68/><W116/><G47/><T66/><D66/><U53/><E42/><V120/><F36/><W93/><G39/><T48/><D48/><U65/><E79/><V25/><F125/><W44/><G44/><T7/><D7/><U61/><E100/><V38/><F38/><W45/><G45/><T58/><D58/><U27/><E65/><V108/><F119/><W28/><G67/><T14/><D21/><U5/><E88/><V102/><F74/><W128/><G73/><T43/><D43/><U63/><E63/><V92/><F108/><W29/><G94/><T99/><D99/><U84/><E84/><V105/><F105/><W97/><G97/><T70/><D70/><U135/><E98/><V51/><F120/><W81/><G106/><T107/><D107/><U62/><E101/><V8/><F121/><W115/><G115/><T24/><D31/><U78/><E78/><V12/><F123/><W113/><G113/><T86/><D86/><U26/><E64/><V87/><F102/><W129/><G77/><T46/><D46/><U6/><E22/><V76/><F76/><W134/><G81/><T104/><D104/><U83/><E71/><V41/><F82/><W133/><AGARI ba="0,0" hai="0,3,28,29,90,91,93,95,116,118,128,129,133,134" machi="133" ten="25,3200,0" yaku="0,1,22,2" doraHai="17" who="3" fromWho="3" sc="250,-16,250,-8,250,-8,250,32" /><INIT seed="1,0,0,0,1,43" ten="234,242,242,282" oya="1" hai0="31,47,12,64,13,113,73,11,116,114,20,100,26" hai1="117,72,90,94,77,22,84,87,82,85,98,10,0" hai2="7,71,69,45,91,97,55,54,102,66,56,59,48" hai3="80,127,30,41,15,121,42,57,133,21,115,37,128"/><U17/><E117/><V103/><F7/><W101/><G121/><T5/><D73/><U27/><E0/><V112/><F112/><W86/><G115/><T29/><D116/><U44/><E10/><V61/><F91/><W95/><G127/><T119/><D119/><U135/><E135/><V35/><F35/><W132/><G128/><T52/><D64/><U25/><REACH who="1" step="1"/><E44/><REACH who="1" ten="234,232,242,282" step="2"/><V58/><F102/><W46/><G101/><T99/><D113/><U19/><E19/><V4/><F4/><W110/><G46/><T104/><D114/><U3/><E3/><V40/><REACH who="2" step="1"/><F71/><REACH who="2" ten="234,232,232,282" step="2"/><W92/><G132/><T65/><D100/><U67/><E67/><V63/><F63/><W23/><G133/><T38/><D65/><U107/><E107/><AGARI ba="0,2" hai="40,45,48,54,55,56,58,59,61,66,69,97,103,107" machi="107" ten="40,2600,0" yaku="1,1,52,1,53,0" doraHai="43" doraHaiUra="2" who="2" fromWho="1" sc="234,0,232,-26,232,46,282,0" /><INIT seed="2,0,0,1,5,119" ten="234,206,278,282" oya="2" hai0="14,99,107,103,44,79,1,68,31,51,61,126,54" hai1="15,133,73,50,9,55,28,27,82,129,30,10,23" hai2="83,88,21,113,46,135,117,124,22,89,115,118,122" hai3="86,62,25,80,41,37,18,110,114,19,7,8,36"/><V13/><F46/><W64/><G110/><T93/><D1/><U16/><E129/><V3/><F3/><W49/><G114/><T59/><D126/><U17/><E133/><V125/><F13/><W60/><G60/><T66/><D31/><U134/><E134/><V112/><F135/><W109/><G49/><T58/><D79/><U111/><E111/><V65/><F65/><W47/><G37/><T63/><D14/><U45/><E73/><V92/><F83/><W85/><G85/><T104/><REACH who="0" step="1"/><D68/><REACH who="0" ten="224,206,278,282" step="2"/><U87/><REACH who="1" step="1"/><E9/><REACH who="1" ten="224,196,278,282" step="2"/><V34/><F122/><W91/><G8/><T39/><D39/><U123/><E123/><V71/><F115/><W76/><G36/><T70/><D70/><U94/><E94/><V121/><F121/><W102/><G109/><T52/><AGARI ba="0,2" hai="44,51,52,54,58,59,61,63,66,93,99,103,104,107" machi="52" ten="20,5200,0" yaku="1,1,0,1,7,1,54,1,53,0" doraHai="119" doraHaiUra="77" who="0" fromWho="0" sc="224,72,196,-13,278,-26,282,-13" /><INIT seed="3,0,0,5,2,88" ten="296,183,252,269" oya="3" hai0="40,82,5,58,56,71,4,133,59,129,33,9,47" hai1="35,27,24,48,43,67,102,98,74,63,135,79,124" hai2="7,80,53,3,83,113,64,21,65,89,49,19,111" hai3="99,93,107,52,32,39,132,94,16,11,55,123,1"/><W14/><G123/><T104/><D104/><U70/><E124/><V77/><F77/><W22/><G32/><T30/><D71/><U62/><E135/><V37/><F37/><W60/><G39/><T106/><D106/><U42/><E62/><V81/><F113/><W68/><G132/><T110/><D133/><U105/><E48/><V31/><F31/><W91/><G107/><T73/><D110/><U90/><E27/><V127/><F127/><W8/><G94/><T85/><D73/><U116/><E116/><V61/><F111/><W2/><G11/><T17/><D129/><U25/><E25/><V28/><F28/><W18/><G55/><T45/><D30/><N who="1" m="19911" /><E90/><V130/><F130/><W66/><REACH who="3" step="1"/><G52/><REACH who="3" ten="296,183,252,259" step="2"/><T125/><D33/><U117/><E117/><V122/><F122/><W46/><G46/><T84/><D125/><U78/><E43/><V75/><F75/><W114/><G114/><T108/><D40/><U57/><E42/><V69/><F64/><W76/><G76/><T103/><D47/><U26/><E79/><V115/><F115/><W51/><G51/><T20/><D45/><U36/><E36/><V96/><F53/><W126/><G126/><T134/><D134/><U13/><E78/><V86/><F49/><W12/><AGARI ba="0,1" hai="1,2,8,12,14,16,18,22,60,66,68,91,93,99" machi="12" ten="20,12000,1" yaku="1,1,0,1,7,1,52,1,54,1,53,0" doraHai="88" doraHaiUra="121" who="3" fromWho="3" sc="296,-40,183,-40,252,-40,259,130" /><INIT seed="3,1,0,2,4,43" ten="256,143,212,389" oya="3" hai0="119,79,123,102,90,2,124,126,118,115,42,16,76" hai1="22,18,107,131,36,98,5,95,116,63,59,104,92" hai2="51,44,39,84,1,94,133,103,14,7,25,109,70" hai3="35,72,132,75,19,45,121,111,11,20,6,85,71"/><W58/><G71/><T130/><D2/><U122/><E122/><V32/><F70/><W88/><G35/><T13/><D123/><U48/><E36/><V91/><F1/><W82/><G58/><T86/><D102/><U110/><E110/><V8/><F109/><W17/><G111/><T83/><D130/><U127/><E127/><N who="0" m="48681" /><D42/><U97/><E131/><V10/><F133/><W105/><G132/><T66/><D66/><U100/><E5/><V38/><F103/><W77/><G105/><T30/><D30/><U64/><E116/><N who="0" m="44585" /><D115/><U93/><E48/><V3/><F25/><W113/><G113/><T87/><D87/><U54/><E64/><V0/><F32/><W81/><G72/><T128/><D128/><U69/><E69/><V62/><F62/><W27/><G121/><T53/><D53/><U31/><E31/><V108/><F3/><W73/><G75/><T28/><D28/><U34/><E34/><V68/><F68/><W135/><G135/><T112/><D112/><U37/><E37/><V67/><F67/><W74/><G73/><T117/><N who="0" m="44593" /><T125/><N who="0" m="48689" /><DORA hai="60" /><T33/><DORA hai="21" /><D33/><U24/><REACH who="1" step="1"/><E104/><REACH who="1" ten="256,133,212,389" step="2"/><V134/><F108/><W29/><G6/><T55/><D55/><U101/><AGARI ba="1,1" hai="18,22,24,54,59,63,92,93,95,97,98,100,101,107" machi="101" ten="20,8000,1" yaku="1,1,2,1,0,1,7,1,52,1,53,0" doraHai="43,60,21" doraHaiUra="41,80,65" who="1" fromWho="1" sc="256,-21,133,93,212,-21,389,-41" /><INIT seed="4,0,0,2,3,56" ten="235,226,191,348" oya="0" hai0="48,97,68,36,62,30,8,49,18,66,24,2,80" hai1="54,37,128,1,98,67,133,129,34,117,85,61,69" hai2="5,79,44,99,88,59,15,93,122,47,41,11,42" hai3="17,113,40,14,33,51,127,63,28,9,21,135,39"/><T84/><D36/><U124/><E117/><V89/><F122/><W12/><G39/><T64/><D64/><U118/><E118/><V77/><F89/><W86/><G33/><T112/><D112/><U132/><E34/><V58/><F47/><W7/><G28/><T103/><D18/><U102/><E1/><V104/><F104/><W38/><G38/><T20/><D8/><U45/><E85/><V130/><F130/><N who="1" m="50281" /><E124/><V94/><F94/><W13/><G86/><T55/><D55/><U16/><E16/><N who="2" m="8319" /><F44/><W105/><G17/><T100/><D2/><U114/><E114/><V87/><F5/><W57/><G7/><T71/><D71/><U43/><E54/><V26/><F26/><W76/><G127/><T125/><D125/><U46/><E46/><V6/><F6/><W109/><G105/><AGARI ba="0,0" hai="37,43,45,61,67,69,98,102,105,132,133" m="50281" machi="105" ten="30,3900,0" yaku="19,1,23,1,52,1" doraHai="56" who="1" fromWho="3" sc="235,0,226,39,191,0,348,-39" /><INIT seed="5,0,0,5,0,63" ten="235,265,191,309" oya="1" hai0="4,97,100,46,121,18,119,102,91,47,118,23,84" hai1="117,58,75,74,72,120,39,49,81,73,89,105,116" hai2="3,48,123,110,98,129,7,54,9,125,16,132,80" hai3="82,103,108,109,51,43,1,79,69,14,68,50,101"/><U13/><E120/><V106/><F123/><W59/><G1/><T55/><D121/><U41/><E105/><V11/><F110/><W28/><G28/><T33/><D33/><U53/><E13/><V86/><F129/><W34/><G34/><T78/><D78/><U31/><E31/><V62/><F125/><W135/><G14/><T94/><D4/><U76/><REACH who="1" step="1"/><E89/><REACH who="1" ten="235,255,191,309" step="2"/><V5/><F132/><W90/><G90/><T87/><D91/><U24/><E24/><V114/><F114/><W26/><G26/><T127/><D119/><U61/><E61/><V52/><F62/><W22/><G135/><T122/><D118/><U77/><E77/><V6/><F106/><W126/><G79/><T133/><D133/><U29/><E29/><V134/><F134/><W17/><G126/><T57/><D127/><U107/><E107/><V124/><F124/><W12/><G12/><N who="0" m="9671" /><D122/><U15/><E15/><N who="2" m="7295" /><F3/><W2/><G2/><T130/><D130/><U131/><E131/><V95/><F9/><W8/><G8/><T96/><D102/><U21/><E21/><V37/><F37/><W66/><G22/><T56/><D100/><U71/><E71/><V27/><F48/><W112/><G51/><T0/><D0/><U42/><E42/><V20/><F27/><W93/><G43/><T83/><D55/><U64/><E64/><V60/><F20/><W115/><G68/><T104/><D104/><U19/><E19/><V111/><F111/><W70/><G69/><T88/><D88/><U10/><E10/><V40/><F54/><W25/><G109/><T65/><D65/><RYUUKYOKU ba="0,1" sc="235,-10,255,30,191,-10,309,-10" hai1="39,41,49,53,58,72,73,74,75,76,81,116,117" /><INIT seed="5,1,1,0,5,99" ten="225,285,181,299" oya="1" hai0="3,77,6,14,122,84,5,57,123,125,56,108,107" hai1="12,112,132,117,120,67,66,0,102,70,23,92,100" hai2="90,78,94,22,65,72,44,69,7,55,135,28,111" hai3="131,48,80,54,30,13,106,34,119,40,58,41,83"/><U21/><E120/><N who="0" m="46121" /><D108/><U105/><E117/><V50/><F111/><W81/><G106/><T91/><D3/><U24/><E0/><V4/><F135/><W63/><G34/><T31/><D125/><U18/><E105/><V93/><F72/><W86/><G131/><T79/><D107/><U59/><E70/><V47/><F78/><N who="0" m="29706" /><D31/><N who="1" m="17807" /><E112/><V104/><F104/><W46/><G30/><T128/><D128/><U15/><E132/><V45/><F65/><N who="1" m="24585" /><E59/><N who="0" m="22601" /><D14/><N who="1" m="5163" /><E92/><AGARI ba="1,1" hai="5,6,84,91,92" m="22601,29706,46121" machi="92" ten="30,1000,0" yaku="13,1" doraHai="99" who="0" fromWho="1" sc="225,23,285,-13,181,0,299,0" /><INIT seed="6,0,0,4,2,120" ten="248,272,181,299" oya="2" hai0="88,80,108,2,54,69,61,112,126,78,114,109,46" hai1="28,25,102,91,85,29,5,65,34,105,95,55,130" hai2="107,79,24,122,15,124,33,96,103,9,63,101,113" hai3="135,123,87,0,13,66,32,64,127,77,8,132,111"/><V1/><F122/><W121/><G111/><T12/><D2/><U3/><E130/><V89/><F113/><N who="0" m="43626" /><D126/><U115/><E29/><V27/><F124/><W117/><G32/><T131/><D131/><U119/><E119/><V99/><F1/><W20/><G20/><T44/><D12/><U50/><E65/><N who="3" m="25194" /><G117/><T125/><D125/><U18/><E115/><V4/><F33/><W51/><G0/><T59/><D69/><U31/><E31/><V30/><F30/><W70/><G70/><T53/><D88/><U73/><E3/><V58/><F79/><W38/><G38/><T75/><D53/><U94/><E55/><V10/><F89/><W23/><G23/><T104/><D104/><U17/><E105/><V49/><F49/><W76/><G51/><T81/><D81/><U57/><E50/><V48/><F48/><W116/><G116/><T93/><D93/><U62/><E94/><V7/><F107/><W71/><G71/><T26/><D26/><U92/><E92/><V6/><F6/><W100/><G127/><T83/><D83/><U97/><E5/><V22/><F22/><W52/><G52/><T72/><D72/><U128/><E73/><V37/><F37/><W98/><G123/><T41/><D41/><U19/><E128/><V39/><F39/><W129/><G121/><T118/><D118/><U16/><N who="1" m="4096" /><DORA hai="21" /><U86/><E91/><V84/><F15/><W134/><G129/><T90/><D90/><U82/><E82/><V11/><F84/><W42/><G87/><T106/><D106/><U47/><E47/><AGARI ba="0,0" hai="44,46,47,54,59,61,75,78,80,108,109" m="43626" machi="47" ten="30,3900,0" yaku="15,1,52,2" doraHai="120,21" who="0" fromWho="1" sc="248,39,272,-39,181,0,299,0" /><INIT seed="7,0,0,1,1,73" ten="287,233,181,299" oya="3" hai0="11,14,39,94,135,2,120,59,46,83,3,61,1" hai1="68,108,123,53,49,88,132,9,12,113,17,99,95" hai2="109,78,60,121,97,107,110,106,87,31,133,15,47" hai3="112,27,6,35,23,54,89,124,118,85,19,76,4"/><W80/><G118/><T21/><D120/><U32/><E123/><V5/><F121/><W103/><G35/><T48/><D39/><U29/><E108/><V40/><F133/><W22/><G112/><T92/><D21/><U96/><E68/><V84/><F31/><W50/><G103/><T20/><D20/><U52/><E113/><V101/><F107/><W114/><G124/><T7/><D83/><U37/><E37/><V93/><F60/><W116/><G116/><T10/><D10/><U0/><E132/><V33/><F33/><W69/><G69/><T111/><D111/><U119/><E119/><V70/><F70/><W34/><G34/><T36/><D36/><U44/><E0/><V63/><F63/><W16/><G89/><T100/><D100/><U26/><REACH who="1" step="1"/><E53/><REACH who="1" ten="287,223,181,299" step="2"/><V71/><F71/><W41/><G41/><T42/><REACH who="0" step="1"/><D135/><REACH who="0" ten="277,223,181,299" step="2"/><U105/><E105/><V45/><F106/><W81/><G114/><T30/><D30/><U43/><E43/><V129/><F129/><W128/><G128/><T75/><D75/><U117/><E117/><V18/><F40/><W91/><G54/><AGARI ba="0,2" hai="1,2,3,7,11,14,42,46,48,54,59,61,92,94" machi="54" ten="40,1300,0" yaku="1,1,53,0" doraHai="73" doraHaiUra="126" who="0" fromWho="3" sc="277,33,223,0,181,0,299,-13" owari="310,41.0,223,-18.0,181,-32.0,286,9.0" /></mjloggm>