<mjloggm ver="2.3"><GO type="233" lobby="0"/><UN n0="%E3%82%A6%E3%83%AB%E3%83%88%E3%83%A9%E7%AB%8B%E7%9B%B4" n1="%E5%B0%8F%E9%98%AA%E3%81%A1%E3%81%B2%E3%82%8D" n2="%E3%81%8A%E7%9F%A5%E3%82%89%E3%81%9B" n3="%E3%82%B4%E3%83%BC%E3%83%AB%E3%83%87%E3%83%B3%E3%81%B2%E3%82%88%E3%81%93" dan="17,16,17,16" rate="2204.35,2148.84,2123.84,2105.84" sx="M,F,M,M"/><TAIKYOKU oya="0"/><INIT seed="0,0,0,5,1,72" ten="250,250,250,250" oya="0" hai0="21,76,63,86,18,31,11,13,57,49,24,106,2" hai1="55,14,125,102,41,64,105,10,97,80,108,124,25" hai2="98,127,6,48,46,107,56,128,34,103,89,117,3" hai3="58,96,42,0,74,87,78,20,40,135,35,53,88"/><T123/><D106/><U47/><E108/><V15/><F34/><W91/><G35/><T101/><D101/><U27/><E55/><V118/><F128/><W28/><G74/><T12/><D123/><U36/><E64/><V8/><F127/><N who="1" m="48713" /><E80/><V94/><F56/><W9/><G135/><T44/><D2/><U19/><AGARI ba="0,0" hai="10,14,19,25,27,36,41,47,97,102,105" m="48713" machi="19" ten="30,1100,0" yaku="18,1" doraHai="72" who="1" fromWho="1" sc="250,-5,250,11,250,-3,250,-3" /><INIT seed="1,0,0,4,0,124" ten="245,261,247,247" oya="1" hai0="48,16,10,80,21,66,0,18,5,116,107,87,12" hai1="26,133,37,55,115,110,29,2,84,4,72,70,78" hai2="59,6,117,35,95,123,73,91,111,54,100,62,52" hai3="40,102,25,19,50,83,17,101,130,3,23,85,131"/><U13/><E115/><V27/><F123/><W109/><G3/><T105/><D116/><U71/><E133/><V125/><F117/><W34/><G34/><T46/><D66/><U93/><E13/><V41/><F73/><W49/><G109/><T114/><D18/><U24/><E110/><V38/><F6/><W11/><G11/><T89/><REACH who="0" step="1"/><D114/><REACH who="0" ten="235,261,247,247" step="2"/><U134/><E134/><V120/><F111/><W68/><G17/><T36/><D36/><U79/><E37/><V33/><F38/><W128/><G68/><T75/><D75/><U22/><E72/><V98/><F125/><W74/><G74/><T44/><D44/><U86/><E70/><V135/><F135/><W126/><G126/><T57/><D57/><U39/><E71/><V103/><F120/><W42/><G42/><AGARI ba="0,1" hai="0,5,10,12,16,21,42,46,48,80,87,89,105,107" machi="42" ten="30,3900,0" yaku="1,1,7,1,54,1,53,0" doraHai="124" doraHaiUra="113" who="0" fromWho="3" sc="235,49,261,0,247,0,247,-39" /><INIT seed="2,0,0,0,1,107" ten="284,261,247,208" oya="2" hai0="8,56,109,96,81,21,0,90,53,16,6,69,9" hai1="43,74,110,128,134,106,113,20,37,78,82,126,2" hai2="11,25,117,35,13,84,12,125,119,98,50,36,95" hai3="14,48,57,23,87,52,104,67,3,105,76,66,45"/><V63/><F36/><W15/><G3/><T85/><D69/><U10/><RYUUKYOKU type="yao9" ba="0,0" sc="284,0,261,0,247,0,208,0" hai1="2,10,20,37,43,74,78,82,106,110,113,126,128,134" /><INIT seed="2,1,0,0,0,87" ten="284,261,247,208" oya="2" hai0="100,10,52,48,109,17,63,41,1,51,70,115,50" hai1="130,12,134,77,14,24,3,123,34,94,29,44,116" hai2="83,66,72,108,55,28,64,35,74,33,121,95,68" hai3="92,71,43,36,23,2,127,103,26,126,128,107,65"/><V45/><F121/><W31/><G2/><T78/><D115/><U80/><E116/><V18/><F108/><W112/><G112/><T8/><D109/><U106/><E106/><V132/><F132/><W75/><G75/><T40/><D70/><U93/><E134/><V111/><F111/><W47/><G128/><T120/><D120/><U69/><E69/><V19/><F68/><W86/><G107/><T117/><D117/><U90/><E3/><V11/><F95/><W110/><G110/><T15/><D78/><U0/><E0/><V56/><F45/><W73/><G73/><T122/><D122/><U39/><E130/><V9/><F56/><W21/><G21/><N who="0" m="11455" /><D100/><U82/><E94/><V61/><F83/><W84/><G71/><T46/><D1/><U16/><E123/><V7/><F61/><W124/><REACH who="3" step="1"/><G65/><REACH who="3" ten="284,261,247,198" step="2"/><T88/><D8/><U135/><E135/><V54/><REACH who="2" step="1"/><F28/><REACH who="2" ten="284,261,237,198" step="2"/><W22/><G22/><T101/><D10/><U4/><E29/><V114/><F114/><W5/><G5/><AGARI ba="1,2" hai="5,7,9,11,18,19,33,35,54,55,64,66,72,74" machi="5" ten="25,12000,1" yaku="1,1,22,2,53,2" doraHai="87" doraHaiUra="105" who="2" fromWho="3" sc="284,0,261,0,237,143,198,-123" /><INIT seed="2,2,0,3,1,4" ten="284,261,380,75" oya="2" hai0="14,8,133,99,69,0,121,64,19,93,78,77,56" hai1="74,134,33,73,12,95,9,91,81,7,87,114,26" hai2="83,102,67,10,22,72,18,40,51,32,70,100,123" hai3="53,115,96,75,16,80,127,120,118,94,107,126,109"/><V38/><F123/><W47/><G53/><T131/><D121/><U110/><E114/><V24/><F38/><W48/><G47/><T105/><D105/><U29/><E110/><V28/><F67/><W50/><G48/><T41/><D69/><U97/><REACH who="1" step="1"/><E134/><REACH who="1" ten="284,251,380,75" step="2"/><V43/><F70/><W79/><G109/><T58/><D133/><U30/><E30/><V31/><F31/><W98/><G120/><T92/><D131/><U124/><E124/><V34/><F28/><W112/><G118/><T3/><D3/><U27/><E27/><V122/><F24/><W84/><G126/><T49/><D0/><U63/><E63/><V44/><F122/><W36/><G127/><T60/><D93/><U25/><E25/><V21/><F83/><W135/><G94/><T55/><REACH who="0" step="1"/><D41/><REACH who="0" ten="274,251,380,75" step="2"/><U111/><E111/><V129/><F43/><W42/><G42/><T103/><AGARI ba="2,2" hai="8,14,19,49,55,56,58,60,64,77,78,92,99,103" machi="103" ten="20,12000,2" yaku="1,1,2,1,0,1,7,1,8,1,52,1,53,1" doraHai="4" doraHaiUra="89" who="0" fromWho="0" sc="274,146,251,-32,380,-62,75,-32" /><INIT seed="3,0,0,5,3,90" ten="420,219,318,43" oya="3" hai0="86,109,126,79,8,0,4,93,12,17,47,94,24" hai1="45,82,87,48,106,122,55,5,73,35,52,14,107" hai2="41,130,34,92,42,112,83,18,80,20,67,123,1" hai3="105,31,50,40,26,6,19,127,81,53,128,37,7"/><W58/><G105/><T108/><D126/><U117/><E122/><V29/><F1/><W28/><G127/><T120/><D24/><U38/><E35/><V124/><F112/><W39/><G128/><T103/><D103/><U68/><E68/><V71/><F34/><W85/><G37/><T10/><D47/><U11/><E73/><V36/><F29/><N who="3" m="11339" /><G39/><T134/><D120/><U113/><E113/><V98/><F124/><W60/><G26/><T115/><D115/><U135/><E135/><V46/><F130/><W51/><G19/><T23/><D23/><U76/><E117/><V125/><F123/><W132/><G132/><T91/><D79/><U116/><E116/><V75/><F75/><W9/><G40/><T15/><D0/><U97/><E38/><V3/><F3/><W88/><G7/><T56/><D56/><U119/><E119/><V102/><F42/><W49/><G6/><T131/><D131/><U77/><E77/><V2/><F2/><W74/><G74/><T101/><D134/><U70/><E70/><V21/><F125/><W25/><G25/><T99/><AGARI ba="0,0" hai="4,8,10,12,15,17,86,91,93,94,99,101,108,109" machi="99" ten="30,4000,0" yaku="0,1,52,2" doraHai="90" who="0" fromWho="0" sc="420,40,219,-10,318,-10,43,-20" /><INIT seed="4,0,0,4,0,129" ten="460,209,308,23" oya="0" hai0="55,18,101,133,86,89,117,40,119,72,70,111,15" hai1="10,56,107,48,3,87,37,62,45,50,98,126,28" hai2="134,88,99,110,60,90,113,43,82,109,9,12,96" hai3="42,114,103,106,97,93,100,53,26,132,105,123,0"/><T32/><D70/><U14/><E3/><V58/><F43/><W124/><G0/><T130/><D72/><U61/><E126/><V19/><F113/><W104/><G42/><T1/><D1/><U7/><E28/><V65/><F82/><W34/><G114/><T39/><D32/><U30/><E30/><V80/><F80/><W115/><G115/><T127/><D101/><U17/><E37/><V94/><F134/><W120/><G34/><T128/><D133/><U38/><E38/><V11/><F11/><W6/><G26/><T91/><D55/><U33/><E33/><V20/><F9/><W78/><G6/><T25/><D25/><U112/><E112/><V79/><F79/><W121/><G132/><T71/><D71/><U49/><E87/><V27/><F12/><W5/><G5/><T122/><D122/><U2/><E45/><V73/><F73/><W68/><G68/><T22/><D127/><U4/><E4/><V75/><F75/><W77/><G53/><T46/><D111/><U64/><E107/><V35/><F35/><W13/><G13/><T63/><D63/><U95/><E62/><V31/><F19/><W29/><G29/><T67/><D67/><U84/><E2/><V118/><F118/><N who="0" m="45066" /><D86/><U76/><E7/><V21/><F21/><W8/><G124/><T23/><D23/><U116/><E84/><V36/><F36/><W83/><G8/><T52/><D52/><U54/><E54/><V59/><F59/><W125/><G125/><T69/><D69/><U74/><E116/><V108/><F108/><W85/><G77/><RYUUKYOKU ba="0,0" sc="460,10,209,-30,308,10,23,10" hai0="15,18,22,39,40,46,89,91,128,130" hai2="20,27,31,58,60,65,88,90,94,96,99,109,110" hai3="78,83,85,93,97,100,103,104,105,106,120,121,123" /><INIT seed="4,1,0,0,0,116" ten="470,179,318,33" oya="0" hai0="65,112,135,113,61,94,79,4,101,8,36,17,0" hai1="120,20,51,103,86,75,53,88,42,41,90,119,129" hai2="109,71,9,19,121,49,44,54,115,89,11,27,12" hai3="81,107,6,50,110,105,73,133,13,25,76,22,130"/><T78/><D36/><U106/><E119/><V55/><F71/><W118/><G118/><T29/><D29/><U2/><E75/><V82/><F109/><W40/><G110/><T46/><D46/><U131/><E2/><V63/><F115/><N who="0" m="44106" /><D17/><U70/><E70/><V128/><F128/><N who="1" m="49225" /><E103/><V24/><F11/><W7/><G130/><T39/><D39/><U48/><E106/><V123/><F55/><W26/><G133/><T31/><D31/><U23/><E120/><N who="2" m="46155" /><F63/><W16/><G26/><T111/><D135/><U43/><E53/><V98/><F98/><W67/><G67/><T72/><D72/><U96/><E96/><V3/><F3/><W32/><G6/><T33/><D111/><U45/><E45/><V93/><F93/><W95/><G40/><T114/><D114/><U132/><E132/><V68/><F68/><W28/><G7/><T66/><D66/><U77/><E77/><V37/><F37/><W34/><G34/><T21/><D33/><U74/><E74/><V99/><F99/><W84/><REACH who="3" step="1"/><G50/><REACH who="3" ten="470,179,318,23" step="2"/><N who="1" m="18986" /><E86/><AGARI ba="1,1" hai="9,12,19,24,27,44,49,54,82,86,89" m="46155" machi="86" ten="30,7700,0" yaku="25,1,52,3" doraHai="116" who="2" fromWho="1" sc="470,0,179,-80,318,90,23,0" /><INIT seed="5,0,0,1,2,118" ten="470,99,408,23" oya="1" hai0="26,9,0,89,15,90,20,21,120,132,125,48,23" hai1="34,57,36,107,116,51,102,13,52,80,127,101,95" hai2="8,103,27,22,45,108,28,61,86,2,1,47,59" hai3="110,117,111,106,70,66,105,60,82,84,93,112,119"/><U72/><E36/><V75/><F75/><W39/><G39/><T92/><D120/><U31/><E116/><N who="3" m="44618" /><G70/><T18/><D0/><U55/><E107/><N who="3" m="40970" /><G60/><T126/><D132/><U91/><E127/><N who="0" m="48649" /><D48/><U11/><E34/><V123/><F103/><W134/><G66/><T17/><D90/><U104/><E104/><V16/><F86/><AGARI ba="0,0" hai="9,15,17,18,20,21,23,26,86,89,92" m="48649" machi="86" ten="30,1000,0" yaku="18,1" doraHai="118" who="0" fromWho="2" sc="470,10,99,0,408,-10,23,0" /><INIT seed="6,0,0,0,0,74" ten="480,99,398,23" oya="2" hai0="122,34,18,120,11,51,9,28,31,25,123,8,1" hai1="32,22,44,30,121,117,48,36,37,106,49,110,21" hai2="15,29,82,109,84,89,66,81,41,19,90,86,99" hai3="60,57,56,112,50,13,100,130,97,104,10,133,52"/><V54/><F109/><W75/><G130/><T39/><D51/><U43/><E106/><V26/><F66/><W45/><G133/><T27/><D39/><U111/><E117/><V71/><F71/><W42/><G112/><T59/><D59/><U134/><E134/><V47/><F54/><W14/><G75/><T135/><D135/><U33/><E30/><V20/><F99/><W73/><G73/><T0/><D18/><U103/><E103/><V92/><F92/><W68/><G68/><T94/><D94/><U128/><E128/><V12/><REACH who="2" step="1"/><F29/><REACH who="2" ten="480,99,388,23" step="2"/><W78/><G78/><T129/><D129/><U65/><E65/><V101/><F101/><W77/><G77/><T80/><D80/><U40/><E121/><V95/><F95/><W5/><REACH who="3" step="1"/><G57/><REACH who="3" ten="480,99,388,13" step="2"/><T23/><AGARI ba="0,2" hai="0,1,8,9,11,23,25,27,28,31,34,120,122,123" machi="23" ten="40,8000,1" yaku="0,1,34,3" doraHai="74" who="0" fromWho="0" sc="480,100,99,-20,388,-40,13,-20" owari="580,68.0,79,-32.0,348,15.0,-7,-51.0" /></mjloggm>