<mjloggm ver="2.3"><GO type="169" lobby="0"/><UN n0="%4D%49%40%34%32%38" n1="%E5%B0%B1%E6%B4%BB%E7%94%9F%40%E5%B7%9D%E6%9D%91%E8%BB%8D%E5%9B%A3" n2="%E3%81%84%E3%81%9F%E3%83%92%E3%83%AD" n3="%E9%9D%92%E7%8C%AB" dan="17,17,16,17" rate="2297.27,2226.53,2086.87,2081.03" sx="M,M,M,M"/><TAIKYOKU oya="0"/><INIT seed="0,0,0,2,4,54" ten="250,250,250,250" oya="0" hai0="124,108,120,102,114,4,82,7,85,6,10,30,35" hai1="119,126,63,22,14,134,24,91,38,61,118,122,90" hai2="77,15,87,1,71,31,27,84,40,116,94,55,127" hai3="33,133,105,121,113,50,12,53,70,49,117,3,60"/><T86/><D114/><U57/><E122/><V88/><F1/><W130/><RYUUKYOKU type="yao9" ba="0,0" sc="250,0,250,0,250,0,250,0" hai3="3,12,33,49,50,53,60,70,105,113,117,121,130,133" /><INIT seed="0,1,0,5,5,95" ten="250,250,250,250" oya="0" hai0="25,130,92,18,70,59,20,60,109,133,49,115,47" hai1="15,38,131,6,119,66,126,120,36,77,96,128,94" hai2="74,17,85,108,98,3,55,110,53,112,68,117,116" hai3="11,113,76,2,67,8,123,78,46,50,69,26,7"/><T9/><D115/><U125/><E119/><N who="2" m="45643" /><F74/><W1/><G113/><T111/><D70/><U34/><E34/><V58/><F68/><W44/><G123/><T23/><D133/><U64/><E77/><V73/><F73/><W88/><G46/><T29/><D130/><N who="1" m="49707" /><E6/><V43/><F3/><W107/><G107/><T33/><D9/><U122/><E15/><V75/><F75/><W37/><G37/><N who="1" m="14442" /><E96/><V87/><F43/><W65/><G26/><T104/><D104/><U80/><E94/><V132/><F132/><W45/><G7/><T102/><D33/><U40/><E80/><V62/><F17/><W56/><G69/><T118/><D118/><U41/><E41/><V39/><F39/><W42/><G42/><N who="0" m="24823" /><D102/><U84/><E84/><N who="2" m="32331" /><F53/><W93/><G2/><T0/><D0/><U22/><E22/><V100/><F112/><W5/><G11/><T27/><D92/><AGARI ba="1,0" hai="55,58,62,92,98,100,108,110" m="32331,45643" machi="92" ten="30,2000,0" yaku="12,1,52,1" doraHai="95" who="2" fromWho="0" sc="250,-23,250,0,250,23,250,0" /><INIT seed="1,0,0,0,4,115" ten="227,250,273,250" oya="1" hai0="5,91,80,31,130,114,64,6,40,70,21,133,113" hai1="66,45,48,108,100,54,11,61,58,20,51,33,95" hai2="135,32,99,53,101,41,84,37,23,47,112,123,87" hai3="90,13,116,85,8,77,126,16,121,102,60,93,132"/><U38/><E33/><V30/><F123/><W120/><G132/><T76/><D133/><U79/><E108/><V36/><F36/><W17/><G126/><T129/><D40/><U73/><E38/><V106/><F112/><N who="0" m="43114" /><D64/><U65/><E73/><V44/><F32/><W26/><G77/><T89/><D70/><U7/><E79/><V2/><F2/><W15/><G102/><T75/><D21/><U12/><E20/><V0/><F0/><W34/><G116/><T104/><D31/><U92/><E66/><V82/><F135/><W50/><G60/><T4/><D104/><U118/><E118/><V63/><F82/><W39/><G39/><T72/><D72/><U122/><E122/><V83/><F83/><W28/><REACH who="3" step="1"/><G50/><REACH who="3" ten="227,250,273,240" step="2"/><T69/><D69/><U57/><REACH who="1" step="1"/><E100/><REACH who="1" ten="227,240,273,240" step="2"/><V71/><F101/><W35/><G35/><T67/><D67/><U3/><E3/><V56/><F37/><W68/><G68/><T29/><D76/><U24/><E24/><V131/><F71/><W9/><AGARI ba="0,2" hai="8,9,13,15,16,17,26,28,34,85,90,93,120,121" machi="9" ten="20,8000,1" yaku="1,1,0,1,7,1,9,1,54,1,53,0" doraHai="115" doraHaiUra="74" who="3" fromWho="3" sc="227,-20,240,-40,273,-20,240,100" /><INIT seed="2,0,0,2,0,18" ten="207,200,253,340" oya="2" hai0="106,92,33,110,42,6,115,1,45,4,14,125,78" hai1="39,72,75,98,126,85,123,49,20,7,127,44,21" hai2="109,37,5,47,27,29,122,63,67,12,79,128,96" hai3="93,55,30,131,129,38,52,77,58,117,74,3,124"/><V53/><F122/><W66/><G38/><T114/><D106/><U24/><E39/><V88/><F128/><N who="3" m="49227" /><G3/><T113/><D78/><U102/><E7/><V81/><F109/><W46/><G117/><T54/><D54/><N who="1" m="29991" /><E85/><V26/><F26/><W25/><G124/><N who="1" m="47658" /><E123/><V11/><F37/><W116/><G116/><T57/><D57/><U83/><E83/><V23/><F47/><W132/><G132/><T9/><D92/><N who="1" m="58695" /><E24/><V15/><F53/><W91/><G46/><T134/><D45/><U71/><E71/><V119/><F119/><W111/><G111/><T10/><D42/><U108/><E108/><V56/><F15/><W76/><G74/><AGARI ba="0,0" hai="20,21,72,74,75" m="58695,47658,29991" machi="74" ten="30,3900,0" yaku="18,1,52,2" doraHai="18" who="1" fromWho="3" sc="207,0,200,39,253,0,340,-39" /><INIT seed="3,0,0,0,5,48" ten="207,239,253,301" oya="3" hai0="52,16,80,29,86,87,65,64,119,43,18,101,134" hai1="22,57,108,91,88,112,96,61,102,75,44,77,115" hai2="113,8,58,103,111,114,105,13,26,7,84,60,135" hai3="74,120,36,62,116,66,14,4,21,15,67,37,69"/><W81/><G116/><T118/><D134/><U127/><E108/><V129/><F111/><W40/><G120/><T41/><D29/><U55/><E127/><V82/><F135/><W56/><G40/><N who="0" m="15435" /><D119/><U9/><E75/><V10/><F129/><W3/><G3/><T31/><D31/><U34/><E34/><V124/><F124/><W19/><G67/><N who="0" m="25675" /><D101/><U104/><E77/><V68/><F68/><W59/><G37/><T20/><D118/><U11/><E44/><V130/><F130/><W132/><G36/><T5/><D5/><U76/><E76/><V123/><F123/><W51/><G132/><T35/><D35/><U100/><E100/><V0/><F26/><W109/><G109/><T12/><D18/><U90/><REACH who="1" step="1"/><E22/><REACH who="1" ten="207,229,253,301" step="2"/><V97/><F113/><AGARI ba="0,1" hai="9,11,55,57,61,88,90,91,96,102,104,112,113,115" machi="113" ten="40,8000,1" yaku="1,1,2,1,52,1,54,1,53,1" doraHai="48" doraHaiUra="92" who="1" fromWho="2" sc="207,0,229,90,253,-80,301,0" /><INIT seed="4,0,0,0,0,89" ten="207,319,173,301" oya="0" hai0="72,86,85,10,116,122,2,112,16,57,3,135,22" hai1="39,25,65,131,81,103,90,60,50,15,115,102,29" hai2="76,67,26,66,55,124,110,62,78,36,54,128,105" hai3="70,64,21,30,58,87,126,106,97,63,111,0,12"/><T17/><D116/><U32/><E39/><V99/><F36/><W68/><G0/><T46/><D122/><U88/><E131/><V71/><F128/><W74/><G74/><T96/><D72/><U7/><E115/><V31/><F110/><W37/><G37/><T8/><D112/><U69/><E50/><V44/><F67/><W40/><G40/><T43/><D135/><U91/><REACH who="1" step="1"/><E81/><REACH who="1" ten="207,309,173,301" step="2"/><V47/><F124/><W94/><G126/><T11/><D57/><U45/><E45/><V28/><F47/><W19/><G111/><T98/><D46/><U109/><E109/><V104/><F44/><W13/><G70/><T73/><D43/><U51/><E51/><V38/><F38/><W83/><G68/><T84/><D73/><U119/><E119/><V129/><F129/><W107/><G83/><T120/><D120/><U130/><E130/><V133/><F133/><W53/><G63/><T35/><D35/><U123/><E123/><V41/><F41/><W34/><G34/><T132/><D132/><U14/><E14/><V24/><F62/><W6/><G13/><T79/><D79/><U117/><E117/><V4/><F71/><W92/><G12/><T56/><D56/><U27/><E27/><V59/><F59/><W33/><G58/><T77/><D77/><U93/><E93/><V82/><F66/><W42/><G64/><T18/><REACH who="0" step="1"/><D22/><REACH who="0" ten="197,309,173,301" step="2"/><U80/><E80/><V108/><F82/><W118/><G21/><T127/><D127/><U61/><E61/><V134/><F108/><W113/><G118/><T1/><AGARI ba="0,2" hai="1,2,3,8,10,11,16,17,18,84,85,86,96,98" machi="1" ten="50,48000,5" yakuman="40" doraHai="89" doraHaiUra="5" who="0" fromWho="0" sc="197,500,309,-160,173,-160,301,-160" /><INIT seed="4,1,0,5,5,84" ten="697,149,13,141" oya="0" hai0="57,6,46,13,128,118,117,70,21,55,74,108,53" hai1="29,114,73,79,89,105,44,127,37,16,30,22,43" hai2="98,120,122,68,51,18,67,87,36,119,124,78,2" hai3="35,80,100,101,76,8,125,42,102,64,63,58,103"/><T97/><D70/><U34/><E127/><V9/><F36/><W66/><G35/><T49/><D74/><U33/><E105/><V72/><F119/><W132/><G125/><T17/><D128/><U31/><E114/><V60/><F124/><W71/><G132/><T91/><D108/><U106/><E106/><V7/><F72/><W88/><G42/><T61/><REACH who="0" step="1"/><D6/><REACH who="0" ten="687,149,13,141" step="2"/><U90/><E73/><V10/><F98/><W25/><G71/><T92/><AGARI ba="1,1" hai="13,17,21,46,49,53,55,57,61,91,92,97,117,118" machi="92" ten="30,12000,1" yaku="1,1,2,1,0,1,52,1,53,1" doraHai="84" doraHaiUra="59" who="0" fromWho="0" sc="687,133,149,-41,13,-41,141,-41" owari="820,92.0,108,-9.0,-28,-53.0,100,-30.0" /></mjloggm>