<mjloggm ver="2.3"><GO type="169" lobby="0"/><UN n0="%E5%B0%B1%E6%B4%BB%E7%94%9F%40%E5%B7%9D%E6%9D%91%E8%BB%8D%E5%9B%A3" n1="%E4%B8%96%E7%95%8C%E3%81%AE%E9%9D%92%E6%9C%A8" n2="%68%65%61%6C%74%68%79%37" n3="%E3%82%84%E3%81%BE%E3%81%AA%E3%81%84%E9%9B%A8" dan="18,16,17,16" rate="2220.20,2070.10,2207.90,2066.57" sx="M,M,M,F"/><TAIKYOKU oya="0"/><INIT seed="0,0,0,0,3,94" ten="250,250,250,250" oya="0" hai0="73,84,22,72,59,91,81,120,38,98,106,5,32" hai1="121,79,105,14,2,45,100,92,8,77,126,82,103" hai2="64,70,56,110,124,129,95,6,74,108,61,18,9" hai3="131,47,17,109,37,89,127,85,3,24,25,28,15"/><T133/><D32/><U13/><E121/><V71/><F74/><W135/><G3/><T111/><D120/><U97/><E126/><V78/><F124/><W69/><G69/><T16/><D38/><U31/><E2/><V27/><F78/><W130/><G127/><T123/><D123/><U1/><E1/><V67/><F129/><W132/><G37/><T76/><D111/><N who="2" m="42538" /><F67/><W53/><G109/><T128/><D128/><N who="3" m="49193" /><G53/><T42/><D133/><N who="3" m="51273" /><G47/><T29/><D29/><U10/><E31/><V55/><F95/><N who="3" m="54703" /><G28/><T107/><D42/><U87/><E45/><V134/><F134/><W65/><G65/><T4/><D59/><U122/><E122/><V113/><F64/><W62/><G62/><T33/><D33/><U43/><E43/><V50/><F61/><W63/><G63/><T96/><D106/><U88/><E105/><V114/><F70/><W86/><G86/><N who="0" m="48423" /><D107/><U102/><REACH who="1" step="1"/><E79/><REACH who="1" ten="250,240,250,250" step="2"/><V112/><F113/><W34/><G34/><T80/><D72/><U58/><E58/><V26/><F114/><W60/><G60/><T115/><D73/><U12/><AGARI ba="0,1" hai="8,10,12,13,14,77,82,87,88,92,97,100,102,103" machi="12" ten="30,8000,1" yaku="1,1,0,1,8,1,52,1,54,1,53,0" doraHai="94" doraHaiUra="30" who="1" fromWho="1" sc="250,-40,240,90,250,-20,250,-20" /><INIT seed="1,0,0,0,5,51" ten="210,330,230,230" oya="1" hai0="133,111,62,103,113,23,67,124,83,86,89,22,7" hai1="68,13,17,64,48,42,84,96,9,116,27,16,59" hai2="74,61,105,72,106,15,118,65,35,45,46,19,95" hai3="91,112,127,101,5,82,80,125,109,53,135,37,126"/><U120/><E116/><V79/><F35/><W55/><G112/><T4/><D113/><U70/><E120/><V39/><F118/><W26/><G37/><T24/><D124/><U41/><E70/><V117/><F117/><W121/><G121/><T99/><D133/><U108/><E108/><V104/><F39/><W28/><G135/><T122/><D122/><U44/><E68/><V38/><F38/><W10/><G101/><T47/><D47/><U2/><E2/><V40/><F95/><W97/><G109/><T87/><D87/><U49/><E96/><V129/><F129/><W3/><G97/><T134/><D134/><U58/><E84/><V30/><F30/><W100/><G100/><T85/><D85/><U93/><E93/><V130/><F130/><W0/><G0/><T132/><D23/><N who="1" m="13807" /><E64/><V21/><F40/><N who="1" m="15465" /><E48/><V92/><F92/><W18/><G18/><T88/><D132/><U31/><E31/><V60/><F72/><W123/><G123/><T29/><D111/><U34/><E34/><V14/><F65/><W90/><G82/><T57/><REACH who="0" step="1"/><D89/><REACH who="0" ten="200,330,230,230" step="2"/><N who="3" m="33801" /><G80/><T110/><D110/><U119/><E119/><V102/><F74/><W73/><G73/><T94/><AGARI ba="0,1" hai="4,7,22,24,29,57,62,67,83,86,88,94,99,103" machi="94" ten="20,12000,2" yaku="1,1,0,1,7,1,25,2,8,1,54,1,53,0" doraHai="51" doraHaiUra="107" who="0" fromWho="0" sc="200,130,330,-60,230,-30,230,-30" /><INIT seed="2,0,0,0,5,64" ten="330,270,200,200" oya="2" hai0="85,33,98,68,56,6,26,128,99,86,9,116,100" hai1="90,38,62,83,110,77,122,36,102,19,42,53,71" hai2="129,7,96,117,43,111,1,8,87,2,67,88,97" hai3="31,24,14,44,91,69,101,50,130,29,60,112,127"/><V45/><F117/><W10/><G130/><T126/><D128/><U75/><E110/><V27/><F129/><W95/><G127/><T41/><D126/><U63/><E122/><V61/><F111/><W0/><G0/><T94/><D68/><U103/><E90/><V23/><F1/><W79/><G79/><T107/><D116/><U12/><E62/><V52/><F27/><W82/><G112/><T48/><D33/><U89/><E89/><V5/><F5/><W32/><G31/><T76/><D26/><U109/><E109/><V118/><F23/><W84/><G101/><T22/><D22/><U65/><E53/><V57/><F67/><W40/><G60/><T120/><D76/><U114/><E114/><V66/><F66/><W131/><G131/><T121/><D121/><U51/><E51/><V37/><REACH who="2" step="1"/><F118/><REACH who="2" ten="330,270,190,200" step="2"/><W125/><G125/><T78/><D6/><U113/><E113/><V34/><F34/><W81/><G69/><T93/><D9/><U39/><REACH who="1" step="1"/><E42/><REACH who="1" ten="330,260,190,200" step="2"/><V72/><F72/><W134/><G40/><T92/><D41/><U54/><E54/><V80/><AGARI ba="0,2" hai="2,7,8,37,43,45,52,57,61,80,87,88,96,97" machi="80" ten="20,12000,1" yaku="1,1,0,1,7,1,54,2,53,0" doraHai="64" doraHaiUra="123" who="2" fromWho="2" sc="330,-40,260,-40,190,140,200,-40" /><INIT seed="2,1,0,3,2,68" ten="290,220,330,160" oya="2" hai0="20,50,67,16,121,95,99,48,64,115,13,62,56" hai1="51,25,55,40,130,61,27,102,117,18,84,38,66" hai2="125,59,33,78,116,98,26,72,132,79,47,11,100" hai3="118,73,22,9,17,108,5,83,112,69,34,107,81"/><V63/><F116/><W111/><G107/><T124/><D121/><U77/><E117/><V92/><F125/><W127/><G69/><T97/><D124/><U126/><E126/><V10/><F132/><W128/><G118/><T54/><D115/><U29/><E130/><V105/><F72/><W57/><G128/><T109/><D109/><U90/><E77/><V6/><F105/><W49/><G34/><T87/><D50/><U71/><E102/><V35/><F47/><W101/><G101/><T93/><D64/><U52/><E18/><V45/><F45/><W44/><G57/><T58/><D95/><U8/><E8/><V82/><F26/><W76/><G112/><T133/><D133/><U91/><E91/><AGARI ba="1,0" hai="13,16,20,48,54,56,58,62,67,87,91,93,97,99" machi="91" ten="40,8000,1" yaku="25,2,8,1,54,1" doraHai="68" who="0" fromWho="1" sc="290,83,220,-83,330,0,160,0" /><INIT seed="3,0,0,2,1,132" ten="373,137,330,160" oya="3" hai0="25,2,4,3,105,123,64,128,43,110,121,130,101" hai1="103,114,13,67,44,11,84,78,7,90,46,5,51" hai2="125,33,61,20,87,116,133,134,34,54,65,35,21" hai3="74,82,9,15,63,124,88,36,85,53,117,76,115"/><W100/><G115/><T39/><D110/><U83/><E114/><V40/><F116/><W45/><G117/><T81/><D81/><U80/><E67/><V93/><F40/><W23/><G36/><T6/><D64/><U97/><E5/><N who="0" m="2153" /><D101/><U113/><E113/><V122/><F122/><N who="0" m="46602" /><D105/><U12/><E12/><V50/><F87/><W96/><G74/><T118/><D118/><U19/><E7/><V62/><F93/><W55/><G76/><T30/><D43/><U0/><E0/><N who="0" m="41" /><D39/><U60/><E60/><V10/><F62/><W32/><G63/><T29/><D25/><U107/><REACH who="1" step="1"/><E51/><REACH who="1" ten="373,127,330,160" step="2"/><V26/><F61/><W31/><G55/><T127/><D127/><U42/><E42/><V77/><F65/><W69/><G53/><T41/><D41/><U71/><E71/><V57/><F125/><W98/><G69/><T59/><D59/><U104/><E104/><V126/><F126/><W111/><G124/><T68/><D68/><U91/><E91/><V8/><F133/><W109/><G88/><T70/><D70/><U106/><E106/><V38/><F134/><W108/><G108/><T24/><D24/><U22/><E22/><N who="2" m="8811" /><F26/><W66/><G66/><T17/><D17/><U131/><E131/><AGARI ba="0,1" hai="29,30,128,130,131" m="41,46602,2153" machi="131" ten="40,8000,1" yaku="28,2,19,1,34,2" doraHai="132" who="0" fromWho="1" sc="373,90,127,-80,330,0,160,0" /><INIT seed="4,0,0,3,4,3" ten="463,47,330,160" oya="0" hai0="82,96,63,28,61,131,88,40,79,78,83,47,103" hai1="81,26,29,45,2,123,55,92,21,43,77,0,12" hai2="117,16,52,98,102,71,34,20,94,51,75,115,15" hai3="22,33,7,17,108,38,87,129,69,41,65,6,101"/><T124/><D131/><U97/><E123/><V30/><F115/><W119/><G119/><T10/><D124/><U100/><E55/><V35/><F117/><W128/><G33/><T90/><D28/><U112/><E112/><V31/><F75/><W135/><G108/><T99/><D10/><U62/><E62/><V104/><F71/><W11/><G135/><T13/><D13/><U120/><E120/><V4/><F31/><W42/><G101/><T132/><D132/><U67/><E67/><V64/><F64/><W66/><G11/><T127/><D127/><U44/><E44/><V95/><F104/><W114/><G114/><T32/><D32/><U118/><E12/><V19/><F30/><W56/><G56/><T5/><D5/><N who="3" m="1545" /><G69/><T8/><D8/><U111/><E111/><V39/><F39/><W107/><G107/><T54/><D103/><U134/><E134/><V126/><F126/><W36/><G36/><T24/><D24/><U70/><E70/><V89/><F35/><W125/><G125/><T48/><D63/><U18/><E29/><V133/><F34/><W49/><G38/><T73/><D61/><U14/><E118/><V80/><F20/><W85/><G66/><T53/><D73/><N who="1" m="43183" /><E0/><V106/><F133/><W25/><G65/><T37/><D37/><N who="1" m="21743" /><E2/><V23/><F23/><W122/><G122/><T113/><D113/><U105/><E105/><V91/><F106/><W130/><G49/><T68/><D68/><U109/><E109/><V60/><F51/><W84/><AGARI ba="0,0" hai="17,22,25,41,42,84,85,87,128,129,130" m="1545" machi="84" ten="40,8000,1" yaku="19,1,52,3" doraHai="3" who="3" fromWho="3" sc="463,-40,47,-20,330,-20,160,80" /><INIT seed="5,0,0,5,3,54" ten="423,27,310,240" oya="1" hai0="83,119,12,39,100,19,92,2,112,43,80,94,118" hai1="127,14,114,90,104,79,120,67,108,110,53,46,6" hai2="109,64,57,0,102,121,77,36,86,111,11,22,37" hai3="113,96,24,123,30,58,33,105,38,26,44,31,135"/><U81/><E120/><V1/><F121/><W27/><G123/><T41/><D2/><U7/><E104/><V10/><F102/><W93/><G113/><T25/><D39/><U66/><E114/><V51/><F22/><W48/><G135/><T13/><D112/><U8/><E127/><V125/><F125/><W87/><G38/><T61/><D61/><U32/><E32/><V42/><F86/><W16/><G87/><T15/><D19/><U126/><E126/><V47/><F77/><W56/><G105/><T132/><D25/><U124/><E90/><V45/><F64/><N who="1" m="24617" /><E124/><V68/><F68/><W89/><G33/><T55/><D100/><U23/><E23/><V34/><F34/><W65/><G65/><T35/><D35/><U85/><E7/><V106/><F106/><W62/><G62/><T99/><D99/><U131/><E131/><V21/><F21/><N who="3" m="13351" /><G31/><T88/><D88/><U128/><E128/><V29/><F29/><W20/><G27/><T95/><D132/><U28/><E28/><V71/><F71/><W82/><G82/><T60/><D83/><U91/><E79/><V70/><F70/><W115/><G115/><T122/><D122/><U3/><E3/><V40/><F51/><W5/><G5/><T98/><D98/><U9/><E9/><V129/><F129/><W18/><G30/><T17/><D80/><U73/><E73/><V52/><F52/><AGARI ba="0,0" hai="18,20,26,44,48,52,56,58,89,93,96" m="13351" machi="52" ten="30,8000,1" yaku="8,1,52,2,54,2" doraHai="54" who="3" fromWho="2" sc="423,0,27,0,310,-80,240,80" /><INIT seed="6,0,0,5,2,43" ten="423,27,230,320" oya="2" hai0="20,53,28,99,117,46,87,37,0,17,93,123,90" hai1="104,61,94,65,35,29,19,91,12,108,70,97,50" hai2="27,83,112,55,126,71,85,45,21,31,69,13,8" hai3="129,66,121,96,10,14,41,110,88,63,38,128,49"/><V47/><F112/><W74/><G110/><T119/><D123/><U125/><E108/><V79/><F126/><W68/><G74/><T9/><D28/><U57/><E125/><V89/><F71/><W18/><G121/><T132/><D132/><U84/><E35/><V134/><F69/><W77/><G77/><T73/><D73/><U115/><E115/><V130/><F134/><W40/><G38/><T25/><D0/><U80/><E104/><V36/><F130/><W122/><G122/><T11/><D87/><U98/><E29/><V118/><F118/><N who="0" m="45066" /><D53/><U2/><E2/><V86/><F55/><W4/><G18/><T16/><D17/><U67/><E67/><V95/><REACH who="2" step="1"/><F36/><REACH who="2" ten="423,27,220,320" step="2"/><W42/><G129/><T56/><D56/><U111/><E111/><V107/><F107/><W72/><G128/><T62/><D62/><U33/><E33/><V3/><F3/><W116/><G116/><T1/><D1/><U131/><E131/><V109/><F109/><W114/><G114/><T113/><D113/><U106/><E106/><V102/><F102/><W24/><G68/><T51/><D37/><U58/><E70/><V30/><F30/><W39/><G39/><T15/><D51/><U6/><E65/><V133/><F133/><W103/><G49/><T127/><D127/><U75/><E61/><V105/><F105/><W92/><G103/><T76/><D76/><N who="1" m="44063" /><E50/><V100/><F100/><W44/><G63/><T135/><D135/><U48/><E48/><V81/><F81/><W60/><G60/><T120/><D120/><U34/><E34/><V101/><F101/><RYUUKYOKU ba="0,1" sc="423,-10,27,-10,220,30,320,-10" hai2="8,13,21,27,31,45,47,79,83,85,86,89,95" /><INIT seed="6,1,1,3,5,96" ten="413,17,250,310" oya="2" hai0="122,12,126,0,113,88,82,90,71,132,59,46,108" hai1="44,31,66,26,19,18,92,38,78,112,63,24,130" hai2="2,29,105,76,134,127,107,72,106,102,14,86,55" hai3="99,17,36,120,16,51,27,93,4,128,52,30,67"/><V43/><F2/><W84/><G36/><T73/><D0/><U104/><E104/><V114/><F43/><W103/><G120/><T110/><D71/><U83/><E112/><V58/><F114/><W124/><G128/><T69/><D69/><U95/><E130/><V15/><F134/><W20/><G124/><T8/><D132/><U54/><E38/><V123/><F123/><W81/><G67/><T97/><D126/><U101/><E26/><V39/><F39/><W7/><G7/><T65/><D46/><U28/><E28/><V91/><F127/><W34/><G4/><T79/><D113/><U121/><E92/><V62/><F29/><W50/><G50/><T119/><D119/><U75/><E121/><V45/><F45/><W70/><G70/><T13/><D13/><U35/><E54/><V89/><F91/><W21/><G21/><T41/><D41/><U11/><E11/><V33/><F33/><W22/><G22/><T85/><D122/><U117/><E44/><V56/><F56/><N who="3" m="32799" /><G34/><T100/><D108/><U87/><E117/><V94/><REACH who="2" step="1"/><F102/><REACH who="2" ten="413,17,240,310" step="2"/><W98/><G98/><T133/><D133/><U49/><E49/><V68/><F68/><W118/><G118/><T25/><D97/><N who="1" m="59583" /><E75/><V109/><F109/><W80/><G80/><AGARI ba="1,2" hai="14,15,55,58,62,72,76,80,86,89,94,105,106,107" machi="80" ten="40,3900,0" yaku="1,1,53,1" doraHai="96" doraHaiUra="77" who="2" fromWho="3" sc="413,0,17,0,240,62,310,-42" /><INIT seed="6,2,0,1,4,26" ten="413,17,302,268" oya="2" hai0="108,127,104,70,33,60,94,100,109,8,112,0,125" hai1="71,27,124,9,105,36,1,102,128,48,120,130,16" hai2="82,59,7,14,98,30,56,90,117,96,111,13,41" hai3="101,72,91,77,85,31,35,5,134,67,73,46,58"/><V55/><F117/><W107/><G134/><T19/><D104/><U93/><E36/><V115/><F115/><W87/><G5/><T23/><D112/><U4/><E71/><V78/><F111/><W116/><G116/><T17/><D33/><U24/><E105/><V79/><F41/><W74/><G46/><T126/><D100/><U99/><E124/><V65/><F65/><W28/><G35/><T63/><D94/><U54/><E120/><V52/><F30/><W57/><G67/><N who="0" m="41319" /><D63/><U45/><E130/><V3/><F3/><W123/><G123/><T131/><D131/><U119/><E119/><V25/><F25/><W18/><G18/><N who="0" m="6667" /><D23/><U103/><E128/><V64/><F64/><W50/><G50/><T62/><D62/><U51/><E102/><V81/><F90/><W135/><G101/><T113/><D113/><U92/><E92/><V110/><F110/><W12/><G91/><T129/><D129/><U43/><E1/><V44/><F7/><AGARI ba="2,0" hai="0,7,8,108,109,125,126,127" m="6667,41319" machi="7" ten="40,1300,0" yaku="18,1" doraHai="26" who="0" fromWho="2" sc="413,19,17,0,302,-19,268,0" /><INIT seed="7,0,0,1,3,112" ten="432,17,283,268" oya="3" hai0="48,68,83,17,31,134,29,124,8,93,46,50,108" hai1="105,15,102,4,97,34,25,107,85,111,26,75,118" hai2="37,135,119,109,74,96,72,14,101,55,62,79,61" hai3="127,86,6,49,28,24,64,19,13,90,110,89,123"/><W130/><G123/><T44/><D68/><U87/><E15/><V35/><F119/><W81/><G130/><T133/><D124/><U129/><E4/><V32/><F109/><W39/><G39/><T27/><D108/><U80/><E34/><V5/><F37/><W82/><G110/><T70/><D70/><U38/><E38/><V21/><F135/><N who="0" m="51722" /><D83/><U69/><E69/><V11/><F79/><W77/><G127/><T73/><D73/><U16/><E111/><V23/><BYE who="3" /><F74/><UN n3="%E3%82%84%E3%81%BE%E3%81%AA%E3%81%84%E9%9B%A8" /><W121/><G121/><T56/><D93/><U88/><E75/><V54/><F72/><W106/><G106/><T10/><D56/><U131/><E97/><V113/><F113/><W40/><G82/><T57/><D57/><U65/><E65/><V30/><F35/><W122/><G64/><T20/><D8/><U78/><E80/><V116/><F116/><W41/><G122/><T33/><D33/><U120/><E120/><V95/><F32/><W51/><G51/><N who="0" m="19499" /><D10/><U115/><E115/><V0/><F0/><W53/><G41/><T66/><D66/><U12/><E78/><V128/><F128/><W76/><G6/><T91/><D91/><U132/><E132/><V3/><F3/><W58/><G90/><T104/><D104/><U94/><E94/><V59/><F30/><AGARI ba="0,0" hai="17,20,27,29,30,31,44,46" m="19499,51722" machi="30" ten="30,1000,0" yaku="20,1" doraHai="112" who="0" fromWho="2" sc="432,10,17,0,283,-10,268,0" owari="442,54.0,17,-48.0,273,7.0,268,-13.0" /></mjloggm>