<mjloggm ver="2.3"><GO type="41" lobby="0"/><UN n0="%E5%B0%B1%E6%B4%BB%E7%94%9F%40%E5%B7%9D%E6%9D%91%E8%BB%8D%E5%9B%A3" n1="%61%6C%62%61%64%61%62%6F" n2="%67%6F%2D%6B%75%6E" n3="%42%6C%6F%64%79%4B%6C%72" dan="17,13,14,13" rate="2175.81,1919.53,1899.27,1868.48" sx="M,M,M,F"/><TAIKYOKU oya="0"/><INIT seed="0,0,0,5,5,96" ten="250,250,250,250" oya="0" hai0="21,1,118,123,39,111,66,30,93,112,92,133,109" hai1="99,49,65,46,64,121,60,55,117,44,100,110,50" hai2="86,85,36,74,108,77,14,101,97,48,83,124,3" hai3="132,29,91,62,103,119,24,73,88,76,12,47,105"/><T98/><D1/><U82/><E121/><V51/><F36/><W35/><G119/><T18/><D118/><U107/><E117/><V43/><F3/><W127/><G47/><T57/><D123/><U25/><E110/><N who="0" m="41993" /><D112/><U31/><E82/><V28/><F28/><W32/><G32/><T2/><D2/><U26/><E64/><V13/><F108/><W94/><G105/><T104/><D39/><U34/><E25/><V7/><F7/><W95/><G62/><N who="0" m="38223" /><D30/><U42/><E42/><V58/><F74/><W5/><G29/><T134/><D104/><U128/><E128/><V16/><F13/><W11/><G12/><N who="0" m="9415" /><D93/><U22/><E34/><V6/><F6/><W4/><G94/><T68/><D68/><U23/><E23/><V38/><F38/><W19/><G95/><T129/><D129/><U126/><E126/><V131/><F131/><W20/><G4/><T27/><D27/><U87/><E87/><V0/><F0/><W78/><G5/><T71/><D71/><U122/><E122/><V115/><F115/><W15/><G35/><T37/><D37/><U106/><E65/><V52/><F124/><W63/><G127/><T70/><D70/><U33/><E33/><V116/><F116/><W81/><G24/><T80/><D80/><U8/><E60/><N who="2" m="35911" /><F43/><W56/><G81/><T114/><D114/><U84/><E8/><N who="2" m="6215" /><F83/><W72/><G11/><T41/><D41/><U17/><E31/><V89/><F77/><W54/><G78/><T45/><D45/><U75/><E107/><V120/><F120/><W79/><G79/><T113/><D113/><RYUUKYOKU ba="0,0" sc="250,30,250,-10,250,-10,250,-10" hai0="92,98,133,134" /><INIT seed="0,1,0,2,1,118" ten="280,240,240,240" oya="0" hai0="62,122,106,116,110,63,0,76,112,49,13,67,65" hai1="28,104,29,6,82,24,84,131,66,133,19,115,124" hai2="57,59,15,94,135,114,101,105,126,95,41,80,43" hai3="69,113,70,39,119,73,79,87,102,111,46,58,25"/><T86/><D0/><U96/><E66/><V12/><F114/><W48/><G119/><T1/><D1/><U60/><E115/><V72/><F126/><W71/><G113/><T5/><D112/><U51/><E124/><V56/><F135/><W108/><G102/><T81/><D106/><U78/><E133/><V54/><F54/><W89/><G39/><T17/><D116/><U68/><E131/><V128/><F128/><W117/><G117/><T42/><D5/><U50/><E6/><V52/><F105/><W22/><G58/><T92/><D122/><U75/><E75/><V3/><F3/><W34/><G34/><T9/><D92/><U123/><E123/><V125/><F125/><W44/><G73/><T85/><D85/><U11/><E104/><V55/><F72/><W14/><G79/><T132/><D110/><N who="3" m="42025" /><G14/><T121/><D121/><U2/><E2/><V45/><F101/><W74/><G74/><T99/><D99/><U23/><E96/><V32/><F32/><W53/><G44/><N who="0" m="25751" /><D132/><U120/><E120/><V16/><F80/><N who="3" m="49383" /><G71/><T77/><D77/><U97/><E97/><V91/><F91/><W26/><G26/><T127/><D127/><U37/><E37/><V109/><F95/><W103/><G103/><T31/><D31/><AGARI ba="1,0" hai="22,25,31,46,48,53,69,70" m="49383,42025" machi="31" ten="30,1000,0" yaku="14,1" doraHai="118" who="3" fromWho="0" sc="280,-13,240,0,240,0,240,13" /><INIT seed="1,0,0,0,4,116" ten="267,240,240,253" oya="1" hai0="92,38,97,37,84,30,23,69,93,67,52,78,75" hai1="56,7,120,28,96,17,62,34,106,68,55,126,11" hai2="104,107,10,90,108,134,12,46,27,13,25,59,131" hai3="61,118,31,125,91,18,112,89,29,119,88,48,2"/><U111/><E126/><V5/><F108/><W4/><G112/><T77/><D75/><U22/><E111/><V72/><F72/><W57/><G125/><T50/><D38/><U123/><E68/><V54/><F46/><W79/><G79/><T103/><D37/><U44/><E44/><V133/><F131/><W121/><G121/><T130/><D130/><U9/><E34/><V70/><F90/><W14/><G48/><T128/><D128/><U127/><E28/><V65/><F13/><W53/><G4/><T1/><D1/><U60/><E127/><V135/><F65/><W0/><G31/><T113/><D67/><U85/><E85/><V94/><F94/><W45/><G45/><T117/><D69/><U26/><E62/><N who="2" m="36215" /><F70/><W115/><G29/><T82/><D117/><N who="3" m="44553" /><G115/><T71/><D71/><U47/><E47/><V132/><F132/><W74/><G74/><T49/><D49/><U110/><E110/><V21/><F27/><W83/><G83/><T20/><D113/><U24/><E24/><V122/><F122/><W86/><G86/><T129/><D78/><U73/><E73/><V80/><F80/><W81/><G81/><T99/><D129/><U98/><E11/><AGARI ba="0,0" hai="0,2,11,14,18,53,57,61,88,89,91" m="44553" machi="11" ten="30,2000,0" yaku="12,1,54,1" doraHai="116" who="3" fromWho="1" sc="267,0,240,-20,240,0,253,20" /><INIT seed="2,0,0,3,3,93" ten="267,220,240,273" oya="2" hai0="98,92,134,2,62,49,96,132,78,27,33,72,65" hai1="74,133,9,60,38,39,19,124,110,108,103,26,58" hai2="126,129,111,37,51,12,63,113,0,97,28,67,4" hai3="16,43,56,46,44,95,84,81,112,116,22,34,57"/><V17/><F37/><W45/><G34/><T115/><D115/><U42/><E74/><V87/><F113/><W47/><G116/><T10/><D72/><U104/><E133/><N who="0" m="51305" /><D78/><U64/><E124/><V90/><F28/><W89/><G112/><T25/><D49/><U70/><E42/><V109/><F126/><W94/><N who="3" m="11264" /><DORA hai="18" /><W5/><G5/><N who="0" m="1335" /><D92/><N who="3" m="35369" /><G43/><T50/><D50/><U30/><E58/><V82/><F51/><W83/><G81/><T121/><D121/><U127/><E127/><V85/><F85/><W99/><G99/><N who="0" m="37931" /><D33/><N who="1" m="20695" /><E9/><V77/><F97/><W107/><G107/><T61/><D61/><U52/><E19/><V105/><F63/><W80/><G83/><T21/><D21/><U24/><E24/><AGARI ba="0,0" hai="16,22,24,56,57,80,84,89" m="35369,11264" machi="24" ten="40,5200,0" yaku="8,1,52,1,54,1" doraHai="93,18" who="3" fromWho="1" sc="267,0,220,-52,240,0,273,52" /><INIT seed="3,0,0,1,0,76" ten="267,168,240,325" oya="3" hai0="2,123,42,94,60,82,126,101,95,90,50,22,5" hai1="112,40,57,28,55,132,133,105,78,68,30,21,49" hai2="16,17,29,86,74,44,131,45,34,15,89,65,59" hai3="122,19,135,24,117,109,93,107,27,4,108,51,43"/><W106/><G122/><T84/><D123/><U79/><E105/><N who="3" m="39946" /><G117/><T10/><D126/><U12/><E112/><V87/><F74/><W26/><G4/><T36/><D36/><U119/><E68/><V111/><F111/><N who="3" m="42571" /><G135/><N who="1" m="51786" /><E119/><V48/><F17/><W70/><G70/><T75/><D75/><U31/><E40/><V54/><F131/><W96/><G43/><T37/><D37/><U66/><E66/><V38/><F38/><W62/><G62/><T102/><D22/><U13/><E13/><V97/><F34/><W118/><G51/><T127/><D127/><U114/><E114/><V47/><F29/><N who="1" m="7425" /><U33/><DORA hai="61" /><E33/><V121/><F121/><W113/><G113/><T85/><D60/><U53/><E55/><V1/><F1/><W124/><G124/><T110/><D110/><U98/><E98/><V0/><F0/><W6/><G6/><T32/><D32/><U129/><E129/><V130/><F130/><W7/><G7/><T46/><REACH who="0" step="1"/><D95/><REACH who="0" ten="257,168,240,325" step="2"/><U56/><E56/><V63/><F97/><W128/><G128/><T23/><D23/><U18/><AGARI ba="0,1" hai="12,18,21,49,53,57,78,79" m="7425,51786" machi="18" ten="40,1500,0" yaku="20,1" doraHai="76,61" who="1" fromWho="1" sc="257,-4,168,25,240,-4,325,-7" /><INIT seed="4,0,0,1,2,47" ten="253,193,236,318" oya="0" hai0="128,8,122,51,3,76,126,87,12,96,116,131,80" hai1="57,6,23,108,59,10,16,78,133,15,89,95,134" hai2="52,40,42,41,111,67,1,74,5,98,72,20,121" hai3="44,130,31,127,21,61,84,36,37,123,7,22,45"/><T55/><D122/><U25/><E108/><V28/><F67/><W11/><G123/><T26/><D116/><U39/><E39/><V102/><F111/><W97/><G130/><N who="0" m="49707" /><D126/><U93/><E78/><V66/><F66/><W117/><G117/><T19/><D96/><U64/><E64/><V129/><F129/><W17/><G127/><T106/><D106/><U86/><REACH who="1" step="1"/><E95/><REACH who="1" ten="253,183,236,318" step="2"/><V99/><F121/><W115/><G37/><T46/><D26/><U4/><E4/><V82/><F5/><W105/><G7/><T68/><D68/><U73/><E73/><V75/><F75/><W38/><G36/><T113/><D113/><U13/><E13/><V2/><F74/><W30/><G38/><T91/><D3/><U79/><E79/><AGARI ba="0,1" hai="8,12,19,46,51,55,76,79,80,87,91" m="49707" machi="79" ten="30,5800,0" yaku="25,1,19,1,52,1" doraHai="47" who="0" fromWho="1" sc="253,68,183,-58,236,0,318,0" /><INIT seed="4,1,0,4,1,97" ten="321,125,236,318" oya="0" hai0="10,31,76,35,74,33,44,6,46,108,52,58,96" hai1="82,131,134,119,28,94,107,86,133,66,114,41,57" hai2="63,53,81,36,71,105,14,1,18,49,48,101,78" hai3="40,113,32,42,70,13,118,27,15,83,88,67,54"/><T87/><D74/><U77/><E41/><V99/><F36/><W61/><G118/><T22/><D108/><U12/><E28/><V59/><F1/><W112/><G54/><T5/><D22/><U50/><E119/><V98/><F98/><W120/><G120/><T7/><D10/><U72/><E12/><V17/><F71/><W64/><G27/><T103/><D87/><U43/><E43/><V104/><F104/><W26/><G26/><T24/><D76/><U68/><E68/><V39/><F39/><W8/><G32/><T56/><D35/><U89/><E50/><V65/><F65/><W20/><G20/><T129/><D129/><U110/><E57/><V55/><F63/><W73/><G67/><T19/><D19/><U2/><E66/><V37/><F14/><W126/><G15/><T69/><D69/><U122/><E2/><V117/><F37/><W60/><G60/><T93/><REACH who="0" step="1"/><D58/><REACH who="0" ten="311,125,236,318" step="2"/><U30/><E110/><V115/><F117/><W51/><G70/><T132/><D132/><N who="1" m="50795" /><E30/><V80/><F115/><W4/><G112/><T106/><D106/><U38/><E114/><V90/><F78/><W91/><G73/><T21/><D21/><U124/><E122/><V128/><F128/><W0/><G113/><T16/><D16/><U11/><E131/><V92/><F18/><W75/><G75/><T3/><D3/><U135/><N who="1" m="50803" /><U121/><DORA hai="45" /><E121/><V100/><F17/><W95/><G0/><T9/><D9/><U29/><E11/><V23/><F23/><W123/><G8/><T125/><D125/><U34/><E124/><RYUUKYOKU ba="1,1" sc="311,30,125,-10,236,-10,318,-10" hai0="5,6,7,24,31,33,44,46,52,56,93,96,103" /><INIT seed="4,2,1,1,1,66" ten="341,115,226,308" oya="0" hai0="0,12,68,96,128,129,32,99,39,124,30,100,13" hai1="63,37,65,83,94,84,20,11,47,125,56,25,104" hai2="51,85,126,90,17,121,41,70,127,45,5,3,57" hai3="112,7,16,22,4,67,101,36,14,19,78,73,115"/><T132/><D0/><U52/><E104/><V2/><F121/><W79/><G36/><T28/><D39/><U26/><E125/><N who="2" m="47627" /><F5/><N who="3" m="2123" /><G101/><T81/><D124/><U98/><E11/><V113/><F113/><N who="3" m="43595" /><G73/><T88/><D68/><U97/><E37/><V71/><F17/><W9/><G67/><T49/><D49/><U110/><E110/><V59/><F59/><W122/><G122/><T95/><D132/><U43/><E43/><V116/><F57/><W38/><G38/><T91/><D81/><U8/><E8/><V33/><F33/><W111/><G111/><T62/><D62/><U69/><E47/><V80/><F116/><W72/><G72/><T21/><D32/><U107/><E107/><V117/><F117/><W15/><AGARI ba="2,1" hai="9,14,15,16,19,22,78,79" m="43595,2123" machi="15" ten="30,2000,0" yaku="15,1,54,1" doraHai="66" who="3" fromWho="3" sc="341,-12,115,-7,226,-7,308,36" /><INIT seed="5,0,0,4,3,77" ten="329,108,219,344" oya="1" hai0="69,49,35,42,5,128,46,70,8,51,117,11,21" hai1="10,22,71,30,115,132,27,68,80,47,134,31,126" hai2="32,12,13,55,114,28,52,108,50,79,16,57,93" hai3="44,95,135,23,48,61,36,96,40,53,64,91,110"/><U29/><E47/><V63/><F108/><W85/><G135/><N who="1" m="51754" /><E71/><V107/><F107/><W67/><G110/><T112/><D35/><U73/><E68/><V81/><F114/><W25/><G36/><T97/><D128/><U84/><E73/><V9/><F93/><W7/><G7/><T58/><D112/><U104/><E104/><V103/><F103/><W4/><G4/><T2/><D117/><U60/><E115/><V74/><F13/><W123/><G123/><T66/><D97/><U0/><E60/><V34/><F28/><W83/><G61/><T62/><D49/><U39/><E39/><V33/><F33/><W109/><G40/><T122/><D122/><U38/><E38/><V88/><F88/><N who="3" m="55399" /><G109/><T75/><D75/><U118/><E118/><V98/><REACH who="2" step="1"/><F98/><REACH who="2" ten="329,108,209,344" step="2"/><W6/><G6/><T78/><D5/><N who="1" m="1319" /><E126/><V37/><F37/><W54/><G53/><T127/><D127/><U105/><E105/><V24/><F24/><W15/><G15/><T101/><D2/><U89/><AGARI ba="0,1" hai="22,27,29,30,31,80,84,89" m="1319,51754" machi="89" ten="30,3000,0" yaku="20,1,52,1" doraHai="77" who="1" fromWho="1" sc="329,-10,108,40,209,-10,344,-10" /><INIT seed="5,1,0,0,3,119" ten="319,148,199,334" oya="1" hai0="74,14,5,131,70,56,96,121,109,116,85,26,54" hai1="98,53,66,79,23,68,106,86,130,122,27,20,97" hai2="102,114,43,31,34,125,4,100,104,59,76,36,90" hai3="30,69,0,112,38,15,67,45,18,88,29,51,33"/><U39/><E39/><V133/><F76/><W37/><G0/><T65/><D74/><U16/><E130/><V42/><F36/><W81/><G112/><T72/><D72/><U35/><E35/><V60/><F4/><W63/><G30/><T24/><D109/><U87/><E122/><V22/><F34/><W46/><G46/><T93/><D116/><U21/><E106/><V92/><F133/><W12/><G12/><T110/><D110/><U13/><E66/><V10/><F10/><W99/><G29/><T94/><D70/><U77/><E68/><V19/><F31/><W52/><G33/><T101/><D65/><U73/><E73/><V49/><F104/><W1/><G1/><T132/><D132/><U118/><E118/><V83/><F83/><W41/><G41/><T129/><D121/><U25/><E53/><V3/><F3/><W123/><G123/><T124/><D124/><U117/><E117/><V62/><F62/><W28/><G28/><T120/><D120/><U32/><E32/><V82/><F82/><W107/><G107/><T128/><D14/><U127/><E127/><V103/><F49/><W75/><G75/><T58/><D5/><U91/><E86/><N who="2" m="52311" /><F125/><W126/><G126/><T47/><D47/><U11/><E79/><V44/><F114/><W9/><G99/><N who="1" m="37898" /><E77/><V105/><F105/><W50/><G51/><N who="0" m="30815" /><D58/><U80/><AGARI ba="1,0" hai="11,13,16,20,21,23,25,27,80,87,91" m="37898" machi="80" ten="30,3000,0" yaku="8,1,54,1" doraHai="119" who="1" fromWho="1" sc="319,-11,148,33,199,-11,334,-11" /><INIT seed="5,2,0,5,3,31" ten="308,181,188,323" oya="1" hai0="27,41,104,55,60,70,135,110,112,40,62,84,116" hai1="3,119,127,74,19,64,25,11,47,77,20,15,99" hai2="32,59,88,96,75,5,128,58,16,10,73,43,33" hai3="61,45,36,54,76,115,108,21,71,28,9,37,118"/><U91/><E119/><V17/><F43/><W126/><G108/><T102/><D110/><U81/><E127/><V97/><F128/><W122/><G122/><T35/><D116/><U6/><E64/><V30/><F10/><W117/><G115/><T113/><D135/><U22/><E47/><V66/><F30/><W56/><G71/><T39/><D84/><U129/><E129/><V121/><F5/><W49/><G126/><T12/><D12/><U109/><E109/><V23/><F23/><W94/><G9/><T86/><D86/><U51/><E51/><V78/><F78/><W68/><G76/><T2/><D2/><U93/><REACH who="1" step="1"/><E22/><REACH who="1" ten="308,171,188,323" step="2"/><V111/><F66/><N who="3" m="39207" /><G117/><T72/><D39/><U8/><E8/><V132/><F111/><W125/><G37/><T92/><D70/><U63/><E63/><V13/><F121/><W83/><G36/><T57/><D60/><U100/><E100/><V69/><F69/><W98/><G21/><T1/><D62/><U130/><E130/><V4/><F132/><W95/><G125/><T131/><D131/><U114/><E114/><V67/><F67/><W14/><G68/><T0/><D113/><U48/><E48/><V134/><F134/><W34/><G49/><T120/><D112/><U65/><E65/><V82/><F4/><W50/><G50/><T7/><D120/><U101/><E101/><V42/><F42/><W89/><G45/><T46/><D46/><U53/><E53/><V107/><F59/><W24/><G54/><T85/><D41/><U79/><E79/><V18/><F58/><W90/><G118/><RYUUKYOKU ba="2,1" sc="308,-10,171,30,188,-10,323,-10" hai1="3,6,11,15,19,20,25,74,77,81,91,93,99" /><INIT seed="5,3,1,5,3,19" ten="298,201,178,313" oya="1" hai0="4,38,99,50,125,17,79,59,123,7,25,68,127" hai1="90,131,134,96,133,28,62,8,6,111,16,11,109" hai2="3,86,110,40,74,35,20,54,107,43,135,14,82" hai3="69,91,27,57,119,95,130,85,103,29,61,115,23"/><U114/><E114/><V9/><F107/><W106/><G115/><T47/><D68/><U58/><E131/><V31/><F35/><W93/><G130/><T30/><D123/><U92/><E28/><V51/><F3/><W128/><G128/><T89/><D79/><U15/><E8/><V122/><F74/><W56/><G119/><T26/><D59/><U121/><E121/><V1/><F1/><W105/><G57/><T60/><D60/><U120/><E120/><V66/><F66/><N who="3" m="39207" /><G69/><T44/><D38/><U108/><REACH who="1" step="1"/><E6/><REACH who="1" ten="298,191,178,313" step="2"/><V39/><F122/><W34/><G34/><T80/><D4/><U49/><E49/><V112/><F112/><W65/><G65/><AGARI ba="3,2" hai="11,15,16,58,62,65,90,92,96,108,109,111,133,134" machi="65" ten="40,7700,0" yaku="1,1,10,1,54,1,53,0" doraHai="19" doraHaiUra="36" who="1" fromWho="3" sc="298,0,191,106,178,0,313,-86" /><INIT seed="5,4,0,4,0,7" ten="298,297,178,227" oya="1" hai0="72,87,121,13,89,19,38,108,21,117,123,32,86" hai1="79,98,115,90,73,112,84,63,114,45,71,61,75" hai2="46,135,31,113,64,43,5,105,93,26,35,34,103" hai3="20,111,18,25,88,107,27,60,106,65,58,41,3"/><U0/><E0/><V101/><F135/><W47/><G111/><T68/><D108/><U95/><E71/><V104/><F35/><W56/><G3/><T94/><D117/><U2/><E45/><V52/><F64/><W124/><G124/><T119/><D119/><U127/><E127/><V67/><F67/><W97/><G58/><T16/><D68/><U78/><E2/><V96/><F113/><W42/><G42/><T59/><D38/><U12/><E12/><V62/><F5/><W28/><G27/><T40/><D72/><N who="1" m="27723" /><E63/><V85/><F85/><W74/><G74/><T126/><D126/><U91/><E61/><V36/><REACH who="2" step="1"/><F103/><REACH who="2" ten="298,297,168,227" step="2"/><W109/><G109/><T24/><D86/><U128/><E128/><V125/><F125/><W129/><G129/><T122/><D32/><U4/><E4/><V100/><F100/><W69/><G69/><T70/><D70/><U134/><E134/><V48/><F48/><W50/><REACH who="3" step="1"/><G28/><REACH who="3" ten="298,297,168,217" step="2"/><T120/><D122/><U37/><E37/><V57/><AGARI ba="4,2" hai="26,31,34,36,43,46,52,57,62,93,96,101,104,105" machi="57" ten="30,4000,0" yaku="1,1,0,1,54,1,53,0" doraHai="7" doraHaiUra="66" who="2" fromWho="2" sc="298,-14,297,-24,168,72,217,-14" /><INIT seed="6,0,0,0,1,8" ten="284,273,240,203" oya="2" hai0="74,120,79,73,93,119,64,60,46,105,51,65,89" hai1="92,37,91,102,130,39,75,95,49,83,15,133,122" hai2="13,94,28,38,129,57,85,32,98,53,63,16,99" hai3="112,68,0,88,113,45,86,97,9,41,128,90,116"/><V103/><F38/><W118/><G68/><T124/><D120/><U59/><E122/><V132/><F132/><W135/><G135/><T58/><D105/><U81/><E133/><V127/><F127/><W52/><G128/><T114/><D124/><U24/><E130/><V111/><F129/><W115/><G97/><T96/><D114/><U27/><E75/><V3/><F3/><W125/><G125/><T109/><D109/><U22/><E39/><V6/><F111/><W19/><G90/><T14/><D119/><U34/><E34/><V104/><F85/><W44/><G41/><T71/><D79/><U4/><E37/><V11/><F28/><W50/><G44/><T20/><D71/><U84/><E102/><V82/><F82/><N who="1" m="31241" /><E95/><V54/><F32/><W26/><G26/><T36/><D36/><U7/><E27/><V35/><F35/><W78/><G78/><T23/><D23/><U61/><E49/><V47/><F47/><W17/><G0/><T67/><D74/><U42/><E42/><V123/><F123/><W33/><G33/><T40/><D73/><U110/><E110/><V10/><F10/><W101/><G101/><T69/><D69/><U56/><E24/><V134/><F134/><W21/><G21/><T5/><D20/><U2/><E2/><V1/><F1/><W117/><G9/><AGARI ba="0,0" hai="5,9,14,40,46,51,58,60,64,65,67,89,93,96" machi="9" ten="40,2600,0" yaku="8,1,52,1" doraHai="8" who="0" fromWho="3" sc="284,26,273,0,240,0,203,-26" /><INIT seed="7,0,0,0,5,12" ten="310,273,240,177" oya="3" hai0="29,75,103,27,69,77,131,31,89,26,9,61,98" hai1="53,87,73,121,109,5,0,120,99,129,102,10,115" hai2="90,133,68,49,116,79,82,36,70,127,16,50,132" hai3="93,39,106,1,86,46,34,30,76,37,62,48,13"/><W104/><G1/><T3/><D131/><U81/><E109/><V63/><F36/><W28/><G62/><T43/><D43/><U83/><E129/><V111/><F111/><W58/><G58/><T18/><D89/><U110/><E110/><V15/><F90/><W6/><G30/><T24/><D77/><U23/><E115/><V96/><F96/><W59/><G59/><T134/><D75/><U80/><E73/><N who="2" m="43375" /><F116/><W119/><G119/><T94/><D134/><N who="2" m="51818" /><F127/><W52/><G39/><T51/><D3/><U74/><E74/><V65/><F70/><W125/><G37/><T114/><D114/><U32/><E32/><V78/><F78/><W44/><G125/><T118/><D118/><U19/><E87/><V108/><F108/><W38/><G38/><T45/><D69/><U117/><E53/><V14/><F14/><W33/><G46/><T92/><D94/><U60/><E60/><V71/><F71/><W101/><G104/><T2/><D61/><U66/><E66/><V20/><AGARI ba="0,0" hai="15,16,20,49,50,63,65,68" m="51818,43375" machi="20" ten="30,4000,0" yaku="20,1,52,1,54,1" doraHai="12" who="2" fromWho="2" sc="310,-10,273,-10,240,40,177,-20" owari="300,40.0,263,-14.0,280,8.0,157,-34.0" /></mjloggm>