<mjloggm ver="2.3"><GO type="97" lobby="0"/><UN n0="%E6%94%BE%E6%B5%AA%E3%81%AE%E3%83%97%E3%83%AA%E3%83%B3%E3%82%B9" n1="%E5%B0%B1%E6%B4%BB%E7%94%9F%40%E5%B7%9D%E6%9D%91%E8%BB%8D%E5%9B%A3" n2="%6D%69%6E%32%30%31%34" n3="%74%72%61%6E%33" dan="15,17,14,13" rate="2020.46,2149.88,1946.75,1906.66" sx="M,M,M,M"/><TAIKYOKU oya="0"/><INIT seed="0,0,0,5,0,55" ten="250,250,250,250" oya="0" hai0="93,120,56,41,90,76,19,75,47,27,28,51,94" hai1="24,11,121,77,106,4,118,17,88,108,0,12,115" hai2="129,64,79,114,45,65,48,107,22,74,15,21,10" hai3="66,123,29,16,124,89,8,23,68,62,109,52,37"/><T133/><D120/><U46/><E106/><V61/><F107/><W3/><G123/><T42/><D133/><U125/><E118/><V122/><F114/><W82/><G124/><T1/><D1/><U87/><E121/><V7/><F122/><W99/><G37/><T85/><D42/><U116/><E116/><V38/><F129/><W110/><G29/><T71/><D71/><U33/><E77/><V111/><F65/><W60/><G3/><T20/><D75/><U73/><E73/><V50/><F111/><N who="3" m="42507" /><G8/><T96/><D56/><U34/><E125/><V100/><F38/><W105/><G105/><T134/><D134/><U63/><E108/><V131/><F100/><W97/><G82/><T84/><D76/><U72/><E72/><V130/><F79/><W83/><G83/><T102/><D28/><U26/><E115/><V49/><F74/><W59/><G89/><T13/><D27/><AGARI ba="0,0" hai="16,23,27,52,59,60,62,66,68,97,99" m="42507" machi="27" ten="30,7700,0" yaku="14,1,52,1,54,2" doraHai="55" who="3" fromWho="0" sc="250,-77,250,0,250,0,250,77" /><INIT seed="1,0,0,5,0,25" ten="173,250,250,327" oya="1" hai0="130,37,73,52,45,104,77,121,8,4,120,48,74" hai1="53,63,15,64,125,57,113,54,39,27,76,68,83" hai2="62,17,111,110,23,70,103,81,126,13,31,24,99" hai3="28,66,34,119,60,3,128,7,109,131,19,88,100"/><U42/><E113/><V61/><F126/><W41/><G119/><T10/><D104/><U2/><E2/><V78/><F70/><W5/><G41/><T11/><D130/><U96/><E125/><V38/><F38/><W32/><G109/><T80/><D74/><U127/><E127/><V1/><F1/><W40/><G40/><T86/><D37/><U82/><E15/><V75/><F111/><W117/><G117/><T65/><D73/><U123/><E123/><V107/><REACH who="2" step="1"/><F110/><REACH who="2" ten="173,250,240,327" step="2"/><W84/><G3/><T71/><D71/><U16/><E68/><V115/><F115/><W108/><G108/><T20/><D120/><U85/><E39/><V124/><F124/><W98/><G131/><T102/><D121/><U92/><E42/><V90/><F90/><W14/><G128/><T87/><D102/><N who="1" m="60679" /><E83/><V69/><F69/><W35/><G100/><T93/><D80/><U49/><E49/><V50/><F50/><W118/><G118/><T12/><D48/><U46/><E46/><V51/><F51/><W6/><G60/><T106/><D45/><U29/><E82/><V9/><AGARI ba="0,1" hai="9,13,17,23,24,31,61,62,75,78,81,99,103,107" machi="9" ten="20,12000,2" yaku="1,1,0,1,7,1,52,1,53,2" doraHai="25" doraHaiUra="58" who="2" fromWho="2" sc="173,-30,250,-60,240,130,327,-30" /><INIT seed="2,0,0,2,0,100" ten="143,190,370,297" oya="2" hai0="88,47,80,51,25,108,28,41,72,56,49,130,124" hai1="21,4,116,125,119,20,135,109,122,54,38,115,78" hai2="32,103,53,95,92,86,65,111,23,117,123,105,101" hai3="48,8,43,93,106,59,14,50,120,44,67,15,36"/><V29/><F123/><W0/><G0/><T55/><D108/><U64/><E38/><V126/><F32/><W79/><G79/><T37/><D124/><U110/><E78/><V33/><F117/><N who="1" m="45129" /><E64/><V66/><F33/><W2/><G2/><T7/><D130/><U13/><E54/><V27/><F126/><W22/><G120/><T24/><D7/><U11/><E125/><V84/><F105/><W3/><G3/><T71/><D71/><U46/><E46/><V9/><F111/><N who="1" m="42505" /><E122/><V6/><F53/><W74/><G74/><T62/><D72/><U5/><E115/><V16/><F65/><W39/><G106/><T34/><REACH who="0" step="1"/><D25/><REACH who="0" ten="133,190,370,297" step="2"/><U107/><E135/><V52/><F6/><W69/><G69/><T83/><D83/><U118/><E118/><V26/><F26/><W73/><G73/><T40/><D40/><U112/><E112/><V99/><F27/><W12/><G39/><T89/><D89/><U82/><E82/><V31/><F103/><W45/><G36/><T133/><D133/><U42/><E42/><V68/><F101/><W85/><G43/><T1/><D1/><U94/><E5/><V121/><F68/><W90/><G8/><T114/><D114/><U10/><E10/><V76/><F9/><W97/><G12/><T70/><D70/><U81/><E81/><V96/><F121/><W57/><G14/><T134/><D134/><U75/><E75/><V19/><F76/><W17/><G44/><T98/><D98/><U18/><E4/><V129/><F99/><W87/><G45/><T60/><D60/><U131/><E13/><RYUUKYOKU ba="0,1" sc="133,30,190,-10,370,-10,297,-10" hai0="24,28,34,37,41,47,49,51,55,56,62,80,88" /><INIT seed="3,1,1,5,2,27" ten="163,180,360,287" oya="3" hai0="102,115,74,119,134,109,89,80,0,12,103,25,67" hai1="97,92,107,28,125,19,4,75,5,132,62,117,42" hai2="8,21,46,65,129,50,77,128,60,23,29,111,84" hai3="33,72,83,51,2,91,82,11,130,53,49,22,79"/><W32/><G130/><T118/><D0/><U78/><E107/><V37/><F111/><W76/><G91/><T88/><D67/><U18/><E42/><V54/><F37/><W56/><G2/><T40/><D25/><U113/><E113/><V135/><F135/><W13/><G22/><T58/><D12/><U110/><E28/><V116/><F29/><W86/><REACH who="3" step="1"/><G51/><REACH who="3" ten="163,180,360,277" step="2"/><T57/><D115/><U15/><E132/><V94/><F23/><W39/><G39/><T48/><D134/><U131/><E131/><V100/><F21/><W105/><G105/><T104/><D104/><U99/><E117/><V95/><F116/><W6/><AGARI ba="1,2" hai="6,11,13,32,33,49,53,56,72,76,79,82,83,86" machi="6" ten="20,3900,0" yaku="1,1,0,1,7,1,53,0" doraHai="27" doraHaiUra="69" who="3" fromWho="3" sc="163,-14,180,-14,360,-14,277,62" /><INIT seed="3,2,0,4,3,125" ten="149,166,346,339" oya="3" hai0="1,11,46,131,96,117,69,23,57,25,90,102,33" hai1="99,119,74,129,115,64,98,75,52,123,86,100,44" hai2="134,22,127,55,124,104,29,77,42,126,73,94,53" hai3="105,70,3,132,31,28,103,61,56,108,78,50,118"/><W111/><G118/><T80/><D117/><U106/><E115/><V37/><F104/><W133/><G3/><T45/><D69/><U85/><E64/><V4/><F134/><N who="3" m="51819" /><G78/><T47/><D33/><U82/><E99/><V113/><F4/><W12/><G70/><T62/><D131/><U54/><E123/><V68/><F68/><W13/><G50/><T128/><D128/><U121/><E129/><V15/><F113/><W18/><G105/><T36/><D36/><U21/><E121/><V114/><F114/><W8/><G103/><T91/><D80/><U32/><E32/><V109/><F109/><N who="3" m="42059" /><G13/><T84/><D84/><U79/><E86/><V17/><F77/><W5/><G5/><T39/><D39/><U49/><E119/><V110/><F110/><W30/><G30/><N who="0" m="17727" /><D11/><U59/><E21/><V112/><F29/><W6/><G6/><T34/><D1/><U97/><E97/><V120/><F112/><W89/><G89/><T14/><D14/><U51/><AGARI ba="2,0" hai="44,49,51,52,54,59,74,75,79,82,85,98,100,106" machi="51" ten="20,2700,0" yaku="0,1,7,1,54,1" doraHai="125" who="1" fromWho="1" sc="149,-9,166,33,346,-9,339,-15" owari="140,-36.0,199,-20.0,337,44.0,324,12.0" /></mjloggm>