<mjloggm ver="2.3"><GO type="169" lobby="0"/><UN n0="%E2%80%A0%E3%81%BE%E3%83%BC%E5%9D%8A%E2%80%A0" n1="%E3%82%A6%E3%83%AB%E3%83%88%E3%83%A9%E7%AB%8B%E7%9B%B4" n2="%E3%82%B8%E3%83%A3%E3%82%B9%E3%82%BF%E3%82%A6%E3%82%A7%E3%82%A4" n3="%6A%61%6E%79" dan="18,17,16,16" rate="2229.07,2165.14,2147.57,2118.13" sx="M,M,M,M"/><TAIKYOKU oya="0"/><INIT seed="0,0,0,1,0,129" ten="250,250,250,250" oya="0" hai0="116,14,6,19,44,130,62,95,11,92,107,46,96" hai1="80,8,49,59,26,41,15,75,2,97,117,131,10" hai2="7,0,69,25,133,91,112,40,84,43,9,113,90" hai3="134,87,4,27,24,52,73,1,83,121,93,120,101"/><T122/><D116/><U12/><E117/><V31/><F69/><W29/><G73/><T103/><D122/><N who="3" m="47209" /><G134/><T50/><D130/><U72/><E2/><V128/><F128/><W38/><G38/><T35/><D35/><U82/><E26/><V105/><F105/><W111/><G111/><T70/><D46/><U36/><E97/><V33/><F133/><W3/><G4/><T79/><D79/><U23/><E23/><V102/><F102/><W57/><G93/><T119/><D119/><U88/><E41/><V125/><F125/><W20/><G27/><T123/><D123/><U47/><E47/><V85/><F43/><W135/><G101/><T5/><D70/><U58/><E49/><V109/><F40/><W108/><G108/><T28/><D28/><U115/><E131/><V100/><F100/><W118/><G135/><T104/><D62/><U17/><E17/><V55/><F55/><W68/><G68/><T45/><D45/><U22/><E22/><V13/><F0/><W34/><G34/><T81/><D81/><U126/><E126/><V99/><F99/><W48/><G118/><T76/><D76/><AGARI ba="0,0" hai="1,3,20,24,29,48,52,57,76,83,87" m="47209" machi="76" ten="30,2000,0" yaku="13,1,54,1" doraHai="129" who="3" fromWho="0" sc="250,-20,250,0,250,0,250,20" /><INIT seed="1,0,0,4,5,106" ten="230,250,250,270" oya="1" hai0="49,53,84,89,26,110,44,107,116,82,129,96,9" hai1="130,80,3,135,72,51,112,109,57,133,95,8,114" hai2="27,34,97,85,126,19,36,113,58,48,28,74,67" hai3="125,132,2,46,54,69,105,78,29,119,62,32,65"/><U98/><E3/><V60/><F36/><W16/><G2/><T24/><D116/><U121/><E8/><V42/><F126/><W102/><G125/><T115/><D115/><N who="1" m="44075" /><E51/><V13/><F113/><W131/><G119/><T92/><D110/><U39/><E57/><V71/><F74/><W128/><G78/><T52/><D129/><N who="3" m="49737" /><G132/><N who="1" m="50762" /><E39/><V94/><F85/><W59/><G102/><T124/><D107/><U123/><E130/><V1/><F1/><W20/><G105/><T31/><D124/><U83/><E109/><V77/><F77/><W134/><G134/><T22/><D26/><U45/><E45/><V40/><F48/><N who="3" m="31175" /><G46/><T6/><D53/><U11/><E11/><V38/><F38/><W17/><G32/><T90/><REACH who="0" step="1"/><D9/><REACH who="0" ten="220,250,250,270" step="2"/><U37/><E123/><V86/><F40/><W118/><G118/><T61/><D61/><U111/><E111/><V127/><F42/><W108/><G108/><T5/><AGARI ba="0,1" hai="5,6,22,24,31,44,49,52,82,84,89,90,92,96" machi="5" ten="30,7900,0" yaku="1,1,0,1,8,1,54,1,53,0" doraHai="106" doraHaiUra="103" who="0" fromWho="0" sc="220,89,250,-39,250,-20,270,-20" /><INIT seed="2,0,0,1,3,45" ten="309,211,230,250" oya="2" hai0="80,20,48,124,13,126,6,3,92,96,42,1,11" hai1="0,50,103,133,57,105,49,108,87,112,128,95,44" hai2="10,71,30,99,56,101,74,14,58,88,91,51,106" hai3="41,104,59,132,55,76,47,72,73,93,61,19,134"/><V35/><F74/><W94/><G104/><T81/><D81/><U52/><E0/><V97/><F71/><W64/><G19/><T40/><D80/><U8/><E105/><V12/><F12/><W75/><G76/><T115/><D115/><U62/><E112/><V68/><F68/><W130/><G130/><T38/><D38/><U98/><E128/><V54/><F97/><W22/><G22/><T131/><D131/><U39/><E108/><V63/><F30/><W29/><G29/><T127/><D20/><U116/><E116/><V4/><REACH who="2" step="1"/><F35/><REACH who="2" ten="309,211,220,250" step="2"/><W109/><G73/><T123/><D13/><U43/><E133/><V107/><F107/><W111/><G75/><T90/><D1/><U69/><E69/><V16/><F16/><W79/><G72/><T77/><D123/><U84/><REACH who="1" step="1"/><E8/><REACH who="1" ten="309,201,220,250" step="2"/><V70/><F70/><W119/><G132/><T117/><D117/><U9/><E9/><V100/><F100/><W113/><G134/><T15/><D3/><U24/><E24/><V89/><F89/><W26/><G119/><T31/><D77/><U121/><E121/><V120/><F120/><W83/><G26/><T114/><D114/><U110/><E110/><V102/><F102/><W53/><G113/><T23/><D90/><U34/><E34/><V129/><F129/><W28/><G109/><T37/><D11/><U122/><E122/><V27/><F27/><W2/><G111/><T135/><D135/><U18/><E18/><V5/><F5/><W32/><G79/><T21/><D6/><U33/><E33/><V60/><F60/><W25/><G32/><RYUUKYOKU ba="0,2" sc="309,-15,201,15,220,15,250,-15" hai1="39,43,44,49,50,52,57,62,84,87,95,98,103" hai2="4,10,14,51,54,56,58,63,88,91,99,101,106" /><INIT seed="2,1,2,3,5,61" ten="294,216,235,235" oya="2" hai0="55,78,66,72,1,81,116,89,90,129,63,94,42" hai1="133,23,120,4,98,16,118,67,43,59,70,36,37" hai2="115,83,6,84,104,75,77,34,109,56,88,47,71" hai3="33,101,124,128,22,21,127,68,79,69,112,122,5"/><V51/><F71/><N who="3" m="27211" /><G122/><T97/><D129/><U20/><E70/><V48/><F115/><W28/><G128/><T73/><D116/><U30/><E118/><V15/><F34/><W8/><G112/><T14/><D1/><U38/><E4/><V107/><F109/><W96/><G79/><T100/><D72/><U49/><E133/><V99/><F56/><W91/><G91/><T25/><D42/><U58/><E120/><V121/><F121/><W123/><G28/><T85/><D55/><U39/><E30/><V50/><F99/><W92/><G33/><T131/><D131/><U44/><N who="1" m="9216" /><DORA hai="13" /><U95/><E67/><V31/><F31/><W82/><G82/><T45/><D45/><U60/><E60/><V111/><F111/><W7/><G7/><T53/><D53/><U12/><REACH who="1" step="1"/><E23/><REACH who="1" ten="294,206,235,235" step="2"/><V19/><F6/><W35/><G123/><T27/><D63/><U125/><E125/><N who="3" m="48202" /><G35/><T76/><D66/><U18/><E18/><V113/><F113/><W2/><AGARI ba="1,3" hai="2,5,8,21,22,92,96,101" m="48202,27211" machi="2" ten="30,1100,0" yaku="18,1" doraHai="61,13" who="3" fromWho="3" sc="294,-4,206,-4,235,-6,235,44" /><INIT seed="3,0,0,2,0,90" ten="290,202,229,279" oya="3" hai0="32,113,61,5,135,37,56,76,93,57,18,58,99" hai1="112,36,46,28,60,106,115,107,98,114,43,75,38" hai2="124,47,105,65,44,0,34,83,9,116,71,3,123" hai3="53,24,117,127,68,12,73,48,126,52,110,132,21"/><W26/><G117/><T72/><D37/><U39/><E75/><V25/><F116/><W79/><G132/><T85/><D32/><U20/><E60/><V111/><F111/><W16/><G68/><T74/><D135/><U119/><E119/><V41/><F124/><N who="3" m="47659" /><G110/><T49/><D113/><U50/><E28/><V89/><F123/><W129/><G129/><T77/><D61/><U133/><E133/><V62/><F9/><W17/><G17/><T87/><D5/><U130/><E130/><V2/><F105/><W42/><G42/><T67/><D67/><U35/><E35/><V13/><F13/><W131/><G131/><T109/><D109/><U121/><E121/><V63/><F63/><W94/><G94/><T51/><D18/><U55/><E20/><V66/><F66/><W4/><G4/><T27/><D27/><N who="3" m="10281" /><G48/><T11/><D11/><U14/><E14/><V102/><F102/><W59/><G59/><T91/><D49/><U134/><E134/><V23/><F34/><W40/><G40/><T69/><D51/><U95/><REACH who="1" step="1"/><E43/><REACH who="1" ten="290,192,229,279" step="2"/><V122/><F122/><W1/><G1/><T19/><D69/><U103/><AGARI ba="0,1" hai="36,38,39,46,50,55,95,98,103,106,107,112,114,115" machi="103" ten="40,8000,1" yaku="1,1,2,1,0,1,52,1,53,0" doraHai="90" doraHaiUra="29" who="1" fromWho="1" sc="290,-20,192,90,229,-20,279,-40" /><INIT seed="4,0,0,2,1,105" ten="270,282,209,239" oya="0" hai0="65,88,51,79,104,25,36,0,55,82,48,13,9" hai1="15,76,39,52,124,102,72,14,32,81,121,90,70" hai2="84,47,67,83,80,85,64,19,20,33,110,120,31" hai3="4,10,2,125,127,128,60,40,21,8,26,119,68"/><T108/><D36/><U54/><E32/><V5/><F110/><W11/><G119/><T92/><D104/><U3/><E121/><V131/><F131/><W1/><G40/><T49/><D0/><N who="3" m="105" /><G60/><T130/><D130/><U56/><E70/><V45/><F120/><W24/><G68/><T42/><D108/><U71/><E71/><V63/><F5/><W96/><G96/><T35/><D65/><U97/><E3/><V98/><F98/><W126/><G128/><T38/><D38/><U94/><E124/><V132/><F132/><W115/><G115/><T58/><D42/><U89/><E54/><V129/><F129/><W78/><G78/><T101/><D101/><U41/><E41/><V57/><F33/><W18/><G24/><T62/><D25/><U46/><E46/><V106/><F106/><W53/><G53/><T59/><D35/><U99/><E39/><V134/><F31/><W17/><G4/><T75/><D58/><U114/><E114/><V135/><F135/><W16/><AGARI ba="0,0" hai="8,10,11,16,17,18,21,26,125,126,127" m="105" machi="16" ten="40,8000,1" yaku="18,1,34,2,54,1" doraHai="105" who="3" fromWho="3" sc="270,-40,282,-20,209,-20,239,80" /><INIT seed="5,0,0,1,5,51" ten="230,262,189,319" oya="1" hai0="7,87,75,42,84,25,5,102,55,124,131,11,86" hai1="100,32,40,81,77,41,107,80,30,38,106,2,114" hai2="120,119,135,74,110,54,12,68,33,46,47,97,123" hai3="22,88,105,31,128,83,95,23,96,65,99,28,130"/><U63/><E2/><V10/><F33/><W34/><G65/><T17/><D75/><U39/><E63/><V20/><F74/><W37/><G37/><T104/><D131/><N who="3" m="50217" /><G83/><T116/><D116/><U67/><E67/><V24/><F110/><W126/><G126/><T101/><D124/><U133/><E100/><V35/><F35/><W93/><G105/><T79/><D42/><U27/><E32/><V132/><F68/><W58/><G58/><T15/><D79/><U71/><E27/><V92/><F119/><W129/><G129/><T115/><D115/><U9/><E9/><V26/><F92/><W94/><G95/><T78/><D78/><U91/><E77/><V3/><F3/><W57/><G57/><T89/><D89/><U60/><E91/><V13/><F97/><W69/><G69/><T48/><D104/><U61/><E71/><V62/><F10/><W16/><G22/><N who="0" m="13519" /><D5/><U56/><E56/><AGARI ba="0,0" hai="7,11,15,48,55,56,84,86,87,101,102" m="13519" machi="56" ten="30,2000,0" yaku="8,1,52,1" doraHai="51" who="0" fromWho="1" sc="230,20,262,-20,189,0,319,0" /><INIT seed="6,0,0,0,3,5" ten="250,242,189,319" oya="2" hai0="77,81,134,42,110,59,130,53,82,21,24,14,92" hai1="89,108,101,64,91,113,88,10,112,109,12,44,4" hai2="27,79,97,36,69,41,123,111,75,35,50,102,25" hai3="63,62,133,90,17,131,60,46,73,129,19,83,28"/><V122/><F50/><W57/><G133/><T9/><D110/><U13/><E64/><V32/><F27/><W100/><G100/><T37/><D134/><U31/><E31/><V52/><F52/><N who="3" m="33831" /><G28/><T55/><D130/><N who="3" m="49673" /><G46/><T56/><D42/><U3/><E101/><V104/><F111/><N who="1" m="42569" /><E44/><N who="2" m="23591" /><F69/><W93/><G83/><T86/><D82/><U54/><E54/><N who="0" m="20489" /><D37/><U2/><E2/><V45/><F45/><W85/><G73/><T30/><D92/><U29/><E29/><N who="2" m="19503" /><F35/><W48/><G48/><T67/><D67/><U1/><E1/><V11/><F11/><W39/><G39/><T114/><D59/><U58/><E58/><V98/><F98/><W128/><G128/><T105/><D56/><U126/><E126/><V117/><F117/><W106/><G106/><T71/><D71/><U43/><E43/><V16/><F16/><AGARI ba="0,0" hai="16,17,19,62,63,85,90,93" m="49673,33831" machi="16" ten="30,3900,0" yaku="19,1,54,2" doraHai="5" who="3" fromWho="2" sc="250,0,242,0,189,-39,319,39" /><INIT seed="7,0,0,1,4,119" ten="250,242,150,358" oya="3" hai0="73,25,79,16,40,78,54,22,64,33,74,90,107" hai1="36,2,35,12,47,24,41,84,81,113,134,34,128" hai2="50,106,3,133,83,19,130,21,17,52,5,13,56" hai3="1,101,103,62,15,7,55,91,31,123,126,29,6"/><W94/><G123/><T61/><D107/><U120/><E120/><V75/><F130/><W98/><G1/><T77/><D33/><U32/><E2/><V28/><F133/><W60/><G126/><T70/><D40/><U14/><E24/><V20/><F106/><W112/><G112/><T44/><D90/><U109/><E109/><V129/><F129/><W80/><G80/><T63/><D63/><N who="3" m="24105" /><G55/><T0/><D0/><U110/><E110/><V26/><F3/><W135/><G135/><T125/><D125/><U82/><E128/><V127/><F127/><W118/><G118/><T108/><D108/><U104/><E104/><V66/><F5/><N who="3" m="1547" /><G15/><T69/><D69/><U102/><E102/><AGARI ba="0,0" hai="29,31,91,94,98,101,102,103" m="1547,24105" machi="102" ten="30,1500,0" yaku="8,1" doraHai="119" who="3" fromWho="1" sc="250,0,242,-15,150,0,358,15" owari="250,5.0,227,-17.0,150,-35.0,373,47.0" /></mjloggm>