<mjloggm ver="2.3"><GO type="169" lobby="0"/><UN n0="%E3%83%8A%E3%83%A9" n1="%E3%82%A6%E3%83%AB%E3%83%88%E3%83%A9%E7%AB%8B%E7%9B%B4" n2="%E2%80%90%E8%B5%A4%E7%8A%AC%E2%80%90" n3="%E3%83%81%E3%83%A5%E3%83%AB%E3%82%B9" dan="17,18,16,17" rate="2093.49,2174.01,2051.07,2154.88" sx="M,M,F,M"/><TAIKYOKU oya="0"/><INIT seed="0,0,0,1,1,67" ten="250,250,250,250" oya="0" hai0="116,28,27,110,37,82,87,126,43,9,119,25,31" hai1="47,107,17,98,135,18,117,36,103,11,102,118,99" hai2="108,124,109,34,85,132,52,26,90,113,38,5,125" hai3="89,24,42,59,88,0,32,14,35,111,64,86,106"/><T121/><D121/><U84/><E135/><V77/><F38/><W97/><G0/><T40/><D126/><N who="2" m="48746" /><F132/><W33/><G111/><N who="2" m="42569" /><F77/><W45/><G24/><T93/><D93/><U8/><E84/><V61/><F5/><W29/><G14/><T53/><D110/><U49/><E47/><V131/><F113/><W130/><G130/><T112/><D112/><U58/><E49/><V79/><F79/><W123/><G123/><T105/><D37/><U12/><E36/><V30/><F131/><W127/><G127/><T92/><D87/><U101/><E58/><N who="2" m="35015" /><F85/><W62/><G86/><T100/><D119/><U16/><E107/><V128/><F128/><W63/><G63/><T95/><D105/><U80/><E80/><V1/><F90/><W19/><G89/><T76/><D76/><U69/><E12/><V22/><F34/><W65/><G88/><T46/><D116/><U44/><E102/><V39/><F39/><N who="3" m="21727" /><G35/><T122/><D100/><U10/><E103/><V96/><F1/><W71/><G33/><T134/><D134/><U20/><E101/><V3/><F3/><W91/><G91/><T72/><D82/><U51/><E118/><V114/><F114/><W41/><G32/><T15/><D122/><U94/><E117/><V60/><F60/><W48/><G106/><T7/><D7/><U81/><E81/><V23/><F23/><W50/><G62/><T70/><D92/><U68/><E20/><V54/><F96/><W104/><G97/><T56/><D95/><U55/><E94/><V120/><F120/><W13/><G104/><T83/><D83/><RYUUKYOKU ba="0,0" sc="250,-15,250,15,250,15,250,-15" hai1="8,10,11,16,17,18,44,51,55,68,69,98,99" hai2="22,26,30,54" /><INIT seed="1,1,0,3,2,70" ten="235,265,265,235" oya="1" hai0="83,65,15,77,43,24,56,101,122,6,13,124,127" hai1="57,121,45,30,54,62,129,1,109,36,100,130,27" hai2="107,72,93,51,102,16,115,26,116,21,67,132,90" hai3="37,50,113,53,0,7,49,128,64,87,84,131,133"/><U98/><E1/><V25/><F132/><W39/><G113/><T85/><D122/><U14/><E14/><V68/><F115/><W80/><G133/><T40/><D101/><U46/><E121/><V10/><F116/><W117/><G117/><T81/><D24/><U95/><E109/><V23/><F72/><W105/><G105/><T63/><D81/><U41/><REACH who="1" step="1"/><E46/><REACH who="1" ten="235,255,265,235" step="2"/><V125/><F10/><W19/><G0/><T114/><D114/><U96/><E96/><V118/><F118/><W55/><G131/><T61/><D15/><U86/><E86/><V66/><F125/><W135/><G128/><T94/><D13/><U91/><E91/><V58/><F102/><W97/><G97/><T82/><D85/><U44/><E44/><V120/><F120/><W99/><G99/><T104/><D124/><U69/><E69/><V18/><F68/><W34/><G135/><T106/><D127/><U111/><E111/><V31/><F107/><W35/><G80/><T33/><D83/><U119/><E119/><V29/><F90/><W11/><G7/><T28/><D6/><U123/><E123/><V3/><F3/><W12/><G12/><T75/><D104/><U112/><E112/><V2/><F2/><W17/><G11/><T38/><D106/><U20/><AGARI ba="1,1" hai="20,27,30,36,41,45,54,57,62,95,98,100,129,130" machi="20" ten="30,11700,0" yaku="1,1,0,1,52,1,53,1" doraHai="70" doraHaiUra="89" who="1" fromWho="1" sc="235,-40,255,130,265,-40,235,-40" /><INIT seed="1,2,0,4,1,2" ten="195,385,225,195" oya="1" hai0="114,1,27,101,131,89,45,115,42,29,53,70,8" hai1="41,59,92,112,49,32,28,23,64,60,15,116,31" hai2="105,98,122,111,19,95,130,22,85,129,55,109,120" hai3="79,99,72,66,21,128,126,51,90,88,43,96,83"/><U71/><E32/><V74/><F55/><W73/><G66/><T65/><D131/><N who="2" m="50186" /><F22/><W103/><G128/><T17/><D89/><U46/><E112/><V58/><F58/><W54/><G43/><T38/><D53/><U12/><E116/><V82/><F19/><W37/><G37/><T86/><D86/><U25/><E31/><V118/><F118/><W26/><G126/><T91/><D91/><U18/><E18/><V63/><F63/><W106/><G99/><T44/><D101/><U3/><E3/><V81/><F74/><W67/><G67/><T40/><D17/><U127/><E127/><V35/><F35/><W80/><G80/><N who="2" m="30825" /><F85/><W87/><G73/><T123/><D65/><U75/><E75/><V117/><F105/><W20/><G72/><T61/><D61/><U107/><E107/><V102/><F117/><W10/><G10/><T94/><D8/><U108/><E60/><V47/><F47/><W16/><REACH who="3" step="1"/><G21/><REACH who="3" ten="195,385,225,185" step="2"/><N who="0" m="15599" /><D114/><U104/><E23/><V62/><F62/><W110/><G110/><AGARI ba="2,1" hai="95,98,102,109,110,111,120,122" m="30825,50186" machi="110" ten="30,7700,0" yaku="14,1,19,1,34,2" doraHai="2" who="2" fromWho="3" sc="195,0,385,0,225,93,185,-83" /><INIT seed="2,0,0,4,1,117" ten="195,385,318,102" oya="2" hai0="114,81,53,23,110,64,102,127,132,103,96,74,33" hai1="100,44,78,69,135,29,31,123,131,1,12,52,126" hai2="27,130,42,7,51,85,4,119,104,40,120,72,25" hai3="90,15,0,13,3,68,118,88,115,122,36,112,73"/><V94/><F119/><W106/><G118/><T129/><D114/><N who="3" m="43561" /><G68/><T38/><D38/><U2/><E69/><V47/><F104/><W54/><G36/><T111/><D33/><U34/><E34/><V76/><F120/><W97/><G73/><T5/><D64/><U10/><E123/><V95/><F72/><W93/><G122/><T18/><D5/><N who="2" m="2122" /><F130/><W8/><G106/><T108/><D129/><U79/><E1/><N who="3" m="586" /><G8/><T80/><D127/><U70/><E2/><V99/><F42/><W134/><G134/><T19/><D132/><U11/><E126/><V66/><F66/><W48/><G90/><T107/><D102/><U56/><E100/><N who="2" m="60535" /><F76/><W30/><G30/><T22/><D53/><U60/><E79/><V92/><F95/><W75/><G75/><T83/><REACH who="0" step="1"/><D74/><REACH who="0" ten="185,385,318,102" step="2"/><U77/><E131/><V124/><F124/><W57/><AGARI ba="0,1" hai="13,15,48,54,57,88,93,97" m="586,43561" machi="57" ten="30,2000,0" yaku="11,1,54,1" doraHai="117" who="3" fromWho="3" sc="185,-5,385,-5,318,-10,102,30" /><INIT seed="3,0,0,5,1,44" ten="180,380,308,132" oya="3" hai0="107,89,123,70,102,127,103,97,69,81,54,91,94" hai1="71,130,19,50,67,32,84,35,122,48,87,134,82" hai2="118,6,40,34,49,33,83,96,86,15,74,100,5" hai3="93,104,25,23,88,63,131,58,133,13,39,113,80"/><W0/><G113/><T16/><D123/><U3/><E3/><V128/><F74/><W18/><G0/><T46/><D127/><U121/><E19/><V9/><F128/><W108/><G131/><T72/><D102/><U14/><E14/><V129/><F118/><W20/><G133/><T55/><D55/><U11/><E82/><V38/><F38/><W92/><G104/><T85/><D16/><U117/><E130/><V98/><F6/><W52/><G39/><T27/><D27/><U115/><E67/><V135/><F135/><W62/><G108/><T51/><REACH who="0" step="1"/><D72/><REACH who="0" ten="170,380,308,132" step="2"/><U29/><E122/><V31/><F100/><W22/><G22/><T77/><D77/><U21/><E21/><V26/><F129/><W45/><G45/><T111/><D111/><U12/><E121/><V76/><F34/><W124/><G124/><T126/><D126/><U60/><E134/><V28/><F31/><N who="3" m="17831" /><G63/><T57/><D57/><U116/><E60/><V95/><F95/><W109/><G109/><T106/><D106/><U61/><E61/><V105/><F105/><W17/><G17/><T66/><D66/><U36/><E35/><V30/><F28/><W75/><G75/><T120/><D120/><U78/><E29/><V101/><F101/><W37/><G37/><T64/><D64/><U132/><E36/><V10/><F9/><W79/><G79/><T8/><D8/><U1/><E78/><V110/><F110/><W59/><G59/><T125/><D125/><U99/><E11/><V47/><AGARI ba="0,1" hai="5,10,15,26,30,33,40,47,49,76,83,86,96,98" machi="47" ten="30,7900,0" yaku="0,1,25,2,52,1" doraHai="44" who="2" fromWho="2" sc="170,-20,380,-20,308,89,132,-39" /><INIT seed="4,0,0,0,1,108" ten="150,360,397,93" oya="0" hai0="132,53,57,89,33,10,56,51,29,115,61,28,63" hai1="73,23,117,4,118,112,82,104,133,87,95,59,16" hai2="90,74,0,114,129,40,39,107,134,97,78,32,54" hai3="26,45,37,125,24,52,135,101,7,15,88,27,99"/><T11/><D132/><U110/><E104/><V48/><F54/><W76/><G135/><T128/><D128/><U14/><E133/><V58/><F48/><N who="3" m="28687" /><G37/><T20/><D33/><U70/><E70/><V44/><F58/><W116/><G116/><T77/><D77/><U124/><E110/><V1/><F90/><W65/><G125/><T68/><D68/><U46/><E124/><V94/><F94/><N who="3" m="58615" /><G76/><T72/><D72/><U92/><E73/><V109/><F129/><W120/><G120/><T113/><D89/><U47/><E59/><V119/><F119/><W98/><G65/><T67/><D51/><U36/><E36/><V62/><F109/><W126/><G126/><T12/><D11/><U75/><E75/><V102/><F134/><W2/><G2/><T111/><D111/><U22/><E118/><V9/><F9/><N who="3" m="4543" /><G27/><T34/><D34/><U91/><E117/><V49/><F39/><W105/><G105/><T84/><D84/><U130/><E130/><V79/><F78/><W121/><G121/><T69/><D69/><U71/><E71/><V55/><F1/><W8/><G8/><T17/><D10/><U31/><E4/><V93/><F0/><W38/><G38/><T131/><D131/><U42/><E47/><V83/><F44/><W85/><G98/><T60/><D60/><U122/><E122/><V43/><F74/><W96/><G96/><T86/><D86/><U30/><E87/><V64/><F97/><W25/><G85/><T80/><D80/><U50/><E82/><V21/><F83/><W5/><G5/><T81/><D81/><RYUUKYOKU ba="0,0" sc="150,15,360,-15,397,-15,93,15" hai0="12,17,20,28,29,53,56,57,61,63,67,113,115" hai3="24,25,26,88" /><INIT seed="4,1,0,0,4,46" ten="165,345,382,108" oya="0" hai0="105,118,6,49,32,39,91,17,122,52,93,24,75" hai1="9,78,34,21,11,54,26,108,64,121,30,0,14" hai2="8,7,133,135,94,58,38,123,99,103,1,130,80" hai3="87,42,107,76,25,104,15,51,13,86,90,4,92"/><T79/><D118/><U47/><E108/><V40/><F123/><W129/><G129/><T28/><D122/><U20/><E121/><V12/><F130/><W36/><G36/><T111/><D39/><U134/><E64/><V83/><F58/><W98/><G25/><T100/><D111/><U101/><E101/><V116/><F116/><W114/><G114/><T22/><D6/><N who="1" m="1223" /><E54/><V102/><F103/><W60/><G60/><T69/><D69/><U89/><E89/><V82/><F40/><W27/><G27/><T45/><D100/><U70/><E47/><V37/><REACH who="2" step="1"/><F1/><REACH who="2" ten="165,345,372,108" step="2"/><W55/><G42/><T56/><D56/><U110/><E70/><V112/><F112/><W113/><G113/><T72/><D105/><U85/><E110/><V33/><F33/><W132/><G107/><T10/><D79/><U128/><E78/><V31/><F31/><W66/><G104/><T127/><D32/><U44/><E30/><V115/><F115/><W131/><G131/><T48/><D28/><U125/><E34/><V106/><F106/><W119/><G119/><T19/><D127/><U29/><E125/><V81/><N who="2" m="20480" /><DORA hai="35" /><V74/><F74/><W5/><G76/><T117/><D117/><U62/><E29/><V16/><F16/><W23/><G4/><T53/><D72/><U120/><E128/><V68/><F68/><W96/><G5/><T57/><D75/><U50/><E120/><V73/><F73/><W41/><G41/><T63/><D19/><U77/><E77/><V43/><F43/><W95/><G95/><T124/><D124/><U71/><E71/><RYUUKYOKU ba="1,1" sc="165,-10,345,-10,372,30,108,-10" hai2="7,8,12,37,38,94,99,102,133,135" /><INIT seed="5,2,1,3,2,14" ten="155,335,402,98" oya="1" hai0="47,41,16,5,57,116,17,127,99,37,2,131,69" hai1="12,50,94,91,82,109,126,4,98,103,100,55,38" hai2="28,48,15,132,114,76,58,121,122,25,135,79,64" hai3="66,39,0,134,49,10,112,1,7,52,29,30,21"/><U45/><E126/><V102/><F102/><W97/><G39/><T101/><D116/><U89/><E38/><V6/><F114/><W120/><G120/><N who="2" m="46185" /><F15/><W27/><G112/><T73/><D69/><U18/><E4/><V133/><F6/><W11/><G134/><T62/><D73/><U88/><E109/><V87/><F87/><W72/><G72/><T23/><D127/><U123/><E123/><V26/><F26/><W80/><G80/><T46/><D46/><U124/><E124/><V3/><F3/><W81/><G81/><T9/><D23/><N who="1" m="11719" /><E103/><V70/><F70/><W75/><G75/><T43/><D43/><U42/><E82/><V104/><F104/><W93/><G66/><T107/><D131/><U85/><E85/><V59/><F59/><W128/><G128/><T68/><D68/><U67/><E67/><AGARI ba="2,1" hai="2,5,9,16,17,37,41,47,57,62,67,99,101,107" machi="67" ten="30,7700,0" yaku="7,1,52,2,54,1" doraHai="14" who="0" fromWho="1" sc="155,93,335,-83,402,0,98,0" /><INIT seed="6,0,0,0,5,109" ten="248,252,402,98" oya="2" hai0="10,54,70,102,114,121,112,9,1,92,28,110,60" hai1="106,22,130,127,25,20,15,118,38,62,13,82,132" hai2="98,24,96,42,89,52,5,135,94,113,101,77,27" hai3="14,129,69,46,32,133,128,7,134,58,16,67,34"/><V116/><F52/><W39/><G69/><T56/><D110/><U6/><E106/><V119/><F27/><W45/><G67/><T105/><D105/><U104/><E104/><V43/><F24/><W81/><G81/><T120/><D70/><U26/><E38/><V41/><F5/><W63/><G63/><T97/><D28/><U31/><E118/><V103/><F77/><W99/><G99/><T64/><D54/><U37/><E37/><V122/><F135/><N who="3" m="51723" /><G58/><T18/><D18/><U3/><E31/><V66/><F66/><W85/><G85/><T36/><D36/><U50/><E62/><V61/><F61/><W91/><G91/><T123/><D1/><U88/><E3/><V30/><F30/><W4/><G39/><T84/><D84/><U0/><E88/><V90/><F122/><W33/><G46/><T117/><D117/><U68/><E82/><V78/><F43/><W11/><G45/><T8/><AGARI ba="0,0" hai="8,9,10,56,60,64,92,97,102,112,114,120,121,123" machi="8" ten="40,5200,0" yaku="0,1,52,2" doraHai="109" who="0" fromWho="0" sc="248,52,252,-13,402,-26,98,-13" /><INIT seed="7,0,0,2,5,128" ten="300,239,376,85" oya="3" hai0="7,117,110,65,31,58,133,9,27,107,123,10,70" hai1="47,93,91,94,43,112,131,75,39,83,49,116,33" hai2="6,135,66,100,79,23,37,42,105,101,89,71,111" hai3="26,82,78,54,98,106,22,77,102,11,3,113,114"/><W121/><G121/><T73/><D117/><U127/><E33/><V36/><F111/><W124/><G124/><T129/><D110/><U96/><E131/><V52/><F89/><W41/><G41/><T95/><D107/><U17/><E112/><N who="3" m="43114" /><G82/><T25/><D123/><U55/><E127/><V45/><F23/><W56/><G11/><T18/><D73/><U19/><E116/><V99/><F6/><W53/><G3/><T90/><D70/><U20/><E94/><V8/><F8/><W1/><G1/><T76/><D76/><N who="3" m="29289" /><G56/><T13/><D129/><U28/><E83/><V85/><F37/><W125/><G125/><T68/><D58/><U46/><REACH who="1" step="1"/><E75/><REACH who="1" ten="300,229,376,85" step="2"/><V59/><F105/><W86/><G86/><T15/><D7/><U109/><E109/><V87/><F85/><W115/><N who="3" m="43122" /><W88/><DORA hai="62" /><G88/><T50/><D90/><U92/><E92/><V84/><F87/><W119/><G119/><T57/><D95/><U40/><E40/><V32/><F100/><W67/><G67/><T60/><D65/><U64/><E64/><V44/><F66/><W5/><G5/><T103/><D103/><U35/><E35/><V12/><F32/><W69/><G69/><T81/><D68/><U51/><E51/><V134/><F101/><W29/><AGARI ba="0,1" hai="22,26,29,53,54,98,102,106" m="29289,43122" machi="29" ten="40,2100,0" yaku="15,1" doraHai="128,62" who="3" fromWho="3" sc="300,-7,229,-7,376,-7,85,31" /><INIT seed="7,1,0,5,5,123" ten="293,222,369,116" oya="3" hai0="56,53,74,66,6,8,82,47,11,79,33,126,23" hai1="95,70,55,39,76,45,34,107,41,115,127,133,73" hai2="7,121,60,44,63,131,20,13,116,117,54,37,84" hai3="25,132,125,111,114,130,61,122,77,101,68,1,15"/><W87/><G122/><T83/><D33/><U100/><E95/><V43/><F131/><W80/><G1/><T42/><D66/><U98/><E55/><V103/><F121/><W88/><G130/><T93/><D126/><U49/><E49/><V134/><F134/><W97/><G114/><T128/><D128/><U71/><E133/><V118/><F103/><W36/><G132/><T18/><D6/><U27/><E127/><V40/><F43/><W81/><G125/><T52/><D93/><U89/><E89/><V28/><F84/><W4/><G36/><T48/><D82/><N who="1" m="45327" /><E115/><V21/><F54/><W29/><G111/><T10/><D56/><U110/><E110/><V67/><F28/><AGARI ba="1,0" hai="27,28,34,39,41,45,70,71,98,100,107" m="45327" machi="28" ten="30,2000,0" yaku="33,2" doraHai="123" who="1" fromWho="2" sc="293,0,222,23,369,-23,116,0" owari="293,9.0,245,-15.0,346,44.0,116,-38.0" /></mjloggm>