<mjloggm ver="2.3"><GO type="169" lobby="0"/><UN n0="%E8%B5%A4%E9%98%AA%E9%83%81%E4%B9%83" n1="%E3%80%93%E9%B3%A9%E9%BA%A6%E7%8E%84%E7%B1%B3%E3%80%93" n2="%E6%99%82%E3%81%AE%E6%BC%82%E6%B3%8A" n3="%E5%B0%B1%E6%B4%BB%E7%94%9F%40%E5%B7%9D%E6%9D%91%E8%BB%8D%E5%9B%A3" dan="17,18,17,17" rate="2129.80,2207.97,2165.51,2157.73" sx="F,M,F,M"/><TAIKYOKU oya="0"/><INIT seed="0,0,0,1,5,8" ten="250,250,250,250" oya="0" hai0="47,82,129,50,21,101,17,53,32,5,7,12,93" hai1="116,2,56,120,103,69,95,83,111,27,96,76,38" hai2="130,126,77,68,131,33,102,0,39,45,18,117,114" hai3="11,122,24,71,10,81,119,88,90,112,15,25,63"/><T132/><D132/><U58/><E116/><V104/><RYUUKYOKU type="yao9" ba="0,0" sc="250,0,250,0,250,0,250,0" hai2="0,18,33,39,45,68,77,102,104,114,117,126,130,131" /><INIT seed="0,1,0,1,3,108" ten="250,250,250,250" oya="0" hai0="117,45,119,53,29,121,103,135,129,19,94,73,58" hai1="92,32,88,131,115,39,23,69,30,49,48,76,44" hai2="86,15,60,127,57,85,79,74,132,123,5,22,77" hai3="8,93,67,6,38,75,54,47,95,18,12,87,98"/><T122/><D73/><U25/><E131/><V91/><F123/><W97/><G75/><T99/><D129/><U78/><E69/><V83/><F132/><W66/><G87/><T36/><D135/><U100/><E100/><V3/><F127/><W106/><G106/><T107/><D29/><U111/><E111/><V59/><F74/><W16/><G38/><T2/><D2/><U80/><E32/><V51/><F3/><W124/><G124/><T21/><D107/><U90/><E39/><V31/><F79/><W46/><G54/><T10/><D10/><U89/><E115/><V130/><F130/><W0/><G0/><T113/><D113/><U13/><E13/><V41/><F31/><W28/><G28/><T62/><D121/><U101/><E80/><N who="2" m="47247" /><F60/><W118/><G8/><T63/><D122/><U109/><E109/><V105/><F105/><W33/><G12/><T35/><D35/><U14/><E49/><V26/><F26/><W55/><G55/><T27/><REACH who="0" step="1"/><D63/><REACH who="0" ten="240,250,250,250" step="2"/><U81/><E30/><V65/><F22/><W133/><G33/><T42/><AGARI ba="1,1" hai="19,21,27,36,42,45,53,58,62,94,99,103,117,119" machi="42" ten="30,12000,1" yaku="1,1,2,1,0,1,53,2" doraHai="108" doraHaiUra="114" who="0" fromWho="0" sc="240,133,250,-41,250,-41,250,-41" /><INIT seed="0,2,0,4,0,78" ten="373,209,209,209" oya="0" hai0="68,80,73,97,45,53,88,77,85,52,124,107,23" hai1="90,22,36,79,83,65,37,5,11,29,118,74,130" hai2="35,47,86,91,3,6,30,119,127,84,126,71,133" hai3="135,60,117,110,33,95,56,67,128,44,41,50,46"/><T57/><D124/><U12/><E130/><V131/><F71/><W109/><G33/><T123/><D68/><U132/><E132/><V24/><F47/><W129/><G95/><T32/><D32/><U26/><E118/><V51/><F51/><N who="3" m="27023" /><G117/><T18/><D123/><U82/><REACH who="1" step="1"/><E65/><REACH who="1" ten="373,199,209,209" step="2"/><V55/><F119/><W20/><G135/><T25/><D45/><U43/><E43/><V0/><F133/><W76/><G76/><T75/><D75/><U21/><E21/><V122/><F131/><N who="3" m="50251" /><G20/><T125/><D125/><U70/><E70/><V105/><F126/><W54/><AGARI ba="2,1" hai="46,50,54,56,60,67,109,110" m="50251,27023" machi="54" ten="30,4000,0" yaku="19,1,34,2" doraHai="78" who="3" fromWho="3" sc="373,-22,199,-12,209,-12,209,56" /><INIT seed="1,0,0,4,1,60" ten="351,187,197,265" oya="1" hai0="4,73,63,113,39,121,11,116,65,135,76,48,1" hai1="43,134,88,117,126,2,58,84,109,74,13,133,99" hai2="104,80,78,36,111,97,51,106,10,115,92,40,3" hai3="21,127,123,107,61,49,50,77,81,67,100,93,57"/><U7/><E117/><V96/><F111/><W56/><G107/><T110/><D116/><U53/><E74/><V90/><F115/><W120/><G127/><T42/><D113/><U83/><E126/><V46/><F96/><N who="3" m="59407" /><G123/><T18/><D48/><U108/><E2/><V47/><F47/><W52/><G120/><T68/><D18/><U71/><E43/><V101/><F51/><N who="3" m="30751" /><G21/><T32/><D32/><U70/><E99/><V128/><F101/><W131/><G131/><T25/><D25/><U12/><E71/><V130/><F130/><W82/><G82/><N who="0" m="45327" /><D121/><U89/><E70/><V33/><F33/><W132/><G132/><N who="1" m="50794" /><E89/><V66/><F128/><W102/><G102/><T28/><D135/><U98/><E98/><V94/><F104/><W27/><G27/><T9/><D9/><N who="1" m="4159" /><E13/><V75/><F106/><W114/><G114/><T34/><D28/><U17/><E17/><V87/><F97/><W35/><G35/><T22/><D22/><U31/><E31/><V0/><F0/><W119/><G119/><T124/><D34/><U95/><E83/><V64/><F94/><W16/><G16/><T122/><D124/><U26/><E26/><V91/><F90/><W37/><G37/><T118/><D122/><U79/><E79/><V86/><F86/><AGARI ba="0,0" hai="49,50,57,61,67,77,81,86" m="30751,59407" machi="86" ten="30,3900,0" yaku="8,1,52,1,54,1" doraHai="60" who="3" fromWho="2" sc="351,0,187,0,197,-39,265,39" /><INIT seed="2,0,0,3,1,99" ten="351,187,158,304" oya="2" hai0="85,119,82,101,75,95,91,104,130,132,94,44,126" hai1="112,13,68,52,7,72,24,109,110,56,105,83,11" hai2="113,129,28,2,61,37,98,97,16,84,92,108,58" hai3="6,47,4,30,40,65,0,87,121,64,107,22,123"/><V124/><F113/><W19/><G107/><T127/><D44/><U57/><E112/><V74/><F74/><W55/><G30/><T116/><D132/><U96/><E68/><V120/><F120/><W9/><G6/><T76/><D130/><U5/><E57/><V88/><F2/><W81/><G55/><T93/><D104/><U118/><E118/><N who="0" m="45097" /><D101/><N who="1" m="62631" /><E24/><V90/><F37/><W134/><G134/><T50/><D50/><N who="1" m="30743" /><E83/><AGARI ba="0,0" hai="75,76,82,83,85,91,93,94,95,126,127" m="45097" machi="83" ten="40,5200,0" yaku="12,1,34,2" doraHai="99" who="0" fromWho="1" sc="351,52,187,-52,158,0,304,0" /><INIT seed="3,0,0,2,3,58" ten="403,135,158,304" oya="3" hai0="81,33,44,118,61,72,131,60,102,17,100,114,135" hai1="21,94,122,63,22,64,70,66,52,133,55,27,16" hai2="104,5,59,51,24,48,87,76,99,126,110,109,38" hai3="134,50,7,29,84,124,13,120,93,11,119,30,86"/><W45/><G120/><T35/><D118/><U65/><E122/><V77/><F38/><W67/><G119/><T15/><D131/><U2/><E2/><V101/><F126/><W1/><G124/><T80/><D135/><U79/><E133/><V6/><F24/><W90/><G134/><T105/><D114/><U73/><E94/><V83/><F77/><W14/><G67/><T37/><D37/><U0/><E0/><V25/><F25/><W75/><G75/><T46/><D72/><U85/><E73/><V4/><REACH who="2" step="1"/><F59/><REACH who="2" ten="403,135,148,304" step="2"/><W56/><G56/><T123/><D123/><U74/><E74/><V47/><F47/><W10/><G84/><T42/><D44/><U82/><E66/><V127/><F127/><W40/><REACH who="3" step="1"/><G1/><REACH who="3" ten="403,135,148,294" step="2"/><T3/><D3/><U8/><E64/><V12/><F12/><W92/><G92/><T121/><D15/><U57/><E70/><V20/><F20/><W130/><G130/><T108/><D33/><U125/><E125/><V112/><F112/><W132/><G132/><T88/><D35/><U9/><E22/><V49/><AGARI ba="0,2" hai="4,5,6,48,49,51,76,83,87,99,101,104,109,110" machi="49" ten="40,5200,0" yaku="1,1,0,1,53,1" doraHai="58" doraHaiUra="97" who="2" fromWho="2" sc="403,-13,135,-13,148,72,294,-26" /><INIT seed="4,0,0,0,0,107" ten="390,122,220,268" oya="0" hai0="125,17,98,130,15,46,118,81,55,66,89,102,80" hai1="76,71,122,93,79,77,112,129,53,27,62,95,33" hai2="54,32,21,4,2,78,96,101,72,104,97,111,119" hai3="123,60,120,131,134,116,20,86,26,67,12,7,121"/><T132/><D118/><U109/><E109/><V57/><F111/><W47/><G116/><T103/><D125/><U91/><E122/><V135/><F119/><W69/><G131/><T16/><D132/><U65/><E129/><V110/><F110/><W114/><G114/><T25/><D66/><U115/><E53/><V35/><F135/><W106/><G134/><T85/><D130/><U128/><E128/><V90/><F21/><W92/><G106/><T68/><D68/><U100/><E100/><N who="0" m="38441" /><D98/><U88/><E93/><V8/><F96/><W52/><G92/><N who="0" m="54319" /><D25/><U9/><E9/><V51/><F90/><W18/><G86/><T108/><D108/><U3/><E3/><V24/><F24/><W41/><G7/><T38/><D38/><U48/><E48/><V74/><REACH who="2" step="1"/><F78/><REACH who="2" ten="390,122,210,268" step="2"/><W73/><G26/><T59/><D46/><U22/><E33/><AGARI ba="0,1" hai="2,4,8,32,33,35,51,54,57,72,74,97,101,104" machi="33" ten="40,8000,1" yaku="1,1,2,1,52,2,53,0" doraHai="107" doraHaiUra="117" who="2" fromWho="1" sc="390,0,122,-80,210,90,268,0" /><INIT seed="5,0,0,5,2,113" ten="390,42,300,268" oya="1" hai0="26,116,107,10,135,38,105,50,77,76,45,114,82" hai1="122,31,64,53,101,67,89,33,97,100,126,37,16" hai2="119,55,58,0,117,2,84,73,75,110,124,134,128" hai3="108,47,69,34,36,99,71,133,96,104,80,90,43"/><U4/><E122/><V9/><F110/><W7/><G108/><T42/><D114/><U51/><E37/><V49/><F134/><W20/><G133/><T52/><D135/><U115/><E115/><V11/><F128/><W56/><G34/><T66/><D116/><U74/><E74/><V40/><F124/><W93/><G7/><T103/><D66/><U6/><E126/><V1/><F40/><W72/><G56/><T79/><D82/><U54/><E31/><V17/><F84/><W83/><G72/><T32/><D103/><N who="1" m="39499" /><E33/><V41/><F41/><W106/><G96/><T85/><D85/><U8/><E16/><V30/><F30/><W23/><G83/><T70/><D70/><U125/><E125/><V131/><F131/><W129/><G80/><T120/><D120/><U14/><E6/><V46/><F75/><W109/><G109/><T22/><D32/><U118/><E118/><N who="2" m="45067" /><F73/><W94/><G129/><T48/><D38/><U91/><E53/><V5/><F17/><W60/><G71/><T86/><D86/><U88/><E97/><V102/><F102/><W24/><G20/><T27/><D10/><N who="2" m="3594" /><F5/><W3/><G3/><T35/><D35/><U63/><E63/><V61/><F61/><W123/><G123/><T59/><REACH who="0" step="1"/><D27/><REACH who="0" ten="380,42,300,268" step="2"/><U29/><E29/><AGARI ba="0,1" hai="22,26,29,42,45,48,50,52,59,76,77,79,105,107" machi="29" ten="40,8000,1" yaku="1,1,2,1,54,1,53,1" doraHai="113" doraHaiUra="39" who="0" fromWho="1" sc="380,90,42,-80,300,0,268,0" owari="470,57.0,-38,-54.0,300,10.0,268,-13.0" /></mjloggm>