<mjloggm ver="2.3"><GO type="169" lobby="0"/><UN n0="%E3%82%A6%E3%83%AB%E3%83%88%E3%83%A9%E7%AB%8B%E7%9B%B4" n1="%E3%82%A8%E3%83%83%E3%83%95%E3%82%A7%E3%83%AB%E5%A1%94" n2="%6B%69%6D%38" n3="%E9%AB%98%E7%94%BA%EF%BC%A0%E3%81%AA%E3%81%AE%E3%81%AF" dan="18,16,16,16" rate="2197.27,2119.15,2039.83,2093.69" sx="M,M,M,F"/><TAIKYOKU oya="0"/><INIT seed="0,0,0,1,4,46" ten="250,250,250,250" oya="0" hai0="101,55,93,100,107,67,20,64,125,87,26,48,109" hai1="33,13,40,63,77,116,69,62,22,129,0,119,2" hai2="3,115,81,71,92,99,131,123,56,34,126,51,42" hai3="79,91,68,128,29,28,103,60,14,88,96,11,90"/><T127/><D107/><U25/><E33/><V105/><F115/><W135/><G135/><T8/><D8/><U18/><E77/><V6/><F105/><W78/><G128/><T50/><D109/><U30/><E129/><V41/><F123/><W122/><G122/><T113/><D113/><U36/><E36/><V120/><F120/><W72/><G68/><T134/><D134/><U85/><E85/><V5/><F71/><W38/><G38/><T84/><D55/><U24/><E40/><V7/><F34/><W16/><G60/><T43/><D43/><U17/><E69/><V9/><F126/><N who="0" m="48138" /><D93/><U59/><E59/><V102/><F81/><W94/><G72/><T4/><D4/><U32/><E63/><V114/><F42/><W80/><G80/><T133/><D133/><U58/><E58/><V70/><F70/><W66/><G66/><N who="0" m="25131" /><D87/><U112/><E62/><V130/><F114/><W54/><G54/><T45/><D84/><U121/><E112/><V37/><F131/><W74/><G74/><T76/><D76/><AGARI ba="0,0" hai="11,14,16,28,29,76,78,79,88,90,91,94,96,103" machi="76" ten="40,5200,0" yaku="8,1,54,2" doraHai="46" who="3" fromWho="0" sc="250,-52,250,0,250,0,250,52" /><INIT seed="1,0,0,3,4,125" ten="198,250,250,302" oya="1" hai0="86,123,13,97,7,46,71,38,68,96,117,91,21" hai1="52,127,134,3,45,9,55,23,79,49,105,24,85" hai2="19,54,77,10,34,15,114,80,121,29,53,41,76" hai3="135,120,84,109,32,14,90,36,95,106,128,26,1"/><U116/><E105/><V25/><F121/><W4/><G36/><T18/><D117/><U22/><E127/><V118/><F118/><W39/><G39/><T119/><D119/><U112/><E116/><V89/><F114/><W60/><G106/><T64/><D123/><U51/><E134/><V16/><F41/><W30/><G120/><T27/><D68/><U59/><E112/><V104/><F104/><W122/><G122/><T98/><D71/><U69/><E69/><V17/><F89/><W100/><G109/><T83/><D38/><U31/><E3/><V129/><F129/><W102/><G1/><T87/><D64/><U101/><E9/><V126/><F126/><W28/><G135/><T130/><D130/><U42/><E101/><V92/><F92/><W44/><G128/><T99/><N who="0" m="24576" /><DORA hai="58" /><T40/><D87/><U12/><E42/><V35/><F35/><W88/><G30/><T93/><D46/><U74/><E74/><V65/><F65/><W133/><G44/><T107/><D107/><U94/><E12/><V67/><F67/><W115/><G115/><T0/><D40/><U48/><E48/><V56/><F54/><W82/><G133/><T113/><D113/><U81/><REACH who="1" step="1"/><E94/><REACH who="1" ten="198,240,250,302" step="2"/><V70/><F70/><W108/><G102/><T124/><D124/><U33/><AGARI ba="0,1" hai="22,23,24,31,33,45,49,51,52,55,59,79,81,85" machi="33" ten="20,18000,2" yaku="1,1,2,1,0,1,7,1,54,1,53,1" doraHai="125,58" doraHaiUra="66,78" who="1" fromWho="1" sc="198,-60,240,190,250,-60,302,-60" /><INIT seed="1,1,0,4,0,12" ten="138,430,190,242" oya="1" hai0="91,45,24,32,134,130,61,14,25,39,117,101,122" hai1="46,29,23,47,54,16,96,98,70,56,36,77,129" hai2="83,116,72,43,22,85,48,78,99,79,58,21,118" hai3="102,120,34,93,76,38,8,115,111,95,6,4,37"/><U87/><E70/><V64/><F116/><W1/><G120/><T108/><D117/><U112/><E112/><V104/><F118/><W10/><G115/><T74/><D74/><U90/><E29/><V27/><F21/><W103/><G76/><T50/><D122/><U92/><E129/><V82/><F104/><W15/><G34/><T89/><D108/><U40/><E47/><V121/><F121/><W53/><G53/><T41/><D134/><U20/><E20/><V13/><F13/><W69/><G69/><T135/><D135/><U107/><E77/><V128/><F99/><W81/><G81/><T3/><D3/><U52/><E54/><V55/><F128/><W5/><G111/><T33/><D39/><U44/><E44/><V30/><F64/><W110/><G110/><T63/><D130/><U19/><E107/><V67/><F67/><W124/><G5/><T80/><D101/><U114/><E114/><V106/><F106/><W0/><REACH who="3" step="1"/><G15/><REACH who="3" ten="138,430,190,232" step="2"/><T84/><D33/><U75/><E75/><V100/><F43/><W71/><G71/><T105/><D32/><U65/><E65/><V18/><REACH who="2" step="1"/><F100/><REACH who="2" ten="138,430,180,232" step="2"/><W35/><G35/><T126/><D14/><U132/><E132/><V94/><F94/><W97/><G97/><T68/><D105/><U11/><E98/><V9/><F9/><W123/><G123/><T109/><D109/><U88/><E11/><V42/><F42/><W119/><G119/><T7/><D41/><U60/><E23/><V51/><F51/><W86/><G86/><N who="0" m="50375" /><D50/><U17/><E96/><V125/><F125/><AGARI ba="1,2" hai="0,1,4,6,8,10,37,38,93,95,102,103,124,125" machi="125" ten="25,3200,0" yaku="1,1,22,2,53,0" doraHai="12" doraHaiUra="57" who="3" fromWho="2" sc="138,0,430,0,180,-35,232,55" /><INIT seed="2,0,0,3,4,92" ten="138,430,145,287" oya="2" hai0="55,88,12,56,118,133,69,24,3,107,19,86,7" hai1="127,74,82,134,117,73,124,34,132,114,94,33,14" hai2="58,97,2,47,44,84,48,27,26,1,105,0,45" hai3="32,18,72,99,57,101,70,119,6,20,21,13,77"/><V91/><F48/><W109/><G70/><T30/><D69/><U62/><E14/><V122/><F122/><W129/><G32/><N who="1" m="12394" /><E62/><V11/><F58/><W67/><G109/><T54/><D107/><U28/><E28/><V60/><F60/><W102/><G119/><T106/><D106/><U39/><E117/><V61/><F61/><N who="3" m="38319" /><G72/><N who="1" m="27754" /><E82/><V22/><F11/><N who="3" m="4343" /><G129/><T35/><D133/><N who="1" m="51307" /><E114/><V115/><F115/><W130/><G77/><T83/><D118/><U110/><E110/><V76/><F76/><W50/><G50/><T80/><D80/><U111/><E111/><V31/><F27/><N who="3" m="14743" /><G130/><T104/><D104/><U125/><E94/><V93/><REACH who="2" step="1"/><F105/><REACH who="2" ten="138,430,135,287" step="2"/><W90/><G21/><N who="0" m="11495" /><D56/><U16/><E16/><V52/><F52/><W10/><G10/><AGARI ba="0,1" hai="3,7,10,24,30,35,54,55,83,86,88" m="11495" machi="10" ten="30,2000,0" yaku="24,1,54,1" doraHai="92" who="0" fromWho="3" sc="138,30,430,0,135,0,287,-20" /><INIT seed="3,0,0,0,1,29" ten="168,430,135,267" oya="3" hai0="17,23,104,76,61,115,121,59,120,98,105,25,44" hai1="110,6,45,67,32,54,24,111,57,52,125,79,96" hai2="40,92,126,124,20,27,43,72,106,64,89,69,101" hai3="53,91,10,0,87,34,63,56,77,33,75,14,47"/><W114/><G114/><T71/><D115/><U112/><E112/><V81/><F69/><W68/><G0/><T66/><D76/><U1/><E79/><N who="2" m="44263" /><F64/><W39/><G68/><T102/><D105/><U130/><E96/><N who="2" m="61735" /><F20/><W58/><G77/><T55/><REACH who="0" step="1"/><D44/><REACH who="0" ten="158,430,135,267" step="2"/><U122/><E45/><V8/><F27/><W82/><G75/><T88/><D88/><U107/><E107/><V4/><F4/><W65/><G39/><T123/><D123/><U80/><E6/><V78/><F78/><W94/><G47/><T135/><D135/><U37/><E24/><V9/><F126/><W118/><G118/><T42/><D42/><U18/><E125/><V131/><F124/><W93/><G82/><T133/><D133/><U117/><E80/><V103/><F103/><W95/><G95/><T36/><D36/><U99/><E117/><V38/><F38/><W129/><G94/><T74/><D74/><U49/><E37/><V16/><F43/><W11/><G129/><T50/><AGARI ba="0,1" hai="17,23,25,50,55,59,61,66,71,98,102,104,120,121" machi="50" ten="20,5200,0" yaku="1,1,0,1,7,1,53,1" doraHai="29" doraHaiUra="46" who="0" fromWho="0" sc="158,62,430,-13,135,-13,267,-26" /><INIT seed="4,0,0,1,3,68" ten="220,417,122,241" oya="0" hai0="80,53,74,82,127,112,23,52,122,104,22,88,55" hai1="27,114,134,34,61,39,83,126,99,46,96,7,108" hai2="70,57,133,110,93,17,71,40,62,67,16,115,10" hai3="128,37,98,35,24,103,19,15,2,13,107,84,77"/><T95/><D104/><U21/><E61/><V51/><F110/><W43/><G2/><T64/><D122/><U132/><E34/><V118/><F133/><W85/><G128/><T58/><D112/><U111/><E7/><V73/><F73/><W91/><G77/><T76/><D127/><U20/><E83/><N who="0" m="31785" /><D76/><U121/><E121/><V129/><F115/><W89/><G35/><T65/><D74/><U101/><E114/><V72/><F72/><W42/><G24/><T59/><D59/><U113/><E113/><V45/><F129/><W105/><G19/><T29/><D58/><U135/><E126/><V109/><F109/><W120/><G98/><N who="1" m="37418" /><E101/><V33/><F33/><W8/><G103/><T87/><D29/><N who="1" m="17639" /><E21/><AGARI ba="0,0" hai="21,22,23,52,53,55,64,65,87,88,95" m="31785" machi="21" ten="30,5800,0" yaku="8,1,54,2" doraHai="68" who="0" fromWho="1" sc="220,58,417,-58,122,0,241,0" /><INIT seed="4,1,0,2,1,3" ten="278,359,122,241" oya="0" hai0="91,46,84,81,121,60,83,25,6,11,127,29,38" hai1="24,72,103,70,73,75,124,97,108,56,49,23,22" hai2="112,131,107,82,61,129,117,63,87,27,67,122,10" hai3="55,92,116,106,32,86,58,40,16,28,93,114,12"/><T90/><D127/><U45/><E70/><V71/><F107/><W2/><G106/><T30/><D121/><U79/><E108/><V41/><F122/><W50/><G116/><T57/><D46/><U78/><E56/><V98/><F117/><W69/><G69/><T115/><D38/><U59/><E59/><V77/><F112/><W62/><G2/><T110/><D115/><U128/><E128/><V39/><F98/><W105/><G105/><T66/><D110/><U7/><E124/><V126/><F126/><W53/><G40/><T26/><D30/><U134/><E134/><V89/><F63/><W37/><G37/><T34/><D26/><U118/><E118/><V33/><F89/><W36/><G36/><T85/><D11/><U102/><E97/><V51/><F51/><W100/><G114/><T31/><D31/><U130/><E130/><N who="2" m="49675" /><F10/><W76/><G100/><T101/><D101/><U96/><E96/><V43/><F39/><W94/><G28/><AGARI ba="1,0" hai="27,28,33,41,43,61,67,71,77,82,87" m="49675" machi="28" ten="30,1000,0" yaku="19,1" doraHai="3" who="2" fromWho="3" sc="278,0,359,0,122,13,241,-13" /><INIT seed="5,0,0,5,5,108" ten="278,359,135,228" oya="1" hai0="107,64,46,45,124,88,6,8,12,31,54,65,82" hai1="125,48,73,95,75,92,33,129,79,39,70,59,62" hai2="63,133,74,17,20,14,68,112,9,3,91,49,24" hai3="117,135,81,118,111,29,60,102,37,51,42,119,128"/><U69/><E33/><V99/><F74/><W57/><G102/><T114/><D107/><U96/><E39/><V71/><F133/><W115/><G111/><T7/><D114/><U76/><E48/><V10/><F112/><W53/><G81/><T67/><D124/><U56/><E125/><V100/><F91/><W19/><G29/><T126/><D126/><U104/><E62/><V61/><F3/><W131/><G115/><T77/><D31/><U72/><E129/><N who="3" m="49738" /><G19/><N who="0" m="8583" /><D77/><U123/><E123/><V113/><F113/><W11/><G11/><T38/><D38/><U5/><E5/><N who="0" m="1545" /><D54/><U4/><E4/><V44/><F68/><W0/><G0/><T50/><D50/><U116/><E75/><V32/><F71/><W35/><G35/><T55/><D55/><U106/><REACH who="1" step="1"/><E96/><REACH who="1" ten="278,349,135,228" step="2"/><V13/><F32/><W52/><G135/><T109/><D109/><U97/><E97/><V41/><F63/><W22/><G37/><T122/><D122/><U80/><E80/><V132/><F61/><W18/><G42/><T83/><D83/><U89/><E89/><V98/><F98/><W86/><G86/><AGARI ba="0,1" hai="45,46,64,65,67,82,86,88" m="1545,8583" machi="86" ten="30,2000,0" yaku="8,1,54,1" doraHai="108" who="0" fromWho="3" sc="278,30,349,0,135,0,228,-20" /><INIT seed="6,0,0,0,4,19" ten="308,349,135,208" oya="2" hai0="104,16,59,70,128,3,67,83,102,54,94,10,108" hai1="101,87,64,111,47,18,134,72,77,31,27,105,2" hai2="14,95,44,34,73,17,125,35,121,63,92,93,56" hai3="15,62,89,50,107,109,11,1,7,37,132,86,5"/><V133/><F121/><W78/><G37/><T0/><D104/><U48/><E72/><V74/><F125/><W26/><G107/><T135/><D108/><U103/><E2/><V116/><F116/><W113/><G109/><T36/><D36/><U124/><E64/><V12/><F133/><W80/><G132/><T60/><D83/><U119/><E105/><V22/><F44/><W39/><G39/><T30/><D30/><U118/><E18/><V45/><F45/><W55/><G62/><T53/><D53/><U106/><E124/><V98/><F14/><W20/><G113/><T90/><D102/><U43/><E134/><V79/><F98/><W68/><G68/><T122/><D128/><U91/><E77/><V126/><F126/><W42/><G42/><T96/><D122/><U23/><E111/><V123/><F123/><W41/><G41/><T29/><D29/><U66/><E66/><V25/><F79/><W61/><G61/><T57/><D70/><U8/><E8/><V100/><F100/><N who="1" m="38473" /><E106/><V112/><F112/><W81/><G1/><T97/><D97/><U49/><E49/><V88/><F88/><W52/><G5/><T82/><D135/><U117/><E91/><V51/><F51/><W84/><G50/><N who="0" m="30935" /><D82/><U127/><E127/><V110/><F110/><W4/><G4/><T28/><D3/><U6/><E6/><V21/><F21/><W65/><G65/><T115/><D0/><U38/><E38/><V114/><F114/><W129/><G129/><T46/><D115/><U32/><E23/><V69/><F69/><W120/><G120/><RYUUKYOKU ba="0,0" sc="308,-15,349,15,135,-15,208,15" hai1="27,31,32,43,47,48,87,117,118,119" hai3="7,11,15,20,26,52,55,78,80,81,84,86,89" /><INIT seed="7,1,0,4,1,8" ten="293,364,120,223" oya="3" hai0="24,52,86,50,110,125,123,82,84,20,55,56,53" hai1="74,76,5,122,104,107,34,23,68,25,102,40,91" hai2="111,36,18,42,2,124,37,29,17,64,65,132,121" hai3="80,95,69,48,15,87,90,19,7,98,106,41,128"/><W81/><G69/><T79/><D110/><U115/><E40/><V6/><F111/><W71/><G71/><T112/><D123/><U85/><E5/><V49/><F42/><W61/><G7/><T92/><D125/><U51/><E51/><V70/><F6/><W9/><G128/><T31/><D112/><U120/><E34/><V89/><F49/><W75/><G61/><T94/><D94/><N who="1" m="54639" /><E107/><V134/><F70/><W32/><G32/><T113/><D113/><U57/><E57/><V118/><F29/><W133/><G133/><T119/><D119/><U12/><E68/><V100/><F118/><W135/><G135/><T0/><D0/><U67/><E25/><V16/><F18/><W78/><G106/><T130/><D130/><U126/><E67/><V109/><F109/><W96/><REACH who="3" step="1"/><G80/><REACH who="3" ten="293,364,120,213" step="2"/><T45/><D82/><U58/><E104/><V66/><F65/><W73/><G73/><T63/><D63/><U1/><E74/><V35/><F35/><W14/><G14/><T39/><D24/><U10/><E12/><V11/><F121/><W43/><G43/><T88/><D53/><U93/><E122/><V83/><F83/><W108/><G108/><T105/><D105/><U54/><E54/><V27/><F27/><W38/><G38/><T22/><D39/><U131/><E120/><V99/><F2/><W129/><G129/><T3/><D3/><U103/><E131/><V47/><F37/><W44/><AGARI ba="1,1" hai="9,15,19,41,44,48,75,78,81,87,90,95,96,98" machi="44" ten="30,6000,0" yaku="1,1,0,1,52,1,53,0" doraHai="8" doraHaiUra="127" who="3" fromWho="3" sc="293,-21,364,-21,120,-21,213,73" /><INIT seed="7,2,0,0,2,117" ten="272,343,99,286" oya="3" hai0="4,114,135,15,48,73,97,41,79,124,84,3,27" hai1="34,122,19,99,69,61,115,37,49,96,128,109,66" hai2="33,30,91,25,92,123,67,78,59,53,50,86,36" hai3="5,77,32,102,100,90,116,133,10,6,52,75,119"/><W18/><G32/><T134/><D124/><U130/><E122/><V26/><F78/><W22/><G133/><N who="0" m="50699" /><D114/><U127/><E37/><V106/><F106/><W0/><G6/><T45/><D27/><U40/><E127/><V103/><F103/><W39/><G90/><T93/><D73/><U42/><E109/><V28/><F36/><W2/><G2/><T85/><D3/><U7/><E7/><V94/><F67/><W112/><G112/><T65/><D65/><U82/><E115/><V89/><F59/><W87/><G75/><T17/><D4/><U108/><E34/><V107/><F107/><W64/><G64/><T74/><D79/><U23/><E82/><V98/><F50/><W21/><G39/><T44/><D44/><N who="1" m="25735" /><E42/><V110/><F110/><W132/><G132/><T9/><D74/><U51/><E51/><V58/><F58/><W126/><G126/><T57/><D57/><U16/><E108/><V131/><F131/><N who="1" m="50217" /><E19/><V62/><F62/><W35/><G35/><T55/><D41/><U80/><E80/><V54/><F33/><W29/><G116/><T101/><AGARI ba="2,0" hai="9,15,17,45,48,55,84,85,93,97,101" m="50699" machi="101" ten="30,1100,0" yaku="20,1" doraHai="117" who="0" fromWho="0" sc="272,17,343,-5,99,-5,286,-7" owari="289,9.0,338,44.0,94,-41.0,279,-12.0" /></mjloggm>