<mjloggm ver="2.3"><GO type="169" lobby="0"/><UN n0="%73%69%72%75%6E%65%6B%6F" n1="%74%79%64%79" n2="%E7%A7%91%E5%AD%A6%E9%BA%BB%E9%9B%80" n3="%E5%B0%B1%E6%B4%BB%E7%94%9F%40%E5%B7%9D%E6%9D%91%E8%BB%8D%E5%9B%A3" dan="17,16,16,17" rate="2155.54,2086.17,2057.40,2215.86" sx="M,M,M,M"/><TAIKYOKU oya="0"/><INIT seed="0,0,0,2,1,135" ten="250,250,250,250" oya="0" hai0="87,23,51,123,132,20,16,133,18,36,117,134,127" hai1="105,75,102,72,40,107,33,24,103,71,59,52,58" hai2="3,1,25,89,81,88,128,4,91,47,69,17,90" hai3="124,57,30,78,19,73,130,55,106,101,31,83,68"/><T114/><D36/><U35/><E40/><V44/><F69/><W119/><G68/><T70/><D114/><U13/><E71/><V129/><F25/><W34/><G119/><T85/><D117/><U65/><E24/><V76/><F17/><N who="0" m="6762" /><D123/><U64/><REACH who="1" step="1"/><E13/><REACH who="1" ten="250,240,250,250" step="2"/><V37/><F37/><W29/><G34/><T115/><D70/><U21/><E21/><N who="0" m="8265" /><D115/><U39/><E39/><V113/><F113/><W125/><G130/><N who="2" m="50281" /><F4/><W86/><G31/><T49/><D127/><N who="3" m="48713" /><G73/><T110/><D110/><U12/><E12/><V9/><F1/><W109/><G109/><T131/><D131/><U79/><E79/><V118/><F118/><W95/><G106/><T60/><D60/><U42/><E42/><V99/><F76/><W93/><G29/><T116/><D116/><U126/><E126/><V77/><F77/><W61/><G30/><T100/><D100/><U98/><E98/><V112/><F99/><N who="3" m="59631" /><G19/><T38/><D38/><U120/><E120/><V97/><F97/><W43/><G43/><T84/><AGARI ba="0,1" hai="49,51,84,85,87,132,133,134" m="8265,6762" machi="84" ten="40,12000,1" yaku="28,2,20,1,54,1" doraHai="135" who="0" fromWho="0" sc="250,130,240,-40,250,-40,250,-40" /><INIT seed="0,1,0,1,0,60" ten="380,200,210,210" oya="0" hai0="19,135,82,37,54,134,98,42,133,6,58,15,5" hai1="20,89,109,2,16,100,43,35,40,125,120,7,107" hai2="24,66,44,91,62,55,122,113,73,71,128,101,14" hai3="81,110,127,130,21,79,49,117,105,53,34,67,22"/><T47/><D98/><U111/><E120/><V85/><F122/><W99/><G34/><T51/><REACH who="0" step="1"/><D82/><REACH who="0" ten="370,200,210,210" step="2"/><U75/><E111/><V57/><F113/><W45/><G99/><T116/><D116/><U18/><E109/><V31/><F128/><W10/><G110/><T3/><D3/><U29/><E2/><V114/><F114/><W104/><G130/><T13/><D13/><U96/><E96/><V132/><F14/><W65/><G105/><T27/><D27/><U36/><E107/><V97/><F24/><W32/><G104/><T118/><D118/><U84/><E100/><V115/><F97/><W86/><G117/><T64/><D64/><U103/><E103/><V38/><F66/><W92/><G81/><T4/><D4/><U95/><E7/><V41/><F101/><W74/><G67/><T63/><D63/><U131/><E131/><V93/><F62/><W56/><G65/><T25/><D25/><U112/><E112/><V90/><F115/><W1/><G1/><T70/><D70/><U88/><E95/><V30/><F71/><W46/><G92/><T48/><D48/><U50/><E50/><V108/><F93/><W80/><G49/><T11/><AGARI ba="1,1" hai="5,6,11,15,19,37,42,47,51,54,58,133,134,135" machi="11" ten="30,18000,2" yaku="1,1,0,1,20,1,53,3" doraHai="60" doraHaiUra="129" who="0" fromWho="0" sc="370,193,200,-61,210,-61,210,-61" /><INIT seed="0,2,0,1,3,73" ten="563,139,149,149" oya="0" hai0="78,45,2,58,120,40,99,51,13,52,87,71,75" hai1="36,25,55,97,77,94,89,49,43,68,26,103,11" hai2="47,125,83,7,18,61,15,111,85,133,118,0,108" hai3="101,121,54,123,90,129,22,34,86,112,30,88,67"/><T130/><D120/><N who="3" m="46153" /><G112/><T122/><D122/><U63/><E36/><V74/><F74/><W19/><G129/><T81/><D2/><U14/><E43/><V69/><F125/><W117/><G117/><T62/><D130/><U24/><E68/><V98/><F133/><W134/><G134/><T115/><D115/><U59/><E77/><N who="2" m="46319" /><F118/><W131/><G131/><T119/><D119/><U116/><E116/><V57/><F69/><W1/><G1/><T31/><D31/><U106/><E63/><V113/><F113/><W12/><G101/><T93/><D71/><U6/><E106/><V109/><F47/><W20/><G67/><N who="0" m="39383" /><D75/><U23/><REACH who="1" step="1"/><E103/><REACH who="1" ten="563,129,149,149" step="2"/><V4/><F0/><W100/><G100/><N who="0" m="60527" /><D13/><U96/><E96/><V35/><F98/><W56/><G34/><T29/><D29/><AGARI ba="2,1" hai="6,11,14,23,24,25,26,29,49,55,59,89,94,97" machi="29" ten="30,3900,0" yaku="1,1,7,1,8,1,53,0" doraHai="73" doraHaiUra="104" who="1" fromWho="0" sc="563,-45,129,55,149,0,149,0" /><INIT seed="1,0,0,5,0,59" ten="518,184,149,149" oya="1" hai0="39,99,130,31,36,91,7,112,16,63,110,43,46" hai1="35,120,104,40,49,96,115,67,58,73,83,24,92" hai2="68,4,18,98,42,10,108,84,131,29,54,1,121" hai3="14,95,53,135,64,127,118,102,34,5,76,105,81"/><U23/><E115/><V60/><F121/><W32/><G105/><T103/><D112/><U93/><E120/><V3/><F131/><W94/><G118/><T30/><D36/><U125/><E125/><V85/><F29/><W2/><G2/><T74/><D74/><U65/><E35/><V132/><F42/><W71/><G127/><T113/><D113/><U128/><E104/><V17/><F1/><W8/><G135/><T57/><D7/><U126/><E126/><V77/><F108/><W134/><G134/><T88/><D110/><U72/><E72/><V97/><F132/><W109/><G109/><T66/><D130/><U80/><E73/><V15/><F18/><W78/><G53/><T101/><D16/><N who="1" m="12391" /><E92/><V20/><F77/><W38/><G38/><T26/><D31/><U19/><E19/><V87/><REACH who="2" step="1"/><F54/><REACH who="2" ten="518,184,139,149" step="2"/><W106/><G34/><T13/><D30/><U6/><E128/><V123/><F123/><W28/><G28/><T79/><D39/><U9/><E40/><V129/><F129/><W45/><G32/><T27/><D43/><U51/><E6/><V69/><F69/><W116/><G76/><T124/><D79/><U11/><E11/><V41/><F41/><W117/><G117/><T122/><D124/><U86/><E9/><V55/><F55/><W107/><G116/><T22/><D122/><U70/><E70/><V0/><F0/><W114/><G71/><T56/><D22/><U50/><E67/><AGARI ba="0,1" hai="3,4,10,15,17,20,60,67,68,84,85,87,97,98" machi="67" ten="40,2600,0" yaku="1,1,52,1,53,0" doraHai="59" doraHaiUra="47" who="2" fromWho="1" sc="518,0,184,-26,139,36,149,0" /><INIT seed="2,0,0,1,5,33" ten="518,158,175,149" oya="2" hai0="6,60,22,125,124,51,130,3,23,69,49,44,36" hai1="46,72,27,81,54,86,74,99,104,11,1,57,91" hai2="97,129,95,9,20,121,4,37,87,128,58,123,40" hai3="110,105,26,31,120,109,75,112,16,25,89,126,85"/><V94/><F58/><W5/><G120/><T61/><D36/><U43/><E27/><V93/><F20/><N who="3" m="13447" /><G75/><T103/><D103/><U135/><E135/><V24/><F24/><W8/><G105/><T29/><D130/><N who="2" m="50282" /><F87/><W48/><G48/><T17/><D51/><U62/><E99/><V106/><F106/><W38/><G38/><T73/><D73/><U102/><E104/><V80/><F80/><W53/><G53/><T78/><D49/><U133/><E133/><V131/><F97/><W84/><G89/><T119/><D119/><U10/><E102/><V39/><F131/><W63/><G63/><T83/><D60/><U82/><E82/><V55/><F55/><W52/><G52/><T0/><D61/><U15/><E74/><V90/><F90/><W47/><G47/><T79/><D83/><U108/><E72/><V45/><F39/><W117/><G117/><T65/><D79/><U19/><E46/><V68/><F68/><W71/><G71/><T98/><D78/><U13/><E54/><V59/><F59/><W28/><G112/><T32/><D98/><U42/><E57/><V66/><F66/><W2/><G126/><T92/><D65/><U101/><E62/><V21/><F21/><N who="3" m="15439" /><G31/><T132/><D29/><U64/><E64/><V134/><F134/><W70/><G70/><T34/><D69/><U96/><E96/><V122/><F122/><W76/><G76/><T35/><D132/><U118/><E101/><V18/><F18/><W77/><G77/><T111/><D17/><U56/><E56/><V88/><F88/><W41/><G41/><RYUUKYOKU ba="0,0" sc="518,-15,158,-15,175,15,149,15" hai2="4,9,37,40,45,93,94,95,121,123" hai3="2,5,8,84,85,109,110" /><INIT seed="2,1,0,4,0,55" ten="503,143,190,164" oya="2" hai0="53,69,74,117,84,39,90,12,94,113,11,128,31" hai1="51,115,43,127,42,3,106,33,66,47,21,16,110" hai2="116,105,60,123,98,118,78,120,101,126,40,96,100" hai3="63,99,25,76,131,35,108,72,130,52,17,49,109"/><V134/><F40/><W23/><G35/><T59/><D113/><U0/><E115/><V132/><F60/><W36/><G36/><T79/><D39/><U86/><E33/><V30/><F30/><W95/><G76/><T34/><D69/><U68/><E106/><N who="2" m="63751" /><F78/><W1/><G1/><T6/><D117/><N who="2" m="45162" /><F126/><W119/><G119/><T54/><D79/><U112/><E42/><V81/><F81/><W56/><G49/><T32/><D31/><U15/><E127/><V50/><F50/><W93/><G72/><T124/><D54/><U135/><E112/><V122/><AGARI ba="1,0" hai="98,101,105,120,122,123,132,134" m="45162,63751" machi="122" ten="40,7800,0" yaku="23,1,34,2" doraHai="55" who="2" fromWho="2" sc="503,-27,143,-27,190,81,164,-27" /><INIT seed="2,2,0,0,4,20" ten="476,116,271,137" oya="2" hai0="103,135,105,131,8,101,44,64,0,49,24,132,54" hai1="120,133,3,57,27,92,128,63,38,126,87,82,78" hai2="111,7,100,40,79,47,104,89,90,116,56,17,48" hai3="18,86,23,59,107,77,36,122,1,70,9,52,2"/><V21/><F116/><W83/><G122/><T10/><D131/><U81/><E128/><V62/><F7/><W25/><G70/><T123/><D123/><U32/><E120/><V68/><F68/><W85/><G107/><T11/><D64/><U13/><E3/><V69/><F69/><W125/><G125/><T80/><D80/><U115/><E115/><V117/><F117/><W121/><G121/><T4/><D24/><U72/><E38/><V91/><F79/><W74/><G36/><T61/><D61/><U106/><E106/><V98/><F111/><W5/><REACH who="3" step="1"/><G1/><REACH who="3" ten="476,116,271,127" step="2"/><T16/><D105/><U22/><E126/><V58/><REACH who="2" step="1"/><F62/><AGARI ba="2,1" hai="2,5,9,18,23,25,52,59,62,74,77,83,85,86" machi="62" ten="30,12000,2" yaku="1,1,2,1,7,1,52,1,54,1,53,1" doraHai="20" doraHaiUra="35" who="3" fromWho="2" sc="476,0,116,0,271,-126,127,136" /><INIT seed="3,0,0,0,2,127" ten="476,116,145,263" oya="3" hai0="43,10,0,134,130,109,121,39,122,22,5,84,89" hai1="65,83,125,23,75,58,78,101,12,70,81,135,28" hai2="133,124,14,19,77,116,46,17,128,117,132,68,30" hai3="97,85,80,88,36,94,56,57,112,98,55,102,51"/><W27/><G112/><T2/><D109/><U79/><E125/><V120/><F68/><W6/><G36/><T99/><D0/><U71/><E135/><N who="2" m="51787" /><F77/><W8/><G27/><T73/><D73/><U106/><E106/><V72/><F72/><W7/><G8/><T45/><D134/><U21/><E101/><V131/><F46/><W113/><G113/><T66/><D130/><N who="2" m="49706" /><F120/><W38/><G38/><T108/><D108/><U129/><E129/><V60/><F60/><W59/><G98/><T69/><D99/><U100/><E100/><V26/><F124/><W82/><G82/><T42/><D69/><U61/><E83/><V119/><F14/><W95/><G80/><T25/><D122/><U91/><E79/><V11/><F11/><W87/><G87/><T54/><D84/><U76/><E76/><V41/><F41/><W35/><G35/><AGARI ba="0,0" hai="17,19,26,30,35,116,117,119" m="49706,51787" machi="35" ten="40,12000,2" yaku="20,1,19,1,34,2,52,3" doraHai="127" who="2" fromWho="3" sc="476,0,116,0,145,120,263,-120" /><INIT seed="4,0,0,5,4,21" ten="476,116,265,143" oya="0" hai0="65,19,58,107,91,28,14,25,1,18,125,110,63" hai1="67,7,131,80,4,109,41,121,68,122,105,50,24" hai2="83,96,95,128,39,9,71,57,100,10,38,103,42" hai3="75,48,46,113,23,115,33,15,129,132,26,27,54"/><T32/><D107/><U127/><E109/><V117/><F71/><W70/><G75/><T16/><D1/><U73/><E105/><V11/><F128/><W17/><G70/><T87/><D125/><U126/><E131/><V66/><F117/><W45/><G129/><T72/><D72/><U93/><E93/><V20/><F83/><W84/><G132/><T29/><D29/><U59/><E68/><V119/><F119/><W97/><G33/><T36/><D36/><U124/><E121/><V12/><F103/><W104/><G46/><T37/><D37/><U135/><E135/><V51/><F20/><W5/><G5/><T130/><D130/><U62/><E122/><V98/><F98/><W79/><G97/><T44/><D44/><U118/><E118/><V52/><F66/><W8/><G104/><T2/><D2/><U102/><E102/><V53/><F38/><W85/><G8/><T133/><D133/><U88/><E73/><V69/><F39/><W116/><G116/><T101/><D101/><U43/><E24/><N who="3" m="9258" /><G79/><T49/><D110/><U61/><E7/><N who="2" m="3135" /><F69/><W92/><G92/><T31/><D32/><U35/><E35/><V134/><F134/><W77/><G77/><T13/><D31/><U74/><E74/><V47/><F57/><W99/><G99/><T0/><D28/><U82/><E4/><V30/><F30/><W112/><AGARI ba="0,0" hai="15,17,23,45,48,54,84,85,112,113,115" m="9258" machi="112" ten="40,8000,1" yaku="15,1,52,3" doraHai="21" who="3" fromWho="3" sc="476,-40,116,-20,265,-20,143,80" /><INIT seed="5,0,0,4,1,72" ten="436,96,245,223" oya="1" hai0="130,27,129,8,88,44,38,63,74,92,0,1,2" hai1="124,75,93,65,61,86,14,94,41,16,25,134,110" hai2="58,3,123,73,119,107,47,17,70,4,103,118,45" hai3="31,101,24,50,121,7,69,43,21,26,113,34,29"/><U40/><E134/><V32/><F70/><W115/><G121/><T90/><D74/><U97/><E124/><V10/><F123/><W112/><G69/><T28/><D63/><U132/><E75/><V83/><F32/><W85/><G101/><T87/><D8/><U117/><E117/><V99/><F58/><W116/><G116/><T19/><D19/><U80/><E25/><V48/><F17/><W120/><G120/><T53/><D90/><U42/><E132/><V84/><F73/><W12/><G85/><T135/><D135/><U18/><E110/><V127/><F127/><W59/><G59/><T125/><D125/><U35/><E35/><V96/><F96/><W9/><G50/><N who="0" m="28871" /><D38/><U11/><E18/><V57/><F57/><W106/><G43/><T111/><D0/><U13/><E13/><V128/><F128/><N who="0" m="49258" /><D111/><U126/><E126/><V64/><F64/><W100/><G100/><T131/><D131/><U133/><E133/><V114/><F114/><W62/><G62/><T36/><D36/><U82/><E97/><V6/><F6/><W102/><G102/><T37/><D37/><U91/><REACH who="1" step="1"/><E94/><REACH who="1" ten="436,86,245,223" step="2"/><V77/><REACH who="2" step="1"/><F47/><REACH who="2" ten="436,86,235,223" step="2"/><W20/><G106/><T95/><D95/><U23/><E23/><AGARI ba="0,2" hai="7,9,12,20,21,23,24,26,29,31,34,112,113,115" machi="23" ten="40,8000,1" yaku="15,1,34,3" doraHai="72" who="3" fromWho="1" sc="436,0,86,-80,235,0,223,100" /><AGARI ba="0,0" hai="1,2,23,27,28,87,88,92" m="49258,28871" machi="23" ten="30,2000,0" yaku="19,1,54,1" doraHai="72" who="0" fromWho="1" sc="436,20,6,-20,235,0,323,0" owari="456,55.0,-14,-51.0,235,-16.0,323,12.0" /></mjloggm>