<mjloggm ver="2.3"><GO type="41" lobby="0"/><UN n0="%E5%B0%B1%E6%B4%BB%E7%94%9F%40%E5%B7%9D%E6%9D%91%E8%BB%8D%E5%9B%A3" n1="%E3%82%84%E3%81%A3%E3%81%A1%E3%82%83%E3%82%93%E3%82%88%E3%81%A3%E3%81%A1" n2="%72%73%65%63%69%6B" n3="%67%75%72%61%36%36" dan="17,14,17,15" rate="2134.10,1908.69,2132.04,2042.62" sx="M,M,M,M"/><TAIKYOKU oya="0"/><INIT seed="0,0,0,4,1,63" ten="250,250,250,250" oya="0" hai0="84,91,65,60,117,129,25,120,78,100,126,55,9" hai1="118,11,16,56,42,115,7,43,17,36,0,133,77" hai2="32,106,109,58,57,54,89,90,4,68,135,2,10" hai3="113,110,95,20,98,67,19,112,104,114,38,80,33"/><T13/><D120/><U39/><E118/><V61/><F68/><W88/><G33/><T35/><D117/><U51/><E133/><V94/><F135/><W40/><G110/><T31/><D129/><U41/><E115/><V108/><F106/><W121/><G121/><T29/><D126/><U99/><E77/><V14/><F32/><W105/><G40/><T76/><D100/><U107/><E39/><V123/><F123/><W12/><G38/><T52/><D31/><U70/><E70/><V102/><F102/><W122/><G122/><T34/><D34/><U48/><E36/><V119/><F119/><W85/><REACH who="3" step="1"/><G67/><REACH who="3" ten="250,250,250,240" step="2"/><T97/><D76/><AGARI ba="0,1" hai="12,19,20,76,80,85,88,95,98,104,105,112,113,114" machi="76" ten="40,8000,1" yaku="1,1,2,1,54,1,53,2" doraHai="63" doraHaiUra="103" who="3" fromWho="0" sc="250,-80,250,0,250,0,240,90" /><INIT seed="1,0,0,2,2,83" ten="170,250,250,330" oya="1" hai0="17,10,11,119,70,122,25,12,117,43,47,4,18" hai1="133,26,53,59,37,116,101,71,134,24,103,129,44" hai2="98,112,36,1,132,69,42,51,89,77,33,8,48" hai3="75,49,87,14,52,97,125,40,38,85,72,30,22"/><U39/><E116/><V82/><F69/><W80/><G72/><T23/><D70/><U84/><E129/><V46/><F33/><W3/><G3/><T2/><REACH who="0" step="1"/><D122/><REACH who="0" ten="160,250,250,330" step="2"/><U66/><E71/><V110/><F112/><W0/><G125/><T65/><D65/><U28/><E66/><V96/><F110/><W41/><G0/><T113/><D113/><U88/><E39/><AGARI ba="0,1" hai="2,4,10,11,12,17,18,23,25,39,43,47,117,119" machi="39" ten="30,2000,0" yaku="1,1,7,1,53,0" doraHai="83" doraHaiUra="106" who="0" fromWho="1" sc="160,30,250,-20,250,0,330,0" /><INIT seed="2,0,0,0,5,120" ten="190,230,250,330" oya="2" hai0="21,97,50,87,89,109,88,56,1,74,2,26,36" hai1="55,129,60,30,47,84,72,104,8,34,131,100,96" hai2="113,18,64,123,108,35,130,70,48,44,83,52,27" hai3="112,80,61,93,95,40,102,53,5,65,124,22,20"/><V115/><F123/><W90/><G112/><T85/><D36/><U99/><E72/><V63/><F130/><N who="1" m="49673" /><E99/><V33/><F33/><W7/><G40/><T29/><D74/><U42/><E8/><V6/><F6/><N who="3" m="2059" /><G124/><T79/><D79/><U41/><E84/><V134/><F134/><W68/><G68/><T103/><D87/><U57/><E47/><V128/><F128/><W62/><G65/><T19/><D29/><U77/><E77/><V135/><F135/><W81/><G102/><T132/><D132/><U105/><E104/><V67/><F67/><W107/><G53/><T17/><D17/><U11/><E11/><V71/><F71/><W38/><G90/><T54/><D89/><U3/><E3/><V76/><F18/><W94/><G38/><T106/><REACH who="0" step="1"/><D109/><REACH who="0" ten="180,230,250,330" step="2"/><U127/><E127/><V16/><F108/><W125/><G125/><T4/><D4/><U46/><E46/><V12/><F35/><W121/><G121/><T43/><D43/><U28/><E30/><V119/><F119/><W92/><N who="3" m="24064" /><DORA hai="24" /><W10/><G107/><T0/><D0/><U75/><E75/><V116/><F116/><W15/><G81/><AGARI ba="0,1" hai="1,2,19,21,26,50,54,56,81,85,88,97,103,106" machi="81" ten="30,7700,0" yaku="1,1,7,1,54,1,53,1" doraHai="120,24" doraHaiUra="117,86" who="0" fromWho="3" sc="180,87,230,0,250,0,330,-77" /><INIT seed="3,0,0,4,2,126" ten="267,230,250,253" oya="3" hai0="48,35,8,65,113,129,84,53,80,128,124,18,16" hai1="61,127,121,110,68,87,114,72,112,106,60,91,30" hai2="36,116,132,69,125,77,99,9,131,3,51,20,58" hai3="41,108,86,56,102,57,135,93,2,52,70,81,14"/><W66/><G2/><T24/><D124/><U104/><E127/><V33/><F125/><W111/><G135/><T92/><D65/><U101/><E121/><V17/><F132/><W6/><G41/><T73/><D73/><U79/><E110/><N who="3" m="42026" /><G57/><T49/><D92/><N who="1" m="54399" /><E30/><V1/><F33/><W95/><G102/><T42/><D42/><U103/><E60/><V29/><F36/><W47/><G47/><T37/><D37/><U64/><E68/><V23/><F69/><W85/><G85/><T120/><D120/><U119/><E61/><V13/><F77/><N who="3" m="46383" /><G66/><T100/><D100/><N who="1" m="38475" /><E64/><V19/><F116/><W27/><G27/><T40/><D40/><U88/><E119/><V32/><F99/><W78/><G78/><T0/><D0/><U25/><E25/><N who="2" m="18479" /><F51/><N who="3" m="30751" /><G70/><T133/><D133/><U5/><E5/><N who="2" m="1199" /><F58/><W98/><G98/><T89/><D49/><U50/><E50/><V134/><F134/><W83/><G83/><T10/><D48/><U130/><E79/><V46/><F46/><W21/><G6/><T122/><D53/><U4/><E4/><V43/><F43/><W62/><G62/><T94/><D122/><U12/><E106/><V63/><F63/><W96/><G96/><T71/><D71/><U7/><E7/><V118/><F3/><W115/><G115/><T31/><D113/><U74/><E114/><V38/><F38/><W97/><G97/><T67/><D67/><U76/><E112/><V44/><F44/><W22/><G22/><T34/><D34/><U39/><E39/><V15/><F118/><W105/><G105/><T109/><D109/><RYUUKYOKU ba="0,0" sc="267,-15,230,-15,250,15,253,15" hai2="13,15,17,19,20,23,131" hai3="14,21,93,95" /><INIT seed="3,1,0,5,0,104" ten="252,215,265,268" oya="3" hai0="45,111,133,14,66,12,119,69,63,29,64,110,86" hai1="115,71,39,75,125,38,32,7,40,46,31,8,83" hai2="28,16,134,37,41,95,60,47,6,17,33,92,67" hai3="49,130,61,91,128,65,98,78,116,82,96,112,51"/><W106/><G116/><T11/><D119/><U124/><E115/><V118/><F118/><W22/><G112/><T74/><D133/><U73/><E71/><V129/><F134/><W77/><G77/><T127/><D127/><N who="1" m="48715" /><E39/><V70/><F6/><W34/><G34/><T20/><D66/><U90/><E90/><V1/><F129/><N who="3" m="49771" /><G22/><T36/><D74/><N who="1" m="28171" /><E83/><V50/><F1/><W85/><G98/><T122/><D122/><U99/><E99/><V56/><F28/><W59/><G91/><T89/><D89/><U3/><E31/><V81/><F81/><W132/><G132/><T121/><D86/><U23/><E23/><V107/><F107/><W57/><G59/><T42/><D121/><U68/><E68/><V10/><F33/><AGARI ba="1,0" hai="3,7,8,32,33,38,40,46" m="28171,48715" machi="33" ten="30,8000,1" yaku="18,1,23,1,52,3" doraHai="104" who="1" fromWho="2" sc="252,0,215,83,265,-83,268,0" /><INIT seed="4,0,0,2,2,59" ten="252,298,182,268" oya="0" hai0="47,97,65,131,57,10,66,33,67,7,119,30,24" hai1="104,100,53,89,125,128,108,63,132,135,123,126,61" hai2="38,76,127,81,110,121,82,15,99,80,16,52,2" hai3="22,51,48,114,31,75,103,60,116,133,84,62,122"/><T37/><D119/><U72/><E108/><V55/><F38/><W68/><G116/><T49/><D131/><U74/><E123/><V73/><F2/><W8/><G75/><N who="1" m="28714" /><E53/><V26/><F121/><W41/><G122/><T28/><D28/><U111/><E111/><V69/><F69/><W12/><G68/><T78/><D78/><U94/><E100/><V112/><F110/><W98/><G133/><N who="1" m="51274" /><E104/><V40/><F40/><W58/><G114/><T45/><D97/><N who="1" m="57551" /><E128/><V91/><F112/><W13/><G84/><T115/><D115/><U9/><E9/><V117/><F117/><W23/><G31/><T102/><D102/><U83/><E83/><V88/><F73/><W17/><G41/><T124/><D124/><AGARI ba="0,0" hai="61,63,124,125,126" m="57551,51274,28714" machi="124" ten="40,8000,1" yaku="18,1,20,1,52,2" doraHai="59" who="1" fromWho="0" sc="252,-80,298,80,182,0,268,0" /><INIT seed="5,0,0,3,0,1" ten="172,378,182,268" oya="1" hai0="92,130,71,30,98,66,0,27,111,128,107,7,54" hai1="102,42,31,39,44,126,34,6,16,79,67,56,64" hai2="110,83,125,68,81,11,100,115,22,116,48,29,5" hai3="51,20,13,23,73,133,60,108,25,119,3,131,43"/><U24/><E126/><V33/><F125/><W72/><G108/><T26/><D107/><U84/><E102/><V90/><F68/><W103/><G3/><T61/><D111/><U118/><E118/><V38/><F38/><W55/><G133/><T36/><D36/><U123/><E123/><V112/><F116/><W80/><G131/><N who="0" m="50219" /><D54/><U124/><E124/><V9/><F33/><W32/><G32/><T114/><D114/><N who="2" m="43562" /><F110/><W91/><G43/><T76/><D76/><U15/><E6/><V89/><F11/><W113/><G60/><T17/><D17/><U49/><E84/><V109/><F100/><W41/><G103/><N who="0" m="60871" /><D30/><U47/><E56/><V63/><F63/><W117/><G41/><T12/><D0/><U19/><E19/><V14/><F109/><W95/><G113/><T46/><D46/><U104/><E104/><V57/><F29/><W105/><G105/><T134/><D134/><U62/><E62/><V59/><F22/><W18/><G80/><N who="2" m="30793" /><F57/><N who="3" m="33023" /><G119/><T127/><D127/><U121/><E121/><V97/><F97/><W53/><G117/><T106/><D106/><U45/><E79/><V86/><F86/><N who="3" m="52727" /><G53/><AGARI ba="0,0" hai="5,9,14,48,53,59,89,90" m="30793,43562" machi="53" ten="30,3900,0" yaku="15,1,11,1,52,1" doraHai="1" who="2" fromWho="3" sc="172,0,378,0,182,39,268,-39" /><INIT seed="6,0,0,4,1,63" ten="172,378,221,229" oya="2" hai0="76,61,16,57,51,69,36,93,95,127,70,101,50" hai1="45,66,11,107,116,85,59,109,119,126,133,49,9" hai2="125,3,68,53,77,129,41,108,2,30,44,134,48" hai3="99,43,1,132,5,135,130,103,115,55,65,86,67"/><V18/><F68/><W118/><G118/><T128/><D36/><U74/><E109/><V110/><F30/><W24/><G43/><T25/><D127/><U131/><E107/><V4/><F125/><W39/><G39/><T23/><D128/><U73/><E126/><V83/><F129/><W62/><G130/><T78/><D70/><U12/><E131/><V26/><F134/><N who="3" m="51243" /><G86/><T29/><D69/><U72/><E133/><V121/><F121/><W6/><G115/><T88/><D29/><U8/><E85/><N who="2" m="48367" /><F4/><N who="3" m="1643" /><G24/><T19/><D19/><U27/><E27/><V31/><F18/><W35/><G35/><T81/><D101/><U89/><E89/><V28/><F28/><W71/><G1/><T80/><D93/><U84/><E84/><V111/><F41/><W32/><G32/><AGARI ba="0,0" hai="2,3,26,31,32,44,48,53,108,110,111" m="48367" machi="32" ten="30,1500,0" yaku="10,1" doraHai="63" who="2" fromWho="3" sc="172,0,378,0,221,15,229,-15" /><INIT seed="6,1,0,2,3,4" ten="172,378,236,214" oya="2" hai0="23,46,33,135,62,50,15,21,26,6,60,72,89" hai1="115,27,39,126,113,53,28,118,102,13,30,100,75" hai2="0,82,83,73,119,40,41,52,18,59,24,8,36" hai3="114,10,104,76,74,90,124,95,5,134,123,47,78"/><V35/><F119/><W80/><G123/><T22/><D72/><U77/><E118/><V116/><F116/><W44/><G76/><T91/><D135/><U109/><E109/><V101/><F0/><W29/><G134/><T64/><D33/><U9/><E39/><V49/><F35/><W20/><G124/><T1/><D1/><U127/><E53/><V84/><F36/><W93/><G93/><T65/><D26/><U85/><E85/><V57/><F101/><W32/><G32/><T34/><D34/><U55/><E55/><N who="2" m="31983" /><F24/><W19/><G29/><N who="1" m="11370" /><E27/><V132/><F73/><W108/><G104/><T129/><D129/><U125/><E77/><N who="2" m="46159" /><F83/><W128/><G108/><T42/><D64/><U16/><E75/><V112/><F112/><AGARI ba="1,0" hai="9,13,16,100,102,112,113,115,125,126,127" m="11370" machi="112" ten="40,8000,1" yaku="15,1,18,1,52,1,54,1" doraHai="4" who="1" fromWho="2" sc="172,0,378,83,236,-83,214,0" /><INIT seed="7,0,0,5,1,131" ten="172,461,153,214" oya="3" hai0="88,129,30,95,84,113,43,128,50,108,40,81,39" hai1="6,5,45,32,117,71,47,24,130,68,118,33,16" hai2="73,17,44,132,64,83,58,127,8,9,133,96,72" hai3="31,27,82,102,115,11,29,123,59,75,15,12,87"/><W22/><G75/><T120/><D120/><U92/><E92/><V35/><F35/><N who="1" m="13385" /><E16/><V62/><F127/><W122/><G115/><T105/><D105/><U135/><E24/><V77/><F73/><W41/><G31/><T104/><D39/><U57/><E57/><V34/><F34/><W28/><G28/><T66/><D104/><U114/><E135/><N who="2" m="51787" /><F17/><W106/><G15/><T101/><D30/><U53/><E53/><V0/><F0/><W107/><G107/><T112/><D66/><U51/><E51/><V67/><F67/><W100/><G41/><N who="0" m="15947" /><D50/><U36/><E36/><V98/><F44/><N who="1" m="16969" /><E114/><N who="0" m="44137" /><D108/><U103/><E103/><N who="3" m="39466" /><G106/><T21/><D21/><U97/><E97/><AGARI ba="0,0" hai="8,9,58,62,64,72,77,83,96,97,98" m="51787" machi="97" ten="30,7700,0" yaku="20,1,52,3" doraHai="131" who="2" fromWho="1" sc="172,0,461,-77,153,77,214,0" /><AGARI ba="0,0" hai="81,84,88,95,97,101,128,129" m="44137,15947" machi="97" ten="30,3900,0" yaku="15,1,11,1,54,1" doraHai="131" who="0" fromWho="1" sc="172,39,384,-39,230,0,214,0" owari="211,-29.0,345,45.0,230,3.0,214,-19.0" /></mjloggm>