<mjloggm ver="2.3"><GO type="169" lobby="0"/><UN n0="%E5%B0%B1%E6%B4%BB%E7%94%9F%40%E5%B7%9D%E6%9D%91%E8%BB%8D%E5%9B%A3" n1="%E8%87%AA%E7%A7%B0%E6%9C%80%E5%BC%B7%E9%9B%80%E5%A3%AB%EF%BC%93" n2="%E8%A3%95%E7%BE%8E%E5%AD%90" n3="%E7%BE%BD%E6%9C%88%E8%8E%89%E9%9F%B3" dan="17,16,17,17" rate="2174.24,2050.25,2204.69,2156.48" sx="M,M,F,M"/><TAIKYOKU oya="0"/><INIT seed="0,0,0,4,0,127" ten="250,250,250,250" oya="0" hai0="59,96,122,17,75,78,87,56,47,74,98,23,124" hai1="4,69,66,12,117,132,42,20,24,54,33,2,90" hai2="19,135,1,53,62,16,81,83,101,10,106,46,88" hai3="123,21,115,119,118,92,79,112,133,48,108,32,104"/><T129/><D122/><U120/><E117/><N who="3" m="44554" /><G32/><T73/><D124/><U15/><E120/><V60/><F135/><W109/><G48/><T85/><D47/><U63/><E132/><V28/><F28/><W82/><G133/><T97/><D129/><U45/><E33/><V30/><F30/><W11/><G104/><T36/><D36/><U58/><E90/><V130/><F130/><W110/><G11/><T57/><REACH who="0" step="1"/><D78/><REACH who="0" ten="240,250,250,250" step="2"/><U103/><E103/><V105/><F46/><W40/><G40/><T116/><D116/><U86/><E45/><V43/><F101/><W14/><G123/><T13/><AGARI ba="0,1" hai="13,17,23,56,57,59,73,74,75,85,87,96,97,98" machi="13" ten="40,12000,1" yaku="1,1,0,1,29,2,53,0" doraHai="127" doraHaiUra="51" who="0" fromWho="0" sc="240,130,250,-40,250,-40,250,-40" /><INIT seed="0,1,0,3,0,7" ten="370,210,210,210" oya="0" hai0="90,91,131,75,96,82,73,105,43,29,41,10,114" hai1="54,110,133,63,86,132,4,62,123,24,106,122,18" hai2="28,19,22,87,49,65,61,5,1,117,3,99,15" hai3="55,135,121,83,93,95,8,111,76,97,46,0,88"/><T26/><D114/><U30/><E106/><V45/><F117/><W9/><G111/><T34/><D131/><U77/><E110/><V71/><F5/><W119/><G0/><T38/><D105/><U72/><E72/><V101/><F87/><N who="3" m="48615" /><G119/><T130/><D96/><U21/><E4/><V89/><F89/><N who="3" m="55471" /><G121/><T118/><D118/><U31/><E122/><V67/><F67/><W112/><G112/><T37/><D43/><U2/><E2/><V113/><F113/><W98/><G135/><N who="1" m="51786" /><E123/><V79/><F79/><W50/><AGARI ba="1,0" hai="8,9,46,50,55,88,95,98" m="55471,48615" machi="50" ten="30,7900,0" yaku="8,1,52,2,54,1" doraHai="7" who="3" fromWho="3" sc="370,-40,210,-21,210,-21,210,82" /><INIT seed="1,0,0,5,2,73" ten="330,189,189,292" oya="1" hai0="50,32,0,110,134,67,77,48,90,58,126,135,98" hai1="60,55,86,75,15,103,26,114,131,34,123,44,3" hai2="88,40,117,18,122,66,69,52,47,57,19,133,23" hai3="7,16,14,79,28,38,43,94,72,125,46,4,13"/><U92/><E114/><V10/><F122/><W1/><G125/><T24/><D0/><U78/><E123/><V80/><F133/><N who="0" m="50698" /><D110/><U20/><E3/><V105/><F105/><W39/><G39/><T61/><D77/><U74/><E131/><V87/><F117/><W8/><G28/><N who="0" m="19463" /><D126/><U116/><E116/><V93/><F10/><W71/><G71/><T130/><D130/><U30/><E103/><V49/><F23/><N who="3" m="11663" /><G94/><AGARI ba="0,0" hai="48,50,58,61,67,90,94,98" m="19463,50698" machi="94" ten="30,1000,0" yaku="20,1" doraHai="73" who="0" fromWho="3" sc="330,10,189,0,189,0,292,-10" /><INIT seed="2,0,0,4,5,27" ten="340,189,189,282" oya="2" hai0="90,52,98,21,35,1,132,30,107,61,18,121,79" hai1="39,77,56,127,108,81,116,34,45,57,134,119,8" hai2="89,5,78,96,104,122,115,65,0,109,64,13,50" hai3="110,55,129,47,12,124,63,97,15,120,11,23,105"/><V82/><F122/><W14/><G120/><T49/><D1/><U85/><E34/><V41/><F0/><W118/><G118/><T62/><D132/><U29/><E134/><V10/><F115/><W58/><G110/><T99/><D79/><U84/><E127/><V123/><F123/><W74/><G74/><T54/><D35/><U19/><E108/><V2/><F2/><W68/><G124/><T69/><D69/><U75/><E29/><V72/><F109/><W51/><G68/><T71/><D71/><U32/><E32/><V60/><F60/><N who="0" m="23146" /><D107/><U31/><E31/><V26/><F26/><W93/><G105/><T102/><D102/><U6/><E19/><V44/><REACH who="2" step="1"/><F104/><REACH who="2" ten="340,189,179,282" step="2"/><W20/><G129/><T42/><D121/><U24/><E24/><V113/><F113/><W80/><G11/><T37/><D37/><U43/><E119/><V103/><F103/><W53/><G80/><T28/><D42/><U22/><E116/><V70/><F70/><W59/><G58/><N who="0" m="33039" /><D54/><U38/><E38/><V91/><F91/><AGARI ba="0,1" hai="12,14,15,20,23,47,51,53,55,59,63,91,93,97" machi="91" ten="40,1300,0" yaku="8,1" doraHai="27" who="3" fromWho="2" sc="340,0,189,0,179,-13,282,23" /><INIT seed="3,0,0,3,2,45" ten="340,189,166,305" oya="3" hai0="85,91,130,6,121,109,46,123,65,37,78,26,75" hai1="43,7,1,83,66,58,133,89,118,40,125,135,128" hai2="60,114,82,86,94,25,104,88,126,24,51,63,124" hai3="2,110,14,116,41,106,42,8,100,80,131,56,16"/><W73/><G116/><T119/><D119/><U3/><E118/><V11/><F104/><W55/><G131/><T49/><D37/><U120/><E120/><V35/><F114/><W47/><G110/><T68/><D109/><U20/><E128/><V101/><F11/><W108/><G108/><T76/><D130/><U134/><E125/><V117/><F117/><W95/><G106/><T33/><D6/><U18/><E83/><V72/><F72/><W81/><G2/><T53/><D68/><U103/><E103/><V129/><F129/><W36/><G73/><T48/><D65/><U112/><E112/><V79/><F101/><W0/><G0/><N who="1" m="74" /><E89/><V77/><F35/><W122/><G42/><T39/><D39/><U30/><E30/><V61/><F51/><N who="0" m="19530" /><D75/><U52/><E66/><V57/><F57/><W50/><REACH who="3" step="1"/><G122/><REACH who="3" ten="340,189,166,295" step="2"/><T59/><D121/><U54/><E43/><V4/><F126/><W102/><G102/><T127/><D127/><U12/><E40/><V74/><F124/><W64/><G64/><T23/><D123/><U13/><E58/><V98/><F74/><W99/><AGARI ba="0,1" hai="8,14,16,36,41,47,50,55,56,80,81,95,99,100" machi="99" ten="30,11700,0" yaku="1,1,0,1,52,1,54,1,53,0" doraHai="45" doraHaiUra="111" who="3" fromWho="3" sc="340,-39,189,-39,166,-39,295,127" /><INIT seed="3,1,0,3,4,82" ten="301,150,127,422" oya="3" hai0="77,65,43,128,50,44,54,109,100,89,68,122,98" hai1="131,133,0,23,76,127,67,24,113,115,58,46,48" hai2="94,72,91,111,120,93,117,33,53,31,63,97,30" hai3="92,36,104,55,73,103,78,108,11,112,10,79,7"/><W88/><G112/><T39/><D122/><U28/><E0/><V114/><F72/><W56/><G36/><T66/><D109/><U18/><E133/><V52/><F111/><W123/><G123/><T119/><D119/><U3/><E3/><V85/><F117/><W26/><G108/><T75/><D128/><U13/><E131/><V80/><F114/><W110/><G110/><T87/><D77/><N who="3" m="29193" /><G104/><T51/><D75/><U74/><E127/><V35/><F120/><W49/><G73/><T4/><D4/><U135/><E135/><V71/><F94/><W47/><G103/><T8/><D8/><N who="3" m="3113" /><G26/><T16/><D16/><U5/><E5/><V32/><F31/><W37/><G37/><T81/><D68/><U57/><E113/><V27/><F33/><W42/><G7/><T102/><D102/><U126/><E115/><V17/><F17/><W130/><G130/><T60/><D60/><U90/><E126/><V41/><F35/><W124/><G124/><T21/><D21/><U62/><E76/><V118/><F118/><W6/><G6/><T40/><D39/><U106/><E106/><V2/><F2/><W19/><G19/><T20/><D20/><U15/><E74/><V95/><F95/><W29/><G29/><T129/><D129/><U14/><E90/><N who="2" m="55479" /><F71/><W9/><G9/><T38/><D38/><U70/><REACH who="1" step="1"/><E28/><REACH who="1" ten="301,140,127,422" step="2"/><V69/><F30/><W84/><G42/><AGARI ba="1,1" hai="13,14,15,18,23,24,42,46,48,57,58,62,67,70" machi="42" ten="40,2600,0" yaku="1,1,2,1,53,0" doraHai="82" doraHaiUra="134" who="1" fromWho="3" sc="301,0,140,39,127,0,422,-29" /><INIT seed="4,0,0,2,5,99" ten="301,179,127,393" oya="0" hai0="109,20,101,10,45,91,16,35,24,77,28,113,61" hai1="133,29,57,128,117,124,122,2,18,26,80,72,84" hai2="87,106,13,37,59,5,6,36,22,88,21,54,90" hai3="119,105,70,92,127,47,52,63,69,73,17,116,78"/><T93/><D113/><U43/><E122/><V32/><F32/><W51/><G105/><T55/><D109/><U74/><E117/><V68/><F68/><W75/><G127/><T8/><D77/><U76/><E2/><V4/><F106/><W98/><G70/><T23/><D35/><U121/><E121/><V34/><F34/><W79/><G79/><T134/><D134/><U130/><E133/><V0/><F0/><W39/><G39/><T31/><D31/><U15/><E43/><V38/><F13/><W9/><G78/><T123/><D123/><U46/><E46/><V53/><F87/><W1/><G75/><T115/><D115/><U3/><E3/><V66/><F66/><W7/><G73/><T42/><D42/><U30/><E30/><V58/><F59/><W126/><G17/><T120/><D120/><U60/><E124/><V135/><F135/><W132/><G126/><T89/><D89/><N who="2" m="34410" /><F58/><W107/><G107/><T104/><D104/><U94/><E72/><V71/><F71/><W102/><G132/><T95/><D95/><U114/><E114/><V67/><F67/><W131/><G131/><T40/><D40/><U108/><E108/><V85/><F85/><W96/><REACH who="3" step="1"/><G98/><REACH who="3" ten="301,179,127,383" step="2"/><N who="0" m="59599" /><D8/><U41/><E74/><V112/><F112/><W25/><G25/><T125/><D10/><U81/><E76/><V97/><F97/><W103/><G103/><T48/><D125/><U44/><E128/><V14/><F14/><W110/><G110/><T27/><D91/><N who="1" m="53607" /><E130/><V50/><F50/><W19/><G19/><T11/><D11/><N who="1" m="6527" /><E26/><V83/><F83/><RYUUKYOKU ba="0,1" sc="301,10,179,-30,127,10,383,10" hai0="16,20,23,24,27,28,45,48,55,61" hai2="4,5,6,21,22,36,37,38,53,54" hai3="1,7,9,47,51,52,63,69,92,96,102,116,119" /><INIT seed="4,1,1,3,3,87" ten="311,149,137,393" oya="0" hai0="112,86,96,120,132,100,128,68,28,134,56,57,108" hai1="92,76,133,126,10,1,81,99,21,45,55,64,20" hai2="49,84,44,110,62,6,14,26,71,107,101,58,5" hai3="73,102,0,113,88,123,51,7,38,66,32,104,122"/><T111/><D68/><U95/><E64/><V131/><F110/><N who="0" m="42026" /><D120/><N who="3" m="46121" /><G38/><T61/><D28/><U118/><E118/><V90/><F131/><W3/><G73/><T67/><D128/><U16/><E133/><N who="0" m="51305" /><D112/><U25/><E126/><V59/><F26/><W109/><G32/><T43/><D43/><U83/><E92/><V24/><F24/><W47/><G113/><T80/><D57/><U97/><E97/><V60/><F71/><W22/><G109/><T35/><D35/><U54/><E45/><V74/><F59/><W36/><G36/><T30/><D30/><U117/><E117/><V119/><F58/><W85/><G66/><T42/><D42/><U2/><E2/><V11/><F119/><W82/><G7/><T41/><D41/><U23/><E1/><V33/><F6/><W125/><G125/><T116/><D116/><U106/><E106/><V17/><F33/><W19/><G3/><T27/><D27/><U124/><E124/><V63/><F5/><W129/><G0/><T39/><D39/><U31/><E31/><V115/><F115/><W52/><G129/><T89/><D96/><U13/><E25/><V9/><F44/><W15/><G15/><T37/><D37/><U130/><E130/><V48/><F14/><W12/><G12/><T53/><D100/><U40/><E40/><V91/><F101/><W77/><G102/><T103/><D103/><U98/><E98/><V4/><F4/><W46/><G46/><T78/><D67/><U135/><E135/><V70/><F70/><W75/><G47/><T72/><D72/><U50/><E13/><RYUUKYOKU ba="1,1" sc="311,30,149,-10,137,-10,393,-10" hai0="53,56,61,78,80,86,89" /><INIT seed="4,2,1,0,0,33" ten="341,139,127,383" oya="0" hai0="129,65,51,93,75,0,19,30,118,68,66,133,126" hai1="73,58,113,77,103,87,90,99,49,88,117,110,108" hai2="50,122,14,72,41,127,48,76,9,42,97,96,10" hai3="20,111,47,71,112,8,70,135,123,120,102,52,114"/><T57/><D118/><U92/><E117/><V1/><F122/><N who="3" m="46635" /><G102/><T35/><D75/><U64/><E64/><V132/><F72/><W91/><G20/><T59/><D68/><N who="3" m="26153" /><G91/><T84/><D30/><U79/><E113/><N who="3" m="43626" /><G8/><T101/><D35/><U7/><E7/><V24/><F24/><W5/><G5/><T98/><D65/><U34/><E34/><V107/><F14/><W3/><G3/><T128/><D0/><U54/><E90/><V11/><F76/><W89/><G89/><T60/><D84/><U37/><E37/><V22/><F22/><W2/><G2/><T83/><D83/><U100/><E100/><V28/><F28/><W44/><G111/><T45/><D19/><U104/><REACH who="1" step="1"/><E77/><REACH who="1" ten="341,129,127,383" step="2"/><V18/><F1/><W16/><G135/><T38/><D133/><U32/><E32/><V121/><F132/><W86/><G86/><T55/><D126/><U106/><E106/><V27/><F107/><W13/><G13/><T85/><D85/><U116/><E116/><V40/><F127/><W6/><G6/><T81/><D81/><AGARI ba="2,2" hai="49,54,58,73,79,81,87,88,92,99,103,104,108,110" machi="81" ten="40,8000,1" yaku="1,1,24,2,54,1,53,1" doraHai="33" doraHaiUra="94" who="1" fromWho="0" sc="341,-86,129,106,127,0,383,0" /><INIT seed="5,0,0,1,5,24" ten="255,235,127,383" oya="1" hai0="37,108,122,61,112,68,36,35,88,75,3,67,65" hai1="56,82,28,111,85,53,107,45,126,54,7,132,39" hai2="78,63,26,120,59,118,114,51,64,40,43,32,113" hai3="100,99,33,30,34,128,91,83,58,18,74,77,41"/><U72/><E72/><V86/><F120/><W125/><G125/><T117/><RYUUKYOKU type="yao9" ba="0,0" sc="255,0,235,0,127,0,383,0" hai0="3,35,36,37,61,65,67,68,75,88,108,112,117,122" /><INIT seed="5,1,0,3,5,116" ten="255,235,127,383" oya="1" hai0="59,61,38,8,94,33,39,42,64,35,125,93,41" hai1="29,110,32,46,82,84,134,11,58,26,0,89,17" hai2="118,53,50,98,85,126,131,43,119,73,2,20,105" hai3="40,6,27,122,87,90,21,75,80,109,78,7,24"/><U65/><E134/><V60/><F73/><W4/><G109/><T133/><D133/><U22/><E110/><V114/><F2/><W108/><G108/><T99/><D125/><U101/><E101/><V88/><F126/><W34/><G34/><T132/><D132/><U47/><E65/><V10/><F131/><W18/><G40/><T5/><D35/><U92/><E58/><V3/><F43/><W117/><G117/><T66/><D33/><U44/><E82/><V79/><F79/><W74/><G122/><T83/><D83/><U120/><E120/><V13/><F60/><W124/><G124/><T30/><D30/><U77/><E77/><V100/><F20/><W72/><REACH who="3" step="1"/><G27/><REACH who="3" ten="255,235,127,373" step="2"/><T16/><D41/><U37/><E37/><V67/><F114/><W51/><G51/><T52/><D42/><U56/><E32/><V107/><F118/><W54/><G54/><T31/><D39/><U112/><E112/><V9/><F67/><W23/><G23/><T129/><D38/><U19/><E11/><V71/><F119/><W55/><G55/><T104/><D66/><U111/><E111/><V123/><F123/><W106/><G106/><T128/><D64/><U97/><E0/><V135/><F135/><W91/><AGARI ba="1,1" hai="4,6,7,18,21,24,72,74,75,78,80,87,90,91" machi="91" ten="40,2700,0" yaku="1,1,0,1,53,0" doraHai="116" doraHaiUra="115" who="3" fromWho="3" sc="255,-8,235,-14,127,-8,373,40" /><INIT seed="6,0,0,1,0,84" ten="247,221,119,413" oya="2" hai0="124,54,127,98,65,45,34,33,44,18,132,125,11" hai1="3,72,121,92,23,93,56,94,5,41,26,60,77" hai2="75,90,40,74,62,128,19,9,81,101,46,117,131" hai3="105,6,13,17,130,63,47,20,24,64,12,25,119"/><V118/><F101/><W113/><G105/><T87/><D132/><U39/><E121/><V97/><F62/><W91/><G119/><N who="2" m="45577" /><F9/><W49/><G91/><T32/><D65/><U102/><E3/><V134/><F19/><W14/><G63/><T103/><D87/><U126/><E5/><V66/><F66/><W4/><G64/><T27/><D54/><U52/><E102/><V31/><F31/><W2/><G49/><T83/><D83/><U110/><E110/><V115/><F134/><W112/><G47/><T85/><D85/><U35/><E35/><V50/><F81/><W16/><G14/><N who="0" m="7519" /><D27/><U1/><E1/><V21/><F21/><W7/><G7/><T30/><D30/><U29/><E72/><N who="2" m="27691" /><F115/><W78/><G20/><T107/><AGARI ba="0,0" hai="32,33,34,44,45,98,103,107,124,125,127" m="7519" machi="107" ten="40,1500,0" yaku="18,1" doraHai="84" who="0" fromWho="0" sc="247,15,221,-4,119,-7,413,-4" /><INIT seed="7,0,0,1,1,54" ten="262,217,112,409" oya="3" hai0="76,15,73,57,43,121,61,99,83,5,14,91,132" hai1="23,123,48,59,12,32,62,64,4,93,114,25,47" hai2="96,41,0,103,37,79,120,22,110,94,125,104,58" hai3="9,70,113,74,129,115,39,80,106,16,19,28,82"/><W60/><G60/><T105/><D121/><U1/><E1/><V6/><F110/><W126/><G9/><T49/><D132/><U30/><E123/><V51/><F120/><W78/><G19/><T134/><D134/><U81/><E114/><V118/><F118/><W53/><G16/><T75/><D75/><U10/><E81/><V84/><F125/><W17/><G82/><T111/><D5/><U133/><E133/><V130/><F130/><W68/><G17/><T100/><D91/><U50/><E32/><V135/><F135/><W33/><G28/><T90/><D90/><U65/><E65/><V45/><F22/><W8/><G8/><T116/><D111/><U109/><E109/><V35/><F35/><W29/><G29/><T42/><D116/><U128/><E128/><V101/><F103/><W20/><G20/><T131/><D131/><U38/><E38/><V108/><F108/><W127/><G74/><T36/><D36/><U13/><E13/><V67/><F104/><W77/><G106/><T46/><D42/><U24/><E24/><V112/><F112/><W102/><G102/><T119/><D119/><U3/><E3/><V69/><F0/><W95/><G115/><T40/><D43/><U87/><E47/><V31/><F31/><W66/><G129/><T52/><AGARI ba="0,0" hai="14,15,40,46,49,52,57,61,73,76,83,99,100,105" machi="52" ten="20,5200,0" yaku="0,1,7,1,52,1,54,1" doraHai="54" who="0" fromWho="0" sc="262,52,217,-13,112,-13,409,-26" owari="314,11.0,204,-20.0,99,-40.0,383,49.0" /></mjloggm>