<mjloggm ver="2.3"><GO type="225" lobby="0"/><UN n0="%44%4F%44%4F%4B%4F" n1="%E3%82%A6%E3%83%AB%E3%83%88%E3%83%A9%E7%AB%8B%E7%9B%B4" n2="%E8%81%96%E7%87%90" n3="%E9%8A%80%E3%81%B0%E3%81%95%E3%81%BF" dan="17,17,16,18" rate="2133.73,2160.28,2057.38,2146.50" sx="F,M,F,M"/><TAIKYOKU oya="0"/><INIT seed="0,0,0,5,1,18" ten="250,250,250,250" oya="0" hai0="19,78,49,48,115,13,4,27,95,86,127,114,29" hai1="72,32,62,134,34,81,100,91,87,31,108,97,96" hai2="123,28,117,102,16,73,23,40,93,118,116,43,99" hai3="44,26,124,69,92,45,0,90,129,5,67,15,20"/><T70/><D70/><U57/><E134/><V94/><F73/><W76/><G0/><T38/><D38/><U22/><E72/><V119/><F123/><W113/><G113/><T66/><D66/><U109/><E34/><V36/><F36/><W11/><G129/><T75/><D75/><U53/><E32/><V8/><F8/><W84/><G124/><T2/><D127/><U52/><E53/><V79/><F79/><W56/><G69/><T6/><D115/><U83/><E83/><V61/><F61/><N who="3" m="38311" /><G76/><T63/><D63/><U3/><E3/><V82/><F82/><W55/><G55/><T85/><D85/><U98/><REACH who="1" step="1"/><E100/><REACH who="1" ten="250,240,250,250" step="2"/><V132/><F132/><W110/><G110/><T111/><D114/><U120/><E120/><V89/><F118/><W12/><G12/><T130/><D111/><U105/><E105/><V121/><F121/><W10/><G10/><N who="0" m="6583" /><D2/><U122/><E122/><V41/><F28/><AGARI ba="0,1" hai="5,11,15,20,26,28,44,45,84,90,92" m="38311" machi="28" ten="30,2000,0" yaku="8,1,52,1" doraHai="18" who="3" fromWho="2" sc="250,0,240,0,250,-20,250,30" /><INIT seed="1,0,0,5,5,1" ten="250,240,230,280" oya="1" hai0="16,10,14,104,19,70,97,130,23,133,123,108,116" hai1="113,122,112,69,91,11,57,65,46,115,12,41,5" hai2="132,21,37,22,27,86,84,105,40,30,110,125,17" hai3="74,31,99,9,94,39,95,127,135,0,44,114,81"/><U83/><E69/><V126/><F105/><W62/><G114/><T59/><D70/><U87/><E122/><V128/><F37/><W4/><G127/><N who="2" m="48649" /><F40/><N who="3" m="22559" /><G135/><T82/><D116/><U28/><E28/><V13/><F132/><W53/><G31/><T134/><D123/><U15/><E57/><V80/><F80/><W51/><G99/><T109/><D82/><U73/><E65/><V52/><F110/><N who="0" m="42602" /><D130/><U8/><E73/><V101/><F101/><W102/><G62/><T117/><D117/><U118/><E118/><V64/><F64/><W54/><G102/><N who="0" m="62543" /><D59/><U38/><REACH who="1" step="1"/><E115/><REACH who="1" ten="250,230,230,280" step="2"/><V78/><F128/><W67/><G67/><T111/><D111/><U75/><E75/><V48/><F78/><N who="3" m="44247" /><G54/><T96/><D134/><U55/><E55/><V45/><AGARI ba="0,1" hai="13,17,21,22,27,30,45,48,52,84,86" m="48649" machi="45" ten="30,2000,0" yaku="18,1,54,1" doraHai="1" who="2" fromWho="2" sc="250,-5,230,-10,230,30,280,-5" /><INIT seed="2,0,0,1,0,103" ten="245,220,260,275" oya="2" hai0="110,107,62,11,14,24,111,97,135,112,48,81,123" hai1="98,124,12,108,115,15,133,99,8,0,43,78,27" hai2="67,88,32,31,19,45,18,38,106,128,72,93,83" hai3="17,96,58,87,109,134,101,40,77,91,100,2,64"/><V76/><F106/><W21/><G2/><T126/><D123/><U129/><E115/><V65/><F128/><W26/><G109/><N who="0" m="41483" /><D112/><U118/><E108/><V42/><F32/><W116/><G116/><T86/><D126/><U1/><E118/><V131/><F31/><W33/><G33/><T22/><D48/><U35/><E78/><V34/><F34/><W63/><G134/><T82/><D62/><U113/><E113/><V121/><F121/><W104/><G40/><T50/><D50/><U36/><E124/><V4/><F4/><W39/><G39/><T80/><D135/><U46/><E133/><V54/><F54/><W44/><G44/><T60/><D60/><U57/><E129/><V49/><F38/><W66/><G101/><N who="0" m="62895" /><D86/><U79/><E57/><V75/><F75/><W94/><REACH who="3" step="1"/><G77/><REACH who="3" ten="245,220,260,265" step="2"/><T68/><D68/><U85/><E46/><V3/><F3/><W30/><G30/><T73/><D73/><U122/><E36/><V6/><F131/><W130/><G130/><T90/><D90/><U117/><E0/><V23/><F6/><W55/><AGARI ba="0,1" hai="17,21,26,55,58,63,64,66,87,91,94,96,100,104" machi="55" ten="20,5200,0" yaku="1,1,0,1,7,1,52,1,53,0" doraHai="103" doraHaiUra="69" who="3" fromWho="3" sc="245,-13,220,-13,260,-26,265,62" /><INIT seed="3,0,0,1,4,125" ten="232,207,234,327" oya="3" hai0="53,70,43,68,71,134,31,11,97,33,119,5,12" hai1="42,38,103,41,86,28,35,102,15,80,88,117,37" hai2="135,13,51,128,24,9,92,6,116,39,85,64,67" hai3="18,108,89,22,27,94,58,21,47,87,23,14,25"/><W110/><G47/><T127/><D119/><U7/><E117/><V109/><F39/><W132/><G132/><T10/><D43/><N who="1" m="16395" /><E35/><V81/><F109/><N who="3" m="42091" /><G58/><T101/><D127/><U3/><E3/><V124/><F124/><W75/><G75/><T129/><D134/><U100/><E38/><V40/><F135/><W76/><G76/><T55/><D31/><U91/><E37/><V95/><F116/><W1/><G1/><T99/><D33/><U60/><E28/><V59/><F24/><AGARI ba="0,0" hai="14,18,21,22,23,24,25,27,87,89,94" m="42091" machi="24" ten="30,2900,0" yaku="14,1,10,1" doraHai="125" who="3" fromWho="2" sc="232,0,207,0,234,-29,327,29" owari="232,3.0,207,-19.0,205,-29.0,356,45.0" /></mjloggm>