<mjloggm ver="2.3"><GO type="41" lobby="0"/><UN n0="%E3%82%AB%E3%83%B3%E3%83%81%E3%83%A3%E3%83%B3" n1="%4E%61%62%62%79" n2="%E6%98%9F%E5%90%8D%E7%BE%8E%E6%80%9C" n3="%E5%B0%B1%E6%B4%BB%E7%94%9F%40%E5%B7%9D%E6%9D%91%E8%BB%8D%E5%9B%A3" dan="15,15,13,18" rate="1937.94,1955.93,1862.70,2209.97" sx="M,M,F,M"/><TAIKYOKU oya="0"/><INIT seed="0,0,0,5,3,86" ten="250,250,250,250" oya="0" hai0="128,110,121,41,82,66,114,63,93,106,126,22,8" hai1="6,112,60,64,35,81,46,21,42,111,36,113,4" hai2="52,23,34,98,124,31,105,78,10,16,115,62,92" hai3="48,32,57,104,27,130,76,67,30,120,87,49,53"/><T97/><D114/><N who="1" m="44139" /><E35/><V132/><F115/><W74/><G130/><T80/><D121/><U11/><E111/><V65/><F105/><W118/><G118/><T96/><D128/><U79/><E21/><V12/><F124/><W72/><G104/><T109/><D126/><U123/><E11/><V70/><F132/><W103/><G103/><T37/><D106/><U89/><E89/><V95/><F34/><W2/><G2/><T69/><D8/><U54/><E54/><V99/><F78/><W75/><G67/><T85/><D22/><U131/><E123/><V94/><REACH who="2" step="1"/><F52/><REACH who="2" ten="250,250,240,250" step="2"/><W133/><G133/><T100/><D109/><U83/><E131/><V117/><F117/><W43/><G120/><T68/><D110/><U129/><E129/><V88/><F88/><W71/><G76/><T45/><D66/><U119/><E119/><V125/><F125/><W108/><G108/><T58/><D41/><U17/><E79/><V122/><F122/><W84/><G71/><T40/><D68/><U50/><E42/><V3/><F3/><W101/><G101/><T28/><D69/><U20/><E64/><V134/><F134/><W107/><G107/><T9/><D100/><U61/><E61/><V15/><F15/><W51/><REACH who="3" step="1"/><G43/><REACH who="3" ten="250,250,240,240" step="2"/><T24/><D40/><U7/><E36/><V38/><F38/><W55/><G55/><T33/><D37/><U116/><E116/><V127/><F127/><W56/><G56/><T44/><D58/><U102/><E102/><V13/><F13/><W19/><G19/><T5/><D45/><U47/><E47/><V73/><F73/><RYUUKYOKU ba="0,2" sc="250,-15,250,-15,240,15,240,15" hai2="10,12,16,23,31,62,65,70,92,94,95,98,99" hai3="27,30,32,48,49,51,53,57,72,74,75,84,87" /><INIT seed="1,1,2,3,1,51" ten="235,235,255,255" oya="1" hai0="35,134,17,131,75,44,113,45,84,120,2,86,67" hai1="88,41,36,111,48,108,28,18,12,42,107,22,129" hai2="97,71,30,59,118,10,20,95,92,74,31,66,49" hai3="33,128,127,56,60,5,125,23,121,109,106,8,72"/><U82/><E107/><V103/><F118/><W70/><G33/><T68/><D113/><U94/><E28/><V16/><F74/><W9/><G121/><T27/><D75/><U61/><E36/><V24/><F71/><W130/><G106/><T124/><D2/><U32/><E32/><V83/><F83/><W93/><G72/><T3/><D3/><U99/><E129/><N who="3" m="49770" /><G70/><T6/><D131/><U132/><E132/><V26/><F10/><N who="3" m="4203" /><G5/><T13/><D6/><U39/><E39/><V77/><F77/><W116/><G116/><T102/><D68/><U123/><E123/><V96/><F26/><W80/><G80/><T90/><D27/><U104/><E104/><V81/><F81/><W69/><G69/><T62/><D35/><U73/><E61/><N who="2" m="38207" /><F49/><W112/><G112/><T47/><D62/><U14/><E14/><V52/><F52/><N who="3" m="33799" /><G109/><N who="1" m="42058" /><E48/><V89/><AGARI ba="1,2" hai="16,20,24,30,31,89,92,95,96,97,103" m="38207" machi="89" ten="30,2000,0" yaku="8,1,54,1" doraHai="51" who="2" fromWho="2" sc="235,-6,235,-11,255,43,255,-6" /><INIT seed="2,0,0,0,0,32" ten="229,224,298,249" oya="2" hai0="113,66,11,126,91,108,112,77,123,72,12,129,29" hai1="101,45,83,80,27,39,9,107,61,121,89,94,131" hai2="98,119,69,6,10,14,92,47,16,110,67,73,25" hai3="87,60,36,26,3,24,88,95,5,97,125,51,23"/><V31/><F119/><W104/><G36/><T53/><D123/><U96/><E131/><V84/><F73/><W30/><G125/><T99/><D126/><U114/><E114/><V130/><F130/><W52/><G60/><T54/><D129/><U41/><E121/><V21/><F110/><W22/><G104/><T81/><D66/><U58/><E27/><V57/><F69/><W71/><G71/><T132/><D108/><U46/><E46/><V40/><F84/><W44/><G5/><T78/><D29/><U111/><E9/><V17/><F67/><W0/><REACH who="3" step="1"/><G97/><REACH who="3" ten="229,224,298,239" step="2"/><T20/><D99/><U13/><E111/><V62/><F62/><W106/><G106/><T28/><D112/><U127/><E127/><V35/><F57/><W68/><G68/><T38/><D38/><U93/><E107/><V8/><F98/><W74/><G74/><T135/><D72/><U82/><E101/><V63/><F63/><W120/><G120/><T2/><D113/><U115/><E115/><V86/><F92/><W117/><G117/><T76/><D81/><U118/><E94/><V103/><F103/><W7/><G7/><T37/><D37/><U42/><E118/><V79/><F79/><W56/><G56/><T50/><D77/><U105/><E105/><V55/><F6/><W102/><G102/><T124/><D76/><U128/><E128/><V85/><F35/><W122/><G122/><T109/><D78/><U43/><E58/><V59/><F59/><W65/><G65/><T90/><D109/><U18/><E61/><V33/><F33/><W133/><G133/><RYUUKYOKU ba="0,1" sc="229,-15,224,15,298,-15,239,15" hai1="13,18,39,41,42,43,45,80,82,83,89,93,96" hai3="0,3,22,23,24,26,30,44,51,52,87,88,95" /><INIT seed="3,1,1,1,5,108" ten="214,239,283,254" oya="3" hai0="131,21,10,35,41,107,91,100,123,89,22,9,78" hai1="69,96,54,39,82,16,88,132,79,33,99,7,55" hai2="86,2,50,115,94,1,104,110,31,134,15,20,106" hai3="83,60,0,71,118,59,23,62,4,45,77,48,111"/><W76/><G118/><T37/><D123/><U67/><E39/><V84/><F115/><W109/><G71/><T126/><D35/><U125/><E33/><V135/><F110/><N who="3" m="41995" /><G23/><T29/><D78/><U40/><E40/><V3/><F50/><W34/><G34/><T57/><D57/><U72/><E69/><V58/><F58/><W36/><G36/><T42/><D37/><U112/><E67/><V113/><F113/><W26/><G26/><T103/><D107/><N who="2" m="41002" /><F94/><W130/><G130/><T120/><D120/><U8/><E112/><V117/><F117/><W93/><G93/><T95/><D95/><U5/><E125/><V25/><F15/><W85/><G76/><T128/><REACH who="0" step="1"/><D29/><REACH who="0" ten="204,239,283,254" step="2"/><U32/><E79/><V124/><F124/><AGARI ba="1,2" hai="9,10,21,22,41,42,89,91,100,103,124,126,128,131" machi="124" ten="25,6400,0" yaku="1,1,2,1,22,2,53,0" doraHai="108" doraHaiUra="51" who="0" fromWho="2" sc="204,87,239,0,283,-67,254,0" /><INIT seed="4,0,0,5,1,98" ten="291,239,216,254" oya="0" hai0="5,33,49,79,17,72,3,94,40,37,122,135,104" hai1="23,62,80,66,85,97,50,93,12,18,0,57,63" hai2="71,78,38,58,11,91,39,2,9,21,114,16,83" hai3="105,116,8,109,103,36,87,82,115,22,117,92,128"/><T41/><D122/><U77/><E0/><V121/><F121/><W124/><G36/><T24/><D104/><U120/><E120/><V20/><F114/><W123/><G123/><T133/><D37/><U42/><E63/><V99/><F71/><W61/><G61/><T34/><D3/><U53/><E42/><V111/><F111/><W64/><G64/><T7/><D94/><U70/><E70/><V96/><F20/><W25/><G105/><T47/><D40/><U68/><E68/><V100/><F58/><W132/><G109/><T107/><D107/><U43/><E43/><V89/><F38/><W106/><G106/><T129/><D129/><U131/><E131/><V60/><F39/><W95/><G128/><T26/><D26/><U28/><E28/><V67/><F67/><W59/><G95/><T74/><D33/><U48/><E66/><V69/><F69/><W108/><G108/><T32/><D32/><U27/><REACH who="1" step="1"/><E12/><REACH who="1" ten="291,229,216,254" step="2"/><V84/><F60/><W86/><G115/><T1/><D41/><U31/><E31/><V113/><F2/><W35/><G117/><T13/><D13/><U75/><E75/><V110/><F110/><W112/><G112/><T29/><D74/><U15/><E15/><V65/><F113/><W130/><G130/><T81/><D1/><U51/><E51/><V45/><F65/><W88/><G116/><T52/><REACH who="0" step="1"/><D17/><REACH who="0" ten="281,229,216,254" step="2"/><U19/><E19/><V6/><F16/><W14/><G14/><T134/><AGARI ba="0,2" hai="5,7,24,29,34,47,49,52,72,79,81,133,134,135" machi="134" ten="30,12000,1" yaku="1,1,2,1,0,1,20,1,54,1,53,0" doraHai="98" doraHaiUra="54" who="0" fromWho="0" sc="281,140,229,-40,216,-40,254,-40" /><INIT seed="4,1,0,5,1,119" ten="421,189,176,214" oya="0" hai0="90,100,124,0,118,18,83,17,129,116,4,10,104" hai1="127,67,81,22,117,35,80,48,9,96,135,34,103" hai2="126,61,98,71,121,105,68,132,25,41,40,63,79" hai3="50,64,86,85,27,65,39,1,108,21,94,2,58"/><T102/><D124/><U3/><E117/><V26/><F121/><W88/><G39/><T45/><D129/><U97/><E135/><V70/><F126/><W73/><G73/><T5/><D45/><U111/><E111/><V123/><F123/><W75/><G75/><T53/><D53/><U130/><E127/><V82/><F132/><W54/><G108/><T32/><D32/><U77/><E67/><V28/><F105/><W20/><G20/><T42/><D42/><U12/><E97/><V46/><F98/><W59/><G85/><T47/><D47/><U133/><E48/><V125/><F125/><W15/><G15/><T69/><D69/><U23/><E80/><V31/><F41/><W60/><REACH who="3" step="1"/><G64/><REACH who="3" ten="421,189,176,204" step="2"/><T7/><D116/><U76/><E23/><V29/><F40/><W87/><G87/><T99/><D118/><U131/><E22/><V19/><F46/><W57/><G57/><T78/><D0/><U72/><E3/><V8/><F68/><W93/><G93/><T84/><D84/><U95/><E133/><V52/><F70/><W24/><G24/><T120/><D104/><U56/><E56/><V122/><F25/><W113/><G113/><T66/><D66/><U37/><E37/><V44/><F26/><W92/><G92/><T89/><D99/><U16/><E76/><V49/><F79/><W6/><G6/><T30/><D5/><U114/><E114/><V107/><F71/><W109/><G109/><T112/><D4/><U13/><E13/><N who="2" m="7591" /><F122/><W33/><G33/><N who="1" m="12298" /><E131/><V38/><F38/><W106/><G106/><T101/><D112/><RYUUKYOKU ba="1,1" sc="421,-15,189,15,176,-15,204,15" hai1="9,12,16,72,77,81,95,96,103,130" hai3="1,2,21,27,50,54,58,59,60,65,86,88,94" /><INIT seed="5,2,1,2,1,79" ten="406,204,161,219" oya="1" hai0="131,57,77,20,70,80,81,121,11,124,115,27,112" hai1="26,109,108,2,54,31,8,63,73,64,110,133,36" hai2="106,118,135,107,10,60,22,50,29,66,23,16,14" hai3="130,92,74,96,52,84,122,104,49,56,12,111,132"/><U99/><E36/><V4/><F118/><W42/><G74/><T6/><D70/><U41/><E41/><V69/><F135/><W35/><G122/><T71/><D71/><U33/><E133/><V127/><F127/><W134/><G35/><T126/><D121/><U32/><E73/><V28/><F50/><W113/><G111/><T94/><D94/><U72/><E72/><V123/><F123/><W1/><G1/><N who="0" m="463" /><D57/><N who="1" m="36975" /><E99/><V90/><F90/><W25/><G130/><T45/><D45/><U129/><E54/><V39/><F39/><W98/><G113/><N who="0" m="43595" /><D131/><U17/><E129/><V105/><REACH who="2" step="1"/><F22/><REACH who="2" ten="406,204,151,219" step="2"/><W34/><G132/><T51/><D51/><U65/><E32/><V43/><F43/><W47/><G34/><T78/><D124/><U0/><E65/><V40/><F40/><W114/><G42/><T95/><D126/><U44/><E44/><V24/><AGARI ba="2,2" hai="4,10,14,16,23,24,28,29,60,66,69,105,106,107" machi="24" ten="30,4000,0" yaku="1,1,0,1,54,1,53,0" doraHai="79" doraHaiUra="125" who="2" fromWho="2" sc="406,-12,204,-22,151,66,219,-12" /><INIT seed="6,0,0,0,4,81" ten="394,182,217,207" oya="2" hai0="64,53,23,117,16,111,54,110,0,103,45,7,61" hai1="47,116,102,44,115,70,133,11,30,114,24,50,132" hai2="68,122,26,85,95,109,86,41,99,87,48,66,3" hai3="107,58,19,97,69,59,112,93,79,60,125,25,120"/><V12/><F122/><W78/><G120/><T56/><D117/><U14/><E70/><V36/><F3/><W62/><G107/><T105/><D0/><U13/><E102/><N who="2" m="60799" /><F36/><W91/><G125/><T15/><D7/><U42/><E116/><V35/><F35/><W124/><G69/><T126/><D126/><U77/><E77/><V21/><F68/><W57/><G124/><T39/><D105/><U32/><E44/><N who="2" m="25615" /><F109/><W8/><G112/><N who="1" m="43050" /><E133/><V131/><F131/><W101/><G101/><T17/><D103/><U9/><E132/><V20/><F66/><W94/><G94/><T80/><D80/><U2/><E9/><V1/><F1/><W40/><G40/><T76/><D76/><N who="3" m="29225" /><G8/><T65/><D65/><U89/><E89/><V52/><F12/><W104/><G104/><T74/><D74/><U135/><E135/><V10/><F10/><W84/><G97/><T63/><D39/><U4/><AGARI ba="0,0" hai="2,4,11,13,14,24,30,32,42,47,50" m="43050" machi="4" ten="30,1100,0" yaku="15,1" doraHai="81" who="1" fromWho="1" sc="394,-3,182,11,217,-5,207,-3" /><INIT seed="7,0,0,5,0,11" ten="391,193,212,204" oya="3" hai0="124,50,37,131,111,46,90,71,17,112,45,108,125" hai1="127,52,43,130,79,88,134,23,118,117,48,33,4" hai2="80,110,27,68,54,66,101,42,56,133,78,0,58" hai3="106,91,102,39,53,86,16,57,129,22,34,69,32"/><W76/><G69/><T3/><D3/><U5/><E33/><V87/><F110/><W126/><G39/><T94/><D71/><U2/><E134/><V105/><F0/><W72/><G129/><T109/><D131/><U114/><E130/><V98/><F133/><W67/><G67/><T40/><D17/><U28/><E114/><V47/><F68/><W55/><G126/><N who="0" m="48747" /><D112/><U63/><E127/><V74/><F27/><W59/><G76/><T38/><D46/><N who="1" m="25695" /><E79/><V35/><F35/><W85/><G72/><T15/><D15/><U75/><E75/><V104/><F74/><W100/><G106/><T31/><D31/><U116/><E88/><V123/><F123/><W8/><G8/><T25/><D25/><N who="1" m="16447" /><E2/><V115/><F115/><W1/><G1/><T64/><D64/><U24/><E24/><V121/><F121/><W128/><G86/><AGARI ba="0,0" hai="37,38,40,45,50,86,90,94,108,109,111" m="48747" machi="86" ten="40,1300,0" yaku="18,1" doraHai="11" who="0" fromWho="3" sc="391,13,193,0,212,0,204,-13" owari="404,51.0,193,-21.0,212,1.0,191,-31.0" /></mjloggm>