<mjloggm ver="2.3"><GO type="169" lobby="0"/><UN n0="%E3%81%8F%E3%82%8D%E3%81%AF%E3%81%A1" n1="%E3%82%A2%E3%83%95%E3%83%AA%E3%82%AB" n2="%E3%83%88%E3%83%88%E3%83%AA%E5%85%88%E7%94%9F%31%39%E6%AD%B3" n3="%E3%82%84%E3%81%BE%E3%83%BC%E3%82%93" dan="17,16,18,16" rate="2213.56,2153.33,2229.97,2110.23" sx="M,M,F,M"/><TAIKYOKU oya="0"/><INIT seed="0,0,0,2,1,99" ten="250,250,250,250" oya="0" hai0="89,94,124,123,129,76,69,14,85,114,15,60,101" hai1="80,112,103,104,17,46,57,108,86,5,28,7,125" hai2="93,12,88,61,75,48,70,20,37,66,71,4,74" hai3="11,95,90,50,53,55,32,6,10,33,9,13,130"/><T38/><D114/><U78/><E112/><V58/><F37/><W92/><G130/><T35/><D123/><U45/><E28/><V40/><F70/><W111/><G111/><T63/><D129/><U26/><E108/><V81/><F81/><W62/><G62/><T84/><D124/><U23/><E125/><V16/><F4/><N who="1" m="1609" /><E104/><V113/><F113/><W98/><G53/><T100/><D35/><U131/><E131/><V72/><F40/><W77/><G77/><T127/><D38/><U39/><E39/><V8/><F8/><W19/><G92/><T91/><D76/><U52/><E103/><N who="0" m="39497" /><D69/><U135/><E135/><V30/><F30/><W117/><G117/><T110/><D127/><U31/><E31/><V56/><REACH who="2" step="1"/><F48/><AGARI ba="0,0" hai="17,23,26,45,46,48,52,57,78,80,86" m="1609" machi="48" ten="30,2000,0" yaku="8,1,54,1" doraHai="99" who="1" fromWho="2" sc="250,0,250,20,250,-20,250,0" /><INIT seed="1,0,0,5,0,34" ten="250,270,230,250" oya="1" hai0="0,9,41,40,46,123,128,75,89,63,126,33,80" hai1="64,27,65,118,17,131,51,96,6,70,125,86,31" hai2="92,81,76,95,2,16,114,119,99,90,55,67,134" hai3="98,77,97,25,50,22,69,116,24,54,30,68,37"/><U21/><E118/><V133/><F119/><W20/><G37/><T19/><D126/><U73/><E73/><V112/><F67/><W88/><G77/><T26/><D128/><U32/><E131/><V101/><F55/><W135/><G135/><N who="2" m="51721" /><F2/><W111/><G111/><T74/><D123/><U47/><E125/><V115/><F16/><W104/><G104/><T13/><D63/><U107/><E70/><V121/><F121/><W79/><G79/><T12/><D40/><U106/><E106/><N who="2" m="63807" /><F90/><W120/><G120/><T109/><D109/><U11/><E107/><V93/><F93/><W28/><G116/><T130/><D130/><U57/><E57/><V129/><F129/><W71/><REACH who="3" step="1"/><G88/><REACH who="3" ten="250,270,230,240" step="2"/><T103/><D89/><U66/><E96/><V48/><F48/><W102/><G102/><T3/><D103/><U53/><E86/><AGARI ba="0,1" hai="76,81,86,92,95,112,114,115" m="63807,51721" machi="86" ten="40,8000,1" yaku="11,1,20,1,34,2" doraHai="34" who="2" fromWho="1" sc="250,0,270,-80,230,90,240,0" /><INIT seed="2,0,0,5,0,20" ten="250,190,320,240" oya="2" hai0="66,82,124,15,30,113,76,60,133,64,32,91,68" hai1="67,84,9,122,4,94,6,100,8,61,123,81,103" hai2="51,21,120,99,42,69,95,110,97,10,62,18,116" hai3="14,53,45,107,125,3,102,72,7,127,54,35,65"/><V63/><F116/><W31/><G72/><T92/><D113/><U2/><E94/><V19/><F120/><W79/><G79/><T80/><D124/><U38/><E38/><V41/><F110/><W77/><G77/><T22/><D133/><U85/><E61/><N who="2" m="23051" /><F69/><W44/><G65/><T17/><D64/><U88/><E67/><V47/><F41/><W5/><G102/><T71/><D71/><U83/><E123/><V90/><F10/><W49/><G107/><T108/><D108/><U89/><E122/><V16/><F97/><W50/><G3/><AGARI ba="0,0" hai="2,3,4,6,8,9,81,83,84,85,88,89,100,103" machi="3" ten="30,8000,1" yaku="7,1,32,3,54,1" doraHai="20" who="1" fromWho="3" sc="250,0,190,80,320,0,240,-80" /><INIT seed="3,0,0,0,1,107" ten="250,270,320,160" oya="3" hai0="0,87,70,44,57,27,66,114,109,61,133,18,100" hai1="67,52,17,59,19,7,24,125,37,122,26,3,130" hai2="80,84,101,127,47,135,116,8,5,16,89,82,74" hai3="88,28,129,4,23,25,132,115,104,60,83,30,34"/><W54/><G115/><T20/><D114/><U63/><E37/><V86/><F116/><W126/><G104/><T72/><D109/><U13/><E122/><V12/><F135/><W35/><G132/><T22/><D133/><U102/><E125/><V78/><F127/><W38/><G38/><T71/><D0/><U111/><E111/><V90/><F101/><W15/><G126/><T97/><D72/><U6/><E130/><V29/><F29/><N who="3" m="17599" /><G34/><T75/><D75/><U110/><E110/><V51/><F74/><W92/><G35/><T55/><D87/><U98/><E67/><V58/><F58/><N who="3" m="34903" /><G83/><T73/><D73/><U64/><E64/><V85/><F85/><N who="3" m="52239" /><G129/><T32/><D32/><U39/><E39/><V121/><F121/><W50/><G50/><N who="0" m="29127" /><D70/><U53/><E3/><V91/><F5/><W11/><AGARI ba="0,0" hai="4,11,15,28,30" m="52239,34903,17599" machi="11" ten="30,3000,0" yaku="8,1,54,1" doraHai="107" who="3" fromWho="3" sc="250,-10,270,-10,320,-10,160,30" /><INIT seed="3,1,0,4,1,58" ten="240,260,310,190" oya="3" hai0="55,81,22,98,26,114,84,134,95,65,52,94,92" hai1="72,10,73,80,36,43,75,17,35,23,33,130,20" hai2="63,32,67,68,45,16,56,120,47,34,24,19,28" hai3="85,64,71,70,87,51,122,69,128,131,21,15,40"/><W110/><G122/><T125/><D125/><U132/><E80/><V79/><F120/><W14/><G64/><T62/><D134/><U126/><E43/><V8/><F34/><N who="1" m="12809" /><E17/><V121/><F121/><W38/><G38/><T109/><D109/><U59/><E59/><V12/><F79/><W118/><G110/><T133/><D133/><U30/><E10/><V101/><F101/><W123/><G21/><T48/><D98/><U46/><E46/><V90/><F90/><W76/><G123/><T50/><D114/><U18/><E18/><V83/><F83/><W6/><G6/><T7/><D7/><U97/><E97/><V60/><F19/><W41/><G76/><T31/><D48/><U105/><E30/><V103/><F103/><W106/><G71/><T117/><D117/><U88/><E36/><V107/><F107/><W102/><G102/><T78/><REACH who="0" step="1"/><D50/><REACH who="0" ten="230,260,310,190" step="2"/><U93/><E126/><V112/><F112/><W0/><G51/><T1/><D1/><U66/><E132/><V11/><F11/><W115/><G0/><T82/><D82/><U61/><E105/><V99/><F99/><W54/><G106/><T57/><AGARI ba="1,1" hai="22,26,31,52,55,57,62,65,78,81,84,92,94,95" machi="57" ten="30,8000,1" yaku="1,1,0,1,8,1,52,1,54,1,53,0" doraHai="58" doraHaiUra="4" who="0" fromWho="0" sc="230,93,260,-21,310,-21,190,-41" /><INIT seed="4,0,0,3,4,86" ten="323,239,289,149" oya="0" hai0="109,81,117,127,1,40,89,57,110,80,7,112,71" hai1="13,100,88,42,125,59,84,19,50,132,76,104,24" hai2="23,75,111,8,27,28,135,3,64,106,31,54,60" hai3="107,33,53,113,55,21,67,91,26,25,45,63,61"/><T49/><D117/><U65/><E125/><V5/><F111/><N who="0" m="42506" /><D71/><U78/><E24/><V77/><F106/><W12/><G107/><T37/><D127/><U130/><E132/><V123/><F123/><W4/><G33/><T134/><D134/><U82/><E130/><V93/><F135/><W22/><G113/><T62/><D37/><U85/><E104/><V32/><F54/><W34/><G34/><T99/><D112/><U14/><E100/><V11/><F11/><W48/><G4/><T17/><D17/><U51/><E78/><V121/><F121/><W30/><G12/><N who="1" m="4714" /><E19/><V56/><F32/><W38/><G38/><T73/><D73/><U39/><E42/><V69/><F28/><W16/><G67/><N who="0" m="39375" /><D49/><U0/><E0/><V90/><F77/><W35/><G35/><T95/><D40/><U74/><E74/><V79/><F79/><W133/><G133/><T10/><AGARI ba="0,0" hai="1,7,10,80,81,89,95,99" m="39375,42506" machi="10" ten="30,3000,0" yaku="10,1,52,1" doraHai="86" who="0" fromWho="0" sc="323,30,239,-10,289,-10,149,-10" /><INIT seed="4,1,0,5,5,3" ten="353,229,279,139" oya="0" hai0="111,77,80,33,0,97,48,81,37,94,102,110,9" hai1="83,124,119,44,85,41,54,25,14,6,21,104,35" hai2="1,116,17,109,117,13,86,127,125,84,36,105,76" hai3="112,114,40,113,5,98,133,78,131,67,24,134,29"/><T101/><D37/><U16/><E104/><V58/><F109/><N who="0" m="41482" /><D33/><U50/><E119/><N who="2" m="45643" /><F36/><W65/><G40/><T8/><D102/><U39/><E124/><N who="2" m="47691" /><F105/><W96/><G78/><T38/><D38/><U63/><E63/><V69/><F69/><W30/><G5/><N who="0" m="1063" /><D77/><N who="1" m="46319" /><E35/><V52/><F1/><W15/><G15/><T72/><D72/><U92/><E92/><V49/><F76/><W79/><G79/><T10/><D48/><U88/><E88/><V107/><F107/><W59/><G131/><T47/><D47/><U32/><E32/><V130/><F130/><W12/><G12/><T93/><D93/><U2/><E2/><V91/><F91/><W128/><G128/><T99/><D99/><N who="3" m="37929" /><G59/><T31/><D31/><N who="3" m="11785" /><G24/><T129/><D129/><U28/><E28/><V73/><F73/><W66/><AGARI ba="1,0" hai="65,66,67,112,113,114,133,134" m="11785,37929" machi="66" ten="40,5200,0" yaku="28,2,15,1" doraHai="3" who="3" fromWho="3" sc="353,-27,229,-14,279,-14,139,55" /><INIT seed="5,0,0,0,1,53" ten="326,215,265,194" oya="1" hai0="92,117,57,40,61,70,19,119,132,26,46,129,37" hai1="96,135,68,1,98,123,77,21,108,47,52,74,62" hai2="12,24,55,79,130,42,11,101,134,133,72,58,63" hai3="50,128,94,85,84,17,107,110,78,65,73,23,59"/><U44/><E1/><V126/><F130/><W29/><G107/><T20/><D129/><U43/><E123/><V66/><F126/><W76/><G128/><T49/><D132/><N who="2" m="50794" /><F101/><W102/><G73/><T34/><D34/><U22/><E135/><V48/><F42/><W87/><G29/><T60/><D92/><U99/><E108/><V91/><F91/><W36/><G36/><T0/><D0/><U7/><E7/><N who="2" m="3199" /><F24/><W13/><G110/><T45/><D61/><U75/><E77/><V113/><F113/><W105/><G105/><T115/><D70/><U120/><E120/><V100/><F100/><W18/><G18/><T131/><D115/><U95/><E95/><V32/><F32/><W104/><G104/><T97/><D97/><U80/><E80/><N who="2" m="45159" /><F48/><W30/><G30/><T125/><D125/><U112/><E112/><V6/><F6/><W54/><REACH who="3" step="1"/><G65/><AGARI ba="0,0" hai="55,58,63,65,66" m="45159,3199,50794" machi="65" ten="30,2000,0" yaku="20,1,52,1" doraHai="53" who="2" fromWho="3" sc="326,0,215,0,265,20,194,-20" /><INIT seed="6,0,0,2,5,100" ten="326,215,285,174" oya="2" hai0="33,38,49,120,134,43,35,105,91,104,128,18,20" hai1="72,107,45,67,90,95,13,61,4,131,63,97,109" hai2="52,103,127,135,77,12,80,11,76,19,118,53,124" hai3="102,98,84,73,51,31,48,14,30,88,56,116,42"/><V132/><F118/><W54/><G73/><T10/><D120/><U23/><E72/><V133/><F103/><W41/><G116/><T99/><D38/><U81/><E109/><V24/><F24/><W62/><G51/><T79/><D79/><N who="2" m="30282" /><F80/><W5/><G5/><T21/><D10/><U96/><E81/><V26/><F26/><W126/><G126/><AGARI ba="0,0" hai="11,12,19,52,53,124,126,127,132,133,135" m="30282" machi="126" ten="40,7700,0" yaku="18,1,20,1,54,1" doraHai="100" who="2" fromWho="3" sc="326,0,215,0,285,77,174,-77" /><INIT seed="6,1,0,1,1,108" ten="326,215,362,97" oya="2" hai0="133,73,68,22,52,57,46,90,42,106,89,18,86" hai1="12,110,39,53,94,107,95,87,19,48,50,75,10" hai2="0,123,36,132,9,32,67,49,70,84,126,20,3" hai3="121,91,102,122,81,38,28,69,114,15,103,59,129"/><V47/><F123/><W113/><G69/><T23/><D73/><U127/><E107/><V115/><F32/><W1/><G1/><T33/><D33/><U105/><E105/><V43/><F132/><W2/><G2/><T135/><D68/><U30/><E39/><V62/><F126/><W78/><G38/><T96/><D96/><U97/><E75/><V31/><F115/><N who="3" m="44043" /><G28/><T24/><D22/><U27/><E127/><V119/><F119/><W5/><G59/><T45/><D106/><U88/><E110/><V120/><F120/><N who="3" m="46187" /><G129/><T118/><D57/><U109/><E109/><V130/><F130/><W101/><G15/><T25/><D133/><U55/><E30/><V64/><F3/><W4/><G91/><T26/><D89/><U85/><E27/><V34/><F36/><W66/><G66/><T54/><D90/><U56/><E95/><V16/><F67/><W99/><G99/><T11/><D24/><U58/><AGARI ba="1,0" hai="10,12,19,48,50,53,55,56,58,85,87,88,94,97" machi="58" ten="20,8000,1" yaku="0,1,7,1,9,1,8,1,54,1" doraHai="108" who="1" fromWho="1" sc="326,-21,215,83,362,-41,97,-21" /><INIT seed="7,0,0,1,1,31" ten="305,298,321,76" oya="3" hai0="93,13,23,51,16,74,105,61,99,70,90,53,113" hai1="126,3,77,11,52,102,94,55,100,75,98,50,32" hai2="128,85,57,36,19,49,47,20,110,120,63,84,42" hai3="1,88,18,123,79,8,9,107,67,4,62,15,2"/><W12/><G123/><T118/><D118/><U132/><E126/><V104/><F110/><W133/><G107/><T119/><D119/><U69/><E69/><V73/><F73/><W82/><G133/><T80/><D113/><U78/><E132/><V5/><F104/><W37/><G37/><T40/><D105/><U109/><E109/><V22/><F128/><W103/><G103/><T87/><D74/><U81/><E78/><V122/><F5/><W135/><G135/><T33/><D33/><U38/><E38/><V131/><F131/><W46/><G46/><T114/><D114/><U48/><E32/><V39/><F22/><W127/><G127/><T130/><D130/><U59/><E11/><V97/><F97/><W64/><G64/><T95/><D70/><U10/><E10/><V116/><F116/><W65/><G65/><T17/><D17/><U72/><E3/><V86/><F63/><W6/><G18/><T58/><D99/><U117/><E117/><V21/><F21/><W54/><G54/><N who="0" m="34007" /><D40/><U112/><E112/><V27/><F57/><AGARI ba="0,0" hai="13,16,23,51,53,57,80,87,90,93,95" m="34007" machi="57" ten="30,2000,0" yaku="8,1,54,1" doraHai="31" who="0" fromWho="2" sc="305,20,298,0,321,-20,76,0" owari="325,42.0,298,-10.0,301,10.0,76,-42.0" /></mjloggm>