<mjloggm ver="2.3"><GO type="169" lobby="0"/><UN n0="%E6%88%91%E6%B5%81%58" n1="%E3%83%88%E3%83%88%E3%83%AA%E5%85%88%E7%94%9F%31%39%E6%AD%B3" n2="%43%61%6C%6B%61%6E" n3="%66%61%62%65%72%67%65" dan="16,18,16,16" rate="2125.42,2181.23,2031.25,2034.02" sx="M,F,M,F"/><TAIKYOKU oya="0"/><INIT seed="0,0,0,3,4,123" ten="250,250,250,250" oya="0" hai0="35,121,59,96,83,15,119,16,102,103,98,45,129" hai1="55,135,134,81,95,117,21,50,58,91,76,27,22" hai2="47,126,68,23,77,132,118,4,31,86,66,122,65" hai3="120,2,85,3,69,33,52,49,70,51,79,61,42"/><T105/><D121/><U7/><E117/><V133/><F122/><W112/><G120/><T101/><D119/><U12/><E7/><V43/><F118/><W107/><G107/><T37/><D35/><U56/><E56/><V48/><F4/><W128/><G33/><T125/><D129/><U115/><E115/><V29/><F126/><W94/><G112/><T99/><D125/><U25/><E81/><N who="2" m="47407" /><F68/><W36/><G51/><T6/><D6/><U124/><E76/><V109/><F66/><N who="3" m="41167" /><G70/><T24/><D24/><U39/><E39/><V13/><F65/><W57/><G128/><T97/><D83/><U30/><E124/><V73/><F73/><W82/><G94/><T67/><D67/><U1/><E1/><V63/><F63/><W72/><G72/><T75/><D75/><U114/><E114/><V34/><F34/><W87/><G87/><T14/><D14/><U71/><E71/><V17/><F29/><W26/><G26/><T20/><REACH who="0" step="1"/><D59/><REACH who="0" ten="240,250,250,250" step="2"/><U84/><REACH who="1" step="1"/><E12/><REACH who="1" ten="240,240,250,250" step="2"/><V40/><F13/><W106/><G2/><T28/><D28/><AGARI ba="0,2" hai="21,22,25,27,28,30,50,55,58,84,91,95,134,135" machi="28" ten="40,8000,1" yaku="1,1,2,1,9,1,53,1" doraHai="123" doraHaiUra="53" who="1" fromWho="0" sc="240,-80,240,100,250,0,250,0" /><INIT seed="1,0,0,3,5,38" ten="160,340,250,250" oya="1" hai0="76,4,31,17,131,122,93,21,128,68,85,12,97" hai1="127,59,112,34,135,80,36,6,78,84,13,49,45" hai2="132,126,30,63,113,56,47,73,88,10,72,86,71" hai3="51,109,121,7,81,92,1,11,90,8,124,44,50"/><U100/><E34/><V67/><F126/><W53/><G121/><T57/><D68/><U114/><E127/><V18/><F132/><W82/><G124/><T75/><D75/><U43/><E135/><V40/><F113/><W29/><G109/><T98/><D122/><U120/><E120/><V91/><F91/><W87/><G29/><T33/><D4/><U48/><E100/><V60/><F30/><W133/><G133/><T95/><D31/><U15/><E36/><V79/><F79/><W25/><G25/><T14/><D33/><U19/><E13/><V83/><F10/><W65/><G65/><T61/><D14/><U115/><E19/><V62/><F18/><W70/><G70/><T5/><D5/><U26/><E26/><V46/><F46/><W22/><G22/><T52/><D76/><U20/><E20/><V39/><F62/><W123/><G123/><T111/><D111/><U105/><E105/><V101/><F101/><W118/><G118/><T108/><D108/><U2/><E2/><V106/><F106/><W77/><G11/><T35/><D35/><U74/><E74/><V37/><F37/><W125/><G125/><T89/><REACH who="0" step="1"/><D85/><REACH who="0" ten="150,340,250,250" step="2"/><U107/><E15/><V24/><F24/><W54/><G77/><T116/><D116/><U134/><E6/><V27/><F27/><W55/><G1/><T41/><D41/><U66/><E134/><V16/><F16/><W96/><G87/><T103/><AGARI ba="0,1" hai="12,17,21,52,57,61,89,93,95,97,98,103,128,131" machi="103" ten="30,7900,0" yaku="1,1,0,1,54,1,53,1" doraHai="38" doraHaiUra="9" who="0" fromWho="0" sc="150,89,340,-39,250,-20,250,-20" /><INIT seed="2,0,0,1,0,39" ten="239,301,230,230" oya="2" hai0="103,127,98,41,111,131,6,134,55,78,63,101,70" hai1="76,80,37,116,9,35,27,53,30,5,96,11,32" hai2="118,3,117,33,82,66,38,109,68,93,42,58,64" hai3="74,47,45,40,97,56,90,34,99,7,125,88,133"/><V20/><F33/><W28/><G74/><T12/><D111/><U121/><E116/><V115/><F3/><W15/><G125/><T36/><D78/><U132/><E132/><V10/><F115/><W65/><G34/><T16/><D6/><U0/><E121/><V100/><F10/><N who="3" m="4575" /><G28/><T107/><D101/><U120/><E120/><V25/><F109/><W84/><G47/><T67/><D127/><U61/><E35/><V89/><F68/><W113/><G133/><T59/><D134/><U124/><E124/><V92/><F64/><W73/><G73/><T1/><D1/><U26/><E11/><V14/><F14/><W72/><G72/><T87/><D87/><U44/><E27/><V129/><F129/><W105/><G105/><T108/><D131/><U4/><E4/><V102/><F118/><W43/><G45/><T119/><D119/><U48/><E37/><V57/><F117/><W21/><G21/><T29/><D29/><U104/><E104/><V62/><F58/><W13/><G13/><T86/><D86/><U8/><E8/><V75/><F75/><W130/><G130/><T85/><D85/><N who="1" m="48263" /><E96/><N who="3" m="36938" /><G113/><T83/><D83/><U2/><E2/><V110/><F82/><N who="3" m="49175" /><G90/><T128/><D128/><U60/><E32/><V24/><F110/><W54/><G65/><T123/><D108/><U17/><E30/><N who="2" m="17671" /><F25/><W31/><G31/><T106/><D123/><U46/><E46/><N who="2" m="23895" /><F89/><W122/><G122/><T79/><D107/><U18/><E26/><V51/><F51/><AGARI ba="0,0" hai="40,43,51,54,56" m="49175,36938,4575" machi="51" ten="30,7700,0" yaku="8,1,52,2,54,1" doraHai="39" who="3" fromWho="2" sc="239,0,301,0,230,-77,230,77" /><INIT seed="3,0,0,0,5,108" ten="239,301,153,307" oya="3" hai0="122,114,41,1,90,109,87,97,49,0,77,37,39" hai1="31,51,12,53,135,42,67,113,7,93,111,15,89" hai2="124,3,36,117,82,112,5,35,125,9,21,48,133" hai3="64,52,8,103,121,25,22,33,118,127,20,106,61"/><W11/><G121/><T38/><D122/><U104/><E104/><V62/><F117/><W88/><G118/><T24/><D109/><U80/><E111/><V130/><F48/><W55/><G106/><T60/><D77/><U59/><E135/><V44/><F21/><W98/><G33/><T6/><D97/><U74/><E113/><V83/><F62/><W72/><G72/><T40/><D24/><U4/><E31/><V115/><F35/><W43/><G43/><T131/><D131/><U19/><E80/><V32/><F32/><W85/><G98/><T73/><D73/><U46/><E67/><V28/><F28/><N who="3" m="17447" /><G103/><T95/><D114/><N who="2" m="43562" /><F83/><N who="3" m="49215" /><G22/><T17/><D17/><U14/><E19/><V78/><F130/><W66/><G127/><N who="2" m="48713" /><F133/><W94/><G94/><T50/><D60/><N who="1" m="35951" /><E74/><N who="2" m="43351" /><F44/><W70/><G70/><T57/><D49/><U18/><E18/><V63/><F63/><W105/><G61/><T126/><D126/><U71/><E71/><V100/><F100/><W92/><G66/><T102/><D102/><U86/><AGARI ba="0,0" hai="4,7,12,14,15,42,46,51,86,89,93" m="35951" machi="86" ten="30,1100,0" yaku="8,1" doraHai="108" who="1" fromWho="1" sc="239,-3,301,11,153,-3,307,-5" /><INIT seed="4,0,0,3,0,84" ten="236,312,150,302" oya="0" hai0="10,126,67,52,63,31,2,77,72,22,128,57,6" hai1="81,131,91,100,56,14,123,45,5,29,124,40,82" hai2="23,13,107,20,38,28,55,85,4,21,103,92,116" hai3="7,93,133,15,105,41,71,49,102,58,118,44,1"/><T30/><D128/><U111/><E123/><V54/><F38/><W104/><G118/><T53/><D126/><U47/><E131/><V106/><F116/><W119/><G71/><T109/><D109/><U62/><E111/><V73/><F73/><W120/><G119/><T89/><D72/><U26/><E124/><V51/><F28/><W113/><G1/><T83/><D77/><U130/><E130/><V78/><F78/><W127/><G127/><T135/><D135/><U80/><E100/><V114/><F114/><W11/><G113/><T70/><D22/><N who="1" m="15575" /><E40/><V96/><F51/><W43/><G43/><T48/><REACH who="0" step="1"/><D53/><REACH who="0" ten="226,312,150,302" step="2"/><N who="1" m="34063" /><E91/><V24/><F55/><W34/><G133/><T79/><D79/><U50/><E50/><V46/><F54/><W69/><G49/><T37/><D37/><U17/><E5/><V27/><F46/><W121/><G7/><T129/><D129/><U115/><E115/><V125/><F125/><W61/><G44/><T122/><D122/><U68/><E68/><V64/><F64/><W98/><G69/><T74/><D74/><U66/><E66/><V101/><F4/><W3/><G121/><T87/><AGARI ba="0,1" hai="2,6,10,30,31,48,52,57,63,67,70,83,87,89" machi="87" ten="30,12000,1" yaku="1,1,0,1,52,1,54,1,53,1" doraHai="84" doraHaiUra="33" who="0" fromWho="0" sc="226,130,312,-40,150,-40,302,-40" /><INIT seed="4,1,0,1,2,73" ten="356,272,110,262" oya="0" hai0="38,21,123,1,113,94,134,67,24,37,58,19,89" hai1="90,52,99,51,29,16,92,9,45,7,12,60,111" hai2="48,82,23,66,57,18,17,56,103,91,130,31,135" hai3="104,59,30,35,132,124,50,107,40,14,106,11,112"/><T33/><D123/><U25/><E111/><V74/><F130/><W88/><G112/><T4/><D113/><U80/><E60/><V47/><F135/><W87/><G132/><T119/><D33/><U127/><E127/><V53/><F103/><W128/><G124/><T27/><D134/><U101/><E80/><V116/><F116/><W22/><G35/><T15/><D119/><U84/><E101/><V133/><F133/><W115/><G115/><T75/><D75/><U121/><E121/><V105/><F105/><W55/><G40/><T10/><D58/><U68/><E68/><V3/><F3/><W117/><G117/><T100/><D100/><U70/><E70/><V129/><F129/><W110/><G110/><T64/><D38/><U118/><E118/><V63/><F57/><W44/><G44/><T77/><D37/><U98/><REACH who="1" step="1"/><E7/><REACH who="1" ten="356,262,110,262" step="2"/><V5/><F5/><W114/><G114/><T78/><D67/><U41/><E41/><V32/><F74/><W0/><G128/><T71/><D71/><U13/><E13/><V83/><F83/><W36/><G14/><T79/><REACH who="0" step="1"/><D64/><REACH who="0" ten="346,262,110,262" step="2"/><U69/><E69/><V6/><F66/><W20/><G107/><T42/><D42/><U85/><E85/><AGARI ba="1,2" hai="1,4,10,15,19,21,24,27,77,78,79,85,89,94" machi="85" ten="40,12000,1" yaku="1,1,52,3,53,0" doraHai="73" doraHaiUra="65" who="0" fromWho="1" sc="346,143,262,-123,110,0,262,0" /><INIT seed="4,2,0,5,3,55" ten="489,139,110,262" oya="0" hai0="18,84,87,27,79,74,24,100,108,127,63,115,134" hai1="104,23,86,3,78,128,7,73,6,56,4,124,32" hai2="135,118,67,89,66,75,70,88,12,62,121,1,49" hai3="123,96,130,31,110,19,106,126,102,90,129,0,17"/><T40/><D115/><U25/><E104/><V64/><F1/><W34/><G110/><T47/><D108/><U37/><E37/><V65/><F121/><W133/><G0/><T60/><D100/><U112/><E73/><V22/><F75/><W72/><G123/><T53/><D127/><U29/><E124/><V93/><F118/><W11/><G126/><T131/><D131/><N who="3" m="50185" /><G72/><T16/><D134/><U52/><E128/><V103/><F135/><W81/><G133/><T109/><D109/><U5/><E112/><V92/><F103/><W39/><G39/><T117/><D117/><U69/><E69/><V91/><F49/><W58/><G11/><T13/><D74/><U114/><E114/><V68/><N who="2" m="16896" /><DORA hai="116" /><V15/><F62/><N who="0" m="23594" /><D40/><U76/><E32/><V59/><F22/><W14/><G102/><T50/><D18/><U2/><N who="1" m="1024" /><DORA hai="98" /><U51/><REACH who="1" step="1"/><E76/><REACH who="1" ten="489,129,110,262" step="2"/><V41/><F68/><W101/><G34/><T113/><D113/><U95/><E95/><N who="2" m="36427" /><F70/><W38/><G106/><T132/><D132/><U94/><E94/><V80/><F80/><AGARI ba="2,1" hai="2,3,23,25,29,51,52,56,78,80,86" m="1024" machi="80" ten="50,6400,0" yaku="1,1,52,1,54,1,53,0" doraHai="55,116,98" doraHaiUra="43,122,8" who="1" fromWho="2" sc="489,0,129,80,110,-70,262,0" /><INIT seed="5,0,0,2,4,128" ten="489,209,40,262" oya="1" hai0="105,79,16,41,108,27,5,126,51,39,7,78,6" hai1="103,58,12,48,18,53,63,120,61,82,13,44,93" hai2="123,110,11,69,95,91,0,35,84,60,131,98,25" hai3="75,31,4,129,49,19,2,8,76,114,97,132,74"/><U52/><E120/><V46/><F123/><W111/><G111/><T73/><D108/><U23/><E82/><V34/><F110/><W85/><G31/><T15/><D39/><U21/><E103/><V113/><F131/><W70/><G70/><T116/><D105/><U99/><E63/><V55/><F113/><W20/><G129/><T88/><D116/><U57/><E44/><V40/><F25/><W96/><G75/><T80/><D126/><U42/><E42/><V81/><F0/><W112/><G74/><T36/><D36/><U117/><E117/><V125/><F125/><W64/><G64/><T24/><D78/><U92/><E99/><V71/><F11/><W121/><G121/><T67/><D67/><U87/><E87/><V134/><F69/><W3/><G3/><T32/><D32/><U109/><E109/><V90/><F71/><W47/><G85/><N who="0" m="50215" /><D73/><U29/><E29/><V72/><F72/><W115/><G76/><T122/><D79/><U17/><AGARI ba="0,0" hai="12,13,17,18,21,23,48,52,53,57,58,61,92,93" machi="17" ten="30,11700,0" yaku="0,1,9,1,8,1,54,1" doraHai="128" who="1" fromWho="1" sc="489,-39,209,117,40,-39,262,-39" /><INIT seed="5,1,0,3,2,130" ten="450,326,1,223" oya="1" hai0="31,124,61,37,128,42,107,117,71,118,68,81,127" hai1="4,74,109,15,69,2,96,40,95,13,105,135,18" hai2="93,110,32,106,82,79,45,43,86,60,75,123,3" hai3="10,14,23,36,91,21,90,120,100,129,57,92,103"/><U8/><E69/><V33/><F110/><W99/><G120/><T98/><D31/><U7/><E105/><V55/><F123/><W29/><G36/><T51/><D37/><U119/><E119/><V28/><F106/><W41/><G41/><T73/><D73/><U62/><E109/><V12/><F3/><W78/><G78/><T22/><D22/><N who="3" m="8201" /><G29/><T11/><D11/><U17/><E62/><V1/><F1/><W87/><G57/><T114/><D114/><U19/><E74/><V50/><F12/><W84/><G129/><T27/><D27/><U83/><E83/><V44/><F28/><W65/><G65/><T56/><D81/><U101/><E2/><V80/><F93/><N who="3" m="54495" /><G99/><T16/><D98/><U53/><E40/><V0/><F0/><W46/><G46/><T70/><D107/><U66/><E66/><V89/><F60/><W77/><G77/><T121/><D121/><U131/><E131/><V76/><F89/><W102/><G102/><T104/><D104/><U38/><E38/><AGARI ba="1,0" hai="32,33,38,43,44,45,50,55,75,76,79,80,82,86" machi="38" ten="30,1000,0" yaku="7,1" doraHai="130" who="2" fromWho="1" sc="450,0,326,-13,1,13,223,0" /><INIT seed="6,0,0,4,4,62" ten="450,313,14,223" oya="2" hai0="52,18,14,64,113,103,102,61,46,30,121,85,53" hai1="31,58,83,128,1,73,125,21,43,54,108,135,130" hai2="60,28,26,57,67,20,71,106,75,59,27,87,79" hai3="55,97,37,115,99,48,94,23,49,42,109,127,77"/><V10/><F106/><W107/><G109/><T0/><D0/><U8/><E108/><V133/><F133/><W74/><G74/><T45/><D121/><U126/><E43/><V70/><F75/><W124/><G77/><T100/><D30/><U7/><E83/><V118/><F118/><W76/><G76/><T72/><D72/><U98/><E73/><V89/><F79/><W47/><G115/><T50/><D85/><U116/><E98/><V119/><F119/><W5/><G5/><T122/><D122/><U69/><E69/><V123/><F123/><W32/><G32/><T29/><D29/><U11/><E116/><V39/><F39/><W40/><G23/><T80/><D80/><U12/><E58/><V111/><F111/><W129/><G129/><N who="1" m="49770" /><E54/><V51/><F10/><W104/><G37/><T65/><D113/><U66/><E66/><V38/><F38/><W88/><G42/><T35/><D35/><U93/><E93/><V96/><F96/><W95/><G95/><T2/><D2/><U63/><E63/><V90/><F26/><W86/><G107/><T120/><D120/><U13/><E135/><V17/><F28/><W101/><G99/><T81/><D81/><U36/><E36/><V22/><F22/><W110/><G110/><T9/><D61/><U91/><E91/><N who="2" m="34827" /><F87/><W132/><REACH who="3" step="1"/><G132/><REACH who="3" ten="450,313,14,213" step="2"/><T41/><D41/><U134/><E134/><V68/><F68/><W117/><G117/><T84/><D84/><U56/><E21/><V112/><F112/><W25/><G25/><T92/><D92/><U4/><E8/><V16/><F17/><RYUUKYOKU ba="0,1" sc="450,10,313,-30,14,10,213,10" hai0="9,14,18,45,46,50,52,53,64,65,100,102,103" hai2="16,20,27,51,57,59,60,67,70,71" hai3="40,47,48,49,55,86,88,94,97,101,104,124,127" /><INIT seed="6,1,1,4,1,27" ten="460,283,24,223" oya="2" hai0="46,114,87,125,135,89,40,57,1,29,132,126,63" hai1="110,12,82,67,37,34,93,133,3,95,84,47,113" hai2="35,61,103,7,121,83,70,122,99,21,128,107,97" hai3="43,17,2,117,71,0,30,10,96,38,26,23,33"/><V90/><F128/><W45/><G71/><T9/><D29/><U73/><E110/><V15/><F35/><W123/><G123/><T62/><D9/><U79/><E3/><V92/><F83/><W120/><G120/><T127/><D1/><U25/><E67/><V60/><F60/><N who="0" m="23082" /><D57/><U39/><E113/><V41/><F41/><W74/><G74/><T52/><D52/><U116/><E116/><V105/><F105/><W129/><G117/><T19/><D19/><U14/><E133/><V44/><F44/><W75/><G75/><T119/><D119/><U59/><E59/><V58/><F70/><W36/><G96/><T6/><D6/><U101/><E73/><V18/><REACH who="2" step="1"/><F7/><REACH who="2" ten="460,283,14,223" step="2"/><N who="3" m="1383" /><G129/><T16/><D135/><U55/><E47/><V106/><F106/><W124/><G45/><T131/><D132/><U50/><E34/><V56/><F56/><W104/><G104/><T112/><D131/><U42/><E42/><V28/><F28/><W100/><G43/><T81/><D16/><U91/><E82/><V98/><F98/><W68/><G68/><T134/><D134/><U13/><E39/><AGARI ba="1,2" hai="39,40,46,81,87,89,112,114,125,126,127" m="23082" machi="39" ten="40,1300,0" yaku="18,1" doraHai="27" who="0" fromWho="1" sc="460,36,283,-16,14,0,223,0" /><INIT seed="7,0,0,5,5,104" ten="496,267,14,223" oya="3" hai0="58,54,3,40,87,129,36,57,37,75,27,35,99" hai1="46,49,113,102,62,111,69,63,15,8,56,130,59" hai2="66,33,88,98,29,95,108,21,26,52,41,38,89" hai3="70,19,109,22,132,43,77,47,30,124,78,6,133"/><W28/><G70/><T55/><D3/><U135/><E111/><V1/><F108/><W84/><G6/><T65/><D75/><U79/><E113/><V83/><F66/><W61/><G61/><T106/><D65/><U64/><E130/><V74/><F1/><W100/><G100/><T73/><D73/><U7/><E135/><N who="3" m="51786" /><G124/><T112/><D112/><U86/><E102/><V2/><F2/><W125/><G125/><T42/><D87/><U85/><E79/><N who="3" m="30218" /><G84/><N who="1" m="32362" /><E69/><V91/><F74/><W44/><G109/><T13/><D99/><U101/><E101/><V123/><F83/><W4/><G4/><T105/><D13/><U24/><E24/><V31/><F123/><W39/><G47/><T51/><D27/><AGARI ba="0,0" hai="19,22,27,28,30,39,43,44" m="30218,51786" machi="27" ten="30,1500,0" yaku="20,1" doraHai="104" who="3" fromWho="0" sc="496,-15,267,0,14,0,223,15" /><INIT seed="7,1,0,0,4,114" ten="481,267,14,238" oya="3" hai0="83,66,30,36,29,1,42,77,52,3,33,94,14" hai1="112,2,38,86,102,70,47,27,93,56,101,116,22" hai2="117,107,43,32,49,134,127,10,61,98,99,67,78" hai3="84,113,108,95,65,76,26,92,103,119,34,135,89"/><W118/><G34/><T20/><D66/><U45/><E70/><V81/><F32/><W82/><G65/><T132/><D132/><U85/><E2/><V12/><F134/><W110/><G26/><T72/><D30/><U97/><E112/><V39/><F39/><W96/><G113/><T50/><D33/><U123/><E123/><V62/><F127/><W21/><G21/><T115/><D115/><U79/><E116/><N who="3" m="44586" /><G135/><T121/><D121/><U64/><E102/><V126/><F126/><W74/><AGARI ba="1,0" hai="74,76,82,84,89,92,95,96,103,108,110" m="44586" machi="74" ten="30,12000,1" yaku="34,2,52,3" doraHai="114" who="3" fromWho="3" sc="481,-41,267,-41,14,-41,238,123" owari="440,54.0,226,-17.0,-27,-53.0,361,16.0" /></mjloggm>