<mjloggm ver="2.3"><GO type="169" lobby="0"/><UN n0="%E3%83%8D%E3%82%B3%E3%83%9E%E3%82%B8%E3%83%B3" n1="%E9%BE%8D%E9%96%80%E6%B8%95%E9%80%8F%E8%8A%B1" n2="%E3%81%AD%E3%81%98%E3%81%97%E3%81%8D" n3="%E3%82%A6%E3%83%AB%E3%83%88%E3%83%A9%E7%AB%8B%E7%9B%B4" dan="16,18,16,17" rate="2069.61,2196.79,2122.40,2186.50" sx="M,M,M,M"/><TAIKYOKU oya="0"/><INIT seed="0,0,0,4,5,114" ten="250,250,250,250" oya="0" hai0="3,38,66,113,94,35,26,49,14,68,54,8,69" hai1="9,22,118,129,5,72,25,99,107,34,87,126,24" hai2="36,97,117,15,86,67,116,75,62,23,13,108,33" hai3="78,19,84,95,79,88,101,58,12,41,90,44,132"/><T82/><D113/><U103/><E72/><V125/><F75/><W83/><G132/><T7/><D38/><U17/><E126/><V89/><F33/><W122/><G58/><T110/><D3/><U77/><E129/><V120/><F125/><W70/><G101/><T121/><D121/><U98/><E118/><N who="2" m="45675" /><F120/><W11/><G70/><T135/><D135/><U27/><E34/><V39/><F97/><W37/><REACH who="3" step="1"/><G122/><REACH who="3" ten="250,250,250,240" step="2"/><T28/><D69/><U1/><E103/><V64/><F108/><W111/><G111/><T105/><D105/><U61/><E107/><V76/><F76/><W131/><G131/><T52/><D110/><U29/><E77/><V60/><F64/><W4/><G4/><T31/><D66/><U127/><E5/><V18/><F13/><W51/><G51/><T65/><D65/><U53/><E127/><V74/><F74/><W112/><G112/><T102/><D68/><U130/><E130/><V71/><F60/><W91/><G91/><T123/><D123/><U134/><E61/><V0/><F0/><W128/><G128/><T59/><D49/><U42/><E1/><V21/><F21/><W2/><G2/><T81/><D59/><U20/><E20/><V133/><F133/><W106/><G106/><T45/><D45/><U46/><E134/><V50/><F50/><W124/><G124/><T57/><D57/><U43/><E46/><V119/><F119/><W73/><G73/><T10/><D10/><U30/><E9/><V100/><F100/><W80/><G80/><AGARI ba="0,1" hai="15,18,23,36,39,62,67,71,80,86,89" m="45675" machi="80" ten="30,7700,0" yaku="12,1,52,3" doraHai="114" who="2" fromWho="3" sc="250,0,250,0,250,87,240,-77" /><INIT seed="1,0,0,1,0,83" ten="250,250,337,163" oya="1" hai0="99,97,66,12,49,89,51,38,74,57,108,19,98" hai1="117,102,55,25,56,18,36,6,44,127,110,72,123" hai2="64,7,26,5,85,104,67,131,10,113,14,78,24" hai3="21,125,58,106,84,122,63,9,69,114,46,111,37"/><U1/><E117/><V92/><F104/><W65/><G122/><T43/><D108/><U0/><E123/><V53/><F131/><W50/><G114/><T118/><D74/><U73/><E110/><V60/><F113/><W128/><G106/><T40/><D38/><U96/><E127/><V61/><F5/><W119/><G111/><T34/><D34/><U93/><E44/><V132/><F132/><W8/><G125/><T70/><D70/><U41/><E41/><N who="0" m="15945" /><D89/><U116/><E36/><V90/><F78/><W107/><G107/><T39/><D39/><U134/><E134/><V3/><F3/><W20/><G69/><T31/><D31/><U120/><E120/><V75/><F75/><W71/><G71/><T42/><D42/><U129/><E0/><V59/><F53/><N who="3" m="29911" /><G37/><T135/><D118/><U33/><E129/><V100/><F100/><W22/><G128/><T47/><D47/><U52/><E116/><V32/><F32/><W27/><G27/><T94/><D94/><U15/><E1/><V54/><F54/><W133/><G133/><T124/><D135/><U81/><E55/><V11/><F11/><N who="3" m="4171" /><G119/><T62/><D124/><U77/><E33/><V30/><F30/><W87/><AGARI ba="0,0" hai="20,21,22,58,63,65,84,87" m="4171,29911" machi="87" ten="30,4000,0" yaku="8,1,52,2" doraHai="83" who="3" fromWho="3" sc="250,-10,250,-20,337,-10,163,40" /><INIT seed="2,0,0,2,5,118" ten="240,230,327,203" oya="2" hai0="103,100,6,120,68,77,111,14,55,29,15,133,109" hai1="50,97,78,88,125,23,27,89,128,43,80,30,66" hai2="54,24,101,115,26,69,76,1,107,90,134,79,92" hai3="9,99,123,18,130,75,10,135,84,33,110,58,85"/><V16/><F1/><W98/><G33/><T86/><D68/><U46/><E125/><V32/><F115/><W7/><G75/><T17/><D29/><U63/><E97/><N who="3" m="36874" /><G18/><T0/><D0/><U53/><E43/><V105/><F69/><W91/><G91/><T12/><D55/><U41/><E41/><V4/><F101/><N who="0" m="38986" /><D17/><U94/><E94/><V57/><F16/><W104/><G104/><T48/><D48/><U116/><E128/><V61/><F105/><W113/><G58/><T112/><D6/><U21/><E21/><V49/><F107/><W44/><G44/><T42/><D42/><U60/><E116/><V38/><F38/><W96/><G96/><T72/><D72/><U74/><REACH who="1" step="1"/><E60/><REACH who="1" ten="240,220,327,203" step="2"/><V51/><F61/><W22/><G22/><T93/><D93/><U131/><E131/><V81/><F92/><W87/><G130/><T19/><D112/><U25/><E25/><V37/><F24/><W71/><G113/><T117/><D117/><U119/><E119/><V121/><F26/><W35/><G35/><T95/><D95/><U59/><AGARI ba="0,1" hai="23,27,30,46,50,53,59,63,66,74,78,80,88,89" machi="59" ten="20,5200,0" yaku="1,1,0,1,7,1,54,1,53,0" doraHai="118" doraHaiUra="28" who="1" fromWho="1" sc="240,-13,220,62,327,-26,203,-13" /><INIT seed="3,0,0,1,4,129" ten="227,282,301,190" oya="3" hai0="4,109,122,40,117,116,77,39,62,97,70,118,88" hai1="71,113,83,133,25,34,31,80,74,96,6,105,130" hai2="78,21,12,35,82,50,57,106,69,8,5,20,16" hai3="53,104,38,29,48,59,27,75,36,92,9,60,90"/><W91/><G104/><T93/><D122/><U79/><E113/><V52/><F69/><W85/><G75/><T23/><D109/><U55/><E130/><V37/><F35/><W3/><G3/><T89/><D77/><U51/><E6/><V114/><F37/><W115/><G115/><T11/><D39/><U102/><E83/><V112/><F106/><W108/><G108/><T66/><D40/><U28/><E28/><V47/><F21/><W135/><G9/><T95/><D23/><U1/><E1/><V100/><F57/><W120/><G120/><T22/><D22/><U84/><E133/><V19/><F19/><W110/><G110/><T86/><REACH who="0" step="1"/><D118/><REACH who="0" ten="217,282,301,190" step="2"/><U63/><E74/><V67/><F112/><W26/><G38/><T43/><D43/><U123/><E123/><V65/><F114/><W32/><G36/><T45/><D45/><U126/><E79/><V30/><F30/><W111/><G111/><T99/><D99/><U64/><E31/><V68/><F47/><W54/><G27/><T124/><D124/><U10/><E25/><V73/><F20/><W76/><G76/><T58/><D58/><N who="1" m="33151" /><E126/><V107/><F78/><W98/><G98/><T94/><D94/><U125/><E125/><V46/><F46/><W101/><G101/><T24/><D24/><U121/><E121/><V2/><F100/><W127/><G127/><T18/><D18/><U41/><E41/><V14/><F107/><W49/><G91/><T13/><AGARI ba="0,1" hai="4,11,13,62,66,70,86,88,89,93,95,97,116,117" machi="13" ten="20,5200,0" yaku="1,1,0,1,7,1,54,1,53,0" doraHai="129" doraHaiUra="44" who="0" fromWho="0" sc="217,62,282,-13,301,-13,190,-26" /><INIT seed="4,0,0,5,1,58" ten="279,269,288,164" oya="0" hai0="33,91,18,42,135,121,93,39,5,95,52,105,129" hai1="26,117,86,97,59,76,130,69,28,64,63,125,104" hai2="54,45,83,38,46,60,31,27,6,110,10,102,15" hai3="99,34,81,71,53,4,73,101,77,80,29,124,120"/><T11/><D105/><U106/><E117/><V44/><F110/><W87/><G120/><T7/><D121/><U50/><E125/><V14/><F102/><W61/><G124/><T13/><D135/><U57/><E130/><V24/><F38/><W109/><G109/><T103/><D33/><N who="1" m="20631" /><E106/><V127/><F127/><W41/><G41/><T35/><D35/><U17/><E50/><V111/><F111/><W65/><G4/><T84/><D129/><U51/><E51/><V113/><F113/><W98/><G101/><T123/><D123/><U89/><E17/><V3/><F3/><W119/><G119/><T40/><D103/><N who="1" m="62575" /><E76/><V92/><F31/><W132/><G132/><T133/><D133/><U2/><E2/><V90/><F14/><W116/><G116/><T134/><D134/><U9/><E9/><V8/><F8/><W131/><G131/><T20/><D95/><AGARI ba="0,0" hai="57,59,63,64,69,86,89,95" m="62575,20631" machi="95" ten="30,2000,0" yaku="25,1,52,1" doraHai="58" who="1" fromWho="0" sc="279,-20,269,20,288,0,164,0" /><INIT seed="5,0,0,5,4,19" ten="259,289,288,164" oya="1" hai0="81,63,38,40,35,33,117,18,2,32,56,6,113" hai1="67,77,96,107,49,30,94,10,91,52,134,100,61" hai2="93,60,103,28,13,16,112,89,14,11,80,43,98" hai3="76,66,31,78,82,127,23,108,69,37,58,20,102"/><U79/><E134/><V83/><F112/><W4/><G69/><T22/><D117/><U21/><E10/><V34/><F43/><W64/><G37/><T74/><D113/><U59/><E107/><V44/><F44/><W62/><G108/><T118/><D118/><U9/><E9/><N who="2" m="6191" /><F34/><W101/><G127/><T47/><D2/><U97/><E91/><V128/><F28/><W26/><G4/><T70/><D6/><U105/><E96/><V124/><F124/><W90/><G66/><T51/><D38/><U0/><E105/><V25/><F25/><N who="3" m="16807" /><G90/><T121/><D70/><U88/><E0/><V122/><F128/><W110/><G110/><T39/><D39/><U92/><E92/><N who="2" m="58823" /><F60/><W104/><G104/><T120/><D81/><U5/><E100/><N who="3" m="38506" /><G82/><T130/><D74/><U115/><E115/><V123/><F123/><W125/><G125/><T73/><D73/><U7/><E77/><V135/><F135/><W111/><G111/><T132/><D130/><U29/><E79/><V126/><F126/><W27/><G27/><T68/><D68/><U50/><E30/><AGARI ba="0,0" hai="23,26,30,58,62,64,76,78" m="38506,16807" machi="30" ten="30,3900,0" yaku="8,1,52,2" doraHai="19" who="3" fromWho="1" sc="259,0,289,-39,288,0,164,39" /><INIT seed="6,0,0,1,3,1" ten="259,250,288,203" oya="2" hai0="13,112,88,105,59,129,114,74,38,9,104,16,57" hai1="60,43,121,99,58,134,69,78,18,95,103,135,42" hai2="128,28,24,90,48,120,77,84,65,76,125,44,117" hai3="26,4,2,118,10,83,47,52,108,63,115,82,127"/><V119/><F120/><W80/><G108/><T12/><D38/><U66/><E121/><V96/><F128/><W35/><G118/><T79/><D129/><U87/><E69/><V31/><F125/><W53/><G127/><T72/><D59/><U116/><E116/><V32/><F65/><W73/><G115/><N who="0" m="44075" /><D57/><U113/><E113/><V126/><F126/><W55/><G63/><T64/><D64/><U94/><E18/><V67/><F67/><W51/><REACH who="3" step="1"/><G73/><REACH who="3" ten="259,250,288,193" step="2"/><N who="0" m="28267" /><D79/><U107/><E78/><V22/><F76/><W6/><G6/><N who="0" m="3127" /><D88/><U17/><E60/><V123/><F77/><W110/><G110/><T106/><D106/><U5/><E107/><V91/><F119/><W75/><G75/><T100/><D100/><U122/><E103/><V21/><F117/><W15/><G15/><T40/><D40/><U0/><E43/><V37/><F91/><W36/><G36/><T132/><D132/><U49/><E42/><V14/><F37/><W89/><G89/><T27/><D27/><U54/><E135/><V93/><F24/><W133/><G133/><T85/><D85/><U61/><E134/><V92/><F84/><W20/><G20/><AGARI ba="0,1" hai="13,16,20,104,105" m="3127,28267,44075" machi="20" ten="30,3900,0" yaku="15,1,52,1,54,1" doraHai="1" who="0" fromWho="3" sc="259,49,250,0,288,0,193,-39" /><INIT seed="7,0,0,3,4,35" ten="308,250,288,154" oya="3" hai0="54,36,77,114,25,56,101,5,85,53,22,105,109" hai1="72,49,125,127,81,116,27,96,113,84,23,29,90" hai2="4,42,108,40,73,62,74,132,39,71,6,17,119" hai3="59,78,50,91,0,111,28,82,15,112,94,10,75"/><W37/><G37/><T41/><D109/><U79/><E113/><V32/><F32/><W12/><G112/><T46/><D5/><U89/><E116/><V87/><F108/><W2/><G111/><T95/><D105/><U123/><E123/><V97/><F119/><W20/><G50/><T51/><D77/><U16/><E49/><V14/><F97/><W8/><G59/><T70/><D70/><U18/><E96/><V30/><F30/><W58/><G58/><T88/><D114/><U107/><E107/><V98/><F98/><W24/><G15/><T106/><D106/><U126/><REACH who="1" step="1"/><E90/><REACH who="1" ten="308,240,288,154" step="2"/><V122/><F122/><W76/><G76/><T9/><D36/><U131/><E131/><V26/><F132/><W34/><G34/><T102/><D51/><U66/><E66/><V83/><F74/><W3/><REACH who="3" step="1"/><G12/><REACH who="3" ten="308,240,288,144" step="2"/><T120/><D120/><U19/><E19/><V33/><F17/><W128/><G128/><T64/><D64/><U99/><E99/><AGARI ba="0,2" hai="0,2,3,8,10,20,24,28,75,78,82,91,94,99" machi="99" ten="40,12000,1" yaku="1,1,52,3,53,1" doraHai="35" doraHaiUra="93" who="3" fromWho="1" sc="308,0,240,-120,288,0,144,140" /><INIT seed="7,1,0,1,0,64" ten="308,120,288,284" oya="3" hai0="40,49,113,86,35,20,85,76,92,54,22,62,14" hai1="68,82,18,28,89,106,100,2,4,77,108,115,79" hai2="111,78,112,43,107,87,47,75,37,93,132,114,32" hai3="119,24,133,6,71,44,11,52,83,59,9,96,84"/><W73/><G71/><T134/><D35/><U63/><E108/><V55/><F111/><W88/><G119/><T103/><D113/><N who="2" m="43626" /><F32/><W8/><G73/><T74/><D74/><U5/><E115/><V80/><F107/><W99/><G133/><T104/><D104/><U81/><E28/><V127/><F132/><W3/><G3/><T58/><D134/><U57/><E89/><V124/><F55/><W46/><G24/><T51/><D76/><U101/><E18/><V1/><F1/><W16/><G16/><N who="0" m="10263" /><D22/><U13/><E2/><V7/><F7/><W67/><G67/><T15/><D15/><U26/><E26/><V90/><AGARI ba="1,0" hai="37,43,47,75,78,80,87,90,93,124,127" m="43626" machi="90" ten="30,1100,0" yaku="15,1" doraHai="64" who="2" fromWho="2" sc="308,-4,120,-4,288,14,284,-6" owari="304,40.0,116,-38.0,302,10.0,278,-12.0" /></mjloggm>