<mjloggm ver="2.3"><GO type="169" lobby="0"/><UN n0="%E3%82%A6%E3%83%AB%E3%83%88%E3%83%A9%E7%AB%8B%E7%9B%B4" n1="%68%65%74" n2="%E3%81%B1%E3%83%BC%E3%81%9D%E3%82%93" n3="%E3%81%BE%E3%81%93%E3%81%95%E3%81%A8%76%65%72%32" dan="18,16,16,18" rate="2210.79,2122.53,2146.10,2243.42" sx="M,M,M,M"/><TAIKYOKU oya="0"/><INIT seed="0,0,0,4,0,124" ten="250,250,250,250" oya="0" hai0="21,76,89,92,98,8,26,73,33,15,27,90,123" hai1="4,63,100,83,34,39,78,43,109,40,38,35,32" hai2="85,134,101,42,125,82,2,103,108,17,58,106,119" hai3="62,69,36,59,130,88,65,25,14,86,20,12,41"/><T117/><D117/><U135/><E109/><V46/><F119/><W104/><G104/><T24/><D123/><U116/><E116/><V61/><F125/><W112/><G112/><T11/><D33/><U115/><E135/><V129/><F108/><W87/><G87/><T30/><D73/><U94/><E115/><V122/><F2/><W5/><G36/><T81/><D11/><U66/><E4/><V37/><F134/><W96/><G96/><T13/><D15/><U22/><E22/><V110/><F122/><W93/><G41/><T18/><REACH who="0" step="1"/><D89/><REACH who="0" ten="240,250,250,250" step="2"/><U74/><E32/><V114/><F110/><W0/><G0/><T72/><AGARI ba="0,1" hai="8,13,18,21,24,26,27,30,72,76,81,90,92,98" machi="72" ten="20,7800,0" yaku="1,1,2,1,0,1,7,1,53,0" doraHai="124" doraHaiUra="29" who="0" fromWho="0" sc="240,88,250,-26,250,-26,250,-26" /><INIT seed="0,1,0,5,5,72" ten="328,224,224,224" oya="0" hai0="28,53,40,77,124,78,107,103,80,33,20,27,68" hai1="76,6,64,127,46,86,37,48,75,10,17,22,26" hai2="38,62,54,63,3,19,1,105,45,61,58,8,66" hai3="74,52,81,59,123,109,108,29,94,25,21,84,104"/><T87/><D68/><U110/><E110/><N who="3" m="42602" /><G104/><T134/><D33/><U42/><E127/><V115/><F105/><W34/><G123/><T9/><D124/><U119/><E119/><V49/><F115/><W92/><G74/><T129/><D129/><U125/><E125/><V121/><F121/><W0/><G0/><T101/><D107/><U55/><E64/><V122/><F122/><W43/><G43/><T5/><D40/><U133/><E133/><V14/><F3/><W44/><G44/><T89/><D53/><U93/><E75/><V120/><F120/><W96/><G96/><T32/><D32/><U11/><E6/><V47/><F1/><W117/><G34/><T128/><D128/><U98/><E86/><V70/><REACH who="2" step="1"/><F47/><REACH who="2" ten="328,224,214,224" step="2"/><W31/><G117/><T73/><D134/><U99/><E46/><V57/><F57/><W18/><G31/><T69/><D69/><U79/><E37/><V35/><F35/><W39/><G29/><T91/><D73/><U135/><E135/><V83/><F83/><W130/><G39/><T85/><D103/><U90/><E93/><V88/><F88/><N who="3" m="51215" /><G130/><T100/><D100/><U51/><E90/><V41/><AGARI ba="1,1" hai="8,14,19,38,41,45,49,54,58,61,62,63,66,70" machi="41" ten="30,7900,0" yaku="1,1,0,1,24,2,53,0" doraHai="72" doraHaiUra="16" who="2" fromWho="2" sc="328,-40,224,-21,214,92,224,-21" /><INIT seed="1,0,0,0,4,41" ten="288,203,306,203" oya="1" hai0="25,101,4,8,80,28,52,92,11,117,15,79,90" hai1="83,60,16,123,30,21,100,64,47,130,109,12,111" hai2="62,132,77,6,50,87,99,95,57,115,88,10,112" hai3="9,108,72,31,59,24,51,107,42,97,66,127,3"/><U125/><E123/><V37/><F37/><W53/><G72/><T74/><D117/><U105/><E130/><V131/><F131/><W116/><G108/><N who="1" m="41546" /><E125/><V34/><F34/><W13/><G3/><T49/><D101/><U17/><E83/><N who="2" m="47599" /><F132/><W39/><G127/><T126/><D126/><U122/><E122/><V63/><F50/><W93/><G107/><T45/><D4/><U29/><E100/><V85/><F99/><W65/><G116/><T27/><D15/><N who="1" m="9375" /><E105/><V121/><F121/><W73/><G73/><T56/><D27/><U118/><E47/><V46/><F46/><W114/><G114/><N who="2" m="43561" /><F57/><W69/><G69/><T22/><D56/><N who="1" m="36871" /><E118/><V43/><F43/><W110/><G42/><T103/><D103/><U48/><E48/><V54/><F54/><W40/><G40/><T68/><D68/><U67/><E67/><V113/><F113/><W5/><G39/><T75/><D75/><U129/><E129/><V98/><F63/><W134/><G110/><T91/><D91/><U76/><E76/><V81/><F62/><W84/><G134/><T20/><D20/><AGARI ba="0,0" hai="12,17,20,29,30" m="36871,9375,41546" machi="20" ten="30,5800,0" yaku="14,1,10,1,54,1" doraHai="41" who="1" fromWho="0" sc="288,-58,203,58,306,0,203,0" /><INIT seed="1,1,0,1,1,127" ten="230,261,306,203" oya="1" hai0="97,31,55,25,33,77,32,73,130,26,54,110,34" hai1="100,1,23,128,64,13,121,95,78,36,88,2,30" hai2="29,61,0,22,52,19,71,65,84,74,123,116,107" hai3="9,53,102,43,131,96,11,27,125,28,21,122,16"/><U7/><E121/><V103/><F74/><W6/><G125/><T4/><D110/><U112/><E36/><V101/><F116/><W38/><G122/><T79/><D4/><U48/><E112/><V99/><F123/><W67/><G67/><T81/><D79/><U108/><E100/><V111/><F111/><W58/><G38/><T70/><D70/><U57/><E78/><V8/><F101/><W85/><G43/><T69/><D69/><U124/><E124/><V50/><F29/><W40/><G40/><T12/><D97/><U35/><E35/><V41/><F41/><W94/><G85/><T90/><D90/><U82/><E82/><V92/><F107/><W20/><G6/><T68/><D12/><U93/><E93/><V104/><F104/><W18/><G28/><T109/><D68/><U126/><E126/><V83/><F8/><W115/><G115/><T14/><D14/><U56/><E108/><V45/><F0/><W44/><G44/><T24/><D31/><U72/><E72/><V15/><F84/><W114/><G114/><T118/><D109/><U51/><E13/><V129/><F83/><W59/><G59/><T46/><D118/><U117/><E117/><V120/><F120/><W39/><G39/><T49/><D55/><U132/><E30/><V76/><F76/><W98/><G98/><T60/><D60/><U119/><E119/><V113/><F113/><W75/><G75/><T133/><D133/><U134/><E134/><V86/><F86/><W91/><G102/><T37/><D37/><U3/><E132/><V135/><F135/><RYUUKYOKU ba="1,0" sc="230,15,261,-15,306,15,203,-15" hai0="24,25,26,32,33,34,46,49,54,73,77,81,130" hai2="15,19,22,45,50,52,61,65,71,92,99,103,129" /><INIT seed="2,2,0,3,3,127" ten="245,246,321,188" oya="2" hai0="77,72,104,102,37,90,71,111,88,87,85,92,25" hai1="21,2,53,125,52,18,121,82,81,76,80,109,45" hai2="56,35,57,15,65,84,74,133,43,113,83,115,135" hai3="8,61,38,134,73,19,27,24,69,86,101,107,68"/><V105/><F105/><W6/><G73/><T55/><D71/><U10/><E109/><V70/><F35/><W14/><G38/><T117/><D37/><U47/><E125/><V75/><F43/><W44/><G134/><N who="2" m="51209" /><F15/><W3/><G44/><N who="1" m="16970" /><E2/><V94/><F70/><W95/><G107/><T122/><D55/><N who="1" m="21067" /><E121/><V31/><F31/><W129/><G68/><T54/><D54/><U64/><E64/><V97/><F65/><W17/><G61/><T40/><D40/><U91/><E76/><N who="2" m="46183" /><F57/><W124/><G69/><T130/><D25/><N who="1" m="14519" /><E10/><V20/><F20/><W0/><G124/><T123/><D117/><U118/><E118/><V41/><F56/><W132/><G132/><T4/><D111/><U49/><E49/><V112/><F41/><W32/><G32/><T1/><D1/><U30/><E30/><V119/><F119/><W63/><G63/><T67/><D67/><U89/><AGARI ba="2,0" hai="80,81,82,89,91" m="14519,21067,16970" machi="89" ten="40,2700,0" yaku="8,1,54,1" doraHai="127" who="1" fromWho="1" sc="245,-9,246,33,321,-15,188,-9" /><INIT seed="3,0,0,1,0,83" ten="236,279,306,179" oya="3" hai0="35,62,51,118,56,113,92,6,22,32,111,94,26" hai1="43,37,33,119,89,93,64,52,67,55,79,106,30" hai2="112,132,73,90,75,82,12,5,27,38,121,28,31" hai3="131,127,41,65,86,76,20,61,9,77,44,25,91"/><W78/><G127/><T95/><D118/><U19/><E106/><V114/><F38/><W88/><G9/><T14/><D111/><U122/><E122/><V115/><F132/><W23/><G131/><T42/><D113/><U125/><E125/><V13/><F121/><W116/><G116/><T8/><D42/><U58/><E79/><V50/><F5/><W59/><G91/><T63/><D51/><U1/><E1/><V24/><F50/><W60/><G60/><T130/><D130/><U128/><E128/><V70/><F70/><W108/><G108/><T101/><D101/><U53/><E119/><V96/><F96/><W21/><G44/><T110/><D110/><U16/><E33/><V46/><F46/><W49/><G49/><T120/><D120/><U7/><E30/><V11/><F11/><W40/><REACH who="3" step="1"/><G25/><REACH who="3" ten="236,279,306,169" step="2"/><T126/><D126/><U134/><E37/><V45/><F45/><W85/><G85/><T103/><D63/><U47/><E47/><V72/><F90/><W124/><G124/><T133/><D133/><U84/><E43/><V81/><F27/><W69/><G69/><T117/><D117/><U29/><E58/><V15/><F24/><W34/><G34/><T57/><D57/><U129/><E129/><V4/><F4/><W102/><G102/><T39/><D39/><U123/><E7/><V71/><F71/><W107/><G107/><T0/><D103/><U97/><E123/><V98/><F98/><W36/><G36/><T66/><D0/><U135/><E97/><V48/><F48/><W104/><G104/><T54/><D26/><RYUUKYOKU ba="0,1" sc="236,-15,279,-15,306,15,169,15" hai2="12,13,15,28,31,72,73,75,81,82,112,114,115" hai3="20,21,23,40,41,59,61,65,76,77,78,86,88" /><INIT seed="3,1,1,2,0,43" ten="221,264,321,184" oya="3" hai0="131,19,15,134,104,5,42,69,119,37,28,48,121" hai1="39,80,65,76,18,75,3,87,6,59,86,79,95" hai2="66,11,60,123,113,27,96,40,118,84,106,21,90" hai3="52,109,98,127,120,72,82,9,46,55,13,53,111"/><W105/><G120/><T85/><D121/><U128/><E128/><V10/><F123/><W133/><G127/><T101/><D119/><U23/><E39/><V22/><F118/><W54/><G133/><T32/><D131/><U35/><E35/><V41/><F113/><W1/><G1/><T26/><D134/><U34/><E34/><V74/><F74/><W2/><G2/><T88/><D69/><U8/><E79/><V78/><F106/><W108/><G72/><T132/><D132/><U92/><E75/><V135/><F135/><W93/><G82/><T97/><D5/><U30/><E30/><V130/><F130/><W102/><G105/><T24/><D37/><U7/><E7/><V51/><F96/><W64/><G64/><T116/><D116/><U47/><E87/><V70/><F78/><W89/><G102/><T110/><D110/><U25/><E65/><V0/><F0/><W45/><N who="3" m="13312" /><DORA hai="12" /><W112/><G112/><T14/><D26/><U33/><E59/><V83/><F40/><W100/><G100/><T36/><D36/><U17/><E33/><V4/><F4/><AGARI ba="1,1" hai="4,9,13,45,46,89,93,98,108,109,111" m="13312" machi="4" ten="60,12000,1" yaku="14,1,10,1,52,2,54,1" doraHai="43,12" who="3" fromWho="2" sc="221,0,264,0,321,-123,184,133" /><INIT seed="3,2,0,0,1,99" ten="221,264,198,317" oya="3" hai0="130,78,124,100,47,101,125,120,21,66,6,7,22" hai1="8,40,65,25,134,84,129,90,41,0,81,26,20" hai2="110,36,53,55,59,27,54,64,86,75,39,119,5" hai3="10,122,12,60,83,131,18,121,82,15,68,33,34"/><W61/><G131/><T108/><D78/><U135/><E129/><V93/><F75/><W17/><REACH who="3" step="1"/><G10/><REACH who="3" ten="221,264,198,307" step="2"/><T62/><D130/><U80/><E8/><V71/><F119/><W56/><G56/><T74/><D120/><U102/><E135/><V87/><F59/><W42/><G42/><T128/><D128/><U16/><E40/><V126/><F71/><AGARI ba="2,1" hai="12,15,17,18,33,34,60,61,68,71,82,83,121,122" machi="71" ten="25,4800,0" yaku="1,1,22,2,53,0" doraHai="99" doraHaiUra="51" who="3" fromWho="2" sc="221,0,264,0,198,-54,307,64" /><INIT seed="3,3,0,1,3,89" ten="221,264,144,371" oya="3" hai0="53,17,8,24,75,91,50,0,2,118,78,4,6" hai1="15,111,93,42,25,14,116,3,96,103,122,128,39" hai2="62,11,110,41,109,73,60,123,106,44,64,130,9" hai3="119,49,63,134,102,85,81,54,61,83,34,112,12"/><W115/><G34/><T19/><D78/><U67/><E3/><N who="0" m="1065" /><D75/><U90/><E122/><V100/><F73/><W86/><G119/><T117/><D91/><U101/><E116/><N who="0" m="44649" /><D53/><U71/><E42/><V105/><F123/><W97/><G12/><N who="0" m="7303" /><D50/><U35/><E39/><V1/><F1/><W108/><G134/><T38/><D38/><U48/><E48/><V68/><F130/><W113/><G49/><T129/><D129/><U5/><E128/><V30/><F62/><W7/><G54/><T21/><AGARI ba="3,0" hai="4,6,19,21,24" m="7303,44649,1065" machi="21" ten="40,2700,0" yaku="34,2" doraHai="89" who="0" fromWho="0" sc="221,36,264,-10,144,-10,371,-16" /><INIT seed="4,0,0,2,3,21" ten="257,254,134,355" oya="0" hai0="45,56,41,38,58,74,10,75,81,20,79,48,72" hai1="71,119,108,126,55,29,109,42,30,33,0,130,91" hai2="53,66,112,62,6,68,121,64,115,86,90,3,124" hai3="77,70,34,51,113,97,105,63,12,8,102,100,57"/><T82/><D10/><U103/><E71/><V76/><F121/><W23/><G34/><T92/><D92/><U37/><E91/><V101/><F101/><W127/><G127/><T132/><D132/><U87/><E87/><V39/><F39/><W88/><G77/><T25/><D82/><U135/><E55/><V14/><F3/><W80/><G113/><T85/><REACH who="0" step="1"/><D38/><REACH who="0" ten="247,254,134,355" step="2"/><U94/><E37/><V47/><F124/><W78/><G8/><T9/><D9/><U13/><E126/><V131/><F115/><W110/><G80/><T60/><D60/><U133/><E94/><V95/><F112/><W118/><G63/><T36/><D36/><U129/><E135/><V11/><F62/><W122/><G122/><T22/><D22/><U73/><E133/><V52/><F68/><W65/><G23/><T27/><D27/><U44/><E130/><V19/><F131/><W99/><G70/><T40/><D40/><U116/><E129/><V96/><F6/><W17/><G105/><T49/><D49/><U18/><E119/><V123/><F123/><W28/><G51/><T4/><D4/><U69/><E116/><V5/><F5/><W114/><G114/><T24/><D24/><U106/><E69/><V50/><F53/><W107/><G107/><T59/><D59/><U117/><E106/><V125/><F125/><W134/><G57/><T61/><D61/><U104/><E104/><V93/><F95/><W128/><G134/><T2/><D2/><U120/><E0/><V46/><F46/><W32/><G118/><T15/><D15/><U54/><E117/><RYUUKYOKU ba="0,1" sc="247,15,254,-15,134,15,355,-15" hai0="20,25,41,45,48,56,58,72,74,75,79,81,85" hai2="11,14,19,47,50,52,64,66,76,86,90,93,96" /><INIT seed="4,1,1,0,1,17" ten="262,239,149,340" oya="0" hai0="25,57,91,112,107,48,27,45,98,106,16,55,132" hai1="34,78,61,85,87,67,86,3,15,84,108,60,63" hai2="44,110,24,32,113,116,103,1,22,58,47,51,37" hai3="77,118,134,80,36,95,53,122,90,2,99,131,56"/><T102/><D132/><U135/><E3/><V21/><F1/><W115/><G36/><T114/><D106/><U28/><E108/><V18/><F110/><W52/><G2/><T126/><D91/><U109/><E109/><V20/><F116/><W121/><G118/><T133/><D133/><U49/><E135/><V64/><F113/><N who="0" m="43626" /><D126/><U66/><N who="1" m="21504" /><DORA hai="71" /><U83/><E34/><V82/><F32/><W50/><G131/><T123/><D123/><U65/><E28/><N who="2" m="17431" /><F37/><W124/><G124/><T35/><D35/><U117/><E117/><V59/><F103/><W69/><G69/><T7/><D7/><U88/><E88/><V13/><F82/><W72/><G134/><T40/><D16/><U8/><E49/><AGARI ba="1,1" hai="25,27,40,45,48,49,55,57,98,102,107" m="43626" machi="49" ten="30,1500,0" yaku="15,1" doraHai="17,71" who="0" fromWho="1" sc="262,28,239,-18,149,0,340,0" /><INIT seed="4,2,0,3,4,46" ten="290,221,149,340" oya="0" hai0="76,83,135,119,107,6,116,44,103,28,134,108,122" hai1="80,77,51,57,66,100,114,104,113,87,98,37,91" hai2="23,117,129,20,56,52,19,7,55,48,47,39,42" hai3="85,24,75,82,9,65,41,29,67,4,36,131,35"/><T97/><D28/><U106/><E37/><V102/><F117/><W12/><G131/><T22/><D22/><U94/><E66/><V25/><F129/><W93/><G75/><N who="0" m="43423" /><D6/><U79/><E57/><V69/><F69/><W74/><G74/><T13/><D13/><U123/><E51/><V118/><F118/><N who="0" m="45098" /><D44/><U63/><E63/><V62/><F102/><W31/><G36/><T120/><D108/><U3/><E3/><V2/><F2/><W40/><G31/><T72/><D72/><N who="1" m="43047" /><E123/><AGARI ba="2,0" hai="97,103,107,120,122,123,134,135" m="45098,43423" machi="123" ten="30,5800,0" yaku="23,1,34,2" doraHai="46" who="0" fromWho="1" sc="290,64,221,-64,149,0,340,0" /><INIT seed="4,3,0,0,5,51" ten="354,157,149,340" oya="0" hai0="54,102,108,56,12,125,112,6,16,121,50,71,116" hai1="88,123,117,13,4,84,91,67,29,45,22,69,31" hai2="118,95,124,104,103,68,99,79,60,23,96,93,113" hai3="62,48,10,33,107,3,43,119,8,27,36,65,100"/><T78/><D121/><U53/><E123/><V101/><F118/><W74/><G74/><T77/><D116/><U81/><E117/><V0/><F0/><W35/><G36/><T39/><D39/><U49/><E69/><V111/><F111/><W75/><G75/><T52/><D71/><U25/><E67/><V32/><F32/><W28/><G35/><T1/><D1/><U134/><E134/><V44/><F124/><W14/><G3/><T122/><D122/><U83/><E31/><V47/><F113/><W70/><G119/><T73/><D73/><U87/><E13/><V55/><F104/><W105/><G105/><T135/><D135/><U20/><REACH who="1" step="1"/><E4/><REACH who="1" ten="354,147,149,340" step="2"/><V131/><F131/><W126/><G14/><T15/><D15/><U42/><E42/><V115/><F115/><W9/><G126/><T66/><D66/><U64/><E64/><V61/><F68/><W11/><G11/><T40/><D40/><U26/><E26/><V114/><F114/><W132/><G132/><T34/><D6/><U7/><E7/><V133/><F133/><W110/><G110/><T80/><D112/><U38/><E38/><V120/><F120/><W5/><G5/><T92/><D125/><U37/><E37/><V18/><F79/><W89/><G43/><T2/><D108/><U129/><E129/><V94/><F55/><W86/><G70/><T17/><D54/><U109/><E109/><V82/><F23/><AGARI ba="3,1" hai="20,22,23,25,29,45,49,53,81,83,84,87,88,91" machi="23" ten="30,12000,2" yaku="1,1,7,1,9,1,8,1,52,1,54,1,53,0" doraHai="51" doraHaiUra="57" who="1" fromWho="2" sc="354,0,147,139,149,-129,340,0" /><INIT seed="5,0,0,0,0,116" ten="354,286,20,340" oya="1" hai0="23,27,34,50,2,15,57,35,3,21,83,13,99" hai1="26,89,16,94,101,56,122,64,18,69,31,70,108" hai2="119,120,42,96,8,67,129,11,128,100,91,1,92" hai3="86,75,45,52,25,28,95,78,126,32,109,46,12"/><U117/><E117/><V98/><F67/><W121/><G75/><T130/><D50/><U43/><E101/><V79/><F119/><W66/><G66/><T44/><D57/><U125/><E125/><V87/><F1/><N who="0" m="10" /><D44/><U19/><E43/><V84/><F42/><W76/><G109/><T22/><D83/><U40/><E40/><V102/><F8/><W37/><G46/><T110/><D99/><U47/><E47/><V29/><F11/><W59/><G45/><T82/><D82/><U63/><E108/><V51/><F51/><W54/><G37/><T132/><D110/><U113/><E113/><V6/><F29/><W48/><G54/><T62/><D62/><U90/><E122/><V115/><F6/><W65/><G121/><T60/><D60/><U123/><E123/><V61/><F61/><W5/><G65/><T133/><D130/><N who="2" m="50282" /><F120/><W85/><G85/><N who="2" m="32841" /><F115/><W20/><G126/><T36/><D36/><U107/><E107/><N who="2" m="63879" /><F79/><W39/><G39/><T55/><D55/><U38/><E38/><V106/><F106/><W33/><G78/><T74/><D35/><U53/><E70/><V71/><F71/><W124/><G124/><T0/><D0/><U73/><E69/><V114/><F114/><W118/><G118/><T9/><D34/><U81/><E64/><V30/><F30/><W104/><G104/><T127/><D127/><U49/><E63/><V131/><N who="2" m="50290" /><V105/><DORA hai="4" /><F105/><W80/><G95/><T103/><D22/><N who="1" m="15831" /><E94/><V135/><F135/><W97/><G97/><T111/><D133/><U14/><E14/><V41/><F102/><RYUUKYOKU ba="0,0" sc="354,-30,286,10,20,10,340,10" hai1="16,18,19,49,53,56,73,81,89,90" hai2="41,91,92,98" hai3="5,12,20,25,28,32,33,48,52,59,76,80,86" /><INIT seed="5,1,0,3,3,125" ten="324,296,30,350" oya="1" hai0="89,98,17,46,26,69,105,76,132,103,128,18,49" hai1="118,31,110,8,114,22,90,55,51,13,101,121,74" hai2="9,104,47,30,67,63,96,59,48,60,97,66,117" hai3="50,112,71,133,120,81,6,19,83,134,123,44,111"/><U11/><E121/><V77/><F117/><W33/><G6/><T82/><D69/><U91/><E118/><V113/><F113/><W79/><G33/><T7/><D132/><U94/><E74/><V2/><F104/><W35/><G35/><T15/><D89/><U3/><E3/><V54/><F77/><W21/><G71/><T53/><D26/><N who="1" m="16855" /><E114/><V20/><F2/><W43/><G111/><T64/><D64/><U102/><E110/><V61/><F9/><N who="1" m="3657" /><E13/><V92/><F96/><W109/><G109/><T84/><D7/><U126/><E126/><V4/><F4/><W131/><G112/><T80/><D15/><U36/><E36/><V39/><F39/><W124/><G124/><T108/><D108/><U25/><E25/><V57/><F57/><W56/><G56/><T127/><D127/><U29/><E29/><V1/><F1/><W75/><G120/><T129/><D82/><U32/><E32/><V135/><F135/><N who="3" m="51723" /><G81/><T0/><REACH who="0" step="1"/><D0/><REACH who="0" ten="314,296,30,350" step="2"/><U72/><E91/><V70/><F70/><W88/><G88/><T27/><D27/><U23/><E90/><N who="2" m="55447" /><F67/><W41/><G123/><T106/><D106/><U38/><E102/><V14/><F30/><W93/><G93/><T68/><D68/><U52/><E94/><V85/><F14/><W58/><G83/><T122/><D122/><U34/><E101/><V99/><F99/><W5/><G5/><T119/><D119/><U40/><E72/><V16/><F66/><W12/><G75/><T45/><D45/><U107/><E107/><V62/><N who="2" m="15360" /><DORA hai="116" /><V42/><F47/><W87/><G44/><RYUUKYOKU ba="1,1" sc="314,30,296,-10,30,-10,350,-10" hai0="17,18,46,49,53,76,80,84,98,103,105,128,129" /><INIT seed="6,2,1,4,5,35" ten="344,286,20,340" oya="2" hai0="87,119,4,44,123,53,67,61,132,49,5,21,58" hai1="37,9,25,124,113,40,60,15,85,105,78,50,81" hai2="89,2,39,90,116,128,0,75,102,26,101,45,7" hai3="66,103,16,54,6,57,20,126,135,96,18,76,134"/><V125/><F75/><W88/><G76/><T83/><D123/><U117/><E37/><V17/><F116/><W115/><G66/><T100/><D132/><N who="3" m="50729" /><G126/><T121/><D121/><U84/><E105/><V131/><F125/><W46/><G46/><T10/><D119/><U99/><E117/><V110/><F7/><W114/><G6/><T3/><D100/><N who="2" m="38506" /><F39/><W73/><G73/><T98/><D98/><U93/><E113/><N who="3" m="43018" /><G88/><N who="2" m="33897" /><F45/><W55/><G20/><T71/><D21/><U13/><E9/><V31/><F17/><N who="3" m="6763" /><G57/><T62/><D5/><U65/><E65/><V80/><F80/><W82/><G82/><T118/><D118/><U86/><E81/><V107/><F107/><AGARI ba="2,1" hai="54,55,96,103,107" m="6763,43018,50729" machi="107" ten="30,7700,0" yaku="20,1,15,1,11,1,54,1" doraHai="35" who="3" fromWho="2" sc="344,0,286,0,20,-83,340,93" owari="344,14.0,286,-11.0,-63,-56.0,433,53.0" /></mjloggm>