<mjloggm ver="2.3"><GO type="169" lobby="0"/><UN n0="%E5%B9%B3%E4%BA%95%E9%8A%80%E4%BA%8C" n1="%E3%82%A2%E3%82%AB%E3%82%AE%EF%BC%A0%E5%B7%9D%E6%9D%91%E8%BB%8D%E5%9B%A3" n2="%E3%82%86%E3%81%84%E3%81%A1%E3%82%83%E3%82%93%E3%81%AE%E3%83%91%E3%83%91" n3="%E3%83%88%E3%83%88%E3%83%AA%E5%85%88%E7%94%9F%31%39%E6%AD%B3" dan="17,18,18,19" rate="2152.66,2207.49,2114.02,2283.15" sx="F,M,M,F"/><TAIKYOKU oya="0"/><INIT seed="0,0,0,3,2,15" ten="250,250,250,250" oya="0" hai0="76,97,90,92,78,98,36,61,95,91,83,16,27" hai1="64,67,63,35,65,126,56,128,42,85,45,133,116" hai2="24,10,39,41,57,96,8,5,18,6,62,4,53" hai3="94,37,47,77,122,19,72,113,80,115,130,26,44"/><T114/><D36/><U110/><E35/><V75/><F75/><W73/><G130/><T3/><D3/><U123/><E123/><V69/><F69/><W46/><G37/><T125/><D114/><U51/><E116/><V100/><F41/><W104/><G104/><T102/><D125/><U30/><E126/><V106/><REACH who="2" step="1"/><F39/><REACH who="2" ten="250,250,240,250" step="2"/><W38/><G73/><T119/><D119/><U88/><E128/><V134/><F134/><W68/><G68/><T66/><D102/><U111/><E133/><V117/><F117/><W112/><G38/><T103/><D103/><U0/><E0/><V34/><F34/><W131/><G72/><T17/><D27/><U108/><REACH who="1" step="1"/><E30/><REACH who="1" ten="250,240,240,250" step="2"/><V21/><AGARI ba="0,2" hai="4,5,6,8,10,18,21,24,53,57,62,96,100,106" machi="21" ten="30,7900,0" yaku="1,1,0,1,52,1,53,1" doraHai="15" doraHaiUra="55" who="2" fromWho="2" sc="250,-39,240,-20,240,99,250,-20" /><INIT seed="1,0,0,5,1,51" ten="211,220,339,230" oya="1" hai0="127,73,68,9,107,131,47,7,78,29,82,125,118" hai1="62,94,46,121,42,16,6,74,17,1,4,35,117" hai2="84,129,18,135,55,40,92,133,3,122,97,32,67" hai3="33,102,98,36,21,114,124,83,100,66,31,59,45"/><U24/><E117/><V80/><F122/><W120/><G120/><T14/><D118/><U34/><E121/><V130/><F32/><W13/><G114/><T88/><D107/><U101/><E74/><V48/><F3/><W128/><G33/><T12/><D68/><U70/><E34/><V115/><F67/><W109/><G109/><T103/><D103/><U20/><E35/><V56/><F40/><W15/><G100/><T93/><D131/><N who="2" m="50186" /><F18/><W69/><G124/><N who="0" m="47691" /><D29/><U23/><E1/><V112/><F92/><W95/><G69/><T39/><D14/><U89/><E101/><V99/><F99/><W72/><G128/><T30/><D30/><U57/><E70/><V126/><F97/><W90/><G31/><T75/><D75/><U110/><E110/><V76/><F126/><W123/><G123/><T8/><D8/><U87/><E46/><V116/><F116/><W52/><G45/><T43/><D93/><U63/><E42/><V53/><F53/><W71/><G66/><T11/><D11/><U91/><E57/><V96/><F96/><W0/><G71/><T60/><D60/><U119/><E119/><V27/><F27/><W134/><G0/><T65/><D65/><U106/><E106/><V132/><AGARI ba="0,0" hai="48,55,56,76,80,84,112,115,132,133,135" m="50186" machi="132" ten="40,5200,0" yaku="20,1,19,1,52,1" doraHai="51" who="2" fromWho="2" sc="211,-13,220,-26,339,52,230,-13" /><INIT seed="2,0,0,1,4,51" ten="198,194,391,217" oya="2" hai0="69,46,79,113,58,104,59,42,2,90,22,132,52" hai1="75,130,71,118,135,14,25,62,68,61,10,30,70" hai2="105,31,129,74,24,106,93,133,91,65,99,1,121" hai3="47,36,126,7,4,23,96,117,120,49,33,89,17"/><V29/><F121/><W83/><G120/><T116/><D69/><U94/><E118/><V97/><F1/><W48/><G117/><T123/><D123/><U21/><E75/><V28/><F74/><W131/><G33/><T122/><D122/><U40/><E135/><V38/><F38/><W32/><G32/><T110/><D116/><U128/><E40/><V84/><F133/><W111/><G111/><T56/><D132/><U112/><E112/><V127/><F129/><N who="1" m="49769" /><E94/><V92/><F127/><W3/><G131/><T78/><D113/><U64/><E64/><V34/><F65/><W20/><G20/><T80/><D2/><U102/><E102/><V8/><F8/><W66/><G126/><T26/><D104/><U12/><E12/><V63/><F105/><W88/><G3/><T98/><D110/><U76/><E76/><V82/><F106/><W87/><G66/><T134/><D134/><U100/><E100/><V0/><F0/><W19/><G36/><T27/><D42/><U41/><E41/><V109/><F109/><W45/><G83/><T103/><D103/><U55/><E55/><V77/><F63/><W16/><G89/><AGARI ba="0,0" hai="24,28,29,31,34,77,82,84,89,91,92,93,97,99" machi="89" ten="30,2900,0" yaku="7,1,9,1" doraHai="51" who="2" fromWho="3" sc="198,0,194,0,391,29,217,-29" /><INIT seed="2,1,0,3,2,128" ten="198,194,420,188" oya="2" hai0="92,116,109,23,7,129,4,84,17,54,38,75,120" hai1="43,73,66,33,29,65,126,64,127,132,119,41,39" hai2="104,103,45,2,52,6,63,46,62,24,36,102,71" hai3="68,85,58,56,99,112,125,16,134,69,32,135,87"/><V91/><F2/><W48/><G32/><T14/><D120/><U80/><E119/><V25/><F6/><W124/><G99/><T57/><D129/><U13/><E132/><N who="3" m="50730" /><G112/><T53/><D75/><U108/><E108/><V12/><F71/><N who="3" m="27211" /><G16/><T28/><D38/><U79/><E39/><V88/><F36/><W10/><G10/><T11/><D109/><U77/><E33/><V44/><F104/><W42/><G42/><T114/><D114/><U96/><E96/><V83/><F25/><W51/><G51/><T21/><D116/><U5/><E29/><V60/><F24/><W123/><G123/><T86/><D28/><U0/><E43/><V40/><F40/><W1/><G1/><T22/><D22/><U74/><E41/><V111/><F111/><W26/><G26/><T97/><D21/><U37/><E37/><V3/><F3/><W101/><G101/><T110/><D23/><U98/><E0/><V118/><F118/><W49/><G49/><T50/><D110/><U93/><E13/><V15/><F15/><W133/><N who="3" m="50738" /><W122/><DORA hai="117" /><G122/><T90/><D7/><U9/><E9/><V131/><F131/><W107/><G107/><T72/><D4/><U130/><E5/><V61/><F12/><W82/><G87/><T67/><D86/><U35/><E35/><V59/><F102/><W89/><G48/><T19/><D84/><U115/><E130/><V105/><F103/><W31/><G31/><T106/><D106/><U95/><E115/><V47/><N who="2" m="15360" /><DORA hai="70" /><V27/><F105/><W78/><G89/><N who="0" m="55439" /><D14/><U55/><E98/><RYUUKYOKU ba="1,0" sc="198,-10,194,-10,420,-10,188,30" hai3="56,58,78,82,85,124,125" /><INIT seed="3,2,0,1,5,102" ten="188,184,410,218" oya="3" hai0="68,120,126,111,42,29,58,36,59,76,23,55,127" hai1="39,84,90,12,67,89,70,37,93,95,41,83,106" hai2="94,51,65,69,110,17,86,0,48,88,11,114,15" hai3="40,131,44,134,32,104,4,47,5,62,103,105,100"/><W21/><G32/><T60/><D76/><U118/><E118/><V115/><F110/><W49/><G131/><T122/><D23/><U116/><E116/><V53/><F48/><W113/><G113/><T133/><D29/><U61/><E106/><V56/><REACH who="2" step="1"/><F0/><REACH who="2" ten="188,184,400,218" step="2"/><W123/><G49/><T52/><D111/><U33/><E39/><V19/><F19/><W77/><G4/><T9/><D36/><U18/><E37/><V31/><F31/><W64/><G5/><T129/><D129/><U91/><E41/><V96/><F96/><W92/><G62/><AGARI ba="2,1" hai="11,15,17,51,53,56,62,65,69,86,88,94,114,115" machi="62" ten="40,2600,0" yaku="1,1,54,1,53,0" doraHai="102" doraHaiUra="26" who="2" fromWho="3" sc="188,0,184,0,400,42,218,-32" /><INIT seed="4,0,0,5,0,53" ten="188,184,442,186" oya="0" hai0="44,9,119,63,15,23,29,130,21,100,3,78,40" hai1="61,76,114,2,45,47,117,107,35,64,121,120,10" hai2="110,131,4,103,42,52,104,26,70,83,11,89,116" hai3="132,82,101,71,94,98,30,109,37,97,124,57,81"/><T113/><D119/><U8/><E117/><V48/><F70/><W73/><G71/><T59/><D3/><U108/><E108/><V49/><F116/><W16/><G109/><T96/><D113/><U27/><E114/><V111/><F131/><W87/><G37/><T60/><D60/><U126/><E126/><V28/><F103/><W50/><G132/><T133/><D78/><U6/><E10/><V41/><F104/><W118/><G118/><T68/><D68/><N who="1" m="41999" /><E76/><V36/><F36/><W79/><G30/><T24/><D130/><U66/><E47/><V72/><F49/><W88/><G124/><T56/><D63/><U22/><E66/><V134/><F134/><W54/><G98/><T77/><D23/><U33/><E45/><V125/><F125/><W14/><G73/><T75/><D77/><U102/><E22/><N who="2" m="15447" /><F72/><W12/><G12/><T95/><D75/><U7/><E7/><V25/><F110/><W67/><G67/><T43/><D133/><U128/><E128/><V135/><F25/><W123/><G123/><N who="1" m="47178" /><E27/><V129/><F129/><W46/><G46/><T92/><D92/><U105/><E105/><V19/><F111/><W55/><G79/><T58/><D44/><U38/><E38/><V62/><F135/><W127/><G127/><T31/><D31/><U74/><E74/><V122/><F122/><W69/><G69/><T112/><D112/><U0/><E0/><V65/><F65/><W1/><G1/><T32/><D32/><N who="1" m="12363" /><E107/><V99/><F42/><W51/><G94/><T5/><AGARI ba="0,0" hai="5,9,15,21,24,29,40,43,56,58,59,95,96,100" machi="5" ten="30,12000,1" yaku="0,1,8,1,52,3" doraHai="53" who="0" fromWho="0" sc="188,120,184,-40,442,-40,186,-40" /><INIT seed="4,1,0,1,4,31" ten="308,144,402,146" oya="0" hai0="10,115,100,44,32,0,86,61,123,78,125,7,76" hai1="22,18,121,111,57,119,59,24,133,131,45,129,83" hai2="62,126,19,118,27,58,112,93,72,53,60,106,77" hai3="39,117,71,40,114,69,82,98,80,84,12,67,127"/><T56/><D123/><U68/><E121/><V110/><F106/><W63/><G117/><T73/><D73/><U35/><E119/><V92/><F110/><W89/><G114/><T96/><D115/><U47/><E111/><V26/><F118/><W128/><G128/><N who="1" m="49226" /><E68/><V48/><F126/><W65/><G127/><T21/><D125/><U52/><E133/><V70/><F70/><W134/><G134/><T4/><D4/><U103/><E103/><V1/><F1/><W51/><G39/><T50/><D86/><U46/><E83/><V75/><F112/><W30/><G82/><T49/><D49/><N who="1" m="30863" /><E59/><V99/><F58/><W132/><G132/><T25/><D56/><U11/><E11/><V55/><F62/><W109/><G109/><T74/><D10/><U95/><E95/><V23/><F92/><W122/><G122/><T8/><D8/><U16/><E18/><V14/><F60/><W36/><G69/><T33/><D100/><U15/><E35/><V37/><F19/><W42/><G67/><T90/><D33/><U91/><E91/><V120/><F120/><W124/><G124/><T104/><D32/><U135/><E135/><V85/><F23/><W64/><G64/><T3/><D21/><U29/><E29/><V43/><F93/><N who="3" m="56623" /><G30/><T130/><D130/><U9/><E9/><V34/><F34/><W13/><G36/><T6/><D0/><U116/><E116/><V94/><F37/><W54/><G51/><T28/><D50/><U38/><E38/><V5/><F48/><W20/><G20/><N who="0" m="15399" /><D3/><U88/><E88/><V41/><F99/><RYUUKYOKU ba="1,0" sc="308,-10,144,30,402,-10,146,-10" hai1="15,16,22,24,45,46,47" /><INIT seed="5,2,0,2,1,66" ten="298,174,392,136" oya="1" hai0="41,63,112,17,117,73,128,114,49,99,119,85,106" hai1="62,44,78,90,65,39,58,84,97,40,51,131,116" hai2="32,75,133,130,59,29,113,120,81,48,34,22,7" hai3="54,82,92,83,5,88,109,13,68,36,129,121,47"/><U50/><E116/><N who="0" m="44617" /><D17/><U74/><E131/><V80/><F7/><W55/><G109/><T127/><D85/><U16/><E97/><V64/><F130/><W15/><G121/><T18/><D18/><U33/><E33/><V53/><F120/><W111/><G111/><T11/><D11/><U10/><E78/><V56/><F75/><W69/><G129/><T45/><D99/><U30/><E74/><V134/><F22/><W100/><G47/><T77/><D106/><U9/><E30/><V76/><F76/><W118/><G118/><T71/><D77/><U104/><E104/><V132/><F113/><W26/><G36/><T35/><D35/><N who="2" m="13354" /><F29/><W42/><G42/><T94/><D94/><U12/><REACH who="1" step="1"/><E10/><REACH who="1" ten="298,164,392,136" step="2"/><V96/><F96/><W102/><G88/><T28/><D28/><U60/><E60/><AGARI ba="2,1" hai="48,53,56,59,60,64,80,81,132,133,134" m="13354" machi="60" ten="40,1300,0" yaku="20,1" doraHai="66" who="2" fromWho="1" sc="298,0,164,-19,392,29,136,0" /><INIT seed="6,0,0,0,2,76" ten="298,145,421,136" oya="2" hai0="96,44,17,21,124,114,109,19,131,58,34,88,69" hai1="11,106,67,110,126,85,16,95,40,116,31,54,103" hai2="30,78,104,117,51,130,112,101,125,87,0,26,24" hai3="39,32,9,28,91,65,43,122,33,115,42,121,94"/><V56/><F117/><W27/><G33/><T71/><D109/><U4/><E110/><V63/><F0/><W10/><G115/><T79/><D34/><U99/><E116/><V46/><F112/><W59/><G121/><T55/><D114/><U128/><E126/><V66/><F125/><W77/><G122/><T73/><D124/><U38/><E128/><V6/><F6/><W49/><G77/><T93/><D44/><U135/><E135/><V5/><F5/><W3/><G39/><T90/><D90/><U53/><E67/><V7/><F7/><W64/><G3/><T81/><D131/><U102/><E31/><V120/><F120/><W132/><G64/><T74/><D74/><U72/><E72/><V127/><F127/><W89/><G89/><T105/><D105/><U84/><E103/><V45/><F45/><W100/><G100/><T2/><D2/><U41/><E4/><V23/><F130/><W80/><G80/><T50/><REACH who="0" step="1"/><D19/><REACH who="0" ten="288,145,421,136" step="2"/><U68/><E106/><V75/><F75/><W37/><G132/><T20/><D20/><U36/><E36/><V52/><F104/><W15/><G37/><T18/><D18/><U108/><E38/><V118/><F118/><W123/><G123/><T129/><D129/><U113/><E108/><V47/><F101/><W13/><G43/><T1/><D1/><U70/><E41/><V25/><F47/><N who="3" m="25847" /><G10/><T57/><D57/><U111/><E40/><V86/><F78/><W60/><G9/><T107/><D107/><U22/><E113/><V14/><F30/><W12/><G28/><T61/><D61/><RYUUKYOKU ba="0,1" sc="288,15,145,-15,421,15,136,-15" hai0="17,21,50,55,58,69,71,73,79,81,88,93,96" hai2="14,23,24,25,26,46,51,52,56,63,66,86,87" /><INIT seed="6,1,1,3,2,26" ten="303,130,436,121" oya="2" hai0="103,62,52,92,95,32,22,117,57,131,68,130,1" hai1="133,33,122,98,37,124,61,16,25,53,90,27,11" hai2="67,79,51,109,40,24,28,104,111,46,88,100,132" hai3="99,34,17,42,6,115,19,75,134,105,73,30,9"/><V82/><F132/><W38/><G19/><T81/><D32/><U63/><E37/><V125/><F67/><W13/><G134/><T18/><D1/><U50/><E133/><V70/><F70/><W44/><G115/><T108/><D108/><U10/><E124/><V101/><F125/><W7/><G7/><T21/><D117/><U119/><E119/><V47/><F88/><W64/><G64/><T129/><D68/><U39/><E39/><V76/><F76/><W49/><G49/><T78/><D103/><U48/><E48/><V74/><F47/><W65/><G65/><T60/><D60/><N who="1" m="23115" /><E33/><V35/><F104/><W69/><G69/><T72/><REACH who="0" step="1"/><D21/><REACH who="0" ten="293,130,436,121" step="2"/><N who="1" m="13479" /><E122/><V58/><F100/><W112/><G34/><T80/><D80/><U127/><E127/><V2/><F101/><W5/><G112/><T91/><D91/><U102/><E102/><V41/><F2/><W14/><G105/><T94/><D94/><N who="1" m="56663" /><E27/><AGARI ba="1,2" hai="18,22,27,52,57,62,72,78,81,92,95,129,130,131" machi="27" ten="40,5200,0" yaku="1,1,19,1,54,1,53,0" doraHai="26" doraHaiUra="113" who="0" fromWho="1" sc="293,75,130,-55,436,0,121,0" /><INIT seed="7,0,0,0,4,66" ten="368,75,436,121" oya="3" hai0="2,26,89,107,8,61,25,134,67,92,88,18,3" hai1="31,56,32,81,131,47,77,16,38,6,40,39,57" hai2="69,54,73,91,41,123,27,36,94,103,101,115,10" hai3="63,80,46,87,12,104,71,35,7,85,23,83,11"/><W100/><G35/><T59/><D107/><U0/><E131/><V102/><F69/><W21/><G104/><T13/><D134/><U133/><E133/><V37/><F73/><W24/><G100/><T28/><D26/><U97/><E97/><V19/><F41/><W15/><G63/><T65/><D65/><U33/><E39/><V4/><F54/><W42/><G71/><T98/><REACH who="0" step="1"/><D89/><REACH who="0" ten="358,75,436,121" step="2"/><U17/><E33/><AGARI ba="0,1" hai="2,3,8,13,18,25,28,33,59,61,67,88,92,98" machi="33" ten="30,7700,0" yaku="1,1,2,1,7,1,54,1,53,0" doraHai="66" doraHaiUra="109" who="0" fromWho="1" sc="358,87,75,-77,436,0,121,0" owari="445,54.0,-2,-50.0,436,24.0,121,-28.0" /></mjloggm>