<mjloggm ver="2.3"><GO type="169" lobby="0"/><UN n0="%E6%B0%B4%E5%93%89%E3%81%AE%E3%83%AC%E3%82%B8%E3%82%A7%E3%83%B3%E3%83%89" n1="%77%61%77%61%33%30%33%30" n2="%E5%B9%B3%E4%BA%95%E9%8A%80%E4%BA%8C" n3="%E5%B0%B1%E6%B4%BB%E7%94%9F%40%E5%B7%9D%E6%9D%91%E8%BB%8D%E5%9B%A3" dan="16,16,17,17" rate="2095.83,2060.65,2187.76,2205.67" sx="M,M,M,M"/><TAIKYOKU oya="0"/><INIT seed="0,0,0,3,5,118" ten="250,250,250,250" oya="0" hai0="129,20,36,1,43,56,131,114,12,63,120,107,133" hai1="17,16,58,88,93,8,29,9,53,110,96,13,103" hai2="98,24,94,135,130,18,40,127,47,104,112,83,109" hai3="38,0,65,6,77,66,76,115,108,105,64,28,62"/><T101/><D1/><U125/><E110/><V100/><F112/><W42/><G115/><T126/><D114/><U99/><E125/><V78/><F109/><W117/><G117/><T128/><D126/><U80/><E29/><V116/><F116/><W111/><G105/><T84/><D133/><U37/><E37/><V49/><F127/><W71/><G28/><T102/><D120/><U113/><E113/><V55/><F135/><W21/><G21/><T41/><D84/><U60/><E80/><V50/><F130/><W52/><G6/><T31/><D36/><U95/><E9/><V46/><F104/><W59/><G0/><T86/><D86/><U87/><E87/><V73/><F24/><W85/><G85/><T121/><D121/><U11/><E11/><V89/><REACH who="2" step="1"/><F18/><AGARI ba="0,0" hai="8,13,16,17,18,53,58,60,88,93,95,96,99,103" machi="18" ten="30,7700,0" yaku="7,1,8,1,54,2" doraHai="118" who="1" fromWho="2" sc="250,0,250,77,250,-77,250,0" /><INIT seed="1,0,0,1,3,71" ten="250,327,173,250" oya="1" hai0="5,47,70,1,132,50,77,66,110,113,96,84,98" hai1="32,129,16,75,119,94,15,39,43,37,89,131,79" hai2="85,108,125,121,8,46,13,21,90,82,45,112,126" hai3="20,109,80,22,97,99,104,117,115,65,101,14,61"/><U72/><E32/><V7/><F121/><W130/><G115/><T68/><D113/><U34/><E34/><V55/><F112/><W48/><G109/><T107/><D110/><U92/><E43/><V36/><F108/><W62/><G130/><N who="1" m="49674" /><E119/><V3/><F55/><W2/><G2/><T10/><D132/><U78/><E78/><V83/><F83/><W63/><G117/><T11/><D11/><N who="1" m="6271" /><E79/><V81/><F81/><W118/><G118/><T122/><D77/><U120/><E120/><V6/><F6/><W12/><G65/><T76/><D76/><U18/><E18/><V31/><F3/><W42/><G80/><T40/><D40/><U27/><E27/><V100/><F100/><W9/><G14/><T73/><D5/><U64/><E64/><V103/><F103/><W105/><G9/><T88/><D66/><U59/><E59/><V134/><F134/><W29/><G29/><T128/><D68/><U135/><E135/><V114/><F114/><W69/><G69/><T93/><D70/><U38/><E94/><V57/><F57/><W53/><G42/><T52/><D93/><U60/><E60/><V74/><F74/><W4/><G4/><T35/><D73/><U111/><E111/><V33/><F33/><W51/><G12/><T25/><D1/><U106/><E106/><V116/><F116/><W86/><G104/><T54/><D35/><U133/><E133/><V67/><F67/><W123/><G105/><T23/><D107/><U56/><E56/><V91/><F8/><W26/><G123/><T30/><D122/><U127/><E127/><RYUUKYOKU ba="0,0" sc="250,-10,327,30,173,-10,250,-10" hai1="37,38,39,72,75,89,92" /><INIT seed="1,1,0,2,0,69" ten="240,357,163,240" oya="1" hai0="34,53,125,120,4,106,133,38,65,101,108,14,19" hai1="70,84,36,105,54,17,15,32,90,39,68,12,30" hai2="129,5,26,127,3,8,41,48,16,24,40,109,71" hai3="56,96,74,100,88,31,121,124,126,42,102,9,63"/><U20/><E105/><V52/><F71/><W94/><G74/><T97/><D34/><U119/><E119/><V99/><F109/><W130/><G121/><T35/><D35/><U104/><E104/><V11/><F129/><W60/><G130/><T57/><D108/><U67/><E68/><V59/><F127/><N who="3" m="48683" /><G31/><T115/><D115/><U37/><E54/><V81/><F99/><W33/><G33/><T61/><D125/><U28/><E32/><V122/><F122/><W29/><G29/><T82/><D120/><U45/><E45/><V92/><F92/><W117/><G117/><T0/><D133/><U110/><E110/><V23/><F81/><W1/><G42/><T103/><D103/><N who="3" m="39465" /><G56/><T76/><D0/><U75/><E75/><V85/><F85/><W118/><G118/><T95/><D4/><AGARI ba="1,0" hai="1,4,9,60,63,88,94,96" m="39465,48683" machi="4" ten="30,2000,0" yaku="18,1,54,1" doraHai="69" who="3" fromWho="0" sc="240,-23,357,0,163,0,240,23" /><INIT seed="2,0,0,0,4,71" ten="217,357,163,263" oya="2" hai0="99,54,20,111,2,62,63,132,68,134,80,118,85" hai1="75,15,21,88,94,98,125,103,23,81,112,29,39" hai2="28,113,45,18,96,44,41,6,124,93,117,84,130" hai3="48,17,116,131,106,109,92,33,67,36,27,91,37"/><V19/><F117/><W83/><G106/><T119/><D2/><U35/><E125/><V78/><F113/><W123/><G116/><N who="0" m="44587" /><D111/><U26/><E39/><V22/><F124/><W59/><G123/><T128/><D68/><U47/><E47/><V95/><F130/><W108/><G83/><T105/><D128/><U57/><E112/><V3/><F28/><W0/><G0/><T11/><D11/><U12/><E57/><V42/><F6/><W100/><G100/><N who="0" m="62623" /><D20/><U50/><E50/><V107/><F3/><W97/><G131/><T49/><D49/><U65/><E65/><V32/><F32/><W129/><G129/><T53/><D62/><U58/><E58/><V8/><F107/><W102/><G102/><T89/><D63/><U43/><E43/><N who="2" m="16395" /><F8/><W104/><G104/><T7/><D7/><U10/><E15/><N who="2" m="9599" /><F18/><W90/><G17/><T133/><AGARI ba="0,0" hai="53,54,80,85,89,132,133,134" m="62623,44587" machi="133" ten="40,2700,0" yaku="20,1,12,1" doraHai="71" who="0" fromWho="0" sc="217,27,357,-7,163,-13,263,-7" /><INIT seed="3,0,0,4,3,20" ten="244,350,150,256" oya="3" hai0="44,62,61,120,135,64,100,127,121,2,18,37,42" hai1="56,104,72,96,16,34,118,115,93,57,69,48,52" hai2="132,28,107,36,79,108,15,125,128,119,47,109,59" hai3="97,7,105,94,103,110,68,32,123,122,27,102,26"/><W11/><G68/><T10/><D135/><U45/><E69/><V66/><F119/><W24/><G32/><T23/><D127/><U83/><E115/><V134/><F107/><W43/><G110/><N who="2" m="42601" /><F79/><W58/><G43/><T12/><D100/><U6/><E6/><V74/><F74/><W31/><G31/><T49/><D37/><U81/><E104/><V70/><F15/><W14/><G103/><T65/><D65/><U95/><E34/><V1/><F1/><W63/><REACH who="3" step="1"/><G105/><REACH who="3" ten="244,350,150,246" step="2"/><T4/><D62/><U71/><E71/><AGARI ba="0,1" hai="2,4,10,12,18,23,42,44,49,61,64,71,120,121" machi="71" ten="30,1000,0" yaku="7,1" doraHai="20" who="0" fromWho="1" sc="244,20,350,-10,150,0,246,0" /><INIT seed="4,0,0,2,2,25" ten="264,340,150,246" oya="0" hai0="74,90,102,88,33,89,111,124,34,45,63,5,21" hai1="47,16,75,97,37,24,92,82,10,76,86,18,101" hai2="46,100,38,58,56,130,64,94,91,110,135,71,105" hai3="129,30,68,121,80,119,6,117,99,77,116,128,32"/><T39/><D74/><U36/><E18/><V49/><F110/><W96/><G68/><T4/><D111/><U107/><E47/><V44/><F130/><N who="3" m="50283" /><G6/><T51/><D39/><U69/><E69/><V2/><F2/><W60/><G60/><T9/><D124/><U35/><E10/><V26/><F135/><W126/><G126/><T67/><D102/><U113/><E113/><V61/><F38/><W23/><G32/><T72/><D72/><U27/><E27/><V93/><F93/><W78/><G121/><T48/><D21/><N who="1" m="13351" /><E35/><V1/><F1/><W19/><G30/><T14/><D4/><U98/><E98/><N who="3" m="37418" /><G80/><T125/><D125/><U70/><E70/><V79/><F71/><W15/><AGARI ba="0,0" hai="15,19,23,77,78,116,117,119" m="37418,50283" machi="15" ten="40,1500,0" yaku="19,1" doraHai="25" who="3" fromWho="3" sc="264,-7,340,-4,150,-4,246,15" /><INIT seed="5,0,0,1,2,128" ten="257,336,146,261" oya="1" hai0="124,112,108,113,74,64,27,75,9,49,77,78,30" hai1="119,134,84,35,70,43,76,62,104,87,106,57,81" hai2="103,26,122,114,102,73,97,47,131,86,6,107,111" hai3="53,98,82,69,95,20,59,91,126,60,121,42,94"/><U33/><E70/><V132/><F6/><W51/><G126/><T110/><D124/><U61/><E43/><V125/><F26/><W88/><G121/><T68/><D68/><U2/><E2/><V23/><F23/><W127/><G127/><T130/><D64/><U45/><E45/><V39/><F47/><W38/><G82/><T0/><D130/><U55/><E119/><V93/><F39/><W117/><G117/><T83/><D49/><U10/><E10/><V17/><F17/><W8/><G38/><T7/><D78/><U56/><E81/><V14/><F14/><W40/><G8/><T24/><D74/><U18/><E76/><V65/><F65/><W54/><G20/><T1/><D27/><U115/><E18/><V5/><F5/><W89/><G69/><T21/><REACH who="0" step="1"/><D1/><REACH who="0" ten="247,336,146,261" step="2"/><U29/><E35/><V63/><F131/><W96/><G91/><T109/><AGARI ba="0,1" hai="0,7,9,21,24,30,75,77,83,108,109,110,112,113" machi="109" ten="40,5200,0" yaku="1,1,2,1,0,1,53,0" doraHai="128" doraHaiUra="31" who="0" fromWho="0" sc="247,62,336,-26,146,-13,261,-13" /><INIT seed="6,0,0,2,3,28" ten="309,310,133,248" oya="2" hai0="24,105,97,116,120,93,57,96,21,46,129,41,27" hai1="128,12,5,130,15,69,56,88,127,11,113,87,78" hai2="60,16,37,53,31,45,80,63,49,52,119,103,109" hai3="66,1,17,123,77,121,118,115,59,8,111,124,108"/><V89/><F119/><W61/><G118/><T18/><D116/><U64/><E69/><V43/><F109/><W62/><G77/><T75/><D75/><U33/><E33/><V86/><F31/><W84/><G84/><T92/><D105/><U99/><E127/><V22/><F103/><W131/><G124/><T79/><D79/><U47/><E113/><V6/><F6/><W81/><G81/><T32/><D120/><U110/><E110/><V101/><F101/><W91/><G91/><T4/><D4/><U2/><E47/><V34/><F34/><W90/><G90/><T10/><D10/><U133/><E99/><V68/><F68/><W73/><G73/><T98/><D129/><N who="1" m="49771" /><E78/><V50/><F37/><W70/><G115/><T72/><D72/><U3/><E15/><N who="2" m="9503" /><F43/><W23/><G131/><T39/><D27/><U126/><E133/><V36/><F36/><W83/><G83/><T20/><D20/><U100/><E100/><V25/><F25/><W26/><G111/><T51/><D39/><U13/><E13/><V58/><AGARI ba="0,0" hai="45,49,50,52,53,58,60,63,80,86,89" m="9503" machi="58" ten="30,6000,0" yaku="8,1,54,2" doraHai="28" who="2" fromWho="2" sc="309,-20,310,-20,133,60,248,-20" /><INIT seed="6,1,0,4,4,34" ten="289,290,193,228" oya="2" hai0="135,41,65,133,24,45,96,122,86,23,46,6,19" hai1="85,32,73,50,89,52,119,68,54,29,3,94,21" hai2="38,87,59,15,107,78,39,100,55,76,109,70,26" hai3="104,11,30,111,128,88,118,14,97,131,91,102,31"/><V40/><F70/><W95/><G118/><T92/><D122/><U63/><E32/><V18/><F109/><W69/><G69/><T64/><D86/><U44/><E73/><V82/><F26/><W116/><G116/><T115/><D6/><U8/><E119/><V93/><F107/><W101/><G111/><T13/><D24/><N who="1" m="16527" /><E3/><V130/><F130/><N who="3" m="49707" /><G91/><N who="0" m="55327" /><D115/><U121/><E121/><V72/><F40/><W123/><G123/><T28/><D28/><N who="3" m="10793" /><G104/><T98/><D98/><U51/><E8/><V9/><F76/><W84/><G97/><T27/><D27/><U113/><E113/><V43/><F43/><W58/><G58/><T0/><D0/><U22/><E22/><V61/><REACH who="2" step="1"/><F100/><REACH who="2" ten="289,290,183,228" step="2"/><W124/><G124/><T5/><D133/><U106/><E106/><V25/><F25/><W125/><G125/><T56/><D135/><U81/><E68/><V67/><F67/><W126/><G126/><T42/><D65/><U60/><E94/><V1/><F1/><W117/><G117/><T77/><D64/><U114/><E114/><V36/><F36/><W134/><G134/><T90/><D77/><U48/><E54/><V112/><F112/><W132/><G132/><T33/><D42/><U62/><AGARI ba="1,1" hai="44,48,50,51,52,60,62,63,81,85,89" m="16527" machi="62" ten="30,2000,0" yaku="8,1,54,1" doraHai="34" who="1" fromWho="1" sc="289,-6,290,33,183,-11,228,-6" /><INIT seed="7,0,0,5,4,124" ten="283,323,172,222" oya="3" hai0="37,45,91,48,31,33,89,35,44,115,42,26,23" hai1="104,112,3,10,126,36,56,73,78,87,106,72,20" hai2="127,117,80,123,43,29,69,5,79,94,18,76,93" hai3="49,61,120,82,133,59,54,50,27,6,71,85,1"/><W28/><G120/><T41/><REACH who="0" step="1"/><D115/><REACH who="0" ten="273,323,172,222" step="2"/><U84/><E112/><V67/><F123/><W4/><G133/><T118/><D118/><U86/><E126/><V125/><F117/><W134/><G134/><T116/><D116/><U97/><E72/><V129/><F125/><W34/><G1/><T74/><D74/><U57/><E73/><V16/><F127/><W77/><G71/><T21/><D21/><U14/><E20/><V22/><F69/><W98/><G98/><T32/><AGARI ba="0,1" hai="23,26,31,32,33,35,37,41,42,44,45,48,89,91" machi="32" ten="30,4000,0" yaku="21,2,0,1,53,0" doraHai="124" doraHaiUra="95" who="0" fromWho="0" sc="273,50,323,-10,172,-10,222,-20" owari="323,43.0,313,11.0,162,-34.0,202,-20.0" /></mjloggm>