<mjloggm ver="2.3"><GO type="41" lobby="0"/><UN n0="%4C%4F%4C%4F%4B%55%4E" n1="%70%6F%74%61%6F%72%65" n2="%E5%B0%B1%E6%B4%BB%E7%94%9F%40%E5%B7%9D%E6%9D%91%E8%BB%8D%E5%9B%A3" n3="%79%75%69%6B%75%72%61%73" dan="14,15,16,13" rate="1906.30,1951.31,2145.71,1841.12" sx="M,M,M,M"/><TAIKYOKU oya="0"/><INIT seed="0,0,0,3,1,127" ten="250,250,250,250" oya="0" hai0="108,58,62,110,22,51,89,88,128,57,31,34,78" hai1="76,37,4,11,8,52,18,135,29,133,132,124,6" hai2="97,86,46,39,105,94,123,93,26,40,65,44,50" hai3="38,100,13,55,15,95,30,85,84,54,129,101,60"/><T63/><D34/><U61/><E124/><V120/><F105/><W122/><G38/><T56/><D78/><U14/><E37/><V104/><F104/><W23/><G122/><T80/><D51/><U68/><E76/><V77/><F65/><W126/><G126/><T21/><D31/><U70/><E29/><V10/><F26/><W134/><G134/><T71/><D71/><U69/><REACH who="1" step="1"/><E11/><REACH who="1" ten="250,240,250,250" step="2"/><V130/><F10/><W16/><G30/><T48/><D48/><U103/><E103/><V131/><F120/><W67/><G101/><T2/><D2/><U79/><E79/><V42/><F123/><W49/><G100/><T98/><D89/><U33/><E33/><V1/><F1/><W75/><G75/><T125/><D125/><U118/><E118/><V36/><F50/><W73/><G73/><T115/><D115/><U43/><E43/><V111/><F111/><N who="0" m="42538" /><D128/><N who="2" m="49194" /><F97/><W81/><G129/><T114/><D114/><U91/><E91/><V119/><F119/><W83/><G95/><N who="0" m="56679" /><D80/><AGARI ba="0,1" hai="36,39,40,42,44,46,77,80,86,93,94" m="49194" machi="80" ten="30,7700,0" yaku="19,1,52,3" doraHai="127" who="2" fromWho="0" sc="250,-77,240,0,250,87,250,0" /><INIT seed="1,0,0,2,2,86" ten="173,240,337,250" oya="1" hai0="13,16,46,108,96,93,134,19,69,37,130,20,8" hai1="28,29,40,10,114,64,43,104,81,58,78,115,119" hai2="53,39,54,66,85,67,80,77,0,133,14,38,105" hai3="11,12,106,59,122,27,47,84,34,116,6,70,113"/><U132/><E119/><V4/><F0/><W121/><G113/><T126/><D69/><U33/><E104/><V30/><F105/><W82/><G70/><T56/><D108/><U60/><E132/><V125/><F125/><W94/><G106/><T50/><D126/><U124/><E124/><V49/><F133/><W79/><G116/><T92/><D130/><U109/><E109/><V31/><F39/><W21/><G34/><T32/><D32/><U42/><E10/><N who="2" m="4423" /><F38/><W88/><G59/><T36/><D134/><U44/><E44/><N who="2" m="27815" /><F54/><W15/><G15/><T63/><D37/><U129/><E129/><V75/><F75/><W118/><G118/><T76/><D76/><U52/><E64/><AGARI ba="0,0" hai="30,31,64,66,67,77,80,85" m="27815,4423" machi="64" ten="30,1000,0" yaku="8,1" doraHai="86" who="2" fromWho="1" sc="173,0,240,-10,337,10,250,0" /><INIT seed="2,0,0,5,5,79" ten="173,230,347,250" oya="2" hai0="72,111,121,118,116,89,134,86,1,126,11,96,47" hai1="4,112,62,60,53,26,10,30,20,52,131,113,32" hai2="122,108,75,42,68,41,91,44,88,115,5,27,22" hai3="97,54,40,83,125,46,99,94,8,132,105,85,67"/><V50/><F122/><W104/><G67/><T2/><D121/><U71/><E131/><V58/><F68/><W135/><G54/><T24/><D72/><U106/><E106/><N who="3" m="41066" /><G8/><T21/><D111/><U13/><E112/><V107/><F107/><W70/><G70/><T23/><D126/><U14/><E113/><V9/><F115/><W120/><G46/><T55/><D96/><N who="3" m="36937" /><G40/><T129/><D129/><U110/><E110/><V78/><F108/><W39/><G39/><T127/><D127/><U16/><E71/><V63/><F42/><W124/><G120/><T33/><D33/><U6/><E6/><V95/><F9/><W103/><G103/><T117/><D47/><U38/><REACH who="1" step="1"/><E38/><REACH who="1" ten="173,220,347,250" step="2"/><V57/><F5/><W19/><G125/><T65/><D116/><U73/><E73/><V49/><F49/><W82/><G124/><T15/><D117/><U102/><E102/><V123/><F123/><W48/><G48/><T61/><D118/><U93/><E93/><V31/><F95/><W66/><G66/><T35/><D65/><U37/><E37/><V59/><F63/><AGARI ba="0,1" hai="4,10,13,14,16,20,26,30,32,52,53,60,62,63" machi="63" ten="40,5200,0" yaku="1,1,54,2,53,0" doraHai="79" doraHaiUra="80" who="1" fromWho="2" sc="173,0,220,62,347,-52,250,0" /><INIT seed="3,0,0,5,5,1" ten="173,282,295,250" oya="3" hai0="44,23,86,91,131,26,87,95,64,106,125,19,41" hai1="74,66,14,71,123,73,42,129,132,115,69,24,59" hai2="51,50,89,97,29,0,114,47,18,96,126,4,9" hai3="109,75,117,92,57,98,130,127,105,83,28,80,60"/><W70/><G117/><T94/><D106/><U113/><E42/><V100/><F114/><W32/><G127/><T2/><D125/><U120/><E24/><V7/><F126/><W111/><G105/><T119/><D119/><U33/><E33/><V93/><F29/><W82/><G70/><T43/><D2/><U108/><E14/><N who="2" m="7503" /><F0/><W49/><G130/><T103/><D131/><U17/><E17/><V15/><F15/><W133/><G75/><T61/><D103/><U68/><E129/><V21/><F21/><W5/><G49/><N who="2" m="18441" /><F47/><W38/><G38/><T25/><D44/><U76/><E59/><V104/><F104/><W78/><G133/><T13/><D13/><U79/><E69/><V128/><F128/><W72/><G32/><T84/><D26/><U30/><E30/><V27/><F27/><W22/><G28/><T56/><REACH who="0" step="1"/><D95/><REACH who="0" ten="163,282,295,250" step="2"/><U90/><E113/><V85/><F100/><W124/><G124/><T8/><D8/><U6/><E115/><V34/><F34/><W65/><G22/><T121/><D121/><U36/><E120/><V77/><F97/><AGARI ba="0,1" hai="19,23,25,41,43,56,61,64,84,86,87,91,94,97" machi="97" ten="40,2600,0" yaku="1,1,8,1,53,0" doraHai="1" doraHaiUra="101" who="0" fromWho="2" sc="163,36,282,0,295,-26,250,0" /><INIT seed="4,0,0,1,5,125" ten="199,282,269,250" oya="0" hai0="76,113,71,82,59,41,129,29,36,112,116,78,21" hai1="106,47,75,63,121,30,108,14,17,90,92,124,26" hai2="87,22,85,115,122,61,23,86,68,52,18,84,49" hai3="4,69,135,50,45,7,3,40,13,109,11,32,133"/><T96/><D71/><U88/><E106/><V33/><F33/><W118/><G109/><T5/><D116/><U54/><E108/><V132/><F122/><W65/><G118/><T131/><D5/><U51/><E75/><V8/><F132/><W16/><G32/><T117/><D117/><U34/><E124/><V77/><F115/><N who="0" m="44106" /><D96/><U64/><E92/><V27/><F8/><W24/><G24/><N who="0" m="16527" /><D59/><U107/><E107/><V120/><F120/><W46/><G46/><N who="0" m="23847" /><D82/><U103/><E121/><V89/><F23/><W93/><G93/><T15/><D15/><U130/><E103/><V25/><F25/><W9/><REACH who="3" step="1"/><G7/><REACH who="3" ten="199,282,269,240" step="2"/><T31/><D31/><U105/><E34/><V42/><F27/><W74/><G74/><T62/><D62/><AGARI ba="0,1" hai="3,4,9,11,13,16,40,45,50,62,65,69,133,135" machi="62" ten="40,5200,0" yaku="1,1,54,1,53,1" doraHai="125" doraHaiUra="10" who="3" fromWho="0" sc="199,-52,282,0,269,0,240,62" /><INIT seed="5,0,0,1,5,25" ten="147,282,269,302" oya="1" hai0="6,61,102,121,59,124,53,55,91,101,69,122,66" hai1="4,96,32,95,11,47,109,63,30,1,86,18,82" hai2="26,35,5,70,21,112,12,19,29,42,106,17,40" hai3="56,33,116,98,67,9,78,87,52,71,97,88,104"/><U54/><E109/><V0/><F106/><W58/><G71/><T72/><D72/><U103/><E18/><N who="2" m="10439" /><F70/><W28/><G78/><T37/><D37/><U134/><E134/><V14/><F112/><W60/><G9/><T120/><D124/><U20/><E32/><V27/><F42/><W7/><G7/><T62/><D6/><U85/><E82/><V16/><F40/><W15/><G15/><T117/><D117/><U115/><E115/><V100/><F100/><W36/><G36/><T131/><D131/><U13/><E1/><V68/><F68/><W31/><G33/><T50/><REACH who="0" step="1"/><D91/><REACH who="0" ten="137,282,269,302" step="2"/><U123/><E123/><V57/><F0/><W38/><G38/><T92/><D92/><U51/><REACH who="1" step="1"/><E63/><REACH who="1" ten="137,272,269,302" step="2"/><V84/><F5/><W113/><G116/><T99/><D99/><N who="3" m="37897" /><G104/><T119/><D119/><U64/><E64/><V65/><F65/><W44/><G113/><T105/><D105/><U48/><E48/><V41/><F84/><W108/><G108/><T3/><D3/><U111/><E111/><V77/><F77/><W90/><G90/><T83/><D83/><U135/><E135/><V8/><F14/><W110/><G110/><T80/><D80/><U132/><E132/><V45/><F8/><W114/><G114/><T76/><D76/><U129/><E129/><V89/><F89/><W24/><G67/><T10/><D10/><U81/><E81/><V49/><F49/><N who="3" m="28711" /><G60/><T107/><D107/><U39/><E39/><V128/><F128/><W133/><G133/><T130/><D130/><U74/><E74/><V75/><F75/><W22/><G88/><RYUUKYOKU ba="0,2" sc="137,15,272,15,269,-15,302,-15" hai0="50,53,55,59,61,62,66,69,101,102,120,121,122" hai1="4,11,13,20,30,47,51,54,85,86,95,96,103" /><INIT seed="5,1,2,1,1,124" ten="152,287,254,287" oya="1" hai0="133,72,98,59,125,13,130,53,109,28,76,81,55" hai1="2,25,45,49,90,132,3,64,38,0,79,14,107" hai2="84,40,102,42,4,105,118,57,1,8,71,134,66" hai3="10,100,111,31,22,48,62,128,92,86,56,69,39"/><U58/><E107/><V110/><F110/><W97/><G39/><T33/><D109/><U43/><E132/><V119/><F71/><W46/><G69/><T96/><D133/><U80/><E90/><V104/><F134/><W32/><G111/><T63/><D125/><U23/><E14/><V70/><F70/><W95/><G32/><T101/><D13/><U116/><E116/><V27/><F27/><W115/><G128/><T17/><D17/><U67/><E58/><V19/><F19/><W117/><G115/><T26/><D130/><U11/><E49/><V83/><F42/><W88/><G117/><T135/><D135/><U12/><E12/><V52/><F40/><W16/><G10/><T126/><D126/><U75/><REACH who="1" step="1"/><E11/><REACH who="1" ten="152,277,254,287" step="2"/><V60/><F104/><W121/><G121/><T122/><D122/><U113/><E113/><V131/><F131/><W7/><G46/><T6/><D6/><U54/><E54/><V29/><F105/><W36/><G48/><T21/><D33/><U34/><E34/><V68/><F102/><W44/><G36/><T129/><D129/><U93/><E93/><V9/><F9/><W89/><G44/><T91/><D91/><U94/><E94/><V65/><F68/><W5/><G100/><T30/><D101/><U73/><E73/><V108/><F118/><W24/><G31/><AGARI ba="1,3" hai="0,2,3,23,25,31,38,43,45,64,67,75,79,80" machi="31" ten="40,2000,0" yaku="1,1,53,0" doraHai="124" doraHaiUra="123" who="1" fromWho="3" sc="152,0,277,53,254,0,287,-23" /><INIT seed="5,2,0,1,0,29" ten="152,330,254,264" oya="1" hai0="66,16,53,27,1,68,105,84,104,76,91,71,113" hai1="81,96,45,100,23,114,31,88,125,129,44,46,69" hai2="59,117,21,122,34,35,54,40,134,101,89,36,39" hai3="92,99,67,90,17,28,103,119,55,109,41,94,56"/><U87/><E69/><V8/><F122/><W26/><G109/><T19/><D19/><U97/><E114/><V131/><F117/><W82/><G119/><T63/><D63/><U12/><E125/><V127/><F127/><W14/><G82/><T116/><D116/><U108/><E108/><V9/><F101/><W74/><G74/><T33/><D1/><U98/><E129/><V47/><F39/><W30/><G41/><T106/><D76/><U20/><E100/><V79/><F79/><W121/><G67/><T0/><D0/><U111/><E111/><V93/><F131/><W124/><G124/><T85/><D113/><U62/><E31/><V123/><F123/><W132/><G132/><T72/><D72/><U43/><E43/><V3/><F21/><W126/><G126/><T18/><D53/><U112/><E112/><V120/><F120/><W110/><G110/><T135/><D135/><U107/><E107/><V32/><F3/><W22/><G121/><T70/><D66/><U7/><E62/><V4/><F4/><W5/><G5/><T51/><D51/><U48/><E48/><V13/><F13/><W80/><G80/><T95/><REACH who="0" step="1"/><D85/><REACH who="0" ten="142,330,254,264" step="2"/><U10/><AGARI ba="2,1" hai="7,10,12,20,23,44,45,46,81,87,88,96,97,98" machi="10" ten="40,7800,0" yaku="0,1,8,1,54,1" doraHai="29" who="1" fromWho="1" sc="142,-28,330,94,254,-28,264,-28" /><INIT seed="5,3,0,0,5,15" ten="114,424,226,236" oya="1" hai0="135,97,75,16,34,28,70,33,62,111,102,27,99" hai1="100,130,131,79,123,113,87,19,58,50,32,12,126" hai2="36,25,96,46,89,41,108,134,26,93,112,29,21" hai3="72,44,0,53,129,49,92,101,132,86,10,2,56"/><U1/><E1/><V84/><F108/><W48/><G72/><T117/><D75/><U5/><E113/><V98/><F134/><W124/><G132/><T106/><D111/><U47/><E32/><V121/><F121/><W64/><G129/><T103/><D135/><U6/><E100/><V24/><F112/><W67/><G124/><T60/><D117/><U11/><E126/><V76/><F76/><W4/><G0/><T73/><D73/><U122/><E58/><V30/><REACH who="2" step="1"/><F25/><REACH who="2" ten="114,424,216,236" step="2"/><W37/><G37/><T105/><D70/><U43/><E122/><V69/><F69/><W17/><G67/><T7/><D7/><U20/><E123/><V90/><F90/><W42/><G64/><T128/><D128/><U94/><E130/><V120/><F120/><W14/><G101/><T13/><REACH who="0" step="1"/><D34/><AGARI ba="3,1" hai="21,24,26,29,30,34,36,41,46,84,89,93,96,98" machi="34" ten="30,3900,0" yaku="1,1,7,1,53,1" doraHai="15" doraHaiUra="68" who="2" fromWho="0" sc="114,-48,424,0,216,58,236,0" /><INIT seed="6,0,0,2,3,49" ten="66,424,274,236" oya="2" hai0="14,17,127,24,16,46,12,51,37,43,118,96,107" hai1="61,23,74,15,27,106,10,53,3,78,105,47,36" hai2="5,13,97,81,113,68,50,1,85,72,102,111,91" hai3="109,73,128,54,134,115,126,66,133,122,94,89,22"/><V112/><F68/><W69/><G73/><T55/><D127/><U63/><E3/><V33/><F33/><W76/><G76/><T21/><D118/><U28/><E36/><V34/><F34/><W7/><G7/><T67/><D67/><U79/><E105/><V99/><F72/><W4/><G4/><T40/><D37/><U86/><E106/><V125/><F125/><W83/><G83/><T84/><D24/><U9/><E9/><V93/><F1/><W19/><G122/><T75/><D75/><U45/><E86/><V108/><F5/><W124/><G109/><N who="2" m="42057" /><F13/><W104/><G104/><T71/><D71/><U41/><E74/><V90/><F50/><W31/><G31/><T130/><D130/><U2/><E2/><V98/><F102/><W39/><G39/><T62/><D62/><U11/><E15/><V8/><F8/><W132/><G54/><T121/><D121/><U26/><E41/><V103/><F103/><W32/><G32/><T87/><D107/><U88/><E23/><V64/><F64/><W60/><G115/><AGARI ba="0,0" hai="81,85,90,91,93,97,98,99,112,113,115" m="42057" machi="115" ten="30,11600,0" yaku="15,1,10,1,34,2" doraHai="49" who="2" fromWho="3" sc="66,0,424,0,274,116,236,-116" /><INIT seed="6,1,0,1,0,48" ten="66,424,390,120" oya="2" hai0="110,97,109,44,2,129,10,53,59,73,83,7,12" hai1="79,61,32,4,120,89,23,103,81,64,86,8,85" hai2="46,21,29,98,84,40,119,104,33,107,67,62,131" hai3="106,52,11,42,99,112,90,116,30,94,36,54,55"/><V102/><F119/><W47/><G116/><T78/><D129/><U25/><E32/><V16/><F131/><W100/><G112/><T50/><D97/><U18/><E103/><V37/><F84/><W69/><G69/><T77/><D77/><U133/><E133/><V123/><F123/><W80/><G30/><T105/><D105/><U5/><E8/><V93/><F29/><W1/><G80/><T72/><D72/><U15/><E15/><V66/><F33/><W134/><G134/><T95/><D95/><U35/><E35/><V82/><F82/><W117/><G117/><T113/><D113/><U60/><E120/><V118/><F118/><W125/><G125/><T49/><REACH who="0" step="1"/><D12/><REACH who="0" ten="56,424,390,120" step="2"/><U38/><E79/><V31/><F66/><W6/><REACH who="3" step="1"/><G106/><REACH who="3" ten="56,424,390,110" step="2"/><T75/><D75/><U43/><E81/><V0/><F104/><W45/><G45/><T63/><D63/><U57/><E61/><V96/><F62/><W13/><G13/><T121/><D121/><U58/><E60/><V9/><F107/><W130/><G130/><T41/><AGARI ba="1,2" hai="2,7,10,41,44,49,50,53,59,73,78,83,109,110" machi="41" ten="20,5200,0" yaku="1,1,0,1,7,1,52,1,53,0" doraHai="48" doraHaiUra="128" who="0" fromWho="0" sc="56,75,424,-14,390,-27,110,-14" /><INIT seed="7,0,0,1,5,96" ten="131,410,363,96" oya="3" hai0="6,60,80,103,19,135,15,57,104,131,93,48,17" hai1="133,51,2,43,0,65,59,66,34,114,111,40,21" hai2="68,25,105,70,9,63,50,24,120,112,79,69,27" hai3="52,36,113,5,78,92,37,33,23,12,101,90,14"/><W71/><G71/><T87/><D104/><U53/><E111/><V38/><F38/><W88/><G33/><T58/><D135/><U8/><E34/><V46/><F112/><W123/><G113/><T44/><D131/><U32/><E32/><V47/><F120/><W7/><G123/><T91/><D6/><N who="3" m="2057" /><G37/><T31/><D31/><U18/><E114/><V56/><F105/><W75/><G75/><T134/><D134/><U127/><E127/><V3/><F3/><W72/><G72/><T77/><D103/><U20/><E20/><V86/><F9/><W35/><G35/><T132/><D132/><U122/><E8/><V84/><F79/><W4/><G36/><T62/><D19/><U76/><E76/><V95/><F95/><W54/><G78/><T42/><D77/><U1/><E122/><V85/><REACH who="2" step="1"/><F50/><REACH who="2" ten="131,410,353,96" step="2"/><W94/><G101/><T130/><D93/><N who="3" m="35945" /><G4/><T106/><D106/><U117/><E133/><V41/><F41/><W89/><G23/><T13/><D60/><U129/><E43/><V99/><F99/><W30/><G30/><T82/><D62/><U118/><E40/><V121/><F121/><W67/><G67/><AGARI ba="0,1" hai="24,25,27,46,47,56,63,67,68,69,70,84,85,86" machi="67" ten="50,6400,0" yaku="1,1,29,2,53,0" doraHai="96" doraHaiUra="108" who="2" fromWho="3" sc="131,0,410,0,353,74,96,-64" owari="131,-27.0,410,21.0,427,53.0,32,-47.0" /></mjloggm>