<mjloggm ver="2.3"><GO type="169" lobby="0"/><UN n0="%E3%83%95%E3%82%A7%E3%83%AB%E3%83%8A%E3%83%B3%E3%83%89" n1="%E5%9D%82%E4%B8%8A%E9%97%98%E7%9C%9F" n2="%4B%E3%80%82" n3="%E5%B0%B1%E6%B4%BB%E7%94%9F%40%E5%B7%9D%E6%9D%91%E8%BB%8D%E5%9B%A3" dan="16,16,17,17" rate="2179.10,2127.10,2168.24,2175.93" sx="M,M,M,M"/><TAIKYOKU oya="0"/><INIT seed="0,0,0,5,0,73" ten="250,250,250,250" oya="0" hai0="70,130,83,112,92,113,120,75,99,65,109,114,101" hai1="28,74,77,22,87,115,64,69,29,49,48,105,13" hai2="96,108,1,24,86,10,84,76,38,5,126,54,131" hai3="78,44,4,106,100,37,3,68,50,32,47,51,66"/><T35/><D35/><U53/><E105/><V118/><F38/><W52/><G32/><T26/><D120/><U11/><E115/><V61/><F108/><W71/><G37/><T110/><D70/><U12/><E87/><V20/><F131/><W122/><G122/><T93/><D65/><U128/><E128/><V45/><F126/><W42/><G66/><T15/><D130/><U18/><E49/><V41/><F118/><W23/><G23/><T80/><D15/><U40/><E40/><V124/><F41/><W31/><G31/><T121/><D26/><U132/><E132/><V14/><F1/><W102/><G78/><N who="0" m="44127" /><D121/><U62/><E77/><V63/><F76/><W89/><G89/><T104/><D83/><U55/><E74/><V25/><F25/><W134/><G134/><T107/><D93/><U94/><E94/><V60/><F124/><W135/><G135/><T119/><D119/><U9/><E22/><V79/><F79/><W27/><G27/><T88/><D107/><U91/><E91/><V56/><F96/><AGARI ba="0,0" hai="88,92,96,99,101,104,109,110,112,113,114" m="44127" machi="96" ten="40,12000,1" yaku="34,2,52,1,54,1" doraHai="73" who="0" fromWho="2" sc="250,120,250,0,250,-120,250,0" /><INIT seed="0,1,0,0,4,118" ten="370,250,130,250" oya="0" hai0="11,31,64,50,32,87,75,80,27,53,35,37,29" hai1="89,23,63,106,14,72,45,15,66,113,109,38,41" hai2="126,61,122,58,5,121,112,90,114,4,79,22,46" hai3="93,100,55,7,48,99,95,56,88,3,51,104,91"/><T71/><D37/><U78/><E106/><V107/><F107/><W70/><G70/><T81/><D75/><U101/><E113/><V36/><F79/><W82/><G3/><T17/><D71/><U73/><E101/><V8/><F22/><W131/><G7/><T84/><D64/><U2/><E2/><V54/><F5/><W62/><G131/><T110/><D11/><U83/><E73/><V20/><F20/><W133/><G133/><T10/><D10/><U26/><E89/><V69/><F90/><W117/><G117/><T13/><D110/><U60/><E109/><V98/><F98/><W57/><G82/><T33/><D27/><U132/><E63/><V47/><F126/><W49/><G104/><T129/><D129/><U127/><E127/><V59/><F69/><W103/><REACH who="3" step="1"/><G56/><REACH who="3" ten="370,250,130,240" step="2"/><N who="0" m="32823" /><D81/><U74/><E132/><V68/><F68/><W39/><G39/><T43/><D80/><U19/><E72/><V9/><F4/><W111/><G111/><T128/><D128/><U135/><E135/><V12/><F36/><W115/><G115/><T125/><D125/><U28/><E28/><V130/><F130/><W94/><G94/><T16/><D31/><U76/><E78/><V40/><F112/><W24/><G24/><T52/><D29/><U25/><E26/><V85/><F114/><W134/><G134/><T105/><D105/><U34/><E34/><V65/><F58/><AGARI ba="1,1" hai="14,15,19,23,25,38,41,45,58,60,66,74,76,83" machi="58" ten="30,1000,0" yaku="7,1" doraHai="118" who="1" fromWho="2" sc="370,0,250,23,130,-13,240,0" /><INIT seed="1,0,0,0,2,91" ten="370,273,117,240" oya="1" hai0="89,52,71,30,125,102,18,26,92,108,119,7,67" hai1="34,61,126,42,128,9,68,117,97,116,10,25,122" hai2="133,20,17,79,127,28,12,45,56,21,78,110,23" hai3="134,87,3,101,135,58,65,100,37,29,72,43,114"/><U27/><E122/><V24/><F110/><W99/><G72/><T48/><D119/><U77/><E77/><V107/><F127/><W85/><G3/><T124/><D108/><U33/><E42/><V32/><F133/><W47/><G114/><T83/><D7/><U111/><E61/><V95/><F107/><W123/><G29/><T44/><D102/><U104/><E111/><V53/><F45/><W106/><G101/><T115/><D115/><U0/><E68/><V54/><F54/><W1/><G1/><T63/><D18/><U6/><E97/><V80/><F80/><W84/><G123/><T14/><D14/><U69/><E104/><V129/><F129/><W51/><G65/><T49/><D49/><U73/><E69/><V4/><F4/><W22/><G22/><T103/><D83/><U130/><E73/><V109/><F109/><W36/><G58/><T64/><D64/><U2/><REACH who="1" step="1"/><E6/><REACH who="1" ten="370,263,117,240" step="2"/><V94/><F78/><W121/><G121/><T13/><D125/><AGARI ba="0,1" hai="0,2,9,10,25,27,33,34,116,117,125,126,128,130" machi="125" ten="25,24000,3" yaku="1,1,2,1,22,2,34,3,53,2" doraHai="91" doraHaiUra="31" who="1" fromWho="0" sc="370,-240,263,250,117,0,240,0" /><INIT seed="1,1,0,0,0,135" ten="130,513,117,240" oya="1" hai0="38,44,105,75,129,90,130,82,41,10,42,45,119" hai1="94,0,14,22,8,61,98,96,6,111,32,9,43" hai2="110,89,28,64,81,57,65,35,88,27,84,13,52" hai3="115,20,19,118,123,83,85,26,7,95,54,5,66"/><U80/><E32/><V125/><F110/><W24/><G115/><T46/><D105/><U23/><E43/><V59/><F125/><W116/><G123/><T133/><D10/><U56/><E80/><V106/><F106/><W63/><G95/><T53/><D75/><U60/><E111/><V34/><F34/><W12/><G54/><T71/><D82/><U76/><E76/><V67/><F59/><N who="3" m="37247" /><G26/><T86/><D71/><U16/><E61/><V121/><F121/><W107/><G107/><T69/><D69/><U78/><E78/><V2/><F2/><W101/><G101/><T37/><D119/><N who="3" m="45609" /><G12/><T70/><D53/><U126/><E98/><V132/><F132/><W93/><G93/><N who="0" m="54487" /><D133/><U122/><E126/><V108/><F108/><W36/><G36/><N who="0" m="13931" /><D70/><U102/><REACH who="1" step="1"/><E122/><REACH who="1" ten="130,503,117,240" step="2"/><V112/><F112/><W74/><G74/><T3/><D42/><U114/><E114/><V62/><REACH who="2" step="1"/><F13/><REACH who="2" ten="130,503,107,240" step="2"/><W134/><G134/><T99/><D3/><U49/><E49/><V58/><F58/><W92/><G92/><T48/><D99/><U87/><E87/><V25/><F25/><W73/><G73/><T47/><D47/><U51/><E51/><V1/><F1/><W113/><G113/><T127/><D127/><U33/><E33/><V72/><F72/><W21/><G85/><T117/><D117/><U40/><E40/><V17/><F17/><W18/><G83/><T77/><D48/><U79/><E79/><AGARI ba="1,2" hai="27,28,35,52,57,62,64,65,67,79,81,84,88,89" machi="79" ten="40,5200,0" yaku="1,1,54,2,53,0" doraHai="135" doraHaiUra="109" who="2" fromWho="1" sc="130,0,503,-55,107,75,240,0" /><INIT seed="2,0,0,0,4,21" ten="130,448,182,240" oya="2" hai0="90,62,124,114,83,128,51,74,4,47,25,2,78" hai1="121,18,91,53,6,39,80,120,27,100,14,126,52" hai2="104,119,97,8,45,81,34,63,24,107,55,29,60" hai3="113,56,41,50,23,9,72,132,112,98,127,110,43"/><V71/><F119/><W30/><G110/><T67/><D114/><N who="3" m="44137" /><G72/><T82/><D128/><U123/><E39/><V105/><F8/><W35/><G35/><T36/><D124/><U122/><E126/><V19/><F19/><W44/><G132/><T99/><D99/><U135/><E135/><V11/><F11/><W86/><G127/><T96/><D2/><U129/><E129/><V106/><F81/><W61/><G9/><T133/><D36/><U108/><E108/><V0/><F0/><W66/><G86/><T22/><D4/><U109/><E109/><V3/><F3/><W116/><G98/><T130/><D133/><U7/><E100/><V28/><F28/><W10/><G10/><T73/><D130/><U15/><E91/><V88/><F71/><W70/><G23/><T58/><D96/><U57/><E80/><V59/><F45/><N who="3" m="25903" /><G30/><T103/><D74/><U5/><E120/><V134/><F134/><W37/><G116/><T64/><D73/><U101/><E101/><V75/><F75/><W76/><G76/><T65/><D103/><U54/><E57/><AGARI ba="0,0" hai="37,43,44,56,57,61,66,70" m="25903,44137" machi="57" ten="30,3900,0" yaku="11,1,34,2" doraHai="21" who="3" fromWho="1" sc="130,0,448,-39,182,0,240,39" /><INIT seed="3,0,0,5,0,62" ten="130,409,182,279" oya="3" hai0="134,75,99,8,100,50,125,1,40,87,30,85,46" hai1="121,49,48,115,126,53,112,44,119,38,88,120,81" hai2="39,18,72,101,35,28,36,22,123,127,113,108,57" hai3="78,67,9,17,19,56,118,55,93,131,52,0,128"/><W64/><G118/><T2/><D75/><U4/><E4/><V26/><F113/><N who="1" m="43593" /><E119/><V90/><F108/><W6/><G78/><T96/><D125/><U97/><E126/><V109/><F109/><W5/><G93/><T105/><D134/><U103/><E38/><V10/><F127/><W83/><G83/><T61/><D30/><U43/><E88/><V37/><F123/><W69/><G69/><T132/><D132/><U94/><E81/><V23/><F72/><W91/><G91/><T122/><D122/><U31/><E31/><V34/><F101/><W65/><G6/><T11/><D61/><U116/><E116/><V70/><F70/><W21/><G55/><T98/><D105/><U107/><E94/><V74/><F74/><W110/><G110/><T58/><D100/><U129/><E129/><N who="3" m="49738" /><G21/><T54/><D2/><U63/><E63/><AGARI ba="0,0" hai="0,5,9,17,19,52,56,63,64,65,67" m="49738" machi="63" ten="30,12000,1" yaku="19,1,52,3,54,1" doraHai="62" who="3" fromWho="1" sc="130,0,409,-120,182,0,279,120" /><INIT seed="3,1,0,2,4,72" ten="130,289,182,399" oya="3" hai0="82,74,61,100,70,105,54,44,116,32,45,18,88" hai1="122,26,24,4,93,36,132,39,130,65,8,51,62" hai2="22,106,2,125,64,134,131,40,113,129,11,104,63" hai3="13,133,109,29,67,108,86,114,80,92,71,101,12"/><W43/><G114/><T79/><D116/><U59/><E122/><V128/><F113/><W121/><G121/><T56/><D32/><U91/><E130/><V35/><F125/><W75/><G43/><T102/><D70/><U85/><E132/><V28/><F134/><W30/><G75/><T23/><D88/><U7/><E51/><V117/><F117/><W124/><G124/><T3/><D3/><U10/><E8/><V14/><F40/><W33/><G133/><T25/><REACH who="0" step="1"/><D105/><REACH who="0" ten="120,289,182,399" step="2"/><U118/><E118/><V0/><F35/><W57/><G33/><T38/><D38/><U46/><E36/><V99/><F106/><W126/><G71/><T95/><D95/><U81/><E39/><V41/><F104/><W16/><G92/><T119/><D119/><U97/><E4/><V20/><F2/><W21/><G126/><T90/><D90/><U89/><E46/><AGARI ba="1,1" hai="18,23,25,44,45,46,54,56,61,74,79,82,100,102" machi="46" ten="40,8000,1" yaku="1,1,52,1,53,2" doraHai="72" doraHaiUra="96" who="0" fromWho="1" sc="120,93,289,-83,182,0,399,0" /><INIT seed="4,0,0,4,4,98" ten="213,206,182,399" oya="0" hai0="112,124,73,84,130,28,74,107,17,64,50,82,99" hai1="45,34,83,76,72,71,102,85,69,15,79,30,42" hai2="126,114,120,25,129,61,27,75,68,22,14,44,133" hai3="108,97,77,11,6,135,26,53,127,5,7,92,110"/><T123/><D123/><U20/><E34/><V4/><F75/><W49/><G135/><T32/><D112/><U122/><E122/><V35/><F120/><W2/><G127/><T9/><D124/><U1/><E1/><V65/><F126/><W90/><G77/><T51/><D130/><U38/><E76/><V55/><F129/><W101/><G26/><T3/><D64/><U80/><E80/><V121/><F121/><W88/><G2/><T43/><D74/><U131/><E72/><V52/><F114/><W119/><G119/><T105/><D73/><U118/><E118/><V94/><F133/><W78/><G78/><T18/><D18/><U100/><E131/><V109/><F109/><W8/><G108/><T104/><D43/><U95/><E95/><V31/><F44/><N who="3" m="27815" /><G110/><T125/><D125/><U12/><E12/><V62/><F62/><W54/><G54/><T117/><D117/><U58/><E58/><V67/><F67/><W21/><G21/><T63/><D63/><U13/><E13/><V89/><F14/><W39/><G39/><T47/><D3/><U81/><E81/><V116/><F4/><W36/><G36/><T23/><D32/><U40/><E40/><V57/><F68/><W24/><G24/><T111/><D111/><U86/><E85/><N who="2" m="52527" /><F116/><W60/><G60/><T48/><D107/><U103/><REACH who="1" step="1"/><E30/><REACH who="1" ten="213,196,182,399" step="2"/><N who="2" m="17719" /><F35/><W37/><G6/><T106/><D106/><U113/><E113/><V91/><F91/><N who="3" m="34859" /><G7/><T0/><D105/><U96/><E96/><V70/><F57/><W134/><G134/><T115/><D104/><U33/><E33/><RYUUKYOKU ba="0,1" sc="213,-15,196,15,182,15,399,-15" hai1="15,20,38,42,45,69,71,79,83,86,100,102,103" hai2="27,31,52,55,61,65,70" /><INIT seed="5,1,1,2,3,36" ten="198,211,197,384" oya="1" hai0="27,129,72,120,26,21,62,28,69,128,12,1,119" hai1="84,60,25,116,106,97,5,29,7,103,33,100,37" hai2="41,131,112,122,70,110,34,3,11,109,93,92,23" hai3="8,9,121,54,61,22,42,67,2,14,64,114,57"/><U0/><E116/><V63/><F122/><W40/><G121/><T102/><D120/><U99/><E37/><V13/><F34/><W58/><G2/><T16/><D72/><U94/><E0/><V65/><F131/><N who="0" m="50250" /><D102/><U68/><REACH who="1" step="1"/><E84/><REACH who="1" ten="198,201,197,384" step="2"/><V76/><F3/><W82/><G114/><T89/><D119/><U39/><E39/><V56/><F112/><W88/><G22/><T105/><D21/><U74/><E74/><V111/><F23/><W49/><G8/><T98/><D1/><U59/><E59/><V10/><F56/><W79/><G67/><AGARI ba="1,2" hai="5,7,25,29,33,60,67,68,94,97,99,100,103,106" machi="67" ten="40,7700,0" yaku="1,1,25,2,53,0" doraHai="36" doraHaiUra="38" who="1" fromWho="3" sc="198,0,201,100,197,0,384,-80" /><INIT seed="5,2,0,2,3,105" ten="198,301,197,304" oya="1" hai0="6,107,73,64,88,112,100,28,38,95,48,127,40" hai1="131,84,16,0,87,13,54,93,17,99,115,134,124" hai2="98,90,132,82,76,66,121,89,129,44,37,94,22" hai3="60,47,25,101,72,120,69,58,75,11,70,116,45"/><U63/><E0/><V51/><F121/><W111/><G120/><T126/><D38/><U83/><E115/><V74/><F132/><W102/><G111/><T42/><D112/><U52/><E134/><V135/><F135/><W24/><G11/><T71/><D6/><U8/><E124/><N who="0" m="47657" /><D28/><U123/><E131/><V2/><F129/><W130/><G130/><T108/><D108/><U4/><E123/><V104/><F37/><W125/><G125/><T55/><D107/><U39/><E39/><V119/><F119/><W15/><G15/><T26/><D100/><N who="3" m="38505" /><G58/><N who="0" m="33127" /><D26/><N who="3" m="10345" /><G60/><N who="0" m="40327" /><D73/><N who="3" m="28233" /><G116/><T78/><D78/><N who="1" m="46199" /><E87/><AGARI ba="2,0" hai="40,42,87,88,95" m="40327,33127,47657" machi="87" ten="30,2000,0" yaku="18,1,54,1" doraHai="105" who="0" fromWho="1" sc="198,26,301,-26,197,0,304,0" /><INIT seed="6,0,0,0,2,26" ten="224,275,197,304" oya="2" hai0="57,3,94,55,12,125,89,0,118,72,85,30,112" hai1="100,41,1,79,29,131,119,68,76,20,82,25,97" hai2="37,80,78,129,70,48,74,104,96,127,116,40,98" hai3="24,33,50,66,23,64,103,93,31,11,65,87,21"/><V102/><F116/><W134/><G134/><T56/><D118/><U63/><E1/><V43/><F129/><W120/><G120/><T59/><D72/><U109/><E109/><V107/><F127/><W36/><G36/><T133/><D133/><U2/><E2/><V19/><F70/><W91/><G103/><T52/><D125/><U123/><E123/><V10/><F37/><W8/><G33/><T69/><D69/><U18/><E41/><V95/><F48/><W5/><G5/><T75/><D75/><U77/><E119/><V35/><F35/><W38/><G38/><T16/><D112/><U111/><E111/><V84/><F104/><W13/><G50/><T135/><D135/><U44/><E44/><V101/><REACH who="2" step="1"/><F74/><REACH who="2" ten="224,275,187,304" step="2"/><W67/><N who="3" m="16896" /><DORA hai="54" /><W9/><G23/><T62/><D30/><U47/><E68/><V22/><F22/><W114/><G114/><T121/><D121/><U99/><E29/><V113/><F113/><W117/><G117/><T27/><D27/><U49/><E25/><V105/><F105/><W92/><G13/><AGARI ba="0,1" hai="10,13,19,40,43,78,80,84,95,96,98,101,102,107" machi="13" ten="40,2000,0" yaku="1,1,53,0" doraHai="26,54" doraHaiUra="42,53" who="2" fromWho="3" sc="224,0,275,0,187,30,304,-20" /><INIT seed="6,1,0,2,4,71" ten="224,275,217,284" oya="2" hai0="109,9,60,119,12,3,88,74,47,110,43,103,27" hai1="101,23,97,11,104,41,73,66,2,70,58,14,52" hai2="131,44,35,16,22,5,33,96,39,56,7,54,94" hai3="4,133,125,64,15,26,120,48,115,98,113,57,49"/><V34/><F131/><W21/><G120/><T111/><D3/><U36/><E2/><V55/><F44/><W1/><G1/><T87/><D74/><U19/><E73/><V59/><F39/><W20/><G125/><T93/><D119/><U132/><E132/><V129/><F129/><W122/><G133/><T106/><D27/><U40/><E66/><V8/><F56/><W79/><G79/><T63/><D103/><U86/><E70/><V32/><N who="2" m="8192" /><DORA hai="6" /><V24/><F8/><N who="3" m="4487" /><G98/><T28/><D28/><U126/><E36/><V95/><F55/><W45/><G122/><T84/><D84/><U80/><E23/><V37/><F37/><W83/><G83/><T90/><D90/><U92/><E104/><V72/><F95/><W46/><G21/><T108/><D106/><U67/><E67/><V53/><F53/><N who="3" m="31911" /><G64/><T76/><D76/><N who="1" m="46343" /><E126/><V38/><F38/><W107/><G107/><T123/><D123/><U114/><E114/><N who="3" m="43530" /><G49/><AGARI ba="1,0" hai="11,14,19,40,41,49,52,58,92,97,101" m="46343" machi="49" ten="30,3900,0" yaku="8,1,52,1,54,1" doraHai="71,6" who="1" fromWho="3" sc="224,0,275,42,217,0,284,-42" /><INIT seed="7,0,0,1,3,9" ten="224,317,217,242" oya="3" hai0="64,2,10,101,46,47,33,115,88,36,91,94,57" hai1="53,116,124,83,3,114,55,27,13,79,82,125,66" hai2="135,19,126,78,105,112,28,5,121,108,110,22,100" hai3="43,132,109,75,76,99,122,131,44,65,134,25,31"/><W35/><G122/><T96/><D33/><U106/><E3/><V97/><F112/><W15/><G109/><T51/><D115/><U98/><E66/><V70/><F121/><W93/><G65/><T16/><D36/><U104/><E116/><V118/><F118/><W42/><G131/><T133/><D133/><U123/><E27/><V130/><F130/><W86/><G75/><T80/><D2/><U54/><E13/><V37/><F70/><W71/><G71/><T117/><D117/><U41/><E41/><V103/><F37/><W1/><G1/><T6/><D6/><U26/><E26/><V90/><F78/><W77/><G15/><N who="0" m="7287" /><D80/><U32/><E32/><V119/><F119/><W127/><G127/><T81/><D81/><U63/><E83/><V4/><F28/><W62/><G77/><T45/><D51/><U120/><E82/><V12/><F135/><W67/><G76/><T68/><D68/><U129/><E79/><V30/><F30/><W38/><G132/><T73/><D73/><U89/><E129/><V20/><F126/><W48/><G134/><T85/><D85/><U113/><E106/><V7/><F22/><W56/><G86/><T102/><D101/><N who="2" m="38986" /><F105/><W95/><G99/><T24/><D24/><U59/><E98/><V58/><F58/><W60/><G60/><AGARI ba="0,0" hai="45,46,47,57,60,64,88,91,94,96,102" m="7287" machi="60" ten="30,7700,0" yaku="8,1,52,1,54,2" doraHai="9" who="0" fromWho="3" sc="224,77,317,0,217,0,242,-77" owari="301,10.0,317,41.0,217,-18.0,165,-33.0" /></mjloggm>