<mjloggm ver="2.3"><GO type="225" lobby="0"/><UN n0="%E9%A2%AF%E7%88%BD" n1="%E3%81%AA%E3%82%81%E3%81%93%E9%9B%80%E5%A3%AB" n2="%E5%B0%B1%E6%B4%BB%E7%94%9F%40%E5%B7%9D%E6%9D%91%E8%BB%8D%E5%9B%A3" n3="%E3%83%9B%E3%83%B3%E3%82%A4%E3%83%84%E5%8E%A8" dan="16,16,17,16" rate="2067.51,2107.11,2141.60,2030.16" sx="F,M,M,M"/><TAIKYOKU oya="0"/><INIT seed="0,0,0,3,3,126" ten="250,250,250,250" oya="0" hai0="62,92,93,23,0,73,44,6,15,18,80,39,25" hai1="124,91,41,135,125,111,97,132,57,53,109,94,107" hai2="49,19,78,3,8,104,90,71,11,72,50,20,128" hai3="63,79,66,117,131,64,10,55,51,1,35,85,54"/><T17/><D0/><U87/><E41/><V98/><F71/><W114/><G35/><T123/><D6/><U32/><E57/><V83/><F3/><W45/><G117/><T61/><D73/><U60/><E60/><N who="0" m="23145" /><D39/><U43/><E43/><V37/><F37/><W127/><G131/><T129/><D129/><U56/><E56/><V77/><F77/><W100/><G100/><T119/><D123/><U36/><E53/><V106/><F128/><W13/><G54/><T115/><D115/><U12/><E12/><V95/><F104/><W29/><G1/><T103/><D44/><U40/><E40/><V120/><F120/><W122/><G45/><T121/><D119/><U76/><E32/><V68/><F68/><W42/><G127/><N who="1" m="48714" /><E36/><V2/><F106/><W30/><G42/><T24/><D80/><N who="1" m="47495" /><E107/><V89/><F2/><W14/><G114/><T116/><D24/><U52/><E52/><V21/><F50/><W81/><G55/><T5/><D25/><U48/><E48/><V75/><F49/><W101/><G51/><T34/><D34/><U118/><E118/><V22/><F72/><W96/><G122/><T9/><D121/><U69/><E69/><V58/><F58/><W99/><G66/><T105/><D116/><U74/><E74/><V113/><F113/><W46/><G64/><T38/><D38/><U84/><E97/><N who="2" m="57583" /><F19/><N who="0" m="7178" /><D23/><U130/><E130/><V28/><F28/><W4/><G30/><T88/><D105/><U133/><AGARI ba="0,0" hai="84,91,94,109,111,132,133,135" m="47495,48714" machi="133" ten="40,8000,1" yaku="20,1,18,1,34,2" doraHai="126" who="1" fromWho="1" sc="250,-40,250,80,250,-20,250,-20" /><INIT seed="1,0,0,3,4,59" ten="210,330,230,230" oya="1" hai0="21,126,94,20,125,84,1,88,47,9,28,62,89" hai1="26,60,34,75,32,11,121,35,50,13,55,37,98" hai2="78,85,49,64,48,82,128,0,132,112,68,106,119" hai3="39,122,103,8,27,130,69,30,127,19,14,83,87"/><U80/><E37/><V25/><F119/><W40/><G122/><T109/><D109/><U10/><E121/><V52/><F0/><W74/><G130/><T79/><D79/><U41/><E80/><V70/><F106/><W29/><G127/><N who="0" m="48651" /><D28/><U108/><E75/><V31/><F128/><W2/><G74/><T96/><D47/><U71/><E41/><V56/><F132/><W114/><G103/><T76/><D76/><U53/><E98/><V17/><F112/><W92/><G69/><T58/><D9/><U22/><E10/><V61/><F17/><W18/><G2/><T129/><D1/><U120/><E120/><V113/><F113/><W118/><G118/><T97/><D129/><U7/><E108/><V51/><REACH who="2" step="1"/><F70/><REACH who="2" ten="210,330,220,230" step="2"/><W115/><G19/><T101/><D101/><U12/><E71/><V72/><F72/><W42/><G18/><T111/><D111/><U4/><E4/><V116/><F116/><W93/><G115/><T5/><D5/><U16/><E7/><V131/><F131/><W3/><G3/><T6/><D6/><U135/><E135/><V107/><F107/><W99/><G114/><T46/><D97/><U23/><E11/><V105/><F105/><W36/><G8/><T33/><D96/><U104/><E104/><V65/><F65/><W95/><G99/><T124/><D124/><U117/><E117/><V123/><F123/><W67/><G67/><T73/><D73/><U86/><E12/><V77/><F77/><N who="3" m="46575" /><G14/><T134/><D134/><U57/><E13/><V81/><F81/><W15/><G15/><T110/><D110/><RYUUKYOKU ba="0,1" sc="210,-10,330,-10,220,30,230,-10" hai2="25,31,48,49,51,52,56,61,64,68,78,82,85" /><INIT seed="2,1,1,4,0,48" ten="200,320,250,220" oya="2" hai0="121,55,114,20,125,44,82,74,91,104,24,72,61" hai1="43,27,85,99,116,92,12,70,23,17,34,1,68" hai2="0,86,29,21,88,80,119,69,108,50,109,130,133" hai3="32,40,46,33,16,110,19,5,52,124,4,18,120"/><V87/><F0/><W76/><G120/><T10/><D121/><U100/><E116/><V6/><F119/><W111/><G76/><T7/><D114/><U49/><E1/><V59/><F69/><W117/><G124/><T14/><D104/><U66/><E66/><V54/><F6/><N who="3" m="2667" /><G117/><T106/><D106/><U41/><E41/><V123/><F123/><W103/><G103/><T122/><D125/><U60/><E60/><V2/><F2/><W56/><G46/><T57/><D44/><U97/><E97/><V67/><F130/><W65/><G65/><T84/><REACH who="0" step="1"/><D122/><REACH who="0" ten="190,320,250,220" step="2"/><U63/><E70/><V113/><F113/><W102/><G40/><T134/><D134/><U15/><E68/><V112/><F112/><W128/><G128/><T37/><D37/><U9/><E43/><V129/><F129/><W45/><G45/><T115/><D115/><U22/><E9/><V31/><F133/><W53/><G102/><T39/><D39/><U98/><E100/><V28/><F21/><W51/><G53/><T83/><D83/><U90/><E23/><V71/><F67/><W89/><G89/><T107/><D107/><U42/><E90/><V30/><F71/><W118/><G118/><T38/><D38/><U135/><E135/><V105/><F105/><W62/><G33/><T78/><D78/><U13/><E34/><V47/><F47/><N who="3" m="27775" /><G32/><T126/><D126/><U77/><E42/><V35/><F35/><W58/><G58/><T64/><D64/><U96/><E77/><V75/><F88/><W73/><G73/><T95/><D95/><U101/><E92/><RYUUKYOKU ba="1,2" sc="190,15,320,-15,250,-15,220,15" hai0="7,10,14,20,24,55,57,61,72,74,82,84,91" hai3="16,18,19,56,62,110,111" /><INIT seed="3,2,2,2,0,76" ten="205,305,235,235" oya="3" hai0="9,78,4,97,35,58,2,62,54,72,77,0,107" hai1="51,3,32,16,104,100,83,101,65,91,15,102,63" hai2="134,86,71,49,125,68,69,108,79,133,47,12,20" hai3="127,117,59,40,88,56,29,111,74,21,128,8,37"/><W85/><G117/><T89/><D35/><U38/><E3/><V112/><F108/><W95/><G74/><T116/><D116/><U67/><E38/><V106/><F125/><W93/><G127/><T131/><D131/><U52/><E32/><V6/><F106/><W130/><G8/><T31/><D2/><U121/><E63/><V66/><F112/><W84/><G40/><T48/><D31/><U5/><E5/><V61/><F20/><W64/><G37/><T19/><D72/><U135/><E135/><N who="2" m="51723" /><F86/><W1/><G1/><T53/><D19/><U45/><E121/><V75/><F79/><W25/><G111/><T70/><D70/><U33/><E33/><V118/><F75/><W132/><G132/><T50/><D62/><U17/><E104/><V120/><F120/><W98/><G84/><T13/><D0/><U82/><E91/><V80/><F80/><N who="1" m="30761" /><E17/><V87/><F87/><W60/><G128/><T27/><D27/><U22/><AGARI ba="2,2" hai="15,16,22,45,51,52,65,67,100,101,102" m="30761" machi="22" ten="30,12000,2" yaku="8,1,52,3,54,2" doraHai="76" who="1" fromWho="1" sc="205,-32,305,146,235,-32,235,-62" owari="173,-23.0,451,56.0,203,0.0,173,-33.0" /></mjloggm>