<mjloggm ver="2.3"><GO type="169" lobby="0"/><UN n0="%E5%A4%A9%E7%A5%9E%E4%B9%83%E9%9B%80" n1="%E3%81%94%E3%82%93%E3%81%96%E3%81%B6%E3%82%8D%E3%83%BC" n2="%E5%B0%B1%E6%B4%BB%E7%94%9F%40%E5%B7%9D%E6%9D%91%E8%BB%8D%E5%9B%A3" n3="%E3%81%98%E3%81%BE%E3%81%AE%E3%82%8A" dan="16,17,17,17" rate="2052.75,2195.76,2202.11,2129.53" sx="M,M,M,M"/><TAIKYOKU oya="0"/><INIT seed="0,0,0,4,4,104" ten="250,250,250,250" oya="0" hai0="85,84,98,25,16,63,88,53,52,19,49,68,57" hai1="2,91,27,51,7,29,12,71,126,117,38,32,107" hai2="21,20,87,37,43,77,114,113,73,61,33,79,64" hai3="56,55,103,82,17,132,122,95,39,8,112,67,1"/><T130/><D130/><U111/><E51/><V23/><F33/><W105/><G39/><T86/><D68/><U69/><E91/><V108/><F108/><W94/><G17/><T70/><D70/><U42/><E42/><V45/><F87/><W10/><G1/><T121/><D121/><U101/><E101/><V15/><F15/><W0/><G0/><T74/><D74/><U80/><E80/><V28/><F28/><W24/><G24/><T59/><D25/><U41/><E41/><V58/><REACH who="2" step="1"/><F79/><REACH who="2" ten="250,250,240,250" step="2"/><W48/><G122/><T75/><D75/><U46/><E12/><V72/><F72/><W102/><G112/><T13/><D13/><U4/><E29/><V124/><F124/><W6/><G10/><T65/><D65/><U120/><E2/><V3/><F3/><W83/><G8/><T92/><AGARI ba="0,1" hai="16,19,49,52,53,57,59,63,84,85,86,88,92,98" machi="92" ten="30,12000,1" yaku="0,1,8,1,54,3" doraHai="104" who="0" fromWho="0" sc="250,130,250,-40,240,-40,250,-40" /><INIT seed="0,1,0,5,3,44" ten="380,210,200,210" oya="0" hai0="46,110,101,127,77,37,12,125,118,47,40,79,33" hai1="18,50,98,124,75,35,81,129,54,60,58,22,87" hai2="104,99,34,119,116,45,7,67,13,49,111,63,90" hai3="26,95,93,107,4,83,38,32,48,94,9,115,66"/><T25/><D118/><N who="2" m="45098" /><F34/><W68/><G107/><T1/><D1/><U2/><E2/><V134/><F134/><W120/><G38/><T19/><D101/><U27/><E129/><V122/><F122/><W121/><G83/><T36/><D110/><U5/><E124/><N who="0" m="47689" /><D25/><U89/><E5/><V29/><F29/><W53/><G26/><T0/><D0/><U97/><E35/><V117/><F111/><W112/><G32/><T16/><D33/><U52/><E75/><V51/><F45/><AGARI ba="1,0" hai="18,22,27,45,50,52,54,58,60,81,87,89,97,98" machi="45" ten="30,7700,0" yaku="7,1,8,1,52,1,54,1" doraHai="44" who="1" fromWho="2" sc="380,0,210,80,200,-80,210,0" /><INIT seed="1,0,0,2,1,82" ten="380,290,120,210" oya="1" hai0="85,26,62,99,67,97,56,8,92,95,120,121,122" hai1="75,72,106,110,41,17,131,37,70,76,45,98,134" hai2="108,28,83,123,87,113,43,103,36,2,114,49,20" hai3="65,57,118,79,31,15,22,109,40,91,5,60,32"/><U101/><E17/><V33/><F36/><W96/><G109/><T6/><D26/><U84/><E110/><V89/><F2/><W47/><G32/><T48/><D48/><U88/><E70/><V25/><F123/><W94/><G118/><T81/><D97/><U66/><E66/><V7/><F108/><W1/><G1/><N who="0" m="79" /><D99/><U112/><E112/><V128/><F128/><W125/><G125/><T9/><D9/><U133/><E131/><V58/><F7/><W54/><G79/><AGARI ba="0,0" hai="56,62,67,79,81,85,92,95,120,121,122" m="79" machi="79" ten="30,2000,0" yaku="13,1,52,1" doraHai="82" who="0" fromWho="3" sc="380,20,290,0,120,0,210,-20" /><INIT seed="2,0,0,4,0,64" ten="400,290,120,190" oya="2" hai0="49,55,37,59,21,18,16,57,87,14,48,52,78" hai1="39,68,29,97,104,62,4,88,63,3,132,94,0" hai2="67,117,17,90,121,103,61,116,120,126,30,130,129" hai3="86,32,89,23,112,82,13,119,11,58,12,66,106"/><V7/><F103/><W31/><G119/><N who="2" m="45641" /><F7/><W69/><G112/><T85/><D37/><U135/><E39/><V92/><F17/><W134/><G106/><T41/><D41/><U53/><E104/><V38/><F30/><W105/><G105/><T108/><D108/><U98/><E98/><V80/><F80/><W127/><G127/><T6/><D78/><U113/><E113/><V84/><F38/><W40/><G32/><T10/><REACH who="0" step="1"/><D18/><REACH who="0" ten="390,290,120,190" step="2"/><U124/><E124/><V26/><F126/><W65/><G40/><T73/><D73/><U15/><E135/><V111/><F111/><W122/><G134/><T71/><D71/><U20/><E132/><V44/><F120/><W46/><G69/><T2/><AGARI ba="0,1" hai="2,6,10,14,16,21,48,49,52,55,57,59,85,87" machi="2" ten="20,12000,2" yaku="1,1,0,1,7,1,9,1,54,2,53,0" doraHai="64" doraHaiUra="60" who="0" fromWho="0" sc="390,130,290,-30,120,-60,190,-30" /><INIT seed="3,0,0,5,4,132" ten="520,260,60,160" oya="3" hai0="128,1,123,116,129,13,86,134,127,105,98,14,58" hai1="113,70,67,72,91,31,103,11,30,43,77,89,107" hai2="69,56,0,95,106,38,117,87,125,85,52,97,4" hai3="99,34,131,96,41,53,88,2,42,48,17,65,120"/><W102/><G120/><T122/><D116/><U55/><E43/><V114/><F69/><W90/><G34/><T26/><D1/><U60/><E113/><V83/><F114/><W111/><G2/><T112/><D134/><U76/><E11/><V119/><F106/><W21/><G65/><T18/><D112/><U121/><E121/><V64/><F64/><W10/><G10/><T110/><D58/><U126/><E72/><V50/><F38/><W80/><G131/><T81/><D26/><U63/><E67/><V36/><F36/><W47/><G111/><T59/><D110/><U39/><E39/><V23/><F125/><W3/><G3/><T5/><D127/><U28/><E55/><V6/><F0/><W74/><G99/><T16/><D5/><U135/><E103/><V78/><F87/><N who="3" m="50279" /><G74/><T20/><D123/><U101/><E101/><V133/><F133/><W15/><G102/><T118/><D118/><U12/><E107/><V22/><F117/><W92/><AGARI ba="0,0" hai="15,17,21,41,42,47,48,53,90,92,96" m="50279" machi="92" ten="30,3000,0" yaku="8,1,54,1" doraHai="132" who="3" fromWho="3" sc="520,-10,260,-10,60,-10,160,30" /><INIT seed="3,1,0,0,2,77" ten="510,250,50,190" oya="3" hai0="28,85,47,12,31,69,130,37,73,30,42,90,71" hai1="43,108,11,19,133,118,134,79,3,49,112,26,21" hai2="16,54,51,65,93,89,17,81,92,110,27,88,99" hai3="117,78,97,57,45,135,101,72,124,83,63,104,129"/><W6/><G117/><T62/><D130/><U29/><E112/><V76/><F110/><W44/><G124/><T74/><D12/><U46/><E108/><V111/><F111/><W87/><G129/><T68/><REACH who="0" step="1"/><D62/><REACH who="0" ten="500,250,50,190" step="2"/><U119/><E119/><V84/><F27/><W18/><G135/><T13/><D13/><U35/><E118/><V33/><F33/><W66/><G6/><T115/><D115/><U58/><E35/><V126/><F126/><W125/><G125/><T109/><D109/><U59/><E134/><V60/><F60/><W98/><G18/><T75/><D75/><U102/><E133/><V52/><F65/><W82/><REACH who="3" step="1"/><G98/><REACH who="3" ten="500,250,50,180" step="2"/><T100/><D100/><U15/><E19/><N who="2" m="7243" /><F51/><W80/><G80/><AGARI ba="1,2" hai="28,30,31,37,42,47,68,69,71,73,74,80,85,90" machi="80" ten="50,3200,0" yaku="1,1,52,1,53,0" doraHai="77" doraHaiUra="22" who="0" fromWho="3" sc="500,55,250,0,50,0,180,-35" /><INIT seed="4,0,0,3,3,52" ten="555,250,50,145" oya="0" hai0="10,77,115,67,28,76,84,133,16,18,43,31,1" hai1="128,89,59,60,100,94,116,72,61,131,32,103,123" hai2="14,9,40,134,74,56,57,29,125,79,55,98,90" hai3="39,12,113,86,97,117,109,21,91,45,47,70,135"/><T19/><D43/><U83/><E32/><V36/><F134/><W93/><G109/><T42/><D42/><U73/><E116/><V101/><F125/><W54/><G117/><T69/><D133/><U88/><E61/><V68/><F68/><W111/><G111/><T30/><D115/><U27/><E27/><V81/><F29/><W110/><G110/><T0/><D10/><U75/><E83/><V63/><F90/><N who="1" m="34921" /><E123/><V108/><F108/><W4/><G70/><T99/><D99/><N who="1" m="59511" /><E59/><V58/><F40/><W71/><G71/><T25/><D84/><U87/><E60/><V105/><REACH who="2" step="1"/><F36/><REACH who="2" ten="555,250,40,145" step="2"/><W130/><G39/><T51/><D69/><U13/><E103/><V50/><F50/><N who="3" m="29007" /><G135/><T66/><D51/><U3/><E3/><N who="0" m="1097" /><D25/><U34/><E13/><V82/><F82/><W41/><G12/><T46/><D46/><U62/><E34/><V78/><F78/><AGARI ba="0,1" hai="16,18,19,28,30,31,66,67,76,77,78" m="1097" machi="78" ten="40,7700,0" yaku="28,2,54,1" doraHai="52" who="0" fromWho="2" sc="555,87,250,0,40,-77,145,0" owari="642,74.0,250,5.0,-37,-54.0,145,-25.0" /></mjloggm>