<mjloggm ver="2.3"><GO type="169" lobby="0"/><UN n0="%E6%98%9F%E9%99%8D%E3%82%8B%E8%A1%97" n1="%E3%81%8B%E3%82%8B%E3%81%A1%E3%82%83%E3%82%93" n2="%E3%83%88%E3%83%88%E3%83%AA%E5%85%88%E7%94%9F%31%39%E6%AD%B3" n3="%41%72%63%61%64%65" dan="16,16,18,16" rate="2141.65,2088.65,2210.25,2081.39" sx="F,F,F,M"/><TAIKYOKU oya="0"/><INIT seed="0,0,0,1,3,52" ten="250,250,250,250" oya="0" hai0="33,130,17,15,120,3,53,32,19,63,128,91,85" hai1="83,49,76,12,108,13,122,133,31,129,118,124,40" hai2="7,59,87,25,39,107,121,99,109,11,75,101,0" hai3="56,92,132,6,54,18,110,8,105,73,14,119,36"/><T45/><D3/><U131/><E108/><V43/><F121/><W30/><G119/><T103/><D103/><U82/><E118/><V51/><F75/><W96/><G73/><T106/><D106/><U66/><E122/><V95/><F109/><W65/><G36/><T34/><D120/><U9/><E31/><V112/><F112/><W26/><G132/><T41/><D63/><U116/><E116/><V78/><F39/><W20/><G110/><T16/><D53/><U97/><E133/><V80/><F25/><W22/><G105/><T123/><D123/><U67/><E97/><V38/><F38/><W68/><G68/><T72/><D72/><U28/><E28/><V70/><F70/><W104/><G104/><T111/><D111/><U125/><E49/><V60/><F107/><W126/><G126/><T86/><D15/><U37/><E40/><V35/><F35/><W24/><G65/><T89/><D45/><U117/><E37/><V27/><F27/><W64/><G64/><T10/><D10/><U1/><E117/><V74/><F74/><W71/><G71/><T88/><REACH who="0" step="1"/><D41/><REACH who="0" ten="240,250,250,250" step="2"/><U90/><E1/><V102/><F102/><N who="3" m="60679" /><G54/><T46/><D46/><U48/><E9/><V50/><F43/><W127/><G127/><T94/><D94/><U115/><E124/><V29/><F60/><W42/><G42/><T4/><D4/><U69/><E125/><V84/><F50/><W114/><G114/><T113/><D113/><U79/><E115/><V98/><F101/><W61/><G61/><T81/><D81/><U47/><E69/><V58/><F80/><RYUUKYOKU ba="0,1" sc="240,15,250,-15,250,-15,250,15" hai0="16,17,19,32,33,34,85,86,88,89,91,128,130" hai3="6,8,14,18,20,22,24,26,30,56" /><INIT seed="0,1,1,0,0,8" ten="255,235,235,265" oya="0" hai0="89,51,123,112,56,88,20,33,38,67,76,26,9" hai1="2,98,11,74,124,24,110,31,106,125,105,35,49" hai2="17,1,116,85,60,104,127,5,29,68,69,34,119" hai3="114,23,113,111,100,53,126,50,130,80,25,103,47"/><T44/><D38/><U91/><E110/><V4/><F104/><N who="1" m="40041" /><E91/><V81/><F127/><N who="1" m="48713" /><E98/><V92/><F92/><W82/><G130/><T63/><D33/><U78/><E49/><V21/><F29/><W3/><G3/><T135/><D123/><U66/><E66/><N who="2" m="41031" /><F69/><W22/><G126/><T48/><D112/><U59/><E59/><V121/><F1/><W41/><G111/><T133/><D76/><U65/><E65/><V75/><F34/><W52/><G25/><T99/><D51/><U97/><E97/><V42/><F42/><W122/><G50/><T13/><D99/><U93/><E93/><V107/><F107/><W7/><G41/><N who="0" m="24591" /><D133/><U129/><E129/><V101/><F121/><W28/><G47/><T46/><D135/><U15/><E2/><V57/><F57/><W83/><G122/><T0/><D46/><U70/><E70/><V37/><F37/><W6/><G83/><T117/><D0/><U36/><E36/><V102/><F102/><W84/><G84/><T18/><D117/><N who="2" m="45130" /><F101/><W62/><G62/><T128/><D128/><U58/><E58/><V43/><F85/><W86/><G86/><T95/><D95/><U132/><E132/><V71/><F43/><W90/><G90/><T45/><D45/><U79/><E74/><V10/><F75/><W134/><G134/><T27/><D27/><U55/><E55/><V54/><F54/><W14/><G28/><AGARI ba="1,1" hai="9,13,18,20,26,28,56,63,67,88,89" m="24591" machi="28" ten="30,5800,0" yaku="8,1,52,1,54,1" doraHai="8" who="0" fromWho="3" sc="255,71,235,0,235,0,265,-61" /><INIT seed="0,2,0,3,4,6" ten="326,235,235,204" oya="0" hai0="127,4,119,43,21,13,48,44,109,9,42,56,24" hai1="105,14,77,129,122,22,47,53,106,19,107,86,0" hai2="80,40,11,113,8,67,75,68,108,111,96,72,17" hai3="12,102,10,5,29,90,38,91,52,133,62,60,3"/><T115/><D119/><U2/><E122/><V85/><F113/><W87/><G38/><T125/><D115/><U135/><E135/><V16/><F40/><W25/><G133/><T103/><D109/><N who="2" m="42058" /><F96/><W95/><G102/><T130/><D130/><U89/><E77/><V15/><F67/><W49/><G3/><T81/><D103/><U128/><E2/><V30/><F30/><W69/><G69/><T74/><D43/><U93/><E0/><V76/><F68/><W18/><G5/><T57/><D74/><N who="2" m="28202" /><F17/><W37/><G37/><T97/><D97/><U34/><E34/><V82/><F82/><W99/><G99/><T66/><D81/><U59/><REACH who="1" step="1"/><E47/><REACH who="1" ten="326,225,235,204" step="2"/><V79/><F76/><W50/><G91/><T39/><D39/><U120/><E120/><V64/><F64/><W20/><G50/><AGARI ba="2,1" hai="14,19,22,50,53,59,86,89,93,105,106,107,128,129" machi="50" ten="40,12000,2" yaku="1,1,25,2,53,3" doraHai="6" doraHaiUra="101" who="1" fromWho="3" sc="326,0,225,136,235,0,204,-126" /><INIT seed="1,0,0,1,4,59" ten="326,361,235,78" oya="1" hai0="42,32,94,86,7,106,9,16,52,67,23,73,97" hai1="114,82,25,57,91,6,55,79,133,130,132,131,121" hai2="46,125,96,66,128,68,126,24,58,92,104,49,109" hai3="72,103,21,35,20,127,53,124,110,0,17,113,14"/><U100/><E121/><V4/><F104/><W135/><G72/><T76/><D32/><U18/><E114/><V117/><F117/><W31/><G103/><T50/><D106/><U134/><E100/><V10/><F68/><W102/><G102/><T85/><D73/><N who="1" m="43375" /><E6/><V81/><F109/><W90/><G90/><N who="0" m="55511" /><D42/><U83/><E25/><V3/><F128/><N who="1" m="49193" /><E18/><V62/><F81/><W30/><G53/><T80/><D67/><U38/><E38/><V12/><F3/><W120/><G120/><T129/><D129/><U15/><E15/><V118/><F118/><W5/><G113/><T107/><D107/><U8/><E8/><V116/><F116/><W61/><G110/><T98/><D7/><U71/><E71/><V41/><REACH who="2" step="1"/><F24/><REACH who="2" ten="326,361,225,78" step="2"/><W89/><G0/><T95/><D80/><U64/><E134/><V36/><F36/><W37/><G37/><T70/><D70/><U60/><E133/><V29/><F29/><W63/><G135/><T47/><D76/><U111/><E111/><V11/><F11/><W43/><G30/><T65/><D9/><U93/><E132/><V112/><F112/><W78/><G31/><T28/><D28/><U122/><E83/><V99/><F99/><W27/><G78/><T48/><D98/><N who="1" m="57663" /><E122/><V2/><F2/><W74/><G74/><T13/><D95/><U51/><E64/><V75/><F75/><W45/><G27/><T40/><D65/><U19/><E19/><V44/><F44/><AGARI ba="0,1" hai="13,16,23,40,44,47,48,50,52,85,86" m="55511" machi="44" ten="30,3900,0" yaku="8,1,54,2" doraHai="59" who="0" fromWho="2" sc="326,49,361,0,225,-39,78,0" /><INIT seed="2,0,0,4,4,48" ten="375,361,186,78" oya="2" hai0="57,92,3,102,54,108,97,132,121,35,19,67,99" hai1="33,59,32,116,119,131,68,135,15,21,129,109,14" hai2="53,60,64,106,87,40,17,11,24,50,113,31,65" hai3="101,38,84,115,79,51,63,25,1,103,9,107,114"/><V12/><F113/><N who="3" m="43019" /><G38/><T128/><D121/><U69/><E59/><V55/><F106/><W89/><G79/><T88/><D3/><U117/><E21/><N who="2" m="15759" /><F60/><W93/><G107/><T52/><D35/><N who="1" m="13387" /><E109/><V46/><F87/><W104/><G104/><T7/><D7/><U20/><E20/><V10/><F10/><W130/><G130/><N who="1" m="49674" /><E135/><V81/><F81/><W78/><G78/><T4/><D4/><U127/><E127/><V37/><F37/><W58/><G51/><T122/><D122/><U75/><E75/><V94/><F94/><W62/><G62/><N who="0" m="38351" /><D108/><U71/><AGARI ba="0,0" hai="14,15,68,69,71,116,117,119" m="49674,13387" machi="71" ten="50,6400,0" yaku="28,2,19,1" doraHai="48" who="1" fromWho="1" sc="375,-16,361,64,186,-32,78,-16" /><INIT seed="3,0,0,1,2,86" ten="359,425,154,62" oya="3" hai0="87,43,107,41,99,9,100,53,88,92,122,36,94" hai1="125,5,90,82,16,108,89,73,111,10,115,113,116" hai2="135,13,105,69,31,70,52,91,81,37,35,65,19" hai3="106,54,124,128,93,123,109,101,71,118,63,46,30"/><W58/><G123/><T130/><D122/><U17/><E125/><V6/><F37/><W117/><G106/><T62/><D130/><U85/><E116/><N who="3" m="44650" /><G101/><T66/><D36/><U134/><E73/><V51/><F105/><W96/><G96/><T79/><D79/><U38/><E38/><V119/><F119/><W45/><G93/><T18/><D107/><U84/><E134/><V112/><F135/><W95/><G95/><T57/><D66/><U34/><E34/><V97/><F112/><W0/><G30/><T44/><D44/><N who="3" m="17001" /><G0/><T72/><D72/><U68/><E68/><V20/><F6/><W33/><G33/><T126/><D126/><U47/><E47/><V21/><F35/><W129/><G124/><T67/><D67/><U83/><E5/><V110/><F97/><W80/><G80/><T2/><D2/><U131/><E10/><V74/><F74/><W42/><G42/><T103/><D103/><U15/><E15/><AGARI ba="0,0" hai="9,15,18,41,43,53,57,62,87,88,92,94,99,100" machi="15" ten="40,5200,0" yaku="8,1,52,1,54,1" doraHai="86" who="0" fromWho="1" sc="359,52,425,-52,154,0,62,0" /><INIT seed="4,0,0,3,0,39" ten="411,373,154,62" oya="0" hai0="7,12,117,111,28,41,22,110,122,72,71,108,128" hai1="16,98,118,74,133,109,135,32,24,6,127,63,31" hai2="27,79,132,25,126,18,119,112,20,50,59,49,73" hai3="65,106,77,26,62,100,14,84,116,52,30,80,70"/><T115/><D72/><U85/><E74/><V17/><F112/><W3/><G3/><T91/><D71/><U42/><E109/><V103/><F132/><W129/><G116/><T54/><D122/><U89/><E118/><V4/><F119/><W92/><G129/><T40/><D117/><U43/><E6/><V68/><F68/><W58/><G14/><T121/><D121/><U123/><E123/><V5/><F126/><W76/><G92/><T113/><D128/><U97/><E63/><V96/><F79/><W45/><G45/><T36/><D36/><U15/><E127/><V82/><F82/><W124/><G124/><T120/><D120/><U64/><E64/><V19/><F73/><W1/><G1/><T8/><D54/><U105/><E105/><V87/><F87/><W75/><G75/><T29/><D91/><U78/><E78/><V134/><F134/><N who="1" m="51209" /><E98/><V130/><F130/><W88/><G100/><T90/><D90/><U35/><E97/><V93/><F25/><W125/><G106/><T114/><D22/><N who="1" m="11551" /><E35/><V9/><F59/><W107/><G107/><T33/><D33/><U44/><E44/><V99/><F99/><W48/><REACH who="3" step="1"/><G125/><REACH who="3" ten="411,373,154,52" step="2"/><T57/><D114/><U11/><E11/><V94/><F94/><AGARI ba="0,1" hai="24,31,32,42,43,85,89,94" m="11551,51209" machi="94" ten="30,7700,0" yaku="20,1,52,2,54,1" doraHai="39" who="1" fromWho="2" sc="411,0,373,87,154,-77,52,0" /><INIT seed="5,0,0,1,2,121" ten="411,460,77,52" oya="1" hai0="13,39,124,102,24,75,91,30,44,65,90,33,17" hai1="21,103,40,131,54,47,89,94,12,15,107,125,78" hai2="108,5,18,123,115,74,56,106,82,86,111,32,93" hai3="110,120,109,119,37,80,8,58,77,73,88,117,76"/><U113/><E113/><V55/><F123/><W97/><G37/><T130/><D75/><U20/><E131/><V127/><F32/><W71/><G71/><T133/><D130/><U72/><E125/><V118/><F118/><N who="3" m="45067" /><G120/><T66/><D124/><U34/><E34/><V19/><F106/><W114/><G114/><T60/><D133/><U62/><E103/><V100/><F127/><W38/><G38/><T51/><D39/><U14/><E107/><V92/><F115/><W16/><G76/><T10/><D102/><U22/><E78/><V28/><F74/><W0/><G58/><T25/><D25/><U104/><E72/><V87/><F28/><W31/><G31/><T99/><D99/><U85/><E104/><V79/><F5/><N who="3" m="1063" /><G16/><T52/><REACH who="0" step="1"/><D65/><REACH who="0" ten="401,460,77,52" step="2"/><U81/><E81/><V96/><F93/><AGARI ba="0,1" hai="73,77,80,88,93,97,109,110" m="1063,45067" machi="93" ten="30,7700,0" yaku="12,1,52,2,54,1" doraHai="121" who="3" fromWho="2" sc="401,0,460,0,77,-77,52,87" /><INIT seed="6,0,0,4,0,107" ten="401,460,0,139" oya="2" hai0="57,71,40,13,61,70,50,103,111,38,115,0,58" hai1="85,49,59,14,24,127,25,4,3,90,114,31,17" hai2="51,19,96,43,76,5,48,116,105,44,67,94,55" hai3="131,102,68,86,36,126,119,54,60,29,81,62,8"/><V2/><F116/><W78/><G36/><T52/><D13/><U88/><E114/><V97/><F105/><W93/><G68/><N who="0" m="26155" /><D103/><U132/><E132/><V91/><F2/><W23/><G8/><T33/><D33/><U98/><E127/><V87/><F5/><W16/><G126/><T109/><D0/><U27/><E4/><V64/><F19/><W39/><G39/><T28/><D28/><U32/><E3/><V108/><F108/><N who="0" m="41546" /><D115/><U69/><E69/><V10/><F10/><W6/><G6/><T110/><N who="0" m="41554" /><T128/><DORA hai="7" /><D128/><U73/><E73/><V18/><F18/><W104/><G131/><T9/><D9/><U37/><E37/><V56/><F76/><W122/><G104/><T1/><D1/><U134/><E134/><V77/><F77/><W65/><G29/><T99/><D99/><AGARI ba="0,0" hai="43,44,48,51,55,56,64,67,87,91,94,96,97,99" machi="99" ten="40,2000,0" yaku="8,1" doraHai="107,7" who="2" fromWho="0" sc="401,-20,460,0,0,20,139,0" /><INIT seed="6,1,0,4,2,100" ten="381,460,20,139" oya="2" hai0="87,34,120,44,22,23,112,62,134,91,107,65,43" hai1="8,129,68,14,109,117,15,133,95,17,42,13,47" hai2="5,24,30,78,121,32,27,45,19,93,74,48,16" hai3="76,57,73,106,118,58,60,55,29,103,4,104,122"/><V125/><F121/><W20/><G118/><T97/><D34/><U72/><E109/><V64/><F125/><W50/><G122/><T80/><D120/><U37/><E117/><V94/><F64/><W38/><G38/><T3/><D3/><U33/><E33/><V110/><F110/><W52/><G103/><T69/><D134/><U111/><E111/><V12/><F5/><W119/><G119/><T115/><D97/><U82/><E133/><V75/><F24/><W18/><G29/><T41/><D107/><U61/><E129/><V46/><F46/><W10/><G76/><T77/><D77/><U132/><E95/><V105/><F105/><W63/><G73/><T130/><D130/><U51/><E37/><V116/><F19/><W108/><G108/><T84/><D84/><U0/><E0/><V114/><F114/><N who="0" m="43562" /><D41/><U123/><E123/><V49/><F116/><W92/><G92/><T79/><D79/><U131/><E131/><V2/><F2/><W1/><G50/><AGARI ba="1,0" hai="22,23,43,44,50,62,65,69,80,87,91" m="43562" machi="50" ten="30,1000,0" yaku="15,1" doraHai="100" who="0" fromWho="3" sc="381,13,460,0,20,0,139,-13" /><INIT seed="7,0,0,0,5,91" ten="394,460,20,126" oya="3" hai0="36,24,60,16,9,86,133,47,75,15,112,113,17" hai1="71,41,84,96,18,77,90,87,50,7,111,115,53" hai2="79,8,1,35,23,48,10,63,101,106,58,27,0" hai3="129,109,6,99,67,45,98,13,64,120,81,22,34"/><W74/><G34/><T62/><D75/><U121/><E121/><V2/><F79/><W118/><G45/><T20/><D133/><U128/><E115/><N who="0" m="44105" /><D86/><U30/><E111/><V54/><F106/><W32/><G32/><T102/><D102/><U95/><E71/><V66/><F35/><W55/><G55/><T65/><D65/><U5/><E128/><V59/><F2/><W69/><G22/><T3/><D3/><U127/><E127/><V52/><F1/><W117/><G13/><T76/><D76/><U103/><E41/><AGARI ba="0,0" hai="9,15,16,17,20,24,36,41,47,60,62" m="44105" machi="41" ten="30,3900,0" yaku="15,1,11,1,54,1" doraHai="91" who="0" fromWho="1" sc="394,39,460,-39,20,0,126,0" owari="433,53.0,421,22.0,20,-48.0,126,-27.0" /></mjloggm>