<mjloggm ver="2.3"><GO type="169" lobby="0"/><UN n0="%E3%82%A6%E3%83%AB%E3%83%88%E3%83%A9%E7%AB%8B%E7%9B%B4" n1="%E7%8E%A9%E5%80%8B%4A%42" n2="%E3%81%BF%E3%81%A3%E3%81%A4%E3%81%83%EF%BD%9E" n3="%E3%81%97%E3%82%87%E3%81%BC%E3%82%93%EF%BD%8E" dan="18,17,16,16" rate="2151.99,2098.65,2167.55,2160.46" sx="M,M,F,F"/><TAIKYOKU oya="0"/><INIT seed="0,0,0,3,4,95" ten="250,250,250,250" oya="0" hai0="131,132,50,4,97,31,15,56,99,13,59,119,100" hai1="128,12,98,107,106,89,29,62,6,68,74,21,52" hai2="105,117,112,78,46,121,18,30,64,69,53,8,76" hai3="109,71,80,124,35,44,38,24,123,133,20,90,34"/><T125/><D119/><U48/><E74/><V51/><F121/><W94/><G123/><T28/><D125/><U25/><E128/><V115/><F117/><W86/><G124/><T49/><D131/><U127/><E127/><V135/><F30/><W42/><G71/><T26/><D100/><U47/><E68/><V66/><F135/><W14/><G109/><T79/><D79/><U43/><E62/><V37/><F37/><W110/><G110/><T93/><D93/><U129/><E129/><V96/><F78/><W82/><G14/><T27/><REACH who="0" step="1"/><D4/><REACH who="0" ten="240,250,250,250" step="2"/><U122/><E122/><V111/><F76/><W134/><G134/><AGARI ba="0,1" hai="13,15,26,27,28,31,49,50,56,59,97,99,132,134" machi="134" ten="25,18000,2" yaku="1,1,2,1,22,2,52,2,53,0" doraHai="95" doraHaiUra="85" who="0" fromWho="3" sc="240,190,250,0,250,0,250,-180" /><INIT seed="0,1,0,3,3,104" ten="430,250,250,70" oya="0" hai0="77,6,110,32,19,68,33,92,53,2,60,27,17" hai1="28,130,50,51,58,64,22,59,8,0,124,66,12" hai2="30,31,118,132,20,81,128,89,109,113,103,9,127" hai3="88,83,69,131,1,115,112,80,73,39,106,91,96"/><T29/><D33/><U40/><E0/><V23/><F113/><W76/><G69/><T15/><D110/><U4/><E124/><V121/><F121/><W7/><G39/><T117/><D117/><U79/><E79/><V16/><F109/><W18/><G18/><T123/><D123/><U65/><E130/><V10/><F127/><W90/><G131/><T67/><D77/><U87/><E87/><N who="2" m="50415" /><F128/><W84/><G7/><T111/><D111/><U114/><E114/><N who="3" m="43562" /><G1/><T26/><D53/><U36/><E36/><V61/><F132/><W5/><G5/><T75/><D75/><U133/><E133/><V41/><F118/><W46/><G46/><T78/><D78/><U62/><E51/><V72/><F72/><W13/><G13/><T86/><D26/><N who="1" m="16471" /><E62/><V52/><F103/><AGARI ba="1,0" hai="73,76,80,83,84,88,90,91,96,103,106" m="43562" machi="103" ten="30,7700,0" yaku="34,2,52,1,54,1" doraHai="104" who="3" fromWho="2" sc="430,0,250,0,250,-80,70,80" /><INIT seed="1,0,0,5,2,82" ten="430,250,170,150" oya="1" hai0="81,46,2,11,45,60,6,115,16,93,79,129,14" hai1="80,47,4,13,15,99,10,75,42,91,19,21,12" hai2="34,55,49,117,110,64,0,89,72,74,3,38,53" hai3="133,118,101,27,106,39,123,56,98,5,36,111,1"/><U83/><E75/><V57/><F34/><W32/><G123/><T135/><D129/><U67/><E67/><V103/><F38/><W102/><G111/><T40/><D115/><U50/><REACH who="1" step="1"/><E15/><REACH who="1" ten="430,240,170,150" step="2"/><V37/><F64/><W87/><G1/><T85/><D135/><U62/><E62/><V108/><F74/><W114/><G133/><T131/><D131/><U31/><E31/><V132/><F72/><W63/><G63/><T22/><D60/><U128/><E128/><V28/><F28/><W112/><G112/><T17/><D40/><U66/><E66/><V70/><F0/><W124/><G114/><T86/><D17/><U121/><E121/><V109/><F3/><W8/><G118/><T76/><D2/><U126/><E126/><V120/><F117/><W105/><G124/><T43/><D43/><U65/><E65/><V127/><F127/><W97/><G5/><T24/><D76/><U54/><E54/><V61/><F55/><W7/><G7/><T88/><AGARI ba="0,1" hai="6,11,14,16,22,24,45,46,79,81,85,86,88,93" machi="88" ten="30,12000,2" yaku="0,1,8,1,52,2,54,2" doraHai="82" who="0" fromWho="0" sc="430,130,240,-60,170,-30,150,-30" /><INIT seed="2,0,0,1,3,13" ten="560,180,140,120" oya="2" hai0="10,23,72,95,56,101,98,134,27,2,121,61,123" hai1="122,99,85,93,112,63,16,43,9,49,7,102,41" hai2="1,88,54,32,14,89,115,5,0,51,109,124,52" hai3="42,114,62,17,11,129,125,22,92,24,82,6,126"/><V57/><F115/><W76/><G114/><T107/><D72/><U103/><E112/><V128/><F32/><W79/><G129/><T44/><D134/><U73/><E73/><V36/><F36/><W55/><G42/><T39/><D107/><U74/><E74/><V34/><F34/><W106/><G106/><T108/><D108/><U40/><E122/><V110/><F128/><W130/><G130/><T116/><D116/><U3/><E63/><V66/><F66/><W31/><G92/><T35/><D35/><U131/><E131/><V94/><F124/><N who="3" m="47723" /><G31/><T127/><D127/><U135/><E135/><V105/><F105/><W64/><G55/><T19/><D44/><U46/><E103/><V47/><F14/><N who="3" m="5495" /><G82/><T117/><D39/><U90/><REACH who="1" step="1"/><E16/><REACH who="1" ten="560,170,140,120" step="2"/><V71/><F71/><AGARI ba="0,1" hai="17,22,24,62,64,71,76,79" m="5495,47723" machi="71" ten="30,2000,0" yaku="18,1,52,1" doraHai="13" who="3" fromWho="2" sc="560,0,170,0,140,-20,120,30" /><INIT seed="3,0,0,2,3,42" ten="560,170,120,150" oya="3" hai0="22,19,71,56,80,26,102,0,30,33,106,120,21" hai1="130,12,2,135,48,37,8,85,49,96,47,61,43" hai2="51,107,67,103,70,4,41,38,132,89,113,81,134" hai3="127,55,119,116,111,20,75,31,62,1,27,101,25"/><W35/><G75/><T126/><D71/><U92/><E135/><N who="2" m="51755" /><F113/><W18/><G1/><T16/><D106/><U39/><E130/><V36/><F4/><W6/><G6/><T86/><D102/><U63/><E2/><V59/><F70/><W95/><G127/><T90/><D120/><U73/><E73/><V69/><F69/><W46/><G111/><T99/><D99/><U44/><E85/><N who="2" m="50351" /><F67/><W83/><G83/><T60/><D0/><U7/><E39/><N who="2" m="14891" /><F59/><W50/><REACH who="3" step="1"/><G62/><REACH who="3" ten="560,170,120,140" step="2"/><T97/><D126/><U53/><REACH who="1" step="1"/><E37/><REACH who="1" ten="560,160,120,140" step="2"/><V87/><F107/><W91/><G91/><AGARI ba="0,2" hai="7,8,12,43,44,47,48,49,53,61,63,91,92,96" machi="91" ten="30,12000,2" yaku="1,1,2,1,7,1,8,1,52,2,53,0" doraHai="42" doraHaiUra="76" who="1" fromWho="3" sc="560,0,160,140,120,0,140,-120" /><INIT seed="4,0,0,4,0,12" ten="560,300,120,20" oya="0" hai0="52,56,85,94,64,95,132,2,104,0,9,27,86" hai1="10,41,29,68,20,103,100,72,28,63,117,66,114" hai2="112,33,48,129,31,54,34,76,67,97,57,30,15" hai3="24,59,32,37,93,18,61,43,60,16,113,130,101"/><T39/><D104/><U74/><E117/><V121/><F121/><W1/><G1/><T77/><D39/><U89/><E41/><V122/><F122/><W45/><G113/><T106/><D106/><U98/><E10/><V110/><F110/><W127/><G127/><T78/><D64/><U25/><E29/><V17/><F112/><W42/><G130/><T6/><D132/><U69/><E69/><V123/><F123/><W19/><G43/><T75/><D2/><U96/><E89/><V46/><F129/><W108/><G108/><T126/><D126/><U120/><E120/><V87/><F34/><W53/><G61/><T44/><D44/><U107/><E114/><V84/><F33/><W50/><G37/><T109/><D109/><U7/><E7/><V116/><F97/><N who="3" m="59567" /><G32/><T125/><D125/><U62/><E62/><N who="2" m="38351" /><F116/><W4/><G4/><T83/><D27/><AGARI ba="0,0" hai="16,18,19,24,27,42,45,50,53,59,60" m="59567" machi="27" ten="30,8000,1" yaku="8,1,52,3,54,1" doraHai="12" who="3" fromWho="0" sc="560,-80,300,0,120,0,20,80" /><INIT seed="5,0,0,0,0,134" ten="480,300,120,100" oya="1" hai0="49,120,122,39,85,107,36,48,95,29,89,2,59" hai1="70,79,46,110,91,33,78,63,43,7,104,93,42" hai2="96,38,25,84,105,62,124,17,128,21,20,72,102" hai3="68,99,90,56,106,19,130,76,45,74,126,121,75"/><U14/><E104/><V109/><F72/><W41/><G68/><T37/><D2/><U61/><E33/><V22/><F109/><W30/><G121/><N who="0" m="46699" /><D107/><U53/><E70/><V94/><F38/><W27/><G130/><T133/><D133/><U23/><E110/><V118/><F118/><W3/><G3/><T9/><D29/><U66/><E66/><V31/><F128/><W115/><G19/><T100/><D100/><U101/><E101/><V52/><F105/><W127/><G56/><T69/><D69/><U1/><E1/><V5/><F5/><W117/><G117/><T10/><D59/><N who="1" m="35055" /><E63/><V81/><F124/><N who="3" m="47659" /><G115/><T98/><D98/><U13/><E13/><V77/><F31/><W12/><G12/><T73/><D73/><U131/><E131/><V34/><F34/><N who="3" m="20831" /><G106/><T55/><D37/><U129/><E129/><V111/><F111/><W112/><G112/><T32/><D39/><U51/><E14/><V16/><F17/><W65/><G76/><T125/><D32/><U123/><E123/><V92/><F92/><N who="3" m="56727" /><G65/><T40/><D125/><U114/><E114/><V87/><F87/><W6/><G6/><T18/><D85/><U86/><E7/><V113/><F113/><W44/><G44/><T28/><D18/><U88/><E79/><V54/><F62/><W58/><G58/><T116/><D28/><U0/><E0/><V132/><F132/><W97/><G97/><T82/><D116/><U11/><E78/><V119/><F119/><W50/><AGARI ba="0,0" hai="41,45,50,74,75" m="56727,20831,47659" machi="50" ten="30,7900,0" yaku="18,1,52,3" doraHai="134" who="3" fromWho="3" sc="480,-20,300,-39,120,-20,100,79" /><INIT seed="6,0,0,0,1,73" ten="460,261,100,179" oya="2" hai0="14,60,4,81,133,7,116,85,15,123,122,47,72" hai1="13,67,79,115,113,128,126,63,36,49,20,121,89" hai2="101,129,56,117,35,102,74,28,1,3,71,70,0" hai3="98,6,8,55,5,40,118,110,75,119,135,69,100"/><V114/><F117/><W134/><G110/><T80/><D47/><U96/><E36/><V34/><F56/><W84/><G75/><T78/><D60/><U87/><E49/><V68/><F74/><W109/><G109/><T103/><D103/><N who="2" m="39434" /><F28/><W120/><G69/><T44/><D44/><U62/><E121/><V77/><F114/><W24/><G120/><T32/><D32/><N who="2" m="12330" /><F77/><W12/><G40/><T29/><D29/><U2/><E79/><V33/><N who="2" m="12338" /><V104/><DORA hai="93" /><F129/><W22/><G5/><T54/><D78/><U112/><E112/><V61/><F61/><W111/><G111/><T30/><D30/><U53/><E63/><V125/><F125/><W132/><G55/><T65/><D54/><U31/><E53/><V46/><F46/><W99/><G118/><T27/><D72/><U11/><E62/><V92/><F92/><N who="3" m="58439" /><G119/><T59/><D116/><U97/><E31/><V23/><F23/><W18/><G99/><T48/><D4/><U83/><E20/><V58/><F58/><W9/><G9/><T45/><D7/><U52/><E11/><V10/><F10/><W90/><G90/><T25/><D45/><U39/><E89/><V105/><AGARI ba="0,0" hai="0,1,3,68,70,71,104,105" m="12338,39434" machi="105" ten="60,6000,0" yaku="28,2" doraHai="73,93" who="2" fromWho="2" sc="460,-20,261,-20,100,60,179,-20" /><INIT seed="6,1,0,2,5,134" ten="440,241,160,159" oya="2" hai0="54,112,16,102,45,55,76,43,89,123,42,28,127" hai1="39,46,113,13,40,85,124,110,78,117,126,101,125" hai2="121,5,95,77,47,133,129,51,86,66,74,63,9" hai3="59,14,0,36,30,4,7,57,34,64,115,50,81"/><V130/><F121/><W108/><G36/><T94/><D28/><U19/><E101/><V25/><F74/><W38/><G38/><T17/><D76/><U8/><E113/><V22/><F133/><W31/><G108/><T80/><D80/><N who="1" m="47255" /><E117/><V68/><F77/><W116/><G116/><T99/><D89/><U73/><E73/><V119/><F119/><W35/><G0/><T32/><D45/><U132/><E132/><V96/><F86/><W41/><G115/><T122/><D99/><U3/><E3/><V49/><F9/><W120/><G120/><T114/><D94/><U44/><E44/><V1/><F5/><W75/><G75/><T69/><D102/><U100/><E100/><N who="2" m="60447" /><F47/><N who="3" m="25967" /><G34/><T70/><D32/><U135/><E135/><V107/><F1/><W106/><G106/><T53/><D53/><U92/><E92/><V33/><F33/><W118/><G35/><T15/><REACH who="0" step="1"/><D15/><REACH who="0" ten="430,241,160,159" step="2"/><N who="1" m="7655" /><E110/><V131/><F107/><W97/><G97/><T79/><D79/><U58/><E13/><V26/><F25/><W52/><G14/><T109/><D109/><U84/><E84/><V98/><F98/><W83/><G83/><T18/><D18/><AGARI ba="1,1" hai="18,22,26,49,51,63,66,68,129,130,131" m="60447" machi="18" ten="30,1500,0" yaku="19,1" doraHai="134" who="2" fromWho="0" sc="430,-18,241,0,160,28,159,0" /><INIT seed="6,2,0,3,4,88" ten="412,241,188,159" oya="2" hai0="85,77,111,22,36,125,16,63,48,94,130,60,95" hai1="44,23,118,43,67,72,41,20,18,38,3,122,82" hai2="89,28,80,33,64,65,2,124,46,83,54,8,56" hai3="129,5,135,0,30,76,123,1,74,55,52,10,91"/><V6/><F124/><W34/><G123/><T104/><D104/><U42/><E118/><V53/><F33/><W25/><G135/><T12/><D36/><U35/><E35/><V29/><F46/><W107/><G129/><T66/><D111/><U132/><E132/><V21/><F21/><W134/><G134/><T69/><D130/><U37/><E20/><V70/><F70/><W105/><G0/><T110/><D110/><U102/><E102/><V27/><F27/><W96/><G105/><T7/><D125/><U31/><E31/><V119/><F2/><W51/><G76/><T45/><D7/><U108/><E108/><V14/><F119/><W73/><G55/><T9/><D22/><U81/><E3/><V84/><F54/><W112/><G112/><T100/><D100/><U59/><E72/><V24/><F83/><W116/><G116/><T97/><D97/><U86/><E81/><V78/><F78/><W87/><G96/><T71/><D85/><U32/><E32/><V15/><F15/><W17/><G17/><T13/><D77/><U90/><E38/><V106/><F106/><W4/><G4/><T68/><D13/><U50/><E37/><V127/><F127/><W62/><G62/><T61/><REACH who="0" step="1"/><D66/><REACH who="0" ten="402,241,188,159" step="2"/><N who="2" m="25706" /><F24/><W120/><G107/><T117/><D117/><U47/><E67/><V11/><F8/><W99/><G99/><T40/><AGARI ba="2,1" hai="9,12,16,40,45,48,60,61,63,68,69,71,94,95" machi="40" ten="40,8000,1" yaku="1,1,0,1,52,2,54,1,53,0" doraHai="88" doraHaiUra="79" who="0" fromWho="0" sc="402,96,241,-22,188,-42,159,-22" /><INIT seed="7,0,0,4,2,8" ten="498,219,146,137" oya="3" hai0="131,34,67,65,112,62,14,7,93,106,114,107,28" hai1="117,125,70,84,115,133,76,69,110,53,103,82,9" hai2="98,43,61,21,35,44,24,134,15,87,3,79,75" hai3="101,23,95,51,85,55,48,135,63,17,16,129,33"/><W126/><G33/><T74/><D74/><U57/><E110/><V41/><F3/><W94/><G135/><T68/><D131/><U30/><E133/><V37/><F43/><W105/><G129/><T127/><D127/><U25/><E125/><V19/><F75/><W123/><G123/><T60/><D93/><U120/><E120/><V39/><F134/><W22/><G105/><T72/><D72/><U32/><E115/><N who="0" m="44073" /><D14/><U122/><E122/><V0/><F0/><W45/><G126/><T88/><D88/><U59/><E59/><V12/><F35/><W2/><G2/><T6/><D28/><U119/><E103/><V46/><F98/><N who="3" m="59607" /><G63/><T36/><D36/><U31/><E31/><V42/><F61/><W27/><G51/><T50/><D50/><U86/><E70/><V121/><F121/><W49/><G49/><T111/><D34/><U130/><E69/><V97/><F97/><W102/><G102/><T92/><D111/><U1/><E130/><V113/><F113/><W90/><G23/><T20/><D20/><U11/><E1/><V108/><F108/><W104/><G104/><N who="0" m="39979" /><D92/><U100/><E100/><V91/><F79/><W54/><G17/><T52/><D52/><AGARI ba="0,0" hai="16,22,27,45,48,52,54,55,85,90,95" m="59607" machi="52" ten="30,5800,0" yaku="8,1,54,2" doraHai="8" who="3" fromWho="0" sc="498,-58,219,0,146,0,137,58" /><INIT seed="7,1,0,4,1,112" ten="440,219,146,195" oya="3" hai0="107,73,85,57,82,104,129,117,89,127,32,121,92" hai1="40,37,20,109,31,56,29,114,54,28,17,13,9" hai2="4,47,43,41,103,62,116,69,97,113,36,130,59" hai3="50,58,42,70,91,6,51,25,52,45,16,132,53"/><W5/><G70/><T24/><D117/><U27/><E109/><V1/><F69/><W81/><G132/><T119/><D119/><U46/><E114/><V98/><F113/><W15/><G25/><T88/><D121/><U48/><AGARI ba="1,0" hai="9,13,17,20,27,28,29,31,37,40,46,48,54,56" machi="48" ten="20,1500,0" yaku="0,1,7,1" doraHai="112" who="1" fromWho="1" sc="440,-5,219,18,146,-5,195,-8" owari="435,53.0,237,4.0,141,-36.0,187,-21.0" /></mjloggm>