<mjloggm ver="2.3"><GO type="225" lobby="0"/><UN n0="%E3%82%B4%E3%83%BC%E3%83%AB%E3%83%87%E3%83%B3%E3%81%B2%E3%82%88%E3%81%93" n1="%E5%B0%B1%E6%B4%BB%E7%94%9F%40%E5%B7%9D%E6%9D%91%E8%BB%8D%E5%9B%A3" n2="%E9%95%B7%E3%81%84%E5%A4%A2" n3="%E2%98%86%E9%BB%84%E7%80%AC%E3%82%84%E3%82%88%E3%81%84%E2%98%86" dan="16,17,17,16" rate="2157.41,2177.73,2200.48,2107.91" sx="M,M,M,M"/><TAIKYOKU oya="0"/><INIT seed="0,0,0,4,0,86" ten="250,250,250,250" oya="0" hai0="112,115,26,24,45,43,101,33,61,74,30,92,119" hai1="114,5,108,39,125,66,132,44,11,82,1,20,40" hai2="68,107,90,10,62,67,22,87,25,127,70,102,36" hai3="129,9,130,123,42,95,88,28,52,0,54,50,15"/><T48/><D119/><U37/><E108/><V83/><F127/><W80/><G0/><T105/><D74/><U51/><E132/><V23/><F36/><W27/><G123/><T8/><D105/><U17/><E125/><V58/><F10/><W64/><G80/><T98/><D26/><U7/><E7/><V69/><REACH who="2" step="1"/><F25/><REACH who="2" ten="250,250,240,250" step="2"/><W46/><G64/><T72/><D72/><U128/><E114/><V85/><F85/><N who="3" m="52623" /><G130/><T109/><D109/><U57/><E128/><V18/><F18/><N who="3" m="8559" /><G129/><T16/><D112/><U32/><E32/><V122/><F122/><W135/><G135/><T110/><D115/><U93/><E39/><V116/><F116/><W96/><G96/><AGARI ba="0,1" hai="22,23,58,62,67,68,69,70,83,87,90,96,102,107" machi="96" ten="40,2600,0" yaku="1,1,52,1,53,0" doraHai="86" doraHaiUra="2" who="2" fromWho="3" sc="250,0,250,0,240,36,250,-26" /><INIT seed="1,0,0,0,4,22" ten="250,250,276,224" oya="1" hai0="65,26,55,24,7,104,116,44,128,135,118,50,28" hai1="27,60,87,46,100,42,110,74,80,35,16,30,122" hai2="49,33,61,73,0,99,78,82,112,40,17,13,72" hai3="54,62,63,130,115,95,21,9,123,76,131,127,114"/><U132/><E122/><V124/><F112/><N who="3" m="43051" /><G76/><T85/><D104/><U133/><E74/><V109/><F0/><W36/><G9/><T48/><D65/><U111/><E100/><V88/><F73/><W101/><G36/><T121/><D121/><U71/><E71/><V90/><F109/><N who="1" m="41481" /><E60/><N who="3" m="23082" /><G123/><T43/><D135/><N who="1" m="51787" /><E16/><V107/><F17/><W105/><G101/><T66/><D66/><U32/><E87/><V89/><F61/><W1/><G105/><T31/><D128/><N who="3" m="49193" /><G21/><T93/><D7/><U14/><E14/><V75/><F13/><W51/><G1/><T81/><D118/><U79/><E79/><V45/><F78/><W70/><G70/><T39/><D116/><U20/><E80/><V67/><F82/><W117/><G95/><T29/><D93/><U97/><E97/><V56/><F99/><W77/><G77/><N who="0" m="46255" /><D39/><AGARI ba="0,0" hai="20,27,30,32,35,39,42,46" m="51787,41481" machi="39" ten="30,11600,0" yaku="14,1,10,1,20,1,52,1" doraHai="22" who="1" fromWho="0" sc="250,-116,250,116,276,0,224,0" /><INIT seed="1,1,0,5,2,73" ten="134,366,276,224" oya="1" hai0="81,76,69,34,2,46,22,4,118,37,98,104,29" hai1="45,11,107,6,25,120,108,116,122,132,67,48,10" hai2="130,17,92,31,55,50,90,52,12,88,58,36,13" hai3="8,38,91,123,72,133,105,85,62,95,42,80,44"/><U21/><E116/><V30/><F36/><W68/><G123/><T35/><D22/><U83/><E107/><V110/><F110/><W109/><G109/><T61/><D118/><U101/><E108/><V16/><F130/><W96/><G133/><T56/><D56/><U134/><E101/><V84/><F90/><W119/><G119/><T18/><D18/><N who="2" m="7274" /><F55/><W7/><G105/><T27/><D35/><U14/><E67/><V115/><F115/><W82/><G68/><T5/><D46/><U75/><E75/><V60/><F60/><W40/><G62/><T41/><D41/><U100/><E100/><V126/><F126/><W103/><G42/><T47/><D47/><U106/><E106/><V79/><F79/><N who="3" m="44135" /><G103/><N who="0" m="62583" /><D37/><U129/><E83/><V53/><F53/><W131/><G131/><T97/><D97/><U28/><E129/><V63/><F63/><W19/><G96/><T26/><D26/><U74/><E74/><V125/><F125/><W87/><G38/><T114/><D114/><U117/><E117/><V20/><F20/><W78/><G44/><T71/><D2/><U121/><REACH who="1" step="1"/><E10/><REACH who="1" ten="134,356,276,224" step="2"/><V51/><F51/><W70/><G8/><T23/><D71/><U135/><E135/><V128/><F128/><W24/><G70/><T86/><D23/><U57/><E57/><V65/><F65/><AGARI ba="1,1" hai="4,5,27,29,34,61,65,69,76,81,86" m="62583" machi="65" ten="30,2000,0" yaku="25,1,52,1" doraHai="73" who="0" fromWho="2" sc="134,33,356,0,276,-23,224,0" /><INIT seed="2,0,0,5,4,80" ten="167,356,253,224" oya="2" hai0="73,111,29,79,30,82,131,93,128,127,34,109,65" hai1="28,64,92,102,57,14,107,48,96,40,43,105,33" hai2="100,58,77,104,108,124,2,25,120,70,35,123,103" hai3="87,75,63,129,9,112,53,90,86,98,17,67,51"/><V89/><F2/><W10/><G75/><T5/><D5/><U115/><E115/><V91/><F77/><W3/><G112/><T72/><D65/><U84/><E33/><V26/><F58/><N who="3" m="37367" /><G3/><T71/><D71/><U18/><E28/><V36/><F36/><W125/><G129/><N who="0" m="49739" /><D29/><U19/><E19/><V7/><F70/><W56/><G125/><T106/><D106/><U1/><E1/><V16/><F104/><W22/><G98/><T62/><D62/><U8/><E107/><V133/><F7/><W113/><G113/><T55/><D55/><N who="1" m="31975" /><E64/><V132/><F35/><W126/><G126/><T74/><D127/><U27/><E27/><V114/><F124/><W12/><G90/><T20/><D20/><U13/><E13/><V135/><F114/><W21/><G22/><T44/><D44/><U50/><E50/><V122/><F108/><N who="0" m="41546" /><D93/><U41/><E105/><V83/><F16/><N who="3" m="8215" /><G9/><T38/><D38/><U117/><E117/><V37/><F37/><W31/><G31/><T52/><D52/><U118/><E118/><V110/><F110/><W97/><G97/><T61/><D61/><U4/><E4/><V60/><F60/><W119/><G119/><T32/><D32/><U45/><E45/><V42/><F123/><W47/><G47/><T11/><D11/><U88/><E96/><V49/><F49/><W6/><G6/><T68/><D68/><U121/><E121/><V116/><F116/><W24/><AGARI ba="0,0" hai="17,21,24,51,53,56,86,87" m="8215,37367" machi="24" ten="30,7900,0" yaku="8,1,52,2,54,1" doraHai="80" who="3" fromWho="3" sc="167,-20,356,-20,253,-39,224,79" /><INIT seed="3,0,0,3,2,105" ten="147,336,214,303" oya="3" hai0="103,38,115,69,11,135,102,93,131,65,37,96,7" hai1="58,87,99,50,19,84,26,13,95,51,34,119,61" hai2="12,23,36,3,27,49,8,77,48,107,79,35,109" hai3="16,126,6,62,81,86,104,39,20,90,122,80,75"/><W29/><G104/><T117/><D131/><U53/><E34/><V28/><F107/><W60/><G122/><T67/><D117/><U54/><E26/><V72/><F36/><W43/><G29/><T63/><D135/><U76/><E119/><V64/><F109/><W21/><G39/><T123/><D115/><U113/><E113/><V14/><F72/><W112/><G112/><T88/><D123/><U42/><E42/><V121/><F121/><W106/><G106/><T91/><D38/><U9/><E76/><N who="2" m="29259" /><F3/><W57/><G75/><T100/><D37/><U4/><E4/><N who="2" m="3079" /><F35/><W116/><G116/><T130/><D130/><U2/><E2/><V33/><F33/><W132/><G6/><T89/><REACH who="0" step="1"/><D67/><REACH who="0" ten="137,336,214,303" step="2"/><U98/><E98/><V70/><F64/><N who="3" m="38927" /><G132/><T94/><D94/><U73/><E95/><V44/><F70/><W125/><G80/><T52/><D52/><U40/><E99/><V47/><F14/><AGARI ba="0,1" hai="7,11,14,63,65,69,88,89,91,93,96,100,102,103" machi="14" ten="40,2600,0" yaku="1,1,54,1,53,0" doraHai="105" doraHaiUra="71" who="0" fromWho="2" sc="137,36,336,0,214,-26,303,0" owari="173,-33.0,336,44.0,188,-21.0,303,10.0" /></mjloggm>