<mjloggm ver="2.3"><GO type="169" lobby="0"/><UN n0="%4B%52%4A" n1="%E7%A0%B4%E5%B9%BB" n2="%E3%83%88%E3%83%88%E3%83%AA%E5%85%88%E7%94%9F%31%39%E6%AD%B3" n3="%73%75%6D%69%79%61" dan="16,16,19,16" rate="2015.17,2104.40,2260.69,2011.98" sx="M,F,F,M"/><TAIKYOKU oya="0"/><INIT seed="0,0,0,4,4,44" ten="250,250,250,250" oya="0" hai0="95,109,19,24,94,101,60,130,39,110,68,57,66" hai1="117,10,48,63,30,83,89,108,69,124,120,50,59" hai2="51,122,49,71,21,36,5,15,31,74,113,92,12" hai3="85,27,132,54,112,70,45,3,90,56,26,4,37"/><T67/><D39/><U77/><E120/><V35/><F122/><W43/><G112/><T29/><D130/><U2/><E117/><V25/><F36/><W121/><G132/><T18/><D66/><U32/><E69/><V126/><F113/><W64/><G121/><T72/><D72/><U105/><E105/><V111/><F74/><W123/><G123/><T100/><D100/><U53/><E108/><N who="0" m="41577" /><D68/><U62/><E124/><V0/><F111/><W58/><G56/><T1/><D1/><U102/><E102/><V52/><F71/><W129/><G129/><T96/><D95/><U104/><E104/><V61/><F126/><W22/><G4/><T127/><D127/><U13/><E2/><V86/><F35/><AGARI ba="0,0" hai="18,19,24,29,35,57,60,67,94,96,101" m="41577" machi="35" ten="30,2900,0" yaku="14,1,10,1" doraHai="44" who="0" fromWho="2" sc="250,29,250,0,250,-29,250,0" /><INIT seed="0,1,0,1,1,82" ten="279,250,221,250" oya="0" hai0="89,52,125,61,98,96,1,69,45,32,9,64,78" hai1="114,127,79,59,105,128,130,85,84,20,72,38,15" hai2="126,133,94,35,40,39,58,109,6,53,10,118,18" hai3="28,67,47,30,134,99,24,112,75,21,113,106,110"/><T120/><D32/><U12/><E105/><V129/><F35/><W0/><G75/><T74/><D120/><U107/><E107/><V121/><F121/><W70/><G110/><T4/><D125/><U111/><E111/><V8/><F109/><W108/><G108/><T117/><D117/><U13/><E127/><V37/><F126/><W115/><G47/><T50/><REACH who="0" step="1"/><D89/><REACH who="0" ten="269,250,221,250" step="2"/><U83/><E114/><V19/><F118/><W2/><G134/><T31/><D31/><U116/><E116/><V103/><F133/><W62/><G30/><T135/><D135/><U49/><E130/><V57/><F129/><W14/><G14/><T42/><D42/><U87/><E128/><V81/><F40/><W124/><G124/><T63/><D63/><U51/><E38/><V33/><F39/><W102/><AGARI ba="1,1" hai="0,2,21,24,28,62,67,70,99,102,106,112,113,115" machi="102" ten="40,1500,0" yaku="0,1" doraHai="82" who="3" fromWho="3" sc="269,-8,250,-5,221,-5,250,28" /><INIT seed="1,0,0,5,0,42" ten="261,245,216,278" oya="1" hai0="78,26,121,20,72,88,63,47,133,57,82,132,112" hai1="8,46,4,70,127,116,102,98,7,85,49,62,34" hai2="16,94,75,103,99,96,108,89,129,104,128,83,60" hai3="10,79,68,69,39,23,45,122,66,110,86,115,56"/><U107/><E116/><V0/><F0/><W97/><G122/><T74/><D121/><U55/><E127/><V12/><F108/><W67/><G115/><T118/><D112/><U9/><E34/><V65/><F83/><W21/><G110/><T37/><D74/><U41/><E85/><V11/><REACH who="2" step="1"/><F75/><REACH who="2" ten="261,245,206,278" step="2"/><W77/><G79/><T19/><D118/><U2/><E70/><AGARI ba="0,1" hai="11,12,16,60,65,70,89,94,96,99,103,104,128,129" machi="70" ten="40,5200,0" yaku="1,1,2,1,54,1,53,0" doraHai="42" doraHaiUra="71" who="2" fromWho="1" sc="261,0,245,-52,206,62,278,0" /><INIT seed="2,0,0,5,5,53" ten="261,193,268,278" oya="2" hai0="106,98,114,23,25,12,81,83,123,9,79,14,41" hai1="42,99,65,49,52,44,26,95,22,5,108,120,10" hai2="125,80,61,45,134,88,133,34,129,72,135,112,111" hai3="115,67,116,117,16,8,37,122,20,118,0,75,89"/><V68/><F34/><W70/><G37/><T28/><D123/><U109/><E120/><V94/><F112/><W119/><G75/><T113/><D41/><U40/><E65/><N who="2" m="41007" /><F45/><W4/><G122/><T58/><D81/><U73/><E73/><V2/><F2/><W30/><G89/><T96/><D12/><U102/><E109/><V124/><F111/><W84/><G84/><T31/><D31/><U39/><E39/><V32/><F32/><W47/><G47/><T19/><D58/><U76/><E76/><N who="2" m="44039" /><F129/><W18/><G67/><T126/><D126/><U100/><E100/><V87/><AGARI ba="0,0" hai="87,88,94,124,125,133,134,135" m="44039,41007" machi="87" ten="40,3900,0" yaku="20,1,54,1" doraHai="53" who="2" fromWho="2" sc="261,-13,193,-13,268,39,278,-13" /><INIT seed="2,1,0,2,5,57" ten="248,180,307,265" oya="2" hai0="45,59,37,85,14,5,71,2,8,80,11,49,54" hai1="90,36,130,17,51,101,62,40,9,61,67,56,88" hai2="64,113,18,135,26,44,107,23,3,47,22,81,65" hai3="48,127,125,75,99,111,78,118,46,1,91,102,10"/><V132/><F113/><W96/><G118/><T82/><D71/><U84/><E36/><V66/><F107/><W97/><G1/><T33/><D33/><U25/><E130/><V87/><F3/><W69/><G69/><T15/><D2/><U108/><E108/><V110/><F110/><W74/><G10/><T52/><D37/><U124/><E124/><N who="3" m="47690" /><G48/><T95/><D95/><N who="1" m="54663" /><E101/><V32/><F32/><W133/><G46/><T31/><D31/><U94/><E67/><V126/><F126/><W55/><G55/><T12/><D85/><N who="1" m="52559" /><E56/><V16/><F132/><W29/><G29/><T70/><D70/><U34/><E34/><V116/><F135/><W120/><G133/><T60/><REACH who="0" step="1"/><D14/><REACH who="0" ten="238,180,307,265" step="2"/><N who="1" m="7375" /><E25/><N who="2" m="14535" /><F116/><W58/><G111/><T38/><D38/><U122/><E122/><V19/><F19/><AGARI ba="1,1" hai="5,8,11,12,15,19,45,49,52,54,59,60,80,82" machi="19" ten="30,12000,2" yaku="1,1,7,1,8,1,52,1,54,1,53,2" doraHai="57" doraHaiUra="6" who="0" fromWho="2" sc="238,133,180,0,307,-123,265,0" /><INIT seed="3,0,0,5,5,125" ten="371,180,184,265" oya="3" hai0="117,77,48,107,28,119,99,59,4,91,20,68,49" hai1="63,61,62,105,97,102,50,33,71,31,126,16,103" hai2="101,55,135,14,38,123,73,58,9,74,57,6,113" hai3="120,98,25,52,15,67,90,85,36,1,108,128,72"/><W88/><G128/><T129/><D68/><U39/><E39/><V30/><F113/><W18/><G1/><T3/><D77/><U84/><E126/><V70/><F70/><W106/><G36/><T94/><D107/><U116/><E116/><V134/><F38/><W133/><G72/><T2/><D2/><U66/><E102/><V17/><F123/><W122/><G133/><N who="2" m="50697" /><F101/><W104/><G25/><T80/><D80/><U118/><E118/><V93/><F93/><W130/><G130/><T114/><D114/><U56/><E84/><V76/><F76/><W75/><G75/><N who="2" m="28681" /><F30/><W34/><G34/><T51/><D59/><N who="2" m="22538" /><F55/><W86/><G67/><T111/><D4/><AGARI ba="0,0" hai="4,6,9,14,17" m="22538,28681,50697" machi="4" ten="40,1300,0" yaku="20,1" doraHai="125" who="2" fromWho="0" sc="371,-13,180,0,184,13,265,0" /><INIT seed="4,0,0,3,3,107" ten="358,180,197,265" oya="0" hai0="93,21,46,59,53,31,37,14,47,49,70,4,7" hai1="48,101,96,106,36,6,26,28,11,29,125,15,35" hai2="117,25,8,39,76,104,111,90,103,5,130,84,17" hai3="61,128,27,20,0,19,79,123,51,33,133,58,42"/><T82/><D70/><U113/><E125/><V116/><F111/><W3/><G133/><T65/><D37/><U78/><E113/><V115/><F39/><W30/><G128/><T108/><D82/><U12/><E36/><V56/><F115/><W10/><G42/><T71/><D71/><U83/><E29/><V68/><F68/><W92/><G51/><T135/><D135/><U72/><REACH who="1" step="1"/><E48/><REACH who="1" ten="358,170,197,265" step="2"/><V38/><F38/><W114/><G114/><T41/><D49/><U85/><E85/><V40/><F84/><W105/><G123/><T23/><D108/><U81/><E81/><V32/><F116/><W69/><G105/><T73/><D73/><U109/><E109/><V122/><F104/><W67/><G92/><T132/><D132/><U2/><AGARI ba="0,1" hai="2,6,11,12,15,26,28,35,72,78,83,96,101,106" machi="2" ten="20,5200,0" yaku="1,1,0,1,7,1,52,1,53,0" doraHai="107" doraHaiUra="80" who="1" fromWho="1" sc="358,-26,170,62,197,-13,265,-13" /><INIT seed="5,0,0,0,1,103" ten="332,232,184,252" oya="1" hai0="112,56,95,1,16,9,62,11,54,42,79,132,47" hai1="122,128,93,135,65,59,101,129,73,8,24,92,75" hai2="58,41,6,2,116,48,86,100,71,36,53,39,51" hai3="68,110,87,118,67,29,15,85,131,35,26,91,5"/><U109/><E122/><V133/><F116/><W45/><G110/><T80/><D132/><U43/><E109/><V120/><F120/><W72/><G72/><T76/><D95/><N who="1" m="36427" /><E43/><V17/><F71/><W77/><G131/><N who="1" m="50250" /><E135/><V99/><F133/><W90/><G77/><T117/><D117/><U21/><E8/><V18/><F86/><W108/><G108/><T7/><D80/><U123/><E123/><V20/><F18/><W23/><G87/><T125/><D125/><U30/><E101/><V60/><F6/><W19/><G118/><T40/><D40/><U44/><E44/><V10/><F10/><W61/><G45/><T126/><D126/><U57/><E65/><V82/><F82/><W89/><G85/><T127/><D127/><U55/><E57/><V63/><F2/><W4/><AGARI ba="0,0" hai="4,5,15,19,23,26,29,35,61,67,68,89,90,91" machi="4" ten="30,1100,0" yaku="0,1" doraHai="103" who="3" fromWho="3" sc="332,-3,232,-5,184,-3,252,11" /><INIT seed="6,0,0,4,0,35" ten="329,227,181,263" oya="2" hai0="117,90,78,99,72,80,8,88,32,104,83,12,126" hai1="46,116,92,14,94,30,19,22,2,5,127,15,75" hai2="21,131,98,55,52,23,53,50,57,96,105,28,70" hai3="37,66,58,45,85,63,33,120,62,123,29,34,77"/><V102/><F131/><W133/><G133/><T97/><D32/><U89/><E116/><V48/><F70/><W44/><G34/><T119/><D12/><U0/><E75/><V111/><F111/><W47/><G77/><N who="0" m="44071" /><D8/><U10/><E30/><V93/><F28/><W38/><G85/><N who="0" m="48375" /><D126/><U114/><E127/><V49/><REACH who="2" step="1"/><F57/><REACH who="2" ten="329,227,171,263" step="2"/><N who="3" m="37199" /><G29/><T84/><D119/><U9/><E114/><V121/><F121/><N who="3" m="46667" /><G33/><T60/><D117/><U81/><E0/><V87/><F87/><W25/><G25/><T42/><D84/><U112/><E112/><V118/><F118/><W1/><G1/><T67/><D99/><U132/><E2/><V6/><F6/><W65/><AGARI ba="0,1" hai="37,38,44,45,47,58,63,65" m="46667,37199" machi="65" ten="30,2000,0" yaku="34,2" doraHai="35" who="3" fromWho="3" sc="329,-5,227,-5,171,-10,263,30" /><INIT seed="7,0,0,4,2,39" ten="324,222,161,293" oya="3" hai0="25,96,73,42,7,23,63,17,83,92,117,82,55" hai1="54,127,40,53,126,24,35,22,14,125,135,20,81" hai2="95,10,105,50,59,90,30,27,85,130,118,47,134" hai3="72,71,80,45,131,110,70,4,41,74,2,104,64"/><W75/><G131/><T100/><D73/><U102/><E135/><V43/><F134/><W21/><G21/><N who="1" m="8298" /><E102/><V15/><F130/><W132/><G132/><T93/><D42/><U38/><E81/><N who="0" m="30729" /><D7/><U48/><E38/><V123/><F123/><W58/><G110/><T44/><D117/><U116/><E116/><V106/><F118/><W0/><G58/><N who="0" m="35295" /><D93/><U8/><E24/><V121/><F121/><W52/><G52/><N who="1" m="20074" /><E35/><V34/><REACH who="2" step="1"/><F59/><REACH who="2" ten="324,222,151,293" step="2"/><W86/><G71/><T79/><D79/><U13/><E127/><V60/><F60/><W77/><G70/><T9/><D44/><N who="1" m="25607" /><E126/><V68/><F68/><W101/><G64/><T49/><D49/><U78/><E125/><V6/><AGARI ba="0,1" hai="6,10,15,27,30,34,43,47,50,85,90,95,105,106" machi="6" ten="20,5200,0" yaku="1,1,0,1,7,1,52,1,53,0" doraHai="39" doraHaiUra="129" who="2" fromWho="2" sc="324,-13,222,-13,151,62,293,-26" owari="311,41.0,209,-29.0,213,-19.0,267,7.0" /></mjloggm>