<mjloggm ver="2.3"><GO type="169" lobby="0"/><UN n0="%68%61%72%75%72%75%39%31" n1="%E3%82%8F%E3%81%9F%E5%9D%8A%E2%98%86" n2="%E3%83%A1%E3%82%A4%E3%82%A2%E3%82%AF%E3%83%88" n3="%E5%B0%B1%E6%B4%BB%E7%94%9F%40%E5%B7%9D%E6%9D%91%E8%BB%8D%E5%9B%A3" dan="16,16,16,18" rate="2087.59,2048.14,2134.87,2232.52" sx="M,M,M,M"/><TAIKYOKU oya="0"/><INIT seed="0,0,0,3,3,124" ten="250,250,250,250" oya="0" hai0="55,20,76,110,83,120,34,42,115,97,6,14,80" hai1="7,67,15,108,17,47,59,102,65,31,133,94,56" hai2="77,61,82,114,40,135,96,95,107,21,41,72,125" hai3="122,66,126,48,86,63,79,129,93,33,27,1,131"/><T84/><D115/><U87/><E108/><V39/><F114/><W37/><G37/><T16/><D120/><U109/><E109/><V105/><F125/><W32/><G1/><T123/><D123/><U130/><E7/><V19/><F135/><W8/><G126/><T81/><D110/><U51/><E31/><V58/><F107/><W9/><G122/><T112/><D112/><U57/><E133/><V45/><F105/><W91/><G79/><T74/><D34/><U113/><E113/><V128/><F45/><W29/><G33/><T78/><D42/><U10/><E130/><N who="3" m="49674" /><G48/><T28/><D6/><U89/><E102/><V62/><F39/><W69/><AGARI ba="0,0" hai="8,9,27,29,32,63,66,69,86,91,93" m="49674" machi="69" ten="30,7900,0" yaku="19,1,52,3" doraHai="124" who="3" fromWho="3" sc="250,-39,250,-20,250,-20,250,79" /><INIT seed="1,0,0,1,5,84" ten="211,230,230,329" oya="1" hai0="101,130,90,1,15,110,43,40,85,66,89,7,46" hai1="100,122,128,5,96,23,28,98,108,132,125,124,118" hai2="106,11,29,87,115,94,57,97,134,91,135,54,105" hai3="95,117,102,12,119,78,30,20,41,31,39,55,42"/><U48/><E122/><V114/><F29/><W83/><G55/><T4/><D1/><U104/><E118/><N who="3" m="45066" /><G39/><T33/><D33/><U81/><E132/><N who="2" m="50731" /><F54/><W109/><G109/><T80/><D110/><U24/><E108/><V34/><F34/><W74/><G12/><T32/><D32/><U69/><E69/><V25/><F25/><N who="3" m="16679" /><G31/><T14/><D130/><U9/><E128/><V77/><F11/><W88/><G102/><T65/><D101/><U50/><E81/><N who="2" m="47535" /><F57/><W56/><G56/><T10/><D80/><U0/><REACH who="1" step="1"/><E98/><AGARI ba="0,0" hai="41,42,74,78,83,88,95,98" m="16679,45066" machi="98" ten="30,3900,0" yaku="12,1,52,1,54,1" doraHai="84" who="3" fromWho="1" sc="211,0,230,-39,230,0,329,39" /><INIT seed="2,0,0,3,5,126" ten="211,191,230,368" oya="2" hai0="70,5,82,132,23,3,20,103,100,16,42,17,83" hai1="118,62,91,41,102,45,69,105,81,95,90,54,12" hai2="71,8,60,97,106,134,92,29,84,40,15,101,57" hai3="4,133,28,55,72,34,76,86,117,128,115,111,1"/><V7/><F71/><W13/><G86/><T122/><D122/><U93/><E118/><V39/><F134/><W53/><G53/><T10/><D132/><U104/><E102/><V11/><F29/><W24/><G55/><T89/><D70/><U67/><E81/><V87/><F106/><W50/><G50/><T112/><D112/><U121/><E121/><V33/><F33/><W52/><G52/><T99/><D42/><U68/><E68/><V32/><F32/><W64/><G64/><T88/><D83/><U43/><E54/><N who="2" m="33847" /><F39/><W85/><G85/><N who="2" m="32841" /><F11/><W30/><G72/><T114/><D114/><U73/><E73/><V2/><F2/><W135/><G76/><T36/><D36/><U113/><E113/><V80/><F80/><W125/><G1/><T22/><D82/><U25/><E105/><V49/><F49/><W119/><G115/><T108/><D100/><U44/><E104/><V74/><F74/><W98/><G34/><T94/><D22/><U19/><E93/><V18/><F40/><W131/><G117/><T124/><D23/><U129/><E95/><V109/><F109/><W66/><G119/><T27/><D108/><U0/><E0/><V65/><F65/><W48/><G66/><T58/><D103/><U79/><E79/><V38/><F38/><W120/><G120/><T6/><D94/><U9/><E41/><V63/><F63/><W77/><G133/><T37/><D37/><U61/><E61/><V75/><F75/><W26/><G111/><T123/><D123/><U35/><E43/><V78/><F78/><W130/><G135/><RYUUKYOKU ba="0,0" sc="211,-10,191,-10,230,30,368,-10" hai2="7,8,15,18,92,97,101" /><INIT seed="2,1,0,3,2,55" ten="201,181,260,358" oya="2" hai0="23,76,106,48,20,43,22,94,117,40,110,126,92" hai1="31,33,121,18,62,3,90,54,37,118,82,24,128" hai2="71,58,87,42,115,70,113,1,133,53,11,17,49" hai3="2,135,77,124,79,60,15,104,125,102,74,119,83"/><V50/><F1/><W57/><G2/><T64/><D106/><U69/><E118/><V98/><F98/><W120/><G119/><T134/><D117/><U91/><E37/><V81/><F133/><W99/><G120/><T35/><D35/><U6/><E121/><V16/><F71/><W13/><G79/><T19/><D134/><U127/><E127/><N who="3" m="48714" /><G135/><T5/><D5/><U26/><E128/><V41/><F70/><W21/><G21/><N who="0" m="8299" /><D110/><U52/><E18/><N who="2" m="7275" /><F115/><W73/><G73/><T34/><D34/><U36/><E26/><V84/><F113/><W132/><G132/><T10/><D10/><U80/><E36/><V78/><F11/><W29/><G29/><T66/><D76/><U95/><E6/><V96/><F96/><W9/><G9/><T131/><D131/><U129/><E3/><V68/><F68/><W105/><G105/><T14/><D126/><U45/><E129/><V85/><F42/><N who="0" m="15914" /><D48/><N who="2" m="18538" /><F41/><W107/><G107/><T63/><D66/><AGARI ba="1,0" hai="13,15,57,60,66,74,77,83,99,102,104" m="48714" machi="66" ten="30,2000,0" yaku="18,1,52,1" doraHai="55" who="3" fromWho="0" sc="201,-23,181,0,260,0,358,23" /><INIT seed="3,0,0,0,3,47" ten="178,181,260,381" oya="3" hai0="3,133,32,56,35,42,129,118,23,85,12,59,69" hai1="63,27,66,78,13,127,7,31,48,17,37,119,92" hai2="77,107,81,114,24,25,10,91,79,45,29,98,104" hai3="49,130,26,36,30,84,65,116,89,18,57,74,90"/><W122/><G74/><T97/><D118/><U5/><E37/><V70/><F114/><W52/><G36/><T50/><D69/><U16/><E119/><V112/><F112/><W46/><G116/><T123/><D3/><U51/><E127/><V83/><F10/><W121/><G130/><T99/><D123/><U108/><E108/><V68/><F45/><W128/><G128/><T93/><D129/><U71/><E78/><V117/><F117/><W58/><G18/><N who="0" m="10695" /><D35/><U113/><E113/><V67/><F98/><N who="0" m="37386" /><D32/><U105/><E105/><V6/><F91/><W53/><G65/><T76/><D133/><U87/><E17/><V135/><F67/><W120/><G84/><T38/><D38/><U39/><E39/><V40/><F40/><W2/><G2/><T21/><D21/><N who="1" m="15855" /><E71/><V15/><F15/><W55/><G26/><T60/><D60/><U86/><E86/><V41/><F29/><W124/><G30/><T103/><D103/><U126/><E126/><V110/><F6/><N who="1" m="2057" /><E63/><V88/><F70/><W0/><G0/><T28/><D28/><U115/><E66/><V4/><F68/><W95/><G124/><T61/><D61/><U8/><E115/><V14/><F107/><W109/><G109/><T20/><D20/><U54/><E54/><V96/><F110/><W64/><G64/><T9/><D9/><U72/><E72/><V125/><F125/><W106/><G106/><T11/><D11/><U75/><E75/><V132/><F104/><W80/><G121/><T111/><D111/><U94/><E87/><V131/><F131/><W100/><G120/><RYUUKYOKU ba="0,0" sc="178,-10,181,30,260,-10,381,-10" hai1="8,13,16,48,51,92,94" /><INIT seed="4,1,0,2,4,76" ten="168,211,250,371" oya="0" hai0="85,74,64,12,19,67,86,22,3,75,90,123,120" hai1="88,99,36,25,32,60,94,95,63,93,43,126,16" hai2="40,62,113,121,83,133,1,33,70,130,82,92,18" hai3="7,135,14,23,97,79,127,125,107,104,110,100,105"/><T57/><D3/><U51/><E36/><V111/><F40/><W48/><G110/><T101/><D101/><U45/><E126/><N who="3" m="48138" /><G135/><T35/><D35/><U89/><E32/><V8/><F33/><W118/><G118/><T134/><D134/><U56/><E89/><V11/><F111/><W10/><G79/><T80/><D86/><U115/><E115/><V15/><F121/><W54/><G23/><T28/><D28/><U52/><E63/><V108/><F108/><W29/><G29/><T4/><D4/><U30/><E30/><V71/><F133/><W102/><G97/><T72/><REACH who="0" step="1"/><D57/><AGARI ba="1,0" hai="7,10,14,48,54,57,100,102,104,105,107" m="48138" machi="57" ten="40,1300,0" yaku="18,1" doraHai="76" who="3" fromWho="0" sc="168,-16,211,0,250,0,371,16" /><INIT seed="5,0,0,3,0,115" ten="152,211,250,387" oya="1" hai0="131,117,116,88,105,109,43,15,60,81,41,107,35" hai1="17,3,64,118,71,46,127,75,22,125,96,77,50" hai2="13,84,61,30,5,9,114,122,126,21,32,65,7" hai3="74,83,85,57,0,56,25,28,66,54,18,51,23"/><U100/><E3/><V110/><F110/><W29/><G74/><T62/><D109/><U80/><E118/><V37/><F37/><W20/><G0/><T91/><D15/><U38/><E38/><V69/><F122/><W2/><G2/><T95/><D95/><U44/><E71/><V103/><F114/><W1/><G1/><T55/><D55/><U111/><E64/><V87/><F7/><W27/><G66/><T121/><D81/><U19/><E111/><V70/><F70/><W47/><G18/><T12/><D12/><U63/><E63/><V79/><F126/><N who="1" m="48137" /><E22/><V76/><F103/><W133/><G133/><T86/><D86/><U102/><E102/><V124/><F124/><W108/><G108/><T11/><D11/><U33/><E33/><V8/><F8/><W104/><G104/><T119/><D119/><U16/><E50/><V132/><F32/><W26/><G26/><T14/><D14/><U53/><E53/><V4/><F132/><W68/><G68/><T135/><D135/><U99/><E99/><V36/><F36/><W58/><G47/><T129/><D35/><U72/><E72/><V52/><F65/><W39/><G39/><T92/><D92/><AGARI ba="0,0" hai="16,17,19,44,46,75,77,80,92,96,100" m="48137" machi="92" ten="30,2900,0" yaku="18,1,54,1" doraHai="115" who="1" fromWho="0" sc="152,-29,211,29,250,0,387,0" /><INIT seed="5,1,0,1,3,135" ten="123,240,250,387" oya="1" hai0="49,24,35,28,26,102,41,98,12,14,33,112,134" hai1="20,48,63,65,95,61,101,125,109,106,30,59,96" hai2="18,25,119,64,87,111,83,132,89,27,93,108,57" hai3="54,80,67,0,129,107,71,118,10,113,2,123,39"/><U58/><E109/><V21/><F119/><W120/><G39/><T73/><D73/><U44/><E106/><V124/><F132/><W29/><G107/><T42/><D134/><U5/><E5/><V36/><F36/><W82/><G118/><T121/><D112/><U100/><E100/><V19/><F64/><W13/><G113/><T81/><D81/><U122/><E122/><V84/><F57/><W4/><G129/><T97/><D121/><U15/><E125/><V40/><F40/><W127/><G127/><T69/><D49/><U38/><E38/><V104/><F104/><W9/><G29/><T126/><D28/><U8/><E8/><V79/><F124/><W91/><G67/><T131/><D126/><U90/><E90/><V7/><F7/><W72/><G71/><T46/><D46/><U70/><E63/><V110/><F110/><W32/><G32/><T47/><D47/><U78/><E78/><V31/><F19/><W74/><G54/><T50/><D50/><U75/><E75/><V23/><AGARI ba="1,0" hai="18,21,23,25,27,31,79,83,84,87,89,93,108,111" machi="23" ten="20,1500,0" yaku="0,1,7,1" doraHai="135" who="2" fromWho="2" sc="123,-5,240,-8,250,18,387,-5" /><INIT seed="6,0,0,0,1,88" ten="118,232,268,382" oya="2" hai0="30,122,89,76,110,22,100,20,114,37,120,8,54" hai1="10,135,82,131,41,24,39,59,53,72,94,90,116" hai2="14,31,45,4,58,129,33,84,132,35,106,125,25" hai3="46,69,51,63,111,13,65,38,134,127,104,112,87"/><V2/><F106/><W9/><G111/><T78/><D110/><U23/><E116/><V49/><F35/><W99/><G112/><T3/><D37/><U124/><E124/><V56/><F129/><W126/><G134/><T119/><D114/><U15/><E135/><V95/><F132/><W113/><G113/><T44/><D119/><U77/><E131/><V108/><F125/><N who="3" m="47627" /><G87/><T16/><D120/><U101/><E101/><V80/><F2/><W79/><G79/><T66/><D122/><U21/><E41/><V0/><F0/><W86/><G86/><T17/><D66/><U98/><E39/><V73/><F73/><W47/><G38/><T11/><D100/><U91/><E91/><V6/><F108/><W107/><G99/><T19/><D3/><U12/><E23/><V60/><F14/><W57/><G57/><T74/><D74/><U34/><E10/><V64/><F58/><W105/><G51/><T62/><D62/><U43/><E43/><V97/><F84/><W121/><G121/><T109/><D109/><U55/><E55/><V26/><F26/><W29/><G29/><T123/><D123/><U1/><E34/><V61/><F61/><W18/><AGARI ba="0,0" hai="9,13,18,46,47,63,65,69,104,105,107" m="47627" machi="18" ten="40,1500,0" yaku="18,1" doraHai="88" who="3" fromWho="3" sc="118,-4,232,-4,268,-7,382,15" /><INIT seed="7,0,0,3,5,81" ten="114,228,261,397" oya="3" hai0="23,53,93,85,135,88,123,18,76,59,58,1,57" hai1="3,52,44,40,87,90,29,134,63,35,102,96,110" hai2="132,69,95,94,114,118,12,111,99,30,122,47,54" hai3="98,11,19,9,27,109,43,79,75,78,39,119,91"/><W105/><G91/><T8/><D135/><U25/><E110/><V89/><F69/><W32/><G19/><T28/><D123/><U31/><E3/><V97/><F118/><W117/><G27/><T125/><D125/><U108/><E108/><V86/><F111/><W62/><G62/><T61/><D28/><U101/><E31/><V112/><F132/><W60/><G60/><T70/><D70/><U64/><E134/><V83/><F30/><W71/><G98/><T49/><D61/><U65/><E102/><N who="2" m="60727" /><F12/><W67/><G67/><T41/><D41/><U38/><E52/><V74/><F47/><W10/><G43/><T103/><D103/><U84/><E90/><N who="2" m="55799" /><F54/><W82/><G71/><T21/><D21/><U100/><E100/><V124/><F124/><W80/><G32/><T7/><REACH who="0" step="1"/><D76/><REACH who="0" ten="104,228,261,397" step="2"/><U45/><E65/><V130/><F122/><W36/><G79/><T116/><D116/><U50/><E63/><V6/><F130/><W4/><G78/><T56/><D56/><U68/><E64/><V77/><F77/><W104/><G117/><T2/><D2/><U127/><E68/><V17/><F74/><W46/><G119/><T51/><D51/><U66/><E66/><V128/><F128/><W73/><G75/><T92/><D92/><U15/><E127/><V34/><F34/><W107/><G73/><T120/><D120/><U0/><E0/><V48/><F48/><W131/><G131/><T55/><D55/><U20/><E50/><V14/><F89/><W5/><G109/><T26/><AGARI ba="0,1" hai="1,7,8,18,23,26,49,53,57,58,59,85,88,93" machi="26" ten="20,8000,1" yaku="1,1,0,1,7,1,52,1,54,1,53,0" doraHai="81" doraHaiUra="72" who="0" fromWho="0" sc="104,90,228,-20,261,-20,397,-40" owari="194,-31.0,208,-19.0,241,4.0,357,46.0" /></mjloggm>