<mjloggm ver="2.3"><GO type="169" lobby="0"/><UN n0="%63%67%66%35%34%38%35%38" n1="%E8%A6%AA%E6%8C%87%EF%BC%88%E5%A4%A7%EF%BC%89" n2="%E3%83%88%E3%83%88%E3%83%AA%E5%85%88%E7%94%9F%31%39%E6%AD%B3" n3="%E7%B5%B6%E5%AF%BE%E4%B8%8D%E5%8F%AF%E4%BE%B5%E9%A0%98%E5%9F%9F" dan="17,17,18,16" rate="2119.42,2199.58,2201.39,2151.63" sx="M,M,F,M"/><TAIKYOKU oya="0"/><INIT seed="0,0,0,2,3,18" ten="250,250,250,250" oya="0" hai0="66,32,129,105,28,112,135,56,117,76,78,108,84" hai1="8,1,103,15,4,71,23,36,87,49,95,102,60" hai2="75,59,29,134,125,131,62,101,38,111,83,37,80" hai3="53,81,122,97,116,10,132,12,65,106,31,24,92"/><T72/><D56/><U14/><E36/><V0/><F0/><W13/><G116/><T91/><D66/><U21/><E49/><V7/><F7/><W58/><G65/><T79/><D28/><U2/><E2/><V9/><F9/><W74/><G106/><T128/><D32/><U55/><E1/><V57/><F29/><W85/><G74/><T41/><D41/><U89/><E14/><V133/><F101/><N who="1" m="38409" /><E71/><V109/><F75/><W82/><G122/><T64/><D64/><U94/><E95/><V45/><F131/><N who="0" m="50250" /><D117/><U51/><E60/><V22/><F62/><W3/><G3/><T113/><D105/><U26/><E26/><V61/><F61/><W93/><G58/><AGARI ba="0,0" hai="4,8,15,21,23,51,55,58,87,89,94" m="38409" machi="58" ten="30,3900,0" yaku="8,1,52,2" doraHai="18" who="1" fromWho="3" sc="250,0,250,39,250,0,250,-39" /><INIT seed="1,0,0,0,4,8" ten="250,289,250,211" oya="1" hai0="90,88,60,33,13,38,119,78,45,75,89,6,27" hai1="25,100,124,125,82,132,29,103,5,129,77,83,36" hai2="81,127,34,31,66,126,134,61,4,18,39,91,108" hai3="109,110,28,69,64,54,71,35,94,48,26,123,52"/><U40/><E132/><V116/><F116/><W79/><G123/><T104/><D104/><U30/><E129/><V0/><F39/><W95/><G79/><T107/><D107/><U57/><E5/><V11/><F134/><W76/><G76/><T114/><D114/><U96/><E57/><V135/><F135/><W62/><G71/><T68/><D119/><U59/><E59/><V120/><F120/><W63/><G62/><T112/><D112/><U19/><E19/><V80/><F108/><N who="3" m="41579" /><G54/><T92/><D75/><U131/><E131/><V117/><F117/><W130/><G130/><T1/><D1/><U74/><E83/><V105/><F105/><W101/><G101/><T70/><D78/><U67/><E67/><V47/><F47/><AGARI ba="0,0" hai="26,28,35,47,48,52,63,64,69,94,95" m="41579" machi="47" ten="30,2000,0" yaku="14,1,54,1" doraHai="8" who="3" fromWho="2" sc="250,0,289,0,250,-20,211,20" /><INIT seed="2,0,0,1,1,73" ten="250,289,230,231" oya="2" hai0="85,127,107,105,57,5,72,128,66,125,41,103,39" hai1="102,108,119,98,50,31,134,3,86,48,118,112,36" hai2="124,123,34,46,135,64,26,55,92,116,63,14,76" hai3="74,62,97,89,79,58,65,110,17,75,19,59,22"/><V77/><F116/><W120/><G120/><T117/><D5/><U11/><E112/><V78/><F123/><W8/><G110/><T33/><D33/><U94/><E36/><V37/><F135/><W99/><G75/><T2/><D2/><U52/><E108/><V69/><F124/><W68/><G8/><T126/><D39/><U12/><E3/><V10/><F92/><W132/><G132/><T91/><D41/><U82/><E31/><V87/><F26/><W28/><G28/><T133/><D66/><U30/><E30/><V93/><F34/><W1/><G1/><T32/><D57/><U122/><E134/><V95/><F87/><W45/><G19/><T4/><D4/><U18/><E122/><V43/><REACH who="2" step="1"/><F55/><REACH who="2" ten="250,289,220,231" step="2"/><W38/><G74/><T130/><D32/><U80/><E80/><V9/><F9/><W101/><G97/><T84/><D133/><U100/><E119/><V104/><F104/><W25/><G99/><N who="0" m="61695" /><D117/><U56/><E118/><V0/><F0/><W24/><G24/><T35/><D35/><U61/><REACH who="1" step="1"/><E102/><REACH who="1" ten="250,279,220,231" step="2"/><V40/><F40/><W109/><G101/><T90/><D125/><U49/><E49/><V27/><F27/><W60/><G109/><T81/><D126/><U6/><E6/><AGARI ba="0,2" hai="6,10,14,37,43,46,63,64,69,76,77,78,93,95" machi="6" ten="40,12000,1" yaku="1,1,52,3,53,0" doraHai="73" doraHaiUra="13" who="2" fromWho="1" sc="250,0,279,-120,220,140,231,0" /><INIT seed="2,1,0,2,4,46" ten="250,159,360,231" oya="2" hai0="74,127,68,107,65,96,112,61,51,59,126,8,116" hai1="35,114,82,70,1,80,54,89,58,53,115,84,134" hai2="102,81,76,94,48,13,128,131,23,3,4,87,26" hai3="69,24,63,22,6,12,133,44,28,18,77,106,135"/><V120/><F120/><W124/><G106/><T109/><D74/><U108/><E70/><V105/><F3/><W14/><G77/><T73/><D73/><U117/><E117/><V31/><F105/><W99/><G99/><T49/><D107/><U92/><E1/><V42/><F102/><W33/><G44/><T125/><D96/><U10/><E35/><V91/><F42/><W30/><G63/><N who="0" m="39999" /><D112/><U121/><E121/><V41/><F41/><W19/><G69/><T36/><D8/><U0/><E108/><V103/><F103/><W97/><G97/><T83/><D83/><U29/><E29/><V123/><F123/><W113/><G113/><T71/><D109/><U40/><E134/><N who="3" m="51210" /><G124/><T27/><D27/><U39/><E54/><V85/><F48/><N who="0" m="18506" /><D116/><U100/><E100/><V88/><F76/><W118/><G118/><T60/><D71/><U132/><E132/><V129/><F13/><N who="3" m="5227" /><G6/><AGARI ba="1,0" hai="4,6,23,26,31,81,85,87,88,91,94,128,129,131" machi="6" ten="40,3900,0" yaku="19,1,54,1" doraHai="46" who="2" fromWho="3" sc="250,0,159,0,360,42,231,-42" /><INIT seed="2,2,0,1,0,69" ten="250,159,402,189" oya="2" hai0="54,125,92,85,73,65,121,68,72,117,36,108,53" hai1="35,63,66,97,78,38,114,77,88,32,95,11,113" hai2="52,3,5,42,112,40,56,24,10,44,82,70,118" hai3="106,51,110,122,17,81,80,130,90,71,39,76,87"/><V33/><F112/><W30/><G122/><T50/><D121/><U8/><E114/><V103/><F118/><W60/><G106/><T4/><D117/><U13/><E113/><V34/><F70/><W45/><G110/><T107/><D107/><U0/><E38/><V59/><F103/><W133/><G130/><T74/><D108/><U62/><E0/><V29/><F34/><W79/><G30/><T128/><D128/><U126/><E126/><V26/><F26/><W1/><G1/><T96/><D85/><U12/><E35/><V55/><F82/><W15/><G39/><T109/><D36/><U99/><E32/><V127/><F44/><W22/><G133/><T23/><D109/><U7/><E97/><V119/><F127/><W131/><G131/><T98/><D125/><U93/><E93/><V6/><F6/><W28/><G28/><T86/><D4/><U31/><E31/><V9/><F9/><W2/><G2/><T41/><D23/><U91/><E91/><V105/><F105/><W43/><REACH who="3" step="1"/><G81/><REACH who="3" ten="250,159,402,179" step="2"/><T61/><D92/><U20/><E20/><N who="2" m="15495" /><F119/><W101/><G101/><T120/><D120/><U89/><E11/><V67/><F33/><W47/><G47/><T57/><D72/><U37/><E37/><V46/><F46/><W64/><AGARI ba="2,1" hai="15,17,22,43,45,51,60,64,71,76,79,80,87,90" machi="64" ten="30,2000,0" yaku="1,1,0,1,53,0" doraHai="69" doraHaiUra="115" who="3" fromWho="3" sc="250,-7,159,-7,402,-12,179,36" /><INIT seed="3,0,0,4,4,0" ten="243,152,390,215" oya="3" hai0="48,59,125,103,98,104,99,111,46,6,36,82,85" hai1="15,105,100,80,66,30,42,56,102,47,124,113,45" hai2="64,115,133,38,87,101,84,11,60,126,97,63,52" hai3="123,19,75,2,12,121,25,96,27,5,14,51,94"/><W61/><G75/><T20/><D111/><U16/><E113/><V86/><F115/><W81/><G2/><T24/><D125/><U69/><E124/><V120/><F126/><W74/><G61/><T8/><D36/><U37/><E69/><V4/><F38/><W31/><G51/><T23/><D59/><U108/><E108/><V73/><F73/><W41/><G41/><T50/><D99/><U18/><E30/><V44/><F133/><W109/><G109/><T1/><D24/><U112/><E112/><V9/><F9/><N who="3" m="4143" /><G123/><T135/><D135/><U77/><E47/><V131/><F131/><W118/><G118/><T43/><D50/><U57/><E18/><V110/><F110/><W130/><G130/><T92/><REACH who="0" step="1"/><D104/><REACH who="0" ten="233,152,390,215" step="2"/><U107/><E107/><V89/><F63/><W21/><G121/><T40/><D40/><U117/><E117/><V58/><F120/><W95/><G27/><T26/><D26/><U70/><E70/><V71/><F71/><W34/><G96/><T7/><D7/><U65/><E57/><V28/><F97/><W39/><G39/><T13/><D13/><U55/><E105/><V119/><F60/><W93/><G34/><T116/><D116/><U62/><E66/><V72/><F64/><W22/><G74/><T88/><AGARI ba="0,1" hai="1,6,8,20,23,43,46,48,82,85,88,92,98,103" machi="88" ten="20,12000,2" yaku="1,1,0,1,7,1,52,1,54,1,53,1" doraHai="0" doraHaiUra="76" who="0" fromWho="0" sc="233,130,152,-30,390,-30,215,-60" /><INIT seed="4,0,0,3,0,2" ten="363,122,360,155" oya="0" hai0="30,121,41,97,135,59,26,65,95,94,1,74,113" hai1="34,105,8,109,103,17,84,62,4,82,24,50,70" hai2="11,116,71,66,76,67,108,104,36,110,60,111,122" hai3="123,28,43,58,48,55,102,32,93,127,42,89,75"/><T12/><D1/><U16/><E109/><V72/><F122/><W99/><G123/><T101/><D113/><U18/><E50/><V130/><F130/><W79/><G127/><T21/><D121/><U83/><E105/><V81/><F116/><W85/><G32/><T9/><D74/><U6/><E103/><V129/><F129/><W52/><G28/><T46/><D135/><U119/><E119/><V128/><F128/><W37/><G37/><T78/><D78/><U33/><E24/><V56/><F56/><W38/><G38/><T100/><D65/><U44/><E44/><V14/><F67/><W45/><G75/><T53/><D41/><U68/><E83/><V131/><F131/><W73/><G79/><T125/><D46/><U114/><E114/><V22/><F36/><W0/><G0/><T57/><D125/><U91/><E62/><V64/><F64/><W3/><G3/><T132/><D132/><U86/><E86/><V49/><F49/><N who="3" m="30991" /><G73/><T118/><D118/><U13/><REACH who="1" step="1"/><E6/><REACH who="1" ten="363,112,360,155" step="2"/><N who="2" m="3447" /><F104/><W20/><G102/><T35/><D101/><U25/><E25/><V7/><F7/><W92/><G85/><T23/><D94/><U115/><E115/><V29/><F110/><W96/><G93/><T120/><D120/><U117/><E117/><V112/><F112/><W90/><G99/><T133/><D133/><U134/><E134/><V61/><F61/><W54/><G90/><T5/><D59/><U107/><E107/><V63/><F63/><AGARI ba="0,1" hai="5,9,12,21,23,26,30,35,53,57,63,95,97,100" machi="63" ten="30,2900,0" yaku="7,1,52,1" doraHai="2" who="0" fromWho="2" sc="363,39,112,0,360,-29,155,0" /><INIT seed="4,1,0,2,5,47" ten="402,112,331,155" oya="0" hai0="55,60,59,7,134,56,98,18,32,86,69,3,38" hai1="64,82,118,78,61,10,20,31,5,39,51,123,37" hai2="113,62,95,43,96,36,84,99,40,109,4,72,73" hai3="126,45,9,17,68,21,2,124,114,122,75,30,80"/><T63/><D38/><U33/><E118/><V14/><F109/><W6/><G68/><T8/><D69/><U107/><E123/><V97/><F113/><W41/><G114/><T92/><D134/><U52/><E33/><V105/><F105/><W88/><G30/><T24/><D86/><U49/><E107/><V74/><F36/><W66/><G66/><T65/><D32/><U106/><E106/><V93/><F84/><W117/><G117/><T50/><D24/><U70/><E20/><V25/><F25/><W1/><G1/><T91/><D18/><U83/><E31/><V90/><F62/><W112/><G122/><T129/><REACH who="0" step="1"/><D63/><REACH who="0" ten="392,112,331,155" step="2"/><U89/><E39/><V87/><F87/><N who="3" m="50279" /><G112/><T110/><D110/><U135/><E37/><V100/><F74/><W28/><G75/><T102/><D102/><U132/><E132/><V111/><F111/><W58/><G17/><T15/><D15/><U77/><E135/><V53/><F72/><W108/><G108/><T104/><D104/><U19/><E19/><V29/><F73/><W79/><G124/><T34/><D34/><U12/><E89/><V0/><F14/><W131/><G126/><T128/><AGARI ba="1,1" hai="3,7,8,50,55,56,59,60,65,91,92,98,128,129" machi="128" ten="30,6000,0" yaku="1,1,0,1,52,1,53,0" doraHai="47" doraHaiUra="22" who="0" fromWho="0" sc="392,73,112,-21,331,-21,155,-21" /><INIT seed="4,2,0,0,2,77" ten="465,91,310,134" oya="0" hai0="10,69,3,118,51,93,84,56,123,52,120,18,57" hai1="42,134,94,13,50,79,7,28,64,70,108,130,111" hai2="38,36,40,87,78,128,60,112,27,11,65,99,67" hai3="15,106,46,107,29,54,4,135,98,0,41,25,47"/><T14/><D118/><U19/><E134/><V80/><F112/><W88/><G0/><T21/><D69/><U43/><E130/><V116/><F128/><W71/><G71/><T95/><D57/><U122/><E122/><V104/><F116/><W75/><G75/><T105/><D105/><U39/><E39/><V127/><F127/><W101/><G135/><T58/><D58/><U2/><E28/><V26/><F11/><W83/><G106/><T34/><D34/><U6/><E2/><V12/><F12/><W121/><G121/><T63/><D63/><U86/><E70/><V32/><F26/><W48/><G4/><N who="0" m="1311" /><D93/><U96/><E64/><V31/><F40/><N who="1" m="15401" /><E50/><V124/><F124/><W113/><G113/><T90/><AGARI ba="2,0" hai="14,18,21,51,52,56,84,90,95,120,123" m="1311" machi="90" ten="30,3000,0" yaku="25,1,54,1" doraHai="77" who="0" fromWho="0" sc="465,36,91,-12,310,-12,134,-12" /><INIT seed="4,3,0,4,1,111" ten="501,79,298,122" oya="0" hai0="48,9,49,66,92,87,21,99,78,2,105,19,17" hai1="124,68,130,94,123,74,91,20,128,34,53,24,38" hai2="8,84,97,120,104,86,30,36,4,25,57,60,77" hai3="52,131,73,72,112,63,41,58,76,135,55,37,50"/><T127/><D127/><U10/><E123/><V129/><F120/><W23/><G131/><N who="1" m="50218" /><E124/><V117/><F129/><W70/><G135/><T1/><D105/><U85/><E38/><V133/><F36/><W126/><G126/><T7/><D2/><U22/><E74/><V116/><F133/><W59/><G76/><T119/><D119/><N who="2" m="45642" /><F77/><W32/><G32/><T122/><D122/><U40/><E40/><V115/><F115/><W80/><G112/><T83/><D66/><U54/><E68/><V96/><F96/><W71/><G80/><T44/><D21/><N who="1" m="8299" /><E10/><V103/><F25/><W27/><G73/><T109/><D109/><U26/><E26/><V79/><F79/><W98/><G72/><T18/><D44/><U114/><E114/><V65/><F30/><AGARI ba="3,0" hai="24,30,34,53,54,85,91,94" m="8299,50218" machi="30" ten="30,1000,0" yaku="19,1" doraHai="111" who="1" fromWho="2" sc="501,0,79,19,298,-19,122,0" /><INIT seed="5,0,0,3,0,56" ten="501,98,279,122" oya="1" hai0="3,123,44,62,119,53,131,57,43,82,21,14,49" hai1="133,104,69,68,5,35,105,26,58,72,125,0,4" hai2="114,59,7,6,127,81,97,129,46,22,13,36,33" hai3="100,67,27,41,132,83,20,124,115,47,110,101,24"/><U77/><E133/><V135/><F33/><W42/><G110/><T122/><D3/><U31/><E125/><V17/><F135/><W45/><G132/><T38/><D119/><U87/><E87/><V95/><F127/><W16/><G124/><T64/><D131/><U40/><E58/><V50/><F129/><W106/><G115/><T10/><D21/><U37/><E5/><V80/><F36/><W66/><G83/><N who="2" m="31817" /><F59/><W90/><G90/><T92/><D92/><U55/><E55/><N who="2" m="30167" /><F114/><W98/><G45/><T102/><D82/><N who="1" m="45351" /><E40/><V63/><F63/><W86/><G42/><T126/><D126/><U2/><E37/><V25/><F13/><W128/><G128/><T78/><D78/><U28/><E28/><V8/><F8/><W75/><G75/><T76/><D76/><U39/><E39/><V23/><F23/><W121/><G121/><T51/><D51/><U34/><E34/><V108/><F108/><W109/><G109/><T84/><D123/><U88/><E88/><AGARI ba="0,0" hai="6,7,17,22,25,88,95,97" m="30167,31817" machi="88" ten="30,2000,0" yaku="8,1,54,1" doraHai="56" who="2" fromWho="1" sc="501,0,98,-20,279,20,122,0" /><INIT seed="6,0,0,2,0,111" ten="501,78,299,122" oya="2" hai0="14,75,53,15,88,1,104,47,29,128,50,105,13" hai1="36,115,90,58,41,77,23,33,49,32,112,66,79" hai2="99,74,17,34,108,93,116,54,118,124,96,130,110" hai3="67,55,101,70,59,117,119,91,100,95,9,120,57"/><V87/><F34/><W27/><G120/><T42/><D1/><U52/><E66/><V76/><F17/><W60/><G70/><T44/><D75/><U127/><E127/><V84/><F54/><W114/><G119/><N who="2" m="45609" /><F124/><W61/><G117/><T56/><D128/><U126/><E126/><V12/><F12/><W43/><G43/><T0/><D0/><U83/><E90/><N who="2" m="55351" /><F99/><W7/><G27/><T80/><D29/><U11/><E23/><V64/><F64/><W18/><G18/><T8/><D8/><U78/><E83/><N who="2" m="45463" /><F130/><W109/><G67/><T134/><D47/><N who="1" m="23975" /><E11/><V37/><F37/><W82/><G9/><T26/><D26/><U102/><E102/><V113/><F113/><AGARI ba="0,0" hai="32,33,49,52,58,77,78,79,112,113,115" m="23975" machi="113" ten="30,8000,1" yaku="15,1,52,3,54,1" doraHai="111" who="1" fromWho="2" sc="501,0,78,80,299,-80,122,0" /><INIT seed="7,0,0,5,4,41" ten="501,158,219,122" oya="3" hai0="114,54,127,50,51,124,81,31,73,21,110,90,87" hai1="84,67,95,16,20,134,47,46,111,28,126,128,36" hai2="129,125,60,66,85,22,62,82,103,38,9,39,109" hai3="123,112,120,2,48,132,18,70,52,34,78,91,65"/><W3/><G34/><T14/><D110/><U7/><E111/><V102/><F109/><W44/><G112/><T32/><D32/><U88/><E134/><V98/><F129/><W26/><G132/><T92/><D114/><U74/><E74/><V93/><F125/><W131/><G131/><T72/><D51/><U135/><E135/><V43/><F102/><W11/><G78/><T4/><D4/><U69/><E128/><V119/><F119/><W45/><G91/><T64/><D64/><U101/><E126/><V58/><F43/><W117/><G117/><T105/><D105/><U17/><E7/><V35/><F35/><W133/><G133/><T107/><D107/><U79/><E79/><V71/><F9/><W77/><G77/><T49/><D49/><U99/><E36/><V68/><F68/><W8/><G45/><N who="1" m="16906" /><E69/><V104/><F104/><W106/><G106/><T59/><D81/><N who="1" m="49167" /><E67/><V57/><F71/><W0/><G65/><T94/><D94/><U121/><E121/><V19/><F82/><W15/><G70/><T33/><D127/><U86/><E86/><V25/><F85/><W12/><REACH who="3" step="1"/><G26/><AGARI ba="0,0" hai="16,17,20,26,28,95,99,101" m="49167,16906" machi="26" ten="30,12000,2" yaku="8,1,52,3,54,2" doraHai="41" who="1" fromWho="3" sc="501,0,158,120,219,0,122,-120" owari="501,60.0,278,8.0,219,-18.0,2,-50.0" /></mjloggm>