<mjloggm ver="2.3"><GO type="169" lobby="0"/><UN n0="%E3%82%A6%E3%83%AB%E3%83%88%E3%83%A9%E7%AB%8B%E7%9B%B4" n1="%E3%83%AB%E3%83%BC%E3%82%B7%E3%82%A2%E3%81%AE%E3%82%88%E3%81%86%E3%81%AB" n2="%53%55%50%45%52%43%41%52" n3="%E3%82%AF%E3%83%AD%E3%83%8E%E3%82%B9%40" dan="17,16,16,16" rate="2163.75,2085.40,2110.43,2160.27" sx="M,M,M,M"/><TAIKYOKU oya="0"/><INIT seed="0,0,0,5,1,120" ten="250,250,250,250" oya="0" hai0="72,4,11,129,10,114,124,108,60,135,77,110,31" hai1="97,45,18,30,105,41,15,111,57,26,132,83,39" hai2="69,81,53,40,17,37,52,117,59,51,20,1,0" hai3="35,90,9,6,16,19,107,36,125,13,25,104,49"/><T65/><D114/><U28/><E132/><V68/><F117/><W93/><G36/><T87/><D135/><U55/><E111/><N who="0" m="42537" /><D129/><U134/><E134/><V14/><F40/><W101/><G125/><T127/><D72/><U100/><E26/><V89/><F37/><W64/><G64/><T54/><D31/><U7/><E7/><V130/><F130/><W32/><G101/><T106/><D106/><U92/><E83/><V86/><F68/><W102/><G102/><T24/><D24/><U48/><E105/><V121/><F121/><W8/><G25/><T88/><D54/><U63/><E39/><V73/><F69/><W84/><G35/><T62/><D77/><U67/><E67/><V112/><F112/><W78/><G32/><T126/><D65/><U98/><E97/><V34/><F34/><W2/><G78/><T119/><D119/><U96/><E98/><V27/><F73/><W46/><G104/><T123/><D123/><U71/><E71/><V82/><F27/><W22/><G107/><T43/><D43/><U80/><E80/><V3/><F53/><W85/><G85/><T21/><D21/><AGARI ba="0,0" hai="15,18,21,28,30,41,45,48,55,57,63,92,96,100" machi="21" ten="30,2000,0" yaku="7,1,8,1" doraHai="120" who="1" fromWho="0" sc="250,-20,250,20,250,0,250,0" /><INIT seed="1,0,0,2,0,24" ten="230,270,250,250" oya="1" hai0="97,78,51,27,116,100,11,114,46,108,76,122,47" hai1="4,120,48,101,91,62,127,49,73,99,19,74,23" hai2="25,9,86,63,103,37,135,112,71,68,95,44,17" hai3="72,42,18,5,21,8,93,84,3,111,85,29,83"/><U41/><E120/><V6/><F135/><W65/><G111/><T38/><D116/><U109/><E127/><V79/><F112/><W14/><G65/><T80/><D114/><U123/><E123/><V1/><F103/><W33/><G42/><T121/><D108/><U58/><E109/><V96/><F96/><W92/><G72/><T31/><D11/><U90/><E4/><V113/><F113/><W126/><G126/><T7/><D7/><U26/><E74/><V98/><F98/><W61/><G61/><T50/><D38/><U32/><E32/><V57/><F37/><W59/><G59/><T117/><D117/><U45/><E49/><V16/><F44/><W56/><G56/><T104/><D47/><U107/><REACH who="1" step="1"/><E73/><REACH who="1" ten="230,260,250,250" step="2"/><V119/><F6/><W40/><G33/><T87/><D51/><U75/><E75/><V35/><F35/><W66/><G5/><T20/><REACH who="0" step="1"/><D78/><REACH who="0" ten="220,260,250,250" step="2"/><U118/><E118/><V36/><F79/><W88/><G3/><T131/><D131/><U134/><E134/><V64/><F1/><W77/><G77/><T70/><D70/><U129/><E129/><V67/><F119/><W133/><G133/><T30/><D30/><U106/><E106/><V124/><F124/><W125/><G29/><T69/><D69/><U0/><E0/><V13/><F36/><W34/><G125/><T94/><D94/><U105/><E105/><V102/><F71/><W43/><G93/><T81/><D81/><U60/><E60/><V55/><F68/><W128/><G128/><T130/><D130/><U39/><E39/><V115/><F95/><RYUUKYOKU ba="0,2" sc="220,15,260,15,250,-15,250,-15" hai0="20,27,31,46,50,76,80,87,97,100,104,121,122" hai1="19,23,26,41,45,48,58,62,90,91,99,101,107" /><INIT seed="1,1,2,0,3,16" ten="235,275,235,235" oya="1" hai0="52,106,42,12,32,91,24,67,76,119,50,102,78" hai1="97,103,9,55,130,28,82,65,127,1,112,89,114" hai2="53,124,134,95,8,99,46,47,36,15,90,105,45" hai3="87,58,100,19,72,39,22,41,68,118,10,107,81"/><U25/><E130/><V56/><F134/><W111/><G68/><T13/><D119/><U84/><E127/><V101/><F124/><W70/><G70/><T129/><D129/><U26/><E65/><V66/><F66/><W4/><G118/><T2/><D2/><U98/><E55/><V48/><F36/><W108/><G58/><T109/><D106/><U44/><E44/><V135/><F135/><W121/><G121/><T40/><D102/><U59/><E59/><V35/><F35/><W96/><G72/><T79/><D67/><U3/><E25/><V30/><F30/><W6/><G41/><N who="0" m="15979" /><D32/><U60/><E60/><V71/><F71/><W123/><G39/><T54/><D109/><N who="3" m="42057" /><G123/><T61/><D24/><U74/><E74/><V113/><F113/><W18/><G18/><T73/><D73/><U37/><E37/><V104/><REACH who="2" step="1"/><F101/><REACH who="2" ten="235,275,225,235" step="2"/><W20/><G19/><AGARI ba="1,3" hai="8,15,19,45,46,47,48,53,56,90,95,99,104,105" machi="19" ten="40,2600,0" yaku="1,1,2,1,53,0" doraHai="16" doraHaiUra="125" who="2" fromWho="3" sc="235,0,275,0,225,59,235,-29" /><INIT seed="2,0,0,3,0,29" ten="235,275,284,206" oya="2" hai0="55,125,1,117,105,57,77,22,19,45,109,68,123" hai1="37,32,65,49,23,126,46,111,92,115,64,24,41" hai2="36,76,80,84,121,74,95,42,51,114,131,28,2" hai3="66,116,120,50,97,124,8,101,119,106,75,6,69"/><V40/><F114/><W5/><G120/><T20/><D123/><U87/><E115/><V79/><F121/><W85/><G75/><T118/><D68/><U107/><E107/><V128/><F36/><W104/><G104/><T53/><D105/><U72/><E72/><V38/><F38/><W35/><G124/><T89/><D1/><U48/><E32/><V133/><F2/><N who="3" m="55" /><G6/><T47/><D57/><U86/><E126/><V9/><F9/><W91/><G91/><T132/><D89/><U135/><E135/><V16/><F133/><W99/><G85/><T11/><D11/><U88/><E111/><V102/><F28/><W7/><G97/><T25/><D132/><U21/><E21/><V17/><F102/><W98/><G98/><T61/><D125/><U100/><E100/><V83/><F95/><W94/><G50/><T78/><D61/><U30/><E48/><V12/><F51/><W70/><G94/><T90/><D90/><U122/><E122/><V44/><F44/><W15/><G35/><T73/><D73/><U113/><E113/><V130/><REACH who="2" step="1"/><F12/><REACH who="2" ten="235,275,274,206" step="2"/><W54/><G15/><T52/><D47/><U82/><E37/><V63/><F63/><W33/><G101/><T60/><D60/><U108/><E108/><V127/><F127/><W134/><G134/><T67/><D45/><U43/><E41/><AGARI ba="0,1" hai="16,17,40,41,42,74,76,79,80,83,84,128,130,131" machi="41" ten="40,12000,1" yaku="1,1,19,1,54,1,53,2" doraHai="29" doraHaiUra="14" who="2" fromWho="1" sc="235,0,275,-120,274,130,206,0" /><INIT seed="2,1,0,0,4,86" ten="235,155,404,206" oya="2" hai0="108,29,67,118,131,17,38,41,82,32,94,87,91" hai1="89,14,104,102,77,24,36,72,16,92,63,11,125" hai2="112,119,111,84,121,130,1,96,83,8,60,69,43" hai3="133,26,127,49,66,40,76,99,4,59,101,103,114"/><V106/><F119/><W68/><G133/><T27/><D118/><U65/><E125/><V93/><F112/><W100/><G127/><T123/><D123/><U75/><E36/><V22/><F121/><W30/><G114/><T48/><D131/><U78/><E75/><V105/><F130/><W10/><G76/><T64/><D108/><U52/><E72/><V39/><F111/><W120/><G120/><T2/><D38/><U12/><E24/><V54/><F22/><W51/><G68/><T85/><D2/><U19/><E102/><V13/><F1/><W9/><G99/><T95/><D17/><U97/><E104/><V74/><F74/><W23/><G40/><T128/><D128/><U21/><REACH who="1" step="1"/><E52/><REACH who="1" ten="235,145,404,206" step="2"/><V44/><F39/><W132/><G132/><T71/><D27/><U33/><E33/><V90/><F54/><W88/><G101/><T55/><D32/><U129/><E129/><V45/><F106/><W0/><G103/><T31/><D55/><U98/><E98/><V73/><F73/><W18/><G100/><T7/><D64/><U34/><E34/><V25/><F25/><W79/><G66/><T56/><D67/><U115/><E115/><V5/><F105/><W122/><G122/><T113/><D113/><U3/><E3/><V116/><F116/><W110/><G0/><T46/><D41/><U57/><AGARI ba="1,1" hai="11,12,14,16,19,21,57,63,65,77,78,89,92,97" machi="57" ten="20,12000,2" yaku="1,1,0,1,7,1,8,1,52,1,54,1,53,0" doraHai="86" doraHaiUra="107" who="1" fromWho="1" sc="235,-31,145,133,404,-61,206,-31" /><INIT seed="3,0,0,5,1,13" ten="204,278,343,175" oya="3" hai0="24,64,99,98,90,120,33,110,109,40,83,38,132" hai1="16,71,79,50,14,19,70,57,112,26,121,10,105" hai2="94,82,23,46,89,125,102,32,48,21,7,75,133" hai3="29,85,58,88,87,11,28,92,100,115,76,108,135"/><W122/><G122/><T77/><D120/><U53/><E112/><V68/><F32/><W131/><G115/><T80/><D64/><U118/><E105/><V60/><F68/><W126/><G131/><T22/><D33/><U43/><E121/><V116/><F116/><W93/><G135/><T56/><D132/><U113/><E113/><V130/><F133/><W5/><G126/><T15/><D15/><U123/><E123/><V31/><F125/><W1/><G108/><N who="0" m="41579" /><D56/><U111/><E111/><V73/><F73/><W69/><G69/><T66/><D66/><U34/><E118/><V62/><F7/><W134/><G134/><T30/><D90/><U41/><E71/><V17/><F130/><W4/><G4/><T8/><D8/><U25/><E34/><V20/><F89/><W55/><G100/><T119/><D119/><U63/><E79/><V3/><F102/><W36/><G36/><T91/><D91/><U61/><E70/><V51/><F3/><W124/><G124/><T128/><D128/><U103/><E103/><V2/><F2/><W97/><G85/><N who="0" m="48271" /><D83/><U74/><E74/><V86/><F82/><N who="3" m="47559" /><G93/><T96/><D96/><U44/><E25/><V52/><F75/><W18/><G1/><T107/><D107/><U27/><E27/><V35/><F35/><W101/><G101/><T9/><D9/><U45/><E61/><V0/><F62/><N who="3" m="36191" /><G5/><T84/><D84/><U49/><E26/><V114/><F86/><W78/><G78/><T54/><D54/><U6/><AGARI ba="0,0" hai="6,10,14,16,19,41,43,44,45,49,50,53,57,63" machi="6" ten="20,12000,2" yaku="0,1,7,1,9,1,8,1,52,2,54,1" doraHai="13" who="1" fromWho="1" sc="204,-30,278,120,343,-30,175,-60" /><INIT seed="4,0,0,4,3,128" ten="174,398,313,115" oya="0" hai0="27,37,4,112,52,15,131,123,55,85,42,116,32" hai1="126,101,125,84,124,135,100,9,50,16,95,47,127" hai2="6,30,24,90,73,60,97,129,83,76,88,59,49" hai3="3,79,23,75,10,25,106,110,20,35,108,57,31"/><T80/><D116/><U78/><E126/><V65/><F129/><W119/><G106/><T54/><D123/><U130/><E130/><V96/><F6/><N who="3" m="1375" /><G57/><T19/><D131/><U61/><E61/><V62/><F49/><W72/><G79/><T87/><D112/><U111/><E111/><N who="3" m="42538" /><G75/><T103/><D103/><U70/><E135/><V14/><F14/><W29/><G72/><T48/><D37/><U114/><E114/><V99/><REACH who="2" step="1"/><F62/><REACH who="2" ten="174,398,303,115" step="2"/><W71/><G119/><T51/><D4/><U34/><E50/><V64/><F64/><W41/><G41/><T89/><D42/><U43/><E43/><V8/><F8/><W121/><G121/><T134/><D51/><U44/><E9/><V40/><F40/><W45/><G45/><T86/><D48/><U63/><E44/><V122/><F122/><W68/><G68/><T69/><D69/><U66/><E47/><V1/><F1/><W33/><G71/><T53/><D53/><U11/><E70/><V58/><F58/><W0/><G0/><T133/><D52/><U105/><E63/><V22/><AGARI ba="0,1" hai="22,24,30,59,60,65,73,76,83,88,90,96,97,99" machi="22" ten="30,7900,0" yaku="1,1,0,1,54,1,53,1" doraHai="128" doraHaiUra="21" who="2" fromWho="2" sc="174,-39,398,-20,303,89,115,-20" /><INIT seed="5,0,0,3,0,44" ten="135,378,392,95" oya="1" hai0="125,94,39,60,95,103,118,18,107,31,21,65,35" hai1="124,77,27,135,40,43,99,46,23,106,75,7,74" hai2="1,116,110,57,90,41,10,9,123,114,79,62,104" hai3="72,53,112,29,128,83,131,61,2,20,52,58,37"/><U82/><E135/><V93/><F110/><W14/><G2/><T63/><D39/><U26/><E124/><V129/><F123/><W33/><G37/><T51/><D118/><U71/><E71/><V24/><F116/><W12/><G112/><T120/><D125/><U34/><E40/><V25/><F104/><W80/><G33/><T76/><D76/><U87/><E7/><V45/><F114/><W3/><G3/><T4/><D4/><U86/><E34/><V5/><F79/><W92/><G92/><T113/><D113/><U36/><E26/><V91/><F10/><W102/><G102/><T17/><D35/><U54/><E106/><V66/><F129/><N who="3" m="49739" /><G72/><T32/><D32/><U73/><E99/><V97/><REACH who="2" step="1"/><F91/><REACH who="2" ten="135,378,382,95" step="2"/><W64/><G14/><T109/><D107/><U122/><E122/><V68/><F68/><W81/><G12/><T89/><D89/><U30/><E74/><V22/><F22/><W105/><G105/><T0/><D21/><U38/><E73/><V78/><F78/><W85/><G85/><T50/><D120/><U98/><E98/><V16/><F16/><W100/><G100/><T126/><D103/><U84/><E75/><V132/><F132/><W117/><G117/><T134/><D134/><U67/><E84/><V119/><F119/><W8/><G8/><T127/><D0/><U69/><E86/><V19/><F19/><W56/><G20/><T111/><D31/><U15/><E15/><V115/><F115/><W88/><G29/><T101/><D101/><U130/><E130/><V59/><F59/><N who="3" m="22571" /><G88/><T70/><D70/><AGARI ba="0,1" hai="52,53,61,64,70,80,81,83" m="22571,49739" machi="70" ten="30,3900,0" yaku="6,1,19,1,54,1" doraHai="44" who="3" fromWho="0" sc="135,-39,378,0,382,0,95,49" /><INIT seed="6,0,0,3,4,38" ten="96,378,382,144" oya="2" hai0="60,69,106,8,85,110,72,17,100,10,61,70,129" hai1="55,87,32,36,66,74,16,42,126,89,5,48,124" hai2="63,80,133,105,22,19,99,64,13,57,1,31,26" hai3="34,130,47,116,58,37,86,88,24,25,4,134,3"/><V50/><F1/><W109/><G116/><T46/><D72/><U121/><E74/><V84/><F133/><W30/><G109/><T9/><D110/><U52/><E32/><V96/><F105/><W131/><G134/><T93/><D106/><U75/><E75/><V18/><F50/><W29/><G58/><T127/><D129/><N who="3" m="49161" /><G4/><T41/><D17/><U67/><E5/><V108/><F108/><W43/><G3/><T51/><D127/><N who="1" m="48683" /><E121/><V125/><F125/><W97/><G97/><T95/><D100/><U102/><E102/><V98/><REACH who="2" step="1"/><F13/><REACH who="2" ten="96,378,372,144" step="2"/><W68/><G68/><T76/><D70/><U91/><E36/><V81/><F81/><N who="3" m="49231" /><G34/><T123/><D69/><U107/><E107/><V40/><F40/><W94/><G94/><N who="0" m="35851" /><D123/><U122/><E42/><V78/><AGARI ba="0,1" hai="18,19,22,26,31,57,63,64,78,80,84,96,98,99" machi="78" ten="30,6000,0" yaku="1,1,0,1,8,1,53,0" doraHai="38" doraHaiUra="35" who="2" fromWho="2" sc="96,-20,378,-20,372,70,144,-20" /><INIT seed="6,1,0,4,0,84" ten="76,358,442,124" oya="2" hai0="113,44,78,129,6,96,123,98,90,118,128,93,65" hai1="47,43,52,2,40,69,76,121,13,7,21,112,22" hai2="94,0,20,83,24,48,119,100,4,51,72,114,55" hai3="115,62,11,68,134,106,109,1,19,92,117,54,116"/><V14/><F119/><W95/><G106/><T36/><D36/><U88/><E2/><V17/><F114/><W135/><G109/><T60/><D6/><U23/><E69/><V67/><F67/><W37/><G37/><T31/><D123/><U111/><E111/><V107/><F107/><W57/><G115/><T89/><D113/><U18/><E112/><V33/><F72/><W64/><G19/><T133/><D118/><N who="3" m="45673" /><G11/><T34/><D78/><U15/><E15/><V58/><F83/><W30/><G30/><T16/><D44/><U74/><E74/><V81/><F81/><W49/><G1/><T26/><D16/><N who="1" m="10383" /><E121/><V56/><F100/><W101/><G101/><T85/><D133/><AGARI ba="1,0" hai="49,54,57,62,64,68,92,95,133,134,135" m="45673" machi="133" ten="30,1000,0" yaku="20,1" doraHai="84" who="3" fromWho="0" sc="76,-13,358,0,442,0,124,13" /><INIT seed="7,0,0,4,3,73" ten="63,358,442,137" oya="3" hai0="108,88,23,114,28,14,91,27,131,46,92,125,81" hai1="16,87,17,10,106,31,121,72,94,15,86,33,5" hai2="52,59,127,42,50,69,26,129,30,63,19,9,49" hai3="115,71,132,25,29,97,12,61,133,109,80,103,104"/><W119/><G12/><T128/><D108/><U120/><E72/><V76/><F127/><W107/><G115/><T83/><D114/><U11/><E106/><V134/><F134/><W34/><G119/><T39/><D125/><U4/><E94/><V45/><F129/><W123/><G123/><T0/><D0/><U40/><E40/><V95/><F76/><W38/><G109/><T53/><D128/><U101/><E101/><V22/><F95/><W135/><G80/><T60/><D131/><U105/><E105/><V47/><F69/><W2/><G107/><T82/><D39/><U64/><E64/><N who="2" m="39039" /><F9/><W48/><G48/><T18/><D92/><U75/><E75/><V124/><F124/><W56/><G56/><T36/><D36/><U8/><E87/><V57/><F57/><W130/><G130/><T66/><D66/><U89/><E89/><V112/><F112/><W55/><G55/><T93/><D93/><U74/><E86/><V102/><F102/><W62/><G38/><T58/><REACH who="0" step="1"/><D46/><REACH who="0" ten="53,358,442,137" step="2"/><U1/><E74/><V110/><F110/><W118/><G118/><T113/><D113/><U65/><E65/><V67/><F67/><N who="3" m="41455" /><G2/><T79/><D79/><U117/><E117/><V70/><F70/><W24/><G104/><T44/><D44/><U35/><E120/><V96/><F96/><W68/><G97/><T13/><D13/><N who="1" m="7231" /><E121/><V122/><F122/><W21/><G135/><T85/><D85/><U3/><E31/><AGARI ba="0,1" hai="19,22,26,30,31,42,45,47,49,50,52" m="39039" machi="31" ten="30,2000,0" yaku="8,1,54,1" doraHai="73" who="2" fromWho="1" sc="53,0,358,-20,442,30,137,0" owari="53,-45.0,338,14.0,472,57.0,137,-26.0" /></mjloggm>