<mjloggm ver="2.3"><GO type="41" lobby="0"/><UN n0="%E5%B0%B1%E6%B4%BB%E7%94%9F%40%E5%B7%9D%E6%9D%91%E8%BB%8D%E5%9B%A3" n1="%6D%6F%6E%74%65%70%75%6C" n2="%6B%61%72%69%62%61%72%75" n3="%E6%A2%A8%E4%BB%A3" dan="17,14,13,13" rate="2195.98,1980.66,1862.94,1902.02" sx="M,M,F,F"/><TAIKYOKU oya="0"/><INIT seed="0,0,0,2,3,17" ten="250,250,250,250" oya="0" hai0="86,94,91,87,6,90,5,122,126,92,109,106,4" hai1="80,75,108,35,110,107,34,11,124,121,33,67,3" hai2="81,22,38,29,21,117,93,2,52,127,56,53,16" hai3="88,73,111,37,119,84,0,66,18,72,39,47,98"/><T23/><D122/><U114/><E67/><V59/><F38/><W41/><G119/><T40/><D126/><U13/><E124/><V64/><F127/><W60/><G37/><T120/><D120/><U1/><E13/><N who="2" m="9359" /><F2/><W99/><G0/><N who="1" m="74" /><E11/><V79/><F117/><W82/><G111/><N who="1" m="42538" /><E107/><V115/><F115/><W70/><REACH who="3" step="1"/><G18/><REACH who="3" ten="250,250,250,240" step="2"/><T62/><D109/><U123/><E114/><V65/><F93/><W116/><G116/><T131/><D106/><U134/><E134/><V112/><F112/><W118/><G118/><T49/><D131/><U129/><E129/><V113/><F113/><W61/><G61/><T96/><D96/><AGARI ba="0,1" hai="39,41,47,60,66,70,72,73,82,84,88,96,98,99" machi="96" ten="40,2600,0" yaku="1,1,54,1,53,0" doraHai="17" doraHaiUra="19" who="3" fromWho="0" sc="250,-26,250,0,250,0,240,36" /><INIT seed="1,0,0,3,4,58" ten="224,250,250,276" oya="1" hai0="9,12,4,121,81,102,45,22,67,84,36,49,118" hai1="120,77,50,93,54,24,94,64,114,134,129,135,115" hai2="27,62,113,133,104,44,119,61,60,43,31,98,32" hai3="92,16,28,1,69,106,34,48,19,90,39,82,25"/><U85/><E129/><V122/><F122/><W124/><G39/><T105/><D118/><U123/><E64/><V30/><F119/><W15/><G1/><T65/><D121/><N who="1" m="46667" /><E54/><V2/><F2/><W17/><G106/><T40/><D36/><U107/><E107/><V116/><F116/><W75/><G69/><T0/><D0/><U86/><E50/><V63/><F133/><N who="1" m="50697" /><E77/><V20/><F113/><N who="1" m="43017" /><E24/><V103/><N who="2" m="15872" /><DORA hai="79" /><V5/><F5/><W52/><G124/><T6/><D105/><U23/><E23/><V38/><REACH who="2" step="1"/><F32/><REACH who="2" ten="224,250,240,276" step="2"/><W117/><G117/><T126/><D4/><U125/><E125/><V74/><F74/><W18/><G34/><T71/><D126/><U33/><E33/><V96/><F96/><W51/><G75/><T132/><D132/><U95/><AGARI ba="0,1" hai="85,86,93,94,95" m="43017,50697,46667" machi="95" ten="40,12000,1" yaku="28,2,20,1,34,2" doraHai="58,79" who="1" fromWho="1" sc="224,-40,250,130,240,-40,276,-40" /><INIT seed="1,1,0,3,3,89" ten="184,380,200,236" oya="1" hai0="108,24,53,79,35,1,45,7,92,67,48,120,84" hai1="102,23,74,87,80,116,103,94,59,50,3,65,106" hai2="91,88,66,12,128,82,127,2,112,38,105,75,26" hai3="76,29,135,4,93,44,70,131,129,121,98,25,114"/><U118/><E3/><V71/><F2/><W40/><G121/><T69/><D120/><U13/><E74/><V6/><F128/><N who="3" m="49227" /><G114/><T56/><D108/><U104/><E106/><V90/><F112/><W41/><G70/><T126/><D126/><U73/><E73/><V16/><F105/><W37/><G41/><T81/><D69/><U115/><E104/><V9/><F38/><W5/><G76/><T20/><D35/><U60/><E115/><V21/><F127/><W85/><G85/><T46/><D67/><U39/><E39/><V8/><F75/><W134/><G5/><T124/><D124/><U86/><E50/><V32/><F32/><N who="3" m="20527" /><G4/><T83/><D83/><U109/><E109/><V122/><F122/><W97/><G97/><T95/><D7/><U62/><E118/><V107/><F107/><W113/><G113/><T19/><D1/><U36/><E36/><V0/><F66/><W77/><G77/><T96/><REACH who="0" step="1"/><D92/><REACH who="0" ten="174,380,200,236" step="2"/><U99/><E116/><V17/><REACH who="2" step="1"/><F71/><REACH who="2" ten="174,380,190,236" step="2"/><W49/><G37/><T31/><D31/><U28/><E28/><V55/><F55/><W119/><G119/><T78/><D78/><U63/><E80/><AGARI ba="1,2" hai="0,6,8,9,12,16,17,21,26,80,82,88,90,91" machi="80" ten="40,5200,0" yaku="1,1,54,2,53,0" doraHai="89" doraHaiUra="58" who="2" fromWho="1" sc="174,0,380,-55,190,75,236,0" /><INIT seed="2,0,0,4,2,53" ten="174,325,265,236" oya="2" hai0="15,133,56,18,97,40,6,101,35,22,28,37,90" hai1="0,59,72,31,75,105,14,127,38,91,41,83,45" hai2="5,84,44,121,125,88,131,29,76,113,68,79,73" hai3="69,43,13,48,17,12,98,2,103,30,82,132,54"/><V61/><F121/><W64/><G2/><T115/><D115/><U47/><E0/><V99/><F113/><W74/><G43/><T58/><D133/><U25/><E105/><V4/><F73/><W96/><G30/><T21/><D35/><U106/><E106/><V42/><F131/><W80/><G74/><T81/><D40/><U66/><E127/><V27/><F125/><W7/><G132/><T112/><D6/><N who="2" m="2666" /><F68/><W65/><G69/><T87/><D37/><U3/><E3/><V52/><F42/><W46/><G7/><T39/><D39/><U118/><E118/><V63/><F99/><N who="3" m="37931" /><G13/><T89/><D89/><U116/><E45/><V110/><F110/><W86/><G103/><T1/><D1/><U33/><E14/><V92/><F27/><W104/><G82/><T117/><D117/><U126/><E126/><V122/><F29/><W130/><G104/><T114/><D114/><U95/><E83/><V32/><F32/><W8/><G130/><T49/><D49/><U135/><E135/><V36/><F36/><W67/><G67/><T11/><D112/><U128/><E128/><V78/><F122/><W100/><G100/><T108/><D108/><U119/><E116/><V102/><F102/><W50/><G48/><AGARI ba="0,0" hai="44,48,52,61,63,76,78,79,84,88,92" m="2666" machi="48" ten="30,5800,0" yaku="8,1,54,2" doraHai="53" who="2" fromWho="3" sc="174,0,325,0,265,58,236,-58" /><INIT seed="2,1,0,1,4,49" ten="174,325,323,178" oya="2" hai0="57,115,87,56,40,77,11,3,121,55,67,59,65" hai1="122,99,35,64,45,43,86,32,127,131,133,96,113" hai2="30,36,70,4,66,92,19,29,54,79,105,22,21" hai3="8,41,34,75,120,12,27,85,53,62,84,1,28"/><V44/><F105/><W38/><G120/><T100/><D121/><U23/><E122/><V124/><F124/><W60/><G75/><T91/><D115/><U20/><E127/><V135/><F135/><W47/><G1/><T80/><D40/><U16/><E133/><V106/><F106/><W102/><G102/><T111/><D111/><U117/><E35/><V123/><F123/><W7/><REACH who="3" step="1"/><G62/><REACH who="3" ten="174,325,323,168" step="2"/><T68/><D68/><U98/><E131/><V93/><F70/><W114/><G114/><T82/><D100/><U95/><E113/><V88/><F79/><W116/><G116/><T134/><D134/><U78/><E117/><V126/><F126/><W6/><G6/><T63/><D67/><U119/><E64/><V46/><F66/><W48/><G48/><T110/><D110/><U94/><E119/><V0/><F4/><W37/><G37/><T90/><D65/><U73/><E73/><V71/><F36/><W33/><G33/><T15/><D3/><U58/><E32/><V31/><F71/><W17/><G17/><T50/><D63/><U13/><E78/><V52/><F0/><W101/><G101/><T61/><D61/><U108/><E108/><V42/><F19/><W2/><G2/><T14/><D90/><U104/><E104/><V72/><F72/><W26/><G26/><T89/><D91/><U5/><E5/><V83/><F88/><W128/><G128/><T130/><D130/><U112/><E112/><V129/><F129/><W107/><G107/><T18/><D15/><U97/><E13/><V109/><F109/><W125/><G125/><RYUUKYOKU ba="1,1" sc="174,15,325,-15,323,-15,168,15" hai0="11,14,18,50,55,56,57,59,77,80,82,87,89" hai3="7,8,12,27,28,34,38,41,47,53,60,84,85" /><INIT seed="3,2,1,1,1,68" ten="189,310,308,183" oya="3" hai0="28,36,56,61,93,126,134,94,19,113,43,129,6" hai1="11,83,111,80,44,7,62,82,54,30,64,79,57" hai2="100,103,135,25,17,12,65,84,67,95,108,128,1" hai3="99,63,37,98,77,76,53,90,40,88,81,9,105"/><W48/><G37/><T45/><D129/><U15/><E30/><V34/><F1/><W20/><G9/><T118/><D118/><U91/><E111/><V131/><F108/><W18/><G105/><T102/><D126/><U130/><E130/><N who="2" m="49707" /><F135/><W23/><G40/><T50/><D134/><U27/><E27/><V117/><F117/><W125/><G63/><T31/><D113/><U41/><E91/><N who="3" m="34858" /><G125/><T124/><D124/><U104/><E104/><V123/><F123/><W24/><G23/><T122/><D122/><U69/><E69/><V71/><F84/><N who="3" m="48167" /><G77/><T116/><D116/><U66/><REACH who="1" step="1"/><E79/><REACH who="1" ten="189,300,308,183" step="2"/><V38/><F71/><W49/><G49/><AGARI ba="2,2" hai="7,11,15,41,44,49,54,57,62,64,66,80,82,83" machi="49" ten="40,5200,0" yaku="1,1,2,1,8,1,53,0" doraHai="68" doraHaiUra="21" who="1" fromWho="3" sc="189,0,300,78,308,0,183,-58" /><INIT seed="4,0,0,5,4,6" ten="189,378,308,125" oya="0" hai0="58,129,66,46,4,76,97,120,21,50,126,128,82" hai1="114,17,28,125,91,32,67,85,81,133,101,24,40" hai2="55,80,29,63,84,131,44,95,111,93,121,92,5" hai3="9,39,15,23,26,0,38,105,107,108,30,65,112"/><T106/><D120/><U119/><E101/><V11/><F121/><W96/><G108/><T59/><D126/><U104/><E104/><V3/><F111/><W60/><G107/><T19/><D4/><U35/><E125/><V48/><F131/><W110/><G0/><T130/><D97/><U42/><E133/><V116/><F116/><W122/><G110/><T16/><D106/><U56/><E119/><V79/><F29/><W132/><G132/><T70/><D70/><U98/><E98/><V135/><F135/><W127/><G127/><T14/><D19/><U117/><E35/><V12/><F3/><W7/><G112/><T61/><D58/><U53/><E67/><V49/><F63/><W77/><G77/><T115/><D115/><U27/><E114/><V86/><REACH who="2" step="1"/><F49/><REACH who="2" ten="189,378,298,125" step="2"/><W71/><REACH who="3" step="1"/><G122/><REACH who="3" ten="189,378,298,115" step="2"/><T47/><REACH who="0" step="1"/><D50/><REACH who="0" ten="179,378,298,115" step="2"/><U75/><E117/><V34/><F34/><W103/><AGARI ba="0,3" hai="7,9,15,23,26,30,38,39,60,65,71,96,103,105" machi="103" ten="30,8000,1" yaku="1,1,2,1,0,1,52,1,53,1" doraHai="6" doraHaiUra="2" who="3" fromWho="3" sc="179,-40,378,-20,298,-20,115,110" /><INIT seed="5,0,0,1,2,104" ten="139,358,278,225" oya="1" hai0="89,83,47,96,54,65,121,99,109,117,27,97,40" hai1="94,31,62,119,102,30,98,128,112,49,135,15,81" hai2="45,107,12,18,21,5,57,33,91,51,43,74,125" hai3="22,60,44,110,131,55,7,108,4,134,68,6,90"/><U86/><E135/><V85/><F33/><W120/><G120/><T29/><D109/><U61/><E128/><V92/><F107/><W93/><G131/><T103/><D117/><U13/><E119/><V19/><F125/><W114/><G134/><T111/><D111/><U23/><E112/><V113/><F113/><W133/><G133/><T87/><D121/><U41/><E30/><V26/><F5/><W132/><G132/><T63/><D54/><U105/><E105/><V127/><F127/><W82/><G82/><T20/><D47/><N who="1" m="25839" /><E15/><V116/><F116/><W78/><G78/><T76/><D40/><U53/><E53/><V28/><F74/><W79/><G79/><T39/><D39/><U24/><E13/><V69/><F69/><W73/><G73/><T72/><D103/><U77/><AGARI ba="0,0" hai="23,24,31,61,62,77,81,86,94,98,102" m="25839" machi="77" ten="30,1500,0" yaku="8,1" doraHai="104" who="1" fromWho="1" sc="139,-5,358,15,278,-5,225,-5" /><INIT seed="5,1,0,5,5,48" ten="134,373,273,220" oya="1" hai0="101,115,56,55,30,40,80,113,61,46,42,98,95" hai1="84,78,38,99,2,89,7,24,45,106,97,47,81" hai2="70,33,35,75,120,11,125,127,32,87,119,65,59" hai3="51,27,109,86,93,105,121,96,17,104,54,123,31"/><U82/><E38/><V102/><F120/><W23/><G109/><T36/><D42/><U130/><E106/><V53/><F119/><W66/><G66/><T62/><D30/><U12/><E2/><V49/><F75/><W110/><G110/><T29/><D29/><U44/><E130/><V108/><F108/><W64/><G64/><T58/><REACH who="0" step="1"/><D80/><REACH who="0" ten="124,373,273,220" step="2"/><U73/><E24/><V22/><F35/><W79/><G123/><T124/><D124/><U126/><E126/><V25/><F127/><W114/><G121/><T107/><D107/><U92/><E81/><V100/><F125/><W118/><G118/><T10/><D10/><U0/><E0/><V68/><F33/><W14/><G105/><T77/><D77/><U20/><E78/><V72/><F32/><W9/><G104/><T122/><D122/><U103/><E73/><V16/><F72/><W129/><G129/><T3/><D3/><U71/><E71/><V69/><F11/><W26/><G79/><T41/><D41/><U63/><E82/><V50/><F70/><W1/><G1/><T18/><D18/><U19/><E7/><V111/><F69/><W74/><G26/><T76/><D76/><U83/><E99/><V67/><F68/><W15/><G74/><T57/><D57/><U117/><E117/><V6/><F111/><W94/><G15/><T112/><D112/><U135/><E135/><V128/><F6/><W13/><G13/><T133/><D133/><U39/><E39/><V88/><F128/><W28/><G28/><T43/><D43/><U90/><E103/><V132/><F132/><RYUUKYOKU ba="1,1" sc="124,15,373,15,273,-15,220,-15" hai0="36,40,46,55,56,58,61,62,95,98,101,113,115" hai1="12,19,20,44,45,47,63,83,84,89,90,92,97" /><INIT seed="5,2,1,3,5,51" ten="139,388,258,205" oya="1" hai0="27,97,125,63,28,71,82,116,38,33,102,66,112" hai1="41,60,22,105,61,90,75,91,76,88,118,123,8" hai2="46,94,96,73,120,100,87,11,72,92,3,31,119" hai3="9,108,54,50,121,109,64,6,35,131,15,68,124"/><U115/><E105/><V65/><F120/><W93/><G35/><T53/><D116/><U133/><E133/><V78/><F119/><W24/><G121/><T32/><D112/><U34/><E34/><V14/><F3/><W79/><G124/><T95/><D125/><U70/><E70/><V10/><F65/><W69/><G131/><T56/><D38/><U103/><E103/><V67/><F67/><W107/><G107/><T7/><D7/><U0/><E0/><V48/><F31/><W130/><G130/><T4/><D4/><U12/><E75/><V30/><F30/><W126/><G126/><T29/><D29/><U127/><E76/><V16/><F11/><W114/><G69/><T135/><D135/><U129/><E127/><V1/><F1/><W18/><G114/><T20/><REACH who="0" step="1"/><D82/><REACH who="0" ten="129,388,258,205" step="2"/><U89/><E129/><V49/><F49/><AGARI ba="2,2" hai="20,27,28,32,33,49,53,56,63,66,71,95,97,102" machi="49" ten="30,8000,1" yaku="1,1,2,1,7,1,52,1,53,1" doraHai="51" doraHaiUra="45" who="0" fromWho="2" sc="129,106,388,0,258,-86,205,0" /><INIT seed="6,0,0,0,0,109" ten="235,388,172,205" oya="2" hai0="39,29,92,52,15,25,86,116,83,120,122,123,87" hai1="42,22,131,67,58,8,10,0,56,50,20,34,63" hai2="100,113,112,102,66,32,37,38,2,135,91,47,106" hai3="105,128,17,118,19,31,3,60,93,107,46,95,65"/><V82/><F32/><W13/><G118/><T78/><D39/><N who="2" m="14858" /><F2/><W16/><G3/><T41/><D41/><U81/><E34/><V4/><F4/><W62/><G31/><T11/><D116/><U21/><E0/><V84/><F47/><W57/><G128/><T132/><D132/><U96/><E131/><V75/><F66/><W125/><G125/><T103/><D52/><N who="1" m="31767" /><E42/><V24/><F24/><W55/><G107/><T9/><D15/><U134/><E134/><V61/><F61/><W36/><G105/><T133/><D133/><U27/><E81/><V72/><F135/><W80/><G80/><T69/><D69/><U115/><E115/><N who="2" m="44107" /><F106/><W12/><G36/><T76/><D25/><U129/><E129/><V97/><F97/><W85/><G60/><T54/><D29/><N who="1" m="17639" /><E96/><V64/><F64/><W121/><G121/><T23/><D120/><U79/><E10/><V35/><F35/><W88/><G65/><T48/><D11/><U28/><E8/><V40/><F40/><W104/><G104/><T14/><D9/><U117/><E117/><V33/><F33/><W108/><G46/><T124/><D122/><U45/><E45/><V1/><F1/><W7/><G7/><T43/><D123/><U94/><E28/><V126/><F126/><W18/><N who="3" m="4608" /><DORA hai="89" /><W68/><G68/><T110/><D124/><U98/><E22/><V77/><F77/><W111/><G111/><T127/><D78/><U49/><E21/><V70/><F70/><W51/><G108/><T30/><D110/><U130/><E79/><V71/><F71/><W5/><G5/><RYUUKYOKU ba="0,0" sc="235,-10,388,-10,172,30,205,-10" hai2="72,75,82,84,91,100,102" /><INIT seed="6,1,0,2,4,29" ten="225,378,202,195" oya="2" hai0="54,83,4,129,36,16,106,17,74,14,0,84,96" hai1="100,95,39,115,111,31,61,13,10,101,113,18,78" hai2="62,27,126,44,53,123,110,56,92,32,76,34,8" hai3="79,82,125,118,91,43,58,114,64,1,19,5,65"/><V50/><F123/><W133/><G118/><T15/><D74/><U93/><E39/><V120/><F120/><W2/><G2/><T20/><D36/><U25/><E78/><V73/><F126/><W105/><G105/><T12/><D129/><U135/><E135/><V132/><F132/><W104/><G104/><T107/><D0/><U55/><E111/><V59/><F110/><W47/><G133/><T37/><D37/><U97/><E95/><V130/><F130/><W80/><G125/><T122/><D122/><U26/><E101/><V7/><F92/><W99/><G19/><T30/><D30/><U28/><E61/><V24/><F24/><W131/><G131/><T102/><D107/><U66/><E66/><V94/><F94/><W116/><G116/><T52/><D4/><U42/><E42/><V109/><F109/><W117/><G117/><T121/><D121/><U63/><E31/><V22/><F76/><W124/><G124/><T108/><D108/><U71/><E71/><V51/><F73/><W49/><G5/><T134/><D134/><U103/><E28/><V89/><F89/><W119/><G1/><T127/><D127/><U72/><E72/><V128/><F128/><W38/><G119/><T40/><D40/><U86/><E103/><V21/><F7/><W33/><G33/><N who="2" m="12905" /><F8/><W112/><G99/><T77/><D15/><U67/><E86/><V41/><F27/><W81/><G91/><T85/><D84/><U70/><E55/><V46/><F46/><W3/><G79/><T68/><D68/><U75/><E75/><V6/><F6/><RYUUKYOKU ba="1,0" sc="225,10,378,10,202,10,195,-30" hai0="12,14,16,17,20,52,54,77,83,85,96,102,106" hai1="10,13,18,25,26,63,67,70,93,97,100,113,115" hai2="21,22,41,44,50,51,53,56,59,62" /><INIT seed="6,2,0,4,3,24" ten="235,388,212,165" oya="2" hai0="50,3,4,13,108,125,103,80,46,27,42,119,54" hai1="93,49,33,20,100,57,63,111,94,34,76,25,41" hai2="0,43,18,99,72,68,106,6,11,22,121,39,29" hai3="40,79,84,61,28,81,5,10,45,82,37,122,62"/><V110/><F121/><W73/><G122/><T31/><D108/><U89/><E76/><V90/><F110/><W96/><G96/><T118/><D3/><U69/><E69/><V116/><F116/><N who="0" m="44586" /><D125/><U64/><E111/><V77/><F68/><W51/><G28/><T127/><D127/><U95/><E100/><V97/><F90/><W129/><G129/><T117/><D117/><U65/><E64/><V44/><F106/><W74/><G74/><T17/><D103/><U8/><E8/><V114/><F114/><W107/><G107/><T30/><D80/><U98/><E34/><V105/><F105/><W23/><G23/><N who="0" m="13807" /><D42/><U87/><E33/><V1/><F1/><W86/><G37/><T59/><D46/><N who="1" m="25807" /><E98/><V126/><F126/><W12/><G73/><T16/><D4/><U67/><E65/><V91/><F91/><AGARI ba="2,0" hai="5,10,12,40,45,51,61,62,79,81,82,84,86,91" machi="91" ten="30,7700,0" yaku="7,1,25,2,8,1" doraHai="24" who="3" fromWho="2" sc="235,0,388,0,212,-83,165,83" /><INIT seed="7,0,0,3,4,100" ten="235,388,129,248" oya="3" hai0="37,73,118,113,25,16,90,47,42,64,58,7,46" hai1="131,44,128,108,11,79,49,124,63,135,1,50,94" hai2="126,26,130,85,121,76,122,8,69,101,3,89,22" hai3="17,119,125,80,10,116,109,88,134,78,48,70,129"/><W92/><G70/><T23/><D118/><U12/><E1/><V6/><F69/><W71/><G71/><T21/><D113/><U18/><E135/><V95/><F76/><W53/><G134/><T114/><D114/><U111/><E79/><V91/><F91/><W61/><G61/><T13/><D73/><U93/><E63/><V97/><F130/><N who="1" m="49705" /><E50/><V132/><F132/><W65/><G65/><T54/><D90/><U84/><E124/><V98/><F126/><W62/><G62/><T68/><D46/><U67/><E67/><V15/><F3/><W59/><G129/><T24/><D7/><U29/><E29/><V86/><F122/><W35/><G35/><T75/><D75/><U83/><E94/><V38/><F38/><W43/><G43/><T127/><D127/><U120/><E93/><V117/><F117/><W106/><G106/><T45/><D45/><U20/><E20/><V107/><F121/><W2/><G125/><T72/><D72/><U5/><E5/><V52/><F52/><W32/><G32/><T77/><D77/><N who="1" m="46191" /><E120/><V41/><F41/><AGARI ba="0,0" hai="11,12,18,41,44,49,108,111" m="46191,49705" machi="41" ten="30,1000,0" yaku="19,1" doraHai="100" who="1" fromWho="2" sc="235,0,388,10,129,-10,248,0" owari="235,-16.0,398,49.0,119,-38.0,248,5.0" /></mjloggm>