<mjloggm ver="2.3"><GO type="169" lobby="0"/><UN n0="%E4%BB%A3%E6%89%93%E3%81%A1%E3%81%AE%E7%A5%9E%E6%A7%98" n1="%E3%81%86%E3%81%AA%E3%81%8E" n2="%E3%81%84%E3%81%97%E3%82%82%E3%82%8A" n3="%E3%82%A6%E3%83%AB%E3%83%88%E3%83%A9%E7%AB%8B%E7%9B%B4" dan="17,16,16,18" rate="2130.00,2023.17,2077.61,2224.58" sx="M,M,M,M"/><TAIKYOKU oya="0"/><INIT seed="0,0,0,4,5,16" ten="250,250,250,250" oya="0" hai0="80,2,63,74,122,12,65,26,7,68,45,109,60" hai1="118,83,88,22,55,66,87,54,67,114,40,38,117" hai2="35,6,132,130,78,104,128,111,36,31,135,1,53" hai3="62,46,9,20,116,52,121,92,129,126,107,23,110"/><T14/><D122/><U124/><E124/><V4/><F104/><W108/><G107/><T48/><D109/><N who="3" m="42089" /><G116/><T85/><D74/><U44/><E114/><V112/><F111/><W3/><G126/><T34/><D63/><U115/><E115/><V50/><F36/><W72/><G72/><T0/><D34/><U101/><E101/><V27/><F78/><W56/><G129/><N who="2" m="49769" /><F112/><W17/><G121/><T91/><D26/><U69/><E69/><V133/><F1/><W8/><G92/><T5/><D14/><U30/><E118/><V95/><F95/><W82/><G82/><T13/><D13/><U47/><E117/><V41/><F41/><W94/><G94/><T84/><D84/><U29/><E29/><V59/><AGARI ba="0,0" hai="4,6,27,31,35,50,53,59,132,133,135" m="49769" machi="59" ten="40,2700,0" yaku="20,1,19,1" doraHai="16" who="2" fromWho="2" sc="250,-13,250,-7,250,27,250,-7" /><INIT seed="1,0,0,4,3,123" ten="237,243,277,243" oya="1" hai0="120,8,115,20,11,91,73,0,93,19,2,48,82" hai1="15,7,107,54,23,96,97,13,40,99,98,106,4" hai2="108,53,52,87,109,100,21,32,50,56,75,133,114" hai3="28,31,49,74,18,33,81,57,3,76,25,59,88"/><U132/><E132/><V42/><F133/><W116/><G3/><T41/><D120/><U118/><E118/><V27/><F75/><W66/><G116/><T26/><D115/><U45/><E23/><V35/><F42/><W67/><G18/><T124/><D124/><U90/><E54/><V101/><F114/><W84/><G31/><T65/><D65/><U10/><N who="1" m="25088" /><DORA hai="121" /><U135/><E135/><V71/><F71/><W92/><G57/><T130/><D130/><U113/><E113/><V103/><F87/><W77/><G77/><T102/><D102/><U68/><E68/><V51/><F35/><W39/><G39/><T70/><D2/><U131/><E90/><V79/><F79/><W55/><AGARI ba="0,0" hai="25,28,33,49,55,59,66,67,74,76,81,84,88,92" machi="55" ten="30,2000,0" yaku="0,1,54,1" doraHai="123,121" who="3" fromWho="3" sc="237,-5,243,-10,277,-5,243,20" /><INIT seed="2,0,0,0,2,131" ten="232,233,272,263" oya="2" hai0="67,52,22,18,129,58,66,37,41,63,93,5,39" hai1="102,95,31,48,101,7,81,62,32,19,65,8,118" hai2="96,111,135,114,125,16,36,72,103,14,84,87,29" hai3="99,57,104,90,44,98,109,3,49,122,59,83,6"/><V116/><F36/><W70/><G70/><T100/><D129/><U121/><E118/><V126/><F114/><W117/><G122/><T124/><D124/><N who="2" m="47722" /><F116/><W23/><G3/><T105/><D105/><U115/><E115/><V11/><F72/><W113/><G104/><T13/><D5/><U97/><E81/><V53/><F111/><W68/><G68/><T10/><D41/><U82/><E82/><V56/><F29/><W91/><G6/><T33/><D33/><U60/><E121/><V108/><F108/><W74/><G74/><T64/><REACH who="0" step="1"/><D10/><REACH who="0" ten="222,233,272,263" step="2"/><U26/><E7/><V24/><F24/><W15/><G109/><T9/><D9/><U20/><E8/><V119/><F119/><W128/><G117/><T0/><D0/><U30/><E26/><V46/><F46/><W51/><G44/><T106/><D106/><U133/><E32/><V89/><F89/><W47/><G47/><T25/><D25/><U27/><E27/><V4/><F4/><W1/><G1/><T69/><D69/><U34/><E34/><V130/><F130/><W40/><G91/><T2/><D2/><U55/><E31/><V88/><F88/><W92/><G90/><T50/><D50/><U110/><E48/><N who="2" m="30759" /><F135/><W134/><G134/><T132/><D132/><U45/><E133/><V120/><F120/><W28/><G128/><T112/><D112/><U79/><E110/><V73/><F73/><W35/><G113/><T107/><D107/><AGARI ba="0,1" hai="11,14,16,84,87,96,103,107" m="30759,47722" machi="107" ten="30,2900,0" yaku="18,1,54,1" doraHai="131" who="2" fromWho="0" sc="222,-29,233,0,272,39,263,0" /><INIT seed="2,1,0,3,1,13" ten="193,233,311,263" oya="2" hai0="36,39,14,48,127,110,68,69,17,118,16,129,58" hai1="97,51,86,56,20,24,42,37,111,5,104,89,33" hai2="90,67,50,125,130,49,122,1,85,62,121,28,135" hai3="114,131,74,120,2,45,38,55,15,103,93,65,96"/><V116/><F116/><W53/><G2/><T46/><D118/><U133/><E111/><V26/><F1/><W102/><G120/><T128/><D110/><U60/><E37/><V32/><F125/><W94/><G74/><T41/><D127/><U75/><E75/><V87/><F135/><W34/><G34/><T3/><D3/><U82/><E33/><V106/><F106/><W92/><G131/><N who="0" m="50251" /><D14/><U0/><E133/><V21/><F130/><W79/><G79/><T4/><D4/><U73/><E73/><V8/><F8/><W124/><G65/><T134/><D134/><U35/><E35/><V66/><F66/><W109/><G109/><T123/><D123/><U59/><E104/><V47/><F32/><W10/><G114/><T31/><D31/><U84/><E97/><V30/><F30/><W6/><G124/><T19/><D58/><U12/><E56/><V99/><F99/><W54/><G96/><T76/><D76/><U83/><E0/><V22/><F122/><W95/><N who="3" m="23552" /><DORA hai="57" /><W119/><G119/><T18/><N who="0" m="4608" /><DORA hai="72" /><T11/><D11/><U101/><E12/><V77/><F77/><W61/><G15/><T117/><D117/><U7/><E7/><V100/><F121/><W98/><G10/><T29/><D29/><U105/><E5/><V132/><F132/><W27/><G6/><T107/><D107/><U25/><E105/><V126/><F28/><W112/><G98/><T80/><D80/><U44/><E83/><V91/><F126/><W64/><G112/><T88/><D88/><U23/><E82/><V9/><F91/><RYUUKYOKU ba="1,0" sc="193,30,233,-10,311,-10,263,-10" hai0="36,39,41,46,48,68,69" /><INIT seed="3,2,0,4,3,56" ten="223,223,301,253" oya="3" hai0="30,19,20,46,123,22,1,9,89,73,53,8,101" hai1="12,6,14,133,69,99,5,67,33,75,121,68,31" hai2="44,105,13,15,131,2,45,117,86,103,111,10,120" hai3="107,87,38,70,95,27,72,100,47,24,125,79,28"/><W61/><G125/><T51/><D123/><U58/><E121/><V78/><F117/><W36/><G27/><T93/><D73/><U77/><E133/><V130/><F2/><W114/><G114/><T134/><D134/><U81/><E99/><N who="2" m="61695" /><F120/><W29/><G29/><T96/><D1/><U129/><E129/><N who="2" m="49163" /><F111/><W104/><G95/><N who="0" m="58527" /><D30/><U112/><E112/><V63/><F63/><W128/><G87/><N who="0" m="52415" /><D22/><U17/><E31/><V60/><F15/><AGARI ba="2,0" hai="8,9,15,19,20,46,51,53" m="52415,58527" machi="15" ten="30,1000,0" yaku="8,1" doraHai="56" who="0" fromWho="2" sc="223,16,223,0,301,-16,253,0" /><INIT seed="4,0,0,3,2,12" ten="239,223,285,253" oya="0" hai0="106,84,119,75,21,19,23,54,122,81,60,130,49" hai1="29,78,92,58,69,109,63,96,55,103,47,62,116" hai2="14,68,20,117,10,48,85,74,93,8,100,102,38" hai3="35,52,59,128,70,82,121,33,18,123,94,124,135"/><T133/><D119/><U39/><E109/><V88/><F38/><W72/><G70/><T40/><D122/><N who="3" m="46601" /><G124/><T91/><D106/><U118/><E78/><V129/><F74/><W73/><G128/><T97/><D130/><U64/><REACH who="1" step="1"/><E29/><REACH who="1" ten="239,213,285,253" step="2"/><V34/><F129/><W0/><G135/><T37/><D133/><U65/><E65/><V28/><F28/><W98/><G73/><T83/><D75/><U5/><E5/><V43/><F117/><W89/><G72/><T131/><D131/><U1/><E1/><V31/><F31/><W127/><G0/><T36/><D83/><U56/><E56/><V11/><F68/><W6/><G6/><T66/><D66/><U107/><E107/><V67/><F67/><W134/><G134/><T125/><D125/><U104/><E104/><V44/><F34/><W4/><G4/><T13/><D81/><U22/><E22/><V115/><F115/><W27/><G82/><T41/><D23/><U80/><E80/><V7/><F7/><W114/><G114/><T53/><D21/><U25/><E25/><V87/><F20/><N who="3" m="13719" /><G127/><T16/><D13/><U24/><E24/><V45/><F14/><W76/><G76/><T77/><D77/><U17/><E17/><V15/><F15/><W71/><G71/><T30/><D30/><U101/><E101/><V42/><F100/><W120/><G120/><T132/><D132/><U99/><E99/><N who="2" m="57767" /><F102/><W3/><G3/><T113/><D113/><U9/><E9/><V51/><AGARI ba="0,1" hai="8,10,11,42,43,44,45,48,51,85,87" m="57767" machi="51" ten="30,2000,0" yaku="8,1,54,1" doraHai="12" who="2" fromWho="2" sc="239,-10,213,-5,285,30,253,-5" /><INIT seed="5,0,0,2,4,107" ten="229,208,315,248" oya="1" hai0="64,60,94,39,56,55,97,45,58,4,87,84,42" hai1="50,79,93,22,54,47,11,2,101,21,73,126,69" hai2="57,40,51,131,74,92,48,65,108,72,121,127,28" hai3="70,114,95,66,76,41,38,35,78,25,67,98,71"/><U46/><E126/><V16/><F108/><W91/><G114/><T81/><D4/><U7/><E69/><V32/><F121/><W122/><G122/><T86/><D81/><U135/><E135/><V124/><F131/><W10/><G41/><T52/><REACH who="0" step="1"/><D58/><REACH who="0" ten="219,208,315,248" step="2"/><U27/><E47/><V14/><F124/><W43/><G71/><T31/><D31/><U5/><E5/><V68/><F127/><W13/><G70/><T125/><D125/><U36/><E36/><V17/><F68/><W20/><G38/><T123/><D123/><U132/><E132/><V59/><F28/><W104/><G67/><T23/><D23/><U18/><E22/><V37/><F32/><W61/><G20/><T117/><D117/><U75/><REACH who="1" step="1"/><E79/><REACH who="1" ten="219,198,315,248" step="2"/><V85/><F37/><W111/><G78/><T1/><D1/><U19/><E19/><V118/><F17/><W105/><G76/><T26/><D26/><U6/><E6/><V12/><F16/><W128/><G25/><T110/><D110/><U33/><E33/><V63/><F118/><W106/><G35/><T80/><D80/><U53/><E53/><V100/><F59/><N who="3" m="37183" /><G111/><T102/><AGARI ba="0,2" hai="39,42,45,52,55,56,60,64,84,86,87,94,97,102" machi="102" ten="30,7900,0" yaku="1,1,0,1,54,1,53,1" doraHai="107" doraHaiUra="99" who="0" fromWho="0" sc="219,99,198,-39,315,-20,248,-20" /><INIT seed="6,0,0,5,3,58" ten="318,159,295,228" oya="2" hai0="120,6,1,25,107,124,104,114,27,109,2,43,123" hai1="19,13,101,121,51,115,100,71,111,112,79,5,10" hai2="102,56,50,16,84,38,11,29,125,83,67,8,4" hai3="96,91,62,61,134,3,108,99,87,54,48,103,66"/><V119/><F38/><W34/><G3/><T128/><D43/><U130/><E71/><V59/><F119/><W32/><G108/><T14/><D14/><U76/><E111/><V95/><F125/><W129/><G129/><T46/><D109/><U113/><E130/><V133/><F133/><W37/><G37/><T30/><D128/><U21/><E121/><V92/><F29/><W42/><G42/><T26/><D26/><U15/><REACH who="1" step="1"/><E51/><REACH who="1" ten="318,149,295,228" step="2"/><V64/><F50/><W72/><G48/><T12/><D123/><U126/><E126/><V89/><F4/><W63/><G134/><T31/><D6/><U110/><E110/><V74/><F74/><W24/><G72/><T45/><D120/><U75/><E75/><V127/><F127/><W49/><G32/><T106/><D124/><U36/><E36/><V90/><F102/><AGARI ba="0,1" hai="5,10,13,15,19,21,76,79,100,101,102,112,113,115" machi="102" ten="40,2600,0" yaku="1,1,15,1,53,0" doraHai="58" doraHaiUra="117" who="1" fromWho="2" sc="318,0,149,36,295,-26,228,0" /><INIT seed="7,0,0,2,4,111" ten="318,185,269,228" oya="3" hai0="23,126,77,113,25,121,11,18,10,67,32,17,71" hai1="45,129,5,61,94,82,28,110,3,19,108,76,46" hai2="31,72,130,38,26,7,63,59,98,54,93,12,21" hai3="107,4,95,14,124,81,48,30,75,90,105,133,40"/><W47/><G124/><T134/><D32/><U131/><E28/><V27/><F130/><W37/><G133/><T65/><D121/><U0/><E61/><V132/><F72/><W69/><G69/><T57/><D71/><U118/><E94/><V56/><F132/><W58/><G30/><T92/><D77/><U83/><E19/><V73/><F73/><W68/><G68/><T127/><D113/><U109/><E76/><V96/><F38/><W79/><G14/><T49/><D134/><U115/><E5/><V128/><F128/><N who="1" m="49225" /><E118/><V16/><F7/><W2/><G90/><T39/><D39/><U103/><E103/><V88/><F98/><W62/><G48/><T34/><D34/><U80/><E115/><V41/><F41/><W89/><G89/><T24/><D92/><U86/><E86/><V43/><F43/><W104/><G95/><T29/><D49/><U84/><E84/><V97/><F97/><W85/><G85/><T15/><D29/><U6/><E6/><V20/><F59/><W116/><G116/><T117/><D57/><U44/><AGARI ba="0,0" hai="0,3,44,45,46,80,82,83,108,109,110" m="49225" machi="44" ten="50,8000,1" yaku="29,2,28,2,19,1" doraHai="111" who="1" fromWho="1" sc="318,-20,185,80,269,-20,228,-40" /><INIT seed="8,0,0,3,3,15" ten="298,265,249,188" oya="0" hai0="123,93,46,20,19,79,40,108,37,31,23,106,95" hai1="25,29,99,114,74,43,28,81,90,30,68,100,97" hai2="24,124,1,51,57,89,13,6,66,50,32,126,127" hai3="22,113,84,96,26,72,82,36,119,133,92,107,61"/><T41/><D106/><U54/><E68/><V85/><F1/><W53/><G113/><T135/><D123/><U42/><E114/><V34/><F6/><W134/><G36/><T38/><D79/><U60/><E25/><V45/><F13/><W117/><G72/><T77/><D77/><U10/><E10/><V129/><F129/><W4/><G4/><T125/><D125/><U52/><E74/><V116/><F116/><N who="3" m="44619" /><G107/><T109/><D19/><U71/><E71/><V33/><F24/><W7/><G7/><T16/><D16/><U35/><E35/><V101/><F101/><N who="3" m="60551" /><G61/><T5/><D5/><U8/><E60/><N who="2" m="38159" /><F45/><W105/><G53/><N who="1" m="20586" /><E8/><V56/><F56/><W98/><G22/><T65/><D65/><U17/><E100/><V58/><F58/><W0/><G26/><T112/><D112/><U63/><E63/><V44/><F44/><W104/><G0/><T39/><D39/><U11/><E43/><V88/><F89/><N who="3" m="51351" /><G105/><T49/><D46/><U115/><E115/><V120/><F120/><W67/><G67/><T55/><D55/><U121/><E42/><V94/><AGARI ba="0,0" hai="32,33,34,50,51,85,88,94,124,126,127" m="38159" machi="94" ten="40,2700,0" yaku="18,1,54,1" doraHai="15" who="2" fromWho="2" sc="298,-13,265,-7,249,27,188,-7" /><INIT seed="9,0,0,5,3,70" ten="285,258,276,181" oya="1" hai0="131,53,43,58,12,84,16,95,40,102,76,83,107" hai1="11,112,125,50,55,24,78,128,38,111,103,1,93" hai2="60,132,2,0,69,49,68,62,65,86,110,30,73" hai3="66,71,129,97,35,46,92,26,64,67,114,37,41"/><U32/><E112/><V120/><F73/><W89/><G114/><T59/><D107/><U90/><E78/><V124/><F110/><W39/><G129/><T123/><D131/><U126/><E128/><V74/><F74/><W56/><G71/><T106/><D106/><U119/><E111/><V77/><F120/><W61/><G35/><T134/><D134/><U17/><E119/><V45/><F132/><W21/><REACH who="3" step="1"/><G39/><REACH who="3" ten="285,258,276,171" step="2"/><T25/><D123/><U88/><E38/><V5/><F69/><W36/><G36/><T47/><D25/><U101/><E24/><V72/><F68/><W19/><AGARI ba="0,1" hai="19,21,26,37,41,46,56,61,64,66,67,89,92,97" machi="19" ten="20,5200,0" yaku="1,1,0,1,7,1,52,1,53,0" doraHai="70" doraHaiUra="51" who="3" fromWho="3" sc="285,-13,258,-26,276,-13,171,62" /><INIT seed="10,0,0,3,2,130" ten="272,232,263,233" oya="2" hai0="99,120,135,56,71,18,125,106,98,11,102,19,13" hai1="114,47,28,111,46,66,8,118,21,50,58,103,116" hai2="81,40,115,93,26,117,24,23,70,31,64,65,17" hai3="52,51,60,133,35,33,122,94,82,86,41,5,42"/><V45/><F117/><N who="1" m="45161" /><E111/><V22/><F115/><W6/><G122/><T54/><D71/><U10/><E103/><V112/><F112/><W97/><G133/><T4/><D120/><U61/><E114/><V127/><F127/><W75/><G75/><T78/><D125/><U7/><E50/><V76/><F93/><W20/><G20/><T32/><D32/><U73/><E73/><V0/><F0/><W110/><G60/><T89/><D78/><U29/><E10/><V104/><F104/><W96/><G35/><T16/><D135/><U67/><E67/><V44/><F70/><W108/><G33/><T113/><D113/><U9/><E9/><V101/><F101/><N who="3" m="60567" /><G97/><T68/><D68/><U123/><E123/><V131/><F131/><W36/><G36/><T107/><D107/><U83/><E83/><V95/><F95/><W63/><G63/><T43/><D43/><N who="3" m="16393" /><G110/><T2/><D99/><U92/><E92/><V84/><REACH who="2" step="1"/><F45/><REACH who="2" ten="272,232,253,233" step="2"/><N who="1" m="16905" /><E21/><V77/><F77/><N who="3" m="46415" /><G108/><T134/><D106/><U80/><E80/><V79/><F79/><W57/><AGARI ba="0,1" hai="5,6,51,52,57" m="46415,16393,60567" machi="57" ten="30,2000,0" yaku="8,1,54,1" doraHai="130" who="3" fromWho="3" sc="272,-5,232,-5,253,-10,233,30" /><INIT seed="11,0,0,2,0,88" ten="267,227,243,263" oya="3" hai0="108,124,5,71,89,22,92,110,45,24,118,48,79" hai1="7,8,58,41,119,126,80,116,73,96,87,77,125" hai2="56,83,70,30,37,1,66,38,2,28,6,81,97" hai3="59,40,132,75,106,120,35,26,9,127,33,85,102"/><W123/><G75/><T114/><D71/><U128/><E41/><V95/><F70/><W60/><G40/><T3/><D79/><U134/><E134/><V14/><F2/><W17/><G132/><T94/><D94/><U4/><E128/><V25/><F1/><W90/><G127/><N who="1" m="48650" /><E73/><V29/><F38/><W98/><G33/><T55/><D124/><U12/><E58/><V20/><F37/><W103/><G103/><T72/><D72/><U111/><E111/><V135/><F135/><W76/><G76/><T16/><D118/><N who="1" m="45099" /><E96/><V133/><F133/><W51/><G59/><T47/><D47/><U0/><E0/><V11/><F83/><W113/><G113/><T112/><D112/><U32/><E32/><V50/><F81/><N who="3" m="49455" /><G35/><T131/><D131/><U109/><E109/><V27/><F27/><W19/><G123/><T18/><D114/><U15/><E15/><V43/><F43/><W130/><G120/><T65/><D24/><U107/><E107/><V57/><F57/><W49/><G130/><T46/><D46/><U104/><E104/><V86/><F86/><W101/><G60/><T34/><D110/><U91/><E77/><V53/><F66/><W62/><G62/><T36/><D65/><U121/><E121/><V68/><F68/><W64/><G64/><T122/><D122/><U82/><E82/><V84/><F84/><W99/><G26/><T69/><D69/><U10/><E10/><V44/><F56/><W115/><G115/><T23/><D108/><U105/><E105/><V100/><AGARI ba="0,0" hai="6,11,14,20,25,28,29,30,44,50,53,95,97,100" machi="100" ten="20,5200,0" yaku="0,1,7,1,8,1,52,1" doraHai="88" who="2" fromWho="2" sc="267,-13,227,-13,243,52,263,-26" owari="254,5.0,214,-29.0,295,40.0,237,-16.0" /></mjloggm>