<mjloggm ver="2.3"><GO type="169" lobby="0"/><UN n0="%E3%82%A6%E3%83%AB%E3%83%88%E3%83%A9%E7%AB%8B%E7%9B%B4" n1="%EF%BC%9D%E4%BC%8A%E8%97%A4%E3%81%8B%E3%81%AA%E6%81%B5%EF%BC%9D" n2="%E3%83%97%E3%83%AD%E3%82%AD%E3%82%B7%E3%83%BC" n3="%E2%80%A0%41%71%75%61%E2%80%A0" dan="18,18,16,16" rate="2200.77,2204.58,2162.34,2131.89" sx="M,F,M,M"/><TAIKYOKU oya="0"/><INIT seed="0,0,0,3,2,65" ten="250,250,250,250" oya="0" hai0="111,55,82,107,28,53,9,68,54,25,43,116,117" hai1="41,112,6,134,88,31,37,118,123,2,22,45,108" hai2="104,92,127,83,99,113,121,17,66,33,81,95,125" hai3="32,44,106,48,15,94,93,85,103,77,132,80,122"/><T7/><D107/><U56/><E118/><V96/><F33/><W57/><G32/><T64/><D111/><U87/><E123/><V69/><F17/><W0/><G0/><T71/><D43/><U115/><E108/><V100/><F121/><W76/><G122/><T114/><D114/><N who="1" m="43563" /><E134/><V67/><F113/><W42/><G132/><T60/><D82/><N who="1" m="49271" /><E56/><V26/><F26/><W5/><G76/><T98/><D98/><U23/><E31/><V72/><F72/><W119/><G119/><T20/><REACH who="0" step="1"/><D71/><REACH who="0" ten="240,250,250,250" step="2"/><U110/><E110/><V63/><F104/><W102/><G106/><T30/><D30/><U51/><E37/><V47/><F96/><W11/><REACH who="3" step="1"/><G57/><REACH who="3" ten="240,250,250,240" step="2"/><T49/><D49/><U38/><E51/><V129/><F100/><AGARI ba="0,2" hai="5,11,15,42,44,48,77,80,85,93,94,100,102,103" machi="100" ten="40,8000,1" yaku="1,1,2,1,25,2,8,1,53,0" doraHai="65" doraHaiUra="52" who="3" fromWho="2" sc="240,0,250,0,250,-80,240,100" /><INIT seed="1,0,0,2,4,119" ten="240,250,170,340" oya="1" hai0="10,129,21,74,69,42,40,48,92,126,76,55,22" hai1="54,78,60,16,31,108,19,3,43,116,56,83,133" hai2="81,33,52,117,9,1,65,102,24,14,122,2,113" hai3="23,134,98,107,0,125,88,26,25,51,127,30,45"/><U89/><E116/><V118/><F113/><W35/><G0/><T97/><D69/><U13/><E3/><V8/><F65/><W61/><G134/><T111/><D126/><N who="3" m="48137" /><G61/><T7/><D129/><U86/><E133/><V57/><F102/><W104/><G98/><T36/><D111/><U128/><E108/><V17/><F81/><W72/><G72/><T20/><D36/><U37/><E128/><V132/><F132/><W64/><G64/><T58/><D76/><U11/><E31/><V34/><F24/><W90/><G104/><T100/><REACH who="0" step="1"/><D74/><REACH who="0" ten="230,250,170,340" step="2"/><U67/><E78/><V71/><F71/><W101/><G107/><T27/><D27/><U96/><E37/><V4/><F118/><W73/><G73/><T29/><D29/><U131/><E131/><V12/><F117/><W68/><G68/><T130/><D130/><U6/><E43/><V44/><F1/><AGARI ba="0,1" hai="1,7,10,20,21,22,40,42,48,55,58,92,97,100" machi="1" ten="40,1300,0" yaku="1,1,53,0" doraHai="119" doraHaiUra="105" who="0" fromWho="2" sc="230,23,250,0,170,-13,340,0" /><INIT seed="2,0,0,2,5,127" ten="253,250,157,340" oya="2" hai0="45,64,7,130,34,20,134,132,105,72,16,15,75" hai1="122,57,44,84,74,35,90,114,4,40,67,6,125" hai2="27,94,87,109,77,29,104,0,133,69,103,56,113" hai3="9,28,31,115,78,52,70,41,1,100,49,85,81"/><V107/><F69/><W117/><G117/><T101/><D34/><U71/><E114/><V14/><F0/><W123/><G123/><T51/><D64/><U55/><E74/><V88/><F113/><W66/><G41/><T12/><D7/><U119/><E35/><V80/><F133/><N who="0" m="51306" /><D12/><U53/><E125/><V110/><F14/><W97/><G115/><T63/><D63/><N who="1" m="38383" /><E71/><V124/><F56/><W102/><G70/><T128/><D75/><U73/><E73/><N who="2" m="43055" /><F124/><W89/><G66/><T126/><D72/><U30/><E119/><V95/><F27/><W61/><G61/><T91/><D91/><U33/><E33/><V18/><F18/><W83/><G9/><T131/><D126/><U129/><E30/><N who="3" m="11306" /><G1/><T26/><D26/><U43/><E122/><V60/><F60/><W62/><G62/><T2/><D2/><U17/><E17/><V120/><F29/><W19/><G19/><T82/><D82/><U118/><E118/><V22/><F22/><W13/><G13/><T32/><D32/><U3/><E3/><V99/><F120/><W42/><G42/><N who="0" m="25015" /><D128/><U54/><E129/><V39/><F39/><W98/><G81/><T38/><D38/><U8/><E8/><V11/><F11/><W21/><G21/><T112/><D112/><U76/><E4/><V96/><F96/><AGARI ba="0,0" hai="15,16,20,96,101,105,130,131" m="25015,51306" machi="96" ten="30,7700,0" yaku="20,1,52,2,54,1" doraHai="127" who="0" fromWho="2" sc="253,77,250,0,157,-77,340,0" /><INIT seed="3,0,0,3,0,30" ten="330,250,80,340" oya="3" hai0="48,13,66,116,6,49,130,100,55,3,74,132,1" hai1="27,87,9,135,24,123,91,4,120,107,53,25,73" hai2="38,81,51,101,65,22,42,88,94,86,59,56,118" hai3="71,60,106,124,36,109,2,77,98,75,78,8,113"/><W82/><G113/><T93/><D74/><U11/><E135/><V127/><F118/><W104/><G124/><T105/><D105/><U46/><E73/><V5/><F127/><W99/><G109/><T31/><D116/><U62/><E107/><V61/><F38/><W114/><G114/><T19/><D66/><U117/><E117/><V28/><F5/><N who="3" m="1079" /><G98/><T7/><D100/><U97/><E97/><N who="2" m="59575" /><F42/><W58/><G58/><T92/><D13/><U83/><E9/><V89/><F56/><W80/><G99/><T119/><D31/><U45/><E62/><V0/><F0/><W10/><G10/><T126/><D126/><U133/><E133/><V34/><F34/><W85/><G85/><T57/><D119/><U64/><E64/><V32/><F32/><W40/><G80/><T131/><D57/><U76/><E120/><V111/><F111/><W122/><G78/><T70/><D132/><U125/><E123/><V35/><F35/><W68/><G122/><T121/><D121/><U112/><E112/><V90/><F51/><W103/><G103/><T20/><D20/><U96/><E125/><V63/><F63/><W67/><G71/><T26/><D26/><AGARI ba="0,0" hai="22,26,28,59,61,65,81,86,88,89,90" m="59575" machi="26" ten="30,3900,0" yaku="25,1,8,1,54,1" doraHai="30" who="2" fromWho="0" sc="330,-39,250,0,80,39,340,0" /><INIT seed="4,0,0,3,5,115" ten="291,250,119,340" oya="0" hai0="3,37,87,26,39,79,91,131,70,112,96,83,134" hai1="109,61,72,25,53,84,135,62,65,110,12,99,129" hai2="29,31,41,59,57,19,44,38,89,103,13,101,18" hai3="16,116,64,20,34,132,5,32,102,22,90,82,118"/><T24/><D70/><U48/><E72/><V63/><F89/><W122/><G102/><T60/><D3/><U127/><E135/><V108/><F108/><W2/><G64/><T28/><D134/><U54/><E127/><V100/><F19/><W46/><G46/><T105/><D112/><U86/><E129/><V52/><REACH who="2" step="1"/><F59/><REACH who="2" ten="291,250,109,340" step="2"/><W9/><G132/><T58/><D91/><U114/><E109/><V0/><F0/><W51/><G122/><T97/><D131/><U81/><E110/><V92/><F92/><W45/><G16/><T128/><D128/><U75/><E114/><V55/><F55/><W119/><G34/><T27/><D28/><U78/><E53/><V133/><F133/><W11/><G32/><T40/><D105/><U4/><E54/><V85/><F85/><W107/><G107/><T6/><D6/><U14/><E86/><V123/><F123/><W43/><G90/><T47/><D58/><U88/><E4/><V10/><AGARI ba="0,1" hai="10,13,18,29,31,38,41,44,52,57,63,100,101,103" machi="10" ten="30,12000,2" yaku="1,1,0,1,54,1,53,3" doraHai="115" doraHaiUra="98" who="2" fromWho="2" sc="291,-60,250,-30,109,130,340,-30" /><INIT seed="5,0,0,2,1,132" ten="231,220,239,310" oya="1" hai0="3,30,98,131,49,86,37,126,35,87,94,27,93" hai1="13,61,36,105,12,46,6,50,16,114,47,95,33" hai2="55,111,123,59,69,134,21,118,23,34,92,42,82" hai3="20,0,122,28,29,80,2,75,18,101,124,11,25"/><U54/><E105/><V89/><F123/><W56/><G122/><T110/><D37/><U108/><E114/><V74/><F118/><W70/><G70/><T38/><D38/><U107/><E107/><V65/><F34/><W31/><G101/><T9/><D110/><U19/><E108/><V115/><F115/><W73/><G124/><T78/><D131/><U58/><E33/><V79/><F134/><W127/><G127/><T84/><D126/><U32/><E32/><V57/><F42/><W15/><G56/><T125/><D125/><U106/><E106/><V39/><F39/><W116/><G116/><T128/><D128/><U17/><E36/><V104/><F104/><W76/><REACH who="3" step="1"/><G73/><REACH who="3" ten="231,220,239,300" step="2"/><T5/><D94/><U48/><E95/><V62/><F69/><W129/><G129/><T109/><D109/><U67/><REACH who="1" step="1"/><E6/><AGARI ba="0,1" hai="0,2,6,11,15,18,20,25,28,29,31,75,76,80" machi="6" ten="40,2600,0" yaku="1,1,53,1" doraHai="132" doraHaiUra="22" who="3" fromWho="1" sc="231,0,220,-26,239,0,300,36" /><INIT seed="6,0,0,0,0,45" ten="231,194,239,336" oya="2" hai0="70,42,83,54,99,125,132,38,91,57,55,52,41" hai1="15,116,123,100,84,19,0,77,96,37,131,56,101" hai2="73,10,133,109,25,53,117,24,134,127,104,68,12" hai3="67,2,1,106,97,130,44,59,3,39,108,107,65"/><V121/><F117/><W33/><G33/><T92/><D70/><U28/><E116/><V17/><F121/><W43/><G108/><T72/><D125/><U122/><E131/><V23/><F73/><W51/><G130/><T85/><D132/><N who="2" m="50794" /><F127/><W31/><G31/><T112/><D112/><U20/><E37/><V81/><F104/><W62/><G67/><T8/><D8/><U6/><E28/><V64/><F109/><W76/><G76/><T66/><D72/><U79/><E101/><V78/><F53/><N who="0" m="20586" /><D66/><U13/><E0/><V14/><F81/><W5/><G5/><T129/><D38/><U22/><E56/><V89/><F89/><W119/><G119/><T118/><D118/><U105/><E84/><V114/><F78/><W26/><G97/><T63/><D129/><U120/><REACH who="1" step="1"/><E6/><REACH who="1" ten="231,184,239,336" step="2"/><N who="2" m="3159" /><F114/><W69/><G1/><T30/><D30/><U11/><E11/><V21/><F21/><W34/><G2/><T71/><D71/><U88/><E88/><AGARI ba="0,1" hai="41,42,55,57,63,83,85,88,91,92,99" m="20586" machi="88" ten="30,3900,0" yaku="8,1,54,2" doraHai="45" who="0" fromWho="1" sc="231,49,184,-39,239,0,336,0" /><INIT seed="7,0,0,0,5,101" ten="280,145,239,336" oya="3" hai0="112,42,94,26,57,33,124,49,28,16,99,82,67" hai1="128,40,127,107,120,135,23,111,56,0,118,8,14" hai2="52,34,12,30,117,103,73,104,18,5,77,125,108" hai3="83,133,4,121,20,7,90,126,84,21,102,66,48"/><W3/><G121/><T24/><D124/><U115/><RYUUKYOKU type="yao9" ba="0,0" sc="280,0,145,0,239,0,336,0" hai1="0,8,14,23,40,56,107,111,115,118,120,127,128,135" /><INIT seed="7,1,0,1,3,38" ten="280,145,239,336" oya="3" hai0="53,7,126,34,46,106,3,65,108,62,98,44,13" hai1="1,94,118,135,84,22,74,93,113,14,60,18,88" hai2="117,104,41,121,132,85,56,120,20,16,89,81,128" hai3="90,32,83,119,17,49,75,4,71,112,10,57,100"/><W87/><G71/><T0/><D46/><U76/><E135/><V110/><F110/><W95/><G119/><T123/><D123/><N who="2" m="47178" /><F117/><W2/><G32/><T109/><D126/><U39/><E118/><V103/><F128/><W134/><G134/><T25/><D53/><U54/><E113/><V99/><F132/><W97/><G112/><T73/><D44/><U31/><E1/><V42/><F56/><W23/><G75/><T80/><D13/><AGARI ba="1,0" hai="13,16,20,41,42,81,85,89,99,103,104" m="47178" machi="13" ten="30,7700,0" yaku="13,1,52,2,54,1" doraHai="38" who="2" fromWho="0" sc="280,-80,145,0,239,80,336,0" owari="200,-20.0,145,-35.0,319,12.0,336,43.0" /></mjloggm>