<mjloggm ver="2.3"><GO type="169" lobby="0"/><UN n0="%E3%82%A6%E3%83%AB%E3%83%88%E3%83%A9%E7%AB%8B%E7%9B%B4" n1="%E3%81%9B%E3%81%95%E3%81%BF%E3%82%93%E2%99%AA" n2="%E6%96%91%E7%9B%AE%56" n3="%E6%9D%A5%E9%80%B1%E3%81%AE%E7%B3%B8%E4%BA%95" dan="18,17,16,16" rate="2212.66,2147.96,2123.92,2070.06" sx="M,F,M,M"/><TAIKYOKU oya="0"/><INIT seed="0,0,0,2,0,49" ten="250,250,250,250" oya="0" hai0="36,13,81,119,16,25,131,91,47,107,68,7,133" hai1="35,76,27,43,97,26,108,18,93,54,17,23,52" hai2="90,8,24,4,66,132,37,102,71,3,79,63,65" hai3="39,130,82,70,94,109,40,100,75,5,113,114,42"/><T0/><D119/><U45/><E108/><V67/><F37/><W77/><G42/><T74/><D131/><U53/><E76/><V33/><F132/><W19/><G19/><N who="1" m="7178" /><E35/><V61/><F90/><W34/><G94/><T118/><D133/><U115/><E115/><V64/><F79/><W51/><G51/><T1/><D68/><U55/><E43/><V15/><F63/><W58/><G58/><T60/><D60/><U99/><E23/><V92/><F92/><W110/><G130/><T95/><D107/><U31/><E31/><V83/><F83/><W84/><G34/><T10/><D118/><U120/><E120/><V78/><F78/><W80/><G70/><T105/><D105/><U86/><E86/><V38/><F38/><W2/><G84/><T30/><D81/><U48/><E99/><V101/><REACH who="2" step="1"/><F3/><REACH who="2" ten="250,250,240,250" step="2"/><W98/><G82/><T96/><D1/><U121/><E121/><V123/><F123/><W117/><G117/><T129/><D129/><U56/><E45/><V59/><F59/><W21/><G114/><T41/><D74/><U88/><AGARI ba="0,1" hai="26,27,48,52,53,54,55,56,88,93,97" m="7178" machi="88" ten="30,12000,2" yaku="8,1,52,4,54,2" doraHai="49" who="1" fromWho="1" sc="250,-60,250,130,240,-30,250,-30" /><INIT seed="1,0,0,1,0,59" ten="190,380,210,220" oya="1" hai0="117,71,46,31,102,105,54,126,75,63,44,49,128" hai1="56,72,88,6,83,73,53,101,99,57,7,20,113" hai2="119,87,108,76,60,79,26,36,98,23,121,9,78" hai3="122,89,118,52,127,1,82,47,8,24,42,25,77"/><U18/><E113/><V85/><F36/><W92/><G122/><T114/><D75/><U93/><E73/><V34/><F34/><W38/><G127/><T91/><D117/><U107/><E72/><V15/><F119/><W84/><G118/><T28/><D114/><U100/><E83/><V13/><F108/><W86/><G1/><T22/><D126/><U68/><E68/><V43/><F43/><W3/><G3/><T90/><D128/><U14/><E56/><V21/><F98/><W81/><G8/><T67/><D46/><U12/><E12/><V96/><F96/><W130/><G130/><T66/><D66/><U94/><E107/><V29/><F121/><W37/><G37/><T16/><D102/><N who="1" m="39531" /><E93/><V103/><F103/><W80/><G80/><T120/><D105/><U35/><E35/><V2/><F2/><W19/><G82/><T115/><D115/><U55/><E55/><V62/><F87/><W123/><G123/><T40/><D54/><U125/><E125/><V11/><F85/><W4/><G52/><T61/><D120/><U70/><E70/><V131/><F131/><W58/><G58/><T41/><D41/><U124/><E124/><V10/><REACH who="2" step="1"/><F15/><REACH who="2" ten="190,380,200,220" step="2"/><W69/><G86/><T104/><D104/><U134/><E134/><V33/><F33/><W109/><G84/><T129/><D129/><U64/><E99/><V106/><F106/><W48/><G42/><T32/><D32/><U39/><E39/><V27/><F27/><W50/><G38/><T97/><D97/><U0/><E14/><V65/><F65/><W110/><G25/><RYUUKYOKU ba="0,1" sc="190,-10,380,-10,200,30,220,-10" hai2="9,10,11,13,21,23,26,29,60,62,76,78,79" /><INIT seed="2,1,1,4,5,124" ten="180,370,230,210" oya="2" hai0="10,39,7,128,28,13,27,109,63,55,53,111,64" hai1="71,90,41,74,113,34,24,60,5,59,14,1,73" hai2="4,36,6,119,38,2,92,114,118,42,89,78,17" hai3="3,85,121,61,44,19,106,77,21,69,105,57,9"/><V95/><F78/><W29/><G121/><T132/><D39/><U115/><E14/><V120/><F2/><W135/><G69/><T49/><D132/><U125/><E90/><V22/><F42/><W81/><G135/><T68/><D128/><U100/><E125/><V8/><F8/><W133/><G133/><T93/><D93/><U103/><E41/><V96/><F120/><W75/><G29/><T104/><D104/><U52/><E71/><V86/><F114/><W126/><G126/><T46/><REACH who="0" step="1"/><D55/><REACH who="0" ten="170,370,230,210" step="2"/><U51/><E115/><V123/><F123/><W108/><G106/><T20/><AGARI ba="1,2" hai="7,10,13,20,27,28,46,49,53,63,64,68,109,111" machi="20" ten="30,4000,0" yaku="1,1,2,1,0,1,53,0" doraHai="124" doraHaiUra="129" who="0" fromWho="0" sc="170,63,370,-11,230,-21,210,-11" /><INIT seed="3,0,0,3,2,47" ten="233,359,209,199" oya="3" hai0="113,131,43,76,26,103,133,129,54,63,9,35,91" hai1="74,94,101,120,62,90,117,36,39,98,25,10,50" hai2="49,32,114,125,4,127,42,118,97,68,55,31,102" hai3="128,70,121,27,107,6,69,105,81,78,13,84,33"/><W46/><G121/><T12/><D43/><U52/><E120/><V100/><F68/><W40/><G128/><T132/><D91/><U75/><E117/><V115/><F42/><W56/><G56/><N who="0" m="35223" /><D103/><U1/><E62/><V79/><F4/><W106/><G27/><T2/><D76/><U124/><E124/><N who="2" m="47691" /><F79/><W60/><G60/><T88/><D88/><U67/><E67/><V19/><F19/><W29/><G29/><N who="0" m="19895" /><D2/><U92/><E25/><N who="2" m="18543" /><F118/><W64/><G64/><T112/><D131/><U22/><E75/><V11/><F11/><N who="3" m="4343" /><G33/><T8/><D129/><U34/><E34/><V59/><F102/><W65/><G65/><T71/><D71/><U7/><E74/><V95/><AGARI ba="0,0" hai="49,55,59,95,97,100,114,115" m="18543,47691" machi="95" ten="30,2000,0" yaku="18,1,52,1" doraHai="47" who="2" fromWho="2" sc="233,-5,359,-5,209,20,199,-10" /><INIT seed="4,0,0,0,1,5" ten="228,354,229,189" oya="0" hai0="87,94,74,119,19,50,111,129,108,132,43,112,77" hai1="72,56,92,93,57,114,81,3,24,130,122,78,18" hai2="30,126,59,131,12,121,37,88,105,120,53,95,89" hai3="113,48,7,31,34,33,101,1,64,68,52,80,76"/><T69/><D69/><U117/><E117/><V16/><F105/><W127/><G113/><T49/><D119/><U116/><E116/><V10/><F37/><W17/><G127/><T32/><D32/><U102/><E114/><V63/><F131/><W22/><G101/><T90/><D112/><U70/><E70/><V0/><F126/><W84/><G64/><T71/><D71/><U61/><E130/><V124/><F124/><W46/><G68/><T55/><D129/><U118/><E118/><V83/><F30/><W21/><G31/><T100/><D100/><U25/><E3/><V27/><F27/><W51/><G22/><T133/><D43/><U23/><E122/><V73/><F0/><W35/><G51/><T8/><D77/><U79/><E56/><V98/><REACH who="2" step="1"/><F88/><REACH who="2" ten="228,354,219,189" step="2"/><W65/><G1/><T135/><D74/><U39/><E39/><V60/><F60/><W26/><G65/><T40/><D40/><U42/><E42/><V109/><F109/><N who="0" m="42058" /><D55/><U115/><E102/><V103/><F103/><W36/><G36/><T123/><D123/><U14/><E115/><V4/><F4/><W28/><G7/><T99/><D87/><N who="1" m="48567" /><E79/><AGARI ba="0,1" hai="10,12,16,53,59,63,73,79,83,89,95,98,120,121" machi="79" ten="40,8000,1" yaku="1,1,52,1,54,1,53,1" doraHai="5" doraHaiUra="13" who="2" fromWho="1" sc="228,0,354,-80,219,90,189,0" /><INIT seed="5,0,0,0,5,24" ten="228,274,309,189" oya="1" hai0="103,33,3,113,61,135,63,111,81,49,127,105,104" hai1="60,42,53,7,82,39,80,125,27,40,52,102,0" hai2="96,95,29,43,30,21,68,74,108,36,120,28,129" hai3="65,38,97,22,71,76,16,124,77,131,75,88,109"/><U47/><E125/><V84/><F74/><W23/><G109/><T62/><D3/><U41/><E102/><V101/><F68/><W9/><G38/><T107/><D111/><U134/><E134/><V48/><F36/><W34/><G34/><T85/><D135/><U116/><E116/><V99/><F120/><W55/><G75/><T115/><D127/><U69/><E27/><N who="2" m="16495" /><F129/><W67/><G124/><T12/><D33/><U10/><E41/><V37/><F37/><W90/><G71/><T110/><D110/><U118/><E118/><V15/><F108/><W98/><G9/><T11/><D49/><U2/><E2/><V72/><F72/><W56/><G131/><T132/><D103/><U50/><E40/><V73/><F73/><W92/><G98/><T66/><D66/><N who="3" m="25097" /><G90/><T117/><D117/><U78/><E69/><V93/><F84/><W26/><G23/><T83/><D132/><U19/><E19/><V114/><F114/><N who="0" m="43530" /><D85/><U45/><E78/><V94/><F99/><W70/><G70/><T14/><D11/><U79/><E79/><V13/><F96/><W54/><G54/><T51/><D51/><AGARI ba="0,0" hai="16,22,26,51,55,56,76,77,88,92,97" m="25097" machi="51" ten="30,3900,0" yaku="8,1,54,2" doraHai="24" who="3" fromWho="0" sc="228,-39,274,0,309,0,189,39" /><INIT seed="6,0,0,3,5,72" ten="189,274,309,228" oya="2" hai0="41,104,7,2,6,133,66,37,115,79,119,73,127" hai1="39,29,28,26,44,93,14,61,85,5,18,58,113" hai2="128,24,11,97,3,131,49,17,129,48,123,38,19" hai3="117,43,87,60,0,83,36,23,108,1,42,65,32"/><V121/><F38/><W86/><G108/><T30/><D7/><U114/><E5/><N who="2" m="1471" /><F97/><W116/><G32/><T89/><D89/><N who="1" m="53423" /><E44/><V20/><F17/><W10/><G23/><T51/><D51/><AGARI ba="0,0" hai="19,20,24,48,49,51,121,123,128,129,131" m="1471" machi="51" ten="30,1500,0" yaku="19,1" doraHai="72" who="2" fromWho="0" sc="189,-15,274,0,309,15,228,0" /><INIT seed="6,1,0,4,4,39" ten="174,274,324,228" oya="2" hai0="89,78,56,54,116,67,112,10,28,62,21,115,47" hai1="6,130,98,4,42,34,125,91,79,57,134,53,84" hai2="124,100,16,110,64,119,45,123,5,87,0,133,49" hai3="69,50,25,96,46,27,72,14,44,99,13,106,80"/><V32/><F100/><W127/><G69/><T18/><D116/><U8/><E134/><V73/><F32/><W11/><G127/><T128/><D128/><U118/><E118/><V60/><F73/><W9/><G72/><T85/><D78/><U68/><E68/><V55/><F124/><W24/><G80/><T23/><D28/><U132/><E132/><V43/><F123/><W114/><G106/><T107/><D107/><U82/><E34/><V2/><F110/><W20/><G20/><T38/><D23/><U51/><E130/><V48/><F5/><W88/><G114/><T36/><D36/><U61/><E125/><V29/><F87/><W59/><G59/><T120/><D120/><U122/><E122/><V70/><F29/><W35/><G35/><T65/><D65/><U121/><E121/><V102/><F102/><W83/><G83/><T92/><D10/><N who="3" m="3593" /><G88/><T104/><D104/><U76/><E98/><N who="3" m="37418" /><G50/><T33/><D33/><U86/><E86/><V94/><F94/><W108/><G108/><T17/><D17/><U105/><E105/><V66/><F66/><W126/><G126/><T37/><D37/><U129/><E129/><V75/><F75/><W95/><G95/><T109/><D109/><U71/><E4/><V77/><F133/><W40/><G40/><T58/><D58/><U12/><E71/><V117/><F117/><W81/><G81/><T97/><D97/><U74/><E74/><V131/><F131/><W135/><G135/><T31/><D31/><U93/><E93/><V3/><F119/><W15/><AGARI ba="1,0" hai="13,14,15,24,25,27,44,46" m="37418,3593" machi="15" ten="40,5200,0" yaku="28,2,8,1" doraHai="39" who="3" fromWho="3" sc="174,-14,274,-14,324,-27,228,55" /><INIT seed="7,0,0,1,1,113" ten="160,260,297,283" oya="3" hai0="121,120,43,8,85,51,31,90,53,61,33,125,38" hai1="119,16,27,20,60,103,73,98,112,87,22,41,11" hai2="106,132,36,10,74,135,13,82,84,9,110,94,123" hai3="124,48,118,5,2,76,80,129,130,40,105,29,104"/><W63/><G124/><T69/><D125/><U14/><E112/><V97/><F36/><W109/><G29/><T18/><D31/><U72/><E119/><V47/><F106/><W46/><G63/><T6/><D33/><U107/><E41/><V92/><F74/><W116/><G109/><T134/><D134/><N who="2" m="51242" /><F123/><W126/><G126/><T45/><D18/><U4/><E87/><V34/><F34/><W26/><G26/><T12/><D61/><U15/><REACH who="1" step="1"/><E60/><REACH who="1" ten="160,250,297,283" step="2"/><V71/><F84/><N who="3" m="48135" /><G105/><T88/><D69/><U128/><E128/><N who="3" m="49258" /><G104/><T70/><D70/><U91/><E91/><V58/><F71/><W75/><G75/><T50/><D90/><U35/><E35/><V64/><F110/><W44/><G44/><T7/><D38/><U95/><E95/><V111/><F111/><W99/><G99/><T81/><REACH who="0" step="1"/><D7/><REACH who="0" ten="150,250,297,283" step="2"/><U55/><E55/><V102/><F64/><W39/><G39/><T17/><D17/><AGARI ba="0,2" hai="4,11,14,15,16,17,20,22,27,72,73,98,103,107" machi="17" ten="30,7700,0" yaku="1,1,7,1,54,1,53,1" doraHai="113" doraHaiUra="101" who="1" fromWho="0" sc="150,-77,250,97,297,0,283,0" owari="73,-43.0,347,45.0,297,10.0,283,-12.0" /></mjloggm>