<mjloggm ver="2.3"><GO type="41" lobby="0"/><UN n0="%E5%B9%BD%E5%AE%A2" n1="%E9%A6%AC%E9%B9%BF%E6%9C%A8%E3%82%B7%E3%82%B2%E3%83%AB" n2="%E5%B0%B1%E6%B4%BB%E7%94%9F%40%E5%B7%9D%E6%9D%91%E8%BB%8D%E5%9B%A3" n3="%E6%A0%B9%E8%B6%8A%E8%8B%B1%E4%BA%BA" dan="14,13,17,15" rate="1928.23,1878.99,2203.19,2036.88" sx="M,M,M,F"/><TAIKYOKU oya="0"/><INIT seed="0,0,0,0,5,37" ten="250,250,250,250" oya="0" hai0="12,20,88,135,64,116,50,8,74,31,54,131,22" hai1="38,81,76,117,35,102,70,7,39,132,129,67,13" hai2="47,41,110,6,95,60,40,100,127,19,33,25,108" hai3="82,1,113,97,86,94,24,56,71,118,9,119,120"/><T128/><D116/><U78/><E117/><V10/><F127/><W15/><G71/><T126/><D74/><U58/><E129/><N who="0" m="49737" /><D126/><U121/><E121/><V83/><F83/><W105/><G105/><T53/><D135/><U42/><E132/><V0/><F60/><W65/><G1/><T89/><D64/><U77/><E35/><V98/><F47/><W28/><G113/><T4/><D53/><U51/><E70/><V21/><REACH who="2" step="1"/><F33/><REACH who="2" ten="250,250,240,250" step="2"/><N who="3" m="20615" /><G120/><T93/><D31/><U122/><E122/><V5/><F5/><W75/><G82/><T57/><D89/><U106/><E81/><V130/><F130/><W36/><G119/><T79/><D79/><U115/><E115/><V109/><AGARI ba="0,1" hai="0,6,10,19,21,25,40,41,95,98,100,108,109,110" machi="109" ten="30,12000,2" yaku="1,1,0,1,14,1,52,2,53,1" doraHai="37" doraHaiUra="34" who="2" fromWho="2" sc="250,-60,250,-30,240,130,250,-30" /><INIT seed="1,0,0,5,4,96" ten="190,220,370,220" oya="1" hai0="83,68,101,112,1,2,25,29,0,22,36,114,53" hai1="118,45,81,117,106,13,99,12,64,14,16,127,77" hai2="50,37,100,3,32,71,86,107,82,47,93,67,62" hai3="43,51,131,72,49,124,46,111,4,57,59,123,89"/><U84/><E127/><V30/><F3/><W74/><G111/><T126/><D126/><U65/><E45/><V122/><F122/><W20/><G123/><T5/><D36/><U17/><E117/><V10/><F37/><W55/><G4/><T132/><D68/><U92/><E118/><V35/><F107/><W41/><G131/><T102/><D132/><U75/><E106/><V128/><F128/><W15/><G124/><T115/><D5/><U27/><E75/><V31/><F10/><W18/><G74/><T79/><REACH who="0" step="1"/><D53/><REACH who="0" ten="180,220,370,220" step="2"/><U104/><E104/><V129/><F129/><W7/><G7/><T19/><D19/><N who="1" m="7243" /><E27/><V97/><F31/><W70/><G70/><T38/><D38/><U135/><E135/><V98/><F30/><W76/><G41/><T66/><D66/><U28/><E28/><V39/><F39/><W113/><G43/><T58/><D58/><U40/><E40/><V134/><F134/><W33/><G59/><T90/><D90/><AGARI ba="0,1" hai="12,13,14,64,65,77,81,84,90,92,99" m="7243" machi="90" ten="30,2900,0" yaku="8,1,54,1" doraHai="96" who="1" fromWho="0" sc="180,-29,220,39,370,0,220,0" /><INIT seed="1,1,0,2,0,14" ten="151,259,370,220" oya="1" hai0="135,63,57,94,23,62,40,31,72,108,69,16,46" hai1="129,107,50,81,38,76,35,103,41,24,89,128,112" hai2="2,29,85,106,100,67,96,22,70,54,56,9,77" hai3="8,133,11,105,126,84,60,90,19,0,109,130,12"/><U4/><E112/><V32/><F32/><W82/><G105/><T110/><D72/><U37/><E4/><V87/><F70/><W44/><G109/><N who="0" m="42091" /><D135/><U125/><E125/><V42/><F42/><W124/><G133/><T119/><D119/><U131/><E89/><V66/><F2/><W27/><G60/><T55/><D31/><N who="1" m="19943" /><E107/><V113/><F9/><W68/><G68/><T99/><D69/><U10/><E10/><V132/><F132/><W79/><G27/><N who="0" m="14823" /><D63/><U43/><E103/><V47/><F113/><W25/><G25/><T116/><D116/><U53/><E41/><V97/><F77/><W36/><G79/><T15/><D15/><U3/><E43/><V83/><F100/><W26/><G26/><T48/><D94/><U115/><E3/><V134/><F106/><W114/><G114/><T86/><D86/><N who="1" m="48423" /><E115/><V78/><F87/><W59/><G126/><T93/><D93/><U28/><E28/><V91/><F134/><W52/><G124/><T65/><D99/><U117/><E117/><V58/><F96/><W121/><G0/><T39/><D65/><U21/><E21/><V6/><F97/><W49/><G8/><T5/><D5/><U51/><E51/><N who="2" m="29055" /><F6/><W45/><G11/><T1/><D1/><U127/><E127/><V64/><F22/><W98/><G98/><T7/><D7/><U17/><E17/><V122/><F29/><W80/><G19/><T71/><D71/><U111/><E111/><V88/><F122/><W13/><G121/><T120/><D62/><U20/><E20/><V104/><F104/><W123/><G123/><AGARI ba="1,0" hai="39,40,46,48,55,57,120,123" m="14823,42091" machi="123" ten="30,7700,0" yaku="6,1,14,1,52,1,54,1" doraHai="14" who="0" fromWho="3" sc="151,80,259,0,370,0,220,-80" /><INIT seed="2,0,0,1,3,52" ten="231,259,370,140" oya="2" hai0="47,113,64,105,23,19,14,5,63,27,32,30,133" hai1="131,92,34,39,127,53,83,42,82,100,108,109,80" hai2="73,74,17,94,26,20,28,123,69,71,62,75,33" hai3="102,22,86,10,49,101,4,134,98,67,18,114,55"/><V21/><F123/><W106/><G102/><T0/><D113/><U3/><E34/><V124/><F124/><W58/><G67/><T46/><D105/><U61/><E3/><V65/><F94/><W12/><G114/><T93/><D93/><U8/><E127/><V54/><F54/><W88/><G134/><T38/><D38/><U56/><E131/><V135/><F135/><W81/><G4/><T116/><D116/><U111/><E8/><V122/><F122/><W96/><G96/><T119/><D119/><U60/><E42/><V118/><F118/><W6/><G6/><T115/><D115/><U29/><E29/><V24/><REACH who="2" step="1"/><F33/><REACH who="2" ten="231,259,360,140" step="2"/><W44/><REACH who="3" step="1"/><G22/><REACH who="3" ten="231,259,360,130" step="2"/><N who="0" m="11639" /><D64/><U13/><E39/><V85/><F85/><W40/><G40/><T57/><D133/><U59/><E92/><V16/><F16/><W112/><G112/><T128/><D23/><U77/><E100/><V45/><F45/><AGARI ba="0,2" hai="10,12,18,44,45,49,55,58,81,86,88,98,101,106" machi="45" ten="40,5200,0" yaku="1,1,52,1,54,1,53,0" doraHai="52" doraHaiUra="1" who="3" fromWho="2" sc="231,0,259,0,360,-52,130,72" /><INIT seed="3,0,0,4,1,108" ten="231,259,308,202" oya="3" hai0="65,62,48,131,53,42,74,83,128,38,43,115,64" hai1="33,67,86,31,126,100,55,75,46,19,72,98,111" hai2="30,25,87,80,12,91,17,82,76,112,129,103,18" hai3="51,84,68,29,27,122,34,81,15,39,102,85,35"/><W50/><G39/><T56/><D74/><U61/><E111/><V77/><F129/><N who="0" m="49738" /><D83/><U134/><E126/><V89/><F112/><W59/><G68/><N who="0" m="42007" /><D65/><U127/><E134/><V130/><F103/><W135/><G135/><T2/><D2/><U20/><E127/><V47/><F47/><W3/><G3/><T101/><D101/><U113/><E33/><V10/><F18/><W6/><G35/><T71/><D71/><U97/><E31/><V96/><F130/><W13/><G122/><T9/><D9/><U32/><E32/><V57/><F57/><W93/><G6/><T0/><D0/><U66/><E46/><V60/><F60/><W104/><G104/><T92/><D92/><U14/><E55/><V125/><F125/><W114/><G114/><T36/><D115/><U5/><E67/><V40/><F40/><AGARI ba="0,0" hai="36,38,40,42,43,48,53,56" m="42007,49738" machi="40" ten="30,3900,0" yaku="19,1,34,2" doraHai="108" who="0" fromWho="2" sc="231,39,259,0,308,-39,202,0" /><INIT seed="4,0,0,1,1,46" ten="270,259,269,202" oya="0" hai0="58,18,63,4,23,115,50,82,87,19,93,35,34" hai1="13,20,130,49,29,7,96,106,24,102,10,84,74" hai2="12,25,39,81,104,127,15,8,52,125,9,14,67" hai3="121,62,111,26,56,117,103,3,11,77,107,17,27"/><T122/><D122/><U70/><E74/><V37/><F104/><W48/><G111/><T28/><D115/><U68/><E130/><V76/><F67/><W132/><G117/><T88/><D4/><U43/><REACH who="1" step="1"/><E84/><REACH who="1" ten="270,249,269,202" step="2"/><V21/><F125/><W57/><G121/><T31/><D35/><U114/><E114/><V86/><F127/><W55/><G132/><T105/><D34/><U72/><E72/><V126/><F126/><W42/><G77/><T2/><D2/><U98/><E98/><V0/><F0/><W22/><G107/><T33/><D105/><U71/><E71/><V110/><F110/><W80/><G80/><T78/><D33/><U116/><E116/><V129/><F129/><W112/><G112/><T85/><D19/><U60/><E60/><V83/><F83/><W59/><G62/><T101/><D63/><U134/><E134/><V119/><F119/><W32/><G32/><T6/><D6/><U89/><E89/><V109/><F109/><W41/><G103/><T100/><D101/><U113/><E113/><V16/><F37/><W73/><G73/><T40/><D100/><U123/><E123/><V30/><F39/><W64/><G64/><T54/><REACH who="0" step="1"/><D40/><REACH who="0" ten="260,249,269,202" step="2"/><U53/><E53/><V120/><F120/><W79/><G42/><T90/><D90/><U94/><E94/><V38/><F52/><W92/><G41/><T66/><D66/><U128/><E128/><V51/><F76/><W45/><G92/><T47/><D47/><AGARI ba="0,2" hai="7,10,13,20,24,29,43,47,49,68,70,96,102,106" machi="47" ten="40,5200,0" yaku="1,1,52,1,53,1" doraHai="46" doraHaiUra="5" who="1" fromWho="0" sc="260,-52,249,72,269,0,202,0" /><INIT seed="5,0,0,4,4,17" ten="208,321,269,202" oya="1" hai0="123,118,112,48,110,43,91,57,62,95,131,20,90" hai1="134,51,71,99,3,100,49,83,10,85,115,59,68" hai2="42,36,21,126,81,46,5,120,76,58,96,97,94" hai3="74,61,7,67,30,128,102,24,69,14,82,116,84"/><U22/><E134/><V73/><F120/><W0/><G0/><T38/><D110/><U129/><E129/><V26/><F126/><W37/><G128/><T35/><D118/><U9/><E115/><V75/><F5/><W72/><G37/><T6/><D35/><U80/><E71/><V52/><F75/><W18/><G7/><T64/><D131/><U121/><E68/><V122/><F94/><W27/><G102/><T8/><D112/><U63/><E3/><V98/><F122/><W106/><G106/><T16/><D38/><U88/><E22/><V124/><F124/><W66/><G66/><T127/><D127/><U25/><E80/><V39/><F39/><W32/><G27/><T130/><D123/><U53/><E25/><V2/><F2/><W1/><G1/><T29/><D29/><U13/><E9/><V12/><F12/><W103/><G103/><T132/><D132/><U19/><REACH who="1" step="1"/><E121/><REACH who="1" ten="208,311,269,202" step="2"/><V113/><F113/><W33/><G33/><T65/><D130/><U87/><E87/><V101/><F21/><W125/><G116/><T109/><D109/><U86/><E86/><V119/><F26/><W11/><G125/><T60/><D8/><U34/><E34/><V55/><F119/><W117/><G117/><T133/><D133/><U28/><E28/><V41/><F81/><W135/><G135/><T50/><D20/><U40/><E40/><V70/><F70/><W107/><G107/><AGARI ba="0,1" hai="10,13,19,49,51,53,59,63,83,85,88,99,100,107" machi="107" ten="30,12000,1" yaku="1,1,7,1,54,1,53,2" doraHai="17" doraHaiUra="47" who="1" fromWho="3" sc="208,0,311,130,269,0,202,-120" /><INIT seed="5,1,0,5,3,54" ten="208,441,269,82" oya="1" hai0="49,60,42,90,77,81,66,128,70,82,55,104,120" hai1="2,6,114,85,132,53,87,88,22,100,15,59,3" hai2="76,26,130,7,111,97,98,122,63,80,126,34,118" hai3="121,68,44,110,24,84,32,131,74,12,79,47,61"/><U72/><E114/><V11/><F122/><W107/><G107/><T112/><D128/><U16/><E132/><V20/><F34/><W27/><G131/><T64/><D112/><U43/><E72/><V37/><F130/><W5/><G110/><T94/><D104/><U4/><E100/><V31/><F111/><W57/><G68/><T117/><D117/><U13/><E43/><V8/><F118/><W18/><G74/><T62/><D120/><U78/><E78/><V113/><F37/><W105/><G105/><T41/><D81/><U29/><E85/><N who="2" m="48263" /><F113/><W101/><G101/><T19/><D19/><U38/><E38/><V46/><F126/><W123/><G5/><N who="1" m="2154" /><E13/><N who="2" m="5279" /><F11/><W86/><G32/><T103/><D103/><U30/><E2/><V71/><F71/><W109/><G109/><T129/><D129/><U93/><E3/><V89/><F89/><W134/><G134/><T45/><D82/><U0/><E0/><V75/><F75/><W9/><G79/><T135/><D77/><U91/><E91/><V23/><F23/><N who="3" m="13431" /><G27/><T14/><D135/><U106/><E106/><V108/><F108/><W17/><G121/><T65/><D90/><U21/><E22/><V96/><F46/><N who="3" m="17451" /><G123/><T50/><D94/><U116/><E116/><V99/><F99/><W28/><G28/><T119/><D119/><U124/><E124/><V133/><F133/><W83/><G83/><T48/><D14/><U115/><E115/><V35/><F35/><W25/><G25/><T95/><D95/><U39/><E39/><V58/><F97/><W125/><G125/><T10/><D70/><RYUUKYOKU ba="1,0" sc="208,-30,441,10,269,10,82,10" hai1="15,16,21,29,30,53,59,87,88,93" hai2="20,26,31,58,63,96,98" hai3="9,12,17,57,61,84,86" /><INIT seed="5,2,0,3,1,71" ten="178,451,279,92" oya="1" hai0="60,41,13,26,56,109,15,58,27,108,52,94,42" hai1="44,107,54,38,115,121,39,75,73,1,83,5,16" hai2="68,37,20,34,8,90,43,104,40,110,76,18,100" hai3="86,21,4,61,87,88,23,95,6,131,129,57,114"/><U32/><E121/><V80/><F110/><W132/><G114/><T82/><D82/><U125/><E125/><V111/><F34/><W55/><G132/><T14/><D94/><U70/><E70/><V91/><F68/><W7/><REACH who="3" step="1"/><G87/><REACH who="3" ten="178,451,279,82" step="2"/><T116/><D108/><U69/><E69/><V19/><F111/><W72/><G72/><T81/><D109/><U53/><E73/><V64/><F91/><W63/><G63/><T74/><D116/><U31/><E107/><V66/><F90/><W10/><G10/><T101/><D74/><U118/><E118/><V65/><F104/><W36/><G36/><T0/><D101/><U12/><E115/><V117/><F37/><W30/><G30/><T35/><D60/><U130/><E130/><AGARI ba="2,1" hai="4,6,7,21,23,55,57,61,86,88,95,129,130,131" machi="130" ten="40,5200,0" yaku="1,1,19,1,54,1,53,0" doraHai="71" doraHaiUra="92" who="3" fromWho="1" sc="178,0,451,-58,279,0,82,68" /><INIT seed="6,0,0,1,3,16" ten="178,393,279,150" oya="2" hai0="99,117,57,22,60,73,108,85,13,30,1,37,10" hai1="58,0,110,89,84,78,20,82,18,133,132,36,123" hai2="34,114,121,109,19,63,74,68,42,24,12,130,129" hai3="75,26,31,3,52,27,59,122,131,124,15,49,29"/><V28/><F74/><W66/><G3/><T95/><D108/><U77/><E36/><V70/><F121/><W111/><G111/><T79/><D37/><U120/><E110/><V93/><F109/><W128/><G75/><T61/><D73/><U5/><E0/><V67/><F42/><W103/><G122/><N who="1" m="46634" /><E5/><V9/><F114/><W53/><G66/><T91/><D1/><U39/><E39/><V88/><REACH who="2" step="1"/><F68/><REACH who="2" ten="178,393,269,150" step="2"/><W126/><G128/><T6/><D117/><U98/><E58/><V83/><F83/><W35/><G131/><T81/><D57/><U48/><E133/><V51/><F51/><W40/><G40/><T94/><D95/><N who="1" m="56687" /><E48/><V115/><F115/><W47/><G59/><T32/><D32/><U7/><E132/><V56/><F56/><W71/><G71/><T112/><D112/><U14/><E7/><V135/><F135/><W96/><G49/><T33/><D33/><U17/><E17/><V55/><F55/><W118/><G47/><T62/><D61/><U101/><E101/><V92/><F92/><W41/><G41/><T50/><D50/><U64/><E64/><V72/><F72/><W127/><G118/><T44/><D44/><U23/><E77/><V45/><F45/><W65/><G65/><T76/><D79/><U87/><E87/><AGARI ba="0,1" hai="9,12,19,24,28,34,63,67,70,87,88,93,129,130" machi="87" ten="40,3900,0" yaku="1,1,54,1,53,0" doraHai="16" doraHaiUra="100" who="2" fromWho="1" sc="178,0,393,-39,269,49,150,0" /><INIT seed="6,1,0,3,3,18" ten="178,354,318,150" oya="2" hai0="34,118,102,91,60,87,119,63,25,8,121,31,17" hai1="77,76,26,135,107,29,24,21,22,32,61,78,19" hai2="52,90,84,117,93,33,36,73,85,86,89,116,67" hai3="65,54,4,6,128,55,75,28,62,45,27,48,1"/><V10/><F36/><W9/><G6/><T104/><D121/><U98/><E135/><V38/><F38/><W125/><G75/><T127/><D127/><U72/><E61/><V114/><F33/><W70/><G125/><T100/><D104/><U49/><E49/><V95/><F73/><W106/><G106/><T7/><D17/><U111/><E111/><V134/><F67/><W133/><G133/><T40/><D40/><U108/><E108/><V35/><F35/><W101/><G101/><T57/><D63/><U94/><E107/><V130/><F134/><W131/><REACH who="3" step="1"/><G55/><REACH who="3" ten="178,354,318,140" step="2"/><N who="0" m="33855" /><D119/><U47/><E72/><V44/><F130/><W110/><G110/><T53/><D53/><U23/><REACH who="1" step="1"/><E47/><REACH who="1" ten="178,344,318,140" step="2"/><V88/><F116/><W43/><G43/><T56/><D118/><U112/><E112/><V59/><F114/><W5/><G5/><T74/><D7/><U92/><E92/><V30/><F117/><W64/><G64/><T83/><D74/><U46/><E46/><V122/><F44/><W3/><G3/><T129/><D129/><U71/><E71/><V58/><F58/><W81/><G81/><T68/><D56/><U51/><E51/><V120/><F59/><W66/><G66/><T2/><D68/><U39/><E39/><V99/><F95/><W105/><G105/><T103/><D100/><AGARI ba="1,2" hai="19,21,22,23,24,26,29,32,76,77,78,94,98,100" machi="100" ten="40,8000,1" yaku="1,1,52,3,53,0" doraHai="18" doraHaiUra="113" who="1" fromWho="0" sc="178,-83,344,103,318,0,140,0" /><INIT seed="7,0,0,2,0,94" ten="95,447,318,140" oya="3" hai0="100,95,24,117,106,23,43,19,48,86,38,134,52" hai1="59,10,133,123,4,78,80,40,128,44,13,91,69" hai2="115,102,2,77,63,28,62,74,83,8,119,67,35" hai3="60,49,45,73,37,61,64,107,1,126,79,92,98"/><W89/><G37/><T34/><D134/><U30/><E123/><V71/><F115/><W118/><G118/><T82/><D117/><U6/><E133/><V53/><F119/><W5/><G107/><T11/><D106/><U76/><E128/><V22/><F102/><W87/><G73/><T135/><D135/><U72/><E69/><V75/><F22/><W57/><G126/><T116/><D116/><U31/><E76/><V36/><F53/><W0/><G5/><T32/><D11/><U47/><E4/><N who="2" m="1047" /><F62/><W124/><G124/><T70/><D70/><U90/><E59/><V122/><F122/><W93/><G61/><T26/><D26/><U114/><E114/><V108/><F108/><W56/><G56/><T18/><D18/><U17/><E6/><V9/><F9/><W33/><G33/><T51/><D38/><U20/><E31/><V125/><F125/><W25/><G25/><T88/><D100/><U121/><E121/><V12/><F12/><W112/><G112/><T27/><D24/><U14/><E14/><V21/><F21/><W7/><G7/><T3/><D3/><U130/><E130/><V120/><F120/><W111/><G111/><T54/><D43/><U55/><E30/><V29/><F36/><W39/><G39/><T84/><D34/><U16/><E17/><V101/><F74/><W66/><G66/><T58/><D32/><U132/><E10/><V129/><F129/><W103/><G79/><N who="0" m="46175" /><D54/><AGARI ba="0,0" hai="0,1,45,49,54,57,60,64,87,89,92,93,98,103" machi="54" ten="30,2900,0" yaku="7,1,52,1" doraHai="94" who="3" fromWho="0" sc="95,-29,447,0,318,0,140,29" /><INIT seed="7,1,0,3,2,61" ten="66,447,318,169" oya="3" hai0="60,103,1,6,101,16,67,11,25,9,115,41,3" hai1="50,76,74,122,113,69,72,30,70,102,90,134,20" hai2="63,68,94,100,121,85,52,55,40,120,86,59,51" hai3="31,124,23,78,117,114,91,77,79,128,8,98,45"/><W123/><G117/><T57/><D115/><U111/><E111/><V34/><F34/><W112/><G123/><N who="2" m="47177" /><F40/><W49/><G128/><T10/><D41/><U39/><E39/><V95/><F68/><W27/><G124/><T135/><D135/><U80/><E134/><V106/><F106/><W43/><G8/><T131/><D131/><U36/><E122/><V46/><F95/><N who="3" m="56703" /><G112/><T84/><D84/><U99/><E113/><V97/><AGARI ba="1,0" hai="46,51,52,55,59,63,85,86,94,97,100" m="47177" machi="97" ten="30,2000,0" yaku="13,1,54,1" doraHai="61" who="2" fromWho="2" sc="66,-6,447,-6,318,23,169,-11" owari="60,-44.0,441,54.0,341,14.0,158,-24.0" /></mjloggm>