<mjloggm ver="2.3"><GO type="169" lobby="0"/><UN n0="%E4%BD%90%E5%80%89%E7%80%AC%E6%B4%A5%E7%BE%8E" n1="%E3%82%A6%E3%83%AB%E3%83%88%E3%83%A9%E7%AB%8B%E7%9B%B4" n2="%E5%A4%A9%E9%87%8E%E9%81%A0%E5%AD%90" n3="%59%61%6E%67%6E%75%6D" dan="16,16,16,16" rate="2066.53,2136.74,2070.05,2067.37" sx="F,M,F,M"/><TAIKYOKU oya="0"/><INIT seed="0,0,0,5,0,97" ten="250,250,250,250" oya="0" hai0="103,111,110,6,72,65,17,115,88,116,39,96,23" hai1="32,70,10,71,89,80,28,8,76,48,104,51,45" hai2="79,49,41,84,52,108,123,11,13,112,69,25,83" hai3="20,15,129,117,75,98,87,120,38,91,82,107,60"/><T35/><D116/><U36/><E104/><V16/><F123/><W101/><G117/><T26/><D39/><U46/><E36/><V9/><F112/><W85/><G38/><T18/><D72/><U29/><E89/><V133/><F108/><N who="0" m="41514" /><D6/><U0/><E80/><V19/><F69/><W81/><G75/><T95/><D115/><U42/><E32/><V128/><F133/><W50/><G120/><T124/><D35/><U102/><E42/><V34/><F128/><W62/><G129/><T61/><D124/><U54/><E54/><V94/><F41/><W55/><G15/><T59/><D103/><U58/><E102/><V44/><F94/><W4/><G4/><T14/><D14/><U21/><E0/><V2/><F2/><W90/><REACH who="3" step="1"/><G20/><REACH who="3" ten="250,250,250,240" step="2"/><T27/><D27/><U118/><E21/><N who="2" m="13503" /><F34/><W132/><G132/><T93/><D93/><U66/><E118/><V122/><F122/><W121/><G121/><T105/><D105/><U106/><E106/><V74/><F74/><W33/><G33/><T22/><D22/><AGARI ba="0,1" hai="9,11,13,16,22,44,49,52,79,83,84" m="13503" machi="22" ten="30,3900,0" yaku="8,1,54,2" doraHai="97" who="2" fromWho="0" sc="250,-39,250,0,250,49,240,0" /><INIT seed="1,0,0,4,5,89" ten="211,250,299,240" oya="1" hai0="59,56,3,104,88,103,48,102,47,113,94,97,19" hai1="110,108,109,90,18,49,112,65,21,24,22,100,117" hai2="17,0,55,27,135,20,9,8,80,121,52,60,63" hai3="4,99,64,50,105,95,31,39,77,96,114,58,30"/><U116/><E100/><V124/><F121/><W41/><G39/><T87/><D3/><U69/><E69/><V29/><F135/><W75/><G114/><T62/><D113/><U81/><E112/><V132/><F132/><W79/><G4/><T85/><D103/><U73/><E65/><V129/><F124/><W32/><G105/><T83/><D19/><U131/><E131/><V78/><F129/><W23/><G32/><T35/><D35/><U1/><E1/><V134/><F134/><W68/><G96/><T28/><D28/><N who="1" m="17423" /><E49/><V93/><F0/><W46/><G68/><T44/><D62/><N who="2" m="23594" /><F29/><W36/><G64/><T101/><D101/><U70/><E70/><V120/><F120/><W7/><G31/><T86/><D86/><N who="1" m="50511" /><E73/><V38/><F38/><W125/><G125/><T34/><D34/><U10/><E10/><V71/><F71/><W84/><G75/><T43/><REACH who="0" step="1"/><D47/><REACH who="0" ten="201,250,299,240" step="2"/><U118/><E118/><V25/><F17/><W5/><G46/><T111/><D111/><U72/><E72/><V130/><F130/><W40/><G30/><T115/><D115/><U126/><E126/><V11/><F9/><W6/><G5/><T123/><D123/><U14/><AGARI ba="0,1" hai="14,18,22,108,109,110,116,117" m="50511,17423" machi="14" ten="30,3000,0" yaku="14,1,10,1" doraHai="89" who="1" fromWho="1" sc="201,-10,250,40,299,-10,240,-10" /><INIT seed="1,1,0,1,0,72" ten="191,290,289,230" oya="1" hai0="30,80,13,26,103,65,47,111,96,78,112,90,53" hai1="88,123,124,29,20,16,25,37,41,120,23,62,34" hai2="92,127,57,70,83,35,3,75,27,86,66,130,125" hai3="76,114,22,126,56,68,102,109,60,38,79,74,104"/><U118/><E37/><V8/><F130/><W133/><G74/><T1/><D1/><U107/><E41/><V106/><F57/><W67/><G114/><T11/><D65/><U132/><E107/><V42/><F42/><W6/><G38/><T32/><D112/><U12/><E118/><V73/><F92/><W39/><G39/><T7/><D111/><U4/><E62/><N who="2" m="40279" /><F106/><W99/><G109/><T61/><D90/><U71/><E71/><V134/><F134/><W24/><G133/><T131/><D131/><U84/><E132/><V108/><F108/><W31/><G126/><N who="2" m="48137" /><F8/><W52/><G6/><T113/><D113/><U89/><E124/><V94/><F94/><W117/><G117/><T45/><D61/><AGARI ba="1,0" hai="22,24,31,52,56,60,61,67,68,76,79,99,102,104" machi="61" ten="30,7700,0" yaku="7,1,52,2,54,1" doraHai="72" who="3" fromWho="0" sc="191,-80,290,0,289,0,230,80" /><INIT seed="2,0,0,2,4,80" ten="111,290,289,310" oya="2" hai0="85,29,132,67,92,50,72,65,104,117,91,82,83" hai1="95,119,110,70,13,88,64,130,89,75,38,101,26" hai2="40,31,35,68,69,37,128,4,112,28,99,96,131" hai3="45,20,108,125,116,107,103,9,16,105,86,97,25"/><V73/><F73/><W122/><G122/><T129/><D29/><N who="2" m="11338" /><F4/><W2/><G116/><T106/><D50/><U51/><E38/><V8/><F8/><W121/><G108/><T18/><D18/><U102/><E75/><V57/><F57/><W135/><G135/><T127/><D67/><U63/><E119/><V5/><F5/><W134/><G134/><T24/><D65/><U133/><E133/><V109/><F35/><W17/><G125/><T32/><D24/><U120/><E110/><V77/><F77/><W100/><G121/><T78/><D32/><U58/><E26/><V19/><F19/><W113/><G113/><T30/><D30/><U74/><E74/><V27/><F27/><W90/><G45/><T15/><D15/><U1/><E1/><V22/><F22/><W33/><G33/><T55/><D55/><U59/><E70/><N who="2" m="27243" /><F109/><W62/><G62/><T87/><D132/><U6/><E120/><V53/><F53/><W98/><G17/><T41/><D41/><U115/><E6/><V46/><F112/><W111/><G111/><T23/><D23/><U79/><E115/><V49/><F37/><W34/><G34/><T39/><D39/><U14/><E63/><V66/><F66/><W48/><G48/><T11/><D11/><U21/><E64/><V71/><F71/><W12/><G2/><T47/><D47/><U60/><E51/><V124/><F124/><W114/><G114/><T81/><D117/><U56/><E60/><V54/><F54/><W43/><G43/><T0/><D127/><U84/><E58/><V44/><F44/><RYUUKYOKU ba="0,0" sc="111,-10,290,-10,289,30,310,-10" hai2="40,46,49,96,99,128,131" /><INIT seed="2,1,0,2,5,93" ten="101,280,319,300" oya="2" hai0="101,29,34,106,122,86,92,99,135,78,52,24,40" hai1="8,90,37,10,30,97,120,75,80,53,64,11,23" hai2="0,61,72,58,119,25,123,50,134,60,95,69,2" hai3="118,44,108,87,68,22,133,39,96,115,110,42,114"/><V84/><F72/><W62/><G118/><T132/><D122/><U82/><E37/><V121/><F123/><W124/><G87/><T20/><D40/><U126/><E120/><V48/><F119/><W9/><G133/><N who="0" m="51275" /><D34/><U125/><E64/><V81/><F134/><W41/><G124/><T5/><D5/><U85/><E53/><V54/><F25/><W112/><G42/><T6/><D6/><U17/><E30/><V38/><F38/><W107/><G9/><T94/><D52/><U7/><E7/><V4/><F4/><W66/><G22/><T129/><D129/><U91/><E75/><V59/><F69/><W43/><G43/><T109/><D109/><U104/><E82/><AGARI ba="1,0" hai="20,24,29,78,82,86,92,94,99,101,106" m="51275" machi="82" ten="30,2000,0" yaku="20,1,52,1" doraHai="93" who="0" fromWho="1" sc="101,23,280,-23,319,0,300,0" /><INIT seed="3,0,0,4,3,22" ten="124,257,319,300" oya="3" hai0="7,89,101,20,38,87,16,79,25,59,72,76,9" hai1="41,5,83,117,18,90,68,39,49,99,66,31,77" hai2="133,96,32,14,35,44,74,54,69,98,130,3,134" hai3="85,129,40,132,118,17,113,70,65,58,61,11,78"/><W0/><G118/><T64/><D38/><U88/><E117/><V2/><F74/><W48/><G113/><T21/><D101/><U30/><E39/><V92/><F69/><W67/><G129/><T125/><D125/><U34/><E5/><V82/><F82/><W75/><G75/><T128/><D128/><U104/><E18/><V81/><F81/><N who="3" m="47287" /><G0/><T135/><D72/><U97/><E49/><V13/><F130/><W27/><G70/><T46/><D21/><U106/><E41/><V108/><F92/><W47/><G132/><T122/><D46/><U53/><E53/><V26/><F54/><N who="3" m="34007" /><G11/><T100/><D100/><U4/><E83/><V24/><REACH who="2" step="1"/><F44/><REACH who="2" ten="124,257,309,300" step="2"/><W123/><G123/><T93/><D122/><U102/><E68/><V80/><F80/><W60/><G60/><N who="0" m="37919" /><D135/><U84/><E106/><V116/><F116/><W105/><G105/><T86/><D86/><U111/><E84/><V121/><F121/><W8/><G67/><T19/><D7/><U28/><E4/><V110/><AGARI ba="0,1" hai="2,3,13,14,24,26,32,35,96,98,108,110,133,134" machi="110" ten="25,12000,2" yaku="1,1,0,1,22,2,52,2,53,0" doraHai="22" doraHaiUra="91" who="2" fromWho="2" sc="124,-30,257,-30,309,130,300,-60" /><INIT seed="4,0,0,0,4,126" ten="94,227,439,240" oya="0" hai0="95,77,0,94,128,127,81,34,104,88,83,1,130" hai1="89,119,111,105,82,57,21,48,12,8,68,79,10" hai2="4,113,45,50,117,46,61,29,54,27,103,31,22" hai3="109,98,76,13,91,125,47,87,17,133,96,115,116"/><T66/><D34/><U35/><E68/><V59/><F113/><W55/><G133/><T112/><D112/><U86/><E105/><V99/><F117/><W7/><G125/><T134/><D66/><U70/><E70/><V71/><F4/><W41/><G109/><T25/><D25/><U131/><E111/><V93/><F29/><W38/><G116/><T62/><D62/><U40/><E35/><V75/><F75/><W20/><G76/><T65/><D65/><U19/><E119/><V53/><F71/><W49/><G7/><T114/><D104/><U118/><E118/><V23/><F23/><W28/><G28/><T11/><D114/><U16/><E131/><N who="0" m="50217" /><D127/><U36/><E36/><V135/><F135/><W51/><G115/><T6/><D134/><U52/><E40/><V74/><F74/><W102/><G102/><T101/><D101/><U100/><E100/><V108/><F108/><W63/><G63/><T30/><D30/><U2/><E2/><V78/><F61/><W43/><G38/><T15/><D95/><N who="1" m="54711" /><E19/><V58/><F31/><W32/><G32/><T132/><D132/><U33/><E33/><V85/><F27/><W24/><G24/><T73/><D83/><U107/><E107/><V37/><F103/><W3/><G3/><T97/><AGARI ba="0,0" hai="0,1,6,11,15,73,77,81,88,94,97" m="50217" machi="97" ten="30,12000,1" yaku="19,1,52,3,54,1" doraHai="126" who="0" fromWho="0" sc="94,120,227,-40,439,-40,240,-40" /><INIT seed="4,1,0,0,1,40" ten="214,187,399,200" oya="0" hai0="26,7,62,77,17,41,58,120,135,134,61,95,60" hai1="39,4,43,98,128,67,29,34,111,133,117,99,84" hai2="103,108,11,82,114,48,19,125,127,86,115,44,126" hai3="92,101,9,1,88,56,13,74,131,79,47,73,70"/><T36/><D120/><U119/><E4/><V52/><F103/><W106/><G70/><T123/><D123/><U45/><E111/><V20/><F108/><W57/><G1/><T28/><D7/><U53/><E29/><V22/><F11/><W91/><G131/><T121/><D121/><U21/><E34/><V59/><F59/><W102/><G106/><T8/><D77/><U130/><E21/><N who="2" m="8299" /><F19/><W3/><G3/><T18/><D95/><U55/><E84/><V2/><F2/><W71/><G71/><T0/><D0/><U25/><E25/><V64/><F64/><W104/><G104/><T124/><D124/><U30/><E30/><V6/><F6/><W42/><G79/><AGARI ba="1,0" hai="44,48,52,79,82,86,114,115,125,126,127" m="8299" machi="79" ten="40,5200,0" yaku="18,1,52,1,54,1" doraHai="40" who="2" fromWho="3" sc="214,0,187,0,399,55,200,-55" /><INIT seed="5,0,0,0,2,107" ten="214,187,454,145" oya="1" hai0="84,22,111,52,60,115,134,122,102,127,10,116,48" hai1="75,47,131,58,39,27,113,57,35,88,109,62,112" hai2="25,120,0,96,85,40,18,4,93,19,132,73,126" hai3="71,44,16,54,51,8,14,67,5,124,103,17,80"/><U92/><E131/><V106/><F73/><W86/><G124/><T37/><D111/><U100/><E100/><V61/><F106/><W56/><G71/><T20/><D37/><U59/><E109/><V78/><F120/><W94/><G103/><T101/><D116/><U50/><E39/><V90/><F40/><W46/><G94/><T38/><D38/><U125/><E125/><V11/><F132/><W1/><G67/><T87/><D127/><U99/><E75/><V82/><F126/><W29/><G29/><T118/><D115/><N who="1" m="44107" /><E27/><V15/><F25/><W72/><G72/><T2/><D118/><U36/><E36/><V6/><F61/><W91/><REACH who="3" step="1"/><G17/><REACH who="3" ten="214,187,454,135" step="2"/><T70/><D70/><U114/><E114/><V83/><F19/><W43/><G43/><T65/><D101/><U74/><E74/><V79/><F6/><W77/><G77/><T128/><D102/><U24/><E35/><V7/><F79/><W68/><G68/><T30/><D30/><U21/><E92/><V9/><F78/><W76/><G76/><T33/><D33/><U41/><E88/><V108/><F18/><W42/><G42/><T69/><D69/><U97/><E62/><V28/><F28/><AGARI ba="0,1" hai="21,24,28,41,47,50,57,58,59,97,99" m="44107" machi="28" ten="30,1500,0" yaku="15,1" doraHai="107" who="1" fromWho="2" sc="214,0,187,25,454,-15,135,0" /><INIT seed="5,1,0,0,3,121" ten="214,212,439,135" oya="1" hai0="125,43,23,39,6,35,93,44,4,27,116,105,17" hai1="20,64,102,87,119,135,120,74,92,9,55,111,112" hai2="42,90,24,114,29,109,103,56,62,83,86,79,107" hai3="98,52,101,50,28,100,134,30,33,133,82,25,16"/><U71/><E64/><V40/><F109/><W46/><G30/><T61/><D116/><U88/><E71/><V68/><F68/><W113/><G113/><T3/><D105/><U53/><E119/><V128/><F114/><W10/><G82/><T58/><D3/><U8/><E120/><V97/><F128/><W67/><G67/><T69/><D69/><U118/><E74/><V65/><F90/><W117/><G117/><T45/><D35/><AGARI ba="1,0" hai="24,29,35,40,42,56,62,65,79,83,86,97,103,107" machi="35" ten="30,1000,0" yaku="7,1" doraHai="121" who="2" fromWho="0" sc="214,-13,212,0,439,13,135,0" /><INIT seed="6,0,0,5,3,90" ten="201,212,452,135" oya="2" hai0="87,127,22,123,31,6,53,76,92,117,85,124,14" hai1="110,129,132,64,18,45,57,54,65,12,36,73,62" hai2="88,11,13,23,100,63,115,119,94,89,15,130,38" hai3="43,103,9,19,16,30,60,42,35,46,135,1,51"/><V114/><F119/><W41/><G135/><T29/><D117/><U86/><E73/><V61/><F38/><W48/><G35/><T125/><D123/><U49/><E110/><V107/><F130/><W80/><G30/><T2/><D2/><U113/><E129/><V74/><F74/><W27/><G103/><T67/><D67/><U82/><E113/><N who="2" m="43019" /><F107/><W56/><G1/><T121/><D121/><U128/><E36/><V47/><F47/><W52/><G80/><N who="0" m="47239" /><D53/><N who="1" m="34095" /><E132/><V84/><F100/><W0/><G0/><T96/><D87/><U98/><E98/><V8/><F89/><W4/><G4/><T21/><D6/><U101/><E101/><V32/><F32/><W5/><G5/><T91/><D22/><N who="1" m="11591" /><E128/><V77/><F77/><AGARI ba="0,0" hai="45,49,54,64,65,77,82,86" m="11591,34095" machi="77" ten="30,1000,0" yaku="8,1" doraHai="90" who="1" fromWho="2" sc="201,0,212,10,452,-10,135,0" /><INIT seed="7,0,0,5,1,6" ten="201,222,442,135" oya="3" hai0="85,49,114,64,54,95,74,126,72,109,70,130,60" hai1="37,118,110,108,81,35,62,68,73,13,4,38,103" hai2="16,45,132,32,78,111,96,51,75,94,44,1,123" hai3="82,10,66,50,30,55,93,135,23,134,42,17,113"/><W71/><G42/><T41/><D109/><U48/><E48/><V79/><F75/><W2/><G30/><T47/><D130/><U90/><E90/><V46/><F32/><W117/><G117/><T29/><D126/><U3/><E13/><V33/><F1/><W100/><G113/><T11/><D114/><U125/><E103/><V12/><F33/><W67/><G82/><T7/><D29/><U27/><E125/><V18/><F111/><W22/><G100/><T28/><D28/><N who="1" m="19871" /><E118/><V69/><F132/><N who="3" m="50731" /><G93/><T87/><D41/><U5/><E5/><V99/><F94/><W88/><G88/><T91/><D85/><U26/><E26/><V97/><F96/><W121/><G121/><T39/><D39/><N who="1" m="14859" /><E4/><V19/><F97/><W120/><G120/><T124/><D124/><U128/><E128/><V57/><F99/><W131/><G131/><T105/><D105/><U36/><E36/><V107/><F107/><W129/><G129/><T21/><D21/><N who="3" m="7689" /><G2/><AGARI ba="0,0" hai="2,7,11,47,49,54,60,64,70,72,74,87,91,95" machi="2" ten="30,2000,0" yaku="7,1,52,1" doraHai="6" who="0" fromWho="3" sc="201,20,222,0,442,0,135,-20" owari="221,-18.0,222,2.0,442,54.0,115,-38.0" /></mjloggm>