<mjloggm ver="2.3"><GO type="169" lobby="0"/><UN n0="%E3%83%95%E3%82%A7%E3%83%AB%E3%83%8A%E3%83%B3%E3%83%89" n1="%E3%83%94%E3%82%AB%E5%90%BE%E9%83%8E" n2="%E3%81%BE%E3%81%BF%E3%81%AD%E3%81%93" n3="%E3%83%88%E3%83%88%E3%83%AA%E5%85%88%E7%94%9F%31%39%E6%AD%B3" dan="17,17,16,19" rate="2229.14,2143.85,2166.05,2288.36" sx="M,M,M,F"/><TAIKYOKU oya="0"/><INIT seed="0,0,0,1,4,49" ten="250,250,250,250" oya="0" hai0="103,126,112,87,114,106,117,68,21,1,71,65,6" hai1="113,0,56,33,95,18,94,96,84,39,99,83,44" hai2="124,35,70,36,78,19,42,11,13,89,28,125,32" hai3="45,98,25,53,10,37,48,41,72,133,79,122,15"/><T2/><D117/><U77/><E33/><V81/><F70/><W8/><G133/><T24/><D126/><N who="2" m="48746" /><F28/><W73/><G122/><T86/><D106/><U29/><E0/><V132/><F132/><W67/><G79/><T43/><D103/><U130/><E29/><V101/><F101/><W62/><G25/><T128/><D128/><U59/><E130/><V107/><F107/><W23/><G23/><T61/><D43/><U110/><E110/><V108/><F108/><W118/><G98/><T64/><D21/><U115/><E18/><V20/><F89/><W123/><G123/><T92/><D61/><U88/><E113/><V54/><F20/><W5/><G8/><T14/><D92/><U9/><E9/><V80/><F80/><W100/><G100/><T51/><D24/><U22/><E22/><V66/><F66/><W135/><G118/><T109/><D109/><U47/><E39/><V75/><F54/><W111/><G111/><T120/><D120/><U127/><E115/><V93/><F93/><W85/><G135/><T3/><D3/><U82/><E83/><V26/><F26/><W7/><G37/><T16/><D14/><U74/><E74/><V52/><F35/><W76/><G72/><T63/><D63/><U46/><E127/><V50/><F32/><W4/><G73/><T69/><D69/><U30/><E30/><V104/><F104/><W102/><G102/><AGARI ba="0,0" hai="44,46,47,56,59,77,82,84,88,94,95,96,99,102" machi="102" ten="40,2600,0" yaku="8,1,54,1" doraHai="49" who="1" fromWho="3" sc="250,0,250,26,250,0,250,-26" /><INIT seed="1,0,0,5,3,42" ten="250,276,250,224" oya="1" hai0="24,45,133,78,31,87,28,25,134,101,98,84,38" hai1="3,116,35,112,120,107,83,14,121,99,62,56,40" hai2="106,64,135,30,33,39,69,58,94,26,60,48,95" hai3="18,59,111,73,19,125,86,21,16,63,76,15,13"/><U119/><E3/><V52/><F135/><N who="0" m="51722" /><D78/><U90/><E35/><V32/><F32/><W114/><G114/><T12/><D12/><U1/><E1/><V123/><F123/><W132/><G73/><T61/><D61/><U108/><E14/><V128/><F128/><W130/><G132/><T27/><D38/><U100/><E112/><V109/><F109/><W55/><G130/><T7/><D7/><U74/><E108/><V4/><F4/><W85/><G125/><T8/><D8/><U57/><E57/><V79/><F79/><W49/><G111/><T88/><D45/><U82/><E120/><V20/><F20/><W89/><G15/><T23/><D23/><U50/><E121/><V92/><REACH who="2" step="1"/><F106/><REACH who="2" ten="250,276,240,224" step="2"/><W5/><G5/><T9/><D9/><U46/><E119/><V43/><F43/><W115/><G115/><T54/><D31/><U53/><E116/><V72/><F72/><W29/><G29/><T71/><D28/><U117/><E117/><V51/><F51/><W126/><G126/><T103/><D27/><U104/><E107/><V6/><F6/><W93/><G63/><T0/><D25/><U36/><E36/><AGARI ba="0,1" hai="26,30,33,36,39,48,52,58,60,64,69,92,94,95" machi="36" ten="40,2600,0" yaku="1,1,54,1,53,0" doraHai="42" doraHaiUra="77" who="2" fromWho="1" sc="250,0,276,-26,240,36,224,0" /><INIT seed="2,0,0,2,2,37" ten="250,250,276,224" oya="2" hai0="86,33,5,14,4,117,102,76,80,44,68,40,55" hai1="6,114,19,54,42,90,49,109,11,77,13,43,110" hai2="91,8,58,95,89,106,85,31,108,20,65,84,23" hai3="94,131,22,118,103,52,62,104,16,41,107,34,38"/><V83/><F106/><W101/><G118/><T81/><D33/><U61/><E114/><V24/><F108/><N who="1" m="41577" /><E77/><V0/><F0/><W21/><G34/><T125/><D117/><U98/><E61/><V120/><F120/><W71/><G131/><T48/><D68/><U39/><E39/><V105/><F105/><W113/><G113/><T70/><D70/><U116/><E116/><V53/><F65/><W121/><G121/><T27/><D125/><U88/><E19/><V15/><F24/><W74/><G74/><T9/><D102/><U128/><E128/><V66/><F66/><W135/><G135/><T129/><D129/><U51/><E51/><V45/><F31/><W12/><G104/><T99/><D5/><U115/><E115/><V92/><F83/><W3/><G107/><T46/><D99/><U73/><E73/><V100/><F100/><W57/><G71/><T93/><D27/><U124/><E124/><V56/><F23/><W64/><G64/><T63/><D81/><U111/><E111/><V134/><F20/><W133/><G133/><T18/><D93/><N who="1" m="56615" /><E90/><V35/><F35/><W26/><G94/><T60/><D18/><U122/><E122/><V112/><F112/><W123/><G123/><T87/><REACH who="0" step="1"/><D86/><REACH who="0" ten="240,250,276,224" step="2"/><U130/><E130/><V127/><F127/><W67/><G101/><T2/><D2/><U79/><E79/><V7/><F134/><W69/><G3/><T132/><D132/><U75/><E75/><V82/><F82/><W50/><G103/><T32/><D32/><U47/><AGARI ba="0,1" hai="6,11,13,42,43,47,49,54" m="56615,41577" machi="47" ten="30,7900,0" yaku="14,1,52,2,54,1" doraHai="37" who="1" fromWho="1" sc="240,-20,250,89,276,-39,224,-20" /><INIT seed="3,0,0,3,5,90" ten="220,339,237,204" oya="3" hai0="65,40,127,85,60,31,95,50,134,86,45,32,27" hai1="107,19,123,18,1,92,5,17,102,44,133,97,76" hai2="113,100,48,88,52,41,63,114,132,15,110,80,23" hai3="96,28,98,26,68,93,38,7,69,11,3,6,91"/><W61/><G38/><T35/><D35/><U99/><E123/><V126/><F110/><W37/><G37/><T104/><D104/><U81/><E133/><V75/><F132/><W56/><G7/><T124/><D134/><U115/><E115/><V106/><F126/><N who="0" m="48170" /><D95/><U43/><E5/><V118/><F118/><W46/><G46/><T64/><D64/><U24/><E1/><V16/><F100/><W49/><G49/><T9/><D9/><U89/><E24/><V87/><F106/><W55/><REACH who="3" step="1"/><G98/><REACH who="3" ten="220,339,237,194" step="2"/><T14/><D50/><U36/><E99/><V0/><F0/><W120/><G120/><T78/><D45/><U119/><E119/><V117/><F117/><W2/><G2/><T8/><D40/><U47/><E47/><V112/><F41/><W62/><G62/><T53/><D60/><U22/><E44/><V29/><F63/><W54/><G54/><T34/><D53/><U111/><E43/><V33/><F52/><W4/><G4/><T70/><D65/><U82/><E36/><V129/><F48/><W131/><G131/><T122/><D122/><U51/><E51/><V83/><F129/><W94/><G94/><T79/><D34/><AGARI ba="0,1" hai="3,6,11,26,28,34,55,56,61,68,69,91,93,96" machi="34" ten="30,5800,0" yaku="1,1,7,1,52,1,53,0" doraHai="90" doraHaiUra="12" who="3" fromWho="0" sc="220,-58,339,0,237,0,194,68" /><INIT seed="3,1,0,2,1,88" ten="162,339,237,262" oya="3" hai0="79,70,111,47,30,68,87,117,128,52,127,6,46" hai1="69,28,110,33,27,11,133,105,26,23,94,113,130" hai2="67,17,89,93,37,99,63,36,92,9,71,131,100" hai3="115,96,108,90,2,85,19,122,10,80,22,66,103"/><W114/><G122/><T8/><D117/><U13/><E105/><V56/><F131/><W125/><G125/><T75/><D75/><U50/><E69/><V124/><F124/><W59/><G108/><T18/><D127/><U21/><E113/><V58/><F37/><W53/><G66/><T104/><D128/><U32/><E130/><V1/><F36/><W121/><G121/><T74/><D74/><U42/><E133/><V82/><F82/><W16/><G2/><T77/><D111/><U112/><E112/><V3/><F3/><W7/><G19/><T91/><D104/><U14/><E14/><V65/><F65/><W126/><G126/><T95/><D30/><U106/><E106/><V129/><F129/><W4/><G10/><T135/><D135/><U55/><E42/><V109/><F109/><W76/><G76/><N who="0" m="29259" /><D70/><U35/><E110/><V64/><F64/><W120/><G120/><T101/><D68/><U15/><E11/><V118/><F118/><W45/><G45/><T78/><D6/><U39/><E39/><V72/><F72/><W24/><G115/><T62/><D101/><U97/><E35/><V102/><F102/><W41/><G41/><T116/><D78/><U12/><E32/><V134/><F134/><W73/><G73/><T25/><D116/><U57/><REACH who="1" step="1"/><E27/><REACH who="1" ten="162,329,237,262" step="2"/><V49/><F1/><W43/><G43/><T132/><D132/><U98/><E98/><N who="2" m="57647" /><F71/><W61/><G114/><T38/><D38/><U44/><E44/><V20/><F9/><W40/><G40/><T51/><D47/><U34/><E34/><V0/><F0/><RYUUKYOKU ba="1,1" sc="162,-15,329,15,237,-15,262,15" hai1="12,13,15,21,23,26,28,33,50,55,57,94,97" hai3="4,7,16,22,24,53,59,61,80,85,90,96,103" /><INIT seed="3,2,1,4,5,19" ten="147,344,222,277" oya="3" hai0="111,58,97,34,118,30,68,33,49,67,71,24,42" hai1="113,121,28,36,16,95,23,48,83,103,79,74,108" hai2="5,53,43,124,29,21,7,119,86,77,123,8,104" hai3="14,25,1,120,40,22,100,63,85,82,116,105,89"/><W41/><G1/><T115/><D118/><U15/><E36/><V81/><F119/><W102/><G116/><T47/><D34/><U128/><E113/><V98/><F123/><W132/><G120/><T117/><D117/><U72/><E121/><V50/><F124/><W31/><G132/><T127/><D127/><U107/><E107/><V66/><F66/><W65/><G14/><T13/><D115/><U99/><E108/><V92/><F104/><W80/><G80/><T70/><D111/><U109/><E109/><V10/><F43/><W106/><G106/><T45/><D97/><U84/><E128/><V57/><F7/><W90/><G90/><T27/><D27/><U56/><E28/><V125/><F125/><W59/><G105/><T54/><D45/><U64/><REACH who="1" step="1"/><E48/><REACH who="1" ten="147,334,222,277" step="2"/><V39/><F39/><W51/><G51/><T131/><D131/><U88/><E88/><N who="2" m="55559" /><F5/><W52/><REACH who="3" step="1"/><G65/><REACH who="3" ten="147,334,222,267" step="2"/><T0/><D67/><U32/><E32/><V130/><F130/><W38/><G38/><T101/><D33/><U134/><E134/><V44/><F44/><W62/><G62/><AGARI ba="2,3" hai="15,16,23,56,62,64,72,74,79,83,84,95,99,103" machi="62" ten="40,8000,1" yaku="1,1,52,1,54,1,53,1" doraHai="19" doraHaiUra="9" who="1" fromWho="3" sc="147,0,334,116,222,0,267,-86" /><INIT seed="4,0,0,0,4,105" ten="147,450,222,181" oya="0" hai0="7,55,89,128,92,85,100,131,90,64,117,94,135" hai1="59,123,109,36,4,104,60,18,67,2,99,11,31" hai2="106,71,12,112,52,37,21,96,120,84,81,39,8" hai3="5,44,126,41,91,43,15,118,121,111,20,69,108"/><T25/><D64/><U63/><E36/><V114/><F71/><W45/><G118/><T19/><D7/><U122/><E109/><V47/><F120/><W77/><G69/><T62/><D117/><U74/><E74/><V57/><F21/><W107/><G107/><T17/><D135/><U42/><E42/><V80/><F80/><W78/><G126/><T40/><D40/><U86/><E31/><V30/><F30/><W6/><G20/><T130/><D100/><U119/><E119/><V134/><F134/><W110/><G91/><T76/><D76/><U24/><E86/><V54/><F47/><W75/><G111/><T73/><D25/><U116/><E116/><V46/><F96/><W68/><G68/><T23/><D23/><U3/><E18/><N who="2" m="8455" /><F106/><W98/><G98/><N who="0" m="57615" /><D73/><U93/><E24/><V72/><F72/><W22/><G75/><T65/><D55/><U95/><E3/><V48/><F37/><W32/><G22/><T28/><D28/><U27/><E27/><V101/><F101/><W9/><G15/><T66/><D66/><N who="1" m="39199" /><E123/><V50/><F39/><W87/><G121/><T115/><D115/><U14/><E2/><V51/><F51/><W61/><G87/><T49/><D49/><U102/><E122/><V33/><F33/><W0/><G0/><T133/><D133/><U79/><E79/><N who="2" m="46143" /><F114/><W124/><G32/><T70/><AGARI ba="0,0" hai="17,19,62,65,70,85,90,94,128,130,131" m="57615" machi="70" ten="30,1500,0" yaku="19,1" doraHai="105" who="0" fromWho="0" sc="147,15,450,-5,222,-5,181,-5" /><INIT seed="4,1,0,3,0,112" ten="162,445,217,176" oya="0" hai0="46,29,33,59,58,15,35,128,23,41,99,80,5" hai1="56,97,86,116,1,3,77,132,42,88,76,57,39" hai2="108,74,104,82,22,53,27,72,119,95,50,75,32" hai3="134,107,115,100,64,109,118,105,79,25,40,69,84"/><T65/><D128/><U96/><E116/><V44/><F104/><W13/><G115/><T47/><D33/><U7/><E42/><V126/><F108/><W18/><G109/><T89/><D35/><U19/><E39/><V124/><F32/><W66/><G134/><T6/><D29/><U8/><E3/><V133/><F133/><W106/><G118/><T123/><D123/><U31/><E31/><V101/><F119/><W127/><G25/><T20/><D65/><U55/><E57/><N who="0" m="21513" /><D41/><U113/><E19/><N who="2" m="12767" /><F101/><W17/><G127/><N who="2" m="48681" /><F95/><W4/><G100/><T103/><D103/><U91/><E91/><V11/><F11/><W98/><G105/><T94/><D80/><AGARI ba="1,0" hai="44,50,53,72,74,75,80,82" m="48681,12767" machi="80" ten="40,1300,0" yaku="18,1" doraHai="112" who="2" fromWho="0" sc="162,-16,445,0,217,16,176,0" /><INIT seed="5,0,0,0,0,32" ten="146,445,233,176" oya="1" hai0="85,78,118,83,129,34,100,12,92,49,128,130,127" hai1="126,33,58,110,124,95,77,18,72,0,24,80,2" hai2="96,103,119,45,64,133,111,21,132,70,113,47,94" hai3="71,9,114,62,50,76,23,84,10,108,7,63,54"/><U56/><E95/><V104/><F111/><W112/><G108/><T60/><D34/><U134/><E110/><V66/><F119/><W81/><G23/><T29/><D29/><N who="1" m="19623" /><E18/><V30/><F113/><N who="3" m="43627" /><G71/><T28/><D28/><U59/><E134/><N who="2" m="51819" /><F104/><W135/><G10/><T36/><D36/><U65/><E65/><N who="2" m="25195" /><F70/><W11/><G11/><T116/><D60/><U87/><E72/><V97/><F97/><W99/><G99/><N who="0" m="59495" /><D49/><U123/><E123/><V75/><F75/><W39/><G39/><T51/><D51/><U38/><E38/><V42/><F42/><W6/><G135/><T3/><D12/><U5/><E5/><N who="3" m="1546" /><G9/><T61/><D61/><U26/><E26/><AGARI ba="0,0" hai="21,26,30,45,47,94,96,103" m="25195,51819" machi="26" ten="30,1000,0" yaku="20,1" doraHai="32" who="2" fromWho="1" sc="146,0,445,-10,233,10,176,0" /><INIT seed="6,0,0,0,4,117" ten="146,435,243,176" oya="2" hai0="16,85,73,103,113,79,58,99,96,134,49,102,59" hai1="67,92,34,135,28,42,22,129,53,70,120,38,77" hai2="6,115,18,4,112,23,14,24,98,105,89,61,111" hai3="63,19,119,10,65,125,124,82,91,31,62,8,11"/><V0/><F105/><W88/><G119/><T118/><D118/><U84/><E34/><V104/><F104/><W35/><G19/><T86/><D73/><U121/><E129/><V25/><F98/><W20/><G35/><T128/><D128/><U30/><E135/><V9/><F89/><N who="3" m="34379" /><G82/><T55/><D134/><U47/><E92/><V54/><F61/><N who="3" m="23051" /><G20/><T127/><D113/><N who="2" m="43594" /><F54/><W101/><G101/><T50/><D55/><U51/><E67/><V64/><F64/><W17/><G17/><T81/><D16/><U123/><E70/><V66/><F66/><W13/><G13/><T122/><D81/><N who="1" m="47151" /><E22/><N who="2" m="13399" /><F0/><W7/><G65/><T71/><D79/><U97/><E97/><V60/><F60/><W110/><G31/><T130/><D130/><U68/><E68/><V76/><F76/><W26/><G26/><T21/><D21/><U33/><E33/><V29/><F6/><W72/><G7/><T15/><D71/><U116/><E116/><V3/><F3/><W114/><G72/><T108/><D15/><U36/><E36/><V126/><F111/><W1/><G1/><T37/><D108/><U48/><E48/><V132/><F132/><W43/><G114/><T83/><D83/><U12/><E12/><V40/><F40/><W100/><G110/><T94/><D94/><U56/><AGARI ba="0,0" hai="28,30,38,42,47,51,53,56,120,121,123" m="47151" machi="56" ten="30,7900,0" yaku="13,1,52,3" doraHai="117" who="1" fromWho="1" sc="146,-20,435,79,243,-39,176,-20" /><INIT seed="7,0,0,4,1,96" ten="126,514,204,156" oya="3" hai0="102,24,12,46,103,45,121,100,70,93,79,106,73" hai1="65,53,94,3,27,1,49,52,99,114,77,62,105" hai2="20,17,48,101,44,25,26,29,41,32,56,108,115" hai3="89,2,125,127,113,120,107,124,82,72,58,21,74"/><W30/><G2/><T43/><D121/><U133/><E105/><V4/><F108/><W123/><G113/><T6/><D106/><U122/><E122/><N who="3" m="46634" /><G58/><T90/><D70/><U95/><E114/><V50/><F115/><W98/><G21/><T13/><D73/><N who="3" m="28265" /><G30/><T126/><D126/><U91/><E53/><V36/><F4/><W19/><G19/><T60/><D79/><U116/><E77/><V131/><F131/><W104/><G82/><T83/><D83/><U110/><E110/><V118/><F118/><W109/><G109/><T117/><D117/><U5/><E116/><V134/><F134/><W59/><G59/><T85/><D60/><U130/><E133/><V132/><F132/><W71/><G71/><T31/><D6/><U128/><E5/><V8/><F8/><W78/><G78/><T87/><D87/><U97/><E27/><V69/><F69/><W39/><G39/><T112/><D112/><U86/><E86/><V92/><F56/><W22/><G22/><N who="0" m="15767" /><D43/><U111/><E111/><V54/><F54/><W11/><G11/><T23/><D23/><U57/><E65/><V9/><F9/><W75/><N who="3" m="28273" /><W34/><DORA hai="42" /><G34/><T14/><AGARI ba="0,0" hai="12,13,14,45,46,85,90,93,100,102,103" m="15767" machi="14" ten="30,12000,2" yaku="8,1,52,5" doraHai="96,42" who="0" fromWho="0" sc="126,120,514,-30,204,-30,156,-60" owari="246,5.0,484,58.0,174,-23.0,96,-40.0" /></mjloggm>