<mjloggm ver="2.3"><GO type="169" lobby="0"/><UN n0="%E5%BF%83%E6%BB%85" n1="%E3%82%B5%E3%82%A6%E3%83%AA%E3%83%BC" n2="%E8%B1%86%E7%89%B9%EF%BC%A0%E6%B2%B3%E6%9D%91%E8%BB%8D%E5%9B%A3" n3="%E3%82%A6%E3%83%AB%E3%83%88%E3%83%A9%E7%AB%8B%E7%9B%B4" dan="18,17,17,17" rate="2192.91,2168.69,2194.83,2138.04" sx="M,M,M,M"/><TAIKYOKU oya="0"/><INIT seed="0,0,0,2,1,38" ten="250,250,250,250" oya="0" hai0="99,52,78,45,84,57,115,92,127,0,106,91,90" hai1="81,116,37,42,1,62,12,95,67,61,97,56,86" hai2="135,123,105,96,39,14,48,79,74,28,75,63,43" hai3="100,134,59,2,128,29,113,94,19,27,125,55,3"/><T31/><D115/><U114/><E116/><V72/><F123/><W21/><G113/><T77/><D0/><U101/><E114/><V33/><F48/><W124/><G128/><T108/><D127/><N who="3" m="48713" /><G134/><T8/><D108/><U133/><E1/><V93/><F14/><N who="3" m="9463" /><G94/><T76/><D106/><U50/><E133/><V54/><F54/><W32/><G100/><T10/><D45/><U71/><E37/><V68/><F93/><W112/><G112/><T107/><D31/><U121/><E121/><V132/><F79/><W25/><G25/><T18/><D18/><U118/><E118/><V70/><F132/><W44/><G44/><T110/><D110/><U69/><E12/><V11/><F11/><W40/><G40/><T65/><D65/><U82/><E82/><V109/><F135/><W98/><G98/><T111/><D111/><U26/><E26/><N who="2" m="18583" /><F109/><W15/><G15/><T13/><D13/><U88/><REACH who="1" step="1"/><E62/><AGARI ba="0,0" hai="2,3,27,29,32,55,59,62" m="9463,48713" machi="62" ten="30,1000,0" yaku="18,1" doraHai="38" who="3" fromWho="1" sc="250,0,250,-10,250,0,250,10" /><INIT seed="1,0,0,2,0,119" ten="250,240,250,260" oya="1" hai0="12,61,128,59,116,44,56,103,84,74,77,89,23" hai1="88,101,17,9,41,79,47,8,19,1,31,54,60" hai2="70,33,123,27,24,92,62,46,82,3,16,83,115" hai3="122,131,80,51,104,66,32,11,98,42,26,14,76"/><U71/><E79/><V112/><F3/><W69/><G131/><T121/><D116/><U0/><E101/><V29/><F123/><W134/><G134/><T99/><D128/><U96/><E31/><V45/><F92/><W5/><G122/><T126/><D126/><U65/><E54/><V109/><F109/><W55/><G42/><T68/><D68/><U132/><E132/><V100/><F100/><W52/><G104/><T93/><D121/><U78/><E78/><V50/><F83/><W130/><G130/><T39/><D39/><U36/><E0/><V91/><F91/><W106/><G106/><T114/><D114/><N who="2" m="43562" /><F82/><W85/><G98/><T118/><D118/><U67/><E67/><N who="2" m="41335" /><F50/><W111/><G111/><T40/><D77/><U7/><REACH who="1" step="1"/><E9/><REACH who="1" ten="250,230,250,260" step="2"/><V18/><F29/><W95/><G55/><T43/><D103/><U35/><E35/><V49/><F33/><W10/><G10/><T48/><D43/><U73/><E73/><V4/><F46/><W37/><G52/><T125/><D40/><U6/><E6/><V129/><F4/><W57/><G5/><T110/><D44/><U75/><E75/><V86/><F129/><W94/><G11/><T13/><D74/><U22/><E22/><V21/><F45/><W124/><G32/><T25/><D23/><U72/><E72/><V113/><F113/><W90/><G76/><T108/><D108/><U2/><E2/><V127/><F21/><W58/><G66/><T64/><D64/><U34/><E34/><V53/><F53/><W105/><G124/><T135/><D125/><U102/><E102/><RYUUKYOKU ba="0,1" sc="250,-10,230,30,250,-10,260,-10" hai1="1,7,8,17,19,36,41,47,60,65,71,88,96" /><INIT seed="1,1,1,0,2,75" ten="240,260,240,250" oya="1" hai0="88,23,67,6,109,77,17,73,120,79,0,53,132" hai1="69,87,49,65,76,56,64,52,113,31,59,22,134" hai2="18,83,41,63,61,90,135,115,54,105,29,46,60" hai3="24,97,70,84,93,2,117,119,131,100,25,21,12"/><U13/><E113/><V40/><F105/><W4/><G70/><T37/><D73/><U85/><E134/><V36/><F135/><W112/><G112/><T57/><D132/><U27/><E69/><V1/><F115/><W86/><G2/><T10/><D37/><U130/><E130/><V126/><F1/><W39/><G39/><T124/><D67/><U80/><E85/><N who="2" m="50495" /><F36/><W101/><G101/><T98/><D109/><U28/><E28/><V51/><F126/><W42/><G42/><T33/><D33/><U55/><E13/><V34/><F34/><W118/><G131/><T47/><D47/><U50/><AGARI ba="1,1" hai="22,27,31,49,50,52,55,56,59,64,65,76,80,87" machi="50" ten="20,18000,2" yaku="0,1,7,1,9,1,8,1,52,1,54,1" doraHai="75" who="1" fromWho="1" sc="240,-61,260,193,240,-61,250,-61" /><INIT seed="1,2,0,5,1,45" ten="179,453,179,189" oya="1" hai0="66,125,126,53,57,118,130,30,114,127,8,94,113" hai1="70,38,76,60,83,132,68,18,34,61,32,2,51" hai2="23,82,52,37,10,99,42,14,128,35,80,21,29" hai3="95,46,20,131,19,88,62,39,92,64,24,135,120"/><U4/><E132/><V49/><F128/><W134/><G120/><T111/><D30/><U1/><E38/><V28/><F37/><W91/><G131/><T122/><D130/><U105/><E18/><V9/><F42/><W124/><G124/><T6/><D118/><U50/><E83/><N who="2" m="31787" /><F35/><W7/><G7/><T17/><D122/><U63/><E76/><V27/><F99/><W48/><G39/><T110/><D17/><U25/><E25/><N who="2" m="16431" /><F14/><W109/><G109/><N who="0" m="41483" /><D94/><U5/><E63/><V101/><F101/><W96/><G62/><N who="0" m="36143" /><D66/><U22/><E22/><V0/><F0/><AGARI ba="2,0" hai="0,6,8,113,114,125,126,127" m="36143,41483" machi="0" ten="40,2600,0" yaku="18,1,14,1" doraHai="45" who="0" fromWho="2" sc="179,32,453,0,179,-32,189,0" /><INIT seed="2,0,0,5,0,101" ten="211,453,147,189" oya="2" hai0="103,73,27,57,104,10,56,43,113,100,52,135,59" hai1="122,99,13,108,37,117,15,126,93,125,0,31,21" hai2="65,4,107,60,7,25,16,61,82,81,102,119,35" hai3="50,39,48,94,71,128,46,85,26,17,77,111,91"/><V14/><F119/><W62/><G111/><T74/><D113/><U114/><E108/><V47/><F47/><W120/><G120/><T30/><D135/><U18/><E117/><V89/><F61/><W28/><G128/><T98/><D43/><U24/><E37/><V69/><F89/><W38/><G17/><T121/><D121/><U67/><E114/><V53/><F53/><W19/><G19/><T78/><D100/><U34/><E122/><V11/><F7/><W36/><G77/><T63/><D10/><U1/><E67/><V90/><F90/><W87/><G71/><T130/><D130/><U9/><E93/><V51/><F51/><W97/><G62/><T84/><D84/><U110/><E99/><N who="2" m="61919" /><F4/><W2/><G2/><N who="1" m="1130" /><E110/><V134/><F134/><W116/><G116/><T49/><D78/><U83/><E83/><V96/><F96/><W32/><REACH who="3" step="1"/><G50/><REACH who="3" ten="211,453,147,179" step="2"/><T5/><D5/><AGARI ba="0,1" hai="5,9,13,15,18,21,24,31,34,125,126" m="1130" machi="5" ten="30,2000,0" yaku="34,2" doraHai="101" who="1" fromWho="0" sc="211,-20,453,30,147,0,179,0" /><INIT seed="3,0,0,0,4,48" ten="191,483,147,179" oya="3" hai0="126,95,79,32,71,87,47,106,4,77,117,12,103" hai1="50,76,7,96,16,74,33,34,36,28,99,5,112" hai2="72,49,18,17,124,113,121,75,108,6,132,10,57" hai3="64,22,122,65,118,78,127,35,19,130,110,46,123"/><W1/><G118/><T37/><D71/><U39/><E112/><V129/><F113/><W41/><G35/><T83/><D32/><U20/><E39/><V100/><F108/><W11/><G110/><T13/><D117/><U92/><E36/><V134/><F100/><W25/><G127/><T3/><D126/><U53/><E33/><V86/><F124/><W40/><G130/><T51/><D37/><U135/><E135/><V58/><F129/><W111/><G111/><T119/><D106/><U94/><E34/><V116/><F116/><W82/><G123/><T97/><D119/><U44/><E28/><V24/><F86/><N who="3" m="48471" /><G1/><T107/><D3/><U115/><E115/><V102/><F102/><W91/><G122/><T42/><D4/><N who="1" m="1611" /><E76/><V8/><F121/><W101/><G101/><T114/><D114/><U81/><E81/><V52/><F6/><W55/><G91/><N who="0" m="53759" /><D79/><U27/><E74/><AGARI ba="0,0" hai="12,13,42,47,51,74,77,83,97,103,107" m="53759" machi="74" ten="30,1000,0" yaku="24,1" doraHai="48" who="0" fromWho="1" sc="191,10,483,-10,147,0,179,0" /><INIT seed="4,0,0,3,4,119" ten="201,473,147,179" oya="0" hai0="83,102,124,101,126,53,66,92,40,111,30,23,93" hai1="127,4,26,41,43,50,65,61,0,62,130,58,72" hai2="1,112,32,17,109,55,47,69,8,70,67,16,103" hai3="107,82,125,2,97,121,13,99,45,9,76,96,14"/><T54/><D40/><U118/><E72/><V74/><F109/><W108/><G108/><T110/><D66/><U98/><E118/><V38/><F32/><W105/><G2/><T122/><D83/><U37/><E130/><V80/><F103/><W27/><G125/><T64/><D64/><U123/><E127/><V131/><F131/><W5/><G14/><T106/><D23/><U48/><E123/><V86/><F112/><W133/><G133/><T91/><D91/><U33/><E37/><V81/><F81/><W75/><G121/><T34/><D30/><U85/><E0/><V113/><F113/><W28/><REACH who="3" step="1"/><G45/><REACH who="3" ten="201,473,147,169" step="2"/><T132/><D132/><U24/><E24/><V10/><F1/><W39/><G39/><T36/><D36/><U129/><E26/><V88/><F38/><W89/><G89/><T95/><D122/><U25/><E25/><V42/><F47/><W73/><G73/><T79/><D126/><U20/><E129/><V71/><F74/><W68/><G68/><T59/><D124/><U12/><E12/><V46/><F71/><W7/><G7/><T84/><D111/><U49/><E4/><V100/><F70/><W29/><G29/><T87/><D110/><U78/><E78/><V11/><F100/><W60/><G60/><T117/><D101/><U94/><E62/><N who="2" m="40183" /><F42/><W6/><G6/><T120/><D102/><U114/><E61/><V15/><F15/><W56/><G56/><T63/><D120/><U77/><E114/><V22/><F22/><AGARI ba="0,1" hai="5,9,13,22,27,28,75,76,82,96,97,99,105,107" machi="22" ten="40,2600,0" yaku="1,1,53,1" doraHai="119" doraHaiUra="104" who="3" fromWho="2" sc="201,0,473,0,147,-26,169,36" /><INIT seed="5,0,0,0,2,33" ten="201,473,121,205" oya="1" hai0="20,51,41,90,88,112,134,103,38,117,6,11,127" hai1="30,120,93,50,8,40,66,124,70,3,55,121,87" hai2="76,58,132,64,91,80,123,106,71,128,22,75,85" hai3="1,105,0,74,18,68,25,54,24,126,45,73,97"/><U108/><E124/><V4/><F123/><W31/><G54/><T35/><D35/><U82/><E108/><V135/><F71/><W100/><G18/><T43/><D117/><U113/><E113/><V12/><F106/><W53/><G53/><T2/><D38/><U27/><E40/><V122/><F122/><W111/><G25/><T65/><D112/><U63/><E93/><V131/><F58/><W98/><G111/><T26/><D127/><U114/><E114/><V32/><F32/><N who="3" m="20583" /><G126/><T7/><D134/><N who="2" m="51242" /><F64/><W61/><G98/><T9/><D103/><U109/><E109/><V95/><F4/><W67/><G45/><T129/><D65/><U62/><E62/><V17/><AGARI ba="0,0" hai="12,17,22,75,76,80,85,91,95,128,131" m="51242" machi="17" ten="30,1100,0" yaku="20,1" doraHai="33" who="2" fromWho="2" sc="201,-3,473,-5,121,11,205,-3" /><INIT seed="6,0,0,0,5,105" ten="198,468,132,202" oya="2" hai0="40,24,70,114,28,102,4,100,20,74,72,113,64" hai1="67,126,41,109,14,111,65,99,78,37,16,125,35" hai2="87,73,83,29,23,46,117,127,43,8,130,131,55" hai3="61,56,54,128,3,92,36,110,112,120,116,84,48"/><V12/><F117/><W30/><G3/><T118/><D118/><U5/><E5/><V1/><F127/><N who="1" m="48649" /><E35/><V21/><F1/><W51/><G36/><T77/><D77/><U129/><E78/><V90/><F73/><N who="0" m="28266" /><D40/><U53/><E129/><N who="2" m="49163" /><F29/><W17/><G112/><N who="0" m="43115" /><D4/><U42/><E99/><V80/><F80/><W85/><G116/><T135/><D135/><U60/><E53/><V123/><F55/><W19/><G54/><T91/><D91/><U108/><E37/><N who="2" m="21871" /><F123/><W97/><G120/><T47/><D47/><U134/><E134/><V115/><F115/><W2/><G128/><T132/><D132/><U22/><E65/><V27/><F27/><W6/><G6/><AGARI ba="0,0" hai="6,8,12,21,23,83,87,90" m="21871,49163" machi="6" ten="30,1500,0" yaku="19,1" doraHai="105" who="2" fromWho="3" sc="198,0,468,0,132,15,202,-15" /><INIT seed="6,1,0,4,5,79" ten="198,468,147,187" oya="2" hai0="26,91,67,101,97,98,102,100,80,29,53,25,96" hai1="43,112,57,81,105,17,133,75,120,42,15,3,30" hai2="32,121,111,72,115,41,59,24,119,36,93,74,128" hai3="51,92,94,1,116,114,35,71,66,65,11,84,103"/><V48/><F121/><W62/><G116/><T135/><D135/><U34/><E112/><V46/><F119/><W82/><G35/><T64/><D53/><U37/><E120/><V16/><F115/><W109/><G109/><T99/><N who="0" m="24576" /><DORA hai="10" /><T56/><D56/><U125/><E125/><V60/><F111/><W47/><G114/><T131/><D131/><U0/><E133/><V107/><F107/><W49/><G66/><N who="0" m="25131" /><D29/><U89/><E105/><V70/><F93/><W104/><G103/><T78/><D78/><U69/><E69/><V85/><F85/><AGARI ba="1,0" hai="25,26,80,85,91,100,101,102" m="25131,24576" machi="85" ten="50,3200,0" yaku="8,1,52,1" doraHai="79,10" who="0" fromWho="2" sc="198,35,468,0,147,-35,187,0" /><INIT seed="7,0,0,5,1,37" ten="233,468,112,187" oya="3" hai0="113,53,67,116,23,93,12,22,103,98,72,34,55" hai1="48,46,109,107,7,9,49,123,36,111,33,69,94" hai2="4,8,19,40,20,52,2,54,132,129,126,15,135" hai3="3,44,16,64,80,81,86,57,121,39,45,14,29"/><W104/><G104/><T13/><D72/><U88/><E123/><V130/><F54/><W117/><G3/><T84/><D34/><U134/><E107/><V125/><F40/><W100/><G121/><T63/><D113/><U71/><E33/><V78/><F52/><W82/><G117/><T65/><D116/><U43/><E134/><N who="2" m="51243" /><F78/><N who="3" m="46359" /><G29/><T75/><D75/><U5/><E5/><V21/><F21/><N who="3" m="11415" /><G39/><T105/><D55/><U50/><E71/><V73/><F73/><W31/><G31/><T110/><D53/><U131/><E69/><V25/><F2/><W114/><G114/><T119/><D119/><U61/><E131/><AGARI ba="0,0" hai="4,8,15,19,20,25,125,126,129,130,131" m="51243" machi="131" ten="30,12000,2" yaku="30,2,19,1,20,1,34,2" doraHai="37" who="2" fromWho="1" sc="233,0,468,-120,112,120,187,0" owari="233,3.0,348,45.0,232,-17.0,187,-31.0" /></mjloggm>