<mjloggm ver="2.3"><GO type="169" lobby="0"/><UN n0="%E3%81%86%E3%81%8D%E3%81%A7%E3%82%93" n1="%E3%82%A6%E3%83%AB%E3%83%88%E3%83%A9%E7%AB%8B%E7%9B%B4" n2="%79%6F%6A%6F" n3="%2E%44%49%56%41" dan="17,17,16,16" rate="2131.79,2237.90,2161.06,2005.66" sx="M,M,F,M"/><TAIKYOKU oya="0"/><INIT seed="0,0,0,2,3,73" ten="250,250,250,250" oya="0" hai0="23,46,105,122,126,83,133,50,17,56,96,118,26" hai1="35,36,66,119,77,93,27,41,5,98,81,79,60" hai2="7,28,4,127,37,87,116,49,40,13,2,30,80" hai3="1,68,128,112,21,34,10,91,99,65,18,97,114"/><T54/><D118/><U32/><E119/><V86/><F116/><W108/><G34/><T101/><D122/><U95/><E5/><V130/><F130/><W22/><G108/><T38/><D126/><U82/><E41/><V134/><F134/><W74/><G74/><T53/><D133/><U48/><E48/><V47/><F127/><W123/><G128/><T44/><D38/><U55/><E55/><V57/><F2/><W24/><G123/><T135/><D135/><U25/><E98/><V61/><F37/><W62/><G22/><T11/><D83/><U58/><E58/><V29/><F13/><W69/><G69/><T92/><D105/><U88/><E36/><V64/><REACH who="2" step="1"/><F87/><REACH who="2" ten="250,250,240,250" step="2"/><W51/><G1/><T85/><D85/><U70/><E25/><V0/><F0/><W107/><G112/><T102/><D11/><U124/><E27/><V103/><F103/><W6/><G114/><T67/><D101/><U71/><E124/><V120/><F120/><W109/><G10/><T78/><D102/><U131/><E131/><V33/><F33/><W117/><G117/><T9/><D9/><U20/><E32/><V15/><F15/><W125/><G125/><T89/><D26/><U106/><E35/><V16/><F16/><W72/><G18/><T45/><D17/><U100/><E100/><V115/><F115/><W52/><G24/><T84/><D84/><U19/><E19/><V104/><F104/><W12/><G107/><T43/><D96/><U63/><E106/><V39/><F39/><W3/><G99/><T113/><D113/><U94/><E20/><RYUUKYOKU ba="0,1" sc="250,-10,250,-10,240,30,250,-10" hai2="4,7,28,29,30,40,47,49,57,61,64,80,86" /><INIT seed="1,1,1,3,0,131" ten="240,240,270,240" oya="1" hai0="74,112,31,50,119,1,122,120,46,67,18,104,100" hai1="8,40,118,47,83,88,106,2,4,11,105,128,52" hai2="33,54,41,3,101,92,78,93,64,71,17,111,77" hai3="68,51,7,63,5,26,97,121,89,55,24,0,108"/><U6/><E118/><V12/><F3/><W60/><G108/><T65/><D119/><U58/><E128/><V91/><F111/><W94/><G0/><T38/><D38/><U86/><E8/><V82/><F33/><W28/><G68/><T124/><D112/><U135/><E6/><N who="3" m="2058" /><G121/><N who="0" m="46699" /><D1/><U102/><E102/><V81/><F41/><W20/><G26/><T62/><D124/><U133/><E106/><V43/><F43/><W66/><G66/><T57/><D74/><U61/><REACH who="1" step="1"/><E105/><REACH who="1" ten="240,230,270,240" step="2"/><V32/><F101/><W113/><G113/><T21/><D104/><U45/><E45/><AGARI ba="1,2" hai="20,24,28,45,51,55,60,63,89,94,97" m="2058" machi="45" ten="30,1000,0" yaku="8,1" doraHai="131" who="3" fromWho="1" sc="240,0,230,-13,270,0,240,33" /><INIT seed="2,0,0,5,2,103" ten="240,217,270,273" oya="2" hai0="65,16,74,87,14,33,38,6,27,49,119,70,36" hai1="55,69,58,77,5,99,135,66,114,79,17,19,122" hai2="28,63,24,134,46,133,129,47,23,81,127,73,10" hai3="52,96,106,80,130,125,11,42,120,22,64,1,56"/><V4/><F127/><W111/><G120/><T61/><D74/><U90/><E114/><V107/><F107/><W109/><G125/><T25/><D119/><U54/><E122/><V108/><F129/><W71/><G130/><T75/><D75/><U93/><E135/><N who="2" m="51723" /><F108/><W76/><G42/><T20/><D27/><U92/><E69/><V67/><F81/><W97/><G64/><T39/><D87/><U89/><E5/><V94/><F94/><W2/><G71/><T43/><D49/><U83/><E66/><V98/><F98/><W41/><G97/><T128/><D128/><U7/><E7/><V84/><F84/><W57/><G41/><T105/><D105/><U86/><E55/><V8/><F73/><N who="3" m="43023" /><G52/><T116/><D116/><U88/><E90/><V112/><F112/><W3/><G11/><N who="2" m="4137" /><F4/><W118/><G118/><T34/><D43/><U72/><REACH who="1" step="1"/><E79/><REACH who="1" ten="240,207,270,273" step="2"/><V21/><F67/><W123/><G123/><T121/><D121/><U29/><E29/><V9/><F28/><W101/><G109/><T113/><D113/><U102/><E102/><V95/><F47/><W131/><G111/><T124/><D124/><U0/><E0/><V91/><F46/><W31/><G131/><T30/><REACH who="0" step="1"/><D6/><REACH who="0" ten="230,207,270,273" step="2"/><U12/><E12/><V53/><F53/><W44/><G1/><T78/><D78/><U51/><AGARI ba="0,2" hai="17,19,51,54,58,72,77,83,86,88,89,92,93,99" machi="51" ten="20,8000,1" yaku="1,1,0,1,7,1,54,1,53,1" doraHai="103" doraHaiUra="104" who="1" fromWho="1" sc="230,-20,207,100,270,-40,273,-20" /><INIT seed="3,0,0,1,4,35" ten="210,307,230,253" oya="3" hai0="118,50,134,84,85,77,42,7,81,27,91,82,114" hai1="68,14,23,98,96,66,34,5,0,25,36,46,29" hai2="71,115,64,55,83,89,44,88,13,60,56,2,70" hai3="43,74,129,109,32,104,116,101,12,72,58,132,4"/><W130/><G116/><T127/><D127/><U30/><E30/><V111/><F115/><W107/><G32/><T87/><D134/><U63/><E46/><V86/><F111/><W102/><G132/><T3/><D118/><U31/><E31/><V99/><F2/><W49/><G12/><T20/><D114/><U48/><E48/><V38/><F13/><W80/><G4/><T37/><D37/><U75/><E75/><N who="3" m="28714" /><G58/><T103/><D103/><N who="3" m="39433" /><G49/><T52/><D85/><U76/><E76/><V10/><F10/><W73/><G43/><T54/><D42/><U119/><E36/><V135/><F135/><W39/><G39/><T6/><D3/><U11/><E119/><V15/><F15/><W133/><G109/><T26/><D26/><U93/><E93/><V110/><F110/><W1/><G1/><T65/><D65/><U128/><E128/><N who="3" m="49258" /><G133/><T40/><D40/><U8/><E8/><V22/><F22/><W69/><G69/><T19/><REACH who="0" step="1"/><D54/><REACH who="0" ten="200,307,230,253" step="2"/><U120/><E0/><V17/><F38/><W123/><G123/><T112/><D112/><U53/><E120/><V79/><F55/><W62/><G62/><T61/><D61/><U131/><E53/><V92/><F60/><W18/><G18/><T124/><D124/><U59/><E131/><V95/><F17/><W47/><G47/><AGARI ba="0,1" hai="6,7,19,20,27,47,50,52,77,81,82,84,87,91" machi="47" ten="30,7700,0" yaku="1,1,7,1,8,1,54,1,53,0" doraHai="35" doraHaiUra="126" who="0" fromWho="3" sc="200,87,307,0,230,0,253,-77" /><INIT seed="4,0,0,3,2,39" ten="287,307,230,176" oya="0" hai0="73,1,108,52,64,96,22,50,91,58,99,77,17" hai1="62,7,2,13,60,97,126,61,32,5,70,51,42" hai2="86,123,25,12,31,110,76,129,56,119,78,37,79" hai3="112,55,0,43,134,90,121,89,92,120,117,95,68"/><T29/><D108/><U135/><E2/><V74/><F110/><W102/><G68/><T9/><D29/><U133/><E32/><V113/><F113/><W8/><G112/><T124/><D124/><U38/><E38/><V40/><F123/><N who="3" m="47179" /><G117/><T107/><D107/><U132/><E126/><V111/><F74/><W81/><G134/><T127/><D127/><U109/><E109/><V88/><F111/><W48/><G43/><T114/><D114/><U28/><E28/><V36/><F129/><W83/><G8/><T122/><D122/><U15/><E97/><V21/><F40/><W125/><G0/><T4/><D91/><N who="3" m="34825" /><G125/><T128/><D128/><U67/><E67/><V87/><F119/><W85/><G102/><T66/><D66/><U18/><E70/><V94/><F86/><W3/><G3/><T35/><D35/><U93/><E133/><V105/><F105/><W101/><G101/><T104/><D104/><U33/><E33/><V100/><F100/><W69/><G69/><T11/><D11/><U71/><E71/><V130/><F130/><W20/><G20/><T54/><D64/><U115/><E115/><V45/><F37/><W75/><G75/><T63/><D73/><U72/><E72/><V16/><F36/><W34/><G34/><T106/><D106/><U27/><E135/><V116/><F116/><W59/><G85/><T10/><D10/><U19/><E132/><V41/><F41/><W24/><G24/><N who="0" m="14415" /><D77/><U47/><E27/><V30/><F25/><W6/><G6/><T49/><D54/><U82/><E5/><V46/><F78/><RYUUKYOKU ba="0,0" sc="287,15,307,-15,230,-15,176,15" hai0="1,4,9,49,50,52,58,63,96,99" hai3="48,55,59,81,83,92,95" /><INIT seed="4,1,0,2,2,97" ten="302,292,215,191" oya="0" hai0="83,108,4,27,94,46,123,120,106,75,32,80,50" hai1="61,98,121,113,53,86,114,135,34,100,125,17,39" hai2="84,117,131,38,132,59,88,128,45,25,29,92,58" hai3="130,79,105,115,10,70,19,49,9,93,56,37,99"/><T96/><D106/><U74/><E39/><V122/><F122/><W40/><G70/><T85/><D75/><U118/><E74/><V48/><F132/><W31/><G115/><N who="1" m="44042" /><E118/><V71/><F38/><W6/><G105/><T126/><D126/><U90/><E34/><V112/><F71/><W72/><G31/><T110/><D4/><U30/><E30/><V64/><F112/><W57/><G37/><T66/><D66/><U129/><E121/><N who="0" m="46665" /><D27/><U42/><E42/><V124/><F124/><W68/><G68/><T44/><D44/><U41/><E41/><V109/><F117/><W26/><G79/><T35/><D85/><U8/><E135/><V51/><F51/><W3/><G72/><T116/><D35/><U82/><E125/><V11/><F11/><W55/><G130/><N who="2" m="49705" /><F64/><W127/><G40/><N who="0" m="24903" /><D32/><U2/><E129/><V65/><F65/><W134/><G134/><T24/><D24/><U91/><E53/><N who="2" m="32039" /><F45/><W21/><G10/><T101/><D116/><U111/><E61/><V76/><F76/><W5/><G127/><T87/><D87/><U62/><E62/><V89/><F59/><W95/><G6/><T14/><D14/><N who="1" m="7367" /><E2/><V23/><F89/><W12/><G3/><T15/><D15/><U0/><E91/><V73/><F73/><W63/><G99/><T33/><D33/><U28/><E0/><V103/><F103/><W67/><AGARI ba="1,0" hai="5,9,12,19,21,26,49,55,56,57,63,67,93,95" machi="67" ten="20,2700,0" yaku="0,1,7,1,8,1" doraHai="97" who="3" fromWho="3" sc="302,-14,292,-8,215,-8,191,30" /><INIT seed="5,0,0,3,2,108" ten="288,284,207,221" oya="1" hai0="74,88,68,71,2,134,22,77,103,98,118,85,23" hai1="7,51,133,64,112,26,81,116,62,110,107,101,79" hai2="15,89,54,100,123,111,24,9,45,122,58,53,47" hai3="57,44,32,35,20,8,11,84,131,117,12,90,130"/><U97/><E116/><V119/><F119/><W65/><G117/><T121/><D118/><RYUUKYOKU type="kaze4" ba="0,0" sc="288,0,284,0,207,0,221,0" /><INIT seed="5,1,0,1,1,15" ten="288,284,207,221" oya="1" hai0="91,33,49,56,41,128,105,116,65,133,20,94,117" hai1="101,115,108,92,0,4,51,89,69,39,46,32,121" hai2="53,126,84,99,13,67,72,48,96,44,64,8,28" hai3="63,66,23,70,102,120,11,107,68,12,97,30,93"/><U111/><E121/><V34/><F72/><W17/><G120/><T80/><D33/><U132/><E32/><V47/><F126/><W135/><G135/><T3/><D105/><U52/><E69/><V14/><F28/><W88/><G30/><T85/><D133/><U130/><E101/><V129/><F129/><W81/><G70/><T55/><D3/><U27/><E132/><V40/><F34/><W10/><REACH who="3" step="1"/><G81/><REACH who="3" ten="288,284,207,211" step="2"/><T106/><D80/><U119/><E130/><V2/><F2/><W76/><G76/><T104/><D128/><U82/><E82/><V118/><F118/><W110/><G110/><T86/><D117/><U22/><E119/><V50/><F84/><AGARI ba="1,1" hai="10,11,12,17,23,63,66,68,84,88,93,97,102,107" machi="84" ten="30,8000,1" yaku="1,1,7,1,52,1,54,1,53,1" doraHai="15" doraHaiUra="100" who="3" fromWho="2" sc="288,0,284,0,207,-83,211,93" /><INIT seed="6,0,0,0,5,103" ten="288,284,124,304" oya="2" hai0="5,66,106,47,69,78,93,31,102,22,11,125,54" hai1="129,124,94,85,7,95,122,24,130,86,20,120,121" hai2="2,4,97,56,46,27,83,91,25,127,88,37,15" hai3="74,107,89,65,105,80,42,1,9,70,117,64,45"/><V23/><F2/><W123/><G117/><T34/><D93/><N who="1" m="35339" /><E7/><V58/><F127/><W40/><G89/><N who="2" m="34377" /><F37/><N who="3" m="21647" /><G42/><T59/><D22/><U35/><E35/><V128/><F128/><N who="1" m="49257" /><E124/><V71/><F71/><W67/><G70/><T99/><D78/><U79/><E79/><V116/><F116/><W92/><G92/><T10/><D47/><U61/><E61/><V104/><F46/><W50/><G50/><N who="0" m="31191" /><D5/><U60/><E60/><V73/><F73/><W29/><G29/><AGARI ba="0,0" hai="20,24,29,85,86,120,121,122" m="49257,35339" machi="29" ten="40,2600,0" yaku="13,1,19,1" doraHai="103" who="1" fromWho="3" sc="288,0,284,26,124,0,304,-26" /><INIT seed="7,0,0,5,2,103" ten="288,310,124,278" oya="3" hai0="66,34,43,54,38,119,57,41,91,77,32,75,30" hai1="2,19,99,116,106,86,126,65,0,12,108,6,62" hai2="115,123,110,111,60,98,3,97,63,37,42,9,70" hai3="135,109,44,71,24,76,14,85,132,46,25,51,100"/><W28/><G71/><T40/><D119/><U36/><E36/><V87/><F115/><W122/><G122/><T31/><D38/><U69/><E6/><V113/><F113/><W56/><G109/><T10/><D66/><U84/><E126/><V53/><F123/><W1/><G1/><T88/><D10/><U50/><E86/><V17/><F37/><W130/><G100/><T47/><D47/><U21/><E106/><V125/><F125/><W129/><G14/><T102/><D102/><U20/><E99/><V78/><F3/><W95/><G56/><T18/><D34/><U134/><E134/><N who="3" m="51242" /><G51/><N who="0" m="30943" /><D32/><U49/><E49/><V94/><F70/><W8/><G8/><T131/><D131/><N who="3" m="50185" /><G24/><T7/><D7/><U52/><E50/><V104/><F104/><W58/><G58/><T33/><D33/><U73/><E69/><V64/><F111/><W117/><G117/><T101/><D101/><U120/><E116/><V81/><F110/><W59/><G59/><T27/><D77/><U39/><E108/><V79/><F42/><W89/><G76/><T121/><D121/><U96/><E120/><V4/><F78/><W105/><G105/><T23/><D75/><U29/><E73/><V82/><F82/><W45/><G44/><T11/><D11/><N who="1" m="6559" /><E2/><N who="2" m="151" /><F17/><W22/><AGARI ba="0,0" hai="22,25,28,45,46,85,89,95" m="50185,51242" machi="22" ten="30,3000,0" yaku="20,1,19,1" doraHai="103" who="3" fromWho="3" sc="288,-10,310,-10,124,-10,278,30" owari="278,-12.0,300,10.0,114,-39.0,308,41.0" /></mjloggm>