<mjloggm ver="2.3"><GO type="41" lobby="0"/><UN n0="%63%72%79%6D%61%6E" n1="%E3%81%9F%E3%83%BC%E3%81%AB%E3%82%83" n2="%E5%B0%B1%E6%B4%BB%E7%94%9F%40%E5%B7%9D%E6%9D%91%E8%BB%8D%E5%9B%A3" n3="%2E%E5%9C%92%E5%9F%8E%E5%AF%BA%E6%80%9C%2E" dan="15,13,17,13" rate="1921.24,1872.68,2214.55,1854.91" sx="M,M,M,F"/><TAIKYOKU oya="0"/><INIT seed="0,0,0,4,1,112" ten="250,250,250,250" oya="0" hai0="60,8,9,89,102,116,103,33,55,32,65,76,49" hai1="30,20,93,34,2,128,121,61,131,13,87,37,123" hai2="51,101,35,24,108,29,86,95,111,79,26,67,115" hai3="43,62,54,18,118,40,58,122,17,90,82,12,22"/><T63/><D76/><U109/><E37/><V28/><F115/><W107/><G122/><N who="1" m="46602" /><E61/><V135/><F135/><W23/><G107/><T105/><D105/><U5/><E87/><V25/><F79/><W1/><G1/><T27/><D27/><N who="1" m="18783" /><E93/><V47/><F67/><W21/><G118/><T10/><D89/><U41/><E41/><N who="3" m="15946" /><G12/><T126/><D126/><U117/><E117/><V52/><F26/><W75/><G75/><T16/><D65/><U104/><E104/><V72/><F72/><W4/><G4/><T53/><D49/><U74/><E74/><V94/><F101/><W81/><G81/><T98/><D98/><U57/><E57/><V127/><F127/><W39/><G39/><T106/><D106/><U6/><E109/><N who="2" m="42059" /><F86/><AGARI ba="0,0" hai="17,18,21,22,23,54,58,62,82,86,90" m="15946" machi="86" ten="30,1000,0" yaku="8,1" doraHai="112" who="3" fromWho="2" sc="250,0,250,0,250,-10,250,10" /><INIT seed="1,0,0,1,0,119" ten="250,250,240,260" oya="1" hai0="66,82,116,110,71,87,77,72,115,32,31,7,79" hai1="80,50,65,48,19,105,123,21,84,62,28,49,120" hai2="29,34,132,52,113,103,130,109,11,41,74,40,89" hai3="76,24,131,97,45,129,10,88,99,12,38,36,128"/><U60/><E105/><V107/><F74/><W100/><G76/><T0/><D116/><U122/><E28/><V3/><F130/><W44/><G24/><T83/><D115/><U96/><E96/><N who="3" m="36938" /><G100/><T85/><D110/><U26/><REACH who="1" step="1"/><E65/><REACH who="1" ten="250,240,240,260" step="2"/><V8/><F107/><W55/><G88/><AGARI ba="0,1" hai="19,21,26,48,49,50,60,62,80,84,88,120,122,123" machi="88" ten="50,18000,2" yaku="1,1,2,1,52,3,54,1,53,0" doraHai="119" doraHaiUra="30" who="1" fromWho="3" sc="250,0,240,190,240,0,260,-180" /><INIT seed="1,1,0,2,4,50" ten="250,430,240,80" oya="1" hai0="44,92,127,34,35,125,135,6,39,66,99,43,106" hai1="41,59,114,80,58,122,21,26,75,72,81,93,57" hai2="33,94,129,53,91,130,77,31,56,2,107,46,131" hai3="22,25,17,67,120,49,98,73,62,13,83,104,40"/><U12/><E114/><V52/><F107/><W96/><G120/><T111/><D111/><U27/><E122/><V28/><F2/><W51/><G73/><N who="1" m="28234" /><E21/><V87/><F33/><W123/><G123/><T76/><D6/><U30/><E12/><V101/><F101/><W128/><G128/><T32/><D66/><U134/><E41/><V64/><F77/><W105/><G83/><N who="1" m="31818" /><E30/><N who="2" m="11307" /><F46/><W10/><G104/><T90/><D106/><U48/><E48/><V20/><F20/><W79/><G79/><T116/><D116/><U100/><E134/><V37/><F37/><W63/><G105/><T108/><D108/><U70/><E100/><V115/><F115/><W68/><G49/><T1/><D1/><U47/><E47/><V84/><F84/><W7/><G40/><T74/><D135/><U19/><E93/><V3/><F3/><W15/><G51/><T132/><D132/><U126/><E70/><V119/><F119/><W109/><G109/><T9/><D9/><U23/><E126/><N who="0" m="48137" /><D74/><U110/><E110/><V14/><F14/><W113/><G113/><T18/><D18/><U102/><E102/><V45/><F45/><W24/><G62/><AGARI ba="1,0" hai="52,53,56,62,64,87,91,94,129,130,131" m="11307" machi="62" ten="40,8000,1" yaku="19,1,52,2,54,1" doraHai="50" who="2" fromWho="3" sc="250,0,430,0,240,83,80,-83" owari="250,-15.0,430,53.0,323,12.0,-3,-50.0" /></mjloggm>