<mjloggm ver="2.3"><GO type="169" lobby="0"/><UN n0="%E3%83%89%E3%83%A9%E3%83%AD%E3%83%B3%E3%83%80%E3%82%A4%E3%83%B4" n1="%E3%83%92%E3%83%AB%E3%83%99%E3%83%AB%E3%83%88" n2="%E3%83%88%E3%83%88%E3%83%AA%E5%85%88%E7%94%9F%31%39%E6%AD%B3" n3="%72%79%75%6D%69%74%69" dan="16,18,19,16" rate="2066.54,2237.97,2245.11,2063.92" sx="M,M,F,M"/><TAIKYOKU oya="0"/><INIT seed="0,0,0,3,4,4" ten="250,250,250,250" oya="0" hai0="77,107,74,113,52,124,51,47,63,24,98,14,42" hai1="99,79,16,97,87,65,73,86,109,56,48,37,96" hai2="39,119,34,33,1,43,55,38,18,17,111,19,41" hai3="66,90,95,40,64,29,83,117,94,100,68,78,8"/><T123/><D113/><U114/><E37/><N who="2" m="13835" /><F1/><W58/><G117/><T46/><D123/><U12/><E114/><V80/><F80/><W104/><G40/><N who="2" m="15433" /><F55/><W89/><G29/><T0/><D0/><U76/><E109/><V84/><F84/><N who="1" m="32297" /><E73/><V54/><F54/><W118/><G118/><T129/><D52/><N who="1" m="31751" /><E65/><V103/><F119/><W9/><G68/><T60/><D74/><U134/><E134/><V35/><F103/><W11/><G104/><T50/><D107/><U91/><E91/><N who="3" m="34826" /><G100/><T15/><D77/><U62/><E62/><V44/><F44/><W69/><G69/><T110/><D63/><U102/><E102/><V32/><N who="2" m="8192" /><DORA hai="126" /><V45/><F45/><W25/><G83/><T125/><D60/><U131/><E131/><V93/><F93/><N who="3" m="35339" /><G78/><T105/><D129/><U133/><E133/><V67/><F67/><N who="3" m="25643" /><G58/><T59/><D59/><U70/><E70/><V88/><F88/><W112/><G112/><T85/><D47/><U82/><E82/><V71/><F71/><W53/><G53/><T10/><D46/><U30/><E30/><V108/><AGARI ba="0,0" hai="17,18,19,108,111" m="8192,15433,13835" machi="108" ten="70,4700,0" yaku="28,2" doraHai="4,126" who="2" fromWho="2" sc="250,-23,250,-12,250,47,250,-12" /><INIT seed="1,0,0,0,2,125" ten="227,238,297,238" oya="1" hai0="35,122,73,30,52,47,119,112,105,40,70,90,56" hai1="111,116,93,27,21,12,97,113,0,78,127,124,89" hai2="108,43,75,123,104,18,13,64,66,22,69,51,15" hai3="28,101,87,39,71,32,38,26,99,72,84,29,121"/><U11/><E0/><V46/><F123/><W8/><G121/><T16/><D122/><U62/><E113/><V131/><F75/><W31/><G72/><T133/><D70/><U5/><E116/><V92/><F104/><W65/><G28/><T24/><D119/><U3/><E78/><V41/><F108/><W118/><G118/><T9/><D112/><U6/><E111/><V63/><F64/><W114/><G114/><T34/><D73/><U81/><E81/><V126/><F126/><N who="1" m="48169" /><E62/><V120/><F120/><W95/><G8/><T135/><D105/><U20/><E3/><V7/><F131/><W128/><G128/><T130/><D130/><U91/><E5/><V76/><F76/><W49/><G49/><N who="0" m="30735" /><D90/><N who="1" m="55479" /><E21/><V60/><F60/><W67/><G32/><T100/><D100/><U106/><E106/><V115/><F115/><W33/><G101/><T58/><D9/><U4/><E6/><V53/><F7/><W82/><G82/><T85/><D35/><U55/><E55/><V83/><F83/><W54/><G54/><T1/><D1/><U68/><E68/><V61/><F92/><W107/><G71/><T14/><D34/><U42/><E42/><V98/><F61/><W74/><G33/><T10/><D40/><U132/><E132/><V44/><F41/><W96/><G107/><T36/><D133/><U77/><E77/><V88/><F43/><W103/><G74/><T117/><D135/><U109/><E109/><V23/><F53/><W45/><G95/><T86/><D117/><U134/><E134/><V37/><F69/><W19/><G103/><RYUUKYOKU ba="0,0" sc="227,-10,238,30,297,-10,238,-10" hai1="4,11,12,20,27,89,91" /><INIT seed="1,1,0,5,3,54" ten="217,268,287,228" oya="1" hai0="122,116,62,23,94,53,42,6,12,25,102,68,64" hai1="49,112,26,8,90,2,83,72,58,45,132,109,33" hai2="21,113,61,29,46,120,31,63,41,121,3,34,133" hai3="59,13,73,51,118,55,79,89,38,28,37,77,22"/><U75/><E112/><V130/><F3/><W9/><G118/><T93/><D116/><U67/><E132/><V86/><F133/><W35/><G35/><T24/><D122/><U85/><E109/><V95/><F34/><W97/><G73/><T110/><D110/><U135/><E135/><V66/><F113/><W87/><G97/><T92/><D42/><U17/><E2/><V60/><F130/><W114/><G114/><T104/><D104/><U125/><E125/><V70/><F121/><W115/><G115/><T44/><D25/><U117/><E117/><V111/><F111/><W107/><G107/><T4/><D12/><U131/><E131/><V91/><F120/><W20/><G37/><T15/><D15/><U74/><E33/><V80/><F21/><N who="3" m="8299" /><G28/><T0/><D0/><U50/><E45/><V128/><F128/><W19/><G38/><T5/><D44/><U127/><E127/><V27/><F27/><W32/><G32/><T52/><REACH who="0" step="1"/><D102/><REACH who="0" ten="207,268,287,228" step="2"/><U134/><E134/><V16/><F46/><W108/><G108/><T99/><D99/><U84/><E26/><V71/><F41/><W36/><G36/><T39/><D39/><U123/><E123/><V124/><F124/><W40/><G40/><T1/><D1/><U105/><E105/><V76/><F31/><AGARI ba="1,1" hai="4,5,6,23,24,31,52,53,62,64,68,92,93,94" machi="31" ten="40,2600,0" yaku="1,1,54,1,53,0" doraHai="54" doraHaiUra="81" who="0" fromWho="2" sc="207,39,268,0,287,-29,228,0" /><INIT seed="2,0,0,0,0,124" ten="246,268,258,228" oya="2" hai0="114,93,125,83,113,44,35,134,97,43,22,90,58" hai1="25,19,34,112,50,5,27,135,32,66,15,123,48" hai2="57,107,61,26,76,21,118,132,45,74,39,53,18" hai3="54,62,14,108,100,98,77,128,121,126,36,104,7"/><V6/><F118/><W78/><G121/><T11/><D35/><U81/><E112/><V8/><F132/><W23/><G108/><T92/><D134/><U65/><E135/><V12/><F107/><W79/><G36/><T115/><D125/><U102/><E102/><V71/><F71/><W70/><G126/><T60/><D83/><U24/><E5/><V106/><F106/><W28/><G7/><T120/><D120/><U117/><E117/><V64/><F74/><W67/><G54/><T103/><D22/><U109/><E123/><V89/><F76/><W1/><G1/><T41/><D11/><U2/><E2/><V88/><F39/><W38/><G38/><T46/><D46/><U116/><E81/><V80/><F80/><W91/><G91/><T10/><D10/><U122/><E122/><V111/><F111/><W86/><G86/><T96/><REACH who="0" step="1"/><D44/><REACH who="0" ten="236,268,258,228" step="2"/><U84/><E109/><V129/><F45/><W75/><G75/><T16/><D16/><U131/><E34/><V17/><F17/><W49/><G23/><T127/><D127/><U99/><E32/><V59/><REACH who="2" step="1"/><F129/><REACH who="2" ten="236,268,248,228" step="2"/><W52/><G128/><T101/><D101/><U73/><E131/><V20/><F20/><W40/><G100/><T3/><D3/><U4/><E19/><V105/><F105/><W68/><G104/><T9/><D9/><U37/><E116/><V42/><F42/><W110/><G40/><T82/><D82/><U63/><E4/><V87/><F87/><W133/><G133/><T72/><D72/><U13/><E73/><V85/><F85/><W30/><G78/><RYUUKYOKU ba="0,2" sc="236,15,268,-15,248,15,228,-15" hai0="41,43,58,60,90,92,93,96,97,103,113,114,115" hai2="6,8,12,18,21,26,53,57,59,61,64,88,89" /><INIT seed="2,1,2,1,0,113" ten="251,253,263,213" oya="2" hai0="60,110,65,92,87,105,32,97,58,102,99,125,55" hai1="26,89,109,24,36,63,19,116,112,6,39,47,9" hai2="51,70,11,13,40,98,107,31,16,96,37,73,130" hai3="82,62,104,25,38,129,85,124,61,131,45,46,66"/><V71/><F73/><W12/><G104/><T80/><D110/><U34/><E112/><V27/><F37/><W44/><G124/><T91/><D125/><U56/><E109/><V114/><F114/><W41/><G25/><T43/><D32/><U135/><E135/><V133/><F133/><W117/><G12/><T23/><D43/><U90/><E19/><V28/><F130/><N who="3" m="49675" /><G117/><T126/><D126/><U22/><E116/><V15/><F107/><W115/><G115/><T119/><D119/><U93/><E34/><V54/><F40/><W77/><G62/><T52/><REACH who="0" step="1"/><D23/><REACH who="0" ten="241,253,263,213" step="2"/><U35/><E22/><N who="2" m="11551" /><F70/><AGARI ba="1,3" hai="38,41,44,45,46,61,66,70,77,82,85" m="49675" machi="70" ten="30,1000,0" yaku="19,1" doraHai="113" who="3" fromWho="2" sc="241,0,253,0,263,-13,213,43" /><INIT seed="3,0,0,2,0,3" ten="241,253,250,256" oya="3" hai0="7,53,91,92,96,74,110,60,64,79,98,25,88" hai1="18,120,115,57,31,81,28,0,32,129,49,68,10" hai2="11,100,108,48,127,122,134,33,78,38,116,89,23" hai3="118,103,125,17,101,30,94,70,55,107,50,15,66"/><W1/><G118/><T69/><D110/><U86/><E68/><V109/><F48/><W105/><G30/><T124/><D124/><U77/><E120/><V71/><F23/><W47/><G125/><T46/><D7/><U87/><E129/><V59/><F59/><W52/><G1/><T19/><D74/><U2/><E115/><V12/><F89/><W29/><G29/><T39/><D79/><U4/><E0/><V84/><F84/><W117/><G117/><T121/><D121/><U44/><E57/><V67/><F67/><W82/><G82/><T75/><D75/><U37/><E37/><V40/><F78/><W72/><G72/><T111/><D111/><U65/><E65/><V126/><F71/><W42/><G105/><T99/><D91/><U58/><E58/><V119/><F33/><W133/><G107/><T27/><D19/><U85/><E18/><V62/><F122/><W5/><G133/><T9/><D9/><U135/><E135/><V97/><F134/><W6/><G70/><T22/><D22/><U13/><E2/><V45/><F109/><W131/><G66/><T95/><D98/><U21/><E32/><V80/><F108/><W106/><G106/><T83/><D83/><U104/><E104/><N who="2" m="63503" /><F80/><W102/><G94/><T73/><D73/><U41/><E31/><V24/><F116/><W132/><G132/><T36/><D53/><N who="3" m="20553" /><G131/><T130/><D130/><U123/><E123/><V20/><F119/><W14/><G14/><T93/><D93/><U113/><E113/><V76/><F126/><W90/><G90/><N who="0" m="55319" /><D36/><U112/><E112/><RYUUKYOKU ba="0,0" sc="241,10,253,10,250,-30,256,10" hai0="25,27,39,46,60,64,69,88,95,99" hai1="4,10,13,21,28,41,44,49,77,81,85,86,87" hai3="5,6,15,17,42,47,50,101,102,103" /><INIT seed="3,1,0,3,2,90" ten="251,263,220,266" oya="3" hai0="121,57,35,23,127,126,33,19,88,120,46,61,24" hai1="117,124,54,83,87,13,67,53,82,1,10,60,14" hai2="76,73,51,58,5,106,21,118,109,27,49,52,74" hai3="132,107,0,102,94,38,119,32,39,89,4,29,40"/><W25/><G119/><T9/><D46/><U34/><E34/><N who="0" m="12809" /><D88/><U44/><E1/><V123/><F118/><W130/><G130/><T114/><D114/><U72/><E13/><V116/><F116/><W77/><G132/><T48/><D48/><U104/><E104/><V122/><F106/><W30/><G30/><T134/><D134/><U16/><E117/><V113/><F113/><W85/><G40/><T110/><D110/><U125/><E72/><V84/><F109/><W79/><G4/><T135/><D135/><U80/><E87/><V28/><F5/><W93/><G0/><T15/><D57/><N who="1" m="37263" /><E44/><V37/><F37/><W8/><G8/><T20/><D20/><U97/><E97/><V98/><F98/><W68/><G68/><T63/><D63/><U128/><E128/><V129/><F129/><W131/><G131/><T6/><D61/><U101/><E101/><V18/><F49/><W45/><G107/><T50/><D50/><U59/><E59/><V115/><F115/><W112/><G112/><T70/><D70/><U103/><E103/><V92/><F74/><W96/><REACH who="3" step="1"/><G45/><REACH who="3" ten="251,263,220,256" step="2"/><T66/><D66/><U2/><E2/><V75/><F58/><W62/><G62/><T36/><D36/><AGARI ba="1,1" hai="25,29,32,36,38,39,77,79,85,89,93,94,96,102" machi="36" ten="40,7700,0" yaku="1,1,52,2,53,0" doraHai="90" doraHaiUra="42" who="3" fromWho="0" sc="251,-80,263,0,220,0,256,90" /><INIT seed="3,2,0,2,0,94" ten="171,263,220,346" oya="3" hai0="75,102,96,88,4,3,74,31,112,123,19,82,93" hai1="83,97,133,10,49,108,71,128,16,46,119,104,32" hai2="40,43,35,18,79,26,84,60,13,68,115,134,22" hai3="107,73,25,45,125,64,69,11,38,14,109,61,66"/><W59/><G73/><T131/><D123/><U77/><E32/><V111/><F115/><W33/><G125/><T114/><D131/><U51/><E71/><V58/><F68/><W76/><G76/><T89/><D31/><U99/><E104/><V118/><F118/><W98/><G109/><T106/><D19/><U105/><E105/><V126/><F111/><W122/><G122/><T55/><D55/><U95/><E108/><V127/><F134/><W72/><G72/><N who="0" m="27691" /><D4/><U67/><E133/><V135/><F135/><W5/><G64/><T65/><D65/><U70/><E95/><V30/><F126/><W50/><G38/><T8/><D8/><U53/><E119/><V1/><F1/><W41/><G59/><T101/><D3/><U57/><E70/><V48/><F48/><W121/><G121/><T29/><D29/><U117/><E128/><V0/><F0/><W23/><G33/><T63/><D63/><N who="1" m="38383" /><E51/><V37/><F37/><W39/><G39/><T12/><D12/><N who="1" m="7191" /><E117/><V78/><F127/><W81/><G69/><T80/><D80/><U24/><E24/><V2/><F2/><W124/><G81/><T15/><D15/><U52/><E53/><N who="2" m="33871" /><F40/><W47/><G124/><T62/><D62/><U113/><E113/><N who="0" m="43625" /><D106/><U28/><E28/><V27/><F43/><W103/><G41/><T92/><D82/><U85/><AGARI ba="2,0" hai="46,49,52,77,83,85,97,99" m="7191,38383" machi="85" ten="30,8000,1" yaku="8,1,52,2,54,2" doraHai="94" who="1" fromWho="1" sc="171,-22,263,86,220,-22,346,-42" /><INIT seed="4,0,0,1,5,11" ten="149,349,198,304" oya="0" hai0="129,112,115,13,119,134,62,76,128,109,21,84,86" hai1="132,82,43,33,12,39,34,37,70,23,47,35,126" hai2="123,55,44,91,90,113,2,14,5,95,60,8,71" hai3="49,67,26,114,100,64,1,81,80,85,74,28,75"/><T111/><D134/><U83/><E70/><V6/><F123/><W68/><G114/><N who="0" m="43563" /><D119/><U108/><E108/><N who="0" m="41545" /><D62/><U40/><E126/><V118/><F118/><W59/><G1/><T63/><D63/><U104/><E104/><V56/><F113/><W50/><G68/><T58/><D58/><U122/><E122/><V22/><F71/><W97/><G74/><T66/><D66/><U93/><E132/><V127/><F127/><W106/><G75/><T77/><D13/><U29/><E93/><V57/><F2/><W15/><G15/><T133/><D21/><U9/><E40/><V72/><F72/><W30/><G30/><T31/><D31/><U130/><E130/><N who="0" m="50281" /><D133/><U89/><E39/><V25/><F57/><W19/><G59/><T51/><D51/><U10/><E10/><V53/><F6/><W7/><G7/><T98/><D98/><U45/><E45/><V78/><F44/><W54/><G67/><T135/><D135/><U99/><E23/><V105/><F56/><W4/><G64/><T116/><D116/><U117/><E29/><V94/><F60/><W36/><G28/><T20/><D20/><U27/><E117/><V120/><F22/><W0/><G50/><T48/><D48/><U42/><E47/><V46/><F46/><W79/><G49/><T17/><D17/><N who="1" m="8335" /><E35/><V101/><F5/><W102/><G4/><T88/><D88/><U3/><E34/><V38/><F91/><W121/><G19/><T65/><D65/><U24/><E89/><V124/><F90/><W16/><G16/><T107/><D107/><U41/><E33/><RYUUKYOKU ba="0,0" sc="149,30,349,-10,198,-10,304,-10" hai0="76,77,84,86" /><INIT seed="4,1,0,5,2,127" ten="179,339,188,294" oya="0" hai0="34,107,112,76,12,100,121,47,18,40,126,64,118" hai1="19,5,53,45,50,117,65,41,99,56,6,132,16" hai2="74,110,101,87,15,116,63,104,82,32,23,49,61" hai3="106,130,77,91,109,129,52,134,114,88,48,36,54"/><T122/><D118/><U1/><E117/><V22/><F110/><W81/><G109/><T69/><D34/><U17/><E132/><V24/><F74/><W3/><G134/><T28/><D28/><U75/><E75/><V2/><F2/><W31/><G3/><T102/><D126/><U125/><E125/><V111/><F111/><W113/><G106/><T42/><D42/><U98/><E65/><V103/><F116/><W25/><G36/><T57/><D69/><U14/><E1/><V4/><F32/><W94/><G77/><T39/><D112/><N who="3" m="43113" /><G81/><T135/><D135/><U133/><E133/><V89/><F49/><W93/><G93/><T120/><D107/><U62/><E5/><V97/><F103/><W9/><G9/><AGARI ba="1,0" hai="6,9,14,16,17,19,41,45,50,53,56,62,98,99" machi="9" ten="40,2600,0" yaku="8,1,54,1" doraHai="127" who="1" fromWho="3" sc="179,0,339,29,188,0,294,-29" /><INIT seed="5,0,0,3,3,25" ten="179,368,188,265" oya="1" hai0="29,71,10,88,102,62,135,99,16,94,43,124,6" hai1="98,126,46,53,69,52,23,5,110,70,24,33,112" hai2="55,0,122,95,119,81,133,60,38,64,128,13,31" hai3="111,131,39,113,1,100,74,14,132,96,82,61,30"/><U3/><E33/><V22/><F119/><W17/><G61/><T86/><D135/><U75/><E75/><V104/><F122/><W26/><G39/><T65/><D124/><U106/><E112/><V90/><F104/><W37/><G37/><T127/><D127/><U118/><E118/><V41/><F0/><W48/><G113/><T66/><D43/><U109/><E5/><V91/><F128/><W87/><G74/><T121/><D121/><U54/><E46/><V67/><F133/><W12/><G132/><T77/><D77/><U68/><E3/><V105/><F105/><W117/><G1/><T15/><D29/><U79/><E79/><V63/><F41/><W114/><G114/><T34/><D34/><U129/><E129/><V56/><F38/><W51/><G131/><T18/><D66/><U2/><E2/><V76/><F95/><AGARI ba="0,0" hai="6,10,15,16,18,62,65,71,86,88,94,95,99,102" machi="95" ten="30,3900,0" yaku="7,1,54,2" doraHai="25" who="0" fromWho="2" sc="179,39,368,0,188,-39,265,0" /><INIT seed="6,0,0,4,1,100" ten="218,368,149,265" oya="2" hai0="96,62,16,72,35,85,1,41,14,3,80,113,10" hai1="110,2,86,99,84,98,51,19,47,46,25,27,48" hai2="131,107,87,26,17,5,70,93,56,75,30,57,39" hai3="121,6,71,22,135,103,112,81,73,118,20,68,133"/><V111/><F75/><W114/><G118/><T54/><D35/><U91/><E2/><V120/><F120/><W23/><G121/><T24/><D72/><U69/><E69/><V31/><F39/><W44/><G6/><T117/><D117/><U29/><E19/><V49/><F70/><W89/><G103/><T119/><D119/><U76/><E76/><V124/><F107/><W7/><G7/><T65/><D113/><N who="3" m="43625" /><G44/><T33/><D41/><U94/><E98/><V21/><F131/><W36/><G36/><T42/><D42/><N who="1" m="24663" /><E110/><V13/><F124/><W77/><G89/><T127/><D54/><N who="1" m="30079" /><E29/><N who="2" m="10763" /><F111/><W79/><G81/><T12/><D127/><U40/><E40/><V78/><F49/><W32/><G32/><T116/><D116/><U83/><E83/><N who="2" m="47607" /><F93/><W66/><G73/><T125/><D125/><U52/><E86/><V134/><F134/><N who="3" m="51211" /><G71/><T101/><D33/><U38/><E99/><V128/><F128/><W106/><G106/><T11/><D96/><U64/><E38/><V130/><F130/><W58/><G68/><T132/><D132/><U122/><E122/><V34/><F34/><W88/><G88/><T9/><D101/><U102/><E102/><V90/><F90/><W59/><G66/><T37/><D37/><U63/><E64/><V18/><F5/><W67/><G67/><T129/><D129/><U82/><E82/><V60/><F60/><W104/><G104/><T105/><D80/><U43/><E43/><V108/><F108/><W61/><G61/><T55/><D65/><U95/><E95/><V28/><F13/><W0/><G0/><RYUUKYOKU ba="0,0" sc="218,-30,368,10,149,10,265,10" hai1="25,27,52,63,84,91,94" hai2="17,18,21,26,28,56,57" hai3="20,22,23,58,59,77,79" /><INIT seed="6,1,0,0,1,66" ten="188,378,159,275" oya="2" hai0="125,103,42,134,85,101,1,56,123,93,92,95,105" hai1="25,115,33,131,94,87,129,98,130,38,19,8,0" hai2="77,78,88,122,110,62,3,24,7,112,30,128,117" hai3="67,64,2,43,79,114,48,53,81,18,104,14,132"/><V72/><F117/><W113/><G104/><T86/><D1/><U76/><E38/><V120/><F112/><N who="3" m="43115" /><G43/><T71/><D71/><U34/><E115/><V55/><F128/><W75/><G2/><T50/><D56/><U54/><E54/><V36/><F36/><W13/><G132/><T65/><D65/><N who="3" m="25161" /><G18/><T61/><D50/><U44/><E44/><AGARI ba="1,0" hai="13,14,44,48,53,75,79,81" m="25161,43115" machi="44" ten="30,2000,0" yaku="15,1,11,1" doraHai="66" who="3" fromWho="1" sc="188,0,378,-23,159,0,275,23" /><INIT seed="7,0,0,4,3,17" ten="188,355,159,298" oya="3" hai0="19,40,103,81,51,133,49,71,76,130,109,96,60" hai1="36,29,87,28,77,52,25,82,79,4,50,90,64" hai2="131,84,35,31,23,68,45,135,116,46,124,6,9" hai3="47,89,12,3,0,10,55,92,37,43,34,126,83"/><W21/><G34/><T120/><D109/><U18/><E36/><V125/><F116/><W16/><G126/><N who="2" m="48745" /><F68/><W119/><G119/><T94/><D120/><U65/><E4/><V115/><F35/><W91/><G55/><T27/><D40/><U54/><E54/><V73/><F73/><W63/><G63/><T1/><D1/><U114/><E18/><V127/><N who="2" m="48753" /><V80/><DORA hai="13" /><F115/><W98/><REACH who="3" step="1"/><G10/><REACH who="3" ten="188,355,159,288" step="2"/><T129/><D60/><U122/><E122/><V15/><F131/><W93/><G93/><T112/><D94/><U5/><E114/><V128/><F128/><W69/><G69/><T22/><D71/><U20/><E65/><V26/><F135/><W7/><G7/><T106/><D133/><U78/><E64/><V108/><F108/><W62/><G62/><T105/><D112/><U53/><E5/><V132/><F132/><W67/><G67/><T134/><D134/><U57/><E53/><V118/><F118/><W113/><G113/><T32/><D32/><U123/><E123/><V95/><F95/><W86/><AGARI ba="0,1" hai="0,3,12,16,21,37,43,47,83,86,89,91,92,98" machi="86" ten="30,18000,2" yaku="1,1,0,1,52,2,54,1,53,2" doraHai="17,13" doraHaiUra="85,121" who="3" fromWho="3" sc="188,-60,355,-60,159,-60,288,190" owari="128,-27.0,295,10.0,99,-40.0,478,57.0" /></mjloggm>