<mjloggm ver="2.3"><GO type="169" lobby="0"/><UN n0="%E7%94%9F%E7%B2%8B%E3%81%AE%E7%85%BD%E3%83%A9%E3%83%BC%E2%99%AA" n1="%67%6F%75%73%69" n2="%E5%B0%B1%E6%B4%BB%E7%94%9F%40%E5%B7%9D%E6%9D%91%E8%BB%8D%E5%9B%A3" n3="%79%6F%75%37%37%37" dan="17,17,17,16" rate="2189.68,2152.27,2256.14,2099.94" sx="M,M,M,M"/><TAIKYOKU oya="0"/><INIT seed="0,0,0,2,5,83" ten="250,250,250,250" oya="0" hai0="71,98,29,90,65,92,32,133,31,56,24,6,73" hai1="1,60,30,13,7,67,113,4,106,52,20,21,74" hai2="25,8,11,101,47,15,18,27,93,42,50,23,109" hai3="49,55,51,99,64,97,43,44,79,26,53,104,45"/><T14/><D73/><U10/><E106/><V111/><F109/><W2/><G2/><T58/><D133/><U128/><E74/><V5/><F111/><W80/><G104/><T41/><D71/><U35/><E128/><V36/><F36/><W130/><G130/><T95/><D65/><U46/><E113/><V102/><F27/><W37/><G64/><T3/><D3/><U61/><E61/><V40/><F40/><W114/><G114/><T0/><D0/><U57/><E35/><V94/><F94/><W100/><G100/><T19/><D6/><U81/><E30/><V33/><F33/><W9/><G9/><T122/><D29/><U62/><E7/><V34/><F34/><W115/><G26/><T22/><D122/><U12/><E81/><V132/><F132/><W85/><REACH who="3" step="1"/><G115/><REACH who="3" ten="250,250,250,240" step="2"/><T88/><REACH who="0" step="1"/><D41/><REACH who="0" ten="240,250,250,240" step="2"/><U48/><E1/><V66/><F66/><W39/><G39/><T105/><D105/><U135/><E135/><V107/><F107/><W72/><G72/><T77/><D77/><U63/><E67/><V127/><F42/><W124/><G124/><T76/><D76/><U84/><E4/><V78/><F127/><W118/><G118/><T125/><D125/><U123/><E123/><V68/><F78/><W121/><G121/><T86/><AGARI ba="0,2" hai="14,19,22,24,31,32,56,58,86,88,90,92,95,98" machi="86" ten="20,12000,1" yaku="1,1,0,1,7,1,52,1,54,1,53,0" doraHai="83" doraHaiUra="70" who="0" fromWho="0" sc="240,140,250,-40,250,-40,240,-40" /><INIT seed="0,1,0,0,4,10" ten="380,210,210,200" oya="0" hai0="25,20,108,100,16,112,88,52,84,113,73,125,2" hai1="63,104,85,30,92,48,51,11,7,32,130,40,120" hai2="35,53,110,132,37,76,41,95,70,60,90,133,47" hai3="121,89,17,115,129,65,44,127,81,69,3,101,124"/><T58/><D73/><U131/><E104/><V54/><F35/><W56/><G101/><T134/><D2/><U87/><E120/><V26/><F76/><W98/><G3/><T99/><D134/><N who="2" m="51818" /><F26/><W57/><G69/><T72/><D72/><U27/><E63/><V111/><F95/><W117/><G17/><T74/><D74/><U19/><E19/><V80/><F80/><W1/><G1/><T86/><D86/><U50/><E40/><V4/><F4/><W9/><G9/><T0/><D0/><U6/><E6/><V91/><F91/><W13/><G98/><T116/><D116/><U135/><E135/><V75/><F90/><W102/><G89/><T126/><D108/><N who="2" m="41514" /><F75/><W36/><G102/><T38/><D38/><U5/><E5/><V55/><F70/><W46/><G81/><N who="0" m="49167" /><D99/><U23/><E32/><V118/><F118/><W15/><G117/><T78/><D78/><U64/><E87/><V8/><F8/><W22/><G121/><T79/><D79/><U31/><E85/><V28/><F28/><W71/><G71/><T106/><D100/><U123/><E123/><V103/><F103/><W83/><G83/><T93/><D93/><U12/><E92/><V105/><F105/><W77/><G77/><T122/><D106/><U82/><E30/><V128/><F128/><N who="1" m="49193" /><E82/><V119/><F119/><W62/><G129/><T68/><D68/><U61/><E31/><V67/><F67/><W42/><G65/><T59/><D122/><U107/><E107/><V14/><F14/><W45/><G13/><T109/><D109/><U21/><E27/><RYUUKYOKU ba="1,0" sc="380,-15,210,15,210,15,200,-15" hai1="7,11,12,21,23,48,50,51,61,64" hai2="37,41,47,53,54,55,60" /><INIT seed="1,2,0,4,1,69" ten="365,225,225,185" oya="1" hai0="122,54,34,40,18,25,106,70,128,109,14,126,110" hai1="100,20,83,124,99,115,85,13,1,57,47,105,27" hai2="121,134,111,11,97,73,65,91,64,53,50,135,4" hai3="129,66,44,71,112,31,26,36,74,76,49,89,15"/><U72/><E1/><V28/><F73/><W95/><G112/><T104/><D70/><U116/><E116/><V80/><F28/><W68/><G129/><T55/><D128/><U88/><E124/><V133/><F121/><W30/><G30/><T118/><D118/><U7/><E115/><V41/><F41/><W10/><G76/><T117/><D117/><U84/><E72/><V77/><F111/><N who="0" m="42506" /><D126/><U108/><E108/><V2/><F77/><W63/><G74/><T123/><D25/><U16/><E47/><V87/><REACH who="2" step="1"/><F97/><REACH who="2" ten="365,225,215,185" step="2"/><W130/><G31/><T119/><D40/><U51/><E84/><V39/><F39/><W102/><G36/><T79/><D119/><U5/><REACH who="1" step="1"/><E27/><REACH who="1" ten="365,215,215,185" step="2"/><V132/><N who="2" m="34304" /><DORA hai="48" /><V22/><F22/><W101/><G26/><T38/><D122/><U114/><E114/><V17/><F17/><W78/><G130/><T52/><D18/><U43/><E43/><V98/><F98/><W45/><G45/><AGARI ba="2,2" hai="2,4,11,45,50,53,64,65,80,87,91" m="34304" machi="45" ten="70,8000,1" yaku="1,1,20,1,52,1,53,1" doraHai="69,48" doraHaiUra="6,67" who="2" fromWho="3" sc="365,0,215,0,215,106,185,-86" /><INIT seed="2,0,0,3,3,29" ten="365,215,321,99" oya="2" hai0="90,96,47,110,28,32,10,35,109,85,134,98,66" hai1="24,108,70,123,72,44,58,122,41,3,92,52,39" hai2="38,91,119,20,54,112,64,6,114,87,77,60,117" hai3="11,30,13,14,8,71,95,34,124,1,132,101,50"/><V26/><F38/><W2/><G50/><T94/><D28/><U121/><E3/><N who="3" m="1034" /><G95/><T126/><D10/><N who="3" m="3625" /><G101/><T102/><D134/><U88/><E24/><V25/><F6/><W130/><G71/><T93/><D126/><U75/><E108/><N who="0" m="41577" /><D66/><U43/><E43/><V129/><F77/><W12/><G132/><T45/><D85/><N who="1" m="52239" /><E70/><V7/><F7/><W37/><G37/><T67/><D67/><U51/><AGARI ba="0,0" hai="39,41,44,51,52,58,72,75,121,122,123" m="52239" machi="51" ten="30,4000,0" yaku="13,1,54,2" doraHai="29" who="1" fromWho="1" sc="365,-10,215,40,321,-20,99,-10" /><INIT seed="3,0,0,3,5,101" ten="355,255,301,89" oya="3" hai0="57,52,12,37,104,58,113,32,98,35,65,28,3" hai1="6,8,56,134,105,115,4,130,61,60,23,24,45" hai2="80,82,70,81,0,107,120,88,21,131,123,91,114" hai3="83,95,76,66,68,7,118,62,11,119,128,74,124"/><W38/><G128/><T79/><D3/><U125/><E115/><V17/><F70/><W19/><G124/><T106/><D37/><U122/><E122/><N who="2" m="46635" /><F0/><W72/><G72/><T50/><D79/><U34/><E34/><V112/><F131/><W40/><G19/><T129/><D129/><U92/><E105/><V73/><F73/><W64/><G64/><T93/><D113/><N who="2" m="43626" /><F107/><W51/><G51/><T30/><D35/><U55/><E125/><V69/><F69/><W41/><G95/><T10/><D32/><U84/><E134/><V2/><F2/><N who="3" m="503" /><G41/><T89/><D28/><U36/><E130/><V29/><F29/><W116/><G116/><T77/><D30/><U54/><E8/><V96/><F96/><W90/><G90/><T103/><D77/><U49/><E36/><V133/><F133/><W47/><AGARI ba="0,0" hai="38,40,47,62,66,68,74,76,83,118,119" m="503" machi="47" ten="30,3000,0" yaku="25,1,23,1" doraHai="101" who="3" fromWho="3" sc="355,-10,255,-10,301,-10,89,30" /><INIT seed="3,1,0,1,3,91" ten="345,245,291,119" oya="3" hai0="126,46,2,113,0,80,94,4,22,37,99,101,134" hai1="76,125,15,17,81,33,43,92,47,6,7,29,107" hai2="39,119,38,57,36,1,110,54,52,118,89,45,41" hai3="72,132,111,78,71,62,24,32,120,31,90,20,13"/><W100/><G120/><T117/><D117/><U63/><E107/><V25/><F1/><W122/><G122/><T131/><D131/><U3/><E3/><V105/><F105/><W129/><G129/><T133/><D126/><U128/><E128/><V27/><F89/><W51/><G132/><N who="0" m="50795" /><D113/><U30/><E63/><N who="2" m="36263" /><F25/><W49/><G100/><T104/><D4/><U75/><E30/><V88/><F27/><W28/><G28/><T106/><D22/><U34/><E34/><V95/><F110/><W60/><G111/><T65/><D65/><U48/><E125/><V59/><F88/><W18/><G90/><T114/><D114/><U40/><E40/><V69/><F95/><W21/><G32/><T108/><D108/><U50/><E92/><V97/><F97/><W116/><G116/><N who="2" m="44585" /><F69/><W130/><G130/><T44/><D106/><U16/><E17/><V102/><F102/><W11/><G71/><T61/><D80/><U74/><E74/><V19/><F19/><N who="3" m="8639" /><G72/><T9/><D104/><U73/><E73/><V123/><F123/><W14/><G78/><T12/><D2/><U42/><E29/><V79/><F79/><W66/><G66/><T35/><D0/><U121/><E33/><V103/><F103/><W83/><G83/><T23/><D35/><U135/><E121/><V112/><F112/><W64/><G64/><T109/><D109/><U10/><E135/><V58/><F58/><W53/><G62/><AGARI ba="1,0" hai="36,38,39,41,45,54,59,62" m="44585,36263" machi="62" ten="30,3900,0" yaku="34,2,54,1" doraHai="91" who="2" fromWho="3" sc="345,0,245,0,291,42,119,-42" /><INIT seed="4,0,0,3,0,71" ten="345,245,333,77" oya="0" hai0="65,120,57,77,114,108,121,11,98,113,50,55,12" hai1="6,72,67,127,129,73,62,91,43,69,106,135,32" hai2="8,122,112,30,109,126,2,37,97,89,101,26,90" hai3="133,125,117,105,134,61,54,79,15,64,20,128,51"/><T95/><D77/><U103/><E91/><V40/><F122/><W34/><G34/><T21/><D108/><U22/><E22/><V0/><F109/><W3/><G3/><T76/><D76/><U44/><E129/><V99/><F112/><N who="0" m="43114" /><D21/><U14/><E14/><V4/><F126/><W56/><G20/><T70/><D70/><U74/><E6/><V36/><F2/><W24/><G24/><T88/><D65/><U116/><E116/><V27/><F40/><W87/><G64/><T83/><D83/><U131/><E131/><V49/><F49/><W48/><G51/><T5/><AGARI ba="0,0" hai="5,11,12,50,55,57,88,95,98,120,121" m="43114" machi="5" ten="30,3000,0" yaku="15,1,54,1" doraHai="71" who="0" fromWho="0" sc="345,30,245,-10,333,-10,77,-10" /><INIT seed="4,1,0,3,1,70" ten="375,235,323,67" oya="0" hai0="119,126,84,1,120,54,56,124,127,7,103,105,131" hai1="92,44,8,85,37,77,33,61,102,4,34,82,100" hai2="109,72,0,68,113,26,39,86,106,108,75,115,69" hai3="78,12,130,29,25,135,114,27,97,132,13,53,9"/><T71/><D71/><N who="2" m="27210" /><F86/><W107/><G78/><T16/><D119/><U94/><E61/><V134/><F134/><N who="3" m="51243" /><G53/><T88/><D120/><U40/><E94/><V60/><F60/><W20/><G97/><N who="0" m="61679" /><D7/><U57/><E57/><V122/><F122/><W80/><G80/><N who="0" m="49159" /><D1/><U59/><E59/><V50/><F106/><W128/><G107/><T15/><D131/><N who="3" m="50217" /><G114/><N who="2" m="43529" /><F50/><W110/><G110/><N who="2" m="42601" /><F26/><N who="3" m="16583" /><G13/><T96/><D96/><U38/><E100/><V111/><F111/><W83/><G83/><T89/><D89/><U51/><E92/><V22/><F39/><N who="1" m="14857" /><E102/><V10/><F22/><W99/><G99/><T112/><D112/><U66/><E66/><V42/><F42/><W104/><G104/><T73/><D73/><U64/><E64/><V101/><F101/><W129/><N who="3" m="50225" /><W98/><DORA hai="90" /><G98/><T32/><D56/><U3/><E3/><V55/><F55/><W2/><G2/><T95/><D95/><U58/><E58/><V19/><F0/><W116/><G116/><T31/><D54/><U14/><AGARI ba="1,0" hai="4,8,14,33,34,40,44,51,77,82,85" m="14857" machi="14" ten="30,7900,0" yaku="25,1,52,3" doraHai="70,90" who="1" fromWho="1" sc="375,-40,235,82,323,-21,67,-21" /><INIT seed="5,0,0,3,2,114" ten="335,317,302,46" oya="1" hai0="105,2,133,83,91,48,86,109,77,85,33,132,89" hai1="115,123,95,18,102,65,103,47,104,24,11,42,35" hai2="66,118,21,37,130,128,26,100,55,82,119,3,67" hai3="49,45,78,61,116,111,16,96,126,134,60,8,54"/><U44/><E123/><V19/><F37/><W51/><G111/><T71/><D71/><U52/><E104/><V58/><F3/><W64/><G78/><T13/><D2/><U28/><E115/><V87/><F100/><W68/><G96/><T0/><D0/><U73/><E65/><V23/><F23/><W32/><G32/><T113/><D33/><U84/><E73/><V41/><F41/><N who="3" m="24751" /><G16/><T6/><D113/><U22/><E11/><V27/><F27/><W94/><G94/><N who="0" m="54575" /><D105/><U46/><E42/><V88/><F66/><N who="3" m="41039" /><G8/><N who="0" m="4247" /><D48/><N who="1" m="28703" /><E35/><V135/><F67/><W106/><G106/><T121/><D109/><U70/><E70/><V38/><F38/><W34/><G34/><T63/><D63/><U59/><E59/><V40/><F40/><W90/><G90/><T57/><D57/><U25/><E25/><V9/><F9/><W122/><G122/><T7/><D7/><U124/><E18/><V93/><F82/><W92/><G92/><T1/><D1/><U56/><E56/><V97/><F87/><W81/><G81/><T117/><D121/><U30/><E30/><V131/><F135/><N who="0" m="51786" /><D77/><U29/><E103/><V110/><F110/><W20/><G20/><T43/><D43/><U107/><E107/><V76/><F76/><W108/><G108/><T120/><D120/><U69/><E69/><V75/><F75/><W39/><G134/><T79/><D79/><U31/><E102/><V101/><F101/><W14/><G39/><T53/><D53/><U12/><E22/><V62/><AGARI ba="0,0" hai="19,21,26,55,58,62,88,93,97,118,119,128,130,131" machi="62" ten="30,12000,2" yaku="0,1,25,2,19,1,52,2,54,1" doraHai="114" who="2" fromWho="2" sc="335,-30,317,-60,302,120,46,-30" /><INIT seed="6,0,0,0,4,55" ten="305,257,422,16" oya="2" hai0="99,85,130,44,34,14,108,29,62,115,12,37,76" hai1="36,58,118,23,38,93,0,74,20,97,129,116,11" hai2="49,27,95,57,42,71,94,101,33,56,103,132,65" hai3="48,2,105,109,66,79,110,91,72,114,119,39,63"/><V19/><F71/><W89/><G48/><T18/><D108/><U107/><E74/><V87/><F132/><W46/><G119/><T40/><D115/><U126/><E107/><V120/><F33/><W81/><G114/><T102/><D130/><U60/><E129/><V6/><F6/><W128/><G128/><T26/><D76/><U67/><E126/><V1/><F1/><W78/><G2/><T10/><D85/><U122/><E122/><V25/><F87/><W43/><G105/><T80/><D80/><U35/><E35/><V127/><F127/><W70/><REACH who="3" step="1"/><G79/><REACH who="3" ten="305,257,422,6" step="2"/><T84/><D37/><U7/><E38/><V53/><F49/><W21/><G21/><T83/><D34/><U69/><E36/><V17/><F42/><W113/><G113/><T117/><D117/><U61/><E23/><V9/><F9/><W5/><G5/><T104/><D62/><U121/><E121/><V82/><F120/><W106/><G106/><T111/><D111/><AGARI ba="0,1" hai="39,43,46,63,66,70,72,78,81,89,91,109,110,111" machi="111" ten="40,1300,0" yaku="1,1,53,0" doraHai="55" doraHaiUra="47" who="3" fromWho="0" sc="305,-13,257,0,422,0,6,23" /><INIT seed="7,0,0,4,1,9" ten="292,257,422,29" oya="3" hai0="41,58,100,97,40,46,27,111,115,1,8,76,36" hai1="93,0,98,72,11,88,120,103,119,10,28,114,15" hai2="38,65,23,126,52,124,132,71,87,59,3,118,25" hai3="35,82,55,92,26,37,14,53,123,67,74,79,21"/><W68/><G123/><T13/><D111/><U130/><E120/><V86/><F3/><W73/><G73/><T54/><D115/><U84/><E72/><V42/><F118/><W6/><G37/><T99/><D41/><U122/><E122/><V24/><F132/><W18/><G92/><T49/><D76/><U95/><E130/><V83/><F71/><W43/><G43/><T94/><D27/><U60/><E114/><V133/><F133/><W110/><G110/><T134/><D134/><U29/><E119/><V121/><F65/><W34/><G6/><T75/><D75/><U109/><E109/><V90/><F121/><W101/><G101/><T12/><REACH who="0" step="1"/><D99/><REACH who="0" ten="282,257,422,29" step="2"/><U48/><E10/><V105/><F42/><W129/><G129/><T106/><D106/><U107/><E0/><V89/><F25/><W5/><G5/><AGARI ba="0,1" hai="1,5,8,12,13,36,40,46,49,54,58,94,97,100" machi="5" ten="40,5200,0" yaku="1,1,52,2,53,0" doraHai="9" doraHaiUra="22" who="0" fromWho="3" sc="282,62,257,0,422,0,29,-52" owari="344,14.0,257,-14.0,422,52.0,-23,-52.0" /></mjloggm>