<mjloggm ver="2.3"><GO type="169" lobby="0"/><UN n0="%E8%A1%A8%E8%A3%8F%E8%A3%8F" n1="%74%6E%66%73%68%32%30%34" n2="%40%75" n3="%E3%83%88%E3%83%88%E3%83%AA%E5%85%88%E7%94%9F%31%39%E6%AD%B3" dan="17,18,16,18" rate="2159.85,2232.29,2138.40,2184.17" sx="M,M,F,F"/><TAIKYOKU oya="0"/><INIT seed="0,0,0,2,0,1" ten="250,250,250,250" oya="0" hai0="75,92,116,128,53,57,3,31,78,11,89,6,85" hai1="27,5,17,13,46,18,44,40,115,52,113,122,109" hai2="0,66,103,111,107,131,114,110,28,2,133,124,49" hai3="58,61,132,98,119,123,135,91,87,67,120,71,63"/><T47/><D116/><U93/><E122/><N who="3" m="46634" /><G98/><T99/><D128/><U68/><E68/><V130/><F66/><N who="3" m="41439" /><G87/><T73/><D31/><U125/><E125/><V62/><F103/><W77/><G91/><T76/><D47/><U20/><E109/><V42/><F107/><W105/><G77/><T30/><D30/><U37/><E93/><V104/><F104/><W96/><G96/><T23/><D23/><U22/><E46/><V127/><F28/><W15/><G15/><T32/><D32/><U101/><E101/><V25/><F25/><W72/><G72/><T79/><REACH who="0" step="1"/><D85/><REACH who="0" ten="240,250,250,250" step="2"/><U97/><E22/><V80/><F131/><W84/><G84/><T39/><D39/><U8/><E37/><V33/><F33/><W38/><G38/><T45/><D45/><U74/><E74/><V95/><F130/><W59/><G119/><T118/><D118/><U4/><E40/><V35/><F35/><W108/><G108/><T10/><D10/><U24/><E97/><V117/><F111/><W94/><G105/><T86/><D86/><U83/><E27/><V70/><F110/><W29/><G29/><T90/><D90/><U19/><E20/><V21/><F21/><W126/><G94/><T12/><D12/><U9/><E24/><V112/><F95/><W43/><G43/><T64/><D64/><U69/><E83/><V16/><F117/><W60/><G126/><T48/><AGARI ba="0,1" hai="3,6,11,48,53,57,73,75,76,78,79,89,92,99" machi="48" ten="30,6000,0" yaku="1,1,0,1,52,1,53,0" doraHai="1" doraHaiUra="134" who="0" fromWho="0" sc="240,70,250,-20,250,-20,250,-20" /><INIT seed="0,1,0,5,0,113" ten="310,230,230,230" oya="0" hai0="119,115,31,100,97,38,21,98,55,29,8,131,15" hai1="92,120,114,80,93,86,103,75,84,110,108,125,95" hai2="53,76,68,96,25,73,61,4,32,54,91,105,19" hai3="46,51,41,3,23,37,109,52,118,112,77,121,135"/><T26/><D115/><U129/><E120/><V71/><F4/><W124/><G112/><T0/><D131/><U69/><E114/><V59/><F53/><W123/><G3/><T1/><D38/><U9/><E69/><V45/><F45/><N who="3" m="23727" /><G77/><T134/><D134/><U40/><E40/><V74/><F74/><W130/><G23/><T64/><D29/><U58/><E9/><V83/><F19/><W132/><G130/><T70/><D97/><U62/><E129/><V111/><F111/><N who="1" m="42537" /><E125/><V12/><F12/><W5/><G5/><T47/><D70/><U14/><E14/><V20/><F32/><W13/><G13/><T65/><D0/><U87/><E58/><V42/><F42/><N who="3" m="25047" /><G109/><T30/><D1/><U101/><E62/><V17/><REACH who="2" step="1"/><F105/><REACH who="2" ten="310,230,220,230" step="2"/><W104/><G104/><N who="0" m="63511" /><D15/><U82/><E75/><V85/><F85/><W44/><G124/><T122/><D30/><U127/><E127/><V10/><F10/><W7/><G7/><T128/><D8/><U72/><E72/><V39/><F39/><W133/><G44/><T90/><D47/><U49/><E49/><V94/><AGARI ba="1,1" hai="17,20,25,54,59,61,68,71,73,76,83,91,94,96" machi="94" ten="30,8000,1" yaku="1,1,0,1,25,2,53,1" doraHai="113" doraHaiUra="107" who="2" fromWho="2" sc="310,-41,230,-21,220,93,230,-21" /><INIT seed="1,0,0,5,2,97" ten="269,209,313,209" oya="1" hai0="77,80,33,24,83,38,31,127,90,9,20,42,34" hai1="29,68,60,14,75,19,59,25,70,30,132,57,108" hai2="53,48,118,128,12,82,104,40,131,21,65,44,28" hai3="2,22,15,74,101,98,58,102,105,126,49,84,86"/><U18/><E75/><V8/><F104/><W16/><G74/><T109/><D127/><U92/><E132/><V32/><F118/><W54/><G2/><T27/><D109/><U47/><E108/><V0/><F65/><W117/><G126/><T64/><D64/><U4/><E47/><V114/><F114/><W72/><G72/><T23/><D9/><U134/><E134/><V79/><F32/><W124/><G124/><T115/><D115/><U122/><E122/><V6/><F0/><W87/><G117/><T52/><D77/><U7/><E92/><V51/><F28/><W62/><REACH who="3" step="1"/><G102/><REACH who="3" ten="269,209,313,199" step="2"/><T96/><D34/><U81/><E14/><V3/><F3/><W35/><G35/><T85/><D33/><U56/><E25/><V116/><F116/><W43/><G43/><T107/><D42/><U55/><E68/><V91/><F40/><W95/><G95/><T129/><D27/><U88/><E70/><V61/><F12/><W76/><G76/><T10/><D24/><U125/><E125/><V1/><F79/><W26/><G26/><T89/><D31/><U123/><E30/><V39/><F1/><W73/><G73/><T133/><D133/><U120/><E29/><V17/><F91/><W111/><G111/><T78/><D89/><U41/><E41/><V94/><F94/><W113/><G113/><T71/><D90/><U63/><E123/><V112/><F112/><W50/><AGARI ba="0,1" hai="15,16,22,49,50,54,58,62,84,86,87,98,101,105" machi="50" ten="30,8000,1" yaku="1,1,0,1,52,1,54,1,53,1" doraHai="97" doraHaiUra="13" who="3" fromWho="3" sc="269,-20,209,-40,313,-20,199,90" /><INIT seed="2,0,0,5,5,99" ten="249,169,293,289" oya="2" hai0="65,67,53,85,61,111,96,121,54,113,26,6,40" hai1="12,11,98,129,29,58,37,79,90,22,28,94,95" hai2="49,93,27,15,82,44,104,34,64,45,116,109,125" hai3="70,59,112,78,86,1,71,91,46,43,108,16,5"/><V68/><F116/><W41/><G108/><T3/><D113/><U83/><E37/><V57/><F125/><W76/><G112/><T4/><D111/><U92/><E129/><V106/><F109/><W81/><G59/><T126/><D121/><U8/><E58/><V114/><F114/><W23/><G5/><T130/><D130/><U134/><E134/><V122/><F122/><W31/><G1/><T101/><D40/><U35/><E35/><V69/><F15/><W133/><G31/><T20/><D85/><N who="1" m="48383" /><E11/><V75/><F69/><W119/><G43/><T62/><D126/><U0/><E0/><V30/><F68/><W123/><G133/><T10/><D6/><N who="1" m="3095" /><E29/><V25/><F93/><W47/><G47/><T74/><D74/><U39/><E39/><V72/><F45/><W128/><G119/><T50/><D65/><U52/><E52/><V66/><F75/><W60/><G128/><T9/><D9/><U131/><E131/><V100/><F44/><W21/><G123/><T32/><D32/><U117/><E117/><V120/><F106/><W38/><G70/><T102/><D67/><U132/><E132/><V97/><F120/><W13/><G71/><T55/><D50/><U110/><E110/><V87/><F72/><W7/><G7/><T17/><D61/><U84/><E84/><V124/><F124/><W80/><G60/><T135/><D135/><U89/><E98/><V118/><F118/><W24/><G80/><T73/><D73/><U36/><E36/><V115/><F115/><W33/><G33/><T127/><D127/><U105/><E105/><RYUUKYOKU ba="0,0" sc="249,-15,169,15,293,-15,289,15" hai1="22,28,89,90,92,94,95" hai3="13,16,21,23,24,38,41,46,76,78,81,86,91" /><INIT seed="3,1,0,5,3,50" ten="234,184,278,304" oya="3" hai0="47,118,55,73,37,95,1,125,33,90,79,92,93" hai1="122,6,28,42,38,48,87,83,46,36,106,9,49" hai2="110,52,7,54,85,3,132,128,72,14,99,71,30" hai3="94,67,18,62,84,134,116,112,108,8,102,113,2"/><W103/><G116/><T127/><D118/><U88/><E106/><V20/><F72/><W12/><G134/><T25/><D1/><U107/><E107/><V81/><F71/><W65/><G2/><T98/><D33/><U22/><E122/><V15/><F132/><W13/><G108/><T100/><D25/><U35/><E35/><V16/><F110/><W123/><G123/><T86/><D37/><U76/><E38/><V64/><F64/><N who="3" m="24651" /><G113/><T117/><D117/><U29/><E76/><V51/><F128/><W133/><G112/><T11/><D11/><U97/><E97/><V45/><F3/><W77/><G62/><T78/><D73/><U135/><E135/><V5/><F99/><W59/><G59/><T0/><D0/><U91/><E91/><V17/><F30/><W126/><G126/><N who="0" m="48139" /><D47/><U39/><E39/><V41/><F7/><N who="3" m="3103" /><G133/><T130/><D130/><U26/><E29/><V60/><F60/><W82/><G94/><N who="0" m="36459" /><D55/><U101/><E101/><V56/><F5/><W89/><G13/><AGARI ba="1,0" hai="6,9,13,22,26,28,36,42,46,48,49,83,87,88" machi="13" ten="30,2000,0" yaku="7,1,54,1" doraHai="50" who="1" fromWho="3" sc="234,0,184,23,278,0,304,-23" /><INIT seed="4,0,0,1,0,70" ten="234,207,278,281" oya="0" hai0="79,99,76,47,132,3,92,106,84,16,72,81,113" hai1="2,20,43,58,5,78,100,82,74,51,124,129,26" hai2="115,50,105,94,128,85,52,23,96,61,37,98,54" hai3="21,9,73,101,97,119,55,90,91,36,44,40,6"/><T56/><D132/><U89/><E129/><V29/><F37/><W114/><G119/><T45/><D113/><U62/><E124/><V28/><F115/><W126/><G126/><T1/><D106/><U88/><E100/><V4/><F128/><W11/><G114/><T35/><D35/><U57/><E2/><V104/><F4/><W7/><G55/><T25/><D76/><U123/><E5/><V19/><F105/><W65/><G65/><T10/><D72/><U69/><E69/><V13/><F104/><W131/><G131/><T95/><D95/><U127/><E123/><V49/><F61/><W103/><G21/><N who="0" m="13479" /><D1/><U107/><E107/><V64/><F64/><W48/><G73/><T120/><D3/><U68/><E68/><V110/><F110/><W135/><G135/><T27/><D10/><U66/><E127/><V41/><F41/><W117/><G117/><T22/><D56/><U134/><E134/><V30/><F85/><W24/><G9/><T111/><D111/><U116/><E116/><V102/><F98/><W18/><G97/><T53/><D53/><AGARI ba="0,0" hai="13,19,23,28,29,30,49,50,52,53,54,94,96,102" machi="53" ten="40,2600,0" yaku="8,1,54,1" doraHai="70" who="2" fromWho="0" sc="234,-26,207,0,278,26,281,0" /><INIT seed="5,0,0,1,2,14" ten="208,207,304,281" oya="1" hai0="100,88,0,64,27,132,5,98,84,57,36,44,90" hai1="56,121,105,8,125,26,66,58,70,133,131,120,76" hai2="30,68,82,117,77,1,108,122,63,37,109,42,23" hai3="43,89,62,20,38,74,18,114,46,101,22,61,15"/><U47/><E105/><V72/><F117/><W3/><G3/><T110/><D110/><U83/><E125/><V31/><F122/><W93/><G74/><T12/><D0/><U86/><E131/><V4/><F31/><W119/><G119/><T135/><D27/><U96/><E133/><N who="0" m="51273" /><D64/><U103/><E70/><V113/><F30/><W32/><G32/><T49/><D36/><U52/><E26/><V50/><F50/><W128/><G128/><T106/><D57/><U6/><E47/><N who="2" m="24015" /><F23/><W40/><G114/><T16/><D5/><U79/><E79/><V34/><F34/><W115/><G115/><T55/><D84/><U129/><E129/><V80/><F80/><W78/><G61/><T107/><D106/><U2/><E58/><V111/><F113/><W75/><G62/><T67/><D67/><U28/><E28/><V13/><F13/><W85/><G38/><T92/><D92/><U118/><E66/><N who="2" m="41055" /><F4/><W54/><G46/><T60/><D60/><U17/><E118/><V48/><F48/><W39/><G39/><T41/><D41/><U81/><E81/><V11/><F1/><W104/><G43/><T71/><D71/><U59/><E59/><V9/><F111/><W126/><G40/><T112/><D112/><U127/><E56/><V65/><F65/><W25/><G104/><T134/><N who="0" m="51281" /><T53/><DORA hai="102" /><D53/><U94/><E52/><V10/><F109/><W21/><G54/><T33/><D33/><U116/><E116/><V45/><F45/><W24/><G25/><T97/><D97/><U130/><E130/><V29/><F108/><RYUUKYOKU ba="0,0" sc="208,15,207,-15,304,15,281,-15" hai0="12,16,44,49,55,88,90,98,100,107" hai2="9,10,11,29,72,77,82" /><INIT seed="6,1,0,5,5,40" ten="223,192,319,266" oya="2" hai0="79,96,15,33,29,98,51,112,77,44,48,103,110" hai1="34,52,59,26,71,89,91,99,105,30,41,121,45" hai2="3,126,7,82,23,22,113,10,124,28,18,56,76" hai3="2,20,115,108,19,95,104,90,114,38,5,17,1"/><V86/><F113/><N who="3" m="43019" /><G108/><T4/><D110/><U125/><E71/><V133/><F133/><W127/><G104/><T131/><D131/><U78/><E125/><V67/><F28/><W16/><G127/><T43/><D112/><U42/><E42/><V116/><F116/><W62/><G38/><T132/><D132/><U128/><E128/><V27/><F67/><W37/><G37/><T135/><D135/><U58/><E58/><V111/><F111/><W84/><G5/><T106/><D33/><U54/><E78/><N who="0" m="29705" /><D106/><U88/><E121/><V100/><F100/><W39/><G39/><T102/><D29/><U101/><REACH who="1" step="1"/><E59/><REACH who="1" ten="223,182,319,266" step="2"/><V6/><F56/><W25/><G62/><T80/><D43/><U9/><E9/><V87/><F126/><W93/><G93/><T21/><D80/><U119/><E119/><V85/><F124/><W74/><G74/><T53/><D53/><U83/><E83/><V24/><F10/><W31/><AGARI ba="1,1" hai="1,2,16,17,19,20,25,31,84,90,95" m="43019" machi="31" ten="30,4000,0" yaku="15,1,11,1,54,1" doraHai="40" who="3" fromWho="3" sc="223,-11,182,-11,319,-21,266,53" /><INIT seed="7,0,0,2,5,41" ten="212,171,298,319" oya="3" hai0="66,73,115,103,37,110,123,129,81,76,62,53,84" hai1="54,5,113,17,20,27,23,105,124,51,79,28,68" hai2="2,78,33,102,47,97,16,58,101,56,15,131,85" hai3="13,43,59,61,36,116,24,98,63,71,34,126,135"/><W10/><G116/><T132/><D123/><U134/><E105/><V70/><F2/><W77/><G135/><T107/><D110/><U0/><E68/><V31/><F70/><W4/><G126/><T92/><D132/><U112/><E134/><V42/><F131/><W133/><G133/><T14/><D37/><U127/><E79/><V11/><F31/><W75/><G71/><T87/><D129/><U120/><E120/><V119/><F33/><W96/><G63/><T117/><D107/><U45/><E5/><V49/><F119/><W125/><G125/><T8/><D117/><U72/><E72/><V26/><F26/><W114/><G114/><N who="1" m="44138" /><E0/><V22/><F22/><W7/><G7/><T95/><D115/><U1/><E1/><V104/><F102/><W18/><G77/><T9/><D73/><U109/><E109/><V39/><F39/><W82/><G82/><T94/><D76/><U118/><E118/><V67/><F67/><N who="3" m="39359" /><G75/><T90/><D66/><U3/><E3/><V74/><REACH who="2" step="1"/><F74/><REACH who="2" ten="212,171,288,319" step="2"/><W38/><G38/><T86/><D103/><U21/><E21/><V93/><F93/><W122/><G122/><T80/><D94/><U111/><E111/><V25/><F25/><W57/><G34/><T40/><D95/><U121/><E121/><V83/><AGARI ba="0,1" hai="11,15,16,42,47,49,56,58,78,83,85,97,101,104" machi="83" ten="30,7900,0" yaku="1,1,0,1,52,1,54,1,53,0" doraHai="41" doraHaiUra="91" who="2" fromWho="2" sc="212,-20,171,-20,288,89,319,-39" owari="192,-21.0,151,-35.0,377,48.0,280,8.0" /></mjloggm>