<mjloggm ver="2.3"><GO type="169" lobby="0"/><UN n0="%E6%96%B0%E5%AE%BF%E6%96%B9%E9%9D%A2" n1="%70%69%6E%70%69%6E%36" n2="%E3%83%88%E3%83%88%E3%83%AA%E5%85%88%E7%94%9F%31%39%E6%AD%B3" n3="%E3%81%BF%E3%81%A3%E3%81%8F%E3%82%8D%E3%83%BC%E3%82%93" dan="16,16,18,16" rate="2146.35,2118.90,2185.70,2051.50" sx="M,M,F,M"/><TAIKYOKU oya="0"/><INIT seed="0,0,0,5,2,44" ten="250,250,250,250" oya="0" hai0="106,17,99,114,91,90,83,134,36,55,45,133,67" hai1="60,112,50,43,15,71,116,95,73,49,34,100,77" hai2="111,132,2,24,47,57,37,19,96,113,4,26,54" hai3="39,56,23,115,122,28,102,27,22,48,130,123,29"/><T9/><D114/><U41/><E116/><V84/><F113/><W104/><G115/><T12/><D67/><U108/><E108/><V78/><F111/><W30/><G39/><T80/><D106/><U13/><E112/><V64/><F132/><N who="0" m="50794" /><D36/><U25/><E77/><V32/><F64/><W120/><G130/><T33/><D33/><U46/><E73/><V59/><F4/><W79/><G79/><T75/><D75/><U93/><E46/><V81/><F2/><W5/><G5/><T118/><D118/><U0/><E0/><V20/><F37/><W85/><G104/><T35/><D35/><U21/><E21/><V98/><F47/><W131/><G131/><T124/><D124/><U105/><E105/><V40/><F59/><W127/><G127/><T66/><D66/><U92/><E34/><V129/><F40/><N who="1" m="15433" /><E25/><V18/><F129/><W8/><G8/><T1/><D1/><U72/><E72/><V76/><F76/><W63/><G23/><T135/><N who="0" m="50802" /><T89/><DORA hai="101" /><D99/><U65/><E71/><V52/><F32/><W53/><G85/><N who="0" m="50367" /><D80/><U109/><E109/><V103/><F96/><W128/><G128/><T42/><D42/><U86/><E100/><V68/><F103/><W38/><G38/><T7/><D7/><U119/><E119/><V82/><F78/><W61/><REACH who="3" step="1"/><G102/><REACH who="3" ten="250,250,250,240" step="2"/><T107/><D107/><U58/><E86/><V74/><F84/><W11/><G11/><T69/><D69/><U70/><E70/><V10/><F68/><W117/><G117/><T125/><D125/><U51/><AGARI ba="0,1" hai="13,15,49,50,51,58,60,65,92,93,95" m="15433" machi="51" ten="40,8000,1" yaku="8,1,52,3" doraHai="44,101" who="1" fromWho="1" sc="250,-40,250,90,250,-20,240,-20" /><INIT seed="1,0,0,5,3,88" ten="210,340,230,220" oya="1" hai0="44,19,135,30,124,35,42,96,63,104,65,122,23" hai1="47,3,5,49,119,12,17,110,125,75,93,130,100" hai2="51,37,126,80,87,102,45,48,134,18,57,24,105" hai3="89,54,4,6,106,33,111,32,9,36,21,131,25"/><U128/><E119/><V73/><F73/><W40/><G106/><T92/><D104/><U103/><E125/><V53/><F126/><W72/><G131/><N who="1" m="50218" /><E110/><V10/><F134/><W38/><G72/><T77/><D135/><U39/><E39/><V90/><F37/><W112/><G112/><T108/><D124/><U120/><E120/><V56/><F105/><W8/><G40/><T82/><D108/><U59/><E59/><V127/><F127/><W132/><G54/><T118/><D118/><U41/><E75/><V64/><F102/><W7/><G111/><T114/><D114/><U2/><E5/><V81/><F64/><W116/><G116/><T27/><D122/><U99/><E103/><V98/><F98/><W52/><G52/><T11/><D11/><AGARI ba="0,0" hai="2,3,11,12,17,41,47,49,93,99,100" m="50218" machi="11" ten="30,2900,0" yaku="19,1,52,1" doraHai="88" who="1" fromWho="0" sc="210,-29,340,29,230,0,220,0" /><INIT seed="1,1,0,3,5,59" ten="181,369,230,220" oya="1" hai0="128,81,57,103,9,107,72,35,69,64,18,116,49" hai1="92,129,67,104,25,76,109,89,119,22,79,65,131" hai2="48,32,90,0,28,101,93,5,58,63,54,2,123" hai3="84,51,27,105,125,130,108,62,29,110,10,41,114"/><U96/><E119/><V24/><F123/><W6/><G114/><T36/><D116/><U118/><E118/><V80/><F101/><W45/><G105/><T7/><D35/><U68/><E109/><V52/><F80/><W83/><G125/><T94/><D36/><U16/><E104/><V31/><F31/><W3/><G130/><N who="1" m="49674" /><E68/><V23/><F32/><W21/><G62/><T44/><D107/><U135/><E135/><V134/><F134/><W20/><REACH who="3" step="1"/><G21/><REACH who="3" ten="181,369,230,210" step="2"/><T40/><D128/><U56/><E56/><V132/><F132/><W61/><G61/><T12/><D69/><U126/><E126/><V99/><F5/><W19/><G19/><T111/><D111/><U73/><E73/><V55/><REACH who="2" step="1"/><F48/><REACH who="2" ten="181,369,220,210" step="2"/><W115/><G115/><T60/><D7/><U124/><E124/><V98/><F98/><W120/><G120/><T88/><D72/><U100/><E100/><V53/><AGARI ba="1,2" hai="0,2,23,24,28,52,53,54,55,58,63,90,93,99" machi="53" ten="30,7900,0" yaku="1,1,0,1,52,1,54,1,53,0" doraHai="59" doraHaiUra="112" who="2" fromWho="2" sc="181,-21,369,-40,220,102,210,-21" /><INIT seed="2,0,0,2,0,37" ten="160,329,322,189" oya="2" hai0="68,115,38,62,94,105,31,89,4,57,77,69,30" hai1="102,49,2,101,118,8,79,74,9,40,71,85,97" hai2="117,7,23,64,56,42,44,55,58,66,25,82,114" hai3="104,113,67,45,35,81,121,73,0,18,90,17,36"/><V65/><F114/><W87/><G121/><T20/><D115/><U83/><E118/><V127/><F117/><W96/><G113/><T29/><D105/><U107/><E71/><V103/><F127/><W131/><G131/><T59/><D38/><U54/><E101/><V39/><F7/><W134/><G134/><T133/><D133/><U14/><E2/><V72/><F103/><W13/><G35/><T63/><D77/><U46/><E74/><V34/><F34/><W41/><G0/><T106/><D106/><U129/><E129/><V128/><F128/><W124/><G67/><T116/><D4/><N who="1" m="3335" /><E9/><V12/><F12/><W11/><G73/><T112/><D112/><U15/><E15/><V119/><F119/><W26/><G124/><T126/><D126/><U80/><E80/><V21/><F55/><AGARI ba="0,0" hai="40,46,49,54,55,79,83,85,97,102,107" m="3335" machi="55" ten="30,2000,0" yaku="25,1,52,1" doraHai="37" who="1" fromWho="2" sc="160,0,329,20,322,-20,189,0" /><INIT seed="3,0,0,4,5,114" ten="160,349,302,189" oya="3" hai0="45,62,118,72,66,40,42,90,43,115,34,103,6" hai1="80,41,122,89,105,48,124,17,13,111,101,71,37" hai2="19,116,107,73,91,0,63,92,127,85,96,70,133" hai3="113,24,129,29,11,117,33,53,120,25,3,67,79"/><W59/><G113/><T134/><D115/><U106/><E111/><V31/><F0/><W44/><G120/><T49/><D34/><U47/><E122/><V94/><F73/><W75/><G129/><T97/><D72/><U5/><E124/><V54/><F127/><W135/><G135/><T81/><D6/><U7/><E71/><V65/><F133/><W14/><G25/><T69/><D134/><U39/><E39/><V88/><F116/><W108/><G67/><T15/><D15/><U131/><E131/><V76/><F76/><W61/><G3/><T32/><D32/><U23/><E37/><V102/><F54/><W68/><G68/><T74/><D118/><U35/><E35/><V22/><F31/><W123/><G123/><T27/><D27/><U51/><E51/><V36/><F36/><W60/><G44/><T110/><D110/><U18/><E18/><V128/><F128/><W93/><G93/><T130/><D130/><U132/><E132/><V64/><F64/><W10/><G117/><T56/><D69/><U2/><E2/><V82/><REACH who="2" step="1"/><F91/><REACH who="2" ten="160,349,292,189" step="2"/><W100/><G108/><T104/><REACH who="0" step="1"/><D90/><REACH who="0" ten="150,349,292,189" step="2"/><U16/><E89/><V99/><F99/><W77/><G79/><AGARI ba="0,2" hai="40,42,43,45,49,56,62,66,74,79,81,97,103,104" machi="79" ten="40,2600,0" yaku="1,1,2,1,53,0" doraHai="114" doraHaiUra="20" who="0" fromWho="3" sc="150,46,349,0,292,0,189,-26" /><INIT seed="4,0,0,4,4,78" ten="196,349,292,163" oya="0" hai0="95,6,88,23,105,12,51,5,43,83,111,85,114" hai1="113,130,16,116,40,19,35,92,103,2,33,127,87" hai2="63,108,93,48,66,24,15,72,10,70,27,34,32" hai3="0,135,91,55,77,57,18,41,82,79,71,129,69"/><T102/><D114/><U99/><E116/><V97/><F108/><W37/><G129/><T67/><D111/><U44/><E127/><V60/><F72/><W20/><G135/><T74/><D67/><U73/><E73/><V26/><F48/><W53/><G0/><T128/><D128/><U45/><E130/><V120/><F63/><W56/><G91/><T106/><D106/><U61/><E2/><V117/><F120/><W68/><G56/><T17/><D105/><U112/><E61/><V31/><F34/><W22/><G79/><T65/><D65/><U90/><E33/><V8/><F8/><W39/><G22/><T30/><D74/><U121/><E35/><V89/><REACH who="2" step="1"/><F117/><REACH who="2" ten="196,349,282,163" step="2"/><W76/><G39/><T49/><D49/><U122/><E122/><V42/><F42/><W50/><G37/><T58/><D43/><U11/><E121/><V107/><F107/><W9/><G9/><N who="0" m="6287" /><D51/><U25/><E112/><V64/><F64/><W100/><G41/><T134/><D134/><U109/><E113/><V80/><F80/><W13/><G55/><T101/><D58/><U38/><E109/><V84/><F84/><W131/><G131/><T3/><D95/><N who="1" m="58879" /><E40/><V81/><F81/><W75/><G57/><T133/><D133/><U7/><E38/><V104/><F104/><W124/><G50/><T14/><D85/><U86/><E86/><V46/><F46/><W115/><G75/><T94/><D83/><U110/><E110/><V21/><F21/><W126/><G115/><T4/><D94/><U132/><E132/><V125/><F125/><W119/><G126/><RYUUKYOKU ba="0,1" sc="196,-10,349,-10,282,30,163,-10" hai2="10,15,24,26,27,31,32,60,66,70,89,93,97" /><INIT seed="5,1,1,3,4,0" ten="186,339,312,153" oya="1" hai0="132,80,41,100,17,19,69,44,113,118,28,125,88" hai1="66,105,42,77,115,116,18,62,76,84,11,51,129" hai2="110,1,36,14,40,29,111,82,55,63,22,37,59" hai3="74,52,8,124,101,75,33,27,106,26,121,57,35"/><U127/><E116/><V24/><F1/><W98/><G124/><T2/><D118/><U58/><E127/><V73/><F73/><W6/><G121/><T128/><D125/><U119/><E119/><V13/><F82/><W90/><G90/><T4/><D69/><U67/><E115/><V5/><F13/><W93/><G106/><T72/><D28/><U12/><E105/><V99/><F99/><W21/><G27/><T83/><D100/><U103/><E103/><V123/><F123/><W97/><G98/><T50/><D113/><U56/><E129/><V9/><REACH who="2" step="1"/><F40/><REACH who="2" ten="186,339,302,153" step="2"/><W135/><G135/><T108/><D132/><U23/><E84/><V30/><F30/><W117/><G117/><T78/><D128/><U81/><E81/><V70/><F70/><W65/><G75/><T34/><D83/><U20/><E42/><V49/><F49/><W91/><G74/><T47/><D80/><U92/><E51/><V68/><F68/><W7/><G97/><T89/><D72/><U25/><E92/><V96/><F96/><W104/><G101/><T3/><D50/><U60/><REACH who="1" step="1"/><E20/><REACH who="1" ten="186,329,302,153" step="2"/><V32/><F32/><W43/><G104/><T53/><D41/><U48/><E48/><V38/><AGARI ba="1,3" hai="5,9,14,22,24,29,36,37,38,55,59,63,110,111" machi="38" ten="30,12000,2" yaku="1,1,0,1,52,1,53,3" doraHai="0" doraHaiUra="71" who="2" fromWho="2" sc="186,-31,329,-61,302,153,153,-31" /><INIT seed="6,0,0,0,5,64" ten="155,268,455,122" oya="2" hai0="2,104,47,22,72,97,66,129,33,11,102,35,91" hai1="15,121,84,101,67,38,5,98,115,16,85,133,3" hai2="114,88,78,116,9,65,126,128,19,6,111,62,1" hai3="69,46,125,58,17,53,81,10,117,25,43,8,118"/><V90/><F116/><W59/><G125/><T107/><D104/><U106/><E115/><V96/><F114/><W48/><G59/><T75/><D91/><U50/><E38/><V134/><F126/><W124/><G124/><T27/><D22/><U80/><E133/><V76/><F134/><W61/><G81/><T13/><D129/><U34/><E34/><V89/><F128/><W57/><G57/><T123/><D123/><U36/><E36/><V14/><F111/><W49/><G8/><T60/><D47/><U39/><E39/><V103/><F19/><W109/><G109/><T21/><D21/><U4/><E67/><V113/><F1/><W51/><G49/><T110/><D110/><U37/><E37/><V73/><F113/><W82/><G82/><T108/><D108/><U63/><E63/><V87/><F73/><W74/><G74/><T79/><D79/><U70/><E70/><V120/><F87/><W68/><G25/><T40/><D40/><U32/><E32/><N who="0" m="12361" /><D13/><U23/><E3/><V0/><F0/><W132/><G132/><T29/><D27/><U86/><E121/><V18/><F6/><W130/><G130/><T99/><D29/><U54/><REACH who="1" step="1"/><E80/><REACH who="1" ten="155,258,455,122" step="2"/><V92/><F120/><W119/><REACH who="3" step="1"/><G61/><REACH who="3" ten="155,258,455,112" step="2"/><T77/><D60/><U41/><E41/><V44/><F62/><W93/><G93/><T100/><D66/><U20/><E20/><V122/><F65/><W56/><G56/><AGARI ba="0,2" hai="4,5,15,16,23,50,54,56,84,85,86,98,101,106" machi="56" ten="40,2600,0" yaku="1,1,54,1,53,0" doraHai="64" doraHaiUra="24" who="1" fromWho="3" sc="155,0,258,46,455,0,112,-26" /><INIT seed="7,0,0,5,2,116" ten="155,304,455,86" oya="3" hai0="86,33,78,25,8,133,1,7,85,59,132,65,50" hai1="83,32,13,46,10,0,96,34,16,90,21,63,43" hai2="54,11,31,98,134,56,37,112,73,88,127,135,77" hai3="45,3,62,103,67,128,114,99,64,107,120,125,105"/><W20/><G3/><T38/><D38/><U55/><E0/><V109/><F109/><W124/><G114/><T117/><D117/><U17/><E32/><V22/><F37/><W108/><G128/><T39/><D39/><U53/><E34/><V74/><F112/><W79/><G79/><T95/><D95/><N who="1" m="56439" /><E83/><V6/><F127/><N who="3" m="48715" /><G108/><T129/><D78/><U49/><E63/><N who="2" m="36247" /><F77/><W68/><G64/><T9/><D129/><U80/><E80/><V126/><F126/><W42/><G20/><T82/><D8/><U51/><E51/><V91/><F98/><W18/><G18/><T61/><D50/><U72/><E72/><V24/><F74/><W131/><G131/><T2/><D2/><U118/><E118/><V30/><F73/><W110/><G110/><T41/><D133/><N who="2" m="50698" /><F31/><W66/><G66/><T121/><D132/><U92/><E92/><V122/><F11/><W28/><G28/><T29/><D25/><AGARI ba="0,0" hai="10,13,16,17,21,25,43,46,49,53,55" m="56439" machi="25" ten="30,2000,0" yaku="8,1,54,1" doraHai="116" who="1" fromWho="0" sc="155,-20,304,20,455,0,86,0" owari="135,-26.0,324,12.0,455,55.0,86,-41.0" /></mjloggm>