<mjloggm ver="2.3"><GO type="97" lobby="0"/><UN n0="%E3%82%86%E3%82%8A%E3%81%8B%E3%81%94%EF%BC%88%E6%9D%B1%E9%A2%A8%EF%BC%89" n1="%72%79%6F%EF%BC%A0%4D%4A" n2="%E5%B0%B1%E6%B4%BB%E7%94%9F%40%E5%B7%9D%E6%9D%91%E8%BB%8D%E5%9B%A3" n3="%79%6F%73%68%61%61%61" dan="15,13,16,13" rate="1979.79,1988.63,2192.11,1845.85" sx="M,M,M,M"/><TAIKYOKU oya="0"/><INIT seed="0,0,0,5,4,129" ten="250,250,250,250" oya="0" hai0="46,35,108,26,64,7,36,66,101,71,97,120,116" hai1="44,4,18,104,25,121,19,43,41,17,8,58,87" hai2="54,31,99,14,70,126,85,1,93,3,2,50,51" hai3="114,124,109,65,79,12,49,117,133,90,67,100,57"/><T28/><D120/><U5/><E104/><V74/><F74/><W73/><G117/><T131/><D116/><U111/><E121/><V112/><F112/><W48/><G114/><T59/><D131/><U52/><E111/><V128/><F128/><W24/><G109/><T47/><D108/><U27/><E87/><V69/><F126/><W53/><G124/><T80/><D7/><N who="1" m="2635" /><E8/><V81/><F31/><W78/><G100/><T76/><D36/><U6/><N who="1" m="2643" /><U60/><DORA hai="95" /><E44/><V63/><F14/><W106/><G106/><N who="0" m="63791" /><D59/><U68/><E68/><V61/><F69/><W103/><G103/><T34/><D66/><U84/><E84/><V98/><F70/><W30/><G73/><N who="0" m="43023" /><D35/><U115/><E115/><V122/><F122/><W127/><G127/><T40/><D40/><AGARI ba="0,0" hai="17,18,19,25,27,40,41,43,52,58,60" m="2643" machi="40" ten="40,2600,0" yaku="8,1,54,1" doraHai="129,95" who="1" fromWho="0" sc="250,-26,250,26,250,0,250,0" /><INIT seed="1,0,0,3,1,5" ten="224,276,250,250" oya="1" hai0="55,60,127,120,16,119,98,66,108,95,42,72,52" hai1="67,80,45,58,118,74,71,83,81,50,101,128,85" hai2="75,114,135,88,131,15,12,115,112,0,132,68,121" hai3="90,22,73,51,2,3,64,100,94,14,38,44,9"/><U110/><E74/><V8/><F68/><W29/><G73/><T25/><D119/><U117/><E71/><V48/><F121/><W31/><G38/><T10/><D120/><U41/><E101/><V109/><F75/><W61/><G100/><N who="0" m="60511" /><D72/><U18/><E128/><V92/><F131/><W79/><G79/><T104/><D104/><U59/><E118/><V1/><F48/><W4/><G3/><N who="2" m="1097" /><F109/><W36/><G36/><T30/><D108/><U32/><E110/><V70/><F70/><W129/><G2/><T23/><D42/><U62/><E117/><V19/><F15/><W28/><G129/><T57/><D127/><U97/><E97/><AGARI ba="0,0" hai="8,12,19,88,92,97,112,114,115,132,135" m="1097" machi="97" ten="40,5200,0" yaku="11,1,52,1,54,1" doraHai="5" who="2" fromWho="1" sc="224,0,276,-52,250,52,250,0" /><INIT seed="2,0,0,0,5,133" ten="224,224,302,250" oya="2" hai0="11,90,122,49,52,18,63,31,56,118,14,112,44" hai1="125,36,85,9,1,78,128,113,82,4,39,74,120" hai2="69,3,23,33,116,101,12,25,47,27,89,99,38" hai3="54,58,103,117,45,105,95,70,88,72,108,8,92"/><V104/><F69/><W75/><G70/><T119/><D112/><U130/><E113/><V43/><F3/><W51/><G117/><T81/><D122/><U126/><E120/><V6/><F116/><W5/><G108/><T53/><D31/><U60/><E60/><V26/><F33/><W111/><G111/><T42/><D42/><U29/><E29/><V64/><F64/><W106/><G58/><T80/><D80/><U13/><E13/><V132/><F132/><W57/><G57/><T123/><D123/><U22/><E22/><V21/><F89/><W96/><G106/><T65/><D53/><U114/><E85/><AGARI ba="0,0" hai="11,14,18,44,49,52,56,63,65,81,85,90,118,119" machi="85" ten="40,5200,0" yaku="25,2,54,1" doraHai="133" who="0" fromWho="1" sc="224,52,224,-52,302,0,250,0" /><INIT seed="3,0,0,3,2,51" ten="276,172,302,250" oya="3" hai0="96,95,131,62,86,79,76,5,78,50,49,117,38" hai1="81,90,115,100,41,105,91,48,29,42,87,98,111" hai2="125,92,10,6,43,34,124,60,128,47,72,75,31" hai3="16,113,112,14,17,56,0,23,67,126,4,33,20"/><W127/><G67/><T70/><D131/><U64/><E111/><V63/><F128/><W83/><G33/><T94/><D117/><U89/><E115/><V133/><F133/><W45/><G45/><T25/><D38/><U1/><E1/><N who="2" m="335" /><F92/><W77/><G56/><T132/><D132/><U37/><E37/><N who="2" m="21999" /><F60/><W122/><G122/><T109/><D109/><U104/><E64/><V7/><F7/><W9/><G83/><T40/><D40/><U135/><E135/><V121/><F63/><W15/><G77/><T134/><D134/><U46/><E29/><V8/><F8/><W2/><G2/><T26/><D5/><U13/><E13/><V106/><F106/><W99/><G99/><T59/><D70/><U12/><E12/><V39/><F39/><W36/><G36/><T30/><D86/><U44/><REACH who="1" step="1"/><E105/><REACH who="1" ten="276,162,302,250" step="2"/><V116/><F116/><W19/><G19/><T84/><D30/><U102/><E102/><V28/><F121/><W35/><G35/><T74/><D74/><N who="2" m="28202" /><F31/><W69/><G69/><T71/><D71/><U123/><E123/><V130/><F130/><W101/><G101/><T65/><D25/><AGARI ba="0,1" hai="25,28,34,124,125" m="28202,21999,335" machi="25" ten="30,1000,0" yaku="23,1" doraHai="51" who="2" fromWho="0" sc="276,-10,162,0,302,20,250,0" owari="266,7.0,162,-34.0,322,42.0,250,-15.0" /></mjloggm>