<mjloggm ver="2.3"><GO type="41" lobby="0"/><UN n0="%E3%83%80%E3%83%96%E3%83%AB%EF%BC%A0%E3%82%A2%E3%83%A1%E3%83%AA%E8%BB%8D" n1="%E6%A1%9C%E6%A1%83%E6%9D%8E" n2="%E3%81%82%E3%82%8D%E3%81%88%E4%B8%B8%2F" n3="%E5%B0%B1%E6%B4%BB%E7%94%9F%40%E5%B7%9D%E6%9D%91%E8%BB%8D%E5%9B%A3" dan="13,13,14,17" rate="1886.67,1930.89,1999.67,2213.22" sx="M,M,M,M"/><TAIKYOKU oya="0"/><INIT seed="0,0,0,2,3,24" ten="250,250,250,250" oya="0" hai0="87,62,61,20,1,113,101,26,118,52,27,41,49" hai1="16,9,12,4,110,82,99,10,19,92,7,120,17" hai2="40,81,121,89,79,103,66,78,48,112,13,84,38" hai3="67,134,102,97,133,33,105,86,122,57,130,90,91"/><T43/><D118/><U114/><E120/><V125/><F121/><W132/><G33/><T11/><D113/><U69/><E69/><V115/><F38/><W29/><G29/><T63/><D101/><U50/><E114/><V31/><F66/><W2/><G2/><T45/><D26/><U106/><E106/><V42/><F103/><W14/><G122/><T83/><D11/><U35/><E35/><V47/><F125/><W71/><G130/><T76/><REACH who="0" step="1"/><D1/><REACH who="0" ten="240,250,250,250" step="2"/><U51/><E10/><V28/><F112/><W131/><G131/><T8/><D8/><U104/><E9/><V53/><F115/><W128/><G128/><T129/><D129/><U59/><E104/><V25/><F25/><W64/><G14/><T54/><D54/><U3/><E12/><V55/><F13/><W109/><G109/><T116/><D116/><U34/><E3/><V73/><F55/><W21/><G102/><T119/><D119/><U100/><E100/><V108/><F108/><W93/><G105/><T135/><D135/><U126/><E110/><V39/><F42/><W65/><G71/><T111/><D111/><U80/><E4/><V94/><REACH who="2" step="1"/><F79/><REACH who="2" ten="240,250,240,250" step="2"/><W96/><G132/><T18/><AGARI ba="0,2" hai="18,20,27,41,43,45,49,52,61,62,63,76,83,87" machi="18" ten="30,12000,1" yaku="1,1,0,1,8,1,54,1,53,1" doraHai="24" doraHaiUra="46" who="0" fromWho="0" sc="240,140,250,-40,240,-40,250,-40" /><INIT seed="0,1,0,1,5,57" ten="380,210,200,210" oya="0" hai0="99,24,131,64,108,97,17,85,47,23,79,46,39" hai1="36,95,107,3,25,53,71,96,43,50,124,90,133" hai2="41,75,55,134,65,34,86,102,8,72,78,83,113" hai3="7,82,122,0,48,117,28,129,104,15,12,13,62"/><T103/><D131/><U93/><E107/><V31/><F113/><W74/><G117/><T101/><D39/><U126/><E3/><V16/><F134/><W135/><G104/><T11/><D108/><U60/><E133/><V119/><F119/><W112/><G112/><T33/><D33/><U40/><E36/><V125/><F125/><N who="1" m="48233" /><E25/><V73/><F102/><N who="0" m="38922" /><D64/><N who="1" m="41351" /><E95/><V89/><F41/><W59/><G135/><T5/><D5/><U49/><E49/><V88/><F55/><W45/><G122/><T67/><D67/><U10/><E10/><V61/><F31/><W98/><G129/><T22/><D11/><U56/><AGARI ba="1,0" hai="40,43,50,53,56,90,93,96" m="41351,48233" machi="56" ten="30,2000,0" yaku="18,1,52,1" doraHai="57" who="1" fromWho="1" sc="380,-11,210,23,200,-6,210,-6" /><INIT seed="1,0,0,2,0,15" ten="369,233,194,204" oya="1" hai0="61,29,109,11,1,83,115,17,10,121,91,110,0" hai1="99,21,129,72,126,44,75,19,13,80,27,57,65" hai2="77,47,68,102,111,119,18,74,78,34,88,98,41" hai3="120,3,58,6,105,112,84,108,42,90,81,100,53"/><U107/><E126/><V40/><F119/><W4/><G120/><T30/><D115/><U35/><E129/><V82/><F68/><W62/><G112/><T106/><D106/><U63/><E80/><V134/><F34/><W127/><G127/><T69/><D121/><U54/><E35/><V125/><F125/><W92/><G108/><N who="0" m="41579" /><D69/><U8/><E65/><V67/><F67/><W12/><G3/><N who="0" m="1099" /><D61/><U122/><E122/><V25/><F111/><W32/><G32/><T9/><D83/><U114/><E114/><V116/><F116/><W64/><G105/><T71/><D71/><U39/><E107/><V24/><F82/><W26/><G42/><T95/><D17/><U76/><E99/><AGARI ba="0,0" hai="9,10,11,29,30,91,95,99" m="1099,41579" machi="99" ten="40,1300,0" yaku="14,1" doraHai="15" who="0" fromWho="1" sc="369,13,233,-13,194,0,204,0" /><INIT seed="2,0,0,5,4,19" ten="382,220,194,204" oya="2" hai0="108,14,123,59,98,2,75,132,37,57,85,33,9" hai1="105,79,124,66,40,69,103,101,94,48,44,74,119" hai2="54,17,0,114,1,90,125,65,31,91,55,28,42" hai3="126,53,30,89,92,128,18,122,41,88,11,24,56"/><V45/><F114/><W61/><G122/><T117/><D123/><U46/><E124/><V135/><F125/><W16/><G126/><T67/><D33/><U68/><E119/><V7/><F65/><W133/><G128/><T96/><D75/><U43/><E94/><V82/><F135/><W109/><G133/><T51/><D37/><U129/><E129/><V23/><F7/><W58/><G109/><T121/><D2/><U97/><E66/><V71/><F71/><W22/><G41/><T116/><D85/><U20/><E97/><V104/><F104/><W38/><G38/><T25/><D121/><U106/><E79/><V8/><F8/><W95/><G11/><T12/><D132/><U81/><E48/><N who="2" m="26679" /><F1/><W6/><G6/><T3/><D67/><U73/><E81/><V86/><F90/><N who="3" m="34923" /><G58/><T80/><D3/><U112/><E112/><V39/><F39/><W72/><G72/><T36/><D108/><U64/><E64/><V130/><F130/><W4/><G4/><T134/><D36/><U13/><E13/><N who="2" m="9647" /><F0/><W120/><G120/><T34/><D134/><U50/><E50/><V21/><F21/><AGARI ba="0,0" hai="20,21,40,43,44,46,68,69,73,74,101,103,105,106" machi="21" ten="25,6400,0" yaku="22,2,52,2" doraHai="19" who="1" fromWho="2" sc="382,0,220,64,194,-64,204,0" /><INIT seed="3,0,0,0,5,113" ten="382,284,130,204" oya="3" hai0="107,51,78,102,14,24,125,110,7,41,47,72,112" hai1="31,52,5,54,8,81,123,119,22,87,79,109,27" hai2="108,49,33,129,85,132,59,50,34,121,124,20,1" hai3="134,82,18,38,75,48,10,15,99,39,130,64,127"/><W77/><G127/><T13/><D112/><U73/><E109/><V111/><F111/><W118/><G118/><T71/><D71/><U40/><E123/><V32/><F32/><W46/><G130/><T67/><D110/><U114/><E114/><V35/><F35/><W42/><G134/><T88/><D67/><U57/><E73/><V90/><F90/><W29/><G64/><T131/><D131/><U83/><E83/><V21/><F21/><W61/><G61/><T17/><D125/><U65/><E40/><V11/><F11/><W115/><G115/><T4/><D78/><U120/><E120/><V53/><F108/><W93/><REACH who="3" step="1"/><G29/><REACH who="3" ten="382,284,130,194" step="2"/><T36/><D4/><U55/><E65/><V9/><F129/><W116/><G116/><T103/><D7/><U43/><E119/><V126/><F126/><W101/><AGARI ba="0,1" hai="10,15,18,38,39,42,46,48,75,77,82,93,99,101" machi="101" ten="20,3900,0" yaku="1,1,0,1,7,1,53,0" doraHai="113" doraHaiUra="30" who="3" fromWho="3" sc="382,-13,284,-13,130,-13,194,49" /><INIT seed="3,1,0,4,4,132" ten="369,271,117,243" oya="3" hai0="81,71,88,22,77,121,101,6,126,130,128,125,2" hai1="115,59,52,102,41,51,93,97,53,33,69,62,108" hai2="80,28,122,86,112,85,7,0,56,48,38,27,10" hai3="1,83,76,39,96,50,55,14,35,65,49,37,79"/><W34/><G1/><T29/><D71/><U89/><E108/><V43/><F112/><W110/><G65/><T120/><D101/><U67/><E33/><V100/><F122/><W92/><G110/><T73/><D6/><U19/><E115/><V18/><F100/><W113/><G113/><T114/><D114/><U21/><E41/><V109/><F109/><W9/><G39/><T61/><D2/><U87/><E69/><V131/><F131/><N who="0" m="50218" /><D61/><U54/><E67/><V44/><F18/><W118/><G37/><T31/><D88/><U12/><REACH who="1" step="1"/><E62/><REACH who="1" ten="369,261,117,243" step="2"/><V30/><F38/><W13/><G118/><T98/><D121/><U60/><E60/><V104/><F43/><W90/><G50/><T16/><D120/><U124/><E124/><N who="0" m="47721" /><D98/><U24/><E24/><AGARI ba="1,1" hai="16,22,24,29,31,73,77,81" m="47721,50218" machi="24" ten="30,12000,2" yaku="19,1,18,1,52,3,54,1" doraHai="132" who="0" fromWho="1" sc="369,133,261,-123,117,0,243,0" /><INIT seed="4,0,0,3,3,84" ten="502,138,117,243" oya="0" hai0="64,36,97,26,121,43,129,4,1,100,57,94,24" hai1="19,14,118,42,22,50,58,56,59,39,124,93,101" hai2="44,6,86,40,48,37,116,73,25,23,11,133,96" hai3="12,52,2,18,109,0,55,32,122,31,28,102,81"/><T78/><D121/><U99/><E124/><V104/><F73/><W70/><G70/><T27/><D129/><U46/><REACH who="1" step="1"/><E118/><REACH who="1" ten="502,128,117,243" step="2"/><V110/><F116/><W75/><G122/><T117/><D117/><U21/><E21/><V126/><F126/><W128/><G128/><T127/><D127/><U68/><E68/><V20/><F110/><W9/><G109/><T135/><D135/><U49/><AGARI ba="0,1" hai="14,19,22,39,42,46,49,50,56,58,59,93,99,101" machi="49" ten="30,4000,0" yaku="1,1,0,1,53,1" doraHai="84" doraHaiUra="16" who="1" fromWho="1" sc="502,-20,128,50,117,-10,243,-10" /><INIT seed="5,0,0,4,1,66" ten="482,178,107,233" oya="1" hai0="35,90,97,132,34,77,101,68,61,111,93,41,46" hai1="8,69,100,36,13,15,51,87,14,63,59,127,114" hai2="121,103,64,124,120,94,50,78,128,80,53,83,113" hai3="49,74,52,134,5,116,16,28,38,9,115,47,60"/><U108/><E36/><V117/><F117/><W57/><G115/><T45/><D111/><U30/><E114/><V92/><F113/><W85/><G116/><T10/><D77/><U11/><E108/><V40/><F40/><W37/><G74/><T25/><D10/><U48/><E127/><V118/><F118/><W105/><G134/><T17/><D132/><U129/><E129/><V67/><F128/><W95/><G105/><T88/><D45/><U84/><E30/><V73/><F124/><W86/><G28/><T22/><D34/><U79/><E69/><V126/><F126/><W55/><G16/><T3/><D3/><U112/><E100/><V12/><F12/><W125/><G125/><T104/><D93/><U72/><E72/><V0/><F83/><W62/><G62/><T119/><D119/><U76/><E112/><V106/><F106/><W65/><G55/><T58/><D68/><U31/><E31/><V91/><F103/><W21/><G21/><T23/><D23/><U109/><E109/><V99/><F94/><W1/><G86/><N who="1" m="32810" /><E63/><V2/><F2/><W24/><G24/><T4/><D35/><U56/><E76/><V71/><F0/><W75/><G75/><T133/><D133/><U96/><E96/><V32/><F32/><W135/><G135/><T42/><D61/><U122/><E79/><V123/><REACH who="2" step="1"/><F71/><REACH who="2" ten="482,178,97,233" step="2"/><W81/><G95/><T39/><D104/><U44/><E122/><V7/><F7/><W20/><G20/><T82/><D82/><U110/><E110/><V29/><F29/><W6/><G6/><T89/><D4/><RYUUKYOKU ba="0,1" sc="482,-15,178,-15,97,15,233,15" hai2="50,53,64,67,73,78,80,91,92,99,120,121,123" hai3="1,5,9,37,38,47,49,52,57,60,65,81,85" /><INIT seed="6,1,1,4,3,87" ten="467,163,112,248" oya="2" hai0="72,59,25,65,99,14,43,115,123,19,109,107,81" hai1="23,4,0,31,113,28,7,26,39,33,11,100,105" hai2="118,128,46,104,131,89,102,76,112,58,70,117,85" hai3="61,40,55,80,2,124,9,83,21,119,77,13,45"/><V1/><F70/><W121/><G119/><T51/><D109/><U8/><E39/><V135/><F1/><W32/><G121/><T129/><D129/><N who="2" m="49738" /><F76/><W106/><G32/><T63/><D115/><U88/><E113/><V130/><F112/><W50/><G106/><T84/><D72/><U42/><E42/><V38/><N who="2" m="49746" /><V41/><DORA hai="133" /><F135/><W82/><G124/><T125/><D125/><U95/><E100/><V66/><F102/><W17/><G2/><T86/><D25/><U68/><E68/><V44/><F104/><W122/><G122/><T12/><D12/><U134/><E105/><V10/><F10/><W27/><G77/><T29/><D29/><U57/><E134/><V94/><F44/><W49/><G61/><AGARI ba="1,1" hai="38,41,46,58,61,66,85,89,94,117,118" m="49746" machi="61" ten="40,3900,0" yaku="19,1,52,1" doraHai="87,133" who="2" fromWho="3" sc="467,0,163,0,112,52,248,-42" /><INIT seed="6,2,0,1,2,65" ten="467,163,164,206" oya="2" hai0="5,133,113,21,11,28,110,116,17,32,128,100,83" hai1="12,1,132,36,2,90,43,98,99,78,130,91,34" hai2="76,85,8,117,60,94,52,30,103,13,69,75,89" hai3="41,50,70,37,20,56,95,97,84,18,101,68,7"/><V3/><F117/><W16/><G37/><T123/><D100/><U66/><E34/><V48/><F3/><W27/><G7/><T109/><D83/><U118/><E118/><V86/><F75/><W104/><G18/><T115/><D123/><U26/><E78/><V119/><F119/><W10/><G10/><T59/><D116/><U111/><E111/><V57/><F30/><W125/><G125/><T25/><D59/><U129/><E132/><V72/><F72/><W135/><G135/><T49/><D133/><U67/><E36/><V93/><F103/><W51/><G51/><T63/><D49/><U22/><E12/><V61/><F69/><W53/><G41/><T45/><D63/><U40/><E22/><V73/><F73/><W29/><G29/><T71/><D45/><U58/><E26/><V124/><F124/><W19/><G19/><T79/><D71/><U114/><E114/><N who="0" m="43529" /><D79/><U42/><E40/><V82/><REACH who="2" step="1"/><F93/><REACH who="2" ten="467,163,154,206" step="2"/><W24/><G24/><N who="0" m="18439" /><D128/><U134/><E134/><V81/><F81/><W55/><G95/><T38/><D38/><U122/><E122/><V47/><F47/><W121/><G121/><T64/><D110/><U102/><E102/><V4/><AGARI ba="2,1" hai="4,8,13,48,52,57,60,61,76,82,85,86,89,94" machi="4" ten="20,18000,2" yaku="1,1,0,1,7,1,8,1,54,1,53,1" doraHai="65" doraHaiUra="88" who="2" fromWho="2" sc="467,-62,163,-62,154,196,206,-62" /><INIT seed="6,3,0,1,4,43" ten="405,101,350,144" oya="2" hai0="83,78,63,17,9,125,135,129,8,134,45,80,104" hai1="54,20,67,68,22,124,26,30,21,88,62,0,4" hai2="69,91,55,115,74,85,72,35,41,99,81,90,46" hai3="51,10,58,87,114,16,75,28,44,118,101,19,50"/><V23/><F69/><W2/><G118/><T119/><D104/><U57/><E124/><V105/><F35/><W14/><G75/><N who="0" m="43103" /><D125/><U61/><E0/><V84/><F115/><W108/><G108/><T133/><D119/><U100/><E4/><V122/><F122/><W34/><G114/><T103/><D103/><U13/><E100/><V60/><F23/><W132/><G132/><T127/><D127/><U25/><E13/><V126/><F126/><W59/><G2/><T123/><D129/><U32/><REACH who="1" step="1"/><E88/><REACH who="1" ten="405,91,350,144" step="2"/><V64/><F91/><W6/><G101/><T36/><D135/><U102/><E102/><V31/><F105/><W71/><G71/><T128/><D134/><U106/><E106/><V1/><F1/><W42/><G34/><T116/><D116/><U131/><E131/><V121/><F90/><W49/><G28/><AGARI ba="3,1" hai="20,21,22,25,26,28,30,32,54,57,61,62,67,68" machi="28" ten="30,2000,0" yaku="1,1,7,1,53,0" doraHai="43" doraHaiUra="109" who="1" fromWho="3" sc="405,0,91,39,350,0,144,-29" /><INIT seed="7,0,0,5,0,87" ten="405,130,350,115" oya="3" hai0="47,104,134,31,75,46,111,91,58,49,27,128,135" hai1="98,48,119,106,84,50,81,42,25,4,66,85,89" hai2="26,110,130,71,32,34,131,83,43,59,124,35,123" hai3="16,132,24,18,122,125,11,1,54,68,120,21,2"/><W94/><G68/><T116/><D104/><U45/><E119/><V7/><F110/><W112/><G94/><T28/><D111/><U126/><E126/><V33/><F71/><W53/><G53/><N who="0" m="32047" /><D75/><U51/><E66/><V9/><F43/><W17/><G54/><T36/><D128/><N who="2" m="49194" /><F59/><W65/><G65/><T101/><D101/><U52/><E4/><V100/><F100/><W107/><G107/><T15/><D116/><U77/><E98/><V39/><F39/><W22/><G125/><T30/><D91/><U64/><E64/><V38/><F38/><W44/><G44/><N who="0" m="16939" /><D36/><U41/><E106/><V70/><F70/><W69/><G69/><T14/><D27/><U55/><E25/><V63/><F63/><W90/><G90/><T0/><D0/><N who="3" m="105" /><G132/><AGARI ba="0,0" hai="14,15,28,30,31,132,134,135" m="16939,32047" machi="132" ten="30,1000,0" yaku="20,1" doraHai="87" who="0" fromWho="3" sc="405,10,130,0,350,0,115,-10" owari="415,51.0,130,-27.0,350,15.0,105,-39.0" /></mjloggm>