<mjloggm ver="2.3"><GO type="169" lobby="0"/><UN n0="%E3%83%81%E3%83%A3%E3%82%A4%E3%82%B8" n1="%E5%B0%B1%E6%B4%BB%E7%94%9F%40%E5%B7%9D%E6%9D%91%E8%BB%8D%E5%9B%A3" n2="%E9%87%8C%E4%B8%AD%E4%BA%9C%E7%9F%A2%E5%AD%90" n3="%E3%83%AD%E3%83%BC%E3%83%89%E3%82%AB%E3%83%8A%E3%83%AD%E3%82%A2" dan="16,17,16,16" rate="2110.48,2176.46,2087.36,2048.92" sx="M,M,M,M"/><TAIKYOKU oya="0"/><INIT seed="0,0,0,2,0,87" ten="250,250,250,250" oya="0" hai0="2,103,23,89,81,127,117,44,22,18,130,49,94" hai1="91,76,62,111,105,98,26,86,109,100,33,67,74" hai2="35,3,83,21,46,82,14,10,90,77,129,108,120" hai3="110,53,63,20,123,124,119,69,17,58,93,31,12"/><T65/><D2/><U29/><E74/><V42/><F35/><W68/><G119/><T0/><D0/><U112/><E76/><V66/><F120/><W47/><G110/><T115/><D115/><U102/><E100/><V4/><F66/><W128/><G124/><T59/><D127/><U78/><E78/><V72/><F108/><W73/><G73/><T27/><D117/><U8/><E8/><V50/><F129/><W64/><G128/><T24/><D130/><U11/><E11/><V48/><F21/><W104/><G104/><T34/><D34/><U71/><REACH who="1" step="1"/><E112/><REACH who="1" ten="250,240,250,250" step="2"/><V132/><F132/><W28/><G123/><T30/><D103/><U39/><E39/><N who="2" m="21855" /><F14/><W40/><G12/><T37/><D37/><U5/><E5/><V85/><AGARI ba="0,1" hai="3,4,10,48,50,72,77,82,83,85,90" m="21855" machi="85" ten="30,2000,0" yaku="25,1,52,1" doraHai="87" who="2" fromWho="2" sc="250,-10,240,-5,250,30,250,-5" /><INIT seed="1,0,0,1,4,70" ten="240,235,280,245" oya="1" hai0="8,104,74,68,32,81,127,123,1,98,41,36,125" hai1="2,48,33,114,27,34,6,110,39,29,91,112,13" hai2="26,100,117,7,9,59,63,65,99,132,72,24,133" hai3="0,46,122,20,77,101,90,23,118,57,102,49,47"/><U108/><E39/><V95/><F117/><W66/><G122/><T3/><D123/><U55/><E91/><V38/><F72/><W52/><G118/><T103/><D68/><U17/><E34/><V75/><F75/><W40/><G0/><T60/><D60/><U93/><E93/><V79/><F79/><W88/><G77/><N who="0" m="44215" /><D32/><U105/><E48/><V28/><F38/><W67/><G40/><T97/><D97/><U45/><E45/><N who="3" m="16906" /><G20/><T94/><D94/><U80/><E80/><V10/><F26/><W129/><G129/><T15/><D15/><U19/><E55/><V85/><F85/><W113/><G113/><N who="1" m="43626" /><E105/><V56/><F56/><W120/><G120/><T25/><D25/><U35/><E35/><V69/><F69/><W50/><G50/><T134/><D134/><N who="2" m="51818" /><F7/><W116/><G23/><AGARI ba="0,0" hai="9,10,23,24,28,59,63,65,95,99,100" m="51818" machi="23" ten="30,2000,0" yaku="25,1,20,1" doraHai="70" who="2" fromWho="3" sc="240,0,235,0,280,20,245,-20" /><INIT seed="2,0,0,4,0,18" ten="240,235,300,225" oya="2" hai0="133,105,29,114,90,36,91,72,26,108,27,0,112" hai1="9,52,44,121,93,74,4,42,19,120,13,1,57" hai2="119,97,81,12,100,98,134,82,51,53,127,79,115" hai3="24,89,88,25,99,5,125,20,49,14,113,46,116"/><V22/><F119/><W3/><G116/><T34/><D105/><U15/><E74/><V66/><F115/><W70/><G70/><T132/><D72/><U126/><E126/><V33/><F33/><W7/><G125/><T2/><D36/><U85/><E85/><V107/><F127/><W87/><G113/><N who="0" m="43627" /><D90/><U35/><E35/><V83/><F66/><W106/><G3/><N who="0" m="1067" /><D91/><U55/><E93/><V21/><F134/><N who="0" m="51818" /><D26/><N who="3" m="10345" /><G106/><T38/><D38/><U92/><E92/><N who="2" m="58407" /><F79/><W135/><G135/><T37/><D37/><U60/><E42/><V94/><F107/><W69/><G89/><T96/><D96/><U28/><E44/><N who="2" m="27879" /><F12/><W10/><G69/><T76/><D76/><U8/><E1/><V124/><F124/><W95/><G99/><T131/><D131/><U86/><E86/><V50/><F50/><W101/><G101/><AGARI ba="0,0" hai="21,22,81,82,83,94,98,101" m="27879,58407" machi="101" ten="30,5800,0" yaku="8,1,52,2" doraHai="18" who="2" fromWho="3" sc="240,0,235,0,300,58,225,-58" /><INIT seed="2,1,0,3,2,47" ten="240,235,358,167" oya="2" hai0="15,93,118,70,126,46,76,62,12,43,105,72,86" hai1="31,53,44,33,35,101,36,41,25,7,94,65,56" hai2="125,116,42,24,66,16,69,64,75,124,80,133,11" hai3="4,131,122,91,49,87,40,78,103,79,3,68,34"/><V99/><F116/><W26/><G122/><T100/><D126/><N who="2" m="48746" /><F133/><W37/><G131/><T132/><D132/><U120/><E120/><V108/><F99/><W88/><G68/><T23/><D118/><U127/><E127/><V113/><F113/><W84/><G37/><T97/><D70/><U19/><E7/><V50/><F69/><W28/><G103/><T104/><D104/><U107/><E107/><V13/><F24/><W29/><G3/><T21/><D62/><U115/><E115/><V83/><F108/><W89/><G4/><T58/><D58/><U67/><E35/><V82/><F75/><W61/><G61/><T102/><D102/><U135/><E135/><V111/><F111/><W95/><G91/><N who="0" m="53495" /><D12/><U109/><E19/><V134/><F134/><W98/><G98/><T85/><D15/><U114/><E114/><V38/><F38/><W96/><G96/><T59/><D59/><U14/><E14/><V110/><F110/><W5/><G5/><T0/><D85/><U30/><E30/><V55/><F42/><W2/><G2/><T106/><D0/><U71/><E71/><V117/><F117/><W27/><G28/><T123/><D123/><U57/><E109/><V92/><F92/><W6/><G26/><T51/><D106/><U121/><E94/><V17/><F17/><W60/><G6/><T54/><D43/><U8/><E121/><V128/><F128/><W48/><G40/><T112/><D112/><U77/><E41/><V39/><F39/><W18/><G18/><T129/><D129/><U45/><E36/><V119/><F119/><RYUUKYOKU ba="1,0" sc="240,15,235,-15,358,15,167,-15" hai0="21,23,46,51,54,72,76,97,100,105" hai2="11,13,16,50,55,64,66,80,82,83" /><INIT seed="2,2,0,1,1,49" ten="255,220,373,152" oya="2" hai0="63,118,57,123,100,5,79,25,110,9,1,11,60" hai1="96,15,73,126,117,92,132,14,106,101,48,3,32" hai2="7,77,103,44,34,115,72,90,6,67,121,4,23" hai3="37,39,94,54,64,75,8,53,26,105,46,24,36"/><V98/><F121/><W81/><G105/><T47/><D123/><U104/><E3/><V87/><F34/><W107/><G107/><T93/><D110/><U91/><E32/><V66/><F115/><W108/><G108/><T43/><D118/><U10/><E117/><V82/><F23/><W28/><G64/><T65/><D79/><U111/><E111/><V97/><F44/><W116/><G116/><T74/><D74/><U84/><E132/><V128/><F128/><W113/><G113/><T17/><D63/><U22/><E126/><V42/><F42/><W41/><G8/><T33/><D33/><U88/><E73/><V58/><F58/><W124/><G124/><T0/><D0/><U112/><E112/><V29/><F29/><W16/><G94/><T129/><D129/><U61/><E61/><V19/><F19/><W50/><G16/><T62/><D62/><U125/><E125/><V27/><F27/><W71/><G71/><T86/><D9/><U95/><E48/><V20/><F20/><W76/><REACH who="3" step="1"/><G24/><REACH who="3" ten="255,220,373,142" step="2"/><T59/><D17/><U102/><E10/><V133/><F4/><W38/><N who="3" m="9216" /><DORA hai="30" /><W56/><G56/><N who="0" m="36999" /><D25/><U2/><E2/><V130/><F6/><W80/><G80/><T13/><D1/><U35/><E14/><V122/><F7/><W134/><G134/><T69/><D69/><U51/><E15/><V120/><F120/><W78/><G78/><T89/><D100/><U68/><E106/><V18/><F122/><W83/><G83/><T109/><D109/><U31/><E104/><V85/><F18/><W114/><G114/><RYUUKYOKU ba="2,1" sc="255,15,220,-15,373,-15,142,15" hai0="5,11,13,43,47,57,59,86,89,93" hai3="26,28,41,46,50,53,54,75,76,81" /><INIT seed="3,3,1,0,4,26" ten="270,205,358,157" oya="3" hai0="30,118,134,3,21,91,101,121,98,89,126,12,61" hai1="25,131,4,116,79,99,105,68,34,73,2,113,72" hai2="119,114,48,55,22,127,5,86,42,112,69,70,17" hai3="20,111,43,103,67,46,52,92,51,84,39,8,9"/><W133/><G133/><T128/><D121/><U49/><E49/><V117/><F5/><W106/><G106/><T66/><D118/><U95/><E95/><V87/><F42/><W29/><G111/><T16/><D3/><U129/><E79/><V47/><F127/><W60/><G20/><T107/><D126/><U23/><E23/><V80/><F119/><W40/><G40/><T135/><D128/><U76/><E76/><V7/><F7/><W122/><G122/><T120/><D120/><U63/><E4/><V96/><F96/><W65/><G65/><T11/><D134/><U15/><E15/><V64/><F117/><W132/><G132/><T74/><D74/><U35/><E25/><V38/><F38/><W10/><G29/><T18/><D135/><U71/><E63/><V123/><F123/><W77/><G77/><T24/><REACH who="0" step="1"/><D18/><REACH who="0" ten="260,205,358,157" step="2"/><U27/><E2/><V57/><F17/><W31/><G31/><T125/><D125/><U6/><E73/><V85/><F114/><W44/><G103/><T75/><D75/><U59/><E72/><V97/><F112/><W58/><G92/><T56/><AGARI ba="3,2" hai="11,12,16,21,24,30,56,61,66,89,91,98,101,107" machi="56" ten="20,8000,1" yaku="1,1,0,1,7,1,52,1,54,1,53,0" doraHai="26" doraHaiUra="0" who="0" fromWho="0" sc="260,109,205,-23,358,-23,157,-43" /><INIT seed="4,0,0,1,4,127" ten="369,182,335,114" oya="0" hai0="108,50,57,71,63,100,115,39,116,131,22,28,74" hai1="14,2,92,1,125,117,38,80,59,70,75,5,93" hai2="19,61,104,69,111,23,4,112,79,134,51,94,91" hai3="55,129,35,20,13,73,26,44,54,90,47,33,41"/><T24/><D74/><U9/><E70/><V77/><F104/><W87/><G73/><T66/><D116/><U29/><E125/><V30/><F112/><W84/><G13/><T99/><D115/><U0/><E117/><V58/><F69/><W81/><G47/><T21/><D39/><U130/><E38/><V7/><F30/><W18/><G129/><T6/><D6/><N who="2" m="2090" /><F51/><W68/><G68/><T83/><D83/><U15/><E130/><V85/><F111/><W12/><G35/><T88/><D88/><U37/><E37/><V53/><F134/><W17/><G33/><N who="0" m="20615" /><D131/><U106/><E106/><V40/><F40/><W110/><G87/><T132/><D132/><U10/><E29/><V67/><F67/><W98/><G98/><T89/><D89/><U64/><E80/><V120/><F120/><W31/><G110/><T43/><D108/><U46/><E75/><V124/><F124/><W126/><G126/><T96/><D96/><U52/><E64/><V45/><F45/><W48/><REACH who="3" step="1"/><G31/><REACH who="3" ten="369,182,335,104" step="2"/><T65/><D43/><U11/><E46/><V114/><F114/><W36/><G36/><T105/><D50/><U27/><E5/><V82/><F82/><W8/><AGARI ba="0,1" hai="8,12,17,18,20,26,41,44,48,54,55,81,84,90" machi="8" ten="20,5200,0" yaku="1,1,0,1,7,1,8,1,53,0" doraHai="127" doraHaiUra="25" who="3" fromWho="3" sc="369,-26,182,-13,335,-13,104,62" /><INIT seed="5,0,0,5,4,8" ten="343,169,322,166" oya="1" hai0="76,106,19,40,12,118,75,39,2,89,66,109,22" hai1="6,70,100,67,111,69,60,72,123,102,23,56,55" hai2="119,47,94,49,14,120,80,78,9,117,34,98,101" hai3="7,61,124,50,4,93,73,83,122,33,18,42,113"/><U36/><E123/><V11/><F34/><W52/><G122/><T20/><D106/><U37/><E72/><V99/><F99/><W57/><G113/><T25/><D66/><U62/><E111/><V0/><F0/><W95/><G124/><T91/><D2/><U13/><E70/><V92/><F9/><W131/><G131/><T68/><D68/><U30/><E37/><V115/><F115/><W41/><G33/><T108/><D118/><U29/><E36/><V125/><F125/><W134/><G134/><T53/><D109/><U27/><E6/><N who="3" m="2090" /><G73/><T44/><D53/><U128/><E128/><V54/><F120/><W79/><G79/><T126/><D126/><U46/><E46/><V65/><F65/><N who="3" m="39087" /><G83/><T48/><D39/><U15/><REACH who="1" step="1"/><E30/><REACH who="1" ten="343,159,322,166" step="2"/><V84/><F119/><W3/><G18/><T85/><D75/><U28/><E28/><V16/><F117/><W21/><G3/><T51/><D108/><U38/><E38/><V71/><F71/><W63/><G63/><T82/><D48/><U132/><E132/><V77/><F77/><W129/><G129/><T86/><D86/><U116/><E116/><V17/><F17/><AGARI ba="0,1" hai="12,17,19,20,22,25,40,44,51,76,82,85,89,91" machi="17" ten="30,3900,0" yaku="7,1,8,1,52,1" doraHai="8" who="0" fromWho="2" sc="343,49,159,0,322,-39,166,0" /><INIT seed="6,0,0,2,4,95" ten="392,159,283,166" oya="2" hai0="29,13,115,108,35,123,122,114,120,92,68,73,52" hai1="104,90,94,64,112,89,110,27,80,125,87,17,31" hai2="8,133,62,100,4,67,71,61,20,33,22,65,5" hai3="59,55,69,37,132,41,129,130,66,107,135,96,121"/><V77/><F133/><N who="3" m="51275" /><G121/><T118/><D73/><U12/><E110/><V60/><F33/><W116/><G116/><T88/><D68/><U79/><E104/><V91/><F77/><W51/><G107/><T97/><D29/><U105/><E105/><V44/><F100/><W43/><G96/><T30/><D30/><U15/><E125/><V70/><F44/><N who="3" m="23599" /><G43/><T101/><D35/><U48/><E112/><V113/><F113/><W82/><G82/><T1/><D1/><U78/><E64/><N who="2" m="24651" /><F91/><W3/><G3/><T117/><D13/><N who="1" m="5195" /><E48/><V75/><F8/><W111/><G111/><T99/><D52/><U25/><E17/><V50/><F50/><W98/><G98/><T106/><D108/><U38/><E38/><V21/><F75/><W42/><G42/><T72/><D72/><U83/><E83/><V85/><F85/><W28/><G28/><T19/><D19/><U14/><N who="1" m="5203" /><U7/><DORA hai="134" /><E7/><AGARI ba="0,0" hai="4,5,7,20,21,22,60,61,62,70,71" m="24651" machi="7" ten="40,3900,0" yaku="28,2" doraHai="95,134" who="2" fromWho="1" sc="392,0,159,-39,283,39,166,0" /><INIT seed="6,1,0,2,2,95" ten="392,120,322,166" oya="2" hai0="55,96,5,11,82,75,91,83,29,90,58,15,121" hai1="114,109,66,81,30,4,7,64,47,104,51,39,111" hai2="59,107,89,71,101,24,49,72,80,126,117,102,35" hai3="52,112,38,93,77,86,100,21,61,16,103,134,17"/><V40/><F71/><W43/><G134/><T84/><D121/><U113/><E104/><V0/><F0/><W14/><G112/><N who="1" m="43114" /><E81/><V130/><F117/><W67/><G38/><T9/><D29/><U135/><E39/><V32/><F130/><W125/><G43/><T74/><D9/><U48/><E47/><V27/><F126/><W36/><G36/><T118/><D118/><U54/><E54/><V105/><F72/><W124/><G52/><T88/><D91/><U115/><N who="1" m="43122" /><U63/><DORA hai="56" /><E63/><V2/><F2/><W97/><G17/><T94/><D82/><U78/><E30/><V28/><F28/><W68/><G86/><T85/><D85/><U19/><E19/><V50/><F80/><W98/><REACH who="3" step="1"/><G77/><REACH who="3" ten="392,120,322,156" step="2"/><T106/><D75/><U69/><E78/><V45/><F40/><W20/><G20/><T108/><D74/><U34/><E34/><V31/><F31/><W44/><G44/><T70/><D55/><U33/><E33/><V122/><F45/><W99/><G99/><T46/><D96/><U76/><E76/><V79/><F79/><W87/><G87/><T123/><D84/><U25/><E135/><V131/><F35/><W132/><G132/><T26/><D46/><U119/><E119/><V73/><F32/><W116/><G116/><T65/><D11/><U53/><E53/><V18/><F73/><W42/><G42/><T92/><D65/><N who="1" m="25195" /><E69/><V12/><F18/><W23/><G23/><T120/><D70/><U10/><E10/><V133/><F133/><W13/><G13/><T127/><D15/><U129/><E25/><RYUUKYOKU ba="1,1" sc="392,-10,120,-10,322,-10,156,30" hai3="14,16,21,61,67,68,93,97,98,100,103,124,125" /><INIT seed="7,2,1,4,5,5" ten="382,110,312,186" oya="3" hai0="49,17,99,0,98,53,16,10,128,101,97,108,81" hai1="23,95,39,83,44,32,37,19,113,132,12,87,134" hai2="25,79,68,27,13,14,70,135,130,71,9,85,52" hai3="107,31,67,6,76,11,116,115,1,66,124,84,129"/><W91/><G116/><T117/><D128/><U42/><E32/><V90/><F130/><W88/><G115/><T125/><D108/><U46/><E113/><V2/><F79/><W59/><G124/><T57/><D125/><U38/><E95/><V65/><F65/><W104/><G129/><T69/><D69/><U80/><E87/><V103/><F103/><W86/><G31/><T3/><D117/><U114/><E114/><V78/><F78/><W63/><G66/><T131/><D131/><U28/><E28/><V93/><F135/><W100/><G76/><T36/><D36/><U133/><REACH who="1" step="1"/><E42/><REACH who="1" ten="382,100,312,186" step="2"/><V74/><F74/><W77/><G77/><T89/><D81/><AGARI ba="2,2" hai="12,19,23,37,38,39,44,46,80,81,83,132,133,134" machi="81" ten="50,6400,0" yaku="1,1,2,1,20,1,53,0" doraHai="5" doraHaiUra="106" who="1" fromWho="0" sc="382,-70,100,90,312,0,186,0" owari="312,41.0,190,-21.0,312,11.0,186,-31.0" /></mjloggm>