<mjloggm ver="2.3"><GO type="41" lobby="0"/><UN n0="%74%74%30%39%32%39" n1="%E3%81%AA%E3%81%AA%E3%81%BF%E3%82%93%E3%81%94" n2="%E5%B0%B1%E6%B4%BB%E7%94%9F%40%E5%B7%9D%E6%9D%91%E8%BB%8D%E5%9B%A3" n3="%E3%81%82%E3%81%BC%E3%81%A1%E3%82%83%E3%82%93" dan="14,13,17,13" rate="1956.63,1961.45,2182.96,1855.11" sx="M,M,M,M"/><TAIKYOKU oya="0"/><INIT seed="0,0,0,3,1,73" ten="250,250,250,250" oya="0" hai0="99,31,67,27,65,98,80,112,75,133,84,26,90" hai1="40,3,114,38,24,34,47,62,29,135,6,92,131" hai2="87,105,1,107,101,93,37,64,89,66,33,59,88" hai3="0,7,79,28,63,113,128,18,116,72,5,19,111"/><T106/><D75/><U115/><E131/><V69/><F69/><W91/><G116/><T117/><D117/><U23/><E23/><V108/><F108/><W4/><G113/><T21/><D112/><U14/><E14/><V100/><F33/><W132/><G111/><T50/><D133/><U124/><E92/><V8/><F37/><W68/><G128/><T54/><D106/><U95/><E95/><V96/><F1/><W44/><G132/><T32/><D67/><U97/><E135/><V60/><F66/><W52/><G28/><T134/><D65/><U46/><E62/><V76/><F8/><W81/><G91/><T78/><D134/><U41/><E97/><V43/><F43/><W109/><G109/><T13/><D13/><U48/><E124/><V51/><F51/><W110/><G110/><T70/><D70/><U74/><REACH who="1" step="1"/><E74/><REACH who="1" ten="250,240,250,250" step="2"/><V53/><F105/><W20/><G0/><T82/><D82/><U42/><E42/><V49/><F107/><W120/><G120/><T55/><D55/><U17/><E17/><V22/><F22/><W121/><G121/><T16/><REACH who="0" step="1"/><D90/><REACH who="0" ten="240,240,250,250" step="2"/><U39/><E39/><V77/><F89/><W127/><G127/><T123/><D123/><U130/><E130/><V125/><F125/><W12/><G68/><T126/><D126/><U36/><E36/><V129/><F129/><W2/><G2/><T56/><AGARI ba="0,2" hai="16,21,26,27,31,32,50,54,56,78,80,84,98,99" machi="56" ten="20,12000,1" yaku="1,1,0,1,7,1,52,1,54,1,53,0" doraHai="73" doraHaiUra="9" who="0" fromWho="0" sc="240,140,240,-40,250,-40,250,-40" /><INIT seed="0,1,0,2,5,134" ten="380,200,210,210" oya="0" hai0="135,101,113,19,114,52,60,13,129,2,39,65,112" hai1="45,81,62,11,1,71,102,90,22,9,8,58,72" hai2="54,117,4,118,121,6,132,107,83,103,68,38,86" hai3="109,110,88,77,5,89,64,82,108,79,46,123,32"/><T10/><D39/><U120/><E71/><V116/><F132/><W23/><G32/><T93/><D2/><U128/><E128/><V85/><F121/><W14/><G64/><T42/><D42/><U115/><E115/><V16/><F68/><W78/><G5/><T40/><D40/><U61/><E102/><V80/><F38/><W106/><G106/><T70/><D135/><U76/><E90/><N who="3" m="34922" /><G46/><T91/><D101/><U131/><E131/><V100/><F54/><W127/><G23/><T96/><D129/><U87/><E120/><V74/><F116/><W48/><G14/><T21/><D10/><U43/><E22/><V33/><F33/><W63/><G63/><T35/><D35/><U75/><E1/><V84/><F84/><W12/><G12/><T17/><D17/><U98/><E98/><V69/><F69/><W47/><G127/><T3/><D3/><U122/><E122/><V15/><F15/><W27/><G27/><T25/><D13/><U7/><E7/><V24/><F24/><W119/><G119/><T53/><AGARI ba="1,0" hai="19,21,25,52,53,60,65,70,91,93,96,112,113,114" machi="53" ten="40,3900,0" yaku="0,1,54,1" doraHai="134" who="0" fromWho="0" sc="380,42,200,-14,210,-14,210,-14" /><INIT seed="0,2,0,5,2,132" ten="422,186,196,196" oya="0" hai0="24,102,92,67,111,78,33,52,110,61,123,63,57" hai1="121,34,94,45,20,80,11,51,70,104,8,82,22" hai2="122,131,5,100,14,96,128,44,60,40,106,16,48" hai3="97,17,126,64,41,65,35,69,113,73,83,108,133"/><T79/><D123/><U32/><E104/><V0/><F122/><W2/><G108/><N who="0" m="41515" /><D33/><U129/><E70/><V13/><F0/><W30/><G2/><T86/><D24/><U93/><E129/><V53/><F5/><W7/><G113/><T42/><D42/><U21/><E51/><V28/><F28/><W77/><G133/><T119/><D119/><U3/><E45/><V12/><F60/><W58/><G126/><T114/><D114/><U1/><E121/><V76/><F76/><W59/><G41/><T95/><D102/><U130/><E130/><N who="2" m="49707" /><F40/><W39/><G39/><T124/><D124/><U43/><E43/><V36/><F36/><W25/><G7/><T134/><D134/><U38/><E21/><AGARI ba="2,0" hai="12,13,14,16,21,44,48,53,96,100,106" m="49707" machi="21" ten="30,2000,0" yaku="19,1,54,1" doraHai="132" who="2" fromWho="1" sc="422,0,186,-26,196,26,196,0" /><INIT seed="1,0,0,3,0,134" ten="422,160,222,196" oya="1" hai0="130,9,2,26,43,48,98,84,82,112,15,63,17" hai1="23,125,59,97,54,72,19,78,11,94,108,113,56" hai2="52,126,106,69,33,77,1,45,123,68,80,81,36" hai3="110,16,38,90,30,66,83,34,99,6,111,31,133"/><U65/><E113/><V37/><F33/><W10/><G38/><T50/><D112/><U47/><E125/><V91/><F1/><W75/><G133/><T89/><D2/><U29/><E72/><V121/><F106/><W87/><G34/><T114/><D114/><U46/><E78/><V25/><F25/><W79/><G66/><T107/><D107/><U39/><E39/><V0/><F0/><W18/><G31/><T74/><D74/><U58/><E65/><V21/><F21/><W132/><G30/><T27/><D130/><U120/><E120/><V28/><F28/><W5/><G99/><T57/><D98/><U14/><E54/><V129/><F129/><W103/><G103/><T116/><D116/><U41/><E41/><V55/><F91/><W35/><G35/><T85/><D85/><U32/><E32/><V53/><F45/><N who="1" m="16905" /><E108/><N who="3" m="41514" /><G6/><T64/><D43/><U115/><E115/><V12/><F12/><N who="3" m="5199" /><G132/><T8/><D8/><U122/><E122/><V71/><F77/><W70/><G70/><T131/><D131/><U61/><E29/><V51/><F51/><AGARI ba="0,0" hai="9,15,17,26,27,48,50,51,57,63,64,82,84,89" machi="51" ten="40,1300,0" yaku="8,1" doraHai="134" who="0" fromWho="2" sc="422,13,160,0,222,-13,196,0" /><INIT seed="2,0,0,5,3,36" ten="435,160,209,196" oya="2" hai0="78,27,102,32,62,39,29,108,46,72,96,40,49" hai1="79,110,87,52,26,106,18,103,69,118,10,123,7" hai2="23,104,0,65,109,80,88,135,133,90,127,68,76" hai3="112,95,117,48,38,84,9,14,24,30,124,111,22"/><V115/><F0/><W11/><G111/><T130/><D108/><U77/><E69/><V42/><F109/><W41/><G38/><T17/><D130/><U122/><E110/><V86/><F115/><W121/><G117/><T120/><D120/><N who="1" m="46123" /><E118/><V129/><F104/><W6/><G121/><T119/><D119/><U3/><E106/><V66/><F129/><W47/><G112/><T85/><D85/><U89/><E103/><V50/><F127/><W63/><G124/><T73/><D17/><U20/><E52/><V64/><F68/><W45/><G63/><T71/><D49/><U57/><E57/><V37/><F37/><W54/><G11/><T5/><D5/><U125/><E125/><V113/><F23/><W134/><G134/><N who="2" m="51209" /><F113/><W58/><G41/><T15/><D15/><U13/><E3/><V82/><F80/><AGARI ba="0,0" hai="7,10,13,18,20,26,77,79,80,87,89" m="46123" machi="80" ten="30,1000,0" yaku="13,1" doraHai="36" who="1" fromWho="2" sc="435,0,160,10,209,-10,196,0" /><INIT seed="3,0,0,1,1,71" ten="435,170,199,196" oya="3" hai0="32,129,110,83,111,97,5,133,84,118,90,13,24" hai1="51,52,79,102,99,54,1,95,122,27,73,116,64" hai2="22,31,89,8,77,4,62,47,112,120,107,14,11" hai3="36,38,94,2,131,10,41,35,7,93,66,43,58"/><W59/><G35/><T25/><D118/><U130/><E122/><V75/><F120/><W100/><G131/><T124/><D32/><U33/><E1/><V91/><F112/><W104/><G104/><T3/><D129/><U132/><E130/><V68/><F107/><W106/><G106/><T50/><D3/><U56/><E132/><V123/><F123/><W87/><G100/><T80/><D133/><U29/><E116/><V114/><F114/><W98/><G87/><T74/><D124/><U72/><E79/><V18/><F47/><W103/><G66/><T63/><D97/><U115/><E115/><V55/><F31/><W28/><G28/><T70/><D70/><U42/><E64/><V88/><F8/><W108/><G108/><N who="0" m="41515" /><D63/><U125/><E125/><V48/><F77/><W113/><G113/><T45/><D74/><U65/><E65/><V119/><F75/><W6/><G103/><T135/><D135/><U127/><E127/><V37/><F119/><W40/><G98/><T101/><D101/><U19/><E19/><V30/><F62/><W92/><REACH who="3" step="1"/><G7/><REACH who="3" ten="435,170,199,186" step="2"/><T85/><D5/><U67/><E67/><V109/><F68/><W26/><G26/><T61/><D13/><U117/><E117/><V96/><F109/><W0/><G0/><T121/><D121/><U78/><E78/><V57/><F96/><W44/><G44/><T46/><D46/><N who="1" m="26071" /><E72/><V53/><F30/><W17/><G17/><T49/><D45/><U20/><E73/><V23/><F4/><W60/><G60/><T126/><D126/><U81/><E33/><V21/><F55/><RYUUKYOKU ba="0,1" sc="435,-15,170,-15,199,15,186,15" hai2="11,14,18,21,22,23,37,48,53,57,88,89,91" hai3="2,6,10,36,38,40,41,43,58,59,92,93,94" /><INIT seed="3,1,1,1,1,5" ten="420,155,214,201" oya="3" hai0="69,104,48,21,134,79,82,35,54,75,25,105,77" hai1="56,71,84,89,47,14,29,121,49,119,112,37,46" hai2="100,131,115,23,26,94,16,111,127,1,38,87,2" hai3="65,117,126,95,4,45,24,44,72,93,6,62,20"/><W91/><G117/><T107/><D69/><U10/><E71/><V97/><F115/><W85/><G72/><T59/><D35/><U12/><E121/><V7/><F38/><W40/><G126/><T9/><D134/><U108/><E108/><V41/><F127/><W106/><G106/><T57/><D79/><U27/><E112/><V132/><F111/><W32/><G32/><T118/><D118/><U34/><E14/><V80/><F132/><W66/><G95/><T3/><D59/><U116/><E37/><V39/><F131/><W90/><G90/><T124/><D124/><U135/><E135/><V51/><F39/><W120/><G120/><T11/><REACH who="0" step="1"/><D3/><REACH who="0" ten="410,155,214,201" step="2"/><U33/><E56/><V63/><F2/><W74/><G74/><T102/><D102/><U78/><E78/><V70/><F1/><W8/><G45/><T0/><D0/><U42/><E46/><V18/><F70/><W110/><G110/><T64/><D64/><U36/><E34/><V17/><F63/><W15/><G66/><T50/><D50/><U67/><E67/><V130/><F130/><W92/><G65/><T30/><AGARI ba="1,2" hai="9,11,21,25,30,48,54,57,75,77,82,104,105,107" machi="30" ten="30,8000,1" yaku="1,1,0,1,52,2,53,1" doraHai="5" doraHaiUra="22" who="0" fromWho="0" sc="410,103,155,-21,214,-21,201,-41" /><INIT seed="4,0,0,5,4,40" ten="513,134,193,160" oya="0" hai0="2,31,119,118,35,67,29,110,33,87,36,22,75" hai1="20,39,129,30,74,12,51,104,123,19,0,122,69" hai2="96,131,83,3,11,124,71,16,130,108,62,34,91" hai3="114,112,63,134,59,90,113,26,97,6,50,54,14"/><T61/><D36/><U128/><E39/><V9/><F108/><W52/><G134/><T126/><D75/><U43/><E69/><V53/><F34/><W15/><G26/><T78/><D78/><U56/><E74/><V13/><F124/><W37/><G37/><T7/><D87/><U88/><E104/><V72/><F72/><W98/><G6/><T47/><D61/><U135/><E135/><V116/><F116/><W106/><G106/><T117/><D67/><U8/><E56/><V32/><F32/><N who="0" m="12362" /><D47/><N who="1" m="26111" /><E30/><N who="0" m="11273" /><D126/><U48/><E48/><V85/><F96/><N who="3" m="36971" /><G90/><T70/><D70/><U92/><E0/><V24/><F3/><W41/><G41/><T17/><D110/><U42/><E42/><V84/><F24/><W86/><G86/><T55/><D55/><U120/><E8/><V46/><F9/><W21/><G21/><T18/><D22/><U105/><E105/><V89/><F71/><W125/><G125/><T80/><D80/><U127/><E127/><V102/><F102/><W93/><G93/><T44/><D44/><AGARI ba="0,0" hai="14,15,44,50,52,54,59,63,112,113,114" m="36971" machi="44" ten="30,3900,0" yaku="15,1,52,1,54,1" doraHai="40" who="3" fromWho="0" sc="513,-39,134,0,193,0,160,39" /><INIT seed="5,0,0,5,1,92" ten="474,134,193,199" oya="1" hai0="114,135,106,38,15,133,113,6,115,117,62,41,18" hai1="73,119,56,29,54,95,102,23,93,86,45,30,52" hai2="48,120,3,55,71,88,33,26,82,105,12,90,5" hai3="51,125,70,11,35,128,4,16,94,127,134,27,50"/><U43/><E73/><V63/><F120/><W79/><G70/><T130/><D106/><U89/><E119/><V39/><F39/><W112/><G79/><T34/><D41/><U59/><E23/><V85/><F3/><W129/><G94/><T44/><D38/><U57/><E102/><V37/><F37/><W21/><G112/><T77/><D77/><U58/><N who="1" m="14848" /><DORA hai="132" /><U8/><E95/><V72/><F72/><W76/><G76/><T81/><D44/><U24/><E8/><V107/><F48/><N who="3" m="18475" /><G35/><T108/><D81/><U22/><E29/><V2/><F2/><N who="3" m="407" /><G134/><N who="0" m="51211" /><D62/><U60/><E60/><V7/><F55/><N who="1" m="21033" /><E45/><V32/><F63/><W91/><G91/><T100/><D100/><U9/><E9/><V20/><F71/><W80/><G80/><T97/><D97/><U28/><E28/><V87/><F82/><W84/><G84/><T101/><D101/><U0/><E0/><V1/><F1/><W109/><G109/><T74/><D108/><U46/><E46/><V19/><F105/><W116/><G116/><T40/><D74/><U53/><N who="1" m="21041" /><U31/><DORA hai="36" /><E31/><V65/><F107/><W25/><G25/><T123/><D117/><U78/><E78/><V17/><F26/><W98/><G98/><T14/><D34/><U96/><E96/><V61/><F61/><W42/><G42/><AGARI ba="0,0" hai="22,24,30,42,43,86,89,93" m="21041,14848" machi="42" ten="50,12000,1" yaku="8,1,52,2,54,1" doraHai="92,132,36" who="1" fromWho="3" sc="474,0,134,120,193,0,199,-120" /><INIT seed="5,1,0,3,2,11" ten="474,254,193,79" oya="1" hai0="5,13,127,25,32,111,1,26,116,4,90,63,101" hai1="69,82,39,130,86,134,62,122,125,28,72,118,14" hai2="91,133,22,21,81,132,17,45,74,33,64,29,23" hai3="77,87,49,0,59,19,61,88,113,106,98,96,123"/><U37/><E122/><V119/><F119/><W94/><G123/><T110/><D101/><U103/><E118/><V20/><F64/><W31/><G0/><T12/><D63/><U51/><E130/><V135/><F74/><W66/><G113/><T108/><D90/><U47/><E134/><V38/><F38/><W65/><G31/><T43/><D43/><U85/><E72/><V36/><F36/><W46/><G106/><T83/><D83/><U40/><E28/><V15/><F45/><W24/><G77/><T44/><D44/><U128/><E128/><V78/><F78/><W112/><G66/><T10/><D116/><U76/><E125/><V6/><F81/><W95/><G112/><T120/><D120/><U3/><E3/><V42/><F42/><W68/><G68/><T97/><D97/><U60/><E103/><V129/><F91/><W105/><G105/><T131/><D131/><U79/><E62/><V18/><F129/><W8/><G95/><T104/><D104/><U54/><E69/><V9/><N who="2" m="5120" /><DORA hai="124" /><V117/><REACH who="2" step="1"/><F117/><REACH who="2" ten="474,254,183,79" step="2"/><W80/><G80/><T56/><D127/><U115/><E115/><V53/><F53/><N who="3" m="29879" /><G24/><AGARI ba="1,1" hai="6,9,15,17,18,24,29,33,132,133,135" m="5120" machi="24" ten="60,12000,2" yaku="1,1,20,1,34,3,52,1,53,1" doraHai="11,124" doraHaiUra="48,30" who="2" fromWho="3" sc="474,0,254,0,183,133,79,-123" owari="474,57.0,254,-15.0,316,12.0,-44,-54.0" /></mjloggm>