<mjloggm ver="2.3"><GO type="169" lobby="0"/><UN n0="%E7%B5%B6%E5%AF%BE%E4%B9%B1%E8%88%9E" n1="%64%6F%6E%63%68%61%6E%33" n2="%6A%69%6E%6B%61%69" n3="%E5%B0%B1%E6%B4%BB%E7%94%9F%40%E5%B7%9D%E6%9D%91%E8%BB%8D%E5%9B%A3" dan="17,16,16,17" rate="2143.18,2176.29,2077.41,2226.43" sx="F,M,M,M"/><TAIKYOKU oya="0"/><INIT seed="0,0,0,2,4,133" ten="250,250,250,250" oya="0" hai0="92,48,9,18,47,2,15,4,107,95,113,116,49" hai1="134,67,33,24,129,125,20,64,62,41,73,131,28" hai2="99,66,22,106,55,119,83,97,78,130,45,17,122" hai3="39,111,72,42,52,65,27,98,103,74,114,71,101"/><T37/><D107/><U69/><E73/><V126/><F122/><W110/><G114/><T63/><D113/><U53/><E134/><V43/><F119/><W100/><G98/><T84/><D116/><U10/><E67/><V105/><F66/><W3/><G3/><T60/><D37/><U21/><E41/><V11/><F11/><W112/><G112/><T12/><D2/><U6/><E53/><V94/><F55/><W81/><G81/><T88/><D92/><U13/><REACH who="1" step="1"/><E125/><REACH who="1" ten="250,240,250,250" step="2"/><V32/><F126/><W77/><G52/><N who="0" m="29727" /><D49/><U86/><E86/><V0/><F43/><W35/><G42/><T29/><D29/><U38/><E38/><V117/><F117/><W79/><G72/><T115/><D115/><U44/><E44/><V87/><F87/><W1/><G39/><T50/><D50/><U54/><E54/><V40/><F45/><W135/><G74/><T120/><D120/><U59/><E59/><V23/><F40/><W16/><G135/><T5/><D5/><U96/><E96/><V76/><F97/><W36/><G36/><T121/><D121/><U82/><E82/><V128/><F99/><W7/><G7/><T31/><D31/><U14/><E14/><V30/><F83/><W124/><G1/><T118/><D118/><U91/><E91/><V104/><F0/><W8/><G124/><T61/><D61/><U34/><E34/><V85/><F32/><W51/><G35/><T58/><D58/><U19/><E19/><V26/><F85/><W123/><G123/><T93/><D93/><U89/><E89/><V56/><F94/><RYUUKYOKU ba="0,1" sc="250,15,240,15,250,-15,250,-15" hai0="4,9,12,15,18,60,63,84,88,95" hai1="6,10,13,20,21,24,28,33,62,64,69,129,131" /><INIT seed="0,1,1,0,1,2" ten="265,255,235,235" oya="0" hai0="68,38,44,19,15,95,114,20,106,113,8,54,124" hai1="116,81,55,26,75,35,62,130,119,3,80,120,45" hai2="108,31,33,90,56,97,11,73,59,66,121,32,64" hai3="24,123,41,63,102,30,57,117,89,5,27,37,77"/><T28/><D106/><U131/><E120/><V67/><F73/><W58/><G117/><T6/><D68/><U4/><E62/><V16/><F108/><W115/><G115/><T12/><D124/><U23/><E55/><V36/><F36/><W93/><G123/><T18/><D28/><N who="1" m="19863" /><E45/><V111/><F111/><W53/><G102/><T13/><D95/><U48/><E48/><V79/><F121/><W125/><G125/><T43/><REACH who="0" step="1"/><D54/><REACH who="0" ten="255,255,235,235" step="2"/><U84/><E119/><V10/><F67/><W29/><G93/><T17/><D17/><U96/><E116/><V22/><F66/><W87/><G53/><T69/><D69/><U50/><E131/><V86/><F64/><W0/><G30/><T60/><D60/><U103/><E130/><V129/><F31/><W135/><G63/><T78/><D78/><U83/><E83/><N who="2" m="49503" /><F79/><W52/><G77/><T34/><D34/><U14/><E80/><V9/><F129/><W7/><G52/><T132/><D132/><U100/><E81/><V118/><F32/><W76/><G76/><T39/><D39/><U112/><E112/><V71/><F33/><W85/><G37/><T98/><D98/><U134/><E96/><V70/><F118/><W127/><G29/><T126/><D126/><U61/><E134/><V92/><F71/><W46/><G127/><T101/><D101/><U21/><E61/><V88/><F70/><W74/><G135/><T40/><D40/><U133/><E100/><V49/><F49/><W25/><G41/><T94/><D94/><U105/><E103/><V99/><F99/><W1/><G74/><RYUUKYOKU ba="1,2" sc="255,15,255,-15,235,15,235,-15" hai0="6,8,12,13,15,18,19,20,38,43,44,113,114" hai2="9,10,11,16,22,56,59,88,92,97" /><INIT seed="0,2,2,3,2,9" ten="270,240,250,220" oya="0" hai0="79,91,43,105,11,123,58,87,120,30,13,29,124" hai1="103,41,99,66,23,2,70,85,8,89,106,57,122" hai2="5,10,73,97,34,17,81,25,132,96,131,63,60" hai3="44,126,22,113,42,116,67,15,53,114,62,0,109"/><T35/><D105/><U83/><E122/><V121/><F121/><W86/><G0/><T88/><D124/><U12/><E70/><V112/><F112/><W115/><G116/><T48/><D35/><U82/><E41/><V40/><F131/><W134/><G134/><T36/><D36/><U68/><E68/><V28/><F132/><W47/><G126/><T108/><D123/><U92/><E2/><V61/><F40/><W72/><G72/><T107/><D107/><U26/><E57/><V32/><F32/><W50/><G109/><T133/><D133/><U98/><E66/><V127/><F17/><W59/><G86/><T19/><D108/><U80/><E99/><V1/><REACH who="2" step="1"/><F127/><REACH who="2" ten="270,240,240,220" step="2"/><W56/><G42/><T101/><D120/><U24/><REACH who="1" step="1"/><E23/><REACH who="1" ten="270,230,240,220" step="2"/><V111/><F111/><W49/><G22/><T55/><D43/><U118/><E118/><V52/><F52/><W21/><G21/><T33/><D33/><U64/><E64/><V129/><F129/><W27/><G113/><T100/><D55/><U74/><E74/><V16/><F16/><AGARI ba="2,4" hai="8,12,16,24,26,80,82,83,85,89,92,98,103,106" machi="16" ten="40,5200,0" yaku="1,1,52,1,54,1,53,0" doraHai="9" doraHaiUra="75" who="1" fromWho="2" sc="270,0,230,98,240,-58,220,0" /><INIT seed="1,0,0,1,4,88" ten="270,328,182,220" oya="1" hai0="27,108,135,92,31,49,110,61,45,78,67,130,118" hai1="123,41,75,107,87,24,121,44,97,34,10,90,35" hai2="83,81,96,6,73,76,119,40,2,69,59,77,114" hai3="85,98,112,132,7,100,33,103,18,28,48,5,91"/><U23/><E75/><V133/><F119/><W116/><G112/><T93/><D118/><U46/><E10/><N who="2" m="2391" /><F59/><W72/><G72/><T9/><D78/><U20/><E44/><V68/><F114/><W63/><G116/><T102/><D102/><U125/><E125/><V3/><F77/><W8/><G132/><T129/><D9/><U54/><E54/><V37/><F81/><W4/><G63/><T56/><D135/><U99/><E20/><V53/><F53/><W14/><G98/><T126/><D126/><U60/><E60/><V55/><F55/><W120/><G120/><T89/><D89/><U57/><E57/><V105/><F3/><W16/><G18/><T104/><D104/><U36/><E36/><V117/><F133/><W101/><G48/><T52/><D27/><U17/><E99/><V43/><F43/><W47/><G47/><T134/><D31/><U50/><E34/><V66/><F66/><W113/><G113/><T109/><REACH who="0" step="1"/><D134/><REACH who="0" ten="260,328,182,220" step="2"/><U94/><E35/><V11/><F117/><W39/><G33/><T58/><D58/><U79/><E79/><V1/><F11/><W26/><G26/><T128/><AGARI ba="0,1" hai="45,49,52,56,61,67,92,93,108,109,110,128,129,130" machi="128" ten="40,16000,3" yaku="1,1,0,1,14,1,19,1,52,2,54,1,53,1" doraHai="88" doraHaiUra="42" who="0" fromWho="0" sc="260,170,328,-80,182,-40,220,-40" /><INIT seed="2,0,0,2,2,101" ten="430,248,142,180" oya="2" hai0="106,135,112,125,56,61,36,115,59,60,129,10,77" hai1="113,73,9,133,30,13,89,132,28,6,86,12,15" hai2="34,83,84,35,33,38,96,91,45,123,23,75,109" hai3="3,67,46,128,99,49,88,80,22,102,27,52,50"/><V44/><F123/><W26/><G3/><T116/><D36/><U57/><E73/><V40/><F109/><W87/><G128/><T127/><D129/><U118/><E57/><N who="0" m="22089" /><D77/><U29/><E118/><V4/><F4/><W8/><G67/><T18/><D116/><U5/><E113/><V63/><F75/><W111/><G111/><T47/><D47/><U31/><N who="1" m="7168" /><DORA hai="65" /><U2/><REACH who="1" step="1"/><E5/><REACH who="1" ten="430,238,142,180" step="2"/><V103/><F45/><W39/><G39/><T53/><D112/><U104/><E104/><V71/><F23/><W21/><G50/><T93/><D115/><U62/><E62/><V70/><REACH who="2" step="1"/><F63/><REACH who="2" ten="430,238,132,180" step="2"/><W55/><G21/><T41/><D60/><U24/><E24/><V126/><F126/><W117/><G117/><T0/><D61/><U48/><E48/><V66/><F66/><W94/><G26/><T85/><D125/><U107/><E107/><AGARI ba="0,2" hai="33,34,35,38,40,44,70,71,83,84,91,96,103,107" machi="107" ten="40,18000,2" yaku="1,1,52,3,53,2" doraHai="101,65" doraHaiUra="69,97" who="2" fromWho="1" sc="430,0,238,-180,132,200,180,0" /><INIT seed="2,1,0,2,4,81" ten="430,58,332,180" oya="2" hai0="47,73,86,128,1,42,25,117,18,84,44,75,3" hai1="23,112,92,21,55,52,99,7,40,48,6,78,105" hai2="101,126,103,113,12,46,56,62,80,60,29,77,45" hai3="43,31,122,100,106,4,37,22,59,132,96,89,115"/><V49/><F113/><W88/><G122/><T116/><D25/><U53/><E112/><V10/><F29/><W64/><G115/><T38/><D18/><U97/><E78/><V63/><F56/><W85/><G132/><T111/><D111/><U134/><E134/><V26/><F26/><W34/><G34/><T70/><D70/><U36/><E36/><V90/><F90/><W61/><G4/><N who="1" m="1578" /><E105/><V125/><F12/><W15/><G89/><T131/><D38/><U130/><E130/><V129/><F10/><W67/><G43/><AGARI ba="1,0" hai="1,3,42,43,44,47,73,75,84,86,116,117,128,131" machi="43" ten="25,6400,0" yaku="22,2,52,2" doraHai="81" who="0" fromWho="3" sc="430,67,58,0,332,0,180,-67" /><INIT seed="3,0,0,0,1,52" ten="497,58,332,113" oya="3" hai0="21,100,73,48,25,57,112,134,86,44,78,129,19" hai1="49,33,38,59,10,55,27,126,85,74,79,6,61" hai2="36,88,7,120,87,72,111,17,107,23,0,65,113" hai3="11,104,22,56,39,12,40,31,53,54,108,2,80"/><W66/><G104/><T58/><D73/><U101/><E38/><V20/><F72/><W16/><G108/><T91/><D129/><U18/><E126/><V132/><F36/><W69/><G69/><T116/><D116/><U123/><E123/><V135/><F107/><W125/><G125/><T81/><D134/><N who="2" m="51242" /><F113/><W131/><G131/><T130/><D130/><U34/><E74/><V70/><F111/><W127/><G127/><T118/><D112/><U4/><E101/><V14/><F120/><W75/><G75/><T64/><D64/><U47/><E18/><V83/><F23/><W15/><G80/><T8/><D100/><U77/><E4/><V114/><F114/><W93/><G93/><T71/><D71/><U32/><E27/><V117/><F117/><W9/><G2/><T121/><D121/><U3/><REACH who="1" step="1"/><E85/><REACH who="1" ten="497,48,332,113" step="2"/><V35/><F17/><N who="3" m="8335" /><G39/><T24/><D24/><U46/><E46/><V106/><F87/><W119/><G119/><T13/><D118/><U98/><E98/><V103/><F7/><W105/><G105/><T41/><D78/><U90/><E90/><V124/><F103/><W122/><G122/><T99/><D99/><U110/><E110/><V37/><F106/><W94/><G31/><AGARI ba="0,1" hai="8,13,19,21,25,31,41,44,48,57,58,81,86,91" machi="31" ten="30,7700,0" yaku="7,1,8,1,52,2" doraHai="52" who="0" fromWho="3" sc="497,87,48,0,332,0,113,-77" /><INIT seed="4,0,0,5,5,112" ten="584,48,332,36" oya="0" hai0="70,106,93,11,84,28,17,61,5,30,18,60,78" hai1="130,64,133,102,120,21,126,2,34,13,32,121,98" hai2="124,71,62,56,107,43,127,99,19,42,113,8,36" hai3="74,1,68,109,123,131,10,24,118,73,69,100,132"/><T6/><D106/><U80/><E2/><V125/><F99/><W83/><G24/><T45/><D70/><U105/><E130/><V31/><F31/><W15/><G100/><T59/><D59/><U47/><E64/><V29/><F29/><W115/><G83/><T49/><D93/><U46/><E133/><V54/><F19/><W53/><G15/><T128/><D49/><U85/><E126/><V77/><F77/><W26/><G26/><T51/><D51/><U103/><E103/><V134/><F8/><W40/><G10/><T110/><D45/><U65/><E65/><V7/><F7/><W96/><G96/><T25/><D11/><U82/><E82/><V90/><F90/><W75/><G53/><T72/><D25/><U63/><E63/><V20/><F20/><W91/><G40/><T117/><D84/><U101/><E101/><V114/><F134/><W9/><G9/><T14/><D14/><U81/><E81/><V27/><F27/><W97/><G97/><T0/><D78/><U88/><E47/><V57/><F107/><W79/><G91/><T104/><D104/><U50/><E120/><V37/><F71/><W41/><G79/><T76/><D76/><U4/><E121/><V108/><F108/><W89/><G89/><T35/><D110/><U86/><E86/><V44/><F57/><W111/><G111/><T55/><D0/><U92/><E105/><V94/><F94/><W95/><G109/><T52/><D72/><U122/><E122/><V48/><F37/><W3/><G75/><T87/><D6/><U116/><E4/><RYUUKYOKU ba="0,0" sc="584,-10,48,-10,332,30,36,-10" hai2="36,42,43,44,48,54,56,62,113,114,124,125,127" /><INIT seed="5,1,0,0,0,47" ten="574,38,362,26" oya="1" hai0="6,98,24,17,68,51,133,53,88,19,20,37,8" hai1="11,35,84,65,97,66,121,27,114,58,108,70,119" hai2="56,90,36,61,9,23,28,4,87,69,18,13,130" hai3="73,96,95,45,21,127,89,48,72,60,80,122,63"/><U82/><E119/><V25/><F69/><W116/><G122/><T55/><D37/><U115/><E121/><V5/><F36/><W15/><G116/><T109/><D68/><U41/><E108/><V120/><F120/><W16/><G127/><T102/><D109/><U134/><E134/><V46/><F130/><W118/><G118/><T0/><D133/><U71/><E41/><V106/><F106/><W38/><G38/><T83/><D19/><U59/><E97/><V129/><F129/><W54/><REACH who="3" step="1"/><G80/><REACH who="3" ten="574,38,362,16" step="2"/><T112/><D83/><U10/><E82/><V62/><F46/><W43/><G43/><T125/><D125/><U132/><E132/><V64/><F61/><AGARI ba="1,1" hai="15,16,21,45,48,54,60,61,63,72,73,89,95,96" machi="61" ten="40,5200,0" yaku="1,1,52,1,54,1,53,0" doraHai="47" doraHaiUra="76" who="3" fromWho="2" sc="574,0,38,0,362,-55,16,65" /><INIT seed="6,0,0,5,0,121" ten="574,38,307,81" oya="2" hai0="64,29,4,87,9,92,118,90,27,25,0,82,22" hai1="95,60,54,30,37,39,35,7,105,69,43,57,93" hai2="85,84,21,75,12,49,122,71,91,2,14,36,108" hai3="115,135,6,116,3,20,127,61,101,40,72,73,68"/><V96/><F49/><W63/><G20/><T103/><D118/><U99/><E7/><V111/><F21/><W120/><G61/><T46/><D64/><U131/><E131/><V45/><F45/><W124/><G40/><T31/><D46/><U128/><E128/><V112/><F112/><W88/><G63/><T81/><D103/><U97/><E105/><V5/><F122/><W86/><G6/><T129/><D129/><U134/><E134/><V50/><F75/><W15/><G15/><T56/><D56/><U98/><E69/><V19/><F71/><W38/><G101/><T41/><D41/><U28/><E43/><V59/><F36/><W13/><G13/><N who="2" m="5225" /><F19/><W48/><G48/><T32/><AGARI ba="0,0" hai="0,4,9,22,25,27,29,31,32,81,82,87,90,92" machi="32" ten="20,1500,0" yaku="0,1,7,1" doraHai="121" who="0" fromWho="0" sc="574,15,38,-4,307,-7,81,-4" /><INIT seed="7,0,0,3,0,38" ten="589,34,300,77" oya="3" hai0="95,51,18,125,78,32,41,22,68,85,17,43,128" hai1="7,90,72,123,54,64,28,134,48,107,76,16,87" hai2="83,9,67,69,33,2,119,47,104,101,53,52,13" hai3="96,12,71,126,14,56,118,105,61,44,73,0,133"/><W92/><G0/><T25/><D68/><U86/><E123/><V24/><F2/><W74/><G105/><T3/><D3/><U49/><E134/><V88/><F47/><W75/><G71/><T80/><D32/><U131/><E131/><V81/><F88/><W132/><G126/><T109/><D109/><U42/><E107/><V121/><F83/><W39/><G44/><T117/><D117/><U127/><E127/><V63/><F81/><W112/><G39/><T91/><D128/><U1/><E72/><V46/><F46/><W124/><G112/><T20/><D51/><N who="1" m="19531" /><E1/><V114/><F114/><W60/><G124/><T40/><D125/><U122/><E122/><V45/><F45/><W59/><G118/><T129/><D129/><U89/><E7/><N who="2" m="3263" /><F121/><W50/><G50/><T116/><D116/><U103/><E103/><V34/><F34/><W6/><G6/><T99/><D22/><U111/><E111/><V58/><F58/><W26/><G59/><T106/><D106/><U62/><E28/><AGARI ba="0,0" hai="17,18,20,25,28,40,41,43,78,80,85,91,95,99" machi="28" ten="40,8000,1" yaku="8,1,52,3" doraHai="38" who="0" fromWho="1" sc="589,80,34,-80,300,0,77,0" owari="669,77.0,-46,-55.0,300,10.0,77,-32.0" /></mjloggm>