<mjloggm ver="2.3"><GO type="169" lobby="0"/><UN n0="%E3%81%AF%E3%82%93%E3%82%80%E3%82%89%E3%81%B3" n1="%E3%83%8F%E3%82%A4%E3%83%86%E3%83%B3%E3%83%9C%E3%83%BC" n2="%E5%A4%AA%E3%81%8F%E3%81%AA%E3%81%84%E3%81%8A" n3="%E5%B0%B1%E6%B4%BB%E7%94%9F%40%E5%B7%9D%E6%9D%91%E8%BB%8D%E5%9B%A3" dan="17,16,20,18" rate="2098.62,2179.82,2338.96,2268.44" sx="M,M,F,M"/><TAIKYOKU oya="0"/><INIT seed="0,0,0,5,5,1" ten="250,250,250,250" oya="0" hai0="17,11,71,114,51,64,15,55,122,72,25,121,119" hai1="12,134,127,88,96,44,74,21,128,104,83,56,49" hai2="50,89,52,8,58,117,66,7,80,48,113,16,32" hai3="62,53,40,35,31,125,101,60,108,93,94,90,33"/><T103/><D119/><U13/><E128/><V102/><F113/><W82/><G125/><T75/><D114/><U28/><E127/><V106/><F32/><W2/><G108/><T9/><D103/><U69/><E69/><V37/><F37/><W20/><G40/><T41/><D41/><U126/><E126/><V105/><F117/><W23/><G82/><T68/><D25/><U22/><E134/><V81/><F66/><W5/><G101/><T112/><D112/><U86/><E74/><V61/><F102/><W132/><G132/><T54/><D51/><U65/><E96/><V38/><F38/><W129/><G129/><T57/><D57/><U87/><E87/><V36/><F36/><W18/><G31/><T59/><D59/><U123/><E123/><V131/><F131/><W109/><G109/><T3/><D3/><U111/><E111/><V91/><F106/><W14/><G23/><N who="1" m="8714" /><E28/><V34/><F34/><W39/><G39/><T6/><D17/><U97/><E97/><V118/><F16/><W30/><G30/><T110/><D110/><U42/><E104/><V84/><F105/><W133/><G133/><T100/><D100/><U46/><E46/><V116/><F116/><W10/><G62/><AGARI ba="0,0" hai="12,13,42,44,49,56,62,65,83,86,88" m="8714" machi="62" ten="30,2000,0" yaku="8,1,54,1" doraHai="1" who="1" fromWho="3" sc="250,0,250,20,250,0,250,-20" /><INIT seed="1,0,0,3,1,39" ten="250,270,250,230" oya="1" hai0="36,62,128,119,46,2,98,121,102,133,18,71,31" hai1="75,107,58,130,116,115,28,33,42,13,97,77,52" hai2="47,69,65,132,72,59,86,27,104,3,4,91,40" hai3="66,100,24,37,25,10,129,123,44,105,51,56,5"/><U34/><E116/><V92/><F104/><W8/><G123/><T67/><D119/><U6/><E115/><V80/><F132/><W30/><G129/><T38/><D121/><U20/><E130/><V57/><F69/><W48/><G37/><T89/><D128/><U43/><E75/><V87/><F27/><W70/><G70/><T85/><D133/><U64/><E64/><V76/><F86/><W7/><G105/><T74/><D74/><U79/><E34/><V103/><F103/><W23/><G100/><T68/><D2/><U16/><E6/><V53/><F65/><W11/><G25/><T83/><D68/><U60/><E33/><V0/><F4/><W135/><G135/><T96/><D96/><U106/><E28/><V54/><F59/><W15/><G7/><T41/><D18/><U22/><E107/><V94/><F94/><W93/><G93/><T109/><D31/><U126/><E126/><V49/><REACH who="2" step="1"/><F54/><REACH who="2" ten="250,270,240,230" step="2"/><N who="3" m="31815" /><G66/><T124/><D67/><U32/><E106/><V19/><F19/><W95/><G95/><N who="0" m="58719" /><D71/><U111/><E111/><V114/><F114/><W17/><G17/><T45/><D109/><U122/><E122/><V12/><F12/><W110/><G110/><T78/><D85/><U113/><E113/><V131/><F131/><W134/><G134/><T73/><D73/><U117/><E117/><V88/><F88/><W82/><G82/><T101/><D101/><U118/><E118/><V61/><AGARI ba="0,1" hai="0,3,40,47,49,53,57,61,72,76,80,87,91,92" machi="61" ten="20,5200,0" yaku="1,1,0,1,7,1,52,1,53,0" doraHai="39" doraHaiUra="14" who="2" fromWho="2" sc="250,-13,270,-26,240,62,230,-13" /><INIT seed="2,0,0,0,0,81" ten="237,244,302,217" oya="2" hai0="69,83,82,134,118,7,19,102,31,53,25,116,26" hai1="73,121,2,96,47,130,97,123,128,120,62,9,37" hai2="15,74,39,125,50,113,98,11,87,129,112,88,51" hai3="24,115,4,135,12,86,68,124,93,6,84,66,48"/><V44/><F74/><W91/><G124/><T103/><D69/><U27/><E62/><V100/><F39/><W33/><G135/><T41/><D134/><U22/><E73/><V54/><F129/><N who="1" m="49769" /><E47/><V79/><F79/><W117/><G117/><N who="0" m="45163" /><D7/><N who="1" m="1271" /><E37/><V35/><F35/><W59/><G115/><T92/><D41/><U5/><E5/><V94/><F51/><W114/><G114/><T0/><D0/><U38/><E38/><V122/><F122/><N who="1" m="31233" /><U106/><DORA hai="45" /><E106/><V126/><F126/><W36/><G36/><T101/><D53/><U80/><E80/><V49/><F49/><W52/><G68/><T70/><D70/><U78/><E78/><V127/><F127/><W77/><G66/><T16/><D92/><U99/><E99/><V46/><F46/><W23/><G12/><T107/><D107/><U61/><E61/><V17/><F125/><W20/><G4/><T104/><D104/><AGARI ba="0,0" hai="11,15,17,44,50,54,87,88,94,98,100,104,112,113" machi="104" ten="30,11600,0" yaku="7,1,52,2,54,1" doraHai="81,45" who="2" fromWho="0" sc="237,-116,244,0,302,116,217,0" /><INIT seed="2,1,0,3,0,31" ten="121,244,418,217" oya="2" hai0="79,134,32,82,109,18,84,51,107,44,128,92,124" hai1="63,54,114,15,30,103,93,73,33,27,106,37,20" hai2="110,78,52,14,1,127,11,101,105,94,7,74,133" hai3="72,35,121,117,39,104,61,59,3,119,77,16,67"/><V0/><F105/><W5/><G121/><T10/><D107/><U99/><E73/><V113/><F113/><W9/><G39/><T98/><D134/><U19/><E37/><V28/><F133/><W42/><G104/><T65/><D128/><U76/><E76/><V53/><F28/><W112/><G112/><T45/><D124/><U34/><E114/><V118/><F118/><W135/><G135/><T80/><D109/><U26/><E106/><V75/><F127/><W100/><G42/><T23/><D32/><U24/><E30/><V88/><F101/><W116/><G100/><T13/><D65/><U17/><REACH who="1" step="1"/><E19/><REACH who="1" ten="121,234,418,217" step="2"/><V130/><F75/><W49/><G77/><T132/><D132/><U68/><E68/><V21/><F78/><W41/><G72/><T64/><D80/><U70/><E70/><V56/><F74/><W43/><G16/><T36/><D36/><U38/><E38/><V87/><F130/><W97/><G116/><T8/><D64/><U6/><E6/><V58/><F110/><W85/><G5/><T66/><D66/><U55/><E55/><V46/><F53/><W131/><G67/><T48/><D18/><U125/><E125/><V91/><F52/><W57/><G119/><T22/><D79/><U89/><E89/><V83/><F91/><W108/><G117/><T62/><D62/><U25/><N who="1" m="6144" /><DORA hai="4" /><U29/><E29/><V123/><F7/><W12/><G61/><T47/><D51/><U81/><E81/><V95/><F83/><W122/><G108/><T86/><D48/><U2/><E2/><V40/><F0/><RYUUKYOKU ba="1,1" sc="121,-10,234,30,418,-10,217,-10" hai1="15,17,20,33,34,54,63,93,99,103" /><INIT seed="3,2,1,5,1,64" ten="111,264,408,207" oya="3" hai0="124,17,89,43,20,111,22,23,11,26,77,69,62" hai1="37,121,45,14,68,114,97,94,8,54,129,2,4" hai2="50,38,30,86,1,66,103,31,75,90,60,10,104" hai3="7,16,24,52,78,80,132,107,25,109,105,59,58"/><W49/><G132/><T65/><D124/><U34/><E121/><V13/><F38/><W76/><G76/><T96/><D111/><U126/><E114/><V73/><F1/><W113/><G113/><T82/><D43/><U46/><E34/><V127/><F127/><W71/><G109/><T9/><D89/><U88/><E129/><V6/><F104/><W110/><G110/><T112/><D112/><U41/><E126/><V79/><F103/><W81/><G81/><T130/><D130/><U92/><E68/><V128/><F128/><W70/><G7/><T48/><D48/><U32/><E32/><V72/><F50/><W115/><G115/><T134/><D134/><U67/><E67/><V87/><F79/><W21/><G59/><T39/><D39/><U119/><E119/><V42/><F42/><W33/><G105/><T0/><D96/><U83/><E83/><V44/><F44/><W29/><REACH who="3" step="1"/><G107/><REACH who="3" ten="111,264,408,197" step="2"/><T28/><D0/><U12/><E94/><V36/><F6/><W61/><G61/><T131/><D131/><U102/><E102/><V101/><F60/><W63/><G63/><T84/><REACH who="0" step="1"/><D23/><REACH who="0" ten="101,264,408,197" step="2"/><U106/><E2/><V57/><F101/><W118/><G118/><T35/><D35/><U53/><E106/><V40/><F90/><W135/><G135/><T116/><D116/><U55/><E88/><V98/><F10/><W99/><G99/><T47/><D47/><U120/><E46/><V117/><F98/><W3/><G3/><T51/><D51/><N who="1" m="28911" /><E120/><V93/><F117/><W125/><G125/><T123/><D123/><U100/><E97/><RYUUKYOKU ba="2,3" sc="101,15,264,-15,408,-15,197,15" hai0="9,11,17,20,22,26,28,62,65,69,77,82,84" hai3="16,21,24,25,29,33,49,52,58,70,71,78,80" /><INIT seed="3,3,3,1,4,56" ten="116,249,393,212" oya="3" hai0="17,118,129,35,62,52,64,3,24,132,4,14,28" hai1="9,11,124,79,83,81,49,1,86,117,102,111,93" hai2="55,73,92,135,134,60,85,105,76,50,131,107,91" hai3="29,99,72,53,61,95,106,110,41,120,58,133,45"/><W0/><G120/><T16/><D118/><U116/><E124/><V119/><F119/><N who="1" m="45641" /><E111/><V8/><F131/><W48/><G72/><T26/><D132/><N who="2" m="50730" /><F8/><W98/><G133/><T7/><D129/><U78/><E1/><V77/><F60/><W126/><G0/><T71/><D3/><U104/><E104/><N who="2" m="40011" /><F73/><W18/><G126/><T84/><D84/><N who="1" m="48183" /><E49/><V23/><F23/><W5/><G5/><T40/><D40/><U75/><E75/><V112/><F112/><W42/><G110/><T122/><D122/><U15/><E15/><V114/><F114/><W36/><G29/><T88/><D26/><U12/><E12/><V121/><F121/><W20/><G106/><T67/><D67/><U22/><E22/><V82/><F82/><W128/><G128/><T94/><D17/><U13/><E13/><V69/><F69/><W32/><G32/><T46/><D46/><AGARI ba="3,3" hai="46,50,55,76,77,85,91,92" m="40011,50730" machi="46" ten="30,1000,0" yaku="20,1" doraHai="56" who="2" fromWho="0" sc="116,-19,249,0,393,49,212,0" /><INIT seed="4,0,0,0,0,85" ten="97,249,442,212" oya="0" hai0="55,66,32,129,87,110,26,19,122,39,21,103,46" hai1="14,56,101,28,50,43,45,33,125,24,52,77,75" hai2="90,8,96,79,63,3,67,31,49,0,113,40,83" hai3="36,11,120,71,38,61,65,58,131,115,34,51,123"/><T4/><D122/><N who="3" m="46633" /><G34/><T117/><D117/><U109/><E109/><V13/><F31/><W69/><G11/><T1/><D110/><U135/><E135/><V108/><F108/><W119/><G119/><T7/><D129/><U42/><E125/><V133/><F133/><W93/><G131/><T130/><D130/><U70/><E70/><N who="3" m="26634" /><G115/><T111/><D111/><U74/><E42/><V18/><F113/><W10/><G10/><T17/><D66/><U54/><E54/><V126/><F126/><W37/><G93/><T92/><D32/><U100/><E14/><V134/><F134/><W94/><G94/><T35/><D35/><U121/><E121/><V89/><F0/><W106/><G106/><T59/><D1/><U127/><E127/><V118/><F118/><W105/><G105/><T41/><D19/><U22/><E33/><V91/><F3/><W64/><G51/><T29/><D29/><U132/><E132/><V114/><F114/><W6/><G6/><T23/><D23/><U2/><E2/><V48/><F48/><W68/><N who="3" m="26642" /><W107/><DORA hai="57" /><G107/><T62/><REACH who="0" step="1"/><D103/><REACH who="0" ten="87,249,442,212" step="2"/><U5/><E101/><V12/><F18/><W9/><G9/><T99/><D99/><U80/><E100/><V128/><F96/><W84/><G65/><T30/><D30/><U124/><E124/><V88/><F128/><W82/><G36/><T98/><D98/><U76/><E5/><V44/><F8/><W95/><G37/><T25/><D25/><U81/><E43/><V102/><F102/><W72/><G38/><T73/><D73/><U20/><E20/><RYUUKYOKU ba="0,1" sc="87,15,249,15,442,-15,212,-15" hai0="4,7,17,21,26,39,41,46,55,59,62,87,92" hai1="22,24,28,45,50,52,56,74,75,76,77,80,81" /><INIT seed="4,1,1,4,5,17" ten="102,264,427,197" oya="0" hai0="57,70,13,67,120,7,103,77,39,55,68,12,63" hai1="60,33,87,113,36,131,86,65,50,18,72,122,31" hai2="2,76,132,24,26,124,11,34,48,85,111,56,19" hai3="1,23,38,97,3,62,96,90,125,129,126,8,116"/><T75/><D120/><U105/><E122/><V37/><F37/><W104/><G116/><T128/><D128/><U43/><E72/><V119/><F111/><W22/><G38/><T130/><D130/><U45/><E131/><V59/><F119/><W20/><G129/><T133/><D133/><U117/><E117/><V41/><F34/><W66/><G90/><T53/><D103/><U16/><E105/><V83/><F124/><N who="3" m="47723" /><G8/><T73/><D39/><U78/><E113/><V115/><F115/><W35/><G35/><T4/><D77/><U74/><E74/><V84/><F84/><W79/><G79/><T102/><D102/><U127/><E127/><V9/><F2/><N who="3" m="523" /><G104/><T110/><D110/><U135/><E135/><V44/><F132/><W95/><G95/><T10/><D68/><AGARI ba="1,1" hai="20,22,23,62,66,68,96,97" m="523,47723" machi="68" ten="40,8000,1" yaku="18,1,52,3" doraHai="17" who="3" fromWho="0" sc="102,-83,264,0,427,0,197,93" /><INIT seed="5,0,0,0,4,56" ten="19,264,427,290" oya="1" hai0="6,105,134,88,16,100,120,96,85,132,69,38,94" hai1="87,7,14,18,19,54,62,130,29,25,3,81,108" hai2="125,37,4,47,11,71,131,135,90,36,30,129,21" hai3="118,13,28,104,109,8,33,124,70,53,101,84,66"/><U17/><E130/><N who="2" m="49675" /><F71/><W9/><G109/><T5/><D69/><U1/><E108/><V32/><F32/><W82/><G124/><T127/><D38/><U119/><E119/><V39/><F125/><W63/><G118/><T113/><D127/><U41/><E41/><N who="2" m="22951" /><F135/><W95/><G53/><T57/><D120/><U74/><E74/><V34/><F34/><W77/><G95/><T80/><D113/><U55/><E3/><N who="2" m="415" /><F90/><W126/><G126/><T106/><D57/><N who="1" m="35127" /><E1/><V98/><F98/><N who="3" m="61495" /><G13/><T123/><D123/><U103/><E103/><V76/><F76/><W73/><G73/><T42/><D42/><U128/><E128/><V115/><F115/><W86/><G86/><T52/><D106/><U35/><E35/><V2/><F2/><W72/><G72/><T107/><D107/><U78/><E55/><V122/><F122/><W110/><G110/><T97/><D52/><U116/><E116/><V48/><F48/><W114/><G114/><T111/><D111/><U49/><E49/><V27/><AGARI ba="0,0" hai="21,27,30,37,39" m="415,22951,49675" machi="27" ten="30,1100,0" yaku="19,1" doraHai="56" who="2" fromWho="2" sc="19,-3,264,-5,427,11,290,-3" /><INIT seed="6,0,0,1,4,132" ten="16,259,438,287" oya="2" hai0="13,84,36,113,50,124,102,70,105,10,76,96,6" hai1="83,28,57,21,116,23,77,99,107,2,17,93,79" hai2="78,19,5,62,80,18,11,14,33,111,75,24,72" hai3="131,7,123,45,0,89,48,135,38,26,114,118,98"/><V44/><F111/><W49/><G135/><T91/><D36/><U130/><E116/><V94/><F72/><W55/><G118/><T127/><D113/><U61/><E2/><V15/><F62/><W47/><G123/><T100/><D70/><U69/><E107/><V87/><F75/><W20/><G131/><T9/><D76/><U71/><E28/><V40/><F94/><W46/><G38/><T97/><D50/><U32/><E32/><V43/><F43/><W73/><G73/><T120/><D120/><U68/><E23/><V39/><F15/><W3/><G7/><T59/><D59/><U101/><E83/><V121/><F121/><W117/><G117/><T122/><D9/><U66/><REACH who="1" step="1"/><E130/><REACH who="1" ten="16,249,438,287" step="2"/><V126/><F33/><W104/><G114/><T31/><D31/><U90/><E90/><V56/><F80/><W16/><G3/><T65/><D122/><U92/><E92/><V110/><F78/><W25/><G0/><T12/><D12/><AGARI ba="0,1" hai="12,17,21,57,61,66,68,69,71,77,79,93,99,101" machi="12" ten="40,1300,0" yaku="1,1,53,0" doraHai="132" doraHaiUra="109" who="1" fromWho="0" sc="16,-13,249,23,438,0,287,0" /><INIT seed="7,0,0,3,0,116" ten="3,272,438,287" oya="3" hai0="44,96,132,67,69,98,2,92,76,58,77,61,105" hai1="127,12,0,1,125,13,48,78,47,120,62,57,128" hai2="83,41,103,56,60,130,14,30,114,52,135,115,17" hai3="53,94,86,33,123,37,51,49,35,31,38,28,80"/><W68/><G68/><T112/><D2/><U27/><E78/><V42/><F135/><W90/><G123/><T55/><D132/><U40/><E27/><V121/><F121/><W84/><G53/><T5/><D112/><N who="2" m="43050" /><F130/><W106/><G94/><T95/><D5/><U10/><E120/><V39/><F39/><W7/><G7/><T97/><D105/><U43/><E43/><V8/><F30/><W124/><G106/><T4/><D4/><U29/><E29/><V110/><F110/><W54/><G54/><T73/><D73/><U26/><E26/><V102/><F83/><W104/><G104/><T108/><D108/><U36/><E36/><V16/><F17/><W93/><G93/><T88/><D69/><U89/><E89/><V46/><F46/><W133/><G133/><T134/><D134/><U25/><E25/><V99/><F99/><W82/><G90/><T45/><D97/><U63/><E128/><V11/><F11/><W117/><G117/><T65/><D44/><U50/><E50/><V101/><AGARI ba="0,0" hai="8,14,16,41,42,52,56,60,101,102,103" m="43050" machi="101" ten="30,4000,0" yaku="15,1,54,2" doraHai="116" who="2" fromWho="2" sc="3,-10,272,-10,438,40,287,-20" owari="-7,-51.0,262,-14.0,478,58.0,267,7.0" /></mjloggm>