<mjloggm ver="2.3"><GO type="169" lobby="0"/><UN n0="%E3%82%A6%E3%83%AB%E3%83%88%E3%83%A9%E7%AB%8B%E7%9B%B4" n1="%E3%81%AD%E3%82%80%E3%82%8A%E3%82%93" n2="%E6%81%8B%E6%96%87" n3="%68%65%74" dan="18,16,16,16" rate="2230.62,2076.05,2140.57,2108.35" sx="M,F,M,M"/><TAIKYOKU oya="0"/><INIT seed="0,0,0,4,2,3" ten="250,250,250,250" oya="0" hai0="108,17,49,11,67,61,37,36,121,122,92,40,104" hai1="88,41,84,45,126,128,8,20,6,10,87,72,75" hai2="26,116,57,32,95,103,99,119,107,70,21,90,48" hai3="124,35,65,24,5,93,47,56,135,125,13,134,118"/><T59/><D104/><U97/><E126/><N who="3" m="48746" /><G118/><N who="2" m="45097" /><F70/><W4/><G47/><N who="0" m="25831" /><D11/><U76/><E8/><V25/><F21/><W74/><G74/><T109/><D92/><U7/><E10/><V22/><F22/><W120/><G120/><N who="0" m="46187" /><D17/><U127/><E75/><V43/><F32/><W115/><G115/><T123/><D123/><U129/><E72/><V28/><F28/><N who="3" m="19847" /><G93/><T23/><D23/><U51/><E97/><N who="2" m="61935" /><F43/><W91/><G91/><T1/><D1/><U80/><E20/><V52/><AGARI ba="0,0" hai="25,26,48,52,57,90,95,99" m="61935,45097" machi="52" ten="30,2000,0" yaku="12,1,54,1" doraHai="3" who="2" fromWho="2" sc="250,-10,250,-5,250,20,250,-5" /><INIT seed="1,0,0,5,5,127" ten="240,245,270,245" oya="1" hai0="121,79,132,24,104,8,54,49,51,99,62,114,91" hai1="52,89,93,128,95,108,3,25,34,45,105,22,42" hai2="11,16,83,117,0,72,123,39,65,21,66,75,50" hai3="59,106,109,43,55,38,64,110,122,77,81,80,4"/><U107/><E34/><V36/><F123/><W18/><G106/><T70/><D114/><U130/><E3/><V67/><F117/><W33/><G33/><T78/><D132/><U58/><E108/><N who="3" m="41578" /><G64/><T7/><D24/><U44/><E95/><V9/><F50/><W56/><G4/><T15/><D121/><U53/><E105/><V69/><F69/><W2/><G2/><T86/><D51/><N who="1" m="31007" /><E53/><V5/><F11/><W6/><G6/><T23/><D23/><U57/><E57/><V100/><F100/><W102/><G59/><T41/><D41/><U92/><E92/><V30/><F30/><W134/><G102/><T120/><D120/><U47/><E107/><V111/><F111/><W119/><G56/><T10/><D70/><U87/><E42/><V28/><F28/><W32/><G43/><T12/><D62/><U103/><E103/><V76/><REACH who="2" step="1"/><F75/><REACH who="2" ten="240,245,260,245" step="2"/><W63/><G122/><T73/><D73/><U112/><E112/><V37/><F37/><W17/><G38/><T88/><D49/><U94/><E44/><V48/><F48/><W20/><G119/><T27/><D54/><U19/><E47/><V68/><F68/><W1/><G55/><T46/><D46/><U135/><E45/><V97/><F97/><W82/><G134/><T74/><D74/><U131/><E93/><V84/><F84/><W96/><G63/><T129/><D86/><U14/><E135/><V133/><F133/><W101/><G96/><T85/><D99/><U118/><E118/><V126/><F126/><W35/><G101/><T71/><D71/><U124/><E124/><RYUUKYOKU ba="0,1" sc="240,-15,245,15,260,15,245,-15" hai1="14,19,22,25,87,89,94,128,130,131" hai2="0,5,9,16,21,36,39,65,66,67,72,76,83" /><INIT seed="1,1,1,2,3,62" ten="225,260,275,230" oya="1" hai0="92,86,43,105,107,53,125,58,21,66,6,99,30" hai1="29,101,34,84,106,79,108,82,74,91,22,96,122" hai2="24,111,114,117,80,119,81,89,11,72,45,51,120" hai3="35,121,129,65,0,133,33,88,135,55,2,71,93"/><U90/><E34/><N who="3" m="12810" /><G121/><T40/><D125/><U9/><E9/><V63/><F120/><W113/><G113/><T52/><D6/><U14/><E14/><V12/><F114/><W26/><G26/><N who="0" m="16719" /><D86/><U54/><E22/><V132/><F132/><N who="3" m="50763" /><G55/><N who="0" m="21067" /><D107/><U127/><E29/><V104/><F119/><W15/><G15/><T85/><D85/><U77/><E54/><V31/><F104/><W1/><G129/><T5/><D105/><U102/><E122/><V3/><F3/><W76/><G76/><T123/><D5/><U32/><E32/><V83/><F117/><W118/><G118/><T110/><D110/><U75/><E127/><V27/><F111/><W98/><G71/><T48/><D48/><U36/><E36/><V28/><F72/><N who="1" m="27689" /><E108/><V69/><F69/><W115/><G115/><T128/><D128/><U126/><E126/><V56/><F31/><W41/><G41/><T103/><D123/><U116/><E116/><V16/><F28/><W78/><G78/><N who="1" m="29706" /><E101/><V39/><F27/><W109/><G109/><T47/><D47/><U57/><E57/><V100/><F24/><W46/><G46/><T25/><D25/><U68/><E68/><V42/><F100/><W13/><G13/><T94/><D43/><U112/><E112/><V87/><F39/><W95/><G95/><N who="0" m="58879" /><D40/><U59/><E59/><V49/><F49/><W10/><G10/><T4/><D4/><U44/><E44/><V64/><AGARI ba="1,1" hai="11,12,16,42,45,51,56,63,64,80,81,83,87,89" machi="64" ten="20,8000,1" yaku="0,1,7,1,8,1,52,1,54,1" doraHai="62" who="2" fromWho="2" sc="225,-21,260,-41,275,93,230,-21" /><INIT seed="2,0,0,2,4,43" ten="204,219,368,209" oya="2" hai0="86,7,42,37,112,58,56,11,90,51,49,66,102" hai1="15,62,0,122,59,128,14,106,84,70,116,35,54" hai2="132,108,48,5,71,103,135,50,28,31,119,65,123" hai3="17,109,126,23,40,57,41,121,53,82,99,16,2"/><V10/><F123/><W47/><G2/><T1/><D112/><U9/><E106/><V96/><F119/><W80/><G109/><T39/><D102/><U72/><E72/><V97/><F108/><W118/><G126/><T81/><D51/><N who="2" m="19498" /><F65/><W44/><G121/><T127/><D127/><U85/><E128/><V46/><F46/><N who="3" m="17451" /><G118/><T98/><D98/><N who="2" m="37994" /><F103/><W67/><G67/><T63/><D42/><N who="3" m="16489" /><G99/><T91/><D49/><U77/><E35/><V69/><F5/><W32/><G32/><T83/><D58/><U87/><E70/><N who="2" m="26635" /><F10/><W88/><G88/><T79/><D91/><U134/><E0/><V18/><F18/><N who="3" m="7275" /><G23/><T124/><D124/><U24/><E9/><V101/><F101/><W74/><G74/><AGARI ba="0,0" hai="1,7,11,37,39,56,63,66,74,79,81,83,86,90" machi="74" ten="30,1000,0" yaku="7,1" doraHai="43" who="0" fromWho="3" sc="204,10,219,0,368,0,209,-10" /><INIT seed="3,0,0,3,5,124" ten="214,219,368,199" oya="3" hai0="4,117,130,93,88,110,41,56,25,132,44,135,54" hai1="120,49,106,32,53,1,73,12,104,100,39,16,77" hai2="27,98,107,62,18,61,34,65,17,74,121,86,70" hai3="63,82,60,69,125,38,78,31,23,51,68,105,9"/><W46/><G38/><T126/><D117/><U45/><E1/><V85/><F121/><W94/><G105/><T7/><D25/><U111/><E32/><V118/><F118/><W30/><G125/><T87/><D110/><U122/><E111/><V33/><F74/><W67/><G94/><T29/><D29/><U66/><E104/><V113/><F113/><W2/><G23/><T36/><D126/><U131/><E131/><V89/><F89/><W103/><G103/><T128/><D4/><U15/><E15/><V48/><F48/><W109/><G109/><T21/><D7/><U119/><E119/><V99/><F27/><W81/><G81/><T10/><D21/><U57/><E77/><V72/><F72/><W123/><G123/><T97/><D10/><U95/><E73/><V19/><F65/><W96/><G96/><N who="2" m="36905" /><F70/><W129/><G129/><N who="0" m="49771" /><D97/><U112/><E106/><V134/><F107/><W22/><G22/><T58/><D58/><U55/><E112/><V71/><F71/><W84/><G9/><T102/><D102/><U26/><E100/><V11/><F11/><W83/><G2/><T116/><D116/><U47/><E26/><V13/><F34/><W75/><G68/><T108/><D108/><U59/><E120/><V50/><F33/><W80/><G30/><T6/><D6/><U91/><E59/><V35/><F35/><W101/><G31/><T40/><D40/><U52/><E57/><V64/><F18/><W8/><G101/><T90/><D90/><U24/><E91/><V37/><F19/><W3/><G69/><T114/><D114/><RYUUKYOKU ba="0,0" sc="214,30,219,-10,368,-10,199,-10" hai0="36,41,44,54,56,87,88,93,132,135" /><INIT seed="4,1,0,5,5,105" ten="244,209,358,189" oya="0" hai0="22,42,9,87,40,48,31,14,116,57,74,26,60" hai1="125,62,93,94,117,111,56,84,115,5,28,90,76" hai2="132,67,6,80,89,81,46,131,96,77,101,17,35" hai3="23,83,36,91,122,127,3,15,135,8,13,92,100"/><T129/><D74/><U59/><E111/><V106/><F35/><W34/><G34/><T64/><D129/><U66/><E117/><V121/><F131/><W7/><G127/><T68/><D116/><U97/><E125/><V75/><F67/><W86/><G135/><T18/><D68/><U124/><E28/><V55/><F6/><W70/><G70/><T85/><REACH who="0" step="1"/><D48/><REACH who="0" ten="234,209,358,189" step="2"/><U103/><E124/><V43/><F75/><W10/><G122/><T78/><D78/><U72/><E115/><V128/><F77/><W98/><G36/><T120/><D120/><U0/><E76/><V119/><F121/><W104/><G104/><T27/><D27/><U24/><E24/><V61/><F106/><W99/><G99/><T50/><D50/><U110/><E72/><V88/><F96/><W1/><G23/><T44/><D44/><U52/><E110/><V109/><F46/><W32/><REACH who="3" step="1"/><G32/><REACH who="3" ten="234,209,358,179" step="2"/><T58/><D58/><U69/><E69/><V123/><F119/><W112/><G112/><T130/><D130/><U79/><E79/><V19/><F128/><W38/><G38/><T21/><D21/><U47/><E47/><V30/><F123/><W25/><G25/><T113/><D113/><U71/><E71/><V114/><F114/><W2/><G2/><T108/><D108/><U126/><E0/><V20/><F20/><W82/><G82/><T107/><D107/><U4/><E126/><V12/><F81/><W118/><G118/><T65/><D65/><U37/><E37/><V49/><BYE who="1" /><F109/><UN n1="%E3%81%AD%E3%82%80%E3%82%8A%E3%82%93" /><W53/><G53/><T45/><D45/><U16/><E52/><RYUUKYOKU ba="1,2" sc="234,15,209,-15,358,-15,179,15" hai0="9,14,18,22,26,31,40,42,57,60,64,85,87" hai3="1,3,7,8,10,13,15,83,86,91,92,98,100" /><INIT seed="4,2,2,1,1,55" ten="249,194,343,194" oya="0" hai0="127,92,12,93,26,61,56,0,68,29,99,81,123" hai1="84,2,28,130,34,64,7,30,107,22,51,59,85" hai2="63,17,71,14,66,129,118,25,96,69,122,16,38" hai3="109,65,100,133,54,128,67,9,27,77,116,104,5"/><T83/><D0/><U117/><E34/><V72/><F122/><W60/><G116/><T33/><D68/><U58/><E107/><V75/><F38/><W95/><G104/><T102/><D123/><U62/><E117/><V111/><F111/><W82/><G109/><T8/><D93/><U97/><E2/><V41/><F118/><W50/><G128/><T37/><D37/><U39/><E39/><V6/><F129/><W80/><G133/><T43/><D43/><U35/><E35/><V40/><F71/><W73/><G27/><T20/><D33/><U134/><E130/><V1/><F75/><W45/><G82/><T88/><D102/><U70/><E70/><V42/><F72/><W44/><G44/><T120/><D120/><U13/><E97/><V4/><F1/><W21/><G21/><T79/><D79/><U110/><E110/><V135/><F135/><W101/><G95/><T11/><D11/><N who="1" m="4351" /><E134/><V91/><F25/><W3/><G67/><N who="0" m="39335" /><D127/><U103/><E103/><V89/><F69/><AGARI ba="2,2" hai="3,5,9,45,50,54,60,65,69,73,77,80,100,101" machi="69" ten="30,1000,0" yaku="7,1" doraHai="55" who="3" fromWho="2" sc="249,0,194,0,343,-16,194,36" /><INIT seed="5,0,0,1,5,82" ten="249,194,327,230" oya="1" hai0="125,80,33,23,24,10,85,76,27,119,107,78,89" hai1="94,88,116,110,1,103,32,114,81,83,60,15,7" hai2="75,41,117,50,67,40,12,102,113,101,56,31,51" hai3="61,47,90,43,42,129,120,45,121,18,4,135,133"/><U128/><E116/><V108/><F75/><W115/><G4/><T77/><D107/><U96/><E1/><V122/><F122/><N who="3" m="47211" /><G18/><T127/><D119/><U100/><E32/><V71/><F71/><W79/><G79/><T73/><D10/><N who="1" m="4575" /><E114/><V5/><F108/><W55/><G90/><T106/><D106/><U0/><E0/><V53/><F31/><W52/><G115/><T70/><D70/><U111/><E128/><V6/><F113/><W92/><G92/><T69/><D69/><U44/><E44/><N who="3" m="16970" /><G129/><T2/><D2/><U98/><E60/><V48/><F67/><W9/><G9/><T38/><D73/><U34/><E34/><V65/><F65/><W58/><G55/><T84/><D33/><U20/><E20/><V37/><F117/><W62/><G62/><T22/><D22/><U93/><E103/><N who="2" m="39435" /><F6/><W29/><G29/><T16/><D23/><U21/><E21/><V39/><F37/><W11/><G11/><T36/><D36/><U97/><E97/><V66/><F39/><W112/><G112/><T95/><D38/><U91/><E100/><V118/><F118/><W30/><G30/><T123/><D123/><U104/><E104/><V63/><F53/><W19/><G19/><T46/><D16/><U105/><E105/><V49/><N who="2" m="12288" /><DORA hai="28" /><V25/><F25/><N who="0" m="9802" /><D46/><U126/><E126/><AGARI ba="0,0" hai="76,77,78,80,84,85,89,95,125,126,127" m="9802" machi="126" ten="30,3900,0" yaku="18,1,52,2" doraHai="82,28" who="0" fromWho="1" sc="249,39,194,-39,327,0,230,0" /><INIT seed="6,0,0,4,2,19" ten="288,155,327,230" oya="2" hai0="31,43,29,103,50,66,12,35,94,118,60,20,46" hai1="62,8,127,40,17,124,74,104,114,39,34,75,77" hai2="32,107,26,23,130,88,110,57,78,1,52,42,38" hai3="91,106,101,123,102,6,132,87,7,21,44,128,70"/><V33/><F1/><W22/><G123/><T109/><D35/><U72/><E34/><V48/><F107/><W120/><G120/><T133/><D109/><U59/><E104/><V71/><F71/><W85/><G70/><T41/><D41/><U76/><E114/><V100/><F100/><N who="3" m="38507" /><G106/><T63/><D133/><U99/><E99/><V25/><F78/><W24/><G128/><T84/><D63/><U79/><E40/><V119/><F119/><W93/><G44/><T0/><D0/><U15/><REACH who="1" step="1"/><E39/><REACH who="1" ten="288,145,327,230" step="2"/><V61/><F38/><W45/><G132/><T126/><D43/><U27/><E27/><V134/><F26/><W108/><G24/><T98/><D98/><U28/><E28/><V54/><F33/><W5/><G108/><T58/><D31/><U14/><E14/><V125/><F32/><W49/><G85/><T69/><D84/><U65/><AGARI ba="0,1" hai="8,15,17,59,62,65,72,74,75,76,77,79,124,127" machi="65" ten="40,2700,0" yaku="1,1,0,1,53,0" doraHai="19" doraHaiUra="36" who="1" fromWho="1" sc="288,-7,145,37,327,-13,230,-7" /><INIT seed="7,0,0,2,4,40" ten="281,182,314,223" oya="3" hai0="29,63,35,56,11,86,31,68,16,14,34,94,73" hai1="70,2,85,30,7,24,100,132,19,38,129,119,88" hai2="46,108,57,104,33,92,8,20,82,110,128,98,71" hai3="18,118,27,127,107,102,21,15,0,80,111,116,90"/><W106/><G0/><T103/><D73/><U10/><E70/><V6/><F71/><W79/><G90/><N who="0" m="53591" /><D35/><U89/><E38/><V41/><F33/><W49/><G127/><T66/><D34/><U32/><E129/><V42/><F104/><W105/><G102/><T117/><D117/><U72/><E72/><V37/><F42/><W60/><G111/><T124/><D68/><U12/><E100/><V52/><F128/><W43/><G60/><T69/><D69/><U5/><E119/><V51/><F82/><W126/><G126/><T64/><D124/><U76/><E132/><V123/><F20/><W53/><G43/><T4/><D103/><U113/><E7/><V62/><F123/><W114/><G114/><T17/><D66/><U77/><E89/><N who="2" m="55567" /><F37/><W45/><REACH who="3" step="1"/><G27/><REACH who="3" ten="281,182,314,213" step="2"/><T120/><D120/><U130/><E113/><V75/><F110/><W97/><G97/><T59/><D63/><U101/><E101/><V93/><F108/><W125/><G125/><T55/><D64/><U36/><E36/><V121/><F121/><W9/><G9/><T133/><D133/><U112/><E112/><V28/><F62/><W134/><G134/><T109/><D109/><U22/><E130/><V131/><F41/><W122/><G122/><T67/><D67/><U47/><E47/><V39/><F46/><W87/><AGARI ba="0,1" hai="15,18,21,45,49,53,79,80,87,105,106,107,116,118" machi="87" ten="30,6000,0" yaku="1,1,0,1,52,1,53,0" doraHai="40" doraHaiUra="3" who="3" fromWho="3" sc="281,-20,182,-20,314,-20,213,70" /><INIT seed="7,1,0,4,0,103" ten="261,162,294,283" oya="3" hai0="97,31,54,82,133,63,71,46,60,12,107,131,26" hai1="86,79,85,70,99,92,104,11,111,102,29,24,108" hai2="61,23,21,58,52,120,33,119,34,134,95,39,121" hai3="1,129,10,126,88,20,43,7,0,100,5,64,106"/><W132/><G43/><T76/><D131/><U78/><E70/><V8/><F119/><W35/><G64/><T130/><D130/><U55/><E55/><V84/><F39/><W135/><G129/><T94/><D133/><N who="3" m="51273" /><G35/><N who="2" m="13321" /><F8/><N who="3" m="2087" /><G126/><T44/><D107/><U69/><E11/><V48/><F134/><W83/><G20/><N who="0" m="15815" /><D71/><U59/><E59/><V116/><F61/><W9/><G9/><T18/><D82/><N who="1" m="47319" /><E24/><V40/><F40/><W75/><G75/><T113/><D76/><U25/><E25/><V72/><F72/><W118/><G118/><T114/><D60/><U36/><E29/><V53/><F53/><W47/><G47/><T77/><D77/><U109/><E69/><V32/><F116/><W112/><G112/><N who="0" m="43115" /><D63/><U65/><E65/><V13/><F32/><W98/><G83/><T28/><D28/><U117/><E36/><V110/><F23/><W57/><G57/><T14/><D54/><U2/><E2/><V50/><F50/><W49/><G49/><T115/><N who="0" m="43123" /><T41/><DORA hai="30" /><D41/><U105/><E117/><V3/><F3/><W122/><G88/><N who="0" m="55495" /><D14/><U62/><E62/><V101/><F13/><W66/><G66/><T125/><D125/><U22/><E22/><AGARI ba="1,0" hai="12,18,22,44,46" m="55495,43123,15815" machi="22" ten="40,5200,0" yaku="15,1,11,1,54,1" doraHai="103,30" who="0" fromWho="1" sc="261,55,162,-55,294,0,283,0" owari="316,42.0,107,-39.0,294,9.0,283,-12.0" /></mjloggm>