<mjloggm ver="2.3"><GO type="97" lobby="0"/><UN n0="%E3%82%81%E3%82%AC%E3%83%8F%E3%81%9B" n1="%E3%82%AB%E3%83%9D%E3%83%8D%E5%9B%A3%E3%81%AE%E5%85%84%E8%B2%B4" n2="%E3%82%82%E3%82%82%E5%A4%AA%E9%83%8E" n3="%E5%B0%B1%E6%B4%BB%E7%94%9F%40%E5%B7%9D%E6%9D%91%E8%BB%8D%E5%9B%A3" dan="14,15,13,16" rate="1941.77,2104.96,1885.40,2095.55" sx="M,M,M,M"/><TAIKYOKU oya="0"/><INIT seed="0,0,0,3,3,94" ten="250,250,250,250" oya="0" hai0="46,49,35,113,124,84,57,67,56,58,97,82,117" hai1="33,128,59,15,118,1,19,133,24,47,127,4,68" hai2="86,6,108,109,123,53,83,76,80,106,20,25,60" hai3="27,96,32,77,103,26,73,50,55,72,38,90,70"/><T51/><D113/><U100/><E68/><V7/><F106/><W8/><G38/><T92/><D117/><U105/><E118/><V16/><F123/><W66/><G90/><N who="0" m="55447" /><D35/><U61/><E47/><V104/><F104/><N who="3" m="63591" /><G27/><T132/><D132/><U40/><E40/><V87/><F60/><N who="3" m="40263" /><G77/><N who="0" m="46159" /><D124/><U34/><E127/><V93/><F93/><W116/><G8/><T11/><D11/><N who="1" m="2447" /><E100/><V71/><F53/><W88/><G88/><T21/><D21/><N who="1" m="11519" /><E105/><V78/><REACH who="2" step="1"/><F71/><REACH who="2" ten="250,250,240,250" step="2"/><W23/><G116/><T79/><D67/><U89/><E133/><V95/><F95/><W42/><G42/><N who="0" m="24791" /><D79/><U0/><E128/><V9/><F9/><W91/><G55/><AGARI ba="0,1" hai="51,55,56,57,58" m="24791,46159,55447" machi="55" ten="30,2900,0" yaku="8,1,52,1" doraHai="94" who="0" fromWho="3" sc="250,39,250,0,240,0,250,-29" /><INIT seed="0,1,0,4,4,26" ten="289,250,240,221" oya="0" hai0="17,20,87,22,107,16,105,62,33,12,90,57,78" hai1="96,99,53,4,42,55,129,8,70,134,25,103,18" hai2="110,135,91,64,46,81,36,41,32,72,59,60,89" hai3="14,127,74,43,93,38,108,111,69,54,31,37,63"/><T130/><D130/><U51/><E70/><V2/><F135/><W0/><G0/><T128/><D33/><U35/><E134/><V50/><F110/><N who="3" m="42027" /><G74/><T125/><D128/><U45/><E129/><V116/><F116/><W113/><G113/><T120/><D120/><U109/><E109/><V24/><F2/><W1/><G1/><T6/><D6/><U95/><E96/><V27/><F27/><W92/><G127/><T88/><D78/><U112/><E112/><V102/><F102/><W79/><G79/><T67/><D90/><U76/><E76/><V68/><F72/><W29/><G14/><T94/><D125/><U75/><E75/><V13/><F13/><AGARI ba="1,0" hai="12,13,16,17,20,22,57,62,67,87,88,94,105,107" machi="13" ten="30,11600,0" yaku="7,1,9,1,54,2" doraHai="26" who="0" fromWho="2" sc="289,119,250,0,240,-119,221,0" /><INIT seed="0,2,0,4,3,78" ten="408,250,121,221" oya="0" hai0="4,53,25,49,135,55,130,85,52,0,93,56,99" hai1="86,23,109,65,80,57,34,82,24,127,33,50,113" hai2="110,61,129,75,123,98,12,77,2,30,128,13,90" hai3="132,9,19,104,54,71,48,20,74,87,101,84,89"/><T76/><D0/><U69/><E109/><V6/><F123/><W67/><G74/><T45/><D4/><U22/><E127/><V102/><F110/><W100/><G132/><T114/><D114/><U131/><E131/><N who="2" m="50251" /><F30/><W35/><G35/><T42/><D130/><U112/><E69/><V119/><F61/><W1/><G71/><T5/><D5/><U64/><E86/><V14/><F90/><W88/><G67/><N who="1" m="25674" /><E57/><V111/><F111/><W120/><G1/><T47/><D135/><U72/><E72/><V95/><F119/><W117/><G9/><T60/><D25/><U106/><E106/><V70/><F70/><W17/><G104/><T3/><D47/><U108/><E108/><V103/><F103/><N who="3" m="39499" /><G120/><T66/><D3/><U92/><E33/><V62/><F62/><W83/><G20/><N who="1" m="7722" /><E50/><V115/><F115/><N who="1" m="44105" /><E92/><V122/><F122/><W11/><G117/><T44/><D44/><U27/><E27/><V105/><F2/><W116/><G116/><T28/><D49/><U29/><AGARI ba="2,0" hai="24,29,34,80,82" m="44105,7722,25674" machi="29" ten="40,5200,0" yaku="11,1,52,2" doraHai="78" who="1" fromWho="1" sc="408,-28,250,58,121,-15,221,-15" /><INIT seed="1,0,0,3,5,21" ten="380,308,106,206" oya="1" hai0="54,37,79,45,35,110,82,120,14,85,3,91,57" hai1="121,47,84,34,24,38,25,93,66,9,41,71,106" hai2="33,99,32,4,80,73,61,96,124,123,46,5,125" hai3="102,65,6,134,52,126,69,55,103,76,86,131,50"/><U70/><E106/><V95/><F123/><W132/><G6/><T116/><D3/><U29/><E121/><V51/><F61/><N who="3" m="40111" /><G126/><N who="2" m="48745" /><F80/><N who="3" m="47367" /><G55/><T111/><D14/><U16/><E66/><V92/><F73/><W15/><G15/><T94/><D116/><U68/><E9/><V97/><F51/><W78/><G78/><T10/><D10/><U2/><E2/><V90/><F46/><W18/><G18/><T17/><D35/><N who="2" m="13386" /><F90/><W112/><G112/><T60/><D45/><U64/><E64/><V127/><N who="2" m="48753" /><V44/><DORA hai="101" /><F44/><N who="3" m="27719" /><G131/><T98/><D37/><U133/><E71/><V115/><F115/><W26/><G26/><N who="1" m="10346" /><E70/><V42/><F42/><W129/><G129/><T87/><D120/><U0/><E68/><V130/><F130/><W118/><G118/><T43/><D43/><U114/><E0/><V8/><F8/><W117/><G117/><T63/><D54/><U27/><E114/><V11/><F11/><W104/><G104/><T31/><D31/><U88/><E16/><V89/><F89/><W81/><G81/><T77/><D82/><U83/><E83/><V53/><F53/><W74/><G74/><T62/><D91/><U23/><E34/><V12/><F12/><W119/><G119/><T20/><D17/><U105/><E38/><V48/><F48/><W75/><G75/><T109/><D63/><U28/><E41/><V56/><F56/><W122/><G122/><T1/><D62/><U72/><E72/><V100/><F100/><W13/><G13/><T58/><D60/><U19/><E47/><V40/><F40/><W30/><G30/><RYUUKYOKU ba="0,0" sc="380,-15,308,-15,106,15,206,15" hai2="4,5,92,95,96,97,99" hai3="102,103,132,134" /><INIT seed="2,1,0,4,5,127" ten="365,293,121,221" oya="2" hai0="82,112,2,91,61,125,131,129,49,78,135,118,8" hai1="58,67,111,134,94,114,109,23,98,96,46,56,25" hai2="81,19,43,15,3,5,72,73,40,97,76,133,113" hai3="66,74,102,35,57,68,29,13,87,100,31,132,86"/><V115/><F3/><W119/><G74/><N who="0" m="43351" /><D112/><U7/><E114/><V37/><F5/><W80/><G68/><T128/><D125/><U30/><E134/><V99/><F37/><W123/><G132/><T51/><D135/><U130/><E7/><V84/><F133/><W83/><G35/><T54/><D118/><U93/><E46/><V63/><F63/><N who="3" m="38255" /><G13/><T28/><D28/><N who="3" m="10825" /><G123/><T4/><D91/><U65/><E30/><V101/><F101/><N who="3" m="39019" /><G119/><T12/><D2/><U120/><E120/><V59/><F59/><AGARI ba="1,0" hai="4,8,12,49,51,54,59,61,128,129,131" m="43351" machi="59" ten="30,7700,0" yaku="19,1,52,3" doraHai="127" who="0" fromWho="2" sc="365,80,293,0,121,-80,221,0" /><INIT seed="3,0,0,3,4,36" ten="445,293,41,221" oya="3" hai0="14,122,94,6,106,118,67,57,131,98,95,133,123" hai1="43,110,24,114,13,55,29,34,1,60,76,109,73" hai2="48,112,99,27,92,9,16,77,66,8,71,56,38" hai3="84,5,52,59,74,32,63,49,44,134,61,105,41"/><W4/><G74/><T83/><D118/><U51/><E1/><V30/><F71/><W80/><G105/><T2/><D2/><U10/><E114/><V89/><F38/><W11/><G32/><T37/><D37/><U86/><E73/><V129/><F112/><W81/><G134/><T115/><D115/><U78/><E60/><V82/><F129/><W104/><G104/><T125/><D131/><U3/><E3/><V21/><F30/><W101/><G101/><T68/><D83/><U85/><E43/><V64/><F64/><W130/><G130/><T53/><D125/><U102/><E102/><V50/><F50/><N who="3" m="26895" /><G80/><T40/><D95/><U42/><E42/><V58/><F58/><W113/><G113/><T91/><D106/><U128/><E128/><V70/><F70/><W23/><G23/><T135/><D67/><U62/><E62/><N who="3" m="23562" /><G11/><T124/><D133/><U7/><E76/><AGARI ba="0,0" hai="4,5,49,52,59,76,81,84" m="23562,26895" machi="76" ten="30,5800,0" yaku="8,1,52,1,54,1" doraHai="36" who="3" fromWho="1" sc="445,0,293,-58,41,0,221,58" /><INIT seed="3,1,0,5,3,112" ten="445,235,41,279" oya="3" hai0="63,29,33,48,94,86,111,122,59,100,40,131,123" hai1="107,4,13,9,77,96,39,93,20,36,84,128,58" hai2="83,117,99,23,98,50,121,73,134,124,8,69,106" hai3="89,113,133,114,103,44,34,53,17,109,62,49,72"/><W85/><G72/><T12/><D111/><U16/><E107/><V64/><F117/><W135/><G34/><T82/><D131/><U45/><E128/><V125/><F121/><W67/><G103/><T7/><D29/><U43/><E58/><V32/><F32/><W102/><G102/><T5/><D33/><U31/><E31/><V14/><F14/><W97/><G97/><N who="0" m="59447" /><D122/><U47/><E96/><V6/><F134/><W26/><G26/><T41/><D123/><U60/><E60/><V126/><F126/><W75/><G75/><T129/><D129/><U24/><E93/><V27/><F27/><W30/><G17/><T11/><D48/><U105/><E105/><V79/><F79/><W78/><G78/><N who="0" m="46423" /><D5/><U19/><E19/><V28/><F28/><W3/><G30/><T81/><D81/><U22/><E20/><V18/><F83/><W15/><G62/><T87/><D87/><U71/><E71/><V127/><F127/><W132/><G109/><T35/><D35/><U92/><E77/><V25/><F25/><W115/><G67/><AGARI ba="1,0" hai="7,11,12,40,41,59,63,67" m="46423,59447" machi="67" ten="30,1000,0" yaku="8,1" doraHai="112" who="0" fromWho="3" sc="445,13,235,0,41,0,279,-13" owari="458,55.0,235,-16.0,41,-46.0,266,7.0" /></mjloggm>