<mjloggm ver="2.3"><GO type="225" lobby="0"/><UN n0="%E3%83%AA%E3%83%81%E3%83%A3%21%21" n1="%E3%82%A6%E3%83%AB%E3%83%88%E3%83%A9%E7%AB%8B%E7%9B%B4" n2="%E3%81%B5%E3%83%BC%E7%88%BA" n3="%E9%87%8C%E6%9C%A8%E4%BB%81" dan="17,17,16,16" rate="2097.82,2193.18,2106.84,2064.65" sx="M,M,M,M"/><TAIKYOKU oya="0"/><INIT seed="0,0,0,4,5,46" ten="250,250,250,250" oya="0" hai0="65,53,50,123,80,19,115,83,102,81,32,39,27" hai1="90,14,134,12,45,24,95,132,43,40,72,1,133" hai2="112,8,60,125,111,11,108,124,98,106,20,128,2" hai3="84,107,41,94,75,135,96,52,7,47,118,129,93"/><T109/><D123/><U122/><E122/><V86/><F60/><W26/><G75/><T77/><D39/><U91/><E72/><V67/><F67/><W34/><G7/><T44/><D115/><U28/><E1/><V3/><F86/><W126/><G118/><T62/><D109/><N who="2" m="42058" /><F98/><W71/><G71/><T76/><D102/><U4/><E4/><V55/><F55/><W10/><G10/><N who="2" m="3625" /><F106/><W17/><G52/><T61/><D61/><U66/><E66/><V21/><F112/><W92/><G84/><T87/><D77/><U121/><E121/><V70/><F70/><W74/><G107/><T0/><D0/><N who="2" m="42" /><F128/><W56/><G129/><T30/><REACH who="0" step="1"/><D19/><REACH who="0" ten="240,250,250,250" step="2"/><U18/><E18/><V68/><F68/><AGARI ba="0,1" hai="27,30,32,44,50,53,62,65,68,76,80,81,83,87" machi="68" ten="30,11600,0" yaku="1,1,2,1,7,1,52,1,53,0" doraHai="46" doraHaiUra="97" who="0" fromWho="2" sc="240,126,250,0,250,-116,250,0" /><INIT seed="0,1,0,1,2,72" ten="366,250,134,250" oya="0" hai0="29,122,121,52,16,97,130,133,58,48,14,77,108" hai1="62,12,131,117,28,125,85,83,70,71,3,49,34" hai2="90,87,22,81,126,35,2,40,134,26,111,112,57" hai3="54,110,6,27,10,9,45,15,19,44,129,86,61"/><T113/><D113/><U82/><E3/><V128/><F112/><W36/><G110/><T73/><D108/><U33/><E117/><V60/><F111/><W18/><G129/><T56/><D133/><U106/><E106/><V21/><F2/><W64/><G86/><T65/><D130/><U11/><E131/><V135/><F128/><W115/><G115/><T25/><D97/><U132/><E132/><N who="2" m="50731" /><F40/><W37/><G27/><T5/><D5/><U80/><E125/><V105/><F105/><W0/><G19/><T46/><D65/><U32/><E28/><N who="2" m="19863" /><F126/><W17/><G17/><T69/><D69/><U104/><E104/><V38/><F38/><W99/><G99/><T100/><D100/><U78/><E70/><V101/><F101/><W116/><G54/><AGARI ba="1,0" hai="21,22,54,57,60,81,87,90" m="19863,50731" machi="54" ten="30,1000,0" yaku="20,1" doraHai="72" who="2" fromWho="3" sc="366,0,250,0,134,13,250,-13" /><INIT seed="1,0,0,1,4,4" ten="366,250,147,237" oya="1" hai0="115,83,79,96,32,51,18,132,55,121,112,49,119" hai1="90,7,134,13,72,68,76,8,73,110,111,69,82" hai2="109,59,94,131,57,38,60,84,108,129,88,34,113" hai3="120,133,50,87,61,36,10,15,118,128,124,122,80"/><U33/><E33/><V20/><F34/><W105/><G36/><T44/><D32/><U71/><E134/><V117/><F38/><W11/><G133/><T66/><D119/><U104/><E104/><V67/><F117/><W6/><G118/><T78/><D132/><U39/><E39/><V92/><F113/><W24/><G124/><T22/><D121/><U19/><E90/><V29/><F94/><W127/><G127/><T86/><D78/><U58/><E58/><V3/><F3/><W9/><G128/><N who="2" m="49225" /><F59/><W5/><G105/><T107/><D66/><U106/><E106/><V40/><F40/><W16/><G61/><T123/><D123/><U0/><REACH who="1" step="1"/><E73/><REACH who="1" ten="366,240,147,237" step="2"/><V63/><F57/><W35/><G35/><T28/><D107/><U93/><E93/><V56/><F56/><W65/><G65/><T95/><D51/><U41/><E41/><V114/><F67/><W27/><G50/><T53/><D53/><U1/><E1/><V54/><F54/><W48/><G48/><T75/><D75/><U70/><N who="1" m="17408" /><DORA hai="64" /><U101/><E101/><V17/><F92/><W130/><G130/><T47/><D55/><U25/><E25/><V74/><F74/><W89/><G27/><N who="0" m="16503" /><D49/><U26/><E26/><V100/><F88/><W85/><G24/><T62/><D112/><U45/><E45/><V46/><F46/><W2/><G122/><T102/><D115/><U126/><E126/><V77/><F114/><W12/><G120/><T21/><D62/><U99/><E99/><V43/><F63/><W91/><G91/><T135/><D135/><U30/><E30/><RYUUKYOKU ba="0,1" sc="366,10,240,10,147,-30,237,10" hai0="18,21,44,47,79,83,86,95,96,102" hai1="0,7,8,13,19,72,76,82,110,111" hai3="2,5,6,9,10,11,12,15,16,80,85,87,89" /><INIT seed="1,1,1,0,3,115" ten="376,250,117,247" oya="1" hai0="131,100,82,83,85,106,0,45,128,27,135,6,49" hai1="78,117,77,54,122,113,127,4,17,97,90,14,124" hai2="7,8,93,19,46,33,59,21,58,91,75,30,119" hai3="40,67,95,34,37,48,108,102,84,94,28,132,24"/><U29/><E122/><V23/><F75/><W62/><G108/><T72/><D135/><U10/><E113/><V65/><F119/><W68/><G132/><T81/><D72/><U88/><E117/><V71/><F33/><W92/><G37/><T118/><D118/><U129/><E29/><V55/><F30/><W110/><G110/><T12/><D0/><U133/><E133/><V20/><F19/><W51/><G40/><T11/><D27/><U69/><E69/><V99/><F71/><W130/><G130/><N who="0" m="49707" /><D100/><U50/><E17/><V101/><F65/><W57/><G102/><T31/><D31/><U120/><E120/><V43/><F101/><W13/><G84/><T105/><D85/><U70/><E70/><V86/><F86/><W114/><G114/><T103/><D103/><U80/><E129/><V5/><F55/><AGARI ba="1,1" hai="6,11,12,45,49,55,81,82,83,105,106" m="49707" machi="55" ten="30,1000,0" yaku="19,1" doraHai="115" who="0" fromWho="2" sc="376,23,250,0,117,-13,247,0" /><INIT seed="2,0,0,2,1,97" ten="399,250,104,247" oya="2" hai0="89,66,23,26,114,63,58,62,52,37,130,133,76" hai1="54,42,51,45,53,19,60,38,124,74,16,132,11" hai2="90,18,106,129,13,87,123,117,96,39,43,113,29" hai3="85,47,3,70,33,2,112,81,17,121,31,21,95"/><V98/><F113/><W8/><G33/><T57/><D37/><U131/><E74/><V40/><F117/><W55/><G70/><T27/><D114/><U0/><E131/><V68/><F123/><W64/><G64/><T92/><D130/><U82/><E82/><V116/><F116/><W135/><G112/><T50/><D133/><U41/><E41/><V30/><F129/><W7/><G121/><T134/><D134/><U12/><E0/><V119/><F119/><W99/><G135/><T22/><D76/><U49/><E132/><V69/><F39/><W111/><G31/><N who="0" m="17879" /><D66/><U56/><E124/><V102/><F98/><W1/><G111/><T48/><D48/><U103/><E103/><V118/><F118/><W125/><G125/><T83/><D58/><N who="1" m="34903" /><E38/><V28/><F69/><W61/><G47/><T100/><D23/><U84/><E84/><V6/><F68/><W9/><G9/><T14/><D14/><U93/><E93/><V59/><F6/><AGARI ba="0,0" hai="6,11,12,16,19,42,45,49,51,53,56" m="34903" machi="6" ten="30,2000,0" yaku="8,1,54,1" doraHai="97" who="1" fromWho="2" sc="399,0,250,20,104,-20,247,0" /><INIT seed="3,0,0,2,0,92" ten="399,270,84,247" oya="3" hai0="101,33,43,93,11,119,132,45,116,35,114,10,38" hai1="32,135,4,98,99,6,131,71,53,74,91,115,96" hai2="124,77,117,42,66,76,25,16,57,14,15,72,125" hai3="88,87,51,104,41,103,29,52,44,73,130,85,133"/><W109/><G133/><T123/><D132/><U34/><E135/><V20/><F42/><W121/><G121/><T7/><D123/><U19/><E115/><V69/><F69/><W26/><G130/><T40/><D11/><U39/><E39/><V65/><F57/><W58/><G73/><T64/><D43/><U2/><E74/><V8/><F72/><W12/><G109/><T107/><D93/><U111/><E71/><V78/><F8/><W67/><G67/><T89/><D64/><U3/><E91/><V5/><F78/><W27/><G12/><T110/><D89/><U37/><E37/><V86/><F86/><W84/><G29/><T82/><D82/><U23/><E53/><V127/><F127/><W128/><G128/><T61/><D61/><U102/><E102/><V1/><F20/><W49/><G103/><T17/><D17/><U0/><E131/><V118/><F25/><N who="3" m="9227" /><G104/><T120/><D120/><U9/><E111/><V48/><F48/><W47/><G47/><T83/><D110/><U90/><E90/><AGARI ba="0,0" hai="41,44,49,51,52,58,84,85,87,88,90" m="9227" machi="90" ten="30,5800,0" yaku="8,1,54,2" doraHai="92" who="3" fromWho="1" sc="399,0,270,-58,84,0,247,58" /><INIT seed="3,1,0,4,3,108" ten="399,212,84,305" oya="3" hai0="79,126,131,87,1,99,52,65,127,114,12,107,103" hai1="93,43,46,30,119,61,102,76,62,17,25,23,27" hai2="4,57,133,58,64,96,34,95,59,98,100,16,7" hai3="124,120,130,41,15,135,66,112,83,0,73,6,123"/><W32/><G15/><T55/><D1/><U118/><E76/><V2/><F34/><W91/><G91/><T72/><D114/><U3/><E3/><V42/><F133/><W14/><G14/><T37/><D37/><N who="1" m="21871" /><E93/><V11/><F42/><W80/><G80/><T81/><D65/><U77/><E102/><V110/><F110/><W26/><G66/><T53/><D131/><U67/><E67/><V89/><F64/><W35/><G130/><T82/><REACH who="0" step="1"/><D12/><REACH who="0" ten="389,212,84,305" step="2"/><U54/><E54/><V101/><F2/><W18/><G135/><T116/><D116/><N who="1" m="44587" /><E77/><AGARI ba="1,1" hai="52,53,55,72,77,79,81,82,87,99,103,107,126,127" machi="77" ten="40,8000,1" yaku="1,1,54,1,53,2" doraHai="108" doraHaiUra="74" who="0" fromWho="1" sc="389,93,212,-83,84,0,305,0" owari="482,58.0,129,-27.0,84,-42.0,305,11.0" /></mjloggm>