<mjloggm ver="2.3"><GO type="41" lobby="0"/><UN n0="%4A%61%6E%65%44%75%65" n1="%4B%55%55%47%45%4E" n2="%E5%B0%B1%E6%B4%BB%E7%94%9F%40%E5%B7%9D%E6%9D%91%E8%BB%8D%E5%9B%A3" n3="%E5%A4%A9%E5%85%AB%E5%A4%A7%E4%BB%8F" dan="15,14,17,14" rate="1947.10,1949.47,2158.94,1937.84" sx="M,M,M,M"/><TAIKYOKU oya="0"/><INIT seed="0,0,0,5,0,87" ten="250,250,250,250" oya="0" hai0="57,10,63,69,14,135,122,29,127,83,44,118,31" hai1="123,85,90,105,108,91,43,110,79,96,130,74,34" hai2="93,19,60,37,113,71,100,62,89,32,116,52,5" hai3="30,16,121,115,51,112,13,56,49,36,124,1,18"/><T61/><D122/><U73/><E34/><V39/><F32/><W104/><G36/><T92/><D118/><U102/><E123/><V35/><F35/><W7/><G1/><T98/><D135/><U8/><E43/><V65/><F113/><W26/><G121/><T117/><D117/><U12/><E130/><V53/><F116/><W72/><G72/><N who="1" m="27754" /><E12/><V120/><F120/><W134/><G104/><T66/><D83/><N who="1" m="47359" /><E8/><V58/><F100/><W106/><G106/><T4/><D44/><U86/><E86/><V0/><F53/><W125/><G134/><T11/><D11/><U33/><E33/><V132/><F132/><W101/><G56/><T6/><D6/><U48/><E48/><V131/><F131/><W21/><G7/><T45/><D45/><U126/><E126/><N who="3" m="48746" /><G101/><T28/><D127/><U68/><E68/><V111/><F111/><AGARI ba="0,0" hai="90,91,96,102,105,108,110,111" m="47359,27754" machi="111" ten="30,8000,1" yaku="14,1,34,2,52,2" doraHai="87" who="1" fromWho="2" sc="250,0,250,80,250,-80,250,0" /><INIT seed="1,0,0,2,2,21" ten="250,330,170,250" oya="1" hai0="75,1,34,102,60,118,0,119,2,6,38,81,71" hai1="19,65,70,72,126,82,90,112,67,68,31,69,24" hai2="121,49,63,134,129,124,13,86,123,42,62,113,39" hai3="56,30,85,64,105,45,44,28,117,50,15,108,99"/><U93/><E112/><V52/><F113/><W120/><G120/><T79/><D102/><U3/><E3/><V83/><F124/><W107/><G108/><T16/><D6/><U26/><E126/><V55/><F129/><W57/><G85/><T127/><D127/><U125/><E125/><V76/><F134/><W122/><G122/><T5/><D5/><U95/><E95/><V80/><F39/><W46/><G15/><T92/><D92/><U115/><E115/><V25/><F13/><W36/><G36/><T58/><D38/><U59/><E19/><V91/><F42/><W18/><G18/><T22/><D34/><U14/><E14/><V109/><F109/><W78/><G45/><T47/><D47/><U94/><E94/><V48/><F86/><W110/><G50/><T53/><REACH who="0" step="1"/><D71/><REACH who="0" ten="240,330,170,250" step="2"/><U84/><E68/><V89/><REACH who="2" step="1"/><F76/><REACH who="2" ten="240,330,160,250" step="2"/><W97/><G78/><T100/><D100/><U116/><E72/><V131/><F131/><W27/><G110/><T23/><D23/><U17/><E84/><V32/><F32/><W88/><G88/><T74/><D74/><U54/><E90/><V135/><F135/><W51/><G97/><T11/><D11/><U98/><E98/><V111/><F111/><W104/><G99/><T20/><D20/><U130/><E130/><V35/><F35/><W73/><G73/><T96/><D96/><U7/><E7/><V66/><F66/><W101/><G64/><T4/><D4/><U106/><E67/><V77/><F77/><W128/><G101/><T9/><D9/><U33/><E65/><V132/><F132/><RYUUKYOKU ba="0,2" sc="240,15,330,-15,160,15,250,-15" hai0="0,1,2,16,22,53,58,60,75,79,81,118,119" hai2="25,48,49,52,55,62,63,80,83,89,91,121,123" /><INIT seed="2,1,2,4,0,128" ten="255,315,175,235" oya="2" hai0="58,82,64,61,40,131,48,34,6,26,67,2,108" hai1="60,7,21,33,25,11,45,9,99,114,0,110,35" hai2="27,115,62,83,69,91,54,93,109,13,53,43,88" hai3="66,50,17,77,23,81,32,98,42,125,36,71,124"/><V97/><F115/><W118/><G32/><T129/><D108/><U28/><E110/><V130/><F109/><W22/><G118/><T133/><D2/><U102/><E114/><V112/><F112/><W37/><G98/><T16/><D6/><U73/><E73/><V107/><F130/><N who="0" m="49674" /><D82/><U132/><E132/><V63/><F107/><W68/><G23/><N who="0" m="13671" /><D34/><U134/><E134/><V79/><F43/><W94/><G42/><T1/><D1/><U75/><E75/><V72/><F27/><W31/><G66/><N who="0" m="39223" /><D133/><U38/><E33/><V86/><F13/><W101/><G81/><T49/><D49/><U92/><E35/><V74/><F74/><W30/><G50/><T10/><D10/><U29/><E9/><V96/><F63/><W78/><G30/><T123/><D123/><U15/><E60/><V126/><F126/><W85/><G31/><T105/><D105/><U100/><E29/><V127/><F127/><W19/><G22/><T56/><D56/><U14/><E0/><V106/><F106/><W39/><G39/><T52/><D52/><U90/><E38/><V55/><REACH who="2" step="1"/><F91/><REACH who="2" ten="255,315,165,235" step="2"/><W84/><G101/><T8/><D8/><U46/><E14/><V44/><F44/><AGARI ba="1,3" hai="40,44,48,64,67" m="39223,13671,49674" machi="44" ten="30,2000,0" yaku="19,1,54,1" doraHai="128" who="0" fromWho="2" sc="255,53,315,0,165,-23,235,0" /><AGARI ba="1,0" hai="7,11,15,21,25,28,44,45,46,90,92,99,100,102" machi="44" ten="40,1300,0" yaku="8,1" doraHai="128" who="1" fromWho="2" sc="308,0,315,13,142,-13,235,0" /><INIT seed="3,0,0,5,3,1" ten="308,328,129,235" oya="3" hai0="106,94,118,27,45,22,6,23,88,86,115,25,41" hai1="70,135,120,35,71,97,39,49,19,84,59,116,78" hai2="28,121,100,62,123,132,91,15,104,72,65,134,11" hai3="8,79,13,52,32,42,53,29,33,37,40,102,43"/><W69/><G69/><T130/><D118/><U63/><E39/><V125/><F72/><W51/><G37/><T58/><D106/><U21/><E35/><V7/><F125/><W124/><G124/><T82/><D130/><U112/><E112/><V64/><F28/><W85/><G102/><T76/><D115/><U0/><E120/><N who="2" m="46155" /><F91/><W16/><G29/><T10/><D58/><U95/><E0/><V50/><F50/><W117/><G117/><T31/><D45/><U61/><E135/><N who="2" m="51755" /><F62/><W36/><G36/><T14/><D41/><U30/><E30/><V127/><F127/><W55/><REACH who="3" step="1"/><G51/><REACH who="3" ten="308,328,129,225" step="2"/><T81/><D76/><U109/><E49/><V99/><AGARI ba="0,1" hai="7,11,15,64,65,99,100,104" m="51755,46155" machi="99" ten="40,5200,0" yaku="13,1,20,1,52,1" doraHai="1" who="2" fromWho="2" sc="308,-13,328,-13,129,62,225,-26" /><INIT seed="4,0,0,3,0,36" ten="295,315,191,199" oya="0" hai0="70,105,12,0,21,88,35,104,44,123,111,51,98" hai1="23,69,1,135,46,129,102,27,7,24,127,9,42" hai2="39,122,114,84,93,4,95,20,64,74,75,80,13" hai3="41,133,58,107,103,38,68,81,91,48,18,34,54"/><T60/><D123/><U87/><E69/><V108/><F108/><W66/><G34/><T128/><D0/><U106/><E135/><V3/><F122/><W65/><G65/><T33/><D111/><U62/><E127/><V50/><F39/><W86/><G133/><T126/><D126/><U47/><E62/><V90/><F3/><W85/><G107/><T73/><D73/><U94/><E129/><V61/><F114/><W92/><G103/><T71/><D128/><U45/><E106/><V8/><F20/><W2/><G2/><T132/><D104/><U124/><E24/><V29/><F29/><W131/><G131/><T77/><D77/><U6/><E6/><V11/><F11/><W96/><G18/><T19/><D132/><U113/><E113/><V117/><F117/><W15/><G15/><T16/><D19/><U22/><E22/><V55/><F75/><W52/><G81/><T125/><D70/><U119/><E119/><V26/><F26/><W31/><G31/><T59/><D71/><U89/><E102/><V134/><F74/><W118/><G54/><N who="0" m="33911" /><D105/><U120/><E120/><V109/><F109/><W63/><REACH who="3" step="1"/><G118/><REACH who="3" ten="295,315,191,189" step="2"/><T97/><D125/><U100/><E100/><V72/><F134/><W101/><G101/><T43/><D35/><U14/><E1/><V121/><F121/><W76/><G76/><T82/><D33/><U83/><E83/><V53/><F72/><W28/><G28/><T79/><D79/><U99/><E124/><V115/><F55/><W57/><G57/><T112/><D112/><U25/><E14/><V116/><F115/><RYUUKYOKU ba="0,1" sc="295,15,315,-15,191,-15,189,15" hai0="12,16,21,43,44,51,82,88,97,98" hai3="38,41,48,52,58,63,66,68,85,86,91,92,96" /><INIT seed="4,1,1,1,4,81" ten="310,300,176,204" oya="0" hai0="101,106,100,80,69,130,85,133,121,39,113,3,17" hai1="41,110,56,77,45,20,98,116,74,75,71,36,78" hai2="33,37,94,72,52,62,8,84,122,65,29,34,22" hai3="99,103,123,126,12,47,6,134,96,70,13,0,16"/><T35/><RYUUKYOKU type="yao9" ba="1,1" sc="310,0,300,0,176,0,204,0" hai0="3,17,35,39,69,80,85,100,101,106,113,121,130,133" /><INIT seed="4,2,1,5,4,65" ten="310,300,176,204" oya="0" hai0="133,88,119,11,112,67,54,42,134,12,43,6,0" hai1="130,114,96,62,40,27,7,109,120,52,30,49,101" hai2="16,60,15,97,75,94,56,129,39,123,95,110,3" hai3="78,131,99,104,73,124,122,83,89,63,69,24,135"/><T18/><D119/><U19/><E120/><V118/><F110/><W121/><G124/><T74/><D112/><U126/><E109/><V77/><F3/><W36/><G131/><T59/><D74/><U45/><E130/><V57/><F123/><N who="3" m="47115" /><G89/><T80/><D67/><U48/><E7/><V111/><F39/><W102/><G135/><N who="0" m="51723" /><D80/><U117/><E117/><V71/><F129/><W29/><G36/><T8/><D88/><U68/><E19/><V105/><F105/><W107/><G24/><T125/><D125/><U81/><E81/><V50/><F111/><W28/><G28/><T103/><D103/><U128/><E128/><V127/><F127/><W4/><G4/><T44/><D44/><U20/><E114/><V51/><F118/><W35/><G29/><T70/><D70/><U64/><E126/><V132/><F132/><W5/><G5/><T34/><D34/><U53/><REACH who="1" step="1"/><E48/><AGARI ba="2,1" hai="0,6,8,11,12,18,42,43,48,54,59" m="51723" machi="48" ten="30,1500,0" yaku="20,1" doraHai="65" who="0" fromWho="1" sc="310,31,300,-21,176,0,204,0" /><INIT seed="4,3,0,2,2,56" ten="341,279,176,204" oya="0" hai0="18,51,127,7,12,25,134,32,118,85,92,115,73" hai1="132,0,59,126,20,16,108,63,24,90,8,43,91" hai2="110,69,89,19,96,64,31,22,88,74,75,129,133" hai3="111,45,11,113,102,14,68,78,54,28,47,35,2"/><T112/><D118/><U50/><E108/><V61/><F110/><W30/><G68/><T46/><D73/><U36/><E36/><V83/><F133/><W104/><G104/><T82/><D134/><U10/><E132/><V117/><F129/><W49/><G102/><T65/><D7/><U1/><E1/><V130/><F130/><W55/><G78/><T97/><D127/><U116/><E116/><V121/><F117/><W107/><G107/><T95/><D32/><U9/><E0/><V71/><F121/><W4/><G35/><T15/><D25/><U27/><E27/><V114/><F31/><W87/><G2/><T80/><D65/><N who="1" m="39167" /><E126/><V109/><F109/><W79/><G113/><N who="0" m="43595" /><D85/><U6/><E6/><V5/><F71/><W23/><G23/><N who="0" m="11719" /><D15/><U101/><E101/><V100/><F5/><W34/><G34/><T122/><D95/><U86/><E86/><V44/><F44/><AGARI ba="3,0" hai="8,9,10,16,20,24,43,44,50,90,91" m="39167" machi="44" ten="30,3900,0" yaku="8,1,52,1,54,1" doraHai="56" who="1" fromWho="2" sc="341,0,279,48,176,-48,204,0" /><INIT seed="5,0,0,4,1,72" ten="341,327,128,204" oya="1" hai0="17,24,40,93,91,10,95,80,106,134,82,87,108" hai1="131,3,130,61,59,18,62,65,105,42,125,41,89" hai2="7,77,73,86,8,9,116,111,119,53,110,6,66" hai3="112,114,21,76,0,85,14,22,44,127,45,92,49"/><U47/><E105/><V113/><F73/><W69/><G0/><T129/><D108/><U4/><E125/><V71/><F71/><W35/><G69/><T43/><D106/><U84/><E4/><V107/><F107/><W2/><G35/><T54/><D129/><N who="1" m="49163" /><E3/><V39/><F39/><W31/><G2/><T19/><D134/><U109/><E109/><V123/><F123/><W128/><G127/><T94/><D54/><N who="1" m="34039" /><E18/><V37/><F37/><W55/><G44/><T70/><D70/><N who="1" m="42295" /><E47/><V33/><F33/><W117/><G45/><T101/><D101/><U29/><E29/><V97/><F97/><W60/><G31/><T103/><D103/><U96/><E96/><V67/><F86/><W124/><G85/><N who="0" m="50599" /><D19/><U56/><E56/><V88/><F53/><W122/><G55/><T58/><D58/><U52/><E52/><V115/><REACH who="2" step="1"/><F88/><REACH who="2" ten="341,327,118,204" step="2"/><W121/><G122/><T79/><D43/><U90/><E89/><V126/><F126/><W104/><G121/><T133/><D40/><U27/><E90/><V1/><F1/><W46/><G124/><T16/><D87/><U99/><E99/><V12/><F12/><W78/><G14/><T32/><D32/><U68/><E68/><V63/><F63/><W118/><G60/><T120/><D120/><U26/><E84/><V74/><F74/><W5/><G128/><T48/><D48/><U98/><E98/><V81/><F81/><W23/><G104/><T132/><D82/><U75/><E75/><V57/><F57/><W102/><G49/><T15/><D15/><U100/><E100/><V83/><F83/><RYUUKYOKU ba="0,1" sc="341,-15,327,15,118,15,204,-15" hai1="26,27,41,42" hai2="6,7,8,9,66,67,77,110,111,113,115,116,119" /><INIT seed="5,1,1,1,5,79" ten="326,342,133,189" oya="1" hai0="53,114,65,94,59,121,31,0,23,24,101,33,42" hai1="104,54,32,81,118,29,25,63,72,13,62,106,41" hai2="52,120,51,4,112,131,80,71,21,83,92,48,110" hai3="16,46,34,58,117,26,66,56,3,113,105,30,47"/><U96/><E118/><V14/><F110/><W2/><G105/><T1/><D114/><U95/><E41/><V135/><F71/><W39/><G39/><T102/><D42/><U44/><E62/><V122/><F112/><W74/><G74/><T87/><D65/><U78/><E13/><V7/><F131/><W76/><G76/><T91/><D121/><U17/><E17/><N who="2" m="10423" /><F120/><W82/><G2/><T18/><D1/><U57/><REACH who="1" step="1"/><E44/><REACH who="1" ten="326,332,133,189" step="2"/><N who="2" m="27655" /><F122/><W20/><G46/><T100/><D0/><U108/><E108/><V116/><F116/><W38/><G47/><T69/><D69/><U89/><AGARI ba="1,2" hai="25,29,32,54,57,63,72,78,81,89,95,96,104,106" machi="89" ten="20,7800,0" yaku="1,1,0,1,7,1,52,1,53,0" doraHai="79" doraHaiUra="125" who="1" fromWho="1" sc="326,-27,332,101,133,-27,189,-27" /><INIT seed="5,2,0,1,5,4" ten="299,433,106,162" oya="1" hai0="70,86,61,103,38,57,127,24,105,62,28,27,49" hai1="0,87,51,80,67,100,58,2,47,132,9,114,116" hai2="23,102,46,79,8,64,72,112,73,20,26,89,122" hai3="76,36,131,93,41,123,18,43,129,69,99,98,135"/><U55/><E116/><V77/><F122/><W85/><G123/><T75/><D75/><U34/><E34/><V130/><F102/><W113/><G113/><T96/><D38/><U74/><E74/><V48/><F112/><W10/><G69/><T88/><D127/><U3/><E114/><V119/><F119/><W110/><G110/><T115/><D115/><U78/><E132/><V83/><F130/><N who="3" m="49675" /><G36/><T35/><D24/><U117/><E117/><V92/><F64/><W52/><G135/><T133/><D133/><U12/><E100/><V124/><F124/><W60/><G76/><T7/><D7/><U121/><E121/><V81/><F8/><W90/><G18/><T128/><D128/><U42/><E67/><V29/><F20/><W40/><G10/><T134/><D134/><U118/><E118/><V84/><F48/><W53/><G60/><T31/><D31/><U13/><REACH who="1" step="1"/><E9/><REACH who="1" ten="299,423,106,162" step="2"/><V91/><F73/><W104/><G104/><T44/><D105/><U54/><E54/><AGARI ba="2,1" hai="40,41,43,52,53,54,85,90,93,98,99" m="49675" machi="54" ten="30,2000,0" yaku="19,1,54,1" doraHai="4" who="3" fromWho="1" sc="299,0,423,-26,106,0,162,36" /><INIT seed="6,0,0,5,5,23" ten="299,397,106,198" oya="2" hai0="5,98,39,93,8,99,7,131,26,84,115,113,1" hai1="32,55,86,52,121,91,104,59,38,2,53,22,6" hai2="90,28,31,42,21,78,126,73,68,102,64,27,25" hai3="44,109,82,35,13,72,134,123,47,60,67,120,46"/><V118/><F118/><W125/><G35/><T16/><D39/><U112/><E32/><V24/><F126/><W36/><G109/><T114/><D131/><U110/><E110/><V79/><F73/><W15/><G36/><T95/><D7/><U103/><E38/><V111/><F111/><W94/><G134/><T117/><D117/><U34/><E34/><V92/><F68/><W127/><G94/><N who="0" m="35851" /><D84/><U18/><E112/><V29/><F102/><W124/><G82/><T17/><D17/><U10/><E103/><V96/><F42/><W88/><G72/><T132/><D132/><U87/><E104/><V56/><F21/><AGARI ba="0,0" hai="1,5,8,16,21,26,98,99,113,114,115" m="35851" machi="21" ten="40,5200,0" yaku="15,1,52,1,54,1" doraHai="23" who="0" fromWho="2" sc="299,52,397,0,106,-52,198,0" /><INIT seed="7,0,0,2,2,37" ten="351,397,54,198" oya="3" hai0="5,59,132,8,10,76,16,89,133,120,115,129,62" hai1="119,83,22,111,48,54,17,47,74,91,134,135,57" hai2="67,87,73,118,72,15,30,61,99,3,71,82,49" hai3="1,4,13,26,113,56,65,11,102,46,85,121,117"/><W123/><G117/><T23/><D120/><U45/><E119/><V126/><F118/><W116/><G116/><T93/><D129/><U52/><E111/><V38/><F38/><W112/><G102/><T12/><D76/><N who="1" m="44439" /><E91/><V122/><F3/><W28/><G46/><T55/><D115/><N who="3" m="44105" /><G85/><T35/><D35/><U14/><E54/><V25/><F122/><N who="3" m="46603" /><G56/><T100/><D100/><U53/><E53/><V104/><F126/><W60/><G60/><T95/><D10/><U0/><E0/><V19/><F49/><W50/><G50/><T36/><D36/><U109/><E109/><V21/><F87/><W75/><G65/><T18/><D18/><U41/><E41/><V128/><F82/><W106/><G75/><T24/><REACH who="0" step="1"/><D93/><REACH who="0" ten="341,397,54,198" step="2"/><U7/><E7/><V66/><F128/><W130/><G106/><T44/><D44/><U29/><E29/><V107/><F107/><W101/><G101/><T77/><D77/><U63/><E47/><V110/><F110/><W70/><G130/><T131/><D131/><U27/><E45/><V98/><F67/><W33/><G70/><T58/><D58/><U69/><E69/><V32/><REACH who="2" step="1"/><F99/><AGARI ba="0,1" hai="5,8,12,16,23,24,55,59,62,89,95,99,132,133" machi="99" ten="40,8000,1" yaku="1,1,25,2,54,1,53,0" doraHai="37" doraHaiUra="42" who="0" fromWho="2" sc="341,90,397,0,54,-80,198,0" owari="431,53.0,397,20.0,-26,-53.0,198,-20.0" /></mjloggm>