<mjloggm ver="2.3"><GO type="169" lobby="0"/><UN n0="%E3%83%88%E3%83%88%E3%83%AA%E5%85%88%E7%94%9F%31%39%E6%AD%B3" n1="%67%61%72%75%63%69%61" n2="%E4%B8%AD%E7%94%B0%E3%83%A4%E3%82%B9%E3%82%BF%E3%82%AB" n3="%4F%4E%41%4B%41%4E" dan="19,16,16,16" rate="2268.35,2116.91,2131.78,2039.14" sx="F,M,M,M"/><TAIKYOKU oya="0"/><INIT seed="0,0,0,2,0,108" ten="250,250,250,250" oya="0" hai0="118,93,27,81,12,107,113,105,84,56,26,32,97" hai1="40,95,21,132,52,54,18,90,125,76,5,66,35" hai2="7,55,135,62,11,123,25,86,29,74,6,126,37" hai3="53,43,61,34,50,65,87,114,10,33,92,13,0"/><T129/><D118/><U3/><E35/><V68/><F74/><W51/><G0/><T69/><D69/><U130/><E125/><V22/><F126/><W121/><G121/><T134/><D129/><U115/><E132/><V120/><F37/><W127/><G127/><T96/><D134/><U71/><E76/><V28/><F29/><W133/><G133/><T49/><D113/><U60/><E130/><V70/><F135/><W42/><G34/><T89/><D97/><U131/><E131/><V119/><F119/><W46/><G50/><T85/><D85/><U16/><E40/><V82/><F68/><W117/><G33/><T23/><D12/><U94/><E94/><V48/><F120/><W2/><G2/><T17/><D32/><U36/><E36/><V111/><F123/><W31/><G31/><T103/><REACH who="0" step="1"/><D27/><REACH who="0" ten="240,250,250,250" step="2"/><U104/><E115/><V101/><F70/><W14/><G114/><T98/><D98/><U57/><E71/><V112/><F25/><W72/><G72/><T45/><D45/><U59/><E3/><V75/><F112/><W99/><G87/><T100/><D100/><U79/><E104/><V110/><F101/><N who="3" m="60647" /><G117/><T109/><D109/><N who="2" m="41482" /><F75/><W128/><G128/><T19/><D19/><U4/><E18/><V88/><F28/><W39/><G14/><T67/><D67/><U30/><E66/><V83/><F6/><W102/><G102/><T73/><D73/><U80/><E30/><V64/><F7/><N who="3" m="3295" /><G65/><T63/><D63/><N who="1" m="36263" /><E4/><V116/><F64/><W8/><G61/><T78/><D78/><U44/><E79/><N who="2" m="46431" /><F116/><W9/><G39/><RYUUKYOKU ba="0,1" sc="240,15,250,-15,250,-15,250,15" hai0="17,23,26,49,56,81,84,89,93,96,103,105,107" hai3="8,9,42,43,46,51,53" /><INIT seed="0,1,1,1,4,35" ten="255,235,235,265" oya="0" hai0="34,90,66,58,124,3,76,131,87,41,7,64,132" hai1="9,44,23,54,104,14,100,80,57,60,127,98,79" hai2="103,109,112,20,73,12,16,75,114,107,55,36,11" hai3="118,45,22,48,27,99,111,94,92,8,52,24,40"/><T71/><D34/><U101/><E101/><V46/><F109/><W96/><G118/><T21/><D71/><U89/><E23/><V47/><F107/><W102/><G111/><T121/><D121/><U129/><E127/><V61/><F103/><N who="3" m="60807" /><G8/><T59/><D124/><U2/><E129/><V108/><F108/><W38/><G38/><T77/><D131/><U42/><E89/><V70/><F70/><W95/><G95/><T26/><D41/><U39/><E14/><V119/><F119/><W49/><G22/><T63/><D132/><U1/><REACH who="1" step="1"/><E9/><REACH who="1" ten="255,225,235,265" step="2"/><V43/><F11/><W0/><G0/><T50/><D21/><U56/><E56/><AGARI ba="1,2" hai="24,27,40,45,48,49,52,56,94,99,102" m="60807" machi="56" ten="30,2000,0" yaku="8,1,54,1" doraHai="35" who="3" fromWho="1" sc="255,0,225,-23,235,0,265,43" /><INIT seed="1,0,0,2,4,64" ten="255,202,235,308" oya="1" hai0="23,11,49,63,30,74,93,70,71,27,15,37,58" hai1="66,118,97,79,8,101,103,85,115,50,133,38,52" hai2="125,87,96,119,76,24,127,92,18,17,9,35,135" hai3="95,42,94,56,7,129,10,88,62,112,78,114,44"/><U13/><E38/><V126/><F119/><W46/><G95/><T29/><D37/><U5/><E118/><V116/><F116/><W21/><G129/><T6/><D74/><U77/><E115/><V1/><F1/><W4/><G78/><N who="1" m="29706" /><E133/><V33/><F135/><W2/><G7/><T104/><D104/><U107/><E107/><V48/><F48/><W51/><G21/><T57/><D29/><U128/><E128/><V45/><F45/><W34/><G44/><T16/><D49/><U69/><E69/><V117/><F117/><W31/><G31/><T28/><D57/><N who="1" m="32919" /><E66/><V99/><F76/><W32/><G112/><T67/><D30/><U113/><E113/><V124/><F124/><W123/><G123/><T132/><D132/><U98/><E85/><V120/><F120/><W131/><G131/><T122/><D122/><U36/><E36/><V65/><F65/><W0/><G0/><T14/><REACH who="0" step="1"/><D93/><REACH who="0" ten="245,202,235,308" step="2"/><U54/><E54/><V59/><F59/><W110/><G114/><T20/><AGARI ba="0,1" hai="6,11,14,15,16,20,23,27,28,58,63,67,70,71" machi="20" ten="20,16000,3" yaku="1,1,2,1,0,1,7,1,52,2,54,1,53,1" doraHai="64" doraHaiUra="3" who="0" fromWho="0" sc="245,170,202,-80,235,-40,308,-40" /><INIT seed="2,0,0,5,4,115" ten="415,122,195,268" oya="2" hai0="21,96,8,78,65,111,123,118,124,85,93,27,94" hai1="25,18,76,12,61,50,98,52,1,101,2,58,104" hai2="91,70,125,116,15,51,41,135,89,9,75,49,4" hai3="33,69,32,130,72,114,92,31,127,26,87,112,13"/><V53/><F75/><W42/><G69/><T90/><D123/><U30/><E76/><V38/><F70/><W132/><G72/><T71/><D111/><U48/><E48/><V110/><F110/><W77/><G132/><T10/><D124/><U100/><E100/><V119/><F135/><W28/><G127/><T45/><D118/><U62/><E62/><V82/><F125/><W63/><G63/><T46/><D65/><U134/><E134/><V81/><F38/><W0/><G0/><T126/><D71/><U17/><E17/><V97/><F97/><W20/><G42/><T108/><D108/><U19/><E19/><V5/><F41/><W56/><G56/><T23/><D126/><U107/><E107/><V40/><F40/><W14/><G130/><T37/><D37/><U117/><E117/><N who="2" m="45131" /><F53/><W7/><G32/><T64/><D23/><U57/><E18/><V83/><F15/><W131/><G14/><T44/><D64/><U6/><E12/><V74/><F74/><W35/><G13/><T47/><N who="0" m="11264" /><DORA hai="105" /><T11/><D78/><U113/><E6/><N who="2" m="2667" /><F9/><W122/><G7/><T24/><D96/><U103/><E103/><V86/><F86/><W106/><G87/><T121/><D85/><U60/><E113/><V133/><F133/><W73/><G106/><T43/><D43/><U34/><E50/><AGARI ba="0,0" hai="49,50,51,81,82,83,89,91" m="2667,45131" machi="50" ten="40,12000,1" yaku="28,2,52,3" doraHai="115,105" who="2" fromWho="1" sc="415,0,122,-120,195,120,268,0" /><INIT seed="2,1,0,0,2,9" ten="415,2,315,268" oya="2" hai0="54,2,95,53,21,33,86,66,131,68,125,76,16" hai1="44,7,98,37,78,34,23,5,88,100,117,121,110" hai2="32,111,6,26,85,22,51,64,20,59,69,35,102" hai3="30,55,29,113,71,25,99,58,47,57,72,115,77"/><V41/><F6/><W67/><G71/><T123/><D123/><U40/><E34/><V63/><F32/><W61/><G47/><T81/><D33/><U83/><E117/><V124/><F124/><W43/><G43/><T38/><D38/><U45/><E121/><V116/><F116/><W73/><G99/><T0/><D125/><U52/><E110/><V104/><F111/><W103/><G103/><T65/><D131/><U107/><E23/><V11/><F11/><W3/><G3/><T10/><D2/><U108/><E108/><V48/><F85/><W74/><G77/><T90/><D10/><U13/><E13/><V132/><F132/><W112/><G25/><N who="0" m="14503" /><D68/><U130/><E130/><V133/><F133/><W89/><G89/><N who="0" m="51407" /><D0/><U106/><E106/><V60/><F48/><AGARI ba="1,0" hai="29,30,48,55,57,58,61,67,72,73,74,112,113,115" machi="48" ten="50,1600,0" yaku="11,1" doraHai="9" who="3" fromWho="2" sc="415,0,2,0,315,-19,268,19" /><INIT seed="3,0,0,4,3,37" ten="415,2,296,287" oya="3" hai0="72,45,21,99,36,22,28,89,32,8,50,19,54" hai1="38,18,43,75,123,70,88,52,122,114,129,110,49" hai2="61,64,100,29,91,90,117,40,95,26,13,23,14" hai3="67,74,46,39,108,77,81,80,87,121,113,41,135"/><W104/><G113/><T27/><D72/><U2/><E75/><V76/><F117/><W103/><G121/><T0/><D36/><U58/><E2/><V133/><F133/><W33/><G33/><T132/><D132/><U98/><E114/><V1/><F1/><W12/><G135/><T5/><D19/><U47/><E18/><V66/><F76/><W20/><G67/><T101/><D89/><U92/><E110/><V7/><F66/><W35/><G35/><T109/><D109/><U31/><E31/><V130/><F130/><W79/><G108/><T17/><D17/><U55/><E129/><V73/><F73/><W112/><G112/><T62/><D62/><U44/><E70/><V86/><F7/><W83/><G83/><T115/><D115/><U84/><E98/><V42/><F91/><W56/><G56/><T34/><D34/><U60/><AGARI ba="0,0" hai="38,43,44,47,49,52,55,58,60,84,88,92,122,123" machi="60" ten="20,8000,1" yaku="0,1,7,1,52,1,54,2" doraHai="37" who="1" fromWho="1" sc="415,-20,2,80,296,-20,287,-40" /><INIT seed="4,0,0,4,1,127" ten="395,82,276,247" oya="0" hai0="80,52,78,45,96,53,34,104,49,63,110,14,66" hai1="107,102,114,94,113,70,29,6,60,58,55,15,1" hai2="122,85,69,125,121,73,51,68,87,36,32,30,35" hai3="126,129,72,8,47,83,86,74,115,101,38,67,27"/><T61/><D34/><N who="2" m="12842" /><F51/><W44/><G126/><T92/><D104/><U65/><E107/><V26/><F125/><W88/><G115/><N who="1" m="44042" /><E1/><V11/><F11/><W99/><G129/><T31/><D110/><U24/><E102/><V42/><F42/><W100/><G67/><T39/><D39/><U5/><E15/><V135/><F135/><W46/><G38/><T119/><D119/><U105/><E94/><V124/><F124/><W131/><G131/><T43/><D14/><U82/><E82/><V48/><F48/><W91/><G27/><T108/><D31/><U76/><E76/><V128/><F36/><W77/><G8/><T75/><D108/><U71/><E105/><V62/><F26/><W93/><REACH who="3" step="1"/><G74/><REACH who="3" ten="395,82,276,237" step="2"/><T112/><D112/><U33/><E71/><V117/><F128/><W81/><AGARI ba="0,1" hai="44,46,47,72,77,81,83,86,88,91,93,99,100,101" machi="81" ten="30,7900,0" yaku="1,1,2,1,0,1,54,1,53,0" doraHai="127" doraHaiUra="18" who="3" fromWho="3" sc="395,-39,82,-20,276,-20,237,89" /><INIT seed="5,0,0,1,0,2" ten="356,62,256,326" oya="1" hai0="42,133,54,126,44,81,108,76,89,103,88,52,16" hai1="46,59,135,131,51,50,107,73,17,109,75,68,53" hai2="85,132,0,104,72,112,120,23,3,114,94,101,78" hai3="130,105,57,12,37,71,34,91,4,62,40,82,8"/><U65/><E107/><V129/><F120/><W64/><G34/><T43/><D108/><U79/><E109/><V121/><F121/><W27/><G105/><T48/><D133/><U127/><E135/><V61/><F132/><W116/><G116/><T102/><D126/><U28/><E127/><V95/><F129/><W45/><G130/><T100/><D54/><U90/><E28/><V86/><F61/><W31/><G71/><T13/><D76/><U106/><E131/><V99/><F23/><W128/><G128/><T36/><D81/><U18/><E106/><V67/><F67/><W49/><G37/><T123/><D123/><U15/><E68/><V14/><F14/><W30/><G27/><T98/><D98/><U6/><E6/><V96/><F3/><W70/><G70/><T56/><REACH who="0" step="1"/><D43/><REACH who="0" ten="346,62,256,326" step="2"/><U7/><E79/><V122/><F122/><W22/><G22/><AGARI ba="0,1" hai="13,16,22,36,42,44,48,52,56,88,89,100,102,103" machi="22" ten="40,8000,1" yaku="1,1,2,1,54,3,53,0" doraHai="2" doraHaiUra="21" who="0" fromWho="3" sc="346,90,62,0,256,0,326,-80" /><INIT seed="6,0,0,4,1,114" ten="436,62,256,246" oya="2" hai0="120,8,44,66,93,3,18,122,69,31,91,96,78" hai1="81,33,76,88,38,20,40,6,54,57,118,98,79" hai2="55,48,28,46,23,129,52,45,65,15,43,63,47" hai3="36,112,41,75,109,5,99,121,110,11,115,19,108"/><V104/><F104/><W131/><G99/><T80/><D31/><U77/><E33/><V37/><F129/><W85/><G85/><T9/><D69/><U64/><E118/><V107/><F107/><W103/><G103/><T62/><D44/><U123/><E123/><V83/><F83/><W22/><G75/><T117/><D117/><U113/><E113/><N who="3" m="43594" /><G41/><T90/><D90/><U95/><E64/><V1/><F1/><N who="3" m="431" /><G36/><T12/><D62/><U2/><E2/><V101/><F101/><W50/><G50/><T84/><D66/><U128/><E6/><V92/><F92/><W58/><G58/><T32/><D3/><U105/><E128/><V100/><F100/><W68/><G68/><T72/><D72/><U89/><E105/><V97/><F97/><W126/><G131/><T4/><D96/><U67/><E67/><V60/><F47/><W51/><G51/><T30/><D93/><U39/><E40/><V13/><F55/><W53/><G53/><T82/><D82/><U29/><E81/><V21/><F63/><W49/><G49/><T17/><D91/><U61/><REACH who="1" step="1"/><E89/><REACH who="1" ten="436,52,256,246" step="2"/><V106/><F106/><W111/><G111/><T27/><D4/><U14/><E14/><AGARI ba="0,1" hai="8,9,12,14,17,18,27,30,32,78,80,84,120,122" machi="14" ten="40,1300,0" yaku="9,1" doraHai="114" who="0" fromWho="1" sc="436,23,52,-13,256,0,246,0" /><INIT seed="7,0,0,3,0,63" ten="459,39,256,246" oya="3" hai0="86,0,76,109,69,102,64,92,28,49,52,62,113" hai1="5,47,112,83,38,45,22,61,29,26,82,123,35" hai2="135,71,131,96,58,79,8,93,30,13,15,21,108" hai3="75,9,70,88,115,68,65,18,91,14,133,34,80"/><W116/><G116/><T118/><D109/><U66/><E123/><V44/><F108/><W60/><G34/><T23/><D118/><U4/><E112/><V3/><F3/><W6/><G115/><T37/><D113/><U95/><E95/><V11/><F71/><W84/><G75/><T78/><D0/><U122/><E122/><V46/><F131/><W105/><G105/><T107/><D107/><U31/><E38/><V74/><F74/><W56/><G133/><T72/><D37/><U94/><E94/><V130/><F130/><W7/><G91/><T53/><D72/><U110/><E110/><V129/><F129/><W128/><G128/><T43/><D43/><U19/><E61/><V1/><F1/><W104/><G104/><T124/><D53/><U73/><E73/><V97/><F135/><W120/><G120/><T100/><D124/><U41/><E35/><V101/><F79/><W89/><G89/><T117/><D117/><U114/><E114/><V106/><F58/><W20/><REACH who="3" step="1"/><G6/><REACH who="3" ten="459,39,256,236" step="2"/><T125/><D78/><U59/><E4/><N who="2" m="3207" /><F106/><W85/><G85/><T16/><D76/><U39/><E5/><N who="2" m="3567" /><F97/><W121/><G121/><T77/><D86/><U87/><E87/><V17/><F30/><W103/><G103/><T127/><D28/><U51/><E31/><V81/><F81/><W25/><AGARI ba="0,1" hai="7,9,14,18,20,25,56,60,65,68,70,80,84,88" machi="25" ten="20,12000,1" yaku="1,1,0,1,7,1,52,1,54,1,53,0" doraHai="63" doraHaiUra="32" who="3" fromWho="3" sc="459,-40,39,-40,256,-40,236,130" owari="419,51.0,-1,-50.0,216,-18.0,366,17.0" /></mjloggm>