<mjloggm ver="2.3"><GO type="233" lobby="0"/><UN n0="%E3%81%97%E3%82%85%E3%81%B0%E3%82%8B%E3%81%A4" n1="%E3%82%A6%E3%83%AB%E3%83%88%E3%83%A9%E7%AB%8B%E7%9B%B4" n2="%E5%B0%8F%E9%98%AA%E3%81%A1%E3%81%B2%E3%82%8D" n3="%65%69%6B%31" dan="16,18,18,17" rate="2116.45,2228.38,2254.37,2143.92" sx="M,M,F,M"/><TAIKYOKU oya="0"/><INIT seed="0,0,0,1,0,110" ten="250,250,250,250" oya="0" hai0="32,109,61,107,26,68,102,84,7,3,80,99,46" hai1="14,132,77,30,16,39,5,81,100,38,21,20,56" hai2="115,29,34,49,127,135,25,121,51,90,40,8,44" hai3="87,52,119,106,95,76,91,96,37,98,131,128,28"/><T42/><D109/><U6/><E132/><V64/><F121/><W15/><G37/><T53/><D3/><U85/><E39/><V133/><F127/><W78/><G28/><T112/><D7/><U105/><E38/><V111/><F111/><W35/><G35/><T120/><D120/><U75/><E75/><V57/><F8/><W48/><G119/><T82/><D53/><U24/><E105/><V134/><F90/><W54/><G54/><T88/><D80/><U0/><E0/><V1/><F1/><W101/><G15/><T31/><D112/><U12/><E100/><V60/><F51/><W123/><G123/><T104/><D107/><U113/><E113/><AGARI ba="0,0" hai="25,29,34,40,44,49,57,60,64,113,115,133,134,135" machi="113" ten="40,5200,0" yaku="20,1,52,2" doraHai="110" who="2" fromWho="1" sc="250,0,250,-52,250,52,250,0" /><INIT seed="1,0,0,5,2,113" ten="250,198,302,250" oya="1" hai0="87,44,101,125,107,97,69,19,118,133,46,106,99" hai1="111,128,32,76,84,43,65,33,120,50,108,112,60" hai2="116,131,91,54,72,18,135,102,82,47,96,83,71" hai3="85,23,17,129,115,16,5,22,37,56,26,55,49"/><U127/><E120/><V35/><F71/><W90/><G115/><T45/><D69/><U14/><E112/><V3/><F3/><W110/><G110/><N who="1" m="42026" /><E127/><V20/><F35/><N who="1" m="13385" /><E14/><V132/><F131/><W74/><G74/><T98/><D133/><U73/><E73/><V11/><F11/><W123/><G37/><T28/><D28/><U6/><E6/><V34/><F34/><W66/><G129/><T95/><D125/><U121/><E128/><V109/><F72/><W81/><G123/><T89/><D19/><U77/><E84/><V12/><F109/><W59/><G5/><T92/><D106/><U61/><E121/><V103/><F135/><W31/><G23/><T58/><D107/><U39/><E39/><V93/><F20/><W57/><REACH who="3" step="1"/><G66/><REACH who="3" ten="250,198,302,240" step="2"/><T104/><D104/><U8/><E8/><V0/><F132/><W68/><G68/><T27/><D101/><U62/><E65/><V126/><F102/><W29/><G29/><T10/><D10/><U94/><E94/><V25/><F103/><W53/><G53/><T67/><D95/><U21/><E21/><V86/><F54/><W63/><G63/><T119/><D67/><U79/><E43/><V13/><F93/><W51/><G51/><AGARI ba="0,1" hai="50,51,60,61,62,76,77,79" m="13385,42026" machi="51" ten="40,12000,1" yaku="28,2,14,1,10,1" doraHai="113" who="1" fromWho="3" sc="250,0,198,130,302,0,240,-120" /><INIT seed="1,1,0,2,3,46" ten="250,328,302,120" oya="1" hai0="87,39,126,127,19,62,135,3,22,120,52,94,71" hai1="83,33,18,123,88,85,110,35,92,37,26,55,64" hai2="6,116,102,57,109,28,104,89,124,73,13,79,49" hai3="61,128,11,66,60,69,90,42,63,86,32,99,21"/><U16/><E123/><V48/><F116/><W8/><G32/><T36/><D3/><U4/><E110/><V80/><F124/><N who="0" m="47658" /><D135/><U134/><E134/><V29/><F109/><W56/><G128/><T112/><D112/><U122/><E122/><V47/><F102/><W81/><G42/><T12/><D120/><U53/><E37/><V93/><F104/><W1/><G1/><T65/><D52/><N who="1" m="20043" /><E35/><V133/><F133/><W31/><G99/><T34/><D34/><U84/><E33/><V38/><F38/><W97/><G97/><T15/><D15/><U75/><E75/><V10/><F57/><W58/><G69/><T106/><D106/><U7/><E64/><V45/><F45/><W24/><REACH who="3" step="1"/><G66/><REACH who="3" ten="250,328,302,110" step="2"/><T107/><D107/><U5/><E26/><V77/><F47/><W113/><G113/><T43/><D43/><U98/><E98/><V105/><F105/><W91/><G91/><AGARI ba="1,1" hai="12,19,22,36,39,62,65,71,87,91,94" m="47658" machi="91" ten="30,1000,0" yaku="18,1" doraHai="46" who="0" fromWho="3" sc="250,23,328,0,302,0,110,-13" /><AGARI ba="1,0" hai="4,5,7,16,18,83,84,85,88,91,92" m="20043" machi="91" ten="30,11600,0" yaku="8,1,54,3" doraHai="46" who="1" fromWho="3" sc="273,0,328,116,302,0,97,-116" owari="273,-13.0,444,55.0,302,10.0,-19,-52.0" /></mjloggm>