<mjloggm ver="2.3"><GO type="169" lobby="0"/><UN n0="%74%61%6B%75%61%6B%61" n1="%E5%B0%B1%E6%B4%BB%E7%94%9F%40%E5%B7%9D%E6%9D%91%E8%BB%8D%E5%9B%A3" n2="%E3%81%8F%E3%81%85%E3%81%A1%E3%82%83%E3%82%93%EF%BC%A0%50%45" n3="%4E%6F%69%65" dan="18,17,16,17" rate="2201.53,2236.50,2078.11,2141.96" sx="M,M,M,M"/><TAIKYOKU oya="0"/><INIT seed="0,0,0,4,0,74" ten="250,250,250,250" oya="0" hai0="107,24,7,12,108,106,133,50,58,82,95,101,80" hai1="34,79,84,103,105,98,62,102,120,45,39,2,35" hai2="47,59,21,27,16,112,123,48,8,87,38,22,66" hai3="37,13,41,115,0,9,135,15,100,26,36,30,10"/><T63/><D133/><U77/><E120/><V131/><F112/><W28/><G100/><T99/><D108/><U91/><E2/><V88/><F123/><W104/><G104/><T71/><D71/><U109/><E102/><V54/><F131/><W64/><G41/><T76/><D82/><U116/><E116/><V11/><F38/><W1/><G26/><T85/><D50/><U18/><E109/><V72/><F72/><W60/><G60/><T65/><REACH who="0" step="1"/><D24/><REACH who="0" ten="240,250,250,250" step="2"/><U51/><E39/><V130/><F130/><W118/><G135/><T43/><D43/><U57/><E35/><V124/><F124/><W83/><G83/><T55/><D55/><U73/><E34/><V97/><F97/><W49/><G49/><T75/><D75/><U110/><E73/><V69/><F69/><W6/><G64/><T90/><D90/><U126/><E110/><V86/><F86/><W29/><G37/><T93/><D93/><U25/><E126/><V68/><F68/><W14/><G36/><T46/><D46/><U89/><E89/><V129/><F129/><W56/><G56/><T61/><D61/><U53/><E91/><V119/><F119/><W4/><G115/><T17/><D17/><U134/><E84/><V52/><F66/><W81/><G81/><T33/><D33/><U3/><E134/><V127/><F127/><W31/><N who="3" m="7168" /><DORA hai="122" /><W111/><G111/><T23/><D23/><N who="1" m="13559" /><E45/><V5/><F22/><W42/><G42/><T121/><D121/><U113/><E113/><V128/><F128/><W19/><G118/><T40/><D40/><U92/><E92/><RYUUKYOKU ba="0,1" sc="240,15,250,-15,250,-15,250,15" hai0="7,12,58,63,65,76,80,85,95,99,101,106,107" hai3="0,1,4,6,9,10,13,14,15,19" /><INIT seed="0,1,1,2,3,91" ten="255,235,235,265" oya="0" hai0="49,98,133,127,95,54,105,125,96,85,112,61,30" hai1="12,103,90,6,69,73,33,117,4,118,36,87,19" hai2="108,32,57,72,28,37,104,51,56,15,46,93,45" hai3="88,113,26,59,83,11,68,89,0,74,130,64,8"/><T82/><D112/><U14/><E73/><V50/><F104/><W71/><G113/><T24/><D133/><U123/><E123/><V58/><F72/><W31/><G130/><T55/><D105/><U20/><E69/><V9/><F108/><W102/><G102/><T80/><D98/><U7/><E36/><V67/><F37/><W120/><G120/><T100/><D61/><U66/><E66/><V121/><F121/><W60/><G74/><T134/><D134/><U29/><E103/><V94/><F28/><W18/><G11/><T34/><D55/><U48/><E48/><N who="2" m="18475" /><F32/><W22/><G89/><T122/><D122/><U42/><E42/><V5/><F67/><W76/><G76/><T52/><D54/><U13/><E90/><V38/><F38/><W25/><G0/><T109/><D109/><U119/><E87/><V101/><F101/><W115/><G115/><T116/><D116/><U40/><E40/><V79/><F79/><W99/><G8/><T129/><D129/><U78/><E78/><V43/><F43/><W16/><G18/><T21/><D34/><U131/><E131/><V97/><F97/><W47/><G47/><AGARI ba="1,1" hai="5,9,15,45,46,47,56,57,58,93,94" m="18475" machi="47" ten="30,3900,0" yaku="8,1,52,2" doraHai="91" who="2" fromWho="3" sc="255,0,235,0,235,52,265,-42" /><INIT seed="1,0,0,0,3,95" ten="255,235,287,223" oya="1" hai0="126,88,115,30,112,8,116,27,61,57,119,67,113" hai1="70,58,71,65,97,118,93,14,106,105,122,37,40" hai2="23,33,74,34,73,48,107,79,100,36,99,130,47" hai3="111,11,42,127,10,135,134,45,129,120,89,52,13"/><U20/><E122/><V66/><F36/><W123/><G42/><T117/><D8/><U32/><E32/><V108/><F130/><W90/><G129/><T64/><D126/><U3/><E118/><V87/><F66/><W109/><G13/><T29/><D67/><U56/><E3/><V128/><F128/><W18/><G18/><T101/><D101/><U86/><E86/><V38/><F38/><W12/><G12/><T35/><D30/><U24/><E14/><V7/><F7/><W49/><G127/><T85/><REACH who="0" step="1"/><D117/><REACH who="0" ten="245,235,287,223" step="2"/><U53/><E65/><V94/><F100/><W0/><G11/><T68/><D68/><U72/><E71/><V19/><F19/><W15/><G0/><T81/><AGARI ba="0,1" hai="27,29,35,57,61,64,81,85,88,112,113,115,116,119" machi="81" ten="30,4000,0" yaku="1,1,0,1,54,1,53,0" doraHai="95" doraHaiUra="132" who="0" fromWho="0" sc="245,50,235,-20,287,-10,223,-10" /><INIT seed="2,0,0,0,2,79" ten="295,215,277,213" oya="2" hai0="33,106,96,107,44,71,88,43,2,110,57,93,135" hai1="46,100,109,36,102,95,68,67,118,91,86,77,8" hai2="61,18,128,125,49,132,39,129,19,40,21,89,29" hai3="83,105,113,114,92,26,59,87,16,31,45,0,4"/><V5/><F39/><W25/><G105/><T99/><D71/><U65/><E118/><V90/><F5/><W22/><G92/><T7/><D33/><U50/><E36/><V73/><F73/><W66/><G45/><T35/><D35/><U41/><E109/><V54/><F40/><W81/><G87/><T119/><D110/><U82/><E8/><V10/><F61/><N who="3" m="38207" /><G4/><T74/><D135/><U122/><E122/><V116/><F116/><W51/><G51/><T126/><D126/><U84/><REACH who="1" step="1"/><E68/><REACH who="1" ten="295,205,277,213" step="2"/><V53/><F125/><W1/><G1/><T24/><D2/><U103/><AGARI ba="0,1" hai="41,46,50,65,67,77,82,84,86,91,95,100,102,103" machi="103" ten="30,8000,1" yaku="1,1,2,1,0,1,8,1,52,1,53,0" doraHai="79" doraHaiUra="3" who="1" fromWho="1" sc="295,-20,205,90,277,-40,213,-20" /><INIT seed="3,0,0,0,2,115" ten="275,295,237,193" oya="3" hai0="123,85,122,117,110,125,17,116,44,121,34,96,101" hai1="27,5,13,4,53,89,84,135,104,67,132,124,105" hai2="33,118,119,70,23,78,1,114,2,15,19,99,51" hai3="133,36,80,48,126,9,43,77,76,57,120,74,20"/><W109/><G120/><T6/><D34/><U87/><E67/><V26/><F70/><W92/><G77/><T14/><D110/><U40/><E40/><V16/><F78/><W102/><G109/><T59/><D125/><U22/><E124/><V91/><F51/><W65/><G126/><T90/><D6/><N who="1" m="2667" /><E53/><V50/><F50/><W93/><G133/><N who="1" m="51274" /><E13/><N who="2" m="9615" /><F91/><W128/><G128/><T55/><D44/><U94/><E87/><V7/><F99/><W41/><G9/><T11/><D96/><U10/><E10/><N who="2" m="4575" /><F114/><W38/><G38/><T98/><D98/><U52/><E52/><V12/><F26/><W62/><G36/><T47/><D101/><U37/><E37/><V21/><F33/><W72/><G102/><T71/><D71/><U29/><AGARI ba="0,0" hai="22,27,29,84,89,94,104,105" m="51274,2667" machi="29" ten="30,1100,0" yaku="20,1" doraHai="115" who="1" fromWho="1" sc="275,-3,295,11,237,-3,193,-5" /><INIT seed="4,0,0,3,1,46" ten="272,306,234,188" oya="0" hai0="64,17,24,48,68,112,75,104,60,133,11,86,76" hai1="135,26,123,125,130,90,54,40,14,53,81,99,25" hai2="73,63,91,126,8,116,51,20,3,10,2,117,96" hai3="42,103,16,33,74,85,22,120,7,80,87,61,39"/><T1/><D75/><U41/><E123/><V9/><F73/><W30/><G120/><T124/><D112/><U47/><E135/><V6/><F6/><W12/><G103/><T13/><D104/><U34/><E34/><V57/><F126/><W62/><G74/><T32/><D124/><U111/><E111/><V23/><F51/><W95/><G7/><T19/><D1/><N who="2" m="10" /><F91/><W18/><G33/><T83/><D133/><U38/><E41/><V27/><F96/><W119/><G30/><T0/><D0/><U118/><E130/><V121/><F57/><W43/><G119/><N who="2" m="45641" /><F63/><W56/><G39/><T101/><D101/><U15/><E118/><V110/><F121/><W77/><G18/><T37/><D19/><U97/><E97/><V55/><F55/><W129/><G129/><T66/><D66/><U105/><E105/><V102/><F102/><W45/><G45/><T78/><D37/><U93/><E81/><V67/><F67/><N who="3" m="39335" /><G62/><T65/><D65/><U108/><E108/><V107/><F107/><W113/><G113/><T84/><D60/><U49/><E125/><V70/><F70/><W92/><G92/><T59/><D64/><U131/><E131/><V89/><F89/><AGARI ba="0,0" hai="12,16,22,42,43,77,80,85,87,89,95" m="39335" machi="89" ten="30,2000,0" yaku="8,1,54,1" doraHai="46" who="3" fromWho="2" sc="272,0,306,0,234,-20,188,20" /><INIT seed="5,0,0,5,2,67" ten="272,306,214,208" oya="1" hai0="101,43,49,70,78,25,57,51,81,113,66,102,94" hai1="71,1,116,62,111,109,93,112,119,114,86,53,103" hai2="36,41,122,104,39,74,128,16,30,115,10,40,55" hai3="129,15,63,56,65,88,9,117,0,123,105,21,54"/><U69/><E1/><V75/><F122/><W59/><G123/><T4/><D70/><N who="1" m="26635" /><E103/><V28/><F104/><W84/><G105/><T26/><D4/><U83/><E93/><V35/><F35/><W87/><G129/><T127/><D78/><N who="1" m="46455" /><E62/><V77/><F77/><W64/><G117/><N who="1" m="45130" /><E53/><V131/><F55/><W50/><G65/><T23/><D81/><U95/><E95/><V14/><F10/><W134/><G0/><T91/><D91/><U47/><E47/><V100/><F100/><W27/><G88/><T92/><D66/><U24/><E24/><V3/><F14/><W8/><G84/><T130/><D57/><U118/><E118/><V37/><F3/><W76/><G87/><T80/><D80/><U38/><E38/><V2/><F2/><W46/><G76/><T19/><D43/><U20/><E20/><V34/><F36/><W98/><G46/><T42/><D42/><U48/><E48/><V5/><F5/><W120/><G120/><T73/><D23/><U96/><E96/><V135/><F34/><W18/><G98/><T89/><D89/><U121/><E121/><V108/><F37/><W45/><G45/><T33/><D33/><U12/><E12/><V99/><F39/><W97/><G97/><T13/><D13/><U31/><E31/><V7/><F30/><N who="3" m="17775" /><G9/><T107/><D107/><U126/><E126/><V6/><F40/><W58/><G58/><T106/><D127/><U11/><E11/><V44/><F41/><W52/><G54/><T82/><D101/><U124/><E124/><V22/><F44/><W132/><AGARI ba="0,0" hai="8,15,18,50,52,56,59,63,64,132,134" m="17775" machi="132" ten="30,2000,0" yaku="5,1,54,1" doraHai="67" who="3" fromWho="3" sc="272,-5,306,-10,214,-5,208,20" /><INIT seed="6,0,0,5,2,54" ten="267,296,209,228" oya="2" hai0="71,133,128,21,2,17,1,87,131,102,80,5,123" hai1="29,129,68,135,84,104,92,126,38,74,32,49,26" hai2="88,8,110,31,53,93,130,134,116,18,83,112,30" hai3="62,77,114,99,46,109,121,39,48,42,58,25,63"/><V96/><F116/><W20/><G109/><T65/><D123/><U69/><E38/><V90/><F110/><W66/><G121/><T119/><D133/><U56/><E104/><V67/><F134/><W61/><G114/><T120/><D120/><U111/><E74/><V101/><F112/><W78/><G99/><T97/><D71/><U106/><E106/><V98/><F67/><W81/><G39/><T14/><D65/><U72/><E72/><V6/><F130/><N who="0" m="49706" /><D5/><U79/><E111/><V105/><F53/><W73/><REACH who="3" step="1"/><G78/><REACH who="3" ten="267,296,209,218" step="2"/><N who="0" m="46487" /><D119/><U60/><E79/><V40/><F40/><W127/><G127/><T15/><D15/><U115/><E126/><V113/><F113/><W10/><G10/><T45/><D45/><U33/><E115/><V13/><REACH who="2" step="1"/><F6/><REACH who="2" ten="267,296,199,218" step="2"/><W108/><G108/><T41/><D41/><U11/><E129/><V100/><F100/><W132/><G132/><T82/><D102/><U89/><E135/><V59/><F59/><W117/><G117/><T51/><D1/><U70/><E56/><V50/><F50/><W107/><G107/><T34/><D51/><U76/><E49/><V35/><F35/><W37/><G37/><T9/><D34/><U64/><E33/><V7/><F7/><W75/><G75/><T95/><D2/><U52/><E70/><V0/><F0/><W16/><AGARI ba="0,2" hai="16,20,25,42,46,48,58,61,62,63,66,73,77,81" machi="16" ten="20,12000,2" yaku="1,1,0,1,7,1,52,1,54,1,53,1" doraHai="54" doraHaiUra="12" who="3" fromWho="3" sc="267,-30,296,-30,199,-60,218,140" /><INIT seed="7,0,0,0,4,127" ten="237,266,139,358" oya="3" hai0="54,38,126,27,15,63,50,53,113,80,32,37,41" hai1="19,52,36,71,128,7,84,24,17,79,60,115,134" hai2="30,31,105,74,48,119,92,109,82,108,42,43,95" hai3="72,14,51,88,106,86,125,67,6,59,57,22,104"/><W5/><G72/><T69/><D126/><U123/><E128/><V130/><F119/><W18/><G59/><T107/><D107/><U100/><E36/><V93/><F105/><W131/><G131/><T99/><D99/><U45/><E115/><V44/><F130/><W110/><G110/><T10/><D113/><U55/><E71/><V62/><F62/><W40/><G125/><T47/><D80/><N who="1" m="47135" /><E7/><V85/><F74/><W13/><G13/><T64/><D37/><U33/><E33/><V83/><F109/><W133/><G133/><T34/><D27/><U21/><E134/><V91/><F108/><W68/><G6/><T101/><D101/><U11/><E100/><V35/><F35/><W58/><G5/><N who="0" m="3535" /><D54/><U122/><E122/><V70/><F70/><W116/><G68/><T117/><D117/><U2/><E2/><V66/><F66/><W29/><G67/><T28/><D28/><N who="1" m="17423" /><E11/><V76/><REACH who="2" step="1"/><F42/><REACH who="2" ten="237,266,129,358" step="2"/><W16/><G40/><T20/><D32/><U3/><E60/><V114/><F114/><W103/><G106/><T89/><D34/><U4/><E123/><V96/><F96/><W75/><G104/><T87/><D69/><U118/><E118/><V8/><F8/><W135/><G75/><T1/><D64/><U124/><E124/><V26/><F26/><W0/><G116/><T25/><D63/><U73/><E73/><V46/><F46/><W78/><G135/><T121/><D121/><U49/><E55/><V39/><F39/><W129/><G129/><T112/><D38/><U90/><E52/><V98/><F98/><W12/><G22/><RYUUKYOKU ba="0,1" sc="237,-10,266,-10,129,30,358,-10" hai2="30,31,43,44,48,76,82,83,85,91,92,93,95" owari="227,-17.0,256,6.0,159,-34.0,358,45.0" /></mjloggm>