<mjloggm ver="2.3"><GO type="169" lobby="0"/><UN n0="%E7%A0%B4%E5%B9%BB" n1="%E3%82%A6%E3%83%AB%E3%83%88%E3%83%A9%E7%AB%8B%E7%9B%B4" n2="%E3%83%94%E3%82%B3%E3%83%9E%E3%82%B9%E3%83%86%E3%82%A3%E3%83%95" n3="%4B%41%4E%4F" dan="16,18,16,16" rate="2092.23,2210.17,2164.99,2011.69" sx="F,M,M,M"/><TAIKYOKU oya="0"/><INIT seed="0,0,0,1,5,105" ten="250,250,250,250" oya="0" hai0="71,58,39,1,124,84,65,116,75,59,46,120,80" hai1="33,19,133,49,35,102,11,9,73,54,100,132,25" hai2="88,36,4,82,14,79,107,26,111,104,5,52,95" hai3="123,66,23,93,77,115,57,119,92,56,78,106,99"/><T60/><D120/><U103/><E25/><V50/><F36/><W112/><G23/><T134/><D116/><U126/><E19/><V83/><F111/><W22/><G22/><T34/><D134/><N who="1" m="51819" /><E126/><V74/><F83/><W127/><G66/><T62/><D124/><U72/><E49/><V90/><F26/><W17/><G17/><T128/><D128/><U110/><E54/><V28/><F28/><W27/><G27/><T108/><D108/><U6/><E110/><V30/><F30/><W114/><G127/><T70/><D34/><N who="1" m="12811" /><E6/><V61/><F61/><W3/><G119/><T43/><D1/><U48/><E48/><V121/><F121/><W0/><G123/><T32/><D32/><U86/><E86/><V20/><F5/><W68/><G3/><T15/><D15/><U7/><E7/><V31/><F31/><W131/><G0/><T55/><REACH who="0" step="1"/><D84/><REACH who="0" ten="240,250,250,250" step="2"/><U89/><E89/><V98/><F90/><N who="3" m="55703" /><G131/><T44/><D44/><U85/><E85/><V10/><F20/><W8/><G115/><T87/><D87/><U16/><E16/><V12/><F12/><W122/><G114/><T53/><D53/><U109/><E109/><V29/><F29/><W81/><G112/><T91/><D91/><U41/><E41/><V51/><F51/><W40/><G122/><T67/><D67/><U118/><E118/><V101/><REACH who="2" step="1"/><F88/><REACH who="2" ten="240,250,240,250" step="2"/><W42/><G42/><T38/><D38/><U63/><E63/><V37/><F37/><W76/><G40/><T130/><D130/><U135/><E135/><V45/><AGARI ba="0,2" hai="4,10,14,45,50,52,74,79,82,95,98,101,104,107" machi="45" ten="20,12000,2" yaku="1,1,0,1,7,1,52,1,54,1,53,1" doraHai="105" doraHaiUra="97" who="2" fromWho="2" sc="240,-60,250,-30,240,140,250,-30" /><INIT seed="1,0,0,5,0,133" ten="180,220,380,220" oya="1" hai0="48,39,6,94,107,124,54,26,37,34,111,31,100" hai1="67,44,28,53,79,85,130,118,15,76,41,89,86" hai2="30,80,128,8,121,108,91,84,131,112,104,59,60" hai3="113,29,27,5,2,35,77,20,103,95,42,17,116"/><U64/><E118/><V62/><F121/><W81/><G116/><T115/><D107/><U106/><E106/><V32/><F104/><W72/><G113/><T132/><D115/><U92/><E130/><N who="2" m="49707" /><F112/><W52/><G42/><T45/><D132/><U55/><E28/><V71/><F108/><W65/><G65/><T16/><D111/><U49/><E67/><N who="2" m="41463" /><F8/><W98/><G5/><T19/><D6/><U38/><E64/><V43/><F43/><W4/><G4/><T40/><D124/><U101/><E101/><V96/><F96/><W58/><G2/><T50/><D50/><U10/><E38/><V88/><F30/><W78/><G78/><N who="1" m="29738" /><E86/><V33/><F91/><W46/><G46/><T3/><D3/><U63/><E63/><V75/><F75/><W134/><G134/><T109/><D109/><U114/><E114/><V61/><F61/><W24/><REACH who="3" step="1"/><G58/><REACH who="3" ten="180,220,380,210" step="2"/><T23/><D40/><U119/><E119/><V82/><F59/><W127/><G127/><T129/><D129/><U7/><AGARI ba="0,1" hai="7,10,15,41,44,49,53,55,85,89,92" m="29738" machi="7" ten="30,1500,0" yaku="8,1" doraHai="133" who="1" fromWho="1" sc="180,-5,220,25,380,-5,210,-5" /><INIT seed="1,1,0,1,5,88" ten="175,245,375,205" oya="1" hai0="80,55,43,96,78,48,27,98,129,102,14,118,18" hai1="111,59,42,135,47,30,8,103,97,44,128,9,112" hai2="86,101,130,76,10,63,134,123,23,79,17,46,113" hai3="39,105,110,109,5,84,2,35,133,73,52,11,40"/><U81/><E112/><V121/><F113/><W125/><G125/><T4/><D118/><U6/><E128/><V100/><F130/><W41/><G133/><T29/><D129/><U28/><E135/><V122/><F134/><W91/><G73/><T53/><D4/><U117/><E117/><V90/><F10/><W20/><G105/><T131/><D43/><U51/><E111/><N who="3" m="42506" /><G35/><T16/><D131/><U1/><E59/><V3/><F3/><W77/><G77/><T26/><D96/><U119/><E119/><V108/><F108/><W50/><G20/><T61/><D61/><U37/><E9/><V116/><F116/><W24/><G24/><T93/><D53/><U12/><E81/><V120/><F122/><W22/><G22/><N who="0" m="11543" /><D18/><U7/><E7/><V57/><F17/><W85/><G39/><T107/><D107/><U65/><E65/><V69/><F69/><W56/><G85/><N who="0" m="48279" /><D29/><U66/><E66/><V104/><F104/><W49/><G49/><T68/><D68/><U13/><E30/><V60/><F120/><W83/><AGARI ba="1,0" hai="2,5,11,40,41,50,52,56,83,84,91" m="42506" machi="83" ten="30,2000,0" yaku="14,1,54,1" doraHai="88" who="3" fromWho="3" sc="175,-6,245,-11,375,-6,205,23" /><INIT seed="2,0,0,1,3,15" ten="169,234,369,228" oya="2" hai0="5,81,59,89,123,132,32,96,121,128,101,62,18" hai1="71,80,73,110,54,12,36,8,47,1,24,100,13" hai2="50,118,17,61,133,108,119,124,130,69,45,126,107" hai3="87,14,134,86,31,57,38,85,6,20,53,40,99"/><V77/><F107/><W22/><G134/><T91/><D32/><U19/><E71/><V76/><F133/><W111/><G111/><T117/><D132/><U102/><E110/><V65/><F108/><W64/><G64/><T116/><D5/><U49/><E1/><V44/><F77/><W98/><G40/><T37/><D37/><U28/><E36/><V11/><F76/><W106/><G38/><T41/><D41/><U93/><E73/><V112/><F112/><W9/><G106/><T66/><D128/><U25/><E80/><V51/><F11/><W29/><G22/><T2/><D2/><U82/><E82/><V74/><F17/><W135/><G135/><T43/><D43/><U58/><E28/><N who="3" m="10826" /><G20/><T109/><D109/><U90/><E13/><V97/><F97/><W30/><N who="3" m="10834" /><W34/><DORA hai="33" /><G34/><T52/><D66/><U26/><REACH who="1" step="1"/><E47/><REACH who="1" ten="169,224,369,228" step="2"/><N who="2" m="17995" /><F74/><W67/><G67/><T39/><D39/><U104/><E104/><V125/><F130/><W35/><G35/><T103/><D81/><U68/><E68/><V55/><F55/><W115/><G115/><T83/><D83/><U113/><E113/><V48/><AGARI ba="0,1" hai="48,50,51,61,65,69,118,119,124,125,126" m="17995" machi="48" ten="40,7800,0" yaku="18,1,34,2" doraHai="15,33" who="2" fromWho="2" sc="169,-26,224,-26,369,88,228,-26" /><INIT seed="2,1,0,5,0,35" ten="143,198,457,202" oya="2" hai0="64,133,96,135,10,116,52,72,107,11,119,99,110" hai1="92,128,42,18,95,56,59,45,12,28,44,109,132" hai2="83,16,47,33,122,69,25,41,112,121,19,84,22" hai3="31,4,75,101,14,6,17,87,127,37,73,77,76"/><V9/><F69/><W134/><G37/><T79/><D64/><U68/><E68/><V49/><F112/><W26/><G134/><N who="0" m="51211" /><D110/><U51/><E132/><V86/><F86/><W81/><G127/><T20/><D20/><U36/><E109/><V131/><F131/><W105/><G105/><T57/><D79/><U65/><E128/><V126/><F126/><W40/><G101/><N who="0" m="62887" /><D72/><U39/><E28/><V97/><F97/><W106/><G106/><T13/><D99/><U62/><E56/><V85/><F85/><W74/><G40/><T23/><D23/><U8/><E39/><V90/><F33/><W21/><REACH who="3" step="1"/><G77/><REACH who="3" ten="143,198,457,192" step="2"/><T48/><D10/><AGARI ba="1,1" hai="4,6,10,14,17,21,26,31,73,74,75,76,81,87" machi="10" ten="40,2600,0" yaku="1,1,2,1,53,0" doraHai="35" doraHaiUra="60" who="3" fromWho="0" sc="143,-29,198,0,457,0,192,39" /><INIT seed="3,0,0,3,5,45" ten="114,198,457,231" oya="3" hai0="114,71,24,62,128,54,10,66,12,105,129,53,0" hai1="103,97,41,106,109,131,30,73,115,7,28,2,17" hai2="113,22,101,126,25,5,67,81,92,61,135,118,75" hai3="20,122,44,34,42,59,6,8,119,29,58,33,11"/><W93/><G119/><T85/><D105/><U43/><E115/><V32/><F32/><W50/><G122/><T72/><D72/><U100/><E109/><V35/><F35/><W39/><G34/><T111/><D0/><U79/><E131/><N who="0" m="50249" /><D111/><U83/><E103/><V86/><F113/><W60/><G33/><T74/><D74/><U26/><E17/><V124/><F5/><W102/><G39/><T80/><D114/><U110/><E26/><V9/><F9/><W133/><G133/><T117/><D24/><U84/><E43/><V82/><F118/><W3/><G11/><T132/><D132/><U48/><E110/><V47/><F47/><W94/><G102/><T65/><D65/><U27/><E27/><V16/><F75/><W15/><G59/><T120/><D120/><U56/><E7/><V21/><F21/><W64/><REACH who="3" step="1"/><G29/><REACH who="3" ten="114,198,457,221" step="2"/><T123/><D123/><U31/><E28/><V51/><F135/><W134/><G134/><T88/><D117/><U96/><E31/><V91/><F101/><W125/><G125/><T55/><D55/><U40/><E30/><V90/><F126/><W116/><G116/><T76/><D76/><U112/><E79/><V23/><F124/><W19/><AGARI ba="0,1" hai="3,6,8,15,19,20,42,44,50,58,60,64,93,94" machi="19" ten="30,11700,0" yaku="1,1,0,1,52,1,53,1" doraHai="45" doraHaiUra="37" who="3" fromWho="3" sc="114,-39,198,-39,457,-39,221,127" /><INIT seed="3,1,0,5,3,115" ten="75,159,418,348" oya="3" hai0="67,57,122,77,118,41,1,117,13,38,42,110,101" hai1="31,58,114,22,32,51,104,2,124,49,56,93,50" hai2="87,82,24,131,66,35,102,28,19,48,116,14,88" hai3="113,73,39,25,112,98,94,96,6,111,40,127,16"/><W69/><G73/><T125/><D1/><U5/><E104/><V91/><F131/><W62/><G127/><T54/><D77/><U37/><E32/><V3/><F3/><W29/><G6/><T61/><D101/><U74/><E74/><V30/><F102/><W86/><G86/><T63/><D13/><U83/><E114/><V106/><F106/><W132/><G132/><T45/><D125/><U10/><E37/><V21/><F116/><N who="0" m="44650" /><D122/><U33/><E124/><V90/><F66/><W105/><G105/><T65/><D110/><U95/><E83/><V36/><F36/><W60/><G111/><T76/><D76/><U97/><E33/><V100/><F100/><W99/><G94/><T78/><D78/><U52/><E95/><V121/><F121/><W81/><G81/><T135/><D135/><U107/><E97/><V79/><F30/><W8/><G29/><T17/><D17/><U53/><E93/><V129/><F129/><W108/><G108/><T120/><D120/><U55/><E107/><V15/><F15/><W47/><G8/><T43/><D67/><U34/><E34/><V4/><F4/><W27/><G27/><T12/><D12/><U103/><E103/><V68/><F79/><W18/><G18/><T11/><D11/><U23/><E31/><V44/><F82/><W92/><G92/><T71/><AGARI ba="1,0" hai="38,41,42,43,45,54,57,61,63,65,71" m="44650" machi="71" ten="30,8000,1" yaku="34,2,52,3" doraHai="115" who="0" fromWho="0" sc="75,83,159,-21,418,-21,348,-41" /><INIT seed="4,0,0,1,3,3" ten="158,138,397,307" oya="0" hai0="34,135,4,24,33,71,53,109,73,19,122,94,115" hai1="39,46,93,37,119,66,59,68,124,36,63,98,79" hai2="16,134,8,113,110,56,90,35,99,31,125,101,100" hai3="128,118,67,70,10,29,61,40,30,1,2,48,72"/><T65/><D122/><U5/><E119/><V18/><F110/><W131/><G118/><T58/><D73/><U133/><E124/><V22/><F125/><W17/><G72/><T62/><D109/><U129/><E129/><N who="3" m="49738" /><G17/><T28/><D135/><U32/><E32/><V25/><F134/><W92/><G92/><T107/><D115/><U111/><E111/><V108/><F108/><W64/><G64/><T26/><D107/><U76/><E68/><V21/><F113/><W44/><G2/><T11/><D94/><U105/><E46/><V74/><F74/><W51/><G48/><T83/><D83/><U97/><E105/><V0/><F90/><W126/><G126/><T50/><D19/><U87/><E87/><V127/><F56/><W42/><G42/><T47/><D26/><U57/><E57/><V106/><F100/><W102/><G102/><T23/><REACH who="0" step="1"/><D71/><REACH who="0" ten="148,138,397,307" step="2"/><U60/><E133/><V49/><F127/><W121/><G121/><T130/><D130/><U52/><E93/><V45/><F18/><W103/><G103/><T20/><D20/><U75/><E75/><V13/><F22/><W81/><G81/><T38/><D38/><U77/><E37/><V91/><F21/><W41/><G70/><T120/><D120/><U89/><E36/><V95/><F106/><W104/><G104/><T117/><D117/><U85/><E39/><V114/><F114/><W15/><G30/><T80/><D80/><U55/><E77/><V132/><F132/><W84/><G29/><T14/><AGARI ba="0,1" hai="4,11,14,23,24,28,33,34,47,50,53,58,62,65" machi="14" ten="20,7800,0" yaku="1,1,0,1,7,1,52,1,53,0" doraHai="3" doraHaiUra="12" who="0" fromWho="0" sc="148,88,138,-26,397,-26,307,-26" /><INIT seed="4,1,0,2,5,124" ten="236,112,371,281" oya="0" hai0="107,0,110,134,33,10,116,119,78,16,61,96,9" hai1="3,32,8,125,50,26,115,84,102,111,62,51,58" hai2="131,91,112,71,85,81,4,12,31,60,114,41,79" hai3="24,73,123,66,72,113,20,47,23,70,132,101,48"/><T104/><D78/><U127/><E111/><V55/><F31/><W11/><G113/><N who="2" m="43625" /><F131/><W57/><G70/><T21/><D134/><U90/><E115/><V86/><F41/><W49/><G101/><T13/><D110/><U46/><E102/><V82/><F4/><W30/><G123/><T126/><D126/><U95/><E32/><V103/><F12/><W69/><G69/><T39/><D39/><U22/><E3/><V121/><F103/><W35/><G11/><T99/><D33/><U28/><E127/><V45/><F121/><W98/><G35/><T135/><D135/><U80/><E125/><V56/><F45/><W42/><G98/><T117/><D61/><U67/><E8/><V75/><F71/><W54/><G132/><T87/><D87/><AGARI ba="1,0" hai="55,56,60,75,79,81,82,85,86,87,91" m="43625" machi="87" ten="30,1000,0" yaku="15,1" doraHai="124" who="2" fromWho="0" sc="236,-13,112,0,371,13,281,0" /><INIT seed="5,0,0,3,2,107" ten="223,112,384,281" oya="1" hai0="76,110,105,124,128,93,100,82,3,85,97,52,89" hai1="106,70,78,65,68,87,72,104,43,61,95,67,113" hai2="74,103,84,20,94,59,75,133,11,17,114,130,15" hai3="48,119,21,112,50,120,90,23,1,101,29,7,34"/><U92/><E113/><V10/><F114/><W117/><G112/><T26/><D3/><U77/><E43/><V132/><F130/><W127/><G120/><T9/><D128/><U41/><E41/><V129/><F129/><W81/><G127/><T126/><D9/><U0/><E87/><V64/><F64/><W53/><G101/><T5/><D5/><U30/><E30/><V63/><F59/><W27/><G7/><T134/><D26/><U56/><E56/><V131/><F63/><W19/><G1/><T14/><D14/><U96/><E0/><V45/><F45/><W18/><G90/><T58/><D134/><N who="2" m="51818" /><F131/><W2/><G81/><T38/><D38/><U16/><E61/><V62/><F62/><W57/><G2/><T108/><D52/><U71/><E71/><V40/><F40/><W135/><G135/><T24/><D24/><U47/><E47/><V111/><F111/><N who="0" m="42538" /><D58/><U51/><E51/><V118/><F118/><N who="3" m="45067" /><G50/><T86/><AGARI ba="0,0" hai="76,82,85,86,89,93,97,100,105,124,126" m="42538" machi="86" ten="30,2000,0" yaku="34,2" doraHai="107" who="0" fromWho="0" sc="223,20,112,-10,384,-5,281,-5" /><INIT seed="6,0,0,2,0,6" ten="243,102,379,276" oya="2" hai0="105,66,11,133,31,33,22,80,42,39,48,14,16" hai1="3,19,44,134,124,102,129,77,107,2,21,49,131" hai2="100,90,10,79,25,127,12,62,45,70,56,93,113" hai3="67,85,122,71,130,60,43,97,69,81,1,91,27"/><V4/><F113/><W41/><G122/><T114/><D105/><U120/><E77/><V46/><F127/><W58/><G130/><T65/><D39/><U116/><E102/><V5/><F70/><W37/><G1/><T18/><D114/><U0/><E107/><V84/><F100/><W110/><G110/><T55/><D133/><U95/><E95/><V112/><F112/><W32/><G97/><T15/><D42/><U40/><E49/><V8/><F25/><W59/><G71/><T26/><REACH who="0" step="1"/><D80/><REACH who="0" ten="233,102,379,276" step="2"/><U98/><E40/><V104/><F104/><W96/><G43/><T135/><D135/><U54/><E134/><V115/><F115/><W47/><G37/><T75/><D75/><U51/><E120/><V119/><F79/><W88/><G41/><T57/><AGARI ba="0,1" hai="11,14,15,16,18,22,26,31,33,48,55,57,65,66" machi="57" ten="20,8000,1" yaku="1,1,0,1,7,1,52,1,54,1,53,0" doraHai="6" doraHaiUra="83" who="0" fromWho="0" sc="233,90,102,-20,379,-40,276,-20" /><INIT seed="7,0,0,2,5,113" ten="323,82,339,256" oya="3" hai0="127,94,22,38,88,47,31,117,6,122,43,39,110" hai1="68,75,115,102,104,23,20,71,99,118,87,1,9" hai2="35,54,11,69,67,21,56,106,92,95,66,14,96" hai3="57,107,131,8,51,72,101,27,32,114,61,74,70"/><W100/><G114/><T132/><D117/><U129/><E115/><V52/><F35/><W28/><G131/><T105/><D110/><U16/><E75/><V50/><F69/><W12/><G51/><T2/><D122/><U17/><E129/><V81/><F106/><W48/><G48/><T36/><D105/><U45/><E9/><V53/><F81/><W60/><G60/><T29/><D132/><U112/><E1/><V49/><F21/><W46/><G46/><T134/><D134/><U128/><E112/><V93/><F96/><N who="3" m="61831" /><G57/><T91/><D127/><U77/><E128/><V58/><F54/><W63/><G63/><T42/><D91/><U0/><E0/><V10/><F10/><W97/><G97/><T86/><D22/><U62/><E45/><V82/><F82/><W73/><G101/><T103/><D103/><U19/><E62/><V37/><F37/><W135/><G135/><T119/><D119/><U78/><E118/><V125/><F125/><W126/><G126/><T41/><REACH who="0" step="1"/><D47/><REACH who="0" ten="313,82,339,256" step="2"/><U44/><E44/><V133/><F133/><W64/><G74/><T83/><D83/><U13/><E19/><AGARI ba="0,1" hai="11,14,19,49,50,52,53,56,58,66,67,92,93,95" machi="19" ten="40,5200,0" yaku="9,1,8,1,54,1" doraHai="113" who="2" fromWho="1" sc="313,0,82,-52,339,62,256,0" /><AGARI ba="0,0" hai="8,12,19,27,28,32,61,64,70,72,73" m="61831" machi="19" ten="30,1500,0" yaku="25,1" doraHai="113" who="3" fromWho="1" sc="313,0,30,-15,401,0,256,15" /><INIT seed="7,1,0,5,4,23" ten="313,15,401,271" oya="3" hai0="24,52,112,124,60,68,134,62,110,8,74,89,33" hai1="30,72,54,12,25,116,94,47,28,32,99,39,17" hai2="120,10,111,40,86,126,11,50,131,44,26,115,104" hai3="19,0,13,70,61,41,132,66,85,93,6,65,43"/><W128/><G132/><T15/><D110/><U101/><E116/><V114/><F104/><W130/><G66/><T67/><D74/><U78/><E78/><V118/><F111/><W71/><G71/><T125/><D134/><U16/><E72/><V14/><F118/><W38/><G38/><T48/><D62/><U31/><E39/><V87/><F131/><N who="3" m="50219" /><G6/><T91/><D112/><N who="2" m="43050" /><F126/><N who="0" m="48746" /><D24/><U105/><E105/><V123/><F26/><W109/><G0/><T63/><D63/><U92/><E92/><V100/><F100/><W3/><G3/><T42/><D42/><U77/><E77/><V95/><F11/><N who="3" m="6591" /><G109/><T88/><D33/><U119/><E119/><V90/><F87/><W76/><G93/><T51/><D52/><U27/><E54/><V113/><F113/><W80/><AGARI ba="1,0" hai="41,43,61,65,70,76,80,85" m="6591,50219" machi="80" ten="30,1500,0" yaku="19,1" doraHai="23" who="3" fromWho="3" sc="313,-6,15,-6,401,-6,271,18" /><INIT seed="7,2,0,5,4,58" ten="307,9,395,289" oya="3" hai0="90,80,78,104,6,81,12,19,113,121,40,18,44" hai1="8,61,39,23,57,9,131,55,125,132,3,49,25" hai2="31,105,133,1,74,109,38,87,123,127,17,37,93" hai3="114,128,96,91,30,102,2,36,103,5,68,10,48"/><W77/><G36/><T85/><D121/><U94/><E94/><V69/><RYUUKYOKU type="yao9" ba="2,0" sc="307,0,9,0,395,0,289,0" hai2="1,17,31,37,38,69,74,87,93,105,109,123,127,133" /><INIT seed="7,3,0,2,3,55" ten="307,9,395,289" oya="3" hai0="85,81,99,119,40,32,92,48,74,20,35,13,54" hai1="73,25,9,105,66,77,100,80,39,21,116,11,26" hai2="52,31,94,16,133,7,113,108,69,117,96,90,61" hai3="14,102,98,112,45,42,63,64,111,1,58,44,122"/><W91/><G122/><T57/><D74/><U124/><E66/><V134/><F108/><W59/><G1/><T37/><D119/><U50/><E50/><V84/><F117/><W19/><G111/><T41/><D35/><U106/><E21/><V5/><F31/><W17/><G112/><T101/><D32/><U28/><E28/><V12/><F113/><W70/><G91/><T127/><D127/><U88/><E39/><V15/><F15/><W27/><G27/><T104/><D104/><U3/><E3/><V114/><F114/><W128/><G128/><T30/><D37/><U22/><E116/><V132/><F84/><W2/><G2/><T75/><D75/><U8/><E22/><N who="2" m="11527" /><F69/><W10/><G19/><N who="0" m="10351" /><D30/><U43/><E73/><V123/><F123/><W135/><G135/><T131/><D131/><U82/><E88/><AGARI ba="3,0" hai="40,41,48,54,57,81,85,88,92,99,101" m="10351" machi="88" ten="30,3900,0" yaku="8,1,52,1,54,1" doraHai="55" who="0" fromWho="1" sc="307,48,9,-48,395,0,289,0" owari="355,16.0,-39,-54.0,395,49.0,289,-11.0" /></mjloggm>