<mjloggm ver="2.3"><GO type="169" lobby="0"/><UN n0="%E6%99%AE%E8%B3%A2" n1="%E3%81%94%E3%82%8A%E3%81%94%E3%82%8A%E3%81%94%E3%82%8A%E3%82%89" n2="%E4%BA%BA%E9%B3%A5%E4%BE%8D%E6%A5%B5" n3="%E5%B0%B1%E6%B4%BB%E7%94%9F%40%E5%B7%9D%E6%9D%91%E8%BB%8D%E5%9B%A3" dan="16,16,17,17" rate="2135.21,2056.73,2207.33,2209.20" sx="F,M,M,M"/><TAIKYOKU oya="0"/><INIT seed="0,0,0,2,3,61" ten="250,250,250,250" oya="0" hai0="30,38,100,95,69,102,13,123,16,90,106,21,68" hai1="113,111,78,49,54,92,120,83,72,114,91,119,132" hai2="19,51,52,47,104,105,98,118,121,14,45,64,117" hai3="131,135,65,7,71,31,101,110,87,53,122,23,55"/><T42/><D123/><U12/><E120/><V126/><F126/><W89/><G122/><T60/><D30/><U124/><E111/><V0/><F0/><W84/><G101/><T24/><D106/><U46/><E124/><V82/><F82/><W66/><G71/><T109/><D109/><U75/><E119/><N who="2" m="45579" /><F121/><W57/><G110/><T50/><D38/><U134/><E12/><V112/><F112/><N who="1" m="43113" /><E75/><V86/><F86/><AGARI ba="0,0" hai="46,49,54,72,78,83,86,91,92,132,134" m="43113" machi="86" ten="30,1000,0" yaku="11,1" doraHai="61" who="1" fromWho="2" sc="250,0,250,10,250,-10,250,0" /><INIT seed="1,0,0,1,0,1" ten="250,260,240,250" oya="1" hai0="40,5,3,70,121,31,131,53,97,111,12,51,134" hai1="130,128,88,17,61,2,90,116,98,10,56,95,15" hai2="84,19,83,26,101,39,60,63,114,30,81,93,7" hai3="110,99,8,73,52,126,71,67,117,92,50,18,79"/><U112/><E116/><V45/><F114/><W47/><G117/><T108/><D121/><U32/><E32/><V78/><F39/><W86/><G126/><T135/><D31/><U94/><E112/><V102/><F19/><W103/><G73/><T132/><D70/><U21/><E2/><V48/><F83/><W91/><G110/><N who="0" m="42027" /><D97/><U23/><E130/><V100/><F93/><W133/><G133/><T24/><D24/><U41/><E41/><V64/><F7/><W54/><G79/><T43/><D3/><U72/><E72/><V62/><F64/><W9/><G54/><T34/><D34/><U76/><E76/><V27/><REACH who="2" step="1"/><F30/><REACH who="2" ten="250,260,230,250" step="2"/><W77/><G77/><T20/><D131/><U87/><REACH who="1" step="1"/><E128/><REACH who="1" ten="250,250,230,250" step="2"/><V65/><F65/><AGARI ba="0,2" hai="10,15,17,21,23,56,61,65,87,88,90,94,95,98" machi="65" ten="30,12000,1" yaku="1,1,2,1,7,1,8,1,54,1,53,0" doraHai="1" doraHaiUra="96" who="1" fromWho="2" sc="250,0,250,140,230,-120,250,0" /><INIT seed="1,1,0,0,1,92" ten="250,390,110,250" oya="1" hai0="25,96,26,89,50,114,32,84,49,56,102,122,111" hai1="70,107,35,39,93,104,36,9,47,61,60,124,125" hai2="28,57,22,103,106,133,113,134,52,30,48,19,4" hai3="81,118,59,73,110,119,11,65,72,83,75,135,33"/><U18/><E18/><V80/><F113/><W21/><G33/><T90/><D114/><U51/><E9/><V63/><F4/><W29/><G11/><T99/><D122/><U91/><E35/><V40/><F80/><W87/><G110/><T62/><D111/><U1/><E1/><V77/><F77/><W20/><G135/><N who="2" m="51721" /><F40/><W108/><G108/><T116/><D116/><N who="3" m="44585" /><G29/><T34/><D34/><U53/><E107/><V5/><F5/><W115/><G115/><T123/><D123/><U10/><E104/><V127/><F127/><N who="1" m="48713" /><E10/><V58/><F106/><W94/><G94/><N who="0" m="58743" /><D32/><U68/><E93/><V67/><F103/><W85/><G59/><T98/><D26/><AGARI ba="1,0" hai="19,22,26,28,30,48,52,57,58,63,67" m="51721" machi="26" ten="30,2000,0" yaku="20,1,54,1" doraHai="92" who="2" fromWho="0" sc="250,-23,390,0,110,23,250,0" /><INIT seed="2,0,0,1,1,112" ten="227,390,133,250" oya="2" hai0="23,2,100,74,31,106,120,7,104,4,36,77,131" hai1="58,8,127,17,79,37,15,71,67,123,21,108,22" hai2="35,75,41,99,111,46,107,25,3,42,94,28,55" hai3="88,14,124,9,68,44,19,118,129,53,38,50,11"/><V89/><F75/><W113/><G113/><T87/><D120/><U90/><E37/><V16/><F3/><W80/><G68/><T117/><D131/><U24/><E123/><V34/><F34/><W96/><G38/><T102/><D87/><U126/><E71/><V134/><F107/><W115/><G115/><T29/><D29/><U66/><E79/><V12/><F134/><W27/><G129/><T86/><D86/><U51/><E108/><V6/><F6/><W78/><G124/><N who="1" m="47658" /><E90/><V48/><REACH who="2" step="1"/><F111/><REACH who="2" ten="227,390,123,250" step="2"/><W10/><G118/><T119/><D4/><N who="1" m="3463" /><E21/><AGARI ba="0,1" hai="12,16,21,25,28,35,41,42,46,48,55,89,94,99" machi="21" ten="30,5800,0" yaku="1,1,7,1,54,1,53,0" doraHai="112" doraHaiUra="125" who="2" fromWho="1" sc="227,0,390,-58,123,68,250,0" /><INIT seed="2,1,0,3,1,8" ten="227,332,191,250" oya="2" hai0="76,69,91,110,131,85,46,52,133,82,59,134,54" hai1="6,123,108,89,65,12,96,26,119,51,111,56,23" hai2="116,121,109,80,38,87,39,74,67,81,48,115,125" hai3="2,113,34,135,13,95,77,27,24,19,79,58,16"/><V118/><F67/><W71/><G71/><T124/><D69/><U0/><E0/><V57/><F57/><W3/><G135/><T106/><D106/><U32/><E119/><V72/><F48/><W93/><G34/><T14/><D110/><N who="1" m="42027" /><E32/><V102/><F109/><W122/><G58/><T30/><D131/><U94/><E123/><V25/><F25/><W17/><G122/><T70/><D70/><U100/><E6/><V7/><F7/><W37/><G37/><T112/><D112/><U18/><E100/><V4/><F4/><W41/><G41/><T29/><D124/><U90/><E90/><V21/><F121/><W15/><REACH who="3" step="1"/><G19/><REACH who="3" ten="227,332,191,240" step="2"/><T84/><D134/><U73/><E56/><V42/><F42/><W31/><G31/><T62/><D133/><U132/><E18/><V86/><F115/><AGARI ba="1,1" hai="2,3,13,15,16,17,24,27,77,79,93,95,113,115" machi="115" ten="25,16000,3" yaku="1,1,22,2,52,2,54,1,53,2" doraHai="8" doraHaiUra="11" who="3" fromWho="2" sc="227,0,332,0,191,-163,240,173" /><INIT seed="3,0,0,1,3,118" ten="227,332,28,413" oya="3" hai0="104,55,111,126,125,84,108,92,131,79,82,117,26" hai1="42,45,75,135,2,12,51,36,69,119,31,107,9" hai2="93,70,48,62,67,83,113,54,96,73,120,71,10" hai3="56,109,8,97,103,40,1,99,25,68,30,128,61"/><W3/><G128/><T28/><D117/><U24/><E119/><V20/><F113/><W41/><G99/><T17/><D104/><U44/><E135/><V124/><F124/><N who="0" m="47722" /><D131/><U65/><E107/><V130/><F130/><W49/><G49/><T15/><D92/><U114/><E75/><V106/><F106/><W14/><G1/><T63/><D63/><U101/><E101/><V4/><F20/><W85/><G3/><T58/><D58/><U60/><E114/><V5/><F71/><W112/><G85/><T80/><D80/><U87/><E2/><V27/><F27/><W89/><G89/><T53/><D53/><U81/><E45/><V22/><F22/><W121/><G68/><T72/><D55/><U19/><E36/><V52/><F5/><W18/><G112/><T77/><D77/><U39/><E39/><V95/><F95/><W47/><G47/><T29/><D72/><U132/><E132/><V35/><F35/><W78/><G78/><T122/><D122/><U100/><E100/><V46/><F54/><W105/><G121/><T37/><D37/><U91/><E24/><V134/><F134/><W38/><G38/><T59/><D59/><U21/><E21/><V32/><F32/><W16/><G41/><T94/><D94/><U11/><E11/><V98/><F120/><W74/><G40/><T102/><D102/><U7/><E31/><N who="0" m="11849" /><D26/><U13/><E69/><V43/><F43/><W33/><G74/><T76/><D76/><U123/><E123/><V6/><F93/><W127/><G127/><T133/><D133/><U86/><E81/><RYUUKYOKU ba="0,0" sc="227,30,332,-10,28,-10,413,-10" hai0="15,17,79,82,84,108,111" /><INIT seed="4,1,0,4,3,105" ten="257,322,18,403" oya="0" hai0="36,88,31,5,130,50,3,95,40,63,134,96,82" hai1="113,2,126,69,25,135,1,93,9,85,90,28,75" hai2="128,101,81,125,131,116,52,108,6,70,120,98,94" hai3="115,58,122,86,107,92,0,62,80,76,121,65,119"/><T37/><D130/><N who="2" m="49706" /><F70/><W133/><G107/><T4/><D134/><U57/><E69/><V67/><F67/><W60/><G0/><T55/><D31/><U83/><E135/><V35/><F35/><W123/><G133/><T56/><D3/><U73/><E126/><V54/><F6/><W111/><G115/><T17/><D17/><U132/><E132/><V7/><F7/><W66/><G111/><T14/><D14/><U77/><E113/><V99/><F108/><W79/><G119/><T20/><D20/><U109/><E109/><V51/><F120/><W48/><G48/><T19/><D19/><U24/><E24/><V53/><F125/><W89/><G92/><T87/><D37/><U26/><E26/><V49/><F116/><W102/><G102/><T42/><D36/><U61/><E75/><V68/><F68/><AGARI ba="1,0" hai="58,60,62,65,66,68,76,79,80,86,89,121,122,123" machi="68" ten="40,1300,0" yaku="13,1" doraHai="105" who="3" fromWho="2" sc="257,0,322,0,18,-16,403,16" /><INIT seed="5,0,0,0,5,99" ten="257,322,2,419" oya="1" hai0="20,130,29,44,93,0,55,132,100,82,35,13,127" hai1="60,1,58,103,47,51,30,59,97,77,15,95,94" hai2="116,113,16,79,41,68,115,107,69,74,104,106,17" hai3="91,56,28,90,5,22,101,37,12,49,70,67,114"/><U34/><E1/><V84/><F41/><W48/><G37/><T36/><D127/><U26/><E77/><V126/><F84/><W43/><G70/><N who="2" m="27241" /><F79/><W27/><G101/><T96/><D130/><U7/><E95/><V62/><F62/><N who="3" m="38343" /><G114/><N who="2" m="43529" /><F74/><W117/><G117/><T98/><D132/><U133/><E133/><V72/><F72/><W102/><G102/><T75/><D0/><U119/><E119/><V89/><F116/><W134/><G134/><T85/><D75/><U109/><E109/><V9/><F89/><N who="3" m="33803" /><G43/><T31/><D35/><U124/><E124/><V52/><F9/><AGARI ba="0,0" hai="5,9,12,22,27,28,48,49" m="33803,38343" machi="9" ten="30,1000,0" yaku="8,1" doraHai="99" who="3" fromWho="2" sc="257,0,322,0,2,-10,419,10" owari="257,-14.0,322,12.0,-8,-51.0,429,53.0" /></mjloggm>