<mjloggm ver="2.3"><GO type="169" lobby="0"/><UN n0="%E3%82%A6%E3%83%AB%E3%83%88%E3%83%A9%E7%AB%8B%E7%9B%B4" n1="%E5%A1%A9%E9%85%B8%E3%81%94%E3%81%8F%E3%81%94%E3%81%8F" n2="%E3%83%A9%E3%83%A0%E3%83%80%E3%81%95%E3%82%93" n3="%E3%82%A8%E3%83%AA%E3%82%AB" dan="17,16,16,16" rate="2169.87,2161.05,2185.95,2058.29" sx="M,M,M,F"/><TAIKYOKU oya="0"/><INIT seed="0,0,0,4,1,8" ten="250,250,250,250" oya="0" hai0="43,23,121,61,99,126,133,112,59,63,56,94,82" hai1="66,96,12,84,97,16,76,102,33,106,120,20,37" hai2="130,109,60,103,25,64,17,19,72,11,0,87,9" hai3="55,6,85,48,81,88,36,83,49,122,18,24,116"/><T111/><D121/><U125/><E120/><V52/><F72/><W47/><G116/><T129/><D112/><U123/><E123/><V104/><F109/><W28/><G122/><T93/><D111/><U124/><E37/><V22/><F130/><W92/><G36/><T86/><D129/><U1/><E1/><V101/><F0/><W105/><G105/><T68/><D68/><U74/><E33/><V118/><F118/><W77/><G6/><T65/><D126/><N who="1" m="48747" /><E74/><V127/><F127/><W2/><G2/><T54/><D133/><U42/><E42/><V29/><F104/><W107/><G107/><T70/><D43/><U30/><E97/><V114/><F114/><W26/><G28/><T7/><D70/><U45/><E45/><V34/><F87/><W79/><G49/><T73/><D73/><U95/><E30/><V3/><F3/><W14/><G83/><T44/><D44/><U15/><E66/><V40/><F40/><W132/><G132/><T58/><D58/><U21/><E106/><V46/><F64/><W91/><G79/><T62/><D62/><U75/><E75/><V27/><F46/><W98/><G77/><N who="0" m="46415" /><D99/><U115/><E115/><V110/><F110/><W5/><G5/><T119/><D119/><U71/><E71/><V35/><F35/><W39/><G39/><T4/><D7/><U117/><E117/><V80/><F80/><W41/><G41/><T69/><D4/><U128/><E128/><V38/><F38/><W78/><G78/><T57/><D23/><AGARI ba="0,0" hai="14,18,23,24,26,47,48,55,81,85,88,91,92,98" machi="23" ten="30,7700,0" yaku="7,1,8,1,52,1,54,1" doraHai="8" who="3" fromWho="0" sc="250,-77,250,0,250,0,250,77" /><INIT seed="1,0,0,1,4,41" ten="173,250,250,327" oya="1" hai0="79,34,44,51,54,122,119,76,125,49,27,52,9" hai1="80,110,10,38,82,15,74,87,131,135,105,89,133" hai2="56,4,64,21,120,134,107,72,16,55,33,118,113" hai3="75,36,96,116,62,24,115,1,73,128,111,57,97"/><U12/><E38/><V17/><F118/><W100/><G1/><T42/><D119/><U95/><E105/><V35/><F120/><W2/><G2/><T25/><D122/><U45/><E131/><V59/><F107/><W39/><G115/><T0/><D125/><U69/><E69/><V29/><F72/><W93/><G116/><T109/><D109/><U48/><E110/><V68/><F113/><W11/><G111/><T43/><D34/><U50/><E50/><V78/><F78/><N who="0" m="29738" /><D9/><U91/><E74/><V31/><F4/><W53/><G128/><T77/><N who="0" m="29746" /><T108/><DORA hai="117" /><D108/><U8/><E15/><V23/><F55/><N who="0" m="21034" /><D0/><U88/><E10/><V103/><F68/><W13/><G73/><T130/><D130/><U127/><E127/><V98/><F64/><W32/><G75/><T40/><D44/><U26/><E26/><AGARI ba="0,0" hai="25,26,27,40,42,43,49,51" m="21034,29746" machi="26" ten="40,8000,1" yaku="28,2,8,1,54,1" doraHai="41,117" who="0" fromWho="1" sc="173,80,250,-80,250,0,327,0" /><INIT seed="2,0,0,3,3,52" ten="253,170,250,327" oya="2" hai0="5,109,8,24,47,111,124,62,99,69,90,33,28" hai1="21,19,11,55,78,128,106,2,81,126,101,1,12" hai2="25,130,121,120,117,66,38,48,68,0,64,46,4" hai3="63,70,30,83,88,134,76,119,44,115,6,67,22"/><V96/><F117/><W41/><G119/><T116/><D116/><U14/><E126/><V104/><F38/><W31/><G134/><T118/><D118/><U84/><E128/><V29/><F130/><W77/><G115/><T93/><D124/><U43/><E43/><V35/><F4/><W7/><G7/><T39/><D47/><U65/><E65/><V34/><F34/><W36/><G6/><T123/><D39/><U37/><E37/><V57/><F0/><W18/><G77/><T135/><D135/><U125/><E125/><V82/><F82/><W87/><REACH who="3" step="1"/><G76/><REACH who="3" ten="253,170,250,317" step="2"/><T103/><D123/><U74/><E78/><V80/><F121/><W86/><G86/><T133/><D133/><U79/><E84/><V132/><F120/><W3/><G3/><T92/><D5/><U53/><E1/><V94/><F132/><W51/><G51/><T59/><D111/><U100/><E2/><V58/><F48/><W15/><AGARI ba="0,1" hai="15,18,22,30,31,36,41,44,63,67,70,83,87,88" machi="15" ten="20,5200,0" yaku="1,1,0,1,7,1,54,1,53,0" doraHai="52" doraHaiUra="95" who="3" fromWho="3" sc="253,-13,170,-13,250,-26,317,62" /><INIT seed="3,0,0,1,4,0" ten="240,157,224,379" oya="3" hai0="34,29,64,5,23,127,55,69,111,7,46,44,37" hai1="6,24,67,97,100,78,14,42,62,9,12,122,16" hai2="10,31,61,126,80,50,119,63,58,120,33,91,109" hai3="105,117,36,96,72,32,56,74,84,75,52,123,43"/><W38/><G117/><T114/><D34/><U19/><E122/><V93/><F119/><W94/><G32/><T21/><D69/><U15/><E78/><V54/><F120/><W2/><G2/><T88/><D37/><U132/><E132/><V47/><F109/><W20/><G123/><T108/><D64/><U41/><E24/><V134/><F134/><W40/><G105/><T79/><D79/><U125/><E14/><V60/><F126/><W49/><G84/><T39/><D39/><U71/><E125/><V70/><F70/><W68/><G68/><T83/><D127/><U95/><REACH who="1" step="1"/><E19/><REACH who="1" ten="240,147,224,379" step="2"/><V28/><F33/><W35/><G35/><T124/><D124/><U22/><AGARI ba="0,1" hai="6,9,12,15,16,22,41,42,62,67,71,95,97,100" machi="22" ten="20,12000,2" yaku="1,1,2,1,0,1,7,1,52,1,54,1,53,0" doraHai="0" doraHaiUra="73" who="1" fromWho="1" sc="240,-30,147,130,224,-30,379,-60" /><INIT seed="4,0,0,3,1,72" ten="210,277,194,319" oya="0" hai0="87,5,132,97,129,115,78,103,1,92,9,18,43" hai1="17,80,23,33,107,32,57,6,89,118,114,99,90" hai2="119,100,130,7,34,8,117,128,133,50,26,36,10" hai3="88,15,11,122,52,16,109,96,19,98,3,41,62"/><T82/><D115/><U46/><E114/><V42/><F36/><W58/><G109/><T21/><D129/><N who="2" m="49770" /><F100/><W65/><G122/><T48/><D132/><U75/><E6/><V12/><F50/><W69/><G3/><T13/><REACH who="0" step="1"/><D48/><REACH who="0" ten="200,277,194,319" step="2"/><U79/><E118/><N who="2" m="45067" /><F133/><W112/><G112/><T40/><AGARI ba="0,1" hai="1,5,9,13,18,21,40,43,78,82,87,92,97,103" machi="40" ten="30,6000,0" yaku="1,1,0,1,52,1,53,0" doraHai="72" doraHaiUra="51" who="0" fromWho="0" sc="200,70,277,-20,194,-20,319,-20" /><INIT seed="4,1,0,1,5,18" ten="270,257,174,299" oya="0" hai0="94,109,118,25,129,32,5,106,108,123,44,70,7" hai1="84,8,16,46,90,105,36,111,13,71,10,21,65" hai2="34,93,75,133,22,58,132,120,116,121,128,86,124" hai3="49,78,30,100,74,41,79,15,20,127,64,122,1"/><T2/><D106/><U0/><E111/><V83/><F34/><W73/><G1/><T131/><D70/><U50/><E36/><V115/><F58/><W38/><G38/><T14/><D44/><U102/><E0/><V42/><F42/><W4/><G100/><T63/><D63/><U114/><E114/><V69/><F69/><W17/><G122/><N who="2" m="47209" /><F22/><W33/><G127/><T92/><D123/><U54/><E65/><V29/><F29/><W66/><G4/><N who="0" m="1611" /><D2/><U31/><E31/><V126/><F115/><W88/><G33/><T104/><D104/><U47/><E47/><V60/><F60/><W39/><G39/><T62/><D62/><U125/><E125/><N who="2" m="48235" /><F116/><W98/><G30/><N who="0" m="19535" /><D118/><U12/><E12/><V112/><F112/><W53/><G41/><T61/><D61/><U82/><REACH who="1" step="1"/><E71/><REACH who="1" ten="270,247,174,299" step="2"/><V52/><F52/><W130/><G66/><T24/><D14/><U110/><E110/><N who="0" m="42601" /><D24/><U40/><E40/><V51/><F51/><W67/><G67/><T77/><D77/><U72/><E72/><V57/><F57/><W68/><G64/><T107/><D107/><U85/><E85/><V9/><F75/><W134/><G68/><T6/><D6/><U37/><E37/><V23/><F86/><W56/><G73/><T76/><D76/><N who="3" m="29225" /><G74/><T27/><D27/><U35/><E35/><V87/><F87/><W89/><G15/><T103/><D94/><U101/><E101/><V80/><F93/><W99/><G56/><T91/><D103/><U48/><E48/><V26/><F9/><W119/><G49/><T43/><D43/><U117/><E117/><RYUUKYOKU ba="1,1" sc="270,15,247,15,174,-15,299,-15" hai0="91,92,129,131" hai1="8,10,13,16,21,46,50,54,82,84,90,102,105" /><INIT seed="4,2,1,3,2,70" ten="285,262,159,284" oya="0" hai0="13,95,10,77,100,38,43,130,2,46,7,89,91" hai1="73,66,122,67,93,19,54,62,115,127,97,87,132" hai2="49,121,29,16,25,58,6,99,33,82,83,61,11" hai3="41,120,42,126,47,124,75,104,128,37,36,113,72"/><T0/><D130/><U32/><E73/><V64/><F121/><W55/><G55/><T56/><D77/><U24/><E122/><V22/><F99/><W114/><G120/><T3/><D100/><U84/><E127/><N who="3" m="48682" /><G104/><T27/><D95/><U119/><E132/><V28/><F49/><W8/><G8/><T52/><REACH who="0" step="1"/><D27/><REACH who="0" ten="275,262,159,284" step="2"/><U23/><E24/><V31/><REACH who="2" step="1"/><F33/><REACH who="2" ten="275,262,149,284" step="2"/><W20/><G128/><T107/><D107/><U9/><E32/><V112/><F112/><N who="3" m="43115" /><G20/><T78/><D78/><U50/><E23/><V111/><F111/><W134/><G134/><T12/><D12/><AGARI ba="2,3" hai="6,11,12,16,22,25,28,29,31,58,61,64,82,83" machi="12" ten="40,5200,0" yaku="1,1,8,1,54,1,53,0" doraHai="70" doraHaiUra="80" who="2" fromWho="0" sc="275,-58,262,0,149,88,284,0" /><INIT seed="5,0,0,4,1,20" ten="217,262,237,284" oya="1" hai0="84,76,87,107,91,65,75,131,80,57,69,28,126" hai1="72,16,134,11,124,108,18,94,130,25,0,128,59" hai2="23,78,73,67,35,123,121,41,119,114,40,32,106" hai3="95,97,99,33,27,85,109,4,38,13,66,112,120"/><U122/><E122/><V43/><F119/><W90/><G109/><T8/><D69/><U51/><E72/><V92/><F106/><W116/><G120/><T81/><D107/><U60/><E124/><V125/><F125/><W68/><G38/><T1/><D126/><U7/><E134/><V26/><F114/><W22/><G112/><T70/><D70/><U17/><E51/><V115/><F115/><W83/><G116/><T44/><D131/><N who="1" m="50219" /><E94/><V42/><F123/><W89/><G33/><T49/><D28/><U55/><E108/><V9/><F67/><W88/><G66/><T103/><D103/><U10/><E10/><V53/><F9/><N who="3" m="4263" /><G68/><T133/><D133/><U46/><E46/><V104/><F104/><W2/><G2/><T47/><D75/><U86/><E86/><V24/><F121/><W110/><G110/><T113/><D113/><U34/><E34/><V39/><F35/><W129/><G129/><T96/><D96/><N who="3" m="36937" /><G95/><T127/><D127/><U117/><E117/><V58/><F32/><W98/><N who="3" m="36945" /><W5/><DORA hai="31" /><G5/><T37/><D37/><U118/><E118/><V61/><F92/><W93/><G93/><T48/><D8/><U62/><E62/><V52/><F61/><W63/><G63/><N who="0" m="38127" /><D1/><U132/><E132/><V6/><F6/><W74/><G74/><T111/><D111/><U56/><E56/><V50/><F39/><W82/><G82/><T135/><D135/><U54/><E54/><V14/><F42/><W105/><G105/><T71/><D71/><U29/><E29/><AGARI ba="0,0" hai="22,27,29,83,85,88,89,90" m="36945,4263" machi="29" ten="30,3900,0" yaku="8,1,52,1,54,1" doraHai="20,31" who="3" fromWho="1" sc="217,0,262,-39,237,0,284,39" /><INIT seed="6,0,0,1,4,6" ten="217,223,237,323" oya="2" hai0="61,106,86,59,21,90,72,22,35,96,108,49,24" hai1="82,11,107,31,27,57,83,66,3,98,9,134,48" hai2="1,92,20,125,75,65,52,13,17,55,112,99,85" hai3="51,10,105,97,131,50,74,104,34,45,103,37,79"/><V29/><F75/><W5/><G131/><T28/><D72/><U129/><E129/><V54/><F1/><W58/><G58/><T130/><D108/><U60/><E134/><V116/><F116/><W127/><G127/><T78/><D130/><U26/><E3/><V95/><F112/><W101/><G34/><T121/><D121/><U68/><E27/><N who="2" m="16615" /><F125/><W135/><G135/><T117/><D117/><U38/><E38/><V94/><F65/><W70/><G70/><T64/><D78/><U114/><E114/><V23/><F85/><W87/><G87/><T39/><D39/><U42/><E42/><V120/><F120/><W8/><G37/><T110/><D110/><U14/><E14/><V124/><F124/><W80/><G5/><T122/><D122/><U36/><E36/><V33/><F33/><W102/><G97/><AGARI ba="0,0" hai="13,17,23,52,54,55,92,94,95,97,99" m="16615" machi="97" ten="30,2900,0" yaku="8,1,54,1" doraHai="6" who="2" fromWho="3" sc="217,0,223,0,237,29,323,-29" /><INIT seed="6,1,0,0,1,88" ten="217,223,266,294" oya="2" hai0="75,73,12,46,132,50,26,121,66,51,49,81,55" hai1="4,36,108,123,116,111,8,125,97,76,63,130,90" hai2="102,47,134,45,59,80,6,118,105,68,110,120,122" hai3="95,124,33,13,53,112,57,133,91,16,2,128,119"/><V14/><F118/><W15/><G2/><T34/><D121/><U65/><E116/><V101/><F68/><W94/><G33/><T70/><D132/><U78/><E36/><V117/><F117/><W127/><G119/><T43/><D12/><U44/><E123/><V114/><F122/><W107/><G107/><T115/><D115/><U19/><E19/><V29/><F120/><W11/><G112/><T23/><D34/><U92/><E111/><V82/><F114/><W103/><G133/><T28/><D81/><N who="2" m="31338" /><F105/><W7/><G128/><T131/><D131/><U1/><E125/><N who="3" m="48202" /><G103/><N who="2" m="39433" /><F134/><W106/><G106/><T18/><D28/><U126/><E126/><V48/><F29/><W24/><G91/><T100/><D100/><U38/><E108/><V93/><F110/><W79/><G24/><T83/><D83/><U62/><E130/><V40/><F93/><W135/><G79/><T84/><D84/><U27/><E27/><V56/><F47/><W10/><G135/><T58/><REACH who="0" step="1"/><D50/><AGARI ba="1,0" hai="7,10,11,13,15,16,50,53,57,94,95" m="48202" machi="50" ten="30,7700,0" yaku="18,1,52,2,54,1" doraHai="88" who="3" fromWho="0" sc="217,-80,223,0,266,0,294,80" /><INIT seed="7,0,0,5,4,126" ten="137,223,266,374" oya="3" hai0="120,54,7,70,121,26,9,108,128,3,99,47,73" hai1="5,112,125,40,16,53,66,14,19,37,15,63,110" hai2="133,24,130,32,129,80,18,81,12,68,55,98,104" hai3="119,75,95,103,83,74,97,36,102,35,90,39,25"/><W86/><G119/><T11/><D73/><U58/><E110/><V52/><F68/><W78/><G74/><T116/><D70/><U48/><E125/><V62/><F133/><W84/><G103/><T10/><D116/><U49/><E112/><V85/><F24/><W92/><G86/><T33/><D54/><U113/><E113/><V60/><F32/><W6/><G6/><N who="0" m="1247" /><D47/><U101/><E49/><V44/><F104/><W2/><G2/><N who="0" m="375" /><D99/><U29/><E29/><V93/><F60/><W106/><G95/><T56/><D56/><U13/><E5/><V94/><F94/><W61/><G61/><T117/><D117/><U107/><E40/><V111/><F111/><W22/><G35/><T76/><D76/><U109/><E37/><V79/><F81/><W127/><G127/><T91/><D91/><U59/><REACH who="1" step="1"/><E109/><REACH who="1" ten="137,213,266,374" step="2"/><V118/><F118/><W77/><G39/><T38/><D38/><U67/><E67/><V41/><F41/><W20/><G36/><T45/><D108/><U115/><E115/><V17/><F62/><W27/><G78/><T105/><D105/><U64/><E64/><V89/><F18/><W124/><G124/><T72/><D72/><U114/><E114/><V28/><F28/><W69/><G106/><T71/><D71/><U51/><E51/><V134/><F44/><W23/><G69/><T96/><D45/><U122/><E122/><N who="0" m="47209" /><D96/><AGARI ba="0,1" hai="13,14,15,16,19,48,53,58,59,63,66,96,101,107" machi="96" ten="40,5200,0" yaku="1,1,54,1,53,1" doraHai="126" doraHaiUra="50" who="1" fromWho="0" sc="137,-52,213,62,266,0,374,0" owari="85,-41.0,275,8.0,266,-13.0,374,46.0" /></mjloggm>