<mjloggm ver="2.3"><GO type="41" lobby="0"/><UN n0="%E5%B0%8F%E9%8D%9B%E6%B2%BB%E3%81%A7%E4%B8%89%E5%B0%8B%E6%9C%A8%E2%98%86" n1="%E3%82%AB%E3%83%84%E3%82%AA%E6%AD%A6%E5%A3%AB" n2="%E5%B0%B1%E6%B4%BB%E7%94%9F%40%E5%B7%9D%E6%9D%91%E8%BB%8D%E5%9B%A3" n3="%E5%B0%8F%E5%92%B2%E3%81%A1%E3%82%83%E3%82%93" dan="14,15,17,14" rate="1954.34,2052.82,2169.33,1921.45" sx="M,M,M,F"/><TAIKYOKU oya="0"/><INIT seed="0,0,0,3,3,63" ten="250,250,250,250" oya="0" hai0="130,20,123,88,57,64,50,15,85,6,105,0,104" hai1="74,131,76,27,26,115,49,32,42,31,41,13,16" hai2="28,21,134,52,55,92,135,124,24,84,101,25,39" hai3="9,12,108,93,125,19,2,68,128,40,22,86,45"/><T83/><D123/><U54/><E131/><V98/><F39/><W127/><G128/><T43/><D0/><U65/><E26/><V62/><F124/><W102/><G108/><T34/><D34/><U14/><E14/><V81/><F25/><W87/><G68/><T120/><D130/><U38/><E38/><V113/><F113/><W79/><G79/><T82/><D120/><U118/><E118/><V99/><F98/><W29/><G102/><T116/><D116/><U23/><E115/><V106/><F106/><W35/><G93/><T5/><D105/><U103/><E103/><V56/><REACH who="2" step="1"/><F55/><REACH who="2" ten="250,250,240,250" step="2"/><W95/><G127/><T59/><D104/><U44/><REACH who="1" step="1"/><E65/><REACH who="1" ten="250,240,240,250" step="2"/><V112/><F112/><W97/><G125/><T69/><D64/><U133/><E133/><V119/><F119/><W60/><G35/><T66/><D66/><U110/><E110/><V61/><F61/><W11/><G60/><T30/><D69/><U111/><E111/><V4/><F4/><W10/><G29/><T89/><D6/><U8/><E8/><V129/><F129/><W126/><G126/><T48/><D5/><U33/><E33/><V100/><F100/><N who="3" m="60479" /><G10/><T18/><D30/><U53/><E53/><V51/><F51/><N who="0" m="19498" /><D43/><U67/><E67/><V96/><F96/><W46/><G11/><T94/><D83/><AGARI ba="0,2" hai="13,16,23,27,31,32,41,42,44,49,54,74,76,83" machi="83" ten="40,2600,0" yaku="1,1,54,1,53,0" doraHai="63" doraHaiUra="91" who="1" fromWho="0" sc="250,-26,240,46,240,0,250,0" /><INIT seed="1,0,0,3,1,53" ten="224,286,240,250" oya="1" hai0="130,122,116,57,101,32,65,69,64,17,79,26,60" hai1="120,7,63,50,28,49,47,104,77,41,127,133,78" hai2="97,107,134,31,128,35,117,82,96,4,5,114,71" hai3="36,132,10,20,18,52,125,90,99,54,38,25,59"/><U87/><E104/><V80/><F117/><W70/><G70/><T113/><D116/><U93/><E120/><V33/><F71/><W22/><G132/><T81/><D113/><U55/><E28/><V131/><F107/><W13/><G125/><T84/><D122/><U51/><E133/><V95/><F134/><W100/><G22/><T37/><D130/><U44/><E50/><V39/><F39/><W42/><G90/><T103/><D37/><U14/><E63/><V124/><F31/><W123/><G54/><T3/><D3/><U30/><E30/><V135/><F135/><W66/><G66/><T68/><D32/><U73/><E73/><V76/><F95/><W45/><G123/><T1/><D1/><U102/><E127/><V23/><F23/><W27/><G38/><T110/><D110/><U72/><E72/><V85/><F124/><W11/><G11/><T94/><D68/><U56/><E47/><V83/><F85/><W34/><G34/><N who="2" m="12809" /><F76/><W86/><G86/><T91/><D69/><U75/><E75/><V129/><F114/><W58/><G58/><T89/><D65/><U112/><E112/><V40/><F40/><W0/><G0/><T105/><D105/><U61/><E61/><V16/><F16/><W74/><G74/><T92/><D92/><U121/><E121/><V115/><F115/><W43/><G43/><T15/><D26/><U98/><E87/><V24/><F24/><W46/><G46/><T8/><D79/><U48/><E48/><V126/><F126/><W12/><G25/><T106/><D106/><U19/><E19/><RYUUKYOKU ba="0,0" sc="224,10,286,10,240,10,250,-30" hai0="8,15,17,57,60,64,81,84,89,91,94,101,103" hai1="7,14,41,44,49,51,55,56,77,78,93,98,102" hai2="4,5,80,82,83,96,97,128,129,131" /><INIT seed="1,1,0,0,3,91" ten="234,296,250,220" oya="1" hai0="102,30,57,52,90,8,67,41,131,106,86,33,40" hai1="39,103,47,20,31,79,24,81,23,128,97,35,6" hai2="10,116,77,69,107,73,96,83,36,133,58,27,100" hai3="2,117,43,118,32,74,16,110,80,12,71,123,42"/><U95/><E128/><V55/><F133/><W34/><G123/><T45/><D131/><U76/><E76/><V124/><F124/><W5/><G71/><T49/><D106/><U108/><E108/><V127/><F127/><W3/><G110/><T18/><D33/><N who="3" m="12905" /><G74/><T28/><D102/><U120/><E120/><V98/><F116/><N who="3" m="44651" /><G80/><T9/><D67/><U25/><E6/><V65/><F36/><W130/><G130/><T64/><D64/><U94/><E94/><V78/><F78/><W101/><G101/><T82/><D9/><U88/><E103/><V1/><F69/><W15/><G5/><T11/><D11/><U68/><E68/><V46/><F65/><W109/><G109/><T112/><D112/><U51/><E25/><V19/><F46/><W85/><G85/><T111/><D111/><U87/><E39/><V56/><F98/><W60/><G60/><T37/><REACH who="0" step="1"/><D41/><AGARI ba="1,0" hai="20,23,24,31,35,41,47,51,79,81,87,88,95,97" machi="41" ten="30,5800,0" yaku="7,1,52,1,54,1" doraHai="91" who="1" fromWho="0" sc="234,-61,296,61,250,0,220,0" /><INIT seed="1,2,0,0,3,117" ten="173,357,250,220" oya="1" hai0="98,126,135,35,24,5,131,77,65,124,80,78,30" hai1="127,107,17,62,122,43,100,50,71,11,13,66,119" hai2="94,40,82,28,129,67,123,44,133,53,72,93,102" hai3="83,95,9,120,97,19,15,52,106,21,56,39,63"/><U115/><E119/><V69/><F28/><W92/><G39/><T81/><D65/><U84/><E115/><V109/><F129/><W68/><G68/><T27/><D5/><U18/><E127/><N who="0" m="48681" /><D131/><U87/><E122/><V33/><F33/><W118/><G118/><T96/><D35/><U103/><E107/><V111/><F133/><W104/><G120/><T85/><D30/><U55/><E43/><V12/><F12/><W99/><G83/><N who="0" m="31819" /><D135/><U125/><E125/><V132/><F132/><W7/><G95/><T26/><D85/><U105/><E18/><V89/><F67/><W110/><G110/><T32/><D32/><U3/><E3/><V22/><F69/><W29/><G29/><T34/><D34/><U47/><E87/><V90/><F53/><W60/><G60/><T64/><D64/><U46/><E84/><V70/><F70/><W73/><G73/><T42/><D42/><U49/><E47/><V79/><F22/><W51/><G63/><T91/><D91/><U121/><E50/><V74/><F40/><W75/><G75/><T59/><D59/><U57/><E71/><V86/><F44/><W37/><G37/><T23/><D23/><U38/><E38/><V112/><F112/><W88/><REACH who="3" step="1"/><G99/><AGARI ba="2,0" hai="24,26,27,77,78,96,98,99" m="31819,48681" machi="99" ten="40,5200,0" yaku="28,2,18,1" doraHai="117" who="0" fromWho="3" sc="173,58,357,0,250,0,220,-58" /><INIT seed="2,0,0,0,3,95" ten="231,357,250,162" oya="2" hai0="62,18,5,0,46,78,56,64,96,66,26,104,49" hai1="2,105,97,11,72,8,75,65,55,41,30,39,127" hai2="6,125,36,47,81,28,37,14,54,99,48,73,3" hai3="115,80,108,123,29,9,84,1,53,59,87,100,131"/><V118/><F118/><W68/><G123/><T60/><D78/><U79/><E65/><V45/><F3/><W24/><G108/><T93/><D104/><U117/><E30/><V119/><F119/><W32/><G131/><T76/><D76/><U120/><E127/><V134/><F125/><W43/><G115/><T52/><D0/><U31/><E31/><V33/><F134/><W13/><G68/><T130/><D5/><U23/><E23/><V35/><F28/><W112/><G1/><T58/><D130/><U67/><E67/><V22/><F35/><W83/><G112/><T88/><D18/><U126/><E126/><V129/><F33/><W116/><G43/><T135/><D135/><U113/><E113/><V86/><F73/><W128/><G128/><T89/><D26/><U7/><E11/><V122/><F122/><W12/><G116/><T63/><D63/><U109/><E72/><V57/><F129/><W94/><G84/><T110/><D110/><U82/><E109/><V50/><F57/><W121/><G121/><T133/><D133/><U61/><E120/><V91/><F99/><W16/><G13/><T74/><D74/><U69/><E69/><V77/><F91/><AGARI ba="0,0" hai="46,49,52,56,58,60,62,64,66,88,89,91,93,96" machi="91" ten="30,12000,2" yaku="7,1,9,1,8,1,52,1,54,2" doraHai="95" who="0" fromWho="2" sc="231,120,357,0,250,-120,162,0" /><INIT seed="3,0,0,0,3,21" ten="351,357,130,162" oya="3" hai0="58,135,132,94,64,46,31,26,117,40,91,92,53" hai1="60,127,123,82,15,88,108,79,105,87,54,121,74" hai2="24,118,4,55,57,43,37,52,6,104,134,3,101" hai3="5,97,129,130,20,25,69,51,68,34,13,125,126"/><W8/><G51/><T67/><D117/><U62/><E108/><V63/><F118/><W33/><G97/><T45/><D132/><U120/><E127/><N who="3" m="48650" /><G69/><T11/><D135/><U95/><E15/><V0/><F134/><W23/><G68/><T61/><D11/><U102/><E54/><V47/><F3/><W86/><G86/><T99/><D92/><U28/><E28/><V93/><F104/><W50/><G50/><T131/><D131/><N who="3" m="50185" /><G23/><N who="0" m="15839" /><D40/><U41/><E41/><V17/><F0/><W56/><G56/><N who="0" m="36903" /><D67/><U90/><E90/><V111/><F111/><W89/><G89/><T38/><D38/><U81/><E81/><V77/><F77/><W110/><G110/><T10/><D10/><U80/><E82/><V71/><F71/><W76/><G76/><T18/><D18/><AGARI ba="0,0" hai="5,8,13,18,20,25,33,34" m="50185,48650" machi="18" ten="30,12000,1" yaku="18,1,19,1,34,2,52,1" doraHai="21" who="3" fromWho="0" sc="351,-120,357,0,130,0,162,120" /><INIT seed="3,1,0,1,4,75" ten="231,357,130,282" oya="3" hai0="113,40,95,48,2,65,88,64,110,77,45,44,71" hai1="105,119,14,18,46,67,97,68,102,131,11,116,82" hai2="98,79,84,69,4,28,91,35,41,42,128,6,135" hai3="58,36,17,127,30,115,53,86,81,15,24,63,10"/><W0/><G115/><T70/><D2/><U90/><E131/><V109/><F109/><W73/><G36/><T83/><D110/><U33/><E33/><V20/><F69/><W66/><G127/><T37/><D113/><U21/><E46/><V25/><F135/><W101/><G73/><T16/><D71/><U74/><E67/><V51/><F128/><W3/><G101/><T133/><D70/><U5/><E68/><V114/><F114/><W13/><G13/><T129/><D129/><U31/><E31/><V47/><F35/><W124/><G66/><T118/><D133/><U92/><E82/><V54/><F98/><W107/><G107/><T111/><D118/><U55/><E55/><V29/><F29/><W99/><G99/><T78/><D111/><U106/><E74/><V27/><F27/><W62/><G62/><T60/><D16/><U85/><REACH who="1" step="1"/><E106/><REACH who="1" ten="231,347,130,282" step="2"/><V117/><F117/><W56/><G56/><T52/><D83/><U89/><E89/><V34/><F34/><W39/><G124/><T121/><D121/><U49/><E49/><V103/><F103/><W80/><G39/><T72/><D72/><U32/><E32/><V96/><F42/><W7/><G80/><T120/><D120/><U134/><E134/><V100/><F41/><W132/><G132/><T61/><D65/><U122/><E122/><V12/><F91/><N who="3" m="51663" /><G30/><T94/><D94/><U112/><E112/><V76/><F47/><W126/><G126/><T108/><D108/><U87/><E87/><V22/><F84/><W50/><G50/><T23/><D48/><U19/><E19/><RYUUKYOKU ba="1,1" sc="231,-15,347,15,130,-15,282,15" hai1="5,11,14,18,21,85,90,92,97,102,105,116,119" hai3="0,3,7,10,15,17,24,53,58,63" /><INIT seed="3,2,1,5,0,66" ten="216,362,115,297" oya="3" hai0="119,94,96,4,98,120,107,25,47,53,63,6,1" hai1="126,12,122,128,121,124,65,109,26,3,69,49,87" hai2="73,32,44,91,88,89,59,20,81,27,131,99,68" hai3="9,21,30,100,50,57,127,129,114,40,15,82,80"/><W90/><G90/><T37/><D120/><U85/><E3/><V112/><F112/><W111/><G114/><T134/><D119/><U125/><E109/><V102/><F131/><W48/><G129/><T19/><D134/><U78/><E128/><V52/><F32/><W101/><G127/><T39/><D107/><U79/><E26/><V118/><F118/><W132/><G132/><T36/><D1/><U67/><E49/><V35/><F35/><W17/><G111/><T103/><D96/><U5/><E5/><V116/><F116/><W110/><G110/><T75/><D75/><U113/><E12/><V64/><F44/><N who="3" m="25607" /><G80/><T97/><D97/><U61/><E113/><V56/><F73/><W22/><G82/><T38/><N who="0" m="9216" /><DORA hai="92" /><T133/><D133/><U46/><E46/><V58/><F81/><W33/><G33/><T28/><D19/><U115/><E67/><V77/><F77/><N who="1" m="29193" /><E115/><V71/><F64/><W43/><G43/><T104/><D104/><U31/><E31/><V130/><F130/><W70/><G70/><T29/><D29/><U51/><E51/><V108/><F108/><W62/><G50/><T93/><D47/><U0/><E0/><V2/><F2/><W16/><G30/><T83/><D83/><U117/><E117/><V60/><F71/><W23/><G17/><T34/><REACH who="0" step="1"/><D94/><REACH who="0" ten="206,362,115,297" step="2"/><U13/><E122/><V135/><F135/><W11/><G16/><T8/><D8/><U41/><E121/><V55/><F27/><W76/><G11/><T72/><D72/><U84/><E13/><V74/><F74/><W10/><G10/><RYUUKYOKU ba="2,2" sc="206,15,362,15,115,-15,297,-15" hai0="4,6,25,28,34,53,63,93,98,103" hai1="41,61,65,69,84,85,87,124,125,126" /><INIT seed="4,3,2,5,1,77" ten="221,377,100,282" oya="0" hai0="70,1,112,115,67,41,28,96,113,12,59,69,32" hai1="97,60,108,35,134,56,13,50,64,99,39,49,48" hai2="131,119,88,71,22,129,36,45,124,6,23,34,121" hai3="10,94,44,80,16,109,81,15,98,27,51,89,7"/><T14/><D1/><U128/><E108/><V83/><F34/><W76/><G109/><T107/><D41/><U5/><E35/><V105/><F105/><W57/><G57/><T103/><D59/><U132/><E39/><V3/><F121/><W82/><G76/><T40/><D40/><U92/><E128/><N who="2" m="49227" /><F71/><W123/><G123/><T130/><D130/><U87/><E87/><N who="2" m="50303" /><F119/><W8/><G27/><N who="0" m="18463" /><D70/><U135/><E92/><V66/><F66/><W122/><G122/><T133/><D133/><U33/><E33/><V62/><F124/><W127/><G127/><T55/><D55/><U21/><E5/><V2/><F62/><AGARI ba="3,2" hai="12,14,62,67,69,96,103,107,112,113,115" m="18463" machi="62" ten="30,2900,0" yaku="25,1,15,1" doraHai="77" who="0" fromWho="2" sc="221,58,377,0,100,-38,282,0" /><INIT seed="4,4,0,1,1,108" ten="279,377,62,282" oya="0" hai0="96,69,68,48,10,65,66,135,120,106,51,83,8" hai1="27,81,93,113,94,132,61,43,26,105,116,130,62" hai2="92,35,17,39,55,84,134,99,110,88,24,70,54" hai3="29,107,37,79,75,31,2,133,14,100,127,67,45"/><T90/><D120/><U126/><E116/><V71/><F110/><W32/><G2/><T73/><D135/><U15/><E105/><V49/><F39/><W19/><G133/><T46/><D106/><U5/><E126/><V16/><F134/><W0/><G127/><T1/><D73/><U30/><E43/><V23/><F35/><W36/><G0/><T101/><D1/><U12/><E130/><V4/><F4/><W115/><G67/><T7/><D68/><U57/><E5/><V123/><F123/><W13/><G32/><T124/><D124/><U121/><E121/><V47/><F17/><W85/><G75/><T109/><D109/><U98/><E81/><V58/><REACH who="2" step="1"/><F84/><REACH who="2" ten="279,377,52,282" step="2"/><W34/><G19/><T20/><D7/><U72/><E72/><V129/><F129/><W78/><G85/><T9/><D9/><U95/><E30/><V18/><F18/><W103/><G34/><T74/><D10/><U76/><E132/><V25/><F25/><W89/><G31/><T38/><D8/><U104/><E27/><V122/><F122/><W41/><G29/><T125/><D125/><U11/><E26/><V3/><F3/><W87/><G36/><T117/><D38/><U52/><E11/><V33/><F33/><W102/><G37/><T44/><D74/><U21/><E98/><V111/><F111/><W86/><G87/><T128/><D128/><U60/><E21/><V59/><F59/><W112/><G86/><N who="0" m="50527" /><D20/><U64/><E57/><V91/><F91/><W6/><G89/><T77/><D69/><N who="1" m="42119" /><E15/><N who="3" m="5642" /><G6/><T118/><D117/><U97/><E97/><RYUUKYOKU ba="4,1" sc="279,-10,377,-10,52,30,282,-10" hai2="16,23,24,47,49,54,55,58,70,71,88,92,99" /><INIT seed="5,5,1,4,1,134" ten="269,367,82,272" oya="1" hai0="28,60,2,63,58,89,69,6,8,33,77,95,41" hai1="87,123,124,105,56,114,101,10,48,85,0,131,32" hai2="37,132,25,86,129,98,17,127,135,115,30,46,29" hai3="42,18,81,93,82,45,126,39,54,120,116,74,109"/><U61/><E123/><V24/><F98/><W26/><G120/><T35/><D77/><U70/><E32/><V23/><F86/><W106/><G109/><T15/><D41/><U43/><E70/><V52/><F37/><W91/><G106/><T64/><D28/><N who="2" m="10858" /><F129/><W11/><G74/><T65/><REACH who="0" step="1"/><D2/><REACH who="0" ten="259,367,82,272" step="2"/><U19/><E0/><V73/><F73/><W4/><G42/><T1/><D1/><U59/><E43/><V118/><F118/><W99/><G116/><T96/><AGARI ba="5,2" hai="6,8,15,33,35,58,60,63,64,65,69,89,95,96" machi="96" ten="20,5200,0" yaku="1,1,0,1,7,1,53,1" doraHai="134" doraHaiUra="90" who="0" fromWho="0" sc="259,87,367,-31,82,-18,272,-18" /><INIT seed="6,0,0,3,1,66" ten="346,336,64,254" oya="2" hai0="30,107,32,10,134,58,29,50,3,114,118,115,43" hai1="75,53,24,46,47,21,1,7,89,8,20,74,84" hai2="79,73,119,130,68,14,62,76,55,42,49,34,11" hai3="26,27,106,98,132,16,120,93,116,82,103,15,99"/><V71/><F34/><W117/><G120/><T91/><D107/><U77/><E20/><V124/><F119/><W94/><G132/><T131/><D134/><U12/><E1/><V100/><F130/><W87/><G106/><T90/><D131/><U13/><E13/><V78/><F124/><W65/><G65/><T36/><D36/><U133/><E133/><V96/><F73/><W57/><G57/><T129/><D129/><U122/><E122/><V25/><F42/><W59/><G59/><T22/><D32/><U4/><E4/><V109/><F109/><W64/><G64/><T72/><D72/><U38/><E38/><V33/><F62/><W105/><G105/><T61/><D118/><U128/><E128/><V70/><F33/><W110/><G110/><T127/><D127/><U123/><E123/><V85/><F25/><W88/><G117/><T97/><D3/><U121/><E121/><V69/><N who="2" m="17920" /><DORA hai="111" /><V35/><F35/><W86/><G86/><T17/><D10/><U31/><E53/><V56/><F85/><W52/><G52/><N who="0" m="32023" /><D61/><U112/><E75/><V23/><F23/><N who="3" m="11679" /><G116/><T95/><D91/><AGARI ba="0,0" hai="26,27,82,87,88,91,93,94,98,99,103" m="11679" machi="91" ten="30,3900,0" yaku="8,1,54,2" doraHai="66,111" who="3" fromWho="0" sc="346,-39,336,0,64,0,254,39" /><INIT seed="7,0,0,4,4,90" ten="307,336,64,293" oya="3" hai0="37,128,100,83,30,81,124,38,62,92,42,21,127" hai1="41,18,4,117,133,120,1,26,59,135,14,50,73" hai2="67,7,99,51,87,39,8,65,68,97,102,20,11" hai3="86,101,80,25,53,9,57,5,15,122,70,116,54"/><W12/><G116/><T113/><D128/><U17/><E73/><V44/><F39/><W24/><G122/><T6/><D6/><U22/><E120/><V3/><F68/><W34/><G70/><T52/><D113/><U79/><E79/><V69/><F69/><W74/><G74/><T91/><D100/><U85/><E117/><V16/><F3/><W94/><G34/><T33/><D33/><U2/><E4/><V0/><F0/><W43/><G43/><T47/><D38/><U40/><E85/><V109/><F109/><W35/><G35/><T76/><D30/><U28/><E18/><V131/><F131/><W106/><G106/><T27/><D21/><U29/><E29/><V110/><F110/><W118/><G15/><T121/><D27/><N who="3" m="10313" /><G118/><T114/><D114/><U115/><E115/><V111/><F111/><W49/><G54/><T48/><D62/><U61/><E41/><V130/><F130/><W95/><G101/><T63/><D63/><U45/><E135/><V93/><F87/><W96/><G96/><N who="0" m="57375" /><D76/><AGARI ba="0,0" hai="5,9,12,49,53,57,76,80,86,94,95" m="10313" machi="76" ten="30,5800,0" yaku="8,1,52,2" doraHai="90" who="3" fromWho="0" sc="307,-58,336,0,64,0,293,58" owari="249,-15.0,336,14.0,64,-44.0,351,45.0" /></mjloggm>