<mjloggm ver="2.3"><GO type="169" lobby="0"/><UN n0="%E9%87%8C%E6%9C%A8%E4%BB%81" n1="%E7%A7%81%E3%81%AF%E3%81%8C%E3%81%A1%E3%81%BB%E3%82%82" n2="%2E%53%61%69" n3="%E3%82%A6%E3%83%AB%E3%83%88%E3%83%A9%E7%AB%8B%E7%9B%B4" dan="16,18,16,17" rate="2117.81,2237.22,2004.48,2237.56" sx="M,M,M,M"/><TAIKYOKU oya="0"/><INIT seed="0,0,0,1,1,96" ten="250,250,250,250" oya="0" hai0="70,135,35,66,53,121,94,56,134,120,58,4,113" hai1="125,10,60,32,126,92,115,37,129,22,114,118,105" hai2="95,8,48,127,33,109,75,69,81,43,38,93,128" hai3="61,112,20,14,77,76,26,34,65,31,124,78,30"/><T59/><D35/><U64/><E32/><V99/><F33/><W103/><G112/><N who="1" m="43050" /><E105/><V72/><F69/><W2/><G2/><T1/><D113/><U110/><E37/><V57/><F38/><W27/><G14/><T107/><D107/><U122/><E10/><V73/><F109/><W106/><G124/><N who="1" m="47722" /><E22/><V68/><F68/><W116/><G116/><T133/><D94/><U89/><E118/><V88/><F127/><W117/><G117/><T0/><D53/><U100/><E110/><V3/><F128/><W90/><G90/><T49/><D49/><U11/><E11/><V104/><F104/><W102/><REACH who="3" step="1"/><G106/><REACH who="3" ten="250,250,250,240" step="2"/><T19/><D0/><U42/><E89/><V50/><F3/><W98/><G98/><T79/><D1/><U123/><E129/><V97/><F97/><W18/><G18/><T101/><D19/><U21/><E21/><V17/><F99/><W83/><G83/><T41/><D134/><U84/><E123/><V132/><F132/><W23/><G23/><T108/><D121/><U24/><E24/><V80/><F17/><W130/><G130/><T131/><D120/><U71/><E122/><V86/><F8/><W6/><G6/><T74/><D131/><U82/><E82/><V46/><F81/><W87/><G87/><T28/><D4/><U13/><E13/><V25/><F25/><W54/><G54/><T36/><D135/><U5/><E5/><V85/><F85/><W91/><G91/><T7/><D133/><U51/><E84/><V111/><F111/><W47/><G47/><T16/><D108/><U45/><E92/><RYUUKYOKU ba="0,1" sc="250,-30,250,10,250,10,240,10" hai1="42,45,51,60,64,71,100" hai2="43,46,48,50,57,72,73,75,80,86,88,93,95" hai3="20,26,27,30,31,34,61,65,76,77,78,102,103" /><INIT seed="1,1,1,2,2,3" ten="220,260,260,250" oya="1" hai0="61,24,32,21,75,0,4,40,125,22,57,116,69" hai1="122,62,41,46,108,83,14,93,43,55,12,124,35" hai2="66,6,97,85,13,117,95,115,94,29,70,71,114" hai3="19,38,84,96,15,109,31,78,132,112,1,128,28"/><U30/><E122/><V118/><F29/><W87/><G38/><T88/><D69/><N who="2" m="26122" /><F66/><W63/><G1/><T77/><D40/><U68/><E124/><V90/><F13/><W129/><G112/><N who="2" m="43049" /><F6/><W67/><G109/><T82/><D116/><U34/><E108/><V45/><F45/><W44/><G132/><T5/><D125/><U54/><E68/><V25/><F25/><W106/><G44/><T47/><D32/><U89/><E30/><V79/><F79/><W99/><G78/><T50/><D88/><AGARI ba="1,1" hai="85,88,90,94,95,97,117,118" m="43049,26122" machi="88" ten="30,2000,0" yaku="11,1,54,1" doraHai="3" who="2" fromWho="0" sc="220,-23,260,0,260,33,250,0" /><INIT seed="2,0,0,5,2,111" ten="197,260,293,250" oya="2" hai0="93,124,29,63,89,11,21,57,83,126,13,7,98" hai1="110,18,118,28,99,120,86,109,50,49,24,27,40" hai2="112,15,10,106,87,72,44,54,5,25,66,79,77" hai3="12,90,113,75,85,64,31,101,88,67,34,53,129"/><V127/><F72/><W1/><G1/><T30/><D83/><U100/><E86/><V3/><F106/><W82/><G129/><T132/><D132/><U115/><E18/><V43/><F66/><W71/><G71/><T6/><D6/><U51/><E40/><V130/><F130/><W60/><G75/><T55/><REACH who="0" step="1"/><D21/><REACH who="0" ten="187,260,293,250" step="2"/><U117/><E109/><V58/><F5/><W9/><G82/><T104/><D104/><U52/><E110/><V128/><F128/><W4/><G4/><T20/><D20/><U123/><E123/><V84/><F79/><W48/><G34/><T92/><D92/><U102/><E120/><V119/><F77/><W38/><G9/><T107/><D107/><U46/><E117/><V105/><F10/><W108/><G108/><T42/><D42/><U133/><E118/><V62/><F43/><W47/><G90/><T61/><D61/><U56/><E133/><V76/><F62/><W80/><G88/><T33/><D33/><U81/><E81/><V32/><F76/><W135/><G80/><T16/><D16/><U39/><E102/><V122/><F32/><W2/><G60/><T121/><D121/><U125/><E100/><V103/><F103/><W114/><G101/><T26/><D26/><U8/><E24/><V134/><F25/><W14/><G135/><T94/><D94/><U65/><E27/><V91/><F134/><W95/><G95/><T68/><D68/><U131/><E8/><V69/><F122/><W37/><G2/><T97/><D97/><U22/><E131/><V17/><F119/><W0/><G0/><RYUUKYOKU ba="0,1" sc="187,30,260,-10,293,-10,250,-10" hai0="7,11,13,29,30,55,57,63,89,93,98,124,126" /><INIT seed="3,1,1,3,5,34" ten="217,250,283,240" oya="3" hai0="46,38,58,18,11,30,27,132,83,117,116,36,41" hai1="49,103,64,10,69,90,73,29,85,79,21,2,114" hai2="84,45,108,130,97,47,60,14,65,100,43,33,16" hai3="76,91,88,9,111,28,62,67,107,123,12,81,31"/><W71/><G107/><T98/><D132/><U52/><E103/><V74/><F74/><W3/><G123/><T40/><D98/><U96/><E96/><V4/><F108/><W75/><G111/><T113/><D113/><U0/><E114/><V32/><F84/><W53/><G53/><T121/><D121/><U1/><E73/><V48/><F45/><W106/><G106/><T109/><D109/><U68/><E79/><V82/><F4/><W110/><G110/><T66/><D83/><U126/><E10/><V50/><F50/><W101/><G101/><T118/><D11/><U131/><E64/><V39/><F39/><W24/><G3/><T129/><D18/><U78/><E78/><V54/><F43/><W120/><G120/><T13/><D13/><U94/><E131/><V104/><F82/><W105/><G105/><T19/><D19/><U112/><E112/><V93/><F104/><W26/><G26/><T37/><D129/><U135/><E135/><V80/><F80/><W122/><G122/><T17/><D17/><U6/><E6/><V57/><REACH who="2" step="1"/><F130/><REACH who="2" ten="217,250,273,240" step="2"/><W92/><G92/><T70/><D41/><U119/><E85/><V72/><F72/><W63/><G63/><N who="0" m="40287" /><D37/><U102/><E94/><V133/><F133/><W86/><G75/><T25/><D38/><U55/><E49/><V23/><AGARI ba="1,2" hai="14,16,23,32,33,47,48,54,57,60,65,93,97,100" machi="23" ten="20,8000,1" yaku="1,1,0,1,7,1,54,1,53,1" doraHai="34" doraHaiUra="8" who="2" fromWho="2" sc="217,-21,250,-21,273,103,240,-41" /><INIT seed="4,0,0,1,2,16" ten="196,229,376,199" oya="0" hai0="105,117,111,126,13,47,3,4,116,35,28,98,135" hai1="39,17,18,100,74,31,132,61,1,112,60,21,26" hai2="52,66,65,101,110,81,57,115,89,92,43,107,120" hai3="70,12,96,30,6,55,131,119,59,10,24,90,73"/><T38/><D13/><U86/><E74/><V9/><F110/><W41/><G119/><T50/><D111/><U75/><E75/><V37/><F120/><W58/><G70/><T134/><D38/><U63/><E39/><V0/><F107/><W125/><G73/><T62/><D126/><U104/><E1/><V20/><F101/><W122/><G125/><T130/><D130/><U97/><E132/><N who="0" m="50729" /><D62/><U49/><E112/><V23/><F81/><W72/><G72/><T78/><D78/><U25/><E86/><V84/><F115/><W77/><G131/><T128/><D128/><U121/><E121/><V87/><F87/><W46/><G77/><T88/><D4/><U68/><E68/><V8/><F43/><W94/><G122/><T54/><D3/><U53/><REACH who="1" step="1"/><E26/><REACH who="1" ten="196,219,376,199" step="2"/><V19/><F37/><W33/><G55/><T69/><D69/><U56/><AGARI ba="0,1" hai="17,18,21,25,31,49,53,56,60,61,63,97,100,104" machi="56" ten="30,8000,1" yaku="1,1,2,1,0,1,52,1,53,1" doraHai="16" doraHaiUra="95" who="1" fromWho="1" sc="196,-40,219,90,376,-20,199,-20" /><INIT seed="5,0,0,4,5,79" ten="156,309,356,179" oya="1" hai0="103,129,90,62,16,41,25,100,84,132,8,78,89" hai1="88,67,56,44,112,4,26,131,2,124,54,48,91" hai2="51,102,37,28,40,111,121,32,105,6,30,45,0" hai3="59,55,65,73,118,61,77,23,43,115,14,96,120"/><U99/><E112/><V63/><F111/><W133/><G120/><T119/><D119/><U126/><E131/><V9/><F121/><W75/><G115/><T93/><D132/><U80/><E26/><V46/><F32/><W128/><G133/><T135/><D135/><U57/><E4/><V81/><F63/><W13/><G128/><T69/><D78/><U1/><E1/><V74/><F102/><W22/><G43/><T38/><D129/><U34/><E34/><V10/><F10/><W130/><G130/><T117/><D117/><U64/><E2/><V70/><F70/><W101/><G118/><T52/><D38/><U109/><E109/><V20/><F20/><W98/><G75/><T27/><D41/><U33/><E33/><V106/><F106/><W92/><G13/><N who="0" m="7207" /><D69/><U72/><E72/><V58/><F105/><W66/><G14/><T108/><D108/><U35/><E35/><V113/><F113/><W76/><G73/><T3/><D3/><U19/><E19/><V116/><F116/><W39/><G39/><T95/><D103/><U47/><E47/><V122/><F46/><W29/><G101/><T15/><D100/><U94/><E126/><V24/><F122/><W5/><G5/><T11/><D11/><U7/><E7/><V60/><F37/><W86/><G22/><T68/><D68/><U110/><E124/><V114/><F114/><W53/><G23/><T50/><D62/><U107/><E107/><V17/><F60/><W18/><G61/><T104/><D104/><U97/><E110/><V83/><F74/><W85/><G29/><RYUUKYOKU ba="0,0" sc="156,0,309,0,356,0,179,0" /><INIT seed="6,1,0,3,2,16" ten="156,309,356,179" oya="2" hai0="106,33,118,93,66,60,101,15,90,8,5,121,40" hai1="92,42,59,13,131,109,57,71,115,88,49,127,35" hai2="114,113,100,63,125,112,135,0,6,134,18,111,11" hai3="38,28,85,110,129,19,67,83,102,31,99,37,128"/><V103/><F125/><W126/><G67/><T77/><D121/><U23/><E71/><V3/><F111/><W116/><G110/><T26/><D118/><U105/><E35/><V75/><F75/><W94/><G19/><T107/><D101/><N who="2" m="38986" /><F63/><W79/><G116/><T86/><D40/><U97/><E105/><V34/><F34/><W122/><G122/><T58/><D33/><U80/><E109/><V81/><F81/><W27/><G126/><T21/><REACH who="0" step="1"/><D77/><REACH who="0" ten="146,309,356,179" step="2"/><U48/><E127/><V14/><F134/><W91/><G79/><T39/><D39/><U30/><E42/><V132/><F135/><W56/><G38/><T76/><D76/><U51/><E131/><V9/><F132/><W96/><G37/><T4/><D4/><U62/><E62/><V22/><F6/><W20/><G129/><T32/><D32/><U43/><E43/><V44/><F112/><W72/><G128/><T61/><D61/><U10/><E115/><V41/><F113/><W119/><G119/><T84/><D84/><U36/><E36/><V69/><F114/><W68/><G72/><T29/><AGARI ba="1,1" hai="5,8,15,21,26,29,58,60,66,86,90,93,106,107" machi="29" ten="20,5200,0" yaku="1,1,0,1,7,1,52,1,53,0" doraHai="16" doraHaiUra="123" who="0" fromWho="0" sc="146,65,309,-14,356,-27,179,-14" /><INIT seed="7,0,0,2,3,109" ten="211,295,329,165" oya="3" hai0="31,26,6,49,1,129,81,39,79,17,122,123,19" hai1="30,121,59,24,52,69,48,96,61,74,3,114,66" hai2="47,77,64,112,115,45,94,87,68,91,55,9,34" hai3="105,71,22,88,82,134,124,29,92,18,53,73,23"/><W32/><G71/><T127/><D39/><U43/><E74/><V56/><F34/><W78/><G32/><N who="0" m="20599" /><D49/><U57/><E3/><V10/><F68/><W89/><G105/><T44/><D44/><N who="2" m="16970" /><F64/><W46/><G124/><T90/><D90/><U107/><E57/><V119/><F119/><W118/><G118/><T72/><D19/><U117/><E117/><V83/><F112/><W14/><G134/><T27/><D27/><U95/><E114/><V102/><F102/><W110/><G110/><T65/><D65/><U36/><E121/><N who="0" m="46089" /><D17/><U4/><E4/><V15/><F15/><W51/><G29/><T33/><D33/><N who="1" m="20679" /><E95/><V133/><F133/><W103/><REACH who="3" step="1"/><G23/><REACH who="3" ten="211,295,329,155" step="2"/><T2/><D129/><U93/><E107/><V100/><F115/><W101/><G101/><T130/><D130/><U21/><E21/><V98/><F100/><W120/><G120/><T0/><D127/><U99/><E69/><V13/><F10/><AGARI ba="0,1" hai="0,1,2,6,10,72,79,81" m="46089,20599" machi="10" ten="30,1000,0" yaku="23,1" doraHai="109" who="0" fromWho="2" sc="211,20,295,0,329,-10,155,0" owari="231,-17.0,295,10.0,319,41.0,155,-34.0" /></mjloggm>