<mjloggm ver="2.3"><GO type="171" lobby="0"/><UN n0="%E9%BA%BB%E9%9B%80%E4%B8%96%E7%95%8C" n1="%E3%83%88%E3%83%88%E3%83%AA%E5%85%88%E7%94%9F%31%39%E6%AD%B3" n2="%E3%81%BF%E3%81%A3%E3%81%A4%E3%81%83%EF%BD%9E" n3="%6B%75%72%6F%2A" dan="16,18,17,16" rate="2081.50,2264.36,2147.50,2066.84" sx="M,F,F,M"/><TAIKYOKU oya="0"/><INIT seed="0,0,0,2,5,84" ten="250,250,250,250" oya="0" hai0="105,2,55,38,22,96,62,82,93,78,37,21,3" hai1="124,24,125,10,89,23,65,74,99,14,39,20,36" hai2="94,132,71,104,64,135,130,126,61,54,44,128,16" hai3="117,69,42,45,111,87,6,79,73,33,35,133,98"/><T86/><D105/><U120/><E120/><V26/><F104/><W18/><G69/><T108/><D108/><U115/><E74/><V109/><F26/><W57/><G111/><T75/><D75/><U129/><E65/><V101/><F16/><W85/><G73/><T52/><D2/><U83/><E129/><N who="2" m="49771" /><F101/><W134/><G6/><T118/><D3/><U121/><E121/><V15/><F15/><W41/><G117/><T48/><D37/><U107/><E115/><V110/><F94/><W8/><G98/><T28/><D38/><U97/><E39/><V46/><F126/><N who="1" m="48745" /><E36/><V9/><F9/><W31/><G31/><T119/><D119/><U70/><E70/><V30/><F30/><W112/><G112/><T127/><D118/><U53/><E53/><V50/><F46/><W123/><G45/><T47/><D28/><U80/><E24/><V113/><F113/><W51/><G123/><T122/><D122/><U77/><E77/><V32/><F32/><W0/><G35/><T49/><D127/><U43/><E83/><V90/><F90/><W1/><G33/><T103/><D62/><U131/><E131/><V91/><F91/><W7/><G79/><T13/><D13/><U100/><E89/><V59/><F71/><W66/><G1/><T76/><D78/><U5/><E107/><V4/><F4/><W12/><G0/><T102/><D102/><U60/><E5/><V58/><F58/><AGARI ba="0,0" hai="21,22,47,48,49,52,55,58,76,82,86,93,96,103" machi="58" ten="30,2900,0" yaku="7,1,8,1" doraHai="84" who="0" fromWho="2" sc="250,29,250,0,250,-29,250,0" /><INIT seed="0,1,0,2,3,6" ten="279,250,221,250" oya="0" hai0="63,74,130,9,13,31,12,50,93,123,47,103,16" hai1="56,122,119,27,35,18,135,21,70,99,126,113,15" hai2="117,34,129,86,106,24,2,3,14,124,45,67,51" hai3="88,115,98,78,105,94,95,89,91,7,20,44,120"/><T107/><D123/><U108/><E70/><V109/><F106/><W84/><G7/><T80/><D107/><U128/><E56/><V17/><F109/><W112/><G20/><T33/><D130/><U92/><E108/><V58/><F129/><W66/><G66/><T85/><D74/><U111/><E111/><V110/><F110/><W28/><G28/><T4/><D33/><U82/><E128/><V127/><F117/><W96/><G44/><T55/><D31/><U26/><E119/><V76/><F76/><W64/><G64/><T60/><D93/><U52/><E52/><V102/><F86/><W68/><G68/><T11/><D103/><U121/><E135/><V97/><F24/><W46/><G46/><T87/><D87/><U104/><E104/><N who="2" m="63567" /><F34/><W8/><G120/><T36/><D36/><U75/><E113/><V71/><F58/><W81/><G105/><T125/><D125/><N who="2" m="48202" /><F67/><W42/><G42/><T62/><D62/><U38/><E126/><V132/><F71/><W29/><G29/><T25/><D25/><U79/><E27/><V65/><F65/><W59/><G59/><T30/><D30/><N who="1" m="19927" /><E122/><V49/><F132/><W61/><G61/><T118/><D118/><U54/><E121/><V57/><F57/><W19/><G78/><AGARI ba="1,0" hai="4,9,11,12,13,16,47,50,55,60,63,78,80,85" machi="78" ten="30,11600,0" yaku="7,1,8,1,52,2" doraHai="6" who="0" fromWho="3" sc="279,119,250,0,221,0,250,-119" /><INIT seed="0,2,0,1,4,45" ten="398,250,221,131" oya="0" hai0="50,126,133,48,9,20,135,81,124,70,52,78,75" hai1="33,10,8,68,5,107,15,36,122,134,71,54,0" hai2="4,89,23,19,40,90,47,67,130,123,26,87,99" hai3="105,66,49,93,3,117,25,80,27,57,14,121,30"/><T21/><D70/><U64/><E122/><V38/><F123/><W131/><G3/><T34/><D34/><U72/><E33/><V82/><F130/><W58/><G105/><T74/><D9/><U95/><E107/><V61/><F4/><W12/><G117/><T59/><D75/><U85/><E72/><V55/><F55/><W91/><G131/><T116/><D116/><U97/><E134/><N who="0" m="51209" /><D50/><U111/><E36/><V28/><F99/><W62/><G121/><T125/><AGARI ba="2,0" hai="20,21,48,52,59,74,78,81,124,125,126" m="51209" machi="125" ten="40,7800,0" yaku="18,1,20,1,52,1" doraHai="45" who="0" fromWho="0" sc="398,84,250,-28,221,-28,131,-28" /><INIT seed="0,3,0,5,1,0" ten="482,222,193,103" oya="0" hai0="33,101,69,68,2,61,115,30,70,50,67,104,86" hai1="37,32,76,16,36,46,1,71,34,85,125,17,64" hai2="72,88,7,103,21,55,78,10,47,52,56,22,8" hai3="43,122,100,107,12,128,20,58,83,38,25,59,94"/><T90/><D115/><U129/><E1/><V102/><F72/><W9/><G107/><T93/><D50/><U49/><E71/><V95/><F78/><W133/><G133/><T27/><D2/><U108/><E76/><V18/><F10/><W123/><G128/><T124/><D124/><U75/><E49/><V87/><F47/><W131/><G131/><T42/><D42/><U113/><E129/><V92/><F55/><W135/><G135/><T15/><D15/><U41/><E85/><V3/><F92/><W111/><G111/><T97/><AGARI ba="3,0" hai="27,30,33,61,67,68,69,70,86,90,93,97,101,104" machi="97" ten="30,6000,0" yaku="0,1,25,2" doraHai="0" who="0" fromWho="0" sc="482,69,222,-23,193,-23,103,-23" /><INIT seed="0,4,0,2,1,9" ten="551,199,170,80" oya="0" hai0="130,38,124,89,77,25,48,98,106,23,119,15,62" hai1="44,34,96,107,126,29,49,2,127,42,95,81,20" hai2="17,1,18,120,104,73,93,7,109,4,28,101,40" hai3="118,69,39,128,132,103,12,108,16,75,129,50,91"/><T8/><D38/><U6/><E107/><V27/><F104/><W111/><G39/><T131/><D119/><U85/><E34/><V32/><F73/><W94/><G69/><T5/><D77/><U51/><E2/><V79/><F79/><W72/><G103/><T43/><D124/><U100/><E49/><V122/><F40/><W123/><G50/><T52/><D62/><U68/><E68/><V54/><F54/><W105/><G105/><T61/><D61/><U31/><E6/><V76/><F76/><W55/><G55/><T22/><D43/><U14/><E126/><V64/><F64/><W19/><G118/><T74/><D74/><N who="3" m="28201" /><G19/><N who="2" m="7177" /><F93/><W116/><G116/><T58/><D25/><U134/><E134/><V59/><F59/><W114/><G114/><T24/><D24/><U13/><E127/><V135/><F101/><W83/><G83/><T35/><D35/><U86/><E20/><V45/><F45/><W0/><G0/><T80/><D80/><U84/><REACH who="1" step="1"/><E81/><REACH who="1" ten="551,189,170,80" step="2"/><V121/><F135/><W11/><G132/><T133/><D133/><U92/><E92/><V112/><F7/><W21/><G21/><T33/><D33/><U47/><E47/><V87/><F4/><W57/><G94/><N who="0" m="56655" /><D106/><U10/><E10/><V3/><F112/><W56/><G11/><T125/><D125/><U82/><E82/><V70/><F70/><W60/><G57/><T67/><D23/><U66/><E66/><V26/><F26/><W117/><G56/><N who="0" m="32775" /><D22/><U102/><E102/><V90/><F109/><W41/><G108/><T115/><D115/><U46/><E46/><RYUUKYOKU ba="4,1" sc="551,10,189,10,170,10,80,-30" hai0="5,8,15,58,67,130,131" hai1="13,14,29,31,42,44,51,84,85,86,95,96,100" hai2="1,3,27,28,32,87,90,120,121,122" /><INIT seed="0,5,1,4,3,12" ten="561,199,180,50" oya="0" hai0="32,135,56,17,51,98,131,73,10,16,116,87,99" hai1="19,2,65,52,27,82,46,105,95,113,76,75,43" hai2="44,41,7,124,11,20,8,133,90,71,6,64,81" hai3="94,24,25,26,36,78,127,15,80,3,68,77,37"/><T58/><D32/><U21/><E105/><V38/><F133/><W92/><G3/><T55/><D73/><U101/><E2/><V13/><F124/><W0/><G0/><T39/><D39/><U130/><E130/><V28/><F71/><W110/><G68/><T128/><D116/><U97/><E113/><V60/><F28/><W63/><G127/><T23/><D135/><U91/><E52/><V48/><F20/><W72/><G110/><T103/><D87/><U57/><E57/><N who="2" m="36879" /><F38/><W1/><G1/><T123/><D98/><U118/><E65/><V31/><F31/><W83/><G63/><T126/><D126/><U67/><E67/><V100/><F100/><W121/><G15/><N who="0" m="7287" /><D123/><U88/><REACH who="1" step="1"/><E118/><REACH who="1" ten="561,189,180,50" step="2"/><V134/><F134/><W33/><G121/><T22/><D131/><U35/><E35/><V29/><F44/><W18/><G33/><T102/><D128/><U70/><E70/><V125/><F125/><W9/><G37/><AGARI ba="5,2" hai="19,21,27,37,43,46,75,76,82,88,91,95,97,101" machi="37" ten="30,3900,0" yaku="1,1,7,1,52,1,53,0" doraHai="12" doraHaiUra="119" who="1" fromWho="3" sc="561,0,189,74,180,0,50,-54" owari="561,66.0,263,6.0,180,-22.0,-4,-50.0" /></mjloggm>