<mjloggm ver="2.3"><GO type="169" lobby="0"/><UN n0="%E5%A4%8F%E3%81%AA%E3%81%AE%E3%81%AB" n1="%54%4C%49%43%30%33" n2="%E2%98%85%E6%84%9B%E5%BD%A9%E2%98%85" n3="%E3%82%A6%E3%83%AB%E3%83%88%E3%83%A9%E7%AB%8B%E7%9B%B4" dan="17,17,16,17" rate="2064.17,2177.95,2055.74,2154.62" sx="M,M,F,M"/><TAIKYOKU oya="0"/><INIT seed="0,0,0,0,5,15" ten="250,250,250,250" oya="0" hai0="13,108,91,43,22,127,80,93,46,130,134,67,109" hai1="54,121,5,118,96,8,107,123,112,33,117,124,47" hai2="35,82,21,119,24,34,81,58,111,7,106,89,83" hai3="115,77,20,52,74,135,105,66,133,64,101,32,68"/><T75/><D67/><U84/><E54/><V30/><F106/><W125/><G32/><T36/><D127/><U116/><E47/><V131/><F111/><N who="0" m="42570" /><D130/><U132/><E84/><V11/><F119/><W126/><G68/><T103/><D134/><U60/><E60/><V50/><F89/><W40/><G115/><T90/><D103/><N who="1" m="62951" /><E132/><V78/><F78/><W76/><G101/><T79/><D93/><U114/><E33/><V85/><F85/><W98/><G105/><T27/><D13/><U26/><E26/><V39/><F131/><W73/><G98/><T38/><D36/><U1/><E124/><V16/><F39/><W62/><G66/><T61/><D61/><U56/><E56/><V65/><F30/><AGARI ba="0,0" hai="22,27,30,38,43,46,75,79,80,90,91" m="42570" machi="30" ten="30,2900,0" yaku="14,1,10,1" doraHai="15" who="0" fromWho="2" sc="250,29,250,0,250,-29,250,0" /><INIT seed="0,1,0,0,0,135" ten="279,250,221,250" oya="0" hai0="40,97,30,78,61,105,49,73,54,118,10,58,51" hai1="109,35,117,56,57,107,82,15,125,44,79,91,89" hai2="88,99,22,53,12,27,32,94,70,101,121,74,28" hai3="127,5,110,120,46,114,62,29,98,68,116,83,123"/><T103/><D118/><U60/><E117/><V21/><F70/><W26/><G114/><T2/><D30/><U129/><E35/><V87/><F121/><W11/><G46/><T132/><D132/><U17/><E107/><V45/><F74/><W0/><G83/><T96/><D96/><U124/><E109/><V37/><F12/><W36/><G36/><T64/><D40/><U24/><E24/><V133/><F133/><W113/><G113/><T39/><D39/><U90/><E44/><V25/><F27/><W41/><G41/><T95/><D105/><U131/><E15/><V128/><F128/><N who="1" m="49225" /><E17/><V67/><F67/><N who="3" m="41079" /><G98/><T6/><REACH who="0" step="1"/><D64/><REACH who="0" ten="269,250,221,250" step="2"/><N who="1" m="38919" /><E57/><V84/><F37/><W9/><G116/><T126/><D126/><U71/><E71/><V55/><F28/><W18/><G127/><T112/><D112/><U59/><E59/><V130/><F130/><W7/><G29/><T20/><D20/><U100/><E100/><V85/><F22/><W76/><G123/><T111/><D111/><U4/><E4/><V23/><F21/><N who="3" m="13623" /><G120/><T65/><D65/><U106/><E106/><V42/><F23/><W92/><G110/><T3/><D3/><U13/><E13/><V31/><F101/><W50/><G7/><T1/><D1/><U93/><E93/><V34/><F34/><W38/><G92/><T75/><D75/><AGARI ba="1,1" hai="75,79,82,89,90,91,124,125" m="38919,49225" machi="75" ten="30,3900,0" yaku="19,1,52,2" doraHai="135" who="1" fromWho="0" sc="269,-42,250,52,221,0,250,0" /><INIT seed="1,0,0,1,3,89" ten="227,302,221,250" oya="1" hai0="88,78,87,106,86,84,35,98,36,102,15,60,26" hai1="47,32,69,70,52,117,80,11,123,97,30,2,48" hai2="115,109,34,132,129,128,57,67,8,40,75,42,28" hai3="81,45,54,7,27,134,38,16,74,131,10,95,105"/><U83/><E117/><V111/><F75/><W108/><G105/><T116/><D36/><U93/><E123/><V44/><F8/><W25/><G108/><N who="2" m="41545" /><F28/><W68/><G68/><T12/><D116/><U112/><E112/><V92/><F34/><W51/><G38/><T82/><D60/><U113/><E113/><V29/><F29/><W110/><G110/><T76/><D76/><U104/><E104/><V24/><F24/><W114/><G114/><T135/><D135/><U17/><E83/><V0/><F0/><W61/><G134/><T125/><D125/><U100/><E80/><V90/><F132/><W72/><G131/><N who="2" m="50249" /><F44/><W107/><G107/><T121/><D121/><U64/><E30/><V85/><F115/><W103/><G74/><T94/><D35/><U22/><E32/><V65/><F57/><W53/><G72/><N who="0" m="43335" /><D26/><U33/><E33/><V79/><F79/><W73/><G73/><T19/><D12/><U99/><E2/><V56/><F56/><N who="3" m="34967" /><G7/><T55/><D55/><U120/><E52/><V41/><AGARI ba="0,0" hai="40,41,42,65,67,85,90,92" m="50249,41545" machi="41" ten="40,5200,0" yaku="14,1,19,1,52,1" doraHai="89" who="2" fromWho="2" sc="227,-13,302,-26,221,52,250,-13" /><INIT seed="2,0,0,4,0,52" ten="214,276,273,237" oya="2" hai0="58,29,14,82,56,116,103,24,79,26,106,74,135" hai1="8,10,36,12,40,83,130,22,111,4,71,124,64" hai2="59,39,49,51,70,114,5,63,61,80,122,11,44" hai3="67,69,45,120,90,2,65,87,3,34,28,18,35"/><V132/><F122/><W41/><G120/><T109/><D109/><U119/><E119/><V117/><F117/><W98/><G98/><T128/><D116/><U131/><E111/><V94/><F114/><W6/><G18/><T30/><D128/><N who="1" m="49195" /><E124/><V50/><F80/><W89/><G28/><T88/><D135/><U105/><E105/><V72/><F72/><W125/><G87/><T73/><D14/><U17/><E83/><V31/><F31/><W38/><G45/><T126/><D126/><U134/><E134/><V100/><F70/><W15/><G41/><T108/><D108/><U25/><E10/><V86/><F63/><W115/><G115/><T97/><D74/><U0/><E64/><N who="2" m="38975" /><F39/><W57/><G38/><T13/><D13/><U46/><E71/><V53/><F132/><W16/><G69/><T85/><D29/><U104/><E104/><V127/><F127/><W129/><G125/><T118/><D118/><U55/><E55/><V75/><F75/><W81/><G81/><T66/><D66/><U23/><E23/><V102/><F11/><W123/><G129/><T27/><D30/><U47/><E0/><V37/><F5/><W20/><G6/><T60/><D60/><U101/><E36/><V42/><F37/><W48/><G123/><T95/><AGARI ba="0,0" hai="24,26,27,56,58,73,79,82,85,88,95,97,103,106" machi="95" ten="30,12000,2" yaku="0,1,24,2,52,2,54,1" doraHai="52" who="0" fromWho="0" sc="214,120,276,-30,273,-60,237,-30" /><INIT seed="3,0,0,2,3,127" ten="334,246,213,207" oya="3" hai0="118,91,46,28,104,98,65,24,37,86,60,9,126" hai1="38,2,80,116,128,14,52,123,117,68,96,124,72" hai2="16,102,55,122,79,83,29,115,69,45,61,109,8" hai3="7,90,73,76,77,0,32,27,50,85,4,20,97"/><W3/><G32/><T66/><D126/><U17/><E52/><V35/><F115/><W108/><G108/><T70/><D66/><U48/><E48/><V119/><F109/><W13/><G73/><T30/><D118/><U105/><E14/><V99/><F122/><W58/><G3/><T15/><D46/><U19/><E80/><V100/><F100/><W95/><G0/><T131/><D37/><U25/><E96/><V101/><F101/><W78/><G97/><T135/><D135/><U56/><E25/><V87/><F55/><N who="3" m="32119" /><G13/><T84/><D30/><AGARI ba="0,0" hai="4,7,20,27,30,76,77,78,85,90,95" m="32119" machi="30" ten="30,1500,0" yaku="8,1" doraHai="127" who="3" fromWho="0" sc="334,-15,246,0,213,0,207,15" /><INIT seed="3,1,0,2,0,60" ten="319,246,213,222" oya="3" hai0="133,4,74,63,15,22,69,38,120,102,23,103,101" hai1="70,0,105,67,9,92,12,18,98,31,123,88,117" hai2="90,79,87,2,35,95,62,34,77,106,94,21,29" hai3="48,84,119,17,49,30,75,1,36,78,100,26,7"/><W113/><G113/><T10/><D38/><U5/><E123/><V28/><F106/><W59/><G119/><T46/><D74/><U55/><E117/><V43/><F2/><W41/><G100/><T104/><D104/><U65/><E70/><V3/><F3/><W122/><G122/><T42/><D120/><U82/><E105/><V73/><F73/><W56/><G7/><T80/><D133/><U116/><E116/><V53/><F43/><W134/><G1/><T127/><D127/><U89/><E31/><V11/><F11/><W86/><G36/><T44/><D80/><U61/><E0/><V51/><F62/><W20/><G75/><T81/><D81/><U33/><E33/><V25/><F95/><W37/><G37/><T16/><D42/><U126/><E5/><V114/><F21/><N who="3" m="15695" /><G134/><T64/><REACH who="0" step="1"/><D23/><REACH who="0" ten="309,246,213,222" step="2"/><U52/><E126/><V132/><F132/><W124/><G124/><T93/><D93/><U50/><E82/><V39/><F39/><W121/><G121/><T125/><D125/><U96/><E96/><V112/><F112/><W13/><G78/><T131/><D131/><U8/><E9/><V111/><F114/><W130/><G130/><T57/><D57/><N who="3" m="22089" /><G41/><T54/><D54/><U32/><E32/><V115/><F115/><W6/><G6/><T19/><D19/><U14/><E18/><V91/><F35/><W128/><G128/><T71/><D71/><U129/><E129/><V83/><F34/><W58/><G58/><T76/><D76/><U72/><E72/><V66/><F79/><W99/><G99/><T27/><AGARI ba="1,1" hai="4,10,15,16,22,27,44,46,63,64,69,101,102,103" machi="27" ten="30,12000,2" yaku="1,1,5,1,0,1,52,1,54,1,53,2" doraHai="60" doraHaiUra="40" who="0" fromWho="0" sc="309,133,246,-31,213,-31,222,-61" /><INIT seed="4,0,0,3,3,18" ten="442,215,182,161" oya="0" hai0="69,50,71,114,28,63,79,4,0,56,27,58,8" hai1="76,85,83,95,103,54,112,80,33,84,86,36,2" hai2="88,106,43,73,97,102,129,42,118,123,108,23,128" hai3="5,126,14,48,53,37,81,119,49,66,87,96,78"/><T91/><D79/><N who="1" m="46111" /><E33/><V122/><F108/><W26/><G37/><T117/><D117/><U109/><E36/><V133/><F73/><W40/><G119/><T12/><D0/><U6/><E2/><V115/><F133/><W116/><G116/><T104/><D104/><U111/><E6/><V35/><F35/><W30/><G126/><T101/><D101/><U17/><E17/><V45/><F115/><W100/><G66/><T61/><D114/><U131/><E54/><V75/><F75/><W62/><G40/><T72/><D50/><U110/><E112/><V22/><F118/><W68/><G14/><T51/><D51/><U3/><E3/><V120/><F88/><W16/><G5/><T125/><D125/><U113/><E113/><V59/><F59/><N who="3" m="35183" /><G30/><T52/><D72/><N who="1" m="43399" /><E131/><N who="2" m="50251" /><F43/><W107/><G68/><T77/><D71/><U24/><E24/><V34/><F34/><W94/><G107/><T31/><D27/><U29/><E29/><V9/><F9/><W21/><AGARI ba="0,0" hai="16,21,26,48,49,78,81,87,94,96,100" m="35183" machi="21" ten="30,4000,0" yaku="8,1,52,1,54,1" doraHai="18" who="3" fromWho="3" sc="442,-20,215,-10,182,-10,161,40" /><INIT seed="5,0,0,2,5,37" ten="422,205,172,201" oya="1" hai0="111,5,88,129,102,95,41,105,7,54,73,9,33" hai1="97,100,49,51,2,106,109,72,59,89,70,62,85" hai2="93,108,118,0,4,44,112,91,122,123,55,132,52" hai3="119,128,66,131,29,12,134,64,125,56,74,110,27"/><U40/><E2/><V21/><F108/><W80/><G110/><T20/><D33/><U90/><E70/><V42/><F118/><W13/><G125/><T127/><D73/><U18/><E72/><V79/><F132/><W124/><G124/><T57/><D111/><U84/><E109/><V86/><F112/><W46/><G46/><T35/><D35/><U34/><E34/><V28/><F79/><N who="3" m="44151" /><G134/><T45/><D129/><N who="3" m="49737" /><G119/><T78/><D78/><U43/><E18/><V115/><F115/><W58/><G56/><T114/><D102/><U83/><E51/><V10/><F122/><W65/><G58/><T101/><D101/><U107/><E49/><V1/><F1/><W11/><G11/><T47/><D9/><U22/><E107/><V23/><F123/><W103/><G103/><T39/><D105/><U117/><E22/><AGARI ba="0,0" hai="12,13,22,27,29,64,65,66" m="49737,44151" machi="22" ten="30,1000,0" yaku="19,1" doraHai="37" who="3" fromWho="1" sc="422,0,205,-10,172,0,201,10" /><INIT seed="6,0,0,3,0,14" ten="422,195,172,211" oya="2" hai0="96,5,78,119,68,135,123,94,126,89,12,50,127" hai1="113,59,122,104,129,45,41,109,42,18,101,88,31" hai2="28,79,120,110,19,99,116,17,60,24,102,76,38" hai3="106,29,134,83,35,112,62,40,80,66,8,121,97"/><V61/><F120/><W69/><G121/><T108/><D68/><U111/><E122/><V114/><F116/><W124/><G124/><N who="0" m="47659" /><D108/><U2/><E2/><V77/><F38/><W117/><G117/><T22/><D123/><U6/><E31/><V105/><F114/><W64/><G64/><T43/><D78/><U92/><E6/><V21/><REACH who="2" step="1"/><F110/><REACH who="2" ten="422,195,162,211" step="2"/><W98/><G112/><T133/><D119/><U65/><E113/><V107/><F107/><W47/><G106/><T81/><D135/><U26/><E111/><V93/><F93/><W25/><G134/><T27/><D133/><U132/><E109/><V125/><F125/><W130/><G130/><T49/><D94/><U20/><E132/><V11/><F11/><W86/><G8/><T36/><D36/><U84/><E129/><V75/><F75/><W131/><G131/><T15/><D81/><U7/><E104/><V82/><F82/><W118/><G83/><T23/><D5/><U9/><E7/><V67/><F67/><W34/><G118/><T32/><D32/><U73/><E73/><V44/><F44/><W103/><G35/><T54/><D23/><U71/><E9/><V46/><F46/><W115/><G115/><T33/><D22/><U39/><E39/><V91/><F91/><W74/><G74/><T52/><D89/><U72/><E72/><V58/><F58/><W87/><G80/><T85/><D33/><U37/><E59/><V70/><F70/><W53/><G66/><T16/><D50/><U48/><E37/><V55/><F55/><W57/><G69/><T128/><D128/><RYUUKYOKU ba="0,1" sc="422,-10,195,-10,162,30,211,-10" hai2="17,19,21,24,28,60,61,76,77,79,99,102,105" /><INIT seed="6,1,1,3,1,120" ten="412,185,192,201" oya="2" hai0="8,115,112,96,87,1,47,51,117,25,102,45,76" hai1="108,59,40,7,34,10,48,60,73,41,52,104,74" hai2="131,105,55,62,24,64,6,39,54,109,44,20,119" hai3="70,28,38,107,126,106,19,12,125,103,3,69,79"/><V80/><F119/><W43/><G3/><T32/><D117/><U14/><E34/><V84/><F105/><W133/><G28/><N who="0" m="19471" /><D87/><U50/><E104/><V130/><F6/><W33/><G79/><T111/><D76/><U53/><E108/><V122/><F122/><W68/><G33/><T92/><D111/><U135/><E135/><V90/><F109/><W98/><G107/><T49/><D51/><N who="1" m="19499" /><E74/><V128/><F44/><W94/><G106/><T29/><D49/><N who="1" m="31119" /><E73/><V97/><F39/><W66/><G66/><T75/><D29/><U71/><E71/><N who="2" m="42391" /><F97/><W83/><G133/><T46/><D75/><U56/><AGARI ba="1,1" hai="7,10,14,40,41,53,56,60" m="31119,19499" machi="56" ten="30,2000,0" yaku="8,1,54,1" doraHai="120" who="1" fromWho="1" sc="412,-6,185,33,192,-11,201,-6" /><INIT seed="7,0,0,1,0,3" ten="406,218,181,195" oya="3" hai0="76,24,34,89,55,127,116,135,45,96,36,118,131" hai1="94,87,12,70,112,21,73,86,93,100,63,7,82" hai2="44,49,74,26,51,37,108,84,119,19,14,33,2" hai3="52,71,121,68,42,59,99,95,20,58,39,77,130"/><W80/><G121/><T79/><D127/><U15/><E73/><V103/><F108/><W128/><G42/><T32/><D131/><N who="3" m="50217" /><G39/><T25/><D135/><U102/><E70/><V64/><F119/><W78/><G20/><T133/><D133/><U66/><E82/><V46/><F37/><W117/><G117/><T110/><D110/><U120/><E112/><V125/><F74/><N who="3" m="43063" /><G78/><T65/><D36/><U43/><E43/><V53/><F125/><W47/><G47/><T83/><D45/><U122/><E21/><V69/><F33/><W88/><G59/><T17/><D79/><U27/><E27/><V97/><F26/><W13/><G13/><T81/><D76/><U123/><E123/><V5/><F69/><W23/><G23/><T113/><D25/><U6/><E63/><AGARI ba="0,0" hai="52,58,63,68,71,88,95,99" m="43063,50217" machi="63" ten="30,5800,0" yaku="19,1,54,2" doraHai="3" who="3" fromWho="1" sc="406,0,218,-58,181,0,195,58" /><INIT seed="7,1,0,0,1,24" ten="406,160,181,253" oya="3" hai0="64,108,35,18,82,43,68,114,57,2,13,105,134" hai1="113,36,73,100,111,104,41,60,53,95,89,93,17" hai2="58,121,20,66,118,3,0,120,94,59,42,101,129" hai3="81,77,130,40,45,30,99,80,61,12,102,27,26"/><W119/><G119/><T22/><D105/><U28/><E111/><V91/><F118/><W122/><G122/><N who="2" m="47209" /><F101/><W76/><G12/><T72/><D2/><N who="2" m="554" /><F42/><W11/><G11/><T79/><D108/><U25/><E73/><V74/><F74/><W10/><G10/><T38/><D68/><U55/><E104/><V70/><F129/><W83/><G61/><T92/><D35/><U131/><E131/><V110/><F110/><W49/><G26/><T127/><D127/><U5/><E5/><V98/><F20/><N who="3" m="15719" /><G130/><T44/><D92/><AGARI ba="1,0" hai="40,45,49,76,77,80,81,83,92,99,102" m="15719" machi="92" ten="30,2900,0" yaku="8,1,52,1" doraHai="24" who="3" fromWho="0" sc="406,-32,160,0,181,0,253,32" /><INIT seed="7,2,0,1,3,112" ten="374,160,181,285" oya="3" hai0="10,126,37,131,62,21,94,74,39,135,52,73,51" hai1="96,105,90,54,23,103,46,120,98,59,50,100,30" hai2="60,8,83,93,20,81,95,36,129,31,128,48,13" hai3="114,69,107,72,57,12,91,122,22,111,82,28,113"/><W99/><G69/><T32/><D32/><U71/><E71/><V133/><F36/><W15/><G122/><T77/><D126/><U75/><E75/><V5/><F133/><W43/><G43/><T16/><D135/><U24/><E120/><V109/><F109/><W41/><G41/><T63/><D131/><N who="2" m="50250" /><F60/><W102/><G57/><T35/><D35/><U65/><E90/><V18/><F31/><W29/><G111/><T9/><D74/><U40/><E65/><V53/><F95/><W44/><G44/><T70/><D94/><U118/><E118/><V108/><F93/><W85/><G72/><T7/><D77/><U121/><E121/><V104/><F104/><W56/><G56/><T11/><D73/><U58/><E40/><V89/><F89/><W2/><G2/><T55/><D7/><U4/><REACH who="1" step="1"/><E4/><REACH who="1" ten="374,150,181,285" step="2"/><V125/><F108/><W17/><G114/><T14/><D70/><U42/><E42/><V117/><F125/><W119/><G119/><T80/><D80/><U47/><E47/><N who="2" m="27807" /><F117/><W84/><G113/><T92/><D39/><U76/><E76/><V88/><F88/><W124/><G124/><T1/><D37/><U110/><E110/><V27/><AGARI ba="2,1" hai="5,8,13,18,20,27,81,83" m="27807,50250" machi="27" ten="30,1100,0" yaku="19,1" doraHai="112" who="2" fromWho="2" sc="374,-5,150,-5,181,27,285,-7" owari="369,46.0,145,-35.0,208,-19.0,278,8.0" /></mjloggm>