<mjloggm ver="2.3"><GO type="169" lobby="0"/><UN n0="%68%61%79%61%74%6F%E2%98%86" n1="%E3%83%92%E3%83%AB%E3%83%99%E3%83%AB%E3%83%88" n2="%E5%B0%B1%E6%B4%BB%E7%94%9F%40%E5%B7%9D%E6%9D%91%E8%BB%8D%E5%9B%A3" n3="%E3%81%99%E3%81%9A%E3%82%81%E3%82%AF%E3%83%AC%E3%82%A4%E3%82%B8%E3%83%BC" dan="17,16,17,20" rate="2154.61,2181.63,2164.92,2169.25" sx="M,M,M,M"/><TAIKYOKU oya="0"/><INIT seed="0,0,0,2,0,16" ten="250,250,250,250" oya="0" hai0="47,133,109,96,62,130,12,77,68,64,52,43,22" hai1="98,78,124,9,128,84,66,10,120,8,55,17,88" hai2="53,86,0,2,32,34,51,45,63,79,5,71,94" hai3="110,92,100,56,121,38,95,39,69,70,89,48,18"/><T135/><D77/><U41/><E124/><V7/><F34/><W73/><G73/><T122/><D122/><U25/><E128/><V3/><F32/><W80/><G80/><T126/><D126/><U28/><E120/><V36/><F36/><W19/><G56/><T21/><D130/><U35/><E41/><V101/><F79/><W85/><G48/><N who="0" m="28703" /><D43/><U6/><E66/><V57/><F71/><W111/><G121/><T42/><D42/><U82/><E17/><N who="3" m="6154" /><G100/><T113/><D113/><U76/><E6/><V129/><F129/><W29/><G29/><T23/><D96/><U108/><E108/><N who="3" m="41514" /><G92/><T127/><D127/><U114/><E114/><V37/><F37/><AGARI ba="0,0" hai="37,38,39,69,70,85,89,95" m="41514,6154" machi="37" ten="30,1000,0" yaku="14,1" doraHai="16" who="3" fromWho="2" sc="250,0,250,0,250,-10,250,10" /><INIT seed="1,0,0,4,4,10" ten="250,250,240,260" oya="1" hai0="96,40,32,89,8,13,122,64,39,128,107,69,81" hai1="104,83,16,113,118,103,87,60,84,109,71,134,56" hai2="46,67,63,34,4,11,72,23,19,129,61,100,41" hai3="117,114,121,126,94,85,130,9,76,62,55,0,31"/><U90/><E113/><V17/><F34/><W106/><G106/><T1/><D32/><U88/><E118/><V119/><F72/><W123/><G114/><T5/><D122/><U132/><E71/><V101/><F119/><W111/><G111/><T125/><D125/><U45/><E109/><V75/><F75/><W110/><G126/><T6/><D128/><U25/><E45/><V33/><F33/><W14/><G130/><T52/><D40/><U59/><E103/><V124/><F124/><W54/><G0/><T79/><D39/><U26/><E104/><V37/><F129/><W47/><G117/><T35/><D35/><U95/><E59/><V91/><F91/><W105/><G105/><T70/><D64/><U53/><REACH who="1" step="1"/><E16/><REACH who="1" ten="250,240,240,260" step="2"/><V93/><F17/><W66/><G110/><T112/><D112/><U29/><E29/><V97/><F100/><W48/><G31/><T133/><D133/><AGARI ba="0,1" hai="25,26,53,56,60,83,84,87,88,90,95,132,133,134" machi="133" ten="40,7700,0" yaku="1,1,20,1,54,1,53,0" doraHai="10" doraHaiUra="42" who="1" fromWho="0" sc="250,-77,240,87,240,0,260,0" /><INIT seed="1,1,0,4,1,42" ten="173,327,240,260" oya="1" hai0="80,96,16,9,49,37,45,114,18,40,54,70,23" hai1="79,66,53,112,128,71,107,135,7,101,34,67,19" hai2="12,133,68,46,50,132,115,6,88,77,5,28,39" hai3="24,110,43,94,106,97,58,57,3,35,22,95,13"/><U25/><E112/><V4/><F68/><W63/><G3/><T85/><D114/><U38/><E38/><V27/><F77/><W32/><G110/><T17/><D70/><U98/><E128/><V10/><F39/><W36/><G106/><T87/><D96/><U44/><E135/><N who="2" m="51787" /><F115/><W75/><G13/><T47/><D85/><U76/><E7/><V99/><F27/><W62/><G75/><T131/><D131/><U26/><E26/><V64/><F28/><W108/><G108/><T126/><D126/><U118/><E118/><V120/><F64/><W69/><G69/><T83/><D83/><U119/><E119/><V29/><F29/><W11/><G24/><T129/><D129/><U21/><E34/><V102/><F102/><W15/><G36/><T92/><D92/><U8/><E8/><V103/><F120/><W122/><G11/><T124/><D124/><U60/><REACH who="1" step="1"/><E67/><REACH who="1" ten="173,317,240,260" step="2"/><V117/><F117/><W90/><G35/><T84/><D9/><U51/><AGARI ba="1,1" hai="19,21,25,44,51,53,60,66,71,76,79,98,101,107" machi="51" ten="30,12000,1" yaku="1,1,2,1,0,1,52,1,53,1" doraHai="42" doraHaiUra="20" who="1" fromWho="1" sc="173,-41,317,133,240,-41,260,-41" /><INIT seed="1,2,0,5,3,1" ten="132,450,199,219" oya="1" hai0="24,128,42,77,13,113,95,48,66,22,53,0,55" hai1="29,86,19,71,116,26,122,130,32,96,117,100,31" hai2="63,111,49,2,89,114,109,103,38,67,7,70,6" hai3="82,110,79,20,25,47,11,94,30,15,134,107,93"/><U123/><E86/><V21/><F38/><W120/><G110/><N who="2" m="41993" /><F2/><W102/><G134/><T39/><D0/><U59/><E59/><V64/><F114/><W106/><G120/><N who="1" m="46122" /><E96/><V62/><F103/><W129/><G129/><T17/><D113/><U115/><E100/><V57/><F21/><W69/><G69/><T80/><D128/><U124/><E71/><N who="2" m="42391" /><F89/><W34/><G34/><T5/><D66/><U108/><E108/><V23/><F23/><W127/><G127/><T27/><D95/><U132/><E115/><V44/><F70/><W118/><G102/><T125/><D39/><U92/><E92/><V36/><F36/><W84/><G107/><T76/><D27/><N who="1" m="18495" /><E130/><V50/><F50/><W99/><G99/><T16/><D125/><U105/><E105/><V112/><F112/><W18/><G106/><T83/><D83/><U33/><E124/><V41/><AGARI ba="2,0" hai="6,7,41,44,49,57,63,67" m="42391,41993" machi="41" ten="30,4000,0" yaku="14,1,52,2" doraHai="1" who="2" fromWho="2" sc="132,-12,450,-22,199,46,219,-12" /><INIT seed="2,0,0,4,5,46" ten="120,428,245,207" oya="2" hai0="95,18,105,132,5,104,13,9,54,134,130,72,33" hai1="58,89,88,36,64,97,109,35,26,113,15,34,124" hai2="80,4,48,57,22,20,21,47,10,83,12,127,126" hai3="30,120,28,129,114,77,45,101,68,110,90,3,84"/><V106/><F106/><W125/><G68/><T8/><D33/><U91/><E36/><V66/><F66/><W82/><G3/><T67/><D72/><U61/><E113/><V24/><F57/><W74/><G120/><T19/><D67/><U55/><E124/><V25/><F126/><W75/><G75/><T32/><D32/><U51/><E109/><V93/><F93/><W85/><G110/><T133/><D130/><U86/><E26/><V14/><F14/><W78/><G74/><T94/><D54/><U98/><E86/><V44/><F44/><W131/><G101/><T102/><D95/><U128/><E128/><N who="3" m="49226" /><G114/><T99/><REACH who="0" step="1"/><D19/><REACH who="0" ten="110,428,245,207" step="2"/><U100/><E35/><V56/><F127/><W43/><G125/><T103/><D103/><U39/><E34/><V116/><F116/><W96/><G96/><T38/><D38/><U53/><E39/><V117/><F117/><W71/><G71/><T76/><D76/><N who="3" m="29289" /><G85/><T121/><D121/><U65/><E100/><V79/><F79/><W7/><G7/><T1/><AGARI ba="0,1" hai="1,5,8,9,13,18,94,99,102,104,105,132,133,134" machi="1" ten="30,4000,0" yaku="1,1,0,1,20,1,53,0" doraHai="46" doraHaiUra="60" who="0" fromWho="0" sc="110,50,428,-10,245,-20,207,-10" /><INIT seed="3,0,0,1,4,32" ten="160,418,225,197" oya="3" hai0="26,100,61,112,60,30,59,4,37,21,2,63,48" hai1="103,47,66,83,33,109,96,38,106,43,55,67,44" hai2="23,57,88,101,123,27,9,121,34,0,18,135,28" hai3="20,84,36,117,56,92,58,74,35,10,127,122,29"/><W126/><G122/><N who="2" m="46601" /><F101/><W11/><G74/><T78/><D37/><U49/><E109/><V97/><F57/><N who="3" m="22123" /><G36/><T110/><D112/><U90/><E33/><V41/><F41/><W118/><G35/><T111/><D100/><U120/><E120/><V107/><F107/><W14/><G29/><T115/><D78/><U82/><REACH who="1" step="1"/><E90/><REACH who="1" ten="160,408,225,197" step="2"/><V17/><F135/><W13/><G118/><T50/><D115/><U70/><E70/><V102/><F102/><W40/><G117/><T76/><D76/><U8/><E8/><V95/><F34/><W132/><G132/><T24/><D110/><U75/><E75/><V19/><F9/><W52/><G11/><T15/><D111/><U80/><AGARI ba="0,1" hai="38,43,44,47,49,55,66,67,80,82,83,96,103,106" machi="80" ten="30,2000,0" yaku="1,1,0,1,53,0" doraHai="32" doraHaiUra="89" who="1" fromWho="1" sc="160,-5,408,30,225,-5,197,-10" /><INIT seed="4,0,0,1,5,65" ten="155,438,220,187" oya="0" hai0="56,24,30,55,122,33,40,23,135,108,89,131,14" hai1="53,113,68,78,94,67,120,93,86,51,126,0,38" hai2="110,7,76,70,3,109,10,50,128,124,57,16,42" hai3="43,26,69,91,19,6,61,9,121,103,29,64,73"/><T2/><D122/><U79/><E38/><V133/><F70/><W37/><G121/><T63/><D108/><U112/><E0/><V114/><F114/><N who="1" m="44137" /><E126/><V27/><F76/><N who="1" m="29225" /><E86/><V48/><F48/><W111/><G111/><T127/><D127/><U83/><E83/><V96/><F96/><W15/><G103/><T95/><D135/><U84/><E84/><V49/><F49/><W116/><G116/><T115/><D131/><U102/><E102/><V46/><F133/><W28/><G73/><T34/><D2/><U72/><E72/><V118/><F118/><W117/><G91/><T21/><D115/><U22/><E22/><V32/><F128/><W47/><G117/><T25/><D14/><U4/><E4/><V11/><F124/><W123/><G123/><T132/><D40/><U8/><E8/><V52/><F32/><W77/><G77/><T13/><D13/><U17/><E17/><V92/><F92/><W75/><G75/><T80/><D80/><U39/><E39/><V54/><F11/><W35/><G29/><T20/><D132/><U44/><E120/><V60/><F42/><W41/><G43/><T106/><D106/><U130/><E130/><V62/><REACH who="2" step="1"/><F60/><AGARI ba="0,0" hai="44,51,53,60,67,68,93,94" m="29225,44137" machi="60" ten="30,3900,0" yaku="15,1,11,1,52,1" doraHai="65" who="1" fromWho="2" sc="155,0,438,39,220,-39,187,0" /><INIT seed="5,0,0,4,3,135" ten="155,477,181,187" oya="1" hai0="127,24,9,90,128,52,116,92,59,51,111,43,82" hai1="95,47,91,131,23,42,66,37,80,8,7,113,21" hai2="88,36,114,110,72,125,121,99,46,6,20,78,44" hai3="67,118,22,89,0,49,68,16,5,108,19,50,53"/><U17/><E131/><V27/><F110/><W126/><G108/><T54/><D116/><U65/><E80/><V96/><F121/><W103/><G118/><T56/><D111/><U98/><E113/><V1/><F36/><W14/><G103/><T119/><D119/><U60/><E17/><V117/><F117/><W41/><G0/><T109/><D109/><U29/><E29/><V11/><F114/><W123/><G5/><T79/><D128/><U13/><REACH who="1" step="1"/><E66/><REACH who="1" ten="155,467,181,187" step="2"/><V48/><F72/><W104/><G67/><T30/><D82/><U132/><E132/><V133/><F133/><W87/><G19/><T106/><D79/><U100/><E100/><V2/><F78/><W124/><G123/><T38/><D9/><U62/><E62/><V10/><F88/><W130/><G130/><T74/><D74/><U31/><E31/><V15/><F11/><W93/><G16/><T45/><D106/><U73/><E73/><V107/><F10/><W85/><G89/><T115/><D115/><U57/><AGARI ba="0,1" hai="7,8,13,21,23,37,42,47,57,60,65,91,95,98" machi="57" ten="20,3900,0" yaku="1,1,0,1,7,1,53,0" doraHai="135" doraHaiUra="112" who="1" fromWho="1" sc="155,-13,467,49,181,-13,187,-13" /><INIT seed="5,1,0,4,4,69" ten="142,516,168,174" oya="1" hai0="104,11,83,68,84,81,8,67,79,108,59,89,111" hai1="122,17,118,54,77,37,32,45,58,31,14,98,47" hai2="124,53,128,33,41,78,135,131,2,87,3,26,61" hai3="36,60,30,23,38,66,50,40,29,92,56,28,97"/><U100/><E118/><V43/><F124/><W34/><G34/><T24/><D104/><U6/><E6/><V72/><F72/><W51/><G23/><T88/><D68/><U44/><E77/><V35/><F135/><W125/><G125/><T93/><D24/><U82/><E82/><N who="2" m="47575" /><F53/><W9/><G9/><T106/><D106/><U75/><E75/><V90/><F90/><W134/><G134/><T86/><D108/><U5/><E5/><V74/><F61/><W13/><G13/><T130/><D130/><N who="2" m="49706" /><F74/><W133/><G133/><T46/><D46/><U85/><E85/><V22/><F35/><W0/><G0/><N who="2" m="41" /><F33/><W102/><REACH who="3" step="1"/><G40/><REACH who="3" ten="142,516,168,164" step="2"/><T94/><D111/><U18/><E32/><V42/><F43/><W20/><G20/><T114/><D114/><U64/><E31/><AGARI ba="1,1" hai="22,26,31,41,42" m="41,49706,47575" machi="31" ten="30,1000,0" yaku="19,1" doraHai="69" who="2" fromWho="1" sc="142,0,516,-13,168,23,164,0" /><INIT seed="6,0,0,0,3,78" ten="142,503,191,164" oya="2" hai0="48,99,76,80,111,93,35,127,19,10,25,42,18" hai1="88,38,130,123,7,27,24,71,114,113,110,5,70" hai2="3,15,45,2,95,17,79,37,13,50,9,63,1" hai3="87,6,104,91,26,122,29,133,89,28,47,102,129"/><V34/><F34/><W92/><G122/><T65/><D111/><U21/><E38/><V58/><F37/><W103/><G129/><T66/><D127/><U77/><E77/><V85/><F13/><W8/><G133/><T64/><D35/><U128/><E123/><V39/><F39/><W135/><G135/><T132/><D132/><U125/><E125/><V60/><F58/><W72/><G72/><T53/><D42/><U98/><E98/><V115/><F115/><N who="1" m="44041" /><E88/><V67/><F67/><W109/><G104/><T59/><D25/><N who="1" m="9803" /><E21/><V75/><F75/><W82/><G28/><T40/><D40/><U117/><E117/><V81/><REACH who="2" step="1"/><F95/><REACH who="2" ten="142,503,181,164" step="2"/><W41/><G109/><T68/><D68/><N who="1" m="26155" /><E110/><V12/><F12/><W11/><G26/><T31/><D10/><U97/><E97/><V96/><F96/><N who="3" m="57375" /><G29/><T107/><D31/><U74/><E74/><V101/><F101/><N who="3" m="38411" /><G6/><AGARI ba="0,1" hai="5,6,7,128,130" m="26155,9803,44041" machi="6" ten="40,5200,0" yaku="28,2,15,1" doraHai="78" who="1" fromWho="3" sc="142,0,503,62,181,0,164,-52" /><INIT seed="7,0,0,0,4,54" ten="142,565,181,112" oya="3" hai0="10,60,40,134,89,0,103,55,30,8,113,127,75" hai1="34,70,126,95,20,105,128,53,5,67,66,56,24" hai2="36,119,12,98,71,17,109,42,74,124,52,43,90" hai3="1,79,37,58,97,85,61,46,73,63,129,132,59"/><W16/><G73/><T13/><D75/><U108/><E105/><V117/><F71/><W18/><G1/><T11/><D103/><U104/><E104/><V94/><F74/><W33/><G33/><T32/><D40/><U112/><E34/><V100/><F109/><W62/><G37/><T14/><D89/><U3/><E70/><V57/><F124/><W2/><G2/><T81/><D81/><U78/><E78/><V87/><F36/><W114/><G114/><T21/><D60/><U9/><E108/><V6/><F6/><W92/><G46/><T111/><D55/><U101/><E126/><V125/><F125/><W7/><G7/><N who="0" m="1127" /><D127/><U77/><E77/><V47/><F47/><W86/><G129/><T15/><D113/><U44/><E128/><V110/><F110/><W116/><G132/><T88/><D88/><U31/><E44/><V102/><F119/><W120/><G120/><T49/><D49/><U27/><E27/><V91/><F91/><N who="3" m="55455" /><G116/><T72/><D72/><U38/><E38/><V130/><F130/><W25/><G25/><N who="0" m="18511" /><D111/><U26/><E26/><V121/><F121/><W50/><G50/><T45/><D45/><U76/><E76/><V65/><F117/><W93/><G93/><T22/><D134/><U51/><E112/><V123/><F123/><W99/><G99/><T64/><D64/><U29/><E29/><V19/><F102/><W83/><G86/><T48/><D48/><U106/><E106/><V96/><F100/><W133/><G133/><T122/><D122/><U68/><E68/><V118/><F118/><W41/><G41/><RYUUKYOKU ba="0,0" sc="142,10,565,10,181,-30,112,10" hai0="10,11,13,14,15,21,22" hai1="3,5,9,20,24,31,51,53,56,66,67,95,101" hai3="16,18,58,59,61,62,63,79,83,85" /><INIT seed="7,1,0,4,2,132" ten="152,575,151,122" oya="3" hai0="4,111,35,82,106,93,31,99,126,108,39,13,112" hai1="90,15,125,7,44,22,96,135,133,118,1,11,9" hai2="8,45,10,123,27,14,51,131,23,74,103,124,36" hai3="92,101,41,42,18,60,87,5,98,61,95,97,62"/><W28/><G5/><T72/><D106/><U25/><E118/><V84/><F124/><W71/><G71/><T78/><D39/><U59/><E125/><V24/><F74/><W65/><G65/><T20/><D126/><U12/><E59/><V6/><F36/><W19/><G28/><T2/><D112/><U91/><E44/><V68/><F68/><W80/><G42/><T128/><D128/><U134/><E96/><V40/><F131/><W75/><G75/><T26/><D2/><U110/><E110/><V107/><F123/><W73/><G73/><T49/><D49/><U54/><E54/><V47/><F47/><W77/><REACH who="3" step="1"/><G41/><REACH who="3" ten="152,575,151,112" step="2"/><T129/><D129/><U50/><E1/><V48/><F40/><W127/><G127/><T33/><D111/><U109/><E109/><V57/><F6/><W16/><G16/><T56/><D108/><U30/><E50/><V17/><F51/><W119/><G119/><T38/><D72/><U81/><E81/><V115/><F57/><W0/><G0/><T94/><D56/><U105/><E105/><V53/><F115/><W117/><G117/><T29/><D82/><U46/><E46/><V120/><F120/><W70/><G70/><T43/><D43/><U63/><E63/><V89/><F107/><W32/><G32/><T102/><D35/><U76/><E76/><V52/><F53/><W34/><G34/><T58/><D33/><U130/><E130/><V83/><F103/><AGARI ba="1,1" hai="18,19,60,61,62,77,80,87,92,95,97,98,101,103" machi="103" ten="40,7700,0" yaku="1,1,9,1,8,1,53,0" doraHai="132" doraHaiUra="121" who="3" fromWho="2" sc="152,0,575,0,151,-80,112,90" /><INIT seed="7,2,0,4,0,61" ten="152,575,71,202" oya="3" hai0="134,52,102,53,119,135,66,116,34,84,120,93,100" hai1="94,113,6,126,73,27,31,64,4,106,38,28,20" hai2="68,108,59,62,79,43,60,96,32,127,15,85,129" hai3="46,39,90,42,109,37,14,65,86,112,49,101,128"/><W0/><G0/><T24/><D84/><U5/><E106/><V23/><F108/><W122/><G122/><T19/><D93/><U97/><E73/><V95/><F32/><W107/><G112/><T124/><D19/><U9/><E38/><V104/><F129/><W76/><G76/><T55/><D120/><U30/><E126/><V26/><F127/><W69/><G128/><T25/><D124/><U130/><E130/><V114/><F114/><W81/><G109/><T13/><D13/><N who="1" m="5287" /><E64/><V105/><F15/><W88/><G90/><T115/><D66/><U83/><E83/><V40/><F105/><W18/><G65/><T131/><D131/><U57/><E57/><V77/><F104/><W118/><G69/><T1/><D1/><U22/><E22/><V99/><F68/><W103/><G118/><N who="0" m="45099" /><D34/><U21/><E21/><V78/><F62/><W48/><G39/><T8/><D8/><U11/><E11/><V29/><F85/><W111/><G111/><T75/><D75/><U89/><E113/><V110/><F110/><W35/><G35/><T98/><D115/><U87/><E87/><V54/><REACH who="2" step="1"/><F99/><REACH who="2" ten="152,575,61,202" step="2"/><W36/><G107/><T63/><D98/><U91/><E91/><V45/><F45/><W47/><G103/><N who="0" m="39467" /><D63/><U74/><E74/><V33/><F33/><W70/><G101/><T56/><D56/><U7/><AGARI ba="2,1" hai="5,6,7,20,27,28,30,31,89,94,97" m="5287" machi="7" ten="30,1100,0" yaku="8,1" doraHai="61" who="1" fromWho="1" sc="152,-5,575,27,61,-5,202,-7" owari="147,-25.0,602,69.0,56,-44.0,195,0.0" /></mjloggm>