<mjloggm ver="2.3"><GO type="169" lobby="0"/><UN n0="%E6%9D%8E%E7%A9%8E%E8%97%8D" n1="%69%6B%65%69%6B%65%69" n2="%6D%75%6B%69%74%74%69" n3="%E3%82%A6%E3%83%AB%E3%83%88%E3%83%A9%E7%AB%8B%E7%9B%B4" dan="16,17,16,18" rate="2140.75,2195.15,2039.42,2208.85" sx="M,M,M,M"/><TAIKYOKU oya="0"/><INIT seed="0,0,0,2,3,58" ten="250,250,250,250" oya="0" hai0="63,31,72,117,123,14,67,46,16,130,131,8,41" hai1="90,129,20,79,32,23,35,43,66,105,50,51,1" hai2="13,40,111,53,80,68,94,36,75,74,44,37,106" hai3="112,121,18,102,33,88,82,39,76,71,95,113,77"/><T47/><D123/><U81/><E1/><V56/><F106/><W135/><G39/><T133/><D117/><U103/><E90/><V99/><F68/><W28/><G18/><T83/><D31/><U2/><E2/><V15/><F37/><W9/><G9/><T128/><D133/><U34/><E66/><V110/><F15/><W91/><G33/><T78/><REACH who="0" step="1"/><D41/><REACH who="0" ten="240,250,250,250" step="2"/><U85/><E43/><V57/><F40/><W97/><G28/><T45/><D45/><U122/><E122/><V126/><F44/><W101/><G121/><T108/><D108/><U96/><REACH who="1" step="1"/><E129/><REACH who="1" ten="240,240,250,250" step="2"/><V60/><F111/><W12/><G135/><T87/><D87/><U55/><E55/><V38/><F53/><W93/><G113/><T48/><D48/><AGARI ba="0,2" hai="20,23,32,34,35,48,50,51,79,81,85,96,103,105" machi="48" ten="40,1300,0" yaku="1,1,53,0" doraHai="58" doraHaiUra="118" who="1" fromWho="0" sc="240,-13,240,33,250,0,250,0" /><INIT seed="1,0,0,3,3,129" ten="227,273,250,250" oya="1" hai0="8,60,29,62,2,98,83,61,105,128,107,91,121" hai1="20,78,108,79,126,97,112,72,116,16,73,117,52" hai2="131,118,36,74,47,127,70,43,41,22,64,85,57" hai3="102,35,58,3,123,0,122,59,132,7,25,40,77"/><U115/><E20/><V90/><F74/><N who="1" m="28777" /><E16/><V101/><F118/><N who="1" m="45673" /><E52/><V119/><F119/><W12/><G77/><N who="1" m="29194" /><E126/><V109/><F127/><W88/><G58/><T18/><D29/><U4/><E4/><V48/><F57/><W104/><G59/><T30/><D30/><U111/><E97/><V130/><F43/><W100/><G40/><T26/><D98/><U11/><E11/><V65/><F41/><W6/><G12/><T55/><D55/><U110/><AGARI ba="0,0" hai="108,110,111,112,115" m="29194,45673,28777" machi="110" ten="40,18000,2" yaku="28,2,14,1,10,1,34,2" doraHai="129" who="1" fromWho="1" sc="227,-60,273,180,250,-60,250,-60" /><INIT seed="1,1,0,0,3,134" ten="167,453,190,190" oya="1" hai0="32,3,11,129,133,73,62,114,83,33,25,52,111" hai1="132,50,77,76,121,74,123,7,37,104,119,71,26" hai2="12,126,90,86,70,56,72,127,91,131,23,100,60" hai3="105,54,99,92,108,87,48,116,49,118,5,106,59"/><U47/><E71/><V53/><F72/><W82/><G5/><T34/><D114/><U14/><E37/><V128/><F100/><W112/><G112/><T110/><D133/><U120/><E119/><N who="3" m="45610" /><G49/><T65/><D129/><N who="2" m="49738" /><F70/><W98/><G108/><N who="0" m="41515" /><D52/><U93/><E104/><N who="3" m="40042" /><G92/><T2/><D25/><U29/><E93/><N who="2" m="54487" /><F91/><AGARI ba="1,0" hai="48,54,59,82,87,91,98,99" m="40042,45610" machi="91" ten="30,1000,0" yaku="12,1" doraHai="134" who="3" fromWho="2" sc="167,0,453,0,190,-13,190,13" /><INIT seed="2,0,0,5,1,129" ten="167,453,177,203" oya="2" hai0="21,67,55,84,14,20,114,64,62,54,98,89,130" hai1="12,18,101,40,94,122,52,31,112,72,17,104,4" hai2="87,135,6,65,97,117,68,60,70,39,48,57,0" hai3="90,10,58,34,75,50,13,35,106,11,121,47,15"/><V63/><F117/><W73/><G106/><T120/><D120/><U107/><E40/><V81/><F39/><W111/><G58/><T8/><D114/><U85/><E72/><V100/><F0/><W76/><G111/><T44/><D130/><U83/><E31/><V88/><F6/><W19/><G121/><T102/><D98/><N who="1" m="59607" /><E104/><V115/><F115/><W74/><G90/><T1/><D1/><U132/><E107/><V124/><F124/><W28/><G76/><T38/><D102/><U78/><E4/><V118/><F118/><W66/><G66/><N who="0" m="25131" /><D38/><U33/><E33/><V77/><F77/><W3/><G3/><T80/><D62/><U7/><E7/><V24/><F24/><W93/><G93/><T95/><D95/><U105/><E105/><V123/><F123/><W37/><G37/><T96/><D96/><U134/><E112/><V92/><F135/><N who="1" m="51753" /><E122/><V116/><F116/><W128/><G28/><T71/><D84/><U86/><E85/><V126/><F126/><W51/><G74/><T99/><D99/><U91/><E78/><V26/><F87/><W127/><G127/><T22/><D89/><U5/><E52/><V46/><F97/><W43/><G75/><T27/><D55/><U23/><E23/><V103/><F88/><W61/><G73/><T69/><D54/><U30/><E30/><V82/><F103/><W59/><G35/><T36/><D21/><U53/><E53/><V41/><F100/><W108/><G34/><T113/><D22/><U133/><N who="1" m="51761" /><U32/><DORA hai="109" /><E32/><V56/><F41/><W49/><G43/><RYUUKYOKU ba="0,0" sc="167,-10,453,30,177,-10,203,-10" hai1="5,12,17,18,83,86,91" /><INIT seed="3,1,0,0,1,65" ten="157,483,167,193" oya="3" hai0="37,122,117,129,100,6,72,104,81,54,98,85,27" hai1="52,62,128,49,59,115,92,99,79,67,109,125,89" hai2="108,29,21,20,19,77,126,10,94,124,11,74,33" hai3="93,118,1,5,18,23,35,111,2,102,86,55,24"/><W4/><G118/><T17/><D117/><U107/><E109/><V47/><F108/><W103/><G111/><T12/><D122/><U82/><E115/><V64/><F33/><W38/><G38/><T105/><D72/><U91/><E128/><V134/><F29/><W87/><G35/><T127/><D37/><U120/><E125/><N who="2" m="48235" /><F134/><W40/><G40/><T13/><D127/><U25/><E25/><N who="2" m="14495" /><F64/><W26/><G55/><T7/><D105/><U61/><E120/><V44/><F21/><N who="3" m="13367" /><G1/><T53/><D129/><U45/><E107/><V48/><F94/><W56/><G56/><T123/><D123/><U9/><E9/><N who="2" m="3083" /><F48/><W75/><G2/><T8/><D27/><U57/><E99/><V30/><F30/><N who="3" m="17759" /><G75/><T16/><D7/><N who="3" m="2633" /><G93/><T46/><D13/><U63/><E92/><V135/><F135/><W110/><G110/><T51/><REACH who="0" step="1"/><D53/><REACH who="0" ten="147,483,167,193" step="2"/><N who="1" m="29871" /><E62/><V95/><F95/><W114/><G114/><T41/><D41/><U32/><E32/><V60/><F60/><W15/><G15/><T80/><D80/><AGARI ba="1,1" hai="44,47,74,77,80" m="3083,14495,48235" machi="80" ten="30,1000,0" yaku="18,1" doraHai="65" who="2" fromWho="0" sc="147,-13,483,0,167,23,193,0" /><INIT seed="4,0,0,3,1,85" ten="134,483,190,193" oya="0" hai0="132,80,88,3,68,112,54,81,133,82,48,135,47" hai1="35,10,59,2,92,26,58,6,106,77,117,57,69" hai2="90,37,11,125,0,40,15,103,30,44,115,45,87" hai3="65,107,130,96,134,46,39,49,55,98,72,18,83"/><T16/><D68/><U27/><E106/><V108/><F108/><W91/><G130/><T86/><D3/><U127/><E69/><V25/><F0/><W21/><G134/><T19/><D112/><U66/><E117/><V114/><F103/><W5/><G5/><T74/><D74/><U62/><E127/><V76/><F76/><W20/><G65/><T111/><D111/><U123/><E123/><V8/><F45/><W29/><G107/><T128/><D128/><U31/><E77/><V53/><F53/><W116/><G116/><T71/><D71/><U34/><E92/><AGARI ba="0,0" hai="16,19,47,48,54,80,81,82,86,88,92,132,133,135" machi="92" ten="50,12000,1" yaku="20,1,52,1,54,2" doraHai="85" who="0" fromWho="1" sc="134,120,483,-120,190,0,193,0" /><INIT seed="4,1,0,5,3,73" ten="254,363,190,193" oya="0" hai0="76,30,74,6,97,100,58,28,84,110,93,103,37" hai1="53,118,31,8,19,106,25,116,46,87,65,43,42" hai2="15,70,72,4,36,1,52,108,59,115,45,89,130" hai3="122,129,101,112,134,67,24,27,32,126,56,12,48"/><T40/><D74/><U29/><E106/><V16/><F108/><W17/><G126/><T79/><D110/><U49/><E116/><V0/><F70/><W102/><G129/><T9/><D103/><U22/><E118/><V63/><F130/><W83/><G112/><T39/><D39/><U75/><E75/><V113/><F72/><W54/><G134/><T85/><D37/><U61/><E87/><N who="0" m="33353" /><D40/><N who="1" m="15403" /><E8/><N who="2" m="6247" /><F36/><W35/><G122/><T88/><D100/><U55/><E65/><V104/><F104/><W51/><G67/><T62/><D9/><U114/><E114/><N who="2" m="43531" /><F4/><W95/><G35/><T21/><D6/><U10/><E10/><V91/><F45/><W71/><G32/><T44/><D44/><U131/><E131/><V11/><F11/><W117/><G71/><T99/><D99/><U33/><E33/><V26/><F26/><W120/><G27/><N who="0" m="16495" /><D30/><U96/><E96/><V68/><F68/><W86/><G24/><T41/><D41/><U121/><E121/><V92/><F92/><W109/><G95/><T111/><D111/><U7/><E7/><V81/><F81/><W5/><G5/><T57/><D57/><AGARI ba="1,0" hai="19,22,25,29,31,46,49,53,55,57,61" m="15403" machi="57" ten="30,1000,0" yaku="8,1" doraHai="73" who="1" fromWho="0" sc="254,-13,363,13,190,0,193,0" /><INIT seed="5,0,0,2,3,22" ten="241,376,190,193" oya="1" hai0="30,37,70,51,133,54,17,16,75,74,113,72,69" hai1="112,120,102,32,123,57,21,106,55,109,56,79,122" hai2="91,12,67,29,96,130,10,60,43,18,68,107,26" hai3="124,2,9,82,3,28,40,20,87,0,127,23,65"/><U41/><E32/><V44/><F130/><W94/><G40/><T13/><D37/><U114/><E79/><V80/><F80/><W59/><G94/><T73/><D30/><U47/><E106/><V97/><F91/><W19/><G59/><T101/><D113/><N who="1" m="43627" /><E102/><V27/><F107/><W95/><G65/><T98/><D133/><U31/><E21/><V48/><REACH who="2" step="1"/><F27/><REACH who="2" ten="241,376,180,193" step="2"/><N who="3" m="16487" /><G95/><T110/><D101/><U58/><E109/><V100/><F100/><W118/><G82/><T14/><D110/><U52/><E31/><V63/><F63/><W53/><G87/><T121/><D75/><U99/><E99/><V1/><F1/><W129/><G129/><T36/><D98/><U134/><E134/><V33/><AGARI ba="0,1" hai="10,12,18,26,29,33,43,44,48,60,67,68,96,97" machi="33" ten="20,8000,1" yaku="1,1,0,1,7,1,52,1,53,1" doraHai="22" doraHaiUra="6" who="2" fromWho="2" sc="241,-20,376,-40,180,90,193,-20" /><INIT seed="6,0,0,2,4,120" ten="221,336,270,173" oya="2" hai0="8,52,111,124,13,130,61,73,93,43,42,109,70" hai1="65,39,12,72,135,58,104,83,60,17,67,51,33" hai2="119,121,28,9,87,80,1,47,44,68,108,85,6" hai3="54,15,63,97,133,107,99,18,14,117,106,57,40"/><V131/><F121/><W114/><G117/><T24/><D73/><U84/><E72/><V123/><F123/><W32/><G32/><T115/><D115/><U41/><E39/><V55/><F119/><W59/><G114/><T26/><D124/><U71/><E33/><V118/><F118/><W11/><G133/><T74/><D74/><U86/><E104/><V56/><F68/><W95/><G40/><T3/><D3/><U35/><E35/><V45/><F131/><W0/><G0/><T78/><D78/><U21/><E135/><V38/><F38/><W53/><G97/><T50/><D130/><U122/><E122/><V66/><F66/><W100/><REACH who="3" step="1"/><G15/><REACH who="3" ten="221,336,270,163" step="2"/><T79/><D43/><U69/><E71/><V127/><F1/><W101/><G101/><T88/><D42/><U30/><E69/><V110/><F127/><W96/><G96/><T89/><D70/><U105/><E41/><V22/><F87/><W125/><G125/><T46/><D13/><U98/><E84/><V82/><F85/><W37/><G37/><T102/><D102/><U75/><E86/><V2/><F28/><W10/><G10/><T64/><D8/><U92/><E30/><V132/><F132/><W36/><G36/><T20/><D89/><U5/><E98/><V62/><REACH who="2" step="1"/><F22/><REACH who="2" ten="221,336,260,163" step="2"/><W77/><G77/><T23/><D79/><N who="1" m="44543" /><E21/><V112/><F112/><W129/><G129/><T29/><D23/><U4/><E65/><V116/><F116/><W134/><G134/><T113/><D113/><U25/><E67/><V16/><F16/><W76/><G76/><T7/><D64/><RYUUKYOKU ba="0,2" sc="221,-15,336,-15,260,15,163,15" hai2="2,6,9,44,45,47,55,56,62,80,82,108,110" hai3="11,14,18,53,54,57,59,63,95,99,100,106,107" /><INIT seed="6,1,2,1,3,57" ten="206,321,275,178" oya="2" hai0="107,96,41,91,122,112,106,5,104,16,44,111,48" hai1="11,8,62,61,79,17,24,52,116,56,109,117,55" hai2="23,97,66,28,82,114,132,118,80,37,64,76,120" hai3="105,35,74,123,27,42,88,38,67,71,20,25,59"/><V19/><F118/><W121/><G74/><T135/><D111/><U94/><E109/><V131/><F120/><W134/><G59/><T92/><D122/><N who="3" m="46601" /><G88/><T73/><D73/><U29/><E79/><V98/><F37/><W54/><G54/><T125/><D5/><U33/><E11/><V63/><F114/><W4/><G20/><T95/><D112/><U30/><E29/><V85/><F28/><N who="3" m="19855" /><G27/><T75/><D75/><U32/><E33/><V119/><F23/><W45/><G4/><T46/><D125/><U10/><E8/><V124/><F124/><W126/><G126/><T101/><D135/><U69/><E94/><V31/><F132/><W22/><G22/><T39/><D16/><U1/><E55/><V115/><F19/><W78/><G78/><T113/><D113/><U18/><E18/><V133/><F115/><W100/><G134/><T87/><D95/><U68/><E68/><V47/><F76/><W130/><G130/><T60/><D60/><U9/><E9/><V84/><F63/><N who="3" m="40447" /><G100/><T50/><D50/><U72/><E72/><V99/><F133/><W6/><G6/><T77/><D77/><U93/><E93/><V2/><F131/><W12/><G12/><T58/><D58/><U65/><REACH who="1" step="1"/><E17/><REACH who="1" ten="206,311,275,178" step="2"/><V83/><F119/><W15/><G15/><T40/><AGARI ba="1,3" hai="39,40,41,44,46,48,87,91,92,96,101,104,106,107" machi="40" ten="20,1500,0" yaku="0,1,7,1" doraHai="57" who="0" fromWho="0" sc="206,48,311,-5,275,-8,178,-5" /><INIT seed="7,0,0,4,4,70" ten="254,306,267,173" oya="3" hai0="126,83,108,121,87,131,10,18,97,74,114,111,11" hai1="63,4,54,100,80,32,85,101,52,77,55,0,12" hai2="21,7,6,41,40,24,132,106,27,79,73,109,134" hai3="37,103,104,36,120,1,90,78,3,102,5,76,68"/><W42/><G68/><T2/><D121/><U64/><E32/><V26/><F109/><W58/><G42/><N who="2" m="16489" /><F106/><W123/><G90/><T45/><D74/><U56/><E0/><N who="3" m="74" /><G58/><T65/><D65/><U129/><E129/><V39/><F39/><N who="3" m="14923" /><G5/><N who="2" m="1545" /><F79/><N who="3" m="30251" /><G104/><T59/><D59/><U118/><E118/><V57/><F57/><W29/><G29/><T130/><D2/><U119/><E119/><V47/><F47/><W16/><G16/><T13/><D45/><U14/><E14/><V17/><F73/><W62/><G62/><T53/><D13/><U86/><E86/><V124/><F124/><W34/><G34/><T31/><D126/><U69/><E69/><V38/><F38/><W96/><G96/><T48/><D97/><U107/><E107/><V115/><F115/><W35/><G35/><T25/><D114/><U8/><AGARI ba="0,0" hai="4,8,12,52,54,55,56,63,64,77,80,85,100,101" machi="8" ten="30,4000,0" yaku="0,1,8,1,54,1" doraHai="70" who="1" fromWho="1" sc="254,-10,306,40,267,-10,173,-20" owari="244,-16.0,346,45.0,257,6.0,153,-35.0" /></mjloggm>