<mjloggm ver="2.3"><GO type="225" lobby="0"/><UN n0="%E3%82%A6%E3%83%AB%E3%83%88%E3%83%A9%E7%AB%8B%E7%9B%B4" n1="%E3%81%8F%E3%81%A0%E3%81%8A" n2="%E6%B3%95%E6%94%BF%E5%A4%A7%E5%AD%A6%EF%BC%93%E5%B9%B4" n3="%E5%AE%AE%E5%AD%90" dan="17,16,16,16" rate="2170.48,2141.29,2148.37,2076.99" sx="M,M,M,M"/><TAIKYOKU oya="0"/><INIT seed="0,0,0,0,1,2" ten="250,250,250,250" oya="0" hai0="68,67,87,15,76,130,6,7,33,52,45,30,21" hai1="84,54,117,41,8,105,23,32,86,24,42,121,66" hai2="51,34,79,29,46,113,114,106,75,127,48,85,18" hai3="126,53,82,135,12,99,111,20,92,60,91,102,14"/><T38/><D33/><U93/><E105/><V61/><F75/><W55/><G111/><T72/><D72/><U110/><E32/><V95/><F106/><W97/><G126/><T122/><D122/><U22/><E117/><V63/><F127/><W70/><G135/><T27/><D68/><U31/><E121/><V13/><F29/><W39/><G39/><T128/><D67/><U90/><E110/><V28/><F28/><W71/><G71/><T65/><D65/><U81/><E66/><V40/><F34/><W50/><G70/><T35/><D35/><U101/><E8/><V107/><F107/><W56/><G99/><T73/><D15/><U43/><E22/><V58/><F48/><W17/><G82/><N who="0" m="47559" /><D73/><U94/><E101/><V115/><F58/><N who="3" m="33079" /><G102/><T74/><D74/><U9/><E9/><V11/><F95/><W37/><G37/><T123/><D123/><U26/><E26/><AGARI ba="0,0" hai="12,14,17,20,26,55,56,60,91,92,97" m="33079" machi="26" ten="30,2000,0" yaku="25,1,8,1" doraHai="2" who="3" fromWho="1" sc="250,0,250,-20,250,0,250,20" /><INIT seed="1,0,0,3,1,31" ten="250,230,250,270" oya="1" hai0="51,69,88,47,95,132,117,77,24,90,37,91,129" hai1="32,23,97,63,13,3,110,84,35,65,119,42,135" hai2="11,27,130,87,108,55,75,58,72,18,21,1,19" hai3="71,101,74,49,105,38,7,76,20,26,36,4,44"/><U66/><E119/><V115/><F108/><W118/><G71/><T85/><D37/><U6/><E110/><V78/><F130/><W92/><G105/><T59/><D69/><U93/><E42/><V113/><F87/><W45/><G118/><T39/><D39/><U80/><E135/><V89/><F89/><W107/><G107/><T116/><D116/><U82/><E3/><V56/><F56/><W46/><G49/><T28/><D117/><U50/><E50/><V60/><F78/><W94/><G38/><T57/><D129/><U131/><E131/><V126/><F126/><W109/><G36/><T12/><D12/><U99/><E66/><V48/><F60/><W86/><G74/><T114/><D114/><U83/><E84/><V79/><F79/><W122/><G122/><T10/><D10/><U33/><E93/><N who="3" m="35946" /><G101/><T70/><D70/><U104/><E104/><V64/><F64/><W22/><G109/><T15/><D95/><U40/><E40/><V41/><F41/><W73/><G73/><T134/><D85/><U123/><E123/><V96/><F96/><W100/><G100/><T0/><D0/><U5/><E5/><N who="3" m="2122" /><G26/><T16/><D132/><U29/><E6/><V17/><F1/><W125/><G125/><T62/><D134/><U30/><E30/><N who="2" m="17775" /><F11/><W67/><G67/><T25/><D51/><U43/><E43/><V121/><F121/><W14/><G76/><T111/><D77/><U9/><E9/><V128/><F128/><W103/><G86/><T8/><D111/><U81/><N who="1" m="20480" /><DORA hai="98" /><U68/><E29/><V106/><F106/><RYUUKYOKU ba="0,0" sc="250,-15,230,15,250,15,270,-15" hai1="13,23,32,33,35,63,65,68,97,99" hai2="17,18,19,48,55,58,72,75,113,115" /><INIT seed="1,1,0,3,0,74" ten="235,245,265,255" oya="1" hai0="5,108,14,82,50,110,46,3,47,109,111,32,128" hai1="117,133,68,39,54,64,7,101,119,33,94,112,28" hai2="23,36,43,76,90,91,78,131,57,10,16,129,31" hai3="75,120,20,125,30,103,6,122,102,29,69,99,37"/><U130/><E112/><V22/><F10/><W88/><G69/><T8/><D32/><U77/><E39/><V61/><F31/><W44/><G75/><T71/><D71/><U89/><E101/><V79/><F43/><W26/><G125/><T123/><D128/><N who="2" m="49226" /><F36/><W56/><G30/><T96/><N who="0" m="27648" /><DORA hai="9" /><T87/><D123/><U42/><E42/><V124/><F124/><W62/><G6/><T72/><D96/><U67/><E130/><V58/><F23/><W104/><G102/><T25/><D25/><U127/><E127/><V1/><F1/><W27/><G27/><T97/><D97/><U70/><E28/><V73/><F73/><W15/><G15/><T118/><D118/><U81/><E33/><V98/><F98/><W53/><G37/><T51/><D72/><U18/><E7/><V100/><F100/><W92/><REACH who="3" step="1"/><G44/><REACH who="3" ten="235,245,265,245" step="2"/><N who="0" m="16939" /><D3/><U86/><E70/><V35/><F35/><W12/><G12/><T132/><D132/><U85/><E68/><V45/><F45/><W38/><G38/><T134/><D134/><U21/><E133/><V121/><F121/><W49/><G49/><T24/><D24/><N who="1" m="14391" /><E119/><V4/><F4/><W0/><G0/><T59/><D59/><N who="2" m="22538" /><F61/><W55/><G55/><T105/><D105/><U11/><E117/><V126/><F126/><W95/><G95/><T115/><D115/><U113/><E113/><V19/><F19/><W60/><G60/><T114/><D114/><U13/><E54/><V41/><F41/><W65/><G65/><T80/><D80/><U107/><E107/><V84/><F16/><W135/><G135/><RYUUKYOKU ba="1,1" sc="235,10,245,10,265,-30,245,10" hai0="5,8,14,50,51,82,87" hai1="11,13,64,67,77,81,85,86,89,94" hai3="20,26,29,53,56,62,88,92,99,103,104,120,122" /><INIT seed="1,2,1,3,3,129" ten="245,255,235,255" oya="1" hai0="96,87,38,53,32,112,113,1,124,128,85,19,126" hai1="130,84,86,59,78,134,104,3,33,46,40,82,51" hai2="92,123,36,94,133,8,27,0,81,30,11,106,116" hai3="95,23,22,90,41,15,73,131,125,43,119,9,135"/><U117/><E117/><V35/><F106/><W89/><G131/><T2/><D128/><U132/><E130/><V26/><F116/><W120/><G120/><T75/><D75/><U4/><E104/><V70/><F70/><W100/><G73/><T103/><D53/><U98/><E33/><V50/><F36/><W48/><G125/><N who="0" m="48235" /><D19/><U64/><E98/><V101/><F123/><W16/><G135/><N who="1" m="51754" /><E3/><V61/><F0/><N who="0" m="106" /><D38/><U105/><E105/><V71/><F133/><W54/><G119/><T37/><D37/><N who="1" m="21775" /><E4/><V110/><F35/><W79/><G79/><T83/><D32/><U14/><E14/><V10/><F27/><W49/><G100/><T127/><N who="0" m="48243" /><T80/><DORA hai="5" /><D87/><N who="1" m="48599" /><E64/><V31/><F26/><W115/><G90/><N who="0" m="51495" /><D83/><U118/><E118/><V76/><F81/><W99/><G89/><T44/><D96/><U18/><E18/><V93/><F76/><W68/><G99/><T72/><D103/><U52/><AGARI ba="2,1" hai="51,52,59,84,86" m="48599,21775,51754" machi="52" ten="30,12000,1" yaku="20,1,52,3,54,1" doraHai="129,5" who="1" fromWho="1" sc="245,-42,255,136,235,-42,255,-42" /><INIT seed="1,3,0,3,2,24" ten="203,391,193,213" oya="1" hai0="13,30,102,92,11,33,124,90,98,97,108,60,58" hai1="126,8,57,134,71,83,75,62,135,46,54,51,81" hai2="131,72,106,43,76,28,50,39,80,59,16,17,89" hai3="88,32,105,100,49,31,38,125,2,94,61,79,68"/><U129/><E71/><V112/><F106/><W29/><G38/><T0/><D0/><U78/><E129/><V9/><F131/><W15/><G2/><T107/><D108/><U66/><E126/><V113/><F39/><W132/><G125/><T101/><D124/><U21/><E8/><V123/><F123/><W84/><G132/><T35/><D90/><U53/><E81/><V109/><F109/><W116/><G116/><T119/><D30/><N who="3" m="11273" /><G68/><T133/><D133/><N who="1" m="50699" /><E21/><V87/><F28/><W82/><G32/><T69/><D69/><U95/><E95/><N who="2" m="54719" /><F9/><W73/><G49/><T27/><D27/><U10/><E10/><V34/><F34/><W23/><G61/><T121/><D121/><U65/><AGARI ba="3,0" hai="46,51,53,54,57,62,65,66,75,78,83" m="50699" machi="65" ten="30,1500,0" yaku="20,1" doraHai="24" who="1" fromWho="1" sc="203,-8,391,24,193,-8,213,-8" /><INIT seed="1,4,0,5,1,12" ten="195,415,185,205" oya="1" hai0="41,75,95,82,125,78,71,38,29,3,8,116,22" hai1="79,65,73,31,60,59,52,55,69,56,98,66,117" hai2="23,40,133,68,61,25,86,48,57,51,58,104,45" hai3="62,10,33,37,24,131,17,81,27,15,32,85,5"/><U72/><E117/><V130/><F104/><W21/><G37/><T76/><D71/><U124/><E124/><V43/><F130/><W63/><G131/><T35/><D78/><U115/><E115/><V121/><F121/><W105/><G105/><T16/><D95/><U39/><E39/><V26/><F133/><W84/><G84/><T134/><D134/><U83/><E31/><V88/><F68/><W122/><G122/><T127/><D116/><U70/><E73/><V94/><F61/><W89/><REACH who="3" step="1"/><G27/><REACH who="3" ten="195,415,185,195" step="2"/><N who="0" m="18879" /><D38/><U1/><E72/><V80/><F26/><W11/><G11/><T19/><D8/><U100/><E98/><V128/><F128/><W101/><G101/><T67/><D125/><U42/><E100/><V111/><F111/><W18/><G18/><T77/><D16/><U9/><E9/><V28/><F94/><W113/><G113/><T91/><D19/><U126/><E126/><V135/><F135/><W102/><G102/><T20/><D75/><U110/><E110/><V96/><F96/><W50/><G50/><T87/><D127/><U93/><E93/><V129/><F129/><W99/><G99/><T7/><D87/><U132/><E132/><V123/><F123/><W44/><G44/><AGARI ba="4,1" hai="23,25,28,40,43,44,45,48,51,57,58,80,86,88" machi="44" ten="40,5200,0" yaku="9,1,8,1,54,1" doraHai="12" who="2" fromWho="3" sc="195,0,415,0,185,74,195,-64" /><INIT seed="2,0,0,5,1,130" ten="195,415,259,131" oya="2" hai0="85,2,125,10,82,129,99,37,70,97,87,25,55" hai1="18,31,21,12,41,111,38,40,73,0,120,89,115" hai2="131,1,16,33,90,43,66,121,8,30,104,123,74" hai3="11,77,24,45,50,84,78,102,93,83,3,76,53"/><V26/><F104/><W128/><G128/><T98/><D129/><U108/><E115/><V81/><F131/><W6/><REACH who="3" step="1"/><G24/><REACH who="3" ten="195,415,259,121" step="2"/><T135/><D25/><N who="1" m="16815" /><E111/><V56/><F26/><W15/><G15/><T23/><D2/><U44/><E12/><V110/><F1/><W54/><G54/><T107/><D55/><U60/><E0/><V5/><F121/><W119/><G119/><T109/><D109/><U27/><E120/><V39/><F123/><W51/><G51/><T65/><D37/><U48/><E48/><V113/><F39/><W75/><G75/><T32/><D125/><U72/><E73/><V67/><F74/><W103/><G103/><T114/><D114/><U122/><E72/><V94/><F110/><W34/><G34/><T46/><D32/><U116/><E27/><V101/><F33/><W126/><G126/><T17/><D65/><U63/><E108/><V36/><F101/><W4/><G4/><T9/><D17/><U14/><E18/><V68/><F16/><W100/><G100/><T71/><D9/><U61/><E116/><V112/><F5/><W29/><G29/><T69/><D10/><U132/><E14/><V59/><F30/><W58/><G58/><N who="2" m="22057" /><F8/><W13/><G13/><T7/><D7/><U134/><E122/><V64/><F112/><W91/><G91/><T92/><D23/><U96/><E89/><V105/><F113/><W127/><G127/><T117/><D117/><U42/><E38/><V47/><F36/><W35/><G35/><T118/><D118/><U80/><E41/><V19/><F43/><W79/><G79/><RYUUKYOKU ba="0,1" sc="195,-10,415,-10,259,-10,121,30" hai3="3,6,11,45,50,53,76,77,78,83,84,93,102" /><INIT seed="3,1,1,2,1,29" ten="185,405,249,151" oya="3" hai0="113,135,67,51,62,46,54,4,108,38,122,42,97" hai1="82,120,68,23,79,116,64,28,111,76,53,115,74" hai2="134,109,96,125,90,126,15,83,92,27,87,130,91" hai3="3,128,44,114,49,103,16,107,123,40,6,133,124"/><W21/><G123/><T34/><D34/><U36/><E115/><V26/><F109/><W33/><G114/><T13/><D113/><U32/><E23/><V85/><F130/><W43/><G128/><T18/><D122/><U24/><E53/><V12/><F96/><W93/><G107/><T30/><D30/><U2/><E79/><V66/><F66/><W101/><G124/><N who="2" m="47721" /><F134/><W63/><G133/><T119/><D135/><U60/><E111/><V22/><F27/><W121/><G121/><T8/><D108/><U89/><E89/><V52/><F52/><N who="3" m="29735" /><G33/><T58/><D97/><U99/><E99/><V84/><F84/><W65/><G3/><T5/><D119/><U7/><E120/><V127/><F127/><W37/><G6/><T50/><D38/><U61/><E61/><V10/><F10/><W100/><G37/><T72/><D72/><U56/><E56/><AGARI ba="1,1" hai="4,5,8,13,18,42,46,50,51,54,56,58,62,67" machi="56" ten="30,2000,0" yaku="7,1,8,1" doraHai="29" who="0" fromWho="1" sc="185,33,405,-23,249,0,151,0" owari="218,-18.0,382,48.0,249,5.0,151,-35.0" /></mjloggm>