<mjloggm ver="2.3"><GO type="169" lobby="0"/><UN n0="%E3%81%BE%E3%81%99%E3%81%8F%E3%81%AF%E3%81%8C%E3%81%97" n1="%57%6F%6D%62%61%74" n2="%E6%96%B0%E4%B8%96%E7%95%8C%E3%81%AE%E7%B4%99" n3="%E5%B0%B1%E6%B4%BB%E7%94%9F%40%E5%B7%9D%E6%9D%91%E8%BB%8D%E5%9B%A3" dan="17,16,17,17" rate="2140.76,2106.13,2191.07,2167.76" sx="M,M,F,M"/><TAIKYOKU oya="0"/><INIT seed="0,0,0,0,4,73" ten="250,250,250,250" oya="0" hai0="2,70,118,40,104,23,8,43,58,28,117,131,112" hai1="88,113,37,127,47,93,15,41,69,35,97,129,19" hai2="103,87,10,18,29,27,32,102,85,132,14,38,16" hai3="36,134,94,99,55,22,83,82,34,84,65,122,72"/><T26/><D70/><U61/><E35/><V7/><F38/><W64/><G34/><T68/><D68/><U63/><E129/><V6/><F132/><W46/><G122/><T92/><D104/><U115/><E127/><V114/><F114/><W52/><G134/><T109/><D112/><N who="1" m="43083" /><E69/><V74/><F74/><W86/><G72/><T13/><D131/><U62/><E62/><V57/><F57/><W128/><G36/><T100/><D2/><U79/><E79/><V3/><F18/><W106/><G106/><T120/><D120/><U126/><E126/><V56/><F56/><W133/><G133/><T67/><D109/><U95/><E93/><V123/><F7/><W45/><G128/><T54/><D118/><U119/><E119/><V125/><F125/><W66/><G22/><AGARI ba="0,0" hai="15,19,22,37,41,47,61,63,88,95,97" m="43083" machi="22" ten="30,2000,0" yaku="11,1,54,1" doraHai="73" who="1" fromWho="3" sc="250,0,250,20,250,0,250,-20" /><INIT seed="1,0,0,0,3,0" ten="250,270,250,230" oya="1" hai0="30,101,105,5,23,76,15,51,130,79,116,36,2" hai1="3,52,66,100,112,68,29,125,73,95,74,111,122" hai2="28,4,83,57,34,44,61,35,132,121,88,41,77" hai3="89,27,123,80,31,50,22,65,131,37,40,93,118"/><U126/><E122/><V120/><F132/><W48/><G123/><T7/><D36/><U90/><E112/><V86/><F35/><W11/><G118/><T43/><D2/><U92/><E100/><V33/><F34/><W96/><G131/><T21/><D116/><U113/><E113/><V24/><F77/><N who="0" m="29770" /><D105/><U38/><E38/><V110/><F110/><W69/><G69/><T71/><D71/><U75/><E66/><V54/><REACH who="2" step="1"/><F4/><REACH who="2" ten="250,270,240,230" step="2"/><W102/><G37/><AGARI ba="0,1" hai="24,28,33,37,41,44,54,57,61,83,86,88,120,121" machi="37" ten="30,7700,0" yaku="1,1,2,1,7,1,54,1,53,0" doraHai="0" doraHaiUra="108" who="2" fromWho="3" sc="250,0,270,0,240,87,230,-77" /><INIT seed="2,0,0,4,3,128" ten="250,270,327,153" oya="2" hai0="122,73,62,45,20,12,5,31,130,2,115,108,78" hai1="113,33,89,51,4,7,110,68,103,83,19,125,55" hai2="56,80,88,70,36,85,0,132,17,114,21,41,134" hai3="23,126,86,98,101,25,94,109,90,29,92,15,76"/><V117/><F70/><W77/><G109/><T71/><D122/><U57/><E113/><V1/><F114/><W96/><G126/><T16/><D115/><U119/><E110/><V100/><F117/><W106/><REACH who="3" step="1"/><G15/><REACH who="3" ten="250,270,327,143" step="2"/><T63/><D108/><U50/><E125/><V93/><F1/><W54/><G54/><T46/><D2/><U26/><E55/><V75/><F0/><W52/><G52/><T42/><D12/><U116/><E119/><V74/><F41/><W97/><G97/><T27/><D42/><U112/><E116/><V13/><F36/><W91/><AGARI ba="0,1" hai="23,25,29,76,77,86,90,91,92,94,96,98,101,106" machi="91" ten="20,2700,0" yaku="1,1,0,1,7,1,53,0" doraHai="128" doraHaiUra="105" who="3" fromWho="3" sc="250,-7,270,-7,327,-13,143,37" /><INIT seed="3,0,0,5,5,122" ten="243,263,314,180" oya="3" hai0="37,106,65,26,108,21,96,127,75,15,128,91,66" hai1="5,8,130,90,80,9,35,44,3,6,123,69,107" hai2="78,33,112,20,28,135,39,31,71,110,115,89,45" hai3="14,109,56,74,12,102,19,88,50,51,29,34,57"/><W134/><G74/><T68/><D37/><U17/><E69/><V131/><F71/><W13/><G134/><T113/><D75/><U129/><E107/><V99/><F78/><W101/><G34/><T116/><D116/><U25/><E44/><V18/><F89/><W55/><G29/><N who="2" m="11337" /><F99/><W46/><G109/><T60/><D66/><U4/><E123/><V95/><F95/><W93/><G19/><T98/><D108/><U84/><E35/><V121/><F45/><W87/><REACH who="3" step="1"/><G57/><REACH who="3" ten="243,263,314,170" step="2"/><T0/><D68/><U124/><E124/><V32/><F110/><W47/><G47/><T97/><D127/><U2/><E6/><V41/><F135/><W114/><G114/><T22/><D113/><U73/><E73/><V126/><F126/><W23/><G23/><AGARI ba="0,1" hai="2,3,4,5,8,9,17,23,25,80,84,90,129,130" machi="23" ten="40,1300,0" yaku="9,1" doraHai="122" who="1" fromWho="3" sc="243,0,263,23,314,0,170,-13" /><INIT seed="4,0,0,5,3,2" ten="243,286,314,157" oya="0" hai0="117,80,135,60,63,126,39,66,86,104,62,58,84" hai1="132,92,30,96,29,79,102,41,120,115,122,53,78" hai2="131,109,7,98,40,85,13,43,108,125,127,87,106" hai3="72,81,54,71,128,105,55,59,82,26,12,113,68"/><T97/><D117/><U76/><E132/><V49/><F106/><W11/><G105/><T94/><D104/><U47/><E53/><V107/><F131/><W110/><G128/><T14/><D39/><U83/><E83/><V74/><F74/><W121/><G110/><T32/><D32/><U22/><E115/><V88/><F108/><W75/><G26/><T27/><D135/><U9/><E9/><N who="2" m="4287" /><F109/><W36/><G36/><T73/><D73/><U67/><E67/><V95/><F107/><W89/><G113/><T38/><D38/><U93/><E92/><N who="2" m="54303" /><F85/><W48/><G121/><T45/><D86/><U28/><REACH who="1" step="1"/><E22/><REACH who="1" ten="243,276,314,157" step="2"/><V123/><F123/><W23/><G81/><T119/><D66/><U64/><E64/><V57/><F127/><W70/><G72/><T18/><D126/><U91/><E91/><N who="2" m="55679" /><F125/><W5/><G75/><T17/><D119/><U24/><E24/><V15/><F15/><W37/><G82/><T129/><D129/><U77/><N who="1" m="19456" /><DORA hai="51" /><U46/><E46/><V42/><F57/><W35/><G89/><N who="0" m="55503" /><D45/><AGARI ba="0,1" hai="40,42,43,45,49" m="55679,54303,4287" machi="45" ten="30,3900,0" yaku="8,1,52,1,54,1" doraHai="2,51" who="2" fromWho="0" sc="243,-39,276,0,314,49,157,0" /><INIT seed="5,0,0,2,1,17" ten="204,276,363,157" oya="1" hai0="117,46,108,50,87,101,55,59,113,69,26,76,93" hai1="28,75,51,4,67,31,12,135,95,78,122,54,97" hai2="43,96,36,29,53,66,88,105,68,23,85,62,14" hai3="100,119,70,86,16,129,103,52,115,79,11,39,90"/><U58/><E122/><V3/><F3/><W63/><G39/><T41/><D69/><U81/><E135/><V32/><F32/><W126/><G115/><T7/><D108/><U130/><E130/><V107/><F96/><W5/><G129/><T112/><D117/><U48/><E48/><V127/><F127/><W110/><G110/><T21/><D7/><U6/><E67/><V60/><F43/><W106/><G126/><T123/><D123/><U13/><E4/><V10/><F36/><W98/><G119/><T94/><D76/><U34/><E34/><V18/><F53/><W64/><G79/><T30/><D87/><U0/><E0/><V61/><F105/><W84/><G100/><T83/><D83/><U89/><REACH who="1" step="1"/><E13/><REACH who="1" ten="204,266,363,157" step="2"/><V44/><F66/><W22/><G52/><T38/><D101/><U116/><E116/><V120/><F68/><W72/><G72/><T104/><D104/><U111/><E111/><V37/><F107/><W125/><G125/><T128/><D128/><U99/><E99/><V71/><F71/><W92/><G5/><T42/><D41/><U33/><E33/><V91/><F120/><W102/><G11/><AGARI ba="0,1" hai="6,11,12,28,31,51,54,58,75,78,81,89,95,97" machi="11" ten="40,3900,0" yaku="1,1,53,1" doraHai="17" doraHaiUra="1" who="1" fromWho="3" sc="204,0,266,49,363,0,157,-39" /><INIT seed="5,1,0,0,0,20" ten="204,315,363,118" oya="1" hai0="15,35,1,6,116,24,56,59,134,4,105,122,52" hai1="70,82,114,16,76,43,19,18,103,21,69,28,120" hai2="57,23,119,41,133,62,84,67,124,72,13,81,0" hai3="80,78,113,55,49,73,83,95,108,126,30,46,129"/><U131/><E120/><V22/><F0/><W117/><G108/><T53/><D105/><U29/><E114/><V40/><F72/><W27/><G113/><T5/><D1/><U26/><E131/><V86/><F119/><W65/><G117/><T112/><D112/><U128/><E128/><V63/><F124/><W127/><G129/><T94/><D134/><U132/><E132/><V130/><F133/><W64/><G83/><T90/><D116/><U50/><E103/><V25/><F130/><W14/><G14/><T111/><D111/><U97/><E97/><V96/><F96/><W110/><G110/><T68/><D68/><U74/><REACH who="1" step="1"/><E29/><REACH who="1" ten="204,305,363,118" step="2"/><N who="2" m="17591" /><F86/><W121/><G121/><T37/><D122/><U99/><E99/><V91/><F63/><W54/><G126/><T10/><D6/><U7/><E7/><V36/><F36/><W33/><G127/><T60/><D37/><U8/><E8/><V101/><F101/><W98/><REACH who="3" step="1"/><G54/><REACH who="3" ten="204,305,363,108" step="2"/><T31/><D5/><U93/><E93/><V48/><F81/><W106/><G106/><T100/><D53/><U77/><E77/><V47/><F40/><W75/><G75/><T87/><D52/><U44/><AGARI ba="1,2" hai="16,18,19,21,26,28,43,44,50,69,70,74,76,82" machi="44" ten="30,11700,0" yaku="1,1,0,1,52,1,54,1,53,0" doraHai="20" doraHaiUra="89" who="1" fromWho="1" sc="204,-40,305,140,363,-40,108,-40" /><INIT seed="5,2,0,5,2,10" ten="164,445,323,68" oya="1" hai0="78,122,28,67,16,131,51,109,19,130,77,113,119" hai1="2,99,69,105,41,81,68,29,37,14,63,75,104" hai2="44,55,88,30,73,61,52,111,32,20,114,36,7" hai3="85,39,45,126,118,35,34,70,107,124,42,80,13"/><U121/><E2/><V87/><F111/><W33/><G107/><T83/><D109/><U95/><E29/><V15/><F73/><W94/><G70/><T49/><D119/><U18/><E121/><V97/><F32/><W96/><G118/><T60/><D122/><U98/><E41/><V91/><F36/><W106/><G106/><T93/><D28/><U129/><E37/><V65/><F114/><W38/><G38/><T3/><D3/><U117/><E129/><N who="0" m="49161" /><D93/><U76/><E117/><V128/><F128/><W56/><G56/><N who="0" m="37255" /><D113/><U54/><E69/><V110/><F110/><W27/><G27/><T108/><D78/><U120/><E120/><V90/><F97/><W64/><G64/><T116/><D116/><U53/><E99/><V134/><F90/><W8/><G94/><T25/><D108/><U11/><E68/><V23/><F91/><W31/><G96/><T21/><D19/><U92/><E92/><V71/><F30/><W123/><G31/><T86/><AGARI ba="2,0" hai="16,21,25,49,51,77,83,86" m="37255,49161" machi="86" ten="30,2000,0" yaku="19,1,54,1" doraHai="10" who="0" fromWho="0" sc="164,26,445,-12,323,-7,68,-7" /><INIT seed="6,0,0,4,1,92" ten="190,433,316,61" oya="2" hai0="45,74,37,24,22,8,134,19,43,29,15,16,26" hai1="23,6,98,116,77,57,5,128,59,89,39,64,123" hai2="30,69,109,3,2,58,104,119,94,51,76,72,131" hai3="25,105,17,28,31,50,117,87,38,97,18,68,4"/><V106/><F69/><W127/><G38/><T71/><D134/><U93/><E116/><V112/><F119/><W113/><G117/><T54/><D74/><U65/><E39/><V124/><F30/><W56/><G68/><T33/><D71/><U82/><E128/><V84/><F51/><W36/><G36/><T132/><D132/><U118/><E118/><V103/><F58/><N who="1" m="22025" /><E23/><V47/><F47/><W11/><G127/><T79/><D79/><U114/><E114/><V95/><F3/><W115/><G87/><T91/><D91/><U61/><E61/><V81/><F2/><W122/><G122/><T90/><D90/><U125/><E125/><V66/><F66/><N who="1" m="25705" /><E123/><V55/><F124/><W35/><G56/><T108/><REACH who="0" step="1"/><D54/><REACH who="0" ten="180,433,316,61" step="2"/><U48/><E77/><V62/><F55/><W27/><G50/><T46/><D46/><U12/><E48/><V60/><F72/><W135/><G135/><T96/><D96/><U9/><E82/><V7/><F62/><W70/><G70/><T78/><D78/><U121/><E121/><V14/><F60/><W49/><G49/><T130/><D130/><U34/><E34/><V73/><F131/><W110/><G110/><AGARI ba="0,1" hai="8,15,16,19,22,24,26,29,33,37,43,45,108,110" machi="110" ten="40,2600,0" yaku="1,1,54,1,53,0" doraHai="92" doraHaiUra="44" who="0" fromWho="3" sc="180,36,433,0,316,0,61,-26" /><INIT seed="7,0,0,2,4,51" ten="216,433,316,35" oya="3" hai0="90,23,58,104,11,70,25,79,8,36,123,117,131" hai1="42,57,73,100,34,96,3,105,66,85,5,83,93" hai2="39,84,2,133,111,46,64,13,115,21,130,97,26" hai3="114,88,69,44,45,106,56,12,28,14,129,37,6"/><W89/><G69/><T95/><D70/><U87/><E34/><V15/><F2/><W112/><G106/><T127/><D104/><U74/><E42/><V86/><F64/><W122/><G122/><T110/><D110/><U22/><E22/><V32/><F32/><W75/><G75/><T78/><D36/><U61/><E5/><V17/><F111/><W4/><G37/><T20/><D131/><U55/><E3/><V54/><F39/><W33/><G56/><T16/><D127/><U77/><E66/><V103/><F133/><W109/><G33/><T10/><D123/><U76/><E93/><V125/><F125/><W9/><G109/><T128/><D128/><U7/><E7/><V71/><F71/><W18/><G129/><T67/><D117/><U59/><E57/><V102/><F102/><W65/><G65/><T47/><D47/><U132/><E132/><V52/><F46/><W27/><G27/><N who="0" m="14727" /><D58/><U62/><E61/><V94/><F130/><W35/><G35/><T91/><D91/><U41/><E41/><V30/><F103/><W72/><G72/><T101/><D101/><U80/><AGARI ba="0,0" hai="55,59,62,73,74,76,77,80,83,85,87,96,100,105" machi="80" ten="30,4000,0" yaku="0,1,9,1,52,1" doraHai="51" who="1" fromWho="1" sc="216,-10,433,40,316,-10,35,-20" owari="206,-19.0,473,56.0,306,11.0,15,-48.0" /></mjloggm>