<mjloggm ver="2.3"><GO type="169" lobby="0"/><UN n0="%E2%91%A3%E3%82%BB%E3%83%B3%E3%83%81" n1="%EF%BC%A0%E3%81%8F%E3%82%8D%E3%81%AD%E3%81%93%E3%81%A9%E3%83%BC%EF%BC%A0" n2="%E3%83%88%E3%83%88%E3%83%AA%E5%85%88%E7%94%9F%31%39%E6%AD%B3" n3="%74%61%6B%61%79%79%79%79" dan="18,16,18,16" rate="2232.93,2147.57,2225.02,2120.26" sx="M,M,F,M"/><TAIKYOKU oya="0"/><INIT seed="0,0,0,4,3,113" ten="250,250,250,250" oya="0" hai0="132,74,108,48,1,83,58,41,6,86,22,134,103" hai1="98,4,112,2,21,63,65,85,25,117,30,130,23" hai2="118,127,15,38,88,102,126,64,129,128,121,59,0" hai3="34,75,26,19,76,3,110,55,47,29,133,36,96"/><T99/><D74/><U42/><E112/><V72/><F0/><W124/><G110/><T14/><D1/><U87/><E130/><N who="2" m="50283" /><F38/><W109/><G124/><N who="2" m="47657" /><F121/><W32/><G109/><T116/><D108/><U46/><E117/><V123/><F123/><W12/><G96/><T44/><D58/><U68/><E21/><V17/><F72/><W79/><G34/><T53/><D53/><U120/><E120/><V27/><F102/><W49/><G75/><T60/><D60/><U66/><E66/><V105/><F105/><W106/><G106/><T91/><D116/><U11/><REACH who="1" step="1"/><E98/><REACH who="1" ten="250,240,250,250" step="2"/><V89/><F118/><W111/><G111/><T61/><D22/><U77/><E77/><V33/><F33/><W97/><G79/><T125/><D125/><U7/><E7/><V13/><F27/><W28/><G26/><T35/><D35/><U101/><E101/><V57/><F64/><W54/><G32/><T5/><D5/><U131/><E131/><V51/><F17/><W62/><G19/><T70/><D103/><U10/><E10/><V80/><F89/><W82/><G76/><T43/><D99/><U37/><AGARI ba="0,1" hai="2,4,11,23,25,30,37,42,46,63,65,68,85,87" machi="37" ten="20,5200,0" yaku="1,1,0,1,7,1,53,1" doraHai="113" doraHaiUra="71" who="1" fromWho="1" sc="250,-26,240,62,250,-13,250,-13" /><INIT seed="1,0,0,0,3,112" ten="224,302,237,237" oya="1" hai0="68,133,63,5,14,72,48,52,106,71,125,7,80" hai1="49,132,83,86,67,16,46,23,8,58,110,124,41" hai2="62,84,2,57,59,129,130,96,122,93,94,104,102" hai3="70,117,95,22,42,19,114,100,89,4,6,103,26"/><U10/><E124/><V64/><F122/><W66/><G114/><T43/><D106/><U76/><E132/><V92/><F2/><W81/><G42/><T37/><D133/><U11/><E110/><V44/><F44/><W33/><G33/><T115/><D115/><U39/><E39/><V35/><F35/><W0/><G81/><T99/><D125/><U24/><E58/><V73/><F73/><W45/><G45/><T40/><D99/><U78/><REACH who="1" step="1"/><E67/><REACH who="1" ten="224,292,237,237" step="2"/><V127/><F127/><W29/><G66/><T98/><D37/><U20/><E20/><V47/><F59/><W101/><G22/><T79/><D71/><U90/><AGARI ba="0,1" hai="8,10,11,16,23,24,41,46,49,76,78,83,86,90" machi="90" ten="30,11700,0" yaku="1,1,0,1,8,1,54,1,53,0" doraHai="112" doraHaiUra="31" who="1" fromWho="1" sc="224,-39,292,127,237,-39,237,-39" /><INIT seed="1,1,0,2,1,20" ten="185,419,198,198" oya="1" hai0="23,57,119,86,78,17,106,129,37,91,92,111,104" hai1="63,84,22,125,97,46,130,117,105,49,24,19,79" hai2="74,39,2,134,51,6,88,69,120,36,127,108,89" hai3="31,122,82,71,5,8,4,66,126,75,59,76,114"/><U61/><E117/><V45/><F120/><W33/><G122/><T90/><D119/><U135/><E135/><V115/><F69/><W3/><G114/><T1/><D1/><U40/><E130/><V26/><F74/><W65/><G5/><T27/><D129/><U41/><E125/><V47/><F127/><W112/><G112/><T62/><D37/><U9/><E41/><V42/><F115/><W21/><G126/><T121/><D121/><U15/><E105/><V64/><F64/><W81/><G81/><T131/><D131/><U16/><E97/><V52/><F134/><W95/><G71/><T14/><D111/><U56/><E56/><V132/><F132/><W113/><G113/><T99/><D78/><U85/><E79/><V116/><F116/><W94/><G21/><T54/><D14/><U118/><E118/><V10/><F108/><W25/><G66/><T93/><AGARI ba="1,0" hai="17,23,27,54,57,62,86,90,91,92,93,99,104,106" machi="93" ten="20,8000,1" yaku="0,1,7,1,25,2,52,1" doraHai="20" who="0" fromWho="0" sc="185,83,419,-41,198,-21,198,-21" /><INIT seed="2,0,0,4,0,91" ten="268,378,177,177" oya="2" hai0="59,113,1,7,65,130,37,111,35,45,78,43,83" hai1="135,112,26,44,96,93,92,102,49,36,47,66,50" hai2="81,3,108,29,114,27,12,133,72,105,73,19,62" hai3="129,68,54,64,131,20,76,98,104,42,21,95,4"/><V80/><F114/><W71/><G104/><T87/><D113/><U60/><E112/><V46/><F105/><W110/><G110/><T127/><D111/><U28/><E135/><V125/><F3/><W58/><G76/><T63/><D127/><U101/><E36/><V24/><F108/><W56/><G42/><T74/><D130/><N who="3" m="49673" /><G4/><T48/><D35/><U22/><E102/><V30/><F133/><W119/><G119/><T53/><D7/><U17/><E92/><V33/><F125/><W128/><N who="3" m="49681" /><W90/><DORA hai="82" /><G64/><T99/><D99/><U75/><E75/><V15/><F62/><N who="3" m="36119" /><G58/><T8/><D8/><U18/><E49/><V9/><F46/><W94/><G94/><T89/><D1/><U109/><E109/><V55/><F55/><W16/><G21/><T25/><D25/><AGARI ba="0,0" hai="16,20,25,68,71,90,95,98" m="36119,49681" machi="25" ten="40,8000,1" yaku="25,1,19,1,52,1,54,1" doraHai="91,82" who="3" fromWho="0" sc="268,-80,378,0,177,0,177,80" /><INIT seed="3,0,0,0,2,133" ten="188,378,177,257" oya="3" hai0="67,63,10,124,24,103,34,37,82,52,70,68,130" hai1="28,78,21,2,7,18,106,27,100,127,113,12,40" hai2="108,47,39,98,54,16,48,57,74,81,79,60,105" hai3="72,88,66,92,51,96,30,87,69,0,43,122,42"/><W38/><G0/><T111/><D37/><U41/><E113/><V17/><F108/><W35/><G72/><T129/><D111/><U86/><E106/><V91/><F39/><W29/><G122/><T125/><D70/><U119/><E119/><V62/><F62/><W109/><G38/><T128/><D103/><U116/><E100/><V71/><F71/><W56/><G69/><T5/><D82/><U131/><E116/><V61/><F61/><N who="3" m="38183" /><G35/><T14/><D52/><U97/><E97/><V99/><F105/><W89/><G109/><T80/><D80/><N who="1" m="47383" /><E127/><V44/><F44/><N who="3" m="26007" /><G43/><T19/><D5/><U49/><E49/><V95/><REACH who="2" step="1"/><F99/><REACH who="2" ten="188,378,167,257" step="2"/><W84/><G96/><T26/><REACH who="0" step="1"/><D24/><REACH who="0" ten="178,378,167,257" step="2"/><U8/><E27/><V45/><F45/><W114/><G114/><T83/><D83/><AGARI ba="0,2" hai="29,30,83,84,87,88,89,92" m="26007,38183" machi="83" ten="30,2900,0" yaku="8,1,54,1" doraHai="133" who="3" fromWho="0" sc="178,-29,378,0,167,0,257,49" /><INIT seed="3,1,0,0,4,66" ten="149,378,167,306" oya="3" hai0="83,49,81,96,87,40,104,54,34,37,38,12,45" hai1="20,51,72,23,27,47,69,24,98,107,101,62,119" hai2="126,68,11,46,65,9,135,63,116,15,95,25,128" hai3="113,88,111,48,55,97,64,29,75,1,10,123,58"/><W42/><G123/><T90/><D34/><U76/><E119/><V79/><F116/><W103/><G113/><T118/><D118/><U77/><E72/><V71/><F128/><W102/><G75/><T94/><D104/><U105/><E105/><V109/><F109/><W36/><G111/><T39/><D12/><U22/><E62/><V33/><F135/><W132/><G132/><T78/><REACH who="0" step="1"/><D83/><REACH who="0" ten="139,378,167,306" step="2"/><U110/><E110/><V114/><F15/><W99/><G1/><T121/><D121/><U85/><E107/><V57/><F33/><W130/><G130/><T21/><D21/><U70/><E22/><V124/><F114/><W13/><G13/><T60/><D60/><U44/><E20/><V30/><F11/><W41/><G10/><T122/><D122/><U18/><E23/><V74/><F9/><W67/><G29/><T112/><D112/><U52/><E24/><V5/><F25/><W89/><G36/><T61/><D61/><U115/><E27/><V2/><F30/><W56/><G48/><T14/><D14/><U108/><E51/><V7/><F2/><W31/><G31/><T127/><D127/><U92/><E108/><V133/><F133/><W59/><G59/><AGARI ba="1,1" hai="37,38,39,40,45,49,54,59,78,81,87,90,94,96" machi="59" ten="30,2000,0" yaku="1,1,7,1,53,0" doraHai="66" doraHaiUra="19" who="0" fromWho="3" sc="139,33,378,0,167,0,306,-23" /><INIT seed="4,0,0,3,5,21" ten="172,378,167,283" oya="0" hai0="40,101,73,71,50,108,13,25,47,119,23,84,30" hai1="0,104,28,114,7,12,61,31,63,106,3,130,55" hai2="100,62,126,38,67,88,56,91,17,133,54,123,118" hai3="81,32,135,65,102,98,129,46,70,4,79,22,34"/><T35/><D73/><U107/><E130/><V96/><F123/><W41/><G129/><T90/><D119/><U33/><E12/><V27/><F38/><W36/><G135/><T9/><D108/><U26/><E31/><V64/><F133/><W44/><G44/><T60/><D101/><U66/><E114/><V52/><F126/><W37/><G37/><T110/><D110/><U49/><E7/><V29/><F17/><W82/><G82/><T111/><D111/><U76/><E76/><V72/><F72/><N who="3" m="43239" /><G22/><T8/><D71/><U120/><E120/><V89/><F64/><W59/><G59/><T93/><REACH who="0" step="1"/><D60/><REACH who="0" ten="162,378,167,283" step="2"/><U5/><E61/><V15/><F118/><W87/><G70/><T24/><D24/><U132/><E132/><V10/><F100/><W122/><G102/><T6/><D6/><U78/><E5/><V125/><F125/><W97/><G4/><T103/><D103/><U80/><E63/><V131/><F131/><W86/><G122/><T116/><D116/><U2/><E104/><V109/><F109/><W128/><G128/><T20/><D20/><U77/><E106/><V121/><F121/><W48/><G34/><T51/><D51/><U105/><E105/><V75/><F75/><W43/><G48/><T42/><D42/><U57/><E107/><V83/><F62/><W117/><G32/><T92/><D92/><U16/><E33/><V14/><F67/><W115/><G43/><T19/><AGARI ba="0,1" hai="8,9,13,19,23,25,30,35,40,47,50,84,90,93" machi="19" ten="30,6000,0" yaku="1,1,0,1,52,1,53,0" doraHai="21" doraHaiUra="127" who="0" fromWho="0" sc="162,70,378,-20,167,-20,283,-20" /><INIT seed="4,1,0,1,4,26" ten="232,358,147,263" oya="0" hai0="77,117,55,34,111,27,23,9,128,119,115,54,85" hai1="98,42,75,43,131,105,48,4,11,18,126,118,112" hai2="65,132,80,102,124,31,107,82,36,1,33,125,123" hai3="110,95,114,90,20,116,87,46,86,37,113,62,7"/><T53/><D34/><U19/><E118/><V78/><F123/><W104/><G110/><T67/><D111/><U127/><E75/><V89/><F36/><W22/><G116/><T59/><D115/><N who="3" m="44041" /><G104/><T2/><D128/><U109/><E109/><V121/><F121/><W0/><G62/><T50/><D2/><U70/><E70/><V38/><F38/><W57/><G57/><T74/><D74/><U30/><E112/><V28/><F1/><W83/><G7/><T76/><D119/><U97/><E30/><N who="2" m="11307" /><F33/><W8/><G8/><T129/><D129/><U96/><E105/><V58/><F107/><W69/><G69/><T12/><D117/><U64/><E64/><V17/><F102/><W56/><G56/><T32/><D32/><U44/><E42/><V133/><F17/><W61/><G61/><N who="0" m="38335" /><D50/><U106/><E106/><V21/><F21/><W25/><G22/><T66/><D66/><U122/><E131/><V91/><F58/><W5/><G0/><T73/><D73/><U108/><E108/><V84/><F65/><W71/><G71/><T134/><D134/><N who="2" m="51818" /><F80/><W130/><G83/><T135/><D135/><U63/><E122/><V6/><F6/><W14/><G5/><T16/><D23/><U40/><E19/><V60/><F60/><W35/><G20/><T41/><D9/><U92/><E18/><V81/><F81/><W88/><G37/><T15/><D16/><U101/><E63/><V51/><F51/><W29/><G35/><T72/><D27/><U49/><E49/><V103/><F103/><W94/><G130/><T10/><D10/><RYUUKYOKU ba="1,0" sc="232,-10,358,-10,147,30,263,-10" hai2="78,82,84,89,91,124,125" /><INIT seed="5,2,0,2,1,9" ten="222,348,177,253" oya="1" hai0="127,104,1,29,17,0,89,124,122,53,81,33,59" hai1="6,73,92,19,24,38,134,7,118,110,45,42,109" hai2="23,123,117,85,20,14,72,64,83,88,76,95,50" hai3="3,37,114,105,126,131,125,68,26,47,56,66,111"/><U108/><E118/><V39/><F117/><W120/><RYUUKYOKU type="yao9" ba="2,0" sc="222,0,348,0,177,0,253,0" hai3="3,26,37,47,56,66,68,105,111,114,120,125,126,131" /><INIT seed="5,3,0,1,0,113" ten="222,348,177,253" oya="1" hai0="60,101,18,127,13,109,128,92,45,51,44,3,108" hai1="1,43,95,57,11,93,25,75,56,68,46,29,65" hai2="87,132,19,30,100,81,26,110,20,27,2,124,118" hai3="21,114,12,48,31,40,89,58,35,72,98,80,126"/><U52/><E75/><V74/><F118/><W106/><G114/><T82/><D3/><U115/><E115/><V107/><F2/><W90/><G126/><T112/><D112/><U34/><E57/><V97/><F74/><W23/><G35/><T49/><D127/><U122/><E122/><V5/><F124/><W28/><G106/><T8/><D128/><U10/><E65/><V66/><F132/><W42/><G98/><T102/><D60/><U36/><E68/><V123/><F66/><W71/><G71/><T96/><D102/><U0/><E0/><V78/><F5/><W84/><G72/><T64/><D64/><U120/><E120/><V76/><F123/><W50/><G12/><T83/><D109/><U111/><E111/><V130/><F130/><W85/><G58/><T32/><D32/><U125/><E125/><V39/><F39/><W62/><G62/><T73/><D73/><U121/><E121/><V79/><REACH who="2" step="1"/><F110/><REACH who="2" ten="222,348,167,253" step="2"/><W91/><G80/><T134/><D108/><U133/><E133/><V15/><F15/><W135/><G135/><T6/><D6/><U94/><REACH who="1" step="1"/><E1/><REACH who="1" ten="222,338,167,253" step="2"/><V38/><F38/><W99/><G85/><T116/><D134/><U63/><AGARI ba="3,2" hai="10,11,25,29,34,36,43,46,52,56,63,93,94,95" machi="63" ten="30,11700,0" yaku="1,1,2,1,0,1,54,1,53,0" doraHai="113" doraHaiUra="77" who="1" fromWho="1" sc="222,-42,338,146,167,-42,253,-42" /><INIT seed="5,4,0,5,2,46" ten="180,484,125,211" oya="1" hai0="91,88,77,84,67,100,101,122,61,121,64,79,0" hai1="59,30,92,17,32,107,12,41,33,132,60,90,106" hai2="112,56,25,50,133,28,114,103,62,26,13,105,34" hai3="87,5,97,66,42,54,99,83,58,37,115,47,14"/><U85/><E41/><V81/><F133/><W125/><G115/><N who="2" m="44073" /><F25/><W109/><G109/><T130/><D0/><U3/><E3/><V86/><F13/><W135/><G135/><T68/><D130/><U35/><E30/><V73/><F73/><W69/><G125/><T124/><D124/><U6/><E6/><V129/><F129/><W38/><G38/><T89/><D84/><U15/><E132/><V36/><F36/><W78/><G5/><T118/><D118/><U98/><E12/><V134/><F134/><W72/><G14/><T55/><D55/><U18/><E98/><N who="2" m="61687" /><F62/><N who="3" m="40151" /><G72/><T21/><D21/><U110/><E18/><V29/><F29/><W108/><G108/><T49/><D61/><U80/><E80/><V113/><N who="2" m="44081" /><V8/><DORA hai="20" /><F8/><W10/><G10/><T39/><D39/><U75/><E75/><V31/><F31/><W104/><G104/><T120/><D101/><U123/><E110/><V24/><F24/><W57/><G37/><T119/><D100/><U76/><E106/><V48/><F56/><W71/><G58/><T51/><D119/><U94/><E107/><V126/><F126/><W102/><G57/><T74/><D74/><U65/><E33/><V53/><F53/><W16/><G54/><T63/><D67/><U7/><E7/><V4/><F4/><W43/><G71/><T23/><D23/><U116/><E32/><V11/><F11/><W45/><G45/><T52/><D52/><U127/><E35/><V131/><F131/><W27/><G47/><T9/><D9/><U128/><E127/><V96/><F96/><RYUUKYOKU ba="4,0" sc="180,15,484,-15,125,15,211,-15" hai0="49,51,63,64,68,77,79,88,89,91,120,121,122" hai2="26,28,34,48,50,81,86" /><INIT seed="6,5,0,3,3,115" ten="195,469,140,196" oya="2" hai0="121,110,72,128,109,87,101,64,79,80,38,116,103" hai1="112,91,85,45,76,32,53,57,26,69,30,70,83" hai2="71,52,89,113,95,18,6,106,78,54,117,4,125" hai3="10,93,120,65,39,68,33,8,66,42,73,97,22"/><V99/><F117/><W75/><G33/><T82/><D38/><U50/><E112/><V46/><F71/><W56/><G68/><T16/><D64/><N who="3" m="24681" /><G39/><T13/><D121/><U131/><E131/><V27/><F113/><W58/><G75/><T1/><D1/><U17/><E17/><V11/><F125/><W43/><G73/><T67/><D67/><U59/><E59/><N who="3" m="22570" /><G22/><T102/><D128/><U34/><E34/><V2/><F106/><W126/><G126/><T127/><D127/><U92/><E57/><V129/><F129/><W86/><G86/><AGARI ba="5,0" hai="26,30,32,45,50,53,69,70,76,83,85,86,91,92" machi="86" ten="30,1000,0" yaku="7,1" doraHai="115" who="1" fromWho="3" sc="195,0,469,25,140,0,196,-25" /><INIT seed="7,0,0,2,3,135" ten="195,494,140,171" oya="3" hai0="126,50,114,30,112,130,43,120,56,122,49,110,77" hai1="105,18,108,27,93,20,128,127,12,96,116,38,44" hai2="107,70,121,95,10,23,131,59,66,4,81,41,98" hai3="117,36,115,64,33,6,24,123,72,83,45,47,2"/><W29/><G123/><T21/><D110/><U52/><E127/><V37/><F121/><W68/><G117/><T32/><D32/><U55/><E105/><V9/><F70/><W48/><G115/><N who="0" m="44075" /><D126/><U39/><E108/><V57/><F107/><W0/><G47/><N who="0" m="25855" /><D77/><U124/><E124/><V119/><F119/><W53/><G6/><T113/><D113/><U31/><E52/><V15/><F131/><W99/><G99/><T67/><D130/><U7/><E7/><V73/><F37/><W103/><G103/><T97/><D97/><U46/><E27/><V63/><F41/><W82/><G36/><T106/><D106/><U58/><E20/><V61/><F81/><W19/><G83/><T1/><D1/><U111/><E55/><V74/><F23/><W101/><G101/><T54/><D67/><U109/><E18/><V76/><F10/><W42/><G19/><T134/><D134/><U133/><E12/><V71/><F76/><W84/><G72/><T14/><D14/><U90/><E93/><V88/><F71/><W62/><G42/><T118/><D118/><U40/><E46/><V60/><F60/><W8/><G8/><T34/><D34/><U13/><E13/><V65/><AGARI ba="0,0" hai="4,9,15,57,59,61,63,65,66,73,74,88,95,98" machi="65" ten="20,5200,0" yaku="0,1,7,1,9,1,54,1" doraHai="135" who="2" fromWho="2" sc="195,-13,494,-13,140,52,171,-26" owari="182,-22.0,481,58.0,192,-1.0,145,-35.0" /></mjloggm>