<mjloggm ver="2.3"><GO type="169" lobby="0"/><UN n0="%E6%A1%9C%E4%BA%95%E3%81%95%E3%82%93" n1="%43%2E%43%2E%E3%82%B5%E3%83%90%E3%82%B7%E3%82%A2" n2="%E5%B0%B1%E6%B4%BB%E7%94%9F%40%E5%B7%9D%E6%9D%91%E8%BB%8D%E5%9B%A3" n3="%E3%82%82%E3%81%98%E3%82%89" dan="16,16,16,16" rate="2119.95,2054.48,2108.43,2108.92" sx="M,F,M,F"/><TAIKYOKU oya="0"/><INIT seed="0,0,0,5,1,10" ten="250,250,250,250" oya="0" hai0="72,130,110,46,18,29,9,109,23,74,77,2,70" hai1="115,80,1,61,123,11,78,93,127,86,84,32,69" hai2="85,62,43,3,58,64,59,129,67,54,8,51,112" hai3="4,50,0,88,119,135,82,14,73,111,19,97,56"/><T68/><D130/><U126/><E123/><V34/><F34/><W42/><G119/><T16/><D46/><U53/><E32/><V12/><F3/><W63/><G111/><N who="0" m="42507" /><D29/><U5/><E115/><V125/><F112/><W52/><G0/><T128/><D128/><U132/><E132/><V81/><F129/><W103/><G135/><T91/><D91/><U101/><E69/><N who="0" m="26729" /><D77/><U45/><E101/><V124/><F43/><W60/><G42/><T102/><D102/><U83/><E93/><V105/><F105/><W107/><G4/><N who="0" m="1175" /><D18/><U21/><E45/><V118/><F118/><W87/><REACH who="3" step="1"/><G73/><REACH who="3" ten="250,250,250,240" step="2"/><T27/><AGARI ba="0,1" hai="16,23,27,72,74" m="1175,26729,42507" machi="27" ten="30,6000,0" yaku="14,1,10,1,54,1" doraHai="10" who="0" fromWho="0" sc="250,70,250,-20,250,-20,240,-20" /><INIT seed="0,1,0,5,3,132" ten="320,230,230,220" oya="0" hai0="11,130,57,78,72,62,15,91,53,39,92,14,44" hai1="23,114,117,129,134,122,95,124,54,64,126,28,41" hai2="47,56,2,100,82,116,111,61,29,88,73,69,110" hai3="51,38,68,86,58,45,21,81,135,85,20,94,36"/><T19/><D130/><U10/><E117/><V31/><F2/><W74/><G68/><T48/><D39/><U98/><E122/><V30/><F69/><W107/><G107/><T133/><D133/><U120/><E120/><V103/><F47/><W26/><G74/><T109/><D109/><N who="2" m="41482" /><F116/><W50/><G135/><T8/><D78/><U77/><E134/><V99/><F73/><W1/><G1/><T9/><D72/><U60/><E129/><V67/><F82/><W7/><G7/><T112/><D112/><U108/><E108/><V131/><F131/><W3/><G3/><T71/><D71/><U65/><E114/><V70/><F70/><W79/><G58/><T16/><D8/><U123/><E123/><V93/><AGARI ba="1,0" hai="29,30,31,56,61,67,88,93,99,100,103" m="41482" machi="93" ten="40,2700,0" yaku="14,1,54,1" doraHai="132" who="2" fromWho="2" sc="320,-14,230,-8,230,30,220,-8" /><INIT seed="1,0,0,4,1,90" ten="306,222,260,212" oya="1" hai0="58,124,20,57,2,49,91,53,35,113,118,81,125" hai1="15,134,119,46,92,43,28,97,77,111,56,100,64" hai2="12,40,129,23,51,29,25,114,17,4,132,50,66" hai3="126,135,6,54,76,99,74,61,82,109,7,127,55"/><U14/><E119/><V89/><F129/><W33/><G33/><T110/><D35/><U22/><E134/><V83/><F132/><W37/><G37/><T41/><D2/><U78/><E111/><V123/><F123/><W96/><G109/><T18/><D110/><U10/><E64/><V60/><F4/><W79/><G135/><T95/><D118/><U128/><E128/><V72/><F40/><W115/><G61/><T71/><D71/><U59/><E77/><V80/><F72/><W122/><G82/><T44/><D81/><U63/><E78/><V27/><F27/><W93/><G93/><T121/><D113/><U34/><E34/><V52/><F51/><W3/><G3/><T65/><D65/><U36/><E63/><V117/><F89/><W1/><G1/><T38/><D58/><U8/><E22/><V26/><F26/><W130/><G130/><T105/><D105/><U133/><E28/><V98/><F98/><W21/><G21/><T13/><REACH who="0" step="1"/><D121/><REACH who="0" ten="296,222,260,212" step="2"/><U67/><E67/><V88/><F114/><W9/><G122/><T68/><D68/><U42/><E133/><V120/><F120/><W73/><G115/><T86/><AGARI ba="0,1" hai="13,18,20,38,41,44,49,53,57,86,91,95,124,125" machi="86" ten="30,12000,2" yaku="1,1,0,1,25,2,52,1,53,1" doraHai="90" doraHaiUra="87" who="0" fromWho="0" sc="296,130,222,-60,260,-30,212,-30" /><INIT seed="2,0,0,3,5,101" ten="426,162,230,182" oya="2" hai0="108,113,47,103,77,19,120,10,134,7,55,69,68" hai1="81,4,121,39,16,36,91,124,99,65,0,8,85" hai2="116,70,61,67,80,12,82,63,11,105,50,123,53" hai3="26,110,122,92,95,107,22,75,98,52,56,114,132"/><V1/><F1/><W131/><G122/><T133/><D120/><U13/><E121/><V115/><F123/><W78/><G110/><T119/><D113/><U94/><E65/><V84/><F115/><W38/><G38/><T24/><D108/><U89/><REACH who="1" step="1"/><E124/><REACH who="1" ten="426,152,230,182" step="2"/><V72/><F116/><W44/><G114/><T35/><D119/><U104/><E104/><V51/><F105/><W43/><G107/><T42/><D69/><U59/><E59/><V17/><F67/><W14/><G56/><T90/><D68/><U21/><AGARI ba="0,1" hai="0,4,8,13,16,21,36,39,81,85,89,91,94,99" machi="21" ten="20,5200,0" yaku="1,1,0,1,7,1,54,1,53,0" doraHai="101" doraHaiUra="60" who="1" fromWho="1" sc="426,-13,152,62,230,-26,182,-13" /><INIT seed="3,0,0,3,0,57" ten="413,214,204,169" oya="3" hai0="9,37,120,20,91,68,48,34,49,17,76,53,41" hai1="104,27,2,25,61,102,106,19,121,96,131,124,101" hai2="77,58,67,59,79,71,117,5,54,107,50,90,112" hai3="85,74,42,97,14,78,82,10,86,23,72,110,73"/><W69/><G69/><T22/><D34/><U93/><E121/><V30/><F107/><W103/><G110/><T26/><D120/><U115/><E115/><V40/><F112/><W116/><G116/><T99/><D68/><U60/><E124/><V47/><F117/><W39/><G23/><T132/><D132/><U88/><E131/><V95/><F5/><W122/><G122/><T16/><D76/><U63/><E2/><V111/><F30/><W44/><G86/><T119/><D119/><U113/><E113/><V130/><F130/><W56/><G56/><T13/><D37/><U135/><E135/><V87/><F111/><W127/><G127/><T35/><D35/><U31/><E104/><V15/><F15/><W46/><G46/><T118/><D41/><U84/><E102/><V66/><F59/><W133/><G133/><T28/><D53/><U109/><E109/><V11/><F11/><W43/><G43/><T21/><D21/><U75/><E75/><V6/><F6/><W65/><G65/><N who="2" m="24585" /><F71/><W33/><G33/><T128/><D128/><U18/><REACH who="1" step="1"/><E27/><REACH who="1" ten="413,204,204,169" step="2"/><V7/><F7/><W125/><G125/><T129/><D129/><U0/><E0/><V123/><F123/><W38/><G38/><T4/><D4/><U80/><E80/><V51/><AGARI ba="0,1" hai="40,47,50,51,54,58,77,79,87,90,95" m="24585" machi="51" ten="30,1100,0" yaku="8,1" doraHai="57" who="2" fromWho="2" sc="413,-3,204,-3,204,21,169,-5" /><INIT seed="4,0,0,0,0,20" ten="410,201,225,164" oya="0" hai0="40,108,22,0,56,76,36,54,98,69,2,92,50" hai1="27,51,6,134,77,17,83,80,97,9,85,64,94" hai2="5,8,99,25,38,117,65,90,10,15,132,104,61" hai3="47,125,115,110,49,103,79,35,105,26,82,71,62"/><T101/><D108/><U102/><E134/><V118/><F38/><W122/><G110/><T78/><D69/><U44/><E64/><V19/><F132/><W14/><G14/><T128/><D128/><U46/><E83/><V63/><F104/><W37/><G115/><T112/><D112/><U123/><E123/><V91/><F99/><N who="3" m="61695" /><G49/><T48/><D36/><U16/><E27/><V73/><F73/><N who="3" m="43375" /><G125/><T124/><D124/><U100/><E100/><V119/><F63/><W30/><G122/><T131/><D131/><U33/><E33/><V21/><REACH who="2" step="1"/><F8/><REACH who="2" ten="410,201,215,164" step="2"/><W18/><G37/><T89/><D50/><U3/><REACH who="1" step="1"/><E44/><REACH who="1" ten="410,191,215,164" step="2"/><V68/><AGARI ba="0,2" hai="5,10,15,19,21,25,61,65,68,90,91,117,118,119" machi="68" ten="30,8000,1" yaku="1,1,2,1,0,1,12,1,52,1,53,0" doraHai="20" doraHaiUra="135" who="2" fromWho="2" sc="410,-40,191,-20,215,100,164,-20" /><INIT seed="5,0,0,1,3,52" ten="370,171,315,144" oya="1" hai0="84,9,128,120,33,132,105,38,100,24,45,92,113" hai1="78,18,43,7,15,56,71,50,99,69,61,63,44" hai2="97,58,131,86,66,64,114,21,31,3,110,74,27" hai3="62,77,83,101,10,127,57,87,80,19,23,85,130"/><U123/><E123/><V121/><F74/><W94/><G130/><T125/><D105/><U104/><E7/><V129/><F3/><W20/><G127/><T134/><D113/><U111/><E111/><V96/><F110/><W135/><G135/><T11/><D128/><N who="2" m="49226" /><F121/><W102/><G10/><T116/><D116/><U81/><E104/><V59/><F86/><W26/><G23/><T5/><D120/><U30/><E99/><N who="2" m="37963" /><F114/><W48/><G94/><T109/><D109/><U90/><E63/><V103/><F103/><W16/><G48/><T1/><D100/><U37/><E90/><V98/><F98/><W53/><G19/><T72/><D72/><U112/><E50/><V95/><F95/><W54/><G54/><T82/><D92/><U124/><E124/><V118/><F118/><W8/><G8/><T65/><D11/><U70/><E30/><V108/><F108/><W75/><G75/><T88/><D125/><U55/><E112/><V133/><F133/><W68/><G68/><T49/><D1/><U106/><E106/><V51/><F51/><W25/><G25/><T39/><D49/><U47/><E47/><V17/><F31/><W32/><G32/><T60/><D45/><U0/><E0/><V79/><F79/><AGARI ba="0,0" hai="16,20,26,53,57,62,77,79,80,83,85,87,101,102" machi="79" ten="30,8000,1" yaku="7,1,9,1,8,1,52,1,54,1" doraHai="52" who="3" fromWho="2" sc="370,0,171,0,315,-80,144,80" /><INIT seed="6,0,0,2,0,120" ten="370,171,235,224" oya="2" hai0="65,6,54,35,117,134,27,53,29,110,66,91,78" hai1="95,64,8,72,30,17,37,118,44,122,48,130,109" hai2="85,83,40,94,125,71,4,12,43,129,31,93,10" hai3="127,113,33,135,67,80,28,90,88,69,7,87,15"/><V47/><F71/><W5/><G135/><T63/><D110/><U24/><E118/><V119/><F119/><W56/><G69/><T115/><D117/><U50/><E122/><V39/><F129/><W11/><G33/><T114/><D134/><U121/><E121/><V128/><F128/><W76/><G28/><T13/><D78/><U9/><E130/><V103/><F103/><W100/><G127/><T42/><D42/><U55/><E37/><V73/><F73/><W46/><G100/><T77/><D77/><U59/><E72/><V106/><F106/><W105/><G46/><T25/><D25/><U57/><E17/><V58/><F43/><W104/><G5/><T89/><D13/><U111/><E9/><V45/><F45/><W41/><G41/><T79/><D79/><U75/><E75/><V34/><F125/><W3/><G3/><T99/><D6/><U133/><E133/><V36/><F36/><W124/><G113/><N who="0" m="43019" /><D66/><U70/><E8/><V112/><F112/><W131/><G131/><T98/><D98/><U51/><E70/><V86/><F34/><W21/><G21/><T18/><D18/><U123/><E123/><V74/><F31/><W19/><G19/><T81/><D29/><U84/><E64/><V62/><F74/><W1/><G1/><T116/><D65/><U126/><E126/><V38/><F38/><W82/><G124/><T101/><D35/><N who="1" m="20935" /><E111/><V2/><F2/><W26/><G67/><T49/><D116/><U96/><E109/><V102/><F102/><W60/><G104/><T52/><D101/><N who="1" m="60575" /><E84/><N who="2" m="32363" /><F83/><W107/><G82/><RYUUKYOKU ba="0,0" sc="370,-15,171,15,235,15,224,-15" hai1="44,48,50,51,55,57,59" hai2="4,10,12,39,40,47,58,62,93,94" /><INIT seed="6,1,0,5,3,131" ten="355,186,250,209" oya="2" hai0="11,13,17,32,109,28,108,105,7,112,56,9,84" hai1="82,48,49,19,43,100,88,104,99,31,98,8,26" hai2="24,12,54,103,81,125,79,94,86,58,59,130,18" hai3="93,68,57,22,119,38,74,40,114,124,121,117,95"/><V21/><F130/><W78/><G68/><T96/><D84/><N who="1" m="50199" /><E104/><V63/><F125/><W62/><G121/><T15/><D56/><U66/><E66/><V122/><F122/><W118/><G124/><T133/><D96/><N who="1" m="36907" /><E100/><V42/><F42/><W52/><G114/><T129/><D105/><U30/><E43/><V106/><F106/><W115/><G115/><T90/><D90/><U87/><E87/><V89/><F103/><W132/><G132/><T35/><D133/><U2/><E2/><V97/><REACH who="2" step="1"/><F58/><REACH who="2" ten="355,186,240,209" step="2"/><W36/><G40/><T3/><D129/><U20/><E8/><V111/><F111/><W50/><G118/><T134/><D112/><U65/><E65/><V14/><AGARI ba="1,1" hai="12,14,18,21,24,54,59,63,79,81,86,89,94,97" machi="14" ten="30,12000,1" yaku="1,1,0,1,25,2,8,1,53,0" doraHai="131" doraHaiUra="29" who="2" fromWho="2" sc="355,-41,186,-41,240,133,209,-41" /><INIT seed="6,2,0,0,1,29" ten="314,145,373,168" oya="2" hai0="14,70,42,56,57,55,71,27,79,10,40,115,46" hai1="52,25,45,63,7,0,68,8,98,1,124,111,128" hai2="112,49,95,78,86,66,130,133,16,48,109,67,106" hai3="73,87,104,61,114,132,76,102,83,36,110,135,123"/><V23/><F106/><W101/><G36/><T125/><D79/><U82/><E111/><V59/><F109/><W127/><G110/><T37/><D27/><U44/><E68/><N who="0" m="26153" /><D14/><N who="1" m="5407" /><E124/><V50/><F112/><W62/><G127/><T47/><D10/><U103/><E1/><V118/><F118/><W120/><G61/><N who="0" m="35999" /><D115/><U32/><E0/><V92/><F133/><N who="3" m="51275" /><G62/><T18/><D18/><U20/><E32/><V22/><F130/><W80/><G114/><T9/><D9/><U65/><E65/><N who="2" m="24587" /><F59/><W30/><G30/><T113/><D113/><U51/><E63/><V38/><F38/><W99/><G102/><T94/><D94/><N who="2" m="35882" /><F16/><W12/><G12/><T77/><D125/><U24/><E128/><V100/><F100/><W64/><G64/><T43/><D37/><U13/><E103/><V15/><F15/><W75/><G75/><T3/><D3/><U107/><E107/><V105/><F105/><W88/><AGARI ba="2,0" hai="73,76,80,83,87,88,99,101,104,120,123" m="51275" machi="88" ten="30,7900,0" yaku="20,1,34,2,54,1" doraHai="29" who="3" fromWho="3" sc="314,-22,145,-22,373,-41,168,85" /><INIT seed="7,0,0,0,5,9" ten="292,123,332,253" oya="3" hai0="97,35,29,99,81,95,38,57,25,86,107,46,36" hai1="92,23,4,83,21,114,5,125,8,45,1,66,115" hai2="79,120,37,24,6,73,65,131,11,121,32,13,20" hai3="127,128,74,22,3,72,16,27,130,119,133,93,76"/><W116/><G3/><T2/><D2/><U106/><E106/><V82/><F131/><N who="3" m="50219" /><G127/><T103/><D57/><U117/><E125/><V80/><F37/><W31/><G76/><T69/><D69/><U135/><E135/><V52/><F65/><W51/><G133/><T18/><D46/><U104/><E117/><V108/><F108/><W54/><G93/><T60/><D60/><U10/><E104/><V58/><F32/><W55/><G55/><T15/><D86/><U75/><E66/><V40/><F40/><W39/><G39/><T50/><D50/><U100/><E100/><V64/><F64/><W33/><G33/><T105/><D81/><U71/><E92/><V70/><F70/><W129/><G31/><T44/><D44/><U26/><E71/><V41/><F41/><W122/><G122/><N who="2" m="47209" /><F79/><W63/><G63/><T132/><D132/><U87/><E45/><V61/><F73/><N who="3" m="28267" /><G129/><T118/><D118/><U85/><E75/><V28/><AGARI ba="0,0" hai="6,11,13,20,24,28,52,58,61,80,82" m="47209" machi="28" ten="30,4000,0" yaku="13,1,52,1,54,1" doraHai="9" who="2" fromWho="2" sc="292,-10,123,-10,332,40,253,-20" owari="282,8.0,113,-39.0,372,48.0,233,-17.0" /></mjloggm>