<mjloggm ver="2.3"><GO type="169" lobby="0"/><UN n0="%E5%B0%B1%E6%B4%BB%E7%94%9F%40%E5%B7%9D%E6%9D%91%E8%BB%8D%E5%9B%A3" n1="%E7%94%9F%E8%82%89%E3%81%A7%E3%81%99%E3%82%88" n2="%E3%81%B5%E3%81%8F%E3%82%84%E3%82%93" n3="%6D%75%6B%69%74%74%69" dan="17,17,18,17" rate="2187.09,2158.54,2166.07,2148.83" sx="M,M,M,M"/><TAIKYOKU oya="0"/><INIT seed="0,0,0,0,1,74" ten="250,250,250,250" oya="0" hai0="15,103,67,8,65,123,51,58,84,90,7,55,107" hai1="24,29,125,33,4,128,100,104,96,130,95,69,106" hai2="32,94,68,61,129,98,66,50,45,42,30,47,40" hai3="80,17,133,88,0,75,118,3,121,36,22,57,13"/><T132/><D123/><U37/><E37/><V87/><F129/><N who="1" m="49769" /><E69/><V73/><F73/><W19/><G118/><T9/><D132/><U114/><E114/><V23/><F32/><W34/><G36/><T72/><D72/><U115/><E115/><V101/><F87/><W31/><G133/><T41/><D41/><U56/><E125/><V116/><F116/><W28/><G121/><T10/><D103/><U12/><E56/><V11/><F11/><AGARI ba="0,0" hai="4,11,12,24,29,33,95,96,100,104,106" m="49769" machi="11" ten="30,1000,0" yaku="19,1" doraHai="74" who="1" fromWho="2" sc="250,0,250,10,250,-10,250,0" /><INIT seed="1,0,0,1,4,18" ten="250,260,240,250" oya="1" hai0="19,40,15,59,87,10,41,122,83,36,132,115,34" hai1="68,89,62,0,109,124,98,47,31,117,9,135,116" hai2="57,56,60,22,112,26,55,96,101,74,75,90,64" hai3="35,73,106,97,93,100,94,2,20,7,29,78,118"/><U1/><E1/><V38/><F38/><W125/><G35/><T110/><D115/><U65/><E124/><V80/><F112/><W113/><G113/><T84/><D34/><U43/><E109/><V61/><F80/><W103/><G125/><T30/><D122/><U50/><E135/><V76/><F76/><W120/><G120/><T54/><D110/><U91/><E31/><V17/><REACH who="2" step="1"/><F90/><REACH who="2" ten="250,260,230,250" step="2"/><W67/><G78/><T52/><D36/><U12/><E91/><V45/><F45/><W37/><G37/><T8/><D83/><U42/><E89/><V23/><F23/><W27/><G20/><T70/><D132/><U58/><E116/><V95/><AGARI ba="0,1" hai="17,22,26,55,56,57,60,61,64,74,75,95,96,101" machi="95" ten="20,5200,0" yaku="1,1,0,1,7,1,52,1,53,0" doraHai="18" doraHaiUra="128" who="2" fromWho="2" sc="250,-13,260,-26,230,62,250,-13" /><INIT seed="2,0,0,3,4,37" ten="237,234,292,237" oya="2" hai0="16,99,112,19,117,33,95,111,115,36,74,50,86" hai1="110,80,12,91,131,66,67,25,48,54,71,57,40" hai2="55,1,60,133,52,29,89,65,101,20,81,113,135" hai3="120,61,97,76,6,78,30,8,114,69,70,13,128"/><V17/><F1/><W32/><G120/><T38/><D74/><U39/><E110/><V49/><F101/><W73/><G128/><T2/><D33/><U118/><E118/><V45/><F29/><W43/><G114/><T84/><D2/><U27/><E131/><V130/><F130/><W124/><G124/><T68/><D68/><U64/><E71/><V34/><F34/><W62/><G97/><T125/><D117/><U0/><E0/><V63/><F113/><W123/><G123/><T47/><D111/><U51/><E39/><V53/><F81/><W116/><G116/><T15/><D125/><U11/><E91/><V46/><F89/><W77/><G73/><T59/><D38/><U119/><E80/><V104/><F104/><W96/><G96/><T129/><D129/><U88/><E88/><V5/><F5/><W87/><G87/><T92/><D36/><U93/><E93/><V134/><F46/><W126/><G126/><T72/><D72/><U9/><E119/><V28/><F28/><W108/><G108/><T56/><D99/><U132/><E132/><V79/><F79/><W21/><G32/><T44/><D15/><U94/><E94/><V105/><F105/><W58/><G70/><T127/><D127/><U100/><E100/><V106/><F106/><W3/><G69/><T4/><D4/><N who="1" m="3111" /><E11/><V83/><F83/><W85/><G8/><T82/><D82/><U122/><E122/><V24/><F63/><W22/><G62/><T31/><D31/><U103/><E103/><V90/><F90/><W109/><G109/><T121/><D121/><RYUUKYOKU ba="0,0" sc="237,10,234,10,292,10,237,-30" hai0="16,19,44,47,50,56,59,84,86,92,95,112,115" hai1="25,27,40,48,51,54,57,64,66,67" hai2="17,20,24,45,49,52,53,55,60,65,133,134,135" /><INIT seed="2,1,0,5,3,22" ten="247,244,302,207" oya="2" hai0="49,108,122,14,60,102,127,61,39,77,85,6,40" hai1="112,133,130,111,97,83,96,116,31,35,114,90,103" hai2="93,26,54,81,105,59,100,101,46,107,63,125,78" hai3="106,8,115,24,4,45,89,41,118,69,82,91,65"/><V73/><F125/><W72/><G118/><T3/><D39/><U88/><E35/><V53/><F93/><W79/><G106/><T109/><D3/><U62/><E31/><V5/><F5/><W11/><G115/><N who="1" m="44074" /><E62/><N who="0" m="24169" /><D102/><U48/><E48/><V99/><F46/><W44/><G69/><T68/><D68/><U134/><E116/><V50/><F50/><W18/><G65/><T86/><D122/><U75/><E111/><N who="0" m="42569" /><D77/><N who="1" m="44479" /><E130/><V56/><F56/><W87/><G45/><N who="0" m="25767" /><D127/><U55/><E55/><V119/><F54/><W51/><G72/><T117/><D117/><U25/><E25/><V120/><F119/><W23/><REACH who="3" step="1"/><G11/><AGARI ba="1,0" hai="6,11,14,85,86" m="25767,42569,24169" machi="11" ten="30,1000,0" yaku="14,1" doraHai="22" who="0" fromWho="3" sc="247,13,244,0,302,0,207,-13" /><INIT seed="3,0,0,4,0,76" ten="260,244,302,194" oya="3" hai0="54,63,48,35,41,99,82,26,107,61,77,45,134" hai1="2,100,97,28,95,92,113,121,88,23,128,108,105" hai2="127,68,90,84,25,42,123,70,50,104,126,30,64" hai3="72,94,32,130,5,119,91,65,8,47,22,78,96"/><W19/><G119/><T1/><D134/><U81/><E2/><V11/><F104/><W89/><G32/><T20/><D1/><U40/><E108/><V38/><F38/><W21/><G130/><T34/><D107/><U74/><E113/><V58/><F11/><W31/><G65/><T46/><D99/><U12/><E121/><V86/><F86/><W59/><G59/><T133/><D133/><U117/><E117/><V71/><F123/><W39/><G31/><T135/><D135/><U6/><E128/><V83/><F42/><N who="3" m="23007" /><G89/><T69/><D69/><U66/><E66/><V102/><F102/><W27/><G19/><T85/><D61/><U73/><E40/><V80/><F50/><W62/><G27/><T17/><REACH who="0" step="1"/><D63/><REACH who="0" ten="250,244,302,194" step="2"/><U115/><E115/><V122/><F122/><W10/><G62/><T14/><D14/><U116/><E116/><V124/><F64/><W0/><G10/><T37/><AGARI ba="0,1" hai="17,20,26,34,35,37,41,45,46,48,54,77,82,85" machi="37" ten="20,5200,0" yaku="1,1,0,1,7,1,52,1,53,0" doraHai="76" doraHaiUra="57" who="0" fromWho="0" sc="250,62,244,-13,302,-13,194,-26" /><INIT seed="4,0,0,1,3,94" ten="312,231,289,168" oya="0" hai0="67,76,42,59,113,27,82,36,43,53,47,24,56" hai1="35,46,130,85,108,73,118,52,8,104,2,61,115" hai2="0,135,81,119,58,89,80,131,84,91,51,134,105" hai3="71,3,99,88,95,17,9,15,133,111,60,62,5"/><T110/><D113/><U129/><E73/><V101/><F0/><W122/><G111/><T30/><D110/><U37/><E118/><V79/><F51/><W72/><G133/><N who="2" m="50697" /><F58/><W1/><G122/><T68/><D43/><U93/><E104/><V106/><F131/><W25/><G72/><T126/><D126/><U97/><E35/><V124/><F119/><W38/><G38/><T34/><D24/><U109/><E85/><N who="2" m="50343" /><F101/><W65/><REACH who="3" step="1"/><G62/><REACH who="3" ten="312,231,289,158" step="2"/><T29/><D36/><U10/><E37/><V121/><F121/><W6/><G6/><T50/><D50/><N who="1" m="28759" /><E61/><V40/><F124/><W33/><G33/><T48/><D34/><U12/><E115/><V26/><F106/><W96/><G96/><T69/><D48/><U54/><E109/><V98/><F98/><W19/><G19/><T127/><D30/><U77/><E108/><V28/><F28/><W74/><G74/><T23/><D29/><U31/><E31/><V117/><F105/><W14/><G14/><T112/><D127/><U125/><E125/><V41/><F117/><W78/><G78/><T57/><D76/><U128/><E77/><V18/><F79/><W44/><G44/><T103/><D47/><U55/><E2/><V114/><F114/><W66/><G66/><T120/><D120/><U83/><E12/><V70/><F26/><W87/><G87/><T90/><D27/><U45/><E45/><V63/><F18/><W107/><G107/><T16/><D112/><U92/><E97/><V123/><F123/><W39/><G39/><T4/><D16/><U75/><E75/><V116/><F116/><RYUUKYOKU ba="0,1" sc="312,-15,231,-15,289,15,158,15" hai2="40,41,63,70,81,84,91" hai3="1,3,5,9,15,17,25,60,65,71,88,95,99" /><INIT seed="5,1,1,1,2,58" ten="297,216,304,173" oya="1" hai0="56,95,4,16,57,78,101,73,81,59,74,28,87" hai1="69,34,60,51,11,116,97,75,1,120,71,30,82" hai2="99,76,115,6,44,124,31,112,68,134,23,108,89" hai3="122,113,10,72,96,106,133,104,43,63,24,123,91"/><U61/><E120/><V17/><F6/><W127/><G72/><T55/><D4/><N who="1" m="1423" /><E116/><V117/><F76/><W110/><G110/><T13/><D28/><U67/><E97/><V121/><F31/><W83/><G113/><T7/><D7/><U65/><E51/><V40/><F108/><W85/><G127/><T2/><D2/><U39/><E39/><V79/><F79/><W14/><G133/><T47/><D47/><U29/><E29/><V15/><F124/><W128/><G128/><T77/><D77/><N who="1" m="44351" /><E30/><V70/><F134/><W80/><G24/><T98/><REACH who="0" step="1"/><D55/><REACH who="0" ten="287,216,304,173" step="2"/><U41/><E41/><V12/><F40/><W125/><G43/><T130/><D130/><U33/><AGARI ba="1,2" hai="33,34,60,61,65,67,69,71" m="44351,1423" machi="33" ten="30,11700,0" yaku="33,2,52,2" doraHai="58" who="1" fromWho="1" sc="287,-40,216,140,304,-40,173,-40" /><INIT seed="5,2,0,0,5,1" ten="247,356,264,133" oya="1" hai0="31,22,96,14,19,82,134,29,10,61,132,97,122" hai1="33,40,121,26,16,8,36,117,48,63,101,112,92" hai2="44,87,111,73,114,124,93,51,104,86,66,113,28" hai3="110,11,17,50,123,35,56,126,103,75,13,67,118"/><U53/><E112/><N who="2" m="43115" /><F104/><W6/><G110/><T58/><D122/><U12/><E117/><V5/><F73/><W18/><G123/><T57/><D82/><U91/><E121/><V72/><F72/><W43/><G75/><T120/><D120/><U2/><E2/><V4/><F111/><W34/><G118/><T59/><D61/><U52/><E101/><V106/><F106/><W85/><G126/><T98/><REACH who="0" step="1"/><D10/><REACH who="0" ten="237,356,264,133" step="2"/><U88/><E63/><V62/><F124/><W0/><G11/><T105/><D105/><U23/><E33/><V102/><F62/><W74/><G35/><T68/><D68/><U3/><E3/><V42/><F66/><W54/><G34/><T60/><D60/><U71/><E71/><V94/><F94/><W81/><G67/><T131/><D131/><U27/><E27/><V99/><F28/><AGARI ba="2,1" hai="14,19,22,28,29,31,57,58,59,96,97,98,132,134" machi="28" ten="50,3200,0" yaku="1,1,53,1" doraHai="1" doraHaiUra="15" who="0" fromWho="2" sc="237,48,356,0,264,-38,133,0" /><INIT seed="6,0,0,5,0,5" ten="285,356,226,133" oya="2" hai0="66,111,125,80,98,28,32,39,94,54,1,27,91" hai1="96,35,100,58,71,59,19,24,9,93,67,128,50" hai2="88,77,4,29,48,135,110,45,63,60,130,53,86" hai3="42,113,124,46,69,3,120,33,117,43,56,16,114"/><V57/><F130/><W49/><G117/><T21/><D111/><U76/><E71/><V78/><F135/><W36/><G120/><T37/><D1/><U44/><E128/><V131/><F131/><W123/><G123/><T20/><D125/><U2/><E76/><V73/><F73/><W89/><G33/><T112/><D112/><N who="3" m="43113" /><G69/><T18/><D66/><U0/><E0/><V97/><F97/><W10/><G124/><T119/><D119/><U14/><E2/><V15/><F29/><W127/><G127/><T84/><D54/><N who="1" m="30023" /><E35/><V115/><F110/><W104/><G104/><T85/><D85/><U65/><E24/><V40/><F63/><W62/><G89/><T55/><D55/><U118/><E118/><V34/><F34/><W92/><G92/><T107/><D107/><U22/><E22/><V61/><F61/><W132/><G132/><T95/><D95/><U90/><E90/><V99/><F99/><W121/><G121/><T134/><D134/><U41/><E41/><V64/><F40/><N who="3" m="24775" /><G36/><T17/><D32/><U51/><E51/><V133/><F133/><W30/><G30/><T52/><D28/><U129/><E129/><V8/><F115/><W83/><G83/><AGARI ba="0,0" hai="4,8,15,45,48,53,57,60,64,77,78,83,86,88" machi="83" ten="30,11600,0" yaku="7,1,8,1,52,1,54,1" doraHai="5" who="2" fromWho="3" sc="285,0,356,0,226,116,133,-116" /><INIT seed="6,1,0,3,5,111" ten="285,356,342,17" oya="2" hai0="127,113,31,32,66,106,104,42,90,105,133,86,70" hai1="45,73,84,57,38,52,85,1,36,103,48,132,93" hai2="72,101,37,40,58,30,0,100,92,25,125,78,87" hai3="79,109,120,94,64,59,9,102,83,46,55,77,119"/><V39/><F0/><W19/><G109/><T5/><D5/><U65/><E73/><V11/><F11/><W75/><G120/><T129/><D129/><U54/><E1/><V14/><F14/><N who="3" m="7631" /><G119/><T107/><D127/><U3/><E3/><V128/><F128/><W23/><G75/><T71/><D133/><U50/><E132/><V80/><F125/><W112/><G83/><T8/><D42/><U81/><E65/><V43/><F58/><W41/><G64/><T95/><D66/><U118/><E118/><V12/><F12/><W35/><G35/><T91/><D8/><U22/><E22/><N who="2" m="15671" /><F72/><W56/><G23/><T21/><D32/><U15/><E15/><V76/><F76/><N who="3" m="29259" /><G41/><N who="2" m="15945" /><F39/><W6/><G6/><T44/><D44/><U62/><E38/><V2/><F2/><W88/><G102/><N who="2" m="39529" /><F37/><W7/><G7/><T29/><D70/><U13/><E36/><V123/><F123/><W49/><G112/><T134/><D71/><U26/><E13/><V126/><F126/><W124/><G124/><T28/><D113/><U33/><E33/><V74/><F74/><W115/><G115/><T24/><D134/><U63/><E26/><V135/><F135/><W20/><G20/><T110/><D110/><U34/><E34/><V122/><F122/><W97/><AGARI ba="1,0" hai="46,49,55,56,59,88,94,97" m="29259,7631" machi="97" ten="30,2000,0" yaku="8,1,54,1" doraHai="111" who="3" fromWho="3" sc="285,-6,356,-6,342,-11,17,23" /><INIT seed="7,0,0,2,0,12" ten="279,350,331,40" oya="3" hai0="65,50,97,3,67,84,37,133,38,33,43,16,92" hai1="20,55,61,105,79,49,127,57,2,23,126,93,45" hai2="5,103,9,29,25,128,15,110,53,109,6,36,13" hai3="51,76,104,4,18,14,129,59,118,31,56,69,71"/><W125/><G104/><T39/><D33/><U135/><E105/><V119/><F36/><W8/><G118/><T10/><D133/><U80/><E2/><V132/><F103/><W131/><G31/><T30/><D30/><U106/><E106/><V70/><F70/><N who="3" m="26635" /><G76/><T91/><D3/><U60/><E93/><V87/><F87/><W64/><G125/><N who="1" m="47626" /><E135/><V32/><F132/><W63/><G51/><T134/><D134/><U130/><E130/><N who="3" m="49674" /><G59/><T68/><D68/><U94/><E94/><V83/><F128/><W66/><G66/><T85/><D67/><N who="1" m="39311" /><E61/><V42/><F119/><W7/><AGARI ba="0,0" hai="4,7,8,14,18,56,63,64" m="49674,26635" machi="7" ten="40,3900,0" yaku="19,1,52,1" doraHai="12" who="3" fromWho="3" sc="279,-13,350,-13,331,-13,40,39" /><INIT seed="7,1,0,2,2,107" ten="266,337,318,79" oya="3" hai0="6,70,25,77,42,135,108,20,2,3,27,11,81" hai1="17,14,5,10,19,52,45,111,110,23,60,62,34" hai2="119,75,53,83,103,92,66,65,55,33,99,71,100" hai3="7,131,123,109,15,133,32,24,12,30,49,106,84"/><W104/><G123/><T18/><D108/><U121/><E34/><V36/><F33/><W9/><G109/><T47/><D135/><U37/><E121/><V13/><F36/><W56/><G133/><T58/><D70/><U134/><E134/><V79/><F119/><W114/><G114/><T40/><D58/><U0/><E62/><V118/><F118/><W54/><G131/><T89/><D89/><U50/><E37/><V63/><F66/><W8/><REACH who="3" step="1"/><G84/><REACH who="3" ten="266,337,318,69" step="2"/><T94/><D40/><U93/><E110/><V41/><F41/><W120/><G120/><T46/><D42/><U90/><E111/><V31/><F103/><W57/><G57/><T115/><D115/><U29/><E29/><V76/><F31/><W72/><G72/><T4/><D47/><U101/><E101/><V82/><F13/><W35/><G35/><T43/><D46/><U78/><E0/><V39/><F39/><W130/><G130/><T69/><D43/><U86/><E23/><V113/><F113/><W38/><G38/><T59/><D59/><N who="1" m="34919" /><E78/><V51/><F51/><W88/><G88/><T16/><D69/><U97/><E86/><AGARI ba="1,1" hai="53,55,63,65,71,75,76,79,82,83,86,92,99,100" machi="86" ten="30,2000,0" yaku="7,1,52,1" doraHai="107" who="2" fromWho="1" sc="266,0,337,-23,318,33,69,0" owari="266,-13.0,314,11.0,351,45.0,69,-43.0" /></mjloggm>