<mjloggm ver="2.3"><GO type="225" lobby="0"/><UN n0="%E3%83%AA%E3%83%81%E3%83%A3%21%21" n1="%E5%8F%8B%E6%B2%A2" n2="%E3%82%A6%E3%83%AB%E3%83%88%E3%83%A9%E7%AB%8B%E7%9B%B4" n3="%E8%81%96%E7%87%90" dan="17,16,17,16" rate="2107.11,2136.38,2183.40,2065.46" sx="M,M,M,F"/><TAIKYOKU oya="0"/><INIT seed="0,0,0,3,3,59" ten="250,250,250,250" oya="0" hai0="122,8,94,77,63,15,60,87,21,76,61,37,101" hai1="134,48,0,90,113,31,9,74,126,97,71,120,35" hai2="56,85,43,91,99,121,44,123,4,100,117,107,108" hai3="95,33,36,30,92,131,51,110,38,17,45,50,22"/><T47/><D122/><U55/><E120/><V52/><F117/><W70/><G70/><T119/><D119/><U116/><E116/><V53/><F108/><W114/><G114/><T39/><D39/><U32/><E74/><V72/><F72/><W57/><G110/><T10/><D37/><U93/><E134/><V75/><F75/><W34/><G131/><T84/><D47/><U29/><E126/><V102/><F102/><W67/><G30/><T19/><D101/><U14/><E0/><V65/><F4/><W24/><G38/><T106/><D106/><U7/><E71/><V25/><F65/><W118/><G118/><T3/><D3/><U111/><E111/><V20/><F44/><W112/><G36/><T98/><D98/><U69/><E69/><V81/><F43/><W23/><G23/><T132/><D132/><U105/><E105/><V86/><F53/><W104/><G104/><T40/><D40/><U73/><E73/><V2/><F86/><N who="0" m="32810" /><D94/><U58/><REACH who="1" step="1"/><E113/><REACH who="1" ten="250,240,250,250" step="2"/><V88/><F2/><W42/><G112/><T109/><D109/><U54/><E54/><V68/><F68/><W18/><G42/><T16/><D8/><U82/><E82/><V13/><F123/><W41/><G41/><T80/><D80/><U62/><E62/><N who="0" m="15873" /><T11/><DORA hai="103" /><D10/><U130/><E130/><V124/><F81/><W125/><G95/><T89/><D89/><U1/><E1/><V26/><F88/><W133/><G92/><T96/><D96/><U64/><E64/><V83/><F121/><W5/><G67/><T78/><D11/><U28/><AGARI ba="0,1" hai="7,9,14,28,29,31,32,35,48,55,58,90,93,97" machi="28" ten="30,4000,0" yaku="1,1,5,1,0,1,53,0" doraHai="59,103" doraHaiUra="79,12" who="1" fromWho="1" sc="250,-20,240,50,250,-10,250,-10" /><INIT seed="1,0,0,5,0,14" ten="230,290,240,240" oya="1" hai0="99,73,25,117,51,115,130,100,83,48,56,27,34" hai1="129,32,5,123,58,21,6,29,15,109,132,1,96" hai2="67,86,78,103,79,85,71,11,43,0,37,26,121" hai3="120,104,134,38,135,33,72,47,81,59,68,122,53"/><U91/><E123/><V46/><F121/><W93/><G104/><T110/><D117/><U119/><E119/><V90/><F103/><W101/><G101/><T23/><D115/><U3/><E58/><V40/><F40/><W36/><G33/><T114/><D114/><U118/><E118/><V12/><F0/><W57/><G93/><N who="0" m="58479" /><D34/><U18/><E129/><V52/><F26/><W66/><G81/><T50/><D73/><U126/><E132/><V128/><F128/><W16/><G72/><T77/><D110/><U63/><E63/><V70/><F52/><W74/><G74/><T127/><D127/><U62/><E62/><V124/><F124/><W41/><G66/><T92/><D83/><U98/><E98/><V76/><F67/><W111/><G111/><T7/><D77/><U22/><E126/><V2/><F2/><N who="1" m="521" /><E96/><V24/><F24/><W49/><G68/><T89/><D7/><U94/><E94/><V102/><F102/><W75/><G75/><T80/><D80/><U44/><E44/><V20/><F90/><W31/><G57/><T10/><D130/><U9/><E109/><V107/><F107/><W105/><G36/><T45/><D45/><U108/><E108/><V82/><F82/><W35/><G105/><T4/><D56/><U55/><E55/><V95/><F71/><W112/><G112/><T97/><D23/><N who="1" m="8715" /><E91/><V84/><F70/><W39/><G39/><T8/><D4/><U113/><E113/><V61/><F95/><W13/><G122/><T87/><D97/><U60/><E60/><V106/><F61/><W19/><G120/><RYUUKYOKU ba="0,0" sc="230,15,290,15,240,-15,240,-15" hai0="8,10,25,27,48,50,51,87,89,92" hai1="5,6,9,15,18,29,32" /><INIT seed="1,1,0,4,4,78" ten="245,305,225,225" oya="1" hai0="85,83,67,24,20,117,108,109,82,33,47,131,21" hai1="114,120,86,46,135,6,54,1,89,111,18,27,44" hai2="17,102,11,100,31,121,36,80,52,79,5,95,66" hai3="132,71,35,32,38,129,49,29,110,113,125,45,133"/><U9/><E114/><V61/><F36/><W64/><G113/><T63/><D117/><U16/><E120/><V22/><F31/><W56/><G29/><T116/><D116/><U101/><E101/><V126/><F126/><W91/><G91/><T43/><D131/><U105/><E105/><V8/><F121/><W39/><G125/><T59/><D33/><U90/><E135/><N who="3" m="51786" /><G35/><T122/><D122/><U124/><E124/><V34/><F34/><W69/><G32/><T84/><D84/><U115/><E115/><V65/><F95/><W98/><G98/><T37/><D20/><U130/><E130/><V40/><F40/><N who="3" m="24743" /><G110/><N who="0" m="42603" /><D85/><U42/><E111/><V106/><F106/><W50/><G129/><T123/><D123/><U119/><E27/><N who="2" m="14799" /><F102/><W55/><G64/><N who="2" m="24681" /><F100/><W68/><AGARI ba="1,0" hai="38,39,50,55,56,68,69,71" m="24743,51786" machi="68" ten="40,5200,0" yaku="20,1,34,2" doraHai="78" who="3" fromWho="3" sc="245,-14,305,-27,225,-14,225,55" /><INIT seed="2,0,0,3,5,119" ten="231,278,211,280" oya="2" hai0="27,122,118,94,5,55,135,88,74,40,83,28,35" hai1="14,115,49,33,75,19,64,116,53,9,80,23,43" hai2="104,89,15,24,109,98,114,48,26,132,30,66,95" hai3="31,106,63,76,17,71,45,127,12,70,58,133,129"/><V79/><F114/><W110/><G106/><T113/><D113/><U78/><E116/><V68/><F132/><W59/><G110/><T117/><D40/><U103/><E33/><V41/><F109/><W4/><G127/><T39/><D135/><U131/><E115/><V20/><F104/><W6/><G129/><T121/><D39/><U111/><E111/><V38/><F38/><W21/><G31/><T65/><D55/><U73/><E64/><V57/><F68/><W36/><G58/><T32/><D65/><U67/><E67/><V51/><F79/><W130/><G130/><T61/><D61/><U81/><E43/><V18/><F41/><W37/><G76/><T128/><D128/><U102/><E131/><V7/><F7/><W13/><G59/><T10/><D35/><U2/><E75/><V123/><F123/><N who="0" m="47114" /><D88/><U42/><E42/><V34/><REACH who="2" step="1"/><F26/><REACH who="2" ten="231,278,201,280" step="2"/><W91/><G37/><T90/><D90/><U50/><E78/><V101/><F101/><W52/><G91/><T22/><D117/><U25/><E103/><V105/><F105/><W77/><G77/><N who="0" m="44471" /><D118/><U112/><E112/><V86/><F86/><W134/><G36/><T96/><D96/><U84/><E102/><V1/><F1/><W126/><G71/><T11/><D5/><U93/><E84/><V3/><F3/><W99/><G4/><T92/><D92/><U107/><E93/><V62/><AGARI ba="0,1" hai="15,18,20,24,30,34,48,51,57,62,66,89,95,98" machi="62" ten="30,3000,0" yaku="1,1,0,1,53,0" doraHai="119" doraHaiUra="97" who="2" fromWho="2" sc="231,-10,278,-10,201,40,280,-10" /><INIT seed="2,1,0,3,5,76" ten="221,268,241,270" oya="2" hai0="117,5,83,16,121,6,74,95,48,112,81,36,101" hai1="49,91,25,15,93,127,106,107,38,129,71,96,3" hai2="135,68,125,122,72,90,120,77,12,9,100,44,56" hai3="88,102,64,109,45,111,7,124,110,66,55,60,40"/><V18/><F68/><W128/><G102/><T14/><D121/><U51/><E38/><V126/><F100/><W27/><G7/><N who="0" m="2571" /><D36/><U23/><E3/><V20/><F44/><W119/><G119/><T13/><D74/><U19/><E71/><V54/><F9/><W37/><G27/><T75/><D75/><U43/><E129/><V46/><F46/><W118/><G118/><T28/><D117/><U30/><E127/><N who="2" m="48651" /><F135/><W131/><G88/><T84/><D112/><U10/><REACH who="1" step="1"/><E43/><REACH who="1" ten="221,258,241,270" step="2"/><V34/><F122/><W103/><G124/><T52/><D28/><U105/><AGARI ba="1,1" hai="10,15,19,23,25,30,49,51,91,93,96,105,106,107" machi="105" ten="30,7900,0" yaku="1,1,2,1,0,1,53,1" doraHai="76" doraHaiUra="4" who="1" fromWho="1" sc="221,-21,258,92,241,-40,270,-21" /><INIT seed="3,0,0,1,1,2" ten="200,350,201,249" oya="3" hai0="35,133,1,100,128,8,16,22,105,129,47,79,89" hai1="116,119,13,10,30,109,64,75,80,122,98,58,83" hai2="37,70,131,52,73,9,78,27,114,76,20,81,3" hai3="118,55,125,92,74,104,130,108,36,69,134,42,18"/><W135/><RYUUKYOKU type="yao9" ba="0,0" sc="200,0,350,0,201,0,249,0" hai3="18,36,42,55,69,74,92,104,108,118,125,130,134,135" /><INIT seed="3,1,0,4,5,20" ten="200,350,201,249" oya="3" hai0="23,67,64,26,130,8,105,41,33,0,86,43,47" hai1="111,57,120,5,123,77,30,21,44,116,29,9,121" hai2="85,95,127,69,98,133,101,34,97,66,59,134,93" hai3="25,56,17,71,108,18,115,58,24,31,99,53,45"/><W114/><G71/><T110/><D105/><U78/><E111/><V28/><F69/><W125/><G108/><T60/><D110/><U128/><E128/><V96/><F127/><W83/><G83/><T40/><D130/><U112/><E112/><V54/><F66/><N who="0" m="25130" /><D33/><U135/><E57/><V89/><F28/><W11/><G125/><T49/><D0/><U68/><E68/><V19/><F34/><W81/><G81/><T131/><D131/><U7/><E135/><N who="2" m="51723" /><F19/><W94/><G11/><T55/><D8/><U100/><E100/><V36/><F36/><W10/><G10/><T50/><D86/><U126/><E126/><V42/><F42/><W72/><G31/><N who="0" m="17887" /><D60/><AGARI ba="1,0" hai="54,59,60,85,89,93,95,96,97,98,101" m="51723" machi="60" ten="30,1000,0" yaku="20,1" doraHai="20" who="2" fromWho="0" sc="200,-13,350,0,201,13,249,0" owari="187,-31.0,350,45.0,214,-19.0,249,5.0" /></mjloggm>