<mjloggm ver="2.3"><GO type="169" lobby="0"/><UN n0="%57%69%6E%73%74%6F%6E" n1="%E3%81%B6%E3%81%A3%E3%81%A8%E3%81%B3%E3%82%AB%E3%83%BC%E3%83%89" n2="%E3%82%A6%E3%83%AB%E3%83%88%E3%83%A9%E7%AB%8B%E7%9B%B4" n3="%6B%6F%72%6F%74%61%6E%6E" dan="16,17,17,16" rate="2105.43,2167.91,2152.75,2061.56" sx="F,M,M,M"/><TAIKYOKU oya="0"/><INIT seed="0,0,0,2,3,61" ten="250,250,250,250" oya="0" hai0="97,58,108,100,94,96,124,126,67,39,102,127,41" hai1="85,122,26,35,109,74,50,66,118,2,117,0,27" hai2="49,16,129,75,91,4,93,32,131,105,104,3,53" hai3="48,12,9,59,44,120,112,87,123,7,18,84,38"/><T107/><D108/><U130/><E74/><V14/><F75/><W106/><G106/><T40/><D39/><U52/><E109/><V70/><F32/><W103/><G103/><T78/><D78/><U95/><E122/><N who="3" m="46634" /><G112/><T22/><D22/><U113/><E113/><V82/><F70/><W24/><G38/><T76/><D76/><U133/><E35/><V55/><F4/><W119/><G59/><T5/><D5/><U69/><E50/><V68/><F68/><W92/><G92/><T33/><D33/><U29/><E95/><V60/><F3/><N who="3" m="255" /><G24/><T25/><REACH who="0" step="1"/><D25/><REACH who="0" ten="240,250,250,250" step="2"/><U77/><E77/><V132/><F14/><W73/><G73/><T57/><D57/><U13/><E69/><V21/><F21/><N who="3" m="11463" /><G119/><T115/><D115/><U114/><E114/><V121/><F121/><W15/><G15/><T23/><D23/><U83/><E27/><V65/><F129/><W79/><G79/><T47/><D47/><U89/><E130/><V54/><F131/><W10/><G10/><T37/><D37/><U8/><E117/><V43/><F105/><W72/><G72/><T116/><D116/><U19/><E118/><V101/><F104/><W11/><G11/><T64/><D64/><U90/><E66/><V42/><F65/><W34/><G34/><T6/><D6/><U36/><E36/><V1/><F1/><W111/><G111/><T56/><D56/><U51/><E26/><V17/><F17/><W45/><G45/><T135/><D135/><U71/><E133/><V46/><F16/><W28/><G28/><T110/><D110/><U125/><E29/><RYUUKYOKU ba="0,1" sc="240,15,250,-15,250,-15,250,15" hai0="40,41,58,67,94,96,97,100,102,107,124,126,127" hai3="44,48,84,87" /><INIT seed="0,1,1,5,5,15" ten="255,235,235,265" oya="0" hai0="44,18,94,53,5,11,120,68,24,74,131,13,127" hai1="51,4,23,91,111,38,121,84,103,82,72,66,75" hai2="123,47,31,40,46,29,88,125,90,8,98,122,86" hai3="19,55,35,10,124,119,71,59,108,20,76,67,58"/><T135/><D120/><U49/><E121/><V126/><F8/><W102/><G35/><T132/><D74/><U106/><E38/><V81/><F86/><W39/><G39/><T95/><D68/><U9/><E66/><V57/><F57/><W45/><G71/><T128/><D44/><U64/><E64/><V129/><F129/><N who="0" m="49738" /><D53/><U1/><E111/><V114/><F81/><W65/><G108/><T109/><D109/><U99/><E75/><V83/><F83/><W32/><G32/><T104/><D104/><U63/><E63/><V7/><F7/><W14/><G119/><T3/><D127/><U101/><E101/><V42/><REACH who="2" step="1"/><F98/><REACH who="2" ten="255,235,225,265" step="2"/><W69/><G124/><T22/><D24/><U134/><E72/><V48/><F48/><N who="3" m="29071" /><G69/><T52/><D52/><U107/><E107/><V87/><F87/><W21/><G76/><T96/><D96/><U89/><E51/><V36/><F36/><W41/><G59/><T34/><D34/><U26/><E49/><V77/><F77/><W105/><G58/><T2/><D3/><U92/><E106/><V78/><F78/><W54/><G54/><T116/><D116/><U133/><REACH who="1" step="1"/><E103/><REACH who="1" ten="255,225,225,265" step="2"/><V61/><F61/><W93/><G102/><T85/><D85/><U62/><E62/><V0/><F0/><W30/><G105/><T73/><D73/><U130/><E130/><V117/><F117/><W110/><G110/><T43/><D2/><U27/><E27/><V12/><F12/><W17/><G14/><T56/><D13/><U118/><E118/><V33/><F33/><W97/><G65/><T115/><D43/><RYUUKYOKU ba="1,3" sc="255,-15,225,15,225,15,265,-15" hai1="1,4,9,23,26,82,84,89,91,92,99,133,134" hai2="29,31,40,42,46,47,88,90,114,122,123,125,126" /><INIT seed="1,2,3,3,1,53" ten="240,240,240,250" oya="1" hai0="118,23,29,25,110,77,75,7,92,67,59,16,82" hai1="76,46,73,81,105,18,94,55,129,22,42,20,2" hai2="63,107,26,45,43,130,78,101,40,90,131,72,74" hai3="31,91,93,41,97,11,128,61,135,79,4,51,10"/><U84/><E129/><N who="2" m="49163" /><F78/><W65/><G135/><T132/><D132/><U9/><E105/><V99/><F90/><W24/><G79/><T117/><D7/><U62/><E94/><V14/><F14/><W37/><G37/><T87/><D110/><U124/><E124/><V71/><F26/><W36/><G36/><T0/><D0/><U114/><E114/><V38/><F43/><W115/><G115/><T122/><D122/><U33/><E33/><V111/><F111/><W21/><G4/><T112/><D112/><U86/><E22/><V89/><F89/><W119/><G119/><T13/><D92/><U27/><E9/><V57/><F71/><W123/><G123/><T98/><D98/><U96/><E96/><V121/><F121/><W1/><G1/><T134/><D134/><U70/><E2/><V125/><F125/><W95/><G95/><T6/><D6/><U44/><E70/><V12/><F12/><W17/><G31/><T30/><D30/><U54/><E42/><V109/><F109/><W83/><G83/><T120/><D120/><U19/><E73/><V108/><F108/><W68/><G128/><T48/><D75/><U106/><E106/><V85/><F85/><W3/><G3/><T88/><D77/><U52/><E84/><V15/><F15/><W102/><G102/><T28/><D28/><U69/><REACH who="1" step="1"/><E19/><REACH who="1" ten="240,230,240,250" step="2"/><V66/><AGARI ba="2,4" hai="38,40,45,57,63,66,72,74,99,101,107" m="49163" machi="66" ten="30,2000,0" yaku="19,1,52,1" doraHai="53" who="2" fromWho="2" sc="240,-7,230,-12,240,66,250,-7" /><INIT seed="2,0,0,3,1,3" ten="233,218,306,243" oya="2" hai0="103,13,79,14,67,30,23,52,71,85,34,135,51" hai1="49,121,7,74,60,125,132,83,41,55,31,37,35" hai2="86,6,69,73,122,36,88,20,95,99,110,16,119" hai3="107,89,42,64,2,68,33,118,93,1,65,87,54"/><V32/><F119/><W38/><G107/><T75/><D75/><U59/><E121/><V10/><F32/><W12/><G33/><T0/><D0/><U114/><E114/><V66/><F73/><W115/><G115/><T113/><D34/><U4/><E132/><V5/><F36/><W72/><G72/><T9/><D103/><U134/><E134/><V123/><F110/><W84/><G118/><T40/><D40/><U100/><E100/><V105/><F105/><W117/><G117/><T53/><D135/><U76/><E125/><V109/><F109/><W128/><G54/><T104/><D104/><U61/><E61/><V19/><F69/><W116/><G116/><T92/><D71/><U124/><E124/><V24/><F66/><W46/><G65/><T70/><D67/><U94/><E94/><N who="2" m="54551" /><F123/><W43/><G43/><T28/><D70/><U90/><E90/><N who="2" m="55799" /><F122/><W126/><G126/><T101/><D113/><U18/><E37/><V22/><F10/><W47/><G64/><T127/><D9/><U108/><E108/><V8/><F8/><W96/><G68/><T56/><D127/><U80/><E80/><V48/><F48/><W98/><G2/><T17/><D51/><U120/><E120/><V39/><F39/><W133/><G1/><T44/><D92/><U63/><E63/><V131/><F131/><W50/><G128/><T25/><D101/><U21/><E60/><V129/><F129/><W81/><G38/><T45/><D79/><U78/><E78/><V15/><AGARI ba="0,0" hai="5,6,15,16,19,20,22,24" m="55799,54551" machi="15" ten="30,12000,1" yaku="8,1,52,2,54,2" doraHai="3" who="2" fromWho="2" sc="233,-40,218,-40,306,120,243,-40" /><INIT seed="2,1,0,3,2,125" ten="193,178,426,203" oya="2" hai0="6,122,68,83,121,8,15,111,26,96,10,73,39" hai1="18,36,57,87,12,75,33,94,84,115,44,101,131" hai2="118,41,116,31,95,72,71,56,3,49,107,117,42" hai3="13,66,51,109,110,53,69,103,76,46,124,22,119"/><V112/><F107/><W47/><G119/><T123/><D68/><U40/><E75/><V100/><F3/><W114/><G103/><T108/><D39/><U17/><E33/><V25/><F72/><W128/><G76/><T14/><D96/><U120/><E115/><V92/><F71/><W79/><G79/><T63/><D63/><U70/><E70/><V43/><F112/><W89/><G89/><T54/><D54/><U99/><E120/><V134/><F134/><W2/><G2/><T132/><D83/><U61/><E131/><V133/><F133/><W9/><G22/><T64/><D64/><U80/><E12/><V34/><REACH who="2" step="1"/><F100/><REACH who="2" ten="193,178,416,203" step="2"/><W91/><G114/><T16/><D73/><U90/><REACH who="1" step="1"/><E87/><REACH who="1" ten="193,168,416,203" step="2"/><V105/><F105/><W62/><G124/><T24/><REACH who="0" step="1"/><D132/><REACH who="0" ten="183,168,416,203" step="2"/><U5/><E5/><V45/><F45/><N who="3" m="27887" /><G69/><T7/><D7/><U126/><E126/><V67/><F67/><AGARI ba="1,3" hai="17,18,36,40,44,57,61,67,80,84,90,94,99,101" machi="67" ten="30,3900,0" yaku="1,1,7,1,53,1" doraHai="125" doraHaiUra="86" who="1" fromWho="2" sc="183,0,168,72,416,-42,203,0" /><INIT seed="3,0,0,5,3,102" ten="183,240,374,203" oya="3" hai0="36,100,110,96,21,34,30,38,91,123,58,88,22" hai1="25,57,125,129,43,112,39,89,103,79,24,3,106" hai2="80,107,74,9,48,41,47,104,134,86,98,109,87" hai3="2,65,116,53,62,11,119,130,95,76,45,63,10"/><W120/><G120/><T71/><D123/><U133/><E3/><V66/><F74/><W101/><G130/><T56/><D71/><U31/><E112/><V126/><F66/><W55/><G76/><T78/><D110/><U97/><E129/><V27/><F109/><W128/><G128/><T18/><D78/><U23/><E133/><V35/><F134/><W131/><G131/><T81/><D34/><U51/><E125/><V127/><F9/><W69/><G10/><T28/><D81/><U12/><E39/><V33/><F98/><W84/><G63/><T113/><D100/><U29/><E12/><V68/><F68/><W42/><G11/><T111/><D111/><U122/><E79/><N who="2" m="46367" /><F87/><W132/><G2/><T49/><D96/><U59/><E89/><V0/><F0/><W37/><G132/><T124/><D49/><U75/><E75/><V61/><F61/><W7/><G7/><T114/><REACH who="0" step="1"/><D18/><REACH who="0" ten="173,240,374,203" step="2"/><U15/><E122/><V4/><F35/><W60/><G60/><T108/><D108/><U83/><E83/><V73/><F4/><W6/><G6/><T77/><D77/><U85/><E85/><V93/><F73/><W40/><G101/><T82/><D82/><U92/><E51/><V26/><F33/><W14/><G69/><T5/><D5/><U105/><E92/><V50/><F93/><W54/><G95/><T135/><D135/><U70/><E70/><V13/><F50/><W94/><G94/><T1/><D1/><U72/><E72/><V46/><F48/><W121/><G121/><T117/><D117/><U20/><E97/><RYUUKYOKU ba="0,1" sc="173,30,240,-10,374,-10,203,-10" hai0="21,22,28,30,36,38,56,58,88,91,113,114,124" /><INIT seed="4,1,1,1,1,103" ten="203,230,364,193" oya="0" hai0="45,38,94,61,20,105,4,129,21,22,23,70,19" hai1="39,124,104,106,41,112,120,135,29,107,24,8,30" hai2="10,114,35,98,54,102,37,127,75,72,119,42,53" hai3="133,18,64,40,0,46,90,11,17,57,56,96,52"/><T95/><D4/><U65/><E29/><V36/><F102/><W91/><G133/><T132/><D132/><U108/><E135/><V60/><F10/><W111/><G111/><T47/><D129/><U67/><E108/><V71/><F98/><W62/><G0/><T122/><D122/><U34/><E120/><V113/><F60/><W110/><G110/><T84/><D105/><U58/><E124/><V86/><F86/><W134/><G134/><T50/><D38/><U125/><E125/><V79/><F127/><W85/><G96/><T116/><D116/><U2/><E58/><V99/><F99/><W63/><G91/><T27/><D84/><U32/><E112/><V66/><F66/><W130/><G11/><T1/><D1/><U115/><E115/><V6/><F6/><W121/><G130/><T109/><D109/><U25/><E41/><V69/><F42/><W89/><G90/><T128/><D128/><U15/><E39/><V117/><F79/><W80/><REACH who="3" step="1"/><G121/><REACH who="3" ten="203,230,364,183" step="2"/><T12/><D27/><U93/><E2/><V5/><F5/><W51/><AGARI ba="1,2" hai="17,18,40,46,51,52,56,57,62,63,64,80,85,89" machi="51" ten="20,12000,2" yaku="1,1,2,1,0,1,7,1,8,1,54,1,53,0" doraHai="103" doraHaiUra="28" who="3" fromWho="3" sc="203,-61,230,-31,364,-31,183,143" /><INIT seed="5,0,0,2,0,8" ten="142,199,333,326" oya="1" hai0="24,109,34,38,2,98,47,63,66,56,58,83,0" hai1="42,50,20,32,96,28,124,26,128,35,39,13,78" hai2="16,25,127,72,123,68,37,90,81,36,71,23,10" hai3="102,61,33,19,130,118,103,86,133,30,122,110,31"/><U112/><E112/><V51/><F123/><W135/><G33/><T17/><D109/><U134/><E128/><V107/><F107/><W40/><G122/><T132/><D132/><N who="3" m="50761" /><G110/><T73/><D58/><U94/><E134/><V91/><F127/><W55/><G40/><N who="0" m="22935" /><D17/><U41/><E124/><V22/><F10/><W53/><G130/><T54/><D54/><N who="3" m="20489" /><G61/><T113/><D113/><U12/><E39/><V64/><F51/><W101/><G118/><T92/><D92/><U69/><E69/><V11/><F11/><W95/><G19/><T76/><D56/><U120/><E120/><V99/><F16/><W5/><G5/><T77/><D77/><U27/><E78/><V125/><F125/><W116/><G116/><T46/><D46/><U70/><E70/><V29/><F71/><W14/><G14/><N who="1" m="5738" /><E35/><V93/><F68/><W45/><G45/><T97/><D0/><U57/><E32/><V105/><F72/><W74/><G74/><T106/><D2/><U67/><E27/><V114/><F105/><W117/><G117/><T43/><D24/><U52/><E67/><V48/><F64/><W115/><G115/><T126/><D34/><U9/><E9/><V18/><F37/><W129/><G129/><T4/><D126/><U65/><E65/><V88/><F25/><W75/><G75/><T62/><D66/><U7/><E7/><V80/><F36/><W121/><G121/><T60/><D4/><U108/><E108/><V49/><F114/><W82/><G30/><T21/><D106/><U59/><E59/><V6/><F6/><W100/><G31/><RYUUKYOKU ba="0,0" sc="142,-10,199,30,333,-10,326,-10" hai1="20,26,28,41,42,50,52,57,94,96" /><INIT seed="5,1,0,2,5,36" ten="132,229,323,316" oya="1" hai0="130,13,24,90,76,12,94,77,59,3,41,119,101" hai1="54,55,102,15,108,64,98,132,70,88,56,8,53" hai2="49,7,116,68,80,27,17,37,65,52,42,38,2" hai3="122,32,72,46,81,40,96,123,92,11,118,124,23"/><U45/><E132/><V82/><F38/><W89/><G32/><T39/><D119/><U112/><E112/><V83/><F7/><W135/><G135/><T117/><D3/><U74/><E74/><V99/><F99/><W57/><G118/><T43/><D117/><U121/><E121/><V66/><F2/><W62/><G124/><T35/><D39/><U85/><E108/><V133/><F133/><W19/><G11/><T100/><D35/><U79/><E79/><N who="0" m="30281" /><D24/><U44/><E70/><V31/><F17/><W87/><G72/><T33/><D59/><U111/><E111/><V75/><F75/><W97/><G97/><N who="0" m="57559" /><D33/><U78/><E78/><V84/><F84/><W69/><G69/><T48/><D48/><U25/><E25/><V93/><F93/><W128/><G92/><T61/><D61/><N who="1" m="37927" /><E102/><N who="0" m="39529" /><D130/><U134/><E98/><V26/><F116/><W110/><G96/><T104/><D104/><U109/><E109/><V28/><F26/><W71/><G128/><T20/><D20/><U30/><E30/><V127/><F27/><N who="3" m="14847" /><G71/><T6/><D6/><N who="1" m="3479" /><E134/><V129/><F129/><W105/><G105/><T51/><D51/><U58/><E58/><N who="2" m="33039" /><F68/><W0/><G0/><T1/><D1/><U10/><E10/><V86/><F28/><W126/><G110/><T114/><D114/><U91/><E91/><N who="2" m="51655" /><F31/><W18/><G18/><T47/><D47/><N who="1" m="17995" /><E55/><V14/><F37/><W9/><G9/><T5/><D5/><U107/><E107/><V95/><F127/><W34/><G126/><T103/><N who="0" m="39537" /><T16/><DORA hai="67" /><D16/><U22/><E22/><V29/><F29/><RYUUKYOKU ba="1,0" sc="132,15,229,15,323,-15,316,-15" hai0="12,13,41,43" hai1="53,54,85,88" /><INIT seed="5,2,0,4,2,105" ten="147,244,308,301" oya="1" hai0="35,66,28,91,97,10,19,73,72,71,61,99,29" hai1="135,56,52,8,122,47,60,103,124,63,74,95,93" hai2="70,129,126,67,119,133,130,50,131,92,4,44,17" hai3="11,132,76,115,2,89,42,123,114,16,109,90,106"/><U94/><E122/><V134/><F119/><W9/><G106/><T32/><D19/><U77/><E135/><N who="2" m="51723" /><F4/><N who="3" m="1175" /><G132/><T5/><D91/><U15/><E124/><V110/><F110/><W3/><G109/><T85/><D85/><U40/><E63/><N who="2" m="40319" /><F92/><W113/><G123/><T120/><D120/><U82/><E103/><V84/><F84/><W80/><G42/><T87/><D87/><U45/><REACH who="1" step="1"/><E40/><REACH who="1" ten="147,234,308,301" step="2"/><N who="2" m="24839" /><F17/><AGARI ba="2,1" hai="8,15,17,45,47,52,56,60,74,77,82,93,94,95" machi="17" ten="40,7700,0" yaku="1,1,52,1,54,1,53,0" doraHai="105" doraHaiUra="0" who="1" fromWho="2" sc="147,0,234,93,308,-83,301,0" /><INIT seed="5,3,0,5,2,11" ten="147,327,225,301" oya="1" hai0="80,123,73,101,103,83,89,44,46,129,1,57,112" hai1="110,130,113,17,92,21,5,55,31,86,53,115,127" hai2="96,29,122,32,85,4,116,75,71,63,49,104,107" hai3="99,100,35,37,102,59,81,38,65,117,67,91,20"/><U39/><E39/><V51/><F75/><W3/><G35/><T94/><D1/><U84/><E5/><V97/><F116/><W109/><G109/><T34/><D34/><U79/><E110/><V24/><F122/><W78/><G3/><T95/><D57/><U61/><E31/><V70/><F85/><N who="3" m="48311" /><G38/><T40/><D123/><U134/><E61/><V47/><F4/><W74/><G74/><T16/><D112/><N who="1" m="43083" /><E130/><V45/><F63/><N who="3" m="38143" /><G67/><T88/><D129/><U135/><E127/><V93/><F32/><W69/><G69/><T30/><D73/><U28/><E28/><V23/><F29/><W98/><G37/><T15/><D30/><U114/><N who="1" m="43091" /><U52/><DORA hai="105" /><E92/><V12/><F93/><N who="3" m="56639" /><G99/><T126/><D126/><U124/><E124/><V14/><REACH who="2" step="1"/><F24/><REACH who="2" ten="147,327,215,301" step="2"/><W64/><G117/><T132/><D132/><N who="1" m="50731" /><E79/><V25/><F25/><AGARI ba="3,1" hai="17,21,25,52,53,55,84,86" m="50731,43091" machi="25" ten="50,9600,0" yaku="15,1,20,1,54,1" doraHai="11,105" who="1" fromWho="2" sc="147,0,327,115,215,-105,301,0" /><INIT seed="5,4,0,3,4,79" ten="147,442,110,301" oya="1" hai0="49,63,122,21,4,50,97,135,12,24,35,14,23" hai1="47,131,20,117,32,44,120,42,93,62,90,92,134" hai2="10,89,95,69,109,73,1,65,51,86,6,123,31" hai3="77,16,26,15,127,87,22,64,59,132,78,67,41"/><U39/><E32/><V66/><F109/><W11/><G132/><T29/><D135/><U8/><E134/><V119/><F119/><W101/><G127/><T113/><D122/><U55/><E117/><V105/><F123/><W36/><G101/><T121/><D121/><U58/><E120/><V85/><F73/><W74/><G74/><T48/><D113/><U72/><E72/><V17/><F105/><W53/><G41/><T111/><D111/><U82/><E131/><V45/><F31/><W114/><G36/><T2/><D63/><U99/><E47/><V5/><F69/><W116/><G114/><T130/><D130/><U54/><E8/><V34/><F34/><W37/><G37/><T57/><D57/><U40/><E40/><V7/><F85/><W19/><G116/><T30/><D97/><U9/><E9/><V43/><REACH who="2" step="1"/><F1/><REACH who="2" ten="147,442,100,301" step="2"/><W3/><G3/><T83/><D29/><U52/><E20/><V46/><F46/><W71/><G71/><T91/><D2/><U107/><E107/><V96/><F96/><W81/><G78/><T13/><D35/><U102/><E93/><V125/><F125/><W76/><G76/><T128/><D128/><U25/><E25/><V80/><F80/><W33/><G33/><T126/><D126/><U100/><E82/><V60/><F60/><AGARI ba="4,1" hai="11,15,16,19,22,26,53,59,60,64,67,77,81,87" machi="60" ten="30,7700,0" yaku="7,1,8,1,52,1,54,1" doraHai="79" who="3" fromWho="2" sc="147,0,442,0,100,-89,301,99" /><INIT seed="6,0,0,5,3,106" ten="147,442,11,400" oya="2" hai0="105,4,102,24,29,10,90,59,5,27,110,95,43" hai1="3,60,80,135,52,72,111,116,15,114,113,1,93" hai2="127,61,23,84,75,108,125,18,64,63,65,17,50" hai3="77,25,81,89,130,134,42,62,101,22,20,54,119"/><V12/><F108/><W28/><G119/><T58/><D110/><U71/><E111/><V131/><F131/><W115/><G115/><N who="1" m="44042" /><E116/><V49/><F84/><W66/><G101/><T124/><D58/><N who="1" m="34887" /><E71/><V26/><F12/><W38/><G54/><T9/><D24/><U44/><E135/><V79/><F23/><W46/><G134/><T76/><D10/><U133/><E133/><V73/><REACH who="2" step="1"/><F79/><REACH who="2" ten="147,442,1,400" step="2"/><W85/><G130/><T36/><D76/><U120/><E15/><V70/><F70/><W35/><G77/><T97/><D27/><AGARI ba="0,1" hai="17,18,26,27,49,50,61,63,64,65,73,75,125,127" machi="27" ten="25,12000,1" yaku="1,1,22,2,52,2,53,0" doraHai="106" doraHaiUra="91" who="2" fromWho="0" sc="147,-120,442,0,1,130,400,0" /><INIT seed="6,1,0,3,5,34" ten="27,442,131,400" oya="2" hai0="7,55,18,1,48,45,66,20,16,101,61,11,6" hai1="104,88,53,37,120,71,79,5,3,30,26,86,57" hai2="78,107,62,4,14,134,60,67,122,50,72,91,74" hai3="114,124,0,40,95,22,42,52,12,106,85,19,96"/><V135/><F107/><W100/><G0/><T25/><D101/><U41/><E104/><V47/><F122/><W131/><G131/><T133/><D133/><N who="2" m="50698" /><F78/><W130/><G130/><T132/><D132/><U89/><E71/><V97/><F91/><W81/><G106/><T68/><REACH who="0" step="1"/><D7/><REACH who="0" ten="17,442,131,400" step="2"/><U44/><E120/><V27/><F4/><W92/><G100/><T115/><D115/><U51/><E5/><V63/><F74/><W110/><G114/><T13/><D13/><U103/><E103/><V75/><F14/><W2/><G12/><T87/><D87/><U93/><E3/><V113/><F113/><W69/><G2/><T46/><D46/><U126/><E126/><V38/><F75/><W32/><G124/><T108/><D108/><U90/><E79/><V99/><F72/><W121/><G85/><T105/><D105/><U17/><E17/><AGARI ba="1,1" hai="1,6,11,16,17,18,20,25,45,48,55,61,66,68" machi="17" ten="30,7700,0" yaku="1,1,7,1,52,1,54,1,53,0" doraHai="34" doraHaiUra="36" who="0" fromWho="1" sc="17,90,442,-80,131,0,400,0" /><INIT seed="7,0,0,0,4,26" ten="107,362,131,400" oya="3" hai0="74,94,7,48,132,56,0,97,133,82,105,8,125" hai1="135,70,103,29,93,112,114,63,134,90,91,32,108" hai2="99,38,75,71,50,25,128,60,121,5,115,40,78" hai3="62,49,14,77,104,42,111,92,69,39,79,27,85"/><W72/><G104/><T31/><D105/><U102/><E108/><V89/><F50/><W53/><G72/><T16/><D125/><U129/><E70/><V54/><F54/><W58/><G111/><T22/><D74/><U130/><E63/><V4/><F121/><W13/><G79/><T61/><D48/><U117/><E32/><V64/><F115/><N who="1" m="44073" /><E29/><V67/><F67/><N who="3" m="41207" /><G27/><N who="0" m="16887" /><D82/><U35/><E35/><V84/><F25/><W127/><G127/><T10/><D61/><U88/><E117/><V107/><F128/><N who="1" m="49257" /><E93/><N who="2" m="54439" /><F38/><W109/><G109/><T118/><D56/><U66/><E66/><V33/><F33/><W37/><G37/><T3/><D118/><U21/><E21/><V18/><F40/><W68/><G68/><T73/><D0/><U87/><E87/><V51/><F51/><W57/><G57/><T59/><D59/><U52/><E52/><V83/><F18/><W34/><G34/><T41/><D41/><U23/><E23/><V76/><F76/><W6/><G77/><T101/><D73/><U116/><E116/><V96/><F96/><W120/><G42/><T24/><D24/><U11/><E11/><V55/><F55/><W30/><G39/><T124/><D124/><U17/><E17/><V98/><F98/><W80/><G53/><T122/><D122/><U20/><E20/><V100/><AGARI ba="0,0" hai="4,5,60,64,71,75,78,83,99,100,107" m="54439" machi="100" ten="30,1100,0" yaku="24,1" doraHai="26" who="2" fromWho="2" sc="107,-3,362,-3,131,11,400,-5" owari="104,-40.0,359,16.0,142,-26.0,395,50.0" /></mjloggm>