<mjloggm ver="2.3"><GO type="169" lobby="0"/><UN n0="%E6%B0%B7%E6%9F%B1" n1="%E5%B0%B1%E6%B4%BB%E7%94%9F%40%E5%B7%9D%E6%9D%91%E8%BB%8D%E5%9B%A3" n2="%E6%9E%9D%E8%B1%86%E3%82%AB%E3%83%AC%E3%83%BC%E7%94%98%E5%8F%A3" n3="%E3%81%A0%E3%81%84%E3%81%95%E3%83%BC%E3%82%93" dan="17,17,16,16" rate="2139.13,2183.89,2060.02,2027.36" sx="M,M,F,M"/><TAIKYOKU oya="0"/><INIT seed="0,0,0,2,1,45" ten="250,250,250,250" oya="0" hai0="110,134,117,85,26,6,120,129,69,10,52,2,95" hai1="37,51,39,84,65,46,42,88,21,55,108,97,74" hai2="23,73,83,131,91,11,111,87,124,113,36,121,3" hai3="1,116,100,75,41,66,54,13,104,132,77,50,112"/><T14/><D117/><U32/><E32/><V59/><F121/><W47/><G47/><T82/><D120/><U64/><E74/><V8/><F113/><W0/><G0/><T127/><D69/><U44/><E108/><V28/><F111/><W15/><G15/><T128/><D110/><U57/><E97/><V114/><F114/><W92/><G92/><T24/><D134/><U40/><E21/><V35/><F35/><W79/><G79/><T123/><D123/><U67/><E84/><V115/><F115/><W130/><G130/><N who="0" m="50283" /><D127/><U118/><E88/><V58/><F36/><N who="1" m="13897" /><E118/><V93/><F124/><W20/><G77/><N who="0" m="46287" /><D95/><U96/><E96/><V105/><F105/><W27/><G104/><T63/><D14/><U78/><E78/><V109/><F109/><W133/><G13/><T103/><D103/><U38/><E67/><V102/><F102/><W119/><G66/><T106/><D106/><U126/><E126/><V4/><F131/><W12/><G100/><T30/><D30/><U89/><E89/><V43/><F93/><W53/><G12/><T101/><D101/><U25/><E25/><N who="2" m="16447" /><F73/><W76/><G75/><T70/><D70/><U68/><E68/><V18/><F11/><W49/><G119/><T61/><D61/><AGARI ba="0,0" hai="38,40,42,44,46,51,55,57,61,64,65" m="13897" machi="61" ten="30,12000,2" yaku="35,5,52,1" doraHai="45" who="1" fromWho="0" sc="250,-120,250,120,250,0,250,0" /><INIT seed="1,0,0,2,2,93" ten="130,370,250,250" oya="1" hai0="78,49,124,105,133,34,12,91,40,23,127,128,51" hai1="16,53,26,10,90,22,95,89,42,65,116,31,94" hai2="8,0,69,71,126,106,97,1,50,115,102,75,36" hai3="87,130,35,15,72,63,30,119,48,55,67,4,46"/><U37/><E116/><V59/><F126/><N who="0" m="48170" /><D34/><U82/><E37/><V61/><F115/><W112/><G112/><T135/><D105/><U88/><E42/><V101/><F75/><W81/><G119/><T6/><D78/><U18/><E65/><V134/><F134/><N who="0" m="51210" /><D40/><U121/><E121/><V39/><F50/><N who="0" m="18954" /><D91/><U120/><E120/><V58/><F8/><W129/><G72/><T131/><D23/><U64/><E64/><V11/><F11/><AGARI ba="0,0" hai="6,11,12,128,131" m="18954,51210,48170" machi="11" ten="40,8000,1" yaku="30,2,18,1,20,1" doraHai="93" who="0" fromWho="2" sc="130,80,370,0,250,-80,250,0" /><INIT seed="2,0,0,4,1,115" ten="210,370,170,250" oya="2" hai0="61,13,26,17,56,131,130,102,121,73,65,4,86" hai1="36,19,120,7,101,106,29,51,129,89,78,125,133" hai2="112,93,43,107,62,48,45,12,116,110,134,69,60" hai3="59,68,88,25,72,55,22,135,20,6,76,21,83"/><V30/><F112/><W54/><G68/><T94/><D73/><U97/><E36/><V109/><F107/><W74/><G135/><T66/><D121/><U38/><E38/><V32/><F134/><W99/><G72/><T80/><D4/><U41/><E133/><V9/><F69/><W3/><G55/><T122/><D122/><U1/><E29/><V100/><F116/><W92/><G6/><T77/><D26/><U96/><E7/><V117/><F117/><W53/><G54/><T113/><D66/><U124/><E1/><V128/><F128/><W8/><G8/><T126/><D126/><U103/><E129/><V118/><F118/><W35/><G35/><T63/><D63/><U123/><E19/><N who="2" m="8591" /><F30/><W79/><G79/><T46/><D46/><N who="1" m="26063" /><E89/><V49/><F49/><W50/><REACH who="3" step="1"/><G3/><REACH who="3" ten="210,370,170,240" step="2"/><T52/><D113/><U37/><E78/><V42/><F32/><W31/><AGARI ba="0,1" hai="20,21,22,25,31,50,53,59,74,76,83,88,92,99" machi="31" ten="20,8000,1" yaku="1,1,2,1,0,1,7,1,54,1,53,0" doraHai="115" doraHaiUra="71" who="3" fromWho="3" sc="210,-20,370,-20,170,-40,240,90" /><INIT seed="3,0,0,2,4,50" ten="190,350,130,330" oya="3" hai0="100,40,69,37,23,55,94,6,115,85,43,2,128" hai1="95,134,86,76,59,25,81,44,111,129,70,102,57" hai2="66,15,38,8,114,87,122,5,0,28,65,99,27" hai3="13,56,119,135,30,26,108,125,112,120,78,9,72"/><W24/><G72/><T14/><D69/><U97/><E70/><V79/><F114/><W96/><G78/><T113/><D2/><U64/><E111/><V116/><F116/><W32/><G112/><N who="0" m="43083" /><D37/><U67/><E129/><V41/><F122/><W58/><G119/><T34/><D34/><U101/><E134/><V60/><F99/><W54/><G120/><T84/><D6/><U104/><E104/><V98/><F98/><W123/><G123/><T61/><D100/><U126/><E102/><V16/><F41/><N who="0" m="15946" /><D94/><U53/><E25/><V17/><F38/><W39/><G39/><T74/><D74/><U92/><E92/><V109/><F109/><W131/><G135/><T103/><D103/><U46/><E126/><V10/><F17/><W42/><G131/><T22/><D14/><U62/><E67/><V20/><REACH who="2" step="1"/><F60/><AGARI ba="0,0" hai="44,46,53,57,59,60,62,64,76,81,86,95,97,101" machi="60" ten="30,3900,0" yaku="7,1,8,1,52,1" doraHai="50" who="1" fromWho="2" sc="190,0,350,39,130,-39,330,0" /><INIT seed="4,0,0,4,0,127" ten="190,389,91,330" oya="0" hai0="131,72,67,113,62,135,55,112,37,51,45,56,39" hai1="117,103,88,68,83,13,86,31,46,101,79,14,85" hai2="107,43,34,123,17,102,6,35,109,128,66,53,84" hai3="23,71,50,41,82,94,27,105,36,24,74,114,19"/><T2/><D72/><U69/><E117/><V4/><F123/><W73/><G105/><T21/><D2/><U122/><E122/><V132/><F132/><W61/><G114/><N who="0" m="44139" /><D21/><U7/><E69/><V97/><F109/><W80/><G36/><N who="0" m="13899" /><D135/><U1/><E68/><V18/><F18/><W99/><G74/><T134/><D134/><U130/><E130/><AGARI ba="0,0" hai="45,51,55,56,62,67,130,131" m="13899,44139" machi="130" ten="40,12000,1" yaku="15,1,34,2,52,2" doraHai="127" who="0" fromWho="1" sc="190,120,389,-120,91,0,330,0" /><INIT seed="4,1,0,4,1,115" ten="310,269,91,330" oya="0" hai0="7,65,16,99,118,51,77,128,90,45,21,67,78" hai1="38,36,68,27,18,31,111,94,110,112,83,116,113" hai2="130,40,88,12,75,54,107,109,15,84,76,97,56" hai3="72,95,34,96,102,73,13,22,42,121,11,135,28"/><T103/><D118/><U0/><E0/><V129/><F109/><N who="1" m="41481" /><E68/><V106/><F40/><W100/><G135/><T8/><D128/><U126/><E126/><V82/><F129/><W86/><G121/><T50/><D90/><U69/><E69/><V119/><F119/><W57/><G34/><T52/><D51/><U60/><E60/><V33/><F33/><W122/><G122/><T79/><D7/><U1/><E1/><V61/><F130/><W120/><G120/><T55/><D55/><U63/><E63/><V133/><F133/><W92/><G42/><T25/><REACH who="0" step="1"/><D8/><REACH who="0" ten="300,269,91,330" step="2"/><U24/><E38/><V32/><F32/><W4/><G57/><T98/><D98/><U101/><E36/><V19/><F97/><W35/><G102/><T53/><D53/><U124/><E116/><V71/><F71/><W117/><G100/><T17/><D17/><U49/><E18/><V48/><F48/><W89/><G96/><T131/><D131/><U123/><E49/><V59/><F59/><W62/><G117/><T23/><D23/><U37/><E123/><V3/><F3/><W132/><G35/><T41/><D41/><U66/><E37/><V114/><F114/><W46/><G132/><T2/><D2/><U39/><E39/><V134/><F134/><W93/><G62/><T29/><D29/><U20/><E113/><V58/><F58/><W9/><G9/><T64/><D64/><U105/><E112/><V43/><F43/><W70/><G70/><T127/><D127/><U125/><E125/><V5/><F5/><W108/><G4/><T80/><D80/><RYUUKYOKU ba="1,1" sc="300,30,269,-10,91,-10,330,-10" hai0="16,21,25,45,50,52,65,67,77,78,79,99,103" /><INIT seed="4,2,1,3,3,32" ten="330,259,81,320" oya="0" hai0="41,92,65,39,88,16,133,96,115,46,134,117,2" hai1="54,125,63,119,31,57,74,4,49,102,118,99,124" hai2="14,114,5,109,85,86,82,87,80,11,94,64,27" hai3="9,61,53,90,130,103,78,105,97,131,132,113,77"/><T111/><D117/><N who="1" m="44555" /><E74/><V22/><F109/><W17/><G113/><T25/><D115/><U59/><E31/><V6/><F114/><W50/><G132/><N who="0" m="50795" /><D111/><U21/><E21/><V71/><F71/><W121/><G121/><T42/><D42/><U30/><E30/><V81/><F64/><W20/><G9/><T19/><D65/><N who="1" m="39151" /><E4/><V36/><F36/><W95/><G61/><T47/><D47/><N who="1" m="27967" /><E99/><V13/><F94/><W128/><G17/><N who="0" m="6731" /><D25/><U83/><E83/><V66/><F66/><W93/><G20/><T48/><D2/><U33/><E102/><V10/><F22/><W116/><G116/><T52/><D96/><U112/><E33/><V34/><REACH who="2" step="1"/><F27/><REACH who="2" ten="330,259,71,320" step="2"/><W40/><G95/><T67/><D92/><U23/><E23/><V107/><F107/><W7/><G130/><T106/><D106/><U26/><E26/><V24/><F24/><W70/><G131/><T68/><D68/><U126/><E112/><V69/><F69/><W62/><G70/><T127/><D67/><U72/><E126/><V75/><F75/><W91/><G128/><T3/><D127/><U110/><E72/><V122/><F122/><W28/><G93/><T55/><D3/><U123/><E110/><V37/><F37/><W98/><G105/><T108/><D108/><U84/><E84/><V79/><F79/><W100/><G28/><T1/><D1/><U129/><E129/><V56/><F56/><W104/><G103/><T29/><D29/><U35/><E35/><AGARI ba="2,2" hai="5,6,10,11,13,14,34,35,80,81,82,85,86,87" machi="35" ten="40,8000,1" yaku="1,1,9,1,53,2" doraHai="32" doraHaiUra="8" who="2" fromWho="1" sc="330,0,259,-86,71,106,320,0" /><INIT seed="5,0,0,0,2,86" ten="330,173,177,320" oya="1" hai0="7,134,35,133,57,40,54,47,132,48,18,129,87" hai1="10,3,60,49,117,115,121,118,76,51,14,128,26" hai2="93,114,105,55,99,13,50,36,22,112,83,79,66" hai3="127,1,96,21,103,90,125,58,33,61,63,53,37"/><U9/><E121/><V126/><F126/><N who="3" m="48139" /><G33/><T73/><D73/><U119/><E115/><V52/><F36/><W82/><G1/><T15/><D35/><U41/><E128/><V68/><F105/><N who="3" m="63719" /><G37/><T111/><D111/><U29/><E76/><V81/><F66/><W85/><G21/><T38/><D7/><U20/><E60/><AGARI ba="0,0" hai="53,58,60,61,63,82,85,90" m="63719,48139" machi="60" ten="30,2000,0" yaku="18,1,52,1" doraHai="86" who="3" fromWho="1" sc="330,0,173,-20,177,0,320,20" /><INIT seed="6,0,0,5,2,45" ten="330,153,177,340" oya="2" hai0="121,35,39,37,36,32,92,56,73,49,4,114,58" hai1="106,1,95,16,23,0,84,26,76,13,44,69,3" hai2="134,17,62,115,120,66,110,135,127,86,122,50,100" hai3="24,104,52,116,119,15,96,83,57,21,41,42,128"/><V101/><F127/><W112/><G128/><T53/><D121/><U71/><E106/><V88/><F115/><W48/><G112/><T20/><D114/><U68/><E95/><V67/><F110/><W8/><G83/><T38/><D73/><U7/><E44/><V85/><F17/><W93/><G104/><T30/><D4/><U130/><E130/><V94/><F86/><W99/><G116/><T65/><D37/><U113/><E113/><V59/><F67/><W64/><G64/><T70/><D70/><U98/><E98/><N who="3" m="37418" /><G93/><T78/><D78/><U18/><E7/><V14/><F14/><W28/><G119/><T124/><D124/><U22/><E84/><V97/><F50/><W132/><G132/><N who="2" m="50729" /><F101/><W77/><G77/><T29/><D92/><AGARI ba="0,0" hai="59,62,66,85,88,92,94,97,100,120,122" m="50729" machi="92" ten="30,2900,0" yaku="20,1,54,1" doraHai="45" who="2" fromWho="0" sc="330,-29,153,0,177,29,340,0" /><INIT seed="6,1,0,4,4,57" ten="301,153,206,340" oya="2" hai0="110,50,14,104,62,18,91,49,131,133,113,115,99" hai1="44,60,122,127,1,84,13,90,32,75,5,119,95" hai2="125,33,54,47,86,25,65,43,79,15,88,64,29" hai3="6,16,59,128,21,87,8,78,23,48,73,67,27"/><V132/><F132/><W0/><G128/><T58/><D110/><U101/><E1/><V105/><F105/><W41/><G73/><T35/><D133/><U121/><E119/><V17/><F125/><W2/><G67/><N who="0" m="39383" /><D35/><U61/><E32/><V96/><F96/><W52/><G41/><T11/><D131/><U97/><E75/><V117/><F79/><W72/><G72/><T68/><D68/><U28/><E28/><V40/><F54/><W34/><G34/><T112/><D91/><U109/><E109/><V22/><F43/><W135/><G135/><T9/><D9/><N who="1" m="4271" /><E44/><V94/><REACH who="2" step="1"/><F117/><REACH who="2" ten="301,153,196,340" step="2"/><W118/><G118/><T24/><D99/><U66/><E66/><V106/><F106/><W12/><G78/><T111/><D104/><N who="1" m="63535" /><E127/><V31/><F31/><W53/><G53/><T123/><D111/><U126/><E126/><V98/><F98/><W45/><G87/><T92/><D123/><AGARI ba="1,1" hai="60,61,84,90,95,121,122,123" m="63535,4271" machi="123" ten="30,3900,0" yaku="13,1,52,2" doraHai="57" who="1" fromWho="0" sc="301,-42,153,52,196,0,340,0" /><INIT seed="7,0,0,3,4,90" ten="259,205,196,340" oya="3" hai0="16,33,45,41,64,113,85,0,73,24,17,75,118" hai1="18,91,68,108,87,8,105,94,100,34,22,134,96" hai2="25,42,26,88,37,47,56,12,109,102,83,107,76" hai3="32,124,98,72,127,44,36,77,125,93,79,66,101"/><W89/><G32/><T23/><D118/><U84/><E34/><V19/><F109/><W121/><G121/><T97/><D0/><U39/><E39/><V13/><F13/><W49/><G36/><T14/><D64/><U78/><E68/><V133/><F133/><W61/><G72/><T43/><D113/><U132/><E108/><V20/><F88/><W31/><G31/><T2/><D2/><U35/><E35/><V29/><F29/><W86/><G49/><T4/><D4/><U51/><E51/><V128/><F128/><W53/><G53/><T52/><D97/><N who="1" m="57567" /><E8/><V131/><F131/><W114/><G44/><T110/><D75/><U80/><E18/><V95/><F107/><N who="3" m="63927" /><G114/><T103/><D103/><U15/><E15/><V1/><F1/><W10/><G10/><N who="0" m="6231" /><D73/><N who="1" m="43087" /><E22/><V5/><F5/><W130/><G130/><T28/><D33/><U27/><E27/><V122/><F122/><W71/><AGARI ba="0,0" hai="61,66,71,77,79,86,89,93,124,125,127" m="63927" machi="71" ten="30,3000,0" yaku="18,1,52,1" doraHai="90" who="3" fromWho="3" sc="259,-10,205,-10,196,-10,340,30" owari="249,5.0,195,-20.0,186,-31.0,370,46.0" /></mjloggm>