<mjloggm ver="2.3"><GO type="169" lobby="0"/><UN n0="%E3%82%AB%E3%83%AA%E3%83%95%E3%82%A9%E3%83%AB%E3%83%8B%E3%82%A2%E9%A2%A8" n1="%E3%82%A6%E3%83%AB%E3%83%88%E3%83%A9%E7%AB%8B%E7%9B%B4" n2="%E5%9B%BD%E5%AE%B6%E6%9C%80%E7%B5%82%E6%88%A6%E5%8A%9B" n3="%70%63%63%61%62%63" dan="17,18,16,16" rate="2117.84,2191.04,2138.40,2078.44" sx="M,M,M,M"/><TAIKYOKU oya="0"/><INIT seed="0,0,0,2,5,53" ten="250,250,250,250" oya="0" hai0="99,84,34,19,76,111,15,67,41,33,77,93,14" hai1="101,48,10,95,5,23,29,88,116,81,120,63,90" hai2="27,21,0,61,68,82,106,73,31,60,104,94,64" hai3="83,74,127,40,126,56,2,11,114,125,7,92,4"/><T98/><D41/><U113/><E120/><V45/><F0/><W44/><G114/><T119/><D119/><U24/><E116/><V20/><F94/><W102/><G7/><T50/><D50/><U57/><E48/><V47/><F21/><W62/><G92/><T32/><D111/><U129/><E129/><V85/><F73/><W54/><G102/><T22/><D67/><N who="1" m="39407" /><E81/><V13/><F13/><W69/><G69/><T79/><REACH who="0" step="1"/><D14/><REACH who="0" ten="240,250,250,250" step="2"/><N who="1" m="5455" /><E113/><V134/><F61/><W121/><G121/><T36/><D36/><U112/><E112/><V49/><F49/><W30/><G40/><T103/><D103/><U122/><E122/><V38/><F38/><W65/><G65/><T26/><D26/><U42/><E42/><V89/><REACH who="2" step="1"/><F134/><REACH who="2" ten="240,250,240,250" step="2"/><W25/><G62/><T43/><D43/><U59/><E59/><V9/><F9/><W107/><G56/><T132/><D132/><U52/><E52/><V51/><F51/><W105/><G54/><T8/><D8/><U110/><E110/><V46/><AGARI ba="0,2" hai="20,27,31,45,46,47,60,64,68,82,85,89,104,106" machi="46" ten="30,2000,0" yaku="1,1,0,1,53,0" doraHai="53" doraHaiUra="91" who="2" fromWho="2" sc="240,-10,250,-5,240,40,250,-5" /><INIT seed="1,0,0,4,3,16" ten="230,245,280,245" oya="1" hai0="94,89,103,57,20,2,92,11,113,101,119,23,110" hai1="1,7,64,88,90,79,108,22,53,70,107,55,40" hai2="50,25,61,115,18,117,109,52,102,82,124,131,17" hai3="3,0,127,118,134,46,80,99,37,121,49,84,29"/><U129/><E107/><V28/><F117/><W68/><G121/><T111/><D119/><U62/><E129/><V43/><F109/><N who="0" m="41482" /><D113/><U75/><E108/><V32/><F124/><W34/><G118/><T9/><D94/><U116/><E116/><V128/><F115/><W21/><G127/><T48/><D48/><U60/><E40/><V15/><F102/><N who="0" m="38922" /><D57/><U5/><E79/><V71/><F50/><W78/><G68/><T96/><D11/><U133/><E75/><V30/><F71/><W69/><G69/><T126/><D126/><U42/><E42/><V105/><F43/><W56/><G56/><T19/><D19/><U112/><E70/><V27/><F18/><W100/><G100/><T120/><D120/><U81/><E112/><V86/><F17/><W8/><G8/><T51/><D51/><U132/><E81/><V104/><F82/><W73/><G73/><T4/><AGARI ba="0,0" hai="2,4,9,20,23,89,92,96" m="38922,41482" machi="4" ten="30,4000,0" yaku="14,1,52,2" doraHai="16" who="0" fromWho="0" sc="230,40,245,-20,280,-10,245,-10" /><INIT seed="2,0,0,5,0,42" ten="270,225,270,235" oya="2" hai0="27,120,64,75,41,96,100,109,66,7,90,31,48" hai1="54,3,128,57,87,49,85,13,44,63,68,114,21" hai2="11,102,76,1,72,8,117,93,73,94,98,126,84" hai3="36,25,103,112,50,119,58,55,29,16,105,61,69"/><V89/><F126/><W82/><G119/><T9/><D75/><U67/><E3/><V122/><F122/><W135/><G135/><T5/><D109/><U88/><E114/><V70/><F117/><W99/><G36/><T65/><D90/><U124/><E124/><V32/><F32/><W51/><G112/><T91/><D91/><U134/><E134/><V10/><F1/><W56/><G82/><T110/><D110/><U71/><E128/><V97/><REACH who="2" step="1"/><F70/><REACH who="2" ten="270,225,260,235" step="2"/><W80/><G69/><T78/><D120/><U92/><E71/><V130/><F130/><W131/><G131/><T47/><D78/><U38/><E68/><V23/><F23/><W107/><G58/><T133/><D133/><U53/><E38/><V52/><F52/><W83/><G55/><T4/><D9/><U101/><E54/><V106/><F106/><W127/><G56/><T46/><D64/><U74/><E67/><V123/><F123/><W45/><G105/><T14/><D66/><U104/><E104/><V34/><F34/><W129/><G129/><T17/><D65/><U40/><E21/><V33/><F33/><W59/><G107/><T28/><D48/><U77/><E49/><V108/><F108/><W26/><G51/><T116/><D116/><U18/><E53/><V132/><F132/><W37/><G50/><T43/><D43/><U12/><E40/><V62/><F62/><W24/><G61/><T81/><D41/><U20/><E63/><V30/><F30/><W111/><G29/><T121/><D31/><U39/><E57/><V22/><F22/><N who="3" m="13383" /><G127/><T2/><D121/><RYUUKYOKU ba="0,1" sc="270,-10,225,-10,260,30,235,-10" hai2="8,10,11,72,73,76,84,89,93,94,97,98,102" /><INIT seed="2,1,1,1,4,135" ten="260,215,290,225" oya="2" hai0="78,129,93,66,60,122,57,36,99,108,39,6,91" hai1="13,15,65,124,7,70,47,69,88,116,96,51,38" hai2="20,126,45,130,118,125,31,23,53,3,111,95,132" hai3="34,76,123,42,21,105,4,104,48,79,59,131,64"/><V134/><F118/><W72/><G34/><T68/><D122/><U75/><E75/><V22/><F130/><W19/><G4/><T85/><D129/><U30/><E116/><V117/><F117/><W90/><G131/><T11/><D108/><U18/><E38/><V89/><F3/><W102/><G90/><T41/><D41/><U87/><E30/><V63/><F31/><W71/><G71/><T17/><D17/><U103/><E65/><V74/><F74/><W43/><G72/><T100/><D78/><U10/><E124/><N who="2" m="47723" /><F111/><W101/><G104/><T5/><D68/><U84/><E70/><V8/><F8/><W121/><G105/><T98/><D6/><U73/><E69/><V54/><F63/><W55/><G64/><T0/><D99/><U114/><E73/><V127/><N who="2" m="47731" /><V97/><DORA hai="128" /><F45/><W26/><G121/><T106/><AGARI ba="1,1" hai="0,5,11,36,39,57,60,66,85,91,93,98,100,106" machi="106" ten="20,1500,0" yaku="0,1,7,1" doraHai="135,128" who="0" fromWho="0" sc="260,28,215,-5,290,-8,225,-5" /><INIT seed="3,0,0,2,4,91" ten="288,210,282,220" oya="3" hai0="115,75,104,63,127,92,39,36,106,98,116,25,128" hai1="69,70,32,34,55,42,111,43,47,120,131,130,107" hai2="37,35,64,48,23,87,82,124,8,90,133,61,112" hai3="52,20,57,1,83,65,16,80,54,58,88,19,74"/><W24/><G1/><T108/><D75/><U49/><E120/><V3/><F35/><W38/><G38/><T11/><D116/><U85/><E107/><V113/><F37/><W62/><G65/><T53/><D106/><U71/><E85/><V118/><F133/><W0/><G0/><T45/><D104/><U4/><E4/><V13/><F124/><W89/><G19/><T95/><D39/><U18/><E18/><V17/><F118/><W97/><G74/><T14/><D127/><U134/><E32/><V135/><F135/><W41/><G41/><N who="1" m="15370" /><E34/><V30/><F48/><N who="3" m="30919" /><G89/><T7/><D7/><U99/><E99/><V9/><F3/><W56/><G56/><T28/><D98/><U67/><E134/><V81/><F30/><W73/><G73/><T29/><D29/><U76/><E76/><V15/><F17/><W51/><G51/><T94/><D28/><U12/><E67/><V102/><F64/><W21/><G20/><T50/><D36/><U10/><E10/><V68/><F23/><W100/><G100/><T125/><D11/><U132/><E132/><V33/><F33/><W86/><G97/><T122/><D122/><U6/><E6/><V129/><F102/><W66/><G66/><T79/><D125/><U2/><E2/><V26/><F90/><W77/><G77/><T46/><D79/><U126/><E126/><V109/><F113/><W60/><G60/><T93/><D63/><U84/><E71/><V31/><F68/><W114/><G114/><T123/><N who="0" m="23552" /><DORA hai="27" /><T103/><D115/><U105/><E70/><V117/><F112/><RYUUKYOKU ba="0,0" sc="288,-10,210,-10,282,-10,220,30" hai3="16,21,24,52,58,62,80,83,86,88" /><INIT seed="3,1,0,0,3,111" ten="278,200,272,250" oya="3" hai0="89,65,104,92,36,7,74,40,98,84,14,114,29" hai1="124,101,100,47,9,134,10,79,30,115,126,68,3" hai2="117,8,72,0,119,34,57,22,64,91,97,130,60" hai3="19,110,55,108,52,87,109,99,94,5,33,95,118"/><W43/><G118/><T102/><D65/><U105/><E68/><V85/><F34/><W133/><G133/><T66/><D66/><U4/><E79/><V51/><F72/><W46/><G33/><T131/><D29/><U58/><E30/><V107/><F22/><W2/><G87/><T59/><D59/><U13/><E134/><V121/><F130/><W120/><G120/><T42/><D131/><U86/><E58/><V88/><F121/><W81/><G81/><T1/><D1/><U70/><E70/><V132/><F51/><W54/><G99/><T106/><D106/><U27/><E27/><V123/><F123/><W71/><G71/><T6/><D74/><U113/><E47/><V83/><F132/><W90/><G90/><T18/><D36/><U112/><E86/><V45/><F45/><W63/><G63/><T16/><D18/><N who="1" m="8503" /><E105/><V23/><F107/><W128/><G128/><T80/><D104/><U41/><E41/><N who="0" m="15977" /><D114/><U53/><E53/><V12/><F64/><W77/><G19/><T127/><D127/><AGARI ba="1,0" hai="3,4,9,100,101,112,113,115,124,126,127" m="8503" machi="127" ten="40,8000,1" yaku="18,1,52,3" doraHai="111" who="1" fromWho="0" sc="278,-83,200,83,272,0,250,0" /><INIT seed="4,0,0,3,1,114" ten="195,283,272,250" oya="0" hai0="86,5,124,63,76,100,83,120,69,53,71,0,14" hai1="37,88,29,24,3,92,107,115,2,11,126,60,87" hai2="45,129,90,61,65,122,106,64,62,36,22,31,113" hai3="47,58,110,81,131,55,10,12,78,52,101,68,111"/><T67/><D120/><U17/><E107/><V16/><F122/><W134/><G68/><T135/><D0/><U46/><E115/><V28/><F106/><W32/><G32/><T74/><D124/><U73/><E126/><V105/><F105/><W133/><G101/><T35/><D35/><U118/><E118/><V18/><F129/><W48/><G131/><T127/><D127/><U43/><E73/><V44/><F113/><W84/><G55/><T7/><D100/><U21/><E60/><V72/><F72/><W123/><G58/><T70/><D135/><N who="3" m="51721" /><G123/><T57/><D67/><U130/><E130/><V96/><F22/><W26/><G26/><T30/><D30/><U132/><REACH who="1" step="1"/><E132/><REACH who="1" ten="195,273,272,250" step="2"/><V39/><F62/><W49/><G49/><T8/><REACH who="0" step="1"/><D74/><REACH who="0" ten="185,273,272,250" step="2"/><U59/><E59/><V97/><F64/><W23/><G111/><T80/><D80/><U54/><E54/><V33/><F65/><W95/><G110/><T4/><AGARI ba="0,2" hai="4,5,7,8,14,53,57,63,69,70,71,76,83,86" machi="4" ten="40,7800,0" yaku="1,1,0,1,53,1" doraHai="114" doraHaiUra="56" who="0" fromWho="0" sc="185,98,273,-26,272,-26,250,-26" /><INIT seed="4,1,0,1,3,38" ten="283,247,246,224" oya="0" hai0="111,101,7,4,124,77,115,71,62,93,84,26,22" hai1="105,66,37,102,90,8,117,92,108,36,64,106,24" hai2="131,70,83,113,133,99,126,45,132,11,50,61,89" hai3="20,51,6,57,100,134,82,129,80,127,44,73,35"/><T16/><D115/><U46/><E108/><V81/><F11/><W114/><G35/><T98/><D111/><U79/><E117/><V76/><F113/><W121/><G114/><T94/><D124/><U40/><E79/><V119/><F126/><W56/><G127/><T59/><D71/><U88/><E37/><V47/><F119/><W33/><G33/><T72/><D72/><U110/><E110/><V68/><F131/><W128/><G6/><T9/><D9/><U54/><E54/><V75/><F61/><W95/><G134/><N who="2" m="51817" /><F47/><W103/><G20/><T91/><REACH who="0" step="1"/><D77/><REACH who="0" ten="273,247,246,224" step="2"/><U86/><E8/><V23/><F76/><W74/><G128/><T60/><D60/><U0/><E0/><V29/><F75/><W53/><G129/><T63/><D63/><U2/><E2/><V78/><F78/><W122/><G74/><T112/><D112/><U21/><E106/><V109/><F109/><W107/><G107/><T32/><D32/><U96/><REACH who="1" step="1"/><E90/><REACH who="1" ten="273,237,246,224" step="2"/><V120/><F89/><W55/><G73/><T30/><D30/><AGARI ba="1,2" hai="21,24,30,36,40,46,64,66,86,88,92,96,102,105" machi="30" ten="30,8000,1" yaku="1,1,2,1,7,1,52,1,54,1,53,0" doraHai="38" doraHaiUra="12" who="1" fromWho="0" sc="273,-83,237,103,246,0,224,0" /><INIT seed="5,0,0,4,0,20" ten="190,340,246,224" oya="1" hai0="124,134,56,27,12,16,119,2,30,122,26,135,19" hai1="46,104,1,71,21,48,13,0,115,133,15,24,86" hai2="95,66,128,41,69,125,32,129,84,4,120,37,44" hai3="81,23,72,105,8,28,14,131,64,67,59,91,57"/><U74/><E71/><V3/><F120/><W42/><G105/><T63/><D119/><U94/><E74/><V53/><F32/><W123/><G131/><T93/><D122/><U106/><E104/><V127/><F95/><W70/><G42/><T18/><D2/><U5/><E106/><V58/><F84/><N who="3" m="50575" /><G72/><T39/><D39/><U77/><E115/><V107/><F107/><W83/><G83/><T17/><D124/><N who="2" m="47690" /><F4/><N who="3" m="3335" /><G70/><T118/><D118/><U7/><E133/><N who="0" m="50697" /><D30/><U79/><E0/><V132/><F3/><W108/><G108/><T80/><D93/><U50/><E94/><V60/><F132/><W82/><G82/><T102/><D102/><U62/><E1/><V61/><AGARI ba="0,0" hai="37,41,44,53,58,60,61,66,69,128,129" m="47690" machi="61" ten="30,4000,0" yaku="18,1,34,2" doraHai="20" who="2" fromWho="2" sc="190,-10,340,-20,246,40,224,-10" /><INIT seed="6,0,0,0,3,83" ten="180,320,286,214" oya="2" hai0="10,131,62,31,101,3,132,12,112,79,65,84,126" hai1="15,49,99,73,90,33,58,47,76,13,70,74,116" hai2="1,71,93,8,14,88,107,37,69,104,119,114,9" hai3="123,117,92,64,127,17,100,32,2,78,16,61,51"/><V45/><F1/><W30/><G123/><T28/><D3/><U6/><E33/><V105/><F119/><W75/><G117/><T115/><D101/><U56/><E70/><V34/><F34/><W66/><G127/><T129/><D126/><U0/><E0/><V25/><F25/><W103/><G51/><T128/><D132/><U55/><E116/><V21/><F21/><W91/><G2/><T5/><D79/><U43/><E76/><V20/><F20/><W41/><G41/><T133/><D133/><U130/><E130/><V7/><F9/><W60/><G78/><T120/><D120/><U77/><E58/><V18/><F18/><N who="3" m="7275" /><G32/><T82/><D82/><U134/><E134/><V102/><F102/><N who="3" m="38955" /><G30/><N who="0" m="11307" /><D84/><U48/><E74/><V35/><F35/><W89/><G75/><T40/><D40/><U50/><E77/><V106/><F106/><W68/><G68/><AGARI ba="0,0" hai="5,10,12,62,65,68,112,115,128,129,131" m="11307" machi="68" ten="40,1300,0" yaku="19,1" doraHai="83" who="0" fromWho="3" sc="180,13,320,0,286,0,214,-13" /><INIT seed="7,0,0,0,3,128" ten="193,320,286,201" oya="3" hai0="33,5,6,8,55,130,107,74,23,47,117,91,30" hai1="116,40,95,118,110,11,114,52,80,85,133,124,90" hai2="126,18,78,58,69,77,73,2,86,41,62,48,27" hai3="65,14,121,3,22,56,54,45,111,100,81,32,104"/><W34/><G121/><T98/><D117/><N who="1" m="45163" /><E133/><V61/><F2/><W46/><G3/><T19/><D130/><U122/><E124/><V123/><F126/><W105/><G65/><T120/><D120/><U82/><E114/><V53/><F73/><W72/><G111/><T24/><D74/><U87/><E110/><V134/><F134/><W43/><G34/><T44/><D107/><U132/><E132/><V97/><F69/><W127/><G32/><T13/><D33/><U83/><E40/><V28/><F18/><W109/><G109/><T4/><D55/><U21/><E122/><V16/><F28/><W76/><G104/><T66/><D66/><U9/><E21/><N who="2" m="13735" /><F97/><W115/><G105/><T79/><D79/><N who="1" m="46239" /><E52/><N who="2" m="32007" /><F41/><W15/><G43/><T36/><D36/><U51/><E51/><V96/><F96/><W37/><G37/><T108/><D108/><U60/><E60/><N who="2" m="23147" /><F123/><W10/><G127/><T0/><D0/><U50/><E50/><V68/><F68/><W99/><G99/><T71/><D71/><U88/><E11/><V26/><F26/><W89/><G10/><T20/><D8/><U57/><E9/><V94/><F53/><W1/><G1/><T75/><D75/><U113/><E113/><V102/><F102/><W42/><G115/><T12/><D13/><U135/><E135/><V131/><F131/><W92/><G15/><T38/><D38/><U29/><E29/><V63/><N who="2" m="23155" /><V84/><DORA hai="17" /><F84/><N who="3" m="52263" /><G42/><T103/><D103/><U35/><E35/><V59/><F59/><W49/><G100/><T112/><D112/><U39/><E57/><RYUUKYOKU ba="0,0" sc="193,10,320,-30,286,10,201,10" hai0="4,5,6,12,19,20,23,24,30,44,47,91,98" hai2="77,78,86,94" hai3="14,22,45,46,49,54,56,72,76,81" /><INIT seed="7,1,0,1,0,46" ten="203,290,296,211" oya="3" hai0="40,124,29,135,1,134,95,105,83,102,94,34,89" hai1="25,106,42,114,19,18,75,108,78,13,130,116,11" hai2="57,37,32,88,10,58,3,2,67,121,107,119,14" hai3="123,24,5,110,81,55,39,56,21,0,74,91,113"/><W128/><G123/><T68/><D124/><U6/><E106/><V59/><F119/><W69/><G69/><T118/><D118/><U66/><E116/><V16/><F37/><W85/><G113/><T7/><D68/><U82/><E108/><V4/><F107/><W98/><G128/><T84/><D40/><U92/><E114/><V27/><F121/><W60/><G39/><T133/><D34/><U72/><E72/><V47/><F47/><W45/><G110/><T90/><D29/><U77/><E77/><V80/><F4/><W111/><G111/><T8/><REACH who="0" step="1"/><D90/><REACH who="0" ten="193,290,296,211" step="2"/><U131/><E42/><V104/><F88/><W22/><G74/><T49/><D49/><U97/><E66/><V86/><F67/><W48/><G98/><AGARI ba="1,1" hai="1,7,8,83,84,89,94,95,98,102,105,133,134,135" machi="98" ten="40,2600,0" yaku="1,1,20,1,53,0" doraHai="46" doraHaiUra="125" who="0" fromWho="3" sc="193,39,290,0,296,0,211,-29" /><INIT seed="8,0,0,3,2,64" ten="232,290,296,182" oya="0" hai0="56,46,131,113,11,76,43,6,34,63,128,9,104" hai1="67,78,80,50,47,39,81,112,117,111,103,95,23" hai2="36,110,119,42,45,21,74,0,2,101,122,96,38" hai3="107,69,71,89,26,108,132,52,130,35,85,98,65"/><T133/><D113/><U55/><E111/><V18/><F110/><W109/><G108/><T49/><D104/><U73/><E112/><V75/><F122/><W116/><G116/><T41/><D34/><U5/><E117/><V62/><F119/><W27/><G109/><T29/><D29/><U15/><E39/><N who="2" m="21727" /><F18/><W54/><G130/><N who="0" m="49707" /><D133/><U125/><E125/><V127/><F21/><W30/><G27/><T24/><D24/><U79/><E67/><V77/><F62/><N who="3" m="40119" /><G71/><T129/><D129/><U37/><E37/><N who="2" m="14443" /><F127/><W126/><G126/><T93/><D76/><N who="1" m="29227" /><E73/><N who="2" m="27659" /><F77/><W13/><G13/><T115/><D115/><U121/><E121/><V10/><F10/><W32/><G32/><T57/><D43/><U83/><E23/><V40/><F40/><W51/><G51/><T88/><D63/><U92/><E103/><V20/><F20/><W102/><G132/><T84/><D11/><AGARI ba="0,0" hai="5,11,15,47,50,55,80,81,83,92,95" m="29227" machi="11" ten="30,1000,0" yaku="8,1" doraHai="64" who="1" fromWho="0" sc="232,-10,290,10,296,0,182,0" owari="222,-18.0,300,40.0,296,10.0,182,-32.0" /></mjloggm>