<mjloggm ver="2.3"><GO type="169" lobby="0"/><UN n0="%E3%82%A6%E3%83%AB%E3%83%88%E3%83%A9%E7%AB%8B%E7%9B%B4" n1="%E3%83%AD%E3%83%83%E3%83%86%E9%9B%80%E7%90%83" n2="%E3%81%9F%E3%82%93%E3%82%86%E3%81%86" n3="%6D%6F%74%69%37%32%2E%2E" dan="18,16,16,17" rate="2187.52,2120.22,2099.91,2094.07" sx="M,M,F,M"/><TAIKYOKU oya="0"/><INIT seed="0,0,0,1,4,9" ten="250,250,250,250" oya="0" hai0="106,48,43,22,65,18,38,76,17,124,11,42,134" hai1="40,93,64,5,86,115,118,112,27,111,46,23,79" hai2="56,63,130,50,92,103,47,108,7,20,25,116,28" hai3="96,31,24,29,57,129,131,3,121,89,60,117,21"/><T113/><D106/><U52/><E111/><V107/><F108/><W54/><G117/><T14/><D113/><N who="1" m="43595" /><E118/><V133/><F116/><W68/><G3/><T125/><D134/><U49/><E64/><V88/><F133/><W8/><G121/><T98/><D38/><U127/><E127/><N who="0" m="48713" /><D65/><U30/><E5/><V35/><F107/><W126/><G126/><T13/><D76/><U61/><E61/><V70/><F70/><W123/><G123/><T62/><D62/><U122/><E122/><V74/><F74/><W120/><G120/><T128/><D128/><N who="3" m="49225" /><G8/><N who="0" m="6343" /><D98/><U97/><E79/><V66/><F130/><W59/><G68/><T75/><D75/><U41/><E86/><N who="2" m="52247" /><F35/><W78/><G78/><T114/><D114/><U69/><E69/><V33/><F33/><W135/><G135/><T34/><D34/><U84/><E84/><V90/><F7/><W77/><G77/><T94/><D94/><U104/><E104/><V105/><F105/><W39/><G39/><T6/><D48/><U95/><E93/><V15/><F103/><AGARI ba="0,0" hai="23,27,30,40,41,46,49,52,95,97,103" m="43595" machi="103" ten="30,2000,0" yaku="11,1,54,1" doraHai="9" who="1" fromWho="2" sc="250,0,250,20,250,-20,250,0" /><INIT seed="1,0,0,1,5,55" ten="250,270,230,250" oya="1" hai0="125,27,18,126,112,131,49,50,51,26,45,19,105" hai1="78,111,22,89,30,81,84,68,100,29,70,120,74" hai2="85,37,133,47,106,66,69,13,36,121,117,73,132" hai3="61,46,130,25,103,64,24,115,124,17,99,93,127"/><U60/><E120/><V32/><F73/><W134/><G115/><T119/><D105/><U75/><E111/><V122/><F106/><W14/><G130/><T53/><D112/><U123/><E123/><N who="2" m="47115" /><F85/><W39/><G134/><N who="2" m="51817" /><F13/><W8/><G39/><N who="2" m="14921" /><F32/><W95/><G95/><T52/><D131/><U129/><E129/><V63/><F47/><W80/><G46/><T2/><D2/><U54/><E100/><V20/><F20/><W58/><REACH who="3" step="1"/><G80/><REACH who="3" ten="250,270,230,240" step="2"/><T92/><D92/><U62/><E81/><V0/><F0/><W9/><G9/><T76/><D45/><U113/><E113/><V56/><F117/><W110/><G110/><T102/><D119/><U128/><E128/><V72/><F72/><W98/><G98/><T59/><D102/><U57/><E75/><V12/><F12/><W91/><G91/><T116/><D116/><U34/><E74/><V48/><F48/><W11/><G11/><T97/><D97/><U86/><E89/><V41/><F41/><W42/><G42/><T94/><D94/><U77/><E86/><V101/><F101/><W118/><G118/><T107/><D107/><U35/><E84/><V16/><F16/><W6/><G6/><T90/><D50/><U5/><E5/><V71/><AGARI ba="0,1" hai="56,63,66,69,71" m="14921,51817,47115" machi="71" ten="40,8000,1" yaku="20,1,34,2,52,1" doraHai="55" who="2" fromWho="2" sc="250,-20,270,-40,230,90,240,-20" /><INIT seed="2,0,0,4,5,85" ten="230,230,320,220" oya="2" hai0="49,37,66,11,75,103,102,74,30,14,83,10,65" hai1="40,99,76,126,46,20,124,27,54,62,53,104,28" hai2="57,45,111,17,121,44,132,87,92,39,78,129,43" hai3="114,24,70,108,134,116,61,119,0,117,41,38,109"/><V9/><F121/><W128/><G0/><T47/><D30/><U36/><E76/><V112/><F112/><W51/><G24/><T56/><D37/><U125/><REACH who="1" step="1"/><E62/><REACH who="1" ten="230,220,320,220" step="2"/><V98/><F129/><W32/><G61/><T12/><D75/><U110/><E110/><V7/><F111/><W115/><G128/><T88/><D74/><U23/><E23/><V21/><F132/><W60/><G134/><T5/><D66/><U105/><E105/><V19/><F21/><W2/><G109/><T16/><D65/><U96/><E96/><V25/><F98/><W84/><G108/><T90/><D56/><U100/><AGARI ba="0,1" hai="20,27,28,36,40,46,53,54,99,100,104,124,125,126" machi="100" ten="40,5200,0" yaku="1,1,0,1,18,1,53,0" doraHai="85" doraHaiUra="72" who="1" fromWho="1" sc="230,-13,220,62,320,-26,220,-13" /><INIT seed="3,0,0,1,1,84" ten="217,282,294,207" oya="3" hai0="122,57,95,114,73,126,58,40,91,24,56,102,15" hai1="129,117,0,72,49,62,106,29,38,6,86,71,105" hai2="97,27,74,87,131,100,93,123,39,79,21,19,34" hai3="78,37,22,66,128,124,18,3,61,55,116,81,107"/><W30/><G116/><T42/><D73/><U113/><E49/><V13/><F39/><W115/><G115/><T135/><D122/><U2/><E86/><V82/><F123/><W33/><G3/><T52/><D114/><U23/><E23/><V17/><F131/><W51/><G37/><T94/><D126/><U85/><E85/><V41/><F41/><N who="0" m="15978" /><D135/><U109/><E29/><V5/><F5/><W89/><G107/><T98/><D24/><U125/><E62/><V92/><F34/><W31/><G128/><T104/><D15/><U48/><E48/><V43/><F43/><W96/><G124/><T60/><D104/><U46/><E106/><V9/><F74/><W26/><G78/><T108/><D108/><U76/><E76/><V69/><F69/><W8/><G8/><T120/><D120/><U10/><E10/><V45/><F45/><N who="3" m="28143" /><G33/><T54/><D60/><U14/><E105/><AGARI ba="0,0" hai="9,13,17,19,21,27,79,82,87,92,93,97,100,105" machi="105" ten="30,1000,0" yaku="7,1" doraHai="84" who="2" fromWho="1" sc="217,0,282,-10,294,10,207,0" /><INIT seed="4,0,0,5,0,58" ten="217,272,304,207" oya="0" hai0="43,31,120,35,55,77,87,21,79,112,44,56,101" hai1="90,134,86,131,7,72,65,6,74,67,59,76,85" hai2="104,81,135,99,19,129,69,53,75,110,105,24,57" hai3="36,48,93,95,113,42,124,62,98,107,114,126,133"/><T117/><D117/><U32/><E32/><V106/><F69/><W118/><G118/><T2/><D120/><U25/><E134/><V92/><F135/><W17/><G36/><T52/><D35/><U121/><E121/><V83/><F110/><W45/><G133/><T71/><D71/><U26/><E131/><V96/><F129/><W109/><G109/><T66/><D2/><U115/><E59/><V15/><F96/><W122/><G122/><T20/><D112/><N who="3" m="43113" /><G17/><T5/><D5/><U10/><E115/><V13/><F75/><W51/><G51/><N who="0" m="27039" /><D101/><U23/><E23/><N who="0" m="8777" /><D31/><U116/><E116/><V123/><F123/><W63/><G107/><T103/><D103/><U33/><E33/><V34/><F34/><W128/><G128/><T49/><D66/><U127/><E67/><V1/><F1/><W40/><G40/><T30/><D30/><U78/><E65/><V39/><F39/><W4/><G4/><T89/><D55/><U125/><E10/><V50/><F106/><W46/><G46/><T132/><D132/><U82/><E6/><V27/><F105/><W22/><G22/><T111/><D111/><U130/><E7/><V102/><F104/><W3/><G3/><T94/><AGARI ba="0,0" hai="49,52,56,77,79,87,89,94" m="8777,27039" machi="94" ten="30,3000,0" yaku="8,1,54,1" doraHai="58" who="0" fromWho="0" sc="217,30,272,-10,304,-10,207,-10" /><INIT seed="4,1,0,3,4,123" ten="247,262,294,197" oya="0" hai0="53,13,42,35,118,84,76,38,73,105,70,71,16" hai1="7,39,120,64,135,134,115,44,43,34,90,32,92" hai2="128,31,5,33,9,96,93,26,29,19,28,124,103" hai3="88,50,116,91,40,81,25,127,21,18,109,54,17"/><T94/><D118/><U37/><E120/><V48/><F124/><W111/><G116/><T62/><D35/><U46/><E115/><V66/><F128/><W126/><G40/><T51/><D105/><U69/><E7/><V14/><F66/><W57/><G18/><T97/><D73/><U24/><E44/><V75/><F75/><W41/><G41/><T77/><D38/><U133/><E39/><V85/><F48/><W87/><REACH who="3" step="1"/><G91/><REACH who="3" ten="247,262,294,187" step="2"/><T23/><D42/><U99/><E134/><V79/><F19/><W129/><G129/><T52/><D77/><U78/><E78/><V30/><F79/><W63/><G63/><T114/><D114/><U10/><E43/><V86/><AGARI ba="1,1" hai="5,9,14,26,28,29,30,31,33,85,86,93,96,103" machi="86" ten="30,1100,0" yaku="0,1" doraHai="123" who="2" fromWho="2" sc="247,-6,262,-4,294,24,187,-4" /><INIT seed="5,0,0,4,3,97" ten="241,258,318,183" oya="1" hai0="62,12,76,100,82,114,2,72,55,115,29,6,89" hai1="33,59,30,108,122,92,130,102,81,53,109,101,13" hai2="84,110,43,7,105,27,56,31,77,25,57,93,132" hai3="22,131,103,118,73,19,125,66,129,67,113,64,121"/><U24/><E122/><V61/><F105/><W79/><G121/><T95/><D29/><U86/><E130/><N who="3" m="49674" /><G113/><N who="0" m="43019" /><D2/><U126/><E126/><V98/><F110/><N who="1" m="42601" /><E92/><V39/><F7/><W123/><G123/><T8/><D100/><N who="1" m="38507" /><E13/><V21/><F27/><W38/><G38/><T14/><D14/><U47/><E47/><V99/><F39/><W15/><G125/><T51/><D62/><N who="1" m="36207" /><E86/><V52/><F84/><W28/><G103/><T119/><D95/><U91/><E91/><V120/><F93/><W41/><G15/><T20/><D89/><U45/><E45/><V18/><F120/><W117/><G117/><T37/><D119/><U63/><E63/><V46/><F46/><W0/><G118/><T133/><D37/><U80/><AGARI ba="0,0" hai="24,30,33,80,81" m="36207,38507,42601" machi="80" ten="30,11700,0" yaku="10,1,52,3" doraHai="97" who="1" fromWho="1" sc="241,-39,258,117,318,-39,183,-39" /><INIT seed="5,1,0,3,3,61" ten="202,375,279,144" oya="1" hai0="2,1,49,64,0,122,77,7,27,118,39,56,97" hai1="35,50,57,52,11,82,26,78,70,32,21,134,71" hai2="116,25,121,90,34,124,51,68,84,93,80,54,16" hai3="95,81,4,24,104,18,59,30,123,29,73,74,130"/><U60/><E134/><V17/><F121/><W88/><G104/><T23/><D39/><U96/><E96/><V33/><F116/><W114/><G123/><T135/><D118/><U66/><E11/><V38/><F38/><W131/><G4/><T55/><D122/><U112/><E71/><V115/><F124/><W128/><G114/><T31/><D135/><U58/><E70/><V86/><F68/><W44/><G44/><T94/><D77/><U113/><E113/><V133/><F133/><W83/><G18/><T111/><D111/><U43/><E43/><V132/><F115/><W79/><G59/><T76/><D76/><U110/><E110/><V37/><F37/><W69/><G69/><T42/><D42/><U99/><E99/><V19/><F25/><W119/><G119/><T120/><D120/><U40/><E40/><V75/><F75/><N who="3" m="28683" /><G30/><T5/><REACH who="0" step="1"/><D64/><REACH who="0" ten="192,375,279,144" step="2"/><U127/><E112/><V46/><REACH who="2" step="1"/><F132/><REACH who="2" ten="192,375,269,144" step="2"/><W103/><G128/><T129/><D129/><U36/><E36/><V45/><F45/><W91/><G130/><T8/><D8/><U109/><E109/><V89/><AGARI ba="1,2" hai="16,17,19,33,34,46,51,54,80,84,86,89,90,93" machi="89" ten="30,12000,2" yaku="1,1,0,1,54,1,53,3" doraHai="61" doraHaiUra="15" who="2" fromWho="2" sc="192,-31,375,-61,269,143,144,-31" /><INIT seed="6,0,0,2,1,39" ten="161,314,412,113" oya="2" hai0="92,45,26,77,100,90,132,74,82,1,85,127,27" hai1="50,88,38,95,47,46,121,8,24,42,23,36,32" hai2="118,59,71,72,102,126,56,44,96,9,86,63,76" hai3="41,15,58,31,70,105,7,22,108,49,54,73,91"/><V0/><F72/><W35/><G70/><T34/><D1/><U94/><E121/><V87/><F118/><W89/><G105/><T75/><D127/><U79/><E32/><V69/><F126/><W93/><G73/><T64/><D132/><U12/><E79/><V107/><F59/><W123/><G108/><T29/><D64/><U62/><E62/><V99/><F99/><W30/><G35/><T40/><D100/><U97/><E95/><V84/><F76/><W119/><G119/><T135/><D135/><U110/><E110/><V28/><F28/><W103/><G123/><T133/><D133/><U17/><REACH who="1" step="1"/><E47/><REACH who="1" ten="161,304,412,113" step="2"/><V3/><F44/><N who="3" m="25743" /><G103/><T83/><D83/><U2/><E2/><V10/><F3/><W78/><G78/><T66/><D74/><U33/><E33/><V60/><F63/><N who="3" m="36311" /><G89/><T65/><D77/><U80/><E80/><V117/><F117/><W4/><G91/><T116/><D82/><U106/><E106/><V5/><REACH who="2" step="1"/><F10/><REACH who="2" ten="161,304,402,113" step="2"/><W130/><G130/><T14/><D75/><U55/><E55/><AGARI ba="0,2" hai="0,5,9,55,56,60,69,71,84,86,87,96,102,107" machi="55" ten="40,7700,0" yaku="1,1,2,1,53,1" doraHai="39" doraHaiUra="57" who="2" fromWho="1" sc="161,0,304,-77,402,97,113,0" /><INIT seed="6,1,0,1,0,42" ten="161,227,499,113" oya="2" hai0="107,94,28,23,13,72,103,46,91,55,53,123,77" hai1="62,78,66,109,90,89,11,44,7,10,47,65,126" hai2="98,29,97,96,8,79,17,118,135,112,57,36,38" hai3="15,58,64,35,33,45,16,115,14,88,119,101,113"/><V125/><F118/><W82/><G119/><T54/><D123/><U52/><E109/><V26/><F79/><W124/><G124/><T41/><D107/><U27/><E126/><V21/><F125/><W116/><G116/><T34/><D103/><U86/><E27/><V60/><F135/><W25/><G101/><T130/><D130/><U68/><E78/><V74/><F74/><W93/><G82/><T83/><D34/><U19/><E19/><V102/><F112/><N who="3" m="43083" /><G25/><T48/><D28/><U133/><E133/><V117/><F117/><W132/><G132/><T127/><D127/><U61/><E52/><N who="2" m="33831" /><F38/><W92/><G15/><T22/><REACH who="0" step="1"/><D13/><REACH who="0" ten="151,227,499,113" step="2"/><U106/><E106/><V49/><F102/><W95/><G35/><T99/><AGARI ba="1,1" hai="22,23,41,46,48,53,54,55,72,77,83,91,94,99" machi="99" ten="30,7900,0" yaku="1,1,2,1,0,1,52,1,53,0" doraHai="42" doraHaiUra="63" who="0" fromWho="0" sc="151,92,227,-21,499,-40,113,-21" /><INIT seed="7,0,0,0,5,122" ten="243,206,459,92" oya="3" hai0="124,21,135,95,6,101,0,86,114,104,81,117,109" hai1="46,17,91,94,42,9,55,7,16,93,40,33,20" hai2="14,77,3,106,88,127,92,85,76,1,26,128,15" hai3="119,79,23,13,82,68,87,62,58,72,80,39,19"/><W56/><G119/><T96/><D109/><U44/><E33/><V54/><F106/><W90/><REACH who="3" step="1"/><G39/><REACH who="3" ten="243,206,459,82" step="2"/><T49/><D117/><U112/><E112/><V126/><F127/><W107/><G107/><T64/><D124/><U34/><E34/><V36/><F36/><W123/><G123/><T12/><D104/><U115/><E115/><V132/><F126/><W73/><G73/><T51/><D114/><U120/><E120/><V121/><F121/><W69/><G69/><T10/><D135/><U2/><E55/><V113/><F132/><W59/><G59/><T84/><D64/><AGARI ba="0,1" hai="13,19,23,56,58,62,64,68,72,79,80,82,87,90" machi="64" ten="40,2000,0" yaku="1,1,53,0" doraHai="122" doraHaiUra="45" who="3" fromWho="0" sc="243,-20,206,0,459,0,82,30" /><INIT seed="7,1,0,0,5,44" ten="223,206,459,112" oya="3" hai0="39,78,66,131,113,52,37,11,129,70,132,20,98" hai1="23,111,119,35,64,80,26,45,15,90,103,110,91" hai2="7,49,117,19,74,93,9,104,116,118,106,109,53" hai3="1,25,68,122,125,81,41,46,79,2,82,58,38"/><W55/><G125/><T126/><D126/><U17/><E119/><V0/><F74/><W135/><G135/><T65/><D70/><U134/><E134/><V32/><F32/><W51/><G122/><T24/><D132/><U92/><E64/><N who="0" m="24681" /><D78/><U121/><E121/><V31/><F31/><W40/><G68/><T96/><D52/><U95/><E103/><V89/><F19/><W33/><G41/><T59/><D59/><U61/><E61/><V6/><F6/><W128/><G128/><N who="0" m="49227" /><D11/><U47/><E80/><V16/><F16/><W13/><G13/><T10/><D10/><N who="1" m="6391" /><E35/><V69/><F69/><W108/><G108/><T83/><D83/><U57/><E57/><V62/><F62/><W72/><REACH who="3" step="1"/><G82/><REACH who="3" ten="223,206,459,102" step="2"/><T54/><D113/><U102/><E111/><V3/><F109/><W133/><G133/><T8/><D39/><U76/><E110/><V28/><F3/><W85/><G85/><T56/><D37/><U42/><E42/><V115/><F115/><W99/><G99/><T43/><D43/><U14/><E14/><V22/><F0/><W94/><G94/><T27/><D98/><U50/><E95/><V86/><F93/><W97/><G97/><T48/><D96/><U60/><E92/><V84/><F86/><W88/><G88/><T127/><D127/><U112/><E91/><V67/><F89/><W18/><G18/><N who="0" m="12311" /><D8/><U71/><E90/><V21/><F84/><W87/><G87/><T77/><D77/><U123/><E76/><V4/><F9/><W36/><G36/><T124/><D124/><U34/><E112/><V107/><F104/><RYUUKYOKU ba="1,1" sc="223,15,206,-15,459,-15,102,15" hai0="27,48,54,56" hai3="1,2,25,33,38,40,46,51,55,58,72,79,81" /><INIT seed="7,2,1,3,3,71" ten="238,191,444,117" oya="3" hai0="19,86,107,2,81,28,22,49,63,62,17,5,34" hai1="120,43,78,76,69,57,39,97,37,46,44,124,31" hai2="70,61,122,96,30,20,64,75,56,88,26,42,133" hai3="14,52,33,45,55,41,100,3,67,106,98,51,29"/><W119/><G119/><T12/><D107/><U25/><E69/><V101/><F75/><W102/><G3/><T65/><D65/><U82/><E120/><V66/><F42/><W74/><G74/><T115/><D115/><U129/><E124/><V103/><F122/><W0/><G0/><T27/><D49/><U89/><E129/><V85/><F133/><W35/><G102/><T117/><D117/><U72/><E78/><V48/><F96/><W4/><G67/><T104/><D104/><U1/><E1/><V38/><F38/><W23/><G4/><T16/><D34/><U40/><E57/><V84/><F84/><W8/><G8/><N who="0" m="4111" /><D2/><U132/><E132/><V135/><F135/><W58/><G55/><T110/><D110/><U127/><E127/><V6/><F6/><W87/><G87/><T113/><D113/><U73/><E73/><V91/><F91/><AGARI ba="2,1" hai="16,17,19,22,27,28,62,63,81,86,91" m="4111" machi="91" ten="30,2000,0" yaku="8,1,54,1" doraHai="71" who="0" fromWho="2" sc="238,36,191,0,444,-26,117,0" owari="274,7.0,191,-21.0,418,52.0,117,-38.0" /></mjloggm>