<mjloggm ver="2.3"><GO type="225" lobby="0"/><UN n0="%E4%B8%87%E8%83%BD%E3%81%AD%E3%81%8E" n1="%E6%9C%9D%E5%80%89%E6%9C%88%E5%A5%88" n2="%E5%B0%B1%E6%B4%BB%E7%94%9F%40%E5%B7%9D%E6%9D%91%E8%BB%8D%E5%9B%A3" n3="%E3%83%AD%E3%83%9C%E3%82%B3%E3%83%97" dan="16,16,17,17" rate="2141.46,2141.36,2197.24,2184.82" sx="M,M,M,M"/><TAIKYOKU oya="0"/><INIT seed="0,0,0,5,5,111" ten="250,250,250,250" oya="0" hai0="40,64,58,3,120,50,12,98,2,117,44,95,29" hai1="23,61,59,30,88,112,52,97,31,70,73,48,106" hai2="104,8,5,27,39,20,16,99,43,51,81,130,49" hai3="42,126,102,101,19,129,115,32,54,105,33,28,38"/><T67/><D117/><U71/><E73/><V107/><F130/><W46/><G105/><T9/><D29/><U110/><E110/><V65/><F65/><W89/><G115/><T14/><D14/><U93/><E106/><V83/><F39/><W82/><G28/><T113/><D113/><U69/><E112/><V15/><F107/><W56/><G129/><T90/><D120/><U17/><REACH who="1" step="1"/><E48/><REACH who="1" ten="250,240,250,250" step="2"/><V22/><F51/><W4/><G38/><T72/><D72/><U47/><E47/><N who="2" m="25855" /><F104/><W1/><G46/><T25/><D50/><U109/><E109/><V84/><F99/><W36/><G36/><T122/><D44/><U86/><E86/><V26/><F84/><W133/><G126/><T76/><D98/><U63/><E63/><V80/><F80/><W60/><G82/><T128/><D128/><U6/><E6/><V11/><F83/><W116/><G60/><T85/><D85/><U121/><E121/><V74/><F81/><W0/><G4/><T131/><D131/><U79/><E79/><V62/><F74/><W125/><G125/><T91/><D76/><U10/><E10/><N who="2" m="4559" /><F62/><W118/><G118/><T45/><D122/><U100/><E100/><V37/><F37/><W108/><G116/><T124/><D124/><U94/><E94/><V53/><F53/><W119/><G108/><T34/><D95/><U87/><E87/><V75/><F75/><W127/><G119/><T18/><D45/><U55/><E55/><V114/><F114/><W123/><G127/><T68/><D40/><U7/><E7/><V66/><F66/><W13/><G123/><RYUUKYOKU ba="0,1" sc="250,-15,240,15,250,15,250,-15" hai1="17,23,30,31,52,59,61,69,70,71,88,93,97" hai2="8,11,16,20,22,26,27" /><INIT seed="1,1,1,0,5,6" ten="235,255,265,235" oya="1" hai0="28,52,99,66,22,88,19,129,95,0,114,103,71" hai1="100,83,123,78,89,29,86,31,128,110,106,122,117" hai2="61,27,112,40,90,98,37,91,2,12,121,67,102" hai3="104,85,42,5,120,126,79,131,97,77,26,13,48"/><U35/><E35/><V33/><F2/><W39/><G39/><T127/><D114/><U9/><E117/><V111/><F111/><W96/><G120/><T43/><D43/><U24/><E110/><V36/><F121/><W76/><G104/><T105/><D28/><U81/><E128/><V17/><F112/><W68/><G68/><T25/><D129/><U119/><E119/><V11/><F40/><W65/><G65/><T20/><D20/><U38/><E38/><V133/><F37/><W18/><G5/><T21/><D21/><U58/><E31/><N who="2" m="19711" /><F133/><W34/><G34/><T70/><D127/><U15/><E58/><V10/><F10/><W8/><G26/><T3/><D52/><U50/><E50/><V47/><F47/><N who="3" m="25719" /><G131/><T59/><D71/><U57/><E57/><V41/><F41/><W115/><G115/><T113/><D59/><U32/><E106/><N who="2" m="63831" /><F36/><W44/><G44/><T64/><D64/><U75/><REACH who="1" step="1"/><E100/><REACH who="1" ten="235,245,265,235" step="2"/><V132/><F132/><W69/><G69/><AGARI ba="1,2" hai="11,12,17,61,67,69,90,91" m="63831,19711" machi="69" ten="30,2000,0" yaku="25,1,52,1" doraHai="6" who="2" fromWho="3" sc="235,0,245,0,265,43,235,-23" /><INIT seed="2,0,0,4,5,70" ten="235,245,308,212" oya="2" hai0="3,16,111,57,80,90,116,67,50,82,76,71,12" hai1="72,17,49,33,2,128,21,62,130,14,26,78,28" hai2="121,13,6,124,25,96,24,36,104,105,122,37,29" hai3="135,43,106,98,1,129,31,117,39,58,84,133,81"/><V89/><F89/><W35/><G1/><T22/><D71/><U56/><E2/><V73/><F73/><W88/><G117/><T42/><D111/><U7/><E7/><V15/><F96/><W10/><G10/><T55/><D3/><U83/><REACH who="1" step="1"/><E49/><REACH who="1" ten="235,235,308,212" step="2"/><V5/><F29/><W134/><G31/><T4/><D4/><U109/><E109/><V113/><F124/><W23/><G134/><T0/><D0/><U85/><E85/><V66/><F66/><AGARI ba="0,1" hai="14,17,21,26,28,33,56,62,66,72,78,83,128,130" machi="66" ten="40,2600,0" yaku="1,1,53,1" doraHai="70" doraHaiUra="74" who="1" fromWho="2" sc="235,0,235,36,308,-26,212,0" /><INIT seed="3,0,0,1,2,67" ten="235,271,282,212" oya="3" hai0="88,92,49,60,122,62,75,38,25,124,27,26,55" hai1="76,10,64,41,82,80,3,31,119,68,100,50,133" hai2="28,93,73,106,77,70,135,118,111,5,69,54,78" hai3="105,45,110,47,95,6,97,11,37,63,113,96,72"/><W24/><G113/><T79/><D38/><U15/><E133/><V127/><F106/><W36/><G72/><T42/><D42/><U56/><E119/><V20/><F118/><W74/><G74/><T126/><D79/><U13/><E3/><V18/><F28/><W108/><G105/><T101/><D101/><U121/><E121/><V0/><F5/><W87/><G87/><T58/><D75/><U71/><E100/><V8/><F8/><W81/><G81/><T21/><D21/><U114/><E31/><V134/><F0/><W94/><G24/><T48/><D48/><U30/><E30/><V34/><F34/><W131/><G63/><T4/><D4/><N who="1" m="3271" /><E80/><V129/><F129/><W32/><G32/><T43/><D43/><U44/><E15/><V86/><F73/><W103/><G131/><T125/><REACH who="0" step="1"/><D122/><REACH who="0" ten="225,271,282,212" step="2"/><U102/><E102/><V115/><F78/><W1/><G37/><T9/><D9/><U57/><E114/><V91/><F77/><W117/><G117/><T128/><D128/><U29/><E50/><V130/><F115/><W85/><G36/><T33/><D33/><U19/><E76/><V104/><F130/><W12/><G110/><T2/><D2/><U120/><E120/><V39/><F111/><W7/><G108/><T89/><D89/><U40/><E41/><V22/><F39/><W59/><G1/><T84/><AGARI ba="0,1" hai="25,26,27,49,55,58,60,62,84,88,92,124,125,126" machi="84" ten="40,8000,1" yaku="1,1,0,1,18,1,54,1,53,1" doraHai="67" doraHaiUra="53" who="0" fromWho="0" sc="225,90,271,-20,282,-20,212,-40" owari="315,42.0,251,-15.0,262,6.0,172,-33.0" /></mjloggm>