<mjloggm ver="2.3"><GO type="169" lobby="0"/><UN n0="%3A%63%6F%63%75%61%3A" n1="%EF%BC%A0%E8%8B%A5%E6%9E%97" n2="%E3%83%88%E3%83%88%E3%83%AA%E5%85%88%E7%94%9F%31%39%E6%AD%B3" n3="%4A%55%4E%4B%45%52%53" dan="16,16,18,18" rate="2096.85,2029.55,2256.20,2245.92" sx="M,M,F,M"/><TAIKYOKU oya="0"/><INIT seed="0,0,0,2,3,8" ten="250,250,250,250" oya="0" hai0="81,17,64,125,0,115,123,71,1,46,18,10,50" hai1="43,51,61,79,109,80,2,62,60,6,122,39,40" hai2="99,101,120,21,41,33,100,95,55,73,25,78,126" hai3="57,110,85,42,135,56,103,13,11,124,28,116,5"/><T82/><D115/><U32/><E122/><V31/><F120/><W130/><G116/><T132/><D123/><U66/><E32/><V65/><F126/><W96/><G124/><T106/><D125/><U72/><E109/><V119/><F119/><W111/><G130/><T84/><D106/><U34/><E34/><V121/><F121/><W67/><G135/><T104/><D104/><U49/><E66/><V107/><F41/><W91/><G42/><T133/><D64/><U4/><E43/><V127/><F127/><W27/><G91/><N who="0" m="51599" /><D82/><U29/><E29/><V19/><F78/><W98/><G85/><T74/><D74/><U15/><E6/><V114/><F73/><W87/><G87/><T117/><D71/><U45/><REACH who="1" step="1"/><E15/><REACH who="1" ten="250,240,250,250" step="2"/><V86/><F65/><W88/><G67/><T70/><D117/><U92/><E92/><V89/><F107/><W47/><G111/><T48/><D70/><U129/><E129/><V24/><F114/><W58/><G110/><T105/><D105/><U113/><E113/><V94/><F55/><W97/><G103/><AGARI ba="0,1" hai="19,21,24,25,31,33,86,89,94,95,99,100,101,103" machi="103" ten="30,1000,0" yaku="7,1" doraHai="8" who="2" fromWho="3" sc="250,0,240,0,250,20,250,-10" /><INIT seed="1,0,0,5,3,90" ten="250,240,270,240" oya="1" hai0="115,24,29,105,106,35,120,4,92,87,12,97,69" hai1="15,88,104,85,96,100,110,63,48,129,124,123,68" hai2="9,119,132,101,66,21,113,18,51,65,52,80,111" hai3="116,19,118,71,107,70,79,7,122,108,40,61,130"/><U126/><E123/><V49/><F119/><W39/><G79/><T53/><D115/><U23/><E129/><V77/><F113/><W95/><G122/><T62/><D120/><U45/><E110/><V16/><F111/><W43/><G108/><T14/><D87/><U93/><E63/><V78/><F132/><W109/><G109/><T83/><D83/><U3/><E3/><V11/><F101/><W112/><G112/><T17/><D4/><U73/><E68/><V30/><F51/><W27/><G107/><T56/><D69/><U102/><E102/><V32/><F30/><W0/><G130/><T50/><D50/><U125/><E73/><V76/><F80/><W44/><G40/><T42/><D42/><N who="1" m="24631" /><E23/><V34/><F34/><W57/><G0/><T91/><REACH who="0" step="1"/><D14/><AGARI ba="0,0" hai="14,15,85,88,93,96,100,104,124,125,126" m="24631" machi="14" ten="30,5800,0" yaku="18,1,52,1,54,1" doraHai="90" who="1" fromWho="0" sc="250,-58,240,58,270,0,240,0" /><INIT seed="1,1,0,4,1,30" ten="192,298,270,240" oya="1" hai0="59,85,25,49,69,132,123,83,116,109,105,80,6" hai1="98,26,103,133,71,122,53,18,20,99,62,17,34" hai2="36,9,22,100,101,95,68,75,129,41,55,107,115" hai3="54,40,73,28,19,10,50,58,78,65,117,15,135"/><U114/><E122/><V23/><F75/><W2/><G117/><T82/><D116/><U35/><E114/><V120/><F120/><W24/><G135/><T61/><D109/><U1/><E1/><V91/><F68/><W90/><G73/><T74/><D132/><U14/><E133/><V87/><F115/><W16/><G78/><T51/><D74/><U63/><E98/><V39/><F129/><W127/><G127/><T43/><D69/><U64/><E62/><V111/><F111/><W86/><G2/><T47/><D123/><U110/><E53/><V46/><F39/><W97/><G97/><T125/><D125/><U93/><REACH who="1" step="1"/><E110/><REACH who="1" ten="192,288,270,240" step="2"/><V4/><F55/><W128/><G128/><T33/><D105/><U77/><E77/><V67/><F67/><W27/><G65/><T104/><D104/><U134/><E134/><V96/><F101/><W31/><G40/><T113/><D113/><U13/><E13/><AGARI ba="1,1" hai="4,9,13,22,23,36,41,46,87,91,95,96,100,107" machi="13" ten="30,1000,0" yaku="7,1" doraHai="30" who="2" fromWho="1" sc="192,0,288,-13,270,23,240,0" /><INIT seed="2,0,0,3,3,101" ten="192,275,293,240" oya="2" hai0="78,135,22,103,74,49,20,60,117,113,37,95,4" hai1="40,29,45,84,118,92,12,62,121,122,13,0,23" hai2="73,3,112,52,91,86,25,61,68,14,51,94,32" hai3="82,59,132,46,131,97,1,81,104,11,26,88,18"/><V83/><F112/><W134/><G131/><T70/><D113/><U77/><E0/><V85/><F3/><W127/><G127/><T98/><D37/><U116/><E62/><V110/><F73/><W79/><G46/><T24/><D135/><N who="3" m="51753" /><G59/><T48/><D117/><N who="1" m="45163" /><E29/><V69/><F110/><W126/><G126/><T56/><D70/><U123/><E23/><V6/><F61/><W31/><G1/><T42/><D4/><U105/><E105/><V65/><F65/><W17/><G11/><T21/><D24/><U33/><E33/><V120/><F120/><W43/><G43/><T58/><D42/><U28/><E28/><V96/><F85/><N who="3" m="50231" /><G97/><T93/><D58/><U124/><E124/><V44/><F25/><W133/><G104/><T15/><D15/><U7/><E7/><V75/><F32/><N who="3" m="20599" /><G133/><T109/><D109/><U102/><E102/><V72/><F68/><W128/><G128/><T55/><REACH who="0" step="1"/><D95/><REACH who="0" ten="182,275,293,240" step="2"/><U115/><E115/><V8/><REACH who="2" step="1"/><F69/><REACH who="2" ten="182,275,283,240" step="2"/><W9/><G9/><T16/><D16/><U34/><E123/><V80/><F80/><AGARI ba="0,2" hai="20,21,22,48,49,55,56,60,74,78,80,93,98,103" machi="80" ten="40,1300,0" yaku="1,1,53,0" doraHai="101" doraHaiUra="129" who="0" fromWho="2" sc="182,33,275,0,283,-13,240,0" /><INIT seed="3,0,0,5,2,77" ten="215,275,270,240" oya="3" hai0="54,102,58,66,130,49,0,115,53,19,4,70,126" hai1="89,68,32,111,101,60,10,57,105,124,51,106,3" hai2="88,119,132,14,9,12,107,92,56,95,94,18,97" hai3="16,72,117,127,84,33,75,29,120,110,34,6,46"/><W37/><G120/><T118/><D118/><U44/><E111/><V45/><F119/><W69/><G117/><T99/><D115/><U40/><E68/><V104/><F132/><W135/><G69/><T113/><D113/><U21/><E32/><V116/><F116/><W52/><G135/><T82/><D130/><U38/><E124/><V63/><F45/><W20/><G110/><T2/><D126/><U114/><E114/><V35/><F35/><W90/><G127/><T50/><D19/><U13/><E38/><V98/><F14/><W59/><G6/><T48/><D48/><U36/><E36/><V91/><REACH who="2" step="1"/><F95/><REACH who="2" ten="215,275,260,240" step="2"/><W24/><G34/><T80/><D0/><U23/><E3/><V71/><F71/><W86/><G46/><T96/><D2/><U74/><E13/><V81/><F81/><W43/><G33/><T7/><D70/><U1/><E44/><V83/><F83/><W65/><G75/><T5/><D5/><U123/><E1/><V78/><F78/><W79/><G72/><T62/><D58/><U93/><E57/><V27/><F27/><W85/><G79/><T64/><REACH who="0" step="1"/><D102/><REACH who="0" ten="205,275,260,240" step="2"/><U41/><E101/><V47/><F47/><W26/><G59/><T134/><D134/><U87/><E123/><V25/><F25/><W61/><G26/><T67/><D67/><AGARI ba="0,2" hai="9,12,18,56,63,67,88,91,92,94,97,98,104,107" machi="67" ten="30,7700,0" yaku="1,1,7,1,9,1,54,1,53,0" doraHai="77" doraHaiUra="42" who="2" fromWho="0" sc="205,-77,275,0,260,97,240,0" /><INIT seed="4,0,0,4,1,26" ten="128,275,357,240" oya="0" hai0="67,130,115,56,65,63,111,73,118,123,89,81,107" hai1="99,134,54,69,105,116,77,70,68,57,46,18,64" hai2="38,23,135,62,28,87,39,36,21,83,16,71,22" hai3="84,131,79,127,13,114,2,44,125,72,8,121,31"/><T10/><D115/><U88/><E116/><V133/><F71/><W20/><G114/><T27/><D118/><U11/><E77/><V119/><F119/><W33/><G72/><T60/><D123/><U86/><E134/><N who="2" m="51211" /><F62/><W15/><G79/><T17/><D107/><U58/><E64/><V103/><F103/><W122/><G84/><T52/><D130/><U82/><E99/><V95/><F95/><W97/><G97/><T113/><D113/><U29/><E29/><V3/><F3/><W30/><G44/><T102/><D102/><U110/><E105/><V85/><F28/><N who="3" m="10795" /><G33/><T101/><D101/><U112/><E110/><V117/><F117/><W75/><G75/><T1/><D111/><U50/><E112/><V0/><F0/><W92/><G92/><T126/><D126/><N who="3" m="48137" /><G131/><T41/><D41/><U74/><E74/><V91/><F85/><W78/><G78/><T59/><D73/><U25/><E25/><AGARI ba="0,0" hai="16,21,22,23,25,36,38,39,83,87,91" m="51211" machi="25" ten="40,2600,0" yaku="20,1,54,1" doraHai="26" who="2" fromWho="1" sc="128,0,275,-26,357,26,240,0" /><INIT seed="5,0,0,4,3,104" ten="128,249,383,240" oya="1" hai0="68,127,11,39,35,116,16,87,86,21,74,105,128" hai1="88,19,49,64,58,124,40,3,120,82,79,122,41" hai2="106,115,51,91,25,32,78,81,101,129,33,109,56" hai3="57,46,0,121,4,119,65,27,1,28,80,6,14"/><U132/><E3/><N who="3" m="1098" /><G65/><T72/><D35/><U97/><E124/><V47/><F109/><W118/><G46/><T12/><D116/><N who="3" m="44585" /><G80/><T22/><D68/><U24/><E132/><V66/><F129/><W114/><G57/><T92/><D39/><U111/><E111/><V107/><F115/><W126/><G121/><T135/><D105/><U10/><E122/><V31/><F91/><W34/><G114/><T102/><D135/><U59/><E59/><V103/><F106/><W108/><G108/><T48/><D127/><U131/><E131/><V83/><F83/><W113/><G113/><T17/><D128/><U55/><E64/><V69/><F69/><W93/><G93/><T60/><D60/><U43/><E120/><V53/><F107/><W37/><G37/><T85/><D48/><U52/><E55/><V70/><F33/><W67/><G67/><T38/><D38/><U84/><E10/><V29/><F70/><W15/><G126/><T7/><D7/><AGARI ba="0,0" hai="4,6,7,14,15,27,28,34" m="44585,1098" machi="7" ten="30,3900,0" yaku="12,1,34,2" doraHai="104" who="3" fromWho="0" sc="128,-39,249,0,383,0,240,39" /><INIT seed="6,0,0,3,1,64" ten="89,249,383,279" oya="2" hai0="96,40,14,131,35,97,62,86,13,74,50,32,56" hai1="44,85,70,48,120,41,17,27,111,77,23,24,128" hai2="4,84,22,103,45,98,53,2,31,34,99,58,20" hai3="51,123,126,19,61,132,18,73,28,65,115,33,95"/><V7/><F34/><W93/><G123/><T122/><D74/><U80/><E111/><V91/><F45/><W37/><G37/><T63/><D122/><U88/><E128/><V81/><F2/><W60/><G73/><T78/><D131/><U110/><E110/><V1/><F1/><W15/><G132/><T94/><D94/><U39/><E120/><V109/><F109/><W121/><G121/><T105/><D105/><U36/><E70/><V71/><F71/><W104/><G104/><T82/><D35/><U106/><E106/><V112/><F112/><W54/><G115/><T129/><D129/><U26/><REACH who="1" step="1"/><E77/><REACH who="1" ten="89,239,383,279" step="2"/><N who="2" m="46127" /><F103/><W66/><G126/><T108/><D108/><U118/><E118/><V134/><F134/><W43/><G33/><T9/><D32/><U79/><E79/><V107/><F107/><W30/><G30/><T113/><D113/><U11/><E11/><V116/><F31/><W3/><G28/><T21/><D21/><U42/><E42/><V69/><F69/><W89/><G43/><T12/><D9/><U127/><E127/><V101/><F116/><W114/><G114/><T46/><REACH who="0" step="1"/><D63/><REACH who="0" ten="79,239,383,279" step="2"/><U102/><E102/><V52/><F101/><W90/><G61/><T87/><D87/><U8/><E8/><V59/><F20/><W125/><G60/><T29/><D29/><U49/><E49/><V25/><F22/><W83/><G51/><T16/><D16/><U100/><E100/><V68/><F98/><W117/><G19/><T72/><D72/><U135/><E135/><V130/><F99/><W119/><G18/><T92/><D92/><RYUUKYOKU ba="0,2" sc="79,15,239,15,383,-15,279,-15" hai0="12,13,14,40,46,50,56,62,78,82,86,96,97" hai1="17,23,24,26,27,36,39,41,44,48,80,85,88" /><INIT seed="7,1,2,3,4,58" ten="94,254,368,264" oya="3" hai0="48,120,67,79,33,55,7,103,47,64,11,51,34" hai1="99,115,122,81,89,123,68,86,14,74,50,119,39" hai2="97,63,62,131,114,23,72,106,100,102,65,22,13" hai3="77,94,6,45,132,116,87,69,125,28,113,60,91"/><W44/><G116/><T4/><D120/><U111/><E39/><V75/><F114/><W27/><G113/><T29/><D103/><U24/><E111/><V54/><F131/><W42/><G132/><T104/><D79/><U40/><E115/><V83/><F100/><W52/><G125/><T107/><D11/><U10/><E119/><V8/><F54/><W26/><G6/><T84/><D84/><U59/><E68/><V32/><F32/><W71/><G77/><T124/><D55/><U93/><E24/><V129/><F129/><W109/><G109/><T108/><D108/><U82/><E74/><V135/><F135/><W61/><G71/><T20/><D20/><U126/><E82/><V66/><F66/><W21/><G69/><T133/><D133/><U12/><E12/><V17/><F62/><N who="3" m="24171" /><G27/><T134/><D134/><U3/><E3/><V49/><F75/><W117/><G117/><T38/><D47/><N who="3" m="17993" /><G52/><T78/><D78/><U121/><E126/><V9/><F72/><W98/><G98/><T15/><D15/><U16/><E40/><AGARI ba="1,2" hai="21,26,28,40,42,87,91,94" m="17993,24171" machi="40" ten="30,11600,0" yaku="8,1,52,3" doraHai="58" who="3" fromWho="1" sc="94,0,254,-119,368,0,264,139" owari="94,-41.0,135,-26.0,368,17.0,403,50.0" /></mjloggm>