<mjloggm ver="2.3"><GO type="169" lobby="0"/><UN n0="%E2%91%A3%E3%82%BB%E3%83%B3%E3%83%81" n1="%E3%82%AB%E3%83%A9%E3%82%B9%E3%81%AE%E5%AD%90" n2="%E5%87%9C%E7%94%B0%E8%8E%89%E5%AD%90" n3="%E3%83%88%E3%83%88%E3%83%AA%E5%85%88%E7%94%9F%31%39%E6%AD%B3" dan="18,17,16,18" rate="2227.29,2195.17,2138.75,2231.57" sx="M,M,M,F"/><TAIKYOKU oya="0"/><INIT seed="0,0,0,1,0,43" ten="250,250,250,250" oya="0" hai0="23,22,21,28,134,100,17,68,64,19,70,101,6" hai1="38,16,116,97,71,42,114,25,121,10,94,109,76" hai2="35,60,12,7,98,120,54,91,56,77,0,48,53" hai3="88,74,20,135,26,67,83,75,123,108,1,55,44"/><T27/><D134/><U87/><E121/><V49/><F120/><W112/><G112/><T81/><D6/><U41/><E116/><V119/><F35/><W11/><G135/><T66/><D81/><N who="1" m="47527" /><E38/><V13/><F77/><W82/><G108/><T57/><D57/><U61/><E71/><N who="0" m="27177" /><D27/><U31/><E114/><V125/><F125/><W3/><G67/><N who="0" m="25643" /><D28/><U95/><E61/><V89/><F119/><W62/><G123/><T99/><D99/><U80/><E109/><V4/><F98/><W8/><G3/><T14/><D14/><N who="1" m="7255" /><E80/><V9/><F0/><W90/><G1/><T79/><D79/><U117/><E117/><V72/><F72/><W92/><G74/><T30/><D30/><U96/><E25/><V129/><F60/><W33/><G33/><T132/><D132/><U34/><E31/><V36/><F36/><W65/><G75/><T107/><D107/><U105/><E105/><V32/><F32/><W103/><G83/><T50/><D50/><U111/><E111/><V18/><F56/><N who="3" m="37063" /><G82/><T104/><D104/><U130/><E34/><V5/><F49/><N who="3" m="29095" /><G8/><T122/><D122/><U51/><E51/><V58/><F9/><W45/><G11/><T102/><AGARI ba="0,0" hai="17,19,21,22,23,100,101,102" m="25643,27177" machi="102" ten="40,3900,0" yaku="28,2" doraHai="43" who="0" fromWho="0" sc="250,39,250,-13,250,-13,250,-13" /><INIT seed="0,1,0,0,2,114" ten="289,237,237,237" oya="0" hai0="64,93,4,131,70,107,7,41,118,15,96,54,36" hai1="35,9,124,123,94,72,112,61,26,106,29,69,99" hai2="108,132,122,45,81,125,102,17,91,52,2,21,47" hai3="115,65,43,6,116,128,121,60,97,87,0,111,56"/><T113/><D113/><U5/><E112/><V62/><F122/><W30/><G115/><T25/><D93/><U28/><E123/><V85/><F108/><W71/><G121/><T117/><D15/><U78/><E29/><V120/><F120/><W68/><G111/><T1/><D54/><U32/><E32/><V92/><F2/><W57/><G128/><T109/><D7/><U90/><E124/><V105/><F105/><W77/><G116/><N who="0" m="44651" /><D25/><U119/><E119/><V67/><F125/><W86/><G6/><T135/><D109/><U133/><E106/><V95/><F102/><W98/><G0/><T75/><D75/><U80/><E61/><V11/><F52/><W51/><G87/><T16/><D16/><U130/><E69/><V83/><F92/><W39/><G60/><N who="0" m="40199" /><D131/><U31/><E130/><V37/><F95/><W13/><G13/><T46/><D135/><U24/><E133/><V127/><F132/><W19/><G19/><T40/><D40/><U89/><E26/><V129/><F17/><W84/><G43/><T10/><D96/><U55/><E28/><V82/><F129/><W74/><G97/><T44/><D44/><U103/><E55/><V38/><F47/><W134/><G98/><T126/><D107/><U27/><E27/><V76/><F45/><W20/><G134/><T23/><D23/><U34/><E34/><V50/><F21/><W12/><G20/><T66/><D66/><U59/><E59/><V110/><F67/><W42/><G57/><T79/><D79/><U73/><E73/><V104/><F76/><W48/><G77/><RYUUKYOKU ba="1,0" sc="289,15,237,15,237,-15,237,-15" hai0="1,4,10,36,41,46,126" hai1="5,9,24,31,35,72,78,80,89,90,94,99,103" /><INIT seed="0,2,0,4,0,102" ten="304,252,222,222" oya="0" hai0="96,5,8,30,105,100,80,124,41,101,44,21,115" hai1="0,67,93,97,10,40,127,26,120,68,106,103,114" hai2="60,12,49,121,1,52,27,75,42,71,123,134,104" hai3="4,77,57,45,25,48,39,17,31,83,62,37,84"/><T109/><D115/><U33/><E120/><V118/><F1/><W69/><G69/><T19/><D124/><U132/><E127/><V47/><F134/><W117/><G117/><T110/><D30/><N who="1" m="19671" /><E93/><V58/><F75/><W130/><G130/><T54/><D101/><U108/><E108/><N who="0" m="41577" /><D54/><U72/><E132/><V99/><F118/><W36/><G4/><T74/><D74/><U76/><E40/><V22/><F12/><W85/><G17/><T7/><D80/><N who="1" m="45063" /><E114/><V13/><F13/><W2/><G2/><T55/><D55/><U46/><E46/><V43/><F71/><W28/><G25/><N who="0" m="14527" /><D8/><U79/><E79/><V56/><F43/><W87/><G31/><T126/><D126/><U65/><E10/><V23/><F58/><W61/><G28/><T88/><D88/><U133/><E67/><V66/><F42/><W128/><G57/><T50/><AGARI ba="2,0" hai="5,7,41,44,50,96,100,105" m="14527,41577" machi="50" ten="30,6000,0" yaku="14,1,10,1,52,1" doraHai="102" who="0" fromWho="0" sc="304,66,252,-22,222,-22,222,-22" /><INIT seed="0,3,0,1,4,27" ten="370,230,200,200" oya="0" hai0="66,4,114,73,123,103,38,69,14,105,10,74,62" hai1="57,33,5,115,35,82,88,106,59,49,84,111,53" hai2="63,65,122,48,93,41,44,94,42,7,45,120,24" hai3="60,121,0,108,51,31,23,96,22,75,132,15,133"/><T77/><D114/><U47/><E115/><V95/><F7/><W68/><G0/><N who="0" m="263" /><D123/><U92/><E106/><V101/><F101/><W72/><G121/><T46/><D14/><U102/><E111/><V85/><F85/><W43/><G108/><T89/><D89/><U76/><E102/><V56/><REACH who="2" step="1"/><F24/><REACH who="2" ten="370,230,190,200" step="2"/><N who="3" m="16799" /><G75/><T116/><D74/><U12/><E5/><V83/><F83/><W20/><G72/><T135/><D73/><U30/><E12/><V70/><F70/><W129/><G68/><T128/><D103/><U113/><E113/><V131/><F131/><W124/><G129/><T40/><D128/><U119/><E84/><V117/><F117/><W91/><G15/><T109/><D116/><U104/><E119/><V81/><F81/><W19/><G96/><T17/><D109/><U87/><E82/><V110/><F110/><W18/><G132/><T36/><D135/><U26/><E87/><V90/><F90/><W34/><G133/><T21/><D77/><U67/><E88/><V58/><F58/><W80/><G91/><T37/><D105/><U55/><E59/><V61/><F61/><W71/><G60/><T78/><D78/><U100/><E57/><V3/><F3/><W107/><G80/><T1/><D1/><U2/><E76/><V32/><F32/><W28/><G71/><T125/><D69/><U99/><E2/><V9/><F9/><W39/><G107/><T6/><D6/><U130/><E104/><V118/><F118/><W134/><G34/><T54/><D62/><U97/><E130/><V79/><F79/><W25/><G134/><RYUUKYOKU ba="3,1" sc="370,-10,230,-10,190,30,200,-10" hai2="41,42,44,45,48,56,63,65,93,94,95,120,122" /><INIT seed="1,4,1,3,5,67" ten="360,220,220,190" oya="1" hai0="81,130,112,118,9,63,92,77,120,34,12,86,52" hai1="6,91,64,75,48,99,116,45,4,101,108,126,132" hai2="103,124,117,128,74,28,70,109,58,16,7,53,78" hai3="11,2,106,59,98,27,32,107,3,47,61,21,123"/><U79/><E116/><V133/><F117/><W125/><G123/><T60/><D118/><U119/><E119/><V41/><F109/><W8/><G32/><T50/><D34/><U25/><E108/><V56/><F128/><W24/><G125/><T40/><D112/><U20/><E126/><V96/><F124/><W73/><G73/><T30/><D130/><U88/><E132/><V72/><F41/><W100/><G107/><T33/><D120/><U127/><E127/><V114/><F133/><W43/><G3/><T15/><D40/><U38/><E38/><V29/><F7/><N who="1" m="2601" /><E75/><V82/><F72/><W76/><G76/><T19/><D33/><U102/><E79/><V69/><F16/><W122/><G2/><T94/><D30/><N who="1" m="17703" /><E64/><V71/><F114/><W66/><G122/><T23/><D15/><U104/><E104/><V134/><F134/><W17/><REACH who="3" step="1"/><G27/><REACH who="3" ten="360,220,220,180" step="2"/><T39/><D39/><AGARI ba="4,2" hai="8,11,17,21,24,39,43,47,59,61,66,98,100,106" machi="39" ten="30,3900,0" yaku="1,1,2,1,7,1,53,0" doraHai="67" doraHaiUra="1" who="3" fromWho="0" sc="360,-51,220,0,220,0,180,71" /><INIT seed="2,0,0,1,5,51" ten="309,220,220,251" oya="2" hai0="58,133,76,70,67,79,100,72,63,4,114,54,45" hai1="106,23,46,28,33,89,101,125,77,113,19,124,64" hai2="92,52,97,119,134,29,3,130,109,0,20,17,49" hai3="26,7,95,84,32,61,102,80,85,74,111,5,66"/><V42/><F119/><W53/><G74/><T93/><D114/><U69/><E113/><V83/><F130/><W9/><G111/><T121/><D121/><U94/><E77/><V47/><F134/><W68/><G32/><T117/><D72/><U41/><E33/><V38/><F29/><W11/><G26/><T25/><D133/><U73/><E28/><V123/><F123/><W131/><G131/><T112/><D112/><U88/><E73/><V55/><F83/><W24/><G24/><T27/><D4/><U129/><E129/><V39/><F109/><W40/><G40/><T99/><D117/><U12/><E106/><V96/><F96/><W35/><G35/><T90/><D25/><U115/><E115/><V48/><F39/><W2/><G80/><T82/><D27/><U56/><E69/><V60/><F38/><W44/><G95/><T16/><D16/><U1/><E1/><V34/><F34/><W126/><G102/><T65/><D45/><U62/><E101/><V10/><F10/><W116/><G126/><N who="1" m="48746" /><E94/><V86/><F3/><W59/><G44/><T118/><D118/><U122/><E122/><V132/><F0/><N who="3" m="167" /><G116/><T6/><D6/><U103/><E103/><N who="2" m="60839" /><F132/><W120/><G120/><T43/><D43/><U30/><E30/><V36/><F36/><AGARI ba="0,0" hai="12,19,23,36,41,46,56,62,64,88,89" m="48746" machi="36" ten="30,2000,0" yaku="18,1,54,1" doraHai="51" who="1" fromWho="2" sc="309,0,220,20,220,-20,251,0" /><INIT seed="3,0,0,5,0,98" ten="309,240,200,251" oya="3" hai0="84,78,61,94,87,63,135,3,48,97,99,33,132" hai1="43,68,4,90,32,54,36,14,12,25,42,113,128" hai2="19,76,46,118,22,38,9,27,85,71,134,21,73" hai3="103,15,133,41,2,11,5,1,17,108,66,126,7"/><W60/><G133/><N who="0" m="51275" /><D3/><U49/><E113/><V35/><F134/><W77/><G126/><T24/><D99/><U55/><E68/><V58/><F71/><W59/><G108/><T30/><D48/><U52/><E36/><V65/><F118/><W23/><G77/><T69/><D78/><U16/><E128/><V122/><F122/><W40/><REACH who="3" step="1"/><G103/><REACH who="3" ten="309,240,200,241" step="2"/><N who="0" m="60855" /><D61/><U44/><E90/><V75/><F76/><W74/><G74/><T26/><D26/><U10/><E25/><V83/><F27/><W64/><G64/><AGARI ba="0,1" hai="24,30,33,63,64,69,84,87" m="60855,51275" machi="64" ten="30,2000,0" yaku="20,1,52,1" doraHai="98" who="0" fromWho="3" sc="309,30,240,0,200,0,241,-20" /><INIT seed="4,0,0,5,1,35" ten="339,240,200,221" oya="0" hai0="103,32,3,72,129,128,57,47,60,46,74,126,78" hai1="53,7,24,67,12,90,79,31,40,19,91,52,8" hai2="36,135,127,38,34,26,86,111,132,39,18,131,70" hai3="124,83,4,30,71,102,101,87,133,116,1,120,97"/><T115/><D32/><U89/><E67/><V80/><F111/><W9/><G116/><T55/><D115/><U13/><E40/><V2/><F70/><W10/><G71/><T106/><D126/><U58/><E79/><V11/><F127/><W28/><G124/><T113/><D113/><U20/><REACH who="1" step="1"/><E58/><REACH who="1" ten="339,230,200,221" step="2"/><V43/><F132/><W108/><G133/><T22/><D78/><U17/><E17/><V33/><F43/><W119/><G108/><T81/><D47/><U112/><E112/><V45/><F18/><W75/><G119/><T27/><D46/><U88/><N who="1" m="23040" /><DORA hai="41" /><U68/><E68/><V51/><F45/><W82/><G82/><T0/><D57/><U44/><E44/><V84/><F80/><W77/><G83/><T95/><D81/><U50/><E50/><V56/><F51/><W64/><G77/><T100/><D72/><U37/><E37/><V65/><F39/><W25/><G64/><T114/><D74/><U42/><E42/><V109/><F38/><W21/><G75/><T62/><D114/><U14/><E14/><V29/><F36/><W104/><G87/><T122/><D62/><U73/><E73/><V49/><F84/><W94/><G30/><T23/><D60/><U117/><E117/><V118/><F86/><W63/><G63/><T61/><D61/><U99/><E99/><V98/><F98/><N who="3" m="61527" /><G120/><T54/><D54/><U121/><E121/><V59/><F65/><W92/><G97/><T93/><D122/><U105/><E105/><V76/><F135/><W15/><G28/><T5/><D106/><U123/><E123/><RYUUKYOKU ba="0,1" sc="339,-10,230,30,200,-10,221,-10" hai1="7,8,12,13,19,20,24,31,52,53" /><INIT seed="5,1,1,5,1,127" ten="329,260,190,211" oya="1" hai0="37,52,61,15,8,105,121,41,4,110,75,63,18" hai1="43,14,59,73,55,57,28,11,112,82,83,103,45" hai2="65,69,19,72,118,93,60,106,119,58,135,27,125" hai3="108,130,66,133,30,70,17,44,115,116,46,100,5"/><U88/><E112/><V132/><F125/><W0/><G108/><T29/><D110/><U7/><E73/><V114/><F106/><W31/><G115/><T25/><D105/><U10/><E103/><V107/><F107/><W54/><G133/><N who="2" m="51273" /><F114/><W104/><G116/><N who="2" m="44585" /><F72/><W86/><G5/><T34/><D75/><U16/><E28/><V40/><F93/><W120/><G0/><T99/><D121/><U94/><E7/><V85/><F85/><W21/><G120/><T109/><D109/><U71/><E10/><V128/><F40/><W77/><G31/><T129/><D99/><N who="1" m="57799" /><E71/><V38/><F38/><W62/><G30/><T76/><D76/><U67/><E43/><V87/><F87/><W124/><G124/><T122/><D122/><U56/><E67/><V12/><F27/><N who="3" m="14767" /><G86/><T23/><D41/><U9/><E11/><N who="2" m="6559" /><F69/><W91/><G77/><T1/><D37/><U50/><AGARI ba="1,1" hai="9,14,16,45,50,55,56,57,59,82,83" m="57799" machi="50" ten="30,6000,0" yaku="8,1,54,2" doraHai="127" who="1" fromWho="1" sc="329,-21,260,73,190,-21,211,-21" /><INIT seed="5,2,0,2,4,123" ten="308,333,169,190" oya="1" hai0="94,75,57,49,102,23,32,38,90,51,10,69,83" hai1="8,62,14,132,63,128,43,2,17,92,91,44,98" hai2="16,134,36,118,133,4,126,78,119,114,12,96,120" hai3="108,18,74,97,81,89,5,73,22,112,46,110,117"/><U59/><E128/><V28/><F36/><W53/><G5/><T71/><D32/><U21/><E132/><N who="2" m="50795" /><F120/><W37/><G112/><T24/><D38/><U7/><REACH who="1" step="1"/><E59/><REACH who="1" ten="308,323,169,190" step="2"/><V121/><F121/><W79/><G117/><T77/><D57/><U40/><E40/><V67/><F119/><W48/><G73/><T125/><D75/><U80/><E80/><V76/><F118/><W35/><G81/><T9/><D83/><U115/><E115/><V55/><F114/><W20/><G74/><T30/><D71/><U88/><E88/><V52/><F126/><W34/><G89/><T54/><D69/><U25/><E25/><V86/><F78/><W122/><G79/><T85/><D90/><U11/><E11/><V104/><F76/><W135/><G122/><T113/><D77/><U68/><E68/><V60/><F86/><W6/><G135/><T124/><D113/><U111/><E111/><V65/><F96/><W39/><G97/><T127/><D85/><U105/><E105/><V95/><F104/><W26/><G26/><T93/><D127/><U107/><E107/><V31/><F95/><W45/><G108/><T130/><D130/><U116/><E116/><V61/><F31/><W82/><G110/><T70/><D70/><U109/><E109/><V47/><F28/><W84/><G82/><T1/><D9/><U87/><E87/><V58/><F58/><W0/><G84/><T13/><D125/><U106/><E106/><V56/><F56/><W15/><G35/><T33/><D124/><U42/><E42/><V41/><F41/><W27/><G34/><RYUUKYOKU ba="2,1" sc="308,-10,323,30,169,-10,190,-10" hai1="2,7,8,14,17,21,43,44,62,63,91,92,98" /><INIT seed="5,3,1,4,0,19" ten="298,353,159,180" oya="1" hai0="89,5,10,132,26,126,18,16,85,116,98,124,91" hai1="51,28,46,0,113,62,40,125,27,131,58,108,130" hai2="63,106,78,109,80,112,118,90,123,14,71,72,61" hai3="38,11,69,107,114,25,95,79,13,75,24,44,105"/><U87/><E0/><V133/><F109/><W73/><G69/><T35/><D116/><U55/><E108/><V54/><F118/><W70/><G70/><T66/><D66/><U45/><E113/><V1/><F123/><W81/><G114/><T121/><D121/><U48/><E125/><N who="0" m="48233" /><D132/><U34/><REACH who="1" step="1"/><E87/><REACH who="1" ten="298,343,159,180" step="2"/><V8/><F1/><W50/><G75/><T99/><D99/><U103/><E103/><V88/><F112/><W33/><G73/><T119/><D119/><U100/><E100/><V43/><F72/><W129/><G129/><T47/><D98/><U64/><AGARI ba="3,2" hai="27,28,34,40,45,46,48,51,55,58,62,64,130,131" machi="64" ten="30,3000,0" yaku="1,1,0,1,53,0" doraHai="19" doraHaiUra="93" who="1" fromWho="1" sc="298,-13,343,59,159,-13,180,-13" /><INIT seed="5,4,0,4,1,28" ten="285,402,146,167" oya="1" hai0="69,115,134,111,88,93,131,31,15,96,8,91,89" hai1="105,29,13,117,121,99,125,39,60,64,71,41,62" hai2="22,104,127,87,9,33,37,38,10,83,16,108,130" hai3="61,107,17,35,85,14,68,30,55,75,135,74,11"/><U26/><E117/><V128/><F108/><W81/><G107/><T133/><D69/><U102/><E121/><V76/><F104/><W4/><G135/><N who="0" m="51723" /><D111/><U27/><E125/><V97/><F127/><W49/><G4/><N who="0" m="3463" /><D115/><U44/><E62/><V114/><F114/><W113/><G113/><T0/><D0/><U94/><E94/><V21/><F97/><W124/><G124/><T72/><D72/><U53/><E53/><V101/><F101/><W95/><G95/><T1/><D1/><U112/><E27/><N who="2" m="14759" /><F22/><W109/><G109/><T116/><D116/><U2/><E112/><V122/><F33/><W123/><G123/><T92/><D131/><N who="2" m="50218" /><F122/><W23/><G23/><T100/><D31/><U132/><E132/><V19/><F19/><W126/><G126/><T86/><AGARI ba="4,0" hai="86,88,89,91,92,93,96,100" m="3463,51723" machi="86" ten="30,2000,0" yaku="20,1,54,1" doraHai="28" who="0" fromWho="0" sc="285,32,402,-14,146,-9,167,-9" /><INIT seed="6,0,0,4,0,110" ten="317,388,137,158" oya="2" hai0="45,50,41,52,93,65,95,109,89,22,107,53,82" hai1="2,66,73,69,55,131,125,59,24,100,84,83,71" hai2="21,85,117,133,81,34,28,48,88,63,32,38,126" hai3="80,130,3,0,114,97,18,27,94,8,108,120,132"/><V75/><F117/><W90/><G108/><T26/><D107/><U54/><E2/><V46/><F133/><W47/><G120/><T68/><D109/><U87/><E73/><V119/><F119/><W127/><G132/><T42/><D68/><U39/><E39/><V116/><F116/><W6/><G130/><T113/><D113/><U104/><E131/><V58/><F38/><W134/><G134/><T29/><D65/><U12/><E12/><V72/><F126/><W79/><G127/><T64/><D64/><U101/><E125/><V135/><F135/><W57/><G3/><T78/><D53/><U25/><E104/><V10/><F10/><W56/><G114/><T98/><REACH who="0" step="1"/><D95/><REACH who="0" ten="307,388,137,158" step="2"/><U128/><E66/><V122/><F122/><W33/><G94/><T102/><D102/><U92/><E92/><V5/><F81/><W44/><G80/><T36/><D36/><U70/><E83/><V60/><F75/><AGARI ba="0,1" hai="22,26,29,41,42,45,50,52,75,78,82,89,93,98" machi="75" ten="30,3900,0" yaku="1,1,7,1,54,1,53,0" doraHai="110" doraHaiUra="103" who="0" fromWho="2" sc="307,49,388,0,137,-39,158,0" /><INIT seed="7,0,0,0,0,39" ten="356,388,98,158" oya="3" hai0="52,46,81,101,122,91,121,111,43,26,14,5,127" hai1="6,21,55,45,59,16,93,104,99,53,58,2,54" hai2="56,37,61,78,1,87,135,63,8,38,68,67,66" hai3="86,92,115,74,109,90,3,42,49,0,11,20,133"/><W50/><G74/><T119/><D111/><U85/><E104/><V60/><F135/><W123/><G123/><T32/><D119/><U126/><E126/><V41/><F1/><W120/><G120/><T84/><D101/><N who="1" m="60655" /><E2/><V77/><F8/><W75/><G75/><T4/><D127/><U23/><E6/><V40/><F87/><W36/><G115/><T51/><D32/><U132/><E132/><V112/><F112/><W62/><G133/><T113/><D113/><U57/><E85/><V71/><F63/><W35/><G35/><T131/><D131/><U129/><E129/><V106/><F56/><W13/><G109/><T83/><D122/><U116/><E116/><V7/><F7/><N who="0" m="2634" /><D121/><U18/><E45/><V33/><F33/><W110/><G50/><N who="0" m="26975" /><D26/><N who="1" m="14631" /><E59/><V98/><F98/><W10/><G36/><T12/><D83/><U28/><E28/><V80/><F80/><W88/><G110/><T107/><D107/><AGARI ba="0,0" hai="37,38,40,41,60,61,66,67,68,71,77,78,106,107" machi="107" ten="25,6400,0" yaku="22,2,52,2" doraHai="39" who="2" fromWho="0" sc="356,-64,388,0,98,64,158,0" owari="292,9.0,388,49.0,162,-24.0,158,-34.0" /></mjloggm>