<mjloggm ver="2.3"><GO type="97" lobby="0"/><UN n0="%E5%B0%B1%E6%B4%BB%E7%94%9F%40%E5%B7%9D%E6%9D%91%E8%BB%8D%E5%9B%A3" n1="%74%6F%6E%6E%64%61%67%6F" n2="%E7%A8%B2%E8%91%89%E5%AD%9D%E5%BC%98" n3="%74%6F%73%69" dan="17,15,14,14" rate="2216.96,1934.66,1917.56,1970.05" sx="M,F,M,M"/><TAIKYOKU oya="0"/><INIT seed="0,0,0,3,1,46" ten="250,250,250,250" oya="0" hai0="68,123,103,27,8,57,26,98,65,128,95,88,5" hai1="122,81,129,99,43,77,116,60,111,51,121,37,17" hai2="134,36,91,22,92,109,97,30,110,76,45,28,40" hai3="52,93,86,74,64,132,78,90,124,127,117,108,16"/><T24/><D123/><U102/><E37/><V61/><F134/><W63/><G117/><T118/><D118/><U115/><E111/><V23/><F76/><W42/><G108/><N who="2" m="41577" /><F61/><W67/><G132/><T66/><D68/><U47/><E129/><V135/><F135/><W59/><G42/><T56/><D128/><U100/><E115/><V58/><F58/><N who="0" m="22634" /><D103/><U131/><E131/><V106/><F106/><W79/><G74/><T25/><N who="0" m="6656" /><DORA hai="44" /><T33/><D33/><U9/><E60/><V1/><F1/><W130/><G130/><T34/><D34/><U3/><E116/><V112/><F112/><W50/><G64/><N who="0" m="24683" /><D8/><U18/><E102/><V20/><AGARI ba="0,0" hai="20,22,23,28,30,36,40,45,91,92,97" m="41577" machi="20" ten="30,1100,0" yaku="14,1" doraHai="46,44" who="2" fromWho="2" sc="250,-5,250,-3,250,11,250,-3" /><INIT seed="1,0,0,4,2,49" ten="245,247,261,247" oya="1" hai0="12,74,69,46,28,1,77,131,135,53,62,75,58" hai1="123,61,97,9,54,129,106,64,59,29,26,20,41" hai2="91,92,124,16,6,34,111,98,44,63,87,47,121" hai3="103,113,14,18,90,116,94,38,37,134,0,25,31"/><U50/><E123/><V82/><F121/><W89/><G113/><T10/><D1/><U13/><E129/><V70/><F6/><W48/><G0/><T22/><D131/><U93/><E106/><V133/><F133/><W36/><G116/><T86/><D135/><U23/><E41/><V125/><F34/><W57/><G134/><T126/><D69/><U66/><E20/><V107/><F107/><W112/><G112/><T130/><D130/><U132/><E132/><V35/><F35/><W127/><G127/><T24/><D126/><N who="2" m="48746" /><F63/><W100/><G103/><T122/><D122/><U4/><E50/><V15/><F111/><W7/><G7/><T11/><D46/><U55/><E66/><V21/><F70/><W119/><G119/><T95/><D11/><U5/><E4/><V83/><F83/><W84/><G100/><AGARI ba="0,0" hai="5,9,13,23,26,29,54,55,59,61,64,93,97,100" machi="100" ten="30,18000,2" yaku="7,1,25,2,8,1,52,2" doraHai="49" who="1" fromWho="3" sc="245,0,247,180,261,0,247,-180" /><AGARI ba="0,0" hai="15,16,21,44,47,82,87,91,92,98,100" m="48746" machi="100" ten="30,2000,0" yaku="18,1,54,1" doraHai="49" who="2" fromWho="3" sc="245,0,427,0,261,20,67,-20" /><INIT seed="1,1,0,0,5,14" ten="245,427,281,47" oya="1" hai0="10,34,109,110,16,66,83,0,15,6,23,2,121" hai1="126,95,86,38,112,42,65,35,56,17,59,80,55" hai2="19,33,3,52,108,45,82,134,81,103,127,46,116" hai3="118,89,67,13,96,90,102,58,93,47,105,130,9"/><U97/><E112/><V41/><F116/><W11/><G118/><T129/><D66/><U98/><E35/><V92/><F33/><W119/><G130/><T113/><D129/><U1/><E1/><N who="0" m="617" /><D83/><U25/><E126/><V88/><F127/><W133/><G119/><T122/><D34/><U107/><E107/><V70/><F70/><W114/><G133/><T78/><D78/><U36/><E36/><V8/><F3/><W44/><G114/><T132/><D132/><U94/><E42/><V7/><F7/><W54/><G105/><T29/><D29/><U128/><E38/><V115/><F108/><N who="0" m="41578" /><D113/><U18/><E25/><AGARI ba="1,0" hai="6,10,15,16,23,25,121,122" m="41578,617" machi="25" ten="30,8000,1" yaku="14,1,34,2,52,1,54,1" doraHai="14" who="0" fromWho="1" sc="245,83,427,-83,281,0,47,0" /><INIT seed="2,0,0,5,5,24" ten="328,344,281,47" oya="2" hai0="57,61,89,125,58,44,39,15,110,94,86,78,120" hai1="10,26,48,45,11,13,113,104,53,7,134,60,91" hai2="79,99,54,70,122,46,109,131,115,132,16,35,49" hai3="43,37,133,119,30,59,107,22,40,82,36,103,21"/><V32/><F122/><W114/><G119/><T121/><D110/><U20/><E104/><V28/><F115/><W95/><G114/><T92/><D125/><U101/><E101/><V98/><F70/><W72/><G133/><T14/><D78/><U117/><E117/><V55/><F132/><W71/><G71/><T127/><D127/><U69/><E134/><V1/><F1/><W74/><G107/><T23/><D58/><U102/><E102/><V105/><F35/><W65/><G103/><T75/><D75/><U6/><E113/><V108/><F131/><W90/><G82/><T29/><D39/><U124/><E124/><V31/><F54/><W123/><G123/><T63/><D63/><U76/><E76/><V73/><F16/><W68/><G68/><T12/><D44/><U80/><E69/><V34/><F34/><W0/><G0/><T130/><D130/><U19/><E60/><V9/><F9/><N who="1" m="3081" /><E13/><V88/><F32/><W18/><G65/><N who="0" m="39087" /><D121/><U135/><E135/><V128/><F128/><W17/><G59/><T112/><D112/><U38/><E38/><V56/><F56/><W85/><G85/><AGARI ba="0,0" hai="6,7,19,20,26,45,48,53,80,85,91" m="3081" machi="85" ten="30,1000,0" yaku="8,1" doraHai="24" who="1" fromWho="3" sc="328,0,344,10,281,0,47,-10" /><INIT seed="3,0,0,2,3,2" ten="328,354,281,37" oya="3" hai0="28,117,126,22,121,113,40,25,30,131,58,42,27" hai1="122,130,71,77,11,100,132,116,43,109,134,49,127" hai2="82,129,124,59,18,80,63,119,69,44,83,74,98" hai3="32,66,79,34,81,90,112,14,61,31,55,107,45"/><W41/><G112/><T111/><D121/><U87/><E71/><V38/><F119/><W108/><G107/><T110/><D117/><U33/><E33/><V50/><F124/><W48/><G108/><T91/><D113/><U10/><E127/><V115/><F129/><W57/><G90/><T1/><D1/><U97/><E130/><V23/><F115/><W114/><G114/><T24/><D126/><U88/><E77/><V47/><F74/><W3/><G3/><T94/><D131/><U101/><E109/><N who="0" m="41481" /><D58/><U128/><E122/><V86/><F86/><W125/><G125/><T35/><D27/><U72/><E72/><V120/><F38/><W39/><G14/><T118/><D118/><U96/><E116/><V20/><F20/><W21/><G21/><T15/><D15/><U17/><E128/><V133/><F133/><N who="1" m="51305" /><E100/><V19/><F69/><W76/><G31/><T51/><D51/><U85/><E85/><AGARI ba="0,0" hai="22,24,25,28,30,35,40,42,85,91,94" m="41481" machi="85" ten="30,1000,0" yaku="14,1" doraHai="2" who="0" fromWho="1" sc="328,10,354,-10,281,0,37,0" owari="338,14.0,344,44.0,281,-12.0,37,-46.0" /></mjloggm>