<mjloggm ver="2.3"><GO type="169" lobby="0"/><UN n0="%E3%82%A6%E3%83%AB%E3%83%88%E3%83%A9%E7%AB%8B%E7%9B%B4" n1="%E3%81%84%E3%81%AC%E3%81%98%E3%82%83%E3%82%89%EF%BC%94" n2="%E9%9D%A2%E6%B8%85%E3%81%AE%E3%83%90%E3%83%93%E3%82%A3" n3="%E3%81%BE%E3%81%AA%E3%81%84%E3%81%9F%E3%82%88%E3%81%86%E3%81%98%E3%82%87" dan="17,18,16,16" rate="2095.39,2165.86,2114.76,2084.15" sx="M,M,M,M"/><TAIKYOKU oya="0"/><INIT seed="0,0,0,1,1,91" ten="250,250,250,250" oya="0" hai0="3,131,125,66,76,135,88,49,56,13,58,62,6" hai1="77,42,79,17,72,75,94,29,93,100,87,67,16" hai2="30,69,54,71,10,111,102,65,82,117,61,19,28" hai3="90,23,127,18,14,33,38,59,27,119,5,45,31"/><T32/><D3/><U83/><E29/><V1/><F117/><W50/><G119/><T98/><D32/><U24/><E42/><V109/><F71/><W124/><G38/><T46/><D131/><U48/><E67/><V104/><F82/><W80/><G59/><T84/><D125/><U108/><E108/><V12/><F54/><W85/><REACH who="3" step="1"/><G5/><REACH who="3" ten="250,250,250,240" step="2"/><T64/><D135/><U103/><E48/><V11/><F111/><W95/><G95/><N who="0" m="56679" /><D58/><U121/><E121/><V22/><F109/><W21/><G21/><T113/><D113/><U34/><E34/><V78/><F11/><W55/><AGARI ba="0,1" hai="14,18,23,27,31,33,45,50,55,80,85,90,124,127" machi="55" ten="30,2000,0" yaku="1,1,0,1,53,0" doraHai="91" doraHaiUra="53" who="3" fromWho="3" sc="250,-10,250,-5,250,-5,240,30" /><INIT seed="1,0,0,0,0,132" ten="240,245,245,270" oya="1" hai0="22,46,108,24,14,38,17,42,92,124,116,25,68" hai1="93,82,64,84,55,36,131,6,37,119,30,94,120" hai2="86,113,52,98,74,44,51,29,8,123,111,0,79" hai3="45,104,65,50,112,105,57,28,40,56,69,39,48"/><U78/><E119/><V117/><F123/><W100/><G104/><T12/><D116/><U35/><E120/><V101/><F117/><W130/><G28/><T114/><D114/><U3/><E131/><V54/><F74/><W99/><G112/><T127/><D68/><U20/><E35/><V41/><F29/><W121/><G121/><T47/><D108/><U62/><E55/><V118/><F111/><W70/><G130/><T34/><D92/><U109/><E109/><V27/><F27/><W133/><G133/><T106/><D106/><U90/><E94/><V73/><F73/><W110/><G110/><T87/><D87/><U66/><E66/><V71/><F71/><N who="3" m="27147" /><G99/><T128/><D128/><U85/><E20/><V2/><F113/><W58/><G100/><T1/><D1/><U63/><E30/><V43/><F54/><W115/><G105/><T4/><D46/><U15/><E3/><V83/><F118/><W103/><G103/><T49/><D38/><U9/><E63/><V61/><F61/><N who="3" m="38055" /><G115/><T91/><D91/><U76/><E78/><V88/><F79/><W33/><G33/><T77/><D77/><U125/><E82/><V72/><F72/><W122/><G122/><T5/><D34/><U60/><E76/><V23/><F23/><W81/><G81/><T19/><D25/><U134/><E134/><V67/><F0/><W7/><G7/><N who="0" m="2635" /><D19/><U89/><E85/><V95/><F2/><W32/><G32/><T10/><D10/><U75/><E84/><V59/><F8/><W11/><G11/><N who="0" m="6303" /><D24/><U97/><E9/><V26/><F26/><RYUUKYOKU ba="0,0" sc="240,10,245,-30,245,10,270,10" hai0="14,22,42,47,49,124,127" hai2="41,43,44,51,52,59,67,83,86,88,95,98,101" hai3="39,40,45,48,50,57,58" /><INIT seed="2,1,0,3,4,40" ten="250,215,255,280" oya="2" hai0="54,39,126,104,28,12,117,21,90,101,32,19,73" hai1="114,63,97,18,5,91,82,62,135,8,121,36,17" hai2="94,116,47,108,111,64,74,6,59,127,50,30,92" hai3="87,25,22,134,88,61,51,55,102,112,77,95,60"/><V3/><F116/><W120/><G120/><T27/><D117/><U20/><E114/><V31/><F74/><W81/><G112/><T34/><D73/><U124/><E121/><V33/><F127/><W24/><G134/><T44/><D126/><U93/><E124/><V23/><F33/><W1/><G102/><T133/><D133/><U130/><E135/><V98/><F6/><W99/><G1/><T122/><D122/><U67/><E130/><V125/><F3/><W131/><G131/><T56/><D90/><U35/><E35/><V123/><F123/><W26/><REACH who="3" step="1"/><G22/><REACH who="3" ten="250,215,255,270" step="2"/><T45/><D34/><U132/><E132/><V103/><F125/><W43/><G43/><T115/><D115/><U71/><E20/><V69/><F23/><W76/><G76/><T16/><D101/><U78/><E78/><V53/><F30/><W52/><G52/><T85/><D28/><U2/><E2/><V37/><F31/><W9/><G9/><N who="0" m="6159" /><D32/><U119/><E119/><V105/><F111/><W96/><G96/><T4/><D104/><U86/><E8/><V107/><F108/><W80/><G80/><T46/><D39/><U118/><E36/><V11/><F107/><W72/><G72/><T57/><D85/><U84/><E84/><V109/><F109/><W14/><G14/><T79/><D79/><U83/><E86/><V0/><F0/><W10/><G10/><T129/><D129/><U65/><E118/><V75/><F11/><W58/><AGARI ba="1,1" hai="24,25,26,51,55,58,60,61,77,81,87,88,95,99" machi="58" ten="30,8000,1" yaku="1,1,0,1,8,1,54,1,53,1" doraHai="40" doraHaiUra="48" who="3" fromWho="3" sc="250,-21,215,-21,255,-41,270,93" /><INIT seed="3,0,0,3,3,126" ten="229,194,214,363" oya="3" hai0="41,9,104,70,49,57,21,4,114,1,68,12,35" hai1="46,58,123,23,132,25,17,97,112,0,86,113,124" hai2="44,10,55,27,99,37,128,122,45,134,130,66,19" hai3="64,39,60,87,121,63,33,59,118,116,92,105,47"/><W76/><G105/><T125/><D104/><U61/><E123/><V24/><F134/><W36/><G121/><T117/><D117/><U2/><E124/><V34/><F122/><W20/><G33/><T98/><D125/><U106/><E132/><V15/><F66/><W88/><G76/><T80/><D114/><U111/><E111/><V103/><F37/><W14/><G39/><T79/><D35/><U110/><E110/><V29/><F27/><W28/><G28/><T53/><D98/><U95/><E106/><N who="2" m="63871" /><F55/><W74/><G74/><T32/><D32/><U115/><E86/><V89/><F89/><W13/><G63/><T75/><REACH who="0" step="1"/><D41/><REACH who="0" ten="219,194,214,363" step="2"/><U135/><E135/><V3/><F3/><W30/><G118/><T91/><D91/><U26/><E0/><V77/><F77/><W22/><G116/><T67/><D67/><U85/><E2/><V127/><F127/><W129/><G64/><T42/><D42/><U5/><E97/><V43/><F43/><W81/><G88/><T72/><D72/><U73/><E73/><V38/><F38/><W6/><G36/><T120/><D120/><U54/><E115/><V93/><F93/><W71/><G92/><T101/><D101/><U102/><E102/><V78/><F78/><W7/><G87/><T65/><D65/><U40/><E113/><V56/><F56/><W84/><G59/><T82/><D82/><U16/><E112/><V133/><F133/><W90/><G81/><T8/><D8/><U11/><E95/><V31/><F31/><W131/><G30/><T96/><D96/><U69/><E58/><RYUUKYOKU ba="0,1" sc="219,15,194,-15,214,15,363,-15" hai0="1,4,9,12,21,49,53,57,68,70,75,79,80" hai2="10,15,19,24,29,34,44,45,128,130" /><INIT seed="4,1,1,0,1,86" ten="234,179,229,348" oya="0" hai0="29,17,24,82,114,61,85,88,58,12,23,5,105" hai1="112,66,46,122,127,21,67,48,7,39,129,42,10" hai2="90,19,44,92,93,130,38,54,120,134,133,51,0" hai3="20,126,115,87,60,70,18,52,6,80,111,125,74"/><T65/><D105/><U34/><E34/><V32/><F32/><W14/><G111/><T108/><D108/><U37/><E122/><V135/><F0/><W109/><G109/><T68/><D114/><U94/><E112/><V97/><F120/><W55/><G74/><T73/><D73/><U72/><E72/><V25/><F38/><W49/><G6/><T8/><REACH who="0" step="1"/><D68/><REACH who="0" ten="224,179,229,348" step="2"/><U103/><E127/><V124/><F124/><W16/><G115/><T89/><D89/><U78/><E103/><V119/><F119/><W123/><G125/><T121/><D121/><U117/><E117/><V128/><F93/><W76/><G123/><T45/><D45/><U69/><E46/><V22/><AGARI ba="1,2" hai="19,22,25,44,51,54,90,92,97,128,130,133,134,135" machi="22" ten="40,5200,0" yaku="0,1,20,1,52,1" doraHai="86" who="2" fromWho="2" sc="224,-27,179,-14,229,75,348,-14" /><INIT seed="5,0,0,4,2,133" ten="197,165,304,334" oya="1" hai0="124,86,125,131,37,46,81,120,94,127,83,128,55" hai1="23,113,30,50,49,92,135,70,19,42,91,2,72" hai2="36,93,101,54,117,57,129,32,60,121,105,107,76" hai3="73,43,62,56,119,14,87,90,88,75,25,45,13"/><U67/><E72/><V48/><F32/><W78/><G119/><T22/><D120/><U10/><E135/><V68/><F117/><W12/><G25/><T104/><D104/><U97/><E113/><V134/><F129/><N who="0" m="49738" /><D22/><U122/><E122/><V130/><F134/><W71/><G71/><T17/><D17/><U44/><E30/><V103/><F121/><W132/><G132/><T20/><D20/><U79/><E79/><V85/><F36/><W39/><G78/><T77/><D83/><U74/><E74/><V11/><F11/><W102/><G102/><T28/><D28/><U16/><E50/><V64/><F130/><W34/><G90/><T9/><D9/><U110/><E110/><V58/><F68/><W99/><G99/><T27/><D27/><U123/><E123/><V84/><F107/><W33/><G33/><T31/><D31/><U114/><E114/><V108/><F108/><W89/><G89/><T26/><D26/><U126/><E23/><V65/><F105/><W40/><G40/><N who="0" m="22799" /><D55/><U96/><E96/><V29/><F29/><W118/><G118/><T69/><D69/><U116/><E116/><V5/><F5/><W111/><G34/><T51/><D51/><U3/><E10/><V98/><F76/><W66/><G111/><T6/><D6/><U59/><E70/><V52/><F103/><W100/><G100/><T61/><D61/><N who="1" m="38335" /><E19/><V41/><F41/><W21/><G21/><T35/><D35/><U47/><E16/><V1/><F1/><N who="1" m="9" /><E47/><V0/><F0/><W95/><AGARI ba="0,0" hai="12,13,14,39,43,45,56,62,66,73,75,87,88,95" machi="95" ten="30,2000,0" yaku="0,1,54,1" doraHai="133" who="3" fromWho="3" sc="197,-5,165,-10,304,-5,334,20" /><INIT seed="6,0,0,4,4,49" ten="192,155,299,354" oya="2" hai0="20,15,66,3,86,119,13,79,98,62,76,59,51" hai1="5,104,54,11,42,94,72,120,30,101,93,58,132" hai2="22,77,112,2,115,113,103,105,29,80,12,78,111" hai3="107,60,117,95,109,130,41,96,114,27,9,135,85"/><V73/><F2/><W57/><G109/><T68/><D3/><U43/><E72/><V134/><F29/><W74/><G117/><T81/><D119/><U106/><E132/><V84/><F22/><W82/><G135/><T102/><D79/><U53/><E120/><V116/><F12/><W126/><G130/><T69/><D69/><U65/><E30/><V23/><F23/><W26/><G126/><T90/><D76/><U83/><E83/><N who="2" m="45487" /><F134/><W40/><G107/><T17/><D51/><U108/><E108/><V8/><F8/><W47/><G74/><T67/><D68/><U4/><E101/><V36/><F36/><W124/><G124/><T97/><D15/><U75/><E75/><V129/><F111/><W88/><G9/><T87/><D87/><U52/><E11/><V19/><F19/><W70/><G70/><T122/><D122/><U89/><E54/><V34/><F34/><W28/><G47/><T38/><D38/><U133/><E133/><V45/><F45/><W14/><G14/><T7/><D7/><U131/><E89/><V92/><F116/><W123/><G123/><T91/><D91/><U63/><E58/><V56/><F56/><W118/><G118/><T18/><D18/><U100/><E63/><V16/><F16/><W1/><G1/><T121/><D121/><U10/><E10/><V48/><F48/><W33/><G27/><T0/><D0/><U6/><E6/><V50/><F50/><W37/><G37/><T110/><D110/><U55/><E4/><V71/><F71/><W128/><G60/><N who="0" m="38175" /><D102/><U21/><E5/><RYUUKYOKU ba="0,0" sc="192,30,155,-10,299,-10,354,-10" hai0="13,17,20,62,67,81,86,90,97,98" /><INIT seed="7,1,0,2,1,135" ten="222,145,289,344" oya="3" hai0="0,27,60,134,84,99,82,74,103,86,113,47,29" hai1="67,6,70,10,125,25,83,41,114,71,89,46,90" hai2="37,73,48,68,15,8,1,98,76,59,79,108,24" hai3="23,56,122,3,127,44,107,112,32,130,91,109,77"/><W120/><G32/><T26/><D0/><U12/><E114/><V5/><F108/><W54/><G112/><T65/><D113/><U101/><E101/><V133/><F133/><W88/><G3/><T119/><D119/><U75/><E25/><V35/><F68/><W36/><G107/><T20/><D74/><U58/><E58/><V124/><F37/><W16/><G77/><T11/><D11/><U97/><E67/><V128/><F128/><W34/><G34/><T14/><D14/><U94/><E71/><V18/><F98/><W93/><G130/><T126/><D47/><U63/><E63/><V49/><F73/><W96/><G91/><T81/><D27/><U52/><E70/><V30/><F59/><W80/><G80/><T53/><D82/><U51/><E125/><V110/><F110/><W45/><G127/><T100/><D126/><U2/><E2/><V57/><F124/><W106/><G106/><T132/><D103/><U123/><E123/><V50/><REACH who="2" step="1"/><F57/><REACH who="2" ten="222,145,279,344" step="2"/><W42/><G109/><T55/><D134/><U62/><E62/><V17/><F17/><W129/><G129/><T38/><D60/><U69/><E69/><V28/><F28/><W21/><G16/><T43/><D29/><U4/><E75/><V40/><F40/><W95/><G56/><T111/><D43/><U39/><E4/><V22/><AGARI ba="1,1" hai="1,5,8,15,18,22,24,30,35,48,49,50,76,79" machi="22" ten="30,7900,0" yaku="1,1,0,1,24,2,53,0" doraHai="135" doraHaiUra="66" who="2" fromWho="2" sc="222,-21,145,-21,279,92,344,-40" owari="201,-20.0,124,-38.0,371,48.0,304,10.0" /></mjloggm>