<mjloggm ver="2.3"><GO type="169" lobby="0"/><UN n0="%E5%B0%B1%E6%B4%BB%E7%94%9F%40%E5%B7%9D%E6%9D%91%E8%BB%8D%E5%9B%A3" n1="%6D%6F%65%2E%6E" n2="%6A%61%6E%79" n3="%E7%99%BD%E9%BB%92%E7%A5%9E" dan="16,16,16,16" rate="2172.66,2099.35,2064.06,2131.99" sx="M,F,M,F"/><TAIKYOKU oya="0"/><INIT seed="0,0,0,1,1,106" ten="250,250,250,250" oya="0" hai0="30,58,5,25,33,124,10,9,113,118,40,134,0" hai1="87,29,3,21,74,75,41,22,11,111,8,43,120" hai2="100,7,28,98,103,92,123,26,102,107,90,126,97" hai3="57,66,42,55,1,35,115,32,49,125,109,95,19"/><T59/><D118/><U99/><E120/><V71/><F123/><W96/><G109/><T12/><D113/><U4/><E111/><V63/><F126/><W48/><G1/><T110/><D124/><U105/><E87/><V68/><F7/><W101/><G115/><T131/><D110/><U45/><E29/><V81/><F81/><W53/><G125/><T76/><D131/><U24/><E11/><V14/><F14/><W130/><G130/><T94/><D134/><U47/><E105/><V65/><REACH who="2" step="1"/><F68/><REACH who="2" ten="250,250,240,250" step="2"/><W83/><G83/><T129/><D129/><U60/><E24/><V17/><F17/><W72/><G19/><T128/><D128/><U77/><E4/><V78/><F78/><W46/><G32/><AGARI ba="0,1" hai="26,28,32,63,65,71,90,92,97,98,100,102,103,107" machi="32" ten="30,7700,0" yaku="1,1,7,1,25,2,53,0" doraHai="106" doraHaiUra="52" who="2" fromWho="3" sc="250,0,250,0,240,87,250,-77" /><INIT seed="1,0,0,1,2,121" ten="250,250,327,173" oya="1" hai0="132,19,37,54,67,72,76,2,119,125,68,18,106" hai1="134,86,5,28,7,103,9,36,53,96,89,120,87" hai2="118,80,41,47,101,62,82,90,105,112,4,30,79" hai3="69,20,81,77,26,95,110,84,51,128,31,98,92"/><U66/><E120/><V75/><F118/><W63/><G128/><T16/><D2/><U61/><E36/><V32/><F4/><W135/><G135/><T104/><D119/><U1/><E134/><V123/><F123/><W64/><G110/><T50/><D37/><U114/><E114/><V55/><F30/><W29/><G29/><T102/><D132/><U115/><E115/><V46/><F32/><W11/><G11/><T129/><D129/><U127/><E127/><V15/><F15/><W85/><G51/><T44/><D125/><U21/><E7/><V88/><F105/><W42/><G42/><T60/><REACH who="0" step="1"/><D102/><REACH who="0" ten="240,250,327,173" step="2"/><U59/><E103/><V65/><F101/><W93/><REACH who="3" step="1"/><G85/><REACH who="3" ten="240,250,327,163" step="2"/><T70/><D70/><U13/><E87/><V71/><F112/><W33/><G33/><T45/><D45/><U25/><E86/><V74/><F47/><W38/><G38/><T56/><D56/><U40/><E59/><V126/><F126/><W91/><AGARI ba="0,2" hai="20,26,31,63,64,69,77,81,84,91,92,93,95,98" machi="91" ten="20,5200,0" yaku="1,1,0,1,7,1,53,1" doraHai="121" doraHaiUra="94" who="3" fromWho="3" sc="240,-13,250,-26,327,-13,163,72" /><INIT seed="2,0,0,3,1,87" ten="227,224,314,235" oya="2" hai0="3,78,31,101,103,48,25,99,122,107,131,109,17" hai1="65,126,4,1,106,82,8,73,52,50,10,125,98" hai2="16,120,93,58,71,15,127,116,13,28,135,55,128" hai3="46,96,102,47,94,83,108,30,133,11,91,105,45"/><V59/><F116/><W115/><G108/><T79/><D3/><U7/><E65/><V67/><F120/><W124/><G115/><T26/><D122/><U22/><E22/><V49/><F128/><W121/><G121/><T68/><D109/><U85/><E73/><V62/><F135/><W80/><G133/><T44/><D131/><U63/><E63/><V70/><F127/><N who="1" m="48649" /><E98/><V132/><F132/><W60/><G124/><T36/><D36/><U130/><E130/><V51/><F28/><W61/><G30/><T39/><D39/><U57/><E106/><V27/><F71/><W134/><G134/><T14/><D101/><U84/><E82/><N who="3" m="31274" /><G105/><T40/><D68/><U41/><E41/><V117/><F117/><W75/><G75/><T20/><REACH who="0" step="1"/><D26/><REACH who="0" ten="217,224,314,235" step="2"/><U97/><E97/><V6/><F27/><W129/><G129/><T53/><D53/><U110/><E110/><V18/><F70/><W95/><G102/><T123/><D123/><U43/><E43/><V12/><F55/><W104/><G104/><T56/><D56/><U23/><E23/><AGARI ba="0,1" hai="14,17,20,23,25,31,40,44,48,78,79,99,103,107" machi="23" ten="30,2000,0" yaku="1,1,7,1,53,0" doraHai="87" doraHaiUra="113" who="0" fromWho="1" sc="217,30,224,-20,314,0,235,0" /><INIT seed="3,0,0,0,3,68" ten="247,204,314,235" oya="3" hai0="42,96,112,67,88,21,105,2,54,39,125,32,114" hai1="132,6,75,71,120,18,34,65,30,35,115,126,98" hai2="23,97,93,113,51,14,45,74,10,77,64,20,12" hai3="4,91,50,48,83,85,133,24,17,110,81,108,79"/><W37/><G133/><T36/><D32/><U58/><E115/><N who="0" m="44073" /><D42/><U111/><E120/><V52/><F113/><W99/><G4/><T7/><D125/><U0/><E111/><N who="3" m="42538" /><G37/><N who="0" m="14411" /><D67/><U95/><E65/><V5/><F64/><W57/><G57/><T118/><D118/><U1/><E58/><V116/><F116/><W90/><G99/><T89/><D21/><U73/><E35/><V124/><F124/><W130/><G130/><T44/><D44/><U127/><E34/><V131/><F131/><W27/><G91/><N who="0" m="34891" /><D54/><U29/><E126/><V103/><F23/><N who="3" m="13423" /><G27/><T78/><D78/><U135/><E127/><V87/><F77/><W59/><G59/><T3/><D7/><U66/><E6/><V38/><F5/><W13/><G13/><T106/><D96/><U62/><E98/><V121/><F14/><W100/><G100/><T69/><D69/><U72/><E71/><V60/><F12/><W86/><AGARI ba="0,0" hai="48,50,79,81,83,85,86,90" m="13423,42538" machi="86" ten="30,3000,0" yaku="14,1,10,1" doraHai="68" who="3" fromWho="3" sc="247,-10,204,-10,314,-10,235,30" /><INIT seed="3,1,0,3,5,62" ten="237,194,304,265" oya="3" hai0="73,119,33,14,4,100,93,43,129,0,29,15,56" hai1="95,77,90,36,94,120,27,12,102,87,8,37,115" hai2="110,30,81,82,58,63,132,84,65,123,34,118,69" hai3="124,45,126,128,97,107,2,109,83,121,3,133,122"/><W13/><G45/><T71/><D71/><U60/><E120/><V99/><F123/><N who="3" m="47115" /><G83/><T104/><D104/><U135/><E115/><V127/><F118/><W5/><G107/><T24/><D73/><U41/><E135/><V91/><F132/><W51/><G51/><T105/><D105/><U64/><E77/><V76/><F127/><N who="3" m="48683" /><G97/><T125/><D125/><U31/><E41/><V92/><F110/><W88/><G88/><T103/><D43/><U96/><E12/><V38/><F38/><W40/><G40/><T113/><D119/><U21/><REACH who="1" step="1"/><E8/><REACH who="1" ten="237,184,304,265" step="2"/><V55/><F76/><W1/><G133/><T39/><D15/><U28/><E28/><V57/><F30/><W80/><G109/><T111/><D29/><U26/><E26/><V23/><F82/><W89/><G128/><T78/><D24/><U108/><E108/><V25/><F81/><W117/><G117/><T85/><D14/><U70/><AGARI ba="1,1" hai="21,27,31,36,37,60,64,70,87,90,94,95,96,102" machi="70" ten="20,5200,0" yaku="1,1,0,1,7,1,52,1,53,0" doraHai="62" doraHaiUra="9" who="1" fromWho="1" sc="237,-14,184,65,304,-14,265,-27" /><INIT seed="4,0,0,2,1,72" ten="223,249,290,238" oya="0" hai0="68,131,7,83,114,103,32,59,61,63,48,101,25" hai1="73,82,8,43,34,135,64,15,84,107,88,1,134" hai2="24,119,35,3,66,123,79,23,117,22,51,106,49" hai3="98,110,56,116,4,44,14,42,91,94,31,0,39"/><T54/><D114/><U28/><E107/><V21/><F123/><W16/><G110/><T41/><D131/><U26/><E1/><V104/><F3/><W33/><G116/><N who="2" m="44617" /><F66/><W76/><G76/><T132/><D132/><N who="1" m="50731" /><E43/><V127/><F79/><W70/><G70/><T90/><D68/><U111/><E111/><V17/><F127/><W13/><G56/><T78/><D7/><N who="1" m="3487" /><E64/><V89/><F89/><W18/><G0/><T118/><D118/><U69/><E69/><V19/><F35/><W50/><G39/><T81/><D25/><U100/><E100/><N who="0" m="38473" /><D32/><U65/><E65/><V67/><F67/><W125/><G125/><T12/><D12/><U2/><E2/><V37/><F37/><W115/><G115/><T30/><D30/><U20/><E73/><V6/><F24/><W5/><G31/><T96/><D41/><U128/><E34/><V57/><F6/><N who="3" m="2667" /><G33/><T97/><D63/><U74/><E74/><V80/><F51/><W85/><G14/><T36/><D36/><U124/><E124/><V47/><F49/><W45/><G13/><T112/><D48/><U108/><E108/><V133/><F133/><W87/><G45/><T122/><D112/><U86/><E128/><V102/><F47/><W77/><G77/><T92/><D122/><U93/><E82/><N who="0" m="31241" /><D78/><U121/><E121/><V9/><F9/><W55/><G42/><T75/><D75/><U71/><E71/><V52/><F21/><W109/><G109/><T11/><D11/><U113/><E113/><V129/><F129/><W29/><G29/><T130/><D130/><U46/><E46/><RYUUKYOKU ba="0,0" sc="223,10,249,10,290,-30,238,10" hai0="54,59,61,90,92,96,97" hai1="20,26,28,84,86,88,93" hai3="16,18,44,50,55,85,87,91,94,98" /><INIT seed="4,1,0,5,1,26" ten="233,259,260,248" oya="0" hai0="105,32,27,77,66,13,123,67,119,42,93,37,132" hai1="14,0,109,24,76,3,95,63,41,69,122,65,61" hai2="135,9,56,75,90,116,15,91,17,127,128,29,80" hai3="31,130,55,48,101,124,47,39,35,19,57,110,96"/><T78/><D105/><U112/><E109/><V46/><F128/><W87/><G110/><T85/><D119/><U40/><E122/><V118/><F135/><W25/><G130/><T71/><D123/><U43/><E112/><V131/><F131/><W83/><G124/><T18/><D132/><U104/><E104/><V28/><F127/><W38/><G19/><T126/><D126/><U8/><E76/><N who="0" m="29289" /><D71/><U34/><E63/><V74/><F56/><W121/><G121/><T103/><D32/><U107/><E107/><V111/><F111/><W36/><G83/><T52/><D37/><U44/><E44/><V108/><F108/><W88/><G87/><T60/><D27/><U51/><E51/><V64/><F64/><W53/><G88/><N who="2" m="33833" /><F46/><W10/><G10/><N who="0" m="6455" /><D42/><U54/><E95/><V7/><F80/><W12/><G12/><T33/><D33/><U6/><REACH who="1" step="1"/><E54/><REACH who="1" ten="233,249,260,248" step="2"/><V50/><F116/><W106/><REACH who="3" step="1"/><G55/><REACH who="3" ten="233,249,260,238" step="2"/><T58/><D85/><U81/><E81/><V113/><F118/><W94/><G94/><T134/><D134/><U23/><E23/><V49/><F75/><W1/><G1/><T120/><D120/><U89/><E89/><V20/><F74/><W5/><G5/><T98/><AGARI ba="1,2" hai="52,58,60,66,67,93,98,103" m="6455,29289" machi="98" ten="30,3000,0" yaku="8,1,54,1" doraHai="26" who="0" fromWho="0" sc="233,53,249,-11,260,-11,238,-11" /><INIT seed="4,2,0,0,3,111" ten="286,238,249,227" oya="0" hai0="115,7,2,97,35,57,6,81,86,48,132,51,117" hai1="65,131,69,120,77,90,113,106,60,36,80,101,82" hai2="49,100,55,119,73,21,104,47,109,40,134,22,124" hai3="93,75,94,68,53,20,29,43,133,28,32,10,121"/><T67/><D117/><U71/><E120/><V129/><F109/><W99/><G75/><T37/><D37/><U76/><E36/><V78/><F119/><W39/><G133/><T5/><D2/><U64/><E131/><V62/><F129/><W31/><G121/><T42/><D35/><U114/><E90/><V88/><F134/><W70/><G32/><T98/><D115/><N who="1" m="44043" /><E101/><V87/><F73/><W84/><G10/><T66/><D132/><U123/><E123/><V108/><F108/><W72/><G72/><T59/><D42/><U12/><E106/><V16/><F78/><N who="1" m="30313" /><E12/><V96/><F40/><W24/><G43/><T19/><D86/><U34/><E34/><V110/><F88/><W125/><G39/><T56/><D81/><N who="1" m="31339" /><E64/><V45/><F87/><W79/><G84/><T128/><D128/><U105/><E105/><V18/><F110/><W23/><G79/><T17/><D67/><U102/><E102/><V15/><F15/><W44/><G28/><T52/><D66/><U8/><E8/><V50/><F100/><W112/><G31/><T107/><D107/><U41/><E41/><V116/><F104/><W130/><G29/><T14/><D14/><U27/><E27/><V127/><F116/><W122/><G24/><T61/><D61/><U1/><E1/><V74/><F62/><W26/><G112/><T83/><D83/><U118/><E118/><V126/><F74/><W54/><G26/><T91/><D91/><U11/><E11/><V58/><F126/><W4/><G130/><T89/><D89/><U46/><E69/><V13/><F124/><RYUUKYOKU ba="2,0" sc="286,-10,238,30,249,-10,227,-10" hai1="46,60,65,71" /><INIT seed="5,3,0,1,5,87" ten="276,268,239,217" oya="1" hai0="21,88,126,13,127,125,77,122,43,64,73,23,6" hai1="17,28,115,100,3,53,2,44,83,4,46,78,56" hai2="33,135,31,84,105,98,86,32,40,50,111,117,58" hai3="132,131,124,81,9,25,108,60,16,52,79,0,99"/><U63/><E115/><V66/><F111/><W42/><G108/><T48/><D122/><U101/><E28/><V24/><F117/><W94/><G124/><T130/><D130/><U57/><E17/><V76/><F135/><W91/><G132/><T103/><D103/><U67/><E4/><V47/><F32/><W59/><G131/><T92/><D64/><U110/><E110/><V14/><F76/><W39/><G0/><T89/><D77/><U72/><E3/><V65/><F14/><N who="3" m="7247" /><G39/><T106/><D106/><U12/><E2/><V90/><F66/><W128/><G128/><T113/><D73/><U95/><E12/><V34/><F34/><W82/><G42/><T8/><D113/><U134/><E134/><V74/><F74/><W109/><G109/><T71/><D71/><U121/><E121/><V5/><F5/><W51/><G25/><T102/><D102/><U55/><E100/><V112/><F105/><W62/><G79/><T119/><D119/><U1/><E1/><V97/><F112/><W120/><G120/><T118/><D118/><U129/><E129/><V11/><F11/><W85/><G99/><N who="0" m="57735" /><D89/><U26/><E26/><V69/><F69/><W15/><G15/><T133/><D133/><U70/><E70/><V27/><F27/><W54/><G62/><T68/><D68/><U35/><E35/><V19/><F90/><W104/><G104/><T45/><AGARI ba="3,0" hai="6,8,13,21,23,43,45,48,125,126,127" m="57735" machi="45" ten="40,5200,0" yaku="18,1,52,1,54,1" doraHai="87" who="0" fromWho="0" sc="276,61,268,-29,239,-16,217,-16" /><INIT seed="6,0,0,5,3,43" ten="337,239,223,201" oya="2" hai0="49,63,101,33,16,92,122,36,130,107,19,35,74" hai1="103,84,42,59,98,8,69,118,96,18,39,27,97" hai2="72,133,112,67,34,65,87,100,109,46,95,135,83" hai3="57,128,75,20,40,32,132,31,125,90,48,104,37"/><V30/><F112/><W9/><G104/><T3/><D36/><U106/><E69/><V62/><F109/><W58/><G75/><T41/><D107/><U114/><E118/><V28/><F34/><W10/><G32/><T105/><D3/><U99/><E114/><V50/><F72/><W94/><G37/><T47/><D105/><U11/><E84/><V70/><F67/><W13/><G132/><N who="2" m="50761" /><F95/><W55/><G128/><T120/><D74/><U5/><E59/><V91/><F100/><W26/><G125/><T64/><D130/><U66/><E66/><V113/><F113/><W81/><G40/><AGARI ba="0,0" hai="28,30,40,46,50,62,65,70,83,87,91" m="50761" machi="40" ten="30,2900,0" yaku="20,1,52,1" doraHai="43" who="2" fromWho="3" sc="337,0,239,0,223,29,201,-29" /><INIT seed="6,1,0,4,4,17" ten="337,239,252,172" oya="2" hai0="43,50,31,20,52,54,45,41,44,77,102,118,111" hai1="107,60,37,70,124,81,65,99,51,105,63,88,55" hai2="38,19,0,131,110,126,6,127,130,18,66,100,27" hai3="69,33,48,24,95,123,83,46,92,94,58,133,22"/><V42/><F110/><W78/><G123/><T68/><D68/><U34/><E37/><V80/><F100/><W4/><G133/><T82/><D111/><U87/><E34/><V106/><F106/><W72/><G69/><T10/><D118/><U132/><E132/><V64/><F42/><W86/><G33/><T71/><D71/><U11/><E124/><N who="2" m="47659" /><F38/><W122/><G122/><T134/><D10/><U90/><E11/><N who="2" m="2503" /><F80/><W113/><G113/><T30/><D102/><U15/><E63/><V29/><F64/><W120/><G120/><T59/><D134/><U61/><E61/><V62/><F66/><W112/><G112/><T26/><D30/><U7/><E105/><V67/><F62/><W98/><G4/><T57/><D57/><U109/><E107/><V115/><F67/><W35/><G58/><T13/><D13/><U1/><E1/><V53/><F53/><W2/><G35/><T84/><D59/><U114/><E109/><V73/><F115/><W101/><G2/><T76/><D77/><U104/><E114/><V117/><F117/><W85/><G85/><T125/><D125/><U3/><E3/><V25/><F73/><W16/><G72/><T39/><AGARI ba="1,0" hai="20,26,31,39,41,43,44,45,50,52,54,76,82,84" machi="39" ten="20,5200,0" yaku="0,1,7,1,52,1,54,1" doraHai="17" who="0" fromWho="0" sc="337,55,239,-14,252,-27,172,-14" /><INIT seed="7,0,0,4,0,38" ten="392,225,225,158" oya="3" hai0="106,84,111,132,23,25,100,101,17,64,130,95,75" hai1="135,11,68,13,134,72,18,116,12,110,59,34,19" hai2="120,97,119,15,63,115,40,8,123,114,21,91,94" hai3="102,112,117,86,48,54,3,73,6,70,93,37,133"/><W62/><G117/><T76/><D111/><U71/><E110/><V109/><F109/><W52/><G73/><T99/><D130/><U57/><E116/><V103/><F119/><W35/><G37/><T82/><D132/><N who="1" m="50731" /><E72/><V108/><F108/><W41/><G35/><T89/><D100/><U43/><E34/><V66/><F40/><W90/><G133/><T24/><D64/><U125/><E125/><V81/><F21/><W118/><G112/><N who="2" m="43049" /><F81/><W33/><G118/><T98/><D98/><U60/><E43/><V4/><F103/><W42/><G33/><T51/><D51/><U61/><E57/><AGARI ba="0,0" hai="4,8,15,57,63,66,91,94,97,120,123" m="43049" machi="57" ten="30,1000,0" yaku="15,1" doraHai="38" who="2" fromWho="1" sc="392,0,225,-10,225,10,158,0" owari="392,48.0,215,-18.0,235,4.0,158,-34.0" /></mjloggm>