<mjloggm ver="2.3"><GO type="169" lobby="0"/><UN n0="%79%6F%6A%6F" n1="%E2%80%A0%41%71%75%61%E2%80%A0" n2="%E3%83%87%E3%83%96%E5%B0%82" n3="%E3%83%88%E3%83%88%E3%83%AA%E5%85%88%E7%94%9F%31%39%E6%AD%B3" dan="16,16,16,19" rate="2150.06,2120.30,2076.59,2286.80" sx="F,M,M,F"/><TAIKYOKU oya="0"/><INIT seed="0,0,0,3,1,128" ten="250,250,250,250" oya="0" hai0="63,22,43,89,133,61,80,87,96,127,118,41,112" hai1="39,113,71,70,74,84,26,78,130,7,72,46,110" hai2="121,48,51,77,27,134,3,95,92,17,10,88,76" hai3="16,93,2,55,91,62,67,117,59,100,47,105,24"/><T60/><D118/><U31/><E130/><V115/><F121/><W34/><G117/><T66/><D112/><U1/><E110/><V23/><F115/><W0/><G105/><T111/><D127/><U64/><E84/><N who="2" m="52231" /><F3/><W13/><G100/><T21/><D111/><U75/><E78/><N who="2" m="30315" /><F134/><W132/><G132/><T73/><D133/><U106/><E106/><V104/><F104/><W8/><G34/><T37/><D73/><U18/><E18/><N who="2" m="12791" /><F95/><W99/><G24/><T79/><D66/><U40/><E64/><V129/><F129/><W9/><G9/><T12/><D37/><U19/><E19/><V85/><F85/><W38/><G38/><T83/><D83/><U49/><E113/><V53/><F53/><W126/><G126/><T124/><D124/><U54/><E54/><V125/><F125/><W65/><G65/><T86/><D86/><U25/><E25/><V97/><F97/><W35/><G35/><T11/><D96/><U15/><E1/><V14/><AGARI ba="0,0" hai="10,14,17,48,51" m="12791,30315,52231" machi="14" ten="30,2000,0" yaku="8,1,54,1" doraHai="128" who="2" fromWho="2" sc="250,-10,250,-5,250,20,250,-5" /><INIT seed="1,0,0,5,5,104" ten="240,245,270,245" oya="1" hai0="7,88,34,27,54,61,103,74,135,60,68,62,96" hai1="47,6,13,91,28,18,35,9,40,82,64,46,113" hai2="119,29,85,115,116,130,2,125,87,55,93,38,22" hai3="32,31,111,63,83,133,4,19,124,30,97,107,44"/><U123/><E123/><V42/><F2/><W121/><G121/><T102/><D68/><U127/><E113/><V122/><F122/><W67/><G111/><T24/><D7/><U65/><E127/><V36/><F125/><W90/><G133/><T99/><D135/><U134/><E134/><V57/><F115/><W52/><G124/><T45/><D74/><U69/><E69/><V73/><F73/><W75/><G32/><T79/><D79/><U23/><E35/><V72/><F72/><W100/><G4/><T129/><D129/><U98/><E28/><V8/><F8/><W108/><G108/><T110/><D110/><U101/><E91/><V17/><F29/><W37/><G19/><T77/><D77/><U106/><E82/><V39/><F42/><W132/><G132/><T105/><D34/><U41/><E41/><V84/><F93/><W117/><G117/><T50/><REACH who="0" step="1"/><D88/><REACH who="0" ten="230,245,270,245" step="2"/><U11/><E6/><V53/><F130/><W3/><G90/><T25/><D25/><U94/><E106/><AGARI ba="0,1" hai="24,27,45,50,54,60,61,62,96,99,102,103,105,106" machi="106" ten="40,2600,0" yaku="1,1,9,1,53,0" doraHai="104" doraHaiUra="109" who="0" fromWho="1" sc="230,36,245,-26,270,0,245,0" /><INIT seed="2,0,0,4,0,76" ten="266,219,270,245" oya="2" hai0="2,63,121,73,3,127,125,8,1,5,35,97,126" hai1="78,50,53,87,86,91,130,112,123,40,107,70,16" hai2="75,60,11,116,55,49,30,85,32,95,33,51,80" hai3="69,41,42,81,31,34,83,88,26,10,18,109,89"/><V13/><F116/><W4/><G69/><T7/><D63/><U104/><E112/><V56/><F75/><W114/><G109/><T0/><D97/><U52/><E70/><V82/><F30/><W14/><G114/><T124/><D121/><U45/><E123/><V79/><F32/><W118/><G118/><T74/><N who="0" m="31744" /><DORA hai="117" /><T12/><REACH who="0" step="1"/><D35/><REACH who="0" ten="256,219,270,245" step="2"/><U36/><E130/><V106/><F33/><W28/><G28/><T132/><D132/><U59/><E107/><V44/><F106/><W37/><G31/><T120/><D120/><U105/><E104/><V58/><F79/><W66/><G34/><T54/><D54/><U43/><E105/><V68/><F68/><W21/><G66/><T131/><D131/><U135/><E135/><V6/><F60/><W92/><G89/><T77/><D77/><U103/><E78/><V15/><F55/><W100/><G100/><T96/><D96/><U133/><E103/><V99/><F99/><N who="3" m="57735" /><G37/><T90/><D90/><U128/><E128/><V65/><F65/><W57/><G57/><T113/><D113/><U19/><E133/><V47/><F58/><W67/><G67/><T93/><D93/><U71/><E71/><V25/><F56/><W119/><G119/><T22/><D22/><U98/><E36/><V134/><F95/><W20/><G20/><T84/><D84/><N who="1" m="32299" /><E91/><V110/><F85/><W27/><G27/><T61/><D61/><N who="1" m="36071" /><E98/><V101/><F134/><W17/><G21/><T48/><D48/><U64/><E64/><V62/><F51/><W115/><G115/><T122/><D122/><U24/><E24/><RYUUKYOKU ba="0,1" sc="256,15,219,15,270,-15,245,-15" hai0="0,1,2,3,5,7,8,12,73,74" hai1="16,19,40,43,45,50,53" /><INIT seed="3,1,1,2,4,59" ten="271,234,255,230" oya="3" hai0="29,13,85,134,0,98,15,14,35,68,119,79,61" hai1="58,96,103,16,60,105,12,50,43,45,41,73,55" hai2="117,42,62,33,28,75,70,127,88,81,46,135,74" hai3="82,107,122,111,104,118,51,115,31,123,109,129,112"/><W89/><G31/><T91/><D0/><U86/><E73/><V120/><F117/><W76/><G89/><T37/><D37/><U87/><REACH who="1" step="1"/><E43/><REACH who="1" ten="271,224,255,230" step="2"/><V66/><F42/><W19/><G118/><T6/><D119/><U71/><E71/><V97/><F70/><W99/><G115/><T69/><D68/><U47/><E47/><V132/><F46/><W64/><G112/><T125/><D69/><U49/><E49/><V116/><F75/><W32/><G51/><T92/><D125/><U101/><E101/><V39/><F74/><W77/><G122/><T27/><D134/><U130/><E130/><V11/><F120/><W114/><G123/><T3/><D6/><U56/><E56/><V126/><F116/><W18/><G129/><T54/><D3/><U8/><AGARI ba="1,2" hai="8,12,16,41,45,50,55,58,60,86,87,96,103,105" machi="8" ten="20,12000,2" yaku="1,1,0,1,7,1,52,1,54,1,53,2" doraHai="59" doraHaiUra="83" who="1" fromWho="1" sc="271,-31,224,143,255,-31,230,-61" /><INIT seed="4,0,0,2,0,36" ten="240,367,224,169" oya="0" hai0="64,107,10,39,93,70,0,131,52,47,97,14,90" hai1="49,30,99,57,114,66,127,43,82,65,34,135,92" hai2="105,41,44,55,26,38,108,67,126,60,100,58,78" hai3="20,95,54,42,11,102,75,1,29,132,24,87,25"/><T88/><D0/><U109/><E109/><V101/><F108/><W124/><G75/><T89/><D131/><U72/><E127/><V120/><F120/><W112/><G124/><T121/><D121/><U134/><E30/><V83/><F105/><W13/><G1/><T104/><D104/><U31/><E31/><V40/><F126/><W74/><G74/><T27/><D107/><U33/><E114/><V21/><F67/><N who="1" m="25609" /><E82/><V50/><F38/><W69/><G69/><T84/><D27/><U5/><E5/><V68/><F68/><W122/><G122/><T73/><D73/><U23/><E23/><V9/><F9/><W77/><G112/><T4/><D70/><U46/><E57/><V17/><REACH who="2" step="1"/><F41/><REACH who="2" ten="240,367,214,169" step="2"/><W129/><G42/><T111/><D64/><U118/><E43/><V51/><F51/><W94/><G11/><T19/><D111/><U53/><E49/><V130/><F130/><W128/><G129/><T12/><D39/><U15/><E134/><V81/><F81/><W37/><G132/><T7/><D7/><U8/><E135/><V48/><F48/><W123/><G37/><T76/><D4/><U79/><E8/><V103/><F103/><W28/><G128/><T96/><D10/><U6/><E6/><V91/><F91/><N who="3" m="53631" /><G123/><T85/><D90/><U80/><E80/><V133/><F133/><W2/><G2/><T71/><D88/><U117/><E117/><V32/><F32/><N who="3" m="20487" /><G54/><T110/><D52/><U125/><E118/><V63/><F63/><W62/><G62/><T22/><D110/><U61/><E125/><V16/><F16/><RYUUKYOKU ba="0,1" sc="240,-10,367,-10,214,30,169,-10" hai2="17,21,26,40,44,50,55,58,60,78,83,100,101" /><INIT seed="5,1,1,4,1,82" ten="230,357,244,159" oya="1" hai0="57,49,50,0,93,54,66,105,65,86,38,21,126" hai1="15,4,27,26,61,98,134,16,9,111,48,24,59" hai2="55,36,43,131,35,103,109,91,120,88,23,69,132" hai3="92,112,95,107,34,47,127,117,60,25,100,19,45"/><U130/><E130/><V31/><F109/><W20/><G112/><T3/><D105/><U90/><E111/><V113/><F120/><W110/><G110/><T125/><D38/><U39/><E39/><V63/><F131/><W41/><G127/><N who="0" m="48651" /><D49/><U115/><E115/><V71/><F35/><W72/><G72/><T85/><D21/><N who="1" m="13351" /><E134/><V118/><F118/><W99/><G117/><T84/><D93/><N who="1" m="56631" /><E48/><V37/><F132/><W135/><G135/><T83/><D83/><U56/><E56/><N who="2" m="35231" /><F69/><W13/><G60/><T52/><D54/><AGARI ba="1,1" hai="4,9,15,26,27,54,59,61" m="56631,13351" machi="54" ten="30,5800,0" yaku="25,1,8,1,54,1" doraHai="82" who="1" fromWho="0" sc="230,-61,357,71,244,0,159,0" /><INIT seed="5,2,0,4,2,98" ten="169,428,244,159" oya="1" hai0="55,85,59,99,13,70,132,49,23,0,2,82,66" hai1="97,34,81,18,128,72,88,103,57,76,64,112,8" hai2="74,75,73,124,102,56,41,36,30,24,14,131,21" hai3="126,100,110,115,51,31,37,4,35,10,122,5,53"/><U79/><E34/><V39/><F124/><W27/><G122/><T61/><D132/><U48/><E112/><V93/><F131/><W94/><G110/><T29/><D99/><U38/><E38/><V25/><F41/><W105/><G37/><T106/><D106/><U16/><E79/><V78/><F78/><W130/><G105/><T7/><D7/><U47/><E128/><V15/><F93/><W44/><G130/><T96/><D96/><U46/><E8/><V86/><F102/><W33/><G126/><T40/><D40/><U134/><E134/><V60/><F86/><W17/><G115/><T62/><D62/><U9/><E9/><V91/><F91/><W45/><G35/><T121/><D121/><U116/><E116/><V118/><F118/><W71/><G71/><T108/><D108/><U80/><E64/><V109/><F109/><W120/><G120/><T125/><D125/><U114/><E57/><V123/><F123/><W89/><G45/><T54/><D54/><U83/><E47/><V11/><F25/><W43/><G43/><T113/><D113/><U87/><E80/><V52/><REACH who="2" step="1"/><F15/><REACH who="2" ten="169,428,234,159" step="2"/><N who="3" m="7415" /><G89/><N who="0" m="51383" /><D13/><U127/><E114/><V3/><F3/><W107/><G107/><T22/><D2/><U133/><E127/><V77/><F77/><W117/><G117/><T67/><D0/><U135/><E133/><V63/><F63/><W50/><G50/><T111/><D111/><U58/><E135/><V95/><F95/><W68/><G68/><T42/><D70/><U1/><E1/><V84/><F84/><W26/><G26/><T104/><D104/><RYUUKYOKU ba="2,1" sc="169,-15,428,-15,234,15,159,15" hai2="11,14,21,24,30,36,39,52,56,60,73,74,75" hai3="4,5,27,31,33,44,51,53,94,100" /><INIT seed="6,3,1,4,2,88" ten="154,413,249,174" oya="2" hai0="123,38,58,75,34,86,42,35,116,37,48,41,92" hai1="105,31,87,36,82,2,133,84,99,29,76,52,64" hai2="72,14,96,11,119,91,97,46,127,33,110,126,134" hai3="93,121,67,135,30,106,59,3,23,32,19,17,50"/><V63/><F119/><W6/><G121/><T56/><D123/><U13/><E2/><V118/><F118/><W66/><G106/><T8/><D116/><U80/><E36/><V43/><F134/><W1/><G135/><T55/><D75/><U129/><E133/><V130/><F130/><W61/><G32/><T128/><D128/><U70/><E129/><V39/><F110/><W51/><G30/><T47/><D8/><U73/><E73/><V21/><F33/><W117/><G117/><T25/><D25/><U124/><E124/><N who="2" m="47659" /><F21/><W4/><G23/><T62/><D86/><U81/><E13/><V104/><F72/><W107/><G107/><T12/><D12/><U98/><E105/><V22/><F22/><W54/><G3/><T94/><D48/><N who="3" m="18473" /><G1/><T68/><D68/><U5/><E70/><V71/><F91/><W101/><G6/><T10/><D10/><U57/><E5/><N who="2" m="3439" /><F104/><W113/><G4/><T69/><D69/><U115/><E29/><V7/><F7/><W109/><G109/><T26/><D26/><U77/><E31/><V49/><F39/><W44/><G19/><T65/><D35/><U27/><E27/><V108/><F108/><W40/><G17/><T9/><D9/><U28/><E28/><V74/><F74/><W15/><G15/><T112/><D34/><U18/><E18/><V95/><F95/><W111/><G111/><T0/><D0/><U125/><E125/><V79/><F79/><W16/><G16/><T24/><D24/><U122/><E77/><V89/><F89/><W83/><G93/><T60/><D94/><RYUUKYOKU ba="3,1" sc="154,-10,413,-10,249,30,174,-10" hai2="43,46,49,63,71,96,97" /><INIT seed="6,4,1,4,3,1" ten="144,403,279,164" oya="2" hai0="34,65,86,100,118,95,43,130,87,79,72,49,39" hai1="10,26,6,38,35,82,117,57,93,21,5,27,73" hai2="101,13,60,70,19,132,67,41,29,124,55,37,12" hai3="22,77,105,53,18,7,97,133,20,23,59,115,114"/><V25/><F124/><W94/><G105/><T126/><D34/><U71/><E71/><V45/><F132/><W46/><G133/><T108/><D108/><U50/><E38/><V92/><F101/><W112/><G77/><T120/><D120/><U107/><E107/><V56/><F92/><W119/><G46/><T135/><D126/><U123/><E117/><V30/><F19/><W134/><G119/><T47/><D135/><U33/><E93/><V80/><F80/><W109/><G109/><T68/><D118/><U54/><E123/><V81/><F81/><W51/><G7/><T83/><D130/><U110/><E110/><V52/><F55/><W4/><G4/><T98/><REACH who="0" step="1"/><D49/><REACH who="0" ten="134,403,279,164" step="2"/><U31/><E35/><N who="2" m="20911" /><F30/><W111/><G111/><T36/><D36/><U129/><E129/><V66/><F66/><W75/><G134/><T122/><D122/><U40/><E33/><V16/><F67/><W44/><G75/><T14/><D14/><U127/><E31/><V121/><F121/><W128/><G128/><T64/><D64/><U69/><E73/><V76/><F12/><N who="3" m="9287" /><G44/><T106/><D106/><U102/><E127/><V0/><F0/><W74/><G74/><T9/><D9/><U89/><E10/><N who="2" m="6199" /><F70/><W63/><G51/><T48/><D48/><U32/><E69/><V42/><F42/><W24/><G24/><T78/><D78/><U3/><E32/><V103/><F76/><W2/><G2/><T8/><D8/><U91/><E3/><V125/><F125/><W84/><G84/><T131/><D131/><U104/><E40/><V62/><F37/><RYUUKYOKU ba="4,2" sc="134,15,403,-15,279,-15,164,15" hai0="39,43,47,65,68,72,79,83,86,87,95,98,100" hai3="22,23,53,59,63,94,97,112,114,115" /><INIT seed="7,5,2,4,5,69" ten="149,388,264,179" oya="3" hai0="51,16,105,62,41,82,54,83,91,20,58,114,71" hai1="116,124,130,121,9,119,8,2,77,11,122,44,13" hai2="99,25,108,79,90,47,43,33,102,113,30,63,128" hai3="86,59,78,107,55,52,40,42,115,53,57,61,131"/><W22/><G107/><T96/><D114/><U87/><E2/><V109/><F113/><W60/><G115/><T72/><D72/><U27/><E124/><V76/><F128/><W135/><G131/><T101/><D91/><U132/><E130/><V65/><F90/><W21/><G135/><T127/><D127/><U129/><E129/><V26/><F26/><W12/><G55/><T98/><D98/><U49/><E27/><V75/><F75/><W103/><G103/><T89/><D89/><U50/><E13/><V73/><F73/><W36/><G36/><T110/><D110/><U120/><E132/><V6/><F6/><W125/><G125/><T88/><D88/><U92/><E92/><V14/><F14/><W74/><G74/><T95/><D105/><U10/><E10/><V31/><F31/><W134/><G134/><T123/><D123/><U81/><E44/><V0/><F0/><W68/><G68/><T34/><D34/><U23/><E23/><N who="3" m="8714" /><G12/><N who="0" m="9223" /><D71/><U5/><E5/><V37/><F108/><W94/><G94/><T18/><D18/><U112/><E112/><V133/><F133/><W17/><G17/><T66/><D66/><U7/><E7/><V15/><F15/><W126/><G126/><T80/><D41/><U28/><E28/><V67/><F109/><W29/><G29/><T100/><D100/><U3/><E3/><V39/><F39/><W111/><G111/><T32/><D32/><U64/><E64/><V24/><F67/><W93/><G93/><T118/><D118/><AGARI ba="5,2" hai="8,9,11,49,50,77,81,87,116,118,119,120,121,122" machi="118" ten="50,1600,0" yaku="12,1" doraHai="69" who="1" fromWho="0" sc="149,-31,388,51,264,0,179,0" owari="118,-38.0,439,54.0,264,6.0,179,-22.0" /></mjloggm>