<mjloggm ver="2.3"><GO type="41" lobby="0"/><UN n0="%E3%80%93%E6%9A%81%E7%B4%80%E3%80%93" n1="%6B%6F%72%6F%2D%32%36" n2="%53%6E%6F%77%79%E2%98%86" n3="%E5%B0%B1%E6%B4%BB%E7%94%9F%40%E5%B7%9D%E6%9D%91%E8%BB%8D%E5%9B%A3" dan="14,15,15,17" rate="1957.38,2017.34,2049.22,2199.08" sx="M,F,M,M"/><TAIKYOKU oya="0"/><INIT seed="0,0,0,5,3,129" ten="250,250,250,250" oya="0" hai0="10,80,84,56,29,21,89,42,132,74,0,17,28" hai1="31,76,93,38,5,94,112,86,87,55,19,64,72" hai2="115,69,111,63,57,14,58,18,60,6,61,70,71" hai3="35,53,33,48,11,26,96,66,1,97,118,54,2"/><T15/><D74/><U41/><E112/><V25/><F115/><W13/><G118/><T22/><D132/><U114/><E114/><V34/><F34/><W109/><G109/><T50/><D0/><U51/><E72/><V124/><F25/><W78/><G78/><T99/><D99/><U4/><E38/><V88/><F6/><W110/><G110/><T82/><D82/><U127/><E127/><V81/><F111/><W62/><G26/><T108/><D108/><U90/><E31/><N who="0" m="11849" /><D42/><U85/><E64/><V123/><F123/><W9/><G33/><T12/><D12/><U39/><E39/><V75/><F124/><W46/><G35/><T79/><D79/><U24/><E41/><V92/><F81/><W120/><G120/><T68/><D68/><U104/><E104/><V101/><F101/><W131/><G131/><T47/><D47/><U73/><E73/><V67/><F75/><W7/><G54/><AGARI ba="0,0" hai="10,15,17,21,22,50,54,56,80,84,89" m="11849" machi="54" ten="30,1500,0" yaku="8,1" doraHai="129" who="0" fromWho="3" sc="250,15,250,0,250,0,250,-15" /><INIT seed="0,1,0,5,2,20" ten="265,250,250,235" oya="0" hai0="86,134,89,82,98,70,55,18,119,15,116,36,23" hai1="106,121,44,27,111,87,73,31,0,69,128,103,105" hai2="83,41,112,123,107,37,125,25,94,5,118,113,9" hai3="115,10,74,120,66,96,57,131,22,39,48,132,135"/><T109/><D134/><U114/><E121/><V35/><F107/><W7/><G74/><T17/><D109/><U76/><E111/><V93/><F123/><W11/><G39/><T130/><D130/><U127/><E128/><V80/><F125/><W59/><G131/><T75/><D75/><U62/><E127/><V117/><F37/><W104/><G115/><T88/><D36/><U92/><E114/><N who="2" m="44139" /><F41/><W67/><G120/><T95/><D70/><U13/><E13/><V126/><F126/><W49/><G104/><T4/><D4/><U8/><E92/><N who="2" m="35435" /><F9/><W34/><G96/><T1/><D1/><U14/><E14/><V29/><F5/><W85/><G85/><T129/><D129/><U21/><E44/><V78/><F78/><W2/><G22/><T52/><REACH who="0" step="1"/><D17/><REACH who="0" ten="255,250,250,235" step="2"/><U102/><E0/><V63/><F63/><W84/><G7/><T3/><D3/><U56/><E69/><V79/><F79/><W47/><G2/><T26/><D26/><U60/><E73/><V90/><F118/><AGARI ba="1,1" hai="15,18,23,52,55,82,86,88,89,95,98,116,118,119" machi="118" ten="40,7700,0" yaku="1,1,54,2,53,0" doraHai="20" doraHaiUra="45" who="0" fromWho="2" sc="255,90,250,0,250,-80,235,0" /><INIT seed="0,2,0,0,1,130" ten="345,250,170,235" oya="0" hai0="114,84,81,71,42,74,126,131,36,33,101,92,1" hai1="129,105,51,99,3,98,5,27,75,29,50,48,132" hai2="90,55,40,11,47,72,106,22,91,14,0,45,96" hai3="112,28,24,76,37,93,60,68,94,120,26,118,34"/><T124/><D33/><U133/><E129/><V31/><F72/><W30/><G118/><T7/><D71/><U44/><E75/><V6/><F55/><W135/><G112/><T128/><D84/><U23/><E3/><V38/><F45/><W108/><G120/><T102/><D92/><U121/><E121/><V134/><F134/><N who="1" m="51817" /><E5/><V52/><F52/><W69/><G135/><T67/><D67/><U100/><E99/><V13/><F0/><W2/><G2/><T20/><D114/><U46/><AGARI ba="2,0" hai="23,27,29,44,46,48,50,51,98,100,105" m="51817" machi="46" ten="40,8000,1" yaku="20,1,52,3" doraHai="130" who="1" fromWho="1" sc="345,-42,250,86,170,-22,235,-22" /><INIT seed="1,0,0,3,5,25" ten="303,336,148,213" oya="1" hai0="98,90,73,100,92,47,3,74,61,131,108,54,41" hai1="66,42,84,78,19,93,109,6,129,99,35,132,110" hai2="40,115,68,24,97,126,0,45,52,63,120,133,94" hai3="13,86,32,116,16,91,81,30,113,122,23,55,22"/><U111/><E129/><V121/><F0/><W96/><G116/><T88/><D3/><U82/><E132/><V77/><F133/><W14/><G122/><T50/><D108/><U27/><E6/><V62/><F126/><W76/><G113/><T44/><D131/><U21/><E35/><V48/><F115/><W103/><G32/><T17/><D61/><U89/><E42/><V72/><F72/><W4/><G4/><T46/><D17/><U31/><E66/><V36/><F77/><W87/><G55/><T83/><D46/><U134/><E134/><V57/><F24/><N who="3" m="16663" /><G103/><T20/><D20/><U135/><E135/><V37/><F94/><N who="3" m="56415" /><G87/><T60/><D74/><U106/><E106/><V65/><F97/><W18/><G18/><AGARI ba="0,0" hai="18,19,21,27,31,78,82,84,89,93,99,109,110,111" machi="18" ten="40,7700,0" yaku="14,1,10,1,52,1" doraHai="25" who="1" fromWho="3" sc="303,0,336,77,148,0,213,-77" /><INIT seed="1,1,0,5,5,88" ten="303,413,148,136" oya="1" hai0="75,25,64,42,96,58,66,92,82,104,119,81,37" hai1="40,53,52,84,22,59,61,65,123,110,18,132,125" hai2="90,10,57,35,130,63,86,93,79,126,72,29,91" hai3="77,7,131,47,39,23,56,74,69,135,97,105,85"/><U19/><E123/><V68/><F68/><W54/><G69/><T12/><D119/><U14/><E125/><V94/><F126/><W6/><G131/><T17/><D104/><U89/><E132/><V44/><F130/><W70/><G70/><T128/><D128/><U129/><E129/><V13/><F44/><W15/><G135/><T111/><D111/><U127/><E127/><V121/><F121/><W4/><G74/><T38/><D38/><U100/><E100/><V51/><F51/><W28/><G39/><T21/><D75/><U115/><E115/><V9/><F72/><W103/><G47/><T1/><D1/><U43/><E110/><V32/><F79/><W108/><G108/><T2/><D2/><U0/><E0/><V27/><F32/><W117/><G117/><T34/><D34/><U113/><E113/><V16/><F9/><W48/><G77/><T133/><D133/><U118/><E118/><V80/><F91/><W46/><G46/><T30/><D42/><N who="1" m="15915" /><E19/><V3/><F3/><W120/><G120/><T50/><D37/><U87/><E87/><V122/><F122/><W107/><G107/><T95/><D17/><U106/><E106/><V60/><F60/><W36/><G36/><T11/><D50/><U62/><E62/><V71/><F71/><W78/><G28/><T109/><D109/><U49/><E49/><V45/><F45/><W99/><G103/><T73/><D73/><U134/><E134/><V114/><F114/><W41/><G105/><T102/><D102/><U20/><E20/><V98/><F98/><W101/><G101/><RYUUKYOKU ba="1,0" sc="303,-15,413,15,148,15,136,-15" hai1="14,18,22,52,53,59,61,65,84,89" hai2="10,13,16,27,29,35,57,63,80,86,90,93,94" /><INIT seed="1,2,0,1,5,108" ten="288,428,163,121" oya="1" hai0="19,63,69,7,105,53,58,17,21,73,109,71,8" hai1="52,36,110,41,45,112,126,82,42,125,15,115,67" hai2="98,107,103,28,1,13,76,88,99,5,94,66,55" hai3="65,35,60,90,59,87,43,120,62,101,56,11,75"/><U113/><E82/><V104/><F1/><W37/><G75/><T119/><D109/><U84/><E84/><V135/><F135/><W27/><G120/><T85/><D119/><U2/><E2/><V122/><F122/><W26/><G101/><T12/><D73/><U131/><E110/><V102/><F28/><W64/><G35/><T23/><D105/><U111/><E111/><V118/><F118/><W0/><G43/><T57/><D85/><U121/><E121/><V47/><F66/><W10/><G37/><T114/><D114/><U123/><E123/><V70/><F70/><W51/><G51/><T83/><D83/><U93/><E93/><V46/><F76/><W92/><REACH who="3" step="1"/><G0/><REACH who="3" ten="288,428,163,111" step="2"/><T33/><D33/><U54/><E41/><V22/><F55/><N who="1" m="21033" /><E67/><V86/><F22/><W129/><G129/><T80/><D23/><U50/><E131/><V81/><REACH who="2" step="1"/><F81/><REACH who="2" ten="288,428,153,111" step="2"/><W44/><G44/><T30/><D80/><U39/><E15/><V95/><F95/><W128/><G128/><T124/><D21/><U29/><E29/><V134/><F134/><W6/><G6/><T25/><D30/><U49/><E49/><V116/><F116/><W34/><G34/><T96/><D7/><U3/><E3/><V91/><F91/><W74/><G74/><T130/><D130/><U132/><E132/><V48/><F48/><W20/><G20/><T72/><D72/><U106/><E106/><V97/><F97/><W133/><G133/><T79/><D96/><U61/><E61/><V31/><F31/><W100/><G100/><T9/><D63/><U89/><E89/><RYUUKYOKU ba="2,2" sc="288,-30,428,10,153,10,111,10" hai1="36,39,42,45,50,112,113,115,125,126" hai2="5,13,46,47,86,88,94,98,99,102,103,104,107" hai3="10,11,26,27,56,59,60,62,64,65,87,90,92" /><INIT seed="1,3,2,0,4,15" ten="258,438,163,121" oya="1" hai0="9,130,90,38,126,114,84,23,69,4,94,98,60" hai1="29,58,37,97,26,101,30,87,72,75,51,49,22" hai2="8,81,85,118,40,62,109,92,54,47,68,105,132" hai3="70,28,67,34,59,44,12,99,50,13,121,39,2"/><U100/><E37/><V107/><F105/><W111/><G2/><T21/><D38/><U65/><E75/><V46/><F107/><W82/><G121/><T134/><D114/><U36/><E36/><V110/><F118/><W123/><G123/><T41/><D41/><U17/><E72/><V76/><F132/><W86/><G70/><T7/><D134/><U95/><E100/><V124/><F8/><W96/><G39/><T103/><D4/><U91/><E29/><V133/><F133/><W131/><G28/><T56/><D69/><U106/><REACH who="1" step="1"/><E30/><REACH who="1" ten="258,428,163,121" step="2"/><V53/><F124/><W52/><G131/><T112/><D130/><U45/><E45/><V115/><F115/><W33/><G33/><T14/><D112/><U5/><E5/><V0/><F0/><W73/><G34/><T77/><D126/><U108/><E108/><N who="2" m="41579" /><F40/><W71/><G73/><T48/><D103/><U10/><E10/><V78/><F78/><N who="3" m="46423" /><G111/><T11/><D77/><U57/><E57/><V19/><F68/><W32/><G71/><T89/><D11/><U122/><E122/><V120/><F120/><W42/><G32/><T27/><D56/><U55/><E55/><N who="2" m="21003" /><F62/><AGARI ba="3,3" hai="17,22,26,49,51,58,62,65,87,91,95,97,101,106" machi="62" ten="40,3900,0" yaku="1,1,52,1,53,0" doraHai="15" doraHaiUra="31" who="1" fromWho="2" sc="258,0,428,78,163,-48,121,0" /><INIT seed="1,4,0,3,0,34" ten="258,506,115,121" oya="1" hai0="97,91,67,117,41,56,49,7,31,42,77,79,87" hai1="119,80,13,120,83,15,43,86,121,129,99,81,14" hai2="118,30,124,76,130,100,71,72,53,69,128,21,61" hai3="51,8,114,60,48,113,78,105,110,52,37,89,22"/><U12/><E119/><V62/><F118/><W101/><G37/><T93/><D117/><U38/><E129/><N who="2" m="49771" /><F124/><W39/><G39/><T131/><D131/><U135/><E135/><V17/><F100/><W10/><G110/><T9/><D31/><U112/><E112/><V126/><F30/><W70/><G78/><T44/><D42/><U40/><E38/><V20/><F126/><W122/><G122/><T84/><D67/><U106/><E106/><V57/><F76/><W29/><G101/><T2/><D56/><U4/><E99/><V66/><F72/><W107/><G89/><T85/><AGARI ba="4,0" hai="2,7,9,41,44,49,77,79,84,85,87,91,93,97" machi="85" ten="30,2000,0" yaku="0,1,52,1" doraHai="34" who="0" fromWho="0" sc="258,32,506,-14,115,-9,121,-9" /><INIT seed="2,0,0,1,0,62" ten="290,492,106,112" oya="2" hai0="10,102,75,24,1,48,73,85,64,40,6,21,114" hai1="31,3,68,2,70,104,119,122,51,26,11,25,22" hai2="18,124,60,130,61,47,101,15,125,96,108,81,127" hai3="29,4,91,79,28,27,89,7,36,56,83,19,133"/><V74/><F130/><W80/><G36/><T99/><D114/><U117/><E104/><V103/><F47/><W41/><G133/><T135/><D135/><U32/><E51/><V71/><F108/><W9/><G41/><T72/><D85/><U110/><E70/><V50/><F50/><W113/><G113/><T94/><D48/><U14/><E110/><V42/><F42/><W120/><G120/><T92/><D40/><U23/><E68/><V54/><F74/><W87/><G56/><T118/><D118/><U58/><E58/><V93/><F81/><W16/><G79/><T90/><D90/><U128/><E128/><V121/><F121/><W126/><G126/><T17/><REACH who="0" step="1"/><D94/><REACH who="0" ten="280,492,106,112" step="2"/><U5/><E122/><V129/><F129/><W0/><G87/><T39/><D39/><U53/><E53/><V63/><F54/><W12/><G91/><T105/><D105/><U77/><E77/><V45/><F45/><W13/><G89/><T46/><D46/><U34/><E119/><V44/><F44/><W88/><G88/><T43/><D43/><U76/><E76/><V109/><F109/><W106/><G106/><T65/><AGARI ba="0,1" hai="1,6,10,17,21,24,64,65,72,73,75,92,99,102" machi="65" ten="40,8000,1" yaku="1,1,0,1,52,2,53,0" doraHai="62" doraHaiUra="134" who="0" fromWho="0" sc="280,90,492,-20,106,-40,112,-20" /><INIT seed="3,0,0,1,5,60" ten="370,472,66,92" oya="3" hai0="128,93,104,12,16,15,36,41,8,78,133,20,9" hai1="53,129,106,59,119,69,112,57,7,28,25,52,117" hai2="90,110,19,68,72,131,99,2,76,82,134,116,75" hai3="27,114,40,97,66,32,120,109,73,10,86,0,70"/><W74/><G120/><T126/><D104/><U71/><E106/><V67/><F2/><W6/><G114/><T21/><D128/><U61/><E7/><V26/><F116/><N who="1" m="44617" /><E28/><V118/><F131/><W30/><G109/><T29/><D133/><U103/><E103/><V123/><F68/><N who="1" m="26185" /><E25/><V5/><F118/><W100/><G86/><T13/><D126/><U83/><E83/><V58/><F5/><W22/><G40/><T46/><D78/><U35/><E35/><V102/><F110/><W34/><G34/><T38/><D93/><U37/><E129/><V31/><F19/><W64/><G22/><T135/><D135/><U96/><E96/><V124/><F134/><W84/><G84/><T122/><D122/><U23/><E23/><V92/><F124/><W17/><G17/><T63/><D29/><U44/><E112/><V121/><F72/><W48/><G48/><T47/><D15/><U91/><E91/><V50/><F90/><W39/><G39/><T94/><D94/><U108/><E108/><V55/><F67/><W54/><G54/><N who="1" m="21098" /><E61/><V51/><REACH who="2" step="1"/><F51/><REACH who="2" ten="370,472,56,92" step="2"/><W81/><G74/><T33/><D63/><U3/><E3/><V43/><F43/><AGARI ba="0,1" hai="37,43,44,57,59" m="21098,26185,44617" machi="43" ten="40,8000,1" yaku="12,1,34,2,54,1" doraHai="60" who="1" fromWho="2" sc="370,0,472,90,56,-80,92,0" owari="370,17.0,562,66.0,-24,-52.0,92,-31.0" /></mjloggm>