<mjloggm ver="2.3"><GO type="169" lobby="0"/><UN n0="%6B%6F%72%6F%74%61%6E%6E" n1="%E3%82%A6%E3%83%AB%E3%83%88%E3%83%A9%E7%AB%8B%E7%9B%B4" n2="%41%E3%82%86%E3%81%A3%E3%81%93%E3%82%93%E3%81%90" n3="%E3%82%AB%E3%83%84%E3%82%AA%E6%AD%A6%E5%A3%AB" dan="16,17,16,16" rate="2064.97,2215.77,2059.29,2133.31" sx="M,M,M,M"/><TAIKYOKU oya="0"/><INIT seed="0,0,0,5,1,9" ten="250,250,250,250" oya="0" hai0="47,119,65,67,60,74,101,27,123,124,33,46,52" hai1="131,109,6,24,71,86,90,108,75,85,91,127,29" hai2="111,115,95,61,25,79,45,128,80,121,40,35,20" hai3="7,82,83,125,17,116,34,126,132,118,62,78,63"/><T120/><D74/><U113/><E71/><V28/><F111/><N who="1" m="42569" /><E75/><V8/><F128/><W107/><G107/><T42/><D119/><U21/><E131/><V50/><F115/><W14/><G7/><T130/><D130/><U112/><E6/><V12/><F121/><W4/><G4/><T97/><D124/><N who="3" m="47721" /><G34/><T135/><D135/><U57/><E127/><V41/><F95/><W114/><G132/><T2/><D2/><U100/><E100/><V38/><F38/><W49/><G49/><T98/><D42/><U15/><E57/><V58/><F40/><W11/><G114/><T96/><D101/><U48/><E48/><V72/><F35/><W32/><G32/><T55/><D98/><U93/><E15/><V5/><F58/><W66/><G83/><AGARI ba="0,0" hai="21,24,29,83,85,86,90,91,93,112,113" m="42569" machi="83" ten="30,1000,0" yaku="14,1" doraHai="9" who="1" fromWho="3" sc="250,0,250,10,250,0,250,-10" /><INIT seed="1,0,0,0,0,43" ten="250,260,250,240" oya="1" hai0="45,26,90,101,118,50,126,31,122,16,87,113,85" hai1="82,61,17,117,51,25,8,27,47,115,7,121,98" hai2="52,15,73,4,34,36,106,133,14,92,112,97,38" hai3="95,18,29,127,40,24,93,130,77,128,57,100,135"/><U109/><E121/><V59/><F133/><W105/><G105/><T66/><D118/><U96/><E117/><V32/><F106/><W116/><G116/><T83/><D113/><U84/><E115/><V35/><F73/><W42/><G135/><T5/><D5/><U0/><E61/><V63/><F112/><W89/><G77/><T134/><D122/><U9/><E109/><V41/><F4/><W79/><G79/><T19/><D134/><U104/><E104/><V68/><F68/><W119/><G119/><T94/><D66/><U11/><E27/><V55/><F55/><W48/><G18/><T33/><D126/><U131/><E131/><V86/><F86/><W23/><G127/><T103/><D103/><U120/><E120/><V124/><F124/><W46/><G57/><T39/><D39/><U71/><E71/><V75/><F75/><W30/><G40/><T125/><D125/><U62/><E62/><V74/><F74/><W72/><G72/><T54/><REACH who="0" step="1"/><D101/><REACH who="0" ten="240,260,250,240" step="2"/><U6/><E6/><V91/><REACH who="2" step="1"/><F38/><REACH who="2" ten="240,260,240,240" step="2"/><W1/><G130/><T108/><D108/><U129/><E129/><V76/><F76/><AGARI ba="0,2" hai="16,19,26,31,33,45,50,54,76,83,85,87,90,94" machi="76" ten="30,7700,0" yaku="1,1,7,1,52,1,54,1,53,0" doraHai="43" doraHaiUra="111" who="0" fromWho="2" sc="240,97,260,0,240,-77,240,0" /><INIT seed="2,0,0,2,4,54" ten="337,260,163,240" oya="2" hai0="31,114,20,88,95,10,45,6,98,49,3,42,58" hai1="70,18,99,22,101,37,112,120,73,89,26,55,76" hai2="117,38,132,2,80,5,94,75,23,44,84,47,103" hai3="91,127,123,81,40,62,61,108,113,43,32,79,30"/><V122/><F132/><W11/><G123/><T51/><D114/><U133/><E112/><V119/><F122/><W130/><G113/><T107/><D107/><U0/><E0/><V71/><F71/><W7/><G127/><T48/><D31/><U34/><E70/><V8/><F23/><W109/><G91/><T77/><D77/><U129/><E37/><V52/><F44/><W90/><G90/><T27/><D27/><U86/><E120/><V65/><F65/><W83/><G30/><T53/><REACH who="0" step="1"/><D20/><REACH who="0" ten="327,260,163,240" step="2"/><U24/><E24/><V74/><F117/><W39/><G32/><T63/><AGARI ba="0,1" hai="3,6,10,42,45,48,49,51,53,58,63,88,95,98" machi="63" ten="20,12000,2" yaku="1,1,2,1,0,1,7,1,52,1,54,1,53,1" doraHai="54" doraHaiUra="36" who="0" fromWho="0" sc="327,130,260,-30,163,-60,240,-30" /><INIT seed="3,0,0,4,4,64" ten="457,230,103,210" oya="3" hai0="35,94,54,50,12,86,114,46,90,118,56,30,6" hai1="21,36,122,110,100,104,3,95,78,67,28,44,127" hai2="76,29,26,85,128,57,22,97,130,32,10,34,89" hai3="66,73,109,101,107,81,13,102,120,80,83,84,65"/><W61/><G120/><T75/><D118/><U16/><E104/><V52/><F10/><W125/><G125/><T69/><D75/><U55/><E3/><V15/><F76/><W133/><G66/><T9/><D114/><U33/><E122/><V121/><F97/><W40/><G40/><T38/><D30/><U105/><E105/><V79/><F79/><W45/><G45/><T111/><D35/><U77/><E110/><V5/><F5/><W18/><G133/><T93/><D111/><U14/><E127/><V103/><F103/><W49/><G49/><T58/><D38/><U112/><E112/><V98/><F98/><W25/><G25/><T51/><D58/><U92/><E33/><V87/><F87/><W70/><G73/><T113/><D113/><U37/><E37/><V19/><F34/><W27/><G27/><T72/><D72/><U134/><E36/><V17/><F17/><W20/><G109/><T24/><D24/><N who="1" m="16399" /><E67/><V39/><F39/><W1/><G1/><T129/><D129/><U7/><E7/><V63/><REACH who="2" step="1"/><F121/><REACH who="2" ten="457,230,93,210" step="2"/><W91/><G102/><T59/><D6/><U106/><E78/><V47/><F47/><W0/><G0/><T31/><D9/><U108/><E77/><V117/><F117/><W135/><G101/><T88/><D31/><U23/><E100/><V11/><F11/><W124/><G107/><T82/><D46/><U96/><E106/><V43/><F43/><W4/><G124/><T123/><D123/><U99/><E108/><V74/><F74/><W42/><G42/><T60/><D86/><U71/><E44/><RYUUKYOKU ba="0,1" sc="457,-10,230,-10,93,30,210,-10" hai2="15,19,22,26,29,32,52,57,63,85,89,128,130" /><INIT seed="4,1,1,1,5,26" ten="447,220,123,200" oya="0" hai0="58,117,135,80,102,12,66,95,89,112,77,86,93" hai1="45,63,74,3,14,47,107,132,13,8,114,104,123" hai2="57,27,40,62,24,60,90,92,85,113,21,59,128" hai3="71,44,121,34,67,124,94,127,61,30,131,11,129"/><T109/><D66/><U108/><E74/><V32/><F113/><W38/><G94/><T98/><D58/><N who="2" m="22026" /><F32/><W23/><G23/><T91/><D12/><U1/><E63/><N who="2" m="24107" /><F128/><N who="3" m="49227" /><G11/><T87/><D112/><U133/><E8/><V122/><F122/><W105/><G105/><N who="0" m="63703" /><D117/><U2/><E2/><V41/><F27/><N who="3" m="18783" /><G121/><T25/><D25/><U101/><E114/><V42/><F41/><AGARI ba="1,1" hai="38,41,44,61,67,71,124,127" m="18783,49227" machi="41" ten="30,3900,0" yaku="19,1,23,1,52,1" doraHai="26" who="3" fromWho="2" sc="447,0,220,0,123,-42,200,52" /><INIT seed="5,0,0,3,2,18" ten="447,220,81,252" oya="1" hai0="100,49,53,48,126,75,91,86,9,35,51,130,22" hai1="5,65,71,47,13,98,7,24,85,115,67,131,89" hai2="135,77,31,0,124,72,21,74,16,76,58,66,39" hai3="113,32,133,10,92,38,44,112,36,68,103,97,26"/><U110/><E115/><V14/><F39/><W62/><G10/><T125/><D75/><U114/><E114/><N who="3" m="44138" /><G44/><T95/><D35/><U134/><E131/><V106/><F106/><W30/><G133/><T122/><D130/><U3/><E3/><V55/><F135/><W119/><G119/><T87/><D100/><U82/><E134/><V90/><F0/><W15/><G15/><T52/><D122/><U128/><E128/><V57/><F124/><N who="0" m="47722" /><D9/><U19/><E110/><V46/><F72/><W33/><G33/><T42/><D42/><U43/><E98/><V45/><F74/><W4/><G4/><T27/><D87/><U94/><E24/><V121/><F121/><W99/><G99/><T107/><D107/><U64/><E71/><V81/><F31/><AGARI ba="0,0" hai="22,27,31,48,49,51,52,53,86,91,95" m="47722" machi="31" ten="30,3900,0" yaku="18,1,52,1,54,1" doraHai="18" who="0" fromWho="2" sc="447,39,220,0,81,-39,252,0" /><INIT seed="6,0,0,0,3,36" ten="486,220,42,252" oya="2" hai0="15,119,65,80,26,96,129,88,22,21,43,60,89" hai1="29,114,5,123,25,17,51,57,32,94,48,72,134" hai2="84,39,11,122,66,82,73,108,104,35,113,33,7" hai3="74,130,97,63,99,98,59,109,44,83,52,95,0"/><V69/><F84/><W121/><G0/><T2/><D2/><U23/><E72/><V87/><F87/><W58/><G121/><T116/><D129/><U103/><E123/><V100/><F122/><W101/><G109/><T128/><D128/><U37/><E37/><V41/><F108/><W54/><G130/><T81/><D15/><U10/><E134/><V85/><F85/><W8/><G8/><T118/><D43/><U46/><E114/><V30/><F113/><W135/><G135/><T91/><D96/><U67/><E103/><V111/><F111/><W53/><G83/><N who="0" m="31819" /><D26/><U31/><E94/><V68/><F30/><W105/><G105/><T117/><D117/><U79/><E79/><N who="2" m="44399" /><F11/><W93/><G93/><T107/><D107/><U18/><E31/><V20/><F20/><W131/><G74/><T19/><D19/><U90/><E23/><V71/><F66/><W132/><G132/><T38/><D38/><U27/><E67/><V9/><F100/><W76/><G76/><T127/><D127/><U45/><E29/><V24/><F104/><W77/><G77/><T16/><D16/><U70/><E10/><V62/><F62/><N who="3" m="36167" /><G131/><T125/><D125/><U13/><E18/><V106/><F106/><W86/><G86/><T3/><D3/><U61/><E17/><V120/><F120/><W34/><G34/><N who="2" m="12809" /><F24/><W112/><G112/><T110/><D110/><U64/><E27/><V12/><F39/><W6/><G6/><T4/><D4/><U14/><E25/><V1/><F1/><W75/><G75/><T102/><D102/><U40/><E64/><RYUUKYOKU ba="0,0" sc="486,10,220,-30,42,10,252,10" hai0="21,22,60,65,88,89,91,116,118,119" hai2="7,9,12,41,68,69,71" hai3="44,53,54,59,63,95,97,98,99,101" /><INIT seed="6,1,0,0,5,7" ten="496,190,52,262" oya="2" hai0="19,22,121,128,52,12,28,91,24,83,133,85,57" hai1="36,117,29,134,54,103,81,118,93,37,78,120,102" hai2="122,109,39,50,55,79,66,114,127,129,105,56,61" hai3="60,104,45,77,47,82,59,1,62,119,48,69,15"/><V10/><F105/><W76/><G1/><T125/><D121/><U68/><E68/><V80/><F122/><W42/><G104/><T65/><D128/><U32/><E120/><V44/><F129/><W5/><G76/><T74/><D74/><U41/><E29/><V14/><F114/><W72/><G69/><T21/><D125/><U101/><E32/><V58/><F127/><W112/><G119/><T33/><D65/><U116/><E134/><V87/><F109/><W108/><G108/><T30/><D133/><U96/><E54/><V90/><F39/><W34/><G34/><T3/><D3/><U75/><REACH who="1" step="1"/><E41/><REACH who="1" ten="496,180,52,262" step="2"/><V131/><F131/><W132/><G132/><T35/><D30/><U0/><E0/><V9/><F14/><W2/><G15/><T38/><D35/><U107/><E107/><V53/><F79/><W26/><G2/><T13/><D33/><U98/><E98/><V73/><REACH who="2" step="1"/><F73/><REACH who="2" ten="496,180,42,262" step="2"/><W113/><G72/><T88/><D12/><U100/><AGARI ba="1,2" hai="36,37,75,78,81,93,96,100,101,102,103,116,117,118" machi="100" ten="40,2700,0" yaku="1,1,0,1,53,0" doraHai="7" doraHaiUra="18" who="1" fromWho="1" sc="496,-8,180,50,42,-14,262,-8" /><INIT seed="7,0,0,4,5,17" ten="488,230,28,254" oya="3" hai0="80,51,50,53,97,4,88,11,95,43,107,55,81" hai1="27,30,70,94,22,66,59,102,115,36,68,8,47" hai2="109,57,103,45,129,85,44,33,5,34,61,112,58" hai3="82,135,19,15,104,130,84,28,77,100,75,91,14"/><W106/><G135/><T56/><D107/><U114/><E8/><V2/><F85/><W26/><G14/><N who="0" m="5479" /><D43/><U117/><E117/><V23/><F103/><W60/><G60/><T73/><D73/><U128/><E128/><V1/><F5/><W29/><G29/><T9/><D9/><U111/><E111/><V25/><F129/><W79/><G79/><T92/><D92/><U35/><E47/><AGARI ba="0,0" hai="47,50,51,53,55,56,80,81,88,95,97" m="5479" machi="47" ten="30,2000,0" yaku="8,1,54,1" doraHai="17" who="0" fromWho="1" sc="488,20,230,-20,28,0,254,0" owari="508,61.0,210,-19.0,28,-47.0,254,5.0" /></mjloggm>