<mjloggm ver="2.3"><GO type="169" lobby="0"/><UN n0="%E3%83%88%E3%83%88%E3%83%AA%E5%85%88%E7%94%9F%31%39%E6%AD%B3" n1="%43%52%41%5A%59%42%45%45" n2="%41%2D%2D%42%2D%2D%43%32" n3="%E3%82%82%E3%82%84%E3%81%97%E3%82%82%E3%82%93" dan="18,17,16,16" rate="2256.84,2154.93,2043.82,2171.79" sx="F,M,M,F"/><TAIKYOKU oya="0"/><INIT seed="0,0,0,2,2,117" ten="250,250,250,250" oya="0" hai0="114,76,19,29,83,122,113,30,85,111,18,51,74" hai1="12,84,56,14,6,33,72,55,120,115,65,106,128" hai2="34,24,86,132,81,21,1,20,15,9,73,116,96" hai3="88,92,59,103,69,123,109,52,17,36,97,108,135"/><T80/><D111/><N who="3" m="42569" /><G69/><T23/><D51/><U25/><E72/><V110/><F73/><W39/><G135/><T7/><D7/><U75/><E75/><V45/><F132/><W91/><G17/><T67/><D67/><U66/><E106/><V78/><F116/><W54/><G123/><T31/><D122/><U37/><E37/><N who="3" m="14410" /><G54/><T121/><D121/><U5/><E55/><V102/><F110/><W60/><AGARI ba="0,0" hai="52,59,60,88,91,92,97,103" m="14410,42569" machi="60" ten="30,4000,0" yaku="14,1,54,2" doraHai="117" who="3" fromWho="3" sc="250,-20,250,-10,250,-10,250,40" /><INIT seed="1,0,0,0,3,118" ten="230,240,240,290" oya="1" hai0="42,110,60,85,17,115,109,103,94,40,43,127,119" hai1="83,46,81,48,34,89,29,124,11,10,76,122,133" hai2="90,38,63,74,54,9,24,77,113,79,67,99,33" hai3="130,37,47,32,102,53,5,51,87,64,0,45,105"/><U84/><E133/><V78/><F113/><W12/><G32/><T104/><D119/><U7/><E124/><V93/><F38/><W35/><G35/><T25/><D115/><U20/><E34/><V21/><F33/><W97/><G130/><T56/><D104/><U123/><E29/><V131/><F131/><W22/><G64/><T70/><D70/><U4/><E20/><V41/><F41/><W72/><G72/><T75/><D75/><U18/><E18/><V44/><F9/><W82/><G0/><T1/><D1/><U23/><E23/><V106/><F106/><W116/><G116/><T69/><D69/><U107/><E107/><V58/><F74/><W117/><G117/><T96/><D127/><U61/><E61/><V134/><F134/><W135/><G135/><T100/><D100/><U88/><E48/><N who="2" m="28935" /><F78/><W59/><G37/><T31/><D17/><AGARI ba="0,0" hai="17,21,24,58,63,67,77,79,90,93,99" m="28935" machi="17" ten="30,1000,0" yaku="8,1" doraHai="118" who="2" fromWho="0" sc="230,-10,240,0,240,10,290,0" /><INIT seed="2,0,0,3,2,131" ten="220,240,250,290" oya="2" hai0="0,36,113,91,21,123,78,82,20,40,83,102,4" hai1="121,76,72,59,14,47,109,44,30,126,27,117,79" hai2="42,50,55,97,120,99,35,87,10,3,69,64,132" hai3="100,39,93,5,9,52,24,95,46,115,19,38,28"/><V12/><F3/><W54/><G115/><T105/><D113/><U25/><E117/><V1/><F1/><W49/><G19/><T111/><D123/><U67/><E121/><V45/><F120/><W70/><G70/><T7/><D111/><U128/><E128/><V86/><F132/><W26/><G54/><T51/><D36/><U73/><E14/><V130/><F130/><W61/><G61/><T18/><D0/><U62/><E109/><V63/><F35/><W133/><G133/><T134/><D21/><U124/><E79/><V101/><F42/><W104/><G104/><T106/><D91/><U68/><E68/><V43/><F43/><W57/><G26/><T107/><D102/><U75/><E76/><V8/><F8/><W92/><G100/><T116/><D116/><U58/><E58/><V34/><F34/><W17/><G17/><T81/><D78/><U15/><E15/><V33/><F33/><W85/><G57/><T66/><D66/><U135/><E135/><V127/><F127/><N who="1" m="48681" /><E25/><V94/><REACH who="2" step="1"/><F99/><REACH who="2" ten="220,240,240,290" step="2"/><W88/><G39/><T84/><D134/><U13/><E13/><V2/><F2/><N who="3" m="183" /><G38/><T56/><D40/><U90/><E27/><V118/><F118/><W6/><G24/><T112/><D112/><U74/><E30/><V114/><F114/><W41/><G28/><T96/><D96/><U22/><E22/><V37/><F37/><W48/><G6/><AGARI ba="0,1" hai="6,10,12,45,50,55,63,64,69,86,87,94,97,101" machi="6" ten="30,2900,0" yaku="1,1,7,1,53,0" doraHai="131" doraHaiUra="53" who="2" fromWho="3" sc="220,0,240,0,240,39,290,-29" /><INIT seed="2,1,0,3,3,108" ten="220,240,279,261" oya="2" hai0="127,7,45,40,119,38,30,93,126,74,120,123,35" hai1="20,32,61,65,11,23,97,8,48,86,59,64,39" hai2="22,117,33,95,78,90,73,118,26,122,98,24,111" hai3="100,112,67,2,134,36,25,66,57,85,43,14,99"/><V132/><F122/><W46/><G2/><T52/><D74/><U53/><E39/><V44/><F132/><W13/><G134/><T69/><D7/><U58/><E32/><V128/><F111/><W130/><G130/><T19/><D69/><U131/><E131/><V16/><F128/><W27/><G85/><T49/><D19/><U96/><E86/><V10/><F10/><N who="1" m="3625" /><E65/><V125/><F125/><N who="0" m="47626" /><D93/><U135/><E135/><V101/><F101/><W68/><G68/><T31/><D35/><U62/><E62/><V15/><F44/><W17/><G14/><T88/><D88/><U81/><E81/><V56/><F56/><W54/><G67/><T21/><D21/><AGARI ba="1,0" hai="20,21,23,48,53,58,59,61,64,96,97" m="3625" machi="21" ten="30,1000,0" yaku="8,1" doraHai="108" who="1" fromWho="0" sc="220,-13,240,13,279,0,261,0" /><INIT seed="3,0,0,3,4,73" ten="207,253,279,261" oya="3" hai0="24,61,27,36,94,21,111,90,16,126,127,5,22" hai1="107,11,105,76,8,25,12,92,17,28,69,13,53" hai2="133,9,47,109,7,104,108,48,2,123,75,56,93" hai3="62,117,50,100,64,66,33,23,51,14,82,95,63"/><W39/><G117/><T121/><D121/><U86/><E69/><V65/><F104/><W67/><G33/><T130/><D36/><U78/><E53/><V106/><F106/><W1/><G1/><T15/><D111/><N who="2" m="42570" /><F133/><W18/><G39/><T37/><D37/><U116/><E116/><V89/><F75/><W26/><G26/><T135/><D135/><U70/><E70/><V40/><F123/><W101/><G82/><T3/><D130/><U34/><E105/><V96/><F56/><W46/><G51/><T71/><D3/><U110/><E107/><V119/><F65/><W79/><G79/><T59/><D71/><U42/><E42/><V83/><F83/><W88/><G63/><T129/><D5/><U81/><E92/><V85/><F119/><W4/><G62/><T20/><D129/><U35/><E110/><V29/><F29/><W19/><G19/><T114/><D114/><U113/><E113/><V58/><F58/><W99/><REACH who="3" step="1"/><G4/><REACH who="3" ten="207,253,279,251" step="2"/><T115/><D115/><U124/><E34/><V52/><F40/><AGARI ba="0,1" hai="14,18,23,40,46,50,64,66,67,88,95,99,100,101" machi="40" ten="40,12000,1" yaku="1,1,2,1,8,1,54,1,53,0" doraHai="73" doraHaiUra="32" who="3" fromWho="2" sc="207,0,253,0,279,-120,251,130" /><INIT seed="3,1,0,5,3,126" ten="207,253,159,381" oya="3" hai0="134,76,70,132,89,4,50,12,121,63,32,34,105" hai1="119,43,72,79,103,135,51,115,80,58,108,107,21" hai2="16,36,114,111,124,60,77,67,98,13,117,94,14" hai3="27,8,74,55,54,18,123,112,128,42,49,3,19"/><W64/><G112/><T25/><D121/><U82/><E115/><V22/><F114/><W131/><G123/><T24/><D105/><U11/><E108/><V44/><F117/><W23/><G74/><T28/><D76/><U10/><E119/><V75/><F111/><W53/><G64/><T116/><D116/><U26/><E135/><V109/><F109/><W101/><G101/><T38/><D38/><U78/><E103/><V90/><F124/><W17/><G3/><T40/><D89/><U102/><E102/><V120/><F120/><W57/><G42/><T6/><D40/><U29/><E107/><V113/><F113/><W5/><G5/><T81/><D81/><U73/><REACH who="1" step="1"/><E58/><REACH who="1" ten="207,243,159,381" step="2"/><V47/><F75/><W46/><G8/><T130/><D134/><U84/><E84/><V106/><F106/><W86/><G86/><T9/><D9/><U66/><E66/><V110/><F110/><W118/><G118/><T133/><D132/><U99/><E99/><V2/><F77/><W35/><G35/><T91/><D34/><U20/><E20/><V88/><F90/><W127/><G127/><T95/><D91/><U41/><E41/><V7/><F36/><W87/><G87/><T92/><D32/><U0/><E0/><V68/><REACH who="2" step="1"/><F2/><REACH who="2" ten="207,243,149,381" step="2"/><W71/><G71/><T15/><D70/><U31/><E31/><V65/><F65/><W69/><G69/><T37/><D28/><U39/><E39/><V104/><F104/><W122/><G122/><T100/><D37/><U45/><AGARI ba="1,2" hai="10,11,21,26,29,43,45,51,72,73,78,79,80,82" machi="45" ten="30,4000,0" yaku="1,1,0,1,9,1,53,0" doraHai="126" doraHaiUra="56" who="1" fromWho="1" sc="207,-11,243,63,149,-11,381,-21" /><INIT seed="4,0,0,4,4,80" ten="196,306,138,360" oya="0" hai0="59,37,27,35,110,36,57,132,42,135,79,92,60" hai1="125,2,44,69,117,87,115,46,38,94,4,52,10" hai2="70,108,56,47,34,55,23,45,26,124,32,48,98" hai3="107,14,62,65,113,105,93,96,84,120,41,85,89"/><T106/><D106/><U82/><E117/><V99/><F108/><W43/><G113/><T49/><D110/><U58/><E69/><V78/><F70/><W18/><G120/><T12/><D79/><U50/><E115/><V126/><F78/><W102/><G107/><T20/><D35/><U64/><E125/><V76/><F76/><W97/><G43/><T72/><D72/><U66/><E94/><V128/><F128/><W39/><G41/><T1/><D1/><U91/><REACH who="1" step="1"/><E38/><REACH who="1" ten="196,296,138,360" step="2"/><V77/><F124/><W16/><G39/><T8/><D92/><U118/><E118/><V75/><F126/><W101/><G102/><T9/><D37/><U129/><E129/><V13/><F34/><W71/><REACH who="3" step="1"/><G18/><REACH who="3" ten="196,296,138,350" step="2"/><T73/><D36/><U29/><E29/><V40/><F40/><W53/><G53/><T3/><D42/><U25/><E25/><V22/><F26/><W114/><G114/><T90/><D27/><U86/><E86/><V11/><F55/><W51/><G51/><T100/><D49/><U123/><E123/><V68/><F48/><W67/><G67/><AGARI ba="0,2" hai="2,4,10,44,46,50,52,58,64,66,67,82,87,91" machi="67" ten="40,12000,2" yaku="1,1,52,1,54,1,53,3" doraHai="80" doraHaiUra="61" who="1" fromWho="3" sc="196,0,296,140,138,0,350,-120" /><INIT seed="5,0,0,1,4,10" ten="196,436,138,230" oya="1" hai0="23,61,125,109,114,0,106,123,38,70,107,117,124" hai1="59,29,84,50,72,35,54,79,120,65,16,2,119" hai2="31,102,60,94,63,97,92,78,51,93,105,112,71" hai3="47,30,14,133,86,108,22,89,126,88,62,6,77"/><U19/><E120/><V45/><F112/><W111/><G126/><N who="0" m="48747" /><D109/><U69/><E72/><V80/><F71/><W58/><G133/><T131/><D117/><U121/><E121/><V96/><F31/><W76/><G108/><T100/><D123/><U48/><E2/><V87/><REACH who="2" step="1"/><F97/><REACH who="2" ten="196,436,128,230" step="2"/><W127/><G111/><T83/><D70/><U26/><E69/><V115/><F115/><W118/><G127/><T21/><D114/><U12/><E29/><V101/><F101/><W135/><G30/><T15/><D100/><U27/><E119/><V104/><F104/><W68/><G118/><T28/><D107/><U74/><E35/><V18/><F18/><N who="3" m="10583" /><G68/><T5/><D106/><U49/><E19/><V122/><F122/><W82/><G135/><T81/><D28/><U103/><E16/><V75/><F75/><W32/><G32/><T85/><D5/><U3/><E74/><V20/><F20/><W128/><G6/><T134/><D23/><U43/><E103/><V129/><F129/><W11/><G128/><T64/><D131/><U25/><E84/><V7/><F7/><W33/><G33/><T37/><D85/><U67/><E27/><V132/><F132/><W44/><G11/><T53/><D134/><U41/><E26/><V24/><F24/><W98/><G98/><T110/><D110/><U113/><E25/><V99/><F99/><W40/><G86/><T90/><D21/><U1/><E113/><V13/><F13/><W9/><G9/><T52/><D15/><U130/><E12/><V57/><F57/><W66/><G58/><T73/><D73/><RYUUKYOKU ba="0,1" sc="196,-10,436,-10,128,30,230,-10" hai2="45,51,60,63,78,80,87,92,93,94,96,102,105" /><INIT seed="6,1,1,0,0,120" ten="186,426,158,220" oya="2" hai0="88,67,28,32,46,102,56,75,84,105,125,62,42" hai1="43,83,26,60,106,17,86,96,70,66,129,89,31" hai2="22,108,72,40,119,123,9,30,73,27,57,85,69" hai3="131,98,41,63,91,53,81,121,130,61,58,100,107"/><V134/><F119/><W87/><G121/><T21/><D75/><U29/><E43/><V20/><F123/><W74/><G41/><T97/><D125/><U111/><E129/><N who="3" m="49162" /><G74/><T118/><D118/><U12/><E111/><V6/><F69/><W135/><G135/><T94/><D32/><U132/><E132/><V48/><F134/><W99/><G99/><T50/><D21/><U16/><E12/><V54/><F22/><W76/><G76/><T7/><D7/><U71/><E71/><V115/><F115/><W1/><G1/><T34/><D34/><N who="1" m="20791" /><E31/><V80/><F108/><W59/><G59/><T103/><D28/><U4/><E4/><V114/><F40/><W0/><G0/><T104/><REACH who="0" step="1"/><D103/><AGARI ba="1,1" hai="16,17,60,66,70,83,86,89,96,103,106" m="20791" machi="103" ten="30,2000,0" yaku="25,1,54,1" doraHai="120" who="1" fromWho="0" sc="186,-23,426,33,158,0,220,0" /><INIT seed="7,0,0,5,0,50" ten="163,459,158,220" oya="3" hai0="30,16,25,127,84,111,41,6,128,89,130,29,107" hai1="24,118,87,61,33,31,45,39,69,60,67,44,105" hai2="26,103,122,93,56,1,63,108,117,65,2,129,90" hai3="59,116,15,54,119,77,133,97,8,18,23,49,9"/><W17/><G133/><T40/><D111/><U13/><E39/><V14/><F117/><W55/><G77/><T48/><D107/><U72/><E72/><V81/><F108/><W101/><G8/><T80/><D127/><U75/><E75/><V109/><F109/><W64/><G64/><T112/><D112/><U58/><E118/><V86/><F129/><N who="0" m="49770" /><D6/><U4/><E105/><V7/><F122/><W92/><REACH who="3" step="1"/><G55/><REACH who="3" ten="163,459,158,210" step="2"/><T22/><D40/><U88/><E67/><V38/><F38/><W37/><G37/><T51/><D51/><U10/><E10/><N who="2" m="4447" /><F2/><W43/><G43/><T32/><D32/><U106/><E33/><V68/><F1/><W53/><G53/><T28/><D48/><U91/><E61/><V57/><F68/><W12/><AGARI ba="0,1" hai="9,12,15,17,18,23,49,54,59,92,97,101,116,119" machi="12" ten="20,7800,0" yaku="1,1,0,1,7,1,52,1,53,0" doraHai="50" doraHaiUra="35" who="3" fromWho="3" sc="163,-26,459,-26,158,-26,210,88" /><INIT seed="7,1,0,5,5,100" ten="137,433,132,298" oya="3" hai0="19,69,125,29,109,115,102,66,106,45,92,50,31" hai1="63,28,122,104,51,72,98,134,0,133,99,79,77" hai2="47,35,54,87,119,6,48,116,82,20,3,123,83" hai3="8,91,78,58,135,25,120,49,9,86,112,7,22"/><W85/><G120/><T40/><D109/><U10/><E122/><V16/><F35/><W71/><G71/><T89/><D125/><U129/><E129/><V132/><F123/><W42/><G112/><T2/><D115/><U110/><E110/><V70/><F70/><W108/><G108/><T34/><D2/><U32/><E63/><V128/><F128/><W65/><G135/><N who="1" m="51722" /><E104/><V23/><F132/><W117/><G117/><T39/><D34/><U18/><E51/><V131/><F131/><W107/><G107/><T33/><D33/><U41/><E41/><V14/><F83/><N who="3" m="47351" /><G65/><T127/><D127/><U43/><E43/><V5/><F23/><W93/><G7/><N who="2" m="2569" /><F3/><W94/><G94/><T81/><D92/><U24/><E0/><V26/><F116/><W90/><G90/><T111/><D89/><U17/><E77/><N who="2" m="46543" /><F119/><W1/><G1/><T30/><D81/><N who="1" m="45287" /><E10/><V15/><AGARI ba="1,0" hai="14,15,16,20,26,47,48,54" m="46543,2569" machi="15" ten="30,2000,0" yaku="8,1,54,1" doraHai="100" who="2" fromWho="2" sc="137,-6,433,-6,132,23,298,-11" owari="131,-37.0,427,52.0,155,-24.0,287,9.0" /></mjloggm>