<mjloggm ver="2.3"><GO type="169" lobby="0"/><UN n0="%E3%81%82%E3%81%84%E3%81%A0%E3%81%A6" n1="%E3%82%A6%E3%83%AB%E3%83%88%E3%83%A9%E7%AB%8B%E7%9B%B4" n2="%E3%81%86%E3%81%83%E3%83%BC%E3%81%A1%E3%82%83%E3%82%93" n3="%67%61%72%75%63%69%61" dan="16,17,17,16" rate="2109.75,2165.16,2141.86,2087.59" sx="M,M,M,M"/><TAIKYOKU oya="0"/><INIT seed="0,0,0,2,1,72" ten="250,250,250,250" oya="0" hai0="26,106,10,73,70,47,11,104,97,133,29,124,68" hai1="78,99,114,53,111,71,91,95,110,123,56,3,22" hai2="64,0,17,2,36,57,19,76,134,5,102,4,37" hai3="39,55,90,116,85,34,20,96,82,23,66,103,62"/><T30/><D73/><U89/><E71/><N who="0" m="27177" /><D97/><U52/><E3/><V28/><F102/><W33/><G39/><T74/><D74/><U88/><E123/><V58/><F64/><W125/><G116/><T113/><D47/><U117/><E117/><V131/><F28/><N who="0" m="10858" /><D26/><U119/><E119/><V77/><F131/><W60/><G125/><T109/><D113/><U63/><E114/><V15/><F15/><W93/><G34/><T54/><D54/><U121/><E121/><V83/><F83/><W27/><G33/><T122/><D122/><U49/><E22/><V21/><F21/><W69/><G20/><T45/><D45/><U7/><E7/><V120/><F120/><W87/><G69/><T48/><D48/><U24/><E24/><V79/><F79/><W81/><G66/><T18/><D18/><U8/><E78/><V92/><F92/><W130/><G130/><T51/><D51/><U129/><E8/><N who="0" m="3113" /><D124/><U132/><E129/><V100/><F100/><W75/><G75/><T126/><D126/><U128/><E128/><V118/><F118/><W86/><G55/><T38/><D38/><U101/><REACH who="1" step="1"/><E132/><AGARI ba="0,0" hai="0,2,4,5,17,19,36,37,57,58,76,77,132,134" machi="132" ten="25,6400,0" yaku="22,2,52,2" doraHai="72" who="2" fromWho="1" sc="250,0,250,-64,250,64,250,0" /><INIT seed="1,0,0,0,4,29" ten="250,186,314,250" oya="1" hai0="96,44,19,86,95,25,102,16,73,88,36,129,2" hai1="101,14,116,51,100,39,15,32,55,90,48,82,125" hai2="9,69,104,65,6,42,108,5,38,112,79,62,43" hai3="35,63,53,49,98,61,106,99,77,114,28,115,133"/><U83/><E39/><V76/><F104/><W8/><G133/><T134/><D129/><U46/><E125/><V54/><F112/><W56/><G77/><T13/><D2/><U127/><E127/><V84/><F108/><W64/><G63/><T120/><D73/><U33/><E90/><V22/><F22/><W107/><G8/><T94/><D134/><U132/><E132/><V111/><F111/><W67/><G67/><T23/><D120/><U117/><E55/><V1/><F5/><W131/><G131/><T66/><D66/><U78/><REACH who="1" step="1"/><E46/><REACH who="1" ten="250,176,314,250" step="2"/><V121/><F121/><W57/><G114/><T97/><D36/><U58/><E58/><V47/><F42/><W135/><G115/><T128/><D128/><U72/><E72/><V80/><F54/><W118/><G135/><T60/><D60/><U17/><E17/><V74/><F79/><AGARI ba="0,1" hai="14,15,32,33,48,51,78,79,82,83,100,101,116,117" machi="79" ten="25,12000,1" yaku="1,1,22,2,52,2,53,0" doraHai="29" doraHaiUra="71" who="1" fromWho="2" sc="250,0,176,130,314,-120,250,0" /><INIT seed="1,1,0,5,3,18" ten="250,306,194,250" oya="1" hai0="46,110,35,50,70,78,34,102,6,134,88,130,4" hai1="117,17,100,126,133,71,47,20,31,58,107,13,68" hai2="97,30,43,73,108,63,32,44,121,101,103,80,91" hai3="76,127,45,33,96,5,122,37,72,16,15,109,56"/><U95/><E117/><V3/><F3/><W105/><G33/><T79/><D70/><U39/><E107/><V25/><F121/><W129/><G56/><T0/><D102/><U67/><E39/><V112/><F112/><W52/><G5/><N who="0" m="2155" /><D0/><U75/><E75/><V61/><F101/><W92/><G105/><T26/><D26/><U82/><E82/><V115/><F108/><W36/><G122/><T27/><D27/><U135/><E47/><V64/><F115/><W116/><G109/><T62/><D62/><N who="1" m="38359" /><E31/><V7/><F7/><W106/><G106/><T8/><D8/><U89/><E100/><V21/><F32/><W12/><G12/><T74/><D74/><U49/><E49/><V132/><F132/><N who="1" m="50761" /><E126/><V120/><F120/><W2/><G2/><T124/><D110/><U14/><E14/><V98/><F103/><W23/><G127/><T55/><D124/><U10/><E10/><V94/><F73/><W53/><G37/><T86/><D34/><U1/><E1/><V65/><F63/><W111/><G111/><T48/><D35/><U57/><E57/><N who="2" m="36911" /><F65/><W128/><G36/><T42/><D134/><U123/><E123/><V28/><F80/><W85/><G72/><T11/><D11/><U87/><AGARI ba="1,0" hai="13,17,20,68,71,87,89,95" m="50761,38359" machi="87" ten="30,3000,0" yaku="20,1,52,1" doraHai="18" who="1" fromWho="1" sc="250,-11,306,33,194,-11,250,-11" /><INIT seed="1,2,0,4,5,111" ten="239,339,183,239" oya="1" hai0="121,108,40,0,86,104,9,62,46,83,123,18,50" hai1="12,72,68,92,75,22,77,11,58,101,98,110,105" hai2="38,82,33,27,134,93,31,81,114,128,132,59,42" hai3="84,35,29,4,67,129,89,19,112,119,21,88,5"/><U71/><E110/><V61/><F128/><W115/><G129/><T63/><D104/><U55/><E22/><V117/><F117/><W66/><G119/><T90/><D108/><U53/><E53/><V51/><F51/><W54/><G54/><T96/><D96/><U94/><E105/><V24/><F93/><W74/><G74/><T26/><D0/><U44/><E44/><V80/><F27/><N who="3" m="18879" /><G66/><T34/><D34/><U60/><E94/><V130/><F130/><W28/><G67/><T103/><D103/><U3/><E3/><V56/><F114/><N who="3" m="43563" /><G89/><T133/><D133/><N who="2" m="51306" /><F61/><W135/><G88/><T102/><D102/><U95/><E75/><V36/><F42/><W10/><G84/><T122/><D26/><U17/><REACH who="1" step="1"/><E95/><REACH who="1" ten="239,329,183,239" step="2"/><V20/><F20/><W14/><G135/><T97/><D97/><U57/><E57/><AGARI ba="2,1" hai="24,31,33,36,38,56,57,59,80,81,82" m="51306" machi="57" ten="30,1000,0" yaku="20,1" doraHai="111" who="2" fromWho="1" sc="239,0,329,-16,183,26,239,0" /><INIT seed="2,0,0,3,2,3" ten="239,313,209,239" oya="2" hai0="115,42,36,128,6,72,19,70,114,122,33,74,58" hai1="57,16,76,120,91,133,92,80,64,112,87,89,100" hai2="117,49,24,20,97,96,108,48,130,34,131,7,125" hai3="86,109,56,135,60,82,81,84,98,10,44,99,29"/><V110/><F117/><W95/><G109/><N who="2" m="42089" /><F34/><W118/><G118/><T93/><D70/><U26/><E112/><V103/><F125/><W35/><G135/><T32/><D19/><U67/><E133/><V79/><F79/><W31/><G35/><N who="0" m="13387" /><D93/><U71/><E71/><V73/><F73/><N who="0" m="28266" /><D58/><U43/><E43/><V63/><F63/><W111/><G111/><T121/><D6/><U38/><E38/><V106/><F96/><W23/><G44/><N who="0" m="23623" /><D128/><N who="2" m="49194" /><F7/><W102/><G10/><T90/><D90/><U78/><E91/><V46/><F46/><W30/><G98/><T65/><D65/><U66/><E57/><V69/><F69/><W2/><G2/><T116/><D116/><U21/><E120/><AGARI ba="0,0" hai="114,115,120,121,122" m="23623,28266,13387" machi="120" ten="40,1300,0" yaku="23,1" doraHai="3" who="0" fromWho="1" sc="239,13,313,-13,209,0,239,0" /><INIT seed="3,0,0,0,2,23" ten="252,300,209,239" oya="3" hai0="12,59,42,135,72,49,122,45,5,82,46,103,86" hai1="107,56,113,18,85,108,93,39,47,38,8,76,73" hai2="78,28,119,111,40,74,41,68,21,118,57,11,20" hai3="101,43,54,77,126,79,29,124,48,89,52,6,121"/><W123/><G6/><T62/><D135/><U19/><E107/><V53/><F68/><W71/><G101/><T37/><D122/><N who="3" m="46601" /><G89/><T102/><D72/><U127/><E56/><V10/><F57/><W104/><G104/><T134/><D134/><U100/><E47/><V0/><F78/><N who="3" m="29707" /><G71/><T7/><D45/><U96/><E85/><V27/><F53/><N who="3" m="20587" /><G29/><T98/><D37/><U3/><E39/><V81/><F74/><W61/><G48/><T84/><D86/><U36/><E100/><N who="0" m="38441" /><D98/><U17/><E96/><V9/><F0/><W66/><G66/><N who="0" m="39263" /><D12/><U26/><E3/><V2/><F2/><W90/><G90/><AGARI ba="0,0" hai="5,7,42,46,49,82,84,90" m="39263,38441" machi="90" ten="30,1000,0" yaku="8,1" doraHai="23" who="0" fromWho="3" sc="252,10,300,0,209,0,239,-10" /><INIT seed="4,0,0,2,2,125" ten="262,300,209,229" oya="0" hai0="111,105,50,107,127,62,133,33,124,11,2,119,19" hai1="60,1,55,8,108,93,14,58,115,45,5,122,92" hai2="21,117,109,59,34,0,81,32,86,12,73,85,77" hai3="61,20,70,52,9,91,22,7,35,113,56,46,28"/><T110/><D119/><U44/><E108/><N who="0" m="41513" /><D33/><U10/><E122/><V47/><F0/><W17/><G113/><T53/><D62/><U102/><E115/><V132/><F109/><W16/><G70/><T6/><D133/><U128/><E128/><V23/><F59/><W25/><G91/><T48/><D19/><U116/><E116/><V101/><F132/><W104/><G104/><N who="0" m="40011" /><D53/><U123/><E123/><V121/><F101/><W54/><G35/><T39/><D39/><U51/><E102/><V68/><F68/><W40/><G54/><T69/><D69/><U36/><E36/><V24/><F117/><W130/><G130/><T30/><D30/><U63/><E63/><V114/><F114/><W131/><G131/><T88/><D88/><U49/><E49/><AGARI ba="0,0" hai="2,6,11,48,49,50,124,127" m="40011,41513" machi="49" ten="40,2000,0" yaku="10,1" doraHai="125" who="0" fromWho="1" sc="262,20,300,-20,209,0,229,0" /><INIT seed="4,1,0,0,5,131" ten="282,280,209,229" oya="0" hai0="81,135,65,117,102,108,6,89,61,24,118,46,104" hai1="16,15,111,126,86,127,123,87,29,14,76,21,121" hai2="103,28,80,130,10,66,13,97,41,50,57,70,39" hai3="115,22,110,31,60,2,133,114,18,85,37,93,5"/><T1/><D108/><U26/><E76/><V112/><F112/><N who="3" m="43051" /><G37/><T17/><D135/><U129/><E87/><V30/><F130/><W20/><G110/><T35/><D46/><U32/><E86/><V62/><F80/><W101/><G60/><T38/><D38/><U84/><E84/><V91/><F91/><W106/><G31/><T88/><D81/><U100/><E100/><V83/><F83/><W72/><G72/><T19/><D19/><N who="1" m="10495" /><E111/><V71/><F71/><W64/><G64/><T125/><D125/><N who="1" m="47627" /><E129/><V12/><F70/><W99/><G106/><T69/><D88/><U78/><E78/><V3/><F3/><W56/><G56/><T36/><D36/><U109/><E109/><V59/><F39/><W77/><G77/><T68/><D89/><U73/><E73/><V42/><F30/><W116/><G85/><T134/><D69/><U67/><E67/><V63/><F28/><W95/><G95/><T53/><D35/><U51/><E51/><V98/><F50/><W9/><G18/><T23/><D134/><U122/><E122/><V92/><F98/><W27/><G133/><T44/><D102/><U48/><E48/><V132/><F132/><W49/><G49/><N who="0" m="28839" /><D104/><U11/><AGARI ba="1,0" hai="11,14,16,26,29,32,121,123" m="47627,10495" machi="11" ten="30,7900,0" yaku="18,1,34,2,54,1" doraHai="131" who="1" fromWho="1" sc="282,-40,280,82,209,-21,229,-21" /><INIT seed="5,0,0,0,2,24" ten="242,362,188,208" oya="1" hai0="27,69,25,92,53,54,1,23,63,40,12,133,83" hai1="21,116,104,64,32,113,110,3,50,51,65,44,84" hai2="2,22,115,131,46,41,89,19,11,60,20,76,52" hai3="111,68,35,67,118,99,48,86,79,114,34,7,117"/><U125/><E32/><V59/><F131/><W105/><G48/><T126/><D1/><U132/><E3/><V18/><F115/><W119/><G111/><T102/><D40/><U81/><E104/><V5/><F76/><W17/><G7/><T26/><D133/><U101/><E101/><V72/><F72/><W14/><G114/><T49/><D126/><U9/><E9/><V130/><F130/><W82/><G99/><T16/><D83/><U78/><E116/><V77/><F77/><W29/><G105/><T135/><D135/><U58/><E113/><V91/><F20/><W57/><G68/><T124/><D124/><U0/><E0/><V13/><REACH who="2" step="1"/><F18/><REACH who="2" ten="242,362,178,208" step="2"/><W45/><G35/><T62/><D69/><U97/><E21/><V129/><F129/><W95/><G34/><T96/><REACH who="0" step="1"/><D53/><REACH who="0" ten="232,362,178,208" step="2"/><N who="1" m="32063" /><E125/><V36/><AGARI ba="0,2" hai="2,5,11,13,19,22,36,41,46,52,59,60,89,91" machi="36" ten="20,5200,0" yaku="1,1,0,1,7,1,54,1,53,0" doraHai="24" doraHaiUra="112" who="2" fromWho="2" sc="232,-13,362,-26,178,72,208,-13" /><INIT seed="6,0,0,0,5,92" ten="219,336,250,195" oya="2" hai0="41,66,63,122,106,18,21,61,48,12,95,38,50" hai1="71,114,72,17,43,52,22,36,16,75,105,93,84" hai2="35,58,6,76,39,101,124,134,87,54,81,78,74" hai3="47,42,53,8,30,127,57,94,112,90,91,85,9"/><V83/><F39/><W7/><G127/><T121/><D106/><U55/><E105/><V5/><F35/><W11/><G112/><T135/><D135/><U107/><E107/><V27/><F124/><W108/><G108/><T117/><D117/><U45/><E71/><V2/><F134/><W19/><G30/><T119/><D63/><U111/><E111/><V88/><F101/><W89/><G19/><T13/><D38/><U32/><E32/><V10/><F6/><W100/><G100/><T51/><D119/><U130/><E17/><V60/><F27/><W24/><G24/><T14/><D41/><U56/><E55/><V86/><F76/><W3/><G42/><T123/><REACH who="0" step="1"/><D95/><REACH who="0" ten="209,336,250,195" step="2"/><U46/><E93/><V116/><F116/><W80/><G47/><T15/><D15/><U20/><E46/><V68/><F68/><AGARI ba="0,1" hai="12,13,14,18,21,48,50,51,61,66,68,121,122,123" machi="68" ten="50,1600,0" yaku="1,1,53,0" doraHai="92" doraHaiUra="98" who="0" fromWho="2" sc="209,26,336,0,250,-16,195,0" /><INIT seed="7,0,0,1,3,109" ten="235,336,234,195" oya="3" hai0="115,10,13,63,9,132,0,58,99,37,8,121,43" hai1="116,135,127,12,89,44,52,72,25,1,4,33,101" hai2="131,73,48,130,2,18,28,21,54,5,129,133,92" hai3="79,55,87,24,62,51,84,83,128,15,119,69,125"/><W35/><G119/><T60/><D121/><U61/><E12/><N who="2" m="9415" /><F73/><W34/><G125/><T3/><D115/><U36/><E89/><V23/><F133/><W107/><G107/><T67/><D132/><U46/><E52/><V11/><F92/><W75/><G128/><T29/><D29/><U105/><E46/><N who="2" m="27927" /><F23/><W14/><G35/><T40/><D37/><U77/><E77/><V17/><F17/><W76/><G75/><T16/><D60/><U113/><E61/><V81/><F81/><W27/><G34/><T26/><D26/><N who="3" m="9769" /><G69/><T94/><D0/><U47/><E44/><V45/><F45/><N who="3" m="28143" /><G62/><T95/><D95/><U56/><E25/><V106/><F106/><W86/><G83/><T7/><REACH who="0" step="1"/><D9/><REACH who="0" ten="225,336,234,195" step="2"/><U120/><E1/><V103/><F28/><W108/><G108/><T122/><D122/><U102/><E120/><V117/><F117/><W98/><G98/><T53/><D53/><U66/><E116/><V90/><F11/><W88/><G88/><AGARI ba="0,1" hai="3,7,8,10,13,16,40,43,58,63,67,88,94,99" machi="88" ten="30,7700,0" yaku="1,1,7,1,54,2,53,0" doraHai="109" doraHaiUra="118" who="0" fromWho="3" sc="225,87,336,0,234,0,195,-77" owari="312,11.0,336,44.0,234,-17.0,118,-38.0" /></mjloggm>