<mjloggm ver="2.3"><GO type="169" lobby="0"/><UN n0="%4D%69%6C%6C%52%65%65%66" n1="%48%65%61%72%E2%80%A0%73%31%38" n2="%E5%88%87%E3%82%8A%E6%9C%AD" n3="%E3%82%A6%E3%83%AB%E3%83%88%E3%83%A9%E7%AB%8B%E7%9B%B4" dan="16,17,17,17" rate="2092.37,2114.62,2140.01,2167.99" sx="M,F,M,M"/><TAIKYOKU oya="0"/><INIT seed="0,0,0,4,0,42" ten="250,250,250,250" oya="0" hai0="106,73,89,113,84,93,61,25,55,6,129,11,34" hai1="132,26,103,107,14,52,133,7,79,47,35,71,62" hai2="43,20,8,49,22,105,58,86,63,101,64,99,90" hai3="78,31,108,44,98,109,60,120,126,51,87,59,92"/><T72/><D113/><U102/><E79/><V75/><F75/><W83/><G31/><T28/><D106/><U12/><E7/><V38/><F38/><W111/><G126/><T100/><D129/><U19/><E35/><V128/><F128/><W46/><G51/><T36/><D36/><U37/><E26/><V57/><F8/><W127/><G127/><T96/><D61/><U112/><E112/><V82/><REACH who="2" step="1"/><F58/><REACH who="2" ten="250,250,240,250" step="2"/><W74/><G74/><T118/><D72/><U135/><E37/><V32/><F32/><W81/><G120/><T40/><D73/><U97/><E71/><V4/><F4/><W3/><G3/><T115/><D115/><U29/><E135/><V122/><F122/><W76/><G76/><T95/><D11/><U21/><E133/><V2/><F2/><W45/><G78/><T65/><D6/><U80/><E132/><V39/><F39/><W5/><G5/><T10/><D10/><U68/><E68/><V119/><F119/><W69/><G69/><T91/><D118/><U53/><E21/><V116/><F116/><W27/><G27/><T24/><D34/><U125/><E125/><V121/><F121/><W50/><G50/><T104/><D25/><U30/><E12/><V114/><F114/><W85/><G59/><T41/><D24/><U94/><E14/><V67/><F67/><W88/><G60/><T54/><D65/><U130/><E62/><V56/><F56/><W1/><G1/><T110/><D110/><U9/><E130/><V124/><F124/><W18/><G18/><T0/><D0/><U134/><E134/><RYUUKYOKU ba="0,1" sc="250,-15,250,-15,240,15,250,15" hai2="20,22,43,49,57,63,64,82,86,90,99,101,105" hai3="44,45,46,81,83,85,87,88,92,98,108,109,111" /><INIT seed="1,1,1,4,2,17" ten="235,235,255,265" oya="1" hai0="71,4,77,89,91,23,33,31,57,118,28,22,87" hai1="52,3,67,58,59,128,66,29,90,108,84,78,106" hai2="100,11,116,119,121,93,134,74,88,49,135,133,69" hai3="32,101,123,105,122,42,86,15,83,61,130,124,50"/><U21/><E106/><V72/><F69/><W79/><G32/><T80/><D71/><U81/><E3/><V43/><F11/><W10/><G130/><T109/><D118/><N who="2" m="45098" /><F43/><W104/><G124/><T112/><D112/><U9/><E128/><V48/><F48/><W98/><G105/><T75/><D109/><U0/><E108/><V36/><F36/><W7/><REACH who="3" step="1"/><G61/><REACH who="3" ten="235,235,255,255" step="2"/><T5/><D33/><U62/><E58/><V63/><F63/><W92/><G92/><T131/><D131/><U2/><E2/><V8/><F93/><W117/><G117/><T132/><D132/><U51/><E62/><V18/><F135/><W113/><G113/><T30/><D57/><U125/><E125/><V129/><F129/><W120/><G120/><T99/><D75/><U111/><E111/><V14/><F74/><W56/><G56/><T82/><D99/><U35/><E35/><V70/><F72/><W103/><G103/><T94/><D94/><U47/><E59/><V102/><F121/><W46/><AGARI ba="1,2" hai="7,10,15,42,46,50,79,83,86,98,101,104,122,123" machi="46" ten="30,7900,0" yaku="1,1,0,1,25,2,53,0" doraHai="17" doraHaiUra="85" who="3" fromWho="3" sc="235,-21,235,-40,255,-21,255,102" /><INIT seed="2,0,0,4,5,36" ten="214,195,234,357" oya="2" hai0="27,0,21,114,46,19,115,67,11,118,128,9,133" hai1="91,18,121,38,123,126,129,131,58,90,35,96,103" hai2="37,22,113,53,41,57,104,54,25,99,100,102,117" hai3="101,49,87,8,17,72,43,31,42,34,82,26,7"/><V13/><F113/><W80/><G101/><T73/><D73/><U15/><E35/><V65/><F117/><W130/><G130/><N who="1" m="49674" /><E38/><V63/><F102/><W45/><G17/><T3/><D128/><U106/><E58/><V127/><F127/><W51/><G72/><T4/><D67/><U64/><E64/><V95/><F13/><W28/><G28/><T93/><D118/><U97/><E18/><V33/><F33/><W105/><G105/><T84/><D133/><U10/><E10/><V32/><F32/><W79/><G82/><T71/><D71/><U77/><E15/><V16/><REACH who="2" step="1"/><F104/><REACH who="2" ten="214,195,224,357" step="2"/><W111/><G34/><T92/><D114/><U107/><E126/><V55/><F55/><W14/><G14/><T125/><D115/><U85/><E106/><V61/><F61/><W134/><G134/><T20/><D125/><U124/><E124/><V70/><F70/><W62/><G62/><T109/><D3/><U6/><E6/><V120/><F120/><N who="1" m="46153" /><E96/><V74/><F74/><W66/><G7/><T112/><D4/><U81/><AGARI ba="0,1" hai="77,81,85,90,91,97,103,107" m="46153,49674" machi="81" ten="40,8000,1" yaku="19,1,13,1,34,2" doraHai="36" who="1" fromWho="1" sc="214,-20,195,90,224,-40,357,-20" /><INIT seed="3,0,0,1,1,17" ten="194,285,184,337" oya="3" hai0="106,10,102,4,65,47,58,92,19,27,87,48,86" hai1="116,69,84,59,64,41,21,44,125,31,91,5,118" hai2="104,124,49,9,28,129,83,14,90,81,77,26,128" hai3="117,133,32,82,109,89,23,115,103,18,97,1,51"/><W121/><G121/><T34/><D106/><U78/><E78/><V53/><F124/><W12/><G115/><T93/><D34/><U135/><E125/><V50/><F104/><W105/><G117/><N who="1" m="45162" /><E5/><V108/><F108/><W113/><G113/><T33/><D33/><U36/><E135/><V66/><F66/><W114/><G114/><T40/><D65/><U73/><E73/><V38/><F38/><W6/><G32/><T85/><D58/><U123/><E69/><V96/><F96/><W22/><G133/><T120/><D120/><U24/><E123/><V134/><F90/><W110/><G6/><T99/><D93/><N who="1" m="54503" /><E59/><V20/><F134/><W107/><G1/><T88/><D102/><U68/><E68/><V95/><F95/><W37/><G107/><T76/><D76/><U45/><E45/><V63/><F83/><W60/><G37/><T62/><D99/><U2/><E64/><V30/><F81/><W131/><G82/><T112/><D112/><U70/><E70/><V35/><F77/><W75/><G75/><T132/><D132/><U13/><E13/><V127/><F127/><W42/><G89/><T80/><D80/><U79/><E79/><V56/><F129/><W71/><G131/><T130/><D130/><U46/><E46/><V111/><F128/><W126/><G126/><T61/><D85/><U67/><E67/><V122/><F122/><W0/><G110/><T101/><D86/><U72/><E72/><V11/><F111/><W3/><G109/><T15/><D101/><U29/><E2/><V52/><F14/><W54/><G12/><RYUUKYOKU ba="0,0" sc="194,15,285,15,184,-15,337,-15" hai0="4,10,15,19,27,40,47,48,61,62,87,88,92" hai1="21,24,29,31,36,41,44" /><INIT seed="4,1,0,3,5,104" ten="209,300,169,322" oya="0" hai0="132,65,21,76,60,111,45,64,113,58,18,95,12" hai1="116,47,92,83,42,91,26,15,50,68,9,55,73" hai2="134,75,4,108,103,81,44,27,97,28,54,17,74" hai3="51,127,135,41,110,67,126,11,84,57,121,69,31"/><T93/><D113/><U0/><E68/><V32/><F108/><W33/><G31/><T34/><D34/><U30/><E0/><V19/><F4/><W88/><G33/><T122/><D122/><U66/><E66/><V7/><F7/><W100/><G110/><T46/><D132/><U6/><E116/><V20/><F134/><W114/><G135/><T37/><D111/><U129/><E129/><V80/><F80/><W2/><G100/><T3/><D3/><U98/><E83/><V10/><F10/><W85/><G85/><T79/><D65/><U123/><E123/><V78/><F75/><W1/><G121/><T16/><D18/><U22/><E73/><V48/><REACH who="2" step="1"/><F32/><REACH who="2" ten="209,300,159,322" step="2"/><W77/><G11/><T43/><REACH who="0" step="1"/><D46/><REACH who="0" ten="199,300,159,322" step="2"/><U24/><E47/><V120/><F120/><W99/><G1/><T36/><D36/><U8/><E6/><V90/><F90/><W118/><G2/><T89/><D89/><U124/><E91/><V117/><F117/><W87/><G88/><T94/><AGARI ba="1,2" hai="12,16,21,37,43,45,58,60,64,76,79,93,94,95" machi="94" ten="30,6000,0" yaku="1,1,0,1,54,1,53,0" doraHai="104" doraHaiUra="25" who="0" fromWho="0" sc="199,83,300,-21,159,-21,322,-21" /><INIT seed="4,2,0,0,3,37" ten="282,279,138,301" oya="0" hai0="112,52,127,114,65,122,47,25,56,81,102,97,62" hai1="34,96,54,135,105,8,109,110,123,130,27,118,64" hai2="36,95,103,61,4,71,6,99,107,17,85,33,88" hai3="57,49,106,131,11,116,92,24,70,84,26,94,67"/><T55/><D122/><U29/><E123/><V82/><F36/><W129/><G106/><T39/><D81/><U13/><E118/><V0/><F0/><W87/><G70/><T117/><D117/><U93/><E105/><V75/><F33/><W132/><G116/><T113/><D25/><U20/><E135/><V10/><F17/><W80/><G11/><T22/><D22/><U40/><E64/><V1/><F4/><W108/><G108/><T104/><D127/><U100/><E130/><V115/><F115/><W2/><G2/><T12/><D12/><U3/><E54/><V119/><F119/><W91/><G132/><T41/><AGARI ba="2,0" hai="39,41,47,52,55,56,62,65,97,102,104,112,113,114" machi="41" ten="40,12000,1" yaku="0,1,15,1,52,1,54,1" doraHai="37" who="0" fromWho="0" sc="282,126,279,-42,138,-42,301,-42" /><INIT seed="4,3,0,0,1,60" ten="408,237,96,259" oya="0" hai0="86,6,37,45,101,57,89,66,73,42,91,22,135" hai1="81,130,113,1,88,100,2,109,62,17,87,16,115" hai2="102,90,131,18,39,12,112,104,10,70,69,120,121" hai3="41,63,74,122,129,128,80,111,92,126,48,75,29"/><T108/><D73/><U15/><E109/><V99/><F112/><N who="1" m="43081" /><E130/><V33/><F131/><W98/><G111/><T133/><D108/><U67/><E100/><V47/><F33/><W8/><G126/><T65/><D101/><U38/><E38/><V59/><F59/><W127/><G127/><T46/><D57/><N who="1" m="37327" /><E17/><V125/><F125/><W49/><G75/><T7/><D22/><AGARI ba="3,0" hai="1,2,15,16,22,81,87,88" m="37327,43081" machi="22" ten="30,8000,1" yaku="15,1,11,1,52,1,54,2" doraHai="60" who="1" fromWho="0" sc="408,-89,237,89,96,0,259,0" /><INIT seed="5,0,0,2,0,72" ten="319,326,96,259" oya="1" hai0="120,134,79,76,56,21,11,6,9,16,17,67,89" hai1="50,53,75,95,48,61,20,108,55,123,128,57,26" hai2="31,41,87,47,28,119,7,114,25,116,85,27,45" hai3="44,90,91,81,125,36,46,19,107,63,10,124,42"/><U4/><E123/><V18/><F41/><W126/><G107/><T71/><D71/><U13/><E75/><V15/><F15/><N who="3" m="7671" /><G46/><T66/><D120/><U80/><E128/><V110/><F18/><W88/><G63/><N who="0" m="38247" /><D134/><U98/><E80/><AGARI ba="0,0" hai="36,42,44,80,81,88,90,91,124,125,126" m="7671" machi="80" ten="40,2600,0" yaku="18,1,54,1" doraHai="72" who="3" fromWho="1" sc="319,0,326,-26,96,0,259,26" /><INIT seed="6,0,0,4,2,74" ten="319,300,96,285" oya="2" hai0="1,11,115,27,18,92,88,114,4,57,119,50,120" hai1="37,30,68,103,19,20,96,36,26,53,49,107,55" hai2="77,59,29,24,58,135,127,28,113,39,124,16,95" hai3="110,132,17,71,78,35,12,94,93,90,41,87,82"/><V65/><F113/><N who="0" m="43018" /><D120/><U3/><E3/><V80/><F135/><W106/><G35/><T46/><D57/><N who="2" m="21514" /><F65/><W73/><G110/><T9/><D119/><U25/><E68/><V122/><F39/><W125/><G132/><T89/><D92/><U22/><REACH who="1" step="1"/><E55/><REACH who="1" ten="319,290,96,285" step="2"/><V31/><F122/><W6/><G71/><T42/><D9/><U33/><E33/><V123/><F123/><W52/><G52/><T76/><D76/><U23/><E23/><AGARI ba="0,1" hai="1,4,11,18,23,27,42,46,50,88,89" m="43018" machi="23" ten="30,2000,0" yaku="15,1,54,1" doraHai="74" who="0" fromWho="1" sc="319,30,290,-20,96,0,285,0" /><INIT seed="7,0,0,1,1,113" ten="349,270,96,285" oya="3" hai0="14,69,65,128,106,133,125,52,70,112,50,98,90" hai1="73,34,22,40,124,108,39,15,62,101,127,61,74" hai2="82,93,38,60,49,118,86,12,1,122,111,77,78" hai3="57,84,0,5,132,95,59,17,24,103,19,110,99"/><W58/><G132/><T81/><D112/><U33/><E108/><V96/><F38/><W134/><G134/><T68/><D133/><U117/><E101/><V75/><F1/><W9/><G110/><T126/><D128/><U10/><E22/><V44/><F111/><W26/><REACH who="3" step="1"/><G84/><REACH who="3" ten="349,270,96,275" step="2"/><T105/><D125/><U55/><E127/><V27/><F122/><W63/><G63/><T45/><D126/><U102/><E61/><V21/><F75/><W13/><G13/><T71/><D14/><U25/><E62/><V66/><F12/><W29/><G29/><T80/><D68/><U79/><E15/><V30/><F118/><W119/><G119/><T23/><D71/><U104/><E117/><V46/><F78/><W16/><AGARI ba="0,1" hai="0,5,9,16,17,19,24,26,57,58,59,95,99,103" machi="16" ten="30,6000,0" yaku="1,1,0,1,54,1,53,0" doraHai="113" doraHaiUra="116" who="3" fromWho="3" sc="349,-20,270,-20,96,-20,275,70" owari="329,13.0,250,-15.0,76,-42.0,345,44.0" /></mjloggm>