<mjloggm ver="2.3"><GO type="169" lobby="0"/><UN n0="%79%75%2D%2D%2D%2D%2D%75" n1="%E2%98%86%E9%BB%84%E7%80%AC%E3%82%84%E3%82%88%E3%81%84%E2%98%86" n2="%E6%A1%90%E8%B0%B7%E7%9B%B4%E5%8F%B6" n3="%E3%82%A6%E3%83%AB%E3%83%88%E3%83%A9%E7%AB%8B%E7%9B%B4" dan="17,16,16,17" rate="2248.47,2017.59,2091.20,2202.42" sx="M,F,F,M"/><TAIKYOKU oya="0"/><INIT seed="0,0,0,5,4,10" ten="250,250,250,250" oya="0" hai0="42,67,91,76,135,54,126,62,8,132,71,80,74" hai1="43,77,105,124,125,95,98,109,61,66,1,119,36" hai2="11,51,78,30,50,16,68,122,70,120,33,106,52" hai3="3,57,55,18,12,40,104,114,46,92,111,107,32"/><T129/><D42/><U48/><E119/><V94/><F106/><W82/><G114/><T7/><D54/><U38/><E1/><V37/><F37/><W28/><G3/><T108/><D126/><N who="1" m="48747" /><E77/><V27/><F78/><W65/><G65/><T134/><D129/><U15/><E109/><V130/><F130/><W59/><G111/><T21/><D108/><U93/><E15/><V63/><F120/><W22/><G82/><T24/><D91/><U17/><E17/><V110/><F110/><W117/><G117/><T34/><D34/><U97/><E105/><V49/><F122/><W73/><G73/><T19/><D8/><U0/><E0/><V115/><F115/><W116/><G116/><T75/><REACH who="0" step="1"/><D7/><REACH who="0" ten="240,250,250,250" step="2"/><U69/><E43/><V103/><F52/><W25/><G55/><T44/><D44/><U128/><E128/><V90/><F103/><W53/><G53/><T101/><D101/><N who="1" m="60591" /><E48/><V79/><F63/><W29/><G32/><T47/><D47/><U20/><E20/><V72/><F33/><W6/><G46/><T113/><D113/><U112/><E112/><V83/><F11/><W23/><G40/><T100/><D100/><AGARI ba="0,1" hai="36,38,61,66,69,95,98,100" m="60591,48747" machi="100" ten="30,1000,0" yaku="18,1" doraHai="10" who="1" fromWho="0" sc="240,-10,250,20,250,0,250,0" /><INIT seed="1,0,0,0,3,0" ten="230,270,250,250" oya="1" hai0="29,50,129,34,37,123,13,83,28,104,113,51,33" hai1="127,117,12,30,67,88,26,109,45,61,36,130,7" hai2="90,11,85,15,6,131,22,52,107,9,106,99,75" hai3="115,60,114,35,128,100,92,41,103,66,54,86,72"/><U8/><E117/><V76/><F131/><W65/><G86/><T2/><D37/><U44/><E130/><V39/><F39/><W10/><G10/><T62/><D129/><U42/><E127/><V82/><F22/><W108/><G128/><T111/><D2/><U4/><E109/><V87/><F11/><W116/><G92/><T96/><D62/><U46/><E88/><V94/><F75/><W21/><G21/><T63/><D63/><U95/><E95/><V134/><F134/><W91/><G60/><T122/><D83/><U57/><REACH who="1" step="1"/><E7/><REACH who="1" ten="230,260,250,250" step="2"/><V74/><F106/><W55/><G91/><T68/><D104/><U18/><E18/><V58/><F107/><W27/><G108/><T1/><D111/><U59/><E59/><V16/><F6/><W23/><G116/><T17/><D17/><U43/><E43/><V3/><F3/><W49/><G41/><T121/><D1/><U102/><E102/><V40/><F40/><W78/><G103/><T125/><D125/><U70/><E70/><V110/><F110/><W119/><G100/><T56/><D68/><U105/><E105/><V112/><F112/><W5/><G119/><T93/><D113/><U38/><E38/><V98/><F74/><W124/><G72/><T48/><D56/><U81/><E81/><V47/><F47/><W64/><G115/><T19/><D19/><U14/><E14/><V133/><F133/><W53/><G114/><T73/><D13/><U32/><AGARI ba="0,1" hai="4,8,12,26,30,32,36,42,44,45,46,57,61,67" machi="32" ten="20,12000,1" yaku="1,1,0,1,7,1,52,1,53,1" doraHai="0" doraHaiUra="31" who="1" fromWho="1" sc="230,-40,260,130,250,-40,250,-40" /><INIT seed="1,1,0,4,5,72" ten="190,390,210,210" oya="1" hai0="47,20,17,85,18,123,105,9,19,6,41,100,33" hai1="7,90,68,132,127,104,62,54,43,70,23,30,31" hai2="71,117,88,11,128,48,133,103,40,77,109,24,53" hai3="67,49,46,120,81,29,115,106,92,86,14,52,5"/><U130/><E104/><V119/><F128/><W44/><G106/><T110/><D105/><U102/><E102/><V12/><F103/><W121/><G115/><T125/><D100/><U35/><E35/><V58/><F71/><W111/><G111/><T108/><D85/><U61/><E7/><V107/><F107/><W101/><G67/><T36/><D33/><U39/><E39/><V95/><F133/><W57/><G29/><T28/><D125/><U63/><E43/><V34/><F40/><W8/><G121/><T113/><D113/><U80/><E130/><V15/><F109/><N who="0" m="42090" /><D28/><U116/><E31/><V65/><F65/><W64/><G120/><T27/><D123/><U45/><E127/><V83/><F34/><W96/><REACH who="3" step="1"/><G64/><REACH who="3" ten="190,390,210,200" step="2"/><T4/><D4/><U99/><E30/><V16/><F12/><AGARI ba="1,1" hai="6,9,12,17,18,19,20,27,36,41,47" m="42090" machi="12" ten="30,1000,0" yaku="14,1" doraHai="72" who="0" fromWho="2" sc="190,23,390,0,210,-13,200,0" /><INIT seed="2,0,0,1,1,90" ten="213,390,197,200" oya="2" hai0="21,64,76,38,124,130,133,95,26,86,36,126,80" hai1="39,77,119,98,81,74,72,112,49,66,23,57,54" hai2="43,5,97,42,104,70,67,22,27,121,58,48,131" hai3="116,9,127,134,8,106,44,24,68,71,31,11,87"/><V51/><F121/><W120/><G120/><T59/><D133/><U99/><E119/><V88/><F131/><W60/><G106/><T129/><D64/><U89/><E39/><N who="0" m="14889" /><D59/><U69/><E112/><V79/><F79/><W93/><G116/><T102/><D102/><U122/><E122/><V13/><F104/><W10/><G134/><T34/><D34/><U63/><E74/><V37/><F70/><W115/><G115/><T47/><D47/><U53/><E53/><N who="2" m="32039" /><F67/><W41/><G127/><N who="0" m="48683" /><D95/><U25/><E89/><V0/><F37/><W78/><G60/><T14/><D14/><U33/><E33/><V100/><F100/><W7/><G44/><T94/><D94/><U118/><E118/><V3/><F51/><W105/><G105/><T114/><D114/><U55/><E55/><V20/><F3/><W83/><G41/><N who="2" m="15369" /><F0/><W125/><G125/><T117/><D117/><U123/><E123/><V46/><F46/><W52/><G52/><T101/><D101/><U135/><E135/><V73/><F27/><W29/><G24/><T32/><D32/><U61/><E61/><V109/><F13/><N who="3" m="5279" /><G68/><T108/><D108/><U96/><E25/><V1/><F109/><W107/><G71/><T132/><D132/><U40/><E40/><V85/><F1/><W62/><G62/><T91/><D76/><U82/><E69/><V4/><F5/><W50/><G107/><T56/><D56/><U35/><E57/><V18/><F4/><W16/><G50/><T15/><D26/><U75/><E66/><V12/><F12/><W113/><G78/><T110/><D110/><RYUUKYOKU ba="0,0" sc="213,30,390,-10,197,-10,200,-10" hai0="15,21,80,86,91,129,130" /><INIT seed="3,1,0,1,5,15" ten="243,380,187,190" oya="3" hai0="71,101,23,128,94,54,41,100,63,4,104,132,10" hai1="58,64,22,46,34,92,89,48,1,60,127,107,29" hai2="88,87,25,21,17,24,55,81,35,110,117,3,12" hai3="91,134,121,80,8,103,67,33,130,62,119,66,109"/><W102/><G121/><T82/><D104/><U18/><E107/><V27/><F117/><W28/><G119/><T6/><D128/><U122/><E1/><V85/><F3/><W129/><G134/><T9/><D41/><N who="1" m="24655" /><E34/><V105/><F105/><W36/><G36/><T84/><D132/><U112/><E127/><V43/><F43/><W45/><G67/><T99/><D100/><U30/><E112/><V120/><F120/><W77/><G91/><T61/><D54/><U74/><E74/><V44/><F110/><W47/><G8/><T20/><D71/><U90/><E90/><N who="2" m="51503" /><F35/><W40/><G109/><T114/><D114/><U16/><E122/><V69/><F69/><W38/><G47/><T133/><D133/><U13/><E18/><N who="2" m="10439" /><F55/><W68/><G28/><T52/><D4/><U42/><E42/><V19/><F44/><W32/><G103/><T115/><D115/><U116/><E116/><V78/><F78/><W0/><G102/><T98/><D6/><U65/><E64/><V72/><F72/><N who="3" m="43047" /><G0/><T83/><D101/><U118/><E118/><V106/><F106/><W56/><G68/><T70/><D70/><U7/><E7/><V95/><AGARI ba="1,0" hai="17,19,24,25,27,87,88,95" m="10439,51503" machi="95" ten="30,8000,1" yaku="8,1,52,3,54,1" doraHai="15" who="2" fromWho="2" sc="243,-21,380,-21,187,83,190,-41" /><INIT seed="4,0,0,1,3,102" ten="222,359,270,149" oya="0" hai0="38,130,35,4,118,112,132,48,22,52,43,128,82" hai1="47,67,85,105,25,60,125,68,106,71,114,24,36" hai2="3,20,70,58,109,69,83,28,123,59,45,42,32" hai3="97,65,13,72,98,88,111,78,14,113,133,96,126"/><T34/><D118/><U122/><E71/><V80/><F123/><W8/><G111/><T9/><D112/><U17/><E122/><V55/><F32/><W41/><G113/><T95/><D132/><U1/><E114/><V0/><F109/><W93/><G133/><T18/><D82/><U92/><E1/><V40/><F20/><W64/><G126/><T120/><D120/><U79/><E125/><V49/><F28/><W107/><G41/><T62/><D62/><U15/><E25/><V94/><F94/><W54/><G72/><T19/><D38/><U51/><E24/><V10/><F49/><W63/><G78/><T57/><D95/><U116/><E116/><V119/><F119/><W2/><G2/><T6/><D43/><U110/><E36/><V104/><F45/><W21/><G107/><T101/><D101/><U56/><E68/><V31/><F31/><W103/><G103/><T75/><D75/><U74/><E74/><V30/><F30/><W77/><G77/><T53/><D9/><N who="1" m="6383" /><E106/><V84/><F104/><W129/><G129/><N who="0" m="49771" /><D53/><N who="1" m="29951" /><E110/><V86/><F55/><W117/><G117/><T66/><D66/><U37/><E37/><V50/><F50/><W100/><G54/><T134/><D134/><U108/><E108/><V81/><F80/><W7/><G65/><T99/><D35/><U124/><E105/><V27/><F27/><W89/><G100/><T76/><D34/><U127/><E92/><V91/><F10/><W33/><G33/><T90/><D22/><U73/><E73/><V87/><F84/><W23/><G93/><N who="0" m="56759" /><D76/><U44/><E44/><RYUUKYOKU ba="0,0" sc="222,10,359,10,270,10,149,-30" hai0="4,6,18,19,48,52,57" hai1="56,60,67,79,85,124,127" hai2="0,3,40,42,58,59,69,70,81,83,86,87,91" /><INIT seed="4,1,0,4,0,1" ten="232,369,280,119" oya="0" hai0="16,94,133,103,0,60,101,44,122,93,45,69,46" hai1="28,22,19,42,37,70,95,126,2,35,116,72,34" hai2="119,86,92,91,7,75,52,8,100,131,3,111,39" hai3="54,125,105,85,43,40,67,48,82,71,135,118,89"/><T66/><D122/><U21/><E116/><V12/><F111/><W97/><G118/><T36/><D36/><U123/><E70/><V114/><F119/><W110/><G110/><T62/><D0/><U130/><E72/><V109/><F39/><W115/><G115/><T20/><D133/><U13/><E123/><V58/><F109/><W87/><G135/><T14/><REACH who="0" step="1"/><D62/><REACH who="0" ten="222,369,280,119" step="2"/><U98/><E2/><V17/><F114/><W79/><G125/><T76/><D76/><U11/><E37/><V53/><F131/><W26/><G79/><T50/><D50/><U81/><E130/><V64/><F75/><W124/><G48/><T51/><D51/><U127/><E127/><V32/><F3/><W129/><G124/><T84/><D84/><U4/><E126/><V59/><F32/><W117/><G87/><T23/><D23/><U38/><E22/><V102/><F64/><W56/><G67/><T9/><D9/><U68/><E35/><V78/><F78/><W128/><G128/><T80/><D80/><U24/><E81/><V6/><F100/><AGARI ba="1,1" hai="14,16,20,44,45,46,60,66,69,93,94,100,101,103" machi="100" ten="40,7700,0" yaku="1,1,54,1,53,1" doraHai="1" doraHaiUra="10" who="0" fromWho="2" sc="222,90,369,0,280,-80,119,0" /><INIT seed="4,2,0,2,1,9" ten="312,369,200,119" oya="0" hai0="121,72,126,14,99,12,52,119,68,59,106,39,54" hai1="11,44,76,125,71,83,7,60,33,75,102,113,5" hai2="110,82,90,18,25,103,2,108,69,15,38,26,88" hai3="61,57,91,133,17,109,66,45,95,93,46,134,40"/><T47/><D121/><U86/><E33/><V58/><F2/><W3/><G3/><T23/><D119/><U107/><E125/><V63/><F69/><W78/><G109/><T49/><D72/><U85/><E113/><V80/><F38/><W117/><G117/><T116/><D116/><U43/><E107/><V115/><F115/><W56/><G78/><T123/><D123/><U6/><E102/><V29/><F103/><W73/><G73/><T30/><D68/><U104/><E104/><V27/><F108/><W87/><G134/><T94/><D106/><U41/><E41/><V50/><F50/><W51/><G133/><T105/><D105/><U100/><E100/><V32/><F110/><W19/><G57/><T84/><D84/><U13/><E85/><V21/><F29/><W112/><G112/><T79/><D79/><U89/><E60/><V64/><F32/><W74/><G74/><T122/><D126/><U135/><E135/><V111/><REACH who="2" step="1"/><F111/><REACH who="2" ten="312,369,190,119" step="2"/><W129/><G129/><T114/><D114/><U4/><E71/><V24/><N who="2" m="6144" /><DORA hai="130" /><V62/><F62/><W1/><G1/><T97/><D122/><U22/><E43/><V101/><F101/><W53/><REACH who="3" step="1"/><G95/><REACH who="3" ten="312,369,190,109" step="2"/><T98/><D94/><U96/><E83/><AGARI ba="2,2" hai="15,18,21,58,63,64,80,82,83,88,90" m="6144" machi="83" ten="50,8000,1" yaku="1,1,8,1,52,1,54,1,53,1" doraHai="9,130" doraHaiUra="10,42" who="2" fromWho="1" sc="312,0,369,-86,190,106,109,0" /><INIT seed="5,0,0,0,2,27" ten="312,283,296,109" oya="1" hai0="48,51,112,39,81,76,25,52,97,92,18,59,9" hai1="29,122,40,37,110,11,118,56,24,105,106,10,33" hai2="125,7,116,75,91,79,113,53,109,88,35,129,60" hai3="85,98,46,87,119,20,95,93,54,2,66,99,14"/><U69/><E122/><V84/><F116/><W62/><G2/><T38/><D112/><U71/><E118/><V21/><F35/><W47/><G119/><T32/><D48/><U123/><E123/><V131/><F113/><W101/><G54/><T111/><D111/><U70/><E56/><N who="2" m="34831" /><F7/><W22/><G62/><T86/><D9/><U124/><E124/><V133/><F125/><W94/><G101/><T30/><REACH who="0" step="1"/><D18/><REACH who="0" ten="302,283,296,109" step="2"/><U72/><E110/><V23/><F109/><W114/><G114/><T102/><AGARI ba="0,1" hai="25,30,32,38,39,51,52,59,76,81,86,92,97,102" machi="102" ten="20,12000,2" yaku="1,1,2,1,0,1,7,1,52,1,54,1,53,1" doraHai="27" doraHaiUra="31" who="0" fromWho="0" sc="302,130,283,-60,296,-30,109,-30" /><INIT seed="6,0,0,4,1,119" ten="432,223,266,79" oya="2" hai0="116,73,87,113,47,72,2,95,41,18,76,121,125" hai1="89,48,82,84,25,132,11,66,90,70,74,102,13" hai2="64,61,51,117,77,107,114,4,93,100,16,115,79" hai3="26,101,127,59,34,28,69,45,44,0,52,17,110"/><V32/><F32/><W9/><G110/><T63/><D2/><U108/><E108/><V12/><F117/><W62/><G127/><T55/><D125/><U19/><E74/><V37/><F4/><W112/><G112/><N who="2" m="43049" /><F107/><W20/><G101/><T65/><D55/><U3/><E3/><V50/><F37/><W130/><G130/><T24/><D113/><U109/><E132/><V22/><F100/><W54/><G69/><T31/><D18/><U105/><E25/><V10/><F93/><W53/><G53/><T42/><D95/><U106/><E102/><V30/><F30/><W1/><G1/><T98/><D31/><U49/><E109/><V56/><F10/><W6/><REACH who="3" step="1"/><G54/><REACH who="3" ten="432,223,266,69" step="2"/><T78/><D116/><U88/><E70/><V7/><F7/><W58/><G58/><T134/><D42/><U97/><E106/><V5/><F5/><W111/><G111/><T68/><D41/><U103/><REACH who="1" step="1"/><E66/><REACH who="1" ten="432,213,266,69" step="2"/><V60/><F64/><W99/><G99/><T46/><D98/><U8/><E8/><V36/><F22/><W35/><G35/><T94/><D65/><U120/><E120/><V83/><F56/><W131/><G131/><T21/><D68/><U133/><E133/><V15/><F15/><AGARI ba="0,2" hai="0,6,9,15,17,20,26,28,34,44,45,52,59,62" machi="15" ten="30,12000,2" yaku="1,1,7,1,24,2,54,1,53,2" doraHai="119" doraHaiUra="43" who="3" fromWho="2" sc="432,0,213,0,266,-120,69,140" /><INIT seed="7,0,0,0,2,56" ten="432,213,146,209" oya="3" hai0="26,105,10,54,131,104,91,20,124,98,11,118,35" hai1="18,13,25,71,16,127,94,12,78,125,74,41,42" hai2="97,132,72,32,102,40,113,57,39,82,111,15,129" hai3="49,107,21,77,52,116,99,48,33,62,67,17,65"/><W103/><G33/><T90/><D35/><U81/><E71/><V8/><F111/><W19/><G116/><T61/><D124/><N who="1" m="47691" /><E94/><V43/><F113/><W112/><G112/><T60/><D11/><N who="1" m="6207" /><E25/><V85/><F32/><W115/><G115/><T119/><D90/><U114/><E114/><V47/><F129/><W55/><G77/><T135/><D60/><U109/><E109/><V87/><F40/><W44/><G21/><AGARI ba="0,0" hai="12,18,21,41,42,74,78,81" m="6207,47691" machi="21" ten="30,2000,0" yaku="18,1,54,1" doraHai="56" who="1" fromWho="3" sc="432,0,213,20,146,0,209,-20" owari="432,53.0,233,3.0,146,-35.0,189,-21.0" /></mjloggm>