<mjloggm ver="2.3"><GO type="169" lobby="0"/><UN n0="%67%6F%69%73%75%62%61%69" n1="%6D%75%6B%69%74%74%69" n2="%E3%82%A6%E3%83%AB%E3%83%88%E3%83%A9%E7%AB%8B%E7%9B%B4" n3="%7A%65%52%6F" dan="16,17,17,17" rate="2121.07,2155.10,2114.30,2233.16" sx="M,M,M,M"/><TAIKYOKU oya="0"/><INIT seed="0,0,0,3,0,43" ten="250,250,250,250" oya="0" hai0="25,36,50,75,37,77,114,80,42,63,45,8,21" hai1="100,15,60,87,16,124,81,61,91,73,119,78,11" hai2="52,20,2,89,133,19,109,55,105,70,74,54,33" hai3="29,94,59,3,84,7,48,27,31,83,112,40,123"/><T104/><D114/><U10/><E119/><V57/><F70/><W107/><G107/><T72/><D104/><U121/><E121/><V82/><F33/><W130/><G123/><T35/><D35/><U93/><E124/><V99/><F2/><W38/><G38/><T22/><D72/><U127/><E127/><V125/><F125/><W46/><G112/><T18/><D8/><U98/><REACH who="1" step="1"/><E11/><REACH who="1" ten="250,240,250,250" step="2"/><V64/><F109/><W66/><G130/><T108/><D108/><U1/><E1/><V97/><F133/><W6/><G3/><T41/><D41/><U12/><E12/><V102/><F64/><W76/><G66/><T14/><REACH who="0" step="1"/><D63/><REACH who="0" ten="240,240,250,250" step="2"/><U9/><E9/><V129/><F129/><W51/><G40/><T30/><AGARI ba="0,2" hai="14,18,21,22,25,30,36,37,42,45,50,75,77,80" machi="30" ten="20,12000,1" yaku="1,1,2,1,0,1,7,1,52,1,53,0" doraHai="43" doraHaiUra="53" who="0" fromWho="0" sc="240,140,240,-40,250,-40,250,-40" /><INIT seed="0,1,0,2,2,72" ten="380,200,210,210" oya="0" hai0="78,60,18,32,103,82,28,17,39,21,104,133,25" hai1="16,132,38,128,2,113,59,97,119,66,36,93,48" hai2="42,65,37,61,92,31,94,127,13,105,102,8,91" hai3="4,5,43,134,90,68,109,96,15,129,76,110,126"/><T22/><D133/><U74/><E119/><V10/><F127/><W83/><G68/><T95/><D39/><U130/><E2/><V123/><F123/><W86/><G43/><T79/><D104/><U41/><E132/><V26/><F42/><W30/><G134/><T69/><D32/><U23/><E74/><V1/><F37/><W84/><G126/><T57/><D69/><U14/><E113/><V33/><F1/><W116/><G116/><T81/><D103/><U80/><E80/><N who="0" m="30825" /><D95/><U108/><E108/><V89/><F94/><W124/><G124/><T7/><D7/><U125/><E125/><V54/><F54/><W118/><G118/><T20/><D20/><U44/><E66/><V100/><F10/><W56/><G5/><T131/><D131/><N who="1" m="50219" /><E59/><V85/><F91/><AGARI ba="1,0" hai="14,16,23,36,38,41,44,48,91,93,97" m="50219" machi="91" ten="30,2000,0" yaku="19,1,54,1" doraHai="72" who="1" fromWho="2" sc="380,0,200,23,210,-23,210,0" /><INIT seed="1,0,0,5,1,97" ten="380,223,187,210" oya="1" hai0="124,52,106,21,80,109,2,36,22,134,118,19,98" hai1="70,60,68,93,14,39,25,57,133,120,8,121,94" hai2="3,127,38,31,107,10,119,9,128,114,92,105,73" hai3="65,27,33,113,85,75,130,34,84,6,7,12,72"/><U59/><E39/><V48/><F48/><W43/><G65/><T28/><D118/><U129/><E25/><V89/><F31/><W17/><G113/><T100/><D36/><U4/><E129/><V49/><F49/><W78/><G43/><T23/><D2/><U51/><E133/><V30/><F30/><W1/><G1/><T62/><D109/><U88/><E51/><V103/><F10/><W54/><G54/><T63/><D124/><U55/><E59/><V69/><F9/><W81/><G130/><T123/><D123/><U53/><E53/><V117/><F89/><W122/><G122/><T42/><D42/><U79/><E79/><V41/><F92/><W5/><G75/><T58/><D134/><U82/><E121/><V132/><F103/><W15/><G27/><T104/><D104/><U13/><E120/><V90/><F41/><W61/><G61/><T50/><D28/><U46/><E46/><V77/><F38/><W111/><G111/><T71/><D71/><U95/><REACH who="1" step="1"/><E14/><REACH who="1" ten="380,213,187,210" step="2"/><V32/><F128/><W115/><G15/><T16/><D50/><U67/><E67/><V99/><F132/><W108/><G108/><T91/><D63/><U96/><E96/><V0/><F99/><W66/><G66/><T102/><D102/><U135/><E135/><V56/><F119/><W11/><G115/><T44/><D44/><U18/><E18/><V86/><F117/><W20/><G17/><T37/><D37/><U131/><E131/><V47/><F0/><W87/><G5/><T45/><D45/><U125/><E125/><V24/><F127/><RYUUKYOKU ba="0,1" sc="380,15,213,15,187,-15,210,-15" hai0="16,19,21,22,23,52,58,62,80,91,98,100,106" hai1="4,8,13,55,57,60,68,70,82,88,93,94,95" /><INIT seed="1,1,1,5,1,97" ten="395,228,172,195" oya="1" hai0="124,67,45,40,24,11,112,86,113,42,125,77,16" hai1="84,35,65,110,78,10,26,120,119,7,108,104,68" hai2="83,134,98,21,58,31,19,99,23,129,116,62,66" hai3="89,13,85,52,118,55,4,53,32,22,131,63,88"/><U51/><E119/><V57/><F116/><W46/><G32/><T44/><D67/><U80/><E120/><V126/><F129/><W56/><G118/><T36/><D77/><U70/><E104/><V82/><F126/><N who="0" m="48746" /><D86/><U48/><E35/><V103/><F134/><W72/><G72/><T101/><D101/><U43/><E26/><V64/><F31/><W59/><G131/><T2/><D2/><N who="1" m="375" /><E65/><V8/><F8/><N who="3" m="4231" /><G22/><N who="0" m="13383" /><D11/><U130/><E130/><V121/><F121/><W27/><G27/><T117/><D117/><U3/><E3/><V79/><F79/><W74/><G74/><T60/><D60/><U1/><E1/><V115/><F62/><N who="3" m="36103" /><G85/><T122/><D122/><U102/><E102/><V30/><F30/><W91/><G46/><T114/><D114/><U41/><E70/><V123/><F123/><W54/><AGARI ba="1,1" hai="53,54,55,59,63,88,89,91" m="36103,4231" machi="54" ten="30,4000,0" yaku="8,1,54,2" doraHai="97" who="3" fromWho="3" sc="395,-11,228,-21,172,-11,195,53" /><INIT seed="2,0,0,1,2,124" ten="384,207,161,248" oya="2" hai0="78,22,123,84,43,40,81,36,96,52,86,109,59" hai1="38,133,51,98,119,32,62,4,57,1,11,29,41" hai2="87,60,5,82,33,104,94,17,68,28,26,13,46" hai3="126,10,9,75,100,113,42,107,67,39,92,115,132"/><V93/><F104/><W49/><G39/><T102/><D123/><U134/><E119/><V53/><F5/><W34/><G107/><T105/><D109/><U69/><E38/><V90/><F68/><W89/><G100/><T3/><D3/><U66/><E98/><V76/><F60/><W111/><G75/><T55/><D36/><U18/><E18/><V54/><F46/><N who="3" m="25815" /><G34/><T63/><D22/><U122/><E122/><V27/><F27/><W47/><G111/><T0/><D0/><U16/><E29/><V48/><F48/><W129/><G126/><T103/><D103/><U106/><E32/><V85/><REACH who="2" step="1"/><F94/><REACH who="2" ten="384,207,151,248" step="2"/><W101/><G47/><T7/><D7/><U77/><E106/><V121/><F121/><W127/><G92/><T79/><D55/><U128/><E69/><V99/><F99/><W37/><G37/><T95/><D105/><U31/><E62/><V88/><F88/><W80/><G89/><T130/><D63/><U15/><E4/><V114/><F114/><W65/><G115/><T64/><D95/><U125/><E51/><V91/><F91/><W131/><G113/><T108/><D96/><U83/><E125/><V35/><F35/><W116/><G127/><T14/><D102/><U45/><E45/><V21/><AGARI ba="0,1" hai="13,17,21,26,28,33,53,54,76,82,85,87,90,93" machi="21" ten="20,3900,0" yaku="1,1,0,1,7,1,53,0" doraHai="124" doraHaiUra="2" who="2" fromWho="2" sc="384,-13,207,-13,151,49,248,-13" /><INIT seed="2,1,0,3,5,8" ten="371,194,200,235" oya="2" hai0="51,23,81,85,122,57,100,92,61,64,54,38,71" hai1="19,120,65,129,35,36,24,31,88,134,87,83,3" hai2="40,98,46,43,66,78,75,107,124,11,102,42,121" hai3="133,63,18,7,49,17,115,103,79,111,131,110,101"/><V96/><F121/><W5/><G115/><T127/><D122/><U125/><E120/><V32/><F32/><W123/><G123/><T16/><D127/><U0/><E125/><V60/><F124/><W20/><G131/><T93/><D38/><U72/><E129/><V70/><F75/><W128/><G128/><T9/><D9/><U108/><E108/><V104/><F78/><W1/><G79/><T25/><REACH who="0" step="1"/><D100/><REACH who="0" ten="361,194,200,235" step="2"/><U67/><E36/><V15/><F98/><W99/><G99/><T29/><D29/><U69/><E31/><V86/><F86/><W4/><G103/><T6/><D6/><U58/><E87/><V47/><REACH who="2" step="1"/><F107/><REACH who="2" ten="361,194,190,235" step="2"/><W10/><G111/><T135/><D135/><U106/><E134/><V77/><F77/><AGARI ba="1,2" hai="16,23,25,51,54,57,61,64,71,77,81,85,92,93" machi="77" ten="30,3900,0" yaku="1,1,7,1,54,1,53,0" doraHai="8" doraHaiUra="28" who="0" fromWho="2" sc="361,62,194,0,190,-42,235,0" /><INIT seed="3,0,0,1,4,69" ten="423,194,148,235" oya="3" hai0="89,127,21,123,12,32,119,121,50,82,11,47,49" hai1="131,58,86,39,34,15,92,124,108,95,81,112,84" hai2="113,70,61,48,60,10,23,20,96,31,76,104,67" hai3="128,65,134,114,9,3,94,27,125,16,93,29,106"/><W17/><G106/><T78/><D32/><U132/><E34/><V18/><F113/><W107/><G107/><T40/><D119/><U77/><E58/><V24/><F76/><W68/><G114/><T91/><D127/><U43/><E112/><V2/><F48/><W55/><G125/><T101/><D101/><U13/><E124/><V28/><F61/><W62/><G128/><T111/><D111/><U54/><E108/><V110/><F110/><W90/><G134/><T117/><D117/><U99/><E132/><V57/><F57/><W129/><G129/><T46/><D21/><U80/><E131/><V109/><F109/><W35/><G55/><T56/><D56/><U88/><E54/><V14/><F2/><W8/><G93/><T4/><D123/><U0/><E0/><V83/><F83/><W97/><REACH who="3" step="1"/><G8/><REACH who="3" ten="423,194,148,225" step="2"/><T122/><D122/><U59/><E95/><V98/><F104/><W103/><G103/><T133/><D133/><U116/><E116/><V66/><F66/><W36/><G36/><T6/><D121/><U38/><E38/><V5/><F31/><W130/><G130/><T19/><D11/><U75/><E39/><V105/><F105/><W42/><G42/><T120/><D40/><U87/><E43/><V102/><F102/><W52/><G52/><T74/><D120/><U53/><REACH who="1" step="1"/><E81/><REACH who="1" ten="423,184,148,225" step="2"/><V126/><F126/><W7/><AGARI ba="0,2" hai="3,7,9,16,17,27,29,35,62,65,68,90,94,97" machi="7" ten="30,11700,0" yaku="1,1,0,1,54,1,53,1" doraHai="69" doraHaiUra="33" who="3" fromWho="3" sc="423,-39,184,-39,148,-39,225,137" /><INIT seed="3,1,0,2,1,104" ten="384,145,109,362" oya="3" hai0="36,10,127,109,95,106,23,46,94,50,112,48,7" hai1="74,133,77,128,130,120,1,129,33,15,124,126,61" hai2="20,18,134,116,32,47,49,51,132,80,12,79,2" hai3="39,3,45,21,100,29,42,88,59,131,58,119,44"/><W8/><G119/><T98/><D109/><U5/><E33/><V16/><F116/><W108/><G131/><T22/><D127/><N who="1" m="48683" /><E120/><V56/><F2/><W111/><G100/><T73/><D112/><U114/><E114/><V54/><F18/><W115/><G115/><T65/><D65/><U121/><E121/><V76/><F32/><W117/><G117/><T135/><D135/><U41/><E1/><V17/><F17/><W27/><G44/><T24/><D73/><U118/><E118/><V69/><F69/><W63/><G88/><T31/><D36/><U14/><E41/><V99/><F99/><W34/><G34/><T92/><D23/><U96/><E96/><V83/><F79/><W122/><G122/><T70/><D70/><U113/><E113/><V66/><F66/><W30/><G30/><T90/><D106/><U107/><E107/><V11/><F20/><W67/><G59/><T78/><D78/><U87/><E87/><V89/><F89/><W28/><G28/><T57/><D57/><U26/><E26/><V101/><F101/><W85/><G85/><T37/><D37/><U103/><E103/><V53/><REACH who="2" step="1"/><F80/><REACH who="2" ten="384,145,99,362" step="2"/><W102/><G102/><T25/><D98/><U9/><E133/><V84/><AGARI ba="1,1" hai="11,12,16,47,49,51,53,54,56,76,83,84,132,134" machi="84" ten="30,8000,1" yaku="1,1,2,1,0,1,54,1,53,1" doraHai="104" doraHaiUra="4" who="2" fromWho="2" sc="384,-21,145,-21,99,93,362,-41" /><INIT seed="4,0,0,3,5,90" ten="363,124,192,321" oya="0" hai0="75,95,56,117,130,37,132,122,84,22,29,105,8" hai1="58,43,88,24,134,19,116,112,118,9,128,10,71" hai2="67,33,99,1,41,129,11,21,96,69,121,63,124" hai3="106,74,61,39,0,92,133,28,77,94,115,31,78"/><T57/><D105/><U64/><E71/><V15/><F121/><W34/><G106/><T70/><D75/><U38/><E128/><V85/><F129/><W123/><G0/><T51/><D130/><U52/><E134/><V36/><F124/><W62/><G39/><T26/><D70/><U18/><E64/><V60/><F33/><W54/><G34/><T119/><D132/><U108/><E108/><V103/><F1/><W44/><G133/><T80/><D37/><U40/><E112/><V53/><F21/><W104/><G104/><T50/><D122/><U47/><E43/><V82/><F41/><W97/><G74/><T2/><D2/><U83/><E118/><V65/><F53/><W131/><G131/><T7/><D7/><U46/><E46/><V101/><F36/><W42/><G42/><T87/><D8/><U86/><E116/><V25/><F25/><W45/><G97/><T111/><D111/><U127/><E127/><V76/><F99/><W13/><G54/><T79/><D119/><U126/><E126/><V5/><REACH who="2" step="1"/><F96/><REACH who="2" ten="363,124,182,321" step="2"/><W20/><G20/><T68/><D117/><U109/><E109/><V91/><F91/><W14/><G123/><T4/><D22/><U27/><E27/><V59/><AGARI ba="0,1" hai="5,11,15,59,60,63,65,67,69,76,82,85,101,103" machi="59" ten="20,2700,0" yaku="1,1,0,1,7,1,53,0" doraHai="90" doraHaiUra="135" who="2" fromWho="2" sc="363,-13,124,-7,182,37,321,-7" /><INIT seed="5,0,0,1,3,69" ten="350,117,219,314" oya="1" hai0="94,70,132,112,89,130,51,82,125,48,18,55,59" hai1="75,8,20,22,131,11,126,3,64,102,123,88,106" hai2="121,100,83,52,72,41,10,2,39,87,122,38,9" hai3="50,6,25,23,118,128,120,80,44,107,60,113,32"/><U119/><E123/><N who="2" m="47115" /><F87/><W135/><G120/><T76/><D70/><U19/><E119/><V90/><F90/><W117/><G107/><T78/><D112/><U97/><E75/><V116/><F10/><W54/><G113/><T91/><D125/><U73/><E73/><V93/><F52/><W68/><G32/><T30/><D130/><U110/><E131/><V114/><F41/><W134/><G6/><T26/><D132/><N who="3" m="50729" /><G80/><T47/><D18/><U7/><E126/><V81/><F81/><W74/><G74/><T111/><D111/><U37/><E110/><V46/><F93/><W45/><G45/><T28/><D82/><U92/><E64/><V58/><F46/><W12/><G12/><T98/><D91/><U66/><E66/><V15/><F58/><N who="3" m="34903" /><G68/><T42/><D30/><U127/><E127/><V29/><F15/><W103/><G103/><T129/><D129/><U27/><E11/><V96/><F29/><N who="3" m="17599" /><G128/><T109/><D109/><U1/><E22/><AGARI ba="0,0" hai="22,26,28,42,47,48,51,55,59,76,78,89,94,98" machi="22" ten="30,2000,0" yaku="7,1,8,1" doraHai="69" who="0" fromWho="1" sc="350,20,117,-20,219,0,314,0" /><INIT seed="6,0,0,0,4,41" ten="370,97,219,314" oya="2" hai0="59,87,40,82,44,84,110,85,45,104,6,111,81" hai1="2,83,119,92,49,10,9,42,63,33,98,133,134" hai2="129,66,7,106,131,123,101,37,113,109,78,130,114" hai3="22,29,112,48,79,1,15,25,36,128,57,64,127"/><V69/><F7/><W14/><G36/><T12/><D104/><U0/><E33/><V118/><F37/><W105/><G1/><N who="1" m="618" /><E119/><V62/><F78/><W61/><G105/><T47/><D40/><U54/><E42/><V17/><F17/><W120/><G120/><T71/><D71/><U65/><E83/><V70/><F101/><W68/><G127/><T77/><D59/><N who="1" m="37119" /><E92/><V27/><F27/><W26/><G128/><T46/><N who="0" m="11264" /><DORA hai="122" /><T80/><D77/><U93/><E49/><V86/><F86/><W132/><G132/><N who="1" m="50794" /><E54/><V5/><F106/><W58/><G48/><T21/><D21/><U20/><E20/><V38/><F38/><W115/><G25/><T117/><D117/><U16/><E16/><V31/><F5/><W24/><G24/><T124/><D124/><U56/><E56/><N who="3" m="21610" /><G79/><T3/><D3/><U102/><AGARI ba="0,0" hai="9,10,93,98,102" m="50794,37119,618" machi="102" ten="30,1100,0" yaku="20,1" doraHai="41,122" who="1" fromWho="1" sc="370,-3,97,11,219,-5,314,-3" /><INIT seed="7,0,0,1,2,33" ten="367,108,214,311" oya="3" hai0="108,96,76,25,126,106,26,109,31,78,27,13,66" hai1="17,77,134,124,14,54,70,3,57,104,74,101,40" hai2="71,65,116,48,99,44,47,45,133,117,90,82,107" hai3="84,32,85,35,59,15,36,4,72,89,37,127,91"/><W100/><G72/><T62/><D126/><U30/><E124/><V60/><F107/><W79/><G79/><T132/><D132/><U53/><E134/><V42/><F133/><W105/><G127/><T69/><D13/><U129/><E129/><V125/><F125/><W56/><G100/><N who="0" m="62727" /><D25/><U97/><E70/><V122/><F99/><W112/><G105/><T103/><D26/><U2/><E30/><V19/><F82/><W87/><G15/><T38/><D103/><U6/><E6/><V86/><F86/><W46/><G4/><T111/><D38/><N who="3" m="14953" /><G46/><T121/><D121/><U34/><E34/><AGARI ba="0,0" hai="27,31,34,62,66,69,76,78,108,109,111" m="62727" machi="34" ten="30,1000,0" yaku="25,1" doraHai="33" who="0" fromWho="1" sc="367,10,108,-10,214,0,311,0" owari="377,48.0,98,-40.0,214,-19.0,311,11.0" /></mjloggm>