<mjloggm ver="2.3"><GO type="41" lobby="0"/><UN n0="%6D%69%6E%61%68%65%6B%69" n1="%E5%AE%8C%E5%85%A8%E7%84%A1%E6%95%B5%E5%B0%91%E5%A5%B3%45%58" n2="%E5%83%95%E3%82%89%E3%81%AE%E5%91%B3%E6%96%B9%E3%82%BE%E3%83%B3%E3%83%93" n3="%E5%B0%B1%E6%B4%BB%E7%94%9F%40%E5%B7%9D%E6%9D%91%E8%BB%8D%E5%9B%A3" dan="15,15,14,17" rate="1879.80,2002.37,1913.92,2194.78" sx="M,M,F,M"/><TAIKYOKU oya="0"/><INIT seed="0,0,0,2,4,22" ten="250,250,250,250" oya="0" hai0="8,74,53,98,113,41,46,102,119,20,9,34,127" hai1="10,12,32,25,40,75,37,7,60,30,26,48,21" hai2="52,58,45,109,11,43,84,42,77,72,135,106,111" hai3="14,71,103,73,13,51,49,120,6,19,64,66,97"/><T55/><D113/><U88/><E75/><V23/><F72/><W128/><G73/><T38/><D119/><U0/><E37/><V124/><F106/><W31/><G128/><T123/><D123/><U105/><E105/><V129/><F129/><W39/><G39/><T108/><D34/><U65/><E40/><N who="2" m="15403" /><F45/><W28/><G71/><T126/><D74/><U86/><E48/><N who="3" m="18506" /><G120/><T85/><D85/><U100/><E100/><V82/><F135/><W83/><G83/><T92/><D20/><U118/><E118/><V117/><F117/><W24/><G97/><T101/><D108/><N who="2" m="41546" /><F23/><N who="3" m="13439" /><G103/><T121/><D102/><U50/><E50/><N who="2" m="30999" /><F11/><N who="0" m="4170" /><D121/><U130/><E130/><V3/><F3/><W131/><G131/><T112/><D112/><U63/><E0/><V87/><F87/><W133/><G133/><T1/><D1/><U81/><REACH who="1" step="1"/><E65/><REACH who="1" ten="250,240,250,250" step="2"/><V17/><F124/><AGARI ba="0,1" hai="38,41,46,53,55,92,98,101,124,126,127" m="4170" machi="124" ten="30,1500,0" yaku="18,1" doraHai="22" who="0" fromWho="2" sc="250,25,240,0,250,-15,250,0" /><INIT seed="0,1,0,3,3,118" ten="275,240,235,250" oya="0" hai0="85,73,99,0,111,116,91,8,77,17,43,69,133" hai1="39,9,19,71,103,37,6,61,12,40,132,51,124" hai2="1,105,117,59,109,108,60,42,106,89,87,18,56" hai3="50,80,129,23,127,31,79,52,98,65,11,3,135"/><T4/><D116/><U15/><E132/><V27/><F117/><W97/><G135/><T113/><D133/><U32/><E32/><V84/><F42/><W30/><G127/><T119/><D119/><U81/><E124/><V2/><F18/><W58/><G129/><T128/><D113/><U46/><E103/><V96/><F89/><W49/><G65/><T44/><D69/><U55/><E81/><V48/><F27/><W21/><G3/><T130/><D111/><U92/><E92/><V101/><F101/><W110/><G110/><T102/><D17/><U123/><E123/><V90/><F90/><W22/><G11/><T76/><D91/><U28/><E28/><N who="3" m="10794" /><G79/><T29/><D85/><U20/><E71/><V134/><F134/><W100/><G80/><N who="0" m="45071" /><D29/><U115/><E115/><V57/><F57/><W83/><G83/><T5/><D5/><U107/><E107/><V86/><F86/><W88/><G100/><T131/><D77/><U13/><E61/><V53/><F60/><N who="3" m="35911" /><G98/><T95/><D43/><U68/><E68/><V82/><F82/><W7/><G7/><T36/><D36/><U126/><E126/><V16/><F53/><W114/><G114/><T10/><D10/><U24/><REACH who="1" step="1"/><E40/><REACH who="1" ten="275,230,235,250" step="2"/><V74/><F105/><W33/><G33/><T94/><D94/><AGARI ba="1,1" hai="21,22,23,49,50,88,94,97" m="35911,10794" machi="94" ten="30,3900,0" yaku="8,1,54,2" doraHai="118" who="3" fromWho="0" sc="275,-42,230,0,235,0,250,52" /><INIT seed="1,0,0,0,4,70" ten="233,230,235,302" oya="1" hai0="68,5,59,22,119,79,31,112,57,6,83,85,97" hai1="67,18,87,130,35,25,16,4,106,39,81,56,108" hai2="48,42,60,101,43,132,121,93,19,7,28,47,128" hai3="49,135,66,102,37,36,96,103,38,54,110,80,104"/><U88/><E106/><V29/><F128/><W82/><G110/><T32/><D119/><U125/><E130/><V92/><F121/><W105/><G135/><T12/><D112/><U75/><E108/><V50/><F132/><W133/><G133/><T72/><D68/><U52/><E75/><V124/><F124/><W62/><G103/><T20/><D32/><U76/><E125/><V46/><F7/><W27/><G105/><T123/><D123/><U109/><E109/><V129/><F129/><W14/><G27/><T91/><D22/><U13/><E39/><V71/><F19/><W122/><G122/><T114/><D97/><U24/><E4/><V40/><F40/><W10/><G62/><T63/><D59/><U134/><E134/><V8/><F8/><W74/><G66/><T23/><D23/><U2/><E2/><V55/><F101/><W17/><REACH who="3" step="1"/><G74/><REACH who="3" ten="233,230,235,292" step="2"/><T98/><D72/><U11/><E67/><V118/><F118/><W126/><G126/><T61/><D61/><N who="1" m="35975" /><E35/><V94/><F71/><W15/><G15/><T21/><D12/><N who="1" m="7199" /><E76/><V117/><F117/><W33/><G33/><T99/><D79/><U41/><E41/><V9/><F43/><W131/><G131/><T45/><D114/><U95/><E81/><V111/><F111/><W107/><G107/><T73/><D83/><U58/><E58/><AGARI ba="0,1" hai="10,14,17,36,37,38,49,54,58,80,82,96,102,104" machi="58" ten="40,8000,1" yaku="1,1,52,3,53,0" doraHai="70" doraHaiUra="34" who="3" fromWho="1" sc="233,0,230,-80,235,0,292,90" /><INIT seed="2,0,0,0,2,121" ten="233,150,235,382" oya="2" hai0="25,14,59,82,133,122,79,71,66,123,129,85,0" hai1="99,102,26,15,40,67,115,89,107,118,65,80,3" hai2="92,76,88,22,72,128,16,2,45,125,51,9,53" hai3="12,100,1,95,52,119,24,111,75,31,49,97,114"/><V7/><F125/><W11/><G75/><T113/><D113/><U33/><E3/><V81/><F128/><W18/><G119/><T63/><D0/><U70/><E115/><V101/><F101/><W38/><G38/><T47/><D129/><U120/><E118/><V50/><F50/><W35/><G114/><T28/><D133/><U134/><E67/><V34/><F34/><W130/><G130/><T27/><D27/><U55/><E134/><V39/><F39/><W117/><G117/><T58/><D58/><U36/><E120/><V90/><REACH who="2" step="1"/><F92/><REACH who="2" ten="233,150,225,382" step="2"/><W124/><G124/><T127/><D127/><U78/><E36/><V132/><F132/><W110/><REACH who="3" step="1"/><G1/><REACH who="3" ten="233,150,225,372" step="2"/><T17/><D123/><U131/><E131/><V30/><F30/><W20/><G20/><T98/><D28/><U68/><E33/><V21/><F21/><W57/><AGARI ba="0,2" hai="11,12,18,24,31,35,49,52,57,95,97,100,110,111" machi="57" ten="30,8000,1" yaku="1,1,0,1,52,2,54,1,53,0" doraHai="121" doraHaiUra="73" who="3" fromWho="3" sc="233,-20,150,-20,225,-40,372,100" /><INIT seed="3,0,0,1,4,55" ten="213,130,185,472" oya="3" hai0="36,13,70,11,92,77,107,69,86,82,66,4,113" hai1="33,95,29,84,28,79,94,65,22,6,110,124,39" hai2="2,61,5,16,53,54,34,15,112,115,58,134,46" hai3="17,97,40,106,90,123,10,3,102,81,83,126,35"/><W19/><G123/><T78/><D107/><U108/><E39/><V1/><F34/><W50/><G35/><T67/><D36/><U60/><E33/><V98/><F134/><W51/><G126/><T48/><D77/><U129/><E124/><V62/><F98/><W37/><G37/><T132/><D132/><U44/><E44/><V101/><F101/><W14/><G3/><T32/><D32/><U71/><E129/><V47/><F5/><W73/><G40/><T96/><D70/><U118/><E118/><V93/><F93/><W63/><G63/><T41/><D69/><U85/><E6/><V72/><F72/><W18/><G73/><T87/><D87/><U64/><E22/><V42/><F42/><W120/><G120/><T20/><D20/><U0/><E71/><V114/><F46/><W27/><G27/><T23/><D23/><U7/><E60/><V76/><F76/><W45/><G45/><N who="0" m="25647" /><D113/><U9/><E7/><V80/><F80/><W75/><G75/><T89/><AGARI ba="0,0" hai="4,11,13,66,67,78,82,86,89,92,96" m="25647" machi="89" ten="30,2000,0" yaku="25,1,8,1" doraHai="55" who="0" fromWho="0" sc="213,20,130,-5,185,-5,472,-10" /><INIT seed="4,0,0,2,2,87" ten="233,125,180,462" oya="0" hai0="132,12,51,61,15,18,93,123,35,81,43,133,134" hai1="74,121,129,131,30,27,17,46,58,52,25,128,8" hai2="94,109,48,122,67,99,19,53,40,13,1,92,89" hai3="82,90,130,125,3,9,49,70,16,97,7,11,115"/><T71/><D123/><U28/><E74/><V65/><F1/><W80/><G70/><T34/><D12/><U64/><E64/><V72/><F72/><W96/><G115/><T42/><D81/><U60/><E46/><V91/><F40/><W108/><G108/><T20/><D93/><U101/><E121/><V88/><F109/><W98/><G125/><T63/><D71/><U85/><E101/><N who="2" m="60647" /><F94/><W32/><G32/><N who="0" m="12331" /><D51/><U126/><E126/><V55/><F122/><W38/><G38/><T37/><D37/><U110/><E110/><V47/><F55/><W104/><G104/><T23/><D23/><AGARI ba="0,0" hai="13,19,23,47,48,53,65,67,88,89,91" m="60647" machi="23" ten="30,8000,1" yaku="8,1,52,3,54,1" doraHai="87" who="2" fromWho="0" sc="233,-80,125,0,180,80,462,0" /><INIT seed="5,0,0,1,0,95" ten="153,125,260,462" oya="1" hai0="120,99,133,96,100,34,125,67,132,116,12,83,36" hai1="134,87,90,84,17,4,5,104,119,7,37,65,3" hai2="26,13,129,82,130,6,115,35,103,53,31,66,38" hai3="29,85,79,123,28,48,94,11,54,45,42,121,135"/><U60/><E119/><V98/><F38/><W20/><G135/><N who="0" m="51787" /><D116/><U59/><E134/><V61/><F53/><W0/><G121/><T56/><D36/><U21/><E37/><V92/><F82/><N who="3" m="47327" /><G123/><T101/><D34/><U18/><E104/><V73/><F73/><W113/><G113/><T112/><D112/><U71/><E3/><V41/><F41/><W127/><G127/><T2/><D2/><U117/><E117/><V109/><F109/><W88/><G0/><T93/><D125/><U70/><E18/><V128/><F115/><W131/><G131/><T39/><D39/><U86/><REACH who="1" step="1"/><E90/><REACH who="1" ten="153,115,260,462" step="2"/><V57/><F6/><W74/><G28/><T110/><D120/><U108/><E108/><V77/><F77/><W69/><G29/><T81/><D110/><U49/><E49/><V62/><F62/><W64/><G48/><T8/><D67/><U9/><E9/><V76/><F76/><W75/><G11/><T106/><D56/><U24/><AGARI ba="0,1" hai="4,5,7,17,21,24,59,60,65,70,71,84,86,87" machi="24" ten="30,3000,0" yaku="1,1,0,1,53,0" doraHai="95" doraHaiUra="114" who="1" fromWho="1" sc="153,-10,115,40,260,-10,462,-10" /><INIT seed="5,1,0,2,3,133" ten="143,155,250,452" oya="1" hai0="104,112,18,13,63,67,9,22,109,108,7,72,4" hai1="38,80,86,17,101,114,25,132,87,134,50,129,94" hai2="10,2,110,83,3,15,126,96,102,120,27,79,51" hai3="71,29,64,37,34,70,95,105,26,122,97,131,90"/><U1/><E38/><V81/><F81/><W35/><G122/><T119/><D119/><U41/><E1/><V99/><F99/><W82/><G37/><T20/><D104/><U100/><E114/><V24/><F110/><W28/><G131/><T31/><D72/><U121/><E121/><V78/><F78/><W5/><G5/><N who="0" m="2123" /><D63/><U75/><E75/><V60/><F60/><W23/><G29/><T36/><D67/><U130/><E41/><V8/><F15/><W6/><G6/><N who="0" m="3255" /><D36/><U85/><E50/><V56/><F51/><W61/><G71/><T117/><D117/><U45/><E45/><V62/><F62/><W32/><G82/><T98/><D98/><U58/><E58/><V52/><F96/><N who="3" m="57463" /><G23/><T16/><D112/><U11/><E80/><V21/><F83/><W30/><G30/><T77/><D77/><U48/><E48/><V19/><F21/><N who="0" m="8298" /><D31/><U40/><E132/><V103/><F56/><W76/><G76/><T55/><D55/><U0/><E134/><V93/><F52/><W66/><G66/><T89/><D89/><U65/><E65/><V128/><F79/><W116/><G116/><T12/><D12/><U53/><E53/><V74/><F74/><W46/><G46/><T42/><D42/><U59/><E40/><V43/><F43/><W33/><G33/><T127/><D127/><U84/><E59/><V113/><F126/><W47/><G47/><T92/><D92/><U54/><E94/><V68/><F113/><W91/><G91/><T135/><D135/><U44/><E54/><V106/><F68/><W14/><G14/><RYUUKYOKU ba="1,0" sc="143,15,155,-15,250,-15,452,15" hai0="16,18,108,109" hai3="26,28,32,34,35,61,64,70,97,105" /><INIT seed="6,2,0,2,0,79" ten="158,140,235,467" oya="2" hai0="95,54,42,107,121,1,39,41,12,5,114,78,80" hai1="33,118,70,126,32,49,36,133,88,8,59,106,96" hai2="7,89,120,94,31,104,73,102,83,85,16,132,77" hai3="4,53,48,3,72,67,135,111,105,127,30,24,62"/><V117/><F7/><W14/><G111/><T0/><D121/><U75/><E36/><V97/><F31/><W69/><G72/><T128/><D107/><U65/><E118/><V81/><F120/><W50/><G105/><T90/><D114/><U45/><E75/><V93/><F16/><W11/><G127/><T40/><D39/><U71/><E126/><V84/><F117/><W27/><G135/><T2/><D128/><U109/><E109/><V129/><F129/><W20/><G3/><T101/><D101/><U103/><E133/><V124/><F124/><W51/><REACH who="3" step="1"/><G24/><REACH who="3" ten="158,140,235,457" step="2"/><T82/><D0/><U43/><E8/><V110/><F132/><W23/><G23/><T29/><D1/><U9/><E9/><V22/><F22/><W64/><G64/><T68/><D2/><U112/><E112/><V25/><F25/><W116/><G116/><T37/><D37/><U38/><E33/><V63/><F110/><W66/><G66/><T108/><D108/><U13/><E32/><V52/><REACH who="2" step="1"/><F73/><REACH who="2" ten="158,140,225,457" step="2"/><W130/><G130/><T125/><D125/><U91/><E13/><V15/><F15/><W113/><G113/><T26/><D12/><U92/><E38/><V21/><F21/><W61/><G61/><T74/><D26/><U131/><E131/><V100/><F100/><W57/><AGARI ba="2,2" hai="4,11,14,20,27,30,48,50,51,53,57,62,67,69" machi="57" ten="20,2700,0" yaku="1,1,0,1,7,1,53,0" doraHai="79" doraHaiUra="99" who="3" fromWho="3" sc="158,-9,140,-9,225,-15,457,53" /><INIT seed="7,0,0,5,0,21" ten="149,131,210,510" oya="3" hai0="85,55,48,98,84,12,26,43,6,61,60,40,100" hai1="124,1,57,108,47,88,52,5,64,113,17,28,111" hai2="132,118,77,3,38,134,9,94,82,19,86,70,91" hai3="80,97,126,11,101,92,14,24,51,42,4,73,8"/><W93/><G126/><T63/><D26/><U81/><E124/><V95/><F70/><W129/><G129/><T127/><D127/><U130/><E130/><V65/><F65/><W39/><G39/><T106/><D12/><U50/><E113/><V31/><F31/><W79/><G24/><T107/><D107/><U74/><E28/><V83/><F38/><W109/><G109/><T78/><D6/><U115/><E115/><V96/><F3/><W112/><G112/><T102/><D102/><U62/><E17/><V110/><F110/><W36/><G36/><T76/><D85/><U119/><E119/><V133/><F9/><W116/><G116/><T32/><D32/><U128/><E128/><V99/><F19/><W58/><G11/><T104/><D104/><U125/><E125/><V27/><F27/><W23/><G23/><T49/><D49/><U72/><E72/><N who="2" m="43303" /><F118/><W66/><G66/><T56/><REACH who="0" step="1"/><D84/><REACH who="0" ten="139,131,210,510" step="2"/><U29/><E29/><V10/><F10/><W103/><G103/><T33/><D33/><U2/><E5/><V89/><F99/><W120/><G58/><T0/><D0/><U122/><E122/><V30/><F96/><W71/><G71/><T44/><D44/><U25/><E25/><V87/><F87/><W16/><G93/><T18/><D18/><U15/><E2/><V7/><F95/><W123/><G4/><T41/><AGARI ba="0,1" hai="40,41,43,48,55,56,60,61,63,76,78,98,100,106" machi="41" ten="30,4000,0" yaku="1,1,0,1,53,1" doraHai="21" doraHaiUra="45" who="0" fromWho="0" sc="139,50,131,-10,210,-10,510,-20" owari="189,-21.0,121,-38.0,200,0.0,490,59.0" /></mjloggm>