<mjloggm ver="2.3"><GO type="41" lobby="0"/><UN n0="%34%37%37%31%77%77%77" n1="%E5%B0%B1%E6%B4%BB%E7%94%9F%40%E5%B7%9D%E6%9D%91%E8%BB%8D%E5%9B%A3" n2="%E3%81%BE%E3%81%95%E3%81%8A%E3%81%8B%E3%81%9B%E3%81%97%E3%81%84%E3%82%8B" n3="%E3%83%9E%E3%82%B0%E3%83%8B%E3%82%B9" dan="13,16,13,13" rate="1851.79,2113.24,2018.47,1830.90" sx="F,M,M,M"/><TAIKYOKU oya="0"/><INIT seed="0,0,0,0,5,73" ten="250,250,250,250" oya="0" hai0="89,129,4,118,54,71,42,114,41,21,44,11,100" hai1="134,126,57,26,55,60,120,111,83,40,34,78,74" hai2="121,76,3,39,102,65,18,123,93,59,103,9,101" hai3="52,58,2,130,29,64,28,32,51,124,56,88,82"/><T69/><D118/><U22/><E120/><V67/><F39/><W66/><G2/><T122/><D122/><U75/><E126/><V24/><F121/><W92/><G124/><T109/><D114/><U112/><E134/><V131/><F131/><W97/><G130/><T94/><D129/><U6/><E111/><V48/><F123/><W33/><G33/><T87/><D109/><U25/><E112/><V7/><F48/><W35/><G35/><T63/><D42/><U15/><E40/><V110/><F110/><W19/><G32/><T117/><D117/><U104/><E104/><V46/><F46/><W128/><G128/><T84/><D21/><U132/><E132/><V53/><F76/><W49/><G19/><T77/><D84/><U10/><E34/><V96/><F18/><W38/><G38/><T1/><D100/><U14/><E75/><V17/><F17/><W113/><G113/><T12/><D1/><U0/><REACH who="1" step="1"/><E26/><REACH who="1" ten="250,240,250,250" step="2"/><V30/><F24/><W31/><G82/><N who="0" m="47567" /><D41/><U37/><E37/><V116/><F116/><W8/><G8/><T50/><D11/><U133/><E133/><V47/><F9/><W61/><REACH who="3" step="1"/><G64/><REACH who="3" ten="250,240,250,240" step="2"/><N who="0" m="41119" /><D4/><U125/><E125/><V79/><F7/><W115/><G115/><T45/><D71/><U119/><E119/><V81/><F67/><W13/><G13/><T23/><D12/><U105/><E105/><V36/><F65/><W80/><G80/><T107/><D107/><U95/><E95/><V98/><F93/><W91/><G91/><T135/><D135/><U70/><E70/><V127/><F127/><W86/><G86/><RYUUKYOKU ba="0,2" sc="250,-15,240,15,250,-15,240,15" hai1="0,6,10,14,15,22,25,55,57,60,74,78,83" hai3="28,29,31,49,51,52,56,58,61,66,88,92,97" /><INIT seed="1,1,2,1,2,122" ten="235,255,235,255" oya="1" hai0="33,90,68,56,58,20,9,115,28,22,46,96,110" hai1="71,108,54,50,118,97,94,34,40,38,57,62,123" hai2="100,5,2,78,65,105,129,29,77,6,60,49,36" hai3="10,66,41,130,84,102,117,89,7,73,88,26,91"/><U127/><E34/><V120/><F120/><W69/><G73/><T32/><D115/><U3/><E3/><V135/><F36/><W15/><G130/><T45/><D68/><U25/><E123/><V75/><F129/><W48/><G117/><T95/><D33/><U13/><E118/><V30/><F75/><W61/><G102/><T16/><D32/><U11/><E127/><V103/><F2/><W128/><G128/><T8/><D8/><U93/><E25/><V12/><F105/><W37/><G37/><T67/><D110/><U39/><E108/><V124/><F49/><W24/><REACH who="3" step="1"/><G84/><REACH who="3" ten="235,255,235,245" step="2"/><T0/><D0/><U17/><E39/><V1/><F1/><W76/><G76/><T64/><D67/><N who="1" m="41463" /><E97/><V134/><F124/><W83/><G83/><T44/><D64/><U55/><E55/><V42/><F65/><W72/><G72/><T31/><D28/><U132/><E132/><V114/><F114/><W4/><G4/><T27/><REACH who="0" step="1"/><D9/><REACH who="0" ten="225,255,235,245" step="2"/><U133/><E133/><V21/><F135/><W119/><G119/><T112/><D112/><U113/><E113/><V63/><F134/><W106/><G106/><T87/><D87/><U121/><E121/><V43/><F21/><W79/><G79/><T86/><D86/><U82/><E82/><V18/><F18/><W74/><G74/><T53/><D53/><U52/><E54/><V19/><F19/><W35/><G35/><T92/><D92/><U101/><E101/><V81/><REACH who="2" step="1"/><F81/><REACH who="2" ten="225,255,225,245" step="2"/><W14/><G14/><AGARI ba="1,5" hai="14,16,20,22,27,31,44,45,46,56,58,90,95,96" machi="14" ten="40,5200,0" yaku="1,1,8,1,54,1,53,0" doraHai="122" doraHaiUra="125" who="0" fromWho="3" sc="225,105,255,0,225,0,245,-55" /><AGARI ba="1,0" hai="5,6,12,14,29,30,42,43,60,63,77,78,100,103" machi="14" ten="25,8000,1" yaku="1,1,2,1,22,2,8,1,53,0" doraHai="122" doraHaiUra="125" who="2" fromWho="3" sc="330,0,255,0,225,80,190,-80" /><INIT seed="2,0,0,0,1,63" ten="330,255,305,110" oya="2" hai0="2,12,5,99,111,118,65,82,113,18,78,20,58" hai1="128,133,81,42,41,4,0,39,108,96,134,14,91" hai2="129,95,56,60,26,105,30,92,89,33,116,35,52" hai3="127,15,117,55,54,8,47,71,44,49,121,40,43"/><V31/><F105/><W110/><G117/><T85/><D113/><U122/><E0/><V23/><F116/><W22/><G121/><T73/><D118/><U72/><E122/><V93/><F129/><W87/><G110/><T67/><D111/><U100/><E39/><V102/><F102/><W106/><G106/><T101/><D73/><U57/><E108/><V27/><REACH who="2" step="1"/><F89/><REACH who="2" ten="330,255,295,110" step="2"/><W97/><G127/><T13/><D2/><U28/><E100/><V77/><F77/><W125/><G125/><T37/><D101/><U94/><E91/><V1/><F1/><W64/><G15/><T53/><D13/><U84/><E14/><V109/><F109/><W132/><G8/><T131/><D5/><U62/><E4/><V115/><F115/><W112/><G112/><T98/><D131/><U103/><E103/><V83/><F83/><W86/><G22/><AGARI ba="0,1" hai="22,23,26,27,30,31,33,35,52,56,60,92,93,95" machi="22" ten="40,7700,0" yaku="1,1,9,1,54,1,53,0" doraHai="63" doraHaiUra="11" who="2" fromWho="3" sc="330,0,255,0,295,87,110,-77" /><INIT seed="2,1,0,5,2,128" ten="330,255,382,33" oya="2" hai0="74,86,91,15,51,130,116,33,96,119,111,42,1" hai1="32,84,108,62,92,115,12,40,49,26,57,80,79" hai2="54,133,120,97,113,67,132,35,131,112,72,85,70" hai3="11,68,56,47,28,8,89,118,34,123,69,71,107"/><V52/><F35/><W14/><G118/><T16/><D1/><U30/><E108/><V78/><F72/><W22/><G123/><T83/><D111/><U109/><E109/><V6/><F6/><W64/><G107/><T103/><D33/><U125/><E125/><V63/><F97/><W121/><G121/><T31/><D31/><U61/><E115/><N who="2" m="44107" /><F120/><W46/><G34/><T13/><D74/><U122/><E122/><V77/><F85/><W5/><G89/><T100/><D130/><U50/><E62/><V17/><F17/><W43/><G28/><T21/><D13/><U101/><E40/><V53/><F131/><W134/><G5/><T48/><D42/><U135/><E12/><V39/><F39/><W59/><G14/><T55/><D96/><U95/><E95/><V3/><F3/><W2/><G2/><T10/><D10/><U25/><E25/><V44/><F77/><W104/><G104/><T90/><D90/><U117/><E117/><N who="0" m="45129" /><D48/><U98/><E50/><N who="2" m="28743" /><F78/><W82/><G22/><T73/><D73/><U93/><E93/><V41/><F41/><W36/><G82/><T27/><D27/><U81/><E81/><V7/><F7/><W19/><G8/><T60/><D60/><U129/><E49/><V124/><F124/><W99/><G99/><T29/><D29/><U24/><E24/><V65/><F65/><W88/><G11/><T87/><D86/><U66/><E129/><V20/><F20/><W126/><G126/><T4/><D4/><U9/><E9/><V114/><N who="2" m="44115" /><V76/><DORA hai="127" /><F76/><W0/><G0/><RYUUKYOKU ba="1,0" sc="330,10,255,10,382,10,33,-30" hai0="15,16,21,51,55,83,87,91,100,103" hai1="26,30,32,57,61,66,79,80,84,92,98,101,135" hai2="53,54,63,67,70,132,133" /><INIT seed="2,2,0,3,3,6" ten="340,265,392,3" oya="2" hai0="34,123,10,56,111,25,88,58,118,40,134,2,33" hai1="104,55,122,119,131,83,95,114,59,82,71,93,97" hai2="47,54,52,103,35,31,11,65,80,113,26,5,99" hai3="106,36,12,7,127,22,92,87,63,109,84,41,89"/><V78/><F113/><W13/><G106/><T44/><D123/><U102/><E71/><V76/><F65/><W68/><G109/><T107/><D107/><U66/><E119/><V69/><F69/><W0/><G0/><T45/><D111/><U4/><E114/><V67/><F67/><W128/><G128/><T3/><D118/><U17/><E131/><V135/><F135/><W105/><G105/><T43/><D134/><U61/><E122/><V50/><F54/><W30/><G68/><T132/><D132/><U49/><E4/><V75/><F78/><W29/><G36/><T8/><D25/><U23/><E95/><V130/><F130/><W42/><G127/><T57/><D57/><N who="1" m="37167" /><E104/><V37/><F37/><W116/><G116/><T74/><D74/><U77/><E77/><V14/><F99/><N who="3" m="57743" /><G63/><T70/><D70/><U38/><E38/><V91/><REACH who="2" step="1"/><F91/><AGARI ba="2,0" hai="2,3,8,10,33,34,40,43,44,45,56,58,88,91" machi="91" ten="25,8000,1" yaku="22,2,52,2,54,1" doraHai="6" who="0" fromWho="2" sc="340,86,265,0,392,-86,3,0" /><INIT seed="3,0,0,3,1,37" ten="426,265,306,3" oya="3" hai0="104,119,97,114,23,113,121,135,69,66,59,126,51" hai1="124,41,38,0,43,132,105,8,127,116,55,2,78" hai2="130,27,123,91,89,10,117,62,57,101,35,6,68" hai3="24,50,7,93,58,17,77,73,19,95,15,20,11"/><W54/><G73/><T3/><D119/><U40/><E38/><V25/><F117/><W48/><G77/><T88/><D121/><U42/><E116/><V87/><F123/><W120/><G120/><T47/><D3/><U115/><E115/><N who="0" m="44041" /><D126/><N who="1" m="48171" /><E132/><V63/><F68/><W46/><G19/><T81/><D135/><U131/><E131/><V128/><F35/><W18/><G18/><T5/><D69/><U21/><E105/><V107/><F107/><W102/><G102/><N who="0" m="62543" /><D5/><U111/><E111/><V79/><F101/><W29/><G7/><T75/><D66/><U94/><E78/><V45/><F79/><W80/><G80/><T61/><D61/><U85/><E8/><V72/><F72/><W1/><G1/><T83/><D59/><U133/><E133/><V134/><F134/><W82/><G82/><T108/><D108/><U39/><E39/><V112/><F112/><W109/><G109/><T53/><D75/><U64/><E64/><V71/><F71/><W90/><G90/><T34/><D34/><U13/><N who="1" m="10752" /><DORA hai="60" /><U44/><E55/><AGARI ba="0,0" hai="11,15,17,20,24,29,46,48,50,54,55,58,93,95" machi="55" ten="30,2900,0" yaku="7,1,8,1" doraHai="37,60" who="3" fromWho="1" sc="426,0,265,-29,306,0,3,29" /><INIT seed="3,1,0,3,3,42" ten="426,236,306,32" oya="3" hai0="70,12,99,30,18,118,78,124,26,65,46,48,94" hai1="128,51,111,102,74,105,123,33,58,61,57,37,15" hai2="59,50,104,121,113,66,97,34,6,119,84,5,126" hai3="82,1,52,0,106,134,39,22,60,92,16,54,90"/><W114/><G106/><T43/><D118/><U96/><E37/><V79/><F34/><W69/><G114/><T77/><D124/><U88/><E74/><V129/><F126/><W125/><G125/><T53/><D65/><U120/><E111/><V25/><F113/><W8/><G39/><T7/><D7/><U83/><E128/><V73/><F73/><W9/><G134/><T62/><D62/><U67/><E33/><V63/><F129/><W3/><G82/><T40/><D70/><U38/><E38/><V47/><F25/><W10/><G69/><T19/><D19/><U29/><E29/><V71/><F71/><W55/><G60/><T86/><D26/><U108/><E108/><V11/><F119/><W56/><G56/><T75/><D30/><U132/><E132/><V72/><F72/><W21/><G16/><T133/><D75/><U116/><E116/><V130/><F130/><W122/><G122/><T93/><D133/><U117/><E117/><V80/><F121/><W64/><G64/><T110/><D110/><U100/><E58/><V87/><F87/><AGARI ba="1,0" hai="0,1,3,8,9,10,21,22,52,54,55,87,90,92" machi="87" ten="50,9600,0" yaku="29,2,54,1" doraHai="42" who="3" fromWho="2" sc="426,0,236,0,306,-99,32,99" /><INIT seed="3,2,0,0,1,104" ten="426,236,207,131" oya="3" hai0="109,93,52,85,113,40,96,39,70,92,132,100,19" hai1="35,123,131,130,125,119,30,51,54,86,55,64,122" hai2="115,135,14,78,73,95,16,42,60,88,65,87,134" hai3="82,102,69,117,120,38,126,77,18,34,46,3,20"/><W81/><G117/><T8/><D109/><U36/><E35/><V74/><F115/><W83/><G120/><N who="1" m="46122" /><E30/><V27/><F27/><W21/><G34/><T90/><D113/><U50/><E86/><V105/><F105/><W32/><G32/><T37/><D132/><N who="2" m="50730" /><F78/><W10/><G69/><T24/><D70/><U53/><E119/><V111/><F42/><W26/><G126/><T71/><D71/><U84/><E84/><V22/><F111/><W133/><G133/><T12/><D40/><U1/><E1/><V112/><F112/><W49/><G38/><T23/><REACH who="0" step="1"/><D52/><REACH who="0" ten="416,236,207,131" step="2"/><U63/><E125/><V29/><F29/><AGARI ba="2,1" hai="8,12,19,23,24,29,37,39,85,90,92,93,96,100" machi="29" ten="30,3900,0" yaku="1,1,2,1,7,1,53,0" doraHai="104" doraHaiUra="107" who="0" fromWho="2" sc="416,55,236,0,207,-45,131,0" /><INIT seed="4,0,0,5,0,94" ten="471,236,162,131" oya="0" hai0="122,41,98,115,69,128,92,10,67,117,111,63,114" hai1="106,53,43,74,93,107,19,44,84,71,38,79,16" hai2="42,82,90,62,104,134,77,50,32,25,83,51,23" hai3="1,112,47,121,96,59,24,58,103,29,81,4,52"/><T21/><D117/><U89/><E71/><V45/><F104/><W49/><G112/><T35/><D122/><U5/><E5/><V20/><F32/><W126/><G121/><T116/><D116/><U110/><E110/><V101/><F134/><W86/><G126/><T14/><D35/><U28/><E28/><V6/><F101/><W133/><G133/><T31/><D111/><U73/><E53/><V97/><F62/><W70/><G70/><T65/><D128/><U48/><E38/><V0/><F0/><W78/><G4/><T135/><D135/><U124/><E124/><V88/><F6/><W91/><G91/><T100/><D67/><U60/><E60/><V72/><F23/><W118/><G1/><T123/><D123/><U22/><E19/><V129/><F129/><W76/><G76/><T75/><D75/><U11/><E11/><V40/><F50/><W34/><REACH who="3" step="1"/><G118/><REACH who="3" ten="471,236,162,121" step="2"/><T87/><D115/><U61/><E79/><V12/><F77/><W85/><G85/><T55/><D114/><U80/><E74/><V119/><F72/><W9/><G9/><T131/><D87/><U56/><E73/><V33/><F119/><W108/><G108/><T27/><D131/><U36/><E84/><V46/><F90/><W125/><G125/><T113/><D113/><U57/><E89/><V39/><F88/><W130/><G130/><T17/><D41/><U37/><E43/><V105/><F42/><W99/><G99/><T54/><AGARI ba="0,1" hai="10,14,17,21,27,31,54,55,63,65,69,92,98,100" machi="54" ten="30,3000,0" yaku="0,1,52,1" doraHai="94" who="0" fromWho="0" sc="471,40,236,-10,162,-10,121,-10" /><INIT seed="4,1,0,2,1,81" ten="511,226,152,111" oya="0" hai0="94,13,109,67,114,2,100,90,116,130,103,20,119" hai1="86,0,78,12,88,129,98,17,124,70,128,89,60" hai2="85,120,110,71,14,16,31,38,121,25,53,8,122" hai3="108,66,92,28,115,22,113,39,21,18,91,76,42"/><T65/><D2/><U23/><E0/><V111/><F71/><W5/><G108/><T6/><D109/><U47/><E124/><V50/><F38/><W15/><G76/><T9/><D130/><N who="1" m="50283" /><E47/><V34/><REACH who="2" step="1"/><F85/><REACH who="2" ten="511,226,142,111" step="2"/><W26/><G39/><T27/><D119/><U61/><E70/><V64/><F64/><W104/><G66/><T125/><D116/><U102/><E78/><V69/><F69/><W117/><G117/><T57/><D67/><U52/><E86/><V41/><F41/><W45/><G42/><T49/><D125/><U127/><E127/><V131/><F131/><W33/><G113/><T40/><D65/><U83/><E83/><V11/><F11/><W59/><G115/><T82/><D114/><U97/><E97/><V126/><F126/><W101/><G33/><T63/><D40/><U72/><E72/><V54/><F54/><W134/><G21/><T87/><D9/><U105/><E52/><V29/><F29/><W44/><G22/><T7/><D87/><U106/><E98/><V46/><AGARI ba="1,1" hai="8,14,16,25,31,34,46,50,53,110,111,120,121,122" machi="46" ten="30,7900,0" yaku="1,1,0,1,54,1,53,1" doraHai="81" doraHaiUra="24" who="2" fromWho="2" sc="511,-40,226,-21,142,92,111,-21" /><INIT seed="5,0,0,2,3,119" ten="471,205,234,90" oya="1" hai0="47,82,74,68,8,104,2,72,123,77,36,49,71" hai1="34,13,52,76,40,25,37,16,129,135,97,128,83" hai2="6,134,62,23,1,131,85,118,18,100,75,14,127" hai3="114,65,35,7,29,24,10,48,84,115,105,110,116"/><U38/><E135/><V132/><F118/><W124/><G110/><T51/><D104/><U44/><E97/><V64/><F75/><W120/><G116/><T117/><D117/><U54/><E37/><V112/><F100/><W17/><G105/><T30/><D74/><U28/><E83/><V39/><F39/><W26/><G65/><T31/><D31/><U96/><E96/><V79/><F6/><W12/><G84/><T3/><D3/><U11/><REACH who="1" step="1"/><E76/><REACH who="1" ten="471,195,234,90" step="2"/><V126/><F79/><W0/><G124/><T32/><D77/><U98/><E98/><V90/><F126/><W107/><G107/><T5/><D82/><U91/><E91/><V108/><F127/><W57/><G114/><T27/><D72/><U130/><AGARI ba="0,1" hai="11,13,16,25,28,34,38,40,44,52,54,128,129,130" machi="130" ten="30,12000,1" yaku="1,1,0,1,19,1,54,2,53,0" doraHai="119" doraHaiUra="45" who="1" fromWho="1" sc="471,-40,195,130,234,-40,90,-40" /><INIT seed="5,1,0,1,2,21" ten="431,325,194,50" oya="1" hai0="52,120,10,112,6,78,109,60,121,26,105,114,102" hai1="72,126,47,34,115,25,3,24,122,50,39,70,40" hai2="8,66,132,43,46,91,84,98,0,5,79,69,45" hai3="29,48,80,65,94,54,104,74,44,95,81,96,42"/><U2/><E122/><N who="0" m="47209" /><D109/><U85/><E72/><V71/><F132/><W89/><G65/><T20/><D78/><U30/><E70/><V27/><F66/><W13/><G13/><N who="0" m="5335" /><D102/><U4/><E115/><V38/><F45/><W107/><G29/><N who="0" m="17607" /><D105/><U100/><E126/><V101/><F79/><W9/><G74/><T64/><D52/><U59/><E100/><V12/><F98/><W63/><G104/><T86/><D86/><U68/><E68/><AGARI ba="1,0" hai="60,64,68,112,114" m="17607,5335,47209" machi="68" ten="30,2000,0" yaku="13,1,52,1" doraHai="21" who="0" fromWho="1" sc="431,23,325,-23,194,0,50,0" /><INIT seed="6,0,0,0,4,61" ten="454,302,194,50" oya="2" hai0="27,67,118,45,126,102,48,24,28,63,75,62,7" hai1="100,36,81,77,58,12,1,37,19,5,135,25,13" hai2="31,20,91,96,69,26,111,93,52,44,60,124,101" hai3="109,64,16,68,38,22,47,90,84,42,70,99,86"/><V85/><F124/><W15/><G109/><T113/><D126/><U30/><E135/><V32/><F111/><W29/><G29/><T57/><D118/><U6/><E100/><V17/><F44/><W88/><G68/><T110/><D110/><U41/><E12/><V116/><F116/><W131/><G131/><T133/><D133/><U83/><E83/><V46/><F46/><W134/><G134/><T18/><D113/><U0/><E6/><V33/><F31/><W53/><G53/><T3/><D75/><U76/><E76/><V72/><F72/><W73/><G73/><T105/><D102/><U50/><E5/><V8/><F8/><W114/><G114/><T56/><D105/><U87/><E37/><V49/><F60/><W55/><G55/><T127/><D127/><U108/><E108/><V115/><F69/><W89/><REACH who="3" step="1"/><G99/><REACH who="3" ten="454,302,194,40" step="2"/><T122/><D122/><U35/><E30/><V34/><F115/><W43/><G43/><T79/><D28/><U78/><E41/><V21/><F52/><W51/><G51/><T65/><D48/><U39/><E50/><V123/><F49/><W11/><G11/><T23/><D45/><U104/><E39/><V120/><REACH who="2" step="1"/><F21/><REACH who="2" ten="454,302,184,40" step="2"/><W125/><G125/><T9/><D23/><U4/><E36/><V2/><F2/><W130/><G130/><T119/><D9/><U10/><E0/><V106/><AGARI ba="0,2" hai="17,20,26,32,33,34,85,91,93,96,101,106,120,123" machi="106" ten="30,3000,0" yaku="1,1,0,1,53,0" doraHai="61" doraHaiUra="40" who="2" fromWho="2" sc="454,-10,302,-10,184,50,40,-10" /><INIT seed="6,1,0,3,1,41" ten="444,292,234,30" oya="2" hai0="115,49,107,18,59,97,4,57,111,91,36,87,106" hai1="66,81,128,132,89,76,86,28,11,63,100,46,73" hai2="135,54,95,30,123,38,105,71,6,16,85,134,126" hai3="37,65,80,94,13,84,55,39,62,108,26,45,103"/><V116/><F105/><W7/><G108/><T23/><D36/><U99/><E128/><V92/><F116/><W122/><G122/><T120/><D120/><U21/><E132/><N who="2" m="50731" /><F123/><W60/><G26/><T53/><D111/><U58/><E11/><V14/><F71/><W31/><G31/><T10/><D115/><U43/><E28/><V47/><F126/><W104/><G104/><T93/><D59/><U19/><E19/><V34/><F6/><W74/><G74/><T124/><D124/><U33/><E21/><N who="2" m="11415" /><F85/><W3/><G3/><T29/><D29/><U0/><E0/><V130/><F130/><W70/><G13/><N who="0" m="9679" /><D97/><U64/><E33/><V35/><F35/><W5/><G37/><T75/><D75/><U67/><E73/><V98/><F98/><W42/><G103/><T118/><D118/><U88/><E89/><V101/><F101/><W78/><REACH who="3" step="1"/><G94/><REACH who="3" ten="444,292,234,20" step="2"/><T96/><D96/><U79/><E100/><V50/><F38/><W32/><G32/><T8/><D107/><U112/><E99/><V17/><F17/><W1/><G1/><T109/><D106/><U119/><E119/><V69/><F69/><W22/><G22/><T9/><D109/><U48/><E112/><V12/><F12/><AGARI ba="1,1" hai="4,8,9,10,12,49,53,57,87,91,93" m="9679" machi="12" ten="30,2000,0" yaku="25,1,8,1" doraHai="41" who="0" fromWho="2" sc="444,33,292,0,234,-23,20,0" /><INIT seed="7,0,0,4,1,17" ten="477,292,211,20" oya="3" hai0="133,4,81,57,97,72,63,64,38,86,25,96,84" hai1="71,93,68,33,65,29,78,101,98,15,102,7,43" hai2="6,83,35,90,129,113,3,1,59,117,58,28,80" hai3="94,48,127,74,37,69,47,103,10,70,22,79,125"/><W56/><G74/><T16/><D133/><U14/><E78/><V110/><F117/><W53/><G79/><T108/><D108/><U91/><E43/><V9/><F110/><W118/><G118/><T116/><D116/><U51/><E51/><V105/><F105/><W111/><G111/><T42/><D72/><U26/><E65/><V39/><F39/><W66/><G10/><T126/><D126/><N who="3" m="48137" /><G22/><T104/><D104/><U132/><E132/><V134/><F134/><W130/><G130/><T107/><D107/><U75/><E75/><V120/><F129/><W54/><G37/><T13/><D4/><U36/><E36/><V115/><F90/><W89/><G103/><T40/><D38/><U20/><E33/><V92/><F35/><W135/><G66/><T123/><D25/><U82/><E102/><V31/><F9/><W11/><G11/><N who="0" m="6207" /><D123/><U55/><E7/><V109/><F6/><W62/><G135/><T95/><D97/><AGARI ba="0,0" hai="47,48,53,54,56,62,69,70,89,94,97" m="48137" machi="97" ten="30,1500,0" yaku="18,1" doraHai="17" who="3" fromWho="0" sc="477,-15,292,0,211,0,20,15" /><INIT seed="7,1,0,4,4,111" ten="462,292,211,35" oya="3" hai0="7,126,50,115,3,91,27,38,29,129,94,80,104" hai1="73,55,124,107,123,23,67,121,92,39,5,105,63" hai2="19,24,72,76,70,75,130,77,44,10,8,78,106" hai3="17,71,74,88,54,42,41,114,26,43,64,52,95"/><W90/><G114/><T40/><D115/><U6/><E39/><V103/><F70/><W12/><G74/><T86/><D129/><U61/><E73/><V133/><F130/><W119/><G119/><T135/><D135/><U4/><E124/><V125/><F133/><W108/><G108/><T56/><D126/><U134/><E134/><V113/><F125/><W59/><G71/><T34/><D104/><U117/><E117/><V84/><F113/><W127/><G127/><T16/><D38/><U32/><E32/><V48/><F106/><W28/><G28/><T68/><D68/><U118/><E118/><V18/><F103/><W100/><G26/><T25/><D7/><U87/><E55/><N who="3" m="21034" /><G100/><T122/><D3/><U132/><E23/><V109/><F109/><W14/><G95/><T21/><D122/><U53/><E132/><V120/><F120/><W20/><G14/><T47/><D56/><U128/><E128/><V116/><F116/><W66/><G59/><T58/><D58/><U69/><E105/><V33/><F75/><W0/><G0/><T79/><D94/><U37/><E37/><V98/><F72/><W112/><G112/><T45/><D45/><U93/><E107/><V96/><F33/><W49/><G49/><T1/><D1/><U51/><E93/><V82/><F24/><W60/><G60/><T102/><D102/><U31/><E31/><V22/><F48/><W89/><AGARI ba="1,0" hai="12,17,20,41,42,43,64,66,88,89,90" m="21034" machi="89" ten="40,7800,0" yaku="8,1,54,2" doraHai="111" who="3" fromWho="3" sc="462,-27,292,-27,211,-27,35,81" /><INIT seed="7,2,0,2,0,23" ten="435,265,184,116" oya="3" hai0="17,48,73,62,50,67,66,63,112,69,43,98,82" hai1="114,130,45,70,123,79,109,34,1,119,135,29,101" hai2="95,76,85,64,37,59,122,71,6,41,68,57,35" hai3="86,99,77,40,5,120,16,116,47,111,19,127,10"/><W7/><G116/><T81/><D112/><U9/><RYUUKYOKU type="yao9" ba="2,0" sc="435,0,265,0,184,0,116,0" hai1="1,9,29,34,45,70,79,101,109,114,119,123,130,135" /><INIT seed="7,3,0,1,0,69" ten="435,265,184,116" oya="3" hai0="89,59,36,98,33,63,74,94,86,23,37,20,131" hai1="110,38,116,106,111,125,104,70,49,92,119,121,127" hai2="118,25,80,46,3,78,39,11,0,105,34,102,68" hai3="62,101,17,73,132,71,76,107,12,1,129,16,88"/><W84/><G129/><T87/><D74/><U122/><E38/><V51/><F68/><W42/><G132/><T52/><D33/><U128/><E70/><V124/><F51/><W79/><G1/><T134/><D134/><U5/><E5/><V90/><F90/><W13/><G73/><T82/><D131/><U50/><E128/><V83/><F83/><N who="3" m="49183" /><G107/><T135/><D87/><U27/><E27/><V10/><F3/><W117/><G117/><T44/><D135/><U95/><AGARI ba="3,0" hai="49,50,92,95,104,106,110,111,116,119,121,122,125,127" machi="95" ten="25,3200,0" yaku="0,1,22,2" doraHai="69" who="1" fromWho="1" sc="435,-11,265,41,184,-11,116,-19" owari="424,52.0,306,11.0,173,-23.0,97,-40.0" /></mjloggm>