<mjloggm ver="2.3"><GO type="169" lobby="0"/><UN n0="%E3%83%AD%E3%83%83%E3%83%86%E9%9B%80%E7%90%83" n1="%3E%5F%30%40%E6%9D%8F%E6%9D%8F%E8%BB%8D%E5%9C%98" n2="%E5%B0%B1%E6%B4%BB%E7%94%9F%40%E5%B7%9D%E6%9D%91%E8%BB%8D%E5%9B%A3" n3="%E7%B4%94%EF%BC%93%E9%BE%8D%E9%96%80" dan="18,17,17,17" rate="2237.37,2223.73,2212.64,2125.11" sx="M,F,M,F"/><TAIKYOKU oya="0"/><INIT seed="0,0,0,0,4,35" ten="250,250,250,250" oya="0" hai0="43,1,97,63,55,104,33,69,59,39,57,9,31" hai1="114,106,124,79,7,38,129,102,54,112,80,75,24" hai2="28,108,6,130,93,67,115,22,4,94,126,82,53" hai3="26,76,8,71,125,127,83,68,135,32,98,95,60"/><T134/><D134/><U5/><E124/><N who="3" m="47690" /><G135/><T103/><D39/><U14/><E129/><V37/><F37/><W89/><G8/><T2/><D43/><U52/><E38/><V117/><F115/><N who="1" m="44073" /><E24/><V120/><F67/><W90/><G90/><T105/><D105/><U27/><E27/><V34/><F34/><W61/><G26/><N who="0" m="18679" /><D9/><N who="1" m="4399" /><E7/><V49/><F6/><W78/><G32/><T133/><D133/><U132/><E132/><V13/><F4/><W41/><G41/><T73/><D73/><U128/><E128/><V131/><F28/><W70/><G76/><T96/><D96/><AGARI ba="0,0" hai="52,54,75,79,80,96,102,106" m="4399,44073" machi="96" ten="30,2000,0" yaku="11,1,54,1" doraHai="35" who="1" fromWho="0" sc="250,-20,250,20,250,0,250,0" /><INIT seed="1,0,0,0,2,133" ten="230,270,250,250" oya="1" hai0="108,40,76,9,123,12,57,20,131,89,38,107,119" hai1="72,24,42,17,78,77,98,115,25,28,18,3,111" hai2="120,36,6,116,124,51,104,100,95,10,34,23,130" hai3="94,85,29,47,8,16,39,128,49,86,125,33,2"/><U121/><E115/><V75/><F36/><W113/><G113/><T122/><D119/><U52/><E121/><V134/><F34/><W132/><G39/><T41/><D108/><U110/><E3/><V58/><F104/><W35/><G132/><T45/><D131/><U109/><E42/><V50/><F75/><W106/><G106/><T92/><D41/><U68/><E68/><V54/><F120/><N who="0" m="46122" /><D107/><U84/><E72/><V63/><F116/><W65/><G65/><T5/><D76/><N who="1" m="29291" /><E84/><V31/><F130/><W15/><G128/><T30/><D57/><U88/><E52/><V22/><F134/><W118/><G118/><T21/><D30/><U83/><E83/><V126/><F51/><W93/><G2/><T66/><D66/><U114/><E114/><V80/><F80/><W82/><G125/><N who="2" m="48233" /><F31/><W11/><G29/><T67/><D67/><U70/><E28/><V135/><F135/><W1/><G35/><T7/><D7/><U99/><E70/><V61/><F100/><W90/><G33/><T71/><D71/><U96/><E88/><V43/><F95/><W46/><G94/><T117/><D117/><U73/><E73/><V32/><F32/><W79/><G49/><T0/><D89/><U69/><E69/><V53/><F43/><W26/><G82/><T102/><D92/><U4/><E4/><V81/><F81/><W14/><G93/><T97/><D40/><U44/><E44/><N who="2" m="27847" /><F63/><W13/><G47/><T103/><D45/><U64/><E64/><V59/><F58/><W127/><G46/><T60/><D60/><U19/><AGARI ba="0,0" hai="17,18,19,24,25,96,98,99,109,110,111" m="29291" machi="19" ten="40,18000,2" yaku="5,1,29,2,28,2,14,1,10,1" doraHai="133" who="1" fromWho="1" sc="230,-60,270,180,250,-60,250,-60" /><INIT seed="1,1,0,2,2,37" ten="170,450,190,190" oya="1" hai0="17,11,66,74,77,92,115,78,84,75,62,44,29" hai1="55,117,25,107,122,6,79,35,32,0,90,120,69" hai2="38,112,108,89,134,111,102,5,63,58,95,110,28" hai3="132,119,13,125,129,39,93,101,127,130,27,116,56"/><U96/><E117/><N who="3" m="45130" /><G39/><T8/><D115/><U83/><E69/><V48/><F38/><W65/><G13/><T50/><D29/><U124/><E124/><N who="3" m="47690" /><G27/><T121/><D121/><U51/><E6/><V41/><F112/><W68/><G68/><T104/><D104/><U118/><E118/><V61/><F134/><W113/><G113/><T20/><D75/><U45/><E0/><V24/><F5/><W14/><G14/><T12/><D74/><U94/><E107/><V47/><F102/><W106/><G106/><T123/><D123/><U135/><E135/><V76/><F76/><N who="0" m="29290" /><D62/><U30/><REACH who="1" step="1"/><E32/><REACH who="1" ten="170,440,190,190" step="2"/><V80/><F110/><W71/><G71/><T85/><D66/><U43/><E43/><V49/><F108/><W131/><G132/><T40/><D92/><U97/><E97/><V16/><F95/><W53/><G65/><T105/><D105/><U23/><E23/><V133/><F133/><W73/><G93/><T109/><D109/><U26/><E26/><V54/><F111/><W99/><G99/><T91/><D20/><U15/><E15/><V3/><F3/><W87/><G131/><T103/><D12/><U52/><E52/><V2/><F2/><W36/><G130/><T100/><D40/><U9/><E9/><V33/><F16/><W19/><G19/><T59/><D17/><U86/><AGARI ba="1,1" hai="25,30,35,45,51,55,79,83,86,90,94,96,120,122" machi="86" ten="20,7800,0" yaku="1,1,0,1,7,1,53,1" doraHai="37" doraHaiUra="42" who="1" fromWho="1" sc="170,-27,440,91,190,-27,190,-27" /><INIT seed="1,2,0,3,2,110" ten="143,531,163,163" oya="1" hai0="9,78,28,37,119,12,105,50,122,54,24,117,100" hai1="90,134,91,126,99,72,53,121,67,104,118,41,80" hai2="102,81,40,128,33,94,44,5,0,20,46,32,107" hai3="62,15,13,36,17,18,133,48,132,52,92,135,59"/><U29/><E118/><V95/><F128/><W89/><G36/><T114/><D114/><U22/><E121/><V69/><F69/><W51/><G13/><T57/><D122/><U97/><E67/><V113/><F107/><W96/><REACH who="3" step="1"/><G18/><REACH who="3" ten="143,531,163,153" step="2"/><T4/><D37/><U108/><E108/><V120/><F0/><W43/><G43/><T55/><D119/><U56/><E41/><V3/><F3/><W34/><G34/><T115/><D117/><U83/><E126/><V71/><F40/><W2/><G2/><T82/><D12/><U14/><E14/><V16/><F5/><W98/><G98/><T35/><D4/><U70/><E99/><V116/><F116/><W109/><G109/><T129/><D35/><U131/><E97/><V76/><F33/><W124/><G124/><T79/><D129/><U85/><E131/><V103/><F32/><W87/><G87/><T112/><D112/><U130/><E85/><V106/><F113/><W25/><G25/><T60/><D115/><U42/><E130/><V19/><F120/><W101/><G101/><T63/><D100/><U84/><E84/><V64/><F19/><W66/><G66/><T88/><D24/><U77/><E42/><V11/><F16/><W38/><G38/><T30/><D55/><U73/><E73/><V125/><F125/><W31/><G31/><T58/><D30/><U21/><E72/><V1/><F102/><W23/><AGARI ba="2,1" hai="15,17,23,48,51,52,59,62,89,92,96,132,133,135" machi="23" ten="30,7900,0" yaku="1,1,0,1,20,1,54,1,53,0" doraHai="110" doraHaiUra="26" who="3" fromWho="3" sc="143,-22,531,-41,163,-22,153,95" /><INIT seed="2,0,0,4,1,120" ten="121,490,141,248" oya="2" hai0="11,128,135,93,83,82,34,35,72,96,39,129,32" hai1="46,85,54,103,126,36,131,84,75,132,80,125,47" hai2="90,78,12,40,19,102,29,97,13,98,17,45,64" hai3="52,63,76,117,108,114,9,61,28,51,109,31,41"/><V30/><F64/><W33/><G117/><T56/><D135/><U0/><E0/><V26/><F78/><W89/><G76/><T55/><D39/><U68/><E68/><V73/><F73/><W60/><G41/><T4/><D72/><U43/><E103/><V74/><F74/><W38/><G38/><T92/><D82/><U1/><E1/><V124/><F124/><W44/><G114/><T127/><D83/><U115/><E115/><V14/><F90/><W66/><G66/><T77/><D77/><U37/><E131/><N who="0" m="50249" /><D96/><U62/><E132/><V106/><F97/><W101/><G101/><T20/><D20/><U105/><E105/><V18/><REACH who="2" step="1"/><F26/><REACH who="2" ten="121,490,131,248" step="2"/><W3/><G89/><T53/><D127/><U104/><E125/><V79/><F79/><W113/><G113/><T91/><D91/><U2/><E126/><V22/><F22/><W59/><G33/><T134/><D134/><U122/><E75/><V16/><N who="2" m="4608" /><DORA hai="133" /><V69/><F69/><W67/><G31/><T49/><D55/><U70/><E54/><V48/><AGARI ba="0,1" hai="12,13,14,29,30,40,45,48,98,102,106" m="4608" machi="48" ten="50,9600,0" yaku="1,1,0,1,54,1,53,0" doraHai="120,133" doraHaiUra="81,23" who="2" fromWho="2" sc="121,-32,490,-32,131,106,248,-32" /><INIT seed="2,1,0,1,4,58" ten="89,458,237,216" oya="2" hai0="65,30,12,42,80,59,14,123,84,135,108,41,8" hai1="101,25,37,48,85,33,74,53,81,109,26,73,72" hai2="96,23,129,88,24,50,110,18,131,35,55,115,125" hai3="20,116,3,134,39,83,102,111,36,124,49,44,34"/><V22/><F115/><W45/><G34/><T17/><D108/><U28/><E109/><V5/><F35/><W133/><G111/><T127/><D135/><N who="3" m="51721" /><G116/><T56/><D127/><U47/><E101/><V40/><F40/><W119/><G119/><T94/><D123/><U13/><E37/><V31/><F125/><W43/><G124/><T27/><D94/><U51/><E13/><V121/><F121/><W130/><G130/><N who="2" m="49673" /><F5/><W113/><G113/><T46/><D14/><U99/><E99/><V63/><F63/><W32/><G32/><T75/><D75/><U93/><E93/><N who="2" m="56359" /><F110/><W15/><G3/><T68/><D68/><U38/><E38/><V86/><F86/><W64/><G43/><T67/><D42/><U82/><E85/><V87/><F87/><W132/><G39/><T29/><D67/><U107/><E73/><V98/><F98/><W57/><G64/><T105/><D65/><U1/><E74/><V92/><F92/><W66/><G36/><T117/><D117/><U77/><E72/><V61/><F61/><W78/><G66/><T126/><D126/><U128/><E128/><V52/><F50/><W95/><G49/><N who="0" m="26831" /><D105/><U71/><E107/><V16/><F31/><W0/><G95/><T79/><D30/><U9/><E51/><V112/><F112/><W19/><G132/><T60/><D60/><U2/><E28/><V103/><F103/><W6/><G102/><T91/><D91/><U10/><E33/><V69/><F69/><W120/><G120/><T89/><D89/><U76/><E71/><V114/><F114/><W104/><G104/><RYUUKYOKU ba="1,0" sc="89,15,458,-15,237,15,216,-15" hai0="8,12,17,27,29,56,59,79,80,84" hai2="16,18,22,23,24,52,55" /><INIT seed="2,2,0,4,4,18" ten="104,443,252,201" oya="2" hai0="3,37,62,45,12,34,47,124,24,49,73,52,66" hai1="81,114,5,4,83,129,75,89,77,43,26,2,93" hai2="78,91,84,103,122,130,64,57,29,32,128,108,79" hai3="115,61,120,63,135,94,27,46,6,131,50,1,127"/><V134/><F122/><W21/><G120/><T28/><D124/><U11/><E114/><V31/><F134/><W60/><G127/><T105/><D3/><U90/><E129/><N who="2" m="49771" /><F103/><W76/><G131/><T101/><D73/><U33/><E5/><V96/><F96/><W40/><G135/><T16/><D101/><U48/><E83/><N who="2" m="49567" /><F108/><W82/><G115/><T42/><D105/><U106/><E106/><V10/><F10/><W109/><G109/><T111/><D111/><U92/><E33/><V113/><F113/><W17/><G94/><T58/><D37/><U0/><E92/><V67/><F67/><W23/><G23/><T13/><D13/><U65/><E65/><V69/><F69/><W126/><G126/><T56/><REACH who="0" step="1"/><D42/><REACH who="0" ten="94,443,252,201" step="2"/><U72/><E43/><V86/><F78/><W15/><G1/><T41/><D41/><U55/><E77/><V14/><F14/><W8/><BYE who="1" /><REACH who="3" step="1"/><G60/><REACH who="3" ten="94,443,252,191" step="2"/><T88/><D88/><U117/><E117/><V102/><F79/><UN n1="%3E%5F%30%40%E6%9D%8F%E6%9D%8F%E8%BB%8D%E5%9C%98" /><W121/><G121/><T132/><D132/><U39/><E90/><V74/><F102/><W119/><G119/><T116/><D116/><U110/><E89/><V7/><F32/><W85/><AGARI ba="2,2" hai="6,8,15,17,21,27,40,46,50,61,63,76,82,85" machi="85" ten="20,12000,2" yaku="1,1,0,1,7,1,25,2,8,1,52,1,53,0" doraHai="18" doraHaiUra="99" who="3" fromWho="3" sc="94,-32,443,-32,252,-62,191,146" /><INIT seed="3,0,0,4,3,11" ten="62,411,190,337" oya="3" hai0="17,97,48,104,115,127,45,63,89,84,50,122,10" hai1="64,72,116,120,95,0,98,111,78,70,73,60,93" hai2="24,90,21,34,7,52,18,103,128,85,87,43,44" hai3="14,79,76,4,67,94,69,134,92,113,31,101,96"/><W58/><G69/><T28/><D122/><U53/><E120/><V62/><F128/><W124/><G113/><T41/><D115/><U80/><E0/><V68/><F103/><W23/><G134/><T9/><D127/><U129/><E129/><V107/><F107/><W99/><G124/><T20/><D28/><U66/><E66/><V121/><F121/><W112/><G112/><T91/><D63/><U102/><E111/><V54/><F7/><W27/><G4/><T42/><D104/><U109/><E109/><V36/><F34/><W55/><G14/><T26/><D97/><U131/><E131/><V105/><F105/><W88/><REACH who="3" step="1"/><G67/><REACH who="3" ten="62,411,190,327" step="2"/><T32/><D32/><U3/><E64/><V12/><F68/><W13/><G13/><T83/><REACH who="0" step="1"/><D91/><REACH who="0" ten="52,411,190,327" step="2"/><U46/><E70/><V15/><F90/><W2/><G2/><T126/><D126/><U133/><E3/><V30/><F62/><AGARI ba="0,2" hai="23,27,31,55,58,62,76,79,88,92,94,96,99,101" machi="62" ten="30,12000,1" yaku="1,1,7,1,8,1,54,1,53,1" doraHai="11" doraHaiUra="59" who="3" fromWho="2" sc="52,0,411,0,190,-120,327,140" /><INIT seed="3,1,0,4,2,112" ten="52,411,70,467" oya="3" hai0="118,133,18,51,14,125,20,13,62,53,11,95,65" hai1="9,127,68,89,5,71,85,3,58,46,10,110,0" hai2="82,47,21,31,88,34,105,96,38,15,73,59,61" hai3="107,28,40,106,43,50,117,109,41,129,98,1,57"/><W12/><G1/><T122/><D122/><U94/><E127/><V130/><F130/><W114/><G114/><T23/><D133/><U36/><E110/><V99/><F34/><W63/><G129/><T135/><D125/><U113/><E113/><V111/><F111/><W45/><G109/><T93/><D135/><U126/><E126/><V2/><F2/><W134/><G134/><T102/><D118/><U103/><E103/><V64/><F105/><W56/><G117/><T86/><D102/><U128/><E128/><V49/><F38/><W32/><G56/><N who="0" m="37063" /><D86/><U54/><E46/><V19/><F31/><W6/><G32/><T92/><D14/><U104/><E104/><V90/><F73/><W77/><G77/><T66/><D66/><U55/><E36/><V27/><F27/><W26/><G107/><T132/><D132/><U78/><E78/><V97/><REACH who="2" step="1"/><F82/><REACH who="2" ten="52,411,60,467" step="2"/><W7/><G106/><T87/><D87/><U84/><E84/><V39/><F39/><W76/><G26/><T44/><AGARI ba="1,1" hai="11,13,18,20,23,44,51,53,92,93,95" m="37063" machi="44" ten="30,1100,0" yaku="8,1" doraHai="112" who="0" fromWho="0" sc="52,24,411,-4,60,-4,467,-6" /><INIT seed="4,0,0,2,5,51" ten="76,407,56,461" oya="0" hai0="67,56,26,54,131,37,19,3,48,106,62,21,128" hai1="31,105,91,82,47,115,13,6,81,72,135,73,99" hai2="5,94,65,129,71,92,116,53,84,107,114,89,68" hai3="90,58,117,39,57,78,14,112,126,45,97,24,123"/><T41/><D3/><U11/><E135/><V12/><F107/><W33/><G117/><T2/><D2/><U77/><E115/><V125/><F116/><W7/><G112/><T30/><D106/><U95/><E105/><V86/><F114/><W22/><G126/><T9/><D37/><U93/><E31/><V103/><F125/><W83/><G123/><T121/><D41/><U132/><E132/><V110/><F110/><W120/><G120/><T100/><D100/><U36/><E93/><V10/><F129/><N who="0" m="49738" /><D121/><U40/><REACH who="1" step="1"/><E82/><REACH who="1" ten="76,397,56,461" step="2"/><V109/><F109/><W63/><G83/><T88/><D88/><U28/><E28/><V17/><F103/><W35/><G90/><T1/><D30/><U25/><E25/><V122/><F122/><W15/><G24/><T43/><D43/><U66/><E66/><V80/><F65/><W74/><G78/><T118/><D118/><U98/><E98/><V124/><F124/><W34/><G97/><T101/><D101/><U133/><E133/><V60/><F94/><W49/><G35/><T96/><D96/><U102/><E102/><V55/><F92/><W75/><G34/><T127/><D127/><U32/><E32/><V61/><F84/><AGARI ba="0,1" hai="6,11,13,36,40,47,72,73,77,81,84,91,95,99" machi="84" ten="30,3900,0" yaku="1,1,7,1,53,1" doraHai="51" doraHaiUra="79" who="1" fromWho="2" sc="76,0,397,49,56,-39,461,0" /><INIT seed="5,0,0,3,0,28" ten="76,446,17,461" oya="1" hai0="109,95,20,108,115,121,113,104,9,3,58,126,70" hai1="62,93,73,94,128,83,132,114,24,4,120,6,96" hai2="36,89,53,64,130,12,103,38,0,88,107,13,117" hai3="47,123,43,37,90,124,30,116,1,68,129,61,29"/><U112/><E120/><V87/><F0/><W41/><G123/><T110/><D70/><U48/><E128/><V49/><F117/><W60/><G1/><T66/><D104/><U50/><E132/><V33/><F130/><W98/><G129/><T32/><D121/><U25/><E62/><V40/><F40/><W92/><G116/><T67/><D126/><U133/><E133/><V19/><F64/><W10/><G124/><T69/><D69/><U122/><E122/><V14/><F33/><W35/><G43/><T31/><D20/><U2/><E2/><V78/><F19/><W91/><G68/><T34/><D95/><N who="1" m="36363" /><E96/><V23/><F23/><W131/><G131/><T17/><D17/><U111/><E83/><V8/><F8/><W119/><G119/><T22/><D22/><U77/><E77/><V72/><F72/><W86/><G10/><T101/><D9/><U135/><E111/><V7/><F7/><N who="1" m="2601" /><E73/><V82/><F38/><W102/><G91/><T54/><D3/><U27/><E135/><V80/><F36/><W105/><REACH who="3" step="1"/><G30/><REACH who="3" ten="76,446,17,451" step="2"/><T51/><D31/><U45/><E45/><V18/><F18/><W56/><G56/><T63/><D109/><U42/><E42/><V71/><F71/><W134/><G134/><T52/><D58/><U46/><E46/><V26/><F26/><AGARI ba="0,1" hai="26,29,35,37,41,47,60,61,86,90,92,98,102,105" machi="26" ten="40,5200,0" yaku="1,1,52,1,53,1" doraHai="28" doraHaiUra="81" who="3" fromWho="2" sc="76,0,446,0,17,-52,451,62" owari="76,-32.0,446,25.0,-35,-54.0,513,61.0" /></mjloggm>