<mjloggm ver="2.3"><GO type="169" lobby="0"/><UN n0="%E3%81%BE%E3%81%AA%E3%81%84%E3%81%9F%E3%82%88%E3%81%86%E3%81%98%E3%82%87" n1="%E3%82%A6%E3%83%AB%E3%83%88%E3%83%A9%E7%AB%8B%E7%9B%B4" n2="%E3%81%BE%E3%82%8B%E3%81%9F%E3%82%8D%E3%81%86" n3="%E3%81%82%E3%81%B2%E3%82%8B%E3%81%95%E3%82%93" dan="16,18,17,16" rate="2067.32,2211.06,2124.84,2025.21" sx="M,M,F,M"/><TAIKYOKU oya="0"/><INIT seed="0,0,0,5,4,46" ten="250,250,250,250" oya="0" hai0="113,17,50,58,106,15,129,1,42,12,135,89,48" hai1="49,62,29,43,85,3,99,110,79,119,134,103,97" hai2="13,121,28,130,94,56,80,57,34,111,73,95,39" hai3="14,87,116,21,74,81,115,25,98,69,33,120,124"/><T126/><D113/><U5/><E119/><V71/><F121/><W76/><G116/><T64/><D1/><U118/><E118/><V20/><F71/><W70/><G115/><T132/><D129/><U16/><E29/><V30/><F34/><W23/><G124/><T24/><D126/><U19/><E110/><V9/><F39/><W61/><G33/><T4/><D106/><U60/><E5/><V45/><F111/><W77/><G120/><T131/><D131/><U96/><E103/><V63/><F57/><W53/><G74/><T72/><D72/><U41/><E3/><V82/><F45/><W0/><G0/><T38/><D24/><U2/><E2/><V78/><F80/><W109/><G70/><T84/><D38/><U114/><E134/><N who="0" m="51241" /><D4/><U90/><E79/><V35/><F35/><W122/><G76/><T88/><D42/><U128/><E43/><V32/><F32/><W86/><G77/><T65/><D89/><U127/><E127/><V100/><F130/><W133/><G25/><T10/><D12/><U101/><E101/><V91/><F100/><W27/><G14/><T59/><D59/><U92/><E128/><V8/><F8/><W112/><G27/><T54/><D48/><U40/><E40/><V102/><F102/><W47/><G69/><T93/><AGARI ba="0,0" hai="10,15,17,50,54,58,64,65,84,88,93" m="51241" machi="93" ten="30,6000,0" yaku="20,1,52,1,54,1" doraHai="46" who="0" fromWho="0" sc="250,60,250,-20,250,-20,250,-20" /><INIT seed="0,1,0,2,3,79" ten="310,230,230,230" oya="0" hai0="50,29,85,2,128,94,101,107,110,53,42,66,8" hai1="104,89,118,12,124,125,0,36,46,63,67,122,114" hai2="31,23,117,58,127,16,61,73,131,59,72,106,18" hai3="15,65,76,82,45,28,119,90,3,86,112,103,25"/><T30/><D128/><U34/><E12/><V14/><F131/><W40/><G3/><T21/><D110/><U83/><E46/><V13/><F31/><W17/><G112/><T32/><D32/><U105/><E89/><V5/><F106/><W10/><G119/><T37/><D37/><U100/><E100/><V92/><F127/><W41/><G65/><T126/><D126/><U43/><E43/><V135/><F5/><W20/><G103/><T93/><D107/><U6/><E6/><V35/><F35/><W134/><G134/><T84/><D66/><U7/><E7/><V97/><F135/><W75/><REACH who="3" step="1"/><G45/><REACH who="3" ten="310,230,230,220" step="2"/><T95/><D101/><U74/><E67/><V52/><F117/><W130/><G130/><T80/><D2/><U48/><E0/><V11/><F59/><W9/><G9/><T96/><D8/><U116/><E124/><V87/><F87/><W102/><G102/><AGARI ba="1,1" hai="11,13,14,16,18,23,52,58,61,72,73,92,97,102" machi="102" ten="30,3900,0" yaku="7,1,54,2" doraHai="79" who="2" fromWho="3" sc="310,0,230,0,230,52,220,-42" /><INIT seed="1,0,0,3,3,104" ten="310,230,282,178" oya="1" hai0="132,102,121,79,130,6,10,128,53,89,45,127,12" hai1="83,87,50,97,107,48,22,90,0,72,93,66,129" hai2="86,88,91,46,111,71,76,70,19,32,101,64,112" hai3="73,17,92,40,82,80,5,57,59,58,103,113,115"/><U61/><E0/><V126/><F32/><W51/><G5/><T49/><D132/><U35/><E35/><V41/><F111/><W84/><G115/><T116/><D116/><U14/><E129/><V24/><F126/><W13/><G113/><T44/><D127/><U68/><E22/><V133/><F133/><W114/><G114/><T78/><D121/><U28/><E14/><V85/><F101/><W15/><G15/><T30/><D102/><N who="1" m="62927" /><E28/><V27/><F112/><W52/><G40/><T118/><D118/><U77/><AGARI ba="0,0" hai="48,50,61,66,68,72,77,83,87,90,93" m="62927" machi="77" ten="30,3000,0" yaku="24,1,52,1" doraHai="104" who="1" fromWho="1" sc="310,-10,230,30,282,-10,178,-10" /><INIT seed="1,1,0,0,4,15" ten="300,260,272,168" oya="1" hai0="64,134,48,58,56,22,93,19,126,87,18,73,21" hai1="123,59,55,131,52,29,66,106,57,97,4,83,109" hai2="63,32,103,110,65,14,80,51,113,79,41,90,60" hai3="3,69,28,92,81,8,6,84,105,76,33,50,2"/><U42/><E123/><V0/><F0/><W117/><G105/><T39/><D134/><U45/><E131/><V127/><F110/><W27/><G69/><T30/><D126/><U54/><E109/><V20/><F32/><W10/><G117/><T133/><D73/><U37/><E66/><V47/><F127/><W49/><REACH who="3" step="1"/><G92/><REACH who="3" ten="300,260,272,158" step="2"/><T86/><D93/><U5/><E106/><V7/><F113/><W31/><G31/><T11/><D30/><U62/><E29/><V114/><F114/><W88/><G88/><T111/><D111/><U94/><E83/><V17/><F90/><W130/><G130/><T71/><D71/><U85/><E85/><V89/><F89/><W100/><G100/><T23/><D87/><U36/><E94/><V75/><F103/><W44/><G44/><T46/><D86/><U99/><E99/><V9/><F65/><W125/><G125/><T121/><D64/><U13/><E97/><V82/><F82/><W115/><G115/><T98/><D98/><U25/><E45/><V12/><AGARI ba="1,1" hai="7,9,12,14,17,20,41,47,51,60,63,75,79,80" machi="12" ten="20,2700,0" yaku="0,1,7,1,52,1" doraHai="15" who="2" fromWho="2" sc="300,-8,260,-14,272,40,158,-8" /><INIT seed="2,0,0,1,5,67" ten="292,246,312,150" oya="2" hai0="92,23,36,28,11,125,37,89,62,25,70,32,118" hai1="101,126,130,12,98,84,134,122,65,119,107,94,83" hai2="106,87,29,61,50,79,49,135,121,14,123,93,39" hai3="0,114,108,53,113,9,51,2,116,56,21,46,13"/><V71/><F106/><W102/><G116/><T68/><D118/><U80/><E119/><V82/><F39/><W104/><G108/><T63/><D125/><U3/><E3/><V77/><F77/><W74/><G74/><T42/><D11/><U19/><E126/><V100/><F135/><W58/><G0/><T15/><D62/><U69/><E134/><V90/><F100/><W133/><G133/><T26/><D15/><U5/><E5/><V75/><F29/><W86/><G2/><T43/><D43/><U117/><E117/><V24/><F24/><W131/><G21/><T57/><D42/><U99/><E130/><V95/><F95/><W33/><G33/><T17/><D37/><U120/><E65/><V35/><F35/><W6/><G131/><T124/><D36/><U78/><E69/><V38/><F38/><W72/><G72/><T64/><REACH who="0" step="1"/><D124/><REACH who="0" ten="282,246,312,150" step="2"/><U8/><REACH who="1" step="1"/><E80/><REACH who="1" ten="282,236,312,150" step="2"/><V96/><F82/><W103/><G114/><T110/><D110/><U132/><E132/><V47/><F123/><W10/><G113/><T34/><D34/><U54/><E54/><V4/><F121/><W16/><G53/><T44/><D44/><U60/><E60/><V97/><F47/><W45/><G46/><T7/><D7/><U85/><E85/><AGARI ba="0,2" hai="17,23,25,26,28,32,57,63,64,68,70,85,89,92" machi="85" ten="30,7700,0" yaku="1,1,7,1,52,2,53,0" doraHai="67" doraHaiUra="40" who="0" fromWho="1" sc="282,97,236,-77,312,0,150,0" /><INIT seed="3,0,0,2,2,95" ten="379,159,312,150" oya="3" hai0="1,72,71,40,84,105,73,102,123,75,15,97,99" hai1="28,59,115,86,104,78,46,135,77,87,19,17,125" hai2="91,121,100,0,126,3,41,47,106,124,131,31,13" hai3="14,134,34,43,39,70,69,118,132,92,16,4,2"/><W60/><G118/><T33/><D123/><U7/><E104/><V44/><F121/><W108/><G34/><T119/><D119/><U65/><E115/><V55/><F131/><W88/><G2/><T120/><D1/><U83/><E125/><V98/><F31/><W38/><G4/><T21/><D33/><U116/><E135/><N who="3" m="51754" /><G108/><T63/><D120/><U23/><E7/><V50/><F3/><W49/><G49/><T133/><D40/><U112/><E112/><V114/><F0/><W130/><G130/><T68/><D133/><U5/><E5/><V11/><F114/><W29/><G29/><T25/><D15/><U27/><E116/><V61/><F91/><W30/><G30/><T66/><D84/><U82/><E46/><V85/><F85/><W110/><G110/><T94/><D71/><N who="3" m="27145" /><G60/><AGARI ba="0,0" hai="17,19,23,27,28,59,60,65,77,78,82,83,86,87" machi="60" ten="40,2600,0" yaku="9,1,8,1" doraHai="95" who="1" fromWho="3" sc="379,0,159,26,312,0,150,-26" /><INIT seed="4,0,0,4,0,73" ten="379,185,312,124" oya="0" hai0="75,23,67,39,68,121,69,88,1,57,99,8,12" hai1="60,17,14,132,51,76,103,104,41,7,55,9,129" hai2="19,27,2,98,45,22,95,25,59,50,21,107,135" hai3="134,124,65,105,130,93,108,32,64,61,115,20,63"/><T116/><D116/><U5/><E129/><V120/><F2/><W111/><G105/><T26/><D121/><U15/><E132/><V38/><F135/><W89/><G32/><T74/><D1/><U117/><E117/><V0/><F0/><W72/><G134/><T34/><D34/><U96/><E76/><V35/><F35/><W102/><G115/><T123/><D39/><U33/><E33/><V114/><F114/><W83/><G124/><T36/><D36/><U11/><E60/><V44/><F107/><W54/><G130/><T131/><D123/><U6/><REACH who="1" step="1"/><E41/><REACH who="1" ten="379,175,312,124" step="2"/><V100/><F120/><W66/><G63/><T10/><D131/><U56/><AGARI ba="0,1" hai="5,6,7,9,11,14,15,17,51,55,56,96,103,104" machi="56" ten="20,5200,0" yaku="1,1,2,1,0,1,7,1,53,0" doraHai="73" doraHaiUra="40" who="1" fromWho="1" sc="379,-26,175,62,312,-13,124,-13" /><INIT seed="5,0,0,4,5,114" ten="353,237,299,111" oya="1" hai0="40,13,56,12,64,107,8,80,49,116,58,78,106" hai1="62,97,32,68,109,81,95,55,119,36,133,65,0" hai2="93,88,28,130,71,7,92,67,19,99,42,103,2" hai3="118,131,44,123,122,50,38,10,89,113,63,91,125"/><U124/><E0/><V46/><F130/><W132/><G113/><T74/><D116/><U6/><E6/><V54/><F28/><W25/><G38/><T14/><D107/><U72/><E119/><V48/><F71/><W75/><G75/><T70/><D106/><U77/><E32/><V94/><F67/><W30/><G118/><T120/><D120/><U129/><E129/><V135/><F135/><W110/><G131/><T47/><D70/><U39/><E133/><V83/><F83/><W3/><G132/><T84/><D74/><U61/><E124/><V96/><F19/><W43/><G110/><T16/><D64/><U33/><E33/><V22/><F22/><W127/><G123/><T34/><D34/><U126/><E126/><V79/><F79/><W9/><G122/><T20/><REACH who="0" step="1"/><D14/><REACH who="0" ten="343,237,299,111" step="2"/><U41/><E109/><V31/><F2/><W11/><G3/><T45/><D45/><U112/><E112/><V117/><F46/><W1/><G1/><T26/><D26/><U76/><E65/><V108/><F108/><W111/><G111/><T87/><D87/><U69/><E68/><V73/><F73/><W100/><G127/><T102/><D102/><U21/><E69/><V105/><F103/><W4/><G125/><T17/><AGARI ba="0,1" hai="8,12,13,16,17,20,40,47,49,56,58,78,80,84" machi="17" ten="20,8000,1" yaku="1,1,0,1,7,1,8,1,54,1,53,0" doraHai="114" doraHaiUra="104" who="0" fromWho="0" sc="343,90,237,-40,299,-20,111,-20" /><INIT seed="6,0,0,1,3,44" ten="433,197,279,91" oya="2" hai0="131,106,32,7,37,55,71,8,74,84,99,43,52" hai1="79,118,60,13,36,11,4,132,110,58,38,92,72" hai2="105,34,18,5,124,29,113,94,135,51,95,27,57" hai3="107,22,119,116,2,20,10,102,115,127,97,46,67"/><V64/><F113/><W129/><G129/><T25/><D71/><U33/><E33/><V108/><F124/><W128/><G128/><T101/><D131/><U83/><E110/><V91/><F135/><W112/><G67/><T26/><D74/><U77/><E118/><N who="3" m="45098" /><G22/><T41/><D84/><U117/><E117/><V86/><F105/><W85/><G20/><T0/><D37/><U50/><E132/><V49/><F108/><W39/><G85/><T31/><D25/><U103/><E79/><V15/><F5/><N who="3" m="1335" /><G46/><T68/><D68/><U88/><E103/><V123/><F94/><W87/><G87/><T16/><D16/><U1/><E13/><V114/><F114/><N who="3" m="43563" /><G39/><T121/><D121/><U56/><E38/><V17/><F123/><W100/><G100/><T24/><D24/><U78/><E36/><V69/><F69/><W28/><G28/><T6/><D6/><U130/><E130/><V23/><REACH who="2" step="1"/><F18/><REACH who="2" ten="433,197,269,91" step="2"/><W80/><G80/><T66/><D7/><U98/><E83/><V96/><F96/><W59/><G59/><T45/><D99/><U82/><E82/><V9/><F9/><W122/><G122/><T81/><D81/><U90/><E58/><V54/><F54/><W126/><AGARI ba="0,1" hai="97,102,107,126,127" m="43563,1335,45098" machi="126" ten="40,5200,0" yaku="15,1,11,1,23,1" doraHai="44" who="3" fromWho="3" sc="433,-13,197,-13,269,-26,91,62" /><INIT seed="7,0,0,1,2,13" ten="420,184,243,153" oya="3" hai0="52,17,92,135,15,129,71,113,38,39,105,68,72" hai1="53,50,131,80,37,60,16,57,30,83,100,116,70" hai2="61,82,119,79,114,87,41,91,5,1,21,101,128" hai3="22,84,26,12,4,45,76,64,11,126,108,110,44"/><W96/><G64/><T78/><D105/><U55/><E37/><V77/><F119/><W10/><G126/><T69/><D129/><U0/><E0/><V125/><F125/><W109/><G11/><T90/><D135/><U106/><E131/><V130/><F114/><W75/><G75/><T43/><D113/><U124/><E124/><V34/><F34/><W107/><G76/><T94/><D52/><U86/><E30/><V73/><F79/><W103/><REACH who="3" step="1"/><G84/><REACH who="3" ten="420,184,243,143" step="2"/><T59/><D78/><U62/><E86/><N who="2" m="50647" /><F73/><W25/><G25/><T63/><D72/><U7/><E116/><V132/><F87/><W121/><G121/><T133/><D68/><U65/><E70/><V47/><F77/><W112/><G112/><T31/><D71/><U134/><E65/><V104/><F130/><W36/><G36/><T98/><D69/><U32/><E134/><V35/><F132/><W9/><G9/><T127/><D38/><U51/><E83/><V19/><F128/><W24/><G24/><T89/><D127/><U49/><E80/><V67/><F67/><W111/><N who="3" m="27648" /><DORA hai="93" /><W27/><G27/><T20/><D133/><U85/><E85/><V42/><F1/><W56/><G56/><T95/><D59/><U2/><E57/><V74/><F74/><W97/><G97/><T8/><D98/><U46/><E2/><V3/><F3/><W33/><G33/><T54/><D39/><U66/><E32/><V120/><F35/><W23/><G23/><T81/><D81/><U28/><E66/><V117/><F21/><W6/><G6/><T122/><D122/><RYUUKYOKU ba="0,1" sc="420,-10,184,-10,243,-10,143,30" hai3="4,10,12,22,26,44,45,96,103,107" /><INIT seed="7,1,1,2,2,126" ten="410,174,233,173" oya="3" hai0="47,110,52,49,112,46,92,100,20,28,115,50,75" hai1="29,96,119,57,2,36,76,59,125,105,70,54,128" hai2="71,61,101,60,131,97,78,22,26,108,31,21,42" hai3="4,44,3,51,9,87,134,89,25,66,86,130,77"/><W81/><G134/><T14/><D110/><U94/><E105/><V72/><F108/><W17/><G66/><T32/><D75/><U116/><E128/><V120/><F131/><W91/><G130/><T109/><D109/><U90/><E2/><V13/><F42/><W117/><G117/><N who="1" m="45130" /><E125/><V35/><F120/><W82/><G77/><T45/><D32/><U43/><E70/><V135/><F135/><W123/><G123/><T88/><D100/><U113/><E113/><N who="0" m="43593" /><D49/><U121/><E29/><V7/><F72/><W79/><G79/><T33/><D33/><U83/><E54/><V68/><F68/><W48/><REACH who="3" step="1"/><G44/><REACH who="3" ten="410,174,233,163" step="2"/><T41/><D46/><N who="1" m="23911" /><E121/><V19/><F78/><W37/><G37/><T40/><D47/><U80/><E76/><V1/><F71/><W69/><G69/><T58/><D45/><U93/><E59/><V106/><F61/><W111/><G111/><T127/><D127/><U99/><E57/><V73/><F60/><W5/><G5/><T10/><D41/><U63/><E63/><V23/><F73/><W0/><G0/><T16/><D40/><U39/><E39/><V129/><F129/><W132/><G132/><T62/><D62/><U67/><E67/><V18/><F1/><W122/><G122/><T103/><D58/><U38/><E38/><V34/><F7/><W74/><G74/><T114/><D114/><U30/><E30/><V84/><F31/><W133/><G133/><T98/><D28/><U107/><E107/><V55/><F106/><W104/><G104/><T56/><D103/><AGARI ba="1,2" hai="80,83,90,93,94,96,99,103" m="23911,45130" machi="103" ten="30,1000,0" yaku="12,1" doraHai="126" who="1" fromWho="0" sc="410,-13,174,33,233,0,163,0" owari="397,50.0,207,-19.0,233,3.0,163,-34.0" /></mjloggm>