<mjloggm ver="2.3"><GO type="169" lobby="0"/><UN n0="%47%E9%9B%80" n1="%E3%83%88%E3%83%88%E3%83%AA%E5%85%88%E7%94%9F%31%39%E6%AD%B3" n2="%E7%99%BD%E3%81%99%E3%81%B4%E3%81%A3%E3%81%A4%EF%BC%A0%E5%8D%8A%E8%8D%98" n3="%E3%83%9E%E3%83%A1%E3%83%9D%E3%82%B3" dan="16,18,16,16" rate="2136.36,2199.23,2095.27,2096.28" sx="M,F,M,M"/><TAIKYOKU oya="0"/><INIT seed="0,0,0,3,4,59" ten="250,250,250,250" oya="0" hai0="86,108,17,80,32,72,49,25,73,98,125,118,46" hai1="82,58,126,103,104,30,74,18,3,65,0,64,101" hai2="106,66,96,35,75,48,93,23,132,133,62,134,22" hai3="129,52,10,113,70,34,38,20,71,105,8,110,69"/><T87/><D118/><U40/><E126/><V107/><F35/><W85/><G34/><T56/><D125/><U7/><E30/><V28/><F75/><W2/><G38/><T135/><D87/><U123/><E123/><V53/><F53/><W57/><G105/><N who="2" m="39945" /><F28/><W130/><G113/><T1/><D1/><U114/><E114/><V68/><F48/><W39/><G39/><T14/><D56/><U31/><E31/><V36/><F36/><W41/><G41/><T42/><D25/><U84/><E74/><V94/><F94/><W15/><G85/><T44/><D32/><U88/><E40/><V6/><F6/><W91/><G91/><AGARI ba="0,0" hai="22,23,62,66,68,91,93,96,132,133,134" m="39945" machi="91" ten="40,2600,0" yaku="20,1,52,1" doraHai="59" who="2" fromWho="3" sc="250,0,250,0,250,26,250,-26" /><INIT seed="1,0,0,0,3,44" ten="250,250,276,224" oya="1" hai0="110,5,35,74,30,95,66,117,103,46,91,126,109" hai1="2,90,106,28,47,39,67,94,114,113,42,64,11" hai2="80,101,127,26,83,82,21,41,37,87,115,86,129" hai3="53,88,89,22,85,60,112,20,62,107,38,65,45"/><U96/><E106/><V75/><F75/><W25/><G107/><T84/><D74/><U19/><E28/><V102/><F129/><W4/><G4/><T63/><D117/><U69/><E19/><V54/><F127/><W130/><G130/><T49/><D126/><U15/><E15/><V135/><F135/><W122/><G112/><T36/><D103/><U73/><E73/><V40/><F115/><W51/><G38/><T31/><D5/><U77/><E77/><V9/><F9/><W124/><G122/><T118/><D118/><U32/><E32/><V55/><F37/><W0/><G0/><T57/><D36/><U14/><E67/><V116/><F116/><W56/><G124/><T72/><D72/><U1/><E1/><V23/><REACH who="2" step="1"/><F83/><REACH who="2" ten="250,250,266,224" step="2"/><W81/><G25/><AGARI ba="0,1" hai="21,23,25,26,40,41,54,55,80,82,86,87,101,102" machi="25" ten="25,8000,1" yaku="1,1,2,1,22,2,8,1,53,0" doraHai="44" doraHaiUra="100" who="2" fromWho="3" sc="250,0,250,0,266,90,224,-80" /><INIT seed="2,0,0,2,5,74" ten="250,250,356,144" oya="2" hai0="93,2,73,19,76,112,15,125,40,99,89,68,107" hai1="55,91,18,131,61,120,32,67,38,79,58,8,97" hai2="33,78,50,37,31,63,20,116,65,28,96,77,59" hai3="126,113,12,95,122,0,45,106,134,104,72,128,85"/><V54/><F116/><W5/><G0/><T22/><D2/><U119/><E119/><V39/><F33/><W57/><G72/><T42/><D68/><U25/><E38/><V80/><F96/><W16/><G122/><T14/><D112/><U108/><E108/><V24/><F31/><W88/><G5/><T35/><D35/><U102/><E131/><V53/><F53/><W56/><G128/><T27/><D107/><U29/><E91/><V118/><F118/><W121/><G121/><T98/><D98/><U90/><E90/><V51/><F51/><W92/><G113/><T103/><D89/><U60/><E120/><V7/><F7/><W13/><G13/><T1/><D1/><U75/><E8/><V124/><F124/><W4/><G4/><T127/><D40/><U49/><E18/><V6/><F6/><W17/><G17/><T23/><D42/><U21/><E32/><V26/><F26/><W123/><G123/><T41/><D41/><U129/><E129/><V3/><F3/><W135/><G126/><N who="0" m="48139" /><D23/><U105/><E67/><V46/><REACH who="2" step="1"/><F78/><REACH who="2" ten="250,250,346,144" step="2"/><W114/><G114/><T115/><D115/><U101/><E97/><V66/><F66/><W71/><G106/><T34/><D34/><U84/><E105/><V70/><F70/><W30/><G71/><T47/><D27/><U130/><E130/><V86/><AGARI ba="0,1" hai="20,24,28,37,39,46,50,54,59,63,65,77,80,86" machi="86" ten="20,12000,1" yaku="1,1,0,1,7,1,52,1,53,1" doraHai="74" doraHaiUra="83" who="2" fromWho="2" sc="250,-40,250,-40,346,130,144,-40" /><INIT seed="2,1,0,0,4,0" ten="210,210,476,104" oya="2" hai0="24,60,68,96,134,90,37,103,125,95,100,46,19" hai1="75,94,80,104,41,45,89,79,126,33,28,58,98" hai2="59,120,21,119,42,2,63,70,38,81,32,82,88" hai3="102,30,12,109,132,20,111,86,131,61,18,67,113"/><V40/><F119/><W108/><G113/><T122/><D122/><U44/><E126/><V43/><F32/><W23/><G132/><T110/><D125/><U130/><E130/><V4/><F70/><W22/><G131/><T72/><D72/><U56/><E44/><V25/><F120/><W124/><G124/><T1/><D1/><U26/><REACH who="1" step="1"/><E104/><REACH who="1" ten="210,200,476,104" step="2"/><V27/><F38/><AGARI ba="1,1" hai="26,28,33,38,41,45,56,58,75,79,80,89,94,98" machi="38" ten="30,7700,0" yaku="1,1,2,1,7,1,53,1" doraHai="0" doraHaiUra="107" who="1" fromWho="2" sc="210,0,200,90,476,-80,104,0" /><INIT seed="3,0,0,3,2,75" ten="210,290,396,104" oya="3" hai0="105,16,126,19,112,122,65,12,130,92,99,121,64" hai1="43,118,17,70,119,84,95,44,80,86,9,115,47" hai2="56,35,109,124,104,50,102,14,110,15,60,111,98" hai3="6,79,46,77,39,30,36,4,25,58,128,67,0"/><W7/><G0/><T33/><D105/><U94/><E115/><V93/><F124/><W3/><G3/><T85/><D33/><U106/><E106/><V18/><F35/><W69/><G69/><T68/><D68/><U10/><E70/><V55/><F93/><W52/><G128/><T34/><D34/><U27/><E27/><V101/><F101/><W51/><G67/><T2/><D2/><U120/><E120/><V21/><F60/><W23/><REACH who="3" step="1"/><G46/><REACH who="3" ten="210,290,396,94" step="2"/><T8/><D130/><U54/><E47/><V83/><F110/><W26/><G26/><T32/><D112/><U76/><E44/><V78/><F111/><W61/><G61/><T116/><D126/><U100/><E118/><V28/><F109/><W42/><G42/><T132/><D116/><U117/><E43/><V91/><F55/><W73/><G73/><T1/><D1/><U114/><E114/><V74/><F14/><W53/><G53/><T87/><D121/><U97/><E117/><V96/><F15/><W29/><G29/><T13/><D122/><U11/><E54/><V134/><F28/><W57/><G57/><T129/><D129/><U20/><E119/><V62/><F56/><W103/><G103/><T66/><D32/><U40/><E40/><V88/><F62/><W125/><G125/><T22/><D132/><U31/><E31/><V89/><F102/><AGARI ba="0,1" hai="8,12,13,16,19,22,64,65,66,85,87,92,99,102" machi="102" ten="40,2600,0" yaku="8,1,54,1" doraHai="75" who="0" fromWho="2" sc="210,36,290,0,396,-26,94,0" /><INIT seed="4,0,0,3,4,86" ten="246,290,370,94" oya="0" hai0="59,4,15,23,80,20,94,11,133,115,130,113,132" hai1="83,87,107,103,56,119,71,42,12,100,40,58,49" hai2="41,106,18,3,28,72,117,95,55,79,126,21,97" hai3="13,57,37,68,116,22,27,125,64,78,96,134,73"/><T84/><D94/><U122/><E119/><V30/><F3/><W98/><G116/><T38/><D38/><U25/><E71/><V62/><F106/><W33/><G37/><T92/><D92/><U114/><E122/><V102/><F126/><W36/><G36/><T50/><D130/><U8/><E25/><V26/><F117/><W90/><G68/><T0/><D50/><U69/><E69/><V128/><F128/><W108/><G108/><T53/><D53/><N who="1" m="31791" /><E58/><N who="2" m="35167" /><F72/><W52/><G64/><T34/><D59/><U44/><E114/><N who="0" m="43529" /><D34/><U45/><E107/><V101/><F79/><W112/><G112/><T82/><D82/><U2/><E2/><V93/><F41/><N who="1" m="15977" /><E103/><V63/><F63/><W19/><G125/><T74/><D74/><U51/><E100/><V131/><F131/><W67/><G67/><T89/><D0/><U48/><E48/><V61/><F61/><W17/><G33/><T16/><D4/><N who="1" m="3079" /><E51/><V70/><F70/><W60/><G73/><T123/><D123/><U85/><E83/><V47/><F47/><AGARI ba="0,0" hai="44,45,47,85,87" m="3079,15977,31791" machi="47" ten="30,1000,0" yaku="8,1" doraHai="86" who="1" fromWho="2" sc="246,0,290,10,370,-10,94,0" /><INIT seed="5,0,0,2,3,58" ten="246,300,360,94" oya="1" hai0="76,104,52,99,62,101,46,109,123,47,125,89,29" hai1="51,33,77,22,5,114,21,68,44,24,4,92,17" hai2="16,118,50,116,120,129,38,56,121,73,45,31,60" hai3="135,128,130,71,122,133,93,102,12,86,83,65,110"/><U84/><E68/><V90/><F73/><W11/><G122/><T59/><D109/><U88/><E33/><V72/><F72/><W87/><G110/><T48/><D123/><U74/><E114/><V14/><F31/><W107/><G71/><T82/><D125/><U108/><E108/><V81/><F38/><W7/><G65/><T103/><D29/><U6/><E74/><V23/><F129/><N who="3" m="49771" /><G107/><T113/><D113/><U3/><E77/><V127/><F127/><W41/><G41/><T94/><D46/><U75/><E75/><V57/><F56/><W112/><G112/><T28/><D28/><U37/><E21/><V124/><F90/><N who="3" m="53471" /><G102/><T96/><D82/><U115/><E37/><V13/><F81/><W106/><G106/><T134/><D134/><U54/><REACH who="1" step="1"/><E115/><REACH who="1" ten="246,290,360,94" step="2"/><V61/><F124/><W97/><G97/><T1/><D76/><AGARI ba="0,1" hai="7,11,12,76,83,86,133,135" m="53471,49771" machi="76" ten="30,1000,0" yaku="19,1" doraHai="58" who="3" fromWho="0" sc="246,-10,290,0,360,0,94,20" /><INIT seed="6,0,0,2,5,79" ten="236,290,360,114" oya="2" hai0="45,66,100,110,69,94,20,39,50,38,135,72,75" hai1="63,31,102,22,89,67,132,124,32,87,23,7,80" hai2="27,52,30,13,128,29,90,112,9,6,24,105,122" hai3="57,120,11,106,10,17,28,36,130,56,64,129,76"/><V97/><F122/><W21/><G120/><T117/><D110/><U62/><E132/><V33/><F128/><N who="3" m="49259" /><G106/><T43/><D135/><U26/><E124/><V59/><F112/><W47/><G76/><T125/><D125/><U61/><E67/><V104/><F90/><W71/><G28/><T18/><D117/><U78/><E102/><V51/><REACH who="2" step="1"/><F97/><REACH who="2" ten="236,290,350,114" step="2"/><W114/><G114/><T99/><D39/><U41/><E89/><V134/><F134/><W81/><G36/><T53/><D69/><U93/><E78/><V83/><F83/><W113/><G81/><T133/><D133/><U109/><E80/><V121/><F121/><W54/><G71/><T119/><D119/><U77/><E77/><V15/><F15/><W8/><G113/><T3/><D3/><U2/><E109/><V95/><F95/><W103/><G103/><T98/><D98/><U12/><E93/><V16/><F16/><W85/><G85/><T60/><D38/><U86/><E2/><V48/><F48/><W19/><G19/><T4/><D75/><U68/><E68/><V0/><F0/><W42/><G17/><T14/><D72/><U92/><E92/><V55/><F55/><W126/><G126/><T82/><D82/><U118/><E118/><V111/><F111/><W73/><G73/><T131/><D131/><U5/><E12/><V70/><F70/><W40/><G64/><T96/><D96/><U49/><E86/><V34/><AGARI ba="0,1" hai="6,9,13,24,27,29,30,33,34,51,52,59,104,105" machi="34" ten="20,18000,2" yaku="1,1,0,1,7,1,9,1,54,1,53,2" doraHai="79" doraHaiUra="25" who="2" fromWho="2" sc="236,-60,290,-60,350,190,114,-60" /><INIT seed="6,1,0,3,4,40" ten="176,230,540,54" oya="2" hai0="70,123,42,63,111,37,77,117,78,8,45,13,47" hai1="122,121,57,87,48,22,36,54,93,76,51,133,92" hai2="1,85,9,52,59,96,67,71,94,131,60,86,35" hai3="109,64,17,113,106,28,27,68,29,11,108,7,107"/><V129/><F35/><W81/><G81/><T18/><D111/><U10/><E36/><V99/><F1/><W90/><G90/><T56/><D123/><N who="1" m="47115" /><E133/><V41/><F41/><W97/><G17/><T33/><D33/><U62/><E22/><V102/><F9/><W44/><G97/><T38/><D70/><U135/><E135/><V25/><F25/><W91/><G91/><T124/><D117/><U50/><E10/><V112/><F112/><W32/><G29/><T14/><D45/><U114/><E114/><V120/><F99/><W115/><G44/><T2/><D2/><U39/><E39/><V74/><F74/><W72/><G72/><T26/><D38/><U73/><E73/><V66/><F66/><W43/><G43/><T104/><D104/><N who="3" m="39977" /><G115/><T88/><D26/><U105/><E105/><V49/><F120/><W100/><G100/><T130/><D14/><U23/><E23/><V30/><F30/><W119/><G113/><T55/><D88/><N who="1" m="53279" /><E93/><V103/><F103/><W110/><G119/><T19/><D19/><U84/><E84/><V12/><F12/><W128/><G110/><T89/><D89/><U116/><E76/><V21/><F21/><W83/><G109/><T15/><D77/><U65/><E116/><V4/><F4/><W69/><G108/><T3/><D78/><U31/><E31/><V53/><F53/><AGARI ba="1,0" hai="48,50,51,53,54,57,62,65" m="53279,47115" machi="53" ten="30,2000,0" yaku="13,1,54,1" doraHai="40" who="1" fromWho="2" sc="176,0,230,23,540,-23,54,0" /><INIT seed="7,0,0,3,4,25" ten="176,253,517,54" oya="3" hai0="51,50,123,8,95,102,41,85,129,128,87,66,13" hai1="112,5,110,104,7,2,86,36,12,67,56,73,19" hai2="42,22,117,91,35,108,74,113,16,10,58,79,89" hai3="71,72,81,46,15,63,83,31,69,60,14,76,119"/><W44/><G76/><T93/><D66/><U105/><E110/><V103/><F108/><W33/><G72/><T39/><D39/><U37/><E73/><V75/><F117/><W4/><G4/><BYE who="3" /><N who="0" m="3207" /><D123/><U40/><E112/><V43/><F35/><W116/><G116/><T98/><D41/><U100/><E86/><N who="0" m="32777" /><D93/><U118/><E118/><V26/><F103/><UN n3="%E3%83%9E%E3%83%A1%E3%83%9D%E3%82%B3" /><W92/><G119/><T111/><D111/><U61/><E100/><V90/><F79/><W24/><G92/><T133/><D133/><U96/><E40/><V53/><F113/><W80/><G14/><T6/><D6/><U59/><E12/><N who="2" m="7191" /><F74/><W1/><G15/><T114/><D114/><U20/><E67/><V47/><F47/><W23/><G1/><T107/><D107/><U54/><E2/><V122/><F75/><W32/><G69/><T130/><AGARI ba="0,0" hai="50,51,95,98,102,128,129,130" m="32777,3207" machi="130" ten="40,1500,0" yaku="19,1" doraHai="25" who="0" fromWho="0" sc="176,15,253,-4,517,-4,54,-7" owari="191,-21.0,249,5.0,513,61.0,47,-45.0" /></mjloggm>