<mjloggm ver="2.3"><GO type="169" lobby="0"/><UN n0="%E3%83%88%E3%83%88%E3%83%AA%E5%85%88%E7%94%9F%31%39%E6%AD%B3" n1="%66%75%6A%69%6D%75%72%61" n2="%E7%B7%92%E6%96%B9%E6%99%BA%E7%B5%B5%E9%87%8C%2B" n3="%67%75%73%68" dan="18,16,19,16" rate="2207.11,2171.32,2271.60,2128.08" sx="F,M,M,M"/><TAIKYOKU oya="0"/><INIT seed="0,0,0,1,4,95" ten="250,250,250,250" oya="0" hai0="119,68,75,40,50,90,130,1,17,58,67,51,25" hai1="88,129,18,46,132,86,131,12,8,101,84,91,56" hai2="49,120,47,111,77,43,78,96,9,61,125,35,74" hai3="109,33,110,31,87,22,57,36,73,112,128,105,11"/><T3/><D119/><U37/><E132/><V124/><F120/><W97/><G73/><T7/><D75/><U62/><E101/><V21/><F35/><W32/><G112/><T45/><D68/><U103/><E103/><V108/><F61/><W15/><G36/><T26/><D130/><U81/><E37/><V60/><F60/><W99/><G87/><T24/><D17/><U121/><E121/><V71/><F71/><W4/><G128/><N who="1" m="49226" /><E46/><V10/><F21/><W114/><G114/><T85/><D7/><U2/><E2/><V42/><F74/><W39/><G39/><T66/><D3/><U70/><E70/><V94/><F43/><W133/><G57/><T102/><D1/><U23/><E23/><V69/><F69/><W28/><G133/><T13/><D13/><U76/><E84/><V0/><F9/><W30/><G22/><T44/><D102/><U135/><E135/><V116/><F116/><W127/><G127/><N who="2" m="48713" /><F10/><W80/><G105/><T92/><REACH who="0" step="1"/><D58/><REACH who="0" ten="240,250,250,250" step="2"/><U123/><E123/><V34/><F0/><W98/><REACH who="3" step="1"/><G80/><REACH who="3" ten="240,250,250,240" step="2"/><T6/><D6/><U122/><E122/><V41/><F108/><AGARI ba="0,2" hai="4,11,15,28,30,31,32,33,97,98,99,108,109,110" machi="108" ten="50,12000,2" yaku="1,1,2,1,14,1,52,3,53,0" doraHai="95" doraHaiUra="83" who="3" fromWho="2" sc="240,0,250,0,250,-120,240,140" /><INIT seed="1,0,0,4,0,32" ten="240,250,130,380" oya="1" hai0="118,48,38,121,134,5,22,29,74,26,6,24,2" hai1="96,104,116,39,64,35,86,122,37,21,44,89,114" hai2="40,80,65,100,78,72,50,110,42,10,95,107,4" hai3="12,46,98,103,51,133,99,77,130,55,11,45,63"/><U52/><E35/><V31/><F110/><W47/><G130/><T59/><D118/><U93/><E116/><V25/><F107/><W90/><G77/><T75/><D38/><U105/><E114/><V57/><F100/><W67/><G90/><T41/><D134/><U108/><E64/><V79/><F79/><W19/><G133/><T87/><D121/><U81/><E122/><V0/><F95/><W23/><G11/><T83/><D24/><U16/><E105/><V120/><F120/><W109/><G109/><T91/><D5/><U53/><E104/><V1/><F1/><W85/><G85/><T71/><D71/><U70/><E70/><V102/><F102/><W43/><G103/><T119/><D119/><U49/><E53/><V127/><F127/><W123/><G123/><T113/><D113/><U131/><E131/><V82/><F82/><W8/><G8/><T88/><D6/><U115/><E115/><V125/><F125/><W58/><G46/><T20/><D2/><U135/><E135/><V111/><F111/><W66/><G67/><T62/><D20/><U14/><REACH who="1" step="1"/><E108/><REACH who="1" ten="240,240,130,380" step="2"/><V15/><F65/><W9/><G66/><N who="0" m="39263" /><D74/><U124/><E124/><V112/><F112/><W94/><G55/><T76/><D75/><U13/><E13/><V97/><F15/><W17/><G12/><T101/><D101/><AGARI ba="0,1" hai="14,16,21,37,39,44,49,52,81,86,89,93,96,101" machi="101" ten="30,11600,0" yaku="1,1,7,1,54,2,53,0" doraHai="32" doraHaiUra="27" who="1" fromWho="0" sc="240,-116,240,126,130,0,380,0" /><INIT seed="1,1,0,1,4,84" ten="124,366,130,380" oya="1" hai0="97,55,100,86,10,48,7,66,14,49,128,26,123" hai1="13,76,20,11,91,133,43,12,121,99,2,80,109" hai2="29,131,1,56,105,130,132,34,103,106,75,72,36" hai3="135,35,53,94,8,85,17,95,57,16,113,40,45"/><U127/><E121/><V24/><F56/><W4/><G35/><T129/><D123/><U50/><E2/><V110/><F1/><W46/><G113/><T83/><D66/><U117/><E117/><V59/><F59/><W88/><G135/><T124/><D124/><U107/><E133/><V63/><F132/><W9/><G95/><T52/><D26/><U73/><E127/><V31/><F36/><W115/><G115/><T38/><D38/><U87/><E20/><V78/><F29/><W92/><G92/><N who="0" m="58407" /><D128/><N who="2" m="49194" /><F110/><W96/><G96/><T69/><D69/><U25/><E25/><V21/><F63/><N who="3" m="36271" /><G4/><T62/><D129/><U112/><E112/><V18/><F103/><W19/><G40/><T23/><D23/><U81/><E109/><V77/><F106/><W120/><G120/><T98/><D98/><U15/><E99/><V39/><F39/><W125/><G125/><T111/><D111/><U22/><E107/><V3/><F3/><W47/><AGARI ba="1,0" hai="8,9,16,17,19,45,46,47,85,88,94" m="36271" machi="47" ten="30,7900,0" yaku="8,1,52,1,54,2" doraHai="84" who="3" fromWho="3" sc="124,-21,366,-40,130,-21,380,82" /><INIT seed="2,0,0,4,4,118" ten="103,326,109,462" oya="2" hai0="117,116,123,130,60,115,56,49,124,23,46,66,3" hai1="128,36,76,112,84,134,81,110,113,126,93,99,14" hai2="47,57,83,59,44,70,0,114,31,132,6,120,9" hai3="37,125,111,73,94,121,51,17,12,72,96,107,20"/><V103/><F114/><W63/><G37/><T102/><D115/><U98/><E36/><V97/><F70/><W42/><G107/><T2/><D130/><U69/><E69/><V28/><F132/><W22/><G121/><T35/><D35/><U75/><E14/><V48/><F120/><W33/><G33/><T89/><D123/><U92/><E128/><V5/><F83/><W7/><G7/><T105/><D124/><U52/><E52/><V95/><F44/><W67/><G111/><T71/><D89/><U8/><E8/><V104/><F6/><W108/><G108/><T13/><D71/><U24/><E24/><V62/><F104/><W41/><G22/><T10/><D23/><U26/><E26/><V65/><REACH who="2" step="1"/><F59/><REACH who="2" ten="103,326,99,462" step="2"/><W29/><G125/><T127/><D127/><U18/><E126/><V85/><F85/><W88/><G72/><T82/><D82/><U122/><E134/><V91/><F91/><W86/><G73/><T38/><D105/><U78/><E122/><V100/><F100/><W79/><G86/><T61/><D102/><U1/><E84/><V119/><F119/><W19/><G88/><T90/><D90/><U16/><E81/><V43/><AGARI ba="0,1" hai="0,5,9,28,31,43,47,48,57,62,65,95,97,103" machi="43" ten="20,3900,0" yaku="1,1,0,1,7,1,53,0" doraHai="118" doraHaiUra="87" who="2" fromWho="2" sc="103,-13,326,-13,99,49,462,-13" /><INIT seed="2,1,0,3,0,67" ten="90,313,148,449" oya="2" hai0="70,7,131,83,64,44,47,63,76,119,57,35,36" hai1="103,2,38,31,125,15,69,21,72,122,87,74,84" hai2="129,134,130,56,104,92,46,23,14,27,133,12,108" hai3="41,65,77,43,113,88,22,128,99,39,16,82,17"/><V55/><F104/><W45/><G128/><N who="2" m="49257" /><F46/><W61/><G43/><T49/><D131/><U19/><E38/><V58/><F92/><W100/><G88/><T11/><D35/><U117/><E117/><V0/><F0/><W60/><G113/><T81/><D119/><U75/><E2/><V3/><F3/><W107/><G22/><T127/><D127/><U24/><E125/><V33/><F33/><W115/><G60/><T54/><D47/><U106/><E122/><V96/><F96/><W95/><G107/><T52/><D76/><U111/><E111/><V1/><F1/><W32/><G32/><T123/><D123/><U13/><E13/><N who="2" m="5227" /><F108/><W42/><G42/><N who="0" m="22599" /><D54/><U97/><E87/><V53/><F27/><W10/><G115/><T9/><D7/><U132/><E84/><V114/><F114/><W101/><G101/><T59/><D59/><N who="2" m="22570" /><F23/><W50/><G39/><T68/><D68/><U62/><E15/><V78/><F78/><W110/><G110/><T105/><D105/><U135/><E19/><V6/><F6/><W66/><G17/><T89/><D89/><U121/><E121/><V48/><F48/><W118/><G118/><T71/><D71/><U20/><E20/><V98/><F98/><W102/><G99/><T18/><D18/><U8/><E8/><AGARI ba="1,0" hai="8,9,11,49,52,57,63,64,70,81,83" m="22599" machi="8" ten="30,3900,0" yaku="24,1,52,1,54,1" doraHai="67" who="0" fromWho="1" sc="90,42,313,-42,148,0,449,0" /><INIT seed="3,0,0,1,4,30" ten="132,271,148,449" oya="3" hai0="5,87,37,109,121,31,108,49,102,112,114,62,69" hai1="117,123,90,101,96,23,46,7,4,134,73,42,24" hai2="35,19,61,104,32,68,83,12,44,11,71,29,50" hai3="93,56,28,8,53,78,33,14,86,129,79,100,6"/><W0/><G129/><T2/><D37/><U63/><E73/><V55/><F104/><W120/><G120/><T76/><D121/><U48/><E123/><V94/><F29/><W43/><G43/><T36/><D36/><U95/><E134/><V3/><F3/><W52/><G53/><T66/><D102/><U130/><E130/><V38/><F38/><W10/><G28/><T132/><D132/><U119/><E63/><V72/><F94/><W20/><G33/><N who="2" m="12873" /><F72/><W45/><G45/><T75/><D31/><N who="1" m="17823" /><E101/><V65/><F65/><W16/><G8/><N who="0" m="2103" /><D87/><U113/><E113/><N who="0" m="43625" /><D49/><U39/><E39/><V89/><F61/><W25/><G0/><T98/><D98/><U126/><E126/><V84/><AGARI ba="0,0" hai="11,12,19,44,50,55,68,71,83,84,89" m="12873" machi="84" ten="30,7900,0" yaku="25,1,52,3" doraHai="30" who="2" fromWho="2" sc="132,-20,271,-20,148,79,449,-39" /><INIT seed="4,0,0,2,2,129" ten="112,251,227,410" oya="0" hai0="13,81,96,4,90,67,25,54,16,45,127,84,101" hai1="121,74,82,0,78,6,71,112,50,98,22,3,2" hai2="97,59,111,38,85,66,92,75,108,23,56,52,47" hai3="46,72,62,122,26,110,88,17,106,114,1,64,126"/><T58/><D127/><U133/><E121/><V70/><F75/><W28/><G110/><T12/><D67/><U40/><E71/><V35/><F35/><W91/><G122/><T105/><D4/><U21/><E6/><V76/><F70/><W37/><G126/><T116/><D45/><U65/><E65/><V87/><F38/><W80/><G106/><T118/><D12/><U93/><E112/><V32/><F32/><W31/><G1/><T79/><D25/><U7/><E7/><V11/><F11/><W77/><G114/><T120/><D120/><U124/><E124/><V43/><F43/><W42/><G17/><T18/><D79/><U115/><E115/><V8/><F8/><W34/><G28/><T9/><REACH who="0" step="1"/><D18/><REACH who="0" ten="102,251,227,410" step="2"/><U57/><E3/><V86/><F76/><W36/><G37/><T29/><D29/><U135/><E2/><V94/><F66/><W68/><AGARI ba="0,1" hai="26,31,34,36,42,46,62,64,68,72,77,80,88,91" machi="68" ten="20,2700,0" yaku="0,1,7,1,54,1" doraHai="129" who="3" fromWho="3" sc="102,-13,251,-7,227,-7,410,37" /><INIT seed="5,0,0,2,1,97" ten="89,244,220,447" oya="1" hai0="45,62,66,103,135,38,64,99,28,77,130,33,35" hai1="111,79,87,81,56,20,23,15,21,54,93,4,82" hai2="108,32,110,90,109,46,123,53,122,85,48,65,11" hai3="89,22,12,114,24,59,76,128,6,124,57,0,30"/><U69/><E69/><V117/><F32/><W112/><G124/><T44/><D130/><U126/><E126/><V133/><F117/><W73/><G0/><T40/><D135/><U70/><E70/><V16/><F65/><W67/><G128/><T120/><D120/><U52/><E111/><V7/><F133/><W31/><G31/><T74/><D28/><U13/><E4/><V55/><F53/><W29/><G29/><T119/><D119/><U34/><E34/><V49/><F48/><W94/><G76/><T134/><D64/><U125/><E54/><V100/><F7/><W26/><G26/><T1/><D1/><U98/><E82/><N who="2" m="49463" /><F100/><W47/><G47/><T104/><D44/><U96/><E96/><V86/><F86/><N who="3" m="52535" /><G73/><T2/><D2/><U113/><E113/><N who="3" m="43626" /><G67/><T102/><D102/><N who="1" m="60751" /><E125/><V105/><F105/><W131/><G131/><T19/><D19/><U58/><E58/><V72/><F72/><W14/><G14/><AGARI ba="0,0" hai="11,14,16,46,49,55,108,109,110,122,123" m="49463" machi="14" ten="30,2000,0" yaku="25,1,54,1" doraHai="97" who="2" fromWho="3" sc="89,0,244,0,220,20,447,-20" /><INIT seed="6,0,0,3,1,125" ten="89,244,240,427" oya="2" hai0="55,128,1,133,30,65,88,101,51,114,34,54,107" hai1="102,120,84,116,37,40,9,124,134,25,70,39,85" hai2="67,127,47,112,92,69,52,18,94,50,0,33,115" hai3="24,129,75,76,56,99,20,123,28,89,19,63,119"/><V21/><F127/><W17/><G119/><T43/><D1/><U108/><E70/><V16/><F33/><W57/><G123/><T32/><D114/><N who="2" m="43562" /><F0/><W81/><G56/><T78/><D133/><U118/><E134/><V23/><F67/><W98/><G89/><T105/><D78/><U109/><E124/><V95/><F69/><W100/><G98/><T42/><D51/><U104/><E25/><N who="2" m="14503" /><F94/><W73/><G75/><T80/><D88/><U91/><E120/><V90/><F90/><W117/><G117/><T29/><D65/><U35/><E91/><V60/><F60/><W31/><G31/><T111/><D80/><U113/><E35/><V5/><F5/><W44/><G63/><T103/><REACH who="0" step="1"/><D111/><REACH who="0" ten="79,244,240,427" step="2"/><U2/><E113/><V8/><F8/><W86/><G81/><T49/><D49/><U77/><E9/><V131/><F50/><W135/><G135/><T41/><D41/><U106/><E40/><V83/><F83/><W82/><G82/><T87/><D87/><U132/><E132/><V62/><F62/><W10/><G76/><T53/><D53/><U130/><E2/><V121/><F52/><W3/><G3/><T96/><D96/><U79/><E102/><V38/><F121/><W72/><G99/><T22/><D22/><U13/><E39/><V122/><F23/><W68/><G100/><T59/><D59/><U27/><E37/><V6/><F122/><W14/><G20/><T7/><D7/><U64/><E64/><V36/><F6/><W45/><G57/><T126/><D126/><U61/><E61/><V11/><F11/><RYUUKYOKU ba="0,1" sc="79,30,244,-10,240,-10,427,-10" hai0="29,30,32,34,42,43,54,55,101,103,105,107,128" /><INIT seed="7,1,1,4,5,53" ten="109,234,230,417" oya="3" hai0="66,94,17,13,52,135,19,86,44,23,26,80,56" hai1="74,38,105,45,28,134,10,104,119,15,51,109,68" hai2="95,8,92,63,7,123,12,11,31,32,102,46,40" hai3="41,88,110,111,107,60,98,128,113,87,122,70,54"/><W82/><G122/><T72/><D135/><U115/><E74/><V4/><F123/><W29/><G113/><T83/><D72/><U120/><E120/><V50/><F32/><W114/><G114/><T81/><D66/><U93/><E109/><V64/><F31/><W2/><G2/><T79/><D44/><U20/><E68/><V89/><F102/><W0/><G0/><T126/><D94/><U103/><E38/><V76/><F76/><W100/><G41/><T99/><D99/><U3/><E3/><V5/><F11/><W124/><G128/><T69/><D69/><U39/><E39/><V101/><F101/><W97/><G97/><T36/><D36/><U117/><E115/><V42/><F42/><W77/><G124/><T57/><D126/><U18/><E134/><V85/><F95/><W37/><G37/><T91/><D79/><U78/><E78/><V55/><F40/><W25/><G77/><T62/><REACH who="0" step="1"/><D57/><AGARI ba="1,1" hai="4,5,7,8,12,46,50,55,57,63,64,85,89,92" machi="57" ten="30,3900,0" yaku="7,1,8,1,52,1" doraHai="53" who="2" fromWho="0" sc="109,-42,234,0,230,52,417,0" owari="67,-43.0,234,-17.0,282,8.0,417,52.0" /></mjloggm>