<mjloggm ver="2.3"><GO type="169" lobby="0"/><UN n0="%E3%83%AA%E3%83%A7%E3%82%AA" n1="%E9%BE%8D%E9%96%80%E6%B8%95%E9%80%8F%E8%8F%AF" n2="%E3%83%88%E3%83%88%E3%83%AA%E5%85%88%E7%94%9F%31%39%E6%AD%B3" n3="%67%69%62%6F%6E" dan="16,16,18,16" rate="2158.30,2063.39,2207.20,2018.13" sx="M,F,F,M"/><TAIKYOKU oya="0"/><INIT seed="0,0,0,1,4,11" ten="250,250,250,250" oya="0" hai0="108,54,32,127,45,115,41,98,124,109,69,134,27" hai1="113,29,22,38,120,74,102,28,71,111,60,55,62" hai2="129,53,21,76,103,17,83,97,116,75,31,68,119" hai3="14,50,123,73,24,59,84,72,117,131,51,89,8"/><T65/><D115/><U64/><E113/><V66/><F129/><W6/><G117/><N who="2" m="45129" /><F31/><W34/><G131/><T61/><D98/><U118/><E120/><V114/><F53/><BYE who="1" /><W135/><G135/><T94/><BYE who="3" /><D94/><U93/><E93/><N who="2" m="58799" /><F114/><UN n1="%E9%BE%8D%E9%96%80%E6%B8%95%E9%80%8F%E8%8F%AF" /><W105/><G105/><T35/><D54/><U77/><E111/><N who="0" m="42569" /><D134/><UN n3="%67%69%62%6F%6E" /><U121/><E38/><V132/><F132/><W3/><G3/><T2/><D2/><U133/><E133/><V0/><F0/><W49/><G59/><T9/><D9/><U44/><E71/><V47/><F47/><W122/><G24/><T95/><D95/><U57/><E44/><V20/><F17/><W16/><G6/><T5/><D5/><U15/><E55/><V128/><F128/><W18/><G34/><N who="0" m="12843" /><D27/><U58/><E118/><V106/><F106/><W37/><G18/><T96/><D96/><U86/><E121/><N who="3" m="46090" /><G37/><AGARI ba="0,0" hai="37,41,45,61,65,69,124,127" m="12843,42569" machi="37" ten="30,5800,0" yaku="14,1,10,1,23,1" doraHai="11" who="0" fromWho="3" sc="250,58,250,0,250,0,250,-58" /><INIT seed="0,1,0,4,5,70" ten="308,250,250,192" oya="0" hai0="66,38,108,124,87,26,104,81,77,4,96,43,32" hai1="85,122,53,91,49,20,50,97,78,29,40,106,28" hai2="17,98,92,64,52,115,100,63,5,56,120,7,112" hai3="19,9,8,13,6,109,41,54,86,57,27,113,79"/><T99/><D4/><U21/><E122/><V116/><F120/><W12/><G109/><T129/><D124/><U45/><E78/><V14/><F116/><W22/><G113/><T69/><D129/><U84/><E106/><V74/><F74/><W107/><G107/><T33/><D108/><U132/><E97/><V58/><F115/><W16/><G41/><T135/><D135/><U93/><E132/><V114/><F114/><W48/><G86/><T1/><D1/><U95/><E95/><V71/><F71/><W121/><G121/><T36/><D43/><U46/><E84/><V23/><REACH who="2" step="1"/><F112/><REACH who="2" ten="308,250,240,192" step="2"/><W80/><REACH who="3" step="1"/><G80/><REACH who="3" ten="308,250,240,182" step="2"/><N who="0" m="47503" /><D104/><U133/><E133/><V118/><F118/><W131/><G131/><T39/><D81/><U128/><E128/><V101/><F101/><W37/><G37/><T51/><D39/><U105/><E105/><V31/><F31/><AGARI ba="1,2" hai="20,21,28,29,31,40,45,46,49,50,53,85,91,93" machi="31" ten="40,1300,0" yaku="8,1" doraHai="70" who="1" fromWho="2" sc="308,0,250,36,240,-16,182,0" /><INIT seed="1,0,0,3,3,19" ten="308,286,224,182" oya="1" hai0="44,4,18,108,75,31,130,52,41,60,50,135,82" hai1="81,33,16,51,114,84,129,61,0,89,27,116,3" hai2="128,25,10,134,39,78,58,77,104,93,133,120,110" hai3="126,20,100,26,34,94,66,32,83,46,131,72,85"/><U91/><E116/><V22/><F120/><W109/><G72/><T55/><D108/><U62/><E114/><V43/><F104/><W86/><G66/><T54/><D135/><N who="2" m="51722" /><F110/><W53/><G109/><T103/><D103/><U118/><E129/><V99/><F128/><W107/><G107/><T8/><D31/><U73/><E73/><V87/><F87/><W56/><G46/><T90/><D130/><U21/><E33/><V65/><F10/><W64/><G64/><T105/><D105/><U24/><E118/><V57/><F43/><W122/><G122/><T9/><D18/><U80/><E51/><V71/><F39/><W132/><G126/><T92/><D75/><U68/><E68/><V2/><F2/><W123/><G123/><T1/><D82/><U111/><E111/><V14/><F14/><W23/><G131/><T48/><D60/><U127/><E127/><V30/><F71/><W37/><G37/><T96/><REACH who="0" step="1"/><D9/><REACH who="0" ten="298,286,224,182" step="2"/><U11/><E11/><V28/><F28/><W106/><G106/><T119/><D119/><U98/><E16/><N who="2" m="12487" /><F65/><W125/><G132/><T112/><D112/><U79/><E81/><V42/><F30/><N who="3" m="19543" /><G125/><T95/><D95/><U7/><E80/><V59/><F42/><W15/><G83/><T74/><D74/><U45/><E62/><V121/><F121/><W102/><G94/><T97/><D97/><U115/><E98/><V12/><F93/><W5/><G34/><T69/><D69/><U63/><E63/><V38/><F99/><W17/><G17/><T113/><D113/><U6/><E115/><V36/><F78/><RYUUKYOKU ba="0,1" sc="298,30,286,-10,224,-10,182,-10" hai0="1,4,8,41,44,48,50,52,54,55,90,92,96" /><INIT seed="2,1,1,4,0,99" ten="328,276,214,172" oya="2" hai0="62,63,50,22,120,12,39,108,110,19,125,71,106" hai1="66,94,74,18,95,26,97,13,116,42,84,40,119" hai2="109,57,44,128,124,17,100,121,73,105,78,15,65" hai3="112,96,45,30,29,79,37,38,25,111,7,46,130"/><V32/><F121/><W48/><G7/><T16/><D39/><U122/><E74/><V1/><F32/><W131/><G79/><T118/><D120/><U107/><E107/><V54/><F1/><W43/><G111/><N who="0" m="42539" /><D71/><U70/><E122/><V11/><F109/><W2/><G2/><T129/><D125/><U33/><E70/><V23/><F124/><W85/><G85/><T72/><D72/><U9/><E66/><V82/><F128/><N who="3" m="49195" /><G112/><T90/><D90/><U126/><E126/><V93/><F105/><W56/><G56/><T52/><D106/><U20/><E33/><V34/><F34/><N who="3" m="20783" /><G30/><T35/><D35/><U14/><E116/><V41/><F65/><W88/><G46/><N who="0" m="27735" /><D118/><U98/><E119/><V3/><F3/><W117/><G117/><T114/><D114/><U75/><E84/><V21/><F44/><W0/><G0/><T104/><D104/><U86/><E86/><V76/><F76/><W68/><G68/><T60/><D129/><U5/><E75/><V80/><F80/><W113/><G113/><T59/><D19/><U10/><E5/><V132/><F82/><W127/><G127/><T103/><D103/><U55/><E18/><V101/><F78/><W36/><G37/><T134/><D59/><U8/><E98/><V133/><F73/><W92/><AGARI ba="1,1" hai="36,38,43,45,48,88,92,96" m="20783,49195" machi="92" ten="30,2000,0" yaku="19,1,54,1" doraHai="99" who="3" fromWho="3" sc="328,-6,276,-6,214,-11,172,33" /><INIT seed="3,0,0,1,2,89" ten="322,270,203,205" oya="3" hai0="133,39,31,37,54,35,116,126,47,62,21,134,101" hai1="52,60,120,105,41,38,61,121,10,77,118,28,132" hai2="81,42,108,114,67,50,125,78,100,12,119,123,36" hai3="93,65,1,43,24,46,72,79,40,5,3,131,44"/><W86/><G72/><T19/><D116/><U107/><E118/><V97/><F119/><W17/><G65/><T90/><D101/><U122/><E132/><V124/><F114/><W23/><G131/><T98/><D35/><U106/><E77/><V111/><F36/><W2/><G5/><T27/><D31/><U104/><E106/><V26/><F67/><W64/><G64/><T45/><D126/><N who="2" m="48746" /><F12/><W91/><REACH who="3" step="1"/><G79/><REACH who="3" ten="322,270,203,195" step="2"/><T33/><D134/><U9/><E120/><V18/><F123/><W113/><G113/><T76/><D133/><U85/><E121/><V22/><F78/><W57/><G57/><N who="0" m="35127" /><D76/><U29/><E122/><V70/><F70/><W53/><G53/><T130/><D130/><U128/><E52/><V92/><F81/><W15/><G15/><T6/><D6/><U103/><E128/><V49/><F42/><AGARI ba="0,1" hai="1,2,3,17,23,24,40,42,43,44,46,86,91,93" machi="42" ten="40,12000,1" yaku="1,1,52,1,53,3" doraHai="89" doraHaiUra="34" who="3" fromWho="2" sc="322,0,270,0,203,-120,195,130" /><INIT seed="3,1,0,1,4,131" ten="322,270,83,325" oya="3" hai0="36,79,103,26,70,14,135,130,1,80,13,59,23" hai1="67,71,97,6,54,55,76,52,126,41,61,91,129" hai2="3,73,78,100,10,96,72,114,111,68,64,4,122" hai3="84,106,74,98,11,25,58,90,44,29,37,15,18"/><W99/><G74/><T107/><D1/><U50/><E129/><V110/><F114/><W31/><G106/><T60/><D70/><U123/><E6/><V39/><F39/><W82/><G37/><T102/><D36/><U9/><E9/><V65/><F122/><W134/><G134/><T115/><D115/><U133/><E76/><V105/><F65/><W101/><G101/><T86/><D135/><U132/><E123/><V8/><F8/><W56/><G44/><T124/><D124/><U49/><E126/><V46/><F46/><W48/><G48/><N who="1" m="18538" /><E97/><N who="3" m="36874" /><G25/><T28/><D107/><U117/><E91/><V83/><REACH who="2" step="1"/><F72/><REACH who="2" ten="322,270,73,325" step="2"/><W51/><G58/><T62/><D130/><U92/><E117/><V42/><F42/><W112/><G112/><T89/><D103/><U116/><E116/><V75/><F75/><W45/><G56/><T109/><D102/><U32/><E41/><AGARI ba="1,1" hai="11,15,18,29,31,41,45,51,82,84,90" m="36874" machi="41" ten="30,1500,0" yaku="8,1" doraHai="131" who="3" fromWho="1" sc="322,0,270,-18,73,0,325,28" /><INIT seed="3,2,0,0,0,91" ten="322,252,73,353" oya="3" hai0="102,124,52,92,95,2,89,45,9,100,53,54,43" hai1="31,101,130,77,44,129,96,37,61,14,128,39,78" hai2="126,103,55,27,32,29,6,75,74,10,4,86,20" hai3="106,50,62,72,51,12,25,1,23,5,11,18,88"/><W98/><G72/><T87/><D124/><U113/><E113/><V57/><F126/><W84/><G98/><N who="0" m="59743" /><D100/><U49/><E61/><V111/><F111/><W108/><G106/><T22/><D2/><U64/><E64/><V0/><F4/><W73/><G73/><T116/><D116/><U28/><E14/><V69/><F69/><W76/><G76/><N who="1" m="29290" /><E31/><V114/><F114/><W81/><G108/><T71/><D71/><U115/><E28/><V97/><F86/><W16/><REACH who="3" step="1"/><G62/><REACH who="3" ten="322,252,73,343" step="2"/><T40/><D45/><U36/><E115/><V7/><F74/><W38/><G38/><T105/><D105/><N who="1" m="63655" /><E36/><V79/><F79/><W107/><G107/><T93/><D9/><AGARI ba="2,1" hai="1,5,9,11,12,16,18,23,25,50,51,81,84,88" machi="9" ten="30,11600,0" yaku="1,1,7,1,54,2,53,0" doraHai="91" doraHaiUra="125" who="3" fromWho="0" sc="322,-122,252,0,73,0,343,132" /><INIT seed="3,3,0,1,2,17" ten="200,252,73,475" oya="3" hai0="128,77,108,21,111,33,106,59,133,55,101,40,16" hai1="126,45,4,25,66,27,97,103,10,80,68,90,41" hai2="115,42,95,39,22,124,60,114,94,2,122,19,76" hai3="82,5,72,38,65,73,7,28,15,119,58,47,51"/><W9/><G38/><T63/><D33/><U135/><E126/><V78/><F2/><W91/><G119/><T29/><D29/><U107/><E135/><V120/><F39/><W50/><G28/><T117/><D117/><U8/><E8/><V132/><F42/><W46/><G5/><T11/><D133/><U36/><E68/><V129/><F132/><W69/><G69/><T67/><D128/><U20/><E66/><V127/><F60/><N who="3" m="38039" /><G73/><T74/><D11/><U35/><E35/><V26/><F129/><W99/><G72/><T57/><D40/><U93/><E80/><V64/><F64/><W102/><G102/><T104/><D77/><N who="2" m="29802" /><F114/><W79/><G79/><T56/><D74/><U86/><E20/><V12/><F12/><AGARI ba="3,0" hai="4,10,12,25,27,36,41,45,86,90,93,97,103,107" machi="12" ten="30,1000,0" yaku="7,1" doraHai="17" who="1" fromWho="2" sc="200,0,252,19,73,-19,475,0" /><INIT seed="4,0,0,4,4,123" ten="200,271,54,475" oya="0" hai0="77,53,81,86,100,62,110,46,132,98,1,43,56" hai1="47,94,51,19,29,9,52,109,101,104,65,130,79" hai2="33,41,118,15,76,2,115,36,90,127,48,45,37" hai3="117,135,10,4,111,57,17,75,7,44,126,82,23"/><T73/><D132/><U38/><E130/><V131/><F2/><W92/><G111/><T27/><D1/><U31/><E109/><V122/><F33/><W39/><G126/><T113/><D113/><U91/><E38/><V67/><F122/><W108/><G108/><T32/><D110/><U84/><E79/><V14/><F76/><W8/><G92/><T107/><D27/><U129/><E65/><V22/><F115/><W66/><G117/><T83/><D32/><U134/><E129/><V60/><F131/><W20/><G17/><T119/><D83/><U64/><E64/><V89/><F127/><W63/><G44/><T95/><D119/><U74/><E74/><V87/><F90/><W24/><G24/><T54/><D54/><U42/><E42/><V49/><F37/><W11/><G39/><T59/><D59/><U28/><E134/><V25/><F49/><W85/><G75/><T21/><D21/><N who="3" m="8265" /><G135/><T106/><REACH who="0" step="1"/><D73/><REACH who="0" ten="190,271,54,475" step="2"/><U96/><E52/><V80/><F118/><W71/><G71/><T26/><D26/><U88/><E47/><V18/><REACH who="2" step="1"/><F36/><AGARI ba="0,1" hai="36,43,46,53,56,62,77,81,86,95,98,100,106,107" machi="36" ten="30,5800,0" yaku="1,1,7,1,53,1" doraHai="123" doraHaiUra="93" who="0" fromWho="2" sc="190,68,271,0,54,-58,475,0" owari="258,-14.0,271,7.0,-4,-50.0,475,57.0" /></mjloggm>