<mjloggm ver="2.3"><GO type="169" lobby="0"/><UN n0="%E3%82%A6%E3%83%AB%E3%83%88%E3%83%A9%E7%AB%8B%E7%9B%B4" n1="%E5%AD%A3%E9%81%95%E3%81%84%E4%BF%B3%E4%BA%BA" n2="%62%61%79%65%73" n3="%E3%81%BE%E3%81%93%E3%81%95%E3%81%A8%76%65%72%32" dan="18,18,16,17" rate="2237.97,2152.03,2066.01,2211.98" sx="M,M,M,M"/><TAIKYOKU oya="0"/><INIT seed="0,0,0,4,2,10" ten="250,250,250,250" oya="0" hai0="25,124,80,12,110,26,39,125,111,58,117,115,114" hai1="30,46,116,118,1,119,66,63,43,82,67,107,20" hai2="9,86,92,132,70,28,3,5,13,38,6,15,29" hai3="121,104,62,130,129,112,16,95,24,4,133,45,44"/><T47/><D58/><U87/><E107/><V49/><F38/><W48/><G104/><T7/><D80/><U93/><E1/><V35/><F70/><W73/><G73/><T72/><D72/><U69/><E67/><V100/><F132/><W79/><G79/><T68/><D47/><U105/><E105/><V50/><F35/><W27/><G112/><N who="0" m="43051" /><D39/><U90/><E30/><N who="2" m="11883" /><F3/><W135/><G121/><T21/><D68/><U42/><E20/><V101/><F86/><W0/><G62/><T126/><D117/><U97/><REACH who="1" step="1"/><E46/><REACH who="1" ten="250,240,250,250" step="2"/><V22/><F22/><N who="3" m="13383" /><G44/><T127/><D127/><U71/><E71/><V131/><F131/><W75/><G130/><T36/><D36/><U60/><E60/><V123/><F123/><W53/><G129/><T74/><D74/><U134/><E134/><V55/><F92/><W18/><G75/><T32/><D32/><U51/><E51/><N who="2" m="19467" /><F55/><W40/><G95/><T78/><D21/><U34/><E34/><V52/><F52/><W85/><G53/><T120/><D120/><U54/><E54/><V103/><F9/><W77/><G133/><T19/><D124/><U11/><E11/><V128/><F128/><W65/><G135/><T2/><D126/><U88/><AGARI ba="0,1" hai="42,43,63,66,69,82,87,88,90,93,97,116,118,119" machi="88" ten="30,4000,0" yaku="1,1,0,1,54,1,53,0" doraHai="10" doraHaiUra="41" who="1" fromWho="1" sc="250,-20,240,50,250,-10,250,-10" /><INIT seed="1,0,0,4,3,84" ten="230,290,240,240" oya="1" hai0="96,121,52,66,32,69,2,33,64,77,36,11,46" hai1="10,90,48,82,7,83,86,30,95,135,94,38,50" hai2="41,117,62,58,14,70,128,130,6,19,5,93,8" hai3="111,71,125,12,108,112,127,15,75,56,109,92,49"/><U43/><E135/><V102/><F117/><W89/><G71/><T133/><D133/><U35/><E35/><V85/><F70/><W44/><G75/><T87/><D121/><U116/><E116/><V59/><F41/><W73/><G73/><T47/><D69/><U91/><E30/><V101/><F59/><W51/><G112/><T25/><D36/><U55/><E38/><V23/><F6/><W115/><G115/><T3/><D96/><U129/><E43/><V97/><F101/><W100/><G100/><T107/><D87/><N who="1" m="50687" /><E129/><V98/><F98/><N who="3" m="57615" /><G56/><T54/><D77/><U124/><E124/><N who="3" m="47690" /><G51/><T106/><D25/><U29/><E29/><V13/><REACH who="2" step="1"/><F85/><REACH who="2" ten="230,290,230,240" step="2"/><W53/><AGARI ba="0,1" hai="12,15,44,49,53,108,109,111" m="47690,57615" machi="53" ten="40,5200,0" yaku="14,1,18,1,52,1" doraHai="84" who="3" fromWho="3" sc="230,-13,290,-26,230,-13,240,62" /><INIT seed="2,0,0,0,1,75" ten="217,264,217,302" oya="2" hai0="80,78,100,40,106,79,29,92,28,41,89,16,74" hai1="120,95,62,59,50,83,117,7,104,131,25,69,125" hai2="1,111,82,8,14,77,96,9,119,63,42,22,99" hai3="47,43,103,71,110,114,127,121,134,11,30,21,52"/><V132/><F119/><W39/><G103/><T18/><D106/><U107/><E117/><V124/><F111/><W93/><G93/><T112/><D100/><U49/><E69/><V90/><F124/><W135/><G11/><T45/><D112/><U57/><E125/><V46/><F132/><N who="3" m="50731" /><G21/><T113/><D113/><U101/><E7/><V13/><F1/><W61/><G30/><N who="0" m="11883" /><D74/><U126/><E83/><V68/><F22/><W85/><G85/><N who="0" m="48287" /><D78/><U133/><E120/><V94/><F99/><W76/><G76/><T66/><D66/><U56/><E101/><V17/><F68/><W91/><G91/><T123/><D123/><U122/><E104/><V88/><F63/><W12/><G121/><T23/><D45/><U38/><E107/><V35/><F35/><W60/><G127/><T33/><D33/><U97/><E122/><V37/><F94/><W87/><G87/><N who="0" m="52287" /><D18/><U2/><E126/><V102/><F96/><W70/><G114/><T10/><D10/><U109/><E97/><V129/><F102/><W3/><G3/><T24/><AGARI ba="0,0" hai="16,23,24,40,41" m="52287,48287,11883" machi="24" ten="30,4000,0" yaku="8,1,52,1,54,1" doraHai="75" who="0" fromWho="0" sc="217,40,264,-10,217,-20,302,-10" /><INIT seed="3,0,0,1,5,6" ten="257,254,197,292" oya="3" hai0="108,96,122,123,60,48,9,1,27,20,22,0,74" hai1="109,134,119,61,40,112,79,26,16,69,70,126,135" hai2="101,59,83,75,127,72,91,35,102,78,56,19,93" hai3="37,47,124,88,105,114,8,116,99,113,118,7,85"/><W65/><G65/><T55/><D74/><U23/><E112/><N who="3" m="43114" /><G37/><T95/><D108/><U15/><E109/><V111/><F35/><W24/><G47/><T87/><D87/><U103/><E126/><V44/><F111/><W120/><G24/><T13/><D60/><U66/><E79/><V117/><F75/><W84/><G7/><N who="0" m="3263" /><D96/><U81/><E81/><V52/><F127/><W29/><G29/><N who="0" m="17639" /><D95/><U94/><E94/><V86/><F117/><N who="3" m="45163" /><G8/><T39/><D39/><U62/><E119/><V12/><F44/><W17/><G17/><T2/><D55/><U34/><E40/><V132/><F132/><N who="1" m="50729" /><E62/><V115/><F115/><W53/><G53/><T5/><D48/><U90/><E69/><V33/><F33/><W3/><G3/><N who="0" m="1099" /><D22/><U21/><E21/><V57/><F52/><W82/><G124/><T10/><AGARI ba="0,0" hai="2,5,10,122,123" m="1099,17639,3263" machi="10" ten="30,7900,0" yaku="34,2,52,2" doraHai="6" who="0" fromWho="0" sc="257,79,254,-20,197,-20,292,-39" /><INIT seed="4,0,0,2,3,87" ten="336,234,177,253" oya="0" hai0="125,114,30,18,133,100,40,104,26,115,74,97,95" hai1="44,64,69,82,34,111,129,39,76,45,103,127,122" hai2="17,38,117,59,72,81,86,10,112,16,52,131,77" hai3="93,23,83,110,92,32,50,79,35,55,68,107,47"/><T42/><D74/><U37/><E122/><V119/><F112/><N who="0" m="43050" /><D125/><U60/><E34/><V121/><F121/><W123/><G107/><T14/><D104/><U0/><E0/><V73/><F38/><W24/><G110/><T57/><D57/><U36/><E111/><V28/><F131/><W27/><G123/><T109/><D109/><U80/><E127/><V118/><F28/><W58/><G68/><T22/><D133/><U120/><E129/><V108/><F108/><W102/><G27/><T8/><AGARI ba="0,0" hai="8,14,18,22,26,30,40,42,95,97,100" m="43050" machi="8" ten="30,1500,0" yaku="15,1" doraHai="87" who="0" fromWho="0" sc="336,15,234,-5,177,-5,253,-5" /><INIT seed="4,1,0,0,4,49" ten="351,229,172,248" oya="0" hai0="35,10,23,53,62,31,111,106,54,50,46,104,71" hai1="82,108,59,81,75,84,79,130,44,61,45,63,77" hai2="72,48,102,26,85,96,93,14,99,101,105,88,27" hai3="91,33,16,118,5,68,86,19,114,90,69,116,109"/><T126/><D35/><U65/><E108/><V83/><F14/><W58/><G109/><T124/><D111/><U1/><E1/><V28/><F48/><W22/><G33/><T21/><D10/><U66/><REACH who="1" step="1"/><E130/><REACH who="1" ten="351,219,172,248" step="2"/><V110/><F110/><W38/><G116/><T18/><D126/><U55/><E55/><V11/><F11/><W119/><G118/><T37/><D54/><U80/><E80/><V42/><F42/><W74/><G119/><T70/><D53/><U103/><E103/><V121/><F121/><W40/><G40/><T2/><D2/><U97/><E97/><V20/><F72/><W129/><G74/><T95/><D124/><U4/><E4/><V127/><F127/><W120/><G5/><T89/><D106/><U51/><E51/><V24/><AGARI ba="1,1" hai="20,24,26,27,28,83,85,88,93,96,99,101,102,105" machi="24" ten="30,2000,0" yaku="0,1,54,1" doraHai="49" who="2" fromWho="2" sc="351,-11,219,-6,172,33,248,-6" /><INIT seed="5,0,0,5,4,105" ten="340,213,205,242" oya="1" hai0="123,96,100,56,65,59,125,87,4,128,122,7,92" hai1="70,2,109,13,5,94,77,46,12,76,38,86,133" hai2="103,132,101,64,129,85,17,49,40,52,34,126,35" hai3="21,42,113,90,22,95,57,93,51,84,99,39,47"/><U61/><E133/><V27/><F126/><W106/><G106/><T81/><D128/><U45/><E109/><V30/><F132/><W124/><G124/><T1/><D125/><U78/><E2/><V41/><F129/><W127/><G113/><T104/><D92/><U71/><E38/><V111/><F111/><W32/><G32/><T67/><D59/><U25/><E25/><V3/><F35/><W80/><G127/><T72/><D72/><U50/><E5/><N who="0" m="2121" /><D56/><U110/><E110/><V73/><F73/><W14/><G95/><T121/><D1/><U118/><E118/><V102/><F64/><W54/><REACH who="3" step="1"/><G14/><REACH who="3" ten="340,213,205,232" step="2"/><T19/><D104/><U60/><E94/><V131/><F3/><W55/><G55/><T82/><D123/><U8/><E12/><V79/><F131/><W29/><G29/><T24/><D122/><U98/><E13/><V6/><F52/><W97/><G97/><T9/><D96/><U115/><E98/><V43/><F30/><W69/><G69/><T37/><D121/><U28/><E28/><V107/><F34/><W48/><G48/><T62/><D37/><U36/><E36/><V11/><F49/><W114/><G114/><T26/><D26/><U116/><E50/><V20/><F107/><W108/><G108/><T91/><D24/><U135/><E115/><V31/><F31/><W44/><G44/><T74/><D65/><N who="1" m="41263" /><E46/><V63/><F27/><W134/><G134/><T23/><D67/><U112/><E135/><V88/><F40/><W15/><G15/><T10/><D10/><U18/><E112/><V89/><F41/><RYUUKYOKU ba="0,1" sc="340,-10,213,-10,205,-10,232,30" hai3="21,22,39,42,47,51,54,57,80,84,90,93,99" /><INIT seed="6,1,1,1,2,119" ten="330,203,195,262" oya="2" hai0="115,21,83,5,76,13,132,107,113,99,84,88,120" hai1="65,69,61,37,41,89,14,106,74,86,40,47,116" hai2="91,55,43,8,123,12,87,97,52,16,3,93,1" hai3="77,109,28,63,64,57,19,92,26,35,32,129,127"/><V81/><F123/><W114/><G109/><T51/><D120/><U62/><E116/><V33/><F33/><W130/><G127/><T73/><D51/><U11/><E74/><V66/><F66/><W29/><G114/><T118/><D132/><U110/><E110/><V59/><F43/><W104/><G104/><T102/><D118/><U39/><E106/><V53/><REACH who="2" step="1"/><F59/><REACH who="2" ten="330,203,185,262" step="2"/><W46/><G35/><T126/><D126/><U67/><E40/><V121/><F121/><W71/><G57/><T108/><D115/><U20/><E65/><V125/><F125/><W44/><G32/><T134/><D113/><U36/><E67/><V38/><F38/><W72/><G64/><T45/><D108/><U80/><E37/><V6/><F6/><W90/><G71/><T117/><D5/><U60/><E36/><V101/><AGARI ba="1,2" hai="1,3,8,12,16,52,53,55,81,87,91,93,97,101" machi="101" ten="30,12000,1" yaku="1,1,0,1,54,2,53,1" doraHai="119" doraHaiUra="79" who="2" fromWho="2" sc="330,-41,203,-41,185,143,262,-41" /><INIT seed="6,2,0,1,3,105" ten="289,162,328,221" oya="2" hai0="20,65,119,52,88,49,75,62,29,26,32,6,132" hai1="109,93,81,44,72,100,61,79,27,91,86,104,97" hai2="99,47,111,106,33,16,36,68,31,131,94,122,40" hai3="51,128,2,82,133,103,70,30,63,121,53,7,56"/><V59/><F68/><W129/><G121/><T19/><D6/><U13/><E109/><V58/><F131/><N who="3" m="50251" /><G103/><T12/><D132/><U112/><E112/><V74/><F106/><W80/><G30/><T101/><D101/><U50/><E13/><V85/><F85/><W126/><G126/><T135/><D135/><U28/><E61/><V96/><F96/><W10/><G133/><T34/><D75/><U116/><E116/><V124/><F33/><W14/><G2/><T95/><D119/><U54/><E27/><V115/><F31/><AGARI ba="2,0" hai="28,31,44,50,54,72,79,81,86,91,93,97,100,104" machi="31" ten="40,5200,0" yaku="24,2,52,1" doraHai="105" who="1" fromWho="2" sc="289,0,162,58,328,-58,221,0" /><INIT seed="7,0,0,1,2,0" ten="289,220,270,221" oya="3" hai0="41,113,106,66,39,82,43,68,100,83,36,52,105" hai1="58,60,84,9,91,53,88,129,109,1,87,50,59" hai2="96,45,6,97,94,89,26,10,133,125,104,7,25" hai3="127,21,90,103,35,23,122,116,24,115,33,17,40"/><W13/><G103/><T47/><D52/><N who="1" m="32023" /><E109/><V72/><F72/><W111/><G40/><T29/><D29/><U8/><E1/><V126/><F133/><W135/><G90/><N who="1" m="34346" /><E129/><V3/><F45/><W75/><G75/><T32/><D47/><U81/><E84/><N who="2" m="52519" /><F3/><W78/><G78/><AGARI ba="0,0" hai="8,9,53,59,60,78,81,87" m="34346,32023" machi="78" ten="30,3900,0" yaku="8,1,54,2" doraHai="0" who="1" fromWho="3" sc="289,0,220,39,270,0,221,-39" /><INIT seed="8,0,0,5,0,34" ten="289,259,270,182" oya="0" hai0="115,125,88,114,26,20,89,67,42,63,62,2,106" hai1="4,29,105,82,124,73,30,100,37,77,119,3,69" hai2="118,79,110,81,33,53,52,117,76,94,70,6,9" hai3="46,101,27,38,83,86,55,104,128,19,43,65,16"/><T41/><D2/><U21/><E69/><V121/><F121/><W49/><G128/><T120/><D106/><U39/><E124/><V75/><F33/><W109/><G109/><T64/><D20/><U112/><E112/><V25/><F110/><W107/><G65/><T40/><D26/><U92/><E105/><V0/><F70/><W134/><G134/><T54/><D54/><U90/><E100/><V5/><F5/><W84/><G84/><T72/><D72/><U74/><E74/><V116/><F79/><W95/><G95/><T36/><D36/><U47/><E21/><V23/><F94/><W102/><G102/><T111/><D111/><U131/><E37/><V58/><F58/><W113/><G113/><N who="0" m="43019" /><D125/><U12/><E12/><V99/><F99/><W59/><G27/><T85/><D120/><U32/><E32/><V98/><F98/><W133/><G133/><T17/><D17/><AGARI ba="0,0" hai="0,6,9,17,23,25,52,53,75,76,81,116,117,118" machi="17" ten="40,8000,1" yaku="16,1,12,1,52,1,54,1" doraHai="34" who="2" fromWho="0" sc="289,-80,259,0,270,80,182,0" owari="209,-19.0,259,6.0,350,45.0,182,-32.0" /></mjloggm>