<mjloggm ver="2.3"><GO type="169" lobby="0"/><UN n0="%E3%81%AE%E3%81%86%E3%81%AA%E3%82%81%E3%82%8D%E3%82%93" n1="%E3%83%88%E3%83%88%E3%83%AA%E5%85%88%E7%94%9F%31%39%E6%AD%B3" n2="%E6%99%82%E9%9B%A8%E6%A1%9C%28%E7%9C%9F%29" n3="%E3%81%82%E3%81%8A%E3%81%8D%E3%82%93%E3%81%90" dan="17,18,16,16" rate="2185.83,2271.62,2108.01,2087.68" sx="M,F,M,M"/><TAIKYOKU oya="0"/><INIT seed="0,0,0,1,0,48" ten="250,250,250,250" oya="0" hai0="11,26,29,67,49,3,119,6,52,114,38,21,55" hai1="134,39,36,42,80,71,76,64,34,127,37,128,5" hai2="109,105,131,12,100,31,108,13,106,79,1,10,17" hai3="32,18,96,35,22,20,110,102,50,54,2,41,19"/><T83/><D114/><U60/><E34/><V63/><F79/><W27/><G110/><N who="2" m="42601" /><F131/><W120/><G120/><T101/><D119/><U82/><E128/><V118/><F31/><W57/><G2/><T95/><D38/><U97/><E134/><V121/><F121/><W99/><G41/><T122/><D122/><U15/><E127/><V81/><F81/><W72/><G72/><T77/><D67/><U14/><E42/><V84/><F84/><W53/><G53/><T70/><D70/><U113/><E113/><V135/><F135/><W33/><REACH who="3" step="1"/><G102/><REACH who="3" ten="250,250,250,240" step="2"/><T65/><D65/><U46/><E64/><V116/><F1/><W87/><G87/><T23/><D49/><U40/><E37/><V125/><F100/><W115/><G115/><T62/><D62/><U91/><E39/><V103/><F103/><W28/><G28/><T9/><D9/><U124/><E60/><V93/><F63/><W104/><G104/><T74/><REACH who="0" step="1"/><D21/><REACH who="0" ten="240,250,250,240" step="2"/><U47/><E36/><V0/><F118/><W123/><G123/><T24/><D24/><AGARI ba="0,2" hai="18,19,20,22,24,27,32,33,35,50,54,57,96,99" machi="24" ten="40,5200,0" yaku="1,1,9,1,52,1,53,0" doraHai="48" doraHaiUra="129" who="3" fromWho="0" sc="240,-52,250,0,250,0,240,72" /><INIT seed="1,0,0,0,4,1" ten="188,250,250,312" oya="1" hai0="84,53,82,122,79,118,27,25,58,31,119,102,75" hai1="74,117,7,17,83,4,95,62,33,9,50,36,104" hai2="91,130,32,124,8,44,114,73,128,66,24,40,69" hai3="60,28,18,42,108,123,131,92,87,133,120,93,72"/><U5/><E117/><V38/><F73/><W54/><G108/><T65/><D122/><U110/><E36/><V107/><F107/><W70/><G131/><N who="2" m="50217" /><F124/><W41/><G133/><T20/><D65/><U6/><E104/><V10/><F114/><W135/><G135/><T11/><D102/><U109/><E33/><V45/><F44/><W112/><G112/><T106/><D106/><U46/><E62/><N who="2" m="40151" /><F91/><W13/><G28/><AGARI ba="0,0" hai="8,10,24,28,32,38,40,45" m="40151,50217" machi="28" ten="30,1000,0" yaku="19,1" doraHai="1" who="2" fromWho="3" sc="188,0,250,0,250,10,312,-10" /><INIT seed="2,0,0,0,5,24" ten="188,250,260,302" oya="2" hai0="130,22,113,108,120,44,45,18,132,35,106,92,16" hai1="6,63,48,47,89,78,121,74,21,84,123,83,46" hai2="117,37,29,93,90,70,20,50,76,38,64,8,127" hai3="1,107,66,103,19,57,126,10,42,131,101,119,80"/><V125/><F117/><W79/><G126/><N who="2" m="48137" /><F76/><W75/><G131/><T59/><D106/><U55/><E6/><V73/><F8/><W77/><G119/><T115/><D120/><N who="1" m="46155" /><E63/><N who="2" m="40223" /><F50/><W36/><G107/><T109/><D130/><U135/><E135/><V98/><F73/><W32/><G32/><T129/><D129/><U105/><E105/><V25/><AGARI ba="0,0" hai="20,25,29,37,38,90,93,98" m="40223,48137" machi="25" ten="30,3000,0" yaku="18,1,52,1" doraHai="24" who="2" fromWho="2" sc="188,-10,250,-10,260,30,302,-10" /><INIT seed="2,1,0,2,0,79" ten="178,240,290,292" oya="2" hai0="78,39,64,81,111,50,72,10,5,14,88,66,33" hai1="43,30,116,11,25,68,42,90,130,120,102,40,113" hai2="117,84,60,44,23,133,104,4,8,118,17,123,73" hai3="99,101,75,105,77,103,35,95,7,124,65,83,16"/><V1/><F104/><W129/><G65/><T32/><D111/><U87/><E116/><V29/><F123/><W106/><G7/><T36/><D39/><U69/><E113/><V86/><F73/><W2/><G35/><T27/><D36/><U58/><E120/><V18/><F60/><W135/><G2/><T89/><D50/><U80/><E130/><V98/><F98/><N who="3" m="61687" /><G16/><T21/><D33/><U37/><E37/><V41/><F133/><W85/><G129/><T107/><D32/><U26/><E102/><V22/><F29/><W34/><G34/><T19/><REACH who="0" step="1"/><D107/><REACH who="0" ten="168,240,290,292" step="2"/><U38/><E38/><V55/><F117/><W62/><G62/><T61/><D61/><U74/><E30/><V15/><F118/><W3/><G135/><T110/><D110/><U46/><E40/><V125/><F41/><W53/><G3/><T52/><D52/><U56/><E42/><V127/><F55/><W45/><G53/><T70/><D70/><U71/><E68/><V76/><F44/><W121/><G45/><T93/><D93/><U28/><E46/><V119/><F119/><W51/><G51/><T108/><D108/><U92/><E43/><V115/><F1/><W24/><G121/><T122/><D122/><U31/><E31/><V91/><F22/><W100/><G106/><T126/><D126/><U134/><E28/><V9/><F23/><W132/><G124/><T0/><D0/><U63/><E134/><V20/><F125/><W54/><G132/><T128/><D128/><U59/><E63/><V6/><F20/><W12/><G54/><T82/><D82/><RYUUKYOKU ba="1,1" sc="168,30,240,-10,290,-10,292,-10" hai0="5,10,14,19,21,27,64,66,72,78,81,88,89" /><INIT seed="3,2,1,1,1,45" ten="198,230,280,282" oya="3" hai0="87,105,133,106,50,88,39,77,123,13,91,73,14" hai1="36,23,52,25,124,37,116,96,40,44,30,128,67" hai2="17,19,62,57,135,65,127,33,0,93,104,48,56" hai3="51,72,11,26,80,53,55,64,120,102,100,81,6"/><W78/><G120/><T1/><D39/><U2/><E2/><V117/><F104/><W76/><G64/><T107/><D1/><U63/><E128/><V79/><F0/><W9/><G26/><T18/><D123/><U132/><E132/><V27/><F117/><W5/><REACH who="3" step="1"/><G72/><REACH who="3" ten="198,230,280,272" step="2"/><T94/><D73/><U83/><E67/><V21/><F135/><W90/><G90/><T49/><D133/><U7/><E25/><V131/><F131/><W125/><G125/><T122/><D122/><U61/><E124/><V34/><F127/><W42/><G42/><T22/><D77/><U8/><E40/><V110/><F79/><W60/><G60/><T12/><REACH who="0" step="1"/><D91/><REACH who="0" ten="188,230,280,272" step="2"/><U75/><E75/><V108/><F110/><W29/><G29/><T126/><D126/><U15/><E30/><V109/><F108/><W38/><G38/><T97/><D97/><U35/><E96/><V32/><F109/><W129/><G129/><T47/><D47/><U24/><E36/><V59/><F59/><W112/><G112/><T118/><D118/><U103/><E37/><V66/><F57/><W58/><G58/><T69/><D69/><U86/><E44/><V28/><F56/><W115/><G115/><T41/><D41/><U74/><E74/><V121/><F65/><W16/><G16/><T20/><D20/><U31/><E116/><V4/><F66/><W3/><G3/><T43/><D43/><U85/><E23/><V92/><F21/><W82/><G82/><T70/><D70/><U98/><E83/><V99/><F19/><W113/><G113/><T68/><D68/><RYUUKYOKU ba="2,3" sc="188,15,230,-15,280,-15,272,15" hai0="12,13,14,18,22,49,50,87,88,94,105,106,107" hai3="5,6,9,11,51,53,55,76,78,80,81,100,102" /><INIT seed="3,3,3,3,3,97" ten="203,215,265,287" oya="3" hai0="41,39,101,16,9,64,102,45,120,126,18,79,109" hai1="48,94,60,77,70,54,130,105,134,55,104,84,14" hai2="46,28,91,111,23,34,114,74,86,135,6,71,0" hai3="133,15,51,69,27,44,115,124,22,121,106,100,25"/><W29/><G115/><T80/><D120/><U11/><E130/><V131/><F71/><W52/><G133/><T76/><D109/><U33/><E33/><V40/><F114/><W57/><G124/><T110/><D110/><U123/><E123/><V78/><F135/><W87/><G121/><T96/><D126/><U21/><E21/><V93/><F111/><W36/><G69/><T35/><D35/><U32/><E32/><V24/><F131/><W66/><G15/><T98/><D64/><U83/><E134/><V108/><F108/><W132/><G132/><T53/><D53/><U68/><E68/><V122/><F122/><W1/><G1/><T127/><D127/><U65/><E94/><V56/><F56/><W107/><G100/><T5/><D96/><U17/><E55/><V37/><F0/><W12/><G12/><T128/><D128/><U125/><E125/><V2/><F2/><W95/><G25/><T47/><D47/><AGARI ba="3,3" hai="11,14,17,47,48,54,60,65,70,77,83,84,104,105" machi="47" ten="30,1000,0" yaku="7,1" doraHai="97" who="1" fromWho="0" sc="203,-19,215,49,265,0,287,0" /><INIT seed="4,0,0,1,4,27" ten="184,264,265,287" oya="0" hai0="77,106,33,100,28,65,119,91,52,61,120,10,71" hai1="24,103,68,76,38,6,82,9,29,40,131,88,127" hai2="117,86,134,70,133,104,34,48,126,7,116,105,111" hai3="69,113,124,12,25,118,122,79,125,72,102,132,53"/><T16/><D119/><N who="2" m="45642" /><F111/><W87/><G113/><T15/><D120/><U13/><E131/><V3/><F70/><W56/><G118/><T36/><D36/><U130/><E130/><V64/><F64/><W90/><G69/><T14/><D77/><U49/><E68/><V93/><F34/><W123/><G132/><N who="2" m="50793" /><F126/><N who="3" m="48747" /><G102/><T80/><D15/><U51/><E103/><V26/><F26/><W62/><G12/><T67/><D67/><U32/><E127/><V23/><F23/><W1/><G1/><T0/><D0/><U8/><E8/><N who="2" m="2175" /><F48/><W22/><G22/><T74/><D100/><U83/><E38/><V114/><F114/><W17/><G25/><T35/><D106/><U109/><E109/><V110/><F110/><W115/><G115/><T121/><D121/><U89/><E49/><V85/><F93/><N who="3" m="54495" /><G17/><T73/><D35/><U11/><E11/><V63/><F63/><W81/><AGARI ba="0,0" hai="53,56,62,72,79,81,122,123" m="54495,48747" machi="81" ten="30,1100,0" yaku="18,1" doraHai="27" who="3" fromWho="3" sc="184,-5,264,-3,265,-3,287,11" /><INIT seed="5,0,0,5,0,47" ten="179,261,262,298" oya="1" hai0="108,7,27,40,130,105,34,117,79,13,133,78,98" hai1="106,44,59,129,122,109,45,77,20,55,94,16,69" hai2="104,35,89,53,29,93,65,97,4,51,49,8,36" hai3="123,110,121,71,56,88,92,99,70,21,76,1,38"/><U126/><E122/><V43/><F104/><W95/><G110/><T24/><D108/><U68/><E109/><V39/><F65/><W107/><G1/><T46/><D117/><U113/><E106/><V124/><F29/><W112/><G112/><T100/><D130/><U42/><E113/><V103/><F35/><W2/><G2/><T14/><D133/><U30/><E129/><V84/><F124/><W5/><G38/><T83/><D79/><U114/><E114/><V131/><F131/><W6/><G107/><T11/><D14/><U54/><E126/><V22/><F22/><W19/><G76/><T115/><D34/><U90/><E30/><V9/><F4/><W61/><G5/><T125/><D125/><U73/><E44/><N who="2" m="25759" /><F36/><W75/><G6/><T58/><D58/><U31/><E31/><V52/><F53/><W67/><G75/><T85/><REACH who="0" step="1"/><D115/><REACH who="0" ten="169,261,262,298" step="2"/><U128/><E77/><V15/><F15/><W87/><G56/><T63/><D63/><U81/><E128/><V48/><F39/><AGARI ba="0,1" hai="7,11,13,24,27,39,40,46,78,83,85,98,100,105" machi="39" ten="30,3900,0" yaku="1,1,7,1,53,1" doraHai="47" doraHaiUra="41" who="0" fromWho="2" sc="169,49,261,0,262,-39,298,0" /><INIT seed="6,0,0,4,2,123" ten="218,261,223,298" oya="2" hai0="66,16,120,8,11,132,27,75,73,33,53,81,22" hai1="57,104,3,118,72,124,41,68,85,43,6,31,107" hai2="12,77,60,50,116,55,70,35,80,44,76,71,98" hai3="62,105,115,101,63,114,89,67,95,117,52,102,15"/><V42/><F35/><W125/><G125/><T92/><D120/><U128/><E68/><V58/><F116/><W13/><G117/><T96/><D132/><U135/><E72/><V84/><F77/><W47/><G105/><T122/><D122/><U48/><E31/><V109/><F109/><W9/><G102/><T51/><D66/><U30/><E30/><V21/><F98/><W10/><G101/><T59/><D33/><U25/><E25/><V29/><F29/><W129/><G129/><T19/><D81/><U45/><E43/><V130/><F130/><W26/><G26/><T111/><D111/><U17/><E128/><V91/><REACH who="2" step="1"/><F76/><REACH who="2" ten="218,261,213,298" step="2"/><W23/><G115/><T79/><D79/><U18/><E118/><V46/><F46/><W108/><G47/><T0/><D0/><U97/><E45/><V39/><F39/><W113/><G114/><T54/><D73/><U94/><E3/><V7/><F7/><W88/><G108/><T112/><D75/><U36/><E6/><V69/><F69/><W61/><G113/><T131/><D131/><U93/><E36/><V37/><F37/><W106/><G106/><T90/><D112/><U1/><E104/><V110/><F110/><W49/><G67/><T24/><REACH who="0" step="1"/><D54/><REACH who="0" ten="208,261,213,298" step="2"/><U86/><E1/><V56/><F56/><W28/><G52/><T5/><D5/><U127/><E57/><V126/><F126/><W87/><G87/><T40/><D40/><U99/><E86/><V38/><F38/><W83/><G83/><T133/><D133/><U14/><E135/><V32/><F32/><W134/><G134/><RYUUKYOKU ba="0,2" sc="208,15,261,-15,213,15,298,-15" hai0="8,11,16,19,22,24,27,51,53,59,90,92,96" hai2="12,21,42,44,50,55,58,60,70,71,80,84,91" /><INIT seed="6,1,2,4,4,23" ten="223,246,228,283" oya="2" hai0="99,4,105,40,95,128,37,2,111,34,131,13,92" hai1="116,57,121,63,61,44,71,83,21,94,42,104,58" hai2="35,91,67,49,88,5,7,109,98,15,93,81,70" hai3="51,107,32,28,31,80,120,126,66,41,134,130,79"/><V103/><F35/><W48/><G120/><T122/><D122/><U56/><E104/><V72/><F67/><W29/><G107/><T25/><D111/><U102/><E121/><V47/><F70/><W132/><G66/><T85/><D2/><U101/><E116/><V0/><F0/><W38/><G32/><T125/><D125/><U9/><E71/><V84/><F109/><W1/><G1/><T55/><D105/><U124/><E124/><V52/><F72/><W6/><G6/><N who="2" m="2057" /><F15/><W24/><G126/><T86/><D40/><U96/><E9/><V82/><F82/><W115/><G38/><T106/><D37/><U64/><E101/><AGARI ba="1,2" hai="47,49,52,81,84,88,91,93,98,101,103" m="2057" machi="101" ten="30,5800,0" yaku="8,1,54,2" doraHai="23" who="2" fromWho="1" sc="223,0,246,-61,228,81,283,0" /><INIT seed="6,2,0,0,5,47" ten="223,185,309,283" oya="2" hai0="75,56,118,17,128,6,32,105,59,21,121,29,89" hai1="0,66,73,67,22,62,63,41,50,5,129,53,78" hai2="7,111,35,26,90,23,131,127,42,72,70,28,52" hai3="101,116,58,123,64,69,113,37,46,20,40,122,86"/><V24/><F70/><W108/><G108/><T55/><D105/><U44/><E129/><V33/><F131/><W109/><G109/><T120/><D75/><U76/><E0/><V54/><F42/><W16/><G116/><T36/><D128/><U15/><E73/><V13/><F72/><W103/><G69/><T119/><D36/><U85/><E53/><V77/><F77/><W27/><G113/><T10/><D89/><U2/><E2/><V8/><F127/><W98/><G86/><T25/><D120/><U88/><E63/><V82/><F111/><W12/><G103/><T102/><D102/><U115/><E115/><V133/><F133/><W45/><G45/><T130/><D130/><U97/><E97/><V114/><F114/><W1/><G1/><N who="0" m="335" /><D121/><U91/><E91/><V92/><F82/><W68/><G68/><T84/><D84/><U134/><E134/><V135/><F35/><W112/><G112/><T19/><D19/><N who="1" m="10623" /><E5/><V48/><F135/><W3/><G3/><T71/><D71/><U61/><E61/><V79/><F79/><N who="1" m="30249" /><E62/><V14/><F33/><W95/><G123/><T81/><D81/><AGARI ba="2,0" hai="41,44,50,66,67,81,85,88" m="30249,10623" machi="81" ten="30,3900,0" yaku="8,1,52,1,54,1" doraHai="47" who="1" fromWho="0" sc="223,-45,185,45,309,0,283,0" /><INIT seed="7,0,0,5,0,64" ten="178,230,309,283" oya="3" hai0="6,49,85,34,51,27,23,7,109,0,66,90,39" hai1="44,63,125,1,72,65,38,110,4,77,128,53,86" hai2="60,98,52,131,13,106,67,104,96,108,123,101,15" hai3="107,55,50,124,88,121,10,70,76,103,91,93,80"/><W126/><G121/><T43/><D109/><U100/><E110/><V75/><F75/><W35/><G70/><T130/><D34/><U73/><E128/><V112/><F108/><W69/><G69/><T81/><D130/><U129/><E129/><V9/><F131/><W22/><G35/><T11/><D7/><U48/><E125/><N who="3" m="48234" /><G107/><T82/><D82/><U119/><E119/><V134/><F123/><W56/><G10/><T17/><REACH who="0" step="1"/><D66/><REACH who="0" ten="168,230,309,283" step="2"/><U62/><E65/><V36/><F67/><W102/><G80/><T8/><D8/><U59/><E4/><V116/><F9/><W5/><G5/><T105/><D105/><U31/><E1/><V97/><F106/><W68/><G22/><T12/><D12/><U78/><E73/><V92/><F15/><W115/><G68/><T114/><D114/><U54/><E72/><V132/><F13/><W120/><G115/><T46/><AGARI ba="0,1" hai="0,6,11,17,23,27,39,43,46,49,51,81,85,90" machi="46" ten="30,2000,0" yaku="1,1,0,1,53,0" doraHai="64" doraHaiUra="29" who="0" fromWho="0" sc="168,30,230,-5,309,-5,283,-10" owari="198,-30.0,225,-17.0,304,40.0,273,7.0" /></mjloggm>