<mjloggm ver="2.3"><GO type="169" lobby="0"/><UN n0="%E3%81%BE%E3%81%93%E3%81%95%E3%81%A8%76%65%72%32" n1="%E5%B0%B1%E6%B4%BB%E7%94%9F%40%E5%B7%9D%E6%9D%91%E8%BB%8D%E5%9B%A3" n2="%69%77%61%6E%6B%6F%66%75" n3="%7A%6F%6F%31%39%36%34" dan="17,17,16,16" rate="2190.81,2254.90,2126.78,2106.90" sx="M,M,M,M"/><TAIKYOKU oya="0"/><INIT seed="0,0,0,2,3,60" ten="250,250,250,250" oya="0" hai0="108,98,104,84,62,35,92,61,18,75,91,94,114" hai1="105,88,120,2,32,101,51,23,57,25,14,79,117" hai2="96,30,40,0,70,134,87,56,21,53,132,41,110" hai3="9,48,38,127,8,34,130,5,55,115,50,54,90"/><T78/><D35/><U58/><E2/><V39/><F0/><W47/><G38/><T26/><D114/><U66/><E79/><V42/><F96/><W67/><G115/><T33/><D108/><U124/><E32/><V44/><F87/><W13/><G34/><T131/><D131/><U22/><E105/><V19/><F30/><W4/><G127/><T29/><D18/><N who="1" m="10583" /><E101/><V28/><F28/><W72/><G72/><T128/><D128/><U15/><E15/><V11/><F11/><W107/><G107/><T31/><D31/><N who="1" m="17855" /><E124/><V64/><F110/><W118/><G118/><T135/><D135/><N who="2" m="51754" /><F21/><W45/><G130/><T83/><REACH who="0" step="1"/><D94/><REACH who="0" ten="240,250,250,250" step="2"/><U43/><E117/><V93/><F93/><W112/><G112/><T24/><D24/><U116/><E116/><V123/><F19/><W1/><G90/><T81/><D81/><U49/><E120/><V106/><F106/><W103/><G103/><AGARI ba="0,1" hai="26,29,33,61,62,75,78,83,84,91,92,98,103,104" machi="103" ten="40,7700,0" yaku="1,1,24,2,53,0" doraHai="60" doraHaiUra="36" who="0" fromWho="3" sc="240,87,250,0,250,0,250,-77" /><INIT seed="0,1,0,1,2,60" ten="327,250,250,173" oya="0" hai0="108,100,126,133,87,102,70,16,84,41,111,74,25" hai1="49,58,95,28,83,134,66,86,114,107,68,20,8" hai2="54,22,89,71,123,56,132,72,64,130,51,21,101" hai3="93,31,27,99,18,113,121,125,6,62,73,15,50"/><T120/><D41/><U88/><E107/><V105/><F72/><W81/><G113/><T116/><D120/><U135/><E114/><V106/><F123/><W61/><G6/><T34/><D34/><U53/><E8/><V48/><F130/><W3/><G3/><T98/><D70/><U128/><E128/><V17/><F132/><N who="1" m="50729" /><E83/><V12/><F71/><W38/><G38/><T80/><D133/><U9/><E9/><V45/><F22/><W23/><G125/><T67/><D67/><U78/><E78/><V65/><F89/><W46/><G81/><T127/><D116/><U44/><E68/><V115/><F115/><W37/><G37/><T47/><D47/><U1/><E1/><V109/><F109/><N who="0" m="42058" /><D74/><U55/><E66/><N who="2" m="25707" /><F106/><W129/><G73/><T96/><D16/><U42/><E58/><V79/><F105/><W30/><G129/><T119/><D25/><AGARI ba="1,0" hai="20,25,28,42,44,49,53,55,86,88,95" m="50729" machi="25" ten="30,2000,0" yaku="20,1,54,1" doraHai="60" who="1" fromWho="0" sc="327,-23,250,23,250,0,173,0" /><INIT seed="1,0,0,1,0,30" ten="304,273,250,173" oya="1" hai0="119,46,35,132,127,122,87,18,8,65,11,113,37" hai1="131,76,96,107,108,80,19,49,93,68,111,120,100" hai2="60,51,58,85,110,133,124,95,20,129,43,55,90" hai3="32,6,3,53,31,103,83,45,89,67,63,66,61"/><U135/><E68/><V12/><F110/><N who="1" m="42025" /><E49/><V41/><F124/><W117/><G103/><T106/><D106/><U130/><E19/><N who="2" m="10343" /><F129/><N who="1" m="49161" /><E120/><V134/><F60/><W79/><G89/><T94/><D65/><U82/><E135/><AGARI ba="0,0" hai="41,43,51,55,58,85,90,95,133,134,135" m="10343" machi="135" ten="30,2000,0" yaku="25,1,20,1" doraHai="30" who="2" fromWho="1" sc="304,0,273,-20,250,20,173,0" /><INIT seed="2,0,0,1,3,125" ten="304,253,270,173" oya="2" hai0="121,103,95,52,69,132,99,64,115,122,97,5,94" hai1="53,109,74,82,108,104,134,100,47,10,88,38,67" hai2="71,26,72,20,116,6,92,75,54,30,135,13,19" hai3="117,22,63,59,126,128,16,17,112,113,50,130,18"/><V7/><F116/><W44/><G126/><T60/><D115/><N who="3" m="44105" /><G117/><T106/><D5/><U96/><E134/><V24/><F71/><W32/><G32/><T65/><D132/><U129/><E67/><V110/><F135/><W36/><G36/><T51/><D65/><U62/><E62/><V3/><F110/><N who="1" m="42601" /><E10/><V77/><F26/><W124/><G124/><T111/><D111/><U1/><E1/><V68/><F68/><W127/><G127/><T80/><D80/><U118/><E118/><V46/><F92/><W28/><G28/><T120/><REACH who="0" step="1"/><D97/><REACH who="0" ten="294,253,270,173" step="2"/><U14/><E82/><V23/><F7/><W123/><G123/><T78/><D78/><U76/><E76/><V114/><F77/><W98/><G98/><T21/><D21/><U49/><E74/><V43/><F114/><W33/><G22/><T11/><D11/><U79/><E79/><V87/><F75/><W101/><G33/><T34/><D34/><U119/><E119/><V57/><F72/><W45/><G101/><T0/><D0/><U93/><E100/><V85/><F3/><W91/><G91/><T90/><D90/><U66/><E66/><V9/><F6/><W73/><G73/><T31/><D31/><U8/><E8/><V70/><F9/><W131/><G50/><T12/><D12/><U107/><E14/><V58/><F23/><W37/><G37/><T86/><D86/><U41/><E38/><N who="2" m="21879" /><F87/><W133/><G133/><T39/><D39/><U35/><E35/><N who="2" m="20935" /><F85/><W105/><G105/><N who="1" m="40522" /><E41/><V4/><F20/><W61/><G61/><T55/><D55/><AGARI ba="0,1" hai="16,17,18,44,45,55,59,63,128,130,131" m="44105" machi="55" ten="40,12000,2" yaku="19,1,11,1,52,3,54,1" doraHai="125" who="3" fromWho="0" sc="294,-120,253,0,270,0,173,130" /><INIT seed="3,0,0,5,0,50" ten="174,253,270,303" oya="3" hai0="61,130,113,105,4,3,24,82,108,42,43,25,117" hai1="69,10,33,81,63,45,83,114,60,120,52,47,71" hai2="29,92,49,54,13,14,95,56,37,90,67,76,127" hai3="46,23,41,28,128,53,26,58,98,104,133,101,106"/><W8/><G133/><T72/><D4/><U121/><E10/><V5/><F127/><W86/><G128/><T85/><D85/><U1/><E33/><V6/><F37/><W30/><G8/><T57/><D82/><U7/><E7/><N who="2" m="2571" /><F76/><W16/><G106/><T87/><D87/><U75/><E75/><V125/><F125/><W112/><G112/><T96/><D96/><U36/><E114/><V122/><F122/><N who="1" m="47209" /><E83/><V55/><F29/><W116/><G116/><T97/><D97/><U132/><E81/><V65/><F92/><W44/><G86/><T115/><D3/><U91/><E91/><V111/><F111/><W62/><REACH who="3" step="1"/><G46/><REACH who="3" ten="174,253,270,293" step="2"/><T64/><D105/><U103/><E132/><V22/><F95/><W21/><G21/><T77/><D130/><U39/><E1/><V124/><F124/><W35/><G35/><T34/><D34/><U119/><E119/><V135/><F135/><W102/><G102/><T48/><D117/><U27/><E103/><V12/><F22/><W89/><G89/><T129/><D129/><U18/><E47/><N who="2" m="27967" /><F90/><W51/><AGARI ba="0,1" hai="16,23,26,28,30,41,44,51,53,58,62,98,101,104" machi="51" ten="20,18000,2" yaku="1,1,0,1,7,1,52,1,54,1,53,1" doraHai="50" doraHaiUra="40" who="3" fromWho="3" sc="174,-60,253,-60,270,-60,293,190" /><INIT seed="3,1,0,1,2,91" ten="114,193,210,483" oya="3" hai0="107,22,78,80,101,30,37,61,71,70,128,60,21" hai1="33,100,83,49,35,0,95,43,115,6,131,105,46" hai2="59,56,34,123,109,1,27,42,36,25,15,102,12" hai3="117,126,10,5,85,69,124,73,62,74,65,14,17"/><W76/><G117/><T79/><D128/><U41/><E115/><V120/><F102/><W104/><G104/><T44/><D30/><U108/><E105/><V26/><F34/><W90/><G76/><T24/><D24/><U133/><E131/><V94/><F1/><W66/><G65/><T50/><D50/><U52/><E108/><V99/><F109/><W28/><G28/><T47/><D107/><U98/><E133/><V32/><F32/><W135/><G5/><T88/><D101/><U20/><E20/><V53/><F42/><W18/><G18/><T31/><D31/><U113/><E113/><V48/><F36/><W92/><REACH who="3" step="1"/><G135/><REACH who="3" ten="114,193,210,473" step="2"/><T122/><D122/><N who="2" m="46634" /><F59/><W51/><G51/><T87/><D37/><U119/><E119/><V11/><F11/><W93/><G93/><T63/><D70/><U29/><E29/><V121/><N who="2" m="46642" /><V2/><DORA hai="3" /><F2/><W19/><G19/><T9/><D71/><U72/><E6/><V125/><F125/><AGARI ba="1,1" hai="10,14,17,62,66,69,73,74,85,90,92,124,125,126" machi="125" ten="40,7700,0" yaku="1,1,18,1,52,1,53,0" doraHai="91,3" doraHaiUra="127,118" who="3" fromWho="2" sc="114,0,193,0,210,-80,473,90" /><INIT seed="3,2,0,5,0,22" ten="114,193,130,563" oya="3" hai0="58,12,80,86,92,132,15,74,83,13,130,76,129" hai1="32,119,127,49,47,91,69,25,70,89,43,106,113" hai2="5,109,60,87,30,38,120,98,29,9,24,124,0" hai3="78,4,48,41,96,101,110,46,20,90,23,102,1"/><W7/><G110/><T77/><D132/><U105/><E113/><V54/><F38/><W122/><G78/><T10/><D92/><U11/><E127/><V52/><F109/><W72/><G72/><T116/><D116/><U67/><E119/><V39/><F39/><W103/><G122/><T14/><REACH who="0" step="1"/><D58/><REACH who="0" ten="104,193,130,563" step="2"/><U114/><E105/><V63/><F120/><W28/><G1/><T53/><D53/><U68/><E106/><V19/><F52/><W61/><G61/><T81/><D81/><U123/><E123/><V94/><F54/><W107/><G107/><T35/><D35/><U55/><E55/><V33/><F60/><W57/><G57/><T75/><D75/><U62/><E70/><V85/><F63/><W126/><G126/><T37/><D37/><U93/><E69/><V135/><F135/><W82/><G82/><T8/><D8/><U84/><E11/><V88/><F124/><W97/><G97/><T50/><D50/><U115/><E32/><V21/><REACH who="2" step="1"/><F30/><REACH who="2" ten="104,193,120,563" step="2"/><W111/><G28/><T2/><D2/><U16/><E114/><V51/><F51/><W104/><G111/><T66/><D66/><U42/><E115/><V64/><F64/><W59/><G59/><T128/><D128/><U65/><E65/><V56/><F56/><W121/><G121/><T27/><D27/><AGARI ba="2,2" hai="0,5,9,19,21,24,27,29,33,85,87,88,94,98" machi="27" ten="30,8000,1" yaku="1,1,7,1,52,2,54,1,53,0" doraHai="22" doraHaiUra="117" who="2" fromWho="0" sc="104,-86,193,0,120,106,563,0" /><INIT seed="4,0,0,2,5,53" ten="18,193,226,563" oya="0" hai0="118,99,85,120,111,108,69,95,80,97,30,57,48" hai1="33,40,86,0,116,59,73,128,66,87,19,125,102" hai2="14,81,83,112,56,52,3,72,55,127,39,93,122" hai3="132,100,126,92,50,25,106,46,42,61,91,119,67"/><T35/><D69/><U114/><E73/><V130/><F3/><W18/><G119/><T29/><D118/><U103/><E33/><V43/><F122/><W65/><G132/><T98/><D120/><U62/><E0/><V20/><F112/><W75/><G75/><T105/><D105/><U110/><E110/><N who="0" m="42025" /><D35/><U71/><E71/><V1/><F1/><W60/><G126/><T78/><D95/><U23/><E116/><V4/><F72/><W5/><G106/><T17/><D17/><U54/><E40/><V38/><F43/><W117/><G5/><T6/><D6/><U24/><E128/><V94/><F130/><W21/><G117/><T45/><D45/><U124/><E114/><V27/><F127/><N who="1" m="48713" /><E66/><N who="3" m="25098" /><G100/><AGARI ba="0,0" hai="19,23,24,54,59,62,86,87,100,102,103" m="48713" machi="100" ten="30,2000,0" yaku="18,1,52,1" doraHai="53" who="1" fromWho="3" sc="18,0,193,20,226,0,563,-20" /><INIT seed="5,0,0,1,2,24" ten="18,213,226,543" oya="1" hai0="67,97,105,133,65,7,5,70,119,71,64,85,63" hai1="40,33,130,2,124,12,27,77,42,60,6,8,9" hai2="26,68,110,103,120,13,11,37,22,3,48,17,50" hai3="114,76,72,82,95,122,98,52,109,4,90,129,86"/><U36/><E124/><V96/><F110/><W104/><G4/><T94/><D119/><U1/><E130/><V135/><F37/><W118/><G109/><T28/><D133/><U102/><E102/><V84/><F120/><W44/><G122/><T41/><D105/><U134/><E134/><V61/><F135/><W23/><G23/><T20/><D85/><U108/><E108/><V88/><F3/><W45/><G114/><T101/><D41/><U62/><E77/><V32/><F32/><W49/><G118/><T75/><D75/><U107/><E107/><V69/><F69/><W121/><G121/><T125/><D125/><U35/><E27/><V127/><F127/><W57/><G129/><T58/><D70/><U38/><E12/><V80/><F61/><W54/><G54/><T74/><D71/><U21/><E21/><V117/><F68/><W123/><G123/><T0/><D74/><U115/><E6/><N who="0" m="2057" /><D0/><U79/><E79/><V111/><F111/><W15/><G15/><T39/><D39/><U47/><E47/><V25/><F25/><AGARI ba="0,0" hai="20,25,28,58,63,64,65,67,94,97,101" m="2057" machi="25" ten="30,3900,0" yaku="25,1,8,1,52,1" doraHai="24" who="0" fromWho="2" sc="18,39,213,0,226,-39,543,0" /><INIT seed="6,0,0,4,1,125" ten="57,213,187,543" oya="2" hai0="98,115,11,121,45,32,116,86,93,66,124,68,33" hai1="9,94,41,12,5,76,70,82,133,1,44,111,72" hai2="4,105,60,90,39,87,7,37,55,120,8,26,102" hai3="56,128,46,61,62,92,78,96,97,19,34,65,122"/><V91/><F120/><W109/><G34/><T126/><D121/><U22/><E111/><V17/><F105/><W77/><G109/><T107/><D66/><U103/><E133/><V27/><F102/><W29/><G29/><T117/><D68/><U108/><E70/><V85/><F55/><W36/><G97/><T30/><D30/><U80/><E80/><V74/><F17/><W71/><G19/><T59/><D59/><U134/><E134/><V95/><F74/><W73/><G73/><T69/><D11/><U42/><E42/><V123/><F123/><W113/><G113/><T31/><D31/><U79/><E79/><V35/><F95/><W100/><G36/><T6/><D6/><U28/><E108/><V83/><F83/><W81/><G46/><T114/><D45/><U10/><E22/><V21/><F21/><W54/><G122/><T57/><D57/><U101/><E94/><V75/><F75/><W106/><G92/><T67/><D67/><U119/><E28/><V43/><F43/><W49/><G81/><T99/><D69/><U20/><E119/><N who="0" m="45641" /><D107/><U112/><E112/><N who="0" m="43049" /><D86/><U24/><E20/><V131/><F8/><W38/><G54/><T118/><N who="0" m="45649" /><T135/><DORA hai="84" /><D135/><U0/><E10/><V53/><F53/><W3/><G106/><T130/><D130/><U104/><E104/><V110/><F110/><W64/><G128/><T15/><D15/><U50/><E12/><V88/><F35/><N who="0" m="13386" /><D93/><U23/><E9/><V89/><N who="2" m="22528" /><DORA hai="18" /><V58/><F131/><W13/><G65/><T51/><D51/><U47/><E50/><RYUUKYOKU ba="0,0" sc="57,30,213,-10,187,-10,543,-10" hai0="98,99,124,126" /><INIT seed="7,1,0,2,4,99" ten="87,203,177,533" oya="3" hai0="7,76,38,128,125,62,68,46,117,33,102,54,92" hai1="107,61,130,47,9,100,101,56,124,69,45,97,51" hai2="111,48,114,40,80,75,24,26,87,66,63,20,122" hai3="90,83,43,37,11,113,84,74,82,135,49,86,42"/><W15/><G74/><T39/><D7/><U57/><E101/><V103/><F111/><W115/><G37/><N who="0" m="13835" /><D76/><U93/><E107/><V131/><F75/><W32/><G32/><T129/><D92/><U116/><E69/><V27/><F20/><W10/><G135/><T110/><D102/><U98/><E124/><V8/><F103/><W108/><G108/><T2/><D2/><U79/><E130/><N who="0" m="50281" /><D33/><U18/><E116/><V67/><F87/><W17/><G10/><T104/><D104/><U29/><E97/><V119/><F80/><W55/><G86/><T85/><D85/><U126/><E126/><V12/><F8/><W78/><G83/><T22/><D22/><U72/><E79/><V14/><F14/><W134/><G134/><T94/><D94/><U65/><E29/><V59/><F12/><W81/><G81/><T70/><D110/><U13/><E72/><V105/><F105/><W34/><G34/><T41/><D125/><U118/><E118/><V16/><F26/><W23/><G23/><T73/><D73/><U123/><E100/><V71/><F24/><W96/><G96/><T21/><D21/><U1/><E98/><V3/><F27/><W88/><G90/><T36/><D117/><U53/><E93/><V31/><F3/><W6/><G6/><T50/><N who="0" m="13843" /><T5/><DORA hai="127" /><D5/><U121/><E1/><V28/><F119/><W77/><G77/><T64/><D70/><U120/><AGARI ba="1,0" hai="9,13,18,45,47,51,53,56,57,61,65,120,121,123" machi="120" ten="30,1100,0" yaku="0,1" doraHai="99,127" who="1" fromWho="1" sc="87,-4,203,14,177,-4,533,-6" owari="83,-42.0,217,2.0,173,-23.0,527,63.0" /></mjloggm>