<mjloggm ver="2.3"><GO type="169" lobby="0"/><UN n0="%E3%82%A6%E3%83%AB%E3%83%88%E3%83%A9%E7%AB%8B%E7%9B%B4" n1="%45%76%65%72%68%79%68%6D" n2="%E3%82%B5%E3%83%B3%E3%83%9E%E9%81%93%E6%A5%BD%E4%BB%A3%E8%A1%A8" n3="%74%61%74%73%75%37%30%32" dan="18,16,17,17" rate="2206.12,2043.78,2161.70,2207.72" sx="M,M,M,M"/><TAIKYOKU oya="0"/><INIT seed="0,0,0,0,5,125" ten="250,250,250,250" oya="0" hai0="65,18,69,66,120,34,129,13,78,83,116,77,1" hai1="26,108,37,32,87,132,134,126,30,92,97,15,98" hai2="16,86,114,49,100,27,28,91,36,46,99,127,38" hai3="40,88,75,118,68,23,63,130,112,57,133,80,43"/><T35/><D1/><U105/><E126/><V6/><F114/><W0/><G112/><T11/><D120/><U17/><E37/><V3/><F127/><W96/><G68/><T74/><D116/><U93/><E105/><V52/><F3/><W42/><G0/><T45/><D78/><U113/><E113/><V2/><F2/><W117/><G133/><N who="1" m="51306" /><E108/><V107/><F6/><W95/><G130/><T7/><D129/><U58/><E58/><V53/><F53/><W121/><G121/><T54/><D7/><U19/><E87/><V111/><F111/><W84/><G75/><T50/><REACH who="0" step="1"/><D69/><REACH who="0" ten="240,250,250,250" step="2"/><U67/><E98/><V55/><F38/><W72/><G72/><T20/><D20/><U79/><E79/><V110/><F36/><W104/><G104/><T64/><AGARI ba="0,1" hai="11,13,18,34,35,45,50,54,64,65,66,74,77,83" machi="64" ten="30,12000,1" yaku="1,1,0,1,53,3" doraHai="125" doraHaiUra="62" who="0" fromWho="0" sc="240,130,250,-40,250,-40,250,-40" /><INIT seed="0,1,0,4,0,127" ten="370,210,210,210" oya="0" hai0="133,0,10,120,115,19,83,69,44,51,17,82,58" hai1="99,132,31,34,107,121,62,2,37,92,75,128,30" hai2="25,36,27,79,57,20,87,106,118,61,14,1,52" hai3="40,35,126,32,130,56,85,84,76,103,101,122,23"/><T22/><D69/><U9/><E121/><V39/><F1/><W68/><G122/><T89/><D120/><U6/><E132/><V47/><F106/><W67/><G68/><T97/><D115/><U26/><E92/><V125/><F125/><W63/><G126/><T111/><D133/><U28/><E28/><V49/><F118/><W112/><G112/><T70/><D70/><U113/><E113/><V15/><F27/><W33/><G40/><T29/><D58/><U66/><E30/><V124/><F39/><W45/><G45/><T64/><D64/><U114/><E114/><V117/><F36/><W16/><G130/><T95/><D111/><U65/><E65/><V96/><F96/><W72/><G72/><T98/><D98/><U13/><E128/><V131/><F131/><W50/><G50/><T80/><D0/><U48/><E48/><V4/><F4/><W18/><G18/><T91/><D10/><U74/><E13/><V24/><F24/><W5/><G5/><T41/><D29/><U43/><E43/><N who="2" m="24831" /><F117/><W77/><G85/><N who="0" m="50343" /><D17/><U55/><E37/><V38/><F38/><W116/><G84/><T119/><D119/><U73/><E107/><V81/><F124/><W100/><REACH who="3" step="1"/><G116/><REACH who="3" ten="370,210,210,200" step="2"/><T104/><D19/><AGARI ba="1,1" hai="14,15,19,20,25,52,57,61,79,81,87" m="24831" machi="19" ten="30,2000,0" yaku="8,1,54,1" doraHai="127" who="2" fromWho="0" sc="370,-23,210,0,210,33,200,0" /><INIT seed="1,0,0,2,3,135" ten="347,210,243,200" oya="1" hai0="44,73,103,41,112,25,106,130,57,76,74,94,93" hai1="132,127,85,87,16,101,43,122,19,111,78,86,28" hai2="50,6,79,108,14,63,96,18,12,15,105,124,107" hai3="89,8,20,61,10,37,75,95,100,51,92,119,34"/><U70/><E122/><V62/><F79/><W26/><G119/><T0/><D112/><U129/><E70/><V80/><F80/><W46/><G75/><T45/><D106/><U66/><E66/><V59/><F6/><W72/><G72/><T53/><D0/><U99/><E132/><V65/><F18/><W104/><G37/><T49/><D76/><U97/><E78/><V35/><F35/><W17/><G104/><T121/><D130/><U58/><E43/><V71/><F50/><W33/><G61/><T123/><D25/><U56/><E28/><V68/><F108/><W134/><G34/><T118/><D45/><U9/><E129/><V128/><F128/><W52/><G33/><T98/><D93/><U29/><E29/><V55/><F71/><W13/><G134/><T3/><D3/><U11/><E87/><V116/><F116/><W126/><G126/><T113/><D113/><U81/><E101/><V24/><F24/><W23/><G95/><T110/><D110/><U117/><E81/><V90/><F124/><W64/><G64/><T38/><D118/><U67/><E117/><V31/><F31/><N who="3" m="17863" /><G100/><T2/><D2/><U114/><E67/><V47/><F107/><W109/><G109/><T83/><D83/><U39/><E111/><V5/><F105/><W21/><G23/><T77/><D77/><U60/><E114/><V54/><F65/><W102/><G102/><T30/><D30/><U82/><E82/><V120/><F68/><W48/><G51/><T7/><D7/><U32/><E127/><V133/><F133/><W125/><G125/><RYUUKYOKU ba="0,0" sc="347,15,210,-15,243,-15,200,15" hai0="38,41,44,49,53,57,73,74,94,98,103,121,123" hai3="8,10,13,17,21,46,48,52,89,92" /><INIT seed="2,1,0,5,5,96" ten="362,195,228,215" oya="2" hai0="119,46,14,121,6,11,85,47,128,4,94,122,33" hai1="111,61,0,126,31,82,56,58,106,35,79,99,48" hai2="123,112,5,13,92,51,21,124,107,72,37,60,3" hai3="38,127,44,104,78,134,59,93,71,63,29,25,113"/><V81/><F107/><W86/><G104/><T57/><D33/><U118/><E126/><V53/><F123/><W8/><G127/><T125/><D125/><U105/><E118/><V27/><F112/><W75/><G71/><T64/><D119/><U100/><E0/><V1/><F37/><W89/><G113/><T69/><D69/><U74/><E111/><V131/><F60/><W15/><G134/><T34/><D34/><U130/><E130/><V98/><F131/><W16/><G75/><T132/><D132/><U110/><E110/><V54/><F54/><W2/><G2/><T43/><D128/><U18/><E106/><V88/><F124/><W55/><G78/><T133/><D133/><U62/><E18/><V87/><F72/><W95/><G38/><T24/><D4/><U45/><E61/><V28/><F13/><W73/><G73/><T90/><D43/><U91/><E62/><V84/><F84/><W39/><G39/><T40/><D40/><U17/><E105/><V101/><REACH who="2" step="1"/><F5/><REACH who="2" ten="362,195,218,215" step="2"/><W103/><G44/><AGARI ba="1,1" hai="1,3,21,27,28,44,51,53,81,87,88,92,98,101" machi="44" ten="30,12000,1" yaku="1,1,2,1,7,1,52,1,54,1,53,0" doraHai="96" doraHaiUra="129" who="2" fromWho="3" sc="362,0,195,0,218,133,215,-123" /><INIT seed="2,2,0,4,2,133" ten="362,195,351,92" oya="2" hai0="2,82,123,58,36,55,113,108,85,51,34,21,27" hai1="103,78,106,29,0,99,56,80,116,12,62,72,5" hai2="17,11,91,38,31,57,37,95,96,86,47,66,23" hai3="83,127,46,101,77,126,28,41,112,94,16,33,61"/><V25/><F47/><W105/><G112/><T135/><D123/><U81/><E81/><V14/><F66/><W70/><G94/><T3/><D34/><U32/><E116/><V122/><F122/><W1/><G16/><T107/><D107/><U40/><E12/><V132/><F132/><W35/><G1/><T64/><D113/><U26/><E56/><V53/><REACH who="2" step="1"/><F96/><REACH who="2" ten="362,195,341,92" step="2"/><N who="3" m="61607" /><G46/><T92/><D135/><U114/><E114/><V121/><F121/><W79/><G41/><T131/><D64/><U19/><E40/><V118/><F118/><W130/><G130/><T98/><D131/><U75/><E99/><V117/><F117/><W7/><G7/><T13/><D98/><U102/><E5/><V43/><F43/><W54/><G54/><T4/><D55/><U67/><E67/><V104/><F104/><W111/><G111/><T74/><D108/><U87/><E106/><V93/><F93/><W6/><G6/><T59/><D92/><U110/><E110/><V100/><F100/><W48/><G48/><AGARI ba="2,1" hai="11,14,17,23,25,31,37,38,48,53,57,86,91,95" machi="48" ten="30,2900,0" yaku="1,1,7,1,53,0" doraHai="133" doraHaiUra="109" who="2" fromWho="3" sc="362,0,195,0,341,45,92,-35" /><INIT seed="2,3,0,5,0,96" ten="362,195,386,57" oya="2" hai0="54,89,130,73,133,128,28,22,115,10,27,49,102" hai1="83,8,18,50,7,56,71,114,70,33,91,129,19" hai2="11,44,105,79,63,67,68,14,75,82,1,76,104" hai3="65,100,87,52,23,5,38,93,40,45,80,36,57"/><V111/><F79/><W29/><G5/><T6/><D73/><U13/><E129/><N who="0" m="49769" /><D89/><U103/><E114/><V58/><F58/><W90/><G38/><T48/><D115/><U12/><E33/><V120/><F120/><W39/><G39/><T69/><D69/><U108/><E108/><V98/><F14/><W53/><G65/><T124/><D124/><U77/><E7/><N who="2" m="1519" /><F111/><W134/><G134/><T35/><D35/><U55/><E91/><V109/><F109/><W119/><G119/><T51/><D133/><U47/><E56/><V2/><F2/><W135/><G135/><T84/><D84/><U81/><E71/><V37/><F98/><W121/><G121/><T88/><D88/><U34/><E70/><V122/><F122/><W20/><G53/><T62/><D62/><U92/><E77/><V26/><F26/><W30/><G30/><T78/><D78/><U125/><E125/><V17/><F17/><W4/><G4/><T85/><D85/><U126/><E34/><V16/><F16/><W97/><REACH who="3" step="1"/><G29/><REACH who="3" ten="362,195,386,47" step="2"/><T64/><D64/><U72/><E126/><V43/><AGARI ba="3,1" hai="37,43,44,63,67,68,75,76,82,104,105" m="1519" machi="43" ten="30,6000,0" yaku="25,1,33,2" doraHai="96" who="2" fromWho="2" sc="362,-23,195,-23,386,79,47,-23" /><INIT seed="2,4,0,4,3,129" ten="339,172,465,24" oya="2" hai0="0,28,104,94,23,60,3,105,49,128,64,11,6" hai1="95,4,84,7,54,33,56,15,75,76,83,72,42" hai2="66,87,38,27,103,47,131,63,14,132,44,31,85" hai3="97,113,73,34,48,133,45,40,115,69,20,59,5"/><V101/><F14/><W61/><G34/><T25/><D128/><U52/><E33/><V102/><F131/><W127/><G73/><T120/><D0/><U19/><E75/><V112/><F112/><N who="3" m="43083" /><G5/><T99/><D49/><U26/><E42/><V68/><F132/><W122/><G97/><T91/><REACH who="0" step="1"/><D120/><REACH who="0" ten="329,172,465,24" step="2"/><U135/><E72/><V62/><F38/><N who="3" m="21655" /><G122/><T81/><D81/><U89/><E83/><V110/><F110/><W98/><G127/><T51/><D51/><U92/><E135/><V96/><F96/><W24/><G98/><T88/><D88/><U126/><E89/><V109/><F109/><W82/><G82/><T106/><D106/><U114/><E114/><V111/><F111/><W80/><G80/><T57/><AGARI ba="4,1" hai="3,6,11,23,25,28,57,60,64,91,94,99,104,105" machi="57" ten="20,2700,0" yaku="1,1,0,1,7,1,53,0" doraHai="129" doraHaiUra="13" who="0" fromWho="0" sc="329,49,172,-11,465,-17,24,-11" /><INIT seed="3,0,0,1,1,94" ten="378,161,448,13" oya="3" hai0="104,30,28,16,87,82,45,15,64,81,105,84,128" hai1="3,53,132,69,34,18,121,133,0,61,33,107,12" hai2="31,19,37,76,14,47,6,86,119,131,110,123,126" hai3="60,96,135,118,112,1,103,7,75,55,90,91,83"/><W99/><G118/><T100/><D128/><U57/><E121/><V32/><F119/><W24/><G112/><T20/><D64/><U93/><E107/><V21/><F131/><W115/><G115/><T63/><D63/><U65/><E33/><V10/><F110/><W56/><G135/><N who="1" m="51786" /><E93/><V51/><F37/><W27/><G1/><T120/><D120/><U106/><E106/><V40/><F126/><W52/><G7/><T102/><D45/><U11/><E34/><V108/><F108/><W17/><G103/><T125/><D125/><U72/><E72/><V62/><F62/><AGARI ba="0,0" hai="0,3,11,12,18,53,57,61,62,65,69" m="51786" machi="62" ten="30,1000,0" yaku="20,1" doraHai="94" who="1" fromWho="2" sc="378,0,161,10,448,-10,13,0" /><INIT seed="4,0,0,1,1,88" ten="378,171,438,13" oya="0" hai0="112,65,31,32,12,64,7,108,120,51,102,69,8" hai1="104,25,29,15,125,71,107,95,106,41,79,36,96" hai2="27,40,35,75,82,22,83,89,66,20,87,131,109" hai3="133,97,53,52,105,72,60,4,34,21,101,103,10"/><T116/><D120/><U135/><E71/><V122/><F109/><W129/><G133/><T113/><D116/><U55/><E41/><V38/><F122/><W123/><G129/><T26/><D108/><U5/><E36/><V62/><F131/><W74/><G123/><T128/><D128/><U56/><E79/><V37/><F22/><W119/><G119/><T9/><D51/><U1/><E125/><V14/><F14/><W63/><G34/><T77/><D77/><U81/><E81/><V33/><F75/><W121/><G121/><T24/><D69/><U132/><E1/><V78/><F78/><W76/><G21/><T126/><D126/><U18/><E5/><V86/><F86/><W93/><G105/><T2/><D102/><U92/><E96/><V84/><F84/><W54/><G103/><T124/><D124/><U19/><E104/><V115/><F83/><W48/><G48/><T61/><D61/><U99/><E99/><V11/><F11/><W13/><REACH who="3" step="1"/><G76/><REACH who="3" ten="378,171,438,3" step="2"/><T100/><D100/><U68/><E106/><V17/><F38/><W16/><G16/><N who="0" m="8199" /><D24/><U45/><E107/><V80/><F35/><W127/><G127/><T47/><D26/><U46/><E25/><V91/><F27/><W42/><G42/><T39/><D32/><U98/><E132/><V110/><F40/><W58/><G58/><T94/><D31/><U28/><E29/><V134/><F134/><W49/><G49/><T67/><D39/><U117/><E28/><V130/><F37/><W59/><G59/><T43/><D43/><U118/><E135/><V111/><F111/><RYUUKYOKU ba="0,1" sc="378,-10,171,-10,438,-10,3,30" hai3="4,10,13,52,53,54,60,63,72,74,93,97,101" /><INIT seed="5,1,1,1,1,40" ten="368,161,428,33" oya="1" hai0="27,50,8,134,68,53,32,89,117,23,29,75,114" hai1="34,119,63,70,129,33,48,66,15,45,3,38,83" hai2="125,24,11,133,6,130,84,104,65,82,95,41,60" hai3="122,98,87,19,79,94,81,16,59,30,9,126,77"/><U39/><E3/><V43/><F104/><W116/><G126/><T106/><D117/><U121/><E121/><V0/><F125/><W4/><G122/><T26/><D75/><U91/><E33/><V80/><F130/><W110/><G116/><T17/><D68/><U52/><E34/><V96/><F24/><W36/><G36/><T127/><D106/><U57/><E129/><V107/><F107/><W44/><G30/><T100/><D100/><U47/><E119/><V18/><F18/><W113/><G79/><T49/><D114/><U135/><E135/><V21/><F21/><W35/><G35/><T78/><D78/><U71/><E15/><V28/><F28/><W20/><G59/><T7/><D134/><U22/><E91/><V101/><F82/><W92/><G113/><T31/><D127/><U103/><E22/><V132/><F132/><W93/><G110/><T128/><D128/><U1/><E83/><V112/><F112/><W2/><G98/><T74/><D74/><U55/><E1/><V72/><F72/><W86/><G87/><T62/><D89/><U123/><E103/><V64/><F64/><W73/><G73/><T42/><D31/><U51/><E123/><V115/><F115/><W120/><G120/><T85/><D85/><U131/><E131/><V102/><F102/><W37/><REACH who="3" step="1"/><G20/><REACH who="3" ten="368,161,428,23" step="2"/><T58/><D32/><U61/><E71/><N who="2" m="42407" /><F133/><W46/><G46/><N who="0" m="25815" /><D29/><U10/><E10/><V109/><F109/><W118/><G118/><T105/><D26/><U108/><E108/><V13/><F0/><W56/><G56/><T25/><D25/><RYUUKYOKU ba="1,2" sc="368,-30,161,10,428,10,23,10" hai1="38,39,45,47,48,51,52,55,57,61,63,66,70" hai2="6,11,13,41,43,80,84,95,96,101" hai3="2,4,9,16,19,37,44,77,81,86,92,93,94" /><INIT seed="5,2,2,5,4,77" ten="338,171,438,33" oya="1" hai0="45,115,55,39,129,58,37,121,4,86,84,104,75" hai1="126,89,44,46,19,3,43,73,94,2,62,76,78" hai2="6,60,80,134,13,51,26,132,12,23,20,81,48" hai3="68,33,107,105,31,8,102,135,122,29,97,30,114"/><U82/><E126/><V119/><F60/><W59/><G122/><T123/><D104/><U87/><E76/><V15/><F26/><W88/><G107/><T47/><D75/><U127/><E127/><V99/><F99/><W40/><G68/><T103/><D4/><U72/><E44/><N who="0" m="16969" /><D103/><U21/><E62/><V67/><F67/><W49/><G40/><T95/><D95/><U0/><E73/><V64/><F64/><W91/><G33/><T61/><D115/><U57/><E57/><V11/><F11/><W125/><G125/><T101/><D101/><U112/><E112/><V100/><F100/><W50/><G114/><T108/><D108/><U70/><E70/><V54/><F6/><W18/><G135/><T109/><D109/><U28/><E28/><V41/><F41/><W116/><G116/><T38/><D129/><U118/><E118/><V52/><F15/><W74/><G74/><T32/><D32/><U92/><E78/><V69/><F69/><W9/><G9/><T90/><D90/><U65/><E72/><V66/><F66/><W5/><G18/><T53/><D53/><U124/><E65/><V98/><F98/><W25/><G25/><T93/><D93/><U16/><E124/><V34/><F34/><W7/><G7/><T22/><D22/><U133/><E133/><V10/><F10/><W106/><G106/><T35/><D35/><U131/><E131/><V14/><F14/><N who="3" m="5391" /><G59/><T42/><D42/><U113/><E113/><V83/><F83/><W96/><G96/><T128/><D128/><U17/><E21/><V110/><F110/><RYUUKYOKU ba="2,2" sc="338,0,171,0,438,0,33,0" hai0="37,38,39,55,58,61,84,86,121,123" hai1="0,2,3,16,17,19,43,46,82,87,89,92,94" hai2="12,13,20,23,48,51,52,54,80,81,119,132,134" hai3="29,30,31,49,50,88,91,97,102,105" /><INIT seed="5,3,2,2,3,93" ten="338,171,438,33" oya="1" hai0="79,11,123,77,52,4,126,48,6,114,122,13,25" hai1="81,8,39,89,121,34,131,108,66,32,63,64,38" hai2="5,95,16,59,18,98,80,7,112,21,49,133,70" hai3="132,101,61,90,68,33,85,120,84,46,58,104,60"/><U78/><E121/><N who="0" m="46089" /><D114/><U110/><E131/><V26/><F70/><W0/><G120/><T116/><D126/><U119/><E119/><V57/><F133/><W94/><G0/><T42/><D116/><U105/><E8/><V19/><F80/><W124/><G124/><T10/><D42/><U74/><E105/><V31/><F112/><W100/><G132/><T107/><D25/><U129/><E64/><V71/><F71/><W76/><G33/><N who="1" m="12906" /><E89/><V109/><F109/><N who="1" m="42089" /><E129/><V24/><F24/><W127/><G127/><T23/><D23/><U118/><E118/><V20/><F20/><W62/><G68/><AGARI ba="3,2" hai="38,39,63,66,68,74,78,81" m="42089,12906" machi="68" ten="30,2900,0" yaku="10,1,23,1" doraHai="93" who="1" fromWho="3" sc="338,0,171,58,438,0,33,-38" owari="338,14.0,229,-17.0,438,54.0,-5,-51.0" /></mjloggm>