<mjloggm ver="2.3"><GO type="169" lobby="0"/><UN n0="%E5%B0%B1%E6%B4%BB%E7%94%9F%40%E5%B7%9D%E6%9D%91%E8%BB%8D%E5%9B%A3" n1="%E2%98%86%E3%82%BF%E3%82%B9%E3%83%9E%E3%83%8B%E3%82%A2" n2="%E3%81%BA%E3%83%BC" n3="%E6%B0%B4%E6%9C%AC%E3%82%86%E3%81%8B%E3%82%8A" dan="17,17,17,16" rate="2216.50,2158.18,2218.38,2108.08" sx="M,M,M,F"/><TAIKYOKU oya="0"/><INIT seed="0,0,0,2,0,135" ten="250,250,250,250" oya="0" hai0="44,22,110,59,46,92,49,132,69,38,133,4,120" hai1="77,17,105,114,121,71,82,112,33,124,51,99,15" hai2="27,101,111,64,67,52,93,91,40,123,89,102,23" hai3="65,18,3,12,28,130,19,113,35,109,95,62,39"/><T45/><D120/><U57/><E71/><V94/><F123/><W122/><G113/><N who="1" m="43626" /><E33/><V11/><F40/><W97/><G39/><T117/><D4/><U9/><E121/><V108/><F11/><W103/><G109/><T34/><D34/><U100/><E57/><V126/><F27/><W30/><G130/><T129/><D22/><U68/><E51/><V128/><F23/><W118/><G118/><T41/><D92/><U131/><E68/><V50/><F50/><W85/><G122/><T88/><D88/><U48/><E48/><V79/><F79/><W37/><G37/><T80/><D80/><U119/><E119/><V125/><REACH who="2" step="1"/><F52/><REACH who="2" ten="250,250,240,250" step="2"/><W78/><G35/><T115/><D115/><U31/><E131/><AGARI ba="0,1" hai="64,67,89,91,93,94,101,102,108,111,125,126,128,131" machi="131" ten="25,12000,2" yaku="1,1,2,1,22,2,52,2,53,0" doraHai="135" doraHaiUra="116" who="2" fromWho="1" sc="250,0,250,-120,240,130,250,0" /><INIT seed="1,0,0,5,5,102" ten="250,130,370,250" oya="1" hai0="46,45,104,95,79,90,58,111,76,54,44,126,40" hai1="106,6,53,1,112,36,28,21,7,134,67,57,133" hai2="16,121,74,71,47,41,50,65,100,25,92,89,0" hai3="123,23,48,73,62,35,132,88,83,69,81,5,8"/><U72/><E72/><V125/><F121/><W51/><G35/><T107/><D111/><U70/><E36/><V75/><F100/><W27/><G123/><T43/><D126/><U66/><E112/><V119/><F119/><W68/><G132/><N who="1" m="50794" /><E70/><V30/><F0/><W114/><G114/><T32/><D32/><U29/><E21/><V98/><F125/><W63/><G73/><T22/><D22/><U117/><E117/><V11/><F65/><N who="1" m="24585" /><E6/><V2/><F71/><W24/><G23/><T86/><D76/><U26/><E26/><V91/><F30/><W49/><G49/><T4/><D79/><U128/><E128/><V52/><F25/><W59/><G5/><T108/><D4/><U110/><E110/><V9/><F2/><W34/><G34/><T103/><D108/><U109/><E109/><V17/><F75/><W129/><G59/><T115/><D115/><U61/><E106/><V14/><F74/><W99/><G129/><T31/><D31/><U64/><N who="1" m="24593" /><U85/><DORA hai="113" /><E85/><V87/><F11/><AGARI ba="0,0" hai="1,7,11,28,29,53,57,61" m="24593,50794" machi="11" ten="40,2000,0" yaku="20,1" doraHai="102,113" who="1" fromWho="2" sc="250,0,130,20,370,-20,250,0" /><INIT seed="1,1,0,1,5,43" ten="250,150,350,250" oya="1" hai0="8,128,45,86,0,22,12,104,1,105,2,13,54" hai1="110,26,69,82,21,29,16,95,50,70,88,75,67" hai2="116,98,118,131,40,99,94,130,14,55,60,89,9" hai3="28,7,122,38,132,20,91,117,5,113,127,39,42"/><U44/><E110/><V80/><F40/><W83/><G122/><T124/><D124/><U123/><E123/><V78/><F60/><W53/><G113/><T64/><D128/><N who="2" m="49194" /><F55/><W84/><G127/><T33/><D33/><U100/><E100/><V108/><F108/><W31/><G132/><T62/><D86/><U107/><E107/><V37/><F37/><W34/><G34/><T93/><D93/><U35/><E67/><V63/><F63/><W65/><G117/><T24/><D104/><U134/><E82/><V79/><F98/><W19/><G65/><T66/><D105/><U87/><E134/><V135/><F135/><W119/><G119/><N who="2" m="45609" /><F80/><W18/><G53/><T101/><D101/><U58/><E75/><V81/><F81/><W125/><G125/><T120/><D120/><U56/><E56/><V68/><F68/><W92/><G39/><T103/><D103/><U51/><E58/><V71/><F71/><W114/><G38/><T126/><D126/><U111/><E51/><V15/><F15/><W76/><G83/><T36/><D62/><U85/><E85/><V46/><F46/><W25/><G84/><T10/><D64/><U6/><E111/><V106/><F106/><W72/><G92/><T96/><D96/><U74/><E74/><V41/><F41/><W3/><G42/><N who="0" m="22727" /><D66/><U77/><E77/><V52/><F52/><W61/><G76/><T133/><D54/><N who="1" m="30023" /><E69/><V59/><F59/><W23/><G72/><T121/><D121/><U97/><E70/><V49/><F49/><W73/><G73/><T109/><D133/><U4/><E97/><RYUUKYOKU ba="1,0" sc="250,-15,150,15,350,15,250,-15" hai1="4,6,16,21,26,29,35,87,88,95" hai2="9,14,78,79,89,94,99" /><INIT seed="1,2,0,4,1,23" ten="235,165,365,235" oya="1" hai0="58,44,2,48,0,14,49,116,35,100,102,78,121" hai1="88,31,75,120,127,4,81,128,10,90,54,43,118" hai2="52,105,38,79,20,74,24,82,19,108,95,124,11" hai3="39,97,89,99,87,115,112,83,67,98,28,50,111"/><U114/><E114/><V18/><F105/><W94/><G39/><T16/><D116/><U96/><E118/><V69/><F69/><W25/><G111/><T21/><D121/><U62/><E120/><V33/><F38/><W1/><G1/><T41/><D35/><U101/><E128/><V9/><F33/><W113/><G67/><T6/><D78/><U91/><E127/><V65/><F65/><W117/><G50/><T85/><D85/><U45/><E31/><V107/><F107/><W66/><G66/><T119/><D119/><U76/><E54/><V103/><F108/><W46/><G46/><T15/><D2/><U47/><E62/><V8/><F124/><W84/><G117/><T36/><D0/><U56/><E56/><V5/><F5/><W63/><G63/><T22/><D36/><U53/><E53/><V109/><F109/><W70/><G70/><T7/><D58/><U73/><E73/><V77/><F77/><W125/><G125/><T126/><D126/><U3/><REACH who="1" step="1"/><E43/><REACH who="1" ten="235,155,365,235" step="2"/><V86/><F52/><W132/><G113/><T55/><D55/><U104/><AGARI ba="2,1" hai="3,4,10,45,47,75,76,81,88,90,91,96,101,104" machi="104" ten="30,11700,0" yaku="1,1,2,1,0,1,54,1,53,0" doraHai="23" doraHaiUra="17" who="1" fromWho="1" sc="235,-41,155,133,365,-41,235,-41" /><INIT seed="1,3,0,2,5,124" ten="194,288,324,194" oya="1" hai0="10,127,126,95,74,76,75,82,26,34,90,52,45" hai1="33,103,108,28,11,85,18,69,129,44,36,79,91" hai2="2,0,30,42,87,89,19,5,13,37,116,31,4" hai3="99,128,3,17,102,64,119,71,73,121,41,117,49"/><U94/><E69/><V65/><F65/><W88/><G121/><T61/><D75/><U114/><E114/><V81/><F37/><W32/><G73/><T1/><D1/><N who="2" m="618" /><F42/><W123/><G123/><T134/><D134/><U21/><E33/><V86/><F89/><W22/><G32/><T60/><D10/><U43/><E79/><V56/><F56/><W54/><G3/><T98/><D34/><U104/><E108/><V110/><F81/><W125/><G125/><N who="0" m="47627" /><D26/><U132/><E132/><V107/><F107/><W29/><G29/><N who="2" m="10761" /><F86/><W109/><G41/><T70/><D70/><U6/><E28/><V38/><F87/><W97/><G64/><T68/><D68/><U122/><E103/><V7/><F38/><W66/><G102/><T105/><D105/><U25/><E104/><V83/><F83/><W67/><G71/><T9/><D9/><U120/><E120/><V63/><F63/><W106/><G106/><T53/><D53/><U55/><E55/><V135/><F135/><W48/><G54/><T47/><D47/><U130/><REACH who="1" step="1"/><E122/><REACH who="1" ten="194,278,324,194" step="2"/><V101/><F101/><W62/><G66/><T131/><D52/><U118/><E118/><V15/><F116/><W80/><G67/><T84/><D60/><U50/><E50/><V8/><F110/><W51/><G109/><T115/><D61/><U57/><E57/><V78/><F78/><W46/><G62/><T39/><D39/><U112/><E112/><V35/><F35/><W100/><G119/><T27/><D115/><U96/><E96/><V23/><AGARI ba="3,1" hai="4,5,7,8,13,15,19,23" m="10761,618" machi="23" ten="30,8000,1" yaku="35,5" doraHai="124" who="2" fromWho="2" sc="194,-23,278,-43,324,99,194,-23" /><INIT seed="2,0,0,0,0,103" ten="171,235,423,171" oya="2" hai0="67,47,78,64,5,57,83,86,11,18,14,33,73" hai1="20,70,109,82,66,76,88,25,15,71,28,37,93" hai2="48,121,43,80,6,2,56,36,10,32,87,19,104" hai3="101,129,98,79,41,127,119,115,8,90,45,44,61"/><V29/><F121/><W7/><G119/><T75/><D33/><U26/><E37/><V9/><F36/><W69/><G129/><T108/><D108/><U81/><E109/><V123/><F123/><W105/><G127/><T38/><D38/><U91/><E91/><V17/><F104/><W89/><G115/><T126/><D126/><U31/><E15/><V74/><F74/><W35/><G35/><T107/><D107/><U128/><E128/><V40/><F40/><W39/><G45/><T92/><D47/><U63/><E76/><V23/><F43/><W4/><G4/><T132/><D132/><U59/><E71/><V122/><F48/><W113/><G113/><T22/><D57/><U112/><E70/><V42/><F56/><W99/><G99/><T72/><REACH who="0" step="1"/><D92/><REACH who="0" ten="161,235,423,171" step="2"/><U27/><E112/><V34/><F34/><W118/><G118/><T62/><D62/><U133/><E133/><V131/><F32/><W60/><G60/><T54/><D54/><U116/><E116/><V124/><F124/><W84/><G61/><T1/><AGARI ba="0,1" hai="1,5,11,14,18,22,64,67,72,73,75,78,83,86" machi="1" ten="30,2000,0" yaku="1,1,0,1,53,0" doraHai="103" doraHaiUra="68" who="0" fromWho="0" sc="161,30,235,-5,423,-10,171,-5" /><INIT seed="3,0,0,2,2,85" ten="191,230,413,166" oya="3" hai0="48,109,89,29,91,52,133,127,12,105,121,78,7" hai1="132,60,56,128,9,123,11,104,101,19,119,125,81" hai2="120,25,131,72,95,33,106,83,13,67,15,111,94" hai3="99,41,27,16,79,32,1,116,4,61,36,73,113"/><W54/><G116/><T71/><D121/><U114/><E123/><V108/><F120/><W96/><G113/><T77/><D71/><U14/><E114/><V43/><F106/><W87/><G36/><T103/><D127/><U38/><E38/><V34/><F67/><W135/><G41/><T8/><D133/><U122/><E122/><V69/><F43/><W26/><G73/><T82/><D109/><U37/><E37/><V112/><F69/><W17/><G135/><T84/><D29/><U70/><E70/><V80/><F112/><W110/><G1/><T63/><D63/><U35/><E35/><V64/><F64/><W46/><G4/><T74/><D74/><U100/><E132/><V20/><F72/><W21/><G110/><T118/><D118/><U93/><E125/><V92/><F92/><W86/><G32/><T24/><D24/><U58/><E104/><V66/><F66/><W47/><G61/><T28/><D28/><U45/><E45/><N who="3" m="16906" /><G54/><T75/><D75/><U31/><E31/><V49/><F49/><W65/><G65/><T115/><D115/><U129/><E60/><V97/><F33/><W51/><G51/><T57/><REACH who="0" step="1"/><D77/><REACH who="0" ten="181,230,413,166" step="2"/><U2/><E119/><V22/><F108/><W68/><G68/><T18/><D18/><N who="3" m="7273" /><G79/><T40/><D40/><U88/><E19/><V3/><F111/><W39/><G39/><T53/><D53/><U130/><E130/><V90/><F131/><W30/><G26/><T23/><D23/><U62/><E62/><V44/><F22/><W126/><G126/><T10/><D10/><U50/><E129/><RYUUKYOKU ba="0,1" sc="181,15,230,-15,413,-15,166,15" hai0="7,8,12,48,52,57,78,82,84,89,91,103,105" hai3="21,27,30,86,87,96,99" /><INIT seed="3,1,1,2,5,69" ten="196,215,398,181" oya="3" hai0="15,129,14,114,55,9,105,54,66,17,37,51,101" hai1="90,1,19,63,46,123,44,70,135,10,43,5,42" hai2="62,71,121,21,38,65,52,74,94,93,109,80,112" hai3="56,3,89,91,118,67,120,53,102,128,35,77,117"/><W40/><G120/><T92/><D129/><U45/><E123/><V126/><F121/><W81/><G35/><T76/><D105/><U95/><E135/><V82/><F112/><W58/><G3/><T11/><D114/><U130/><E130/><V88/><F109/><W22/><G128/><T119/><D119/><U41/><E19/><V98/><F126/><W131/><G131/><T47/><D37/><U84/><E63/><V20/><F74/><W8/><G102/><T97/><D76/><U4/><E70/><V132/><F132/><W29/><G8/><T68/><D68/><U122/><E122/><V60/><F38/><W100/><G100/><T32/><D66/><U0/><REACH who="1" step="1"/><E10/><REACH who="1" ten="196,205,398,181" step="2"/><V16/><F62/><N who="3" m="38359" /><G118/><T34/><D54/><U75/><E75/><V133/><F133/><W106/><G117/><T59/><REACH who="0" step="1"/><D59/><REACH who="0" ten="186,205,398,181" step="2"/><U127/><E127/><V125/><F52/><W79/><G53/><T48/><D48/><U57/><E57/><V7/><F125/><W64/><G56/><T49/><D49/><U31/><E31/><V107/><F71/><W87/><G64/><T30/><D30/><U27/><E27/><V61/><F65/><W6/><G29/><T115/><D115/><U83/><E83/><V134/><F80/><W116/><G116/><T13/><D13/><U2/><AGARI ba="1,3" hai="0,1,2,4,5,41,42,43,44,45,46,84,90,95" machi="2" ten="40,8000,1" yaku="1,1,0,1,29,2,53,0" doraHai="69" doraHaiUra="73" who="1" fromWho="1" sc="186,-21,205,113,398,-21,181,-41" /><INIT seed="4,0,0,5,4,42" ten="165,318,377,140" oya="0" hai0="124,112,41,70,34,74,20,79,49,32,99,104,2" hai1="62,55,16,110,1,47,93,45,59,77,127,64,83" hai2="51,60,128,89,131,117,43,118,54,98,119,5,25" hai3="130,56,102,105,126,120,85,101,65,61,90,116,29"/><T38/><D2/><U35/><E35/><V107/><F5/><W7/><G116/><T135/><D70/><U53/><E1/><V15/><F15/><W103/><G130/><N who="2" m="49705" /><F25/><W121/><G126/><T114/><D38/><U48/><E110/><V28/><F28/><W92/><G7/><T73/><D124/><U27/><E127/><V26/><F26/><W37/><G37/><T40/><D135/><U13/><E27/><V8/><F8/><W76/><G29/><T50/><D79/><U12/><E12/><V81/><F60/><W67/><G76/><T91/><D99/><U33/><E33/><V4/><F4/><W10/><G10/><T14/><D14/><U84/><E93/><N who="2" m="56623" /><F107/><W111/><G111/><T30/><D104/><U122/><E122/><N who="3" m="47210" /><G105/><T9/><D30/><U97/><E97/><V75/><F43/><W66/><AGARI ba="0,0" hai="56,61,65,66,67,85,90,92,101,102,103" m="47210" machi="66" ten="40,1500,0" yaku="13,1" doraHai="42" who="3" fromWho="3" sc="165,-7,318,-4,377,-4,140,15" /><INIT seed="5,0,0,3,2,86" ten="158,314,373,155" oya="1" hai0="30,40,33,38,64,43,134,116,97,69,11,96,114" hai1="28,80,119,113,6,94,0,117,24,92,22,49,130" hai2="10,35,78,83,112,120,59,90,126,8,87,23,111" hai3="3,17,55,121,47,77,105,63,74,68,104,106,95"/><U108/><E113/><V72/><F35/><W85/><G121/><T2/><D116/><U102/><E130/><V67/><F120/><W75/><G3/><T118/><D118/><U27/><E108/><V133/><F111/><W82/><G68/><T99/><D134/><U41/><E94/><V57/><F133/><W71/><G71/><T34/><D114/><U45/><E80/><V84/><F126/><W15/><G95/><T26/><D34/><U51/><E27/><V25/><F72/><W36/><G63/><T31/><D31/><U65/><E65/><V66/><F112/><W42/><REACH who="3" step="1"/><G55/><REACH who="3" ten="158,314,373,145" step="2"/><T44/><D40/><N who="1" m="24743" /><E92/><V54/><F54/><W16/><G16/><T58/><D69/><U32/><E41/><V5/><F66/><W81/><G81/><T52/><D64/><U76/><E0/><V7/><F67/><W123/><G123/><T91/><D2/><U100/><E119/><V62/><F62/><W19/><G19/><T109/><D109/><U122/><E122/><V9/><F7/><W128/><G128/><T29/><D29/><U14/><E6/><V37/><F5/><W48/><G48/><T61/><REACH who="0" step="1"/><D11/><AGARI ba="0,1" hai="11,15,17,36,42,47,74,75,77,82,85,104,105,106" machi="11" ten="40,1300,0" yaku="1,1,53,0" doraHai="86" doraHaiUra="1" who="3" fromWho="0" sc="158,-13,314,0,373,0,145,23" /><INIT seed="6,0,0,0,1,57" ten="145,314,373,168" oya="2" hai0="104,84,83,67,43,71,88,37,14,42,47,24,38" hai1="100,35,9,110,58,93,7,27,76,90,48,79,81" hai2="113,89,31,62,10,107,77,69,45,102,41,50,68" hai3="29,13,75,82,119,111,106,86,12,122,116,32,34"/><V53/><F77/><W2/><G75/><T5/><D104/><U126/><E110/><V118/><F118/><W127/><G106/><T52/><D24/><U1/><E126/><V23/><F107/><W49/><G111/><T101/><D101/><U55/><E100/><V103/><F113/><W65/><G2/><T60/><D43/><U15/><E1/><V4/><F89/><W63/><G122/><T124/><D124/><U51/><E81/><V8/><F8/><W132/><G127/><T54/><REACH who="0" step="1"/><D37/><REACH who="0" ten="135,314,373,168" step="2"/><U33/><E33/><V99/><F103/><W87/><G34/><T134/><D134/><U39/><E39/><V80/><F41/><W46/><G132/><T0/><D0/><U94/><E27/><V95/><F102/><W19/><G116/><T78/><D78/><U115/><E35/><V16/><F31/><W22/><G119/><T64/><D64/><U135/><E115/><V3/><F3/><W131/><G32/><T59/><D59/><U97/><E135/><V6/><F69/><W30/><G12/><T11/><AGARI ba="0,1" hai="5,11,14,38,42,47,52,54,60,67,71,83,84,88" machi="11" ten="30,8000,1" yaku="1,1,0,1,52,1,54,2,53,0" doraHai="57" doraHaiUra="129" who="0" fromWho="0" sc="135,90,314,-20,373,-40,168,-20" /><INIT seed="7,0,0,2,3,104" ten="225,294,333,148" oya="3" hai0="30,2,65,124,37,54,61,7,111,103,52,55,40" hai1="128,108,112,53,109,84,97,13,135,32,6,10,134" hai2="75,115,82,36,102,59,118,127,106,119,48,35,101" hai3="126,69,50,0,129,38,92,19,66,72,122,5,74"/><W133/><G122/><T125/><D103/><U17/><E53/><N who="2" m="32167" /><F35/><W23/><G38/><T96/><D96/><U110/><E84/><V20/><F36/><W41/><G133/><N who="1" m="50698" /><E97/><V29/><F106/><W107/><G107/><T21/><D7/><U56/><E56/><V47/><F47/><W132/><G132/><T58/><D21/><N who="1" m="11439" /><E112/><V31/><F20/><W95/><G129/><T3/><D30/><U33/><E128/><V60/><F31/><W46/><G126/><N who="0" m="48747" /><D111/><U80/><E80/><V70/><F29/><W73/><G5/><T24/><D24/><U67/><E67/><V51/><F82/><W4/><G4/><T64/><D64/><U86/><E86/><V44/><F70/><W39/><G0/><AGARI ba="0,0" hai="0,6,10,32,33,108,109,110" m="11439,50698" machi="0" ten="40,5200,0" yaku="20,1,34,2" doraHai="104" who="1" fromWho="3" sc="225,0,294,52,333,0,148,-52" owari="225,-17.0,346,44.0,333,13.0,96,-40.0" /></mjloggm>