<mjloggm ver="2.3"><GO type="169" lobby="0"/><UN n0="%73%68%61%70%65%6C%65%72" n1="%E3%82%A6%E3%83%AB%E3%83%88%E3%83%A9%E7%AB%8B%E7%9B%B4" n2="%E6%96%B0%E6%BD%9F%E3%83%89%E3%83%A9%E3%82%B4%E3%83%B3" n3="%E3%83%97%E3%83%AD%E3%83%86%E3%82%A4%E3%83%B3%E5%BE%97%E7%9B%9B" dan="17,18,16,16" rate="2199.03,2233.27,2075.62,2128.25" sx="M,M,M,M"/><TAIKYOKU oya="0"/><INIT seed="0,0,0,3,2,117" ten="250,250,250,250" oya="0" hai0="27,21,99,89,53,134,14,105,10,63,130,52,93" hai1="96,98,9,51,74,112,90,116,125,34,19,28,106" hai2="41,7,124,135,95,97,94,115,120,36,31,55,83" hai3="113,65,101,44,64,56,69,102,87,131,77,0,22"/><T18/><D134/><U107/><E116/><V91/><F115/><W38/><G0/><T3/><D130/><U103/><E74/><V132/><F7/><W24/><G69/><T29/><D105/><U54/><E125/><V60/><F124/><W59/><G131/><T111/><D111/><U104/><E112/><V86/><F31/><W92/><G44/><T118/><D118/><U26/><E90/><V49/><F60/><W25/><G38/><T121/><D121/><U57/><E98/><V67/><F67/><W1/><G1/><T73/><D73/><U23/><REACH who="1" step="1"/><E9/><REACH who="1" ten="250,240,250,250" step="2"/><V46/><F97/><W39/><G113/><T70/><D3/><U5/><E5/><V80/><F135/><W33/><G77/><T42/><D42/><U61/><E61/><V20/><F41/><W12/><G102/><T45/><D45/><U108/><E108/><V84/><F91/><W81/><G101/><T4/><D70/><U30/><E30/><V11/><F46/><W133/><G59/><N who="0" m="35303" /><D53/><U126/><E126/><V50/><F55/><W79/><G56/><T8/><D10/><U62/><E62/><V37/><F11/><W71/><G71/><T88/><D89/><U129/><E129/><V122/><F132/><W75/><G133/><T68/><D68/><U40/><E40/><V128/><F128/><W16/><G75/><T17/><AGARI ba="0,1" hai="4,8,14,17,18,21,27,29,88,93,99" m="35303" machi="17" ten="30,6000,0" yaku="8,1,54,2" doraHai="117" who="0" fromWho="0" sc="250,70,240,-20,250,-20,250,-20" /><INIT seed="0,1,0,4,5,0" ten="320,220,230,230" oya="0" hai0="44,99,27,108,103,19,61,119,12,30,124,135,105" hai1="109,127,18,51,5,36,23,128,57,7,94,78,45" hai2="116,29,50,131,11,6,96,81,123,64,8,68,73" hai3="2,84,100,115,24,20,67,60,35,72,1,25,32"/><T77/><D119/><U15/><E109/><V9/><F123/><W92/><G72/><T48/><D108/><U37/><E127/><V53/><F29/><W76/><G115/><T88/><D124/><U17/><E128/><V33/><F33/><W104/><G104/><T54/><D135/><U26/><E78/><V66/><F131/><W42/><G42/><T31/><D77/><U13/><E57/><V62/><F66/><W70/><G25/><T93/><D27/><U21/><E94/><V34/><F34/><W69/><G69/><T122/><D122/><U91/><E91/><V52/><F116/><W102/><G35/><T121/><D121/><U97/><E97/><V118/><F118/><W110/><G32/><T58/><D103/><U113/><E113/><V4/><F96/><W112/><G112/><T132/><D105/><U83/><E83/><V106/><F106/><W133/><G133/><T130/><D130/><U126/><E126/><V63/><F73/><W79/><G79/><T14/><D132/><U86/><E86/><V98/><F81/><N who="3" m="47143" /><G110/><T65/><REACH who="0" step="1"/><D12/><REACH who="0" ten="310,220,230,230" step="2"/><U59/><E26/><V3/><F3/><W134/><G134/><T95/><D95/><U90/><E15/><V120/><F120/><W129/><G129/><T82/><D82/><U111/><E13/><V38/><F98/><N who="3" m="59463" /><G102/><T89/><D89/><U10/><E90/><V49/><F38/><W101/><G101/><T41/><D41/><N who="1" m="25007" /><E37/><V46/><REACH who="2" step="1"/><F63/><REACH who="2" ten="310,220,220,230" step="2"/><W107/><G107/><T43/><D43/><U47/><E36/><V55/><F55/><W114/><G114/><T87/><D87/><RYUUKYOKU ba="1,2" sc="310,10,220,-30,220,10,230,10" hai0="14,19,30,31,44,48,54,58,61,65,88,93,99" hai2="4,6,8,9,11,46,49,50,52,53,62,64,68" hai3="1,2,20,24,60,67,70" /><INIT seed="0,2,2,0,3,94" ten="320,190,230,240" oya="0" hai0="86,84,108,129,60,97,27,40,99,113,72,130,131" hai1="21,75,133,54,5,63,73,111,92,44,26,41,77" hai2="38,109,119,91,37,102,64,19,122,110,23,95,48" hai3="74,49,82,100,68,18,134,124,32,114,42,116,69"/><T88/><D113/><U127/><E5/><V90/><F122/><W3/><G32/><T10/><D72/><U83/><E111/><N who="2" m="42507" /><F64/><W61/><G3/><T93/><D108/><U0/><E0/><V98/><F119/><W71/><G100/><T36/><D36/><N who="2" m="13930" /><F48/><W12/><G116/><T78/><D40/><U123/><E44/><V87/><F87/><W128/><G114/><T107/><D10/><U65/><E41/><V13/><AGARI ba="2,2" hai="13,19,23,90,91,95,98,102" m="13930,42507" machi="13" ten="30,2000,0" yaku="14,1,52,1" doraHai="94" who="2" fromWho="2" sc="320,-12,190,-7,230,46,240,-7" /><INIT seed="1,0,0,0,1,0" ten="308,183,276,233" oya="1" hai0="111,77,41,23,121,12,3,42,105,123,67,26,40" hai1="10,63,8,115,45,49,135,25,126,81,57,79,14" hai2="104,83,82,100,98,112,31,11,52,129,130,73,91" hai3="125,53,61,122,56,54,102,68,1,132,30,60,13"/><U33/><E115/><V69/><F69/><W16/><G1/><T20/><D3/><U21/><E126/><V86/><F31/><W34/><G122/><T95/><D105/><U44/><E33/><V110/><F11/><W64/><G125/><T103/><D67/><U15/><E135/><V39/><F39/><W37/><G37/><T128/><D111/><U119/><E119/><V48/><F110/><W75/><G75/><T114/><D114/><U50/><E81/><V28/><F28/><W85/><G132/><T9/><D128/><N who="2" m="49258" /><F112/><W99/><G85/><T90/><D77/><U27/><E79/><N who="2" m="44399" /><F48/><W55/><G30/><T76/><D103/><U131/><E131/><V74/><F74/><W78/><G78/><T101/><D101/><U108/><E108/><V19/><F19/><W92/><REACH who="3" step="1"/><G34/><REACH who="3" ten="308,183,276,223" step="2"/><T89/><D76/><U66/><E45/><V62/><F86/><W36/><G36/><T24/><D121/><U117/><E44/><V72/><F72/><W113/><G113/><T106/><D123/><U118/><E118/><V84/><F84/><W58/><G58/><T4/><D106/><U109/><E117/><V71/><F104/><W124/><G124/><T35/><D35/><U96/><E109/><V80/><F71/><W97/><G97/><T46/><D46/><U47/><E96/><V94/><F100/><W70/><G70/><T22/><D95/><U51/><E47/><V87/><F98/><W29/><G29/><T127/><D127/><U116/><E116/><V93/><F94/><W5/><G5/><T2/><D2/><U120/><E120/><RYUUKYOKU ba="0,1" sc="308,10,183,-30,276,10,223,10" hai0="4,9,12,20,22,23,24,26,40,41,42,89,90" hai2="52,62,80,83,87,91,93" hai3="13,16,53,54,55,56,60,61,64,68,92,99,102" /><INIT seed="2,1,1,1,4,9" ten="318,153,286,233" oya="2" hai0="24,121,14,2,111,30,54,31,120,113,131,36,75" hai1="97,130,41,67,5,58,74,95,61,22,81,6,101" hai2="110,123,94,59,92,3,18,60,83,135,49,12,10" hai3="23,129,125,32,37,105,88,108,42,56,53,126,127"/><V17/><F123/><W38/><G32/><T55/><D2/><U35/><E35/><V1/><F135/><W133/><G133/><T100/><D75/><U80/><E130/><V46/><F3/><W76/><G129/><T71/><D131/><U93/><E41/><N who="2" m="24783" /><F1/><W89/><G105/><T116/><D36/><N who="3" m="13929" /><G42/><T47/><D71/><U107/><E107/><V15/><F83/><N who="1" m="31817" /><E74/><V119/><F119/><W73/><G108/><T99/><D113/><U124/><E124/><V39/><F39/><W122/><G122/><T13/><D116/><U43/><E43/><V45/><F45/><W63/><G76/><T114/><D114/><U27/><E95/><V21/><F110/><W82/><G82/><T91/><D91/><N who="3" m="34889" /><G23/><T84/><D84/><U134/><E134/><V64/><AGARI ba="1,1" hai="10,12,15,17,18,21,59,60,64,92,94" m="24783" machi="64" ten="30,6000,0" yaku="8,1,52,2" doraHai="9" who="2" fromWho="2" sc="318,-21,153,-21,286,73,233,-21" /><INIT seed="2,2,0,3,1,96" ten="297,132,359,212" oya="2" hai0="85,50,112,29,28,66,115,55,43,99,131,16,129" hai1="17,135,82,51,26,91,83,106,74,15,46,21,48" hai2="13,133,75,119,108,122,24,45,103,111,61,47,18" hai3="5,36,126,130,98,77,118,76,101,117,64,92,94"/><V114/><F122/><W14/><G36/><T88/><D43/><U25/><E106/><V59/><F119/><N who="3" m="45579" /><G64/><T7/><D7/><U54/><E135/><V81/><F133/><W39/><G39/><T52/><D66/><U1/><E1/><V86/><F75/><W19/><G5/><T68/><D68/><U123/><E123/><V78/><F24/><W95/><G14/><T32/><D99/><U113/><E113/><V35/><F114/><W127/><G19/><T42/><D42/><U40/><E74/><V134/><F35/><W104/><G130/><T110/><D110/><N who="2" m="42026" /><F134/><W22/><G22/><T23/><D112/><U100/><E26/><V31/><F31/><W72/><G72/><T9/><D9/><U63/><E25/><V4/><F4/><W120/><G120/><T125/><D125/><AGARI ba="2,0" hai="76,77,92,94,95,98,101,104,125,126,127" m="45579" machi="125" ten="40,8000,1" yaku="18,1,34,2,52,1" doraHai="96" who="3" fromWho="0" sc="297,-86,132,0,359,0,212,86" /><INIT seed="3,0,0,2,1,61" ten="211,132,359,298" oya="3" hai0="13,1,18,19,27,66,84,25,73,28,112,76,58" hai1="92,50,65,105,63,54,120,40,36,87,17,47,9" hai2="53,83,119,8,80,93,89,48,129,85,69,29,20" hai3="32,3,125,74,42,96,31,126,106,88,10,90,6"/><W107/><G74/><T124/><D1/><U99/><E120/><V43/><F119/><W59/><G42/><T79/><D124/><N who="3" m="47721" /><G59/><T110/><D110/><U94/><E87/><V22/><F129/><W121/><G121/><T37/><D37/><U97/><E9/><V86/><F69/><W114/><G114/><T91/><D112/><U134/><E17/><V2/><F43/><W115/><G115/><T133/><D133/><U72/><E72/><V12/><F2/><W30/><G32/><T78/><D73/><U95/><E105/><N who="3" m="39946" /><G96/><T33/><D27/><U11/><E134/><V70/><F70/><W16/><G16/><T116/><D116/><U60/><E60/><V0/><F86/><W26/><G26/><T82/><D13/><U55/><E11/><V56/><F0/><W123/><G123/><T117/><D117/><U103/><E97/><V122/><F122/><W111/><G111/><T81/><D82/><N who="2" m="31274" /><F29/><AGARI ba="0,0" hai="3,6,10,29,30,31,88,90" m="39946,47721" machi="29" ten="30,2900,0" yaku="18,1,54,1" doraHai="61" who="3" fromWho="2" sc="211,0,132,0,359,-29,298,29" /><INIT seed="3,1,0,5,4,26" ten="211,132,330,327" oya="3" hai0="41,64,17,123,82,88,9,94,39,43,114,25,111" hai1="13,109,133,30,75,3,52,40,135,47,96,67,120" hai2="33,8,134,51,63,72,31,20,76,105,74,28,42" hai3="58,55,77,116,23,11,57,2,50,100,81,106,61"/><W18/><G116/><T35/><D123/><U118/><E3/><V130/><F105/><W79/><G106/><T102/><D111/><U36/><E75/><V98/><F33/><W117/><G117/><T103/><D114/><U83/><E120/><V108/><F98/><W0/><G100/><T124/><D124/><U68/><E118/><V90/><F90/><W104/><G104/><T45/><D43/><U129/><E13/><V6/><F74/><W14/><G23/><T86/><D64/><U115/><E83/><V99/><F99/><W125/><G125/><T78/><D9/><U29/><E96/><V46/><F63/><W80/><G80/><T65/><D65/><U121/><E121/><V1/><F108/><W119/><G119/><T60/><D60/><N who="1" m="40039" /><E115/><V84/><F72/><W62/><G50/><T131/><D131/><U4/><E4/><V15/><F130/><W69/><G69/><T113/><D113/><U34/><E34/><V48/><F48/><W92/><G92/><T22/><REACH who="0" step="1"/><D35/><REACH who="0" ten="201,132,330,327" step="2"/><U85/><E129/><V126/><F126/><W5/><G62/><T87/><AGARI ba="1,1" hai="17,22,25,39,41,45,78,82,86,87,88,94,102,103" machi="87" ten="20,12000,2" yaku="1,1,2,1,0,1,7,1,54,1,53,1" doraHai="26" doraHaiUra="37" who="0" fromWho="0" sc="201,133,132,-31,330,-31,327,-61" /><INIT seed="4,0,0,5,1,78" ten="334,101,299,266" oya="0" hai0="37,22,90,2,9,11,43,74,6,113,96,102,61" hai1="89,51,124,97,24,45,132,101,99,46,8,71,13" hai2="54,56,62,88,3,94,129,66,69,41,93,73,55" hai3="100,39,133,106,135,25,27,105,120,17,131,108,114"/><T20/><D113/><U64/><E124/><V83/><F3/><W52/><G39/><T63/><D74/><U47/><E132/><N who="3" m="50762" /><G108/><T44/><D90/><U16/><E64/><V92/><F129/><W59/><G131/><T35/><D35/><U86/><E71/><V1/><F1/><W14/><G120/><T127/><D127/><U111/><E111/><V67/><F41/><W79/><G79/><T48/><D37/><U128/><E128/><V72/><F67/><W109/><G114/><T68/><D11/><U29/><E101/><V85/><REACH who="2" step="1"/><F55/><REACH who="2" ten="334,101,289,266" step="2"/><W126/><G126/><T58/><D68/><U123/><E123/><V32/><F32/><W84/><G109/><T115/><D115/><U7/><E7/><V117/><F117/><W134/><G134/><T19/><D2/><U122/><E122/><V12/><F12/><W18/><G14/><T33/><D33/><U77/><E77/><V40/><F40/><W76/><G52/><T53/><D6/><U70/><E70/><V26/><F26/><W65/><G65/><T75/><D43/><U34/><REACH who="1" step="1"/><E51/><AGARI ba="0,1" hai="51,54,56,62,66,69,72,73,83,85,88,92,93,94" machi="51" ten="40,12000,2" yaku="1,1,52,1,54,1,53,3" doraHai="78" doraHaiUra="91" who="2" fromWho="1" sc="334,0,101,-120,289,130,266,0" owari="334,13.0,-19,-52.0,419,52.0,266,-13.0" /></mjloggm>