<mjloggm ver="2.3"><GO type="169" lobby="0"/><UN n0="%E3%81%BF%E3%82%85%E3%83%BC%E3%82%8B" n1="%E3%82%A6%E3%83%AB%E3%83%88%E3%83%A9%E7%AB%8B%E7%9B%B4" n2="%53%55%50%45%52%43%41%52" n3="%E3%81%BB%E3%82%8A%E3%81%88%E3%82%82%E3%82%93" dan="16,17,16,16" rate="2106.35,2144.26,2123.93,2162.54" sx="M,M,M,M"/><TAIKYOKU oya="0"/><INIT seed="0,0,0,5,0,88" ten="250,250,250,250" oya="0" hai0="30,111,132,42,12,67,134,114,59,76,99,83,77" hai1="55,87,118,38,62,48,86,61,46,43,89,10,60" hai2="98,15,84,17,50,14,122,27,21,119,82,97,116" hai3="121,128,69,19,65,26,4,7,37,57,22,79,53"/><T94/><D114/><U18/><E118/><N who="2" m="45099" /><F122/><W58/><G37/><T130/><D130/><U133/><E133/><N who="0" m="51305" /><D42/><U100/><E100/><V117/><N who="2" m="45107" /><V75/><DORA hai="3" /><F75/><W72/><G69/><T112/><D112/><U110/><E110/><V81/><F50/><W92/><G128/><T39/><D39/><U109/><E109/><V135/><F135/><W120/><G79/><T108/><D76/><U80/><E10/><N who="2" m="6359" /><F15/><W115/><G72/><N who="0" m="43431" /><D30/><U54/><E38/><V70/><F70/><W68/><G68/><T106/><D12/><U127/><E127/><V102/><F84/><W28/><G28/><T107/><D59/><U29/><E29/><N who="2" m="17647" /><F98/><W131/><G131/><T103/><D67/><U90/><REACH who="1" step="1"/><E18/><REACH who="1" ten="250,240,250,250" step="2"/><V49/><F49/><W47/><G115/><T64/><D64/><U51/><E51/><V85/><F85/><W73/><G120/><T35/><D35/><U25/><E25/><V93/><AGARI ba="0,1" hai="81,82,93,97,102" m="17647,6359,45107" machi="93" ten="40,2700,0" yaku="12,1,52,1" doraHai="88,3" who="2" fromWho="2" sc="250,-13,240,-7,250,37,250,-7" /><INIT seed="1,0,0,0,3,118" ten="237,233,287,243" oya="1" hai0="97,134,36,45,50,16,32,78,76,5,30,135,72" hai1="6,82,74,26,22,96,125,128,105,98,28,31,66" hai2="90,7,126,43,110,122,25,9,21,91,34,61,8" hai3="83,29,55,104,99,119,115,24,38,114,100,85,116"/><U70/><E125/><V59/><F34/><W86/><G38/><T132/><D36/><U106/><E128/><V120/><F43/><W27/><G55/><T112/><D112/><N who="3" m="43049" /><G29/><T123/><D123/><U111/><E111/><V103/><F103/><W51/><G51/><T1/><D72/><U80/><E6/><V4/><F110/><W47/><G47/><T62/><D62/><U13/><E13/><V88/><F126/><W75/><G24/><T41/><D97/><U102/><E74/><V53/><F7/><W11/><G11/><T17/><D5/><U39/><E39/><V0/><REACH who="2" step="1"/><F9/><REACH who="2" ten="237,233,277,243" step="2"/><W73/><G116/><T57/><D1/><U37/><E102/><V63/><F63/><W101/><G119/><T67/><D32/><U14/><E37/><V87/><F87/><W131/><G101/><T95/><D132/><U77/><E98/><V60/><F60/><W68/><G131/><T49/><D134/><U127/><E96/><V71/><F71/><W35/><G68/><T3/><D3/><U113/><E70/><V133/><F133/><W109/><G86/><T20/><D135/><U89/><E127/><V130/><F130/><W81/><G109/><T33/><D33/><U107/><E107/><V52/><F52/><W56/><G85/><T46/><D41/><U124/><E106/><V23/><F23/><W48/><G75/><T18/><D20/><U94/><E105/><V108/><F108/><W92/><G73/><T121/><D67/><U93/><E66/><V58/><F58/><W69/><G69/><T79/><D57/><U129/><E113/><RYUUKYOKU ba="0,1" sc="237,-10,233,-10,277,30,243,-10" hai2="0,4,8,21,25,53,59,61,88,90,91,120,122" /><INIT seed="2,1,1,5,2,98" ten="227,223,307,233" oya="2" hai0="71,96,26,53,2,14,44,115,69,110,121,131,40" hai1="35,132,126,37,27,117,125,133,76,21,16,94,111" hai2="52,49,5,116,77,41,122,93,8,88,89,0,67" hai3="6,7,75,47,112,87,108,130,84,107,3,135,100"/><V129/><F116/><W4/><G75/><T91/><D110/><U59/><E37/><V17/><F122/><W80/><G108/><T102/><D2/><U79/><E111/><V38/><F129/><W28/><G130/><T10/><D121/><U39/><E39/><V58/><F77/><W101/><G107/><T33/><D131/><U127/><E117/><V97/><F67/><W22/><G3/><T55/><D115/><U30/><E59/><V104/><F104/><W113/><G135/><N who="1" m="51786" /><E94/><V109/><F109/><W34/><G34/><T95/><D69/><U20/><E20/><V54/><F17/><W36/><G36/><T128/><D71/><U24/><AGARI ba="1,1" hai="16,21,24,27,30,35,76,79,125,126,127" m="51786" machi="24" ten="40,5200,0" yaku="18,1,20,1,54,1" doraHai="98" who="1" fromWho="1" sc="227,-14,223,65,307,-27,233,-14" /><INIT seed="3,0,0,5,1,14" ten="213,288,280,219" oya="3" hai0="34,91,50,1,26,79,4,111,42,96,85,15,46" hai1="93,29,57,53,86,17,71,56,92,83,74,126,120" hai2="122,98,35,101,44,10,115,75,108,100,22,45,43" hai3="123,27,54,60,37,3,48,113,135,30,66,9,78"/><W88/><G123/><T130/><D1/><U62/><E120/><V47/><F35/><W125/><G37/><T16/><D111/><U77/><E71/><V68/><F122/><W21/><G113/><T67/><D130/><U121/><E121/><V6/><F115/><W5/><G125/><T59/><D96/><U25/><E126/><V117/><F117/><W105/><G135/><T118/><D118/><U61/><E74/><V81/><F68/><W107/><G78/><T116/><D116/><U89/><E77/><V38/><F108/><W127/><G127/><T95/><D79/><U64/><REACH who="1" step="1"/><E17/><REACH who="1" ten="213,278,280,219" step="2"/><V133/><F75/><W11/><G11/><T114/><D114/><U82/><E82/><V33/><F81/><W19/><G30/><T49/><D4/><U109/><E109/><V69/><F6/><W128/><G128/><T7/><D7/><U23/><AGARI ba="0,1" hai="23,25,29,53,56,57,61,62,64,83,86,89,92,93" machi="23" ten="20,8000,1" yaku="1,1,0,1,7,1,8,1,53,1" doraHai="14" doraHaiUra="20" who="1" fromWho="1" sc="213,-20,278,90,280,-20,219,-40" /><INIT seed="4,0,0,0,3,66" ten="193,368,260,179" oya="0" hai0="7,121,123,72,30,133,2,74,56,39,50,36,47" hai1="21,114,96,42,14,38,4,62,135,115,108,126,15" hai2="129,84,90,89,118,40,131,112,10,51,37,102,100" hai3="117,78,60,11,9,23,28,33,120,16,69,77,35"/><T81/><D133/><U73/><E73/><V92/><F37/><W12/><G117/><T99/><D30/><U31/><E108/><V67/><F118/><W86/><G120/><T48/><D7/><U105/><E135/><V71/><F112/><W116/><G116/><T46/><D99/><U88/><E126/><V44/><F10/><W17/><G86/><T59/><REACH who="0" step="1"/><D81/><REACH who="0" ten="183,368,260,179" step="2"/><U3/><E96/><V125/><F125/><W49/><G28/><T93/><D93/><U20/><E31/><V19/><F92/><W75/><G35/><T6/><D6/><U106/><E4/><V107/><F107/><W80/><G33/><T70/><D70/><U91/><E106/><V24/><F71/><W1/><G17/><T27/><D27/><U85/><E105/><V54/><F24/><W113/><G80/><T8/><D8/><U98/><E98/><V26/><F26/><W5/><G11/><T43/><D43/><U65/><E42/><V83/><F40/><W110/><G9/><T79/><D79/><U0/><E115/><V41/><F41/><W94/><G113/><T119/><D119/><U25/><E25/><V29/><F29/><W95/><G78/><T55/><D55/><U13/><E114/><V76/><F19/><W64/><G77/><T58/><D58/><U127/><E127/><V97/><F97/><W68/><G5/><T132/><D132/><U109/><E0/><AGARI ba="0,1" hai="0,2,36,39,46,47,48,50,56,59,72,74,121,123" machi="0" ten="25,12000,1" yaku="1,1,22,2,53,2" doraHai="66" doraHaiUra="34" who="0" fromWho="1" sc="183,130,368,-120,260,0,179,0" /><INIT seed="4,1,0,1,1,77" ten="313,248,260,179" oya="0" hai0="22,75,47,16,87,72,82,65,7,109,90,102,99" hai1="33,50,84,80,112,11,54,121,59,98,96,44,64" hai2="100,37,36,127,14,107,42,85,4,114,25,125,124" hai3="78,113,132,32,2,10,81,68,130,67,123,40,48"/><T17/><D109/><U46/><E33/><V111/><F111/><W8/><G113/><T73/><D7/><U34/><E34/><V108/><F108/><W105/><G123/><T58/><D47/><U129/><E121/><V45/><F114/><W29/><G105/><T20/><D65/><U116/><E116/><V76/><F25/><W13/><G2/><T60/><D60/><U43/><E112/><V83/><F100/><W128/><G132/><T51/><D58/><U6/><E64/><V63/><F107/><W71/><G10/><T79/><D51/><U61/><E46/><V12/><F63/><W131/><G67/><T26/><D102/><U106/><E106/><V39/><F4/><N who="3" m="3207" /><G29/><T49/><D99/><U122/><E122/><V57/><F57/><W101/><G101/><T135/><D49/><AGARI ba="1,0" hai="12,14,36,37,39,42,45,49,76,83,85,124,125,127" machi="49" ten="50,3200,0" yaku="18,1,52,1" doraHai="77" who="2" fromWho="0" sc="313,-35,248,0,260,35,179,0" /><INIT seed="5,0,0,4,5,92" ten="278,248,295,179" oya="1" hai0="79,84,106,89,48,124,34,132,74,90,41,128,114" hai1="75,120,4,2,78,85,37,125,32,88,101,121,20" hai2="23,122,87,6,58,93,51,60,29,63,26,103,42" hai3="56,113,71,96,133,13,7,14,83,46,16,108,116"/><U52/><E32/><V91/><F122/><W15/><G108/><T24/><D114/><U17/><E37/><V39/><F39/><W99/><G113/><T67/><D124/><U72/><E125/><V111/><F111/><W1/><G71/><T86/><D106/><U134/><E134/><V97/><F6/><W76/><G1/><T44/><D132/><U66/><E66/><V129/><F129/><W82/><G133/><T12/><D128/><U22/><E22/><V30/><F30/><W47/><G116/><T65/><D79/><U68/><E68/><V9/><F9/><W3/><G3/><T8/><D74/><U40/><E40/><V33/><F33/><W110/><G110/><T102/><D102/><U126/><E126/><V123/><F123/><W130/><G130/><T31/><D86/><U80/><E101/><V62/><F42/><W18/><G56/><T5/><D89/><U109/><E75/><V11/><F11/><W57/><G57/><T45/><D44/><N who="3" m="16937" /><G7/><T107/><REACH who="0" step="1"/><D107/><REACH who="0" ten="268,248,295,179" step="2"/><U70/><E109/><V73/><F73/><W119/><G119/><T27/><D27/><U112/><E112/><V21/><F103/><W117/><G117/><T49/><D49/><U94/><E121/><V105/><F105/><W25/><G25/><T38/><D38/><U10/><E120/><V59/><F51/><W115/><G115/><T0/><D0/><U104/><E104/><V131/><F131/><W81/><G76/><T61/><D61/><U43/><E78/><V53/><F63/><W50/><G50/><T19/><D19/><AGARI ba="0,1" hai="13,14,15,16,18,19,81,82,83,96,99" m="16937" machi="19" ten="40,12000,2" yaku="28,2,8,1,52,2,54,1" doraHai="92" who="3" fromWho="0" sc="268,-120,248,0,295,0,179,130" /><INIT seed="6,0,0,3,1,16" ten="148,248,295,309" oya="2" hai0="35,0,80,38,26,77,116,129,101,56,47,19,45" hai1="104,102,86,53,14,107,58,70,36,69,92,100,78" hai2="25,105,74,94,113,82,103,67,59,23,132,96,127" hai3="6,64,98,68,112,27,118,99,63,120,8,39,54"/><V89/><F113/><W128/><G120/><T106/><D116/><U4/><E36/><V125/><F132/><W110/><G118/><T122/><D122/><U121/><E121/><V46/><F46/><W51/><G39/><T83/><D0/><U135/><E70/><V117/><F117/><W72/><G110/><T76/><D129/><U30/><E69/><V55/><F67/><W114/><G72/><T40/><D101/><U24/><E135/><V111/><F111/><W50/><G128/><T21/><D106/><U33/><E102/><V123/><F123/><W81/><G81/><T115/><D115/><N who="3" m="44073" /><G27/><T134/><D134/><U34/><E34/><V22/><F74/><W42/><G42/><T85/><D47/><U49/><E78/><V37/><F37/><W15/><G51/><T124/><D124/><N who="2" m="47690" /><F82/><W84/><G84/><T2/><D2/><U87/><E86/><N who="2" m="52535" /><F25/><W20/><G98/><T126/><D126/><U75/><E75/><V44/><F44/><N who="3" m="27975" /><G99/><T88/><D80/><U1/><E87/><V91/><F91/><W13/><G15/><T18/><D35/><U3/><E3/><V43/><F43/><W61/><G61/><AGARI ba="0,0" hai="22,23,55,59,61,96,103,105" m="52535,47690" machi="61" ten="30,5800,0" yaku="18,1,52,2" doraHai="16" who="2" fromWho="3" sc="148,0,248,0,295,58,309,-58" /><INIT seed="6,1,0,4,0,68" ten="148,248,353,251" oya="2" hai0="37,22,20,125,9,43,101,74,127,72,48,14,1" hai1="56,85,44,80,28,111,36,18,33,32,38,96,65" hai2="83,70,107,69,50,46,25,58,89,105,5,135,24" hai3="55,31,63,123,132,29,7,81,106,97,27,82,53"/><V115/><F5/><W30/><G123/><T119/><D119/><U51/><E111/><V114/><F58/><W99/><G132/><T126/><D1/><U60/><E96/><N who="3" m="36938" /><G106/><T16/><D101/><U62/><E33/><V42/><F83/><N who="3" m="31755" /><G7/><T21/><D48/><U76/><E28/><V95/><F135/><W91/><G63/><T128/><D128/><U6/><E32/><V61/><F107/><W19/><G91/><T134/><D134/><U124/><E124/><V0/><F0/><W94/><G94/><T52/><D52/><N who="3" m="20041" /><G19/><T39/><REACH who="0" step="1"/><D43/><REACH who="0" ten="138,248,353,251" step="2"/><U59/><E51/><V57/><F50/><W113/><G113/><T35/><D35/><U88/><E76/><V73/><F42/><W98/><N who="3" m="36946" /><W93/><DORA hai="47" /><G93/><T133/><D133/><U15/><E60/><V8/><F61/><W77/><G77/><T120/><D120/><U3/><E62/><V78/><F95/><W40/><G40/><T103/><D103/><U2/><E2/><V23/><F78/><W79/><G79/><T49/><D49/><U13/><E3/><V118/><F114/><W26/><AGARI ba="1,1" hai="26,27,29,30,31" m="20041,31755,36946" machi="26" ten="40,8000,1" yaku="28,2,8,1,54,1" doraHai="68,47" who="3" fromWho="3" sc="138,-21,248,-21,353,-41,251,93" /><INIT seed="7,0,0,1,3,106" ten="117,227,312,344" oya="3" hai0="0,55,27,67,95,41,38,72,10,58,21,134,8" hai1="30,115,131,127,102,74,5,119,16,57,86,78,116" hai2="80,124,61,36,114,17,24,66,81,100,69,110,35" hai3="89,50,14,92,25,59,62,101,87,99,118,3,79"/><W117/><G3/><T111/><D111/><U103/><E16/><V97/><F110/><W54/><G79/><T93/><D134/><U63/><E57/><V34/><F114/><W44/><G14/><T53/><D38/><U29/><E63/><V19/><F36/><W39/><G25/><T70/><D41/><U113/><E5/><V128/><F128/><W104/><G39/><T12/><D70/><U130/><E86/><V4/><F124/><W28/><G28/><T51/><D67/><AGARI ba="0,0" hai="44,50,54,59,62,67,87,89,92,99,101,104,117,118" machi="67" ten="30,1500,0" yaku="7,1" doraHai="106" who="3" fromWho="0" sc="117,-15,227,0,312,0,344,15" owari="102,-40.0,227,-17.0,312,11.0,359,46.0" /></mjloggm>