<mjloggm ver="2.3"><GO type="169" lobby="0"/><UN n0="%6A%61%73%6D%69%6E%65%33" n1="%74%61%6B%75%61%6B%61" n2="%E3%81%BB%E3%81%9F%E3%81%8B%E3%81%92" n3="%E3%82%A6%E3%83%AB%E3%83%88%E3%83%A9%E7%AB%8B%E7%9B%B4" dan="16,17,16,18" rate="2132.58,2189.79,2055.71,2210.53" sx="M,M,M,M"/><TAIKYOKU oya="0"/><INIT seed="0,0,0,3,1,103" ten="250,250,250,250" oya="0" hai0="126,32,7,130,38,132,27,113,111,133,119,1,37" hai1="94,28,35,73,121,13,114,22,65,17,43,11,20" hai2="56,24,54,102,59,71,33,105,21,61,134,48,12" hai3="85,124,99,87,83,47,90,41,46,36,92,80,98"/><T66/><RYUUKYOKU type="yao9" ba="0,0" sc="250,0,250,0,250,0,250,0" hai0="1,7,27,32,37,38,66,111,113,119,126,130,132,133" /><INIT seed="0,1,0,3,0,75" ten="250,250,250,250" oya="0" hai0="7,88,34,112,47,26,128,69,11,52,74,83,38" hai1="111,102,10,66,45,84,57,86,43,98,95,36,58" hai2="125,54,101,62,132,15,5,99,87,2,93,131,109" hai3="106,92,89,117,40,120,22,59,103,50,123,97,126"/><T71/><D112/><U20/><E111/><V3/><F109/><W81/><G117/><T35/><D128/><U46/><E10/><V60/><F131/><W77/><G22/><T32/><D26/><U96/><E46/><V8/><F125/><W104/><G40/><N who="0" m="22935" /><D88/><U90/><E57/><V25/><F132/><W122/><G59/><T116/><D116/><U30/><E96/><V12/><F25/><W19/><G50/><T107/><D107/><N who="3" m="41001" /><G19/><T82/><D82/><U114/><E90/><V31/><F31/><W70/><G70/><T37/><D52/><U42/><E42/><V73/><F73/><N who="3" m="43183" /><G126/><T61/><D61/><N who="1" m="38199" /><E114/><V94/><F12/><W127/><G127/><T105/><D105/><U67/><E67/><V100/><F3/><W56/><G56/><T118/><D37/><U55/><E55/><V91/><F2/><W108/><G108/><T80/><D80/><U6/><E6/><V63/><F54/><W51/><G51/><T24/><D24/><AGARI ba="1,0" hai="20,24,30,36,43,45,84,86,95,98,102" m="38199" machi="24" ten="30,1000,0" yaku="25,1" doraHai="75" who="1" fromWho="0" sc="250,-13,250,13,250,0,250,0" /><INIT seed="1,0,0,4,2,7" ten="237,263,250,250" oya="1" hai0="102,82,91,74,125,67,71,123,105,135,95,48,128" hai1="114,50,52,86,98,22,51,21,70,131,10,129,43" hai2="96,83,84,126,40,58,59,61,8,5,53,23,54" hai3="79,12,92,81,132,35,85,130,44,0,55,2,3"/><U14/><E114/><V99/><F40/><W47/><G35/><T28/><D28/><U76/><E70/><V39/><F39/><W72/><G130/><N who="1" m="49674" /><E43/><V78/><F23/><W4/><G132/><T37/><D37/><U18/><E98/><V45/><F45/><W108/><G108/><T90/><D67/><U30/><E30/><V29/><F29/><W24/><G24/><T115/><D48/><U116/><E116/><V25/><F25/><W121/><G121/><T104/><D123/><U134/><E134/><V75/><F75/><W11/><G55/><T101/><D71/><U87/><E50/><V20/><F20/><N who="1" m="7785" /><E76/><V66/><F126/><W46/><REACH who="3" step="1"/><G92/><REACH who="3" ten="237,263,250,240" step="2"/><T109/><D135/><U63/><E63/><V122/><F122/><W16/><G16/><T62/><D62/><U113/><E113/><V17/><F17/><W124/><G124/><T31/><D125/><U56/><AGARI ba="0,1" hai="10,14,18,51,52,56,86,87" m="7785,49674" machi="56" ten="30,6000,0" yaku="19,1,52,1,54,1" doraHai="7" who="1" fromWho="1" sc="237,-20,263,70,250,-20,240,-20" /><INIT seed="1,1,0,4,1,10" ten="217,333,230,220" oya="1" hai0="58,35,82,121,17,63,108,69,49,4,118,112,41" hai1="9,78,79,106,56,46,116,68,74,122,28,19,43" hai2="107,97,91,123,2,50,64,133,72,111,134,54,92" hai3="94,31,6,36,8,1,12,113,7,11,110,15,57"/><U119/><E68/><V85/><F123/><W66/><G36/><T40/><D118/><U83/><E106/><V130/><F64/><W22/><G113/><T33/><D112/><U101/><E101/><V60/><F60/><W76/><G110/><T135/><D69/><U39/><E122/><V103/><F2/><W26/><G76/><T45/><D121/><U86/><E28/><V5/><F5/><W30/><G94/><T105/><D4/><U96/><E96/><V114/><F114/><W37/><G37/><T25/><D105/><U129/><E129/><V0/><F0/><N who="3" m="71" /><G57/><T88/><D41/><U80/><REACH who="1" step="1"/><E56/><REACH who="1" ten="217,323,230,220" step="2"/><V73/><F130/><W98/><G98/><T34/><D58/><U131/><E131/><V3/><F111/><W47/><G47/><T16/><D108/><U115/><E115/><V89/><F107/><W70/><G70/><T100/><D100/><U59/><E59/><N who="2" m="33239" /><F103/><W125/><G66/><T90/><D63/><U77/><E77/><V132/><F3/><W32/><G125/><T52/><D90/><U24/><E24/><AGARI ba="1,1" hai="1,7,11,12,15,22,24,26,30,31,32" m="71" machi="24" ten="30,12000,2" yaku="35,5,52,2" doraHai="10" who="3" fromWho="1" sc="217,0,323,-123,230,0,220,133" /><INIT seed="2,0,0,5,5,107" ten="217,200,230,353" oya="2" hai0="93,119,118,10,11,64,128,50,13,46,113,111,66" hai1="16,91,95,90,34,120,24,67,115,0,21,110,124" hai2="23,35,56,30,2,26,8,44,43,57,32,123,58" hai3="109,28,125,59,130,25,69,85,52,38,33,75,116"/><V18/><F123/><W39/><G69/><T81/><D113/><U94/><E115/><V96/><F96/><W54/><G116/><N who="0" m="44587" /><D111/><U20/><E34/><V47/><F35/><W49/><G125/><T105/><D105/><U15/><E0/><V135/><F135/><W133/><G130/><T99/><D81/><U63/><E110/><V83/><F83/><W121/><G133/><T61/><D61/><U65/><E124/><V37/><F47/><W42/><G42/><T77/><D77/><U6/><E120/><V87/><F87/><W5/><G5/><T82/><D82/><U27/><E6/><V53/><F2/><W12/><G85/><T129/><D66/><U9/><E9/><V70/><F8/><W114/><G59/><T122/><D64/><U112/><E112/><V62/><REACH who="2" step="1"/><F70/><REACH who="2" ten="217,200,220,353" step="2"/><W1/><G33/><T74/><D122/><U4/><E94/><V36/><F36/><W126/><G1/><T102/><D11/><U72/><E95/><V40/><F40/><W134/><G39/><T7/><D128/><U48/><E91/><V92/><F92/><W101/><G38/><T22/><D129/><U17/><E90/><V103/><F103/><W131/><G101/><T117/><D117/><U41/><E41/><V19/><F19/><W127/><G131/><T71/><D71/><U106/><E16/><V97/><F97/><W104/><G127/><T76/><D99/><U79/><E17/><V31/><F31/><W45/><G28/><T3/><D102/><U80/><E80/><V88/><F88/><W73/><G126/><T132/><D93/><RYUUKYOKU ba="0,1" sc="217,-10,200,-10,220,30,353,-10" hai2="18,23,26,30,32,37,43,44,53,56,57,58,62" /><INIT seed="2,1,1,0,5,17" ten="207,190,250,343" oya="2" hai0="115,117,120,96,65,83,48,110,68,24,34,32,3" hai1="132,130,2,84,80,106,98,112,97,86,22,81,87" hai2="9,93,7,47,67,133,26,44,103,73,43,92,105" hai3="95,70,57,1,85,59,46,42,109,131,23,14,63"/><V56/><F73/><W135/><G1/><T49/><D120/><U90/><E2/><V39/><F133/><W8/><G109/><T100/><D115/><U99/><E112/><V91/><F105/><W121/><G121/><T20/><D3/><U27/><E130/><V10/><F103/><W89/><G131/><T11/><D11/><U79/><E132/><V35/><F93/><W55/><G70/><T41/><D110/><U45/><E45/><V101/><F101/><W123/><G123/><T125/><D125/><U18/><REACH who="1" step="1"/><E86/><REACH who="1" ten="207,180,250,343" step="2"/><V72/><F44/><W37/><G46/><T64/><D117/><U104/><AGARI ba="1,2" hai="18,22,27,79,80,81,84,87,90,97,98,99,104,106" machi="104" ten="30,7900,0" yaku="1,1,2,1,0,1,52,1,53,0" doraHai="17" doraHaiUra="29" who="1" fromWho="1" sc="207,-21,180,102,250,-40,343,-21" /><INIT seed="3,0,0,3,5,13" ten="186,282,210,322" oya="3" hai0="71,73,134,88,108,23,100,94,63,30,122,74,18" hai1="112,31,85,69,15,127,45,44,72,16,53,84,57" hai2="49,17,115,51,4,14,133,12,104,109,92,111,107" hai3="10,126,33,102,121,135,118,56,40,96,0,116,75"/><W78/><G33/><T22/><D122/><U132/><E112/><V125/><F115/><W86/><G121/><T37/><D37/><U77/><E69/><V64/><F64/><W61/><G135/><T43/><D43/><U20/><E127/><V103/><F133/><W67/><G126/><T41/><D41/><U19/><E31/><V113/><F113/><W79/><G75/><T7/><D7/><U11/><E72/><V117/><F125/><W27/><G40/><T25/><D134/><U91/><E77/><V42/><F117/><W83/><G78/><T124/><D100/><U93/><E85/><V114/><F114/><W89/><G79/><T120/><D120/><U36/><E36/><V66/><F66/><W123/><G123/><T32/><D32/><U59/><E132/><V48/><F42/><W34/><G10/><T62/><D124/><U50/><E59/><V82/><F82/><W80/><G0/><T101/><D101/><U105/><E105/><V38/><F38/><W3/><G3/><T60/><D71/><U35/><E35/><V6/><F14/><AGARI ba="0,0" hai="11,14,15,16,19,20,44,45,50,53,57,84,91,93" machi="14" ten="30,12000,2" yaku="7,1,25,2,8,1,52,2,54,1" doraHai="13" who="1" fromWho="2" sc="186,0,282,120,210,-120,322,0" /><INIT seed="4,0,0,0,2,131" ten="186,402,90,322" oya="0" hai0="114,116,53,47,73,4,101,44,18,79,102,28,64" hai1="54,56,37,10,75,117,22,67,19,41,31,82,14" hai2="59,90,76,57,63,9,70,71,81,48,32,92,134" hai3="65,58,87,16,13,0,128,50,111,72,130,126,1"/><T133/><D116/><U118/><E67/><V85/><F32/><W66/><G72/><T61/><D114/><U69/><E69/><V95/><F95/><W115/><G111/><T78/><D133/><U11/><E41/><V100/><F100/><N who="0" m="38506" /><D73/><U80/><E37/><V120/><F120/><W98/><G98/><T43/><D64/><U5/><E31/><V55/><F9/><W35/><G35/><T84/><D28/><U24/><E10/><V86/><REACH who="2" step="1"/><F134/><REACH who="2" ten="186,402,80,322" step="2"/><W88/><G128/><T132/><D132/><U30/><E118/><V89/><F89/><W110/><G130/><T12/><D78/><U123/><E117/><V119/><F119/><W26/><G88/><T60/><D79/><U97/><E123/><V77/><F77/><W27/><G110/><T124/><D84/><U23/><E75/><V25/><F25/><W36/><G26/><T40/><D124/><U46/><E97/><V6/><F6/><W96/><G27/><T42/><D4/><U15/><E5/><V17/><F17/><W107/><G16/><T52/><D18/><U51/><E11/><V83/><F83/><N who="1" m="31785" /><E14/><V91/><F91/><W99/><G13/><T104/><D12/><U135/><E135/><V33/><F33/><W21/><G126/><T129/><D129/><U39/><E15/><V20/><F20/><W125/><G125/><T38/><D104/><U122/><E122/><V94/><F94/><W2/><G107/><T106/><D106/><U109/><E109/><V108/><F108/><W62/><G99/><T7/><D7/><U113/><E19/><V93/><F93/><RYUUKYOKU ba="0,1" sc="186,-10,402,-10,80,30,322,-10" hai2="48,55,57,59,63,70,71,76,81,85,86,90,92" /><INIT seed="5,1,1,1,3,102" ten="176,392,110,312" oya="1" hai0="72,17,127,75,16,21,113,2,117,67,34,110,46" hai1="8,107,135,64,89,133,121,35,125,29,25,100,26" hai2="57,73,28,14,39,18,98,3,134,54,114,82,84" hai3="101,79,19,22,63,44,87,30,36,95,76,119,0"/><U120/><E64/><V71/><F3/><W53/><G0/><T42/><D117/><U58/><E58/><V126/><F71/><W12/><G119/><T1/><D34/><U66/><E66/><V78/><F39/><W129/><G129/><T4/><D110/><U99/><E125/><V96/><F126/><W61/><G30/><T45/><D67/><U10/><E25/><V81/><F134/><N who="1" m="51209" /><E89/><V70/><F28/><W9/><G36/><T132/><D132/><U59/><E59/><V38/><F38/><W104/><G63/><T111/><D127/><U7/><E8/><V77/><F114/><W24/><G61/><T6/><D113/><U11/><E11/><V118/><F70/><W86/><G53/><T109/><D42/><U55/><E55/><V23/><F118/><W90/><G44/><T56/><D56/><U103/><E103/><V88/><REACH who="2" step="1"/><F78/><REACH who="2" ten="176,392,100,312" step="2"/><W93/><G79/><T15/><D109/><U33/><E33/><V108/><F108/><W49/><G76/><T83/><D111/><U116/><E116/><V124/><F124/><W97/><G49/><AGARI ba="1,2" hai="14,18,23,49,54,57,73,77,81,82,84,88,96,98" machi="49" ten="30,3900,0" yaku="1,1,7,1,54,1,53,0" doraHai="102" doraHaiUra="65" who="2" fromWho="3" sc="176,0,392,0,100,62,312,-42" /><INIT seed="6,0,0,5,4,79" ten="176,392,162,270" oya="2" hai0="62,71,58,41,63,69,47,109,90,65,119,24,84" hai1="76,72,61,50,66,23,29,38,60,78,108,42,97" hai2="101,75,59,93,87,100,25,132,36,30,55,135,106" hai3="33,98,39,92,111,91,114,126,86,129,104,88,128"/><V16/><F36/><W18/><G33/><T105/><D105/><U21/><E38/><V103/><F75/><W54/><G39/><T80/><D109/><U2/><E2/><V22/><F106/><W28/><G28/><T13/><D119/><U37/><E37/><V95/><F30/><W7/><G7/><T117/><D117/><U121/><E72/><V82/><F135/><W45/><G111/><T17/><D24/><U70/><E121/><V12/><F25/><W11/><G126/><T10/><D47/><U116/><E97/><V4/><F4/><W19/><G114/><T52/><D41/><U9/><E9/><V73/><F73/><W120/><G120/><T43/><D43/><U57/><E116/><V51/><F132/><W27/><G27/><T46/><D46/><N who="1" m="25943" /><E29/><V26/><REACH who="2" step="1"/><F26/><REACH who="2" ten="176,392,152,270" step="2"/><W31/><G31/><T34/><D34/><U115/><E108/><V40/><F40/><W44/><G104/><T124/><D124/><U3/><E115/><V48/><F48/><W83/><G128/><T64/><D64/><U74/><E66/><V20/><F20/><W130/><G130/><T123/><D123/><U32/><E23/><V85/><F85/><W127/><G129/><T131/><D131/><U110/><E21/><V99/><F99/><W81/><G127/><T133/><D133/><U1/><E110/><V122/><F122/><W35/><G35/><T14/><D14/><U67/><E32/><V107/><F107/><W134/><G134/><T53/><D53/><N who="1" m="33839" /><E74/><V118/><F118/><W56/><G54/><T0/><D0/><N who="1" m="75" /><E67/><V6/><F6/><RYUUKYOKU ba="0,1" sc="176,10,392,10,152,10,270,-30" hai0="10,13,17,52,58,62,63,65,69,71,80,84,90" hai1="61,70,76,78" hai2="12,16,22,51,55,59,82,87,93,95,100,101,103" /><INIT seed="6,1,1,1,0,102" ten="186,402,162,240" oya="2" hai0="80,42,121,6,2,23,128,1,10,35,98,100,87" hai1="9,70,88,130,133,39,109,92,91,93,78,40,21" hai2="111,82,18,45,94,106,112,132,107,56,84,129,30" hai3="66,119,3,24,20,85,117,0,89,14,110,7,64"/><V103/><F30/><W53/><G110/><T60/><D121/><U4/><E109/><V29/><F111/><W134/><G134/><T75/><D35/><U52/><E70/><V47/><F29/><W31/><G3/><T8/><D75/><U38/><E130/><V95/><F56/><W115/><G0/><T124/><D128/><U28/><E52/><V116/><F129/><W5/><G115/><T33/><D33/><U127/><E78/><V16/><F116/><W72/><G72/><T11/><D124/><U76/><E76/><V123/><F123/><W49/><G119/><T48/><D60/><U34/><E34/><V79/><F132/><W113/><G113/><T86/><D23/><U51/><E39/><V114/><F103/><W50/><G50/><T74/><D74/><U77/><E77/><V15/><F45/><N who="3" m="27823" /><G117/><T13/><D1/><U37/><E127/><V57/><F57/><W59/><G14/><T118/><D118/><U97/><E38/><V19/><F15/><W135/><G135/><T83/><D48/><U69/><E69/><V62/><F47/><W73/><G73/><T108/><D42/><U99/><E37/><V131/><F62/><N who="3" m="37983" /><G66/><T25/><D25/><N who="1" m="16431" /><E133/><V122/><F131/><W126/><G126/><T67/><D67/><U120/><E120/><V105/><REACH who="2" step="1"/><F122/><REACH who="2" ten="186,402,152,240" step="2"/><W43/><G43/><T44/><D44/><U90/><E40/><V96/><F96/><N who="1" m="36937" /><E51/><V36/><F36/><W22/><G22/><T104/><D108/><U81/><E81/><AGARI ba="1,2" hai="5,7,20,24,31,81,85,89" m="37983,27823" machi="81" ten="30,1000,0" yaku="8,1" doraHai="102" who="3" fromWho="1" sc="186,0,402,-13,152,0,240,33" /><INIT seed="7,0,0,2,4,95" ten="186,389,152,273" oya="3" hai0="116,0,63,121,86,109,10,115,122,21,26,93,35" hai1="69,48,31,134,56,67,91,20,72,82,114,133,42" hai2="127,43,15,87,24,9,77,61,4,12,130,110,68" hai3="74,44,54,124,23,112,84,89,119,17,103,111,118"/><W75/><G112/><T117/><D63/><N who="1" m="40191" /><E114/><V29/><F110/><W135/><G135/><N who="1" m="51722" /><E91/><V99/><F130/><W83/><G124/><T28/><D86/><U120/><E120/><V94/><F127/><W97/><G111/><T105/><D93/><U79/><E56/><V104/><F43/><W90/><G90/><T33/><D105/><U13/><E13/><V62/><F104/><W41/><G54/><T57/><D57/><U106/><E106/><V34/><F68/><W14/><G75/><T101/><D101/><U71/><E71/><V66/><F66/><W76/><G74/><T8/><D115/><U3/><E3/><V64/><F64/><W38/><REACH who="3" step="1"/><G76/><REACH who="3" ten="186,389,152,263" step="2"/><T100/><D109/><U85/><E72/><V129/><F129/><W19/><G19/><T51/><D100/><U88/><E88/><V107/><F107/><AGARI ba="0,1" hai="14,17,23,38,41,44,83,84,89,97,103,107,118,119" machi="107" ten="30,5800,0" yaku="1,1,7,1,52,1,53,0" doraHai="95" doraHaiUra="108" who="3" fromWho="2" sc="186,0,389,0,152,-58,263,68" /><INIT seed="7,1,0,2,3,120" ten="186,389,94,331" oya="3" hai0="18,88,33,40,104,105,115,39,70,42,118,27,8" hai1="14,102,28,29,64,11,25,127,92,56,79,128,21" hai2="37,61,32,126,59,60,49,45,81,111,57,86,46" hai3="84,23,77,5,20,132,135,76,63,58,43,52,98"/><W131/><G131/><T19/><D118/><U7/><E127/><V119/><F32/><W124/><G124/><T90/><D70/><U38/><E128/><V50/><F86/><W65/><G43/><T69/><D69/><U121/><E38/><V53/><F126/><W83/><G5/><T44/><D8/><U100/><E121/><V1/><F81/><W34/><G34/><T36/><D44/><U26/><E79/><V82/><F82/><W134/><G77/><T30/><D33/><U66/><E56/><V117/><F1/><W80/><G80/><T12/><D12/><U116/><E116/><V93/><F93/><W10/><G10/><T24/><D30/><U47/><E47/><V48/><F37/><W71/><REACH who="3" step="1"/><G98/><REACH who="3" ten="186,389,94,321" step="2"/><T99/><D99/><N who="1" m="59495" /><E102/><V55/><F48/><AGARI ba="1,1" hai="20,23,48,52,58,63,65,71,76,83,84,132,134,135" machi="48" ten="40,18000,2" yaku="1,1,20,1,54,1,53,3" doraHai="120" doraHaiUra="130" who="3" fromWho="2" sc="186,0,389,0,94,-183,321,193" owari="186,-21.0,389,19.0,-89,-59.0,514,61.0" /></mjloggm>