<mjloggm ver="2.3"><GO type="225" lobby="0"/><UN n0="%E9%87%8C%E6%9C%A8%E4%BB%81" n1="%E3%81%BD%E3%83%BC%E3%82%93%64%65%E3%83%AA%E3%83%B3%E3%82%B0" n2="%E3%82%A6%E3%83%AB%E3%83%88%E3%83%A9%E7%AB%8B%E7%9B%B4" n3="%E3%83%8D%E3%82%B8%E3%82%AD" dan="16,16,17,17" rate="2071.57,2121.74,2148.02,2151.33" sx="M,M,M,M"/><TAIKYOKU oya="0"/><INIT seed="0,0,0,2,2,49" ten="250,250,250,250" oya="0" hai0="104,120,117,65,90,45,116,113,63,4,23,8,84" hai1="53,55,109,50,44,96,54,34,57,86,85,28,59" hai2="127,119,51,95,66,108,107,62,82,69,124,32,9" hai3="36,112,92,61,68,97,105,100,17,133,118,130,79"/><T72/><D72/><U10/><E109/><V131/><F107/><W3/><G3/><T35/><D35/><U114/><E114/><V91/><F32/><W135/><G36/><T42/><D23/><U43/><E34/><V122/><F122/><W14/><G112/><T47/><D47/><U48/><E28/><V125/><F108/><W77/><G118/><T38/><D104/><U30/><E30/><V11/><F119/><W110/><G130/><T94/><D120/><U74/><E74/><V6/><F131/><W111/><G111/><T22/><D22/><U39/><E96/><V73/><F51/><W29/><G29/><T64/><D64/><U126/><E126/><V13/><F11/><W80/><G105/><T99/><D99/><U93/><E93/><V33/><F33/><W37/><G37/><T134/><D134/><N who="3" m="51209" /><G110/><T16/><D16/><U12/><E54/><V52/><F52/><W78/><G80/><T7/><D7/><AGARI ba="0,0" hai="7,10,12,39,43,44,48,50,53,55,57,59,85,86" machi="7" ten="30,7700,0" yaku="7,1,9,1,52,2" doraHai="49" who="1" fromWho="0" sc="250,-77,250,77,250,0,250,0" /><INIT seed="1,0,0,2,5,34" ten="173,327,250,250" oya="1" hai0="61,132,29,11,24,72,107,60,78,85,126,16,97" hai1="44,40,73,22,12,114,20,54,43,117,17,76,14" hai2="134,25,84,88,53,101,62,10,122,120,91,104,103" hai3="108,119,46,63,56,13,0,80,82,21,112,102,50"/><U30/><E117/><V70/><F134/><W4/><G112/><T130/><D72/><U99/><E114/><V93/><F104/><W35/><G35/><T71/><D132/><U37/><E73/><V105/><F105/><W19/><G108/><T125/><D130/><U121/><E121/><V74/><F74/><W128/><G128/><T28/><D28/><U26/><E76/><V9/><F70/><W64/><G102/><N who="2" m="38921" /><F122/><W83/><G119/><T39/><D39/><U135/><E135/><V115/><F115/><W109/><G109/><T18/><D107/><U31/><E99/><N who="2" m="57767" /><F25/><W100/><G100/><T79/><D97/><U33/><E43/><V69/><F69/><W41/><REACH who="3" step="1"/><G4/><REACH who="3" ten="173,327,250,240" step="2"/><T95/><D126/><U58/><E33/><V42/><F120/><W47/><G47/><T127/><D127/><U15/><E22/><V75/><F75/><W65/><G65/><T89/><D125/><U2/><E20/><V68/><F68/><W98/><G98/><T131/><D131/><U92/><E44/><V129/><F129/><W55/><G55/><T111/><D111/><U8/><E54/><V96/><F96/><W45/><G45/><T110/><D110/><U49/><E26/><V86/><F42/><W81/><N who="3" m="20480" /><DORA hai="94" /><W106/><G106/><T32/><D71/><U87/><E40/><V27/><F27/><W124/><G124/><T133/><D133/><U6/><E6/><V36/><F53/><W23/><G23/><T113/><D113/><U51/><E8/><V123/><F9/><W48/><G48/><T77/><D11/><U38/><E49/><RYUUKYOKU ba="0,1" sc="173,15,327,-15,250,-15,240,15" hai0="16,18,24,29,32,60,61,77,78,79,85,89,95" hai3="0,13,19,21,41,46,50,56,63,64" /><INIT seed="2,1,1,4,2,117" ten="188,312,235,255" oya="2" hai0="85,127,64,29,57,41,77,120,52,0,101,19,83" hai1="24,114,21,78,31,39,50,110,34,79,17,58,3" hai2="47,68,6,121,118,1,82,43,135,81,92,90,74" hai3="100,122,133,119,96,126,108,54,13,109,89,84,15"/><V73/><F68/><W128/><G119/><T76/><D127/><U86/><E39/><V71/><F71/><W63/><G133/><T70/><D0/><U5/><E114/><V18/><F118/><W11/><G126/><T72/><D29/><U36/><E36/><V60/><F121/><W2/><G122/><T132/><D132/><U45/><E110/><V87/><F135/><W88/><G128/><T115/><D115/><U65/><E86/><V67/><F18/><W93/><G2/><T80/><D120/><U94/><E94/><V98/><F6/><W51/><G63/><T16/><D41/><U62/><E5/><V112/><F1/><W131/><G131/><T97/><D64/><U103/><E103/><V107/><F112/><W106/><G89/><T113/><D70/><U102/><E102/><V99/><F60/><W116/><G116/><T105/><D113/><U123/><E123/><V44/><F67/><W130/><G130/><T66/><D66/><U38/><E38/><V111/><F111/><N who="3" m="42571" /><G11/><T28/><D28/><U14/><E3/><V4/><F4/><W12/><G12/><T32/><D32/><U25/><E25/><V125/><F125/><W129/><G129/><T55/><D55/><AGARI ba="1,1" hai="14,17,21,24,31,34,45,50,55,58,62,65,78,79" machi="55" ten="30,1000,0" yaku="7,1" doraHai="117" who="1" fromWho="0" sc="188,-13,312,23,235,0,255,0" /><INIT seed="3,0,0,4,0,70" ten="175,335,235,255" oya="3" hai0="131,122,13,5,52,29,119,20,11,107,100,80,46" hai1="12,87,103,17,125,128,68,73,57,60,39,32,1" hai2="133,110,114,2,6,101,34,51,85,53,91,112,99" hai3="67,98,132,55,75,63,134,111,19,33,43,92,61"/><W104/><G104/><T124/><D119/><U90/><E39/><V97/><F34/><W41/><G75/><T21/><D122/><U22/><E1/><V81/><F110/><W27/><G111/><T130/><D80/><U105/><E32/><V31/><F31/><W0/><G0/><T86/><D86/><U3/><E3/><V42/><F42/><W66/><G55/><T36/><D124/><U71/><E73/><V76/><F133/><W108/><G108/><T72/><D72/><U109/><E128/><V96/><F101/><W65/><G19/><T116/><D116/><U9/><E125/><V15/><F2/><W106/><G106/><T127/><D127/><U10/><E10/><N who="2" m="4567" /><F114/><W40/><G27/><T77/><D77/><U135/><E135/><N who="3" m="51754" /><G33/><T8/><D8/><U69/><E109/><V118/><F118/><W37/><G37/><T47/><D47/><U82/><E9/><V48/><F112/><W45/><G45/><T113/><D113/><U123/><E123/><V93/><F51/><W44/><G44/><AGARI ba="0,0" hai="44,48,53,76,81,85,91,93,96,97,99" m="4567" machi="44" ten="30,1000,0" yaku="8,1" doraHai="70" who="2" fromWho="3" sc="175,0,335,0,235,10,255,-10" owari="175,-32.0,335,42.0,245,5.0,245,-15.0" /></mjloggm>