<mjloggm ver="2.3"><GO type="97" lobby="0"/><UN n0="%E3%81%B2%79%6B%6F%6B%6F%72%6F" n1="%EF%BC%BC%E6%A8%AA%E6%B5%9C%E2%98%85%E5%84%AA%E5%8B%9D%EF%BC%8F" n2="%73%65%72%69%63%61" n3="%E5%B0%B1%E6%B4%BB%E7%94%9F%40%E5%B7%9D%E6%9D%91%E8%BB%8D%E5%9B%A3" dan="14,13,14,17" rate="1982.27,1888.02,1965.67,2167.37" sx="F,F,F,M"/><TAIKYOKU oya="0"/><INIT seed="0,0,0,2,1,46" ten="250,250,250,250" oya="0" hai0="87,37,59,68,130,111,3,108,80,64,119,115,85" hai1="94,32,11,106,33,92,14,1,116,15,60,25,13" hai2="5,81,22,28,42,113,39,88,49,51,0,20,76" hai3="66,97,117,102,89,55,122,57,127,27,114,75,6"/><T23/><D115/><U86/><E106/><V100/><F100/><W83/><G114/><T43/><D119/><U79/><E1/><V107/><F107/><W77/><G117/><T134/><D68/><U98/><E116/><V132/><F113/><W45/><G122/><T8/><D134/><U71/><E33/><V48/><F132/><W61/><G127/><T24/><D130/><U118/><E118/><V31/><F88/><W120/><G120/><T40/><D37/><U103/><E32/><V90/><F90/><W47/><G6/><N who="0" m="1119" /><D64/><U58/><E25/><V133/><F133/><W123/><G123/><T135/><D135/><U16/><E71/><V62/><F62/><W91/><G27/><T95/><D95/><U82/><REACH who="1" step="1"/><E94/><REACH who="1" ten="250,240,250,250" step="2"/><V10/><F31/><W125/><G125/><T73/><D24/><U129/><E129/><V17/><F28/><W9/><G9/><T50/><D23/><U53/><AGARI ba="0,1" hai="11,13,14,15,16,53,58,60,79,82,86,92,98,103" machi="53" ten="20,8000,1" yaku="1,1,0,1,7,1,8,1,54,1,53,0" doraHai="46" doraHaiUra="105" who="1" fromWho="1" sc="250,-40,240,90,250,-20,250,-20" /><INIT seed="1,0,0,4,1,85" ten="210,330,230,230" oya="1" hai0="117,54,23,71,86,122,80,60,65,5,34,93,21" hai1="11,17,36,3,101,4,67,46,20,88,19,118,31" hai2="114,72,73,48,32,103,70,56,18,89,87,90,69" hai3="107,79,112,106,42,125,22,49,59,38,115,77,16"/><U123/><E123/><V108/><F114/><W105/><G125/><T104/><D104/><U75/><E75/><V58/><F32/><W57/><G38/><T43/><D117/><U0/><E118/><V99/><F108/><W9/><G9/><T129/><D34/><U110/><E67/><V84/><F18/><W120/><G120/><T92/><D129/><U35/><E110/><V83/><F48/><W133/><G133/><T6/><D122/><U96/><E0/><V102/><F99/><W111/><G111/><T126/><D126/><U55/><E35/><V7/><F7/><W13/><G42/><T1/><D43/><U81/><E20/><N who="0" m="7753" /><D71/><U30/><E30/><V44/><F44/><W28/><G28/><T8/><D65/><U24/><E24/><V116/><F116/><W40/><G40/><T100/><D100/><U51/><E31/><V94/><F94/><W47/><G47/><T12/><D5/><U134/><E36/><V135/><REACH who="2" step="1"/><F83/><REACH who="2" ten="210,330,220,230" step="2"/><W128/><G128/><T64/><D1/><U52/><E46/><V62/><F62/><W130/><G130/><T27/><D93/><N who="1" m="58511" /><E51/><V95/><F95/><W124/><G124/><T97/><D92/><U98/><E81/><V37/><F37/><W45/><G112/><T25/><D97/><U119/><E119/><V63/><F63/><W82/><G115/><T76/><D64/><U10/><E4/><V53/><F53/><N who="3" m="29871" /><G82/><T109/><D109/><U41/><E55/><V14/><F14/><W91/><G106/><T131/><D131/><U127/><E127/><V78/><F78/><N who="3" m="29707" /><G107/><T61/><D60/><RYUUKYOKU ba="0,1" sc="210,15,330,-15,220,15,230,-15" hai0="6,8,12,25,27,54,61,76,80,86" hai2="56,58,69,70,72,73,84,87,89,90,102,103,135" /><INIT seed="2,1,1,1,2,23" ten="225,315,235,215" oya="2" hai0="88,0,93,9,122,95,49,17,18,132,73,117,54" hai1="68,131,99,107,55,100,108,34,39,30,27,11,38" hai2="53,119,74,67,103,72,124,111,82,98,44,134,116" hai3="94,112,79,33,56,28,1,24,35,113,75,86,8"/><V126/><F67/><W12/><G75/><N who="2" m="28713" /><F53/><W91/><G79/><T13/><D122/><U101/><E55/><V121/><F44/><W52/><G1/><T69/><D73/><U115/><E115/><V76/><F121/><W4/><REACH who="3" step="1"/><G33/><REACH who="3" ten="225,315,235,205" step="2"/><T45/><D0/><U123/><E123/><V84/><F111/><W40/><G40/><T60/><D117/><N who="2" m="45130" /><F134/><W63/><AGARI ba="1,2" hai="4,8,12,24,28,35,52,56,63,86,91,94,112,113" machi="63" ten="30,7900,0" yaku="1,1,0,1,52,1,54,1,53,0" doraHai="23" doraHaiUra="78" who="3" fromWho="3" sc="225,-21,315,-21,235,-40,205,102" /><INIT seed="3,0,0,0,0,12" ten="204,294,195,307" oya="3" hai0="79,32,127,41,126,51,54,47,2,52,134,74,26" hai1="111,118,24,81,45,90,14,103,89,91,129,9,93" hai2="122,99,34,28,88,97,6,128,110,40,101,69,38" hai3="21,106,104,70,86,108,68,78,115,67,95,39,102"/><W10/><G115/><T114/><D114/><U85/><E111/><V3/><F110/><W92/><G39/><T125/><D2/><U33/><E129/><V17/><F128/><W31/><G108/><T96/><D134/><U65/><E65/><V77/><F122/><W84/><G67/><T100/><D79/><U121/><E121/><V7/><F69/><W53/><G53/><T19/><D74/><U4/><E45/><V66/><F66/><W62/><G62/><T61/><D61/><U50/><E50/><V11/><F6/><W109/><G10/><T30/><REACH who="0" step="1"/><D19/><REACH who="0" ten="194,294,195,307" step="2"/><U133/><E133/><V135/><F77/><W0/><G78/><T60/><D60/><U112/><E112/><V59/><F17/><W35/><G0/><T120/><D120/><U18/><E18/><V73/><F73/><W123/><G109/><T98/><D98/><N who="1" m="59855" /><E118/><V56/><F135/><W105/><G123/><T71/><D71/><U37/><E85/><V44/><F99/><W113/><G113/><T107/><AGARI ba="0,1" hai="26,30,32,41,47,51,52,54,96,100,107,125,126,127" machi="107" ten="30,7900,0" yaku="1,1,0,1,18,1,54,1,53,0" doraHai="12" doraHaiUra="130" who="0" fromWho="0" sc="194,89,294,-20,195,-20,307,-39" /><INIT seed="4,0,0,0,4,42" ten="283,274,175,268" oya="0" hai0="114,104,64,135,84,78,85,18,44,67,76,90,9" hai1="120,121,113,8,89,88,34,0,122,126,109,118,107" hai2="75,128,38,43,112,10,94,68,35,49,23,132,100" hai3="58,111,92,12,77,57,14,82,131,56,70,26,1"/><T31/><D104/><U29/><E109/><V33/><F38/><W61/><G111/><T21/><D114/><U86/><E118/><V59/><F68/><W32/><G131/><T102/><D102/><U46/><E113/><V116/><F75/><W52/><G1/><T17/><D135/><U99/><E126/><V125/><F116/><W36/><G36/><T101/><D101/><U80/><E107/><V62/><F112/><W71/><G92/><T60/><D31/><U11/><E46/><V108/><F108/><W79/><G71/><T127/><D127/><U48/><E48/><V83/><F125/><W16/><G70/><T5/><D5/><U15/><E0/><V13/><F23/><N who="3" m="13671" /><G32/><T4/><D4/><U19/><E34/><V37/><F37/><W93/><G93/><T50/><D9/><U55/><E55/><V96/><F83/><W40/><G40/><N who="0" m="24839" /><D17/><U25/><E25/><V105/><F105/><W65/><G57/><N who="0" m="36879" /><D67/><U72/><E29/><V28/><F28/><W95/><G95/><N who="0" m="54727" /><D85/><U134/><E134/><V47/><F132/><W133/><G133/><T22/><D22/><N who="1" m="11647" /><E72/><V54/><REACH who="2" step="1"/><F128/><REACH who="2" ten="283,274,165,268" step="2"/><W2/><G82/><T97/><D97/><U103/><E120/><V87/><F87/><W3/><G3/><T45/><D45/><U63/><E121/><V66/><F66/><W81/><G2/><T20/><D20/><U119/><E122/><V30/><F30/><W91/><G77/><T124/><D124/><U7/><E119/><V117/><F117/><W115/><G79/><T53/><D78/><U6/><E80/><V74/><F74/><RYUUKYOKU ba="0,1" sc="283,-10,274,-10,165,30,268,-10" hai2="10,13,33,35,43,47,49,54,59,62,94,96,100" /><INIT seed="5,1,1,3,0,3" ten="273,264,195,258" oya="1" hai0="44,69,40,19,56,109,114,74,9,130,42,34,112" hai1="93,125,36,107,73,129,21,24,52,37,23,113,117" hai2="106,31,57,76,13,29,65,7,20,2,1,86,88" hai3="11,12,98,123,99,135,116,108,33,10,104,72,83"/><U119/><E119/><V85/><F106/><W63/><G108/><T96/><D109/><U54/><E117/><V115/><F115/><N who="0" m="44074" /><D130/><U59/><E73/><V53/><F65/><W70/><G116/><T79/><D69/><U4/><E107/><V27/><F31/><W35/><G123/><T121/><D121/><U78/><E78/><V46/><F46/><W0/><G135/><T122/><D122/><U118/><E118/><V6/><F1/><W132/><G132/><T30/><D96/><U14/><E113/><V101/><F101/><W25/><G25/><N who="0" m="18767" /><D56/><U127/><E129/><V26/><F26/><W134/><G134/><T75/><D79/><U15/><E93/><N who="2" m="54415" /><F2/><W111/><G0/><T68/><D68/><U89/><E89/><V41/><F41/><N who="0" m="15978" /><D44/><U17/><E37/><V97/><F97/><W8/><G111/><T124/><D124/><N who="1" m="47691" /><E59/><V22/><F13/><AGARI ba="1,1" hai="9,13,19,74,75" m="15978,18767,44074" machi="13" ten="30,1000,0" yaku="15,1" doraHai="3" who="0" fromWho="2" sc="273,23,264,0,195,-13,258,0" /><INIT seed="6,0,0,5,2,51" ten="296,264,182,258" oya="2" hai0="85,100,79,20,27,72,16,50,58,113,9,89,68" hai1="102,67,36,93,43,104,81,24,83,4,1,40,97" hai2="126,92,105,54,64,7,23,74,33,77,124,63,31" hai3="107,112,53,29,119,19,18,42,111,6,65,3,117"/><V110/><F105/><W26/><G111/><T57/><D68/><U134/><E67/><V122/><F122/><W62/><G107/><T127/><D113/><U86/><E134/><V46/><F33/><W2/><G112/><T88/><D127/><N who="2" m="48682" /><F110/><W69/><G42/><T80/><D100/><U90/><E24/><N who="2" m="16799" /><F7/><W123/><G123/><T56/><D72/><U121/><E121/><V73/><F92/><W135/><G135/><T28/><D50/><U41/><REACH who="1" step="1"/><E36/><REACH who="1" ten="296,254,182,258" step="2"/><V66/><F77/><W61/><G117/><T48/><D48/><U22/><E22/><V87/><F87/><W13/><G119/><T5/><REACH who="0" step="1"/><D28/><REACH who="0" ten="286,254,182,258" step="2"/><U78/><E78/><V128/><F128/><W106/><G29/><T0/><AGARI ba="0,2" hai="0,5,9,16,20,27,56,57,58,79,80,85,88,89" machi="0" ten="30,8000,1" yaku="1,1,2,1,0,1,54,2,53,0" doraHai="51" doraHaiUra="101" who="0" fromWho="0" sc="286,100,254,-20,182,-40,258,-20" owari="386,49.0,234,-17.0,142,-36.0,238,4.0" /></mjloggm>