<mjloggm ver="2.3"><GO type="169" lobby="0"/><UN n0="%E3%82%A6%E3%83%AB%E3%83%88%E3%83%A9%E7%AB%8B%E7%9B%B4" n1="%E7%94%9F%E3%81%8D%E3%81%A6%E3%81%A6%E3%82%88%E3%81%8B%E3%81%A3%E3%81%9F" n2="%69%63%65%6D%61%6E%32" n3="%E6%9D%BE%E5%B1%8B%E3%81%8A%E3%81%98%E3%81%95%E3%82%93" dan="18,16,16,16" rate="2202.03,2095.64,2088.28,2167.09" sx="M,M,M,M"/><TAIKYOKU oya="0"/><INIT seed="0,0,0,5,3,37" ten="250,250,250,250" oya="0" hai0="135,3,62,29,70,72,125,109,39,124,128,64,78" hai1="52,55,97,58,5,110,48,83,120,126,130,99,50" hai2="0,111,106,1,40,28,93,11,77,100,92,7,102" hai3="67,82,56,96,19,94,117,131,15,63,53,81,10"/><T95/><D3/><U66/><E120/><V73/><F111/><W133/><G117/><T45/><D109/><U134/><E110/><V71/><F71/><W122/><G133/><T9/><D135/><U75/><E134/><V119/><F119/><W8/><G131/><T47/><D128/><U76/><E130/><V32/><F1/><W88/><G122/><T121/><D121/><U87/><E5/><V74/><F93/><W114/><G114/><T23/><D9/><U86/><E126/><N who="0" m="48745" /><D95/><U98/><REACH who="1" step="1"/><E66/><REACH who="1" ten="250,240,250,250" step="2"/><V20/><F106/><W80/><G8/><T107/><D107/><U35/><E35/><V44/><F32/><W54/><AGARI ba="0,1" hai="10,15,19,53,54,56,63,67,80,81,82,88,94,96" machi="54" ten="30,4000,0" yaku="0,1,8,1,54,1" doraHai="37" who="3" fromWho="3" sc="250,-20,240,-10,250,-10,250,50" /><INIT seed="1,0,0,4,3,6" ten="230,230,240,300" oya="1" hai0="26,13,60,116,20,123,82,119,75,3,122,43,64" hai1="10,93,1,98,65,23,111,79,70,46,95,115,94" hai2="120,130,48,126,66,86,106,110,80,53,41,63,62" hai3="11,128,113,38,121,35,67,24,50,55,30,76,28"/><U103/><E115/><V89/><F106/><W33/><G113/><T84/><D75/><U114/><E114/><V96/><F120/><N who="0" m="46122" /><D3/><U72/><E111/><V58/><F110/><W127/><G38/><T132/><D43/><U91/><E46/><V19/><F130/><W85/><G121/><T2/><D2/><U25/><E79/><V15/><F126/><W45/><G127/><T61/><D13/><U14/><E72/><V52/><F96/><W83/><G67/><T112/><D132/><U74/><E74/><V125/><F125/><W87/><G128/><T73/><D73/><U12/><E65/><V108/><F108/><W16/><G85/><T117/><D64/><U39/><E70/><V99/><F99/><W44/><G35/><T78/><D112/><U77/><E77/><V104/><F104/><W69/><G69/><T56/><D56/><U37/><E39/><V42/><F63/><W107/><G107/><T4/><D4/><U68/><E37/><V0/><F0/><W134/><G134/><T7/><D7/><U18/><E68/><V5/><F5/><W101/><G101/><T118/><D118/><U9/><E1/><V131/><F131/><W57/><REACH who="3" step="1"/><G28/><AGARI ba="0,0" hai="20,26,28,60,61,78,82,84,116,117,119" m="46122" machi="28" ten="40,1300,0" yaku="13,1" doraHai="6" who="0" fromWho="3" sc="230,13,230,0,240,0,300,-13" /><INIT seed="2,0,0,1,3,34" ten="243,230,240,287" oya="2" hai0="110,127,104,7,133,4,32,92,22,13,33,18,44" hai1="8,134,101,119,26,95,10,82,66,39,64,111,52" hai2="55,88,25,117,80,79,73,24,74,105,67,30,109" hai3="53,35,43,75,114,47,65,120,78,0,70,51,124"/><V128/><F117/><W72/><G120/><T116/><D104/><U46/><E119/><V40/><F105/><W96/><G35/><T123/><D123/><U122/><E122/><V106/><F106/><W1/><G124/><T36/><D116/><U2/><E111/><V107/><F107/><W28/><G28/><T131/><D36/><U90/><E134/><V11/><F128/><W98/><G114/><T86/><D44/><U62/><E26/><V89/><F40/><W58/><G96/><T61/><D61/><U103/><E39/><V6/><F67/><W19/><G19/><T126/><D86/><U31/><E31/><V9/><F74/><N who="3" m="28203" /><G98/><T71/><D92/><U121/><E82/><V81/><F109/><W130/><G78/><T68/><D110/><U129/><E129/><V93/><F55/><W63/><G130/><T27/><D131/><U3/><E52/><V108/><F108/><W99/><G99/><T84/><D84/><U59/><E121/><V57/><F57/><W56/><G56/><T85/><D85/><U132/><E59/><V87/><F11/><W69/><G69/><T91/><D71/><U42/><E42/><V112/><F112/><W102/><G102/><T94/><D68/><U135/><E95/><V54/><F54/><W77/><G77/><T23/><D94/><U115/><E115/><V29/><F29/><W49/><G49/><T21/><D91/><U83/><E90/><V60/><F60/><W12/><G12/><N who="0" m="9415" /><D33/><U5/><E62/><V38/><F38/><W100/><G100/><T16/><D32/><U45/><E83/><RYUUKYOKU ba="0,0" sc="243,-15,230,15,240,-15,287,15" hai1="2,3,5,8,10,45,46,64,66,101,103,132,135" hai3="0,1,43,47,51,53,58,63,65,70" /><INIT seed="3,1,0,5,5,97" ten="228,245,225,302" oya="3" hai0="2,64,82,34,19,17,121,111,14,40,93,10,8" hai1="83,74,104,47,24,132,103,38,118,39,95,32,81" hai2="114,51,88,100,1,73,126,27,78,36,50,63,62" hai3="9,107,115,35,11,42,44,65,55,134,48,31,59"/><W96/><G115/><T106/><D106/><U119/><E83/><V76/><F36/><W84/><G84/><T117/><D117/><N who="1" m="44555" /><E95/><V3/><F73/><W86/><G65/><T72/><D34/><U116/><E47/><V12/><F114/><W79/><G31/><T66/><D121/><U87/><E87/><V70/><F126/><W128/><G35/><T113/><D40/><U122/><E122/><V75/><F75/><W89/><G79/><T33/><D33/><U91/><E91/><V15/><F27/><W105/><G134/><T21/><D93/><U29/><E132/><V22/><F22/><W110/><G128/><T46/><D46/><U4/><E4/><V127/><F127/><W37/><G110/><T124/><D111/><U99/><N who="1" m="44563" /><U80/><DORA hai="69" /><E80/><V54/><F70/><W109/><G109/><T90/><D124/><U13/><E13/><V67/><F67/><W94/><REACH who="3" step="1"/><G105/><REACH who="3" ten="228,245,225,292" step="2"/><T133/><D64/><U5/><E5/><V68/><F68/><W130/><G130/><T135/><D66/><U6/><E6/><V71/><F71/><W0/><G0/><T18/><D2/><U7/><E7/><V16/><F3/><W25/><G25/><N who="0" m="14527" /><D113/><U41/><E41/><V58/><F1/><W20/><G20/><T125/><D125/><U131/><E131/><V56/><F76/><AGARI ba="1,1" hai="24,29,32,38,39,74,76,81,99,103,104" m="44563" machi="76" ten="40,8000,1" yaku="12,1,23,1,52,3" doraHai="97,69" who="1" fromWho="2" sc="228,0,245,93,225,-83,292,0" /><INIT seed="4,0,0,2,1,34" ten="228,338,142,292" oya="0" hai0="45,87,109,123,39,100,1,10,94,68,82,118,4" hai1="25,53,65,23,96,89,93,133,42,63,37,26,86" hai2="54,121,22,88,8,74,56,95,91,17,115,20,81" hai3="80,128,38,13,85,21,71,132,49,5,50,78,43"/><T9/><D123/><U131/><E133/><V114/><F121/><W119/><G119/><T27/><D118/><U24/><E131/><V126/><F74/><W58/><G71/><T46/><D68/><U28/><E37/><V12/><F126/><W73/><G132/><T33/><D109/><U31/><E42/><V75/><F75/><W51/><G73/><T106/><D106/><U120/><E120/><V102/><F102/><W84/><G128/><T66/><D66/><U135/><E53/><V60/><F114/><W55/><G84/><T36/><D10/><U3/><E3/><V127/><F115/><W0/><G0/><T52/><D94/><U70/><E135/><V72/><F127/><W69/><G38/><T104/><D100/><U35/><E26/><V79/><REACH who="2" step="1"/><F91/><REACH who="2" ten="228,338,132,292" step="2"/><W15/><G78/><N who="0" m="46551" /><D104/><U117/><E117/><V14/><F14/><W129/><G15/><T122/><D122/><U111/><E111/><V41/><F41/><W92/><G43/><T125/><D125/><U47/><E89/><V76/><F76/><W103/><G13/><T6/><D1/><U134/><E134/><V67/><F67/><W29/><G129/><T19/><D39/><U64/><E65/><V90/><F90/><W108/><G108/><T18/><D36/><U57/><E64/><V113/><F113/><W59/><G103/><T40/><D40/><U107/><E107/><V32/><F32/><W2/><G2/><T116/><D33/><U16/><E35/><V101/><F101/><W105/><G105/><T48/><D116/><U130/><E70/><V124/><F124/><RYUUKYOKU ba="0,1" sc="228,-10,338,-10,132,30,292,-10" hai2="8,12,17,20,22,54,56,60,72,79,81,88,95" /><INIT seed="5,1,1,1,3,103" ten="218,328,162,282" oya="1" hai0="82,3,70,34,0,26,56,41,61,19,5,132,71" hai1="14,46,111,52,60,106,18,28,35,4,37,59,114" hai2="64,24,81,15,17,118,68,22,13,25,43,129,80" hai3="119,20,11,102,39,55,48,130,115,58,120,89,40"/><U8/><E114/><V131/><F43/><W30/><G120/><T135/><D41/><U117/><E117/><V128/><F118/><W50/><G130/><T101/><D82/><N who="2" m="31850" /><F64/><W93/><G102/><T79/><D79/><U92/><E111/><V98/><F68/><W74/><G74/><T134/><D101/><U62/><E37/><V36/><F36/><W31/><G39/><T96/><D96/><U133/><E133/><V44/><F44/><N who="3" m="25607" /><G11/><N who="0" m="2471" /><D3/><U23/><E92/><V91/><F25/><W2/><G2/><T123/><D123/><U27/><E46/><V53/><F53/><W100/><G100/><T125/><D125/><U94/><E94/><AGARI ba="1,1" hai="13,15,17,22,24,91,94,98,128,129,131" m="31850" machi="94" ten="40,1300,0" yaku="19,1" doraHai="103" who="2" fromWho="1" sc="218,0,328,-16,162,26,282,0" /><INIT seed="6,0,0,0,3,8" ten="218,312,188,282" oya="2" hai0="66,32,34,98,132,5,28,15,58,118,82,42,108" hai1="13,49,87,63,84,131,14,90,124,51,46,57,83" hai2="67,111,104,39,105,27,86,93,91,129,47,97,128" hai3="135,76,116,30,79,77,80,64,33,36,85,68,119"/><V11/><F67/><W37/><G85/><T70/><D70/><U130/><E124/><V65/><F65/><W60/><G79/><T74/><D108/><U16/><E131/><N who="2" m="50251" /><F27/><N who="3" m="18655" /><G77/><T127/><D132/><U88/><E130/><V4/><F111/><W43/><G135/><T94/><D127/><U7/><E7/><V55/><F86/><W133/><G133/><T6/><D6/><U115/><E115/><V126/><F126/><W75/><G43/><T40/><D34/><U31/><E31/><V19/><F19/><W29/><G29/><T3/><D118/><AGARI ba="0,0" hai="36,37,60,64,68,75,76,80,116,118,119" m="18655" machi="118" ten="30,1000,0" yaku="23,1" doraHai="8" who="3" fromWho="0" sc="218,-10,312,0,188,0,282,10" /><INIT seed="7,0,0,0,1,25" ten="208,312,188,292" oya="3" hai0="58,34,33,16,10,61,6,45,0,135,75,5,72" hai1="3,95,39,44,81,74,96,18,109,122,105,69,90" hai2="78,67,11,103,97,50,48,88,28,101,107,77,92" hai3="13,31,125,119,8,22,89,82,73,23,79,87,26"/><W91/><G119/><T27/><D135/><U47/><E69/><V49/><F67/><W104/><G104/><T114/><D6/><U41/><E47/><V131/><F131/><W83/><G125/><T112/><D45/><U124/><E109/><V51/><N who="2" m="12288" /><DORA hai="7" /><V106/><F107/><W65/><G65/><N who="0" m="39095" /><D33/><U108/><E105/><V118/><F118/><W2/><G2/><T80/><D80/><U111/><E124/><V54/><F54/><W115/><G115/><N who="0" m="44075" /><D34/><U19/><E3/><V30/><F11/><W46/><G46/><T43/><D43/><U9/><E41/><V99/><REACH who="2" step="1"/><F88/><REACH who="2" ten="208,312,178,292" step="2"/><W121/><G91/><T15/><D27/><U130/><E90/><V56/><F56/><W120/><G23/><AGARI ba="0,1" hai="0,5,10,15,16,23,72,75" m="44075,39095" machi="23" ten="30,7700,0" yaku="15,1,11,1,52,1,54,1" doraHai="25,7" who="0" fromWho="3" sc="208,87,312,0,178,0,292,-77" owari="295,10.0,312,40.0,178,-32.0,215,-18.0" /></mjloggm>