<mjloggm ver="2.3"><GO type="169" lobby="0"/><UN n0="%E3%81%99%E3%81%BF%E3%82%84%E3%81%AB" n1="%E6%9C%88%E3%83%9F%E7%85%A7%E2%98%86" n2="%6D%61%74%69%6F%73%61%6E" n3="%E5%B0%B1%E6%B4%BB%E7%94%9F%40%E5%B7%9D%E6%9D%91%E8%BB%8D%E5%9B%A3" dan="17,17,16,17" rate="2134.18,2202.90,2106.09,2233.97" sx="M,M,M,M"/><TAIKYOKU oya="0"/><INIT seed="0,0,0,3,3,41" ten="250,250,250,250" oya="0" hai0="80,24,107,60,8,99,50,130,81,128,76,101,83" hai1="42,45,129,65,119,52,55,110,72,74,87,12,29" hai2="47,68,77,100,56,49,104,62,78,70,48,19,31" hai3="33,66,123,9,67,71,111,117,98,131,126,93,122"/><T2/><D60/><U34/><E119/><V23/><F31/><W43/><G117/><T32/><D32/><U53/><E110/><V28/><F28/><W92/><G33/><T0/><D24/><U73/><E129/><N who="0" m="49769" /><D76/><U22/><E34/><V58/><F70/><W132/><G131/><T5/><D50/><U36/><E65/><V108/><F68/><W120/><G111/><T64/><D64/><U88/><E29/><V63/><F108/><W133/><G126/><T124/><D124/><U10/><E22/><V44/><F104/><W106/><G106/><T21/><D21/><U95/><REACH who="1" step="1"/><E72/><REACH who="1" ten="250,240,250,250" step="2"/><V11/><F23/><W27/><G71/><T86/><D86/><U4/><AGARI ba="0,1" hai="4,10,12,36,42,45,52,53,55,73,74,87,88,95" machi="4" ten="30,12000,2" yaku="1,1,2,1,0,1,52,1,54,2,53,1" doraHai="41" doraHaiUra="6" who="1" fromWho="1" sc="250,-60,240,130,250,-30,250,-30" /><INIT seed="1,0,0,4,4,26" ten="190,370,220,220" oya="1" hai0="81,118,6,83,51,123,89,74,128,112,7,65,30" hai1="18,27,107,95,84,71,24,45,25,63,67,49,59" hai2="100,3,98,57,66,32,79,76,115,23,110,13,104" hai3="19,124,11,40,131,122,47,56,36,43,29,37,55"/><U113/><E107/><V20/><F3/><W60/><G122/><T135/><D118/><U44/><E113/><V12/><F32/><W33/><G131/><T54/><D112/><U28/><E18/><V102/><F115/><W134/><G124/><T68/><D128/><U105/><E105/><V132/><F132/><W103/><G134/><T116/><D116/><U130/><E130/><V97/><F110/><W120/><G120/><T2/><D2/><U126/><E126/><V38/><F38/><W106/><G106/><T96/><D74/><U15/><E15/><V69/><F69/><W8/><G103/><T1/><D1/><U14/><E14/><V52/><F66/><W10/><G19/><T121/><D65/><U109/><E109/><V114/><F114/><W119/><G119/><T78/><D68/><U94/><E71/><V80/><F104/><W53/><G53/><T61/><D54/><U64/><E64/><V91/><F52/><W111/><G111/><T88/><D61/><U133/><E133/><V75/><F75/><W90/><G90/><T62/><D62/><U101/><E101/><V39/><F39/><W70/><G70/><T85/><D135/><U82/><E28/><V129/><F129/><W5/><G5/><T46/><D30/><U16/><E16/><V77/><F102/><W31/><REACH who="3" step="1"/><G33/><REACH who="3" ten="190,370,220,210" step="2"/><T108/><D108/><U22/><E82/><V58/><F100/><W50/><G50/><T48/><D48/><U73/><E49/><V4/><F80/><W35/><G35/><T21/><D123/><U117/><E117/><V92/><F4/><RYUUKYOKU ba="0,1" sc="190,-10,370,-10,220,-10,210,30" hai3="8,10,11,29,31,36,37,40,43,47,55,56,60" /><INIT seed="2,1,1,2,1,16" ten="180,360,210,240" oya="2" hai0="115,94,1,86,62,25,8,103,112,10,52,73,126" hai1="33,3,66,43,131,82,92,67,106,98,133,117,116" hai2="24,110,38,79,127,65,13,130,81,56,87,76,78" hai3="46,104,124,6,11,49,74,20,84,100,23,42,30"/><V29/><F38/><W64/><G124/><T15/><D73/><U12/><E3/><V59/><F127/><W69/><G74/><T35/><D126/><U40/><E33/><V88/><F130/><W0/><G30/><T28/><D1/><U96/><E106/><V47/><F47/><W54/><G54/><T27/><D27/><U111/><E131/><V50/><F110/><W58/><G69/><T31/><D31/><U36/><E111/><V107/><F107/><W45/><G45/><T134/><D134/><U9/><E133/><V85/><F13/><W60/><REACH who="3" step="1"/><G84/><REACH who="3" ten="180,360,210,230" step="2"/><T32/><D86/><U48/><E117/><V95/><F59/><W7/><G7/><T97/><D52/><U37/><E116/><V129/><F129/><W101/><G101/><T83/><D103/><U17/><E67/><V34/><REACH who="2" step="1"/><F50/><REACH who="2" ten="180,360,200,230" step="2"/><W120/><G120/><T102/><D62/><AGARI ba="1,3" hai="24,29,34,56,62,65,76,78,79,81,85,87,88,95" machi="62" ten="40,7700,0" yaku="1,1,2,1,54,1,53,0" doraHai="16" doraHaiUra="68" who="2" fromWho="0" sc="180,-80,360,0,200,110,230,0" /><INIT seed="2,2,0,2,4,112" ten="100,360,310,230" oya="2" hai0="6,101,129,21,35,36,87,42,89,121,17,7,69" hai1="18,119,72,55,116,67,58,52,0,132,57,122,27" hai2="102,94,92,9,130,5,127,56,49,13,85,131,91" hai3="84,123,50,44,41,4,78,47,135,8,64,24,11"/><V103/><F127/><W38/><G123/><T82/><D35/><U80/><E0/><V63/><F49/><W128/><G135/><T76/><D121/><U22/><E122/><V115/><F115/><W54/><G128/><N who="2" m="49193" /><F94/><W133/><G133/><T3/><D129/><U105/><E132/><V62/><F62/><W83/><G64/><AGARI ba="2,0" hai="5,9,13,56,63,64,85,91,92,102,103" m="49193" machi="64" ten="30,1500,0" yaku="19,1" doraHai="112" who="2" fromWho="3" sc="100,0,360,0,310,21,230,-21" /><INIT seed="2,3,0,0,0,84" ten="100,360,331,209" oya="2" hai0="75,42,33,72,113,86,53,66,68,78,63,95,82" hai1="65,97,18,31,76,45,58,13,81,44,16,64,4" hai2="93,41,69,77,40,70,98,12,24,32,110,59,34" hai3="43,10,119,129,47,121,48,109,92,62,30,6,3"/><V100/><F77/><W135/><G119/><T11/><D113/><U126/><E126/><V99/><F70/><W104/><G104/><T25/><D42/><U102/><E31/><V106/><F69/><W50/><G121/><T122/><D122/><U117/><E117/><V56/><F110/><W60/><G129/><T103/><D11/><U87/><E4/><V37/><F34/><W130/><G130/><T85/><D53/><U57/><E18/><V127/><F127/><W26/><G109/><T108/><D108/><U38/><E38/><V19/><F24/><W105/><G135/><T22/><D33/><U133/><E133/><V134/><F32/><W79/><G105/><T111/><D111/><U35/><E35/><V90/><F134/><W67/><G79/><T51/><D51/><U125/><E125/><V49/><F37/><W2/><G2/><T20/><D20/><N who="1" m="11279" /><E97/><V83/><F83/><W96/><G50/><T29/><REACH who="0" step="1"/><D103/><REACH who="0" ten="90,360,331,209" step="2"/><U115/><E102/><V1/><F1/><W39/><G39/><T8/><D8/><U61/><E115/><V36/><F36/><W14/><G3/><T116/><D116/><U73/><E73/><V123/><F123/><W101/><G67/><T112/><D112/><U21/><E21/><AGARI ba="3,1" hai="6,10,14,21,26,30,43,47,48,60,62,92,96,101" machi="21" ten="30,2000,0" yaku="7,1,8,1" doraHai="84" who="3" fromWho="1" sc="90,0,360,-29,331,0,209,39" /><INIT seed="3,0,0,3,5,77" ten="90,331,331,248" oya="3" hai0="60,48,92,13,25,1,98,8,87,105,120,79,57" hai1="28,83,2,7,106,101,35,124,102,127,39,31,29" hai2="43,84,3,6,61,64,4,16,58,94,110,40,95" hai3="72,26,5,130,66,103,0,10,113,131,65,91,82"/><W78/><G113/><T20/><D120/><U34/><E39/><V108/><F3/><W50/><G103/><N who="1" m="39434" /><E106/><V107/><F107/><W134/><G134/><T53/><D1/><U118/><E2/><V69/><F69/><W117/><G117/><T14/><D105/><U116/><E7/><N who="2" m="2603" /><F43/><W88/><G50/><T85/><D48/><U80/><E118/><V45/><F84/><W70/><G26/><T62/><D62/><U56/><E56/><V15/><F45/><W63/><REACH who="3" step="1"/><G65/><REACH who="3" ten="90,331,331,238" step="2"/><T128/><D128/><AGARI ba="0,1" hai="0,5,10,63,66,70,72,78,82,88,91,128,130,131" machi="128" ten="40,18000,2" yaku="1,1,2,1,19,1,52,1,54,1,53,1" doraHai="77" doraHaiUra="73" who="3" fromWho="0" sc="90,-180,331,0,331,0,238,190" owari="-90,-59.0,331,13.0,331,-7.0,428,53.0" /></mjloggm>