<mjloggm ver="2.3"><GO type="169" lobby="0"/><UN n0="%E5%B0%B1%E6%B4%BB%E7%94%9F%40%E5%B7%9D%E6%9D%91%E8%BB%8D%E5%9B%A3" n1="%E3%83%AB%E3%83%8D%E3%82%B9%E3%82%BF" n2="%E3%81%A1%E3%81%A3%E7%89%8C%E6%93%8D%E4%BD%9C" n3="%E5%87%B6%E4%BB%8B%40%E6%9D%8F%E6%9D%8F%E8%BB%8D%E5%9B%A3" dan="17,16,16,16" rate="2208.48,2082.84,2139.82,2035.38" sx="M,M,M,M"/><TAIKYOKU oya="0"/><INIT seed="0,0,0,3,3,132" ten="250,250,250,250" oya="0" hai0="73,22,76,32,61,55,64,66,33,90,56,82,122" hai1="8,51,97,103,16,127,119,93,130,80,37,121,50" hai2="100,40,39,94,53,108,28,13,83,125,2,98,43" hai3="128,19,74,126,31,79,117,59,45,129,106,52,133"/><T113/><D122/><U118/><E37/><V105/><F2/><W44/><G106/><T0/><D113/><U60/><E121/><V111/><F28/><W112/><G117/><T18/><D0/><U114/><E130/><N who="3" m="50282" /><G112/><T12/><D66/><U115/><E114/><V87/><F39/><W101/><G101/><T6/><D6/><U107/><E115/><V5/><F105/><W88/><G31/><T58/><REACH who="0" step="1"/><D90/><REACH who="0" ten="240,250,250,250" step="2"/><N who="1" m="55479" /><E118/><V71/><F5/><W86/><G88/><T29/><D29/><U65/><E65/><V62/><F108/><W102/><G102/><T25/><D25/><U23/><E103/><V38/><F100/><W57/><G133/><T67/><D67/><U49/><E107/><V21/><F111/><W34/><G79/><T96/><D96/><U70/><E119/><V135/><F98/><W36/><G34/><T14/><D14/><U72/><E70/><V75/><F71/><W42/><G36/><T120/><D120/><U109/><E109/><V26/><F38/><W110/><G110/><T20/><D20/><U124/><E23/><V84/><F21/><W41/><G19/><T77/><D77/><U68/><E16/><V4/><F4/><W35/><G35/><T95/><D95/><U15/><E68/><V99/><F94/><W69/><G69/><T27/><D27/><U54/><E15/><V85/><F26/><W30/><G30/><T92/><D92/><U81/><E8/><V48/><F13/><W116/><G116/><T10/><D10/><U46/><E81/><V131/><F135/><W17/><G17/><T134/><D134/><RYUUKYOKU ba="0,1" sc="240,30,250,-10,250,-10,250,-10" hai0="12,18,22,32,33,55,56,58,61,64,73,76,82" /><INIT seed="0,1,1,0,5,84" ten="270,240,240,240" oya="0" hai0="79,85,32,37,56,92,94,33,96,24,119,48,101" hai1="117,130,75,134,12,42,103,59,69,125,38,25,68" hai2="7,108,104,15,100,47,4,87,30,17,72,1,19" hai3="133,128,131,26,43,64,118,16,63,99,62,22,98"/><T121/><D37/><U88/><E117/><V3/><F72/><W77/><G118/><T105/><D121/><U49/><E38/><V65/><F65/><W57/><G77/><T21/><D119/><U83/><E125/><V110/><F47/><W54/><G43/><T53/><D105/><U46/><E134/><V109/><F100/><W9/><G9/><T71/><D71/><U80/><E130/><N who="3" m="49706" /><G133/><T2/><D2/><N who="2" m="522" /><F104/><W31/><G31/><T74/><D74/><U97/><E59/><AGARI ba="1,1" hai="16,22,26,54,57,59,62,63,64,98,99" m="49706" machi="59" ten="30,2000,0" yaku="19,1,54,1" doraHai="84" who="3" fromWho="1" sc="270,0,240,-23,240,0,240,33" /><INIT seed="1,0,0,5,2,135" ten="270,217,240,273" oya="1" hai0="115,36,6,85,45,60,96,103,46,88,132,119,99" hai1="81,78,40,39,30,124,37,28,42,63,1,117,20" hai2="98,25,14,58,0,87,44,19,112,101,18,79,55" hai3="33,94,90,126,129,82,102,105,92,120,35,29,56"/><U106/><E106/><V128/><F0/><W31/><G105/><T89/><D132/><U108/><E117/><V5/><F128/><W69/><G69/><T21/><D119/><U62/><E1/><V32/><F44/><W116/><G116/><T3/><D115/><U86/><E108/><V43/><F43/><W12/><G129/><T41/><D46/><U17/><E124/><V7/><F32/><W65/><G120/><T11/><D89/><U83/><E17/><V74/><F74/><W84/><G35/><T68/><D103/><U104/><E104/><V64/><F64/><W110/><G12/><T131/><D131/><U16/><E83/><N who="2" m="47615" /><F25/><W91/><G102/><T9/><D9/><U80/><E81/><V121/><F112/><W93/><G110/><T73/><D73/><U49/><E37/><V125/><F125/><W38/><G38/><T71/><D21/><U27/><E39/><V76/><F76/><W70/><G70/><T51/><D36/><U24/><E27/><V114/><F121/><W61/><G126/><T23/><D23/><U2/><E2/><V97/><F18/><W50/><G33/><T72/><D72/><U107/><E107/><V118/><F114/><W57/><G90/><T54/><D71/><U109/><E109/><V22/><F118/><W13/><G13/><T34/><D34/><U134/><E134/><V47/><F101/><W48/><G29/><N who="1" m="11370" /><E40/><V26/><F26/><W113/><G113/><T122/><D122/><U52/><E42/><V4/><F47/><AGARI ba="0,0" hai="16,20,24,47,49,52,62,63,78,80,86" m="11370" machi="47" ten="30,5800,0" yaku="8,1,54,2" doraHai="135" who="1" fromWho="2" sc="270,0,217,58,240,-58,273,0" /><INIT seed="1,1,0,1,3,111" ten="270,275,182,273" oya="1" hai0="105,115,7,118,121,28,81,8,134,119,17,24,77" hai1="106,109,12,132,46,16,117,13,133,104,95,19,124" hai2="4,33,51,83,54,36,122,92,68,49,11,5,97" hai3="125,123,107,128,82,75,129,18,29,61,57,76,43"/><U42/><E117/><V64/><F33/><W48/><G107/><T58/><D105/><U59/><E109/><V32/><F32/><W22/><G123/><T65/><D121/><U47/><E59/><V25/><F36/><W1/><G1/><T45/><D134/><N who="1" m="51819" /><E124/><V112/><F122/><W103/><G29/><T102/><D102/><U52/><E95/><V26/><F68/><W93/><G125/><T30/><D45/><N who="1" m="16907" /><E52/><V37/><F37/><W50/><G43/><T71/><D71/><U99/><E42/><V114/><F64/><W135/><G135/><T101/><D101/><U86/><E86/><V74/><F83/><W23/><G103/><T130/><D58/><U70/><E99/><V27/><F74/><W85/><G75/><T41/><D65/><U0/><E0/><V91/><F49/><W66/><G93/><T131/><D41/><U56/><E56/><N who="2" m="32863" /><F11/><W113/><G50/><T89/><D81/><U108/><E70/><V20/><F20/><W110/><G23/><T10/><D89/><U6/><E6/><V15/><F15/><N who="1" m="5705" /><E108/><V96/><F96/><W31/><G110/><T69/><D69/><U3/><E3/><V9/><F9/><W21/><G48/><T72/><D72/><U88/><E88/><V38/><F38/><W73/><G73/><T63/><D7/><U62/><E62/><V2/><F2/><W100/><G61/><T79/><D63/><U87/><E87/><V127/><F127/><W98/><G85/><T34/><D119/><U84/><E84/><V80/><F80/><W14/><G82/><T44/><D118/><RYUUKYOKU ba="1,0" sc="270,-15,275,15,182,15,273,-15" hai1="16,19,104,106" hai2="4,5,25,26,27,91,92,97,112,114" /><INIT seed="1,2,0,5,3,12" ten="255,290,197,258" oya="1" hai0="71,99,16,121,1,51,112,83,116,56,26,122,78" hai1="24,85,43,130,58,59,63,110,88,120,50,81,5" hai2="72,92,11,125,131,97,21,6,48,20,104,39,52" hai3="103,96,0,89,10,105,66,3,77,53,42,31,94"/><U132/><E120/><N who="0" m="46185" /><D116/><U86/><E130/><V44/><F131/><W108/><G66/><T100/><D112/><U9/><E132/><V40/><F72/><W67/><G67/><T69/><D1/><U90/><E110/><V101/><F104/><W35/><G108/><T55/><D83/><U38/><E38/><V87/><F87/><W33/><G42/><T123/><D78/><U126/><E126/><V111/><F111/><W114/><G114/><T93/><N who="0" m="46193" /><T25/><DORA hai="80" /><D25/><U127/><E127/><V128/><F128/><W113/><G0/><T76/><D76/><U64/><E24/><V102/><F102/><W49/><G77/><T30/><D30/><U91/><E81/><V15/><REACH who="2" step="1"/><F125/><REACH who="2" ten="255,290,187,258" step="2"/><W106/><G106/><T29/><D29/><U57/><E64/><V65/><F65/><W18/><G31/><T32/><D32/><U7/><E63/><V74/><F74/><W61/><G61/><T115/><D115/><U13/><E5/><V68/><F68/><W79/><G113/><T95/><D95/><U62/><E62/><V4/><F4/><W45/><G105/><T73/><D73/><U28/><E28/><V17/><F17/><W107/><G18/><T60/><D60/><U70/><E70/><V37/><F37/><W22/><G107/><T84/><D84/><U82/><E86/><V14/><F14/><W54/><G35/><T98/><D98/><U23/><E23/><AGARI ba="2,1" hai="16,23,26,51,55,56,69,71,93,99,100" m="46193" machi="23" ten="40,5200,0" yaku="13,1,52,1,54,1" doraHai="12,80" who="0" fromWho="1" sc="255,68,290,-58,187,0,258,0" /><INIT seed="2,0,0,3,5,127" ten="323,232,187,258" oya="2" hai0="31,132,105,39,117,125,70,81,28,3,135,130,84" hai1="68,43,89,18,112,51,41,26,110,120,90,106,23" hai2="21,33,30,59,71,54,37,92,129,24,118,19,25" hai3="85,108,6,10,86,36,9,34,60,50,119,78,103"/><V53/><F71/><W49/><G36/><T66/><D125/><U124/><E106/><V97/><F118/><W42/><G119/><T77/><D117/><U13/><E68/><V58/><F37/><W95/><G34/><T121/><D121/><U8/><E120/><V72/><F72/><W101/><G10/><T40/><D3/><U27/><E112/><V133/><F133/><N who="0" m="51274" /><D105/><U104/><E104/><V128/><F58/><W134/><G108/><T109/><D109/><U15/><E110/><V45/><F45/><W38/><G38/><T98/><D98/><U7/><E124/><V116/><F116/><W65/><G85/><T17/><D17/><U87/><E90/><V80/><F80/><W126/><G126/><T63/><D130/><N who="2" m="50282" /><F59/><W100/><G134/><T4/><D4/><U0/><E0/><V11/><F11/><W131/><G9/><T107/><D107/><U79/><E79/><V113/><F113/><W69/><G78/><T5/><D5/><U57/><E57/><V88/><AGARI ba="0,0" hai="19,21,24,25,30,33,53,54,88,92,97" m="50282" machi="88" ten="30,12000,1" yaku="19,1,52,3,54,1" doraHai="127" who="2" fromWho="2" sc="323,-40,232,-40,187,120,258,-40" /><INIT seed="2,1,0,3,0,108" ten="283,192,307,218" oya="2" hai0="90,130,3,27,16,99,93,92,81,77,7,13,31" hai1="45,57,109,88,86,38,115,135,15,47,22,124,76" hai2="116,50,62,75,91,104,4,67,21,43,113,42,39" hai3="70,10,82,121,80,18,61,133,68,37,34,96,23"/><V66/><F104/><W8/><G34/><T84/><D130/><U107/><E109/><V87/><F75/><W30/><G121/><T105/><D3/><U131/><E107/><V14/><F39/><W46/><G30/><T83/><D7/><U1/><E131/><V117/><F113/><W60/><G70/><T112/><D112/><U25/><E1/><V35/><F35/><W134/><G96/><T6/><D6/><U129/><E115/><V59/><F67/><W5/><G61/><T48/><D48/><U41/><E129/><V19/><F4/><W54/><G10/><T94/><D105/><U128/><E128/><V111/><F111/><W2/><G68/><T78/><D27/><U85/><E47/><V132/><F132/><W36/><G36/><T28/><D99/><U118/><E135/><V98/><F98/><W97/><G97/><T9/><REACH who="0" step="1"/><D90/><REACH who="0" ten="273,192,307,218" step="2"/><U122/><E88/><V125/><F50/><W79/><G134/><T127/><D127/><U29/><E124/><V69/><F125/><W56/><G133/><T74/><AGARI ba="1,1" hai="9,13,16,28,31,74,77,78,81,83,84,92,93,94" machi="74" ten="30,7900,0" yaku="1,1,0,1,54,1,53,1" doraHai="108" doraHaiUra="11" who="0" fromWho="0" sc="273,92,192,-21,307,-40,218,-21" /><INIT seed="3,0,0,5,3,80" ten="365,171,267,197" oya="3" hai0="3,31,114,66,81,122,39,43,113,4,72,17,14" hai1="107,125,51,102,67,115,52,37,47,97,56,133,77" hai2="128,26,105,46,96,32,84,59,22,75,99,62,49" hai3="92,8,10,19,130,5,71,68,40,76,110,88,106"/><W54/><G106/><T83/><D122/><U50/><E115/><N who="0" m="44041" /><D66/><U48/><E133/><V104/><F75/><W100/><G100/><T117/><D117/><U123/><E123/><V34/><F105/><W127/><G76/><T28/><D4/><U2/><E2/><V35/><F104/><W134/><G40/><T53/><D3/><U63/><E125/><V18/><F128/><W126/><G134/><T78/><D53/><U38/><E38/><V103/><F103/><W69/><G130/><T86/><D43/><U94/><E107/><V29/><F29/><W101/><G101/><T24/><D24/><U1/><E1/><V90/><F49/><W44/><G110/><T85/><D39/><U9/><E9/><V42/><F46/><W118/><G118/><T16/><D17/><U120/><E120/><V20/><F20/><W45/><G19/><T132/><D132/><U124/><E124/><N who="3" m="47658" /><G54/><T79/><D72/><U15/><E15/><V7/><F42/><W95/><G95/><T61/><D61/><U109/><E109/><V116/><F7/><W58/><G58/><T129/><D129/><U23/><E77/><V135/><F116/><W111/><G111/><T93/><D93/><U12/><E37/><V91/><F135/><W33/><G33/><T112/><D112/><U98/><E98/><V13/><F99/><N who="3" m="57735" /><G8/><AGARI ba="0,0" hai="8,14,16,28,31,78,79,81,83,85,86" m="44041" machi="8" ten="30,7700,0" yaku="11,1,52,2,54,1" doraHai="80" who="0" fromWho="3" sc="365,77,171,0,267,0,197,-77" /><INIT seed="4,0,0,5,3,0" ten="442,171,267,120" oya="0" hai0="55,24,20,9,22,13,129,1,107,74,134,96,41" hai1="32,104,28,66,103,81,54,135,92,78,40,88,53" hai2="50,116,102,123,83,108,38,115,101,72,70,80,44" hai3="117,119,121,14,43,34,94,59,15,95,105,120,111"/><T19/><D74/><U29/><E135/><V7/><F70/><W37/><G105/><T4/><D134/><U45/><E66/><V130/><F38/><W27/><G111/><T113/><D113/><U25/><E29/><V63/><F63/><W128/><G128/><T114/><D114/><U31/><E31/><V64/><F64/><W79/><G79/><T110/><D41/><U124/><E124/><V61/><F61/><W97/><G59/><T127/><D107/><U30/><E30/><V106/><F123/><W47/><G34/><T118/><D96/><U6/><E6/><V17/><F7/><W98/><G27/><T71/><D71/><U87/><E104/><V52/><F108/><W99/><G119/><T86/><D86/><U3/><E3/><V84/><F115/><W36/><G117/><T12/><D55/><U133/><E133/><V126/><F130/><W125/><G125/><T91/><D91/><U112/><E112/><V42/><F116/><W73/><G73/><T10/><D118/><U67/><E67/><V2/><F2/><W51/><G120/><T65/><D65/><U122/><E122/><V77/><F126/><W57/><G121/><T18/><D127/><U5/><E5/><V85/><F72/><W46/><G43/><T33/><D129/><U39/><REACH who="1" step="1"/><E103/><REACH who="1" ten="442,161,267,120" step="2"/><V58/><F106/><W35/><G35/><T131/><D131/><U76/><E76/><N who="2" m="46183" /><F17/><W8/><G37/><T100/><D100/><U75/><AGARI ba="0,1" hai="25,28,32,39,40,45,53,54,75,78,81,87,88,92" machi="75" ten="20,8000,1" yaku="1,1,0,1,7,1,54,1,53,1" doraHai="0" doraHaiUra="23" who="1" fromWho="1" sc="442,-40,161,90,267,-20,120,-20" /><INIT seed="5,0,0,5,5,109" ten="402,251,247,100" oya="1" hai0="113,120,108,100,93,86,55,9,75,33,12,64,47" hai1="39,36,41,112,27,26,85,0,104,63,69,107,129" hai2="135,80,92,91,14,77,6,11,90,35,76,42,2" hai3="29,87,68,81,49,88,84,122,48,53,98,118,105"/><U56/><E0/><V54/><F35/><W72/><G122/><T70/><D108/><U95/><E69/><V73/><F135/><W7/><G68/><T57/><D75/><U78/><E129/><V103/><F42/><W15/><G72/><T82/><D33/><U94/><E41/><V62/><F2/><W25/><G118/><T110/><D110/><U119/><E119/><V4/><F4/><W45/><G105/><T130/><D70/><U117/><E117/><V96/><REACH who="2" step="1"/><F77/><REACH who="2" ten="402,251,237,100" step="2"/><W1/><G1/><T111/><D111/><U67/><E78/><V83/><F83/><W51/><G81/><T102/><D82/><U16/><E36/><V50/><F50/><W132/><G132/><T52/><D120/><U22/><E39/><V133/><F133/><W10/><G51/><N who="0" m="28799" /><D130/><U125/><E63/><V71/><F71/><W128/><G49/><N who="0" m="30959" /><D113/><U8/><E112/><V106/><F106/><W66/><G128/><T60/><D60/><U126/><E107/><V89/><F89/><W115/><G115/><T127/><D127/><U13/><E104/><V28/><F28/><W121/><G121/><T58/><D58/><AGARI ba="0,1" hai="6,11,14,54,58,62,73,76,80,90,91,92,96,103" machi="58" ten="40,1300,0" yaku="1,1,53,0" doraHai="109" doraHaiUra="44" who="2" fromWho="0" sc="402,-13,251,0,237,23,100,0" /><INIT seed="6,0,0,0,5,42" ten="389,251,260,100" oya="2" hai0="4,51,87,89,18,3,98,113,91,67,115,31,43" hai1="50,15,128,111,49,120,100,6,33,5,82,35,17" hai2="114,62,29,47,8,1,78,70,69,101,7,107,97" hai3="129,58,46,88,41,121,77,55,54,83,74,10,53"/><V32/><F114/><N who="0" m="43530" /><D31/><U104/><E111/><V21/><F21/><W24/><G121/><T90/><D67/><U0/><E120/><V109/><F109/><W112/><G112/><T92/><D18/><U64/><E128/><V61/><F61/><W119/><G119/><T57/><D4/><U134/><E134/><V103/><F103/><W26/><G129/><T25/><D3/><U80/><E17/><V12/><F12/><W56/><G10/><T63/><D25/><U131/><E15/><V106/><F78/><W13/><G13/><T23/><D23/><U130/><E100/><V19/><F19/><W84/><G58/><T79/><D79/><U9/><E104/><N who="2" m="63535" /><F47/><W22/><G56/><T122/><D122/><U48/><E64/><N who="2" m="41111" /><F70/><W81/><REACH who="3" step="1"/><G22/><REACH who="3" ten="389,251,260,90" step="2"/><T95/><D57/><U60/><E131/><V45/><F45/><W118/><G118/><T135/><D135/><U30/><E130/><V124/><F124/><W20/><G20/><T116/><D116/><U40/><E33/><V2/><F1/><W68/><G68/><T38/><D63/><U37/><E60/><V28/><F28/><W133/><G133/><T125/><D125/><U127/><E127/><V76/><F29/><W85/><G85/><T39/><D87/><U65/><E30/><V102/><F32/><W86/><G86/><T105/><D98/><U16/><E35/><V72/><F8/><W93/><G93/><N who="0" m="35915" /><D105/><N who="2" m="39946" /><F7/><W96/><G96/><T36/><D51/><AGARI ba="0,1" hai="24,26,41,46,51,53,54,55,74,77,81,83,84,88" machi="51" ten="40,5200,0" yaku="1,1,52,1,54,1,53,0" doraHai="42" doraHaiUra="108" who="3" fromWho="0" sc="389,-52,251,0,260,0,90,62" /><INIT seed="7,0,0,0,2,2" ten="337,251,260,152" oya="3" hai0="4,26,114,126,15,14,64,5,72,65,11,81,38" hai1="84,8,32,56,78,71,77,1,75,128,124,29,50" hai2="102,106,125,35,69,42,63,103,0,123,54,85,59" hai3="91,23,16,39,83,99,127,98,87,82,49,95,105"/><W116/><G39/><T112/><D126/><U108/><E71/><V18/><F125/><W21/><G116/><T113/><D38/><U122/><E124/><V22/><F35/><W28/><G127/><T20/><D14/><U40/><E122/><V66/><F0/><W118/><G118/><T51/><D5/><U121/><E108/><V107/><F42/><W96/><G105/><T47/><D81/><N who="3" m="30729" /><G28/><N who="0" m="17479" /><D72/><U68/><E121/><V135/><F107/><W33/><G33/><T90/><D90/><U13/><E68/><V109/><F109/><W67/><G67/><T7/><D7/><U117/><E1/><V12/><F135/><W130/><G130/><T60/><D60/><U88/><E75/><V48/><F123/><W131/><G131/><T27/><D27/><U34/><E128/><V93/><F106/><W97/><N who="3" m="24576" /><DORA hai="120" /><W110/><G110/><T45/><D45/><U73/><E73/><V10/><F10/><W53/><G16/><T94/><D94/><U100/><E34/><V79/><F79/><W58/><AGARI ba="0,0" hai="21,23,49,53,58,87,91,95" m="24576,30729" machi="58" ten="40,2100,0" yaku="8,1" doraHai="2,120" who="3" fromWho="3" sc="337,-7,251,-7,260,-7,152,21" /><INIT seed="7,1,0,3,1,95" ten="330,244,253,173" oya="3" hai0="110,117,2,38,109,107,113,68,90,89,57,118,23" hai1="56,42,123,18,10,19,130,4,62,79,53,74,85" hai2="100,94,60,132,14,135,131,58,69,128,35,80,8" hai3="111,99,17,120,101,13,86,1,119,34,41,37,65"/><W63/><G119/><T49/><D68/><U39/><E123/><V104/><F35/><W124/><G1/><T67/><D2/><U81/><E130/><N who="2" m="49707" /><F104/><W122/><G34/><T72/><D38/><U20/><E20/><V33/><F33/><W55/><G124/><T127/><D72/><U24/><E24/><V29/><F29/><W106/><G55/><T71/><D107/><U83/><E83/><V9/><F69/><W21/><G111/><T129/><D23/><U116/><E85/><V93/><F80/><W5/><G5/><T7/><D7/><U91/><E91/><V82/><F82/><W59/><REACH who="3" step="1"/><G86/><REACH who="3" ten="330,244,253,163" step="2"/><T133/><D127/><U126/><E126/><V84/><F84/><W102/><G102/><T103/><D129/><U77/><E116/><V43/><F100/><W11/><G11/><T30/><D103/><U46/><REACH who="1" step="1"/><E77/><REACH who="1" ten="330,234,253,163" step="2"/><V12/><F9/><W96/><G96/><T125/><D117/><U87/><E87/><V50/><F8/><W16/><G16/><T112/><D118/><U25/><E25/><V134/><F135/><W47/><AGARI ba="1,2" hai="13,17,21,37,41,47,59,63,65,99,101,106,120,122" machi="47" ten="30,11700,0" yaku="1,1,0,1,52,1,53,1" doraHai="95" doraHaiUra="15" who="3" fromWho="3" sc="330,-40,234,-40,253,-40,163,140" owari="290,9.0,194,-31.0,213,-19.0,303,41.0" /></mjloggm>