<mjloggm ver="2.3"><GO type="225" lobby="0"/><UN n0="%E4%B9%9D%E5%AE%98%E9%B3%A5%28%E3%82%AA%E3%82%B9%29" n1="%E3%83%A9%E3%82%A4%E3%82%AB%40" n2="%E3%82%A6%E3%83%AB%E3%83%88%E3%83%A9%E7%AB%8B%E7%9B%B4" n3="%E3%82%82%E3%82%81%E3%82%93%E3%81%AA%E3%81%A1%E3%82%83%E3%81%84" dan="16,16,17,17" rate="2152.02,2051.55,2199.48,2125.46" sx="M,M,M,F"/><TAIKYOKU oya="0"/><INIT seed="0,0,0,2,3,4" ten="250,250,250,250" oya="0" hai0="17,26,112,16,123,5,22,75,83,45,60,42,13" hai1="114,119,113,115,78,120,118,95,80,61,73,74,98" hai2="59,18,23,9,90,34,44,66,132,3,7,57,127" hai3="111,19,125,82,107,108,89,105,116,50,37,104,55"/><T36/><D123/><U62/><E120/><V96/><F132/><W129/><G116/><N who="1" m="44586" /><E62/><V11/><F127/><W103/><G37/><T65/><D112/><N who="1" m="28675" /><U109/><DORA hai="135" /><E61/><N who="2" m="38191" /><F34/><W28/><G129/><T12/><D75/><N who="1" m="43103" /><E109/><N who="3" m="42058" /><G28/><T0/><D83/><U24/><E24/><V77/><F77/><W43/><G43/><T100/><D100/><AGARI ba="0,0" hai="73,74,95,98,100" m="43103,28675,44586" machi="100" ten="40,5200,0" yaku="11,1,34,2" doraHai="4,135" who="1" fromWho="0" sc="250,-52,250,52,250,0,250,0" /><INIT seed="1,0,0,4,0,94" ten="198,302,250,250" oya="1" hai0="5,42,102,1,40,125,38,19,100,107,134,75,88" hai1="73,36,77,120,53,126,50,52,101,128,62,20,97" hai2="13,32,112,60,76,129,93,108,87,17,123,29,15" hai3="121,55,122,85,71,46,28,39,25,18,41,74,58"/><U10/><E120/><V34/><F123/><W69/><G74/><T86/><D75/><U47/><E36/><V30/><F60/><W66/><G71/><T110/><D110/><U57/><E126/><V127/><F93/><W90/><G18/><T67/><D125/><U80/><E128/><V113/><F87/><W109/><G109/><T132/><D67/><U48/><E20/><V82/><F82/><W2/><G2/><T72/><D72/><U131/><E131/><V91/><F91/><W111/><G111/><T44/><D40/><U16/><E62/><V105/><F105/><W33/><G66/><T114/><D114/><N who="2" m="44138" /><F76/><W43/><G43/><T84/><D84/><U0/><E0/><V92/><F92/><W130/><G69/><T104/><D19/><U96/><REACH who="1" step="1"/><E101/><REACH who="1" ten="198,292,250,250" step="2"/><V117/><F127/><W27/><G130/><T115/><D115/><U103/><E103/><V22/><F129/><W37/><G37/><T98/><D102/><U95/><E95/><V106/><F108/><W12/><G27/><T64/><D104/><U83/><E83/><V4/><F106/><W14/><G122/><T54/><D64/><U61/><E61/><V99/><F22/><W26/><G26/><T124/><D124/><U45/><E45/><V11/><F34/><W51/><G121/><T78/><D107/><U56/><E56/><V119/><F32/><W65/><G65/><T8/><D100/><U68/><E68/><V31/><F117/><W59/><G58/><T70/><D70/><U23/><E23/><N who="2" m="11695" /><F119/><W49/><G39/><N who="0" m="21599" /><D132/><U116/><E116/><V9/><F9/><RYUUKYOKU ba="0,1" sc="198,-30,292,10,250,10,250,10" hai1="10,16,47,48,50,52,53,57,73,77,80,96,97" hai2="4,11,15,29,30,31,99" hai3="12,14,25,28,33,41,46,49,51,55,59,85,90" /><INIT seed="1,1,1,5,2,93" ten="168,302,260,260" oya="1" hai0="134,121,39,67,17,37,133,12,5,128,52,80,88" hai1="25,21,13,28,84,115,36,130,61,8,16,15,110" hai2="120,69,105,53,87,83,18,57,97,58,47,24,96" hai3="104,3,1,7,122,60,31,78,2,19,32,91,131"/><U99/><E115/><V64/><F69/><W118/><G122/><T4/><D121/><U81/><E130/><V101/><F120/><W119/><G131/><T55/><D67/><U95/><E110/><V23/><F64/><W100/><G78/><T94/><D80/><U73/><E73/><V59/><F47/><W70/><G19/><T51/><D128/><U124/><E124/><V75/><F75/><W102/><G91/><T68/><D68/><U109/><E36/><V33/><F33/><W77/><G77/><T0/><D0/><U38/><E38/><V72/><F72/><W45/><G7/><N who="0" m="2635" /><D37/><U107/><E107/><V106/><F106/><W86/><G86/><N who="0" m="52503" /><D39/><U54/><E109/><V62/><REACH who="2" step="1"/><F97/><REACH who="2" ten="168,302,250,260" step="2"/><W26/><G104/><T27/><D27/><U98/><E25/><V76/><AGARI ba="1,2" hai="18,23,24,53,57,58,59,62,76,83,87,96,101,105" machi="76" ten="20,8000,1" yaku="1,1,2,1,0,1,7,1,52,1,53,0" doraHai="93" doraHaiUra="6" who="2" fromWho="2" sc="168,-21,302,-41,250,103,260,-21" /><INIT seed="2,0,0,0,0,92" ten="147,261,353,239" oya="2" hai0="130,101,16,53,91,121,57,133,13,70,118,109,64" hai1="55,120,17,106,68,104,97,86,117,72,129,3,32" hai2="42,52,58,54,100,38,56,19,69,93,75,88,77" hai3="61,90,115,5,66,44,114,23,43,4,37,47,8"/><V84/><F69/><W7/><G23/><T73/><D121/><U29/><E117/><V128/><F128/><W25/><G25/><T51/><D73/><U95/><E120/><V96/><F42/><W6/><G44/><T78/><D118/><U79/><E72/><V76/><F38/><W116/><G116/><T135/><D78/><U15/><E3/><V89/><F19/><W62/><G90/><N who="2" m="34921" /><F84/><W45/><G45/><T39/><D39/><U65/><E68/><V132/><F132/><N who="0" m="50762" /><D130/><U12/><E104/><V40/><F40/><W111/><G111/><T125/><D109/><U94/><E17/><V11/><F11/><W30/><G30/><T33/><D33/><U63/><E29/><V127/><F127/><W98/><G8/><N who="0" m="6183" /><D91/><U46/><E32/><V107/><F75/><W20/><G7/><T26/><D26/><U49/><E129/><V124/><F77/><W122/><G122/><T131/><D131/><U31/><E79/><V9/><F76/><W126/><G126/><T27/><D27/><U108/><E108/><V50/><F124/><W134/><G134/><T71/><D125/><U99/><E31/><V36/><F36/><W28/><G115/><T74/><D74/><U83/><E86/><V85/><F85/><W113/><G114/><T24/><D64/><U41/><E65/><V105/><F9/><W82/><G113/><T22/><D101/><U80/><E80/><V10/><F10/><W103/><G66/><T59/><D59/><U2/><E83/><V14/><F100/><W67/><G67/><T81/><D81/><U21/><E46/><RYUUKYOKU ba="0,0" sc="147,30,261,-10,353,-10,239,-10" hai0="22,24,51,53,57,70,71" /><INIT seed="3,1,0,2,0,113" ten="177,251,343,229" oya="3" hai0="25,66,92,106,51,99,62,70,107,36,49,96,56" hai1="58,28,125,134,11,120,114,91,87,82,126,35,95" hai2="89,61,100,45,127,119,130,105,68,135,116,72,19" hai3="21,14,10,22,132,94,69,9,123,97,30,23,15"/><W78/><G69/><T7/><D36/><U29/><E120/><V60/><F72/><W73/><G123/><T124/><D124/><N who="1" m="47723" /><E114/><V128/><F89/><W121/><G121/><T0/><D0/><U53/><E134/><V118/><F100/><W3/><G132/><T85/><D7/><U4/><E82/><V115/><F105/><W2/><G78/><T50/><D85/><U47/><E47/><V64/><F115/><W67/><G67/><T46/><D25/><U110/><E35/><V117/><F117/><W16/><G73/><T44/><D70/><U93/><E93/><V42/><F127/><W74/><G74/><T133/><D133/><U48/><E110/><V52/><F19/><N who="3" m="8663" /><G94/><T34/><D34/><U101/><E101/><V12/><F135/><W27/><G97/><T24/><D24/><U77/><E77/><V18/><F12/><AGARI ba="1,0" hai="4,11,12,28,29,48,53,58,87,91,95" m="47723" machi="12" ten="30,1000,0" yaku="18,1" doraHai="113" who="1" fromWho="2" sc="177,0,251,13,343,-13,229,0" owari="177,-32.0,264,6.0,330,43.0,229,-17.0" /></mjloggm>