<mjloggm ver="2.3"><GO type="169" lobby="0"/><UN n0="%E3%83%AD%E3%83%83%E3%83%86%E9%9B%80%E7%90%83" n1="%E5%8D%97%E6%A5%B5%E3%83%80%E3%83%B3%E3%82%B5%E3%83%BC" n2="%E5%B0%B1%E6%B4%BB%E7%94%9F%40%E5%B7%9D%E6%9D%91%E8%BB%8D%E5%9B%A3" n3="%52%69%2D%4D%6F%2D" dan="18,16,17,17" rate="2229.59,2056.45,2236.45,2205.72" sx="M,M,M,M"/><TAIKYOKU oya="0"/><INIT seed="0,0,0,3,3,27" ten="250,250,250,250" oya="0" hai0="63,54,11,15,65,10,105,82,92,1,79,76,90" hai1="17,119,87,133,122,56,124,104,113,75,94,128,34" hai2="127,116,21,126,20,30,46,57,4,47,129,25,72" hai3="109,99,58,2,103,73,37,52,59,39,83,114,135"/><T125/><D125/><U29/><RYUUKYOKU type="yao9" ba="0,0" sc="250,0,250,0,250,0,250,0" hai1="17,29,34,56,75,87,94,104,113,119,122,124,128,133" /><INIT seed="0,1,0,0,1,32" ten="250,250,250,250" oya="0" hai0="78,81,51,28,25,53,65,62,109,131,61,114,19" hai1="135,35,100,123,128,50,30,40,90,26,52,134,103" hai2="12,70,74,55,104,59,101,102,34,20,54,38,85" hai3="71,1,93,116,75,37,99,3,86,42,10,11,76"/><T118/><D114/><U16/><E40/><V112/><F34/><W120/><G116/><T22/><D118/><U33/><E33/><V2/><F70/><W7/><G71/><T24/><D131/><U47/><E123/><V132/><F74/><W98/><G120/><T21/><D65/><U122/><E122/><V49/><F38/><W6/><G86/><N who="0" m="48439" /><D109/><U97/><E90/><V27/><F2/><W117/><G117/><T92/><D92/><U124/><E124/><V67/><F104/><W119/><G119/><T113/><D113/><U18/><E103/><V4/><F132/><N who="1" m="50729" /><E128/><V0/><F0/><W64/><G64/><T87/><D87/><U80/><E80/><V73/><F73/><W84/><G84/><T96/><D96/><U125/><E125/><V111/><F67/><W89/><G98/><T106/><D106/><AGARI ba="1,0" hai="16,18,26,30,35,47,50,52,97,100,106" m="50729" machi="106" ten="30,3900,0" yaku="20,1,54,2" doraHai="32" who="1" fromWho="0" sc="250,-42,250,42,250,0,250,0" /><INIT seed="1,0,0,4,4,16" ten="208,292,250,250" oya="1" hai0="22,80,13,126,5,64,30,54,93,7,55,113,75" hai1="95,42,18,120,124,33,130,78,123,127,90,86,111" hai2="44,118,97,62,69,6,94,112,28,20,52,0,92" hai3="133,48,77,56,79,58,72,4,34,17,76,129,1"/><U134/><E33/><V63/><F118/><W41/><G72/><T24/><D113/><U119/><E119/><V84/><F112/><W67/><G34/><T91/><D126/><N who="1" m="48171" /><E42/><V19/><F28/><W107/><G107/><T45/><D64/><U114/><E114/><V122/><F122/><W100/><G100/><T10/><D5/><U115/><E115/><V68/><F6/><W38/><G38/><T60/><D60/><U128/><E134/><V99/><F0/><W132/><G129/><N who="1" m="49770" /><E18/><V9/><F69/><W47/><G17/><T74/><D45/><U70/><E70/><V87/><F68/><W66/><G132/><T31/><D31/><U108/><E78/><V3/><F9/><W37/><G133/><T125/><D125/><U116/><E116/><V51/><F3/><W2/><G1/><T81/><D55/><U131/><E131/><V106/><F106/><W39/><G2/><T25/><D54/><U32/><E32/><V61/><F94/><W110/><G4/><T23/><D81/><U46/><E46/><V101/><REACH who="2" step="1"/><F99/><REACH who="2" ten="208,292,240,250" step="2"/><W27/><G47/><T29/><D80/><U35/><E35/><V11/><F11/><W53/><G41/><T36/><D36/><U15/><E15/><AGARI ba="0,1" hai="15,19,20,44,51,52,61,62,63,84,87,92,97,101" machi="15" ten="40,8000,1" yaku="1,1,8,1,52,1,54,1,53,1" doraHai="16" doraHaiUra="50" who="2" fromWho="1" sc="208,0,292,-80,240,90,250,0" /><INIT seed="2,0,0,2,0,104" ten="208,212,330,250" oya="2" hai0="120,55,92,41,65,3,23,46,21,43,96,47,34" hai1="10,68,12,76,78,18,66,73,26,40,79,32,17" hai2="24,30,113,38,99,37,126,4,119,36,45,54,63" hai3="108,2,70,67,69,50,8,19,116,25,44,58,91"/><V107/><F119/><W5/><G116/><T16/><D34/><U48/><E68/><V112/><F4/><W102/><G102/><T86/><D3/><U62/><E32/><V64/><F54/><W117/><G117/><T103/><D120/><U80/><E48/><V97/><F45/><N who="0" m="16906" /><D65/><U39/><E40/><V121/><F121/><W49/><G108/><T33/><D33/><U131/><E39/><V29/><F126/><W59/><G50/><T135/><D135/><U90/><E131/><V127/><F127/><W82/><G69/><T88/><D55/><U51/><E51/><V81/><F81/><W52/><G70/><T129/><D23/><U122/><E122/><V7/><F7/><W93/><G82/><N who="0" m="49239" /><D129/><U77/><E90/><V53/><F53/><W9/><G67/><T84/><D84/><U11/><E66/><V1/><F1/><W111/><G111/><T130/><D130/><U114/><E114/><V27/><F64/><W15/><REACH who="3" step="1"/><G25/><AGARI ba="0,0" hai="16,21,25,41,43,92,96,103" m="49239,16906" machi="25" ten="30,3900,0" yaku="8,1,54,2" doraHai="104" who="0" fromWho="3" sc="208,39,212,0,330,0,250,-39" /><INIT seed="3,0,0,3,2,15" ten="247,212,330,211" oya="3" hai0="98,75,30,69,22,71,10,76,70,107,14,37,33" hai1="133,78,72,42,80,100,129,110,45,27,114,64,74" hai2="31,16,82,1,122,116,131,4,5,58,54,40,57" hai3="29,11,26,49,0,95,84,13,39,59,20,120,17"/><W18/><G39/><T19/><D37/><U51/><E114/><V66/><F1/><W21/><G120/><T118/><D118/><U115/><E115/><V83/><F31/><W126/><G126/><T92/><D107/><U124/><E124/><V135/><F116/><W112/><G112/><T101/><D33/><U87/><E110/><V125/><F125/><W53/><G0/><T9/><REACH who="0" step="1"/><D30/><REACH who="0" ten="237,212,330,211" step="2"/><U81/><E133/><V77/><F135/><W106/><G106/><T63/><D63/><U52/><E129/><V8/><F131/><W25/><G95/><T36/><D36/><U111/><E111/><V6/><F83/><AGARI ba="0,1" hai="9,10,14,19,22,69,70,71,75,76,83,92,98,101" machi="83" ten="40,2600,0" yaku="1,1,52,1,53,0" doraHai="15" doraHaiUra="123" who="0" fromWho="2" sc="237,36,212,0,330,-26,211,0" /><INIT seed="4,0,0,0,3,116" ten="273,212,304,211" oya="0" hai0="108,48,126,24,125,29,50,5,82,120,114,109,78" hai1="95,115,74,110,91,89,16,130,51,36,101,134,94" hai2="40,34,119,59,104,76,75,90,49,67,3,98,128" hai3="71,132,84,96,66,38,33,45,14,7,86,65,56"/><T60/><D114/><U87/><E36/><V81/><F34/><W100/><G33/><N who="0" m="20647" /><D5/><U88/><E115/><V79/><F3/><W112/><G71/><T102/><D102/><U61/><E74/><V127/><F76/><W124/><G112/><T53/><D60/><U32/><E32/><V73/><F73/><W44/><G124/><N who="0" m="47723" /><D120/><U9/><E110/><N who="0" m="42601" /><D53/><U113/><E113/><V117/><F127/><W25/><G100/><T118/><D118/><U19/><E61/><V20/><F67/><W43/><G7/><T1/><D1/><U17/><E101/><V22/><F104/><W35/><G66/><T111/><N who="0" m="42609" /><T0/><DORA hai="72" /><D0/><U6/><E6/><V15/><F117/><W18/><G65/><T107/><D107/><U46/><E130/><V21/><F128/><W80/><G35/><T133/><D133/><U92/><E134/><V12/><F119/><W10/><G132/><T58/><D58/><U26/><E91/><V13/><F59/><W8/><G56/><T105/><D105/><U42/><E89/><V37/><F90/><W70/><G70/><T57/><D57/><U30/><E94/><V41/><F98/><W68/><G96/><T122/><D122/><U52/><E92/><V4/><F4/><W11/><G68/><T93/><D93/><U28/><E52/><V54/><F54/><W121/><G121/><T62/><D62/><U83/><E95/><V23/><F81/><W97/><G80/><T55/><D55/><U131/><E83/><V69/><N who="2" m="5632" /><DORA hai="2" /><V64/><F69/><W129/><G97/><T31/><D31/><RYUUKYOKU ba="0,0" sc="273,30,212,-10,304,-10,211,-10" hai0="48,50,78,82" /><INIT seed="4,1,0,1,2,103" ten="303,202,294,201" oya="0" hai0="81,27,131,126,72,30,29,53,124,84,86,25,122" hai1="106,70,68,120,44,16,74,43,128,102,35,116,93" hai2="50,58,59,79,48,47,87,15,61,6,26,88,12" hai3="57,54,10,62,125,95,119,94,24,66,13,67,133"/><T97/><D122/><U32/><E120/><V23/><F79/><W92/><G125/><N who="0" m="48235" /><D131/><U130/><E93/><N who="2" m="54431" /><F6/><W36/><G36/><T112/><D112/><U39/><E116/><V63/><F58/><W46/><G119/><T45/><D72/><U85/><E85/><N who="0" m="32873" /><D81/><U4/><E74/><V82/><F82/><W118/><G133/><T101/><D53/><U21/><E4/><V109/><F109/><W127/><G127/><T96/><D45/><U99/><E68/><V56/><F56/><W107/><G118/><T89/><D89/><U121/><E70/><V18/><F61/><W134/><G134/><T98/><D101/><U60/><E60/><V42/><F50/><W132/><G132/><T135/><D135/><U83/><E83/><V11/><F11/><W113/><G113/><T69/><D69/><U114/><E121/><V17/><F17/><W100/><G46/><T14/><D14/><N who="1" m="9367" /><E114/><V129/><F129/><AGARI ba="1,0" hai="32,35,39,43,44,99,102,106,128,129,130" m="9367" machi="129" ten="30,3900,0" yaku="19,1,52,1,54,1" doraHai="103" who="1" fromWho="2" sc="303,0,202,42,294,-42,201,0" /><INIT seed="5,0,0,4,0,61" ten="303,244,252,201" oya="1" hai0="1,67,52,126,27,37,90,71,82,65,83,19,31" hai1="133,22,119,11,21,30,68,101,44,92,39,127,124" hai2="29,25,132,87,114,48,33,50,91,57,35,49,34" hai3="40,105,63,53,17,5,120,73,96,36,80,109,84"/><U121/><E119/><V26/><F132/><W103/><G109/><T20/><D71/><U106/><E106/><V104/><F104/><W69/><G120/><T23/><D37/><U130/><E121/><V128/><F128/><W51/><G73/><T6/><D126/><N who="1" m="48171" /><E11/><V46/><F114/><W24/><G5/><T4/><D52/><U64/><E130/><V112/><F112/><W85/><G36/><T129/><D129/><U38/><E44/><V28/><F57/><W100/><G40/><T62/><D62/><N who="1" m="39959" /><E133/><V41/><REACH who="2" step="1"/><F35/><REACH who="2" ten="303,244,242,201" step="2"/><W13/><G105/><T54/><D4/><U43/><E39/><V88/><F88/><W14/><G69/><T115/><D90/><U110/><E38/><V10/><F10/><W117/><G117/><T72/><D6/><U32/><E32/><V134/><F134/><W113/><G113/><T9/><D9/><U81/><E110/><V3/><F3/><W97/><G100/><T2/><D1/><U86/><E101/><V89/><F89/><W123/><G103/><T74/><D2/><U0/><E0/><V66/><F66/><W111/><G111/><T98/><D67/><U118/><E118/><V107/><F107/><W99/><G123/><T55/><D65/><U79/><E22/><V58/><F58/><N who="3" m="35279" /><G51/><T8/><D115/><U108/><E108/><V102/><F102/><W135/><G135/><T76/><D8/><U7/><E7/><V122/><F122/><W47/><G47/><T116/><D116/><U77/><E21/><V75/><F75/><W125/><G125/><T78/><D23/><U15/><E79/><RYUUKYOKU ba="0,1" sc="303,-10,244,-10,242,30,201,-10" hai2="25,26,28,29,33,34,41,46,48,49,50,87,91" /><INIT seed="6,1,1,0,1,89" ten="293,234,272,191" oya="2" hai0="101,76,54,0,109,68,122,80,79,127,126,31,16" hai1="17,10,19,25,108,37,72,119,120,106,81,49,39" hai2="99,107,94,24,90,60,133,21,52,3,63,11,36" hai3="7,70,67,83,51,98,42,38,27,29,84,103,30"/><V32/><F32/><W135/><G38/><T125/><D109/><U59/><E108/><V93/><F107/><W1/><G135/><T115/><D115/><U77/><E119/><V97/><F36/><W102/><G1/><T35/><D122/><U26/><E106/><V8/><F133/><W117/><G117/><T124/><D0/><U50/><E120/><V100/><F3/><W129/><G129/><T41/><D41/><U66/><E66/><V14/><F52/><W2/><G2/><T132/><D132/><U6/><E59/><V48/><F48/><W134/><G134/><T45/><D68/><U61/><E61/><N who="2" m="23627" /><F14/><W87/><G70/><T130/><D130/><U88/><E39/><V75/><F75/><W65/><G7/><T5/><D5/><U43/><E43/><V34/><F34/><W91/><G27/><N who="0" m="18943" /><D54/><U74/><E72/><V104/><F104/><W53/><G42/><T113/><D127/><U92/><E37/><V28/><AGARI ba="1,1" hai="8,11,21,24,28,90,93,94,97,99,100" m="23627" machi="28" ten="30,6000,0" yaku="8,1,52,2" doraHai="89" who="2" fromWho="2" sc="293,-21,234,-21,272,73,191,-21" /><INIT seed="6,2,0,2,4,53" ten="272,213,345,170" oya="2" hai0="49,93,62,84,100,116,40,120,7,105,121,79,19" hai1="27,47,111,3,32,24,68,36,57,6,8,89,46" hai2="76,83,113,99,131,26,30,124,86,117,45,115,33" hai3="35,91,69,90,17,95,37,77,23,104,132,96,87"/><V51/><F117/><W107/><G35/><T72/><D116/><U44/><E68/><V129/><F99/><W67/><G37/><T12/><D7/><U61/><E111/><V41/><REACH who="2" step="1"/><F124/><REACH who="2" ten="272,213,335,170" step="2"/><W109/><G96/><T28/><D121/><U125/><E125/><V133/><F133/><W13/><G132/><T130/><D120/><U106/><E36/><V18/><F18/><W126/><G17/><T127/><D19/><U58/><E106/><V0/><F0/><W102/><G126/><T25/><D105/><U22/><E3/><V112/><AGARI ba="2,1" hai="26,30,33,41,45,51,76,83,86,112,113,115,129,131" machi="112" ten="40,12000,1" yaku="1,1,0,1,15,1,53,1" doraHai="53" doraHaiUra="39" who="2" fromWho="2" sc="272,-42,213,-42,335,136,170,-42" /><INIT seed="6,3,0,2,4,13" ten="230,171,471,128" oya="2" hai0="77,3,36,72,56,115,67,22,27,94,100,49,4" hai1="43,15,0,62,55,64,84,66,41,12,130,97,47" hai2="111,59,40,91,28,46,124,14,82,8,122,113,38" hai3="101,92,98,93,65,106,69,108,119,24,63,80,76"/><V30/><F111/><W103/><G119/><T23/><D36/><U102/><E0/><V74/><F124/><W17/><G108/><T81/><D115/><U7/><E130/><V125/><F125/><W105/><G101/><T107/><D107/><U134/><E134/><V83/><F113/><W132/><G132/><T37/><D37/><U25/><E25/><V39/><F39/><W89/><G93/><T20/><D4/><U129/><E129/><V75/><F122/><W6/><G6/><T51/><D3/><U116/><E116/><V114/><F114/><W88/><G89/><T58/><D67/><U45/><E84/><V61/><F91/><W52/><G103/><T110/><D110/><U33/><E33/><V34/><F82/><W35/><G35/><T42/><D42/><U31/><E43/><V16/><F34/><W5/><G5/><T70/><D70/><U1/><E7/><V123/><F123/><W10/><G52/><T9/><D27/><U85/><E55/><V44/><F44/><W118/><G118/><T32/><D32/><U96/><E47/><V109/><F109/><W53/><G53/><T112/><D112/><U11/><E45/><V2/><F2/><W121/><G121/><T79/><D79/><U60/><E41/><V95/><F95/><W26/><G26/><T87/><D94/><U86/><E1/><V120/><F120/><W48/><G48/><T54/><D54/><U126/><E126/><V127/><F127/><W78/><G78/><T50/><D77/><U90/><E90/><V133/><F40/><W68/><G88/><RYUUKYOKU ba="3,0" sc="230,0,171,0,471,0,128,0" /><INIT seed="7,4,0,0,5,105" ten="230,171,471,128" oya="3" hai0="3,106,55,118,86,30,36,101,102,10,92,77,32" hai1="39,78,120,130,124,16,35,22,71,47,94,111,7" hai2="83,84,65,33,57,74,9,2,131,21,20,97,113" hai3="75,26,50,80,58,18,73,69,24,5,100,25,90"/><W72/><G69/><T115/><D106/><U85/><E35/><V15/><F74/><W96/><G5/><T89/><D118/><U19/><E111/><V119/><F33/><W98/><G18/><T126/><D36/><U17/><E120/><V79/><F2/><W123/><G123/><T134/><D77/><U46/><E71/><V44/><F113/><W51/><G58/><T109/><D109/><U23/><E7/><V42/><F131/><W49/><G100/><T61/><D10/><U132/><E130/><V99/><F119/><W27/><N who="3" m="6144" /><DORA hai="121" /><W43/><G43/><T62/><D30/><U87/><E124/><V48/><F57/><W34/><G34/><T129/><D3/><U14/><E132/><V38/><F65/><W54/><G54/><T66/><D134/><U127/><E127/><V59/><F59/><W95/><G80/><T45/><D126/><U28/><E28/><V4/><F38/><W53/><G53/><T128/><D115/><U107/><E107/><V40/><F40/><W13/><G13/><T63/><D66/><U11/><E39/><V70/><F70/><W133/><G133/><T52/><D55/><U117/><E117/><V91/><F91/><W114/><G114/><T31/><D31/><U108/><E108/><V93/><F93/><W60/><G60/><T88/><D89/><N who="1" m="53551" /><E47/><V6/><F6/><W112/><G112/><T116/><D116/><U64/><E46/><V81/><F81/><W110/><G110/><T56/><D32/><U135/><E135/><V68/><F68/><W8/><G96/><AGARI ba="4,0" hai="4,9,15,20,21,42,44,48,79,83,84,96,97,99" machi="96" ten="40,5200,0" yaku="25,2,8,1" doraHai="105,121" who="2" fromWho="3" sc="230,0,171,0,471,64,128,-64" owari="230,3.0,171,-23.0,535,64.0,64,-44.0" /></mjloggm>