<mjloggm ver="2.3"><GO type="225" lobby="0"/><UN n0="%E5%90%91%E4%BA%95%E7%90%86" n1="%E5%B0%B1%E6%B4%BB%E7%94%9F%40%E5%B7%9D%E6%9D%91%E8%BB%8D%E5%9B%A3" n2="%E3%81%82%E3%82%8A%E3%81%8B%E3%81%9F%E3%82%93" n3="%E3%83%88%E3%82%B7%E3%83%95%E3%83%BC%E3%83%8B" dan="17,17,16,16" rate="2217.37,2218.50,2093.64,2129.40" sx="M,M,M,M"/><TAIKYOKU oya="0"/><INIT seed="0,0,0,1,2,40" ten="250,250,250,250" oya="0" hai0="73,44,89,124,60,5,129,134,117,62,105,57,54" hai1="27,99,70,58,4,121,120,111,82,31,49,66,71" hai2="41,52,85,14,93,55,84,16,21,112,20,6,122" hai3="87,2,67,68,0,11,83,50,110,133,115,113,91"/><T114/><D114/><U15/><E111/><V32/><F32/><W69/><G110/><T64/><D117/><U81/><E71/><V51/><F122/><W17/><G133/><T42/><D105/><U43/><E70/><V72/><F72/><W135/><G135/><T48/><D73/><U103/><E66/><V56/><F112/><W26/><G68/><T107/><D107/><U104/><E81/><V95/><F41/><W9/><G67/><T109/><D134/><U36/><E36/><V10/><F55/><W12/><G69/><T24/><D109/><U28/><E82/><V45/><F56/><W77/><G26/><T126/><D5/><U118/><E118/><V97/><F93/><W106/><G106/><T86/><D24/><U92/><E104/><V102/><F20/><W130/><G130/><T59/><REACH who="0" step="1"/><D129/><REACH who="0" ten="240,250,250,250" step="2"/><U127/><E27/><AGARI ba="0,1" hai="6,10,14,16,21,27,45,51,52,84,85,95,97,102" machi="27" ten="30,8000,1" yaku="7,1,8,1,52,1,54,2" doraHai="40" who="2" fromWho="1" sc="240,0,250,-80,250,90,250,0" /><INIT seed="1,0,0,3,1,5" ten="240,170,340,250" oya="1" hai0="123,94,95,22,114,64,82,112,81,101,24,16,105" hai1="6,113,50,127,109,14,129,2,52,59,35,13,66" hai2="102,100,90,11,62,71,118,84,51,4,80,70,46" hai3="23,135,88,125,103,25,89,19,42,111,76,17,107"/><U126/><E113/><V120/><F118/><W91/><G111/><T92/><D123/><U53/><E35/><V15/><F120/><W86/><G135/><T36/><D36/><U106/><E106/><V12/><F71/><W18/><G125/><N who="1" m="47626" /><E129/><V56/><F70/><W8/><G42/><T73/><D64/><U104/><E104/><V32/><F12/><N who="1" m="4713" /><E109/><V39/><F39/><W31/><G103/><T69/><D69/><U72/><E72/><V68/><F68/><W41/><G41/><T28/><D73/><U44/><E66/><N who="2" m="39239" /><F32/><W99/><G107/><T124/><D124/><U85/><E85/><V128/><F128/><W21/><G99/><T98/><D112/><U134/><E134/><V33/><F33/><W108/><G108/><T45/><D114/><U1/><E6/><V61/><F61/><AGARI ba="0,0" hai="1,2,44,50,52,53,59,61" m="4713,47626" machi="61" ten="30,2900,0" yaku="18,1,54,1" doraHai="5" who="1" fromWho="2" sc="240,0,170,29,340,-29,250,0" /><INIT seed="1,1,0,1,5,105" ten="240,199,311,250" oya="1" hai0="59,34,134,65,12,13,113,102,85,98,76,69,56" hai1="20,77,112,25,2,18,119,54,106,24,66,78,48" hai2="46,73,53,3,110,89,21,0,35,96,132,41,52" hai3="6,28,26,1,47,129,126,7,97,93,64,72,80"/><U15/><E119/><V124/><F35/><W117/><G117/><T63/><D34/><U57/><E112/><V135/><F110/><W130/><G126/><T42/><D113/><U40/><E106/><V84/><F124/><W23/><G64/><T125/><D134/><N who="2" m="51242" /><F21/><W108/><G108/><T122/><D42/><U68/><E2/><N who="2" m="555" /><F96/><W58/><G58/><T91/><D76/><U10/><E40/><V32/><F32/><W37/><G47/><T5/><D59/><U99/><E25/><V62/><F62/><W74/><G80/><T114/><D56/><U79/><E99/><V60/><F73/><N who="3" m="28267" /><G37/><T101/><D65/><U19/><REACH who="1" step="1"/><E66/><REACH who="1" ten="240,189,311,250" step="2"/><V36/><F60/><W55/><G1/><T82/><D63/><U70/><AGARI ba="1,1" hai="10,15,18,19,20,24,48,54,57,68,70,77,78,79" machi="70" ten="30,11700,0" yaku="1,1,2,1,0,1,53,1" doraHai="105" doraHaiUra="45" who="1" fromWho="1" sc="240,-40,189,130,311,-40,250,-40" /><INIT seed="1,2,0,5,3,89" ten="200,319,271,210" oya="1" hai0="40,35,124,103,125,6,129,132,87,98,108,96,95" hai1="16,82,122,58,4,100,72,117,84,57,134,17,111" hai2="0,81,130,102,14,60,41,91,105,18,11,56,65" hai3="13,36,62,64,23,93,20,127,77,37,1,47,33"/><U21/><E117/><V121/><F121/><W133/><G33/><T22/><D35/><U54/><E122/><V25/><F41/><W90/><G1/><T106/><D108/><U119/><E119/><V15/><F0/><W10/><G127/><N who="0" m="48715" /><D40/><U30/><E72/><V26/><F105/><W114/><G77/><T68/><D68/><U115/><E115/><V59/><F102/><W110/><G114/><T80/><D6/><U43/><E43/><V42/><F42/><W74/><G74/><T104/><D22/><U63/><E134/><V2/><F2/><W50/><G133/><T123/><D132/><U52/><E4/><V118/><F130/><W86/><G110/><T73/><D73/><U75/><E75/><V32/><F32/><W45/><G37/><T97/><D129/><U29/><E100/><V19/><F59/><N who="3" m="36959" /><G36/><T5/><D5/><U79/><E111/><V31/><F31/><N who="1" m="11785" /><E21/><N who="3" m="8266" /><G50/><AGARI ba="2,0" hai="16,17,50,52,54,57,58,63,79,82,84" m="11785" machi="50" ten="30,5800,0" yaku="8,1,54,2" doraHai="89" who="1" fromWho="3" sc="200,0,319,64,271,0,210,-64" /><INIT seed="1,3,0,2,0,64" ten="200,383,271,146" oya="1" hai0="103,94,15,9,76,61,1,86,90,88,56,39,82" hai1="38,108,66,29,126,110,33,122,134,114,84,109,98" hai2="4,12,24,70,36,46,57,53,43,35,104,120,129" hai3="133,87,83,79,101,50,3,41,105,95,128,113,30"/><U131/><E114/><V119/><F120/><W92/><G3/><T0/><D39/><U60/><E122/><V115/><F119/><W5/><G113/><T34/><D34/><U118/><E118/><V10/><F115/><W65/><G133/><T121/><D121/><U69/><E38/><V59/><F104/><W78/><G128/><T11/><D11/><U77/><E134/><V111/><F129/><W75/><G5/><N who="0" m="3503" /><D0/><U28/><E126/><V112/><F112/><W99/><G30/><T68/><D68/><U27/><E131/><V32/><F111/><W52/><G41/><T71/><D71/><U6/><E6/><V116/><F116/><W8/><G8/><T21/><D21/><U72/><E29/><V132/><F132/><W125/><G65/><N who="0" m="39079" /><D1/><U135/><E135/><V107/><F107/><W51/><G51/><T67/><D67/><U123/><E123/><V16/><F70/><W127/><G78/><T102/><D76/><U96/><E72/><V62/><REACH who="2" step="1"/><F59/><REACH who="2" ten="200,383,261,146" step="2"/><W89/><G95/><T13/><D13/><U37/><E37/><V58/><F58/><AGARI ba="3,1" hai="50,52,58,75,79,83,87,89,92,99,101,105,125,127" machi="58" ten="40,5200,0" yaku="24,2,54,1" doraHai="64" who="3" fromWho="2" sc="200,0,383,0,261,-61,146,71" /><INIT seed="2,0,0,0,3,70" ten="200,383,200,217" oya="2" hai0="53,111,107,21,96,14,17,56,39,100,95,76,10" hai1="36,128,42,108,115,46,24,87,105,11,43,89,99" hai2="72,1,59,22,98,51,77,50,82,110,12,13,38" hai3="44,123,133,15,106,7,122,0,57,8,93,94,54"/><V25/><F1/><W118/><G118/><T4/><D111/><U29/><E115/><V83/><F110/><W18/><G106/><T74/><D39/><U135/><E128/><V73/><F38/><W40/><G133/><T69/><D69/><U102/><E135/><V68/><F68/><W113/><G113/><T6/><D107/><U79/><E108/><V64/><F98/><W124/><G124/><T28/><D74/><U60/><E60/><V90/><F51/><W31/><G31/><T20/><D28/><U112/><E112/><V41/><F64/><W88/><G93/><T127/><D76/><U45/><E11/><V119/><F119/><W101/><G101/><T32/><D32/><U84/><E79/><V71/><F71/><W55/><G55/><T114/><D127/><U80/><E87/><N who="2" m="50559" /><F73/><W81/><G81/><T97/><D97/><U103/><E103/><V33/><F33/><W85/><G44/><T23/><REACH who="0" step="1"/><D114/><REACH who="0" ten="190,383,200,217" step="2"/><U49/><E29/><N who="2" m="17591" /><F72/><W62/><REACH who="3" step="1"/><G40/><REACH who="3" ten="190,383,200,207" step="2"/><T132/><D132/><U34/><E34/><V120/><F41/><W27/><G27/><T131/><D131/><U134/><E24/><V30/><F30/><W9/><AGARI ba="0,2" hai="0,7,8,9,15,18,54,57,62,85,88,94,122,123" machi="9" ten="20,5200,0" yaku="1,1,0,1,7,1,54,1,53,0" doraHai="70" doraHaiUra="78" who="3" fromWho="3" sc="190,-13,383,-13,200,-26,207,72" /><INIT seed="3,0,0,3,0,7" ten="177,370,174,279" oya="3" hai0="8,34,84,116,53,15,54,5,128,45,130,76,94" hai1="102,112,4,73,46,41,11,104,99,118,105,42,56" hai2="77,87,28,60,120,31,33,78,108,96,109,71,75" hai3="114,103,66,98,55,70,13,18,22,117,1,113,52"/><W14/><G1/><T82/><D116/><U80/><E112/><V100/><F120/><W17/><G117/><T35/><D94/><U2/><E118/><V86/><F71/><W67/><G114/><T62/><D62/><U68/><E42/><V48/><F60/><W110/><G110/><N who="2" m="42601" /><F48/><W134/><G134/><T129/><D45/><U93/><E56/><V79/><F75/><W26/><G113/><T21/><D21/><U3/><E3/><V57/><F57/><W9/><G26/><T115/><D115/><U111/><E68/><V72/><F72/><W6/><G6/><T121/><D121/><U106/><E111/><V25/><F31/><W24/><G24/><T40/><D40/><U51/><E73/><V58/><F58/><W64/><REACH who="3" step="1"/><G70/><REACH who="3" ten="177,370,174,269" step="2"/><T65/><D65/><U119/><E119/><V83/><F83/><W20/><G20/><T39/><D39/><U10/><E10/><V63/><F63/><W101/><G101/><T90/><D35/><U89/><REACH who="1" step="1"/><E80/><REACH who="1" ten="177,360,174,269" step="2"/><V49/><F49/><W12/><G12/><T74/><D34/><U23/><E23/><V97/><F100/><AGARI ba="0,2" hai="2,4,11,41,46,51,89,93,99,100,102,104,105,106" machi="100" ten="40,2600,0" yaku="1,1,52,1,53,0" doraHai="7" doraHaiUra="132" who="1" fromWho="2" sc="177,0,360,46,174,-26,269,0" owari="177,-22.0,406,50.0,148,-35.0,269,7.0" /></mjloggm>