<mjloggm ver="2.3"><GO type="169" lobby="0"/><UN n0="%E3%83%A9%E3%83%A0%E3%83%80%E3%81%95%E3%82%93" n1="%E3%82%A6%E3%83%AB%E3%83%88%E3%83%A9%E7%AB%8B%E7%9B%B4" n2="%E3%81%97%E3%82%85%E3%81%B0%E3%82%8B%E3%81%A4" n3="%E5%B0%8F%E9%98%AA%E3%81%A1%E3%81%B2%E3%82%8D" dan="17,18,16,17" rate="2195.06,2183.64,2122.55,2188.28" sx="M,M,M,F"/><TAIKYOKU oya="0"/><INIT seed="0,0,0,5,4,42" ten="250,250,250,250" oya="0" hai0="135,43,57,94,30,10,83,99,26,68,70,111,12" hai1="6,74,72,95,65,134,66,69,14,5,86,35,107" hai2="82,128,47,125,84,85,31,40,9,58,27,29,3" hai3="11,44,17,55,4,62,39,92,46,120,123,79,76"/><T41/><D135/><U108/><E86/><V23/><F128/><W101/><G39/><T87/><D111/><U21/><E95/><V96/><F125/><W32/><G32/><T75/><D75/><U78/><E14/><V60/><F96/><N who="3" m="59527" /><G17/><T49/><D70/><U133/><E21/><V104/><F104/><W13/><G120/><T89/><D68/><U2/><E69/><V50/><F31/><W8/><G8/><T114/><D114/><U110/><E78/><N who="3" m="29738" /><G123/><T64/><D26/><U106/><REACH who="1" step="1"/><E35/><REACH who="1" ten="250,240,250,250" step="2"/><V132/><F85/><W59/><AGARI ba="0,1" hai="4,11,13,44,46,55,59,62" m="29738,59527" machi="59" ten="30,4000,0" yaku="8,1,52,2" doraHai="42" who="3" fromWho="3" sc="250,-20,240,-10,250,-10,250,50" /><INIT seed="1,0,0,2,1,45" ten="230,230,240,300" oya="1" hai0="127,18,76,6,72,46,14,122,39,123,4,59,116" hai1="95,83,36,78,2,79,30,61,110,49,50,103,63" hai2="121,48,65,12,104,51,34,100,80,52,66,9,47" hai3="62,13,67,68,74,70,73,124,112,92,85,88,96"/><U54/><E36/><V15/><F34/><W20/><G112/><T40/><D116/><U111/><E2/><V117/><F121/><N who="0" m="46090" /><D127/><U131/><E30/><V71/><F117/><W10/><G124/><T0/><D0/><U35/><E35/><V55/><F71/><W77/><G70/><T41/><D41/><U7/><E7/><N who="2" m="3135" /><F104/><W42/><G20/><N who="0" m="11351" /><D59/><N who="1" m="35063" /><E63/><V60/><F60/><W114/><G114/><T126/><D126/><U32/><E32/><V31/><F31/><W24/><G24/><T25/><D25/><U119/><E119/><V133/><F133/><W134/><G42/><T5/><D76/><N who="1" m="29227" /><E83/><V16/><F80/><W99/><G134/><T132/><D132/><U98/><E131/><V128/><F100/><W21/><G73/><AGARI ba="0,0" hai="4,5,6,39,40,46,72,73" m="11351,46090" machi="73" ten="30,1000,0" yaku="13,1" doraHai="45" who="0" fromWho="3" sc="230,10,230,0,240,0,300,-10" /><INIT seed="2,0,0,0,4,12" ten="240,230,240,290" oya="2" hai0="53,3,46,40,21,29,92,4,131,39,114,35,78" hai1="74,18,118,81,41,76,5,93,68,47,87,15,64" hai2="90,27,96,107,10,34,26,62,104,32,13,113,54" hai3="70,50,77,135,49,132,106,83,33,7,25,65,30"/><V89/><F113/><W17/><G106/><T20/><D114/><U111/><E118/><V59/><F104/><W121/><G121/><T105/><D105/><U24/><E111/><V109/><F109/><W133/><G7/><T127/><D131/><U56/><E68/><V43/><F43/><W58/><G70/><T28/><D127/><U16/><E24/><V130/><F130/><W71/><G71/><T108/><D108/><U129/><E129/><V80/><F34/><W75/><G17/><T6/><D35/><U95/><E74/><V72/><F72/><W116/><G116/><T110/><D110/><U0/><E0/><V14/><F14/><W48/><REACH who="3" step="1"/><G65/><REACH who="3" ten="240,230,240,280" step="2"/><T117/><D117/><U86/><E5/><N who="2" m="3279" /><F107/><W103/><G103/><T22/><D6/><U66/><E66/><V11/><F11/><W79/><G79/><T73/><D78/><U101/><E101/><V126/><F126/><W23/><G23/><T112/><D112/><U102/><E102/><V84/><F32/><W94/><G94/><AGARI ba="0,1" hai="26,27,54,59,62,80,84,89,90,94,96" m="3279" machi="94" ten="30,1500,0" yaku="8,1" doraHai="12" who="2" fromWho="3" sc="240,0,230,0,240,25,280,-15" /><INIT seed="2,1,0,4,4,4" ten="240,230,265,265" oya="2" hai0="129,82,111,12,79,20,121,63,105,15,59,32,43" hai1="127,72,90,124,2,26,25,17,88,24,96,74,19" hai2="61,125,94,51,84,117,75,99,47,122,23,91,41" hai3="27,87,38,83,31,128,85,69,40,22,114,52,107"/><V36/><F122/><W16/><G107/><T80/><D121/><U66/><E66/><V131/><F117/><W1/><G1/><T112/><D112/><U58/><E58/><V93/><F75/><N who="1" m="28713" /><E96/><V71/><F131/><W73/><G69/><T44/><D32/><U60/><E60/><V39/><F23/><W133/><G133/><T42/><D105/><U57/><E57/><V95/><F125/><N who="1" m="48201" /><E2/><V104/><F104/><W37/><G128/><T48/><D129/><U106/><E106/><V115/><F115/><W64/><G73/><T130/><D130/><U70/><E70/><V28/><F28/><W97/><G64/><T126/><D126/><U77/><E77/><V81/><REACH who="2" step="1"/><F99/><REACH who="2" ten="240,230,255,265" step="2"/><W55/><G31/><T35/><D20/><U0/><E0/><V108/><F108/><W92/><G22/><T34/><D111/><U101/><E101/><V110/><F110/><W18/><G97/><T98/><D98/><U62/><E62/><V102/><F102/><W118/><G118/><T9/><D34/><U89/><AGARI ba="1,1" hai="17,19,24,25,26,88,89,90" m="48201,28713" machi="89" ten="40,8000,1" yaku="28,2,18,1,54,1" doraHai="4" who="1" fromWho="1" sc="240,-21,230,93,255,-41,265,-21" /><INIT seed="3,0,0,4,1,102" ten="219,323,214,244" oya="3" hai0="113,103,47,4,41,133,26,78,13,104,67,107,18" hai1="117,125,42,101,57,6,49,20,55,5,11,118,83" hai2="82,34,3,122,0,89,2,124,127,61,44,110,115" hai3="23,99,74,53,112,64,94,105,25,15,43,10,58"/><W51/><G74/><T134/><D4/><U123/><E123/><V85/><F115/><W12/><G112/><T95/><D113/><U46/><E125/><N who="2" m="48203" /><F122/><W8/><G64/><T116/><D116/><U90/><E101/><V130/><F110/><W59/><G43/><T33/><D78/><U108/><E20/><V86/><F130/><W80/><G80/><T75/><D75/><U62/><E108/><V132/><F132/><N who="0" m="50794" /><D67/><U32/><E32/><V91/><F34/><W24/><G58/><T31/><D95/><U97/><E6/><V129/><F129/><W70/><G70/><T35/><D103/><U77/><E90/><V88/><F61/><W135/><G135/><T126/><D35/><U79/><E97/><V27/><F27/><N who="3" m="10315" /><G105/><N who="0" m="40523" /><D126/><U7/><E79/><N who="2" m="46303" /><F44/><W38/><G38/><N who="0" m="21943" /><D13/><N who="3" m="5193" /><G23/><T121/><D121/><U50/><E77/><V76/><F76/><W21/><G21/><T29/><D29/><U81/><E118/><V16/><F16/><AGARI ba="0,0" hai="16,18,26,31,33" m="21943,40523,50794" machi="16" ten="30,8000,1" yaku="20,1,52,3,54,1" doraHai="102" who="0" fromWho="2" sc="219,80,323,0,214,-80,244,0" /><INIT seed="4,0,0,0,0,29" ten="299,323,134,244" oya="0" hai0="51,13,87,74,119,107,59,93,95,14,133,34,53" hai1="7,82,19,12,18,37,23,90,33,130,104,135,105" hai2="78,46,65,110,48,98,36,80,97,125,24,69,61" hai3="96,6,5,109,8,35,122,85,115,128,129,67,3"/><T31/><D119/><U64/><E37/><V44/><F110/><W106/><G67/><T15/><D74/><U32/><E64/><V27/><F125/><W22/><G109/><T66/><D107/><U121/><E104/><V101/><F36/><W54/><G115/><T114/><D114/><U47/><E105/><V134/><F134/><W63/><G122/><T10/><D133/><U30/><E47/><V45/><F48/><W56/><G85/><T100/><D34/><N who="1" m="13419" /><E90/><V92/><REACH who="2" step="1"/><F98/><REACH who="2" ten="299,323,124,244" step="2"/><W117/><G96/><T4/><D51/><U102/><E135/><V111/><F111/><W126/><G126/><T2/><D4/><U131/><E121/><V16/><F16/><N who="1" m="6185" /><E102/><V75/><AGARI ba="0,1" hai="24,27,44,45,46,61,65,69,75,78,80,92,97,101" machi="75" ten="30,2000,0" yaku="1,1,0,1,53,0" doraHai="29" doraHaiUra="0" who="2" fromWho="2" sc="299,-10,323,-5,124,30,244,-5" /><INIT seed="5,0,0,3,4,82" ten="289,318,154,239" oya="1" hai0="35,20,113,127,88,64,103,55,108,95,109,54,37" hai1="123,85,128,83,87,2,25,78,132,115,79,105,106" hai2="68,93,84,45,21,56,48,33,66,86,32,47,92" hai3="63,116,76,91,134,80,22,96,102,90,3,24,9"/><U118/><E2/><V133/><F68/><W19/><G134/><T28/><D35/><U120/><E25/><V30/><F133/><W62/><G116/><T34/><D34/><U31/><E31/><V26/><F33/><W72/><G90/><T99/><D37/><U57/><E57/><V16/><F47/><W41/><G41/><T114/><D127/><U89/><E132/><V60/><F92/><W121/><G121/><N who="1" m="46666" /><E118/><V100/><F93/><W75/><G75/><T112/><D64/><U77/><E115/><V5/><F5/><W130/><G130/><T104/><D28/><U40/><E40/><V107/><F107/><N who="1" m="40969" /><E128/><V126/><F100/><W36/><G36/><T58/><D20/><U15/><E15/><V11/><F126/><W38/><G38/><T65/><D65/><U23/><E23/><V12/><F32/><W111/><G62/><N who="0" m="36183" /><D55/><AGARI ba="0,0" hai="11,12,16,21,26,30,45,48,55,56,60,66,84,86" machi="55" ten="30,8000,1" yaku="7,1,8,1,52,2,54,1" doraHai="82" who="2" fromWho="0" sc="289,-80,318,0,154,80,239,0" /><INIT seed="6,0,0,1,2,106" ten="209,318,234,239" oya="2" hai0="101,30,113,70,105,117,39,111,26,46,86,83,119" hai1="22,57,14,35,133,24,132,49,44,76,9,99,129" hai2="11,12,134,58,51,54,78,19,36,107,80,122,88" hai3="112,92,25,40,8,123,104,74,127,31,6,73,72"/><V18/><F122/><W108/><G123/><T61/><D111/><U64/><E35/><V20/><F134/><W17/><G104/><T96/><D113/><U94/><E76/><V100/><F36/><W98/><G108/><T84/><D39/><U52/><E129/><V33/><F33/><W32/><G127/><T79/><D46/><U110/><E110/><V85/><F107/><W93/><G112/><T114/><D114/><U1/><E1/><V67/><F100/><W116/><G116/><T131/><D131/><U45/><E132/><V0/><F67/><W75/><G40/><T81/><D70/><U5/><E64/><V7/><REACH who="2" step="1"/><F19/><REACH who="2" ten="209,318,224,239" step="2"/><W135/><G135/><T2/><D119/><U34/><E34/><V59/><F59/><W109/><G109/><T68/><D117/><U95/><E133/><V50/><F50/><W124/><G124/><T121/><D121/><U115/><E115/><V28/><F28/><W16/><N who="3" m="18432" /><DORA hai="126" /><W53/><G53/><T56/><D56/><U128/><E128/><V27/><F27/><W21/><G32/><T65/><D26/><U42/><E57/><V23/><F23/><W103/><REACH who="3" step="1"/><G92/><REACH who="3" ten="209,318,224,229" step="2"/><T10/><D105/><U37/><E95/><V15/><F15/><AGARI ba="0,2" hai="6,8,15,16,17,21,25,31,93,98,103" m="18432" machi="15" ten="70,16000,3" yaku="1,1,2,1,52,4,54,1,53,2" doraHai="106,126" doraHaiUra="71,13" who="3" fromWho="2" sc="209,0,318,0,224,-160,229,180" /><INIT seed="7,0,0,3,2,1" ten="209,318,64,409" oya="3" hai0="122,54,103,91,49,58,115,27,128,0,123,5,11" hai1="2,64,15,120,30,61,109,65,101,36,56,83,7" hai2="41,118,98,23,45,46,52,9,3,125,71,92,78" hai3="81,17,10,126,20,133,70,93,107,32,121,73,80"/><W82/><G121/><T72/><D72/><U135/><E109/><V124/><F118/><W18/><G107/><T34/><D128/><U87/><E120/><V57/><F78/><W50/><G32/><T131/><D131/><U6/><E2/><V89/><F71/><W96/><G70/><T39/><D39/><U105/><E36/><V116/><F116/><W53/><G133/><T60/><D115/><U66/><E135/><V31/><F31/><W48/><G73/><T132/><D132/><U79/><E30/><V14/><F3/><W68/><G68/><T28/><D103/><U47/><E47/><V38/><F45/><W43/><G43/><T97/><D97/><U95/><E105/><V117/><F117/><W22/><G10/><T112/><D112/><U90/><E101/><V88/><F23/><N who="3" m="8747" /><G126/><T51/><D51/><N who="3" m="19497" /><G53/><T4/><D91/><AGARI ba="0,0" hai="17,18,80,81,82,91,93,96" m="19497,8747" machi="91" ten="30,1500,0" yaku="8,1" doraHai="1" who="3" fromWho="0" sc="209,-15,318,0,64,0,409,15" owari="194,-21.0,318,12.0,64,-44.0,424,53.0" /></mjloggm>