<mjloggm ver="2.3"><GO type="169" lobby="0"/><UN n0="%E5%BC%93%E9%9F%B3" n1="%4B%61%74" n2="%E3%82%A6%E3%83%AB%E3%83%88%E3%83%A9%E7%AB%8B%E7%9B%B4" n3="%E7%A5%9E%E6%A5%BD%E5%9D%82%E3%82%86%E3%81%8B" dan="16,16,16,16" rate="2103.92,2052.63,2102.93,2123.15" sx="F,M,M,M"/><TAIKYOKU oya="0"/><INIT seed="0,0,0,5,3,128" ten="250,250,250,250" oya="0" hai0="92,11,68,63,5,4,19,69,55,24,99,91,115" hai1="21,32,88,0,120,23,20,67,108,14,117,43,35" hai2="64,93,126,10,44,107,47,3,72,122,22,104,29" hai3="101,80,132,96,65,121,45,134,46,2,111,133,79"/><T42/><D115/><U110/><E43/><V83/><F122/><W118/><G111/><N who="1" m="42538" /><E67/><V124/><F64/><W60/><G118/><T131/><D131/><U37/><E37/><V75/><F93/><N who="3" m="58511" /><G2/><T127/><D127/><N who="2" m="48682" /><F22/><W76/><G121/><T17/><D42/><U6/><E120/><V33/><F29/><W39/><G39/><T102/><D4/><U25/><E88/><V54/><F33/><N who="1" m="12873" /><E117/><V59/><F10/><W40/><G40/><T130/><D130/><U7/><E0/><V113/><F3/><W73/><G79/><T119/><D119/><U8/><E6/><V135/><F113/><W114/><G114/><T97/><D68/><AGARI ba="0,0" hai="45,46,60,65,68,73,76,80,132,133,134" m="58511" machi="68" ten="30,7700,0" yaku="20,1,52,3" doraHai="128" who="3" fromWho="0" sc="250,-77,250,0,250,0,250,77" /><INIT seed="1,0,0,3,5,130" ten="173,250,250,327" oya="1" hai0="14,102,6,108,100,31,86,76,42,19,27,13,47" hai1="90,11,36,62,55,5,94,29,43,21,46,1,70" hai2="121,85,133,16,37,125,25,134,124,82,4,8,135" hai3="65,23,83,127,117,107,15,91,39,99,113,59,51"/><U116/><E116/><V98/><F37/><W122/><G122/><T49/><D108/><U115/><E115/><V126/><F98/><W96/><G117/><T28/><D28/><U103/><E103/><V38/><F38/><W128/><G113/><T34/><D6/><U58/><E29/><V69/><F69/><W89/><G39/><T95/><D13/><U106/><E106/><V48/><F48/><W44/><G127/><T119/><D119/><U74/><E74/><V71/><F71/><W104/><G107/><T112/><D112/><U109/><E109/><V92/><F92/><W79/><G104/><T53/><D42/><U52/><E21/><N who="2" m="13479" /><F121/><W64/><G79/><T67/><D67/><N who="3" m="25673" /><G59/><T84/><D76/><U3/><E70/><V9/><F4/><W18/><G128/><T105/><D105/><U97/><REACH who="1" step="1"/><E55/><REACH who="1" ten="173,240,250,327" step="2"/><V111/><F111/><W77/><G77/><AGARI ba="0,1" hai="8,9,77,82,85,124,125,126,133,134,135" m="13479" machi="77" ten="40,12000,2" yaku="18,1,20,1,52,3,54,1" doraHai="130" who="2" fromWho="3" sc="173,0,240,0,250,130,327,-120" /><INIT seed="2,0,0,0,5,99" ten="173,240,380,207" oya="2" hai0="107,27,33,54,42,97,74,47,79,46,84,133,131" hai1="92,96,50,58,21,20,68,24,52,87,17,86,26" hai2="98,23,49,1,53,12,114,64,36,61,43,14,28" hai3="120,37,110,51,29,85,82,67,103,72,116,35,4"/><V48/><F1/><W134/><G116/><T90/><D133/><U124/><E124/><V30/><F114/><W77/><G120/><T95/><D131/><U89/><REACH who="1" step="1"/><E68/><REACH who="1" ten="173,230,380,207" step="2"/><V108/><F108/><W8/><G134/><T112/><D112/><U62/><E62/><V111/><F111/><W100/><G110/><T13/><D54/><U6/><E6/><V121/><F53/><W135/><G135/><T39/><D47/><U38/><E38/><V3/><F61/><W102/><G37/><T115/><D115/><U2/><E2/><V0/><F36/><W76/><G67/><T15/><D46/><U126/><E126/><V109/><F64/><W118/><G118/><T127/><D39/><U18/><AGARI ba="0,1" hai="17,18,20,21,24,26,50,52,58,86,87,89,92,96" machi="18" ten="20,12000,2" yaku="1,1,0,1,7,1,9,1,8,1,54,1,53,0" doraHai="99" doraHaiUra="41" who="1" fromWho="1" sc="173,-30,230,130,380,-60,207,-30" /><INIT seed="3,0,0,0,3,50" ten="143,360,320,177" oya="3" hai0="124,117,38,7,94,4,134,106,56,22,75,0,71" hai1="8,125,111,68,1,105,87,30,3,28,9,99,92" hai2="115,24,127,74,10,112,102,49,31,126,21,79,77" hai3="104,121,61,120,58,60,116,101,33,119,13,96,89"/><W123/><G33/><T36/><D94/><U11/><E68/><V20/><F102/><W70/><G89/><T129/><D56/><U40/><E105/><V5/><F49/><W64/><REACH who="3" step="1"/><G13/><REACH who="3" ten="143,360,320,167" step="2"/><T34/><D22/><U133/><E133/><V6/><F21/><W109/><G109/><T2/><D7/><U63/><E111/><V90/><F90/><W26/><G26/><T72/><D4/><U53/><E125/><N who="2" m="47627" /><F6/><W98/><G98/><T107/><D0/><U85/><E99/><V59/><F79/><W73/><G73/><T83/><D72/><U23/><E23/><V57/><F77/><W88/><G88/><T93/><D75/><U47/><E3/><N who="2" m="319" /><F74/><W51/><G51/><T45/><D2/><U67/><E1/><V95/><F115/><W48/><G48/><T27/><D124/><U113/><E113/><V25/><F112/><W16/><G16/><T97/><D27/><U132/><E132/><V42/><F25/><W52/><AGARI ba="0,1" hai="52,58,60,61,64,70,96,101,104,116,119,120,121,123" machi="52" ten="30,11700,0" yaku="1,1,0,1,52,1,54,1,53,0" doraHai="50" doraHaiUra="46" who="3" fromWho="3" sc="143,-39,360,-39,320,-39,167,127" /><INIT seed="3,1,0,1,5,53" ten="104,321,281,294" oya="3" hai0="49,62,121,77,93,92,61,9,20,116,11,74,38" hai1="81,17,70,123,22,46,115,125,97,19,133,50,87" hai2="35,132,52,82,104,60,79,66,24,86,83,55,101" hai3="75,7,122,45,42,69,114,91,131,76,89,36,6"/><W31/><G122/><T71/><D38/><U2/><E115/><V105/><F132/><W117/><G117/><T25/><D116/><U29/><E70/><V128/><F128/><W126/><G131/><T56/><D121/><U33/><E123/><V106/><F101/><W48/><G114/><T78/><D71/><U65/><E2/><V127/><F127/><W124/><G69/><T26/><D49/><U32/><E133/><V118/><F118/><W27/><G36/><T111/><D74/><U119/><E65/><V37/><F37/><W84/><G76/><T13/><D13/><U16/><E125/><N who="3" m="48234" /><G75/><T57/><REACH who="0" step="1"/><D20/><REACH who="0" ten="94,321,281,294" step="2"/><U51/><E51/><V72/><F35/><N who="3" m="20991" /><G91/><T134/><D134/><U41/><E33/><V85/><F72/><W102/><G102/><T113/><D113/><U34/><E32/><V4/><F79/><W40/><G40/><T28/><D28/><U54/><E34/><V12/><F12/><W107/><G89/><T5/><D5/><U47/><E119/><V15/><F4/><W108/><G48/><T103/><D103/><U94/><E41/><V95/><F15/><W80/><G42/><T63/><D63/><U135/><E135/><V88/><F60/><W99/><G6/><T44/><D44/><N who="1" m="27975" /><E29/><V18/><F88/><N who="3" m="51207" /><G7/><T98/><D98/><U30/><E47/><V96/><F96/><W23/><G45/><T3/><D3/><U10/><E46/><V21/><F21/><W73/><G73/><T0/><D0/><U1/><E1/><V43/><F43/><W68/><G68/><T100/><D100/><U8/><E22/><RYUUKYOKU ba="1,1" sc="94,30,321,-10,281,-10,294,-10" hai0="9,11,25,26,56,57,61,62,77,78,92,93,111" /><INIT seed="4,2,1,0,0,87" ten="124,311,271,284" oya="0" hai0="46,111,57,20,59,127,43,104,42,28,37,110,53" hai1="108,115,10,130,64,106,125,22,18,39,75,0,94" hai2="119,128,100,78,2,109,15,98,81,48,131,93,45" hai3="62,95,86,14,126,90,70,121,124,114,17,31,12"/><T129/><D104/><U120/><RYUUKYOKU type="yao9" ba="2,1" sc="124,0,311,0,271,0,284,0" hai1="0,10,18,22,39,64,75,94,106,108,115,120,125,130" /><INIT seed="4,3,1,2,3,88" ten="124,311,271,284" oya="0" hai0="106,105,75,97,5,39,100,113,40,69,77,33,68" hai1="127,124,80,104,110,84,7,37,123,54,45,89,1" hai2="27,38,134,6,92,50,71,35,118,16,112,116,67" hai3="43,28,13,20,107,76,73,128,132,12,36,83,8"/><T114/><D5/><U29/><E110/><V48/><F38/><W111/><G111/><T0/><D0/><U90/><E123/><V53/><F112/><W56/><G128/><T62/><D33/><U3/><E104/><V61/><F6/><W103/><G132/><T129/><D129/><U81/><E29/><V98/><F134/><W119/><G119/><N who="2" m="45609" /><F53/><W60/><G103/><T87/><D87/><N who="1" m="50407" /><E7/><V79/><F79/><W95/><G107/><T72/><D105/><U49/><E37/><V17/><F35/><W78/><G78/><T41/><D41/><U122/><E122/><V85/><F85/><W42/><G42/><T82/><D72/><U46/><E45/><V51/><F27/><W93/><G43/><T120/><D120/><U125/><AGARI ba="3,1" hai="1,3,46,49,54,81,84,90,124,125,127" m="50407" machi="125" ten="30,1100,0" yaku="18,1" doraHai="88" who="1" fromWho="1" sc="124,-8,311,30,271,-6,284,-6" /><INIT seed="5,0,0,0,0,68" ten="116,341,265,278" oya="1" hai0="31,134,61,100,7,10,34,87,85,73,110,23,135" hai1="57,17,125,8,21,116,70,109,74,40,123,5,15" hai2="42,20,22,55,52,105,44,38,24,43,49,103,78" hai3="89,3,27,11,76,122,112,36,126,1,133,35,4"/><U118/><E123/><V75/><F75/><W26/><G89/><T29/><D73/><U16/><E70/><V33/><F78/><W90/><G90/><T121/><D100/><U77/><E74/><V47/><F33/><W131/><G76/><T62/><D23/><U18/><E77/><V84/><F84/><W9/><G122/><T28/><D34/><U72/><E72/><V12/><F12/><W6/><G112/><T107/><D107/><U132/><E40/><V53/><REACH who="2" step="1"/><F24/><REACH who="2" ten="116,341,255,278" step="2"/><W127/><G131/><T101/><D121/><U66/><E118/><V46/><F46/><W19/><G35/><T98/><D85/><U41/><E116/><V119/><F119/><W14/><G133/><T97/><D87/><U104/><E132/><V82/><F82/><W86/><G86/><T13/><D134/><U83/><E83/><V106/><F106/><W91/><G91/><T71/><D135/><U93/><E104/><V114/><F114/><W25/><G36/><T130/><D130/><U63/><E109/><V69/><F69/><W54/><REACH who="3" step="1"/><G54/><REACH who="3" ten="116,341,255,268" step="2"/><T99/><D110/><U81/><E81/><V32/><F32/><W111/><G111/><T120/><D120/><U48/><E93/><V51/><F51/><W67/><G67/><T92/><D71/><U124/><REACH who="1" step="1"/><E21/><AGARI ba="0,2" hai="1,3,4,6,9,11,14,19,21,25,26,27,126,127" machi="21" ten="40,8000,1" yaku="1,1,9,1,34,3,53,0" doraHai="68" doraHaiUra="96" who="3" fromWho="1" sc="116,0,341,-80,255,0,268,100" /><INIT seed="6,0,0,0,2,42" ten="116,261,255,368" oya="2" hai0="58,27,65,53,35,11,4,16,115,85,48,31,57" hai1="47,64,52,79,132,102,67,73,25,91,68,7,128" hai2="105,126,32,0,5,95,69,92,61,72,101,28,30" hai3="94,8,44,20,134,133,100,9,89,87,6,33,77"/><V50/><F72/><W17/><G33/><T66/><D115/><U51/><E102/><V103/><F5/><W23/><G100/><T18/><D65/><U81/><E128/><V63/><F50/><W109/><G109/><T127/><D127/><U37/><E132/><N who="3" m="50794" /><G77/><T131/><D131/><U93/><E68/><V86/><F86/><W111/><G111/><T125/><D125/><U74/><E74/><V10/><F10/><W114/><G114/><T39/><D39/><U76/><E76/><V24/><F32/><W1/><G44/><T119/><D119/><U123/><E123/><V80/><F105/><W21/><G8/><T130/><D130/><U3/><E37/><V96/><F101/><W75/><G75/><T13/><D85/><U90/><E90/><V41/><F103/><W120/><G120/><T78/><D78/><U45/><E7/><V15/><F96/><W38/><G38/><T59/><REACH who="0" step="1"/><D66/><REACH who="0" ten="106,261,255,368" step="2"/><U82/><E67/><N who="2" m="41199" /><F126/><W129/><G129/><T117/><D117/><U84/><E64/><V2/><F80/><W116/><G116/><T118/><D118/><U99/><E82/><V34/><F95/><W135/><G135/><T110/><D110/><U122/><E122/><V113/><F92/><W19/><AGARI ba="0,1" hai="1,6,9,17,19,20,21,23,87,89,94" m="50794" machi="19" ten="40,1500,0" yaku="20,1" doraHai="42" who="3" fromWho="3" sc="106,-4,261,-4,255,-7,368,25" /><INIT seed="7,0,0,2,2,52" ten="102,257,248,393" oya="3" hai0="28,13,63,57,67,91,93,74,97,80,55,73,120" hai1="10,9,25,92,66,87,16,49,113,50,33,101,44" hai2="76,129,121,130,21,72,61,46,95,18,68,11,105" hai3="133,118,62,131,12,106,99,112,36,34,51,128,48"/><W122/><G36/><T5/><D120/><U47/><E113/><V27/><F105/><W108/><G112/><T39/><D39/><U64/><E33/><V124/><F121/><W123/><G34/><T125/><D125/><U104/><E104/><V109/><F109/><W88/><G108/><T38/><D38/><U98/><E87/><V3/><F124/><W19/><G133/><T111/><D111/><U1/><E1/><V90/><F46/><W40/><G118/><T14/><D28/><U79/><E79/><V59/><F68/><W107/><G62/><T32/><D32/><U86/><E86/><V8/><F76/><W85/><G40/><T31/><D31/><U77/><E77/><V117/><F72/><W37/><G37/><T29/><D29/><U65/><E25/><V30/><F117/><W82/><G128/><N who="2" m="49257" /><F3/><W100/><G107/><T119/><D119/><U96/><E96/><N who="2" m="57463" /><F30/><W135/><G106/><T115/><D115/><U42/><E16/><V43/><F43/><AGARI ba="0,0" hai="9,10,42,43,44,47,49,50,64,65,66,92,98,101" machi="43" ten="40,2600,0" yaku="9,1,8,1" doraHai="52" who="1" fromWho="2" sc="102,0,257,26,248,-26,393,0" owari="102,-40.0,283,8.0,222,-18.0,393,50.0" /></mjloggm>