<mjloggm ver="2.3"><GO type="169" lobby="0"/><UN n0="%E3%81%AF%E3%81%8C%E3%81%AD%E3%81%AE%E3%81%8A%E3%81%AE" n1="%E5%B0%B1%E6%B4%BB%E7%94%9F%40%E5%B7%9D%E6%9D%91%E8%BB%8D%E5%9B%A3" n2="%79%75%2D%2D%2D%2D%2D%75" n3="%E5%BE%A9%E8%AE%90%E3%81%A1%E3%82%83%E3%82%93" dan="17,17,17,17" rate="2185.77,2188.10,2164.20,2210.88" sx="F,M,M,F"/><TAIKYOKU oya="0"/><INIT seed="0,0,0,3,1,125" ten="250,250,250,250" oya="0" hai0="108,120,6,19,123,21,48,90,63,83,51,117,15" hai1="109,122,98,85,132,54,40,27,7,74,93,69,79" hai2="47,50,14,49,39,24,30,35,124,72,58,113,104" hai3="105,70,11,57,101,92,135,28,114,45,41,43,55"/><T13/><D117/><U126/><E126/><V86/><F72/><W62/><G105/><T29/><D108/><U84/><E69/><V56/><F113/><W133/><G28/><T87/><D29/><U67/><E67/><V111/><F111/><W17/><G114/><T134/><D134/><U4/><E74/><V23/><F104/><W25/><G70/><T8/><REACH who="0" step="1"/><D63/><REACH who="0" ten="240,250,250,250" step="2"/><U34/><E109/><V76/><F30/><W97/><G133/><T128/><D128/><U37/><E132/><V73/><F124/><W44/><G135/><T26/><D26/><U81/><E27/><V32/><F24/><W60/><G60/><T5/><D5/><U52/><E7/><V103/><F32/><W127/><G127/><T38/><D38/><U9/><E34/><V46/><F39/><W99/><G25/><T3/><D3/><U121/><E37/><V33/><F33/><W129/><G129/><T100/><D100/><U1/><E1/><V107/><F103/><W12/><G97/><T68/><D68/><U106/><E98/><V80/><F35/><W66/><G66/><T91/><D91/><U2/><E122/><AGARI ba="0,1" hai="6,8,13,15,19,21,48,51,83,87,90,120,122,123" machi="122" ten="40,2000,0" yaku="1,1,53,0" doraHai="125" doraHaiUra="130" who="0" fromWho="1" sc="240,30,250,-20,250,0,250,0" /><INIT seed="0,1,0,1,0,107" ten="270,230,250,250" oya="0" hai0="48,84,59,40,52,56,35,36,68,42,18,5,74" hai1="133,2,38,54,22,16,123,46,114,77,50,109,126" hai2="93,39,100,135,70,37,116,113,69,73,61,108,62" hai3="112,88,90,32,115,125,19,101,78,120,12,81,72"/><T75/><D68/><U128/><E123/><V15/><F108/><W34/><G120/><T87/><D35/><U124/><E2/><V71/><F113/><W131/><G34/><T86/><D5/><U4/><E4/><V44/><F15/><W111/><G32/><T94/><D94/><U13/><E109/><V58/><F100/><W11/><G111/><T31/><D31/><U127/><E128/><V47/><F93/><W97/><G131/><T134/><D134/><U132/><E38/><N who="2" m="14347" /><F73/><W89/><REACH who="3" step="1"/><G125/><REACH who="3" ten="270,230,250,240" step="2"/><T55/><D36/><U105/><E114/><V28/><F135/><N who="1" m="51785" /><E105/><AGARI ba="1,1" hai="11,12,19,72,78,81,88,89,90,97,101,105,112,115" machi="105" ten="40,8000,1" yaku="1,1,52,1,54,1,53,1" doraHai="107" doraHaiUra="10" who="3" fromWho="1" sc="270,0,230,-83,250,0,240,93" /><INIT seed="1,0,0,4,4,81" ten="270,147,250,333" oya="1" hai0="74,118,100,135,112,31,73,115,102,77,80,72,105" hai1="120,99,45,62,85,50,114,82,56,37,55,91,24" hai2="54,89,132,6,17,107,97,108,27,106,119,116,95" hai3="69,103,131,19,111,110,86,41,14,20,75,125,113"/><U123/><E114/><N who="0" m="43561" /><D31/><U32/><E37/><V34/><F108/><W101/><G75/><N who="0" m="28747" /><D118/><U3/><E3/><V49/><F132/><W93/><G69/><T18/><D18/><U26/><E99/><V68/><F68/><W57/><G41/><T22/><D22/><U51/><E51/><V126/><F126/><W52/><G125/><T35/><D35/><U48/><E48/><V65/><F65/><W46/><G46/><T94/><D105/><U133/><E133/><V71/><F71/><W29/><G29/><T92/><D135/><U63/><E63/><V90/><F6/><W30/><G30/><T88/><D94/><U0/><E0/><V83/><F107/><W7/><G7/><T117/><D117/><U61/><E61/><V9/><F106/><W76/><G93/><T8/><D8/><U4/><E4/><V38/><F38/><W129/><G111/><T79/><D79/><U66/><REACH who="1" step="1"/><E32/><REACH who="1" ten="270,137,250,333" step="2"/><V21/><F34/><W104/><G113/><T15/><D15/><U25/><AGARI ba="0,1" hai="24,25,26,45,50,55,56,62,66,82,85,91,120,123" machi="25" ten="30,11700,0" yaku="1,1,2,1,0,1,52,1,53,0" doraHai="81" doraHaiUra="13" who="1" fromWho="1" sc="270,-39,137,127,250,-39,333,-39" /><INIT seed="1,1,0,3,2,23" ten="231,264,211,294" oya="1" hai0="85,78,39,87,45,100,70,26,21,19,64,11,54" hai1="62,37,129,52,125,35,49,134,46,66,25,98,61" hai2="40,12,47,120,28,131,127,113,77,99,20,91,7" hai3="41,124,31,15,59,97,29,55,130,102,72,95,86"/><U117/><E117/><V74/><F120/><W60/><G124/><T22/><D100/><U110/><E125/><V73/><F127/><W44/><G130/><T9/><D70/><U76/><E129/><V34/><F131/><W121/><G121/><T50/><D39/><U43/><E76/><V128/><F34/><W65/><G72/><T75/><D64/><U114/><E114/><V96/><F128/><W69/><G15/><N who="0" m="9471" /><D75/><U58/><E134/><V107/><F113/><W2/><G2/><T88/><D78/><U68/><E110/><V116/><F116/><W82/><G82/><N who="0" m="49207" /><D87/><U5/><E5/><V53/><F7/><W30/><G86/><T16/><AGARI ba="1,0" hai="9,11,16,22,26,45,50,54" m="49207,9471" machi="16" ten="30,7900,0" yaku="8,1,52,1,54,2" doraHai="23" who="0" fromWho="0" sc="231,82,264,-40,211,-21,294,-21" /><INIT seed="2,0,0,2,4,9" ten="313,224,190,273" oya="2" hai0="4,18,66,106,107,94,112,23,16,60,5,31,108" hai1="131,109,14,125,105,116,10,13,6,33,118,82,41" hai2="88,55,24,89,47,135,97,124,74,30,8,34,119" hai3="21,48,76,38,28,46,7,111,75,12,71,72,114"/><V110/><F119/><N who="1" m="45609" /><E105/><V98/><F74/><W102/><G38/><T15/><D108/><U49/><E109/><V45/><F110/><W83/><G111/><T87/><D112/><U27/><E41/><V129/><F129/><W67/><G114/><T103/><D31/><N who="1" m="19711" /><E82/><V3/><F124/><W37/><G37/><T101/><D106/><U117/><E49/><V120/><F135/><W56/><G102/><N who="0" m="38923" /><D107/><U73/><E73/><V99/><F120/><W128/><G71/><T132/><D132/><U42/><E42/><V36/><F36/><W63/><G128/><T80/><D94/><U51/><E51/><V81/><F55/><W50/><G75/><T35/><D35/><U40/><E40/><V79/><F79/><W93/><G93/><T91/><D66/><U126/><E117/><V68/><F68/><W57/><G46/><T29/><D29/><U32/><E32/><V61/><F61/><W59/><G67/><T39/><D60/><U1/><E131/><V113/><F113/><W26/><REACH who="3" step="1"/><G63/><REACH who="3" ten="313,224,190,263" step="2"/><T95/><D39/><U11/><E1/><V130/><F130/><W84/><G84/><T70/><D70/><U122/><E122/><V22/><F47/><W115/><G115/><T64/><D64/><U77/><E77/><V96/><F45/><W62/><G62/><T20/><D95/><U104/><E104/><V53/><F3/><W52/><G52/><T133/><D133/><U25/><E126/><V100/><F53/><W86/><G86/><T121/><D121/><U123/><E123/><V43/><F43/><W85/><G85/><T92/><D92/><RYUUKYOKU ba="0,1" sc="313,15,224,-15,190,-15,263,15" hai0="4,5,15,16,18,20,23,80,87,91" hai3="7,12,21,26,28,48,50,56,57,59,72,76,83" /><INIT seed="3,1,1,2,0,102" ten="328,209,175,278" oya="3" hai0="94,24,65,114,116,108,71,9,76,61,80,56,16" hai1="134,126,0,13,119,10,45,75,52,41,122,6,106" hai2="31,130,21,66,81,54,129,29,135,111,79,82,72" hai3="37,4,95,103,32,50,74,87,62,88,92,118,83"/><W42/><G37/><T25/><D108/><U7/><E122/><V40/><F111/><W93/><G118/><T2/><D116/><U70/><E70/><V125/><F125/><W133/><G32/><T44/><D114/><U60/><E75/><V99/><F40/><W57/><G133/><T38/><D71/><U89/><E119/><V26/><F135/><W78/><G4/><T58/><D94/><U43/><E106/><V98/><F66/><W8/><G8/><T90/><D56/><U101/><E101/><V84/><F29/><W22/><G22/><T131/><D131/><N who="2" m="50186" /><F54/><W77/><G77/><AGARI ba="1,1" hai="21,26,31,72,77,79,81,82,84,98,99" m="50186" machi="77" ten="30,1000,0" yaku="19,1" doraHai="102" who="2" fromWho="3" sc="328,0,209,0,175,23,278,-13" /><INIT seed="4,0,0,0,4,89" ten="328,209,198,265" oya="0" hai0="70,67,59,2,37,18,63,34,121,96,105,109,117" hai1="83,132,82,22,77,28,39,4,100,60,130,66,8" hai2="85,20,33,118,13,115,29,91,52,73,99,38,49" hai3="0,44,124,62,31,75,92,127,131,64,5,111,107"/><T81/><D117/><U6/><E132/><V86/><F73/><W88/><G107/><T116/><D116/><U54/><E130/><V123/><F38/><W21/><G75/><T16/><D121/><U24/><E39/><V72/><F72/><W79/><G79/><T95/><D105/><U135/><E135/><V42/><F42/><W51/><G111/><T112/><D109/><U114/><E114/><V80/><F123/><W53/><G131/><T103/><D37/><U101/><E54/><V55/><F115/><W90/><G90/><T57/><D112/><U14/><E6/><V98/><F33/><W58/><G31/><T11/><D34/><U126/><E126/><V94/><F118/><W25/><G21/><T3/><D81/><U30/><E30/><V65/><F65/><W17/><G17/><T128/><D128/><U74/><REACH who="1" step="1"/><E82/><REACH who="1" ten="328,199,198,265" step="2"/><V45/><F55/><W129/><G129/><T102/><D18/><U1/><E1/><V134/><F134/><W41/><G5/><T7/><D2/><U71/><AGARI ba="0,1" hai="4,8,14,22,24,28,60,66,71,74,77,83,100,101" machi="71" ten="20,2700,0" yaku="1,1,0,1,7,1,53,0" doraHai="89" doraHaiUra="43" who="1" fromWho="1" sc="328,-13,199,37,198,-7,265,-7" /><INIT seed="5,0,0,2,2,97" ten="315,236,191,258" oya="1" hai0="20,38,81,24,84,115,37,107,118,66,41,51,21" hai1="125,62,126,70,53,7,18,121,50,52,132,103,29" hai2="102,123,4,80,17,11,77,45,57,30,94,133,27" hai3="120,58,35,116,128,42,39,15,73,19,89,78,82"/><U14/><E121/><V100/><F123/><W74/><G120/><T5/><D118/><U127/><E29/><V79/><F133/><W59/><G35/><T113/><D107/><U117/><E117/><V22/><F45/><W10/><G74/><T33/><D33/><U124/><E132/><V48/><F94/><W134/><G134/><T109/><D109/><U69/><E7/><V105/><F105/><W76/><G76/><N who="2" m="29257" /><F80/><W49/><G39/><T119/><D119/><U110/><E110/><V135/><F4/><W6/><G128/><T88/><D5/><U28/><E28/><V43/><F135/><W75/><G75/><T86/><D86/><U72/><E72/><V68/><F68/><N who="1" m="26217" /><E62/><V36/><F36/><W111/><G111/><T61/><D51/><U46/><E124/><V16/><F43/><W90/><G116/><T13/><D13/><U56/><E14/><N who="2" m="7263" /><F30/><W104/><G104/><T32/><D32/><U67/><E18/><V98/><F98/><W93/><G19/><N who="0" m="12319" /><D41/><U34/><E34/><V108/><F108/><W23/><G42/><T87/><D87/><U91/><E125/><V8/><F8/><W92/><G6/><T0/><D0/><U1/><E1/><V130/><F130/><W26/><G10/><T101/><D21/><U122/><E122/><V71/><F71/><W112/><G23/><T31/><D31/><U47/><E126/><V95/><F95/><W40/><G40/><T2/><D2/><U25/><E127/><V83/><F83/><W44/><G73/><T64/><D37/><U55/><E47/><V65/><F48/><RYUUKYOKU ba="0,0" sc="315,-10,236,-10,191,30,258,-10" hai2="17,22,27,57,65,100,102" /><INIT seed="6,1,0,1,2,130" ten="305,226,221,248" oya="2" hai0="19,91,102,85,25,22,28,129,123,103,109,50,76" hai1="87,16,61,97,120,122,112,48,37,8,17,77,43" hai2="81,24,95,4,15,127,58,41,12,113,26,31,86" hai3="65,14,66,20,9,51,79,18,6,92,40,32,39"/><V42/><F113/><W38/><G32/><T0/><D109/><U73/><E37/><V71/><F71/><W93/><G39/><T68/><D123/><N who="1" m="47147" /><E73/><V83/><F127/><W134/><G38/><T131/><D0/><U11/><E112/><V133/><F133/><W53/><G134/><T67/><D76/><U44/><E97/><V47/><F58/><W1/><G40/><N who="2" m="15465" /><F47/><W30/><G30/><T108/><D50/><U104/><E104/><V96/><F31/><W132/><G79/><T70/><D19/><N who="1" m="7243" /><E61/><V34/><F34/><W64/><REACH who="3" step="1"/><G132/><REACH who="3" ten="305,226,221,238" step="2"/><T98/><D28/><U135/><E135/><V121/><F121/><W118/><G118/><T110/><D110/><U45/><E45/><AGARI ba="1,1" hai="1,6,9,14,18,20,45,51,53,64,65,66,92,93" machi="45" ten="40,8000,1" yaku="1,1,53,3" doraHai="130" doraHaiUra="60" who="3" fromWho="1" sc="305,0,226,-83,221,0,238,93" /><INIT seed="7,0,0,2,2,100" ten="305,143,221,331" oya="3" hai0="48,39,1,4,23,110,132,135,80,29,99,46,64" hai1="92,19,42,55,15,98,108,26,11,112,45,85,56" hai2="81,41,105,90,13,61,127,88,87,123,36,71,72" hai3="50,34,38,109,17,134,77,30,28,3,2,51,124"/><W89/><G38/><T107/><D110/><U101/><E108/><V53/><F105/><W95/><G109/><T103/><D39/><U68/><E112/><V8/><F127/><W33/><G77/><T5/><D64/><U82/><E68/><V116/><F116/><W21/><G124/><T25/><D80/><U47/><E26/><V104/><F104/><W126/><G126/><T32/><D32/><U24/><E24/><V69/><F72/><W129/><G129/><T97/><D97/><U6/><E42/><V62/><F123/><W115/><G34/><T66/><D66/><U128/><E128/><V44/><F90/><W106/><G106/><T70/><D70/><U0/><E0/><V35/><F35/><W9/><G33/><T52/><REACH who="0" step="1"/><D1/><REACH who="0" ten="295,143,221,331" step="2"/><U18/><E47/><V31/><F69/><W79/><G3/><T54/><D54/><U22/><E45/><V74/><F53/><W65/><G65/><T57/><D57/><U113/><E113/><V122/><F71/><W60/><G115/><T86/><D86/><U63/><REACH who="1" step="1"/><E22/><REACH who="1" ten="295,133,221,331" step="2"/><V78/><F44/><W75/><G21/><T20/><D20/><U7/><E7/><AGARI ba="0,2" hai="4,5,7,23,25,29,46,48,52,99,103,107,132,135" machi="7" ten="40,8000,1" yaku="1,1,52,1,54,1,53,1" doraHai="100" doraHaiUra="94" who="0" fromWho="1" sc="295,100,133,-80,221,0,331,0" owari="395,50.0,53,-45.0,221,-18.0,331,13.0" /></mjloggm>