<mjloggm ver="2.3"><GO type="169" lobby="0"/><UN n0="%E3%82%A6%E3%83%AB%E3%83%88%E3%83%A9%E7%AB%8B%E7%9B%B4" n1="%E2%98%85%E9%A2%A8%E3%81%AE%E8%B0%B7%E2%98%85" n2="%E3%83%84%E3%82%A4%E3%82%B9%E3%83%88" n3="%E6%A4%8D%E9%87%8E" dan="17,16,16,18" rate="2217.28,2064.41,2028.06,2222.74" sx="M,M,M,M"/><TAIKYOKU oya="0"/><INIT seed="0,0,0,1,0,67" ten="250,250,250,250" oya="0" hai0="7,71,50,119,88,5,38,117,3,48,125,115,54" hai1="83,56,24,98,99,97,12,107,15,16,59,52,72" hai2="91,69,90,93,80,128,114,89,35,73,105,28,118" hai3="19,64,111,43,8,134,63,36,101,123,44,34,126"/><T120/><D3/><U42/><E42/><V26/><F114/><W57/><G111/><T10/><D10/><U100/><E24/><V135/><F105/><W79/><G34/><T131/><D88/><U53/><E15/><V124/><F118/><W13/><G126/><T112/><D54/><U30/><E30/><V76/><F124/><W51/><G134/><T122/><D125/><U40/><E40/><V62/><F135/><W31/><G31/><T81/><D81/><U78/><E53/><V18/><F18/><W21/><G123/><T127/><D127/><U130/><E59/><V92/><REACH who="2" step="1"/><F128/><REACH who="2" ten="250,250,240,250" step="2"/><W4/><G79/><T104/><D104/><U6/><E130/><V9/><F9/><W108/><G108/><T0/><D131/><U103/><E6/><V70/><F70/><W60/><G4/><T77/><D0/><U65/><E103/><V75/><F75/><W2/><G101/><T85/><D71/><U33/><E33/><V102/><F102/><W41/><G8/><T95/><D7/><U116/><E116/><V68/><F68/><W129/><G129/><T46/><D5/><U55/><E55/><V94/><F94/><W133/><G133/><T39/><D95/><U84/><E72/><V113/><F113/><W87/><G19/><T45/><D77/><U22/><REACH who="1" step="1"/><E65/><AGARI ba="0,1" hai="26,28,35,62,65,69,73,76,80,89,90,91,92,93" machi="65" ten="40,2600,0" yaku="1,1,52,1,53,0" doraHai="67" doraHaiUra="11" who="2" fromWho="1" sc="250,0,250,-26,240,36,250,0" /><INIT seed="1,0,0,0,2,62" ten="250,224,276,250" oya="1" hai0="86,57,55,44,54,38,19,85,59,50,77,125,126" hai1="8,101,79,65,13,116,7,4,83,42,102,64,127" hai2="131,87,20,18,21,48,58,104,112,105,22,61,81" hai3="135,129,49,27,78,115,35,91,15,100,31,24,89"/><U108/><E116/><V2/><F112/><W121/><G121/><T37/><D19/><U41/><E127/><N who="0" m="48649" /><D77/><U75/><E108/><V60/><F131/><W71/><G135/><T119/><D119/><U113/><E113/><V93/><F2/><W47/><G115/><T96/><D96/><U3/><E7/><V0/><F0/><W130/><G78/><T97/><D97/><U94/><E13/><V114/><F114/><W63/><G100/><T16/><D16/><U33/><E33/><V72/><F18/><W17/><G27/><T74/><D74/><U10/><E10/><V32/><F32/><W122/><G122/><T36/><D44/><U5/><E5/><V118/><F118/><W76/><G76/><T128/><D128/><N who="3" m="49257" /><G15/><T45/><D45/><U28/><E28/><V67/><F72/><W98/><G98/><T68/><D68/><U90/><E102/><V30/><F30/><W25/><G25/><T1/><D1/><U107/><E101/><V132/><F132/><W14/><G14/><T51/><AGARI ba="0,0" hai="36,37,38,50,51,54,55,57,59,85,86" m="48649" machi="51" ten="40,1500,0" yaku="18,1" doraHai="62" who="0" fromWho="0" sc="250,15,224,-7,276,-4,250,-4" /><INIT seed="2,0,0,0,5,28" ten="265,217,272,246" oya="2" hai0="82,64,30,71,31,103,69,23,67,44,18,97,52" hai1="91,80,86,120,114,61,129,43,51,105,126,48,92" hai2="17,39,5,125,32,27,50,36,122,75,7,84,94" hai3="60,1,132,22,77,62,6,16,104,116,55,46,96"/><V134/><F122/><W130/><G116/><T87/><D69/><U26/><E114/><V113/><F113/><W102/><G130/><T107/><D71/><U68/><E105/><V89/><F125/><W66/><G132/><T98/><D98/><U106/><E106/><V35/><F134/><W24/><G77/><T65/><D44/><U54/><E120/><V59/><F75/><W81/><G81/><T79/><REACH who="0" step="1"/><D52/><REACH who="0" ten="255,217,272,246" step="2"/><U95/><E126/><V70/><F70/><W33/><G46/><T63/><D63/><U40/><E129/><V72/><F59/><W41/><G55/><T15/><AGARI ba="0,1" hai="15,18,23,30,31,64,65,67,79,82,87,97,103,107" machi="15" ten="30,2000,0" yaku="1,1,0,1,53,0" doraHai="28" doraHaiUra="112" who="0" fromWho="0" sc="255,30,217,-5,272,-10,246,-5" /><INIT seed="3,0,0,0,2,52" ten="285,212,262,241" oya="3" hai0="40,116,80,101,81,39,117,128,113,38,77,22,66" hai1="105,104,20,110,83,50,45,132,36,23,100,26,35" hai2="73,25,42,111,56,88,60,29,90,19,3,85,67" hai3="84,109,95,126,130,115,106,89,102,114,70,103,118"/><W17/><G70/><T58/><D101/><U33/><E36/><V4/><F73/><W46/><G118/><T134/><D40/><U75/><E132/><V34/><F111/><W55/><G109/><T92/><D92/><U87/><E110/><V15/><F42/><W68/><G68/><T13/><D13/><U64/><E75/><V78/><F78/><W93/><G106/><T79/><D22/><U43/><E23/><N who="2" m="11775" /><F85/><W41/><G130/><T21/><D21/><U133/><E133/><V124/><F124/><W69/><G69/><T65/><D134/><U71/><E105/><V107/><F107/><W76/><G126/><T108/><D108/><U1/><E1/><V18/><F18/><W44/><G76/><T53/><D53/><U16/><E64/><V127/><F127/><W24/><G115/><T135/><D135/><U7/><E7/><V5/><F4/><W14/><G24/><T120/><D113/><U12/><E71/><V96/><F96/><W63/><G114/><T10/><D128/><U119/><E26/><V125/><F125/><W28/><G28/><T121/><D10/><AGARI ba="0,0" hai="3,5,10,25,29,34,56,60,67,88,90" m="11775" machi="10" ten="30,3900,0" yaku="24,1,52,1,54,1" doraHai="52" who="2" fromWho="0" sc="285,-39,212,0,262,39,241,0" /><INIT seed="4,0,0,0,1,17" ten="246,212,301,241" oya="0" hai0="11,62,53,22,108,74,23,99,115,7,84,42,13" hai1="63,41,118,34,83,105,82,126,110,76,85,44,130" hai2="79,72,92,78,102,6,28,70,39,69,10,20,19" hai3="16,56,113,117,25,93,36,95,8,0,31,50,129"/><T4/><D74/><U12/><E118/><V40/><F28/><W47/><G117/><T27/><D115/><U9/><E110/><V131/><F131/><W71/><G71/><T96/><D108/><U35/><E130/><V48/><F39/><W112/><G129/><T5/><D42/><U89/><E105/><V88/><F102/><W33/><G56/><N who="0" m="35087" /><D84/><U32/><E63/><V124/><F124/><W2/><G36/><T43/><D43/><U57/><E57/><V30/><F30/><W127/><G127/><T132/><D132/><U135/><E135/><V91/><F91/><W15/><G2/><T100/><D27/><U75/><E126/><V3/><F72/><W24/><G0/><T55/><D55/><U61/><E61/><V59/><F70/><W103/><G25/><T98/><D100/><U119/><E119/><V65/><F69/><W67/><G67/><T125/><D125/><U49/><REACH who="1" step="1"/><E35/><REACH who="1" ten="246,202,301,241" step="2"/><V54/><F65/><W114/><REACH who="3" step="1"/><G103/><REACH who="3" ten="246,202,301,231" step="2"/><T66/><D66/><U51/><E51/><V109/><F109/><W80/><G80/><T37/><D37/><U21/><E21/><AGARI ba="0,2" hai="4,5,7,11,13,21,22,23,96,98,99" m="35087" machi="21" ten="30,11600,0" yaku="8,1,52,3" doraHai="17" who="0" fromWho="1" sc="246,136,202,-116,301,0,231,0" /><INIT seed="4,1,0,1,0,111" ten="382,86,301,231" oya="0" hai0="18,35,129,125,34,8,42,5,17,113,83,110,132" hai1="124,21,126,24,92,0,46,66,127,36,91,64,79" hai2="72,26,48,115,105,90,54,13,117,29,2,120,12" hai3="119,43,114,52,69,3,75,74,81,63,58,61,28"/><T71/><D71/><U106/><E0/><V22/><F120/><W87/><G3/><T89/><D42/><U123/><E106/><V95/><F117/><W135/><G119/><T23/><D83/><U45/><E123/><V33/><F105/><W62/><G43/><T57/><D89/><U118/><E118/><V55/><F2/><W134/><G28/><T51/><D51/><U59/><E79/><V53/><F72/><N who="3" m="27691" /><G69/><T68/><D57/><U116/><E116/><V98/><F115/><W107/><G107/><T130/><D68/><U82/><E82/><V44/><REACH who="2" step="1"/><F33/><REACH who="2" ten="382,86,291,231" step="2"/><W19/><G114/><T73/><D73/><U20/><E36/><V112/><F112/><W37/><G37/><T85/><D113/><U65/><E59/><V47/><F47/><N who="1" m="17929" /><E24/><V121/><F121/><W97/><G58/><T86/><D35/><U10/><E10/><V94/><F94/><W67/><G135/><T9/><D34/><U31/><E31/><V101/><F101/><W78/><G134/><T1/><D132/><U40/><E40/><AGARI ba="1,1" hai="12,13,22,26,29,40,44,48,53,54,55,90,95,98" machi="40" ten="40,2600,0" yaku="1,1,8,1,53,0" doraHai="111" doraHaiUra="99" who="2" fromWho="1" sc="382,0,86,-29,291,39,231,0" /><INIT seed="5,0,0,0,4,95" ten="382,57,330,231" oya="1" hai0="0,49,133,107,15,76,111,124,40,93,6,34,83" hai1="39,80,18,42,16,68,43,81,119,105,17,130,86" hai2="62,25,82,37,97,123,100,74,4,109,132,129,126" hai3="103,44,14,92,94,47,75,108,70,88,135,96,26"/><U21/><E119/><V10/><F109/><W78/><G70/><T101/><D34/><U128/><E68/><V79/><F123/><W8/><G108/><T90/><D0/><U113/><E105/><V3/><F126/><W55/><G135/><T24/><D24/><U134/><E134/><V121/><F121/><W50/><G26/><T53/><D40/><N who="1" m="15403" /><E39/><V110/><F132/><W63/><G63/><T85/><D124/><U46/><E46/><V51/><F110/><W27/><G27/><T33/><D33/><U13/><E113/><V131/><F37/><W65/><G65/><T35/><D35/><U57/><E57/><V41/><F62/><W12/><G47/><T87/><D133/><U115/><E115/><V19/><F41/><W48/><G48/><T59/><D111/><U29/><E29/><V54/><F51/><W5/><G75/><T64/><D64/><U58/><E58/><V112/><F112/><W116/><G78/><T32/><D32/><U52/><E52/><V28/><F54/><W118/><REACH who="3" step="1"/><G14/><REACH who="3" ten="382,57,330,221" step="2"/><T125/><D49/><U106/><E106/><V73/><F73/><W117/><G117/><T104/><D104/><U84/><E18/><V1/><F19/><W20/><G20/><T9/><D125/><U66/><E66/><V2/><F25/><W7/><G7/><T67/><D67/><U56/><E17/><V91/><F28/><W89/><G89/><T45/><D45/><U23/><E23/><V71/><F91/><W72/><G72/><T122/><D122/><U102/><E56/><V31/><F71/><W69/><G69/><RYUUKYOKU ba="0,1" sc="382,-10,57,-10,330,-10,221,30" hai3="5,8,12,44,50,55,88,92,94,96,103,116,118" /><INIT seed="6,1,1,2,2,41" ten="372,47,320,251" oya="2" hai0="109,81,103,23,39,45,111,29,92,125,88,127,37" hai1="7,34,122,4,50,0,115,129,2,121,61,17,62" hai2="84,75,3,67,66,46,112,123,99,96,135,8,54" hai3="6,26,38,27,93,13,35,71,65,69,107,97,11"/><V98/><F123/><N who="1" m="47113" /><E50/><V64/><F75/><W91/><G107/><T59/><D103/><U82/><E82/><V131/><F112/><W104/><G104/><T94/><D59/><U48/><E48/><V51/><F131/><W22/><G38/><T79/><D23/><U20/><E62/><V128/><F128/><W68/><G35/><T16/><D16/><U15/><E61/><V80/><F135/><W9/><G65/><T24/><D24/><U10/><E129/><V74/><F74/><W40/><G40/><N who="0" m="22671" /><D29/><U55/><E55/><V5/><REACH who="2" step="1"/><F67/><REACH who="2" ten="372,47,310,251" step="2"/><W57/><G71/><T12/><D111/><U102/><E102/><V53/><F53/><W19/><G69/><T89/><D109/><U18/><E115/><V119/><F119/><W86/><G68/><T113/><D113/><U42/><E42/><V43/><F43/><W32/><G32/><T120/><D120/><U56/><E56/><V87/><F87/><W124/><G57/><T49/><D127/><U90/><E90/><AGARI ba="1,2" hai="3,5,8,46,51,54,64,66,80,84,90,96,98,99" machi="90" ten="40,3900,0" yaku="1,1,52,1,53,0" doraHai="41" doraHaiUra="106" who="2" fromWho="1" sc="372,0,47,-42,310,62,251,0" /><INIT seed="6,2,0,1,4,124" ten="372,5,372,251" oya="2" hai0="50,119,62,130,76,43,13,46,20,73,103,24,113" hai1="88,118,34,97,70,80,64,31,82,83,36,66,58" hai2="30,91,72,81,108,44,84,98,112,9,109,129,126" hai3="47,42,35,125,99,33,92,1,38,107,11,29,57"/><V14/><F126/><W132/><G107/><T77/><D73/><U53/><E118/><V135/><F112/><W96/><G125/><T4/><D113/><U49/><E36/><V41/><F135/><W54/><G132/><T27/><D130/><U78/><E70/><V55/><F129/><W25/><G35/><T3/><D3/><U22/><E34/><V104/><F55/><W5/><G92/><T93/><D119/><U106/><E106/><V123/><F123/><W131/><G131/><T39/><D39/><U74/><E74/><V127/><F127/><W51/><G96/><N who="0" m="59791" /><D62/><U90/><E78/><N who="0" m="30313" /><D20/><U101/><E101/><V48/><F72/><W59/><G99/><T100/><D100/><U102/><E102/><V32/><F104/><W26/><G26/><T79/><D79/><U120/><E120/><V128/><F98/><W89/><G89/><N who="1" m="34410" /><E97/><V12/><F128/><W28/><G28/><T60/><D60/><U23/><E23/><V40/><F9/><AGARI ba="2,0" hai="4,9,13,24,27,43,46,50" m="30313,59791" machi="9" ten="30,1000,0" yaku="8,1" doraHai="124" who="0" fromWho="2" sc="372,16,5,0,372,-16,251,0" /><INIT seed="7,0,0,2,5,32" ten="388,5,356,251" oya="3" hai0="68,14,129,60,97,80,66,25,44,27,58,46,35" hai1="42,128,113,122,21,43,11,23,94,96,19,110,38" hai2="54,26,49,57,77,89,39,91,81,78,70,82,0" hai3="37,79,119,13,15,67,74,99,103,24,48,125,101"/><W17/><G119/><T135/><D68/><U47/><E43/><V2/><F39/><W131/><G37/><T87/><D35/><U7/><E110/><V50/><F70/><W132/><G67/><T92/><D14/><U28/><E128/><V105/><F105/><W84/><G74/><T117/><D129/><U106/><E122/><V120/><F26/><N who="0" m="9738" /><D117/><U123/><E106/><V9/><F120/><W52/><G131/><T20/><D20/><U88/><E123/><V4/><F2/><W6/><G125/><T90/><D135/><U126/><E126/><V1/><F0/><W118/><G118/><T5/><D5/><U93/><E28/><V53/><F81/><N who="3" m="47167" /><G132/><T65/><D65/><U8/><E113/><V124/><F124/><W71/><G71/><T85/><D85/><U86/><E19/><V33/><F33/><W83/><G83/><T55/><D66/><U98/><E86/><V10/><F10/><N who="3" m="4311" /><G99/><T69/><D69/><U107/><E107/><V127/><F127/><W61/><G24/><T29/><D29/><U36/><E36/><V64/><F64/><W59/><G61/><T108/><D108/><U22/><E7/><V16/><F16/><W130/><G130/><T116/><D116/><U76/><E76/><AGARI ba="0,0" hai="44,46,55,58,60,76,80,87,90,92,97" m="9738" machi="76" ten="30,1000,0" yaku="8,1" doraHai="32" who="0" fromWho="1" sc="388,10,5,-10,356,0,251,0" owari="398,50.0,-5,-51.0,356,16.0,251,-15.0" /></mjloggm>