<mjloggm ver="2.3"><GO type="169" lobby="0"/><UN n0="%E5%B0%B1%E6%B4%BB%E7%94%9F%40%E5%B7%9D%E6%9D%91%E8%BB%8D%E5%9B%A3" n1="%E5%A4%9C%E6%98%8E%E3%81%91%E3%81%AE%42%45%41%54" n2="%E5%A4%A9%E7%A9%BA%73%61%79%61" n3="%63%65%73%39" dan="16,17,17,17" rate="2110.66,2141.83,2243.36,2134.80" sx="M,M,M,M"/><TAIKYOKU oya="0"/><INIT seed="0,0,0,5,4,131" ten="250,250,250,250" oya="0" hai0="41,51,68,45,59,93,97,132,116,96,25,106,127" hai1="77,115,10,0,34,66,21,27,8,63,18,62,61" hai2="57,1,69,133,54,60,135,22,4,40,76,125,53" hai3="85,114,123,90,42,46,110,38,134,126,19,74,82"/><T89/><D116/><U35/><E115/><V29/><F125/><W67/><G114/><T88/><D68/><U92/><E66/><V12/><F40/><W100/><G126/><T98/><D127/><U109/><E109/><V6/><F1/><W43/><G110/><T75/><D75/><U130/><E130/><V86/><F69/><W56/><G43/><T111/><D111/><U58/><E77/><V87/><F54/><W26/><G100/><T72/><D72/><U48/><E0/><V99/><F99/><W107/><G107/><T91/><D132/><N who="2" m="50762" /><F12/><W102/><G42/><T119/><D119/><U108/><E108/><V2/><F2/><W128/><G128/><T104/><D93/><U39/><E39/><V95/><F95/><W17/><G38/><T16/><REACH who="0" step="1"/><D59/><REACH who="0" ten="240,250,250,250" step="2"/><U65/><E92/><V50/><F60/><W49/><G134/><T78/><D78/><U32/><E65/><V122/><F122/><W24/><G67/><T129/><D129/><U73/><E73/><V124/><F124/><W55/><G74/><T47/><D47/><U79/><E79/><V70/><F70/><W30/><G46/><T33/><D33/><U84/><E34/><V37/><F76/><W14/><G123/><T120/><D120/><U112/><E112/><V20/><F57/><W71/><G71/><T105/><D105/><U64/><E32/><V103/><F87/><W9/><G56/><T7/><D7/><U36/><E84/><V23/><F86/><W94/><G85/><T83/><D83/><U121/><E121/><V31/><F6/><W118/><G94/><RYUUKYOKU ba="0,1" sc="240,30,250,-10,250,-10,250,-10" hai0="16,25,41,45,51,88,89,91,96,97,98,104,106" /><INIT seed="0,1,1,4,3,98" ten="270,240,240,240" oya="0" hai0="5,65,73,119,99,45,9,10,86,8,109,64,41" hai1="19,43,36,135,88,116,57,120,59,112,14,47,130" hai2="81,42,51,21,72,1,13,25,22,121,95,97,27" hai3="100,90,126,55,61,15,54,6,87,49,66,48,84"/><T75/><D119/><U69/><E120/><V82/><F1/><W32/><G32/><T115/><D115/><U30/><E116/><V122/><F122/><W131/><G131/><T128/><D128/><U12/><E69/><V28/><F13/><W134/><G134/><T124/><D124/><U44/><E130/><V108/><F108/><W58/><G126/><T53/><D5/><U92/><E135/><V26/><F121/><W63/><G87/><T35/><D35/><U125/><E125/><V60/><F60/><W31/><G31/><T40/><D109/><U107/><E107/><V111/><F111/><W76/><G76/><T52/><D86/><U11/><E30/><V50/><F72/><N who="0" m="27722" /><D99/><U56/><E112/><V102/><F26/><W2/><G2/><T4/><D45/><U101/><E101/><V114/><F114/><W74/><G74/><T110/><D4/><N who="1" m="3175" /><E43/><N who="0" m="16457" /><D110/><U77/><E77/><V71/><F71/><W133/><G133/><T96/><D96/><N who="1" m="57351" /><E36/><V70/><F70/><W103/><G6/><T3/><D3/><U29/><E29/><N who="2" m="17583" /><F42/><W0/><G0/><T20/><D20/><AGARI ba="1,1" hai="14,19,20,44,47,56,57,59" m="57351,3175" machi="20" ten="30,2000,0" yaku="8,1,54,1" doraHai="98" who="1" fromWho="0" sc="270,-23,240,33,240,0,240,0" /><INIT seed="1,0,0,2,4,23" ten="247,273,240,240" oya="1" hai0="31,132,43,76,52,11,113,27,66,51,97,36,126" hai1="15,26,122,75,110,80,96,119,3,64,58,37,22" hai2="2,45,83,71,125,124,115,77,100,21,48,86,84" hai3="108,55,29,127,101,38,10,92,0,4,54,17,70"/><U74/><E119/><V128/><F128/><W133/><G70/><T79/><D113/><U90/><E3/><V39/><F2/><W82/><G108/><T24/><D126/><N who="2" m="48746" /><F115/><W35/><G38/><T13/><D132/><U20/><E37/><V9/><F71/><W98/><G127/><T104/><D36/><U40/><E122/><V33/><F33/><W50/><G50/><T135/><D135/><U114/><E114/><V47/><F100/><W16/><G82/><T117/><D117/><U60/><E110/><V109/><F9/><W87/><G87/><T73/><D73/><U67/><E40/><V95/><F109/><W57/><G133/><T28/><D66/><N who="1" m="39191" /><E74/><V8/><F8/><W65/><G65/><T88/><D43/><U89/><E75/><V25/><F48/><W121/><G121/><T85/><D97/><U41/><E41/><V105/><F105/><W93/><G93/><N who="0" m="54415" /><D104/><U78/><E78/><N who="0" m="29737" /><D31/><N who="1" m="17879" /><E96/><V7/><F39/><W118/><G118/><T1/><D28/><U99/><E99/><V59/><F77/><W94/><G94/><T68/><D68/><U91/><E80/><V106/><F83/><W103/><G103/><T49/><D1/><U81/><E81/><V53/><F106/><W42/><G42/><T46/><D51/><U111/><E111/><V5/><F95/><W30/><G98/><T14/><D14/><U18/><AGARI ba="0,0" hai="15,18,20,64,67,89,90,91" m="17879,39191" machi="18" ten="30,3000,0" yaku="8,1,52,1" doraHai="23" who="1" fromWho="1" sc="247,-10,273,30,240,-10,240,-10" /><INIT seed="1,1,0,5,4,108" ten="237,303,230,230" oya="1" hai0="93,128,105,18,5,41,48,72,57,123,38,7,33" hai1="78,125,122,36,88,34,60,92,32,135,83,130,4" hai2="80,37,50,74,44,85,86,110,52,20,43,115,51" hai3="75,59,98,55,114,19,58,91,94,119,70,2,35"/><U109/><E122/><V106/><F110/><W120/><G70/><T42/><D105/><U127/><E36/><V124/><F124/><N who="1" m="47689" /><E109/><V17/><F106/><W81/><G120/><T87/><D33/><U89/><E130/><V61/><F74/><W40/><G2/><T82/><D72/><U129/><E129/><V95/><F115/><W13/><G35/><T107/><D107/><U79/><E79/><V45/><F61/><W104/><G40/><N who="0" m="15467" /><D38/><U116/><E116/><V3/><F3/><W131/><G131/><T63/><D128/><U11/><E60/><V0/><F0/><W8/><G119/><T65/><D123/><U76/><E76/><V31/><F31/><W54/><G104/><T6/><D48/><U26/><E135/><V21/><F37/><W112/><G81/><T97/><D18/><U14/><E26/><V111/><F111/><W25/><G25/><T47/><D47/><U30/><E30/><V121/><F121/><W71/><G71/><T132/><D132/><U27/><E27/><V77/><REACH who="2" step="1"/><F17/><REACH who="2" ten="237,303,220,230" step="2"/><W24/><G75/><T49/><D49/><U62/><E62/><V67/><F67/><W133/><G133/><T68/><D68/><U96/><E89/><AGARI ba="1,1" hai="20,21,43,44,45,50,51,52,77,80,85,86,89,95" machi="89" ten="40,5200,0" yaku="1,1,8,1,54,1,53,0" doraHai="108" doraHaiUra="1" who="2" fromWho="1" sc="237,0,303,-55,220,65,230,0" /><INIT seed="2,0,0,3,5,107" ten="237,248,285,230" oya="2" hai0="96,132,89,12,0,118,14,40,119,77,71,30,123" hai1="74,5,103,82,121,60,59,34,39,18,106,120,90" hai2="78,126,29,56,127,50,105,62,81,97,41,54,10" hai3="1,113,36,116,6,114,69,73,117,23,125,100,61"/><V17/><F29/><W102/><G36/><T110/><D0/><U15/><E34/><V64/><F41/><W134/><G23/><T122/><D71/><U104/><E39/><V75/><F10/><N who="3" m="2383" /><G125/><N who="2" m="47625" /><F17/><W129/><G129/><T98/><D40/><U21/><E5/><V37/><F37/><W79/><G134/><T49/><D49/><U80/><E80/><V70/><F97/><W84/><G84/><T47/><D47/><U87/><E74/><V83/><F83/><N who="3" m="45551" /><G69/><T92/><D132/><U42/><E42/><V32/><F105/><W55/><G55/><T131/><D30/><U31/><E31/><V53/><F54/><W7/><G61/><T85/><D131/><U130/><E130/><V124/><F124/><W46/><G46/><T52/><D52/><N who="1" m="33895" /><E103/><N who="3" m="39466" /><G7/><T135/><D135/><U65/><E65/><V48/><F48/><W99/><G99/><T91/><D92/><U86/><E86/><V63/><F63/><W44/><G44/><T45/><D85/><U4/><E4/><V27/><F32/><W67/><G67/><T72/><D45/><U19/><E19/><V128/><F128/><W24/><G24/><AGARI ba="0,0" hai="24,27,50,53,56,62,64,70,75,78,81" m="47625" machi="24" ten="30,2900,0" yaku="18,1,52,1" doraHai="107" who="2" fromWho="3" sc="237,0,248,0,285,29,230,-29" /><INIT seed="2,1,0,3,0,10" ten="237,248,314,201" oya="2" hai0="133,6,4,51,135,85,62,80,87,104,60,113,93" hai1="5,33,28,101,53,38,43,129,90,32,36,128,63" hai2="44,16,82,46,20,2,114,45,12,49,99,121,94" hai3="1,29,107,22,118,74,117,54,102,25,66,35,39"/><V18/><F121/><W92/><G74/><T24/><D104/><U106/><E90/><V42/><F114/><W84/><G39/><T65/><D51/><U34/><E28/><V61/><F2/><W75/><G75/><T132/><D113/><U86/><E86/><N who="0" m="32777" /><D80/><U26/><E26/><N who="2" m="14599" /><F61/><N who="0" m="23658" /><D24/><U108/><E108/><V19/><F19/><W130/><G25/><T124/><D93/><U79/><E79/><V126/><F126/><W17/><G92/><T120/><D120/><U21/><E38/><V27/><F27/><W97/><G107/><T103/><D103/><U122/><E106/><V72/><F82/><W110/><G102/><T76/><D76/><U37/><E36/><V64/><F64/><W48/><G66/><T3/><D65/><U123/><E37/><V7/><F7/><N who="0" m="2602" /><D3/><U9/><E123/><V0/><F0/><W57/><G1/><T88/><D124/><U23/><E122/><V56/><F72/><W96/><G84/><T105/><D105/><U11/><E33/><V47/><F47/><W58/><G35/><T127/><D127/><U59/><E32/><V55/><F42/><W15/><G17/><T109/><D109/><U30/><E43/><V69/><F69/><W112/><G110/><T50/><D50/><U68/><E68/><V73/><F73/><W134/><G48/><T78/><D78/><U71/><E71/><V77/><F77/><W125/><G112/><T116/><D116/><U8/><E34/><V83/><F83/><W13/><G125/><T31/><D31/><U111/><E111/><V95/><F99/><W131/><G97/><RYUUKYOKU ba="1,0" sc="237,15,248,-15,314,15,201,-15" hai0="88,132,133,135" hai2="12,18,44,45,46,49,55,56,94,95" /><INIT seed="2,2,0,1,0,46" ten="252,233,329,186" oya="2" hai0="98,77,131,22,33,66,109,30,63,113,38,122,62" hai1="37,53,72,61,9,81,51,21,114,68,29,19,6" hai2="47,112,50,11,10,39,130,79,115,4,93,16,28" hai3="121,119,123,85,133,13,17,71,35,23,7,84,78"/><V2/><F39/><W69/><G35/><T94/><D33/><U44/><E114/><V116/><F116/><W15/><G119/><T73/><D38/><U27/><E37/><V101/><F130/><W97/><G133/><T86/><D73/><U118/><E118/><V107/><F107/><W76/><G23/><T58/><D113/><U105/><E105/><V111/><F28/><W117/><G117/><T103/><D122/><U88/><E72/><V95/><F79/><W90/><G97/><T56/><D109/><U96/><E68/><V60/><F60/><W36/><G36/><T67/><D131/><U82/><E61/><V0/><F111/><W40/><G40/><T102/><D86/><U18/><E82/><V83/><F83/><W12/><G17/><T106/><D77/><U25/><E25/><V48/><F101/><W1/><G15/><T100/><D106/><U89/><E89/><V41/><F16/><W99/><G99/><T87/><D87/><N who="1" m="50287" /><E96/><V110/><F110/><W42/><G90/><T20/><D20/><U91/><E91/><V132/><F132/><W129/><G1/><T52/><D67/><U24/><E24/><AGARI ba="2,0" hai="22,24,30,52,56,58,62,63,66,94,98,100,102,103" machi="24" ten="40,8000,1" yaku="25,2,8,1,54,1" doraHai="46" who="0" fromWho="1" sc="252,86,233,-86,329,0,186,0" /><INIT seed="3,0,0,0,2,62" ten="338,147,329,186" oya="3" hai0="76,101,133,99,25,112,125,10,13,130,119,79,105" hai1="28,18,135,126,49,36,41,123,78,3,127,55,63" hai2="89,111,109,67,53,19,44,77,115,30,84,35,42" hai3="64,124,34,93,37,51,70,58,43,9,0,16,46"/><W59/><G124/><N who="1" m="47658" /><E3/><V95/><F115/><W38/><G34/><T100/><D119/><U96/><E28/><V21/><F77/><W11/><G0/><T80/><D125/><U48/><E18/><V128/><F128/><W81/><G38/><T45/><D101/><U12/><E12/><V68/><F53/><W110/><G110/><N who="2" m="41993" /><F30/><W69/><G93/><T83/><D130/><U39/><E78/><V90/><F90/><W120/><G120/><T107/><D107/><U22/><E22/><V74/><F74/><W134/><G81/><T121/><D121/><U118/><E96/><V33/><F21/><W50/><G16/><T52/><D133/><U15/><E15/><V122/><F19/><W54/><G134/><T106/><D106/><U129/><E135/><V113/><F113/><W4/><G9/><T7/><D112/><U103/><E129/><V23/><F23/><W114/><G11/><T86/><D25/><U14/><E103/><V117/><F117/><W61/><G4/><T5/><D5/><U47/><E14/><V87/><F87/><W8/><G8/><T2/><D2/><U56/><E118/><V20/><F20/><W72/><G72/><T65/><D83/><U31/><E31/><V98/><F84/><W75/><G75/><T88/><D79/><U73/><E73/><V29/><F29/><W17/><G17/><T91/><D76/><U26/><E26/><V94/><F122/><W6/><G6/><T131/><D131/><U102/><E102/><V32/><F35/><W40/><G114/><T104/><D100/><U1/><E123/><RYUUKYOKU ba="0,0" sc="338,-10,147,-10,329,-10,186,30" hai3="37,40,43,46,50,51,54,58,59,61,64,69,70" /><INIT seed="3,1,0,0,5,89" ten="328,137,319,216" oya="3" hai0="57,47,66,105,34,55,104,15,32,68,2,90,108" hai1="109,56,36,58,119,83,103,94,123,99,18,131,71" hai2="96,91,49,110,60,121,80,59,40,86,72,0,88" hai3="69,38,41,73,65,50,118,122,102,33,35,20,63"/><W22/><G118/><T4/><D2/><U48/><E123/><V84/><F72/><W100/><G73/><T97/><D108/><U74/><E36/><V6/><F110/><W12/><G122/><T111/><D111/><U106/><E109/><V126/><F121/><W130/><G38/><T16/><D4/><U107/><E71/><V17/><F126/><W44/><G130/><T78/><D78/><U127/><E131/><V93/><F0/><W24/><G12/><T37/><D68/><U79/><E127/><V11/><F6/><W54/><G41/><T133/><D133/><U124/><E124/><V95/><F17/><W98/><G100/><T26/><D66/><U92/><E119/><V82/><F11/><W31/><REACH who="3" step="1"/><G35/><REACH who="3" ten="328,137,319,206" step="2"/><T135/><D32/><U76/><E74/><V21/><F21/><W129/><G129/><T3/><D34/><U117/><E103/><V19/><F40/><W7/><G7/><T52/><D15/><U112/><E117/><V85/><F80/><W101/><G101/><T64/><D3/><U28/><E83/><V75/><F82/><W23/><G23/><T42/><D105/><AGARI ba="1,1" hai="20,22,24,31,33,44,50,54,63,65,69,98,102,105" machi="105" ten="30,11600,0" yaku="1,1,7,1,25,2,53,0" doraHai="89" doraHaiUra="77" who="3" fromWho="0" sc="328,-119,137,0,319,0,206,129" /><INIT seed="3,2,0,3,3,96" ten="209,137,319,335" oya="3" hai0="7,4,12,41,106,48,74,104,32,2,120,118,72" hai1="27,116,6,73,24,0,83,5,98,90,80,11,49" hai2="14,15,130,8,134,78,70,19,29,122,68,84,128" hai3="101,45,91,35,58,56,65,33,67,112,133,25,117"/><W86/><G117/><T93/><D32/><U10/><E116/><V23/><F134/><W102/><G112/><T42/><D118/><U40/><E73/><V135/><F135/><W62/><G133/><T108/><D108/><U28/><E98/><V88/><F78/><W55/><G35/><T36/><D36/><U38/><E38/><V97/><F122/><W100/><G45/><T52/><D2/><U99/><E99/><V69/><F97/><W89/><G89/><T1/><D1/><U132/><E132/><V75/><F75/><W111/><G111/><T9/><D120/><U53/><E40/><V30/><F30/><W18/><G33/><T85/><D4/><U119/><E119/><V54/><F54/><N who="3" m="34135" /><G25/><T61/><D61/><U79/><E90/><V82/><REACH who="2" step="1"/><F29/><REACH who="2" ten="209,137,309,335" step="2"/><W105/><G105/><T37/><D74/><U51/><E79/><V47/><F47/><W13/><G55/><T3/><D72/><U103/><E53/><V115/><F115/><W20/><G56/><T71/><D104/><U17/><E28/><V113/><F113/><W123/><G123/><T95/><D106/><U50/><E0/><V46/><F46/><W63/><G63/><T131/><D41/><U76/><E76/><V110/><F110/><W114/><G114/><T92/><D42/><U44/><E44/><V94/><F94/><AGARI ba="2,1" hai="13,18,20,65,67,86,91,94,100,101,102" m="34135" machi="94" ten="30,11600,0" yaku="8,1,52,3" doraHai="96" who="3" fromWho="2" sc="209,0,137,0,309,-122,335,132" /><INIT seed="3,3,0,1,2,59" ten="209,137,187,467" oya="3" hai0="118,80,42,100,53,20,16,104,93,52,49,37,90" hai1="46,92,97,56,23,28,44,18,73,35,96,21,83" hai2="79,5,108,128,48,22,103,17,12,99,84,69,72" hai3="105,10,114,50,3,43,86,1,14,62,91,19,32"/><W116/><G116/><T2/><D2/><U75/><E35/><V127/><F108/><W107/><G32/><T8/><D118/><U30/><E56/><V89/><F127/><W131/><G114/><T106/><D37/><U129/><E83/><V94/><F128/><W110/><G131/><T9/><D104/><U115/><E92/><V7/><F69/><W119/><G119/><T67/><D106/><U39/><E129/><V55/><F79/><W40/><G40/><T27/><D67/><U54/><E18/><V117/><F72/><W13/><G1/><T6/><D100/><U38/><REACH who="1" step="1"/><E54/><REACH who="1" ten="209,127,187,467" step="2"/><N who="0" m="21097" /><D6/><U26/><E26/><V113/><F117/><W85/><G107/><T25/><D80/><U64/><E64/><V45/><F113/><AGARI ba="3,1" hai="21,23,28,30,38,39,44,46,73,75,96,97,113,115" machi="113" ten="25,3200,0" yaku="1,1,22,2,53,0" doraHai="59" doraHaiUra="74" who="1" fromWho="2" sc="209,0,127,51,187,-41,467,0" /><INIT seed="4,0,0,2,5,122" ten="209,178,146,467" oya="0" hai0="3,80,127,121,134,115,52,117,90,92,61,4,95" hai1="33,70,79,0,76,41,21,51,45,35,68,32,50" hai2="133,5,123,18,15,89,130,129,44,2,64,126,106" hai3="42,37,34,27,93,63,7,19,40,57,98,109,86"/><T53/><D121/><U49/><E0/><V22/><F123/><W67/><G7/><T20/><D117/><U73/><E21/><V128/><F106/><W66/><G37/><T59/><D115/><U39/><REACH who="1" step="1"/><E73/><REACH who="1" ten="209,168,146,467" step="2"/><V13/><F2/><W55/><G34/><T113/><D20/><U36/><E36/><V111/><F22/><W107/><G67/><T8/><D113/><U120/><E120/><V85/><F64/><W31/><G66/><T119/><D119/><U17/><E17/><V24/><F18/><W23/><G19/><T101/><D134/><U110/><E110/><V38/><F111/><W62/><G109/><T69/><D127/><U72/><E72/><V114/><F133/><W108/><G23/><T60/><D4/><U48/><N who="1" m="12288" /><DORA hai="102" /><U56/><E56/><V91/><F38/><W131/><G57/><T83/><D3/><U74/><E74/><V99/><F5/><W87/><G108/><T30/><D8/><U124/><E124/><V54/><F126/><W16/><G16/><T26/><D59/><U84/><E84/><V78/><F85/><W12/><G86/><T65/><D65/><U100/><E100/><V112/><F112/><W6/><G87/><T10/><D10/><U58/><E58/><V75/><F114/><W118/><G6/><T94/><D101/><U46/><E46/><V82/><F44/><W71/><G118/><T105/><D30/><U81/><E81/><V14/><F82/><W88/><G31/><T43/><D83/><U77/><AGARI ba="0,1" hai="32,33,35,39,41,45,68,70,76,77,79" m="12288" machi="77" ten="50,8000,1" yaku="1,1,0,1,29,2,53,0" doraHai="122,102" doraHaiUra="25,116" who="1" fromWho="1" sc="209,-40,168,90,146,-20,467,-20" /><INIT seed="5,0,0,3,3,39" ten="169,258,126,447" oya="1" hai0="105,30,55,42,5,132,60,11,131,86,54,8,38" hai1="32,87,67,106,127,126,57,31,51,22,107,102,44" hai2="99,134,84,48,10,116,121,56,68,66,25,50,18" hai3="59,98,74,93,122,26,65,109,110,80,103,14,23"/><U85/><E32/><V63/><F121/><W15/><G122/><T34/><D105/><N who="1" m="39947" /><E102/><V104/><F116/><W62/><G74/><T33/><D131/><U123/><E123/><V37/><F134/><W24/><G24/><T75/><D75/><U20/><E57/><V27/><F37/><W114/><G114/><T71/><D132/><U64/><E31/><V43/><F84/><N who="1" m="32329" /><E51/><V19/><F56/><W135/><G80/><T1/><D11/><U79/><E44/><V13/><F19/><W130/><G130/><T125/><D125/><N who="1" m="47627" /><E79/><V111/><F50/><W76/><G76/><T89/><D30/><U81/><E81/><V41/><F48/><W77/><G77/><T2/><D34/><U46/><E46/><V72/><F72/><W45/><G45/><T58/><D33/><U78/><E78/><V124/><F124/><W94/><G135/><T95/><D71/><U112/><E112/><V7/><F18/><W73/><G73/><T128/><D128/><U52/><E52/><V91/><F104/><W28/><G93/><T21/><D55/><U16/><E16/><V129/><F129/><W96/><G94/><T101/><D101/><U113/><E113/><V61/><F68/><W83/><G83/><T88/><D21/><AGARI ba="0,0" hai="20,21,22,64,67" m="47627,32329,39947" machi="21" ten="40,7700,0" yaku="28,2,18,1" doraHai="39" who="1" fromWho="0" sc="169,-77,258,77,126,0,447,0" /><INIT seed="5,1,0,0,4,91" ten="92,335,126,447" oya="1" hai0="28,71,54,81,2,124,61,44,47,104,14,93,31" hai1="112,94,127,1,56,76,62,86,131,48,64,39,89" hai2="60,11,8,46,111,77,132,68,13,59,23,117,26" hai3="103,30,36,133,32,74,43,37,114,15,67,115,12"/><U135/><E39/><V20/><F111/><W130/><G74/><T109/><D2/><U83/><E1/><V35/><F117/><W0/><G0/><T96/><D104/><U95/><E112/><V113/><F68/><W107/><G133/><T92/><D109/><U102/><E135/><V49/><F132/><W53/><G53/><T134/><D134/><U4/><E131/><V66/><F113/><N who="3" m="43019" /><G67/><T27/><D124/><U55/><E127/><V108/><F108/><W128/><G103/><T88/><D71/><U6/><E102/><V80/><F35/><W9/><G107/><T51/><D61/><U16/><E16/><N who="2" m="10255" /><F80/><W21/><G32/><T129/><D129/><U65/><E65/><V19/><F77/><W126/><G126/><T125/><D125/><U42/><E42/><AGARI ba="1,0" hai="8,11,19,23,26,42,46,49,59,60,66" m="10255" machi="42" ten="30,2000,0" yaku="8,1,54,1" doraHai="91" who="2" fromWho="1" sc="92,0,335,-23,126,23,447,0" /><INIT seed="6,0,0,2,4,98" ten="92,312,149,447" oya="2" hai0="71,48,47,69,62,26,76,58,126,8,45,35,84" hai1="13,37,32,103,87,33,133,110,113,73,81,61,97" hai2="27,19,90,105,108,42,18,57,120,49,17,23,65" hai3="54,10,111,121,135,125,51,118,93,56,77,70,60"/><V119/><F119/><W43/><G121/><T82/><D126/><U12/><E37/><V39/><F120/><W15/><G111/><T96/><D45/><U44/><E73/><V0/><F0/><W128/><G118/><T127/><D127/><U11/><E110/><V91/><F105/><W24/><G125/><T117/><D117/><U75/><E75/><V31/><F108/><W129/><G135/><T104/><D8/><U122/><E122/><V36/><F36/><W123/><G77/><T134/><D134/><U46/><E133/><V14/><F39/><W16/><G123/><T99/><D35/><U131/><E131/><V72/><F72/><W89/><G24/><T130/><D130/><N who="3" m="50281" /><G43/><T95/><D26/><U64/><E32/><V5/><F65/><N who="3" m="41255" /><G93/><T53/><D104/><U34/><E34/><V124/><F124/><W3/><G89/><T68/><REACH who="0" step="1"/><D95/><REACH who="0" ten="82,312,149,447" step="2"/><N who="1" m="58815" /><E33/><V88/><F42/><AGARI ba="0,1" hai="42,47,48,53,58,62,68,69,71,76,82,84,96,99" machi="42" ten="40,1300,0" yaku="1,1,53,0" doraHai="98" doraHaiUra="6" who="0" fromWho="2" sc="82,23,312,0,149,-13,447,0" /><INIT seed="7,0,0,2,0,20" ten="105,312,136,447" oya="3" hai0="59,113,123,112,106,29,84,40,5,100,28,44,104" hai1="37,111,42,11,57,117,78,51,47,65,83,14,105" hai2="31,126,13,132,22,43,86,17,66,71,81,93,92" hai3="7,116,49,36,128,9,54,107,30,87,122,62,21"/><W101/><G21/><T114/><D123/><U131/><E105/><N who="0" m="40553" /><D5/><U58/><E111/><V41/><F126/><W60/><G128/><T25/><D100/><U46/><E131/><V16/><F132/><W95/><G36/><N who="0" m="21511" /><D59/><U94/><E117/><V129/><F129/><W82/><G62/><T133/><D133/><U6/><E65/><V35/><F35/><W68/><G30/><N who="0" m="11883" /><D84/><U27/><E94/><N who="2" m="36459" /><F71/><W39/><G39/><T79/><D79/><U74/><E74/><V124/><F124/><W10/><G10/><T125/><D125/><U98/><E98/><V85/><F66/><W108/><G95/><T12/><D12/><U38/><E38/><V89/><F31/><W45/><G54/><T80/><D80/><U2/><E27/><AGARI ba="0,0" hai="25,27,112,113,114" m="11883,21511,40553" machi="27" ten="40,8000,1" yaku="15,1,11,1,52,2" doraHai="20" who="0" fromWho="1" sc="105,80,312,-80,136,0,447,0" owari="185,-21.0,232,3.0,136,-36.0,447,54.0" /></mjloggm>