<mjloggm ver="2.3"><GO type="169" lobby="0"/><UN n0="%E5%B0%B1%E6%B4%BB%E7%94%9F%40%E5%B7%9D%E6%9D%91%E8%BB%8D%E5%9B%A3" n1="%E3%83%9F%E3%83%A9%E3%82%AF%E3%83%AB%E3%81%8A%E3%81%98%E3%81%95%E3%82%93" n2="%68%61%72%75%72%75%39%31" n3="%E3%83%90%E3%83%90%E3%82%A2%E3%81%AE%E6%97%A5%E5%82%98" dan="17,16,16,17" rate="2212.46,2121.48,2062.55,2180.84" sx="M,M,M,F"/><TAIKYOKU oya="0"/><INIT seed="0,0,0,1,1,120" ten="250,250,250,250" oya="0" hai0="88,92,6,89,7,107,118,117,106,40,53,32,36" hai1="0,86,95,30,57,48,80,102,18,14,21,100,94" hai2="128,24,22,78,119,44,135,67,111,115,37,39,134" hai3="99,124,52,73,60,58,61,1,50,2,38,103,97"/><T105/><D32/><U25/><E0/><V11/><F115/><W74/><G38/><T64/><D64/><U3/><E3/><V17/><F119/><W70/><G124/><T114/><D114/><U129/><E129/><V84/><F128/><W15/><G1/><T42/><D36/><U75/><E75/><V132/><F67/><W76/><G2/><T82/><D92/><U71/><E71/><V96/><F96/><W49/><G97/><T66/><D66/><U26/><E26/><V34/><F34/><W126/><G126/><T62/><D62/><U35/><E95/><V85/><F11/><W131/><G131/><T93/><D93/><U122/><E122/><V81/><F85/><W116/><G116/><N who="0" m="44651" /><D53/><N who="1" m="31911" /><E80/><V59/><F59/><W121/><G121/><T28/><D82/><U109/><E109/><V72/><F111/><W27/><G74/><T112/><D112/><U125/><E125/><V123/><F123/><W47/><G73/><T113/><D28/><U98/><E98/><V8/><F72/><W45/><G70/><T108/><D108/><U20/><E35/><V104/><F104/><W9/><G27/><T19/><D19/><U69/><E69/><V10/><F39/><W51/><G76/><T101/><D101/><U83/><E94/><V46/><F37/><W130/><G130/><T4/><D113/><U77/><AGARI ba="0,0" hai="14,18,20,21,25,30,77,83,86,100,102" m="31911" machi="77" ten="30,1100,0" yaku="8,1" doraHai="120" who="1" fromWho="1" sc="250,-5,250,11,250,-3,250,-3" /><INIT seed="1,0,0,0,0,10" ten="245,261,247,247" oya="1" hai0="77,117,62,120,21,79,54,13,64,11,134,40,19" hai1="68,63,15,76,8,125,36,52,127,30,42,16,133" hai2="116,106,17,32,93,71,33,25,65,58,99,60,3" hai3="80,87,95,48,6,105,119,7,115,88,130,46,1"/><U123/><E123/><V38/><F106/><W61/><G105/><T72/><D117/><U70/><E133/><V82/><F116/><W75/><G115/><T4/><D120/><U5/><E30/><V39/><F3/><W126/><G119/><T31/><D134/><U118/><E118/><V78/><F71/><W53/><G126/><N who="1" m="48138" /><E76/><V92/><F92/><W57/><G130/><T12/><D40/><U35/><E35/><V2/><F2/><W128/><G128/><T20/><D72/><U55/><E5/><V14/><F33/><W110/><G110/><T47/><D47/><N who="1" m="24007" /><E70/><V124/><F124/><W89/><G1/><T102/><D102/><U28/><E28/><V112/><F112/><W90/><G75/><T83/><D83/><U51/><E51/><V114/><F114/><W108/><G108/><T86/><D86/><U56/><E68/><V111/><F111/><W66/><REACH who="3" step="1"/><G90/><REACH who="3" ten="245,261,247,237" step="2"/><T29/><D77/><U81/><E81/><V23/><F82/><W96/><AGARI ba="0,1" hai="6,7,46,48,53,57,61,66,80,87,88,89,95,96" machi="96" ten="20,12000,2" yaku="1,1,2,1,0,1,7,1,8,1,54,1,53,0" doraHai="10" doraHaiUra="98" who="3" fromWho="3" sc="245,-30,261,-60,247,-30,237,130" /><INIT seed="2,0,0,0,4,133" ten="215,201,217,367" oya="2" hai0="81,4,51,107,72,128,16,85,52,130,74,0,6" hai1="15,30,18,40,93,7,126,99,20,41,13,53,132" hai2="42,68,111,96,12,70,38,75,45,26,11,135,1" hai3="19,123,14,32,90,122,89,62,44,37,25,64,58"/><V71/><F135/><W9/><G37/><T121/><D107/><U100/><E132/><V92/><F1/><W33/><G33/><T109/><D109/><U65/><E65/><V115/><F115/><W101/><G101/><T104/><D104/><U67/><E67/><V125/><F75/><W3/><G3/><T80/><D121/><U91/><E30/><V124/><F111/><W36/><G32/><T43/><D43/><U88/><E53/><V56/><F56/><W8/><G8/><T28/><D28/><U105/><E126/><N who="2" m="48747" /><F26/><W97/><G25/><T114/><D114/><U48/><E48/><V87/><F87/><W76/><G58/><T134/><D134/><U127/><E127/><V39/><F39/><W49/><G49/><T131/><D0/><U50/><E50/><V35/><F35/><W108/><G36/><T57/><D74/><U46/><E46/><V22/><F22/><W95/><G44/><T117/><D117/><U103/><E100/><N who="2" m="60423" /><F71/><W61/><G108/><T63/><D72/><U2/><E2/><V69/><F69/><W94/><G122/><T60/><D85/><U73/><E73/><V23/><F23/><W10/><G123/><T5/><D63/><U59/><E59/><V102/><F102/><W34/><G34/><T31/><D60/><U17/><E103/><V98/><F98/><W86/><G64/><T77/><D57/><U66/><E99/><V119/><F119/><W47/><G47/><T24/><D128/><U79/><E66/><V116/><F116/><W55/><G86/><T118/><D130/><U106/><E20/><RYUUKYOKU ba="0,0" sc="215,-10,201,-10,217,30,367,-10" hai2="11,12,38,42,45,68,70" /><INIT seed="2,1,0,3,3,9" ten="205,191,247,357" oya="2" hai0="42,91,39,134,68,18,82,76,95,102,51,2,33" hai1="133,103,72,57,21,114,38,35,129,121,0,53,73" hai2="41,15,32,6,1,126,7,48,122,3,83,55,75" hai3="40,107,131,101,27,81,90,87,112,36,28,128,104"/><V54/><F122/><W109/><G109/><T65/><D134/><U125/><RYUUKYOKU type="yao9" ba="1,0" sc="205,0,191,0,247,0,357,0" hai1="0,21,35,38,53,57,72,73,103,114,121,125,129,133" /><INIT seed="2,2,0,5,2,134" ten="205,191,247,357" oya="2" hai0="32,16,31,55,84,102,89,61,119,135,98,14,80" hai1="25,79,28,68,81,11,57,50,125,120,108,105,8" hai2="130,34,42,75,21,69,103,82,88,59,132,18,17" hai3="131,127,117,85,22,2,74,12,83,38,133,19,1"/><V67/><F34/><W43/><G74/><T33/><D135/><U106/><E68/><V64/><F132/><W118/><G38/><T41/><D119/><N who="3" m="45577" /><G85/><T96/><D41/><U90/><E108/><V53/><F130/><W47/><G83/><T10/><D31/><U6/><E120/><V107/><F42/><W65/><G47/><T97/><D102/><U40/><E90/><V35/><F35/><W9/><G65/><T20/><D20/><U23/><E11/><V48/><F18/><N who="3" m="8463" /><G43/><T56/><AGARI ba="2,0" hai="10,14,16,32,33,55,56,61,80,84,89,96,97,98" machi="56" ten="30,2000,0" yaku="0,1,54,1" doraHai="134" who="0" fromWho="0" sc="205,26,191,-7,247,-12,357,-7" /><INIT seed="3,0,0,5,1,16" ten="231,184,235,350" oya="3" hai0="24,14,34,108,119,69,79,40,106,30,101,72,11" hai1="86,8,9,135,82,105,47,19,59,41,21,65,131" hai2="36,92,67,26,71,1,4,49,121,87,116,109,5" hai3="129,37,68,78,117,39,115,85,0,54,62,132,33"/><W22/><G33/><T110/><D119/><U73/><E73/><V133/><F36/><W57/><G0/><T112/><D112/><U107/><E135/><V10/><F116/><W95/><G115/><T50/><D69/><U23/><E131/><V93/><F133/><W97/><G132/><T130/><D130/><U45/><E59/><V122/><F109/><W134/><G68/><T53/><D40/><U118/><E118/><V17/><F4/><W32/><G32/><T2/><D2/><U77/><E65/><V66/><F49/><W104/><G104/><T90/><D101/><U70/><E70/><V126/><F126/><W76/><G117/><T100/><D100/><U3/><E47/><V31/><F17/><W113/><G113/><T27/><D27/><U102/><E3/><V56/><F56/><W111/><G37/><T103/><D103/><U80/><E80/><V81/><F67/><W124/><G39/><T125/><D125/><U64/><E64/><V43/><F43/><W58/><G124/><T44/><D106/><U63/><E41/><V60/><F122/><W51/><G129/><T84/><D79/><U74/><E77/><N who="2" m="46511" /><F121/><W91/><G111/><T42/><D72/><U123/><E74/><V35/><F71/><W13/><G134/><T7/><REACH who="0" step="1"/><D42/><REACH who="0" ten="221,184,235,350" step="2"/><U98/><E107/><V99/><F1/><W61/><G76/><T89/><D89/><U114/><E105/><V88/><F88/><W25/><G78/><T55/><D55/><U94/><E114/><V28/><F26/><W120/><G25/><T38/><D38/><U12/><E123/><RYUUKYOKU ba="0,1" sc="221,30,184,-10,235,-10,350,-10" hai0="7,11,14,24,30,34,44,50,53,84,90,108,110" /><INIT seed="4,1,1,0,5,92" ten="251,174,225,340" oya="0" hai0="103,107,35,6,18,98,91,50,127,88,114,115,63" hai1="110,119,31,104,78,118,106,21,117,121,46,0,42" hai2="81,34,65,113,82,2,14,73,16,8,47,135,105" hai3="58,22,109,48,85,86,126,68,43,11,108,41,100"/><T74/><D35/><U128/><E121/><V37/><F113/><N who="0" m="43018" /><D127/><U67/><E110/><V72/><F135/><W26/><G68/><T13/><D74/><U70/><E0/><V71/><F34/><W29/><G126/><T77/><D77/><U124/><E124/><V32/><F32/><W75/><G75/><T66/><D6/><U122/><E122/><V99/><F72/><W84/><G108/><T93/><D50/><U62/><E128/><V1/><F65/><W60/><G48/><T17/><D13/><U79/><E78/><V80/><F71/><W94/><G11/><T4/><D4/><U123/><E123/><V45/><F73/><W76/><G76/><T64/><D64/><U56/><E79/><V97/><F105/><W49/><G49/><T130/><D130/><U9/><E9/><V23/><F8/><W28/><G28/><T30/><D30/><U59/><E106/><V40/><REACH who="2" step="1"/><F47/><REACH who="2" ten="251,174,215,340" step="2"/><W95/><G109/><T134/><D134/><U54/><E104/><V101/><F101/><W133/><G133/><T25/><D25/><U19/><E46/><V24/><F24/><W55/><G100/><T57/><D91/><U53/><E70/><V102/><F102/><W90/><G90/><T39/><D39/><U15/><E67/><V96/><AGARI ba="1,2" hai="1,2,14,16,23,37,40,45,80,81,82,96,97,99" machi="96" ten="30,12000,2" yaku="1,1,0,1,52,3,54,1,53,0" doraHai="92" doraHaiUra="51" who="2" fromWho="2" sc="251,-61,174,-31,215,143,340,-31" /><INIT seed="5,0,0,4,0,6" ten="190,143,358,309" oya="1" hai0="94,20,78,17,104,25,123,126,37,100,68,28,88" hai1="47,21,129,30,86,14,16,124,133,111,103,74,75" hai2="54,9,73,55,3,27,19,91,112,31,102,57,109" hai3="106,51,76,52,115,45,49,114,71,24,39,64,95"/><U127/><E129/><V131/><F109/><W59/><G106/><T12/><D68/><U33/><E111/><V90/><F131/><W107/><G107/><T113/><D37/><U13/><E133/><V44/><F73/><W108/><G108/><T42/><D113/><N who="3" m="43017" /><G76/><T135/><D126/><N who="1" m="48171" /><E103/><V70/><F70/><W23/><G71/><T96/><D135/><U43/><E86/><V35/><F112/><W32/><G32/><T53/><D123/><U41/><E13/><V67/><F67/><W118/><G39/><T56/><D42/><N who="1" m="15883" /><E47/><V105/><F44/><W87/><G118/><T93/><D78/><U80/><E80/><V1/><F1/><W120/><G87/><T18/><D12/><U29/><E33/><V99/><F3/><W92/><G120/><T0/><D0/><U116/><E116/><V40/><F40/><N who="3" m="24743" /><G64/><T72/><D72/><AGARI ba="0,0" hai="14,16,21,29,30,72,74,75" m="15883,48171" machi="72" ten="30,2900,0" yaku="18,1,54,1" doraHai="6" who="1" fromWho="0" sc="190,-29,143,29,358,0,309,0" /><INIT seed="5,1,0,4,2,50" ten="161,172,358,309" oya="1" hai0="15,45,83,20,127,110,37,32,53,121,10,118,87" hai1="41,4,66,100,117,19,18,105,17,2,16,94,129" hai2="44,130,28,65,68,131,69,3,104,133,7,39,78" hai3="90,27,97,54,33,36,95,47,56,63,111,106,62"/><U116/><E105/><V96/><F133/><W126/><G111/><T61/><D110/><U107/><E107/><V58/><F78/><W89/><G106/><T70/><D32/><U92/><E129/><N who="2" m="49163" /><F28/><W21/><G33/><T132/><D118/><U119/><E100/><N who="2" m="62471" /><F7/><W101/><G126/><T91/><D132/><U109/><E109/><V84/><F3/><W23/><G23/><T5/><D127/><U11/><N who="1" m="4608" /><DORA hai="79" /><U29/><E29/><V51/><F84/><W88/><G36/><T108/><D108/><U123/><E123/><V98/><F98/><W34/><G34/><T125/><D125/><U9/><E9/><V22/><F22/><W12/><G12/><T49/><D121/><U81/><E41/><N who="2" m="24975" /><F39/><W59/><G21/><T40/><D20/><U67/><REACH who="1" step="1"/><E81/><REACH who="1" ten="161,162,358,309" step="2"/><V72/><F72/><W120/><G120/><T77/><D70/><U46/><E46/><V30/><F30/><W76/><G47/><T75/><D75/><U35/><E35/><V60/><AGARI ba="1,1" hai="58,60,65,68,69" m="24975,62471,49163" machi="60" ten="30,1100,0" yaku="19,1" doraHai="50,79" who="2" fromWho="2" sc="161,-4,162,-6,358,24,309,-4" /><INIT seed="6,0,0,1,5,73" ten="157,156,382,305" oya="2" hai0="132,114,24,58,97,23,127,115,121,33,98,103,119" hai1="53,35,1,45,43,62,113,3,111,66,47,104,54" hai2="4,51,83,28,46,0,38,81,31,86,87,52,37" hai3="56,89,105,10,17,39,118,107,93,101,117,34,102"/><V124/><F124/><W78/><G34/><T19/><D121/><U29/><E111/><V91/><F37/><W9/><G39/><T27/><D127/><U74/><E104/><N who="3" m="40010" /><G56/><T110/><D132/><U36/><E113/><N who="0" m="43017" /><D110/><U68/><E74/><V6/><F38/><W16/><G89/><T108/><D108/><U129/><E129/><V7/><REACH who="2" step="1"/><F0/><REACH who="2" ten="157,156,372,305" step="2"/><W77/><G117/><T72/><D119/><U122/><E1/><V49/><F49/><W21/><G118/><T8/><D97/><U18/><E3/><V57/><F57/><W95/><G21/><T55/><D98/><U120/><E36/><V92/><F92/><N who="3" m="35403" /><G9/><T94/><D8/><U26/><E122/><V12/><F12/><W76/><G10/><T130/><D94/><U99/><E120/><V67/><F67/><W5/><G5/><T15/><D130/><U131/><E66/><V69/><F69/><W32/><G32/><T59/><D59/><U14/><E35/><V22/><F22/><W75/><G75/><T40/><D72/><U90/><E68/><V125/><F125/><W79/><N who="3" m="19456" /><DORA hai="84" /><W106/><G106/><T25/><D33/><U30/><E131/><V70/><F70/><W109/><G109/><T64/><D64/><U13/><E13/><V133/><F133/><W60/><G60/><T112/><D112/><U11/><E14/><V100/><F100/><AGARI ba="0,1" hai="16,17,100,101,102" m="19456,35403,40010" machi="100" ten="50,12000,2" yaku="28,2,52,4,54,1" doraHai="73,84" who="3" fromWho="2" sc="157,0,156,0,372,-120,305,130" /><INIT seed="7,0,0,5,4,57" ten="157,156,252,435" oya="3" hai0="7,85,54,116,87,34,90,86,31,13,52,38,4" hai1="53,9,99,11,62,59,65,135,115,122,76,83,97" hai2="58,14,32,91,5,106,15,35,66,103,22,19,28" hai3="0,29,75,12,30,41,10,134,112,113,23,102,80"/><W131/><G23/><T73/><D116/><U21/><E122/><V26/><F103/><W127/><G12/><T129/><D73/><U24/><E115/><V111/><F106/><W125/><G80/><T63/><D129/><U39/><E39/><V71/><F71/><W27/><G27/><T105/><D105/><U82/><E135/><V51/><F111/><W78/><G10/><N who="1" m="3594" /><E65/><V61/><F91/><W107/><G102/><T64/><D38/><U119/><E119/><V89/><F89/><W70/><G41/><T108/><D108/><U25/><E76/><V98/><F98/><N who="1" m="37385" /><E25/><V94/><F94/><W104/><G78/><T126/><D126/><U68/><E68/><V96/><F96/><W20/><G70/><T42/><D34/><U133/><E133/><V8/><F51/><W84/><G134/><T36/><D13/><U46/><E46/><V130/><F130/><W33/><G104/><T18/><D18/><AGARI ba="0,0" hai="18,21,24,53,59,62,82,83" m="37385,3594" machi="18" ten="30,2000,0" yaku="8,1,52,1" doraHai="57" who="1" fromWho="0" sc="157,-20,156,20,252,0,435,0" owari="137,-36.0,176,-22.0,252,5.0,435,53.0" /></mjloggm>