<mjloggm ver="2.3"><GO type="169" lobby="0"/><UN n0="%E3%83%88%E3%83%88%E3%83%AA%E5%85%88%E7%94%9F%31%39%E6%AD%B3" n1="%67%6F%6D%75" n2="%E6%B9%98%E5%8C%97%E2%91%AD%E4%B8%89%E4%BA%95%E5%AF%BF" n3="%54%4F%52" dan="18,16,16,16" rate="2195.49,2052.97,2209.49,2045.33" sx="F,M,M,M"/><TAIKYOKU oya="0"/><INIT seed="0,0,0,4,1,91" ten="250,250,250,250" oya="0" hai0="83,134,135,120,76,95,46,26,27,29,51,86,99" hai1="3,133,42,61,77,1,93,64,57,66,41,28,35" hai2="123,56,21,40,114,45,22,2,63,74,47,107,131" hai3="125,8,100,38,55,78,14,89,34,43,102,16,18"/><T79/><D120/><U72/><E72/><V58/><F2/><W130/><G34/><T13/><D79/><U0/><E77/><V94/><F107/><W10/><G78/><T98/><D98/><U15/><E133/><V70/><F74/><W12/><G130/><T62/><D62/><U37/><E64/><V112/><F70/><W48/><G125/><T117/><D117/><U6/><E35/><V4/><F131/><W20/><G20/><T87/><D87/><U52/><E28/><V129/><F129/><W122/><G122/><T36/><D36/><U92/><E66/><V49/><F4/><W17/><G17/><T54/><D13/><U116/><E116/><V109/><F123/><W110/><G110/><T59/><D46/><U101/><E101/><V19/><F109/><W103/><G89/><T90/><REACH who="0" step="1"/><D27/><REACH who="0" ten="240,250,250,250" step="2"/><U31/><E37/><V108/><F108/><W96/><G38/><T104/><D104/><U7/><E15/><V118/><F118/><W80/><G96/><T81/><D81/><U115/><E0/><V44/><F47/><W71/><G80/><T60/><D60/><U124/><E1/><V33/><F63/><W53/><G71/><T30/><D30/><U106/><E31/><V84/><F45/><AGARI ba="0,1" hai="8,10,12,14,16,18,43,45,48,53,55,100,102,103" machi="45" ten="40,5200,0" yaku="9,1,8,1,54,1" doraHai="91" who="3" fromWho="2" sc="240,0,250,0,250,-52,250,62" /><INIT seed="1,0,0,1,1,19" ten="240,250,198,312" oya="1" hai0="29,87,8,5,88,0,118,30,94,69,125,74,56" hai1="10,96,113,12,107,109,92,112,41,122,42,9,54" hai2="119,115,97,65,104,89,36,71,49,76,7,3,16" hai3="70,91,114,133,62,66,123,124,51,48,4,17,24"/><U120/><E107/><V106/><F119/><W27/><G123/><N who="1" m="47146" /><E54/><V13/><F115/><N who="1" m="44105" /><E12/><V127/><F36/><W50/><G114/><T116/><D125/><U77/><E77/><V20/><F127/><W2/><G133/><T73/><D69/><U46/><E46/><V90/><F76/><W81/><G124/><T18/><D56/><U80/><E80/><V23/><F49/><W33/><G33/><T38/><D38/><U129/><E96/><V28/><F65/><W40/><G40/><N who="1" m="15466" /><E92/><V35/><F71/><W53/><G53/><T95/><D95/><U117/><E117/><V25/><F104/><W126/><G126/><T121/><D121/><U67/><E67/><V32/><F106/><W11/><G81/><T61/><D118/><U78/><E78/><V100/><F97/><W82/><G82/><T68/><D116/><U52/><E52/><V15/><F100/><W1/><G1/><T84/><D68/><U64/><E64/><V130/><F90/><W44/><G44/><T57/><D18/><U14/><E14/><V102/><F89/><W45/><G45/><T83/><D30/><U43/><N who="1" m="15474" /><U128/><DORA hai="58" /><E109/><V55/><F102/><W132/><G91/><N who="0" m="53631" /><D29/><U39/><E39/><V110/><F55/><W98/><G98/><T79/><D88/><U93/><E93/><V63/><F110/><W37/><G37/><T103/><D103/><U34/><E34/><N who="2" m="12843" /><F15/><W135/><REACH who="3" step="1"/><G17/><REACH who="3" ten="240,250,198,302" step="2"/><T99/><D99/><U47/><E47/><V59/><F16/><W105/><G105/><T131/><D83/><U72/><E72/><V6/><F3/><RYUUKYOKU ba="0,1" sc="240,-15,250,15,198,-15,302,15" hai1="9,10,128,129" hai3="2,4,11,24,27,48,50,51,62,66,70,132,135" /><INIT seed="1,1,1,0,2,24" ten="225,265,183,317" oya="1" hai0="79,129,91,77,36,121,23,74,46,118,95,73,51" hai1="93,10,17,18,61,54,64,106,76,101,7,113,67" hai2="122,119,33,120,103,68,125,123,53,0,115,132,4" hai3="56,43,128,72,78,81,100,126,66,50,16,107,14"/><U9/><E113/><V25/><F68/><W75/><G75/><T80/><D118/><U8/><E106/><V87/><F103/><W86/><G128/><T1/><D36/><U30/><E7/><V28/><F87/><W44/><G126/><T15/><D1/><U102/><E76/><V99/><F99/><W92/><G107/><T82/><D129/><U109/><E102/><V130/><F53/><W13/><G72/><T83/><D83/><U98/><E109/><V58/><F58/><W55/><G66/><N who="1" m="25130" /><E30/><V11/><F130/><W116/><G116/><T20/><D15/><U47/><E47/><V42/><F42/><W6/><G6/><T114/><D114/><U45/><E45/><V37/><F37/><W5/><G5/><T111/><D121/><U22/><E22/><V127/><F119/><W135/><G135/><T94/><D111/><U89/><E101/><V52/><F52/><W124/><G124/><N who="2" m="47689" /><F132/><W85/><G85/><T108/><D108/><U62/><E62/><V133/><F133/><W40/><G40/><T57/><D57/><AGARI ba="1,1" hai="8,9,10,17,18,54,57,61,89,93,98" m="25130" machi="57" ten="30,1500,0" yaku="8,1" doraHai="24" who="1" fromWho="0" sc="225,-18,265,28,183,0,317,0" /><INIT seed="1,2,0,4,2,17" ten="207,293,183,317" oya="1" hai0="77,71,9,69,111,118,20,0,60,6,83,81,133" hai1="10,86,79,15,91,49,68,43,115,119,1,107,37" hai2="93,57,22,53,35,123,51,59,78,129,124,121,106" hai3="19,50,103,80,32,8,116,23,42,88,117,73,70"/><U89/><E1/><V21/><F35/><W99/><G32/><T95/><D118/><N who="3" m="45673" /><G70/><T12/><D111/><U122/><E115/><V120/><F106/><W52/><G42/><T112/><D112/><U29/><E122/><V131/><F78/><N who="3" m="44111" /><G8/><T11/><D133/><U130/><E107/><V63/><F124/><W13/><G103/><T102/><D83/><U94/><E68/><V62/><F93/><N who="3" m="56743" /><G50/><T26/><D95/><U7/><E130/><N who="2" m="49675" /><F51/><W41/><G41/><T18/><D102/><U132/><E132/><V114/><F114/><W16/><G19/><T36/><D36/><U97/><E79/><V109/><F109/><W84/><G84/><T74/><REACH who="0" step="1"/><D60/><REACH who="0" ten="197,293,183,317" step="2"/><U56/><E37/><V14/><F14/><W33/><G33/><T125/><D125/><U76/><E15/><V61/><F63/><W45/><G45/><T48/><D48/><U46/><E119/><V87/><F87/><W47/><G47/><T28/><AGARI ba="2,1" hai="0,6,9,11,12,18,20,26,28,69,71,74,77,81" machi="28" ten="20,12000,2" yaku="1,1,0,1,7,1,52,1,53,2" doraHai="17" doraHaiUra="4" who="0" fromWho="0" sc="197,136,293,-62,183,-32,317,-32" /><INIT seed="2,0,0,1,0,36" ten="333,231,151,285" oya="2" hai0="135,0,42,20,17,87,133,88,117,116,35,114,86" hai1="97,124,18,108,47,7,50,23,121,110,76,79,77" hai2="28,53,85,80,2,96,5,22,63,128,122,52,65" hai3="31,51,129,98,14,56,25,109,29,66,21,84,91"/><V125/><F122/><W44/><G109/><N who="1" m="42090" /><E124/><V15/><F125/><W118/><G118/><N who="0" m="45675" /><D114/><U8/><E97/><V59/><F128/><W9/><G129/><T32/><D0/><N who="1" m="103" /><E121/><V90/><F2/><W132/><G132/><N who="0" m="50763" /><D42/><N who="1" m="24951" /><E79/><V62/><F62/><N who="3" m="38215" /><G98/><T33/><D88/><U46/><E46/><V30/><F96/><W12/><G31/><N who="2" m="11817" /><F5/><W10/><G10/><T24/><AGARI ba="0,0" hai="17,20,24,32,33,35,86,87" m="50763,45675" machi="24" ten="40,2700,0" yaku="12,1,20,1" doraHai="36" who="0" fromWho="0" sc="333,27,231,-7,151,-13,285,-7" /><INIT seed="3,0,0,3,3,84" ten="360,224,138,278" oya="3" hai0="4,132,119,61,134,29,44,131,25,39,54,35,16" hai1="37,68,52,22,49,5,70,51,15,102,101,108,121" hai2="47,9,83,115,130,3,114,120,116,86,135,81,32" hai3="48,19,98,109,104,76,46,89,59,8,103,78,122"/><W62/><G122/><T56/><D119/><U21/><E37/><V99/><F32/><W64/><G109/><T50/><D131/><U41/><E108/><V27/><F27/><W79/><G8/><T106/><D106/><U117/><E121/><V18/><F3/><W1/><G1/><T31/><D39/><U34/><E34/><V91/><F120/><W65/><G19/><T88/><D4/><U105/><E105/><V36/><F116/><W127/><G127/><T123/><D123/><U90/><E117/><V111/><F130/><W72/><G65/><T125/><D125/><U85/><E41/><V113/><F111/><W57/><G57/><T17/><D31/><U24/><E49/><V55/><F36/><W95/><G72/><T7/><D7/><U77/><E77/><V94/><F135/><N who="0" m="51754" /><D88/><U128/><E128/><V107/><F107/><W126/><G126/><T87/><D87/><U14/><E68/><V13/><F83/><W10/><G10/><T96/><D96/><U26/><E70/><V40/><F40/><AGARI ba="0,0" hai="16,17,25,29,35,40,44,50,54,56,61" m="51754" machi="40" ten="30,2000,0" yaku="20,1,54,1" doraHai="84" who="0" fromWho="2" sc="360,20,224,0,138,-20,278,0" /><INIT seed="4,0,0,3,1,92" ten="380,224,118,278" oya="0" hai0="6,96,106,1,104,72,52,37,79,10,122,129,46" hai1="93,76,71,97,103,101,113,47,33,105,90,98,132" hai2="50,8,99,31,25,81,78,130,32,94,26,110,67" hai3="118,61,66,11,126,35,109,4,87,65,119,7,58"/><T124/><D122/><U102/><E33/><V21/><F130/><W108/><G35/><T16/><D129/><U84/><E71/><V85/><F110/><W82/><G126/><T38/><D124/><U3/><E3/><V27/><F67/><W111/><G66/><T133/><D133/><U48/><E132/><V42/><F8/><W63/><G63/><T127/><D127/><U74/><E113/><V135/><F135/><W0/><REACH who="3" step="1"/><G4/><REACH who="3" ten="380,224,118,268" step="2"/><T5/><D5/><U125/><E125/><V12/><F32/><W23/><G23/><T13/><D6/><U49/><E74/><V116/><F116/><W60/><G60/><T44/><D72/><U62/><E62/><V45/><REACH who="2" step="1"/><F12/><REACH who="2" ten="380,224,108,268" step="2"/><W9/><G9/><T121/><D13/><U41/><E105/><V22/><F22/><W91/><AGARI ba="0,2" hai="0,7,11,58,61,65,82,87,91,108,109,111,118,119" machi="91" ten="30,4000,0" yaku="1,1,0,1,53,1" doraHai="92" doraHaiUra="56" who="3" fromWho="3" sc="380,-20,224,-10,108,-10,268,60" /><INIT seed="5,0,0,3,3,61" ten="360,214,98,328" oya="1" hai0="66,31,65,4,120,18,99,29,103,85,42,87,86" hai1="113,3,82,32,0,36,33,22,70,35,73,98,52" hai2="126,57,92,122,125,108,129,69,59,127,71,91,112" hai3="132,90,78,102,44,133,15,84,49,53,121,6,93"/><U68/><E36/><V110/><F122/><W38/><G121/><T114/><D120/><U28/><E113/><V26/><F26/><W47/><G102/><T79/><D114/><U19/><E28/><N who="0" m="10825" /><D42/><U7/><E98/><V43/><F112/><W130/><G130/><T75/><D75/><U16/><E19/><V135/><F129/><W9/><G78/><T105/><D105/><U20/><E20/><V118/><F118/><W11/><G38/><T46/><D46/><U10/><E0/><V106/><F106/><W117/><G117/><T107/><D4/><U88/><E52/><V56/><F43/><W50/><REACH who="3" step="1"/><G11/><REACH who="3" ten="360,214,98,318" step="2"/><T80/><D103/><U1/><E73/><V34/><F34/><W63/><G63/><T94/><D79/><U101/><E101/><V12/><F12/><W24/><G24/><T14/><D107/><U45/><E3/><V131/><F131/><W23/><G23/><N who="0" m="11735" /><D80/><U96/><E35/><V13/><F13/><W40/><AGARI ba="0,1" hai="6,9,15,40,44,47,49,50,53,84,90,93,132,133" machi="40" ten="30,2000,0" yaku="1,1,0,1,53,0" doraHai="61" doraHaiUra="97" who="3" fromWho="3" sc="360,-5,214,-10,98,-5,318,30" /><INIT seed="6,0,0,3,2,19" ten="355,204,93,348" oya="2" hai0="23,123,105,60,33,85,52,132,43,103,48,17,54" hai1="83,126,31,64,0,99,128,46,125,53,106,135,90" hai2="107,80,59,116,37,7,94,111,8,2,67,21,91" hai3="84,77,13,44,5,15,79,50,129,28,12,113,20"/><V25/><F107/><W114/><G129/><T18/><D123/><U122/><E128/><V30/><F37/><W120/><G120/><T41/><D33/><U104/><E122/><V22/><F116/><W127/><G127/><N who="1" m="48650" /><E0/><V58/><F111/><W72/><G72/><T39/><D39/><U81/><E135/><V97/><F67/><W87/><G5/><T131/><D131/><U75/><E64/><V134/><F134/><W112/><G28/><T118/><D132/><U115/><E115/><V26/><REACH who="2" step="1"/><F80/><REACH who="2" ten="355,204,83,348" step="2"/><W51/><G114/><T133/><D105/><U6/><E83/><V86/><F86/><W76/><G113/><T108/><D85/><N who="3" m="32841" /><G112/><T124/><D108/><U82/><E81/><V70/><F70/><W95/><G95/><T101/><D124/><U92/><E82/><V32/><F32/><W9/><G9/><T56/><D133/><U3/><E75/><V117/><F117/><W98/><G98/><T66/><D118/><U93/><E106/><V110/><F110/><W89/><G79/><T42/><D66/><U100/><E93/><V14/><F14/><W49/><G77/><T40/><N who="0" m="10240" /><DORA hai="29" /><T27/><D17/><AGARI ba="0,1" hai="2,7,8,17,21,22,25,26,30,58,59,91,94,97" machi="17" ten="30,11600,0" yaku="1,1,7,1,52,2,53,0" doraHai="19,29" doraHaiUra="38,109" who="2" fromWho="0" sc="355,-116,204,0,83,126,348,0" /><INIT seed="6,1,0,0,4,101" ten="239,204,209,348" oya="2" hai0="118,16,56,67,95,111,36,55,10,87,82,4,11" hai1="105,103,48,5,70,46,130,126,85,116,30,61,7" hai2="108,35,129,12,40,53,1,122,64,69,52,71,8" hai3="90,102,63,106,124,17,92,132,26,99,72,68,62"/><V32/><F1/><W57/><G72/><T73/><D111/><U28/><E116/><V128/><F40/><W27/><G132/><T113/><D118/><U109/><E109/><V2/><F2/><W50/><G124/><T84/><D36/><U66/><E126/><V96/><F108/><W9/><G50/><T58/><D73/><U25/><E130/><N who="2" m="50283" /><F122/><W19/><G68/><N who="2" m="26185" /><F64/><W39/><G39/><T79/><D113/><U86/><E30/><V65/><F65/><W134/><G134/><T91/><D4/><N who="1" m="1611" /><E48/><V94/><F12/><W78/><G78/><T37/><D37/><U31/><E46/><V14/><F14/><W38/><G38/><T123/><D123/><U133/><E31/><V54/><F8/><W83/><G9/><T41/><D41/><U23/><E133/><V47/><F47/><W74/><G27/><T119/><D119/><U107/><E107/><V60/><F60/><W97/><G63/><N who="0" m="38391" /><D16/><U100/><E23/><V44/><F44/><W115/><G26/><T34/><D34/><N who="1" m="20751" /><E103/><AGARI ba="1,0" hai="32,35,52,53,54,94,96,103" m="26185,50283" machi="103" ten="40,3900,0" yaku="19,1,54,1" doraHai="101" who="2" fromWho="1" sc="239,0,204,-42,209,42,348,0" /><INIT seed="6,2,0,0,2,17" ten="239,162,251,348" oya="2" hai0="12,5,0,21,116,87,131,29,22,33,53,65,27" hai1="8,15,127,56,117,75,105,112,35,82,120,45,93" hai2="66,62,60,72,122,4,96,67,73,40,55,1,132" hai3="54,50,63,80,68,91,79,24,134,7,16,31,123"/><V135/><F122/><W97/><G123/><T6/><D65/><N who="2" m="24586" /><F4/><N who="0" m="1642" /><D0/><U13/><E120/><V41/><F1/><W92/><G68/><T78/><D33/><U10/><E56/><V130/><F96/><W129/><G63/><N who="2" m="24105" /><F55/><W46/><G129/><T99/><D131/><U76/><E127/><V109/><F130/><W128/><G134/><N who="2" m="51241" /><F109/><W14/><G128/><T133/><D116/><U104/><E117/><V110/><F110/><W74/><G7/><T126/><D126/><U103/><E15/><V86/><F86/><W20/><REACH who="3" step="1"/><G31/><REACH who="3" ten="239,162,251,338" step="2"/><T94/><D29/><U102/><E10/><V84/><F84/><W61/><G61/><T34/><D87/><U3/><E8/><V121/><F121/><W39/><G39/><T47/><D133/><U118/><E118/><V52/><F52/><W44/><G44/><T125/><D53/><U25/><E45/><V2/><F2/><W100/><G100/><T49/><D47/><U81/><E3/><V32/><F32/><W115/><G115/><T77/><D34/><U18/><E112/><V90/><F90/><W57/><G57/><T11/><D125/><U89/><E103/><V114/><F114/><W23/><G23/><T58/><D22/><N who="1" m="11599" /><E102/><V111/><F111/><W26/><AGARI ba="2,1" hai="14,16,20,24,26,46,50,54,74,79,80,91,92,97" machi="26" ten="30,7900,0" yaku="1,1,0,1,52,1,54,1,53,0" doraHai="17" doraHaiUra="28" who="3" fromWho="3" sc="239,-22,162,-22,251,-41,338,95" /><INIT seed="7,0,0,0,1,58" ten="217,140,210,433" oya="3" hai0="36,32,5,92,50,26,61,95,12,51,27,118,47" hai1="106,70,37,21,109,60,17,72,69,93,112,76,44" hai2="22,41,42,131,123,110,79,66,6,59,102,77,120" hai3="116,0,135,11,103,97,122,65,54,129,34,94,67"/><W20/><G34/><T25/><D118/><U15/><E106/><V48/><F110/><W90/><G122/><N who="2" m="46633" /><F131/><W128/><G135/><T105/><D105/><U43/><E112/><V126/><F126/><W130/><G116/><T8/><D32/><U62/><E109/><V124/><F124/><W33/><G33/><T10/><D36/><U38/><E38/><V119/><F119/><W71/><G54/><N who="0" m="30047" /><D61/><U46/><E46/><N who="2" m="25679" /><F42/><W91/><G20/><T85/><D10/><U81/><REACH who="1" step="1"/><E93/><REACH who="1" ten="217,130,210,433" step="2"/><V132/><F132/><W133/><G133/><T104/><D104/><U121/><E121/><V49/><F6/><N who="3" m="1479" /><G71/><AGARI ba="0,1" hai="15,17,21,37,43,44,60,62,69,70,71,72,76,81" machi="71" ten="40,8000,1" yaku="1,1,52,2,53,2" doraHai="58" doraHaiUra="56" who="1" fromWho="3" sc="217,0,130,90,210,0,433,-80" owari="217,-18.0,220,2.0,210,-29.0,353,45.0" /></mjloggm>