<mjloggm ver="2.3"><GO type="169" lobby="0"/><UN n0="%E6%89%8B%E5%BD%B9%E3%82%A2%E3%83%BC%E3%83%86%E3%82%A3%E3%82%B9%E3%83%88" n1="%3D%4A%61%6D" n2="%6E%61%72%61%6A%69%6E%6E" n3="%E3%82%A6%E3%83%AB%E3%83%88%E3%83%A9%E7%AB%8B%E7%9B%B4" dan="16,16,16,17" rate="2113.34,2188.30,2068.44,2201.92" sx="M,M,M,M"/><TAIKYOKU oya="0"/><INIT seed="0,0,0,3,4,20" ten="250,250,250,250" oya="0" hai0="82,26,84,19,92,128,60,88,21,29,75,30,129" hai1="132,81,124,15,18,13,112,48,123,113,101,114,52" hai2="39,67,25,90,99,70,130,35,4,117,133,31,33" hai3="120,3,107,55,1,102,23,16,46,73,98,106,89"/><T69/><D75/><U118/><E123/><V105/><F130/><N who="0" m="50282" /><D82/><U104/><E118/><V14/><F39/><W135/><G73/><T103/><D103/><U50/><E132/><V127/><F127/><W64/><G135/><T22/><D22/><U0/><E0/><V51/><F51/><W37/><G107/><T121/><D121/><U54/><E124/><V86/><F117/><W61/><G89/><T111/><D111/><U115/><E81/><V6/><F35/><W100/><G100/><T11/><D11/><U68/><E68/><V45/><F45/><W79/><G79/><T72/><D72/><U24/><N who="1" m="28672" /><DORA hai="12" /><U41/><E41/><V65/><F65/><AGARI ba="0,0" hai="19,21,26,29,30,60,65,69,84,88,92" m="50282" machi="65" ten="30,11600,0" yaku="19,1,52,2,54,1" doraHai="20,12" who="0" fromWho="2" sc="250,116,250,0,250,-116,250,0" /><INIT seed="0,1,0,0,0,48" ten="366,250,134,250" oya="0" hai0="133,50,27,118,102,75,38,74,84,21,83,88,61" hai1="134,76,68,105,11,128,59,1,78,45,109,110,126" hai2="35,5,34,7,67,40,42,101,80,69,8,96,95" hai3="66,119,77,129,90,26,107,16,92,89,58,81,17"/><T51/><D118/><U52/><E68/><V111/><F111/><N who="1" m="42505" /><E105/><V2/><F7/><W132/><G107/><T37/><D133/><U123/><E123/><V39/><F80/><W106/><G106/><T71/><D51/><N who="1" m="28783" /><E134/><V117/><F117/><W55/><G66/><T108/><D108/><U65/><E128/><V20/><F20/><W57/><G57/><T49/><D49/><U93/><E93/><V18/><F18/><W9/><G129/><T43/><D102/><U4/><E126/><V46/><F42/><W103/><G132/><T36/><D43/><U122/><E122/><V32/><REACH who="2" step="1"/><F35/><REACH who="2" ten="366,250,124,250" step="2"/><W94/><G119/><T60/><D83/><U97/><E97/><V62/><AGARI ba="1,1" hai="2,5,8,32,34,39,40,46,62,67,69,95,96,101" machi="62" ten="30,4000,0" yaku="1,1,2,1,0,1,53,0" doraHai="48" doraHaiUra="87" who="2" fromWho="2" sc="366,-21,250,-11,124,53,250,-11" /><INIT seed="1,0,0,5,0,91" ten="345,239,177,239" oya="1" hai0="0,80,20,44,101,106,50,42,87,47,85,16,86" hai1="104,34,125,110,4,118,43,9,1,75,113,115,97" hai2="5,51,102,8,15,24,88,100,74,112,124,108,90" hai3="10,55,33,117,79,122,28,126,116,94,99,83,13"/><U76/><E118/><N who="3" m="45674" /><G122/><T128/><D0/><U135/><E125/><V39/><F39/><W98/><G126/><T40/><D128/><U25/><E135/><V48/><F74/><W82/><G99/><T46/><D106/><U61/><E43/><N who="0" m="16425" /><D101/><N who="2" m="39018" /><F124/><W49/><G28/><T119/><D119/><U72/><E97/><V11/><F108/><W65/><G65/><T36/><D36/><U2/><E104/><V69/><F69/><W35/><G35/><T132/><D132/><U64/><E1/><V71/><F71/><W96/><G96/><T30/><D30/><N who="1" m="19791" /><E110/><V41/><F11/><W62/><G33/><T103/><D103/><U92/><E92/><V58/><F112/><N who="1" m="43081" /><E76/><V19/><F58/><N who="3" m="35167" /><G79/><N who="0" m="46239" /><D50/><N who="2" m="18986" /><F41/><W60/><G49/><T133/><D133/><U38/><E38/><V73/><F73/><W3/><G3/><T120/><D120/><U67/><E67/><V59/><F59/><W131/><G98/><T123/><D123/><U114/><E114/><V77/><F77/><W81/><G81/><T45/><N who="0" m="11264" /><DORA hai="134" /><T29/><D29/><U109/><E109/><V111/><F111/><W57/><G83/><T53/><D53/><U31/><E31/><V129/><F129/><W26/><G82/><T37/><D37/><U84/><E75/><V54/><F54/><N who="3" m="33847" /><G131/><T12/><AGARI ba="0,0" hai="12,16,20,86,87" m="11264,46239,16425" machi="12" ten="40,2700,0" yaku="8,1,54,1" doraHai="91,134" who="0" fromWho="0" sc="345,27,239,-13,177,-7,239,-7" /><INIT seed="2,0,0,2,0,127" ten="372,226,170,232" oya="2" hai0="57,124,48,81,49,21,96,53,68,14,41,50,6" hai1="119,3,33,103,16,113,115,110,4,83,10,65,19" hai2="22,67,69,133,62,27,118,105,45,73,37,35,131" hai3="87,91,122,107,1,39,132,5,125,85,89,51,61"/><V71/><F118/><W63/><G107/><T42/><D124/><U97/><E119/><V15/><F133/><W34/><G34/><T88/><D68/><U55/><E33/><V84/><F73/><W108/><G39/><T12/><D6/><U9/><E110/><V52/><F105/><W79/><G79/><T134/><D134/><U95/><E65/><N who="2" m="41143" /><F35/><W116/><G125/><T23/><D14/><U121/><E121/><V75/><F75/><W93/><G132/><T18/><D23/><U26/><E19/><V8/><F8/><W101/><G101/><T59/><D59/><U106/><E106/><V47/><F84/><W66/><G122/><T135/><D135/><U24/><E83/><V123/><F15/><W100/><G100/><T56/><D56/><U13/><REACH who="1" step="1"/><E55/><REACH who="1" ten="372,216,170,232" step="2"/><V74/><F123/><W102/><G116/><T120/><D120/><U17/><E17/><V32/><F32/><W80/><G80/><T109/><D109/><U25/><AGARI ba="0,1" hai="3,4,9,10,13,16,24,25,26,95,97,103,113,115" machi="25" ten="30,7900,0" yaku="1,1,0,1,54,1,53,1" doraHai="127" doraHaiUra="2" who="1" fromWho="1" sc="372,-20,216,89,170,-39,232,-20" /><INIT seed="3,0,0,3,0,21" ten="352,305,131,212" oya="3" hai0="29,1,97,63,68,40,25,84,110,91,46,116,125" hai1="49,104,19,106,83,119,86,14,15,12,22,121,20" hai2="41,33,81,102,51,82,0,95,107,13,61,132,28" hai3="88,45,30,73,100,112,113,3,101,127,134,18,120"/><W79/><G3/><T6/><D116/><U9/><E121/><V129/><F0/><W87/><G30/><T57/><D110/><U43/><E119/><V23/><F107/><W135/><G45/><T114/><D68/><U133/><E133/><N who="3" m="50698" /><G18/><T76/><D125/><U126/><E126/><V27/><F132/><W67/><G67/><T131/><D131/><U124/><E124/><V117/><F117/><W66/><G66/><T32/><D114/><N who="3" m="44137" /><G127/><T122/><D122/><U90/><E106/><V65/><F129/><W55/><G55/><T10/><D76/><U111/><E104/><V34/><F95/><N who="3" m="54687" /><G120/><T58/><D63/><U109/><E43/><V17/><F34/><W48/><G48/><T118/><D118/><U39/><E49/><V62/><F62/><W4/><G4/><T98/><D58/><U78/><E39/><V24/><F13/><W123/><G123/><T64/><D57/><U99/><E14/><V7/><F7/><W36/><G36/><T16/><D64/><U93/><E9/><V5/><F5/><W103/><G79/><T71/><D16/><AGARI ba="0,0" hai="12,15,16,19,20,22,78,83,86,90,93,99,109,111" machi="16" ten="40,2600,0" yaku="9,1,54,1" doraHai="21" who="1" fromWho="0" sc="352,-26,305,26,131,0,212,0" /><INIT seed="4,0,0,5,1,131" ten="326,331,131,212" oya="0" hai0="124,125,95,25,32,54,11,79,90,42,128,75,64" hai1="92,59,106,23,39,33,15,83,117,49,87,114,110" hai2="71,45,84,104,74,118,72,13,9,81,28,37,109" hai3="40,129,48,102,6,88,14,85,126,3,55,112,62"/><T130/><D42/><U34/><E106/><V18/><F109/><W100/><G3/><T135/><D64/><U63/><E39/><V93/><F104/><W78/><G112/><T36/><D36/><U94/><E110/><V16/><F71/><W111/><G111/><T58/><D11/><U41/><E34/><V76/><F118/><W31/><G129/><N who="0" m="49771" /><D79/><U120/><E33/><V30/><F18/><W26/><G78/><T82/><D82/><U19/><E120/><V123/><F123/><W5/><G62/><N who="0" m="36183" /><D75/><U43/><E117/><V113/><F113/><W115/><G40/><N who="1" m="15434" /><E49/><V77/><F45/><W101/><G48/><T105/><D105/><U86/><E114/><V20/><F37/><W8/><G55/><T91/><D95/><N who="1" m="36395" /><E83/><V0/><F93/><N who="3" m="54415" /><G115/><T119/><D119/><U127/><E127/><N who="0" m="48713" /><D25/><U121/><E121/><V51/><F51/><W108/><G126/><T103/><D103/><U4/><E4/><V122/><F122/><W1/><G108/><T133/><D32/><U57/><E57/><V10/><F74/><W89/><G101/><T132/><AGARI ba="0,0" hai="90,91,132,133,135" m="48713,36183,49771" machi="132" ten="40,48000,5" yakuman="39" doraHai="131" who="0" fromWho="0" sc="326,480,331,-160,131,-160,212,-160" owari="806,91.0,171,-3.0,-29,-53.0,52,-35.0" /></mjloggm>