<mjloggm ver="2.3"><GO type="169" lobby="0"/><UN n0="%66%75%6C%6C%2D%74%70%21" n1="%62%75%74%69%74%61%6D%61" n2="%E3%82%A6%E3%83%AB%E3%83%88%E3%83%A9%E7%AB%8B%E7%9B%B4" n3="%E9%81%8A%E8%B5%B0" dan="18,18,17,16" rate="2200.66,2185.35,2222.86,2183.10" sx="M,M,M,F"/><TAIKYOKU oya="0"/><INIT seed="0,0,0,0,5,52" ten="250,250,250,250" oya="0" hai0="37,59,35,8,71,6,25,50,82,57,20,36,83" hai1="102,88,125,56,4,85,133,21,68,131,114,65,76" hai2="118,53,44,38,2,16,17,54,23,115,10,122,66" hai3="5,121,0,73,106,107,86,96,117,46,27,97,19"/><T32/><D71/><U95/><E68/><V70/><F115/><W74/><G117/><T58/><D50/><U116/><E116/><V126/><F122/><W81/><G121/><T129/><D129/><U43/><E131/><V100/><F118/><W41/><G5/><T13/><D82/><U42/><E125/><V24/><F126/><W110/><G0/><T104/><D104/><U111/><E111/><V112/><F112/><W93/><G110/><T31/><REACH who="0" step="1"/><D83/><REACH who="0" ten="240,250,250,250" step="2"/><U134/><E114/><V99/><F70/><W109/><G81/><T33/><AGARI ba="0,1" hai="6,8,13,20,25,31,32,33,35,36,37,57,58,59" machi="33" ten="40,24000,3" yaku="1,1,2,1,0,1,52,3,53,3" doraHai="52" doraHaiUra="55" who="0" fromWho="0" sc="240,250,250,-80,250,-80,250,-80" /><INIT seed="0,1,0,0,1,119" ten="490,170,170,170" oya="0" hai0="78,120,23,91,34,90,7,33,74,81,123,58,27" hai1="56,122,32,8,121,2,88,41,116,128,43,62,10" hai2="55,57,51,21,6,45,16,44,40,131,125,67,96" hai3="12,39,86,68,129,82,92,49,112,9,71,73,29"/><T76/><D7/><U83/><E32/><N who="0" m="12393" /><D58/><U105/><E105/><V52/><F125/><W95/><G129/><T79/><D81/><U117/><E128/><V101/><F131/><W48/><G39/><T108/><D23/><U13/><E2/><V103/><F6/><N who="3" m="3127" /><G71/><T126/><D27/><U100/><E100/><V30/><F30/><W114/><G73/><T17/><D17/><U25/><E25/><V111/><F67/><W104/><G68/><T85/><D85/><U89/><E83/><V80/><F80/><W130/><G104/><T118/><D118/><U109/><E56/><V75/><F75/><W54/><G130/><T72/><D126/><U31/><E13/><N who="2" m="9359" /><F111/><W14/><G114/><T110/><D74/><U134/><E31/><V22/><F22/><W61/><G29/><T106/><D72/><U69/><E69/><V132/><F132/><W59/><G112/><T64/><D64/><U28/><E28/><V18/><F18/><W133/><G133/><T107/><D106/><U37/><E134/><V113/><F113/><W38/><G38/><T24/><D24/><U26/><E26/><V3/><F3/><W4/><G14/><T135/><D107/><U93/><E37/><V0/><F0/><W66/><G4/><T47/><D47/><U94/><E109/><N who="0" m="42089" /><D135/><U115/><E115/><V15/><F15/><W11/><G11/><T20/><D20/><U60/><AGARI ba="1,0" hai="8,10,41,43,60,62,88,89,93,94,116,117,121,122" machi="60" ten="25,12000,2" yaku="0,1,22,2,52,2,54,1" doraHai="119" who="1" fromWho="1" sc="490,-61,170,123,170,-31,170,-31" /><INIT seed="1,0,0,5,0,9" ten="429,293,139,139" oya="1" hai0="8,11,59,1,14,81,68,108,118,121,84,61,102" hai1="77,56,111,115,134,16,98,38,114,7,129,31,92" hai2="131,79,25,58,35,19,46,78,43,45,85,82,70" hai3="30,54,27,93,94,132,89,105,74,62,86,130,73"/><U127/><E38/><V97/><F70/><W15/><G105/><T135/><D68/><U106/><E106/><V122/><F122/><W10/><G132/><T53/><D108/><U87/><E134/><V49/><F131/><W50/><G130/><T42/><D135/><U44/><E129/><V18/><F97/><W57/><G94/><T41/><D121/><U67/><E127/><V47/><F78/><W65/><G27/><T32/><D32/><U107/><E107/><V4/><F4/><W104/><G30/><T91/><D118/><U128/><E128/><V101/><F101/><W5/><REACH who="3" step="1"/><G104/><REACH who="3" ten="429,293,139,129" step="2"/><T12/><D1/><U51/><E31/><V39/><F25/><W100/><G100/><T64/><D102/><U26/><E26/><V48/><F35/><W80/><G80/><T23/><D64/><U33/><E92/><V22/><F39/><W133/><G133/><T110/><D110/><U112/><E111/><V119/><F119/><W95/><G95/><T28/><D28/><U69/><E33/><V37/><F37/><W120/><G120/><T24/><D24/><U29/><E29/><V75/><F75/><W63/><G63/><T117/><D117/><U13/><E67/><V40/><F49/><W116/><G116/><T126/><D126/><U3/><E51/><V76/><F48/><W88/><G88/><T103/><D103/><U60/><E60/><V123/><F123/><W0/><G0/><T83/><D83/><U52/><E3/><V72/><F82/><W71/><AGARI ba="0,1" hai="5,10,15,50,54,57,62,65,71,73,74,86,89,93" machi="71" ten="20,5200,0" yaku="1,1,0,1,7,1,52,1,53,0" doraHai="9" doraHaiUra="124" who="3" fromWho="3" sc="429,-13,293,-26,139,-13,129,62" /><INIT seed="2,0,0,3,3,6" ten="416,267,126,191" oya="2" hai0="20,8,48,113,124,42,89,71,1,66,41,133,87" hai1="7,29,17,53,92,116,35,23,22,72,74,135,134" hai2="111,68,27,79,101,24,76,99,85,91,31,37,108" hai3="125,52,93,59,44,65,100,2,83,19,132,51,30"/><V98/><F68/><W78/><G2/><T114/><D124/><U12/><E35/><V18/><F37/><W122/><G122/><T75/><D75/><U129/><E116/><V5/><F5/><W106/><G106/><T61/><D133/><N who="1" m="50699" /><E129/><V86/><F18/><W105/><G105/><T88/><D89/><U15/><E92/><N who="2" m="56607" /><F27/><W128/><G125/><T115/><D48/><U112/><E112/><V4/><F4/><W63/><G128/><T123/><D123/><U3/><E53/><V126/><F126/><W127/><G127/><T82/><REACH who="0" step="1"/><D20/><REACH who="0" ten="406,267,126,191" step="2"/><U102/><E72/><V90/><F90/><W40/><G132/><T26/><D26/><N who="1" m="16607" /><E74/><V54/><F24/><W39/><G39/><T33/><D33/><U46/><E102/><V109/><F54/><W118/><G52/><T36/><D36/><U21/><E21/><V103/><F103/><W28/><G100/><T94/><D94/><U58/><E22/><V57/><F31/><W80/><G93/><T25/><D25/><U11/><E3/><V10/><F57/><N who="3" m="37103" /><G118/><T55/><D55/><U104/><E58/><V9/><F79/><W45/><G59/><T130/><D130/><U67/><E104/><N who="2" m="63551" /><F76/><W131/><G131/><T32/><D32/><U117/><E117/><V60/><F60/><W120/><G120/><T107/><D107/><U62/><E62/><V47/><F47/><N who="3" m="26087" /><G78/><T34/><D34/><U110/><E46/><N who="3" m="18026" /><G30/><T49/><D49/><U13/><E67/><V77/><F77/><W50/><G50/><T56/><D56/><U121/><E121/><V119/><F119/><W38/><G28/><RYUUKYOKU ba="0,1" sc="406,15,267,-15,126,15,191,-15" hai0="1,8,41,42,61,66,71,82,87,88,113,114,115" hai2="9,10,85,86,108,109,111" /><INIT seed="2,1,1,1,0,126" ten="421,252,141,176" oya="2" hai0="119,21,45,71,46,0,67,104,70,33,18,62,83" hai1="48,63,52,76,13,14,84,91,95,41,121,58,81" hai2="96,93,132,64,5,133,40,82,3,114,2,87,80" hai3="125,22,123,131,88,127,47,113,124,66,107,11,6"/><V116/><F116/><W75/><G123/><T105/><D119/><U99/><REACH who="1" step="1"/><E121/><REACH who="1" ten="421,242,141,176" step="2"/><V60/><F114/><W108/><G113/><T94/><D71/><U118/><E118/><V8/><F2/><W26/><G127/><T135/><D135/><N who="2" m="51786" /><F40/><W100/><G125/><T1/><D33/><U55/><E55/><V53/><F53/><W78/><G124/><T9/><D0/><U74/><E74/><V49/><F87/><W23/><G75/><T38/><D1/><U97/><E97/><V10/><F10/><W44/><G11/><T122/><D9/><U19/><E19/><V90/><F49/><W57/><G108/><T92/><D122/><U115/><E115/><V117/><F117/><W43/><G43/><T103/><D38/><U20/><E20/><V29/><F29/><W54/><G23/><T73/><D73/><U36/><E36/><V89/><F89/><W15/><G22/><T32/><D32/><U37/><E37/><V69/><AGARI ba="1,2" hai="3,5,8,60,64,69,80,82,90,93,96" m="51786" machi="69" ten="30,1500,0" yaku="20,1" doraHai="126" who="2" fromWho="2" sc="421,-6,242,-6,141,38,176,-6" /><INIT seed="2,2,0,3,1,57" ten="415,236,179,170" oya="2" hai0="65,90,62,109,13,70,119,117,58,98,17,68,37" hai1="30,72,96,91,86,18,12,28,51,124,93,36,10" hai2="84,24,27,82,52,46,59,25,56,39,128,113,92" hai3="111,131,133,2,125,20,9,7,115,60,79,42,4"/><V45/><F113/><W103/><G115/><T114/><D37/><U107/><E72/><V75/><F128/><W134/><G131/><T15/><D114/><U123/><E36/><V47/><F75/><W67/><G111/><T40/><D40/><U121/><E124/><V89/><F39/><W78/><G125/><T112/><D112/><U105/><E51/><V64/><F64/><W54/><G7/><T5/><D109/><U26/><E30/><V100/><F59/><N who="3" m="37279" /><G42/><T83/><D5/><U48/><E48/><V108/><F108/><W88/><G54/><T66/><D66/><U0/><E0/><V63/><F100/><W126/><G126/><T127/><D127/><U43/><E43/><V8/><F8/><W130/><G130/><T16/><D15/><U31/><E31/><V129/><F129/><W122/><G122/><N who="1" m="46602" /><E96/><V32/><F32/><AGARI ba="2,0" hai="10,12,18,26,28,32,86,91,93,105,107" m="46602" machi="32" ten="30,1000,0" yaku="13,1" doraHai="57" who="1" fromWho="2" sc="415,0,236,16,179,-16,170,0" /><INIT seed="3,0,0,5,4,9" ten="415,252,163,170" oya="3" hai0="103,39,24,113,120,21,17,54,16,33,123,74,46" hai1="93,68,65,61,10,89,128,5,6,52,102,111,30" hai2="119,96,34,31,25,64,15,75,112,50,125,110,37" hai3="29,8,81,117,32,99,18,60,66,63,44,73,91"/><W90/><G117/><T58/><D74/><U114/><E114/><V43/><F119/><W88/><G32/><T76/><D33/><U87/><E111/><V122/><F112/><W41/><G29/><T133/><D113/><U80/><E128/><V3/><F3/><W79/><G99/><T53/><D76/><U2/><E30/><V107/><F75/><W124/><G124/><T69/><D69/><U132/><E132/><V135/><F37/><W7/><G18/><T77/><D77/><U126/><E126/><V106/><F125/><W127/><G127/><T94/><D133/><U92/><E6/><V72/><F72/><W28/><G28/><T101/><D120/><U85/><E102/><V57/><F110/><W38/><REACH who="3" step="1"/><G66/><REACH who="3" ten="415,252,163,160" step="2"/><T67/><D123/><U97/><E97/><V86/><F34/><W35/><G35/><T48/><D67/><U0/><E65/><V130/><F135/><W134/><G134/><T100/><D17/><U42/><E5/><V19/><F122/><W26/><G26/><T109/><D109/><U4/><E4/><V104/><F130/><W27/><G27/><T45/><D24/><U36/><E0/><AGARI ba="0,1" hai="0,7,8,38,41,44,60,63,73,79,81,88,90,91" machi="0" ten="40,12000,1" yaku="1,1,25,2,54,1,53,1" doraHai="9" doraHaiUra="105" who="3" fromWho="1" sc="415,0,252,-120,163,0,160,130" /><INIT seed="3,1,0,5,3,102" ten="415,132,163,290" oya="3" hai0="42,38,117,75,107,7,30,18,79,106,44,11,128" hai1="126,47,68,119,81,0,86,84,20,120,80,56,98" hai2="114,57,27,31,77,124,45,105,60,1,3,101,70" hai3="83,111,28,55,25,72,36,99,14,90,135,112,37"/><W133/><G112/><T22/><D117/><U93/><E68/><V48/><F114/><W88/><G14/><T78/><D78/><N who="1" m="46103" /><E0/><V54/><F124/><W29/><G111/><T82/><D128/><U62/><E47/><V132/><F132/><N who="3" m="50763" /><G55/><T87/><D30/><N who="3" m="11881" /><G25/><N who="0" m="14551" /><D87/><U43/><E20/><V53/><F77/><N who="3" m="44455" /><G99/><T49/><D49/><U92/><E43/><V50/><F50/><W91/><AGARI ba="1,0" hai="36,37,88,90,91" m="44455,11881,50763" machi="91" ten="40,3900,0" yaku="20,1,54,1" doraHai="102" who="3" fromWho="3" sc="415,-14,132,-14,163,-14,290,42" /><INIT seed="3,2,0,3,2,52" ten="401,118,149,332" oya="3" hai0="75,50,97,54,74,115,17,31,23,33,58,82,6" hai1="129,122,80,70,37,36,14,3,48,63,72,114,1" hai2="91,105,44,40,103,112,19,100,11,88,13,28,2" hai3="55,121,85,118,32,134,96,25,29,90,43,128,116"/><W9/><G121/><T131/><D131/><U4/><E122/><V12/><F112/><W27/><G134/><T7/><D115/><U102/><E114/><V79/><F2/><W86/><G128/><T60/><D31/><U126/><E129/><V68/><F68/><W73/><G73/><T47/><D33/><U56/><E126/><V39/><F28/><W46/><G55/><T81/><D75/><U113/><E113/><V117/><F79/><W22/><G9/><T16/><D17/><U123/><E123/><V124/><F124/><W78/><G96/><T67/><D97/><U65/><E102/><V99/><F117/><W119/><G78/><T8/><D74/><U34/><E34/><V106/><F103/><W24/><G32/><T51/><D51/><U132/><E132/><V42/><F42/><W133/><G133/><T15/><REACH who="0" step="1"/><D7/><REACH who="0" ten="391,118,149,332" step="2"/><U89/><E48/><V62/><F106/><W20/><G29/><T130/><D130/><U84/><E72/><V87/><F87/><W109/><G86/><T98/><D98/><U104/><E104/><V64/><F99/><W18/><G18/><T107/><D107/><U61/><E36/><V45/><F105/><W38/><REACH who="3" step="1"/><G109/><REACH who="3" ten="391,118,149,322" step="2"/><T49/><D49/><U120/><E120/><V125/><F19/><W66/><G66/><T92/><D92/><AGARI ba="2,2" hai="20,22,24,25,27,38,43,46,85,90,92,116,118,119" machi="92" ten="50,2400,0" yaku="1,1,53,0" doraHai="52" doraHaiUra="93" who="3" fromWho="0" sc="391,-30,118,0,149,0,322,50" /><INIT seed="3,3,0,2,2,57" ten="361,118,149,372" oya="3" hai0="91,68,96,32,113,13,50,125,77,64,127,133,58" hai1="124,37,73,71,119,99,15,122,104,45,41,92,69" hai2="126,93,29,128,9,56,5,0,106,16,19,129,46" hai3="108,2,135,130,84,88,30,34,26,75,101,60,121"/><W63/><G121/><T118/><D118/><U67/><E122/><V61/><F106/><W1/><G135/><T112/><D32/><U109/><E73/><V116/><F116/><W7/><G130/><N who="2" m="50281" /><F126/><N who="0" m="48138" /><D77/><U54/><E104/><V24/><F46/><W85/><G75/><T114/><D13/><U70/><E124/><V131/><F93/><W44/><G108/><T74/><D74/><U22/><E119/><V43/><N who="2" m="50289" /><V95/><DORA hai="49" /><F95/><W123/><G123/><T36/><D91/><U52/><E109/><V33/><F43/><W55/><G101/><T18/><D18/><U98/><E67/><AGARI ba="3,0" hai="0,5,9,16,19,24,29,33,56,61,67" m="50289" machi="67" ten="40,5200,0" yaku="19,1,52,1,54,1" doraHai="57,49" who="2" fromWho="1" sc="361,0,118,-61,149,61,372,0" /><INIT seed="4,0,0,3,4,49" ten="361,57,210,372" oya="0" hai0="56,69,108,5,20,85,14,129,6,94,1,133,93" hai1="13,113,48,68,106,41,54,63,33,3,95,87,103" hai2="24,112,86,116,57,17,111,40,127,65,125,75,62" hai3="66,7,135,124,31,134,84,10,42,130,71,46,118"/><T98/><D69/><U0/><E33/><V88/><F75/><W60/><G118/><T80/><D129/><U64/><E106/><V78/><F78/><W8/><G130/><T51/><D133/><N who="3" m="50697" /><G124/><T55/><D1/><U79/><E113/><V92/><F111/><W35/><G84/><T59/><D108/><U2/><E41/><V117/><F40/><W73/><G73/><T105/><D105/><U83/><E13/><V122/><F122/><W61/><G61/><T50/><D50/><U26/><E26/><V96/><F86/><W28/><G35/><T23/><D56/><U29/><E29/><N who="3" m="11338" /><G7/><N who="0" m="2571" /><D14/><U70/><E70/><V12/><F24/><W32/><G32/><T110/><D110/><U34/><E34/><V119/><REACH who="2" step="1"/><F112/><REACH who="2" ten="361,57,200,372" step="2"/><W107/><G107/><T100/><D94/><U15/><E15/><V38/><F38/><AGARI ba="0,1" hai="8,10,38,42,46,60,66,71" m="11338,50697" machi="38" ten="30,1000,0" yaku="20,1" doraHai="49" who="3" fromWho="2" sc="361,0,57,0,200,-10,372,20" /><INIT seed="5,0,0,0,0,61" ten="361,57,190,392" oya="1" hai0="127,74,32,6,26,46,27,106,60,95,38,67,104" hai1="108,59,91,1,0,2,129,123,80,37,69,31,43" hai2="76,113,85,98,34,71,87,134,115,110,12,109,86" hai3="35,9,93,114,84,33,116,21,90,19,5,79,89"/><U107/><E69/><V17/><F34/><W44/><G114/><N who="2" m="43529" /><F134/><W122/><G122/><T49/><D74/><U24/><E107/><V13/><F71/><W18/><G116/><T47/><D127/><U119/><E123/><V111/><F98/><W52/><G79/><T54/><D6/><U25/><E119/><V101/><F101/><W83/><G33/><T132/><D132/><U39/><E129/><V62/><F62/><W64/><G64/><T40/><D95/><U105/><E105/><V124/><F124/><W81/><G35/><T14/><D14/><N who="2" m="5738" /><F17/><W75/><G19/><T112/><D112/><U29/><E108/><V128/><F128/><W8/><G18/><T50/><D32/><U20/><E43/><V15/><F15/><W66/><G9/><T30/><D30/><U133/><E133/><V51/><F51/><W100/><G8/><T82/><D106/><U7/><E7/><V88/><F76/><W3/><G100/><T55/><D104/><U99/><E59/><V36/><F36/><W94/><G5/><T65/><D82/><AGARI ba="0,0" hai="82,85,86,87,88,109,110,111" m="5738,43529" machi="82" ten="40,5200,0" yaku="15,1,11,1,54,1" doraHai="61" who="2" fromWho="0" sc="361,-52,57,0,190,52,392,0" /><INIT seed="6,0,0,1,3,75" ten="309,57,242,392" oya="2" hai0="69,111,42,4,35,73,38,108,0,99,49,84,44" hai1="127,106,3,65,72,83,109,92,21,117,76,39,8" hai2="45,52,41,110,130,11,16,94,124,5,30,48,105" hai3="132,10,126,59,95,27,125,90,135,58,77,26,112"/><V61/><F105/><W91/><G112/><T32/><D73/><U131/><E65/><V54/><F124/><N who="3" m="47723" /><G10/><T78/><D69/><U29/><E21/><V1/><F130/><W104/><G77/><T19/><D38/><U101/><E29/><V13/><F110/><W120/><G104/><T66/><D66/><U9/><E9/><V28/><F94/><W103/><G120/><T22/><D99/><U43/><E92/><V96/><F96/><N who="3" m="57471" /><G90/><T118/><D118/><U40/><E40/><V134/><F134/><N who="3" m="51243" /><G103/><T37/><D4/><U129/><E127/><V93/><F93/><W71/><G71/><T102/><D0/><U47/><E117/><V85/><F85/><W24/><AGARI ba="0,0" hai="24,26,27,58,59" m="51243,57471,47723" machi="24" ten="40,2700,0" yaku="18,1,20,1" doraHai="75" who="3" fromWho="3" sc="309,-7,57,-7,242,-13,392,27" /><INIT seed="7,0,0,2,4,6" ten="302,50,229,419" oya="3" hai0="9,74,5,33,53,108,101,29,133,127,129,134,76" hai1="114,92,12,43,90,70,18,45,59,51,69,54,48" hai2="55,131,119,112,124,132,98,135,16,19,23,41,26" hai3="52,68,4,17,118,36,99,31,56,71,72,32,40"/><W14/><G118/><T8/><D101/><U110/><E114/><V78/><F41/><W37/><G72/><T3/><D76/><U95/><E95/><V93/><F78/><W35/><G4/><N who="0" m="1055" /><D53/><U57/><E110/><V39/><F39/><W116/><G116/><T84/><D84/><U10/><E69/><V44/><F119/><W113/><G113/><T130/><D74/><U80/><E70/><V49/><F112/><W28/><G52/><T67/><D67/><U58/><E80/><V62/><F124/><W42/><G56/><T94/><D94/><U87/><E57/><V104/><F104/><W46/><G99/><T47/><D47/><U1/><E1/><V27/><F62/><W106/><G106/><T123/><D123/><U105/><E59/><V64/><F64/><W100/><G100/><T115/><D115/><U34/><E34/><V121/><F121/><W89/><G89/><T125/><D108/><U97/><E97/><V13/><F131/><N who="0" m="50186" /><D29/><U0/><E0/><V117/><F117/><W60/><G60/><T30/><D30/><U83/><E105/><V86/><F86/><W38/><G38/><T65/><D65/><U24/><E24/><V66/><F66/><W102/><G102/><T81/><D81/><U120/><E120/><V88/><REACH who="2" step="1"/><F27/><REACH who="2" ten="302,50,219,419" step="2"/><W61/><G61/><T15/><D33/><U73/><E73/><V2/><F2/><W126/><G35/><T75/><D75/><U21/><REACH who="1" step="1"/><E83/><REACH who="1" ten="302,40,219,419" step="2"/><V22/><AGARI ba="0,2" hai="13,16,19,22,23,26,44,49,55,88,93,98,132,135" machi="22" ten="30,8000,1" yaku="1,1,0,1,54,2,53,1" doraHai="6" doraHaiUra="50" who="2" fromWho="2" sc="302,-20,40,-20,219,100,419,-40" owari="282,-12.0,20,-48.0,319,12.0,379,48.0" /></mjloggm>