<mjloggm ver="2.3"><GO type="97" lobby="0"/><UN n0="%E3%83%97%E3%82%B8%E3%83%A7%E3%83%AB" n1="%E3%81%8B%E3%81%95%E3%81%82%E3%82%8B%E3%81%8D" n2="%E5%B0%B1%E6%B4%BB%E7%94%9F%40%E5%B7%9D%E6%9D%91%E8%BB%8D%E5%9B%A3" n3="%6E%6F%72%69%70%2D%2D" dan="15,14,17,14" rate="1908.17,1941.81,2218.91,1974.39" sx="M,M,M,M"/><TAIKYOKU oya="0"/><INIT seed="0,0,0,5,4,98" ten="250,250,250,250" oya="0" hai0="54,75,0,100,45,10,50,120,102,24,52,22,2" hai1="68,25,48,125,29,44,67,9,53,21,96,55,89" hai2="14,42,108,47,92,105,60,93,19,1,85,95,88" hai3="63,117,4,39,106,113,70,79,58,129,134,32,90"/><T109/><D120/><U103/><E125/><V31/><F1/><W57/><G117/><T104/><D75/><U80/><E9/><V118/><F108/><W122/><G113/><T112/><D112/><U114/><E114/><V82/><F118/><W74/><G39/><T76/><D109/><U116/><E116/><V8/><F105/><W16/><G32/><T135/><D135/><U20/><E68/><V126/><F126/><W36/><G36/><T40/><D76/><U128/><E128/><V46/><F31/><W37/><G37/><T61/><D104/><U97/><E67/><V115/><F115/><W77/><G74/><T51/><D61/><U17/><E55/><V18/><F60/><W69/><G4/><T71/><D71/><U27/><E103/><N who="0" m="39465" /><D0/><U132/><REACH who="1" step="1"/><E132/><REACH who="1" ten="250,240,250,250" step="2"/><V64/><F64/><W3/><G70/><T11/><D2/><U84/><AGARI ba="0,1" hai="17,20,21,25,27,29,44,48,53,80,84,89,96,97" machi="84" ten="30,7900,0" yaku="1,1,2,1,0,1,8,1,53,0" doraHai="98" doraHaiUra="111" who="1" fromWho="1" sc="250,-39,240,89,250,-20,250,-20" /><INIT seed="1,0,0,1,5,60" ten="211,329,230,230" oya="1" hai0="122,1,23,99,70,62,133,53,28,87,20,24,103" hai1="67,40,0,123,66,121,81,8,97,131,72,64,83" hai2="19,90,4,113,59,63,38,46,51,118,52,104,80" hai3="48,95,94,88,91,93,11,134,76,68,128,130,21"/><U126/><E126/><V129/><F118/><W18/><G68/><T41/><D133/><U75/><E40/><V57/><F104/><W109/><G134/><T86/><D122/><N who="1" m="46603" /><E97/><V98/><F129/><N who="3" m="49771" /><G76/><T115/><D115/><U39/><E39/><V100/><F113/><W127/><G127/><T71/><D1/><U58/><E0/><V31/><F4/><W47/><G11/><T9/><D41/><U14/><E58/><V106/><F31/><W3/><G3/><T22/><D9/><U102/><E8/><V5/><F5/><W29/><G29/><T6/><D6/><U25/><E14/><V112/><F112/><W116/><G116/><T50/><D71/><U26/><E102/><V16/><F38/><W17/><G18/><T54/><D54/><U65/><N who="1" m="16384" /><DORA hai="132" /><U92/><E92/><N who="2" m="58439" /><F59/><W111/><G17/><T49/><D62/><U125/><E125/><V120/><F106/><W45/><G21/><T84/><D70/><U114/><E114/><V2/><F2/><W13/><G13/><T35/><REACH who="0" step="1"/><D53/><REACH who="0" ten="201,329,230,230" step="2"/><U55/><E55/><N who="2" m="30199" /><F120/><W73/><G48/><T56/><D56/><U7/><E7/><V77/><F63/><W119/><G45/><T34/><D34/><U117/><E131/><V42/><F42/><W85/><G47/><T108/><D108/><N who="3" m="41545" /><G119/><T101/><D101/><U61/><E117/><V89/><F57/><W27/><G73/><T36/><D36/><U79/><E61/><V12/><F52/><W135/><G135/><T15/><D15/><U44/><E44/><V110/><F12/><W107/><G27/><N who="1" m="10250" /><E72/><N who="2" m="43047" /><F110/><W105/><G85/><RYUUKYOKU ba="0,1" sc="201,0,329,0,230,0,230,0" hai0="20,22,23,24,28,35,49,50,84,86,87,99,103" hai1="75,79,81,83" hai2="16,19,89,90" hai3="88,91,93,94,95,105,107" /><INIT seed="1,1,1,4,3,109" ten="201,329,230,230" oya="1" hai0="89,1,12,45,128,16,5,134,51,108,72,44,100" hai1="111,115,54,53,104,81,98,0,17,33,58,63,56" hai2="107,80,78,75,69,36,105,83,8,26,120,87,42" hai3="41,118,93,126,114,101,129,106,122,6,135,31,88"/><U103/><E0/><V15/><F120/><W112/><G122/><T28/><D108/><U24/><E115/><N who="3" m="44074" /><G6/><T71/><D71/><U86/><E111/><V97/><F69/><W92/><G31/><T116/><D72/><U34/><E17/><V67/><F67/><W10/><G10/><T52/><D28/><U37/><E24/><V66/><F66/><W43/><G43/><T70/><D70/><U2/><E37/><V9/><F26/><W65/><G65/><T79/><D79/><U113/><E113/><V64/><F64/><W99/><G41/><T18/><D100/><U19/><E19/><V46/><F9/><W22/><G22/><T59/><D1/><U29/><E2/><V77/><REACH who="2" step="1"/><F97/><REACH who="2" ten="201,329,220,230" step="2"/><N who="3" m="57479" /><G118/><T119/><D119/><U23/><E34/><V57/><F57/><W68/><G68/><T27/><D59/><U84/><E33/><V55/><F55/><W91/><G129/><T47/><D52/><U85/><E56/><V62/><F62/><W95/><G135/><T90/><D134/><U20/><E54/><V133/><F133/><W14/><G14/><T49/><D128/><U40/><E53/><V7/><AGARI ba="1,2" hai="7,8,15,36,42,46,75,77,78,80,83,87,105,107" machi="7" ten="20,2700,0" yaku="1,1,0,1,7,1,53,0" doraHai="109" doraHaiUra="25" who="2" fromWho="2" sc="201,-8,329,-14,220,50,230,-8" /><INIT seed="2,0,0,2,2,103" ten="193,315,270,222" oya="2" hai0="98,45,89,115,118,134,110,104,10,36,44,25,72" hai1="12,119,76,55,105,130,43,5,56,42,70,61,47" hai2="92,132,99,69,95,63,1,26,0,93,27,53,7" hai3="121,108,84,80,59,122,14,62,71,31,116,125,79"/><V96/><F132/><W117/><G71/><T18/><D36/><U75/><E119/><V82/><F7/><W123/><G31/><T68/><D68/><U73/><E43/><V126/><F126/><W46/><G125/><T34/><D45/><U23/><E76/><V124/><F124/><W22/><G46/><T64/><D64/><U74/><E105/><V16/><F82/><W4/><G22/><T66/><D66/><N who="1" m="41295" /><E130/><V24/><F69/><W88/><G108/><T6/><D44/><U41/><E41/><V91/><F1/><W32/><G32/><T65/><D65/><U17/><E5/><V106/><F0/><W49/><G49/><T21/><D115/><U51/><E75/><V13/><F106/><W107/><G107/><T39/><D39/><AGARI ba="0,0" hai="12,17,23,39,42,47,51,55,56,73,74" m="41295" machi="39" ten="30,1000,0" yaku="24,1" doraHai="103" who="1" fromWho="0" sc="193,-10,315,10,270,0,222,0" /><INIT seed="3,0,0,1,2,68" ten="183,325,270,222" oya="3" hai0="86,13,24,4,105,82,67,120,57,52,53,98,37" hai1="36,26,85,70,127,17,14,84,42,102,113,73,99" hai2="89,27,108,90,123,91,76,28,129,132,2,126,119" hai3="104,11,29,72,77,46,19,80,83,58,122,74,33"/><W22/><G104/><T69/><D120/><U6/><E113/><V87/><F2/><W125/><G122/><T81/><D69/><U60/><E73/><V65/><F65/><W100/><G100/><T88/><D37/><U10/><E127/><V51/><F119/><W32/><G125/><T45/><D24/><U66/><E36/><V92/><F126/><W121/><G121/><T49/><D67/><U21/><E42/><V101/><F123/><W114/><G114/><T3/><D3/><U16/><E17/><V12/><F108/><W63/><G29/><T44/><D81/><U115/><E115/><V95/><F12/><W25/><G11/><N who="0" m="4327" /><D105/><AGARI ba="0,0" hai="6,10,14,16,21,26,60,66,70,84,85,99,102,105" machi="105" ten="30,2000,0" yaku="7,1,54,1" doraHai="68" who="1" fromWho="0" sc="183,-20,325,20,270,0,222,0" owari="163,-34.0,345,45.0,270,7.0,222,-18.0" /></mjloggm>