<mjloggm ver="2.3"><GO type="169" lobby="0"/><UN n0="%79%61%67%69%30%32%32%30" n1="%E3%83%88%E3%83%88%E3%83%AA%E5%85%88%E7%94%9F%31%39%E6%AD%B3" n2="%66%69%67%68%74%65%72%73" n3="%E3%81%BD%E3%82%93%E5%A4%A7%E7%94%9F" dan="17,18,16,16" rate="2236.34,2186.15,2072.95,2089.91" sx="M,F,M,M"/><TAIKYOKU oya="0"/><INIT seed="0,0,0,3,0,73" ten="250,250,250,250" oya="0" hai0="85,111,86,5,75,30,89,49,41,10,98,113,40" hai1="96,91,83,133,13,112,1,90,36,15,57,24,2" hai2="39,125,31,60,4,92,42,38,76,114,70,7,106" hai3="16,55,69,23,19,71,121,59,130,135,122,126,81"/><T87/><D75/><U120/><E120/><N who="3" m="46186" /><G130/><T79/><D113/><U77/><E36/><V64/><F114/><W54/><G126/><T127/><D127/><U97/><E112/><V37/><F125/><W46/><G135/><T95/><D30/><U26/><E57/><V109/><F92/><W44/><G81/><N who="0" m="47295" /><D111/><U28/><E28/><V117/><F109/><W35/><G35/><T129/><D129/><U14/><E133/><V29/><F106/><W22/><G44/><N who="0" m="25735" /><D41/><U102/><E102/><V33/><F42/><W108/><G108/><T56/><D56/><U18/><E83/><V48/><F48/><N who="3" m="28951" /><G23/><T63/><D63/><U6/><E1/><V47/><F33/><W51/><G19/><T8/><D8/><U107/><E2/><V11/><F47/><W45/><G45/><T128/><D128/><U88/><E18/><V53/><F7/><W110/><G110/><T94/><D94/><U67/><E6/><V50/><F11/><W124/><G124/><T99/><D99/><N who="1" m="37963" /><E107/><V115/><F4/><W12/><AGARI ba="0,0" hai="12,16,22,51,55,59,69,71" m="28951,46186" machi="12" ten="30,2000,0" yaku="13,1,54,1" doraHai="73" who="3" fromWho="3" sc="250,-10,250,-5,250,-5,250,20" /><INIT seed="1,0,0,0,3,4" ten="240,245,245,270" oya="1" hai0="13,23,20,16,31,92,46,49,24,12,76,127,52" hai1="118,131,68,97,100,59,14,37,48,22,120,41,30" hai2="53,56,69,134,82,61,109,18,79,35,93,108,73" hai3="122,98,80,117,129,106,110,5,3,67,50,95,27"/><U44/><E118/><V125/><F35/><W64/><G122/><T6/><D127/><U58/><E120/><V94/><F125/><W34/><G106/><T1/><D1/><U11/><E68/><V113/><F134/><W133/><G133/><T90/><D76/><U65/><E131/><V66/><F113/><W63/><G129/><T119/><D119/><U114/><E114/><V96/><F18/><W29/><G110/><N who="2" m="42601" /><F96/><W72/><G117/><T85/><D6/><U51/><E22/><V7/><F7/><W54/><G80/><T128/><D128/><U21/><E21/><V47/><F47/><W17/><G17/><T123/><D123/><U126/><E30/><V62/><AGARI ba="0,0" hai="53,56,61,62,66,69,73,79,82,93,94" m="42601" machi="62" ten="30,1100,0" yaku="14,1" doraHai="4" who="2" fromWho="2" sc="240,-3,245,-5,245,11,270,-3" /><INIT seed="2,0,0,5,2,79" ten="237,240,256,267" oya="2" hai0="102,60,110,1,45,7,4,119,134,17,41,90,92" hai1="113,129,44,49,77,109,25,108,27,78,35,121,28" hai2="8,55,6,125,80,42,65,21,13,23,40,85,34" hai3="12,15,18,53,75,96,120,83,117,30,2,81,46"/><V10/><F34/><W66/><G2/><T87/><D110/><N who="1" m="42603" /><E113/><V5/><F125/><W99/><G120/><T128/><D134/><U67/><E129/><V114/><F65/><W54/><G117/><T107/><D128/><U116/><E116/><V19/><F114/><W38/><G66/><T62/><D119/><U50/><E50/><V93/><F93/><W112/><G30/><T52/><D107/><U31/><E67/><V124/><F124/><W115/><G46/><T118/><D118/><U82/><E121/><V68/><F68/><W76/><G76/><T132/><D132/><U133/><E82/><V48/><F21/><W63/><G63/><T130/><D130/><U127/><E127/><V131/><F131/><W72/><G18/><T98/><D17/><U103/><E103/><V71/><F71/><W123/><G123/><T122/><D122/><U11/><E11/><V51/><F51/><W74/><G74/><T9/><D7/><N who="2" m="2570" /><F40/><W91/><G91/><T88/><D102/><U29/><E133/><V39/><F42/><W58/><G58/><T126/><D126/><U47/><E47/><N who="2" m="28063" /><F39/><AGARI ba="0,0" hai="12,15,38,39,53,54,72,75,81,83,96,99,112,115" machi="39" ten="25,6400,0" yaku="22,2,52,2" doraHai="79" who="3" fromWho="2" sc="237,0,240,0,256,-64,267,64" /><INIT seed="3,0,0,0,2,116" ten="237,240,192,331" oya="3" hai0="1,39,92,102,111,29,47,63,132,96,90,0,69" hai1="27,99,107,60,103,40,25,71,68,11,89,49,6" hai2="12,37,53,51,7,74,19,94,100,72,36,52,34" hai3="45,44,109,115,88,67,110,112,48,84,56,15,121"/><W3/><G3/><T83/><D111/><N who="3" m="42505" /><G121/><T126/><D132/><U17/><E40/><V65/><F34/><W135/><G135/><T2/><D126/><U91/><E49/><V118/><F118/><W61/><G15/><T97/><D29/><U93/><E91/><V22/><F65/><W105/><G105/><T76/><D69/><U58/><E25/><V82/><F7/><W13/><G13/><T114/><D114/><N who="3" m="43561" /><G48/><T95/><D63/><U32/><E6/><V30/><F30/><W101/><G101/><T20/><D20/><U73/><E11/><V70/><F74/><W41/><G41/><T81/><REACH who="0" step="1"/><D76/><REACH who="0" ten="227,240,192,331" step="2"/><U124/><E124/><V128/><F22/><W113/><G113/><T64/><D64/><U38/><E32/><V66/><F66/><W14/><G14/><T43/><AGARI ba="0,1" hai="0,1,2,39,43,47,81,83,90,92,95,96,97,102" machi="43" ten="40,2700,0" yaku="1,1,0,1,53,0" doraHai="116" doraHaiUra="8" who="0" fromWho="0" sc="227,37,240,-7,192,-7,331,-13" /><INIT seed="4,0,0,1,0,78" ten="264,233,185,318" oya="0" hai0="97,84,120,43,55,2,15,63,49,81,21,16,92" hai1="64,68,40,56,102,109,5,50,126,23,98,86,31" hai2="104,4,122,135,44,19,18,129,134,48,0,59,7" hai3="6,12,58,113,132,67,106,80,17,125,131,133,112"/><T72/><D2/><U111/><E126/><V10/><F122/><W66/><G106/><T94/><D72/><U42/><E68/><V90/><F104/><W29/><G125/><T54/><D120/><U36/><E36/><V87/><F129/><W24/><G131/><T34/><D34/><U124/><E124/><V30/><F59/><W33/><G6/><T9/><D21/><U61/><E5/><V41/><F30/><W13/><G13/><T47/><D63/><U38/><E50/><V73/><F73/><W22/><G80/><T45/><D45/><U11/><E11/><V100/><F100/><W91/><G91/><N who="0" m="51599" /><D94/><N who="1" m="58711" /><E86/><V116/><F7/><W114/><REACH who="3" step="1"/><G58/><REACH who="3" ten="264,233,185,308" step="2"/><T51/><D51/><U99/><E56/><V39/><F116/><W65/><AGARI ba="0,1" hai="12,17,22,24,29,33,65,66,67,112,113,114,132,133" machi="65" ten="40,8000,1" yaku="1,1,2,1,0,1,15,1,53,0" doraHai="78" doraHaiUra="103" who="3" fromWho="3" sc="264,-40,233,-20,185,-20,308,90" /><INIT seed="5,0,0,5,0,57" ten="224,213,165,398" oya="1" hai0="9,48,67,116,132,135,4,16,65,75,23,71,30" hai1="119,78,60,59,112,99,63,122,108,96,52,117,79" hai2="87,15,109,42,25,66,58,6,104,68,118,1,49" hai3="35,29,12,13,91,31,88,20,82,130,56,127,92"/><U100/><E122/><V61/><F109/><W62/><G127/><T33/><D75/><U107/><E108/><V55/><F118/><W24/><G130/><T121/><D116/><U90/><E117/><V27/><F104/><W125/><G125/><T93/><D121/><U123/><E123/><V102/><F1/><W120/><G120/><T115/><D115/><U101/><E119/><V76/><F102/><W19/><G31/><T129/><D129/><U40/><E112/><V114/><F114/><W72/><G12/><N who="0" m="9607" /><D48/><U84/><E40/><V64/><F64/><W77/><REACH who="3" step="1"/><G92/><REACH who="3" ten="224,213,165,388" step="2"/><T128/><D93/><N who="1" m="54471" /><E107/><V124/><F124/><W85/><G85/><T103/><D128/><U45/><E99/><V110/><F87/><W47/><G47/><T83/><D83/><U54/><E45/><V44/><F110/><W2/><G2/><N who="0" m="151" /><D103/><N who="1" m="39499" /><E96/><V113/><F113/><W14/><G14/><T18/><D71/><U43/><E43/><V74/><F74/><W21/><G21/><T89/><D89/><U50/><E54/><AGARI ba="0,1" hai="13,19,20,24,29,35,54,56,62,72,77,82,88,91" machi="54" ten="30,7700,0" yaku="1,1,7,1,52,1,54,1,53,0" doraHai="57" doraHaiUra="34" who="3" fromWho="1" sc="224,0,213,-77,165,0,388,87" /><INIT seed="6,0,0,4,5,130" ten="224,136,165,475" oya="2" hai0="50,58,131,17,129,20,3,24,128,38,83,12,35" hai1="80,60,94,99,44,70,61,125,34,87,43,96,74" hai2="97,26,8,47,81,1,10,59,114,62,111,48,117" hai3="56,120,108,109,82,63,85,100,75,13,113,39,115"/><V46/><F117/><W72/><G120/><T49/><D38/><U93/><E34/><V135/><F1/><W52/><G39/><T22/><D3/><U122/><E74/><N who="3" m="28202" /><G13/><T84/><D35/><U41/><E122/><V98/><F114/><N who="3" m="43531" /><G100/><T45/><D58/><U77/><E125/><V28/><F135/><W55/><G55/><T90/><REACH who="0" step="1"/><D45/><REACH who="0" ten="214,136,165,475" step="2"/><U29/><E70/><V21/><F47/><W33/><G33/><T105/><D105/><U103/><E44/><V37/><F37/><W95/><G108/><T31/><AGARI ba="0,1" hai="12,17,20,22,24,31,49,50,83,84,90,128,129,131" machi="31" ten="30,12000,2" yaku="1,1,0,1,19,1,53,3" doraHai="130" doraHaiUra="127" who="0" fromWho="0" sc="214,130,136,-30,165,-60,475,-30" /><INIT seed="7,0,0,2,3,13" ten="344,106,105,445" oya="3" hai0="101,105,11,103,82,98,116,58,41,102,100,127,14" hai1="75,130,92,19,111,64,33,40,135,67,94,48,7" hai2="93,49,106,26,68,131,25,96,95,109,34,89,108" hai3="62,51,79,88,39,104,28,110,126,10,16,70,31"/><W29/><G39/><T81/><D116/><U72/><E111/><V3/><F3/><W99/><G79/><T80/><D127/><U84/><E33/><V119/><F119/><W69/><G126/><T32/><D32/><U18/><E7/><V2/><F2/><W76/><G76/><T118/><D118/><U57/><E130/><V20/><F106/><W125/><G125/><T22/><D41/><U24/><E135/><V53/><F68/><W4/><G51/><T54/><D22/><N who="1" m="13399" /><E75/><V52/><F131/><W91/><G4/><T35/><D35/><U121/><E72/><V107/><F107/><W6/><G6/><T112/><D112/><U123/><E123/><V1/><F1/><W12/><G110/><T61/><REACH who="0" step="1"/><D101/><REACH who="0" ten="334,106,105,445" step="2"/><U56/><E40/><V128/><F109/><W59/><G70/><T77/><D77/><U73/><E121/><V74/><F128/><W15/><G69/><T38/><D38/><U65/><E73/><V66/><F108/><W9/><G91/><T90/><D90/><N who="1" m="53319" /><E94/><V45/><F74/><W17/><G88/><T23/><D23/><U83/><E83/><V133/><F93/><W46/><G104/><T36/><D36/><U21/><E48/><V60/><F133/><W37/><G37/><T114/><D114/><U55/><E55/><N who="2" m="30127" /><F34/><W129/><G129/><T85/><D85/><U42/><E42/><V0/><F0/><W117/><G117/><T113/><D113/><U71/><E71/><N who="2" m="42439" /><F26/><AGARI ba="0,1" hai="19,21,26,56,57,64,65,67" m="53319,13399" machi="26" ten="30,3900,0" yaku="8,1,52,2" doraHai="13" who="1" fromWho="2" sc="334,0,106,49,105,-39,445,0" owari="334,13.0,155,-24.0,66,-43.0,445,54.0" /></mjloggm>