<mjloggm ver="2.3"><GO type="169" lobby="0"/><UN n0="%E6%97%A9%E7%94%B0%E9%80%B2" n1="%6D%75%6B%69%74%74%69" n2="%E5%AF%8C%E7%94%B7%E3%81%A7%E3%81%99" n3="%E3%82%A6%E3%83%AB%E3%83%88%E3%83%A9%E7%AB%8B%E7%9B%B4" dan="17,17,16,17" rate="2129.21,2145.85,2041.17,2210.80" sx="M,M,M,M"/><TAIKYOKU oya="0"/><INIT seed="0,0,0,1,1,1" ten="250,250,250,250" oya="0" hai0="100,84,96,67,114,85,87,70,0,112,58,92,120" hai1="122,104,82,111,46,47,128,14,5,61,132,42,108" hai2="69,2,45,64,115,130,60,48,98,54,77,6,38" hai3="31,127,90,131,94,133,71,13,75,19,11,41,37"/><T4/><D120/><U33/><E122/><V44/><F115/><W99/><G71/><T12/><D0/><U74/><E33/><V105/><F130/><W10/><G75/><T80/><D70/><U43/><E104/><V68/><F77/><W109/><G31/><T26/><D26/><U56/><E128/><V57/><F68/><W20/><G131/><T107/><D107/><U55/><E132/><V124/><F124/><W34/><G34/><T101/><D101/><U91/><E74/><V103/><REACH who="2" step="1"/><F38/><REACH who="2" ten="250,250,240,250" step="2"/><W25/><G127/><T95/><D114/><U52/><E111/><V7/><F7/><W118/><G109/><T113/><D113/><U123/><E108/><V49/><F49/><W78/><G37/><T97/><D112/><U76/><E76/><V88/><F88/><W15/><G78/><T3/><D3/><U39/><E123/><V73/><F73/><W29/><G133/><T32/><D32/><U134/><E134/><V89/><F89/><W65/><G118/><T93/><D100/><U53/><E91/><V16/><F16/><W23/><G19/><T135/><D135/><U79/><E79/><V116/><F116/><W66/><G90/><T59/><D80/><U28/><E28/><V81/><F81/><W86/><G29/><T24/><D97/><U125/><E82/><V129/><F129/><W62/><G99/><T21/><D96/><U50/><REACH who="1" step="1"/><E125/><REACH who="1" ten="250,240,240,250" step="2"/><V102/><F102/><W126/><G126/><T27/><D95/><U17/><E17/><V40/><F40/><W30/><G41/><T18/><D93/><U110/><E110/><RYUUKYOKU ba="0,2" sc="250,-15,240,15,240,15,250,-15" hai1="5,14,39,42,43,46,47,50,52,53,55,56,61" hai2="2,6,44,45,48,54,57,60,64,69,98,103,105" /><INIT seed="1,1,2,2,1,3" ten="235,255,255,235" oya="1" hai0="31,21,45,107,1,109,42,23,81,12,55,41,113" hai1="24,26,95,93,59,97,35,6,15,123,68,49,124" hai2="44,14,32,67,60,100,103,108,43,130,66,54,111" hai3="13,48,71,132,2,79,50,57,51,17,40,61,5"/><U36/><E68/><V62/><F32/><W104/><G104/><T88/><D1/><U82/><E36/><N who="2" m="21607" /><F14/><W7/><G71/><T69/><D107/><U77/><E123/><V99/><F130/><W70/><G70/><T134/><D69/><U115/><E115/><V27/><F27/><N who="1" m="10281" /><E35/><V73/><F73/><W128/><G2/><T11/><D113/><U65/><E124/><V91/><F91/><W8/><G128/><T19/><D31/><U33/><E33/><V122/><F122/><W34/><G34/><T101/><D101/><N who="2" m="38986" /><F99/><W135/><G79/><T87/><D134/><N who="3" m="51241" /><G40/><N who="0" m="15467" /><D109/><N who="2" m="42058" /><F54/><AGARI ba="1,2" hai="5,7,8,13,17,48,50,51,54,57,61" m="51241" machi="54" ten="30,3900,0" yaku="20,1,52,2" doraHai="3" who="3" fromWho="2" sc="235,0,255,0,255,-42,235,62" /><INIT seed="2,0,0,1,5,128" ten="235,255,213,297" oya="2" hai0="104,87,37,96,73,83,117,119,20,31,118,42,110" hai1="94,84,16,107,1,12,62,70,98,103,124,48,122" hai2="69,53,74,59,125,113,67,75,93,56,61,65,134" hai3="130,109,57,105,95,11,68,19,17,99,25,38,0"/><V58/><F113/><W39/><G68/><T72/><D110/><U44/><E1/><V100/><F125/><W18/><G105/><T55/><D37/><U131/><E131/><V71/><F100/><W40/><G130/><T4/><D42/><U64/><E124/><V123/><F93/><W15/><G0/><T6/><D55/><U36/><E122/><V5/><F5/><N who="0" m="2154" /><D104/><U89/><E36/><V8/><F8/><W66/><G109/><T90/><D96/><U91/><E84/><V41/><F123/><W28/><G39/><T51/><D51/><U126/><E107/><V106/><F106/><W54/><G40/><T30/><D20/><U78/><E78/><V111/><F75/><AGARI ba="0,0" hai="30,31,72,73,75,83,87,90,117,118,119" m="2154" machi="75" ten="40,1300,0" yaku="12,1" doraHai="128" who="0" fromWho="2" sc="235,13,255,0,213,-13,297,0" /><INIT seed="3,0,0,1,1,40" ten="248,255,200,297" oya="3" hai0="61,96,46,119,101,77,7,29,120,109,104,23,63" hai1="127,52,83,54,126,45,66,64,51,76,0,118,9" hai2="110,44,90,80,131,5,91,3,58,21,47,26,111" hai3="39,89,114,42,33,121,50,73,134,135,99,92,4"/><W8/><G33/><T30/><D109/><N who="2" m="41482" /><F131/><W2/><G121/><T69/><D119/><U84/><E118/><V123/><F123/><W1/><G114/><T70/><D120/><U24/><E24/><V81/><F58/><W103/><G1/><T113/><D113/><U116/><E116/><V129/><F129/><W55/><G73/><T82/><D7/><N who="1" m="1255" /><E54/><V98/><F5/><W71/><G71/><T48/><D70/><U93/><E93/><N who="2" m="56631" /><F3/><W16/><G39/><T10/><D10/><U100/><E100/><V78/><F91/><W12/><G42/><T68/><D68/><U22/><E22/><V37/><F37/><W117/><G89/><T20/><D20/><U32/><E32/><V18/><F78/><W108/><G117/><T67/><D63/><U28/><E28/><V112/><F112/><W124/><G108/><T88/><D23/><U19/><E19/><V94/><F94/><W38/><G38/><T62/><D62/><U60/><E60/><V34/><F34/><W53/><G2/><T85/><REACH who="0" step="1"/><D77/><REACH who="0" ten="238,255,200,297" step="2"/><U86/><E86/><V31/><F31/><W79/><G79/><T36/><D36/><U105/><E105/><V72/><F72/><W11/><G4/><T49/><D49/><U13/><E51/><V115/><F115/><W25/><G8/><T107/><D107/><U14/><E76/><V6/><F6/><W15/><G11/><T97/><D97/><U130/><E84/><V65/><F65/><W59/><G50/><T133/><D133/><U132/><E132/><V27/><F27/><W17/><G135/><T43/><AGARI ba="0,1" hai="29,30,43,46,48,61,67,69,82,85,88,96,101,104" machi="43" ten="20,12000,2" yaku="1,1,5,1,0,1,7,1,52,1,54,1,53,0" doraHai="40" doraHaiUra="35" who="0" fromWho="0" sc="238,130,255,-30,200,-30,297,-60" /><INIT seed="4,0,0,2,0,17" ten="368,225,170,237" oya="0" hai0="32,27,8,67,48,114,135,75,16,30,12,101,46" hai1="111,53,110,54,96,123,86,14,87,37,28,108,127" hai2="45,57,63,5,95,60,91,1,7,100,104,90,11" hai3="106,62,84,2,109,78,55,120,83,77,43,97,105"/><T51/><D114/><U79/><E123/><V6/><F45/><W122/><G2/><T65/><D75/><U0/><E0/><V117/><F117/><W102/><G43/><T118/><D135/><U68/><E37/><V81/><F60/><W112/><G55/><T26/><D118/><U44/><E68/><V115/><F115/><W113/><G62/><T132/><D132/><U15/><E28/><V20/><F104/><W89/><G109/><T58/><D101/><U99/><E44/><V74/><F100/><W121/><G106/><T94/><D94/><U25/><E25/><V82/><F82/><N who="3" m="49303" /><G78/><T64/><D27/><U47/><E47/><V24/><F81/><W34/><G34/><T21/><D58/><U61/><E61/><V36/><F36/><W103/><G103/><T56/><D56/><U49/><E79/><V31/><F74/><AGARI ba="0,0" hai="74,77,83,97,102,105,112,113,120,121,122" m="49303" machi="74" ten="30,3900,0" yaku="13,1,34,2" doraHai="17" who="3" fromWho="2" sc="368,0,225,0,170,-39,237,39" /><INIT seed="5,0,0,0,3,54" ten="368,225,131,276" oya="1" hai0="70,65,1,24,8,74,22,84,108,87,16,28,17" hai1="37,93,98,48,12,88,32,130,33,99,102,125,30" hai2="56,10,80,57,120,72,68,100,69,121,89,122,23" hai3="81,126,27,0,103,31,15,78,67,110,14,62,95"/><U135/><E37/><V34/><F34/><W50/><G0/><T104/><D74/><U71/><E71/><V115/><F100/><W90/><G50/><T64/><D104/><U53/><E125/><V131/><F10/><W77/><G110/><T111/><D111/><U73/><E73/><V6/><F6/><W35/><G103/><T101/><D101/><U92/><E130/><V39/><F39/><W86/><G126/><T113/><D113/><U61/><E135/><V75/><F115/><W94/><G94/><T83/><D87/><U5/><E30/><V21/><F121/><W60/><G60/><T114/><D114/><U109/><E61/><V58/><F58/><W3/><G3/><T44/><D70/><U127/><E109/><V97/><F89/><W112/><G112/><T59/><D44/><U46/><REACH who="1" step="1"/><E127/><REACH who="1" ten="368,215,131,276" step="2"/><V132/><F131/><W51/><G51/><T119/><D119/><U124/><E124/><V25/><F132/><W49/><G49/><T116/><D116/><U18/><E18/><V134/><F134/><W52/><G62/><T26/><D17/><U55/><E55/><V45/><F45/><W43/><G52/><T106/><D16/><U85/><E85/><V66/><F97/><N who="3" m="57591" /><G67/><T117/><D65/><U41/><E41/><V7/><F7/><W38/><G43/><T107/><D64/><U76/><E76/><N who="3" m="29290" /><G38/><T42/><D42/><U11/><AGARI ba="0,1" hai="5,11,12,32,33,46,48,53,88,92,93,98,99,102" machi="11" ten="30,6000,0" yaku="1,1,0,1,54,1,53,0" doraHai="54" doraHaiUra="133" who="1" fromWho="1" sc="368,-20,215,70,131,-20,276,-20" /><INIT seed="5,1,0,2,2,111" ten="348,285,111,256" oya="1" hai0="103,65,23,128,73,129,22,18,135,40,35,86,80" hai1="72,101,45,134,87,28,118,67,120,116,3,102,58" hai2="82,89,41,20,88,75,105,62,47,117,90,133,12" hai3="132,77,43,37,26,106,61,2,114,33,16,115,107"/><U109/><E72/><V124/><F117/><W57/><G2/><T30/><D73/><U93/><E120/><V112/><F105/><W19/><G77/><T39/><D65/><U51/><E3/><V56/><F75/><W21/><G33/><T99/><D40/><U15/><E109/><V11/><F124/><W74/><G74/><T92/><D39/><U25/><E134/><V79/><F133/><W24/><G132/><T38/><D38/><U60/><E118/><V48/><F79/><W81/><G81/><T126/><D126/><U110/><E110/><V122/><F122/><W64/><G43/><T10/><D10/><U69/><E69/><V125/><F20/><N who="3" m="13319" /><G37/><T5/><D5/><U71/><E71/><V49/><F125/><W68/><G68/><T1/><D1/><U29/><E116/><V53/><F82/><W7/><G7/><T96/><D96/><U130/><E130/><V31/><F31/><N who="1" m="11849" /><E25/><V13/><F13/><W34/><G34/><T8/><D135/><U36/><E36/><V44/><F12/><W32/><G32/><T83/><D35/><U66/><E66/><V6/><F6/><W59/><G59/><T54/><D129/><U17/><E87/><V14/><F14/><W85/><G85/><T119/><D86/><U76/><E76/><V94/><F94/><W42/><G42/><T97/><D128/><U0/><E93/><V95/><F95/><W63/><G63/><T78/><D92/><U131/><E131/><V123/><F123/><W55/><G64/><T127/><D119/><U50/><E0/><V4/><F4/><RYUUKYOKU ba="1,0" sc="348,-10,285,-10,111,-10,256,30" hai3="19,21,26,55,57,61,106,107,114,115" /><INIT seed="6,2,0,5,3,128" ten="338,275,101,286" oya="2" hai0="38,32,10,34,53,84,82,51,81,125,89,14,3" hai1="30,52,59,99,123,27,18,77,88,130,60,19,115" hai2="21,83,50,20,106,57,66,119,129,11,79,101,25" hai3="37,131,78,36,44,93,67,108,71,49,17,127,124"/><V1/><F119/><W12/><G78/><T116/><D38/><U109/><E109/><V43/><F129/><W33/><G33/><T118/><D3/><U92/><E130/><V54/><F43/><W41/><G108/><T42/><D42/><U13/><E115/><V61/><F25/><W112/><G112/><T4/><D125/><N who="3" m="48201" /><G131/><T56/><D118/><U39/><E39/><V122/><F122/><W45/><G45/><T62/><D116/><U58/><E123/><V64/><F64/><W102/><G93/><T100/><D100/><U87/><E59/><V55/><F55/><W46/><G102/><T121/><D121/><U29/><E19/><V9/><F106/><W65/><G71/><T126/><D126/><U63/><E60/><V23/><F101/><W8/><G37/><T105/><D105/><U134/><E27/><V70/><REACH who="2" step="1"/><F1/><REACH who="2" ten="338,275,91,286" step="2"/><W113/><G113/><T132/><D53/><AGARI ba="2,1" hai="8,12,17,36,41,44,46,49,53,65,67" m="48201" machi="53" ten="30,1000,0" yaku="18,1" doraHai="128" who="3" fromWho="0" sc="338,-16,275,0,91,0,286,26" /><INIT seed="7,0,0,4,2,134" ten="322,275,91,312" oya="3" hai0="54,7,9,81,102,78,84,121,63,23,1,31,26" hai1="57,110,73,18,51,132,12,93,37,101,112,129,53" hai2="20,29,17,85,106,11,113,4,48,24,77,124,70" hai3="43,19,130,35,65,62,67,44,3,46,42,92,56"/><W49/><G35/><T14/><D121/><U89/><E110/><V122/><F106/><W76/><G3/><T115/><D115/><U59/><E37/><V45/><F70/><W79/><G130/><T126/><D126/><U100/><E73/><V123/><F113/><W25/><G67/><T133/><D133/><U64/><E132/><V91/><F29/><W128/><G128/><T82/><D82/><U87/><E112/><V32/><F32/><W13/><G25/><T109/><D109/><U5/><E5/><V83/><F123/><W105/><G92/><T27/><D102/><U50/><E129/><V104/><F104/><W80/><G80/><T6/><D27/><U39/><E39/><V118/><F118/><W131/><G105/><T52/><D1/><U69/><E69/><V99/><F99/><W2/><G2/><T61/><D7/><U15/><E15/><V127/><F91/><W55/><G131/><T30/><D30/><U72/><E72/><V103/><F103/><W16/><G19/><T40/><D40/><N who="3" m="15401" /><G46/><T33/><D33/><U107/><E107/><V71/><F71/><W41/><N who="3" m="15409" /><W114/><DORA hai="86" /><G114/><T8/><D8/><AGARI ba="0,0" hai="8,13,16,44,49,55,56,62,65,76,79" m="15409" machi="8" ten="30,2900,0" yaku="8,1,54,1" doraHai="134,86" who="3" fromWho="0" sc="322,-29,275,0,91,0,312,29" owari="293,9.0,275,-12.0,91,-41.0,341,44.0" /></mjloggm>