<mjloggm ver="2.3"><GO type="233" lobby="0"/><UN n0="%64%61%61%61%61%61%61%61" n1="%E5%B0%8F%E9%98%AA%E3%81%A1%E3%81%B2%E3%82%8D" n2="%E3%82%A6%E3%83%AB%E3%83%88%E3%83%A9%E7%AB%8B%E7%9B%B4" n3="%54%E3%83%BB%54%E3%83%BB%EF%BC%98" dan="16,16,17,16" rate="2132.72,2156.71,2211.84,2107.20" sx="F,F,M,M"/><TAIKYOKU oya="0"/><INIT seed="0,0,0,2,0,30" ten="250,250,250,250" oya="0" hai0="131,116,94,16,85,14,80,98,77,105,89,2,44" hai1="31,38,112,135,114,123,20,73,70,26,104,79,58" hai2="59,21,91,90,128,133,54,51,127,71,88,33,63" hai3="5,83,56,69,60,47,92,49,124,121,66,6,120"/><T1/><D116/><U96/><E123/><N who="3" m="47178" /><G124/><T65/><D131/><U64/><E70/><V103/><F127/><W10/><G83/><T11/><D65/><U81/><E38/><V17/><F128/><W93/><G69/><T100/><REACH who="0" step="1"/><D44/><REACH who="0" ten="240,250,250,250" step="2"/><U125/><E125/><V35/><F133/><W24/><G24/><T82/><D82/><U3/><E64/><V111/><F111/><W122/><G122/><T40/><D40/><U4/><E135/><V34/><F71/><W67/><G67/><T13/><D13/><U118/><E81/><V23/><F103/><W9/><G93/><T48/><D48/><U76/><E118/><V119/><F119/><W108/><G92/><T95/><D95/><U53/><E112/><V99/><F51/><W12/><G108/><T46/><D46/><U101/><E114/><V19/><REACH who="2" step="1"/><F99/><AGARI ba="0,1" hai="1,2,11,14,16,77,80,85,89,94,98,99,100,105" machi="99" ten="30,5800,0" yaku="1,1,7,1,54,1,53,0" doraHai="30" doraHaiUra="134" who="0" fromWho="2" sc="240,68,250,0,250,-58,250,0" /><INIT seed="0,1,0,2,2,123" ten="308,250,192,250" oya="0" hai0="101,72,51,42,77,76,1,46,96,67,129,83,2" hai1="52,121,105,13,122,88,61,79,11,48,116,5,73" hai2="94,34,57,91,69,110,113,31,0,3,84,44,35" hai3="134,33,93,65,60,132,111,118,90,14,71,68,22"/><T37/><D129/><U130/><E116/><V120/><F69/><W75/><G75/><T127/><D127/><U95/><E105/><V135/><F113/><W36/><G36/><T32/><D77/><U23/><E130/><V16/><F120/><W43/><G33/><T15/><D32/><U39/><E39/><V7/><F135/><W92/><G43/><T85/><D67/><U98/><E61/><V70/><F70/><W10/><G71/><T38/><D72/><U30/><E79/><V104/><F104/><W107/><G107/><T55/><D15/><U24/><REACH who="1" step="1"/><E73/><REACH who="1" ten="308,240,192,250" step="2"/><V112/><F112/><W58/><G118/><T109/><D37/><U26/><E26/><V125/><F125/><W100/><G134/><T82/><D38/><U89/><E89/><V114/><F114/><W64/><G132/><T124/><D76/><U29/><E29/><V108/><F31/><W86/><G68/><T117/><D117/><U6/><E6/><V80/><F7/><W97/><G65/><T115/><D115/><U66/><E66/><V41/><F16/><W45/><G64/><T12/><D124/><U47/><AGARI ba="1,1" hai="5,11,13,23,24,30,47,48,52,88,95,98,121,122" machi="47" ten="20,8000,1" yaku="1,1,0,1,7,1,54,2,53,0" doraHai="123" doraHaiUra="103" who="1" fromWho="1" sc="308,-41,240,93,192,-21,250,-21" /><INIT seed="1,0,0,2,1,35" ten="267,333,171,229" oya="1" hai0="27,14,76,51,115,70,127,2,108,56,15,103,43" hai1="96,67,130,132,17,23,123,107,88,84,13,21,113" hai2="38,91,52,73,100,122,86,81,68,57,75,34,99" hai3="30,117,63,8,62,32,126,49,40,47,28,85,54"/><U53/><E123/><V25/><F38/><W89/><G117/><T50/><D70/><U10/><E113/><V22/><F34/><W109/><G126/><T44/><D115/><U41/><E132/><V135/><F68/><W7/><G109/><T118/><D118/><U6/><E130/><V95/><F135/><W134/><G134/><T69/><D69/><U79/><E79/><V111/><F111/><W9/><G32/><T65/><D108/><U74/><E74/><V64/><F122/><W58/><G63/><T102/><D2/><U0/><E67/><V60/><REACH who="2" step="1"/><F64/><REACH who="2" ten="267,333,161,229" step="2"/><W71/><G71/><T37/><D65/><U20/><E41/><V80/><F80/><W129/><G129/><T104/><D127/><U42/><E42/><V3/><F3/><W31/><REACH who="3" step="1"/><G7/><REACH who="3" ten="267,333,161,219" step="2"/><T83/><D37/><U66/><E66/><V128/><F128/><W45/><G45/><T125/><D44/><U26/><E53/><V16/><AGARI ba="0,2" hai="16,22,25,52,57,60,73,75,81,86,91,95,99,100" machi="16" ten="20,8000,1" yaku="1,1,0,1,7,1,54,2,53,0" doraHai="35" doraHaiUra="36" who="2" fromWho="2" sc="267,-20,333,-40,161,100,219,-20" /><INIT seed="2,0,0,5,0,26" ten="247,293,261,199" oya="2" hai0="103,56,80,100,29,32,36,87,85,33,108,55,63" hai1="24,89,106,50,60,74,59,1,94,113,120,99,18" hai2="112,105,124,39,116,86,19,0,54,125,84,128,91" hai3="8,13,11,92,35,110,21,77,14,27,104,121,64"/><V79/><F0/><W9/><G104/><T6/><D36/><U53/><E113/><V71/><F71/><W48/><G77/><T25/><D108/><U61/><E1/><V70/><F70/><W101/><G64/><T10/><D33/><U57/><E74/><V45/><F105/><W65/><G65/><T117/><D117/><U16/><E120/><V49/><F116/><W83/><G83/><T123/><D123/><U95/><E106/><V93/><F112/><W23/><G121/><T114/><D114/><U52/><E50/><V102/><F102/><W69/><G69/><T135/><D135/><U78/><E78/><V88/><F79/><W118/><G48/><T126/><D126/><N who="2" m="48746" /><F19/><W44/><G118/><T96/><D80/><U28/><E95/><N who="2" m="54663" /><F128/><W20/><G110/><T76/><D76/><U67/><E67/><V115/><F115/><W133/><G133/><T127/><D127/><U132/><E132/><V43/><F54/><W22/><G44/><T109/><D109/><U41/><E41/><V42/><F42/><W72/><G101/><T46/><D103/><U90/><E90/><V5/><F5/><N who="3" m="3215" /><G72/><T134/><D134/><U17/><E17/><V81/><F81/><W31/><G92/><T131/><D131/><U38/><E38/><AGARI ba="0,0" hai="38,39,43,45,49,86,91,93" m="54663,48746" machi="38" ten="30,2900,0" yaku="18,1,54,1" doraHai="26" who="2" fromWho="1" sc="247,0,293,-29,261,29,199,0" /><INIT seed="2,1,0,1,3,59" ten="247,264,290,199" oya="2" hai0="45,76,16,31,34,25,131,109,126,87,111,88,129" hai1="132,127,4,116,35,23,135,69,33,3,79,113,90" hai2="49,19,40,0,48,100,74,56,105,96,55,10,7" hai3="64,121,120,30,20,119,91,117,84,71,39,51,62"/><V6/><F74/><W37/><G30/><T15/><D76/><U104/><E104/><V85/><F85/><W83/><G20/><N who="0" m="11295" /><D45/><U44/><E69/><V18/><F7/><W36/><REACH who="3" step="1"/><G51/><REACH who="3" ten="247,264,290,189" step="2"/><T17/><D126/><U92/><E127/><V52/><REACH who="2" step="1"/><F40/><REACH who="2" ten="247,264,280,189" step="2"/><W115/><G115/><T38/><D129/><U50/><E113/><V95/><F95/><W124/><G124/><T102/><D131/><U75/><E132/><V29/><F29/><W28/><G28/><T107/><D31/><U80/><E135/><V110/><F110/><W47/><G47/><AGARI ba="1,2" hai="0,6,10,18,19,47,48,49,52,55,56,96,100,105" machi="47" ten="30,5800,0" yaku="1,1,7,1,54,1,53,0" doraHai="59" doraHaiUra="26" who="2" fromWho="3" sc="247,0,264,0,280,81,189,-61" /><INIT seed="2,2,0,4,3,44" ten="247,264,361,128" oya="2" hai0="34,94,43,68,67,77,84,95,11,49,119,101,115" hai1="122,97,59,131,62,27,21,100,117,78,114,120,92" hai2="125,48,2,23,1,132,80,37,135,58,9,87,86" hai3="82,113,40,41,134,33,16,10,26,12,47,127,56"/><V103/><F37/><W112/><G134/><N who="2" m="51241" /><F125/><W14/><G127/><T5/><D115/><N who="3" m="44105" /><G82/><T106/><D34/><U85/><E114/><V39/><F39/><W104/><G104/><T89/><D106/><U99/><E117/><V123/><F103/><W88/><G56/><T3/><D77/><U110/><E110/><V65/><F86/><W102/><G102/><T22/><D68/><U124/><E124/><V7/><F23/><N who="3" m="13671" /><G33/><T60/><D101/><U8/><E8/><V24/><F65/><W61/><G61/><T63/><D63/><U57/><E131/><V64/><F64/><W15/><G41/><T66/><D60/><U96/><E62/><V32/><F32/><W18/><G88/><T90/><D119/><U121/><E100/><V17/><F123/><W51/><AGARI ba="2,0" hai="10,12,14,15,18,40,47,51" m="13671,44105" machi="51" ten="30,4000,0" yaku="11,1,52,1,54,1" doraHai="44" who="3" fromWho="3" sc="247,-12,264,-12,361,-22,128,46" /><INIT seed="3,0,0,4,5,17" ten="235,252,339,174" oya="3" hai0="37,25,16,34,97,63,129,19,53,55,117,91,41" hai1="4,89,81,70,18,84,1,56,33,14,86,114,58" hai2="132,47,90,22,66,98,6,100,2,102,105,95,128" hai3="20,11,71,60,134,43,46,49,77,131,57,116,39"/><W110/><G116/><T79/><D117/><U78/><E70/><V45/><F66/><W101/><G134/><T5/><D79/><U121/><E33/><V120/><F132/><W51/><G131/><T122/><D122/><U7/><E121/><V9/><F128/><W82/><G101/><T99/><D129/><U12/><E1/><V31/><F120/><W109/><G11/><T73/><D73/><U23/><E114/><V87/><F102/><W83/><G71/><T42/><D5/><N who="1" m="2123" /><E12/><V27/><AGARI ba="0,0" hai="2,6,9,22,27,31,45,47,87,90,95,98,100,105" machi="27" ten="30,2000,0" yaku="0,1,52,1" doraHai="17" who="2" fromWho="2" sc="235,-5,252,-5,339,20,174,-10" /><INIT seed="4,0,0,0,2,98" ten="230,247,359,164" oya="0" hai0="128,13,10,11,67,93,99,19,72,73,81,114,2" hai1="68,91,96,69,88,101,57,129,41,130,106,113,33" hai2="46,21,65,51,24,82,36,119,26,42,103,86,83" hai3="131,109,121,111,53,59,15,108,45,120,38,122,29"/><T70/><D128/><N who="1" m="49259" /><E33/><V102/><F36/><W117/><G29/><T71/><D114/><U31/><E31/><N who="2" m="17807" /><F119/><W78/><G78/><T12/><D2/><U127/><E127/><V135/><F135/><W134/><G15/><T63/><D81/><U40/><E57/><V47/><F65/><W28/><G28/><T62/><D62/><U104/><E104/><V132/><F132/><W123/><G134/><T124/><D71/><N who="1" m="27211" /><E113/><V125/><F125/><W20/><G20/><T58/><D70/><U118/><E118/><V61/><F61/><W23/><G23/><T116/><D124/><U64/><E64/><V4/><F4/><W90/><G90/><AGARI ba="0,0" hai="40,41,88,90,91,96,101,106" m="27211,49259" machi="90" ten="30,3900,0" yaku="19,1,52,1,54,1" doraHai="98" who="1" fromWho="3" sc="230,0,247,39,359,0,164,-39" /><INIT seed="5,0,0,3,4,70" ten="230,286,359,125" oya="1" hai0="131,113,50,32,97,71,54,43,51,67,105,0,78" hai1="58,37,55,48,129,1,46,114,53,63,26,83,82" hai2="19,22,34,65,56,76,81,2,125,15,13,104,52" hai3="61,89,121,100,103,135,4,77,90,47,75,36,130"/><U59/><E1/><V62/><F34/><W107/><G121/><T126/><D78/><U123/><E26/><V119/><F2/><W73/><G61/><T27/><D0/><U127/><E82/><V7/><F104/><W64/><G4/><T21/><D113/><U10/><E83/><V84/><F119/><W112/><G64/><T72/><D72/><N who="3" m="27721" /><G36/><T91/><D51/><N who="1" m="31103" /><E10/><N who="2" m="4319" /><F125/><W16/><G47/><T79/><D79/><U33/><E33/><V31/><F65/><W134/><G16/><T115/><D67/><N who="1" m="39423" /><E123/><V88/><F31/><W17/><G17/><T12/><D27/><U68/><E127/><V3/><F3/><W87/><G130/><T133/><D32/><U92/><E92/><V60/><F60/><W24/><G24/><T120/><D131/><U85/><E85/><V45/><F45/><W122/><G112/><T35/><D115/><U111/><E114/><V128/><F128/><W80/><G122/><T11/><D120/><U29/><E29/><V66/><F66/><W69/><G69/><T18/><D71/><U110/><E129/><V99/><F99/><N who="3" m="61855" /><G103/><T124/><D35/><U95/><E95/><V49/><F62/><W14/><G14/><T6/><D126/><U116/><E68/><V39/><F15/><W44/><G44/><T86/><D124/><U93/><E93/><V30/><F30/><W42/><G42/><T101/><D43/><N who="1" m="22895" /><E116/><V40/><F19/><W96/><G96/><T41/><D18/><U102/><E102/><V94/><F22/><W23/><G23/><T38/><D21/><U57/><AGARI ba="0,0" hai="48,53,57,110,111" m="22895,39423,31103" machi="57" ten="30,6000,0" yaku="34,2,52,1" doraHai="70" who="1" fromWho="1" sc="230,-20,286,60,359,-20,125,-20" /><INIT seed="5,1,0,4,1,79" ten="210,346,339,105" oya="1" hai0="40,75,10,62,73,89,81,132,71,76,46,31,124" hai1="77,131,106,116,109,20,4,111,18,23,130,34,28" hai2="125,96,53,120,98,110,72,86,50,55,121,44,67" hai3="12,127,107,35,74,47,126,115,100,1,128,78,49"/><U87/><E106/><V114/><F72/><W70/><G1/><T135/><D73/><U63/><E63/><V56/><F110/><N who="1" m="41993" /><E77/><V97/><F125/><W14/><G70/><T117/><D117/><U61/><E61/><V42/><F114/><W60/><G35/><T8/><D124/><U112/><E87/><V2/><F2/><W5/><G115/><T16/><D31/><U30/><E112/><V80/><F67/><W84/><G128/><N who="1" m="49194" /><E116/><V99/><N who="2" m="24576" /><DORA hai="119" /><V19/><F19/><W6/><G74/><T64/><D89/><U13/><E34/><V108/><F108/><W133/><G127/><T39/><REACH who="0" step="1"/><D16/><REACH who="0" ten="200,346,339,105" step="2"/><N who="1" m="10255" /><E4/><V69/><F69/><W65/><G5/><T0/><D0/><U32/><E32/><V57/><F121/><W88/><G6/><T25/><D25/><AGARI ba="1,1" hai="18,23,25,28,30" m="10255,49194,41993" machi="25" ten="30,12000,1" yaku="10,1,19,1,34,2,54,1" doraHai="79,119" who="1" fromWho="0" sc="200,-123,346,133,339,0,105,0" /><INIT seed="5,2,0,5,2,38" ten="77,479,339,105" oya="1" hai0="110,19,26,92,129,104,42,112,109,25,78,99,35" hai1="131,84,50,68,36,86,100,126,0,18,108,128,21" hai2="64,56,113,106,62,57,54,3,132,114,130,46,1" hai3="63,105,103,45,88,33,60,80,49,125,47,127,111"/><U14/><E36/><V119/><F106/><W81/><G33/><T133/><D104/><U40/><E68/><V94/><F119/><W17/><G111/><T9/><D112/><N who="2" m="43114" /><F130/><N who="1" m="49705" /><E0/><V72/><F72/><W8/><G103/><T6/><D133/><U52/><E126/><N who="3" m="48138" /><G105/><T41/><D129/><U34/><E34/><V124/><F124/><W44/><G49/><T27/><D78/><U93/><E108/><V70/><F132/><W15/><G80/><T53/><D19/><U48/><E100/><V116/><F116/><W83/><G83/><T55/><D35/><U71/><E71/><V28/><F28/><W85/><AGARI ba="2,0" hai="8,15,17,44,45,47,60,63,81,85,88" m="48138" machi="85" ten="40,2700,0" yaku="18,1,54,1" doraHai="38" who="3" fromWho="3" sc="77,-9,479,-15,339,-9,105,33" /><INIT seed="6,0,0,5,4,0" ten="68,464,330,138" oya="2" hai0="128,124,121,118,102,64,59,72,98,134,75,16,28" hai1="120,52,125,26,90,92,49,112,74,36,130,122,91" hai2="19,77,62,86,15,123,43,53,41,127,20,85,110" hai3="31,9,103,6,44,71,29,34,106,18,116,129,25"/><V94/><F123/><N who="1" m="47145" /><E36/><V108/><F127/><W115/><G71/><T42/><D121/><U93/><E125/><V10/><F86/><W33/><G103/><T32/><D128/><U51/><E74/><V1/><F1/><N who="3" m="207" /><G106/><T23/><D118/><U5/><E130/><V82/><F94/><N who="1" m="36457" /><E5/><N who="2" m="3535" /><F110/><W109/><G44/><T88/><D72/><U83/><E112/><V111/><F108/><W57/><G57/><T132/><D59/><N who="1" m="33167" /><E83/><V21/><F111/><W63/><G109/><T78/><D75/><U107/><E107/><V13/><F21/><N who="3" m="13495" /><G63/><T65/><D23/><U70/><E70/><V14/><F14/><W68/><G68/><T47/><D124/><U87/><E87/><V135/><F135/><W4/><G116/><T79/><D134/><U133/><E133/><V114/><F114/><W17/><G115/><T60/><D132/><U48/><E26/><V96/><F96/><W38/><G38/><T50/><D98/><U22/><E22/><V84/><F84/><W58/><G58/><AGARI ba="0,0" hai="13,19,20,41,43,53,58,62,77,82,85" m="3535" machi="58" ten="30,2900,0" yaku="8,1,52,1" doraHai="0" who="2" fromWho="3" sc="68,0,464,0,330,29,138,-29" /><INIT seed="6,1,0,2,0,2" ten="68,464,359,109" oya="2" hai0="95,73,17,133,113,83,122,34,55,123,127,32,117" hai1="19,97,105,104,80,12,92,121,91,135,20,13,7" hai2="8,15,69,65,67,64,36,106,40,129,99,48,41" hai3="72,23,102,5,10,56,46,61,111,47,96,108,124"/><V70/><F106/><W35/><G35/><T131/><D55/><U78/><E135/><V6/><F129/><W22/><G72/><T75/><D95/><U25/><E121/><V54/><F36/><W84/><G111/><T114/><D17/><U1/><E1/><V49/><F70/><W60/><G84/><T98/><D83/><U118/><E118/><V29/><F69/><W89/><G89/><T62/><D62/><U51/><E51/><V112/><F112/><N who="0" m="43114" /><D98/><U100/><E7/><V125/><F125/><W74/><G74/><N who="0" m="28171" /><D127/><U43/><E43/><V88/><F29/><W94/><G108/><T90/><D90/><U53/><E53/><V31/><F31/><W45/><G124/><T16/><D16/><U39/><E39/><V110/><F110/><W33/><G33/><N who="0" m="12907" /><D133/><U11/><E104/><V128/><F128/><W120/><G120/><N who="0" m="46123" /><D131/><U50/><E19/><V0/><F0/><W132/><G132/><T21/><D21/><U59/><E20/><V79/><F79/><W63/><REACH who="3" step="1"/><G56/><REACH who="3" ten="68,464,359,99" step="2"/><T44/><D44/><U76/><E59/><N who="2" m="33223" /><F49/><W116/><G116/><AGARI ba="1,1" hai="116,117" m="46123,12907,28171,43114" machi="116" ten="40,8000,1" yaku="28,2,15,1,31,2" doraHai="2" who="0" fromWho="3" sc="68,93,464,0,359,0,99,-83" /><INIT seed="7,0,0,0,4,7" ten="161,464,359,16" oya="3" hai0="93,35,30,63,117,53,120,45,88,51,131,91,68" hai1="52,125,21,67,6,130,54,110,22,41,78,36,127" hai2="17,32,46,13,26,124,85,106,3,9,16,70,74" hai3="79,80,121,28,62,24,123,76,134,105,66,116,115"/><W10/><G116/><T97/><D120/><U89/><E110/><V18/><F74/><W94/><G105/><T98/><D117/><U128/><E78/><V61/><F106/><W111/><G111/><T84/><D131/><N who="1" m="50219" /><E6/><N who="2" m="1247" /><F46/><W90/><G115/><T107/><D107/><U50/><E67/><V135/><F85/><W29/><G134/><T100/><D98/><U2/><E36/><V31/><F61/><W72/><G79/><T0/><D0/><U101/><E101/><V23/><F70/><W133/><G133/><T104/><D35/><U82/><E41/><V27/><F135/><W122/><G10/><T102/><D30/><U55/><E50/><V43/><F43/><W83/><G83/><T49/><D49/><U129/><E129/><V37/><F37/><W4/><G4/><T42/><D102/><U81/><E2/><V1/><F1/><W56/><REACH who="3" step="1"/><G24/><REACH who="3" ten="161,464,359,6" step="2"/><N who="2" m="9257" /><F124/><W109/><G109/><T15/><D104/><U92/><E81/><V40/><F40/><W112/><G112/><T75/><D42/><U69/><E82/><V33/><F33/><W132/><G132/><T103/><D93/><U87/><E125/><V34/><F34/><W8/><G8/><T65/><D75/><U20/><E127/><V47/><F47/><W11/><G11/><T44/><D44/><U39/><E39/><V95/><F95/><W64/><G64/><T12/><D45/><U59/><E92/><V14/><F32/><W86/><AGARI ba="0,1" hai="28,29,56,62,66,72,76,80,86,90,94,121,122,123" machi="86" ten="30,12000,1" yaku="1,1,0,1,53,3" doraHai="7" doraHaiUra="119" who="3" fromWho="3" sc="161,-40,464,-40,359,-40,6,130" /><INIT seed="7,1,0,2,3,40" ten="121,424,319,136" oya="3" hai0="33,55,36,66,31,35,30,102,126,127,12,51,121" hai1="103,93,129,38,8,58,90,114,105,11,9,71,74" hai2="89,119,97,96,3,18,43,135,113,122,108,63,116" hai3="23,27,26,5,68,100,20,87,28,25,67,48,50"/><W65/><G5/><T80/><D121/><U22/><E71/><V94/><F3/><W86/><G100/><T14/><D36/><U84/><E74/><V78/><F108/><W10/><G10/><T111/><D66/><N who="3" m="25097" /><G68/><T2/><D102/><U118/><E22/><N who="3" m="8234" /><G28/><N who="0" m="10795" /><D80/><U59/><E103/><V29/><F29/><W81/><G81/><T52/><D2/><U133/><E9/><V83/><F83/><W73/><G73/><T115/><D111/><U117/><E8/><V16/><F122/><W120/><G120/><T45/><D55/><U13/><E11/><V19/><F119/><W112/><G112/><T82/><D82/><U6/><E114/><V75/><F116/><W42/><G42/><T69/><D69/><U106/><E6/><V4/><F113/><W64/><N who="3" m="25105" /><W1/><DORA hai="53" /><G1/><T92/><D92/><U76/><E93/><V54/><F43/><W44/><G44/><T41/><D41/><U0/><E117/><V98/><F4/><W123/><G123/><T88/><D88/><U109/><E90/><V125/><F75/><W61/><G61/><T46/><D46/><U85/><E118/><V60/><F60/><W110/><G110/><T34/><D115/><U62/><E109/><V99/><F63/><W79/><G79/><T101/><D101/><U72/><E62/><V17/><F78/><W70/><G70/><T57/><D45/><U132/><E76/><V24/><F94/><W49/><AGARI ba="1,0" hai="25,26,27,48,49,50,86,87" m="8234,25105" machi="49" ten="40,7800,0" yaku="28,2,8,1" doraHai="40,53" who="3" fromWho="3" sc="121,-27,424,-27,319,-27,136,81" /><INIT seed="7,2,0,5,1,20" ten="94,397,292,217" oya="3" hai0="116,72,67,26,99,0,56,96,1,60,75,83,31" hai1="105,63,19,114,25,35,121,28,43,123,111,74,93" hai2="102,73,39,134,91,48,92,78,113,51,32,128,97" hai3="127,54,36,62,8,9,120,22,98,16,101,112,126"/><W106/><G36/><T12/><D116/><U71/><E111/><V65/><F39/><W90/><G90/><T107/><D12/><U104/><E74/><V115/><F32/><W109/><G120/><T11/><D11/><U59/><E114/><N who="2" m="43531" /><F128/><W110/><G112/><T15/><D15/><U14/><E43/><V94/><F134/><W24/><G62/><T129/><D129/><U88/><E71/><V44/><F65/><W55/><G54/><T125/><D125/><N who="3" m="47625" /><G55/><T95/><D107/><U89/><E104/><V87/><F44/><W7/><G7/><T41/><D41/><U2/><E105/><V46/><F46/><W64/><G64/><T23/><D99/><U135/><E89/><V42/><F42/><W30/><G30/><T118/><D118/><U79/><E135/><V47/><F47/><W34/><G34/><T130/><D130/><U103/><E88/><V13/><F48/><W85/><G85/><T49/><D49/><U66/><E35/><V17/><F51/><W50/><G50/><T45/><D45/><U84/><E28/><V119/><F119/><W69/><G69/><T82/><D72/><U117/><E84/><V132/><F73/><W53/><G53/><T61/><D61/><U29/><E63/><V77/><F132/><W100/><G100/><T5/><D5/><U6/><E103/><V124/><F124/><W86/><G86/><T58/><D58/><U21/><E59/><V80/><F80/><N who="0" m="30762" /><D75/><U70/><E66/><V10/><AGARI ba="2,0" hai="10,13,17,77,78,87,91,92,94,97,102" m="43531" machi="10" ten="30,1100,0" yaku="15,1" doraHai="20" who="2" fromWho="2" sc="94,-5,397,-5,292,17,217,-7" owari="89,-41.0,392,49.0,309,11.0,210,-19.0" /></mjloggm>