<mjloggm ver="2.3"><GO type="169" lobby="0"/><UN n0="%E3%83%9E%E3%83%88%E3%83%AA%E3%83%83%E3%82%AF%E3%82%B9" n1="%E9%96%A2%E4%B8%83%E6%B5%B7" n2="%E5%B0%B1%E6%B4%BB%E7%94%9F%40%E5%B7%9D%E6%9D%91%E8%BB%8D%E5%9B%A3" n3="%2E%E5%9C%92%E5%9F%8E%E5%AF%BA%E6%80%9C%2E" dan="17,18,16,16" rate="2195.41,2267.25,2112.23,2077.13" sx="M,M,M,F"/><TAIKYOKU oya="0"/><INIT seed="0,0,0,2,2,18" ten="250,250,250,250" oya="0" hai0="45,62,116,128,59,40,12,113,73,82,88,19,2" hai1="58,104,43,10,118,85,80,115,78,93,15,68,124" hai2="99,41,134,1,23,34,92,57,22,52,131,76,4" hai3="6,84,33,129,123,38,110,60,90,135,75,51,25"/><T103/><D2/><U11/><E118/><V24/><F131/><W114/><G38/><T16/><D116/><U53/><E68/><V61/><F134/><W127/><G75/><T63/><D128/><U66/><E66/><V83/><F41/><W77/><G114/><T29/><D113/><U70/><E70/><V5/><F34/><W7/><G77/><T112/><D112/><U96/><E104/><V64/><F64/><W86/><G86/><N who="0" m="50263" /><D73/><U28/><E124/><V8/><F5/><W121/><G127/><T74/><D74/><U0/><E0/><V55/><F55/><W14/><G135/><T13/><D29/><U130/><E28/><V37/><F37/><W54/><G129/><T120/><D120/><U126/><E126/><V48/><F48/><W133/><G60/><T42/><D103/><U87/><E115/><V107/><F24/><W39/><G39/><T32/><D32/><U44/><E130/><V9/><F9/><W89/><G133/><T98/><D98/><U100/><E85/><V97/><F107/><W46/><G84/><T69/><D69/><U3/><E3/><V56/><F99/><W31/><G33/><T17/><D63/><U20/><E96/><V119/><F119/><W47/><G123/><T65/><D45/><U81/><E100/><V105/><F105/><W111/><G46/><T21/><D19/><U71/><E44/><V95/><F57/><W67/><G121/><T108/><D108/><U79/><E71/><V106/><F106/><W27/><G111/><T94/><D94/><N who="2" m="35882" /><F97/><W35/><G110/><T26/><D26/><RYUUKYOKU ba="0,0" sc="250,15,250,-15,250,15,250,-15" hai0="12,13,16,17,21,40,42,59,62,65" hai2="1,4,8,22,23,52,56,61,76,83" /><INIT seed="0,1,0,2,3,128" ten="265,235,265,235" oya="0" hai0="66,11,49,110,71,29,109,100,32,53,74,81,82" hai1="131,120,125,94,87,64,129,98,55,61,126,133,83" hai2="35,5,89,8,134,4,48,97,102,108,42,104,2" hai3="7,113,103,6,37,127,30,77,21,46,112,95,17"/><T54/><D100/><N who="1" m="60503" /><E55/><N who="0" m="21001" /><D49/><U34/><E34/><V88/><F35/><W13/><G127/><N who="1" m="48650" /><E120/><V33/><F33/><W132/><G30/><T73/><D32/><U39/><E39/><V43/><F4/><W60/><G77/><T130/><D29/><U18/><E18/><V63/><F108/><N who="0" m="41578" /><D11/><U117/><E117/><V65/><F43/><W111/><G111/><T99/><D99/><U9/><E9/><V14/><F2/><W70/><G37/><T26/><D26/><U92/><E92/><V59/><F42/><W47/><G95/><T101/><D101/><U72/><E72/><N who="0" m="27753" /><D130/><U78/><E129/><V119/><F48/><W24/><G103/><T1/><D1/><U90/><E131/><V85/><F119/><W79/><G24/><T31/><D31/><U52/><E78/><V76/><F76/><W25/><G79/><T121/><D121/><U118/><E118/><V16/><F5/><W10/><G6/><T19/><D19/><U115/><E52/><V135/><REACH who="2" step="1"/><F89/><REACH who="2" ten="265,235,255,235" step="2"/><W38/><G7/><T123/><D123/><U67/><E90/><V41/><F41/><W68/><G38/><T15/><D15/><U12/><E12/><V107/><F107/><W56/><G13/><T84/><D84/><U50/><E50/><V91/><F91/><W106/><G106/><T44/><D44/><U23/><E23/><V114/><F114/><W28/><G112/><T27/><D27/><U40/><E115/><V45/><F45/><W86/><G113/><T3/><D3/><U93/><E40/><V80/><AGARI ba="1,1" hai="8,14,16,59,63,65,80,85,88,97,102,104,134,135" machi="80" ten="30,12000,2" yaku="1,1,0,1,52,2,54,2,53,0" doraHai="128" doraHaiUra="22" who="2" fromWho="2" sc="265,-61,235,-31,255,133,235,-31" /><INIT seed="1,0,0,0,1,109" ten="204,204,388,204" oya="1" hai0="53,50,86,111,115,79,6,11,21,134,19,92,7" hai1="124,65,98,1,60,5,71,107,48,104,78,15,72" hai2="42,101,45,112,89,126,100,44,23,106,87,26,18" hai3="75,17,122,97,3,68,39,66,43,4,132,80,13"/><U62/><E124/><V121/><F121/><W52/><G122/><T83/><D111/><U12/><E98/><V67/><F112/><W24/><G24/><T135/><D115/><U9/><E48/><V128/><F126/><W129/><G68/><T30/><D30/><U96/><E60/><V37/><F128/><W125/><G66/><T95/><D7/><U120/><E120/><V130/><F130/><W61/><G129/><T70/><D70/><U76/><E76/><V55/><F106/><W10/><G97/><T110/><D110/><U85/><E72/><V123/><F123/><W25/><G25/><T2/><D135/><U34/><E34/><V41/><F67/><W84/><G125/><T8/><D8/><U91/><E78/><V35/><F55/><W40/><G75/><T28/><D28/><U108/><E108/><V33/><F33/><W114/><G39/><T74/><D74/><U49/><E49/><V103/><F35/><W131/><G132/><T69/><D69/><U127/><E127/><V81/><REACH who="2" step="1"/><F103/><REACH who="2" ten="204,204,378,204" step="2"/><W88/><G114/><T64/><D64/><U32/><E32/><V77/><F77/><W82/><G131/><T102/><D102/><N who="1" m="62535" /><E107/><V93/><F93/><W29/><G80/><T59/><D134/><U36/><E65/><V14/><F14/><AGARI ba="0,1" hai="2,6,11,14,19,21,50,53,59,79,83,86,92,95" machi="14" ten="30,1000,0" yaku="7,1" doraHai="109" who="0" fromWho="2" sc="204,20,204,0,378,-10,204,0" /><INIT seed="2,0,0,3,0,116" ten="224,204,368,204" oya="2" hai0="56,11,75,79,120,61,133,82,15,98,121,127,8" hai1="40,105,44,50,117,65,17,119,49,129,0,7,12" hai2="43,103,97,88,58,113,67,52,22,59,1,6,126" hai3="64,93,5,118,95,85,66,53,20,78,10,68,46"/><V24/><F113/><W70/><G118/><T91/><D127/><U14/><E105/><V134/><F134/><W76/><G20/><T108/><D133/><U23/><E129/><V62/><F126/><W73/><G73/><T48/><D108/><U28/><E28/><V51/><F1/><W25/><G25/><T36/><D36/><U125/><E125/><V30/><F6/><W122/><G122/><T41/><D11/><U123/><E123/><V112/><F112/><W114/><G46/><T89/><D91/><U16/><E65/><V2/><F2/><W60/><G53/><T13/><D13/><U74/><E74/><V26/><F26/><W135/><G135/><T109/><D109/><U4/><E4/><V45/><F88/><W3/><G114/><T130/><D130/><U110/><E110/><V39/><F39/><W71/><G71/><T107/><D48/><U29/><E29/><V42/><REACH who="2" step="1"/><F59/><REACH who="2" ten="224,204,358,204" step="2"/><W90/><G3/><T94/><D107/><AGARI ba="0,1" hai="22,24,30,42,43,45,51,52,58,62,67,97,103,107" machi="107" ten="30,12000,1" yaku="1,1,2,1,7,1,54,1,53,1" doraHai="116" doraHaiUra="99" who="2" fromWho="0" sc="224,-120,204,0,358,130,204,0" /><INIT seed="2,1,0,5,1,8" ten="104,204,488,204" oya="2" hai0="35,131,9,75,78,96,3,92,126,24,93,66,112" hai1="95,87,80,26,52,97,118,17,86,0,48,134,111" hai2="5,99,129,135,56,65,71,37,28,4,98,67,22" hai3="91,102,32,41,105,116,30,81,36,33,31,27,20"/><V89/><F71/><W49/><G36/><T73/><D66/><U19/><E0/><V130/><F37/><W63/><G116/><T127/><D35/><U60/><E111/><V117/><F117/><W100/><G63/><T84/><D24/><U120/><E134/><V64/><F135/><W57/><G105/><T13/><D3/><U125/><E125/><N who="0" m="47625" /><D112/><U25/><E120/><V69/><F69/><W62/><G33/><T10/><D10/><U90/><E60/><V110/><F110/><W128/><G31/><T45/><D45/><U114/><E114/><V113/><F113/><W59/><G32/><T94/><D131/><N who="2" m="50186" /><F56/><W18/><G30/><T68/><D68/><U29/><E118/><V108/><F108/><W70/><G70/><T7/><D96/><N who="2" m="36906" /><F89/><W83/><G59/><T16/><D7/><N who="2" m="2634" /><F22/><W12/><G128/><T6/><D6/><U61/><E61/><V119/><F119/><W123/><G91/><N who="0" m="53351" /><D78/><U15/><E29/><AGARI ba="1,0" hai="28,29,64,65,67" m="2634,36906,50186" machi="29" ten="40,7700,0" yaku="28,2,19,1" doraHai="8" who="2" fromWho="1" sc="104,0,204,-80,488,80,204,0" /><INIT seed="2,2,0,1,3,31" ten="104,124,568,204" oya="2" hai0="33,49,40,126,68,71,121,120,93,72,32,122,123" hai1="37,69,106,60,25,42,23,82,5,59,101,64,132" hai2="130,10,94,115,119,117,20,34,74,61,79,28,125" hai3="131,41,87,48,47,66,75,118,103,38,24,52,9"/><V54/><F115/><W57/><G75/><T3/><D3/><U78/><E132/><V90/><F125/><W133/><G118/><T45/><D72/><U14/><E69/><V135/><F135/><W70/><G133/><T128/><N who="0" m="30720" /><DORA hai="98" /><T18/><D126/><U114/><E114/><V113/><F113/><W4/><G131/><T26/><D128/><U8/><E37/><V11/><F130/><W6/><G87/><T29/><D33/><U89/><E42/><V81/><F20/><W99/><G24/><T107/><D107/><U108/><E108/><V27/><F117/><W84/><G84/><T36/><D18/><U51/><E51/><V77/><F77/><W102/><G99/><T85/><REACH who="0" step="1"/><D36/><REACH who="0" ten="94,124,568,204" step="2"/><U46/><E106/><V17/><F17/><W63/><G4/><T19/><D19/><U43/><E5/><V67/><F119/><W55/><REACH who="3" step="1"/><G55/><REACH who="3" ten="94,124,568,194" step="2"/><T58/><D58/><U110/><E59/><V100/><F54/><W80/><G80/><T111/><D111/><U35/><E82/><V13/><F81/><W16/><G16/><T30/><D30/><U129/><E110/><V2/><F28/><W127/><G127/><T53/><D53/><U92/><E129/><V96/><F74/><W1/><AGARI ba="2,2" hai="1,6,9,38,41,47,48,52,57,63,66,70,102,103" machi="1" ten="20,16000,3" yaku="1,1,0,1,7,1,24,2,52,2,54,1,53,1" doraHai="31,98" doraHaiUra="56,109" who="3" fromWho="3" sc="94,-42,124,-42,568,-82,194,186" /><INIT seed="3,0,0,2,2,77" ten="52,82,486,380" oya="3" hai0="9,89,4,81,12,20,2,36,119,56,21,18,85" hai1="96,131,34,95,84,90,63,47,61,0,69,42,27" hai2="49,23,94,135,86,104,130,7,109,72,50,26,48" hai3="43,19,83,121,93,54,79,100,115,127,118,113,30"/><W111/><G30/><T122/><D119/><U46/><E0/><V37/><F37/><W117/><G43/><T110/><D122/><U128/><E69/><V102/><F72/><N who="3" m="43495" /><G54/><T41/><D110/><U65/><E65/><V124/><F109/><W62/><G62/><N who="1" m="23562" /><E42/><V66/><F66/><W99/><G19/><T82/><D56/><U10/><E10/><V3/><F3/><W60/><G60/><T55/><D55/><U73/><E73/><V8/><F7/><W29/><G29/><T92/><REACH who="0" step="1"/><D21/><REACH who="0" ten="42,82,486,380" step="2"/><U39/><E34/><V17/><F23/><W25/><G111/><T112/><D112/><N who="3" m="43081" /><G25/><T44/><AGARI ba="0,1" hai="2,4,9,12,18,20,36,41,44,81,82,85,89,92" machi="44" ten="30,8000,1" yaku="1,1,0,1,52,2,53,1" doraHai="77" doraHaiUra="16" who="0" fromWho="0" sc="42,90,82,-20,486,-20,380,-40" /><INIT seed="4,0,0,3,0,15" ten="132,62,466,340" oya="0" hai0="79,29,127,98,25,4,87,99,30,78,38,65,55" hai1="11,61,59,67,13,100,126,135,73,19,34,31,35" hai2="54,107,45,40,113,94,51,114,128,33,49,82,84" hai3="81,50,88,131,115,101,133,43,46,48,22,124,86"/><T116/><D38/><U71/><E126/><V53/><F33/><W108/><G108/><T70/><D116/><U77/><E135/><V6/><F107/><W56/><G133/><T47/><D4/><U129/><E129/><V2/><F128/><W121/><G131/><T57/><D70/><U10/><E100/><V120/><F120/><W80/><G124/><T97/><D127/><U20/><E71/><V17/><F94/><W74/><G115/><N who="2" m="44041" /><F17/><W66/><G101/><T96/><D65/><U90/><E90/><N who="2" m="51479" /><F51/><W68/><G68/><T134/><D47/><U125/><E125/><V27/><F27/><W36/><G121/><T69/><D69/><U85/><E73/><V91/><F91/><W118/><G118/><T41/><D41/><U28/><E35/><V23/><F23/><W104/><G104/><T42/><D42/><U58/><E58/><V89/><F89/><W93/><G74/><T21/><D134/><U102/><E102/><V62/><F62/><N who="3" m="38215" /><G36/><T92/><D87/><U24/><REACH who="1" step="1"/><E28/><REACH who="1" ten="132,52,466,340" step="2"/><V95/><F95/><W52/><G93/><T7/><D30/><U76/><E76/><V83/><F83/><AGARI ba="0,1" hai="10,11,13,19,20,24,31,34,59,61,67,77,83,85" machi="83" ten="40,5200,0" yaku="1,1,52,1,53,1" doraHai="15" doraHaiUra="72" who="1" fromWho="2" sc="132,0,52,62,466,-52,340,0" /><INIT seed="5,0,0,1,1,24" ten="132,114,414,340" oya="1" hai0="14,108,59,57,95,54,104,135,36,93,35,110,76" hai1="117,114,83,107,85,63,94,88,53,118,46,8,5" hai2="133,101,48,9,98,50,17,16,4,27,2,96,121" hai3="68,65,132,1,7,84,113,31,116,64,15,69,103"/><U73/><E114/><V18/><F121/><W40/><G1/><T10/><D104/><U51/><E107/><V45/><F133/><W82/><G103/><T105/><D105/><U86/><E63/><V29/><F101/><W87/><G113/><T92/><D36/><U78/><REACH who="1" step="1"/><E73/><REACH who="1" ten="132,104,414,340" step="2"/><V25/><F50/><W91/><G132/><T19/><D135/><U71/><E71/><V21/><REACH who="2" step="1"/><F25/><REACH who="2" ten="132,104,404,340" step="2"/><W77/><G69/><T62/><D110/><U128/><E128/><V102/><F102/><W23/><G68/><T120/><D108/><U39/><E39/><V115/><F115/><W66/><G116/><T42/><D120/><U13/><AGARI ba="0,2" hai="5,8,13,46,51,53,78,83,85,86,88,94,117,118" machi="13" ten="20,7800,0" yaku="1,1,0,1,7,1,54,1,53,0" doraHai="24" doraHaiUra="52" who="1" fromWho="1" sc="132,-26,104,98,404,-26,340,-26" /><INIT seed="5,1,0,0,0,47" ten="106,202,378,314" oya="1" hai0="14,46,122,51,53,52,15,80,71,92,0,113,44" hai1="84,26,27,57,81,88,127,119,98,78,103,76,77" hai2="83,39,86,133,3,73,101,29,61,19,131,135,89" hai3="33,13,37,95,6,1,23,96,107,130,116,100,35"/><U99/><E119/><V102/><F3/><W72/><G37/><T55/><D0/><U43/><E127/><V82/><F39/><W129/><G116/><T58/><D71/><U42/><E57/><V38/><F38/><W68/><G68/><T97/><D113/><U49/><E43/><V104/><F104/><W128/><G72/><T60/><D122/><U56/><E99/><V67/><F29/><W118/><G118/><T21/><D80/><U75/><E75/><V45/><F45/><W65/><G65/><T24/><D53/><N who="1" m="31791" /><E42/><V85/><F19/><N who="3" m="10735" /><G107/><T9/><D9/><AGARI ba="1,0" hai="1,6,9,33,35,95,96,100,128,129,130" m="10735" machi="9" ten="30,1000,0" yaku="19,1" doraHai="47" who="3" fromWho="0" sc="106,-13,202,0,378,0,314,13" /><INIT seed="6,0,0,4,4,68" ten="93,202,378,327" oya="2" hai0="56,34,131,59,83,115,30,104,122,123,66,97,24" hai1="90,102,38,8,118,28,49,18,126,48,69,73,43" hai2="7,51,125,80,16,76,132,119,89,133,74,95,40" hai3="55,113,79,71,21,0,110,112,134,86,11,53,108"/><V26/><F119/><W106/><G106/><T124/><D115/><N who="3" m="44105" /><G71/><T116/><D116/><U19/><E28/><V15/><F125/><W121/><G121/><T54/><D124/><U25/><E25/><V58/><F7/><N who="3" m="1511" /><G134/><N who="2" m="51817" /><F26/><W101/><G101/><T14/><D131/><U31/><E102/><V109/><F109/><N who="3" m="42091" /><G21/><T127/><D127/><U91/><E126/><V32/><F32/><W111/><G111/><T50/><D104/><U33/><E33/><V77/><F80/><AGARI ba="0,0" hai="53,55,79,80,86" m="42091,1511,44105" machi="80" ten="30,2000,0" yaku="15,1,11,1" doraHai="68" who="3" fromWho="2" sc="93,0,202,0,378,-20,327,20" /><INIT seed="7,0,0,1,1,70" ten="93,202,358,347" oya="3" hai0="80,44,63,102,61,103,54,23,122,130,115,17,26" hai1="104,89,24,132,133,1,40,19,41,97,18,85,123" hai2="117,21,30,124,67,96,58,69,108,125,4,13,10" hai3="93,5,111,49,56,12,42,53,119,101,90,36,120"/><W27/><G119/><T38/><D122/><U113/><E1/><V46/><F69/><W8/><G120/><T78/><D130/><U75/><E75/><V114/><F108/><W98/><G111/><T34/><D34/><U81/><E113/><V79/><F79/><W135/><G135/><N who="1" m="51786" /><E123/><V95/><F46/><W3/><G3/><T7/><D7/><U51/><E51/><V50/><F117/><W71/><G71/><T84/><D115/><U86/><E86/><V32/><F32/><W39/><G42/><T74/><D74/><U2/><E2/><V131/><F131/><W105/><G27/><T65/><D65/><U45/><E45/><V22/><F114/><W126/><G126/><N who="2" m="48745" /><F30/><W106/><G106/><T64/><D64/><U28/><E19/><V134/><F134/><W57/><G56/><T99/><D99/><AGARI ba="0,0" hai="5,8,12,36,39,49,53,57,90,93,98,99,101,105" machi="99" ten="30,5800,0" yaku="7,1,52,2" doraHai="70" who="3" fromWho="0" sc="93,-58,202,0,358,0,347,58" owari="35,-46.0,202,-20.0,358,16.0,405,50.0" /></mjloggm>