<mjloggm ver="2.3"><GO type="233" lobby="0"/><UN n0="%E3%82%A6%E3%83%AB%E3%83%88%E3%83%A9%E7%AB%8B%E7%9B%B4" n1="%74%61%6B%75%61%6B%61" n2="%65%69%6B%31" n3="%E9%9B%80%E3%82%B7%E3%83%AD%E5%AD%90" dan="18,18,17,16" rate="2247.64,2223.62,2137.78,2068.83" sx="M,M,M,M"/><TAIKYOKU oya="0"/><INIT seed="0,0,0,0,0,117" ten="250,250,250,250" oya="0" hai0="72,53,18,57,15,111,123,118,102,2,32,133,99" hai1="62,97,6,88,29,82,27,64,75,119,132,17,63" hai2="28,25,128,1,13,103,68,30,66,0,7,65,90" hai3="70,24,33,31,107,38,110,20,54,92,129,51,83"/><T41/><D2/><U101/><E119/><V134/><F134/><W23/><G110/><T69/><D69/><U52/><E132/><V116/><F116/><W22/><G129/><T37/><D133/><U48/><E6/><V108/><F108/><W125/><G38/><T109/><D72/><U124/><E17/><V46/><F128/><W67/><G125/><T26/><D118/><U16/><E124/><V106/><F30/><W9/><G9/><T85/><D123/><U122/><E122/><V126/><F126/><W12/><G92/><T71/><D71/><U74/><E74/><V127/><F127/><W3/><G3/><T77/><D41/><U79/><E64/><V73/><F73/><W115/><G115/><T21/><D37/><U4/><E4/><V44/><F13/><W36/><G36/><T78/><D78/><U76/><E76/><V93/><F103/><W19/><G107/><T56/><D56/><U84/><E79/><V10/><F106/><W60/><REACH who="3" step="1"/><G83/><REACH who="3" ten="250,250,250,240" step="2"/><N who="0" m="47343" /><D111/><U120/><E120/><V87/><F0/><W50/><G50/><N who="0" m="30903" /><D109/><U49/><E48/><V112/><F112/><W89/><G89/><T35/><D102/><U98/><E101/><V55/><F1/><W43/><G43/><T40/><D40/><U80/><E80/><V59/><F90/><W8/><G8/><N who="0" m="6503" /><D99/><N who="1" m="37899" /><E75/><V96/><F96/><W105/><G105/><T131/><D131/><U11/><E11/><V5/><F10/><W47/><AGARI ba="0,1" hai="12,19,20,22,23,24,31,33,47,51,54,60,67,70" machi="47" ten="20,2700,0" yaku="1,1,0,1,7,1,53,0" doraHai="117" doraHaiUra="104" who="3" fromWho="3" sc="250,-13,250,-7,250,-7,240,37" /><INIT seed="1,0,0,0,1,2" ten="237,243,243,277" oya="1" hai0="50,17,107,104,135,98,116,40,102,12,61,71,111" hai1="105,30,130,32,133,100,84,36,28,132,21,6,13" hai2="48,93,20,64,127,96,129,124,15,26,1,82,7" hai3="38,97,75,88,16,25,8,58,59,24,73,52,131"/><U35/><E36/><V45/><F1/><W110/><G38/><T128/><D116/><U122/><E105/><V5/><F64/><W123/><G123/><T101/><D111/><U89/><E100/><N who="2" m="60431" /><F15/><N who="3" m="7271" /><G75/><T108/><D108/><U79/><E79/><V54/><F129/><W117/><G73/><T0/><D0/><U18/><E89/><V85/><F127/><W92/><G117/><T103/><D128/><U43/><E84/><V56/><F56/><W33/><G33/><N who="1" m="12874" /><E43/><V46/><F46/><W119/><G119/><T106/><D40/><U22/><E130/><V109/><F124/><W125/><G125/><T76/><D76/><U19/><E122/><V120/><F109/><W83/><G110/><T47/><D107/><U126/><E126/><V134/><F134/><N who="1" m="51817" /><E6/><N who="2" m="2059" /><F120/><W31/><G31/><T78/><D135/><U29/><E30/><N who="2" m="17735" /><F85/><N who="3" m="50239" /><G59/><T9/><D106/><U70/><E70/><V49/><F82/><W3/><G3/><T53/><D71/><U94/><E94/><V63/><F63/><N who="3" m="36295" /><G131/><T66/><D61/><U10/><E10/><V62/><F62/><W68/><G68/><T14/><D66/><U67/><E67/><V65/><F65/><W55/><G55/><T41/><D53/><U118/><E118/><V51/><AGARI ba="0,0" hai="45,48,49,51,54" m="17735,2059,60431" machi="51" ten="30,7900,0" yaku="8,1,52,3" doraHai="2" who="2" fromWho="2" sc="237,-20,243,-39,243,79,277,-20" /><INIT seed="2,0,0,3,2,37" ten="217,204,322,257" oya="2" hai0="23,83,38,91,25,59,29,10,130,44,106,17,118" hai1="80,11,51,99,42,108,21,122,93,71,74,69,46" hai2="36,58,15,77,53,5,56,98,73,76,113,1,89" hai3="127,14,84,13,94,54,133,103,26,96,28,107,132"/><V104/><F113/><W72/><G72/><T2/><D106/><U18/><E108/><V8/><F36/><W121/><G121/><T95/><D130/><U129/><E129/><V50/><F73/><W87/><G127/><T109/><D109/><U35/><E35/><V78/><F1/><W48/><G87/><T81/><D118/><U52/><E11/><V115/><F115/><W70/><G70/><T22/><D59/><U49/><E74/><V82/><F104/><W112/><G112/><T33/><D22/><U114/><E80/><V68/><F68/><W110/><G110/><T41/><D10/><U75/><E75/><V134/><F134/><N who="3" m="51819" /><G84/><T57/><D57/><U79/><E79/><V135/><F135/><W67/><G67/><T55/><D55/><U63/><E63/><V34/><F34/><N who="3" m="20759" /><G107/><T120/><D2/><U9/><E122/><V111/><F111/><W62/><G62/><T45/><D45/><AGARI ba="0,0" hai="13,14,45,48,54,94,96,103" m="20759,51819" machi="45" ten="30,1000,0" yaku="20,1" doraHai="37" who="3" fromWho="0" sc="217,-10,204,0,322,0,257,10" /><INIT seed="3,0,0,2,2,34" ten="207,204,322,267" oya="3" hai0="51,100,117,8,11,83,2,55,99,92,41,104,74" hai1="97,15,6,18,36,119,110,50,107,20,16,111,60" hai2="26,75,62,73,118,61,27,109,40,132,19,72,64" hai3="81,133,52,29,67,17,76,37,35,91,102,124,22"/><W90/><G37/><T24/><D117/><U78/><E36/><V130/><F118/><W71/><G124/><T116/><D116/><U9/><E78/><V121/><F109/><N who="1" m="41481" /><E119/><V1/><F1/><W47/><G133/><T105/><D41/><U82/><E82/><V79/><F79/><W96/><G29/><T33/><D74/><U66/><E50/><V13/><F40/><W38/><G35/><T127/><D83/><U134/><E134/><V23/><F132/><W123/><G67/><T57/><D127/><U120/><E120/><V46/><F46/><W93/><G71/><T85/><D11/><U101/><E20/><V77/><F77/><W125/><G125/><T69/><D69/><AGARI ba="0,0" hai="6,9,15,16,18,60,66,69,97,101,107" m="41481" machi="69" ten="30,2000,0" yaku="14,1,54,1" doraHai="34" who="1" fromWho="0" sc="207,-20,204,20,322,0,267,0" /><INIT seed="4,0,0,2,3,2" ten="187,224,322,267" oya="0" hai0="88,122,13,19,131,49,68,123,32,22,83,70,0" hai1="78,101,38,9,108,51,109,114,18,20,15,57,85" hai2="26,53,71,44,54,93,40,81,37,77,135,29,112" hai3="91,12,132,67,127,61,25,92,80,134,73,14,128"/><T58/><D32/><U4/><E38/><V95/><F71/><W16/><G127/><T86/><D131/><U45/><E114/><V124/><F112/><W46/><G46/><T115/><D115/><U31/><E101/><V133/><F124/><W28/><G128/><T74/><D0/><U99/><E99/><V103/><F54/><W90/><G80/><T84/><D74/><U1/><E57/><V104/><F53/><W96/><G90/><T116/><D116/><U75/><E75/><N who="2" m="43199" /><F104/><W21/><G73/><T27/><D27/><U3/><E3/><V113/><F103/><W5/><G5/><T41/><D86/><U11/><E78/><V121/><F121/><W69/><REACH who="3" step="1"/><G14/><REACH who="3" ten="187,224,322,257" step="2"/><T60/><D123/><U66/><E4/><V34/><F113/><W8/><AGARI ba="0,1" hai="8,12,16,21,25,28,61,67,69,91,92,96,132,134" machi="8" ten="30,8000,1" yaku="1,1,2,1,0,1,54,1,53,1" doraHai="2" doraHaiUra="87" who="3" fromWho="3" sc="187,-40,224,-20,322,-20,257,90" /><INIT seed="5,0,0,5,2,76" ten="147,204,302,347" oya="1" hai0="25,95,10,121,18,74,20,79,110,129,66,6,85" hai1="118,33,72,42,112,102,119,36,57,124,94,82,51" hai2="71,81,23,65,49,59,11,19,32,101,24,26,60" hai3="120,45,34,117,106,55,135,128,134,109,83,0,126"/><U63/><E33/><V84/><F101/><W44/><RYUUKYOKU type="yao9" ba="0,0" sc="147,0,204,0,302,0,347,0" hai3="0,34,44,45,55,83,106,109,117,120,126,128,134,135" /><INIT seed="5,1,0,0,5,59" ten="147,204,302,347" oya="1" hai0="121,86,9,123,20,55,30,16,17,45,81,108,57" hai1="129,107,66,21,6,1,101,62,22,13,53,68,113" hai2="128,118,48,40,31,74,90,64,2,79,70,67,112" hai3="106,111,12,73,117,130,56,41,75,116,32,46,95"/><U92/><E113/><V24/><F2/><W135/><G106/><T14/><D108/><U76/><E1/><V104/><F118/><N who="3" m="45675" /><G32/><T88/><D30/><U89/><E129/><V19/><F19/><W127/><G111/><T49/><REACH who="0" step="1"/><D57/><REACH who="0" ten="137,204,302,347" step="2"/><U33/><E33/><V42/><F31/><W110/><G56/><T65/><D65/><U124/><E66/><V98/><F67/><W122/><G110/><T0/><D0/><U120/><E68/><V82/><F64/><W97/><G130/><T58/><D58/><N who="1" m="35151" /><E120/><V69/><F128/><W83/><G122/><T35/><D35/><U44/><E124/><V80/><F69/><W52/><G127/><T5/><D5/><U119/><E119/><V36/><F70/><W103/><G135/><T37/><D37/><U28/><E28/><V27/><F36/><W4/><G4/><T87/><D87/><U3/><E3/><V23/><F112/><W85/><G85/><T109/><D109/><U84/><E6/><V18/><F74/><W133/><G133/><T61/><D61/><U47/><E76/><V96/><F79/><W25/><G75/><T10/><D10/><U93/><E84/><V91/><F18/><W99/><G73/><T54/><D54/><U105/><E47/><V115/><F115/><W94/><G52/><T51/><D51/><U131/><E44/><V39/><F48/><W38/><G46/><T126/><D126/><U77/><E77/><V125/><F39/><W50/><G50/><T134/><D134/><U29/><E131/><V11/><F125/><W71/><G38/><T26/><AGARI ba="1,1" hai="9,14,16,17,20,26,45,49,55,81,86,88,121,123" machi="26" ten="30,16000,3" yaku="1,1,5,1,0,1,25,2,54,2,53,1" doraHai="59" doraHaiUra="43" who="0" fromWho="0" sc="137,173,204,-81,302,-41,347,-41" /><INIT seed="6,0,0,2,5,60" ten="310,123,261,306" oya="2" hai0="97,13,49,70,103,7,51,45,99,69,64,38,22" hai1="76,111,46,28,95,72,88,74,86,53,109,1,40" hai2="33,61,30,23,56,123,32,104,126,106,81,27,132" hai3="94,83,50,113,125,5,92,124,57,78,87,55,68"/><V2/><F123/><W71/><G5/><T134/><D38/><U54/><E28/><V0/><F132/><W20/><G20/><T44/><D134/><U58/><E1/><V107/><F126/><N who="3" m="48747" /><G113/><T63/><D70/><AGARI ba="0,0" hai="50,55,57,68,70,71,78,83,87,92,94" m="48747" machi="70" ten="30,1000,0" yaku="18,1" doraHai="60" who="3" fromWho="0" sc="310,-10,123,0,261,0,306,10" /><INIT seed="7,0,0,5,3,15" ten="300,123,261,316" oya="3" hai0="67,72,49,73,89,34,127,39,44,90,110,1,12" hai1="9,57,61,84,103,66,120,83,111,129,17,108,79" hai2="119,20,132,121,22,101,24,63,16,7,42,5,47" hai3="45,46,126,105,85,117,102,58,64,94,52,51,74"/><W124/><G117/><T62/><D1/><U115/><E120/><V41/><F119/><W125/><G74/><T131/><D110/><U81/><E129/><V92/><F132/><W104/><G64/><T48/><D34/><U18/><E115/><V19/><F121/><W97/><G85/><T8/><D131/><U91/><E103/><V109/><F109/><W25/><G25/><T13/><D39/><U53/><E9/><V100/><F63/><N who="3" m="36295" /><G46/><T21/><D73/><U130/><E130/><V4/><F92/><W23/><G23/><T10/><D21/><U11/><E11/><V28/><F28/><W55/><AGARI ba="0,0" hai="45,51,55,94,97,102,104,105,124,125,126" m="36295" machi="55" ten="30,3000,0" yaku="18,1,54,1" doraHai="15" who="3" fromWho="3" sc="300,-10,123,-10,261,-10,316,30" owari="290,9.0,113,-39.0,251,-15.0,346,45.0" /></mjloggm>