<mjloggm ver="2.3"><GO type="169" lobby="0"/><UN n0="%E3%81%AE%E3%81%86%E3%81%AA%E3%82%81%E3%82%8D%E3%82%93" n1="%4E%6F%69%65" n2="%E3%82%A6%E3%83%AB%E3%83%88%E3%83%A9%E7%AB%8B%E7%9B%B4" n3="%E3%83%AA%E3%83%83%E3%83%97%E3%83%AB%E3%83%A9%E3%83%83%E3%83%97%E3%83%AB" dan="17,17,17,16" rate="2075.40,2141.31,2197.07,2081.79" sx="M,M,M,F"/><TAIKYOKU oya="0"/><INIT seed="0,0,0,2,0,55" ten="250,250,250,250" oya="0" hai0="25,124,128,105,50,123,84,37,96,65,82,12,103" hai1="7,126,29,101,44,35,110,69,1,11,91,39,132" hai2="90,34,104,72,70,6,64,99,66,19,61,26,48" hai3="125,127,60,135,2,73,74,54,87,120,122,31,8"/><T16/><D37/><U18/><E69/><V92/><F72/><N who="3" m="27755" /><G31/><T30/><D124/><N who="3" m="47689" /><G135/><T45/><D128/><U47/><E126/><V116/><F116/><W117/><G117/><T80/><D65/><U133/><E101/><V68/><F6/><N who="3" m="1111" /><G87/><T115/><D115/><U118/><E18/><V129/><F129/><W102/><G102/><T119/><D123/><U15/><E15/><V76/><F76/><W28/><G28/><T109/><D109/><U52/><E44/><V41/><F104/><W4/><G4/><T62/><D62/><U77/><E110/><V106/><F106/><W89/><G89/><T83/><D119/><U56/><E77/><V134/><F90/><W23/><G23/><T22/><D84/><U95/><E118/><V21/><F21/><W100/><G100/><T42/><REACH who="0" step="1"/><D83/><REACH who="0" ten="240,250,250,250" step="2"/><U113/><E113/><V59/><F66/><W10/><G122/><T131/><D131/><U17/><E39/><V51/><F64/><W97/><G60/><T40/><D40/><U46/><E132/><V93/><F41/><W14/><G120/><T43/><D43/><U67/><E133/><V27/><F61/><W111/><G111/><T79/><D79/><U33/><E67/><V78/><F78/><W85/><G85/><T63/><D63/><U24/><E35/><AGARI ba="0,1" hai="12,16,22,25,30,35,42,45,50,80,82,96,103,105" machi="35" ten="30,5800,0" yaku="1,1,7,1,54,1,53,0" doraHai="55" doraHaiUra="81" who="0" fromWho="1" sc="240,68,250,-58,250,0,250,0" /><INIT seed="0,1,0,5,0,1" ten="308,192,250,250" oya="0" hai0="123,105,0,73,7,14,56,114,132,127,100,97,104" hai1="116,11,68,122,30,33,64,91,39,86,2,12,67" hai2="129,106,92,69,80,9,61,57,120,74,81,23,107" hai3="83,90,46,48,42,76,96,25,20,115,89,40,109"/><T110/><D114/><U27/><E116/><V128/><F69/><W98/><G115/><T85/><D123/><U87/><E122/><V95/><F23/><W19/><G109/><T101/><D73/><U108/><E108/><V21/><F21/><W26/><G42/><T78/><D110/><U117/><E117/><V34/><F34/><W133/><G133/><T22/><D132/><U47/><E2/><V111/><F9/><W44/><G44/><T52/><D127/><U72/><E72/><V55/><F111/><W126/><G126/><T63/><D0/><U10/><E10/><V36/><F36/><W71/><G71/><T17/><D7/><U121/><E121/><V134/><F120/><W125/><G25/><T62/><D62/><U113/><E113/><V60/><F57/><W112/><G112/><T4/><D4/><U58/><E68/><V38/><F55/><W32/><G32/><T15/><D15/><U28/><E28/><V51/><F51/><W94/><G125/><T16/><D17/><U103/><E103/><V31/><F38/><W41/><G41/><T13/><D13/><U45/><E86/><V59/><F59/><W93/><G83/><T84/><D78/><AGARI ba="1,0" hai="19,20,26,40,46,48,76,78,89,90,93,94,96,98" machi="78" ten="40,2600,0" yaku="9,1,8,1" doraHai="1" who="3" fromWho="0" sc="308,-29,192,0,250,0,250,29" /><INIT seed="1,0,0,3,4,2" ten="279,192,250,279" oya="1" hai0="128,93,40,21,80,38,96,19,65,123,89,55,27" hai1="36,63,79,86,101,73,122,6,37,29,14,106,102" hai2="74,3,23,127,98,51,15,120,134,41,47,125,82" hai3="121,87,26,13,48,68,72,39,43,107,11,88,105"/><U33/><E122/><V9/><F120/><W67/><G72/><T99/><D123/><U7/><E73/><V85/><F134/><W31/><G39/><T71/><D128/><U4/><E14/><V100/><F23/><W66/><G121/><T10/><D38/><U78/><E86/><V113/><F3/><W83/><G43/><T84/><D40/><U22/><E22/><V108/><F108/><W92/><G48/><T135/><D135/><U75/><E75/><V118/><F74/><W69/><G68/><T52/><D96/><U81/><E81/><V130/><F130/><W119/><G119/><T131/><D131/><U77/><E63/><V70/><F70/><W111/><G69/><T8/><D65/><U59/><E59/><V1/><F1/><W56/><G111/><T61/><D71/><U114/><E114/><V53/><F118/><W34/><G92/><T94/><D94/><U97/><REACH who="1" step="1"/><E101/><REACH who="1" ten="279,182,250,279" step="2"/><V132/><F113/><W126/><G66/><T32/><D32/><U90/><E90/><V124/><F132/><W117/><G117/><T104/><D61/><U103/><E103/><V0/><F0/><W12/><G12/><T91/><REACH who="0" step="1"/><D104/><REACH who="0" ten="269,182,250,279" step="2"/><U115/><E115/><V49/><F124/><W54/><G126/><T60/><D60/><U116/><E116/><V129/><F127/><W95/><G67/><T50/><D50/><U20/><E20/><V25/><F51/><N who="3" m="30815" /><G95/><T109/><D109/><U112/><E112/><V76/><F125/><W57/><G107/><T44/><D44/><U58/><E58/><V110/><F49/><W30/><G57/><RYUUKYOKU ba="0,2" sc="269,15,182,15,250,-15,279,-15" hai0="8,10,19,21,27,52,55,80,84,89,91,93,99" hai1="4,6,7,29,33,36,37,77,78,79,97,102,106" /><INIT seed="1,1,2,4,4,109" ten="284,197,235,264" oya="1" hai0="82,19,127,124,47,114,53,79,107,67,65,116,39" hai1="123,98,38,12,58,22,50,122,117,17,76,1,45" hai2="101,62,91,100,59,56,70,24,21,16,2,18,84" hai3="81,46,32,57,108,78,7,42,66,71,92,55,104"/><U131/><E117/><V112/><F2/><W115/><G104/><T129/><D116/><U15/><E1/><V33/><F70/><W14/><G32/><T73/><D107/><U43/><E131/><V88/><F33/><W11/><G108/><T72/><D72/><U130/><E130/><V99/><F112/><W93/><G115/><T64/><D129/><U3/><E3/><V85/><F18/><W121/><G121/><T37/><D114/><U5/><E76/><V44/><F44/><W118/><G66/><T87/><D19/><U133/><E133/><V0/><F0/><W89/><G89/><N who="2" m="34377" /><F59/><W54/><G71/><T13/><D13/><U63/><E38/><V30/><F30/><W103/><G103/><N who="2" m="39497" /><F99/><W52/><G57/><T75/><D75/><U10/><REACH who="1" step="1"/><E98/><REACH who="1" ten="284,187,235,264" step="2"/><V35/><F35/><W20/><G118/><T126/><D37/><U74/><E74/><V125/><F125/><W102/><G102/><T25/><D73/><U128/><E128/><V94/><F94/><W80/><G93/><T97/><D97/><U61/><E61/><V110/><F110/><W83/><G92/><T29/><D39/><U96/><E96/><V60/><F60/><W86/><G81/><T90/><D126/><U31/><E31/><V51/><F51/><N who="3" m="27095" /><G83/><T68/><D124/><U106/><E106/><V28/><F28/><W23/><AGARI ba="1,3" hai="7,11,14,20,23,52,54,55,78,80,86" m="27095" machi="23" ten="30,4000,0" yaku="25,1,8,1,54,1" doraHai="109" who="3" fromWho="3" sc="284,-11,187,-21,235,-11,264,73" /><INIT seed="2,0,0,1,1,51" ten="273,166,224,337" oya="2" hai0="134,101,42,86,47,55,123,29,53,111,60,7,69" hai1="0,41,26,21,10,122,20,119,116,30,31,45,127" hai2="37,96,14,88,3,81,100,80,98,11,113,1,135" hai3="67,124,130,114,132,83,64,49,18,40,35,71,77"/><V125/><F113/><W73/><G35/><T94/><D123/><U103/><E103/><V56/><F37/><W109/><G114/><T15/><D111/><U13/><E122/><V95/><F125/><W66/><G124/><T84/><D134/><U112/><E112/><V25/><F135/><W58/><G132/><T106/><D106/><U19/><E127/><V131/><F131/><W63/><G109/><T4/><D29/><U39/><REACH who="1" step="1"/><E0/><REACH who="1" ten="273,156,224,337" step="2"/><V36/><F1/><W46/><G130/><T44/><D101/><U12/><E12/><V117/><F3/><W82/><G82/><T68/><D15/><U50/><E50/><V16/><F36/><W57/><G71/><T72/><D68/><U43/><E43/><V65/><F117/><W118/><G118/><T17/><D42/><U90/><E90/><V62/><REACH who="2" step="1"/><F25/><AGARI ba="0,1" hai="10,13,19,20,21,25,26,30,31,39,41,45,116,119" machi="25" ten="40,2600,0" yaku="1,1,9,1,53,0" doraHai="51" doraHaiUra="34" who="1" fromWho="2" sc="273,0,156,36,224,-26,337,0" /><INIT seed="3,0,0,2,4,4" ten="273,192,198,337" oya="3" hai0="134,63,30,121,49,113,1,0,132,77,91,129,33" hai1="57,53,112,107,126,127,45,108,3,8,19,123,61" hai2="87,56,7,120,115,100,44,131,58,119,101,10,39" hai3="65,22,83,46,133,90,69,80,105,109,94,106,24"/><W64/><G106/><T93/><D121/><U97/><E108/><V23/><F115/><W55/><G105/><T12/><D113/><U62/><E112/><V89/><F120/><W35/><G35/><T102/><D129/><U78/><E78/><V117/><F131/><W60/><G109/><T47/><D102/><U5/><E123/><V25/><F117/><W36/><G133/><T52/><D77/><U59/><E45/><V70/><F70/><W28/><G65/><T40/><D33/><U16/><E107/><V6/><F6/><W116/><G116/><T15/><D30/><U114/><E97/><V96/><F96/><W110/><G110/><T41/><D63/><U20/><E114/><V79/><F79/><W71/><G71/><T111/><D111/><U104/><E104/><V99/><F99/><W72/><G72/><T81/><D81/><U13/><REACH who="1" step="1"/><E19/><REACH who="1" ten="273,182,198,337" step="2"/><V76/><F76/><W11/><G46/><T128/><D128/><U68/><E68/><V9/><F119/><W42/><G69/><T32/><D132/><U125/><E125/><V103/><F44/><W37/><G37/><T31/><D134/><U26/><E26/><V74/><F39/><W124/><G24/><T73/><D47/><U43/><E43/><V17/><F74/><W67/><G42/><T84/><D73/><U75/><E75/><V86/><F86/><W130/><G36/><T98/><D41/><U82/><E82/><V14/><F87/><W122/><G130/><T66/><D84/><U50/><E50/><V38/><F38/><W88/><G122/><T29/><D40/><RYUUKYOKU ba="0,1" sc="273,-10,182,30,198,-10,337,-10" hai1="3,5,8,13,16,20,53,57,59,61,62,126,127" /><INIT seed="4,1,1,1,2,123" ten="263,212,188,327" oya="0" hai0="107,105,83,8,135,16,21,17,57,120,32,102,19" hai1="1,22,119,43,86,129,26,100,46,134,90,53,82" hai2="114,4,67,85,27,106,124,62,59,115,31,112,24" hai3="47,72,128,51,97,116,65,45,14,78,49,3,23"/><T64/><D120/><U76/><E1/><V74/><F74/><W52/><G3/><T38/><D32/><U41/><E119/><V117/><F106/><W60/><G116/><T33/><D33/><U94/><E129/><V118/><F124/><W71/><G128/><T92/><D38/><U91/><E100/><V111/><F4/><W7/><G97/><N who="0" m="59687" /><D105/><U87/><E134/><V36/><F36/><W95/><G95/><T73/><D73/><U13/><E13/><V104/><F104/><W81/><G23/><T66/><D107/><U30/><E76/><V39/><F39/><W89/><G89/><T79/><D8/><U88/><E90/><V61/><F111/><W113/><G113/><T103/><D103/><U20/><E22/><N who="2" m="15767" /><F85/><W133/><G133/><T110/><D110/><U108/><E108/><V122/><F122/><W34/><G34/><T10/><D10/><U48/><AGARI ba="1,1" hai="20,26,30,41,43,46,48,53,82,86,87,88,91,94" machi="48" ten="30,4000,0" yaku="0,1,8,1,54,1" doraHai="123" who="1" fromWho="1" sc="263,-21,212,53,188,-11,327,-11" /><INIT seed="5,0,0,1,0,75" ten="242,265,177,316" oya="1" hai0="20,36,27,13,41,39,89,58,129,70,80,105,76" hai1="57,64,15,79,51,34,24,11,23,106,53,40,32" hai2="60,85,31,134,97,43,135,119,112,62,102,4,125" hai3="1,98,48,35,67,33,100,49,90,122,93,45,128"/><U6/><E106/><V74/><F4/><W94/><G1/><T117/><D70/><U19/><E40/><V12/><F31/><W55/><G122/><T126/><D117/><U30/><E64/><V78/><F12/><W101/><G128/><T116/><D116/><U46/><E57/><V18/><F18/><W115/><G115/><T109/><D109/><U0/><REACH who="1" step="1"/><E79/><REACH who="1" ten="242,255,177,316" step="2"/><V38/><F43/><W86/><G67/><T8/><D105/><U123/><E123/><V104/><F119/><W61/><G33/><AGARI ba="0,1" hai="0,6,11,15,19,23,24,30,32,33,34,46,51,53" machi="33" ten="30,11600,0" yaku="1,1,7,1,24,2,53,0" doraHai="75" doraHaiUra="73" who="1" fromWho="3" sc="242,0,255,126,177,0,316,-116" /><INIT seed="5,1,0,3,0,70" ten="242,381,177,200" oya="1" hai0="133,20,52,96,97,55,41,107,25,56,2,109,59" hai1="94,3,129,66,104,116,9,123,98,79,34,111,42" hai2="125,12,121,99,47,61,130,64,73,87,84,63,33" hai3="132,105,8,62,36,126,78,114,14,6,106,89,95"/><U11/><E34/><V57/><F121/><W28/><G78/><T13/><D2/><U88/><E123/><V75/><F33/><W124/><G28/><T93/><D109/><U10/><E116/><V77/><F130/><W85/><G36/><T54/><D133/><U103/><E129/><V35/><F35/><W119/><G132/><T18/><D41/><U122/><E122/><V113/><F125/><N who="3" m="48235" /><G119/><T21/><D107/><N who="3" m="40969" /><G62/><T72/><D72/><U44/><E66/><V65/><F113/><AGARI ba="1,0" hai="6,8,14,85,89,95,113,114" m="40969,48235" machi="113" ten="40,1300,0" yaku="18,1" doraHai="70" who="3" fromWho="2" sc="242,0,381,0,177,-16,200,16" /><INIT seed="6,0,0,4,2,63" ten="242,381,161,216" oya="2" hai0="67,89,107,24,31,135,82,92,50,27,93,71,15" hai1="91,80,77,84,34,86,81,123,101,3,35,118,55" hai2="52,60,54,95,98,12,130,58,64,129,106,66,114" hai3="73,125,23,41,111,33,116,85,59,115,11,94,97"/><V51/><F106/><W102/><G111/><T4/><D107/><U39/><E39/><V109/><F12/><W119/><G33/><T32/><D24/><U100/><E3/><V103/><F109/><W57/><G73/><T48/><D82/><U126/><E118/><V56/><F114/><W26/><G41/><T69/><D93/><U61/><E126/><V99/><F99/><W0/><G125/><T120/><D120/><U42/><E42/><V44/><F44/><W13/><G0/><T134/><D15/><U6/><E6/><V110/><F110/><W131/><G115/><T21/><D21/><U22/><E123/><V105/><F105/><W79/><G131/><AGARI ba="0,0" hai="51,52,54,56,58,60,64,66,95,98,103,129,130,131" machi="131" ten="40,12000,1" yaku="19,1,52,2,54,1" doraHai="63" who="2" fromWho="3" sc="242,0,381,0,161,120,216,-120" /><INIT seed="6,1,0,0,5,73" ten="242,381,281,96" oya="2" hai0="74,59,103,4,125,60,90,57,71,52,28,13,110" hai1="48,15,46,12,0,116,124,72,122,129,81,40,92" hai2="98,78,66,10,16,67,89,27,54,14,38,118,22" hai3="121,47,17,19,33,23,29,119,91,104,35,95,80"/><V131/><F38/><W87/><G104/><T51/><D110/><U25/><E116/><V77/><F118/><W123/><G119/><T105/><D71/><U83/><E0/><V9/><F131/><W20/><G29/><T70/><D70/><U100/><E129/><V26/><F54/><W58/><G47/><T101/><D105/><U86/><E72/><V82/><F10/><W68/><G68/><T127/><D74/><U99/><E124/><N who="0" m="47689" /><D28/><U114/><E114/><V135/><F135/><W44/><G44/><T107/><D107/><U65/><E65/><N who="2" m="24587" /><F27/><W85/><G58/><T50/><D59/><U53/><E122/><V128/><F128/><W94/><G91/><T32/><D90/><N who="1" m="51551" /><E25/><V45/><F45/><W21/><G80/><T93/><D32/><U134/><E134/><V37/><F37/><W111/><REACH who="3" step="1"/><G21/><REACH who="3" ten="242,381,281,86" step="2"/><T113/><D113/><U24/><E81/><V88/><F89/><W76/><G76/><T64/><D101/><U41/><E41/><V133/><F133/><W30/><G30/><T108/><D108/><AGARI ba="1,1" hai="17,19,20,23,33,35,85,87,94,95,108,111,121,123" machi="108" ten="25,3200,0" yaku="1,1,22,2,53,0" doraHai="73" doraHaiUra="55" who="3" fromWho="0" sc="242,-35,381,0,281,0,86,45" /><INIT seed="7,0,0,2,5,113" ten="207,381,281,131" oya="3" hai0="133,115,62,27,78,85,73,89,93,130,88,18,68" hai1="77,6,105,4,2,31,70,64,74,44,112,118,23" hai2="16,11,109,111,103,132,10,47,101,60,65,75,33" hai3="99,126,42,92,29,24,100,127,12,123,55,19,94"/><W80/><G123/><T81/><D115/><U63/><E112/><V120/><F75/><W91/><G42/><T50/><D130/><U131/><E105/><V95/><F33/><W121/><G121/><T7/><D133/><U1/><E4/><V106/><F106/><W59/><G80/><T114/><D114/><U37/><E131/><V117/><F117/><W125/><G29/><T72/><D7/><U119/><E23/><V104/><F104/><W87/><G24/><T71/><D72/><U129/><E31/><V53/><F132/><W69/><G69/><T48/><D68/><U9/><E2/><V49/><F120/><W116/><G116/><T57/><D71/><U43/><E129/><V20/><F109/><W124/><N who="3" m="32256" /><DORA hai="107" /><W58/><REACH who="3" step="1"/><G55/><REACH who="3" ten="207,381,281,121" step="2"/><T66/><D27/><U36/><E36/><V41/><F53/><W40/><G40/><T3/><D81/><AGARI ba="0,1" hai="1,6,9,37,43,44,63,64,70,74,77,81,118,119" machi="81" ten="40,12000,2" yaku="25,2,23,2,52,3" doraHai="113,107" who="1" fromWho="0" sc="207,-120,381,130,281,0,121,0" owari="87,-41.0,511,61.0,281,8.0,121,-28.0" /></mjloggm>