<mjloggm ver="2.3"><GO type="169" lobby="0"/><UN n0="%E3%81%AF%E3%81%AA%E3%81%BE%E3%82%8B%E3%81%8D" n1="%E5%B0%B1%E6%B4%BB%E7%94%9F%40%E5%B7%9D%E6%9D%91%E8%BB%8D%E5%9B%A3" n2="%E3%82%89%E3%81%8F%E3%81%A0%EF%BC%90%EF%BC%91%EF%BC%90%EF%BC%99" n3="%E3%82%B5%E3%83%96%E3%82%A2%E3%83%A9%E3%83%89" dan="16,17,18,16" rate="2118.96,2254.78,2236.46,2049.89" sx="M,M,M,M"/><TAIKYOKU oya="0"/><INIT seed="0,0,0,4,1,52" ten="250,250,250,250" oya="0" hai0="88,38,22,118,107,126,103,61,5,96,46,40,133" hai1="81,114,68,124,113,28,67,82,43,105,2,135,10" hai2="45,130,78,51,104,76,29,99,19,106,101,110,1" hai3="80,71,134,30,75,34,115,20,121,4,120,42,18"/><T63/><D118/><U93/><E105/><V39/><F39/><W26/><G115/><T57/><D133/><U54/><E43/><V36/><F36/><W58/><G71/><T92/><D126/><U108/><E108/><V95/><F1/><W100/><G42/><T64/><D5/><U85/><E28/><V15/><F110/><W25/><G100/><T102/><D107/><U65/><E135/><V89/><F130/><W132/><G4/><T6/><D6/><U37/><E37/><V56/><F29/><W47/><G47/><T119/><D119/><U84/><E10/><V131/><F131/><W83/><G83/><T48/><D38/><U129/><E54/><V74/><F74/><W59/><G134/><T79/><D79/><U16/><E93/><V97/><F104/><W21/><G34/><T8/><D8/><U98/><E98/><V13/><F13/><W90/><G132/><T111/><D111/><U117/><E117/><V9/><F56/><W53/><G53/><AGARI ba="0,0" hai="9,15,19,45,51,53,76,78,89,95,97,99,101,106" machi="53" ten="30,1000,0" yaku="7,1" doraHai="52" who="2" fromWho="3" sc="250,0,250,0,250,10,250,-10" /><INIT seed="1,0,0,4,5,1" ten="250,250,260,240" oya="1" hai0="130,15,9,60,81,45,112,23,98,93,36,126,105" hai1="86,119,54,134,8,39,22,91,63,66,103,44,124" hai2="16,104,127,28,65,128,32,57,110,2,6,7,29" hai3="94,116,18,13,122,48,89,113,108,101,20,78,64"/><U71/><E119/><V42/><F104/><W30/><G113/><T38/><D112/><U125/><E134/><V47/><F2/><W62/><G122/><T19/><D105/><U79/><E79/><V118/><F118/><W123/><G116/><T97/><D130/><U133/><E133/><V114/><F114/><W131/><G123/><T115/><D115/><U92/><E103/><V83/><F110/><W35/><G108/><T96/><D126/><U88/><E22/><V68/><F68/><W14/><G131/><T52/><D81/><U109/><E109/><V34/><F127/><N who="1" m="48713" /><E91/><V95/><F128/><W46/><G78/><T25/><D38/><U21/><E21/><V120/><F120/><W59/><G101/><N who="0" m="60559" /><D36/><U77/><E77/><V87/><F95/><W100/><G100/><T121/><D121/><U37/><E8/><V3/><F3/><W70/><G35/><T55/><D60/><U84/><E84/><V85/><F83/><W41/><G30/><T50/><D55/><U40/><E54/><V99/><F99/><W58/><G13/><T117/><D117/><U74/><E39/><V80/><F80/><W102/><G102/><T106/><D106/><U31/><E31/><AGARI ba="0,0" hai="9,15,19,23,25,31,45,50,52,97,98" m="60559" machi="31" ten="30,2000,0" yaku="8,1,54,1" doraHai="1" who="0" fromWho="1" sc="250,20,250,-20,260,0,240,0" /><INIT seed="2,0,0,1,1,18" ten="270,230,260,240" oya="2" hai0="15,51,134,59,42,79,102,8,133,54,74,81,60" hai1="16,88,130,44,0,33,95,11,6,40,69,96,23" hai2="123,122,34,70,84,37,9,19,99,121,50,43,103" hai3="114,4,110,126,117,129,124,63,30,29,76,116,100"/><V105/><F70/><W128/><G76/><T86/><D102/><U58/><E33/><V24/><F37/><W62/><G100/><T75/><D42/><U25/><E69/><V1/><F84/><W113/><G4/><T13/><D60/><N who="3" m="23081" /><G29/><T14/><REACH who="0" step="1"/><D8/><REACH who="0" ten="260,230,260,240" step="2"/><U28/><E130/><N who="3" m="50282" /><G110/><T57/><D57/><U48/><REACH who="1" step="1"/><E58/><REACH who="1" ten="260,220,260,240" step="2"/><V41/><F122/><W97/><G97/><T35/><D35/><U131/><E131/><V53/><F99/><W80/><G80/><T111/><D111/><U38/><E38/><V21/><F34/><W104/><G104/><T36/><D36/><U5/><E5/><V45/><F105/><W3/><G3/><T109/><D109/><U71/><E71/><V83/><F83/><W118/><G30/><AGARI ba="0,2" hai="0,6,11,16,23,25,28,30,40,44,48,88,95,96" machi="30" ten="40,8000,1" yaku="1,1,52,1,54,2,53,0" doraHai="18" doraHaiUra="66" who="1" fromWho="3" sc="260,0,220,100,260,0,240,-80" /><INIT seed="3,0,0,4,0,21" ten="260,320,260,160" oya="3" hai0="129,37,38,99,71,1,126,23,53,43,57,46,25" hai1="123,19,130,134,14,72,127,26,81,100,92,11,66" hai2="65,67,54,128,20,89,44,121,88,79,49,7,48" hai3="103,84,31,111,109,74,118,77,69,97,42,75,18"/><W2/><G118/><T106/><D1/><U64/><E123/><V10/><F121/><W119/><G2/><T47/><D71/><U13/><E130/><V62/><F79/><W117/><G69/><T108/><D129/><U76/><E134/><V35/><F35/><W3/><G3/><T113/><D113/><U78/><E78/><V34/><F34/><W4/><G4/><T107/><D126/><U61/><E127/><V104/><F104/><W16/><G31/><T96/><D108/><N who="3" m="41545" /><G42/><T33/><D33/><U70/><E66/><V15/><F128/><W85/><G119/><T132/><D132/><U101/><E92/><V6/><F6/><W56/><G56/><T0/><D0/><U90/><E90/><V80/><F80/><N who="3" m="47119" /><G85/><T91/><D99/><U73/><E73/><N who="3" m="27658" /><G117/><T114/><D114/><U82/><E82/><V60/><F7/><W94/><AGARI ba="0,0" hai="16,18,94,97,103" m="27658,47119,41545" machi="94" ten="30,6000,0" yaku="14,1,10,1,54,1" doraHai="21" who="3" fromWho="3" sc="260,-20,320,-20,260,-20,160,60" /><INIT seed="3,1,0,0,0,29" ten="240,300,240,220" oya="3" hai0="74,61,1,64,102,124,79,132,78,48,35,95,96" hai1="112,130,134,103,21,93,108,40,25,128,82,30,16" hai2="127,50,47,121,24,83,42,98,70,33,65,60,56" hai3="54,46,13,14,28,72,7,57,94,49,119,6,101"/><W115/><G119/><T4/><D124/><U12/><E40/><V58/><F127/><W107/><G107/><T68/><D132/><U126/><E126/><V43/><F43/><W44/><G72/><T9/><D74/><U67/><E67/><V77/><F121/><W3/><G3/><T20/><D20/><U125/><E125/><V22/><F98/><N who="3" m="59607" /><G28/><T31/><REACH who="0" step="1"/><D48/><REACH who="0" ten="230,300,240,220" step="2"/><U117/><E134/><V52/><F22/><W39/><G39/><T8/><D8/><U51/><E117/><V133/><F133/><W32/><G115/><T73/><D73/><U36/><E36/><V135/><F135/><W37/><G37/><T41/><D41/><U122/><E51/><V63/><F42/><W84/><G46/><T17/><D17/><U118/><E112/><V45/><F45/><W55/><G6/><T69/><D69/><U87/><E122/><V53/><F47/><W66/><G7/><T59/><D59/><U2/><E118/><V23/><F23/><W75/><G75/><T34/><D34/><U106/><E21/><V0/><F70/><W18/><G32/><T80/><D80/><U88/><E16/><V131/><F83/><W116/><G116/><T100/><D100/><U110/><E82/><V104/><F50/><N who="3" m="30967" /><G18/><T76/><D76/><U62/><E103/><V111/><F77/><W114/><G114/><T86/><D86/><U92/><E87/><V89/><F33/><W123/><G123/><T5/><D5/><U27/><E30/><V90/><F58/><W19/><G84/><T99/><D99/><U113/><E113/><V26/><F56/><RYUUKYOKU ba="1,1" sc="230,30,300,-10,240,-10,220,-10" hai0="1,4,9,31,35,61,64,68,78,79,95,96,102" /><INIT seed="4,2,1,0,3,11" ten="260,290,230,210" oya="0" hai0="123,12,110,49,37,114,26,98,1,0,91,61,64" hai1="14,81,5,85,119,71,8,52,23,77,41,16,67" hai2="35,115,62,10,63,121,15,19,17,57,46,51,53" hai3="126,131,86,6,31,47,92,3,74,4,50,78,112"/><T118/><D123/><U69/><E119/><V122/><F115/><W68/><G112/><T120/><D114/><U7/><E7/><V33/><F62/><W101/><G68/><T111/><D120/><U83/><E67/><V36/><F36/><W34/><G126/><T59/><D37/><U55/><E41/><V66/><F122/><W127/><G127/><T133/><D118/><U108/><E108/><N who="0" m="41513" /><D133/><U113/><E113/><V124/><F121/><W60/><G131/><T72/><D72/><U2/><REACH who="1" step="1"/><E81/><REACH who="1" ten="260,280,230,210" step="2"/><V80/><F124/><W75/><G6/><T96/><D64/><U27/><E27/><V29/><F29/><W32/><G31/><T73/><D26/><U58/><E58/><V76/><REACH who="2" step="1"/><F19/><REACH who="2" ten="260,280,220,210" step="2"/><W40/><G4/><T39/><D0/><U94/><E94/><V82/><F82/><W89/><G3/><T56/><D1/><U43/><E43/><V134/><F134/><W87/><G92/><T45/><D61/><U30/><E30/><V88/><F88/><W22/><G89/><T20/><D91/><U48/><E48/><V97/><F97/><W93/><G50/><T21/><D98/><U132/><E132/><V117/><F117/><W18/><G60/><T90/><D96/><U109/><E109/><V106/><F106/><W70/><G40/><T25/><D90/><U99/><E99/><V104/><F104/><W107/><G107/><T28/><D49/><U79/><E79/><V9/><F9/><W135/><G78/><T13/><D39/><U128/><E128/><V100/><F100/><W54/><G101/><T105/><D105/><RYUUKYOKU ba="2,3" sc="260,-15,280,15,220,15,210,-15" hai1="2,5,8,14,16,23,52,55,69,71,77,83,85" hai2="10,15,17,33,35,46,51,53,57,63,66,76,80" /><INIT seed="5,3,3,2,0,122" ten="245,295,235,195" oya="1" hai0="68,19,131,18,114,104,70,87,49,73,58,12,85" hai1="107,80,71,33,72,77,13,44,108,8,26,20,100" hai2="89,25,126,112,24,47,134,48,125,118,76,116,3" hai3="39,81,60,22,6,129,86,101,53,83,11,7,30"/><U111/><E71/><V38/><F38/><W35/><G35/><T65/><D73/><U37/><E33/><V45/><F3/><W102/><G39/><T50/><D104/><U0/><E100/><V56/><F76/><W10/><G129/><T9/><D131/><U127/><E107/><V82/><F112/><W121/><G121/><T133/><D114/><U92/><E92/><V120/><F120/><W103/><G22/><T40/><D133/><U135/><E135/><V96/><F134/><W91/><G30/><T93/><D70/><U88/><E88/><V43/><F56/><W109/><G109/><N who="1" m="42058" /><E127/><N who="2" m="48651" /><F47/><W28/><G28/><T99/><D68/><U106/><E106/><V31/><F31/><W36/><G36/><T32/><D32/><U34/><E34/><V64/><F64/><W78/><G78/><T52/><D65/><U74/><E0/><V54/><F43/><W1/><G81/><T119/><D119/><N who="2" m="45610" /><F82/><W124/><G124/><T2/><D2/><U110/><E110/><V41/><F41/><W61/><G1/><T94/><D94/><AGARI ba="3,3" hai="24,25,45,48,54,89,94,96" m="45610,48651" machi="94" ten="30,1000,0" yaku="18,1" doraHai="122" who="2" fromWho="0" sc="245,-19,295,0,235,49,195,0" /><INIT seed="6,0,0,3,5,104" ten="226,295,284,195" oya="2" hai0="36,74,56,20,114,67,98,19,113,119,120,75,100" hai1="88,117,122,107,52,22,101,125,14,129,61,103,42" hai2="18,131,111,70,23,6,105,121,108,3,116,91,130" hai3="13,83,109,79,96,10,46,24,60,69,76,82,29"/><V135/><F105/><W48/><G109/><N who="2" m="42057" /><F70/><W4/><G96/><T43/><D120/><U28/><E117/><V72/><F72/><N who="0" m="27690" /><D119/><U81/><E107/><V87/><F121/><W33/><G60/><N who="0" m="38279" /><D36/><U35/><E35/><V37/><F37/><W66/><G66/><T90/><D43/><U128/><E42/><V89/><F116/><W57/><G69/><T93/><D20/><U40/><E40/><V25/><F3/><W71/><G71/><T21/><D21/><U62/><E122/><V124/><F6/><W118/><G118/><T12/><D12/><U86/><E61/><V1/><F1/><W45/><G57/><T2/><D2/><U97/><E28/><V26/><F26/><W16/><G4/><T132/><D19/><U51/><E62/><V112/><F87/><W59/><G59/><T85/><D132/><U7/><E22/><V95/><F135/><W58/><G58/><T30/><D30/><U123/><E14/><V80/><F18/><W50/><G46/><T11/><D11/><U39/><E39/><V73/><F23/><W27/><G27/><T134/><D134/><U31/><E31/><V54/><F25/><W9/><G9/><T53/><D53/><U55/><E55/><V0/><F54/><N who="3" m="29967" /><G50/><T78/><D78/><U44/><E7/><V92/><F0/><W8/><G8/><T64/><D64/><U115/><E51/><V99/><F73/><W63/><G63/><T5/><D5/><U15/><E44/><V47/><F47/><W84/><G76/><T68/><D68/><U41/><E41/><V94/><F89/><RYUUKYOKU ba="0,0" sc="226,15,295,-15,284,-15,195,15" hai0="85,90,93,98,100,113,114" hai3="10,13,16,24,29,33,79,82,83,84" /><INIT seed="7,1,0,4,1,89" ten="241,280,269,210" oya="3" hai0="36,79,2,65,71,90,115,133,55,87,1,54,18" hai1="8,106,75,59,134,77,24,9,105,33,56,113,34" hai2="102,72,108,47,101,23,70,35,21,52,68,53,49" hai3="30,91,80,37,112,27,14,45,127,76,122,22,118"/><W82/><G122/><T41/><D79/><U31/><E113/><V100/><F72/><W62/><G118/><T119/><D119/><U39/><E134/><V12/><F35/><W67/><G112/><T38/><D115/><U40/><E77/><V32/><F32/><W11/><G127/><T74/><D74/><U98/><E75/><V128/><F108/><W109/><G109/><T13/><D133/><U110/><E110/><V120/><F120/><W135/><G135/><T84/><D71/><U50/><E39/><V4/><F128/><W117/><G117/><T73/><D73/><U114/><E40/><N who="2" m="24807" /><F68/><W130/><G130/><T97/><D65/><U125/><E50/><V66/><F66/><W46/><G37/><N who="0" m="14443" /><D41/><U58/><E114/><V42/><F42/><W81/><G76/><T26/><D26/><U103/><E125/><V126/><F70/><W69/><REACH who="3" step="1"/><G91/><REACH who="3" ten="241,280,269,200" step="2"/><T93/><D90/><U111/><E111/><V5/><F126/><W99/><G99/><T78/><D97/><U44/><E98/><V129/><F129/><W124/><G124/><T86/><D78/><U0/><E103/><V51/><F102/><W104/><G104/><T107/><D107/><U28/><E105/><V19/><F101/><W48/><G48/><T64/><D93/><U63/><E106/><V85/><F100/><W16/><AGARI ba="1,1" hai="11,14,16,22,27,30,45,46,62,67,69,80,81,82" machi="16" ten="30,11700,0" yaku="1,1,0,1,54,1,53,1" doraHai="89" doraHaiUra="60" who="3" fromWho="3" sc="241,-40,280,-40,269,-40,200,130" owari="201,-30.0,240,4.0,229,-17.0,330,43.0" /></mjloggm>