<mjloggm ver="2.3"><GO type="169" lobby="0"/><UN n0="%E3%81%B5%E3%81%98%E3%81%8A" n1="%E3%83%A4%E3%82%AD%E3%83%B3" n2="%E3%82%A6%E3%83%AB%E3%83%88%E3%83%A9%E7%AB%8B%E7%9B%B4" n3="%E5%A4%A9%E7%A9%BA%73%61%79%61" dan="16,18,17,16" rate="2137.36,2228.98,2099.64,2208.24" sx="M,M,M,M"/><TAIKYOKU oya="0"/><INIT seed="0,0,0,5,2,57" ten="250,250,250,250" oya="0" hai0="130,115,19,11,99,39,62,26,52,69,61,32,84" hai1="35,78,94,13,98,135,124,91,122,133,131,110,12" hai2="76,111,80,64,66,28,55,25,109,86,15,90,68" hai3="97,92,34,59,9,40,20,47,24,73,129,60,132"/><T58/><D39/><U70/><E122/><V79/><F15/><W83/><G129/><T118/><D118/><U21/><E35/><V95/><F55/><W134/><G34/><T121/><D121/><U88/><E131/><V3/><F3/><W107/><G107/><T14/><D130/><U93/><E70/><V27/><F79/><W85/><G9/><T106/><D115/><U116/><E116/><V89/><F89/><W2/><G2/><T108/><D108/><N who="2" m="41546" /><F68/><W63/><G73/><T75/><D75/><U44/><E78/><V6/><F6/><W128/><G128/><T96/><D84/><U105/><E110/><V46/><F46/><W112/><G112/><T7/><D106/><U45/><E105/><V10/><F10/><W49/><G85/><T77/><D77/><U127/><E98/><V67/><F28/><N who="3" m="17415" /><G59/><T8/><D32/><U17/><E21/><V42/><F42/><W74/><G74/><AGARI ba="0,0" hai="25,27,64,66,67,74,76,80,86,90,95" m="41546" machi="74" ten="30,1000,0" yaku="14,1" doraHai="57" who="2" fromWho="3" sc="250,0,250,0,250,10,250,-10" /><INIT seed="1,0,0,4,4,133" ten="250,250,260,240" oya="1" hai0="127,78,16,1,34,47,89,128,73,32,79,104,0" hai1="67,103,36,19,64,69,17,113,33,58,105,131,123" hai2="134,38,102,26,43,119,75,50,10,87,112,82,130" hai3="80,60,40,108,6,96,107,45,117,120,23,48,76"/><U37/><E113/><V42/><F112/><W93/><G120/><T54/><D104/><U65/><E123/><V116/><F75/><W77/><G107/><T83/><D128/><U122/><E122/><V28/><F38/><W46/><G108/><T2/><D78/><U18/><E69/><V70/><F70/><W124/><G124/><T12/><D127/><U84/><E33/><V129/><F102/><W52/><G117/><T74/><D74/><U135/><E135/><V71/><F71/><W101/><G6/><T97/><D97/><U4/><E131/><N who="2" m="50187" /><F10/><W41/><G23/><T66/><D66/><U14/><E84/><V8/><F8/><W95/><G95/><T21/><REACH who="0" step="1"/><D89/><REACH who="0" ten="240,250,260,240" step="2"/><U9/><E105/><V49/><F134/><W88/><G101/><T132/><D132/><U35/><E103/><V91/><F119/><W92/><G77/><T11/><D11/><U126/><E126/><V27/><F116/><W61/><G76/><T20/><D20/><U7/><E35/><V62/><F91/><W39/><G96/><T99/><D99/><U106/><E106/><V115/><F115/><W25/><G88/><T110/><D110/><U56/><REACH who="1" step="1"/><E7/><REACH who="1" ten="240,240,260,240" step="2"/><V63/><F87/><W125/><G125/><T111/><D111/><U90/><E90/><V100/><F100/><W24/><G92/><T81/><D81/><U29/><E29/><V98/><F28/><W118/><G93/><T114/><D114/><U15/><E15/><V55/><F82/><W31/><G80/><T57/><D57/><AGARI ba="0,2" hai="4,9,14,17,18,19,36,37,56,57,58,64,65,67" machi="57" ten="40,2000,0" yaku="1,1,53,0" doraHai="133" doraHaiUra="85" who="1" fromWho="0" sc="240,-20,240,40,260,0,240,0" /><INIT seed="1,1,0,5,4,50" ten="220,280,260,240" oya="1" hai0="33,62,109,79,122,117,97,53,3,96,37,73,76" hai1="94,127,63,95,70,41,112,119,60,83,10,20,130" hai2="108,89,18,57,15,123,124,64,4,105,34,84,100" hai3="133,131,21,29,71,78,80,87,126,49,17,90,111"/><U19/><E112/><V36/><F123/><W14/><G111/><T32/><D3/><U129/><E119/><V110/><F36/><W23/><G131/><N who="1" m="50186" /><E41/><V8/><F34/><W86/><G133/><T116/><D109/><U128/><E128/><V56/><F124/><W35/><G126/><T93/><D37/><U104/><E104/><V5/><F108/><W27/><G71/><T1/><D1/><U26/><E127/><V101/><F110/><W25/><G49/><T121/><D62/><N who="1" m="23595" /><E70/><V38/><F38/><W31/><REACH who="3" step="1"/><G90/><REACH who="3" ten="220,280,260,230" step="2"/><T2/><D116/><U42/><E42/><V74/><F89/><W107/><G107/><T11/><D117/><U13/><E83/><V55/><F105/><W92/><G92/><T61/><D93/><U68/><E68/><V52/><F52/><W7/><G7/><AGARI ba="1,1" hai="7,10,13,19,20,26,94,95" m="23595,50186" machi="7" ten="30,1500,0" yaku="19,1" doraHai="50" who="1" fromWho="3" sc="220,0,280,28,260,0,230,-18" /><INIT seed="1,2,0,1,4,86" ten="220,308,260,212" oya="1" hai0="30,105,34,10,119,0,22,27,28,84,1,33,89" hai1="122,63,112,31,43,130,108,7,98,54,51,128,127" hai2="48,95,118,44,83,17,66,87,35,90,132,91,59" hai3="99,46,14,8,100,82,2,26,55,101,52,9,47"/><U79/><E112/><V72/><F35/><W107/><G101/><T129/><D105/><U124/><E122/><V49/><F118/><W69/><G69/><T123/><D119/><U39/><E79/><V3/><F3/><W126/><G126/><N who="1" m="48170" /><E7/><V38/><F132/><W113/><G113/><T71/><D71/><U111/><E31/><V12/><F38/><W92/><G107/><T40/><D129/><N who="1" m="49771" /><E98/><V116/><F116/><W134/><G2/><T29/><D123/><U45/><E63/><N who="2" m="38271" /><F72/><W4/><G4/><T121/><D121/><U15/><E15/><V11/><F44/><AGARI ba="2,0" hai="39,43,44,45,51,54,108,111" m="49771,48170" machi="44" ten="40,12000,1" yaku="18,1,19,1,34,2" doraHai="86" who="1" fromWho="2" sc="220,0,308,126,260,-126,212,0" /><INIT seed="1,3,0,4,2,28" ten="220,434,134,212" oya="1" hai0="85,36,120,129,103,135,70,114,49,11,30,115,58" hai1="78,119,106,56,74,53,84,14,51,20,32,82,75" hai2="45,111,61,2,27,124,5,34,134,17,24,81,6" hai3="9,52,132,12,126,125,23,26,18,44,102,98,47"/><U7/><E119/><V95/><F95/><W133/><G102/><T59/><D103/><U10/><E106/><V60/><F81/><W93/><G93/><T3/><D85/><U77/><E77/><V22/><F45/><W1/><G98/><T19/><D30/><U39/><E39/><V37/><F37/><W122/><G47/><T94/><D94/><U99/><E99/><V89/><F89/><W31/><G52/><T38/><D11/><U8/><E20/><V71/><F71/><W13/><G44/><T48/><D19/><U42/><E42/><V113/><F17/><N who="3" m="8335" /><G1/><T4/><D3/><U69/><E69/><V67/><F2/><W65/><G65/><T54/><D70/><U29/><E10/><V55/><F67/><W112/><G112/><T33/><D54/><U105/><E105/><V0/><F113/><W100/><G100/><T46/><D46/><U88/><REACH who="1" step="1"/><E78/><REACH who="1" ten="220,424,134,212" step="2"/><V116/><F116/><W50/><G122/><T83/><D120/><U87/><E87/><V66/><F0/><W117/><G117/><T80/><D36/><U101/><E101/><V79/><F79/><W97/><G97/><T130/><D38/><U128/><E128/><V63/><F22/><N who="3" m="15831" /><G132/><T72/><D135/><U127/><E127/><N who="3" m="48650" /><G133/><T108/><D115/><U123/><E123/><V25/><F134/><W118/><G118/><T96/><D114/><U76/><E76/><V90/><F124/><W121/><G121/><T21/><D96/><U107/><E107/><V91/><F91/><W104/><G104/><T15/><D129/><U86/><E86/><V35/><F90/><RYUUKYOKU ba="3,1" sc="220,-15,424,15,134,-15,212,15" hai1="7,8,14,29,32,51,53,56,74,75,82,84,88" hai3="13,18,23,50" /><INIT seed="1,4,1,0,2,26" ten="205,439,119,227" oya="1" hai0="72,110,16,41,100,8,47,11,69,20,96,54,78" hai1="118,107,76,42,124,104,73,90,51,79,84,88,85" hai2="37,39,71,15,99,30,5,14,21,116,4,111,10" hai3="12,7,62,46,59,115,17,61,44,112,32,77,123"/><U86/><E42/><V3/><F71/><W43/><G123/><T2/><D69/><U23/><E51/><V65/><F65/><W121/><G121/><T127/><D110/><U35/><E35/><V27/><F116/><W101/><G32/><T129/><D127/><U94/><E23/><V68/><F68/><W120/><G120/><T57/><D129/><U128/><E128/><V106/><F111/><W6/><G101/><T135/><D135/><U9/><E9/><V97/><F3/><W38/><G77/><N who="1" m="29770" /><E118/><V131/><F131/><W87/><G46/><T92/><D2/><U103/><E124/><V132/><F132/><W60/><G59/><T125/><D125/><U56/><E56/><V66/><F66/><W105/><G7/><T29/><D78/><U52/><E52/><V18/><F4/><W83/><G6/><T19/><D72/><U24/><E24/><V93/><F106/><N who="1" m="40489" /><E73/><V113/><F113/><W108/><G108/><T63/><D19/><U55/><E55/><V122/><F122/><W36/><G36/><T53/><D53/><U126/><E126/><V33/><REACH who="2" step="1"/><F99/><AGARI ba="4,1" hai="84,85,86,88,90,94,99,103" m="40489,29770" machi="99" ten="40,18000,2" yaku="35,5,54,1" doraHai="26" who="1" fromWho="2" sc="205,0,439,202,119,-192,227,0" owari="205,-19.0,641,73.0,-73,-57.0,227,3.0" /></mjloggm>