<mjloggm ver="2.3"><GO type="169" lobby="0"/><UN n0="%E5%AF%8C%E7%94%B7%E3%81%A7%E3%81%99" n1="%E3%83%88%E3%83%88%E3%83%AA%E5%85%88%E7%94%9F%31%39%E6%AD%B3" n2="%42%61%72%64%61%6E%74" n3="%E3%83%AA%E3%83%81%E3%83%A3%21%21" dan="16,18,17,17" rate="2048.53,2183.80,2169.97,2168.59" sx="M,F,M,M"/><TAIKYOKU oya="0"/><INIT seed="0,0,0,3,1,97" ten="250,250,250,250" oya="0" hai0="86,106,68,73,29,28,132,69,35,48,45,119,79" hai1="65,19,130,59,105,31,60,101,54,80,115,92,98" hai2="50,23,85,123,1,87,46,7,102,61,20,70,109" hai3="125,13,12,129,0,104,39,43,81,133,25,118,44"/><T52/><D119/><U17/><E130/><V26/><F123/><W76/><G118/><T108/><D73/><U110/><E110/><V112/><F112/><W41/><G104/><T126/><D108/><U49/><E115/><V56/><F70/><W120/><G129/><T21/><D35/><U128/><E128/><V121/><F121/><W74/><G120/><T42/><D106/><U5/><E5/><V94/><F7/><W40/><G133/><T47/><D132/><U122/><E122/><V96/><F1/><W75/><G125/><T72/><D72/><U51/><E51/><V100/><F100/><W6/><G74/><T53/><D126/><U91/><E31/><N who="2" m="17863" /><F23/><W77/><G77/><T64/><D21/><U134/><E134/><V93/><F93/><W34/><G13/><T117/><D117/><U22/><E80/><V14/><F14/><W4/><G12/><T55/><D47/><U24/><E105/><V127/><F109/><W116/><G6/><T18/><D18/><U36/><E36/><V82/><F82/><W30/><REACH who="3" step="1"/><G116/><REACH who="3" ten="250,250,250,240" step="2"/><T131/><D131/><U10/><E10/><AGARI ba="0,1" hai="0,4,10,25,30,34,39,40,41,43,44,75,76,81" machi="10" ten="40,8000,1" yaku="1,1,2,1,25,2,53,0" doraHai="97" doraHaiUra="63" who="3" fromWho="1" sc="250,0,250,-80,250,0,240,90" /><INIT seed="1,0,0,1,3,133" ten="250,170,250,330" oya="1" hai0="57,112,87,43,126,118,100,70,105,60,129,116,80" hai1="45,58,99,40,127,119,120,0,12,39,11,117,1" hai2="25,114,103,131,13,84,81,72,34,51,53,52,16" hai3="98,62,130,27,41,88,94,61,9,31,26,76,108"/><U29/><E120/><V63/><F131/><W68/><G130/><T6/><D129/><U69/><E69/><V132/><F72/><W71/><G108/><T46/><D112/><U89/><E29/><V33/><F132/><W4/><G76/><T125/><D70/><U14/><E14/><V5/><F5/><W56/><G61/><T128/><D6/><U85/><E99/><V90/><F103/><W32/><G27/><T49/><D100/><U19/><E58/><V109/><F109/><W134/><G41/><T74/><D105/><U86/><E86/><V30/><F114/><W77/><G77/><N who="0" m="46479" /><D128/><U55/><E55/><V124/><F63/><W79/><G79/><T115/><D115/><U97/><E97/><V7/><F7/><W38/><G134/><T67/><D74/><U110/><E110/><V48/><F34/><W111/><G38/><T73/><D73/><U22/><E11/><N who="2" m="6207" /><F51/><W17/><G17/><T24/><D24/><U20/><E20/><V101/><F101/><W75/><G75/><T95/><D95/><N who="1" m="54703" /><E1/><V123/><F53/><W23/><G111/><T92/><D92/><U83/><E83/><V21/><F33/><W64/><REACH who="3" step="1"/><G32/><REACH who="3" ten="250,170,250,320" step="2"/><T18/><D18/><U36/><E36/><V3/><F123/><W96/><G96/><T15/><D15/><AGARI ba="0,1" hai="4,9,15,23,26,31,56,62,64,68,71,88,94,98" machi="15" ten="30,8000,1" yaku="1,1,7,1,54,1,53,2" doraHai="133" doraHaiUra="65" who="3" fromWho="0" sc="250,-80,170,0,250,0,320,90" /><INIT seed="2,0,0,4,2,111" ten="170,170,250,410" oya="2" hai0="109,127,122,2,90,19,58,91,10,57,134,114,87" hai1="52,61,119,77,128,21,0,15,73,62,107,135,26" hai2="28,76,131,75,69,100,102,40,60,106,45,9,4" hai3="85,8,37,80,68,1,129,6,121,23,93,12,79"/><V132/><F132/><W66/><G121/><T14/><D134/><U11/><E119/><V56/><F28/><W25/><G37/><T43/><D122/><U30/><E135/><V71/><F102/><W112/><G129/><T32/><D109/><U46/><E107/><V99/><F131/><W92/><G112/><T20/><D32/><U65/><E128/><V84/><F84/><W105/><G105/><T27/><D114/><U104/><E104/><V49/><F76/><W67/><G1/><T74/><D74/><U123/><E123/><V18/><F18/><N who="3" m="12535" /><G68/><T97/><D2/><U36/><E0/><V22/><F22/><W44/><G44/><T33/><D33/><U120/><E120/><V133/><F75/><W34/><G34/><T124/><D43/><U42/><E65/><AGARI ba="0,0" hai="6,8,12,65,66,67,79,80,85,92,93" m="12535" machi="65" ten="30,1000,0" yaku="8,1" doraHai="111" who="3" fromWho="1" sc="170,0,170,-10,250,0,410,10" /><INIT seed="3,0,0,4,3,1" ten="170,160,250,420" oya="3" hai0="93,63,18,84,95,31,102,38,37,69,107,40,10" hai1="72,25,4,3,81,30,105,132,134,55,131,58,8" hai2="39,103,120,116,12,85,27,82,34,35,57,71,88" hai3="53,41,78,33,125,26,96,50,106,61,73,104,48"/><W128/><G128/><T110/><D110/><U43/><E105/><V29/><F71/><W28/><G125/><T97/><D31/><U6/><E131/><V126/><F39/><W109/><G41/><T70/><D107/><U77/><E43/><V122/><F116/><W94/><G104/><T9/><D40/><U65/><E65/><V47/><F126/><W17/><G109/><T22/><D38/><U74/><E74/><V133/><F47/><W7/><G106/><T64/><D69/><U67/><E67/><V92/><F133/><N who="1" m="51305" /><E8/><V23/><F57/><W91/><G17/><T46/><D46/><U42/><E3/><V112/><F112/><W60/><G50/><T83/><D37/><U21/><E42/><V117/><F117/><W19/><G19/><T14/><D95/><U114/><E114/><V11/><F103/><W127/><G127/><T2/><REACH who="0" step="1"/><D2/><REACH who="0" ten="160,160,250,420" step="2"/><U80/><E80/><V75/><F82/><W118/><G28/><T108/><D108/><U98/><E98/><V36/><F36/><W130/><G96/><T119/><D119/><U54/><E54/><V113/><F113/><W15/><G53/><T79/><AGARI ba="0,1" hai="9,10,14,18,22,63,64,70,79,83,84,93,97,102" machi="79" ten="20,5200,0" yaku="1,1,0,1,7,1,53,1" doraHai="1" doraHaiUra="59" who="0" fromWho="0" sc="160,62,160,-13,250,-13,420,-26" /><INIT seed="4,0,0,2,1,115" ten="222,147,237,394" oya="0" hai0="13,75,118,125,10,28,0,39,60,79,53,41,1" hai1="106,74,120,32,57,51,130,15,70,81,54,87,18" hai2="105,133,64,23,108,58,2,6,110,20,3,19,46" hai3="21,48,16,89,109,55,111,56,72,31,12,80,61"/><T116/><D28/><U93/><E130/><V104/><F46/><W99/><G31/><T135/><D13/><U119/><E106/><V117/><F64/><W86/><G72/><T114/><D114/><U91/><E70/><V62/><F62/><W44/><REACH who="3" step="1"/><G99/><REACH who="3" ten="222,147,237,384" step="2"/><T34/><D75/><U49/><E32/><V11/><F110/><W121/><G121/><T65/><D34/><U103/><E120/><V73/><F73/><W63/><G63/><T5/><D60/><U4/><E74/><V94/><F108/><W71/><G71/><T98/><D98/><U88/><E119/><V96/><F96/><W90/><G90/><T82/><D116/><U126/><E103/><V127/><F117/><W129/><G129/><T101/><D101/><U43/><E91/><V107/><F107/><W59/><G59/><T45/><D118/><U9/><E126/><V67/><F58/><W113/><G113/><T30/><D125/><U69/><E69/><V77/><F105/><W33/><G33/><T76/><D76/><U131/><E131/><V124/><F77/><W7/><G7/><T123/><D123/><U83/><REACH who="1" step="1"/><E4/><REACH who="1" ten="222,137,237,384" step="2"/><V100/><F6/><W132/><G132/><T35/><D135/><U84/><E84/><V14/><F133/><W66/><AGARI ba="0,2" hai="12,16,21,44,48,55,56,61,66,80,86,89,109,111" machi="66" ten="20,8000,1" yaku="1,1,0,1,7,1,54,1,53,1" doraHai="115" doraHaiUra="8" who="3" fromWho="3" sc="222,-40,137,-20,237,-20,384,100" /><INIT seed="5,0,0,1,3,75" ten="182,117,217,484" oya="1" hai0="93,73,83,66,54,101,132,59,130,122,68,97,36" hai1="19,86,92,109,88,80,112,131,6,0,113,39,76" hai2="94,125,18,135,110,78,63,90,51,33,104,127,32" hai3="117,9,102,69,126,74,106,91,43,115,27,45,47"/><U103/><E39/><V34/><F104/><W121/><G91/><T129/><D36/><U4/><E131/><N who="0" m="50185" /><D122/><U95/><E109/><V96/><F110/><W35/><G9/><T30/><D132/><U77/><E19/><V98/><F135/><W89/><G45/><T50/><D30/><U118/><E118/><V17/><F51/><W11/><G89/><T133/><D133/><U82/><E0/><V107/><F78/><N who="1" m="30313" /><E4/><V41/><F41/><W49/><G27/><T61/><D73/><U13/><E13/><V120/><F63/><W72/><G49/><T22/><D22/><U12/><E12/><V87/><F120/><W40/><G69/><T71/><D83/><N who="1" m="31787" /><E6/><V31/><F31/><W5/><G5/><T111/><D111/><U42/><E42/><V55/><F107/><W79/><G106/><T124/><D71/><U67/><E67/><V105/><F105/><W52/><G43/><T119/><D119/><U64/><E64/><V134/><F134/><W128/><G40/><T25/><D25/><U3/><E3/><V48/><F17/><W24/><G117/><T7/><D7/><U58/><E58/><N who="2" m="33127" /><F18/><W81/><G24/><T70/><D70/><U44/><E44/><V46/><F46/><W62/><G47/><T84/><D68/><U29/><E29/><V23/><F23/><W123/><G121/><T100/><D66/><U108/><E108/><V65/><F65/><W114/><G123/><T56/><D56/><U20/><E20/><V28/><F28/><W116/><G116/><T1/><D1/><U21/><E21/><V37/><F37/><RYUUKYOKU ba="0,0" sc="182,-15,117,15,217,15,484,-15" hai1="86,88,92,95,103,112,113" hai2="32,33,34,87,90,94,96,98,125,127" /><INIT seed="5,1,0,2,2,94" ten="167,132,232,469" oya="1" hai0="103,59,48,45,28,102,25,87,77,46,18,6,100" hai1="56,30,40,112,61,131,116,117,63,49,85,32,109" hai2="81,135,89,35,9,51,67,114,126,68,86,21,74" hai3="76,55,52,122,72,115,73,99,37,106,119,134,88"/><U69/><E32/><V66/><F35/><W58/><G37/><T97/><D6/><U133/><E30/><V7/><F135/><W113/><G134/><T107/><D18/><U110/><E133/><V39/><F39/><W79/><G122/><T15/><D59/><U90/><E112/><N who="3" m="43082" /><G119/><N who="1" m="45642" /><E90/><V70/><F21/><W24/><G24/><T84/><D15/><U38/><E85/><V78/><F51/><N who="3" m="31007" /><G55/><T98/><D103/><U22/><E22/><V101/><F101/><N who="3" m="62783" /><G88/><T92/><D46/><N who="1" m="23831" /><E131/><V19/><F89/><W29/><G29/><T23/><REACH who="0" step="1"/><D77/><AGARI ba="1,0" hai="72,73,76,77,79" m="62783,31007,43082" machi="77" ten="30,3900,0" yaku="15,1,52,1,54,1" doraHai="94" who="3" fromWho="0" sc="167,-42,132,0,232,0,469,42" /><INIT seed="6,0,0,4,3,100" ten="125,132,232,511" oya="2" hai0="82,52,133,92,42,72,30,69,121,81,87,12,21" hai1="135,73,90,11,119,14,29,13,123,47,63,60,49" hai2="32,117,131,108,43,2,56,53,8,91,89,95,109" hai3="125,128,85,45,4,70,118,50,111,115,31,66,40"/><V130/><F117/><W83/><G118/><T18/><D121/><U65/><E119/><V103/><F32/><W1/><G111/><T64/><D133/><U93/><E73/><V124/><F43/><W3/><G128/><T23/><D42/><N who="1" m="24823" /><E135/><V113/><F113/><W0/><G85/><T41/><D72/><U74/><E74/><V104/><F8/><W39/><G50/><T86/><D41/><U99/><E123/><V107/><F2/><W68/><G125/><T106/><D106/><N who="2" m="40490" /><F103/><W84/><G4/><T116/><D116/><U97/><E29/><V120/><F120/><W127/><G115/><T36/><D36/><U9/><E65/><V105/><F105/><W25/><G66/><T76/><D92/><N who="1" m="56471" /><E9/><V94/><F94/><W33/><G127/><T61/><D52/><U75/><E75/><V38/><F38/><W110/><G84/><T126/><D126/><U62/><E11/><V5/><F5/><W129/><G83/><T71/><D30/><U24/><E24/><V10/><F10/><W77/><G77/><T96/><D23/><U58/><E58/><V98/><F91/><AGARI ba="0,0" hai="13,14,60,62,63,91,93,99" m="56471,24823" machi="91" ten="30,1000,0" yaku="8,1" doraHai="100" who="1" fromWho="2" sc="125,0,132,10,232,-10,511,0" /><INIT seed="7,0,0,4,3,8" ten="125,142,222,511" oya="3" hai0="118,9,62,51,91,77,35,75,40,113,133,34,22" hai1="128,31,76,24,44,124,99,58,29,39,15,68,129" hai2="32,104,127,49,55,13,71,43,23,2,20,81,27" hai3="112,3,96,21,56,74,117,115,33,17,92,89,54"/><W5/><G117/><T46/><D118/><U123/><E68/><V103/><F2/><W132/><G33/><T45/><D133/><U37/><E123/><V38/><F43/><W0/><G74/><T83/><D113/><N who="3" m="43593" /><G132/><T66/><D9/><U84/><E124/><V7/><F103/><W105/><G5/><T116/><D116/><U72/><E72/><V79/><F104/><W90/><G90/><T30/><D91/><U25/><E15/><V110/><F71/><W119/><G105/><T19/><D46/><U126/><E126/><V73/><F38/><N who="1" m="14345" /><E44/><V78/><F78/><W114/><G119/><T101/><D101/><U42/><E42/><V95/><F79/><W120/><G120/><T16/><D30/><N who="1" m="11275" /><E99/><V122/><F73/><W134/><G134/><T50/><D50/><U80/><E58/><V52/><F49/><N who="3" m="30799" /><G114/><T69/><D19/><U98/><E98/><V14/><F32/><W12/><AGARI ba="0,0" hai="0,3,12,17,21,89,92,96" m="30799,43593" machi="12" ten="30,3000,0" yaku="15,1,52,1" doraHai="8" who="3" fromWho="3" sc="125,-10,142,-10,222,-10,511,30" owari="115,-38.0,132,-27.0,212,1.0,541,64.0" /></mjloggm>