<mjloggm ver="2.3"><GO type="169" lobby="0"/><UN n0="%50%69%73%68%6F" n1="%E3%83%A9%E3%83%A0%E3%83%80%E3%81%95%E3%82%93" n2="%E6%97%85%E4%BA%BA%E3%81%A1%E3%82%88%E3%81%99%E3%81%91" n3="%E5%B0%B1%E6%B4%BB%E7%94%9F%40%E5%B7%9D%E6%9D%91%E8%BB%8D%E5%9B%A3" dan="16,17,17,17" rate="2028.11,2106.56,2185.67,2180.41" sx="M,M,M,M"/><TAIKYOKU oya="0"/><INIT seed="0,0,0,0,3,61" ten="250,250,250,250" oya="0" hai0="129,88,59,67,95,64,45,111,38,109,101,127,113" hai1="100,117,3,115,24,132,21,125,50,96,6,48,18" hai2="71,74,126,135,58,131,4,82,8,83,103,73,47" hai3="121,40,26,25,23,32,104,116,119,62,107,28,90"/><T106/><D113/><U85/><E117/><V46/><F71/><W80/><G121/><T39/><D129/><U49/><E115/><V20/><F131/><W41/><G104/><T91/><D127/><U5/><E125/><V68/><F68/><W78/><G107/><T35/><D35/><U10/><E132/><V44/><F135/><W11/><G11/><T124/><D124/><U86/><REACH who="1" step="1"/><E6/><REACH who="1" ten="250,240,250,250" step="2"/><V42/><F4/><W118/><G116/><T89/><D106/><AGARI ba="0,1" hai="3,5,10,18,21,24,48,49,50,85,86,96,100,106" machi="106" ten="40,2600,0" yaku="1,1,2,1,53,0" doraHai="61" doraHaiUra="128" who="1" fromWho="0" sc="250,-26,240,36,250,0,250,0" /><INIT seed="1,0,0,5,3,81" ten="224,276,250,250" oya="1" hai0="83,118,26,35,23,41,74,132,33,92,113,91,22" hai1="70,9,109,99,34,32,13,2,19,42,16,76,96" hai2="85,50,100,57,30,24,10,48,21,36,79,66,95" hai3="3,12,90,59,39,15,11,38,1,67,114,4,28"/><U97/><E70/><V8/><F36/><W84/><G114/><T123/><D118/><U27/><E2/><V117/><F117/><W98/><G28/><T125/><D113/><U93/><E109/><V0/><F0/><W88/><G39/><T64/><D64/><U53/><E42/><V133/><F133/><W87/><G38/><T29/><D125/><U107/><E107/><V111/><F111/><W116/><G116/><T58/><D41/><U44/><E76/><V105/><F105/><W47/><G3/><T20/><D132/><U119/><E119/><V122/><F122/><W43/><G1/><T112/><D112/><U129/><E129/><V14/><F100/><W86/><G98/><T108/><D108/><U51/><REACH who="1" step="1"/><E93/><REACH who="1" ten="224,266,250,250" step="2"/><V80/><F95/><W7/><G43/><T103/><D123/><U25/><E25/><V65/><F14/><W101/><G101/><T62/><D103/><U5/><E5/><V128/><F128/><W73/><G73/><T72/><D74/><U18/><E18/><V135/><F135/><W31/><G31/><T102/><D102/><U17/><E17/><V52/><F50/><W56/><G7/><T134/><D134/><U54/><E54/><V6/><F6/><W110/><G15/><T77/><D29/><U78/><E78/><V121/><F121/><W130/><G110/><T120/><D120/><U49/><E49/><V124/><F124/><W60/><G130/><T40/><D40/><U126/><E126/><V106/><F106/><W68/><G68/><T63/><D26/><U71/><E71/><V37/><F37/><RYUUKYOKU ba="0,1" sc="224,-15,266,15,250,15,250,-15" hai1="9,13,16,19,27,32,34,44,51,53,96,97,99" hai2="8,10,21,24,30,48,52,57,65,66,79,80,85" /><INIT seed="1,1,1,3,4,25" ten="209,281,265,235" oya="1" hai0="52,38,82,116,68,100,97,90,72,96,95,69,81" hai1="57,7,17,34,123,106,93,85,80,126,14,105,1" hai2="101,6,98,84,50,55,110,102,108,20,35,0,10" hai3="13,15,132,74,99,129,83,49,24,75,30,47,122"/><U107/><E123/><V125/><F35/><W61/><G122/><T71/><D116/><U76/><E34/><V56/><F125/><W87/><G129/><T3/><D3/><U22/><E126/><V2/><F2/><W60/><G132/><T19/><D38/><U32/><E32/><V133/><F133/><W4/><G75/><T18/><D72/><U36/><E36/><V120/><F120/><W40/><G74/><T37/><D37/><U62/><E93/><V58/><F84/><W41/><G41/><T23/><D52/><U114/><E114/><V54/><F20/><N who="3" m="15623" /><G99/><T103/><D90/><U51/><E51/><V66/><F66/><W44/><G44/><T53/><D53/><U21/><E21/><V131/><F131/><W43/><G43/><T73/><D73/><U46/><E46/><V94/><REACH who="2" step="1"/><F102/><REACH who="2" ten="209,281,255,235" step="2"/><W9/><G13/><T33/><D33/><U109/><E1/><V63/><AGARI ba="1,2" hai="0,6,10,50,54,55,56,58,63,94,98,101,108,110" machi="63" ten="30,4000,0" yaku="1,1,2,1,0,1,53,0" doraHai="25" doraHaiUra="79" who="2" fromWho="2" sc="209,-11,281,-21,255,63,235,-11" /><INIT seed="2,0,0,2,5,30" ten="198,260,318,224" oya="2" hai0="103,80,104,94,85,43,41,47,76,12,62,45,131" hai1="117,89,74,15,63,27,51,57,16,92,23,66,114" hai2="31,36,54,98,7,81,10,6,109,123,46,112,101" hai3="113,71,127,122,48,124,0,135,118,37,19,128,105"/><V115/><F123/><W129/><G0/><T107/><D131/><N who="3" m="50249" /><G105/><T18/><D62/><U1/><E1/><V110/><F81/><W67/><G19/><T49/><D94/><U111/><E114/><V82/><F82/><W8/><G8/><T86/><D86/><U64/><E117/><V78/><F78/><W121/><G37/><T116/><D103/><U90/><E111/><N who="2" m="42507" /><F31/><W120/><G118/><T28/><D28/><U5/><E74/><V60/><F36/><W134/><G113/><N who="2" m="43593" /><F10/><W52/><G67/><T34/><D34/><U40/><E66/><V33/><F33/><W72/><G71/><T22/><REACH who="0" step="1"/><D116/><REACH who="0" ten="188,260,318,224" step="2"/><U17/><E92/><N who="2" m="58567" /><F60/><W68/><G68/><T2/><D2/><U87/><E87/><V58/><F58/><N who="3" m="33031" /><G72/><T102/><D102/><U59/><E59/><V108/><F108/><W61/><G61/><T20/><D20/><U26/><E63/><V65/><F65/><W53/><G53/><T55/><D55/><U133/><E64/><V70/><F70/><W39/><G39/><AGARI ba="0,1" hai="12,18,22,39,41,43,45,47,49,76,80,85,104,107" machi="39" ten="30,2000,0" yaku="1,1,7,1,53,0" doraHai="30" doraHaiUra="95" who="0" fromWho="3" sc="188,30,260,0,318,0,224,-20" /><INIT seed="3,0,0,0,0,88" ten="218,260,318,204" oya="3" hai0="69,32,54,90,2,68,98,116,75,45,40,122,22" hai1="83,67,125,74,84,6,92,126,31,24,65,39,44" hai2="4,1,61,18,29,119,96,37,34,134,87,16,107" hai3="14,20,58,0,66,42,13,93,120,81,12,132,112"/><W95/><G120/><T17/><D32/><U50/><E39/><V8/><F119/><W73/><G0/><T78/><D2/><U57/><E74/><V76/><F37/><W82/><G112/><T26/><D116/><U109/><E6/><V15/><F134/><W104/><G104/><T77/><D75/><U72/><E72/><V35/><F61/><N who="3" m="38199" /><G73/><T51/><D69/><U36/><E36/><V129/><F129/><W25/><G42/><T70/><D68/><U7/><E7/><V108/><F108/><W97/><G132/><T117/><D70/><U59/><E109/><V56/><F56/><W114/><G114/><T63/><D122/><U89/><E59/><V19/><F1/><W101/><G95/><N who="0" m="56695" /><D117/><U121/><E121/><V30/><F35/><W80/><G80/><T27/><D27/><U118/><E118/><V48/><F34/><W23/><G23/><T79/><D63/><U102/><E57/><V52/><F48/><W115/><G115/><T60/><D60/><U28/><E67/><V53/><F53/><AGARI ba="0,0" hai="17,22,26,40,45,51,53,54,77,78,79" m="56695" machi="53" ten="30,2000,0" yaku="8,1,52,1" doraHai="88" who="0" fromWho="2" sc="218,20,260,0,318,-20,204,0" /><INIT seed="4,0,0,1,1,85" ten="238,260,298,204" oya="0" hai0="98,68,49,89,58,99,34,113,65,13,18,70,81" hai1="53,47,39,75,4,44,64,8,28,40,127,111,117" hai2="17,73,135,82,87,1,101,15,131,96,6,48,23" hai3="19,130,118,88,27,125,114,71,56,62,90,105,108"/><T120/><D34/><U76/><E111/><V61/><F73/><W11/><G118/><T38/><D38/><U97/><E117/><V55/><F135/><W26/><G108/><T31/><D120/><U7/><E127/><V95/><F131/><W103/><G71/><T51/><D31/><U52/><E64/><V59/><F1/><W119/><G119/><T115/><D98/><U46/><E28/><V37/><F37/><W80/><G125/><T41/><D41/><U5/><E8/><V110/><F110/><W134/><G130/><T33/><D33/><U79/><E75/><V78/><F6/><W25/><G134/><T69/><D65/><U30/><E30/><V93/><F61/><W24/><G114/><N who="0" m="43531" /><D58/><U16/><E97/><V132/><F132/><W126/><G126/><T100/><D81/><U43/><E39/><V129/><F129/><W86/><G105/><AGARI ba="0,0" hai="15,17,23,48,55,59,78,82,87,93,95,96,101,105" machi="105" ten="30,1000,0" yaku="7,1" doraHai="85" who="2" fromWho="3" sc="238,0,260,0,298,10,204,-10" /><INIT seed="5,0,0,2,3,33" ten="238,260,308,194" oya="1" hai0="8,56,134,58,130,128,97,77,95,59,29,41,112" hai1="104,63,25,94,19,4,132,96,135,36,50,48,124" hai2="92,88,7,98,61,51,65,131,108,5,78,35,116" hai3="13,103,39,16,102,93,89,86,9,83,1,68,38"/><U123/><E123/><V3/><F108/><W11/><G68/><T62/><D112/><U24/><E36/><V6/><F116/><W85/><G38/><T72/><D41/><U118/><E118/><V49/><F35/><W64/><G39/><T14/><D29/><U47/><E104/><V110/><F110/><W0/><G64/><T91/><D134/><N who="1" m="51243" /><E124/><V17/><F3/><W34/><G34/><T43/><D43/><N who="1" m="24703" /><E4/><V18/><F78/><W57/><G57/><T84/><D72/><U69/><E50/><N who="2" m="18955" /><F131/><N who="0" m="50218" /><D77/><U22/><E63/><V75/><F75/><W53/><G53/><N who="0" m="34063" /><D97/><U109/><E69/><V46/><F46/><W12/><G102/><T23/><D23/><U122/><E122/><V67/><F61/><W2/><G103/><T40/><D40/><U82/><E109/><V80/><F80/><W90/><G1/><T100/><D100/><N who="1" m="60439" /><E82/><V32/><F32/><W42/><G42/><T127/><D127/><U81/><E81/><V54/><F54/><W31/><G31/><T105/><D105/><U60/><E60/><V30/><F30/><W119/><G119/><T73/><D59/><U117/><E117/><V99/><F99/><W107/><G107/><T76/><D58/><U66/><E66/><AGARI ba="0,0" hai="5,6,7,17,18,65,66,67,88,92,98" m="18955" machi="66" ten="30,2000,0" yaku="8,1,54,1" doraHai="33" who="2" fromWho="1" sc="238,0,260,-20,308,20,194,0" /><INIT seed="6,0,0,0,1,52" ten="238,240,328,194" oya="2" hai0="45,2,78,82,39,71,119,51,128,112,133,129,104" hai1="113,102,5,8,131,46,101,35,73,93,65,123,105" hai2="42,115,126,30,86,54,40,70,25,29,44,38,15" hai3="3,58,92,99,88,60,1,41,69,11,49,63,106"/><V85/><F70/><W50/><G106/><T9/><D112/><U110/><E110/><V28/><F115/><W127/><G127/><T90/><D90/><U80/><E113/><V21/><F126/><W53/><G1/><T47/><D47/><U61/><E35/><V98/><F42/><W33/><G33/><T132/><D51/><U79/><E105/><V72/><F72/><W13/><G3/><T130/><D119/><U107/><E107/><V109/><F109/><W64/><REACH who="3" step="1"/><G41/><REACH who="3" ten="238,240,328,184" step="2"/><N who="0" m="22719" /><D104/><U4/><E123/><V48/><F40/><W108/><G108/><T14/><D2/><U117/><E117/><V122/><F122/><W43/><G43/><T89/><D132/><U22/><E131/><V116/><F116/><W135/><G135/><T96/><D133/><U81/><E73/><V120/><F120/><W10/><G10/><T74/><D9/><U19/><E8/><V56/><F44/><W32/><G32/><T111/><D111/><U23/><E46/><V91/><F38/><W134/><G134/><T34/><D34/><U55/><E23/><V62/><F21/><W75/><G75/><T114/><D114/><U124/><E22/><V16/><F28/><W18/><AGARI ba="0,1" hai="11,13,18,49,50,53,58,60,63,64,69,88,92,99" machi="18" ten="20,8000,1" yaku="1,1,0,1,7,1,52,1,54,1,53,0" doraHai="52" doraHaiUra="83" who="3" fromWho="3" sc="238,-20,240,-20,328,-40,184,90" /><INIT seed="7,0,0,2,2,86" ten="218,220,288,274" oya="3" hai0="43,42,53,133,108,12,65,75,88,35,24,73,111" hai1="122,125,4,36,17,115,100,84,92,96,120,2,126" hai2="82,64,20,102,55,47,59,109,99,113,29,107,103" hai3="90,11,129,71,77,97,40,33,61,60,132,22,87"/><W52/><G33/><T58/><D65/><U1/><E36/><V68/><F109/><W124/><G71/><T26/><D133/><U74/><E74/><V45/><F103/><W78/><G40/><T19/><D75/><U50/><E115/><V101/><F101/><W85/><G129/><T81/><D108/><U135/><E135/><V18/><F29/><W6/><G132/><T93/><D111/><U134/><E134/><V14/><F113/><W128/><G124/><N who="1" m="47722" /><E17/><V41/><F41/><N who="0" m="15370" /><D81/><U48/><E84/><N who="3" m="32330" /><G22/><N who="0" m="11623" /><D73/><U39/><E39/><V67/><F82/><W32/><G32/><T63/><D35/><U66/><E66/><V37/><F67/><W91/><G128/><T104/><D104/><U38/><E38/><V16/><F37/><W95/><G11/><T69/><D69/><U105/><E105/><V56/><F68/><W112/><G6/><T27/><D93/><U79/><E79/><N who="3" m="30218" /><G112/><T98/><D98/><U10/><E2/><V114/><F114/><W127/><G127/><T8/><D8/><U130/><E130/><V131/><F131/><W25/><G25/><T83/><D83/><U49/><AGARI ba="0,0" hai="1,4,10,48,49,50,92,96,100,120,122" m="47722" machi="49" ten="30,1100,0" yaku="18,1" doraHai="86" who="1" fromWho="1" sc="218,-3,220,11,288,-3,274,-5" /><INIT seed="8,0,0,1,4,36" ten="215,231,285,269" oya="0" hai0="96,112,85,12,33,30,62,28,91,115,42,105,126" hai1="63,14,101,127,119,6,23,108,19,134,94,76,131" hai2="17,125,122,89,123,100,9,13,45,11,93,129,99" hai3="135,22,50,90,44,67,39,83,43,116,81,82,57"/><T132/><D126/><U52/><E108/><V26/><F125/><W4/><G135/><T102/><D132/><U118/><E134/><V110/><F110/><W71/><G116/><N who="1" m="44586" /><E127/><V32/><F129/><W3/><G3/><T70/><D33/><U18/><E131/><V98/><F9/><W1/><G1/><T15/><D112/><U133/><E133/><V106/><REACH who="2" step="1"/><F45/><REACH who="2" ten="215,231,275,269" step="2"/><W2/><G2/><T59/><D115/><U73/><E6/><V60/><F60/><W56/><G4/><T107/><D107/><U86/><E63/><V38/><F38/><W109/><G109/><T25/><D70/><U66/><E19/><V111/><F111/><W121/><G71/><T77/><D30/><AGARI ba="0,1" hai="11,13,17,26,30,32,89,93,98,99,100,106,122,123" machi="30" ten="40,5200,0" yaku="1,1,53,2" doraHai="36" doraHaiUra="95" who="2" fromWho="0" sc="215,-52,231,0,275,62,269,0" owari="163,-34.0,231,-17.0,337,44.0,269,7.0" /></mjloggm>