<mjloggm ver="2.3"><GO type="41" lobby="0"/><UN n0="%79%6F%73%75%65%30%37" n1="%65%69%63%68%61%6E%39%39" n2="%E3%83%A0%E3%83%BC%E3%83%B3%E3%83%AC%E3%83%B3%E3%82%BA" n3="%E5%B0%B1%E6%B4%BB%E7%94%9F%40%E5%B7%9D%E6%9D%91%E8%BB%8D%E5%9B%A3" dan="13,14,13,18" rate="1823.15,1940.75,1854.90,2226.48" sx="M,M,M,M"/><TAIKYOKU oya="0"/><INIT seed="0,0,0,1,0,3" ten="250,250,250,250" oya="0" hai0="129,46,2,130,127,32,72,25,1,88,58,62,100" hai1="42,86,43,99,59,15,126,68,21,47,35,75,69" hai2="106,98,104,92,82,28,51,13,60,19,112,134,89" hai3="41,30,50,115,66,81,77,122,36,79,124,97,70"/><T33/><D72/><U83/><E75/><V131/><F112/><W123/><G36/><T20/><D100/><U22/><E35/><V18/><F28/><W56/><G115/><T37/><D127/><U6/><E126/><V78/><F131/><W114/><G70/><T76/><D76/><U90/><E59/><V91/><F91/><W67/><G30/><T113/><D113/><U87/><E68/><V64/><F51/><W95/><G79/><T11/><D46/><U57/><E57/><V93/><F93/><W5/><G124/><T65/><D37/><U10/><E69/><V38/><F38/><W39/><G39/><T48/><D48/><U94/><E87/><V14/><F60/><W80/><G80/><T116/><D116/><U55/><E55/><V74/><F64/><W16/><G81/><T26/><D26/><U107/><E107/><V63/><F63/><W120/><G77/><T0/><D88/><N who="1" m="55751" /><E47/><V96/><F96/><W125/><G50/><T103/><D103/><U71/><E71/><V29/><F29/><W8/><G125/><T44/><D44/><U31/><E31/><V12/><REACH who="2" step="1"/><F134/><REACH who="2" ten="250,250,240,250" step="2"/><W118/><G114/><T119/><D119/><U17/><E22/><V135/><F135/><W7/><G118/><T117/><D117/><U27/><AGARI ba="0,1" hai="6,10,15,17,21,27,42,43,83,86,90" m="55751" machi="27" ten="30,4000,0" yaku="8,1,52,1,54,1" doraHai="3" who="1" fromWho="1" sc="250,-20,250,50,240,-10,250,-10" /><INIT seed="1,0,0,4,3,35" ten="230,300,230,240" oya="1" hai0="65,51,72,21,114,33,85,79,96,133,52,78,48" hai1="122,101,111,135,99,64,116,50,123,55,70,121,104" hai2="31,108,69,6,98,0,45,80,3,92,131,90,112" hai3="27,44,12,56,40,120,2,82,20,88,5,100,49"/><U59/><E116/><V126/><F131/><W42/><G120/><T109/><D33/><U57/><E70/><V117/><F117/><W134/><G134/><T46/><D133/><U22/><E135/><V24/><F69/><W7/><G100/><T107/><D109/><U26/><E64/><V127/><F108/><W81/><G2/><T54/><D114/><U75/><E75/><V63/><F112/><W61/><G42/><T13/><D65/><U130/><E130/><V29/><F63/><W125/><G12/><T97/><D107/><U129/><E129/><V18/><F18/><W94/><G7/><T16/><D72/><U74/><E74/><V66/><F66/><W39/><G5/><T91/><D79/><U47/><REACH who="1" step="1"/><E111/><REACH who="1" ten="230,290,230,240" step="2"/><V30/><F126/><W119/><G125/><T128/><D128/><U32/><E32/><V132/><F127/><W34/><G34/><T106/><D106/><U71/><E71/><V9/><F132/><W14/><G119/><T1/><D1/><U103/><E103/><V8/><F0/><W77/><G77/><T4/><D4/><U28/><AGARI ba="0,1" hai="22,26,28,47,50,55,57,59,99,101,104,121,122,123" machi="28" ten="30,3000,0" yaku="1,1,0,1,53,0" doraHai="35" doraHaiUra="105" who="1" fromWho="1" sc="230,-10,290,40,230,-10,240,-10" /><INIT seed="1,1,0,2,4,57" ten="220,330,220,230" oya="1" hai0="108,53,36,34,77,113,43,123,52,30,26,62,2" hai1="8,64,15,97,23,128,125,78,87,122,76,110,7" hai2="126,47,4,92,93,68,90,19,81,102,82,11,49" hai3="28,21,18,35,50,55,10,51,120,72,44,6,79"/><U94/><E122/><V119/><F119/><W84/><G72/><T31/><D123/><U54/><E125/><V109/><F68/><W27/><G120/><T58/><D113/><U91/><E128/><V127/><F19/><W133/><G133/><T104/><D2/><U131/><E131/><V59/><F59/><W66/><G66/><T25/><D104/><U61/><E110/><V20/><F20/><W112/><G112/><T48/><D108/><U14/><E54/><V5/><F109/><W115/><G115/><T130/><D130/><U132/><E132/><V96/><F49/><W56/><G84/><T71/><D71/><U111/><E111/><V70/><F47/><W98/><G98/><T3/><D3/><U40/><E40/><V89/><F70/><W69/><G79/><T118/><D118/><U135/><E135/><V80/><F11/><W86/><G86/><T124/><D77/><U99/><E78/><V101/><F82/><W95/><G95/><T67/><D124/><U107/><E107/><V73/><REACH who="2" step="1"/><F96/><REACH who="2" ten="220,330,210,230" step="2"/><W17/><G69/><T13/><D36/><U22/><E23/><V63/><F63/><W0/><G21/><T1/><D34/><U117/><E117/><V33/><F33/><W45/><G45/><T88/><D48/><U129/><E129/><V106/><F106/><W41/><AGARI ba="1,1" hai="0,6,10,17,18,27,28,35,41,44,50,51,55,56" machi="41" ten="20,1500,0" yaku="0,1,7,1" doraHai="57" who="3" fromWho="3" sc="220,-5,330,-8,210,-5,230,28" /><INIT seed="2,0,0,3,1,72" ten="215,322,205,258" oya="2" hai0="117,55,68,61,92,118,12,94,66,129,37,20,82" hai1="44,122,90,97,132,11,119,19,124,121,23,133,103" hai2="47,8,29,95,93,27,110,70,6,87,76,31,71" hai3="111,40,33,63,101,98,21,17,59,3,96,123,9"/><V56/><F110/><W57/><G33/><T80/><D37/><U48/><E119/><V51/><F56/><W32/><G32/><T109/><D109/><U30/><E30/><V53/><F70/><W60/><G40/><T88/><D129/><U42/><E124/><V85/><F85/><W130/><G130/><T26/><D55/><U2/><E90/><V78/><F71/><W106/><G98/><T43/><D43/><U58/><E58/><V10/><F87/><W79/><G79/><N who="2" m="30249" /><F27/><W38/><G38/><T39/><D12/><N who="1" m="9703" /><E2/><V74/><F74/><W114/><G114/><T102/><D39/><U75/><E75/><V126/><F126/><W49/><G59/><T104/><D104/><N who="1" m="63599" /><E11/><N who="2" m="4139" /><F6/><W5/><G57/><T127/><D127/><U134/><AGARI ba="0,0" hai="42,44,48,121,122,132,133,134" m="63599,9703" machi="134" ten="40,1500,0" yaku="20,1" doraHai="72" who="1" fromWho="1" sc="215,-4,322,15,205,-7,258,-4" /><INIT seed="3,0,0,0,5,3" ten="211,337,198,254" oya="3" hai0="54,63,79,118,84,62,115,132,110,80,5,46,129" hai1="100,135,26,72,38,12,103,125,19,83,10,61,111" hai2="6,8,59,2,98,49,22,60,122,130,92,58,91" hai3="67,13,94,90,82,69,75,73,17,53,41,47,105"/><W114/><G105/><T0/><D118/><U77/><E111/><V124/><F124/><W14/><G114/><T50/><D110/><U104/><E125/><V133/><F133/><W108/><G108/><T42/><D132/><U33/><E38/><V34/><F34/><W112/><G112/><T4/><D129/><U24/><E135/><V87/><F122/><W65/><G13/><T20/><D115/><U27/><E33/><V23/><F130/><W121/><G121/><T57/><D0/><U123/><E123/><V119/><F119/><W18/><G18/><T39/><D20/><U35/><E35/><V66/><F58/><W1/><G1/><T7/><AGARI ba="0,0" hai="4,5,7,39,42,46,50,54,57,62,63,79,80,84" machi="7" ten="30,7900,0" yaku="0,1,52,3" doraHai="3" who="0" fromWho="0" sc="211,79,337,-20,198,-20,254,-39" /><INIT seed="4,0,0,0,3,116" ten="290,317,178,215" oya="0" hai0="14,17,130,52,78,108,95,73,32,133,65,101,29" hai1="1,4,36,90,25,57,21,59,63,50,97,121,28" hai2="70,132,76,79,3,42,49,94,128,88,86,75,18" hai3="81,46,13,40,113,129,104,120,5,41,38,20,99"/><T84/><D130/><U110/><E36/><V109/><F3/><W61/><G113/><T91/><D133/><U100/><E90/><V45/><F109/><W53/><G41/><T37/><D37/><U123/><E110/><V30/><F132/><W6/><G129/><T7/><D65/><N who="1" m="39151" /><E1/><V71/><F30/><W0/><G81/><T64/><D64/><U2/><E2/><V9/><F128/><W66/><G53/><T26/><D7/><U22/><E22/><V77/><REACH who="2" step="1"/><F75/><REACH who="2" ten="290,317,168,215" step="2"/><W135/><G0/><T19/><D108/><U31/><E28/><V96/><F96/><W51/><G99/><T58/><D73/><U34/><E97/><V67/><F67/><W114/><G66/><T102/><D78/><U83/><E31/><V106/><F106/><W24/><G104/><T62/><REACH who="0" step="1"/><D19/><REACH who="0" ten="280,317,168,215" step="2"/><U74/><E74/><V85/><F85/><W80/><G135/><T125/><D125/><U124/><E124/><V119/><F119/><W82/><G5/><T87/><D87/><U23/><E4/><V47/><F47/><W54/><G46/><T55/><D55/><U56/><E59/><V48/><F48/><W107/><G51/><T118/><D118/><U111/><E56/><V44/><F44/><W15/><G54/><T27/><D27/><U131/><E50/><V127/><F127/><W69/><G24/><T39/><D39/><U35/><E25/><V115/><F115/><W117/><G38/><T105/><D105/><U16/><E111/><V43/><F43/><W112/><G40/><T33/><D33/><N who="1" m="12299" /><E131/><V93/><F93/><W126/><G107/><RYUUKYOKU ba="0,2" sc="280,15,317,-15,168,15,215,-15" hai0="14,17,26,29,32,52,58,62,84,91,95,101,102" hai2="9,18,42,45,49,70,71,76,77,79,86,88,94" /><INIT seed="4,1,2,4,0,35" ten="295,302,183,200" oya="0" hai0="28,70,32,123,122,57,133,50,29,39,80,67,98" hai1="63,49,128,33,104,25,93,102,129,95,79,15,110" hai2="135,19,96,126,132,52,106,11,53,114,4,69,111" hai3="46,105,40,74,34,130,115,27,82,54,14,9,76"/><T127/><D39/><U3/><E110/><V13/><F111/><W78/><G105/><T58/><D70/><U131/><E79/><V60/><F114/><W73/><G115/><T124/><D133/><N who="2" m="51274" /><F126/><N who="0" m="48170" /><D80/><U91/><E3/><N who="2" m="415" /><F106/><W119/><G119/><T6/><D6/><U101/><E15/><V81/><F81/><W1/><G1/><T47/><D98/><N who="1" m="61527" /><E49/><V72/><F72/><W103/><G130/><T87/><D87/><N who="1" m="52479" /><E63/><V18/><F96/><W97/><G76/><T26/><D29/><U36/><E36/><V8/><F19/><W89/><G82/><T45/><D45/><U10/><E10/><V86/><F86/><W0/><G78/><T43/><D67/><AGARI ba="1,2" hai="8,13,18,52,53,60,67,69" m="415,51274" machi="67" ten="30,3900,0" yaku="20,1,52,1,54,1" doraHai="35" who="2" fromWho="0" sc="295,-42,302,0,183,62,200,0" /><INIT seed="5,0,0,0,4,76" ten="253,302,245,200" oya="1" hai0="10,33,15,99,103,73,25,127,118,119,75,36,102" hai1="104,93,129,115,5,3,27,41,58,94,53,7,55" hai2="49,39,135,26,77,21,42,51,84,120,32,19,110" hai3="125,61,111,14,108,83,16,67,46,12,122,114,2"/><U78/><E104/><V89/><F110/><W116/><G2/><T68/><D36/><U44/><E129/><V79/><F120/><W88/><G122/><T112/><D68/><U60/><E115/><V63/><F135/><W1/><G1/><T50/><D50/><U65/><E78/><V24/><F39/><W124/><G46/><T20/><D33/><U101/><E3/><V134/><F134/><W97/><G14/><T91/><D127/><N who="3" m="48713" /><G114/><T123/><D123/><U121/><E121/><V23/><F32/><W0/><G0/><T34/><D112/><U45/><E101/><V126/><F63/><W113/><G113/><T22/><D34/><U98/><E98/><V130/><F126/><W37/><G37/><T31/><D99/><U132/><E132/><V40/><F40/><W87/><G97/><T107/><D31/><U109/><E41/><V128/><F128/><W64/><G116/><T95/><D95/><U11/><E11/><V35/><F35/><W81/><G81/><T57/><D10/><U18/><E27/><V92/><F130/><W74/><G74/><T17/><D25/><U133/><E133/><V30/><F42/><W117/><G117/><T43/><D107/><U66/><E60/><V131/><F131/><W4/><G4/><T72/><D43/><U62/><E62/><V82/><F77/><W70/><G67/><T52/><D119/><U80/><E80/><V69/><F69/><W105/><G105/><T90/><D118/><U100/><E109/><V71/><F71/><W6/><G6/><T9/><D75/><AGARI ba="0,0" hai="19,21,23,24,26,30,49,51,75,79,82,84,89,92" machi="75" ten="30,2000,0" yaku="7,1,52,1" doraHai="76" who="2" fromWho="0" sc="253,-20,302,0,245,20,200,0" /><INIT seed="6,0,0,5,5,51" ten="233,302,265,200" oya="2" hai0="103,33,13,122,15,14,28,106,104,81,17,52,111" hai1="8,56,65,85,41,50,5,126,20,92,19,45,60" hai2="10,23,107,115,72,123,16,95,89,32,67,108,68" hai3="22,129,74,100,132,59,71,112,39,80,61,62,46"/><V77/><F108/><W31/><G71/><T34/><D111/><U82/><E126/><V98/><F123/><W76/><G129/><T29/><D122/><U24/><E92/><V78/><F32/><W1/><G1/><T36/><D36/><U26/><E26/><V37/><F37/><W130/><G130/><T114/><D81/><U7/><REACH who="1" step="1"/><E8/><REACH who="1" ten="233,292,265,200" step="2"/><V18/><F10/><W44/><G132/><T120/><D120/><U105/><E105/><V79/><F95/><W133/><G133/><T2/><D106/><U124/><E124/><V102/><F107/><W135/><G135/><T94/><D104/><U38/><E38/><V116/><F116/><W99/><G39/><T43/><D94/><U27/><E27/><V42/><F115/><W90/><G112/><T64/><D114/><U121/><E121/><V58/><F102/><W119/><G100/><T6/><D103/><U125/><E125/><V110/><F110/><W83/><G119/><T9/><D64/><U47/><E47/><V54/><F67/><W118/><G118/><T40/><D34/><U55/><E55/><V101/><F54/><W53/><G46/><T75/><D33/><U48/><E48/><V69/><F101/><W93/><G44/><T21/><D52/><U63/><E63/><V127/><F127/><W87/><G62/><T49/><D49/><U91/><AGARI ba="0,1" hai="5,7,19,20,24,41,45,50,56,60,65,82,85,91" machi="91" ten="20,12000,2" yaku="1,1,0,1,7,1,8,1,53,2" doraHai="51" doraHaiUra="3" who="1" fromWho="1" sc="233,-30,292,130,265,-60,200,-30" /><INIT seed="7,0,0,1,4,135" ten="203,422,205,170" oya="3" hai0="38,116,77,118,119,110,39,3,117,96,89,103,73" hai1="129,19,12,97,95,52,41,36,67,76,134,40,128" hai2="46,105,62,7,107,115,8,42,47,66,31,124,83" hai3="24,130,11,63,51,16,109,86,85,2,121,91,127"/><W20/><G121/><T53/><D3/><U56/><E134/><V29/><F115/><W44/><G130/><N who="1" m="50282" /><E76/><V34/><F124/><W70/><G127/><T114/><D53/><U69/><E36/><V74/><F34/><W15/><G109/><T133/><D133/><U75/><E75/><V4/><F62/><W28/><G2/><T106/><D39/><U72/><E72/><V61/><F61/><W5/><G5/><T60/><D38/><U87/><E87/><V78/><F66/><W57/><G70/><T92/><D60/><N who="1" m="35847" /><E67/><V102/><F102/><W22/><G11/><T112/><N who="0" m="29696" /><DORA hai="108" /><T55/><D55/><U14/><E69/><V43/><F74/><W35/><G35/><T58/><D58/><U131/><E131/><V23/><F78/><W80/><G85/><N who="0" m="52271" /><D110/><U99/><E95/><V17/><F8/><W26/><G63/><T120/><D120/><U71/><E14/><V37/><F37/><W98/><G98/><N who="1" m="37386" /><E71/><V6/><F6/><W101/><G101/><T50/><D50/><U104/><E104/><V122/><F122/><W54/><G57/><T48/><D48/><U1/><E1/><V126/><F126/><W65/><G65/><T123/><D123/><U49/><E49/><V94/><F94/><W33/><REACH who="3" step="1"/><G33/><REACH who="3" ten="203,422,205,160" step="2"/><T88/><D88/><U18/><E18/><V79/><F17/><W84/><G84/><T93/><D93/><U21/><AGARI ba="0,1" hai="12,19,21,40,41" m="37386,35847,50282" machi="21" ten="30,2000,0" yaku="19,1,54,1" doraHai="135,108" who="1" fromWho="1" sc="203,-5,422,30,205,-5,160,-10" owari="198,-20.0,452,55.0,200,0.0,150,-35.0" /></mjloggm>