<mjloggm ver="2.3"><GO type="169" lobby="0"/><UN n0="%61%6D%65%64%69%6F" n1="%E5%B0%B1%E6%B4%BB%E7%94%9F%40%E5%B7%9D%E6%9D%91%E8%BB%8D%E5%9B%A3" n2="%E7%99%BD%E3%81%99%E3%81%B4%E3%81%A3%E3%81%A4%EF%BC%A0%E5%8D%8A%E8%8D%98" n3="%65%72%61%6E%76%69%74%61" dan="16,17,17,16" rate="2122.21,2139.48,2154.08,2104.83" sx="M,M,M,M"/><TAIKYOKU oya="0"/><INIT seed="0,0,0,5,4,4" ten="250,250,250,250" oya="0" hai0="107,57,105,85,42,95,125,114,132,40,84,115,77" hai1="80,108,35,39,103,87,73,70,68,47,59,86,12" hai2="71,32,74,63,14,94,124,6,52,121,27,58,78" hai3="44,41,62,120,48,101,50,16,122,98,133,20,60"/><T5/><D5/><U21/><E35/><V118/><F121/><N who="3" m="46699" /><G48/><T75/><D57/><U111/><E103/><V117/><F124/><W43/><G43/><T11/><D125/><U72/><E59/><V30/><F71/><N who="1" m="27177" /><E47/><V92/><F78/><W130/><G133/><T91/><D132/><U49/><E49/><V127/><F74/><N who="1" m="28777" /><E80/><V33/><F33/><W7/><G7/><T2/><D75/><U109/><E39/><V38/><F38/><W69/><G69/><T67/><D77/><U76/><E76/><V64/><F64/><W88/><G130/><T81/><D67/><U82/><E82/><V66/><F66/><W119/><G119/><N who="2" m="45577" /><F127/><W55/><G41/><T26/><D81/><U24/><E12/><V106/><F106/><N who="3" m="63799" /><G88/><T45/><D91/><U51/><E51/><V89/><F89/><W113/><G113/><T90/><D90/><U15/><E15/><AGARI ba="0,0" hai="15,16,20,44,50,55,60,62" m="63799,46699" machi="15" ten="30,2000,0" yaku="13,1,54,1" doraHai="4" who="3" fromWho="1" sc="250,0,250,-20,250,0,250,20" /><INIT seed="1,0,0,4,3,106" ten="250,230,250,270" oya="1" hai0="75,133,127,50,86,123,57,66,74,60,84,111,23" hai1="21,34,97,45,70,32,95,5,8,3,17,14,131" hai2="1,120,115,43,79,29,128,108,12,4,132,11,31" hai3="77,119,2,126,109,18,13,16,89,118,101,19,104"/><U92/><E70/><V135/><F120/><W105/><G89/><T129/><D123/><U42/><E131/><V80/><F128/><W121/><G13/><T112/><D129/><U25/><E97/><V55/><F115/><W20/><G20/><T24/><D112/><U48/><REACH who="1" step="1"/><E34/><REACH who="1" ten="250,220,250,270" step="2"/><V134/><F108/><W78/><G109/><T30/><D111/><U110/><E110/><V125/><F125/><W114/><G126/><T90/><D127/><U56/><E56/><V69/><F69/><W7/><G121/><T39/><D133/><U28/><AGARI ba="0,1" hai="3,5,8,14,17,21,25,28,32,42,45,48,92,95" machi="28" ten="30,11700,0" yaku="1,1,0,1,24,2,53,0" doraHai="106" doraHaiUra="100" who="1" fromWho="1" sc="250,-39,220,127,250,-39,270,-39" /><INIT seed="1,1,0,5,2,64" ten="211,347,211,231" oya="1" hai0="32,55,48,51,87,34,113,106,104,3,63,129,19" hai1="65,105,101,97,40,27,111,109,47,31,128,37,74" hai2="108,16,61,44,33,80,14,84,23,100,29,9,67" hai3="66,93,123,116,17,38,78,94,21,54,73,59,126"/><U107/><E74/><V39/><F108/><N who="1" m="41545" /><E128/><V91/><F100/><W52/><G38/><T110/><D129/><U62/><E97/><V42/><F33/><W25/><G123/><T133/><D110/><U89/><E89/><V7/><F29/><W35/><G116/><T83/><D113/><U76/><E76/><V98/><F98/><W68/><G73/><T18/><D3/><U58/><E101/><V41/><F44/><W79/><G54/><T121/><D121/><U72/><E72/><V86/><F86/><W82/><G35/><AGARI ba="1,0" hai="27,31,35,37,40,47,58,62,65,105,107" m="41545" machi="35" ten="30,2900,0" yaku="14,1,10,1" doraHai="64" who="1" fromWho="3" sc="211,0,347,32,211,0,231,-32" /><INIT seed="1,2,0,5,3,20" ten="211,379,211,199" oya="1" hai0="8,17,131,104,14,25,3,105,70,101,29,64,41" hai1="22,1,120,18,69,39,56,100,6,122,52,49,12" hai2="89,93,111,124,94,11,54,71,107,117,86,98,66" hai3="9,114,55,50,62,44,80,113,123,10,38,134,85"/><U78/><E69/><V96/><F117/><W119/><G119/><T110/><D131/><U84/><E39/><V2/><F111/><W63/><G123/><T58/><D110/><U127/><E127/><V95/><F124/><W116/><G116/><T21/><D41/><U57/><E57/><V129/><F129/><W45/><G85/><T99/><D70/><U67/><E67/><V76/><F107/><W40/><G80/><T90/><D90/><U7/><E100/><V128/><F128/><W132/><G10/><T51/><D3/><U30/><E30/><V4/><F54/><W81/><G9/><T16/><D51/><U133/><E133/><N who="3" m="51306" /><G81/><T125/><D125/><U74/><E74/><V53/><F53/><W61/><AGARI ba="2,0" hai="38,40,44,45,50,55,61,62,63,113,114" m="51306" machi="61" ten="30,4000,0" yaku="20,1,34,2" doraHai="20" who="3" fromWho="3" sc="211,-12,379,-22,211,-12,199,46" /><INIT seed="2,0,0,4,4,134" ten="199,357,199,245" oya="2" hai0="32,109,78,25,115,73,85,24,133,86,126,135,1" hai1="82,92,70,95,83,111,74,4,58,71,30,89,34" hai2="87,120,77,103,62,47,114,40,93,116,100,5,119" hai3="45,67,97,132,57,88,90,38,55,53,79,19,0"/><V14/><F114/><W68/><G0/><T98/><D1/><U76/><E111/><V125/><F120/><W29/><G132/><N who="0" m="50763" /><D109/><U6/><E34/><V46/><F62/><W105/><G29/><T22/><D115/><U113/><E30/><V33/><F33/><W10/><G79/><T94/><D32/><U118/><E113/><V130/><F130/><W108/><G108/><T21/><D73/><U51/><E118/><V7/><F40/><W26/><G105/><T2/><D2/><U80/><E71/><V96/><F77/><W106/><G106/><T66/><D66/><U117/><E70/><V101/><F87/><N who="0" m="33290" /><D78/><U13/><E117/><V127/><F116/><W28/><G67/><T35/><D35/><U41/><E76/><V43/><F119/><W124/><G68/><T81/><D81/><U8/><E74/><V52/><F52/><W63/><G55/><T99/><D94/><U15/><E92/><V12/><F43/><W17/><G53/><T49/><D49/><U123/><E123/><V39/><F39/><W128/><G38/><T11/><D11/><N who="1" m="4327" /><E41/><V72/><F72/><W110/><G110/><T69/><D69/><U65/><E51/><V129/><F129/><W102/><G128/><T75/><D75/><U131/><E131/><V31/><F31/><W84/><G28/><N who="0" m="17423" /><D98/><N who="1" m="57711" /><E58/><V59/><F59/><W36/><G57/><T64/><D99/><U48/><E48/><V54/><F93/><W9/><G97/><T18/><D64/><AGARI ba="0,0" hai="6,8,15,64,65,80,82,83" m="57711,4327" machi="64" ten="30,1000,0" yaku="8,1" doraHai="134" who="1" fromWho="0" sc="199,-10,357,10,199,0,245,0" /><INIT seed="3,0,0,4,0,10" ten="189,367,199,245" oya="3" hai0="47,50,80,45,1,69,5,30,121,134,85,18,43" hai1="109,23,84,4,9,56,93,12,35,77,131,58,0" hai2="83,125,82,29,52,95,130,14,126,128,132,41,76" hai3="111,73,7,124,106,117,92,54,2,32,62,104,16"/><W49/><G73/><T8/><D134/><U63/><E35/><V17/><F29/><W13/><G32/><T90/><D121/><U15/><E109/><V59/><F41/><W96/><G117/><T70/><D30/><U105/><E105/><V108/><F108/><W116/><G116/><T118/><D118/><U101/><E131/><N who="2" m="50219" /><F95/><W119/><G111/><T44/><D18/><N who="1" m="10695" /><E0/><V48/><F132/><W61/><G106/><T68/><AGARI ba="0,0" hai="1,5,8,43,44,45,47,50,68,69,70,80,85,90" machi="68" ten="30,1100,0" yaku="0,1" doraHai="10" who="0" fromWho="0" sc="189,11,367,-3,199,-3,245,-5" /><INIT seed="4,0,0,2,1,101" ten="200,364,196,240" oya="0" hai0="30,68,90,99,124,115,21,66,86,73,59,27,83" hai1="103,18,20,126,67,107,45,75,106,55,2,72,7" hai2="46,96,57,122,79,47,119,95,77,26,16,56,60" hai3="38,48,9,65,104,123,82,114,53,113,131,50,129"/><T14/><D124/><U40/><E67/><V80/><F122/><W120/><G9/><T37/><D37/><U35/><E35/><V8/><F119/><W11/><G11/><T112/><D68/><U32/><E32/><V128/><F128/><N who="3" m="49227" /><G82/><T69/><D69/><U62/><E7/><V78/><F80/><W87/><G87/><T108/><D108/><U102/><E2/><V127/><F127/><W23/><G23/><T25/><D73/><U44/><E126/><V36/><F36/><W29/><G29/><T85/><D85/><U133/><E133/><V81/><F81/><W13/><G13/><T70/><D70/><U121/><E121/><N who="3" m="46666" /><G104/><T24/><D14/><U10/><E10/><V64/><F57/><N who="3" m="32935" /><G38/><T132/><D99/><U134/><E134/><V110/><F110/><W61/><G50/><T76/><D132/><U111/><E111/><V31/><F8/><W34/><G34/><T3/><D3/><U49/><E75/><V58/><F31/><W117/><G117/><T118/><D118/><U98/><E72/><V91/><F26/><W17/><G17/><T41/><D76/><U42/><E103/><V22/><F22/><W52/><G52/><T12/><D12/><U94/><E55/><N who="2" m="33887" /><F16/><W5/><G5/><T1/><D1/><U6/><E6/><V19/><F19/><W4/><G4/><T0/><D0/><U93/><E18/><V51/><F51/><W130/><N who="3" m="49235" /><W116/><DORA hai="54" /><G116/><T39/><D25/><U89/><E49/><V74/><F74/><W100/><G100/><T97/><D27/><U88/><E102/><RYUUKYOKU ba="0,0" sc="200,-15,364,-15,196,15,240,15" hai2="46,47,56,64,77,78,79,91,95,96" hai3="61,65,113,114" /><INIT seed="5,1,0,5,5,8" ten="185,349,211,255" oya="1" hai0="81,110,113,7,58,0,17,127,83,50,134,42,61" hai1="84,130,124,64,15,48,67,87,57,108,60,128,115" hai2="30,27,26,28,12,59,4,93,91,78,123,135,129" hai3="11,77,55,105,85,121,104,1,25,14,94,24,29"/><U10/><E115/><V36/><F123/><W47/><G1/><T13/><D110/><U34/><E34/><V98/><F36/><W32/><G25/><N who="2" m="9225" /><F135/><W21/><G32/><T90/><D134/><U16/><E108/><V22/><F129/><W71/><G71/><T75/><D127/><U102/><E124/><V37/><F37/><W82/><G121/><T35/><D35/><U5/><E102/><V132/><F132/><W62/><G94/><T111/><D111/><U53/><E5/><V122/><F122/><W76/><G77/><T112/><D75/><U80/><E67/><V9/><F78/><W18/><REACH who="3" step="1"/><G47/><REACH who="3" ten="185,349,211,245" step="2"/><N who="0" m="25975" /><D0/><U99/><E99/><V3/><F3/><W46/><G46/><T69/><D113/><U79/><REACH who="1" step="1"/><E84/><REACH who="1" ten="185,339,211,245" step="2"/><V107/><F98/><W74/><G74/><T38/><D112/><U103/><E103/><V6/><F6/><W92/><G92/><T52/><D7/><U131/><E131/><V19/><F93/><W41/><G41/><T68/><D81/><U86/><E86/><V31/><F4/><W20/><G20/><T65/><D83/><U133/><E133/><V117/><F22/><W126/><G126/><T70/><D65/><U120/><E120/><V54/><F117/><W40/><G40/><T73/><D73/><U66/><E66/><V33/><F33/><W95/><G95/><T118/><D70/><AGARI ba="1,2" hai="10,15,16,48,53,57,60,64,70,79,80,87,128,130" machi="70" ten="40,7700,0" yaku="1,1,52,1,54,1,53,0" doraHai="8" doraHaiUra="97" who="1" fromWho="0" sc="185,-80,339,100,211,0,245,0" /><INIT seed="5,2,0,0,3,22" ten="105,439,211,245" oya="1" hai0="37,91,117,109,27,66,130,61,70,95,11,39,80" hai1="84,105,89,21,113,62,132,87,0,7,32,20,45" hai2="5,26,116,128,40,107,30,98,74,25,54,76,125" hai3="31,86,47,6,17,42,72,96,131,81,36,134,44"/><U53/><E32/><V67/><F116/><W88/><G131/><T73/><D117/><U35/><E35/><V8/><F128/><W83/><G134/><T114/><D130/><U118/><E105/><V51/><F125/><W119/><G119/><T126/><D114/><U46/><E113/><V112/><F112/><W3/><G47/><T71/><D109/><U110/><E110/><V57/><F74/><W1/><G1/><T92/><D126/><U100/><E100/><V129/><F129/><W59/><G59/><T64/><D11/><U104/><E104/><V48/><F76/><W90/><G17/><T69/><D92/><U82/><E7/><V122/><F122/><W19/><G19/><T97/><D66/><U77/><E0/><V12/><F30/><W99/><G31/><T24/><D39/><U124/><E124/><V68/><F68/><W135/><G135/><T60/><D37/><U133/><E118/><V38/><F38/><W58/><G58/><T79/><REACH who="0" step="1"/><D61/><REACH who="0" ten="95,439,211,245" step="2"/><U123/><E62/><N who="2" m="36151" /><F67/><W65/><G65/><T49/><D49/><U115/><E115/><V10/><F10/><W16/><G36/><T75/><D75/><U120/><E132/><V121/><F48/><W127/><G72/><T78/><D78/><U56/><E133/><V15/><F51/><N who="3" m="27031" /><G127/><T13/><D13/><U85/><E120/><V111/><F121/><W14/><G3/><T108/><D108/><U50/><E123/><V52/><F111/><W28/><G14/><T41/><D41/><U33/><E77/><V9/><F40/><W34/><G83/><T55/><D55/><RYUUKYOKU ba="2,1" sc="95,30,439,-10,211,-10,245,-10" hai0="24,27,60,64,69,70,71,73,79,80,91,95,97" /><INIT seed="6,3,1,1,0,7" ten="125,429,201,235" oya="2" hai0="31,113,3,78,63,75,16,126,112,69,21,28,94" hai1="127,83,133,56,33,8,103,20,85,12,57,73,131" hai2="25,108,84,41,24,45,106,121,30,77,14,36,19" hai3="42,44,96,66,79,35,120,110,58,4,128,132,17"/><V104/><F121/><W27/><G96/><T90/><D78/><U97/><E33/><V29/><F108/><W107/><G79/><T122/><D75/><U54/><E73/><V89/><F77/><W62/><G107/><T46/><D122/><U99/><E131/><V117/><F25/><W135/><G110/><T71/><D46/><U61/><E127/><V11/><F117/><W23/><G128/><T88/><D3/><U1/><E1/><V92/><REACH who="2" step="1"/><F30/><REACH who="2" ten="125,429,191,235" step="2"/><N who="0" m="11306" /><D126/><U87/><E133/><V101/><F101/><W43/><G120/><T105/><D105/><U2/><E103/><V93/><F93/><W118/><G135/><T119/><D119/><U95/><E95/><V50/><F50/><W81/><G132/><T123/><D123/><U114/><E114/><N who="0" m="44137" /><D63/><U109/><E61/><V9/><F9/><W116/><G62/><T111/><D111/><U115/><E8/><V91/><F91/><N who="0" m="34858" /><D94/><U52/><E109/><V38/><F38/><W32/><G118/><T18/><D18/><U70/><E115/><V34/><AGARI ba="3,2" hai="11,14,19,24,29,34,36,41,45,84,89,92,104,106" machi="34" ten="20,12000,1" yaku="1,1,0,1,7,1,52,1,53,1" doraHai="7" doraHaiUra="39" who="2" fromWho="2" sc="125,-43,429,-43,191,149,235,-43" /><INIT seed="6,4,0,1,0,69" ten="82,386,340,192" oya="2" hai0="50,20,3,48,128,119,58,102,63,41,112,88,110" hai1="51,94,95,87,106,27,130,24,49,78,131,16,84" hai2="98,56,22,43,10,17,26,80,118,82,115,67,4" hai3="68,44,15,25,33,6,114,34,111,52,89,2,8"/><V12/><F118/><W37/><G68/><T64/><D119/><U96/><E106/><V124/><F124/><W122/><G111/><T91/><D110/><U83/><E87/><V61/><F115/><W100/><G122/><T71/><D112/><U120/><E120/><V36/><REACH who="2" step="1"/><F98/><REACH who="2" ten="82,386,330,192" step="2"/><W129/><G114/><T45/><D128/><N who="1" m="49195" /><E95/><V46/><AGARI ba="4,1" hai="4,10,12,17,22,26,36,43,46,56,61,67,80,82" machi="46" ten="30,6000,0" yaku="1,1,0,1,52,1,53,0" doraHai="69" doraHaiUra="29" who="2" fromWho="2" sc="82,-24,386,-24,330,82,192,-24" /><INIT seed="6,5,0,2,3,114" ten="58,362,412,168" oya="2" hai0="96,100,106,43,66,77,38,23,40,53,67,98,104" hai1="118,15,99,57,58,1,35,83,80,45,0,37,42" hai2="19,86,56,132,102,120,26,13,10,81,87,71,59" hai3="85,39,2,49,134,123,112,55,135,119,31,63,105"/><V22/><F120/><W97/><G39/><T94/><D77/><U4/><E35/><V64/><F132/><W54/><G2/><T131/><D131/><U121/><E118/><V75/><F102/><W84/><G31/><T110/><D110/><U82/><E121/><V48/><F75/><W50/><G63/><T103/><D94/><U51/><E99/><V116/><F116/><W79/><G79/><T127/><D127/><U107/><E107/><V117/><F117/><W72/><G72/><T47/><D23/><U90/><E90/><V108/><F108/><W128/><G119/><T16/><D53/><U95/><E95/><V129/><F129/><W34/><G34/><T113/><D113/><U36/><E36/><V17/><F48/><W124/><G123/><T65/><D43/><U89/><E89/><V3/><F3/><W73/><G73/><T130/><D130/><U30/><E30/><V70/><F86/><W74/><G74/><T122/><D122/><U62/><E37/><V27/><F27/><W44/><G128/><T133/><D133/><U92/><E92/><V28/><F28/><W60/><G112/><T101/><REACH who="0" step="1"/><D16/><REACH who="0" ten="48,362,412,168" step="2"/><U111/><E111/><V109/><F17/><W69/><G124/><T9/><D9/><N who="1" m="4519" /><E1/><V46/><F109/><W32/><G134/><T8/><D8/><U68/><E0/><V115/><F10/><W29/><G135/><T52/><D52/><U88/><E88/><V93/><F115/><W78/><G54/><T21/><D21/><U12/><E12/><V11/><F13/><W14/><G55/><T5/><D5/><RYUUKYOKU ba="5,1" sc="48,15,362,15,412,-15,168,-15" hai0="38,40,47,65,66,67,96,98,100,101,103,104,106" hai1="42,45,51,57,58,62,68,80,82,83" /><INIT seed="7,6,1,3,0,4" ten="63,377,397,153" oya="3" hai0="29,1,71,36,32,58,74,10,82,119,95,86,125" hai1="8,51,126,53,63,11,0,59,84,55,60,21,48" hai2="50,134,107,12,89,110,103,27,7,123,16,70,40" hai3="6,99,112,15,5,13,24,37,133,62,38,122,22"/><W17/><G122/><T45/><D119/><U124/><E21/><V130/><F110/><W80/><G112/><T65/><D125/><N who="1" m="48235" /><E84/><V33/><F123/><W131/><G133/><T66/><D71/><U118/><E118/><V23/><F134/><W135/><G131/><T104/><D104/><U28/><E28/><V116/><F116/><W54/><G135/><T79/><D29/><U76/><E76/><V25/><F130/><W52/><G38/><T113/><D32/><U78/><E78/><V109/><F109/><W105/><G37/><T14/><D113/><U91/><E91/><V9/><F70/><W100/><G80/><T41/><D58/><N who="1" m="33063" /><E0/><N who="2" m="231" /><F27/><W132/><G132/><T44/><D44/><N who="1" m="28135" /><E63/><V35/><F35/><W42/><G62/><T128/><D128/><U57/><E59/><V47/><F89/><W93/><G105/><T18/><D95/><U85/><E85/><V34/><F34/><W72/><G72/><T43/><D86/><U101/><E101/><V115/><F115/><W3/><G3/><T68/><D68/><U46/><E46/><V102/><F107/><W77/><G77/><T94/><D43/><U30/><E30/><AGARI ba="6,1" hai="12,16,23,25,30,33,40,47,50,102,103" m="231" machi="30" ten="30,3900,0" yaku="24,1,52,1,54,1" doraHai="4" who="2" fromWho="1" sc="63,0,377,-57,397,67,153,0" owari="63,-44.0,320,12.0,464,57.0,153,-25.0" /></mjloggm>