<mjloggm ver="2.3"><GO type="41" lobby="0"/><UN n0="%E5%B0%B1%E6%B4%BB%E7%94%9F%40%E5%B7%9D%E6%9D%91%E8%BB%8D%E5%9B%A3" n1="%E3%82%AF%E3%83%BC%E3%83%98%E3%83%B3" n2="%4B%61%74%74%6F%28%E6%94%B9%29" n3="%70%65%63%68%61%6F" dan="17,13,13,14" rate="2200.82,1890.78,1904.70,1905.72" sx="M,M,M,M"/><TAIKYOKU oya="0"/><INIT seed="0,0,0,4,1,42" ten="250,250,250,250" oya="0" hai0="71,19,60,41,49,26,116,131,29,134,82,127,61" hai1="72,2,7,46,67,30,66,39,115,8,90,102,37" hai2="97,123,1,126,35,121,3,122,11,14,84,77,50" hai3="120,100,18,79,5,43,16,128,0,54,44,23,92"/><T130/><D116/><U24/><E72/><V113/><F35/><W112/><G112/><T104/><D104/><U124/><E115/><V109/><F113/><W93/><G120/><T88/><D127/><U80/><E124/><V17/><F126/><W36/><G100/><T83/><D134/><U85/><E102/><V103/><F109/><W114/><G114/><T106/><D106/><U47/><E39/><V81/><REACH who="2" step="1"/><F50/><REACH who="2" ten="250,250,240,250" step="2"/><W118/><G118/><T95/><D130/><U53/><E37/><V94/><AGARI ba="0,1" hai="1,3,11,14,17,77,81,84,94,97,103,121,122,123" machi="94" ten="30,4000,0" yaku="1,1,2,1,0,1,53,0" doraHai="42" doraHaiUra="25" who="2" fromWho="2" sc="250,-20,250,-10,240,50,250,-10" /><INIT seed="1,0,0,0,2,103" ten="230,240,290,240" oya="1" hai0="70,12,65,76,105,52,39,72,1,21,93,79,108" hai1="125,48,115,109,114,104,35,75,32,101,85,42,88" hai2="135,92,10,99,51,82,81,45,18,31,34,11,111" hai3="58,69,33,68,44,71,87,134,46,15,5,50,13"/><U16/><E75/><V0/><F111/><W107/><G33/><T47/><D1/><U67/><E67/><V37/><F135/><W62/><G5/><T66/><D108/><U41/><E41/><V8/><F37/><W38/><G87/><T77/><D105/><U3/><E109/><V14/><F34/><W122/><G107/><T40/><D72/><U119/><E119/><V96/><F31/><W118/><G15/><T110/><D110/><U30/><E3/><V121/><F121/><W73/><G73/><T123/><D123/><U28/><E35/><V36/><F36/><W7/><G13/><T113/><D113/><U6/><E6/><V95/><F0/><W56/><G7/><T130/><D130/><U91/><E91/><N who="2" m="55327" /><F81/><W25/><G25/><T80/><D80/><U112/><E32/><V86/><F86/><W57/><G122/><T98/><D70/><U133/><E133/><V19/><F82/><W60/><G118/><T100/><D52/><U43/><E42/><N who="2" m="25015" /><F14/><W94/><G94/><T102/><D102/><AGARI ba="0,0" hai="8,10,11,18,19,95,99,102" m="25015,55327" machi="102" ten="30,1000,0" yaku="8,1" doraHai="103" who="2" fromWho="0" sc="230,-10,240,0,290,10,240,0" /><INIT seed="2,0,0,0,3,56" ten="220,240,300,240" oya="2" hai0="81,62,108,14,105,101,4,33,125,71,82,39,66" hai1="112,77,58,83,121,127,106,11,87,20,104,16,117" hai2="103,129,80,1,128,100,72,45,134,18,3,36,31" hai3="41,22,85,61,0,2,32,60,74,68,35,131,24"/><V29/><F134/><W96/><G74/><T54/><D39/><U6/><E112/><V102/><F36/><W76/><G68/><T93/><D125/><U91/><E127/><V48/><F80/><W52/><G41/><T98/><D108/><U84/><E117/><V46/><F72/><W109/><G32/><T94/><D33/><U8/><E121/><V26/><F18/><W49/><G35/><T124/><D124/><U17/><E106/><V133/><F133/><W135/><G135/><T47/><D94/><U55/><E104/><V122/><F122/><W7/><G109/><T95/><D95/><U130/><E130/><N who="2" m="50283" /><F48/><W42/><G42/><T25/><D25/><U44/><E44/><N who="2" m="17003" /><F26/><W40/><G40/><T89/><D47/><U118/><E6/><V110/><F110/><W115/><G131/><T116/><D116/><U65/><E17/><V67/><F67/><W27/><G96/><T30/><D30/><AGARI ba="0,0" hai="1,3,29,30,31,100,102,103" m="17003,50283" machi="30" ten="40,7700,0" yaku="28,2,19,1" doraHai="56" who="2" fromWho="0" sc="220,-77,240,0,300,77,240,0" /><INIT seed="2,1,0,0,3,80" ten="143,240,377,240" oya="2" hai0="87,30,118,69,133,63,7,68,113,41,94,126,42" hai1="14,110,103,18,88,29,26,62,5,99,131,2,98" hai2="67,51,40,12,85,35,108,122,6,119,32,125,55" hai3="15,58,64,27,54,3,0,4,114,116,90,9,50"/><V49/><F122/><W75/><G75/><T34/><D113/><U93/><E110/><V115/><F119/><W134/><G116/><T37/><D118/><U117/><E117/><V52/><F108/><W22/><G114/><T11/><D126/><U17/><E131/><V59/><F125/><W25/><G64/><T1/><D133/><U38/><E38/><V33/><F40/><W77/><G77/><T36/><D36/><U96/><E18/><V72/><F72/><W102/><G102/><T61/><D61/><U107/><E62/><V28/><F67/><W135/><G134/><T82/><D94/><U13/><E2/><V105/><F105/><W79/><G79/><T104/><D104/><U86/><E5/><V56/><F115/><W100/><G100/><T130/><D130/><U121/><E121/><V83/><F6/><W70/><G70/><T78/><D63/><U124/><E124/><V81/><F81/><W57/><G57/><T21/><D34/><U91/><E91/><V60/><F12/><W10/><G10/><T127/><D127/><U71/><E71/><V66/><F28/><W95/><G135/><T129/><D129/><U101/><E103/><V76/><F32/><W19/><REACH who="3" step="1"/><G0/><REACH who="3" ten="143,240,377,230" step="2"/><T120/><D120/><U43/><E101/><V31/><F31/><W112/><G112/><T132/><D132/><U128/><E128/><V65/><F65/><W97/><AGARI ba="1,1" hai="3,4,9,15,19,22,25,27,50,54,58,90,95,97" machi="97" ten="20,8000,1" yaku="1,1,0,1,7,1,53,2" doraHai="80" doraHaiUra="20" who="3" fromWho="3" sc="143,-21,240,-21,377,-41,230,93" /><INIT seed="3,0,0,3,4,131" ten="122,219,336,323" oya="3" hai0="21,29,22,62,25,81,10,0,73,94,11,95,76" hai1="4,70,48,91,7,3,41,52,109,6,134,77,14" hai2="19,64,101,114,5,83,117,106,18,16,125,103,87" hai3="130,67,32,59,20,53,12,93,31,112,36,49,15"/><W99/><G36/><T110/><D110/><U1/><E70/><V38/><F125/><W128/><G112/><T92/><D0/><U69/><E69/><V34/><F34/><W118/><G118/><T120/><D120/><U127/><E41/><V44/><F106/><W26/><G67/><T55/><D62/><U115/><E115/><V39/><F64/><W50/><G50/><T113/><D113/><U85/><E109/><V45/><F5/><W123/><G123/><T68/><D68/><U108/><E108/><V80/><F19/><W17/><REACH who="3" step="1"/><G12/><REACH who="3" ten="122,219,336,313" step="2"/><T86/><D55/><U107/><E14/><V111/><F111/><W105/><G105/><T42/><D42/><U90/><E107/><V57/><F114/><W60/><G60/><T75/><D75/><U135/><E1/><V78/><F117/><W100/><AGARI ba="0,1" hai="15,17,20,26,31,32,49,53,59,93,99,100,128,130" machi="100" ten="30,3000,0" yaku="1,1,0,1,53,0" doraHai="131" doraHaiUra="74" who="3" fromWho="3" sc="122,-10,219,-10,336,-10,313,40" /><INIT seed="3,1,0,3,4,63" ten="112,209,326,353" oya="3" hai0="79,112,102,7,87,9,116,119,121,55,4,104,105" hai1="13,67,69,15,20,118,0,132,17,80,68,124,77" hai2="88,92,101,133,74,22,106,11,111,113,98,1,45" hai3="57,108,126,14,100,26,24,95,32,36,23,56,25"/><W93/><G36/><T3/><D121/><U90/><E0/><V19/><F111/><W122/><G122/><T83/><D112/><U60/><E118/><V84/><F133/><W96/><G32/><T115/><D115/><U66/><E132/><V130/><F130/><W135/><G135/><T103/><D4/><U114/><E114/><V54/><F1/><W73/><G73/><T120/><D120/><U18/><E90/><V40/><F11/><W39/><G39/><T85/><D85/><U46/><E46/><V82/><F54/><W52/><G57/><T53/><D103/><U42/><E42/><V81/><F74/><W12/><G108/><T91/><D79/><U107/><E107/><V64/><F64/><W123/><G23/><T76/><D76/><U37/><E37/><V61/><F61/><W49/><G126/><T38/><D38/><U47/><E47/><V28/><F28/><W94/><REACH who="3" step="1"/><G123/><REACH who="3" ten="112,209,326,343" step="2"/><T33/><D33/><U109/><E109/><V71/><F113/><W27/><N who="3" m="6656" /><DORA hai="8" /><W5/><G5/><T10/><D116/><U59/><E124/><V44/><F44/><W51/><G51/><T31/><D119/><U62/><E59/><V131/><F45/><W134/><G134/><T6/><D31/><U48/><E48/><V97/><F22/><W86/><G86/><T41/><D41/><U2/><E2/><V65/><F40/><W125/><G125/><T72/><D72/><U78/><E80/><V16/><F82/><W30/><G30/><T99/><D105/><AGARI ba="1,1" hai="12,14,49,52,56,93,94,95,96,100,105" m="6656" machi="105" ten="50,24000,3" yaku="1,1,52,2,54,1,53,4" doraHai="63,8" doraHaiUra="21,35" who="3" fromWho="0" sc="112,-243,209,0,326,0,343,253" owari="-131,-63.0,209,-19.0,326,13.0,596,69.0" /></mjloggm>