<mjloggm ver="2.3"><GO type="169" lobby="0"/><UN n0="%E3%83%8A%E3%82%AB%E3%83%9E%E3%82%B9%E3%83%86%E3%82%A3%E3%83%95" n1="%E3%83%A4%E3%82%AD%E3%83%B3" n2="%E3%82%A6%E3%83%AB%E3%83%88%E3%83%A9%E7%AB%8B%E7%9B%B4" n3="%E6%A1%83%E3%82%84%E3%82%93" dan="16,16,17,16" rate="2114.22,2141.68,2223.01,2115.25" sx="M,M,M,M"/><TAIKYOKU oya="0"/><INIT seed="0,0,0,3,3,124" ten="250,250,250,250" oya="0" hai0="87,27,44,49,77,28,7,71,100,3,69,15,92" hai1="46,118,106,10,64,33,80,98,35,97,5,0,60" hai2="62,9,4,41,78,125,23,1,132,91,105,38,127" hai3="20,34,67,55,135,134,48,18,66,76,32,117,86"/><T2/><D2/><U114/><E118/><V25/><F105/><W45/><G117/><T108/><D108/><U53/><E114/><V88/><F78/><W6/><G6/><T24/><D3/><U37/><E80/><V31/><F132/><N who="3" m="50731" /><G76/><T72/><D72/><U40/><E53/><V56/><F41/><W59/><G86/><T130/><D130/><U104/><E98/><V94/><F38/><W16/><G18/><T115/><D115/><U109/><E109/><V107/><F107/><N who="1" m="41001" /><E97/><V119/><F119/><W121/><G121/><T102/><D24/><U19/><E19/><V29/><F29/><W52/><G55/><T43/><D71/><AGARI ba="0,0" hai="0,5,10,33,35,37,40,46,60,64,71" m="41001" machi="71" ten="30,2000,0" yaku="33,2" doraHai="124" who="1" fromWho="0" sc="250,-20,250,20,250,0,250,0" /><INIT seed="1,0,0,5,1,123" ten="230,270,250,250" oya="1" hai0="57,95,75,17,40,10,80,124,129,47,71,113,81" hai1="23,48,131,88,61,24,52,60,84,51,34,19,107" hai2="78,3,62,20,119,103,35,79,134,132,77,14,101" hai3="89,100,42,30,94,12,125,28,37,90,112,65,74"/><U63/><E107/><V121/><F35/><W130/><G74/><T39/><D71/><U105/><E105/><V54/><F3/><W15/><G112/><T59/><D113/><U98/><E131/><V31/><F119/><W118/><G130/><T117/><D117/><U128/><E128/><V18/><F31/><W36/><G118/><T76/><D129/><U9/><E34/><V86/><F121/><W7/><G65/><T1/><D124/><U46/><E51/><V32/><F32/><W21/><G100/><T133/><D133/><N who="2" m="51306" /><F86/><W5/><G94/><T135/><D135/><U45/><E98/><V16/><F18/><W4/><G42/><T50/><D50/><U25/><E9/><V8/><F20/><W120/><G21/><T22/><D95/><N who="1" m="54663" /><E46/><V111/><F103/><W93/><G93/><T13/><D81/><U56/><E45/><V43/><F101/><W85/><G85/><T126/><REACH who="0" step="1"/><D126/><REACH who="0" ten="220,270,250,250" step="2"/><U66/><E66/><V102/><F102/><W67/><G125/><T58/><D58/><U127/><E127/><V70/><F70/><W96/><G120/><T53/><D53/><U72/><E72/><V115/><F115/><W104/><G37/><T97/><D97/><U26/><AGARI ba="0,1" hai="19,23,24,25,26,48,52,56,60,61,63" m="54663" machi="26" ten="30,6000,0" yaku="8,1,54,2" doraHai="123" who="1" fromWho="1" sc="220,-20,270,70,250,-20,250,-20" /><INIT seed="1,1,0,0,4,18" ten="200,340,230,230" oya="1" hai0="51,108,71,26,61,129,45,1,30,121,81,120,74" hai1="69,33,126,49,41,125,14,46,94,97,113,5,101" hai2="67,20,114,96,25,66,75,84,104,58,23,95,110" hai3="32,50,80,68,35,64,56,39,116,107,87,24,111"/><U60/><E113/><V12/><F75/><W19/><G107/><T105/><D108/><U134/><E33/><V79/><F104/><W2/><G2/><T77/><D129/><U55/><E134/><V130/><F130/><W43/><G111/><T53/><D105/><U4/><E55/><V91/><F110/><W63/><G116/><T22/><D1/><U73/><E73/><V92/><F114/><W106/><G106/><T29/><REACH who="0" step="1"/><D30/><REACH who="0" ten="190,340,230,230" step="2"/><U123/><E123/><V99/><F99/><W76/><G19/><T115/><D115/><U122/><E122/><V128/><F128/><W31/><G31/><T83/><D83/><U7/><E126/><V109/><F109/><W85/><G80/><T72/><D72/><U57/><E125/><V6/><F96/><W89/><G35/><T54/><D54/><N who="1" m="33847" /><E69/><V47/><F6/><W38/><G32/><T119/><D119/><U90/><E7/><V11/><F67/><AGARI ba="1,1" hai="22,26,29,45,51,53,61,67,71,74,77,81,120,121" machi="67" ten="40,5200,0" yaku="1,1,52,1,53,1" doraHai="18" doraHaiUra="27" who="0" fromWho="2" sc="190,65,340,0,230,-55,230,0" /><INIT seed="2,0,0,2,2,74" ten="255,340,175,230" oya="2" hai0="19,32,48,135,86,105,22,64,93,121,13,42,116" hai1="40,69,131,107,97,8,62,5,56,76,67,39,14" hai2="84,50,7,96,82,59,103,71,58,6,117,89,115" hai3="54,21,79,52,4,47,109,81,63,87,44,119,122"/><V35/><F71/><W16/><G119/><T72/><D121/><U110/><E110/><V112/><F117/><W15/><G122/><T17/><D116/><U125/><E125/><V100/><F35/><W114/><G109/><T31/><D105/><U118/><E118/><V98/><F115/><W108/><G108/><T34/><D72/><U101/><E131/><V36/><F36/><W123/><G123/><T12/><D64/><U57/><E40/><V102/><F112/><W0/><G114/><T111/><D111/><U94/><E39/><V26/><F26/><W60/><G4/><N who="2" m="1577" /><F50/><N who="3" m="28743" /><G0/><T134/><D31/><U129/><E129/><V90/><F90/><W61/><G47/><N who="0" m="25719" /><D86/><U132/><E107/><V104/><F104/><W30/><G30/><T128/><D93/><U133/><E69/><V75/><F75/><W106/><G106/><T126/><D126/><U24/><E24/><V65/><F65/><W11/><G11/><N who="0" m="6303" /><D128/><U9/><E9/><V45/><F45/><W99/><G99/><AGARI ba="0,0" hai="58,59,82,84,89,96,98,99,100,102,103" m="1577" machi="99" ten="30,1500,0" yaku="8,1" doraHai="74" who="2" fromWho="3" sc="255,0,340,0,175,15,230,-15" /><INIT seed="2,1,0,3,2,23" ten="255,340,190,215" oya="2" hai0="54,66,110,14,69,39,111,85,65,28,76,55,68" hai1="96,126,6,116,105,13,22,9,107,78,121,70,24" hai2="102,8,103,31,104,80,2,101,19,12,47,91,37" hai3="71,122,20,94,3,129,25,100,73,53,123,135,16"/><V92/><F104/><W32/><G73/><T99/><D99/><U11/><E116/><V30/><F2/><W89/><G71/><N who="0" m="27211" /><D85/><U131/><E70/><V133/><F133/><W115/><G135/><T49/><D76/><U51/><E126/><V61/><F61/><W46/><G3/><T45/><D14/><U59/><E131/><V38/><F80/><W43/><G129/><T132/><D28/><U17/><E121/><V41/><REACH who="2" step="1"/><F38/><REACH who="2" ten="255,340,180,215" step="2"/><W58/><G123/><T48/><D132/><U62/><E105/><V0/><F0/><W134/><G134/><T88/><D39/><U113/><E62/><V10/><F10/><W1/><G1/><T21/><D66/><U95/><E107/><V7/><F7/><W42/><G122/><T36/><D65/><U128/><E128/><V29/><F29/><W81/><G81/><T77/><D36/><U119/><E11/><V130/><F130/><W125/><G125/><T75/><D49/><U112/><E119/><V97/><AGARI ba="1,1" hai="8,12,19,30,31,37,41,47,91,92,97,101,102,103" machi="97" ten="30,6000,0" yaku="1,1,0,1,53,1" doraHai="23" doraHaiUra="84" who="2" fromWho="2" sc="255,-21,340,-21,180,73,215,-21" /><INIT seed="2,2,0,4,5,97" ten="234,319,253,194" oya="2" hai0="132,64,85,104,15,102,74,81,126,58,131,30,107" hai1="61,20,51,135,50,29,2,45,48,12,77,28,44" hai2="36,114,24,71,34,62,112,94,78,10,9,4,14" hai3="0,88,65,89,63,25,56,108,55,101,105,39,73"/><V119/><F36/><W23/><G108/><T113/><D113/><U72/><E2/><N who="2" m="151" /><F94/><W52/><G73/><T109/><D109/><U79/><E72/><V110/><F62/><W46/><G0/><T91/><D131/><U33/><E61/><V75/><F71/><W124/><G124/><T35/><D126/><U5/><E135/><V128/><F78/><N who="1" m="29705" /><E33/><V120/><F75/><W99/><G55/><T122/><D122/><U27/><E29/><N who="2" m="19751" /><F110/><W123/><G123/><T76/><D132/><U111/><E111/><V22/><F120/><W87/><G87/><T129/><D129/><U19/><E28/><V130/><F22/><W82/><G82/><T6/><D64/><U67/><E67/><V121/><F121/><W80/><G80/><T13/><D58/><U93/><E93/><V133/><F133/><W117/><G117/><T60/><D60/><U57/><E57/><V26/><F26/><W38/><G38/><T16/><D104/><U40/><E40/><V49/><F49/><W37/><G37/><T59/><D59/><U42/><E42/><V90/><F119/><W103/><G103/><T116/><D107/><U54/><E54/><V125/><F90/><W7/><G39/><T84/><D74/><U92/><E92/><V68/><F68/><W95/><G46/><T134/><D134/><U32/><E32/><V3/><F3/><W127/><G127/><T8/><D116/><U69/><E69/><V47/><F47/><W31/><G65/><T66/><D66/><U98/><E98/><V17/><F125/><W53/><G53/><T100/><D91/><RYUUKYOKU ba="2,0" sc="234,-15,319,15,253,15,194,-15" hai1="5,12,19,20,27,44,45,48,50,51" hai2="10,14,17,112,114,128,130" /><INIT seed="2,3,0,2,5,106" ten="219,334,268,179" oya="2" hai0="48,80,54,18,112,32,5,62,97,131,36,121,61" hai1="83,120,109,17,41,89,33,35,86,133,67,53,78" hai2="85,2,79,0,68,129,57,46,26,100,104,27,115" hai3="70,22,126,94,132,71,4,28,49,3,66,105,77"/><V45/><F68/><W10/><G105/><T107/><D121/><U123/><E109/><V119/><F115/><W117/><G117/><T98/><D36/><U13/><E133/><V42/><F119/><W124/><G132/><T31/><D112/><U25/><E41/><V23/><F104/><W65/><G77/><T91/><D5/><U19/><E67/><V116/><F116/><W29/><G94/><T7/><D7/><U30/><E35/><V84/><F129/><W40/><G49/><T12/><D131/><U111/><E111/><V6/><F6/><W37/><G22/><T127/><D127/><N who="3" m="48681" /><G40/><T52/><D107/><U96/><E53/><V95/><F42/><W1/><G1/><T99/><D31/><N who="3" m="11849" /><G37/><T44/><D32/><U82/><E13/><V16/><F0/><W69/><AGARI ba="3,0" hai="3,4,10,65,66,69,70,71" m="11849,48681" machi="69" ten="40,1500,0" yaku="18,1" doraHai="106" who="3" fromWho="3" sc="219,-7,334,-7,268,-10,179,24" /><INIT seed="3,0,0,2,0,125" ten="212,327,258,203" oya="3" hai0="97,69,52,119,31,15,113,18,62,112,27,101,93" hai1="32,104,103,109,26,87,117,42,25,84,16,17,23" hai2="55,8,36,70,118,98,38,115,2,41,56,63,90" hai3="110,102,116,114,37,29,111,74,68,66,19,105,3"/><W106/><G116/><T46/><D119/><U89/><E117/><V100/><F118/><RYUUKYOKU type="kaze4" ba="0,0" sc="212,0,327,0,258,0,203,0" /><INIT seed="3,1,0,5,2,6" ten="212,327,258,203" oya="3" hai0="132,58,105,64,118,20,119,67,103,4,134,135,130" hai1="53,111,123,125,30,66,32,114,1,70,27,120,37" hai2="51,26,39,126,44,28,133,45,8,93,99,12,56" hai3="57,104,82,83,85,106,60,128,5,62,129,110,19"/><W117/><G117/><T47/><D130/><N who="3" m="50281" /><G110/><T84/><D47/><U55/><E114/><V81/><F126/><W68/><G19/><T24/><D103/><U14/><E1/><V90/><F133/><W87/><G68/><T92/><D105/><N who="3" m="40553" /><G5/><T25/><D25/><U61/><E125/><V15/><F15/><W34/><G34/><T0/><D58/><U73/><E111/><V16/><F39/><W113/><G113/><T29/><D4/><U95/><E37/><V86/><F28/><W79/><G57/><T97/><D0/><U23/><E73/><V94/><F26/><W11/><G11/><T33/><D33/><U22/><E95/><V127/><F94/><W71/><G71/><T42/><D42/><U36/><E36/><V65/><F127/><W41/><G41/><T89/><REACH who="0" step="1"/><D97/><REACH who="0" ten="202,327,258,203" step="2"/><U100/><E100/><N who="2" m="60527" /><F65/><AGARI ba="1,1" hai="20,24,29,64,65,67,84,89,92,118,119,132,134,135" machi="65" ten="40,2600,0" yaku="1,1,20,1,53,0" doraHai="6" doraHaiUra="50" who="0" fromWho="2" sc="202,39,327,0,258,-29,203,0" /><INIT seed="4,0,0,1,2,45" ten="241,327,229,203" oya="0" hai0="53,33,104,126,8,47,116,36,28,131,52,71,57" hai1="132,101,35,2,102,105,0,32,129,19,12,72,37" hai2="134,55,60,119,98,122,9,48,50,58,89,10,56" hai3="3,27,112,78,114,83,11,15,90,6,67,87,41"/><T14/><D116/><U86/><E72/><V106/><F122/><W79/><G67/><T74/><D74/><U125/><E37/><V91/><F119/><W80/><G27/><T22/><D104/><U123/><E123/><V111/><F111/><W100/><G100/><T64/><D126/><U88/><E132/><V84/><F134/><W38/><G90/><N who="2" m="34313" /><F106/><W69/><G69/><T81/><D81/><U5/><E129/><V107/><F107/><W40/><G15/><T70/><D33/><U109/><E109/><V62/><F84/><W85/><REACH who="3" step="1"/><G38/><REACH who="3" ten="241,327,229,193" step="2"/><T118/><D131/><U7/><E102/><V110/><F110/><W66/><G66/><T121/><D121/><U30/><E101/><V65/><F98/><W133/><G133/><T4/><D118/><U92/><E12/><V31/><F31/><W108/><G108/><T20/><D36/><U25/><E25/><V18/><F18/><W82/><G82/><T117/><D117/><U94/><E19/><V13/><F13/><W68/><G68/><T95/><D28/><U49/><E30/><V93/><F93/><W16/><G16/><T42/><D95/><U103/><E105/><V120/><F120/><W29/><G29/><T17/><D70/><U97/><E32/><V99/><F99/><W51/><G51/><AGARI ba="0,1" hai="9,10,48,50,51,55,56,58,60,62,65" m="34313" machi="51" ten="30,7700,0" yaku="8,1,52,3" doraHai="45" who="2" fromWho="3" sc="241,0,327,0,229,87,193,-77" /><INIT seed="5,0,0,3,5,15" ten="241,327,316,116" oya="1" hai0="132,97,27,98,35,32,80,66,90,113,21,52,103" hai1="19,81,31,62,73,78,102,8,55,26,0,117,9" hai2="133,134,59,12,74,76,124,34,72,115,135,46,58" hai3="71,51,122,87,41,111,123,63,24,49,53,112,45"/><U104/><E117/><V16/><F34/><W92/><G92/><T96/><D132/><U100/><E0/><V89/><F124/><W18/><G111/><T77/><D113/><U99/><E102/><V91/><F46/><W14/><G24/><T107/><D66/><U11/><E55/><V40/><F40/><W116/><G87/><T130/><D130/><U65/><E19/><V54/><F115/><W23/><G112/><T120/><D120/><U48/><E48/><N who="2" m="31047" /><F59/><W39/><G51/><T28/><D52/><U79/><E79/><V60/><F60/><W29/><G29/><T101/><D90/><N who="2" m="34314" /><F76/><W109/><G109/><T5/><D5/><U50/><E50/><V37/><F37/><W42/><G42/><T128/><D128/><U118/><E118/><V70/><F70/><W36/><G116/><T61/><D61/><U38/><E38/><V47/><F47/><W22/><G22/><AGARI ba="0,0" hai="12,16,22,72,74,133,134,135" m="34314,31047" machi="22" ten="30,3900,0" yaku="20,1,52,1,54,1" doraHai="15" who="2" fromWho="3" sc="241,0,327,0,316,39,116,-39" /><INIT seed="6,0,0,1,5,122" ten="241,327,355,77" oya="2" hai0="90,40,22,82,7,65,0,27,28,32,34,88,3" hai1="95,55,130,101,26,63,41,69,96,72,131,74,78" hai2="115,58,4,124,23,37,46,86,5,104,24,103,113" hai3="134,84,16,118,119,110,111,79,102,99,45,25,66"/><V54/><F124/><W129/><G66/><T38/><D65/><N who="1" m="41151" /><E78/><V19/><F86/><W132/><G45/><T1/><D40/><U6/><E6/><V114/><F103/><W64/><G64/><T59/><D38/><U73/><E41/><N who="2" m="22831" /><F104/><W127/><G16/><T35/><D59/><U56/><E26/><V128/><F128/><N who="1" m="49193" /><E74/><V15/><F24/><W70/><G70/><T109/><D109/><N who="3" m="41481" /><G25/><T9/><REACH who="0" step="1"/><D82/><REACH who="0" ten="231,327,355,77" step="2"/><U107/><E56/><V71/><F71/><W8/><G129/><T20/><D20/><U91/><E55/><V2/><F2/><AGARI ba="0,1" hai="0,1,2,3,7,9,22,27,28,32,34,35,88,90" machi="2" ten="50,3200,0" yaku="1,1,54,1,53,0" doraHai="122" doraHaiUra="10" who="0" fromWho="2" sc="231,42,327,0,355,-32,77,0" /><INIT seed="7,0,0,0,4,110" ten="273,327,323,77" oya="3" hai0="92,112,53,20,102,42,111,45,113,64,10,70,44" hai1="84,87,23,9,127,6,50,37,81,73,99,76,36" hai2="118,93,1,75,58,94,63,27,32,72,89,129,130" hai3="95,119,57,115,48,123,67,7,40,86,135,11,124"/><W121/><G119/><T56/><D111/><U19/><E127/><V80/><F1/><W131/><G124/><T68/><D10/><U83/><E99/><N who="2" m="57775" /><F94/><W77/><G135/><T55/><D20/><U29/><E29/><N who="2" m="19519" /><F80/><W96/><G131/><N who="2" m="50185" /><F118/><W34/><G34/><T85/><D102/><U13/><E50/><V98/><F98/><W97/><G115/><N who="0" m="44107" /><D44/><U54/><E54/><AGARI ba="0,0" hai="54,58,63,72,75" m="50185,19519,57775" machi="54" ten="30,1000,0" yaku="19,1" doraHai="110" who="2" fromWho="1" sc="273,0,327,-10,323,10,77,0" owari="273,-13.0,317,12.0,333,43.0,77,-42.0" /></mjloggm>