<mjloggm ver="2.3"><GO type="225" lobby="0"/><UN n0="%E3%81%A9%E3%82%93%E3%82%88%E3%81%8F%4D%6B%2E%32" n1="%E3%81%9F%E3%81%8C%E3%81%BF%E5%89%9B" n2="%E3%82%A6%E3%83%AB%E3%83%88%E3%83%A9%E7%AB%8B%E7%9B%B4" n3="%E3%81%8D%E3%81%BF%E3%81%9F%E3%81%BE%E3%81%94" dan="16,16,17,16" rate="2113.11,2079.60,2155.79,2039.52" sx="M,M,M,M"/><TAIKYOKU oya="0"/><INIT seed="0,0,0,2,3,120" ten="250,250,250,250" oya="0" hai0="78,33,97,13,77,41,29,37,102,4,49,134,5" hai1="55,75,90,35,83,105,32,107,66,95,65,127,119" hai2="89,96,113,87,85,0,10,103,51,112,8,58,130" hai3="126,67,34,129,52,50,81,16,104,26,123,38,11"/><T121/><D121/><U84/><E119/><V114/><F130/><W115/><G38/><T86/><D37/><U76/><E127/><V125/><F125/><W24/><G104/><T79/><D134/><U6/><E6/><V106/><F0/><W23/><G115/><T17/><D86/><U44/><E66/><V59/><F87/><W7/><G129/><T82/><D82/><U88/><E90/><V64/><F59/><W99/><G67/><T54/><D41/><U71/><E55/><V133/><F133/><W40/><G40/><T21/><D29/><U68/><E44/><V122/><F122/><W20/><G34/><T124/><D33/><U14/><E14/><V25/><F25/><W1/><G126/><T47/><REACH who="0" step="1"/><D124/><REACH who="0" ten="240,250,250,250" step="2"/><U135/><E135/><V63/><REACH who="2" step="1"/><F51/><REACH who="2" ten="240,250,240,250" step="2"/><W93/><G123/><T108/><D108/><U128/><E128/><V72/><F72/><W91/><G81/><AGARI ba="0,2" hai="8,10,58,63,64,81,85,89,96,103,106,112,113,114" machi="81" ten="40,1300,0" yaku="1,1,53,0" doraHai="120" doraHaiUra="30" who="2" fromWho="3" sc="240,0,250,0,240,33,250,-13" /><INIT seed="1,0,0,3,2,21" ten="240,250,273,237" oya="1" hai0="128,99,80,83,37,22,120,29,14,97,13,114,66" hai1="106,59,96,48,36,129,122,63,47,2,60,64,76" hai2="19,134,130,101,105,85,116,132,3,12,23,17,127" hai3="0,65,75,52,69,55,44,40,51,24,131,5,46"/><U26/><E122/><V119/><F105/><W72/><G131/><T71/><D114/><U27/><E129/><V50/><F101/><W86/><G5/><T31/><D128/><U123/><E123/><V49/><F130/><W15/><G0/><T98/><D37/><U102/><E2/><V88/><F3/><W74/><G15/><T16/><D120/><U113/><E113/><V79/><F79/><W94/><G46/><T58/><D71/><U109/><E36/><V61/><F61/><W126/><G126/><T82/><D13/><U39/><E39/><V93/><F19/><W77/><G24/><T9/><D9/><U70/><E76/><V107/><F107/><W115/><G115/><T8/><D8/><U6/><E6/><V42/><F127/><W91/><REACH who="3" step="1"/><G77/><REACH who="3" ten="240,250,273,227" step="2"/><T110/><D110/><U1/><E1/><V28/><F28/><W108/><G108/><T32/><D32/><U43/><REACH who="1" step="1"/><E109/><REACH who="1" ten="240,240,273,227" step="2"/><V41/><F119/><W112/><G112/><T111/><D111/><U54/><AGARI ba="0,2" hai="26,27,43,47,48,54,59,60,63,64,70,96,102,106" machi="54" ten="20,24000,3" yaku="1,1,2,1,0,1,7,1,52,2,53,2" doraHai="21" doraHaiUra="57" who="1" fromWho="1" sc="240,-80,240,260,273,-80,227,-80" /><INIT seed="1,1,0,4,3,34" ten="160,500,193,147" oya="1" hai0="8,87,0,132,82,12,14,75,121,38,80,58,95" hai1="28,3,78,71,54,48,123,122,62,50,118,83,11" hai2="55,44,129,117,56,57,61,5,77,85,52,32,113" hai3="30,26,74,51,126,68,64,9,21,69,131,1,135"/><U60/><E118/><V108/><F32/><W39/><G39/><T41/><D121/><U66/><E28/><V53/><F117/><W84/><G74/><T25/><D25/><U86/><E60/><V110/><F5/><W59/><G126/><T49/><D132/><U13/><E48/><N who="2" m="28679" /><F77/><W109/><G109/><N who="2" m="42089" /><F85/><W67/><G131/><T65/><D38/><U79/><E79/><V127/><F127/><W36/><G36/><T31/><D31/><U134/><E134/><V42/><F42/><W19/><G135/><T130/><D130/><U104/><E104/><V37/><F37/><W119/><G68/><T89/><D75/><U18/><E123/><V20/><F20/><W17/><G69/><T115/><D115/><U97/><E122/><V94/><F94/><W124/><G124/><T6/><D41/><U35/><E35/><V40/><F40/><W15/><G119/><T73/><D49/><U81/><E81/><V93/><F93/><W91/><G30/><T90/><D73/><U24/><E97/><V10/><F10/><W92/><REACH who="3" step="1"/><G1/><REACH who="3" ten="160,500,193,137" step="2"/><T47/><D47/><U98/><E3/><V133/><F129/><W105/><G105/><T45/><D45/><U16/><E71/><V106/><F106/><W112/><G112/><T101/><D101/><U76/><E76/><V33/><F113/><W107/><G107/><T29/><D29/><U114/><E114/><V46/><F46/><W128/><G128/><T27/><D0/><U111/><E111/><V4/><F133/><W43/><G43/><T22/><D89/><U72/><E78/><V100/><F100/><RYUUKYOKU ba="1,1" sc="160,-10,500,-10,193,-10,137,30" hai3="9,15,17,19,21,26,51,59,64,67,84,91,92" /><INIT seed="2,2,1,1,5,11" ten="150,490,183,167" oya="2" hai0="33,102,88,135,4,112,46,19,37,115,117,57,78" hai1="94,43,63,106,109,14,17,91,55,80,36,101,25" hai2="7,28,119,20,128,121,72,87,58,41,53,83,127" hai3="133,70,110,38,66,39,134,92,113,64,10,116,107"/><V24/><F121/><W86/><G107/><T95/><D33/><U98/><E109/><V9/><F119/><W69/><G92/><T132/><D102/><U90/><E25/><V99/><F128/><W84/><G10/><T76/><D117/><U67/><E80/><V97/><F41/><W56/><G116/><T0/><D57/><U79/><E79/><N who="0" m="30249" /><D19/><U71/><E91/><N who="2" m="51711" /><F72/><W48/><G110/><T93/><D93/><U34/><E34/><V54/><F127/><W47/><G113/><T68/><D68/><N who="3" m="26217" /><G84/><N who="0" m="52615" /><D4/><U12/><E36/><N who="3" m="13866" /><G86/><T77/><N who="0" m="30257" /><T23/><DORA hai="130" /><D0/><U118/><E118/><V59/><F59/><W51/><G56/><T122/><D23/><U52/><E106/><V85/><F85/><W100/><G100/><T45/><D122/><U31/><E101/><V96/><F58/><W13/><G13/><AGARI ba="2,1" hai="7,9,13,20,24,28,53,54,96,97,99" m="51711" machi="13" ten="30,2900,0" yaku="8,1,52,1" doraHai="11,130" who="2" fromWho="3" sc="150,0,490,0,183,45,167,-35" /><INIT seed="2,3,0,2,5,25" ten="150,490,228,132" oya="2" hai0="11,60,41,120,66,112,10,69,48,101,125,27,42" hai1="35,54,9,63,39,113,89,79,50,18,133,45,104" hai2="21,95,59,86,114,90,49,130,82,57,19,68,56" hai3="30,122,55,98,17,116,97,52,37,73,71,2,80"/><V124/><F68/><W100/><G37/><T67/><D120/><U26/><E104/><V117/><F117/><W93/><G2/><T132/><D112/><U129/><E113/><V43/><F114/><W99/><G71/><T70/><D125/><U127/><E39/><V38/><F124/><W5/><G5/><T91/><D132/><U22/><E127/><V32/><F32/><W47/><G122/><T20/><D101/><U119/><E133/><V15/><F130/><W34/><G116/><T77/><D77/><U83/><E35/><V1/><F1/><W106/><G17/><T96/><D67/><U58/><E119/><V72/><F38/><W8/><G8/><T123/><D123/><U109/><E129/><V94/><F72/><W0/><G0/><T40/><D69/><U78/><E9/><V16/><F19/><W75/><G98/><T92/><REACH who="0" step="1"/><D48/><REACH who="0" ten="140,490,228,132" step="2"/><U13/><E79/><V76/><F76/><W128/><G128/><T36/><D36/><U3/><E78/><V7/><F7/><W64/><G64/><T62/><D62/><U51/><E51/><V135/><F135/><W87/><G75/><T44/><D44/><AGARI ba="3,1" hai="15,16,21,43,44,49,56,57,59,82,86,90,94,95" machi="44" ten="40,3900,0" yaku="8,1,54,1" doraHai="25" who="2" fromWho="0" sc="140,-48,490,0,228,58,132,0" /><INIT seed="2,4,0,4,0,118" ten="92,490,286,132" oya="2" hai0="77,123,113,25,30,134,28,96,80,108,17,119,11" hai1="104,84,55,65,101,37,40,38,44,48,130,0,72" hai2="132,52,16,46,81,33,124,19,45,73,111,98,29" hai3="58,88,131,112,116,47,70,79,103,22,62,120,66"/><V5/><F5/><W114/><G103/><T42/><D119/><U94/><E0/><V4/><F4/><W15/><G79/><T105/><D113/><N who="3" m="43625" /><G116/><T97/><D108/><U127/><E72/><V6/><F6/><W7/><G131/><T75/><D134/><U135/><E130/><V125/><F132/><W31/><G47/><T89/><D123/><U67/><E135/><V93/><F111/><W26/><G70/><T91/><D42/><U90/><E37/><V2/><F2/><W109/><G109/><T121/><D121/><U3/><E3/><V43/><F29/><W27/><G27/><T64/><D64/><U85/><E104/><V8/><F33/><W18/><G7/><T115/><D115/><U56/><E101/><V35/><F35/><N who="3" m="20983" /><G88/><T68/><D68/><U24/><E24/><V133/><F133/><W87/><G87/><T57/><D57/><U83/><E127/><N who="2" m="48715" /><F43/><W63/><G63/><T9/><D30/><U129/><E129/><V107/><F107/><W117/><G117/><T106/><D96/><U69/><E69/><V20/><F46/><W10/><G10/><T122/><D122/><AGARI ba="4,0" hai="15,18,22,58,62,66,120,122" m="20983,43625" machi="122" ten="30,3900,0" yaku="11,1,52,2" doraHai="118" who="3" fromWho="0" sc="92,-51,490,0,286,0,132,51" /><INIT seed="3,0,0,1,0,64" ten="41,490,286,183" oya="3" hai0="51,76,92,37,93,25,66,35,47,120,135,105,102" hai1="6,107,31,65,95,56,29,14,52,126,10,81,59" hai2="101,12,44,45,94,48,86,133,38,103,114,53,57" hai3="128,46,61,79,112,16,49,26,62,5,70,19,100"/><W54/><G128/><T42/><D120/><U85/><E107/><V4/><F114/><W131/><G131/><T122/><D122/><U36/><E36/><V0/><F0/><W60/><G112/><T68/><D135/><U127/><E95/><V50/><F38/><W17/><G5/><T13/><D13/><U74/><E74/><V109/><F109/><W117/><G79/><T111/><D111/><U90/><E65/><V84/><F133/><W118/><G100/><T71/><D76/><U41/><E41/><V67/><F67/><W69/><REACH who="3" step="1"/><G26/><REACH who="3" ten="41,490,286,173" step="2"/><T97/><D51/><U80/><E127/><V20/><F4/><W78/><G78/><T96/><D66/><U27/><E126/><V72/><F103/><W108/><G108/><T23/><D35/><U124/><E124/><V28/><F101/><W11/><G11/><T130/><D130/><U2/><E27/><V132/><F132/><W9/><G9/><T3/><D3/><U32/><E2/><V33/><F33/><W89/><G89/><T119/><D119/><AGARI ba="0,1" hai="16,17,19,46,49,54,60,61,62,69,70,117,118,119" machi="119" ten="50,12000,1" yaku="1,1,52,2,54,1,53,0" doraHai="64" doraHaiUra="55" who="3" fromWho="0" sc="41,-120,490,0,286,0,173,130" owari="-79,-58.0,490,59.0,286,-11.0,303,10.0" /></mjloggm>