<mjloggm ver="2.3"><GO type="169" lobby="0"/><UN n0="%7A%65%72%6F%52%58" n1="%E3%82%8B%E3%81%84%E3%81%9A%E3%81%85%E3%81%86%E3%81%82%E3%81%81%E3%81%82" n2="%E3%83%88%E3%83%88%E3%83%AA%E5%85%88%E7%94%9F%31%39%E6%AD%B3" n3="%E3%83%A9%E3%83%A0%E3%83%80%E3%81%95%E3%82%93" dan="17,17,18,16" rate="2114.39,2091.63,2240.60,2148.57" sx="M,F,F,M"/><TAIKYOKU oya="0"/><INIT seed="0,0,0,0,0,63" ten="250,250,250,250" oya="0" hai0="42,6,92,36,18,21,88,13,130,3,20,56,101" hai1="100,126,32,53,114,102,82,131,57,72,30,85,31" hai2="111,44,134,135,19,64,8,54,12,122,26,50,121" hai3="91,103,65,119,79,89,123,113,7,9,75,46,90"/><T116/><D116/><U4/><E72/><V58/><F111/><W62/><G119/><T128/><D101/><U109/><E109/><V117/><F117/><W87/><G113/><T84/><D3/><U129/><E114/><V83/><F26/><W29/><G123/><T104/><D104/><U0/><E126/><V133/><F83/><W11/><G75/><T70/><D70/><U5/><E100/><V105/><F105/><W1/><G103/><T127/><D127/><U59/><E102/><V78/><F78/><W99/><G99/><T24/><D56/><N who="1" m="21579" /><E53/><V51/><REACH who="2" step="1"/><F64/><REACH who="2" ten="250,250,240,250" step="2"/><W118/><G118/><T76/><D76/><U110/><E110/><V28/><F28/><W98/><G65/><T120/><D120/><U37/><E30/><V97/><F97/><W68/><G29/><T10/><REACH who="0" step="1"/><D21/><REACH who="0" ten="240,250,240,250" step="2"/><U115/><E115/><V95/><F95/><W94/><G98/><T43/><D43/><AGARI ba="0,2" hai="8,12,19,43,44,50,51,54,58,121,122,133,134,135" machi="43" ten="40,5200,0" yaku="1,1,20,1,53,1" doraHai="63" doraHaiUra="55" who="2" fromWho="0" sc="240,-52,250,0,240,72,250,0" /><INIT seed="1,0,0,1,4,7" ten="188,250,312,250" oya="1" hai0="47,105,101,37,39,27,16,26,42,66,32,49,59" hai1="44,82,61,127,29,80,111,113,85,94,28,125,131" hai2="36,109,121,48,117,51,38,2,69,58,62,0,99" hai3="118,77,23,84,24,46,34,128,53,5,97,87,75"/><U100/><E113/><V31/><F117/><W112/><G112/><T18/><D105/><U130/><E111/><V25/><F121/><W88/><G34/><T120/><D101/><U129/><E61/><V57/><F69/><W89/><G118/><T60/><D120/><U78/><E44/><V135/><F135/><W132/><G132/><T52/><D37/><U12/><E12/><V83/><F109/><W17/><G128/><T126/><D126/><N who="1" m="48139" /><E82/><V8/><F99/><AGARI ba="0,0" hai="28,29,78,80,85,94,99,100,129,130,131" m="48139" machi="99" ten="40,3900,0" yaku="19,1,18,1" doraHai="7" who="1" fromWho="2" sc="188,0,250,39,312,-39,250,0" /><INIT seed="1,1,0,0,1,135" ten="188,289,273,250" oya="1" hai0="5,96,24,49,79,84,115,109,89,77,121,126,9" hai1="1,12,119,125,54,7,57,32,22,56,46,106,40" hai2="13,108,52,45,10,94,33,63,28,130,18,38,58" hai3="85,123,103,122,31,37,41,65,87,134,43,80,48"/><U17/><E119/><V53/><F108/><W50/><G134/><T0/><D115/><U71/><E71/><V81/><F130/><W100/><G31/><T51/><D109/><U42/><E106/><V36/><F33/><W11/><G11/><T35/><D121/><U102/><E102/><V74/><F28/><W20/><G20/><T68/><D68/><U3/><E32/><V101/><F101/><W2/><G80/><T23/><D35/><U8/><E1/><V112/><F112/><W105/><G65/><T76/><D96/><U34/><E57/><V69/><F94/><W19/><G19/><T61/><D61/><U82/><E34/><V47/><F69/><W21/><G21/><T78/><N who="0" m="19456" /><DORA hai="55" /><T60/><D60/><U93/><E82/><V70/><F74/><W75/><G2/><T129/><D129/><U116/><E116/><V73/><F73/><W90/><G90/><T88/><D89/><U127/><E93/><V86/><F70/><W27/><G37/><T128/><D128/><U66/><E66/><V118/><F118/><W67/><G67/><T62/><D62/><N who="1" m="36119" /><E46/><V117/><F47/><W4/><G75/><T133/><D133/><U30/><E30/><V83/><F83/><W6/><G105/><T113/><D113/><U98/><E98/><V107/><F107/><W59/><G27/><T72/><D72/><U16/><E17/><V64/><F117/><W97/><G97/><T124/><D84/><U26/><E3/><V39/><F45/><W131/><G131/><T111/><D111/><U91/><E91/><N who="2" m="51663" /><F64/><W104/><G104/><RYUUKYOKU ba="1,0" sc="188,-30,289,10,273,10,250,10" hai1="7,8,12,16,22,26,40,42,125,127" hai2="10,13,18,36,38,39,52,53,58,63" hai3="4,6,41,43,48,50,59,85,87,100,103,122,123" /><INIT seed="1,2,0,0,3,121" ten="158,299,283,260" oya="1" hai0="8,58,25,113,21,47,116,123,88,104,80,117,122" hai1="76,6,11,60,43,132,7,75,128,20,124,129,118" hai2="106,32,82,55,24,4,101,9,127,94,36,22,99" hai3="48,114,72,105,98,83,38,61,42,134,110,103,15"/><U131/><E118/><N who="0" m="45673" /><D104/><U133/><E43/><V16/><F127/><W3/><G3/><T125/><D47/><U1/><E76/><V62/><F36/><W57/><G114/><T53/><D125/><U69/><E75/><V78/><F32/><W130/><G38/><T63/><D8/><N who="1" m="2127" /><E124/><V2/><F62/><W135/><G130/><T96/><D113/><U56/><E20/><V85/><REACH who="2" step="1"/><F55/><REACH who="2" ten="158,299,273,260" step="2"/><W95/><G61/><T29/><D53/><N who="1" m="33807" /><E69/><V28/><F28/><W27/><G135/><T17/><D29/><U91/><E91/><V14/><F14/><AGARI ba="2,1" hai="7,11,14,128,129,131,132,133" m="33807,2127" machi="14" ten="30,1500,0" yaku="19,1" doraHai="121" who="1" fromWho="2" sc="158,0,299,31,273,-21,260,0" /><INIT seed="1,3,0,3,0,120" ten="158,330,252,260" oya="1" hai0="133,123,82,8,97,2,35,85,94,79,81,129,62" hai1="61,122,19,50,72,119,73,4,112,99,46,17,1" hai2="47,27,29,44,13,101,38,15,76,66,88,51,100" hai3="104,130,22,48,32,26,67,36,111,115,117,92,70"/><U58/><E119/><V5/><F76/><W90/><G117/><T98/><D35/><U93/><E112/><V91/><F66/><W49/><G115/><T11/><D123/><U103/><E122/><V56/><F38/><W107/><G36/><T74/><D133/><U52/><E1/><V102/><F56/><W21/><G32/><T135/><D135/><U18/><REACH who="1" step="1"/><E4/><REACH who="1" ten="158,320,252,260" step="2"/><V16/><F5/><W25/><G130/><T118/><D2/><U40/><AGARI ba="3,1" hai="17,18,19,40,46,50,52,58,61,72,73,93,99,103" machi="40" ten="30,11700,0" yaku="1,1,2,1,0,1,54,1,53,0" doraHai="120" doraHaiUra="125" who="1" fromWho="1" sc="158,-42,320,136,252,-42,260,-42" /><INIT seed="1,4,0,4,0,19" ten="116,456,210,218" oya="1" hai0="116,65,79,77,117,40,62,100,85,94,36,11,72" hai1="57,17,10,90,37,96,63,101,86,122,39,78,33" hai2="83,35,74,7,115,38,21,56,131,126,29,59,84" hai3="50,27,105,121,87,0,120,95,28,98,41,119,104"/><U4/><E122/><V89/><F38/><W13/><G0/><T107/><D36/><U67/><E33/><V12/><F35/><W133/><G133/><T6/><D40/><U124/><E78/><V129/><F126/><W14/><G119/><T44/><D44/><U92/><E17/><V52/><F115/><W46/><G87/><T32/><D32/><U134/><E134/><V76/><F59/><W82/><G82/><T111/><D111/><U71/><E71/><V42/><F42/><W5/><G105/><T66/><D66/><U93/><REACH who="1" step="1"/><E124/><REACH who="1" ten="116,446,210,218" step="2"/><V118/><F76/><W26/><G121/><T8/><D79/><U70/><E70/><V128/><F118/><W1/><G120/><T54/><D117/><U97/><E97/><V16/><F29/><W18/><G98/><T61/><D77/><U69/><E69/><V23/><F74/><W113/><G18/><T58/><D72/><U123/><E123/><V102/><F7/><W2/><G5/><T91/><D116/><U110/><E110/><V103/><REACH who="2" step="1"/><F23/><REACH who="2" ten="116,446,200,218" step="2"/><W30/><G28/><T132/><D6/><U49/><E49/><AGARI ba="4,2" hai="12,16,21,49,52,56,83,84,89,102,103,128,129,131" machi="49" ten="40,12000,2" yaku="1,1,2,1,19,1,52,1,54,2,53,0" doraHai="19" doraHaiUra="25" who="2" fromWho="1" sc="116,0,446,-132,200,152,218,0" /><INIT seed="2,0,0,0,1,83" ten="116,314,352,218" oya="2" hai0="124,103,126,86,113,27,31,21,19,17,82,8,48" hai1="104,123,99,67,134,66,54,73,95,13,128,64,56" hai2="90,101,5,109,125,24,11,14,92,78,135,119,116" hai3="1,93,40,115,0,69,6,106,51,70,35,88,132"/><V2/><F135/><W68/><G106/><T58/><D113/><U62/><E123/><V32/><F125/><N who="0" m="48234" /><D103/><U110/><E134/><V50/><F101/><W33/><G132/><T9/><D58/><U129/><E104/><V117/><F109/><W121/><G121/><T98/><D98/><U25/><BYE who="0" /><E110/><V26/><F78/><W41/><G115/><T65/><D65/><U96/><E73/><V81/><F81/><W60/><G60/><T44/><D44/><U43/><E43/><V91/><F2/><W59/><G59/><T53/><D53/><U10/><E25/><V112/><F112/><W131/><G131/><N who="1" m="50250" /><E95/><UN n0="%7A%65%72%6F%52%58" /><V97/><F32/><W46/><G41/><T100/><D48/><U111/><E111/><V63/><F50/><W49/><G49/><T133/><D100/><U22/><E22/><V39/><F39/><W36/><G36/><T42/><D42/><U38/><E38/><V55/><F55/><W74/><G74/><T34/><D133/><U76/><E76/><V45/><F45/><W16/><G16/><AGARI ba="0,0" hai="10,13,16,54,56,62,64,66,67,96,99" m="50250" machi="16" ten="30,2000,0" yaku="19,1,54,1" doraHai="83" who="1" fromWho="3" sc="116,0,314,20,352,0,218,-20" /><INIT seed="3,0,0,0,5,15" ten="116,334,352,198" oya="3" hai0="20,43,68,74,90,30,88,131,78,99,8,57,75" hai1="46,123,55,124,101,59,36,96,5,84,87,132,82" hai2="45,100,6,48,33,97,23,11,126,66,77,26,14" hai3="7,133,127,35,98,18,3,1,112,134,113,54,120"/><W94/><G120/><T47/><D68/><U28/><E123/><V80/><F126/><W110/><G35/><T49/><D131/><U37/><E124/><V135/><F135/><N who="3" m="51723" /><G127/><T17/><D30/><U95/><E132/><V108/><F108/><W4/><G54/><T12/><D8/><U117/><E117/><V10/><F33/><W31/><G31/><T9/><D9/><U51/><E28/><V89/><F11/><W93/><G98/><T106/><D106/><U92/><E5/><N who="3" m="2122" /><G110/><T105/><D57/><U107/><E84/><V109/><F109/><W83/><G83/><T62/><D62/><U122/><E122/><V58/><F58/><W85/><G85/><T73/><REACH who="0" step="1"/><D78/><REACH who="0" ten="106,334,352,198" step="2"/><U119/><E59/><V40/><F77/><W118/><G118/><T44/><D44/><U76/><E119/><V19/><F6/><W67/><G67/><T42/><D42/><U53/><E53/><V129/><F66/><W34/><G34/><T21/><D21/><U91/><E107/><V130/><F130/><W63/><G63/><T52/><D52/><U71/><E71/><V114/><F129/><W72/><G1/><T111/><D111/><U56/><E46/><V102/><F10/><W104/><G104/><T64/><D64/><U65/><E65/><V0/><F0/><W16/><G3/><T69/><D69/><U128/><E128/><V103/><F45/><W41/><G41/><T121/><D121/><U125/><E125/><V27/><F40/><W60/><G60/><T79/><D79/><U81/><E76/><V61/><F61/><W70/><G70/><RYUUKYOKU ba="0,1" sc="106,15,334,15,352,-15,198,-15" hai0="12,17,20,43,47,49,73,74,75,88,90,99,105" hai1="36,37,51,55,56,81,82,87,91,92,95,96,101" /><INIT seed="4,1,1,0,3,94" ten="121,349,337,183" oya="0" hai0="9,54,75,118,76,21,135,20,25,33,58,64,63" hai1="77,79,14,129,112,69,26,88,31,40,62,42,55" hai2="19,24,99,12,66,53,22,52,15,98,13,44,90" hai3="119,73,38,51,97,74,78,59,48,41,27,109,17"/><T127/><D118/><U8/><E129/><V128/><F128/><W18/><G119/><T43/><D135/><U85/><E112/><V131/><F131/><W47/><G109/><T102/><D127/><U5/><E69/><V105/><F105/><W113/><G113/><T49/><D43/><N who="1" m="16427" /><E26/><V4/><F66/><W125/><G125/><T11/><D33/><U65/><E31/><V7/><F90/><W115/><G115/><T0/><D102/><U6/><E65/><V23/><F23/><W3/><G3/><T116/><D116/><U16/><E55/><N who="2" m="21067" /><F44/><W81/><G74/><T30/><D0/><U96/><E62/><V121/><F121/><W2/><G2/><T103/><D103/><U45/><E45/><V39/><F39/><W100/><G59/><T57/><REACH who="0" step="1"/><D21/><REACH who="0" ten="111,349,337,183" step="2"/><U50/><E8/><N who="2" m="4127" /><F13/><W87/><G38/><T71/><D71/><U46/><E14/><V114/><F114/><W82/><G41/><T93/><D93/><U60/><E6/><V120/><F120/><W36/><G36/><T132/><D132/><U111/><E5/><V29/><F19/><W84/><G18/><T89/><D89/><U70/><E16/><V122/><F122/><W106/><G17/><T61/><D61/><U80/><E60/><V124/><F124/><W92/><G92/><T83/><AGARI ba="1,2" hai="9,11,20,25,30,49,54,57,58,63,64,75,76,83" machi="83" ten="30,6000,0" yaku="1,1,0,1,53,1" doraHai="94" doraHaiUra="72" who="0" fromWho="0" sc="111,83,349,-21,337,-21,183,-21" /><INIT seed="4,2,0,0,3,104" ten="194,328,316,162" oya="0" hai0="44,110,135,32,95,127,75,133,15,128,14,113,125" hai1="126,114,42,10,26,86,60,62,53,2,124,40,58" hai2="0,131,111,27,20,61,97,49,72,52,109,83,129" hai3="76,33,130,11,41,13,4,17,56,105,39,38,59"/><T99/><D32/><U46/><E114/><V36/><F0/><W71/><G71/><T16/><D113/><U108/><E108/><V50/><F36/><W134/><G105/><T28/><D28/><U23/><E86/><V69/><F97/><W22/><G33/><T101/><D110/><U87/><E87/><V106/><F106/><W35/><G35/><T54/><D75/><U18/><E62/><V29/><F50/><W88/><G130/><N who="2" m="49673" /><F61/><W120/><G120/><T12/><D128/><U37/><E40/><V82/><F69/><W30/><G134/><N who="0" m="51211" /><D44/><U103/><E103/><V81/><F72/><W73/><G30/><T48/><D48/><U118/><E118/><V55/><F55/><W85/><G76/><T78/><D54/><U66/><E53/><V6/><F6/><W63/><G73/><T1/><D1/><U89/><E89/><V98/><F98/><W132/><G132/><T123/><D78/><U67/><E67/><V51/><F51/><W112/><G112/><T91/><D123/><U92/><E2/><V31/><F29/><W116/><G116/><T47/><D47/><AGARI ba="2,0" hai="20,27,31,47,49,52,81,82,83,109,111" m="49673" machi="47" ten="30,2000,0" yaku="19,1,54,1" doraHai="104" who="2" fromWho="0" sc="194,-26,328,0,316,26,162,0" /><INIT seed="5,0,0,4,1,74" ten="168,328,342,162" oya="1" hai0="4,11,111,9,51,118,71,64,81,46,69,122,116" hai1="106,76,129,59,128,117,101,57,93,8,125,123,42" hai2="89,19,45,55,27,62,114,18,92,124,120,84,108" hai3="50,61,60,21,32,37,133,31,14,100,26,34,77"/><U87/><E123/><V115/><F108/><W86/><G37/><T44/><D111/><U73/><E117/><V16/><F120/><W104/><G133/><T17/><D122/><U5/><E125/><V66/><F124/><W7/><G34/><T39/><D39/><U10/><E10/><V35/><F45/><W13/><G104/><T20/><D81/><N who="1" m="45199" /><E42/><V132/><F55/><W28/><G100/><T85/><D85/><U47/><E47/><V33/><F132/><W0/><G0/><T113/><D113/><N who="2" m="43018" /><F27/><W103/><G103/><T109/><D109/><U105/><E106/><V98/><F98/><W23/><G32/><T127/><D127/><U97/><E8/><V6/><F6/><W88/><G50/><T58/><D118/><U102/><E5/><V43/><F43/><W72/><G72/><T54/><D11/><U65/><E102/><V135/><F135/><W130/><G7/><T12/><D116/><U67/><E67/><V41/><F41/><W107/><G107/><T134/><D134/><U25/><E25/><V2/><F2/><W96/><G26/><T99/><D99/><U24/><E24/><V83/><F92/><W56/><G96/><T82/><D82/><U110/><E110/><V38/><F38/><W80/><G80/><T1/><REACH who="0" step="1"/><D64/><REACH who="0" ten="158,328,342,162" step="2"/><U121/><E121/><V90/><F90/><W30/><G88/><T49/><D49/><U53/><E65/><V3/><F3/><W131/><G86/><T63/><D63/><U48/><E87/><V29/><F66/><W68/><G61/><T112/><D112/><U36/><E36/><RYUUKYOKU ba="0,1" sc="158,30,328,-10,342,-10,162,-10" hai0="1,4,9,12,17,20,44,46,51,54,58,69,71" /><INIT seed="6,1,1,5,0,91" ten="188,318,332,152" oya="2" hai0="14,109,82,123,110,30,83,98,96,71,51,78,65" hai1="70,5,119,8,108,45,79,95,42,57,37,43,97" hai2="60,44,76,61,122,64,6,121,80,112,135,131,34" hai3="129,117,3,32,24,93,113,92,127,20,132,114,116"/><V100/><F34/><W67/><G32/><T72/><D123/><U35/><E108/><V53/><F112/><N who="3" m="43115" /><G3/><T69/><D30/><U87/><E70/><V47/><F131/><W11/><G129/><T15/><D51/><U16/><E119/><N who="3" m="45642" /><G132/><T133/><D78/><U104/><E35/><V19/><F135/><W23/><G127/><T85/><D85/><U7/><E43/><V90/><F6/><W118/><N who="3" m="45650" /><W77/><DORA hai="63" /><G77/><T1/><D133/><U106/><E57/><V59/><F76/><W10/><G67/><T17/><D17/><U52/><E79/><V105/><F19/><N who="3" m="12319" /><G23/><T94/><D1/><U58/><E16/><V89/><F64/><W125/><G125/><T120/><D120/><U68/><E5/><V111/><F122/><W31/><G31/><T27/><D65/><U126/><E7/><V130/><F130/><W124/><G124/><T49/><D27/><U40/><E126/><V66/><F66/><W134/><G134/><T12/><D12/><U84/><E8/><AGARI ba="1,1" hai="8,10,11,92,93" m="12319,45650,43115" machi="8" ten="50,8000,1" yaku="15,1,11,1,52,2" doraHai="91,63" who="3" fromWho="1" sc="188,0,318,-83,332,0,152,93" /><INIT seed="7,0,0,2,4,34" ten="188,235,332,245" oya="3" hai0="1,104,130,115,93,103,77,58,41,124,24,83,25" hai1="60,114,18,96,127,49,90,94,81,134,76,71,101" hai2="87,107,106,5,9,23,11,64,40,122,29,72,44" hai3="8,135,52,47,111,46,22,2,92,79,125,129,75"/><W14/><G129/><T53/><D130/><U57/><E114/><V74/><F64/><W48/><G135/><T66/><D124/><U51/><E134/><V45/><F87/><W69/><G69/><T31/><D115/><U59/><E127/><V78/><F23/><W98/><G125/><T36/><D66/><U43/><E71/><V89/><F89/><W10/><G111/><T17/><D104/><U73/><E57/><V97/><F97/><W105/><G105/><T112/><D112/><U55/><E43/><V4/><F40/><W65/><G65/><T15/><D41/><U7/><E7/><V42/><F42/><W32/><G32/><T56/><D36/><U50/><REACH who="1" step="1"/><E18/><REACH who="1" ten="188,225,332,245" step="2"/><V109/><F4/><W119/><G47/><T120/><D120/><U39/><E39/><V26/><F5/><W117/><G46/><T28/><D58/><U123/><E123/><V68/><F122/><W63/><G117/><T33/><D1/><U108/><E108/><V61/><F109/><W118/><G119/><T30/><D33/><U6/><E6/><V13/><F45/><W91/><G118/><T86/><D103/><AGARI ba="0,1" hai="49,50,51,55,59,60,73,76,81,90,94,96,101,103" machi="103" ten="40,1300,0" yaku="1,1,53,0" doraHai="34" doraHaiUra="80" who="1" fromWho="0" sc="188,-13,225,23,332,0,245,0" owari="175,-32.0,248,5.0,332,42.0,245,-15.0" /></mjloggm>