<mjloggm ver="2.3"><GO type="169" lobby="0"/><UN n0="%E3%82%A6%E3%83%AB%E3%83%88%E3%83%A9%E7%AB%8B%E7%9B%B4" n1="%6B%69%79%6F%64%61%69" n2="%E4%B8%AD%E3%81%AE%E4%B8%8A" n3="%67%61%72%75%63%69%61" dan="17,17,16,16" rate="2156.42,2198.05,2108.51,2169.25" sx="M,M,M,M"/><TAIKYOKU oya="0"/><INIT seed="0,0,0,3,4,77" ten="250,250,250,250" oya="0" hai0="20,41,42,103,19,69,63,74,109,107,37,127,58" hai1="62,40,59,125,35,120,82,95,5,67,101,4,117" hai2="131,31,15,128,51,65,21,34,92,33,6,23,17" hai3="113,11,64,70,50,60,7,73,104,75,129,105,123"/><T32/><D32/><N who="2" m="12394" /><F65/><W121/><G50/><T116/><D116/><U53/><E117/><V96/><F51/><W76/><G113/><T118/><D118/><U54/><E35/><V29/><F92/><W78/><G129/><N who="2" m="49737" /><F96/><W24/><G24/><T98/><D69/><U72/><E120/><N who="3" m="46154" /><G78/><T14/><D37/><U12/><E125/><V87/><F87/><W26/><G26/><T2/><D127/><U126/><E126/><V27/><F6/><W10/><G10/><T80/><D42/><U57/><E5/><V93/><F93/><W68/><G68/><T16/><D41/><U8/><E40/><V88/><F88/><W56/><G56/><T81/><D58/><U99/><E72/><N who="3" m="27722" /><G76/><T133/><D74/><U71/><E71/><V119/><F119/><W135/><G135/><T114/><D133/><U48/><E67/><V91/><F91/><W94/><G94/><T83/><D63/><U134/><E134/><V49/><F49/><W112/><G112/><T43/><D114/><U28/><E57/><V124/><F124/><W13/><AGARI ba="0,0" hai="7,11,13,60,64,70,104,105" m="27722,46154" machi="13" ten="30,1100,0" yaku="13,1" doraHai="77" who="3" fromWho="3" sc="250,-5,250,-3,250,-3,250,11" /><INIT seed="1,0,0,4,4,61" ten="245,247,247,261" oya="1" hai0="43,107,120,98,5,88,40,59,73,76,75,28,110" hai1="83,26,101,42,115,132,3,17,123,90,112,89,72" hai2="46,22,67,48,91,20,14,25,134,21,97,80,84" hai3="29,55,58,10,52,69,68,33,104,82,24,70,65"/><U121/><E3/><V113/><F134/><W119/><G104/><T92/><D110/><U109/><E42/><V85/><F113/><N who="1" m="43593" /><E17/><V35/><F35/><W44/><G119/><T50/><D120/><N who="1" m="46155" /><E26/><V8/><F97/><W63/><G82/><T111/><D111/><U36/><E36/><V93/><F25/><W117/><G117/><T87/><D28/><U30/><E30/><V1/><F1/><W124/><G124/><T108/><D108/><U51/><E51/><V13/><F67/><W47/><REACH who="3" step="1"/><G10/><REACH who="3" ten="245,247,247,251" step="2"/><T39/><D107/><U99/><E109/><V133/><F8/><W103/><G103/><T77/><D75/><U23/><E132/><V114/><F133/><W15/><G15/><T116/><D73/><U128/><E128/><V102/><F114/><W6/><G6/><T37/><D5/><U95/><E23/><V81/><F81/><W2/><G2/><T7/><D7/><U0/><E0/><V62/><F102/><W105/><G105/><T86/><D116/><U60/><E72/><V129/><F129/><W38/><G38/><T56/><D39/><U18/><E83/><V4/><F4/><W16/><G16/><T118/><D37/><U131/><E18/><V27/><F27/><W57/><G57/><T78/><D118/><U71/><E131/><V31/><F31/><W45/><AGARI ba="0,1" hai="24,29,33,44,45,47,52,55,58,63,65,68,69,70" machi="45" ten="40,8000,1" yaku="1,1,0,1,52,1,54,1,53,0" doraHai="61" doraHaiUra="130" who="3" fromWho="3" sc="245,-20,247,-40,247,-20,251,90" /><INIT seed="2,0,0,3,0,75" ten="225,207,227,341" oya="2" hai0="105,20,89,101,38,41,53,47,119,64,109,43,58" hai1="4,96,3,131,85,132,12,17,112,0,127,61,121" hai2="36,87,33,6,135,129,88,117,19,59,26,63,130" hai3="8,29,49,9,91,82,5,83,44,39,86,13,123"/><V48/><F117/><W27/><G39/><T10/><D101/><U72/><E85/><V71/><F36/><W69/><G69/><T84/><D105/><U95/><E95/><V120/><F120/><W73/><G123/><T18/><D109/><U78/><E96/><V122/><F122/><W7/><G73/><T97/><D97/><U102/><E102/><V103/><F103/><W128/><G128/><N who="2" m="49257" /><F135/><W106/><G106/><T99/><D99/><U30/><E72/><V14/><F71/><W65/><G65/><T94/><D10/><U100/><E100/><V1/><F48/><W68/><G68/><T31/><D31/><U77/><E132/><V62/><F1/><W90/><G27/><T50/><D119/><U92/><E0/><V54/><F6/><W2/><G29/><T115/><D115/><U42/><E30/><N who="2" m="19671" /><F54/><W55/><G83/><T93/><D64/><U124/><E131/><V40/><F59/><W74/><G74/><T80/><D43/><U32/><E42/><V118/><F40/><W45/><G45/><T114/><D114/><U108/><E112/><V98/><F98/><W113/><G113/><T134/><D134/><U79/><E3/><V110/><F110/><W111/><G111/><T125/><D125/><U35/><E108/><V107/><F107/><W23/><G23/><T57/><D57/><U76/><E4/><V21/><F118/><W126/><G126/><N who="1" m="48170" /><E121/><V116/><F116/><W60/><G60/><N who="0" m="35919" /><D38/><U56/><N who="1" m="19456" /><DORA hai="133" /><U22/><E92/><AGARI ba="0,0" hai="14,19,21,62,63,87,88,92" m="19671,49257" machi="92" ten="30,2900,0" yaku="19,1,54,1" doraHai="75,133" who="2" fromWho="1" sc="225,0,207,-29,227,29,341,0" /><INIT seed="2,1,0,1,3,103" ten="225,178,256,341" oya="2" hai0="106,27,18,107,48,84,31,14,61,29,2,88,51" hai1="58,102,129,64,92,114,75,128,55,12,41,45,15" hai2="16,105,17,111,78,109,37,6,112,66,57,13,99" hai3="10,60,8,123,81,35,93,90,44,63,117,53,127"/><V124/><F112/><W56/><G123/><T0/><D61/><U62/><E75/><V69/><F69/><W108/><G117/><T96/><D96/><N who="1" m="59655" /><E114/><V28/><F37/><W100/><G35/><T49/><D2/><U71/><E64/><V42/><F42/><W131/><G108/><N who="2" m="41545" /><F124/><W120/><G120/><T24/><D0/><U65/><E65/><V79/><F28/><W119/><G119/><T47/><D47/><U113/><E113/><V74/><F99/><N who="3" m="59503" /><G127/><T133/><D133/><U21/><E21/><V54/><F66/><W89/><G131/><N who="1" m="50250" /><E71/><V72/><F105/><W34/><G34/><T116/><D116/><U19/><E19/><N who="2" m="7243" /><F6/><W22/><G22/><T25/><D31/><U20/><E20/><V126/><F13/><W130/><G130/><T67/><D29/><U1/><E1/><V77/><F126/><W86/><G8/><T7/><D7/><U9/><E9/><V50/><AGARI ba="1,0" hai="50,54,57,72,74,77,78,79" m="7243,41545" machi="50" ten="40,7800,0" yaku="14,1,10,1,54,1" doraHai="103" who="2" fromWho="2" sc="225,-27,178,-27,256,81,341,-27" /><INIT seed="2,2,0,0,3,107" ten="198,151,337,314" oya="2" hai0="117,47,16,13,6,122,32,38,69,82,88,0,110" hai1="53,44,116,121,19,131,133,95,86,30,50,92,10" hai2="5,20,132,8,64,105,115,65,97,60,43,114,73" hai3="103,134,9,1,57,35,55,40,2,71,36,7,17"/><V22/><F43/><W83/><G71/><T76/><D32/><U91/><E116/><V124/><F124/><W108/><G134/><T58/><D69/><U123/><E131/><V31/><F132/><W45/><G108/><T62/><D110/><U112/><E112/><V127/><F127/><W68/><G68/><T14/><D122/><U39/><E133/><V34/><F34/><W85/><G35/><T72/><D117/><U46/><E30/><V102/><F73/><W94/><G1/><T29/><D29/><U37/><E46/><V25/><F22/><W56/><G17/><T49/><D88/><U33/><E33/><V75/><F75/><W135/><G135/><T23/><D38/><U126/><E126/><V26/><F26/><W100/><G94/><T79/><D79/><U106/><E106/><V74/><F74/><W12/><G57/><T89/><D89/><U129/><E129/><V81/><F81/><W11/><G11/><T52/><D0/><U120/><REACH who="1" step="1"/><E92/><REACH who="1" ten="198,141,337,314" step="2"/><V128/><F128/><W99/><G45/><T118/><D118/><U18/><E18/><V42/><F115/><W24/><G7/><T111/><D111/><U28/><E28/><V98/><F114/><W125/><G125/><T77/><D6/><U93/><E93/><V59/><F5/><W109/><G109/><T27/><REACH who="0" step="1"/><D77/><REACH who="0" ten="188,141,337,314" step="2"/><U87/><E87/><V67/><F31/><W104/><G85/><T130/><D130/><U113/><E113/><V4/><F4/><W61/><G2/><T96/><D96/><U63/><E63/><V54/><F98/><W3/><G99/><RYUUKYOKU ba="2,2" sc="188,15,141,15,337,-15,314,-15" hai0="13,14,16,23,27,47,49,52,58,62,72,76,82" hai1="10,19,37,39,44,50,53,86,91,95,120,121,123" /><INIT seed="3,3,2,4,2,42" ten="203,156,322,299" oya="3" hai0="112,76,67,107,90,58,84,2,35,11,5,103,47" hai1="9,116,132,13,81,88,129,106,7,130,32,96,124" hai2="31,10,6,24,30,0,38,121,68,120,98,117,128" hai3="80,39,71,86,78,12,4,114,66,60,57,75,34"/><W131/><G114/><T134/><D35/><U104/><E32/><V70/><F117/><W74/><G34/><T108/><D112/><U122/><E122/><N who="2" m="47211" /><F128/><N who="1" m="49257" /><E116/><V40/><F98/><W50/><G131/><T127/><D76/><U48/><E124/><V73/><F73/><W77/><G39/><T52/><D103/><U22/><E132/><V87/><F87/><W56/><G78/><T26/><D107/><N who="1" m="41003" /><E48/><V125/><F125/><W126/><G126/><T45/><D134/><U65/><E65/><V25/><F40/><W20/><G71/><N who="2" m="27177" /><F38/><W85/><G74/><T15/><D67/><U94/><E22/><V33/><F33/><W64/><G20/><T21/><D127/><U82/><AGARI ba="3,2" hai="7,9,13,81,82,88,94,96" m="41003,49257" machi="82" ten="40,2700,0" yaku="19,1,54,1" doraHai="42" who="1" fromWho="1" sc="203,-10,156,56,322,-10,299,-16" /><INIT seed="4,0,0,3,5,125" ten="193,212,312,283" oya="0" hai0="12,4,29,21,88,37,31,99,118,5,103,123,78" hai1="0,45,39,128,134,13,130,17,80,114,64,50,62" hai2="6,121,2,120,44,28,69,115,38,34,3,74,18" hai3="49,112,77,35,56,16,93,124,71,96,122,47,61"/><T89/><D37/><U129/><E0/><N who="2" m="43" /><F6/><N who="0" m="2666" /><D123/><U11/><E114/><V58/><F58/><W54/><G112/><T19/><D118/><U9/><E134/><V82/><F18/><W119/><G119/><T86/><D78/><U23/><E80/><V24/><F69/><W20/><G35/><T76/><D76/><U73/><E73/><V7/><F7/><W1/><G1/><T22/><D22/><U14/><E14/><V40/><F115/><W59/><G122/><T106/><D106/><U105/><E105/><V132/><F132/><W65/><G77/><AGARI ba="0,0" hai="24,28,34,38,40,44,74,77,82,120,121" m="43" machi="77" ten="30,1000,0" yaku="23,1" doraHai="125" who="2" fromWho="3" sc="193,0,212,0,312,10,283,-10" /><INIT seed="5,0,0,4,0,134" ten="193,212,322,273" oya="1" hai0="49,105,31,91,16,60,92,132,104,97,25,4,39" hai1="64,77,17,124,1,12,65,126,68,121,46,42,10" hai2="106,85,86,23,27,40,47,19,69,88,50,101,81" hai3="43,123,62,54,38,2,125,32,133,111,15,34,115"/><U116/><E116/><V117/><F117/><W94/><G2/><T95/><D39/><U59/><E68/><V76/><F69/><W45/><G123/><T128/><D132/><U107/><E107/><V99/><REACH who="2" step="1"/><F86/><REACH who="2" ten="193,212,312,273" step="2"/><W13/><G133/><T72/><D72/><U129/><E121/><V57/><F57/><W35/><G111/><T21/><D128/><U61/><E129/><V55/><F55/><W36/><G54/><T26/><D60/><U41/><E65/><V8/><F8/><W51/><G62/><T53/><D4/><U84/><E1/><V9/><F9/><W82/><G34/><T71/><D71/><U103/><E103/><V7/><F7/><W37/><G35/><T112/><D112/><U5/><E5/><V78/><AGARI ba="0,1" hai="19,23,27,40,47,50,76,78,81,85,88,99,101,106" machi="78" ten="30,4000,0" yaku="1,1,0,1,54,1,53,0" doraHai="134" doraHaiUra="52" who="2" fromWho="2" sc="193,-10,212,-20,312,50,273,-10" /><INIT seed="6,0,0,2,5,59" ten="183,192,362,263" oya="2" hai0="116,5,75,105,30,28,67,133,114,52,45,128,22" hai1="19,48,14,37,109,108,106,84,107,47,129,34,64" hai2="89,120,49,73,3,100,9,90,118,7,8,36,123" hai3="70,2,57,46,53,117,4,29,12,20,96,80,0"/><V1/><F36/><W83/><G70/><T35/><D35/><U55/><E34/><V58/><F73/><W102/><G117/><T17/><D105/><U44/><E129/><V94/><F118/><W65/><G2/><T54/><D75/><U66/><E106/><V132/><F100/><W39/><G0/><T27/><D116/><U82/><E107/><V32/><F32/><W124/><G124/><T93/><D128/><U77/><E37/><V95/><F58/><W91/><G91/><T131/><D131/><U15/><E15/><V99/><F49/><W43/><G65/><T134/><D5/><U6/><E6/><V115/><F115/><W11/><G20/><T88/><D67/><U21/><E47/><V87/><F132/><N who="0" m="50794" /><D114/><U23/><E23/><V18/><F18/><W26/><G26/><N who="0" m="14671" /><D45/><U78/><E64/><V40/><F3/><W85/><G29/><N who="0" m="11371" /><D27/><U104/><E104/><V113/><F9/><W38/><G38/><T62/><D62/><U69/><REACH who="1" step="1"/><E78/><REACH who="1" ten="183,182,362,263" step="2"/><V103/><F113/><W60/><G4/><T122/><D122/><U97/><E97/><AGARI ba="0,1" hai="52,54,88,93,97" m="11371,14671,50794" machi="97" ten="30,3900,0" yaku="20,1,54,2" doraHai="59" who="0" fromWho="1" sc="183,49,182,-39,362,0,263,0" /><INIT seed="7,0,0,5,0,23" ten="232,143,362,263" oya="3" hai0="62,30,1,93,70,17,34,126,49,24,110,108,85" hai1="68,37,19,82,59,88,63,103,6,10,79,39,55" hai2="16,3,56,107,99,129,86,4,109,15,5,78,131" hai3="100,105,7,0,75,118,72,125,121,124,80,44,73"/><W112/><G118/><T106/><D49/><U51/><E103/><N who="2" m="62975" /><F109/><W20/><G121/><T102/><D17/><U41/><E19/><V12/><F3/><W133/><G112/><T87/><D126/><N who="3" m="48745" /><G133/><T54/><D54/><U58/><E68/><V83/><F56/><W117/><G117/><T33/><D33/><U104/><E104/><V29/><F29/><W76/><G44/><T123/><D123/><U114/><E114/><V21/><F15/><W57/><G100/><T122/><D122/><U27/><E41/><V32/><F32/><W26/><G105/><T35/><D35/><U43/><E43/><V46/><F46/><W92/><G92/><T89/><D1/><U113/><E113/><V71/><F71/><W101/><G101/><T2/><D2/><U111/><E111/><V47/><F47/><W60/><G7/><T8/><D8/><U95/><E10/><V31/><F31/><N who="3" m="17863" /><G0/><T135/><D135/><U132/><E6/><V64/><F4/><W77/><G80/><T11/><D102/><U67/><E132/><V120/><F5/><W66/><AGARI ba="0,0" hai="57,60,66,72,73,75,76,77" m="17863,48745" machi="66" ten="40,3900,0" yaku="18,1,52,1" doraHai="23" who="3" fromWho="3" sc="232,-13,143,-13,362,-13,263,39" /><INIT seed="7,1,0,2,2,113" ten="219,130,349,302" oya="3" hai0="87,86,57,95,132,35,119,76,63,78,0,81,109" hai1="16,15,48,112,34,53,83,50,47,13,72,8,121" hai2="55,68,115,43,123,104,52,74,122,107,93,75,103" hai3="46,20,9,133,92,116,24,32,118,12,61,89,94"/><W129/><G94/><T39/><D39/><U26/><E112/><V64/><F115/><W67/><G32/><T33/><D0/><U130/><E130/><V108/><F108/><W134/><G46/><T84/><D132/><N who="3" m="50793" /><G129/><T125/><D125/><U117/><E121/><N who="2" m="46091" /><F43/><W110/><G110/><T17/><D17/><U23/><E34/><V60/><F93/><W88/><G89/><T128/><D87/><U7/><E72/><N who="2" m="27691" /><F103/><W41/><G41/><T131/><D95/><U96/><E96/><V21/><F21/><W29/><G12/><T65/><D109/><U40/><E83/><V11/><F11/><W4/><G4/><T36/><D81/><U37/><E37/><V111/><F111/><W30/><G30/><T127/><D36/><U2/><E2/><V97/><F97/><N who="3" m="57479" /><G9/><T100/><D100/><U126/><E126/><V28/><F28/><W102/><G102/><T105/><D127/><U101/><E101/><V66/><F66/><W90/><G90/><T91/><D91/><U44/><REACH who="1" step="1"/><E117/><REACH who="1" ten="219,120,349,302" step="2"/><V49/><F107/><W73/><G73/><T80/><D119/><U51/><E51/><V58/><F104/><W42/><G42/><T1/><D105/><U6/><E6/><V18/><F49/><W124/><G124/><T22/><D1/><U120/><E120/><V5/><F5/><W69/><AGARI ba="1,1" hai="20,24,29,61,67,69,116,118" m="57479,50793" machi="69" ten="30,11700,0" yaku="20,1,52,2,54,1" doraHai="113" who="3" fromWho="3" sc="219,-40,120,-40,349,-40,302,130" owari="179,-22.0,80,-42.0,309,11.0,432,53.0" /></mjloggm>