<mjloggm ver="2.3"><GO type="169" lobby="0"/><UN n0="%E7%AB%8B%E8%8F%AF%E5%A5%8F" n1="%E3%81%AF%E3%82%8B%E3%81%8B%E3%83%BC" n2="%61%71%75%61%72%69%75%73" n3="%E5%B0%B1%E6%B4%BB%E7%94%9F%40%E5%B7%9D%E6%9D%91%E8%BB%8D%E5%9B%A3" dan="17,16,17,18" rate="2179.84,2009.17,2159.39,2274.32" sx="F,F,F,M"/><TAIKYOKU oya="0"/><INIT seed="0,0,0,3,4,75" ten="250,250,250,250" oya="0" hai0="32,66,90,127,83,94,72,8,42,19,129,128,67" hai1="10,2,124,105,65,91,24,55,59,3,25,96,118" hai2="73,114,17,20,108,56,120,95,117,107,69,70,63" hai3="5,77,78,4,49,34,54,33,64,23,89,58,68"/><T44/><D32/><U35/><E118/><V29/><F107/><W81/><G34/><T104/><D104/><U133/><E65/><V0/><F0/><W132/><G132/><T106/><D106/><U97/><E133/><V109/><F117/><W43/><G33/><T88/><D127/><U57/><E124/><V50/><F120/><W39/><G23/><T14/><D67/><U116/><E116/><V86/><F29/><W80/><G89/><T26/><D66/><U130/><E130/><N who="0" m="50281" /><D26/><U71/><E71/><V38/><F73/><W12/><G12/><T82/><D94/><U40/><E40/><V27/><F38/><W76/><G80/><N who="0" m="30763" /><D72/><U36/><E105/><V7/><F70/><W131/><G81/><T111/><D111/><U102/><E35/><V41/><F69/><W1/><G1/><T6/><D6/><U74/><E74/><V101/><F7/><W18/><G18/><T11/><D11/><U134/><E134/><V85/><F17/><W100/><G131/><T21/><D21/><U52/><E10/><V110/><F20/><W22/><G22/><T47/><D47/><U48/><E36/><AGARI ba="0,0" hai="8,14,19,36,42,44,88,90" m="30763,50281" machi="36" ten="30,2900,0" yaku="19,1,54,1" doraHai="75" who="0" fromWho="1" sc="250,29,250,-29,250,0,250,0" /><INIT seed="0,1,0,0,3,100" ten="279,221,250,250" oya="0" hai0="47,45,57,19,133,46,73,56,72,12,37,96,58" hai1="74,61,125,132,128,82,130,114,97,4,35,1,5" hai2="75,51,55,3,115,16,44,101,27,123,116,105,80" hai3="120,34,117,65,48,67,87,6,68,94,62,98,30"/><T111/><D37/><U52/><E35/><V43/><F3/><W127/><G117/><T77/><D133/><U31/><E31/><V54/><F115/><W20/><G120/><T81/><D111/><U23/><E114/><V60/><F123/><W126/><G65/><T53/><D96/><U108/><E108/><V28/><F75/><W95/><G6/><T59/><N who="0" m="14848" /><DORA hai="36" /><T92/><D92/><U79/><E125/><V2/><F60/><W38/><G38/><T29/><D29/><U64/><E132/><V13/><F80/><W83/><G34/><T26/><D26/><U124/><E124/><V39/><F2/><W102/><G48/><T50/><REACH who="0" step="1"/><D72/><REACH who="0" ten="269,221,250,250" step="2"/><N who="1" m="43367" /><E97/><V113/><F39/><W33/><G94/><T14/><D14/><U66/><E74/><V78/><F27/><W134/><G134/><T41/><D41/><U121/><E1/><V8/><F43/><W88/><G33/><T84/><D84/><U69/><E121/><V18/><F13/><W71/><G71/><T99/><D99/><U109/><E109/><V22/><F28/><W21/><G30/><T11/><AGARI ba="1,1" hai="11,12,19,45,46,47,50,53,73,77,81" m="14848" machi="11" ten="40,7800,0" yaku="1,1,0,1,53,1" doraHai="100,36" doraHaiUra="118,104" who="0" fromWho="0" sc="269,91,221,-27,250,-27,250,-27" /><INIT seed="0,2,0,4,0,133" ten="360,194,223,223" oya="0" hai0="4,38,77,69,87,94,95,12,21,31,99,134,10" hai1="16,18,129,128,88,36,130,45,22,74,6,121,82" hai2="49,109,60,5,79,35,15,14,110,103,61,102,90" hai3="114,92,66,43,127,65,56,96,105,3,39,17,0"/><T52/><D134/><U67/><E121/><V58/><F35/><W124/><G105/><T34/><D38/><U101/><E101/><N who="2" m="38411" /><F79/><W40/><G17/><T8/><D69/><U85/><E67/><N who="3" m="25610" /><G56/><T42/><D42/><N who="3" m="15913" /><G39/><T80/><D34/><U116/><E116/><V106/><F106/><W107/><G107/><T63/><D8/><U117/><E117/><V29/><F29/><W86/><G86/><T75/><D75/><U131/><E74/><V19/><F90/><N who="3" m="55319" /><G114/><T54/><D63/><U23/><E36/><V28/><F28/><W44/><G44/><T135/><D135/><U55/><E6/><V91/><F91/><W98/><G98/><T84/><D84/><U2/><E2/><V89/><F89/><W118/><G118/><T126/><D126/><AGARI ba="2,0" hai="0,3,124,126,127" m="55319,15913,25610" machi="126" ten="30,7700,0" yaku="18,1,52,3" doraHai="133" who="3" fromWho="0" sc="360,-83,194,0,223,0,223,83" /><INIT seed="1,0,0,1,0,8" ten="277,194,223,306" oya="1" hai0="48,27,88,5,74,57,85,121,122,23,131,107,60" hai1="22,116,100,64,58,40,43,117,7,10,113,127,76" hai2="19,55,11,42,97,96,0,77,134,15,50,102,31" hai3="99,130,81,80,119,78,49,29,20,84,25,14,39"/><U61/><E113/><V68/><F134/><W133/><G39/><T13/><D131/><U53/><E127/><V106/><F68/><W95/><G133/><T104/><D74/><U18/><E100/><V33/><F77/><W103/><G130/><T75/><D75/><U115/><E76/><V63/><F0/><W112/><G112/><T120/><D48/><U79/><E79/><V46/><F33/><W44/><G119/><T47/><D47/><U38/><E115/><V41/><F31/><W9/><G84/><T82/><D5/><U62/><E116/><V66/><REACH who="2" step="1"/><F97/><REACH who="2" ten="277,194,213,306" step="2"/><W69/><G69/><T86/><D122/><U28/><E117/><V72/><F72/><W2/><G2/><T16/><D86/><U98/><E98/><V135/><F135/><W70/><G70/><T111/><D111/><U67/><E28/><V128/><F128/><W65/><G78/><T114/><D114/><U6/><E38/><V56/><AGARI ba="0,1" hai="11,15,19,41,42,46,50,55,56,63,66,96,102,106" machi="56" ten="20,5200,0" yaku="1,1,0,1,7,1,52,1,53,0" doraHai="8" doraHaiUra="132" who="2" fromWho="2" sc="277,-13,194,-26,213,62,306,-13" /><INIT seed="2,0,0,1,4,62" ten="264,168,275,293" oya="2" hai0="12,134,116,74,60,47,37,24,81,31,68,84,64" hai1="89,120,92,33,87,86,39,66,76,82,115,44,15" hai2="79,58,43,114,130,70,57,29,55,100,50,59,51" hai3="71,80,90,18,107,128,41,105,3,75,5,48,2"/><V42/><F79/><W49/><G71/><T65/><D116/><U93/><E115/><V26/><F114/><W36/><G18/><T35/><D134/><U117/><E117/><V133/><F133/><W17/><G17/><T72/><D12/><U108/><E120/><V19/><F130/><W97/><G3/><T10/><D10/><U91/><E33/><V8/><F70/><W56/><G56/><T61/><D47/><U83/><E108/><V118/><F118/><W23/><G23/><T102/><D102/><U45/><E76/><V13/><F100/><W96/><G96/><T40/><D40/><U63/><E15/><V52/><REACH who="2" step="1"/><F58/><REACH who="2" ten="264,168,265,293" step="2"/><W0/><G128/><T123/><D123/><U121/><E121/><V38/><F38/><W127/><G36/><T104/><D37/><U54/><E39/><V77/><F77/><W129/><G129/><T16/><D104/><U67/><E63/><V28/><F28/><W69/><G107/><T113/><D113/><U103/><E103/><V30/><F30/><W119/><G105/><T132/><D132/><U131/><E131/><V112/><F112/><W32/><G69/><T94/><D31/><U125/><E125/><V14/><F14/><W126/><G126/><T73/><D68/><U78/><E78/><V27/><F27/><W122/><G122/><T101/><D24/><U95/><E95/><V53/><F53/><AGARI ba="0,1" hai="44,45,53,54,66,67,82,83,86,87,89,91,92,93" machi="53" ten="25,8000,1" yaku="22,2,8,1,52,2" doraHai="62" who="1" fromWho="2" sc="264,0,168,90,265,-80,293,0" /><INIT seed="3,0,0,3,1,100" ten="264,258,185,293" oya="3" hai0="125,39,124,86,31,48,90,56,47,26,123,12,15" hai1="22,14,33,44,82,74,72,116,62,65,18,37,28" hai2="117,59,41,131,80,104,112,5,23,29,57,58,30" hai3="9,120,108,110,8,81,130,32,109,84,24,113,63"/><W34/><G113/><T134/><D123/><U0/><E0/><V129/><F5/><W79/><G120/><T66/><D134/><U78/><E116/><V71/><F71/><W128/><G63/><T99/><D99/><U11/><E72/><V87/><F41/><W127/><G127/><N who="0" m="48715" /><D39/><U96/><E96/><V64/><F64/><W17/><G17/><T70/><D70/><U92/><E92/><V103/><F117/><W55/><G55/><N who="0" m="30111" /><D56/><U98/><E98/><N who="2" m="61559" /><F23/><W114/><G114/><T53/><D53/><U6/><E44/><V54/><F54/><W95/><G95/><N who="0" m="54743" /><D66/><U91/><E37/><V43/><F43/><W60/><G60/><T105/><D105/><U101/><E62/><V36/><F36/><W88/><G79/><T49/><D49/><U102/><E65/><V1/><F1/><W122/><G122/><T38/><D38/><U132/><E91/><N who="2" m="51687" /><F112/><W51/><G51/><T97/><D97/><U135/><E33/><AGARI ba="0,0" hai="12,15,26,31,33" m="54743,30111,48715" machi="33" ten="30,1000,0" yaku="18,1" doraHai="100" who="0" fromWho="1" sc="264,10,258,-10,185,0,293,0" /><INIT seed="4,0,0,1,1,84" ten="274,248,185,293" oya="0" hai0="119,135,53,39,47,75,34,123,61,35,59,117,56" hai1="23,21,118,54,124,30,97,2,104,37,63,60,102" hai2="17,40,116,5,24,110,92,50,71,11,42,29,27" hai3="83,96,36,22,105,3,128,26,6,15,133,55,103"/><T44/><D75/><U13/><E2/><V41/><F71/><W33/><G36/><T66/><D123/><U106/><E124/><V32/><F116/><W112/><G112/><T64/><D34/><U57/><E37/><V65/><F65/><W79/><G128/><T67/><D35/><U95/><E118/><V80/><F110/><W31/><G133/><T76/><D76/><U68/><E23/><V114/><F114/><W25/><G55/><T69/><D135/><U12/><E12/><V94/><F80/><W90/><G3/><T109/><D109/><U16/><E30/><V99/><F50/><W52/><G52/><N who="0" m="33927" /><D119/><U78/><E78/><V18/><F27/><W111/><G111/><T87/><D87/><U127/><E127/><V86/><F94/><W130/><G130/><T49/><D117/><U62/><REACH who="1" step="1"/><E68/><REACH who="1" ten="274,238,185,293" step="2"/><V1/><REACH who="2" step="1"/><F86/><REACH who="2" ten="274,238,175,293" step="2"/><W73/><G26/><T77/><D77/><U8/><E8/><V100/><AGARI ba="0,2" hai="1,5,11,17,18,24,29,32,40,41,42,92,99,100" machi="100" ten="30,7900,0" yaku="1,1,2,1,0,1,53,1" doraHai="84" doraHaiUra="20" who="2" fromWho="2" sc="274,-39,238,-20,175,99,293,-20" /><INIT seed="5,0,0,3,0,6" ten="235,218,274,273" oya="1" hai0="70,83,25,23,108,13,15,20,120,126,55,123,17" hai1="135,0,103,43,129,95,100,65,79,4,99,127,130" hai2="101,131,12,10,118,51,33,26,62,59,98,48,54" hai3="88,116,92,134,71,133,105,84,42,86,124,3,75"/><U132/><E65/><V115/><F118/><W80/><G71/><T104/><D70/><U112/><E112/><V36/><F36/><W29/><G29/><T78/><D104/><U18/><E43/><V106/><F131/><N who="1" m="50185" /><E18/><V74/><F74/><W35/><G35/><T52/><D108/><U39/><E39/><V57/><F115/><W1/><G75/><T77/><D126/><U97/><E127/><V58/><F33/><W32/><G32/><T8/><D15/><U46/><E46/><V125/><F26/><W31/><G31/><T21/><D25/><U41/><E41/><V107/><F125/><W28/><G28/><T56/><D56/><U128/><N who="1" m="50193" /><U87/><DORA hai="91" /><E4/><V27/><F27/><W53/><G105/><T22/><N who="0" m="5632" /><DORA hai="5" /><T121/><D77/><U85/><E0/><V93/><F59/><W73/><G42/><T110/><D110/><U24/><E24/><V117/><F117/><W40/><G40/><T68/><D68/><U72/><E72/><AGARI ba="0,0" hai="8,13,17,52,55,72,78,83,120,121,123" m="5632" machi="72" ten="60,8000,1" yaku="13,1,52,2,54,1" doraHai="6,91,5" who="0" fromWho="1" sc="235,80,218,-80,274,0,273,0" /><INIT seed="6,0,0,1,0,105" ten="315,138,274,273" oya="2" hai0="121,1,20,128,135,11,9,88,64,48,74,79,89" hai1="37,15,97,19,100,129,83,65,31,46,52,40,42" hai2="124,56,133,122,91,59,95,6,28,27,132,54,111" hai3="71,14,50,112,131,101,109,49,98,99,3,7,58"/><V94/><F122/><W10/><G71/><T93/><D121/><U53/><E129/><V116/><F116/><W26/><G109/><T107/><D128/><U2/><E2/><V76/><F6/><W134/><G131/><T18/><D107/><U84/><E65/><V23/><F76/><W38/><G38/><T125/><D125/><U72/><E31/><V60/><F124/><W57/><G3/><T66/><D135/><U106/><E42/><V104/><F104/><W32/><G134/><N who="2" m="51817" /><F111/><W34/><G112/><T102/><D102/><U51/><E37/><V45/><F91/><W63/><G57/><T77/><D1/><U21/><REACH who="1" step="1"/><E72/><REACH who="1" ten="315,128,274,273" step="2"/><V108/><F108/><W0/><G0/><T4/><D74/><U30/><E30/><V8/><F28/><W17/><G34/><T85/><D64/><U36/><E36/><V68/><F54/><W117/><G32/><T55/><D66/><U5/><E5/><V87/><F68/><W78/><G7/><T103/><D4/><U24/><E24/><V75/><F27/><W16/><G26/><T92/><D55/><U13/><E13/><V80/><F75/><W44/><G17/><T62/><D18/><U81/><E81/><V130/><F80/><W96/><G16/><T113/><D9/><U33/><E33/><V90/><F8/><W47/><G10/><T120/><D11/><U70/><E70/><V86/><F130/><W118/><G118/><T12/><D120/><U39/><E39/><V61/><F23/><W110/><G117/><T25/><D20/><U29/><E29/><V73/><F73/><RYUUKYOKU ba="0,1" sc="315,-10,128,30,274,-10,273,-10" hai1="15,19,21,40,46,51,52,53,83,84,97,100,106" /><INIT seed="7,1,1,3,0,74" ten="305,158,264,263" oya="3" hai0="95,33,114,67,46,57,133,40,92,59,2,127,117" hai1="96,107,3,104,16,79,56,41,62,15,42,81,24" hai2="36,89,53,18,20,4,86,29,134,32,80,129,38" hai3="26,14,118,124,130,84,13,109,119,28,7,61,91"/><W77/><G124/><T121/><D127/><U52/><E3/><V85/><F4/><W64/><G130/><T68/><D117/><U51/><E24/><V70/><F70/><W31/><G109/><T71/><D121/><U88/><E104/><V21/><F32/><W34/><G31/><T116/><D116/><U23/><E107/><V76/><F53/><W27/><G27/><T132/><D2/><U125/><E125/><V111/><F111/><W72/><G14/><T44/><D33/><U87/><E62/><V122/><F29/><W135/><G135/><T17/><D17/><U106/><E106/><V75/><F21/><W128/><G128/><T48/><D114/><U47/><E47/><V49/><F49/><W25/><G25/><T30/><D30/><U10/><E10/><V98/><F129/><W100/><G100/><T126/><D126/><U55/><E55/><V73/><F134/><N who="0" m="51818" /><D44/><U50/><E51/><V101/><F75/><W97/><G7/><T99/><D95/><AGARI ba="1,1" hai="15,16,23,41,42,50,52,56,79,81,87,88,95,96" machi="95" ten="40,8000,1" yaku="8,1,52,1,54,3" doraHai="74" who="1" fromWho="0" sc="305,-83,158,93,264,0,263,0" /><INIT seed="8,0,0,3,2,12" ten="222,251,264,263" oya="0" hai0="75,102,3,18,118,101,71,39,63,46,41,50,22" hai1="55,110,6,29,21,15,70,13,87,111,95,30,7" hai2="113,11,85,42,33,97,99,72,100,105,82,128,96" hai3="133,112,26,134,131,92,45,24,61,14,58,124,17"/><T44/><D75/><U78/><E70/><V10/><F33/><W62/><G112/><T2/><D118/><U74/><E74/><V69/><F69/><W1/><G1/><T36/><D71/><U98/><E55/><V115/><F42/><W126/><G45/><T121/><D121/><U88/><E110/><V91/><F10/><N who="3" m="6359" /><G92/><T93/><D63/><N who="3" m="24073" /><G58/><T106/><D106/><U0/><E111/><V67/><F11/><W47/><G47/><T59/><D59/><U86/><E0/><V68/><F67/><W80/><G80/><T66/><D66/><U129/><E129/><V16/><F128/><W60/><G60/><T122/><D122/><U4/><E87/><V40/><F40/><W27/><G131/><T65/><D65/><U84/><E84/><V123/><F123/><W34/><G34/><T51/><D93/><U94/><E78/><V53/><F68/><W125/><AGARI ba="0,0" hai="24,26,27,124,125,126,133,134" m="24073,6359" machi="125" ten="40,2700,0" yaku="18,1,52,1" doraHai="12" who="3" fromWho="3" sc="222,-13,251,-7,264,-7,263,27" /><INIT seed="9,0,0,0,0,45" ten="209,244,257,290" oya="1" hai0="123,38,130,109,82,98,1,31,83,94,78,41,133" hai1="72,16,6,80,36,77,61,104,116,58,111,52,17" hai2="106,112,117,18,81,99,70,30,28,65,23,114,66" hai3="76,60,15,55,67,21,43,73,91,2,79,10,24"/><U125/><E116/><V22/><F81/><W132/><G2/><T62/><D109/><U101/><E111/><V89/><F99/><W53/><G43/><T14/><D1/><U75/><E75/><V47/><F47/><W29/><G91/><T88/><D123/><U120/><E120/><V0/><F89/><W105/><G105/><T54/><D130/><U93/><E36/><V103/><F106/><W32/><G32/><T96/><D133/><U7/><E104/><V86/><F86/><W4/><G132/><T49/><D38/><U9/><E125/><V110/><F0/><W19/><G29/><T87/><D31/><U44/><E44/><V35/><F70/><W84/><G73/><T134/><D134/><U48/><E61/><V57/><F110/><W27/><G27/><T90/><D41/><U69/><E69/><V85/><F85/><W40/><G40/><T5/><D62/><U39/><E39/><V12/><F117/><W129/><G129/><T108/><D108/><U95/><E95/><V97/><F112/><W100/><G100/><T118/><D118/><U113/><E113/><V46/><F103/><W71/><G84/><N who="0" m="48215" /><D98/><N who="1" m="59599" /><E6/><V63/><F114/><W128/><G128/><T50/><D54/><U51/><E7/><V74/><F74/><W8/><G55/><T13/><D5/><U25/><E25/><V11/><F35/><W119/><G53/><T68/><D68/><U37/><E37/><V33/><F33/><W115/><G115/><T20/><D13/><N who="1" m="7215" /><E17/><AGARI ba="0,0" hai="14,17,20,49,50,83,87,88,90,94,96" m="48215" machi="17" ten="30,7700,0" yaku="8,1,52,2,54,1" doraHai="45" who="0" fromWho="1" sc="209,77,244,-77,257,0,290,0" /><INIT seed="10,0,0,0,1,127" ten="286,167,257,290" oya="2" hai0="134,28,16,26,110,67,71,88,126,124,50,30,7" hai1="1,122,116,64,52,27,132,93,60,114,75,22,99" hai2="95,77,15,19,92,104,11,42,44,43,130,10,9" hai3="45,57,103,23,46,97,4,59,48,76,25,61,112"/><V121/><F121/><W36/><G112/><T101/><D110/><U85/><E75/><V131/><F104/><W65/><G36/><T128/><D101/><U72/><E72/><V13/><F77/><W12/><G76/><T63/><D7/><U84/><E1/><V79/><F79/><W24/><G57/><T133/><D50/><U86/><E114/><V94/><F43/><W41/><G46/><T39/><D39/><U47/><E116/><V58/><F58/><W32/><G32/><T73/><D73/><U135/><E122/><V0/><F0/><W8/><G23/><N who="0" m="13671" /><D88/><U51/><E135/><N who="0" m="51721" /><D128/><N who="2" m="49194" /><F19/><W74/><G74/><T107/><D107/><AGARI ba="0,0" hai="4,8,12,24,25,41,45,48,59,61,65,97,103,107" machi="107" ten="30,1000,0" yaku="7,1" doraHai="127" who="3" fromWho="0" sc="286,-10,167,0,257,0,290,10" owari="276,8.0,167,-33.0,257,-14.0,300,39.0" /></mjloggm>