<mjloggm ver="2.3"><GO type="169" lobby="0"/><UN n0="%6E%65%77%6A%61%63%6B" n1="%E6%97%85%E4%BA%BA%E3%81%A1%E3%82%88%E3%81%99%E3%81%91" n2="%E3%81%99%E3%81%BF%E3%82%84%E3%81%AB" n3="%E3%82%A6%E3%83%AB%E3%83%88%E3%83%A9%E7%AB%8B%E7%9B%B4" dan="16,17,18,17" rate="2042.93,2180.21,2241.95,2142.98" sx="M,M,M,M"/><TAIKYOKU oya="0"/><INIT seed="0,0,0,3,3,126" ten="250,250,250,250" oya="0" hai0="5,94,92,90,44,122,95,75,76,60,120,101,61" hai1="130,102,55,14,50,36,66,98,97,17,16,35,15" hai2="104,63,29,41,4,105,20,107,93,79,8,85,124" hai3="131,99,39,78,86,25,57,117,100,56,59,74,1"/><T46/><D5/><U88/><E36/><V11/><F124/><W31/><G117/><T77/><D101/><U2/><E2/><V135/><F135/><W22/><G39/><T132/><D95/><U49/><E35/><V24/><F41/><W68/><G68/><T83/><D75/><U18/><E130/><V48/><F48/><W6/><G131/><T125/><D125/><U3/><E3/><V27/><F63/><W58/><G74/><T81/><REACH who="0" step="1"/><D90/><REACH who="0" ten="240,250,250,250" step="2"/><U112/><E102/><V106/><F4/><W91/><G6/><T129/><D129/><U34/><E88/><N who="2" m="53391" /><F107/><W47/><G1/><T82/><D82/><U111/><E112/><V37/><F106/><W52/><G78/><T72/><D72/><U13/><E111/><V121/><F105/><W87/><G100/><T108/><D108/><U89/><E89/><V123/><F104/><W128/><G128/><T96/><D96/><U115/><E115/><V38/><F79/><W134/><G99/><T26/><D26/><U7/><E7/><V109/><F109/><W84/><G91/><T51/><D51/><U62/><E49/><V9/><F38/><W127/><G127/><T133/><AGARI ba="0,1" hai="44,46,60,61,76,77,81,83,92,94,120,122,132,133" machi="133" ten="25,9600,0" yaku="1,1,0,1,22,2,53,0" doraHai="126" doraHaiUra="28" who="0" fromWho="0" sc="240,106,250,-32,250,-32,250,-32" /><INIT seed="0,1,0,3,0,9" ten="346,218,218,218" oya="0" hai0="127,22,80,40,99,125,15,64,104,17,116,78,85" hai1="26,89,58,98,24,45,42,23,79,75,91,107,7" hai2="74,2,82,51,8,126,12,31,129,100,60,10,123" hai3="49,114,33,43,122,32,76,115,134,13,71,44,117"/><T94/><D116/><U55/><E7/><V56/><F123/><W101/><G117/><T1/><D1/><U77/><E24/><V35/><F126/><N who="0" m="48138" /><D64/><U128/><E128/><V133/><F129/><W68/><G122/><T36/><D104/><U21/><E21/><V81/><F133/><W111/><G134/><T118/><D118/><U90/><E75/><V61/><F100/><W38/><G101/><N who="0" m="60663" /><D40/><U108/><E108/><V88/><F35/><W132/><G111/><T65/><D65/><U95/><E107/><V73/><F31/><W102/><G102/><T112/><D112/><U103/><E45/><V47/><F8/><W0/><G0/><T109/><D109/><U120/><E42/><V41/><F61/><W70/><G132/><T131/><D131/><U113/><E113/><V20/><F20/><W86/><G33/><T57/><D57/><U121/><E120/><V92/><F74/><W16/><G32/><T72/><D72/><U27/><E121/><V54/><F73/><W46/><G46/><T30/><D30/><N who="1" m="17759" /><E27/><V97/><REACH who="2" step="1"/><F2/><REACH who="2" ten="346,218,208,218" step="2"/><W4/><G114/><T87/><D22/><U84/><E84/><V130/><F130/><W14/><G86/><T50/><D87/><U37/><E37/><V83/><F83/><W69/><G38/><T96/><D36/><U53/><E103/><V19/><AGARI ba="1,1" hai="10,12,19,41,47,51,54,56,60,81,82,88,92,97" machi="19" ten="20,12000,2" yaku="1,1,0,1,7,1,8,1,52,1,54,1,53,0" doraHai="9" doraHaiUra="25" who="2" fromWho="2" sc="346,-61,218,-31,208,133,218,-31" /><INIT seed="1,0,0,1,2,82" ten="285,187,341,187" oya="1" hai0="101,31,25,84,10,86,102,118,119,112,80,122,12" hai1="63,111,35,17,123,29,48,59,70,91,126,32,105" hai2="33,4,73,64,87,39,132,103,6,77,62,8,1" hai3="133,52,13,14,19,81,75,109,99,56,26,88,18"/><U51/><E123/><V135/><F33/><W125/><G109/><T61/><D112/><U124/><E105/><V34/><F34/><W106/><G125/><N who="1" m="48234" /><E111/><V7/><F39/><W89/><G133/><N who="2" m="51273" /><F103/><N who="0" m="39434" /><D119/><U37/><E37/><V20/><F20/><N who="3" m="13599" /><G106/><T98/><D118/><U53/><E17/><V5/><F73/><W22/><G75/><T128/><D122/><U117/><E117/><V120/><F120/><W27/><G89/><T46/><D80/><U130/><E130/><V113/><F113/><W21/><G21/><N who="0" m="15791" /><D128/><U107/><E107/><V9/><F9/><W93/><G81/><T42/><D98/><U121/><E121/><V79/><F87/><N who="0" m="33322" /><D61/><AGARI ba="0,0" hai="13,14,18,22,27,52,56,61,88,93,99" m="13599" machi="61" ten="30,7700,0" yaku="25,1,8,1,54,2" doraHai="82" who="3" fromWho="0" sc="285,-77,187,0,341,0,187,77" /><INIT seed="2,0,0,4,0,2" ten="208,187,341,264" oya="2" hai0="118,60,126,49,4,12,122,38,61,102,84,121,105" hai1="30,133,43,25,17,97,81,76,33,94,115,7,74" hai2="5,86,109,62,50,46,90,21,124,53,1,71,31" hai3="20,59,119,83,22,14,64,41,45,117,89,66,111"/><V35/><F35/><W3/><G3/><T113/><D38/><U57/><E115/><V23/><F124/><W72/><G111/><T10/><D113/><U34/><E133/><V16/><F109/><W127/><G127/><T70/><D126/><U130/><E130/><V27/><F71/><W37/><G22/><T108/><D108/><U129/><E129/><V69/><F69/><W93/><G83/><T104/><D118/><U114/><E114/><V51/><F62/><W13/><G72/><T106/><D102/><U120/><E120/><V28/><F51/><W52/><G64/><T91/><D49/><U125/><E43/><V67/><F67/><W123/><G66/><T75/><D75/><U82/><E82/><V98/><F98/><W99/><G123/><T32/><D32/><U11/><E33/><V8/><REACH who="2" step="1"/><F23/><REACH who="2" ten="208,187,331,264" step="2"/><W79/><G20/><T134/><D61/><U9/><E125/><V6/><F6/><W80/><G117/><T110/><D110/><U107/><E7/><V36/><F36/><W85/><G119/><T100/><D60/><AGARI ba="0,1" hai="13,14,37,41,45,52,59,60,79,80,85,89,93,99" machi="60" ten="30,2000,0" yaku="7,1,54,1" doraHai="2" who="3" fromWho="0" sc="208,-20,187,0,331,0,264,30" /><INIT seed="3,0,0,2,3,95" ten="188,187,331,294" oya="3" hai0="38,135,33,117,76,87,44,67,73,70,49,2,30" hai1="68,105,45,26,84,65,89,86,20,88,9,107,101" hai2="104,127,71,13,16,40,118,66,80,12,55,1,25" hai3="109,56,28,64,92,7,113,82,5,3,6,122,34"/><W78/><G122/><T108/><D117/><U46/><E9/><V10/><F118/><W131/><G113/><T85/><D108/><U52/><E68/><V23/><F127/><W14/><G3/><T94/><D135/><U19/><E65/><V36/><F104/><W99/><G109/><T58/><D70/><U119/><E119/><V54/><F1/><W75/><G131/><T21/><D33/><U32/><E32/><V57/><F13/><W22/><G34/><T93/><D2/><U132/><E132/><V114/><F80/><W72/><G72/><T69/><D69/><U98/><E107/><V63/><F114/><W100/><G14/><T111/><D111/><U124/><E124/><V133/><F133/><W123/><G123/><T37/><D73/><U61/><E86/><N who="0" m="32777" /><D38/><U39/><E39/><V126/><F126/><W106/><G106/><T51/><D37/><U47/><REACH who="1" step="1"/><E84/><REACH who="1" ten="188,177,331,294" step="2"/><V79/><F71/><W121/><G121/><T115/><D115/><U0/><E0/><V27/><F10/><W42/><G64/><T83/><D83/><U41/><E41/><V29/><F40/><W81/><G42/><N who="0" m="24727" /><D76/><U43/><E43/><V90/><F79/><W35/><G35/><T134/><D134/><U116/><E116/><V48/><F36/><W31/><G82/><T91/><D67/><U17/><E17/><V60/><F66/><W96/><G81/><T4/><D4/><U110/><E110/><V120/><F16/><W18/><G78/><T59/><D21/><U50/><E50/><V74/><F48/><W103/><G5/><T130/><D51/><RYUUKYOKU ba="0,1" sc="188,-10,177,30,331,-10,294,-10" hai1="19,20,26,45,46,47,52,61,88,89,98,101,105" /><INIT seed="4,1,1,0,5,53" ten="178,207,321,284" oya="0" hai0="93,49,28,68,35,50,85,126,81,59,69,84,127" hai1="109,132,112,58,46,62,102,119,7,121,13,8,61" hai2="110,113,120,2,97,90,30,44,96,1,104,47,38" hai3="17,95,64,131,80,128,3,134,71,37,70,54,98"/><T0/><D0/><U57/><E109/><V87/><F110/><W19/><G3/><T82/><D93/><U11/><E119/><V94/><F120/><W25/><G37/><T73/><D73/><U56/><E121/><V45/><F38/><W125/><G80/><T105/><D105/><U14/><E132/><V130/><F30/><W21/><G64/><T48/><D48/><U122/><E122/><V107/><F113/><W103/><G134/><T117/><D117/><U106/><E112/><V34/><F34/><W92/><G125/><T63/><D63/><U26/><E26/><V129/><F87/><W32/><G32/><T66/><D66/><U9/><E46/><V116/><F116/><W88/><G19/><T16/><D35/><U124/><E124/><V60/><F60/><W5/><G5/><T15/><D15/><U12/><E7/><V10/><F10/><W72/><G54/><T133/><D133/><U65/><REACH who="1" step="1"/><E65/><REACH who="1" ten="178,197,321,284" step="2"/><V41/><F47/><W78/><G25/><T22/><D28/><U31/><E31/><V24/><F24/><W100/><G17/><T123/><D123/><U40/><E40/><V76/><F41/><W115/><G115/><T51/><D16/><U33/><E33/><V27/><F27/><W86/><G131/><T114/><D114/><U74/><E74/><V42/><F42/><W118/><G72/><T77/><D127/><U79/><E79/><V108/><F76/><W83/><G118/><T29/><D126/><U55/><E55/><V91/><F108/><W89/><G128/><T20/><D77/><U67/><E67/><RYUUKYOKU ba="1,2" sc="178,-15,197,15,321,15,284,-15" hai1="8,9,11,12,13,14,56,57,58,61,62,102,106" hai2="1,2,44,45,90,91,94,96,97,104,107,129,130" /><INIT seed="5,2,2,4,5,7" ten="163,212,336,269" oya="1" hai0="69,80,126,30,68,121,105,120,6,93,70,35,29" hai1="64,45,4,28,44,89,79,36,63,52,16,20,24" hai2="129,73,14,66,103,17,135,9,101,38,74,99,23" hai3="100,115,15,25,54,62,133,124,0,107,78,134,86"/><U37/><E79/><V132/><F38/><W31/><G0/><T48/><D105/><U92/><E4/><V77/><F129/><W67/><G115/><T108/><D108/><U125/><E125/><V94/><F66/><W83/><G54/><T119/><D119/><U110/><E110/><V61/><F61/><W18/><G124/><T19/><D126/><U60/><E63/><V76/><F103/><W95/><G95/><T42/><D6/><U112/><E112/><V34/><F34/><W116/><G116/><T75/><D93/><U72/><E72/><N who="2" m="27755" /><F23/><W65/><G65/><T33/><D19/><U117/><E117/><V39/><F39/><N who="1" m="14921" /><E28/><N who="0" m="10857" /><D42/><U56/><E64/><V59/><F59/><W97/><G18/><T118/><D118/><U50/><E50/><V113/><F113/><W21/><REACH who="3" step="1"/><G15/><REACH who="3" ten="163,212,336,259" step="2"/><T104/><D104/><U22/><E22/><V3/><F3/><W11/><G11/><T2/><D2/><U128/><E128/><V127/><F127/><W82/><G82/><T130/><D130/><U46/><E46/><V32/><F9/><W1/><G1/><T53/><D80/><U51/><E51/><V57/><F14/><W91/><G91/><T131/><D131/><U84/><E45/><V43/><F17/><W102/><G102/><T114/><D114/><U122/><E44/><V12/><F12/><W96/><G96/><T88/><D88/><U111/><E111/><V49/><F99/><W58/><AGARI ba="2,3" hai="21,25,31,58,62,67,78,83,86,97,100,107,133,134" machi="58" ten="30,2000,0" yaku="1,1,0,1,53,0" doraHai="7" doraHaiUra="5" who="3" fromWho="3" sc="163,-7,212,-12,336,-7,259,56" /><INIT seed="6,0,0,5,0,113" ten="156,200,329,315" oya="2" hai0="123,8,88,57,2,109,72,125,97,20,128,42,68" hai1="52,44,12,25,102,79,63,114,33,56,77,117,98" hai2="87,93,126,100,16,108,118,38,60,122,6,0,131" hai3="28,41,106,116,53,39,66,59,64,62,74,130,84"/><V120/><F38/><W9/><G74/><T110/><D123/><U111/><E114/><V85/><F126/><W65/><G106/><T81/><D68/><U34/><E111/><V22/><F108/><W7/><G130/><T82/><D125/><U89/><E117/><V132/><F118/><W43/><G116/><T11/><D128/><U27/><E89/><V15/><F131/><W121/><G39/><T55/><D110/><U83/><E34/><V14/><F0/><W45/><G121/><T76/><D109/><U103/><E103/><V35/><F35/><W119/><G119/><T99/><D42/><U67/><E12/><V75/><F75/><W48/><G28/><T18/><D2/><U78/><E83/><N who="0" m="31753" /><D72/><U94/><REACH who="1" step="1"/><E33/><REACH who="1" ten="156,190,329,315" step="2"/><V124/><F122/><W86/><G41/><T17/><D76/><U96/><E96/><N who="0" m="36937" /><D88/><U80/><E80/><V19/><F120/><W30/><G43/><T23/><D23/><U115/><E115/><V13/><F124/><W135/><G86/><T32/><D32/><U133/><E133/><V37/><F132/><W73/><G84/><T47/><D20/><U91/><E91/><V104/><F87/><W51/><G135/><T69/><D11/><U90/><E90/><V105/><F85/><W112/><G9/><T40/><D8/><U54/><E54/><V70/><F22/><W127/><G53/><T29/><D55/><U58/><E58/><V3/><F15/><W49/><G73/><T26/><D57/><U1/><E1/><V5/><F3/><W21/><G112/><T129/><D129/><U31/><E31/><RYUUKYOKU ba="0,1" sc="156,-10,190,30,329,-10,315,-10" hai1="25,27,44,52,56,63,67,77,78,79,94,98,102" /><INIT seed="7,1,1,2,2,68" ten="146,220,319,305" oya="3" hai0="111,71,95,24,58,86,11,88,62,100,48,25,12" hai1="75,42,104,134,129,52,45,85,117,90,107,32,113" hai2="10,31,44,67,49,112,19,97,65,36,114,125,22" hai3="128,0,57,28,9,13,99,64,63,115,27,3,8"/><W17/><G128/><T96/><D111/><U133/><E75/><V102/><F36/><W89/><G115/><N who="2" m="44073" /><F10/><W16/><G9/><T82/><D71/><U53/><E113/><V21/><F31/><W1/><G17/><T54/><REACH who="0" step="1"/><D62/><REACH who="0" ten="136,220,319,305" step="2"/><U61/><E129/><V6/><F125/><W122/><G122/><T70/><D70/><U76/><E117/><V29/><F67/><W105/><G64/><T50/><D50/><U91/><E61/><V59/><F65/><W87/><G63/><T131/><D131/><U81/><E134/><V2/><F49/><W120/><G120/><T5/><AGARI ba="1,2" hai="5,11,12,24,25,48,54,58,82,86,88,95,96,100" machi="5" ten="20,8000,1" yaku="1,1,0,1,7,1,8,1,54,1,53,0" doraHai="68" doraHaiUra="14" who="0" fromWho="0" sc="136,103,220,-21,319,-21,305,-41" /><INIT seed="8,0,0,4,1,107" ten="239,199,298,264" oya="0" hai0="15,16,72,82,7,85,36,99,86,122,23,104,26" hai1="89,33,54,113,126,130,78,103,3,43,77,119,40" hai2="28,88,21,134,0,125,79,90,13,57,81,117,124" hai3="133,50,114,66,87,105,51,35,62,48,71,9,24"/><T75/><D122/><U123/><E123/><V41/><F0/><W14/><G114/><T64/><D36/><U94/><E113/><V108/><F108/><W12/><G133/><T63/><D86/><U118/><E3/><V112/><F134/><W101/><G87/><T56/><D104/><U30/><E103/><V102/><F102/><W128/><G128/><T84/><D84/><N who="1" m="52519" /><E130/><V69/><F69/><W95/><G95/><T58/><D99/><U19/><E126/><N who="2" m="48747" /><F117/><N who="1" m="44553" /><E19/><N who="2" m="10479" /><F28/><W52/><G101/><T11/><D58/><U27/><E54/><V5/><F5/><W83/><G52/><T135/><D135/><U31/><E31/><V80/><F80/><W97/><G83/><T34/><D34/><U120/><E120/><V47/><F57/><W129/><G71/><T6/><D6/><U32/><E32/><V37/><F112/><W109/><G35/><T2/><D2/><U55/><E55/><V74/><AGARI ba="0,0" hai="37,41,47,74,79,81,88,90" m="10479,48747" machi="74" ten="30,4000,0" yaku="18,1,52,1,54,1" doraHai="107" who="2" fromWho="2" sc="239,-20,199,-10,298,40,264,-10" owari="219,-18.0,189,-31.0,338,44.0,254,5.0" /></mjloggm>