<mjloggm ver="2.3"><GO type="225" lobby="0"/><UN n0="%E3%81%AD%E3%81%93%E3%81%A0%E3%81%BE" n1="%E5%B0%B1%E6%B4%BB%E7%94%9F%40%E5%B7%9D%E6%9D%91%E8%BB%8D%E5%9B%A3" n2="%45%6D%75%72%61%74%65%64" n3="%E5%A7%89%E5%B8%AF%E8%B1%8A%E9%9F%B3%40%E5%85%AD%E6%9B%9C" dan="16,18,16,16" rate="2143.58,2220.48,2123.06,2096.97" sx="M,M,M,F"/><TAIKYOKU oya="0"/><INIT seed="0,0,0,5,5,126" ten="250,250,250,250" oya="0" hai0="67,124,39,93,31,47,43,49,40,82,121,1,71" hai1="73,90,125,37,115,38,61,65,76,34,20,12,117" hai2="107,87,79,26,116,30,7,133,131,22,122,123,8" hai3="127,69,70,44,63,89,92,52,91,41,111,33,81"/><T32/><D121/><U14/><E34/><V64/><F107/><W103/><G33/><T58/><D1/><U10/><E125/><V94/><F116/><W130/><G127/><T16/><D124/><U62/><E117/><V13/><F64/><W5/><G5/><T35/><D82/><U36/><E115/><V112/><F112/><W19/><G111/><T18/><D93/><U53/><E90/><V109/><F109/><W24/><G103/><T80/><D80/><U0/><E76/><V83/><F133/><W132/><G132/><T120/><D43/><U25/><E73/><V96/><REACH who="2" step="1"/><F131/><REACH who="2" ten="250,250,240,250" step="2"/><W128/><G130/><T3/><D120/><U77/><E65/><V114/><F114/><W51/><G128/><T21/><D3/><U60/><E0/><V102/><AGARI ba="0,1" hai="7,8,13,22,26,30,79,83,87,94,96,102,122,123" machi="102" ten="20,2700,0" yaku="1,1,0,1,7,1,53,0" doraHai="126" doraHaiUra="85" who="2" fromWho="2" sc="250,-13,250,-7,240,37,250,-7" /><INIT seed="1,0,0,2,2,19" ten="237,243,277,243" oya="1" hai0="100,80,72,69,70,128,48,5,58,56,66,114,57" hai1="17,88,59,91,21,61,54,113,9,71,84,26,121" hai2="98,67,112,77,86,102,125,8,68,25,111,24,110" hai3="53,93,99,129,74,135,64,126,60,108,7,22,3"/><U120/><E113/><V23/><F112/><W41/><G74/><T34/><D34/><U78/><E71/><N who="0" m="27145" /><D5/><U6/><E78/><V90/><F77/><W47/><G64/><T73/><D80/><U118/><E118/><V13/><F125/><W81/><G135/><T131/><D100/><U28/><E28/><V12/><F25/><W49/><G129/><N who="0" m="49739" /><D114/><U75/><E75/><N who="0" m="28745" /><D48/><U96/><E96/><V92/><F8/><W134/><G99/><T55/><D55/><U32/><E32/><V18/><F67/><AGARI ba="0,0" hai="56,57,58,66,67" m="28745,49739,27145" machi="67" ten="40,5200,0" yaku="28,2,19,1" doraHai="19" who="0" fromWho="2" sc="237,52,243,0,277,-52,243,0" /><INIT seed="2,0,0,1,5,0" ten="289,243,225,243" oya="2" hai0="34,69,31,104,17,78,54,10,113,105,124,68,42" hai1="75,25,28,60,129,96,118,73,79,5,36,22,52" hai2="106,83,55,128,14,94,65,45,117,20,37,76,102" hai3="53,48,16,95,49,2,127,44,58,63,41,56,61"/><V81/><F117/><W107/><G2/><T86/><D42/><U82/><E36/><V123/><F123/><W115/><G107/><T15/><D54/><U23/><E129/><V47/><F106/><W67/><G115/><T85/><D68/><U132/><E132/><V13/><F128/><W35/><G35/><T50/><D50/><U114/><E114/><V103/><F65/><W64/><G127/><T133/><D69/><U33/><E75/><V26/><F37/><N who="3" m="21551" /><G95/><T119/><D113/><U9/><E96/><N who="2" m="59671" /><F103/><W12/><G12/><N who="2" m="4713" /><F55/><N who="3" m="31855" /><G16/><T91/><D133/><U39/><E39/><V110/><F110/><W8/><G8/><T1/><D1/><U93/><E118/><V109/><F109/><W40/><G61/><T74/><D104/><U46/><E93/><V62/><F62/><W6/><G6/><T77/><D105/><U101/><E101/><V70/><F70/><W72/><G72/><T121/><D124/><U131/><E131/><V90/><F76/><W21/><G21/><T57/><D78/><U125/><E125/><V92/><F81/><W100/><G100/><T112/><D77/><U122/><E122/><V116/><F116/><W43/><G67/><T19/><D121/><U111/><E111/><V99/><F83/><W80/><G80/><T32/><D119/><U11/><E11/><V89/><F89/><W98/><G98/><T38/><D10/><U24/><E60/><V97/><F97/><W108/><G108/><T130/><D74/><U134/><E134/><V3/><F3/><W7/><G7/><T18/><D112/><U51/><E25/><RYUUKYOKU ba="0,0" sc="289,-30,243,10,225,10,243,10" hai1="5,9,22,23,24,28,33,46,51,52,73,79,82" hai2="20,26,45,47,90,92,99" hai3="40,43,48,53,58,63,64" /><INIT seed="2,1,0,3,2,60" ten="259,253,235,253" oya="2" hai0="99,56,81,20,63,40,35,42,97,131,117,120,135" hai1="88,51,84,7,100,47,48,28,93,134,37,31,66" hai2="90,115,8,130,124,108,109,53,55,101,23,64,46" hai3="68,57,89,85,13,125,111,105,104,73,96,112,18"/><V45/><F115/><W41/><G112/><T87/><D35/><U110/><E110/><N who="2" m="42603" /><F130/><W61/><G68/><T44/><D120/><U91/><E134/><V26/><F124/><W58/><G73/><T74/><D74/><U71/><E100/><V33/><F33/><W50/><G125/><T123/><D123/><U16/><E7/><V30/><F101/><W36/><G36/><T54/><D135/><U43/><E91/><V65/><F8/><W72/><G72/><T106/><D131/><U34/><E34/><V19/><F90/><W118/><G118/><T129/><D117/><U103/><E103/><V32/><F53/><W39/><G39/><T80/><D20/><U122/><E122/><V22/><F22/><W95/><G105/><T67/><D129/><U27/><E37/><V10/><F10/><N who="3" m="6455" /><G104/><T126/><D126/><U75/><E48/><N who="2" m="29071" /><F46/><N who="3" m="25935" /><G111/><T59/><D106/><U128/><E128/><V127/><F127/><W14/><G14/><AGARI ba="1,0" hai="14,19,23,26,30,32,64,65" m="29071,42603" machi="14" ten="30,11600,0" yaku="14,1,10,1,52,2" doraHai="60" who="2" fromWho="3" sc="259,0,253,0,235,119,253,-119" /><INIT seed="2,2,0,2,4,135" ten="259,253,354,134" oya="2" hai0="3,38,61,99,45,40,97,127,33,117,62,13,104" hai1="102,54,6,82,7,32,48,19,119,69,111,118,0" hai2="129,130,51,55,64,124,112,41,105,29,87,123,65" hai3="100,60,134,14,10,114,39,35,110,74,43,5,81"/><V108/><F87/><W70/><G134/><T85/><D3/><U22/><E32/><V86/><F86/><W67/><G114/><T15/><D33/><U76/><E69/><V122/><F105/><W63/><G110/><T28/><D28/><U42/><E111/><V93/><F93/><W44/><G63/><T79/><D117/><U36/><E102/><V90/><F90/><W59/><G59/><T115/><D115/><U116/><E42/><V68/><F29/><W95/><G35/><T89/><D79/><U101/><E36/><V133/><F41/><W23/><G23/><T103/><D97/><U72/><E101/><V106/><F106/><W53/><G53/><T4/><D4/><U56/><REACH who="1" step="1"/><E0/><REACH who="1" ten="259,243,354,134" step="2"/><V46/><F68/><W113/><G113/><T121/><D103/><U52/><E52/><V66/><F112/><W83/><REACH who="3" step="1"/><G74/><REACH who="3" ten="259,243,354,124" step="2"/><T9/><D40/><U58/><E58/><V109/><F109/><W132/><G132/><T92/><D62/><U11/><E11/><V20/><F108/><W125/><G125/><T37/><D61/><U94/><E94/><V31/><F124/><W120/><G120/><T107/><D121/><U57/><E57/><V21/><F133/><W1/><G1/><T84/><D127/><U126/><E126/><V96/><F123/><W75/><G75/><T50/><D9/><U8/><E8/><V88/><F122/><W24/><G24/><AGARI ba="2,2" hai="6,7,19,22,24,48,54,56,72,76,82,116,118,119" machi="24" ten="40,1300,0" yaku="1,1,53,0" doraHai="135" doraHaiUra="25" who="1" fromWho="3" sc="259,0,243,39,354,0,124,-19" /><INIT seed="3,0,0,3,4,0" ten="259,282,354,105" oya="3" hai0="58,2,90,18,101,95,41,71,59,114,6,60,135" hai1="8,94,4,33,34,45,73,102,52,5,22,42,118" hai2="111,53,11,84,99,89,20,92,88,124,17,130,75" hai3="64,36,110,39,16,35,54,105,9,51,108,82,46"/><W57/><G105/><T62/><D101/><U133/><E73/><V80/><F75/><W49/><G35/><T37/><D18/><U112/><E112/><V55/><F130/><W38/><G82/><T70/><D6/><N who="1" m="2667" /><E33/><V109/><F11/><W76/><G76/><T129/><D90/><U27/><E34/><V132/><F124/><W13/><REACH who="3" step="1"/><G64/><REACH who="3" ten="259,282,354,95" step="2"/><N who="0" m="38935" /><D95/><U65/><E65/><V113/><F113/><W26/><G26/><T77/><D77/><U122/><E94/><V25/><F132/><W3/><G3/><T68/><D2/><U134/><E134/><V91/><F92/><W56/><G56/><T126/><D114/><U123/><E133/><V81/><F81/><W47/><G47/><N who="0" m="23983" /><D135/><U116/><E122/><V7/><F80/><W104/><G104/><T103/><D126/><U117/><E123/><V107/><F107/><W21/><G21/><T63/><D59/><U1/><E1/><V15/><F7/><W127/><G127/><T29/><D71/><U43/><E8/><V72/><F20/><W115/><G115/><T96/><D70/><U120/><E120/><V28/><F25/><W100/><G100/><T24/><D68/><U40/><E102/><V131/><F15/><W83/><G83/><T85/><D24/><U128/><E22/><V79/><F79/><W48/><G48/><T10/><D10/><U12/><E27/><V32/><F32/><W23/><G23/><T98/><D103/><U30/><E12/><V14/><F14/><W121/><G121/><T106/><D106/><U119/><N who="1" m="30208" /><DORA hai="61" /><U31/><E128/><V66/><F131/><RYUUKYOKU ba="0,1" sc="259,-15,282,15,354,-15,95,15" hai1="30,31,40,42,43,45,52" hai3="9,13,16,36,38,39,46,49,51,54,57,108,110" /><INIT seed="3,1,1,1,0,45" ten="244,297,339,110" oya="3" hai0="31,57,103,91,129,81,64,35,51,3,0,34,63" hai1="115,25,1,19,43,85,69,126,47,4,17,40,11" hai2="5,41,68,112,50,38,72,104,127,87,105,128,70" hai3="10,6,65,73,99,89,100,77,16,46,83,13,56"/><W84/><G46/><T27/><D35/><U110/><E115/><V96/><F72/><W92/><G56/><T117/><D117/><U33/><E69/><V78/><F38/><W121/><G121/><T39/><D39/><U71/><E71/><V49/><F112/><W29/><G65/><T133/><D103/><U21/><E110/><V90/><F41/><W58/><G58/><T9/><D51/><U131/><E126/><V23/><F49/><W15/><G29/><T55/><D9/><U7/><E131/><V37/><F50/><W14/><REACH who="3" step="1"/><G6/><REACH who="3" ten="244,297,339,100" step="2"/><T32/><D57/><U80/><E7/><V30/><F5/><W24/><G24/><T114/><D64/><U8/><E47/><V61/><F30/><W18/><G18/><T88/><D31/><U20/><E40/><V86/><F70/><W2/><G2/><T118/><D0/><U134/><E43/><V97/><F68/><W108/><G108/><T42/><D3/><U48/><E4/><V93/><F37/><W106/><AGARI ba="1,2" hai="10,13,14,15,16,73,77,83,84,89,92,99,100,106" machi="106" ten="20,18000,2" yaku="1,1,0,1,7,1,24,2,54,1,53,0" doraHai="45" doraHaiUra="135" who="3" fromWho="3" sc="244,-61,297,-61,339,-61,100,203" owari="183,-32.0,236,-16.0,278,8.0,303,40.0" /></mjloggm>