<mjloggm ver="2.3"><GO type="169" lobby="0"/><UN n0="%E5%B0%B1%E6%B4%BB%E7%94%9F%40%E5%B7%9D%E6%9D%91%E8%BB%8D%E5%9B%A3" n1="%E9%87%8E%E3%80%85%E5%AE%AE%E8%97%8D" n2="%EF%BC%A0%E3%81%BF%E3%82%84" n3="%E3%81%B9%E3%81%A3%E3%81%93%E3%83%BC%E2%99%AA" dan="17,16,17,16" rate="2189.63,2030.67,2134.75,2117.36" sx="M,F,M,F"/><TAIKYOKU oya="0"/><INIT seed="0,0,0,4,2,76" ten="250,250,250,250" oya="0" hai0="114,39,18,8,11,72,78,22,28,109,77,98,1" hai1="58,132,7,106,42,135,68,130,84,83,50,67,12" hai2="64,113,79,99,49,134,65,46,127,123,5,27,44" hai3="59,66,126,54,112,80,93,3,94,121,26,97,6"/><T122/><D122/><U25/><E106/><V32/><F123/><W92/><G112/><T20/><D114/><U0/><E0/><V61/><F113/><W128/><G128/><T23/><D39/><U17/><E130/><V118/><F127/><W30/><G121/><T4/><D109/><U89/><E7/><V75/><F134/><N who="1" m="51241" /><E25/><V41/><F118/><W125/><G6/><T101/><D28/><U14/><E68/><V96/><F5/><W120/><G3/><T2/><D2/><U71/><E71/><V48/><F32/><W37/><G37/><T35/><D35/><U111/><E111/><V47/><F27/><W16/><G30/><T45/><D45/><N who="1" m="25911" /><E17/><V102/><F47/><W107/><G107/><T74/><D74/><U95/><E95/><V57/><F64/><W133/><G66/><T13/><REACH who="0" step="1"/><D72/><REACH who="0" ten="240,250,250,250" step="2"/><U34/><E34/><V55/><F75/><W124/><G120/><T119/><D119/><U52/><E67/><V104/><F46/><W51/><G133/><T115/><D115/><U70/><E70/><V21/><F44/><W43/><G43/><T69/><D69/><U10/><E10/><V53/><F41/><W86/><G124/><T9/><D9/><U19/><E19/><V88/><F65/><W38/><G38/><T63/><D63/><AGARI ba="0,1" hai="12,14,52,58,63,83,84,89" m="25911,51241" machi="63" ten="30,3900,0" yaku="20,1,52,1,54,1" doraHai="76" who="1" fromWho="0" sc="240,-39,250,49,250,0,250,0" /><INIT seed="1,0,0,1,4,18" ten="201,299,250,250" oya="1" hai0="121,116,71,80,1,120,30,82,28,106,98,91,60" hai1="132,122,46,61,112,92,88,9,104,79,56,35,25" hai2="133,14,57,96,70,37,107,129,130,66,93,34,31" hai3="95,81,76,59,52,19,78,85,47,13,11,48,68"/><U62/><E122/><N who="0" m="47209" /><D1/><U114/><E104/><V17/><F37/><W51/><G68/><T113/><D113/><U99/><E132/><V73/><F73/><W97/><G78/><T100/><D116/><U29/><E79/><V94/><F133/><W119/><G119/><T118/><D118/><U15/><E46/><V123/><F123/><W131/><G131/><N who="2" m="50185" /><F70/><W42/><G97/><T27/><D91/><U105/><E105/><V4/><F4/><W135/><G135/><T134/><D134/><U111/><E111/><V86/><F86/><W125/><G95/><T87/><D87/><U40/><E40/><V75/><F75/><W69/><G69/><T124/><D30/><U89/><E89/><V115/><F115/><W49/><REACH who="3" step="1"/><G125/><REACH who="3" ten="201,299,250,240" step="2"/><T12/><D124/><U84/><E99/><V55/><F96/><W0/><G0/><T53/><D82/><U117/><E117/><V102/><F107/><W54/><G54/><T63/><D80/><U24/><E114/><V58/><F94/><W109/><G109/><T65/><D53/><U103/><E112/><V127/><F93/><W5/><G5/><T10/><D71/><U72/><E103/><V110/><F102/><W41/><G41/><T7/><D65/><U128/><E128/><V20/><F127/><W50/><AGARI ba="0,1" hai="11,13,19,42,47,48,49,50,51,52,59,76,81,85" machi="50" ten="20,12000,2" yaku="1,1,0,1,7,1,8,1,54,1,53,1" doraHai="18" doraHaiUra="6" who="3" fromWho="3" sc="201,-30,299,-60,250,-30,240,130" /><INIT seed="2,0,0,3,0,54" ten="171,239,220,370" oya="2" hai0="57,24,116,42,52,15,34,118,119,58,12,39,25" hai1="112,20,82,55,44,125,80,75,51,91,115,86,90" hai2="131,29,27,123,113,56,102,45,68,96,135,121,134" hai3="81,62,36,94,11,92,127,107,74,23,79,83,18"/><V120/><F68/><W109/><G109/><T76/><D76/><U130/><E125/><V60/><F113/><W50/><G36/><T117/><N who="0" m="29696" /><DORA hai="5" /><T38/><D34/><U100/><E130/><V43/><F131/><W53/><G107/><T35/><D35/><U72/><E100/><V1/><F1/><W14/><G62/><N who="0" m="36135" /><D42/><U64/><E64/><N who="2" m="38919" /><F27/><N who="0" m="10314" /><D58/><U73/><E73/><V6/><F29/><W69/><G69/><T87/><D87/><U101/><E72/><V126/><F126/><W40/><G40/><T132/><D132/><N who="2" m="50730" /><F43/><W3/><G127/><T10/><D15/><U93/><E75/><V41/><F41/><W31/><G74/><T63/><D63/><U13/><E112/><V33/><F33/><W133/><G79/><T47/><D47/><U46/><E115/><V103/><F45/><N who="3" m="27855" /><G3/><T84/><D84/><N who="1" m="50439" /><E46/><V129/><F129/><W85/><G85/><T108/><D108/><U4/><E82/><N who="3" m="31242" /><G133/><T128/><D128/><U16/><E101/><N who="2" m="38411" /><F96/><W104/><G104/><T30/><D30/><U32/><E32/><V8/><F121/><W88/><G31/><T17/><AGARI ba="0,0" hai="10,12,17,38,39" m="10314,36135,29696" machi="17" ten="60,8000,1" yaku="12,1,52,2,54,1" doraHai="54,5" who="0" fromWho="0" sc="171,80,239,-20,220,-40,370,-20" /><INIT seed="3,0,0,0,2,90" ten="251,219,180,350" oya="3" hai0="21,40,23,105,64,39,63,11,87,49,41,7,50" hai1="2,101,66,4,70,124,75,35,118,104,134,98,6" hai2="129,85,34,127,135,131,123,25,126,115,99,82,94" hai3="32,56,30,8,92,71,24,106,74,102,9,132,13"/><W116/><G116/><T109/><D105/><U117/><E75/><V58/><F58/><W47/><G74/><T36/><D109/><U96/><E124/><N who="2" m="47659" /><F34/><W1/><G71/><T33/><D33/><U60/><E134/><V53/><F53/><W125/><G132/><T20/><D87/><U122/><E122/><V91/><F135/><W133/><G106/><T89/><D89/><U65/><E65/><V10/><F123/><W3/><G133/><T72/><D72/><U51/><E2/><V81/><F25/><W97/><G9/><T78/><D78/><U55/><E35/><V93/><F10/><W19/><G125/><T86/><D86/><U114/><E114/><V80/><F115/><W31/><G31/><T37/><D11/><U107/><E117/><V76/><F94/><W14/><G14/><T110/><D7/><U16/><E118/><V57/><F57/><W103/><G56/><T119/><D110/><U48/><E48/><V100/><F100/><W42/><G103/><T77/><D77/><U28/><E28/><V43/><F43/><W12/><G12/><T67/><D63/><U113/><E113/><V84/><F84/><W88/><G102/><T44/><D119/><U38/><E101/><V120/><F120/><W26/><G26/><T95/><D95/><U73/><E107/><V112/><F112/><W5/><G5/><N who="1" m="2154" /><E104/><V46/><F46/><AGARI ba="0,0" hai="20,21,23,36,37,39,40,41,44,46,49,50,64,67" machi="46" ten="50,1600,0" yaku="9,1" doraHai="90" who="0" fromWho="2" sc="251,16,219,0,180,-16,350,0" /><INIT seed="4,0,0,3,3,40" ten="267,219,164,350" oya="0" hai0="65,134,31,110,122,66,54,34,120,113,92,82,16" hai1="21,79,22,91,63,41,133,7,53,128,80,29,105" hai2="107,64,68,44,129,96,84,0,118,83,13,42,115" hai3="123,119,116,101,106,32,48,99,51,27,95,104,67"/><T45/><D34/><U114/><E105/><V55/><F0/><W46/><G123/><T75/><D31/><U24/><E128/><V73/><F115/><W38/><G67/><T37/><D113/><U6/><E114/><V49/><F129/><W125/><G125/><T20/><D134/><U81/><E133/><V8/><F118/><W117/><G38/><T70/><D110/><U89/><E41/><V98/><F73/><W126/><G51/><T77/><D92/><U2/><E21/><V78/><F107/><W28/><G126/><T112/><D112/><U1/><E1/><V124/><F124/><W111/><G111/><T135/><D135/><U131/><E131/><V108/><F108/><W109/><G109/><T86/><D75/><U33/><E33/><V61/><REACH who="2" step="1"/><F55/><REACH who="2" ten="267,219,154,350" step="2"/><W23/><G117/><T88/><D120/><U74/><E2/><V12/><F12/><W71/><G116/><T60/><D122/><U127/><E127/><V3/><F3/><W102/><G106/><T87/><D66/><U4/><E53/><V5/><AGARI ba="0,1" hai="5,8,13,42,44,49,61,64,68,78,83,84,96,98" machi="5" ten="20,16000,3" yaku="1,1,0,1,7,1,25,2,52,1,53,2" doraHai="40" doraHaiUra="93" who="2" fromWho="2" sc="267,-80,219,-40,154,170,350,-40" /><INIT seed="5,0,0,0,5,76" ten="187,179,324,310" oya="1" hai0="68,117,103,59,12,66,89,33,113,15,51,45,110" hai1="80,67,65,56,60,123,44,98,111,135,54,1,119" hai2="46,133,32,31,81,27,120,25,131,109,52,130,49" hai3="22,70,121,0,24,69,64,7,73,6,13,115,11"/><U17/><E119/><V50/><F109/><W93/><G121/><T29/><D110/><U125/><E123/><V132/><F120/><W127/><G127/><T23/><D117/><U2/><E111/><V92/><F92/><W134/><G64/><T85/><D68/><U100/><E125/><V104/><F104/><W106/><G106/><T88/><D33/><U40/><E135/><N who="2" m="51787" /><F25/><W74/><G93/><T55/><D103/><U94/><E17/><V82/><F49/><W10/><G134/><T62/><D113/><U18/><E18/><V72/><F72/><W41/><G115/><T71/><D71/><U26/><E26/><V58/><F58/><W96/><G70/><T14/><D89/><U9/><E80/><AGARI ba="0,0" hai="27,31,32,46,50,52,80,81,82,130,131" m="51787" machi="80" ten="30,8000,1" yaku="20,1,52,3,54,1" doraHai="76" who="2" fromWho="1" sc="187,0,179,-80,324,80,310,0" /><INIT seed="6,0,0,5,2,126" ten="187,99,404,310" oya="2" hai0="106,51,36,53,29,132,116,21,123,83,89,20,105" hai1="19,130,60,35,118,72,114,91,112,102,124,44,81" hai2="67,99,70,125,62,15,135,46,43,18,119,73,56" hai3="77,131,78,30,129,28,9,13,115,74,40,6,50"/><V41/><F119/><W111/><G111/><T54/><D36/><U127/><E35/><V93/><F125/><N who="1" m="48201" /><E118/><V38/><F135/><W75/><G115/><N who="1" m="44074" /><E19/><V37/><F73/><W121/><G121/><T27/><D132/><U82/><E60/><V25/><F25/><W98/><G98/><T8/><D116/><U31/><E31/><V120/><F120/><W2/><G75/><T45/><D123/><U22/><E22/><V97/><F70/><W4/><G74/><T64/><D64/><U63/><E63/><V133/><F133/><W69/><G69/><T10/><D21/><U90/><E44/><V26/><F26/><W12/><G40/><T71/><D71/><U55/><E55/><V134/><F134/><W33/><G50/><T3/><D53/><U103/><E130/><V14/><F46/><W61/><G61/><T68/><D68/><U128/><E128/><N who="3" m="49226" /><G6/><T52/><D54/><U11/><E11/><V17/><F62/><W108/><G108/><T94/><D10/><U85/><E91/><V7/><F7/><W34/><G34/><T117/><D8/><U109/><E109/><V80/><F67/><W96/><G33/><T104/><D117/><U95/><E95/><V49/><F49/><W39/><G39/><T107/><D94/><U32/><E32/><V65/><F65/><W66/><G66/><T24/><D106/><U92/><E92/><V86/><F41/><W88/><G30/><T84/><D3/><U1/><E1/><V113/><F43/><W100/><G28/><N who="0" m="17415" /><D107/><U76/><AGARI ba="0,0" hai="72,76,81,82,85,90,102,103" m="44074,48201" machi="76" ten="40,8000,1" yaku="18,1,15,1,34,2" doraHai="126" who="1" fromWho="1" sc="187,-20,99,80,404,-40,310,-20" /><INIT seed="7,0,0,1,1,58" ten="167,179,364,290" oya="3" hai0="135,116,98,14,113,28,77,72,117,105,8,78,52" hai1="106,0,94,129,32,59,128,45,56,121,26,36,40" hai2="54,104,86,92,53,97,102,27,62,99,30,101,103" hai3="3,22,4,35,87,66,125,20,126,82,76,44,89"/><W85/><G35/><T65/><D65/><U19/><E121/><V115/><F115/><W39/><G66/><T13/><D113/><U91/><E106/><V1/><F1/><W5/><G20/><T83/><D135/><U80/><E80/><V119/><F119/><W112/><G22/><T84/><D28/><N who="1" m="19479" /><E19/><V51/><F62/><W74/><G112/><T71/><D71/><U120/><E0/><V67/><F67/><W18/><G18/><T2/><D2/><U15/><E15/><V133/><F133/><W49/><G39/><T132/><D132/><U109/><E109/><V88/><F101/><W46/><G74/><T48/><D14/><U69/><E69/><V43/><F43/><W107/><G107/><T70/><D70/><U23/><E23/><V81/><F51/><W57/><G3/><T17/><D78/><U6/><E6/><V130/><F130/><N who="1" m="50281" /><E120/><V68/><F68/><W34/><G34/><AGARI ba="0,0" hai="27,30,34,53,54,81,86,88,92,97,99,102,103,104" machi="34" ten="30,2000,0" yaku="7,1,54,1" doraHai="58" who="2" fromWho="3" sc="167,0,179,0,364,20,290,-20" owari="167,-33.0,179,-22.0,384,48.0,270,7.0" /></mjloggm>