<mjloggm ver="2.3"><GO type="41" lobby="0"/><UN n0="%74%61%6B%75%74%6F%35%35" n1="%E5%B0%B1%E6%B4%BB%E7%94%9F%40%E5%B7%9D%E6%9D%91%E8%BB%8D%E5%9B%A3" n2="%E3%81%BD%E3%82%80%E3%81%8B%E3%82%88" n3="%73%69%69%79%61" dan="13,17,15,13" rate="1822.60,2193.20,1991.45,1924.69" sx="M,M,F,M"/><TAIKYOKU oya="0"/><INIT seed="0,0,0,1,1,100" ten="250,250,250,250" oya="0" hai0="18,106,49,54,28,97,39,6,126,105,99,12,24" hai1="92,91,52,1,55,2,68,58,129,80,45,122,16" hai2="47,85,75,134,124,29,51,113,21,76,57,107,7" hai3="22,120,111,46,93,19,61,127,33,50,14,37,36"/><T65/><D39/><U117/><E68/><V17/><F113/><W40/><G33/><T77/><D77/><U66/><E117/><V71/><F71/><W23/><G111/><T53/><D6/><U69/><E122/><V133/><F75/><W109/><G109/><T89/><D65/><U56/><E129/><V35/><F7/><W62/><G120/><T123/><D123/><U64/><E45/><V70/><F70/><W43/><G127/><T101/><D126/><U20/><E80/><V104/><F124/><W25/><G93/><T103/><D89/><U81/><E81/><N who="2" m="47271" /><F57/><W73/><G73/><T86/><D49/><N who="1" m="30735" /><E1/><V8/><F8/><W15/><G50/><T4/><D86/><N who="1" m="52343" /><E2/><V59/><F59/><W121/><G121/><T34/><REACH who="0" step="1"/><D4/><REACH who="0" ten="240,250,250,250" step="2"/><U131/><E69/><V42/><F51/><W82/><G37/><T130/><D130/><U74/><E131/><V116/><F116/><W125/><G36/><T41/><D41/><U84/><E84/><V38/><F42/><W9/><G43/><T135/><D135/><U63/><E74/><V110/><F38/><W115/><G40/><T119/><D119/><U72/><E72/><V102/><F110/><W27/><G125/><T11/><AGARI ba="0,1" hai="11,12,18,24,28,34,53,54,97,99,101,103,105,106" machi="11" ten="20,18000,2" yaku="1,1,0,1,7,1,9,1,52,2,53,0" doraHai="100" doraHaiUra="0" who="0" fromWho="0" sc="240,190,250,-60,250,-60,250,-60" /><INIT seed="0,1,0,2,1,8" ten="430,190,190,190" oya="0" hai0="91,59,102,30,87,31,89,72,32,24,46,1,83" hai1="97,67,52,53,49,117,25,93,71,76,22,50,39" hai2="6,127,37,105,34,29,132,98,135,55,36,85,108" hai3="33,66,43,100,56,77,4,21,64,96,61,129,11"/><T63/><D1/><U84/><E117/><V12/><F108/><W20/><G33/><T104/><D72/><U118/><E39/><V44/><F127/><W19/><G129/><T5/><D5/><U123/><E123/><V18/><F6/><W133/><G133/><T79/><D31/><U10/><E71/><V65/><F65/><W35/><G35/><T57/><D46/><U75/><E67/><V120/><F120/><W80/><G64/><T42/><D42/><U62/><E75/><V54/><F85/><W27/><G43/><T73/><D59/><N who="1" m="35175" /><E10/><V69/><F44/><W48/><G48/><T74/><D102/><N who="1" m="60719" /><E118/><V109/><F109/><W86/><G20/><T119/><D104/><U92/><E53/><V78/><F54/><W121/><G121/><T45/><D119/><U15/><E25/><V13/><F37/><W110/><G110/><T99/><D73/><U114/><E114/><V126/><F69/><W23/><G23/><T0/><D74/><U2/><E2/><V90/><F36/><W16/><G11/><T3/><D3/><U122/><E122/><V115/><F34/><W106/><G4/><T107/><D0/><U82/><E92/><V81/><F105/><W111/><G111/><T113/><D107/><U112/><E112/><V94/><F115/><W28/><AGARI ba="1,0" hai="16,19,21,27,28,56,61,66,77,80,86,96,100,106" machi="28" ten="20,2700,0" yaku="0,1,7,1,54,1" doraHai="8" who="3" fromWho="3" sc="430,-14,190,-8,190,-8,190,30" /><INIT seed="1,0,0,3,2,104" ten="416,182,182,220" oya="1" hai0="45,111,98,61,37,15,86,116,28,94,16,63,31" hai1="82,64,84,42,80,52,95,74,53,77,40,72,47" hai2="1,10,81,32,97,73,71,96,38,12,58,0,57" hai3="29,59,103,125,23,5,34,44,43,133,83,115,88"/><U76/><E64/><V128/><F128/><W6/><G34/><T127/><D116/><U119/><E119/><V41/><F32/><W2/><G115/><T21/><D111/><U126/><E126/><V90/><F71/><W18/><G125/><T8/><D127/><U39/><E42/><V66/><F38/><W50/><G29/><N who="0" m="11339" /><D37/><U124/><E124/><V91/><F41/><W89/><G103/><N who="0" m="60887" /><D45/><U14/><E14/><V51/><F12/><N who="3" m="9671" /><G2/><T22/><D86/><U26/><E26/><V101/><F66/><W56/><G133/><T132/><D132/><U108/><E108/><V48/><F101/><W70/><G70/><T25/><D21/><U19/><E19/><AGARI ba="0,0" hai="8,15,16,19,22,25,61,63" m="60887,11339" machi="19" ten="30,2000,0" yaku="8,1,54,1" doraHai="104" who="0" fromWho="1" sc="416,20,182,-20,182,0,220,0" /><INIT seed="2,0,0,4,5,9" ten="436,162,182,220" oya="2" hai0="30,60,26,39,93,108,95,113,38,18,4,99,125" hai1="0,107,109,45,52,33,120,84,24,34,13,124,40" hai2="57,97,22,94,50,100,3,1,70,122,19,21,62" hai3="46,31,102,89,91,96,123,47,65,131,5,6,126"/><V119/><F122/><W80/><G123/><T111/><D113/><U54/><E0/><V74/><F119/><W134/><G65/><T20/><D125/><U103/><E120/><V68/><F74/><W35/><G35/><T106/><D106/><U41/><E124/><V16/><F1/><W87/><G31/><T28/><D4/><U61/><E109/><N who="0" m="42057" /><D60/><U23/><E41/><V127/><F3/><W27/><G27/><T71/><D71/><U79/><E103/><V25/><F127/><W43/><G131/><T73/><D73/><U53/><E107/><V72/><F72/><W81/><G47/><T10/><D10/><U76/><E61/><V128/><F128/><W36/><G134/><T130/><D130/><U17/><E84/><V8/><F8/><W92/><G126/><T112/><D112/><U105/><E105/><V98/><F97/><W63/><G63/><T82/><D82/><U121/><E121/><V115/><F115/><W48/><G36/><N who="0" m="13867" /><D95/><U133/><E133/><V129/><F129/><W88/><G80/><T104/><D104/><U135/><E135/><V2/><F2/><W42/><REACH who="3" step="1"/><G42/><REACH who="3" ten="436,162,182,210" step="2"/><T44/><D44/><U69/><E45/><V29/><F50/><W66/><G66/><T15/><D26/><U101/><E40/><V67/><F29/><W118/><G118/><T7/><D30/><U86/><E33/><V55/><F67/><W56/><G56/><T75/><D28/><U78/><E34/><V114/><F114/><W51/><G51/><T58/><D58/><U83/><E24/><AGARI ba="0,1" hai="16,19,21,22,24,25,55,57,62,68,70,94,98,100" machi="24" ten="30,5800,0" yaku="7,1,9,1,54,1" doraHai="9" who="2" fromWho="1" sc="436,0,162,-58,182,68,210,0" /><INIT seed="2,1,0,5,0,46" ten="436,104,250,210" oya="2" hai0="43,12,56,61,41,34,69,5,90,22,6,9,123" hai1="115,125,104,96,107,119,48,111,114,73,129,131,29" hai2="33,65,28,112,23,79,118,68,84,7,86,21,3" hai3="53,16,39,25,38,26,93,134,92,71,105,72,122"/><V40/><F118/><W63/><G72/><T24/><D69/><U108/><E29/><V45/><F112/><N who="1" m="43049" /><E73/><V35/><F68/><W14/><G105/><N who="1" m="40522" /><E119/><V19/><F65/><W62/><G71/><T91/><D34/><U82/><E48/><V89/><F3/><W124/><G134/><T13/><D123/><U88/><E125/><V130/><F130/><N who="1" m="49673" /><E82/><V95/><F7/><W100/><G122/><T83/><D83/><U98/><E88/><V106/><F106/><W15/><G53/><N who="0" m="33935" /><D6/><U1/><E1/><V99/><F28/><W87/><G87/><T51/><D13/><U121/><E121/><V109/><F84/><W0/><G0/><T37/><D37/><U133/><E133/><V10/><F86/><W103/><G124/><T78/><D51/><U32/><E32/><V17/><F33/><W102/><G102/><T60/><D60/><U135/><E135/><V67/><F35/><W126/><G126/><T97/><D91/><U127/><E127/><V94/><F89/><W117/><G117/><T132/><D90/><U18/><E18/><AGARI ba="1,0" hai="14,15,16,18,25,26,38,39,62,63,92,93,100,103" machi="18" ten="25,3200,0" yaku="22,2,54,1" doraHai="46" who="3" fromWho="1" sc="436,0,104,-35,250,0,210,35" /><INIT seed="3,0,0,0,2,44" ten="436,69,250,245" oya="3" hai0="101,61,120,110,82,89,134,45,20,56,7,84,133" hai1="126,121,100,8,65,27,16,75,10,22,98,92,19" hai2="23,26,122,34,69,14,135,86,11,91,1,76,28" hai3="46,67,125,123,109,115,111,94,77,95,70,96,30"/><W37/><G123/><T119/><D119/><U25/><E121/><V118/><F118/><W48/><G115/><T106/><D120/><U72/><E126/><V29/><F122/><W112/><G112/><T88/><D110/><N who="3" m="41993" /><G125/><T93/><D106/><U71/><E75/><V102/><F135/><N who="0" m="51722" /><D101/><U32/><E72/><V52/><F69/><W79/><G30/><T18/><D45/><U2/><E2/><V13/><F76/><N who="3" m="29259" /><G37/><T132/><D7/><U36/><E36/><V85/><F102/><N who="3" m="60695" /><G95/><T117/><D93/><U108/><E108/><V78/><F28/><W12/><G12/><N who="0" m="9287" /><D117/><U116/><E116/><V40/><F14/><W60/><G46/><T114/><D114/><U80/><E80/><V62/><F13/><W74/><G74/><T6/><D6/><U17/><E32/><V73/><F29/><W39/><G39/><T49/><D49/><AGARI ba="0,0" hai="48,49,60,67,70" m="60695,29259,41993" machi="49" ten="30,11600,0" yaku="14,1,10,1,52,2" doraHai="44" who="3" fromWho="0" sc="436,-116,69,0,250,0,245,116" /><INIT seed="3,1,0,1,0,111" ten="320,69,250,361" oya="3" hai0="75,41,90,47,26,85,130,23,5,29,67,108,107" hai1="17,64,20,72,83,68,73,25,61,36,82,6,118" hai2="38,1,13,28,76,123,70,89,10,50,59,43,109" hai3="96,37,101,27,98,31,121,19,133,12,127,52,92"/><W77/><G37/><T46/><D108/><U60/><E36/><V119/><F109/><W14/><G121/><T32/><D107/><U42/><E118/><V132/><F119/><W120/><G120/><T51/><D75/><U124/><E124/><V74/><F123/><W66/><G66/><T102/><D130/><U58/><E42/><V55/><F132/><W110/><G110/><T106/><D106/><U87/><E6/><V114/><F114/><W103/><G127/><T88/><D102/><U15/><E25/><V33/><F1/><W105/><G133/><T2/><D67/><U22/><E22/><V100/><F100/><W9/><G77/><T56/><D56/><U30/><E30/><V65/><F89/><W69/><G69/><T16/><D5/><U117/><E117/><V86/><F74/><W128/><G128/><T81/><D2/><U99/><E99/><V129/><F129/><W39/><G39/><T0/><D0/><U3/><E3/><V78/><F28/><W34/><REACH who="3" step="1"/><G14/><REACH who="3" ten="320,69,250,351" step="2"/><T94/><D26/><U104/><E72/><V115/><F13/><W93/><G93/><T24/><D94/><U4/><E73/><V18/><F78/><W35/><G35/><T135/><D135/><U112/><E104/><V97/><F76/><W71/><G71/><T63/><D24/><U53/><E4/><V91/><F65/><W7/><G7/><T116/><D32/><U113/><E82/><V44/><F70/><W134/><G134/><T48/><D81/><U131/><E131/><V40/><F33/><W62/><G62/><T84/><D63/><RYUUKYOKU ba="1,1" sc="320,-15,69,15,250,-15,351,15" hai1="15,17,20,53,58,60,61,64,68,83,87,112,113" hai3="9,12,19,27,31,34,52,92,96,98,101,103,105" /><INIT seed="3,2,1,0,4,83" ten="305,84,235,366" oya="3" hai0="106,36,38,101,28,82,55,91,32,126,10,128,23" hai1="4,92,53,69,94,13,9,30,44,134,0,113,19" hai2="16,62,81,63,115,75,110,25,88,107,59,70,42" hai3="51,22,105,121,77,80,45,127,2,48,47,57,73"/><W46/><G121/><T120/><D120/><U114/><E69/><V109/><F107/><W97/><G2/><T67/><D32/><U84/><E134/><V7/><F115/><W96/><G127/><T21/><D126/><U104/><E104/><V35/><F7/><W90/><G22/><T125/><D125/><U87/><E30/><V72/><F42/><W108/><G108/><T18/><D128/><U85/><E113/><V60/><F70/><W89/><G57/><T43/><D10/><U76/><E114/><V15/><F59/><W5/><G5/><T26/><D101/><U102/><E76/><V41/><F41/><W71/><G71/><T54/><D106/><U132/><E132/><V68/><F68/><W133/><G133/><T124/><D124/><U34/><E34/><V40/><F40/><W37/><G37/><T122/><D122/><U31/><E31/><V112/><F112/><W33/><G33/><T39/><D43/><U100/><E4/><V95/><F35/><W123/><G123/><T17/><D67/><U58/><E44/><V24/><F109/><W78/><G105/><T56/><D23/><U6/><E6/><V129/><F110/><W65/><G65/><T111/><D111/><U74/><E74/><V29/><F29/><W49/><REACH who="3" step="1"/><G78/><REACH who="3" ten="305,84,235,356" step="2"/><T116/><D56/><U66/><E66/><V14/><F129/><W130/><G130/><T98/><D116/><U99/><E0/><V3/><F3/><W119/><G119/><T103/><D36/><U50/><E94/><V117/><F95/><W118/><G118/><T131/><D38/><RYUUKYOKU ba="2,2" sc="305,-15,84,15,235,-15,356,15" hai1="9,13,19,50,53,58,84,85,87,92,99,100,102" hai3="45,46,47,48,49,51,73,77,80,89,90,96,97" /><INIT seed="3,3,2,1,0,69" ten="290,99,220,371" oya="3" hai0="58,65,78,110,108,9,73,81,2,99,105,55,133" hai1="26,35,97,5,16,135,34,121,30,118,112,123,82" hai2="131,85,51,130,53,96,28,91,38,72,101,75,94" hai3="93,86,66,37,20,50,125,126,36,3,124,43,11"/><W42/><G66/><T33/><D65/><U46/><E112/><V79/><F28/><W4/><G20/><T76/><D33/><U61/><E35/><V21/><F79/><W87/><G50/><T116/><D116/><U74/><E118/><V68/><F68/><W56/><G56/><T13/><D2/><U117/><E117/><V47/><F21/><W104/><G104/><T115/><D115/><U114/><E114/><V134/><F134/><W88/><G87/><T1/><D1/><U107/><E5/><V63/><F63/><W22/><G22/><T23/><D133/><U12/><E135/><V32/><F32/><W59/><G59/><T132/><D132/><U29/><E29/><V102/><F38/><AGARI ba="3,2" hai="3,4,11,36,37,38,42,43,86,88,93,124,125,126" machi="38" ten="50,12000,1" yaku="18,1,52,3,54,1" doraHai="69" who="3" fromWho="2" sc="290,0,99,0,220,-129,371,149" /><INIT seed="3,4,0,5,0,17" ten="290,99,91,520" oya="3" hai0="62,74,64,91,7,78,88,40,39,115,113,92,16" hai1="32,27,34,25,41,10,109,135,29,5,33,120,126" hai2="86,1,79,20,118,12,63,54,108,19,106,101,3" hai3="83,11,55,59,70,75,107,71,2,96,36,6,14"/><W112/><G112/><N who="0" m="43083" /><D7/><U13/><E41/><V50/><F118/><W23/><G36/><T121/><D121/><U117/><E120/><V18/><F108/><W48/><G107/><T49/><D39/><U31/><E117/><V56/><F106/><W131/><G131/><T67/><D78/><U47/><E47/><V66/><F101/><W73/><G96/><N who="0" m="57351" /><D74/><U87/><E87/><V52/><F54/><W134/><G134/><T124/><D62/><U42/><E42/><V90/><F79/><W35/><G83/><T80/><D124/><U89/><E89/><V61/><F19/><W133/><G6/><T100/><D100/><U105/><E105/><V0/><REACH who="2" step="1"/><F66/><REACH who="2" ten="290,99,81,520" step="2"/><W99/><G133/><T21/><D91/><U22/><E109/><V57/><F57/><W116/><G70/><T45/><D80/><AGARI ba="4,1" hai="0,1,3,12,18,20,50,52,56,61,63,80,86,90" machi="80" ten="40,5200,0" yaku="1,1,52,1,54,1,53,0" doraHai="17" doraHaiUra="129" who="2" fromWho="0" sc="290,-64,99,0,81,74,520,0" /><INIT seed="4,0,0,3,4,73" ten="226,99,155,520" oya="0" hai0="8,135,42,111,64,66,27,37,2,116,31,62,30" hai1="5,106,126,38,131,134,108,39,54,63,122,55,80" hai2="99,125,121,110,68,89,53,97,47,65,91,120,118" hai3="36,101,33,28,133,88,112,103,50,124,34,6,85"/><T13/><D116/><U15/><E106/><V4/><F110/><W70/><G36/><T74/><D2/><U43/><E122/><V40/><F118/><W7/><G70/><T76/><D111/><U107/><E107/><V92/><F125/><W82/><G124/><T56/><D135/><U78/><E126/><V61/><F4/><W130/><G133/><T90/><D90/><U132/><E131/><V104/><F104/><W0/><G130/><T26/><D42/><U123/><E123/><V23/><F23/><W41/><G112/><T114/><D37/><U105/><E105/><V84/><F53/><W87/><G7/><N who="0" m="3231" /><D114/><U44/><E108/><V128/><F128/><W29/><G6/><T60/><D74/><U49/><E39/><V14/><F14/><W95/><G0/><T11/><D76/><U12/><E63/><N who="0" m="24105" /><D11/><U79/><E79/><V48/><REACH who="2" step="1"/><F99/><REACH who="2" ten="226,99,145,520" step="2"/><W32/><G32/><T119/><D119/><U24/><E132/><V25/><F25/><N who="0" m="9226" /><D56/><U58/><E134/><V18/><F18/><W21/><G34/><T69/><D69/><U93/><E24/><V67/><F67/><AGARI ba="0,1" hai="30,31,64,66,67" m="9226,24105,3231" machi="67" ten="30,1500,0" yaku="8,1" doraHai="73" who="0" fromWho="2" sc="226,25,99,0,145,-15,520,0" /><INIT seed="4,1,0,3,1,20" ten="251,99,130,520" oya="0" hai0="49,46,11,112,90,86,57,16,62,96,85,63,95" hai1="72,41,51,56,6,122,39,76,132,27,34,100,35" hai2="125,121,42,32,111,44,40,22,113,119,19,28,120" hai3="77,105,37,65,116,68,115,103,30,83,47,78,99"/><T18/><D112/><U74/><E122/><V114/><F44/><W80/><G115/><N who="2" m="44041" /><F40/><W135/><G116/><T64/><D62/><U53/><E132/><V67/><F42/><W92/><G135/><T52/><D11/><U75/><E76/><V36/><F67/><W94/><G30/><T81/><REACH who="0" step="1"/><D86/><REACH who="0" ten="241,99,130,520" step="2"/><U71/><E71/><V5/><F119/><W82/><G68/><T123/><D123/><U91/><E72/><V0/><F120/><W131/><G65/><T55/><D55/><U98/><E74/><V29/><F121/><W2/><G2/><T31/><D31/><U15/><E75/><V24/><F29/><W73/><G73/><T7/><D7/><U8/><E41/><V33/><F5/><W54/><G54/><T50/><D50/><U127/><E39/><V118/><F28/><W45/><G37/><T21/><D21/><U124/><E34/><V69/><F22/><W88/><G99/><T104/><D104/><U48/><E48/><V84/><F0/><W107/><G105/><T66/><D66/><U101/><E124/><V9/><F84/><W106/><G107/><T25/><D25/><U26/><E127/><V58/><F24/><N who="1" m="9257" /><E35/><V38/><F32/><W10/><G106/><T108/><D108/><U3/><E3/><V70/><F33/><W59/><G10/><T133/><D133/><U102/><E98/><V126/><F36/><W109/><G109/><T87/><D87/><U97/><E97/><V93/><F111/><W89/><G103/><AGARI ba="1,1" hai="16,18,46,49,52,57,63,64,81,85,90,95,96,103" machi="103" ten="30,12000,1" yaku="1,1,7,1,8,1,54,2,53,0" doraHai="20" doraHaiUra="110" who="0" fromWho="3" sc="241,133,99,0,130,0,520,-123" /><INIT seed="4,2,0,5,3,18" ten="374,99,130,397" oya="0" hai0="12,94,37,3,30,113,60,39,63,127,76,4,110" hai1="17,69,126,114,53,90,125,128,28,123,48,135,61" hai2="58,120,38,56,34,86,16,67,81,65,27,54,5" hai3="85,121,118,25,78,21,101,83,7,15,70,109,47"/><T103/><D76/><U102/><E123/><V46/><F120/><W57/><G118/><T36/><D3/><U107/><E28/><V20/><F34/><W68/><G121/><T8/><D30/><U79/><E79/><V59/><F5/><W117/><G117/><T99/><D110/><U133/><E102/><V91/><F38/><W14/><G109/><T24/><D24/><U73/><E107/><V93/><F93/><W13/><G101/><T19/><D113/><U40/><E73/><V51/><AGARI ba="2,0" hai="16,20,27,46,51,54,56,58,59,65,67,81,86,91" machi="51" ten="30,7900,0" yaku="0,1,8,1,52,1,54,1" doraHai="18" who="2" fromWho="2" sc="374,-41,99,-22,130,85,397,-22" /><INIT seed="5,0,0,4,5,117" ten="333,77,215,375" oya="1" hai0="28,122,106,110,8,127,102,72,129,71,112,83,5" hai1="45,24,53,7,6,13,40,120,68,116,95,111,43" hai2="18,96,74,61,108,109,84,20,73,27,44,107,65" hai3="93,26,15,37,88,115,21,33,85,57,42,52,16"/><U132/><E120/><V22/><F84/><W48/><G115/><T64/><D28/><U133/><E116/><V121/><F121/><W54/><G54/><T35/><D110/><U39/><E68/><V118/><F118/><W2/><G2/><N who="0" m="55" /><D122/><U25/><E111/><V104/><F44/><N who="3" m="23631" /><G26/><N who="1" m="10346" /><E13/><V76/><F27/><W130/><G130/><T124/><D129/><U135/><E43/><V14/><F14/><W97/><G97/><N who="0" m="61775" /><D112/><U59/><E95/><V0/><F96/><W66/><G66/><T86/><D35/><AGARI ba="0,0" hai="15,16,21,33,35,48,52,57,85,88,93" m="23631" machi="35" ten="30,7700,0" yaku="25,1,54,3" doraHai="117" who="3" fromWho="0" sc="333,-77,77,0,215,0,375,77" /><INIT seed="6,0,0,1,3,1" ten="256,77,215,452" oya="2" hai0="133,119,0,110,29,61,84,39,22,46,128,116,70" hai1="27,45,28,2,11,41,96,44,90,7,108,93,92" hai2="60,134,24,101,79,98,62,32,104,35,13,21,36" hai3="64,8,12,82,68,88,63,89,40,118,103,65,76"/><V59/><F134/><W23/><G118/><N who="0" m="45099" /><D133/><U17/><E108/><V56/><F36/><W42/><G23/><T43/><D0/><U113/><E113/><V135/><F135/><W97/><G64/><N who="0" m="41231" /><D110/><U33/><E41/><V75/><F13/><W37/><G88/><T77/><D77/><U55/><E55/><V72/><F79/><W53/><G89/><T95/><D95/><U129/><E129/><V100/><F21/><W31/><G53/><T109/><D109/><U47/><E93/><V107/><REACH who="2" step="1"/><F24/><REACH who="2" ten="256,77,205,452" step="2"/><W112/><G37/><T66/><D22/><U6/><REACH who="1" step="1"/><E2/><REACH who="1" ten="256,67,205,452" step="2"/><V125/><F125/><W86/><G12/><AGARI ba="0,2" hai="6,7,11,12,17,27,28,33,44,45,47,90,92,96" machi="12" ten="40,8000,1" yaku="1,1,2,1,52,2,53,0" doraHai="1" doraHaiUra="34" who="1" fromWho="3" sc="256,0,67,100,205,0,452,-80" /><INIT seed="7,0,0,2,1,8" ten="256,167,205,372" oya="3" hai0="58,89,106,72,104,56,75,32,107,52,54,103,86" hai1="127,57,26,14,55,71,37,123,69,122,28,47,90" hai2="94,0,76,29,77,15,130,113,116,38,111,68,35" hai3="19,109,53,7,85,16,120,4,44,51,134,83,21"/><W101/><G120/><T11/><D32/><U79/><E79/><V81/><F116/><W17/><G101/><T10/><D103/><U82/><E127/><V99/><F111/><W5/><G134/><T117/><D89/><U61/><E82/><V49/><F0/><W65/><G65/><T3/><D86/><U70/><E90/><V102/><F38/><W118/><G118/><T20/><D117/><U78/><E78/><V108/><F108/><W6/><G6/><T88/><D88/><U1/><E1/><V114/><F68/><W67/><G67/><T9/><D3/><U40/><REACH who="1" step="1"/><E14/><REACH who="1" ten="256,157,205,372" step="2"/><V92/><F15/><N who="3" m="9375" /><G109/><T93/><D93/><U22/><AGARI ba="0,1" hai="22,26,28,37,40,47,55,57,61,69,70,71,122,123" machi="22" ten="30,2000,0" yaku="1,1,0,1,53,0" doraHai="8" doraHaiUra="74" who="1" fromWho="1" sc="256,-5,157,30,205,-5,372,-10" owari="251,5.0,187,-31.0,200,-20.0,362,46.0" /></mjloggm>