<mjloggm ver="2.3"><GO type="169" lobby="0"/><UN n0="%43%6F%43%6F%4E%61%6E" n1="%E3%82%A6%E3%83%AB%E3%83%88%E3%83%A9%E7%AB%8B%E7%9B%B4" n2="%E3%81%84%E3%81%AC%E3%81%98%E3%82%83%E3%82%89%EF%BC%94" n3="%E3%81%91%E3%82%93%31%39%37%30" dan="16,17,19,16" rate="2077.41,2182.76,2215.04,2053.42" sx="M,M,M,M"/><TAIKYOKU oya="0"/><INIT seed="0,0,0,4,0,36" ten="250,250,250,250" oya="0" hai0="121,18,126,0,43,12,4,100,101,17,74,99,28" hai1="70,104,96,72,118,24,63,19,21,30,38,130,108" hai2="95,94,35,49,45,90,93,55,122,120,82,133,62" hai3="8,6,128,60,51,46,9,61,40,112,80,11,111"/><T106/><D121/><U39/><E118/><V113/><F113/><W92/><G112/><T107/><D0/><U3/><E72/><V110/><F35/><W103/><G111/><T134/><D74/><U78/><E78/><V33/><F33/><W124/><G124/><T29/><D126/><U69/><E108/><V129/><F110/><W83/><G128/><T48/><D134/><U77/><E77/><V116/><F129/><W25/><G25/><T114/><D114/><U14/><E3/><V73/><F133/><W27/><G27/><T34/><D4/><U87/><E87/><V5/><F116/><W85/><G6/><T1/><D1/><U53/><E130/><V89/><F5/><W67/><G61/><T56/><D34/><U54/><E39/><V44/><F73/><W84/><G103/><T97/><D56/><U91/><E38/><V105/><F105/><W23/><G23/><T10/><REACH who="0" step="1"/><D18/><REACH who="0" ten="240,250,250,250" step="2"/><U98/><E19/><V119/><F119/><W50/><G83/><T79/><D79/><U125/><E125/><V64/><F82/><W68/><G80/><T37/><D37/><U42/><E70/><V76/><F76/><W15/><G68/><T109/><D109/><U41/><E69/><N who="2" m="42135" /><F122/><W132/><G132/><T75/><D75/><U81/><E81/><V71/><F71/><W117/><G117/><T86/><D86/><U2/><E2/><V13/><F120/><W58/><G85/><T131/><D131/><U31/><E31/><V26/><F44/><AGARI ba="0,1" hai="10,12,17,28,29,43,44,48,97,99,100,101,106,107" machi="44" ten="40,7700,0" yaku="1,1,9,1,52,1,53,0" doraHai="36" doraHaiUra="135" who="0" fromWho="2" sc="240,87,250,0,250,-77,250,0" /><INIT seed="0,1,0,0,5,109" ten="327,250,173,250" oya="0" hai0="75,102,56,19,105,16,129,11,30,132,39,99,43" hai1="21,108,27,60,61,130,57,44,133,37,84,24,3" hai2="112,92,100,32,51,26,23,68,25,127,29,131,101" hai3="2,123,46,70,126,54,10,135,1,40,107,4,52"/><T95/><D132/><U81/><E3/><V47/><F68/><W98/><G135/><T122/><D122/><U65/><E133/><V6/><F127/><W50/><G126/><T45/><D129/><U119/><E108/><V111/><F111/><W73/><G70/><T55/><D75/><U66/><E130/><V5/><F131/><W90/><G2/><T28/><D105/><U117/><E37/><V118/><F118/><W49/><G73/><T58/><D58/><U83/><E44/><V82/><F82/><W116/><G116/><T120/><D120/><U110/><E110/><V86/><F112/><W80/><G123/><T48/><REACH who="0" step="1"/><D11/><REACH who="0" ten="317,250,173,250" step="2"/><U89/><E119/><V59/><F59/><W67/><G107/><T41/><D41/><U20/><E117/><V38/><F47/><W15/><G40/><T91/><D91/><U88/><E57/><V93/><F101/><W36/><G90/><T134/><D134/><U74/><E74/><V9/><F9/><W53/><G10/><T62/><D62/><U12/><E84/><V114/><F100/><W8/><G8/><T77/><D77/><U42/><E42/><V34/><F86/><W18/><G1/><T76/><D76/><U71/><E71/><V124/><F124/><W72/><G72/><T0/><D0/><U94/><E94/><V13/><F93/><W128/><G128/><T35/><D35/><U22/><E22/><V104/><F92/><W121/><G121/><T31/><AGARI ba="1,1" hai="16,19,28,30,31,39,43,45,48,55,56,95,99,102" machi="31" ten="30,6000,0" yaku="1,1,0,1,54,1,53,0" doraHai="109" doraHaiUra="85" who="0" fromWho="0" sc="317,73,250,-21,173,-21,250,-21" /><INIT seed="0,2,0,5,4,52" ten="390,229,152,229" oya="0" hai0="91,104,87,6,128,7,111,18,130,58,15,123,20" hai1="89,29,45,26,50,133,77,64,116,59,95,3,44" hai2="127,113,122,49,85,107,62,70,103,92,21,72,120" hai3="38,5,109,105,90,96,43,2,8,108,110,106,61"/><T53/><D123/><U118/><E3/><V32/><F113/><W79/><G79/><T129/><D104/><U81/><E133/><V0/><F32/><W100/><G90/><T22/><D22/><U37/><E37/><V19/><F72/><W124/><G106/><T10/><D111/><U119/><E95/><V121/><F0/><W84/><G84/><T4/><D10/><U117/><E89/><V14/><F127/><W71/><G124/><T135/><D135/><U97/><E97/><V102/><F107/><W125/><G125/><T1/><D1/><U35/><N who="1" m="29696" /><DORA hai="101" /><U83/><E83/><V115/><F115/><W134/><G134/><T69/><D69/><U65/><E45/><V66/><F92/><W88/><G88/><T25/><D25/><U9/><E9/><V42/><REACH who="2" step="1"/><F85/><REACH who="2" ten="390,229,142,229" step="2"/><W51/><G110/><T56/><D87/><U80/><E80/><V76/><F76/><W13/><G2/><T93/><D93/><U75/><REACH who="1" step="1"/><E59/><REACH who="1" ten="390,219,142,229" step="2"/><V11/><F11/><W30/><G8/><T98/><D58/><U78/><E78/><V86/><F86/><W48/><G108/><T54/><D56/><U55/><AGARI ba="2,2" hai="26,29,35,44,50,55,64,65,75,77,81" m="29696" machi="55" ten="60,8000,1" yaku="1,1,0,1,53,2" doraHai="52,101" doraHaiUra="40,47" who="1" fromWho="1" sc="390,-42,219,106,142,-22,229,-22" /><INIT seed="1,0,0,3,5,28" ten="348,325,120,207" oya="1" hai0="100,42,80,72,83,49,59,91,101,133,128,76,21" hai1="65,46,40,62,104,134,122,107,84,103,1,18,131" hai2="66,47,75,12,135,108,69,68,115,58,95,20,63" hai3="86,23,17,70,130,26,99,60,22,10,93,114,39"/><U127/><E122/><V34/><F75/><W67/><G130/><T2/><D128/><U123/><E123/><V32/><F108/><W13/><G39/><T125/><D2/><U113/><E113/><V98/><F115/><W81/><G114/><T31/><D125/><U16/><E131/><V27/><F135/><W14/><G14/><T119/><D119/><U51/><E1/><V43/><F12/><W29/><G81/><T90/><D133/><U73/><E73/><V132/><F132/><W78/><G78/><T57/><D31/><U24/><E134/><V52/><F47/><W129/><G86/><T74/><D21/><U112/><E112/><V77/><F43/><W55/><G55/><T50/><D76/><U85/><E127/><V71/><F66/><W41/><G41/><AGARI ba="0,0" hai="41,42,49,50,57,59,72,74,80,83,90,91,100,101" machi="41" ten="25,1600,0" yaku="22,2" doraHai="28" who="0" fromWho="3" sc="348,16,325,0,120,0,207,-16" /><INIT seed="2,0,0,2,1,52" ten="364,325,120,191" oya="2" hai0="70,111,38,93,63,121,42,131,1,105,10,129,7" hai1="43,4,23,22,124,132,99,135,33,106,34,75,110" hai2="54,95,21,103,90,130,107,102,58,65,88,116,47" hai3="126,26,61,50,101,31,6,39,127,123,0,77,104"/><V72/><F116/><W56/><G39/><T109/><D121/><U117/><E75/><V46/><F72/><W49/><G123/><T45/><D105/><U24/><E117/><V82/><F107/><W8/><G77/><T115/><D115/><U57/><E43/><V94/><F130/><N who="0" m="49674" /><D93/><N who="2" m="35338" /><F65/><AGARI ba="0,0" hai="1,7,10,38,42,45,63,65,70,109,111" m="49674" machi="65" ten="30,2000,0" yaku="19,1,23,1" doraHai="52" who="0" fromWho="2" sc="364,20,325,0,120,-20,191,0" /><INIT seed="3,0,0,4,4,46" ten="384,325,100,191" oya="3" hai0="127,97,36,73,102,4,38,74,121,25,111,55,67" hai1="83,69,63,134,81,118,33,24,109,85,90,125,135" hai2="119,123,11,110,45,5,99,84,48,30,54,57,53" hai3="108,29,0,8,94,115,106,62,49,13,107,14,75"/><W91/><G75/><T126/><D121/><U64/><E109/><V104/><F119/><W77/><G77/><T50/><D111/><U15/><E118/><V19/><F110/><W113/><G108/><T103/><D67/><U114/><E114/><V80/><F123/><W86/><G29/><T18/><D4/><U82/><E125/><N who="0" m="47625" /><D18/><U52/><E33/><V72/><F72/><N who="0" m="27754" /><D25/><U26/><E15/><V87/><F30/><W66/><G0/><T124/><D124/><U16/><E26/><V129/><F129/><W76/><G14/><T105/><D102/><U9/><E9/><V21/><F21/><W39/><G39/><T37/><D37/><U68/><E68/><V130/><F130/><W6/><G115/><T10/><D10/><U71/><E71/><V47/><F19/><W100/><G113/><T1/><D1/><U78/><E16/><V133/><F11/><W3/><G3/><T60/><D60/><U59/><E24/><V32/><F5/><W17/><G6/><T7/><D7/><U101/><E101/><V131/><F131/><W31/><G31/><T112/><D112/><U23/><E23/><V92/><F32/><W2/><G2/><T41/><D41/><U51/><REACH who="1" step="1"/><E78/><REACH who="1" ten="384,315,100,191" step="2"/><V98/><F104/><W120/><G76/><T70/><D70/><U22/><E22/><V128/><F128/><W42/><G100/><T44/><AGARI ba="0,1" hai="36,38,44,50,55,97,103,105" m="27754,47625" machi="44" ten="30,2000,0" yaku="18,1,52,1" doraHai="46" who="0" fromWho="0" sc="384,30,315,-5,100,-5,191,-10" /><INIT seed="4,0,0,3,5,35" ten="414,310,95,181" oya="0" hai0="18,7,54,44,97,29,53,72,49,65,119,80,101" hai1="118,106,83,30,11,61,37,85,48,24,84,19,9" hai2="114,123,88,103,73,126,93,128,105,6,129,14,78" hai3="76,68,82,27,99,60,50,134,95,2,87,71,122"/><T36/><D119/><U63/><E37/><V107/><F6/><W51/><G134/><T67/><D36/><U77/><E106/><N who="2" m="40459" /><F14/><W52/><G122/><T34/><D7/><U112/><E118/><V130/><F123/><W33/><G51/><T116/><D18/><U91/><E112/><V131/><F114/><W16/><G2/><T59/><D116/><U133/><E133/><V41/><F41/><W66/><G71/><T69/><D69/><U20/><E48/><V75/><N who="2" m="32768" /><DORA hai="47" /><V127/><F103/><W98/><G95/><T21/><D34/><U120/><E120/><V135/><F135/><W125/><G125/><N who="2" m="47625" /><F78/><W57/><G33/><T8/><D101/><U10/><E19/><V89/><F88/><W56/><G68/><T115/><D115/><U108/><E9/><V113/><F113/><W38/><G38/><T39/><D8/><U32/><E10/><V96/><AGARI ba="0,0" hai="73,75,89,93,96" m="47625,32768,40459" machi="96" ten="70,8000,1" yaku="19,1,18,1,34,2" doraHai="35,47" who="2" fromWho="2" sc="414,-40,310,-20,95,80,181,-20" /><INIT seed="5,0,0,0,5,76" ten="374,290,175,161" oya="1" hai0="27,105,39,43,16,100,81,7,77,108,88,21,113" hai1="85,53,80,30,24,14,38,126,45,63,55,121,129" hai2="82,6,65,124,132,52,13,127,117,10,101,58,28" hai3="12,125,111,48,83,119,64,44,3,23,133,98,66"/><U2/><E2/><V67/><F117/><W86/><G3/><T135/><D108/><U56/><E121/><V49/><F132/><W1/><G1/><T94/><D135/><U103/><E103/><V4/><F4/><W62/><G111/><T20/><D113/><U0/><E0/><V46/><F101/><W96/><G119/><T115/><D115/><U29/><E129/><V22/><F82/><W60/><G125/><N who="2" m="48201" /><F46/><W47/><G133/><T33/><D7/><U116/><E116/><V68/><F68/><W69/><G47/><T71/><D71/><U75/><E75/><V72/><F72/><W118/><G118/><T31/><D100/><U57/><E126/><V78/><F78/><W42/><G23/><T32/><D105/><U131/><E131/><V5/><F5/><W87/><G87/><T70/><D70/><U110/><E110/><V91/><F91/><W59/><G12/><T19/><D21/><U26/><E14/><V112/><F112/><W128/><G128/><T36/><D32/><U123/><E123/><V114/><F114/><W41/><G42/><T61/><D43/><U8/><E24/><AGARI ba="0,0" hai="6,10,13,22,24,28,49,52,58,65,67" m="48201" machi="24" ten="30,2000,0" yaku="18,1,54,1" doraHai="76" who="2" fromWho="1" sc="374,0,290,-20,175,20,161,0" /><INIT seed="6,0,0,2,2,7" ten="374,270,195,161" oya="2" hai0="62,40,51,92,112,116,115,57,44,86,49,67,97" hai1="98,69,102,58,133,36,42,50,15,47,29,37,38" hai2="108,65,77,46,24,5,22,101,121,21,45,11,8" hai3="126,106,103,74,68,55,93,81,23,18,4,84,27"/><V34/><F34/><W54/><G68/><T128/><D128/><U76/><E29/><V56/><F121/><W2/><G126/><T48/><D86/><U132/><E76/><V59/><F108/><W6/><G74/><T14/><D14/><U43/><E15/><V70/><F70/><W125/><G106/><T107/><D107/><U17/><E17/><N who="2" m="12335" /><F77/><W61/><G125/><T66/><D66/><U114/><E69/><V120/><F120/><W111/><G111/><T39/><REACH who="0" step="1"/><D116/><REACH who="0" ten="364,270,195,161" step="2"/><U1/><E1/><V96/><F65/><W28/><G2/><T80/><D80/><U135/><E135/><V31/><F96/><W118/><G118/><T119/><D119/><U90/><E98/><V127/><F127/><W20/><G81/><T89/><AGARI ba="0,1" hai="39,40,44,48,49,51,57,62,67,89,92,97,112,115" machi="89" ten="30,2000,0" yaku="1,1,0,1,53,0" doraHai="7" doraHaiUra="100" who="0" fromWho="0" sc="364,30,270,-5,195,-10,161,-5" /><INIT seed="7,0,0,3,2,100" ten="394,265,185,156" oya="3" hai0="121,68,33,97,76,105,84,89,11,67,116,87,106" hai1="85,90,94,78,9,42,120,86,135,23,57,113,19" hai2="103,123,56,26,126,114,38,63,25,125,15,27,10" hai3="98,73,54,77,104,41,2,37,131,59,0,93,36"/><W47/><G131/><T5/><D33/><U72/><E72/><V13/><F114/><W31/><G37/><T64/><D116/><U18/><E120/><V92/><F38/><W99/><G31/><T134/><D121/><U50/><E135/><V107/><F107/><W82/><G99/><T1/><D134/><U129/><E113/><V110/><F110/><W108/><G108/><T45/><D45/><U111/><E129/><V48/><F123/><W81/><G81/><T20/><D20/><U119/><E119/><V128/><F48/><W96/><G96/><T71/><D97/><U132/><E132/><V49/><F128/><W24/><G24/><T88/><D76/><U21/><E9/><V12/><F49/><W74/><G74/><T17/><D17/><N who="1" m="6155" /><E111/><V69/><F69/><W118/><G118/><T52/><D52/><N who="1" m="31895" /><E42/><V43/><F43/><W29/><G29/><T39/><D39/><U83/><AGARI ba="0,0" hai="21,23,78,83,85,86,90,94" m="31895,6155" machi="83" ten="30,2000,0" yaku="8,1,54,1" doraHai="100" who="1" fromWho="1" sc="394,-5,265,20,185,-5,156,-10" owari="389,48.0,285,9.0,180,-22.0,146,-35.0" /></mjloggm>