<mjloggm ver="2.3"><GO type="169" lobby="0"/><UN n0="%61%71%75%61%72%69%75%73" n1="%6B%75%6B%65%6B%65%6B%65" n2="%E3%81%8D%E3%81%BF%E3%81%9F%E3%81%BE%E3%81%94" n3="%E3%82%A6%E3%83%AB%E3%83%88%E3%83%A9%E7%AB%8B%E7%9B%B4" dan="17,17,17,17" rate="2185.89,2113.61,2098.53,2188.41" sx="M,M,M,M"/><TAIKYOKU oya="0"/><INIT seed="0,0,0,1,2,69" ten="250,250,250,250" oya="0" hai0="65,119,57,24,32,2,50,62,121,77,92,4,42" hai1="73,45,5,125,81,58,114,89,9,29,40,7,123" hai2="0,72,97,112,6,116,109,105,53,25,113,102,131" hai3="61,85,135,35,60,33,132,110,36,18,55,78,82"/><T93/><D119/><U39/><E5/><V99/><F6/><W37/><G18/><T100/><D77/><N who="1" m="44207" /><E123/><V52/><F0/><W118/><G118/><T111/><D32/><N who="3" m="12361" /><G110/><T134/><D111/><U127/><E29/><V130/><F25/><W34/><G34/><T56/><D24/><U108/><E108/><V46/><F72/><W47/><G61/><T43/><D2/><N who="1" m="247" /><E114/><V30/><F30/><W126/><G126/><T54/><D4/><U3/><E3/><V1/><F1/><W28/><G28/><T49/><D121/><U21/><E21/><V14/><F14/><W71/><G47/><T106/><D106/><U26/><E26/><V23/><F23/><W11/><G11/><T8/><D8/><U27/><E27/><V15/><F15/><W104/><G104/><T133/><D100/><U75/><E75/><V117/><F109/><W101/><G101/><T17/><D17/><U68/><E68/><V94/><F105/><W16/><G16/><T67/><D62/><U96/><E58/><V91/><F102/><W83/><G83/><T86/><D86/><U79/><E79/><V98/><F116/><W129/><G129/><N who="2" m="49161" /><F117/><W107/><G107/><T59/><D59/><U115/><E115/><N who="2" m="44107" /><F53/><AGARI ba="0,0" hai="42,43,49,50,53,54,56,57,65,67,92,93,133,134" machi="53" ten="25,2400,0" yaku="22,2" doraHai="69" who="0" fromWho="2" sc="250,24,250,0,250,-24,250,0" /><INIT seed="0,1,0,0,0,65" ten="274,250,226,250" oya="0" hai0="76,90,98,47,91,119,43,6,60,88,31,7,70" hai1="107,39,40,44,5,130,95,62,28,73,74,123,102" hai2="68,129,109,59,30,112,1,66,84,24,19,63,3" hai3="17,16,114,111,32,58,108,125,93,10,85,87,41"/><T128/><D119/><U34/><E95/><V23/><F109/><N who="3" m="42059" /><G114/><T96/><D31/><U51/><E51/><V115/><F129/><W26/><G41/><T133/><D76/><U35/><E62/><V52/><F84/><N who="3" m="32331" /><G125/><T100/><D128/><U50/><E50/><V97/><F97/><W124/><G124/><T53/><D133/><U48/><E48/><V127/><F127/><W18/><G58/><T82/><D82/><U77/><E77/><V120/><F120/><W83/><G83/><T4/><D100/><U134/><E102/><V45/><F45/><W15/><G93/><T72/><D72/><U36/><E44/><V2/><REACH who="2" step="1"/><F30/><AGARI ba="1,0" hai="10,15,16,17,18,26,30,32" m="32331,42059" machi="30" ten="30,2000,0" yaku="14,1,54,1" doraHai="65" who="3" fromWho="2" sc="274,0,250,0,226,-23,250,23" /><INIT seed="1,0,0,0,5,123" ten="274,250,203,273" oya="1" hai0="64,95,121,131,94,48,102,113,17,103,99,107,55" hai1="65,58,97,35,85,24,10,66,7,132,59,118,112" hai2="18,39,34,29,20,5,8,46,76,129,134,4,126" hai3="91,36,23,124,21,115,22,82,12,108,32,42,0"/><U41/><E112/><V111/><F76/><W47/><G115/><T9/><D113/><U56/><E118/><V78/><F78/><W45/><G0/><T135/><D135/><U38/><E132/><V125/><F46/><W128/><G32/><T120/><D131/><U114/><E114/><V80/><F80/><W69/><G69/><T3/><D64/><U54/><E54/><V71/><F39/><W110/><G128/><T96/><D107/><U26/><E97/><V93/><F93/><W119/><G119/><T100/><D100/><U14/><E85/><V1/><F71/><W19/><G124/><N who="2" m="47721" /><F5/><W2/><G2/><T98/><D98/><U79/><E79/><V105/><F105/><W92/><G82/><T75/><D75/><U122/><E122/><V67/><F67/><W25/><G47/><T72/><D72/><U89/><E89/><V86/><F86/><W101/><G101/><T116/><D116/><U63/><E66/><V31/><F129/><W109/><G25/><T53/><D53/><U40/><E35/><V33/><F33/><W106/><G106/><T15/><REACH who="0" step="1"/><D3/><REACH who="0" ten="264,250,203,273" step="2"/><U57/><E40/><V74/><F74/><W81/><G81/><T28/><D28/><N who="2" m="10826" /><F134/><W61/><G61/><T51/><D51/><U117/><E117/><V6/><F34/><W27/><G27/><T30/><D30/><U16/><E41/><V73/><F73/><W50/><G50/><T11/><D11/><N who="1" m="4479" /><E38/><V68/><F68/><W13/><G13/><AGARI ba="0,1" hai="10,13,16,24,26,56,57,58,59,63,65" m="4479" machi="13" ten="30,2900,0" yaku="8,1,54,1" doraHai="123" who="1" fromWho="3" sc="264,0,250,39,203,0,273,-29" /><INIT seed="1,1,0,0,4,1" ten="264,289,203,244" oya="1" hai0="68,102,73,123,81,60,37,65,50,56,40,36,120" hai1="112,20,64,95,77,45,19,46,106,16,105,113,67" hai2="32,117,23,108,31,79,103,131,130,127,14,128,85" hai3="129,70,8,72,125,39,88,9,62,6,71,3,2"/><U104/><E77/><V124/><F103/><W133/><G72/><T122/><D102/><U74/><E74/><V48/><F48/><W66/><G39/><T4/><D81/><U52/><E95/><V87/><F79/><W86/><G129/><T101/><D101/><U134/><E134/><V30/><F117/><W126/><G133/><T83/><D83/><U116/><E116/><V80/><F80/><W58/><G58/><T132/><D73/><U35/><E35/><V57/><F57/><W63/><G86/><N who="2" m="32777" /><F108/><W54/><G88/><T121/><D121/><U135/><E135/><V84/><N who="2" m="32785" /><V75/><DORA hai="78" /><F75/><W61/><G54/><N who="0" m="31831" /><D132/><U10/><E10/><V100/><F100/><W29/><G29/><N who="2" m="10761" /><F32/><W97/><G97/><T93/><D93/><U59/><E59/><V21/><F14/><W5/><G63/><T27/><D27/><U47/><E52/><V42/><F42/><W26/><REACH who="3" step="1"/><G26/><REACH who="3" ten="264,289,203,234" step="2"/><T41/><D37/><U18/><REACH who="1" step="1"/><E20/><AGARI ba="1,1" hai="20,21,23,124,127,128,130,131" m="10761,32785" machi="20" ten="50,6400,0" yaku="28,2,19,1" doraHai="1,78" who="2" fromWho="1" sc="264,0,289,-67,203,77,234,0" /><INIT seed="2,0,0,1,3,31" ten="264,222,280,234" oya="2" hai0="60,88,119,57,114,90,50,51,64,66,45,117,22" hai1="120,68,47,4,55,131,61,25,96,17,27,124,128" hai2="42,63,16,112,111,115,54,121,75,9,29,70,28" hai3="87,23,5,73,133,93,102,35,80,99,86,2,94"/><V12/><F75/><W15/><G133/><T10/><D114/><U49/><E4/><V30/><F121/><W129/><G129/><N who="1" m="49738" /><E96/><V134/><F42/><W116/><G116/><N who="0" m="44619" /><D10/><U36/><E17/><V11/><F70/><W84/><G2/><T65/><D22/><U14/><E14/><N who="2" m="7247" /><F63/><W77/><G23/><T76/><D76/><U59/><E124/><V101/><F101/><W26/><G15/><T109/><D109/><U0/><E0/><V132/><F54/><W105/><REACH who="3" step="1"/><G5/><REACH who="3" ten="264,222,280,224" step="2"/><T6/><D6/><U39/><E120/><V107/><F111/><W19/><G19/><T62/><D90/><U79/><E79/><V110/><F110/><W13/><G13/><T104/><D88/><U41/><E25/><V100/><F12/><W123/><G123/><T97/><D104/><U33/><E27/><V130/><F11/><W52/><G52/><N who="0" m="31903" /><D97/><U92/><E33/><V48/><F130/><W81/><G81/><T67/><N who="0" m="16384" /><DORA hai="20" /><T56/><D56/><U95/><E68/><V127/><F107/><W7/><G7/><T89/><D89/><U18/><E18/><V53/><F100/><W71/><G71/><T106/><D106/><U103/><E103/><V91/><F91/><W74/><G74/><T83/><D83/><U85/><E95/><V24/><F24/><W34/><G34/><T37/><D37/><U108/><E108/><V58/><F115/><W78/><G78/><T135/><D135/><N who="2" m="51754" /><F112/><W126/><G126/><AGARI ba="0,1" hai="28,29,30,48,53,58,126,127" m="51754,7247" machi="126" ten="40,3900,0" yaku="20,1,54,1" doraHai="31,20" who="2" fromWho="3" sc="264,0,222,0,280,49,224,-39" /><INIT seed="2,1,0,3,0,123" ten="264,222,329,185" oya="2" hai0="47,92,5,26,40,105,76,75,3,36,131,106,113" hai1="129,133,130,28,14,6,109,94,9,44,135,20,115" hai2="25,19,110,103,32,124,43,15,27,111,48,72,49" hai3="71,82,66,18,87,70,77,132,114,54,84,91,38"/><V108/><F72/><W74/><G38/><T104/><D92/><U37/><E94/><V83/><F124/><W119/><G119/><T116/><D26/><N who="2" m="9738" /><F43/><W30/><G30/><T16/><D116/><U69/><E69/><V23/><F32/><W127/><G127/><T57/><D57/><U24/><E44/><V120/><F120/><W79/><G132/><N who="1" m="50762" /><E37/><V7/><F103/><W41/><G41/><T86/><D86/><U100/><E100/><V13/><F83/><W96/><G114/><T98/><D113/><U39/><E39/><V60/><F60/><W8/><G66/><T52/><D52/><U1/><E115/><V4/><F15/><W81/><G54/><T89/><D89/><U118/><E118/><V17/><F19/><W128/><G74/><T42/><D16/><N who="1" m="10263" /><E109/><V22/><F23/><AGARI ba="1,0" hai="1,6,9,23,24,28,129,130" m="10263,50762" machi="23" ten="30,7700,0" yaku="20,1,34,2,54,1" doraHai="123" who="1" fromWho="2" sc="264,0,222,80,329,-80,185,0" /><INIT seed="3,0,0,4,4,95" ten="264,302,249,185" oya="3" hai0="76,61,44,102,32,25,89,109,135,80,82,27,105" hai1="56,49,68,130,48,86,67,1,118,3,41,55,64" hai2="121,131,29,5,8,58,96,69,97,12,7,4,14" hai3="10,35,133,91,92,114,57,2,119,62,113,75,60"/><W17/><G119/><T124/><D135/><U13/><E86/><V98/><F69/><W6/><G133/><T9/><D89/><U34/><E34/><V88/><F121/><W40/><G75/><T42/><D124/><U30/><E30/><V52/><F29/><W116/><G116/><T94/><D105/><U99/><E118/><V125/><F131/><W20/><G40/><T46/><D32/><U16/><E130/><V77/><F77/><W37/><G37/><T110/><D9/><U127/><E127/><V84/><F125/><W38/><G38/><T106/><D61/><U101/><E68/><V100/><F100/><W66/><G62/><T36/><D106/><U0/><E48/><N who="2" m="30983" /><F8/><W126/><G35/><T111/><D44/><U93/><REACH who="1" step="1"/><E41/><REACH who="1" ten="264,292,249,185" step="2"/><V18/><F18/><W15/><REACH who="3" step="1"/><G126/><REACH who="3" ten="264,292,249,175" step="2"/><T103/><D42/><U19/><E19/><V71/><F71/><W43/><G43/><T21/><D109/><U53/><E53/><V26/><F26/><W78/><G78/><T24/><D76/><U90/><E90/><V104/><F104/><W128/><G128/><T115/><D111/><U54/><E54/><V107/><F107/><W23/><G23/><AGARI ba="0,2" hai="0,1,3,13,16,23,49,55,56,64,67,93,99,101" machi="23" ten="40,5200,0" yaku="1,1,52,1,54,1,53,0" doraHai="95" doraHaiUra="39" who="1" fromWho="3" sc="264,0,292,72,249,0,175,-52" /><INIT seed="4,0,0,3,3,17" ten="264,364,249,123" oya="0" hai0="95,9,28,6,4,52,69,91,24,48,58,51,115" hai1="26,85,39,65,76,5,101,110,78,8,12,7,67" hai2="74,46,71,75,108,87,59,61,127,25,102,135,82" hai3="73,90,130,89,132,1,84,104,47,29,92,3,93"/><T10/><D69/><U20/><E39/><V107/><F71/><W113/><G73/><T30/><D51/><U128/><E110/><V99/><F108/><W112/><G104/><T21/><D115/><U116/><E116/><V119/><F135/><W88/><G47/><T55/><D55/><U16/><E128/><V19/><F127/><W106/><G106/><T105/><D105/><U35/><E35/><V27/><F46/><W70/><G70/><T60/><D48/><U44/><E101/><V120/><F25/><W103/><G103/><T64/><D64/><N who="1" m="24651" /><E44/><V131/><F120/><W54/><G54/><T41/><D41/><U14/><E85/><V38/><F38/><W81/><G130/><T43/><D43/><U114/><E114/><N who="3" m="44138" /><G132/><T80/><D80/><U0/><E0/><N who="3" m="74" /><G29/><T86/><D30/><U22/><E5/><AGARI ba="0,0" hai="4,5,6,9,10,21,24,28,52,58,60,86,91,95" machi="5" ten="40,7700,0" yaku="8,1,52,1,54,1" doraHai="17" who="0" fromWho="1" sc="264,77,364,-77,249,0,123,0" /><INIT seed="4,1,0,2,5,115" ten="341,287,249,123" oya="0" hai0="80,89,134,19,85,133,25,24,107,16,94,15,2" hai1="78,72,59,88,112,39,65,95,32,48,91,92,20" hai2="86,123,0,58,34,6,111,51,17,117,14,99,71" hai3="105,41,130,4,121,64,84,22,11,77,63,113,47"/><T83/><D107/><U103/><E32/><V42/><F71/><W8/><G105/><T23/><D2/><U81/><E39/><V36/><F34/><W10/><G121/><T98/><D80/><U31/><E112/><V76/><F111/><W104/><G104/><T27/><REACH who="0" step="1"/><D19/><REACH who="0" ten="331,287,249,123" step="2"/><U67/><E95/><V126/><F17/><W9/><G113/><T122/><D122/><U40/><E92/><V30/><F0/><W21/><G130/><T45/><D45/><U60/><E81/><V69/><F123/><W1/><G77/><AGARI ba="1,1" hai="15,16,23,24,25,27,77,83,85,89,94,98,133,134" machi="77" ten="40,7700,0" yaku="1,1,54,1,53,1" doraHai="115" doraHaiUra="18" who="0" fromWho="3" sc="331,90,287,0,249,0,123,-80" /><INIT seed="4,2,0,0,2,127" ten="421,287,249,43" oya="0" hai0="84,0,59,27,54,105,118,70,21,133,57,53,91" hai1="106,51,55,34,71,30,67,90,97,129,36,124,26" hai2="12,41,23,72,74,93,32,28,14,25,61,18,40" hai3="96,82,121,50,52,7,115,73,92,80,119,56,2"/><T64/><D0/><U101/><E36/><V78/><F74/><W102/><G119/><T131/><D118/><U117/><E117/><V11/><F72/><W5/><G115/><T8/><D105/><U62/><E90/><V114/><F78/><W103/><G121/><T17/><D133/><U108/><E124/><V110/><F110/><W43/><G2/><T9/><D70/><U83/><E83/><V123/><F114/><W75/><G75/><T33/><D64/><U113/><E113/><V65/><F93/><W60/><G103/><T109/><D33/><U134/><E134/><V6/><REACH who="2" step="1"/><F123/><REACH who="2" ten="421,287,239,43" step="2"/><W4/><REACH who="3" step="1"/><G73/><REACH who="3" ten="421,287,239,33" step="2"/><T99/><D109/><U94/><E108/><V46/><F46/><AGARI ba="2,2" hai="4,5,7,43,46,50,52,56,60,80,82,92,96,102" machi="46" ten="40,8000,1" yaku="1,1,2,1,8,1,54,1,53,0" doraHai="127" doraHaiUra="69" who="3" fromWho="2" sc="421,0,287,0,239,-86,33,106" /><INIT seed="5,0,0,2,2,133" ten="421,287,153,139" oya="1" hai0="106,99,120,118,86,132,6,90,81,53,30,50,42" hai1="123,100,95,68,2,85,27,11,117,49,67,8,98" hai2="51,37,124,92,77,44,105,114,4,116,28,36,62" hai3="108,130,84,54,1,52,14,96,115,10,110,34,121"/><U29/><E117/><V94/><F105/><W47/><G121/><T75/><D118/><U48/><E123/><V39/><F28/><W25/><G1/><T58/><D132/><U113/><E113/><V63/><F77/><W24/><G115/><T122/><D30/><U13/><E2/><V40/><F4/><W76/><G34/><T17/><D6/><U38/><E38/><N who="2" m="14955" /><F92/><W82/><G130/><T64/><D17/><U23/><E68/><V18/><F94/><W80/><G96/><T5/><D5/><N who="1" m="3311" /><E67/><V119/><F18/><W12/><G47/><T71/><D42/><U70/><E70/><V16/><F16/><W15/><G10/><T112/><D112/><U7/><E7/><V125/><F114/><W31/><G31/><T126/><D71/><U21/><E8/><V101/><F101/><W72/><G84/><T65/><D75/><U41/><E41/><V103/><N who="2" m="14963" /><V91/><DORA hai="61" /><F91/><W0/><G0/><T20/><D20/><N who="1" m="15591" /><E85/><V78/><F103/><W19/><G19/><T97/><D106/><U32/><E32/><V73/><F73/><W128/><G72/><T107/><D122/><U102/><E102/><V9/><F9/><W131/><G12/><T22/><D120/><U43/><E43/><V127/><F78/><AGARI ba="0,0" hai="14,15,24,25,52,54,76,78,80,82,108,110,128,131" machi="78" ten="25,3200,0" yaku="22,2,54,1" doraHai="133,61" who="3" fromWho="2" sc="421,0,287,0,153,-32,139,32" /><INIT seed="6,0,0,5,3,58" ten="421,287,121,171" oya="2" hai0="12,43,65,102,106,7,84,91,24,93,42,78,19" hai1="103,10,98,27,131,71,114,16,5,120,40,75,100" hai2="32,49,95,110,105,97,109,77,108,116,0,69,80" hai3="35,83,55,115,122,38,101,113,135,127,134,123,132"/><V13/><F0/><W56/><G35/><T72/><D7/><U61/><E75/><N who="2" m="43071" /><F32/><W57/><G101/><T111/><D24/><U44/><E103/><N who="2" m="62703" /><F49/><N who="3" m="30831" /><G83/><N who="0" m="45511" /><D65/><U47/><E10/><V76/><F13/><W21/><G21/><N who="0" m="11495" /><D111/><U73/><E114/><N who="3" m="43530" /><G127/><T128/><D128/><U15/><E131/><V48/><F48/><W81/><G81/><T22/><D22/><U14/><E27/><V88/><F69/><W125/><G125/><T90/><D90/><U63/><E71/><V37/><F37/><W118/><G118/><T87/><D87/><U31/><E14/><V53/><F116/><W85/><G85/><T51/><D51/><U50/><E50/><V129/><F129/><W124/><G124/><T36/><D36/><U20/><E15/><V68/><F68/><W33/><G33/><T60/><D60/><U29/><E63/><V130/><F130/><W11/><G38/><T104/><D104/><U39/><E39/><V126/><F126/><W107/><G107/><T34/><D34/><U17/><E5/><V66/><F66/><W26/><G26/><T82/><D82/><U74/><E73/><V3/><F3/><W79/><G57/><T121/><D121/><N who="3" m="46089" /><G79/><T41/><D106/><U6/><E120/><V28/><F76/><W45/><G45/><T64/><D102/><U117/><E47/><V94/><F28/><W89/><G89/><T23/><D23/><U62/><E20/><V52/><F88/><W54/><G54/><AGARI ba="0,0" hai="52,53,54,94,95,108,109,110" m="62703,43071" machi="54" ten="30,2900,0" yaku="10,1,54,1" doraHai="58" who="2" fromWho="3" sc="421,0,287,0,121,29,171,-29" /><INIT seed="6,1,0,2,4,37" ten="421,287,150,142" oya="2" hai0="40,75,69,100,52,47,81,87,73,34,96,74,55" hai1="85,6,58,133,89,19,131,103,25,46,1,41,12" hai2="77,123,129,21,13,110,31,82,113,53,30,38,124" hai3="4,48,39,93,36,9,8,99,79,42,7,125,86"/><V109/><F38/><W44/><G125/><T57/><D34/><U119/><E103/><V10/><F123/><W134/><G134/><T80/><D69/><U91/><E25/><V106/><F106/><W118/><G118/><T116/><D116/><U23/><E119/><V3/><F124/><W17/><G17/><T66/><D66/><U64/><E133/><V50/><F3/><W43/><G43/><T97/><D97/><U84/><E131/><V112/><F129/><W88/><G79/><T49/><D55/><U63/><E1/><V76/><F21/><W0/><REACH who="3" step="1"/><G99/><REACH who="3" ten="421,287,150,132" step="2"/><T98/><D96/><U128/><E41/><V5/><F77/><W32/><G32/><T18/><D18/><U70/><E19/><V2/><F30/><W62/><G62/><T126/><D126/><U59/><E63/><V45/><F31/><W54/><G54/><T14/><D98/><U68/><E128/><V107/><F107/><W104/><G104/><T67/><D52/><U130/><E130/><V114/><REACH who="2" step="1"/><F2/><AGARI ba="1,1" hai="0,2,4,7,8,9,36,39,42,44,48,86,88,93" machi="2" ten="30,8000,1" yaku="1,1,7,1,9,1,52,1,54,1,53,0" doraHai="37" doraHaiUra="120" who="3" fromWho="2" sc="421,0,287,0,150,-83,132,93" /><INIT seed="7,0,0,2,0,104" ten="421,287,67,225" oya="3" hai0="82,57,127,105,21,126,130,79,20,129,15,60,61" hai1="28,8,110,33,52,12,125,30,18,70,85,9,55" hai2="131,62,47,111,51,16,56,108,0,43,72,109,91" hai3="132,40,100,65,11,10,74,38,68,116,76,49,22"/><W17/><G116/><T23/><D105/><U122/><E70/><V86/><F0/><W1/><G100/><T31/><D15/><U73/><E73/><V102/><F102/><W113/><G49/><T78/><D31/><U54/><E110/><V134/><F134/><W88/><G88/><T117/><D117/><U93/><E122/><V135/><F135/><W53/><G53/><N who="0" m="33839" /><D61/><U123/><E123/><V67/><F131/><N who="0" m="50186" /><D79/><U115/><E115/><V45/><F45/><N who="3" m="23703" /><G11/><T101/><D101/><U118/><E118/><V94/><REACH who="2" step="1"/><F16/><REACH who="2" ten="421,287,57,225" step="2"/><W90/><G17/><T119/><D119/><U59/><E18/><V83/><F83/><W29/><G1/><T103/><D103/><U26/><E12/><V69/><F69/><W24/><G132/><T64/><D64/><U48/><E26/><V124/><F124/><W32/><G65/><T121/><D121/><U106/><E125/><V71/><F71/><W3/><G68/><T44/><D44/><U37/><E9/><V5/><F5/><W97/><G10/><T42/><D42/><U36/><E8/><V4/><F4/><W66/><G66/><T25/><D25/><U63/><E63/><V35/><F35/><W81/><G3/><T114/><D114/><U75/><E33/><V128/><F128/><W107/><G113/><T92/><D92/><U89/><E93/><V84/><F84/><AGARI ba="0,1" hai="20,21,23,78,82,84,126,127" m="50186,33839" machi="84" ten="30,1000,0" yaku="19,1" doraHai="104" who="0" fromWho="2" sc="421,20,287,0,57,-10,225,0" owari="441,53.0,287,9.0,47,-45.0,225,-17.0" /></mjloggm>