<mjloggm ver="2.3"><GO type="169" lobby="0"/><UN n0="%E2%98%86%6E%61%6F%E2%98%86" n1="%E3%83%88%E3%83%88%E3%83%AA%E5%85%88%E7%94%9F%31%39%E6%AD%B3" n2="%4F%4E%41%4B%41%4E" n3="%6B%75%6B%65%6B%65%6B%65" dan="16,18,17,17" rate="2058.70,2258.17,2215.71,2144.17" sx="F,F,M,M"/><TAIKYOKU oya="0"/><INIT seed="0,0,0,3,1,59" ten="250,250,250,250" oya="0" hai0="69,54,110,1,22,51,47,103,62,63,74,104,67" hai1="133,20,42,116,87,72,6,37,45,135,31,12,81" hai2="28,56,97,71,9,85,21,34,66,126,13,15,120" hai3="43,24,32,57,93,75,8,60,2,84,88,118,40"/><T90/><D74/><U108/><E116/><V123/><F34/><W92/><G118/><T0/><D110/><U39/><E72/><V80/><F71/><W113/><G113/><T35/><D35/><U68/><E108/><V55/><F66/><W94/><G75/><T10/><D10/><N who="1" m="4183" /><E68/><V102/><F126/><W98/><G2/><T61/><D90/><U78/><E20/><V50/><F28/><W25/><G8/><T29/><D0/><U5/><E5/><V64/><F64/><N who="3" m="38927" /><G32/><T131/><D1/><U115/><E31/><V100/><F100/><N who="3" m="60487" /><G94/><T117/><D117/><U70/><E70/><V109/><F109/><W4/><G4/><T111/><D111/><U7/><E7/><V65/><F65/><W129/><G129/><T27/><REACH who="0" step="1"/><D131/><REACH who="0" ten="240,250,250,250" step="2"/><U36/><E115/><V79/><F9/><W17/><G25/><T30/><D30/><U46/><E135/><V122/><F13/><W125/><G125/><T49/><D49/><N who="1" m="26807" /><E133/><V14/><F14/><W44/><G24/><T114/><D114/><U106/><E37/><V18/><F122/><W132/><G132/><T130/><D130/><U105/><E36/><V38/><F38/><W48/><G48/><T128/><D128/><U119/><E119/><V134/><F134/><W89/><G89/><T73/><D73/><U107/><E39/><V33/><F33/><W52/><G88/><T19/><D19/><U82/><E82/><V91/><F91/><W53/><G17/><T124/><D124/><U3/><E3/><V112/><F112/><W101/><G101/><T121/><D121/><U26/><E26/><RYUUKYOKU ba="0,1" sc="240,10,250,10,250,10,250,-30" hai0="22,27,29,47,51,54,61,62,63,67,69,103,104" hai1="46,78,81,87,105,106,107" hai2="15,18,21,50,55,56,79,80,85,97,102,120,123" /><INIT seed="0,1,1,2,4,83" ten="250,260,260,220" oya="0" hai0="44,71,4,1,112,10,95,42,135,22,27,73,99" hai1="131,110,80,120,118,111,3,101,81,36,117,90,24" hai2="133,21,130,60,122,98,51,79,125,87,97,11,43" hai3="40,33,132,67,30,57,8,93,34,7,113,62,20"/><T100/><D112/><U49/><E36/><V88/><F122/><W23/><G113/><T105/><D135/><U92/><E3/><V17/><F133/><W74/><G74/><T41/><D73/><U9/><E120/><V107/><F107/><W16/><G132/><T2/><D71/><U55/><E131/><V123/><F123/><W109/><G109/><N who="1" m="41482" /><E9/><V48/><F79/><W91/><G40/><T64/><D64/><U46/><E101/><V35/><F35/><W66/><G30/><T108/><D108/><U115/><E115/><V13/><F125/><W104/><G23/><T25/><D25/><U119/><E24/><N who="2" m="14383" /><F60/><W61/><G104/><T15/><D42/><U28/><E28/><V96/><F43/><W29/><G29/><T114/><D105/><U65/><E65/><V106/><F130/><W70/><G8/><T86/><D114/><U26/><E26/><V68/><F68/><W63/><G7/><T78/><D22/><U126/><E126/><V77/><F77/><W134/><G63/><T53/><D27/><U56/><E56/><V121/><F106/><W45/><G45/><T37/><D53/><U103/><E103/><V39/><F39/><W54/><G67/><T72/><D72/><U85/><AGARI ba="1,1" hai="46,49,55,80,81,85,90,92,117,118,119" m="41482" machi="85" ten="40,2700,0" yaku="14,1,52,1" doraHai="83" who="1" fromWho="1" sc="250,-14,260,40,260,-8,220,-8" /><INIT seed="1,0,0,0,3,107" ten="236,300,252,212" oya="1" hai0="113,47,101,78,9,7,105,58,94,10,54,5,18" hai1="80,96,122,51,27,39,26,0,20,48,100,32,98" hai2="134,85,50,121,35,117,52,14,130,6,49,41,29" hai3="116,4,119,40,23,42,38,77,2,11,90,108,126"/><U44/><E122/><V87/><F121/><W132/><G108/><T69/><D105/><U22/><E0/><V133/><F117/><N who="3" m="45131" /><G38/><T68/><D113/><U103/><E39/><V93/><F130/><W25/><G126/><T129/><D47/><U37/><E37/><V97/><F41/><W28/><G132/><N who="2" m="50793" /><F50/><W31/><G77/><T111/><D111/><U36/><E36/><V57/><F6/><N who="0" m="2058" /><D69/><U128/><E32/><V109/><F109/><W86/><G31/><T13/><D68/><U73/><E44/><V112/><F14/><W24/><G25/><T8/><D78/><U62/><E80/><AGARI ba="0,0" hai="2,4,11,23,24,28,40,42,80,86,90" m="45131" machi="80" ten="30,1000,0" yaku="12,1" doraHai="107" who="3" fromWho="1" sc="236,0,300,-10,252,0,212,10" /><INIT seed="2,0,0,2,2,43" ten="236,290,252,222" oya="2" hai0="95,130,3,24,65,67,0,88,100,42,2,117,40" hai1="93,123,49,54,9,118,80,125,120,96,74,7,4" hai2="32,84,94,22,103,107,82,23,115,135,79,83,5" hai3="126,102,63,109,59,111,91,26,106,57,52,73,133"/><V112/><F32/><W38/><G73/><T50/><D100/><U47/><E118/><V34/><F34/><W27/><G38/><T75/><D75/><U56/><E125/><V77/><F5/><W41/><G41/><T28/><D117/><U114/><E114/><V110/><F23/><W98/><G126/><T78/><D78/><U66/><E74/><N who="2" m="43319" /><F22/><W60/><G91/><T101/><D101/><N who="1" m="60559" /><E80/><V20/><F20/><W6/><G133/><T81/><D81/><U10/><E120/><V35/><F35/><W113/><G113/><N who="2" m="43593" /><F135/><W15/><G15/><T129/><D42/><N who="1" m="24823" /><E66/><V108/><F107/><W55/><G6/><N who="1" m="2090" /><E123/><V62/><F62/><AGARI ba="0,0" hai="9,10,54,56,62" m="2090,24823,60559" machi="62" ten="30,2000,0" yaku="8,1,52,1" doraHai="43" who="1" fromWho="2" sc="236,0,290,20,252,-20,222,0" /><INIT seed="3,0,0,1,0,102" ten="236,310,232,222" oya="3" hai0="39,22,59,52,133,28,6,103,23,111,60,123,134" hai1="43,113,86,73,55,83,64,127,13,99,0,25,129" hai2="4,88,40,118,49,20,63,115,109,130,71,12,1" hai3="50,110,124,45,30,104,120,31,79,78,51,42,75"/><W5/><G120/><T62/><D123/><U121/><E0/><V65/><F115/><W125/><G5/><T41/><D111/><U37/><E121/><V53/><F118/><W16/><G110/><T19/><D6/><U82/><E113/><V90/><F109/><W132/><G132/><N who="0" m="50795" /><D28/><N who="3" m="10793" /><G104/><T14/><D23/><U2/><E2/><V131/><F40/><W72/><G51/><N who="0" m="31135" /><D103/><U17/><E25/><V119/><F1/><W85/><G16/><T10/><D22/><U9/><E9/><V87/><F119/><W80/><G78/><T97/><D97/><U27/><E99/><V32/><F32/><W84/><G72/><T81/><D81/><U47/><E83/><V15/><F4/><W94/><G94/><T122/><D122/><U112/><E82/><V3/><F3/><W21/><G21/><T69/><D69/><U44/><E73/><V128/><F87/><W74/><G74/><T117/><D117/><U95/><E86/><V33/><F33/><W54/><G75/><T24/><D24/><U29/><E27/><V48/><F15/><W66/><G85/><T106/><D106/><U18/><E13/><V26/><F12/><W46/><G84/><T36/><D36/><U35/><E37/><V68/><F68/><W70/><G80/><T91/><D91/><N who="2" m="34858" /><F53/><W77/><G79/><T108/><D108/><U96/><E55/><V105/><F105/><W61/><G77/><T135/><N who="0" m="50803" /><T38/><DORA hai="34" /><D38/><U114/><E112/><V101/><F101/><W116/><G116/><T8/><D10/><U100/><E114/><V58/><F71/><RYUUKYOKU ba="0,0" sc="236,10,310,-30,232,10,222,10" hai0="8,14,19,39,41,60,62" hai2="20,26,48,49,58,63,65,128,130,131" hai3="42,45,46,50,54,61,66,70,124,125" /><INIT seed="3,1,0,3,5,116" ten="246,280,242,232" oya="3" hai0="49,115,8,17,42,132,79,40,57,39,3,100,111" hai1="6,120,33,36,18,97,67,61,76,11,95,54,118" hai2="113,24,84,7,21,55,134,34,129,15,122,4,44" hai3="89,58,124,65,64,86,38,130,20,51,30,121,101"/><W74/><G38/><T50/><D39/><U56/><E118/><V103/><F113/><W60/><G74/><T135/><D115/><U73/><E33/><V1/><F1/><W59/><G121/><T128/><D128/><U90/><E36/><V45/><F34/><W91/><G130/><T70/><D70/><U68/><E18/><V32/><F32/><W117/><G117/><T46/><D79/><U96/><E120/><V2/><F2/><W26/><G124/><T114/><D114/><U28/><E28/><V69/><F69/><W102/><G91/><T88/><D100/><U94/><E76/><V13/><F103/><W31/><G31/><T85/><D111/><U93/><E73/><V37/><F37/><W14/><G14/><N who="0" m="7367" /><D57/><U72/><E72/><V19/><F122/><W83/><REACH who="3" step="1"/><G51/><REACH who="3" ten="246,280,242,222" step="2"/><N who="0" m="27079" /><D3/><U5/><E90/><V99/><F13/><W92/><G92/><N who="0" m="54287" /><D42/><U119/><E119/><V47/><F129/><W48/><G48/><T98/><D49/><U107/><E94/><V108/><F15/><W106/><G106/><T43/><D50/><U87/><E107/><V27/><F45/><W10/><G10/><T105/><D43/><U109/><E11/><V126/><F47/><W41/><G41/><T23/><D105/><U80/><E93/><V62/><F44/><W104/><G104/><T35/><D98/><U16/><E97/><V110/><F99/><W77/><G77/><T25/><D132/><U82/><E96/><V131/><F134/><W66/><G66/><T53/><D135/><U133/><E133/><V125/><F131/><W71/><G71/><RYUUKYOKU ba="1,1" sc="246,-10,280,-10,242,-10,222,30" hai3="20,26,30,58,59,60,64,65,83,86,89,101,102" /><INIT seed="3,2,1,4,0,52" ten="236,270,232,252" oya="3" hai0="124,14,3,66,47,108,129,37,48,84,53,83,55" hai1="130,59,24,20,110,68,63,121,111,1,133,76,128" hai2="12,42,94,80,109,10,79,98,18,87,73,56,96" hai3="41,2,81,39,67,61,34,28,23,135,15,116,19"/><W8/><G116/><T86/><D108/><N who="1" m="41515" /><E121/><V54/><F109/><W11/><G135/><T69/><D37/><U95/><E1/><V123/><F123/><W88/><G39/><T104/><D104/><U44/><E133/><V75/><F98/><W40/><G34/><T127/><D129/><N who="1" m="49771" /><E44/><V21/><F42/><N who="3" m="16491" /><G28/><T82/><D3/><U91/><E76/><V101/><REACH who="2" step="1"/><F10/><REACH who="2" ten="236,270,222,252" step="2"/><W131/><G8/><T71/><D127/><U60/><E68/><V89/><F89/><W57/><G88/><N who="0" m="51223" /><D71/><U115/><E115/><V38/><F38/><W51/><G11/><T29/><D124/><U13/><E13/><V30/><F30/><W117/><G2/><T0/><D29/><N who="1" m="17543" /><E59/><V62/><AGARI ba="2,2" hai="12,18,21,54,56,62,73,75,79,80,87,94,96,101" machi="62" ten="20,5200,0" yaku="1,1,0,1,7,1,52,1,53,0" doraHai="52" doraHaiUra="36" who="2" fromWho="2" sc="236,-15,270,-15,222,78,252,-28" /><INIT seed="4,0,0,3,2,38" ten="221,255,300,224" oya="0" hai0="129,83,130,15,28,64,12,116,92,99,50,103,114" hai1="23,113,9,18,117,48,39,46,42,45,26,20,33" hai2="110,133,68,123,16,53,32,37,98,24,8,71,36" hai3="72,73,63,84,11,22,125,66,97,43,3,93,124"/><T0/><D0/><U41/><E117/><V25/><F8/><W134/><G84/><T81/><D116/><U101/><E113/><V91/><F98/><W70/><G134/><T89/><D114/><U78/><E33/><V4/><F53/><W127/><G22/><T80/><D28/><U34/><E34/><V108/><F32/><W120/><G120/><T102/><D64/><U115/><E115/><V88/><F4/><N who="3" m="1439" /><G43/><T13/><REACH who="0" step="1"/><D50/><REACH who="0" ten="211,255,300,224" step="2"/><U5/><E48/><V82/><F37/><W35/><G35/><T49/><D49/><U27/><E39/><V122/><F36/><W67/><G67/><T126/><D126/><U118/><E118/><V75/><F123/><W55/><G127/><T57/><D57/><U54/><E45/><V128/><F122/><W79/><G125/><T7/><D7/><U85/><E46/><V94/><F71/><W90/><G124/><T112/><D112/><U6/><E6/><V61/><F68/><W59/><G70/><T10/><D10/><U2/><E9/><V105/><F133/><W30/><G66/><T76/><D76/><U1/><E5/><V96/><F110/><W51/><G30/><T21/><D21/><U69/><E69/><V65/><F65/><W121/><G121/><T87/><D87/><U119/><E119/><V131/><F108/><W14/><G79/><T31/><D31/><U104/><E1/><V95/><F75/><N who="3" m="28747" /><G51/><T109/><D109/><U100/><E2/><V132/><F132/><W40/><G59/><T17/><D17/><U111/><E111/><V86/><F16/><W107/><G63/><RYUUKYOKU ba="0,1" sc="211,30,255,-10,300,-10,224,-10" hai0="12,13,15,80,81,83,89,92,99,102,103,129,130" /><INIT seed="4,1,1,0,1,67" ten="241,245,290,214" oya="0" hai0="70,18,126,108,104,68,8,101,33,73,38,54,85" hai1="39,53,55,133,23,106,26,3,103,74,37,90,128" hai2="30,98,122,52,49,66,130,7,76,43,47,115,44" hai3="114,17,124,120,12,31,19,41,5,78,42,15,0"/><T61/><D33/><U89/><E3/><V79/><F122/><W57/><G0/><T111/><D73/><U93/><E74/><V107/><F130/><W123/><G5/><T22/><D38/><U121/><E121/><N who="3" m="46666" /><G78/><T10/><D85/><U92/><E128/><V13/><F115/><W86/><G86/><T35/><D35/><U80/><E80/><V95/><F107/><W25/><G57/><N who="0" m="34999" /><D126/><U21/><E106/><V45/><F30/><W99/><G99/><T51/><D51/><U135/><REACH who="1" step="1"/><E26/><REACH who="1" ten="241,235,290,214" step="2"/><V64/><F76/><W28/><G124/><T65/><D104/><U96/><E96/><V113/><F79/><W119/><G25/><T112/><D112/><U62/><E62/><V97/><F97/><W94/><G114/><T32/><D111/><U14/><E14/><V109/><F109/><W129/><G15/><T81/><D108/><U4/><E4/><V24/><F24/><W40/><G129/><T88/><D81/><U9/><E9/><N who="2" m="4287" /><F113/><W59/><G12/><T131/><D8/><U71/><E71/><V83/><F83/><W77/><G77/><T36/><D68/><U75/><E75/><V134/><F98/><W69/><G69/><T6/><D70/><U127/><E127/><V105/><F105/><W118/><G118/><T100/><D10/><U1/><E1/><V63/><F63/><W50/><G119/><T20/><D131/><U132/><E132/><V91/><F134/><W58/><G94/><T2/><D6/><U48/><E48/><V34/><F49/><W117/><G117/><T46/><D2/><U72/><E72/><RYUUKYOKU ba="1,2" sc="241,-10,235,30,290,-10,214,-10" hai1="21,23,37,39,53,55,89,90,92,93,103,133,135" /><INIT seed="5,2,2,0,4,83" ten="231,265,280,204" oya="1" hai0="118,34,100,84,106,56,39,27,90,42,33,79,119" hai1="36,47,50,5,25,123,75,61,116,16,93,18,108" hai2="132,107,57,55,26,53,101,130,22,129,65,102,110" hai3="87,86,12,133,4,117,76,109,88,51,0,14,28"/><U128/><E116/><V9/><F110/><W2/><G28/><T120/><D79/><U112/><E123/><V71/><F132/><W41/><G109/><T122/><D56/><U46/><E108/><V7/><F65/><W103/><G103/><T8/><D8/><U43/><E75/><V49/><F71/><W40/><G133/><T21/><D100/><U73/><E73/><V92/><F92/><W48/><G76/><T20/><D106/><U38/><E112/><V54/><F54/><W23/><G23/><N who="0" m="8779" /><D27/><U104/><E104/><V74/><F74/><W63/><G63/><T59/><D59/><U85/><E128/><N who="2" m="49259" /><F55/><W80/><G80/><N who="0" m="49415" /><D42/><U115/><E115/><V13/><F107/><W113/><G4/><T78/><D39/><U60/><E5/><V89/><F89/><W45/><G117/><N who="0" m="44555" /><D78/><U98/><E36/><V11/><F9/><W125/><G113/><T77/><D77/><U99/><E25/><V10/><F11/><W111/><G111/><T66/><D66/><U31/><E31/><AGARI ba="2,2" hai="7,10,13,22,26,31,49,53,57,101,102" m="49259" machi="31" ten="30,1000,0" yaku="19,1" doraHai="83" who="2" fromWho="1" sc="231,0,265,-16,280,36,204,0" /><INIT seed="6,0,0,3,1,106" ten="231,249,316,204" oya="2" hai0="66,24,10,124,134,62,23,34,57,31,8,84,76" hai1="12,40,88,78,28,60,85,38,9,33,48,2,77" hai2="119,121,51,67,135,42,110,21,87,63,95,79,74" hai3="64,132,115,19,129,82,118,116,130,14,13,128,86"/><V11/><F119/><N who="3" m="45611" /><G64/><T49/><D124/><U133/><E38/><V58/><F121/><W94/><G94/><T46/><D134/><U39/><E39/><V45/><F135/><W6/><G132/><T0/><D0/><U99/><E2/><V4/><F110/><W83/><G86/><T90/><D76/><U26/><E133/><V16/><F74/><W131/><N who="3" m="32768" /><DORA hai="122" /><W37/><G37/><T109/><D109/><U54/><E60/><V3/><F95/><W103/><G103/><T5/><D5/><U80/><E40/><V69/><F87/><W114/><G6/><T22/><D23/><U1/><E99/><V61/><F79/><W7/><G7/><T59/><D34/><U15/><E1/><V102/><F102/><W41/><G41/><N who="0" m="24783" /><D59/><U72/><E9/><V20/><F16/><W44/><G44/><T53/><D66/><AGARI ba="0,0" hai="3,4,11,20,21,42,45,51,58,61,63,66,67,69" machi="66" ten="30,1500,0" yaku="7,1" doraHai="106,122" who="2" fromWho="0" sc="231,-15,249,0,316,15,204,0" /><INIT seed="6,1,0,1,3,115" ten="216,249,331,204" oya="2" hai0="73,58,28,130,42,112,48,15,60,40,44,4,96" hai1="59,13,9,31,5,122,117,66,62,10,129,64,99" hai2="30,12,92,22,18,116,105,46,76,82,0,98,14" hai3="77,24,79,26,126,6,131,43,93,74,25,87,80"/><V41/><F0/><W119/><G126/><T102/><D112/><U2/><E129/><V123/><F105/><W104/><G104/><T72/><D130/><U133/><E133/><V7/><F123/><W61/><G131/><T55/><D42/><U89/><E122/><V56/><F30/><W101/><G6/><T85/><D85/><U1/><E117/><V17/><F7/><W135/><G135/><T100/><D100/><U110/><E110/><V78/><F116/><W54/><G43/><T37/><D28/><U70/><E31/><V127/><F56/><W52/><G119/><T65/><D15/><U45/><E10/><V39/><F82/><W84/><G74/><T8/><D8/><U121/><E121/><V36/><F36/><W53/><G61/><T88/><D88/><U34/><E34/><V35/><F35/><W20/><G77/><T132/><D4/><U81/><E45/><V109/><F127/><W91/><REACH who="3" step="1"/><G101/><REACH who="3" ten="216,249,331,194" step="2"/><T86/><D132/><U67/><E2/><V103/><F109/><W111/><G111/><T118/><D118/><U107/><E1/><V114/><F114/><W134/><G134/><T29/><D73/><U21/><E107/><V95/><F76/><W83/><G83/><T23/><D72/><U19/><E81/><V75/><F78/><W71/><G71/><T3/><D102/><U106/><E70/><V97/><F75/><W49/><G49/><T33/><D48/><U90/><E106/><V51/><F51/><W11/><G11/><T94/><D60/><U125/><E5/><V68/><F68/><W27/><G27/><RYUUKYOKU ba="1,1" sc="216,-10,249,-10,331,-10,194,30" hai3="20,24,25,26,52,53,54,79,80,84,87,91,93" /><INIT seed="7,2,1,0,1,110" ten="206,239,321,224" oya="3" hai0="96,13,45,128,61,66,92,100,98,87,10,63,93" hai1="36,65,3,56,60,32,27,69,133,48,58,127,37" hai2="70,83,15,108,1,106,103,109,24,115,47,29,2" hai3="12,4,57,75,52,130,97,81,85,50,31,55,102"/><W77/><G130/><T18/><D128/><U16/><E3/><N who="2" m="1035" /><F15/><W132/><G132/><T82/><D66/><U62/><E127/><V123/><F115/><W118/><G118/><T17/><D18/><U54/><E133/><V21/><F21/><W124/><G124/><T129/><D45/><U49/><E49/><V116/><F83/><W121/><G121/><T41/><D41/><U135/><E135/><V42/><F116/><W11/><G31/><T111/><D111/><U113/><E113/><V114/><F114/><W120/><G120/><T131/><D131/><U26/><E26/><V84/><F84/><W122/><G122/><T76/><D129/><U46/><E69/><V33/><F70/><W101/><G75/><T112/><D112/><U79/><E79/><V80/><F80/><W40/><G40/><T25/><D25/><U23/><REACH who="1" step="1"/><E32/><REACH who="1" ten="206,229,321,224" step="2"/><V28/><F123/><W20/><G20/><T19/><REACH who="0" step="1"/><D17/><REACH who="0" ten="196,229,321,224" step="2"/><U51/><E51/><V5/><F24/><W86/><G50/><T6/><D6/><U43/><AGARI ba="2,3" hai="16,23,27,36,37,43,46,48,54,56,58,60,62,65" machi="43" ten="20,5200,0" yaku="1,1,0,1,7,1,54,1,53,0" doraHai="110" doraHaiUra="95" who="1" fromWho="1" sc="196,-15,229,88,321,-15,224,-28" owari="181,-32.0,317,41.0,306,11.0,196,-20.0" /></mjloggm>