<mjloggm ver="2.3"><GO type="225" lobby="0"/><UN n0="%E9%98%BF%E4%BF%AE%E7%BE%85%E4%BD%B3%E5%A5%88" n1="%53%65%6E%61%72" n2="%72%69%6F%75%63%68%61%6E" n3="%E3%83%88%E3%83%88%E3%83%AA%E5%85%88%E7%94%9F%31%39%E6%AD%B3" dan="17,16,16,17" rate="2148.09,2144.50,2074.18,2159.33" sx="F,M,M,F"/><TAIKYOKU oya="0"/><INIT seed="0,0,0,1,3,127" ten="250,250,250,250" oya="0" hai0="56,58,85,38,96,29,118,27,108,126,99,80,68" hai1="35,62,23,107,1,20,17,130,123,73,67,132,13" hai2="34,95,25,76,55,119,128,83,100,8,82,91,37" hai3="114,117,75,93,52,61,105,42,16,19,50,3,120"/><T57/><D118/><U41/><E123/><V90/><F128/><W81/><G105/><T0/><D68/><U18/><E35/><V101/><F37/><W5/><G114/><T24/><D38/><U79/><E1/><V9/><F34/><W60/><G117/><T15/><D0/><U64/><E132/><V122/><F122/><W113/><G113/><T45/><D45/><U21/><E107/><V43/><F119/><W106/><G106/><T26/><D29/><U125/><E125/><V54/><F43/><W28/><G42/><T30/><D30/><U109/><E109/><V47/><F25/><W89/><G28/><T88/><D126/><U111/><E111/><V33/><F33/><W31/><G31/><T134/><D134/><U92/><E130/><V72/><F47/><N who="3" m="27743" /><G3/><T133/><D133/><U102/><E41/><V14/><F72/><W32/><G5/><T104/><D104/><U116/><E116/><V121/><F121/><W103/><G32/><T6/><D108/><U4/><E4/><V44/><F44/><W94/><G75/><T49/><D49/><U98/><E73/><V51/><F51/><W112/><G112/><T39/><D39/><U86/><E62/><N who="3" m="24170" /><G81/><T97/><D6/><U135/><E135/><V84/><F54/><W63/><N who="3" m="24178" /><W74/><DORA hai="59" /><G74/><T7/><D7/><U48/><E48/><V115/><F55/><W70/><G70/><T10/><D57/><U124/><E124/><V65/><F115/><W22/><G120/><T53/><D53/><U66/><E18/><V129/><F129/><W71/><G71/><RYUUKYOKU ba="0,0" sc="250,15,250,15,250,-15,250,-15" hai0="10,15,24,26,27,56,58,80,85,88,96,97,99" hai1="13,17,20,21,23,64,66,67,79,86,92,98,102" /><INIT seed="0,1,0,1,3,89" ten="265,265,235,235" oya="0" hai0="43,105,109,93,69,32,27,19,130,129,98,83,29" hai1="127,62,59,67,40,8,95,75,116,102,31,85,49" hai2="50,74,64,35,82,61,122,72,24,33,90,25,57" hai3="120,20,58,42,117,99,13,86,79,46,73,26,3"/><T5/><D69/><U121/><E121/><V44/><F122/><W28/><G120/><T101/><D5/><U0/><E75/><V106/><F106/><W55/><G3/><T91/><D43/><U45/><E116/><V78/><F74/><W22/><G73/><T41/><D41/><U134/><E134/><V37/><F37/><W77/><G117/><T4/><D4/><U68/><E127/><V84/><F33/><W14/><G99/><T76/><D19/><U80/><E31/><V21/><F35/><W118/><G118/><T10/><D10/><U18/><E0/><V70/><F70/><W133/><G133/><T110/><D83/><U48/><E68/><V104/><F104/><W132/><G132/><T112/><D76/><N who="3" m="29257" /><G86/><N who="0" m="52471" /><D112/><U96/><E49/><V128/><F128/><AGARI ba="1,0" hai="27,29,32,98,101,105,109,110,128,129,130" m="52471" machi="128" ten="30,2900,0" yaku="19,1,52,1" doraHai="89" who="0" fromWho="2" sc="265,32,265,0,235,-32,235,0" /><INIT seed="0,2,0,4,2,106" ten="297,265,203,235" oya="0" hai0="31,67,111,81,0,79,65,69,27,61,5,63,77" hai1="59,47,130,62,36,68,119,44,82,80,23,74,117" hai2="104,43,6,125,96,135,28,132,3,12,121,24,22" hai3="45,26,38,112,50,14,92,17,60,1,123,20,18"/><T55/><D5/><U30/><E68/><V100/><F125/><W71/><G112/><T52/><D0/><U76/><E130/><V72/><F121/><W105/><G105/><T108/><D77/><U78/><E30/><V46/><F3/><W89/><G1/><T64/><D64/><U87/><E23/><V54/><F54/><W42/><G123/><T49/><D49/><U75/><E87/><V102/><F100/><W21/><G71/><T35/><D65/><U128/><E128/><V15/><F72/><W116/><G116/><T41/><D41/><U13/><E13/><V83/><F83/><W10/><G60/><T56/><REACH who="0" step="1"/><D55/><REACH who="0" ten="287,265,203,235" step="2"/><U11/><E36/><N who="2" m="21863" /><F6/><W93/><G38/><T2/><D2/><U85/><E62/><V8/><F8/><W101/><G10/><T29/><D29/><U110/><E11/><V4/><F4/><W37/><G37/><T16/><D16/><U91/><E117/><V107/><F28/><W103/><REACH who="3" step="1"/><G93/><REACH who="3" ten="287,265,203,225" step="2"/><T122/><D122/><U99/><E119/><V114/><F104/><W118/><G118/><T70/><D70/><U134/><E134/><N who="2" m="51243" /><F114/><W84/><AGARI ba="2,2" hai="14,17,18,20,21,26,42,45,50,84,89,92,101,103" machi="84" ten="20,5200,0" yaku="1,1,0,1,7,1,8,1,53,0" doraHai="106" doraHaiUra="126" who="3" fromWho="3" sc="287,-28,265,-15,203,-15,225,78" /><INIT seed="1,0,0,4,4,22" ten="259,250,188,303" oya="1" hai0="9,3,21,91,50,29,116,134,33,62,35,13,118" hai1="78,102,123,103,57,119,85,84,48,30,105,114,126" hai2="42,20,60,87,67,54,88,94,10,6,71,121,74" hai3="95,39,15,59,73,80,127,68,28,64,58,8,38"/><U72/><E123/><V5/><F121/><W1/><G1/><T0/><D62/><U124/><E119/><N who="0" m="45609" /><D50/><U129/><E114/><V70/><F74/><W51/><G127/><N who="1" m="48682" /><E129/><V44/><F70/><W122/><G122/><T25/><D134/><U90/><E30/><V99/><F10/><W17/><G68/><T2/><D91/><U41/><E72/><V131/><F131/><W104/><G104/><T34/><D21/><U125/><N who="1" m="48690" /><U96/><DORA hai="111" /><E103/><V79/><F54/><W77/><G28/><T56/><D56/><U47/><E57/><V53/><F53/><W117/><G117/><T66/><D66/><U100/><E100/><V31/><F79/><W81/><G59/><T23/><D23/><U101/><E101/><V76/><F76/><W26/><G77/><T55/><D55/><U135/><E135/><V49/><REACH who="2" step="1"/><F99/><REACH who="2" ten="259,250,178,303" step="2"/><W52/><G58/><T86/><D86/><N who="1" m="33387" /><E78/><V97/><F97/><W75/><G73/><T36/><D36/><U133/><E133/><V4/><F4/><AGARI ba="0,1" hai="0,2,3,4,9,13,25,29,33,34,35" m="45609" machi="4" ten="40,5200,0" yaku="34,2,52,1" doraHai="22,111" who="0" fromWho="2" sc="259,62,250,0,178,-52,303,0" /><INIT seed="2,0,0,0,4,132" ten="321,250,126,303" oya="2" hai0="34,97,0,115,48,107,74,83,98,59,7,77,63" hai1="106,93,17,121,96,112,126,75,109,116,104,16,66" hai2="47,68,14,86,40,70,103,33,45,117,130,128,102" hai3="32,61,69,43,26,3,50,100,60,73,55,114,91"/><V31/><F117/><W123/><G123/><T94/><D115/><U52/><E116/><V9/><F86/><W51/><G3/><T108/><D34/><U80/><E112/><V134/><F134/><W4/><G4/><T133/><D133/><U90/><E121/><V54/><F54/><W35/><G73/><T53/><D107/><U79/><E109/><V27/><F103/><W62/><G114/><T72/><D108/><U20/><E126/><V21/><F102/><W125/><G125/><T71/><D74/><U129/><E129/><N who="2" m="49771" /><F33/><W44/><G69/><N who="2" m="26729" /><F40/><W92/><G100/><T5/><D98/><U8/><E66/><V88/><F88/><W101/><G101/><T46/><D71/><U49/><E8/><V11/><F9/><W99/><REACH who="3" step="1"/><G26/><REACH who="3" ten="321,250,126,293" step="2"/><T119/><D119/><U124/><E124/><V38/><F38/><W95/><G95/><T29/><D94/><U25/><REACH who="1" step="1"/><E17/><AGARI ba="0,1" hai="11,14,17,21,27,31,45,47" m="26729,49771" machi="17" ten="30,1500,0" yaku="19,1" doraHai="132" who="2" fromWho="1" sc="321,0,250,-15,126,25,293,0" /><INIT seed="2,1,0,1,1,7" ten="321,235,151,293" oya="2" hai0="16,6,43,84,52,73,121,112,70,124,5,31,129" hai1="95,104,3,56,127,125,72,79,97,82,67,32,69" hai2="91,106,61,101,114,27,77,53,126,24,74,80,55" hai3="26,111,17,92,2,35,123,89,60,41,0,108,119"/><V107/><F114/><W42/><G119/><T128/><D121/><U19/><E32/><V48/><F126/><N who="1" m="48137" /><E69/><V51/><F61/><W85/><G123/><T78/><D31/><U25/><E3/><N who="3" m="1066" /><G60/><T115/><D43/><U90/><E104/><V116/><F116/><W28/><G17/><T75/><D70/><U34/><E19/><V29/><F91/><W133/><G133/><T13/><D124/><U131/><E131/><N who="0" m="50249" /><D5/><U122/><E122/><V134/><F134/><W120/><G120/><T105/><D6/><U58/><E67/><V36/><F36/><W68/><G68/><T21/><D105/><U132/><E132/><V110/><F110/><AGARI ba="1,0" hai="26,28,35,41,42,85,89,92,108,110,111" m="1066" machi="110" ten="30,1000,0" yaku="14,1" doraHai="7" who="3" fromWho="2" sc="321,0,235,0,151,-13,293,13" /><INIT seed="3,0,0,5,3,41" ten="321,235,138,306" oya="3" hai0="22,39,0,131,46,105,113,49,3,79,34,75,32" hai1="72,93,18,82,53,78,85,1,114,117,92,55,123" hai2="8,70,109,111,80,68,56,73,121,37,7,13,20" hai3="130,115,91,60,61,5,106,31,24,47,6,88,90"/><W132/><G115/><T16/><D16/><U99/><E114/><V40/><F121/><W118/><G118/><T65/><D22/><U11/><E123/><V89/><F56/><W83/><G106/><T81/><D49/><U102/><E117/><V54/><F54/><W108/><G130/><T116/><D113/><U9/><E1/><N who="0" m="585" /><D116/><U44/><E72/><V112/><F112/><W21/><G132/><T74/><D65/><U86/><E53/><V71/><F20/><W129/><G129/><T104/><D75/><U17/><E17/><V10/><F10/><W110/><G47/><T29/><D29/><U134/><E134/><V94/><F73/><W125/><G125/><T135/><D135/><U57/><E18/><V15/><F80/><W126/><G126/><T19/><D19/><U69/><E69/><V52/><F15/><W100/><G100/><T76/><D76/><U128/><E128/><V64/><F64/><W27/><G83/><T2/><D2/><U84/><E57/><V119/><F119/><W12/><G27/><T122/><D122/><U103/><E11/><V28/><F28/><W42/><G42/><N who="0" m="22879" /><D131/><U58/><E58/><V59/><F40/><W96/><G96/><T35/><AGARI ba="0,0" hai="32,34,35,74,79,81,104,105" m="22879,585" machi="35" ten="40,5200,0" yaku="33,2,52,1" doraHai="41" who="0" fromWho="0" sc="321,52,235,-13,138,-13,306,-26" owari="373,47.0,222,-18.0,125,-37.0,280,8.0" /></mjloggm>