<mjloggm ver="2.3"><GO type="169" lobby="0"/><UN n0="%E5%B0%B1%E6%B4%BB%E7%94%9F%40%E5%B7%9D%E6%9D%91%E8%BB%8D%E5%9B%A3" n1="%E3%83%8D%E3%83%BC%E3%83%A0%E3%83%AC%E3%82%B9%EF%BC%97" n2="%74%6F%6E%6E%75%72%61" n3="%E3%81%98%E3%81%BF%E3%81%84%E3%81%A3%5A" dan="17,17,17,16" rate="2245.06,2149.86,2134.85,2122.70" sx="M,M,M,M"/><TAIKYOKU oya="0"/><INIT seed="0,0,0,2,0,73" ten="250,250,250,250" oya="0" hai0="23,12,17,124,114,81,42,72,33,10,85,113,43" hai1="87,122,101,115,98,20,35,67,2,134,102,69,30" hai2="79,120,71,103,27,106,88,21,48,95,63,117,126" hai3="94,104,116,55,83,46,77,119,34,47,86,40,80"/><T90/><D33/><U68/><E122/><V60/><F120/><W131/><G34/><T84/><D72/><U133/><E35/><V41/><F126/><W66/><G104/><T121/><D121/><U100/><E2/><V70/><F117/><W29/><G29/><T97/><D124/><U93/><E115/><V96/><F79/><W5/><G66/><T49/><D97/><U107/><E87/><V50/><F71/><W105/><G105/><T130/><D130/><U38/><E38/><V65/><F63/><W64/><G64/><T132/><D132/><N who="1" m="50795" /><E107/><V75/><F41/><W3/><G131/><T58/><D113/><U22/><E67/><V16/><REACH who="2" step="1"/><F75/><REACH who="2" ten="250,250,240,250" step="2"/><W9/><G119/><T125/><D125/><U89/><E69/><V52/><F52/><W99/><G40/><T24/><D114/><U1/><E68/><V18/><F18/><W45/><G55/><N who="0" m="32111" /><D84/><AGARI ba="0,1" hai="16,21,27,48,50,60,65,70,84,88,95,96,103,106" machi="84" ten="30,8000,1" yaku="1,1,7,1,54,2,53,1" doraHai="73" doraHaiUra="56" who="2" fromWho="0" sc="250,-80,250,0,240,90,250,0" /><INIT seed="1,0,0,1,1,119" ten="170,250,330,250" oya="1" hai0="75,106,49,89,113,50,21,32,110,68,117,22,103" hai1="34,101,40,35,56,123,72,111,80,70,92,42,8" hai2="95,37,59,36,11,54,62,104,52,65,15,28,118" hai3="78,14,44,93,9,90,67,6,99,26,12,31,124"/><U20/><E70/><V69/><F104/><W47/><G124/><T127/><D75/><U82/><E111/><V86/><F28/><W85/><G67/><T55/><D32/><U112/><E112/><V71/><F118/><W133/><G133/><T135/><D68/><U73/><E123/><V94/><F69/><W41/><G14/><T64/><D64/><U24/><E8/><V84/><F54/><W134/><G134/><T98/><D113/><U132/><E132/><V29/><F29/><W39/><G39/><T76/><D76/><U2/><E2/><V19/><F94/><W88/><G78/><T125/><D135/><U46/><E56/><V97/><F86/><W109/><G41/><T121/><D110/><U0/><E0/><V131/><F84/><W100/><G90/><T108/><D89/><U48/><E101/><V120/><F120/><W128/><G128/><T30/><D121/><U96/><E96/><V38/><F131/><W77/><G77/><T7/><D7/><U66/><E92/><V45/><F45/><W53/><G53/><T130/><D130/><U18/><E66/><V129/><F129/><W74/><G74/><N who="1" m="28778" /><E42/><V43/><F43/><W27/><G109/><T58/><D108/><U3/><E3/><V17/><F95/><N who="3" m="54671" /><G31/><T4/><D117/><U83/><E35/><V25/><F65/><W63/><G63/><N who="0" m="36319" /><D4/><U91/><E91/><V126/><F71/><W122/><G122/><T81/><D81/><U16/><E34/><V87/><F38/><W57/><G57/><T60/><D60/><U107/><E107/><V5/><F62/><RYUUKYOKU ba="0,0" sc="170,-15,250,15,330,-15,250,15" hai1="16,18,20,24,40,46,48,80,82,83" hai3="6,9,12,26,27,44,47,93,99,100" /><INIT seed="1,1,0,1,4,61" ten="155,265,315,265" oya="1" hai0="52,74,48,116,26,134,3,28,32,6,25,130,122" hai1="65,81,104,77,75,107,70,18,113,115,87,118,51" hai2="24,72,123,86,23,5,1,22,30,114,82,14,126" hai3="128,95,63,132,93,7,83,135,71,129,44,42,99"/><U9/><E118/><V133/><F123/><W89/><G7/><T73/><D116/><U40/><E75/><V96/><F72/><W105/><G105/><T46/><D122/><U85/><E85/><V101/><F133/><N who="3" m="51275" /><G83/><T100/><D134/><U120/><E120/><V41/><F126/><W117/><G117/><T38/><D130/><U125/><E125/><V103/><F114/><W112/><G112/><T67/><D100/><U91/><E77/><V31/><F41/><W39/><G71/><T68/><D26/><U66/><E113/><V17/><F31/><W43/><G42/><T0/><D38/><U54/><E115/><V102/><F5/><W121/><G63/><T76/><D6/><U57/><E40/><V53/><F53/><W106/><G106/><T35/><D35/><U29/><E29/><V88/><REACH who="2" step="1"/><F1/><REACH who="2" ten="155,265,305,265" step="2"/><W94/><G121/><T97/><D3/><U11/><E18/><V64/><F64/><W19/><G19/><T90/><D0/><U34/><E34/><V4/><F4/><W79/><G129/><T33/><D33/><U62/><E66/><V59/><F59/><W15/><G128/><T27/><D28/><U60/><E70/><V110/><F110/><W37/><G37/><T78/><D32/><U20/><E65/><V21/><F21/><W92/><G43/><T119/><D74/><U16/><E20/><V10/><F10/><N who="1" m="3593" /><E16/><V69/><F69/><W56/><G39/><T12/><D73/><U124/><E124/><V108/><F108/><W131/><G131/><T55/><D68/><U47/><E57/><V8/><F8/><RYUUKYOKU ba="1,1" sc="155,-15,265,15,305,15,265,-15" hai1="47,51,54,60,62,81,87,91,104,107" hai2="14,17,22,23,24,30,82,86,88,96,101,102,103" /><INIT seed="1,2,1,1,4,107" ten="140,280,320,250" oya="1" hai0="59,83,34,112,29,121,92,13,127,36,86,101,71" hai1="21,31,68,60,99,12,94,51,111,125,76,35,26" hai2="46,7,118,135,128,120,123,79,11,72,44,133,122" hai3="97,41,91,45,126,119,65,104,24,49,105,63,62"/><U15/><E125/><V25/><F118/><W115/><G115/><T73/><D71/><U106/><E111/><V16/><F128/><W30/><G119/><T110/><D36/><U130/><E130/><V1/><F79/><W33/><G126/><T103/><D127/><U129/><E129/><V96/><F96/><W109/><G109/><T48/><D112/><U80/><E106/><V87/><F87/><W113/><G113/><T124/><D110/><U95/><E51/><V2/><F2/><W82/><G63/><T108/><D108/><U3/><E3/><V50/><F72/><W56/><G97/><T116/><D73/><U32/><E95/><V85/><F85/><W37/><G37/><T38/><D38/><U58/><E68/><V54/><F46/><W67/><G67/><T132/><D34/><U89/><E32/><V93/><F93/><W20/><G33/><T47/><D116/><U14/><E35/><V102/><F102/><W84/><AGARI ba="2,1" hai="20,24,30,41,45,49,56,62,65,82,84,91,104,105" machi="84" ten="30,1100,0" yaku="0,1" doraHai="107" who="3" fromWho="3" sc="140,-5,280,-7,320,-5,250,27" /><INIT seed="2,0,0,1,5,123" ten="135,273,315,277" oya="2" hai0="0,114,55,72,2,7,15,26,35,40,89,43,28" hai1="111,117,88,17,65,37,53,67,118,122,45,6,121" hai2="33,31,134,51,119,129,18,9,107,1,109,78,12" hai3="23,113,97,64,120,125,87,73,4,131,71,132,115"/><V75/><F119/><N who="1" m="45577" /><E6/><V47/><F107/><W86/><G71/><T76/><D114/><U79/><E79/><V38/><F38/><W29/><G64/><N who="1" m="24650" /><E17/><V5/><F78/><W93/><G4/><T80/><D2/><U66/><E88/><V102/><F102/><W116/><G29/><T20/><D89/><U57/><N who="1" m="24658" /><U54/><DORA hai="94" /><E111/><V24/><F75/><W104/><G23/><T30/><D30/><U14/><E14/><V81/><F81/><W41/><G41/><T105/><D105/><U85/><E85/><V39/><F109/><W135/><G93/><T124/><D124/><U46/><E54/><V32/><F32/><W91/><G91/><T130/><D130/><U69/><E69/><V106/><F129/><W108/><G131/><T25/><D25/><U42/><E46/><V82/><F82/><W90/><G90/><T112/><D112/><U44/><E44/><V22/><F106/><W110/><G104/><T58/><D0/><U21/><E21/><V84/><F84/><W98/><G116/><T56/><D56/><U34/><E34/><V100/><F100/><W96/><G73/><T11/><REACH who="0" step="1"/><D35/><REACH who="0" ten="125,273,315,277" step="2"/><U68/><E68/><V36/><F33/><W133/><G115/><T16/><D16/><U77/><E77/><V3/><F18/><W8/><G113/><T19/><D19/><U99/><E99/><V60/><F31/><W74/><G98/><T13/><D13/><U61/><AGARI ba="0,1" hai="37,42,45,53,57,61,121,122" m="24658,45577" machi="61" ten="40,2700,0" yaku="34,2" doraHai="123,94" who="1" fromWho="1" sc="125,-7,273,37,315,-13,277,-7" /><INIT seed="3,0,0,1,3,43" ten="118,310,302,270" oya="3" hai0="115,127,61,21,0,19,37,57,109,42,59,10,68" hai1="125,20,128,96,94,48,93,75,55,17,70,4,26" hai2="82,33,132,107,101,60,29,7,38,65,13,9,14" hai3="73,18,41,88,106,87,118,72,8,81,3,22,45"/><W130/><G118/><T51/><D109/><U28/><E75/><V98/><F132/><W5/><G106/><T90/><D127/><U104/><E70/><N who="2" m="42279" /><F38/><W2/><G2/><T53/><D115/><U24/><E125/><V124/><F124/><W80/><G130/><T16/><D0/><U79/><E128/><V15/><F82/><W105/><G105/><T108/><D108/><U114/><E114/><V50/><F50/><W76/><G73/><T116/><D116/><U95/><E79/><V126/><F126/><W25/><G80/><T58/><D90/><U110/><E110/><V83/><F83/><W117/><G117/><T121/><D121/><U54/><E4/><V84/><F84/><W11/><G11/><T112/><D112/><U49/><E104/><V34/><F34/><W47/><G41/><T69/><D10/><U36/><E36/><V103/><F103/><W123/><G123/><T67/><D69/><U56/><E96/><V135/><F135/><W6/><G6/><T44/><D19/><U120/><E120/><V63/><F63/><W78/><REACH who="3" step="1"/><G72/><REACH who="3" ten="118,310,302,260" step="2"/><T99/><REACH who="0" step="1"/><D99/><REACH who="0" ten="108,310,302,260" step="2"/><U129/><E129/><V1/><F1/><W32/><G32/><T35/><D35/><U134/><E134/><V85/><F33/><W91/><G91/><T71/><D71/><U46/><E94/><V92/><F92/><W27/><G27/><AGARI ba="0,2" hai="16,21,27,37,42,44,51,53,57,58,59,61,67,68" machi="27" ten="30,12000,2" yaku="1,1,7,1,24,2,52,1,54,1,53,0" doraHai="43" doraHaiUra="113" who="0" fromWho="3" sc="108,140,310,0,302,0,260,-120" /><INIT seed="4,0,0,1,4,60" ten="248,310,302,140" oya="0" hai0="73,5,90,62,112,53,44,66,86,55,98,16,79" hai1="135,134,40,132,116,19,68,88,1,61,48,81,80" hai2="57,127,119,24,46,27,74,111,115,47,39,38,51" hai3="75,13,110,23,109,7,33,91,70,103,64,96,114"/><T37/><D112/><U107/><E116/><V45/><F74/><W100/><G75/><T99/><D5/><U0/><E107/><V14/><F115/><W12/><G33/><T10/><D73/><U67/><E19/><V124/><F111/><W17/><G114/><T65/><D79/><U22/><E22/><V49/><F14/><W20/><G91/><T25/><D37/><N who="2" m="13834" /><F119/><W108/><G96/><N who="0" m="36907" /><D62/><U93/><E40/><V92/><F92/><W85/><G85/><T120/><D120/><U128/><E128/><V52/><F27/><W102/><G7/><T56/><D44/><N who="2" m="17002" /><F24/><W6/><G6/><T94/><D56/><U131/><E131/><V82/><F82/><N who="1" m="31849" /><E48/><V63/><F51/><W36/><G36/><T77/><D77/><U72/><E72/><V129/><F129/><W101/><N who="3" m="26112" /><DORA hai="104" /><W130/><G130/><T84/><D84/><AGARI ba="0,0" hai="0,1,61,67,68,84,88,93,132,134,135" m="31849" machi="84" ten="30,3900,0" yaku="20,1,52,1,54,1" doraHai="60,104" who="1" fromWho="0" sc="248,-39,310,39,302,0,140,0" /><INIT seed="5,0,0,3,3,127" ten="209,349,302,140" oya="1" hai0="10,73,56,40,83,111,51,36,89,1,84,45,128" hai1="90,50,35,67,19,24,134,65,34,46,11,86,95" hai2="61,71,103,107,5,119,26,78,66,123,109,77,132" hai3="102,41,97,42,112,76,130,57,64,18,62,20,118"/><U30/><E134/><V6/><F109/><W69/><G112/><T38/><D111/><U17/><E35/><V81/><F123/><W44/><G118/><T27/><D27/><U59/><E59/><V100/><F119/><W3/><G3/><T23/><D23/><U68/><E68/><V101/><F107/><W39/><G42/><T98/><D98/><U2/><E19/><V15/><F132/><W49/><G76/><T131/><D73/><U87/><E87/><V21/><F15/><W133/><G133/><T106/><D106/><U122/><E122/><V37/><F37/><W75/><G75/><T92/><D83/><U79/><E79/><V105/><F105/><W121/><G121/><T116/><D116/><U58/><E58/><V25/><F25/><W33/><G33/><T88/><D89/><U124/><E124/><V80/><F78/><W9/><G9/><T93/><D93/><U7/><REACH who="1" step="1"/><E17/><REACH who="1" ten="209,339,302,140" step="2"/><V115/><F77/><W32/><G32/><T74/><D56/><U135/><E135/><V8/><F71/><W129/><G18/><T4/><D74/><U91/><E91/><V60/><F103/><W12/><G102/><T125/><D125/><U99/><E99/><V120/><F101/><W72/><G97/><T96/><D96/><U16/><E16/><V85/><F100/><W29/><G72/><T43/><D84/><U108/><E108/><V110/><F85/><W113/><G29/><T28/><D28/><U31/><E31/><V22/><F110/><W53/><G113/><T126/><D126/><U55/><AGARI ba="0,1" hai="2,7,11,24,30,34,46,50,55,65,67,86,90,95" machi="55" ten="20,3900,0" yaku="1,1,0,1,7,1,53,0" doraHai="127" doraHaiUra="54" who="1" fromWho="1" sc="209,-13,339,49,302,-13,140,-13" /><INIT seed="5,1,0,1,2,41" ten="196,388,289,127" oya="1" hai0="74,125,10,9,100,80,86,79,87,6,63,5,29" hai1="17,104,12,108,43,38,90,110,7,21,34,67,59" hai2="58,128,18,56,101,35,84,1,115,64,72,88,129" hai3="48,93,49,44,130,103,92,46,124,78,37,131,3"/><U36/><E34/><V54/><F72/><W66/><G37/><T82/><D125/><U68/><E68/><V61/><F35/><W97/><G3/><T8/><D29/><U23/><E104/><V57/><F101/><W109/><G109/><N who="1" m="42090" /><E7/><V96/><F96/><W120/><G120/><T2/><D100/><U119/><E119/><V39/><F39/><W118/><G118/><T114/><D114/><U32/><E32/><V31/><F31/><W25/><G25/><T42/><D63/><N who="1" m="38399" /><E43/><V121/><F121/><W77/><G66/><T15/><D42/><U94/><E21/><V65/><F115/><W60/><G60/><T122/><D122/><U85/><AGARI ba="1,0" hai="12,17,23,36,38,85,90,94" m="38399,42090" machi="85" ten="30,1500,0" yaku="10,1" doraHai="41" who="1" fromWho="1" sc="196,-6,388,18,289,-6,127,-6" /><INIT seed="5,2,0,3,1,13" ten="190,406,283,121" oya="1" hai0="56,51,55,90,81,10,42,52,77,131,120,59,21" hai1="126,101,111,38,82,75,118,106,72,100,35,129,63" hai2="41,44,19,2,54,84,15,117,61,122,58,47,40" hai3="18,49,107,29,98,26,92,36,25,116,125,78,70"/><U86/><E118/><V32/><F122/><W128/><G36/><T132/><D131/><U121/><E121/><V14/><F2/><W37/><G37/><T79/><D132/><U50/><E38/><V33/><F117/><W108/><G107/><T134/><D134/><U23/><E35/><V39/><F84/><W69/><G78/><T88/><D42/><U83/><E129/><V65/><F15/><W87/><G87/><N who="0" m="50287" /><D10/><U7/><E126/><V71/><F44/><W74/><G74/><T135/><D135/><U91/><E111/><V110/><F41/><W24/><G128/><T95/><D21/><U62/><E7/><V93/><F93/><W113/><G108/><T48/><D120/><U57/><E23/><V17/><F110/><W109/><G109/><T102/><D102/><U1/><E1/><V123/><F123/><W53/><G125/><T89/><D89/><U85/><E50/><N who="2" m="31063" /><F14/><W20/><G70/><T105/><D105/><U45/><E45/><V76/><F76/><W34/><G69/><T66/><D66/><U114/><E106/><V22/><F22/><W12/><G116/><T104/><D104/><U124/><E124/><V127/><F127/><W94/><G94/><T103/><D103/><U28/><E91/><V115/><F33/><W96/><G92/><T67/><D67/><U46/><E46/><V130/><F32/><W6/><G34/><T119/><D119/><U60/><E72/><V5/><F130/><W133/><G133/><T3/><D3/><U43/><E75/><V9/><F39/><W31/><G20/><T0/><D0/><RYUUKYOKU ba="2,0" sc="190,30,406,-10,283,-10,121,-10" hai0="48,51,52,55,56,59,77,79,90,95" /><INIT seed="6,3,0,5,0,49" ten="220,396,273,111" oya="2" hai0="22,65,134,35,115,47,31,17,25,36,2,98,99" hai1="51,72,112,118,110,27,84,122,105,80,18,46,34" hai2="8,96,53,68,56,10,32,3,39,94,12,52,113" hai3="16,71,86,109,43,124,74,21,69,59,123,100,77"/><V15/><F113/><W60/><G74/><T23/><D2/><U63/><E110/><V108/><F108/><W41/><G123/><T97/><D115/><U50/><E118/><V101/><F3/><W102/><G71/><T40/><D134/><U37/><E112/><V28/><F68/><W44/><G69/><T95/><D65/><U116/><E116/><V125/><F39/><W117/><G117/><T24/><REACH who="0" step="1"/><D35/><REACH who="0" ten="210,396,273,111" step="2"/><U92/><E34/><V20/><F32/><W0/><G0/><T14/><D14/><N who="2" m="5162" /><F125/><W93/><G124/><T29/><D29/><U81/><E122/><V13/><F56/><W61/><G109/><T119/><D119/><U111/><E111/><V129/><F129/><W103/><G44/><T107/><D107/><U91/><E105/><V11/><F13/><W30/><G30/><T85/><D85/><U70/><E84/><V78/><F78/><W19/><G59/><T82/><D82/><U64/><E80/><V104/><F104/><W132/><G132/><T90/><AGARI ba="3,1" hai="17,22,23,24,25,31,36,40,47,90,95,97,98,99" machi="90" ten="20,2700,0" yaku="1,1,0,1,7,1,53,0" doraHai="49" doraHaiUra="54" who="0" fromWho="0" sc="210,46,396,-10,273,-16,111,-10" /><INIT seed="7,0,0,0,2,108" ten="256,386,257,101" oya="3" hai0="107,21,14,114,11,91,17,123,3,112,40,9,106" hai1="13,43,59,10,104,35,24,118,47,105,109,122,132" hai2="29,101,4,120,90,89,124,42,26,36,8,2,94" hai3="53,68,67,15,61,69,7,51,1,84,126,46,66"/><W121/><G1/><T25/><D123/><U115/><E109/><V39/><F124/><W16/><G7/><N who="0" m="1279" /><D40/><U23/><E132/><V28/><F120/><W130/><G121/><T50/><D50/><U38/><E115/><N who="0" m="44073" /><D91/><U110/><E43/><V76/><F101/><W97/><G130/><T134/><D134/><U78/><E47/><N who="2" m="24007" /><F39/><W44/><G126/><T103/><D103/><U133/><E133/><V58/><F58/><W63/><G97/><T71/><D71/><U119/><E59/><V22/><F29/><AGARI ba="0,0" hai="11,14,17,21,25,29,106,107" m="44073,1279" machi="29" ten="30,8000,1" yaku="15,1,11,1,52,3" doraHai="108" who="0" fromWho="2" sc="256,80,386,0,257,-80,101,0" owari="336,14.0,386,48.0,177,-22.0,101,-40.0" /></mjloggm>