<mjloggm ver="2.3"><GO type="169" lobby="0"/><UN n0="%E5%A4%A9%E7%A9%BA%73%61%79%61" n1="%68%61%72%75%72%75%39%31" n2="%E3%81%B5%E3%81%8F%E3%82%84%E3%82%93" n3="%E5%B0%B1%E6%B4%BB%E7%94%9F%40%E5%B7%9D%E6%9D%91%E8%BB%8D%E5%9B%A3" dan="17,16,17,18" rate="2169.57,2087.47,2125.31,2265.99" sx="M,M,F,M"/><TAIKYOKU oya="0"/><INIT seed="0,0,0,4,1,90" ten="250,250,250,250" oya="0" hai0="4,79,81,70,124,91,74,72,126,28,100,61,97" hai1="68,111,121,35,14,46,82,23,21,67,114,33,31" hai2="41,134,131,6,56,34,129,95,22,24,29,47,15" hai3="54,51,89,125,104,55,116,75,77,20,7,101,36"/><T11/><D28/><U84/><E67/><V1/><F134/><W118/><G36/><T0/><D91/><U110/><E68/><V128/><F56/><W80/><G125/><N who="0" m="48235" /><D61/><U44/><E121/><V92/><F1/><W9/><G20/><N who="1" m="7754" /><E14/><V3/><F3/><W115/><G115/><T127/><N who="0" m="48243" /><T88/><DORA hai="66" /><D70/><U87/><E31/><V25/><F25/><W26/><G26/><T73/><D88/><N who="1" m="51223" /><E87/><V59/><F59/><W69/><G69/><T135/><D135/><U117/><E117/><V107/><F107/><AGARI ba="0,0" hai="0,4,11,72,73,74,79,81,97,100,107" m="48243" machi="107" ten="40,3900,0" yaku="18,1,23,1" doraHai="90,66" who="0" fromWho="2" sc="250,39,250,0,250,-39,250,0" /><INIT seed="0,1,0,0,1,42" ten="289,250,211,250" oya="0" hai0="77,43,66,1,128,12,76,90,49,126,129,34,125" hai1="46,96,51,35,55,134,14,117,113,97,105,59,62" hai2="28,94,95,17,19,0,67,13,114,64,85,72,22" hai3="88,116,57,47,102,91,110,83,106,2,81,30,16"/><T108/><D1/><U109/><E117/><V80/><F0/><W40/><G2/><T133/><D34/><U112/><E109/><V4/><F72/><W21/><G110/><T115/><D115/><N who="1" m="44107" /><E105/><V68/><F4/><W107/><G30/><T124/><D108/><U7/><E35/><V135/><F135/><W71/><G71/><T56/><D133/><U36/><E36/><V33/><F114/><W127/><G127/><T10/><D90/><N who="3" m="34345" /><G106/><T15/><D66/><N who="1" m="39263" /><E134/><V84/><F33/><W75/><G75/><T58/><D43/><U27/><E27/><V98/><F68/><W82/><G107/><T78/><D49/><U79/><E79/><V104/><F104/><W70/><G70/><T53/><D53/><U121/><E121/><V11/><F67/><W26/><G116/><T54/><D54/><U25/><E25/><V37/><F64/><W119/><G119/><T73/><D73/><U131/><E131/><N who="0" m="50249" /><D10/><AGARI ba="1,0" hai="7,10,14,46,51,55,96,97" m="39263,44107" machi="10" ten="30,2000,0" yaku="11,1,52,1" doraHai="42" who="1" fromWho="0" sc="289,-23,250,23,211,0,250,0" /><INIT seed="1,0,0,5,0,95" ten="266,273,211,250" oya="1" hai0="83,74,121,40,44,131,13,115,100,60,118,132,54" hai1="19,113,64,17,24,16,96,26,91,31,67,36,63" hai2="117,81,53,51,101,135,2,111,123,70,94,35,41" hai3="134,107,68,23,57,58,72,114,99,124,89,59,22"/><U98/><E36/><V18/><F2/><W88/><G114/><T129/><D118/><U55/><E113/><V42/><F70/><W4/><G72/><T38/><D115/><U25/><E31/><V30/><F123/><W8/><G68/><T33/><D33/><U103/><E91/><V102/><F30/><W20/><G124/><T106/><D121/><U87/><E87/><V116/><F35/><W97/><G134/><T84/><D74/><U110/><E110/><V49/><F94/><W28/><G28/><T82/><D132/><U37/><E37/><V109/><F18/><W128/><G128/><N who="0" m="49227" /><D13/><U86/><E86/><V90/><F90/><N who="3" m="34923" /><G107/><T43/><D43/><U12/><E12/><AGARI ba="0,0" hai="4,8,12,20,22,23,57,58,59,97,99" m="34923" machi="12" ten="30,7700,0" yaku="8,1,52,2,54,1" doraHai="95" who="3" fromWho="1" sc="266,0,273,-77,211,0,250,77" /><INIT seed="2,0,0,5,0,123" ten="266,196,211,327" oya="2" hai0="129,118,125,130,82,100,122,64,87,86,39,50,92" hai1="105,91,131,132,84,24,38,119,111,29,33,109,35" hai2="110,114,57,116,80,43,11,53,28,9,99,3,73" hai3="133,102,54,4,31,124,48,13,7,30,0,97,15"/><V20/><F116/><W46/><G124/><T104/><D39/><U120/><E119/><V47/><F114/><W121/><G121/><T66/><D118/><U101/><E120/><V40/><F40/><W19/><G0/><T76/><D122/><U83/><E131/><N who="0" m="50185" /><D125/><U103/><E132/><V67/><F67/><N who="0" m="25642" /><D104/><U108/><E38/><N who="2" m="22007" /><F99/><W14/><G19/><T63/><D63/><U107/><E35/><V68/><F68/><W32/><G133/><T128/><D128/><U95/><E95/><V70/><F70/><W52/><G54/><T37/><D37/><U71/><E71/><V134/><F28/><N who="3" m="10795" /><G32/><T41/><D100/><AGARI ba="0,0" hai="24,29,33,83,84,91,100,101,103,105,107,108,109,111" machi="100" ten="40,8000,1" yaku="14,1,52,3" doraHai="123" who="1" fromWho="0" sc="266,-80,196,80,211,0,327,0" /><INIT seed="3,0,0,5,4,80" ten="186,276,211,327" oya="3" hai0="61,115,52,15,109,36,131,117,116,4,85,105,68" hai1="110,37,56,43,123,19,9,54,17,13,42,38,44" hai2="1,120,77,29,134,76,127,119,21,60,87,73,101" hai3="90,16,32,121,106,5,100,34,97,81,27,67,132"/><W11/><G121/><T111/><D105/><U62/><E123/><V2/><F73/><W78/><G132/><T104/><D104/><U74/><E74/><V69/><F69/><W125/><G125/><T51/><D36/><U46/><REACH who="1" step="1"/><E110/><REACH who="1" ten="186,266,211,327" step="2"/><V33/><F120/><W91/><G67/><T79/><D109/><U55/><E55/><V23/><F127/><W82/><G34/><T102/><D52/><U6/><AGARI ba="0,1" hai="6,9,13,17,19,37,38,42,43,44,46,54,56,62" machi="6" ten="20,5200,0" yaku="1,1,0,1,7,1,9,1,53,0" doraHai="80" doraHaiUra="118" who="1" fromWho="1" sc="186,-13,266,62,211,-13,327,-26" /><INIT seed="4,0,0,5,2,9" ten="173,328,198,301" oya="0" hai0="2,130,98,11,24,7,95,129,132,33,22,48,8" hai1="58,110,17,133,28,35,5,50,38,126,78,83,47" hai2="115,49,13,114,6,41,118,125,73,131,116,91,30" hai3="123,54,90,112,104,53,15,94,14,51,68,10,52"/><T12/><D48/><U82/><E110/><V100/><F73/><W122/><G104/><T85/><D85/><U92/><E126/><V120/><F100/><W74/><G74/><T89/><D132/><U97/><E133/><V102/><F102/><W128/><G128/><T66/><D66/><U67/><E5/><V16/><F6/><W134/><G68/><T108/><D33/><U80/><E38/><V127/><F120/><N who="3" m="46123" /><G134/><T96/><D96/><U84/><E28/><V75/><F30/><W18/><G112/><N who="2" m="43049" /><F75/><W31/><G31/><T39/><D39/><U81/><E35/><V26/><F26/><W71/><G71/><T72/><D72/><U27/><E67/><V107/><F107/><W55/><G10/><T23/><D108/><U57/><E27/><V119/><F91/><W121/><G18/><N who="0" m="8479" /><D24/><U106/><E17/><V45/><F131/><AGARI ba="0,0" hai="2,7,8,22,23,89,95,98,129,130,131" m="8479" machi="131" ten="30,2900,0" yaku="19,1,52,1" doraHai="9" who="0" fromWho="2" sc="173,29,328,0,198,-29,301,0" /><INIT seed="4,1,0,5,4,14" ten="202,328,169,301" oya="0" hai0="9,116,58,133,64,98,80,20,112,87,123,81,32" hai1="52,73,130,44,17,8,94,89,29,27,113,50,68" hai2="127,95,47,108,62,90,59,25,70,104,121,12,134" hai3="114,77,34,93,3,51,39,103,101,45,117,53,119"/><T65/><D116/><U106/><E130/><V49/><F104/><W72/><G34/><T22/><D32/><U92/><E106/><V15/><F121/><W83/><G3/><T57/><D123/><U5/><E73/><V120/><F120/><W79/><G79/><T99/><D112/><U63/><E113/><V41/><F108/><W97/><G114/><T129/><D133/><U61/><E68/><V54/><F127/><W78/><G78/><T75/><D75/><U84/><E94/><V40/><F134/><W69/><G69/><T43/><D9/><U135/><E135/><V37/><F41/><W31/><G31/><T111/><D43/><U16/><E63/><V19/><F37/><W24/><G24/><T91/><D87/><U13/><E61/><V23/><REACH who="2" step="1"/><F70/><REACH who="2" ten="202,328,159,301" step="2"/><W55/><G39/><T71/><D71/><U67/><E67/><V0/><F0/><W4/><G55/><T115/><D115/><U96/><E96/><AGARI ba="1,1" hai="12,15,19,23,25,40,47,49,54,59,62,90,95,96" machi="96" ten="30,12000,2" yaku="1,1,7,1,25,2,8,1,52,1,53,0" doraHai="14" doraHaiUra="7" who="2" fromWho="1" sc="202,0,328,-123,159,133,301,0" /><INIT seed="5,0,0,3,1,4" ten="202,205,292,301" oya="1" hai0="1,28,10,35,16,17,19,6,101,129,40,73,85" hai1="33,37,36,97,132,21,81,15,94,117,91,30,123" hai2="50,89,45,53,54,95,113,11,13,103,120,29,79" hai3="31,58,114,87,63,71,48,99,124,25,88,47,110"/><U42/><E117/><V133/><F120/><W44/><G110/><T56/><D73/><U112/><E123/><V8/><F133/><W104/><G124/><T66/><D129/><U3/><E3/><V72/><F103/><W80/><G114/><T119/><D119/><U39/><E132/><V46/><F113/><W41/><G71/><T61/><D101/><U109/><E112/><V128/><F128/><W105/><G47/><T59/><D40/><U102/><E109/><V55/><F29/><W57/><G99/><T84/><REACH who="0" step="1"/><D56/><REACH who="0" ten="192,205,292,301" step="2"/><U107/><E42/><V64/><F72/><W70/><G58/><T83/><D83/><U98/><E81/><V90/><F46/><W106/><G70/><T65/><D65/><U86/><E97/><V18/><F64/><W92/><G80/><T111/><D111/><U115/><E115/><V22/><F79/><W82/><G82/><T5/><D5/><U2/><E2/><V43/><F90/><W38/><G38/><T96/><D96/><AGARI ba="0,1" hai="8,11,13,18,22,43,45,50,53,54,55,89,95,96" machi="96" ten="40,5200,0" yaku="8,1,52,2" doraHai="4" who="2" fromWho="0" sc="192,-52,205,0,292,62,301,0" /><INIT seed="6,0,0,1,1,106" ten="140,205,354,301" oya="2" hai0="47,77,1,58,55,124,116,76,20,48,38,27,7" hai1="0,51,104,65,86,34,100,117,134,74,69,70,85" hai2="46,60,9,35,54,17,133,41,115,90,14,2,13" hai3="88,131,71,80,61,18,128,15,111,113,125,95,68"/><V8/><F35/><W118/><G111/><T96/><D124/><U4/><E74/><V78/><F2/><W107/><G107/><T6/><D116/><U82/><E86/><V120/><F78/><W28/><G28/><T101/><D38/><U31/><E51/><V16/><F120/><W127/><G80/><T24/><D24/><U59/><E59/><V132/><F90/><W81/><G81/><T64/><D1/><U89/><E65/><V103/><F103/><W19/><G113/><T23/><D23/><U66/><E66/><V5/><F5/><W119/><G61/><T126/><D126/><N who="3" m="48137" /><G118/><T93/><D76/><U21/><E34/><V129/><F115/><W130/><G119/><T57/><D77/><U10/><E117/><V44/><F60/><W52/><G52/><T32/><D32/><U98/><E134/><V97/><F54/><W72/><G72/><T11/><D11/><U112/><E112/><V108/><F108/><W73/><G73/><T79/><D79/><U135/><E135/><V122/><F122/><W53/><G53/><T114/><D114/><U30/><E30/><V45/><F45/><W83/><G83/><T36/><D36/><U3/><E31/><V12/><F44/><W75/><G75/><T40/><D64/><U50/><E104/><V63/><F13/><W99/><G19/><N who="0" m="12703" /><D55/><U94/><E0/><V49/><F63/><W26/><G26/><T110/><D110/><U109/><E109/><V33/><F33/><W105/><G105/><T22/><D22/><AGARI ba="0,0" hai="15,18,22,68,71,88,95,99,128,130,131" m="48137" machi="22" ten="40,5200,0" yaku="19,1,18,1,54,1" doraHai="106" who="3" fromWho="0" sc="140,-52,205,0,354,0,301,52" /><INIT seed="7,0,0,5,4,114" ten="88,205,354,353" oya="3" hai0="74,108,30,5,21,92,66,65,46,83,29,56,68" hai1="38,130,111,109,120,62,43,12,50,11,73,17,106" hai2="63,51,58,132,6,112,91,124,61,118,41,85,101" hai3="131,97,0,54,33,87,100,103,1,19,102,80,31"/><W69/><G69/><T99/><D68/><U48/><E62/><V78/><F118/><W126/><G0/><T77/><D108/><U107/><E43/><V67/><F112/><W27/><G1/><T90/><D5/><U55/><E55/><N who="2" m="32127" /><F124/><W37/><G37/><T125/><D125/><U57/><E17/><V42/><F132/><W117/><G117/><T79/><D79/><U35/><E12/><V81/><F101/><W47/><G126/><T3/><D3/><U18/><E11/><V8/><F78/><W104/><G131/><T93/><D46/><U121/><E120/><V24/><F24/><W76/><REACH who="3" step="1"/><G19/><REACH who="3" ten="88,205,354,343" step="2"/><T45/><D45/><U7/><E18/><V2/><F2/><W129/><G129/><T89/><D21/><U105/><E130/><V28/><F28/><W127/><G127/><T116/><D116/><U98/><E38/><V71/><F71/><W86/><G86/><T135/><D135/><U25/><E111/><V84/><F84/><W14/><G14/><T119/><D119/><U94/><E109/><V15/><F67/><W13/><G13/><T44/><D44/><U75/><E121/><V49/><F42/><W134/><G134/><T128/><D128/><U4/><E7/><V59/><F41/><W123/><G123/><T88/><D90/><U23/><E4/><V70/><F70/><W122/><G122/><T72/><D72/><U52/><E23/><V115/><F115/><W20/><G20/><T34/><D34/><U133/><E133/><V16/><F6/><W113/><G113/><T40/><D40/><U53/><E35/><RYUUKYOKU ba="0,1" sc="88,-15,205,-15,354,15,343,15" hai2="8,15,16,49,59,61,63,81,85,91" hai3="27,31,33,47,54,76,80,87,97,100,102,103,104" /><INIT seed="7,1,1,4,4,99" ten="73,190,369,358" oya="3" hai0="48,83,28,12,68,56,100,29,130,10,116,92,121" hai1="45,47,106,69,15,80,101,41,62,13,96,98,7" hai2="51,67,39,11,119,110,102,76,135,34,95,33,88" hai3="133,78,20,21,16,122,38,61,57,60,35,40,85"/><W59/><G122/><T91/><D121/><U126/><E80/><V30/><F39/><W72/><G35/><T89/><D130/><U75/><E7/><V50/><F119/><W43/><G72/><T19/><D68/><U125/><E75/><V14/><F102/><W124/><G38/><T120/><D116/><U64/><E96/><V18/><F110/><W107/><G107/><T74/><D120/><U73/><E73/><V22/><F135/><W54/><G124/><N who="1" m="47722" /><E47/><V4/><F76/><W118/><G118/><T58/><D74/><U109/><E109/><V77/><F77/><W128/><G128/><T105/><D105/><U79/><E79/><V94/><F94/><W27/><G133/><T127/><D127/><U31/><E31/><V53/><F30/><W1/><G1/><T49/><D29/><U129/><E129/><V90/><F95/><W103/><G103/><T32/><D28/><U81/><E81/><V9/><F34/><W26/><G85/><T37/><D37/><AGARI ba="1,1" hai="13,15,37,41,45,62,64,69,98,101,106" m="47722" machi="37" ten="30,2000,0" yaku="18,1,52,1" doraHai="99" who="1" fromWho="0" sc="73,-23,190,33,369,0,358,0" owari="50,-45.0,223,-18.0,369,47.0,358,16.0" /></mjloggm>