<mjloggm ver="2.3"><GO type="169" lobby="0"/><UN n0="%E3%82%A6%E3%83%AB%E3%83%88%E3%83%A9%E7%AB%8B%E7%9B%B4" n1="%E3%83%AA%E3%82%B5%E3%81%95%E3%81%BE" n2="%6B%6F%6A%69%6D%6F%6E%39" n3="%73%68%61%70%65%6C%65%72" dan="18,16,16,17" rate="2151.90,2044.84,2192.44,2209.64" sx="M,F,M,M"/><TAIKYOKU oya="0"/><INIT seed="0,0,0,4,5,12" ten="250,250,250,250" oya="0" hai0="97,19,133,20,28,76,67,130,35,125,110,95,96" hai1="83,73,4,31,89,5,24,121,132,60,58,77,62" hai2="49,126,54,124,6,8,33,61,39,53,115,69,131" hai3="122,38,87,46,55,129,48,85,105,15,29,9,32"/><T81/><D125/><N who="2" m="48234" /><F33/><W90/><G105/><T107/><D130/><U2/><E132/><V118/><F115/><W30/><G38/><T111/><D133/><U13/><E121/><V34/><F34/><W103/><G103/><T26/><D67/><U127/><E127/><V42/><F118/><W3/><G3/><T112/><D107/><U23/><E2/><V101/><F101/><W41/><G129/><T7/><D7/><U79/><E79/><V78/><F78/><W59/><G122/><T44/><D44/><U84/><E13/><V63/><F131/><W22/><G22/><T10/><D10/><U68/><E68/><V106/><F106/><W14/><G14/><N who="0" m="9335" /><D95/><U56/><E73/><V1/><F69/><W120/><G120/><T82/><D82/><U108/><E108/><N who="0" m="41513" /><D112/><U0/><E0/><V25/><F25/><W45/><G45/><T70/><D70/><U134/><E134/><V102/><F39/><W116/><G116/><T43/><D43/><U65/><REACH who="1" step="1"/><E77/><REACH who="1" ten="250,240,250,250" step="2"/><V88/><F1/><W37/><G9/><T75/><AGARI ba="0,1" hai="26,28,35,75,76,81,96,97" m="41513,9335" machi="75" ten="30,6000,0" yaku="14,1,10,1,52,1" doraHai="12" who="0" fromWho="0" sc="250,70,240,-20,250,-20,250,-20" /><INIT seed="0,1,0,1,3,89" ten="320,220,230,230" oya="0" hai0="99,26,72,125,37,120,112,27,52,39,30,44,23" hai1="129,63,17,68,43,119,123,84,94,64,74,13,87" hai2="109,115,18,75,28,104,29,81,122,131,128,51,113" hai3="62,130,116,11,55,10,101,60,53,48,12,98,3"/><T100/><D120/><U133/><E123/><V56/><F104/><W45/><G116/><T38/><D72/><U88/><E119/><V135/><F56/><W24/><G130/><N who="2" m="49705" /><F51/><W110/><G110/><T2/><D2/><U80/><E129/><V41/><F41/><W111/><G111/><T69/><D69/><U77/><E133/><V132/><F109/><W22/><G3/><T121/><D121/><U105/><E43/><V90/><F122/><W54/><G10/><T50/><D125/><U42/><E42/><V95/><F18/><W4/><G60/><T91/><D91/><U83/><E105/><V114/><F29/><W36/><G62/><T117/><D117/><U106/><E106/><V8/><F8/><W127/><G36/><T96/><D112/><U78/><E17/><V71/><F28/><W14/><G14/><T16/><REACH who="0" step="1"/><D100/><REACH who="0" ten="310,220,230,230" step="2"/><U47/><E68/><V46/><F71/><W92/><REACH who="3" step="1"/><G127/><REACH who="3" ten="310,220,230,220" step="2"/><T19/><D19/><AGARI ba="1,2" hai="4,11,12,19,22,24,45,48,53,54,55,92,98,101" machi="19" ten="30,8000,1" yaku="1,1,2,1,7,1,8,1,52,1,53,0" doraHai="89" doraHaiUra="67" who="3" fromWho="0" sc="310,-83,220,0,230,0,220,103" /><INIT seed="1,0,0,0,1,97" ten="227,220,230,323" oya="1" hai0="42,118,28,121,15,32,125,43,86,76,14,40,37" hai1="53,130,110,70,84,8,29,12,82,4,119,39,31" hai2="54,60,116,41,96,126,127,128,94,38,9,17,34" hai3="79,7,18,25,122,1,48,55,120,89,30,10,45"/><U64/><E119/><V22/><F34/><W104/><G104/><T75/><D118/><U105/><E130/><V111/><F116/><W5/><G79/><T80/><D125/><N who="2" m="47626" /><F9/><W16/><G7/><T123/><D75/><U62/><E39/><V49/><F60/><W134/><G89/><T44/><D44/><U92/><E105/><V132/><F111/><W36/><G36/><T98/><D37/><U103/><E53/><V19/><F132/><W109/><G109/><T21/><D32/><U56/><E70/><V67/><F67/><W91/><G91/><T101/><D28/><U3/><E3/><V115/><F115/><W51/><G51/><T72/><D72/><U46/><E46/><N who="2" m="23863" /><F22/><W69/><G69/><T33/><D33/><U95/><E110/><V131/><F128/><W85/><G85/><T124/><D124/><U57/><E57/><N who="2" m="32975" /><F131/><W99/><G134/><T50/><D50/><U2/><E2/><V83/><F83/><W102/><G120/><N who="0" m="46155" /><D21/><U73/><E73/><V27/><F27/><W114/><G114/><T117/><D117/><U88/><E82/><V23/><F23/><W13/><G1/><T78/><D78/><U66/><E64/><V129/><F129/><W61/><G61/><T87/><D87/><U68/><E68/><V58/><F58/><W77/><G77/><T65/><D65/><U11/><E8/><V47/><F47/><W133/><G133/><T59/><D59/><U112/><E112/><V26/><F26/><W100/><G25/><T93/><AGARI ba="0,0" hai="14,15,40,42,43,76,80,86,93,98,101" m="46155" machi="93" ten="30,2000,0" yaku="13,1,52,1" doraHai="97" who="0" fromWho="0" sc="227,20,220,-10,230,-5,323,-5" /><INIT seed="2,0,0,3,2,128" ten="247,210,225,318" oya="2" hai0="89,18,16,29,102,0,42,75,105,77,3,73,85" hai1="1,17,7,71,23,106,88,108,20,14,101,63,94" hai2="21,131,27,135,110,31,133,86,98,126,96,34,37" hai3="92,72,64,99,84,93,54,125,49,107,40,6,121"/><V132/><F37/><W124/><G72/><T127/><D29/><U19/><E108/><V118/><F118/><W100/><G121/><T48/><D75/><U116/><E116/><V70/><F131/><W51/><G64/><T2/><D127/><N who="3" m="48713" /><G6/><T59/><D59/><U38/><E38/><V62/><F126/><W4/><G4/><T26/><D48/><U80/><E80/><V69/><F110/><W76/><G40/><T15/><D42/><U35/><E35/><V90/><F34/><W11/><G11/><T28/><D15/><U60/><E71/><N who="2" m="27147" /><F62/><W47/><G51/><T44/><D44/><U115/><E115/><V104/><F104/><W65/><G65/><T46/><D46/><U52/><E106/><V12/><F12/><W112/><G112/><T33/><D77/><U109/><E7/><V50/><F50/><W68/><G68/><T61/><D73/><U97/><E1/><V13/><F13/><W22/><G22/><T25/><D61/><U5/><E5/><V79/><F79/><W81/><AGARI ba="0,0" hai="47,49,54,76,81,84,92,93,99,100,107" m="48713" machi="81" ten="30,1100,0" yaku="18,1" doraHai="128" who="3" fromWho="3" sc="247,-3,210,-3,225,-5,318,11" /><INIT seed="3,0,0,5,3,113" ten="244,207,220,329" oya="3" hai0="80,91,82,75,127,94,33,92,81,117,12,10,16" hai1="78,128,102,38,42,100,25,64,17,35,126,58,50" hai2="49,133,120,89,114,1,65,53,18,67,11,108,31" hai3="15,13,77,95,115,103,131,52,23,9,87,32,30"/><W47/><G32/><T21/><D33/><U61/><E38/><V84/><F120/><W76/><G115/><T20/><D75/><U107/><E126/><V96/><F114/><W5/><G131/><T6/><D127/><U28/><E128/><V56/><F108/><W97/><G87/><T46/><D117/><U55/><E42/><V122/><F122/><W83/><G83/><T14/><D46/><U54/><E78/><V63/><F133/><W72/><G72/><T121/><D121/><U40/><E17/><V43/><F31/><W34/><G34/><T105/><D105/><U48/><E40/><V86/><F43/><W104/><G104/><T73/><D73/><U79/><E79/><V41/><F41/><W124/><G124/><T36/><D36/><U22/><E35/><V106/><F106/><W0/><G0/><T2/><D92/><U119/><E107/><V112/><F112/><W129/><G129/><T118/><D118/><U60/><E60/><V123/><F123/><W59/><G47/><T44/><D44/><U71/><E119/><V45/><F67/><W37/><G37/><T99/><REACH who="0" step="1"/><D21/><REACH who="0" ten="234,207,220,329" step="2"/><U62/><E61/><V111/><F45/><AGARI ba="0,1" hai="22,25,28,45,48,50,54,55,58,62,64,71,100,102" machi="45" ten="30,1000,0" yaku="7,1" doraHai="113" who="1" fromWho="2" sc="234,0,207,20,220,-10,329,0" /><INIT seed="4,0,0,1,0,59" ten="234,227,210,329" oya="0" hai0="80,87,26,40,21,92,134,35,120,127,41,105,113" hai1="65,20,24,15,60,19,111,61,115,48,106,22,124" hai2="73,133,96,47,38,72,1,69,33,53,27,112,85" hai3="8,116,114,28,58,86,101,49,56,57,31,66,103"/><T3/><D105/><U79/><E111/><V118/><F53/><W67/><G116/><T131/><D120/><U46/><E124/><V74/><F85/><W55/><G8/><T11/><D35/><U130/><E130/><V9/><F96/><W37/><G37/><T32/><D32/><U128/><E128/><V13/><F13/><W44/><G86/><T107/><D107/><U93/><E106/><V23/><F23/><W4/><G4/><T108/><D131/><U117/><E117/><V30/><F112/><W126/><G114/><T43/><D127/><U18/><E115/><V95/><F95/><W16/><G16/><N who="0" m="12583" /><D3/><U82/><E65/><N who="3" m="24586" /><G126/><T45/><D113/><U39/><E93/><V91/><F133/><W88/><G88/><N who="0" m="51303" /><D134/><U68/><E68/><V52/><F91/><W6/><G6/><T75/><D75/><U81/><E39/><V42/><F118/><W5/><G5/><T29/><D108/><U10/><E10/><V90/><F90/><W100/><AGARI ba="0,0" hai="28,31,44,49,55,56,57,58,100,101,103" m="24586" machi="100" ten="40,1500,0" yaku="8,1" doraHai="59" who="3" fromWho="3" sc="234,-7,227,-4,210,-4,329,15" /><INIT seed="5,0,0,3,5,104" ten="227,223,206,344" oya="1" hai0="74,29,91,13,112,125,99,76,120,2,8,42,73" hai1="31,102,131,44,47,22,85,56,35,87,81,34,14" hai2="32,84,110,52,94,117,130,121,62,116,43,51,49" hai3="68,45,3,93,63,37,70,60,106,65,30,33,134"/><U23/><E131/><V61/><F110/><W103/><G3/><T5/><D76/><U54/><E102/><V59/><F121/><W111/><G93/><N who="0" m="56767" /><D42/><U114/><E114/><V72/><F32/><W127/><G111/><T77/><D77/><U135/><E135/><V57/><F72/><N who="0" m="27754" /><D29/><U88/><E35/><V26/><F26/><W48/><G37/><T27/><D27/><N who="1" m="16895" /><E34/><V38/><F94/><W58/><G134/><T18/><D18/><N who="1" m="10583" /><E85/><V115/><F84/><W50/><G30/><T11/><D11/><U101/><E101/><V96/><F96/><W21/><G103/><T90/><D90/><U46/><E46/><N who="2" m="23927" /><F115/><W122/><G45/><T86/><D86/><U83/><E83/><V71/><F71/><W4/><G70/><T98/><D98/><U19/><E19/><V6/><F6/><W79/><G68/><T12/><D112/><U89/><E89/><V119/><F130/><W69/><G69/><T133/><D133/><U82/><E82/><V113/><F113/><W10/><G33/><T107/><D107/><U24/><E24/><V9/><F9/><W7/><G10/><T95/><D95/><U39/><E39/><V1/><F1/><W67/><G106/><T75/><N who="0" m="27762" /><T128/><DORA hai="78" /><D128/><U118/><E118/><V97/><F97/><W108/><G108/><T80/><D80/><U0/><E0/><V16/><F16/><W92/><G92/><T28/><D28/><U25/><E25/><V132/><F132/><W126/><G79/><T100/><D100/><U129/><E129/><V20/><F20/><W105/><G21/><RYUUKYOKU ba="0,0" sc="227,-15,223,15,206,15,344,-15" hai1="44,47,54,56,81,87,88" hai2="49,51,52,57,59,61,62,116,117,119" /><INIT seed="5,1,0,4,2,86" ten="212,238,221,329" oya="1" hai0="52,57,71,67,33,3,83,70,60,44,25,135,127" hai1="40,7,64,105,91,27,107,129,124,47,8,6,22" hai2="13,56,48,93,14,111,19,23,76,41,11,81,78" hai3="1,100,17,35,2,125,103,53,77,82,90,29,16"/><U49/><E124/><V5/><F111/><W34/><G125/><T112/><D3/><U97/><E129/><V87/><F93/><W134/><G90/><T65/><D127/><U26/><E64/><N who="0" m="24649" /><D83/><U58/><E58/><V118/><F118/><W133/><G53/><N who="0" m="33839" /><D25/><U80/><E27/><V37/><F37/><W88/><G88/><T102/><D102/><U20/><E20/><V131/><F131/><W69/><G69/><N who="0" m="26123" /><D33/><U12/><E7/><V63/><F78/><W79/><G82/><T46/><D112/><U18/><REACH who="1" step="1"/><E80/><REACH who="1" ten="212,228,221,329" step="2"/><V95/><F81/><W30/><AGARI ba="1,1" hai="1,2,16,17,29,30,34,35,77,79,100,103,133,134" machi="30" ten="25,6400,0" yaku="0,1,22,2,54,1" doraHai="86" who="3" fromWho="3" sc="212,-17,228,-33,221,-17,329,77" /><INIT seed="6,0,0,1,3,26" ten="195,195,204,406" oya="2" hai0="120,81,5,16,44,85,87,109,72,2,113,17,38" hai1="23,115,80,102,33,61,111,123,36,103,29,119,93" hai2="68,21,90,45,91,116,18,88,82,32,24,78,20" hai3="74,75,122,118,41,125,76,114,65,96,50,97,117"/><V25/><F68/><W129/><G122/><T52/><D109/><U39/><E123/><V62/><F116/><W0/><G0/><T126/><D120/><U14/><E111/><V71/><F32/><W11/><G65/><T64/><D64/><U47/><E115/><V42/><F62/><W28/><G11/><N who="0" m="2487" /><D113/><U95/><E119/><V77/><F71/><W40/><G114/><T106/><D106/><U49/><E33/><V132/><F132/><W100/><G50/><T37/><D37/><U57/><E39/><V112/><F112/><W105/><G129/><T43/><D126/><U69/><E80/><V84/><F78/><W73/><G76/><N who="0" m="44167" /><D52/><N who="1" m="33959" /><E69/><V94/><F94/><N who="1" m="35849" /><E36/><V63/><F63/><W83/><G41/><T128/><D128/><U4/><E4/><V56/><F56/><W79/><G40/><T124/><D124/><U135/><E135/><V110/><F110/><W53/><G53/><T3/><D3/><U55/><E14/><V60/><F60/><W67/><G67/><T9/><D9/><U27/><AGARI ba="0,0" hai="23,27,29,47,49,55,102,103" m="35849,33959" machi="27" ten="30,4000,0" yaku="8,1,52,1,54,1" doraHai="26" who="1" fromWho="1" sc="195,-10,195,40,204,-20,406,-10" /><INIT seed="7,0,0,2,0,96" ten="185,235,184,396" oya="3" hai0="129,126,43,68,100,52,101,72,110,106,82,77,30" hai1="18,25,98,84,91,109,86,73,41,75,128,42,32" hai2="107,2,132,0,38,56,11,12,48,13,63,23,81" hai3="104,118,64,116,120,121,95,15,27,60,20,33,47"/><W28/><G104/><T62/><D110/><U135/><E109/><V17/><F38/><W66/><G66/><T117/><D117/><U89/><E98/><V71/><F132/><W94/><G47/><T46/><D106/><U35/><E18/><V85/><F107/><W134/><G134/><T61/><D129/><U53/><E25/><V49/><F71/><W3/><G3/><T74/><D74/><U76/><E76/><N who="2" m="46247" /><F0/><W115/><G115/><T123/><D123/><U108/><E53/><N who="2" m="34191" /><F2/><W31/><G120/><T7/><D126/><U4/><E86/><V88/><F88/><W54/><G54/><T51/><D30/><U26/><E89/><V122/><F122/><W124/><G121/><T90/><D90/><U69/><E91/><V24/><F13/><W55/><G55/><T8/><D62/><U92/><E73/><V125/><F125/><W10/><G124/><T70/><D70/><U119/><E75/><V111/><F111/><W14/><G14/><T29/><D29/><AGARI ba="0,0" hai="11,12,17,23,24,29,48,49" m="34191,46247" machi="29" ten="30,1000,0" yaku="8,1" doraHai="96" who="2" fromWho="0" sc="185,-10,235,0,184,10,396,0" owari="175,-32.0,235,4.0,194,-21.0,396,49.0" /></mjloggm>