<mjloggm ver="2.3"><GO type="169" lobby="0"/><UN n0="%67%6F%6D%75" n1="%63%6C%6F%6F%77%64%6F" n2="%E3%82%AB%E3%82%BF%E3%83%AA%E3%83%8A" n3="%E5%B0%B1%E6%B4%BB%E7%94%9F%40%E5%B7%9D%E6%9D%91%E8%BB%8D%E5%9B%A3" dan="16,16,17,17" rate="2076.36,2051.39,2176.58,2209.94" sx="M,F,M,M"/><TAIKYOKU oya="0"/><INIT seed="0,0,0,1,2,98" ten="250,250,250,250" oya="0" hai0="71,1,77,78,14,25,67,135,21,13,45,52,8" hai1="63,12,112,121,123,41,30,49,62,61,100,53,7" hai2="60,124,128,66,26,29,19,105,110,119,33,50,79" hai3="75,42,35,55,4,24,3,99,103,31,97,115,70"/><T127/><D135/><U92/><E41/><V34/><F110/><W101/><G115/><T104/><D127/><U125/><E125/><V59/><F124/><W72/><G55/><T111/><D104/><U27/><E112/><V57/><F128/><W69/><G42/><T46/><D1/><U40/><E40/><V43/><F119/><W120/><G120/><T16/><D111/><U131/><E131/><V17/><F34/><W11/><G97/><T117/><D117/><U76/><E76/><N who="0" m="29289" /><D71/><U38/><E38/><V23/><F105/><N who="3" m="63679" /><G103/><T58/><D67/><U6/><E100/><V74/><F74/><AGARI ba="0,0" hai="3,4,11,24,31,35,69,70,72,74,75" m="63679" machi="74" ten="30,3900,0" yaku="33,2,52,1" doraHai="98" who="3" fromWho="2" sc="250,0,250,0,250,-39,250,39" /><INIT seed="1,0,0,0,4,79" ten="250,250,211,289" oya="1" hai0="70,99,102,54,94,119,96,47,95,86,7,106,133" hai1="23,19,108,22,32,1,74,48,18,68,35,120,81" hai2="59,66,113,116,65,8,11,132,69,131,89,76,40" hai3="44,52,135,71,56,125,67,55,88,123,25,105,53"/><U77/><E120/><V2/><F116/><W12/><G105/><T6/><D70/><U36/><E36/><V91/><F131/><W80/><G123/><T83/><D119/><U92/><E68/><V38/><F69/><W134/><G25/><T39/><D106/><U117/><E117/><V3/><F132/><N who="3" m="50731" /><G125/><T63/><D133/><U5/><E108/><V107/><F113/><W84/><G12/><T16/><D39/><U130/><E130/><V33/><F33/><W28/><G28/><T127/><D127/><U129/><E129/><V97/><F76/><W111/><G111/><T124/><D124/><U114/><E114/><V17/><F38/><W103/><G103/><N who="0" m="60831" /><D16/><U118/><E118/><V27/><F17/><W26/><G26/><T43/><D43/><U58/><E92/><V41/><F27/><W13/><G13/><T98/><D98/><U104/><E104/><V75/><F97/><W122/><G122/><T9/><D9/><U46/><E1/><V15/><F107/><W115/><G115/><T49/><D63/><U126/><E5/><V101/><F15/><W37/><G37/><T60/><D60/><U93/><E126/><V57/><F75/><W20/><G20/><T112/><D112/><U64/><E32/><V51/><F51/><N who="3" m="28775" /><G71/><T45/><D45/><U50/><E35/><V82/><F101/><W42/><G42/><T109/><D109/><U0/><E0/><V61/><F61/><AGARI ba="0,0" hai="53,55,56,61,67,80,84,88" m="28775,50731" machi="61" ten="30,7700,0" yaku="20,1,52,1,54,2" doraHai="79" who="3" fromWho="2" sc="250,0,250,0,211,-77,289,77" /><INIT seed="2,0,0,1,0,93" ten="250,250,134,366" oya="2" hai0="128,95,69,74,50,65,5,8,114,57,25,46,72" hai1="113,58,75,38,131,36,96,6,106,107,60,130,129" hai2="12,101,51,13,88,43,121,7,34,1,78,63,56" hai3="70,122,105,31,3,42,79,21,116,134,23,62,120"/><V10/><F121/><W102/><G116/><T64/><D114/><U99/><E113/><V66/><F34/><W110/><G3/><T45/><D128/><U59/><E75/><V11/><F78/><W89/><G79/><T124/><D124/><U86/><E6/><V117/><F117/><W115/><G42/><T40/><D69/><U19/><E86/><V98/><F11/><W52/><G70/><T118/><D118/><U37/><E19/><V48/><F88/><W90/><G90/><T39/><D25/><U103/><E60/><V28/><F28/><W0/><G0/><T53/><D95/><U123/><E123/><V68/><F51/><W85/><G31/><T20/><D20/><U26/><E26/><V77/><F77/><W35/><G23/><T104/><D104/><U87/><E87/><V92/><REACH who="2" step="1"/><F56/><REACH who="2" ten="250,250,124,366" step="2"/><W81/><G35/><T4/><D8/><U55/><E55/><V15/><F15/><W30/><G52/><T24/><D57/><U125/><E125/><V100/><F100/><AGARI ba="0,1" hai="36,37,38,58,59,96,99,100,103,106,107,129,130,131" machi="100" ten="50,8000,1" yaku="9,1,19,1,52,2" doraHai="93" who="1" fromWho="2" sc="250,0,250,90,124,-80,366,0" /><INIT seed="3,0,0,5,5,22" ten="250,340,44,366" oya="3" hai0="8,106,79,99,125,87,64,28,78,15,80,54,117" hai1="111,33,84,128,49,62,60,58,59,109,71,7,65" hai2="0,35,23,104,68,135,124,112,10,18,93,14,48" hai3="89,47,121,17,20,5,37,12,34,30,53,110,119"/><W44/><G119/><T40/><D125/><U113/><E33/><V1/><F93/><W102/><G121/><T63/><D117/><U130/><E7/><N who="2" m="3423" /><F68/><W118/><G118/><T103/><D40/><U11/><E11/><V131/><F48/><W122/><G102/><T46/><D78/><U92/><E84/><V77/><F77/><W69/><G69/><T45/><D54/><N who="1" m="32079" /><E92/><V129/><F104/><W101/><G101/><T133/><D133/><U107/><E107/><V88/><F88/><W116/><G37/><T94/><D106/><U66/><E113/><V3/><F112/><W134/><G89/><T81/><D28/><U76/><E76/><V75/><F75/><W82/><G82/><T57/><REACH who="0" step="1"/><D81/><REACH who="0" ten="240,340,44,366" step="2"/><U24/><E24/><N who="2" m="14455" /><F124/><W90/><G30/><T36/><D36/><U55/><E55/><V39/><F39/><W50/><G53/><T105/><D105/><U19/><E19/><AGARI ba="0,1" hai="8,15,19,45,46,57,63,64,79,80,87,94,99,103" machi="19" ten="30,3900,0" yaku="1,1,7,1,8,1,53,0" doraHai="22" doraHaiUra="26" who="0" fromWho="1" sc="240,49,340,-39,44,0,366,0" /><INIT seed="4,0,0,2,4,24" ten="289,301,44,366" oya="0" hai0="130,71,3,77,80,111,92,42,46,128,103,43,19" hai1="21,132,95,104,115,62,108,14,88,131,10,89,97" hai2="117,36,76,9,86,39,25,55,45,27,13,6,114" hai3="90,118,40,5,59,70,60,44,116,53,15,119,66"/><T37/><D71/><U126/><E108/><V73/><F114/><W63/><G90/><T81/><D111/><U16/><E115/><V54/><F117/><W124/><G15/><T105/><D3/><U87/><E126/><V94/><F73/><W101/><G101/><T20/><D105/><U4/><E131/><N who="0" m="50217" /><D43/><U29/><E132/><V68/><F68/><W91/><G91/><T49/><D37/><U127/><E127/><V110/><F110/><W102/><G102/><T41/><D41/><U17/><E104/><V22/><F27/><W72/><G5/><T98/><D77/><U109/><E109/><V11/><F11/><W26/><G72/><T113/><D113/><U134/><E134/><V31/><F55/><W121/><G26/><AGARI ba="0,0" hai="19,20,26,42,46,49,80,81,92,98,103" m="50217" machi="26" ten="30,1500,0" yaku="19,1" doraHai="24" who="0" fromWho="3" sc="289,15,301,0,44,0,366,-15" /><INIT seed="4,1,0,4,3,3" ten="304,301,44,351" oya="0" hai0="36,29,27,64,108,104,16,1,123,135,66,129,55" hai1="86,114,51,53,17,73,97,133,128,70,30,33,57" hai2="89,47,74,93,54,59,41,4,61,7,77,20,65" hai3="18,121,63,102,98,119,71,75,116,2,9,46,22"/><T99/><D123/><U90/><E73/><V48/><F77/><W88/><G75/><T19/><D135/><U127/><E133/><V85/><F74/><W13/><G121/><T45/><D129/><U112/><E128/><V68/><REACH who="2" step="1"/><F20/><REACH who="2" ten="304,301,34,351" step="2"/><W69/><G22/><T96/><D108/><U109/><E109/><V38/><AGARI ba="1,1" hai="4,7,38,41,47,48,54,59,61,65,68,85,89,93" machi="38" ten="20,16000,3" yaku="1,1,2,1,0,1,7,1,24,2,52,2,53,0" doraHai="3" doraHaiUra="120" who="2" fromWho="2" sc="304,-81,301,-41,34,173,351,-41" /><INIT seed="5,0,0,3,3,109" ten="223,260,207,310" oya="1" hai0="0,120,54,38,119,23,49,132,89,107,66,15,26" hai1="75,72,27,73,5,35,116,133,121,43,64,14,85" hai2="118,94,110,68,51,90,81,103,50,93,33,22,61" hai3="17,84,125,83,128,65,67,41,13,42,45,55,98"/><U108/><E121/><V24/><F33/><W57/><G128/><T115/><D0/><U97/><E116/><V113/><F110/><W117/><G98/><T100/><D119/><U20/><E108/><V80/><F118/><W46/><G125/><T102/><D38/><U2/><E133/><V34/><F34/><W124/><G124/><T99/><D120/><U25/><E2/><V105/><F105/><W71/><G71/><T106/><D132/><U127/><E127/><V31/><F68/><W86/><G46/><T53/><D66/><N who="3" m="25097" /><G45/><T36/><D36/><U114/><E43/><N who="3" m="16394" /><G83/><T4/><D99/><U60/><E97/><N who="2" m="59831" /><F61/><N who="3" m="36031" /><G117/><T48/><D106/><U111/><E111/><V74/><F74/><W135/><G135/><T6/><D107/><U10/><E75/><V9/><F9/><AGARI ba="0,0" hai="9,13,17,84,86" m="36031,16394,25097" machi="9" ten="30,1000,0" yaku="8,1" doraHai="109" who="3" fromWho="2" sc="223,0,260,0,207,-10,310,10" /><INIT seed="6,0,0,4,4,59" ten="223,260,197,320" oya="2" hai0="48,79,94,37,30,85,54,128,33,106,100,36,64" hai1="70,35,9,98,53,41,97,1,108,78,109,83,104" hai2="5,8,56,123,91,88,77,58,44,92,87,62,24" hai3="38,19,134,129,20,124,18,14,4,86,117,72,115"/><V34/><F123/><W51/><G72/><T74/><D74/><N who="1" m="43479" /><E97/><V55/><F77/><W107/><G38/><T57/><D37/><U67/><E53/><V103/><F103/><W93/><G107/><T101/><D30/><U60/><E41/><V43/><F34/><W112/><G117/><T90/><D33/><U114/><E114/><N who="3" m="43562" /><G129/><T105/><D36/><U15/><E15/><N who="2" m="5519" /><F24/><W126/><G134/><T31/><D31/><U95/><E95/><N who="2" m="54687" /><F43/><W47/><G4/><T133/><D133/><U25/><E9/><V80/><F80/><W68/><G68/><T127/><D127/><U69/><E69/><V29/><F29/><W11/><G93/><T52/><D128/><U84/><E1/><V61/><F44/><W125/><G86/><T102/><D79/><U13/><E84/><N who="2" m="52327" /><F58/><W66/><G124/><T17/><D106/><U110/><E35/><V32/><F32/><W122/><G122/><T82/><D105/><U0/><E0/><V131/><F131/><W21/><G125/><T130/><D130/><U49/><E104/><V71/><F71/><W135/><G135/><T116/><D116/><U89/><E109/><V119/><F119/><W22/><G126/><T6/><D94/><U3/><E3/><V12/><F12/><W39/><G39/><T26/><D82/><U28/><E13/><V63/><AGARI ba="0,0" hai="55,56,61,62,63" m="52327,54687,5519" machi="63" ten="30,12000,1" yaku="8,1,52,3,54,1" doraHai="59" who="2" fromWho="2" sc="223,-40,260,-40,197,120,320,-40" /><INIT seed="6,1,0,4,5,100" ten="183,220,317,280" oya="2" hai0="65,12,61,40,93,110,10,127,57,116,92,9,1" hai1="75,46,62,18,3,84,96,55,128,54,66,130,31" hai2="101,6,8,37,76,67,38,81,56,2,111,29,24" hai3="129,83,108,86,109,11,118,36,51,49,98,63,119"/><V60/><F101/><W90/><G36/><T77/><D110/><U22/><E75/><V53/><F53/><W43/><G129/><N who="1" m="49770" /><E3/><V16/><F111/><W74/><G74/><T21/><D127/><U42/><E31/><V20/><REACH who="2" step="1"/><F29/><REACH who="2" ten="183,220,307,280" step="2"/><W113/><G108/><T59/><D116/><U28/><E28/><V117/><F117/><W131/><G109/><T19/><D40/><U0/><E55/><V97/><F97/><W58/><G43/><T123/><D123/><U5/><E54/><V91/><F91/><W13/><G131/><T23/><D77/><U125/><E96/><V7/><F7/><W94/><G118/><T26/><D59/><U124/><E42/><V34/><F34/><W39/><G58/><T33/><D33/><U14/><E5/><V72/><AGARI ba="1,1" hai="2,6,8,16,20,24,37,38,56,60,67,72,76,81" machi="72" ten="20,7800,0" yaku="1,1,0,1,7,1,54,1,53,0" doraHai="100" doraHaiUra="87" who="2" fromWho="2" sc="183,-27,220,-27,307,91,280,-27" /><INIT seed="6,2,0,2,4,61" ten="156,193,398,253" oya="2" hai0="90,73,32,42,31,51,81,56,19,98,23,15,35" hai1="108,131,5,74,135,50,110,17,116,82,70,100,33" hai2="130,41,77,104,12,62,93,14,8,47,134,10,122" hai3="115,84,38,72,86,132,94,120,68,34,67,49,39"/><V87/><F104/><W89/><G120/><T69/><D69/><U101/><E116/><V25/><F122/><W99/><G34/><T29/><D35/><U18/><E33/><V126/><F130/><W53/><G72/><T111/><D111/><U36/><E36/><V119/><F119/><W123/><G123/><T85/><D73/><U40/><E131/><V60/><F134/><W3/><G3/><T107/><D107/><U114/><E70/><V63/><F25/><W20/><G20/><T76/><D32/><U92/><E5/><V45/><F126/><W96/><G115/><T1/><D1/><U22/><E17/><V133/><F133/><W16/><G16/><T71/><D71/><U129/><E129/><V11/><F93/><W6/><G6/><T66/><D42/><U26/><E135/><V102/><F102/><W2/><G2/><T44/><D44/><N who="2" m="16970" /><F41/><W24/><G24/><T78/><D98/><U75/><E40/><V88/><F77/><W30/><G99/><T54/><REACH who="0" step="1"/><D66/><REACH who="0" ten="146,193,398,253" step="2"/><U117/><E110/><V52/><F52/><W125/><G67/><T105/><D105/><U7/><E108/><V27/><F87/><W91/><G68/><T95/><D95/><U106/><E92/><V4/><F4/><W128/><G86/><T109/><D109/><U113/><E7/><V124/><F124/><W57/><G125/><T59/><D59/><U118/><E75/><V0/><F0/><W43/><G43/><T127/><D127/><U48/><E74/><V112/><F112/><W37/><G132/><T28/><AGARI ba="2,1" hai="15,19,23,28,29,31,51,54,56,76,78,81,85,90" machi="28" ten="30,7900,0" yaku="1,1,0,1,8,1,53,1" doraHai="61" doraHaiUra="83" who="0" fromWho="0" sc="146,95,193,-22,398,-41,253,-22" /><INIT seed="7,0,0,2,2,125" ten="241,171,357,231" oya="3" hai0="51,63,127,7,71,49,57,30,77,82,42,11,126" hai1="18,27,31,80,105,101,116,124,17,98,29,94,44" hai2="15,79,62,86,110,90,26,70,122,36,20,78,115" hai3="32,69,132,109,56,99,55,93,54,16,135,8,121"/><W87/><G32/><T38/><D71/><U89/><E124/><N who="0" m="47657" /><D30/><U23/><E116/><V76/><F110/><W120/><G69/><T134/><D42/><U37/><E37/><V58/><F36/><W9/><G109/><T64/><D38/><U33/><E44/><V6/><F115/><W103/><G87/><N who="0" m="48591" /><D134/><N who="3" m="51241" /><G9/><T102/><D102/><U113/><E113/><V14/><F6/><W59/><G59/><T0/><AGARI ba="0,0" hai="0,7,11,49,51,57,63,64" m="48591,47657" machi="0" ten="30,1100,0" yaku="18,1" doraHai="125" who="0" fromWho="0" sc="241,11,171,-3,357,-3,231,-5" owari="252,5.0,168,-33.0,354,45.0,226,-17.0" /></mjloggm>