<mjloggm ver="2.3"><GO type="41" lobby="0"/><UN n0="%E5%B0%B1%E6%B4%BB%E7%94%9F%40%E5%B7%9D%E6%9D%91%E8%BB%8D%E5%9B%A3" n1="%E3%82%80%E3%81%A1%E3%82%80%E3%81%A1%E5%B0%91%E4%BD%90" n2="%E3%82%A2%E3%82%B9%E3%82%AB%E3%81%AF%E4%BF%BA%E3%81%AE%E5%AB%81" n3="%74%61%6B%61%79%61%6D%65" dan="16,13,13,15" rate="2122.45,1885.43,1956.67,1989.90" sx="M,M,M,M"/><TAIKYOKU oya="0"/><INIT seed="0,0,0,3,2,81" ten="250,250,250,250" oya="0" hai0="15,85,90,112,102,13,80,89,52,111,99,11,72" hai1="2,123,55,41,54,1,121,66,77,127,20,3,117" hai2="47,57,120,31,39,97,45,101,22,98,104,115,10" hai3="73,78,9,82,132,110,74,93,103,128,38,60,106"/><T116/><D112/><U67/><E117/><V126/><F120/><W75/><G38/><T79/><D116/><U29/><E77/><V133/><F115/><W21/><G132/><T43/><D43/><U26/><E41/><V131/><F39/><W86/><G128/><T135/><D135/><U12/><E12/><V58/><F133/><W36/><G36/><T25/><D111/><U96/><E96/><V6/><F98/><W40/><G40/><T49/><D25/><U118/><E118/><V87/><F31/><W129/><G129/><T33/><D33/><U65/><REACH who="1" step="1"/><E127/><REACH who="1" ten="250,240,250,250" step="2"/><V53/><F126/><W16/><G110/><T108/><D108/><U62/><E62/><V0/><F131/><W95/><G60/><T71/><D15/><U134/><E134/><V119/><F119/><W18/><G106/><T84/><D72/><U7/><E7/><V48/><F104/><W76/><G78/><T125/><D125/><U64/><N who="1" m="16896" /><DORA hai="114" /><U69/><E69/><V91/><F6/><W28/><G74/><T30/><D71/><U94/><E94/><V32/><F97/><W83/><G95/><T51/><D99/><U92/><E92/><V42/><F42/><W130/><G93/><T61/><D102/><U88/><E88/><N who="0" m="33897" /><D79/><U105/><E105/><V63/><F101/><W59/><G103/><T50/><D80/><U44/><E44/><V37/><F47/><W109/><G83/><T107/><D107/><U100/><E100/><V14/><F45/><W34/><G73/><T113/><D113/><U19/><E19/><V68/><F37/><W122/><G75/><RYUUKYOKU ba="0,1" sc="250,-10,240,30,250,-10,250,-10" hai1="1,2,3,20,26,29,54,55,121,123" /><INIT seed="1,1,1,2,4,95" ten="240,270,240,240" oya="1" hai0="109,28,51,86,112,11,71,100,23,20,41,120,108" hai1="32,73,40,125,46,14,133,128,85,17,9,21,118" hai2="74,88,4,119,30,8,49,12,50,60,62,66,87" hai3="114,1,77,107,52,24,115,67,122,42,134,58,90"/><U81/><E118/><V0/><F74/><W63/><G1/><T99/><D112/><U94/><E32/><V110/><F119/><W82/><G122/><T124/><D124/><U105/><E105/><V102/><F110/><N who="0" m="42602" /><D71/><U80/><E125/><V43/><F30/><W36/><G107/><N who="0" m="63903" /><D28/><U57/><E128/><V121/><F121/><W6/><G6/><T7/><D86/><U76/><E57/><V132/><F102/><W117/><G117/><T131/><D131/><U101/><E133/><V79/><F79/><W13/><G134/><T44/><D120/><U3/><E81/><V69/><F132/><W31/><G13/><AGARI ba="1,1" hai="7,11,13,20,23,41,44,51" m="63903,42602" machi="13" ten="30,2000,0" yaku="14,1,52,1" doraHai="95" who="0" fromWho="3" sc="240,33,270,0,240,0,240,-23" /><INIT seed="2,0,0,1,4,101" ten="273,270,240,217" oya="2" hai0="59,89,24,19,50,54,11,108,107,36,68,53,135" hai1="65,93,28,130,67,120,43,82,74,76,70,96,15" hai2="18,44,134,41,48,117,12,5,95,83,64,17,118" hai3="109,21,94,10,132,32,99,30,77,71,121,46,16"/><V129/><F134/><W61/><G121/><T37/><D68/><U51/><E120/><V128/><F64/><W78/><G132/><T62/><D135/><U47/><E28/><V58/><F58/><W87/><G109/><T98/><D108/><U110/><E110/><V115/><F115/><W92/><G32/><T9/><D9/><U1/><E1/><V27/><F95/><W45/><G30/><T125/><D125/><U33/><E33/><V90/><F5/><W105/><G10/><T124/><D124/><U60/><E130/><N who="2" m="50283" /><F27/><W63/><G105/><T112/><D112/><U100/><E70/><V113/><F113/><W29/><G29/><T38/><D11/><U73/><E60/><N who="3" m="23114" /><G71/><T31/><D19/><N who="2" m="7178" /><F12/><N who="3" m="9351" /><G92/><T75/><D24/><U123/><E123/><V97/><F97/><W66/><G66/><T7/><D31/><U131/><E131/><V69/><F69/><W81/><G78/><T116/><D7/><U119/><E15/><V42/><F42/><W122/><G122/><T13/><D13/><U88/><E67/><V26/><F26/><W49/><G49/><T3/><D3/><U56/><E65/><V102/><F102/><AGARI ba="0,0" hai="45,46,77,81,87,94,99,102" m="9351,23114" machi="102" ten="30,2000,0" yaku="8,1,54,1" doraHai="101" who="3" fromWho="2" sc="273,0,270,0,240,-20,217,20" /><INIT seed="3,0,0,1,3,22" ten="273,270,220,237" oya="3" hai0="121,30,89,34,59,39,134,87,5,97,71,45,125" hai1="75,83,38,55,77,82,29,11,92,119,2,113,108" hai2="94,23,95,84,100,101,41,14,129,73,132,19,3" hai3="27,107,76,103,109,120,66,122,65,9,24,47,18"/><W54/><G120/><T70/><D121/><U102/><E113/><V79/><F73/><W57/><G122/><T12/><D125/><U56/><E108/><V48/><F3/><W126/><G126/><T32/><D134/><U43/><E83/><N who="2" m="47231" /><F129/><W104/><G109/><T40/><D97/><U31/><E119/><V81/><F81/><W21/><G76/><T72/><D72/><U46/><E102/><N who="2" m="39531" /><F132/><W105/><G103/><T53/><D70/><U93/><E93/><V7/><F7/><W4/><G47/><AGARI ba="0,0" hai="14,19,23,41,47,48,94,95" m="39531,47231" machi="47" ten="30,1000,0" yaku="8,1" doraHai="22" who="2" fromWho="3" sc="273,0,270,0,220,10,237,-10" /><INIT seed="4,0,0,0,0,125" ten="273,270,230,227" oya="0" hai0="118,86,17,43,102,52,28,4,96,54,97,104,72" hai1="85,108,59,40,67,27,45,124,51,98,107,94,58" hai2="132,62,19,129,30,6,15,26,113,70,53,3,106" hai3="122,73,13,120,81,116,92,126,46,76,133,24,21"/><T66/><D72/><U115/><E124/><V90/><F106/><W127/><G116/><T9/><D118/><U121/><E121/><N who="3" m="46698" /><G133/><T68/><D43/><U131/><E107/><V5/><F132/><W36/><G13/><T8/><D96/><U119/><E119/><V57/><F70/><W74/><G74/><T10/><D17/><U134/><E134/><V31/><F3/><W23/><G23/><T18/><D18/><U34/><E115/><V33/><F31/><N who="3" m="17807" /><G92/><T110/><D110/><U2/><E2/><V49/><F113/><W123/><G123/><T29/><D4/><U101/><E108/><V77/><F77/><W63/><G63/><T65/><D86/><U135/><E85/><V37/><F62/><W7/><G7/><T20/><D68/><U55/><E67/><V44/><F5/><W117/><G117/><T61/><D61/><U1/><E1/><V112/><F6/><W64/><G64/><T14/><D14/><U80/><E80/><V91/><F112/><W42/><AGARI ba="0,0" hai="36,42,46,73,76,81,126,127" m="17807,46698" machi="42" ten="30,1100,0" yaku="13,1" doraHai="125" who="3" fromWho="3" sc="273,-5,270,-3,230,-3,227,11" /><INIT seed="5,0,0,3,2,78" ten="268,267,227,238" oya="1" hai0="102,111,52,121,15,75,101,108,61,3,65,22,66" hai1="97,5,130,40,47,123,2,128,109,103,51,21,31" hai2="53,110,27,88,14,72,90,114,37,59,91,43,58" hai3="36,0,125,23,93,113,18,25,129,104,70,38,8"/><U50/><E123/><V116/><F110/><W48/><G104/><T120/><D3/><U105/><E109/><N who="0" m="42057" /><D75/><U80/><E51/><V84/><F72/><W107/><G70/><T67/><D22/><U20/><E31/><V87/><F116/><W46/><G107/><T82/><D15/><U79/><E21/><V135/><F135/><W76/><G129/><T73/><D73/><U24/><E5/><V63/><F114/><W106/><G106/><T6/><D6/><U56/><E56/><V126/><F126/><W118/><G125/><T117/><D82/><U29/><REACH who="1" step="1"/><E2/><REACH who="1" ten="268,257,227,238" step="2"/><V119/><F58/><W55/><G118/><T7/><D7/><U134/><E134/><V95/><F119/><W35/><G35/><T71/><D71/><U99/><E99/><V89/><F27/><W92/><G0/><T132/><D132/><U19/><E19/><V32/><F32/><W54/><G36/><T62/><D117/><U44/><E44/><V9/><F37/><W69/><G38/><T96/><D96/><U77/><E77/><V57/><F57/><W34/><G69/><T115/><D115/><U26/><E26/><V64/><F64/><W4/><G34/><T74/><D66/><U10/><E10/><V28/><F28/><W94/><G76/><T13/><D67/><U41/><E41/><V60/><F43/><W98/><G98/><T68/><D120/><U122/><E122/><V100/><F9/><W12/><G55/><T133/><D133/><U17/><E17/><V112/><F53/><W124/><G124/><T42/><D121/><U86/><AGARI ba="0,1" hai="20,24,29,40,47,50,79,80,86,97,103,105,128,130" machi="86" ten="30,12000,1" yaku="1,1,5,1,0,1,52,1,53,1" doraHai="78" doraHaiUra="39" who="1" fromWho="1" sc="268,-40,257,130,227,-40,238,-40" /><INIT seed="5,1,0,3,2,70" ten="228,387,187,198" oya="1" hai0="61,90,86,37,98,12,65,19,54,107,113,1,93" hai1="8,81,41,133,110,87,79,122,71,91,30,114,58" hai2="117,128,5,6,116,118,51,102,15,125,108,89,39" hai3="99,82,134,77,28,57,78,72,73,63,75,101,80"/><U31/><E122/><V132/><F108/><W13/><G28/><T74/><D1/><U24/><E71/><V27/><F39/><W18/><G134/><T131/><D74/><U103/><E133/><V23/><F132/><W46/><G46/><T52/><D37/><U50/><E110/><V69/><F69/><W111/><G111/><T115/><D131/><U109/><E109/><V10/><F128/><W84/><G57/><N who="0" m="37039" /><D107/><U36/><E103/><V92/><F102/><W53/><G63/><T33/><D33/><U7/><E114/><N who="0" m="43529" /><D98/><U43/><E43/><V49/><F5/><W95/><REACH who="3" step="1"/><G53/><REACH who="3" ten="228,387,187,188" step="2"/><T25/><D25/><U16/><E24/><V2/><F125/><W94/><G94/><T45/><D45/><U112/><E112/><V42/><F42/><W124/><G124/><T83/><D93/><U17/><E31/><V38/><F92/><W44/><G44/><T130/><D130/><U21/><E30/><V129/><F129/><W135/><G135/><T34/><D34/><U32/><E32/><V14/><F117/><W64/><G64/><T126/><D126/><U48/><E41/><V76/><F116/><W119/><G119/><T106/><D106/><U29/><E29/><V40/><F118/><W55/><G55/><T20/><AGARI ba="1,1" hai="12,19,20,52,54,83,86,90" m="43529,37039" machi="20" ten="30,2000,0" yaku="15,1,54,1" doraHai="70" who="0" fromWho="0" sc="228,33,387,-11,187,-6,188,-6" /><INIT seed="6,0,0,1,4,94" ten="261,376,181,182" oya="2" hai0="48,2,31,100,10,74,105,126,79,98,50,14,18" hai1="51,46,95,133,99,63,111,19,125,58,23,37,52" hai2="129,107,117,6,0,91,11,113,20,116,124,55,118" hai3="102,36,72,114,26,29,108,68,127,85,89,86,60"/><V44/><F113/><W24/><G72/><T134/><D2/><U90/><E125/><V64/><F124/><W96/><G36/><T40/><D126/><U123/><E123/><V61/><F129/><W112/><G127/><T49/><D134/><U9/><E133/><V101/><F91/><W33/><G26/><T34/><D34/><U25/><E37/><V56/><F20/><W84/><G89/><T21/><D31/><U75/><E75/><V59/><F44/><W78/><G78/><T30/><D30/><U128/><E128/><V43/><F43/><W39/><G39/><T120/><D120/><U3/><E111/><V71/><REACH who="2" step="1"/><F55/><REACH who="2" ten="261,376,171,182" step="2"/><W77/><G77/><T65/><D40/><U28/><E46/><V54/><F54/><W7/><G108/><T132/><D132/><U67/><E67/><V76/><F76/><W119/><G119/><T109/><D65/><U97/><E63/><V130/><F130/><W70/><G60/><T80/><D109/><U38/><E52/><V45/><F45/><W82/><G112/><T121/><D121/><U8/><E90/><V115/><F115/><W69/><G114/><T110/><D110/><U17/><E23/><V32/><F32/><W73/><G33/><T13/><D50/><U83/><E51/><V62/><F62/><W88/><G88/><T35/><D35/><U104/><E38/><V16/><F16/><AGARI ba="0,1" hai="10,13,14,16,18,21,48,49,74,79,80,98,100,105" machi="16" ten="30,3900,0" yaku="7,1,52,1,54,1" doraHai="94" who="0" fromWho="2" sc="261,49,376,0,171,-39,182,0" /><INIT seed="7,0,0,1,4,50" ten="310,376,132,182" oya="3" hai0="91,93,27,44,131,112,53,34,111,14,129,6,7" hai1="4,35,20,87,120,45,33,26,58,29,133,60,83" hai2="63,15,71,39,0,70,28,40,104,135,81,21,113" hai3="36,126,41,69,61,22,16,31,108,47,9,67,130"/><W25/><G126/><T51/><D111/><U101/><E120/><V78/><F113/><W134/><G134/><T10/><D6/><U5/><E133/><V82/><F135/><W124/><G124/><T56/><D112/><U64/><E101/><V77/><F21/><W66/><G66/><T68/><D68/><U128/><E128/><V80/><F28/><W73/><G73/><T1/><D1/><U54/><E35/><V107/><F15/><W105/><G105/><T76/><D76/><N who="1" m="46567" /><E33/><V3/><F40/><W57/><G130/><N who="0" m="49675" /><D27/><U122/><E122/><V19/><F39/><W13/><REACH who="3" step="1"/><G69/><REACH who="3" ten="310,376,132,172" step="2"/><T86/><D34/><U117/><E117/><V2/><F71/><W96/><G96/><T37/><D37/><U98/><E98/><V88/><F70/><W11/><G11/><T125/><D125/><U46/><E64/><V43/><F107/><W17/><G17/><T74/><D74/><U99/><E99/><V32/><F104/><W118/><G118/><T65/><D65/><U52/><E5/><V106/><F106/><W72/><G72/><T115/><D115/><U132/><E4/><V102/><F19/><W123/><G123/><T8/><D10/><U110/><E110/><AGARI ba="0,1" hai="9,13,16,22,25,31,36,41,47,57,61,67,108,110" machi="110" ten="40,3900,0" yaku="1,1,54,1,53,0" doraHai="50" doraHaiUra="84" who="3" fromWho="1" sc="310,0,376,-39,132,0,172,49" /><INIT seed="7,1,0,2,1,128" ten="310,337,132,221" oya="3" hai0="104,60,8,13,6,108,83,125,90,89,51,80,87" hai1="69,81,36,74,126,110,38,39,95,55,112,109,30" hai2="32,34,57,100,113,120,124,135,7,71,97,88,40" hai3="116,41,62,12,131,2,19,117,122,23,93,91,0"/><W26/><G122/><T31/><D108/><U66/><E30/><V127/><F40/><W99/><G131/><T121/><D121/><U105/><E105/><V61/><F120/><W4/><G41/><T11/><D125/><U59/><E126/><N who="2" m="48171" /><F7/><W18/><G4/><T21/><D104/><U14/><E95/><N who="2" m="58431" /><F71/><W111/><G111/><T44/><D60/><U35/><E81/><V106/><F61/><W73/><G73/><T115/><D115/><U5/><E74/><V123/><F57/><W130/><G130/><T50/><D11/><U119/><E119/><V85/><F123/><W103/><G103/><T94/><D80/><U45/><E5/><V92/><F32/><W129/><G129/><T98/><D44/><U52/><E35/><V77/><F34/><W15/><G26/><AGARI ba="1,0" hai="6,8,13,21,26,31,50,51,83,87,89,90,94,98" machi="26" ten="40,1300,0" yaku="8,1" doraHai="128" who="0" fromWho="3" sc="310,16,337,0,132,0,221,-16" owari="326,13.0,337,43.0,132,-37.0,205,-19.0" /></mjloggm>