<mjloggm ver="2.3"><GO type="169" lobby="0"/><UN n0="%E3%82%82%E3%82%84%E3%81%97%E3%82%82%E3%82%93" n1="%E3%80%93%E3%81%84%E3%81%A1%E3%81%AF%E3%82%89%E3%80%93" n2="%44%72%2E%E9%9B%80" n3="%E5%B0%B1%E6%B4%BB%E7%94%9F%40%E5%B7%9D%E6%9D%91%E8%BB%8D%E5%9B%A3" dan="16,18,16,16" rate="2188.91,2218.27,2074.05,2102.21" sx="F,M,M,M"/><TAIKYOKU oya="0"/><INIT seed="0,0,0,1,4,6" ten="250,250,250,250" oya="0" hai0="113,44,91,58,47,57,88,114,117,52,122,128,68" hai1="115,77,118,43,69,33,28,90,53,14,135,4,133" hai2="25,8,132,100,78,131,121,108,105,101,125,104,20" hai3="22,116,21,124,103,23,50,7,2,24,45,75,15"/><T67/><D117/><U18/><E69/><V17/><F121/><W92/><G75/><T65/><D122/><U42/><E118/><V82/><F132/><N who="1" m="50761" /><E77/><V107/><F125/><W110/><G110/><T64/><D68/><U127/><E4/><V130/><F108/><W123/><G123/><T129/><D67/><U79/><E79/><V40/><F40/><W109/><G2/><T62/><REACH who="0" step="1"/><D62/><REACH who="0" ten="240,250,250,250" step="2"/><U70/><E70/><V120/><F120/><W55/><G109/><T51/><D51/><U5/><E127/><V83/><F131/><W12/><G124/><T19/><D19/><U102/><E18/><V48/><F48/><W63/><G63/><T134/><D134/><U66/><E66/><V30/><F130/><W111/><G111/><T27/><D27/><U126/><E126/><V89/><F17/><W96/><G116/><T61/><D61/><U0/><E28/><V106/><F25/><W71/><G71/><T13/><D13/><N who="3" m="5193" /><G7/><T39/><D39/><U73/><E5/><V54/><F30/><AGARI ba="0,1" hai="21,22,23,24,30,45,50,55,92,96,103" m="5193" machi="30" ten="30,1000,0" yaku="8,1" doraHai="6" who="3" fromWho="2" sc="240,0,250,0,250,-10,250,20" /><INIT seed="1,0,0,1,5,49" ten="240,250,240,270" oya="1" hai0="34,41,4,14,69,128,108,121,126,97,90,0,120" hai1="51,72,40,89,79,73,112,71,59,113,17,107,132" hai2="129,1,118,31,26,9,88,85,91,30,74,125,37" hai3="87,36,110,46,83,81,8,43,111,98,45,55,75"/><U133/><E71/><V102/><F118/><W54/><G75/><T19/><D108/><N who="3" m="41513" /><G46/><T123/><D128/><U70/><E70/><V21/><F129/><W29/><G29/><T12/><D126/><U56/><E107/><V32/><F125/><W48/><G36/><T116/><D116/><U52/><E40/><V96/><F37/><W25/><G25/><T5/><D69/><U86/><E59/><V104/><F74/><N who="1" m="28777" /><E17/><V78/><F31/><W11/><G98/><T24/><D41/><U6/><E6/><N who="0" m="2665" /><D0/><U62/><E62/><V58/><F1/><W64/><G64/><T95/><D34/><U99/><E79/><V76/><F32/><W3/><G3/><T63/><D63/><U66/><E99/><V103/><F96/><W119/><G83/><T67/><D67/><U33/><E33/><V27/><F27/><W92/><G92/><T109/><D109/><U2/><E2/><V13/><F26/><W93/><G93/><T77/><D77/><U61/><E86/><V94/><F85/><W115/><G115/><T135/><D24/><U42/><E89/><V134/><F78/><N who="3" m="46519" /><G119/><T35/><D35/><U23/><E42/><V28/><F76/><W122/><G122/><T7/><D7/><U47/><E113/><V15/><F94/><W65/><G65/><T82/><D82/><U100/><E112/><V39/><F39/><W101/><G101/><T22/><D14/><U57/><E100/><V38/><F103/><W117/><G117/><T127/><D127/><U106/><E106/><V53/><F102/><W16/><G11/><T18/><D18/><RYUUKYOKU ba="0,0" sc="240,15,250,-15,240,-15,270,15" hai0="12,19,22,90,95,97,120,121,123,135" hai3="8,16,43,45,48,54,55" /><INIT seed="2,1,0,2,3,21" ten="255,235,225,285" oya="2" hai0="107,83,27,13,9,44,41,47,86,116,135,59,92" hai1="30,15,126,38,29,69,130,88,40,32,123,120,74" hai2="19,28,77,7,79,2,113,124,95,53,36,85,25" hai3="46,43,109,63,4,100,24,22,93,118,18,101,70"/><V127/><F113/><W66/><G109/><T129/><D107/><U110/><E110/><V105/><F36/><W10/><G93/><T48/><D129/><U106/><E69/><V119/><F119/><W117/><G118/><T98/><D116/><U52/><E130/><V84/><F105/><W50/><REACH who="3" step="1"/><G117/><REACH who="3" ten="255,235,225,275" step="2"/><T61/><D92/><U39/><E106/><V49/><F95/><W115/><G115/><T11/><D98/><U65/><E123/><V26/><F124/><W122/><G122/><T3/><D135/><U114/><E126/><V103/><F127/><W60/><G60/><T104/><D104/><U54/><E114/><V16/><F103/><W128/><G128/><T102/><D61/><U94/><E120/><V97/><F97/><W0/><AGARI ba="1,1" hai="0,4,10,18,22,24,43,46,50,63,66,70,100,101" machi="0" ten="20,5200,0" yaku="1,1,0,1,7,1,52,1,53,0" doraHai="21" doraHaiUra="31" who="3" fromWho="3" sc="255,-14,235,-14,225,-27,275,65" /><INIT seed="3,0,0,3,5,16" ten="241,221,198,340" oya="3" hai0="105,122,87,130,88,25,99,17,112,37,19,14,33" hai1="126,111,29,11,23,75,118,93,114,97,127,59,101" hai2="0,110,125,30,41,116,32,91,54,76,64,109,96" hai3="129,47,44,123,34,24,121,82,70,120,71,89,35"/><W107/><G107/><T66/><D122/><U62/><E111/><N who="2" m="42507" /><F54/><W45/><G129/><T51/><D37/><U5/><E75/><V42/><F64/><W69/><G24/><T57/><D130/><U2/><E114/><V84/><F76/><W131/><G131/><T92/><D112/><U9/><E118/><V94/><F96/><W79/><REACH who="3" step="1"/><G89/><REACH who="3" ten="241,221,198,330" step="2"/><T10/><D25/><N who="1" m="16575" /><E127/><V7/><F91/><W90/><G90/><T12/><D105/><U78/><E126/><V18/><F125/><W108/><G108/><T3/><D88/><U63/><E97/><V8/><F116/><W39/><G39/><T80/><D99/><U115/><E115/><V46/><F94/><W6/><G6/><T95/><D92/><U40/><E93/><V28/><F7/><W72/><AGARI ba="0,1" hai="34,35,44,45,47,69,70,71,72,79,82,120,121,123" machi="72" ten="50,12000,1" yaku="1,1,0,1,29,2,53,0" doraHai="16" doraHaiUra="13" who="3" fromWho="3" sc="241,-40,221,-40,198,-40,330,130" /><INIT seed="3,1,0,5,5,133" ten="201,181,158,460" oya="3" hai0="29,53,64,122,79,72,109,19,112,103,16,71,117" hai1="30,111,129,47,88,100,84,113,121,27,61,40,90" hai2="23,34,95,10,108,1,3,13,124,80,44,52,78" hai3="106,59,65,26,15,96,11,62,116,60,87,130,105"/><W43/><G116/><T93/><D117/><U97/><E111/><V120/><F34/><W28/><G130/><T5/><D109/><U83/><E113/><V94/><F108/><W86/><G43/><T2/><D122/><U4/><E129/><V63/><F23/><W107/><G62/><T110/><D110/><U33/><E4/><N who="2" m="3271" /><F1/><W42/><G42/><T67/><D112/><U14/><E14/><V45/><F3/><W31/><G96/><T73/><D29/><U24/><E121/><V41/><F120/><W101/><G101/><T128/><D2/><U82/><E27/><V25/><F25/><W58/><G58/><T18/><D5/><U36/><E61/><V125/><F45/><W68/><G31/><T21/><D71/><U70/><E70/><V126/><F52/><W56/><G56/><T17/><D53/><U89/><REACH who="1" step="1"/><E83/><REACH who="1" ten="201,171,158,460" step="2"/><V104/><F63/><W54/><G68/><T51/><D128/><U102/><E102/><V8/><F8/><W118/><G65/><T119/><D119/><U6/><E6/><V75/><F104/><AGARI ba="1,1" hai="24,30,33,36,40,47,82,84,88,89,90,97,100,104" machi="104" ten="30,3900,0" yaku="1,1,7,1,54,1,53,0" doraHai="133" doraHaiUra="12" who="1" fromWho="2" sc="201,0,171,52,158,-42,460,0" /><INIT seed="4,0,0,4,0,87" ten="201,223,116,460" oya="0" hai0="24,112,71,63,45,110,111,29,59,90,132,52,115" hai1="54,72,39,13,74,58,79,53,23,21,4,114,73" hai2="17,19,9,28,92,46,51,34,82,3,16,30,84" hai3="86,102,62,94,97,135,104,11,50,121,14,12,26"/><T124/><D132/><U125/><E39/><V47/><F34/><W113/><G113/><N who="0" m="43595" /><D124/><U33/><E33/><V15/><F92/><W100/><G135/><T83/><D71/><U0/><E125/><V49/><F3/><W40/><G121/><T18/><D18/><N who="2" m="7274" /><F51/><W68/><G26/><T37/><D45/><N who="2" m="16906" /><F49/><W105/><G105/><T109/><D37/><U6/><E0/><V119/><F119/><W127/><G127/><T95/><D83/><U27/><E114/><V60/><F60/><W106/><G106/><T20/><D109/><U35/><E35/><V122/><F122/><W1/><G1/><T116/><D116/><U56/><E27/><V89/><AGARI ba="0,0" hai="9,15,19,28,30,82,84,89" m="16906,7274" machi="89" ten="30,4000,0" yaku="8,1,52,1,54,1" doraHai="87" who="2" fromWho="2" sc="201,-20,223,-10,116,40,460,-10" /><INIT seed="5,0,0,2,4,68" ten="181,213,156,450" oya="1" hai0="10,46,61,84,65,121,2,44,1,123,95,71,7" hai1="100,88,76,47,99,27,17,85,51,12,15,63,89" hai2="34,81,113,106,41,16,78,135,114,120,101,58,112" hai3="86,69,130,6,67,24,53,115,38,30,20,127,22"/><U111/><E111/><V59/><F120/><N who="0" m="46154" /><D2/><U125/><E125/><V60/><F135/><W0/><G38/><T94/><D84/><U23/><E63/><V117/><F117/><W50/><G115/><T64/><D65/><U97/><E76/><V134/><F134/><W126/><G130/><T49/><D46/><U56/><E56/><V55/><F34/><W39/><G39/><T116/><D116/><U26/><E26/><V77/><F41/><AGARI ba="0,0" hai="1,7,10,41,44,49,61,64,71,94,95" m="46154" machi="41" ten="30,1000,0" yaku="13,1" doraHai="68" who="0" fromWho="2" sc="181,10,213,0,156,-10,450,0" /><INIT seed="6,0,0,2,3,54" ten="191,213,146,450" oya="2" hai0="31,72,22,98,126,27,24,87,60,55,86,62,114" hai1="25,102,40,80,74,77,107,28,112,66,4,116,17" hai2="21,103,115,125,106,16,45,88,14,93,108,63,118" hai3="0,73,127,58,111,29,97,96,122,131,57,100,26"/><V43/><F118/><W135/><G111/><T129/><D72/><U19/><E116/><V6/><F108/><W91/><G73/><T94/><D114/><U109/><E112/><V11/><F115/><W92/><G0/><T13/><D129/><U46/><E109/><V51/><F125/><W61/><G122/><T84/><D126/><U15/><E66/><V18/><F21/><N who="3" m="15567" /><G127/><T120/><D120/><U70/><E70/><V89/><F63/><W104/><G104/><T20/><D13/><U110/><E110/><V79/><F79/><W9/><G131/><T49/><D24/><U101/><E4/><V133/><F133/><W105/><G105/><T85/><N who="0" m="21504" /><DORA hai="37" /><T44/><REACH who="0" step="1"/><D22/><REACH who="0" ten="181,213,146,450" step="2"/><U39/><E15/><V130/><F130/><W35/><G35/><T99/><D99/><U53/><E25/><V56/><F106/><W83/><G97/><T128/><D128/><U34/><E74/><V36/><F103/><AGARI ba="0,1" hai="20,27,31,44,49,55,60,62,94,98,103" m="21504" machi="103" ten="50,3200,0" yaku="1,1,8,1,53,0" doraHai="54,37" doraHaiUra="8,124" who="0" fromWho="2" sc="181,42,213,0,146,-32,450,0" /><INIT seed="7,0,0,4,4,101" ten="223,213,114,450" oya="3" hai0="97,130,105,94,68,11,103,55,84,121,106,35,65" hai1="3,53,114,41,125,18,122,95,7,48,36,16,76" hai2="42,83,56,5,27,34,60,120,92,116,98,22,102" hai3="113,59,108,57,90,117,67,10,39,64,2,26,110"/><W115/><G39/><T126/><D121/><U79/><E122/><V124/><F116/><W46/><G117/><T4/><D35/><U74/><E114/><N who="3" m="43530" /><G46/><T8/><D130/><U38/><E125/><V23/><F120/><W45/><G45/><T50/><D126/><U62/><E7/><V123/><F123/><W80/><G26/><T77/><D11/><U15/><E3/><V17/><F124/><W30/><G30/><T75/><D75/><U43/><E62/><V24/><F34/><W128/><G128/><T6/><D4/><U28/><E28/><V99/><F5/><N who="3" m="1335" /><G90/><T112/><D112/><U47/><E38/><V78/><F42/><W87/><G87/><T51/><D84/><U63/><E74/><V70/><F70/><W134/><G134/><T81/><D68/><U20/><E36/><V29/><F99/><W52/><G80/><T104/><D81/><U135/><E43/><V31/><F17/><W66/><G59/><T71/><D77/><U100/><E18/><V111/><F111/><W118/><G118/><T0/><D71/><U132/><E132/><V21/><F83/><W33/><G33/><T40/><D97/><N who="1" m="59455" /><E135/><V127/><F127/><W54/><G54/><T12/><D40/><U91/><E91/><V107/><F78/><W44/><G44/><T109/><D109/><U73/><E73/><V37/><F37/><W119/><G119/><T88/><D88/><U19/><E19/><V131/><F131/><W49/><AGARI ba="0,0" hai="49,52,57,64,66,67,108,110" m="1335,43530" machi="49" ten="40,3900,0" yaku="15,1,54,1" doraHai="101" who="3" fromWho="3" sc="223,-13,213,-13,114,-13,450,39" owari="210,1.0,200,-20.0,101,-40.0,489,59.0" /></mjloggm>