<mjloggm ver="2.3"><GO type="41" lobby="0"/><UN n0="%6B%75%6E%69%34%34%32%33" n1="%7A%39%35%39%35%34%35%31" n2="%E3%82%B8%E3%83%A7%E3%83%8B%E3%83%BC%E3%82%A8%E3%83%AB" n3="%E5%B0%B1%E6%B4%BB%E7%94%9F%40%E5%B7%9D%E6%9D%91%E8%BB%8D%E5%9B%A3" dan="13,13,15,17" rate="1866.43,1809.00,2007.76,2175.38" sx="M,M,M,M"/><TAIKYOKU oya="0"/><INIT seed="0,0,0,5,0,61" ten="250,250,250,250" oya="0" hai0="64,83,84,127,90,131,56,81,103,31,132,79,85" hai1="98,99,49,13,17,33,16,22,86,87,4,60,119" hai2="36,77,29,125,19,70,93,32,45,105,6,55,51" hai3="67,30,134,14,38,80,75,126,18,57,20,94,116"/><T73/><D31/><U113/><E119/><V25/><F6/><W108/><G116/><T44/><D56/><U28/><E33/><V11/><F77/><W107/><G107/><T42/><D44/><U3/><E60/><V128/><F105/><W27/><G38/><T123/><D64/><U21/><E3/><V74/><F74/><W92/><G108/><T133/><D42/><U58/><E4/><V26/><F36/><W109/><G134/><N who="0" m="51819" /><D123/><U47/><E28/><V35/><F70/><W122/><G126/><T111/><D127/><U15/><E58/><V43/><F43/><W53/><G109/><T91/><D111/><U96/><REACH who="1" step="1"/><E113/><REACH who="1" ten="250,240,250,250" step="2"/><V106/><F125/><W135/><G135/><T8/><D8/><U46/><E46/><V114/><F45/><W68/><G57/><T66/><D131/><U24/><E24/><V40/><F40/><AGARI ba="0,1" hai="13,15,16,17,21,22,40,47,49,86,87,96,98,99" machi="40" ten="40,8000,1" yaku="1,1,9,1,8,1,54,1,53,0" doraHai="61" doraHaiUra="50" who="1" fromWho="2" sc="250,0,240,90,250,-80,250,0" /><INIT seed="1,0,0,0,4,101" ten="250,330,170,250" oya="1" hai0="63,83,119,23,82,58,130,24,11,102,59,98,18" hai1="52,75,57,37,27,51,120,109,12,33,49,50,133" hai2="4,93,73,7,13,84,105,117,3,55,103,54,114" hai3="124,122,97,40,65,66,36,48,42,127,19,56,100"/><U126/><E120/><V90/><F3/><W115/><G115/><T28/><D119/><U67/><E37/><V15/><F114/><W128/><G128/><T134/><D134/><U113/><E133/><V45/><F73/><W69/><G122/><T16/><D130/><U125/><E113/><V121/><F117/><W17/><G69/><T74/><D59/><U10/><E67/><N who="3" m="25610" /><G36/><T77/><D11/><U22/><E75/><V38/><F54/><N who="3" m="31815" /><G19/><T62/><D83/><U110/><E33/><V99/><F121/><W20/><G20/><T34/><D34/><U112/><E50/><V89/><F55/><W53/><G17/><T2/><D2/><U81/><E49/><V108/><F108/><N who="1" m="41577" /><E81/><V86/><F45/><W116/><G53/><T85/><D74/><U9/><E112/><V111/><F38/><W5/><G5/><T41/><D41/><U80/><E80/><V44/><F44/><W47/><G47/><T106/><D63/><U96/><E10/><V129/><F129/><W131/><G131/><T46/><D46/><U64/><E64/><AGARI ba="0,0" hai="16,18,23,24,28,58,62,64,77,82,85,98,102,106" machi="64" ten="30,3900,0" yaku="7,1,52,1,54,1" doraHai="101" who="0" fromWho="1" sc="250,39,330,-39,170,0,250,0" /><INIT seed="2,0,0,0,0,118" ten="289,291,170,250" oya="2" hai0="115,127,31,134,67,111,35,33,7,109,106,24,58" hai1="85,70,91,0,51,1,104,66,12,18,126,65,13" hai2="15,19,48,98,14,23,55,135,61,21,49,93,57" hai3="29,52,94,124,16,25,81,79,129,45,131,44,46"/><V113/><F135/><W64/><G64/><T117/><D117/><U39/><E104/><V8/><F113/><W72/><G124/><T47/><D106/><U32/><E39/><V40/><F40/><W68/><G68/><T38/><D115/><U2/><E32/><V89/><REACH who="2" step="1"/><F23/><REACH who="2" ten="289,291,160,250" step="2"/><N who="3" m="13543" /><G29/><T27/><D134/><U125/><E126/><V99/><F99/><W36/><G36/><T116/><D127/><U28/><E125/><V82/><F82/><W17/><G94/><T42/><D116/><U95/><E95/><V121/><F121/><W83/><G81/><T63/><D7/><AGARI ba="0,1" hai="7,8,14,15,19,21,48,49,55,57,61,89,93,98" machi="7" ten="30,5800,0" yaku="1,1,7,1,8,1,53,0" doraHai="118" doraHaiUra="78" who="2" fromWho="0" sc="289,-58,291,0,160,68,250,0" /><INIT seed="2,1,0,5,5,49" ten="231,291,228,250" oya="2" hai0="107,10,12,41,120,4,48,86,121,72,127,62,2" hai1="85,82,104,125,54,122,106,90,89,78,91,112,33" hai2="21,73,80,61,129,108,97,74,50,15,118,39,126" hai3="1,117,16,58,66,69,119,42,105,46,36,81,6"/><V7/><F39/><W70/><G105/><T102/><D72/><U17/><E122/><V88/><F118/><W56/><G1/><T116/><D116/><N who="3" m="44617" /><G16/><T55/><D127/><U133/><E125/><V134/><F126/><W87/><G6/><T135/><D135/><U47/><E33/><V64/><F134/><W60/><G87/><T43/><D62/><U99/><E112/><V22/><F129/><W8/><G8/><T0/><D86/><U26/><E133/><V96/><F50/><W71/><G81/><T95/><D107/><U28/><E17/><V114/><F114/><W111/><G111/><T98/><D2/><U51/><E99/><N who="2" m="37963" /><F74/><W128/><G58/><T93/><D0/><U23/><AGARI ba="1,0" hai="23,26,28,47,51,54,78,82,85,89,90,91,104,106" machi="23" ten="30,2000,0" yaku="0,1,52,1" doraHai="49" who="1" fromWho="1" sc="231,-6,291,23,228,-11,250,-6" /><INIT seed="3,0,0,5,1,73" ten="225,314,217,244" oya="3" hai0="63,13,39,119,100,65,64,81,130,83,124,82,87" hai1="49,33,132,61,29,96,59,18,15,67,70,98,9" hai2="116,11,101,104,89,90,36,113,57,8,26,114,1" hai3="32,95,69,4,88,75,86,121,58,55,52,45,5"/><W12/><G69/><T47/><D119/><U2/><E132/><V44/><F104/><W31/><G121/><T34/><D34/><U78/><E2/><V76/><F101/><W40/><G75/><T51/><D39/><U117/><E117/><V72/><F57/><W109/><G109/><T127/><D100/><U115/><E115/><V42/><F26/><W111/><G111/><T129/><D13/><U25/><E70/><V43/><F116/><W91/><G32/><T85/><D63/><U21/><E49/><V135/><F135/><W107/><G31/><T97/><D97/><U79/><REACH who="1" step="1"/><E33/><REACH who="1" ten="225,304,217,244" step="2"/><V37/><F1/><W110/><G110/><T50/><REACH who="0" step="1"/><D83/><REACH who="0" ten="215,304,217,244" step="2"/><U120/><E120/><V105/><F114/><W123/><G123/><T102/><D102/><U77/><AGARI ba="0,2" hai="9,15,18,21,25,29,59,61,67,77,78,79,96,98" machi="77" ten="30,12000,2" yaku="1,1,0,1,8,1,52,3,53,0" doraHai="73" doraHaiUra="112" who="1" fromWho="1" sc="215,-30,304,140,217,-30,244,-60" /><INIT seed="4,0,0,5,1,46" ten="185,444,187,184" oya="0" hai0="122,90,57,35,87,118,81,13,113,73,84,132,69" hai1="92,119,95,97,102,129,62,125,85,48,51,76,117" hai2="43,83,106,55,0,50,44,54,86,19,21,3,79" hai3="4,64,11,29,100,120,134,89,80,115,1,75,67"/><T127/><D35/><U121/><E121/><V130/><F106/><W101/><G120/><T47/><D69/><U66/><E125/><V49/><F130/><W72/><G29/><T39/><D122/><U94/><E129/><V109/><F109/><W71/><G134/><T33/><D33/><U135/><E135/><V56/><REACH who="2" step="1"/><F43/><REACH who="2" ten="185,444,177,184" step="2"/><W128/><G128/><T99/><D132/><U88/><E119/><V12/><AGARI ba="0,1" hai="0,3,12,19,21,44,49,50,54,55,56,79,83,86" machi="12" ten="20,12000,2" yaku="1,1,2,1,0,1,7,1,52,2,53,1" doraHai="46" doraHaiUra="10" who="2" fromWho="2" sc="185,-60,444,-30,177,130,184,-30" /><INIT seed="5,0,0,3,5,47" ten="125,414,307,154" oya="1" hai0="126,131,7,112,29,38,33,86,21,64,32,135,69" hai1="17,20,57,10,72,113,54,42,37,30,107,77,68" hai2="88,28,60,89,90,82,124,58,97,43,100,48,84" hai3="79,99,114,23,0,67,92,44,18,76,6,116,9"/><U80/><E107/><V19/><F124/><W106/><G106/><T122/><D86/><U22/><E68/><V75/><F28/><W128/><G128/><T52/><D64/><U111/><E111/><V46/><F75/><W105/><G105/><T59/><D59/><U121/><E121/><V71/><F71/><W66/><G114/><T73/><D29/><U8/><E113/><V130/><F130/><W132/><G132/><T34/><D52/><U12/><E42/><V101/><F19/><W53/><G116/><T125/><D33/><U15/><E37/><V70/><F70/><W133/><G133/><T85/><D85/><U13/><E30/><V96/><F96/><W3/><G3/><T134/><D7/><U49/><E12/><V104/><REACH who="2" step="1"/><F101/><REACH who="2" ten="125,414,297,154" step="2"/><W31/><G31/><T61/><D135/><U108/><E108/><V91/><F91/><W127/><G127/><T41/><D134/><U56/><E56/><V83/><F83/><W27/><G76/><T118/><D131/><U109/><E109/><V25/><F25/><W110/><G79/><T26/><D126/><U1/><E1/><V24/><F24/><W65/><G110/><T2/><D125/><U102/><E102/><V93/><F93/><W5/><G92/><T78/><D69/><U129/><E129/><V50/><F50/><N who="3" m="28871" /><G99/><T36/><D118/><U119/><E119/><V40/><F40/><W115/><G115/><T62/><D112/><U39/><E39/><V123/><F123/><W120/><G120/><T117/><D38/><U14/><E80/><V63/><F63/><W11/><G6/><RYUUKYOKU ba="0,1" sc="125,-15,414,-15,297,15,154,15" hai2="43,46,48,58,60,82,84,88,89,90,97,100,104" hai3="0,5,9,11,18,23,27,65,66,67" /><INIT seed="6,1,1,5,5,103" ten="110,399,312,169" oya="2" hai0="68,87,53,26,65,10,71,111,17,51,80,42,109" hai1="34,5,69,20,67,122,35,63,100,25,32,134,9" hai2="36,22,83,52,129,98,85,31,38,39,15,77,121" hai3="19,114,119,13,50,16,72,64,6,2,104,30,73"/><V46/><F129/><W105/><G119/><T102/><D42/><U24/><E134/><V89/><F31/><W117/><G117/><T54/><D102/><U55/><E122/><V7/><F98/><W101/><G101/><T41/><D41/><U123/><E123/><V48/><F121/><W93/><G2/><T45/><D45/><U70/><E100/><V113/><F113/><W125/><G30/><T44/><D44/><U74/><E74/><V120/><F120/><W135/><G93/><T132/><D132/><U47/><E25/><V95/><F22/><W18/><G135/><T8/><D26/><U97/><E97/><V3/><F3/><W49/><G64/><T27/><D65/><U131/><E70/><V124/><F124/><W0/><G0/><T40/><D40/><U11/><E5/><V81/><REACH who="2" step="1"/><F77/><REACH who="2" ten="110,399,302,169" step="2"/><W115/><G125/><T62/><D27/><U58/><E131/><V110/><F110/><W118/><G118/><T90/><D87/><U128/><E128/><V78/><F78/><W1/><G1/><T112/><D112/><N who="3" m="43049" /><G73/><T57/><D17/><U99/><E99/><V37/><N who="2" m="9728" /><DORA hai="29" /><V21/><F21/><W79/><G79/><T108/><D108/><U60/><REACH who="1" step="1"/><E47/><REACH who="1" ten="110,389,302,169" step="2"/><V91/><F91/><W88/><G88/><T127/><D90/><U92/><E92/><V43/><F43/><W28/><G72/><T82/><D127/><U76/><E76/><V133/><F133/><W107/><G28/><AGARI ba="1,3" hai="9,11,20,24,28,32,34,35,55,58,60,63,67,69" machi="28" ten="40,12000,2" yaku="1,1,52,3,53,2" doraHai="103,29" doraHaiUra="4,130" who="1" fromWho="3" sc="110,0,389,153,302,0,169,-123" /><INIT seed="7,0,0,5,5,78" ten="110,542,302,46" oya="3" hai0="61,27,53,57,32,47,73,94,64,9,37,68,104" hai1="133,135,28,24,103,30,134,87,105,10,72,33,59" hai2="65,34,77,63,81,5,118,110,123,70,88,111,4" hai3="79,18,2,3,102,36,16,92,71,67,106,25,90"/><W52/><G36/><T49/><D73/><U125/><E72/><V38/><F34/><W69/><G79/><T40/><D104/><U15/><E125/><V93/><F38/><W109/><G106/><T99/><D32/><U66/><E28/><V60/><F118/><W13/><G102/><T112/><D112/><U19/><E103/><V127/><F127/><W62/><G71/><T114/><D114/><U26/><E105/><V12/><F63/><W117/><G117/><T129/><D129/><U113/><E26/><V128/><F128/><W120/><G120/><T76/><D9/><U7/><E113/><V126/><F126/><W0/><G109/><T132/><D132/><U119/><E119/><V100/><F100/><W17/><G25/><T116/><D116/><U6/><E87/><V86/><F123/><W48/><G13/><T29/><D76/><U8/><E8/><V50/><F12/><W124/><G124/><T55/><D55/><U83/><E83/><V121/><F121/><W85/><REACH who="3" step="1"/><G3/><REACH who="3" ten="110,542,302,36" step="2"/><T84/><D84/><U89/><E89/><V82/><F111/><W22/><G22/><T14/><D27/><U97/><E97/><V115/><F110/><W51/><G51/><T31/><REACH who="0" step="1"/><D14/><REACH who="0" ten="100,542,302,36" step="2"/><U54/><E66/><V80/><F115/><W95/><G95/><T107/><D107/><U1/><E1/><V11/><F77/><W43/><G43/><T41/><D41/><U39/><E39/><V96/><F96/><W45/><AGARI ba="0,2" hai="0,2,16,17,18,45,48,52,62,67,69,85,90,92" machi="45" ten="30,11700,0" yaku="1,1,0,1,54,2,53,0" doraHai="78" doraHaiUra="130" who="3" fromWho="3" sc="100,-39,542,-39,302,-39,36,137" /><INIT seed="7,1,0,2,5,25" ten="61,503,263,173" oya="3" hai0="80,23,104,75,56,3,18,85,113,83,105,131,16" hai1="32,26,7,53,71,48,98,108,92,94,60,17,88" hai2="0,10,91,81,59,111,117,121,46,52,14,110,64" hai3="106,12,62,84,9,63,72,114,93,135,103,54,11"/><W50/><G72/><T69/><D3/><U134/><E108/><V13/><F0/><W55/><G135/><T132/><D113/><U51/><E134/><V29/><F64/><W30/><G106/><T27/><D69/><U38/><E7/><V34/><F46/><W37/><G37/><T28/><D132/><U130/><E38/><V128/><F128/><W58/><G114/><T57/><D131/><U42/><E42/><V100/><F100/><W123/><G123/><T82/><D75/><U76/><E76/><V107/><F107/><W95/><G63/><T70/><D70/><U90/><E130/><V35/><F35/><W49/><G103/><T86/><D104/><U4/><E4/><V99/><F14/><W73/><G73/><T40/><D40/><U8/><E8/><V109/><F117/><W33/><G11/><T79/><D105/><U65/><E53/><V43/><F43/><W78/><G62/><T120/><D120/><U112/><E112/><V21/><F121/><W61/><G61/><T15/><D15/><U96/><E17/><V102/><F102/><W119/><G119/><T5/><D5/><U101/><E101/><V124/><F111/><W68/><G68/><T122/><D122/><U66/><E65/><V31/><F34/><W116/><G116/><T87/><REACH who="0" step="1"/><D79/><REACH who="0" ten="51,503,263,173" step="2"/><U1/><E1/><V126/><F110/><W74/><G78/><T47/><D47/><U127/><E127/><V2/><F109/><W24/><G74/><T77/><D77/><U125/><E125/><V45/><F126/><W20/><G12/><T67/><D67/><RYUUKYOKU ba="1,1" sc="51,15,503,15,263,-15,173,-15" hai0="16,18,23,27,28,56,57,80,82,83,85,86,87" hai1="26,32,48,51,60,66,71,88,90,92,94,96,98" owari="66,-43.0,528,62.0,248,5.0,158,-24.0" /></mjloggm>