<mjloggm ver="2.3"><GO type="169" lobby="0"/><UN n0="%3D%4A%61%6D" n1="%E3%82%A6%E3%83%AB%E3%83%88%E3%83%A9%E7%AB%8B%E7%9B%B4" n2="%E3%83%95%E3%83%B3%E3%83%8C" n3="%E7%A7%81%E3%81%AF%E3%81%8C%E3%81%A1%E3%81%BB%E3%82%82" dan="17,16,16,17" rate="2181.94,2167.16,2066.81,2215.64" sx="M,M,M,M"/><TAIKYOKU oya="0"/><INIT seed="0,0,0,2,5,4" ten="250,250,250,250" oya="0" hai0="116,74,48,81,59,21,31,113,17,18,43,98,121" hai1="3,135,72,125,5,55,1,117,12,16,108,114,134" hai2="83,100,133,97,22,129,130,65,122,101,35,2,107" hai3="54,111,92,19,41,88,118,110,51,127,26,94,66"/><T0/><D121/><U7/><E72/><V14/><F35/><W50/><G66/><T124/><D116/><U8/><E55/><V71/><F122/><W57/><G92/><T29/><D113/><U70/><E70/><V67/><F2/><N who="1" m="521" /><E117/><V87/><F101/><W45/><G127/><T56/><D0/><U78/><E78/><V82/><F82/><W15/><G26/><T119/><D119/><U25/><E125/><V102/><F102/><W131/><G131/><N who="2" m="50185" /><F71/><W69/><G69/><T68/><D68/><U44/><E44/><V76/><F133/><N who="1" m="50697" /><E114/><V64/><F64/><W93/><G93/><T62/><D124/><U28/><E108/><V47/><F47/><W53/><G53/><T52/><D98/><U84/><E84/><V90/><F76/><W63/><G63/><T38/><D38/><U75/><E75/><V46/><F46/><W34/><G118/><T128/><D43/><U86/><E86/><V104/><F104/><W20/><REACH who="3" step="1"/><G34/><AGARI ba="0,0" hai="5,7,8,12,16,25,28,34" m="50697,521" machi="34" ten="30,8000,1" yaku="20,1,34,2,52,1,54,1" doraHai="4" who="1" fromWho="3" sc="250,0,250,80,250,0,250,-80" /><INIT seed="1,0,0,3,2,44" ten="250,330,250,170" oya="1" hai0="104,2,95,13,47,78,122,61,49,27,110,45,115" hai1="41,126,121,52,108,119,63,0,120,66,50,133,98" hai2="80,15,128,6,72,67,89,11,102,48,32,35,79" hai3="81,127,64,54,37,51,28,8,91,97,129,65,31"/><U39/><E0/><V84/><F128/><W116/><G37/><T43/><D104/><U38/><E98/><V26/><F67/><W132/><G129/><T29/><D2/><U135/><E119/><V33/><F102/><W25/><G127/><T77/><D122/><N who="1" m="47211" /><E126/><V57/><F26/><W134/><G8/><T105/><D105/><U1/><E1/><V24/><F24/><W7/><G7/><T73/><D115/><U125/><E125/><V82/><F33/><W71/><G116/><T30/><D73/><U100/><E100/><V130/><F130/><W106/><G71/><T46/><D13/><U58/><E108/><V93/><F93/><W53/><G53/><T101/><D110/><U76/><E76/><N who="0" m="29289" /><D61/><U123/><N who="1" m="47219" /><U118/><DORA hai="60" /><E118/><V20/><F20/><N who="3" m="15399" /><G31/><N who="0" m="11787" /><D27/><U17/><E17/><V40/><REACH who="2" step="1"/><F57/><REACH who="2" ten="250,330,240,170" step="2"/><N who="3" m="32991" /><G106/><T88/><D101/><U109/><E109/><V131/><F131/><W23/><G23/><T111/><D111/><U10/><E10/><V42/><F42/><W21/><G21/><T14/><D14/><U90/><E41/><V92/><F92/><N who="3" m="56479" /><G81/><T114/><D114/><U19/><E135/><AGARI ba="0,1" hai="64,65,132,134,135" m="56479,32991,15399" machi="135" ten="30,7700,0" yaku="20,1,52,3" doraHai="44,60" who="3" fromWho="1" sc="250,0,330,-77,240,0,170,87" /><INIT seed="2,0,0,2,5,60" ten="250,253,240,257" oya="2" hai0="5,92,91,85,66,2,31,49,88,65,52,67,45" hai1="12,13,93,48,76,14,38,53,27,68,24,51,70" hai2="124,117,57,126,54,102,105,21,120,26,107,97,73" hai3="87,1,72,128,55,133,129,69,36,116,127,23,81"/><V8/><F120/><W47/><G23/><T20/><D2/><U89/><E38/><V90/><F117/><W56/><G87/><N who="0" m="52255" /><D5/><U123/><E76/><V101/><F73/><W50/><G81/><N who="0" m="49583" /><D20/><U122/><E89/><V6/><F90/><W99/><G99/><T0/><D0/><U61/><E93/><V58/><F102/><W39/><G72/><T44/><D44/><U79/><E79/><V78/><F78/><W46/><G1/><T75/><D75/><U30/><E61/><V9/><F105/><W74/><G74/><T62/><D31/><U115/><E30/><V37/><F37/><N who="3" m="14411" /><G116/><T25/><D62/><U106/><E106/><V71/><F71/><W98/><G98/><T3/><D3/><U125/><E12/><V15/><F9/><W109/><G69/><T110/><D110/><U80/><E70/><V63/><REACH who="2" step="1"/><F58/><REACH who="2" ten="250,253,230,257" step="2"/><W35/><G56/><T114/><D114/><U121/><E68/><V119/><F119/><W59/><G59/><T100/><D100/><U22/><E122/><V113/><F113/><W34/><G109/><T4/><D4/><U135/><E115/><V104/><F104/><W95/><G95/><T33/><D33/><U83/><E123/><V32/><F32/><W134/><G34/><T28/><D28/><AGARI ba="0,1" hai="6,8,15,21,26,28,54,57,63,97,101,107,124,126" machi="28" ten="40,2000,0" yaku="1,1,53,0" doraHai="60" doraHaiUra="82" who="2" fromWho="0" sc="250,-20,253,0,230,30,257,0" /><INIT seed="2,1,0,5,3,103" ten="230,253,260,257" oya="2" hai0="127,12,113,70,43,18,120,7,128,25,11,75,41" hai1="80,115,33,9,129,64,110,102,20,118,98,96,63" hai2="59,52,105,88,116,57,37,53,5,72,77,61,87" hai3="23,47,122,83,50,21,26,46,32,95,86,6,38"/><V100/><F37/><W132/><G132/><T134/><D75/><U66/><E115/><V85/><F116/><W29/><G122/><T17/><D70/><U34/><E118/><V45/><F5/><W112/><G112/><T0/><D120/><U60/><E110/><V84/><F45/><W68/><G68/><T74/><D74/><U58/><E129/><V111/><F111/><W15/><G46/><T93/><D113/><U125/><E125/><V28/><F28/><W44/><G44/><T99/><D127/><U22/><E80/><V69/><F69/><W24/><G95/><T104/><D128/><U49/><E9/><V2/><F2/><W67/><G67/><T8/><D134/><U78/><E78/><V107/><F100/><W131/><G131/><T73/><D73/><U4/><E4/><V114/><F114/><W55/><G38/><T79/><D79/><U81/><E81/><V91/><F72/><W124/><G124/><T94/><D94/><U56/><E49/><V10/><F10/><N who="3" m="4567" /><G32/><T36/><D36/><U101/><AGARI ba="1,0" hai="20,22,33,34,56,58,60,63,64,66,96,98,101,102" machi="101" ten="25,3200,0" yaku="0,1,22,2" doraHai="103" who="1" fromWho="1" sc="230,-9,253,35,260,-17,257,-9" /><INIT seed="3,0,0,1,2,32" ten="221,288,243,248" oya="3" hai0="100,76,101,21,54,78,124,29,62,8,15,14,60" hai1="63,81,133,68,36,44,25,98,10,55,43,91,126" hai2="110,5,94,31,112,17,30,83,48,20,27,70,85" hai3="28,46,56,42,64,104,71,135,61,3,134,90,128"/><W41/><G104/><T0/><D124/><U35/><E126/><V80/><F70/><W24/><G90/><T49/><D29/><U22/><E35/><V118/><F118/><W13/><G13/><T96/><D96/><U2/><E133/><N who="3" m="50698" /><G128/><T51/><D21/><U53/><E68/><V65/><F112/><W87/><G87/><T18/><D54/><U122/><E63/><V89/><F110/><W57/><G3/><T113/><D8/><U88/><E122/><V97/><F5/><W52/><G24/><T120/><D18/><U82/><E91/><V99/><F99/><W1/><G1/><T38/><D38/><U119/><E119/><V47/><F65/><W132/><G28/><T34/><D34/><U59/><E82/><V106/><F106/><W84/><G84/><T117/><D117/><U4/><E81/><V129/><F83/><W73/><G73/><T75/><D0/><U95/><E59/><N who="3" m="22602" /><G132/><T131/><D75/><U123/><E123/><V79/><REACH who="2" step="1"/><F129/><REACH who="2" ten="221,288,233,248" step="2"/><W23/><G23/><T108/><D120/><U6/><E6/><V58/><F58/><W67/><G67/><T74/><D131/><U40/><E98/><V86/><F86/><W11/><G11/><T16/><D74/><U105/><E10/><V9/><F9/><W92/><G92/><T69/><D113/><U114/><E95/><V93/><F93/><W127/><G127/><T111/><D16/><U33/><E105/><V39/><F39/><W121/><G121/><T45/><D69/><U102/><E36/><V66/><F66/><W109/><G109/><T116/><D116/><RYUUKYOKU ba="0,1" sc="221,10,288,-30,233,10,248,10" hai0="14,15,45,49,51,60,62,76,78,100,101,108,111" hai2="17,20,27,30,31,47,48,79,80,85,89,94,97" hai3="41,42,46,52,61,64,71" /><INIT seed="3,1,1,2,2,60" ten="231,258,243,258" oya="3" hai0="47,88,131,124,28,70,115,16,61,29,52,13,74" hai1="135,54,76,92,101,63,17,96,10,20,113,11,43" hai2="6,132,133,108,4,41,121,67,75,0,18,116,83" hai3="31,129,79,59,5,34,114,19,37,95,24,98,55"/><W40/><G114/><T21/><D74/><U111/><E113/><V49/><F116/><W39/><G40/><T118/><D115/><U122/><E122/><V102/><F121/><W109/><G5/><T64/><D118/><U94/><E111/><V126/><F108/><W8/><G109/><T9/><D124/><U77/><E43/><V58/><F0/><W46/><G46/><T104/><D104/><U72/><E135/><N who="2" m="51787" /><F102/><W105/><G79/><T25/><D131/><U32/><E32/><V38/><F38/><W78/><G78/><T68/><D68/><U26/><E72/><V125/><F83/><W99/><G99/><T22/><D88/><U12/><E92/><V62/><F75/><W27/><G105/><T89/><D89/><U90/><E101/><V14/><F49/><W15/><G27/><T33/><REACH who="0" step="1"/><D29/><REACH who="0" ten="221,258,243,258" step="2"/><U71/><E71/><V117/><F117/><W3/><G129/><T103/><D103/><U81/><E81/><V110/><F110/><W127/><G127/><N who="2" m="48649" /><F41/><W53/><G95/><T128/><D128/><U45/><E77/><V82/><F82/><W42/><G42/><T57/><D57/><U1/><E76/><V66/><F6/><N who="3" m="1119" /><G59/><T107/><D107/><U65/><E90/><V50/><F4/><W36/><G98/><T120/><D120/><U93/><E96/><V84/><F84/><W91/><G91/><T119/><D119/><U106/><E106/><V30/><F58/><W2/><G2/><T7/><D7/><N who="1" m="1391" /><E94/><V69/><F30/><W51/><G51/><AGARI ba="1,2" hai="9,13,16,21,22,25,28,33,47,51,52,61,64,70" machi="51" ten="40,8000,1" yaku="1,1,52,1,54,2,53,0" doraHai="60" doraHaiUra="97" who="0" fromWho="3" sc="221,103,258,0,243,0,258,-83" /><INIT seed="4,0,0,5,4,92" ten="324,258,243,175" oya="0" hai0="102,42,28,63,54,34,130,75,105,8,21,36,41" hai1="62,55,116,93,73,89,126,66,125,65,53,72,10" hai2="44,46,123,110,33,0,64,124,90,20,83,78,18" hai3="87,81,9,95,77,71,15,69,96,70,122,80,131"/><T57/><D130/><U47/><E10/><V99/><F110/><W103/><G131/><T6/><D75/><U50/><E55/><V40/><F33/><W30/><G30/><T85/><D34/><U19/><E19/><V111/><F111/><W100/><G100/><T56/><BYE who="3" /><D36/><U74/><E116/><V97/><F124/><N who="1" m="47721" /><E62/><V4/><F123/><W113/><G113/><T39/><D39/><U119/><E119/><V121/><F64/><W59/><G59/><T11/><D11/><UN n3="%E7%A7%81%E3%81%AF%E3%81%8C%E3%81%A1%E3%81%BB%E3%82%82" /><U109/><E109/><V22/><F22/><W101/><G101/><T104/><D56/><U68/><E68/><V88/><F4/><W26/><G26/><T31/><D31/><U48/><E48/><N who="2" m="26631" /><F46/><W58/><G58/><T32/><D32/><U35/><E35/><V1/><F1/><W29/><G29/><T13/><D105/><U108/><E108/><V3/><F3/><W52/><G52/><T128/><D128/><U14/><E14/><N who="2" m="9303" /><F0/><W25/><G25/><T5/><D5/><U132/><E132/><V82/><F78/><W98/><G122/><T43/><D21/><U61/><E61/><V127/><F121/><W133/><G133/><T17/><D28/><U86/><AGARI ba="0,0" hai="47,50,53,65,66,72,73,74,86,89,93" m="47721" machi="86" ten="40,1500,0" yaku="18,1" doraHai="92" who="1" fromWho="1" sc="324,-7,258,15,243,-4,175,-4" /><INIT seed="5,0,0,2,1,106" ten="317,273,239,171" oya="1" hai0="19,23,14,48,131,40,29,129,96,116,108,22,70" hai1="15,10,124,69,54,117,66,77,103,89,105,92,35" hai2="135,91,75,97,84,3,1,99,37,102,98,111,63" hai3="45,41,104,28,72,107,110,44,121,39,122,38,90"/><U46/><E117/><V134/><F37/><W80/><G28/><T65/><D116/><U13/><E35/><V68/><F111/><W24/><G24/><N who="0" m="16543" /><D108/><U76/><E105/><N who="3" m="40522" /><G90/><T113/><D113/><U71/><E103/><V120/><F120/><W16/><G16/><T100/><D65/><U73/><E124/><V132/><F102/><W112/><G110/><T8/><D70/><U83/><E77/><V7/><F63/><W27/><G27/><T127/><D127/><U11/><E66/><V50/><F50/><W78/><G112/><T86/><D86/><U18/><E54/><V74/><F68/><W47/><G47/><N who="0" m="25703" /><D22/><U114/><E46/><V17/><F17/><W88/><G88/><T25/><D25/><U33/><E33/><V115/><F115/><W94/><G94/><N who="0" m="58391" /><D131/><U31/><E31/><V82/><F7/><W34/><G34/><T9/><D129/><U4/><REACH who="1" step="1"/><E114/><REACH who="1" ten="317,263,239,171" step="2"/><V58/><REACH who="2" step="1"/><F58/><REACH who="2" ten="317,263,229,171" step="2"/><W67/><G67/><T119/><D119/><U126/><E126/><V55/><F55/><W109/><G109/><T95/><D19/><U87/><AGARI ba="0,2" hai="4,10,11,13,15,18,69,71,73,76,83,87,89,92" machi="87" ten="20,7800,0" yaku="1,1,0,1,7,1,52,1,53,0" doraHai="106" doraHaiUra="130" who="1" fromWho="1" sc="317,-26,263,98,229,-26,171,-26" /><INIT seed="5,1,0,0,5,28" ten="291,361,203,145" oya="1" hai0="90,33,70,86,47,55,74,133,61,103,63,13,68" hai1="67,95,16,48,109,18,31,24,87,105,14,80,96" hai2="79,40,107,85,75,77,112,82,19,29,32,42,41" hai3="0,1,10,115,72,59,119,26,15,106,50,30,92"/><U91/><E105/><V123/><F123/><W11/><G106/><T76/><D133/><U89/><E109/><V45/><F107/><W3/><G72/><T135/><D103/><U27/><E67/><V9/><F112/><W131/><G92/><T8/><D135/><U60/><E60/><V83/><F45/><W101/><G101/><T17/><D33/><U84/><E48/><V35/><F29/><W120/><G50/><N who="0" m="29151" /><D74/><U69/><E69/><N who="0" m="26729" /><D76/><U7/><E7/><V102/><F102/><W62/><G62/><T121/><D121/><U128/><E128/><V39/><F39/><W5/><G59/><T46/><D46/><U118/><E118/><V25/><F9/><N who="3" m="4527" /><G120/><T54/><D54/><U43/><E18/><V98/><REACH who="2" step="1"/><F98/><REACH who="2" ten="291,361,193,145" step="2"/><W36/><G36/><T113/><D113/><U127/><E96/><V34/><F34/><N who="3" m="20823" /><G115/><T81/><AGARI ba="1,1" hai="8,13,17,61,63,81,86,90" m="26729,29151" machi="81" ten="30,1100,0" yaku="25,1" doraHai="28" who="0" fromWho="0" sc="291,24,361,-6,193,-4,145,-4" /><INIT seed="6,0,0,0,5,75" ten="315,355,189,141" oya="2" hai0="87,132,15,50,11,133,100,26,113,52,35,9,36" hai1="106,131,110,86,96,40,18,94,19,59,102,115,44" hai2="58,76,121,85,60,109,124,118,46,34,130,37,25" hai3="95,129,125,135,116,63,54,43,33,8,20,2,47"/><V89/><F118/><W81/><G33/><T79/><D36/><U72/><E110/><V99/><F121/><W65/><G116/><T61/><D100/><U30/><E72/><V7/><F130/><W78/><G129/><T122/><D122/><U29/><E131/><V101/><F124/><W4/><G125/><T38/><D38/><U134/><E106/><V22/><F7/><W51/><G135/><N who="0" m="51787" /><D113/><U53/><E115/><V103/><F34/><W111/><G111/><T45/><D61/><U12/><E19/><V14/><F14/><W28/><G95/><T104/><D104/><U39/><E86/><V71/><F71/><W6/><G6/><T74/><D74/><U48/><E134/><V56/><F56/><W0/><G0/><T3/><D3/><U23/><AGARI ba="0,0" hai="12,18,23,29,30,39,40,44,48,53,59,94,96,102" machi="23" ten="20,1500,0" yaku="0,1,7,1" doraHai="75" who="1" fromWho="1" sc="315,-4,355,15,189,-7,141,-4" /><INIT seed="7,0,0,1,4,93" ten="311,370,182,137" oya="3" hai0="108,84,99,72,56,123,44,21,43,90,109,97,129" hai1="2,112,82,86,40,16,27,88,101,73,135,7,47" hai2="67,118,87,69,132,36,20,133,128,14,13,98,61" hai3="125,65,35,31,9,26,80,106,110,134,131,30,83"/><W34/><G65/><T120/><D21/><U94/><E2/><V39/><F118/><W12/><G106/><T96/><D72/><U57/><E7/><V77/><F128/><W25/><G131/><T74/><D74/><U28/><E16/><N who="2" m="10255" /><F98/><N who="0" m="37994" /><D56/><U33/><E101/><V126/><F14/><W107/><G107/><T15/><D15/><U4/><E4/><V23/><F23/><W95/><G95/><N who="0" m="56823" /><D44/><U8/><E8/><V46/><F46/><W70/><G70/><T103/><D43/><U10/><E10/><V52/><F52/><W60/><G60/><T11/><D11/><U42/><E57/><V117/><F126/><W76/><G125/><T68/><D68/><U111/><E47/><V37/><F37/><W51/><G51/><T18/><D18/><U124/><E42/><V49/><F49/><W50/><G50/><T71/><D71/><U32/><E40/><V17/><F17/><N who="3" m="8335" /><G110/><N who="0" m="42603" /><D129/><U78/><E111/><V54/><F39/><W41/><G41/><T91/><D103/><U22/><E124/><V116/><F36/><W59/><G59/><T130/><D130/><U92/><E73/><V55/><F116/><W102/><G102/><T29/><D29/><U79/><E94/><AGARI ba="0,0" hai="84,91,94,120,123" m="42603,56823,37994" machi="94" ten="30,12000,2" yaku="34,2,52,4" doraHai="93" who="0" fromWho="1" sc="311,120,370,-120,182,0,137,0" owari="431,53.0,250,5.0,182,-22.0,137,-36.0" /></mjloggm>