<mjloggm ver="2.3"><GO type="169" lobby="0"/><UN n0="%67%61%6D%6F%33" n1="%65%67%69%73%68%6F%32" n2="%E9%A2%A8%E8%BB%8A" n3="%E5%B0%B1%E6%B4%BB%E7%94%9F%40%E5%B7%9D%E6%9D%91%E8%BB%8D%E5%9B%A3" dan="17,17,17,17" rate="2204.75,2190.80,2103.81,2223.86" sx="M,M,M,M"/><TAIKYOKU oya="0"/><INIT seed="0,0,0,0,0,114" ten="250,250,250,250" oya="0" hai0="47,46,70,7,100,91,49,127,6,118,106,21,87" hai1="71,55,129,108,95,112,119,122,10,14,78,16,76" hai2="26,72,30,48,2,11,51,93,85,58,121,120,97" hai3="8,32,66,117,41,20,52,64,90,31,94,65,134"/><T104/><D70/><U4/><E71/><V40/><F72/><W25/><G134/><T99/><D127/><U68/><E68/><V103/><F85/><W59/><G41/><T24/><D104/><U132/><E112/><V0/><F0/><W9/><G32/><T34/><D34/><U111/><E122/><V131/><F131/><W74/><G74/><T60/><D60/><U124/><E124/><V126/><F126/><W19/><G31/><T37/><D37/><U53/><E132/><V50/><F40/><W56/><G56/><T110/><D110/><N who="1" m="42027" /><E129/><V3/><F3/><W79/><G79/><N who="1" m="30250" /><E119/><V43/><F43/><W28/><G28/><T35/><D35/><U17/><E95/><V18/><F58/><W89/><G117/><T29/><D118/><U101/><E101/><V75/><F75/><W69/><G69/><T130/><D130/><U1/><E17/><V62/><F62/><N who="3" m="36199" /><G89/><T67/><D67/><N who="3" m="17153" /><W92/><DORA hai="80" /><G92/><T107/><D107/><U39/><E39/><V44/><F93/><W57/><G57/><T128/><D128/><U45/><E45/><V115/><F44/><W105/><G105/><T54/><REACH who="0" step="1"/><D47/><REACH who="0" ten="240,250,250,250" step="2"/><U61/><E61/><V98/><F115/><W133/><G133/><T13/><D13/><U113/><E113/><V86/><F121/><W135/><G135/><T36/><D36/><U82/><E1/><V33/><F2/><W125/><G125/><T96/><D96/><AGARI ba="0,1" hai="8,9,19,20,25,90,94,96" m="17153,36199" machi="96" ten="30,3900,0" yaku="25,1,8,1,54,1" doraHai="114,80" who="3" fromWho="0" sc="240,-39,250,0,250,0,250,49" /><INIT seed="1,0,0,4,3,67" ten="201,250,250,299" oya="1" hai0="38,100,93,47,121,116,12,6,43,20,14,45,56" hai1="110,49,35,89,86,114,111,31,109,26,112,69,2" hai2="130,39,9,92,127,51,5,10,97,95,52,62,135" hai3="84,117,36,19,124,1,8,75,107,72,123,105,119"/><U85/><E2/><V29/><F39/><W37/><G123/><T88/><D116/><N who="3" m="44617" /><G124/><T23/><D121/><U34/><E35/><V101/><F127/><W77/><G19/><T3/><D100/><U41/><E86/><V132/><F130/><W11/><G84/><T73/><D73/><N who="3" m="28233" /><G1/><T122/><D122/><U90/><E90/><V18/><F29/><W134/><G77/><T32/><D32/><U15/><E15/><V30/><F30/><W65/><G65/><T120/><D45/><N who="1" m="25775" /><E69/><V33/><F33/><W57/><G57/><T25/><D3/><U50/><E50/><V21/><F95/><AGARI ba="0,0" hai="26,31,34,85,89,95,109,110,111,112,114" m="25775" machi="95" ten="30,2900,0" yaku="14,1,10,1" doraHai="67" who="1" fromWho="2" sc="201,0,250,29,250,-29,299,0" /><INIT seed="1,1,0,1,2,90" ten="201,279,221,299" oya="1" hai0="24,68,78,67,84,12,52,72,64,130,123,127,61" hai1="62,71,57,135,117,21,53,35,7,81,113,132,108" hai2="55,36,38,2,14,75,128,10,42,40,18,129,122" hai3="77,29,93,27,80,44,19,60,31,25,63,58,16"/><U13/><E35/><V91/><F122/><W102/><G44/><T17/><D72/><U125/><E113/><V83/><F2/><W54/><G63/><T96/><D123/><U106/><E106/><V22/><F55/><W47/><G47/><T33/><D127/><U51/><E117/><V107/><F107/><W87/><G27/><T118/><D118/><U121/><E121/><V114/><F114/><W110/><G110/><T134/><D134/><N who="1" m="51243" /><E125/><V95/><F10/><W8/><G8/><T34/><D67/><N who="1" m="41463" /><E108/><V73/><F40/><W48/><G48/><T65/><D65/><U86/><E7/><V85/><F42/><W20/><G31/><T88/><D78/><U126/><E126/><V43/><F43/><W124/><G124/><T111/><D111/><U28/><E28/><V6/><F6/><W103/><G103/><T45/><D34/><U100/><E100/><V94/><F75/><W32/><G32/><T56/><D33/><U4/><E4/><V69/><F69/><W131/><G131/><N who="2" m="50249" /><F73/><W49/><G49/><N who="0" m="28719" /><D68/><U3/><E3/><V0/><F0/><W115/><G115/><T76/><D130/><U37/><E37/><AGARI ba="1,0" hai="14,18,22,36,37,38,83,85,91,94,95" m="50249" machi="37" ten="30,3900,0" yaku="19,1,52,2" doraHai="90" who="2" fromWho="1" sc="201,0,279,-42,221,42,299,0" /><INIT seed="2,0,0,3,5,45" ten="201,237,263,299" oya="2" hai0="0,69,128,48,83,74,61,107,88,10,64,97,101" hai1="11,46,27,121,98,112,87,65,79,103,111,135,35" hai2="3,106,85,109,122,8,51,9,53,92,91,6,54" hai3="117,75,119,104,95,71,80,78,105,129,30,47,60"/><V133/><F122/><W57/><G71/><T29/><D128/><U1/><E65/><V16/><F106/><W15/><G129/><T31/><D0/><U114/><E121/><V13/><F133/><W90/><G30/><T56/><D10/><U76/><E135/><V58/><F109/><W22/><G104/><T2/><D2/><U84/><E111/><V66/><F66/><W50/><G105/><T32/><D32/><U7/><E35/><V42/><F42/><W132/><G22/><T21/><D21/><U40/><E27/><V130/><F130/><W94/><G15/><T124/><D124/><U14/><E1/><V134/><F134/><W33/><G33/><T100/><D100/><U59/><E59/><V63/><REACH who="2" step="1"/><F54/><REACH who="2" ten="201,237,253,299" step="2"/><W67/><G132/><T41/><D41/><U20/><E40/><V93/><F93/><W18/><G95/><T116/><D107/><U25/><E112/><V43/><F43/><W70/><G70/><T113/><D113/><U73/><E114/><V34/><F34/><W125/><G125/><T49/><D69/><U68/><E68/><V62/><AGARI ba="0,1" hai="3,6,8,9,13,16,51,53,58,62,63,85,91,92" machi="62" ten="30,11700,0" yaku="1,1,0,1,52,1,54,1,53,0" doraHai="45" doraHaiUra="127" who="2" fromWho="2" sc="201,-39,237,-39,253,127,299,-39" /><INIT seed="2,1,0,2,0,130" ten="162,198,380,260" oya="2" hai0="51,134,56,113,89,87,0,4,62,17,7,92,48" hai1="74,104,126,1,91,132,39,52,64,96,11,20,82" hai2="98,63,31,115,58,16,73,70,18,79,45,83,34" hai3="12,109,65,68,6,106,46,122,123,124,40,2,27"/><V55/><F115/><W67/><G109/><T77/><D113/><U24/><E39/><V9/><F70/><W76/><G124/><T14/><D77/><U129/><E64/><V42/><F31/><W95/><G106/><T37/><D37/><U57/><E126/><V35/><F35/><W49/><G2/><T97/><D97/><U36/><E36/><V25/><F34/><W19/><G76/><T112/><D112/><U72/><E129/><V75/><F75/><W78/><G78/><T47/><D0/><U44/><E44/><V105/><F25/><W93/><G68/><T53/><D134/><U119/><E132/><V128/><F128/><W107/><G107/><T127/><D127/><U26/><E26/><V100/><REACH who="2" step="1"/><F9/><REACH who="2" ten="162,198,370,260" step="2"/><W133/><G133/><T120/><D120/><U131/><E131/><V13/><F13/><W116/><G123/><T29/><D29/><U28/><E11/><V41/><F41/><W21/><G122/><T50/><D47/><U84/><E1/><V32/><F32/><W101/><G116/><T117/><D117/><U86/><E119/><V111/><F111/><W54/><G40/><T10/><AGARI ba="1,1" hai="4,7,10,14,17,48,50,51,53,56,62,87,89,92" machi="10" ten="30,2000,0" yaku="0,1,8,1" doraHai="130" who="0" fromWho="0" sc="162,33,198,-6,370,-11,260,-6" /><INIT seed="3,0,0,5,3,98" ten="195,192,359,254" oya="3" hai0="47,45,135,59,72,101,3,83,65,56,119,130,78" hai1="10,7,113,68,66,102,92,84,49,4,64,79,63" hai2="95,134,8,100,104,2,11,62,29,22,85,129,52" hai3="121,24,53,90,88,74,111,26,20,123,103,21,124"/><W1/><G74/><T109/><D119/><U17/><E113/><V81/><F104/><W27/><G1/><T128/><D3/><U50/><E66/><V57/><F129/><N who="0" m="49770" /><D109/><U93/><E17/><V48/><F134/><W61/><G124/><T37/><D135/><U40/><E7/><V55/><F2/><W112/><G112/><T114/><D114/><U12/><E50/><V127/><F127/><W58/><G111/><T82/><D82/><U13/><E13/><V60/><F60/><W125/><G125/><T42/><D65/><U99/><E79/><N who="2" m="46271" /><F29/><W28/><G26/><T32/><D47/><U131/><E131/><V89/><F22/><W19/><REACH who="3" step="1"/><G103/><REACH who="3" ten="195,192,359,244" step="2"/><T86/><D72/><U132/><E132/><V69/><F100/><W71/><G71/><T97/><D32/><U14/><E14/><V25/><F25/><W96/><G96/><T80/><D80/><U70/><E68/><V87/><F69/><W122/><AGARI ba="0,1" hai="19,20,21,24,27,28,53,58,61,88,90,121,122,123" machi="122" ten="30,6000,0" yaku="1,1,0,1,54,1,53,0" doraHai="98" doraHaiUra="105" who="3" fromWho="3" sc="195,-20,192,-20,359,-20,244,70" /><INIT seed="3,1,0,3,1,129" ten="175,172,339,314" oya="3" hai0="0,130,64,69,123,134,117,44,31,41,3,88,23" hai1="75,98,87,26,16,74,29,40,1,33,114,73,21" hai2="115,112,68,78,132,109,99,126,135,76,121,127,15" hai3="95,45,51,34,96,14,24,42,84,32,119,90,67"/><W71/><G119/><T81/><D123/><U10/><E114/><N who="2" m="43563" /><F68/><W50/><G71/><T92/><D117/><U108/><E40/><V133/><F121/><W35/><G67/><T37/><D130/><U104/><E108/><V53/><F109/><W111/><G111/><T91/><D81/><U103/><E87/><V47/><F15/><W12/><G24/><T46/><D46/><U57/><E57/><V70/><F70/><W106/><G106/><T8/><D8/><U54/><E54/><V5/><F5/><W9/><G14/><T25/><D91/><U89/><E89/><V13/><F13/><W128/><G128/><T79/><D79/><N who="2" m="30250" /><F99/><W107/><G107/><T55/><D55/><U124/><E1/><V131/><F131/><W110/><G110/><T66/><D66/><U83/><E10/><V61/><F61/><W62/><G62/><T116/><D116/><U49/><E49/><AGARI ba="1,0" hai="47,49,53,126,127,132,133,135" m="30250,43563" machi="49" ten="40,8000,1" yaku="20,1,52,3" doraHai="129" who="2" fromWho="1" sc="175,0,172,-83,339,83,314,0" /><INIT seed="4,0,0,1,5,100" ten="175,89,422,314" oya="0" hai0="130,114,16,76,23,3,6,131,20,99,105,119,92" hai1="18,94,52,37,34,36,11,103,35,46,64,54,67" hai2="53,0,96,98,93,86,39,116,74,62,58,106,84" hai3="108,117,66,68,83,26,40,43,27,91,89,49,80"/><T126/><D119/><U61/><E67/><V47/><F74/><W21/><G117/><T69/><D69/><U87/><E35/><V135/><F116/><W30/><G108/><T15/><D114/><U120/><E34/><V48/><F0/><W1/><G1/><T33/><D33/><U72/><E72/><V8/><F135/><W32/><G68/><T125/><D76/><U38/><E120/><V109/><F109/><W124/><G124/><N who="0" m="47723" /><D23/><U51/><E54/><V59/><F39/><W60/><G66/><T71/><D71/><U75/><E75/><V31/><F31/><W128/><G60/><T12/><D105/><U57/><E103/><V42/><F106/><W65/><G65/><T102/><D3/><U78/><E78/><V45/><F45/><W104/><G104/><T77/><D77/><U17/><REACH who="1" step="1"/><E11/><AGARI ba="0,0" hai="6,11,12,15,16,20,92,99,102,130,131" m="47723" machi="11" ten="30,2900,0" yaku="18,1,54,1" doraHai="100" who="0" fromWho="1" sc="175,29,89,-29,422,0,314,0" /><INIT seed="4,1,0,5,3,65" ten="204,60,422,314" oya="0" hai0="70,85,68,29,87,37,10,78,11,48,86,36,9" hai1="60,17,90,24,64,122,71,44,134,100,110,80,7" hai2="116,2,58,3,94,84,103,119,47,96,40,93,56" hai3="97,130,25,112,19,105,28,35,5,26,18,73,118"/><T91/><D29/><U4/><E122/><V22/><F22/><W109/><G73/><T98/><D48/><U74/><E110/><V14/><F14/><W81/><G109/><T102/><D91/><U133/><E100/><V111/><F111/><W99/><G118/><N who="2" m="45097" /><F93/><W123/><G123/><T127/><D78/><U124/><E124/><V45/><F84/><W55/><G130/><T69/><REACH who="0" step="1"/><D127/><REACH who="0" ten="194,60,422,314" step="2"/><U107/><E134/><V76/><F76/><W16/><G112/><T66/><D66/><U49/><E133/><V12/><F103/><W67/><G67/><T120/><D120/><U63/><E90/><V46/><F40/><W39/><G39/><T33/><D33/><U52/><E63/><V83/><F45/><W135/><G135/><T30/><D30/><U101/><E101/><V113/><F46/><W108/><G108/><T57/><D57/><U128/><E128/><V15/><F47/><W53/><G28/><T51/><D51/><U23/><REACH who="1" step="1"/><E107/><AGARI ba="1,1" hai="9,10,11,36,37,68,69,70,85,86,87,98,102,107" machi="107" ten="50,18000,2" yaku="1,1,29,2,52,3,53,0" doraHai="65" doraHaiUra="43" who="0" fromWho="1" sc="194,193,60,-183,422,0,314,0" owari="387,19.0,-123,-62.0,422,52.0,314,-9.0" /></mjloggm>