<mjloggm ver="2.3"><GO type="225" lobby="0"/><UN n0="%63%68%75%75%79%61%61%61" n1="%E8%B6%B3%E3%81%AE%E8%B8%8F%E3%81%BF%E5%A0%B4%E3%82%82%E3%81%AA%E3%81%84" n2="%E3%82%A6%E3%83%AB%E3%83%88%E3%83%A9%E7%AB%8B%E7%9B%B4" n3="%E6%9D%8E%E8%B3%80" dan="17,17,17,16" rate="2192.41,2210.56,2155.72,2099.63" sx="M,M,M,M"/><TAIKYOKU oya="0"/><INIT seed="0,0,0,2,1,25" ten="250,250,250,250" oya="0" hai0="107,80,56,21,77,52,128,73,68,117,76,10,5" hai1="113,115,91,87,88,129,11,103,49,55,90,46,83" hai2="3,81,42,64,131,15,94,99,118,39,48,0,16" hai3="86,40,89,84,104,114,79,97,24,124,75,85,71"/><T38/><D117/><U67/><E129/><V4/><F39/><W19/><G71/><T98/><D68/><U110/><E110/><V34/><F34/><W41/><G114/><N who="1" m="43530" /><E67/><V12/><F64/><W18/><G124/><T130/><D38/><U28/><E103/><V2/><F131/><N who="0" m="50218" /><D76/><N who="1" m="46567" /><E11/><V133/><F133/><W23/><G79/><T51/><D21/><U29/><AGARI ba="0,0" hai="28,29,46,49,55,88,90,91" m="46567,43530" machi="29" ten="40,8000,1" yaku="11,1,52,2,54,1" doraHai="25" who="1" fromWho="1" sc="250,-40,250,80,250,-20,250,-20" /><INIT seed="1,0,0,0,0,69" ten="210,330,230,230" oya="1" hai0="40,82,77,59,102,7,78,25,64,106,62,122,111" hai1="109,58,55,134,32,92,8,4,70,95,56,38,98" hai2="49,63,108,93,34,54,114,16,131,57,17,45,41" hai3="10,104,88,86,97,35,129,130,71,76,18,48,36"/><U30/><E70/><V1/><F108/><W26/><G71/><T52/><D111/><U65/><E109/><V113/><F34/><W22/><G35/><T119/><D119/><U50/><E38/><V66/><F1/><W68/><G68/><T101/><D122/><U72/><E72/><V132/><F131/><N who="3" m="50187" /><G76/><T105/><D40/><U60/><E134/><V23/><F132/><W31/><G48/><T11/><D25/><U90/><E95/><V120/><F120/><W9/><G18/><T115/><D115/><N who="2" m="44042" /><F93/><N who="3" m="54423" /><G36/><T29/><D29/><U47/><E32/><V89/><F89/><W117/><G117/><T83/><D64/><U91/><E30/><V128/><F128/><W37/><G37/><T85/><D106/><U44/><REACH who="1" step="1"/><E91/><REACH who="1" ten="210,320,230,230" step="2"/><V99/><F99/><W33/><G33/><T123/><D123/><U6/><E6/><V112/><F112/><W103/><AGARI ba="0,1" hai="9,10,22,26,31,97,103,104" m="54423,50187" machi="103" ten="30,2000,0" yaku="19,1,54,1" doraHai="69" who="3" fromWho="3" sc="210,-5,320,-10,230,-5,230,30" /><INIT seed="2,0,0,3,1,71" ten="205,310,225,260" oya="2" hai0="50,85,112,11,40,37,113,26,72,25,67,4,62" hai1="5,89,41,23,106,29,33,98,12,6,2,24,111" hai2="88,69,45,104,108,39,122,9,107,103,0,10,53" hai3="110,75,55,60,42,124,8,20,87,90,97,48,99"/><V52/><F69/><W13/><G75/><T132/><D72/><U54/><E111/><V3/><F103/><W84/><G110/><T22/><D132/><U109/><E109/><V30/><F108/><W77/><G20/><T74/><D50/><U102/><E41/><V61/><F30/><W16/><G124/><T64/><D64/><U130/><E130/><V134/><F88/><W91/><G60/><T114/><D74/><U117/><E117/><V92/><F92/><N who="3" m="54367" /><G77/><T44/><D85/><U65/><E65/><V17/><F17/><W133/><G42/><T115/><D22/><U78/><E78/><V121/><F61/><W46/><G133/><T38/><D38/><U73/><E73/><V59/><F134/><W131/><G131/><T93/><D93/><AGARI ba="0,0" hai="8,13,16,46,48,55,84,91,93,97,99" m="54367" machi="93" ten="30,2000,0" yaku="8,1,54,1" doraHai="71" who="3" fromWho="0" sc="205,-20,310,0,225,0,260,20" /><INIT seed="3,0,0,5,0,71" ten="185,310,225,280" oya="3" hai0="96,47,37,29,50,63,92,86,95,94,109,110,54" hai1="34,49,25,85,79,130,13,89,100,76,40,46,83" hai2="38,21,15,16,7,0,8,74,135,48,20,9,131" hai3="27,65,102,134,18,31,88,111,117,126,10,90,118"/><W82/><G126/><T78/><D29/><U42/><E130/><V73/><F38/><W122/><G122/><T98/><D63/><U69/><E69/><V97/><F131/><W68/><G102/><T116/><D116/><U62/><E62/><V127/><F127/><W91/><G82/><T119/><D119/><U75/><E100/><V101/><F135/><W32/><G134/><T93/><N who="0" m="23552" /><DORA hai="57" /><T12/><D12/><U113/><E113/><V106/><F48/><W36/><G36/><T124/><D124/><U2/><E2/><V44/><F44/><W129/><G129/><T125/><D125/><U17/><E42/><V87/><REACH who="2" step="1"/><F87/><REACH who="2" ten="185,310,215,280" step="2"/><W108/><G117/><T120/><D120/><U22/><E49/><V1/><F1/><W43/><G118/><T99/><REACH who="0" step="1"/><D37/><REACH who="0" ten="175,310,215,280" step="2"/><U115/><E115/><V59/><F59/><W23/><G68/><T51/><D51/><U84/><E46/><V70/><F70/><W39/><G39/><T112/><D112/><U121/><E121/><V52/><F52/><W24/><G43/><T60/><D60/><U11/><E40/><V4/><F4/><W72/><G108/><T35/><D35/><U123/><E123/><V133/><F133/><W128/><G111/><T19/><D19/><U66/><E34/><V105/><F105/><W45/><G32/><T14/><D14/><U80/><E17/><V104/><F104/><W103/><G18/><T53/><D53/><U28/><E13/><V114/><F114/><W26/><G128/><T3/><D3/><U33/><E33/><V56/><F56/><W30/><G30/><RYUUKYOKU ba="0,2" sc="175,15,310,-15,215,15,280,-15" hai0="47,50,54,78,86,96,98,99,109,110" hai2="0,7,8,9,15,16,20,21,73,74,97,101,106" /><INIT seed="4,1,2,4,4,117" ten="190,295,230,265" oya="0" hai0="45,14,129,26,47,72,83,124,19,127,21,93,118" hai1="82,121,61,126,11,77,74,109,90,79,81,106,17" hai2="7,43,87,10,65,91,92,22,98,15,49,107,31" hai3="28,54,101,56,63,25,102,67,60,131,86,12,52"/><T57/><D118/><U132/><E121/><V38/><F38/><W105/><G131/><T108/><D129/><U27/><E109/><V9/><F65/><W69/><G86/><T62/><D108/><U66/><E106/><V112/><F112/><W68/><G68/><T94/><D72/><U134/><E90/><V48/><F107/><W40/><G40/><T0/><D0/><U23/><E11/><N who="2" m="4607" /><F98/><N who="3" m="61623" /><G12/><T50/><D83/><U71/><E126/><N who="0" m="48169" /><D14/><U39/><E39/><V103/><F103/><W125/><G125/><T53/><D47/><U128/><E128/><V58/><F58/><W120/><G120/><T80/><D80/><U55/><E55/><AGARI ba="1,2" hai="19,21,26,45,50,53,55,57,62,93,94" m="48169" machi="55" ten="30,1500,0" yaku="18,1" doraHai="117" who="0" fromWho="1" sc="190,38,295,-18,230,0,265,0" /><INIT seed="4,2,0,5,2,29" ten="228,277,230,265" oya="0" hai0="88,130,30,98,9,78,59,45,19,102,53,33,49" hai1="58,119,20,2,71,100,41,68,108,72,40,32,74" hai2="23,87,18,81,134,55,0,133,80,114,54,57,8" hai3="106,116,12,132,21,28,34,93,3,27,24,92,126"/><T107/><D130/><U83/><E119/><V11/><F114/><W115/><G106/><T35/><D78/><U85/><E108/><V73/><F73/><W44/><G115/><T122/><D122/><U52/><E32/><V77/><F81/><W89/><G116/><T103/><D103/><U76/><E2/><V62/><F55/><W109/><G3/><T26/><D88/><U36/><E100/><V56/><F56/><W1/><G1/><T38/><D35/><U118/><E118/><V82/><F82/><W113/><G113/><T66/><D38/><U65/><E65/><V129/><F129/><W5/><G126/><T124/><D124/><U22/><E36/><V43/><F43/><N who="1" m="16457" /><E71/><V48/><F62/><W7/><G34/><T95/><D66/><U61/><E68/><V97/><F0/><W47/><G27/><T69/><D69/><U105/><E105/><V104/><F104/><W15/><G93/><T51/><D107/><U123/><E123/><V75/><F75/><W70/><G70/><T135/><D135/><N who="2" m="51722" /><F97/><N who="3" m="57487" /><G132/><T112/><D112/><U79/><E74/><V125/><F125/><W99/><G99/><T17/><REACH who="0" step="1"/><D9/><REACH who="0" ten="218,277,230,265" step="2"/><U6/><E79/><V86/><F86/><W110/><G110/><T128/><D128/><U101/><E72/><V91/><F77/><W64/><G109/><T16/><D16/><U131/><E131/><V67/><F67/><W94/><G64/><T10/><D10/><U31/><E101/><V60/><F60/><W120/><G120/><T121/><D121/><U111/><E111/><V96/><F96/><W14/><G94/><RYUUKYOKU ba="2,1" sc="218,10,277,-30,230,10,265,10" hai0="17,19,26,30,33,45,49,51,53,59,95,98,102" hai2="8,11,18,23,48,54,57,80,87,91" hai3="5,7,12,14,15,21,24,28,44,47" /><INIT seed="4,3,1,2,5,121" ten="228,247,240,275" oya="0" hai0="79,111,4,86,101,120,91,90,125,62,23,123,83" hai1="36,100,68,84,2,61,33,110,0,3,1,80,21" hai2="116,20,134,74,30,10,38,102,69,64,107,22,43" hai3="6,66,85,77,130,51,81,87,9,13,48,113,89"/><T73/><D4/><U92/><E110/><V52/><F74/><W5/><G113/><T54/><D23/><U53/><E33/><V126/><F10/><W40/><G130/><T114/><D114/><U46/><E3/><V56/><F30/><W59/><G40/><T32/><D32/><U99/><E36/><V135/><F126/><W115/><G115/><T71/><D125/><U104/><E21/><V49/><F116/><W94/><G6/><T97/><D54/><U60/><E104/><V58/><F58/><W105/><G105/><N who="0" m="63663" /><D62/><AGARI ba="3,1" hai="5,9,13,48,51,59,62,66,77,81,85,87,89,94" machi="62" ten="40,1300,0" yaku="8,1" doraHai="121" who="3" fromWho="0" sc="228,-22,247,0,240,0,275,32" owari="206,-29.0,247,5.0,240,-16.0,307,40.0" /></mjloggm>