<mjloggm ver="2.3"><GO type="169" lobby="0"/><UN n0="%E3%83%A9%E3%83%A0%E3%83%80%E3%81%95%E3%82%93" n1="%4B%69%72%63%68%65" n2="%E3%83%AD%E3%83%BC%E3%83%89%E3%82%AB%E3%83%8A%E3%83%AD%E3%82%A2" n3="%E5%B0%B1%E6%B4%BB%E7%94%9F%40%E5%B7%9D%E6%9D%91%E8%BB%8D%E5%9B%A3" dan="17,18,16,17" rate="2181.20,2314.16,2042.79,2181.47" sx="M,M,M,M"/><TAIKYOKU oya="0"/><INIT seed="0,0,0,2,5,11" ten="250,250,250,250" oya="0" hai0="24,34,90,30,65,114,94,40,95,38,1,93,54" hai1="111,58,92,85,123,77,89,43,20,82,35,108,134" hai2="48,130,88,44,0,97,55,37,41,120,122,63,28" hai3="66,106,36,135,19,124,22,116,79,68,87,86,31"/><T69/><D114/><U39/><E35/><V107/><F0/><W84/><G116/><T8/><D54/><U4/><E123/><V2/><F2/><W96/><G36/><T51/><D38/><U61/><E134/><V70/><F130/><W56/><G135/><T121/><D121/><U109/><E4/><V64/><F28/><W53/><G124/><T112/><D112/><U126/><E126/><V119/><F119/><W78/><G31/><T49/><D69/><U128/><E128/><V23/><F23/><W129/><G129/><T50/><D65/><U60/><E20/><V29/><F29/><W27/><G66/><T91/><REACH who="0" step="1"/><D40/><REACH who="0" ten="240,250,250,250" step="2"/><U52/><E43/><V10/><F122/><W25/><G68/><T104/><D104/><U5/><E39/><V115/><F120/><W117/><G117/><T3/><D3/><U110/><E110/><V102/><F115/><W14/><G106/><T16/><D16/><U73/><E5/><AGARI ba="0,1" hai="1,5,8,24,30,34,49,50,51,90,91,93,94,95" machi="5" ten="40,2000,0" yaku="1,1,53,0" doraHai="11" doraHaiUra="72" who="0" fromWho="1" sc="240,30,250,-20,250,0,250,0" /><INIT seed="0,1,0,0,3,112" ten="270,230,250,250" oya="0" hai0="82,2,43,61,56,6,129,109,14,93,48,41,90" hai1="65,62,102,131,107,59,27,30,50,124,78,128,33" hai2="34,70,7,60,26,73,119,21,10,125,19,12,54" hai3="52,47,122,94,132,106,5,13,4,71,83,38,32"/><T126/><D2/><U64/><E124/><V58/><F125/><W81/><G106/><T75/><D126/><U31/><E31/><V95/><F73/><W115/><G71/><T89/><D129/><N who="1" m="49739" /><E78/><V74/><F74/><W92/><G115/><T87/><D109/><U9/><E50/><V116/><F70/><W29/><G38/><T24/><D75/><U86/><E86/><V114/><F114/><W91/><G32/><T37/><D37/><U133/><E133/><V18/><F95/><W77/><G29/><T111/><D111/><U113/><E113/><V20/><REACH who="2" step="1"/><F34/><REACH who="2" ten="270,230,240,250" step="2"/><W22/><G94/><T134/><D93/><U84/><E107/><V127/><F127/><W39/><G132/><T44/><D134/><U25/><E33/><V1/><AGARI ba="1,1" hai="1,7,10,12,18,19,20,21,26,54,58,60,116,119" machi="1" ten="30,7900,0" yaku="1,1,0,1,52,2,53,0" doraHai="112" doraHaiUra="85" who="2" fromWho="2" sc="270,-40,230,-21,240,92,250,-21" /><INIT seed="1,0,0,0,1,98" ten="230,209,332,229" oya="1" hai0="35,82,37,31,57,74,26,63,125,71,34,101,130" hai1="54,131,13,50,8,87,135,97,27,5,64,112,95" hai2="32,105,72,55,92,56,70,118,29,90,38,36,23" hai3="115,102,25,46,100,7,61,3,66,134,39,51,86"/><U52/><E112/><V40/><F118/><W9/><G115/><T116/><D116/><U106/><E135/><V111/><F70/><W20/><G134/><T28/><D37/><U1/><E131/><V114/><F105/><W124/><G39/><T76/><D130/><U24/><E64/><V120/><F72/><W53/><G86/><T30/><D125/><U133/><E133/><V0/><F0/><W49/><G51/><T88/><D71/><U67/><E67/><V21/><F32/><W16/><REACH who="3" step="1"/><G124/><REACH who="3" ten="230,209,332,219" step="2"/><T113/><D113/><U60/><E87/><N who="2" m="52319" /><F36/><W59/><AGARI ba="0,1" hai="3,7,9,16,20,25,46,49,53,59,61,66,100,102" machi="59" ten="20,12000,2" yaku="1,1,0,1,7,1,52,2,54,1,53,0" doraHai="98" doraHaiUra="103" who="3" fromWho="3" sc="230,-30,209,-60,332,-30,219,130" /><INIT seed="2,0,0,0,5,75" ten="200,149,302,349" oya="2" hai0="98,82,81,3,101,88,43,95,21,48,112,52,87" hai1="5,83,131,32,123,107,27,50,111,104,99,134,80" hai2="63,102,96,91,106,89,110,59,77,58,65,11,61" hai3="23,74,68,10,24,103,51,133,109,36,26,39,31"/><V129/><F129/><W115/><G74/><T12/><D112/><U92/><E131/><V18/><F110/><W14/><G109/><T116/><D3/><U30/><E111/><V70/><F70/><W135/><G68/><T121/><D121/><U132/><E123/><V73/><F11/><W35/><G103/><T60/><D116/><U84/><E5/><V55/><REACH who="2" step="1"/><F18/><REACH who="2" ten="200,149,292,349" step="2"/><W72/><G115/><T22/><D12/><U45/><E132/><V2/><F2/><W33/><G133/><T93/><D43/><U126/><E134/><V25/><F25/><W37/><G24/><T44/><D60/><U8/><E8/><V118/><F118/><W0/><G0/><T41/><D41/><U119/><E119/><V94/><F94/><W53/><G135/><T85/><D95/><U16/><E16/><V17/><F17/><W13/><G13/><T62/><D62/><U46/><E92/><V105/><F105/><W78/><G14/><T9/><D9/><U117/><E117/><V64/><F64/><W42/><G10/><T6/><D6/><U79/><E104/><V56/><F56/><N who="3" m="32831" /><G35/><T47/><D47/><U69/><E45/><V20/><F20/><W120/><G33/><T71/><D71/><U97/><E69/><V130/><F130/><W90/><G120/><T15/><D15/><U7/><E7/><V4/><F4/><W29/><G26/><T127/><D127/><U122/><E126/><V125/><F125/><W76/><G23/><T38/><D38/><U108/><E108/><V113/><F113/><W54/><G36/><T1/><D1/><RYUUKYOKU ba="0,1" sc="200,15,149,-15,292,15,349,-15" hai0="21,22,44,48,52,81,82,85,87,88,93,98,101" hai2="55,58,59,61,63,65,73,77,89,91,96,102,106" /><INIT seed="2,1,1,2,5,56" ten="215,134,307,334" oya="2" hai0="57,91,70,81,84,29,122,33,103,11,87,82,24" hai1="37,9,1,49,13,124,78,113,89,61,132,106,50" hai2="52,45,86,114,4,5,39,8,10,97,34,53,71" hai3="129,119,48,107,36,41,98,85,44,112,79,55,111"/><V108/><F114/><W110/><G119/><T58/><D122/><U59/><E113/><V51/><F71/><W15/><G129/><T128/><D128/><U42/><E1/><V75/><F75/><W115/><G15/><T121/><D121/><U100/><E124/><V126/><F126/><W92/><G85/><T68/><D103/><U35/><E35/><V101/><F34/><W6/><G79/><T125/><D125/><U16/><E78/><V74/><F74/><W64/><G6/><N who="2" m="2665" /><F39/><W30/><G30/><T117/><D117/><U17/><E132/><V72/><F72/><W66/><G107/><T23/><D11/><N who="2" m="4138" /><F108/><N who="3" m="41515" /><G92/><T32/><D32/><U127/><E127/><V95/><F86/><W133/><G98/><T19/><D68/><U12/><E37/><V26/><F26/><W76/><G76/><T116/><D70/><U60/><E106/><V40/><AGARI ba="1,1" hai="40,45,51,52,53,95,97,101" m="4138,2665" machi="40" ten="30,3000,0" yaku="8,1,54,1" doraHai="56" who="2" fromWho="2" sc="215,-11,134,-11,307,43,334,-11" /><INIT seed="2,2,0,4,5,101" ten="204,123,350,323" oya="2" hai0="120,111,32,122,124,98,123,102,17,94,112,115,1" hai1="14,34,27,38,129,132,133,63,26,4,7,130,13" hai2="70,105,50,15,56,114,89,59,97,25,11,90,46" hai3="58,68,44,85,9,81,67,16,22,128,61,47,95"/><V135/><F114/><N who="0" m="43562" /><D1/><U42/><E63/><V0/><F70/><W66/><G128/><N who="1" m="49258" /><E42/><V18/><F0/><W5/><G68/><T110/><D17/><U62/><E62/><V104/><F135/><N who="1" m="51785" /><E38/><V75/><F75/><W116/><G95/><T96/><D32/><U83/><E83/><V109/><F25/><N who="1" m="9225" /><E34/><V99/><F89/><W19/><G67/><T73/><D73/><U43/><E43/><V51/><F51/><W74/><G74/><T23/><D23/><U69/><E69/><V28/><F50/><W92/><G92/><T134/><D134/><U84/><E84/><V100/><F46/><W55/><G116/><T2/><D98/><U54/><E54/><V65/><F97/><W36/><G36/><T108/><D2/><U82/><E82/><V80/><F65/><W103/><G66/><T45/><D45/><U31/><E31/><V76/><F28/><W48/><G47/><T41/><D41/><U71/><E71/><V118/><F118/><W125/><G125/><AGARI ba="2,0" hai="94,96,102,108,110,111,120,122,123,124,125" m="43562" machi="125" ten="50,6400,0" yaku="14,1,34,2" doraHai="101" who="0" fromWho="3" sc="204,70,123,0,350,0,323,-70" /><INIT seed="3,0,0,1,1,49" ten="274,123,350,253" oya="3" hai0="19,23,94,106,92,42,60,107,110,48,6,62,13" hai1="134,76,53,43,12,39,24,101,118,11,56,28,36" hai2="86,125,74,2,123,87,77,88,14,93,72,27,61" hai3="64,133,129,95,132,113,80,3,46,119,20,18,40"/><W0/><G119/><T102/><D110/><U58/><E118/><V114/><F2/><W109/><G113/><T52/><D42/><U73/><E134/><N who="3" m="51818" /><G129/><T126/><D126/><U82/><E101/><V59/><F114/><W91/><G64/><T127/><D127/><U71/><E71/><V90/><F125/><W37/><G80/><T54/><D6/><U116/><E116/><V104/><F104/><W38/><G38/><T122/><D122/><U103/><E103/><V96/><F123/><W70/><G70/><T51/><D107/><U32/><E43/><V8/><F27/><N who="3" m="14743" /><G109/><T117/><D117/><U84/><E73/><V105/><F77/><W63/><G63/><N who="0" m="24107" /><D106/><U65/><E65/><V17/><F105/><W100/><G100/><T31/><D31/><U15/><E58/><V16/><F17/><W128/><G128/><T30/><D30/><U83/><E83/><V81/><REACH who="2" step="1"/><F86/><AGARI ba="0,0" hai="0,3,37,40,46,86,91,95" m="14743,51818" machi="86" ten="30,1500,0" yaku="20,1" doraHai="49" who="3" fromWho="2" sc="274,0,123,0,350,-15,253,15" /><INIT seed="3,1,0,2,0,27" ten="274,123,335,268" oya="3" hai0="40,32,111,93,80,63,128,104,39,96,62,95,107" hai1="19,7,67,81,98,55,82,129,109,53,45,9,26" hai2="119,92,10,24,58,66,113,115,88,103,48,44,90" hai3="125,72,50,118,8,30,83,101,75,69,14,130,15"/><W56/><G69/><T4/><D32/><U34/><E109/><V121/><F119/><W87/><G118/><T123/><D123/><U33/><E129/><V28/><F121/><W85/><G130/><T49/><D128/><U84/><E67/><V102/><F10/><W124/><G101/><T89/><D39/><U110/><E110/><V41/><F113/><W106/><G106/><T79/><D111/><U21/><E98/><V36/><F115/><W73/><G30/><T134/><D134/><U64/><E64/><V71/><F90/><W70/><G70/><T61/><D4/><U22/><E22/><V91/><F91/><W6/><G15/><T59/><D95/><U43/><E34/><V114/><F114/><W57/><G85/><T18/><D18/><U16/><E33/><V99/><F71/><W105/><G105/><T74/><D40/><U5/><E19/><V94/><F94/><W11/><G11/><T3/><D3/><U54/><E9/><V120/><F120/><W60/><G50/><T68/><D68/><U1/><E1/><V127/><F127/><N who="3" m="48715" /><G60/><T46/><D59/><U51/><REACH who="1" step="1"/><E81/><REACH who="1" ten="274,113,335,268" step="2"/><V112/><F112/><W100/><G100/><T25/><D96/><U23/><E23/><N who="2" m="15391" /><F103/><W126/><G126/><T52/><D80/><U20/><E20/><V0/><F0/><W42/><G42/><T122/><D122/><U78/><AGARI ba="1,1" hai="5,7,16,21,26,43,45,51,53,54,55,78,82,84" machi="78" ten="30,7900,0" yaku="1,1,0,1,8,1,54,1,53,0" doraHai="27" doraHaiUra="65" who="1" fromWho="1" sc="274,-21,113,92,335,-21,268,-40" /><INIT seed="4,0,0,0,2,5" ten="253,205,314,228" oya="0" hai0="73,27,56,99,77,85,28,9,44,71,76,0,41" hai1="25,18,57,123,92,117,106,31,42,112,83,19,50" hai2="8,72,89,109,33,74,46,11,88,125,1,119,38" hai3="118,64,36,58,86,110,10,13,68,120,34,49,47"/><T121/><D121/><U101/><E123/><V90/><F109/><W133/><G110/><T128/><D71/><U60/><E106/><V40/><F33/><W94/><G34/><T51/><D128/><U91/><E117/><V54/><F125/><W122/><G118/><T80/><D99/><U134/><E134/><V82/><F119/><W2/><G2/><T124/><D124/><U66/><E112/><V20/><F20/><W111/><G111/><T75/><D56/><U22/><E83/><V21/><F21/><W113/><G113/><T132/><D132/><U131/><E131/><V4/><F54/><N who="3" m="32079" /><G133/><T35/><REACH who="0" step="1"/><D77/><REACH who="0" ten="243,205,314,228" step="2"/><U52/><E101/><V24/><F74/><W23/><G68/><T63/><D63/><U39/><E60/><V84/><F84/><W32/><G120/><T61/><D61/><U96/><E66/><V102/><F102/><W129/><G64/><T70/><D70/><U30/><E96/><V17/><F72/><W15/><G122/><T87/><D87/><U26/><E57/><V79/><F79/><W16/><G86/><T43/><D43/><U93/><E42/><V78/><F78/><W45/><G129/><T37/><D37/><U29/><E39/><V107/><F38/><W48/><G36/><T103/><D103/><U98/><E98/><V69/><F40/><W108/><G108/><T114/><D114/><U62/><E62/><V105/><F69/><W12/><G48/><T115/><D115/><U81/><E50/><V95/><F90/><W7/><G47/><T6/><AGARI ba="0,1" hai="0,6,9,27,28,35,41,44,51,73,75,76,80,85" machi="6" ten="30,6000,0" yaku="1,1,0,1,52,1,53,0" doraHai="5" doraHaiUra="116" who="0" fromWho="0" sc="243,70,205,-20,314,-20,228,-20" /><INIT seed="4,1,0,5,2,116" ten="313,185,294,208" oya="0" hai0="88,123,16,40,121,80,68,83,29,11,2,49,81" hai1="90,106,56,6,126,18,30,39,95,96,127,8,134" hai2="46,51,132,72,13,110,28,70,3,87,108,77,61" hai3="12,120,92,60,122,129,26,43,7,85,107,91,50"/><T9/><D68/><U21/><E30/><V71/><F3/><W57/><G107/><T93/><D29/><U47/><E106/><V5/><F72/><W10/><G129/><T102/><D102/><U114/><E134/><V64/><F71/><W4/><G26/><T37/><D37/><U36/><E56/><V33/><F132/><W78/><G78/><T59/><D2/><U75/><E75/><V101/><F101/><W67/><REACH who="3" step="1"/><G4/><REACH who="3" ten="313,185,294,198" step="2"/><T124/><D124/><U66/><E127/><V104/><F104/><W109/><G109/><T20/><D11/><U111/><E111/><V97/><F5/><W52/><G52/><T53/><D9/><U131/><E126/><V117/><F77/><W45/><AGARI ba="1,1" hai="7,10,12,43,45,50,57,60,67,85,91,92,120,122" machi="45" ten="30,7900,0" yaku="1,1,0,1,52,2,53,0" doraHai="116" doraHaiUra="76" who="3" fromWho="3" sc="313,-40,185,-21,294,-21,198,92" /><INIT seed="5,0,0,4,3,86" ten="273,164,273,290" oya="1" hai0="105,16,99,104,122,17,31,131,3,47,5,38,72" hai1="23,79,126,44,54,127,87,51,29,128,7,130,100" hai2="59,115,116,22,123,14,125,124,110,109,2,121,64" hai3="78,108,132,69,63,24,40,94,58,107,46,117,61"/><U32/><E32/><V75/><F75/><W49/><G107/><T114/><D114/><U120/><E120/><N who="2" m="46155" /><F64/><W21/><G117/><T4/><D122/><U133/><E7/><V92/><F59/><W97/><G108/><N who="2" m="41577" /><F92/><W56/><G132/><T82/><D131/><N who="1" m="50219" /><E100/><V96/><F96/><W62/><G78/><N who="0" m="44359" /><D31/><U43/><E43/><V119/><F2/><W0/><G0/><T80/><D5/><U20/><E133/><V52/><F52/><W66/><G56/><T77/><D104/><U13/><E79/><V48/><F48/><W91/><REACH who="3" step="1"/><G69/><REACH who="3" ten="273,164,273,280" step="2"/><T103/><D77/><U101/><E127/><N who="2" m="48715" /><F115/><W42/><G42/><T111/><D111/><U73/><E126/><V106/><F106/><W53/><G53/><T15/><D3/><U45/><E54/><V81/><F81/><W36/><G36/><T10/><D80/><U85/><E73/><V9/><F22/><W129/><G129/><T28/><D38/><U135/><E135/><V60/><F60/><W11/><G11/><T88/><D10/><U26/><E51/><V98/><F98/><W68/><G68/><T89/><D105/><U27/><E23/><V37/><F37/><W118/><G118/><T67/><D99/><U134/><E134/><V41/><F41/><W30/><AGARI ba="0,1" hai="21,24,30,40,46,49,58,61,62,63,66,91,94,97" machi="30" ten="20,8000,1" yaku="1,1,0,1,7,1,8,1,52,1,53,0" doraHai="86" doraHaiUra="34" who="3" fromWho="3" sc="273,-20,164,-40,273,-20,280,90" /><INIT seed="6,0,0,1,5,54" ten="253,124,253,370" oya="2" hai0="23,127,30,80,63,41,6,50,131,123,97,84,65" hai1="71,70,91,14,72,22,125,108,40,0,20,82,100" hai2="101,12,5,77,83,31,81,28,73,106,16,56,43" hai3="26,68,111,52,74,15,1,55,112,9,67,90,120"/><V58/><F5/><W19/><G111/><T10/><D123/><U124/><E0/><V42/><F106/><W76/><G1/><T46/><D131/><U37/><E108/><V86/><F101/><W119/><G119/><T27/><D127/><U132/><E132/><V89/><F43/><W11/><G120/><T94/><D94/><U3/><E3/><V61/><F42/><W105/><G105/><T51/><D97/><U92/><E71/><V17/><F17/><W118/><G118/><T79/><D51/><U57/><E70/><V60/><F60/><W47/><G47/><T122/><D122/><U44/><E125/><V109/><F109/><W66/><G26/><T87/><D87/><U29/><E124/><V128/><F128/><W48/><G48/><T135/><D135/><U78/><E100/><V7/><F7/><W110/><G110/><T33/><D33/><U85/><E29/><N who="2" m="11339" /><F61/><W24/><G24/><T113/><D113/><U126/><E126/><V98/><F98/><W107/><G107/><T36/><D36/><U133/><E133/><V104/><F104/><W69/><G74/><T96/><D96/><U114/><E114/><V103/><F103/><W129/><G129/><T75/><D75/><U93/><E93/><V121/><F121/><W99/><G112/><T45/><D41/><U21/><REACH who="1" step="1"/><E14/><REACH who="1" ten="253,114,253,370" step="2"/><V49/><F49/><W35/><G15/><N who="0" m="5591" /><D50/><U2/><E2/><V32/><F32/><W102/><G35/><T130/><D130/><U116/><E116/><V64/><F64/><N who="3" m="24619" /><G69/><N who="0" m="42175" /><D30/><U18/><E18/><V59/><F16/><W95/><G68/><RYUUKYOKU ba="0,1" sc="253,10,114,10,253,10,370,-30" hai0="23,27,45,46,79,80,84" hai1="20,21,22,37,40,44,57,72,78,82,85,91,92" hai2="12,56,58,59,73,77,81,83,86,89" /><INIT seed="6,1,1,3,2,118" ten="263,124,263,340" oya="2" hai0="61,111,115,24,56,101,27,33,7,75,131,133,71" hai1="1,38,29,92,135,117,98,106,10,68,23,116,124" hai2="43,73,48,41,91,54,0,110,42,46,122,40,11" hai3="12,65,32,44,26,80,6,3,49,70,78,25,8"/><V5/><F73/><W20/><G70/><T45/><D111/><U95/><E124/><V85/><F110/><W81/><G65/><T47/><D75/><U4/><E135/><V28/><N who="2" m="10240" /><DORA hai="125" /><V53/><F53/><N who="3" m="29863" /><G32/><T50/><D133/><U63/><E38/><V93/><REACH who="2" step="1"/><F28/><REACH who="2" ten="263,124,253,340" step="2"/><N who="3" m="17447" /><G3/><T52/><D52/><U17/><E116/><V55/><F55/><W105/><G105/><T34/><D47/><U121/><E117/><V2/><F2/><W83/><G26/><T60/><D45/><U99/><E29/><V126/><F126/><W107/><G107/><T104/><D104/><U127/><E127/><V72/><F72/><W57/><G57/><T59/><D56/><U69/><E106/><V100/><F100/><W35/><G35/><T103/><D101/><U82/><E69/><V22/><F22/><W77/><AGARI ba="1,2" hai="6,8,12,77,78,80,81,83" m="17447,29863" machi="77" ten="30,1100,0" yaku="8,1" doraHai="118,125" who="3" fromWho="3" sc="263,-4,124,-4,253,-6,340,34" /><INIT seed="7,0,0,3,3,116" ten="259,120,247,374" oya="3" hai0="29,24,62,119,76,133,67,63,113,56,120,48,135" hai1="18,73,11,122,83,82,102,6,17,112,3,69,30" hai2="25,72,31,104,130,108,7,34,118,132,121,77,123" hai3="1,126,131,42,134,50,8,109,99,106,68,128,57"/><W103/><G68/><T44/><D119/><U101/><E112/><V107/><F108/><W41/><G109/><T59/><D76/><U32/><E69/><V117/><F132/><W52/><G126/><T95/><D95/><U66/><E66/><V47/><F130/><N who="3" m="49707" /><G134/><N who="0" m="51211" /><D24/><U86/><E73/><V2/><F47/><W43/><G8/><T58/><D29/><U22/><E86/><V45/><F45/><W28/><G28/><T53/><D113/><U93/><E93/><V15/><F15/><W89/><G89/><T125/><D125/><U65/><E65/><V13/><F13/><W91/><G91/><T115/><D115/><U14/><E18/><V124/><F124/><W88/><G88/><T37/><D37/><U23/><E23/><V9/><F117/><W61/><G1/><T94/><D94/><U90/><E90/><V70/><F70/><W33/><G33/><T75/><D75/><U16/><E17/><V55/><F55/><W127/><G127/><T26/><D26/><U4/><E4/><V98/><F118/><W51/><AGARI ba="0,0" hai="41,42,43,50,51,52,57,61,99,103,106" m="49707" machi="51" ten="40,3900,0" yaku="19,1,54,1" doraHai="116" who="3" fromWho="3" sc="259,-13,120,-13,247,-13,374,39" owari="246,5.0,107,-39.0,234,-17.0,413,51.0" /></mjloggm>