<mjloggm ver="2.3"><GO type="97" lobby="0"/><UN n0="%6D%61%6E%61%62%69%72%64" n1="%E3%82%A6%E3%83%AB%E3%83%88%E3%83%A9%E7%AB%8B%E7%9B%B4" n2="%E6%AC%A1%E5%85%83%E5%B9%B2%E6%B8%89" n3="%50%6F%6F%6C%79" dan="13,16,14,13" rate="1870.60,2164.29,1940.17,1899.32" sx="M,M,M,M"/><TAIKYOKU oya="0"/><INIT seed="0,0,0,3,5,64" ten="250,250,250,250" oya="0" hai0="129,110,124,58,93,126,132,8,133,107,120,63,83" hai1="5,128,47,4,113,84,95,121,114,19,81,51,111" hai2="91,11,42,69,88,122,3,123,27,104,65,125,30" hai3="61,67,71,86,33,0,89,97,20,49,119,80,1"/><T53/><D107/><U15/><E121/><V7/><F104/><W28/><G119/><T23/><D120/><U75/><E95/><V24/><F125/><N who="0" m="48234" /><D8/><N who="1" m="6631" /><E75/><V76/><F27/><W21/><G49/><T2/><D2/><U43/><E111/><V130/><F130/><W94/><G33/><T135/><D83/><U13/><E13/><V100/><F100/><W73/><G73/><T98/><D110/><U32/><E32/><V48/><F76/><W92/><G92/><T72/><D72/><U99/><E99/><V85/><F91/><W87/><G87/><T57/><D57/><U25/><E25/><V38/><F48/><W109/><G109/><T52/><D23/><U59/><E59/><V17/><F17/><W34/><G34/><T54/><D129/><U108/><E108/><V44/><F88/><AGARI ba="0,0" hai="52,53,54,58,63,88,93,98,132,133,135" m="48234" machi="88" ten="40,12000,1" yaku="20,1,18,1,54,2" doraHai="64" who="0" fromWho="2" sc="250,120,250,0,250,-120,250,0" /><INIT seed="0,1,0,3,2,113" ten="370,250,130,250" oya="0" hai0="70,20,3,118,123,51,40,102,126,104,121,71,87" hai1="82,105,133,109,81,58,30,119,55,97,76,10,11" hai2="36,17,24,130,108,66,115,1,127,37,79,84,56" hai3="110,28,57,8,132,101,85,114,45,50,135,91,65"/><T96/><D20/><U94/><E105/><V64/><F1/><W43/><G114/><T86/><D51/><U27/><E119/><V92/><F115/><W83/><G101/><T95/><D40/><U47/><E109/><V93/><F108/><W60/><G110/><T48/><D48/><U77/><E47/><V49/><F127/><W26/><G8/><T42/><D42/><U19/><E19/><V13/><F130/><W67/><G67/><T88/><D3/><U5/><E133/><V122/><F122/><W18/><G18/><T12/><D126/><U68/><E68/><V134/><F134/><W35/><AGARI ba="1,0" hai="26,28,35,43,45,50,57,60,65,83,85,91,132,135" machi="35" ten="30,1100,0" yaku="0,1" doraHai="113" who="3" fromWho="3" sc="370,-6,250,-4,130,-4,250,14" /><INIT seed="1,0,0,3,2,108" ten="364,246,126,264" oya="1" hai0="22,72,111,101,21,100,114,10,124,60,28,106,95" hai1="118,8,63,64,119,90,12,54,81,0,126,52,77" hai2="133,26,65,92,17,128,68,79,44,57,31,66,16" hai3="4,32,29,112,43,30,132,117,61,33,91,7,49"/><U20/><E0/><V62/><F133/><W71/><G61/><T15/><D72/><U37/><E37/><V74/><F128/><W123/><G71/><T39/><D39/><U19/><E126/><V38/><F66/><W53/><G43/><T102/><D124/><U42/><E42/><V40/><F79/><W14/><G91/><T94/><D106/><U23/><E90/><V120/><F74/><W45/><G123/><T98/><D111/><U11/><E23/><V121/><F92/><W48/><G132/><T47/><D28/><U131/><E131/><V2/><F2/><W129/><G117/><T85/><D60/><U76/><E76/><V122/><REACH who="2" step="1"/><F68/><REACH who="2" ten="364,246,116,264" step="2"/><W34/><G129/><T84/><D95/><U9/><E118/><V113/><F113/><W127/><G112/><T55/><D114/><U125/><E119/><V82/><F82/><W59/><G127/><T86/><D94/><U103/><E125/><V5/><F5/><W104/><G104/><T107/><D107/><U51/><E81/><V115/><F115/><W75/><G75/><T13/><D98/><U87/><E77/><V135/><F135/><W97/><G97/><T89/><D89/><U69/><E87/><V134/><F134/><W70/><G70/><T24/><D86/><U35/><E103/><V1/><F1/><W80/><G80/><T110/><D102/><U36/><E69/><V58/><F58/><W3/><G3/><T73/><D73/><U46/><E64/><V88/><F88/><W83/><G83/><T41/><D110/><U109/><E109/><V99/><F99/><RYUUKYOKU ba="0,1" sc="364,-10,246,-10,116,30,264,-10" hai2="16,17,26,31,38,40,44,57,62,65,120,121,122" /><INIT seed="2,1,1,1,2,14" ten="354,236,146,254" oya="2" hai0="76,129,4,62,50,6,0,108,78,29,27,28,90" hai1="94,32,80,64,89,16,17,74,65,118,56,70,24" hai2="23,69,82,2,97,104,98,49,130,122,55,102,134" hai3="61,3,37,47,123,72,13,120,68,10,132,110,31"/><V85/><F122/><W11/><G72/><T15/><D0/><U87/><E70/><V106/><F134/><W101/><G110/><T41/><D108/><U40/><E118/><V66/><F130/><W20/><G132/><T51/><D41/><U77/><E40/><V21/><F2/><W57/><G68/><T105/><D105/><U60/><REACH who="1" step="1"/><E65/><REACH who="1" ten="354,226,146,254" step="2"/><V67/><F69/><W93/><G123/><T107/><D129/><U46/><E46/><V19/><F67/><W114/><G120/><T111/><D111/><U126/><E126/><V86/><F66/><W88/><G47/><T133/><D133/><U112/><E112/><V36/><F36/><W81/><G114/><T96/><D62/><U52/><E52/><V119/><F119/><W5/><G37/><T1/><D51/><U135/><E135/><V109/><F109/><W22/><G57/><T103/><D50/><U71/><E71/><V42/><F42/><W95/><G61/><T35/><D1/><U38/><E38/><V92/><F49/><W25/><G3/><T54/><D54/><U48/><E48/><V91/><F55/><W53/><G53/><T63/><D63/><U128/><E128/><V100/><REACH who="2" step="1"/><F19/><REACH who="2" ten="354,226,136,254" step="2"/><N who="3" m="10351" /><G5/><T30/><D4/><U115/><E115/><V75/><F75/><W124/><G124/><T83/><D6/><U8/><E8/><N who="3" m="3114" /><G101/><T127/><D127/><U12/><E12/><V7/><F7/><W121/><G121/><T58/><D15/><U26/><E26/><V116/><F116/><W84/><AGARI ba="1,3" hai="22,25,31,81,84,88,93,95" m="3114,10351" machi="84" ten="30,4000,0" yaku="8,1,52,1,54,1" doraHai="14" who="3" fromWho="3" sc="354,-11,226,-11,136,-21,254,73" /><INIT seed="3,0,0,1,5,42" ten="343,215,115,327" oya="3" hai0="133,47,87,97,28,49,37,67,32,19,106,129,82" hai1="36,121,15,25,50,120,7,14,41,4,130,10,116" hai2="60,22,52,12,79,100,113,61,103,0,2,93,29" hai3="128,38,43,72,63,51,46,16,68,56,71,17,13"/><W48/><G72/><T53/><D37/><U55/><E130/><V124/><F113/><W64/><G128/><T107/><D129/><U80/><E25/><V118/><F118/><W92/><G13/><T77/><D67/><U98/><E98/><V131/><F131/><W24/><G24/><T104/><D133/><U99/><E99/><V31/><F124/><W115/><G92/><T20/><D28/><U18/><E18/><V132/><F132/><W102/><G102/><T114/><D32/><U112/><E80/><V73/><F73/><W6/><G6/><T101/><REACH who="0" step="1"/><D114/><REACH who="0" ten="333,215,115,327" step="2"/><U123/><E112/><V45/><F0/><W9/><G115/><T62/><D62/><U57/><E116/><V89/><F2/><W40/><G9/><T11/><D11/><U76/><E10/><V54/><F79/><W27/><G27/><AGARI ba="0,1" hai="19,20,27,47,49,53,77,82,87,97,101,104,106,107" machi="27" ten="30,7700,0" yaku="1,1,7,1,52,1,53,1" doraHai="42" doraHaiUra="44" who="0" fromWho="3" sc="333,87,215,0,115,0,327,-77" owari="420,51.0,215,-18.0,115,-38.0,250,5.0" /></mjloggm>