<mjloggm ver="2.3"><GO type="169" lobby="0"/><UN n0="%E3%83%92%E3%83%AB%E3%83%99%E3%83%AB%E3%83%88" n1="%68%6F%73%69%67%61%6D%69" n2="%E3%83%88%E3%83%88%E3%83%AA%E5%85%88%E7%94%9F%31%39%E6%AD%B3" n3="%E3%83%AB%E3%82%BF%E3%82%B9%E3%82%B1" dan="16,17,18,16" rate="2064.86,2170.68,2200.45,2069.11" sx="M,M,F,M"/><TAIKYOKU oya="0"/><INIT seed="0,0,0,5,5,82" ten="250,250,250,250" oya="0" hai0="83,58,47,26,30,3,38,21,19,59,106,75,110" hai1="127,85,2,62,55,22,114,135,79,108,101,1,68" hai2="53,107,76,11,48,72,92,41,87,119,64,104,105" hai3="51,42,120,80,78,57,63,71,134,0,103,39,131"/><T86/><D110/><U116/><E116/><V115/><F115/><W94/><G120/><T91/><D106/><U15/><E108/><V49/><F119/><W67/><G134/><T121/><D3/><U109/><E109/><V73/><F64/><W97/><G0/><T34/><D75/><U123/><E123/><V28/><F28/><W60/><G131/><T52/><D121/><U102/><E135/><V54/><F41/><W90/><G39/><T46/><D38/><U32/><E32/><V111/><F11/><W126/><G126/><T24/><REACH who="0" step="1"/><D59/><REACH who="0" ten="240,250,250,250" step="2"/><U6/><E1/><V99/><F111/><W12/><G12/><T35/><D35/><U33/><E33/><V56/><F73/><W4/><G4/><T20/><D20/><U50/><E22/><V130/><F72/><W31/><G31/><T9/><D9/><U100/><E2/><V66/><F107/><W89/><G42/><T132/><D132/><U61/><E114/><V84/><F56/><W88/><G51/><AGARI ba="0,1" hai="19,21,24,26,30,34,46,47,51,52,58,83,86,91" machi="51" ten="30,12000,1" yaku="1,1,7,1,52,1,54,1,53,1" doraHai="82" doraHaiUra="81" who="0" fromWho="3" sc="240,130,250,0,250,0,250,-120" /><INIT seed="0,1,0,1,5,115" ten="370,250,250,130" oya="0" hai0="88,51,83,114,40,130,33,8,77,55,85,92,56" hai1="44,108,109,94,87,124,43,63,100,4,68,110,116" hai2="86,22,89,107,72,82,84,96,47,50,127,23,119" hai3="19,135,26,90,67,59,13,7,42,91,53,38,18"/><T123/><D33/><U14/><E124/><V131/><F127/><W93/><G135/><T105/><D114/><U60/><E68/><V46/><F131/><W11/><G67/><T29/><D130/><U101/><E116/><V134/><F134/><W20/><G38/><T52/><D105/><U117/><E117/><V12/><F119/><W103/><G42/><T39/><D123/><U97/><E101/><V21/><F72/><W74/><G74/><T120/><D120/><U48/><REACH who="1" step="1"/><E87/><REACH who="1" ten="370,240,250,130" step="2"/><V80/><F86/><W34/><G34/><T128/><D128/><U129/><E129/><V37/><F84/><W98/><REACH who="3" step="1"/><G7/><REACH who="3" ten="370,240,250,120" step="2"/><T71/><D71/><U41/><E41/><V66/><F37/><W16/><G16/><T118/><D40/><U75/><E75/><V132/><F132/><W106/><G106/><T49/><D39/><U70/><E70/><V54/><F107/><W111/><G111/><T122/><D118/><U78/><E78/><V69/><F69/><W64/><G64/><T27/><D122/><U17/><E17/><V1/><F66/><W104/><G104/><T28/><D77/><U45/><E45/><V99/><F47/><W31/><G31/><T32/><D29/><U61/><E61/><AGARI ba="1,2" hai="11,13,18,19,20,26,53,59,61,90,91,93,98,103" machi="61" ten="30,7700,0" yaku="1,1,7,1,8,1,53,1" doraHai="115" doraHaiUra="95" who="3" fromWho="1" sc="370,0,240,-80,250,0,120,100" /><INIT seed="1,0,0,5,1,134" ten="370,160,250,220" oya="1" hai0="0,114,59,84,40,26,96,92,35,41,57,71,74" hai1="42,58,46,78,104,20,123,36,107,98,38,101,63" hai2="82,29,34,7,14,126,81,69,85,102,80,13,79" hai3="3,93,77,56,70,2,76,117,91,118,106,135,66"/><U124/><E123/><V99/><F69/><W11/><G106/><T21/><D0/><N who="3" m="41" /><G11/><T131/><D71/><U64/><E107/><V108/><F108/><W53/><G70/><T4/><D74/><U24/><E78/><V50/><F126/><W33/><G33/><T112/><D35/><U10/><E10/><V31/><F7/><W52/><G66/><T60/><D4/><U95/><E104/><V6/><F6/><W86/><G135/><T19/><D59/><U120/><E120/><V103/><F34/><W15/><G15/><N who="2" m="5641" /><F99/><W88/><G91/><T27/><D27/><U90/><E90/><V128/><F128/><W65/><G53/><N who="0" m="33839" /><D131/><U61/><E61/><V39/><F39/><W121/><G65/><T113/><D84/><U133/><E133/><V127/><F85/><W73/><G73/><T109/><D109/><U55/><E55/><V18/><F79/><W89/><G89/><AGARI ba="0,0" hai="19,21,26,40,41,89,92,96,112,113,114" m="33839" machi="89" ten="30,1000,0" yaku="25,1" doraHai="134" who="0" fromWho="3" sc="370,10,160,0,250,0,220,-10" /><INIT seed="2,0,0,5,5,83" ten="380,160,250,210" oya="2" hai0="30,21,2,90,35,67,101,8,46,23,129,31,122" hai1="74,66,97,9,110,65,10,61,57,45,44,37,135" hai2="92,42,89,73,27,103,88,133,20,7,128,124,71" hai3="48,68,11,80,134,108,70,32,58,96,29,116,117"/><V113/><F113/><W3/><G134/><T15/><D101/><U114/><E114/><V62/><F73/><W112/><G112/><T121/><D67/><U82/><E135/><V87/><F133/><W95/><G108/><T86/><D129/><U36/><E110/><V64/><F128/><W105/><G105/><T59/><D2/><U52/><E97/><V118/><F118/><W127/><G127/><T85/><D90/><U126/><E126/><V18/><F124/><W109/><G109/><T98/><D98/><U60/><E74/><V50/><F103/><W94/><G32/><T91/><D91/><U53/><E82/><V19/><F7/><W102/><G68/><T78/><D78/><U17/><E17/><V54/><F89/><W49/><G70/><T4/><D35/><U115/><E115/><V81/><F42/><W28/><G3/><T0/><D0/><U72/><E72/><V77/><F77/><W43/><G102/><T41/><D59/><AGARI ba="0,0" hai="9,10,36,37,44,45,52,53,57,59,60,61,65,66" machi="59" ten="25,3200,0" yaku="22,2,54,1" doraHai="83" who="1" fromWho="0" sc="380,-32,160,32,250,0,210,0" /><INIT seed="3,0,0,2,1,95" ten="348,192,250,210" oya="3" hai0="122,108,45,93,63,50,33,83,97,94,5,130,41" hai1="16,76,57,117,58,60,11,92,65,1,116,66,35" hai2="128,82,21,119,3,24,54,34,53,126,91,121,6" hai3="90,134,39,43,79,69,19,27,127,132,129,133,87"/><W13/><G69/><T123/><D33/><U115/><E115/><V62/><F119/><W23/><G79/><T74/><D108/><U8/><E35/><V124/><F34/><W30/><G127/><T14/><D130/><U98/><E76/><V55/><F128/><W37/><G43/><T51/><D94/><U135/><E135/><V72/><F121/><W70/><G70/><T96/><D93/><U81/><E81/><V20/><F62/><W28/><G28/><T17/><D5/><U118/><E1/><V61/><F61/><W52/><G129/><T26/><D26/><U48/><E66/><V9/><F20/><N who="3" m="15719" /><G52/><N who="0" m="29775" /><D74/><U104/><E104/><V84/><REACH who="2" step="1"/><F72/><REACH who="2" ten="348,192,240,210" step="2"/><W103/><G103/><T25/><D63/><U0/><E60/><V71/><F71/><W2/><G2/><T56/><D123/><U80/><E0/><V77/><F77/><W40/><G40/><T59/><D122/><U42/><E42/><V86/><F86/><W78/><G78/><T44/><D56/><U73/><E58/><V29/><AGARI ba="0,1" hai="3,6,9,21,24,29,53,54,55,82,84,91,124,126" machi="29" ten="30,2000,0" yaku="1,1,0,1,53,0" doraHai="95" doraHaiUra="111" who="2" fromWho="2" sc="348,-5,192,-5,240,30,210,-10" /><INIT seed="4,0,0,3,3,107" ten="343,187,270,200" oya="0" hai0="24,6,35,125,94,0,127,42,48,19,18,17,72" hai1="31,34,74,23,97,8,98,76,12,38,57,58,56" hai2="110,59,122,36,134,115,21,9,108,95,64,87,105" hai3="47,80,109,52,121,132,101,92,66,53,85,129,75"/><T50/><D94/><U26/><E38/><V70/><F122/><W90/><G109/><T22/><D42/><U43/><E43/><V16/><F105/><W41/><G121/><T113/><D72/><U68/><E68/><V71/><F36/><W103/><G132/><T7/><D50/><U61/><E61/><V114/><F9/><W2/><G2/><T15/><D48/><U13/><E34/><V33/><F33/><W5/><G5/><N who="0" m="1547" /><D0/><U100/><E8/><V67/><F134/><W44/><G129/><T79/><D79/><U82/><REACH who="1" step="1"/><E97/><REACH who="1" ten="343,177,270,200" step="2"/><V73/><F71/><W131/><G131/><T128/><D128/><U124/><E124/><N who="0" m="47689" /><D113/><U40/><E40/><V102/><F114/><W51/><G66/><T78/><D35/><U112/><E112/><V118/><F115/><W25/><G41/><T86/><D24/><U60/><E60/><V28/><F67/><W106/><G25/><T91/><D22/><U14/><E14/><V93/><F21/><W81/><G53/><T83/><D15/><U89/><E89/><V46/><F64/><W69/><G69/><T119/><D91/><U39/><E39/><V88/><F88/><W130/><G130/><T3/><D3/><U63/><E63/><V55/><F70/><W65/><G65/><T96/><D96/><U99/><E99/><V123/><F55/><W111/><G101/><T62/><D62/><U117/><E117/><AGARI ba="0,1" hai="17,18,19,78,83,86,117,119" m="47689,1547" machi="117" ten="40,2000,0" yaku="18,1" doraHai="107" who="0" fromWho="1" sc="343,30,177,-20,270,0,200,0" /><INIT seed="4,1,0,3,5,133" ten="373,157,270,200" oya="0" hai0="4,109,83,55,20,123,108,104,135,127,14,68,51" hai1="37,28,65,60,80,13,7,12,90,84,88,26,129" hai2="57,75,121,3,105,64,82,119,116,132,72,49,70" hai3="122,46,87,36,42,5,107,43,73,131,45,29,85"/><T35/><D68/><U61/><E37/><V71/><F121/><W22/><G122/><T0/><D104/><U21/><E129/><V9/><F105/><W99/><G73/><N who="2" m="28233" /><F82/><W77/><G131/><T48/><D123/><U56/><E7/><N who="2" m="1279" /><F132/><W79/><G5/><T24/><D135/><U25/><E25/><V52/><F64/><W111/><G111/><T31/><D83/><U10/><E10/><V41/><F41/><W16/><G29/><T100/><D100/><U63/><E63/><V47/><F47/><N who="3" m="17931" /><G107/><T50/><D55/><U134/><E134/><V103/><F103/><W53/><G99/><T110/><D0/><U86/><REACH who="1" step="1"/><E61/><REACH who="1" ten="373,147,270,200" step="2"/><V102/><F71/><W130/><G130/><T106/><D109/><U11/><E11/><V30/><F70/><W126/><G36/><T96/><D110/><U62/><E62/><V95/><F30/><W34/><G53/><T17/><D108/><U124/><E124/><V89/><F52/><W8/><G126/><T114/><D127/><U40/><E40/><V6/><F6/><W39/><G8/><T33/><D4/><U58/><E58/><V38/><F57/><W23/><G39/><T59/><D59/><U76/><E76/><N who="3" m="29258" /><G34/><T91/><D33/><U98/><E98/><V128/><F38/><W117/><G23/><T112/><D106/><U66/><E66/><V44/><F128/><W120/><G120/><T2/><D2/><U81/><AGARI ba="1,1" hai="12,13,21,26,28,56,60,65,80,81,84,86,88,90" machi="81" ten="20,12000,2" yaku="1,1,0,1,7,1,9,1,8,1,54,1,53,0" doraHai="133" doraHaiUra="94" who="1" fromWho="1" sc="373,-61,147,133,270,-31,200,-31" /><INIT seed="5,0,0,1,3,110" ten="312,280,239,169" oya="1" hai0="32,8,45,95,91,51,2,103,125,68,102,69,36" hai1="93,128,100,70,62,50,99,53,33,66,108,0,85" hai2="64,81,10,129,89,12,75,59,42,97,127,43,6" hai3="135,90,63,47,65,120,60,26,44,9,56,34,117"/><U41/><E0/><V30/><F129/><W25/><G120/><T104/><D36/><U82/><E33/><V15/><F127/><W4/><G117/><T13/><D32/><U38/><E128/><V78/><F30/><W79/><G79/><T131/><D2/><U27/><E27/><V92/><F64/><W28/><G25/><T76/><D125/><U48/><E108/><V20/><F59/><W111/><G111/><T114/><D104/><U61/><E61/><V39/><F20/><W57/><G90/><T83/><D69/><U67/><E67/><V19/><F19/><W101/><G101/><T86/><D68/><U107/><E107/><V98/><F98/><W77/><G77/><T115/><D131/><U123/><E123/><V119/><F119/><W133/><G135/><T121/><D121/><U96/><E96/><V21/><F21/><W31/><G31/><T7/><D103/><U87/><E48/><V126/><F126/><W18/><G18/><T71/><D102/><U112/><E82/><V109/><F109/><W54/><REACH who="3" step="1"/><G133/><REACH who="3" ten="312,280,239,159" step="2"/><T24/><D24/><U106/><E100/><V58/><F78/><W37/><G37/><T73/><REACH who="0" step="1"/><D71/><REACH who="0" ten="302,280,239,159" step="2"/><U1/><E70/><V105/><F39/><W130/><G130/><T55/><AGARI ba="0,2" hai="7,8,13,45,51,55,73,76,83,86,91,95,114,115" machi="55" ten="30,8000,1" yaku="1,1,2,1,0,1,52,2,53,0" doraHai="110" doraHaiUra="122" who="0" fromWho="0" sc="302,100,280,-40,239,-20,159,-20" /><INIT seed="6,0,0,5,1,21" ten="402,240,219,139" oya="2" hai0="92,70,22,9,81,5,28,31,79,33,14,35,133" hai1="66,122,58,118,103,83,77,85,53,76,24,37,106" hai2="109,125,67,114,95,51,116,6,61,7,40,62,2" hai3="29,97,45,18,115,75,105,27,124,1,17,104,78"/><V60/><F116/><W8/><G124/><T99/><D70/><U126/><E118/><V64/><F125/><W12/><G115/><T121/><D121/><U0/><E126/><V88/><F114/><W46/><G1/><T110/><D133/><U117/><E117/><V108/><F40/><W68/><G68/><T32/><D110/><N who="2" m="42602" /><F51/><W4/><G75/><T42/><D42/><U89/><E0/><V30/><F30/><W65/><G65/><N who="2" m="25161" /><F2/><W55/><G78/><T127/><D127/><U69/><E37/><V123/><F123/><W36/><G36/><T107/><D107/><U72/><E122/><V120/><F120/><W131/><G131/><T47/><D47/><U44/><E44/><V128/><F128/><W19/><G45/><T101/><REACH who="0" step="1"/><D22/><REACH who="0" ten="392,240,219,139" step="2"/><U50/><E69/><V57/><F57/><W119/><G119/><T25/><D25/><U10/><E24/><V54/><F54/><W93/><G55/><T84/><AGARI ba="0,1" hai="5,9,14,28,31,32,33,35,79,81,84,92,99,101" machi="84" ten="30,2000,0" yaku="1,1,0,1,53,0" doraHai="21" doraHaiUra="39" who="0" fromWho="0" sc="392,30,240,-5,219,-10,139,-5" /><INIT seed="7,0,0,5,5,79" ten="422,235,209,134" oya="3" hai0="16,76,25,86,68,9,3,10,14,4,130,106,0" hai1="37,47,7,119,15,132,26,33,99,81,69,40,85" hai2="121,87,118,44,84,82,38,51,107,5,98,97,115" hai3="116,1,103,66,109,93,39,72,112,28,20,133,74"/><W113/><G116/><T18/><D106/><U21/><E69/><V80/><F118/><W35/><G35/><T111/><D68/><U53/><E119/><V104/><F38/><W75/><G39/><T42/><D42/><U108/><E108/><V129/><F5/><W78/><G109/><T29/><D86/><N who="2" m="32810" /><F107/><W67/><G1/><T59/><D59/><U126/><E126/><V11/><F104/><W31/><G20/><N who="0" m="11287" /><D76/><U92/><E132/><V88/><F115/><N who="3" m="44107" /><G133/><T43/><D43/><U128/><E128/><V63/><F129/><W57/><G78/><T131/><D111/><U77/><E33/><V23/><F11/><W83/><G83/><N who="2" m="31785" /><F121/><W95/><G57/><T54/><D54/><U36/><E53/><N who="2" m="29927" /><F88/><W8/><G8/><T96/><D96/><U114/><E114/><V52/><F23/><W6/><G6/><N who="0" m="1223" /><D18/><U89/><E36/><V117/><F117/><W50/><G50/><T46/><D46/><U62/><E47/><V32/><F98/><N who="3" m="59855" /><G95/><T65/><D65/><AGARI ba="0,0" hai="28,31,65,66,67,72,74,75" m="59855,44107" machi="65" ten="40,2000,0" yaku="15,1" doraHai="79" who="3" fromWho="0" sc="422,-20,235,0,209,0,134,20" /><INIT seed="7,1,0,2,1,30" ten="402,235,209,154" oya="3" hai0="60,49,107,13,17,2,16,98,85,115,44,116,66" hai1="42,95,65,99,81,112,40,91,79,56,38,92,52" hai2="87,15,64,57,121,59,28,82,55,18,12,71,123" hai3="72,80,58,75,53,104,61,50,102,37,88,77,1"/><W36/><G1/><T10/><D2/><U32/><E112/><V43/><F71/><W73/><G104/><T101/><D115/><U19/><E65/><V29/><F43/><W14/><G102/><T109/><D116/><U11/><E32/><V35/><F64/><W26/><G14/><N who="2" m="5161" /><F18/><W0/><G0/><T130/><D130/><U86/><E38/><V45/><F45/><W74/><G88/><T70/><D109/><U3/><E19/><V114/><F114/><W4/><G4/><T22/><D85/><N who="1" m="48319" /><E11/><V93/><F93/><W33/><REACH who="3" step="1"/><G61/><REACH who="3" ten="402,235,209,144" step="2"/><T54/><D22/><U25/><E3/><V7/><F7/><AGARI ba="1,1" hai="7,10,13,16,17,44,49,54,60,66,70,98,101,107" machi="7" ten="30,2000,0" yaku="7,1,54,1" doraHai="30" who="0" fromWho="2" sc="402,33,235,0,209,-23,144,0" owari="435,53.0,235,4.0,186,-21.0,144,-36.0" /></mjloggm>