<mjloggm ver="2.3"><GO type="169" lobby="0"/><UN n0="%EF%BC%8A%E7%B4%97%E5%BC%A5%E8%8F%AF%EF%BC%8A" n1="%E3%81%B6%E3%81%A3%E3%81%A8%E3%81%B3%E3%82%AB%E3%83%BC%E3%83%89" n2="%E5%8D%97%E6%A5%B5%E3%83%80%E3%83%B3%E3%82%B5%E3%83%BC" n3="%E5%B0%B1%E6%B4%BB%E7%94%9F%40%E5%B7%9D%E6%9D%91%E8%BB%8D%E5%9B%A3" dan="16,17,16,17" rate="2080.89,2228.85,2055.08,2242.18" sx="F,M,M,M"/><TAIKYOKU oya="0"/><INIT seed="0,0,0,5,0,61" ten="250,250,250,250" oya="0" hai0="11,113,1,95,3,75,49,100,74,20,33,60,59" hai1="58,12,135,46,71,10,81,70,122,47,72,43,41" hai2="80,86,31,97,120,114,68,55,5,18,57,23,26" hai3="2,9,16,105,40,52,111,119,50,54,69,35,107"/><T19/><D33/><U14/><E81/><V32/><F68/><N who="1" m="26153" /><E10/><V25/><F114/><W15/><G35/><T130/><D113/><U66/><E14/><V127/><F120/><W42/><G119/><T38/><D38/><U44/><E12/><V62/><F127/><W102/><G111/><T117/><D117/><U17/><E17/><V63/><F97/><W103/><G69/><T7/><D1/><U30/><E30/><V56/><F5/><W84/><G2/><T99/><D49/><U88/><E88/><V51/><REACH who="2" step="1"/><F57/><REACH who="2" ten="250,250,240,250" step="2"/><W87/><G105/><T123/><D123/><U110/><E122/><V13/><F13/><W125/><G107/><T104/><D104/><U73/><E110/><V29/><F29/><W126/><G126/><T6/><D6/><U22/><E58/><V78/><AGARI ba="0,1" hai="18,23,25,26,31,32,51,55,56,62,63,78,80,86" machi="78" ten="20,2700,0" yaku="1,1,0,1,7,1,53,0" doraHai="61" doraHaiUra="129" who="2" fromWho="2" sc="250,-13,250,-7,240,37,250,-7" /><INIT seed="1,0,0,1,5,99" ten="237,243,277,243" oya="1" hai0="65,12,76,60,32,91,86,111,14,29,40,38,72" hai1="66,50,11,23,43,53,54,46,102,104,113,112,56" hai2="90,1,107,33,110,28,4,123,103,82,48,67,122" hai3="118,0,45,132,74,130,30,35,6,69,62,59,42"/><U131/><E11/><N who="2" m="2447" /><F90/><W34/><G74/><T124/><D111/><U119/><E23/><V3/><F48/><W2/><G118/><T101/><D124/><U9/><E9/><V39/><F82/><W121/><G121/><T78/><D40/><U105/><E105/><V115/><F110/><W70/><G130/><T120/><D38/><U55/><E119/><V24/><F3/><W22/><G132/><T58/><D72/><U106/><E106/><V126/><F126/><W57/><G57/><T36/><D36/><U94/><E104/><V13/><F13/><W44/><G44/><T133/><D32/><U129/><E102/><V19/><F19/><W21/><G2/><T75/><D29/><U114/><E94/><V100/><F100/><W81/><G81/><N who="0" m="49615" /><D75/><U17/><E17/><V96/><F115/><W26/><G22/><T79/><D120/><N who="2" m="46122" /><F67/><W84/><G84/><T47/><D47/><U127/><E127/><V80/><F80/><W88/><G88/><T51/><D51/><U15/><E15/><N who="0" m="5673" /><D133/><U109/><E109/><V73/><F73/><W95/><G35/><T5/><D5/><U98/><E98/><V64/><F64/><W92/><G34/><T135/><D135/><U18/><E18/><V37/><AGARI ba="0,0" hai="24,28,33,37,39,96,103,107" m="46122,2447" machi="37" ten="30,2000,0" yaku="23,1,52,1" doraHai="99" who="2" fromWho="2" sc="237,-5,243,-10,277,20,243,-5" /><INIT seed="2,0,0,4,5,44" ten="232,233,297,238" oya="2" hai0="73,126,68,17,70,131,65,67,74,71,69,57,77" hai1="22,91,42,25,32,7,45,107,9,41,28,23,130" hai2="135,104,46,112,97,121,118,48,119,82,124,101,108" hai3="18,125,34,123,79,75,51,56,31,61,102,127,0"/><V8/><F112/><W58/><G0/><T134/><D134/><U30/><E107/><V14/><F121/><W21/><G123/><T53/><D131/><U90/><E42/><V10/><F135/><W83/><G102/><T133/><D133/><U113/><E113/><V16/><F124/><N who="3" m="47691" /><G34/><T19/><D126/><U76/><E76/><V36/><F36/><W120/><G120/><T1/><D1/><U43/><E43/><V27/><F27/><N who="3" m="14775" /><G31/><T81/><D73/><U116/><E116/><V49/><F10/><W54/><G58/><T87/><D74/><U38/><E130/><V66/><F66/><W129/><G129/><T3/><D3/><U99/><E30/><V6/><F6/><W62/><AGARI ba="0,0" hai="51,54,56,61,62,75,79,83" m="14775,47691" machi="62" ten="30,2000,0" yaku="18,1,52,1" doraHai="44" who="3" fromWho="3" sc="232,-5,233,-5,297,-10,238,20" /><INIT seed="3,0,0,3,2,111" ten="227,228,287,258" oya="3" hai0="92,102,10,65,43,57,36,66,63,107,31,35,122" hai1="125,14,39,38,114,25,52,82,76,6,91,37,45" hai2="83,129,19,30,27,120,8,96,85,128,104,44,32" hai3="80,29,61,101,115,124,84,53,78,69,94,89,55"/><W112/><G101/><T0/><D107/><U88/><E125/><V40/><F96/><W42/><G124/><T41/><D36/><U7/><E114/><V47/><F104/><W1/><G1/><T87/><D66/><U28/><E14/><N who="2" m="7623" /><F40/><W131/><G42/><T2/><D122/><U93/><E7/><V98/><F98/><W64/><G29/><T123/><D123/><U4/><E4/><V16/><F16/><W20/><G20/><T51/><D35/><U108/><E6/><V109/><F109/><W133/><G133/><T119/><D31/><U106/><E106/><V97/><F97/><W118/><G118/><T58/><D10/><U23/><E93/><V132/><F132/><W24/><G24/><T22/><D2/><U71/><E71/><V134/><F134/><W74/><REACH who="3" step="1"/><G131/><REACH who="3" ten="227,228,287,248" step="2"/><N who="2" m="50249" /><F120/><W62/><G62/><T33/><D63/><U130/><E130/><V49/><F49/><W113/><AGARI ba="0,1" hai="53,55,61,64,69,74,78,80,84,89,94,112,113,115" machi="113" ten="30,18000,2" yaku="1,1,0,1,52,3,53,1" doraHai="111" doraHaiUra="105" who="3" fromWho="3" sc="227,-60,228,-60,287,-60,248,190" /><INIT seed="3,1,0,1,1,65" ten="167,168,227,438" oya="3" hai0="25,81,67,128,106,75,96,46,113,40,123,3,109" hai1="108,93,10,107,76,126,117,60,71,1,133,95,87" hai2="120,37,52,127,85,97,51,18,89,116,68,132,50" hai3="62,94,112,104,59,72,2,16,22,27,56,69,54"/><W92/><G104/><T98/><D3/><U34/><E87/><V4/><F37/><W38/><G38/><T48/><D106/><U100/><E95/><V90/><F116/><W64/><G72/><T86/><D123/><U66/><E93/><V43/><F4/><W103/><G112/><T63/><D75/><U13/><E13/><V53/><F120/><W121/><G121/><T125/><D128/><U19/><E19/><V28/><F28/><W31/><G2/><T70/><D109/><U84/><E84/><V131/><F131/><W119/><G119/><T6/><D6/><N who="1" m="1359" /><E76/><V135/><F127/><W55/><G103/><T30/><D125/><U57/><E57/><V83/><F18/><W39/><G39/><T74/><D74/><U129/><E117/><V15/><F15/><W17/><G17/><T33/><REACH who="0" step="1"/><D113/><REACH who="0" ten="157,168,227,438" step="2"/><U49/><E107/><V78/><F132/><W91/><G92/><T36/><D36/><U42/><E133/><V45/><F135/><W8/><G94/><T23/><D23/><U82/><E129/><V88/><F97/><W7/><G8/><T24/><D24/><U130/><E130/><V118/><F118/><W77/><G22/><T115/><D115/><U9/><E108/><V58/><REACH who="2" step="1"/><F43/><REACH who="2" ten="157,168,217,438" step="2"/><W79/><G27/><T80/><D80/><U35/><E126/><V99/><F99/><W11/><G11/><T61/><D61/><U110/><E110/><V73/><F73/><W114/><G62/><T0/><D0/><U14/><E82/><V101/><F101/><W124/><G114/><T122/><D122/><U102/><E102/><RYUUKYOKU ba="1,2" sc="157,15,168,-15,217,15,438,-15" hai0="25,30,33,40,46,48,63,67,70,81,86,96,98" hai2="45,50,51,52,53,58,68,78,83,85,88,89,90" /><INIT seed="4,2,2,3,0,41" ten="172,153,232,423" oya="0" hai0="113,71,33,104,106,42,68,92,2,27,25,115,64" hai1="37,3,131,122,59,123,102,69,49,90,121,13,96" hai2="117,63,129,4,76,77,127,95,9,66,73,35,31" hai3="67,53,74,84,52,46,48,128,85,6,107,114,130"/><T10/><D92/><U70/><E3/><V28/><F127/><W101/><G74/><T45/><D27/><U19/><E37/><V29/><F129/><N who="3" m="49771" /><G114/><N who="0" m="43531" /><D25/><U47/><E59/><N who="2" m="37247" /><F35/><W1/><G67/><T0/><D33/><U7/><E90/><V34/><F34/><W134/><G134/><T26/><D26/><U38/><E38/><V36/><F36/><W135/><G135/><T51/><D64/><U15/><E7/><V54/><F73/><W21/><G21/><T98/><D98/><U82/><E82/><V11/><F95/><W120/><G120/><T133/><D133/><U99/><E99/><V81/><F117/><W60/><G101/><T17/><D17/><U57/><E131/><V118/><F118/><W83/><G107/><N who="0" m="41003" /><D10/><N who="2" m="3594" /><F4/><W78/><G6/><T18/><D18/><U94/><E19/><V93/><F93/><W5/><G5/><T132/><D132/><U56/><E15/><V43/><F81/><W23/><G1/><AGARI ba="2,2" hai="0,1,2,42,45,51,68,71" m="41003,43531" machi="1" ten="40,3900,0" yaku="15,1,52,1" doraHai="41" who="0" fromWho="3" sc="172,65,153,0,232,0,423,-45" /><INIT seed="4,3,0,2,0,89" ten="237,153,232,378" oya="0" hai0="18,96,77,92,134,28,10,57,9,42,38,26,118" hai1="106,58,3,113,105,88,59,131,76,132,111,74,91" hai2="94,29,69,61,78,43,35,120,102,128,4,23,36" hai3="20,67,62,48,31,2,63,52,83,101,40,68,56"/><T47/><D118/><U6/><E6/><V121/><F128/><W15/><G2/><T66/><D77/><U97/><E3/><V33/><F4/><W8/><G101/><T124/><D18/><U25/><E25/><V1/><F1/><W107/><G107/><T7/><D134/><U13/><E13/><V11/><F11/><W22/><G31/><T46/><D46/><U98/><E76/><V130/><F130/><W87/><G40/><T119/><D124/><U24/><E24/><V53/><F78/><W100/><G100/><T127/><D119/><U104/><E131/><V30/><F43/><W86/><G86/><T70/><D70/><U60/><E60/><V0/><F0/><W99/><G99/><N who="1" m="37898" /><E74/><V73/><F61/><W110/><G63/><N who="0" m="38255" /><D7/><U116/><E116/><V95/><F73/><W51/><G110/><T16/><D16/><U117/><E117/><V84/><F35/><W21/><G68/><T109/><D127/><U85/><E111/><V12/><F33/><W72/><G72/><T125/><D125/><U41/><E41/><V75/><F75/><W39/><G39/><T81/><D109/><U115/><E132/><V80/><F36/><W64/><G64/><T65/><D65/><U27/><E27/><V90/><F69/><W79/><G67/><T135/><D135/><U122/><E122/><V82/><F120/><W34/><G34/><N who="0" m="20759" /><D81/><N who="1" m="49199" /><E91/><V44/><F90/><W126/><G126/><T108/><D108/><U45/><E45/><V32/><F44/><W129/><G129/><T55/><D55/><U50/><E50/><V17/><F121/><RYUUKYOKU ba="3,0" sc="237,10,153,10,232,-30,378,10" hai0="9,10,38,42,47,92,96" hai1="58,59,104,105,106,113,115" hai3="8,15,20,21,22,48,51,52,56,62,79,83,87" /><INIT seed="4,4,0,3,3,68" ten="247,163,202,388" oya="0" hai0="123,61,134,66,65,125,54,49,71,100,48,19,20" hai1="126,27,111,129,91,109,81,31,80,30,84,56,90" hai2="5,85,24,12,52,122,55,77,97,87,132,69,36" hai3="133,75,9,88,25,34,135,107,35,110,26,108,78"/><T124/><D123/><U45/><E129/><V1/><F122/><W50/><G107/><T96/><D66/><U47/><E126/><N who="0" m="48745" /><D54/><U16/><E56/><V83/><F69/><W113/><G113/><T70/><D70/><U18/><E84/><V127/><F1/><W13/><G75/><T2/><D2/><U44/><E44/><V117/><F127/><W11/><G78/><T120/><D134/><N who="3" m="51209" /><G50/><T8/><D8/><N who="3" m="3145" /><G13/><N who="0" m="9327" /><D120/><U82/><REACH who="1" step="1"/><E81/><REACH who="1" ten="247,153,202,388" step="2"/><V28/><F85/><W116/><G116/><T119/><D119/><U94/><E94/><AGARI ba="4,1" hai="48,49,61,65,71,94,96,100" m="9327,48745" machi="94" ten="30,1500,0" yaku="18,1" doraHai="68" who="0" fromWho="1" sc="247,37,153,-27,202,0,388,0" /><INIT seed="4,5,0,3,2,16" ten="284,126,202,388" oya="0" hai0="72,106,36,26,30,111,56,79,82,9,98,19,65" hai1="80,108,69,99,87,121,2,97,34,6,70,134,83" hai2="52,20,59,105,66,100,5,75,89,54,25,42,18" hai3="53,27,13,113,119,88,47,0,63,95,15,71,101"/><T92/><D36/><U115/><E34/><V58/><F75/><W103/><G0/><T64/><D106/><U114/><E108/><V12/><F42/><W78/><G71/><N who="1" m="27146" /><E121/><V31/><F105/><W76/><G113/><N who="1" m="43018" /><E134/><V50/><F100/><N who="3" m="38475" /><G27/><T125/><D111/><U41/><E41/><V132/><F132/><W38/><G38/><T131/><D56/><U126/><E126/><V48/><F66/><W68/><G68/><T29/><D125/><U43/><E43/><V93/><F5/><W33/><G33/><T45/><D45/><U14/><E2/><V22/><F93/><W7/><G7/><T130/><D29/><U37/><E37/><V10/><F89/><W107/><G107/><T44/><D44/><U28/><E28/><V73/><F73/><W1/><G1/><T62/><D9/><AGARI ba="5,0" hai="9,10,12,18,20,22,25,31,48,50,52,54,58,59" machi="9" ten="40,8000,1" yaku="9,1,8,1,52,2,54,1" doraHai="16" who="2" fromWho="0" sc="284,-95,126,0,202,95,388,0" /><INIT seed="5,0,0,2,4,58" ten="189,126,297,388" oya="1" hai0="59,24,48,126,23,22,90,38,91,75,63,121,30" hai1="50,96,101,127,49,44,68,94,108,83,29,70,79" hai2="14,125,84,60,118,107,16,120,128,104,87,54,76" hai3="92,39,115,65,21,119,47,105,28,26,27,43,73"/><U99/><E127/><V77/><F120/><W8/><G105/><T31/><D38/><U25/><E108/><V123/><F123/><W89/><G73/><T9/><D75/><U4/><E99/><V66/><F125/><W3/><G115/><T129/><D126/><U98/><E98/><V106/><F128/><W131/><G131/><T116/><D116/><U113/><E113/><V78/><F54/><W46/><G119/><T33/><D129/><U97/><E97/><V74/><F74/><W57/><G47/><T95/><D121/><U11/><E50/><V111/><F111/><W20/><G8/><T67/><D9/><U15/><E83/><V7/><F7/><W35/><G3/><T13/><D13/><U34/><REACH who="1" step="1"/><E79/><REACH who="1" ten="189,116,297,388" step="2"/><V64/><F118/><W53/><G39/><T5/><D48/><U2/><E2/><V103/><F78/><W62/><G92/><T19/><D95/><U61/><E61/><V51/><F60/><W32/><G62/><T36/><D36/><U10/><E10/><V71/><F51/><W114/><G114/><T52/><D67/><U6/><E6/><V133/><F77/><W17/><G65/><T110/><D110/><U80/><E80/><V18/><F76/><W135/><G89/><T40/><D91/><U124/><E124/><V69/><F64/><W42/><G42/><AGARI ba="0,1" hai="4,11,15,25,29,34,42,44,49,68,70,94,96,101" machi="42" ten="30,2900,0" yaku="1,1,7,1,53,0" doraHai="58" doraHaiUra="55" who="1" fromWho="3" sc="189,0,116,39,297,0,388,-29" /><INIT seed="5,1,0,3,1,46" ten="189,155,297,359" oya="1" hai0="126,118,5,91,135,125,17,58,101,71,23,44,79" hai1="22,105,10,14,82,83,9,6,121,33,66,87,123" hai2="80,29,11,109,30,69,107,0,64,49,103,98,28" hai3="94,102,2,120,81,1,133,26,76,51,96,127,63"/><U12/><E105/><V95/><F109/><W42/><G120/><T104/><D71/><U67/><E33/><V20/><F80/><W38/><G38/><T45/><D79/><U15/><E22/><V119/><F119/><W25/><G127/><N who="0" m="48651" /><D118/><U65/><E83/><V111/><F111/><W57/><G133/><T114/><D114/><U99/><E99/><V77/><F77/><W40/><G2/><T55/><D5/><U75/><E75/><V89/><F11/><W74/><G1/><T54/><D91/><U86/><E86/><V39/><F39/><W27/><REACH who="3" step="1"/><G51/><REACH who="3" ten="189,155,297,349" step="2"/><N who="0" m="31071" /><D135/><U47/><E123/><V106/><F0/><W117/><G117/><T16/><D104/><U93/><E121/><V129/><F106/><W90/><G90/><T19/><D101/><U35/><E35/><V112/><F103/><W43/><G43/><T84/><D84/><U110/><E110/><V122/><F107/><W124/><G124/><T7/><D7/><U34/><E34/><V56/><F122/><W48/><G48/><N who="0" m="29063" /><D45/><U62/><E47/><V4/><F89/><W113/><G113/><T52/><D52/><AGARI ba="1,1" hai="25,26,27,40,42,52,57,63,74,76,81,94,96,102" machi="52" ten="40,2600,0" yaku="1,1,54,1,53,0" doraHai="46" doraHaiUra="128" who="3" fromWho="0" sc="189,-29,155,0,297,0,349,39" /><INIT seed="6,0,0,5,1,77" ten="160,155,297,388" oya="2" hai0="10,35,129,47,57,14,24,59,46,118,73,27,123" hai1="63,113,33,42,94,99,132,36,29,92,65,17,107" hai2="108,121,61,76,26,21,135,115,120,72,32,68,50" hai3="37,81,25,133,112,52,53,93,111,45,130,90,20"/><V18/><F115/><W134/><G111/><T23/><D73/><U127/><E113/><V67/><F108/><W71/><G71/><T12/><D123/><U43/><E17/><V85/><F72/><W31/><G130/><T9/><D35/><U8/><E8/><N who="0" m="3177" /><D129/><U83/><E132/><N who="3" m="50794" /><G112/><T39/><D39/><U114/><E127/><V86/><F135/><W16/><G31/><N who="0" m="17823" /><D27/><N who="1" m="18623" /><E114/><V22/><F32/><W41/><G81/><T125/><D125/><U44/><E43/><V7/><F7/><W1/><G1/><T40/><D40/><U70/><E83/><V103/><F120/><W5/><G5/><T56/><D118/><U74/><E74/><V6/><F121/><W106/><G106/><T0/><D0/><U101/><AGARI ba="0,0" hai="36,42,44,63,65,70,92,94,99,101,107" m="18623" machi="101" ten="30,1100,0" yaku="25,1" doraHai="77" who="1" fromWho="1" sc="160,-3,155,11,297,-5,388,-3" /><INIT seed="7,0,0,5,1,4" ten="157,166,292,385" oya="3" hai0="93,97,37,21,51,130,49,120,103,82,81,64,121" hai1="52,67,17,91,5,88,129,48,42,65,101,117,36" hai2="18,135,56,105,44,6,95,122,58,128,94,83,106" hai3="84,111,132,73,19,114,10,71,57,30,125,113,29"/><W7/><G71/><T27/><D37/><U66/><E36/><V70/><F70/><W43/><G73/><T119/><D119/><U61/><E117/><V123/><F44/><W112/><G125/><T131/><D64/><U92/><E5/><V20/><F6/><W50/><G132/><T39/><D39/><U63/><E129/><N who="0" m="49161" /><D82/><U115/><E42/><V76/><F128/><W134/><G84/><T9/><D9/><U45/><E115/><V32/><F32/><W14/><G19/><N who="0" m="12735" /><D81/><U100/><E17/><V8/><F8/><W26/><G50/><AGARI ba="0,0" hai="49,50,51,93,97,103,120,121" m="12735,49161" machi="50" ten="30,1000,0" yaku="19,1" doraHai="4" who="0" fromWho="3" sc="157,10,166,0,292,0,385,-10" owari="167,-23.0,166,-33.0,292,9.0,375,47.0" /></mjloggm>