<mjloggm ver="2.3"><GO type="41" lobby="0"/><UN n0="%65%76%40" n1="%E5%B0%B1%E6%B4%BB%E7%94%9F%40%E5%B7%9D%E6%9D%91%E8%BB%8D%E5%9B%A3" n2="%63%72%65" n3="%53%49%4C%41%53" dan="14,17,14,15" rate="1928.82,2179.77,1921.53,2051.43" sx="M,M,M,F"/><TAIKYOKU oya="0"/><INIT seed="0,0,0,4,0,116" ten="250,250,250,250" oya="0" hai0="109,110,92,49,37,102,84,10,128,79,25,104,115" hai1="108,131,11,66,31,106,122,2,44,39,54,43,62" hai2="59,85,97,105,91,111,35,29,55,47,7,0,134" hai3="89,12,70,135,74,24,56,13,95,21,114,23,93"/><T86/><D115/><U103/><E31/><V81/><F111/><N who="0" m="42506" /><D37/><U16/><E108/><V100/><F134/><W125/><G70/><T22/><D10/><U76/><E76/><V38/><F0/><W53/><G114/><T127/><D104/><U33/><E33/><V96/><F7/><W82/><G135/><T121/><D128/><U94/><E131/><V14/><F35/><W65/><G65/><T123/><D127/><U63/><E106/><V101/><F29/><W117/><G117/><T112/><D112/><U124/><E124/><V132/><F132/><W113/><G113/><T6/><D6/><U48/><E122/><N who="0" m="46601" /><D49/><U5/><E39/><V18/><F38/><W80/><G125/><T34/><D34/><U15/><E2/><V60/><F47/><W52/><G74/><T133/><D133/><U72/><E44/><V69/><F69/><W130/><G130/><T9/><D9/><U45/><E11/><N who="2" m="6495" /><F105/><W51/><G51/><T73/><D73/><U64/><E72/><V58/><F58/><W75/><G75/><T27/><D79/><U71/><E5/><V30/><F30/><W57/><G89/><T1/><D1/><U77/><E77/><V98/><AGARI ba="0,0" hai="55,59,60,81,85,91,96,97,98,100,101" m="6495" machi="98" ten="30,1100,0" yaku="8,1" doraHai="116" who="2" fromWho="2" sc="250,-5,250,-3,250,11,250,-3" /><INIT seed="1,0,0,1,2,108" ten="245,247,261,247" oya="1" hai0="70,86,94,15,13,3,123,28,0,81,91,38,56" hai1="85,127,58,21,65,119,50,64,106,101,124,78,80" hai2="26,72,122,62,87,24,95,134,75,84,11,76,52" hai3="68,131,18,9,88,130,39,54,41,111,126,99,133"/><U31/><E119/><V57/><F122/><W105/><G111/><T4/><D70/><U103/><E31/><V55/><F134/><W43/><G68/><T92/><D38/><U116/><E116/><V30/><F26/><W117/><G117/><T82/><D28/><U104/><E21/><V44/><F11/><W74/><G74/><T7/><D56/><U60/><E65/><V53/><F87/><W10/><G133/><T51/><D51/><U129/><E129/><N who="3" m="49162" /><G126/><N who="1" m="48170" /><E50/><V67/><F44/><N who="3" m="23615" /><G43/><T17/><D17/><U109/><E109/><V5/><F5/><W37/><G37/><T110/><D110/><U29/><E29/><V125/><F125/><W118/><G118/><T33/><D33/><U97/><E103/><V25/><F25/><W120/><G120/><T114/><D123/><U2/><E2/><V32/><REACH who="2" step="1"/><F95/><AGARI ba="0,0" hai="58,60,64,78,80,85,95,97,101,104,106" m="48170" machi="95" ten="30,1500,0" yaku="18,1" doraHai="108" who="1" fromWho="2" sc="245,0,247,15,261,-15,247,0" /><INIT seed="1,1,0,3,5,94" ten="245,262,246,247" oya="1" hai0="21,128,5,101,91,134,112,68,40,23,75,31,95" hai1="119,60,11,7,81,65,61,50,73,41,117,28,42" hai2="110,102,14,12,48,34,3,124,16,86,6,20,37" hai3="46,18,44,121,32,90,88,78,97,54,47,25,9"/><U4/><E28/><V105/><F37/><W104/><G121/><T114/><D75/><U106/><E106/><V10/><F110/><W118/><G118/><T122/><D122/><U96/><E61/><V70/><F124/><W133/><G133/><T35/><D35/><U107/><E7/><V2/><F70/><W63/><G78/><T116/><D116/><U103/><E50/><V8/><F86/><W19/><G32/><T29/><D68/><N who="1" m="42023" /><E42/><V69/><F69/><W51/><G63/><T13/><D134/><U66/><E66/><V67/><F67/><W83/><G83/><T57/><D101/><U45/><E45/><N who="3" m="17514" /><G104/><T72/><D72/><U108/><E41/><V87/><F48/><W79/><G79/><T99/><D40/><U89/><E89/><V17/><F87/><W24/><G90/><T30/><D57/><U129/><E129/><V126/><F126/><W56/><N who="3" m="17522" /><W132/><DORA hai="85" /><G132/><T76/><D76/><N who="1" m="44175" /><E108/><V130/><F102/><W43/><G43/><T52/><D128/><U120/><E120/><V84/><F84/><W125/><G125/><T33/><D33/><U111/><E111/><V135/><F105/><W26/><G9/><T77/><D77/><U131/><E131/><V38/><F130/><W49/><G49/><T39/><D112/><U115/><E115/><V58/><F135/><W53/><G53/><T36/><D114/><U123/><E123/><V55/><F55/><W93/><AGARI ba="1,0" hai="18,19,24,25,26,51,54,56,88,93,97" m="17522" machi="93" ten="40,8000,1" yaku="8,1,52,2,54,1" doraHai="94,85" who="3" fromWho="3" sc="245,-21,262,-41,246,-21,247,83" /><INIT seed="2,0,0,5,1,134" ten="224,221,225,330" oya="2" hai0="52,46,117,73,58,108,65,106,28,135,26,127,3" hai1="96,86,125,103,67,123,129,7,8,74,113,87,36" hai2="0,133,120,20,79,115,72,4,83,32,66,62,84" hai3="12,104,101,124,19,77,45,16,126,116,38,111,43"/><V10/><F120/><W132/><G116/><T33/><D117/><U89/><E113/><V48/><F115/><W24/><G111/><T107/><D108/><U57/><E36/><V69/><F133/><W5/><G132/><T70/><D135/><U59/><E74/><V1/><F84/><W17/><G77/><T63/><D73/><U82/><E123/><V93/><F93/><W2/><G2/><T37/><D3/><U118/><E129/><V109/><F1/><W55/><G55/><T18/><D18/><U60/><E118/><V122/><F122/><W128/><G128/><T39/><D127/><N who="3" m="48681" /><G24/><T11/><D11/><U131/><E131/><V64/><F109/><W130/><G130/><T114/><D114/><U40/><E40/><V50/><F32/><W88/><G88/><T95/><D95/><U23/><E125/><V90/><F90/><W119/><G119/><T53/><D53/><U29/><E87/><V6/><F66/><W110/><G110/><T15/><D15/><U94/><E67/><V42/><F42/><W98/><G5/><T76/><D76/><U25/><E60/><V31/><REACH who="2" step="1"/><F6/><REACH who="2" ten="224,221,215,330" step="2"/><W68/><G68/><T21/><D107/><U47/><E7/><V41/><F41/><W81/><G81/><T34/><D106/><U49/><E82/><V105/><F105/><W35/><G35/><T56/><D33/><U99/><E89/><V13/><F13/><AGARI ba="0,1" hai="12,13,16,17,19,38,43,45,98,101,104" m="48681" machi="13" ten="30,8000,1" yaku="18,1,52,3,54,1" doraHai="134" who="3" fromWho="2" sc="224,0,221,0,215,-80,330,90" /><INIT seed="3,0,0,2,2,133" ten="224,221,135,420" oya="3" hai0="57,127,48,43,49,47,124,130,113,107,3,89,101" hai1="37,131,56,109,4,24,70,50,90,74,72,134,13" hai2="52,31,41,39,58,82,6,11,81,15,105,135,71" hai3="30,100,123,66,116,76,75,61,84,33,98,129,19"/><W86/><G123/><T20/><D3/><U88/><E70/><V94/><F135/><W54/><G116/><T26/><D130/><U9/><E37/><V95/><F105/><N who="3" m="63639" /><G129/><T44/><D113/><U87/><E134/><V91/><F71/><N who="3" m="42447" /><G19/><T62/><D89/><U85/><E131/><V96/><F31/><W67/><G67/><N who="0" m="39375" /><D101/><U120/><E109/><V104/><F104/><W65/><G65/><T63/><D107/><U78/><E78/><V51/><REACH who="2" step="1"/><F95/><REACH who="2" ten="224,221,125,420" step="2"/><W99/><G30/><T73/><D73/><U10/><E74/><V117/><F117/><W21/><G75/><T122/><D122/><U45/><E72/><V17/><F17/><W102/><G33/><T69/><D69/><U79/><E120/><V119/><F119/><W38/><G76/><T35/><D35/><U121/><E79/><V40/><F40/><W14/><G54/><T8/><D63/><U5/><E121/><V118/><F118/><W16/><G38/><T12/><D43/><U0/><E87/><V27/><F27/><W103/><G86/><T36/><D36/><U53/><E24/><V29/><F29/><W64/><G84/><T114/><D114/><U7/><E85/><V18/><F18/><W83/><G16/><N who="0" m="12551" /><D48/><U128/><E128/><V126/><F126/><N who="0" m="48170" /><D49/><U92/><E92/><V125/><F125/><W46/><G64/><T132/><D132/><U59/><E50/><V111/><F111/><W1/><G102/><T2/><D2/><U106/><E106/><V68/><F68/><W77/><G1/><T28/><D28/><U32/><E0/><V34/><F34/><RYUUKYOKU ba="0,1" sc="224,15,221,-15,125,15,420,-15" hai0="8,12,44,47" hai2="6,11,15,39,41,51,52,58,81,82,91,94,96" /><INIT seed="4,1,1,5,2,47" ten="239,206,140,405" oya="0" hai0="8,122,61,108,114,15,45,25,41,87,133,109,16" hai1="12,55,50,95,2,49,75,99,43,100,77,112,52" hai2="63,78,98,27,31,116,5,29,86,9,92,20,124" hai3="22,7,93,4,102,60,62,74,131,127,11,1,118"/><T0/><D122/><U103/><E2/><V134/><F124/><W64/><G127/><T57/><D114/><U72/><E112/><V76/><F134/><W69/><G118/><T67/><D133/><U6/><E75/><V36/><F116/><W38/><G74/><T28/><D0/><U42/><E72/><V96/><F36/><W135/><G135/><T34/><REACH who="0" step="1"/><D87/><REACH who="0" ten="229,206,140,405" step="2"/><U44/><E77/><V83/><F78/><W129/><G1/><T68/><D68/><U125/><E125/><V105/><F105/><W37/><G69/><T40/><D40/><U71/><E71/><V120/><F120/><W85/><G85/><T89/><D89/><U26/><E100/><V24/><F63/><W13/><G62/><T65/><D65/><U94/><E94/><V70/><F70/><W51/><G60/><T30/><D30/><U81/><E81/><V107/><F107/><W80/><G93/><T21/><D21/><U128/><E43/><V56/><F92/><W17/><G80/><T53/><D53/><U115/><E115/><V110/><F110/><W32/><G64/><T126/><D126/><U130/><E42/><V19/><F31/><W101/><G101/><T119/><D119/><U48/><E55/><V91/><F91/><W84/><G102/><T111/><D111/><U3/><E3/><V106/><F106/><W73/><G84/><T121/><D121/><U88/><E103/><V79/><F79/><W58/><G73/><T10/><D10/><N who="1" m="4183" /><E26/><V132/><F132/><W90/><G90/><T39/><AGARI ba="1,2" hai="8,15,16,25,28,34,39,41,45,57,61,67,108,109" machi="39" ten="30,6000,0" yaku="1,1,0,1,54,1,53,0" doraHai="47" doraHaiUra="113" who="0" fromWho="0" sc="229,83,206,-21,140,-21,405,-21" /><INIT seed="4,2,0,3,2,8" ten="312,185,119,384" oya="0" hai0="133,127,118,44,90,36,64,116,135,105,99,56,0" hai1="75,71,86,6,62,132,42,117,108,112,67,72,77" hai2="120,114,14,60,66,91,126,20,124,61,125,88,52" hai3="29,37,128,54,109,119,35,84,30,95,69,131,85"/><T48/><D36/><U89/><E108/><V79/><F120/><W57/><G109/><T18/><D0/><U76/><E117/><V111/><F111/><W26/><G119/><T53/><D127/><U28/><E132/><N who="0" m="50761" /><D18/><U10/><E112/><V73/><F114/><W15/><G69/><T129/><D129/><N who="3" m="49737" /><G37/><T123/><D123/><U58/><E71/><V97/><F73/><W81/><G30/><T39/><D39/><U113/><E113/><V49/><F79/><W115/><G115/><T122/><D122/><U92/><E28/><V46/><F97/><W110/><G110/><T102/><D90/><N who="2" m="34346" /><F66/><W70/><G70/><T22/><D22/><U31/><E31/><V101/><F101/><W9/><G95/><T74/><D74/><U43/><E75/><V96/><F96/><W24/><G81/><T134/><D134/><U65/><E65/><V27/><F27/><W78/><G26/><T4/><D4/><U130/><E130/><V98/><F98/><W21/><G21/><T51/><D64/><U32/><E32/><V2/><F2/><W68/><G78/><N who="1" m="30314" /><E72/><V106/><F106/><W50/><G68/><T55/><AGARI ba="2,0" hai="44,48,51,53,55,56,99,102,105,116,118" m="50761" machi="55" ten="30,1500,0" yaku="20,1" doraHai="8" who="0" fromWho="0" sc="312,21,185,-7,119,-7,384,-7" /><INIT seed="4,3,0,0,4,65" ten="333,178,112,377" oya="0" hai0="6,22,38,14,57,42,103,96,7,134,86,33,118" hai1="55,129,34,4,23,63,0,114,71,93,99,69,56" hai2="66,75,20,49,59,123,81,128,77,21,9,48,72" hai3="92,107,130,10,46,105,78,131,51,39,111,83,125"/><T58/><D33/><U104/><E34/><V91/><F123/><W36/><G111/><T2/><D2/><U25/><E104/><N who="3" m="40010" /><G92/><T37/><D118/><U16/><E129/><N who="3" m="49162" /><G10/><T12/><D86/><U54/><E114/><V52/><F128/><W117/><G117/><T24/><D42/><U84/><E55/><V101/><F75/><N who="3" m="43487" /><G125/><T50/><D50/><U76/><E4/><V3/><F101/><W62/><G62/><T106/><D106/><U35/><E35/><V116/><F116/><W60/><G60/><T80/><D80/><N who="1" m="47111" /><E0/><V47/><F66/><W27/><G27/><T90/><D103/><U98/><E98/><V132/><F91/><AGARI ba="3,0" hai="16,23,25,54,56,63,69,71,91,93,99" m="47111" machi="91" ten="30,7700,0" yaku="25,1,52,2,54,1" doraHai="65" who="1" fromWho="2" sc="333,0,178,86,112,-86,377,0" /><INIT seed="5,0,0,0,0,13" ten="333,264,26,377" oya="1" hai0="125,74,98,90,97,67,83,21,28,59,108,117,114" hai1="53,50,91,77,82,69,31,135,58,88,101,115,9" hai2="55,105,57,84,32,22,87,81,60,63,14,62,106" hai3="96,43,10,127,64,39,80,25,3,131,104,123,33"/><U93/><E69/><V109/><F109/><W61/><G123/><T86/><D108/><U134/><E115/><V129/><F129/><W0/><G80/><T100/><D114/><U51/><E31/><V18/><F32/><W40/><G131/><T132/><D117/><U65/><E65/><V29/><F29/><N who="3" m="19631" /><G127/><T52/><D67/><U111/><E111/><V8/><F55/><W2/><G10/><T6/><D125/><U124/><E124/><V70/><F70/><N who="3" m="42255" /><G39/><T103/><D6/><U121/><E121/><V44/><F44/><W71/><G71/><T34/><D34/><U1/><E51/><V7/><F57/><W11/><G11/><T75/><D75/><U68/><E68/><V36/><F36/><W23/><G23/><T76/><D132/><N who="1" m="50731" /><E101/><AGARI ba="0,0" hai="0,2,3,40,43,96,101,104" m="42255,19631" machi="101" ten="30,1000,0" yaku="25,1" doraHai="13" who="3" fromWho="1" sc="333,0,264,-10,26,0,377,10" /><INIT seed="6,0,0,5,5,9" ten="333,254,26,387" oya="2" hai0="57,65,38,44,79,89,114,13,124,67,41,122,46" hai1="47,48,37,52,72,103,7,25,112,17,96,120,51" hai2="92,105,113,40,39,66,102,71,125,110,18,73,3" hai3="132,84,101,115,5,26,29,83,109,80,42,30,134"/><V60/><F125/><W91/><G109/><T87/><D124/><U129/><E72/><V32/><F110/><W106/><G115/><T20/><D122/><U59/><E112/><V19/><F113/><W130/><G130/><T98/><D46/><U121/><E129/><V93/><F73/><W6/><G42/><T62/><D79/><U11/><E25/><V24/><F3/><W64/><G64/><T21/><D98/><U31/><E31/><N who="2" m="19559" /><F39/><W90/><G26/><T0/><D0/><U10/><E17/><N who="2" m="6155" /><F40/><W43/><G43/><T85/><D114/><U58/><E37/><V33/><F33/><W56/><G56/><T77/><D67/><U76/><E76/><V107/><F105/><W27/><G27/><T95/><D77/><U53/><E47/><V22/><F22/><W99/><G29/><T88/><REACH who="0" step="1"/><D13/><REACH who="0" ten="323,254,26,387" step="2"/><U108/><E108/><V94/><F94/><AGARI ba="0,1" hai="20,21,38,41,44,57,62,65,85,87,88,89,94,95" machi="94" ten="30,8000,1" yaku="1,1,2,1,7,1,9,1,54,1,53,0" doraHai="9" doraHaiUra="14" who="0" fromWho="2" sc="323,90,254,0,26,-80,387,0" owari="413,51.0,254,-15.0,-54,-55.0,387,19.0" /></mjloggm>