<mjloggm ver="2.3"><GO type="225" lobby="0"/><UN n0="%64%61%72%74%65%72" n1="%E3%82%AB%E3%83%A9%E3%82%B9%E3%81%AE%E5%AD%90" n2="%E7%9C%9F%E5%86%AC%E3%81%AE%E5%90%91%E6%97%A5%E8%91%B5" n3="%E3%82%A6%E3%83%AB%E3%83%88%E3%83%A9%E7%AB%8B%E7%9B%B4" dan="17,17,16,17" rate="2137.32,2150.74,2123.57,2166.16" sx="M,M,M,M"/><TAIKYOKU oya="0"/><INIT seed="0,0,0,4,0,62" ten="250,250,250,250" oya="0" hai0="51,30,14,20,116,93,99,59,78,73,12,130,71" hai1="77,7,23,13,69,94,10,53,60,83,33,117,15" hai2="92,100,70,124,24,87,132,107,58,5,31,41,19" hai3="110,4,21,112,3,90,97,75,25,38,114,120,106"/><T104/><D71/><U101/><E117/><V123/><F70/><W18/><G38/><T88/><D116/><U34/><E101/><V113/><F5/><W105/><G75/><T125/><D125/><U56/><E69/><V29/><F41/><W50/><G106/><T63/><D130/><U9/><E23/><V79/><F107/><W44/><G110/><T80/><D104/><U36/><E94/><V86/><F92/><W133/><G133/><T27/><REACH who="0" step="1"/><D51/><REACH who="0" ten="240,250,250,250" step="2"/><U118/><E118/><V72/><F124/><W54/><G105/><T98/><D98/><U95/><E36/><V48/><F48/><W121/><G97/><T55/><AGARI ba="0,1" hai="12,14,20,27,30,55,59,63,73,78,80,88,93,99" machi="55" ten="20,12000,1" yaku="1,1,0,1,7,1,54,1,53,1" doraHai="62" doraHaiUra="74" who="0" fromWho="0" sc="240,130,250,-40,250,-40,250,-40" /><INIT seed="0,1,0,4,3,64" ten="370,210,210,210" oya="0" hai0="38,26,84,122,59,25,119,135,68,115,131,13,89" hai1="49,56,16,33,17,94,24,34,7,58,63,0,6" hai2="57,39,20,123,92,73,46,120,129,14,53,40,54" hai3="127,90,30,69,43,121,29,79,83,47,36,62,133"/><T23/><D68/><U45/><E34/><V52/><F73/><W15/><G133/><T74/><D74/><U106/><E106/><V82/><F82/><W78/><G127/><T87/><D38/><U112/><E112/><V71/><F129/><W67/><G121/><N who="2" m="46665" /><F92/><W95/><G15/><T11/><D119/><U108/><E108/><V27/><F20/><W126/><G126/><T98/><D135/><U37/><E37/><V81/><F81/><W28/><REACH who="3" step="1"/><G83/><REACH who="3" ten="370,210,210,200" step="2"/><T101/><D13/><U70/><E0/><V125/><F14/><W102/><G102/><T41/><D101/><U91/><E7/><V35/><F125/><W19/><G19/><T76/><D122/><U107/><E6/><V80/><F80/><W51/><G51/><T110/><D76/><U42/><E16/><V114/><F27/><W105/><G105/><T117/><D25/><U5/><E107/><V104/><F104/><W8/><G8/><T132/><D11/><U72/><E5/><V44/><F114/><W21/><G21/><T99/><D23/><U22/><E33/><V18/><F18/><W66/><G66/><T96/><D26/><U3/><E3/><V86/><F35/><W118/><G118/><T109/><D117/><U97/><E72/><V31/><F39/><W61/><G61/><T100/><D132/><U128/><E128/><V77/><F77/><W111/><G111/><T130/><D110/><U32/><E32/><V10/><F10/><W9/><G9/><T50/><D109/><U75/><E75/><V60/><F60/><W65/><G65/><T2/><D131/><RYUUKYOKU ba="1,1" sc="370,-15,210,15,210,-15,200,15" hai1="17,22,24,42,45,49,56,58,63,70,91,94,97" hai3="28,29,30,36,43,47,62,67,69,78,79,90,95" /><INIT seed="1,2,1,5,3,86" ten="355,225,195,215" oya="1" hai0="127,77,111,85,80,10,123,75,134,31,62,47,14" hai1="34,79,20,45,101,112,108,70,17,25,22,12,40" hai2="122,93,42,67,50,73,61,18,23,37,52,78,63" hai3="65,129,69,2,8,118,16,68,26,53,133,125,109"/><U60/><E112/><V92/><F122/><W21/><G65/><T64/><D111/><U28/><E108/><V71/><F63/><W113/><G113/><T95/><D123/><U5/><E79/><V59/><F73/><W39/><G39/><T89/><D127/><U19/><E101/><V49/><F49/><W38/><G38/><T135/><D31/><U44/><E5/><V29/><F78/><W13/><G109/><T128/><D47/><U57/><E70/><V107/><F107/><W33/><G125/><T106/><D106/><U72/><E72/><V103/><F103/><W32/><G129/><T97/><D128/><U15/><E40/><V76/><F76/><W131/><G131/><T24/><D24/><U54/><AGARI ba="2,1" hai="12,15,17,19,20,22,25,28,34,44,45,54,57,60" machi="54" ten="20,3900,0" yaku="0,1,7,1,9,1" doraHai="86" who="1" fromWho="1" sc="355,-15,225,55,195,-15,215,-15" /><INIT seed="1,3,0,4,0,116" ten="340,280,180,200" oya="1" hai0="114,41,73,95,74,86,68,69,40,10,17,31,26" hai1="30,76,52,45,98,84,62,124,34,66,97,67,96" hai2="58,93,38,92,28,2,132,102,9,1,8,21,0" hai3="44,113,53,103,81,50,90,130,126,115,7,43,134"/><U123/><E123/><V49/><F38/><W131/><G103/><T36/><D114/><N who="3" m="43529" /><G7/><T99/><D86/><U11/><E124/><V14/><F132/><W80/><G90/><T110/><D69/><U16/><E34/><V6/><F102/><W72/><G72/><T127/><D68/><U111/><E30/><V101/><F101/><W13/><G13/><T77/><D110/><U15/><E111/><V61/><F49/><N who="3" m="26783" /><G134/><T87/><D127/><U133/><E133/><V117/><F117/><W91/><G91/><T25/><D87/><U88/><E76/><V120/><F120/><W56/><G126/><T19/><D19/><U60/><E60/><V42/><F42/><W35/><G35/><T29/><D17/><U118/><E118/><V71/><F71/><W4/><G4/><T105/><D105/><U46/><E46/><V112/><F112/><W3/><G3/><T23/><D10/><U20/><E11/><V85/><F85/><W89/><G89/><T5/><D5/><U78/><E78/><V51/><F9/><W75/><G75/><T24/><D36/><U55/><E45/><V39/><F39/><W37/><G37/><T122/><D122/><U104/><E104/><V82/><F82/><W107/><G107/><T79/><D79/><U27/><E27/><N who="0" m="10313" /><D31/><U125/><E125/><V64/><F51/><W119/><G119/><T32/><D32/><U54/><E62/><V18/><F28/><W70/><G70/><T100/><D74/><U59/><E59/><V57/><F57/><W109/><G109/><T106/><D106/><U12/><E12/><AGARI ba="3,0" hai="0,1,2,6,8,12,14,18,21,58,61,64,92,93" machi="12" ten="40,1300,0" yaku="6,1" doraHai="116" who="2" fromWho="1" sc="340,0,280,-22,180,22,200,0" /><INIT seed="2,0,0,5,1,41" ten="340,258,202,200" oya="2" hai0="110,42,82,135,55,78,43,120,81,17,86,52,80" hai1="101,3,44,2,126,63,92,31,71,45,16,69,30" hai2="38,57,40,28,72,15,76,22,9,36,37,59,83" hai3="46,75,56,4,114,77,128,6,93,87,48,133,129"/><V104/><F104/><W32/><G32/><T70/><D120/><U49/><E63/><V134/><F134/><W66/><G75/><T65/><D110/><U89/><E101/><V73/><F73/><W14/><G133/><T19/><D70/><U131/><E131/><N who="3" m="50250" /><G114/><T11/><D65/><U8/><E126/><V79/><F79/><W124/><G124/><T118/><D118/><U34/><E34/><V97/><F97/><W13/><G56/><T29/><D29/><U21/><E49/><V25/><REACH who="2" step="1"/><F40/><REACH who="2" ten="340,258,192,200" step="2"/><N who="3" m="24647" /><G66/><T96/><D135/><U24/><E89/><V10/><F10/><W54/><G54/><T132/><D132/><U0/><E8/><V27/><F27/><W74/><G74/><T53/><D42/><U123/><E123/><V130/><F130/><W20/><G77/><T67/><D43/><U60/><E71/><V113/><F113/><W127/><G127/><T109/><D67/><U116/><E69/><V125/><F125/><W35/><G35/><T50/><D96/><U58/><E116/><V18/><AGARI ba="0,1" hai="9,15,18,22,25,28,36,37,38,57,59,72,76,83" machi="18" ten="30,3000,0" yaku="1,1,0,1,53,0" doraHai="41" doraHaiUra="62" who="2" fromWho="2" sc="340,-10,258,-10,192,40,200,-10" /><INIT seed="2,1,0,5,0,51" ten="330,248,232,190" oya="2" hai0="111,37,93,4,90,3,45,131,2,38,100,39,83" hai1="20,98,34,95,32,64,113,96,118,5,117,133,99" hai2="33,120,102,26,50,9,132,17,126,29,89,114,91" hai3="72,49,53,110,94,65,105,69,21,15,25,19,78"/><V71/><F114/><W134/><G105/><T88/><D100/><U81/><E113/><V74/><F120/><W35/><G110/><T112/><D112/><U66/><E133/><V124/><F74/><W128/><G134/><T1/><D4/><U61/><E95/><V46/><F71/><W54/><G128/><T14/><D14/><U40/><E40/><V125/><F132/><W75/><G69/><T0/><D0/><U86/><E5/><V58/><F58/><N who="3" m="33071" /><G35/><T106/><D106/><U79/><E20/><V13/><REACH who="2" step="1"/><F102/><REACH who="2" ten="330,248,222,190" step="2"/><W6/><G75/><T121/><D121/><U119/><E118/><V103/><F103/><W12/><G72/><T36/><D131/><U108/><E119/><V73/><F73/><W82/><G65/><T80/><D111/><U109/><E117/><V127/><N who="2" m="31744" /><DORA hai="28" /><V62/><F62/><W84/><G6/><T101/><D101/><U8/><E109/><V135/><F135/><W85/><G54/><AGARI ba="1,1" hai="9,13,17,26,29,33,46,50,54,89,91" m="31744" machi="54" ten="70,12000,1" yaku="1,1,18,1,52,2,53,1" doraHai="51,28" doraHaiUra="42,97" who="2" fromWho="3" sc="330,0,248,0,222,133,190,-123" /><INIT seed="2,2,0,3,5,89" ten="330,248,355,67" oya="2" hai0="28,76,70,16,95,21,84,102,106,93,9,121,4" hai1="100,88,2,44,48,41,86,59,83,104,128,130,64" hai2="103,109,126,132,96,3,14,13,22,55,85,5,105" hai3="73,115,61,62,35,129,72,110,51,7,23,131,67"/><V75/><F75/><W57/><G35/><T36/><D121/><U25/><E2/><V69/><F69/><W124/><G7/><T54/><D36/><U56/><E25/><V29/><F3/><W107/><G107/><T50/><D70/><U63/><E104/><V18/><F29/><W135/><G23/><T81/><D28/><U52/><REACH who="1" step="1"/><E100/><REACH who="1" ten="330,238,355,67" step="2"/><V87/><F103/><W34/><G34/><T10/><D106/><U20/><E20/><V27/><F105/><W91/><G115/><T78/><D102/><U6/><E6/><V37/><F5/><W71/><G131/><T42/><D4/><U40/><E40/><V77/><F27/><W122/><G129/><T1/><D1/><U15/><E15/><V97/><F14/><W127/><G122/><T99/><D42/><U79/><E79/><V94/><F77/><W11/><G127/><T24/><D76/><U98/><E98/><V43/><F97/><W111/><G124/><T58/><D99/><U17/><E17/><V0/><F96/><W31/><G110/><T133/><D133/><U80/><E80/><V53/><F18/><W45/><G111/><T119/><D119/><U46/><E46/><V114/><F109/><W108/><G135/><T82/><D82/><U90/><E90/><V120/><F132/><W116/><G108/><T125/><D125/><U30/><E30/><V32/><F126/><W39/><G31/><T26/><D24/><U117/><E117/><V134/><F134/><W60/><G91/><T74/><D74/><U112/><E112/><V101/><F114/><W118/><G116/><RYUUKYOKU ba="2,1" sc="330,15,238,15,355,-15,67,-15" hai0="9,10,16,21,26,50,54,58,78,81,84,93,95" hai1="41,44,48,52,56,59,63,64,83,86,88,128,130" /><INIT seed="3,3,1,2,1,18" ten="345,253,340,52" oya="3" hai0="135,96,68,134,86,92,124,12,54,5,19,123,11" hai1="6,50,56,0,130,53,118,25,28,91,131,63,119" hai2="85,58,122,128,9,51,109,36,44,82,102,71,46" hai3="3,107,79,83,70,32,55,8,75,30,90,101,61"/><W125/><G125/><T69/><D123/><U15/><E0/><V41/><F71/><W127/><G127/><T45/><D124/><U48/><E91/><N who="2" m="51639" /><F36/><W52/><G90/><N who="0" m="53335" /><D96/><U110/><E6/><V94/><F122/><W84/><G84/><T113/><D113/><U115/><E15/><V129/><F109/><W39/><G39/><T42/><D54/><U95/><E95/><V17/><F102/><W76/><G76/><T64/><D64/><U133/><E25/><V65/><F94/><W7/><G52/><T59/><D59/><U73/><E28/><V14/><F65/><N who="3" m="41263" /><G55/><T72/><D72/><U27/><E27/><V104/><F104/><W35/><G30/><T57/><D57/><U4/><E4/><V112/><F112/><W62/><G62/><T37/><D5/><U26/><E26/><V24/><F24/><W33/><G33/><T66/><D66/><U120/><E73/><V106/><F106/><W89/><G89/><T77/><D77/><U93/><E93/><V126/><F126/><W47/><G47/><T22/><D11/><U117/><E120/><V38/><F58/><W114/><G114/><T116/><D116/><U80/><E115/><V13/><F13/><W34/><G101/><T88/><D88/><U60/><E80/><V121/><F121/><W29/><G29/><T81/><D81/><U10/><E119/><V87/><F87/><W99/><G99/><T43/><D43/><U21/><E118/><V1/><F1/><W132/><G107/><T2/><D2/><U49/><E117/><V97/><F97/><W67/><G67/><RYUUKYOKU ba="3,1" sc="345,10,253,-30,340,10,52,10" hai0="12,19,22,37,42,45,68,69,134,135" hai2="9,14,17,38,41,44,46,51,128,129" hai3="3,7,8,32,34,35,75,79,83,132" /><INIT seed="3,4,1,1,4,39" ten="355,223,350,62" oya="3" hai0="71,66,73,14,18,70,100,9,68,26,23,35,1" hai1="47,22,108,103,102,76,32,115,4,58,113,13,2" hai2="72,30,126,16,21,46,7,20,99,74,42,93,134" hai3="129,24,92,43,130,90,80,112,25,31,127,86,55"/><W133/><G112/><T96/><D73/><U65/><E32/><V48/><F126/><W83/><G127/><T109/><D109/><U89/><E108/><V123/><F134/><W51/><G133/><T94/><D1/><U57/><E2/><V104/><F104/><W12/><G130/><T52/><D35/><U15/><E76/><V110/><F110/><W67/><G129/><T88/><D52/><U60/><E47/><V116/><F116/><W75/><G67/><T69/><D69/><U8/><E89/><V6/><F123/><W124/><G124/><T0/><D0/><U107/><E107/><V118/><F118/><W125/><G125/><T19/><REACH who="0" step="1"/><D100/><REACH who="0" ten="345,223,350,62" step="2"/><U61/><E113/><V33/><F33/><W77/><G43/><T131/><D131/><U38/><E38/><V84/><F74/><W64/><G64/><AGARI ba="4,2" hai="9,14,18,19,23,26,64,66,68,70,71,88,94,96" machi="64" ten="40,2600,0" yaku="1,1,54,1,53,0" doraHai="39" doraHaiUra="98" who="0" fromWho="3" sc="345,58,223,0,350,0,62,-38" owari="403,51.0,223,-18.0,350,15.0,24,-48.0" /></mjloggm>