<mjloggm ver="2.3"><GO type="169" lobby="0"/><UN n0="%E3%83%88%E3%83%88%E3%83%AA%E5%85%88%E7%94%9F%31%39%E6%AD%B3" n1="%77%61%77%61%33%30%33%30" n2="%6E%61%6B%61%6A%75%75%6E" n3="%E3%81%AA%E3%81%A3%E3%81%8D%E3%82%8A" dan="19,17,17,16" rate="2260.24,2202.52,2185.03,2081.93" sx="F,M,M,M"/><TAIKYOKU oya="0"/><INIT seed="0,0,0,1,2,10" ten="250,250,250,250" oya="0" hai0="42,12,104,70,58,15,113,29,105,106,50,81,2" hai1="129,54,93,38,25,119,128,123,4,102,82,45,32" hai2="110,24,118,60,39,55,76,116,37,19,1,126,125" hai3="30,133,117,34,75,13,3,122,114,9,72,16,74"/><T121/><D113/><U95/><E123/><V49/><F1/><W79/><G114/><T28/><D121/><U84/><E119/><N who="2" m="45611" /><F76/><W109/><G109/><T132/><D2/><U65/><E65/><V120/><F120/><W108/><G108/><T130/><D70/><U115/><E115/><V27/><F110/><W90/><G117/><T100/><D100/><U18/><E4/><V48/><F19/><W23/><G122/><T0/><D0/><U131/><E102/><V101/><F27/><N who="3" m="18783" /><G90/><T35/><D130/><U86/><E86/><V89/><F89/><W103/><G103/><T78/><D132/><U124/><E124/><N who="2" m="47723" /><F24/><W7/><G133/><T46/><D35/><U88/><E32/><V21/><F21/><W26/><G26/><T71/><D71/><U5/><E5/><V63/><F101/><W92/><G92/><T111/><D111/><U61/><E25/><V59/><F49/><W68/><G68/><T83/><D28/><U8/><E18/><V22/><F22/><W77/><AGARI ba="0,0" hai="3,7,9,13,16,23,72,74,75,77,79" m="18783" machi="77" ten="40,5200,0" yaku="24,1,52,1,54,1" doraHai="10" who="3" fromWho="3" sc="250,-26,250,-13,250,-13,250,52" /><INIT seed="1,0,0,1,2,43" ten="224,237,237,302" oya="1" hai0="92,28,34,31,67,119,106,86,6,68,58,112,87" hai1="134,15,52,77,74,17,133,2,38,21,64,88,36" hai2="93,105,18,33,125,55,72,90,85,50,131,22,4" hai3="113,0,81,32,27,7,129,114,56,48,71,53,109"/><U44/><E2/><V57/><F131/><W75/><G129/><T80/><D112/><U11/><E64/><V65/><F125/><W47/><G71/><T82/><D119/><U59/><E77/><V37/><F33/><W110/><G0/><T100/><D68/><U121/><E74/><V63/><F37/><W111/><G7/><T116/><D106/><U79/><E79/><V46/><F105/><W124/><G124/><T62/><D116/><U49/><E121/><V107/><F107/><W132/><G132/><N who="1" m="50794" /><E11/><V19/><F4/><W41/><G81/><T99/><D6/><U30/><E30/><V14/><F72/><W128/><G75/><T45/><D34/><U126/><E126/><V91/><F91/><W16/><G128/><T20/><D20/><U108/><E108/><V73/><F73/><W42/><G42/><T84/><D31/><U3/><E3/><V23/><F19/><W13/><G32/><T103/><D28/><U29/><E29/><V9/><AGARI ba="0,0" hai="9,14,18,22,23,46,50,55,57,63,65,85,90,93" machi="9" ten="20,5200,0" yaku="0,1,7,1,8,1,52,1" doraHai="43" who="2" fromWho="2" sc="224,-13,237,-26,237,52,302,-13" /><INIT seed="2,0,0,1,4,67" ten="211,211,289,289" oya="2" hai0="120,59,135,119,56,92,75,69,17,5,84,52,93" hai1="121,106,33,24,123,91,72,125,34,111,104,118,129" hai2="29,23,3,128,46,4,66,108,124,81,62,76,48" hai3="58,12,114,86,27,37,10,57,16,70,99,63,117"/><V14/><F128/><W42/><G117/><T116/><D120/><U131/><E118/><N who="0" m="45097" /><D75/><U6/><E6/><V112/><F112/><W25/><G114/><T35/><D35/><N who="1" m="13323" /><E24/><N who="3" m="9290" /><G70/><T74/><D74/><U39/><E91/><V44/><F124/><W97/><G37/><T30/><D30/><U50/><E50/><V132/><F132/><W80/><G42/><T105/><D105/><N who="1" m="40555" /><E72/><V32/><F32/><W110/><G110/><T2/><D135/><U41/><E111/><V54/><F29/><W73/><G73/><T77/><D59/><N who="3" m="22537" /><G63/><N who="0" m="36231" /><D17/><U95/><E95/><V65/><F108/><W28/><G28/><T21/><D93/><U49/><E49/><V98/><F48/><W102/><G102/><T113/><D113/><U31/><E31/><V38/><F4/><W22/><G22/><T87/><D21/><U96/><E125/><V107/><F23/><W88/><AGARI ba="0,0" hai="10,12,16,80,86,88,97,99" m="22537,9290" machi="88" ten="30,4000,0" yaku="8,1,54,2" doraHai="67" who="3" fromWho="3" sc="211,-10,211,-10,289,-20,289,40" /><INIT seed="3,0,0,3,2,16" ten="201,201,269,329" oya="3" hai0="80,85,121,39,98,41,73,40,90,55,86,66,27" hai1="129,83,43,70,102,38,20,122,64,99,111,103,94" hai2="84,77,112,74,6,110,50,133,9,36,135,128,60" hai3="97,57,19,49,130,8,29,12,119,17,69,61,63"/><W127/><G119/><T30/><D121/><U67/><E122/><V117/><F112/><W118/><G118/><T1/><D1/><U123/><E123/><V15/><F36/><W56/><G29/><T54/><D73/><U42/><E111/><V35/><F117/><W33/><G33/><T65/><D98/><U34/><E34/><V7/><F35/><W25/><G69/><T113/><D113/><U132/><E70/><V106/><F106/><W107/><G127/><T26/><D39/><U10/><E10/><V59/><F128/><W47/><G130/><T78/><D54/><U52/><E38/><V68/><F74/><W48/><G97/><T72/><D72/><U81/><E129/><V126/><F126/><W11/><G107/><T37/><D55/><U28/><E52/><N who="2" m="32151" /><F68/><W87/><G87/><T101/><D101/><U95/><E132/><N who="2" m="50763" /><F60/><W82/><G82/><T124/><D124/><U3/><E99/><V32/><F32/><W115/><G115/><T51/><D37/><U0/><REACH who="1" step="1"/><E28/><REACH who="1" ten="201,191,269,329" step="2"/><V88/><F110/><W91/><G8/><T46/><D30/><U100/><E100/><V23/><F9/><W24/><G11/><T120/><D120/><U89/><E89/><V96/><F96/><W2/><G91/><T105/><D105/><U53/><E53/><V114/><F114/><W108/><G108/><T76/><D90/><U109/><E109/><V4/><F77/><W58/><G2/><T31/><D78/><U131/><E131/><V104/><F104/><W93/><G61/><T44/><D76/><U75/><E75/><V22/><F88/><RYUUKYOKU ba="0,1" sc="201,-10,191,30,269,-10,329,-10" hai1="0,3,20,42,43,64,67,81,83,94,95,102,103" /><INIT seed="4,1,1,2,4,115" ten="191,221,259,319" oya="0" hai0="16,22,121,21,17,93,23,131,49,123,112,2,56" hai1="60,59,61,86,70,62,57,38,119,100,52,66,76" hai2="87,105,107,0,50,89,122,37,41,109,127,27,28" hai3="26,114,92,54,45,43,128,79,78,81,99,15,33"/><T29/><D2/><U124/><E100/><V46/><F109/><W3/><G3/><T58/><D112/><U51/><E76/><V47/><F0/><W36/><G54/><N who="0" m="31823" /><D123/><U120/><E86/><V94/><F127/><W63/><G63/><N who="1" m="24138" /><E120/><V83/><F83/><W55/><G55/><T20/><D121/><U104/><E104/><V106/><F122/><W84/><G128/><T31/><D131/><U129/><E129/><V110/><F110/><W7/><G114/><T10/><D58/><N who="1" m="33055" /><E119/><V116/><F116/><W134/><G78/><T85/><D10/><U64/><E124/><V39/><REACH who="2" step="1"/><F47/><REACH who="2" ten="191,221,249,319" step="2"/><W32/><G45/><T132/><D132/><U117/><E117/><V135/><F135/><W118/><G81/><T25/><D31/><U19/><E66/><V69/><F69/><W125/><G118/><T77/><D77/><U35/><E70/><V68/><F68/><W6/><G79/><T111/><D111/><U9/><E64/><V130/><F130/><W102/><G134/><T1/><D1/><U14/><E59/><V11/><F11/><W113/><G125/><T42/><D42/><U75/><E62/><V80/><F80/><W67/><G43/><T53/><D53/><U133/><E57/><V40/><F40/><W90/><G67/><T71/><D71/><U91/><E9/><V95/><F95/><W34/><G113/><T12/><D17/><U82/><E19/><V126/><F126/><W30/><G6/><T103/><D103/><U24/><E133/><V4/><F4/><W73/><G73/><T48/><D48/><U44/><E75/><RYUUKYOKU ba="1,2" sc="191,15,221,-15,249,15,319,-15" hai0="12,16,20,21,22,23,25,29,85,93" hai2="27,28,37,39,41,46,50,87,89,94,105,106,107" /><INIT seed="4,2,2,1,4,2" ten="206,206,264,304" oya="0" hai0="37,121,0,91,55,28,43,67,6,33,54,45,26" hai1="11,86,19,69,134,84,20,97,70,47,112,83,62" hai2="102,59,88,21,122,109,18,58,78,51,13,85,79" hai3="44,40,35,132,77,56,89,8,118,46,76,133,64"/><T27/><D121/><U41/><E134/><N who="3" m="51818" /><G35/><T73/><D73/><U50/><E112/><V3/><F109/><W107/><G107/><T90/><D67/><U49/><E97/><V75/><F122/><W120/><G118/><T94/><D27/><U105/><E105/><V100/><F3/><W131/><G131/><T25/><D25/><U36/><E11/><V31/><F31/><W32/><G32/><T22/><D33/><U127/><E127/><V15/><F15/><W61/><G120/><T108/><D108/><U80/><E36/><V135/><F135/><W101/><G101/><N who="2" m="39017" /><F75/><W114/><G114/><T125/><D125/><U106/><E106/><V116/><F116/><W104/><G104/><T4/><D91/><U60/><E47/><N who="3" m="17962" /><G40/><T123/><D123/><U57/><E20/><V63/><F51/><W65/><G65/><T42/><D42/><U113/><E113/><V17/><F17/><W103/><G103/><T1/><D1/><U23/><E23/><V16/><F18/><W12/><G89/><T99/><REACH who="0" step="1"/><D0/><REACH who="0" ten="196,206,264,304" step="2"/><U117/><E41/><V48/><F88/><W128/><G128/><T39/><D39/><U129/><E129/><V34/><F34/><W110/><G110/><T115/><D115/><U126/><E126/><V96/><F96/><W130/><G130/><T38/><D38/><U29/><E117/><V9/><F85/><W66/><G66/><T74/><D74/><U7/><E86/><V92/><F79/><W24/><G24/><T72/><D72/><U81/><E84/><V30/><F78/><N who="3" m="30315" /><G12/><T95/><D95/><U82/><E69/><RYUUKYOKU ba="2,3" sc="196,15,206,-15,264,-15,304,15" hai0="4,6,22,26,28,37,43,45,54,55,90,94,99" hai3="8,56,61,64" /><INIT seed="4,3,3,5,5,61" ten="211,191,249,319" oya="0" hai0="75,96,133,64,56,24,26,41,78,5,10,115,0" hai1="119,104,93,54,90,87,94,60,67,100,108,44,59" hai2="16,21,65,37,127,6,117,82,49,86,46,68,52" hai3="77,3,9,38,43,12,32,105,120,70,73,130,25"/><T92/><D115/><U89/><E108/><V102/><F127/><W30/><G12/><T122/><D122/><U27/><E119/><V14/><F117/><W95/><G95/><T20/><D133/><U80/><E104/><V35/><F35/><W7/><G120/><T131/><D131/><U109/><E109/><V85/><F102/><W101/><G130/><T47/><D20/><U18/><E100/><V97/><F97/><N who="3" m="61615" /><G70/><T112/><D112/><U81/><E18/><V19/><F6/><W63/><G63/><N who="0" m="37991" /><D92/><U83/><E27/><V110/><F110/><W48/><G48/><T84/><D84/><N who="1" m="52423" /><E44/><V40/><F82/><N who="3" m="45359" /><G43/><T79/><D96/><U116/><E116/><V134/><F134/><W121/><G121/><T72/><D79/><U74/><E74/><V15/><F68/><W58/><G58/><T88/><D88/><U118/><E118/><V39/><F39/><AGARI ba="3,3" hai="3,7,9,25,30,32,38,39" m="45359,61615" machi="39" ten="30,2000,0" yaku="33,2" doraHai="61" who="3" fromWho="2" sc="211,0,191,0,249,-29,319,59" /><INIT seed="5,0,0,5,2,108" ten="211,191,220,378" oya="1" hai0="50,16,133,40,118,52,74,79,33,77,89,58,38" hai1="86,37,49,44,106,63,14,76,90,73,36,70,55" hai2="85,18,83,72,10,60,75,111,96,20,8,19,6" hai3="48,1,68,87,93,115,2,66,105,32,5,62,135"/><U92/><E106/><V94/><F111/><W43/><G87/><T121/><D118/><U128/><E128/><V39/><F39/><W22/><G22/><T3/><D3/><U11/><E73/><V9/><F6/><W98/><G93/><T69/><D33/><U21/><E76/><V23/><F60/><W71/><G48/><T119/><D119/><U104/><E104/><V27/><F85/><W59/><G59/><T110/><D110/><U122/><E21/><V97/><F83/><W31/><G43/><T100/><D69/><U0/><E0/><V24/><REACH who="2" step="1"/><F97/><REACH who="2" ten="211,191,210,378" step="2"/><W107/><G98/><T88/><D38/><U45/><E122/><V134/><F134/><W46/><G5/><T28/><D133/><U15/><E37/><V13/><F13/><W41/><G62/><T25/><D74/><U7/><E36/><V29/><F29/><W4/><G4/><T30/><D30/><U125/><E125/><V56/><F56/><W61/><G31/><T132/><D132/><U12/><E45/><V42/><F42/><W109/><G46/><T65/><D40/><N who="1" m="24711" /><E70/><V95/><F95/><W64/><G41/><T57/><D121/><U26/><E26/><V81/><F81/><W99/><G109/><T114/><D25/><U117/><E117/><V130/><F130/><W80/><G135/><T102/><D28/><U113/><E113/><V91/><AGARI ba="0,1" hai="8,9,10,18,19,20,23,24,27,72,75,91,94,96" machi="91" ten="30,4000,0" yaku="1,1,0,1,9,1,53,0" doraHai="108" doraHaiUra="123" who="2" fromWho="2" sc="211,-10,191,-20,210,50,378,-10" /><INIT seed="6,0,0,2,2,11" ten="201,171,260,368" oya="2" hai0="92,103,41,82,122,33,4,118,2,24,130,126,80" hai1="58,37,6,120,90,49,86,70,108,1,21,50,102" hai2="64,66,112,25,85,47,75,100,67,107,29,23,116" hai3="42,19,0,131,51,81,134,38,124,119,10,73,20"/><V129/><F75/><W43/><G43/><T13/><D122/><U77/><E108/><V63/><F116/><W60/><G51/><T54/><D2/><U14/><E120/><V27/><F112/><W79/><G119/><T135/><D118/><U127/><E37/><V55/><F129/><W17/><G134/><T114/><D114/><U36/><E36/><V111/><F111/><W115/><G115/><T117/><D117/><U16/><E70/><V132/><F132/><W89/><G89/><T5/><D135/><U7/><E127/><V104/><F85/><W32/><G32/><T133/><D133/><U87/><E1/><V9/><F9/><W125/><G60/><T62/><D41/><U18/><E102/><V101/><F104/><W31/><G31/><T110/><D110/><U68/><E68/><V97/><F101/><W128/><G20/><T45/><D4/><N who="1" m="1579" /><E18/><N who="3" m="6666" /><G10/><N who="0" m="4303" /><D126/><N who="3" m="48745" /><G0/><T39/><D130/><U12/><E58/><V121/><F121/><W93/><G93/><T84/><D39/><U48/><E77/><V56/><REACH who="2" step="1"/><F27/><REACH who="2" ten="201,171,250,368" step="2"/><W69/><G131/><T65/><D103/><U109/><E109/><V61/><F61/><W105/><G128/><T95/><D62/><U3/><E3/><V35/><F35/><W59/><G105/><T28/><D33/><U88/><E14/><V57/><F57/><W106/><G106/><T71/><D71/><U22/><E22/><V40/><F40/><W34/><G59/><T52/><D24/><U46/><E46/><AGARI ba="0,1" hai="23,25,29,46,47,55,56,63,64,66,67,97,100,107" machi="46" ten="40,3900,0" yaku="1,1,53,1" doraHai="11" doraHaiUra="99" who="2" fromWho="1" sc="201,0,171,-39,250,49,368,0" /><INIT seed="6,1,0,5,2,27" ten="201,132,299,368" oya="2" hai0="79,114,54,85,130,108,118,61,111,38,63,57,80" hai1="25,48,93,78,95,1,14,110,19,56,23,76,51" hai2="20,107,31,105,58,122,65,30,134,99,128,77,100" hai3="33,116,132,44,98,24,66,127,0,81,86,16,102"/><V32/><F122/><W11/><G116/><T36/><D118/><U10/><E110/><V106/><F128/><W97/><G66/><T129/><D114/><U84/><E1/><V109/><F109/><N who="0" m="42058" /><D63/><U26/><E26/><V75/><F134/><W8/><G127/><T94/><D94/><U52/><E51/><V3/><F3/><W68/><G24/><T59/><D59/><U91/><REACH who="1" step="1"/><E95/><REACH who="1" ten="201,122,299,368" step="2"/><V123/><F107/><W133/><G0/><T5/><D130/><U4/><AGARI ba="1,1" hai="4,10,14,19,23,25,48,52,56,76,78,84,91,93" machi="4" ten="20,12000,2" yaku="1,1,2,1,0,1,7,1,8,1,54,1,53,0" doraHai="27" doraHaiUra="115" who="1" fromWho="1" sc="201,-31,122,133,299,-61,368,-31" /><INIT seed="7,0,0,5,5,27" ten="170,255,238,337" oya="3" hai0="50,35,17,88,125,25,92,121,68,113,56,53,22" hai1="112,51,133,33,117,126,57,78,11,21,104,24,118" hai2="97,64,26,65,109,129,74,44,10,20,87,73,76" hai3="1,122,69,70,90,31,28,86,105,60,84,38,107"/><W48/><G48/><T15/><D125/><U94/><E104/><V127/><F109/><W16/><G16/><T47/><D121/><U75/><E126/><V14/><F127/><W101/><G90/><T36/><D68/><U91/><E33/><V63/><F129/><W42/><G42/><T5/><D113/><U58/><E112/><V114/><F114/><W41/><G41/><T61/><D36/><U0/><E133/><V130/><F130/><W80/><G80/><T62/><D47/><U2/><E78/><V54/><F97/><W95/><G95/><T123/><D123/><U9/><E75/><V67/><F74/><W132/><G60/><T124/><D124/><U18/><E2/><V46/><F73/><W115/><G115/><T100/><D100/><U89/><E0/><V116/><F116/><N who="1" m="44649" /><E91/><V103/><F103/><W37/><G101/><T77/><D77/><U110/><E110/><V131/><F131/><W13/><G1/><T81/><D81/><U135/><E135/><V79/><F87/><W59/><G132/><T29/><D5/><U93/><E93/><V55/><F79/><W82/><G82/><T45/><REACH who="0" step="1"/><D45/><REACH who="0" ten="160,255,238,337" step="2"/><U71/><E71/><V66/><F76/><W111/><G122/><T49/><D49/><U85/><E51/><V30/><F46/><W72/><G72/><T34/><D34/><U119/><E119/><V7/><F44/><W8/><G111/><T83/><D83/><U108/><E108/><V120/><F120/><W4/><G70/><T43/><D43/><U134/><E134/><V98/><N who="2" m="16384" /><DORA hai="128" /><V32/><F32/><RYUUKYOKU ba="0,1" sc="160,15,255,15,238,-15,337,-15" hai0="15,17,22,25,29,35,50,53,56,61,62,88,92" hai1="9,11,18,21,24,57,58,85,89,94" owari="175,-32.0,270,7.0,223,-18.0,332,43.0" /></mjloggm>