<mjloggm ver="2.3"><GO type="225" lobby="0"/><UN n0="%E3%81%AD%E3%82%8A%E3%82%B4%E3%83%9E" n1="%E3%81%88%E3%82%8B%E3%81%9F%E3%81%9D" n2="%E3%82%A6%E3%83%AB%E3%83%88%E3%83%A9%E7%AB%8B%E7%9B%B4" n3="%E5%B0%8F%E5%B6%BA%E5%B9%B8%40" dan="16,17,18,16" rate="2085.53,2213.61,2170.20,2093.79" sx="M,F,M,F"/><TAIKYOKU oya="0"/><INIT seed="0,0,0,1,0,7" ten="250,250,250,250" oya="0" hai0="34,1,47,42,55,57,129,4,46,22,97,56,71" hai1="107,123,73,83,2,66,133,61,75,101,78,45,59" hai2="104,24,127,72,82,23,128,8,100,44,16,17,28" hai3="5,132,95,41,120,68,118,26,92,43,19,94,93"/><T50/><D34/><U90/><E123/><V64/><F127/><W52/><G118/><T109/><D71/><U105/><E133/><V91/><F128/><W3/><G68/><T35/><D129/><U81/><E2/><V116/><F116/><W39/><G132/><T53/><D35/><U69/><E101/><V6/><F64/><W25/><G120/><T15/><D109/><U96/><E96/><V29/><F29/><W67/><G67/><T37/><D1/><U10/><E69/><V99/><F44/><W76/><G76/><T27/><D97/><U113/><E113/><V63/><F63/><W135/><G135/><T77/><D77/><U20/><E20/><V32/><F32/><W102/><G39/><T14/><D53/><U74/><E90/><V60/><F60/><W48/><G5/><T21/><D21/><U125/><E125/><V98/><F72/><W119/><G3/><T103/><D103/><U112/><E112/><V117/><F117/><W54/><G119/><T36/><D36/><U86/><E83/><V49/><F49/><W115/><G115/><T30/><REACH who="0" step="1"/><D15/><REACH who="0" ten="240,250,250,250" step="2"/><U79/><E78/><V88/><F99/><N who="3" m="59751" /><G54/><T121/><D121/><U85/><E86/><N who="2" m="50263" /><F91/><W9/><G43/><T38/><D38/><U134/><E134/><V51/><F98/><W122/><G41/><T111/><D111/><U110/><E110/><V131/><F100/><W80/><G122/><T58/><D58/><U11/><REACH who="1" step="1"/><E45/><REACH who="1" ten="240,240,250,250" step="2"/><V130/><F130/><W70/><G70/><T108/><D108/><U89/><E89/><V87/><F131/><W40/><G80/><RYUUKYOKU ba="0,2" sc="240,15,240,15,250,-15,250,-15" hai0="4,14,22,27,30,37,42,46,47,50,55,56,57" hai1="10,11,59,61,66,73,74,75,79,81,85,105,107" /><INIT seed="0,1,2,4,4,22" ten="255,255,235,235" oya="0" hai0="106,20,87,111,130,56,98,123,129,72,132,70,60" hai1="47,102,8,77,32,84,103,55,83,17,30,46,78" hai2="95,75,134,76,31,119,116,79,67,65,93,51,7" hai3="3,58,89,26,109,54,108,6,1,25,63,11,121"/><T82/><D123/><U2/><E77/><N who="2" m="29771" /><F75/><W41/><G121/><T81/><D72/><U125/><E125/><V15/><F31/><W69/><G1/><T122/><D70/><U133/><E133/><V104/><F104/><W39/><G69/><T40/><D122/><U73/><E73/><V74/><F74/><W23/><G23/><T37/><D132/><U36/><E36/><V120/><F51/><W94/><G41/><T4/><D111/><N who="3" m="42569" /><G39/><T28/><D4/><U49/><E32/><V0/><F0/><W59/><G58/><T91/><D40/><U88/><E30/><V118/><F120/><W27/><G27/><N who="0" m="16487" /><D37/><U45/><E78/><V99/><F134/><W53/><G53/><N who="0" m="33807" /><D106/><U57/><E2/><V105/><F105/><W21/><G21/><T34/><D34/><U131/><E131/><N who="0" m="50185" /><D98/><AGARI ba="1,2" hai="3,6,11,25,26,54,59,63,89,94,98" m="42569" machi="98" ten="30,3900,0" yaku="14,1,52,2" doraHai="22" who="3" fromWho="0" sc="255,-42,255,0,235,0,235,62" /><INIT seed="1,0,0,0,2,125" ten="213,255,235,297" oya="1" hai0="56,19,54,87,17,7,65,12,118,63,132,42,38" hai1="67,78,115,109,103,106,102,105,8,104,97,134,119" hai2="52,47,127,112,126,83,90,116,98,73,79,60,130" hai3="77,129,32,131,1,50,96,99,51,31,5,64,100"/><U13/><E119/><V30/><F116/><W28/><G77/><T43/><D118/><U58/><E115/><V22/><F112/><W18/><G64/><T92/><D132/><U120/><E120/><V40/><F130/><N who="3" m="49675" /><G18/><T27/><D38/><U59/><E134/><V25/><F90/><W62/><G62/><T93/><D7/><U128/><E109/><V107/><F98/><N who="3" m="37419" /><G100/><T61/><D27/><U101/><E128/><V81/><F107/><W91/><G91/><N who="0" m="53375" /><D63/><U85/><E97/><V39/><F83/><W37/><G37/><T10/><D93/><U114/><E114/><V3/><F60/><W95/><G95/><T84/><D19/><U121/><E67/><V86/><F79/><W33/><G5/><T133/><D133/><U75/><E121/><V66/><F39/><W123/><G1/><T46/><D84/><U69/><E75/><V9/><F86/><W124/><G124/><T68/><D68/><U44/><E69/><V57/><F66/><W108/><G108/><T24/><D24/><U55/><E78/><N who="2" m="44239" /><F127/><W20/><G20/><T14/><D14/><U4/><E85/><V135/><F126/><W53/><G123/><T88/><D88/><U21/><E21/><V74/><F74/><W29/><G51/><AGARI ba="0,0" hai="10,12,17,42,43,46,51,54,56,61,65" m="53375" machi="51" ten="30,1000,0" yaku="8,1" doraHai="125" who="0" fromWho="3" sc="213,10,255,0,235,0,297,-10" /><INIT seed="2,0,0,3,5,15" ten="223,255,235,287" oya="2" hai0="32,125,70,14,21,52,85,134,20,103,109,88,25" hai1="89,83,63,102,38,72,79,9,48,34,116,31,58" hai2="126,47,13,87,86,65,122,128,2,93,82,39,23" hai3="131,71,98,8,28,35,46,120,0,18,56,77,49"/><V17/><F122/><W105/><G120/><T10/><D70/><U40/><E116/><V22/><F2/><W114/><G71/><T64/><D32/><U74/><E38/><V50/><F126/><W133/><G131/><T118/><D125/><U41/><E41/><V107/><F107/><W53/><G133/><T100/><D134/><U129/><E102/><V123/><F128/><W121/><G121/><T130/><D130/><U90/><E72/><V104/><F104/><W6/><G114/><T106/><D64/><U30/><E129/><V3/><F3/><W24/><G77/><T42/><D42/><U68/><E68/><V62/><F39/><W94/><G105/><T75/><D75/><U76/><E76/><V92/><F23/><N who="0" m="8778" /><D25/><U91/><E34/><V84/><F82/><W29/><G29/><T81/><D106/><U51/><E9/><V37/><F37/><W36/><G36/><T55/><D118/><U60/><E40/><N who="2" m="24935" /><F123/><W1/><G46/><T16/><D109/><U95/><E95/><N who="2" m="36427" /><F65/><W61/><G61/><AGARI ba="0,0" hai="13,17,22,61,62,84,86,87" m="36427,24935" machi="61" ten="30,2900,0" yaku="8,1,52,1" doraHai="15" who="2" fromWho="3" sc="223,0,255,0,235,29,287,-29" /><INIT seed="2,1,0,5,3,75" ten="223,255,264,258" oya="2" hai0="22,133,58,106,47,134,131,14,81,107,101,28,30" hai1="55,21,132,76,119,127,6,80,24,123,85,62,92" hai2="64,13,59,15,36,49,26,100,51,110,97,35,32" hai3="23,121,90,60,128,48,38,105,88,113,44,104,37"/><V33/><F36/><W27/><G121/><T65/><D47/><U46/><E119/><V66/><F110/><W54/><G128/><T8/><D65/><U17/><E123/><V4/><F26/><W42/><G113/><T95/><D58/><N who="1" m="35167" /><E127/><V82/><F82/><W57/><G38/><T10/><D131/><U98/><E132/><N who="0" m="50793" /><D95/><U18/><E46/><V40/><F40/><W34/><G34/><T89/><D101/><N who="1" m="60615" /><E6/><V114/><F114/><W63/><G63/><T112/><D112/><U135/><E135/><V116/><F116/><W73/><G73/><T7/><D10/><U16/><AGARI ba="1,0" hai="16,17,18,21,24,76,80,85" m="60615,35167" machi="16" ten="30,4000,0" yaku="8,1,52,1,54,1" doraHai="75" who="1" fromWho="1" sc="223,-11,255,43,264,-21,258,-11" /><INIT seed="3,0,0,4,5,6" ten="212,298,243,247" oya="3" hai0="39,76,22,104,59,127,79,103,120,48,68,93,12" hai1="46,83,81,38,119,64,16,49,109,99,72,135,40" hai2="17,126,63,102,25,129,91,82,51,29,66,87,101" hai3="53,71,13,108,100,98,55,123,47,118,69,128,131"/><W10/><G118/><T133/><D120/><U80/><E109/><V115/><F115/><W26/><G123/><T3/><D3/><U117/><E135/><V2/><F2/><W5/><G108/><T70/><D104/><U97/><E72/><V4/><F4/><W50/><G26/><T34/><D34/><U57/><E16/><V33/><F126/><W23/><G23/><T107/><D39/><U106/><E106/><V65/><F129/><N who="3" m="49739" /><G55/><N who="0" m="32231" /><D133/><U86/><E86/><V41/><F66/><W45/><G47/><T85/><D127/><U52/><E64/><V125/><F125/><W28/><G28/><T92/><D107/><AGARI ba="0,0" hai="5,10,13,45,50,53,69,71,98,100,107" m="49739" machi="107" ten="30,2900,0" yaku="19,1,52,1" doraHai="6" who="3" fromWho="0" sc="212,-29,298,0,243,0,247,29" /><INIT seed="3,1,0,1,0,96" ten="183,298,243,276" oya="3" hai0="40,52,115,57,71,21,27,125,132,123,121,8,92" hai1="77,98,9,42,45,100,37,90,5,111,70,110,60" hai2="46,25,36,122,28,120,93,105,82,65,64,62,117" hai3="103,26,109,63,32,113,58,29,66,80,99,19,23"/><W112/><G80/><T131/><D71/><U11/><E77/><V91/><F105/><W73/><G73/><T31/><D132/><U127/><E90/><V10/><F10/><W6/><G6/><T38/><D131/><U79/><E79/><V114/><F82/><W56/><G56/><T61/><D125/><U1/><E11/><V12/><F12/><W97/><G97/><T69/><D115/><U87/><E87/><V74/><F74/><W75/><G75/><T129/><D129/><U128/><E127/><V89/><F117/><W43/><G43/><T30/><D30/><U35/><E35/><V84/><F91/><W22/><G109/><N who="1" m="41482" /><E128/><V53/><F114/><W15/><G32/><T16/><D69/><U50/><E70/><V49/><F28/><W106/><AGARI ba="1,0" hai="15,19,22,23,26,29,58,63,66,99,103,106,112,113" machi="106" ten="20,3900,0" yaku="0,1,7,1,52,1" doraHai="96" who="3" fromWho="3" sc="183,-14,298,-14,243,-14,276,42" owari="169,-33.0,284,8.0,229,-17.0,318,42.0" /></mjloggm>