<mjloggm ver="2.3"><GO type="169" lobby="0"/><UN n0="%E5%B0%B1%E6%B4%BB%E7%94%9F%40%E5%B7%9D%E6%9D%91%E8%BB%8D%E5%9B%A3" n1="%79%75%6D%69%63%63%68%69" n2="%E3%83%86%E3%83%AC%E3%83%93%E3%81%A3%E5%AD%90" n3="%E3%81%8B%E3%81%AB%E3%83%9E%E3%82%B8%E3%83%B3" dan="18,16,17,17" rate="2258.10,2078.99,2147.56,2152.03" sx="M,F,M,M"/><TAIKYOKU oya="0"/><INIT seed="0,0,0,3,2,95" ten="250,250,250,250" oya="0" hai0="86,64,106,92,114,135,128,48,43,75,73,19,39" hai1="97,49,14,87,94,102,101,112,118,8,119,21,40" hai2="60,129,108,62,130,55,10,104,103,69,26,111,30" hai3="54,2,47,29,41,89,17,99,121,6,77,122,51"/><T59/><D106/><U3/><E3/><V56/><F10/><W20/><G29/><T124/><D114/><U109/><E112/><V125/><F125/><W116/><G116/><T16/><D124/><U88/><E109/><N who="2" m="42059" /><F104/><W38/><G77/><T120/><D120/><N who="3" m="46185" /><G6/><T24/><D128/><N who="2" m="49258" /><F103/><W52/><G2/><T45/><D135/><U71/><E71/><V93/><F93/><N who="3" m="56751" /><G38/><T25/><D73/><U84/><E118/><V15/><F15/><AGARI ba="0,0" hai="15,17,20,41,47,51,52,54" m="56751,46185" machi="15" ten="30,3900,0" yaku="13,1,52,1,54,1" doraHai="95" who="3" fromWho="2" sc="250,0,250,0,250,-39,250,39" /><INIT seed="1,0,0,3,5,90" ten="250,250,211,289" oya="1" hai0="113,123,68,26,81,119,6,8,35,92,93,112,76" hai1="13,109,53,61,7,74,32,131,20,42,79,89,117" hai2="43,14,97,104,52,33,73,83,59,111,84,80,115" hai3="122,39,18,37,133,82,110,107,2,34,15,66,9"/><U132/><E117/><V40/><F33/><W45/><G122/><T130/><D119/><U41/><E32/><V88/><F111/><W1/><G34/><T57/><D68/><U4/><E109/><V100/><F115/><W30/><G30/><T31/><D123/><U135/><E131/><V62/><REACH who="2" step="1"/><F14/><REACH who="2" ten="250,250,201,289" step="2"/><W12/><G15/><T78/><D130/><U125/><E13/><V17/><F17/><W70/><G18/><T48/><D113/><U55/><E132/><V99/><F99/><W134/><G12/><T0/><D112/><U75/><E135/><V118/><F118/><W71/><G110/><T127/><D127/><U23/><E125/><V94/><F94/><W129/><G134/><T19/><D19/><U38/><E4/><V96/><F96/><W69/><G133/><T51/><D81/><U46/><E7/><V56/><F56/><W121/><G82/><T24/><D24/><U10/><E46/><V5/><F5/><W44/><G44/><T116/><D116/><U50/><E10/><V60/><F60/><W105/><G45/><T126/><D126/><U16/><E61/><V25/><F25/><W63/><G129/><T103/><D57/><U28/><E16/><V102/><F102/><W106/><G121/><T85/><D103/><U114/><E114/><V128/><F128/><W64/><G63/><T36/><D6/><U120/><E120/><V67/><F67/><N who="3" m="25643" /><G9/><T22/><D8/><U124/><E124/><V21/><F21/><W77/><G70/><T27/><D35/><U108/><E108/><V95/><F95/><W29/><G69/><RYUUKYOKU ba="0,1" sc="250,-10,250,-10,201,30,289,-10" hai2="40,43,52,59,62,73,80,83,84,88,97,100,104" /><INIT seed="2,1,1,2,0,32" ten="240,240,231,279" oya="2" hai0="33,110,128,120,74,26,0,21,65,83,71,36,4" hai1="55,101,27,125,119,10,52,42,109,135,86,30,38" hai2="29,14,94,131,49,50,53,45,130,107,96,126,5" hai3="97,44,82,35,79,117,111,43,69,41,113,93,84"/><V123/><F123/><W60/><G117/><T118/><RYUUKYOKU type="yao9" ba="1,1" sc="240,0,240,0,231,0,279,0" hai0="0,4,21,26,33,36,65,71,74,83,110,118,120,128" /><INIT seed="2,2,1,3,4,99" ten="240,240,231,279" oya="2" hai0="33,89,128,29,120,20,8,109,9,52,13,124,11" hai1="121,43,95,35,77,103,45,50,134,114,1,17,27" hai2="5,58,6,92,74,7,76,123,90,36,12,63,38" hai3="117,60,100,84,18,105,66,81,34,37,97,129,24"/><V135/><F123/><W87/><G37/><T16/><D120/><U59/><E114/><V104/><F104/><W127/><G117/><T64/><D124/><U28/><E1/><V102/><F135/><W32/><G127/><T107/><D107/><U130/><E121/><V132/><F132/><W115/><G115/><T19/><D128/><U62/><E130/><V91/><F12/><W78/><G129/><T71/><D109/><U47/><E134/><V25/><F25/><W46/><G46/><T3/><D71/><U111/><E111/><V44/><F74/><W57/><G18/><T88/><D64/><U94/><E77/><V106/><F106/><W75/><G34/><T39/><D39/><U22/><E47/><V83/><F38/><W82/><REACH who="3" step="1"/><G81/><REACH who="3" ten="240,240,231,269" step="2"/><T68/><D33/><U116/><E116/><V119/><F119/><W70/><G70/><T26/><D68/><U67/><REACH who="1" step="1"/><E103/><REACH who="1" ten="240,230,231,269" step="2"/><V54/><F102/><W93/><G93/><T40/><D3/><U61/><E61/><V10/><F92/><W96/><G96/><T72/><D40/><U108/><E108/><V55/><F44/><W86/><G86/><T118/><D72/><U15/><AGARI ba="2,3" hai="15,17,22,27,28,35,43,45,50,59,62,67,94,95" machi="15" ten="20,5200,0" yaku="1,1,0,1,7,1,53,1" doraHai="99" doraHaiUra="31" who="1" fromWho="1" sc="240,-15,230,88,231,-28,269,-15" /><INIT seed="3,0,0,2,4,14" ten="225,318,203,254" oya="3" hai0="100,17,68,53,58,35,52,74,3,91,132,112,39" hai1="114,128,5,102,50,131,26,84,80,31,88,12,23" hai2="67,129,81,36,116,11,130,85,111,120,24,106,83" hai3="104,89,29,124,44,30,133,87,127,8,54,121,66"/><W115/><G121/><T97/><D68/><U22/><E114/><V9/><F36/><W2/><G115/><T117/><D117/><U73/><E102/><V103/><F116/><W18/><G104/><T34/><D112/><U69/><E69/><V7/><F120/><W28/><G66/><T46/><D3/><U51/><E73/><V99/><F111/><W72/><G72/><T60/><D74/><U86/><E86/><V64/><F24/><W123/><G123/><T55/><D132/><U94/><E80/><V48/><F83/><W41/><G54/><T134/><D134/><U126/><E126/><N who="3" m="48170" /><G133/><T19/><D35/><U101/><E101/><V0/><F9/><W6/><G18/><N who="0" m="6667" /><D34/><U92/><E22/><V79/><REACH who="2" step="1"/><F48/><REACH who="2" ten="225,318,193,254" step="2"/><N who="3" m="26639" /><G29/><T56/><D39/><U57/><E51/><V105/><F105/><W110/><G110/><T37/><D37/><U135/><E50/><V59/><F59/><N who="0" m="22570" /><D60/><U43/><E135/><V1/><F1/><W98/><G28/><T82/><D46/><U40/><E31/><V75/><F75/><W16/><G30/><T61/><D61/><U93/><E57/><V95/><F95/><W90/><G2/><T76/><D76/><U71/><E94/><V65/><AGARI ba="0,1" hai="0,7,11,64,65,67,79,81,85,99,103,106,129,130" machi="65" ten="30,2000,0" yaku="1,1,0,1,53,0" doraHai="14" doraHaiUra="38" who="2" fromWho="2" sc="225,-5,318,-5,193,30,254,-10" /><INIT seed="4,0,0,5,2,129" ten="220,313,223,244" oya="0" hai0="12,66,82,133,100,53,30,87,17,114,91,121,84" hai1="119,75,46,11,135,34,29,122,86,101,0,51,134" hai2="81,15,25,6,52,127,60,47,106,126,16,27,23" hai3="128,38,85,103,89,44,48,18,68,10,123,3,26"/><T2/><D2/><U111/><E111/><V132/><F106/><W105/><G68/><T120/><D114/><U76/><E119/><V77/><F132/><N who="1" m="50729" /><E122/><V71/><F71/><W20/><G38/><T90/><D30/><U7/><E101/><V21/><F6/><W61/><G61/><T115/><D133/><U131/><E131/><V67/><F67/><W42/><G123/><T65/><D115/><U49/><E75/><V118/><F118/><W104/><G103/><T5/><D100/><U33/><E29/><V124/><F21/><W63/><G128/><T83/><D5/><U79/><E49/><N who="2" m="28735" /><F60/><W94/><G63/><T125/><D125/><U107/><E107/><V24/><F24/><W102/><G102/><T43/><D43/><N who="1" m="25055" /><E86/><AGARI ba="0,0" hai="15,16,23,25,27,77,81,86,124,126,127" m="28735" machi="86" ten="30,3900,0" yaku="18,1,54,2" doraHai="129" who="2" fromWho="1" sc="220,0,313,-39,223,39,244,0" /><INIT seed="5,0,0,5,3,45" ten="220,274,262,244" oya="1" hai0="24,12,101,65,102,127,52,46,3,37,126,74,99" hai1="125,2,19,122,121,28,0,124,61,105,56,129,64" hai2="114,87,13,47,60,116,76,88,42,112,31,25,38" hai3="21,11,78,79,92,5,82,10,51,43,7,77,27"/><U84/><E105/><V118/><F76/><W73/><G92/><T110/><D3/><U75/><E75/><V33/><F13/><W20/><G82/><T128/><D74/><U57/><E28/><V36/><F60/><W107/><G73/><T71/><D110/><U94/><E129/><V119/><REACH who="2" step="1"/><F38/><REACH who="2" ten="220,274,252,244" step="2"/><W93/><G78/><T81/><D12/><U115/><E0/><V85/><F85/><W8/><G79/><T95/><D37/><U123/><E2/><V130/><F130/><W30/><G77/><T58/><D128/><U106/><E84/><V111/><F111/><W67/><G27/><T109/><D24/><U100/><E121/><V86/><F86/><W91/><G5/><T89/><D109/><U40/><E61/><V117/><N who="2" m="29696" /><DORA hai="96" /><V104/><F104/><W113/><G7/><T16/><D126/><U134/><E106/><V34/><F34/><W131/><G107/><T83/><D127/><U9/><E124/><V59/><F59/><W14/><G14/><T63/><D81/><AGARI ba="0,1" hai="25,31,33,36,42,47,81,87,88,112,114" m="29696" machi="81" ten="70,4500,0" yaku="1,1,54,1,53,0" doraHai="45,96" doraHaiUra="54,103" who="2" fromWho="0" sc="220,-45,274,0,252,55,244,0" /><INIT seed="6,0,0,1,2,86" ten="175,274,307,244" oya="2" hai0="73,12,129,36,33,118,110,65,41,16,39,54,101" hai1="78,62,71,34,111,60,104,68,115,91,42,99,6" hai2="21,51,31,79,80,89,75,88,97,20,13,5,57" hai3="92,44,116,7,40,15,1,103,55,113,17,8,121"/><V14/><F97/><W32/><G121/><T28/><D73/><U58/><E111/><V37/><F37/><W29/><G116/><T125/><D110/><U35/><E78/><V76/><F76/><W66/><G66/><T61/><D118/><U119/><E42/><V132/><F132/><W48/><G113/><T106/><D125/><U0/><E119/><V130/><F130/><W19/><G103/><T100/><D129/><U50/><E50/><V107/><F107/><W11/><G92/><T90/><D54/><U67/><E71/><V53/><F20/><N who="3" m="11327" /><G19/><T45/><D39/><U85/><E99/><V30/><F14/><W52/><G8/><T134/><D134/><U18/><E104/><V95/><F95/><W25/><AGARI ba="0,0" hai="1,7,11,25,29,32,40,44,48,52,55" m="11327" machi="25" ten="30,2000,0" yaku="24,1,54,1" doraHai="86" who="3" fromWho="3" sc="175,-5,274,-5,307,-10,244,20" /><INIT seed="7,0,0,3,3,15" ten="170,269,297,264" oya="3" hai0="123,14,86,11,65,78,22,117,41,6,104,94,56" hai1="7,133,44,33,76,24,92,31,64,101,73,81,46" hai2="51,120,35,28,85,18,119,134,25,8,127,88,17" hai3="36,100,1,45,58,2,0,79,107,125,53,52,3"/><W5/><G125/><T97/><D117/><U40/><E133/><V112/><F119/><W126/><G126/><T96/><D123/><U63/><E7/><V118/><F118/><W105/><G79/><T131/><D131/><U61/><E61/><V19/><F127/><W69/><G69/><T13/><D104/><U74/><E74/><V122/><F134/><W82/><G82/><N who="0" m="47447" /><D41/><U59/><E40/><V111/><F111/><W62/><G100/><T93/><D65/><U12/><E12/><V108/><F108/><W42/><REACH who="3" step="1"/><G53/><REACH who="3" ten="170,269,297,254" step="2"/><T37/><D37/><U124/><E124/><V4/><F112/><W57/><G57/><T48/><D56/><U77/><E76/><V115/><F115/><W114/><G114/><T71/><D48/><U50/><E50/><V27/><F51/><W72/><G72/><T99/><D71/><U43/><E43/><V121/><F122/><W34/><G34/><T103/><D103/><U98/><AGARI ba="0,1" hai="24,31,33,44,46,59,63,64,73,77,81,92,98,101" machi="98" ten="30,1100,0" yaku="0,1" doraHai="15" who="1" fromWho="1" sc="170,-3,269,21,297,-3,254,-5" /><INIT seed="8,0,0,3,5,24" ten="167,290,294,249" oya="0" hai0="130,34,21,131,18,99,108,98,102,101,65,112,54" hai1="23,5,8,71,15,68,38,57,132,48,91,122,26" hai2="19,66,47,33,63,58,52,9,75,78,133,32,118" hai3="11,90,3,104,129,113,56,124,12,81,25,6,85"/><T40/><D112/><U111/><E111/><V123/><F123/><W74/><G113/><T39/><D34/><U114/><E38/><V76/><F133/><W127/><G104/><T36/><D108/><U69/><E122/><V1/><F118/><W88/><G129/><N who="0" m="49163" /><D65/><U87/><E114/><V117/><F117/><W0/><G74/><T22/><D54/><U59/><E48/><V77/><F75/><W125/><G56/><T14/><D22/><U55/><E55/><V128/><F128/><W62/><G62/><T109/><D109/><U95/><REACH who="1" step="1"/><E132/><REACH who="1" ten="167,280,294,249" step="2"/><V135/><F135/><W121/><G121/><T60/><D60/><U96/><E96/><N who="0" m="36905" /><D40/><U100/><E100/><AGARI ba="0,1" hai="14,18,21,36,39,100,101,102" m="36905,49163" machi="100" ten="30,1500,0" yaku="19,1" doraHai="24" who="0" fromWho="1" sc="167,25,280,-15,294,0,249,0" /><INIT seed="8,1,0,3,2,7" ten="192,265,294,249" oya="0" hai0="76,17,103,67,25,10,38,95,105,4,120,22,59" hai1="73,56,36,127,98,82,94,90,69,54,28,77,133" hai2="97,83,49,43,34,78,16,41,108,2,68,93,18" hai3="12,101,46,39,8,0,74,42,123,65,23,45,88"/><T135/><D120/><U63/><E36/><V91/><F68/><W31/><G123/><T9/><D38/><U87/><E69/><V19/><F108/><W13/><G46/><T26/><D105/><U107/><E28/><V60/><F34/><W21/><G65/><T14/><D135/><U122/><E133/><V106/><F2/><W15/><G101/><T1/><D76/><U115/><E122/><V89/><F106/><W111/><G111/><T80/><D80/><U72/><E127/><V52/><F60/><W61/><G61/><N who="0" m="38335" /><D1/><U131/><E131/><V71/><F91/><W40/><G40/><T117/><D117/><U5/><E5/><V121/><F71/><W70/><G70/><T118/><D118/><U124/><E124/><V51/><F51/><W132/><G132/><T104/><D104/><U35/><E35/><V126/><F126/><W112/><G112/><T53/><D53/><U62/><E115/><V47/><F121/><W27/><G74/><T100/><D4/><U119/><E119/><V3/><F3/><W66/><G66/><T75/><D75/><U110/><E110/><V125/><F125/><W96/><G0/><T55/><D55/><U114/><E114/><V30/><F83/><W50/><G39/><T48/><D48/><N who="1" m="30791" /><E73/><V130/><F130/><W33/><G33/><T128/><D128/><U20/><E107/><V58/><F78/><W11/><G23/><T32/><D32/><U99/><E20/><V79/><F79/><W29/><G31/><T102/><D95/><AGARI ba="1,0" hai="8,11,12,13,15,21,27,29,42,45,50,88,95,96" machi="95" ten="40,8000,1" yaku="8,1,52,2,54,1" doraHai="7" who="3" fromWho="0" sc="192,-83,265,0,294,0,249,83" owari="109,-39.0,265,-13.0,294,9.0,332,43.0" /></mjloggm>