<mjloggm ver="2.3"><GO type="169" lobby="0"/><UN n0="%54%45%53%48%49%4D%41%4E" n1="%E3%82%A6%E3%83%AB%E3%83%88%E3%83%A9%E7%AB%8B%E7%9B%B4" n2="%E7%BE%BD%E6%9C%88%E8%8E%89%E9%9F%B3" n3="%E2%80%BB%34%33%33%E2%80%BB" dan="16,17,17,16" rate="2091.69,2195.64,2145.22,2110.80" sx="M,M,M,M"/><TAIKYOKU oya="0"/><INIT seed="0,0,0,3,3,97" ten="250,250,250,250" oya="0" hai0="120,63,72,13,86,89,114,7,54,56,135,9,10" hai1="18,81,100,52,33,48,65,69,130,91,25,126,53" hai2="93,1,20,58,62,101,11,98,83,108,44,124,87" hai3="132,47,19,12,37,131,2,111,109,6,99,22,68"/><T116/><D114/><U107/><E130/><V41/><F108/><N who="3" m="41547" /><G68/><T64/><D116/><U115/><E126/><V36/><F124/><W80/><G80/><T51/><D120/><U76/><E115/><V92/><F20/><W29/><G99/><T82/><D72/><U79/><E91/><V14/><F1/><W66/><G66/><T61/><D135/><U60/><E18/><V31/><F31/><W134/><G47/><T129/><D129/><U27/><E79/><V28/><F28/><W15/><G37/><T26/><D26/><U106/><E106/><V75/><F93/><W43/><G43/><T133/><D133/><N who="3" m="51305" /><G131/><T74/><D74/><U42/><E42/><V40/><F75/><W34/><G12/><T38/><D38/><U70/><E70/><V67/><F44/><W21/><G21/><T45/><D10/><U85/><E53/><V118/><F118/><W127/><G127/><T110/><D110/><U96/><REACH who="1" step="1"/><E33/><REACH who="1" ten="250,240,250,250" step="2"/><V125/><F125/><W0/><G6/><T90/><REACH who="0" step="1"/><D63/><REACH who="0" ten="240,240,250,250" step="2"/><U73/><E73/><V17/><REACH who="2" step="1"/><F36/><REACH who="2" ten="240,240,240,250" step="2"/><W5/><G5/><T84/><D84/><U122/><E122/><V30/><F30/><W105/><G105/><T117/><D117/><U71/><E71/><V121/><F121/><W50/><G50/><T88/><AGARI ba="0,3" hai="7,9,13,45,51,54,56,61,64,82,86,88,89,90" machi="88" ten="20,18000,2" yaku="1,1,0,1,7,1,8,1,54,1,53,1" doraHai="97" doraHaiUra="78" who="0" fromWho="0" sc="240,210,240,-60,240,-60,250,-60" /><INIT seed="0,1,0,2,4,35" ten="450,180,180,190" oya="0" hai0="93,129,25,135,36,121,8,133,83,134,85,96,19" hai1="87,112,65,3,66,77,47,12,68,29,110,39,82" hai2="94,105,10,69,81,114,51,15,53,127,33,20,63" hai3="55,108,32,95,6,102,80,28,91,56,60,131,54"/><T76/><D121/><U72/><E110/><V38/><F114/><W97/><G131/><T23/><D36/><U128/><E128/><V90/><F105/><W13/><G108/><T5/><D129/><U57/><E112/><V126/><F33/><W17/><G6/><T132/><N who="0" m="33792" /><DORA hai="74" /><T101/><D5/><U14/><E68/><V67/><F20/><W0/><G0/><T123/><D123/><U79/><E29/><V18/><F38/><W106/><G80/><T125/><D8/><U89/><E3/><V11/><F11/><W49/><G28/><T37/><D37/><U31/><E31/><V115/><F115/><W116/><G32/><T48/><D48/><U44/><E72/><V98/><REACH who="2" step="1"/><F81/><REACH who="2" ten="450,180,170,190" step="2"/><W62/><G116/><T122/><D122/><U50/><E39/><V86/><F86/><N who="3" m="52727" /><G55/><T120/><D120/><U21/><E21/><AGARI ba="1,1" hai="13,17,21,49,54,56,60,62,97,102,106" m="52727" machi="21" ten="30,1000,0" yaku="25,1" doraHai="35,74" who="3" fromWho="1" sc="450,0,180,-13,170,0,190,23" /><INIT seed="1,0,0,5,0,40" ten="450,167,170,213" oya="1" hai0="50,58,73,72,49,132,44,47,110,90,33,18,15" hai1="62,113,88,79,120,43,118,81,102,55,54,32,1" hai2="16,131,63,128,34,59,125,66,4,127,85,93,65" hai3="91,23,86,52,13,106,114,116,133,111,56,129,24"/><U7/><E120/><V27/><F4/><W87/><G116/><T115/><D33/><U78/><E118/><V48/><F66/><W69/><G69/><T103/><D115/><U35/><E113/><V64/><F64/><W31/><G114/><T100/><D110/><U61/><E102/><V20/><F34/><W14/><G111/><T104/><D104/><U6/><E43/><V109/><F109/><W3/><G3/><T29/><D132/><U119/><E119/><V105/><F105/><W107/><G133/><T122/><D122/><U135/><E135/><V25/><F25/><W8/><G129/><N who="2" m="49737" /><F48/><W83/><G87/><T42/><D29/><U38/><E81/><V75/><F75/><W26/><G26/><T124/><D124/><N who="2" m="47690" /><F85/><W53/><G14/><T21/><D58/><U5/><E5/><V117/><F93/><W51/><REACH who="3" step="1"/><G53/><REACH who="3" ten="450,167,170,203" step="2"/><T94/><D73/><U80/><E1/><V67/><F117/><W28/><G28/><T95/><D72/><U11/><E55/><V101/><F67/><W112/><G112/><T74/><D74/><U82/><E54/><V89/><F101/><N who="0" m="38986" /><D90/><AGARI ba="0,1" hai="16,20,27,59,63,65,89,90" m="47690,49737" machi="90" ten="30,3900,0" yaku="19,1,18,1,54,1" doraHai="40" who="2" fromWho="0" sc="450,-39,167,0,170,49,203,0" /><INIT seed="2,0,0,1,5,92" ten="411,167,219,203" oya="2" hai0="45,128,83,27,24,9,34,33,67,49,133,8,101" hai1="126,20,117,53,118,5,120,98,47,127,54,0,110" hai2="6,76,80,25,2,57,79,135,43,91,81,10,13" hai3="111,42,132,14,115,37,64,107,36,99,97,103,29"/><V19/><F135/><W59/><G132/><T123/><D133/><U32/><E32/><V39/><F57/><W18/><G115/><T63/><D123/><U87/><E120/><V88/><F25/><W74/><G74/><T108/><D108/><U22/><E87/><V109/><F109/><W66/><G111/><T121/><D121/><U51/><E110/><V12/><F2/><W119/><G119/><T102/><D128/><U130/><E130/><V122/><F122/><W23/><G29/><T90/><D33/><U69/><E69/><V124/><F124/><W41/><G99/><T84/><D34/><U113/><E113/><V96/><F43/><W71/><G71/><T28/><D28/><U129/><E129/><V48/><F48/><W60/><REACH who="3" step="1"/><G64/><REACH who="3" ten="411,167,219,193" step="2"/><T58/><D102/><U106/><E118/><V3/><F96/><W100/><G100/><T112/><D101/><U93/><E117/><V1/><F39/><AGARI ba="0,1" hai="14,18,23,36,37,39,41,42,59,60,66,97,103,107" machi="39" ten="40,2600,0" yaku="1,1,52,1,53,0" doraHai="92" doraHaiUra="72" who="3" fromWho="2" sc="411,0,167,0,219,-26,193,36" /><INIT seed="3,0,0,3,0,82" ten="411,167,193,229" oya="3" hai0="35,21,91,118,125,28,120,108,113,66,9,20,31" hai1="52,101,133,105,26,126,121,123,76,41,75,1,3" hai2="30,58,43,2,128,90,10,95,79,131,110,53,50" hai3="49,67,70,93,100,119,36,98,102,0,19,60,132"/><W39/><G119/><T56/><D118/><U46/><E133/><V57/><F30/><W65/><G0/><T54/><D120/><U83/><E126/><V88/><F79/><W44/><G132/><T12/><D125/><U84/><E1/><V13/><F2/><W55/><G102/><T134/><D134/><U77/><E3/><V59/><F43/><W117/><G117/><T48/><D113/><U68/><E68/><V87/><F90/><W122/><G122/><T29/><D35/><U27/><E77/><V74/><F74/><W107/><G107/><T32/><D32/><U86/><E123/><V51/><F110/><W64/><G64/><T85/><D66/><U72/><E121/><V14/><F14/><W7/><G7/><N who="0" m="3135" /><D108/><U78/><E75/><V5/><REACH who="2" step="1"/><F51/><REACH who="2" ten="411,167,183,229" step="2"/><W124/><G124/><T73/><D73/><U104/><E72/><V62/><F62/><W109/><G109/><T111/><D111/><U61/><E61/><V24/><F24/><W112/><G112/><T106/><D106/><U42/><E105/><V40/><F40/><W116/><G116/><T69/><D29/><U94/><E104/><V45/><AGARI ba="0,1" hai="5,10,13,45,50,53,57,58,59,87,88,95,128,131" machi="45" ten="30,7900,0" yaku="1,1,0,1,52,1,54,1,53,0" doraHai="82" doraHaiUra="96" who="2" fromWho="2" sc="411,-20,167,-20,183,89,229,-39" /><INIT seed="4,0,0,2,1,55" ten="391,147,272,190" oya="0" hai0="69,112,0,1,60,130,43,24,108,28,8,94,36" hai1="135,123,25,93,19,22,81,98,14,96,87,117,82" hai2="50,57,7,101,72,132,131,118,6,45,90,42,129" hai3="65,97,106,119,77,84,70,46,49,121,10,29,71"/><T113/><D130/><N who="2" m="49674" /><F72/><W126/><G119/><T74/><D74/><U16/><E123/><V31/><F118/><W104/><G126/><T21/><D108/><U134/><E117/><V85/><F132/><W116/><G116/><T63/><D43/><U47/><E134/><V109/><F101/><W12/><G121/><T5/><D36/><U67/><E135/><V89/><F31/><W13/><G29/><T78/><D78/><U105/><E105/><V79/><F79/><W125/><G125/><T37/><D37/><U107/><E107/><V41/><F41/><W26/><G26/><T73/><D73/><U23/><E67/><V59/><F109/><W44/><G97/><T66/><D94/><U120/><E120/><V103/><F103/><W3/><G3/><T114/><REACH who="0" step="1"/><D63/><REACH who="0" ten="381,147,272,190" step="2"/><U4/><E93/><V54/><F42/><W100/><G106/><T33/><D33/><U15/><E82/><N who="2" m="49335" /><F90/><W115/><G104/><T48/><D48/><U18/><E81/><V128/><F128/><W124/><G124/><T99/><D99/><U91/><E91/><V122/><F122/><W56/><G77/><T9/><D9/><N who="1" m="4391" /><E96/><V83/><F83/><W2/><G10/><T80/><D80/><U39/><E98/><V52/><F45/><W102/><G44/><T61/><D61/><AGARI ba="0,1" hai="6,7,50,52,54,57,59,61" m="49335,49674" machi="61" ten="30,7700,0" yaku="19,1,52,2,54,1" doraHai="55" who="2" fromWho="0" sc="381,-77,147,0,272,87,190,0" /><INIT seed="5,0,0,0,1,63" ten="304,147,359,190" oya="1" hai0="129,113,34,0,102,92,112,124,126,69,54,105,70" hai1="58,16,59,1,8,53,14,101,90,67,17,52,25" hai2="109,12,77,93,7,65,122,98,64,24,106,22,66" hai3="85,96,43,37,42,100,121,4,108,104,10,35,31"/><U11/><E101/><N who="2" m="60623" /><F109/><W60/><G121/><T32/><D0/><U61/><E1/><V79/><F106/><W45/><G108/><T107/><D54/><U28/><E90/><V15/><F122/><W83/><G43/><T33/><D92/><U76/><E76/><N who="2" m="29259" /><F7/><W23/><G35/><T18/><D18/><AGARI ba="0,0" hai="12,15,18,22,24,64,65,66" m="29259,60623" machi="18" ten="30,7700,0" yaku="8,1,52,3" doraHai="63" who="2" fromWho="0" sc="304,-77,147,0,359,77,190,0" /><INIT seed="6,0,0,1,2,38" ten="227,147,436,190" oya="2" hai0="35,29,108,17,95,41,68,128,117,20,65,88,32" hai1="10,6,55,15,85,67,87,8,48,40,24,83,66" hai2="37,122,112,30,50,134,127,86,129,18,110,63,77" hai3="56,4,19,71,114,103,2,45,14,62,64,81,61"/><V84/><F37/><W33/><G114/><T111/><D108/><U43/><E24/><V44/><F122/><W49/><G33/><T79/><D111/><U52/><E10/><V89/><F30/><W125/><G125/><T102/><D117/><U130/><E130/><V51/><F18/><W13/><G103/><T0/><D0/><U23/><E23/><V101/><F63/><W42/><G81/><T25/><D128/><U91/><E87/><V131/><F101/><W59/><G71/><T78/><D102/><U11/><E11/><V93/><F93/><W123/><G123/><T7/><D35/><U135/><E135/><V58/><F77/><W21/><G2/><T115/><D115/><U97/><E97/><V5/><F89/><W76/><G76/><T9/><D32/><U57/><E55/><V47/><F5/><W92/><G92/><T119/><D95/><U100/><E100/><V75/><F75/><W116/><G116/><T60/><D119/><U31/><E31/><V70/><F134/><W104/><G104/><T16/><D29/><U26/><E26/><V106/><F106/><W69/><REACH who="3" step="1"/><G62/><REACH who="3" ten="227,147,436,180" step="2"/><T98/><D78/><U36/><E36/><V109/><F112/><W124/><G124/><T99/><D79/><U82/><E82/><V96/><F127/><W132/><G132/><T80/><D80/><U120/><E120/><V133/><F133/><W22/><G22/><T27/><D20/><U12/><E12/><V90/><F110/><W105/><G105/><T53/><D60/><U113/><E113/><V39/><F109/><W74/><G74/><RYUUKYOKU ba="0,1" sc="227,-15,147,15,436,-15,180,15" hai1="6,8,15,40,43,48,52,57,66,67,83,85,91" hai3="4,13,14,19,21,42,45,49,56,59,61,64,69" /><INIT seed="7,1,1,5,1,123" ten="212,162,421,195" oya="3" hai0="24,8,60,69,26,20,52,47,121,108,57,76,11" hai1="95,86,43,82,45,83,44,34,40,48,31,98,74" hai2="6,39,37,134,115,90,56,85,119,124,73,100,61" hai3="114,93,21,77,96,71,125,13,50,91,53,18,131"/><W19/><G114/><T0/><D108/><U23/><E34/><V17/><F73/><W107/><G107/><T106/><D106/><U65/><E74/><V22/><F100/><W9/><G71/><T27/><D121/><U117/><E117/><V5/><F6/><W104/><G104/><T36/><D69/><U54/><E65/><V33/><F5/><W68/><G68/><T46/><D0/><U63/><E63/><V84/><F33/><W110/><G110/><T1/><D1/><U55/><E31/><V51/><F134/><W81/><G125/><T49/><D36/><U10/><E10/><N who="0" m="3625" /><D76/><U102/><E23/><V101/><F119/><W109/><G109/><T87/><D87/><U3/><E3/><V15/><F39/><W62/><G62/><T58/><D58/><U78/><REACH who="1" step="1"/><E83/><REACH who="1" ten="212,152,421,195" step="2"/><V133/><F22/><W66/><G66/><N who="0" m="39183" /><D47/><U28/><E28/><AGARI ba="1,2" hai="20,24,26,27,28,46,49,52" m="39183,3625" machi="28" ten="30,2000,0" yaku="8,1,54,1" doraHai="123" who="0" fromWho="1" sc="212,43,152,-23,421,0,195,0" owari="255,6.0,129,-37.0,421,51.0,195,-20.0" /></mjloggm>