<mjloggm ver="2.3"><GO type="169" lobby="0"/><UN n0="%E3%80%93%E4%B9%9D%E6%9D%A1%E3%82%AB%E3%83%AC%E3%83%B3%E3%80%93" n1="%28%23%EF%BC%9E%CF%89%EF%BC%9C%29" n2="%72%79%6F%E2%80%A6%31%35" n3="%E3%83%88%E3%83%88%E3%83%AA%E5%85%88%E7%94%9F%31%39%E6%AD%B3" dan="16,16,17,18" rate="2095.89,2041.42,2224.14,2195.81" sx="F,M,M,F"/><TAIKYOKU oya="0"/><INIT seed="0,0,0,1,3,61" ten="250,250,250,250" oya="0" hai0="65,24,5,83,134,77,21,20,7,92,109,42,50" hai1="70,86,54,67,82,13,8,34,124,28,12,69,122" hai2="43,116,62,16,85,49,130,119,48,46,17,33,120" hai3="88,15,133,115,72,52,47,68,118,91,104,99,74"/><T84/><D134/><U9/><E122/><V76/><F120/><W125/><G115/><T36/><D36/><U57/><E124/><V25/><F130/><W45/><G118/><N who="2" m="45097" /><F49/><N who="3" m="28719" /><G68/><T107/><D107/><U41/><E41/><V105/><F105/><W0/><G0/><T102/><D109/><U31/><E69/><V97/><F97/><W22/><G74/><T111/><D111/><U6/><E34/><V71/><F76/><W81/><G72/><T59/><D42/><U131/><E131/><V58/><F85/><N who="3" m="50223" /><G104/><T106/><D106/><U26/><E26/><V121/><F71/><W1/><G1/><T66/><D21/><U4/><E70/><V94/><F121/><W55/><G125/><T123/><D123/><U56/><E56/><V29/><F94/><N who="3" m="56799" /><G133/><T37/><D37/><U129/><E129/><V135/><F135/><W128/><G128/><T75/><D75/><U103/><E103/><V132/><F132/><W11/><G22/><T53/><D102/><U96/><E96/><V93/><F93/><W114/><G114/><T30/><D92/><U90/><REACH who="1" step="1"/><E67/><AGARI ba="0,0" hai="16,17,25,29,33,43,46,48,58,62,67" m="45097" machi="67" ten="30,3900,0" yaku="12,1,52,1,54,1" doraHai="61" who="2" fromWho="1" sc="250,0,250,-39,250,39,250,0" /><AGARI ba="0,0" hai="5,7,20,24,30,50,53,59,65,66,67,77,83,84" machi="67" ten="40,12000,1" yaku="8,1,52,3" doraHai="61" who="0" fromWho="1" sc="250,120,211,-120,289,0,250,0" /><INIT seed="0,1,0,4,1,52" ten="370,91,289,250" oya="0" hai0="62,31,100,48,25,98,40,117,79,109,45,44,15" hai1="11,24,88,80,90,72,42,66,121,119,38,95,16" hai2="73,130,86,60,83,108,3,13,29,132,91,49,114" hai3="61,122,0,89,77,4,123,127,41,118,54,28,129"/><T110/><D117/><U131/><E121/><V128/><F3/><W43/><G118/><T125/><D125/><U135/><E119/><V58/><F114/><W50/><G127/><T5/><D79/><U36/><E135/><V124/><F132/><W59/><G129/><N who="2" m="49769" /><F108/><N who="0" m="41578" /><D62/><U84/><E131/><V103/><F124/><W93/><G28/><T106/><D45/><U69/><E42/><V70/><F70/><W53/><G77/><T23/><D15/><U12/><E24/><V30/><F73/><W2/><G43/><T14/><D14/><U57/><E69/><V7/><F103/><W99/><G41/><T17/><D5/><U115/><E115/><V120/><F49/><W46/><REACH who="3" step="1"/><G4/><REACH who="3" ten="370,91,289,240" step="2"/><T9/><D31/><U76/><REACH who="1" step="1"/><E90/><REACH who="1" ten="370,81,289,240" step="2"/><V18/><F120/><AGARI ba="1,2" hai="0,2,46,50,53,54,59,61,89,93,99,120,122,123" machi="120" ten="40,8000,1" yaku="1,1,2,1,13,1,52,1,53,0" doraHai="52" doraHaiUra="134" who="3" fromWho="2" sc="370,0,81,0,289,-83,240,103" /><INIT seed="1,0,0,5,4,90" ten="370,81,206,343" oya="1" hai0="119,4,31,94,10,77,29,74,116,42,105,34,86" hai1="118,27,81,120,123,122,1,25,65,3,96,107,117" hai2="108,60,40,104,55,2,101,95,18,121,103,113,17" hai3="71,129,30,8,62,58,14,102,88,28,84,78,5"/><U127/><E127/><V0/><F121/><W44/><G71/><T79/><D105/><U128/><E65/><V23/><F104/><W54/><G129/><T7/><D74/><U61/><E61/><V41/><F108/><W13/><G78/><N who="0" m="29707" /><D34/><U64/><E64/><V106/><F106/><W21/><G102/><T68/><D68/><U39/><E39/><V115/><F60/><W91/><G91/><N who="0" m="53623" /><D119/><N who="1" m="45579" /><E96/><V47/><F23/><W19/><G44/><T38/><D38/><U15/><E81/><AGARI ba="0,0" hai="5,8,13,14,19,21,28,30,54,58,62,81,84,88" machi="81" ten="30,3900,0" yaku="7,1,8,1,54,1" doraHai="90" who="3" fromWho="1" sc="370,0,81,-39,206,0,343,39" /><INIT seed="2,0,0,3,5,74" ten="370,42,206,382" oya="2" hai0="59,55,18,101,116,12,69,50,4,121,42,96,29" hai1="90,32,98,104,51,87,61,56,35,107,77,22,37" hai2="38,41,113,33,60,84,48,64,79,23,80,16,6" hai3="63,66,95,108,7,89,88,13,19,99,93,70,117"/><V110/><F113/><W124/><G117/><T36/><D121/><U27/><E37/><V85/><F33/><W31/><G108/><T91/><D116/><U131/><E131/><V114/><F114/><W45/><G124/><T65/><D29/><U47/><E98/><V57/><F110/><W82/><G7/><T119/><D4/><U43/><E104/><V126/><F6/><W120/><G120/><T129/><D119/><U128/><E107/><V3/><F3/><W54/><G31/><T39/><D129/><U1/><E1/><V15/><F126/><W52/><G82/><T115/><D115/><U72/><E128/><V30/><F30/><W34/><G45/><T28/><D28/><U62/><E62/><V134/><F38/><W10/><REACH who="3" step="1"/><G34/><REACH who="3" ten="370,42,206,372" step="2"/><T68/><D18/><U5/><E5/><V123/><F123/><W8/><G8/><T81/><D81/><U17/><E47/><N who="2" m="25711" /><F134/><W49/><G49/><T133/><D50/><U111/><E51/><V73/><F73/><W40/><G40/><T44/><D133/><U100/><E35/><V24/><F85/><AGARI ba="0,1" hai="10,13,19,52,54,63,66,70,85,88,89,93,95,99" machi="85" ten="30,7700,0" yaku="1,1,7,1,54,2,53,0" doraHai="74" doraHaiUra="46" who="3" fromWho="2" sc="370,0,42,0,206,-77,372,87" /><INIT seed="3,0,0,2,0,125" ten="370,42,129,459" oya="3" hai0="75,78,126,11,88,120,111,17,36,19,96,92,16" hai1="33,97,45,99,72,32,66,15,83,58,73,121,69" hai2="64,47,86,48,93,118,65,2,54,101,35,39,44" hai3="43,89,90,87,122,52,80,81,23,60,49,63,50"/><W53/><G122/><T21/><D120/><U85/><E121/><V115/><F35/><W59/><G43/><T4/><D36/><U71/><E45/><V9/><F118/><W8/><G23/><T34/><D34/><U68/><E15/><V112/><F2/><W130/><G130/><T42/><D42/><U56/><E66/><V119/><F9/><W67/><G8/><T91/><D126/><U57/><E83/><V131/><F119/><W46/><G67/><T129/><D129/><U51/><E85/><AGARI ba="0,0" hai="46,49,50,52,53,59,60,63,80,81,85,87,89,90" machi="85" ten="40,7700,0" yaku="9,1,8,1,54,1" doraHai="125" who="3" fromWho="1" sc="370,0,42,-77,129,0,459,77" owari="370,17.0,-35,-54.0,129,-27.0,536,64.0" /></mjloggm>