<mjloggm ver="2.3"><GO type="41" lobby="0"/><UN n0="%E5%AE%A3%E9%8A%85%E7%83%88" n1="%E5%B0%B1%E6%B4%BB%E7%94%9F%40%E5%B7%9D%E6%9D%91%E8%BB%8D%E5%9B%A3" n2="%69%67%6F%75%6D%61" n3="%E8%99%8E%E7%8C%AB%E4%B8%B8" dan="14,17,14,13" rate="2015.99,2136.70,1892.81,1913.73" sx="M,M,M,M"/><TAIKYOKU oya="0"/><INIT seed="0,0,0,2,2,37" ten="250,250,250,250" oya="0" hai0="20,43,106,61,62,112,5,14,120,53,114,79,95" hai1="129,81,9,89,130,75,71,47,96,64,15,26,99" hai2="135,82,57,97,93,110,103,31,45,59,109,133,13" hai3="27,21,12,68,39,11,105,70,119,16,92,6,69"/><T65/><D106/><U67/><E26/><V124/><F82/><W128/><G119/><T55/><D120/><U117/><E117/><V3/><F13/><W115/><G115/><T77/><D14/><U111/><E111/><V123/><F3/><W58/><G105/><T36/><D36/><U8/><E47/><V134/><F123/><W83/><G39/><T94/><D20/><U17/><E8/><V72/><F72/><W22/><G128/><N who="1" m="49258" /><E71/><V41/><F31/><W122/><G122/><T100/><D65/><N who="1" m="25163" /><E89/><V40/><F124/><W132/><G132/><T0/><D0/><U60/><E60/><V49/><F41/><W54/><G83/><T74/><D74/><U127/><E127/><V52/><REACH who="2" step="1"/><F59/><REACH who="2" ten="250,250,240,250" step="2"/><W113/><G113/><T86/><D43/><U87/><E75/><V4/><F4/><W56/><G56/><T48/><D5/><U107/><E15/><V25/><F25/><W24/><G92/><T42/><D42/><U10/><E107/><V34/><F34/><W108/><G108/><T90/><D114/><U44/><E17/><V125/><F125/><W76/><G76/><T28/><D79/><N who="1" m="46527" /><E10/><V7/><F7/><W121/><G121/><T33/><D77/><U38/><E9/><V32/><F32/><W51/><G70/><T116/><D33/><U101/><E38/><AGARI ba="0,1" hai="38,40,45,49,52,57,93,97,103,109,110,133,134,135" machi="38" ten="40,8000,1" yaku="1,1,20,1,52,1,54,1,53,0" doraHai="37" doraHaiUra="80" who="2" fromWho="1" sc="250,0,250,-80,240,90,250,0" /><INIT seed="1,0,0,5,0,52" ten="250,170,330,250" oya="1" hai0="60,103,20,29,2,121,9,86,81,41,30,66,82" hai1="111,73,50,11,97,48,99,46,105,12,130,133,57" hai2="6,118,37,80,135,33,34,106,36,84,40,107,45" hai3="1,79,31,132,35,51,53,113,39,124,116,114,16"/><U22/><E73/><V54/><F118/><W78/><G39/><T108/><D108/><U24/><E130/><V61/><F36/><W59/><G1/><T94/><D121/><U131/><E131/><V5/><F135/><W128/><G116/><T69/><D41/><U110/><E133/><V74/><F6/><W42/><G128/><T100/><D2/><U122/><E122/><V14/><F14/><W27/><G132/><T10/><D82/><U96/><E105/><V21/><F21/><W83/><G42/><T4/><D4/><U117/><E117/><V85/><F5/><W44/><G44/><T49/><D49/><U93/><E93/><V126/><F126/><W3/><G3/><T62/><D69/><U0/><E0/><V47/><F84/><W23/><G79/><N who="0" m="46399" /><D66/><U28/><E57/><V58/><F47/><W127/><G124/><T91/><D20/><U7/><REACH who="1" step="1"/><E46/><REACH who="1" ten="250,160,330,250" step="2"/><V63/><F74/><W38/><G127/><T104/><D104/><U56/><E56/><V101/><F107/><W98/><G98/><T18/><D94/><U123/><E123/><V8/><F106/><W115/><G38/><T64/><D64/><U19/><E19/><V119/><F119/><W32/><REACH who="3" step="1"/><G31/><REACH who="3" ten="250,160,330,240" step="2"/><T88/><D30/><U77/><E77/><V43/><F45/><W112/><N who="3" m="28672" /><DORA hai="15" /><W65/><G65/><T75/><D29/><U95/><E95/><V68/><F37/><W17/><G17/><T120/><D18/><U76/><E76/><V129/><F129/><W25/><G25/><T70/><D120/><U125/><E125/><V71/><F43/><RYUUKYOKU ba="0,2" sc="250,-15,160,15,330,-15,240,15" hai1="7,11,12,22,24,28,48,50,96,97,99,110,111" hai3="16,23,27,32,35,51,53,59,78,83" /><INIT seed="1,1,2,1,2,102" ten="235,175,315,255" oya="1" hai0="47,122,5,97,16,41,85,24,99,3,37,68,28" hai1="36,108,105,123,79,77,128,75,39,23,89,98,80" hai2="4,6,74,48,135,119,94,133,87,64,30,116,11" hai3="26,111,86,117,100,66,44,114,0,124,103,72,107"/><U22/><E123/><V1/><F74/><W58/><G114/><T65/><D122/><U13/><E128/><V120/><F64/><W20/><G0/><T2/><D85/><U92/><E108/><V31/><F120/><W8/><G117/><T127/><D127/><U9/><E79/><V104/><F48/><W61/><G72/><T69/><D99/><U57/><E57/><V84/><F94/><W71/><G111/><T54/><D54/><U121/><E121/><V21/><F104/><W38/><G124/><T25/><D16/><U53/><E53/><V134/><F87/><W40/><G86/><T29/><D97/><U12/><E105/><V101/><F84/><W112/><G112/><T109/><D65/><U83/><E80/><V125/><F101/><W50/><G8/><N who="0" m="2103" /><D3/><U52/><E52/><V113/><F125/><W56/><G38/><T10/><D10/><U118/><E118/><N who="2" m="45099" /><F6/><W43/><G43/><T110/><D110/><U34/><E34/><V19/><F113/><W81/><G81/><T63/><D63/><U62/><E62/><V42/><F42/><W88/><G88/><T115/><D115/><U96/><E96/><V59/><F59/><N who="3" m="22571" /><G107/><T131/><D131/><U18/><E23/><V95/><F95/><W15/><G15/><AGARI ba="1,2" hai="1,4,11,15,19,21,30,31,133,134,135" m="45099" machi="15" ten="40,5200,0" yaku="20,1,34,2" doraHai="102" who="2" fromWho="3" sc="235,0,175,0,315,75,255,-55" /><INIT seed="2,0,0,3,1,99" ten="235,175,390,200" oya="2" hai0="56,37,118,40,130,84,135,49,92,83,26,103,95" hai1="112,88,3,30,54,4,86,60,91,0,32,120,11" hai2="47,57,41,67,76,134,36,55,59,81,117,34,66" hai3="113,5,129,6,15,90,110,28,102,13,114,127,104"/><V132/><F34/><W50/><G50/><T38/><D130/><U24/><E112/><N who="3" m="43114" /><G129/><T106/><D135/><N who="2" m="51754" /><F117/><W116/><G116/><T64/><D118/><U21/><E120/><V51/><F81/><W119/><G119/><T43/><D106/><U131/><E131/><V69/><F76/><W85/><G28/><T17/><D38/><U100/><E3/><V87/><F87/><W25/><G25/><T1/><D1/><U65/><E54/><N who="2" m="31967" /><F69/><W121/><G121/><T20/><D37/><U19/><E100/><V109/><F109/><W33/><G33/><T82/><D49/><AGARI ba="0,0" hai="36,41,47,49,55,59,66,67" m="31967,51754" machi="49" ten="30,5800,0" yaku="20,1,34,2" doraHai="99" who="2" fromWho="0" sc="235,-58,175,0,390,58,200,0" /><INIT seed="2,1,0,1,4,56" ten="177,175,448,200" oya="2" hai0="10,12,20,31,17,126,72,15,106,79,1,129,25" hai1="39,26,49,101,24,61,63,35,128,99,117,53,127" hai2="131,22,18,6,119,88,46,78,109,107,120,14,5" hai3="65,37,104,115,111,123,83,32,122,3,94,135,13"/><V11/><F107/><W4/><G65/><T118/><D79/><U86/><E117/><V84/><F120/><W62/><G13/><T44/><D106/><U110/><E39/><V28/><F119/><W75/><G94/><T27/><D44/><U23/><E35/><V8/><F78/><W57/><G83/><T47/><D47/><U34/><E34/><V85/><F131/><W38/><G4/><N who="2" m="1641" /><F109/><W0/><G57/><T134/><D72/><U108/><E86/><V7/><F84/><W100/><G62/><N who="1" m="23562" /><E128/><V95/><F46/><W97/><G100/><T102/><D102/><U80/><E80/><V81/><F95/><W29/><G97/><T36/><D36/><U124/><E53/><V82/><F82/><W50/><G29/><N who="0" m="17575" /><D118/><U73/><E49/><V45/><F45/><W60/><G60/><T19/><D129/><U96/><E73/><V112/><F112/><W51/><G51/><T74/><D74/><U33/><E33/><V68/><F68/><W40/><G50/><T92/><D92/><N who="1" m="58503" /><E99/><V21/><N who="2" m="1649" /><V91/><DORA hai="16" /><F91/><W93/><G38/><T67/><D1/><U90/><E90/><V133/><F133/><W42/><G37/><T52/><D134/><U64/><E64/><V132/><F132/><W9/><G32/><N who="0" m="20607" /><D67/><U43/><E43/><V2/><F2/><W54/><G75/><T70/><D70/><U125/><E24/><AGARI ba="1,0" hai="8,11,14,18,21,22,24,28,81,85,88" m="1649" machi="24" ten="30,11600,0" yaku="8,1,52,2,54,1" doraHai="56,16" who="2" fromWho="1" sc="177,0,175,-119,448,119,200,0" /><INIT seed="2,2,0,4,4,46" ten="177,56,567,200" oya="2" hai0="131,55,111,26,33,47,88,11,133,97,77,0,90" hai1="44,115,8,25,84,22,21,62,94,82,63,45,48" hai2="129,6,96,86,105,15,124,73,10,57,32,66,36" hai3="75,18,72,98,13,109,39,134,108,29,74,20,120"/><V85/><F36/><W130/><G39/><T67/><D133/><U128/><E115/><V58/><F73/><W23/><G120/><T107/><D131/><U54/><E128/><V100/><F32/><W121/><G130/><T4/><D77/><U76/><E21/><V42/><F129/><W113/><G121/><T119/><D119/><U92/><E8/><V103/><F42/><W80/><G113/><T34/><D111/><N who="3" m="42569" /><G134/><T7/><D7/><U2/><E2/><V70/><F124/><W95/><G80/><T30/><D67/><U87/><E45/><V35/><F35/><W50/><G29/><T27/><D27/><U43/><E43/><V31/><F31/><W28/><G28/><T64/><D64/><U83/><E92/><V106/><F70/><W5/><G5/><T56/><D47/><U71/><E94/><V135/><F135/><W117/><G117/><T17/><D17/><N who="1" m="12495" /><E71/><V78/><F66/><W112/><G112/><T114/><D34/><U1/><E1/><V68/><F68/><W24/><G24/><T122/><D122/><U104/><E104/><V79/><F79/><AGARI ba="2,0" hai="44,48,54,62,63,76,79,82,83,84,87" m="12495" machi="79" ten="30,2000,0" yaku="8,1,52,1" doraHai="46" who="1" fromWho="2" sc="177,0,56,26,567,-26,200,0" /><INIT seed="3,0,0,2,1,64" ten="177,82,541,200" oya="3" hai0="22,32,109,100,130,5,134,80,38,16,128,11,97" hai1="101,82,57,81,48,123,45,4,102,105,98,132,31" hai2="122,71,99,125,41,10,20,116,131,9,8,61,28" hai3="104,65,111,83,74,3,56,0,63,127,85,59,76"/><W58/><G127/><T79/><D32/><U29/><E123/><V37/><F116/><W50/><G104/><T12/><D38/><U129/><E129/><V126/><F131/><W34/><G34/><T1/><D134/><U70/><E70/><V118/><F118/><W66/><G111/><T133/><D109/><U106/><E132/><V115/><F115/><W75/><G50/><T15/><D133/><U107/><E4/><V6/><F41/><W52/><G66/><T78/><D78/><U25/><E57/><V26/><F37/><W112/><G112/><T54/><D54/><U91/><E91/><V95/><F71/><W124/><G124/><N who="2" m="47721" /><F61/><W117/><G117/><T67/><D67/><U47/><E25/><V60/><F60/><W114/><G114/><T23/><D23/><U121/><E98/><V42/><F42/><W40/><G40/><T119/><D1/><U55/><E121/><V72/><F72/><W88/><G75/><T53/><D53/><U19/><E19/><V87/><F87/><W39/><G39/><T113/><D113/><U30/><REACH who="1" step="1"/><E47/><REACH who="1" ten="177,72,541,200" step="2"/><V36/><F122/><W18/><G18/><T120/><D120/><U35/><E35/><V96/><F96/><W33/><G33/><T7/><D7/><U51/><E51/><V90/><F36/><W84/><G74/><N who="0" m="43127" /><D119/><U2/><E2/><AGARI ba="0,1" hai="2,6,8,9,10,20,26,28,90,95,99" m="47721" machi="2" ten="30,1000,0" yaku="18,1" doraHai="64" who="2" fromWho="1" sc="177,0,72,-10,541,20,200,0" /><INIT seed="4,0,0,2,4,110" ten="177,62,561,200" oya="0" hai0="130,42,46,39,104,45,10,26,28,32,106,12,100" hai1="5,128,109,85,99,40,132,29,78,8,59,57,129" hai2="55,96,98,97,127,114,101,124,133,44,79,92,66" hai3="89,1,120,115,53,71,27,67,82,119,86,122,15"/><T131/><D46/><U75/><E109/><V63/><F133/><W9/><G1/><T64/><D64/><U80/><E132/><V70/><F79/><W24/><G119/><T34/><D34/><U20/><E75/><V112/><F44/><W51/><G67/><T77/><D77/><U72/><E72/><V37/><F55/><W47/><G71/><T108/><D108/><U31/><E40/><V87/><F37/><W91/><G89/><T121/><D121/><N who="3" m="46697" /><G115/><N who="2" m="44073" /><F87/><W38/><G38/><T16/><REACH who="0" step="1"/><D100/><REACH who="0" ten="167,62,561,200" step="2"/><U88/><E128/><AGARI ba="0,1" hai="10,12,16,26,28,32,39,42,45,104,106,128,130,131" machi="128" ten="40,12000,1" yaku="1,1,2,1,19,1,54,1,53,1" doraHai="110" doraHaiUra="43" who="0" fromWho="1" sc="167,130,62,-120,561,0,200,0" owari="297,10.0,-58,-56.0,561,66.0,200,-20.0" /></mjloggm>