<mjloggm ver="2.3"><GO type="169" lobby="0"/><UN n0="%E3%81%AA%E3%81%AA%E3%81%BF%E3%82%93%E3%81%94" n1="%E7%AD%8B%E8%82%89%E3%82%82%E3%82%8A%E3%81%9E%E3%81%86" n2="%E3%83%88%E3%83%88%E3%83%AA%E5%85%88%E7%94%9F%31%39%E6%AD%B3" n3="%E7%9C%9F%E5%86%AC%E3%81%AE%E5%90%91%E6%97%A5%E8%91%B5" dan="16,16,18,16" rate="2043.77,2009.31,2199.15,2087.94" sx="M,M,F,M"/><TAIKYOKU oya="0"/><INIT seed="0,0,0,0,5,91" ten="250,250,250,250" oya="0" hai0="23,61,5,105,115,68,37,130,73,122,65,126,64" hai1="116,85,44,62,38,1,125,96,12,48,43,63,106" hai2="95,30,39,83,102,90,124,2,89,59,109,16,53" hai3="104,0,9,81,6,119,110,129,35,17,14,88,46"/><T101/><D122/><U51/><E1/><V93/><F2/><W127/><G119/><T99/><D115/><U57/><E116/><V54/><F39/><W11/><G104/><T10/><D130/><U21/><E63/><V50/><F109/><W94/><G110/><T27/><D65/><U49/><E125/><V42/><F42/><W79/><G127/><T75/><D37/><U33/><E33/><V84/><F30/><W120/><G129/><T98/><D98/><U128/><E85/><V15/><F102/><W121/><G35/><T3/><REACH who="0" step="1"/><D126/><REACH who="0" ten="240,250,250,250" step="2"/><U26/><E96/><V8/><F124/><W41/><G121/><T22/><D22/><U13/><E128/><V107/><F107/><W45/><G120/><T113/><D113/><U108/><E106/><V87/><REACH who="2" step="1"/><F54/><REACH who="2" ten="240,250,240,250" step="2"/><W70/><G41/><T112/><D112/><U117/><E38/><V133/><F133/><W18/><G9/><T47/><D47/><U55/><E43/><V24/><F24/><W7/><G45/><T82/><D82/><AGARI ba="0,2" hai="8,15,16,50,53,59,82,83,84,87,89,90,93,95" machi="82" ten="30,12000,2" yaku="1,1,7,1,9,1,8,1,52,2,54,1,53,0" doraHai="91" doraHaiUra="36" who="2" fromWho="0" sc="240,-120,250,0,240,140,250,0" /><INIT seed="1,0,0,3,1,0" ten="120,250,380,250" oya="1" hai0="106,74,101,35,6,91,38,20,34,112,85,129,41" hai1="80,76,95,45,64,40,43,77,87,22,9,46,81" hai2="16,114,39,66,24,115,97,2,75,56,48,57,29" hai3="27,118,68,79,61,37,72,32,107,52,109,67,7"/><U3/><E64/><V119/><F119/><W99/><G37/><T83/><D129/><U21/><E95/><V28/><F39/><W104/><G118/><T5/><D112/><N who="2" m="43050" /><F75/><W108/><G52/><T17/><D74/><U103/><E103/><V13/><F2/><W59/><G59/><N who="2" m="22601" /><F24/><W62/><G62/><T1/><D1/><U36/><E3/><V44/><F97/><W132/><G132/><T102/><D35/><U134/><E134/><V98/><F98/><W86/><G86/><T133/><D34/><U127/><E127/><V69/><F69/><W124/><G124/><T12/><D133/><U84/><REACH who="1" step="1"/><E9/><REACH who="1" ten="120,240,380,250" step="2"/><N who="2" m="6191" /><F66/><W96/><G67/><T128/><D128/><U25/><E25/><V110/><F110/><W50/><G27/><T42/><D106/><U116/><E116/><V70/><F70/><W78/><G104/><T130/><D130/><U73/><E73/><V54/><AGARI ba="0,1" hai="28,29,44,48,54" m="6191,22601,43050" machi="54" ten="30,2000,0" yaku="11,1,54,1" doraHai="0" who="2" fromWho="2" sc="120,-5,240,-10,380,30,250,-5" /><INIT seed="2,0,0,4,0,51" ten="115,230,410,245" oya="2" hai0="9,13,55,109,95,37,39,25,85,76,16,81,1" hai1="121,31,115,114,19,128,120,38,57,75,59,53,48" hai2="64,66,96,0,46,92,111,5,93,88,40,32,126" hai3="99,12,129,41,15,91,30,65,56,7,116,18,102"/><V100/><F32/><W74/><G116/><T33/><D109/><U44/><E75/><V78/><F126/><W131/><G74/><T3/><D95/><U8/><E31/><V77/><F111/><W124/><G124/><T86/><D86/><U84/><E84/><V67/><F5/><W135/><G135/><T123/><D123/><N who="1" m="47179" /><E128/><V68/><F0/><W79/><G79/><T20/><D33/><U26/><E8/><V17/><F68/><W130/><G30/><T72/><D72/><U2/><E2/><V127/><F127/><W87/><G41/><T125/><D125/><U58/><E19/><V36/><REACH who="2" step="1"/><F17/><REACH who="2" ten="115,230,400,245" step="2"/><W108/><G18/><T43/><D1/><U62/><E115/><V45/><F45/><W21/><G7/><T80/><D3/><U73/><E114/><V63/><F63/><N who="3" m="38119" /><G108/><T70/><D70/><U119/><E62/><V122/><F122/><W118/><G130/><T134/><D134/><U22/><E44/><V98/><AGARI ba="0,1" hai="36,40,46,64,66,67,77,78,88,92,93,96,98,100" machi="98" ten="30,6000,0" yaku="1,1,0,1,54,1,53,0" doraHai="51" doraHaiUra="50" who="2" fromWho="2" sc="115,-20,230,-20,400,70,245,-20" /><INIT seed="2,1,0,5,4,16" ten="95,210,470,225" oya="2" hai0="87,13,55,80,86,118,81,75,104,2,45,113,71" hai1="74,60,33,30,40,121,14,35,93,89,96,133,91" hai2="126,50,97,28,108,84,88,19,82,112,65,8,76" hai3="51,134,24,49,115,127,23,0,5,38,54,36,131"/><V109/><F112/><W123/><G123/><T15/><D2/><U103/><E74/><V11/><F126/><W68/><G68/><T6/><D71/><U95/><E40/><V64/><F28/><W125/><G115/><T37/><D104/><U27/><E133/><V31/><F31/><W9/><G134/><T70/><D70/><U119/><E119/><V12/><F11/><W116/><G116/><T66/><D66/><U4/><E103/><V67/><F97/><W98/><G131/><T53/><D75/><U44/><E44/><V39/><F39/><W77/><G77/><T21/><D113/><U10/><E60/><V101/><F101/><W124/><G98/><T41/><D118/><U59/><E59/><V3/><F3/><W99/><G99/><T61/><D61/><U78/><E78/><V79/><F50/><N who="3" m="18955" /><G54/><T72/><D72/><U26/><E121/><V106/><F106/><W114/><G114/><T46/><D6/><U107/><E107/><V48/><F48/><W128/><G128/><T47/><D37/><U102/><E93/><V130/><F130/><W73/><G73/><T56/><D56/><U62/><E62/><V94/><F94/><W129/><G129/><T1/><D1/><U83/><E83/><N who="0" m="31817" /><D41/><U63/><E63/><V90/><REACH who="2" step="1"/><F79/><REACH who="2" ten="95,210,460,225" step="2"/><W25/><G38/><T7/><D7/><U69/><E69/><V29/><F29/><AGARI ba="1,1" hai="4,10,14,26,27,29,30,33,35,89,91,95,96,102" machi="29" ten="40,1300,0" yaku="9,1" doraHai="16" who="1" fromWho="2" sc="95,0,210,26,460,-16,225,0" /><INIT seed="3,0,0,4,2,95" ten="95,236,444,225" oya="3" hai0="61,34,58,106,19,86,103,96,115,74,47,42,23" hai1="123,102,101,94,31,27,26,112,90,1,65,32,18" hai2="54,14,81,117,109,55,0,60,105,64,22,124,44" hai3="33,77,111,79,83,46,15,36,70,39,80,76,71"/><W13/><G33/><T3/><D3/><U72/><E72/><V82/><F117/><W35/><G35/><T28/><D74/><U38/><E38/><N who="3" m="14378" /><G46/><T12/><D115/><U24/><E123/><V75/><F0/><W98/><G111/><T104/><D86/><U73/><E73/><V7/><F105/><W97/><G13/><T59/><D106/><U68/><E1/><V114/><F114/><W4/><G15/><T9/><D34/><U30/><E112/><V118/><F118/><W113/><G4/><T11/><D28/><U91/><E68/><N who="3" m="26154" /><G113/><T63/><D59/><U99/><E32/><V40/><F109/><W93/><G93/><T8/><REACH who="0" step="1"/><D58/><REACH who="0" ten="85,236,444,225" step="2"/><U53/><E30/><V87/><F87/><W66/><G66/><T37/><AGARI ba="0,1" hai="8,9,11,12,19,23,37,42,47,61,63,96,103,104" machi="37" ten="30,7900,0" yaku="1,1,2,1,0,1,52,1,53,0" doraHai="95" doraHaiUra="132" who="0" fromWho="0" sc="85,89,236,-20,444,-20,225,-39" /><INIT seed="4,0,0,0,1,17" ten="174,216,424,186" oya="0" hai0="101,110,60,97,13,0,7,83,75,21,105,31,34" hai1="52,19,56,4,81,132,45,27,134,127,49,113,65" hai2="66,18,39,102,96,62,104,111,82,115,135,85,14" hai3="3,5,23,87,112,89,119,42,107,126,128,86,78"/><T106/><D110/><U80/><E4/><V35/><F115/><W28/><G119/><T50/><D50/><U116/><E116/><V61/><F135/><N who="1" m="51753" /><E127/><V117/><F117/><W43/><G107/><N who="0" m="63919" /><D60/><N who="1" m="38023" /><E113/><V33/><F39/><W36/><G112/><T103/><D103/><U48/><E19/><V122/><F122/><W98/><G126/><T8/><D75/><U71/><E71/><V54/><F54/><W84/><G78/><T9/><D9/><U58/><E27/><V29/><F29/><W68/><G68/><T24/><D83/><U69/><E69/><V94/><F104/><W2/><G128/><T90/><D90/><U26/><E26/><V40/><F111/><W57/><G5/><T53/><D53/><AGARI ba="0,0" hai="45,48,49,52,53,58,80,81" m="38023,51753" machi="53" ten="30,2000,0" yaku="20,1,54,1" doraHai="17" who="1" fromWho="0" sc="174,-20,216,20,424,0,186,0" /><INIT seed="5,0,0,4,1,24" ten="154,236,424,186" oya="1" hai0="29,94,61,49,129,42,105,114,116,58,101,28,83" hai1="62,70,72,135,120,14,133,108,79,47,115,16,84" hai2="64,76,23,55,118,99,60,31,51,5,66,106,17" hai3="112,117,21,88,97,30,36,2,132,100,56,121,25"/><U12/><E72/><V4/><F118/><W22/><G121/><T131/><D105/><U27/><E120/><V20/><F76/><W134/><G2/><T1/><D1/><U48/><E115/><V18/><F106/><N who="3" m="63759" /><G36/><T103/><D116/><U35/><E79/><V98/><F31/><N who="0" m="11850" /><D114/><U13/><E84/><V91/><F91/><W46/><G112/><T15/><D83/><U65/><E108/><V32/><F51/><W19/><G117/><T75/><D75/><U38/><E38/><V77/><F55/><W119/><G119/><T68/><D68/><U107/><E107/><V125/><F77/><W54/><G46/><N who="0" m="25815" /><D94/><U3/><E3/><V104/><F104/><W85/><G134/><T11/><D129/><U6/><E133/><V93/><F93/><W92/><G132/><T63/><D131/><U67/><E135/><V53/><F32/><W127/><G92/><T124/><D124/><U59/><E70/><V39/><F39/><W41/><G127/><T78/><D78/><U80/><E80/><V90/><F125/><W71/><G71/><T113/><D113/><U43/><E35/><V50/><F90/><W33/><G88/><T26/><D26/><U34/><E27/><V122/><F122/><W126/><G25/><T52/><D63/><N who="1" m="38143" /><E34/><V102/><F60/><W110/><G33/><T96/><D96/><U86/><E62/><V74/><F74/><W40/><G126/><T109/><D109/><U10/><E86/><V89/><F89/><W8/><G110/><T82/><D82/><U44/><E43/><V95/><F98/><W45/><G41/><RYUUKYOKU ba="0,0" sc="154,30,236,-10,424,-10,186,-10" hai0="11,15,52,58,61,101,103" /><INIT seed="6,1,0,1,3,4" ten="184,226,414,176" oya="2" hai0="92,25,75,121,109,26,120,99,52,107,7,29,5" hai1="133,30,8,65,59,15,3,127,43,42,94,49,21" hai2="61,16,110,122,126,14,111,0,74,135,40,78,31" hai3="118,123,77,23,70,46,76,68,19,20,45,103,37"/><V91/><F122/><W33/><G33/><T2/><D107/><U28/><E3/><V83/><F0/><W13/><G123/><T82/><D109/><N who="2" m="41482" /><F135/><W22/><G118/><T130/><D130/><U10/><E127/><V129/><F129/><W88/><G103/><T104/><D104/><U95/><E133/><V97/><F31/><N who="1" m="11817" /><E21/><V131/><F131/><W72/><G72/><T115/><D115/><U17/><E8/><N who="2" m="6215" /><F40/><W132/><G132/><T51/><D120/><U112/><E112/><V57/><F97/><W67/><G70/><T71/><D71/><U11/><E42/><V48/><F91/><W117/><G88/><T50/><D2/><U80/><E43/><V73/><F48/><W124/><G124/><T62/><D50/><U41/><E41/><V102/><F102/><W47/><G117/><T34/><D121/><U32/><E49/><V85/><F126/><W12/><G37/><T96/><D96/><U18/><E32/><V54/><AGARI ba="1,0" hai="54,57,61,73,74,78,83,85" m="6215,41482" machi="54" ten="30,6000,0" yaku="10,1,52,1,54,1" doraHai="4" who="2" fromWho="2" sc="184,-21,226,-21,414,63,176,-21" /><INIT seed="6,2,0,1,0,40" ten="163,205,477,155" oya="2" hai0="132,51,94,32,107,11,61,78,93,95,122,89,79" hai1="66,83,55,116,100,126,5,54,23,27,77,50,81" hai2="135,87,48,18,25,112,49,2,115,41,29,67,91" hai3="13,45,7,104,111,34,47,123,84,59,98,28,56"/><V70/><F2/><W36/><G123/><T44/><D32/><U120/><E116/><V131/><F135/><W113/><G111/><T17/><D107/><U43/><E66/><V52/><F131/><W46/><G36/><T119/><D132/><U118/><E118/><V73/><F73/><W33/><G104/><T125/><D125/><U74/><E100/><V12/><F67/><W6/><G113/><T37/><D37/><U82/><E126/><V19/><F70/><W117/><G117/><T86/><D122/><U31/><E120/><V80/><F48/><W106/><G84/><T76/><D61/><U58/><E43/><V64/><F41/><W85/><G85/><T35/><D35/><U65/><E65/><V121/><F64/><W24/><G34/><T21/><D11/><U26/><E5/><V109/><F109/><W130/><G130/><T97/><D97/><U129/><E129/><V134/><F134/><W4/><REACH who="3" step="1"/><G13/><REACH who="3" ten="163,205,477,145" step="2"/><N who="0" m="9391" /><D119/><U14/><E14/><V68/><F12/><W114/><G114/><N who="2" m="43561" /><F121/><W15/><G15/><T53/><AGARI ba="2,1" hai="44,51,53,76,78,79,86,89,93,94,95" m="9391" machi="53" ten="30,2000,0" yaku="8,1,52,1" doraHai="40" who="0" fromWho="0" sc="163,36,205,-7,477,-12,145,-7" /><INIT seed="7,0,0,5,4,58" ten="199,198,465,138" oya="3" hai0="42,36,87,77,59,127,82,78,129,128,19,46,86" hai1="25,39,31,38,12,67,50,66,120,64,101,68,35" hai2="90,16,52,111,21,61,83,63,125,40,9,65,8" hai3="100,109,62,121,102,80,126,54,70,103,72,18,51"/><W20/><G121/><T53/><D127/><U132/><E120/><V133/><F111/><W47/><G126/><T56/><D19/><U134/><E68/><V14/><F125/><W104/><G109/><T43/><D53/><U17/><E50/><V91/><F133/><N who="1" m="51305" /><E101/><V29/><F40/><W84/><G72/><T88/><D43/><U98/><E98/><V24/><F65/><W107/><G70/><T30/><D30/><U48/><E48/><V10/><F83/><W23/><G62/><N who="2" m="23561" /><F52/><W45/><G45/><T89/><D128/><U37/><E67/><V119/><F119/><W96/><G107/><T69/><D69/><U74/><E74/><V71/><F71/><W57/><G47/><T13/><D129/><U114/><E114/><V6/><F6/><W5/><G5/><T131/><D131/><U92/><E92/><V124/><F124/><W3/><G3/><T123/><D123/><U15/><E66/><V11/><AGARI ba="0,0" hai="8,9,10,11,14,16,21,24,29,90,91" m="23561" machi="11" ten="30,8000,1" yaku="8,1,52,3,54,1" doraHai="58" who="2" fromWho="2" sc="199,-20,198,-20,465,80,138,-40" owari="179,-2.0,178,-22.0,545,64.0,98,-40.0" /></mjloggm>