<mjloggm ver="2.3"><GO type="225" lobby="0"/><UN n0="%64%61%61%61%61%61%61%61" n1="%E3%83%88%E3%83%88%E3%83%AA%E5%85%88%E7%94%9F%31%39%E6%AD%B3" n2="%E3%83%9B%E3%83%B3%E3%82%A4%E3%83%84%E5%8E%A8" n3="%E2%80%A0%E5%9C%92%E5%9F%8E%E5%AF%BA%E6%80%9C%E2%80%A0" dan="17,17,16,16" rate="2204.61,2200.06,2036.38,2101.12" sx="F,F,M,M"/><TAIKYOKU oya="0"/><INIT seed="0,0,0,2,1,5" ten="250,250,250,250" oya="0" hai0="105,72,9,60,73,77,88,114,16,110,127,133,1" hai1="109,86,115,15,52,84,26,27,34,40,65,21,63" hai2="79,36,35,17,24,66,99,42,19,47,67,90,37" hai3="126,59,128,48,29,78,124,101,55,46,3,56,83"/><T33/><D114/><U93/><E109/><V43/><F79/><W69/><G69/><T112/><D112/><U38/><E115/><V11/><F35/><W6/><G29/><T39/><D105/><U135/><E135/><V96/><F90/><W8/><G128/><T68/><D33/><U71/><E34/><V122/><F24/><W18/><G18/><T98/><D39/><U108/><E27/><V62/><F62/><W95/><G95/><T4/><D133/><U117/><E93/><V106/><F47/><W41/><G101/><T104/><D110/><U92/><E92/><V25/><F25/><W85/><REACH who="3" step="1"/><G59/><REACH who="3" ten="250,250,250,240" step="2"/><T123/><D16/><U49/><E71/><V102/><F102/><W121/><G121/><T14/><D123/><U13/><E108/><V30/><F30/><W132/><G132/><T120/><D120/><U75/><E117/><V22/><F122/><W97/><G97/><T54/><D98/><U111/><E111/><V129/><F129/><W107/><G107/><T91/><D104/><U31/><E31/><V89/><F106/><W87/><G87/><T76/><D68/><N who="1" m="42047" /><E86/><V28/><F28/><W23/><G23/><T51/><D72/><U64/><E84/><V7/><F22/><W61/><AGARI ba="0,1" hai="3,6,8,41,46,48,55,56,61,78,83,85,124,126" machi="61" ten="30,7900,0" yaku="1,1,0,1,52,1,53,1" doraHai="5" doraHaiUra="50" who="3" fromWho="3" sc="250,-39,250,-20,250,-20,240,89" /><INIT seed="1,0,0,5,3,99" ten="211,230,230,329" oya="1" hai0="12,125,127,96,52,131,14,113,134,132,8,16,34" hai1="13,93,120,59,65,44,23,68,107,18,81,111,4" hai2="95,110,85,126,57,83,100,42,76,32,25,119,121" hai3="31,103,3,102,61,75,54,38,101,114,33,11,17"/><U35/><E120/><V24/><F119/><W9/><G38/><T104/><D113/><U28/><E107/><V0/><F0/><W41/><G41/><T135/><D34/><U30/><E68/><V72/><F121/><W55/><G75/><T90/><D131/><U22/><E35/><V118/><F118/><W92/><G114/><T116/><D116/><U79/><E111/><V69/><F69/><W122/><G122/><T1/><D1/><U78/><E4/><V46/><F110/><W39/><G39/><T109/><D109/><U50/><E93/><V6/><F6/><W5/><G92/><T94/><D104/><U19/><E59/><V108/><F126/><N who="0" m="48138" /><D14/><N who="1" m="9559" /><E65/><V53/><F32/><W10/><G17/><T88/><D52/><N who="1" m="29767" /><E81/><V129/><F129/><W20/><G33/><T74/><D74/><U48/><E48/><N who="2" m="26711" /><F72/><W89/><G3/><T60/><D60/><U124/><E124/><V47/><F47/><W51/><G5/><T84/><D84/><U2/><E2/><V73/><F73/><W29/><G61/><T98/><D98/><U77/><AGARI ba="0,0" hai="13,19,23,28,30,77,78,79" m="29767,9559" machi="77" ten="30,3000,0" yaku="8,1,54,1" doraHai="99" who="1" fromWho="1" sc="211,-10,230,30,230,-10,329,-10" /><INIT seed="1,1,0,0,4,12" ten="201,260,220,319" oya="1" hai0="5,130,19,37,39,119,63,110,81,36,135,16,13" hai1="33,54,120,133,84,108,112,34,40,27,51,9,68" hai2="20,122,109,2,3,116,129,69,100,127,26,49,103" hai3="121,18,8,74,71,131,67,59,132,48,89,88,72"/><U58/><E112/><V91/><F69/><W66/><G121/><T57/><D119/><U123/><E68/><V65/><F65/><N who="3" m="24587" /><G71/><T125/><D130/><U43/><E133/><V101/><F116/><W64/><G72/><T126/><D135/><U42/><E108/><V87/><F122/><W90/><G74/><T107/><D107/><U4/><E34/><V85/><F127/><N who="0" m="48650" /><D110/><U53/><E84/><V73/><F73/><W10/><G132/><T134/><D134/><U21/><E53/><V7/><F129/><W82/><G131/><T75/><D5/><U93/><E93/><V114/><F114/><W24/><G82/><T96/><D96/><U45/><E33/><V118/><F118/><W78/><G78/><N who="0" m="44255" /><D13/><N who="1" m="5287" /><E123/><V70/><F70/><W31/><G31/><T61/><D61/><N who="1" m="36055" /><E120/><V17/><F2/><W22/><G64/><AGARI ba="1,0" hai="16,19,36,37,39,57,63,64" m="44255,48650" machi="64" ten="40,8000,1" yaku="18,1,52,2,54,1" doraHai="12" who="0" fromWho="3" sc="201,83,260,0,220,0,319,-83" /><INIT seed="2,0,0,2,2,8" ten="284,260,220,236" oya="2" hai0="72,39,65,95,131,118,111,30,23,19,63,24,15" hai1="81,25,78,36,85,5,71,119,125,100,112,108,69" hai2="35,50,76,10,44,60,77,80,28,135,115,114,54" hai3="20,92,1,122,133,66,17,14,74,73,132,67,18"/><V124/><F124/><W56/><G1/><T107/><D107/><U4/><E112/><V123/><F123/><W130/><G122/><T27/><D72/><U109/><E119/><V61/><F135/><N who="3" m="51787" /><G130/><T128/><D39/><U48/><E36/><V41/><F77/><W103/><G18/><T11/><D111/><N who="1" m="42571" /><E125/><V12/><F28/><W94/><G94/><T31/><D95/><U82/><E100/><V101/><F35/><W88/><G103/><T57/><REACH who="0" step="1"/><D118/><REACH who="0" ten="274,260,220,236" step="2"/><U3/><E82/><V121/><F121/><W91/><G92/><T62/><D62/><U9/><E81/><V102/><F115/><W113/><G113/><T13/><D13/><U134/><E134/><V110/><F114/><W53/><G73/><T106/><D106/><U64/><E3/><V98/><F110/><W93/><G74/><T97/><D97/><U46/><E85/><N who="2" m="48263" /><F98/><N who="3" m="57639" /><G91/><T105/><D105/><U33/><E78/><V21/><F101/><W89/><G89/><T90/><D90/><U0/><E0/><V16/><F102/><W59/><G59/><T70/><D70/><U26/><E71/><V32/><F61/><AGARI ba="0,1" hai="14,17,20,53,56,61,66,67" m="57639,51787" machi="61" ten="30,3900,0" yaku="20,1,52,1,54,1" doraHai="8" who="3" fromWho="2" sc="274,0,260,0,220,-39,236,49" /><INIT seed="3,0,0,1,1,82" ten="274,260,181,285" oya="3" hai0="33,44,118,125,4,3,117,8,2,75,28,0,63" hai1="123,105,29,19,31,76,130,30,61,120,60,67,48" hai2="111,26,53,12,69,81,74,50,131,80,11,13,110" hai3="65,51,35,22,37,101,92,32,103,89,39,112,88"/><W55/><G65/><T77/><D63/><U95/><E105/><V84/><F69/><W42/><G112/><T102/><D102/><U122/><E130/><V15/><F131/><W91/><G42/><T45/><D75/><U121/><E121/><V36/><F36/><W6/><G6/><T104/><D77/><U98/><E67/><V96/><F96/><W114/><G114/><T124/><D45/><U90/><E76/><N who="2" m="44055" /><F26/><W107/><G107/><T83/><D83/><U62/><E19/><V43/><F11/><W58/><G32/><T49/><D104/><U119/><E48/><V24/><F24/><W41/><G35/><T47/><D47/><U109/><E109/><N who="2" m="41483" /><F43/><W113/><G113/><T21/><D33/><U68/><E68/><V72/><F72/><W10/><G10/><T54/><D28/><U9/><E9/><V135/><F135/><W56/><G41/><T5/><D21/><U59/><E59/><N who="3" m="22570" /><G39/><T86/><D8/><U127/><REACH who="1" step="1"/><E119/><REACH who="1" ten="274,250,181,285" step="2"/><V78/><F50/><W73/><G37/><T66/><D118/><U99/><E99/><V87/><F53/><W97/><G73/><T46/><D117/><U79/><E79/><N who="2" m="46143" /><F87/><W16/><G55/><T57/><D86/><U100/><E100/><N who="3" m="38474" /><G51/><T85/><D66/><U20/><E20/><V27/><F78/><W115/><G115/><T70/><D70/><U17/><E17/><V7/><F7/><N who="0" m="2634" /><D85/><U38/><E38/><V64/><F64/><W93/><G97/><T132/><D132/><U52/><E52/><V94/><F94/><W23/><G22/><T133/><D133/><U116/><E116/><RYUUKYOKU ba="0,1" sc="274,0,250,0,181,0,285,0" hai0="0,2,3,44,46,49,54,57,124,125" hai1="29,30,31,60,61,62,90,95,98,120,122,123,127" hai2="12,13,15,27" hai3="16,23,88,89,91,92,93" /><INIT seed="3,1,1,0,4,56" ten="274,250,181,285" oya="3" hai0="87,42,33,70,59,52,53,91,132,37,124,92,11" hai1="45,110,123,16,104,14,0,22,122,86,85,117,67" hai2="74,98,6,20,12,58,29,100,94,62,93,99,28" hai3="48,111,63,25,21,36,23,41,55,82,68,131,89"/><W69/><G131/><T4/><D70/><U113/><E113/><V130/><F74/><W81/><G111/><T3/><D132/><U13/><E0/><V1/><F1/><W32/><G32/><T44/><D33/><U7/><E104/><V103/><F130/><W115/><G115/><T83/><D124/><U75/><E75/><V60/><F60/><W108/><G108/><T18/><D18/><U43/><E110/><V79/><F79/><W121/><G121/><T50/><D53/><U31/><E117/><V78/><F78/><W126/><G126/><T88/><D92/><U34/><E67/><V119/><F119/><W109/><G109/><T135/><D135/><U15/><E31/><V26/><F12/><W120/><G120/><T133/><D133/><U17/><E34/><V49/><F49/><W90/><G36/><T76/><AGARI ba="1,1" hai="3,4,11,37,42,44,50,52,59,76,83,87,88,91" machi="76" ten="20,5200,0" yaku="0,1,7,1,54,2" doraHai="56" who="0" fromWho="0" sc="274,65,250,-14,181,-14,285,-27" owari="339,43.0,236,-16.0,167,-33.0,258,6.0" /></mjloggm>