<mjloggm ver="2.3"><GO type="169" lobby="0"/><UN n0="%E6%A4%8D%E9%87%8E" n1="%6B%69%6D%38" n2="%E3%81%86%E3%82%8B%E3%81%95%E3%81%84%E3%81%AF%E8%A4%92%E3%82%81%E8%A9%9E" n3="%E3%82%A6%E3%83%AB%E3%83%88%E3%83%A9%E7%AB%8B%E7%9B%B4" dan="18,16,16,18" rate="2235.74,2111.52,2076.57,2202.81" sx="M,M,M,M"/><TAIKYOKU oya="0"/><INIT seed="0,0,0,3,1,33" ten="250,250,250,250" oya="0" hai0="25,48,67,18,62,41,94,133,20,130,127,53,118" hai1="111,27,85,131,70,43,72,101,47,135,77,129,97" hai2="109,37,3,115,21,19,10,31,124,117,65,28,110" hai3="87,104,73,89,125,90,76,93,98,63,113,29,105"/><T95/><D118/><U52/><E111/><N who="2" m="42507" /><F37/><W2/><G2/><T120/><D120/><U23/><E72/><V7/><F115/><W99/><G63/><T107/><D107/><N who="3" m="41033" /><G29/><N who="2" m="11337" /><F65/><W11/><G11/><T108/><D108/><U96/><E70/><V54/><F54/><W59/><G59/><N who="0" m="37343" /><D127/><U64/><E64/><V35/><F35/><W5/><G5/><T56/><D133/><U51/><E135/><V55/><F55/><W39/><G39/><T132/><D130/><N who="1" m="49675" /><E101/><V121/><F124/><W44/><G44/><N who="0" m="25615" /><D132/><U0/><E0/><V26/><F117/><W68/><G125/><T66/><D66/><U126/><E126/><V30/><N who="2" m="11345" /><V46/><DORA hai="36" /><F46/><W58/><G58/><T61/><AGARI ba="0,0" hai="18,20,25,53,56,61,94,95" m="25615,37343" machi="61" ten="30,3000,0" yaku="8,1,52,1" doraHai="33,36" who="0" fromWho="0" sc="250,30,250,-10,250,-10,250,-10" /><INIT seed="0,1,0,4,3,106" ten="280,240,240,240" oya="0" hai0="101,92,32,128,25,13,29,33,37,43,18,118,124" hai1="39,107,53,26,72,88,109,95,12,91,68,46,76" hai2="6,127,57,41,129,35,38,9,117,65,119,10,102" hai3="113,61,78,115,98,111,30,96,16,120,5,108,69"/><T71/><D118/><N who="2" m="45066" /><F35/><W133/><G30/><T97/><D71/><U87/><E109/><N who="3" m="42058" /><G5/><T73/><D128/><U105/><E68/><V64/><F129/><W15/><G78/><T63/><D124/><U122/><E122/><V28/><F28/><W93/><G133/><T23/><D63/><U62/><E26/><V81/><F127/><W19/><G120/><T11/><REACH who="0" step="1"/><D73/><REACH who="0" ten="270,240,240,240" step="2"/><U24/><E72/><V135/><F135/><W2/><G61/><T103/><D103/><U14/><E62/><V66/><F102/><W75/><G75/><T125/><D125/><U70/><E70/><V126/><F126/><W121/><G69/><T100/><D100/><U7/><E107/><V104/><F104/><W67/><G121/><T47/><AGARI ba="1,1" hai="11,13,18,23,25,29,32,33,37,43,47,92,97,101" machi="47" ten="30,3000,0" yaku="1,1,0,1,53,0" doraHai="106" doraHaiUra="77" who="0" fromWho="0" sc="270,43,240,-11,240,-11,240,-11" /><INIT seed="0,2,0,2,4,97" ten="313,229,229,229" oya="0" hai0="88,99,26,105,96,70,77,104,85,68,84,33,41" hai1="52,72,50,12,135,27,57,55,4,106,94,14,78" hai2="121,125,132,129,37,30,32,10,86,80,112,56,8" hai3="46,6,115,130,92,29,91,65,100,44,49,74,7"/><T28/><D41/><U53/><E106/><V31/><F32/><W60/><G74/><T39/><D39/><U58/><E135/><V98/><F37/><W76/><G76/><T119/><D119/><U73/><E78/><V118/><F132/><W47/><G130/><T18/><D77/><U63/><E27/><V111/><F111/><W90/><G49/><T110/><D110/><U89/><E53/><V93/><F129/><W3/><G29/><T123/><D123/><U54/><E54/><V64/><F125/><W42/><G3/><T127/><D127/><U43/><E43/><V133/><F133/><W114/><G42/><T124/><D124/><U21/><E14/><V16/><F10/><W82/><G82/><T81/><D85/><U101/><E101/><N who="2" m="60623" /><F112/><W59/><G100/><T71/><D105/><U48/><E63/><N who="2" m="37991" /><F121/><W23/><G114/><T108/><D108/><U51/><E51/><V87/><F87/><W117/><G115/><T17/><D104/><U11/><REACH who="1" step="1"/><E21/><REACH who="1" ten="313,219,229,229" step="2"/><V83/><F118/><W1/><G23/><T75/><D75/><U128/><E128/><V35/><F35/><W120/><G120/><T13/><REACH who="0" step="1"/><D18/><REACH who="0" ten="303,219,229,229" step="2"/><U107/><E107/><V22/><F16/><W79/><G79/><T36/><D36/><U19/><E19/><V61/><F86/><AGARI ba="2,2" hai="4,11,12,48,50,52,55,57,58,72,73,86,89,94" machi="86" ten="30,7700,0" yaku="1,1,7,1,9,1,54,1,53,0" doraHai="97" doraHaiUra="15" who="1" fromWho="2" sc="303,0,219,103,229,-83,229,0" /><INIT seed="1,0,0,3,0,49" ten="303,322,146,229" oya="1" hai0="96,36,93,37,20,29,5,34,48,52,14,9,24" hai1="106,23,63,133,88,57,117,0,80,99,78,75,39" hai2="126,86,11,43,26,31,103,73,65,121,113,2,19" hai3="28,108,18,79,97,16,41,110,118,35,112,47,85"/><U77/><E117/><V100/><F73/><W70/><G70/><T62/><D62/><U107/><E39/><V59/><F113/><W134/><G112/><T3/><D3/><U66/><E0/><V4/><F126/><W15/><G118/><T55/><D34/><U40/><E133/><V1/><F1/><W7/><G97/><T119/><D119/><U92/><E77/><V128/><F128/><W33/><G85/><T84/><D84/><U45/><REACH who="1" step="1"/><E23/><REACH who="1" ten="303,312,146,229" step="2"/><V71/><F121/><W50/><G79/><T135/><D135/><U130/><E130/><V124/><F124/><W54/><G134/><T109/><D109/><U104/><E104/><V30/><F2/><W101/><G33/><T64/><D36/><U42/><E42/><V6/><F43/><W22/><G35/><T67/><D37/><U123/><E123/><V68/><F6/><W25/><G108/><T105/><D105/><U53/><E53/><N who="0" m="20553" /><D48/><U83/><E83/><V114/><F114/><W82/><G82/><T120/><D120/><U132/><E132/><V95/><F95/><W12/><G50/><T17/><D5/><U10/><E10/><V21/><F11/><W87/><G7/><T127/><D127/><U98/><E98/><V91/><F4/><W81/><G110/><T111/><D111/><U115/><E115/><V76/><F76/><W74/><G81/><T131/><D131/><U116/><E116/><V125/><F125/><W56/><G41/><T8/><D8/><U58/><E58/><V13/><F59/><W69/><G56/><T51/><D51/><U94/><E94/><RYUUKYOKU ba="0,1" sc="303,15,312,15,146,-15,229,-15" hai0="9,14,17,20,24,29,64,67,93,96" hai1="40,45,57,63,66,75,78,80,88,92,99,106,107" /><INIT seed="1,1,1,5,0,84" ten="318,327,131,214" oya="1" hai0="107,79,15,113,88,54,119,4,44,0,36,81,77" hai1="108,130,10,47,1,117,98,35,19,61,111,65,131" hai2="66,97,50,57,120,67,33,128,24,64,14,124,125" hai3="134,8,83,133,96,37,17,21,34,116,99,71,121"/><U115/><E115/><V75/><F75/><W80/><G34/><T63/><D107/><U11/><E35/><V68/><F68/><W135/><G37/><T86/><D113/><U41/><E117/><V49/><F120/><W110/><G121/><T109/><D0/><U78/><E78/><V38/><F38/><W39/><G39/><T27/><D119/><U46/><E98/><N who="3" m="37418" /><G71/><T52/><D109/><N who="1" m="42059" /><E1/><V60/><F128/><N who="1" m="49193" /><E19/><V69/><F69/><W129/><G116/><T29/><D36/><N who="1" m="21799" /><E47/><V28/><F97/><W90/><G129/><T58/><D44/><U3/><E3/><V51/><REACH who="2" step="1"/><F14/><REACH who="2" ten="318,327,121,214" step="2"/><W114/><G110/><T132/><D15/><U87/><E87/><V118/><F118/><W30/><G114/><T13/><D13/><U70/><AGARI ba="1,2" hai="10,11,61,65,70" m="21799,49193,42059" machi="70" ten="30,6000,0" yaku="14,1,10,1,19,1" doraHai="84" who="1" fromWho="1" sc="318,-21,327,83,121,-21,214,-21" /><INIT seed="1,2,0,0,5,58" ten="297,410,100,193" oya="1" hai0="119,36,11,14,23,0,21,92,40,105,110,34,45" hai1="82,93,109,4,43,79,90,32,67,60,114,55,57" hai2="117,106,61,26,63,85,81,122,44,94,18,17,41" hai3="135,84,16,125,89,48,59,112,74,27,50,9,83"/><U126/><E32/><V28/><F106/><W91/><G112/><T95/><D105/><U68/><E114/><V120/><F117/><W15/><G74/><T133/><D34/><U22/><E126/><V127/><F127/><W80/><G135/><T99/><D119/><U39/><E4/><V24/><F94/><W86/><G125/><T54/><D110/><U56/><E109/><V118/><F118/><W116/><G116/><T29/><D0/><U1/><E1/><V71/><F71/><W103/><G103/><T72/><D72/><U131/><E131/><V8/><F8/><W121/><G121/><T13/><D133/><U98/><E22/><N who="2" m="15447" /><F120/><W31/><REACH who="3" step="1"/><G59/><REACH who="3" ten="297,410,100,183" step="2"/><T70/><D70/><U66/><E68/><V107/><F122/><W129/><G129/><T3/><D29/><U73/><REACH who="1" step="1"/><E57/><REACH who="1" ten="297,400,100,183" step="2"/><V96/><F107/><W19/><G19/><T65/><D3/><U130/><E130/><V2/><F18/><W37/><G37/><T42/><D36/><U12/><E12/><V62/><F17/><W97/><G97/><T104/><D99/><U101/><E101/><V76/><F96/><W33/><AGARI ba="2,2" hai="9,15,16,27,31,33,48,50,80,83,84,86,89,91" machi="33" ten="20,12000,2" yaku="1,1,0,1,7,1,9,1,54,1,53,1" doraHai="58" doraHaiUra="5" who="3" fromWho="3" sc="297,-32,400,-62,100,-32,183,146" /><INIT seed="2,0,0,4,5,31" ten="265,338,68,329" oya="2" hai0="23,129,107,106,87,120,27,104,80,95,20,83,42" hai1="35,113,77,110,96,41,19,97,30,123,52,34,8" hai2="135,99,58,25,72,133,32,125,3,126,38,50,128" hai3="63,64,91,7,57,11,2,70,36,51,5,12,127"/><V1/><F50/><W111/><G111/><T119/><D120/><U67/><E110/><V10/><F58/><W46/><G127/><N who="2" m="48649" /><F99/><W0/><G7/><T112/><D112/><U79/><E113/><V48/><F48/><W88/><G2/><N who="2" m="521" /><F72/><W131/><G0/><T40/><D129/><U62/><E30/><N who="2" m="19535" /><F38/><W94/><G131/><T75/><D75/><U54/><E62/><V9/><F128/><W85/><G36/><T59/><D59/><U92/><E67/><V98/><F98/><W39/><G39/><T37/><D37/><U21/><E92/><V56/><F56/><W118/><G70/><T90/><D95/><U130/><E130/><V68/><F68/><W55/><G91/><T93/><D93/><U45/><E45/><V134/><AGARI ba="0,0" hai="9,10,133,134,135" m="19535,521,48649" machi="134" ten="40,12000,1" yaku="20,1,18,1,34,2,52,1" doraHai="31" who="2" fromWho="2" sc="265,-40,338,-40,68,120,329,-40" /><INIT seed="2,1,0,1,4,54" ten="225,298,188,289" oya="2" hai0="64,59,99,31,39,110,111,17,135,36,2,103,46" hai1="49,133,94,130,27,16,23,118,115,101,126,73,109" hai2="113,60,22,56,28,12,15,40,44,95,81,129,121" hai3="14,100,37,52,107,119,134,32,21,125,79,77,87"/><V8/><F121/><W97/><G32/><T91/><D2/><U13/><E118/><V18/><F113/><W67/><G37/><T61/><D135/><U89/><E115/><V132/><F132/><W34/><G34/><T38/><D31/><U80/><E133/><V92/><F81/><W71/><G119/><T84/><D17/><U24/><E109/><N who="0" m="41481" /><D84/><U0/><E0/><V33/><F33/><W6/><G67/><T1/><D1/><U70/><E70/><V68/><F68/><W78/><G71/><T11/><D11/><U98/><E130/><V26/><F12/><W114/><G114/><T85/><D85/><N who="1" m="50343" /><E73/><V105/><F105/><W102/><G87/><T29/><D29/><U25/><E126/><V50/><REACH who="2" step="1"/><F129/><REACH who="2" ten="225,298,178,289" step="2"/><W62/><G14/><T66/><D91/><U122/><E122/><V131/><F131/><W4/><G107/><N who="0" m="63999" /><D66/><AGARI ba="1,1" hai="8,15,18,22,26,28,40,44,50,56,60,66,92,95" machi="66" ten="30,11600,0" yaku="1,1,7,1,8,1,52,1,53,0" doraHai="54" doraHaiUra="86" who="2" fromWho="0" sc="225,-119,298,0,178,129,289,0" /><INIT seed="2,2,0,5,0,95" ten="106,298,307,289" oya="2" hai0="46,115,83,35,28,74,26,42,121,39,15,6,23" hai1="55,134,49,24,132,112,54,5,56,100,64,76,34" hai2="135,107,10,3,17,11,80,22,78,21,53,70,29" hai3="7,82,93,105,63,60,110,16,37,66,48,133,44"/><V18/><F70/><W101/><G37/><T126/><D121/><U41/><E112/><V33/><F107/><W96/><G110/><T8/><D115/><U89/><E5/><N who="2" m="1343" /><F53/><W122/><G122/><T113/><D113/><U65/><E76/><V30/><F80/><W87/><G133/><N who="1" m="51306" /><E100/><V130/><F78/><W9/><G66/><N who="1" m="25706" /><E89/><V98/><F98/><W67/><G67/><T19/><D126/><U86/><E86/><V111/><F130/><W88/><G105/><T20/><D74/><U50/><E41/><V97/><F97/><W51/><G51/><N who="1" m="19466" /><E56/><V32/><F111/><W77/><G77/><T116/><D116/><U108/><E108/><V14/><F11/><W104/><G104/><T69/><D83/><U128/><E128/><V81/><F81/><W94/><G82/><T123/><D123/><U57/><E57/><V120/><F120/><W58/><G58/><T99/><D69/><U84/><E84/><V13/><F135/><W2/><REACH who="3" step="1"/><G16/><REACH who="3" ten="106,298,307,279" step="2"/><T68/><D68/><U72/><E72/><V36/><F36/><W59/><G59/><T124/><D124/><U117/><E117/><V109/><F109/><W38/><G38/><T45/><D45/><U40/><E40/><AGARI ba="2,1" hai="2,7,9,40,44,48,60,63,87,88,93,94,96,101" machi="40" ten="30,8000,1" yaku="1,1,7,1,52,1,54,1,53,1" doraHai="95" doraHaiUra="0" who="3" fromWho="1" sc="106,0,298,-86,307,0,279,96" /><INIT seed="3,0,0,2,1,132" ten="106,212,307,375" oya="3" hai0="78,105,58,10,42,118,97,68,65,71,129,15,99" hai1="35,121,54,77,45,51,69,37,112,31,127,83,7" hai2="88,33,125,13,9,43,89,24,102,55,130,81,5" hai3="110,2,108,61,101,59,41,126,114,80,14,12,16"/><W30/><G2/><T111/><D111/><N who="3" m="42537" /><G30/><T109/><D109/><U36/><E121/><V11/><F130/><W116/><G116/><T72/><D118/><U62/><E112/><V131/><F131/><W34/><G34/><T19/><D129/><U119/><E119/><V23/><F33/><W106/><G41/><T44/><D105/><U90/><E7/><V40/><F102/><W39/><G39/><T104/><D58/><U26/><E90/><V4/><F55/><W0/><G0/><T82/><D104/><U73/><E127/><V67/><F125/><W38/><G126/><T95/><D65/><U98/><E69/><V135/><F67/><W20/><G38/><T124/><D124/><U50/><E62/><V49/><F135/><W76/><G114/><T100/><REACH who="0" step="1"/><D99/><REACH who="0" ten="96,212,307,375" step="2"/><U6/><E98/><V28/><F81/><W29/><G59/><T115/><D115/><U25/><E45/><V66/><F66/><W133/><G133/><T107/><D107/><U96/><E96/><V47/><F43/><W128/><G128/><T56/><D56/><U84/><E37/><AGARI ba="0,1" hai="10,15,19,37,42,44,68,71,72,78,82,95,97,100" machi="37" ten="30,3900,0" yaku="1,1,7,1,53,1" doraHai="132" doraHaiUra="70" who="0" fromWho="1" sc="96,49,212,-39,307,0,375,0" /><INIT seed="4,0,0,1,3,50" ten="145,173,307,375" oya="0" hai0="82,31,76,114,52,74,132,1,119,96,130,22,72" hai1="126,78,128,118,36,117,79,9,56,111,123,49,91" hai2="58,75,38,42,109,86,17,61,90,102,26,94,45" hai3="125,98,68,29,64,105,60,40,97,129,71,95,28"/><T25/><D119/><U53/><E111/><V34/><F109/><W57/><G125/><T43/><D43/><U27/><E123/><V104/><F75/><W69/><G129/><T48/><D130/><U4/><E128/><V83/><F104/><W135/><G135/><T3/><D132/><U122/><E122/><V112/><F112/><W106/><G40/><T39/><D39/><U87/><E126/><V84/><F102/><W89/><G105/><T108/><D74/><U2/><E36/><V33/><F17/><W101/><AGARI ba="0,0" hai="28,29,57,60,64,68,69,71,89,95,97,98,101,106" machi="101" ten="40,1500,0" yaku="0,1" doraHai="50" who="3" fromWho="3" sc="145,-7,173,-4,307,-4,375,15" /><INIT seed="5,0,0,5,3,85" ten="138,169,303,390" oya="1" hai0="38,120,90,1,47,5,86,99,83,93,72,26,106" hai1="53,42,121,49,50,127,135,32,100,101,89,62,118" hai2="12,35,3,84,74,116,43,48,113,77,19,129,94" hai3="59,68,16,126,65,128,105,130,37,7,122,70,81"/><U115/><E32/><V22/><F116/><W18/><G105/><T57/><D120/><U71/><E118/><V33/><F3/><W44/><G7/><T2/><D57/><U20/><E121/><V14/><F113/><W109/><G109/><T4/><D4/><U80/><E115/><V114/><F114/><W25/><G81/><T17/><D5/><U0/><E135/><V123/><F74/><W13/><G126/><T9/><D72/><U103/><E0/><V69/><F69/><W91/><G25/><T41/><D106/><U107/><E107/><V60/><F60/><W92/><G18/><T34/><D9/><U82/><E82/><V55/><F43/><N who="3" m="22639" /><G59/><T28/><REACH who="0" step="1"/><D17/><REACH who="0" ten="128,169,303,390" step="2"/><U88/><E71/><V46/><F123/><W76/><G16/><T36/><D36/><U51/><E127/><V45/><F19/><W27/><G70/><T24/><D24/><U73/><E20/><V78/><F22/><W67/><G68/><T29/><D29/><U110/><E110/><V125/><F35/><W98/><G122/><T61/><D61/><U132/><E132/><V131/><F33/><W64/><G27/><T133/><D133/><U119/><E119/><V134/><F134/><W54/><G130/><T75/><D75/><U39/><E62/><V111/><F125/><W58/><G128/><T96/><D96/><U6/><E6/><V21/><F111/><W56/><G98/><T97/><D97/><U52/><E39/><V15/><F129/><W79/><G58/><T95/><D95/><U117/><E117/><V63/><F131/><W30/><G30/><RYUUKYOKU ba="0,1" sc="128,30,169,-10,303,-10,390,-10" hai0="1,2,26,28,34,38,41,47,83,86,90,93,99" /><INIT seed="6,1,1,3,4,79" ten="158,159,293,380" oya="2" hai0="2,116,35,95,25,100,92,28,61,11,112,119,16" hai1="64,43,47,7,89,57,133,70,26,87,9,30,4" hai2="13,15,51,114,124,27,44,40,20,65,85,98,96" hai3="39,75,3,34,130,101,125,6,105,29,110,88,18"/><V5/><F124/><W52/><G18/><T67/><D112/><U72/><E70/><V135/><F135/><W54/><G88/><T71/><D100/><U32/><E72/><V128/><F128/><W83/><G52/><T62/><D62/><U63/><E133/><V106/><F106/><W48/><G54/><T66/><D66/><U58/><E9/><V73/><F73/><W21/><G21/><T59/><D59/><U45/><E58/><V74/><F114/><W131/><G48/><T109/><D109/><U76/><E76/><V123/><F74/><W36/><G125/><T111/><D111/><U86/><E87/><V115/><F123/><W97/><G110/><T55/><D55/><U117/><E117/><N who="0" m="45129" /><D2/><U46/><REACH who="1" step="1"/><E43/><REACH who="1" ten="158,149,293,380" step="2"/><V12/><F115/><W10/><G131/><T56/><D71/><U69/><E69/><V17/><F5/><W41/><G41/><T107/><D107/><U94/><AGARI ba="1,2" hai="4,7,26,30,32,45,46,47,57,63,64,86,89,94" machi="94" ten="30,2000,0" yaku="1,1,0,1,53,0" doraHai="79" doraHaiUra="134" who="1" fromWho="1" sc="158,-6,149,43,293,-11,380,-6" /><INIT seed="7,0,0,0,5,12" ten="152,192,282,374" oya="3" hai0="5,48,4,43,76,90,78,121,86,2,123,11,74" hai1="122,45,41,113,114,25,35,27,85,47,54,87,132" hai2="120,73,19,131,18,97,28,40,83,80,62,61,111" hai3="68,57,65,21,134,96,38,30,98,8,59,106,135"/><W108/><G38/><T44/><D5/><U36/><E122/><V37/><F111/><W13/><G68/><T50/><D78/><U67/><E132/><V29/><F97/><W99/><G106/><T20/><D74/><U70/><E67/><V104/><F104/><W88/><G88/><T66/><D76/><U10/><E70/><V42/><F37/><W89/><G89/><T71/><D71/><U32/><E10/><V119/><F131/><W101/><G65/><T92/><D66/><U16/><E54/><V22/><F22/><W118/><G101/><T79/><D79/><U14/><E47/><V128/><F128/><W82/><G118/><T51/><D121/><U6/><E6/><V58/><F58/><W129/><G129/><T107/><D123/><U15/><E15/><V3/><F3/><W81/><G59/><T17/><REACH who="0" step="1"/><D107/><REACH who="0" ten="142,192,282,374" step="2"/><U39/><E114/><V64/><F120/><W100/><G134/><T95/><D95/><U52/><E113/><V24/><F64/><W9/><G135/><T46/><D46/><U26/><E45/><V109/><F73/><W56/><G82/><T112/><D112/><U34/><E39/><V125/><F80/><W105/><G81/><T127/><D127/><U7/><E36/><V77/><F83/><W116/><G105/><T60/><D60/><U75/><E75/><V102/><F62/><W1/><G116/><T110/><D110/><U115/><E7/><V69/><F77/><W133/><G108/><T117/><D117/><U49/><E115/><V84/><F119/><W72/><G72/><T33/><D33/><RYUUKYOKU ba="0,1" sc="142,30,192,-10,282,-10,374,-10" hai0="2,4,11,17,20,43,44,48,50,51,86,90,92" owari="172,-33.0,182,-22.0,272,7.0,374,48.0" /></mjloggm>