<mjloggm ver="2.3"><GO type="41" lobby="0"/><UN n0="%E3%83%A6%E3%83%81%E3%83%9E%E3%82%B9%E3%83%86%E3%82%A3%E3%83%95" n1="%63%74%73%6F%61%35%37" n2="%57%6F%66%47" n3="%E5%B0%B1%E6%B4%BB%E7%94%9F%40%E5%B7%9D%E6%9D%91%E8%BB%8D%E5%9B%A3" dan="15,15,13,17" rate="2020.13,1953.13,1830.35,2162.62" sx="M,M,M,M"/><TAIKYOKU oya="0"/><INIT seed="0,0,0,0,4,98" ten="250,250,250,250" oya="0" hai0="22,52,19,73,122,112,57,55,83,70,5,127,7" hai1="134,85,116,91,82,69,58,110,96,40,26,131,95" hai2="0,21,90,111,71,48,99,44,66,62,2,75,100" hai3="113,97,89,130,23,68,42,67,35,132,118,41,50"/><T93/><D122/><U114/><E69/><V34/><F75/><W76/><G35/><T16/><D112/><U65/><E116/><V101/><F111/><W56/><G118/><T78/><D70/><U63/><E114/><V6/><F34/><W106/><G113/><T20/><D127/><U107/><E107/><V109/><F109/><W124/><G124/><T43/><D43/><U121/><E121/><V117/><F117/><W1/><G1/><T15/><D93/><U51/><E110/><V74/><F74/><W123/><G123/><T77/><D77/><U103/><E134/><V30/><F0/><W45/><G132/><T29/><D29/><U104/><E131/><V86/><F99/><W126/><G126/><T28/><D28/><U80/><E40/><V3/><F6/><W38/><G130/><T36/><D36/><U125/><E125/><V92/><F3/><W105/><G76/><T4/><REACH who="0" step="1"/><D57/><REACH who="0" ten="240,250,250,250" step="2"/><U129/><E129/><V84/><F2/><W61/><G41/><T12/><AGARI ba="0,1" hai="4,5,7,12,15,16,19,20,22,52,55,73,78,83" machi="12" ten="30,18000,2" yaku="1,1,2,1,0,1,9,1,54,2,53,0" doraHai="98" doraHaiUra="128" who="0" fromWho="0" sc="240,190,250,-60,250,-60,250,-60" /><INIT seed="0,1,0,5,0,73" ten="430,190,190,190" oya="0" hai0="81,120,98,116,90,5,106,95,97,69,64,53,102" hai1="1,66,88,126,50,96,51,25,17,16,122,127,60" hai2="28,35,113,15,133,4,27,117,83,70,121,23,93" hai3="8,13,19,58,43,20,10,34,45,132,65,18,111"/><T56/><D120/><U103/><E1/><V55/><F70/><W94/><G111/><T108/><D108/><U38/><E38/><V107/><F107/><W47/><G132/><T33/><D116/><U89/><E122/><V134/><F121/><W119/><G34/><T80/><D33/><U105/><E51/><V101/><F117/><W84/><G119/><T71/><D5/><U99/><E50/><V91/><F113/><W118/><G118/><T82/><REACH who="0" step="1"/><D64/><REACH who="0" ten="420,190,190,190" step="2"/><U62/><E99/><V39/><F4/><W57/><G65/><T42/><D42/><U85/><E85/><V37/><F35/><W3/><G84/><T135/><D135/><U48/><E48/><AGARI ba="1,1" hai="48,53,56,69,71,80,81,82,90,95,97,98,102,106" machi="48" ten="40,2000,0" yaku="1,1,53,0" doraHai="73" doraHaiUra="123" who="0" fromWho="1" sc="420,33,190,-23,190,0,190,0" /><INIT seed="0,2,0,5,5,44" ten="453,167,190,190" oya="0" hai0="58,2,80,20,19,24,0,66,27,45,25,12,106" hai1="4,91,78,103,41,3,96,36,34,118,115,43,125" hai2="82,38,127,15,116,72,95,73,51,128,39,32,109" hai3="6,54,117,69,22,135,134,84,8,18,89,93,111"/><T76/><D106/><U30/><E125/><V28/><F109/><W55/><G69/><T126/><D126/><U60/><E91/><V21/><F127/><W122/><G117/><T112/><D112/><U31/><E78/><V100/><F116/><W35/><G35/><T13/><D45/><N who="1" m="23719" /><E43/><V42/><F128/><W68/><G68/><T102/><D102/><U10/><E31/><V7/><F39/><W37/><G37/><T79/><D79/><U11/><E11/><V123/><F123/><W133/><G122/><T81/><D12/><U85/><E85/><V29/><F38/><W104/><G104/><T94/><D94/><U46/><E46/><N who="2" m="26071" /><F32/><W74/><G74/><T52/><D66/><U114/><E60/><V113/><F73/><W65/><G65/><T9/><D9/><U120/><E120/><V40/><F72/><W48/><G111/><T98/><D98/><U119/><E96/><N who="2" m="59423" /><F40/><W64/><G64/><T99/><D99/><U1/><E103/><V108/><F108/><W23/><G18/><T86/><REACH who="0" step="1"/><D80/><REACH who="0" ten="443,167,190,190" step="2"/><U105/><E105/><V26/><F82/><W107/><G107/><T53/><D53/><U14/><E14/><V110/><F113/><N who="1" m="43017" /><E1/><V101/><F101/><W63/><G55/><T131/><D131/><U75/><E75/><V88/><F110/><W90/><G133/><T83/><D83/><U59/><E59/><V16/><F7/><W132/><G134/><T129/><D129/><U67/><E67/><V70/><F15/><N who="3" m="5527" /><G135/><T77/><D77/><U97/><E97/><V121/><F121/><W71/><G132/><T17/><D17/><RYUUKYOKU ba="2,1" sc="443,15,167,15,190,-15,190,-15" hai0="0,2,13,19,20,24,25,27,52,58,76,81,86" hai1="3,4,10,30,34,118,119" /><INIT seed="0,3,1,3,5,101" ten="458,182,175,175" oya="0" hai0="107,98,21,112,25,92,8,97,53,6,86,129,73" hai1="111,103,123,127,48,122,26,104,91,56,88,14,50" hai2="119,110,60,126,17,77,31,20,10,99,89,15,80" hai3="105,37,121,65,120,85,42,49,68,58,135,108,12"/><T38/><D112/><U16/><E111/><V71/><F110/><W32/><G32/><T124/><D38/><U55/><E26/><V47/><F126/><W36/><G108/><T116/><D116/><U61/><E127/><V11/><F119/><W41/><G135/><T134/><D124/><U72/><E72/><V40/><F31/><W22/><G85/><T67/><D67/><U19/><E19/><V82/><F82/><W83/><G83/><T132/><D73/><U3/><E3/><V79/><F79/><W43/><G22/><T100/><D129/><U90/><E123/><N who="3" m="47178" /><G12/><T52/><D86/><U5/><E5/><V96/><F71/><W34/><G34/><T131/><D131/><U81/><E81/><V57/><F99/><W66/><G105/><T114/><D114/><U29/><E29/><V62/><F96/><W95/><G95/><T0/><D132/><U23/><REACH who="1" step="1"/><E122/><REACH who="1" ten="458,172,175,175" step="2"/><V1/><F1/><W35/><G35/><T54/><D134/><U102/><E102/><V4/><F4/><W46/><G37/><T18/><REACH who="0" step="1"/><D98/><AGARI ba="3,2" hai="14,16,23,48,50,55,56,61,88,90,91,98,103,104" machi="98" ten="40,8000,1" yaku="1,1,52,1,54,2,53,0" doraHai="101" doraHaiUra="27" who="1" fromWho="0" sc="458,-89,172,109,175,0,175,0" /><INIT seed="1,0,0,2,4,103" ten="369,281,175,175" oya="1" hai0="77,106,94,10,104,112,21,43,19,86,26,80,45" hai1="124,118,71,15,42,130,88,11,40,68,84,24,61" hai2="125,37,90,14,117,22,41,56,99,7,101,63,32" hai3="52,109,135,89,82,95,27,129,1,35,126,114,31"/><U120/><E118/><V18/><F32/><W2/><G114/><T92/><D112/><U96/><E120/><V105/><F117/><W119/><G119/><T4/><D94/><U79/><E79/><V47/><F125/><W39/><G39/><T8/><D92/><U12/><E124/><V75/><F75/><W16/><G126/><T134/><D134/><U13/><E11/><V121/><F90/><W131/><G135/><T102/><D102/><U108/><E96/><V115/><F115/><W20/><G82/><T107/><REACH who="0" step="1"/><D4/><REACH who="0" ten="359,281,175,175" step="2"/><U64/><E130/><V34/><F7/><W46/><G129/><T76/><D76/><U78/><E78/><V85/><F121/><W25/><G131/><T0/><D0/><U123/><E123/><V29/><F101/><W100/><G100/><T74/><D74/><U60/><E108/><V3/><F3/><W97/><G109/><T98/><D98/><U73/><E73/><V70/><F99/><W116/><G116/><T58/><D58/><U6/><E6/><V62/><F56/><W110/><G110/><T87/><D87/><U9/><E9/><V132/><F85/><W50/><AGARI ba="0,1" hai="1,2,16,20,25,27,31,35,46,50,52,89,95,97" machi="50" ten="30,4000,0" yaku="0,1,54,2" doraHai="103" who="3" fromWho="3" sc="359,-10,281,-20,175,-10,175,50" /><INIT seed="2,0,0,4,3,118" ten="349,261,165,225" oya="2" hai0="19,20,49,124,71,96,16,11,125,37,109,39,132" hai1="133,23,5,129,57,79,92,103,114,43,127,119,22" hai2="117,134,58,122,128,18,14,126,107,81,60,34,67" hai3="47,61,2,77,99,21,102,68,9,98,131,72,80"/><V26/><F117/><W6/><G131/><T110/><D71/><U106/><E119/><V50/><F134/><W64/><G102/><T89/><D132/><U66/><E129/><V28/><F128/><W56/><G68/><T4/><D49/><U13/><E106/><V40/><F126/><N who="0" m="48746" /><D96/><N who="1" m="59783" /><E114/><V55/><F107/><W78/><G78/><T38/><D89/><U25/><E79/><V52/><F40/><W87/><G87/><T35/><D35/><U69/><E69/><V0/><F0/><W95/><G95/><T65/><D65/><U62/><E43/><V76/><F55/><W51/><REACH who="3" step="1"/><G21/><REACH who="3" ten="349,261,165,215" step="2"/><T73/><D73/><U74/><E74/><V63/><F76/><W45/><G45/><T101/><D101/><U91/><E127/><V115/><F81/><W32/><G32/><T10/><D20/><U93/><E133/><V108/><F34/><W111/><G111/><N who="0" m="42507" /><D10/><N who="1" m="4303" /><E25/><V48/><F26/><W41/><AGARI ba="0,1" hai="2,6,9,41,47,51,56,61,64,72,77,80,98,99" machi="41" ten="20,2700,0" yaku="1,1,0,1,7,1,53,0" doraHai="118" doraHaiUra="70" who="3" fromWho="3" sc="349,-7,261,-7,165,-13,215,37" /><INIT seed="3,0,0,2,3,9" ten="342,254,152,252" oya="3" hai0="22,99,38,85,3,109,73,86,29,113,32,47,84" hai1="15,119,48,24,25,77,41,18,111,30,43,70,13" hai2="130,118,65,63,127,102,124,53,14,33,98,81,39" hai3="93,116,40,60,88,68,101,58,34,36,105,133,5"/><W51/><G116/><T89/><D109/><U2/><E70/><V100/><F33/><W46/><G34/><T26/><D3/><U103/><E2/><V69/><F39/><W134/><G105/><T42/><D73/><U1/><E1/><V104/><F130/><W20/><G101/><T55/><D113/><U54/><E77/><V66/><F65/><N who="3" m="40999" /><G5/><T17/><D55/><U128/><E103/><V129/><F102/><W67/><G20/><T112/><D112/><U28/><E119/><V72/><F129/><W135/><G67/><T74/><D74/><U123/><E18/><V83/><F118/><W27/><G27/><N who="1" m="10314" /><E123/><V90/><F90/><W0/><G0/><T8/><D8/><U23/><E23/><V114/><F114/><W35/><G35/><T56/><D32/><U92/><E92/><V6/><F72/><W115/><G115/><T107/><D107/><U57/><E128/><V117/><F53/><N who="3" m="32063" /><G135/><T7/><D7/><U49/><E49/><V11/><REACH who="2" step="1"/><F117/><REACH who="2" ten="342,254,142,252" step="2"/><W75/><G75/><T50/><D89/><U16/><E111/><V62/><F62/><W97/><AGARI ba="0,1" hai="36,40,46,88,93,97,133,134" m="32063,40999" machi="97" ten="30,3000,0" yaku="24,1,54,1" doraHai="9" who="3" fromWho="3" sc="342,-10,254,-10,142,-10,252,40" /><INIT seed="3,1,0,4,4,121" ten="332,244,132,292" oya="3" hai0="19,119,98,46,52,101,67,42,18,51,2,80,56" hai1="14,36,75,70,118,72,28,133,23,54,104,41,61" hai2="50,12,82,27,1,95,69,68,65,22,111,108,31" hai3="64,131,49,109,112,33,10,45,8,48,90,15,0"/><W113/><G33/><T102/><D119/><U130/><E104/><V13/><F1/><W37/><G37/><T96/><D2/><U124/><E54/><V32/><F32/><W43/><G131/><T76/><D67/><U30/><E14/><V4/><F82/><W107/><G107/><T66/><D66/><U115/><E30/><V63/><F69/><W17/><G64/><T94/><D98/><U106/><E23/><V85/><F4/><W81/><G49/><T26/><D26/><U129/><E41/><V100/><F50/><W126/><G126/><T132/><D132/><U6/><E6/><V24/><F24/><W87/><G109/><N who="2" m="42057" /><F100/><W58/><G58/><T134/><D134/><U114/><E61/><V127/><F127/><W78/><G90/><AGARI ba="1,0" hai="12,13,22,27,31,63,65,68,85,90,95" m="42057" machi="90" ten="30,7700,0" yaku="14,1,52,3" doraHai="121" who="2" fromWho="3" sc="332,0,244,0,132,80,292,-80" /><INIT seed="4,0,0,3,2,74" ten="332,244,212,212" oya="0" hai0="57,107,79,52,91,26,1,13,62,120,104,96,118" hai1="22,17,48,103,126,18,73,85,86,55,50,127,123" hai2="97,10,93,122,61,40,119,111,9,29,54,34,84" hai3="8,12,38,56,75,88,68,16,5,47,7,42,11"/><T124/><D120/><U32/><E123/><V14/><F111/><W43/><G68/><T100/><D118/><U77/><E103/><V76/><F122/><W89/><G43/><T63/><D1/><U20/><E32/><V0/><F0/><W49/><G75/><T41/><D124/><U92/><E73/><V51/><F119/><W117/><G117/><T44/><D91/><N who="3" m="34889" /><G38/><T69/><D26/><U105/><E92/><V90/><F34/><W35/><G35/><T3/><D3/><U71/><E71/><V81/><F29/><W15/><G56/><T60/><D13/><U70/><E70/><V28/><F28/><W129/><G129/><T135/><D135/><U113/><E113/><V114/><F114/><W21/><G21/><T128/><D128/><U134/><E134/><V45/><F14/><W30/><G30/><T23/><D23/><U59/><E59/><AGARI ba="0,0" hai="9,10,40,45,51,54,59,61,76,81,84,90,93,97" machi="59" ten="40,2600,0" yaku="8,1,52,1" doraHai="74" who="2" fromWho="1" sc="332,0,244,-26,212,26,212,0" /><INIT seed="5,0,0,5,2,49" ten="332,218,238,212" oya="1" hai0="55,66,40,9,59,38,120,58,13,129,52,14,29" hai1="57,56,77,107,36,72,113,60,6,65,68,51,78" hai2="41,46,132,81,116,105,97,67,31,25,87,93,92" hai3="121,117,123,85,8,44,109,23,63,90,20,30,126"/><U82/><E113/><V101/><F116/><W99/><G109/><T48/><D129/><U3/><E107/><V70/><F132/><W108/><G108/><T91/><D120/><U0/><E78/><V119/><F119/><W110/><G110/><T45/><D29/><U26/><E36/><V128/><F128/><W134/><G117/><T11/><D66/><U133/><E133/><V122/><F122/><W76/><G134/><T98/><D98/><U50/><E26/><V22/><F67/><W18/><G126/><T24/><D24/><U125/><E125/><V39/><REACH who="2" step="1"/><F70/><REACH who="2" ten="332,218,228,212" step="2"/><W53/><G123/><T61/><REACH who="0" step="1"/><D91/><AGARI ba="0,1" hai="22,25,31,39,41,46,81,87,91,92,93,97,101,105" machi="91" ten="30,8000,1" yaku="1,1,2,1,7,1,53,2" doraHai="49" doraHaiUra="89" who="2" fromWho="0" sc="332,-80,218,0,228,90,212,0" /><INIT seed="6,0,0,4,0,42" ten="252,218,318,212" oya="2" hai0="11,18,36,73,135,28,29,2,64,100,79,76,112" hai1="128,72,103,123,49,63,78,53,66,46,5,22,86" hai2="70,57,97,69,124,31,108,131,24,98,87,61,96" hai3="99,30,114,45,101,51,81,68,14,32,117,39,92"/><V109/><F124/><W54/><G117/><T1/><D64/><U35/><E128/><V120/><F131/><W132/><G132/><T106/><D135/><U9/><E123/><V126/><F126/><W38/><G68/><T130/><D130/><U129/><E129/><V89/><F120/><W16/><G114/><T74/><D112/><U0/><E35/><V105/><F105/><W127/><G127/><T19/><D106/><U91/><E103/><V44/><F44/><W23/><REACH who="3" step="1"/><G81/><REACH who="3" ten="252,218,318,202" step="2"/><T34/><D34/><U94/><E72/><V82/><F70/><W43/><G43/><T122/><D122/><U93/><E78/><V125/><F69/><W10/><G10/><T110/><D79/><U115/><E115/><V27/><F125/><W41/><G41/><T25/><D76/><U8/><E8/><V50/><F82/><W26/><AGARI ba="0,1" hai="14,16,23,26,30,32,38,39,45,51,54,92,99,101" machi="26" ten="30,7900,0" yaku="1,1,0,1,52,1,54,1,53,0" doraHai="42" doraHaiUra="75" who="3" fromWho="3" sc="252,-20,218,-20,318,-39,202,89" /><INIT seed="7,0,0,2,3,58" ten="232,198,279,291" oya="3" hai0="133,127,89,38,29,67,16,83,62,21,86,65,8" hai1="31,35,64,54,50,69,46,17,96,97,119,105,15" hai2="130,3,14,131,57,24,9,95,72,134,36,12,11" hai3="120,0,84,18,100,49,125,42,33,111,61,5,122"/><W92/><G33/><T88/><D38/><U20/><E119/><V114/><F72/><W60/><G0/><T51/><D127/><U108/><E108/><V34/><F36/><W6/><G125/><T123/><D123/><U74/><E74/><V13/><F95/><W124/><G124/><T56/><D133/><U59/><E69/><V1/><F57/><W90/><G111/><T48/><D67/><U121/><E121/><V22/><F114/><W73/><G73/><T4/><D29/><U27/><REACH who="1" step="1"/><E105/><REACH who="1" ten="232,188,279,291" step="2"/><V82/><F134/><W80/><G120/><T126/><D126/><U43/><E43/><V104/><F104/><W135/><G122/><T110/><D110/><U19/><E19/><N who="2" m="12383" /><F34/><W87/><G18/><T103/><D103/><U26/><E26/><V116/><F116/><W76/><G100/><T53/><D89/><U41/><E41/><V128/><F82/><W10/><G135/><T117/><D117/><U102/><E102/><V99/><F99/><W109/><G109/><T44/><D4/><N who="3" m="1641" /><G10/><AGARI ba="0,1" hai="1,3,9,10,11,12,13,14,128,130,131" m="12383" machi="10" ten="40,5200,0" yaku="19,1,34,2" doraHai="58" who="2" fromWho="3" sc="232,0,188,0,279,62,291,-52" owari="232,-17.0,188,-31.0,341,44.0,239,4.0" /></mjloggm>