<mjloggm ver="2.3"><GO type="97" lobby="0"/><UN n0="%E3%81%8D%E3%81%95%E3%81%BE%E2%98%86" n1="%E5%B0%B1%E6%B4%BB%E7%94%9F%40%E5%B7%9D%E6%9D%91%E8%BB%8D%E5%9B%A3" n2="%34%30%E9%81%8E%E3%81%8E%E3%81%AE%E3%83%8B%E3%83%BC%E3%83%88" n3="%48%61%6C%63%79%6F%6E" dan="15,16,15,14" rate="2014.46,2091.78,2010.39,1914.90" sx="M,M,M,M"/><TAIKYOKU oya="0"/><INIT seed="0,0,0,5,4,70" ten="250,250,250,250" oya="0" hai0="114,100,5,9,59,43,116,126,6,32,47,74,68" hai1="8,81,37,109,63,85,92,69,21,24,64,95,99" hai2="130,15,91,124,79,73,65,49,46,112,20,77,72" hai3="27,53,25,123,45,14,122,131,52,12,40,113,107"/><T119/><D59/><U31/><E109/><V29/><F112/><W78/><G113/><T132/><D114/><U90/><E37/><V110/><F110/><W16/><G107/><T84/><D84/><U36/><E36/><V35/><F35/><W103/><G103/><T104/><D6/><U42/><E42/><V97/><F73/><W7/><G78/><N who="2" m="29705" /><F130/><W28/><G131/><T57/><D57/><U93/><REACH who="1" step="1"/><E8/><REACH who="1" ten="250,240,250,250" step="2"/><V105/><F124/><W83/><G40/><T80/><D126/><U89/><AGARI ba="0,1" hai="21,24,31,63,64,69,81,85,89,90,92,93,95,99" machi="89" ten="20,12000,2" yaku="1,1,2,1,0,1,7,1,53,2" doraHai="70" doraHaiUra="86" who="1" fromWho="1" sc="250,-60,240,130,250,-30,250,-30" /><INIT seed="1,0,0,4,1,103" ten="190,370,220,220" oya="1" hai0="119,84,21,116,51,18,88,81,3,120,50,38,90" hai1="118,87,80,114,41,5,2,64,89,37,57,48,95" hai2="124,133,117,100,56,54,74,61,93,32,129,42,28" hai3="96,132,75,126,76,85,60,65,110,62,6,135,15"/><U107/><E107/><V29/><F74/><W13/><G75/><T53/><D38/><U49/><E118/><V134/><F117/><W44/><G126/><T109/><D3/><U121/><E121/><V111/><F111/><W11/><G110/><T52/><D109/><U71/><E71/><V82/><F124/><W36/><G96/><T27/><D120/><U17/><E37/><V98/><F82/><N who="3" m="47303" /><G15/><T59/><REACH who="0" step="1"/><D90/><REACH who="0" ten="180,370,220,220" step="2"/><U72/><E2/><V101/><F129/><W127/><G127/><T43/><D43/><U9/><E89/><N who="2" m="55599" /><F42/><N who="3" m="22599" /><G65/><T23/><D23/><U78/><E64/><V69/><F32/><W113/><G113/><T91/><D91/><U25/><E41/><V35/><F35/><W83/><G83/><T19/><D19/><U8/><E17/><V34/><F34/><W20/><G20/><T24/><D24/><U92/><E25/><V128/><F128/><W104/><G6/><T123/><D123/><U102/><E5/><V45/><F69/><W73/><G11/><T58/><AGARI ba="0,1" hai="18,21,27,50,51,52,53,58,59,81,84,88,116,119" machi="58" ten="20,12000,2" yaku="1,1,0,1,7,1,9,1,54,2,53,0" doraHai="103" doraHaiUra="130" who="0" fromWho="0" sc="180,130,370,-60,220,-30,220,-30" /><INIT seed="2,0,0,1,4,85" ten="310,310,190,190" oya="2" hai0="14,6,71,57,133,17,95,11,72,16,130,104,75" hai1="42,21,40,107,128,36,86,49,62,0,43,65,54" hai2="89,12,24,111,44,56,27,101,2,60,23,106,88" hai3="74,51,83,131,59,110,37,68,32,20,99,116,78"/><V119/><F2/><W64/><G32/><T26/><D104/><U8/><E107/><V126/><F106/><W48/><G37/><T10/><D71/><U67/><E128/><V80/><F101/><W47/><G116/><T118/><D130/><U4/><E36/><V38/><F119/><W87/><G131/><T132/><D118/><U123/><E123/><V102/><F102/><W93/><G110/><T9/><D57/><U122/><E122/><V76/><F111/><W50/><G68/><T121/><D121/><U125/><E125/><V29/><F27/><W94/><G74/><T82/><D82/><U98/><E98/><V61/><F61/><N who="3" m="37951" /><G47/><T18/><D95/><U103/><E103/><V117/><F117/><W73/><G73/><T55/><D55/><U100/><E100/><V77/><F126/><W84/><G84/><T31/><D75/><U129/><E129/><V97/><F44/><W28/><G99/><T120/><D72/><U114/><E114/><V22/><F38/><W112/><G112/><T58/><D58/><U105/><E105/><V13/><F97/><W45/><G45/><T134/><D120/><U39/><E39/><V127/><F127/><W15/><G15/><T81/><D81/><U5/><E62/><V3/><F3/><W124/><G124/><T1/><D1/><U96/><E96/><V52/><F80/><W91/><G78/><N who="2" m="30313" /><F13/><W53/><G53/><T66/><D66/><U33/><E65/><V46/><F46/><W108/><G108/><T69/><D69/><U25/><E67/><V35/><F35/><AGARI ba="0,0" hai="6,9,10,11,14,16,17,18,26,31,35,132,133,134" machi="35" ten="50,8000,1" yaku="20,1,34,3,54,1" doraHai="85" who="0" fromWho="2" sc="310,80,310,0,190,-80,190,0" /><INIT seed="3,0,0,0,3,109" ten="390,310,110,190" oya="3" hai0="7,22,35,14,55,46,66,28,90,102,8,37,85" hai1="96,134,38,106,125,76,58,72,81,135,60,49,132" hai2="107,112,74,103,24,133,33,100,45,88,18,92,128" hai3="122,114,116,34,11,83,12,15,13,3,93,117,59"/><W5/><G122/><T118/><D118/><U94/><E38/><V101/><F74/><W4/><G83/><T29/><D35/><U80/><E125/><V129/><F33/><W86/><G59/><T51/><D37/><U108/><E108/><V75/><F45/><W126/><G86/><T61/><D102/><N who="2" m="39530" /><F24/><W115/><G93/><T68/><D22/><U69/><E106/><V63/><F63/><W78/><G78/><T43/><D43/><U1/><E1/><V84/><F18/><W123/><G126/><T20/><D20/><U71/><E80/><AGARI ba="0,0" hai="7,8,14,28,29,46,51,55,61,66,68,80,85,90" machi="80" ten="30,1000,0" yaku="7,1" doraHai="109" who="0" fromWho="1" sc="390,10,310,-10,110,0,190,0" owari="400,50.0,300,10.0,110,-39.0,190,-21.0" /></mjloggm>