<mjloggm ver="2.3"><GO type="169" lobby="0"/><UN n0="%E5%B0%B1%E6%B4%BB%E7%94%9F%40%E5%B7%9D%E6%9D%91%E8%BB%8D%E5%9B%A3" n1="%E4%B8%96%E7%95%8C%E3%81%AE%E9%9D%92%E6%9C%A8" n2="%E3%83%92%E3%81%A8%E3%82%B7" n3="%E6%A1%9C%E4%BA%95%E3%81%95%E3%82%93" dan="17,16,17,18" rate="2177.24,2071.36,2165.26,2200.67" sx="M,M,M,M"/><TAIKYOKU oya="0"/><INIT seed="0,0,0,3,4,80" ten="250,250,250,250" oya="0" hai0="23,114,126,98,22,55,74,40,90,122,64,9,57" hai1="50,56,75,49,113,38,52,51,27,88,112,53,43" hai2="62,11,77,109,48,110,79,107,116,66,101,123,60" hai3="131,106,1,71,2,18,102,33,129,82,10,115,46"/><T103/><D122/><U87/><E75/><V36/><F36/><W15/><G115/><N who="1" m="44106" /><E27/><V133/><F123/><W96/><G71/><T0/><D74/><U85/><E38/><V4/><F60/><W31/><G46/><T97/><D114/><U119/><E119/><V76/><F116/><W125/><G125/><T29/><D40/><U24/><E24/><V65/><F65/><W132/><G132/><T108/><D126/><U128/><E128/><N who="3" m="49226" /><G31/><T69/><D69/><U105/><E105/><V28/><F28/><W86/><G33/><T45/><D108/><N who="2" m="41578" /><F48/><W95/><G106/><T6/><D29/><U100/><E100/><V130/><F130/><W54/><G54/><N who="1" m="21098" /><E56/><N who="2" m="37191" /><F133/><W73/><G73/><T81/><D64/><U61/><E61/><V21/><F101/><W41/><G41/><T68/><D68/><U94/><E43/><V34/><F34/><W93/><G93/><T58/><D45/><U26/><E26/><V99/><F107/><W35/><G35/><T39/><D39/><U63/><E63/><V118/><F118/><W16/><G18/><T117/><D117/><U120/><E120/><V32/><F4/><W59/><G59/><T7/><D58/><U72/><E72/><V67/><F67/><W124/><G124/><T13/><D57/><U20/><E20/><V14/><F21/><W84/><G82/><T47/><D47/><U5/><E5/><N who="2" m="3439" /><F32/><W37/><G37/><T44/><D44/><U78/><E78/><V25/><F25/><W127/><G127/><T17/><D6/><U8/><E8/><V19/><F19/><W92/><G92/><RYUUKYOKU ba="0,0" sc="250,-30,250,10,250,10,250,10" hai1="49,50,51,85,87,88,94" hai2="76,77,79,99" hai3="1,2,10,15,16,84,86,95,96,102" /><INIT seed="1,1,0,0,1,40" ten="220,260,260,260" oya="1" hai0="71,27,115,75,57,28,132,104,106,78,33,24,35" hai1="100,42,119,52,127,16,134,25,92,88,61,62,97" hai2="31,101,118,11,55,122,3,130,91,114,64,72,86" hai3="123,121,84,51,63,95,102,90,4,79,23,0,45"/><U74/><E119/><V111/><F72/><W124/><G124/><T36/><D115/><U120/><E120/><V77/><F77/><W18/><G79/><T116/><D116/><U98/><E134/><V67/><F118/><W65/><G102/><T112/><D112/><U32/><E127/><V82/><F122/><W125/><G4/><T7/><D132/><U76/><E42/><V126/><F126/><W93/><G0/><T43/><D57/><N who="1" m="34983" /><E32/><V135/><F31/><W54/><G95/><T48/><D48/><U131/><E131/><V9/><F130/><W39/><G39/><T73/><D7/><U22/><E62/><V133/><F3/><W110/><G110/><T128/><D128/><U107/><E76/><V13/><F111/><W30/><G30/><N who="0" m="19655" /><D71/><U6/><E6/><V26/><F11/><W58/><REACH who="3" step="1"/><G125/><REACH who="3" ten="220,260,260,250" step="2"/><T19/><D104/><U117/><E117/><V68/><F101/><W109/><G109/><T85/><D106/><U49/><E49/><V129/><F135/><W46/><G46/><T94/><D78/><U1/><E1/><V21/><F133/><W41/><G41/><T99/><D43/><U83/><E83/><V53/><F129/><W29/><G29/><T103/><D36/><U108/><E108/><V105/><F105/><W69/><G69/><T66/><D28/><U5/><E5/><N who="2" m="3247" /><F68/><W2/><G2/><T17/><D94/><U47/><E74/><V44/><F44/><AGARI ba="1,1" hai="16,22,25,44,47,88,92,97,98,100,107" m="34983" machi="44" ten="30,18000,2" yaku="25,1,52,2,54,3" doraHai="40" who="1" fromWho="2" sc="220,0,260,193,260,-183,250,0" /><INIT seed="1,2,0,0,4,65" ten="220,453,77,250" oya="1" hai0="92,133,91,24,130,25,35,39,98,134,110,131,49" hai1="43,57,84,67,81,17,100,18,8,33,32,73,114" hai2="104,38,16,9,113,55,34,44,53,30,118,124,11" hai3="2,129,60,31,58,105,61,103,3,95,117,127,107"/><U96/><E73/><V37/><F118/><W48/><G117/><T72/><D39/><U46/><E114/><V42/><F124/><W132/><G127/><T14/><D72/><U77/><E33/><V85/><F113/><W52/><G129/><N who="0" m="49163" /><D110/><U71/><E32/><V79/><F104/><W75/><G75/><T112/><D112/><U121/><E121/><V4/><F38/><W15/><G132/><N who="0" m="50795" /><D35/><U135/><E57/><V99/><F99/><W76/><G76/><T27/><D14/><U13/><E135/><V62/><F30/><W40/><G31/><T102/><D49/><U94/><E18/><V74/><F34/><W1/><G15/><T63/><D63/><U54/><E54/><V28/><F28/><W22/><G22/><T36/><D36/><U126/><E17/><V120/><F16/><W115/><G115/><T19/><D19/><U128/><E13/><V93/><F11/><W47/><G61/><T7/><D7/><U108/><E8/><V69/><F55/><W116/><G116/><T10/><D10/><U23/><E23/><V59/><F9/><W82/><G82/><T89/><AGARI ba="2,0" hai="24,25,27,89,91,92,98,102" m="50795,49163" machi="89" ten="40,2700,0" yaku="19,1,20,1" doraHai="65" who="0" fromWho="0" sc="220,33,453,-15,77,-9,250,-9" /><INIT seed="2,0,0,0,2,74" ten="253,438,68,241" oya="2" hai0="128,54,23,69,96,41,22,123,47,12,52,51,32" hai1="84,20,90,115,72,59,92,124,38,77,19,107,66" hai2="24,2,108,71,28,61,81,127,106,120,82,33,134" hai3="85,114,95,101,43,50,60,39,78,42,87,70,40"/><V13/><F120/><W7/><G39/><T125/><D32/><U76/><E115/><V31/><F2/><W46/><G114/><T6/><D123/><U118/><E118/><V34/><F106/><W132/><G132/><T1/><D69/><U17/><E38/><V62/><F134/><W121/><G121/><T63/><D125/><U86/><E107/><V35/><F127/><W75/><G75/><T45/><D128/><U89/><E72/><V103/><F103/><W4/><G70/><T117/><D117/><U9/><E124/><V110/><F13/><W58/><G101/><T105/><D1/><U30/><E30/><N who="2" m="11307" /><F24/><W109/><G109/><N who="2" m="42089" /><F71/><W133/><G133/><T65/><D96/><U64/><E9/><V21/><F21/><W131/><G131/><T83/><D105/><U8/><E8/><V104/><F104/><W15/><G15/><T53/><D47/><U102/><E102/><V130/><F130/><W49/><G46/><T48/><D48/><U10/><E10/><V100/><F100/><W26/><G26/><T73/><D6/><U56/><E92/><V112/><F112/><W80/><G7/><T3/><D3/><U97/><E97/><V68/><F68/><W79/><G4/><T67/><D12/><U11/><E11/><V37/><F37/><W27/><G27/><T93/><D23/><AGARI ba="0,0" hai="17,19,20,23,56,59,64,66,76,77,84,86,89,90" machi="23" ten="25,8000,1" yaku="22,2,8,1,52,2" doraHai="74" who="1" fromWho="0" sc="253,-80,438,80,68,0,241,0" /><INIT seed="3,0,0,2,0,73" ten="173,518,68,241" oya="3" hai0="41,20,116,21,69,51,99,119,84,54,58,65,28" hai1="7,44,135,88,112,89,60,93,122,95,80,123,36" hai2="12,29,132,13,118,26,17,90,111,102,91,107,45" hai3="42,108,66,43,61,23,11,78,98,83,22,72,35"/><W134/><G35/><T50/><D99/><U67/><E112/><V34/><F118/><W103/><G134/><T81/><D69/><U124/><E124/><V63/><F132/><W64/><G108/><T39/><D39/><U16/><E135/><V2/><F2/><W127/><G127/><T49/><D65/><U71/><E7/><V133/><F133/><W114/><G114/><T110/><D110/><U105/><E105/><V53/><F111/><W104/><G66/><T55/><D41/><U129/><E129/><V121/><F12/><W62/><G61/><T87/><D28/><U56/><E71/><V128/><F128/><W86/><G11/><T106/><D106/><U75/><E44/><V8/><F121/><W27/><G72/><T52/><D58/><U77/><E16/><V82/><F82/><W14/><G14/><T5/><D5/><U74/><E36/><V32/><F32/><W10/><G10/><T24/><D24/><U131/><E75/><V79/><F79/><W76/><G76/><T125/><D125/><U57/><E57/><V68/><F53/><W6/><G6/><T100/><D100/><U94/><REACH who="1" step="1"/><E131/><REACH who="1" ten="173,508,68,241" step="2"/><V48/><F45/><W113/><G113/><T3/><D3/><U38/><E38/><V19/><F19/><W46/><G46/><T25/><D116/><U15/><E15/><V120/><F120/><AGARI ba="0,1" hai="56,60,67,74,77,80,88,89,93,94,95,120,122,123" machi="120" ten="40,5200,0" yaku="1,1,52,1,54,1,53,0" doraHai="73" doraHaiUra="4" who="1" fromWho="2" sc="173,0,508,62,68,-52,241,0" /><INIT seed="4,0,0,2,4,45" ten="173,570,16,241" oya="0" hai0="44,59,76,108,120,5,50,82,58,91,54,123,21" hai1="32,113,51,49,66,61,22,11,18,92,14,128,31" hai2="63,90,42,134,84,30,1,35,68,37,70,78,10" hai3="95,88,15,23,36,102,124,55,39,131,7,46,16"/><T2/><D108/><U93/><E32/><V133/><F78/><W130/><G124/><T100/><D100/><U121/><E121/><V53/><F42/><W97/><G7/><T57/><D21/><U135/><E128/><N who="3" m="49194" /><G102/><T103/><D103/><U9/><E135/><N who="2" m="51723" /><F37/><W119/><G119/><T89/><D5/><U129/><E113/><V65/><F1/><W60/><G60/><T99/><D2/><U122/><E122/><V107/><F10/><N who="1" m="3593" /><E31/><V117/><F107/><W34/><G34/><T8/><D8/><U73/><E73/><V81/><F117/><W127/><G127/><T6/><D6/><U114/><E114/><V80/><F30/><W112/><G112/><T98/><D120/><U17/><E17/><V25/><F25/><W47/><G47/><T67/><D67/><U104/><E104/><V79/><F35/><W4/><G4/><T27/><D27/><U115/><E115/><V69/><F53/><W56/><G56/><T111/><D111/><U125/><E125/><V43/><F43/><W96/><G96/><N who="0" m="36907" /><D123/><U19/><E19/><V77/><F77/><W12/><G12/><T0/><D0/><U64/><E129/><V87/><AGARI ba="0,0" hai="63,65,68,69,70,79,80,81,84,87,90" m="51723" machi="87" ten="30,1100,0" yaku="20,1" doraHai="45" who="2" fromWho="2" sc="173,-5,570,-3,16,11,241,-3" /><INIT seed="5,0,0,2,1,26" ten="168,567,27,238" oya="1" hai0="38,86,101,119,33,118,24,8,98,45,108,10,51" hai1="58,69,112,3,17,83,46,68,1,96,134,32,52" hai2="133,25,59,109,78,9,13,64,105,20,132,74,129" hai3="113,106,2,95,43,18,93,48,39,84,15,102,37"/><U114/><E134/><N who="2" m="51819" /><F105/><W63/><G2/><N who="1" m="522" /><E32/><V0/><F0/><W41/><G106/><T125/><D108/><U116/><E46/><V11/><F78/><W126/><G113/><N who="1" m="43626" /><E17/><N who="2" m="10287" /><F74/><W56/><G126/><T122/><D38/><U121/><E116/><V42/><F42/><W29/><G43/><T130/><D125/><U127/><E121/><V117/><F117/><W28/><G39/><T85/><D122/><U44/><E44/><V14/><F64/><W107/><G107/><T87/><D130/><U123/><E123/><V110/><F59/><W103/><G37/><T97/><D118/><U54/><E54/><V128/><F25/><W89/><G41/><T22/><D119/><U16/><E52/><V53/><F53/><N who="3" m="31783" /><G63/><T6/><D45/><U72/><E58/><V57/><F57/><W90/><G103/><T100/><D51/><U92/><E127/><V80/><F80/><W120/><G102/><T73/><D73/><U62/><E62/><V104/><F104/><W111/><G111/><N who="2" m="42505" /><F14/><W47/><G47/><T77/><D77/><U55/><E55/><V94/><F94/><W31/><G120/><T66/><D66/><U23/><E83/><V21/><F21/><N who="3" m="11487" /><G90/><T40/><D22/><U30/><E72/><V4/><F4/><W88/><G88/><T131/><D6/><U12/><E68/><V65/><F65/><W60/><G60/><T115/><D40/><U135/><E69/><V81/><F81/><AGARI ba="0,0" hai="28,29,31,81,84,89,93,95" m="11487,31783" machi="81" ten="30,7700,0" yaku="8,1,52,3" doraHai="26" who="3" fromWho="2" sc="168,0,567,0,27,-77,238,77" owari="168,-23.0,567,66.0,-50,-55.0,315,12.0" /></mjloggm>