<mjloggm ver="2.3"><GO type="41" lobby="0"/><UN n0="%E5%B0%B1%E6%B4%BB%E7%94%9F%40%E5%B7%9D%E6%9D%91%E8%BB%8D%E5%9B%A3" n1="%E9%A2%A8%E6%B0%B4%E6%99%BA%E3%81%8C%E3%82%88%E3%82%8A%E9%9D%A2%E7%99%BD" n2="%E3%81%82%E3%82%8B%E3%82%AD%E3%83%B3%E3%82%B0" n3="%E6%9D%A5%E3%81%9F%E3%82%8D%E3%82%93" dan="17,13,14,15" rate="2157.01,1823.99,1959.96,1926.02" sx="M,M,M,M"/><TAIKYOKU oya="0"/><INIT seed="0,0,0,0,5,82" ten="250,250,250,250" oya="0" hai0="92,131,118,37,84,23,104,75,36,87,15,71,9" hai1="38,33,45,128,28,54,124,113,61,41,5,96,103" hai2="48,66,46,90,85,91,86,40,34,60,58,12,70" hai3="83,134,26,63,107,56,88,27,79,69,21,11,24"/><T49/><D104/><U117/><E117/><V30/><F34/><W44/><G107/><T6/><D75/><U42/><E128/><V57/><F30/><W53/><G69/><T127/><D118/><U10/><E124/><V89/><F12/><W108/><G108/><T119/><D119/><U121/><E121/><V4/><F4/><W77/><G134/><T102/><D71/><U74/><E74/><V120/><F120/><W105/><G11/><T125/><D131/><U93/><E113/><V106/><F106/><W130/><G130/><T64/><D64/><U115/><E115/><V39/><F58/><W122/><G105/><T99/><D49/><U35/><E42/><V76/><F76/><W52/><G122/><T94/><D23/><U7/><E28/><V0/><REACH who="2" step="1"/><F0/><REACH who="2" ten="250,250,240,250" step="2"/><W47/><G79/><T97/><D125/><U8/><E7/><V14/><F14/><W110/><G77/><T112/><D127/><U43/><E8/><V22/><F22/><W19/><G110/><T132/><D132/><U129/><E129/><V73/><F73/><W111/><G111/><T16/><D112/><U1/><REACH who="1" step="1"/><E43/><REACH who="1" ten="250,240,240,250" step="2"/><V116/><F116/><W62/><G21/><T17/><D6/><U123/><E123/><V31/><F31/><W68/><G19/><T65/><D17/><U81/><E81/><V20/><F20/><W2/><G2/><T3/><D3/><U67/><E67/><V72/><F72/><W13/><G13/><T29/><D65/><U32/><E32/><V133/><F133/><W51/><G24/><T101/><D29/><U114/><E114/><RYUUKYOKU ba="0,2" sc="250,10,240,10,240,10,250,-30" hai0="9,15,16,36,37,84,87,92,94,97,99,101,102" hai1="1,5,10,33,35,38,41,45,54,61,93,96,103" hai2="39,40,46,48,57,60,66,70,85,86,89,90,91" /><INIT seed="0,1,2,0,3,24" ten="260,250,250,220" oya="0" hai0="2,79,83,113,13,130,37,55,98,124,75,9,76" hai1="105,77,12,94,127,80,100,107,26,51,73,116,66" hai2="87,131,20,35,106,81,52,10,114,33,74,28,128" hai3="103,53,22,3,8,99,38,31,42,121,58,93,97"/><T68/><D113/><U45/><E116/><V119/><F114/><W111/><G111/><T64/><D2/><U7/><E127/><V91/><F106/><W23/><G121/><T4/><D124/><U70/><E26/><N who="2" m="16455" /><F74/><W135/><G135/><T71/><D37/><U67/><E94/><V123/><F123/><W82/><G82/><T92/><D130/><N who="2" m="49706" /><F119/><W72/><G72/><T14/><D79/><U15/><E107/><V89/><F89/><W108/><G108/><T54/><D14/><U85/><E73/><V11/><F52/><W56/><G42/><T47/><D64/><N who="1" m="24619" /><E7/><V112/><F112/><W44/><G3/><T27/><D27/><U19/><E15/><V21/><F21/><W110/><G22/><T17/><D4/><U43/><E105/><V1/><F1/><W36/><G23/><T126/><D126/><U104/><E104/><V57/><F57/><W88/><G56/><T132/><D132/><U16/><E70/><V25/><F25/><W46/><G110/><T96/><D96/><U41/><E100/><V65/><F65/><W115/><G103/><T134/><D134/><U120/><E120/><V69/><F69/><W34/><G115/><T122/><D122/><U125/><E125/><V40/><F40/><N who="1" m="15433" /><E12/><V61/><F61/><W0/><G0/><T118/><D118/><U29/><E29/><V60/><F60/><W117/><G117/><T129/><D129/><U109/><E109/><V90/><F90/><W102/><G88/><N who="0" m="55559" /><D55/><AGARI ba="1,2" hai="16,19,45,51,55,77,80,85" m="15433,24619" machi="55" ten="30,2000,0" yaku="8,1,54,1" doraHai="24" who="1" fromWho="0" sc="260,-23,250,43,250,0,220,0" /><INIT seed="1,0,0,2,1,1" ten="237,293,250,220" oya="1" hai0="110,125,33,35,84,30,81,0,74,94,87,69,118" hai1="129,130,58,65,14,103,39,98,36,102,28,38,90" hai2="89,18,47,105,4,17,107,34,114,79,15,2,50" hai3="46,126,8,100,72,53,59,78,64,83,51,135,80"/><U56/><E28/><V13/><F34/><W7/><G126/><T26/><D118/><U42/><E14/><V54/><F114/><W52/><G135/><T10/><D125/><U82/><E42/><V41/><F2/><W12/><G100/><N who="1" m="38442" /><E65/><V108/><F108/><W61/><REACH who="3" step="1"/><G83/><REACH who="3" ten="237,293,250,210" step="2"/><T109/><D81/><U55/><E82/><V24/><F107/><W120/><G120/><T117/><D117/><U88/><E98/><V123/><F105/><W60/><G60/><T115/><D115/><U112/><E112/><V66/><F123/><W122/><G122/><T37/><D109/><U31/><E31/><V40/><F40/><AGARI ba="0,1" hai="7,8,12,40,46,51,52,53,59,61,64,72,78,80" machi="40" ten="30,7700,0" yaku="1,1,7,1,52,1,54,1,53,0" doraHai="1" doraHaiUra="113" who="3" fromWho="2" sc="237,0,293,0,250,-77,210,87" /><INIT seed="2,0,0,2,4,44" ten="237,293,173,297" oya="2" hai0="91,19,48,125,74,118,110,68,34,37,104,86,16" hai1="7,10,69,78,116,122,131,53,25,115,67,80,64" hai2="33,123,87,20,35,11,107,114,75,101,56,90,134" hai3="128,45,51,61,66,113,108,54,36,103,50,111,63"/><V52/><F123/><W70/><G103/><T4/><D74/><U71/><E115/><V21/><F114/><W29/><G113/><T127/><D37/><U60/><E122/><V39/><F39/><W27/><G128/><T59/><D68/><U99/><E131/><V82/><F134/><W1/><G1/><T96/><D34/><U24/><E67/><V89/><F75/><W22/><G61/><T41/><D4/><U73/><E69/><V49/><F90/><W55/><REACH who="3" step="1"/><G36/><REACH who="3" ten="237,293,173,287" step="2"/><T121/><D121/><U129/><E129/><V126/><F126/><W135/><G135/><T106/><D125/><U132/><E132/><V47/><F101/><W14/><G14/><T133/><D127/><U92/><E116/><V119/><F107/><W5/><G5/><T12/><D118/><U97/><E99/><V6/><F119/><W77/><G77/><T105/><D133/><U42/><E42/><N who="2" m="24823" /><F35/><W17/><G17/><T120/><D19/><U88/><REACH who="1" step="1"/><E53/><REACH who="1" ten="237,283,173,287" step="2"/><V112/><F33/><W65/><G65/><T15/><D96/><U76/><E76/><V8/><F112/><W85/><G85/><T18/><D86/><U81/><E81/><V43/><F43/><W23/><G23/><N who="2" m="8777" /><F6/><W98/><G98/><T130/><D130/><U28/><E28/><V38/><F38/><W72/><G72/><T62/><D120/><U2/><AGARI ba="0,2" hai="2,7,10,24,25,60,64,71,73,78,80,88,92,97" machi="2" ten="20,5200,0" yaku="1,1,0,1,7,1,54,1,53,0" doraHai="44" doraHaiUra="9" who="1" fromWho="1" sc="237,-13,283,72,173,-26,287,-13" /><INIT seed="3,0,0,1,4,13" ten="224,355,147,274" oya="3" hai0="93,48,32,97,134,9,64,77,94,60,80,19,116" hai1="17,126,59,57,50,24,0,51,23,122,43,14,42" hai2="130,120,11,103,96,39,104,4,31,114,7,71,66" hai3="10,40,61,18,37,69,34,2,98,44,86,75,45"/><W115/><G115/><T53/><D116/><U8/><E122/><V25/><F114/><W131/><G34/><T35/><D134/><U110/><E0/><V132/><F120/><W33/><G33/><T41/><D41/><N who="1" m="15371" /><E110/><V78/><F78/><W67/><G45/><T81/><D32/><U99/><E99/><V128/><F132/><W15/><G131/><N who="2" m="50217" /><F39/><W79/><G98/><T1/><D35/><U90/><E90/><V118/><F118/><W70/><G2/><T84/><D81/><U105/><E105/><V6/><F25/><W83/><REACH who="3" step="1"/><G75/><REACH who="3" ten="224,355,147,264" step="2"/><T100/><D1/><U121/><E121/><V89/><F31/><W29/><G29/><T101/><D97/><U92/><E126/><V65/><F89/><W73/><G73/><T113/><D101/><U123/><E123/><V127/><F127/><W55/><G55/><T87/><D100/><U88/><E24/><V28/><F28/><W107/><G107/><T68/><D113/><U124/><E124/><V119/><F119/><W30/><G30/><T95/><D87/><N who="1" m="52255" /><E23/><V26/><F26/><W22/><G22/><T85/><D85/><U47/><E47/><V62/><F66/><W36/><G36/><T56/><D9/><AGARI ba="0,1" hai="4,6,7,9,11,62,65,71,96,103,104" m="50217" machi="9" ten="30,1000,0" yaku="19,1" doraHai="13" who="2" fromWho="0" sc="224,-10,355,0,147,20,264,0" /><INIT seed="4,0,0,3,1,69" ten="214,355,167,264" oya="0" hai0="134,131,47,30,25,114,7,33,127,119,53,103,66" hai1="71,63,43,121,130,110,86,99,113,13,101,20,129" hai2="14,104,48,26,116,29,76,36,118,68,55,109,12" hai3="9,34,77,102,62,64,46,15,78,105,111,6,31"/><T45/><D119/><N who="2" m="45610" /><F104/><W19/><G111/><T84/><D66/><U90/><E121/><V125/><F109/><W49/><G6/><T5/><D114/><U40/><E110/><V72/><F68/><W87/><G87/><T133/><D127/><U58/><E71/><V50/><F125/><W95/><G95/><T108/><D131/><N who="1" m="50187" /><E13/><N who="2" m="5227" /><F55/><W75/><G75/><T27/><D103/><U79/><E79/><V112/><F112/><W18/><G18/><T120/><D120/><U92/><E20/><N who="2" m="15559" /><F36/><W61/><G61/><T88/><D108/><U57/><E113/><V3/><F3/><W28/><G102/><T11/><D53/><N who="1" m="34223" /><E58/><V81/><AGARI ba="0,0" hai="48,50,72,76,81" m="15559,5227,45610" machi="81" ten="30,1100,0" yaku="12,1" doraHai="69" who="2" fromWho="2" sc="214,-5,355,-3,167,11,264,-3" /><INIT seed="5,0,0,0,1,71" ten="209,352,178,261" oya="1" hai0="90,111,2,21,116,67,104,26,8,46,61,59,24" hai1="128,135,129,63,77,32,51,56,57,86,85,117,108" hai2="125,89,45,50,134,120,80,127,91,73,60,20,43" hai3="36,6,112,72,69,44,55,13,74,31,82,5,68"/><U54/><E32/><V41/><F120/><W110/><G110/><T33/><D111/><U42/><E108/><V83/><F134/><W122/><G122/><T30/><D116/><U34/><E34/><V38/><F60/><W92/><G112/><T47/><D104/><U88/><E135/><V17/><F50/><W35/><G92/><T99/><D2/><U101/><E101/><V9/><F9/><W76/><G72/><T118/><D118/><U48/><E117/><V22/><F73/><W70/><G13/><T93/><REACH who="0" step="1"/><D8/><REACH who="0" ten="199,352,178,261" step="2"/><U62/><E128/><V123/><F123/><W11/><G11/><T109/><D109/><U66/><E129/><V79/><F79/><W105/><G105/><T132/><D132/><U64/><E77/><V133/><F133/><W19/><G76/><T18/><AGARI ba="0,1" hai="18,21,24,26,30,33,46,47,59,61,67,90,93,99" machi="18" ten="20,5200,0" yaku="1,1,0,1,7,1,53,1" doraHai="71" doraHaiUra="95" who="0" fromWho="0" sc="199,62,352,-26,178,-13,261,-13" /><INIT seed="6,0,0,3,2,35" ten="261,326,165,248" oya="2" hai0="91,96,5,95,84,2,30,55,88,75,64,50,23" hai1="107,116,131,104,90,103,105,82,134,120,109,85,130" hai2="27,12,16,122,47,73,92,114,89,56,9,110,69" hai3="17,78,62,135,63,51,54,0,97,67,7,60,124"/><V28/><F122/><W42/><G78/><T80/><D64/><U10/><E10/><V8/><F69/><W19/><G124/><T46/><D75/><U41/><E41/><V29/><F73/><W43/><G135/><T61/><D61/><U77/><E120/><V53/><F110/><W34/><G34/><T76/><D5/><U83/><E109/><V38/><F114/><W133/><G133/><T86/><D2/><U36/><E36/><V14/><F47/><W87/><G97/><T1/><D1/><U11/><E11/><V121/><F121/><W6/><G87/><T112/><D112/><U115/><E116/><V57/><F38/><W100/><G100/><T22/><REACH who="0" step="1"/><D30/><REACH who="0" ten="251,326,165,248" step="2"/><N who="2" m="11882" /><F27/><W126/><G7/><T113/><D113/><U129/><E115/><V72/><F72/><W106/><G6/><T119/><D119/><U71/><E71/><V132/><F132/><W4/><G0/><T32/><D32/><U111/><E134/><V127/><F127/><W25/><G4/><T117/><D117/><U93/><E111/><V79/><F79/><W128/><G126/><T39/><D39/><U81/><E77/><V37/><F37/><W101/><G67/><T70/><D70/><U3/><E3/><V68/><F68/><W18/><G63/><T24/><D24/><U65/><E65/><V52/><F57/><W118/><G62/><T49/><D49/><U40/><E40/><V74/><F74/><W48/><G42/><T20/><D20/><U102/><AGARI ba="0,1" hai="81,82,83,85,90,93,102,103,104,105,107,129,130,131" machi="102" ten="50,12000,2" yaku="0,1,29,2,19,1,34,3" doraHai="35" who="1" fromWho="1" sc="251,-30,326,130,165,-60,248,-30" /><INIT seed="7,0,0,0,0,23" ten="221,456,105,218" oya="3" hai0="58,12,27,66,73,6,60,14,7,120,52,33,57" hai1="116,82,75,29,51,63,76,110,16,78,80,45,1" hai2="32,83,84,135,117,53,47,24,20,121,129,90,89" hai3="17,71,98,5,105,41,65,10,9,35,92,34,101"/><W128/><G128/><T30/><D73/><U106/><E106/><V54/><F129/><W118/><G118/><T127/><D120/><U28/><E110/><V97/><F32/><W15/><G41/><T43/><D43/><U13/><E63/><V99/><F117/><W55/><G65/><T109/><D109/><U94/><E94/><V77/><F121/><W61/><G71/><T91/><D127/><U2/><E2/><V132/><F132/><W124/><G124/><T86/><D14/><U133/><E1/><V126/><F126/><W8/><G8/><T49/><D12/><U0/><E0/><V115/><F115/><W123/><G123/><T21/><D33/><U42/><E133/><V36/><F36/><W87/><G55/><T111/><D111/><U81/><E116/><V104/><F135/><W64/><G87/><T56/><D56/><U88/><E88/><V67/><F67/><W40/><G40/><T4/><D4/><U39/><E39/><V50/><F54/><W130/><G105/><T70/><D70/><U102/><E102/><V119/><F119/><W48/><G48/><T122/><D122/><U113/><E113/><V38/><F38/><W93/><G130/><T79/><D79/><N who="1" m="30251" /><E75/><V18/><F104/><W131/><G131/><T3/><D3/><U112/><E112/><V134/><F134/><W103/><G35/><T96/><D96/><U74/><E74/><V69/><F69/><W100/><G34/><T85/><D85/><U37/><E37/><V22/><F22/><AGARI ba="0,0" hai="13,16,22,28,29,42,45,51,80,81,82" m="30251" machi="22" ten="30,2000,0" yaku="8,1,54,1" doraHai="23" who="1" fromWho="2" sc="221,0,456,20,105,-20,218,0" owari="221,2.0,476,57.0,85,-41.0,218,-18.0" /></mjloggm>