<mjloggm ver="2.3"><GO type="225" lobby="0"/><UN n0="%4D%49%40%34%32%38" n1="%E5%B0%B1%E6%B4%BB%E7%94%9F%40%E5%B7%9D%E6%9D%91%E8%BB%8D%E5%9B%A3" n2="%E3%81%8D%E3%82%8A%E3%81%B5%E3%81%A0" n3="%E3%82%B7%E3%83%AD%E3%82%AF%E3%83%AD" dan="18,17,17,17" rate="2307.20,2231.34,2260.86,2134.84" sx="M,M,M,M"/><TAIKYOKU oya="0"/><INIT seed="0,0,0,4,0,135" ten="250,250,250,250" oya="0" hai0="63,101,13,34,87,84,22,91,50,53,133,57,17" hai1="102,108,107,45,52,19,114,33,27,32,83,113,131" hai2="66,5,88,25,46,38,0,80,105,85,121,54,49" hai3="75,40,98,70,82,2,12,21,86,126,67,93,65"/><T125/><D34/><U7/><E108/><V56/><F105/><W58/><G2/><T112/><D112/><N who="1" m="43115" /><E131/><V90/><F0/><W99/><G75/><T9/><D133/><U55/><E7/><V72/><F72/><W6/><G70/><T77/><D101/><U14/><E27/><V41/><F5/><W120/><G120/><T124/><D9/><N who="1" m="6607" /><E55/><V18/><F66/><W30/><G40/><T96/><D63/><U10/><E10/><V71/><F71/><W127/><G6/><T81/><REACH who="0" step="1"/><D96/><REACH who="0" ten="240,250,250,250" step="2"/><N who="1" m="61895" /><E83/><AGARI ba="0,1" hai="13,17,22,50,53,57,77,81,83,84,87,91,124,125" machi="83" ten="40,7700,0" yaku="1,1,52,2,53,0" doraHai="135" doraHaiUra="69" who="0" fromWho="1" sc="240,87,250,-77,250,0,250,0" /><INIT seed="0,1,0,4,2,53" ten="327,173,250,250" oya="0" hai0="42,97,129,135,38,65,46,24,105,102,57,56,91" hai1="18,99,31,0,40,118,47,114,52,101,12,74,95" hai2="11,107,7,23,3,89,84,112,93,29,8,125,4" hai3="73,68,133,64,124,37,55,34,82,113,30,94,51"/><T45/><D135/><U1/><E118/><V85/><F107/><W69/><G133/><T80/><D129/><U70/><E114/><V62/><F125/><W126/><G113/><T13/><D65/><U92/><E74/><V117/><F117/><W26/><G37/><T132/><D132/><U36/><E70/><V134/><F134/><W25/><G25/><T44/><D13/><U116/><E31/><V50/><F50/><W87/><G73/><T78/><D91/><U21/><E116/><V9/><F29/><W67/><G94/><T111/><D111/><U16/><E92/><V104/><F104/><W76/><G67/><T128/><D128/><U27/><REACH who="1" step="1"/><E52/><REACH who="1" ten="327,163,250,250" step="2"/><V41/><F93/><W10/><G64/><T131/><D131/><U86/><E86/><V81/><F85/><W61/><G68/><T48/><D45/><U110/><E110/><V49/><F84/><W32/><G69/><T103/><D46/><U5/><E5/><V90/><F7/><W33/><G55/><T119/><D119/><U19/><E19/><V96/><F4/><W130/><G30/><T100/><D105/><U39/><E39/><V108/><F108/><W88/><G130/><T127/><D38/><U98/><E98/><V60/><F96/><W20/><G87/><N who="0" m="48535" /><D97/><U59/><E59/><N who="0" m="22601" /><D127/><U28/><E28/><V115/><F115/><W66/><G124/><T63/><D63/><U54/><E54/><V6/><F62/><W109/><G126/><T35/><D35/><U121/><E121/><V71/><F60/><W22/><G33/><T123/><D123/><U14/><E14/><RYUUKYOKU ba="1,1" sc="327,15,163,15,250,-15,250,-15" hai0="24,42,44,48,100,102,103" hai1="0,1,12,16,18,21,27,36,40,47,95,99,101" /><INIT seed="0,2,1,5,2,87" ten="342,178,235,235" oya="0" hai0="130,64,135,117,3,19,57,91,115,102,96,14,126" hai1="108,125,4,129,134,100,131,51,73,13,72,95,25" hai2="6,113,85,49,5,75,110,38,17,39,9,46,32" hai3="76,10,109,50,111,59,12,101,55,40,114,61,35"/><T104/><D115/><U124/><E25/><V41/><F75/><N who="1" m="28745" /><E51/><V0/><F110/><N who="3" m="41995" /><G114/><T22/><D117/><U28/><E108/><V29/><F6/><W103/><G35/><T90/><D3/><U68/><E28/><V48/><F39/><W132/><G132/><T94/><D135/><U78/><E68/><V80/><F29/><W43/><G76/><T26/><D130/><N who="1" m="49675" /><E134/><V121/><F32/><W8/><G8/><N who="0" m="6599" /><D126/><N who="1" m="48747" /><E13/><V47/><F38/><W99/><G50/><T82/><D104/><U97/><E4/><V122/><F17/><N who="3" m="8343" /><G103/><T81/><D26/><U63/><E63/><V30/><F30/><W120/><G120/><T74/><D22/><U33/><E33/><V23/><F23/><W116/><G116/><T119/><D74/><U1/><E1/><V54/><F113/><W118/><G118/><T66/><D119/><U60/><E60/><V105/><F105/><AGARI ba="2,1" hai="40,43,55,59,61,99,101,105" m="8343,41995" machi="105" ten="30,1000,0" yaku="14,1" doraHai="87" who="3" fromWho="2" sc="342,0,178,0,235,-16,235,26" /><INIT seed="1,0,0,2,4,3" ten="342,178,219,261" oya="1" hai0="9,99,116,66,117,125,14,65,45,133,71,1,25" hai1="13,42,35,97,43,104,62,96,112,52,57,101,110" hai2="17,75,11,55,12,127,132,82,98,64,129,114,90" hai3="135,18,70,76,56,59,22,118,16,51,83,48,126"/><U87/><E112/><V19/><F132/><W46/><G70/><T84/><D1/><U89/><E35/><V58/><F129/><W69/><G69/><T88/><D133/><U68/><E110/><V8/><F127/><W33/><G135/><T100/><D125/><U107/><E68/><V131/><F64/><W61/><G126/><T5/><D45/><U21/><E97/><V113/><F131/><W0/><G33/><T26/><D66/><U6/><E107/><V15/><F75/><W119/><G0/><T30/><D65/><U111/><E111/><V34/><F34/><W109/><G109/><T115/><D115/><U20/><E20/><V92/><REACH who="2" step="1"/><F82/><REACH who="2" ten="342,178,209,261" step="2"/><W27/><G118/><T24/><D71/><U28/><E28/><V128/><F128/><W39/><G119/><T67/><D67/><U95/><REACH who="1" step="1"/><E21/><REACH who="1" ten="342,168,209,261" step="2"/><V123/><F123/><W93/><G22/><T49/><D30/><U73/><E73/><V40/><F40/><W36/><G27/><T4/><D117/><U130/><E130/><V121/><F121/><W78/><G36/><T63/><D116/><U38/><E38/><V86/><F86/><W7/><G39/><T72/><D72/><U47/><E47/><V74/><F74/><W77/><G46/><T10/><D25/><U31/><E31/><V54/><F54/><W29/><G29/><T91/><D24/><U79/><E79/><V60/><AGARI ba="0,2" hai="8,11,12,15,17,19,55,58,60,90,92,98,113,114" machi="60" ten="30,7900,0" yaku="1,1,0,1,9,1,53,1" doraHai="3" doraHaiUra="85" who="2" fromWho="2" sc="342,-20,168,-39,209,99,261,-20" /><INIT seed="2,0,0,1,2,70" ten="322,129,308,241" oya="2" hai0="87,71,11,17,90,91,57,117,130,105,83,103,55" hai1="84,74,128,127,45,13,24,82,89,26,52,109,96" hai2="64,126,111,41,68,39,54,98,58,124,94,97,107" hai3="62,99,27,120,76,110,4,93,16,5,3,116,12"/><V102/><F111/><W133/><G110/><T75/><D71/><U118/><E109/><V33/><F33/><W36/><G116/><T61/><D117/><U86/><E118/><V48/><F98/><W44/><G120/><T115/><D115/><U28/><E128/><V9/><F9/><W47/><G133/><T34/><D34/><U59/><E127/><V25/><F25/><W79/><G3/><T121/><D121/><U131/><E131/><V119/><F107/><W77/><G27/><T15/><D75/><U22/><E74/><V108/><F108/><W104/><G104/><T8/><D130/><U67/><E26/><V31/><F31/><W0/><G0/><T69/><D69/><U40/><E67/><V92/><F92/><W66/><G36/><T7/><D105/><U81/><E13/><V123/><F123/><W35/><G35/><T10/><D103/><U132/><E96/><V60/><F119/><W32/><G32/><T56/><D7/><N who="3" m="2633" /><G62/><N who="0" m="36127" /><D91/><U114/><E132/><V42/><F42/><W78/><N who="3" m="19456" /><DORA hai="129" /><W106/><G66/><AGARI ba="0,0" hai="8,10,11,15,17,57,61,66,83,87,90" m="36127" machi="66" ten="30,1000,0" yaku="8,1" doraHai="70,129" who="0" fromWho="3" sc="322,10,129,0,308,0,241,-10" /><INIT seed="3,0,0,4,1,58" ten="332,129,308,231" oya="3" hai0="109,71,14,121,72,110,131,36,126,127,59,57,100" hai1="80,133,87,95,22,25,39,96,103,63,88,93,44" hai2="46,116,113,118,67,125,8,81,24,64,7,48,101" hai3="11,76,42,134,15,13,84,3,120,128,102,55,34"/><W75/><G120/><T82/><D36/><U37/><E133/><V68/><F125/><N who="0" m="47626" /><D121/><U47/><E39/><V114/><F101/><W69/><G34/><T32/><D32/><U111/><E37/><V9/><F81/><W53/><G75/><T40/><D40/><U89/><E111/><N who="0" m="42505" /><D71/><U26/><E26/><V83/><F83/><W28/><G69/><T4/><D131/><U117/><E117/><V135/><F24/><W5/><G28/><T78/><D100/><U73/><E73/><V70/><F7/><W56/><G102/><T31/><D31/><U54/><E103/><V115/><F135/><W129/><G42/><T86/><D86/><U29/><REACH who="1" step="1"/><E80/><REACH who="1" ten="332,119,308,231" step="2"/><V105/><F118/><W52/><G134/><T108/><D108/><U99/><E99/><V130/><F116/><W50/><G128/><T2/><D82/><U33/><E33/><V27/><F27/><W35/><G129/><T66/><D72/><U30/><E30/><V0/><F130/><W6/><G35/><T97/><D97/><U119/><E119/><V90/><F115/><W107/><G76/><T122/><D78/><U45/><E45/><V21/><F114/><W124/><G124/><T79/><D79/><U74/><E74/><V98/><F98/><W106/><G84/><T18/><D122/><U10/><E10/><V94/><F9/><N who="3" m="4279" /><G106/><T16/><D2/><U12/><E12/><V51/><F105/><W104/><G3/><T91/><D14/><U61/><E61/><V60/><F0/><W85/><G85/><T112/><D112/><U62/><E62/><V20/><F113/><RYUUKYOKU ba="0,1" sc="332,-15,119,15,308,-15,231,15" hai1="22,25,29,44,47,54,63,87,88,89,93,95,96" hai3="5,11,15,50,52,53,55,56,104,107" /><INIT seed="3,1,1,1,5,64" ten="317,134,293,246" oya="3" hai0="71,66,123,34,14,24,122,134,83,11,60,41,44" hai1="95,91,84,116,6,31,110,58,25,57,59,102,73" hai2="94,27,20,77,65,75,113,100,70,74,130,4,3" hai3="108,92,87,21,26,80,127,90,53,19,8,54,28"/><W29/><G127/><T86/><D134/><U68/><E116/><V10/><F130/><W47/><G108/><T18/><D24/><U120/><E110/><V1/><F1/><W103/><G8/><T121/><D34/><U78/><E120/><V72/><F77/><W104/><G104/><T114/><D114/><U124/><E124/><V85/><F100/><W125/><G125/><T98/><D98/><U69/><E6/><V35/><F35/><W23/><G47/><T63/><D63/><U67/><E67/><V135/><F135/><W0/><G0/><T81/><REACH who="0" step="1"/><D86/><REACH who="0" ten="307,134,293,246" step="2"/><U51/><E51/><AGARI ba="1,2" hai="11,14,18,41,44,51,60,66,71,81,83,121,122,123" machi="51" ten="40,12000,2" yaku="1,1,2,1,52,1,53,3" doraHai="64" doraHaiUra="117" who="0" fromWho="1" sc="307,143,134,-123,293,0,246,0" owari="450,55.0,11,-49.0,293,9.0,246,-15.0" /></mjloggm>