<mjloggm ver="2.3"><GO type="41" lobby="0"/><UN n0="%E5%B0%B1%E6%B4%BB%E7%94%9F%40%E5%B7%9D%E6%9D%91%E8%BB%8D%E5%9B%A3" n1="%E2%98%85%E9%A2%A8%E3%81%AE%E8%B0%B7%E2%98%85" n2="%E5%BA%83%E5%B3%B6%E3%82%AB%E3%83%BC%E3%83%97%E3%82%A8%E3%83%BC%E3%82%B9" n3="%E7%84%BC%E3%81%8D%E9%B3%A5%E5%B7%A5%E5%A0%B4" dan="18,15,14,14" rate="2175.25,2025.48,2055.68,1870.99" sx="M,M,F,M"/><TAIKYOKU oya="0"/><INIT seed="0,0,0,0,2,11" ten="250,250,250,250" oya="0" hai0="83,80,95,13,134,82,17,112,12,99,24,48,133" hai1="43,64,126,115,54,23,91,78,55,73,117,132,27" hai2="135,52,90,38,28,49,42,72,77,7,102,1,66" hai3="58,74,18,45,46,53,89,122,79,44,88,63,71"/><T61/><D112/><U68/><E117/><V120/><F102/><W107/><G107/><T96/><D61/><U57/><E132/><N who="0" m="50793" /><D48/><U40/><E126/><V0/><F120/><W84/><G122/><T5/><D5/><U103/><E115/><V67/><F28/><W124/><G124/><T101/><D96/><U6/><E103/><V33/><F33/><W34/><G34/><T32/><D17/><U50/><E6/><V113/><F113/><W125/><G125/><T123/><D123/><U92/><E68/><V127/><F7/><W31/><G31/><AGARI ba="0,0" hai="12,13,24,31,32,80,82,83,95,99,101" m="50793" machi="31" ten="30,5800,0" yaku="20,1,52,2" doraHai="11" who="0" fromWho="3" sc="250,58,250,0,250,0,250,-58" /><INIT seed="0,1,0,4,3,51" ten="308,250,250,192" oya="0" hai0="13,113,84,114,117,5,64,118,44,83,95,60,87" hai1="85,74,33,91,82,23,62,21,56,78,52,12,20" hai2="26,38,96,6,46,130,0,29,70,90,112,134,97" hai3="31,59,35,58,16,15,135,45,40,75,131,126,119"/><T99/><D114/><U65/><E33/><V115/><F70/><W54/><G119/><T101/><D113/><U3/><E3/><V55/><F97/><W32/><G75/><T17/><D5/><U28/><E12/><V92/><F130/><W80/><G131/><T25/><D25/><U100/><E100/><V24/><F134/><W61/><G135/><T93/><D93/><U49/><E74/><V27/><F29/><W67/><G126/><T34/><D34/><U108/><E108/><V79/><F79/><W76/><G31/><T10/><D44/><U71/><REACH who="1" step="1"/><E78/><REACH who="1" ten="308,240,250,192" step="2"/><V8/><F115/><W116/><G116/><T39/><D117/><U4/><E4/><V19/><F112/><W125/><G125/><T102/><D102/><U104/><E104/><V105/><F105/><W22/><G76/><T30/><D118/><U86/><E86/><V48/><F19/><W81/><G35/><T7/><D87/><U110/><E110/><V121/><REACH who="2" step="1"/><F38/><REACH who="2" ten="308,240,240,192" step="2"/><W73/><G32/><T47/><D17/><U98/><E98/><V43/><F43/><W89/><G73/><T94/><D99/><U132/><E132/><V11/><F11/><W36/><G89/><T1/><D10/><U107/><E107/><V66/><F66/><W9/><G9/><T14/><D64/><U129/><E129/><V128/><F128/><W133/><G133/><T2/><D39/><U77/><E77/><V103/><F103/><W122/><G122/><AGARI ba="1,2" hai="0,6,8,24,26,27,46,48,55,90,92,96,121,122" machi="122" ten="40,2600,0" yaku="1,1,52,1,53,0" doraHai="51" doraHaiUra="127" who="2" fromWho="3" sc="308,0,240,0,240,49,192,-29" /><INIT seed="1,0,0,3,0,1" ten="308,240,289,163" oya="1" hai0="34,71,114,63,24,54,32,49,102,57,40,76,20" hai1="72,111,117,94,73,80,101,128,9,121,19,2,112" hai2="33,8,55,134,56,133,66,70,7,67,46,85,65" hai3="129,38,74,78,83,4,60,36,87,90,15,119,100"/><U103/><E117/><V127/><F33/><W106/><G119/><T118/><D114/><U3/><E121/><V0/><F127/><W92/><G129/><T122/><D118/><U120/><E112/><V39/><F85/><W44/><G44/><T124/><D124/><U13/><E120/><V98/><F70/><W45/><G45/><T50/><D122/><U61/><E111/><V62/><F98/><W14/><G60/><T26/><D26/><U81/><E128/><V75/><REACH who="2" step="1"/><F75/><REACH who="2" ten="308,240,279,163" step="2"/><W69/><G69/><T123/><D71/><U84/><E73/><V28/><F28/><W52/><G52/><T135/><D34/><U17/><E72/><V130/><F130/><W29/><G29/><T31/><D32/><U88/><E2/><V108/><F108/><W77/><G77/><T109/><D76/><U5/><E19/><V110/><F110/><W96/><REACH who="3" step="1"/><G15/><REACH who="3" ten="308,240,279,153" step="2"/><T47/><D109/><U107/><E3/><V89/><F89/><W93/><G93/><T21/><D31/><U23/><E107/><V43/><AGARI ba="0,2" hai="0,7,8,39,43,46,55,56,62,65,66,67,133,134" machi="43" ten="30,4000,0" yaku="1,1,0,1,52,1,53,0" doraHai="1" doraHaiUra="125" who="2" fromWho="2" sc="308,-10,240,-20,279,60,153,-10" /><INIT seed="2,0,0,0,3,13" ten="298,220,339,143" oya="2" hai0="88,0,17,7,41,81,64,65,96,78,105,72,45" hai1="31,135,42,83,133,44,107,15,103,24,69,38,123" hai2="130,97,25,92,4,48,128,29,102,14,120,55,132" hai3="54,35,93,110,115,8,90,86,114,77,20,113,40"/><V94/><F120/><W89/><G35/><T75/><D75/><U73/><E15/><V109/><F132/><N who="1" m="50761" /><E123/><V16/><F4/><W57/><G40/><T74/><D74/><U2/><E2/><V46/><F109/><W56/><G110/><T32/><D32/><N who="1" m="20583" /><E69/><V119/><F119/><W51/><G8/><N who="0" m="2151" /><D17/><U50/><E83/><V68/><F68/><W117/><G117/><T47/><D47/><U87/><E87/><V121/><F92/><W62/><G20/><T34/><D34/><U53/><E73/><V33/><REACH who="2" step="1"/><F121/><REACH who="2" ten="298,220,329,143" step="2"/><W76/><REACH who="3" step="1"/><G89/><REACH who="3" ten="298,220,329,133" step="2"/><T26/><D88/><U11/><E103/><V91/><F91/><W134/><G134/><T80/><D78/><U98/><E107/><V118/><F118/><W59/><G59/><T43/><D105/><U22/><E44/><V112/><F112/><W6/><G6/><T12/><D45/><U1/><E1/><V19/><F19/><W131/><G131/><T39/><D39/><U27/><E38/><V108/><F108/><W18/><G18/><T60/><D81/><U37/><E37/><V101/><F101/><W10/><G10/><AGARI ba="0,2" hai="10,14,16,25,29,33,46,48,55,94,97,102,128,130" machi="10" ten="40,12000,1" yaku="1,1,52,1,54,1,53,1" doraHai="13" doraHaiUra="23" who="2" fromWho="3" sc="298,0,220,0,329,140,133,-120" /><INIT seed="2,1,0,0,3,92" ten="298,220,469,13" oya="2" hai0="40,39,45,7,111,28,133,6,71,69,5,125,42" hai1="83,49,70,113,117,87,75,95,4,107,72,12,118" hai2="108,10,38,109,58,79,112,76,13,105,94,64,67" hai3="131,96,78,43,15,51,81,126,1,18,46,62,132"/><V128/><F105/><W30/><G1/><T84/><D111/><U24/><E107/><V26/><F38/><W123/><G123/><T17/><D125/><U110/><E70/><V21/><F112/><W16/><G126/><T73/><D73/><U0/><E113/><V57/><F128/><W88/><G131/><T22/><D133/><U115/><E115/><V29/><F58/><W55/><G132/><T101/><D28/><U100/><E0/><V3/><F3/><W104/><G104/><T44/><D84/><U34/><E110/><V23/><F23/><W41/><G30/><T33/><D101/><U52/><E118/><V82/><F94/><N who="3" m="56391" /><G62/><T120/><D120/><U106/><E106/><V89/><F57/><W97/><G97/><T31/><D31/><U14/><E117/><V66/><F89/><W129/><G129/><T2/><D2/><U8/><E14/><V65/><F79/><W91/><G91/><T124/><D33/><U27/><E34/><V35/><F35/><W77/><G18/><T47/><D124/><U114/><E114/><V61/><F61/><W9/><G81/><T19/><D39/><U103/><E27/><V68/><F68/><N who="0" m="26186" /><D22/><U93/><E24/><V37/><F37/><W32/><G32/><T102/><D102/><U127/><E127/><V135/><F135/><W11/><G11/><T134/><D134/><U36/><E36/><V59/><F108/><W130/><G130/><T25/><D25/><U99/><E75/><N who="2" m="43295" /><F109/><W48/><G48/><T80/><D80/><U122/><E72/><V119/><F119/><W20/><G20/><RYUUKYOKU ba="1,0" sc="298,15,220,-15,469,-15,13,15" hai0="5,6,7,17,19,40,42,44,45,47" hai3="9,15,16,41,43,46,51,55,77,78" /><INIT seed="3,2,0,4,0,53" ten="313,205,454,28" oya="3" hai0="97,81,51,116,23,25,123,98,120,129,17,34,92" hai1="4,62,105,0,100,31,15,126,32,109,5,124,133" hai2="58,2,7,84,83,112,52,44,72,79,74,118,41" hai3="24,95,117,82,55,19,30,89,21,106,27,77,130"/><W122/><G117/><T64/><D116/><U87/><E105/><V75/><F118/><W42/><G122/><T10/><D129/><U73/><E100/><V36/><F112/><W78/><G106/><T132/><D132/><U57/><E73/><V39/><F39/><W125/><G125/><N who="1" m="48234" /><E0/><V49/><F84/><W66/><G130/><T48/><D97/><U20/><E133/><V33/><F33/><W80/><G66/><T56/><D34/><U101/><E101/><V43/><F41/><W71/><G71/><T110/><D110/><U61/><E32/><V6/><F6/><N who="1" m="2665" /><E109/><V46/><F46/><W9/><G9/><AGARI ba="2,0" hai="2,7,9,36,43,44,49,52,58,72,74,75,79,83" machi="9" ten="40,8000,1" yaku="25,2,52,1,54,1" doraHai="53" who="2" fromWho="3" sc="313,0,205,0,454,86,28,-86" owari="313,11.0,205,-19.0,540,64.0,-58,-56.0" /></mjloggm>