<mjloggm ver="2.3"><GO type="169" lobby="0"/><UN n0="%E3%83%97%E3%83%AD%E3%82%AD%E3%82%B7%E3%83%BC" n1="%E3%83%88%E3%83%88%E3%83%AA%E5%85%88%E7%94%9F%31%39%E6%AD%B3" n2="%4F%4E%41%4B%41%4E" n3="%68%6F%73%69%67%61%6D%69" dan="16,18,17,16" rate="2111.54,2263.73,2217.48,2140.28" sx="M,F,M,M"/><TAIKYOKU oya="0"/><INIT seed="0,0,0,1,0,11" ten="250,250,250,250" oya="0" hai0="25,133,112,20,99,87,110,128,58,118,10,82,6" hai1="53,135,125,61,50,49,107,42,91,117,14,89,48" hai2="18,35,122,81,127,119,83,75,34,17,1,94,73" hai3="85,131,31,54,124,120,63,65,22,15,123,68,36"/><T59/><D118/><U77/><E117/><V13/><F94/><W19/><G36/><T30/><D112/><U70/><E107/><V109/><F119/><W55/><G131/><T16/><D128/><U72/><E135/><V44/><F44/><W52/><G124/><T74/><D133/><U90/><E125/><V79/><F79/><W43/><G43/><T102/><D74/><N who="2" m="28170" /><F127/><W97/><G97/><T12/><D110/><U121/><E121/><V114/><F1/><W76/><REACH who="3" step="1"/><G31/><REACH who="3" ten="250,250,250,240" step="2"/><T134/><D134/><U101/><E42/><V9/><F114/><W33/><G33/><T41/><D41/><U39/><E39/><V38/><F38/><W56/><G56/><T111/><D111/><U7/><E70/><V45/><F109/><W5/><G5/><T64/><D30/><U129/><E129/><V80/><F35/><W92/><G92/><N who="0" m="58727" /><D64/><U126/><E126/><V32/><F32/><W78/><G78/><AGARI ba="0,1" hai="6,10,12,16,20,25,58,59,78,82,87" m="58727" machi="78" ten="30,5800,0" yaku="8,1,52,1,54,1" doraHai="11" who="0" fromWho="3" sc="250,68,250,0,250,0,240,-58" /><INIT seed="0,1,0,1,4,114" ten="318,250,250,182" oya="0" hai0="120,9,37,60,63,47,76,44,54,49,62,131,31" hai1="101,32,17,116,92,128,61,97,119,100,13,85,65" hai2="71,84,4,109,58,125,22,93,72,115,104,0,42" hai3="126,82,46,56,30,24,11,99,23,75,122,5,87"/><T106/><D106/><U121/><E121/><V77/><F71/><W39/><G122/><T89/><D120/><U83/><E32/><V6/><F104/><W74/><G126/><T38/><D76/><U79/><E101/><V86/><F72/><W55/><G99/><T90/><D31/><U43/><E43/><V129/><F42/><W19/><G30/><T34/><D9/><U57/><REACH who="1" step="1"/><E128/><REACH who="1" ten="318,240,250,182" step="2"/><V88/><F129/><W53/><G74/><T111/><D34/><U73/><E73/><V95/><F115/><W70/><G75/><T69/><D131/><U68/><E68/><V36/><F125/><W81/><G70/><T135/><D69/><U48/><E48/><V130/><F130/><W20/><G39/><T16/><D37/><U134/><E134/><V96/><F36/><W35/><G35/><T27/><D135/><U33/><E33/><V117/><F109/><W14/><G23/><AGARI ba="1,1" hai="13,17,23,57,61,65,79,83,85,92,97,100,116,119" machi="23" ten="30,7700,0" yaku="1,1,7,1,52,2,53,0" doraHai="114" doraHaiUra="118" who="1" fromWho="3" sc="318,0,240,90,250,0,182,-80" /><INIT seed="1,0,0,2,2,14" ten="318,330,250,102" oya="1" hai0="110,35,90,27,82,109,128,12,33,70,97,131,63" hai1="7,89,104,64,67,62,84,127,2,106,129,76,113" hai2="75,98,32,13,117,99,108,77,115,47,10,88,48" hai3="91,126,73,39,112,78,52,120,65,68,4,87,58"/><U121/><E113/><V111/><F117/><W135/><G112/><T79/><D63/><U36/><E121/><V66/><F115/><W30/><G120/><T25/><D70/><U23/><E36/><V133/><F32/><N who="0" m="12362" /><D90/><U102/><E129/><N who="0" m="49737" /><D97/><U8/><E127/><V0/><F0/><W81/><G126/><T50/><D50/><U61/><E76/><V125/><F133/><W85/><G135/><T130/><N who="0" m="49745" /><T22/><DORA hai="29" /><D82/><U49/><E49/><V94/><F125/><W6/><G39/><T44/><D44/><U1/><E1/><V123/><F66/><W60/><G73/><T122/><D122/><U40/><E40/><V3/><F3/><W42/><G42/><T86/><D86/><U24/><E62/><V105/><F123/><W5/><G68/><T19/><D79/><U18/><E102/><V43/><F77/><W95/><REACH who="3" step="1"/><G30/><REACH who="3" ten="318,330,250,92" step="2"/><T71/><D71/><U56/><REACH who="1" step="1"/><E67/><AGARI ba="0,1" hai="4,5,6,52,58,60,65,67,78,81,85,87,91,95" machi="67" ten="40,8000,1" yaku="1,1,2,1,8,1,54,1,53,0" doraHai="14,29" doraHaiUra="38,114" who="3" fromWho="1" sc="318,0,330,-80,250,0,92,90" /><INIT seed="2,0,0,2,3,58" ten="318,250,250,182" oya="2" hai0="97,130,50,70,22,86,55,9,81,110,42,65,29" hai1="47,118,69,66,0,102,127,90,89,77,23,82,48" hai2="41,123,21,3,111,109,34,106,112,95,49,93,114" hai3="2,96,59,31,14,92,6,5,38,20,120,91,45"/><V30/><F123/><W32/><G120/><T44/><D110/><N who="2" m="41994" /><F106/><W87/><G2/><T52/><D130/><U135/><E118/><V19/><F3/><W103/><G32/><T43/><D97/><U83/><E0/><V68/><F68/><W53/><G45/><T124/><D124/><U27/><E127/><V125/><F125/><W117/><G38/><T94/><D94/><N who="2" m="35850" /><F30/><W61/><G117/><T113/><D113/><U37/><E37/><V132/><F34/><W54/><G54/><T78/><D9/><U108/><E135/><V60/><F132/><W25/><REACH who="3" step="1"/><G14/><REACH who="3" ten="318,250,250,172" step="2"/><T121/><D55/><U8/><E108/><V72/><F41/><W100/><G100/><T119/><D119/><U80/><E102/><V36/><F36/><W115/><G115/><T1/><D1/><U46/><E46/><V57/><F112/><W99/><G99/><T71/><D121/><U64/><E47/><V76/><F114/><W74/><G74/><T122/><D122/><U26/><E66/><V116/><F72/><W84/><G84/><T56/><D65/><U10/><E64/><V133/><F116/><W13/><G13/><T88/><D43/><U35/><E35/><V129/><F133/><W4/><G4/><T105/><D42/><U15/><E15/><V51/><F129/><W62/><G62/><T24/><D44/><U39/><E39/><V131/><F131/><W75/><G75/><T104/><D78/><U134/><E77/><V63/><F76/><W17/><G17/><T101/><D101/><U67/><E134/><V11/><F19/><W40/><G40/><RYUUKYOKU ba="0,1" sc="318,15,250,-15,250,-15,172,15" hai0="22,24,29,50,52,56,70,71,81,86,88,104,105" hai3="5,6,20,25,31,53,59,61,87,91,92,96,103" /><INIT seed="3,1,1,1,4,3" ten="333,235,235,187" oya="3" hai0="92,126,18,108,9,98,66,22,51,33,10,8,96" hai1="120,119,41,85,48,63,16,12,61,39,32,50,78" hai2="133,71,90,82,7,112,134,69,121,104,127,24,79" hai3="124,100,65,88,27,113,19,135,117,97,36,67,62"/><W132/><G113/><T128/><D33/><U55/><E120/><V26/><F104/><W72/><G117/><T43/><D126/><U83/><E32/><V57/><F112/><W74/><G36/><T25/><D108/><U15/><E119/><V89/><F127/><W56/><G124/><T105/><D105/><U73/><E39/><V115/><F115/><W60/><G88/><N who="2" m="33897" /><F121/><W81/><G27/><N who="2" m="10281" /><F57/><W30/><G30/><T118/><D128/><U131/><E12/><V64/><F64/><W45/><G45/><N who="0" m="26047" /><D66/><U99/><E99/><N who="0" m="37929" /><D118/><U123/><E73/><V20/><F20/><W17/><G97/><T76/><D76/><U91/><E78/><V11/><F82/><W114/><G114/><T122/><D122/><U103/><E103/><V77/><F77/><W68/><G56/><T21/><D21/><U59/><E131/><V93/><F93/><AGARI ba="1,1" hai="8,9,10,18,22,25,92,93" m="37929,26047" machi="93" ten="30,1000,0" yaku="8,1" doraHai="3" who="0" fromWho="2" sc="333,23,235,0,235,-13,187,0" /><INIT seed="4,0,0,1,4,109" ten="356,235,222,187" oya="0" hai0="85,134,123,0,38,94,111,124,132,43,13,55,89" hai1="120,78,1,51,74,61,116,117,64,82,98,3,102" hai2="129,44,29,77,54,42,26,6,126,119,67,93,133" hai3="58,75,45,47,56,127,80,115,118,79,10,32,52"/><T11/><D123/><U48/><E120/><V8/><F119/><W40/><G118/><T76/><D111/><U41/><E117/><V63/><F133/><N who="0" m="51306" /><D124/><U108/><E108/><V36/><F126/><W73/><G127/><T14/><D76/><U65/><E116/><V99/><F129/><W50/><G32/><T12/><D0/><U131/><E131/><V7/><F54/><W84/><G58/><T101/><D55/><U72/><E72/><V27/><F77/><W33/><G33/><T105/><D43/><U135/><E135/><V107/><F107/><W95/><G95/><T18/><D38/><U28/><E28/><V100/><F29/><W83/><G83/><T71/><D71/><U66/><E61/><V112/><F7/><W121/><G121/><T68/><D68/><U128/><E128/><V114/><F63/><W20/><G10/><T30/><D30/><U57/><E41/><V106/><F106/><W103/><G103/><T4/><D4/><U31/><E31/><V34/><F67/><W60/><G20/><T69/><D69/><U92/><E57/><V113/><F34/><W24/><G24/><T88/><D89/><U87/><E74/><V37/><F36/><W110/><G110/><T62/><D62/><U70/><E70/><V49/><F37/><W96/><G73/><T53/><D53/><U21/><E21/><V19/><F19/><W2/><G75/><T122/><D122/><U59/><E59/><V39/><F39/><W90/><G56/><T16/><D18/><U25/><E25/><V23/><F23/><W22/><G22/><RYUUKYOKU ba="0,0" sc="356,10,235,10,222,10,187,-30" hai0="11,12,13,14,16,85,88,94,101,105" hai1="1,3,48,51,64,65,66,78,82,87,92,98,102" hai2="6,8,26,27,42,44,49,93,99,100,112,113,114" /><INIT seed="4,1,0,0,4,9" ten="366,245,232,157" oya="0" hai0="113,55,24,5,125,126,47,117,135,134,42,100,58" hai1="73,18,38,109,44,96,36,0,70,66,25,31,32" hai2="26,120,20,17,110,21,34,90,68,6,119,28,37" hai3="104,80,49,76,129,52,43,91,35,122,98,30,16"/><T45/><D100/><U114/><E109/><V105/><F37/><W92/><G129/><T27/><D5/><U89/><E73/><V74/><F68/><W99/><G122/><T81/><D81/><U56/><E70/><V124/><F74/><W57/><G43/><T46/><D117/><U2/><E114/><V60/><F105/><W79/><G30/><T86/><D86/><U41/><E38/><V103/><F103/><W123/><G35/><T132/><D113/><U40/><E40/><V106/><F106/><W131/><G131/><T59/><D42/><U130/><E130/><V50/><F50/><W101/><G123/><T8/><D8/><U127/><E127/><N who="0" m="48649" /><D55/><U51/><E96/><V83/><F6/><W22/><REACH who="3" step="1"/><G80/><REACH who="3" ten="366,245,232,147" step="2"/><T12/><D134/><U3/><E31/><N who="2" m="17871" /><F83/><W107/><G107/><T67/><D135/><U48/><E32/><V54/><F28/><W19/><G19/><T116/><D116/><U1/><E18/><V72/><F17/><W4/><G4/><T63/><D132/><U33/><E33/><V115/><F34/><W65/><G65/><T93/><D93/><U64/><E66/><V97/><F120/><W121/><G121/><T94/><D94/><U128/><E128/><V133/><F133/><W13/><AGARI ba="1,1" hai="13,16,22,49,52,57,76,79,91,92,98,99,101,104" machi="13" ten="20,12000,2" yaku="1,1,0,1,7,1,52,1,54,2,53,0" doraHai="9" doraHaiUra="23" who="3" fromWho="3" sc="366,-61,245,-31,232,-31,147,133" /><INIT seed="5,0,0,0,2,94" ten="305,214,201,280" oya="1" hai0="1,93,20,31,104,28,89,87,75,84,109,44,57" hai1="98,88,103,100,120,73,118,106,128,131,115,29,72" hai2="50,55,36,127,91,97,105,14,40,119,61,70,101" hai3="66,83,68,121,21,53,92,85,4,7,16,12,60"/><U130/><E118/><V108/><F108/><W45/><G121/><T43/><D109/><U56/><E120/><V2/><F2/><W51/><REACH who="3" step="1"/><G92/><REACH who="3" ten="305,214,201,270" step="2"/><T77/><D104/><U34/><E115/><V134/><F105/><W27/><G27/><T30/><D1/><U35/><E106/><V69/><F119/><W86/><G86/><T23/><D75/><U81/><E73/><V18/><F134/><W64/><G64/><T15/><D84/><N who="1" m="50191" /><E72/><V125/><F125/><W47/><G47/><T59/><D44/><U90/><E128/><V52/><F127/><W123/><G123/><T48/><D87/><U79/><E130/><V58/><F70/><W63/><G63/><T62/><D62/><U10/><E131/><V111/><F111/><W41/><G41/><T38/><D43/><U67/><E67/><V113/><F113/><W76/><AGARI ba="0,1" hai="4,7,12,16,21,45,51,53,60,66,68,76,83,85" machi="76" ten="20,5200,0" yaku="1,1,0,1,7,1,54,1,53,0" doraHai="94" doraHaiUra="99" who="3" fromWho="3" sc="305,-13,214,-26,201,-13,270,62" /><INIT seed="6,0,0,4,1,123" ten="292,188,188,332" oya="2" hai0="131,12,109,93,22,38,135,8,82,125,107,102,65" hai1="100,13,86,79,76,3,58,5,87,1,15,77,94" hai2="47,119,122,40,62,104,103,106,46,29,39,7,50" hai3="41,78,128,23,51,126,42,35,43,14,115,91,34"/><V75/><F122/><W44/><G78/><T37/><D107/><U30/><E30/><V116/><F75/><W85/><G128/><T53/><D65/><U31/><E31/><V108/><F29/><W17/><G126/><T117/><D117/><U21/><E5/><V54/><F7/><W83/><REACH who="3" step="1"/><G115/><REACH who="3" ten="292,188,188,322" step="2"/><T71/><D125/><U18/><E77/><V10/><F119/><W9/><G9/><T0/><D131/><U6/><E76/><V113/><F116/><W60/><G60/><T64/><D8/><U127/><E79/><V49/><F113/><W61/><G61/><T88/><D135/><U134/><E134/><V52/><F10/><W121/><G121/><T129/><D129/><U20/><E127/><V118/><F118/><W19/><G19/><T55/><D0/><U80/><E3/><V97/><F62/><W84/><G84/><T74/><D74/><U59/><E1/><V66/><F66/><W114/><G114/><T2/><D64/><U96/><E6/><V45/><REACH who="2" step="1"/><F108/><REACH who="2" ten="292,188,178,322" step="2"/><W124/><G124/><T68/><D109/><U24/><E18/><V69/><F69/><W56/><G56/><T105/><D71/><U110/><E110/><V11/><F11/><W73/><G73/><T48/><D68/><U130/><E130/><V120/><F120/><W99/><G99/><T81/><D2/><U132/><E132/><V26/><F26/><W32/><AGARI ba="0,2" hai="14,17,23,32,34,35,41,42,43,44,51,83,85,91" machi="32" ten="30,2000,0" yaku="1,1,0,1,53,0" doraHai="123" doraHaiUra="25" who="3" fromWho="3" sc="292,-5,188,-5,178,-10,322,40" /><INIT seed="7,0,0,0,1,8" ten="287,183,168,362" oya="3" hai0="24,62,34,90,108,78,93,85,16,128,28,97,42" hai1="61,76,69,83,71,56,44,92,135,59,53,84,11" hai2="110,111,114,31,99,3,98,67,112,26,70,106,23" hai3="103,51,57,47,88,19,133,73,25,66,77,75,79"/><W81/><G133/><T50/><D108/><U14/><E135/><V58/><F3/><W12/><G103/><T36/><D128/><U29/><E29/><V124/><F124/><W101/><G101/><T2/><D2/><U130/><E130/><V21/><F70/><W35/><G73/><T0/><D0/><U49/><E92/><V120/><F120/><W72/><G72/><T129/><D36/><U40/><REACH who="1" step="1"/><E59/><REACH who="1" ten="287,173,168,362" step="2"/><V121/><F121/><W65/><G57/><T74/><D129/><U46/><E46/><V131/><F131/><W54/><G47/><T87/><D28/><U117/><E117/><V118/><F118/><W86/><G35/><T109/><D34/><U1/><E1/><V127/><F127/><W22/><G81/><T116/><D93/><U125/><E125/><V63/><F106/><W55/><G75/><T10/><D116/><U119/><E119/><V115/><F21/><W32/><G22/><T134/><D74/><U20/><E20/><V37/><F37/><W104/><G32/><T33/><D33/><U132/><E132/><V113/><N who="2" m="28672" /><DORA hai="30" /><V45/><F45/><W82/><G104/><T80/><D134/><U107/><E107/><V43/><F43/><W68/><G82/><T102/><D80/><U91/><E91/><V41/><F41/><W126/><G88/><T105/><D90/><U7/><AGARI ba="0,1" hai="7,11,14,40,44,49,53,56,61,69,71,76,83,84" machi="7" ten="20,12000,2" yaku="1,1,0,1,7,1,25,2,52,1,53,1" doraHai="8,30" doraHaiUra="9,15" who="1" fromWho="1" sc="287,-30,173,130,168,-30,362,-60" owari="257,-14.0,303,40.0,138,-36.0,302,10.0" /></mjloggm>