<mjloggm ver="2.3"><GO type="169" lobby="0"/><UN n0="%E3%83%90%E3%83%90%E3%82%A2%E3%81%AE%E6%97%A5%E5%82%98" n1="%E7%94%9F%E3%81%8D%E3%81%A6%E3%81%A6%E3%82%88%E3%81%8B%E3%81%A3%E3%81%9F" n2="%E9%BA%BB%E9%9B%80%E7%89%87%E6%83%B3%E3%81%84" n3="%E3%82%A6%E3%83%AB%E3%83%88%E3%83%A9%E7%AB%8B%E7%9B%B4" dan="17,16,16,18" rate="2187.79,2079.05,2136.18,2179.00" sx="F,M,M,M"/><TAIKYOKU oya="0"/><INIT seed="0,0,0,1,4,124" ten="250,250,250,250" oya="0" hai0="135,42,54,3,41,70,108,9,65,102,97,123,7" hai1="37,118,76,61,67,85,68,78,16,27,17,58,110" hai2="87,81,5,84,119,92,14,32,4,13,63,39,49" hai3="38,105,29,22,83,47,104,34,2,60,69,52,116"/><T6/><D123/><U115/><E118/><V50/><F39/><W62/><G2/><T30/><D135/><U74/><E37/><V72/><F32/><W8/><G34/><T95/><D7/><N who="2" m="2634" /><F72/><W45/><G8/><T64/><D108/><U130/><E115/><V57/><F92/><W127/><G38/><T121/><D121/><U44/><E110/><V24/><F24/><W80/><G22/><T66/><D70/><U51/><E74/><V107/><F107/><W125/><G29/><T40/><D30/><U122/><E122/><V75/><F75/><W134/><G69/><T99/><D99/><U21/><E68/><V55/><F87/><W56/><G56/><T90/><REACH who="0" step="1"/><D54/><REACH who="0" ten="240,250,250,250" step="2"/><U101/><E67/><V112/><F119/><W93/><G52/><T19/><D19/><U46/><E17/><V117/><F117/><W98/><G98/><T109/><D109/><U26/><E16/><V0/><F112/><W120/><G116/><T71/><D71/><U1/><E27/><V129/><F0/><W89/><G134/><T126/><D126/><U113/><E26/><V12/><F129/><W33/><G120/><T96/><D96/><U73/><E130/><V131/><F131/><W18/><G18/><T10/><D10/><U53/><E1/><V11/><F11/><W59/><G127/><T91/><AGARI ba="0,1" hai="3,6,9,40,41,42,64,65,66,90,91,95,97,102" machi="91" ten="40,3900,0" yaku="1,1,0,1,53,0" doraHai="124" doraHaiUra="31" who="0" fromWho="0" sc="240,49,250,-13,250,-13,250,-13" /><INIT seed="0,1,0,3,1,125" ten="289,237,237,237" oya="0" hai0="71,0,38,2,70,37,27,80,63,74,115,5,22" hai1="110,135,4,108,61,122,64,62,8,97,73,94,120" hai2="33,11,75,134,105,19,53,85,133,41,29,49,107" hai3="59,47,39,109,131,98,114,51,78,87,54,43,12"/><T10/><D115/><U100/><E73/><V127/><F75/><W14/><G114/><T60/><D0/><U55/><E135/><N who="2" m="51723" /><F41/><W101/><G109/><N who="1" m="42090" /><E55/><V84/><F29/><W44/><G78/><T99/><D60/><N who="1" m="23147" /><E64/><V45/><F33/><W36/><G87/><N who="2" m="33353" /><F127/><W40/><REACH who="3" step="1"/><G131/><REACH who="3" ten="289,237,237,227" step="2"/><T18/><D71/><U90/><E120/><V23/><F11/><W130/><G130/><T66/><D74/><U106/><E122/><V86/><F86/><W128/><G128/><T76/><D76/><U102/><E8/><V126/><F126/><W21/><G21/><T116/><D80/><U119/><E119/><V96/><F96/><W77/><G77/><T103/><REACH who="0" step="1"/><D116/><REACH who="0" ten="279,237,237,227" step="2"/><U46/><E97/><V89/><F89/><W9/><G9/><T6/><D6/><U123/><E4/><V20/><F20/><W121/><G121/><T118/><D118/><U93/><E90/><V16/><F19/><W42/><G42/><T28/><D28/><U72/><E123/><V31/><F31/><W56/><G56/><T113/><D113/><U83/><E72/><V95/><F16/><W112/><G112/><T92/><AGARI ba="1,2" hai="2,5,10,18,22,27,37,38,63,66,70,92,99,103" machi="92" ten="20,7800,0" yaku="1,1,0,1,7,1,53,1" doraHai="125" doraHaiUra="91" who="0" fromWho="0" sc="279,101,237,-27,237,-27,227,-27" /><INIT seed="0,2,0,2,3,109" ten="380,210,210,200" oya="0" hai0="42,102,30,112,110,104,0,53,121,49,63,96,76" hai1="106,34,9,79,111,12,57,25,39,52,59,61,131" hai2="88,124,117,70,98,36,77,128,44,73,126,5,56" hai3="22,89,94,55,62,122,29,99,13,58,26,8,97"/><T108/><D121/><U78/><E106/><V54/><F70/><W43/><G122/><T119/><D0/><U93/><E39/><V65/><F117/><W18/><G43/><T92/><D119/><U35/><E111/><N who="0" m="42537" /><D112/><U83/><E131/><V17/><F128/><W28/><REACH who="3" step="1"/><G97/><REACH who="3" ten="380,210,210,190" step="2"/><T132/><D42/><U115/><E115/><V67/><F98/><W87/><G87/><T64/><D96/><U120/><E120/><V133/><F73/><W114/><G114/><T48/><D132/><U3/><E3/><V101/><F133/><W80/><G80/><T135/><D135/><U20/><E83/><V125/><F125/><W1/><G1/><T127/><D127/><U21/><E93/><V129/><F126/><W33/><G33/><T107/><D92/><U41/><E35/><V116/><F124/><W134/><G134/><T103/><D107/><U6/><E41/><V91/><F129/><W118/><G118/><T15/><D104/><U71/><E34/><V37/><F116/><W75/><G75/><T86/><D86/><U90/><E20/><V72/><F72/><W68/><G68/><T24/><D103/><U81/><E71/><V14/><F101/><W66/><G66/><T11/><D102/><U82/><E81/><V47/><F67/><W69/><G69/><T32/><D64/><N who="1" m="38959" /><E82/><V105/><F65/><W51/><G51/><T7/><D76/><U45/><E90/><V23/><F105/><W74/><G74/><T46/><D48/><N who="1" m="28687" /><E59/><V60/><F88/><W40/><G40/><T50/><D49/><U2/><E2/><V31/><F91/><RYUUKYOKU ba="2,1" sc="380,10,210,10,210,-30,190,10" hai0="7,11,15,24,30,32,46,50,53,63" hai1="6,9,12,21,25,78,79" hai3="8,13,18,22,26,28,29,55,58,62,89,94,99" /><INIT seed="0,3,1,4,2,31" ten="390,220,180,200" oya="0" hai0="98,120,74,79,26,50,78,110,55,130,64,109,68" hai1="17,124,47,80,48,117,13,4,84,101,3,43,41" hai2="90,35,111,99,85,39,23,81,58,28,104,94,8" hai3="15,97,53,38,44,10,125,46,22,122,40,45,14"/><T73/><D120/><U126/><E117/><V61/><F111/><N who="0" m="42506" /><D64/><U129/><E129/><V62/><F39/><W131/><G131/><T19/><D68/><U108/><E108/><V24/><F104/><W135/><G125/><N who="1" m="48234" /><E101/><V0/><F0/><W7/><G135/><T87/><D98/><U118/><E3/><V93/><F93/><W33/><G122/><T27/><D87/><U32/><E32/><V82/><F82/><W20/><G33/><T92/><D92/><U59/><E59/><V51/><F8/><W132/><G132/><T56/><D130/><U107/><E4/><V76/><F35/><W36/><G97/><T95/><D95/><U113/><E107/><V63/><REACH who="2" step="1"/><F51/><REACH who="2" ten="390,220,170,200" step="2"/><W29/><G36/><T83/><D83/><U91/><E118/><V72/><F72/><W67/><G38/><T49/><D74/><U134/><E134/><V37/><F37/><W65/><G10/><T96/><D49/><U25/><E80/><V116/><F116/><W121/><G121/><T106/><D73/><U114/><E48/><V123/><F123/><W69/><G20/><T66/><D106/><U34/><E34/><V103/><F103/><W119/><G22/><T75/><D75/><U115/><E115/><V105/><F105/><W88/><G119/><T57/><D50/><U1/><E114/><V60/><F60/><W5/><G46/><T9/><D9/><U133/><E47/><V102/><F102/><W128/><G45/><T30/><D96/><U52/><E133/><V70/><F70/><W2/><G44/><T127/><D127/><U89/><E113/><RYUUKYOKU ba="3,2" sc="390,-10,220,-10,170,30,200,-10" hai2="23,24,28,58,61,62,63,76,81,85,90,94,99" /><INIT seed="1,4,2,3,1,91" ten="380,210,200,190" oya="1" hai0="130,25,135,82,61,54,116,59,26,107,74,124,15" hai1="76,105,64,8,48,40,44,45,50,110,34,49,100" hai2="71,4,119,93,113,51,47,128,41,66,60,22,56" hai3="98,108,94,67,115,72,132,13,27,90,120,37,58"/><U109/><E34/><V12/><F119/><W38/><G120/><T75/><D116/><U121/><E76/><V81/><F128/><W19/><G115/><T127/><D130/><U35/><E35/><V86/><F113/><W126/><G72/><T2/><D2/><U17/><E121/><V11/><F22/><W103/><G108/><N who="1" m="41578" /><E64/><V62/><F62/><W129/><G129/><T114/><D135/><U42/><E100/><V57/><REACH who="2" step="1"/><F93/><REACH who="2" ten="380,210,190,190" step="2"/><W112/><G112/><T3/><D114/><U99/><E105/><V92/><F92/><W78/><G132/><T39/><D107/><U18/><E99/><V88/><AGARI ba="4,3" hai="4,11,12,41,47,51,56,57,60,66,71,81,86,88" machi="88" ten="20,5200,0" yaku="1,1,0,1,7,1,54,1,53,0" doraHai="91" doraHaiUra="111" who="2" fromWho="2" sc="380,-17,210,-30,190,94,190,-17" /><INIT seed="2,0,0,5,0,122" ten="363,180,284,173" oya="2" hai0="81,101,2,27,112,78,24,38,70,62,45,11,30" hai1="109,98,20,74,9,100,114,12,49,34,79,90,17" hai2="89,3,106,88,6,51,82,85,56,77,104,118,124" hai3="108,37,120,35,73,13,76,67,115,21,25,47,0"/><V131/><F3/><W68/><G21/><T119/><D112/><U94/><E34/><V18/><F6/><W44/><G13/><T86/><D101/><U42/><E114/><V117/><F18/><W46/><G47/><T113/><D24/><U97/><E109/><V71/><F51/><W29/><G46/><T57/><D70/><U64/><E64/><V102/><F56/><W53/><G53/><T61/><D61/><U92/><E42/><V16/><F16/><W28/><G28/><T43/><D119/><N who="2" m="45578" /><F71/><W26/><G26/><T63/><D113/><U110/><E110/><V125/><F131/><W4/><G115/><T32/><REACH who="0" step="1"/><D57/><REACH who="0" ten="353,180,284,173" step="2"/><U95/><E100/><V31/><F31/><W128/><G128/><T111/><D111/><U66/><E66/><V54/><F102/><W126/><G108/><T127/><D127/><N who="2" m="48714" /><F54/><W116/><G126/><T69/><D69/><U50/><E20/><V39/><F39/><W96/><G37/><T15/><D15/><U105/><E12/><V1/><F1/><W75/><G0/><T36/><D36/><U123/><E49/><V72/><F89/><W5/><G67/><T7/><AGARI ba="0,1" hai="2,7,11,27,30,32,38,43,45,62,63,78,81,86" machi="7" ten="30,7900,0" yaku="1,1,0,1,53,2" doraHai="122" doraHaiUra="58" who="0" fromWho="0" sc="353,89,180,-20,284,-39,173,-20" /><INIT seed="3,0,0,3,4,120" ten="442,160,245,153" oya="3" hai0="79,43,103,16,89,119,30,125,83,68,90,11,25" hai1="3,54,20,135,56,74,31,24,14,10,134,71,64" hai2="109,84,50,60,116,105,63,96,102,81,35,69,47" hai3="118,92,124,78,5,57,42,8,93,76,55,13,75"/><W67/><G118/><T51/><D68/><U87/><E74/><V132/><F132/><N who="1" m="50729" /><E87/><V104/><F104/><W99/><G124/><T126/><D103/><U70/><E64/><V113/><F113/><W94/><G67/><T15/><D119/><U49/><E3/><V91/><F69/><W133/><G133/><T39/><D39/><U128/><E128/><V117/><F35/><W80/><G42/><T32/><D43/><U52/><E54/><V44/><F44/><W33/><G33/><T98/><D51/><U112/><E112/><V12/><F116/><W77/><REACH who="3" step="1"/><G99/><REACH who="3" ten="442,160,245,143" step="2"/><T88/><REACH who="0" step="1"/><D98/><REACH who="0" ten="432,160,245,143" step="2"/><U1/><E71/><V97/><F96/><W53/><G53/><T122/><D122/><U46/><E70/><V2/><F97/><W4/><G4/><T28/><D28/><U9/><E52/><V18/><F117/><W36/><G36/><T37/><D37/><U19/><E31/><V22/><F102/><W26/><G26/><T17/><D17/><U123/><E123/><V121/><F18/><W127/><G127/><T40/><D40/><U45/><E24/><V129/><F121/><W59/><G59/><T95/><D95/><U29/><E56/><V61/><F105/><W101/><G101/><T21/><D21/><U48/><E29/><V7/><F22/><W114/><G114/><T82/><D82/><U115/><E20/><V111/><F81/><W131/><G131/><T130/><D130/><U85/><E115/><V23/><F129/><W66/><G66/><T58/><D58/><U0/><E19/><V86/><F23/><W34/><G34/><RYUUKYOKU ba="0,2" sc="432,15,160,-15,245,-15,143,15" hai0="11,15,16,25,30,32,79,83,88,89,90,125,126" hai3="5,8,13,55,57,75,76,77,78,80,92,93,94" /><INIT seed="3,1,2,2,2,23" ten="447,145,230,158" oya="3" hai0="77,29,115,22,88,110,59,44,19,107,130,120,33" hai1="46,9,126,49,102,81,95,108,78,53,90,20,89" hai2="122,31,121,128,127,26,28,52,16,1,66,6,117" hai3="65,93,5,45,103,109,134,92,96,24,62,25,43"/><W132/><G5/><T124/><D107/><U48/><E108/><V34/><F117/><W14/><G14/><T116/><D120/><N who="2" m="46186" /><F66/><W11/><G11/><T75/><D116/><U79/><E126/><V69/><F69/><W30/><G93/><T135/><D124/><U100/><E9/><N who="2" m="2255" /><F127/><W119/><G119/><T57/><D29/><U67/><E67/><V50/><F128/><W56/><G109/><T7/><D77/><U40/><E20/><N who="2" m="13575" /><F34/><W55/><G65/><T76/><D33/><U42/><E53/><V0/><F0/><W105/><G105/><T112/><D110/><U2/><E2/><V133/><F133/><N who="3" m="51307" /><G30/><T4/><D135/><U97/><E102/><V13/><F13/><W68/><G68/><T63/><D130/><U94/><E100/><V85/><F85/><W74/><G74/><T87/><D75/><U15/><E15/><V91/><F91/><W98/><G98/><T54/><D88/><U35/><E35/><V111/><F111/><W64/><G64/><T114/><D4/><U37/><E97/><V61/><F61/><W106/><G106/><T47/><D7/><U131/><E131/><V70/><F70/><W32/><G32/><T71/><D71/><U8/><E89/><V58/><AGARI ba="1,2" hai="28,31,50,52,58" m="13575,2255,46186" machi="58" ten="30,7900,0" yaku="13,1,52,1,54,2" doraHai="23" who="2" fromWho="2" sc="447,-21,145,-21,230,102,158,-40" /><INIT seed="4,0,0,5,5,35" ten="426,124,332,118" oya="0" hai0="128,15,56,95,106,2,79,97,55,103,114,67,11" hai1="122,14,108,129,94,48,19,68,13,31,43,71,118" hai2="16,4,8,126,37,127,34,73,88,98,0,76,53" hai3="61,70,30,50,120,82,72,18,104,57,24,78,64"/><T49/><D114/><U27/><E108/><V86/><F34/><W60/><G120/><T32/><D32/><U1/><E94/><V89/><F37/><W36/><G36/><T65/><D128/><U29/><E48/><V101/><F73/><W17/><G104/><T107/><D2/><U33/><E43/><V51/><F76/><W121/><G50/><T25/><D79/><U62/><E62/><V41/><F41/><W5/><G5/><T116/><D116/><U85/><E85/><V131/><F131/><W52/><G121/><T130/><D130/><U134/><E129/><V90/><F86/><W113/><G113/><T110/><D25/><U84/><E84/><V124/><F16/><W133/><G133/><T109/><D106/><U75/><E33/><AGARI ba="0,0" hai="17,18,24,30,33,52,57,60,61,64,70,72,78,82" machi="33" ten="30,2000,0" yaku="7,1,54,1" doraHai="35" who="3" fromWho="1" sc="426,0,124,-20,332,0,118,20" /><INIT seed="5,0,0,3,3,48" ten="426,104,332,138" oya="1" hai0="120,0,3,13,51,126,86,6,35,57,114,94,104" hai1="69,33,23,1,93,52,82,77,67,20,22,60,102" hai2="135,98,44,123,109,113,39,21,16,125,4,11,50" hai3="68,28,18,124,105,99,116,79,122,40,5,31,85"/><U133/><E33/><V110/><F39/><W70/><G85/><T32/><D104/><U72/><E1/><V112/><F123/><W30/><G18/><T29/><D35/><U78/><E78/><V87/><F98/><W73/><G40/><T64/><D32/><U83/><E83/><V129/><F129/><W90/><G5/><T65/><D29/><U88/><E102/><V119/><F87/><W41/><G90/><T108/><D0/><U115/><E115/><N who="2" m="44107" /><F135/><W80/><G41/><T12/><D3/><U92/><E133/><V134/><F125/><W15/><G15/><T43/><D94/><U107/><E107/><V25/><F134/><W128/><G122/><T38/><D38/><U7/><E7/><V58/><F58/><W103/><G128/><T89/><D6/><U97/><E93/><V100/><F100/><W55/><G124/><T8/><D126/><U47/><REACH who="1" step="1"/><E20/><REACH who="1" ten="426,94,332,138" step="2"/><V121/><F121/><W127/><G127/><T54/><D120/><U24/><E24/><V26/><F26/><W71/><G116/><T46/><D114/><U42/><E42/><N who="2" m="24855" /><F119/><W132/><G132/><T19/><D43/><U17/><E17/><V76/><F76/><W91/><G91/><T62/><D89/><U9/><E9/><V106/><F106/><W2/><G2/><AGARI ba="0,1" hai="2,4,11,16,21,25,109,110" m="24855,44107" machi="2" ten="30,3900,0" yaku="15,1,11,1,54,1" doraHai="48" who="2" fromWho="3" sc="426,0,94,0,332,49,138,-39" /><INIT seed="6,0,0,2,5,65" ten="426,94,381,99" oya="2" hai0="90,76,85,135,119,34,17,44,111,28,99,55,87" hai1="121,15,2,48,86,1,64,88,105,98,37,29,84" hai2="63,67,127,53,132,91,116,81,107,58,109,74,4" hai3="26,25,93,133,23,106,71,96,79,97,115,32,110"/><V101/><F116/><W10/><G110/><T94/><D111/><U103/><E37/><V51/><F109/><W78/><G133/><T21/><D34/><U0/><E121/><V104/><F127/><W8/><G106/><T41/><D135/><U60/><E29/><V75/><F132/><W50/><G93/><T73/><D28/><U118/><E118/><V5/><F101/><W43/><G23/><T77/><D55/><U33/><E33/><V16/><F75/><W123/><G32/><T40/><D119/><U42/><E15/><V46/><F107/><W69/><G50/><T134/><D134/><U27/><E27/><N who="3" m="10250" /><G43/><T125/><D125/><U20/><E20/><V114/><F74/><W7/><G7/><T129/><D129/><U36/><E36/><V11/><F104/><W95/><G95/><T6/><D6/><U18/><E18/><V13/><F114/><W52/><G52/><T39/><D41/><U89/><E48/><V124/><F124/><W57/><G57/><T31/><D31/><U62/><E42/><V72/><F72/><W83/><G115/><T130/><D130/><U9/><E9/><N who="3" m="3690" /><G123/><T54/><D54/><U102/><E102/><V19/><F19/><W3/><G3/><T128/><D128/><U22/><E22/><V117/><F117/><W92/><G92/><T61/><D73/><U80/><E64/><V24/><F24/><W14/><G14/><N who="0" m="9399" /><D61/><U66/><E66/><V35/><F35/><W68/><G83/><AGARI ba="0,0" hai="0,1,2,60,62,80,83,84,86,88,89,98,103,105" machi="83" ten="40,2600,0" yaku="9,1,54,1" doraHai="65" who="1" fromWho="3" sc="426,0,94,26,381,0,99,-26" /><INIT seed="7,0,0,4,5,65" ten="426,120,381,73" oya="3" hai0="86,20,66,134,1,3,93,7,126,43,12,53,112" hai1="8,95,0,44,16,51,13,54,2,80,108,37,64" hai2="131,27,71,109,124,129,121,21,106,55,32,49,50" hai3="94,22,127,115,4,78,68,28,103,79,114,35,102"/><W63/><G35/><T61/><D43/><U130/><E108/><V59/><F109/><W76/><G4/><T5/><D5/><U72/><E37/><V101/><F32/><W18/><G28/><T107/><D107/><U45/><E45/><V17/><F106/><W84/><G127/><T74/><D74/><U11/><E11/><V58/><F101/><W67/><G84/><T34/><D34/><U48/><E48/><V75/><F75/><W128/><G128/><N who="2" m="49225" /><F124/><W118/><G118/><T15/><D15/><U52/><E54/><N who="2" m="32079" /><F121/><W113/><REACH who="3" step="1"/><G94/><REACH who="3" ten="426,120,381,63" step="2"/><T99/><D93/><U23/><E130/><V47/><F47/><W125/><G125/><T9/><D126/><U120/><E120/><V60/><F50/><W97/><G97/><T29/><D99/><U132/><E95/><V119/><F119/><W88/><G88/><T110/><D110/><U25/><E72/><V87/><F87/><W69/><G69/><AGARI ba="0,1" hai="17,21,27,55,59,60,69,71" m="32079,49225" machi="69" ten="30,3900,0" yaku="19,1,52,2" doraHai="65" who="2" fromWho="3" sc="426,0,120,0,381,49,63,-39" owari="426,23.0,120,-28.0,430,53.0,24,-48.0" /></mjloggm>