<mjloggm ver="2.3"><GO type="169" lobby="0"/><UN n0="%E3%81%84%E3%81%91%E3%81%9F%E3%82%93" n1="%E3%83%94%E3%82%B3%E3%83%9E%E3%82%B9%E3%83%86%E3%82%A3%E3%83%95" n2="%E3%82%A6%E3%83%AB%E3%83%88%E3%83%A9%E7%AB%8B%E7%9B%B4" n3="%E2%99%AA%E3%82%A6%E3%82%B5%E3%82%AE%E2%99%AA" dan="17,18,18,16" rate="2146.26,2252.95,2195.85,2107.21" sx="M,M,M,F"/><TAIKYOKU oya="0"/><INIT seed="0,0,0,0,4,70" ten="250,250,250,250" oya="0" hai0="81,35,37,60,31,74,91,109,71,128,73,123,52" hai1="57,100,85,66,79,83,95,125,98,78,122,48,25" hai2="96,53,114,82,36,121,93,5,34,16,116,46,117" hai3="105,92,99,19,13,118,58,51,28,62,41,6,0"/><T64/><D123/><U61/><E125/><V76/><F34/><W103/><G118/><N who="2" m="45673" /><F5/><W39/><G39/><T134/><D134/><U49/><E122/><V44/><F114/><W26/><G0/><T32/><D128/><U101/><E79/><V15/><F53/><W126/><G126/><T55/><D37/><U113/><E113/><V129/><F129/><W77/><G77/><T30/><D91/><U45/><E101/><N who="2" m="60559" /><F36/><W27/><G6/><T102/><D109/><U127/><E127/><V88/><F121/><W84/><G84/><T106/><D81/><U86/><E86/><N who="2" m="50263" /><F76/><W97/><G41/><T111/><D111/><U68/><E68/><V2/><F2/><W131/><G131/><T23/><D23/><AGARI ba="0,0" hai="15,16,23,44,46" m="50263,60559,45673" machi="23" ten="30,3900,0" yaku="12,1,54,2" doraHai="70" who="2" fromWho="0" sc="250,-39,250,0,250,39,250,0" /><INIT seed="1,0,0,0,4,117" ten="211,250,289,250" oya="1" hai0="10,124,86,36,85,65,79,120,57,107,123,52,125" hai1="108,11,48,71,133,115,83,67,73,56,92,129,51" hai2="70,49,39,18,5,97,68,17,38,4,34,76,94" hai3="61,82,113,30,106,29,32,116,50,23,13,2,89"/><U9/><E115/><V44/><F76/><W93/><G106/><T46/><D65/><U45/><E71/><V109/><F49/><W75/><G113/><T88/><D107/><U14/><E129/><V87/><F94/><W77/><G2/><T119/><D119/><U112/><E112/><V33/><F87/><W47/><G61/><T28/><D28/><U114/><E114/><V100/><F44/><W126/><G126/><N who="0" m="48747" /><D10/><U101/><E133/><V40/><F40/><W20/><G116/><T12/><D12/><U19/><E108/><V78/><F78/><W15/><G32/><T53/><D79/><U7/><E73/><V16/><F97/><W128/><G128/><T24/><D24/><U98/><E83/><V74/><F100/><W127/><G127/><T72/><D72/><U62/><REACH who="1" step="1"/><E45/><REACH who="1" ten="211,240,289,250" step="2"/><V31/><F74/><W90/><G75/><T104/><D104/><U42/><E42/><V37/><F109/><W43/><G82/><N who="0" m="49207" /><D86/><U26/><E26/><V95/><F95/><W3/><G93/><T131/><D131/><U81/><E81/><V59/><F70/><W118/><G118/><T134/><D134/><U1/><AGARI ba="0,1" hai="1,7,9,11,14,19,48,51,56,62,67,92,98,101" machi="1" ten="20,3900,0" yaku="1,1,0,1,7,1,53,0" doraHai="117" doraHaiUra="41" who="1" fromWho="1" sc="211,-13,240,49,289,-13,250,-13" /><INIT seed="1,1,0,3,2,48" ten="198,289,276,237" oya="1" hai0="74,80,113,77,12,20,91,51,108,62,94,21,53" hai1="25,37,23,7,36,107,1,54,27,99,34,105,65" hai2="11,123,58,24,66,83,31,93,22,95,132,44,18" hai3="2,56,35,17,61,98,68,109,104,26,129,49,121"/><U89/><E65/><V120/><F132/><W29/><G121/><T28/><D108/><U125/><E125/><V97/><F83/><W40/><G109/><T16/><D113/><U0/><E34/><V112/><F112/><W73/><G73/><T111/><D111/><U90/><E7/><V9/><F95/><W70/><G129/><T39/><D62/><U88/><E99/><V10/><F44/><W119/><G119/><T92/><D39/><N who="1" m="14923" /><E23/><V64/><F64/><W79/><G79/><T102/><D102/><U5/><E5/><V13/><F123/><W55/><G2/><N who="1" m="1130" /><E54/><V124/><F124/><W87/><G87/><T30/><D21/><U47/><E47/><V127/><F127/><W69/><G17/><T76/><D76/><U114/><E114/><V38/><F38/><W115/><G115/><T118/><D118/><U43/><E43/><V33/><F120/><W135/><G40/><T15/><D15/><U126/><E126/><V78/><F78/><W67/><G135/><T85/><REACH who="0" step="1"/><D94/><REACH who="0" ten="188,289,276,237" step="2"/><U41/><E41/><V103/><F33/><W19/><G19/><T50/><D50/><U110/><E110/><V131/><F131/><W14/><G14/><T3/><D3/><U86/><E86/><V122/><F122/><W46/><G46/><AGARI ba="1,1" hai="12,16,20,28,30,46,51,53,74,77,80,85,91,92" machi="46" ten="30,8000,1" yaku="1,1,7,1,52,1,54,1,53,1" doraHai="48" doraHaiUra="72" who="0" fromWho="3" sc="188,93,289,0,276,0,237,-83" /><INIT seed="2,0,0,1,0,41" ten="281,289,276,154" oya="2" hai0="20,29,28,105,78,103,120,80,101,58,17,87,10" hai1="115,68,8,89,6,67,57,100,127,44,111,108,88" hai2="35,69,97,81,36,9,74,12,4,117,16,134,53" hai3="135,59,116,34,27,51,76,15,24,45,63,119,1"/><V77/><F117/><W38/><G1/><T30/><D120/><U7/><E115/><V104/><F134/><W73/><G135/><T50/><D10/><U79/><E68/><V82/><F35/><W107/><G107/><T118/><D105/><U110/><E127/><V126/><F126/><W123/><G123/><T72/><D72/><U93/><E79/><V121/><F121/><W131/><G38/><T95/><D118/><U60/><E100/><V49/><F36/><W22/><G131/><T40/><D95/><U113/><E113/><V66/><F82/><W48/><G15/><N who="0" m="9279" /><D40/><U32/><E32/><V0/><F97/><W56/><G34/><T109/><D109/><U94/><E44/><V31/><F31/><W5/><G5/><T46/><D46/><U85/><REACH who="1" step="1"/><E8/><REACH who="1" ten="281,279,276,154" step="2"/><V91/><F91/><W129/><G76/><T61/><D50/><U14/><E14/><V122/><F122/><W18/><G45/><T65/><AGARI ba="0,1" hai="28,29,30,58,61,65,78,80,87,101,103" m="9279" machi="65" ten="30,1100,0" yaku="8,1" doraHai="41" who="0" fromWho="0" sc="281,21,279,-3,276,-5,154,-3" /><INIT seed="3,0,0,0,4,59" ten="302,276,271,151" oya="3" hai0="55,66,88,12,105,96,65,120,110,3,101,47,38" hai1="10,90,49,36,92,23,127,84,132,82,89,8,62" hai2="25,131,102,116,71,60,5,56,85,22,93,11,106" hai3="29,81,2,126,103,109,115,83,98,34,70,52,45"/><W0/><G115/><T41/><D3/><U6/><E36/><V91/><F71/><W78/><G126/><T42/><D120/><U46/><E127/><V35/><F35/><W128/><G128/><T77/><D77/><U111/><E111/><V118/><F131/><W51/><G109/><T73/><D73/><U9/><E132/><V87/><F87/><W67/><G81/><T104/><D104/><U95/><E23/><V40/><F40/><W18/><G18/><T26/><D42/><U99/><E62/><V27/><F102/><W1/><G29/><T37/><D37/><U112/><E112/><V28/><F106/><W69/><G34/><T50/><D12/><U97/><E6/><V32/><F27/><W100/><G100/><T39/><D39/><U7/><E7/><V130/><F32/><W86/><REACH who="3" step="1"/><G67/><REACH who="3" ten="302,276,271,141" step="2"/><T58/><D110/><U123/><E123/><V74/><F130/><W133/><G133/><T61/><D65/><U119/><E119/><V63/><F118/><W79/><G79/><T75/><D66/><U54/><E8/><V76/><F116/><W14/><G14/><T68/><D101/><AGARI ba="0,1" hai="9,10,46,49,54,82,84,89,90,92,95,97,99,101" machi="101" ten="30,2000,0" yaku="7,1,8,1" doraHai="59" who="1" fromWho="0" sc="302,-20,276,30,271,0,141,0" /><INIT seed="4,0,0,4,3,99" ten="282,306,271,141" oya="0" hai0="34,11,3,25,23,36,55,27,91,1,119,90,128" hai1="120,18,110,41,135,129,95,49,7,86,121,4,89" hai2="53,63,39,62,19,22,9,85,111,83,117,13,106" hai3="16,80,54,29,97,10,38,44,112,59,77,57,84"/><T108/><D119/><U2/><E110/><V76/><F111/><W35/><G112/><T56/><D108/><U75/><E75/><V82/><F39/><W132/><G132/><T48/><D36/><U113/><E135/><V131/><F131/><W0/><G0/><T109/><D128/><U30/><E129/><V15/><F106/><W60/><G35/><T17/><D109/><U101/><E30/><V133/><F117/><W8/><G29/><T58/><D34/><U28/><E28/><V96/><F133/><W107/><G59/><T122/><D122/><U71/><E71/><V50/><F96/><W65/><G38/><T79/><D79/><U24/><E2/><V51/><F83/><W100/><G44/><T118/><D118/><U92/><E113/><V5/><REACH who="2" step="1"/><F50/><REACH who="2" ten="282,306,261,141" step="2"/><W134/><G134/><T125/><D48/><U32/><E121/><V33/><F33/><W81/><G80/><T64/><D125/><U14/><E120/><V115/><F115/><W45/><G45/><AGARI ba="0,1" hai="5,9,13,15,19,22,45,51,53,62,63,76,82,85" machi="45" ten="30,3900,0" yaku="1,1,7,1,8,1,53,0" doraHai="99" doraHaiUra="124" who="2" fromWho="3" sc="282,0,306,0,261,49,141,-39" /><INIT seed="5,0,0,0,0,122" ten="282,306,310,102" oya="1" hai0="64,118,26,128,65,119,2,56,116,12,113,91,109" hai1="6,105,61,115,38,134,34,13,17,45,39,49,80" hai2="79,112,11,123,121,27,44,108,85,94,57,54,83" hai3="107,86,127,53,84,96,72,81,0,132,42,15,67"/><U126/><E105/><V19/><F108/><W133/><G0/><T60/><D2/><U135/><E34/><V29/><F112/><W129/><G67/><T117/><D109/><U41/><E6/><V1/><F44/><W98/><G42/><T46/><D113/><U99/><E115/><V103/><F103/><W40/><G40/><T50/><D12/><U69/><E99/><V77/><F77/><W3/><G3/><T114/><D114/><U28/><E28/><V25/><F94/><W7/><G53/><N who="0" m="33807" /><D91/><U120/><E80/><V47/><F47/><W106/><G15/><T71/><D26/><U62/><E17/><V23/><F1/><W73/><G7/><T102/><D102/><U82/><E82/><V20/><REACH who="2" step="1"/><F11/><REACH who="2" ten="282,306,300,102" step="2"/><W21/><G81/><T5/><D118/><U90/><E45/><V63/><AGARI ba="0,1" hai="19,20,23,25,27,29,54,57,63,79,83,85,121,123" machi="63" ten="20,5200,0" yaku="1,1,2,1,0,1,7,1,53,0" doraHai="122" doraHaiUra="104" who="2" fromWho="2" sc="282,-13,306,-26,300,62,102,-13" /><INIT seed="6,0,0,2,2,103" ten="269,280,362,89" oya="2" hai0="99,94,44,65,95,126,127,54,81,16,38,121,34" hai1="90,49,56,5,70,101,77,40,119,109,22,83,112" hai2="53,122,107,89,29,1,24,55,33,96,84,105,110" hai3="63,37,17,78,134,74,108,91,18,48,45,42,86"/><V69/><F69/><W117/><G108/><T114/><D121/><U113/><E70/><V97/><F1/><W9/><G134/><T68/><D34/><U7/><E109/><V59/><F122/><W60/><G117/><T76/><D114/><N who="1" m="44139" /><E119/><V106/><F110/><W46/><G74/><T0/><D0/><U14/><E90/><V31/><F31/><W79/><G18/><T52/><D65/><U23/><E101/><V133/><F133/><W116/><G116/><T71/><D38/><U21/><E14/><V100/><F97/><W26/><G79/><T2/><D2/><U123/><E123/><V13/><F13/><W66/><G78/><T73/><D71/><U80/><E56/><V36/><F36/><W75/><G66/><T130/><D68/><U10/><E10/><V118/><F118/><W82/><G75/><T131/><D44/><N who="1" m="25735" /><E83/><V8/><F8/><W111/><G111/><T88/><D94/><U25/><E25/><V104/><F59/><W12/><REACH who="3" step="1"/><G26/><REACH who="3" ten="269,280,362,79" step="2"/><T20/><D130/><U98/><E77/><V27/><F27/><W47/><G47/><T51/><D131/><U4/><E4/><V32/><F32/><W15/><G15/><T93/><D73/><U30/><E5/><V3/><F3/><W62/><G62/><T115/><D115/><U43/><E7/><V28/><F28/><W50/><G50/><T124/><D51/><U61/><E30/><V87/><F29/><W35/><G35/><T39/><D39/><U92/><E61/><V102/><F33/><W11/><G11/><T58/><D76/><U120/><E120/><RYUUKYOKU ba="0,1" sc="269,-10,280,-10,362,-10,79,30" hai3="9,12,17,37,42,45,46,48,60,63,82,86,91" /><INIT seed="7,1,1,3,2,43" ten="259,270,352,109" oya="3" hai0="27,84,135,126,9,48,36,30,128,112,40,92,110" hai1="72,8,100,14,125,133,127,103,38,117,81,55,109" hai2="66,0,5,33,1,71,61,45,32,54,11,59,50" hai3="68,89,7,25,96,86,49,46,69,83,17,20,85"/><W63/><G7/><T122/><D92/><U93/><E109/><V34/><REACH who="2" step="1"/><F0/><REACH who="2" ten="259,270,342,109" step="2"/><W90/><G96/><T132/><D110/><U35/><E117/><V22/><F22/><W44/><G63/><T88/><D122/><U4/><E35/><V80/><F80/><W130/><G130/><T56/><D128/><U105/><E127/><V67/><F67/><W64/><G64/><T111/><D111/><U101/><E81/><V114/><F114/><W53/><G46/><AGARI ba="1,2" hai="1,5,11,32,33,34,45,46,50,54,59,61,66,71" machi="46" ten="40,8000,1" yaku="21,2,52,2,53,1" doraHai="43" doraHaiUra="58" who="2" fromWho="3" sc="259,0,270,0,342,103,109,-83" owari="259,-14.0,270,7.0,445,54.0,26,-47.0" /></mjloggm>