<mjloggm ver="2.3"><GO type="169" lobby="0"/><UN n0="%E3%83%8B%E3%83%A3%E3%83%83%E3%83%94%E3%83%BC%E5%A4%8F%E7%9B%AE" n1="%E3%82%A6%E3%83%AB%E3%83%88%E3%83%A9%E7%AB%8B%E7%9B%B4" n2="%CE%BC%E3%81%97%E3%82%82%E3%81%A7" n3="%67%6F%69%73%75%62%61%69" dan="18,17,16,16" rate="2250.48,2231.53,2132.11,2158.05" sx="M,M,M,M"/><TAIKYOKU oya="0"/><INIT seed="0,0,0,0,5,89" ten="250,250,250,250" oya="0" hai0="61,100,124,72,111,75,66,118,45,123,25,70,17" hai1="51,10,36,83,84,78,6,19,4,110,64,37,91" hai2="23,40,27,50,97,80,73,117,115,5,129,53,113" hai3="28,32,26,41,107,56,74,59,34,94,106,2,46"/><T116/><D123/><U133/><E110/><V96/><F117/><W132/><G74/><T30/><D17/><U95/><E133/><V92/><F129/><W88/><G2/><T52/><D124/><U39/><E64/><V86/><F73/><W131/><G34/><T38/><D100/><U134/><E134/><V55/><F5/><W62/><G132/><T16/><D16/><U108/><E108/><V90/><F97/><W20/><G32/><T104/><D104/><U48/><E19/><N who="2" m="12799" /><F115/><W63/><G59/><T128/><D111/><U103/><E103/><N who="2" m="60807" /><F113/><W68/><G68/><T18/><D18/><U29/><E29/><V33/><F33/><W77/><G63/><T42/><D75/><U35/><E35/><V8/><F8/><W21/><G77/><T101/><D72/><U85/><REACH who="1" step="1"/><E4/><REACH who="1" ten="250,240,250,250" step="2"/><V109/><F109/><W126/><G126/><T14/><D30/><U12/><AGARI ba="0,1" hai="6,10,12,36,37,39,48,51,78,83,84,85,91,95" machi="12" ten="30,7900,0" yaku="1,1,2,1,0,1,52,1,53,0" doraHai="89" doraHaiUra="65" who="1" fromWho="1" sc="250,-39,240,89,250,-20,250,-20" /><INIT seed="1,0,0,4,4,35" ten="211,329,230,230" oya="1" hai0="3,77,118,103,52,86,54,6,85,9,24,81,34" hai1="82,66,122,135,129,10,134,22,80,123,83,12,39" hai2="92,29,69,73,105,37,51,57,36,30,28,119,133" hai3="33,109,67,19,25,131,104,125,13,99,120,4,5"/><U60/><E39/><V14/><F119/><W113/><G120/><T74/><D118/><U17/><E129/><V76/><F105/><W98/><G113/><T108/><D108/><U41/><E41/><V27/><F69/><W47/><G109/><T128/><D128/><U110/><E110/><V42/><F133/><N who="1" m="50697" /><E22/><V65/><F27/><W45/><G125/><T79/><D103/><U20/><E20/><V130/><F130/><W115/><G115/><T59/><D79/><U72/><E72/><V88/><F14/><W75/><G75/><T38/><D38/><U102/><E102/><V107/><F107/><W55/><G67/><T26/><D54/><U97/><E97/><V63/><F76/><W62/><G104/><T106/><D106/><U94/><E94/><V43/><F73/><W8/><G98/><T71/><D71/><AGARI ba="0,0" hai="10,12,17,60,66,71,80,82,83,122,123" m="50697" machi="71" ten="30,1500,0" yaku="20,1" doraHai="35" who="1" fromWho="0" sc="211,-15,329,15,230,0,230,0" /><INIT seed="1,1,0,3,5,27" ten="196,344,230,230" oya="1" hai0="0,128,76,17,13,12,116,108,98,74,48,7,10" hai1="58,112,87,91,135,39,23,60,102,81,121,110,83" hai2="100,20,73,127,75,32,109,96,34,43,36,90,130" hai3="54,59,6,9,132,129,124,50,14,89,18,65,28"/><U66/><E121/><V51/><F36/><W64/><G124/><T103/><D116/><U45/><E112/><V80/><F127/><W47/><G129/><T56/><D128/><U31/><E135/><V106/><F130/><W88/><G132/><T37/><D37/><U30/><E110/><V115/><F115/><W19/><G28/><N who="1" m="10794" /><E39/><V120/><F120/><W22/><G19/><T72/><D0/><U82/><E102/><V118/><F118/><W123/><G123/><T97/><D108/><U105/><E105/><V104/><F104/><W41/><G65/><T78/><D74/><U44/><E23/><V131/><F131/><W111/><G64/><T11/><D72/><U46/><AGARI ba="1,0" hai="44,45,46,58,60,66,81,82,83,87,91" m="10794" machi="46" ten="30,11700,0" yaku="8,1,52,3" doraHai="27" who="1" fromWho="1" sc="196,-40,344,120,230,-40,230,-40" /><INIT seed="1,2,0,0,5,77" ten="156,464,190,190" oya="1" hai0="58,116,103,15,64,111,73,129,28,17,122,40,130" hai1="100,80,99,79,96,105,30,14,19,78,110,21,60" hai2="72,95,94,23,5,91,84,66,2,114,49,69,101" hai3="88,115,126,62,4,6,46,63,16,106,134,97,89"/><U86/><E110/><V85/><F114/><W87/><G115/><T9/><D116/><U42/><E42/><V41/><F72/><W44/><G126/><T61/><D111/><U56/><E99/><V121/><F121/><W107/><G134/><T135/><D135/><U3/><E3/><V27/><F69/><W128/><G97/><T113/><D113/><U81/><E30/><V59/><F2/><W90/><G128/><T74/><D122/><U36/><E36/><V20/><F5/><W43/><G87/><T104/><D40/><U33/><E33/><V51/><F41/><W13/><G43/><T68/><D68/><U47/><E47/><N who="3" m="17962" /><G107/><T12/><D28/><U70/><E70/><V55/><F66/><W76/><G76/><T133/><D133/><U38/><E38/><V57/><F101/><W53/><G106/><T127/><D127/><U50/><E50/><V25/><F91/><W67/><G67/><T102/><D104/><U75/><REACH who="1" step="1"/><E60/><REACH who="1" ten="156,454,190,190" step="2"/><V112/><F112/><W31/><G31/><T124/><D124/><U82/><E82/><V0/><F0/><W131/><G63/><T132/><D132/><U32/><E32/><V35/><F35/><W8/><G131/><T92/><D130/><U119/><E119/><V109/><F109/><W108/><G108/><T65/><D129/><U45/><E45/><V39/><F39/><W123/><G123/><T125/><D125/><U18/><E18/><V93/><F95/><W117/><G117/><T1/><D92/><U22/><E22/><V48/><F48/><W52/><G62/><T120/><D61/><RYUUKYOKU ba="2,1" sc="156,-30,454,10,190,10,190,10" hai1="14,19,21,56,75,78,79,80,81,86,96,100,105" hai2="20,23,25,27,49,51,55,57,59,84,85,93,94" hai3="4,6,8,13,16,52,53,88,89,90" /><INIT seed="1,3,1,4,0,88" ten="126,464,200,200" oya="1" hai0="92,85,15,124,111,107,115,101,56,10,133,48,57" hai1="83,30,123,9,93,42,62,46,109,78,87,134,84" hai2="99,100,12,77,11,97,72,74,17,1,13,2,6" hai3="23,69,73,26,68,104,63,60,112,28,128,110,94"/><U20/><E123/><V90/><F90/><W65/><G104/><T102/><D115/><U79/><E134/><V81/><F74/><W67/><G112/><T129/><D133/><U52/><E9/><V106/><REACH who="2" step="1"/><F99/><REACH who="2" ten="126,464,190,200" step="2"/><W45/><G73/><T76/><D129/><U70/><E109/><V116/><F116/><W4/><G128/><T80/><D111/><U32/><E79/><V44/><F44/><W22/><G110/><T3/><D76/><U96/><E96/><V54/><F54/><W36/><G45/><T126/><D126/><U120/><E52/><V58/><F58/><W108/><G108/><T103/><D57/><U105/><E46/><V131/><F131/><W82/><G69/><T127/><D56/><U8/><E78/><V43/><F43/><W86/><G68/><T49/><D127/><U35/><E42/><V40/><F40/><W38/><G86/><T118/><D85/><U50/><E87/><V113/><F113/><W114/><G114/><T64/><D118/><U39/><E84/><V71/><F71/><W16/><G82/><T21/><D80/><U135/><E83/><V41/><F41/><W47/><G47/><T19/><D124/><U18/><E70/><V33/><F33/><W34/><G34/><T98/><D98/><U125/><E35/><V51/><F51/><W66/><G66/><T121/><D64/><U53/><E32/><V29/><F29/><W89/><G28/><T117/><D49/><U132/><E50/><V91/><F91/><W14/><G67/><T7/><D48/><U55/><E125/><V61/><F61/><RYUUKYOKU ba="3,2" sc="126,-10,464,-10,190,30,200,-10" hai2="1,2,6,11,12,13,17,72,77,81,97,100,106" /><INIT seed="2,4,2,4,2,107" ten="116,454,220,190" oya="2" hai0="45,101,130,5,84,93,61,38,89,33,78,111,37" hai1="63,59,46,81,112,36,2,27,24,54,28,67,117" hai2="0,103,98,135,71,113,41,47,20,91,58,4,70" hai3="100,114,19,31,15,56,102,22,95,12,129,122,108"/><V132/><F20/><W52/><G122/><T60/><D111/><U14/><E2/><V120/><F91/><W64/><G108/><T83/><D130/><U29/><E117/><V110/><F110/><W65/><G129/><T48/><D33/><U104/><E104/><N who="2" m="63607" /><F58/><W116/><G116/><T85/><D101/><N who="3" m="39017" /><G114/><T126/><D126/><U42/><E112/><V90/><F90/><W6/><G31/><T80/><D80/><U127/><E127/><V99/><F99/><W106/><G106/><T121/><D121/><U8/><E81/><V7/><F7/><W21/><G95/><T92/><D92/><U57/><E28/><V88/><F88/><W26/><G6/><T86/><D86/><U3/><E29/><V76/><F76/><W43/><G43/><T128/><D128/><U9/><E3/><V105/><F105/><W94/><G94/><T30/><D30/><U118/><E118/><V18/><F18/><N who="3" m="12631" /><G12/><T32/><D32/><U34/><E34/><V68/><F120/><W35/><G35/><T97/><D97/><U39/><E57/><V69/><F113/><W72/><G72/><T73/><D73/><U74/><E59/><V53/><F53/><W96/><G96/><T66/><D5/><U23/><E54/><V77/><F77/><W131/><G131/><T49/><D93/><U40/><E14/><V55/><F55/><W79/><G79/><T11/><D78/><U115/><E115/><V17/><F17/><W133/><G52/><T13/><D13/><U16/><E16/><V119/><N who="2" m="17920" /><DORA hai="25" /><V109/><F109/><W124/><G124/><RYUUKYOKU ba="4,2" sc="116,0,454,0,220,0,190,0" /><INIT seed="3,5,2,3,2,134" ten="116,454,220,190" oya="3" hai0="112,108,98,124,115,40,4,61,81,88,7,116,37" hai1="53,123,13,12,113,85,122,9,59,94,18,22,121" hai2="128,84,21,97,2,79,47,93,0,119,101,95,83" hai3="30,28,102,86,91,15,103,133,77,96,107,51,24"/><W127/><G133/><T99/><D116/><U109/><E113/><N who="0" m="43593" /><D108/><U69/><E69/><V34/><F34/><W105/><G77/><T90/><D124/><U6/><E109/><V114/><F114/><W110/><G110/><T23/><D61/><U55/><E59/><V129/><F119/><W64/><G127/><T89/><D81/><U76/><E76/><V49/><F21/><W75/><G75/><T48/><D37/><U29/><E29/><V63/><F63/><W33/><G28/><T92/><D23/><U10/><E22/><V131/><REACH who="2" step="1"/><F93/><REACH who="2" ten="116,454,210,190" step="2"/><W1/><G33/><T42/><D92/><U106/><E106/><V8/><F8/><W70/><G107/><T46/><D42/><AGARI ba="5,3" hai="0,2,42,47,49,79,83,84,95,97,101,128,129,131" machi="42" ten="40,2600,0" yaku="1,1,19,1,53,0" doraHai="134" doraHaiUra="58" who="2" fromWho="0" sc="116,-41,454,0,210,71,190,0" /><INIT seed="4,0,0,0,2,52" ten="75,454,281,190" oya="0" hai0="23,78,39,21,6,81,103,67,46,79,96,106,111" hai1="48,123,88,135,129,73,60,38,112,40,115,49,7" hai2="34,122,42,83,13,113,11,89,126,130,114,71,29" hai3="50,94,26,65,8,108,37,41,20,87,58,51,84"/><T68/><D111/><U110/><E73/><V0/><F71/><W12/><G108/><T14/><D68/><U134/><E110/><V118/><F42/><W36/><G36/><T93/><D106/><U3/><E123/><V59/><F122/><W45/><G37/><T30/><D67/><U35/><E35/><V10/><F118/><W109/><G109/><T63/><D63/><U1/><E38/><V125/><F83/><W69/><G69/><T98/><D98/><U72/><E72/><V32/><F89/><W99/><G51/><N who="1" m="19530" /><E40/><V19/><F130/><W95/><G95/><T75/><D79/><U28/><E28/><V104/><F104/><W74/><G74/><T86/><D75/><U76/><E76/><V70/><F70/><W16/><G65/><T127/><D127/><N who="2" m="48650" /><F59/><W90/><REACH who="3" step="1"/><G58/><REACH who="3" ten="75,454,281,180" step="2"/><T107/><D107/><U119/><E119/><V101/><F114/><W15/><G15/><T97/><D97/><U100/><E115/><V18/><F113/><W44/><G44/><T4/><D39/><U85/><E112/><V5/><F13/><W22/><G22/><T102/><D46/><U128/><E60/><V121/><F121/><W80/><G80/><T2/><D103/><U131/><E100/><V57/><F101/><W77/><G77/><T25/><REACH who="0" step="1"/><D2/><REACH who="0" ten="65,454,281,180" step="2"/><U91/><E1/><V54/><F0/><W9/><G9/><T61/><D61/><U117/><E117/><V43/><F10/><W55/><G55/><T17/><AGARI ba="0,2" hai="4,6,14,17,21,23,25,30,78,81,86,93,96,102" machi="17" ten="30,11700,0" yaku="1,1,0,1,8,1,53,1" doraHai="52" doraHaiUra="82" who="0" fromWho="0" sc="65,137,454,-39,281,-39,180,-39" /><INIT seed="4,1,0,4,1,12" ten="202,415,242,141" oya="0" hai0="49,135,11,36,102,63,42,89,72,51,5,73,75" hai1="21,39,106,96,99,122,131,132,133,91,121,109,7" hai2="94,112,86,69,115,61,87,16,43,67,27,26,124" hai3="79,15,68,6,23,35,110,129,55,77,98,31,95"/><T71/><D135/><N who="1" m="51787" /><E39/><V18/><F43/><W80/><G68/><T85/><D102/><N who="1" m="62791" /><E109/><V114/><F124/><W104/><G110/><T120/><D120/><U40/><E40/><V123/><F123/><W37/><G37/><T76/><D76/><U125/><E125/><V66/><F94/><W108/><G35/><T64/><D42/><U101/><E131/><V105/><F105/><W59/><G104/><T48/><D36/><U53/><E7/><V41/><F41/><W100/><G108/><T93/><REACH who="0" step="1"/><D72/><REACH who="0" ten="192,415,242,141" step="2"/><U22/><E91/><V33/><F33/><W2/><G129/><T0/><AGARI ba="1,1" hai="0,5,11,48,49,51,63,64,71,73,75,85,89,93" machi="0" ten="30,18000,2" yaku="1,1,2,1,0,1,53,3" doraHai="12" doraHaiUra="46" who="0" fromWho="0" sc="192,193,415,-61,242,-61,141,-61" /><INIT seed="4,2,0,1,2,27" ten="385,354,181,80" oya="0" hai0="94,36,37,25,90,3,126,55,32,86,92,98,4" hai1="16,19,58,7,26,49,103,23,74,104,52,41,131" hai2="57,33,80,84,102,28,56,30,54,105,22,81,0" hai3="130,77,93,120,9,111,46,24,14,53,43,12,68"/><T66/><D126/><U110/><E74/><V59/><F33/><W128/><G68/><T112/><D112/><U70/><E70/><V13/><F0/><W135/><G111/><T31/><D66/><U6/><E110/><V63/><F105/><W118/><G118/><T18/><D18/><U10/><E131/><V114/><F114/><W115/><G115/><T11/><REACH who="0" step="1"/><D55/><REACH who="0" ten="375,354,181,80" step="2"/><U73/><E19/><N who="2" m="10607" /><F102/><AGARI ba="2,1" hai="3,4,11,25,31,32,36,37,86,90,92,94,98,102" machi="102" ten="30,5800,0" yaku="1,1,7,1,52,1,53,0" doraHai="27" doraHaiUra="40" who="0" fromWho="2" sc="375,74,354,0,181,-64,80,0" /><INIT seed="4,3,0,0,0,37" ten="449,354,117,80" oya="0" hai0="26,16,99,114,8,36,131,32,110,53,29,66,21" hai1="71,58,73,76,57,106,20,75,24,45,72,28,109" hai2="43,85,122,25,9,134,88,11,0,64,44,135,94" hai3="87,49,40,130,2,63,34,129,7,118,39,67,55"/><T80/><D36/><U50/><E71/><V79/><F122/><W47/><G34/><T113/><D131/><N who="3" m="50185" /><G2/><T126/><D66/><U78/><E106/><V98/><F64/><W48/><G7/><T111/><D126/><U91/><E91/><V38/><F25/><W127/><G87/><T82/><D53/><U86/><E109/><N who="0" m="41481" /><D99/><U19/><E28/><V30/><F30/><W120/><G118/><T6/><D80/><U83/><REACH who="1" step="1"/><E78/><REACH who="1" ten="449,344,117,80" step="2"/><V35/><F35/><W52/><G127/><T62/><D32/><U103/><E103/><V69/><F69/><N who="3" m="42239" /><G120/><T12/><D29/><U60/><E60/><V10/><F0/><W65/><G65/><T27/><D62/><U23/><E23/><V61/><F61/><W68/><G68/><T100/><D100/><U4/><E4/><V104/><F79/><W97/><G97/><T17/><D82/><U33/><E33/><V81/><F104/><W124/><G124/><T56/><D6/><U107/><E107/><V112/><F112/><W125/><G125/><T77/><D114/><U51/><E51/><AGARI ba="3,1" hai="39,40,47,48,49,51,52,55" m="42239,50185" machi="51" ten="30,8000,1" yaku="19,1,34,2,52,1,54,1" doraHai="37" who="3" fromWho="1" sc="449,0,344,-89,117,0,80,99" /><INIT seed="5,0,0,5,2,90" ten="449,255,117,179" oya="1" hai0="7,135,54,94,114,100,24,13,60,122,12,102,21" hai1="121,27,71,59,86,16,106,84,6,17,68,87,32" hai2="61,55,39,82,127,95,43,76,78,83,22,132,48" hai3="96,69,108,15,126,20,74,72,91,112,105,128,53"/><U52/><E106/><V42/><F132/><W79/><G69/><T115/><D135/><U88/><E121/><V109/><F109/><W107/><G108/><T40/><D40/><U73/><E73/><N who="3" m="28266" /><G15/><N who="0" m="5707" /><D7/><U14/><E68/><V111/><F111/><W101/><G20/><T70/><D94/><N who="1" m="54559" /><E71/><V31/><F39/><W11/><G11/><T129/><D70/><U49/><E32/><V19/><F31/><W63/><G53/><T124/><D122/><U50/><E50/><V103/><F61/><W26/><G63/><T30/><D60/><U130/><E130/><V0/><F0/><W3/><G26/><T117/><D129/><U25/><E6/><V65/><F65/><W36/><G3/><T47/><D117/><U134/><E134/><V56/><F127/><W62/><G62/><T44/><D124/><U37/><E37/><V113/><F113/><W35/><G35/><T97/><D115/><U38/><E38/><V93/><F22/><W89/><G36/><T9/><D114/><U23/><E27/><V123/><F123/><W51/><G51/><T119/><D119/><U133/><E133/><V34/><F34/><W125/><G112/><T46/><D24/><U45/><E45/><V66/><F66/><W85/><G128/><T77/><D47/><U81/><E81/><N who="2" m="30731" /><F19/><W64/><G64/><T2/><D46/><U80/><E80/><V75/><F75/><W116/><G107/><T58/><D44/><U29/><E29/><V99/><F42/><W4/><G116/><T28/><D30/><U18/><E18/><V33/><F43/><W110/><G126/><RYUUKYOKU ba="0,0" sc="449,-10,255,30,117,-10,179,-10" hai1="14,16,17,23,25,49,52,59,84,86" /><INIT seed="5,1,0,4,2,11" ten="439,285,107,169" oya="1" hai0="41,19,81,52,67,2,56,39,12,111,21,63,86" hai1="121,97,62,43,53,95,33,32,5,66,84,123,102" hai2="22,127,73,96,51,38,31,108,99,89,129,34,25" hai3="132,103,0,114,61,28,49,82,37,44,91,85,71"/><U20/><E43/><V24/><F38/><W13/><G0/><T120/><D111/><U17/><E5/><V107/><F73/><W106/><G114/><T112/><D2/><U9/><E9/><V135/><F108/><W131/><G37/><T125/><D125/><U134/><E134/><V119/><F119/><W60/><G132/><T10/><D112/><U87/><E53/><V109/><F109/><W124/><G124/><T7/><D120/><U122/><E33/><V76/><F127/><W29/><G131/><T118/><D118/><U128/><E32/><V72/><F129/><W46/><G46/><T113/><D113/><U100/><E100/><V69/><F69/><W6/><G103/><T4/><D39/><U101/><E101/><V98/><F107/><W78/><G106/><T42/><D67/><U65/><E65/><V26/><F135/><W105/><G105/><T68/><D68/><U80/><E80/><V36/><F36/><W23/><G78/><T116/><D116/><U1/><E1/><V133/><F133/><W79/><G91/><T14/><D4/><U47/><E47/><V83/><F34/><W40/><G71/><T58/><D58/><N who="1" m="37207" /><E128/><V104/><F104/><W59/><G61/><T77/><AGARI ba="1,0" hai="7,10,12,14,19,21,41,42,52,56,63,77,81,86" machi="77" ten="20,12000,2" yaku="0,1,7,1,8,1,52,2,54,1" doraHai="11" who="0" fromWho="0" sc="439,123,285,-61,107,-31,169,-31" /><INIT seed="6,0,0,4,0,133" ten="562,224,76,138" oya="2" hai0="29,19,17,42,8,72,10,106,126,66,100,53,103" hai1="85,129,36,37,61,22,26,75,102,44,48,117,134" hai2="20,86,132,56,94,130,5,13,38,84,7,11,73" hai3="97,124,62,40,111,76,77,67,16,118,34,14,131"/><V50/><F130/><W105/><G34/><T21/><D72/><U95/><E75/><V27/><F132/><W9/><G111/><T91/><D66/><U24/><E117/><V18/><F38/><W112/><G118/><T25/><D42/><U110/><E110/><V69/><F69/><W78/><G131/><T60/><D106/><U127/><E26/><V52/><F73/><W45/><G112/><T43/><D43/><U39/><E61/><V120/><F120/><W1/><G1/><T33/><D91/><U59/><E59/><V6/><REACH who="2" step="1"/><F94/><REACH who="2" ten="562,224,66,138" step="2"/><W74/><G74/><T104/><D104/><U3/><E39/><V109/><F109/><W88/><G105/><T96/><D33/><U107/><E95/><V47/><F47/><W121/><G121/><T70/><D70/><U114/><E44/><V31/><AGARI ba="0,1" hai="5,6,7,11,13,18,20,27,31,50,52,56,84,86" machi="31" ten="30,11700,0" yaku="1,1,0,1,8,1,54,1,53,0" doraHai="133" doraHaiUra="71" who="2" fromWho="2" sc="562,-39,224,-39,66,127,138,-39" /><INIT seed="6,1,0,0,1,118" ten="523,185,193,99" oya="2" hai0="61,128,93,110,70,63,71,33,90,27,55,29,101" hai1="7,40,59,4,122,44,12,24,100,127,54,129,96" hai2="132,121,95,119,58,125,99,78,18,109,11,126,106" hai3="111,68,2,83,86,87,21,48,105,85,17,115,15"/><V89/><F119/><W13/><G2/><T49/><D110/><U72/><E72/><V107/><F58/><W22/><G111/><T104/><D128/><U10/><E127/><N who="2" m="48651" /><F109/><W124/><G124/><T81/><D81/><U39/><E129/><V133/><F11/><W64/><G105/><N who="2" m="39945" /><F18/><W60/><G115/><T32/><D32/><U67/><E67/><V112/><F112/><W47/><G83/><T28/><D28/><U1/><E24/><V36/><F36/><W74/><G74/><T131/><D131/><U8/><E122/><V130/><F130/><W14/><REACH who="3" step="1"/><G17/><REACH who="3" ten="523,185,193,89" step="2"/><T20/><D104/><U98/><E100/><V41/><F121/><W16/><G16/><T30/><D101/><U56/><E56/><V73/><F73/><W94/><G94/><T9/><D93/><U57/><E57/><V79/><F41/><AGARI ba="1,1" hai="13,14,15,21,22,41,47,48,60,64,68,85,86,87" machi="41" ten="40,1300,0" yaku="1,1,53,0" doraHai="118" doraHaiUra="97" who="3" fromWho="2" sc="523,0,185,0,193,-16,89,26" /><INIT seed="7,0,0,4,0,3" ten="523,185,177,115" oya="3" hai0="115,14,57,66,62,1,43,127,36,9,119,30,107" hai1="72,111,7,50,100,98,49,91,23,132,110,73,60" hai2="68,102,59,125,5,113,32,42,114,74,81,70,79" hai3="116,26,13,133,15,38,44,33,78,90,76,122,93"/><W34/><G116/><T31/><D1/><U82/><E7/><V67/><F32/><W61/><G122/><T53/><D107/><U131/><E60/><N who="2" m="38303" /><F125/><W21/><G133/><T27/><D119/><U129/><E23/><V51/><F102/><W11/><G34/><T94/><D127/><U58/><E132/><V22/><F5/><N who="3" m="3311" /><G33/><T123/><D123/><U83/><E58/><V96/><F96/><N who="3" m="57399" /><G38/><T55/><D36/><U80/><E49/><V52/><F22/><W128/><G128/><N who="1" m="49226" /><E50/><V19/><F42/><W40/><G61/><T46/><D43/><U88/><E91/><V63/><F19/><N who="3" m="12607" /><G15/><T28/><D14/><U12/><E12/><V77/><F63/><W54/><G40/><T2/><D2/><U20/><E88/><V37/><F79/><W65/><G65/><T6/><D66/><U69/><E69/><V120/><F37/><W71/><G71/><T101/><D62/><U86/><E86/><V16/><F16/><W48/><AGARI ba="0,0" hai="44,48,54,76,78" m="12607,57399,3311" machi="48" ten="30,3000,0" yaku="8,1,52,1" doraHai="3" who="3" fromWho="3" sc="523,-10,185,-10,177,-10,115,30" /><INIT seed="7,1,0,5,2,51" ten="513,175,167,145" oya="3" hai0="22,120,85,134,93,124,5,12,44,80,87,29,4" hai1="68,91,127,95,129,31,37,73,52,104,6,10,47" hai2="131,67,53,97,121,23,13,58,98,45,38,96,116" hai3="133,92,126,3,78,35,2,24,15,62,110,34,132"/><W49/><G78/><T86/><D120/><U61/><E104/><V0/><F116/><W30/><G126/><T33/><D33/><U125/><E73/><V115/><F0/><N who="3" m="43" /><G92/><T106/><D106/><U60/><E31/><V63/><F131/><W100/><G100/><T79/><D124/><N who="1" m="47691" /><E129/><V27/><F115/><W75/><G75/><T36/><D36/><U14/><E68/><V105/><F121/><W117/><G117/><T70/><D70/><U65/><E65/><V71/><F105/><W64/><G110/><T119/><D119/><U101/><E101/><V48/><F13/><W40/><G35/><T19/><D29/><U84/><E52/><N who="2" m="29711" /><F71/><N who="3" m="42391" /><G15/><T94/><D44/><U77/><E77/><V28/><F38/><W7/><G7/><T109/><D93/><U39/><E39/><V26/><F26/><W57/><G40/><AGARI ba="1,0" hai="6,10,14,37,40,47,60,61,84,91,95" m="47691" machi="40" ten="30,1000,0" yaku="18,1" doraHai="51" who="1" fromWho="3" sc="513,0,175,13,167,0,145,-13" owari="513,61.0,188,-1.0,167,-23.0,132,-37.0" /></mjloggm>