<mjloggm ver="2.3"><GO type="169" lobby="0"/><UN n0="%E3%82%BC%E3%83%B3%E3%83%84%E3%83%83%E3%83%91" n1="%6E%65%70%65%72%6F" n2="%E3%83%95%E3%83%AA%E3%83%86%E3%83%B3" n3="%E5%B0%B1%E6%B4%BB%E7%94%9F%40%E5%B7%9D%E6%9D%91%E8%BB%8D%E5%9B%A3" dan="16,16,17,18" rate="2158.77,2143.05,2183.80,2290.74" sx="M,M,M,M"/><TAIKYOKU oya="0"/><INIT seed="0,0,0,1,2,66" ten="250,250,250,250" oya="0" hai0="70,95,26,1,76,88,81,54,90,80,97,96,122" hai1="117,75,124,101,38,57,123,102,110,18,5,4,19" hai2="133,120,28,34,46,108,78,37,9,92,104,127,121" hai3="72,62,64,71,14,12,17,16,36,53,43,89,8"/><T73/><D1/><U83/><E117/><V115/><F92/><W77/><G89/><T2/><D2/><U68/><E123/><V65/><F9/><W85/><G72/><T135/><D122/><U59/><E75/><V45/><F45/><W126/><G126/><T130/><D26/><U112/><E124/><V74/><F46/><W79/><G43/><T35/><D35/><U41/><E83/><V42/><F65/><W58/><G36/><T10/><D10/><U84/><E84/><V128/><F42/><W132/><G85/><N who="0" m="50479" /><D70/><U25/><E25/><V113/><F78/><W56/><G71/><T98/><D54/><U116/><E116/><V50/><F50/><W15/><G132/><T22/><D22/><U20/><E20/><V49/><F49/><N who="3" m="30767" /><G15/><T91/><D130/><U119/><E119/><V31/><F31/><W51/><G51/><T86/><D135/><U40/><E38/><V125/><F28/><W93/><G93/><AGARI ba="0,0" hai="73,76,80,86,88,91,93,95,96,97,98" m="50479" machi="93" ten="30,18000,2" yaku="35,5,54,1" doraHai="66" who="0" fromWho="3" sc="250,180,250,0,250,0,250,-180" /><INIT seed="0,1,0,0,5,35" ten="430,250,250,70" oya="0" hai0="29,134,101,95,105,110,126,59,9,102,5,6,54" hai1="92,56,8,82,48,43,128,89,28,115,32,15,94" hai2="109,47,23,98,22,14,125,116,21,44,93,52,0" hai3="130,69,39,38,96,129,103,120,61,4,86,60,75"/><T42/><D105/><U119/><E119/><V49/><F109/><W111/><G75/><T80/><D126/><U66/><E128/><N who="3" m="49258" /><G111/><T3/><D110/><U27/><E115/><V85/><F125/><W104/><G120/><T57/><D134/><U106/><E106/><V58/><F0/><W34/><G34/><T71/><D71/><U63/><E43/><V53/><F116/><W132/><G132/><T114/><D114/><U121/><E121/><V67/><F67/><N who="3" m="41191" /><G61/><T33/><D42/><U88/><E48/><V123/><F123/><W76/><G4/><T36/><D36/><U81/><E92/><V40/><F85/><W122/><G122/><T131/><D131/><U25/><E25/><V99/><F14/><W135/><G135/><T64/><D6/><U37/><E37/><V87/><F47/><W78/><G78/><T1/><D64/><U30/><E30/><V113/><F113/><W31/><G31/><T45/><D1/><U91/><REACH who="1" step="1"/><E94/><REACH who="1" ten="430,240,250,70" step="2"/><V73/><F40/><W7/><G7/><AGARI ba="1,1" hai="7,8,15,27,28,32,56,63,66,81,82,88,89,91" machi="7" ten="40,5200,0" yaku="1,1,2,1,54,1,53,0" doraHai="35" doraHaiUra="108" who="1" fromWho="3" sc="430,0,240,65,250,0,70,-55" /><INIT seed="1,0,0,5,0,37" ten="430,305,250,15" oya="1" hai0="55,32,45,99,88,82,53,115,16,69,49,47,130" hai1="125,94,122,95,71,81,50,103,57,10,12,86,117" hai2="128,110,109,38,100,14,133,42,119,121,112,73,92" hai3="111,6,123,54,30,60,67,101,98,124,2,65,118"/><U1/><E117/><V104/><F14/><W39/><G123/><T51/><D130/><U96/><E122/><V62/><F42/><W89/><G118/><T4/><D115/><U34/><E71/><V27/><F92/><W134/><G39/><T120/><D120/><U28/><E1/><V126/><F27/><W102/><G111/><T0/><D69/><U11/><E125/><V52/><F52/><W97/><G124/><T85/><D32/><U29/><E34/><V22/><F22/><W105/><G134/><T56/><D0/><U36/><E36/><V76/><F62/><W24/><G89/><T66/><D4/><U20/><E20/><V7/><F7/><W40/><G40/><T35/><D35/><U41/><E11/><V8/><F100/><W17/><G17/><T19/><D99/><U44/><E57/><V108/><F76/><W5/><G54/><N who="0" m="30015" /><D66/><U46/><E46/><V9/><F9/><W26/><G2/><T64/><D64/><U77/><E94/><V25/><F8/><W91/><G91/><T93/><D93/><U72/><E72/><V131/><F109/><W80/><G80/><T90/><D90/><U31/><E31/><V58/><F128/><W78/><G78/><T87/><D87/><U83/><E83/><V75/><F75/><W114/><G114/><T132/><D132/><U84/><E84/><V33/><F110/><W129/><G129/><T107/><D107/><U23/><E23/><V127/><F104/><N who="3" m="63535" /><G67/><T21/><D21/><U116/><E116/><V59/><F108/><W135/><G135/><T113/><D113/><RYUUKYOKU ba="0,0" sc="430,15,305,15,250,-15,15,-15" hai0="16,19,45,51,53,55,56,82,85,88" hai1="10,12,28,29,41,44,50,77,81,86,95,96,103" /><INIT seed="1,1,0,2,2,75" ten="445,320,235,0" oya="1" hai0="53,80,95,85,78,82,134,18,91,26,127,90,66" hai1="114,20,37,64,51,24,44,47,13,120,1,3,57" hai2="39,59,83,92,40,71,61,52,35,25,130,70,17" hai3="115,6,84,101,108,16,113,76,94,22,88,7,74"/><U32/><E114/><V69/><F130/><W124/><G108/><T46/><D134/><U65/><E120/><V42/><F39/><W131/><G124/><T21/><D127/><U54/><E32/><V60/><F60/><W123/><G123/><T133/><D133/><U19/><E37/><V68/><N who="2" m="17408" /><DORA hai="5" /><V125/><F125/><W121/><G121/><T93/><D66/><N who="1" m="25707" /><E3/><V67/><F67/><W128/><G101/><T86/><D90/><U23/><E1/><V110/><F110/><W87/><G74/><T11/><D11/><U117/><E117/><V45/><F45/><W62/><G62/><T63/><D46/><U126/><E126/><V29/><F92/><W107/><G107/><T58/><AGARI ba="1,0" hai="18,21,26,53,58,63,78,80,82,85,86,91,93,95" machi="58" ten="30,4000,0" yaku="0,1,8,1,52,1" doraHai="75,5" who="0" fromWho="0" sc="445,43,320,-21,235,-11,0,-11" owari="488,59.0,299,10.0,224,-18.0,-11,-51.0" /></mjloggm>