<mjloggm ver="2.3"><GO type="169" lobby="0"/><UN n0="%E5%B0%B1%E6%B4%BB%E7%94%9F%40%E5%B7%9D%E6%9D%91%E8%BB%8D%E5%9B%A3" n1="%E3%83%84%E3%83%AC%E3%82%AA" n2="%E5%AE%89%E6%9C%AC%E5%BD%A9%E8%8A%B1" n3="%E6%A1%9C%E4%BA%95%E3%81%95%E3%82%93" dan="17,16,16,17" rate="2143.23,2080.70,2170.40,2172.91" sx="M,M,F,M"/><TAIKYOKU oya="0"/><INIT seed="0,0,0,0,5,23" ten="250,250,250,250" oya="0" hai0="117,127,54,39,103,4,20,0,49,121,7,13,61" hai1="40,108,48,68,3,16,25,74,17,73,28,76,55" hai2="110,1,50,42,131,87,10,80,29,24,133,31,70" hai3="96,81,35,88,47,45,67,12,75,83,2,59,71"/><T129/><D39/><U85/><E3/><V94/><F70/><W26/><G2/><T32/><D32/><U84/><E108/><V30/><F110/><W123/><G123/><T86/><D121/><U51/><E68/><V63/><F133/><W78/><G71/><T58/><D117/><U100/><E100/><V6/><F131/><W57/><G12/><T34/><D34/><U128/><E128/><V111/><F111/><W114/><G114/><T134/><D134/><U56/><E74/><V60/><F94/><W37/><G67/><T36/><D36/><U77/><E73/><V120/><F120/><W9/><G9/><T52/><D129/><U91/><E85/><V93/><F93/><W27/><G35/><T5/><D127/><U118/><E118/><V124/><F124/><W46/><G37/><T79/><D103/><U43/><E77/><V116/><F116/><W98/><G98/><T135/><D135/><U18/><E51/><V122/><F122/><W66/><G96/><T64/><D0/><U53/><E53/><V90/><F60/><W102/><G102/><T109/><D109/><U112/><E76/><V101/><F63/><W106/><G106/><T104/><D104/><U89/><E112/><V22/><F101/><W115/><G115/><T92/><D49/><U44/><E44/><V126/><F126/><W107/><G107/><T125/><D125/><U97/><E97/><V95/><F95/><W21/><G81/><N who="0" m="47423" /><D92/><N who="1" m="54311" /><E91/><V69/><F69/><W62/><G88/><T41/><D41/><U33/><E43/><V65/><F65/><W105/><G105/><RYUUKYOKU ba="0,0" sc="250,10,250,10,250,10,250,-30" hai0="4,5,7,13,20,52,54,58,61,64" hai1="16,17,18,25,28,33,40,48,55,56" hai2="1,6,10,22,24,29,30,31,42,50,80,87,90" /><INIT seed="0,1,0,3,3,89" ten="260,260,260,220" oya="0" hai0="20,47,68,15,41,5,81,118,135,134,0,114,109" hai1="128,131,132,90,103,39,70,30,87,16,62,7,42" hai2="44,96,28,123,106,84,2,117,66,53,58,14,61" hai3="82,110,101,91,99,85,10,17,55,112,108,4,130"/><T36/><D118/><U95/><E132/><V23/><F2/><W125/><G112/><T77/><D114/><U116/><E116/><V92/><F117/><W56/><G17/><T63/><D109/><U111/><E111/><V51/><F123/><W52/><G55/><T122/><D122/><U24/><E7/><V59/><F106/><W9/><G9/><T21/><D21/><U93/><E42/><V57/><F84/><W43/><G43/><T120/><D120/><U121/><E39/><V76/><F76/><W126/><G130/><N who="1" m="49706" /><E121/><V26/><REACH who="2" step="1"/><F14/><REACH who="2" ten="260,260,250,220" step="2"/><W113/><G113/><T104/><D104/><U98/><E70/><V11/><F11/><W94/><G110/><T88/><D0/><U129/><E129/><V67/><F67/><W64/><G64/><T19/><D5/><U83/><E62/><V72/><F72/><W1/><REACH who="3" step="1"/><G108/><REACH who="3" ten="260,260,250,210" step="2"/><T115/><D115/><U40/><E40/><V32/><F32/><W12/><G12/><T49/><D15/><U107/><E16/><V50/><F50/><AGARI ba="1,2" hai="1,4,10,50,52,56,82,85,91,94,99,101,125,126" machi="50" ten="40,8000,1" yaku="1,1,52,1,54,1,53,2" doraHai="89" doraHaiUra="133" who="3" fromWho="2" sc="260,0,260,0,250,-83,210,103" /><INIT seed="1,0,0,2,0,133" ten="260,260,167,313" oya="1" hai0="36,62,118,1,67,114,27,9,2,97,55,85,130" hai1="18,86,14,24,51,79,12,59,42,128,72,125,101" hai2="22,82,21,126,88,99,11,98,50,48,102,108,106" hai3="135,13,89,78,123,120,105,37,4,127,53,23,39"/><U122/><E122/><V45/><F108/><W116/><G105/><T91/><D114/><U6/><E128/><V47/><F11/><W129/><G135/><T7/><D118/><U5/><E72/><V132/><F132/><W131/><G116/><T38/><D130/><U100/><E24/><V29/><F29/><W73/><G73/><T19/><D1/><U117/><E117/><V25/><F25/><W46/><G89/><T44/><D97/><U124/><E86/><V33/><F33/><W61/><G61/><T94/><D55/><U30/><E30/><V60/><F60/><W74/><G74/><T0/><D0/><U58/><E42/><V15/><F15/><W111/><G53/><T96/><D44/><U3/><E3/><V84/><F99/><W109/><G46/><T76/><D76/><U113/><E79/><V26/><F126/><N who="1" m="48745" /><E113/><V43/><REACH who="2" step="1"/><F26/><REACH who="2" ten="260,260,157,313" step="2"/><W54/><G127/><T57/><D96/><U71/><E14/><V65/><F65/><W115/><G13/><T63/><D63/><U16/><E18/><V68/><F68/><W66/><G115/><T103/><D19/><U107/><E71/><V90/><F90/><W80/><G131/><T56/><D27/><U95/><E107/><V64/><F64/><W28/><G66/><T70/><D70/><U32/><E32/><V87/><F87/><W35/><G35/><T75/><D75/><U77/><E77/><V40/><AGARI ba="0,1" hai="21,22,40,43,45,47,48,50,82,84,88,98,102,106" machi="40" ten="20,8000,1" yaku="1,1,0,1,7,1,9,1,54,1,53,0" doraHai="133" doraHaiUra="8" who="2" fromWho="2" sc="260,-20,260,-40,157,90,313,-20" /><INIT seed="2,0,0,4,3,127" ten="240,220,247,293" oya="2" hai0="103,67,16,101,88,35,133,6,73,2,3,93,25" hai1="55,26,62,60,77,113,70,40,32,46,63,45,15" hai2="117,126,31,110,81,120,134,61,50,22,14,119,112" hai3="90,69,111,47,85,95,37,54,36,105,68,96,135"/><V121/><F112/><W80/><G111/><T130/><D73/><U116/><E77/><V28/><F126/><W125/><G125/><T100/><D133/><U39/><E32/><V131/><F134/><W49/><G135/><T108/><D108/><U84/><E26/><V109/><F81/><W27/><G105/><T106/><D106/><U71/><E84/><V66/><F50/><W91/><REACH who="3" step="1"/><G27/><REACH who="3" ten="240,220,247,283" step="2"/><T0/><D130/><U1/><E113/><V76/><F131/><W41/><G41/><T29/><D67/><U53/><E116/><V24/><F66/><W72/><G72/><T118/><D118/><U17/><E1/><V30/><F117/><W99/><G99/><T65/><D65/><U7/><E71/><AGARI ba="0,1" hai="36,37,47,49,54,68,69,71,80,85,90,91,95,96" machi="71" ten="40,1300,0" yaku="1,1,53,0" doraHai="127" doraHaiUra="75" who="3" fromWho="1" sc="240,0,220,-13,247,0,283,23" /><INIT seed="3,0,0,1,3,9" ten="240,207,247,306" oya="3" hai0="108,0,121,10,5,36,56,51,129,90,84,38,48" hai1="2,86,63,7,29,128,53,49,11,82,65,45,119" hai2="46,97,30,88,17,75,58,77,16,14,6,110,33" hai3="107,89,113,35,15,70,69,13,73,34,62,112,120"/><W42/><G42/><T66/><D121/><U43/><E128/><V52/><F110/><W95/><G95/><T92/><D129/><U109/><E109/><V40/><F33/><W28/><G62/><T8/><D108/><U100/><E119/><V115/><F30/><W79/><G28/><T104/><D104/><U133/><E133/><V59/><F115/><W135/><G89/><T21/><D21/><U81/><E29/><V131/><F131/><W55/><G55/><T74/><D74/><U4/><E4/><V71/><F71/><W96/><G96/><T22/><D22/><U87/><E100/><V134/><F134/><W67/><G73/><T83/><D10/><U122/><E122/><V80/><F58/><W126/><G79/><T61/><D48/><U12/><E2/><V41/><F6/><W127/><G135/><T64/><D64/><U105/><E105/><V31/><F17/><W91/><G107/><T78/><D51/><U54/><E82/><V93/><F31/><W39/><G120/><T111/><D111/><U102/><E102/><V18/><F18/><W44/><G91/><T32/><D32/><U26/><E26/><V98/><F98/><W118/><G67/><T24/><D24/><U103/><E103/><V99/><F99/><W60/><G60/><T19/><D19/><U114/><E114/><V101/><F101/><W50/><G118/><T72/><AGARI ba="0,0" hai="0,5,8,36,38,56,61,66,72,78,83,84,90,92" machi="72" ten="20,1500,0" yaku="0,1,7,1" doraHai="9" who="0" fromWho="0" sc="240,15,207,-4,247,-4,306,-7" /><INIT seed="4,0,0,2,5,70" ten="255,203,243,299" oya="0" hai0="19,86,25,83,115,121,6,123,94,48,114,2,122" hai1="17,110,58,87,99,32,65,9,13,90,108,100,75" hai2="81,51,84,132,5,134,7,129,46,16,124,38,10" hai3="66,117,120,92,54,30,59,112,37,62,41,68,63"/><T20/><D94/><U44/><E75/><V89/><F124/><W82/><G117/><T1/><D48/><U103/><E32/><V49/><F129/><W31/><G112/><T22/><D6/><U85/><E85/><V131/><F131/><W71/><G120/><T33/><D33/><U47/><E110/><V11/><F49/><W97/><G71/><T104/><D104/><U93/><E108/><V113/><F113/><N who="0" m="43018" /><D86/><U95/><REACH who="1" step="1"/><E103/><REACH who="1" ten="255,193,243,299" step="2"/><V102/><F102/><W79/><G82/><T14/><D83/><U127/><E127/><V45/><F84/><W52/><G79/><T67/><D67/><U130/><E130/><V56/><F81/><W24/><G66/><T116/><D116/><U29/><E29/><AGARI ba="0,1" hai="1,2,14,19,20,22,25,29,121,122,123" m="43018" machi="29" ten="40,7700,0" yaku="15,1,34,2" doraHai="70" who="0" fromWho="1" sc="255,87,193,-77,243,0,299,0" /><INIT seed="4,1,0,5,5,97" ten="342,116,243,299" oya="0" hai0="17,32,78,71,115,92,135,19,111,123,106,38,42" hai1="9,75,102,110,108,117,68,125,114,64,41,119,112" hai2="18,22,53,130,46,61,39,10,40,89,33,66,1" hai3="43,96,126,30,12,76,87,55,51,82,81,58,74"/><T72/><RYUUKYOKU type="yao9" ba="1,0" sc="342,0,116,0,243,0,299,0" hai0="17,19,32,38,42,71,72,78,92,106,111,115,123,135" /><INIT seed="4,2,0,4,2,15" ten="342,116,243,299" oya="0" hai0="7,106,81,56,52,30,97,8,83,77,62,127,73" hai1="55,91,50,112,38,123,88,18,31,48,36,72,43" hai2="131,16,82,122,61,1,37,9,113,116,14,101,104" hai3="44,120,86,80,135,2,95,59,118,76,51,25,87"/><T29/><D127/><U23/><E72/><V110/><F122/><W107/><G118/><T40/><D40/><U13/><E123/><V93/><F110/><W58/><G107/><T57/><D83/><U134/><E134/><V47/><F113/><W11/><G120/><T114/><D114/><U12/><E112/><V92/><F116/><W109/><G109/><T20/><D20/><U130/><E130/><V85/><F61/><W100/><G135/><T17/><D17/><U53/><E31/><V68/><F68/><W33/><G33/><T49/><D97/><U84/><E43/><V24/><F1/><W27/><G2/><T35/><D35/><U115/><E115/><V89/><F131/><W32/><G11/><T125/><D106/><U63/><E63/><V103/><F24/><N who="3" m="9291" /><G32/><T124/><D124/><U98/><E98/><V54/><F37/><W67/><G67/><T90/><D90/><U129/><E129/><V78/><F104/><W42/><G100/><N who="2" m="38473" /><F78/><W111/><G111/><T5/><D5/><U34/><E34/><V119/><F119/><W26/><G26/><T128/><D128/><U64/><E64/><V108/><F108/><W21/><G21/><T0/><REACH who="0" step="1"/><D125/><REACH who="0" ten="332,116,243,299" step="2"/><U105/><E105/><V4/><F4/><W79/><G79/><T41/><D41/><U19/><E23/><V94/><F94/><W99/><G99/><T10/><D10/><U39/><E39/><V121/><F121/><W65/><G95/><T117/><D117/><U3/><E3/><V69/><F69/><W22/><G22/><T46/><D46/><U74/><E74/><RYUUKYOKU ba="2,1" sc="332,10,116,10,243,10,299,-30" hai0="0,7,8,29,30,49,52,56,57,62,73,77,81" hai1="12,13,18,19,36,38,48,50,53,55,84,88,91" hai2="9,14,16,47,54,82,85,89,92,93" /><INIT seed="4,3,1,2,0,57" ten="342,126,253,269" oya="0" hai0="32,68,71,37,114,127,29,54,17,98,8,107,90" hai1="115,79,56,126,30,35,91,123,27,118,41,100,13" hai2="42,2,11,102,112,44,6,129,76,131,75,119,105" hai3="19,64,72,92,81,69,109,99,52,65,78,117,15"/><T88/><D37/><U77/><E118/><V47/><F112/><W3/><G109/><T70/><D114/><U25/><E123/><V49/><F47/><W50/><G3/><T80/><D127/><U111/><E115/><V31/><F31/><W58/><G69/><T113/><D113/><U62/><E111/><V135/><F135/><W125/><G125/><T134/><D134/><U128/><E126/><V63/><F63/><W93/><G117/><T61/><D32/><U103/><E128/><N who="2" m="49227" /><F102/><W104/><G104/><T51/><D29/><U108/><E41/><V18/><F18/><W38/><G38/><T36/><D36/><U23/><E13/><V84/><F119/><W5/><G5/><T106/><D80/><U122/><E122/><V33/><F33/><W53/><G53/><T59/><D51/><U21/><E108/><V124/><F124/><W14/><G14/><T101/><D107/><U26/><E35/><V130/><F130/><W4/><G4/><T7/><REACH who="0" step="1"/><D17/><REACH who="0" ten="332,126,253,269" step="2"/><U86/><E30/><V110/><F110/><W73/><G19/><T96/><D96/><U60/><E79/><V40/><F105/><W46/><G78/><T89/><D89/><U95/><E77/><V34/><F34/><W120/><G99/><T45/><D45/><U0/><E103/><V82/><F75/><N who="3" m="28747" /><G81/><T94/><D94/><N who="3" m="36457" /><G46/><T74/><D74/><U116/><E100/><V133/><F133/><W9/><G120/><T20/><D20/><U22/><E116/><V24/><F44/><W10/><G50/><T66/><D66/><N who="1" m="39175" /><E62/><V85/><F49/><W67/><G67/><RYUUKYOKU ba="3,2" sc="332,15,126,15,253,-15,269,-15" hai0="7,8,54,59,61,68,70,71,88,90,98,101,106" hai1="0,21,22,23,25,26,27,86,91,95" /><INIT seed="4,4,2,1,5,66" ten="347,141,238,254" oya="0" hai0="116,40,103,29,1,24,63,65,35,77,3,70,112" hai1="6,48,99,78,123,46,44,26,23,13,129,91,87" hai2="73,97,30,92,58,135,67,59,31,117,45,89,28" hai3="38,124,8,80,33,108,109,82,88,11,95,128,52"/><T122/><D122/><U60/><E129/><V134/><F73/><W2/><G38/><T126/><D116/><U76/><E123/><V94/><F117/><W121/><G121/><T53/><D112/><U20/><E99/><N who="2" m="57743" /><F67/><W5/><G33/><T72/><D126/><U69/><E69/><V131/><F131/><W107/><G107/><T14/><D14/><U120/><E60/><V57/><F45/><W50/><G128/><T15/><D15/><U41/><E120/><V79/><F79/><W34/><G34/><T0/><D53/><U39/><E6/><V86/><F86/><W21/><G124/><T7/><D103/><U133/><E133/><N who="2" m="50699" /><F58/><W71/><G71/><T118/><D118/><U125/><E125/><V90/><AGARI ba="4,2" hai="28,30,31,57,59,90,94,97" m="50699,57743" machi="90" ten="30,1100,0" yaku="20,1" doraHai="66" who="2" fromWho="2" sc="347,-9,141,-7,238,43,254,-7" /><INIT seed="5,0,0,4,1,24" ten="338,134,281,247" oya="1" hai0="22,20,116,103,127,10,83,67,126,108,5,76,106" hai1="39,47,133,94,19,135,82,53,115,81,31,96,102" hai2="30,129,35,0,98,32,60,8,57,49,100,27,123" hai3="73,132,3,107,58,25,59,90,89,26,41,77,16"/><U117/><E117/><V91/><F123/><W99/><G3/><T85/><D116/><U130/><E115/><V118/><F118/><W111/><G111/><T110/><D67/><U34/><E19/><V13/><F0/><W70/><G70/><T12/><D103/><U29/><E130/><V87/><F49/><W121/><G121/><T36/><D36/><U33/><E34/><V51/><F51/><W28/><G132/><N who="1" m="50762" /><E33/><V42/><F42/><W104/><G41/><T9/><D106/><U95/><E95/><V122/><F122/><W38/><G38/><T93/><D93/><U56/><E47/><V64/><F129/><W113/><G113/><T61/><D61/><N who="1" m="35983" /><E39/><V131/><F131/><W86/><G16/><T72/><D72/><U79/><E82/><V114/><F114/><W68/><G68/><T65/><D65/><U7/><E7/><V37/><F37/><W44/><G44/><T6/><D108/><U46/><E46/><V52/><F35/><W105/><G25/><T80/><D80/><U88/><E102/><V75/><F64/><W43/><G43/><T84/><D110/><U21/><E21/><V109/><F109/><W119/><G119/><T45/><D45/><U97/><E96/><V18/><F100/><W17/><G17/><T134/><D134/><U74/><AGARI ba="0,0" hai="29,31,74,79,81,88,94,97" m="35983,50762" machi="74" ten="30,11700,0" yaku="20,1,52,2,54,1" doraHai="24" who="1" fromWho="1" sc="338,-39,134,117,281,-39,247,-39" /><INIT seed="5,1,0,4,2,116" ten="299,251,242,208" oya="1" hai0="31,39,47,120,100,23,13,109,10,65,76,59,63" hai1="50,125,72,71,32,18,133,105,82,48,85,74,61" hai2="56,46,113,102,101,104,21,25,90,84,44,4,75" hai3="108,122,16,121,28,123,112,88,42,0,24,89,15"/><U40/><E105/><V68/><F68/><W7/><G108/><T130/><D109/><U115/><E32/><V41/><F75/><W58/><G112/><T87/><D130/><U2/><E2/><V78/><F78/><W128/><G128/><T98/><D120/><U83/><E115/><V57/><F4/><W73/><G73/><T106/><D39/><U131/><E131/><V38/><F113/><W34/><G42/><T43/><D76/><U91/><E125/><V107/><F107/><W27/><G27/><T8/><D87/><U62/><E133/><V51/><F104/><W69/><G69/><T93/><D106/><U117/><E117/><V95/><F101/><W14/><G58/><T127/><D127/><U103/><E103/><V77/><F77/><W134/><G134/><T3/><D3/><U64/><E62/><V81/><F81/><W17/><G14/><T37/><D13/><U22/><E82/><V19/><REACH who="2" step="1"/><F102/><REACH who="2" ten="299,251,232,208" step="2"/><W132/><G132/><T45/><D100/><U54/><E74/><V66/><F66/><W80/><G80/><T12/><D65/><U6/><E72/><V99/><F99/><W79/><G79/><T36/><D98/><U33/><E6/><V1/><F1/><W126/><G126/><T9/><D93/><U86/><E64/><V26/><F26/><W124/><G124/><T11/><D12/><U135/><E71/><V20/><F20/><N who="3" m="11295" /><G17/><T67/><N who="0" m="2560" /><DORA hai="119" /><T5/><D5/><U96/><E18/><V92/><F92/><W53/><G7/><T30/><D23/><U70/><E22/><V29/><F29/><RYUUKYOKU ba="1,1" sc="299,15,251,-15,232,15,208,-15" hai0="30,31,36,37,43,45,47,59,63,67" hai2="19,21,25,38,41,44,46,51,56,57,84,90,95" /><INIT seed="6,2,1,3,3,119" ten="314,236,247,193" oya="2" hai0="69,108,63,110,11,128,31,116,91,42,1,117,37" hai1="26,90,86,59,101,46,102,81,73,44,103,68,58" hai2="48,105,79,120,16,14,35,85,5,51,74,36,71" hai3="20,17,4,70,130,47,56,126,39,54,6,72,99"/><V10/><F120/><W77/><G70/><T55/><D128/><U114/><E68/><V24/><F105/><W21/><G130/><T49/><D31/><U67/><E73/><V2/><F36/><W131/><G131/><T134/><D134/><U104/><E104/><V15/><F74/><W123/><G126/><T97/><D1/><U87/><E114/><V62/><F14/><W94/><G123/><T61/><D11/><U7/><E7/><V132/><F132/><W98/><G98/><T93/><D42/><U133/><E133/><V113/><F113/><W29/><G47/><N who="1" m="17962" /><E67/><V45/><F62/><N who="0" m="23562" /><D69/><U112/><E112/><V111/><F71/><W3/><G3/><T50/><D50/><U28/><E87/><V43/><F111/><W88/><G39/><T84/><D84/><U82/><E82/><N who="2" m="47327" /><F48/><N who="3" m="30791" /><G77/><T66/><D66/><U96/><E96/><V19/><F2/><W57/><G72/><T118/><D37/><U52/><E52/><V12/><F12/><N who="3" m="9255" /><G57/><AGARI ba="2,1" hai="49,55,57,91,93,97,108,110,116,117,118" m="23562" machi="57" ten="30,1000,0" yaku="12,1" doraHai="119" who="0" fromWho="3" sc="314,26,236,0,247,0,193,-16" /><INIT seed="7,0,0,3,1,91" ten="340,236,247,177" oya="3" hai0="61,106,71,11,121,69,74,0,54,3,82,105,49" hai1="134,48,19,57,38,68,25,81,33,76,120,15,4" hai2="113,63,79,86,109,108,60,24,131,110,102,41,21" hai3="66,96,100,130,90,101,128,22,114,18,127,42,30"/><W64/><G114/><T78/><D121/><U84/><E68/><V34/><F34/><W37/><G127/><T116/><D116/><U52/><E38/><V46/><F102/><W89/><G30/><T28/><D28/><U119/><E120/><V125/><F125/><W132/><G132/><T32/><D32/><U129/><E119/><V88/><F79/><W77/><G77/><T62/><D69/><U44/><E134/><V36/><F131/><N who="3" m="50219" /><G42/><T65/><D61/><N who="1" m="36007" /><E129/><V75/><F75/><W12/><G37/><T10/><D10/><N who="1" m="4551" /><E33/><V103/><F113/><W39/><G39/><T9/><D9/><U104/><E104/><V50/><F36/><W123/><G123/><T83/><D83/><U107/><E107/><V87/><F110/><W6/><G6/><T40/><D40/><N who="1" m="24583" /><E19/><V29/><F109/><W94/><G101/><T59/><D0/><U13/><E13/><V115/><F108/><W98/><G100/><T7/><AGARI ba="0,0" hai="3,7,11,49,54,59,62,65,71,74,78,82,105,106" machi="7" ten="30,1100,0" yaku="0,1" doraHai="91" who="0" fromWho="0" sc="340,11,236,-3,247,-3,177,-5" owari="351,46.0,233,-17.0,244,4.0,172,-33.0" /></mjloggm>