<mjloggm ver="2.3"><GO type="169" lobby="0"/><UN n0="%E3%83%88%E3%83%88%E3%83%AA%E5%85%88%E7%94%9F%31%39%E6%AD%B3" n1="%E8%82%89%E2%98%86%E6%A3%92%E5%A4%AA%E9%83%8E" n2="%E3%81%AE%E3%81%86%E3%81%AA%E3%82%81%E3%82%8D%E3%82%93" n3="%E3%81%82%E3%81%84%E3%81%A0%E3%81%A6" dan="18,16,16,16" rate="2203.91,2134.57,2044.14,2107.22" sx="F,M,M,M"/><TAIKYOKU oya="0"/><INIT seed="0,0,0,3,4,34" ten="250,250,250,250" oya="0" hai0="99,90,46,66,61,67,52,25,97,76,72,13,58" hai1="74,118,32,78,124,51,16,55,56,17,130,86,45" hai2="126,33,11,75,29,80,98,50,114,70,116,95,79" hai3="64,77,85,22,49,81,53,36,122,8,92,101,26"/><T93/><D72/><U117/><E74/><V71/><F114/><W39/><G122/><T35/><D76/><U100/><E32/><V31/><F126/><W73/><G64/><T91/><D35/><U59/><E124/><V37/><F37/><W62/><G62/><T14/><D25/><U103/><E130/><V121/><F121/><W2/><G8/><T113/><D113/><U60/><E59/><V63/><F116/><W18/><G2/><T132/><D132/><U119/><E78/><V115/><F115/><W129/><G129/><T48/><REACH who="0" step="1"/><D67/><REACH who="0" ten="240,250,250,250" step="2"/><U7/><E119/><V88/><F33/><W27/><G26/><T65/><D65/><U38/><E118/><V1/><F75/><W68/><G68/><T83/><D83/><U133/><E117/><V20/><F80/><W24/><G27/><T109/><D109/><U5/><E133/><V131/><F79/><W127/><G127/><T112/><D112/><U43/><E38/><V42/><F131/><W120/><G120/><T30/><D30/><U19/><REACH who="1" step="1"/><E86/><REACH who="1" ten="240,240,250,250" step="2"/><V6/><F70/><W0/><G85/><T111/><D111/><U21/><E21/><V15/><F71/><W106/><G36/><T12/><D12/><U104/><E104/><V82/><F20/><W94/><G39/><T128/><D128/><U4/><AGARI ba="0,2" hai="4,5,7,16,17,19,43,45,51,55,56,60,100,103" machi="4" ten="30,7900,0" yaku="1,1,0,1,8,1,54,1,53,0" doraHai="34" doraHaiUra="89" who="1" fromWho="1" sc="240,-39,240,99,250,-20,250,-20" /><INIT seed="1,0,0,3,4,11" ten="201,339,230,230" oya="1" hai0="114,59,2,98,32,128,74,57,76,6,121,20,93" hai1="63,90,102,115,53,41,117,66,86,89,124,43,23" hai2="24,19,26,10,108,135,0,104,111,83,91,3,120" hai3="126,97,31,52,39,75,68,106,22,36,133,12,112"/><U95/><E117/><V64/><F104/><W65/><G75/><T40/><D114/><U29/><E115/><V17/><F64/><W103/><G112/><T46/><D32/><U132/><E124/><V125/><F91/><W92/><G68/><T51/><D128/><U55/><E132/><V47/><F83/><W50/><G65/><T99/><D121/><U72/><E72/><V69/><F69/><W28/><G126/><T82/><D98/><U109/><E102/><V85/><F85/><W134/><G133/><T15/><D2/><N who="2" m="554" /><F47/><W123/><G123/><T129/><D129/><U54/><E109/><N who="2" m="42059" /><F135/><W131/><G131/><T7/><D7/><U18/><E29/><V70/><F70/><W116/><G116/><T5/><D5/><U14/><E90/><V73/><F73/><W101/><G101/><T8/><REACH who="0" step="1"/><D20/><REACH who="0" ten="191,339,230,230" step="2"/><U84/><REACH who="1" step="1"/><E86/><REACH who="1" ten="191,329,230,230" step="2"/><V42/><F125/><W44/><G134/><T49/><D49/><U35/><E35/><V45/><F120/><W16/><REACH who="3" step="1"/><G106/><REACH who="3" ten="191,329,230,220" step="2"/><T105/><D105/><U9/><E9/><V110/><F110/><W38/><AGARI ba="0,3" hai="12,16,22,28,31,36,38,39,44,50,52,92,97,103" machi="38" ten="30,12000,2" yaku="1,1,2,1,0,1,52,1,54,2,53,1" doraHai="11" doraHaiUra="94" who="3" fromWho="3" sc="191,-30,329,-60,230,-30,220,150" /><INIT seed="2,0,0,3,2,133" ten="161,269,200,370" oya="2" hai0="132,78,82,96,51,3,115,5,127,20,93,126,88" hai1="9,33,23,73,57,27,0,18,107,59,113,83,89" hai2="91,62,80,94,38,14,49,25,114,117,68,34,119" hai3="58,102,22,100,104,86,95,121,98,79,116,130,42"/><V105/><F38/><W44/><G116/><T6/><D115/><U66/><E107/><V64/><F114/><W26/><G121/><T56/><D132/><U108/><E113/><V12/><F105/><W87/><G130/><T120/><D120/><U30/><E108/><V54/><F80/><W43/><G43/><T72/><D20/><U19/><E19/><V131/><F131/><W15/><G15/><T29/><D29/><U135/><E66/><V24/><F14/><W71/><G71/><T8/><D6/><U21/><E21/><V7/><F12/><W112/><G58/><T129/><D129/><U85/><E73/><V76/><F76/><W84/><G102/><T61/><REACH who="0" step="1"/><D51/><REACH who="0" ten="151,269,200,370" step="2"/><U67/><E135/><V50/><F7/><W124/><G112/><T40/><D40/><U47/><E23/><V74/><F50/><W17/><G79/><T75/><D75/><U134/><E30/><V125/><F74/><W110/><G110/><T63/><D63/><U92/><E134/><V1/><F117/><W97/><G42/><T81/><D81/><U2/><E83/><V46/><F119/><W36/><G36/><T123/><D123/><U11/><E33/><V13/><F34/><W48/><G48/><T77/><D77/><U111/><E111/><V28/><F28/><W35/><G35/><T69/><D69/><U90/><E11/><V65/><F68/><W37/><G37/><T31/><D31/><U103/><E9/><V32/><F32/><W128/><G22/><T60/><D60/><U70/><E70/><V41/><F62/><W39/><G128/><RYUUKYOKU ba="0,1" sc="151,30,269,-10,200,-10,370,-10" hai0="3,5,8,56,61,72,78,82,88,93,96,126,127" /><INIT seed="3,1,1,1,4,61" ten="181,259,190,360" oya="3" hai0="108,41,2,120,38,88,17,29,84,112,6,93,54" hai1="132,95,3,65,78,57,79,118,135,33,7,32,19" hai2="85,63,50,70,25,45,72,15,40,105,98,9,67" hai3="102,16,123,107,35,12,20,13,122,119,27,81,47"/><W96/><G119/><T134/><D120/><U76/><E118/><V10/><F72/><W46/><G81/><T5/><D108/><U28/><E19/><V36/><F85/><W116/><G116/><T48/><D134/><N who="1" m="51243" /><E95/><V37/><F10/><W21/><G35/><T31/><D112/><U86/><E86/><V64/><F25/><W80/><G12/><T130/><D130/><U4/><E28/><N who="0" m="10825" /><D38/><U100/><E100/><V0/><F0/><W71/><G71/><T53/><D2/><U58/><E58/><V26/><F26/><W101/><G101/><T23/><D41/><U97/><E97/><V115/><F115/><W104/><G104/><T39/><D39/><U69/><E69/><V128/><F128/><W34/><G34/><N who="1" m="13418" /><E3/><V92/><F105/><W11/><G21/><T129/><D129/><U94/><E94/><V127/><F127/><W75/><G122/><T73/><D73/><U82/><E82/><V89/><REACH who="2" step="1"/><F67/><REACH who="2" ten="181,259,180,360" step="2"/><W83/><G123/><T30/><D84/><U106/><E106/><V133/><F133/><W113/><G113/><T114/><D114/><U22/><E22/><V125/><F125/><W74/><G75/><T68/><D23/><U60/><AGARI ba="1,2" hai="4,7,57,60,65,76,78,79" m="13418,51243" machi="60" ten="40,2700,0" yaku="20,1,52,1" doraHai="61" who="1" fromWho="1" sc="181,-8,259,50,180,-8,360,-14" /><INIT seed="4,0,0,4,5,96" ten="173,309,172,346" oya="0" hai0="10,103,76,97,71,34,51,95,123,58,94,52,65" hai1="105,113,37,25,27,72,77,11,3,130,38,99,116" hai2="122,84,30,4,26,5,47,53,40,56,104,92,108" hai3="83,78,32,64,131,102,132,118,88,17,109,135,19"/><T1/><D123/><U79/><E116/><V2/><F104/><W14/><G32/><T86/><D34/><U0/><E130/><V91/><F108/><W75/><G118/><T87/><D76/><U119/><E119/><V69/><F69/><W111/><G64/><T8/><D1/><U35/><E113/><V44/><F122/><W124/><G17/><T120/><D120/><U100/><E27/><V48/><F2/><N who="1" m="553" /><E11/><N who="0" m="4137" /><D71/><U126/><E79/><V13/><F13/><W68/><G19/><T6/><D6/><U15/><E15/><V16/><F47/><W62/><G14/><T74/><D74/><U133/><E126/><V93/><F93/><W20/><G78/><T98/><D65/><U46/><E133/><V112/><F112/><W45/><G75/><T66/><D66/><U121/><E121/><V82/><F92/><W129/><G68/><T70/><D70/><U73/><E46/><V28/><F28/><W21/><G131/><T31/><D31/><N who="1" m="19951" /><E73/><V115/><F115/><W57/><G129/><T12/><D12/><U85/><E85/><V54/><F54/><N who="3" m="34103" /><G111/><T22/><D22/><N who="3" m="8809" /><G109/><T59/><D59/><U117/><E117/><V106/><F30/><W128/><G45/><T125/><D125/><U29/><E29/><V134/><F134/><N who="3" m="51243" /><G128/><T36/><D36/><U80/><AGARI ba="0,0" hai="37,38,72,77,80,99,100,105" m="19951,553" machi="80" ten="30,4000,0" yaku="33,2,52,1" doraHai="96" who="1" fromWho="1" sc="173,-20,309,40,172,-10,346,-10" /><INIT seed="5,0,0,0,2,102" ten="153,349,162,336" oya="1" hai0="26,15,14,66,107,110,60,7,17,34,116,16,112" hai1="71,19,21,39,18,79,93,70,131,31,53,52,125" hai2="108,124,101,135,122,80,106,81,128,89,113,20,6" hai3="2,3,95,105,120,54,43,86,84,104,127,129,37"/><U42/><E125/><V114/><F6/><W10/><G120/><T76/><D110/><U63/><E131/><V97/><F20/><W100/><G37/><T45/><D116/><U9/><E79/><V123/><F108/><W44/><G43/><T30/><D112/><N who="2" m="43114" /><F124/><W25/><G100/><T109/><D109/><U22/><E31/><V11/><F11/><W41/><G25/><T65/><D107/><N who="3" m="41033" /><G127/><T29/><D7/><U69/><E93/><V99/><F128/><W115/><G10/><T62/><D76/><U94/><E94/><N who="2" m="56527" /><F135/><W48/><G95/><T132/><D132/><U68/><E9/><V58/><F58/><N who="3" m="33095" /><G129/><T74/><D26/><U49/><E53/><V50/><F50/><N who="3" m="26895" /><G115/><T40/><D40/><U83/><E83/><AGARI ba="0,0" hai="80,81,83,99,101,106,122,123" m="56527,43114" machi="83" ten="30,8000,1" yaku="15,1,11,1,34,2,52,1" doraHai="102" who="2" fromWho="1" sc="153,0,349,-80,162,80,336,0" /><INIT seed="6,0,0,5,2,120" ten="153,269,242,336" oya="2" hai0="123,128,71,34,73,87,58,103,64,116,26,16,11" hai1="92,18,98,84,101,7,72,96,4,67,91,90,9" hai2="106,130,54,126,133,127,39,119,31,49,122,14,48" hai3="110,102,85,83,81,100,113,38,44,10,104,43,111"/><V62/><F106/><W105/><G10/><T21/><D123/><U114/><E72/><V46/><F122/><W94/><G44/><T33/><D73/><U76/><E114/><V42/><F31/><W8/><G8/><T80/><D71/><U25/><E67/><V37/><F14/><W36/><G43/><T13/><D128/><U63/><E63/><V52/><F130/><W0/><G0/><T53/><D116/><U15/><E76/><V32/><F32/><W118/><G118/><T27/><D64/><U117/><E117/><V109/><F119/><W93/><G85/><T97/><D26/><U59/><E59/><N who="2" m="35175" /><F109/><W6/><REACH who="3" step="1"/><G113/><REACH who="3" ten="153,269,242,326" step="2"/><T56/><D53/><U99/><E7/><AGARI ba="0,1" hai="6,7,36,38,81,83,93,94,100,102,104,105,110,111" machi="7" ten="25,12000,2" yaku="1,1,2,1,22,2,52,2,53,0" doraHai="120" doraHaiUra="5" who="3" fromWho="1" sc="153,0,269,-120,242,0,326,130" /><INIT seed="7,0,0,0,3,92" ten="153,149,242,456" oya="3" hai0="13,36,72,83,64,0,103,74,53,24,100,82,71" hai1="101,68,85,61,59,47,8,79,42,54,102,55,1" hai2="99,108,11,73,39,78,112,19,52,63,37,77,117" hai3="75,5,132,17,116,134,94,28,50,121,69,81,51"/><W4/><G69/><T70/><D0/><U95/><E68/><N who="0" m="26153" /><D13/><U124/><E124/><V41/><F41/><W135/><G17/><T58/><D58/><N who="1" m="35031" /><E1/><V20/><F11/><W90/><G50/><T2/><D2/><U48/><E8/><V22/><F73/><W46/><G51/><T16/><D36/><U21/><E21/><V122/><F63/><W106/><G46/><T35/><D53/><U129/><E129/><V62/><F52/><W97/><G4/><T133/><D64/><U14/><E14/><V127/><F62/><W107/><G5/><T113/><D72/><U126/><E126/><V119/><F127/><W80/><G28/><N who="0" m="19847" /><D16/><U131/><E131/><V49/><F49/><W96/><G121/><T15/><D15/><U128/><E128/><V40/><F122/><W33/><G33/><T10/><D10/><U88/><E79/><V45/><F78/><N who="3" m="44127" /><G116/><T27/><D27/><U29/><E29/><V25/><F25/><W120/><G120/><T9/><D74/><U86/><E86/><V104/><F117/><W34/><G34/><T66/><D66/><U125/><E125/><V115/><F119/><W18/><G18/><T12/><D9/><U105/><E105/><N who="3" m="39946" /><G81/><T118/><D118/><U76/><E76/><V123/><F77/><W130/><G130/><T111/><D12/><U7/><E7/><V65/><F19/><W6/><G6/><T84/><D83/><U98/><E85/><AGARI ba="0,0" hai="85,90,94,96,97,132,134,135" m="39946,44127" machi="85" ten="40,12000,1" yaku="20,1,34,2,52,2" doraHai="92" who="3" fromWho="1" sc="153,0,149,-120,242,0,456,120" owari="153,-25.0,29,-47.0,242,4.0,576,68.0" /></mjloggm>