<mjloggm ver="2.3"><GO type="169" lobby="0"/><UN n0="%6D%6F%65%2E%6E" n1="%64%65%61%69%75%70%2E%63" n2="%E6%99%82%E3%82%92%E5%88%BB%E3%82%80%E5%94%84" n3="%E3%82%A6%E3%83%AB%E3%83%88%E3%83%A9%E7%AB%8B%E7%9B%B4" dan="16,17,18,17" rate="2099.90,2145.47,2197.78,2154.78" sx="F,M,F,M"/><TAIKYOKU oya="0"/><INIT seed="0,0,0,0,5,110" ten="250,250,250,250" oya="0" hai0="33,105,101,37,27,50,61,29,64,58,118,66,129" hai1="19,107,26,78,93,108,31,2,112,120,52,114,60" hai2="124,1,79,16,53,81,97,109,45,69,41,132,117" hai3="77,73,30,5,85,113,89,74,125,40,49,6,10"/><T119/><D37/><U9/><E120/><V22/><F1/><W55/><G125/><T122/><D122/><U38/><E38/><V7/><F7/><W76/><G40/><T123/><D123/><U65/><E107/><V24/><F69/><W63/><G30/><T15/><D129/><U47/><E108/><V39/><F109/><W131/><G131/><T36/><D36/><U54/><E78/><V86/><F132/><W102/><G102/><T128/><D128/><U134/><E134/><V42/><F124/><W99/><G63/><T21/><D66/><U80/><E80/><V100/><F117/><W70/><G49/><T135/><D135/><U98/><E2/><V68/><F68/><W94/><G85/><T67/><D67/><U103/><E19/><V8/><F8/><W116/><G99/><T44/><D101/><U92/><E92/><N who="2" m="58407" /><F39/><W95/><G89/><T28/><D105/><U59/><E9/><V32/><F32/><W75/><G10/><T48/><D48/><AGARI ba="0,0" hai="16,22,24,41,42,45,48,53,79,81,86" m="58407" machi="48" ten="30,2000,0" yaku="8,1,54,1" doraHai="110" who="2" fromWho="0" sc="250,-20,250,0,250,20,250,0" /><INIT seed="1,0,0,5,0,124" ten="230,250,270,250" oya="1" hai0="5,34,53,10,54,92,116,101,105,37,135,63,16" hai1="22,24,126,44,57,18,61,111,65,90,89,6,7" hai2="95,56,94,40,28,120,39,119,112,70,133,48,19" hai3="123,9,127,35,55,13,121,42,115,134,130,77,36"/><U93/><E126/><V2/><F2/><W129/><G127/><T29/><D116/><U86/><E111/><V85/><F28/><W107/><G107/><T110/><D105/><U58/><E44/><V67/><F85/><W125/><G125/><T31/><D110/><U131/><E131/><N who="3" m="50186" /><G134/><T73/><D73/><U21/><E58/><V91/><F120/><W84/><G35/><T17/><D37/><U0/><E0/><V76/><F112/><W41/><G55/><T117/><D117/><U47/><E47/><V100/><F40/><N who="3" m="15467" /><G36/><T62/><D34/><U60/><E60/><V8/><F48/><W33/><G33/><T75/><D135/><U128/><E128/><V26/><F119/><W71/><G71/><T97/><D63/><U32/><E32/><V68/><F68/><W102/><G102/><T38/><D38/><U43/><E43/><V27/><F100/><W106/><G106/><T132/><D132/><U108/><E108/><V50/><F70/><W11/><G115/><T52/><D62/><U96/><REACH who="1" step="1"/><E22/><REACH who="1" ten="230,240,270,250" step="2"/><V25/><F133/><W109/><G109/><T15/><REACH who="0" step="1"/><D75/><REACH who="0" ten="220,240,270,250" step="2"/><U113/><E113/><V78/><F39/><W69/><G69/><T49/><D49/><U59/><E59/><V66/><F50/><W46/><G46/><T103/><D103/><U88/><E88/><V99/><F56/><W64/><G123/><T122/><D122/><U81/><AGARI ba="0,2" hai="6,7,18,21,24,57,61,65,81,86,89,90,93,96" machi="81" ten="20,7800,0" yaku="1,1,0,1,7,1,8,1,53,0" doraHai="124" doraHaiUra="4" who="1" fromWho="1" sc="220,-26,240,98,270,-26,250,-26" /><INIT seed="1,1,0,5,2,99" ten="194,338,244,224" oya="1" hai0="30,119,4,133,123,67,87,17,79,118,19,120,129" hai1="135,94,23,44,60,22,53,55,26,127,70,33,98" hai2="80,15,128,54,96,83,40,72,43,24,10,109,89" hai3="103,76,62,105,1,18,20,57,134,121,25,111,100"/><U97/><E135/><V104/><F109/><W78/><G121/><N who="0" m="46667" /><D133/><U69/><E127/><V81/><F128/><W88/><G134/><T5/><D67/><U73/><E73/><V29/><F72/><W51/><G1/><T92/><D129/><U52/><E33/><V101/><F54/><N who="3" m="34103" /><G105/><T106/><D106/><U38/><E98/><V85/><F43/><W126/><G111/><T112/><D112/><U12/><E12/><V75/><F40/><W47/><G88/><N who="0" m="53279" /><D30/><U86/><E86/><V66/><F66/><W131/><G131/><T13/><D79/><N who="3" m="30249" /><G126/><T27/><D27/><U2/><E2/><V7/><REACH who="2" step="1"/><F75/><REACH who="2" ten="194,338,234,224" step="2"/><W32/><G32/><AGARI ba="1,1" hai="7,10,15,24,29,32,80,81,83,85,89,96,101,104" machi="32" ten="30,7700,0" yaku="1,1,2,1,7,1,52,1,53,0" doraHai="99" doraHaiUra="37" who="2" fromWho="3" sc="194,0,338,0,234,90,224,-80" /><INIT seed="2,0,0,5,0,9" ten="194,338,324,144" oya="2" hai0="135,93,27,75,31,102,44,92,119,65,103,72,104" hai1="80,6,49,53,77,46,68,107,7,96,35,117,89" hai2="121,25,131,29,69,98,40,109,17,56,106,87,32" hai3="79,85,70,126,114,18,24,84,88,2,48,67,42"/><V1/><F121/><W101/><G2/><T50/><D135/><U57/><E68/><V16/><F1/><W39/><G39/><T41/><D119/><U10/><E35/><V26/><F69/><W118/><G118/><T122/><D122/><U130/><E117/><V47/><F131/><W124/><G101/><T99/><D65/><U115/><E115/><V8/><F109/><W128/><G128/><T5/><D5/><U11/><E130/><V64/><F87/><W113/><G84/><T4/><D4/><U86/><E107/><V111/><F111/><W66/><G79/><T132/><D132/><U19/><E57/><V73/><F73/><W82/><G48/><T60/><D60/><U22/><E10/><V28/><F8/><W94/><G42/><T36/><D36/><U91/><E11/><V59/><F98/><W125/><G82/><T12/><D12/><N who="1" m="9575" /><E91/><V13/><F106/><W45/><G45/><T23/><REACH who="0" step="1"/><D104/><REACH who="0" ten="184,338,324,144" step="2"/><U129/><E129/><V20/><F64/><N who="3" m="24619" /><G70/><T116/><D116/><U134/><E134/><V95/><F13/><W83/><G83/><T76/><D76/><U108/><E108/><V0/><F0/><W81/><G81/><T97/><AGARI ba="0,1" hai="23,27,31,41,44,50,72,75,92,93,97,99,102,103" machi="97" ten="30,7900,0" yaku="1,1,0,1,9,1,53,1" doraHai="9" doraHaiUra="43" who="0" fromWho="0" sc="184,89,338,-20,324,-39,144,-20" /><INIT seed="3,0,0,3,3,96" ten="273,318,285,124" oya="3" hai0="87,40,61,48,13,90,121,126,89,19,78,82,118" hai1="72,76,53,5,103,117,12,31,122,83,99,120,17" hai2="91,38,75,100,50,6,2,32,43,113,62,52,3" hai3="101,64,74,70,115,112,41,20,81,106,119,123,28"/><W39/><G20/><T125/><D118/><U95/><E117/><V51/><F75/><W68/><G28/><T111/><D111/><U77/><E77/><V84/><F32/><W60/><G70/><T21/><D121/><U129/><E5/><V36/><F113/><W109/><G123/><T22/><D22/><U71/><E71/><V44/><F62/><W108/><G119/><T124/><REACH who="0" step="1"/><D61/><REACH who="0" ten="263,318,285,124" step="2"/><U58/><E122/><V73/><F38/><W11/><G115/><T47/><AGARI ba="0,1" hai="13,19,21,40,47,48,78,82,87,89,90,124,125,126" machi="47" ten="40,12000,2" yaku="1,1,2,1,0,1,18,1,53,3" doraHai="96" doraHaiUra="133" who="0" fromWho="0" sc="263,130,318,-30,285,-30,124,-60" /><INIT seed="4,0,0,0,0,60" ten="393,288,255,64" oya="0" hai0="120,51,123,127,9,53,130,32,44,84,116,14,95" hai1="121,25,59,131,50,3,71,70,132,52,7,118,98" hai2="91,4,99,82,37,28,117,62,57,105,22,129,133" hai3="12,87,67,29,125,69,103,76,108,56,100,6,0"/><T40/><D116/><U77/><E118/><V94/><F117/><W75/><G75/><T119/><D119/><U126/><E121/><V58/><F129/><W20/><G0/><T46/><D130/><U45/><E131/><V66/><F133/><W55/><G108/><T48/><D32/><U96/><E126/><V5/><F37/><W134/><G125/><T86/><D127/><U24/><E70/><V73/><F105/><W8/><G134/><T21/><D21/><U2/><E71/><V1/><F1/><W93/><G69/><T27/><D27/><U34/><E77/><V43/><F43/><W114/><G114/><T17/><REACH who="0" step="1"/><D95/><REACH who="0" ten="383,288,255,64" step="2"/><U23/><E25/><V33/><F33/><W122/><G20/><T128/><D128/><U79/><E23/><V38/><F22/><W63/><G122/><AGARI ba="0,1" hai="9,14,17,40,44,46,48,51,53,84,86,120,122,123" machi="122" ten="40,2000,0" yaku="1,1,53,0" doraHai="60" doraHaiUra="109" who="0" fromWho="3" sc="383,30,288,0,255,0,64,-20" /><INIT seed="4,1,0,3,1,11" ten="413,288,255,44" oya="0" hai0="95,69,18,135,30,44,94,80,35,21,90,66,8" hai1="127,117,112,108,39,49,111,53,27,115,76,60,61" hai2="47,107,16,51,65,6,79,99,74,83,1,88,119" hai3="129,26,120,48,101,113,82,98,89,15,102,3,52"/><T57/><D69/><U58/><E76/><V9/><F65/><W62/><G3/><T31/><D135/><U13/><E27/><V0/><F119/><W87/><G113/><N who="1" m="43594" /><E39/><V5/><F107/><W46/><G129/><T23/><D35/><U4/><E117/><V97/><F16/><W93/><G120/><T106/><D106/><U130/><E130/><V110/><F110/><N who="1" m="42025" /><E127/><V85/><F5/><W81/><G26/><T72/><D72/><U124/><E124/><V123/><F0/><W100/><G62/><N who="1" m="24170" /><E4/><V2/><F2/><W133/><G133/><T29/><D29/><U34/><E34/><V104/><F104/><W22/><G82/><T131/><D30/><U33/><E33/><V78/><F123/><W116/><G116/><T19/><D31/><U125/><E125/><V38/><F38/><W73/><G73/><T68/><D131/><U70/><E13/><V24/><F24/><W121/><G121/><T32/><D32/><U122/><E122/><V40/><REACH who="2" step="1"/><F78/><REACH who="2" ten="413,288,245,44" step="2"/><W45/><G45/><T105/><D105/><U28/><E28/><V7/><F7/><W36/><G36/><T63/><D19/><AGARI ba="1,1" hai="15,19,22,46,48,52,81,87,89,93,98,100,101,102" machi="19" ten="40,5200,0" yaku="8,1,52,1,54,1" doraHai="11" who="3" fromWho="0" sc="413,-55,288,0,245,0,44,65" /><INIT seed="5,0,0,4,5,125" ten="358,288,245,109" oya="1" hai0="134,116,38,103,70,86,62,25,17,113,122,56,129" hai1="15,81,75,112,66,79,9,78,35,126,42,71,83" hai2="53,48,27,32,128,39,63,29,43,69,121,19,18" hai3="1,105,11,54,72,14,4,77,13,82,80,130,74"/><U101/><E126/><V6/><F121/><W85/><G105/><T106/><D116/><U33/><E112/><V59/><F6/><W107/><G107/><T76/><D38/><U90/><E101/><V96/><F128/><W23/><G130/><T60/><D70/><U110/><E110/><V8/><F8/><W52/><G23/><T61/><D129/><U132/><E132/><V55/><F96/><W0/><G14/><T5/><D134/><U41/><E90/><V97/><F97/><W92/><G92/><T34/><D106/><U50/><E66/><N who="2" m="41183" /><F55/><W3/><REACH who="3" step="1"/><G74/><REACH who="3" ten="358,288,245,99" step="2"/><T49/><D113/><U120/><E15/><V30/><F30/><W127/><G127/><T46/><D122/><U26/><E75/><V22/><F22/><W58/><G58/><T40/><D56/><U99/><E120/><V84/><F84/><W95/><G95/><T21/><D86/><U36/><E35/><V91/><F32/><W24/><G24/><T131/><D25/><U67/><E26/><V89/><F29/><W109/><G109/><T47/><D34/><U115/><E33/><V118/><F27/><W117/><G117/><T68/><D131/><U135/><E135/><V65/><F118/><W37/><G37/><T45/><D68/><U123/><E36/><V31/><F31/><W87/><G87/><T108/><D108/><U28/><E28/><V73/><F73/><W2/><N who="3" m="0" /><DORA hai="16" /><W133/><G133/><T102/><D21/><U64/><E123/><V93/><F93/><W12/><G12/><T98/><D98/><U20/><E20/><V10/><F39/><RYUUKYOKU ba="0,1" sc="358,-10,288,-10,245,-10,99,30" hai3="4,11,13,52,54,72,77,80,82,85" /><INIT seed="6,1,1,3,1,4" ten="348,278,235,129" oya="2" hai0="128,115,133,103,76,53,0,10,39,26,45,57,108" hai1="13,3,116,12,105,25,64,68,79,24,86,36,88" hai2="14,1,72,42,134,17,130,70,20,121,38,99,30" hai3="111,32,125,19,120,122,34,104,129,127,44,47,106"/><V21/><F72/><W69/><G19/><T48/><D108/><U7/><E3/><V29/><F70/><W55/><G55/><T102/><D115/><U61/><E36/><V77/><F77/><W71/><REACH who="3" step="1"/><G129/><REACH who="3" ten="348,278,235,119" step="2"/><T131/><D128/><U117/><E116/><V74/><F130/><W16/><G16/><T97/><D131/><U56/><E117/><V124/><F17/><W46/><G46/><T50/><D45/><U94/><E24/><V92/><F30/><W89/><G89/><T35/><D26/><U11/><E88/><V49/><F29/><W41/><G41/><T33/><D53/><U93/><E25/><V27/><F42/><W91/><G91/><T123/><D123/><U22/><E79/><V109/><F121/><W119/><G119/><T132/><D76/><U135/><E64/><V82/><F27/><W112/><G112/><T2/><D33/><U37/><E22/><V118/><F21/><W98/><G98/><T85/><D35/><U66/><E66/><V95/><F99/><W18/><G18/><T107/><D97/><U15/><E7/><V80/><F20/><W31/><G31/><T113/><D113/><U51/><E61/><V5/><F5/><W58/><G58/><T78/><D57/><U63/><E56/><V96/><F118/><W43/><G43/><T67/><D78/><U101/><E63/><V40/><F96/><W59/><G59/><T60/><D60/><U81/><E68/><V6/><F6/><W87/><G87/><T65/><D85/><U90/><E86/><V8/><F40/><W100/><G100/><RYUUKYOKU ba="1,2" sc="348,-10,278,-10,235,-10,119,30" hai3="32,34,44,47,69,71,104,106,111,120,122,125,127" /><INIT seed="7,2,2,1,3,0" ten="338,268,225,149" oya="3" hai0="70,95,8,2,25,129,38,12,5,29,16,60,14" hai1="99,103,113,111,76,21,90,74,87,11,119,54,49" hai2="40,39,75,104,45,78,65,116,131,88,80,50,41" hai3="100,83,3,24,84,98,34,112,19,47,128,17,71"/><W62/><G3/><T124/><D38/><U27/><E111/><V82/><F104/><W125/><G112/><T35/><D124/><U67/><E113/><V102/><F102/><W107/><G125/><T13/><D129/><U110/><E110/><V61/><F116/><W64/><G128/><T59/><D70/><U133/><E133/><V105/><F105/><W4/><G4/><T117/><D95/><U56/><E74/><V23/><F131/><W55/><G55/><T134/><D134/><U52/><E76/><V130/><F130/><W32/><G47/><T109/><D117/><U36/><E36/><V42/><F23/><W7/><G7/><T132/><D132/><U30/><E11/><V10/><F10/><W85/><G85/><T123/><D123/><U118/><E54/><V96/><F39/><W106/><G106/><T48/><D48/><U127/><E127/><V9/><F9/><W92/><G92/><T20/><D109/><U15/><E15/><V93/><F82/><W68/><G68/><AGARI ba="2,2" hai="40,41,42,45,50,61,65,68,75,78,80,88,93,96" machi="68" ten="30,2000,0" yaku="7,1,54,1" doraHai="0" who="2" fromWho="3" sc="338,0,268,0,225,46,149,-26" owari="338,44.0,268,-13.0,271,7.0,123,-38.0" /></mjloggm>