<mjloggm ver="2.3"><GO type="169" lobby="0"/><UN n0="%E3%81%AA%E3%81%AA%E3%81%BF%E3%82%93%E3%81%94" n1="%E6%99%82%E3%81%AE%E6%BC%82%E6%B3%8A" n2="%E3%83%88%E3%83%88%E3%83%AA%E5%85%88%E7%94%9F%31%39%E6%AD%B3" n3="%E3%83%AF%E3%83%B3%E3%82%BF%E3%83%B3%EF%BC%A0%E6%A8%AA%E6%B5%9C" dan="16,17,18,17" rate="2078.78,2171.27,2208.63,2161.56" sx="M,F,F,M"/><TAIKYOKU oya="0"/><INIT seed="0,0,0,1,2,134" ten="250,250,250,250" oya="0" hai0="130,97,80,17,110,24,85,36,84,47,89,19,133" hai1="78,44,64,82,109,54,95,58,116,22,16,12,50" hai2="65,71,61,40,34,14,117,4,93,108,23,135,1" hai3="42,72,118,102,104,38,94,112,92,30,119,100,68"/><T37/><D130/><U9/><E109/><V83/><F34/><W2/><G72/><T66/><D133/><U46/><E116/><V33/><F33/><W132/><G2/><T13/><D97/><U27/><E64/><V131/><F135/><W26/><G132/><T125/><D110/><U6/><REACH who="1" step="1"/><E95/><REACH who="1" ten="250,240,250,250" step="2"/><V75/><F93/><W127/><G94/><T99/><D66/><U76/><E76/><V51/><F65/><W98/><G92/><T35/><D99/><U79/><E79/><V49/><F108/><W31/><G98/><T60/><D85/><AGARI ba="0,1" hai="6,9,12,16,22,27,44,46,50,54,58,78,82,85" machi="85" ten="30,7700,0" yaku="1,1,7,1,8,1,54,1,53,0" doraHai="134" doraHaiUra="25" who="1" fromWho="0" sc="250,-77,240,87,250,0,250,0" /><INIT seed="1,0,0,0,5,111" ten="173,327,250,250" oya="1" hai0="127,7,80,53,70,20,41,72,119,22,11,2,38" hai1="58,56,73,114,122,81,88,65,36,15,8,78,42" hai2="40,6,99,125,45,92,87,79,17,84,19,61,10" hai3="68,98,69,28,117,126,44,62,12,32,14,21,83"/><U107/><E122/><V9/><F125/><W52/><G32/><T59/><D127/><U30/><E107/><V23/><F61/><W101/><G126/><T60/><D119/><U51/><E114/><V91/><F79/><W85/><G117/><T113/><D70/><U67/><E30/><V34/><F34/><W74/><G74/><T90/><D90/><U16/><E36/><V71/><F71/><W55/><G69/><T26/><D26/><U5/><E5/><V100/><F84/><W124/><G124/><T25/><D25/><U112/><E112/><V48/><F23/><W75/><G75/><T27/><D27/><U106/><E106/><V1/><REACH who="2" step="1"/><F10/><REACH who="2" ten="173,327,240,250" step="2"/><W64/><G21/><T63/><D63/><U108/><E78/><V102/><F102/><W94/><G28/><T43/><D113/><U120/><E73/><V39/><F39/><W24/><G62/><T82/><D20/><U110/><E120/><V50/><F50/><W35/><G101/><T132/><D22/><U66/><E108/><V128/><F128/><W133/><G85/><T18/><D38/><U104/><E110/><V89/><F89/><W31/><G68/><T103/><D103/><U93/><E81/><AGARI ba="0,1" hai="1,6,9,17,19,40,45,48,81,87,91,92,99,100" machi="81" ten="30,3900,0" yaku="1,1,7,1,53,1" doraHai="111" doraHaiUra="47" who="2" fromWho="1" sc="173,0,327,-39,240,49,250,0" /><INIT seed="2,0,0,4,2,123" ten="173,288,289,250" oya="2" hai0="35,99,33,101,111,29,124,16,109,62,130,85,72" hai1="15,8,73,104,112,90,12,128,27,37,48,61,94" hai2="100,13,20,45,97,39,14,106,46,134,110,18,4" hai3="102,107,122,83,44,31,50,40,127,32,87,36,3"/><V28/><F134/><W131/><G122/><T55/><D72/><U43/><E37/><V89/><F28/><W81/><G3/><T70/><D130/><U54/><E73/><V24/><F39/><W1/><G1/><T103/><D124/><U115/><E104/><V121/><F121/><W2/><G2/><T114/><D114/><U80/><E128/><V41/><F41/><W86/><G131/><T117/><D117/><U126/><E126/><V76/><F76/><W129/><G129/><T63/><D85/><U113/><E80/><V23/><F89/><W64/><G127/><T108/><D29/><U132/><E132/><V26/><F4/><W120/><G120/><T59/><D16/><U38/><E27/><V118/><F118/><W98/><G64/><N who="0" m="41239" /><D103/><U116/><E116/><V49/><F45/><W125/><G125/><T84/><D84/><U135/><E135/><V92/><F106/><AGARI ba="0,0" hai="33,35,55,59,63,99,101,106,108,109,111" m="41239" machi="106" ten="30,7700,0" yaku="14,1,52,3" doraHai="123" who="0" fromWho="2" sc="173,77,288,0,289,-77,250,0" /><INIT seed="3,0,0,0,0,0" ten="250,288,212,250" oya="3" hai0="39,126,23,20,101,64,8,131,81,68,62,70,57" hai1="27,125,6,129,2,48,85,114,67,96,37,59,110" hai2="51,41,124,18,28,60,54,11,111,123,88,43,89" hai3="34,93,108,14,132,84,122,5,86,113,97,44,46"/><W56/><G122/><T42/><D131/><U17/><E114/><V40/><F123/><W65/><G113/><T74/><D126/><U77/><E37/><V104/><F104/><W63/><G34/><T35/><D35/><U127/><E129/><V21/><F124/><N who="1" m="47689" /><E96/><V31/><F60/><W102/><G132/><T92/><D39/><U47/><E110/><V121/><F121/><W24/><G24/><T106/><D42/><U115/><E115/><V119/><F119/><W90/><G108/><T49/><D106/><U19/><E27/><N who="2" m="14775" /><F11/><N who="3" m="4463" /><G86/><T45/><D8/><N who="1" m="2135" /><E59/><N who="2" m="33247" /><F111/><W103/><G103/><T112/><D112/><U80/><E67/><V72/><F72/><W3/><G3/><T10/><D70/><U13/><E13/><V71/><F71/><W52/><G65/><T98/><D68/><U75/><E75/><V79/><F79/><W29/><G29/><AGARI ba="0,0" hai="28,29,31,40,41,43,88,89" m="33247,14775" machi="29" ten="30,2000,0" yaku="8,1,54,1" doraHai="0" who="2" fromWho="3" sc="250,0,288,0,212,20,250,-20" /><INIT seed="4,0,0,2,3,102" ten="250,288,232,230" oya="0" hai0="54,56,87,8,72,17,97,19,5,115,66,48,32" hai1="52,100,80,132,95,58,85,89,20,34,6,111,41" hai2="117,133,122,86,84,94,64,21,35,68,16,101,31" hai3="71,36,22,79,47,103,90,40,24,113,110,60,73"/><T67/><D72/><U43/><E111/><V27/><F122/><W55/><G110/><T51/><D115/><U74/><E34/><V57/><F68/><W46/><G113/><T26/><D87/><U135/><E6/><V2/><F2/><W12/><G103/><T105/><D48/><U75/><E20/><N who="2" m="15847" /><F133/><N who="1" m="51273" /><E100/><V78/><F78/><W4/><G90/><T129/><D129/><U88/><E89/><V109/><F35/><W10/><G79/><T128/><D128/><U30/><E30/><V42/><F42/><N who="1" m="15881" /><E80/><V65/><F117/><W96/><G96/><T44/><D32/><U38/><E38/><V15/><F109/><W33/><G33/><T25/><D25/><U112/><E112/><V81/><F57/><W92/><G92/><T9/><D26/><U82/><E82/><V127/><F81/><W116/><G73/><T107/><D97/><U63/><AGARI ba="0,0" hai="52,58,63,74,75,85,88,95" m="15881,51273" machi="63" ten="30,4000,0" yaku="20,1,54,2" doraHai="102" who="1" fromWho="1" sc="250,-20,288,40,232,-10,230,-10" /><INIT seed="5,0,0,0,2,117" ten="230,328,222,220" oya="1" hai0="70,57,23,115,34,99,72,28,82,11,113,73,118" hai1="1,36,106,63,84,4,51,53,18,95,76,124,129" hai2="80,52,12,75,111,97,122,6,42,13,39,37,126" hai3="123,33,14,55,62,85,29,81,26,89,112,128,27"/><U7/><E106/><V38/><F111/><W9/><G112/><N who="0" m="43083" /><D70/><U90/><E36/><V43/><F122/><W56/><G128/><T20/><D34/><U110/><E129/><V94/><F126/><W101/><G101/><T132/><D132/><U31/><E31/><V48/><F80/><W17/><REACH who="3" step="1"/><G27/><REACH who="3" ten="230,328,222,210" step="2"/><T44/><D118/><U127/><E110/><V130/><F130/><W74/><G74/><T96/><D73/><U98/><E124/><V49/><F75/><W46/><G46/><T5/><D44/><U103/><E127/><V41/><F39/><W92/><G92/><T119/><D119/><U21/><E103/><V2/><F38/><W131/><G131/><T19/><D72/><U3/><E95/><V107/><F37/><W64/><G64/><T79/><D82/><U0/><E0/><V22/><F2/><W66/><G66/><T100/><D100/><U104/><E3/><V60/><F94/><W30/><G30/><T40/><D28/><U47/><E1/><V65/><F65/><W125/><G125/><T102/><D102/><U108/><E108/><V61/><F107/><W8/><G8/><T25/><D11/><U87/><E104/><V91/><F12/><W121/><AGARI ba="0,1" hai="9,14,17,26,29,33,55,56,62,81,85,89,121,123" machi="121" ten="30,8000,1" yaku="1,1,0,1,52,2,53,1" doraHai="117" doraHaiUra="24" who="3" fromWho="3" sc="230,-20,328,-40,222,-20,210,90" /><INIT seed="6,0,0,3,3,15" ten="210,288,202,300" oya="2" hai0="87,120,40,34,105,30,91,125,68,76,81,18,109" hai1="70,48,29,11,25,92,104,14,110,9,7,2,47" hai2="108,45,116,53,96,33,119,64,126,101,127,38,135" hai3="72,69,17,77,132,111,6,13,37,31,8,36,54"/><V107/><F33/><W88/><G69/><T4/><D109/><U80/><E110/><V5/><F108/><W93/><G31/><T90/><D105/><U35/><E70/><V83/><F135/><W97/><G111/><T95/><D120/><U122/><E104/><V59/><F64/><W62/><G132/><T42/><D125/><N who="2" m="47626" /><F5/><W23/><G77/><T124/><D124/><U26/><E122/><V41/><F83/><W134/><G72/><T106/><D106/><U19/><E80/><V75/><F75/><W63/><G134/><T128/><D128/><U0/><E92/><V84/><F84/><W114/><G114/><T99/><D68/><U89/><E89/><V117/><F117/><W46/><G37/><T66/><D66/><U102/><E102/><V103/><F103/><W79/><G79/><T73/><D4/><U65/><E65/><V28/><F28/><W82/><G82/><T52/><D30/><N who="1" m="19919" /><E48/><AGARI ba="0,0" hai="38,41,45,48,53,59,96,101,107,116,119" m="47626" machi="48" ten="30,1500,0" yaku="18,1" doraHai="15" who="2" fromWho="1" sc="210,0,288,-15,202,15,300,0" /><INIT seed="6,1,0,5,1,122" ten="210,273,217,300" oya="2" hai0="47,115,15,17,26,55,104,38,135,39,106,30,89" hai1="119,2,72,49,57,111,37,5,61,7,8,19,18" hai2="79,83,54,12,112,88,46,129,67,14,66,77,23" hai3="48,80,96,53,81,94,21,20,100,74,63,133,95"/><V98/><F112/><W25/><G133/><T118/><D115/><U120/><E37/><V114/><F114/><W113/><G113/><T62/><D135/><U43/><E72/><V76/><F129/><W116/><G116/><T121/><D121/><U28/><E119/><V108/><F108/><W13/><G74/><T22/><D118/><U132/><E132/><V0/><F0/><W11/><G63/><T64/><D89/><U105/><E105/><V99/><F99/><W68/><G94/><T90/><D90/><U97/><E120/><V71/><F71/><W123/><G68/><T128/><D128/><U44/><E7/><V4/><F4/><N who="3" m="3303" /><G123/><T125/><D125/><U69/><E69/><V35/><F35/><W24/><G21/><T16/><D17/><U124/><E124/><V51/><F14/><W117/><G117/><T127/><D127/><U40/><E40/><V73/><F73/><W134/><G134/><T86/><D86/><U45/><E45/><V130/><F130/><W92/><G95/><T59/><D38/><U65/><E111/><V56/><F46/><N who="3" m="27799" /><G25/><T50/><REACH who="0" step="1"/><D39/><REACH who="0" ten="200,273,217,300" step="2"/><U58/><E97/><V110/><F110/><W87/><G87/><T42/><D42/><U60/><REACH who="1" step="1"/><E28/><AGARI ba="1,1" hai="20,24,28,80,81,92,96,100" m="27799,3303" machi="28" ten="30,1000,0" yaku="8,1" doraHai="122" who="3" fromWho="1" sc="200,0,273,-13,217,0,300,23" /><INIT seed="7,0,0,2,3,29" ten="200,260,217,323" oya="3" hai0="44,30,95,96,84,32,121,91,68,18,43,50,107" hai1="94,72,25,17,31,52,93,112,106,10,79,83,36" hai2="101,77,129,11,62,63,34,24,6,87,33,75,116" hai3="76,61,88,37,47,39,134,58,42,90,20,86,41"/><W124/><G134/><T115/><D121/><U56/><E106/><V113/><F75/><W81/><G124/><T80/><D68/><U19/><E36/><V60/><F116/><W40/><G20/><T125/><D125/><U27/><E112/><V97/><F113/><W100/><G100/><T70/><D70/><U2/><E27/><V132/><F132/><W131/><G131/><T67/><D67/><U69/><E69/><V74/><F74/><W46/><G41/><T108/><D108/><U98/><E2/><V92/><F129/><W102/><G102/><T23/><D115/><U49/><E10/><V57/><F57/><W111/><G111/><T51/><D107/><U65/><E65/><AGARI ba="0,0" hai="37,39,40,42,46,47,58,61,65,76,81,86,88,90" machi="65" ten="30,5800,0" yaku="7,1,9,1,54,1" doraHai="29" who="3" fromWho="1" sc="200,0,260,-58,217,0,323,58" owari="200,-30.0,202,-20.0,217,2.0,381,48.0" /></mjloggm>