<mjloggm ver="2.3"><GO type="169" lobby="0"/><UN n0="%E3%82%B3%E3%83%BC%E3%83%A9%E4%B8%8B%E3%81%95%E3%81%84" n1="%6B%61%6E%64%6F%72%61%6F" n2="%E5%B0%B1%E6%B4%BB%E7%94%9F%40%E5%B7%9D%E6%9D%91%E8%BB%8D%E5%9B%A3" n3="%73%61%63%68%69%6F" dan="17,16,18,16" rate="2214.14,2104.50,2324.48,2106.77" sx="M,M,M,M"/><TAIKYOKU oya="0"/><INIT seed="0,0,0,1,4,53" ten="250,250,250,250" oya="0" hai0="54,114,89,42,110,117,132,62,116,12,126,90,127" hai1="10,6,88,99,8,133,120,135,60,102,31,17,71" hai2="109,125,84,118,34,97,33,75,123,105,22,61,41" hai3="96,44,124,106,112,70,69,108,52,74,129,0,79"/><T76/><D114/><U119/><E120/><V58/><F75/><W131/><G112/><T92/><D42/><U95/><E119/><V13/><F123/><W47/><G0/><T25/><D132/><N who="1" m="50763" /><E31/><V27/><F118/><W16/><G108/><T81/><D110/><U38/><E38/><V107/><F109/><W93/><G106/><T32/><D12/><U1/><E10/><V59/><F41/><W23/><G79/><T98/><D90/><U46/><E46/><V2/><F2/><W43/><G74/><T3/><D3/><U100/><E17/><V91/><F13/><W48/><G124/><N who="0" m="47659" /><D25/><U20/><E20/><V113/><F113/><W28/><G28/><T115/><D32/><U87/><E87/><V86/><F125/><W18/><G23/><T49/><D62/><U80/><E80/><V65/><F34/><W101/><G70/><T15/><D15/><U134/><N who="1" m="50771" /><U30/><DORA hai="7" /><E30/><V73/><F33/><W51/><REACH who="3" step="1"/><G69/><REACH who="3" ten="250,250,250,240" step="2"/><T40/><D115/><U50/><E50/><V78/><F22/><W21/><G21/><T55/><D116/><U82/><E82/><V24/><F73/><W111/><G111/><T121/><D117/><U37/><E37/><V66/><F27/><W104/><G104/><T14/><D14/><U36/><E36/><V29/><F107/><W56/><G56/><T11/><D11/><U26/><E26/><V39/><F39/><W77/><G77/><T5/><D5/><U122/><E122/><V63/><F78/><W72/><G72/><N who="0" m="43143" /><D121/><U83/><E83/><V64/><F24/><W103/><G103/><RYUUKYOKU ba="0,1" sc="250,10,250,10,250,-30,240,10" hai0="40,49,54,55,89,92,98" hai1="1,6,8,60,71,88,95,99,100,102" hai3="16,18,43,44,47,48,51,52,93,96,101,129,131" /><INIT seed="0,1,1,5,5,132" ten="260,260,220,250" oya="0" hai0="50,88,1,56,34,135,66,14,83,85,19,33,52" hai1="76,116,73,118,63,90,96,40,110,120,93,51,129" hai2="94,131,82,49,6,89,28,126,72,44,75,58,95" hai3="128,121,70,86,125,97,92,15,61,122,111,13,119"/><T115/><D1/><U71/><E120/><V22/><F131/><W7/><G119/><T123/><D123/><N who="3" m="47113" /><G111/><T38/><D115/><U17/><E110/><V107/><F107/><W98/><G128/><T101/><D135/><U57/><E71/><V77/><F72/><W11/><G15/><T24/><D38/><U46/><E129/><V69/><F69/><W36/><G36/><T117/><D117/><U37/><E37/><V59/><F6/><W21/><G21/><T108/><D108/><U103/><E73/><V64/><F94/><W100/><G98/><T133/><D133/><U5/><E76/><V67/><F59/><W113/><G86/><T79/><D101/><U54/><E5/><V99/><F58/><W16/><G113/><T91/><D66/><U114/><E114/><V60/><F60/><W2/><G125/><T25/><D34/><U41/><E41/><V4/><F4/><W0/><G7/><T87/><D33/><U47/><E17/><V27/><F126/><W42/><G42/><AGARI ba="1,1" hai="22,27,28,42,44,49,64,67,75,77,82,89,95,99" machi="42" ten="30,1000,0" yaku="7,1" doraHai="132" who="2" fromWho="3" sc="260,0,260,0,220,23,250,-13" /><INIT seed="1,0,0,4,4,49" ten="260,260,243,237" oya="1" hai0="73,105,63,130,119,1,9,133,104,79,56,22,52" hai1="28,34,59,103,88,0,61,99,124,128,131,129,67" hai2="53,69,19,44,108,135,113,134,92,15,74,16,81" hai3="5,72,70,86,7,46,24,91,47,18,93,45,106"/><U41/><E0/><V10/><F69/><W12/><G70/><T126/><D119/><U66/><E124/><V87/><F108/><W90/><G106/><T102/><D126/><U100/><E41/><V33/><F33/><W48/><G72/><T109/><D109/><U42/><E42/><V95/><F74/><W115/><G24/><T114/><D114/><U68/><E34/><V51/><F19/><W20/><G115/><T36/><D36/><U85/><E28/><V26/><F26/><W35/><G35/><T32/><D32/><U14/><E14/><V21/><F21/><W122/><G122/><T3/><D130/><U116/><E116/><V4/><F4/><W112/><G112/><T101/><D133/><N who="2" m="50698" /><F113/><W27/><G27/><T89/><D73/><U55/><E68/><V58/><F58/><W125/><G125/><T94/><D79/><AGARI ba="0,0" hai="10,15,16,44,51,53,79,81,87,92,95" m="50698" machi="79" ten="30,3900,0" yaku="20,1,52,1,54,1" doraHai="49" who="2" fromWho="0" sc="260,-39,260,0,243,39,237,0" /><INIT seed="2,0,0,3,5,130" ten="221,260,282,237" oya="2" hai0="105,72,36,52,95,55,33,103,104,77,128,122,133" hai1="13,3,57,51,58,106,112,97,35,62,108,10,28" hai2="59,17,132,119,66,96,54,85,6,120,76,94,113" hai3="50,111,61,73,123,46,90,42,135,48,121,80,0"/><V49/><F119/><W27/><G0/><T38/><D122/><U44/><E112/><V1/><F120/><W9/><G111/><T16/><D33/><U83/><E3/><V86/><F113/><W101/><G101/><T100/><D128/><U91/><E108/><V30/><F30/><W63/><G121/><T39/><D133/><U99/><E35/><V110/><F110/><W31/><G135/><T21/><D77/><U60/><E28/><V124/><F124/><W69/><G69/><T47/><D72/><U34/><E34/><V92/><F92/><W125/><G125/><T115/><D115/><U19/><E106/><V98/><F98/><W81/><G81/><T116/><D116/><U70/><E70/><V29/><F29/><W75/><G75/><T84/><D47/><U117/><E117/><V89/><F76/><W18/><G48/><T4/><D4/><U7/><E7/><V79/><F79/><W131/><G131/><T127/><D127/><U26/><E26/><V87/><F132/><W68/><G68/><T45/><D104/><U114/><E114/><V126/><F126/><W82/><G82/><T43/><D105/><U78/><E78/><V71/><F17/><W102/><G102/><N who="0" m="38955" /><D38/><U5/><E5/><V88/><F6/><W93/><G73/><T23/><D39/><U56/><E83/><N who="2" m="49215" /><F1/><W12/><G80/><T107/><D107/><U2/><E2/><V8/><F8/><W41/><G41/><T74/><D74/><U22/><E10/><V129/><F129/><W15/><G15/><N who="0" m="9375" /><D23/><U109/><E109/><V25/><F25/><RYUUKYOKU ba="0,0" sc="221,15,260,-15,282,15,237,-15" hai0="36,43,45,52,55,84,95" hai2="49,54,59,66,71,86,87,89,94,96" /><INIT seed="2,1,0,1,4,134" ten="236,245,297,222" oya="2" hai0="15,99,49,86,7,63,31,26,47,68,76,29,101" hai1="109,13,16,102,108,91,127,1,43,52,21,135,90" hai2="17,45,106,36,2,73,78,132,48,89,28,27,103" hai3="122,46,8,44,22,5,104,34,55,100,105,112,81"/><V98/><F132/><W35/><G122/><T67/><D31/><U14/><E135/><V64/><F2/><W40/><G112/><T10/><D76/><U117/><E117/><V85/><F36/><W94/><G44/><T115/><D86/><U125/><E1/><V70/><F17/><W119/><G119/><T66/><D66/><U6/><E43/><V93/><F64/><W84/><G55/><T41/><D115/><U88/><E102/><V87/><F70/><W4/><G22/><T69/><D69/><U97/><E97/><V118/><F118/><W113/><G94/><T0/><D0/><U23/><E52/><V59/><F59/><W116/><G113/><T92/><D26/><U114/><E114/><V75/><F85/><W50/><G4/><T18/><REACH who="0" step="1"/><D29/><REACH who="0" ten="226,245,297,222" step="2"/><U133/><E133/><V111/><F78/><W58/><G116/><T39/><D39/><U54/><E54/><V61/><F27/><W62/><G84/><T72/><D72/><U3/><E3/><V20/><F28/><W131/><G35/><T82/><D82/><U11/><E23/><V30/><F20/><W56/><G81/><T130/><D130/><U110/><AGARI ba="1,1" hai="6,11,13,14,16,21,88,90,91,108,109,110,125,127" machi="110" ten="40,12000,2" yaku="0,1,14,1,52,2,54,2" doraHai="134" who="1" fromWho="1" sc="226,-31,245,133,297,-61,222,-31" /><INIT seed="3,0,0,5,0,119" ten="195,378,236,191" oya="3" hai0="96,71,8,39,57,102,47,77,20,87,49,22,16" hai1="80,115,14,129,85,101,110,68,0,79,34,64,58" hai2="116,41,133,28,24,40,78,100,63,117,25,12,65" hai3="107,55,113,19,106,121,94,51,46,70,67,53,66"/><W3/><G3/><T124/><D71/><U36/><E0/><V10/><F133/><W90/><G113/><T95/><D124/><U27/><E115/><V17/><F78/><W26/><G121/><T99/><D39/><U2/><E2/><V31/><F100/><W98/><G55/><T108/><D108/><U84/><E68/><V33/><F41/><W54/><G54/><T134/><D57/><U30/><E36/><V69/><REACH who="2" step="1"/><F40/><REACH who="2" ten="195,378,226,191" step="2"/><W112/><G112/><T75/><D134/><U21/><E101/><V93/><F93/><W125/><G125/><T42/><D75/><U132/><E132/><V74/><F74/><W35/><G70/><T38/><D38/><U88/><E110/><V120/><F120/><W73/><G73/><T86/><D77/><U83/><E79/><V128/><F128/><W9/><G107/><T111/><D111/><U104/><E104/><V126/><F126/><W23/><G106/><T50/><D102/><U114/><E114/><V45/><F45/><W109/><G109/><T91/><D95/><U62/><E129/><V131/><F131/><W5/><G35/><AGARI ba="0,1" hai="10,12,17,24,25,28,31,33,35,63,65,69,116,117" machi="35" ten="30,3900,0" yaku="1,1,7,1,9,1,53,0" doraHai="119" doraHaiUra="48" who="2" fromWho="3" sc="195,0,378,0,226,49,191,-39" /><INIT seed="4,0,0,2,3,47" ten="195,378,275,152" oya="0" hai0="90,21,37,118,29,131,4,68,55,81,102,104,70" hai1="39,72,64,43,63,94,98,62,30,15,8,84,124" hai2="74,54,18,5,17,10,24,33,76,0,7,91,127" hai3="71,121,103,3,83,38,32,122,114,59,78,125,26"/><T113/><D118/><U97/><E72/><V106/><F106/><W96/><G59/><T69/><D37/><U100/><E30/><V108/><F108/><W46/><G114/><T61/><D113/><U95/><E124/><V134/><F134/><W12/><G12/><T135/><D135/><U44/><E84/><V92/><F5/><W132/><G132/><T34/><D34/><U79/><E79/><V75/><F127/><W11/><G125/><T41/><D41/><U50/><E39/><V52/><F33/><W99/><G99/><T93/><D131/><U126/><E64/><V88/><F76/><W25/><G25/><T77/><D4/><U89/><E126/><V66/><F66/><W56/><G56/><T51/><D61/><U119/><E119/><V16/><F24/><W129/><G71/><T20/><D102/><U105/><E105/><V48/><F54/><W123/><G129/><T86/><D29/><U110/><E110/><V1/><F1/><W117/><G117/><T42/><D42/><U28/><E28/><V116/><F116/><W80/><G80/><T9/><D9/><U67/><E67/><V45/><REACH who="2" step="1"/><F91/><REACH who="2" ten="195,378,265,152" step="2"/><W58/><G26/><T107/><D107/><U60/><E89/><V87/><AGARI ba="0,1" hai="0,7,10,16,17,18,45,48,52,74,75,87,88,92" machi="87" ten="30,12000,2" yaku="1,1,2,1,0,1,52,1,54,3,53,0" doraHai="47" doraHaiUra="31" who="2" fromWho="2" sc="195,-60,378,-30,265,130,152,-30" /><INIT seed="5,0,0,0,3,121" ten="135,348,395,122" oya="1" hai0="130,42,36,100,79,105,27,74,52,88,65,120,124" hai1="43,47,113,126,56,64,53,18,8,50,92,41,71" hai2="7,76,80,17,116,68,127,115,114,23,4,110,9" hai3="0,99,86,25,81,72,109,26,77,57,128,24,101"/><U1/><E113/><N who="2" m="43019" /><F68/><W135/><G0/><T20/><D65/><U63/><E126/><V44/><F116/><W94/><G135/><T123/><D130/><U58/><E92/><V39/><F110/><W62/><G128/><T134/><D134/><U119/><E119/><V35/><F35/><W118/><G118/><T129/><D129/><U106/><E106/><V48/><F9/><W5/><G5/><T95/><D124/><U3/><E43/><N who="2" m="24607" /><F39/><W60/><G109/><T28/><D42/><U40/><E40/><V69/><F69/><W19/><G72/><T102/><D36/><U104/><E104/><V11/><F11/><W133/><G133/><T98/><D105/><U49/><E71/><V93/><F93/><W96/><G96/><T112/><D112/><U90/><E90/><V55/><F55/><W59/><G19/><T91/><D91/><U30/><E30/><V70/><F70/><W111/><G111/><T22/><D22/><U15/><AGARI ba="0,0" hai="1,3,8,15,18,41,47,49,50,53,56,58,63,64" machi="15" ten="30,1500,0" yaku="0,1" doraHai="121" who="1" fromWho="1" sc="135,-5,348,15,395,-5,122,-5" /><INIT seed="5,1,0,1,4,7" ten="130,363,390,117" oya="1" hai0="110,20,59,86,40,46,124,81,119,83,85,98,28" hai1="87,105,24,115,104,26,32,43,34,74,93,37,14" hai2="39,41,52,58,102,94,44,27,76,103,33,95,90" hai3="0,70,72,131,48,56,57,6,53,13,9,117,112"/><U49/><E74/><V55/><F76/><W38/><G70/><T100/><D110/><U132/><E37/><V50/><F94/><W47/><G112/><T101/><D119/><U135/><E115/><V62/><F27/><N who="1" m="10281" /><E14/><V21/><F21/><W68/><G68/><T107/><D20/><U64/><E64/><V35/><F35/><N who="1" m="13353" /><E87/><V1/><F1/><W125/><G131/><T51/><D28/><U75/><E93/><V89/><F89/><W77/><G125/><T134/><D134/><N who="1" m="51243" /><E75/><V122/><F122/><W111/><G111/><T19/><D124/><U12/><E12/><V16/><F33/><W23/><G117/><T97/><D19/><U10/><E10/><V29/><F16/><W121/><G121/><T126/><D126/><U84/><E84/><V118/><F29/><W54/><G38/><T129/><D129/><U108/><E108/><V36/><F118/><W15/><G15/><T8/><D8/><U60/><E60/><V2/><F2/><W82/><G54/><T109/><D109/><U113/><E113/><V71/><F39/><W61/><G61/><T106/><D85/><U133/><N who="1" m="51251" /><U45/><AGARI ba="1,0" hai="43,45,49,104,105" m="51251,13353,10281" machi="45" ten="50,4800,0" yaku="4,1,20,1" doraHai="7" who="1" fromWho="1" sc="130,-17,363,51,390,-17,117,-17" /><INIT seed="5,2,0,4,2,15" ten="113,414,373,100" oya="1" hai0="117,97,52,110,22,89,96,54,120,100,112,79,47" hai1="127,36,51,30,108,9,23,122,32,7,67,80,82" hai2="74,123,59,114,5,0,66,40,49,12,33,91,125" hai3="86,77,63,115,25,48,70,104,35,34,78,126,19"/><U73/><E122/><V88/><F0/><W68/><G115/><T37/><D110/><U57/><E36/><V61/><F33/><W132/><G104/><T65/><D117/><U41/><E32/><V31/><F74/><W8/><G35/><T14/><D112/><U109/><E73/><V121/><F31/><W46/><G132/><T50/><D79/><U133/><E133/><V6/><F125/><W105/><G105/><T17/><D120/><U10/><E127/><V13/><F114/><W87/><G126/><T76/><D76/><U111/><E10/><V99/><F121/><W128/><G34/><T81/><D65/><U29/><E67/><V28/><F28/><N who="1" m="10857" /><E23/><V20/><F123/><W93/><G128/><T119/><D37/><U18/><E57/><V130/><F130/><W102/><G77/><T43/><D119/><U1/><E18/><N who="2" m="10311" /><F99/><N who="0" m="37962" /><D100/><U135/><E135/><V16/><F6/><W45/><G102/><T103/><D103/><U85/><E85/><AGARI ba="2,0" hai="14,17,22,43,47,50,52,54,81,85,89" m="37962" machi="85" ten="30,3900,0" yaku="8,1,52,1,54,1" doraHai="15" who="0" fromWho="1" sc="113,45,414,-45,373,0,100,0" /><INIT seed="6,0,0,4,1,51" ten="158,369,373,100" oya="2" hai0="76,56,33,78,94,108,72,11,43,9,38,2,122" hai1="1,67,62,104,69,41,128,52,132,103,118,29,0" hai2="119,101,39,65,19,45,63,120,12,107,8,81,3" hai3="124,17,18,95,133,61,113,64,89,110,22,135,47"/><V58/><F120/><W93/><G110/><T84/><D108/><U6/><E118/><V30/><F119/><W112/><G47/><T111/><D33/><U80/><E41/><V34/><F3/><W127/><G61/><T83/><D111/><U42/><E42/><V60/><F39/><W31/><G31/><T74/><D122/><U44/><E29/><V109/><F109/><W54/><G54/><T106/><D106/><U88/><E128/><V13/><F45/><W50/><G50/><T98/><D76/><U66/><E66/><V49/><F49/><W79/><G79/><T96/><D96/><U20/><E20/><V115/><F115/><N who="3" m="44107" /><G64/><T10/><D2/><U121/><E121/><V16/><F30/><W4/><G4/><T97/><D97/><U21/><E21/><V57/><F34/><W5/><G5/><T125/><D125/><N who="3" m="48201" /><G18/><T36/><D56/><U85/><E6/><V82/><F107/><W99/><G95/><T116/><D116/><U26/><E104/><V59/><F59/><W102/><G102/><T91/><REACH who="0" step="1"/><D43/><REACH who="0" ten="148,369,373,100" step="2"/><U37/><E0/><V134/><F101/><W7/><G7/><T130/><D130/><U53/><E1/><V92/><F58/><W77/><G77/><T87/><D87/><U100/><E103/><V46/><F63/><W48/><G48/><T68/><D68/><U105/><E100/><V90/><F46/><W129/><G129/><T70/><D70/><U123/><E123/><V71/><F71/><W35/><G35/><T27/><D27/><AGARI ba="0,1" hai="17,22,27,89,93,99,133,135" m="48201,44107" machi="27" ten="30,3900,0" yaku="15,1,11,1,18,1" doraHai="51" who="3" fromWho="0" sc="148,-39,369,0,373,0,100,49" /><INIT seed="7,0,0,1,5,115" ten="109,369,373,149" oya="3" hai0="55,126,3,81,35,74,91,128,41,99,38,5,119" hai1="86,19,32,43,70,24,129,11,63,87,25,84,116" hai2="61,78,44,29,132,18,67,46,94,2,50,51,75" hai3="83,131,133,64,105,13,71,20,73,85,58,59,112"/><W36/><G112/><T15/><D35/><U45/><E116/><V62/><F2/><W79/><G36/><T108/><D108/><U111/><E111/><V27/><F132/><W57/><G133/><T96/><D128/><U8/><E129/><V90/><F78/><W77/><G131/><T52/><D126/><U37/><E25/><V121/><F75/><W60/><G105/><T117/><D15/><U1/><E1/><V16/><F121/><W66/><G66/><T100/><D96/><U123/><E123/><V31/><F67/><W12/><G79/><N who="0" m="44279" /><D91/><U14/><E8/><V26/><F90/><W65/><G65/><T113/><D113/><U135/><E70/><V68/><F94/><W54/><G73/><T122/><D122/><U130/><E130/><V82/><F82/><W0/><G0/><T109/><D109/><U120/><E120/><V124/><F124/><W34/><G34/><T6/><D6/><U134/><REACH who="1" step="1"/><E63/><REACH who="1" ten="109,359,373,149" step="2"/><V47/><F47/><W127/><G127/><T125/><D125/><U40/><E40/><V21/><F21/><W106/><G106/><N who="0" m="63775" /><D55/><U10/><E10/><V114/><F114/><W69/><G69/><AGARI ba="0,1" hai="16,18,26,27,29,31,44,46,50,51,61,62,68,69" machi="69" ten="25,3200,0" yaku="22,2,54,1" doraHai="115" who="2" fromWho="3" sc="109,0,359,0,373,42,149,-32" owari="109,-39.0,359,16.0,415,51.0,117,-28.0" /></mjloggm>