<mjloggm ver="2.3"><GO type="169" lobby="0"/><UN n0="%E2%80%BB%34%33%33%E2%80%BB" n1="%E7%B4%85%E9%A1%94%E3%81%AE%E7%BE%8E%E5%B0%91%E5%B9%B4" n2="%41%72%63%61%64%65" n3="%E3%83%88%E3%83%88%E3%83%AA%E5%85%88%E7%94%9F%31%39%E6%AD%B3" dan="16,17,16,18" rate="2023.62,2036.43,2081.42,2212.20" sx="M,M,M,F"/><TAIKYOKU oya="0"/><INIT seed="0,0,0,4,3,73" ten="250,250,250,250" oya="0" hai0="22,95,79,16,102,115,96,127,31,11,103,91,108" hai1="51,120,20,17,18,63,35,42,58,55,133,92,8" hai2="15,49,128,122,78,13,28,85,101,90,86,33,36" hai3="67,113,130,2,4,123,112,124,14,114,99,59,6"/><T125/><D115/><U64/><E133/><V132/><F36/><W10/><G67/><T46/><D31/><U129/><E129/><V118/><F122/><W40/><G40/><T60/><D108/><U5/><E35/><V72/><F118/><W29/><G59/><T3/><D46/><U44/><E120/><V50/><F72/><W109/><G99/><T68/><D68/><U12/><E92/><V80/><F128/><W62/><G62/><T56/><D3/><U81/><E81/><V48/><F132/><W89/><G89/><T57/><D11/><U110/><E110/><V30/><F101/><W119/><G123/><T121/><D121/><U0/><REACH who="1" step="1"/><E17/><REACH who="1" ten="250,240,250,250" step="2"/><V39/><F33/><W34/><G109/><T106/><D95/><U88/><E88/><V76/><F90/><W135/><G130/><T71/><D91/><U126/><E126/><V9/><F80/><W82/><G124/><T70/><D127/><U84/><E84/><V66/><F86/><W1/><G135/><T75/><D125/><U134/><E134/><V27/><F85/><W77/><G119/><T61/><D103/><U117/><E117/><V41/><F30/><W38/><G29/><T94/><D94/><U97/><E97/><V19/><F28/><W107/><G34/><T74/><D96/><U87/><E87/><V53/><F19/><W131/><G131/><T65/><D102/><U104/><E104/><V100/><F100/><W98/><G107/><T83/><D106/><U7/><E7/><N who="3" m="2602" /><G98/><T32/><D75/><U21/><E21/><V37/><F9/><W54/><G114/><RYUUKYOKU ba="0,1" sc="250,-10,240,30,250,-10,250,-10" hai1="0,5,8,12,18,20,42,44,51,55,58,63,64" /><INIT seed="1,1,1,0,1,71" ten="240,270,240,240" oya="1" hai0="10,38,40,123,97,132,7,70,75,41,19,103,62" hai1="105,63,98,61,80,100,42,55,81,45,89,101,64" hai2="56,109,72,119,0,86,1,95,22,76,12,104,25" hai3="116,26,32,18,121,51,135,48,36,58,53,16,20"/><U117/><E117/><V129/><F104/><W44/><G121/><T8/><D123/><U52/><E101/><V65/><F119/><W122/><G122/><T114/><D114/><U110/><E110/><V133/><F72/><W134/><G116/><T14/><D132/><N who="3" m="50729" /><G32/><T125/><D75/><U9/><E9/><V30/><F133/><W3/><G3/><T2/><D125/><U43/><E43/><V84/><F129/><W111/><G111/><T77/><D77/><U78/><E89/><V34/><F109/><W102/><G102/><T115/><D115/><U106/><E106/><V93/><F1/><W24/><G24/><T120/><D120/><U49/><E63/><N who="2" m="38119" /><F34/><W124/><G124/><T13/><D2/><U107/><E107/><V23/><F0/><W35/><G35/><T50/><D50/><U118/><E118/><V82/><F86/><W27/><G27/><T112/><D112/><U99/><E99/><V126/><F126/><W127/><G127/><T67/><D38/><U108/><E108/><V11/><F23/><W130/><G130/><T21/><REACH who="0" step="1"/><D10/><REACH who="0" ten="230,270,240,240" step="2"/><U5/><E78/><V92/><F11/><W90/><G36/><T91/><D91/><U66/><E49/><V57/><F76/><W131/><G90/><T47/><D47/><U74/><E45/><V68/><F30/><N who="3" m="17735" /><G131/><T46/><D46/><U28/><E74/><V31/><F31/><W96/><G48/><T17/><D17/><N who="3" m="6761" /><G44/><T94/><AGARI ba="1,2" hai="7,8,13,14,19,21,40,41,62,67,70,94,97,103" machi="94" ten="20,2700,0" yaku="1,1,0,1,7,1,53,0" doraHai="71" doraHaiUra="83" who="0" fromWho="0" sc="230,50,270,-14,240,-8,240,-8" /><INIT seed="2,0,0,2,0,64" ten="280,256,232,232" oya="2" hai0="12,128,96,106,95,88,25,79,32,46,123,61,53" hai1="57,91,17,117,80,78,51,42,66,4,56,119,33" hai2="118,2,89,58,35,100,112,87,85,30,113,122,16" hai3="31,86,29,124,24,14,1,132,93,104,65,0,76"/><V10/><F122/><W28/><G104/><T18/><D123/><U8/><E33/><V120/><F120/><W52/><G132/><T44/><D128/><U82/><E17/><V22/><F118/><W40/><G124/><T71/><D106/><U43/><E91/><V41/><F100/><W109/><G109/><T77/><D53/><U130/><E130/><V37/><F37/><W45/><G24/><T134/><D134/><U26/><E26/><N who="2" m="18903" /><F41/><W94/><G65/><T101/><D101/><U62/><E82/><N who="2" m="49335" /><F87/><W55/><G14/><T111/><D111/><U11/><E43/><V69/><F58/><W9/><G93/><T39/><D46/><U90/><E90/><V36/><F36/><W98/><G98/><T72/><D72/><U131/><E131/><V38/><F38/><W92/><G92/><T20/><D44/><U23/><E42/><V127/><F69/><W84/><G94/><T129/><D39/><U48/><E56/><V47/><F47/><W102/><G102/><T103/><D103/><U59/><E59/><V125/><F10/><W54/><G9/><T74/><D74/><N who="1" m="43095" /><E11/><V63/><F63/><W97/><G97/><T21/><D32/><U68/><E68/><V6/><F125/><W60/><G60/><T19/><REACH who="0" step="1"/><D129/><REACH who="0" ten="270,256,232,232" step="2"/><U133/><E133/><V73/><F73/><W81/><G45/><T27/><D27/><U83/><E117/><V75/><F75/><N who="3" m="43167" /><G40/><T107/><D107/><U115/><E119/><V50/><F127/><W3/><AGARI ba="0,1" hai="0,1,3,28,29,31,52,54,55,84,86" m="43167" machi="3" ten="40,5200,0" yaku="29,2,54,1" doraHai="64" who="3" fromWho="3" sc="270,-13,256,-13,232,-26,232,62" /><INIT seed="3,0,0,1,0,56" ten="257,243,206,294" oya="3" hai0="16,14,78,55,124,28,112,120,117,60,89,132,93" hai1="68,67,83,95,118,82,30,18,72,24,70,19,87" hai2="59,96,36,53,126,97,125,130,47,25,102,50,66" hai3="31,29,10,104,15,8,98,1,86,4,27,73,85"/><W46/><G73/><T39/><D117/><U101/><E118/><V128/><F25/><W62/><G46/><T54/><D120/><U69/><E72/><V108/><F108/><W0/><G104/><T74/><D112/><U20/><E83/><V57/><F97/><W49/><G49/><T3/><D3/><U42/><E42/><N who="2" m="22983" /><F96/><W64/><G98/><T92/><D39/><U110/><E110/><V34/><F34/><W33/><G29/><T107/><D107/><U17/><E95/><V7/><F7/><W134/><G134/><T105/><D105/><U115/><E115/><V37/><F37/><W77/><G77/><T52/><D28/><U133/><E133/><V90/><F90/><W13/><G1/><T11/><D132/><U129/><E129/><N who="2" m="49771" /><F102/><W122/><G122/><T22/><D89/><U32/><E101/><V99/><F99/><W131/><G131/><T38/><D38/><U76/><REACH who="1" step="1"/><E32/><REACH who="1" ten="257,233,206,294" step="2"/><V41/><F41/><W48/><G33/><T119/><D119/><U58/><E58/><V116/><F116/><W23/><G85/><T63/><D93/><U109/><E109/><V121/><F121/><W71/><G86/><T26/><D92/><U44/><E44/><V113/><F113/><W43/><G43/><T84/><D84/><U91/><E91/><V114/><F114/><W106/><G106/><T81/><D124/><U75/><E75/><V94/><F94/><W80/><G80/><T40/><D40/><U51/><E51/><V61/><AGARI ba="0,1" hai="50,53,57,59,61,66,125,126" m="49771,22983" machi="61" ten="30,7900,0" yaku="19,1,34,2,52,1" doraHai="56" who="2" fromWho="2" sc="257,-20,233,-20,206,89,294,-39" /><INIT seed="4,0,0,4,1,119" ten="237,213,295,255" oya="0" hai0="121,59,132,19,96,80,75,84,43,125,25,6,15" hai1="12,68,79,123,105,72,63,1,2,67,102,126,94" hai2="83,37,116,56,110,44,48,117,127,97,45,3,103" hai3="69,41,61,55,64,24,114,29,38,5,21,39,78"/><T95/><D121/><U9/><E123/><V18/><F110/><W7/><G114/><T62/><D125/><U32/><E126/><V113/><F127/><W33/><G78/><T98/><D132/><U27/><E94/><V36/><F113/><W115/><G115/><T8/><D75/><U107/><E12/><V51/><F3/><W10/><G41/><T99/><D43/><U23/><E9/><V120/><F56/><W76/><G7/><T26/><D95/><U129/><E129/><V73/><F120/><W109/><G109/><T71/><D71/><U47/><E47/><V89/><F18/><W77/><G77/><T131/><D131/><U65/><E65/><V35/><F35/><W133/><G133/><T50/><D50/><U134/><E23/><V28/><F28/><W66/><G55/><T87/><D6/><U92/><E92/><V100/><F89/><W34/><G66/><T46/><D46/><U106/><E102/><V111/><F111/><W40/><G40/><T57/><D87/><U124/><E124/><V101/><F101/><W58/><G58/><N who="0" m="22027" /><D62/><U91/><E91/><AGARI ba="0,0" hai="8,15,19,25,26,80,84,91,96,98,99" m="22027" machi="91" ten="30,1500,0" yaku="8,1" doraHai="119" who="0" fromWho="1" sc="237,15,213,-15,295,0,255,0" /><INIT seed="4,1,0,3,1,87" ten="252,198,295,255" oya="0" hai0="83,84,32,122,120,71,45,108,4,27,29,105,69" hai1="133,116,41,15,81,52,8,1,123,76,132,9,5" hai2="39,67,85,106,112,59,75,63,20,17,102,113,23" hai3="126,100,88,31,56,77,70,26,38,118,103,51,130"/><T91/><D105/><U12/><E123/><V18/><F75/><W40/><G118/><T104/><D104/><U97/><E116/><V86/><F39/><W33/><G70/><T54/><D108/><U124/><E124/><V134/><F134/><W96/><G126/><T78/><D4/><U135/><E41/><V72/><F72/><W107/><G130/><T30/><D30/><U7/><E97/><V25/><F102/><W14/><G77/><T111/><D111/><U49/><E1/><V50/><F106/><W79/><G79/><T60/><D78/><U90/><E76/><V13/><REACH who="2" step="1"/><F50/><REACH who="2" ten="252,198,285,255" step="2"/><W11/><G38/><T24/><D122/><U43/><E43/><V2/><F2/><W119/><G119/><T57/><D120/><U129/><E129/><V0/><F0/><W16/><G40/><T110/><D110/><U37/><E37/><V58/><F58/><W61/><G51/><T21/><D45/><U47/><E133/><V117/><F117/><W19/><G103/><T48/><D48/><U3/><E3/><V128/><F128/><W89/><REACH who="3" step="1"/><G19/><REACH who="3" ten="252,198,285,245" step="2"/><T10/><D71/><U95/><E135/><V53/><F53/><AGARI ba="1,2" hai="11,14,16,26,31,33,53,56,61,88,89,96,100,107" machi="53" ten="30,12000,2" yaku="1,1,2,1,7,1,52,2,54,2,53,0" doraHai="87" doraHaiUra="34" who="3" fromWho="2" sc="252,0,198,0,285,-123,245,143" /><INIT seed="5,0,0,4,0,103" ten="252,198,162,388" oya="1" hai0="90,107,68,91,128,126,75,33,17,78,69,18,7" hai1="13,98,63,31,109,122,44,113,119,110,2,23,14" hai2="87,39,58,120,60,30,89,118,62,124,4,48,117" hai3="133,9,43,55,28,1,116,25,46,92,70,29,45"/><U79/><E2/><V42/><F120/><W132/><G70/><T47/><D33/><U121/><E79/><V84/><F124/><W88/><G116/><T35/><D35/><U93/><E119/><V16/><F39/><W22/><G28/><T125/><D128/><U12/><E44/><V57/><F30/><W100/><G100/><T26/><D26/><N who="1" m="16863" /><E63/><V54/><F4/><N who="3" m="1167" /><G55/><T6/><D47/><U134/><E93/><V5/><F5/><W49/><G49/><T40/><D40/><U50/><E98/><V111/><F42/><W24/><G24/><T82/><D82/><U106/><E50/><V73/><F73/><W34/><G34/><T41/><D41/><U53/><E53/><V81/><F48/><W3/><G3/><T0/><D0/><U74/><E74/><V51/><F51/><W114/><G43/><T85/><D75/><U38/><E38/><V11/><F87/><N who="3" m="52255" /><G114/><T10/><D85/><U131/><E113/><V129/><F129/><W127/><G127/><T80/><D80/><U108/><E106/><V56/><F56/><W20/><G20/><T97/><D97/><U21/><E131/><V72/><F72/><W94/><G94/><T123/><D123/><N who="1" m="47115" /><E21/><V59/><F59/><W95/><G95/><T104/><D78/><U76/><E76/><V19/><F117/><W65/><G65/><T86/><D86/><U101/><E101/><V52/><F118/><W66/><G66/><T61/><D61/><U112/><E112/><V37/><F37/><W105/><G105/><T99/><D99/><U27/><E27/><V130/><F130/><RYUUKYOKU ba="0,0" sc="252,10,198,10,162,-30,388,10" hai0="6,7,10,17,18,68,69,90,91,104,107,125,126" hai1="12,13,14,108,109,110,134" hai3="22,25,29,45,46,132,133" /><INIT seed="5,1,0,3,4,81" ten="262,208,132,398" oya="1" hai0="92,89,103,5,52,28,44,121,96,49,31,129,98" hai1="93,78,74,66,3,26,37,21,71,125,70,6,34" hai2="11,58,53,112,55,29,110,80,27,63,132,35,91" hai3="14,61,60,38,105,45,59,76,126,62,8,133,24"/><U32/><E125/><V107/><F110/><W85/><G105/><T57/><D129/><U116/><E116/><V99/><F132/><W82/><G126/><T0/><D121/><U117/><E37/><V101/><F112/><W65/><G133/><T20/><D20/><U10/><E117/><V72/><F11/><W25/><G38/><T15/><D0/><U77/><E74/><V50/><F72/><W95/><G45/><T19/><D5/><U83/><E93/><V47/><F80/><W1/><G1/><T67/><D67/><U43/><E43/><V18/><F18/><N who="3" m="8519" /><G95/><N who="0" m="58847" /><D44/><U7/><E7/><V30/><F91/><W111/><G111/><T33/><D33/><U124/><E124/><V64/><REACH who="2" step="1"/><F29/><REACH who="2" ten="262,208,122,398" step="2"/><W135/><G135/><T122/><D122/><U100/><E10/><V134/><F134/><W88/><G76/><T22/><AGARI ba="1,1" hai="15,19,22,28,31,49,52,57,89,92,96" m="58847" machi="22" ten="30,2000,0" yaku="8,1,54,1" doraHai="81" who="0" fromWho="0" sc="262,33,208,-11,122,-6,398,-6" /><INIT seed="6,0,0,4,1,42" ten="295,197,116,392" oya="2" hai0="65,75,41,102,101,63,115,78,96,125,30,104,91" hai1="43,92,17,126,131,112,44,73,60,61,21,48,88" hai2="38,108,3,110,53,84,22,58,93,77,16,89,0" hai3="76,100,10,83,15,127,11,45,106,20,39,57,80"/><V71/><F71/><W46/><G39/><T5/><D115/><U87/><E73/><V72/><F38/><W133/><G106/><T124/><D30/><U18/><E112/><V9/><F72/><W122/><G122/><T130/><D5/><U69/><E126/><V135/><F77/><W111/><G111/><N who="2" m="42537" /><F9/><N who="3" m="3083" /><G100/><T6/><D6/><U66/><E131/><V8/><F8/><W14/><G133/><T23/><D23/><U132/><E132/><V19/><F135/><W64/><G127/><T37/><D130/><U134/><E134/><V82/><F82/><N who="3" m="31275" /><G76/><T34/><D78/><U28/><REACH who="1" step="1"/><E61/><REACH who="1" ten="295,187,116,392" step="2"/><N who="2" m="36047" /><F19/><N who="3" m="10359" /><G15/><AGARI ba="0,1" hai="0,3,15,16,22,84,89,93" m="36047,42537" machi="15" ten="30,2900,0" yaku="10,1,54,1" doraHai="42" who="2" fromWho="3" sc="295,0,187,0,116,39,392,-29" /><INIT seed="6,1,0,2,0,49" ten="295,187,155,363" oya="2" hai0="91,74,20,103,6,120,51,81,122,68,109,39,127" hai1="121,58,14,25,2,92,44,93,31,100,63,135,94" hai2="105,64,41,38,21,99,8,16,23,9,118,82,10" hai3="15,117,115,35,46,57,19,96,27,13,33,126,73"/><V80/><F118/><W70/><G117/><T52/><D39/><U5/><E135/><V134/><F134/><W89/><G70/><T131/><D68/><U48/><E2/><V111/><F111/><W53/><G73/><T28/><D109/><U45/><E121/><V108/><F108/><W86/><G126/><T26/><D127/><U90/><E100/><V7/><F64/><W102/><G46/><T17/><D131/><U1/><E1/><V76/><F23/><N who="3" m="13823" /><G33/><T12/><D103/><U101/><E101/><V112/><F105/><W110/><G35/><T107/><D6/><U66/><E90/><V132/><F132/><W98/><G115/><T11/><D107/><U60/><E60/><V50/><F99/><N who="3" m="37931" /><G102/><T116/><D116/><U114/><E114/><V72/><F112/><W47/><G47/><T34/><D34/><U43/><E45/><N who="2" m="23735" /><F50/><N who="3" m="30903" /><G110/><T130/><D130/><U40/><E40/><V29/><F29/><W77/><G77/><T78/><REACH who="0" step="1"/><D91/><REACH who="0" ten="285,187,155,363" step="2"/><U56/><E5/><V18/><F7/><W104/><G104/><T54/><D54/><U0/><E43/><V67/><F67/><W3/><G3/><T79/><D79/><U124/><E0/><V75/><F76/><W42/><G42/><T62/><D62/><U61/><E124/><V125/><F125/><W129/><G129/><T83/><D83/><AGARI ba="1,1" hai="13,15,83,86,89" m="30903,37931,13823" machi="83" ten="30,2000,0" yaku="8,1,52,1" doraHai="49" who="3" fromWho="0" sc="285,-23,187,0,155,0,363,33" /><INIT seed="7,0,0,4,1,11" ten="262,187,155,396" oya="3" hai0="103,124,80,89,116,9,122,10,104,32,113,46,106" hai1="12,41,83,27,18,121,39,86,70,118,53,5,99" hai2="24,65,60,3,52,42,20,105,132,81,47,6,34" hai3="58,14,82,28,87,62,22,97,109,71,57,85,135"/><W25/><G71/><T19/><D89/><U38/><E70/><V51/><F132/><W127/><G135/><T26/><D103/><U64/><E64/><V13/><F105/><W73/><G73/><T108/><D80/><U120/><E5/><V78/><F3/><W92/><G127/><T100/><D100/><U36/><E41/><V115/><F115/><W0/><G0/><T126/><D46/><U48/><E27/><V114/><F114/><W21/><G109/><T98/><D98/><U35/><E99/><V69/><F34/><W75/><G75/><T134/><D106/><U4/><E4/><V107/><F107/><W84/><G82/><T61/><D61/><U54/><E35/><V79/><F81/><W45/><G45/><T44/><D44/><N who="1" m="27783" /><E54/><V23/><F42/><W125/><G125/><T76/><D104/><U67/><E67/><V93/><F93/><W130/><G62/><T30/><D32/><U43/><E118/><V68/><F68/><W119/><G119/><T95/><D26/><U2/><E2/><V111/><F111/><W90/><G97/><T1/><D108/><U117/><E43/><V101/><F101/><W74/><G74/><T59/><D113/><U33/><E33/><V15/><F15/><W77/><G25/><T50/><D116/><U66/><E117/><V16/><F6/><W123/><G92/><T96/><D134/><U88/><E66/><V55/><F55/><W91/><G85/><T17/><D126/><U31/><E31/><AGARI ba="0,0" hai="13,16,20,23,24,31,47,51,52,60,65,69,78,79" machi="31" ten="30,7700,0" yaku="7,1,52,1,54,2" doraHai="11" who="2" fromWho="1" sc="262,0,187,-77,155,77,396,0" owari="262,6.0,110,-39.0,232,-17.0,396,50.0" /></mjloggm>