<mjloggm ver="2.3"><GO type="169" lobby="0"/><UN n0="%E5%81%BD%E5%96%84%E8%80%85%E9%AB%98%E6%A9%8B%E3%81%BF%E3%81%AA%E3%81%BF" n1="%E5%BF%83%E6%BB%85" n2="%E3%83%88%E3%83%88%E3%83%AA%E5%85%88%E7%94%9F%31%39%E6%AD%B3" n3="%72%61%62%69%73%75%6B%65" dan="17,16,19,16" rate="2148.94,2126.06,2283.70,2104.12" sx="F,M,F,M"/><TAIKYOKU oya="0"/><INIT seed="0,0,0,1,5,128" ten="250,250,250,250" oya="0" hai0="33,54,32,51,111,93,71,31,26,3,133,59,117" hai1="34,45,132,60,7,35,108,89,100,83,15,28,82" hai2="14,57,135,98,72,40,129,4,38,80,74,9,18" hai3="23,64,109,101,134,69,2,87,88,52,115,5,79"/><T116/><D3/><U43/><E100/><V13/><F129/><W126/><G115/><T70/><D111/><U24/><E35/><V21/><F38/><W76/><G109/><T65/><D33/><U104/><E104/><V10/><F40/><W113/><G101/><T42/><D42/><U119/><E119/><V81/><F98/><W0/><G113/><T58/><D133/><U95/><E108/><V12/><F135/><W11/><G0/><T50/><D93/><U110/><E132/><V97/><F97/><W27/><G134/><T99/><D99/><U46/><E46/><V96/><F96/><W17/><G126/><T75/><D75/><U19/><E7/><V122/><F122/><W56/><G64/><T130/><D130/><U105/><E105/><V68/><F68/><W94/><REACH who="3" step="1"/><G69/><REACH who="3" ten="250,250,250,240" step="2"/><T53/><REACH who="0" step="1"/><D71/><REACH who="0" ten="240,250,250,240" step="2"/><U85/><E110/><V84/><F72/><W29/><G29/><T67/><D67/><U91/><E28/><V39/><F74/><W114/><G114/><T131/><D131/><U1/><E1/><V62/><F39/><W55/><G55/><T106/><D106/><U120/><E120/><V41/><F41/><W6/><G6/><T36/><D36/><U118/><E43/><V16/><F84/><W78/><G78/><T30/><D30/><U44/><E85/><V125/><F125/><W90/><G90/><T48/><D48/><AGARI ba="0,2" hai="2,5,11,17,23,27,48,52,56,76,79,87,88,94" machi="48" ten="30,7700,0" yaku="1,1,7,1,54,2,53,0" doraHai="128" doraHaiUra="123" who="3" fromWho="0" sc="240,-77,250,0,250,0,240,97" /><INIT seed="1,0,0,4,5,110" ten="163,250,250,337" oya="1" hai0="125,53,124,106,78,31,29,48,123,109,69,107,100" hai1="111,34,43,72,89,80,76,54,18,66,98,82,101" hai2="13,33,20,25,75,58,104,19,8,30,62,119,5" hai3="132,14,40,105,86,108,127,61,67,22,6,84,85"/><U46/><E111/><V118/><F75/><W15/><G105/><T65/><D109/><U49/><E34/><V102/><F102/><W1/><G108/><T114/><D78/><U64/><E18/><V115/><F104/><N who="0" m="39978" /><D100/><U131/><E131/><V32/><F32/><W121/><G121/><T12/><D123/><U74/><E101/><V16/><F19/><W36/><G1/><T130/><D130/><U128/><E128/><V122/><F115/><W55/><G6/><T112/><D12/><U96/><E74/><V134/><F134/><W77/><G132/><T2/><D2/><U113/><E113/><N who="0" m="43625" /><D65/><U37/><E98/><V42/><F42/><W135/><G77/><T99/><D99/><U50/><E37/><V97/><F97/><W133/><G40/><T93/><D93/><N who="1" m="56367" /><E72/><V71/><F122/><W56/><G36/><T45/><D69/><U88/><E76/><V73/><F71/><W38/><G38/><T63/><D63/><U129/><E129/><V95/><F95/><W120/><G120/><T52/><D53/><U90/><E82/><V81/><F81/><W92/><G92/><T116/><D116/><U28/><E28/><V51/><F73/><W117/><G117/><T70/><D70/><U60/><E60/><V39/><F39/><W59/><G135/><T44/><D44/><N who="1" m="27975" /><E90/><V103/><F103/><W47/><G133/><T3/><D3/><U21/><E21/><V35/><F35/><W23/><G23/><T68/><D68/><U24/><E24/><N who="2" m="18631" /><F62/><W26/><G61/><T41/><D41/><U0/><E0/><N who="2" m="39" /><F25/><W57/><G26/><RYUUKYOKU ba="0,0" sc="163,10,250,10,250,10,337,-30" hai0="29,31,45,48,52,124,125" hai1="43,46,49,64,66,80,88" hai2="13,16,20,51,58,118,119" /><INIT seed="1,1,0,0,4,131" ten="173,260,260,307" oya="1" hai0="25,65,45,89,125,37,20,104,113,55,51,95,66" hai1="118,39,78,68,44,1,133,103,129,60,134,7,2" hai2="88,59,110,10,35,26,52,54,108,72,29,98,17" hai3="50,16,91,42,84,100,81,33,120,109,14,106,107"/><U94/><E118/><V79/><F72/><W43/><G33/><T46/><D113/><U112/><E112/><V15/><F79/><W21/><G120/><T23/><D104/><U69/><E78/><V58/><F58/><W48/><G109/><N who="2" m="42089" /><F59/><W70/><G70/><N who="1" m="27242" /><E60/><V77/><F77/><W47/><G100/><T22/><D125/><U38/><E129/><V93/><AGARI ba="1,0" hai="10,15,17,26,29,35,52,54,88,93,98" m="42089" machi="93" ten="30,4000,0" yaku="14,1,54,2" doraHai="131" who="2" fromWho="2" sc="173,-11,260,-21,260,43,307,-11" /><INIT seed="2,0,0,1,5,64" ten="162,239,303,296" oya="2" hai0="68,111,18,135,114,55,118,63,10,65,102,58,112" hai1="72,21,51,36,1,103,116,30,13,77,100,106,130" hai2="128,46,81,34,26,131,98,17,71,62,66,86,60" hai3="6,80,50,108,44,134,39,0,74,61,78,117,38"/><V59/><F46/><W83/><G117/><T132/><D102/><U2/><E36/><V7/><F7/><W23/><G134/><N who="0" m="51243" /><D18/><U29/><E51/><V75/><F75/><W93/><G108/><T122/><D10/><U16/><E116/><V129/><F98/><W67/><G83/><T95/><D95/><U19/><E13/><V91/><F17/><W104/><G104/><T4/><D4/><U14/><E14/><V105/><F105/><W12/><G0/><T82/><D82/><U126/><E106/><V54/><F34/><W125/><G93/><T115/><D118/><U97/><E97/><V3/><REACH who="2" step="1"/><F26/><REACH who="2" ten="162,239,293,296" step="2"/><W109/><G6/><T121/><D111/><U49/><E72/><V96/><F96/><W37/><G109/><T127/><D127/><U107/><E107/><V120/><F120/><W94/><G125/><T123/><D123/><U113/><E126/><V89/><F89/><W11/><G74/><T22/><D22/><U52/><E21/><V70/><F70/><W43/><G23/><T133/><D133/><U42/><E19/><V87/><F87/><W73/><G73/><T101/><D101/><U31/><E16/><V9/><F9/><W92/><G11/><T28/><D28/><U110/><E31/><V90/><F90/><W53/><G78/><T48/><AGARI ba="0,1" hai="48,55,58,63,65,68,112,114,115,121,122" m="51243" machi="48" ten="40,8000,1" yaku="20,1,34,2,52,1" doraHai="64" who="0" fromWho="0" sc="162,90,239,-20,293,-40,296,-20" /><INIT seed="3,0,0,2,5,71" ten="252,219,253,276" oya="3" hai0="57,132,112,109,26,22,35,11,77,41,48,88,4" hai1="56,51,113,12,111,85,130,55,49,2,133,119,70" hai2="92,62,9,20,80,24,131,16,31,53,100,13,106" hai3="18,46,59,121,102,118,123,34,78,65,68,135,86"/><W50/><G34/><T8/><D35/><U84/><E2/><V91/><F131/><W108/><G68/><T90/><D109/><U103/><E113/><V126/><F126/><W114/><G114/><T82/><D112/><U96/><E70/><V28/><F106/><W73/><G73/><T40/><D132/><U37/><E111/><V81/><F100/><W87/><G102/><T107/><D107/><U104/><E133/><V64/><F31/><W127/><G118/><T17/><D77/><U47/><E130/><V120/><F120/><W98/><G98/><T23/><D23/><U38/><E119/><V0/><F0/><W60/><G108/><T63/><D48/><U27/><E27/><V10/><F10/><N who="0" m="3626" /><D4/><U122/><E12/><V19/><F28/><W89/><G135/><T58/><D58/><U29/><E29/><V128/><F128/><W69/><G18/><T95/><D82/><U3/><E3/><V74/><F74/><W124/><G69/><T125/><D125/><N who="3" m="48201" /><G78/><T44/><D44/><U15/><E15/><V116/><F116/><W54/><G87/><N who="0" m="52639" /><D90/><U32/><E32/><V45/><F91/><W79/><G79/><T39/><D39/><U134/><E134/><V25/><F25/><W33/><G33/><T117/><D117/><U110/><E110/><V93/><F24/><W101/><G101/><T76/><D76/><U105/><E105/><V129/><F129/><W52/><G65/><AGARI ba="0,0" hai="17,22,26,40,41,57,63,65" m="52639,3626" machi="65" ten="30,2000,0" yaku="8,1,54,1" doraHai="71" who="0" fromWho="3" sc="252,20,219,0,253,0,276,-20" /><INIT seed="4,0,0,5,1,26" ten="272,219,253,256" oya="0" hai0="97,5,2,13,47,112,118,100,17,102,133,6,95" hai1="92,25,39,83,79,53,56,43,128,7,93,88,68" hai2="4,86,60,22,63,49,103,109,69,37,121,24,20" hai3="72,29,105,51,30,34,126,32,9,70,77,132,45"/><T91/><D118/><U110/><E110/><V38/><F109/><W41/><G105/><T111/><D111/><U96/><E68/><V52/><F121/><W119/><G70/><T33/><D112/><U16/><E128/><V90/><F4/><N who="0" m="1642" /><D33/><U11/><E39/><V107/><F20/><W65/><G65/><T129/><D2/><U99/><E43/><V123/><F123/><W122/><G9/><N who="0" m="6319" /><D129/><U27/><E7/><V12/><F12/><W0/><G0/><T48/><D133/><U64/><E64/><V113/><F113/><W120/><G34/><T114/><D114/><U98/><E11/><V73/><F73/><W116/><G32/><T58/><D58/><U1/><E1/><V67/><F63/><W75/><G75/><T131/><D131/><U54/><E54/><AGARI ba="0,0" hai="47,48,54,91,95,97,100,102" m="6319,1642" machi="54" ten="30,1500,0" yaku="8,1" doraHai="26" who="0" fromWho="1" sc="272,15,219,-15,253,0,256,0" /><INIT seed="4,1,0,3,4,85" ten="287,204,253,256" oya="0" hai0="60,89,0,5,39,130,7,59,74,65,50,79,131" hai1="16,47,33,25,30,108,9,21,115,81,54,4,27" hai2="19,134,95,1,96,120,13,29,87,14,118,49,67" hai3="41,46,63,62,6,127,32,45,36,12,58,38,93"/><T104/><D104/><U122/><E108/><V40/><F120/><W92/><G32/><T86/><D39/><U28/><E122/><V73/><F73/><W103/><G127/><T61/><D50/><U23/><E81/><V133/><F1/><W35/><G35/><T43/><D43/><U17/><E115/><V90/><F118/><W114/><G114/><T129/><D0/><N who="1" m="135" /><E54/><V71/><F29/><N who="1" m="11369" /><E47/><N who="2" m="25831" /><F19/><N who="1" m="7241" /><E33/><V77/><F71/><W107/><G63/><T112/><D112/><U20/><AGARI ba="1,0" hai="20,21,23,25,27" m="7241,11369,135" machi="20" ten="30,12000,2" yaku="35,5,54,1" doraHai="85" who="1" fromWho="1" sc="287,-61,204,123,253,-31,256,-31" /><INIT seed="5,0,0,0,5,111" ten="226,327,222,225" oya="1" hai0="76,101,81,17,122,83,117,62,118,105,44,1,6" hai1="26,46,131,124,0,108,86,31,23,112,65,43,121" hai2="8,98,116,84,49,28,70,100,53,103,94,89,35" hai3="99,3,60,32,51,75,48,42,7,90,128,50,79"/><U126/><E108/><V93/><F116/><W55/><G32/><T123/><D62/><U2/><E121/><N who="0" m="46089" /><D17/><U38/><E65/><V73/><F73/><W52/><G79/><T66/><D66/><U4/><E131/><V97/><F70/><W59/><G75/><N who="0" m="43167" /><D83/><U72/><E72/><V69/><F69/><W129/><G7/><T45/><D101/><U14/><E86/><V30/><F35/><W21/><G3/><T19/><D19/><U125/><E112/><V87/><F8/><AGARI ba="0,0" hai="0,2,4,8,14,23,26,31,38,43,46,124,125,126" machi="8" ten="40,2000,0" yaku="18,1" doraHai="111" who="1" fromWho="2" sc="226,0,327,20,222,-20,225,0" /><INIT seed="5,1,0,3,3,108" ten="226,347,202,225" oya="1" hai0="38,41,23,0,72,44,135,15,71,77,5,42,43" hai1="76,26,49,63,78,48,91,129,18,102,110,39,37" hai2="89,58,27,99,69,62,96,22,88,74,68,95,85" hai3="94,45,20,30,50,19,86,17,65,131,123,134,13"/><U121/><E110/><V118/><F74/><W34/><G123/><T122/><D135/><U67/><E121/><V6/><F118/><W25/><G65/><T16/><D71/><U1/><E1/><V133/><F133/><W56/><G56/><T33/><D33/><U12/><E39/><V93/><F6/><W52/><G134/><T116/><D116/><U81/><E37/><V79/><F79/><W57/><G57/><T84/><D84/><U126/><E102/><V120/><F120/><W97/><G86/><T29/><D29/><U127/><E26/><V106/><F106/><W75/><G75/><T70/><D70/><U115/><E91/><V114/><F85/><W92/><G131/><T90/><D90/><U80/><E129/><V32/><F32/><W104/><G104/><T105/><D105/><U31/><E31/><V35/><F35/><W14/><REACH who="3" step="1"/><G97/><REACH who="3" ten="226,347,202,215" step="2"/><T117/><D122/><U61/><E67/><V60/><F60/><W46/><G46/><T83/><D117/><U82/><E63/><V10/><F68/><W3/><G3/><T36/><D36/><U109/><E61/><V51/><F69/><W119/><G119/><T24/><D24/><U98/><E109/><V125/><F62/><W59/><G59/><T54/><D54/><U66/><E66/><V112/><F58/><W113/><G113/><N who="2" m="43625" /><F51/><W130/><G130/><T107/><D107/><U7/><E49/><V73/><F73/><W2/><G2/><T100/><D38/><U55/><E48/><V40/><F99/><W128/><G128/><T111/><D111/><U21/><E115/><RYUUKYOKU ba="1,1" sc="226,-10,347,-10,202,-10,215,30" hai3="13,14,17,19,20,25,30,34,45,50,52,92,94" /><INIT seed="6,2,1,4,2,19" ten="216,337,192,245" oya="2" hai0="99,1,49,95,107,88,80,47,131,45,83,134,31" hai1="103,130,21,129,76,61,77,46,122,117,55,89,20" hai2="63,106,40,18,111,93,65,13,92,135,15,56,39" hai3="118,87,84,119,7,58,53,9,102,17,43,98,10"/><V72/><F72/><W8/><G43/><T32/><D1/><U79/><E117/><V25/><F106/><W101/><G7/><T66/><D134/><U127/><E127/><V78/><F78/><W14/><G119/><T12/><D131/><N who="1" m="50187" /><E122/><V11/><F135/><W121/><G121/><T110/><D110/><U82/><E103/><N who="3" m="39434" /><G98/><T97/><D107/><U75/><E75/><V120/><F120/><W64/><G64/><T26/><D66/><U115/><E115/><V35/><F111/><W0/><G0/><T2/><D2/><U27/><E27/><V96/><F96/><W60/><G118/><T22/><D99/><U105/><E105/><V81/><F40/><W3/><G3/><T4/><D45/><U52/><E46/><V67/><F39/><W73/><G73/><T16/><D4/><U133/><E133/><V68/><F67/><W74/><G74/><T38/><D38/><U23/><E61/><V108/><F108/><W42/><G42/><AGARI ba="2,1" hai="12,16,22,26,31,32,42,47,49,80,83,88,95,97" machi="42" ten="30,7700,0" yaku="7,1,52,1,54,2" doraHai="19" who="0" fromWho="3" sc="216,93,337,0,192,0,245,-83" /><INIT seed="7,0,0,5,0,95" ten="309,337,192,162" oya="3" hai0="91,128,65,89,2,101,54,60,118,73,53,105,49" hai1="8,19,56,120,61,127,117,72,6,59,5,76,64" hai2="109,63,42,43,106,21,66,41,10,74,131,77,70" hai3="110,11,96,20,108,31,83,132,78,90,29,3,86"/><W121/><G121/><T67/><D2/><U37/><E37/><V122/><F109/><N who="3" m="42091" /><G132/><T22/><D73/><U1/><E120/><V85/><F122/><W7/><G20/><T9/><D118/><U0/><E127/><V48/><F21/><W112/><G112/><T115/><D115/><U82/><E117/><V130/><F74/><W27/><G27/><T133/><D133/><U93/><E19/><V55/><F10/><W46/><G46/><T33/><D33/><U13/><E6/><V100/><F130/><W17/><G17/><T50/><D128/><U40/><E40/><V32/><F32/><W116/><G116/><T12/><D22/><U80/><E80/><V126/><F126/><W45/><G45/><N who="0" m="27823" /><D101/><U119/><E119/><V107/><F131/><W69/><G69/><T135/><D105/><U25/><E25/><V18/><F18/><W84/><G96/><T88/><D60/><U99/><E59/><V52/><F70/><W98/><G98/><T23/><D23/><U104/><E104/><V38/><F38/><W35/><G35/><T36/><D36/><U79/><E79/><V30/><F107/><W125/><G125/><T81/><D135/><U113/><E113/><V16/><F106/><W102/><G102/><AGARI ba="0,0" hai="0,1,5,8,13,56,61,64,72,76,82,93,99,102" machi="102" ten="30,2000,0" yaku="7,1,52,1" doraHai="95" who="1" fromWho="3" sc="309,0,337,20,192,0,162,-20" owari="309,11.0,357,46.0,192,-21.0,142,-36.0" /></mjloggm>