<mjloggm ver="2.3"><GO type="169" lobby="0"/><UN n0="%E5%B0%B1%E6%B4%BB%E7%94%9F%40%E5%B7%9D%E6%9D%91%E8%BB%8D%E5%9B%A3" n1="%E7%B5%B6%E5%AF%BE%E4%B8%8D%E5%8F%AF%E4%BE%B5%E9%A0%98%E5%9F%9F" n2="%E3%83%9E%E3%82%A6%E3%83%AD%E3%83%BB%E3%82%B7%E3%82%A6%E3%83%90" n3="%E3%81%BE%E3%82%8B" dan="17,17,17,16" rate="2178.75,2179.91,2169.91,2161.82" sx="M,M,M,M"/><TAIKYOKU oya="0"/><INIT seed="0,0,0,4,3,7" ten="250,250,250,250" oya="0" hai0="77,125,54,17,60,68,67,92,41,64,82,6,34" hai1="97,108,105,72,119,104,134,27,0,22,18,80,86" hai2="26,47,25,95,122,61,16,63,106,94,91,21,56" hai3="81,89,88,116,109,128,123,115,15,126,101,33,70"/><T66/><D125/><U127/><E119/><V83/><F106/><W71/><G116/><T78/><D34/><U129/><E127/><V43/><F122/><W107/><G126/><T133/><D133/><U46/><E72/><V135/><F135/><W14/><G33/><T2/><D41/><U111/><E134/><V110/><F110/><N who="1" m="42025" /><E129/><V42/><F83/><W130/><G109/><T73/><D77/><N who="1" m="46351" /><E0/><V124/><F95/><W19/><G123/><T3/><D3/><U51/><E97/><V8/><F8/><N who="3" m="6599" /><G115/><T113/><D113/><U40/><AGARI ba="0,0" hai="18,22,27,40,46,51,104,105" m="46351,42025" machi="40" ten="30,1100,0" yaku="14,1" doraHai="7" who="1" fromWho="1" sc="250,-5,250,11,250,-3,250,-3" /><INIT seed="1,0,0,1,1,10" ten="245,261,247,247" oya="1" hai0="4,67,55,134,123,45,131,124,103,32,60,6,81" hai1="88,100,87,28,69,74,22,2,130,8,132,91,126" hai2="49,96,127,114,77,36,43,66,76,25,99,18,90" hai3="105,94,21,3,53,71,95,33,109,14,120,27,52"/><U39/><E74/><V106/><F36/><W0/><G105/><T37/><D32/><U26/><E39/><V46/><F127/><W84/><G71/><T113/><D113/><U56/><E69/><V79/><F114/><W58/><G120/><T133/><D124/><U112/><E126/><V65/><F106/><W85/><G33/><T59/><D131/><U20/><E112/><V104/><F104/><W11/><G109/><T83/><D103/><U97/><E130/><V63/><F90/><W19/><G3/><T62/><D123/><U48/><E132/><N who="0" m="50793" /><D81/><U31/><E2/><V110/><F110/><W107/><G107/><T108/><D83/><U70/><E70/><V1/><F1/><W42/><G42/><N who="0" m="22735" /><D108/><U128/><E128/><V129/><F129/><W29/><G0/><T34/><D34/><U12/><E97/><N who="2" m="37451" /><F63/><N who="3" m="36295" /><G53/><T47/><D47/><U16/><E100/><V30/><F30/><W92/><AGARI ba="0,0" hai="11,14,19,21,27,29,84,85,92,94,95" m="36295" machi="92" ten="30,4000,0" yaku="8,1,52,1,54,1" doraHai="10" who="3" fromWho="3" sc="245,-10,261,-20,247,-10,247,40" /><INIT seed="2,0,0,4,4,55" ten="235,241,237,287" oya="2" hai0="14,95,51,35,115,107,131,75,130,117,61,77,127" hai1="10,60,32,73,79,97,13,45,129,104,87,36,128" hai2="46,84,19,91,65,30,108,29,17,33,49,114,69" hai3="123,20,40,37,54,74,105,58,125,34,80,99,39"/><V57/><F69/><W111/><G123/><T26/><D107/><U96/><E32/><V18/><F114/><W21/><G34/><T66/><D115/><U113/><E113/><V52/><F33/><W135/><G135/><T48/><D117/><U72/><E87/><V25/><F108/><W118/><G111/><T103/><D127/><U94/><E104/><V119/><F119/><W24/><G118/><T82/><D14/><U90/><E97/><V27/><F65/><W42/><G125/><T85/><D26/><N who="2" m="9738" /><F46/><W81/><G74/><T6/><D6/><U23/><E23/><V31/><F17/><W101/><G39/><T132/><D35/><U5/><E79/><V38/><F38/><W70/><G70/><T11/><D11/><U62/><E73/><V116/><F116/><W102/><G102/><T8/><D8/><U120/><E72/><V92/><AGARI ba="0,0" hai="18,19,29,30,31,49,52,57,84,91,92" m="9738" machi="92" ten="30,6000,0" yaku="8,1,52,1,54,1" doraHai="55" who="2" fromWho="2" sc="235,-20,241,-20,237,60,287,-20" /><INIT seed="2,1,0,2,2,79" ten="215,221,297,267" oya="2" hai0="25,114,39,98,83,123,44,22,6,76,113,26,47" hai1="74,53,5,73,127,54,13,109,112,108,67,95,82" hai2="16,49,129,77,86,121,10,70,42,99,19,100,8" hai3="85,11,110,41,2,135,14,4,35,21,60,66,9"/><V56/><F70/><W34/><G135/><T105/><D123/><U97/><E112/><V61/><F121/><W126/><G126/><T31/><D6/><U125/><E67/><V119/><F119/><W38/><G110/><N who="1" m="42602" /><E5/><V45/><F129/><W116/><G116/><T52/><D39/><U50/><E13/><V134/><F134/><W128/><G128/><T55/><D113/><U32/><E32/><V3/><F3/><W72/><G72/><T111/><D111/><U62/><E62/><V64/><F86/><W71/><G21/><T124/><D124/><N who="1" m="47691" /><E82/><V7/><F8/><W17/><G38/><T81/><D114/><U69/><E69/><V80/><F10/><W78/><G41/><T37/><D37/><U102/><E54/><N who="0" m="20521" /><D105/><U18/><E18/><V24/><F7/><W104/><REACH who="3" step="1"/><G104/><REACH who="3" ten="215,221,297,257" step="2"/><T48/><D22/><U88/><E102/><V90/><F100/><W103/><G103/><T107/><D107/><U63/><E63/><V96/><F61/><W40/><G40/><T94/><D48/><U27/><E27/><N who="0" m="10249" /><D31/><U93/><E50/><V106/><F49/><W23/><G23/><T89/><D76/><U122/><E122/><V131/><F77/><W20/><G20/><T15/><D15/><U1/><E1/><V33/><F24/><W30/><G30/><T51/><D51/><U29/><E29/><V68/><F42/><W92/><G92/><N who="1" m="35402" /><E53/><V117/><F117/><W0/><G0/><T59/><D59/><U115/><E115/><V91/><F56/><W118/><G118/><T84/><D98/><U75/><E97/><V28/><F99/><RYUUKYOKU ba="1,1" sc="215,10,221,10,297,-30,257,10" hai0="44,47,81,83,84,89,94" hai1="73,74,75,88" hai3="2,4,9,11,14,17,34,35,60,66,71,78,85" /><INIT seed="3,2,1,3,3,88" ten="225,231,267,267" oya="3" hai0="91,10,69,44,42,125,24,71,124,7,21,93,87" hai1="15,25,78,99,41,108,98,37,119,131,135,107,40" hai2="20,109,68,53,113,118,26,11,13,22,130,89,14" hai3="39,4,103,83,121,57,28,134,80,102,76,65,77"/><W67/><G39/><T17/><D42/><N who="1" m="16491" /><E37/><V36/><F68/><W101/><G121/><T51/><D51/><U66/><E107/><V12/><F53/><W32/><G4/><T33/><D33/><U122/><E122/><V62/><F62/><W56/><G134/><T75/><D75/><U9/><E135/><V90/><F113/><W111/><G32/><T0/><REACH who="0" step="1"/><D44/><REACH who="0" ten="215,231,267,267" step="2"/><U35/><E35/><V84/><F36/><W45/><G45/><T73/><D73/><U46/><E46/><V52/><F118/><W58/><G111/><T123/><D123/><U132/><E132/><V2/><F109/><W105/><G105/><T31/><D31/><U43/><E43/><V112/><F112/><W49/><G28/><T47/><D47/><U29/><E108/><V34/><F34/><W74/><G49/><T133/><D133/><U27/><E119/><V30/><F30/><W117/><G117/><T61/><D61/><U110/><E110/><V127/><F11/><W94/><G94/><T23/><D23/><U5/><E29/><V86/><F20/><W82/><REACH who="3" step="1"/><G74/><REACH who="3" ten="215,231,267,257" step="2"/><T72/><D72/><U100/><E9/><V70/><F22/><W120/><G120/><T3/><D3/><U96/><E27/><V115/><F26/><W81/><N who="3" m="20480" /><DORA hai="19" /><W126/><G126/><AGARI ba="2,3" hai="0,7,10,17,21,24,69,71,87,91,93,124,125,126" machi="126" ten="40,12000,2" yaku="1,1,18,1,52,2,53,2" doraHai="88,19" doraHaiUra="64,116" who="0" fromWho="3" sc="215,156,231,0,267,0,257,-126" /><INIT seed="4,0,0,5,2,109" ten="371,231,267,131" oya="0" hai0="118,75,66,88,0,61,103,126,125,106,43,25,33" hai1="6,12,3,29,92,84,42,87,32,129,78,86,71" hai2="127,58,27,96,79,104,81,72,67,112,77,62,15" hai3="16,2,74,53,45,55,107,17,114,97,89,23,9"/><T63/><D118/><U117/><E71/><V51/><F77/><W22/><G74/><T39/><D75/><U28/><E117/><V65/><F65/><W40/><G2/><T44/><D0/><U52/><E3/><V98/><F15/><W56/><G114/><T57/><D106/><U122/><E122/><V134/><F112/><W102/><G89/><T18/><D103/><U132/><E129/><V10/><F10/><W48/><G55/><T24/><D33/><U116/><E116/><V37/><F37/><W31/><G9/><T69/><D18/><U13/><E42/><V64/><F64/><W83/><G83/><T124/><D88/><N who="1" m="53255" /><E132/><V99/><F127/><W131/><G131/><T54/><AGARI ba="0,0" hai="24,25,39,43,44,54,57,61,63,66,69,124,125,126" machi="54" ten="30,3000,0" yaku="0,1,18,1" doraHai="109" who="0" fromWho="0" sc="371,30,231,-10,267,-10,131,-10" /><INIT seed="4,1,0,0,3,83" ten="401,221,257,121" oya="0" hai0="27,30,93,102,82,76,48,108,12,84,43,78,122" hai1="115,107,37,113,117,52,69,86,120,133,3,88,103" hai2="96,118,47,125,130,104,14,129,75,89,131,4,132" hai3="81,24,11,70,77,80,91,100,109,127,58,55,18"/><T111/><D122/><U20/><E120/><V101/><F47/><W25/><G70/><T87/><D12/><U36/><E3/><V28/><F4/><W44/><G127/><T94/><D43/><U57/><E117/><V22/><F28/><W62/><G109/><N who="0" m="42059" /><D48/><U116/><E69/><V126/><F22/><W54/><G100/><T34/><D102/><U10/><E116/><V40/><F14/><W31/><G91/><N who="0" m="53479" /><D94/><U73/><E10/><V63/><F40/><W33/><G80/><T135/><D135/><U128/><E133/><V42/><F42/><W65/><G44/><T97/><D97/><U6/><E6/><V1/><F132/><W121/><G121/><T17/><D17/><U90/><E73/><V45/><F1/><W59/><G59/><T98/><D98/><U8/><E8/><V7/><F45/><W105/><G105/><T99/><D99/><U95/><E90/><AGARI ba="1,0" hai="27,30,34,76,78,82,87,90" m="53479,42059" machi="90" ten="30,5800,0" yaku="10,1,52,2" doraHai="83" who="0" fromWho="1" sc="401,61,221,-61,257,0,121,0" /><INIT seed="4,2,0,5,1,50" ten="462,160,257,121" oya="0" hai0="57,62,17,132,36,69,34,133,9,78,110,127,2" hai1="7,53,73,25,71,77,47,96,13,87,59,24,112" hai2="15,18,108,100,66,56,14,33,51,86,49,125,16" hai3="75,72,107,98,54,76,105,80,67,130,11,74,124"/><T84/><D69/><U83/><E71/><V65/><F33/><W97/><G67/><T95/><D36/><U6/><E112/><V64/><F108/><W21/><G11/><T102/><D34/><U129/><E73/><N who="3" m="28266" /><G21/><T39/><D39/><U103/><E129/><V106/><F125/><W119/><G130/><T27/><D2/><U92/><E47/><V26/><F26/><N who="1" m="10345" /><E13/><V115/><F115/><W109/><G54/><T1/><D1/><U44/><E44/><V82/><F51/><AGARI ba="2,0" hai="6,7,51,53,59,77,83,87,92,96,103" m="10345" machi="51" ten="30,2000,0" yaku="8,1,52,1" doraHai="50" who="1" fromWho="2" sc="462,0,160,26,257,-26,121,0" /><INIT seed="5,0,0,1,0,120" ten="462,186,231,121" oya="1" hai0="14,37,73,55,116,26,61,54,27,87,41,113,96" hai1="43,131,81,5,34,3,70,105,128,118,24,49,68" hai2="28,94,52,10,115,4,21,64,51,44,65,36,90" hai3="17,74,117,50,12,46,29,25,78,88,106,38,76"/><U95/><E105/><V71/><F36/><W97/><G38/><T31/><D73/><U62/><E118/><V83/><F83/><W130/><G117/><T85/><D113/><U121/><E121/><V58/><F71/><W109/><G130/><N who="1" m="49706" /><E81/><V40/><F115/><W60/><G60/><T104/><D116/><U33/><E95/><V45/><F21/><W57/><G57/><T59/><D37/><U91/><E91/><V119/><F28/><W13/><G74/><T30/><D41/><U100/><E100/><V101/><F101/><W112/><G112/><T114/><D114/><U72/><E72/><V18/><F18/><W132/><G132/><T67/><D96/><U89/><E89/><V20/><F20/><W125/><G125/><T48/><D104/><U75/><E75/><V15/><F119/><W135/><G135/><T53/><D48/><U84/><E84/><N who="0" m="32329" /><D14/><U1/><E70/><V35/><F35/><N who="1" m="13321" /><E5/><V56/><F56/><W32/><G106/><T93/><D93/><U107/><E107/><V129/><F129/><W124/><G88/><T99/><D99/><U7/><E7/><V134/><F134/><W23/><G97/><T42/><D42/><U92/><E92/><V2/><F40/><W102/><G102/><T66/><D66/><N who="1" m="41047" /><E24/><AGARI ba="0,0" hai="24,26,27,30,31,53,54,55,59,61,67" m="32329" machi="24" ten="30,1000,0" yaku="8,1" doraHai="120" who="0" fromWho="1" sc="462,10,186,-10,231,0,121,0" /><INIT seed="6,0,0,3,5,78" ten="472,176,231,121" oya="2" hai0="114,22,109,17,108,72,65,35,118,105,10,131,110" hai1="4,55,8,33,24,84,90,125,64,77,128,92,26" hai2="46,103,18,53,50,95,27,76,101,34,43,30,5" hai3="111,135,80,13,116,29,112,19,75,121,32,40,98"/><V123/><F123/><W81/><G121/><T63/><D35/><U82/><E125/><V73/><F18/><W126/><G126/><T41/><D114/><U15/><E128/><V68/><F68/><W130/><G130/><T94/><D131/><U39/><E39/><V67/><F67/><W54/><G116/><T66/><D105/><U31/><E64/><V91/><F5/><W62/><G111/><T107/><D107/><U120/><E120/><V124/><F124/><W58/><G112/><T20/><D72/><U14/><E26/><V6/><F6/><W117/><G117/><T0/><D118/><U38/><E38/><V70/><F70/><W56/><G75/><T21/><D41/><U25/><E25/><V102/><F43/><W74/><G74/><T60/><D94/><U119/><E119/><V9/><F9/><W61/><G40/><T44/><D44/><U59/><E15/><V86/><REACH who="2" step="1"/><F103/><REACH who="2" ten="472,176,221,121" step="2"/><W134/><G19/><T28/><D65/><U129/><E129/><V1/><F1/><W48/><G134/><T83/><D66/><U132/><E132/><V45/><F45/><W57/><G135/><T23/><D10/><U87/><E59/><V49/><F49/><W93/><G48/><T99/><D17/><U51/><E51/><V2/><F2/><W3/><G3/><T115/><D115/><U104/><E55/><V16/><F16/><W42/><G54/><T100/><D108/><U69/><E69/><V88/><F88/><W85/><G58/><T96/><D109/><U7/><E4/><V71/><F71/><W11/><G57/><RYUUKYOKU ba="0,1" sc="472,-15,176,15,221,15,121,-15" hai1="7,8,14,24,31,33,77,82,84,87,90,92,104" hai2="27,30,34,46,50,53,73,76,86,91,95,101,102" /><INIT seed="6,1,1,2,3,9" ten="457,191,236,106" oya="2" hai0="111,54,20,45,99,97,72,70,74,95,133,19,91" hai1="24,12,33,132,42,87,0,41,63,32,65,48,11" hai2="7,135,104,47,125,86,124,92,119,94,34,84,112" hai3="100,80,35,3,114,130,89,121,109,26,110,60,76"/><V5/><F34/><W102/><G121/><T46/><D111/><U103/><E0/><V25/><F104/><W17/><G130/><T61/><D133/><U120/><E132/><V53/><F135/><W107/><G3/><T37/><D37/><U15/><E120/><V29/><F112/><W55/><G114/><T106/><D106/><U16/><E103/><V108/><F119/><W122/><G122/><T78/><D97/><U73/><E73/><V88/><F108/><W123/><G123/><T10/><D10/><U21/><E87/><V118/><F118/><W68/><G89/><T58/><D70/><U39/><E39/><V23/><F94/><W27/><G17/><T66/><D66/><U131/><E131/><V62/><F86/><W90/><G90/><T52/><D54/><U98/><E98/><V82/><F92/><W77/><G55/><T28/><D28/><U116/><E116/><V115/><F115/><W18/><G18/><T129/><D129/><U71/><E15/><V43/><F62/><W2/><G2/><T14/><D74/><U64/><E64/><V40/><F53/><W4/><G107/><T56/><D78/><U36/><E36/><V59/><F43/><W83/><G68/><T31/><D72/><U127/><E127/><N who="2" m="48715" /><F59/><W49/><G35/><T30/><D58/><U50/><E33/><V1/><F1/><W128/><G128/><T38/><D38/><AGARI ba="1,1" hai="5,7,23,25,29,38,40,47,82,84,88" m="48715" machi="38" ten="30,2900,0" yaku="18,1,54,1" doraHai="9" who="2" fromWho="0" sc="457,-32,191,0,236,42,106,0" /><INIT seed="6,2,0,1,3,22" ten="425,191,278,106" oya="2" hai0="23,89,43,93,5,112,70,13,72,128,107,88,33" hai1="95,118,108,45,50,71,99,58,47,0,102,115,106" hai2="35,20,125,40,96,69,124,113,28,66,54,129,60" hai3="100,76,4,62,37,114,131,84,27,7,94,126,21"/><V18/><F113/><W56/><G114/><T121/><D107/><U17/><E115/><V10/><F129/><W103/><G131/><T36/><D72/><U92/><E71/><V3/><F54/><W61/><G37/><T19/><D70/><U53/><E108/><V41/><F28/><W64/><G126/><T111/><D121/><U57/><E118/><V135/><F35/><W74/><G74/><T127/><D111/><U31/><E0/><V25/><F135/><W85/><G76/><T52/><D112/><U1/><E1/><V97/><F41/><W101/><G62/><T38/><D43/><U81/><E31/><V119/><F40/><W12/><G12/><T117/><D117/><U24/><E81/><V46/><F46/><W51/><G51/><T9/><D127/><N who="2" m="48714" /><F119/><W8/><G8/><T91/><D33/><U132/><E132/><V2/><F2/><W14/><G14/><T68/><D68/><U30/><E47/><V32/><F32/><W59/><G59/><T15/><D128/><U67/><E17/><V34/><F34/><W48/><G48/><T87/><D38/><U110/><E110/><V16/><F18/><W120/><G120/><T78/><D36/><U80/><E80/><V63/><F63/><W73/><G73/><T42/><D42/><U82/><E82/><V122/><F122/><W98/><G7/><AGARI ba="2,0" hai="3,7,10,16,20,25,60,66,69,96,97" m="48714" machi="7" ten="30,5800,0" yaku="18,1,52,1,54,1" doraHai="22" who="2" fromWho="3" sc="425,0,191,0,278,64,106,-64" /><INIT seed="6,3,0,0,3,9" ten="425,191,342,42" oya="2" hai0="88,27,71,20,82,117,126,84,107,61,14,47,127" hai1="89,113,64,91,67,37,43,1,109,59,53,105,111" hai2="116,86,62,32,70,65,2,39,52,13,74,102,112" hai3="95,46,123,0,79,11,106,121,26,5,134,6,75"/><V129/><F2/><W60/><G134/><T3/><D107/><U101/><E1/><V29/><F74/><W19/><G6/><T41/><D3/><U24/><E113/><V35/><F116/><W33/><G106/><T124/><D117/><U17/><E105/><V80/><F39/><W93/><G95/><T98/><D98/><U110/><E101/><V8/><F102/><W125/><G125/><T18/><D61/><U104/><E104/><V87/><F112/><W94/><G94/><T16/><D71/><U55/><E43/><V108/><F129/><W73/><G60/><T40/><D47/><U56/><E37/><V42/><F42/><W103/><G46/><T30/><D18/><U66/><E24/><V122/><F122/><W81/><G75/><T83/><D82/><U57/><E17/><N who="2" m="8359" /><F87/><W7/><G7/><T21/><AGARI ba="3,0" hai="14,16,20,21,27,30,40,41,83,84,88,124,126,127" machi="21" ten="30,8000,1" yaku="0,1,18,1,52,1,54,2" doraHai="9" who="0" fromWho="0" sc="425,89,191,-23,342,-43,42,-23" /><INIT seed="7,0,0,5,4,79" ten="514,168,299,19" oya="3" hai0="33,28,42,67,93,90,95,89,73,99,132,51,102" hai1="15,111,44,59,106,17,4,37,98,38,121,103,113" hai2="43,88,56,69,119,27,13,47,107,86,19,120,14" hai3="122,84,131,52,21,26,65,5,133,105,128,64,7"/><W23/><G122/><T61/><D73/><U60/><E121/><V134/><F69/><W29/><G105/><T77/><D132/><U126/><E111/><V123/><F107/><W114/><G133/><T58/><D77/><U34/><E34/><V31/><F119/><W68/><G114/><T24/><D42/><U9/><E113/><V41/><F41/><W35/><G84/><T2/><D2/><U16/><E126/><V80/><F56/><W57/><G7/><T81/><D81/><U124/><E124/><V50/><F13/><W3/><G5/><T87/><D51/><U66/><E44/><V74/><F74/><W110/><G3/><T48/><D48/><U82/><E82/><V1/><F1/><W72/><G72/><T96/><D102/><U63/><E4/><V25/><F25/><W55/><G110/><T129/><D129/><N who="3" m="49737" /><G55/><T135/><D135/><U71/><E17/><V45/><F134/><W39/><G39/><T54/><D54/><AGARI ba="0,0" hai="9,15,16,37,38,54,59,60,63,66,71,98,103,106" machi="54" ten="30,2000,0" yaku="7,1,54,1" doraHai="79" who="1" fromWho="0" sc="514,-20,168,20,299,0,19,0" owari="494,59.0,188,-21.0,299,10.0,19,-48.0" /></mjloggm>