<mjloggm ver="2.3"><GO type="169" lobby="0"/><UN n0="%E3%82%A6%E3%83%AB%E3%83%88%E3%83%A9%E7%AB%8B%E7%9B%B4" n1="%4E%6E%31%33%34" n2="%E6%96%91%E7%9B%AE%56" n3="%E7%AB%8B%E8%8F%AF%E5%A5%8F" dan="18,16,16,16" rate="2207.29,2118.14,2108.13,2142.34" sx="M,M,M,F"/><TAIKYOKU oya="0"/><INIT seed="0,0,0,3,1,30" ten="250,250,250,250" oya="0" hai0="16,70,95,66,100,2,87,118,93,43,134,132,125" hai1="110,45,4,101,40,121,96,27,126,56,88,15,58" hai2="41,81,73,92,13,11,116,69,111,98,21,54,68" hai3="99,105,124,82,76,9,84,0,42,22,64,39,123"/><T53/><D2/><U114/><E110/><V83/><F116/><W34/><G123/><T79/><D118/><U6/><E121/><V120/><F120/><W91/><G124/><T97/><D125/><U135/><E135/><N who="0" m="51753" /><D43/><U51/><E114/><V129/><F111/><W35/><G64/><T10/><D53/><U26/><E126/><V48/><F41/><W122/><G122/><T59/><D59/><N who="1" m="22571" /><E101/><V77/><F83/><W55/><G55/><T7/><D7/><N who="1" m="2603" /><E15/><V106/><F106/><W74/><G22/><T94/><D87/><U65/><E65/><V17/><F21/><W115/><G115/><T31/><D79/><U72/><E72/><V29/><F69/><W37/><G9/><T49/><D49/><U60/><E60/><V33/><F68/><W90/><G0/><T108/><D108/><U62/><E62/><V47/><F73/><W71/><G71/><T127/><D127/><U25/><E96/><V63/><F63/><W3/><G3/><T24/><D66/><U75/><E75/><V119/><F119/><W36/><G42/><T44/><D44/><U80/><E27/><V28/><F77/><W102/><REACH who="3" step="1"/><G90/><REACH who="3" ten="250,250,250,240" step="2"/><T113/><D70/><U38/><E38/><V131/><F54/><W117/><G117/><T46/><D113/><U85/><AGARI ba="0,1" hai="25,26,40,45,51,80,85,88" m="2603,22571" machi="85" ten="30,2000,0" yaku="8,1,54,1" doraHai="30" who="1" fromWho="1" sc="250,-10,250,30,250,-5,240,-5" /><INIT seed="1,0,0,5,0,106" ten="240,280,245,235" oya="1" hai0="101,103,133,94,55,57,78,89,1,130,112,37,45" hai1="32,118,8,49,22,116,122,15,113,99,24,39,11" hai2="127,107,92,61,48,81,35,134,60,121,85,86,109" hai3="93,70,110,71,5,12,3,4,67,19,36,30,87"/><U59/><E39/><V0/><F0/><W54/><G110/><T40/><D112/><U108/><E99/><V102/><F35/><W111/><G111/><T23/><D1/><U124/><E49/><V68/><F68/><W98/><G36/><T90/><D130/><U51/><E51/><V6/><F6/><W53/><G30/><T9/><D133/><U100/><E59/><V69/><F69/><W27/><G27/><T52/><D9/><U43/><E43/><V91/><F48/><W76/><G3/><T64/><D64/><U63/><E100/><V44/><F44/><W31/><G31/><T75/><D23/><U65/><E63/><V41/><F41/><W26/><G26/><T105/><D105/><U16/><E65/><V62/><F121/><W74/><G67/><T82/><D90/><U66/><E66/><V135/><F107/><W38/><G38/><T120/><D120/><U84/><E108/><V25/><F25/><W34/><G34/><T126/><D126/><U125/><E84/><V73/><F102/><W20/><G71/><T129/><D129/><U46/><E46/><V33/><F33/><W10/><G70/><T97/><D55/><N who="3" m="21001" /><G87/><T47/><D47/><U104/><E122/><V42/><F42/><W114/><G114/><T21/><REACH who="0" step="1"/><D21/><REACH who="0" ten="230,280,245,235" step="2"/><N who="1" m="11423" /><E113/><V72/><F109/><W96/><G20/><T14/><D14/><U88/><E104/><V128/><F128/><W95/><G12/><T119/><D119/><N who="1" m="45611" /><E32/><V50/><F127/><N who="1" m="48713" /><E88/><V58/><F91/><W131/><G131/><T80/><D80/><U115/><E115/><V28/><F81/><RYUUKYOKU ba="0,1" sc="230,15,280,15,245,-15,235,-15" hai0="37,40,45,52,57,75,78,82,89,94,97,101,103" hai1="8,11,22,24" /><INIT seed="1,1,1,4,4,14" ten="245,295,230,220" oya="1" hai0="19,70,112,77,45,6,60,127,66,55,100,0,110" hai1="59,101,50,87,92,52,73,72,88,1,51,23,4" hai2="106,32,109,35,102,21,130,56,131,53,41,89,46" hai3="129,61,118,71,108,12,63,94,10,26,111,80,97"/><U49/><E101/><V67/><F67/><W39/><G129/><T103/><D112/><U48/><REACH who="1" step="1"/><E23/><REACH who="1" ten="245,285,230,220" step="2"/><V31/><F21/><W54/><G118/><T16/><D103/><U27/><E27/><V84/><F102/><W62/><G26/><T7/><D100/><U81/><E81/><V43/><F131/><W132/><G80/><T58/><D127/><U78/><E78/><V38/><F130/><W121/><G121/><T30/><D77/><U128/><E128/><V24/><F24/><W25/><G25/><T104/><D104/><U20/><E20/><V75/><F106/><W98/><G94/><T124/><D124/><U91/><E91/><V114/><F89/><W29/><G29/><T116/><D30/><U99/><E99/><V28/><F31/><W83/><G97/><T90/><D90/><U42/><E42/><V34/><F28/><W76/><G98/><T57/><D116/><U44/><E44/><V33/><F43/><W8/><G83/><T107/><D45/><U65/><E65/><V122/><F122/><W13/><G76/><T22/><D66/><U134/><E134/><V133/><F133/><W82/><G132/><T18/><D22/><U125/><E125/><V120/><F120/><W2/><G82/><T9/><D107/><U74/><E74/><V5/><F75/><W93/><G93/><T11/><D11/><AGARI ba="1,2" hai="1,4,11,48,49,50,51,52,59,72,73,87,88,92" machi="11" ten="40,7700,0" yaku="1,1,54,2,53,0" doraHai="14" doraHaiUra="96" who="1" fromWho="0" sc="245,-80,285,100,230,0,220,0" /><INIT seed="1,2,0,2,5,81" ten="165,385,230,220" oya="1" hai0="122,111,13,38,135,63,107,31,120,78,119,125,4" hai1="32,37,104,9,110,56,127,36,62,22,57,6,94" hai2="96,77,45,52,11,124,68,21,114,42,47,25,76" hai3="118,30,44,134,60,86,3,49,112,133,23,7,71"/><U66/><E104/><V54/><F68/><W91/><G112/><T15/><D78/><N who="2" m="30314" /><F114/><W84/><G118/><T12/><D63/><U1/><E32/><V51/><F124/><W89/><G3/><T126/><D38/><U130/><E130/><V74/><F74/><W73/><G73/><T41/><D41/><U0/><E0/><V58/><F11/><W50/><G7/><T43/><D43/><U53/><E110/><V97/><F47/><W33/><G33/><T101/><D101/><U2/><E2/><V40/><F40/><W92/><G30/><T10/><D107/><U113/><E127/><N who="0" m="48649" /><D119/><U5/><E5/><V109/><F42/><W106/><G106/><T90/><D90/><U105/><E105/><V69/><F69/><W20/><G71/><T48/><D48/><U108/><E108/><V72/><F72/><W128/><G60/><T46/><D46/><U87/><E22/><V88/><F88/><W95/><G44/><T116/><D116/><U34/><E113/><V121/><F109/><W59/><G59/><T103/><D103/><U129/><E94/><V131/><F131/><AGARI ba="2,0" hai="20,23,49,50,84,86,89,91,92,95,128,131,133,134" machi="131" ten="25,6400,0" yaku="22,2,52,2" doraHai="81" who="3" fromWho="2" sc="165,0,385,0,230,-70,220,70" /><INIT seed="2,0,0,3,1,84" ten="165,385,160,290" oya="2" hai0="24,65,87,37,133,60,35,5,68,13,26,120,90" hai1="34,104,94,74,102,79,19,100,81,41,40,105,62" hai2="89,49,71,64,69,127,88,103,126,86,58,121,124" hai3="113,98,132,93,83,14,47,67,108,44,25,75,99"/><V109/><F121/><W39/><G108/><T61/><D120/><U36/><E34/><V80/><F103/><W92/><G113/><T112/><D112/><U125/><E36/><V43/><F109/><W116/><G116/><T42/><D133/><U63/><E19/><V59/><F59/><W55/><G132/><T129/><D129/><U131/><E131/><V76/><F43/><W78/><G67/><T82/><D35/><U53/><E125/><V110/><F110/><W6/><G25/><T15/><D60/><U12/><E12/><V56/><F56/><W32/><G32/><T72/><D72/><U31/><E31/><V118/><F118/><W122/><G122/><T2/><D2/><U134/><E53/><N who="2" m="32047" /><F64/><W46/><G39/><T91/><D15/><U29/><E102/><V107/><F107/><W48/><G6/><T0/><D0/><U10/><E100/><V4/><F4/><W119/><G14/><T45/><D13/><U117/><E74/><V50/><F50/><W115/><G115/><T7/><D7/><U135/><E117/><V30/><F30/><W22/><G22/><T101/><D5/><U114/><E114/><V77/><F77/><W96/><G119/><T9/><D101/><U11/><E79/><V1/><F1/><W66/><G66/><T97/><D9/><U54/><E29/><V128/><F128/><W17/><G17/><T16/><D16/><U57/><E135/><V123/><F123/><W3/><G3/><T106/><D106/><U85/><E134/><V28/><F28/><W38/><G38/><T21/><D21/><RYUUKYOKU ba="0,0" sc="165,10,385,-30,160,10,290,10" hai0="24,26,37,42,45,61,65,68,82,87,90,91,97" hai2="69,71,76,80,86,88,89,124,126,127" hai3="44,46,47,48,55,75,78,83,92,93,96,98,99" /><INIT seed="2,1,0,0,1,58" ten="175,355,170,300" oya="2" hai0="134,133,108,75,41,65,116,101,33,18,14,117,102" hai1="27,115,8,119,122,32,127,62,93,19,34,42,76" hai2="123,13,66,0,85,24,21,128,46,63,132,44,20" hai3="90,35,17,97,121,26,16,110,71,103,100,113,68"/><V78/><F0/><W126/><G110/><T2/><D75/><U60/><E119/><N who="0" m="45641" /><D2/><U10/><E115/><V92/><F128/><W94/><G121/><T106/><D106/><U105/><E105/><V45/><F132/><N who="0" m="50794" /><D33/><U129/><E42/><V48/><F123/><W87/><G113/><T57/><D41/><U9/><E122/><V43/><F13/><W36/><G36/><T89/><D89/><U118/><E118/><V125/><F125/><W114/><G126/><T12/><D108/><U77/><E127/><V1/><F1/><W104/><G114/><T40/><D40/><U51/><E34/><V61/><F78/><W47/><G100/><N who="0" m="38507" /><D18/><U39/><E32/><V4/><F66/><W81/><G104/><T15/><D57/><U135/><E135/><V112/><F112/><W70/><REACH who="3" step="1"/><G47/><REACH who="3" ten="175,355,170,290" step="2"/><T37/><D37/><U69/><E39/><N who="2" m="21631" /><F45/><W99/><G99/><T95/><D95/><U49/><E93/><V111/><F92/><W64/><G64/><AGARI ba="1,1" hai="12,14,15,64,65" m="38507,50794,45641" machi="64" ten="40,8000,1" yaku="28,2,12,1,20,1" doraHai="58" who="0" fromWho="3" sc="175,93,355,0,170,0,290,-83" /><INIT seed="3,0,0,3,0,132" ten="268,355,170,207" oya="3" hai0="123,105,18,125,52,26,40,120,130,70,1,98,90" hai1="89,126,87,53,3,124,102,30,55,77,13,22,84" hai2="64,85,76,41,71,131,75,118,8,117,72,44,119" hai3="135,4,14,61,12,34,69,129,35,83,91,88,100"/><W101/><G135/><T128/><D70/><U109/><E3/><V92/><F131/><N who="0" m="50218" /><D1/><U67/><E102/><V114/><F114/><W80/><G129/><T37/><D40/><U81/><E67/><V78/><F78/><W15/><G4/><T58/><D37/><U46/><E109/><V60/><F8/><W10/><G10/><T134/><D134/><U62/><E62/><V47/><F47/><W82/><G61/><N who="0" m="36039" /><D125/><N who="1" m="48235" /><E46/><V16/><F60/><W59/><G59/><T31/><D18/><N who="1" m="10575" /><E30/><V9/><F64/><W42/><G42/><T65/><D65/><U95/><AGARI ba="0,0" hai="53,55,77,81,84,87,89,95" m="10575,48235" machi="95" ten="30,7900,0" yaku="18,1,52,3" doraHai="132" who="1" fromWho="1" sc="268,-20,355,79,170,-20,207,-39" /><INIT seed="4,0,0,1,0,79" ten="248,434,150,168" oya="0" hai0="126,25,32,83,10,52,87,86,34,26,62,90,125" hai1="67,81,44,118,129,22,37,30,123,94,50,117,80" hai2="53,64,21,24,127,132,75,131,17,82,57,97,18" hai3="38,124,43,2,59,101,133,89,16,8,12,76,23"/><T7/><D34/><U116/><E37/><V1/><F1/><W69/><G69/><T98/><D98/><U103/><E123/><V58/><F131/><W40/><G124/><N who="0" m="47723" /><D32/><U9/><E129/><V48/><F132/><W45/><G133/><T13/><D87/><U102/><E9/><V128/><F128/><W77/><G101/><T130/><D130/><U88/><E67/><V114/><F114/><W68/><G68/><T55/><D62/><U63/><E63/><V11/><F97/><W72/><G40/><T78/><D78/><U111/><E103/><V122/><F122/><W119/><G119/><T60/><D60/><U73/><E102/><V113/><F113/><W121/><G121/><T54/><AGARI ba="0,0" hai="7,10,13,25,26,52,54,55,83,86,90" m="47723" machi="54" ten="30,6000,0" yaku="18,1,52,1,54,1" doraHai="79" who="0" fromWho="0" sc="248,60,434,-20,150,-20,168,-20" /><INIT seed="4,1,0,2,3,46" ten="308,414,130,148" oya="0" hai0="79,126,135,39,95,0,105,49,132,83,53,58,128" hai1="118,113,90,107,101,92,116,61,41,21,14,15,25" hai2="75,111,108,65,81,9,96,20,73,59,30,76,122" hai3="94,99,110,57,89,37,5,87,23,35,120,125,10"/><T43/><D105/><U48/><E107/><V62/><F122/><W85/><G110/><T106/><D106/><U74/><E74/><V114/><F114/><W33/><G120/><T18/><D0/><U80/><E113/><V44/><F75/><W64/><G125/><T88/><D126/><U36/><E36/><V103/><F9/><W71/><G37/><T68/><D68/><U86/><E61/><V130/><F44/><W72/><G71/><T60/><D128/><U40/><E118/><V1/><F1/><W119/><G72/><T8/><D83/><U134/><E134/><N who="0" m="51241" /><D79/><U93/><E93/><N who="2" m="58767" /><F130/><W45/><G119/><T97/><D43/><U66/><E66/><V109/><F109/><W13/><G33/><T22/><D8/><U51/><E40/><V16/><F16/><W127/><G35/><T31/><D31/><U29/><E80/><V11/><F11/><W124/><G124/><T67/><D67/><U34/><E86/><V100/><F100/><W121/><G127/><T91/><D91/><U54/><E90/><V2/><F2/><W47/><G121/><T63/><D39/><U6/><E34/><V133/><F133/><W3/><G3/><T117/><D117/><U28/><E28/><V26/><AGARI ba="1,0" hai="20,26,30,59,62,65,73,76,81,108,111" m="58767" machi="26" ten="30,1100,0" yaku="25,1" doraHai="46" who="2" fromWho="2" sc="308,-6,414,-4,130,14,148,-4" /><INIT seed="5,0,0,1,5,15" ten="302,410,144,144" oya="1" hai0="59,69,44,62,109,81,0,115,26,105,29,111,47" hai1="60,110,54,2,88,70,91,114,14,68,113,104,127" hai2="28,50,112,67,116,6,53,21,65,3,124,87,13" hai3="45,118,52,49,130,27,64,117,126,95,100,98,8"/><U128/><E2/><V85/><F116/><N who="3" m="44651" /><G126/><T101/><D0/><U84/><E104/><V12/><F124/><W32/><G130/><T17/><D115/><N who="1" m="44043" /><E127/><V125/><F125/><W48/><G64/><N who="2" m="24649" /><F3/><W42/><G8/><T121/><D69/><U43/><E43/><V123/><F123/><W71/><G71/><T5/><D105/><U107/><E91/><V119/><F119/><W36/><G32/><T120/><D101/><U92/><E107/><V18/><F112/><W33/><G33/><T4/><D4/><U86/><E86/><V34/><F28/><W76/><G76/><T72/><D29/><U23/><E110/><V40/><F40/><W56/><G27/><T37/><D5/><U75/><E75/><V97/><F97/><W7/><G7/><T133/><D111/><U61/><E128/><V102/><F34/><W78/><G78/><T89/><D109/><U41/><E41/><V103/><F87/><W99/><G99/><T80/><D72/><U74/><E74/><V39/><F85/><W93/><G93/><T16/><D121/><U9/><E68/><V66/><F39/><AGARI ba="0,0" hai="36,39,42,45,48,49,52,56,95,98,100" m="44651" machi="39" ten="30,2000,0" yaku="12,1,54,1" doraHai="15" who="3" fromWho="2" sc="302,0,410,0,144,-20,144,20" /><INIT seed="6,0,0,0,5,99" ten="302,410,124,164" oya="2" hai0="82,3,45,88,55,94,100,47,91,39,132,50,68" hai1="106,57,18,112,29,1,102,130,22,34,25,63,26" hai2="84,105,72,28,116,117,5,119,85,104,11,127,86" hai3="76,97,2,110,113,43,44,40,16,14,10,71,33"/><V15/><F72/><W122/><G110/><T135/><D68/><U89/><E1/><V96/><F127/><W30/><G122/><T103/><D3/><U36/><E36/><V121/><F121/><W129/><G129/><T93/><D82/><U69/><E69/><V58/><F28/><W92/><G71/><T66/><D66/><U24/><E112/><V32/><F32/><W4/><G113/><T95/><D39/><U98/><E89/><N who="0" m="34377" /><D47/><U124/><E130/><V23/><F23/><W48/><G76/><T49/><D49/><U54/><E124/><V101/><REACH who="2" step="1"/><F58/><REACH who="2" ten="302,410,114,164" step="2"/><W21/><G30/><T17/><D135/><U19/><E34/><V80/><F80/><W0/><G33/><T109/><D132/><U77/><E29/><V53/><F53/><W87/><G43/><T65/><D109/><U62/><E22/><V81/><F81/><W118/><G118/><T90/><D65/><U75/><E57/><V131/><F131/><W9/><G87/><T123/><D123/><U107/><E54/><V52/><F52/><W27/><G9/><T41/><D55/><U51/><E75/><V64/><F64/><W133/><G133/><T56/><D56/><U13/><E26/><V134/><F134/><W83/><G83/><T73/><D73/><U114/><E25/><V60/><F60/><W31/><G31/><T42/><D42/><U111/><E24/><V115/><F115/><W70/><G70/><T20/><D20/><N who="1" m="11343" /><E63/><V59/><F59/><W38/><G38/><T61/><D61/><U37/><E62/><V108/><F108/><W12/><G27/><RYUUKYOKU ba="0,1" sc="302,-15,410,-15,114,15,164,15" hai2="5,11,15,84,85,86,96,101,104,105,116,117,119" hai3="0,2,4,10,12,14,16,21,40,44,48,92,97" /><INIT seed="6,1,1,5,0,132" ten="287,395,129,179" oya="2" hai0="17,14,20,59,0,63,118,61,7,29,10,9,91" hai1="123,106,58,89,53,4,99,24,45,52,43,35,21" hai2="51,77,50,27,19,103,80,62,3,114,76,86,34" hai3="122,5,87,41,73,11,111,74,102,60,95,85,1"/><V40/><F114/><W96/><G111/><T71/><D71/><U110/><E110/><V94/><F3/><W84/><G122/><T128/><D128/><U107/><E35/><V92/><F76/><W81/><G41/><T22/><D118/><U90/><E4/><V18/><F34/><W109/><G109/><T79/><D79/><U56/><E123/><V116/><F116/><W48/><G48/><N who="2" m="18473" /><F40/><W126/><G60/><T57/><D29/><U112/><E112/><V25/><F62/><W101/><G101/><T121/><D121/><U135/><E45/><V6/><F6/><W8/><G8/><T72/><D72/><U30/><E135/><V98/><F94/><W12/><G1/><T104/><D104/><U37/><E37/><V39/><F39/><W67/><G67/><T133/><D133/><U134/><E43/><V129/><F129/><W33/><G33/><T15/><D0/><U120/><E120/><V13/><F19/><W115/><G115/><T32/><D32/><U55/><E134/><V131/><F131/><W125/><G81/><T117/><D117/><U2/><E2/><V42/><F42/><W68/><G68/><T100/><D17/><U46/><E46/><V88/><F103/><W23/><G23/><AGARI ba="1,1" hai="13,18,23,25,27,77,80,86,88,92,98" m="18473" machi="23" ten="30,2900,0" yaku="8,1,54,1" doraHai="132" who="2" fromWho="3" sc="287,0,395,0,129,42,179,-32" /><INIT seed="6,2,0,4,1,51" ten="287,395,171,147" oya="2" hai0="19,58,88,101,97,18,48,3,45,70,118,36,79" hai1="81,98,25,93,66,127,94,106,117,49,72,46,47" hai2="26,7,43,40,114,123,104,111,0,24,61,11,132" hai3="62,1,85,23,128,59,89,78,21,120,95,134,22"/><V28/><F104/><W50/><G120/><T12/><D3/><U20/><E117/><V76/><F123/><W116/><G1/><T27/><D70/><U63/><E127/><V56/><F114/><W54/><G116/><T100/><D79/><U4/><E4/><V131/><F111/><W126/><G126/><T2/><D2/><U109/><E47/><V87/><F24/><W17/><G128/><T14/><D27/><U80/><E72/><V129/><F132/><W102/><G134/><T130/><D58/><U35/><E94/><V73/><F73/><W99/><G78/><T135/><D36/><U6/><E6/><V64/><F87/><W10/><G10/><N who="0" m="6423" /><D130/><N who="2" m="49674" /><F76/><W90/><G90/><T52/><D118/><U75/><E75/><V115/><F115/><W55/><G17/><T57/><D45/><U96/><E35/><AGARI ba="2,0" hai="0,7,11,26,28,35,40,43,56,61,64" m="49674" machi="35" ten="30,1500,0" yaku="19,1" doraHai="51" who="2" fromWho="1" sc="287,0,395,-21,171,21,147,0" /><INIT seed="6,3,0,5,0,135" ten="287,374,192,147" oya="2" hai0="67,129,83,77,132,48,60,36,30,34,111,47,44" hai1="100,55,27,74,41,119,118,102,79,52,114,99,11" hai2="3,98,69,45,116,16,115,54,87,95,68,62,37" hai3="128,29,120,106,38,66,42,4,43,108,2,133,63"/><V17/><F3/><W85/><G108/><T51/><D129/><U49/><E74/><V107/><F107/><W97/><G128/><T101/><D132/><U56/><E79/><V58/><F116/><W71/><G133/><T76/><D36/><U18/><E41/><V117/><F117/><W124/><G120/><T103/><D30/><U50/><E114/><V122/><F122/><W61/><G85/><T32/><D60/><U75/><E75/><V1/><F1/><W33/><G61/><T65/><D83/><U21/><E11/><V6/><F6/><W92/><G38/><T110/><AGARI ba="3,0" hai="32,34,44,47,48,51,65,67,76,77,101,103,110,111" machi="110" ten="25,3200,0" yaku="0,1,22,2" doraHai="135" who="0" fromWho="0" sc="287,41,374,-11,192,-19,147,-11" /><INIT seed="7,0,0,1,0,28" ten="328,363,173,136" oya="3" hai0="62,47,29,94,79,99,101,107,73,84,19,113,26" hai1="72,14,45,67,8,15,37,127,80,1,69,60,95" hai2="5,68,121,36,17,54,111,86,76,93,119,125,12" hai3="18,22,3,16,27,83,70,109,92,134,59,44,108"/><W82/><G70/><T97/><D113/><U21/><E21/><V13/><F36/><W4/><G134/><T88/><D19/><U100/><E95/><V30/><F68/><W90/><G44/><T42/><D62/><U63/><E63/><V43/><F43/><W102/><G102/><T105/><D79/><N who="1" m="44135" /><E100/><V10/><F30/><W66/><G18/><T135/><D73/><U7/><E127/><V118/><F118/><W74/><G74/><T115/><D115/><U46/><E46/><V85/><F125/><W75/><G75/><T89/><D135/><U33/><E33/><V65/><F65/><W24/><G24/><T57/><D57/><U31/><E31/><V126/><F126/><W130/><G130/><T61/><D61/><U34/><E34/><V25/><F121/><W9/><G59/><T56/><D56/><U122/><E122/><V40/><F25/><W39/><G39/><T133/><D133/><U132/><E132/><V131/><F131/><W78/><G66/><T114/><D114/><U35/><E35/><V11/><F119/><W6/><G6/><T123/><D123/><U81/><E45/><V112/><F40/><W128/><G128/><T0/><D107/><U106/><E106/><V38/><F38/><W23/><G23/><N who="0" m="15583" /><D42/><U58/><E37/><V129/><F129/><W120/><G120/><T103/><D47/><U32/><E69/><V71/><F71/><W2/><G2/><T20/><D0/><U50/><E1/><V96/><F112/><W52/><G78/><T117/><D117/><U64/><E64/><V116/><F116/><RYUUKYOKU ba="0,0" sc="328,0,363,0,173,0,136,0" owari="328,13.0,363,46.0,173,-23.0,136,-36.0" /></mjloggm>