<mjloggm ver="2.3"><GO type="41" lobby="0"/><UN n0="%64%72%64%65%73%79" n1="%E5%B0%B1%E6%B4%BB%E7%94%9F%40%E5%B7%9D%E6%9D%91%E8%BB%8D%E5%9B%A3" n2="%E7%96%8F%E6%A8%93%E8%A5%BF%E9%A2%A8" n3="%33%72%69%62%61" dan="15,16,14,14" rate="1972.02,2146.36,1961.25,1981.91" sx="M,M,M,M"/><TAIKYOKU oya="0"/><INIT seed="0,0,0,2,5,10" ten="250,250,250,250" oya="0" hai0="94,68,125,118,22,134,56,44,62,49,135,37,97" hai1="117,40,25,19,35,132,4,70,103,110,83,63,84" hai2="96,3,108,80,15,98,111,8,127,14,82,46,107" hai3="109,101,130,121,65,128,50,79,5,133,28,32,16"/><T73/><D118/><U102/><E117/><V88/><F127/><W41/><G101/><T104/><D104/><U0/><E132/><N who="0" m="50729" /><D73/><U61/><E40/><V17/><F46/><W106/><G106/><T26/><D125/><U86/><E110/><N who="2" m="42027" /><F3/><W47/><G109/><T9/><D9/><U55/><E84/><N who="2" m="50183" /><F107/><W69/><G133/><T33/><D33/><U114/><E114/><V90/><F15/><W64/><G5/><T66/><D37/><U24/><E24/><V76/><F90/><W119/><G119/><T60/><D60/><U67/><E4/><V52/><F52/><W112/><G112/><T77/><D77/><U51/><E0/><V87/><AGARI ba="0,0" hai="8,14,17,76,82,87,96,98" m="50183,42027" machi="87" ten="30,4000,0" yaku="14,1,52,1,54,1" doraHai="10" who="2" fromWho="2" sc="250,-20,250,-10,250,40,250,-10" /><INIT seed="1,0,0,0,5,5" ten="230,240,290,240" oya="1" hai0="42,73,37,7,9,61,98,63,28,75,79,24,22" hai1="16,11,90,116,121,133,25,12,78,83,8,38,53" hai2="87,45,80,72,107,14,76,13,127,125,3,49,6" hai3="88,131,2,112,71,44,97,100,54,92,91,106,113"/><U48/><E116/><V115/><F107/><W135/><G71/><T82/><D73/><U94/><E121/><V122/><F122/><W39/><G2/><N who="0" m="247" /><D98/><N who="1" m="57687" /><E38/><V102/><F115/><W10/><G135/><T103/><D103/><U85/><E133/><V47/><F102/><W23/><G131/><T105/><D105/><U89/><E25/><V19/><F72/><W62/><G62/><T35/><D35/><U17/><E78/><V52/><F47/><AGARI ba="0,0" hai="22,24,28,37,42,47,61,63,75,79,82" m="247" machi="47" ten="30,2000,0" yaku="25,1,52,1" doraHai="5" who="0" fromWho="2" sc="230,20,240,0,290,-20,240,0" /><INIT seed="2,0,0,1,1,99" ten="250,240,270,240" oya="2" hai0="67,65,45,92,27,102,129,31,84,8,25,114,48" hai1="22,59,106,3,2,127,41,26,130,76,85,89,94" hai2="110,40,53,5,10,34,61,54,120,122,20,93,30" hai3="7,57,43,131,44,100,95,72,66,82,60,134,79"/><V46/><F34/><W58/><G131/><T49/><D114/><U15/><E106/><V52/><F110/><W87/><G134/><T125/><D129/><U80/><E130/><V118/><F118/><W16/><G7/><T97/><D125/><U69/><E69/><V33/><F33/><W38/><G58/><T74/><D74/><U86/><E127/><V14/><F93/><W29/><G29/><T23/><D8/><U70/><E70/><V4/><F61/><W12/><G72/><T90/><D27/><U9/><E41/><V47/><F4/><W18/><REACH who="3" step="1"/><G12/><REACH who="3" ten="250,240,270,230" step="2"/><T78/><D78/><U0/><E59/><V112/><F112/><W116/><G116/><T28/><D28/><U62/><E62/><V117/><F117/><W98/><AGARI ba="0,1" hai="16,18,38,43,44,57,60,66,79,82,87,95,98,100" machi="98" ten="30,7900,0" yaku="1,1,0,1,52,1,54,1,53,0" doraHai="99" doraHaiUra="113" who="3" fromWho="3" sc="250,-20,240,-20,270,-39,230,89" /><INIT seed="3,0,0,2,2,56" ten="230,220,231,319" oya="3" hai0="5,82,49,90,103,69,120,76,37,122,83,43,22" hai1="40,109,42,11,111,27,87,114,18,113,135,118,53" hai2="99,71,31,95,79,96,107,50,129,14,28,63,108" hai3="101,24,117,115,36,75,68,60,52,93,88,81,45"/><W58/><G115/><N who="1" m="44042" /><E87/><V17/><F129/><W35/><G117/><T51/><D69/><U39/><E27/><V0/><F108/><N who="1" m="41545" /><E18/><V47/><F79/><W94/><G68/><T30/><D103/><U59/><E11/><V116/><F0/><W92/><G101/><T41/><D5/><U26/><E26/><V4/><F116/><W72/><G45/><T112/><D112/><U10/><E10/><V85/><F4/><W134/><G36/><T25/><D37/><U123/><E118/><V34/><F107/><W128/><G134/><T3/><D3/><U7/><E7/><V2/><F2/><W97/><G128/><T84/><D122/><U13/><E13/><V62/><F71/><W21/><G35/><T131/><D120/><U100/><E100/><N who="2" m="60447" /><F34/><W64/><G64/><T80/><D131/><U105/><E105/><V9/><F99/><W121/><G121/><T98/><D98/><U6/><E6/><V119/><F119/><W61/><G61/><N who="2" m="23049" /><F85/><W67/><G67/><T57/><D76/><U33/><E33/><V8/><F8/><W106/><G106/><T12/><D12/><U16/><E123/><V20/><F9/><W38/><G38/><T32/><D32/><U133/><E39/><V65/><F65/><W91/><G75/><T77/><D77/><U55/><E135/><V125/><F125/><W66/><G66/><T29/><D29/><U46/><E133/><V127/><F127/><W19/><G72/><T48/><D90/><U89/><E89/><V15/><F15/><W70/><G70/><T23/><D84/><AGARI ba="0,0" hai="19,21,24,52,58,60,81,84,88,91,92,93,94,97" machi="84" ten="40,18000,2" yaku="25,2,8,1,52,1,54,2" doraHai="56" who="3" fromWho="0" sc="230,-180,220,0,231,0,319,180" /><INIT seed="3,1,0,1,1,94" ten="50,220,231,499" oya="3" hai0="74,71,69,77,4,122,129,82,39,29,131,80,90" hai1="114,2,133,87,49,66,75,83,1,36,81,58,51" hai2="11,99,50,113,26,73,126,46,52,59,96,25,85" hai3="48,35,34,104,43,72,16,15,19,62,12,89,120"/><W88/><G104/><T127/><D39/><U65/><E36/><V64/><F73/><W106/><G72/><T118/><D122/><U86/><E75/><V111/><F113/><W9/><G106/><T135/><D118/><U20/><E20/><V79/><F111/><W22/><G120/><T128/><D4/><U95/><E95/><V98/><F126/><W33/><G62/><T108/><D29/><U93/><E93/><V102/><F102/><W124/><REACH who="3" step="1"/><G124/><REACH who="3" ten="50,220,231,489" step="2"/><T21/><D127/><U130/><E114/><V37/><F37/><W60/><G60/><T53/><D128/><U7/><E130/><V38/><F38/><W13/><G13/><T6/><D129/><U10/><E2/><V78/><F11/><W76/><G76/><N who="2" m="29225" /><F85/><W107/><G107/><T125/><D77/><U103/><E1/><V32/><F32/><W40/><G40/><T112/><D125/><U68/><E68/><V91/><F91/><W132/><G132/><T14/><D90/><U121/><E133/><V0/><F0/><W57/><G57/><T116/><D135/><U100/><E58/><V18/><F18/><W54/><G54/><T92/><D53/><U117/><E117/><V23/><F23/><W42/><G42/><T110/><D21/><U119/><E119/><V101/><F101/><W123/><G123/><T3/><D116/><U61/><E121/><V24/><F64/><W97/><G97/><N who="2" m="24833" /><V109/><DORA hai="63" /><F109/><W5/><G5/><T105/><D108/><U56/><E66/><V41/><F59/><W84/><G84/><T17/><D110/><U115/><E65/><RYUUKYOKU ba="1,1" sc="50,-15,220,-15,231,15,489,15" hai2="24,25,26,41,46,50,52" hai3="9,12,15,16,19,22,33,34,35,43,48,88,89" /><INIT seed="3,2,1,3,4,9" ten="35,205,246,504" oya="3" hai0="76,28,82,48,134,60,135,4,100,125,7,123,75" hai1="61,35,51,105,59,95,110,102,32,68,54,113,71" hai2="108,90,16,53,56,8,23,67,52,122,44,93,111" hai3="64,47,106,118,124,45,91,20,42,130,43,3,88"/><W73/><G106/><T85/><D123/><U127/><E105/><V12/><F122/><W18/><G73/><T126/><D28/><U81/><E113/><V114/><F114/><W13/><G118/><T70/><D48/><U119/><E110/><N who="2" m="42027" /><F44/><W65/><G3/><T104/><D70/><U1/><E127/><N who="0" m="48649" /><D60/><U29/><E119/><V36/><F36/><W41/><G124/><T94/><D7/><U10/><E81/><V77/><F77/><W6/><G6/><T40/><D40/><U30/><E32/><V103/><F103/><W21/><G130/><T33/><D4/><U15/><E1/><V86/><F8/><W62/><G21/><T25/><D25/><U66/><E68/><V50/><F53/><W31/><G31/><T131/><D33/><U96/><REACH who="1" step="1"/><E35/><REACH who="1" ten="35,195,246,504" step="2"/><V34/><F34/><W38/><G38/><T0/><D0/><U46/><E46/><N who="3" m="17418" /><G62/><T72/><D104/><U128/><E128/><V99/><F67/><AGARI ba="2,2" hai="13,18,20,41,42,43,64,65,67,88,91" m="17418" machi="67" ten="30,5800,0" yaku="8,1,52,1,54,1" doraHai="9" who="3" fromWho="2" sc="35,0,195,0,246,-64,504,84" /><INIT seed="3,3,0,3,3,5" ten="35,195,182,588" oya="3" hai0="3,98,94,125,68,11,37,77,95,47,67,128,105" hai1="114,18,31,88,119,21,69,43,45,116,59,83,102" hai2="90,135,42,66,63,80,110,20,92,60,46,32,120" hai3="132,52,36,1,48,72,9,131,111,13,17,84,38"/><W129/><G72/><T89/><D128/><N who="3" m="49225" /><G1/><T108/><D125/><U57/><E69/><V82/><F32/><W121/><G121/><T100/><D108/><U117/><E31/><V112/><F110/><W16/><G111/><T39/><D77/><U109/><E102/><V2/><F112/><W30/><G132/><T71/><D105/><U91/><E114/><V12/><F2/><W22/><G30/><T0/><D100/><U64/><E109/><V79/><F135/><W35/><G35/><T51/><D67/><U58/><E83/><N who="2" m="31787" /><F120/><W127/><G84/><T87/><D87/><U26/><REACH who="1" step="1"/><E64/><REACH who="1" ten="35,185,182,588" step="2"/><V4/><F66/><W34/><G127/><T75/><D68/><U106/><E106/><V76/><F79/><W19/><G34/><T134/><D71/><U133/><E133/><V115/><F76/><W8/><G38/><AGARI ba="3,1" hai="18,21,26,38,43,45,57,58,59,88,91,116,117,119" machi="38" ten="50,6400,0" yaku="1,1,12,1,54,1,53,0" doraHai="5" doraHaiUra="61" who="1" fromWho="3" sc="35,0,185,83,182,0,588,-73" /><INIT seed="4,0,0,2,0,67" ten="35,268,182,515" oya="0" hai0="37,73,109,0,14,29,47,45,118,115,134,46,52" hai1="40,51,69,112,82,93,18,76,123,25,111,71,88" hai2="74,4,5,66,98,19,8,117,65,120,110,50,104" hai3="135,121,53,119,61,31,36,55,22,84,130,122,102"/><T10/><D0/><U90/><E123/><V2/><F120/><N who="3" m="46187" /><G119/><T62/><D118/><U105/><E105/><V9/><F110/><W30/><G36/><T21/><D73/><U89/><E111/><V1/><F117/><W72/><G72/><T85/><D115/><U99/><E112/><V79/><F19/><W28/><G130/><T24/><D109/><U133/><E133/><V33/><F33/><W48/><G102/><T11/><D134/><U23/><E40/><V124/><F124/><W91/><G61/><T38/><D11/><U128/><E128/><V132/><F132/><W35/><G22/><T100/><D100/><U7/><E7/><V39/><F39/><W97/><G97/><T15/><D15/><U57/><E99/><V43/><F98/><W63/><G63/><T49/><D62/><U94/><E94/><V116/><F116/><W27/><G135/><T26/><D26/><U16/><E18/><V114/><F114/><W125/><G125/><T58/><REACH who="0" step="1"/><D85/><REACH who="0" ten="25,268,182,515" step="2"/><U113/><E113/><V101/><F101/><W64/><G84/><T95/><D95/><U54/><REACH who="1" step="1"/><E93/><REACH who="1" ten="25,258,182,515" step="2"/><V77/><F104/><W103/><G103/><T32/><D32/><U70/><E70/><V60/><F74/><AGARI ba="0,2" hai="16,23,25,51,54,57,69,71,74,76,82,88,89,90" machi="74" ten="40,12000,2" yaku="1,1,52,2,54,2,53,1" doraHai="67" doraHaiUra="20" who="1" fromWho="2" sc="25,0,258,140,182,-120,515,0" /><INIT seed="5,0,0,1,2,88" ten="25,398,62,515" oya="1" hai0="129,55,101,40,79,18,83,53,75,30,62,33,110" hai1="38,50,122,51,81,134,71,93,56,85,26,118,10" hai2="25,106,34,125,77,119,60,48,98,105,76,114,13" hai3="8,32,7,120,117,61,108,87,102,6,20,133,31"/><U17/><E71/><V39/><F119/><W46/><G108/><T74/><D110/><U115/><E118/><V128/><F114/><W67/><G120/><T70/><D129/><U19/><E122/><V28/><F128/><W24/><G117/><T109/><D109/><U89/><E38/><V59/><F125/><W14/><G133/><T96/><D75/><U43/><E134/><V36/><F39/><W95/><G46/><T100/><D40/><U116/><E116/><V78/><F36/><W127/><G127/><T92/><D100/><U82/><E115/><V12/><F48/><N who="1" m="18473" /><E43/><V112/><F112/><W23/><G7/><T44/><D44/><U49/><E26/><V52/><REACH who="2" step="1"/><F98/><REACH who="2" ten="25,398,52,515" step="2"/><W111/><G111/><T90/><D33/><U21/><E21/><V1/><F1/><W64/><G23/><T80/><D30/><U29/><E29/><V72/><F72/><W54/><G32/><T11/><D70/><U123/><E123/><V91/><F91/><N who="3" m="53759" /><G102/><T47/><D47/><U37/><E37/><V3/><F3/><W9/><G9/><T94/><D62/><U41/><E41/><V15/><AGARI ba="0,1" hai="12,13,15,25,28,34,52,59,60,76,77,78,105,106" machi="15" ten="30,4000,0" yaku="1,1,0,1,54,1,53,0" doraHai="88" doraHaiUra="132" who="2" fromWho="2" sc="25,-10,398,-20,52,50,515,-10" /><INIT seed="6,0,0,5,2,6" ten="15,378,102,505" oya="2" hai0="87,80,15,98,121,38,28,88,43,126,72,49,70" hai1="19,12,125,41,61,74,109,29,93,13,73,81,113" hai2="32,107,46,130,16,10,26,51,35,68,55,30,52" hai3="91,24,101,62,112,27,17,5,36,67,116,47,56"/><V54/><F107/><W14/><G116/><T50/><D121/><U60/><E109/><V133/><F130/><W31/><G112/><T103/><D70/><U40/><E113/><V42/><F68/><W85/><G101/><T123/><D123/><U132/><E132/><V135/><REACH who="2" step="1"/><F35/><REACH who="2" ten="15,378,92,505" step="2"/><W71/><G71/><T53/><D126/><U89/><E125/><V78/><F78/><W106/><G106/><T33/><D72/><U119/><E74/><V3/><F3/><W134/><G134/><T64/><D64/><U95/><E73/><V115/><F115/><W0/><G0/><T20/><D33/><U120/><E119/><V94/><F94/><W18/><G36/><T97/><D97/><U2/><E95/><V9/><F9/><W57/><G85/><T1/><D1/><U63/><E93/><V108/><F108/><W90/><G90/><T4/><D38/><U131/><E2/><V77/><F77/><W99/><G91/><T127/><D127/><U129/><E89/><V92/><F92/><W69/><G99/><T66/><D103/><U102/><E102/><V75/><F75/><W48/><G69/><T110/><D98/><U105/><E105/><V128/><F128/><W58/><G67/><T37/><D110/><U104/><E104/><V25/><F25/><W96/><G96/><T84/><D37/><U34/><E129/><V114/><F114/><W65/><G27/><T39/><D39/><U45/><E34/><V22/><F22/><W117/><G117/><T8/><D66/><U86/><E131/><V79/><F79/><W7/><G65/><RYUUKYOKU ba="0,1" sc="15,-10,378,-10,92,30,505,-10" hai2="10,16,26,30,32,42,46,51,52,54,55,133,135" /><INIT seed="6,1,1,4,5,76" ten="5,368,122,495" oya="2" hai0="26,118,71,57,99,3,23,32,105,121,126,124,67" hai1="56,112,95,69,17,72,103,22,64,97,89,80,132" hai2="113,77,74,114,116,104,94,96,25,13,91,110,107" hai3="29,9,8,73,62,0,78,81,11,135,68,84,4"/><V109/><F13/><W52/><G135/><T37/><D57/><U122/><E112/><N who="2" m="43115" /><F25/><W48/><G29/><N who="0" m="19511" /><D23/><U6/><E132/><V92/><F116/><W101/><G101/><N who="0" m="62655" /><D121/><U36/><E36/><V14/><F14/><W120/><G120/><T12/><D12/><U58/><E122/><V115/><N who="2" m="43123" /><V47/><DORA hai="82" /><F47/><W2/><G2/><T129/><D37/><U42/><E42/><V7/><F7/><W90/><G62/><N who="0" m="40439" /><D3/><U108/><E6/><V39/><F39/><W98/><G98/><T16/><D16/><U10/><E10/><V27/><F27/><W5/><G68/><T51/><D51/><U38/><E38/><V43/><F43/><W59/><G5/><T61/><D61/><U60/><E108/><N who="2" m="41579" /><F94/><AGARI ba="1,1" hai="0,4,8,9,11,48,52,59,73,78,81,84,90,94" machi="94" ten="30,7700,0" yaku="7,1,52,2,54,1" doraHai="76,82" who="3" fromWho="2" sc="5,0,368,0,122,-80,495,90" /><INIT seed="7,0,0,3,0,6" ten="5,368,42,585" oya="3" hai0="104,97,29,64,47,108,45,54,98,60,25,58,69" hai1="73,91,26,120,92,83,14,100,13,95,49,65,72" hai2="116,112,101,114,35,115,70,18,84,24,20,75,31" hai3="80,86,113,42,59,87,39,21,119,94,77,4,33"/><W71/><G33/><T107/><D108/><U34/><E120/><V55/><F75/><W15/><G71/><T76/><D76/><U12/><E65/><V124/><F116/><W23/><G119/><T79/><D79/><U74/><E100/><V11/><F70/><W37/><G113/><T110/><D110/><U129/><E129/><V117/><F117/><W106/><G106/><T135/><D98/><U32/><E26/><N who="2" m="18935" /><F101/><W134/><G134/><T0/><D0/><U50/><E83/><V2/><F84/><W67/><G42/><T52/><D135/><U88/><E34/><V3/><F55/><W27/><G39/><T90/><D54/><U131/><E32/><V127/><F11/><N who="3" m="4583" /><G37/><T40/><D107/><U81/><E81/><V105/><F105/><W7/><G7/><T99/><D99/><U133/><E133/><V16/><F18/><W63/><G27/><T48/><D104/><U82/><E82/><V78/><F78/><W61/><G61/><T38/><D45/><U66/><E66/><V43/><F43/><W68/><G68/><T111/><D111/><U46/><E46/><V132/><F132/><W130/><G130/><T56/><D56/><U121/><E121/><V103/><F103/><W122/><G122/><T28/><D25/><U41/><E41/><V126/><AGARI ba="0,0" hai="2,3,16,20,24,112,114,115,124,126,127" m="18935" machi="126" ten="40,8000,1" yaku="15,1,18,1,34,2,54,1" doraHai="6" who="2" fromWho="2" sc="5,-20,368,-20,42,80,585,-40" owari="-15,-52.0,348,15.0,122,-28.0,545,65.0" /></mjloggm>