<mjloggm ver="2.3"><GO type="41" lobby="0"/><UN n0="%E3%81%82%E3%82%93%E3%81%AB%E3%82%93%E3%81%B7%E3%82%8A%E3%82%93" n1="%E5%B0%B1%E6%B4%BB%E7%94%9F%40%E5%B7%9D%E6%9D%91%E8%BB%8D%E5%9B%A3" n2="%E4%B8%B8" n3="%E3%81%8B%E3%81%BC%E3%81%A1%E3%82%83%E3%81%BC" dan="15,17,15,15" rate="2053.35,2194.21,1971.32,2015.42" sx="M,M,M,M"/><TAIKYOKU oya="0"/><INIT seed="0,0,0,2,5,103" ten="250,250,250,250" oya="0" hai0="47,84,122,117,67,100,9,73,33,14,41,86,118" hai1="97,109,10,29,23,24,0,60,56,85,70,49,42" hai2="26,129,132,38,55,77,120,25,123,39,34,96,30" hai3="62,57,115,8,58,107,130,76,91,81,88,74,43"/><T93/><D73/><U35/><E109/><V18/><F77/><W5/><G115/><T54/><D122/><U51/><E70/><V99/><F55/><W95/><G130/><T31/><D67/><U124/><E124/><V4/><F18/><W78/><G78/><T89/><D54/><U69/><E69/><V11/><F129/><W102/><G43/><T65/><D65/><U104/><E85/><V20/><F11/><W27/><G27/><T111/><D111/><U12/><E0/><V75/><F4/><W72/><G72/><T98/><D31/><U22/><E22/><V61/><F61/><W114/><G114/><T44/><D33/><U113/><E113/><V126/><F75/><W101/><G91/><T36/><D47/><U32/><E32/><V21/><F30/><W48/><G48/><T71/><D71/><U17/><E35/><V68/><F68/><W106/><G101/><T112/><D84/><U63/><E42/><V52/><F52/><W92/><G92/><T13/><D13/><U119/><E119/><V15/><F126/><W128/><G128/><T87/><D87/><U121/><E121/><V59/><F59/><W19/><G57/><T90/><D90/><U131/><E131/><V46/><F34/><W1/><G102/><T80/><REACH who="0" step="1"/><D112/><REACH who="0" ten="240,250,250,250" step="2"/><U82/><E29/><V94/><F46/><W3/><G3/><T16/><AGARI ba="0,1" hai="9,14,16,36,41,44,80,86,89,93,98,100,117,118" machi="16" ten="20,18000,2" yaku="1,1,2,1,0,1,7,1,54,1,53,1" doraHai="103" doraHaiUra="37" who="0" fromWho="0" sc="240,190,250,-60,250,-60,250,-60" /><INIT seed="0,1,0,3,3,134" ten="430,190,190,190" oya="0" hai0="126,80,117,42,77,128,24,122,8,55,37,62,118" hai1="135,10,84,27,25,73,133,3,53,123,5,30,60" hai2="45,97,89,132,29,44,56,12,87,33,49,76,103" hai3="105,81,94,69,98,20,16,85,15,93,14,114,116"/><T125/><D122/><U83/><E73/><V7/><F76/><W121/><G116/><T66/><D128/><U52/><E123/><V38/><F38/><W108/><G114/><T65/><D24/><U41/><E41/><V95/><F132/><N who="1" m="50761" /><E60/><V120/><F120/><W40/><G121/><T88/><D88/><N who="1" m="51231" /><E27/><V28/><F33/><AGARI ba="1,0" hai="3,5,10,25,30,33,52,53" m="51231,50761" machi="33" ten="30,3900,0" yaku="20,1,54,2" doraHai="134" who="1" fromWho="2" sc="430,0,190,42,190,-42,190,0" /><INIT seed="1,0,0,2,2,97" ten="430,232,148,190" oya="1" hai0="23,71,2,31,24,30,95,105,103,14,126,38,86" hai1="17,48,65,44,55,59,112,92,114,124,32,10,16" hai2="90,47,8,22,62,133,98,123,1,120,109,43,81" hai3="56,74,0,25,111,63,130,132,5,28,57,52,72"/><U119/><E119/><V39/><F22/><W104/><G132/><T29/><D71/><U110/><E32/><V93/><F109/><W83/><G130/><T3/><D38/><U78/><E110/><V70/><F133/><W15/><G111/><T125/><D105/><U40/><E124/><N who="0" m="47721" /><D86/><U54/><E78/><V35/><F35/><W11/><G104/><T7/><D95/><U135/><E135/><V9/><F9/><W96/><G83/><T79/><D103/><U34/><E34/><V80/><F80/><W94/><G0/><N who="0" m="43" /><D79/><U127/><E127/><V12/><F1/><W76/><G57/><T128/><D128/><U117/><E117/><V49/><F39/><W21/><REACH who="3" step="1"/><G76/><REACH who="3" ten="430,232,148,180" step="2"/><T108/><D108/><U66/><E114/><V64/><REACH who="2" step="1"/><F81/><REACH who="2" ten="430,232,138,180" step="2"/><W99/><G99/><T67/><D31/><U19/><E112/><V36/><F36/><W122/><G122/><T107/><D30/><U58/><E92/><V100/><F100/><AGARI ba="0,2" hai="5,11,15,21,25,28,52,56,63,72,74,94,96,100" machi="100" ten="30,7700,0" yaku="1,1,7,1,52,1,54,1,53,0" doraHai="97" doraHaiUra="60" who="3" fromWho="2" sc="430,0,232,0,138,-77,180,97" /><INIT seed="2,0,0,1,3,50" ten="430,232,61,277" oya="2" hai0="27,130,0,123,101,119,53,63,87,82,102,29,100" hai1="52,26,113,28,106,89,127,132,92,18,16,60,107" hai2="41,129,76,15,56,58,69,98,62,20,65,128,14" hai3="111,19,55,79,7,91,68,96,124,6,86,73,95"/><V5/><F76/><W67/><G111/><T104/><D0/><U39/><E39/><V22/><F98/><W13/><G124/><T74/><D74/><U114/><E127/><V61/><F41/><W134/><G134/><T93/><D123/><U24/><E132/><V37/><F37/><W120/><G120/><T80/><D104/><U38/><E38/><V25/><F5/><W33/><G33/><T59/><D130/><U3/><E3/><V34/><F65/><W99/><G73/><T108/><D108/><U81/><E81/><V103/><F103/><W135/><G135/><T116/><D93/><U131/><E131/><V105/><F25/><W97/><G79/><T51/><D63/><U133/><E133/><V77/><F77/><W31/><G31/><T126/><D126/><U30/><E92/><V21/><F21/><N who="3" m="11503" /><G67/><T43/><D43/><U32/><E89/><V110/><F110/><W57/><G68/><T44/><D59/><U46/><E107/><V70/><REACH who="2" step="1"/><F34/><REACH who="2" ten="430,232,51,277" step="2"/><W94/><G94/><T71/><D100/><U85/><E26/><V125/><F125/><W84/><G84/><T115/><D87/><U64/><E85/><V36/><F36/><W47/><G86/><T11/><D101/><U35/><E24/><V48/><F48/><N who="3" m="29087" /><G95/><T75/><D75/><U23/><E35/><V8/><F8/><W54/><G91/><T45/><D11/><U12/><E32/><V88/><F88/><W90/><G90/><T109/><D109/><U66/><E66/><V49/><F49/><AGARI ba="0,1" hai="6,7,49,54,57,96,97,99" m="29087,11503" machi="49" ten="30,3900,0" yaku="8,1,52,2" doraHai="50" who="3" fromWho="2" sc="430,0,232,0,51,-39,277,49" /><INIT seed="3,0,0,5,0,51" ten="430,232,12,326" oya="3" hai0="128,97,19,52,14,132,36,31,102,119,17,126,105" hai1="91,107,106,111,57,82,66,47,98,67,129,120,78" hai2="104,64,56,100,9,93,61,46,72,116,74,48,75" hai3="40,7,83,112,20,92,77,34,114,110,25,71,68"/><W76/><G34/><T28/><D119/><U63/><E120/><V12/><F104/><W45/><G110/><T32/><D36/><U26/><E129/><V109/><F109/><W49/><G7/><T59/><D128/><U80/><E111/><V90/><F100/><W44/><G77/><T39/><D39/><U43/><E67/><V3/><F3/><W60/><G92/><N who="0" m="58663" /><D32/><U8/><E8/><V131/><F116/><W133/><G133/><T134/><D105/><U73/><E26/><V50/><F131/><W118/><G118/><T24/><D126/><U70/><E70/><V65/><F65/><W21/><G21/><N who="0" m="13375" /><D132/><U127/><E127/><V123/><F123/><W29/><G45/><T53/><D134/><U85/><E98/><V108/><F46/><W99/><G99/><T79/><D79/><U23/><E23/><V115/><F115/><W124/><G124/><T96/><D96/><U5/><E5/><V30/><F30/><N who="0" m="11306" /><D59/><U58/><E58/><V18/><REACH who="2" step="1"/><F108/><REACH who="2" ten="430,232,2,326" step="2"/><W101/><G101/><T0/><D0/><U103/><E103/><V38/><F38/><AGARI ba="0,1" hai="38,43,47,57,63,66,73,78,80,82,85,91,106,107" machi="38" ten="30,1000,0" yaku="7,1" doraHai="51" who="1" fromWho="2" sc="430,0,232,20,2,-10,326,0" owari="430,53.0,252,-15.0,-8,-51.0,326,13.0" /></mjloggm>