<mjloggm ver="2.3"><GO type="169" lobby="0"/><UN n0="%E3%82%A6%E3%83%AB%E3%83%88%E3%83%A9%E7%AB%8B%E7%9B%B4" n1="%4B%E3%80%82" n2="%E5%B8%82%E5%B7%9D%E8%BF%B7%E7%A0%82" n3="%33%37%33%61" dan="17,18,16,16" rate="2156.57,2259.25,2128.69,2088.86" sx="M,M,F,F"/><TAIKYOKU oya="0"/><BYE who="2" /><UN n2="%E5%B8%82%E5%B7%9D%E8%BF%B7%E7%A0%82" /><INIT seed="0,0,0,3,3,135" ten="250,250,250,250" oya="0" hai0="100,97,62,93,56,115,71,109,83,90,64,50,7" hai1="49,43,51,47,65,112,4,21,120,13,106,58,91" hai2="114,107,101,132,3,94,66,15,32,80,42,41,33" hai3="35,26,31,72,5,130,99,102,73,129,85,9,19"/><T105/><BYE who="2" /><D115/><UN n2="%E5%B8%82%E5%B7%9D%E8%BF%B7%E7%A0%82" /><U30/><BYE who="2" /><E120/><UN n2="%E5%B8%82%E5%B7%9D%E8%BF%B7%E7%A0%82" /><V11/><F11/><W28/><BYE who="2" /><G85/><UN n2="%E5%B8%82%E5%B7%9D%E8%BF%B7%E7%A0%82" /><T122/><BYE who="2" /><D122/><U1/><E106/><V111/><F111/><W48/><G48/><T128/><D128/><N who="3" m="49257" /><G19/><T2/><D109/><U86/><E112/><V103/><F103/><W54/><G54/><T52/><D83/><U117/><E117/><V37/><F37/><W60/><G60/><T36/><D36/><U39/><E1/><V57/><F57/><W76/><G76/><T25/><D25/><U87/><E39/><V17/><F17/><W68/><G68/><T88/><REACH who="0" step="1"/><D105/><REACH who="0" ten="240,250,250,250" step="2"/><U110/><E110/><V6/><F6/><W124/><G5/><T27/><D27/><U79/><E4/><V77/><F77/><W75/><G26/><T24/><D24/><U116/><E79/><V69/><F69/><W113/><G113/><T119/><D119/><U74/><E116/><V123/><F123/><W104/><G31/><T89/><D89/><U45/><E91/><V133/><F133/><W81/><G28/><T67/><D67/><U40/><E30/><V44/><F44/><W61/><G81/><T92/><D92/><U134/><E134/><V55/><F55/><W63/><G104/><T34/><D34/><U46/><E45/><V14/><F14/><W78/><G35/><T29/><D29/><U59/><E65/><V53/><F53/><W126/><G78/><T131/><D131/><U95/><E95/><V16/><F16/><W98/><G102/><T0/><D0/><U12/><E74/><V38/><F38/><W23/><G75/><T96/><D96/><RYUUKYOKU ba="0,1" sc="240,15,250,15,250,-15,250,-15" hai0="2,7,50,52,56,62,64,71,88,90,93,97,100" hai1="12,13,21,40,43,46,47,49,51,58,59,86,87" /><INIT seed="0,1,1,5,4,72" ten="255,265,235,235" oya="0" hai0="50,26,55,87,33,80,20,130,53,27,69,25,92" hai1="106,40,107,4,84,22,126,96,41,57,74,101,81" hai2="11,117,3,34,108,90,77,93,64,30,110,49,132" hai3="104,35,46,119,28,98,118,124,39,102,113,29,45"/><T23/><D69/><U127/><E4/><V111/><F111/><W86/><G29/><T15/><D33/><U51/><E106/><V24/><F24/><N who="3" m="18823" /><G86/><T95/><D130/><U12/><E74/><V9/><F9/><W65/><G46/><T31/><D15/><U44/><E57/><V32/><F32/><W82/><G82/><T70/><D70/><U66/><E66/><V123/><F123/><W37/><G113/><T18/><D27/><U16/><REACH who="1" step="1"/><E41/><REACH who="1" ten="255,255,235,235" step="2"/><V38/><F38/><W115/><G39/><T135/><D135/><U7/><E7/><V61/><F61/><W122/><G65/><T112/><D112/><U63/><E63/><V131/><F131/><W133/><G37/><T19/><D31/><U129/><E129/><V14/><F14/><W13/><G104/><T43/><D43/><U56/><E56/><V58/><F58/><W42/><G42/><T2/><D2/><U60/><E60/><V67/><F67/><W47/><G133/><T91/><D55/><U79/><AGARI ba="1,2" hai="12,16,22,40,44,51,79,81,84,96,101,107,126,127" machi="79" ten="30,8000,1" yaku="1,1,0,1,52,1,54,1,53,1" doraHai="72" doraHaiUra="8" who="1" fromWho="1" sc="255,-41,255,103,235,-21,235,-21" /><INIT seed="1,0,0,1,0,117" ten="214,358,214,214" oya="1" hai0="60,134,135,67,69,125,53,48,90,8,120,75,94" hai1="4,40,119,91,61,80,29,18,55,74,0,64,13" hai2="57,46,89,98,20,25,71,107,62,65,16,77,123" hai3="132,30,133,104,105,33,122,7,116,112,14,76,6"/><U17/><E119/><V24/><F24/><N who="3" m="18631" /><G116/><T86/><D75/><U95/><E40/><V37/><F37/><W127/><G112/><T111/><D111/><U15/><E29/><V130/><F130/><W72/><G127/><T54/><D125/><U85/><E0/><V113/><F113/><W78/><G6/><T11/><D54/><U106/><E106/><N who="3" m="41066" /><G72/><T12/><D120/><U108/><E108/><V45/><F45/><W126/><G122/><T27/><D27/><U35/><E35/><V32/><F32/><W118/><G118/><T79/><D79/><U124/><E124/><V26/><F26/><W73/><G126/><T42/><D42/><U96/><E55/><V43/><F43/><W50/><G50/><T52/><D53/><U9/><E74/><V19/><F19/><W83/><G78/><T10/><REACH who="0" step="1"/><D12/><REACH who="0" ten="204,358,214,214" step="2"/><U1/><E15/><V115/><F115/><W70/><G14/><T3/><D3/><U114/><E1/><V34/><F34/><W99/><G76/><T103/><D103/><U39/><E114/><V36/><F36/><W66/><G73/><T38/><D38/><U2/><E39/><V59/><F59/><AGARI ba="0,1" hai="8,10,11,48,52,59,60,67,69,86,90,94,134,135" machi="59" ten="40,5200,0" yaku="1,1,54,1,53,1" doraHai="117" doraHaiUra="58" who="0" fromWho="2" sc="204,62,358,0,214,-52,214,0" /><INIT seed="2,0,0,4,5,109" ten="266,358,162,214" oya="2" hai0="20,35,132,85,122,52,14,15,112,31,76,128,78" hai1="58,40,91,66,18,27,4,135,24,101,93,61,119" hai2="68,114,83,99,23,48,9,82,63,96,133,108,36" hai3="72,34,121,67,5,98,130,19,1,10,26,89,42"/><V80/><F80/><W125/><G72/><T21/><D122/><U105/><E119/><V100/><F100/><W29/><G121/><T6/><D85/><U106/><E135/><V127/><F127/><W43/><G125/><T88/><D31/><U13/><E4/><V69/><F69/><W17/><G130/><T70/><D35/><U30/><E40/><V7/><F7/><W2/><G67/><T22/><D70/><U90/><E90/><V77/><F77/><N who="0" m="29802" /><D112/><U95/><E95/><V92/><F92/><W47/><G1/><T75/><D75/><U117/><E117/><V94/><F94/><W118/><G118/><T64/><D64/><U0/><E0/><V12/><F12/><N who="0" m="4650" /><D128/><U50/><E50/><V49/><F49/><W39/><G98/><T62/><D132/><U103/><E105/><V8/><F8/><W16/><G89/><T3/><D3/><U113/><E106/><V73/><F73/><W115/><G115/><T102/><D102/><N who="1" m="38923" /><E30/><V57/><F57/><W129/><G129/><T65/><D6/><U126/><E113/><V120/><F120/><W46/><REACH who="3" step="1"/><G19/><REACH who="3" ten="266,358,162,204" step="2"/><T124/><D124/><U60/><E126/><V79/><F79/><W56/><G56/><N who="0" m="35079" /><D65/><U38/><E66/><V45/><F45/><W111/><G111/><T33/><D88/><U37/><E91/><V59/><F59/><W116/><G116/><T28/><D28/><U55/><E58/><V44/><F44/><W11/><G11/><T123/><D123/><U134/><E134/><V51/><F51/><AGARI ba="0,1" hai="2,5,10,16,17,26,29,34,39,42,43,46,47,51" machi="51" ten="30,3900,0" yaku="1,1,7,1,54,1,53,0" doraHai="109" doraHaiUra="84" who="3" fromWho="2" sc="266,0,358,0,162,-39,204,49" /><INIT seed="3,0,0,2,5,97" ten="266,358,123,253" oya="3" hai0="2,120,84,18,20,126,31,66,61,16,56,4,21" hai1="93,54,1,35,64,51,70,79,130,14,45,52,27" hai2="37,115,124,43,85,91,103,78,63,5,114,99,100" hai3="28,75,10,44,46,106,128,105,80,121,30,92,71"/><W76/><G121/><T83/><D120/><U77/><E1/><V109/><F109/><W127/><G71/><T59/><D126/><U39/><E130/><V34/><F34/><W88/><G128/><T41/><D41/><U129/><E129/><V11/><F11/><W73/><G73/><T111/><D111/><U102/><E39/><V94/><F94/><W125/><G106/><T32/><D32/><U82/><E64/><V0/><F0/><W90/><G90/><T101/><D31/><N who="3" m="11817" /><G10/><T135/><D135/><U24/><E35/><V116/><F116/><W89/><G89/><T134/><D134/><U68/><E68/><V36/><F36/><W48/><G48/><T38/><D38/><U17/><E70/><V25/><F25/><N who="1" m="9801" /><E54/><V40/><F40/><W53/><G105/><T58/><D2/><U87/><E79/><V123/><F123/><W9/><G53/><T47/><D4/><U49/><E49/><V118/><F118/><W26/><G26/><T23/><D66/><U19/><E14/><V131/><F131/><W22/><G125/><T50/><D61/><U110/><E110/><V133/><F133/><W72/><G127/><T42/><REACH who="0" step="1"/><D101/><REACH who="0" ten="256,358,123,253" step="2"/><U107/><E102/><V55/><F55/><W117/><G117/><T7/><D7/><U15/><E52/><V86/><F86/><W13/><G72/><T60/><D60/><U119/><E87/><V62/><F62/><W96/><G75/><T81/><D81/><U113/><E82/><V74/><F74/><W12/><G80/><T6/><D6/><U122/><E122/><V57/><F57/><RYUUKYOKU ba="0,1" sc="256,30,358,-10,123,-10,253,-10" hai0="16,18,20,21,23,42,47,50,56,58,59,83,84" /><INIT seed="4,1,1,4,0,13" ten="286,348,113,243" oya="0" hai0="67,5,66,110,105,118,49,34,46,40,25,101,2" hai1="21,89,44,95,7,42,108,133,72,9,59,62,74" hai2="106,81,93,115,91,29,69,121,4,57,117,38,77" hai3="130,8,15,120,18,92,17,10,54,12,128,132,61"/><T50/><D118/><U60/><E108/><V82/><F82/><W135/><G120/><T103/><D110/><U71/><E133/><N who="3" m="51274" /><G92/><T6/><D2/><U122/><E122/><V24/><F24/><W98/><G98/><T52/><D34/><U37/><E71/><V96/><F96/><W100/><G100/><N who="0" m="38475" /><D25/><U107/><E107/><V76/><F76/><W45/><G45/><N who="0" m="27727" /><D105/><U111/><E111/><V134/><F134/><W3/><G3/><T113/><D113/><U125/><E125/><V47/><F47/><W83/><G83/><T104/><D104/><U56/><E72/><V48/><F48/><W1/><G1/><T32/><D32/><U90/><E74/><V123/><F123/><W86/><G86/><T88/><D88/><U99/><E90/><V35/><F35/><W94/><G94/><T11/><D11/><U70/><E70/><V119/><F119/><W27/><G27/><T41/><D41/><U102/><E89/><V87/><F87/><W36/><G36/><T84/><D84/><U39/><E37/><V16/><F16/><W112/><G112/><T33/><D33/><U19/><E60/><V114/><F114/><W131/><G54/><T58/><D58/><U79/><E62/><AGARI ba="1,1" hai="8,10,12,15,17,18,61,62,128,130,131" m="51274" machi="62" ten="40,8000,1" yaku="19,1,20,1,52,2" doraHai="13" who="3" fromWho="1" sc="286,0,348,-83,113,0,243,93" /><INIT seed="5,0,0,2,1,60" ten="286,265,113,336" oya="1" hai0="112,10,14,22,129,91,48,19,132,101,122,86,11" hai1="51,24,53,39,4,26,32,5,99,35,106,109,94" hai2="37,82,52,117,45,28,50,9,77,16,34,30,18" hai3="121,15,54,92,95,114,57,65,78,20,41,81,62"/><U1/><E106/><V63/><F63/><W80/><G114/><T126/><D112/><U71/><E109/><V120/><F120/><W23/><G121/><T76/><D122/><U107/><E107/><V93/><F93/><N who="3" m="35915" /><G41/><T38/><D38/><U79/><E39/><V123/><F123/><W84/><G80/><T7/><D126/><U103/><E71/><V83/><F83/><W119/><G119/><T44/><D129/><U29/><E79/><V49/><F49/><W118/><G118/><T73/><D132/><U102/><E102/><V131/><F131/><W64/><G15/><T75/><D101/><U89/><E1/><V0/><F0/><W66/><AGARI ba="0,0" hai="20,23,54,57,62,64,65,66,78,81,84" m="35915" machi="66" ten="30,7900,0" yaku="8,1,52,3" doraHai="60" who="3" fromWho="3" sc="286,-20,265,-39,113,-20,336,79" /><INIT seed="6,0,0,0,0,13" ten="266,226,93,415" oya="2" hai0="33,47,25,82,126,130,73,116,108,79,83,34,98" hai1="3,96,68,61,90,59,5,57,66,76,23,74,102" hai2="48,41,103,132,42,110,114,117,21,63,18,87,106" hai3="70,77,40,81,127,129,0,56,16,107,14,67,58"/><V135/><F135/><W75/><G0/><T89/><D108/><U93/><E3/><V133/><F133/><W94/><G107/><T38/><D126/><U123/><E5/><V7/><F7/><W100/><G40/><T78/><D130/><U134/><E134/><V19/><F19/><W125/><G129/><T51/><D116/><U99/><E123/><V6/><F6/><W2/><G2/><T36/><D98/><U46/><E74/><V95/><F95/><W119/><G119/><T88/><D25/><U15/><E76/><V109/><F109/><W37/><G37/><T26/><D26/><U4/><E46/><V80/><F80/><W112/><G112/><T28/><D51/><U121/><E121/><V10/><F10/><W72/><G72/><T118/><D118/><U84/><E96/><V85/><F85/><W52/><G94/><T101/><D101/><U44/><E44/><V11/><F11/><W120/><G100/><T29/><D47/><U54/><E54/><V131/><F131/><W27/><G27/><T45/><D45/><U30/><E30/><V8/><F8/><N who="3" m="6215" /><G120/><T55/><D73/><U50/><E4/><V113/><F113/><W71/><G67/><T86/><D86/><U9/><E9/><V92/><F92/><W60/><G58/><T69/><D69/><U43/><E15/><V32/><F32/><W31/><G31/><T65/><D65/><U12/><E12/><V115/><F115/><W128/><G128/><T49/><D55/><U124/><E124/><AGARI ba="0,0" hai="52,56,60,70,71,75,77,81,124,125,127" m="6215" machi="124" ten="30,7700,0" yaku="18,1,52,1,54,2" doraHai="13" who="3" fromWho="1" sc="266,0,226,-77,93,0,415,77" /><INIT seed="7,0,0,2,4,87" ten="266,149,93,492" oya="3" hai0="95,131,81,43,19,113,109,106,114,30,70,12,18" hai1="49,89,123,24,39,67,15,83,7,107,91,130,32" hai2="16,65,31,120,50,133,52,126,20,84,25,61,23" hai3="41,118,88,63,35,72,10,110,122,94,71,27,127"/><W86/><G88/><N who="1" m="33866" /><E39/><V40/><F40/><W66/><G94/><T101/><D70/><U99/><E123/><V135/><F135/><W36/><G86/><T90/><D106/><U13/><E32/><V93/><F93/><W42/><G41/><T111/><D95/><U80/><E107/><V44/><F44/><W79/><G42/><T21/><D101/><U121/><E121/><V68/><F68/><W75/><G63/><T98/><D98/><U6/><E130/><V105/><F105/><W100/><G66/><T17/><D131/><U1/><E1/><V60/><F60/><W58/><G79/><T14/><D81/><N who="1" m="31307" /><E67/><V9/><F9/><W104/><G104/><T115/><D90/><U102/><E24/><V54/><F54/><W92/><G27/><N who="0" m="16751" /><D43/><U59/><E99/><V4/><F4/><N who="1" m="1577" /><E102/><V116/><F116/><W0/><G100/><T33/><D33/><U38/><E38/><V103/><F103/><W29/><G36/><T119/><D119/><U57/><E49/><V22/><F22/><W128/><G35/><T129/><D129/><U77/><E77/><V45/><F45/><W48/><G128/><T3/><D3/><U108/><E108/><AGARI ba="0,0" hai="12,14,17,18,19,108,109,111,113,114,115" m="16751" machi="108" ten="40,8000,1" yaku="15,1,11,1,34,2" doraHai="87" who="0" fromWho="1" sc="266,80,149,-80,93,0,492,0" owari="346,15.0,69,-43.0,93,-31.0,492,59.0" /></mjloggm>