<mjloggm ver="2.3"><GO type="169" lobby="0"/><UN n0="%E3%83%A8%E3%82%B3%E3%83%A8%E3%82%B3" n1="%E6%8E%A5%E7%82%B9%40%51%42" n2="%E3%83%98%E3%82%AF%E3%82%B5%E3%83%BC" n3="%E5%B0%B1%E6%B4%BB%E7%94%9F%40%E5%B7%9D%E6%9D%91%E8%BB%8D%E5%9B%A3" dan="16,16,17,18" rate="2104.64,2083.99,2247.44,2288.54" sx="M,F,M,M"/><TAIKYOKU oya="0"/><INIT seed="0,0,0,3,4,72" ten="250,250,250,250" oya="0" hai0="30,33,5,59,61,92,125,71,99,113,84,98,40" hai1="60,16,20,76,104,88,55,79,12,19,66,111,13" hai2="93,51,36,85,91,123,42,9,130,10,116,17,87" hai3="134,105,14,67,112,8,43,28,50,90,1,35,29"/><T62/><D113/><U56/><E111/><V58/><F123/><W86/><G105/><T6/><D125/><U48/><E104/><V101/><F116/><W82/><G112/><T49/><D71/><U41/><E41/><V103/><F130/><W129/><G1/><T44/><D33/><U64/><E88/><N who="2" m="53391" /><F36/><W80/><G35/><T74/><D74/><U32/><E32/><V23/><F58/><W119/><G119/><T95/><D30/><U54/><E54/><V106/><F106/><W4/><G67/><N who="1" m="25642" /><E60/><N who="0" m="23145" /><D59/><U120/><E120/><V53/><F42/><W22/><G129/><T0/><D0/><U26/><E26/><N who="2" m="14703" /><F53/><W94/><G134/><T118/><D118/><U128/><E128/><V96/><F51/><W133/><G133/><T65/><D65/><U37/><E37/><V2/><F2/><W115/><G115/><T11/><D84/><U127/><E127/><V18/><F96/><W15/><G50/><T75/><D99/><U21/><AGARI ba="0,0" hai="12,13,16,19,20,21,48,55,56,76,79" m="25642" machi="21" ten="30,7900,0" yaku="8,1,52,2,54,1" doraHai="72" who="1" fromWho="1" sc="250,-39,250,79,250,-20,250,-20" /><INIT seed="1,0,0,2,1,17" ten="211,329,230,230" oya="1" hai0="21,78,43,96,7,33,122,59,111,79,24,19,30" hai1="65,74,113,81,22,2,120,76,95,35,114,9,101" hai2="90,39,47,37,83,67,86,128,54,112,68,20,44" hai3="123,118,77,40,48,127,89,51,87,4,119,63,85"/><U13/><E120/><V28/><F128/><W27/><G123/><T129/><D122/><U109/><E35/><V124/><F124/><W91/><G4/><T45/><D129/><U14/><E2/><V64/><F112/><W1/><G1/><T66/><D111/><U97/><E109/><V50/><F68/><W131/><G77/><T56/><D7/><U103/><E65/><V32/><F32/><W117/><G131/><T84/><D96/><U132/><E132/><V0/><F0/><W18/><G127/><T98/><D98/><U52/><E52/><N who="2" m="29767" /><F37/><W60/><G18/><T12/><D66/><N who="2" m="25130" /><F39/><W58/><G27/><T53/><D84/><N who="3" m="32329" /><G58/><T29/><D29/><U26/><E114/><V134/><F134/><W73/><G73/><T92/><D59/><U62/><E74/><V61/><F47/><W80/><G80/><T69/><D69/><U23/><E81/><V88/><F90/><N who="3" m="34315" /><G40/><T15/><D92/><U70/><E95/><V100/><F100/><W11/><G11/><T38/><REACH who="0" step="1"/><D15/><REACH who="0" ten="201,329,230,230" step="2"/><U10/><E13/><V16/><F28/><W34/><G34/><T102/><D102/><U72/><E103/><V133/><F133/><W25/><G119/><T41/><D41/><U115/><E14/><N who="2" m="9239" /><F61/><AGARI ba="0,1" hai="12,19,21,24,30,33,38,43,45,53,56,61,78,79" machi="61" ten="30,3900,0" yaku="1,1,7,1,52,1,53,0" doraHai="17" doraHaiUra="6" who="0" fromWho="2" sc="201,49,329,0,230,-39,230,0" /><INIT seed="2,0,0,2,2,78" ten="250,329,191,230" oya="2" hai0="80,130,29,47,42,13,66,9,127,128,64,11,85" hai1="104,122,68,52,83,61,92,113,102,91,15,36,67" hai2="89,3,84,40,57,111,105,46,65,119,129,71,90" hai3="24,16,33,97,112,8,12,117,5,118,19,50,62"/><V18/><F119/><N who="3" m="45579" /><G62/><T125/><D29/><U76/><E113/><V39/><F129/><N who="0" m="49770" /><D64/><U32/><E32/><V53/><F111/><W60/><G60/><T1/><D66/><U110/><E110/><V99/><F3/><W77/><G50/><N who="0" m="26999" /><D1/><U131/><E131/><V6/><F6/><W98/><G77/><N who="0" m="46223" /><D9/><U133/><E133/><V4/><F65/><W20/><G98/><T49/><D49/><U38/><E38/><V86/><F71/><W121/><G97/><T44/><D44/><U124/><E36/><V28/><F28/><N who="3" m="19591" /><G121/><T101/><D101/><U17/><E61/><V94/><F4/><AGARI ba="0,0" hai="4,11,13,125,127" m="46223,26999,49770" machi="4" ten="30,3900,0" yaku="25,1,19,1,52,1" doraHai="78" who="0" fromWho="2" sc="250,39,329,0,191,-39,230,0" /><INIT seed="3,0,0,1,4,0" ten="289,329,152,230" oya="3" hai0="31,88,119,45,19,82,75,12,81,43,39,25,92" hai1="76,125,55,135,9,85,84,113,128,41,10,35,120" hai2="59,50,57,37,69,51,8,26,17,6,129,126,14" hai3="95,87,122,44,118,105,52,117,2,104,77,97,109"/><W78/><G122/><T58/><D119/><U53/><E113/><V18/><F126/><W47/><G2/><T33/><D58/><U111/><E111/><V79/><F129/><W96/><G95/><T124/><D75/><U99/><E120/><V108/><F108/><W36/><G87/><T7/><D124/><U11/><E125/><V21/><F37/><W133/><G109/><T83/><D7/><U134/><E35/><V67/><F69/><W123/><G123/><T28/><D28/><U20/><E128/><V64/><F79/><W15/><G15/><T65/><D65/><U80/><E41/><V102/><F102/><W22/><G22/><T132/><D132/><N who="1" m="50731" /><E99/><V106/><F106/><W112/><G133/><T62/><D62/><U131/><E131/><V115/><F115/><W13/><G13/><T5/><D5/><U70/><E70/><V42/><F17/><W23/><G23/><T98/><REACH who="0" step="1"/><D82/><REACH who="0" ten="279,329,152,230" step="2"/><U34/><E80/><V94/><F94/><W46/><G112/><T74/><D74/><U110/><E110/><V3/><F3/><W89/><G117/><T49/><D49/><N who="2" m="18442" /><F42/><W38/><G118/><T66/><D66/><AGARI ba="0,1" hai="6,8,14,18,21,26,57,59,64,66,67" m="18442" machi="66" ten="30,2000,0" yaku="8,1,52,1" doraHai="0" who="2" fromWho="0" sc="279,-20,329,0,152,30,230,0" /><INIT seed="4,0,0,4,3,32" ten="259,329,182,230" oya="0" hai0="76,12,72,63,110,3,112,64,13,66,17,125,4" hai1="37,134,62,34,73,109,11,21,6,135,23,131,101" hai2="27,82,114,58,41,132,119,88,26,96,68,31,29" hai3="87,30,67,49,22,81,100,44,93,121,53,18,83"/><T36/><D112/><U35/><E73/><V40/><F68/><W0/><G121/><T103/><D36/><U127/><E37/><V15/><F114/><W97/><G0/><T104/><D125/><U92/><E62/><V70/><F70/><W60/><G30/><T54/><D110/><U5/><E101/><V107/><F132/><N who="1" m="50729" /><E92/><N who="2" m="56327" /><F107/><W47/><G47/><T86/><D72/><U61/><E61/><V50/><F119/><W59/><REACH who="3" step="1"/><G87/><REACH who="3" ten="259,329,182,220" step="2"/><T2/><D86/><U133/><E109/><V123/><F123/><W113/><G113/><T120/><D2/><N who="1" m="439" /><E133/><V89/><F29/><W48/><G48/><T94/><D3/><U85/><E85/><N who="2" m="50359" /><F31/><W90/><G90/><T91/><D91/><U124/><E131/><V7/><F50/><W46/><G46/><T111/><D120/><U52/><E124/><V19/><F58/><W42/><G42/><N who="2" m="16489" /><F7/><W14/><AGARI ba="0,1" hai="14,18,22,44,49,53,59,60,67,81,83,93,97,100" machi="14" ten="20,8000,1" yaku="1,1,0,1,7,1,8,1,53,1" doraHai="32" doraHaiUra="45" who="3" fromWho="3" sc="259,-40,329,-20,182,-20,220,90" /><INIT seed="5,0,0,2,1,110" ten="219,309,162,310" oya="1" hai0="102,4,68,51,16,73,89,120,95,27,83,105,76" hai1="52,108,87,88,56,47,97,20,58,123,54,15,59" hai2="28,5,80,23,2,118,38,116,91,60,115,49,135" hai3="75,98,125,43,37,8,100,130,72,101,84,90,17"/><U104/><E123/><V1/><F38/><W21/><G125/><T18/><D120/><U33/><E33/><V46/><F135/><W107/><G130/><T39/><D39/><U25/><E108/><V94/><F115/><W82/><G101/><T6/><D68/><U61/><E104/><V64/><F80/><W81/><G8/><T129/><D129/><U86/><E15/><V65/><F118/><W124/><G124/><T34/><D51/><N who="1" m="29055" /><E97/><V131/><F116/><W112/><G112/><T31/><D105/><U3/><E3/><V127/><F127/><W71/><G71/><T113/><D113/><U19/><E87/><V119/><F119/><W62/><G62/><T96/><REACH who="0" step="1"/><D102/><REACH who="0" ten="209,309,162,310" step="2"/><U103/><E103/><V7/><F131/><W69/><G69/><T99/><D99/><U85/><E85/><V78/><F49/><W11/><G37/><T40/><D40/><U126/><E126/><V42/><F42/><W92/><G43/><T0/><D0/><U9/><E61/><V24/><F1/><W111/><G111/><T70/><D70/><U12/><E86/><N who="2" m="52599" /><F2/><W67/><G75/><T122/><D122/><U48/><E48/><V30/><F60/><W106/><G72/><T29/><D29/><U117/><E117/><V50/><F30/><W74/><G74/><T114/><D114/><U128/><E128/><V14/><F50/><W53/><G107/><T44/><D44/><U57/><E57/><V22/><F46/><W134/><G100/><T41/><D41/><U133/><E58/><V63/><F63/><W77/><G106/><T93/><D93/><RYUUKYOKU ba="0,1" sc="209,30,309,-10,162,-10,310,-10" hai0="4,6,16,18,27,31,34,73,76,83,89,95,96" /><INIT seed="6,1,1,4,0,49" ten="239,299,152,300" oya="2" hai0="125,82,37,93,62,135,21,66,18,11,45,73,111" hai1="6,42,39,95,127,85,50,74,44,79,78,117,29" hai2="80,76,24,102,123,26,64,94,107,110,5,38,115" hai3="71,81,52,118,61,10,0,108,33,41,46,28,15"/><V7/><F123/><W121/><G108/><T13/><D111/><U103/><E117/><V68/><F110/><W34/><G0/><T4/><D125/><U131/><E127/><V88/><F38/><W112/><G118/><T96/><D135/><U126/><E126/><V106/><F115/><W133/><G121/><T48/><D37/><U40/><E131/><V22/><F68/><W92/><G28/><T35/><D35/><U47/><E29/><V63/><F107/><W69/><G69/><T75/><D82/><U84/><E6/><N who="2" m="2059" /><F106/><W116/><G116/><T129/><D129/><U51/><E74/><V134/><F134/><W2/><G2/><T32/><D32/><U25/><E25/><N who="2" m="9835" /><F76/><N who="1" m="29225" /><E39/><V56/><F22/><W43/><G71/><T58/><D21/><U120/><E120/><V77/><F77/><W30/><G34/><T128/><D4/><U130/><E130/><V17/><F17/><W101/><G30/><T105/><D105/><U114/><E114/><V57/><F102/><W113/><G33/><T20/><D20/><U86/><E103/><V14/><F14/><W67/><G133/><T91/><REACH who="0" step="1"/><D128/><REACH who="0" ten="229,299,152,300" step="2"/><U27/><E27/><V53/><F80/><W90/><G81/><T23/><D23/><U31/><E31/><V12/><F12/><W97/><G112/><T132/><D132/><U59/><E95/><V100/><F100/><W122/><G113/><T1/><D1/><U87/><N who="1" m="21504" /><DORA hai="9" /><U104/><E104/><V65/><F57/><AGARI ba="1,2" hai="40,42,44,47,50,51,57,59" m="21504,29225" machi="57" ten="40,1300,0" yaku="8,1" doraHai="49,9" who="1" fromWho="2" sc="229,0,299,36,152,-16,300,0" /><INIT seed="7,0,0,3,4,82" ten="229,335,136,300" oya="3" hai0="27,102,37,105,133,24,3,131,89,59,48,101,117" hai1="116,135,74,53,127,39,26,10,119,25,94,34,132" hai2="87,122,14,124,73,114,9,72,60,7,115,88,17" hai3="43,12,6,21,79,65,19,4,93,84,40,85,41"/><W32/><G32/><T35/><D37/><U49/><E39/><V71/><F124/><W42/><G42/><T91/><D117/><N who="1" m="45131" /><E127/><V0/><F122/><W29/><G65/><T129/><D3/><U44/><E74/><V52/><F73/><W66/><G66/><T126/><D133/><N who="1" m="51275" /><E34/><V62/><F72/><W33/><G33/><T8/><D8/><U55/><E10/><V98/><F98/><W56/><G56/><T5/><D48/><N who="1" m="28807" /><E94/><V57/><F71/><W78/><G29/><T54/><D102/><U128/><E128/><V11/><REACH who="2" step="1"/><F62/><REACH who="2" ten="229,335,126,300" step="2"/><W16/><G6/><T69/><D5/><U61/><E61/><V36/><F36/><W30/><G4/><T51/><D126/><U77/><E77/><V118/><F118/><W95/><G30/><T15/><D131/><U68/><E68/><V113/><F113/><W18/><G79/><T130/><D69/><U22/><E22/><V123/><F123/><W120/><G120/><T45/><D130/><U2/><E2/><V76/><F76/><W112/><G78/><T63/><D129/><U111/><E111/><V106/><F106/><W1/><G112/><T31/><D105/><U58/><AGARI ba="0,1" hai="25,26,49,55,58" m="28807,51275,45131" machi="58" ten="30,2000,0" yaku="12,1,20,1" doraHai="82" who="1" fromWho="1" sc="229,-5,335,30,126,-5,300,-10" owari="224,-18.0,365,47.0,121,-38.0,290,9.0" /></mjloggm>