<mjloggm ver="2.3"><GO type="169" lobby="0"/><UN n0="%E7%99%BD%E7%81%AB" n1="%E4%BB%A3%E6%89%93%E3%81%A1%E3%81%AE%E7%A5%9E%E6%A7%98" n2="%45%47%41%4B%55" n3="%E3%82%A6%E3%83%AB%E3%83%88%E3%83%A9%E7%AB%8B%E7%9B%B4" dan="16,18,16,17" rate="2019.16,2150.63,2043.20,2202.69" sx="M,M,M,M"/><TAIKYOKU oya="0"/><INIT seed="0,0,0,2,3,70" ten="250,250,250,250" oya="0" hai0="76,29,134,43,34,23,16,30,48,3,85,64,55" hai1="61,14,95,82,41,101,38,84,1,135,54,105,133" hai2="44,98,52,71,74,28,126,129,59,25,60,116,31" hai3="35,22,127,27,8,20,36,100,91,40,122,99,12"/><T83/><D3/><U106/><E1/><V89/><F74/><W130/><G130/><T15/><D134/><N who="1" m="51211" /><E14/><V72/><F72/><W132/><G132/><T112/><D112/><U90/><E54/><V107/><F116/><W67/><G67/><T97/><D34/><U111/><E61/><V63/><F31/><W21/><G91/><T9/><D64/><U102/><E111/><V103/><F129/><W104/><G122/><T65/><D65/><U18/><E18/><V125/><F89/><W108/><G108/><T50/><D97/><N who="1" m="57591" /><E41/><V56/><F44/><W128/><G128/><T115/><D115/><U117/><E38/><V53/><REACH who="2" step="1"/><F71/><REACH who="2" ten="250,250,240,250" step="2"/><W93/><G35/><AGARI ba="0,1" hai="25,28,35,52,53,56,59,60,63,98,103,107,125,126" machi="35" ten="40,8000,1" yaku="1,1,2,1,9,1,54,1,53,0" doraHai="70" doraHaiUra="33" who="2" fromWho="3" sc="250,0,250,0,240,90,250,-80" /><INIT seed="1,0,0,3,5,46" ten="250,250,330,170" oya="1" hai0="39,107,109,65,59,31,29,38,125,97,135,58,121" hai1="129,76,15,114,88,100,74,36,14,42,49,22,12" hai2="11,7,21,83,115,64,134,124,0,91,85,23,26" hai3="2,117,123,60,32,120,55,56,44,106,72,92,131"/><U33/><E33/><V37/><F37/><W81/><G106/><T93/><D109/><U119/><E119/><V3/><F115/><W132/><G2/><T95/><D135/><U87/><E114/><V126/><F134/><W122/><G132/><T130/><D65/><U110/><E36/><V5/><F64/><W24/><G117/><T84/><D84/><U80/><E110/><V61/><F61/><W86/><G131/><T35/><D130/><U51/><E129/><V13/><F23/><W94/><G72/><T63/><D63/><U112/><E112/><V40/><F40/><W20/><G32/><T89/><D35/><U16/><E100/><V116/><F116/><W104/><G44/><T18/><D18/><U43/><E43/><V98/><F98/><W27/><G104/><T34/><D34/><U6/><E42/><V48/><F7/><W90/><REACH who="3" step="1"/><G27/><REACH who="3" ten="250,250,330,160" step="2"/><T118/><D107/><U10/><REACH who="1" step="1"/><E15/><REACH who="1" ten="250,240,330,160" step="2"/><V53/><F13/><W19/><AGARI ba="0,2" hai="19,20,24,55,56,60,81,86,90,92,94,120,122,123" machi="19" ten="30,7900,0" yaku="1,1,2,1,0,1,53,1" doraHai="46" doraHaiUra="52" who="3" fromWho="3" sc="250,-20,240,-39,330,-20,160,99" /><INIT seed="2,0,0,0,1,123" ten="230,201,310,259" oya="2" hai0="61,51,93,116,119,80,39,92,117,124,85,110,55" hai1="22,94,132,24,74,21,28,106,47,7,45,66,79" hai2="59,65,82,50,113,64,23,17,91,27,54,103,30" hai3="18,120,35,131,36,53,63,76,67,97,3,34,114"/><V46/><F113/><W101/><G120/><T60/><D124/><U42/><E106/><V135/><F135/><W104/><G114/><T105/><D39/><U87/><E132/><V134/><F134/><W25/><G131/><T1/><D1/><U100/><E74/><V77/><F103/><W58/><G36/><T32/><D32/><U13/><E66/><V102/><F102/><W83/><G3/><T122/><D105/><U37/><E47/><V19/><F91/><W69/><G18/><T41/><D41/><U12/><E7/><V81/><F82/><W84/><REACH who="3" step="1"/><G25/><REACH who="3" ten="230,201,310,249" step="2"/><T108/><D122/><U68/><E24/><V15/><F19/><W115/><G115/><T89/><D93/><U0/><E94/><V72/><REACH who="2" step="1"/><F59/><REACH who="2" ten="230,201,300,249" step="2"/><W86/><G86/><T126/><D126/><U11/><E87/><V128/><F128/><W62/><AGARI ba="0,2" hai="34,35,53,58,62,63,67,69,76,83,84,97,101,104" machi="62" ten="20,2700,0" yaku="1,1,0,1,7,1,53,0" doraHai="123" doraHaiUra="130" who="3" fromWho="3" sc="230,-7,201,-7,300,-13,249,47" /><INIT seed="3,0,0,3,4,62" ten="223,194,287,296" oya="3" hai0="23,10,99,135,86,3,34,83,104,106,129,39,28" hai1="37,118,1,132,79,98,75,80,70,38,69,11,6" hai2="77,88,20,65,29,55,19,74,45,50,96,94,31" hai3="53,59,82,56,109,64,92,102,127,78,122,90,100"/><W110/><G122/><T124/><D34/><U67/><E132/><V93/><F74/><W111/><G127/><T36/><D135/><U44/><E118/><V112/><F112/><W57/><G53/><T81/><D124/><U26/><E26/><V0/><F0/><W33/><G33/><T120/><D120/><U54/><E54/><V105/><F105/><W9/><G9/><T91/><D81/><U89/><E38/><V58/><F77/><W107/><G107/><T76/><D36/><U2/><E2/><V68/><F68/><W123/><G123/><T48/><D39/><U115/><E115/><V27/><F94/><W13/><G13/><T84/><D99/><U63/><E89/><V46/><F46/><W30/><G30/><T87/><D91/><U116/><E98/><V14/><F14/><W8/><G8/><T128/><D28/><U72/><E116/><V71/><F71/><W43/><G43/><T73/><D23/><U24/><E24/><V21/><F21/><W18/><G18/><T85/><D10/><U117/><E117/><V97/><F97/><N who="3" m="57495" /><G64/><T32/><D3/><U66/><E75/><AGARI ba="0,0" hai="56,57,59,75,78,82,100,102,109,110,111" m="57495" machi="75" ten="40,3900,0" yaku="14,1,10,1" doraHai="62" who="3" fromWho="1" sc="223,0,194,-39,287,0,296,39" /><INIT seed="3,1,0,5,2,130" ten="223,155,287,335" oya="3" hai0="5,70,112,110,52,76,89,99,127,19,23,74,33" hai1="125,101,123,26,34,102,116,0,46,132,67,51,128" hai2="87,11,59,135,25,49,124,6,81,71,8,66,29" hai3="115,62,131,10,54,40,85,100,47,111,56,114,12"/><W119/><G119/><T79/><D110/><U27/><E123/><V44/><F71/><W7/><G131/><T108/><D108/><U80/><E128/><V28/><F124/><W48/><G111/><T84/><D33/><U86/><E125/><V64/><F28/><W20/><G100/><T17/><D70/><U45/><E0/><V97/><F97/><W126/><G126/><T133/><D133/><U118/><E67/><V88/><F135/><W22/><REACH who="3" step="1"/><G85/><REACH who="3" ten="223,155,287,325" step="2"/><T37/><D127/><U35/><E86/><V68/><F87/><W53/><G53/><T95/><D84/><U72/><E80/><V4/><F66/><W120/><G120/><T106/><D52/><U107/><E72/><V24/><F64/><W42/><G42/><T69/><D74/><U103/><E103/><V75/><F81/><W50/><G50/><T15/><D37/><U57/><E51/><V65/><F49/><W98/><G98/><T1/><D99/><U113/><E107/><V63/><F65/><W30/><G30/><T104/><D106/><U90/><E90/><V78/><F88/><W16/><G16/><T3/><D19/><U93/><E93/><V2/><F29/><W31/><G31/><T94/><D104/><U14/><E132/><V55/><F75/><W96/><G96/><T18/><D89/><U39/><E39/><V73/><F73/><W121/><G121/><T36/><D17/><U77/><E102/><V91/><F91/><W60/><G60/><T43/><D18/><U82/><E101/><V61/><F61/><W122/><G122/><T58/><D36/><RYUUKYOKU ba="1,1" sc="223,-10,155,-10,287,-10,325,30" hai3="7,10,12,20,22,40,47,48,54,56,62,114,115" /><INIT seed="3,2,1,4,3,100" ten="213,145,277,355" oya="3" hai0="125,54,134,99,101,25,21,70,69,20,116,73,6" hai1="3,87,79,66,119,60,83,130,112,90,50,47,45" hai2="97,110,108,57,135,85,36,96,132,23,5,61,129" hai3="24,127,94,118,19,63,31,80,41,113,12,62,115"/><W13/><G118/><T107/><D134/><N who="2" m="51242" /><F36/><W51/><G127/><T39/><D39/><U7/><E119/><V82/><F5/><W89/><G80/><T18/><D73/><U78/><E112/><V11/><F23/><W71/><G71/><T26/><D125/><U53/><E130/><V128/><F11/><W43/><G12/><T37/><D37/><U22/><E3/><V93/><F57/><W9/><G113/><T8/><D54/><U111/><E111/><N who="2" m="42539" /><F61/><W30/><G115/><T109/><D116/><U117/><E117/><V28/><F28/><N who="3" m="10795" /><G24/><T59/><D59/><N who="1" m="37151" /><E7/><V4/><F4/><W75/><G43/><T103/><D69/><U122/><E122/><V52/><F52/><W38/><G38/><T33/><D70/><U65/><E65/><V88/><F96/><W126/><G126/><T56/><D56/><U27/><E47/><V81/><F81/><W35/><G63/><T114/><D114/><U124/><E124/><V67/><F67/><W1/><G62/><T40/><D40/><U121/><E121/><V58/><F58/><W46/><G1/><N who="0" m="79" /><D109/><U133/><E133/><V17/><F17/><AGARI ba="2,1" hai="17,22,27,45,50,53,78,79,83,87,90" m="37151" machi="17" ten="30,1000,0" yaku="8,1" doraHai="100" who="1" fromWho="2" sc="213,0,145,26,277,-16,355,0" /><INIT seed="4,0,0,5,0,65" ten="213,171,261,355" oya="0" hai0="74,37,47,42,6,60,4,12,21,92,49,75,11" hai1="39,43,78,38,105,122,27,33,82,76,106,134,29" hai2="83,48,73,121,7,132,22,84,119,111,46,97,52" hai3="112,102,115,24,129,15,91,23,66,101,131,109,126"/><T9/><D92/><U51/><E78/><V79/><F111/><W125/><G109/><T56/><D37/><U113/><E122/><V5/><F121/><W64/><G15/><T17/><D21/><U3/><E51/><V59/><F119/><W13/><G13/><T93/><D93/><U114/><E3/><V67/><F132/><W34/><G23/><T135/><D135/><U54/><E54/><V88/><F22/><W26/><REACH who="3" step="1"/><G91/><REACH who="3" ten="213,171,261,345" step="2"/><T103/><D103/><U72/><E134/><V123/><F123/><W127/><G127/><T99/><D17/><U95/><E95/><N who="2" m="56551" /><F73/><W32/><AGARI ba="0,1" hai="24,26,32,34,64,66,101,102,112,115,125,126,129,131" machi="32" ten="25,12000,2" yaku="1,1,0,1,22,2,53,2" doraHai="65" doraHaiUra="28" who="3" fromWho="3" sc="213,-60,171,-30,261,-30,345,130" /><INIT seed="5,0,0,2,1,76" ten="153,141,231,475" oya="1" hai0="83,117,119,95,34,75,16,92,131,89,47,45,78" hai1="42,74,25,91,51,17,35,84,12,104,53,57,123" hai2="24,68,7,124,27,41,8,105,1,111,39,60,85" hai3="96,30,108,44,101,0,62,93,133,15,22,80,40"/><U127/><E123/><V102/><F111/><W88/><G0/><T103/><D34/><U14/><E74/><V135/><F27/><W6/><G108/><T36/><D131/><U20/><E104/><V13/><F13/><W23/><G133/><T121/><D121/><U90/><E127/><V28/><F124/><W9/><G62/><T79/><D16/><U10/><E42/><V3/><F3/><W122/><G30/><T19/><D19/><U115/><E115/><V99/><F85/><N who="3" m="50215" /><G122/><T107/><D45/><U130/><E130/><V59/><F135/><W73/><G73/><N who="0" m="43471" /><D47/><U33/><E14/><V31/><F31/><W2/><G2/><T54/><D54/><U65/><E65/><V43/><F39/><W132/><G132/><T52/><D52/><U94/><REACH who="1" step="1"/><E91/><REACH who="1" ten="153,131,231,475" step="2"/><V126/><F126/><W86/><G40/><T48/><D89/><U4/><AGARI ba="0,1" hai="4,10,12,17,20,25,33,35,51,53,57,84,90,94" machi="4" ten="20,7800,0" yaku="1,1,2,1,0,1,7,1,53,0" doraHai="76" doraHaiUra="69" who="1" fromWho="1" sc="153,-26,131,88,231,-26,475,-26" /><INIT seed="5,1,0,0,1,99" ten="127,219,205,449" oya="1" hai0="63,90,1,62,47,87,39,78,5,58,74,26,25" hai1="110,131,126,111,35,93,42,108,45,79,4,129,116" hai2="3,30,80,37,36,81,54,9,84,123,52,106,134" hai3="66,31,91,112,38,48,21,41,68,70,11,22,86"/><U133/><E35/><V6/><F106/><W0/><G38/><T121/><D121/><U117/><E4/><V20/><F123/><W124/><G66/><T83/><D63/><U33/><E33/><V113/><F81/><W49/><G11/><T119/><D119/><N who="1" m="45643" /><E79/><V65/><F65/><W82/><G91/><T14/><D1/><U132/><E93/><V7/><F7/><W53/><G86/><T107/><D107/><U104/><E104/><V23/><F23/><W29/><G82/><T98/><D98/><U2/><E2/><V55/><F134/><N who="1" m="51817" /><E126/><V18/><F30/><W94/><G31/><T96/><D74/><U100/><E100/><V15/><REACH who="2" step="1"/><F113/><REACH who="2" ten="127,219,195,449" step="2"/><W76/><G112/><T8/><D5/><U71/><E71/><V57/><F57/><W16/><G29/><T50/><D58/><U67/><E67/><V40/><F40/><W10/><G41/><T128/><D83/><U105/><E105/><V61/><F61/><W43/><G43/><T56/><D62/><U27/><E27/><V118/><F118/><W60/><G60/><T19/><D25/><U120/><E120/><V97/><F97/><W51/><G70/><T102/><D26/><U130/><E130/><V32/><F32/><W72/><G68/><T12/><D128/><U64/><E64/><V69/><F69/><W101/><G0/><T44/><D56/><U122/><E122/><V59/><F59/><W92/><G92/><T135/><D96/><U115/><E115/><V46/><F46/><W88/><G94/><T13/><D47/><U109/><N who="1" m="28160" /><DORA hai="89" /><U77/><E77/><AGARI ba="1,1" hai="3,6,9,15,18,20,36,37,52,54,55,77,80,84" machi="77" ten="40,8000,1" yaku="1,1,6,1,54,1,53,1" doraHai="99,89" doraHaiUra="114,73" who="2" fromWho="1" sc="127,0,219,-83,195,93,449,0" /><INIT seed="6,0,0,1,4,113" ten="127,136,288,449" oya="2" hai0="38,118,31,126,45,131,120,108,35,43,104,25,15" hai1="116,49,33,107,96,56,114,57,36,66,19,78,60" hai2="85,98,24,71,73,39,93,69,40,62,83,46,37" hai3="82,58,61,130,11,123,122,88,27,70,44,32,0"/><V125/><F73/><W21/><G70/><T100/><D108/><U2/><E36/><V3/><F3/><W99/><G32/><T7/><D120/><U103/><E114/><V26/><F39/><W110/><G110/><T89/><D131/><U95/><E2/><V64/><F71/><W92/><G130/><T74/><D126/><U13/><E33/><V42/><F42/><W17/><G82/><T65/><D74/><U23/><E78/><V29/><F125/><W55/><G44/><T14/><D7/><AGARI ba="0,0" hai="0,7,11,17,21,27,55,58,61,88,92,99,122,123" machi="7" ten="40,5200,0" yaku="25,2,54,1" doraHai="113" who="3" fromWho="0" sc="127,-52,136,0,288,0,449,52" /><INIT seed="7,0,0,0,3,19" ten="75,136,288,501" oya="3" hai0="79,25,6,72,52,103,35,130,18,83,40,11,26" hai1="77,76,22,91,95,65,107,49,122,44,17,41,33" hai2="86,31,9,125,78,88,117,85,55,109,114,98,131" hai3="66,54,108,113,64,111,7,1,106,120,97,29,61"/><W121/><G97/><T118/><D118/><U62/><E33/><V21/><F117/><W112/><G106/><T38/><D130/><U71/><E107/><V81/><F109/><W24/><G7/><T110/><D110/><U43/><E43/><V104/><F131/><W20/><G1/><T63/><D103/><U127/><E127/><V51/><F125/><W116/><G116/><T14/><D35/><U89/><E89/><V46/><F9/><W132/><G132/><T82/><D82/><U34/><E34/><V47/><F98/><W84/><G84/><T58/><D18/><U32/><E32/><V23/><F31/><W48/><G29/><T36/><D36/><U16/><E17/><V30/><F30/><W15/><G113/><T8/><D8/><U13/><E122/><V102/><F102/><W39/><G39/><T59/><D59/><U4/><E4/><V60/><F60/><W124/><G124/><T115/><D115/><U68/><E71/><V92/><F104/><W94/><G61/><T28/><D28/><U129/><E129/><V73/><F73/><W2/><G112/><T57/><REACH who="0" step="1"/><D57/><REACH who="0" ten="65,136,288,501" step="2"/><U133/><E133/><V105/><F114/><W3/><G111/><T0/><D0/><U37/><E37/><V100/><F100/><W53/><G108/><T56/><D56/><U27/><E13/><V119/><F119/><W10/><G121/><T74/><D74/><U123/><E123/><V80/><F80/><W90/><G120/><T101/><D101/><U126/><E126/><V5/><F105/><W87/><G10/><T75/><D75/><RYUUKYOKU ba="0,1" sc="65,15,136,15,288,-15,501,-15" hai0="6,11,14,25,26,38,40,52,58,63,72,79,83" hai1="16,22,27,41,44,49,62,65,68,76,77,91,95" owari="80,-42.0,151,-25.0,273,7.0,496,60.0" /></mjloggm>