<mjloggm ver="2.3"><GO type="169" lobby="0"/><UN n0="%E5%B0%B1%E6%B4%BB%E7%94%9F%40%E5%B7%9D%E6%9D%91%E8%BB%8D%E5%9B%A3" n1="%E3%83%9E%E3%82%B8%E3%81%8D%E3%82%8C%E3%81%9D%E3%81%86%EF%BC%81" n2="%E3%83%8A%E3%82%A4%E3%83%AB%E3%83%91%E3%83%BC%E3%83%81" n3="%E2%80%A0%73%74%72%61%77%E2%80%A0" dan="17,16,16,17" rate="2206.89,2161.84,2052.50,2200.39" sx="M,M,M,M"/><TAIKYOKU oya="0"/><INIT seed="0,0,0,3,0,39" ten="250,250,250,250" oya="0" hai0="43,33,77,15,50,26,123,110,56,90,129,0,76" hai1="7,41,28,134,73,91,12,37,124,98,24,86,3" hai2="119,83,1,104,25,112,131,74,69,54,128,105,80" hai3="122,114,62,8,82,11,5,106,70,115,121,79,34"/><T81/><D0/><U135/><E73/><V87/><F1/><W111/><G106/><N who="2" m="41065" /><F69/><W130/><G130/><N who="2" m="49705" /><F25/><W113/><G34/><T19/><D129/><U14/><E98/><V109/><F109/><W95/><G95/><T96/><D123/><N who="3" m="47113" /><G111/><T63/><D110/><U38/><E3/><V44/><F112/><W64/><G5/><T102/><D26/><U42/><E124/><V29/><F29/><W71/><G71/><T30/><D30/><U66/><E66/><V32/><F32/><W107/><G107/><T10/><D33/><N who="1" m="20615" /><E38/><V6/><F6/><W108/><G108/><T99/><D90/><U101/><E101/><V75/><F119/><W21/><G21/><T18/><D18/><U4/><E37/><V53/><F44/><W132/><G132/><N who="1" m="50730" /><E7/><V48/><F48/><W116/><G116/><T49/><D102/><U22/><E14/><V133/><F133/><W58/><G70/><T45/><D50/><U40/><E4/><V13/><F13/><W94/><G94/><T103/><D103/><U46/><E46/><V85/><F54/><W72/><AGARI ba="0,0" hai="8,11,58,62,64,72,79,82,113,114,115" m="47113" machi="72" ten="40,1500,0" yaku="13,1" doraHai="39" who="3" fromWho="3" sc="250,-7,250,-4,250,-4,250,15" /><INIT seed="1,0,0,1,1,50" ten="243,246,246,265" oya="1" hai0="46,61,68,95,66,90,70,39,77,37,58,113,60" hai1="30,87,52,20,71,85,59,31,25,123,11,125,45" hai2="34,12,9,28,100,35,131,102,55,44,10,69,17" hai3="111,2,116,126,101,97,103,19,64,32,115,63,73"/><U6/><E71/><N who="0" m="27177" /><D77/><U7/><E123/><V27/><F69/><W38/><G19/><T128/><D95/><U13/><E125/><V81/><F131/><W54/><G101/><T89/><D89/><U82/><E45/><V132/><F132/><W21/><G103/><T80/><D80/><U110/><E110/><V133/><F35/><W26/><G111/><T75/><D75/><U118/><E118/><V108/><F133/><W3/><G73/><T42/><D90/><N who="1" m="51511" /><E87/><V36/><F36/><N who="0" m="13898" /><D113/><U112/><E112/><V74/><F9/><W105/><G115/><T106/><D106/><U41/><E41/><V120/><F120/><W1/><G126/><T92/><D92/><U109/><E109/><V114/><F114/><W5/><G105/><T8/><D8/><U84/><E84/><V121/><F121/><W129/><G116/><T130/><D61/><N who="1" m="36071" /><E31/><V93/><F93/><W122/><G122/><T134/><D134/><U94/><E94/><V49/><F108/><W117/><G117/><T56/><D56/><U135/><E135/><V48/><F74/><W4/><G3/><T107/><D107/><U14/><E14/><V67/><F81/><W23/><G2/><T119/><D119/><U24/><E24/><V65/><F100/><W16/><G1/><T51/><AGARI ba="0,0" hai="42,46,51,58,60,66,128,130" m="13898,27177" machi="51" ten="40,2700,0" yaku="34,2" doraHai="50" who="0" fromWho="0" sc="243,27,246,-13,246,-7,265,-7" /><INIT seed="2,0,0,4,5,84" ten="270,233,239,258" oya="2" hai0="85,36,68,120,87,98,94,64,32,72,26,71,8" hai1="28,101,57,9,110,35,22,54,15,126,118,132,92" hai2="10,34,24,60,47,99,124,37,40,115,0,128,112" hai3="12,59,134,96,78,107,130,61,109,3,45,131,133"/><V73/><F128/><N who="3" m="49195" /><G3/><T21/><D72/><U50/><E118/><V20/><F124/><W58/><G109/><T135/><D36/><U11/><E110/><V5/><F60/><W17/><G78/><T48/><D32/><U114/><E114/><V69/><F69/><W53/><G45/><T108/><D120/><U82/><E35/><V77/><F99/><W14/><G59/><T41/><D135/><N who="3" m="51721" /><G17/><T79/><D108/><U88/><E126/><V19/><REACH who="2" step="1"/><F34/><REACH who="2" ten="270,233,229,258" step="2"/><W49/><G61/><T42/><D98/><U44/><E132/><V18/><F18/><W38/><G96/><T16/><D71/><U123/><E123/><V25/><F25/><W95/><G107/><T31/><D68/><U62/><E101/><V97/><F97/><W111/><G111/><T55/><D26/><U116/><E62/><V46/><F46/><W43/><G12/><T100/><D16/><U39/><E44/><V106/><F106/><W6/><G14/><T51/><D31/><U127/><E28/><V52/><F52/><W86/><G6/><T66/><D55/><U63/><E54/><V80/><AGARI ba="0,1" hai="0,5,10,19,20,24,37,40,47,73,77,80,112,115" machi="80" ten="30,12000,1" yaku="1,1,0,1,25,2,53,1" doraHai="84" doraHaiUra="105" who="2" fromWho="2" sc="270,-40,233,-40,229,130,258,-40" /><INIT seed="2,1,0,0,0,105" ten="230,193,359,218" oya="2" hai0="0,116,132,9,2,86,58,50,39,52,106,85,10" hai1="123,12,89,16,75,44,76,48,90,63,15,87,37" hai2="36,70,61,31,118,111,100,99,68,131,109,67,59" hai3="108,55,130,66,40,107,88,45,82,5,78,94,104"/><V79/><F118/><W98/><G108/><N who="2" m="41545" /><F131/><W20/><G130/><T120/><D106/><U22/><E37/><V128/><F128/><W21/><G66/><T64/><D120/><U1/><E1/><V125/><F125/><W46/><G5/><T115/><D115/><U24/><E123/><V32/><F36/><W13/><G55/><T110/><D132/><U43/><E63/><V126/><F126/><W38/><G46/><T69/><D39/><U53/><E43/><V3/><F3/><W17/><REACH who="3" step="1"/><G21/><REACH who="3" ten="230,193,359,208" step="2"/><T29/><D110/><U73/><E53/><V18/><F67/><W92/><G92/><T124/><D124/><U96/><E44/><V84/><F70/><W30/><G30/><T133/><D64/><U93/><E48/><V103/><F68/><W56/><G56/><T81/><D69/><U4/><E4/><V57/><F59/><W101/><G101/><T54/><D29/><U14/><REACH who="1" step="1"/><E76/><REACH who="1" ten="230,183,359,208" step="2"/><V83/><F79/><W97/><G97/><T26/><D54/><U102/><E102/><V19/><F100/><W62/><G62/><T77/><D50/><U135/><E135/><V27/><F103/><W127/><G127/><T42/><D52/><U71/><E71/><V28/><F99/><W129/><G129/><T117/><D133/><U34/><E34/><V74/><F61/><W113/><G113/><T119/><D119/><U114/><E114/><V95/><F57/><W51/><G51/><T7/><D116/><U91/><E91/><N who="2" m="53735" /><F31/><W49/><G49/><T112/><D117/><U47/><E47/><V65/><F65/><W25/><G25/><RYUUKYOKU ba="1,2" sc="230,-30,183,10,359,10,208,10" hai1="12,14,15,16,22,24,73,75,87,89,90,93,96" hai2="18,19,27,28,32,74,83" hai3="13,17,20,38,40,45,78,82,88,94,98,104,107" /><INIT seed="2,2,2,5,0,14" ten="200,193,369,218" oya="2" hai0="80,35,48,81,25,91,12,131,121,40,2,128,106" hai1="116,45,74,112,96,82,8,86,58,56,100,79,66" hai2="39,6,34,114,103,134,22,133,7,115,130,19,99" hai3="17,36,42,125,93,20,60,76,29,21,87,65,118"/><V44/><F34/><W117/><G125/><T9/><D121/><U113/><E116/><V37/><F130/><N who="0" m="49706" /><D2/><U120/><E120/><V98/><F44/><W31/><G118/><T85/><D106/><U61/><E74/><V50/><F50/><W47/><G117/><T63/><D63/><U132/><E132/><V1/><F1/><W15/><G21/><T104/><D104/><U43/><E56/><V49/><F49/><W95/><G95/><T24/><D35/><U94/><REACH who="1" step="1"/><E8/><REACH who="1" ten="200,183,369,218" step="2"/><V77/><F133/><W46/><G46/><N who="0" m="25671" /><D80/><U122/><E122/><V107/><F134/><W57/><REACH who="3" step="1"/><G93/><REACH who="3" ten="200,183,369,208" step="2"/><T59/><D59/><U71/><E71/><V127/><F127/><W64/><G64/><T126/><D126/><U92/><E92/><V70/><F70/><W16/><G16/><AGARI ba="2,4" hai="9,12,16,24,25,81,85,91" m="25671,49706" machi="16" ten="30,3900,0" yaku="19,1,52,1,54,1" doraHai="14" who="0" fromWho="3" sc="200,85,183,0,369,0,208,-45" /><INIT seed="3,0,0,0,3,8" ten="285,183,369,163" oya="3" hai0="63,92,104,6,32,126,79,78,129,95,39,119,99" hai1="108,101,52,113,85,111,132,83,117,0,23,57,56" hai2="89,106,21,81,115,122,20,41,97,121,19,72,30" hai3="10,60,91,22,93,50,27,4,82,55,42,128,5"/><W3/><G128/><T94/><D39/><U67/><E113/><V116/><F115/><W87/><G5/><T7/><D32/><U13/><E0/><V48/><F116/><W11/><G42/><T114/><D119/><U37/><E37/><V54/><F41/><W100/><G60/><T46/><D114/><U69/><E117/><V14/><F72/><W70/><G70/><T12/><D126/><U110/><E101/><V109/><F109/><W1/><G1/><T124/><D124/><U73/><E73/><V125/><F125/><W135/><G135/><T112/><D112/><U98/><E98/><V88/><F81/><W84/><G3/><T58/><D46/><U59/><E132/><V18/><F30/><N who="3" m="17783" /><G4/><T80/><D129/><U49/><E67/><V118/><F118/><W61/><G61/><T75/><D79/><N who="1" m="46335" /><E69/><V130/><F130/><W133/><G133/><T71/><D71/><U123/><E123/><N who="2" m="47115" /><F106/><W68/><G68/><T2/><D2/><U77/><E77/><V28/><F28/><W127/><G127/><T24/><D104/><U38/><E38/><V17/><F97/><N who="3" m="59439" /><G87/><T51/><D99/><U134/><E134/><V105/><F105/><W103/><G103/><T47/><D75/><U26/><E26/><N who="2" m="14623" /><F18/><AGARI ba="0,0" hai="13,18,23,49,52,56,57,59,108,110,111" m="46335" machi="18" ten="30,3900,0" yaku="14,1,52,1,54,1" doraHai="8" who="1" fromWho="2" sc="285,0,183,39,369,-39,163,0" /><INIT seed="4,0,0,4,1,92" ten="285,222,330,163" oya="0" hai0="98,121,67,54,71,78,38,18,13,41,33,102,79" hai1="101,36,108,11,60,95,127,122,90,1,94,57,47" hai2="117,93,30,82,73,72,32,89,105,44,61,86,48" hai3="85,126,52,97,49,27,128,134,17,39,135,19,103"/><T46/><D33/><U59/><E122/><V114/><F114/><W45/><G39/><T83/><D121/><U80/><E108/><V8/><F105/><W43/><G126/><T81/><D54/><U51/><E36/><V75/><F117/><W50/><G128/><T88/><D67/><U37/><E37/><V112/><F112/><W133/><G85/><T15/><D71/><U113/><E127/><V100/><F61/><W69/><G27/><T87/><D81/><U76/><E101/><V3/><F30/><W125/><G69/><T74/><D74/><U129/><E129/><V16/><F32/><W115/><G115/><T58/><D58/><U34/><E34/><V29/><F29/><W12/><G12/><T123/><D123/><U22/><E22/><V110/><F110/><W68/><G68/><T23/><REACH who="0" step="1"/><D13/><REACH who="0" ten="275,222,330,163" step="2"/><U55/><E59/><V116/><F116/><W106/><G125/><T107/><AGARI ba="0,1" hai="15,18,23,38,41,46,78,79,83,87,88,98,102,107" machi="107" ten="20,18000,2" yaku="1,1,2,1,0,1,7,1,52,1,54,1,53,0" doraHai="92" doraHaiUra="130" who="0" fromWho="0" sc="275,190,222,-60,330,-60,163,-60" /><INIT seed="4,1,0,5,3,102" ten="465,162,270,103" oya="0" hai0="14,0,50,85,127,8,43,87,38,96,74,35,115" hai1="77,121,16,106,41,132,59,48,100,45,2,33,56" hai2="19,125,15,133,93,97,78,110,21,134,88,57,3" hai3="39,49,73,129,40,109,103,24,76,51,20,25,75"/><T7/><D74/><U44/><E121/><V111/><F3/><W4/><G109/><T47/><D35/><U26/><E2/><V36/><F36/><W69/><G129/><T1/><D127/><U124/><E124/><V67/><F125/><W89/><G69/><T63/><D115/><U62/><E132/><N who="2" m="50795" /><F78/><W32/><G103/><T22/><D63/><AGARI ba="1,0" hai="15,19,21,57,63,67,88,93,97,110,111" m="50795" machi="63" ten="30,2000,0" yaku="20,1,54,1" doraHai="102" who="2" fromWho="0" sc="465,-23,162,0,270,23,103,0" /><INIT seed="5,0,0,5,1,122" ten="442,162,293,103" oya="1" hai0="110,8,13,90,123,133,91,111,134,22,62,21,57" hai1="41,113,108,7,130,30,100,84,86,63,121,73,120" hai2="99,132,35,81,65,105,59,53,43,24,64,72,52" hai3="55,29,75,125,85,93,32,98,58,50,80,89,94"/><U117/><E73/><V9/><F43/><W10/><G125/><T4/><D123/><U70/><E30/><V12/><F132/><N who="0" m="50794" /><D22/><U71/><E63/><V23/><F35/><W83/><G75/><T19/><D91/><U27/><E27/><V127/><F127/><W97/><G32/><T48/><D48/><U131/><E100/><V79/><F105/><W0/><G29/><T45/><D45/><U51/><E51/><V44/><F99/><W46/><G0/><N who="0" m="7" /><D90/><U76/><E7/><V42/><F23/><W38/><G10/><T104/><D104/><U6/><E6/><V56/><F24/><W116/><G116/><T33/><D33/><U107/><E107/><V60/><F44/><W20/><G20/><T101/><D101/><U36/><E117/><V135/><F42/><W2/><G2/><T54/><AGARI ba="0,0" hai="13,19,21,54,57,62,110,111" m="7,50794" machi="54" ten="30,4000,0" yaku="20,1,52,2" doraHai="122" who="0" fromWho="0" sc="442,40,162,-20,293,-10,103,-10" /><INIT seed="6,0,0,1,5,6" ten="482,142,283,93" oya="2" hai0="2,4,34,114,120,66,81,7,65,133,127,96,132" hai1="67,74,63,55,109,29,72,10,69,135,20,27,41" hai2="25,106,56,94,102,77,86,51,43,53,71,104,99" hai3="58,98,100,75,124,33,50,28,17,3,46,37,19"/><V95/><F71/><W12/><G124/><T23/><D120/><U90/><E109/><V40/><F106/><W73/><G3/><T16/><D34/><U80/><E135/><N who="0" m="51785" /><D127/><U111/><E111/><V119/><F119/><W26/><G37/><T61/><D114/><U130/><E130/><V126/><F126/><W13/><G58/><T22/><D22/><U1/><E41/><V48/><F48/><W42/><G13/><N who="0" m="9615" /><D2/><U59/><E90/><N who="2" m="53591" /><F104/><W62/><G62/><T84/><D96/><U91/><E91/><V39/><F39/><W52/><G42/><T113/><D113/><U129/><E129/><V35/><F77/><W24/><G24/><T87/><D87/><U44/><E44/><V54/><F35/><W128/><G128/><T112/><D112/><U88/><E88/><N who="2" m="55783" /><F25/><W60/><G60/><T125/><D125/><U83/><E74/><V134/><F102/><W103/><G100/><T131/><D131/><U70/><E72/><V68/><F68/><W11/><REACH who="3" step="1"/><G19/><REACH who="3" ten="482,142,283,83" step="2"/><T31/><D61/><U93/><E69/><V108/><F134/><W121/><G121/><T57/><D57/><U32/><E59/><V18/><F18/><W47/><G47/><T38/><D38/><U92/><E63/><N who="2" m="36239" /><F108/><W110/><G110/><T14/><D31/><U82/><E29/><V101/><F101/><W107/><AGARI ba="0,1" hai="11,12,17,26,28,33,46,50,52,73,75,98,103,107" machi="107" ten="20,12000,2" yaku="1,1,0,1,7,1,52,1,54,1,53,1" doraHai="6" doraHaiUra="97" who="3" fromWho="3" sc="482,-30,142,-30,283,-60,83,130" /><INIT seed="7,0,0,1,5,17" ten="452,112,223,213" oya="3" hai0="38,9,51,96,50,11,22,89,134,40,117,46,101" hai1="110,81,69,26,53,54,87,78,99,6,35,28,109" hai2="30,29,68,132,91,95,102,25,90,15,4,27,39" hai3="125,65,61,75,93,58,80,114,77,105,86,5,49"/><W116/><G116/><T88/><D117/><U79/><E69/><V8/><F68/><W129/><G114/><T83/><D134/><U111/><E6/><V52/><F39/><W100/><G125/><T13/><D22/><U108/><N who="1" m="27648" /><DORA hai="97" /><U59/><E79/><V103/><F132/><W3/><G129/><T66/><D66/><U31/><E59/><V131/><F131/><W70/><G5/><T72/><D72/><U127/><E127/><V106/><F106/><W126/><G3/><T21/><D21/><U1/><E1/><V14/><F52/><W55/><G126/><T41/><D11/><U18/><E18/><V130/><F130/><W124/><G124/><T16/><D83/><U37/><E37/><V43/><F43/><W113/><G113/><T20/><D9/><U67/><E67/><V121/><F121/><W44/><G70/><T19/><D19/><U0/><E0/><V73/><F73/><W82/><G105/><T112/><D112/><U133/><E133/><V120/><F120/><W63/><G63/><T115/><D115/><U85/><E85/><N who="2" m="52687" /><F91/><N who="0" m="34890" /><D40/><U24/><REACH who="1" step="1"/><E99/><REACH who="1" ten="452,102,223,213" step="2"/><V36/><F36/><W92/><G77/><T10/><D10/><U107/><E107/><V104/><F104/><W135/><G135/><T123/><D123/><U32/><AGARI ba="0,1" hai="24,26,28,31,32,35,53,54,78,81,87" m="27648" machi="32" ten="60,8000,1" yaku="1,1,0,1,9,1,53,2" doraHai="17,97" doraHaiUra="48,94" who="1" fromWho="1" sc="452,-20,102,90,223,-20,213,-40" owari="432,54.0,192,-21.0,203,0.0,173,-33.0" /></mjloggm>