<mjloggm ver="2.3"><GO type="169" lobby="0"/><UN n0="%68%61%79%61%74%6F%E2%98%86" n1="%74%61%6B%61%79%79%79%79" n2="%7A%6B%75%72%74" n3="%E3%82%A6%E3%83%AB%E3%83%88%E3%83%A9%E7%AB%8B%E7%9B%B4" dan="18,16,18,17" rate="2209.17,2046.81,2196.72,2222.89" sx="M,M,M,M"/><TAIKYOKU oya="0"/><INIT seed="0,0,0,2,5,128" ten="250,250,250,250" oya="0" hai0="28,8,1,135,83,108,3,76,81,47,43,133,24" hai1="41,132,101,26,68,2,35,38,0,30,25,125,72" hai2="96,63,123,102,49,57,71,45,73,86,55,27,110" hai3="80,107,42,32,84,54,51,122,131,10,44,126,85"/><T120/><D120/><U130/><E130/><V36/><F123/><W5/><G32/><T121/><D121/><U79/><E125/><V82/><F73/><W66/><G122/><T129/><D129/><U75/><E26/><V115/><F115/><W111/><G107/><T53/><D53/><U34/><E34/><V116/><F110/><W90/><G131/><T22/><D108/><U87/><E87/><V58/><F116/><W9/><G111/><T117/><D117/><U16/><E16/><V100/><F36/><W118/><G118/><T95/><D95/><U19/><E19/><V50/><F27/><W113/><G126/><T134/><D8/><U48/><E48/><V70/><F50/><W52/><G66/><T109/><D109/><U60/><E101/><V21/><F21/><W104/><G104/><T92/><D92/><U112/><E112/><V94/><F100/><W31/><G31/><T74/><D83/><N who="1" m="45543" /><E75/><V56/><REACH who="2" step="1"/><F63/><REACH who="2" ten="250,250,240,250" step="2"/><W67/><G113/><T65/><D65/><U23/><E60/><V18/><F18/><W105/><G67/><T69/><D69/><U99/><E68/><V6/><F6/><W4/><G4/><T89/><D89/><AGARI ba="0,1" hai="45,49,55,56,57,58,70,71,82,86,89,94,96,102" machi="89" ten="40,1300,0" yaku="1,1,53,0" doraHai="128" doraHaiUra="39" who="2" fromWho="0" sc="250,-13,250,0,240,23,250,0" /><INIT seed="1,0,0,2,1,122" ten="237,250,263,250" oya="1" hai0="26,61,33,70,112,52,41,98,124,3,103,19,37" hai1="89,55,109,24,28,32,53,117,1,47,72,81,67" hai2="62,91,107,58,20,59,121,102,129,39,105,106,115" hai3="119,38,14,2,118,11,111,78,6,132,10,63,120"/><U22/><E117/><N who="3" m="44554" /><G38/><T65/><D3/><U46/><E1/><V82/><F39/><W7/><G78/><T85/><D112/><U125/><E125/><V73/><F121/><W75/><G75/><T64/><D124/><U74/><E32/><V12/><F115/><W76/><G76/><T133/><D64/><U27/><E67/><V86/><F73/><W80/><G80/><T68/><D68/><U93/><E109/><V17/><F129/><W110/><G63/><T79/><D19/><U96/><E27/><V66/><REACH who="2" step="1"/><F102/><REACH who="2" ten="237,250,253,250" step="2"/><W50/><G120/><T51/><D103/><N who="1" m="60815" /><E72/><V135/><F135/><W60/><G132/><T94/><D133/><U35/><E74/><V45/><F45/><N who="1" m="16905" /><E35/><V131/><F131/><W71/><G50/><T88/><D51/><U0/><E0/><V97/><F97/><W127/><G127/><T9/><D98/><U8/><E8/><V42/><F42/><W5/><G5/><T99/><D41/><U123/><E123/><V128/><F128/><W40/><G40/><T84/><D37/><U34/><E34/><V57/><AGARI ba="0,1" hai="12,17,20,57,58,59,62,66,82,86,91,105,106,107" machi="57" ten="40,2700,0" yaku="1,1,0,1,53,0" doraHai="122" doraHaiUra="31" who="2" fromWho="2" sc="237,-7,250,-13,253,37,250,-7" /><INIT seed="2,0,0,3,2,26" ten="230,237,290,243" oya="2" hai0="130,111,94,98,9,51,108,65,22,81,88,92,86" hai1="127,40,112,56,95,24,90,23,47,11,100,8,84" hai2="13,37,28,128,103,117,80,34,67,18,17,1,55" hai3="19,12,14,57,5,85,27,29,101,105,42,32,21"/><V49/><F37/><W16/><G42/><T114/><D65/><U131/><E112/><V62/><F117/><W97/><G5/><T30/><D114/><U118/><E118/><V70/><F1/><W64/><G85/><T83/><D130/><U44/><E131/><V52/><F128/><W119/><G119/><T25/><D9/><U74/><E74/><V71/><F71/><W33/><G64/><T78/><D51/><U133/><E133/><V60/><F60/><W87/><G57/><T3/><D3/><U73/><E73/><V107/><F80/><W115/><G115/><T61/><D61/><U43/><E56/><V79/><F79/><W20/><REACH who="3" step="1"/><G87/><REACH who="3" ten="230,237,290,233" step="2"/><T120/><D120/><U2/><E84/><V63/><F63/><W6/><G6/><T110/><REACH who="0" step="1"/><D78/><REACH who="0" ten="220,237,290,233" step="2"/><U77/><E77/><V68/><F62/><W134/><G134/><T89/><AGARI ba="0,2" hai="22,25,30,81,83,86,88,89,92,94,98,108,110,111" machi="89" ten="40,12000,2" yaku="1,1,2,1,0,1,14,1,52,1,54,1,53,0" doraHai="26" doraHaiUra="7" who="0" fromWho="0" sc="220,140,237,-30,290,-60,233,-30" /><INIT seed="3,0,0,3,2,88" ten="360,207,230,203" oya="3" hai0="119,117,20,18,82,122,17,56,44,94,103,67,83" hai1="110,87,127,118,73,129,48,135,86,52,74,23,21" hai2="91,51,19,128,11,33,55,96,104,114,37,120,72" hai3="22,60,126,84,0,40,132,124,102,92,80,112,27"/><W111/><G0/><T41/><D122/><U77/><E110/><V47/><F114/><W38/><G112/><T34/><D34/><U10/><E129/><V53/><F72/><W58/><G111/><T12/><D117/><U63/><E135/><V68/><F33/><W76/><G132/><T30/><D30/><U69/><E127/><N who="3" m="48682" /><G40/><T16/><D119/><U89/><E118/><V45/><F68/><W31/><G38/><T107/><D107/><U13/><E74/><V15/><F128/><W3/><G3/><T90/><D103/><U66/><E73/><V106/><F120/><W121/><G121/><T125/><D125/><U1/><E1/><V100/><F37/><W50/><G50/><N who="0" m="26895" /><D82/><U99/><E77/><V75/><F75/><W32/><G32/><T28/><D83/><N who="1" m="49375" /><E99/><V97/><F91/><W14/><G14/><T46/><D46/><N who="1" m="27671" /><E87/><V108/><F108/><W61/><G58/><T65/><D56/><U9/><E9/><V5/><F104/><W109/><G109/><T62/><D12/><U115/><E115/><V39/><F39/><W64/><G64/><N who="0" m="24651" /><D62/><U57/><E69/><V6/><F106/><W42/><G42/><T113/><D113/><U105/><E105/><V26/><F100/><W8/><G8/><T123/><D123/><U43/><E43/><V49/><F26/><W133/><G133/><T78/><D78/><U131/><E131/><V59/><F59/><W24/><G24/><N who="0" m="16391" /><D90/><U98/><E98/><AGARI ba="0,0" hai="5,6,11,15,19,45,47,49,51,53,55,96,97,98" machi="98" ten="40,2600,0" yaku="9,1,8,1" doraHai="88" who="2" fromWho="1" sc="360,0,207,-26,230,26,203,0" /><AGARI ba="0,0" hai="22,27,31,60,61,76,80,84,92,98,102" m="48682" machi="98" ten="30,2900,0" yaku="18,1,52,1" doraHai="88" who="3" fromWho="1" sc="360,0,181,-29,256,0,203,29" /><INIT seed="3,1,0,4,2,90" ten="360,152,256,232" oya="3" hai0="74,76,85,31,124,122,78,26,102,13,9,84,68" hai1="21,75,103,105,37,59,118,49,123,44,46,126,108" hai2="121,117,60,97,43,2,109,91,69,115,0,111,32" hai3="58,45,53,64,100,77,27,4,98,19,65,62,129"/><W128/><G77/><T87/><D68/><U23/><E108/><V89/><F32/><W25/><G4/><T134/><D124/><U1/><E123/><V114/><F117/><W116/><G116/><T104/><D122/><U51/><E1/><V63/><F121/><W55/><G55/><T112/><D74/><U18/><E75/><V110/><F43/><W38/><G19/><T16/><D134/><U70/><E70/><V30/><F30/><W94/><G65/><T83/><D112/><N who="2" m="43050" /><F69/><W81/><G81/><T79/><D102/><U131/><E131/><N who="3" m="50250" /><G64/><T22/><REACH who="0" step="1"/><D104/><REACH who="0" ten="350,152,256,232" step="2"/><U5/><E105/><V61/><F97/><W132/><G132/><T119/><D119/><U130/><E118/><V99/><F99/><W125/><G125/><T15/><D15/><U8/><E126/><V72/><F72/><W71/><G71/><T33/><D33/><U42/><E130/><V29/><F29/><W36/><G45/><T20/><D20/><U47/><E21/><V88/><AGARI ba="1,1" hai="0,2,60,61,63,88,89,91,109,110,111" m="43050" machi="88" ten="50,12000,2" yaku="29,2,28,2,14,1,54,1" doraHai="90" who="2" fromWho="2" sc="350,-31,152,-31,256,133,232,-61" /><INIT seed="4,0,0,2,1,13" ten="319,121,389,171" oya="0" hai0="108,50,131,76,9,18,59,44,67,110,91,48,83" hai1="133,24,46,119,63,21,10,38,11,85,1,98,82" hai2="122,29,40,68,89,42,135,0,72,52,73,99,81" hai3="93,8,65,41,94,125,39,121,126,43,79,132,115"/><T55/><D131/><U70/><E119/><V118/><F68/><W36/><G79/><T57/><D91/><U116/><E116/><V35/><F0/><W20/><G8/><T62/><D9/><U114/><E1/><V28/><F122/><W87/><G87/><T109/><D18/><U56/><E70/><V86/><F118/><W130/><G65/><T100/><D100/><U71/><E71/><V47/><F135/><W97/><G97/><T2/><D2/><U26/><E133/><V19/><F35/><W22/><G132/><T102/><D102/><U66/><E26/><V61/><F73/><W23/><G121/><T77/><REACH who="0" step="1"/><D83/><REACH who="0" ten="309,121,389,171" step="2"/><U15/><E114/><V90/><F90/><W103/><G103/><T92/><D92/><N who="3" m="35433" /><G115/><T31/><D31/><U16/><E11/><V49/><F28/><W30/><G30/><T5/><D5/><U64/><E10/><V54/><F29/><W45/><G130/><T60/><D60/><U14/><E63/><V7/><F7/><W51/><G23/><T53/><AGARI ba="0,1" hai="44,48,50,53,55,57,59,62,67,76,77,108,109,110" machi="53" ten="40,7800,0" yaku="1,1,0,1,10,1,53,0" doraHai="13" doraHaiUra="25" who="0" fromWho="0" sc="309,88,121,-26,389,-26,171,-26" /><INIT seed="4,1,0,4,1,51" ten="397,95,363,145" oya="0" hai0="41,7,40,10,56,110,68,103,133,109,18,39,77" hai1="58,60,16,36,124,49,11,20,85,127,48,13,52" hai2="27,101,38,87,92,4,17,115,126,2,72,33,70" hai3="25,61,71,86,64,50,95,53,116,62,0,106,131"/><T112/><D68/><U132/><E132/><V12/><F38/><W119/><G106/><T76/><D103/><U30/><E36/><V34/><F72/><W1/><G1/><T63/><D133/><U130/><E130/><V117/><F70/><W21/><G0/><T28/><D28/><U44/><E85/><V59/><F117/><W94/><G62/><T74/><D18/><U81/><E81/><V105/><F105/><W69/><G69/><T19/><D19/><U8/><E30/><V57/><F126/><N who="1" m="48169" /><E48/><V102/><F115/><W107/><G107/><T118/><D112/><U6/><E6/><V123/><F123/><W93/><G86/><T97/><D97/><U9/><E9/><V5/><F87/><W67/><G67/><AGARI ba="1,0" hai="8,11,13,16,20,44,49,52,58,60,67" m="48169" machi="67" ten="30,7700,0" yaku="18,1,52,1,54,2" doraHai="51" who="1" fromWho="3" sc="397,0,95,80,363,0,145,-80" /><INIT seed="5,0,0,4,4,22" ten="397,175,363,65" oya="1" hai0="46,31,80,38,132,6,7,110,128,63,125,90,111" hai1="93,47,84,130,76,117,71,28,114,94,82,41,116" hai2="68,106,17,35,89,45,123,59,2,102,87,104,43" hai3="66,127,113,62,61,85,56,32,99,54,39,86,49"/><U126/><E71/><V21/><F68/><W70/><G113/><T34/><D63/><U12/><E28/><V95/><F2/><W91/><G127/><T24/><D80/><U30/><E30/><V75/><F35/><W14/><G32/><T122/><D90/><U69/><E69/><V133/><F75/><W23/><G39/><T27/><D46/><U48/><E114/><V1/><F1/><W101/><G62/><T67/><D67/><U92/><E130/><V58/><F123/><W36/><G36/><T65/><D65/><U13/><E126/><V37/><F133/><W51/><G51/><T55/><D55/><U79/><E79/><V134/><F134/><W53/><G53/><T72/><D72/><U29/><E29/><V5/><F5/><W107/><G91/><T135/><D38/><U11/><REACH who="1" step="1"/><E13/><REACH who="1" ten="397,165,363,65" step="2"/><V26/><F104/><W119/><G119/><T4/><D31/><U25/><E25/><V77/><F77/><W83/><G83/><T118/><D125/><U44/><E44/><V20/><F106/><W97/><G97/><T109/><D128/><U105/><E105/><V103/><F58/><W60/><G60/><T88/><D132/><U15/><E15/><V112/><F59/><W57/><G70/><T121/><D135/><U0/><E0/><V73/><F112/><W3/><G3/><T129/><D129/><U8/><E8/><V19/><F73/><W115/><G115/><T18/><D34/><U96/><E96/><V16/><F26/><W124/><G124/><T9/><D27/><U33/><E33/><V131/><F131/><RYUUKYOKU ba="0,1" sc="397,-30,165,10,363,10,65,10" hai1="11,12,41,47,48,76,82,84,92,93,94,116,117" hai2="16,17,19,20,21,37,43,45,87,89,95,102,103" hai3="14,23,49,54,56,57,61,66,85,86,99,101,107" /><INIT seed="5,1,1,4,5,79" ten="367,175,373,75" oya="1" hai0="118,22,18,76,65,2,134,54,33,68,38,98,34" hai1="48,21,132,14,5,23,72,96,91,39,82,50,51" hai2="8,122,19,53,135,61,124,10,47,103,56,4,102" hai3="40,7,67,32,99,9,112,31,69,42,80,110,6"/><U16/><E39/><V77/><F122/><W49/><G110/><T133/><D38/><U29/><E132/><V101/><F135/><W30/><G112/><T93/><D2/><U127/><E127/><V70/><F70/><W88/><G69/><T92/><D118/><U81/><E72/><V73/><F124/><W105/><G105/><T115/><D115/><U55/><E55/><V3/><F47/><W117/><G67/><T12/><D76/><U87/><E96/><V27/><F73/><W129/><G32/><T126/><D92/><N who="1" m="54399" /><E5/><N who="3" m="1546" /><G9/><T60/><D126/><U131/><E131/><V100/><F77/><W64/><G64/><T66/><D66/><U78/><E78/><V43/><F43/><N who="3" m="16427" /><G129/><T26/><D34/><U44/><E44/><V119/><F119/><W74/><G74/><T106/><D54/><U130/><E130/><V15/><F100/><W94/><G117/><T1/><D1/><U35/><E35/><V37/><F37/><W86/><G49/><T20/><D33/><U25/><AGARI ba="1,1" hai="14,16,21,23,25,29,48,50,51,81,82" m="54399" machi="25" ten="30,11700,0" yaku="8,1,52,2,54,1" doraHai="79" who="1" fromWho="1" sc="367,-40,175,130,373,-40,75,-40" /><INIT seed="5,2,0,3,2,27" ten="327,305,333,35" oya="1" hai0="129,99,18,9,62,8,34,110,101,23,83,22,97" hai1="39,17,69,104,61,107,13,108,32,4,119,37,127" hai2="74,44,135,106,57,19,132,1,40,54,43,72,84" hai3="103,0,49,124,63,109,35,89,58,36,51,82,46"/><U68/><BYE who="3" /><E119/><V75/><F106/><W120/><G120/><T102/><D34/><U67/><E127/><V26/><F1/><UN n3="%E3%82%A6%E3%83%AB%E3%83%88%E3%83%A9%E7%AB%8B%E7%9B%B4" /><W28/><G0/><T111/><D83/><U130/><E130/><V91/><F19/><W66/><G109/><T95/><D62/><U52/><E108/><V113/><F113/><W128/><G124/><T15/><D129/><U29/><E4/><V90/><F26/><W33/><G128/><T14/><D95/><U131/><E131/><V80/><F90/><W71/><G103/><T41/><D41/><U55/><E68/><V38/><REACH who="2" step="1"/><F43/><REACH who="2" ten="327,305,323,35" step="2"/><W2/><G2/><T94/><D94/><U47/><E107/><V16/><F16/><AGARI ba="2,1" hai="8,9,14,15,16,18,22,23,97,99,101,102,110,111" machi="16" ten="25,3200,0" yaku="22,2,54,1" doraHai="27" who="0" fromWho="2" sc="327,48,305,0,323,-38,35,0" /><INIT seed="6,0,0,2,5,125" ten="375,305,285,35" oya="2" hai0="40,72,48,43,38,31,70,22,97,130,86,47,96" hai1="58,11,132,26,107,60,19,126,27,135,7,33,117" hai2="20,69,28,16,128,53,71,32,34,105,112,65,59" hai3="74,111,91,98,123,92,15,75,84,134,51,2,13"/><V6/><F105/><W10/><G111/><T1/><D72/><U17/><E117/><V52/><F112/><W61/><G123/><T95/><D1/><N who="1" m="495" /><E107/><V29/><F6/><W90/><G134/><N who="1" m="51242" /><E126/><V88/><F65/><W67/><G2/><T94/><D70/><U106/><E106/><V102/><F102/><W44/><G15/><T21/><D86/><U116/><E116/><V62/><F53/><W109/><G109/><T83/><D83/><U104/><E104/><V76/><F76/><W114/><G114/><T42/><D38/><U99/><E99/><V101/><F101/><W108/><G108/><T3/><D3/><U24/><E33/><V133/><F133/><W89/><G89/><T68/><D96/><U119/><E119/><V41/><F41/><W79/><G79/><T49/><D40/><U9/><E9/><V73/><F73/><W63/><G75/><T5/><D97/><U113/><E113/><V129/><F88/><W81/><G74/><T87/><D87/><U124/><E124/><V12/><F34/><W93/><G67/><AGARI ba="0,0" hai="17,19,24,26,27,58,60,67" m="51242,495" machi="67" ten="30,1000,0" yaku="20,1" doraHai="125" who="1" fromWho="3" sc="375,0,305,10,285,0,35,-10" /><INIT seed="7,0,0,5,3,43" ten="375,315,285,25" oya="3" hai0="118,127,115,109,80,32,111,8,3,46,130,102,17" hai1="68,88,84,48,5,87,66,24,131,49,27,92,2" hai2="71,132,29,134,44,11,25,125,94,36,105,20,23" hai3="62,45,50,116,58,124,97,77,86,53,61,51,57"/><W69/><G116/><T107/><D32/><U126/><E126/><V15/><F105/><W42/><G124/><T106/><D118/><U65/><E131/><V103/><F71/><W85/><G77/><T123/><D123/><U113/><E113/><V122/><F125/><W19/><G97/><T76/><D107/><U30/><E68/><V18/><F122/><W72/><G72/><T79/><D115/><U39/><E39/><V63/><F63/><W70/><G86/><T108/><D130/><U120/><E120/><V40/><F103/><W74/><G19/><T96/><D127/><U34/><E27/><V104/><F104/><W52/><G85/><T110/><D110/><U67/><REACH who="1" step="1"/><E87/><REACH who="1" ten="375,305,285,25" step="2"/><V91/><REACH who="2" step="1"/><F11/><AGARI ba="0,1" hai="2,5,11,24,30,34,48,49,65,66,67,84,88,92" machi="11" ten="40,5200,0" yaku="1,1,2,1,54,1,53,0" doraHai="43" doraHaiUra="99" who="1" fromWho="2" sc="375,0,305,62,285,-52,25,0" owari="375,47.0,367,17.0,233,-17.0,25,-47.0" /></mjloggm>