<mjloggm ver="2.3"><GO type="169" lobby="0"/><UN n0="%64%6F%6F%6F%6F%77%79" n1="%E5%B0%B1%E6%B4%BB%E7%94%9F%40%E5%B7%9D%E6%9D%91%E8%BB%8D%E5%9B%A3" n2="%E3%83%A8%E3%82%B3%E3%83%A8%E3%82%B3" n3="%74%61%74%73%75%37%30%32" dan="17,18,16,16" rate="2221.37,2283.12,2089.09,2150.44" sx="M,M,M,M"/><TAIKYOKU oya="0"/><INIT seed="0,0,0,2,1,26" ten="250,250,250,250" oya="0" hai0="20,2,103,70,89,22,40,113,45,87,25,62,108" hai1="135,107,112,128,61,17,19,105,5,56,6,104,115" hai2="34,1,71,21,82,111,106,123,63,15,32,58,36" hai3="122,41,73,72,100,79,52,24,74,134,7,57,114"/><T66/><D113/><N who="1" m="43595" /><E135/><V116/><F71/><W126/><G114/><T101/><D2/><U88/><E128/><V81/><F1/><W125/><G134/><T11/><D11/><U64/><E88/><V8/><F123/><W60/><G122/><T118/><D118/><U121/><E121/><V117/><F111/><W54/><G7/><AGARI ba="0,0" hai="5,6,7,17,19,56,61,64,104,105,107" m="43595" machi="7" ten="40,1300,0" yaku="11,1" doraHai="26" who="1" fromWho="3" sc="250,0,250,13,250,0,250,-13" /><INIT seed="1,0,0,0,3,82" ten="250,263,250,237" oya="1" hai0="73,83,32,114,34,71,108,28,24,42,85,91,77" hai1="128,26,15,18,133,52,119,122,70,17,6,3,130" hai2="22,51,44,113,13,111,72,0,64,5,43,27,61" hai3="112,62,123,79,80,103,120,8,12,56,60,96,69"/><U117/><E70/><V84/><F72/><W45/><G112/><T35/><D114/><U48/><E122/><V4/><F113/><W10/><G45/><T63/><D108/><U94/><E3/><V107/><F111/><W67/><G10/><T36/><D42/><U105/><E105/><V132/><F0/><W81/><G80/><T31/><D36/><U55/><E133/><V100/><F132/><W59/><G69/><T11/><D11/><N who="1" m="4599" /><E55/><V90/><F100/><W1/><G1/><T102/><D102/><U101/><E117/><V65/><F107/><W14/><G123/><T25/><D71/><U127/><E26/><V38/><F38/><W121/><G121/><T9/><D63/><U78/><E78/><V125/><F125/><W135/><G135/><T134/><D134/><U118/><E127/><V88/><F90/><W37/><G37/><T99/><D9/><U46/><E119/><V49/><F51/><W76/><G76/><T129/><D99/><N who="1" m="59639" /><E118/><V2/><F2/><W109/><G8/><T124/><D124/><U87/><E87/><V95/><F13/><W86/><G109/><T53/><D53/><U110/><E110/><V57/><F65/><W97/><G97/><T116/><D116/><U30/><E30/><AGARI ba="0,0" hai="4,5,22,27,30,43,44,49,57,61,64,84,88,95" machi="30" ten="30,7700,0" yaku="7,1,8,1,52,1,54,1" doraHai="82" who="2" fromWho="1" sc="250,0,263,-77,250,77,237,0" /><INIT seed="2,0,0,4,5,99" ten="250,186,327,237" oya="2" hai0="104,131,86,89,12,62,94,91,61,135,16,92,0" hai1="51,11,33,38,57,113,114,72,34,70,71,41,20" hai2="76,35,79,132,73,21,102,10,32,43,65,106,116" hai3="111,83,24,3,127,134,93,124,25,88,126,101,77"/><V42/><F116/><W69/><G3/><T74/><D0/><U68/><E72/><V120/><F120/><W18/><G69/><T64/><D104/><U9/><E38/><V80/><F76/><W107/><G18/><T98/><D131/><U19/><E41/><V81/><F80/><W17/><G17/><T66/><D74/><U8/><E51/><V23/><F132/><W47/><G47/><T7/><D7/><U109/><E57/><V103/><F106/><W119/><G111/><T56/><D135/><U5/><E5/><V90/><F65/><N who="0" m="25194" /><D56/><U44/><E44/><V52/><F90/><W105/><G134/><T128/><D128/><U75/><E75/><V15/><F32/><W2/><G2/><T31/><D31/><U37/><E37/><V63/><F35/><W115/><G107/><T117/><D117/><U130/><E109/><V129/><F129/><W54/><G54/><T118/><D118/><U50/><E50/><V125/><F43/><W82/><G115/><T96/><D86/><U122/><E130/><V45/><F42/><W1/><G1/><T78/><D78/><U133/><E133/><V123/><F123/><W4/><G4/><T22/><AGARI ba="0,0" hai="12,16,22,61,62,89,91,92,94,96,98" m="25194" machi="22" ten="30,2000,0" yaku="8,1,54,1" doraHai="99" who="0" fromWho="0" sc="250,20,186,-5,327,-10,237,-5" /><INIT seed="3,0,0,2,3,93" ten="270,181,317,232" oya="3" hai0="129,41,100,26,73,126,91,103,54,66,98,88,14" hai1="76,94,102,87,51,127,132,12,99,92,112,8,110" hai2="83,1,97,52,123,124,119,63,80,82,85,56,74" hai3="95,29,72,117,68,35,16,77,59,135,101,79,37"/><W45/><G117/><T71/><D73/><U118/><E112/><V10/><F119/><W96/><G68/><T130/><D41/><U39/><E39/><V65/><F124/><W25/><G135/><T78/><D78/><U122/><E118/><V67/><F123/><W0/><G0/><T121/><D121/><U43/><E122/><V125/><F125/><W75/><G75/><T23/><D14/><U21/><E127/><V81/><F74/><W106/><G72/><T61/><D54/><U31/><E110/><V58/><F97/><W60/><G106/><N who="0" m="63767" /><D103/><U33/><E33/><V105/><F105/><W13/><G45/><T114/><D114/><U131/><E131/><N who="0" m="50185" /><D126/><U50/><E43/><V20/><F20/><W120/><G37/><T70/><D70/><U134/><E132/><V15/><F1/><W116/><G116/><T53/><D53/><U57/><E57/><V38/><F38/><W28/><G29/><AGARI ba="0,0" hai="23,26,29,61,66,71,88,91" m="50185,63767" machi="29" ten="30,3900,0" yaku="19,1,52,1,54,1" doraHai="93" who="0" fromWho="3" sc="270,39,181,0,317,0,232,-39" /><INIT seed="4,0,0,5,5,110" ten="309,181,317,193" oya="0" hai0="66,111,112,24,122,10,5,48,69,60,109,33,9" hai1="130,72,32,90,78,104,25,75,41,77,98,55,26" hai2="84,65,73,18,16,62,119,50,58,114,135,68,12" hai3="49,20,89,35,38,115,121,29,3,124,133,76,36"/><T101/><D122/><U14/><E41/><V116/><F73/><W52/><G121/><T56/><D112/><U37/><E37/><V11/><F135/><W123/><G115/><T129/><D129/><U17/><E130/><V125/><F114/><W132/><G123/><T34/><D101/><U88/><E98/><V85/><F125/><W106/><G124/><T105/><D105/><U100/><E100/><V99/><F99/><W96/><G3/><T118/><D118/><N who="2" m="45098" /><F18/><W45/><G76/><T103/><D103/><U42/><E42/><V1/><F1/><W70/><G70/><T15/><D9/><U126/><E17/><V91/><F91/><W40/><G35/><T0/><D0/><U47/><E47/><V59/><F50/><W87/><G96/><T83/><D83/><U92/><E32/><V95/><F95/><W71/><G71/><T94/><D94/><U46/><E92/><V134/><F134/><W63/><G106/><T86/><D86/><AGARI ba="0,0" hai="11,12,16,58,59,62,65,68,84,85,86" m="45098" machi="86" ten="30,2000,0" yaku="12,1,54,1" doraHai="110" who="2" fromWho="0" sc="309,-20,181,0,317,20,193,0" /><INIT seed="5,0,0,5,2,30" ten="289,181,337,193" oya="1" hai0="120,93,46,113,71,43,129,61,125,54,124,89,116" hai1="99,37,17,69,102,59,70,95,112,92,40,23,134" hai2="66,104,27,122,5,13,8,31,42,86,133,0,111" hai3="44,10,51,114,108,100,75,52,6,83,105,84,131"/><U128/><E112/><V24/><F122/><W130/><G114/><T60/><D113/><U121/><E121/><V19/><F104/><W56/><G108/><T106/><D106/><U119/><E119/><V98/><F111/><W21/><G75/><T38/><D120/><U67/><E134/><V78/><F133/><W110/><G110/><T12/><D116/><U64/><E128/><N who="3" m="49194" /><G21/><T135/><D129/><U85/><E37/><V79/><F42/><W34/><G105/><T2/><D2/><U101/><E40/><V49/><F66/><W50/><G100/><T72/><D72/><U41/><E41/><V62/><F62/><N who="3" m="36103" /><G44/><T109/><D109/><U74/><E74/><V91/><F49/><W118/><G118/><T20/><D135/><U47/><E47/><V7/><F98/><W9/><G9/><T39/><D39/><U87/><E59/><V123/><F123/><W32/><G51/><T81/><D20/><U115/><E115/><V35/><F27/><W4/><G50/><T126/><D46/><U68/><E87/><V117/><F117/><W48/><G48/><T16/><D38/><U76/><E102/><V33/><F5/><N who="3" m="2155" /><G10/><T73/><D73/><U127/><E127/><V26/><F7/><W107/><G107/><T15/><D125/><U55/><E55/><V22/><F0/><W132/><G132/><T18/><D126/><U36/><E36/><V65/><F8/><W11/><G11/><T88/><D124/><U90/><REACH who="1" step="1"/><E76/><AGARI ba="0,0" hai="32,34,76,83,84" m="2155,36103,49194" machi="76" ten="30,7700,0" yaku="19,1,52,2,54,1" doraHai="30" who="3" fromWho="1" sc="289,0,181,-77,337,0,193,77" /><INIT seed="6,0,0,2,0,116" ten="289,104,337,270" oya="2" hai0="117,111,45,47,124,131,56,46,52,29,97,30,42" hai1="99,61,60,4,35,49,5,31,88,11,119,90,67" hai2="81,118,126,54,38,91,106,66,72,127,22,58,19" hai3="110,95,129,8,44,1,20,79,121,21,15,75,0"/><V84/><F118/><W114/><G110/><T50/><D117/><U71/><E119/><V89/><F106/><W34/><G79/><T18/><D111/><U125/><E125/><N who="2" m="47627" /><F38/><W63/><G75/><T107/><D124/><U87/><E61/><N who="2" m="38199" /><F72/><W64/><G121/><T135/><D135/><U102/><E49/><V39/><F39/><W85/><G129/><T122/><D122/><U113/><E113/><V10/><F54/><W123/><G34/><T80/><D131/><U28/><E28/><V41/><F10/><W65/><G123/><T77/><D42/><U37/><E37/><V96/><F41/><W93/><G114/><T16/><D107/><U103/><E103/><V26/><F96/><W12/><G8/><T133/><D97/><U108/><E108/><V134/><F134/><W109/><G109/><T112/><D112/><U62/><E62/><V40/><F40/><W120/><G120/><T94/><D94/><U83/><E11/><V25/><F91/><W115/><G63/><T101/><D101/><U68/><E90/><V92/><F92/><W130/><G130/><T100/><D100/><U104/><REACH who="1" step="1"/><E71/><REACH who="1" ten="289,94,337,270" step="2"/><V24/><AGARI ba="0,1" hai="19,22,24,25,26,81,84,89" m="38199,47627" machi="24" ten="30,1500,0" yaku="18,1" doraHai="116" who="2" fromWho="2" sc="289,-5,94,-5,337,25,270,-5" /><INIT seed="6,1,0,1,3,48" ten="284,89,362,265" oya="2" hai0="45,9,23,80,65,68,101,115,127,119,95,103,6" hai1="41,105,111,35,40,129,57,3,93,49,59,18,120" hai2="25,32,29,99,61,116,4,33,107,51,20,22,114" hai3="97,100,10,89,118,74,63,24,38,72,62,125,66"/><V132/><F116/><W126/><G118/><T134/><D119/><U50/><E105/><V79/><F114/><W82/><G38/><T108/><D115/><U34/><E129/><V17/><F132/><W106/><G63/><T12/><D134/><U78/><E3/><V58/><F79/><W47/><G47/><T37/><D108/><U70/><E111/><V102/><F4/><W60/><G60/><T39/><D127/><N who="3" m="48649" /><G10/><T104/><D68/><U98/><E78/><V55/><REACH who="2" step="1"/><F61/><REACH who="2" ten="284,89,352,265" step="2"/><W11/><G62/><T77/><D6/><U67/><E120/><V87/><F87/><N who="3" m="50423" /><G66/><T135/><D77/><U8/><E67/><V86/><F86/><W112/><G112/><T31/><D65/><U52/><E70/><V69/><F69/><W85/><G85/><T27/><D135/><U84/><E84/><V26/><AGARI ba="1,1" hai="17,20,22,25,26,29,32,33,51,55,58,99,102,107" machi="26" ten="20,7800,0" yaku="1,1,0,1,7,1,52,1,53,0" doraHai="48" doraHaiUra="43" who="2" fromWho="2" sc="284,-27,89,-27,352,91,265,-27" /><INIT seed="6,2,0,2,4,117" ten="257,62,443,238" oya="2" hai0="102,49,43,30,128,17,112,64,134,124,6,19,65" hai1="5,13,95,2,69,67,127,58,38,121,18,120,4" hai2="21,66,60,12,75,108,125,9,111,35,42,85,15" hai3="45,8,107,33,10,90,133,89,88,1,86,115,76"/><V59/><F75/><W92/><G33/><T26/><D112/><U22/><E69/><V62/><F35/><W46/><G107/><T32/><D128/><U27/><E38/><V3/><F125/><W56/><G115/><T7/><D124/><U91/><E127/><V82/><F42/><W50/><G133/><T52/><D43/><U131/><E131/><V106/><F106/><W87/><G76/><T101/><D134/><U55/><E67/><V28/><F3/><W20/><G1/><T123/><D123/><N who="1" m="47179" /><E2/><V29/><F60/><W39/><G20/><T73/><D73/><U93/><E27/><V81/><F66/><W68/><G90/><T97/><D65/><U16/><E18/><V74/><F29/><W96/><G96/><T25/><D64/><U44/><E44/><V126/><F28/><W54/><G68/><T51/><D30/><U57/><E95/><V116/><F126/><W130/><G130/><T77/><D19/><U105/><E105/><V61/><F116/><W53/><G39/><T83/><D17/><U47/><E47/><N who="3" m="17930" /><G54/><T40/><D52/><U119/><E119/><V14/><F12/><W103/><G53/><T104/><D104/><U48/><E58/><V41/><F14/><W110/><G56/><T100/><D26/><U23/><E22/><V80/><F21/><W71/><G71/><T114/><D25/><U113/><E113/><V135/><F59/><W109/><G92/><T34/><D114/><U70/><E70/><V118/><F15/><W122/><G122/><T36/><D36/><U72/><E72/><V24/><F118/><RYUUKYOKU ba="2,0" sc="257,-10,62,30,443,-10,238,-10" hai1="4,5,13,16,23,48,55,57,91,93" /><INIT seed="7,3,0,4,3,15" ten="247,92,433,228" oya="3" hai0="101,117,78,53,60,82,1,27,56,52,102,30,24" hai1="95,19,92,86,94,114,131,10,7,121,51,43,130" hai2="42,13,76,54,68,97,44,108,87,23,2,11,67" hai3="109,8,133,50,71,55,22,5,36,39,128,122,79"/><W99/><G122/><T70/><D117/><U105/><E105/><V123/><F108/><W106/><G109/><T111/><D111/><U88/><E121/><V119/><F119/><W120/><G120/><T91/><D1/><U90/><E114/><V124/><F124/><W14/><G71/><T83/><D70/><U110/><E110/><V89/><F54/><W26/><G128/><T62/><D91/><U49/><E7/><V80/><F2/><W84/><G133/><T81/><D78/><U28/><E28/><V61/><F23/><W32/><G32/><T46/><D24/><U18/><E10/><V135/><F135/><W64/><G64/><T85/><D85/><U20/><E20/><V31/><F31/><W75/><G75/><T125/><D46/><U132/><E132/><V41/><F123/><W118/><G118/><T126/><D27/><U33/><E43/><V12/><F42/><W115/><G115/><T0/><D0/><U73/><E73/><V47/><F41/><W6/><G6/><T100/><D30/><U66/><E66/><V65/><F67/><W72/><G72/><T34/><D34/><U113/><E33/><V17/><F12/><W57/><G99/><T4/><D4/><U29/><E113/><V21/><F11/><W63/><G63/><T40/><D40/><U48/><E29/><V9/><F9/><W3/><G106/><T93/><D126/><U59/><E59/><V58/><F68/><W104/><G104/><T129/><D125/><U127/><E127/><V69/><F69/><W77/><G5/><T35/><D35/><RYUUKYOKU ba="3,0" sc="247,-10,92,-10,433,30,228,-10" hai2="13,17,21,44,47,58,61,65,76,80,87,89,97" owari="237,4.0,82,-42.0,463,56.0,218,-18.0" /></mjloggm>