<mjloggm ver="2.3"><GO type="225" lobby="0"/><UN n0="%E4%B8%87%E8%83%BD%E3%81%AD%E3%81%8E" n1="%E5%B0%B1%E6%B4%BB%E7%94%9F%40%E5%B7%9D%E6%9D%91%E8%BB%8D%E5%9B%A3" n2="%46%4C%41%4D%45" n3="%E5%AE%89%E6%9C%AC%E5%BD%A9%E8%8A%B1" dan="16,17,16,17" rate="2039.97,2164.83,2067.27,2188.72" sx="M,M,M,F"/><TAIKYOKU oya="0"/><INIT seed="0,0,0,1,5,29" ten="250,250,250,250" oya="0" hai0="30,100,22,113,16,103,5,134,35,54,132,71,106" hai1="115,124,28,126,66,43,114,70,108,90,3,77,33" hai2="111,24,74,64,37,31,19,91,53,44,50,11,40" hai3="75,56,10,93,14,42,0,2,63,99,52,127,69"/><T98/><D113/><N who="1" m="43019" /><E77/><V62/><F74/><W47/><G127/><N who="1" m="48682" /><E108/><V94/><F111/><W102/><G75/><T58/><D71/><U83/><E43/><V7/><F19/><W27/><G69/><T87/><D5/><U72/><E3/><V23/><F91/><W12/><G27/><N who="0" m="18911" /><D87/><N who="1" m="50559" /><E72/><V119/><F119/><W135/><G135/><N who="0" m="51755" /><D98/><U13/><E13/><V130/><F40/><W96/><G96/><T6/><D6/><U118/><E118/><V120/><F7/><W59/><G12/><N who="0" m="9479" /><D106/><U95/><E95/><V82/><F94/><W101/><G102/><T89/><D89/><U123/><E123/><V80/><F120/><W15/><G15/><T48/><AGARI ba="0,0" hai="48,54,58,100,103" m="9479,51755,18911" machi="48" ten="30,6000,0" yaku="20,1,52,1,54,1" doraHai="29" who="0" fromWho="0" sc="250,60,250,-20,250,-20,250,-20" /><INIT seed="0,1,0,4,1,46" ten="310,230,230,230" oya="0" hai0="3,92,35,110,55,33,52,66,64,5,133,4,10" hai1="12,0,26,14,128,19,51,11,130,123,96,65,38" hai2="77,111,118,109,127,56,1,18,108,45,50,59,132" hai3="32,60,113,135,68,43,101,49,40,124,85,105,125"/><T75/><D75/><U16/><E38/><V120/><F1/><W82/><G32/><T73/><D73/><U67/><E123/><V134/><F77/><W31/><G31/><T78/><D78/><U122/><E122/><V104/><F104/><W69/><G135/><N who="2" m="51753" /><F120/><W80/><G113/><T61/><D133/><U116/><E0/><V103/><F103/><W42/><G105/><T131/><D131/><N who="1" m="50219" /><E96/><V2/><F2/><W76/><G101/><T58/><D110/><U107/><E107/><V115/><F18/><W9/><G82/><T28/><D5/><U62/><E62/><V74/><F74/><W72/><G72/><T53/><D28/><U41/><E26/><V23/><F23/><W126/><G9/><T30/><D30/><U6/><E116/><V83/><F83/><W54/><REACH who="3" step="1"/><G60/><REACH who="3" ten="310,230,230,220" step="2"/><T37/><D35/><U29/><E29/><V24/><F115/><W117/><G117/><T34/><D33/><U97/><E6/><V84/><F118/><W44/><AGARI ba="1,1" hai="40,42,43,44,49,54,68,69,76,80,85,124,125,126" machi="44" ten="40,12000,2" yaku="1,1,0,1,18,1,52,1,53,3" doraHai="46" doraHaiUra="39" who="3" fromWho="3" sc="310,-61,230,-31,230,-31,220,133" /><INIT seed="1,0,0,4,0,30" ten="249,199,199,353" oya="1" hai0="135,45,72,3,112,7,128,34,125,12,111,127,60" hai1="90,16,81,55,99,8,84,31,85,103,95,101,2" hai2="109,110,29,79,105,69,131,32,43,122,63,83,73" hai3="6,57,11,4,71,96,87,70,68,50,118,116,22"/><U41/><E41/><V44/><F122/><W130/><G130/><T88/><D128/><U129/><E129/><V64/><F105/><W21/><G87/><T51/><D3/><U26/><E55/><V91/><F91/><W33/><G33/><T114/><D111/><N who="2" m="42506" /><F131/><W59/><G96/><T107/><D34/><U36/><E36/><N who="2" m="21607" /><F29/><W25/><G6/><T20/><D72/><U1/><E85/><V52/><F52/><N who="3" m="31895" /><G59/><T56/><D107/><U39/><E39/><V38/><F38/><W42/><G25/><T115/><D135/><U58/><E58/><V80/><F80/><W113/><G42/><N who="0" m="25015" /><D88/><U40/><E40/><V66/><F66/><W18/><G113/><T10/><D20/><U47/><E47/><V82/><F82/><W0/><G21/><T14/><D14/><U46/><E46/><V48/><F48/><W120/><G120/><T134/><D134/><U98/><E31/><V9/><F9/><W77/><G22/><T49/><D49/><U93/><REACH who="1" step="1"/><E26/><REACH who="1" ten="249,189,199,353" step="2"/><V76/><F76/><W19/><G77/><T100/><D115/><U117/><E117/><AGARI ba="0,1" hai="0,4,11,18,19,68,70,71,116,117,118" m="31895" machi="117" ten="40,2600,0" yaku="12,1,54,1" doraHai="30" who="3" fromWho="1" sc="249,0,189,-26,199,0,353,36" /><INIT seed="2,0,0,4,3,131" ten="249,163,199,389" oya="2" hai0="33,60,94,19,54,120,57,101,113,23,88,47,92" hai1="41,56,135,75,52,48,20,15,50,83,22,49,6" hai2="97,72,27,29,34,86,43,7,126,0,5,119,106" hai3="98,129,71,109,35,59,55,17,82,124,117,21,134"/><V116/><F72/><W36/><G35/><T62/><D33/><U12/><E135/><V3/><F86/><W108/><G71/><T105/><D105/><U103/><E103/><V68/><F68/><W45/><G134/><T90/><D101/><U95/><E95/><N who="0" m="36393" /><D113/><U11/><E41/><V85/><F85/><W123/><G123/><T58/><D47/><U30/><E30/><V91/><F91/><W4/><G4/><N who="2" m="1609" /><F43/><W127/><G117/><N who="2" m="45129" /><F97/><W18/><G129/><T28/><D28/><U81/><E75/><V96/><F96/><W32/><G98/><T1/><D1/><N who="2" m="586" /><F106/><W74/><G74/><T65/><D120/><U31/><E83/><V24/><F24/><AGARI ba="0,0" hai="19,23,24,54,57,58,60,62,65,88,90" m="36393" machi="24" ten="30,2000,0" yaku="8,1,54,1" doraHai="131" who="0" fromWho="2" sc="249,20,163,0,199,-20,389,0" /><INIT seed="3,0,0,5,4,78" ten="269,163,179,389" oya="3" hai0="86,116,81,63,22,74,30,120,87,127,16,42,124" hai1="3,4,28,77,19,35,33,45,62,117,58,123,118" hai2="37,130,129,36,100,44,105,25,119,98,132,96,111" hai3="114,49,48,94,84,31,39,1,103,72,104,73,56"/><W134/><G31/><T115/><D30/><U71/><E71/><V126/><F119/><N who="1" m="45577" /><E123/><V80/><F111/><W64/><G56/><T2/><D22/><U43/><E28/><V112/><F112/><W101/><G94/><T18/><D63/><U0/><E19/><V38/><F126/><W57/><G84/><T46/><D87/><U108/><E108/><V76/><F132/><W52/><G57/><T131/><D46/><U20/><E20/><V9/><F25/><W13/><G13/><T15/><D42/><U14/><E14/><V68/><F68/><W88/><G52/><T95/><D15/><U8/><E3/><V82/><F98/><W107/><G64/><T133/><D95/><U91/><E91/><V32/><F32/><W61/><G39/><T102/><D18/><U128/><E128/><N who="2" m="49259" /><F9/><W110/><G1/><T92/><D2/><U26/><E26/><V75/><F82/><W122/><G122/><T99/><D81/><U69/><E69/><V66/><F66/><W41/><G41/><AGARI ba="0,0" hai="36,37,38,41,44,75,76,80,96,100,105" m="49259" machi="41" ten="30,3900,0" yaku="19,1,23,1,52,1" doraHai="78" who="2" fromWho="3" sc="269,0,163,0,179,39,389,-39" owari="269,7.0,163,-34.0,218,-18.0,350,45.0" /></mjloggm>