<mjloggm ver="2.3"><GO type="225" lobby="0"/><UN n0="%E8%87%AA%E7%A7%B0%E6%9C%80%E5%BC%B7%E9%9B%80%E5%A3%AB%EF%BC%93" n1="%E3%82%A6%E3%83%AB%E3%83%88%E3%83%A9%E7%AB%8B%E7%9B%B4" n2="%E3%81%B9%E3%81%91%E3%82%93" n3="%66%65%65%73" dan="16,17,16,17" rate="2118.24,2143.15,2128.26,2186.95" sx="M,M,M,M"/><TAIKYOKU oya="0"/><INIT seed="0,0,0,5,3,31" ten="250,250,250,250" oya="0" hai0="9,63,22,2,78,46,120,20,71,123,87,15,61" hai1="77,80,91,30,86,62,105,21,112,119,73,134,26" hai2="52,10,12,49,121,58,33,34,42,43,92,133,70" hai3="127,59,72,81,104,130,7,6,122,69,96,131,115"/><T99/><D2/><U129/><E119/><V60/><F121/><W93/><G69/><T41/><D120/><U18/><E129/><N who="3" m="49162" /><G104/><T37/><D123/><U109/><E109/><V82/><F133/><W35/><G115/><T65/><D63/><U108/><E108/><V124/><F124/><W39/><G39/><T76/><D99/><U50/><E134/><V4/><F92/><W25/><G127/><T102/><D102/><U8/><E105/><V89/><F70/><W54/><G72/><T24/><D24/><U44/><E62/><V36/><F36/><W118/><G81/><T84/><D84/><U57/><E112/><V38/><F38/><W48/><G118/><T110/><D110/><U101/><E101/><V0/><F0/><W135/><G135/><T17/><REACH who="0" step="1"/><D87/><REACH who="0" ten="240,250,250,250" step="2"/><U32/><E86/><V103/><F103/><N who="3" m="60815" /><G122/><T11/><D11/><U117/><E8/><V98/><F98/><W5/><G25/><T19/><D19/><U51/><E18/><V88/><F82/><W40/><G40/><T75/><D75/><U95/><E80/><V79/><F42/><W114/><G114/><T27/><D27/><U97/><E26/><V47/><REACH who="2" step="1"/><F79/><AGARI ba="0,1" hai="9,15,17,20,22,37,41,46,61,65,71,76,78,79" machi="79" ten="40,3900,0" yaku="1,1,53,1" doraHai="31" doraHaiUra="68" who="0" fromWho="2" sc="240,49,250,0,250,-39,250,0" /><INIT seed="0,1,0,2,1,85" ten="289,250,211,250" oya="0" hai0="51,123,114,40,24,87,27,77,97,23,116,67,65" hai1="5,26,55,126,14,99,98,75,58,131,52,53,105" hai2="38,134,84,89,101,108,66,28,31,13,102,37,74" hai3="30,7,47,12,34,35,129,81,113,29,127,133,42"/><T100/><D123/><U80/><E131/><V45/><F74/><W72/><G113/><T21/><D116/><U117/><E117/><V83/><F108/><W90/><G129/><T119/><D119/><U8/><E126/><V11/><F134/><W125/><G133/><T15/><D114/><U22/><E105/><V20/><F66/><W112/><G112/><T94/><D15/><U32/><E32/><V95/><F20/><W19/><G7/><T17/><D40/><U16/><REACH who="1" step="1"/><E58/><REACH who="1" ten="289,240,211,250" step="2"/><V48/><F38/><N who="3" m="21975" /><G35/><T3/><D3/><U115/><E115/><V109/><F37/><W68/><G34/><T96/><D51/><U9/><E9/><V104/><F109/><W121/><G121/><T130/><D130/><U6/><E6/><N who="2" m="3319" /><F104/><W61/><G127/><T56/><D56/><U0/><E0/><V132/><F132/><W78/><G125/><T70/><D70/><U86/><E86/><N who="2" m="52663" /><F102/><W54/><G68/><T2/><D2/><U79/><AGARI ba="1,1" hai="5,8,14,16,22,26,52,53,55,75,79,80,98,99" machi="79" ten="30,7900,0" yaku="1,1,0,1,54,2,53,0" doraHai="85" doraHaiUra="41" who="1" fromWho="1" sc="289,-40,240,92,211,-21,250,-21" /><INIT seed="1,0,0,4,2,104" ten="249,332,190,229" oya="1" hai0="123,107,30,2,28,79,8,48,7,56,132,25,35" hai1="126,36,95,57,33,32,122,80,120,47,34,61,23" hai2="41,68,4,118,110,96,102,114,87,127,83,52,39" hai3="31,89,113,49,97,98,88,29,108,27,9,1,45"/><U105/><E105/><V60/><F118/><W53/><G113/><T46/><D132/><U128/><E95/><V5/><F114/><W135/><G135/><T94/><D107/><U134/><E23/><V50/><F110/><W21/><G108/><T64/><D123/><U0/><E0/><V19/><F127/><W99/><REACH who="3" step="1"/><G29/><REACH who="3" ten="249,332,190,219" step="2"/><T51/><D28/><U10/><E134/><V82/><F39/><W78/><G78/><T81/><D35/><U103/><E34/><V116/><F116/><W119/><G119/><T11/><D30/><U37/><E33/><V77/><F77/><W54/><G54/><T42/><D64/><U67/><E37/><V14/><F41/><W124/><G124/><T24/><D42/><U40/><E32/><V62/><F52/><W58/><G58/><T20/><D56/><U22/><E57/><V121/><F68/><W63/><G63/><T109/><D109/><U6/><E61/><V74/><F62/><W106/><G106/><T129/><D79/><U92/><E126/><V90/><F60/><W26/><G26/><T12/><D25/><U43/><E67/><V65/><F65/><W55/><G55/><T3/><D24/><U69/><E43/><V38/><F38/><W131/><G131/><T16/><D129/><U73/><E40/><V117/><F117/><W17/><G17/><T85/><D46/><U84/><E47/><V111/><F111/><W70/><G70/><T76/><D94/><U72/><E69/><V112/><F19/><W133/><G133/><T15/><D7/><AGARI ba="0,1" hai="1,7,9,21,27,31,45,49,53,88,89,97,98,99" machi="7" ten="40,2600,0" yaku="1,1,54,1,53,0" doraHai="104" doraHaiUra="59" who="3" fromWho="0" sc="249,-26,332,0,190,0,219,36" /><INIT seed="2,0,0,4,1,116" ten="223,332,190,255" oya="2" hai0="38,46,67,128,23,115,124,104,19,42,123,78,106" hai1="62,50,100,41,11,70,97,96,3,48,15,99,39" hai2="92,76,53,102,4,89,64,68,79,75,36,81,9" hai3="118,82,27,35,109,113,130,40,10,22,66,44,127"/><V54/><F36/><W47/><G118/><T74/><D115/><U20/><E3/><V24/><F79/><W63/><G113/><T103/><D128/><U30/><E39/><V86/><F68/><W87/><G35/><T61/><D124/><U12/><E70/><V18/><F64/><W132/><G130/><T45/><D45/><U112/><E112/><V16/><F102/><W105/><G105/><T65/><D65/><U129/><E129/><V111/><F111/><W37/><G109/><T126/><D126/><U95/><E62/><V131/><F131/><W84/><G127/><T80/><D103/><U93/><E41/><V83/><F83/><W122/><G122/><T110/><D110/><U7/><E97/><V58/><F24/><W55/><G132/><T94/><D94/><U133/><E133/><V72/><F72/><W107/><G107/><T5/><D5/><U2/><E2/><V120/><F120/><W13/><G55/><T69/><REACH who="0" step="1"/><D123/><REACH who="0" ten="213,332,190,255" step="2"/><U43/><E95/><V25/><F25/><AGARI ba="0,1" hai="19,23,25,38,42,46,61,67,69,74,78,80,104,106" machi="25" ten="30,7700,0" yaku="1,1,2,1,7,1,53,1" doraHai="116" doraHaiUra="71" who="0" fromWho="2" sc="213,87,332,0,190,-77,255,0" /><INIT seed="3,0,0,5,4,124" ten="300,332,113,255" oya="3" hai0="46,65,117,14,73,55,40,20,69,36,105,44,49" hai1="2,63,113,68,71,11,93,87,26,59,107,54,60" hai2="116,64,17,18,104,90,41,24,100,10,43,131,120" hai3="78,118,132,16,53,77,61,133,89,115,86,29,52"/><W134/><G118/><T9/><D105/><U22/><E107/><V19/><F64/><W74/><G115/><T58/><D73/><U15/><E2/><V13/><F90/><W101/><G29/><T84/><D117/><U88/><E113/><V125/><F100/><W31/><G31/><T35/><D35/><U123/><E123/><V98/><F98/><W121/><G121/><T21/><D46/><U3/><E3/><V42/><F104/><W127/><G127/><T95/><D95/><U122/><E122/><V80/><F80/><N who="3" m="45111" /><G78/><T102/><D84/><U34/><E34/><V91/><F91/><W56/><G101/><T72/><D72/><U85/><E85/><V111/><F125/><W126/><G126/><T4/><REACH who="0" step="1"/><D102/><REACH who="0" ten="290,332,113,255" step="2"/><U67/><E71/><V12/><F116/><W57/><G86/><T82/><D82/><U45/><E45/><V47/><F120/><W25/><G89/><T79/><D79/><U83/><E83/><V5/><F47/><W128/><G128/><T38/><D38/><U6/><E88/><V129/><F111/><W75/><G75/><T30/><D30/><U119/><E93/><V81/><F81/><W96/><G96/><T66/><D66/><U94/><E94/><V48/><F24/><W92/><G92/><T112/><D112/><U1/><E87/><V70/><F129/><W27/><G16/><T99/><D99/><U114/><E114/><V103/><F131/><W110/><G110/><T0/><D0/><U50/><E1/><V51/><F18/><W37/><G37/><T62/><AGARI ba="0,1" hai="4,9,14,20,21,36,40,44,49,55,58,62,65,69" machi="62" ten="30,7900,0" yaku="1,1,0,1,24,2,53,0" doraHai="124" doraHaiUra="106" who="0" fromWho="0" sc="290,89,332,-20,113,-20,255,-39" owari="379,48.0,312,11.0,93,-41.0,216,-18.0" /></mjloggm>