<mjloggm ver="2.3"><GO type="169" lobby="0"/><UN n0="%43%2E%43%2E%E3%82%B5%E3%83%90%E3%82%B7%E3%82%A2" n1="%E3%82%8A%E3%82%81%E3%82%8D" n2="%67%69%6A%79%75%74%75" n3="%E5%B0%B1%E6%B4%BB%E7%94%9F%40%E5%B7%9D%E6%9D%91%E8%BB%8D%E5%9B%A3" dan="16,16,17,16" rate="2088.03,2077.38,2225.86,2169.25" sx="F,M,M,M"/><TAIKYOKU oya="0"/><INIT seed="0,0,0,5,1,55" ten="250,250,250,250" oya="0" hai0="43,31,111,25,63,68,83,119,16,85,74,114,115" hai1="122,69,96,89,48,133,101,56,23,126,100,27,18" hai2="36,41,92,45,44,19,29,102,60,123,22,80,121" hai3="17,91,54,37,50,106,73,57,105,98,112,53,13"/><T90/><D119/><U110/><E69/><V1/><F1/><W104/><G73/><T8/><D43/><U81/><E122/><V26/><F80/><W12/><G112/><T131/><D131/><U129/><E110/><V125/><F125/><W14/><G37/><T77/><D111/><U32/><E129/><V134/><F134/><W30/><G30/><T6/><D68/><U117/><E117/><V95/><F45/><W72/><G72/><T20/><D31/><U128/><E128/><V5/><F5/><W21/><G98/><T124/><D124/><U103/><E126/><V79/><F79/><W34/><G34/><T38/><D38/><U65/><E133/><V49/><F36/><W93/><REACH who="3" step="1"/><G54/><REACH who="3" ten="250,250,250,240" step="2"/><T67/><D67/><U113/><E32/><V58/><F29/><W64/><G64/><T97/><D97/><U28/><E96/><V33/><F33/><W9/><G9/><T40/><D40/><U71/><E28/><V76/><F123/><W107/><N who="3" m="27136" /><DORA hai="118" /><W70/><G70/><T78/><D74/><U75/><E71/><V15/><F121/><W127/><G127/><T61/><D114/><U39/><E75/><V59/><F41/><W86/><AGARI ba="0,1" hai="12,13,14,17,21,50,53,57,86,91,93" m="27136" machi="86" ten="60,12000,2" yaku="1,1,0,1,25,2,52,1,53,1" doraHai="55,118" doraHaiUra="120,51" who="3" fromWho="3" sc="250,-60,250,-30,250,-30,240,130" /><INIT seed="1,0,0,4,5,27" ten="190,220,220,370" oya="1" hai0="41,114,42,31,130,100,129,116,80,118,66,16,101" hai1="99,51,111,93,72,107,103,22,113,106,125,3,87" hai2="115,119,133,56,24,44,40,6,76,5,67,89,21" hai3="32,86,109,62,126,18,53,108,92,49,36,131,61"/><U50/><E3/><V33/><F33/><W37/><G32/><T134/><D114/><U20/><E113/><V35/><F35/><W112/><G112/><T117/><D134/><U0/><E0/><V15/><F119/><W71/><G18/><T82/><D66/><U81/><E72/><V30/><F133/><W28/><G28/><T128/><D16/><U12/><E125/><V60/><F115/><W104/><G104/><T90/><D90/><U83/><E111/><N who="3" m="42570" /><G86/><T11/><D11/><U84/><E107/><V135/><F135/><W102/><G92/><T63/><D63/><N who="3" m="24073" /><G102/><N who="0" m="39531" /><D31/><U79/><E106/><V43/><F15/><W68/><G131/><T45/><D45/><U73/><E73/><V98/><F76/><W14/><G14/><T54/><D54/><U97/><E97/><V127/><F127/><W29/><G29/><T38/><D38/><N who="3" m="14953" /><G126/><T48/><D48/><N who="1" m="18475" /><E12/><V64/><F98/><W19/><G19/><T85/><D85/><U95/><E93/><V120/><F5/><W77/><G77/><AGARI ba="0,0" hai="20,22,77,79,81,83,84,87,95,99,103" m="18475" machi="77" ten="30,1500,0" yaku="8,1" doraHai="27" who="1" fromWho="3" sc="190,0,220,15,220,0,370,-15" /><INIT seed="1,1,0,3,3,86" ten="190,235,220,355" oya="1" hai0="1,135,125,117,60,63,21,112,114,56,8,121,108" hai1="71,133,82,98,40,69,55,101,9,41,19,61,50" hai2="44,67,42,76,27,37,113,81,29,52,2,78,120" hai3="34,23,95,33,7,132,97,10,25,35,31,110,107"/><U54/><E133/><V85/><F120/><W5/><G107/><T129/><D135/><U130/><E130/><V16/><F113/><W109/><G132/><T51/><D117/><U94/><E82/><V80/><F67/><W122/><G122/><T124/><D129/><U36/><E36/><V84/><F2/><W6/><REACH who="3" step="1"/><G10/><REACH who="3" ten="190,235,220,345" step="2"/><T74/><D121/><U99/><E9/><V90/><F52/><W22/><G22/><T72/><D21/><U66/><E54/><V73/><F16/><W111/><G111/><T43/><D8/><U30/><E19/><V57/><F57/><W62/><G62/><T59/><D108/><U75/><E69/><V14/><F14/><W102/><AGARI ba="1,1" hai="5,6,7,23,25,31,33,34,35,95,97,102,109,110" machi="102" ten="40,2700,0" yaku="1,1,0,1,53,0" doraHai="86" doraHaiUra="49" who="3" fromWho="3" sc="190,-8,235,-14,220,-8,345,40" /><INIT seed="2,0,0,5,1,6" ten="182,221,212,385" oya="2" hai0="120,43,84,12,107,101,79,87,78,40,65,108,91" hai1="113,10,58,24,80,97,21,111,17,117,54,70,53" hai2="37,123,118,47,16,94,26,59,135,122,45,89,114" hai3="127,63,86,15,30,106,83,0,3,19,95,62,112"/><V33/><F114/><W4/><G106/><T2/><D2/><U44/><E70/><V75/><F75/><W71/><G112/><T60/><D120/><U90/><E113/><V126/><F118/><W105/><G105/><T27/><D108/><U48/><E117/><V57/><F33/><W72/><G72/><T73/><D73/><U92/><E111/><V50/><F135/><W98/><G30/><T116/><D116/><U13/><E80/><V61/><F126/><W55/><G4/><T29/><D101/><U77/><E77/><V130/><F130/><W64/><G62/><T34/><D107/><U18/><REACH who="1" step="1"/><E58/><REACH who="1" ten="182,211,212,385" step="2"/><V32/><F123/><W81/><G83/><T20/><D78/><U46/><E46/><V133/><F122/><W9/><G127/><T85/><D79/><U8/><E8/><V128/><F59/><W124/><G124/><T76/><D76/><U11/><E11/><V23/><F57/><W109/><G109/><T1/><D1/><U5/><E5/><V134/><F45/><W131/><G3/><T82/><D82/><U125/><E125/><V115/><F47/><W132/><G0/><T25/><D12/><U68/><E68/><V104/><F115/><W38/><G15/><T103/><D27/><U74/><E74/><V52/><F26/><W39/><G81/><T99/><D25/><U88/><E88/><V69/><F89/><W31/><G9/><T119/><D91/><U129/><E129/><V102/><F128/><W67/><G131/><T42/><D119/><U56/><E56/><V14/><F69/><W100/><G71/><RYUUKYOKU ba="0,1" sc="182,-10,211,30,212,-10,385,-10" hai1="10,13,17,18,21,24,44,48,53,54,90,92,97" /><INIT seed="3,1,1,5,5,104" ten="172,241,202,375" oya="3" hai0="118,16,82,5,17,25,31,99,48,23,83,72,63" hai1="109,54,124,90,135,94,77,93,62,66,38,1,88" hai2="59,122,74,24,112,41,64,61,28,34,107,95,65" hai3="96,10,20,53,44,37,52,126,70,91,85,27,45"/><W50/><G70/><T14/><D118/><U120/><E120/><V6/><F112/><W129/><G129/><T89/><D72/><U111/><E124/><V117/><F117/><W100/><G10/><T49/><D63/><U9/><E135/><V71/><F122/><W47/><G37/><T78/><D5/><N who="1" m="1199" /><E54/><V42/><F6/><W114/><G53/><T121/><D121/><U115/><E38/><V13/><F13/><W119/><G114/><T79/><D17/><U0/><E0/><V40/><F65/><W133/><G133/><T30/><D30/><U55/><E55/><V110/><F59/><W98/><G126/><T39/><D39/><U106/><E106/><V60/><F60/><W103/><G98/><T18/><D18/><U97/><E77/><N who="0" m="29193" /><D99/><U125/><E115/><V36/><F36/><W51/><G51/><N who="0" m="19531" /><D89/><N who="1" m="34411" /><E97/><V56/><F107/><W76/><G76/><T15/><D31/><U29/><E29/><V32/><F71/><W11/><G96/><T4/><D4/><U35/><E35/><V75/><F34/><W21/><G119/><T102/><D102/><N who="3" m="38953" /><G11/><T108/><D108/><N who="1" m="41547" /><E125/><V12/><F110/><W73/><G47/><T128/><D128/><U26/><E26/><V86/><F12/><AGARI ba="1,1" hai="12,14,15,16,23,25,82,83" m="19531,29193" machi="12" ten="30,2000,0" yaku="8,1,54,1" doraHai="104" who="0" fromWho="2" sc="172,33,241,0,202,-23,375,0" /><INIT seed="4,0,0,5,5,2" ten="205,241,179,375" oya="0" hai0="48,120,83,51,49,108,3,114,122,35,33,8,107" hai1="14,95,17,102,116,67,109,19,54,47,74,129,40" hai2="4,12,89,82,25,87,66,72,111,132,119,37,28" hai3="23,6,5,104,1,80,77,39,98,78,105,57,124"/><T30/><D107/><U86/><E109/><V73/><F111/><W45/><G1/><T16/><D108/><U44/><E116/><V52/><F37/><W91/><G124/><T41/><D41/><U64/><E74/><V81/><F119/><W130/><G130/><T112/><D83/><U22/><E54/><V101/><F132/><W21/><G39/><T135/><D135/><U76/><E129/><V50/><F66/><N who="1" m="25129" /><E40/><V31/><F101/><W126/><G45/><T59/><D59/><U128/><E128/><V32/><F31/><W113/><G113/><N who="0" m="43627" /><D30/><U0/><E0/><V62/><F62/><W85/><G126/><T117/><D117/><U110/><E110/><V63/><F63/><W27/><G104/><T84/><D84/><U58/><E58/><V42/><F42/><W97/><G105/><T7/><D16/><U118/><E118/><V71/><F71/><W92/><G57/><T79/><D79/><N who="3" m="30217" /><G98/><T46/><D46/><U20/><E76/><V65/><F65/><W56/><G56/><T10/><D10/><U60/><E60/><V106/><F106/><W99/><G99/><T94/><D94/><U127/><E127/><V103/><F81/><W115/><G115/><T131/><D131/><U134/><E134/><V96/><F96/><W100/><G23/><T123/><AGARI ba="0,0" hai="3,7,8,33,35,48,49,51,120,122,123" m="43627" machi="123" ten="40,3900,0" yaku="15,1,52,1" doraHai="2" who="0" fromWho="0" sc="205,39,241,-13,179,-13,375,-13" /><INIT seed="4,1,0,1,0,67" ten="244,228,166,362" oya="0" hai0="108,36,64,58,34,13,31,50,21,98,28,90,3" hai1="92,18,124,48,135,57,89,91,116,100,78,62,87" hai2="43,102,106,20,99,101,133,46,82,123,77,85,118" hai3="37,72,117,75,61,97,29,10,76,129,11,54,107"/><T59/><D36/><U56/><E116/><V55/><F123/><W47/><G11/><T86/><D3/><U40/><E135/><V127/><F133/><W51/><G29/><N who="0" m="11339" /><D34/><U132/><E132/><V111/><F111/><W95/><G107/><T19/><D108/><U53/><E124/><V70/><F127/><W113/><G113/><T12/><D98/><U60/><E40/><V52/><F118/><W5/><G129/><T115/><D115/><U112/><E112/><V41/><F41/><W17/><G17/><T1/><D1/><U66/><E18/><V114/><F114/><W0/><G117/><T79/><D79/><U15/><E15/><V4/><F4/><W65/><G76/><T39/><D39/><U2/><E2/><V93/><F20/><W24/><G24/><N who="0" m="14399" /><D64/><U122/><E78/><V96/><REACH who="2" step="1"/><F70/><REACH who="2" ten="244,228,156,362" step="2"/><W7/><G7/><T44/><D12/><U8/><E122/><V42/><F42/><W126/><G126/><T68/><D68/><U73/><E8/><V25/><F25/><W74/><G37/><AGARI ba="1,1" hai="37,43,46,52,55,77,82,85,93,96,99,101,102,106" machi="37" ten="30,3900,0" yaku="1,1,7,1,54,1,53,0" doraHai="67" doraHaiUra="32" who="2" fromWho="3" sc="244,0,228,0,156,52,362,-42" /><INIT seed="5,0,0,2,3,57" ten="244,228,208,320" oya="1" hai0="107,89,100,105,43,108,74,104,52,102,127,86,66" hai1="109,11,58,38,68,47,83,64,124,69,51,65,13" hai2="40,3,71,101,82,45,106,79,21,42,75,115,37" hai3="112,111,80,119,49,123,31,39,25,135,128,129,46"/><U110/><E83/><V22/><F40/><W14/><G111/><N who="1" m="42506" /><E13/><V53/><F115/><W54/><G123/><T125/><D43/><N who="1" m="23031" /><E11/><V36/><F36/><W7/><G112/><T27/><D74/><U9/><E9/><V97/><F71/><N who="1" m="27209" /><E124/><N who="0" m="47689" /><D108/><U23/><E23/><V19/><F19/><W1/><G1/><T12/><D12/><U93/><E93/><V87/><F53/><AGARI ba="0,0" hai="51,53,58,64,65" m="27209,23031,42506" machi="53" ten="30,5800,0" yaku="10,1,34,2" doraHai="57" who="1" fromWho="2" sc="244,0,228,58,208,-58,320,0" /><INIT seed="5,1,0,4,2,128" ten="244,286,150,320" oya="1" hai0="50,30,101,103,10,94,18,5,113,0,96,119,70" hai1="110,39,21,53,43,57,77,84,49,62,129,25,3" hai2="122,107,104,8,45,58,130,24,100,116,7,31,67" hai3="91,59,134,48,9,78,52,56,112,109,17,120,123"/><U23/><E129/><V125/><F122/><W35/><G35/><T22/><D119/><U82/><E3/><V85/><F130/><W127/><G109/><T124/><D70/><U61/><E110/><V80/><F116/><W44/><G78/><T99/><D113/><U64/><E39/><V93/><F45/><W66/><G112/><T29/><D50/><U47/><REACH who="1" step="1"/><E25/><REACH who="1" ten="244,276,150,320" step="2"/><V87/><F24/><W54/><G123/><T92/><D124/><U11/><E11/><V1/><F125/><W97/><G9/><T63/><D63/><U33/><E33/><V118/><F8/><W81/><G120/><T46/><D46/><U68/><AGARI ba="1,1" hai="21,23,43,47,49,53,57,61,62,64,68,77,82,84" machi="68" ten="20,3900,0" yaku="1,1,0,1,7,1,53,0" doraHai="128" doraHaiUra="108" who="1" fromWho="1" sc="244,-14,276,52,150,-14,320,-14" /><INIT seed="5,2,0,0,3,88" ten="230,328,136,306" oya="1" hai0="62,122,109,73,85,17,32,105,12,119,59,113,68" hai1="8,134,61,20,102,19,58,99,124,57,93,107,41" hai2="28,6,38,34,81,126,128,77,3,100,87,82,31" hai3="108,71,103,16,129,5,91,1,104,13,115,120,25"/><U118/><E118/><V70/><F70/><W130/><G71/><T54/><D73/><U10/><E134/><V56/><F128/><N who="3" m="49259" /><G104/><T117/><D109/><U47/><E124/><V84/><F126/><W86/><G103/><T52/><D68/><U21/><E107/><V64/><F38/><W60/><G108/><T133/><D133/><U69/><E69/><V131/><F131/><W111/><G111/><T132/><D132/><U35/><E35/><V2/><F34/><W49/><G60/><T18/><D32/><U36/><E58/><V67/><F100/><W90/><G115/><T94/><D113/><U127/><E127/><V72/><F72/><W66/><G66/><T7/><D105/><U79/><E79/><V15/><F15/><W39/><G39/><T51/><D122/><U53/><REACH who="1" step="1"/><E21/><REACH who="1" ten="230,318,136,306" step="2"/><V95/><F77/><W50/><G120/><T101/><D117/><U135/><E135/><V97/><F56/><W74/><G74/><T96/><D119/><U89/><E89/><V40/><F6/><W9/><G91/><T11/><D85/><U0/><E0/><V46/><F2/><W55/><G90/><T83/><D83/><U30/><E30/><V116/><F3/><W45/><G86/><T75/><D75/><U23/><E23/><V76/><F76/><W106/><G106/><T44/><AGARI ba="2,1" hai="7,11,12,17,18,44,51,52,54,59,62,94,96,101" machi="44" ten="20,8000,1" yaku="0,1,7,1,8,1,52,1,54,1" doraHai="88" who="0" fromWho="0" sc="230,96,318,-42,136,-22,306,-22" /><INIT seed="6,0,0,2,2,115" ten="326,276,114,284" oya="2" hai0="22,21,8,43,40,5,75,133,49,81,35,13,28" hai1="56,41,131,132,73,130,24,37,68,32,61,117,66" hai2="1,15,129,38,26,18,52,103,51,97,19,69,11" hai3="64,72,4,25,17,60,88,86,2,123,12,135,118"/><V65/><F38/><W6/><G72/><T74/><D35/><U95/><E73/><V50/><F129/><N who="1" m="49161" /><E95/><N who="2" m="58815" /><F1/><W54/><G123/><T59/><D75/><U77/><E77/><V109/><F69/><W127/><G118/><T93/><D74/><U106/><E106/><V119/><F119/><W55/><G135/><T48/><D81/><U120/><E117/><V62/><F65/><W29/><G127/><T114/><D114/><U30/><E132/><V9/><F109/><W10/><G64/><T42/><D133/><U31/><E31/><V128/><F128/><W102/><G102/><T39/><D39/><U33/><E33/><V111/><F111/><W113/><G113/><T104/><D104/><U80/><E80/><V76/><F76/><W83/><G60/><T0/><D0/><U71/><E120/><V82/><F82/><W126/><G126/><T125/><D125/><U91/><E91/><V101/><F101/><W53/><REACH who="3" step="1"/><G2/><REACH who="3" ten="326,276,114,274" step="2"/><T84/><D48/><N who="2" m="18474" /><F26/><W112/><G112/><T105/><D49/><U89/><E89/><V99/><F99/><W134/><G134/><T7/><D84/><U70/><E37/><V108/><F108/><W116/><G116/><T3/><D3/><U58/><E41/><V96/><F96/><W90/><G90/><T57/><D42/><U23/><E32/><AGARI ba="0,1" hai="4,6,10,12,17,25,29,32,53,54,55,83,86,88" machi="32" ten="40,5200,0" yaku="1,1,54,1,53,1" doraHai="115" doraHaiUra="87" who="3" fromWho="1" sc="326,0,276,-52,114,0,274,62" /><INIT seed="7,0,0,1,1,104" ten="326,224,114,336" oya="3" hai0="68,75,74,78,72,7,33,83,56,15,92,49,65" hai1="69,48,77,58,91,102,109,70,123,60,121,82,20" hai2="112,99,127,119,8,61,55,117,37,5,45,16,13" hai3="101,47,62,50,18,4,87,57,67,59,118,36,97"/><W103/><G118/><T34/><D68/><U6/><E109/><V89/><F112/><W1/><G36/><T52/><D92/><U80/><E102/><V95/><F127/><W38/><G38/><T116/><D116/><U133/><E133/><V51/><F37/><W10/><G87/><T126/><D126/><U46/><E91/><V114/><F114/><W107/><G18/><T17/><D7/><U132/><E82/><V28/><F119/><W98/><G62/><T81/><D65/><U124/><E6/><V86/><F117/><W32/><G32/><T23/><REACH who="0" step="1"/><D83/><REACH who="0" ten="316,224,114,336" step="2"/><U79/><E124/><V115/><F115/><W44/><G67/><T73/><AGARI ba="0,1" hai="15,17,23,33,34,49,52,56,72,73,74,75,78,81" machi="73" ten="30,16000,3" yaku="1,1,2,1,0,1,52,4,54,1,53,0" doraHai="104" doraHaiUra="3" who="0" fromWho="0" sc="316,170,224,-40,114,-40,336,-80" owari="486,59.0,184,-22.0,74,-43.0,256,6.0" /></mjloggm>