<mjloggm ver="2.3"><GO type="233" lobby="0"/><UN n0="%E3%82%A6%E3%83%AB%E3%83%88%E3%83%A9%E7%AB%8B%E7%9B%B4" n1="%E5%B0%8F%E9%98%AA%E3%81%A1%E3%81%B2%E3%82%8D" n2="%E6%99%AE%E8%B3%A2" n3="%E9%AE%AB%E5%B3%B6%E5%AE%8F%E6%98%8C%CE%B1" dan="17,16,16,16" rate="2217.04,2156.40,2178.38,2110.70" sx="M,F,F,M"/><TAIKYOKU oya="0"/><INIT seed="0,0,0,1,2,61" ten="250,250,250,250" oya="0" hai0="52,55,118,100,13,71,57,21,35,44,48,76,102" hai1="125,87,132,29,73,58,130,80,69,114,64,85,60" hai2="94,70,63,121,106,120,49,98,105,39,8,126,116" hai3="59,38,74,2,79,33,9,65,95,92,127,15,41"/><T101/><D35/><U83/><E130/><V4/><F39/><W109/><G109/><T117/><D71/><U113/><E73/><V12/><F126/><W34/><G127/><T72/><D72/><U27/><E132/><V119/><F49/><W56/><G2/><T89/><D76/><U16/><E125/><V1/><F12/><W7/><G41/><T75/><D75/><U104/><E104/><N who="2" m="40043" /><F94/><W24/><G38/><T31/><D89/><U103/><E103/><V42/><F42/><W50/><G79/><T93/><D93/><U20/><E29/><V82/><F82/><W131/><G74/><T45/><D45/><U53/><E83/><V32/><F98/><W23/><G131/><T134/><D134/><U84/><REACH who="1" step="1"/><E80/><REACH who="1" ten="250,240,250,250" step="2"/><V36/><F32/><W86/><G33/><T22/><D31/><U124/><E124/><V81/><F81/><W11/><G34/><T122/><D122/><N who="2" m="47210" /><F36/><W78/><G95/><T91/><D91/><U135/><E135/><V129/><F129/><W5/><G92/><T62/><REACH who="0" step="1"/><D13/><REACH who="0" ten="240,240,250,250" step="2"/><U43/><E43/><V90/><F90/><W18/><G78/><T123/><D123/><U47/><E47/><V14/><F14/><W112/><G15/><T30/><D30/><U17/><E17/><V110/><F110/><W77/><G18/><T107/><D107/><U108/><E108/><V97/><F97/><W67/><G77/><T54/><D54/><U96/><E96/><V66/><AGARI ba="0,2" hai="1,4,8,63,66,70,116,119" m="47210,40043" machi="66" ten="40,2700,0" yaku="23,1,52,1" doraHai="61" who="2" fromWho="2" sc="240,-13,240,-7,250,47,250,-7" /><INIT seed="1,0,0,4,2,40" ten="227,233,297,243" oya="1" hai0="28,82,126,52,57,71,5,22,80,31,108,63,104" hai1="60,49,92,107,65,120,42,29,119,98,43,132,99" hai2="17,96,13,94,8,33,56,85,114,135,97,95,38" hai3="113,129,76,14,46,124,54,77,86,122,39,64,106"/><U30/><E120/><V78/><F135/><W103/><G122/><T83/><D104/><U47/><E119/><V115/><F33/><W74/><G74/><T44/><D71/><U41/><E132/><V34/><F34/><W0/><G0/><T3/><D126/><U127/><E127/><V59/><F38/><W88/><G124/><T12/><D108/><U110/><E110/><V84/><F59/><W32/><G32/><T1/><D1/><U101/><E29/><N who="0" m="11337" /><D3/><U2/><E30/><V15/><F56/><W4/><G113/><N who="2" m="43017" /><F15/><W100/><G129/><T105/><D105/><U9/><E9/><V67/><F67/><W27/><G27/><T23/><D5/><U116/><E116/><V10/><F78/><N who="3" m="30315" /><G39/><T37/><D37/><U68/><REACH who="1" step="1"/><E2/><REACH who="1" ten="227,223,297,243" step="2"/><V87/><F8/><N who="3" m="4359" /><G106/><T73/><D73/><U50/><E50/><V48/><F48/><N who="3" m="28951" /><G64/><T72/><D72/><U26/><E26/><V133/><F133/><W117/><G117/><T66/><D12/><U20/><E20/><V58/><F10/><W24/><G24/><T16/><D22/><U18/><E18/><V53/><F17/><W62/><G62/><T61/><D61/><U81/><E81/><AGARI ba="0,1" hai="81,86,88,100,103" m="28951,4359,30315" machi="81" ten="30,3900,0" yaku="8,1,52,1,54,1" doraHai="40" who="3" fromWho="1" sc="227,0,223,-39,297,0,243,49" /><INIT seed="2,0,0,4,0,74" ten="227,184,297,292" oya="2" hai0="54,106,38,8,27,65,25,93,35,130,23,94,61" hai1="75,103,133,44,110,90,7,123,95,5,108,121,88" hai2="135,99,66,41,82,52,127,57,50,87,63,91,128" hai3="48,71,109,4,117,58,32,124,62,33,3,64,73"/><V42/><F128/><W89/><G117/><T116/><D106/><U97/><E44/><V1/><F1/><W126/><G109/><N who="1" m="42090" /><E5/><V113/><F113/><W104/><G104/><T79/><D38/><U51/><E7/><V134/><F127/><W49/><G73/><T80/><D54/><U120/><E51/><V114/><F114/><W14/><G3/><T30/><D130/><U46/><E46/><V56/><REACH who="2" step="1"/><F99/><REACH who="2" ten="227,184,287,292" step="2"/><W105/><G126/><T78/><D116/><U92/><E133/><AGARI ba="0,1" hai="41,42,50,52,56,57,63,66,82,87,91,133,134,135" machi="133" ten="40,12000,1" yaku="1,1,2,1,20,1,54,1,53,0" doraHai="74" doraHaiUra="111" who="2" fromWho="1" sc="227,0,184,-120,287,130,292,0" /><INIT seed="2,1,0,3,5,113" ten="227,64,417,292" oya="2" hai0="12,40,50,24,63,101,54,21,99,17,56,30,26" hai1="84,67,11,65,82,60,112,58,53,91,34,116,28" hai2="27,96,44,115,14,121,51,74,135,86,89,77,23" hai3="25,122,43,134,18,119,61,87,70,72,45,4,62"/><V105/><F115/><W29/><G122/><T48/><D40/><U68/><E112/><V42/><F121/><W102/><G72/><T111/><D111/><U32/><E67/><V132/><F14/><W66/><G119/><T104/><REACH who="0" step="1"/><D26/><REACH who="0" ten="217,64,417,292" step="2"/><U94/><E28/><V36/><F27/><W90/><G25/><T128/><D128/><U47/><E47/><V80/><F135/><W127/><G45/><T3/><D3/><U13/><E82/><V117/><F132/><W20/><G43/><T75/><D75/><U69/><E69/><V129/><F129/><W2/><G70/><T31/><D31/><U131/><E131/><V106/><F74/><W81/><G2/><T120/><D120/><U46/><E46/><V33/><F44/><W123/><G29/><T59/><D59/><U49/><REACH who="1" step="1"/><E116/><REACH who="1" ten="217,54,417,292" step="2"/><V8/><F117/><W125/><G134/><T133/><D133/><U52/><E52/><V15/><F42/><W88/><G123/><T107/><D107/><U114/><E114/><V97/><F106/><W108/><G108/><T19/><D19/><AGARI ba="1,2" hai="11,13,19,32,34,49,53,58,60,65,68,84,91,94" machi="19" ten="30,2000,0" yaku="1,1,7,1,53,0" doraHai="113" doraHaiUra="103" who="1" fromWho="0" sc="217,-23,54,43,417,0,292,0" /><INIT seed="3,0,0,0,5,107" ten="194,97,417,292" oya="3" hai0="86,122,31,94,93,112,65,114,135,0,21,51,41" hai1="121,78,75,116,72,74,104,9,28,34,98,62,43" hai2="61,131,46,106,103,119,134,32,99,126,27,97,109" hai3="88,5,68,82,129,53,124,40,111,1,45,85,30"/><W89/><G68/><T18/><D0/><U55/><E121/><V108/><F119/><W128/><G124/><T77/><D31/><U64/><E116/><V15/><F126/><W120/><G120/><T36/><D65/><U101/><E55/><V23/><F131/><N who="3" m="50251" /><G111/><N who="2" m="42569" /><F134/><W42/><G30/><T44/><D36/><U113/><E113/><N who="0" m="43625" /><D135/><U56/><E43/><N who="3" m="16426" /><G5/><T63/><D63/><U117/><E117/><V76/><F46/><W84/><G1/><T90/><D77/><U17/><E78/><V29/><F61/><W71/><G71/><T4/><D4/><U39/><E39/><V66/><F66/><W33/><G33/><T49/><D49/><U35/><REACH who="1" step="1"/><E28/><REACH who="1" ten="194,87,417,292" step="2"/><V47/><F76/><W79/><G53/><T14/><D122/><U80/><E80/><AGARI ba="0,1" hai="14,18,21,41,44,51,80,86,90,93,94" m="43625" machi="80" ten="30,1000,0" yaku="11,1" doraHai="107" who="0" fromWho="1" sc="194,20,87,-10,417,0,292,0" /><INIT seed="4,0,0,3,2,21" ten="214,77,417,292" oya="0" hai0="56,108,80,102,66,79,30,131,11,46,74,45,4" hai1="96,27,58,113,119,59,61,118,65,82,72,49,98" hai2="104,116,43,26,60,86,73,54,76,134,88,53,13" hai3="91,44,12,37,2,6,125,7,133,19,36,83,114"/><T117/><D117/><U32/><E113/><V23/><F134/><W95/><G114/><T77/><D131/><U115/><E115/><V57/><F104/><W50/><G125/><T87/><D108/><U40/><E118/><V107/><F107/><W14/><G133/><T28/><D102/><U15/><E119/><V67/><F116/><W48/><G83/><T92/><D79/><U17/><E72/><V18/><F43/><W123/><G123/><T51/><D74/><U90/><E82/><N who="2" m="49239" /><F76/><W93/><G91/><T71/><D92/><U121/><E121/><V33/><F33/><W31/><G19/><T69/><D71/><U127/><E127/><V89/><F73/><W29/><REACH who="3" step="1"/><G44/><REACH who="3" ten="214,77,417,282" step="2"/><T8/><D46/><U55/><E90/><V35/><F89/><W128/><G128/><T99/><D99/><U1/><E1/><AGARI ba="0,1" hai="1,2,6,7,12,14,29,31,36,37,48,50,93,95" machi="1" ten="25,8000,1" yaku="1,1,22,2,53,2" doraHai="21" doraHaiUra="70" who="3" fromWho="1" sc="214,0,77,-80,417,0,282,90" owari="214,-19.0,-3,-50.0,417,52.0,372,17.0" /></mjloggm>