<mjloggm ver="2.3"><GO type="169" lobby="0"/><UN n0="%E4%BB%A3%E6%89%93%E3%81%A1%E3%81%AE%E7%A5%9E%E6%A7%98" n1="%43%2E%43%2E%E3%82%B5%E3%83%90%E3%82%B7%E3%82%A2" n2="%E3%82%A6%E3%83%AB%E3%83%88%E3%83%A9%E7%AB%8B%E7%9B%B4" n3="%4B%E3%80%82" dan="18,17,17,18" rate="2202.55,2150.66,2163.14,2219.57" sx="M,F,M,M"/><TAIKYOKU oya="0"/><INIT seed="0,0,0,3,2,82" ten="250,250,250,250" oya="0" hai0="108,90,39,130,47,127,9,131,92,61,78,18,50" hai1="112,3,21,68,102,118,69,40,87,33,89,119,71" hai2="125,6,29,37,34,133,101,2,70,117,76,123,126" hai3="113,27,106,88,28,109,72,41,124,94,59,58,56"/><T42/><D127/><U86/><E33/><V114/><F101/><W57/><G113/><T35/><D35/><U97/><E112/><V53/><F53/><W85/><G124/><T96/><D78/><U132/><E132/><V23/><F23/><W81/><G109/><T120/><D120/><U83/><E3/><V12/><F12/><W128/><G128/><N who="0" m="49195" /><D108/><U62/><E40/><V75/><F6/><W11/><G106/><T31/><D31/><U110/><E110/><V60/><F29/><W95/><G41/><T13/><D61/><U49/><E49/><AGARI ba="0,0" hai="9,13,18,39,42,47,49,50,90,92,96" m="49195" machi="49" ten="30,1500,0" yaku="19,1" doraHai="82" who="0" fromWho="1" sc="250,15,250,-15,250,0,250,0" /><INIT seed="0,1,0,4,0,111" ten="265,235,250,250" oya="0" hai0="113,10,8,16,109,91,61,50,103,99,85,88,115" hai1="46,18,58,48,86,74,79,123,128,15,7,96,107" hai2="19,65,30,75,49,23,4,76,135,72,29,1,133" hai3="119,45,116,28,66,37,11,42,6,60,97,39,12"/><T84/><D61/><U100/><E123/><V41/><F65/><W95/><G39/><T89/><D109/><U80/><E128/><V34/><F49/><W108/><G28/><T134/><D134/><U105/><E7/><V73/><F41/><W53/><G53/><T101/><D50/><U82/><E58/><V21/><F76/><W114/><G108/><T13/><D10/><U9/><E105/><V33/><F4/><W87/><G87/><T2/><D2/><U35/><E35/><N who="2" m="13323" /><F19/><W126/><G126/><T55/><D55/><U102/><E102/><V81/><F81/><W5/><G5/><T69/><D69/><U71/><E71/><V31/><F1/><W44/><G44/><T130/><D130/><U3/><E3/><V112/><F112/><W106/><G106/><T129/><D129/><U64/><E64/><V125/><F125/><W120/><G114/><T77/><D103/><U131/><E131/><V25/><F25/><W78/><G78/><T122/><D85/><U54/><REACH who="1" step="1"/><E82/><REACH who="1" ten="265,225,250,250" step="2"/><V117/><F117/><W20/><G120/><T38/><D122/><U51/><E51/><V36/><F36/><W62/><G119/><T47/><D38/><U118/><E118/><V127/><F127/><W56/><G116/><T121/><D121/><U52/><E52/><V0/><F0/><W92/><G62/><T63/><D63/><U40/><E40/><V14/><F14/><W124/><G124/><T93/><REACH who="0" step="1"/><D47/><REACH who="0" ten="255,225,250,250" step="2"/><U67/><E67/><V98/><F135/><W68/><G68/><T32/><D32/><U104/><E104/><V110/><F133/><RYUUKYOKU ba="1,2" sc="255,15,225,15,250,-15,250,-15" hai0="8,13,16,77,84,88,89,91,93,99,101,113,115" hai1="9,15,18,46,48,54,74,79,80,86,96,100,107" /><INIT seed="0,2,2,5,1,28" ten="270,240,235,235" oya="0" hai0="47,6,84,18,72,85,53,34,15,108,90,122,78" hai1="125,1,24,22,32,63,109,64,87,74,30,88,131" hai2="114,102,110,123,3,105,7,100,77,116,92,96,112" hai3="43,121,120,16,33,89,13,59,23,50,38,46,70"/><T75/><D122/><N who="3" m="47209" /><G70/><T42/><D6/><U44/><E74/><V115/><F123/><W54/><G89/><T73/><D108/><U37/><E109/><V39/><F39/><W81/><G81/><T111/><D111/><U91/><E125/><V133/><F110/><W65/><G65/><T62/><D78/><U27/><E131/><V60/><F60/><W21/><G21/><T40/><D34/><AGARI ba="2,2" hai="13,16,23,33,34,38,43,46,50,54,59" m="47209" machi="34" ten="30,7700,0" yaku="13,1,52,2,54,1" doraHai="28" who="3" fromWho="0" sc="270,-83,240,0,235,0,235,103" /><INIT seed="1,0,0,1,1,37" ten="187,240,235,338" oya="1" hai0="96,8,7,32,86,128,134,93,50,66,52,34,108" hai1="23,111,114,115,18,63,2,47,79,135,24,97,121" hai2="129,1,21,15,43,81,38,98,70,76,57,91,126" hai3="132,46,26,113,12,71,56,45,120,94,82,85,5"/><U110/><E121/><V125/><F70/><W35/><G71/><T27/><D108/><N who="1" m="41515" /><E135/><V131/><F1/><W60/><G113/><T64/><D134/><U130/><E130/><V65/><F91/><W31/><G120/><T14/><D128/><N who="2" m="49226" /><F98/><W101/><G132/><T95/><D86/><U109/><N who="1" m="41523" /><U59/><DORA hai="127" /><E2/><V9/><F21/><W119/><G119/><T48/><D48/><U88/><E79/><V30/><F30/><W29/><G29/><T53/><D53/><N who="1" m="34287" /><E47/><N who="2" m="24055" /><F57/><W105/><G46/><T122/><D122/><U104/><E88/><V117/><F65/><W106/><G45/><T17/><D34/><U61/><E61/><V75/><F117/><W92/><G56/><T78/><D32/><U80/><E80/><V107/><F107/><W11/><G105/><T123/><D78/><U133/><E133/><V40/><F40/><W13/><G106/><T25/><D123/><U22/><E23/><V72/><F72/><W58/><G35/><T16/><D66/><U124/><E124/><V116/><F116/><W87/><G60/><T42/><D64/><U36/><E114/><V62/><F62/><W118/><G118/><T4/><D42/><U112/><E115/><V51/><F51/><W49/><G49/><T6/><D95/><U19/><E112/><V28/><F28/><W77/><G31/><T103/><D50/><U33/><E33/><V55/><F55/><W90/><G90/><T10/><D52/><U102/><E36/><V39/><F39/><W0/><G58/><T74/><D74/><U100/><E100/><V67/><F67/><RYUUKYOKU ba="0,0" sc="187,10,240,10,235,10,338,-30" hai0="4,6,7,8,10,14,16,17,25,27,93,96,103" hai1="18,19,22,24,97,102,104" hai2="9,15,75,76,81,125,126" /><INIT seed="1,1,0,1,4,125" ten="197,250,245,308" oya="1" hai0="52,14,104,115,87,19,37,65,33,2,48,32,111" hai1="68,45,58,98,23,88,76,84,95,44,34,77,79" hai2="117,38,28,93,85,129,7,66,26,25,127,72,124" hai3="5,71,113,59,56,39,119,97,69,53,134,47,130"/><U122/><E122/><V40/><F72/><W20/><G113/><T18/><D2/><U8/><E68/><V1/><F66/><W43/><G134/><T89/><D37/><U120/><E34/><N who="2" m="20751" /><F85/><W73/><G73/><T110/><D115/><U101/><E120/><V123/><F93/><W132/><G132/><T10/><D104/><U103/><E8/><N who="2" m="2159" /><F123/><W11/><G20/><T112/><D19/><U50/><E23/><V51/><F51/><W81/><G81/><T21/><D65/><U42/><E58/><V46/><F26/><W63/><G97/><T55/><D112/><U121/><E121/><V27/><F27/><W106/><G106/><T116/><D21/><U17/><E17/><V135/><F135/><W3/><G59/><T62/><D62/><U91/><REACH who="1" step="1"/><E45/><REACH who="1" ten="197,240,245,308" step="2"/><V70/><F70/><W13/><G69/><T92/><D116/><U107/><E107/><V35/><F117/><W75/><G119/><T94/><D33/><U61/><E61/><V109/><F35/><W133/><G71/><T96/><D32/><U99/><E99/><V80/><F124/><W9/><G63/><T16/><D18/><U128/><E128/><V105/><F105/><W49/><G130/><T36/><D36/><U78/><N who="1" m="19456" /><DORA hai="118" /><U64/><E64/><V6/><F129/><W41/><G75/><T0/><D0/><U102/><E102/><V82/><F127/><W100/><G100/><N who="0" m="60423" /><D48/><U29/><E29/><V114/><F114/><W22/><G133/><T90/><D90/><U67/><E67/><V74/><F74/><W4/><G22/><T24/><D24/><RYUUKYOKU ba="1,1" sc="197,10,240,10,245,-30,308,10" hai0="10,14,16,52,55,87,89,94,110,111" hai1="42,44,50,84,88,91,95,98,101,103" hai3="3,4,5,9,11,13,39,41,43,47,49,53,56" /><INIT seed="1,2,1,5,4,78" ten="207,250,215,318" oya="1" hai0="124,68,6,116,111,11,120,135,103,121,18,65,87" hai1="93,69,39,28,105,13,9,109,31,94,117,71,2" hai2="56,25,50,43,60,57,32,126,17,134,12,37,108" hai3="40,95,20,5,99,45,21,66,42,35,133,36,44"/><U26/><E117/><V88/><F37/><W19/><G133/><T47/><D116/><U100/><E105/><V130/><F32/><W41/><G35/><T132/><D103/><U46/><E2/><V110/><F25/><W122/><G122/><N who="0" m="47211" /><D47/><U123/><E123/><V106/><F106/><W67/><G5/><T51/><D51/><U29/><E26/><V10/><F134/><N who="0" m="51242" /><D65/><N who="3" m="24585" /><G36/><T16/><D68/><U63/><E109/><N who="2" m="42091" /><F126/><W118/><G118/><T38/><D38/><U55/><E39/><V15/><F130/><W58/><G58/><T49/><D49/><U62/><E69/><V101/><F101/><N who="3" m="60671" /><G21/><T76/><D111/><U85/><E100/><V61/><F57/><W75/><G75/><T113/><D113/><U23/><E71/><V70/><F56/><W125/><G125/><T112/><D112/><U3/><E23/><N who="2" m="11687" /><F50/><W59/><G59/><T119/><D119/><U131/><E62/><V83/><F70/><W81/><G45/><T104/><D104/><U4/><E63/><V53/><F53/><W96/><G44/><T79/><D124/><U30/><E55/><V80/><F43/><W89/><G42/><T52/><D52/><U102/><E46/><V8/><F61/><W127/><G127/><T92/><D92/><U82/><E94/><V128/><F60/><W115/><G115/><T64/><D64/><U107/><E93/><V86/><F128/><W97/><G41/><T98/><D98/><U1/><N who="1" m="7168" /><DORA hai="84" /><U129/><E129/><V48/><F48/><W73/><G40/><T74/><D74/><U22/><E131/><V77/><F86/><RYUUKYOKU ba="2,1" sc="207,0,250,0,215,0,318,0" /><INIT seed="2,3,1,4,3,48" ten="207,250,215,318" oya="2" hai0="29,13,17,129,19,91,35,112,60,10,28,134,114" hai1="107,90,22,108,84,79,73,104,33,69,51,23,7" hai2="95,125,14,121,59,55,130,21,66,2,46,4,39" hai3="24,36,87,20,97,52,126,18,78,82,61,133,92"/><V38/><F121/><W85/><G133/><T100/><D100/><U57/><E33/><V89/><F130/><W45/><G126/><T118/><D129/><U113/><E69/><V27/><F2/><W122/><G122/><T31/><D91/><U12/><E113/><N who="0" m="43625" /><D60/><U127/><E127/><V58/><F125/><W6/><G6/><N who="0" m="3287" /><D134/><U119/><E79/><V26/><F39/><W131/><G131/><T102/><D102/><U77/><E77/><V94/><F38/><W71/><G71/><T56/><D56/><N who="2" m="21546" /><F66/><W103/><G36/><T111/><D111/><U65/><E104/><V106/><F106/><W32/><G32/><T68/><D68/><U123/><E107/><V42/><F42/><W37/><G37/><T88/><D88/><U101/><E65/><V3/><F3/><W62/><G85/><T9/><D35/><U41/><E73/><V120/><F120/><W81/><G82/><T76/><D76/><U67/><E123/><V105/><F105/><W93/><G92/><N who="2" m="35369" /><F89/><W34/><G34/><T11/><D118/><U132/><E108/><V1/><F1/><W44/><G44/><T96/><D96/><U83/><E119/><V80/><F80/><W50/><AGARI ba="3,1" hai="18,20,24,45,50,52,61,62,78,81,87,93,97,103" machi="50" ten="30,7900,0" yaku="0,1,8,1,52,1,54,1" doraHai="48" who="3" fromWho="3" sc="207,-23,250,-23,215,-42,318,98" /><INIT seed="3,0,0,2,0,116" ten="184,227,173,416" oya="3" hai0="124,74,83,89,5,111,129,101,131,112,47,126,17" hai1="117,73,37,21,63,59,69,86,65,97,45,38,132" hai2="52,98,67,7,127,32,12,26,103,135,50,106,80" hai3="68,39,81,53,9,41,8,121,51,92,85,82,61"/><W125/><G125/><N who="0" m="48235" /><BYE who="2" /><D5/><U70/><E73/><V130/><F130/><N who="0" m="49674" /><D17/><UN n2="%E3%82%A6%E3%83%AB%E3%83%88%E3%83%A9%E7%AB%8B%E7%9B%B4" /><U71/><E86/><V114/><F127/><W48/><G39/><N who="1" m="14858" /><E97/><V15/><F114/><W55/><G68/><N who="1" m="26218" /><E21/><V40/><F40/><W46/><G61/><T96/><D47/><U6/><E6/><V128/><F67/><W49/><G41/><T35/><D35/><U78/><E78/><V99/><F128/><W66/><G66/><T105/><D112/><U57/><E117/><V19/><F7/><W102/><G49/><T4/><D4/><U104/><E104/><V1/><F1/><W108/><G51/><T123/><D123/><U91/><E91/><V14/><F32/><W115/><G121/><T100/><D111/><U64/><E45/><V90/><F26/><W94/><G46/><T28/><D28/><U31/><E31/><V11/><F12/><W54/><G115/><T110/><D110/><U75/><E75/><V34/><F14/><W33/><G108/><T20/><D20/><U29/><E29/><V23/><F23/><W44/><G44/><T18/><D18/><U119/><E119/><V77/><F34/><W84/><G33/><T120/><D120/><U93/><E93/><V60/><F15/><W88/><G9/><T25/><D25/><U30/><E30/><V3/><F11/><W95/><G8/><T76/><D89/><U27/><E27/><V22/><F90/><W72/><G88/><T0/><D0/><U109/><E109/><V62/><F3/><W2/><G2/><T42/><D42/><U79/><E71/><V118/><F22/><W113/><G113/><RYUUKYOKU ba="0,0" sc="184,30,227,-10,173,-10,416,-10" hai0="74,76,83,96,100,101,105" /><INIT seed="4,1,0,4,2,100" ten="214,217,163,406" oya="0" hai0="119,37,23,52,101,110,4,5,124,98,112,76,36" hai1="57,43,68,32,54,58,19,9,49,28,1,31,114" hai2="14,61,0,3,84,117,33,94,17,87,56,102,111" hai3="51,26,27,104,70,24,86,64,126,7,55,125,116"/><T109/><D119/><U38/><E68/><V72/><F72/><W8/><G116/><T108/><D76/><U92/><E32/><V18/><F33/><W90/><G104/><T89/><D89/><U25/><E58/><V79/><F111/><W65/><G70/><T46/><D112/><U132/><E1/><V127/><F127/><N who="3" m="48651" /><G86/><T83/><D83/><U115/><E132/><V48/><F48/><W135/><G90/><T30/><D124/><U118/><E118/><V97/><F18/><W73/><G73/><T21/><D5/><U88/><E43/><V66/><F87/><W12/><G135/><T130/><D4/><U95/><E95/><V123/><F123/><W42/><G42/><T41/><D36/><U53/><E53/><V107/><F117/><W93/><G93/><T81/><D81/><U16/><E38/><V120/><F120/><W105/><G105/><N who="0" m="63671" /><D30/><U63/><E31/><V60/><F60/><W128/><G55/><T71/><D71/><U6/><E63/><V75/><F75/><W78/><G78/><T67/><D67/><U129/><E114/><V34/><F34/><W85/><G85/><T96/><D96/><N who="1" m="57351" /><E115/><V113/><F94/><W106/><G106/><T39/><D39/><U15/><E54/><V2/><F113/><W80/><G80/><T47/><D130/><U22/><E129/><V69/><F69/><W103/><G103/><T10/><D10/><U131/><E131/><V35/><F35/><W29/><G128/><T82/><D82/><U122/><E122/><V77/><F84/><W20/><G51/><AGARI ba="1,0" hai="21,23,37,41,46,47,51,52,108,109,110" m="63671" machi="51" ten="30,5800,0" yaku="10,1,52,1,54,1" doraHai="100" who="0" fromWho="3" sc="214,61,217,0,163,0,406,-61" /><INIT seed="4,2,0,3,0,91" ten="275,217,163,345" oya="0" hai0="98,115,88,76,69,11,112,18,55,70,38,45,93" hai1="74,25,132,107,3,60,67,9,35,121,54,71,118" hai2="61,109,5,87,63,43,83,113,56,36,31,17,102" hai3="19,84,58,12,53,22,34,47,128,1,90,59,8"/><T15/><D76/><U99/><E118/><V72/><F109/><W10/><G128/><T130/><D130/><U29/><E54/><V44/><F113/><N who="0" m="43594" /><D55/><U73/><E132/><V49/><F72/><W77/><G34/><T120/><D120/><U26/><E26/><V126/><F126/><W64/><G1/><T30/><D30/><U23/><E23/><V68/><F5/><W134/><G77/><T104/><D104/><U101/><E121/><V46/><F31/><W123/><G123/><T108/><D108/><U39/><E39/><V85/><F102/><W110/><G110/><T127/><D127/><U28/><E28/><V16/><F87/><W100/><G134/><T24/><D24/><U79/><E79/><V122/><F122/><W97/><G64/><T111/><D111/><U117/><E117/><V33/><F33/><W105/><G47/><T65/><D65/><U37/><E37/><V21/><F46/><W27/><G53/><T80/><D80/><U4/><AGARI ba="2,0" hai="3,4,9,25,29,35,60,67,71,73,74,99,101,107" machi="4" ten="30,12000,2" yaku="0,1,25,2,33,3" doraHai="91" who="1" fromWho="1" sc="275,-62,217,126,163,-32,345,-32" /><INIT seed="5,0,0,5,0,18" ten="213,343,131,313" oya="1" hai0="81,124,125,66,46,19,11,32,56,40,6,3,63" hai1="89,71,64,119,22,36,31,88,134,112,72,92,126" hai2="28,117,49,100,67,77,21,53,108,60,58,132,98" hai3="26,51,85,106,45,12,5,27,44,39,37,4,65"/><U78/><E119/><V34/><F117/><W23/><G106/><T76/><D32/><U0/><E112/><V113/><F113/><W70/><G70/><T103/><D103/><U122/><E122/><V13/><F108/><W54/><G65/><T105/><D19/><U73/><E126/><V8/><F132/><W38/><G44/><T129/><D105/><U1/><E36/><V84/><F34/><W102/><G102/><T25/><D25/><U83/><E73/><V35/><F35/><W74/><G74/><N who="0" m="43159" /><D129/><U86/><E134/><V99/><F84/><W110/><G110/><T47/><D47/><U116/><E116/><V104/><F77/><W95/><G27/><T7/><D7/><U10/><E10/><V69/><F99/><W16/><REACH who="3" step="1"/><G26/><REACH who="3" ten="213,343,131,303" step="2"/><T97/><D46/><U24/><REACH who="1" step="1"/><E89/><AGARI ba="0,1" hai="4,5,12,16,23,37,38,39,45,51,54,85,89,95" machi="89" ten="40,8000,1" yaku="1,1,2,1,52,1,54,1,53,1" doraHai="18" doraHaiUra="87" who="3" fromWho="1" sc="213,0,343,-80,131,0,303,90" /><INIT seed="6,0,0,3,0,117" ten="213,263,131,393" oya="2" hai0="67,17,122,27,64,111,132,127,81,11,34,130,8" hai1="18,0,14,35,68,63,131,129,40,41,59,31,94" hai2="51,106,71,3,2,91,105,70,113,28,30,121,96" hai3="92,62,37,26,89,103,78,47,107,65,4,6,100"/><V52/><F91/><W85/><G107/><N who="2" m="40969" /><F96/><W25/><G78/><T90/><D122/><U124/><E68/><N who="2" m="26155" /><F51/><W74/><G74/><T95/><D127/><U44/><E124/><V73/><F73/><W76/><G76/><T48/><D130/><U43/><E94/><V135/><F52/><W126/><G126/><T55/><D132/><U116/><E59/><V10/><F10/><N who="0" m="3626" /><D34/><U12/><E63/><V54/><F54/><W1/><G89/><T58/><D111/><U45/><E45/><V98/><F98/><W60/><G92/><T83/><D27/><U118/><E44/><V125/><F125/><W57/><G85/><N who="0" m="52687" /><D17/><U32/><E129/><V23/><F23/><W99/><G99/><T5/><D5/><U29/><E131/><V133/><F121/><W38/><G57/><T109/><D109/><U13/><E18/><V19/><F19/><W112/><G65/><AGARI ba="0,0" hai="48,55,58,64,65,67,81,83" m="52687,3626" machi="65" ten="30,1000,0" yaku="8,1" doraHai="117" who="0" fromWho="3" sc="213,10,263,0,131,0,393,-10" /><INIT seed="7,0,0,4,4,133" ten="223,263,131,383" oya="3" hai0="34,24,53,82,121,114,65,5,111,95,48,29,50" hai1="98,57,124,130,39,63,127,7,75,135,92,33,42" hai2="10,17,11,79,78,49,60,100,68,91,105,15,1" hai3="107,113,108,106,67,77,3,6,14,109,117,32,69"/><W13/><G117/><T80/><D111/><N who="3" m="42569" /><G77/><T26/><D121/><U88/><E135/><V103/><F1/><W119/><G32/><T66/><D5/><U46/><E130/><V31/><F68/><W120/><G119/><T8/><D8/><U85/><E33/><V61/><F105/><W116/><G116/><T44/><D114/><U37/><E75/><V23/><F49/><W81/><G81/><T104/><D104/><U12/><E98/><V25/><F91/><W101/><G120/><T52/><D66/><U110/><E110/><V27/><F15/><W94/><G94/><T19/><D65/><U131/><E131/><V47/><F23/><W22/><G22/><T93/><D19/><U30/><E30/><V18/><REACH who="2" step="1"/><F47/><REACH who="2" ten="223,263,121,383" step="2"/><W86/><G106/><T115/><D44/><U21/><E21/><V72/><F72/><W87/><G14/><T45/><D45/><U102/><E12/><V73/><F73/><W99/><G13/><T0/><D0/><U20/><E20/><V28/><AGARI ba="0,1" hai="10,11,17,18,25,27,28,31,60,61,78,79,100,103" machi="28" ten="25,12000,2" yaku="1,1,0,1,22,2,8,1,53,2" doraHai="133" doraHaiUra="56" who="2" fromWho="2" sc="223,-30,263,-30,121,130,383,-60" owari="193,-31.0,233,-17.0,251,5.0,323,43.0" /></mjloggm>