<mjloggm ver="2.3"><GO type="169" lobby="0"/><UN n0="%E3%83%AD%E3%83%BC%E3%83%89%E3%82%AB%E3%83%8A%E3%83%AD%E3%82%A2" n1="%74%61%74%73%75%37%30%32" n2="%E5%B0%B1%E6%B4%BB%E7%94%9F%40%E5%B7%9D%E6%9D%91%E8%BB%8D%E5%9B%A3" n3="%E6%9D%A5%E9%80%B1%E3%81%AE%E7%B3%B8%E4%BA%95" dan="16,16,17,16" rate="2039.97,2162.12,2192.80,2084.83" sx="M,M,M,M"/><TAIKYOKU oya="0"/><INIT seed="0,0,0,0,0,79" ten="250,250,250,250" oya="0" hai0="86,97,32,5,113,104,12,72,78,94,74,20,33" hai1="75,66,76,109,129,9,47,53,100,18,108,57,37" hai2="82,0,101,46,121,63,55,17,35,1,125,39,44" hai3="34,31,120,126,45,28,95,122,112,105,123,23,81"/><T91/><D113/><U14/><E129/><V111/><F35/><W84/><G105/><T7/><D7/><U96/><E66/><V131/><F121/><W80/><G112/><T4/><D4/><U36/><E47/><V110/><F101/><W52/><G34/><T26/><D12/><U29/><E29/><N who="3" m="11338" /><G126/><T60/><D5/><U64/><E64/><V41/><F131/><W65/><G65/><T40/><D40/><U70/><E70/><V69/><F125/><W114/><G114/><T16/><D60/><U135/><E135/><V93/><F93/><W99/><G23/><T116/><D116/><U22/><E22/><V10/><F17/><W2/><G2/><T3/><D3/><U106/><E76/><V13/><F13/><W117/><G84/><T43/><D43/><U61/><REACH who="1" step="1"/><E75/><REACH who="1" ten="250,240,250,250" step="2"/><V27/><F69/><W51/><G117/><T24/><D74/><U19/><E19/><V134/><F134/><W42/><G42/><T107/><D26/><U56/><E56/><V133/><F46/><W132/><G132/><T103/><REACH who="0" step="1"/><D107/><REACH who="0" ten="240,240,250,250" step="2"/><U38/><AGARI ba="0,2" hai="9,14,18,36,37,38,53,57,61,96,100,106,108,109" machi="38" ten="40,5200,0" yaku="1,1,0,1,53,1" doraHai="79" doraHaiUra="54" who="1" fromWho="1" sc="240,-26,240,72,250,-13,250,-13" /><INIT seed="1,0,0,5,4,124" ten="214,312,237,237" oya="1" hai0="29,14,88,126,58,37,22,104,6,77,41,40,47" hai1="109,112,11,44,96,82,30,31,134,98,38,46,79" hai2="66,74,65,17,102,71,13,72,1,108,59,68,20" hai3="118,83,105,87,0,131,34,103,23,10,81,55,75"/><U69/><E112/><V97/><F1/><W76/><G34/><T39/><D126/><U113/><E113/><V51/><F108/><W91/><G23/><T133/><D133/><U18/><E134/><V129/><F129/><W130/><G118/><T62/><D104/><U5/><E69/><V32/><F32/><W92/><G55/><T63/><D77/><U7/><E18/><V24/><F66/><W52/><G52/><T95/><D6/><U132/><E132/><V86/><F86/><N who="3" m="52343" /><G10/><T45/><D58/><U115/><E115/><V21/><F68/><W26/><G26/><T25/><REACH who="0" step="1"/><D14/><REACH who="0" ten="204,312,237,237" step="2"/><U116/><E5/><V16/><F71/><W122/><G0/><T15/><D15/><U42/><E46/><V120/><F120/><W73/><G122/><T9/><D9/><U135/><E135/><V35/><F35/><W70/><G70/><T121/><D121/><U119/><E119/><V85/><F72/><N who="3" m="27723" /><G83/><T99/><AGARI ba="0,1" hai="22,25,29,37,39,40,41,45,47,62,63,88,95,99" machi="99" ten="20,8000,1" yaku="1,1,0,1,7,1,9,1,54,1,53,0" doraHai="124" doraHaiUra="8" who="0" fromWho="0" sc="204,90,312,-40,237,-20,237,-20" /><INIT seed="2,0,0,0,5,14" ten="294,272,217,217" oya="2" hai0="119,112,120,39,49,5,27,58,78,16,90,107,123" hai1="82,42,134,34,28,91,72,30,85,109,32,45,57" hai2="33,77,94,18,121,111,117,135,81,50,116,75,47" hai3="56,40,113,53,25,115,122,64,20,131,106,35,133"/><V73/><F121/><W128/><G35/><T21/><D112/><N who="3" m="43081" /><G106/><T83/><D39/><U62/><E109/><V44/><F33/><W7/><G7/><T19/><D119/><U4/><E134/><V76/><F111/><W52/><G40/><T10/><D107/><U2/><E72/><V0/><F0/><W37/><G37/><T9/><D90/><U46/><E46/><V59/><F135/><W13/><G13/><T67/><D19/><U1/><E34/><V11/><F59/><W118/><G118/><T86/><D10/><U130/><E130/><N who="3" m="49706" /><G133/><T92/><D92/><U22/><E32/><V99/><F76/><W97/><G97/><T98/><D98/><U114/><E1/><V51/><F75/><W84/><G84/><T125/><D125/><U60/><E2/><V105/><F105/><W93/><G93/><T54/><REACH who="0" step="1"/><D67/><REACH who="0" ten="284,272,217,217" step="2"/><N who="1" m="39311" /><E114/><V102/><F116/><W12/><G122/><T38/><D38/><U48/><E4/><V66/><F66/><W88/><G88/><T26/><D26/><N who="1" m="16471" /><E30/><V100/><F117/><W124/><G124/><T104/><D104/><U71/><E91/><V108/><F108/><W80/><G80/><T132/><D132/><U15/><E82/><V3/><F102/><W6/><G25/><T87/><D87/><U70/><E85/><V69/><F3/><AGARI ba="0,1" hai="3,5,9,16,21,27,49,54,58,78,83,86,120,123" machi="3" ten="30,7700,0" yaku="1,1,7,1,52,1,54,1,53,0" doraHai="14" doraHaiUra="36" who="0" fromWho="2" sc="284,87,272,0,217,-77,217,0" /><INIT seed="3,0,0,0,4,26" ten="371,272,140,217" oya="3" hai0="4,98,69,41,97,17,93,42,99,28,113,39,31" hai1="122,6,67,43,30,105,54,60,121,83,116,49,53" hai2="74,94,130,7,109,126,92,72,13,59,128,5,76" hai3="35,55,101,119,48,36,51,50,2,58,14,38,33"/><W102/><G2/><T79/><D69/><U32/><E105/><V47/><F47/><W114/><G114/><T84/><D113/><U56/><E6/><N who="2" m="2059" /><F76/><W8/><G119/><T11/><D17/><U131/><E116/><V96/><F96/><W29/><G38/><T118/><D118/><U12/><E12/><V10/><F59/><W0/><G0/><T68/><D68/><U80/><E131/><N who="2" m="50219" /><F109/><W46/><G36/><T88/><D79/><U123/><E43/><N who="0" m="16393" /><D39/><U25/><REACH who="1" step="1"/><E54/><REACH who="1" ten="371,262,140,217" step="2"/><V21/><F126/><W40/><G14/><AGARI ba="0,1" hai="4,11,14,28,31,84,88,93,97,98,99" m="16393" machi="14" ten="30,7700,0" yaku="8,1,52,2,54,1" doraHai="26" who="0" fromWho="3" sc="371,87,262,0,140,0,217,-77" /><INIT seed="4,0,0,2,1,132" ten="458,262,140,140" oya="0" hai0="121,42,101,32,49,64,88,37,41,61,13,67,123" hai1="35,24,81,28,70,115,54,102,97,134,48,34,75" hai2="89,27,7,3,99,119,83,94,16,96,128,78,2" hai3="72,30,86,56,5,0,71,19,92,73,109,85,129"/><T127/><D32/><U122/><E115/><V25/><F119/><W124/><G71/><T112/><D112/><U18/><E134/><V36/><F128/><W100/><G109/><T133/><D133/><U116/><E122/><V103/><F36/><W14/><G73/><T107/><D13/><U21/><E70/><V125/><F125/><W43/><G72/><T69/><D127/><U55/><E116/><V4/><F3/><W39/><G39/><T68/><D88/><U110/><E110/><V31/><F2/><W66/><G43/><N who="0" m="16395" /><D101/><U15/><E35/><V106/><F25/><W95/><G0/><T80/><D80/><U57/><E54/><V46/><F46/><W114/><G114/><T8/><D8/><U23/><E34/><V126/><F126/><W105/><G100/><T91/><D91/><U10/><E75/><V59/><F59/><W47/><G56/><N who="0" m="36903" /><D37/><U84/><E10/><V20/><REACH who="2" step="1"/><F31/><REACH who="2" ten="458,262,130,140" step="2"/><W104/><G30/><T50/><D69/><U11/><E24/><V117/><F117/><W130/><G124/><T108/><D108/><U60/><E28/><V120/><F120/><W77/><G130/><T53/><D123/><U93/><REACH who="1" step="1"/><E60/><REACH who="1" ten="458,252,130,140" step="2"/><V113/><F113/><W82/><G129/><T74/><D121/><U52/><E52/><V44/><F44/><W98/><G47/><T87/><D53/><U45/><E45/><V118/><F118/><W38/><G38/><T29/><D68/><U6/><E6/><V51/><F51/><W40/><G5/><T135/><D29/><U63/><E63/><V26/><F26/><W9/><G40/><RYUUKYOKU ba="0,2" sc="458,-15,252,15,130,15,140,-15" hai1="11,15,18,21,23,48,55,57,81,84,93,97,102" hai2="4,7,16,20,27,78,83,89,94,96,99,103,106" /><INIT seed="5,1,2,1,3,61" ten="443,267,145,125" oya="1" hai0="77,74,54,39,90,104,27,13,132,41,97,7,64" hai1="15,108,112,114,50,110,122,71,68,69,31,30,124" hai2="45,6,82,126,0,86,100,53,85,93,42,73,116" hai3="103,81,26,19,52,65,47,127,76,56,59,5,67"/><U75/><E75/><V106/><F116/><W70/><G70/><T22/><D64/><N who="3" m="24649" /><G127/><T135/><D54/><U14/><E50/><V8/><F126/><W129/><G129/><T28/><D77/><U95/><E95/><V87/><F106/><W36/><G36/><T92/><D74/><U88/><E124/><V40/><F53/><W32/><G32/><T29/><D104/><U24/><E24/><V111/><F111/><N who="1" m="42537" /><E88/><N who="2" m="53391" /><F42/><W113/><G113/><N who="1" m="43626" /><E122/><V55/><F55/><W17/><G103/><T34/><D39/><U107/><E107/><V115/><F100/><W57/><G5/><T10/><D41/><U66/><E66/><V4/><F4/><W11/><G26/><T133/><D34/><U89/><E89/><V79/><F115/><W12/><G19/><AGARI ba="1,2" hai="7,10,13,19,22,27,28,29,90,92,97,132,133,135" machi="19" ten="40,1300,0" yaku="20,1" doraHai="61" who="0" fromWho="3" sc="443,36,267,0,145,0,125,-16" /><INIT seed="6,0,0,0,3,57" ten="479,267,145,109" oya="2" hai0="112,85,17,55,28,26,53,119,130,73,92,70,29" hai1="34,128,123,12,52,35,7,133,30,0,126,103,32" hai2="61,98,135,117,91,65,43,31,76,106,108,41,39" hai3="127,104,46,37,4,99,71,75,68,97,10,114,13"/><V120/><F117/><W124/><G75/><T48/><D73/><U1/><E52/><V100/><F120/><W23/><G23/><T111/><D111/><U113/><E103/><V45/><F108/><W125/><G114/><T8/><D70/><U44/><E44/><V89/><F135/><W83/><G83/><T42/><D42/><U66/><E66/><V50/><F76/><W21/><G21/><T19/><D8/><N who="1" m="4127" /><E113/><V67/><F67/><W16/><G4/><T9/><D119/><U40/><E40/><V86/><F31/><W24/><G24/><T115/><D29/><U109/><E109/><V51/><F43/><N who="3" m="22895" /><G104/><T59/><D130/><U36/><E36/><V64/><F64/><W27/><G27/><T131/><D26/><N who="1" m="18519" /><E128/><V78/><F78/><W132/><G132/><T102/><D131/><U90/><E90/><V18/><F18/><W88/><G99/><T6/><D17/><U122/><E126/><N who="3" m="32258" /><W107/><DORA hai="56" /><G107/><T33/><D115/><U105/><E105/><V20/><F20/><W14/><G14/><T60/><D19/><U74/><E74/><V116/><F116/><W93/><AGARI ba="0,0" hai="10,13,16,68,71,88,93,97" m="32258,22895" machi="93" ten="40,5200,0" yaku="18,1,54,2" doraHai="57,56" who="3" fromWho="3" sc="479,-13,267,-13,145,-26,109,52" /><INIT seed="7,0,0,2,5,40" ten="466,254,119,161" oya="3" hai0="116,54,130,98,13,23,125,53,69,66,79,31,80" hai1="119,22,126,2,135,15,10,122,120,48,33,39,0" hai2="106,68,26,132,52,21,90,41,29,70,36,97,63" hai3="112,129,73,82,87,111,127,30,75,51,109,56,134"/><W101/><G112/><T4/><D116/><U55/><E39/><V85/><F132/><W93/><G30/><T91/><D66/><U44/><E135/><V50/><F106/><W59/><G134/><T5/><D69/><U88/><E33/><V86/><F97/><N who="3" m="59567" /><G51/><T8/><D5/><U121/><E119/><V105/><F105/><W42/><G42/><T46/><D130/><U64/><E64/><V131/><F131/><W117/><G129/><T17/><D31/><U77/><E77/><V92/><F85/><W6/><G6/><T113/><D46/><U12/><E22/><V45/><REACH who="2" step="1"/><F63/><REACH who="2" ten="466,254,109,161" step="2"/><W34/><G117/><T84/><D91/><U78/><E78/><V32/><F32/><W49/><G34/><T3/><D54/><U62/><E62/><V83/><F83/><W35/><G35/><T89/><D53/><U37/><E55/><V25/><F25/><W104/><G104/><T133/><D133/><U94/><E122/><V14/><F14/><W107/><G107/><T58/><D113/><U74/><E15/><V27/><F27/><W110/><G75/><T100/><D58/><AGARI ba="0,1" hai="21,26,29,36,41,45,50,52,58,68,70,86,90,92" machi="58" ten="30,7700,0" yaku="1,1,7,1,52,1,54,1,53,0" doraHai="40" doraHaiUra="7" who="2" fromWho="0" sc="466,-77,254,0,109,87,161,0" owari="389,49.0,254,5.0,196,-20.0,161,-34.0" /></mjloggm>