<mjloggm ver="2.3"><GO type="169" lobby="0"/><UN n0="%E3%82%A6%E3%83%AB%E3%83%88%E3%83%A9%E7%AB%8B%E7%9B%B4" n1="%E6%98%9F%E9%99%8D%E3%82%8B%E8%A1%97" n2="%6D%61%73%61%73%69%6F" n3="%44%6F%72%61%6B%6F" dan="16,17,16,16" rate="2144.73,2178.81,2103.06,2041.20" sx="M,F,M,F"/><TAIKYOKU oya="0"/><INIT seed="0,0,0,3,0,8" ten="250,250,250,250" oya="0" hai0="39,18,64,27,80,133,134,89,130,33,110,85,25" hai1="59,43,97,14,26,79,122,128,73,106,120,94,93" hai2="108,13,53,45,56,126,23,119,21,95,92,22,50" hai3="30,125,96,82,81,112,62,61,60,118,101,100,90"/><T86/><D39/><U111/><E128/><V35/><F35/><W38/><G38/><T105/><D105/><U72/><E43/><V87/><F108/><W76/><G112/><T41/><D41/><U115/><E26/><V46/><F126/><W74/><G125/><T114/><D114/><U107/><E115/><V129/><F129/><W15/><G118/><T37/><D37/><U91/><E59/><V28/><F119/><W1/><G1/><T131/><D110/><U54/><E54/><V20/><F28/><W121/><G121/><N who="1" m="46698" /><E14/><V16/><F95/><W7/><G30/><T135/><D33/><U55/><E55/><V98/><REACH who="2" step="1"/><F87/><REACH who="2" ten="250,250,240,250" step="2"/><W77/><G74/><T48/><D86/><N who="1" m="52471" /><E111/><V75/><F75/><N who="1" m="28745" /><E79/><V17/><F17/><W84/><G77/><T9/><D131/><U52/><E52/><V5/><F5/><W12/><G7/><T103/><D130/><U49/><E49/><V44/><F44/><W11/><G76/><T104/><D48/><U36/><E36/><V2/><F2/><W123/><G123/><T67/><D134/><U6/><E6/><V71/><F71/><W65/><G65/><T68/><D67/><U19/><E19/><V4/><F4/><W78/><G78/><T51/><D51/><U40/><E40/><V29/><F29/><W34/><G34/><T83/><D64/><U42/><E42/><V127/><F127/><W69/><G69/><T66/><D66/><U57/><E57/><V99/><F99/><W132/><G96/><N who="0" m="61543" /><D68/><U63/><E63/><V116/><F116/><W32/><G62/><T0/><D18/><RYUUKYOKU ba="0,1" sc="250,-15,250,15,240,15,250,-15" hai1="94,97,106,107" hai2="13,16,20,21,22,23,45,46,50,53,56,92,98" /><INIT seed="1,1,1,1,3,20" ten="235,265,255,235" oya="1" hai0="63,98,129,15,69,17,0,83,24,128,41,45,56" hai1="131,46,121,27,86,8,81,7,29,115,21,55,84" hai2="132,61,28,32,89,72,100,114,133,5,127,118,122" hai3="111,74,14,107,112,68,97,70,125,124,26,90,80"/><U88/><E121/><V108/><F5/><W93/><G112/><T38/><D0/><U10/><E115/><V12/><F89/><W49/><G111/><T43/><D43/><U6/><E131/><N who="0" m="50249" /><D83/><U33/><E33/><V105/><F61/><W117/><G117/><T2/><D2/><U23/><E23/><V47/><F47/><W4/><G49/><T51/><D98/><U82/><E55/><V99/><F12/><W31/><G107/><T50/><D69/><U35/><E46/><V16/><F114/><W65/><G65/><N who="0" m="39143" /><D24/><U106/><E35/><V40/><F99/><W42/><G42/><T95/><D95/><U87/><E106/><V130/><F32/><W120/><G120/><T37/><D37/><U59/><E59/><V123/><F105/><W96/><G96/><T19/><D19/><U94/><E7/><V66/><F40/><W22/><G80/><N who="1" m="30826" /><E6/><V62/><F123/><W101/><G74/><T71/><D71/><U135/><E135/><V77/><F72/><W103/><G70/><T25/><D25/><U60/><E60/><V18/><F62/><W57/><G68/><T48/><D38/><U76/><E76/><V39/><F77/><W104/><G104/><T64/><D64/><U92/><E94/><V54/><F66/><W9/><REACH who="3" step="1"/><G57/><REACH who="3" ten="235,265,255,225" step="2"/><T67/><D67/><U30/><E30/><V110/><F28/><W116/><G116/><T109/><D109/><U58/><E58/><V79/><F118/><W1/><G1/><T85/><D85/><AGARI ba="1,2" hai="8,10,21,27,29,84,85,86,87,88,92" m="30826" machi="85" ten="30,5800,0" yaku="8,1,52,1,54,1" doraHai="20" who="1" fromWho="0" sc="235,-61,265,81,255,0,225,0" /><INIT seed="1,2,0,1,1,123" ten="174,346,255,225" oya="1" hai0="55,109,115,46,97,33,40,63,4,56,79,87,78" hai1="67,0,3,28,17,31,88,81,95,42,27,11,66" hai2="19,69,37,68,50,58,98,43,71,94,49,82,10" hai3="135,84,2,21,117,7,92,120,45,104,65,90,122"/><U12/><E42/><V61/><F82/><W44/><G135/><T102/><D33/><U70/><E70/><V126/><F126/><W13/><G104/><T86/><D115/><U23/><E81/><V20/><F10/><W34/><G34/><T8/><D79/><U107/><E107/><V14/><F37/><W118/><G65/><N who="1" m="24586" /><E0/><V124/><F124/><W18/><G2/><T119/><D119/><N who="3" m="45577" /><G7/><T41/><D109/><U75/><E3/><V52/><REACH who="2" step="1"/><F43/><REACH who="2" ten="174,346,245,225" step="2"/><W74/><G74/><T30/><D41/><U91/><E75/><V116/><F116/><W39/><G39/><T113/><D113/><U125/><E125/><V9/><F9/><W129/><G129/><T127/><D127/><U73/><E73/><V57/><F57/><W60/><G60/><T128/><D128/><U106/><E106/><V5/><F5/><W1/><G1/><T96/><D8/><U89/><E95/><V114/><F114/><W130/><G130/><T47/><D4/><AGARI ba="2,1" hai="4,11,12,17,23,27,28,31,88,89,91" m="24586" machi="4" ten="30,2900,0" yaku="8,1,54,1" doraHai="123" who="1" fromWho="0" sc="174,-35,346,45,245,0,225,0" /><INIT seed="1,3,0,2,4,17" ten="139,391,245,225" oya="1" hai0="85,129,122,104,21,74,109,78,89,93,59,111,94" hai1="16,1,60,110,31,128,48,45,90,82,40,43,106" hai2="35,8,24,116,92,132,4,28,19,26,117,71,34" hai3="69,98,66,95,127,134,58,105,100,107,12,115,29"/><U76/><E106/><V22/><F71/><W39/><G115/><T38/><D38/><U32/><E1/><V9/><F92/><W87/><G39/><T121/><D59/><U88/><E128/><V56/><F56/><W72/><G69/><T83/><D21/><U63/><E110/><N who="0" m="41993" /><D129/><U7/><E7/><V81/><F81/><W102/><G66/><T3/><D3/><U47/><E31/><N who="2" m="19943" /><F132/><W131/><G58/><T13/><D13/><U70/><E32/><V97/><F97/><W119/><G12/><T91/><D104/><U65/><E63/><V44/><F44/><W77/><G29/><T0/><D0/><U108/><E108/><V114/><F114/><W96/><G119/><N who="2" m="45641" /><F4/><W73/><G127/><T50/><D50/><U25/><E45/><V10/><F34/><W123/><G123/><N who="0" m="47115" /><D91/><U52/><E90/><V51/><F51/><W23/><G131/><T53/><D53/><U11/><E88/><V46/><F46/><W42/><G134/><T113/><D113/><U14/><REACH who="1" step="1"/><E25/><REACH who="1" ten="139,381,245,225" step="2"/><V86/><F86/><AGARI ba="3,1" hai="11,14,16,40,43,47,48,52,60,65,70,76,82,86" machi="86" ten="30,18000,2" yaku="1,1,2,1,7,1,54,2,53,1" doraHai="17" doraHaiUra="79" who="1" fromWho="2" sc="139,0,381,199,245,-189,225,0" /><INIT seed="1,4,0,1,2,86" ten="139,580,56,225" oya="1" hai0="101,33,48,117,8,69,81,127,121,77,59,99,32" hai1="42,64,132,54,20,58,19,106,3,10,124,12,6" hai2="23,5,66,92,104,63,123,97,105,52,130,82,134" hai3="102,118,109,62,100,90,85,113,40,17,131,47,119"/><U51/><E106/><V88/><F123/><W111/><G17/><T129/><D69/><U94/><E132/><V0/><F134/><W53/><G62/><T103/><D117/><N who="3" m="44553" /><G53/><T13/><D127/><U80/><E124/><V76/><F130/><W125/><G125/><T44/><D129/><U74/><E42/><V34/><F34/><W45/><G131/><T15/><D59/><U96/><E64/><V83/><F23/><W72/><G47/><T26/><D103/><N who="3" m="39465" /><G113/><T9/><D26/><U122/><E122/><V65/><F52/><W38/><G72/><T39/><D39/><U93/><REACH who="1" step="1"/><E96/><REACH who="1" ten="139,570,56,225" step="2"/><V78/><F65/><W108/><G108/><T18/><D99/><U120/><E120/><V1/><F105/><W91/><G91/><T41/><D121/><U27/><E27/><V37/><F104/><W4/><G4/><T28/><D101/><U110/><E110/><V87/><F5/><W70/><G70/><T25/><D25/><U89/><E89/><V116/><F116/><W22/><G111/><T68/><D41/><U115/><E115/><V57/><REACH who="2" step="1"/><F37/><REACH who="2" ten="139,570,46,225" step="2"/><W79/><G109/><T98/><D68/><U2/><E2/><V73/><AGARI ba="4,2" hai="0,1,57,63,66,73,76,78,82,83,87,88,92,97" machi="73" ten="20,12000,2" yaku="1,1,2,1,0,1,7,1,52,1,54,1,53,0" doraHai="86" doraHaiUra="31" who="2" fromWho="2" sc="139,-34,570,-64,46,152,225,-34" /><INIT seed="2,0,0,0,4,112" ten="105,506,198,191" oya="2" hai0="28,21,29,89,118,39,57,109,124,42,15,18,5" hai1="78,120,131,114,69,9,59,130,107,37,2,33,6" hai2="44,79,132,36,38,68,52,117,20,35,104,80,75" hai3="83,73,40,90,94,98,58,50,103,81,121,108,96"/><V3/><F117/><W41/><G108/><T12/><D39/><U85/><E69/><V84/><F35/><W105/><G121/><T74/><D42/><U77/><E107/><V61/><F132/><W19/><G19/><N who="0" m="10471" /><D74/><U99/><E37/><V115/><F115/><W24/><G24/><T102/><D102/><U92/><E33/><V10/><F104/><W97/><G58/><T63/><D89/><U119/><E119/><V126/><F126/><W31/><G31/><N who="0" m="11851" /><D57/><U123/><E59/><N who="2" m="35047" /><F68/><W55/><G55/><T48/><D48/><U34/><E34/><V134/><F134/><W101/><G50/><T65/><D63/><U45/><E114/><V1/><F38/><W22/><G22/><N who="0" m="11615" /><D65/><U127/><E127/><V95/><F20/><W53/><G53/><T32/><D124/><U110/><E110/><V0/><F95/><N who="3" m="56439" /><G40/><T106/><D106/><U51/><E120/><V46/><F46/><W47/><G47/><T135/><D109/><U11/><E123/><V111/><F84/><W13/><G13/><T23/><D135/><U71/><E85/><V62/><F62/><W64/><G64/><T8/><D118/><U25/><E71/><V66/><F66/><W4/><G4/><T88/><D32/><U122/><E122/><V14/><F111/><W91/><G41/><T17/><D88/><N who="1" m="55687" /><E45/><V27/><F44/><W76/><G83/><T54/><D54/><U72/><E51/><V56/><F36/><W7/><G7/><T129/><D129/><U93/><E131/><V43/><F43/><W82/><G82/><T100/><D5/><U26/><E130/><RYUUKYOKU ba="0,0" sc="105,-10,506,-10,198,-10,191,30" hai3="73,76,81,91,94,97,98,101,103,105" /><INIT seed="3,1,0,0,4,112" ten="95,496,188,221" oya="3" hai0="31,27,56,72,85,130,133,54,17,41,26,47,24" hai1="46,101,73,8,4,49,95,10,5,15,44,48,0" hai2="82,67,16,131,34,114,32,79,106,107,11,13,98" hai3="128,75,121,20,120,40,21,76,102,108,74,69,132"/><W64/><G128/><T12/><D72/><U50/><REACH who="1" step="1"/><E73/><REACH who="1" ten="95,486,188,221" step="2"/><V1/><F131/><W125/><G75/><T39/><D130/><U113/><E113/><V51/><F114/><W63/><G132/><T80/><D133/><U97/><AGARI ba="1,1" hai="0,4,5,8,10,15,44,46,48,49,50,95,97,101" machi="97" ten="30,7900,0" yaku="21,2,0,1,53,1" doraHai="112" doraHaiUra="92" who="1" fromWho="1" sc="95,-21,486,92,188,-21,221,-40" /><INIT seed="4,0,0,0,0,71" ten="74,578,167,181" oya="0" hai0="135,0,3,131,26,80,11,99,119,66,108,13,94" hai1="21,133,88,60,27,64,100,50,73,47,30,105,87" hai2="83,28,125,7,5,98,96,101,14,103,32,34,67" hai3="36,69,126,15,70,117,75,52,79,132,102,10,97"/><T43/><D119/><U120/><E73/><V33/><F125/><W115/><G117/><T104/><D104/><U20/><E120/><V49/><F28/><W22/><G115/><T29/><D131/><U16/><E133/><V107/><F67/><W25/><G126/><T90/><D135/><U51/><E100/><V118/><F118/><W6/><G132/><T128/><D128/><U122/><E105/><V55/><F83/><W48/><G36/><T110/><D66/><U61/><E122/><V62/><F62/><N who="1" m="24169" /><E47/><V116/><F14/><W58/><G79/><T86/><D43/><U134/><E64/><V18/><F18/><W31/><REACH who="3" step="1"/><G75/><REACH who="3" ten="74,578,167,171" step="2"/><T2/><D110/><U81/><E134/><V40/><F116/><W68/><G68/><T112/><D108/><U57/><E57/><V41/><F107/><AGARI ba="0,1" hai="6,10,15,22,25,31,48,52,58,69,70,97,102,107" machi="107" ten="30,3900,0" yaku="1,1,7,1,54,1,53,0" doraHai="71" doraHaiUra="77" who="3" fromWho="2" sc="74,0,578,0,167,-39,171,49" /><INIT seed="5,0,0,2,2,5" ten="74,578,128,220" oya="1" hai0="53,21,94,77,47,64,4,25,75,120,129,115,116" hai1="83,48,39,102,73,29,8,105,85,100,98,0,82" hai2="89,112,103,37,91,132,36,95,127,88,117,17,87" hai3="1,68,22,84,45,3,51,70,26,86,124,58,7"/><U27/><E39/><V74/><F117/><W42/><G124/><T55/><D116/><U66/><E66/><V28/><F127/><W54/><G1/><T59/><D115/><U135/><E135/><V65/><F132/><W119/><G119/><T67/><D129/><U93/><E73/><V15/><F112/><W2/><G2/><T61/><D120/><U131/><E131/><V133/><F133/><W13/><G3/><T9/><D75/><U90/><E100/><V34/><F74/><W60/><G68/><T24/><D77/><U110/><E110/><V79/><F65/><W43/><G43/><T118/><D118/><U11/><E48/><V81/><F28/><W97/><G97/><T57/><D94/><U62/><E62/><V130/><F34/><W30/><G70/><T49/><D47/><U108/><E108/><V19/><F19/><W126/><G126/><T78/><D78/><U128/><E128/><V104/><F104/><W109/><G109/><T33/><D33/><U16/><E0/><V63/><F63/><W121/><G121/><T14/><REACH who="0" step="1"/><D25/><REACH who="0" ten="64,578,128,220" step="2"/><U6/><E83/><V12/><F130/><W92/><G92/><T50/><D50/><U80/><E82/><V101/><F37/><W56/><G45/><T107/><D107/><U113/><E80/><V114/><F36/><W18/><G26/><T23/><D23/><N who="1" m="15615" /><E113/><V122/><F114/><W76/><G22/><T69/><D69/><U96/><E105/><V111/><F111/><W40/><G76/><T106/><D106/><U31/><E93/><V71/><F71/><W32/><G51/><RYUUKYOKU ba="0,1" sc="64,30,578,-10,128,-10,220,-10" hai0="4,9,14,21,24,49,53,55,57,59,61,64,67" /><INIT seed="6,1,1,5,0,132" ten="94,568,118,210" oya="2" hai0="26,28,18,7,86,69,83,65,68,32,21,123,43" hai1="71,62,94,59,13,48,75,105,120,110,3,36,66" hai2="121,10,67,109,12,15,124,100,102,46,14,112,72" hai3="54,91,125,53,96,40,34,9,31,64,116,134,41"/><V19/><F121/><W87/><G116/><T2/><D123/><U8/><E3/><V45/><F72/><W57/><G134/><T52/><D43/><U126/><E75/><V24/><F109/><W77/><G77/><T122/><D122/><U118/><E105/><V22/><F112/><W99/><G34/><T47/><D65/><U44/><E118/><V56/><F124/><W37/><G31/><T81/><D81/><U16/><E110/><V6/><F67/><W58/><G125/><T106/><D106/><U50/><E120/><V93/><F56/><W25/><G37/><T61/><D7/><U60/><E126/><V135/><F135/><W108/><G108/><T42/><D2/><U63/><E63/><V70/><F70/><W97/><G9/><T98/><D98/><U103/><E103/><N who="2" m="39467" /><F93/><N who="3" m="54527" /><G25/><T92/><D92/><U115/><E94/><V51/><F45/><W95/><G95/><T23/><D32/><U20/><E115/><V4/><F10/><W107/><G64/><T1/><D1/><U117/><E117/><V84/><F84/><W79/><G79/><N who="0" m="46463" /><D69/><U78/><E78/><V114/><F114/><W27/><G107/><T128/><D68/><U5/><E44/><V82/><F82/><W80/><G80/><T127/><D127/><U30/><E36/><V131/><F131/><W89/><G89/><T0/><D128/><U104/><E104/><V39/><F39/><W90/><G90/><T11/><D0/><U85/><E85/><V130/><F130/><W74/><G74/><T49/><D11/><U133/><E133/><V113/><F113/><RYUUKYOKU ba="1,1" sc="94,-10,568,-10,118,30,210,-10" hai2="4,6,12,14,15,19,22,24,46,51" /><INIT seed="6,2,1,4,2,29" ten="84,558,148,200" oya="2" hai0="47,1,39,40,26,41,92,23,104,46,36,25,110" hai1="52,59,99,90,22,50,14,121,114,37,84,115,87" hai2="112,101,24,60,27,120,31,134,30,65,77,49,10" hai3="81,96,67,45,124,75,98,28,117,97,71,80,18"/><V85/><F120/><W38/><G117/><T0/><D104/><U73/><E37/><V61/><F134/><W6/><G124/><T123/><D123/><U57/><E73/><V107/><F112/><W78/><G80/><T62/><D62/><U119/><E119/><V89/><F77/><W15/><G6/><T16/><D110/><U8/><E121/><V106/><F49/><W95/><G28/><T70/><D70/><U32/><E32/><V35/><F10/><W51/><G38/><T113/><D113/><U125/><E125/><V129/><F129/><W105/><G105/><T74/><D74/><U63/><E22/><V44/><F44/><W55/><G67/><T19/><D92/><N who="1" m="56727" /><E115/><V111/><F111/><W82/><G82/><T64/><D64/><N who="1" m="39023" /><E114/><V20/><F101/><W83/><G83/><T11/><D11/><U12/><E12/><V109/><F61/><W43/><G71/><T86/><D86/><U108/><E108/><V94/><REACH who="2" step="1"/><F109/><REACH who="2" ten="84,558,138,200" step="2"/><W21/><G43/><T48/><D48/><U126/><E126/><V53/><F53/><W54/><G55/><T76/><D76/><U33/><E50/><V2/><F2/><W102/><AGARI ba="2,2" hai="15,18,21,45,51,54,75,78,81,95,96,97,98,102" machi="102" ten="20,1500,0" yaku="0,1,7,1" doraHai="29" who="3" fromWho="3" sc="84,-6,558,-6,138,-9,200,41" /><INIT seed="7,0,0,4,5,7" ten="78,552,129,241" oya="3" hai0="34,78,8,64,29,75,32,21,129,118,19,71,76" hai1="88,123,38,106,47,28,90,124,94,23,4,111,44" hai2="105,95,27,86,24,113,97,134,98,42,84,61,82" hai3="63,59,13,101,114,83,20,102,126,60,135,77,17"/><W112/><G126/><T2/><D64/><U107/><E111/><V30/><F113/><N who="3" m="43627" /><G135/><T49/><D71/><U69/><E69/><V31/><F134/><W100/><G59/><T62/><D62/><U52/><E123/><V74/><F74/><AGARI ba="0,0" hai="13,17,20,60,63,74,77,83,100,101,102" m="43627" machi="74" ten="30,1500,0" yaku="15,1" doraHai="7" who="3" fromWho="2" sc="78,0,552,0,129,-15,241,15" /><INIT seed="7,1,0,3,2,16" ten="78,552,114,256" oya="3" hai0="98,20,76,128,132,62,92,19,102,25,107,43,104" hai1="13,84,54,5,31,125,50,1,26,80,24,74,33" hai2="83,71,29,101,56,90,109,105,39,135,95,122,103" hai3="30,52,78,38,60,133,88,123,113,94,48,34,120"/><W14/><G38/><T93/><D128/><U35/><E74/><V67/><F71/><W81/><G113/><T85/><D132/><U114/><E1/><V0/><F0/><W72/><G133/><T4/><D43/><U121/><E114/><V130/><F109/><W45/><G60/><T82/><D4/><U42/><E42/><V129/><F135/><W28/><G34/><T115/><D115/><U66/><E66/><V49/><F39/><W77/><G77/><T44/><D44/><U32/><E26/><V97/><F122/><W116/><G116/><T15/><D62/><U68/><E68/><V108/><F108/><W64/><G64/><T3/><D3/><U69/><E69/><V41/><F29/><W47/><G47/><T134/><D134/><U18/><E5/><V58/><F83/><W73/><G73/><T79/><D79/><U127/><E121/><V63/><F103/><W22/><G120/><T96/><REACH who="0" step="1"/><D25/><REACH who="0" ten="68,552,114,256" step="2"/><U112/><E31/><V6/><F6/><W36/><G123/><T7/><D7/><U70/><E80/><V106/><F41/><W17/><G36/><T2/><D2/><U10/><E84/><AGARI ba="1,1" hai="14,17,22,28,30,45,48,52,72,78,81,84,88,94" machi="84" ten="30,11600,0" yaku="7,1,52,1,54,2" doraHai="16" who="3" fromWho="1" sc="68,0,552,-119,114,0,256,129" /><INIT seed="7,2,0,0,5,3" ten="68,433,114,385" oya="3" hai0="83,99,92,29,18,82,32,4,16,107,13,25,63" hai1="24,124,0,7,69,103,120,86,61,102,101,21,85" hai2="75,127,113,37,51,115,88,111,100,34,91,73,133" hai3="27,33,90,49,74,121,76,48,38,95,72,26,19"/><W87/><G121/><T77/><D107/><U78/><E120/><V118/><F37/><W129/><G129/><T79/><D63/><U14/><E0/><V45/><F34/><W42/><G74/><N who="2" m="28169" /><F118/><W130/><G130/><T9/><D82/><U22/><E124/><V5/><F5/><W23/><G72/><T66/><D66/><U8/><E78/><V117/><F117/><W28/><REACH who="3" step="1"/><G76/><REACH who="3" ten="68,433,114,375" step="2"/><T64/><D64/><U65/><REACH who="1" step="1"/><E21/><REACH who="1" ten="68,423,114,375" step="2"/><V46/><F113/><W12/><G12/><T60/><D79/><U116/><E116/><V43/><F115/><W125/><G125/><T106/><D106/><U89/><E89/><V108/><F88/><W67/><G67/><T80/><D77/><U6/><E6/><V93/><F91/><W2/><G2/><T52/><D4/><U119/><E119/><V123/><F127/><W110/><G110/><T68/><D68/><U20/><E20/><V109/><F123/><W57/><G57/><N who="0" m="34855" /><D32/><U81/><E81/><V35/><F35/><W40/><G40/><T59/><D59/><U97/><E97/><V135/><F109/><W105/><G105/><T98/><D98/><U84/><E84/><V56/><F56/><W131/><G131/><T132/><D83/><U47/><E47/><AGARI ba="2,2" hai="19,23,26,27,28,33,38,42,47,48,49,87,90,95" machi="47" ten="40,2000,0" yaku="1,1,53,0" doraHai="3" doraHaiUra="62" who="3" fromWho="1" sc="68,0,423,-26,114,0,375,46" owari="68,-43.0,397,20.0,114,-29.0,421,52.0" /></mjloggm>