<mjloggm ver="2.3"><GO type="169" lobby="0"/><UN n0="%E3%81%BE%E3%81%99%E3%81%8F%E3%81%AF%E3%81%8C%E3%81%97" n1="%E7%BE%BD%E6%9C%88%E8%8E%89%E9%9F%B3" n2="%E5%B0%B1%E6%B4%BB%E7%94%9F%40%E5%B7%9D%E6%9D%91%E8%BB%8D%E5%9B%A3" n3="%E6%9D%8E%E7%A9%8E%E8%97%8D" dan="17,17,18,18" rate="2120.31,2181.04,2213.05,2236.77" sx="M,M,M,M"/><TAIKYOKU oya="0"/><INIT seed="0,0,0,2,3,10" ten="250,250,250,250" oya="0" hai0="34,90,95,103,134,53,94,44,85,68,113,122,0" hai1="66,80,11,26,133,1,28,116,89,47,19,58,35" hai2="27,45,32,128,21,38,4,117,59,14,39,40,69" hai3="98,129,84,92,106,99,78,37,104,82,71,36,2"/><T42/><D122/><U29/><E116/><V73/><F69/><W83/><G71/><T88/><D0/><U125/><E125/><V8/><F73/><N who="3" m="43343" /><G37/><T31/><D134/><U96/><E133/><V111/><F111/><W121/><G36/><T130/><D130/><U120/><E120/><V135/><F128/><W56/><G56/><T12/><D113/><U119/><E119/><V115/><F115/><W81/><G2/><T13/><D103/><U63/><E47/><V9/><F135/><W72/><G129/><T124/><D124/><U97/><E29/><V7/><F32/><W76/><G121/><T23/><D34/><U30/><E30/><V16/><F117/><W67/><G67/><T57/><D68/><U126/><E126/><V79/><F79/><N who="3" m="44263" /><G99/><N who="0" m="57799" /><D42/><U87/><REACH who="1" step="1"/><E1/><REACH who="1" ten="250,240,250,250" step="2"/><V22/><F39/><W91/><AGARI ba="0,1" hai="76,83,84,91,92,98,104,106" m="44263,43343" machi="91" ten="30,8000,1" yaku="35,5" doraHai="10" who="3" fromWho="3" sc="250,-40,240,-20,250,-20,250,90" /><INIT seed="1,0,0,1,3,83" ten="210,220,230,340" oya="1" hai0="3,97,11,91,5,8,129,0,77,70,46,9,72" hai1="22,120,47,38,132,25,107,48,103,61,111,104,130" hai2="33,88,82,89,75,74,53,127,55,99,101,65,40" hai3="62,66,84,2,52,12,123,105,113,133,51,76,134"/><U116/><E116/><V64/><F33/><W57/><G123/><T114/><D70/><U92/><E120/><V94/><F127/><W26/><G2/><T23/><D114/><U106/><E130/><V115/><F115/><W49/><G113/><T35/><D35/><U96/><E132/><N who="3" m="50794" /><G105/><T79/><D129/><U86/><E38/><V39/><F39/><W102/><G102/><T14/><D72/><U81/><E61/><V121/><F121/><W44/><G26/><T118/><D118/><U28/><E111/><V69/><F40/><N who="3" m="24711" /><G12/><T16/><D46/><U60/><E60/><V59/><F69/><N who="3" m="42199" /><G76/><T30/><D30/><U110/><E110/><V108/><F108/><W10/><G10/><T4/><REACH who="0" step="1"/><D9/><REACH who="0" ten="200,220,230,340" step="2"/><U15/><E15/><V126/><F75/><W45/><G45/><T90/><D90/><U67/><E67/><V117/><F74/><W135/><G135/><T112/><D112/><U73/><E73/><V42/><F117/><W50/><G50/><T95/><AGARI ba="0,1" hai="0,3,4,5,8,11,14,16,23,77,79,91,95,97" machi="95" ten="30,8000,1" yaku="1,1,0,1,9,1,54,1,53,1" doraHai="83" doraHaiUra="93" who="0" fromWho="0" sc="200,90,220,-40,230,-20,340,-20" /><INIT seed="2,0,0,4,4,127" ten="290,180,210,320" oya="2" hai0="65,112,3,128,121,80,7,94,31,29,17,32,101" hai1="130,12,98,60,19,87,33,74,30,79,83,45,69" hai2="77,14,76,42,109,125,36,117,123,92,63,47,85" hai3="114,44,71,95,72,28,26,78,129,52,48,62,2"/><V10/><F125/><W1/><G114/><T86/><D112/><U64/><E45/><V104/><F104/><W15/><G15/><T8/><D121/><U25/><E74/><V24/><F123/><W38/><G38/><T59/><D128/><U23/><REACH who="1" step="1"/><E98/><REACH who="1" ten="290,170,210,320" step="2"/><V116/><F116/><W111/><G44/><T51/><D31/><U96/><E96/><V50/><F117/><W35/><G72/><T73/><D29/><U108/><E108/><V4/><F109/><W58/><G28/><T97/><D73/><U5/><E5/><V21/><F36/><W105/><G111/><T132/><D32/><U103/><E103/><V41/><F41/><W120/><G35/><T70/><D132/><U20/><E20/><V27/><F63/><W46/><G62/><T61/><D51/><U43/><E43/><V88/><REACH who="2" step="1"/><F24/><REACH who="2" ten="290,170,200,320" step="2"/><W57/><G26/><T37/><D37/><U126/><E126/><V81/><F81/><W113/><G120/><T93/><D80/><U131/><AGARI ba="0,2" hai="12,19,23,25,30,33,60,64,69,79,83,87,130,131" machi="131" ten="30,8000,1" yaku="1,1,0,1,52,2,53,1" doraHai="127" doraHaiUra="67" who="1" fromWho="1" sc="290,-20,170,100,200,-40,320,-20" /><INIT seed="3,0,0,1,0,122" ten="270,270,160,300" oya="3" hai0="35,93,50,96,89,7,15,49,25,105,64,104,33" hai1="32,17,28,88,0,90,40,69,34,113,2,57,129" hai2="78,48,128,101,71,130,55,108,126,12,106,5,127" hai3="87,95,16,44,9,94,99,120,75,97,131,98,22"/><W81/><G120/><T112/><D112/><U125/><E40/><V107/><F71/><W117/><G117/><T13/><D64/><U31/><E57/><V38/><F38/><W14/><G75/><T114/><D114/><U42/><E42/><V24/><F24/><W67/><G131/><N who="2" m="50217" /><F78/><N who="3" m="46519" /><G67/><T132/><D132/><U72/><E129/><V30/><F30/><W37/><G37/><T36/><D36/><U133/><E69/><V77/><F77/><W119/><G119/><T123/><D123/><U91/><E113/><V26/><F26/><N who="3" m="14663" /><G44/><T66/><D66/><U84/><E133/><V54/><F101/><W86/><G86/><T121/><D121/><U18/><E84/><V80/><F80/><W59/><G59/><T62/><D35/><U41/><E91/><V135/><F135/><W6/><AGARI ba="0,0" hai="6,9,14,94,95,97,98,99" m="14663,46519" machi="6" ten="30,3000,0" yaku="8,1,54,1" doraHai="122" who="3" fromWho="3" sc="270,-10,270,-10,160,-10,300,30" /><INIT seed="3,1,0,4,0,126" ten="260,260,150,330" oya="3" hai0="91,31,130,9,11,108,75,21,123,43,17,68,52" hai1="111,44,14,66,118,19,85,29,83,40,38,105,127" hai2="100,27,39,87,124,4,12,93,57,46,33,89,62" hai3="7,104,28,32,26,54,45,1,22,78,129,35,53"/><W24/><G104/><T71/><D43/><U20/><E105/><V128/><F124/><W70/><G70/><T49/><D123/><U72/><E127/><V58/><F100/><W94/><G78/><T37/><D37/><U109/><E72/><V67/><F57/><W36/><G36/><T47/><D31/><U18/><E118/><V76/><F76/><W97/><G45/><T3/><D75/><U110/><E66/><V133/><F133/><W60/><G60/><T115/><D108/><U2/><E2/><V8/><F33/><W41/><G41/><T65/><D130/><U34/><E34/><V64/><F64/><W0/><G129/><T10/><D3/><U120/><E120/><V6/><F128/><W113/><G113/><T99/><D65/><U92/><E92/><V131/><F131/><W56/><G35/><T135/><D135/><U81/><E29/><V59/><F59/><W102/><G56/><T61/><D61/><U77/><E81/><V73/><F73/><W15/><G1/><T5/><D5/><U90/><E19/><V79/><F79/><AGARI ba="1,0" hai="14,18,20,38,40,44,77,79,83,85,90,109,110,111" machi="79" ten="40,1300,0" yaku="14,1" doraHai="126" who="1" fromWho="2" sc="260,0,260,16,150,-16,330,0" /><INIT seed="4,0,0,3,0,110" ten="260,276,134,330" oya="0" hai0="62,18,17,65,30,49,14,77,22,20,83,119,86" hai1="105,128,113,64,75,15,131,124,84,132,50,28,96" hai2="13,36,100,104,19,88,108,8,109,112,91,127,68" hai3="12,133,66,94,63,122,87,54,25,58,116,78,16"/><T126/><D126/><U27/><E75/><V89/><F68/><W118/><G133/><T11/><D119/><U7/><E64/><V2/><F36/><W130/><G130/><N who="1" m="49706" /><E132/><V103/><F127/><W55/><G122/><T121/><D121/><U90/><E124/><V9/><F112/><W29/><G118/><T1/><D30/><U125/><E50/><V37/><F37/><W70/><G116/><T80/><D49/><U95/><E125/><V3/><F104/><W120/><G120/><T69/><D1/><U32/><E113/><V0/><REACH who="2" step="1"/><F8/><REACH who="2" ten="260,276,124,330" step="2"/><W52/><G70/><T93/><D93/><U23/><E105/><V92/><F92/><W5/><G94/><T33/><D83/><U79/><E96/><V26/><F26/><W82/><G25/><T31/><D11/><U129/><E129/><V40/><F40/><W44/><G82/><T99/><D99/><U97/><E97/><V107/><F107/><W39/><G39/><T59/><D69/><U67/><E95/><V101/><AGARI ba="0,1" hai="0,2,3,9,13,19,88,89,91,100,101,103,108,109" machi="101" ten="40,8000,1" yaku="1,1,0,1,29,2,54,1,53,0" doraHai="110" doraHaiUra="46" who="2" fromWho="2" sc="260,-40,276,-20,124,90,330,-20" /><INIT seed="5,0,0,1,0,131" ten="220,256,214,310" oya="1" hai0="118,73,119,16,44,113,28,22,117,99,116,0,134" hai1="1,84,109,58,110,8,39,83,17,4,78,88,72" hai2="71,12,127,114,55,30,50,91,52,133,135,112,6" hai3="94,51,64,2,3,102,66,101,5,92,54,10,76"/><U21/><E39/><V79/><F71/><W13/><G76/><T123/><D73/><U122/><E122/><V104/><F104/><W100/><G2/><T27/><D123/><U20/><E58/><N who="2" m="33047" /><F79/><W124/><G124/><T38/><D99/><U121/><E121/><V77/><F77/><W97/><G3/><T65/><D65/><N who="3" m="25193" /><G97/><T96/><D96/><U47/><E47/><AGARI ba="0,0" hai="5,10,13,47,51,54,92,94,100,101,102" m="25193" machi="47" ten="30,1000,0" yaku="8,1" doraHai="131" who="3" fromWho="1" sc="220,0,256,-10,214,0,310,10" /><INIT seed="6,0,0,1,5,22" ten="220,246,214,320" oya="2" hai0="17,87,11,73,95,0,77,88,36,113,66,10,59" hai1="48,110,13,99,121,115,30,91,109,133,19,92,119" hai2="124,3,78,27,26,18,6,116,61,75,80,105,15" hai3="98,82,25,4,118,50,56,96,35,111,63,70,89"/><V97/><F116/><W51/><G118/><T7/><D36/><U8/><E119/><V2/><F124/><W65/><G111/><T86/><D113/><U9/><E115/><V101/><F6/><W100/><G4/><T64/><D73/><U1/><E133/><V62/><F62/><W120/><G120/><T83/><REACH who="0" step="1"/><D59/><REACH who="0" ten="210,246,214,320" step="2"/><U94/><E110/><V127/><F127/><W42/><G56/><T79/><D79/><U128/><E109/><V47/><F47/><W107/><G70/><T126/><D126/><U44/><E121/><V53/><F61/><W40/><G63/><T67/><D67/><U108/><E108/><V123/><F123/><W72/><G65/><T76/><D76/><U102/><E44/><V122/><F122/><W41/><G41/><T46/><BYE who="3" /><D46/><U54/><E54/><V49/><F53/><W84/><G84/><T134/><D134/><U55/><E55/><V33/><F49/><W29/><G29/><T21/><D21/><U117/><E30/><V57/><F57/><W125/><G125/><T81/><D81/><U135/><E48/><V20/><REACH who="2" step="1"/><F33/><REACH who="2" ten="210,246,204,320" step="2"/><W5/><G5/><T37/><D37/><U104/><E135/><V131/><F131/><W71/><G71/><T132/><D132/><U90/><E128/><V103/><F103/><W112/><G112/><T31/><D31/><U130/><E130/><V32/><F32/><W14/><G14/><AGARI ba="0,2" hai="0,7,10,11,14,17,64,66,77,83,86,87,88,95" machi="14" ten="40,2600,0" yaku="1,1,54,1,53,0" doraHai="22" doraHaiUra="28" who="0" fromWho="3" sc="210,46,246,0,204,0,320,-26" /><INIT seed="7,0,0,3,4,80" ten="256,246,204,294" oya="3" hai0="59,52,133,130,48,70,107,56,36,38,98,114,68" hai1="88,86,106,83,69,31,42,93,49,50,103,7,39" hai2="117,29,89,6,75,13,3,118,19,55,85,128,64" hai3="11,120,116,84,73,32,91,30,26,110,102,22,21"/><W53/><G53/><N who="0" m="31783" /><D98/><N who="1" m="59855" /><E106/><UN n3="%E6%9D%8E%E7%A9%8E%E8%97%8D" /><V45/><F75/><W125/><G120/><T17/><D17/><U81/><E69/><N who="0" m="26729" /><D107/><U40/><E39/><N who="0" m="14889" /><D133/><U2/><E2/><V105/><F105/><W16/><G73/><T28/><D28/><U24/><E7/><V9/><F29/><W14/><G116/><T5/><D5/><U58/><E83/><V109/><F109/><W71/><G110/><T90/><D90/><U129/><E24/><V20/><F64/><W67/><G102/><T76/><D76/><U115/><E31/><V12/><F3/><W82/><G125/><T63/><D114/><U126/><E115/><V57/><F128/><AGARI ba="0,0" hai="52,59,63,128,130" m="14889,26729,31783" machi="128" ten="40,5200,0" yaku="34,2,54,1" doraHai="80" who="0" fromWho="2" sc="256,52,246,0,204,-52,294,0" owari="308,41.0,246,-15.0,152,-35.0,294,9.0" /></mjloggm>