<mjloggm ver="2.3"><GO type="169" lobby="0"/><UN n0="%E3%83%A9%E3%83%83%E3%82%AD%E3%83%BC%E3%83%89%E3%83%83%E3%82%B0" n1="%E5%B0%B1%E6%B4%BB%E7%94%9F%40%E5%B7%9D%E6%9D%91%E8%BB%8D%E5%9B%A3" n2="%6A%61%6E%79" n3="%EF%BD%9E%E9%9A%BC%EF%BD%9E" dan="16,16,16,17" rate="2077.45,2116.72,2066.65,2130.53" sx="M,M,M,M"/><TAIKYOKU oya="0"/><INIT seed="0,0,0,5,3,22" ten="250,250,250,250" oya="0" hai0="95,78,119,72,32,19,12,66,46,81,99,4,103" hai1="89,91,62,94,101,9,126,97,17,37,53,110,45" hai2="127,35,111,61,14,106,41,114,105,23,121,104,7" hai3="67,50,109,83,90,76,68,112,77,87,44,18,60"/><T96/><D96/><BYE who="0" /><U10/><E126/><V132/><F121/><UN n0="%E3%83%A9%E3%83%83%E3%82%AD%E3%83%BC%E3%83%89%E3%83%83%E3%82%B0" /><W118/><G112/><T21/><D119/><U84/><E110/><V27/><F114/><W86/><G118/><T70/><D4/><U25/><E37/><V131/><F111/><W71/><G109/><T64/><D70/><U20/><E91/><V128/><F127/><W0/><G0/><T47/><REACH who="0" step="1"/><D32/><REACH who="0" ten="240,250,250,250" step="2"/><U63/><E63/><V102/><F61/><W42/><G71/><T43/><D43/><U54/><E62/><V113/><F41/><W55/><G42/><T3/><D3/><U75/><E75/><V73/><F35/><W117/><G117/><T93/><D93/><U115/><E115/><V33/><F33/><W40/><G40/><T13/><D13/><U129/><E94/><V124/><F105/><W69/><G69/><T30/><D30/><U28/><E28/><N who="2" m="17535" /><F73/><W134/><G60/><T82/><D82/><U1/><E97/><V56/><F106/><W58/><G83/><T34/><D34/><U125/><E1/><V31/><F14/><W123/><G68/><T52/><D52/><U5/><E54/><V48/><F7/><W100/><G55/><T59/><D59/><U39/><E53/><N who="2" m="31783" /><F31/><W80/><G80/><T2/><D2/><U74/><E5/><V51/><F113/><W11/><G58/><T98/><D98/><U85/><E125/><V6/><F124/><W24/><G44/><AGARI ba="0,1" hai="12,19,21,44,46,47,64,66,72,78,81,95,99,103" machi="44" ten="40,3900,0" yaku="1,1,53,1" doraHai="22" doraHaiUra="88" who="0" fromWho="3" sc="240,49,250,0,250,0,250,-39" /><INIT seed="0,1,0,2,2,43" ten="289,250,250,211" oya="0" hai0="30,36,94,108,89,19,100,25,31,3,106,52,42" hai1="91,35,112,123,86,14,29,47,125,13,60,104,15" hai2="92,27,73,2,74,93,32,127,105,8,119,115,7" hai3="6,98,87,116,53,40,83,117,122,33,134,49,66"/><T41/><D3/><U58/><E104/><V84/><F115/><W75/><G122/><T37/><D108/><U17/><E123/><V133/><F105/><W101/><G75/><T80/><D80/><U38/><E112/><V70/><F70/><W5/><G40/><T114/><D114/><U68/><E68/><V12/><F93/><W132/><G33/><T90/><D106/><U71/><E71/><V64/><F64/><W55/><G66/><T50/><D36/><U113/><E113/><V11/><F133/><N who="3" m="51307" /><G98/><N who="0" m="59479" /><D37/><U82/><E125/><V21/><F127/><W63/><G101/><T120/><D120/><U121/><E121/><V131/><F119/><N who="3" m="45643" /><G63/><T48/><D48/><U45/><E38/><V126/><F126/><W51/><G51/><T18/><D42/><U23/><E29/><N who="0" m="10761" /><D41/><U97/><E35/><V102/><F32/><W103/><G103/><T107/><D107/><U59/><E97/><V95/><F102/><W72/><G72/><T44/><D25/><N who="1" m="14575" /><E60/><V77/><F74/><W135/><G135/><T16/><AGARI ba="1,0" hai="16,18,19,44,50,52,89,90" m="10761,59479" machi="16" ten="30,11700,0" yaku="8,1,52,1,54,2" doraHai="43" who="0" fromWho="0" sc="289,120,250,-40,250,-40,211,-40" /><INIT seed="0,2,0,3,0,99" ten="409,210,210,171" oya="0" hai0="78,29,48,97,53,36,130,84,16,25,93,132,64" hai1="106,105,111,120,24,42,94,20,11,80,126,73,45" hai2="86,57,65,89,50,26,131,63,113,39,133,81,2" hai3="68,102,117,8,121,103,46,112,76,31,74,129,127"/><T91/><D36/><U56/><E120/><V134/><F113/><W87/><G68/><T54/><D132/><N who="2" m="50794" /><F39/><W101/><G74/><T52/><D130/><U61/><E126/><V22/><F2/><W49/><G112/><T40/><D64/><U69/><E69/><V13/><F50/><W66/><G66/><T83/><D29/><U90/><E111/><V75/><F75/><W122/><G117/><T118/><D118/><U82/><E73/><V47/><F47/><W37/><G37/><T4/><D4/><U27/><E27/><V44/><F44/><W70/><G70/><T67/><D67/><U60/><E105/><V34/><F131/><W116/><G116/><T100/><D40/><U10/><E106/><V124/><F124/><W28/><G129/><T98/><D98/><N who="1" m="57687" /><E45/><V33/><F13/><W15/><G127/><T3/><D3/><U6/><E42/><V125/><F125/><W92/><G121/><T23/><D48/><U0/><E0/><V51/><F51/><W62/><G62/><N who="1" m="24170" /><E56/><V71/><F71/><W32/><G32/><T79/><AGARI ba="2,0" hai="16,23,25,52,53,54,78,79,83,84,91,93,97,100" machi="79" ten="30,12000,1" yaku="0,1,8,1,52,1,54,2" doraHai="99" who="0" fromWho="0" sc="409,126,210,-42,210,-42,171,-42" /><INIT seed="0,3,0,0,0,16" ten="535,168,168,129" oya="0" hai0="126,55,13,92,112,7,86,33,119,43,99,6,88" hai1="110,21,72,91,24,101,104,109,102,35,105,32,0" hai2="45,17,113,15,121,53,67,60,129,76,22,131,116" hai3="77,79,62,57,132,41,30,117,106,1,9,63,83"/><T130/><D119/><U61/><E72/><V70/><F121/><W94/><G106/><N who="1" m="41066" /><E0/><V114/><F116/><W122/><G117/><T39/><D33/><N who="1" m="12875" /><E61/><V80/><F53/><W100/><G132/><T49/><D112/><U40/><E40/><V4/><F45/><W96/><G122/><T48/><D130/><N who="2" m="49674" /><F4/><W42/><G77/><T56/><D126/><U124/><E91/><V73/><AGARI ba="3,0" hai="15,17,22,60,67,70,73,76,80,113,114" m="49674" machi="73" ten="30,2000,0" yaku="19,1,52,1" doraHai="16" who="2" fromWho="2" sc="535,-13,168,-8,168,29,129,-8" /><INIT seed="1,0,0,5,4,90" ten="522,160,197,121" oya="1" hai0="43,56,59,96,53,79,134,84,87,131,71,107,121" hai1="49,69,29,76,15,44,119,72,25,6,14,61,0" hai2="40,115,122,12,13,7,16,106,65,23,78,88,54" hai3="36,92,93,41,8,68,73,63,102,18,125,67,97"/><U91/><E119/><V57/><F122/><W47/><G73/><T94/><D71/><U89/><E0/><V51/><F115/><W50/><G125/><T105/><D43/><U11/><E72/><V104/><F78/><W123/><G123/><T117/><D117/><U116/><E116/><V42/><F65/><W66/><G66/><T132/><D121/><U110/><E76/><V1/><F1/><W32/><G32/><T127/><D127/><U45/><E45/><V82/><F106/><W85/><G36/><T4/><D4/><U39/><E39/><V133/><F104/><W75/><G75/><T10/><D10/><U26/><E15/><N who="2" m="9631" /><F133/><W111/><G111/><T24/><D24/><U98/><E110/><V70/><F70/><W109/><G109/><T99/><D53/><U34/><E26/><V80/><F80/><W20/><G8/><T95/><REACH who="0" step="1"/><D79/><REACH who="0" ten="512,160,197,121" step="2"/><U60/><E69/><V28/><F7/><W128/><G68/><T55/><D55/><U112/><E112/><V129/><F42/><W81/><G67/><T9/><D9/><U48/><E11/><V35/><F40/><W62/><G41/><T113/><D113/><U37/><E6/><V114/><F114/><W103/><G128/><AGARI ba="0,1" hai="56,59,84,87,94,95,96,99,105,107,128,131,132,134" machi="128" ten="25,8000,1" yaku="1,1,22,2,52,2,53,0" doraHai="90" doraHaiUra="38" who="0" fromWho="3" sc="512,90,160,0,197,0,121,-80" /><INIT seed="2,0,0,0,3,51" ten="602,160,197,41" oya="2" hai0="74,111,2,6,62,113,46,73,102,14,39,84,63" hai1="90,110,50,31,12,18,120,60,130,100,97,55,57" hai2="123,56,49,121,71,94,41,8,99,115,11,80,134" hai3="82,103,69,76,21,104,89,92,114,25,135,13,44"/><V53/><F115/><W48/><G69/><T30/><D113/><U64/><E110/><V66/><F134/><W28/><G135/><T124/><D124/><U26/><E130/><V85/><F41/><W29/><G114/><T42/><D111/><U106/><E120/><V112/><F112/><W45/><G29/><T24/><D102/><U95/><E12/><V38/><F38/><W17/><G103/><T79/><D2/><U88/><E18/><V36/><F36/><W129/><G104/><T4/><D4/><U7/><E7/><V70/><F123/><W35/><G129/><T67/><D62/><U78/><E78/><V23/><F121/><W20/><G35/><T33/><D84/><U37/><E37/><V65/><F23/><W86/><REACH who="3" step="1"/><G48/><REACH who="3" ten="602,160,197,31" step="2"/><T43/><D33/><U52/><E106/><V68/><F68/><W98/><AGARI ba="0,1" hai="13,17,20,21,25,28,44,45,76,82,86,89,92,98" machi="98" ten="20,8000,1" yaku="1,1,2,1,0,1,7,1,8,1,53,0" doraHai="51" doraHaiUra="0" who="3" fromWho="3" sc="602,-20,160,-20,197,-40,31,90" /><INIT seed="3,0,0,1,3,123" ten="582,140,157,121" oya="3" hai0="119,133,49,22,132,81,118,0,58,135,62,125,21" hai1="128,127,43,10,27,94,47,97,30,84,75,2,8" hai2="51,46,71,91,6,52,88,39,134,17,29,3,38" hai3="45,11,25,83,74,122,114,63,15,96,73,59,50"/><W60/><G114/><T112/><D0/><U104/><E75/><V23/><F71/><W31/><G122/><T13/><D112/><U42/><E127/><V68/><F68/><W14/><G96/><T82/><D49/><U20/><E128/><V90/><F134/><W131/><G131/><T48/><D48/><U1/><E104/><V55/><F29/><W66/><G63/><T65/><D125/><U69/><E69/><V130/><F130/><W76/><G11/><T100/><D100/><U89/><E42/><V53/><F3/><W67/><G67/><T85/><D81/><U110/><E110/><V9/><F6/><W19/><G19/><N who="0" m="10479" /><D22/><U35/><E35/><V18/><F39/><W72/><G72/><T5/><D5/><U126/><E126/><V56/><F38/><W106/><G106/><T70/><D70/><U37/><E8/><V86/><F9/><W24/><G24/><T54/><D65/><U16/><E97/><V79/><F56/><W33/><REACH who="3" step="1"/><G73/><REACH who="3" ten="582,140,157,111" step="2"/><T98/><D98/><U117/><E117/><V36/><F79/><AGARI ba="0,1" hai="54,58,62,79,82,85,118,119,132,133,135" m="10479" machi="79" ten="30,1000,0" yaku="20,1" doraHai="123" who="0" fromWho="2" sc="582,20,140,0,157,-10,111,0" /><INIT seed="4,0,0,0,0,92" ten="602,140,147,111" oya="0" hai0="42,133,23,109,61,3,94,131,80,11,74,103,20" hai1="134,102,41,24,99,50,70,55,116,120,113,22,129" hai2="73,15,122,45,38,89,12,90,59,14,105,33,130" hai3="1,18,82,32,115,65,21,37,58,128,44,121,35"/><T8/><D42/><U76/><E116/><V87/><F73/><W81/><G1/><T10/><D3/><U124/><E70/><V40/><F33/><W95/><G115/><T19/><D133/><U104/><E120/><V4/><F122/><W96/><G128/><T49/><D61/><U36/><E129/><V9/><F130/><W5/><G5/><T69/><D69/><U88/><E134/><V7/><F105/><W29/><G29/><T91/><D131/><U125/><E76/><V64/><F89/><W47/><G32/><T67/><D67/><U75/><E75/><V48/><F7/><W39/><G35/><T114/><D114/><U77/><E77/><V57/><F38/><W132/><G39/><T26/><D109/><U0/><E0/><V106/><F106/><W100/><G132/><T16/><D103/><U101/><E113/><V118/><F118/><W86/><G37/><T6/><D49/><U27/><E41/><V43/><F40/><W31/><G31/><T68/><D68/><U110/><E36/><V66/><F66/><W119/><G119/><T60/><D60/><U108/><E102/><V111/><F111/><W135/><G135/><T117/><D117/><U97/><E108/><V51/><F51/><W78/><G82/><T107/><D107/><U72/><E72/><V123/><F123/><W98/><G121/><T126/><D126/><N who="1" m="48747" /><E22/><V63/><REACH who="2" step="1"/><F57/><REACH who="2" ten="602,140,137,111" step="2"/><W17/><G58/><T79/><D74/><U13/><E110/><V30/><F30/><W93/><G65/><T62/><D79/><U28/><E28/><V83/><AGARI ba="0,1" hai="4,9,12,14,15,43,45,48,59,63,64,83,87,90" machi="83" ten="20,8000,1" yaku="1,1,5,1,0,1,7,1,8,1,53,0" doraHai="92" doraHaiUra="112" who="2" fromWho="2" sc="602,-40,140,-20,137,90,111,-20" /><INIT seed="5,0,0,0,4,48" ten="562,120,227,91" oya="1" hai0="69,4,24,45,39,57,76,64,120,109,132,87,104" hai1="85,77,61,86,51,17,66,34,9,23,113,15,21" hai2="27,106,10,36,110,115,32,89,53,111,44,1,131" hai3="49,107,2,52,112,74,78,16,31,129,116,67,14"/><U84/><E34/><V82/><F106/><W73/><G2/><T79/><D104/><U29/><E113/><V126/><F115/><W90/><G112/><T121/><D109/><U108/><E108/><V46/><F32/><W60/><G107/><T117/><D117/><U35/><E77/><V11/><F27/><W41/><G41/><T42/><D132/><U0/><E0/><V100/><F100/><W58/><G129/><T101/><D101/><U96/><E96/><V47/><F131/><W118/><G31/><T103/><D103/><U102/><E102/><V6/><F126/><W119/><G90/><T92/><D4/><U7/><E7/><V127/><F127/><W134/><G78/><T72/><D72/><U3/><E3/><V22/><F10/><N who="3" m="6231" /><G134/><T65/><D69/><AGARI ba="0,0" hai="49,52,58,60,67,69,73,74,116,118,119" m="6231" machi="69" ten="30,7700,0" yaku="12,1,52,1,54,2" doraHai="48" who="3" fromWho="0" sc="562,-77,120,0,227,0,91,77" /><INIT seed="6,0,0,0,2,119" ten="485,120,227,168" oya="2" hai0="97,40,21,0,110,77,38,39,116,60,85,54,8" hai1="52,115,58,133,15,94,130,99,92,12,105,57,11" hai2="104,82,59,6,20,4,49,31,66,14,114,71,62" hai3="135,103,88,51,102,93,121,120,36,128,30,33,23"/><V117/><F117/><W89/><G36/><T72/><D110/><U53/><E115/><V107/><F114/><W29/><G33/><T35/><D35/><U25/><E130/><V129/><F129/><W112/><G112/><T32/><D32/><U75/><E75/><V24/><F82/><W1/><G128/><T106/><D85/><U122/><E133/><V48/><F48/><W19/><G1/><T44/><D21/><U74/><E74/><V86/><F86/><W67/><G67/><T111/><D111/><U91/><E105/><V46/><F71/><W96/><G135/><T5/><D39/><U56/><E122/><V16/><F6/><W87/><G51/><T70/><D54/><U73/><E73/><V132/><F4/><W45/><G45/><T127/><D127/><U42/><E42/><V61/><F61/><W28/><G89/><T10/><D10/><U95/><E25/><V80/><F80/><W50/><G50/><T69/><D60/><U18/><E15/><V17/><F17/><W55/><G55/><AGARI ba="0,0" hai="11,12,18,52,53,55,56,57,58,91,92,94,95,99" machi="55" ten="40,2600,0" yaku="8,1,54,1" doraHai="119" who="1" fromWho="3" sc="485,0,120,26,227,0,168,-26" /><INIT seed="7,0,0,5,2,134" ten="485,146,227,142" oya="3" hai0="130,32,96,67,86,3,110,4,38,92,42,23,70" hai1="101,44,18,33,72,36,10,8,74,123,2,122,56" hai2="81,26,116,108,85,64,7,121,78,24,29,59,69" hai3="12,103,49,37,0,75,60,107,105,66,102,111,25"/><W35/><G37/><T97/><D32/><U22/><E33/><V87/><F108/><W57/><G0/><T62/><D110/><U43/><E101/><V115/><F69/><W46/><G75/><T83/><D130/><U117/><E117/><V9/><F121/><W126/><G111/><T127/><D127/><U109/><E109/><V11/><F116/><W61/><G126/><T19/><D4/><U40/><E40/><V129/><F115/><W5/><G105/><T20/><D3/><U58/><E72/><V73/><F129/><W89/><G107/><T31/><D31/><U79/><E56/><V77/><F73/><W48/><G48/><T13/><D38/><U51/><E58/><V17/><F17/><W118/><G118/><T94/><D42/><U76/><E51/><V16/><F16/><W133/><G133/><T45/><D45/><U99/><E99/><V90/><F59/><N who="3" m="37151" /><G35/><T114/><D114/><U68/><E68/><V91/><F64/><N who="3" m="38959" /><G89/><T82/><D23/><U28/><E28/><V119/><F119/><W95/><G95/><T131/><D131/><U135/><E135/><V6/><F81/><W124/><G124/><T112/><D112/><U98/><E74/><V128/><F29/><W1/><G1/><T54/><D82/><U63/><E2/><V88/><F91/><W52/><G25/><T71/><D71/><U15/><E63/><V55/><F128/><W21/><G21/><T125/><D125/><U14/><E22/><V132/><F132/><W106/><G106/><T50/><D92/><U84/><E122/><V93/><F93/><RYUUKYOKU ba="0,0" sc="485,-15,146,-15,227,15,142,15" hai2="6,7,9,11,24,26,55,77,78,85,87,88,90" hai3="5,12,46,49,52,102,103" /><INIT seed="7,1,0,2,5,121" ten="470,131,242,157" oya="3" hai0="29,133,39,101,98,3,108,10,131,134,13,70,5" hai1="132,40,93,30,100,31,51,72,23,57,46,68,43" hai2="14,90,60,56,18,42,6,77,91,25,32,74,26" hai3="83,116,130,122,124,15,49,126,7,4,48,71,129"/><W59/><G71/><T28/><D70/><U34/><E72/><V127/><F6/><N who="3" m="2091" /><G122/><T95/><D108/><U53/><E68/><V54/><F32/><W62/><G116/><T111/><D111/><U67/><E34/><V8/><F127/><N who="3" m="48683" /><G83/><T33/><D131/><N who="3" m="50185" /><G15/><T9/><D39/><U123/><E132/><N who="0" m="50793" /><D33/><U35/><E35/><V81/><F42/><W87/><G87/><T109/><D109/><U104/><E104/><V52/><F54/><AGARI ba="1,0" hai="48,49,54,59,62" m="50185,48683,2091" machi="54" ten="30,2900,0" yaku="18,1,19,1" doraHai="121" who="3" fromWho="2" sc="470,0,131,0,242,-32,157,32" /><INIT seed="7,2,0,0,0,29" ten="470,131,210,189" oya="3" hai0="4,47,80,34,101,114,98,3,63,1,131,130,0" hai1="108,77,118,100,96,48,35,121,124,32,30,44,68" hai2="133,113,54,120,56,33,50,36,38,31,60,40,15" hai3="19,23,49,20,6,26,128,106,27,57,102,7,64"/><W75/><G75/><T107/><D114/><U11/><E108/><V55/><F113/><W115/><G128/><N who="0" m="49195" /><D34/><U105/><E121/><V24/><F120/><W52/><G115/><T69/><D47/><U14/><E68/><V117/><F117/><W132/><G132/><T73/><D4/><U110/><E110/><V103/><F133/><W88/><G64/><N who="0" m="41119" /><D80/><U37/><E37/><V85/><F40/><W8/><G102/><T61/><D61/><U84/><E118/><V119/><F119/><W125/><G106/><T18/><D18/><U51/><E124/><V2/><F2/><W10/><G125/><T89/><D89/><U79/><E30/><V25/><F25/><W12/><G88/><T5/><D5/><N who="3" m="1545" /><G27/><T17/><D17/><AGARI ba="2,0" hai="8,10,12,17,19,20,23,26,49,52,57" m="1545" machi="17" ten="30,2900,0" yaku="8,1,54,1" doraHai="29" who="3" fromWho="0" sc="470,-35,131,0,210,0,189,35" /><INIT seed="7,3,0,0,1,93" ten="435,131,210,224" oya="3" hai0="102,100,31,95,39,21,18,117,10,6,106,45,7" hai1="99,42,32,132,52,63,127,101,128,96,123,122,1" hai2="92,116,28,38,15,68,103,79,69,98,120,111,33" hai3="134,90,11,57,105,112,46,67,56,35,104,25,13"/><W78/><G78/><T3/><D7/><U41/><E32/><V59/><F111/><W64/><G112/><T124/><D124/><U34/><E34/><V126/><F38/><W20/><G35/><T61/><D106/><U73/><E1/><V115/><F116/><W83/><G104/><T30/><D61/><U17/><E73/><V8/><F115/><W89/><G105/><T36/><D36/><U14/><E127/><V75/><F126/><W131/><G46/><T60/><D60/><U133/><E128/><V109/><F109/><W16/><G134/><N who="1" m="51818" /><E42/><V0/><F0/><W55/><G131/><T119/><D95/><U27/><E27/><V49/><F120/><N who="1" m="46121" /><E41/><V77/><F33/><W110/><G110/><T62/><D62/><U97/><E101/><V23/><F75/><W88/><G83/><T71/><D71/><U108/><E108/><V24/><F69/><W80/><G80/><T84/><D84/><U44/><E44/><V125/><F68/><W76/><G76/><T94/><D94/><U51/><E63/><V74/><F74/><W50/><G56/><T26/><D45/><N who="1" m="27759" /><E99/><V40/><F125/><W66/><G66/><T37/><D37/><U12/><E12/><V130/><F130/><W113/><G113/><T58/><D39/><U81/><E81/><V48/><F40/><W2/><G2/><T5/><D58/><U70/><E70/><V82/><F59/><W43/><G43/><T29/><D6/><AGARI ba="3,0" hai="6,11,13,16,20,25,50,55,57,64,67,88,89,90" machi="6" ten="40,7700,0" yaku="8,1,54,2" doraHai="93" who="3" fromWho="0" sc="435,-86,131,0,210,0,224,86" /><INIT seed="7,4,0,4,2,116" ten="349,131,210,310" oya="3" hai0="58,73,3,10,25,33,50,124,79,9,133,118,99" hai1="52,86,46,80,38,70,6,126,91,26,11,132,34" hai2="29,55,48,24,15,92,119,74,49,101,16,14,21" hai3="103,94,23,100,102,31,88,108,22,78,57,64,0"/><W134/><G0/><T131/><D118/><U71/><E126/><V135/><F74/><W42/><G134/><T44/><D133/><U96/><E132/><V69/><F135/><W12/><G108/><T114/><D114/><U2/><E38/><V84/><F119/><W66/><G78/><T105/><D131/><U68/><E96/><N who="2" m="59527" /><F69/><W47/><G31/><T32/><D58/><U1/><E34/><V5/><F84/><W19/><G23/><T51/><D51/><N who="2" m="19530" /><F55/><W76/><G76/><T75/><D3/><U89/><E2/><V17/><F5/><W122/><G122/><T7/><D7/><U13/><E1/><V39/><F39/><W85/><REACH who="3" step="1"/><G57/><REACH who="3" ten="349,131,210,300" step="2"/><T77/><D77/><U20/><E46/><V97/><F29/><W82/><G82/><T35/><D79/><U8/><E8/><V61/><F21/><W30/><G30/><T121/><D9/><U128/><E128/><V115/><F115/><W129/><G129/><T111/><D10/><U63/><E20/><V83/><F83/><W45/><G45/><T123/><D32/><U37/><E37/><AGARI ba="4,1" hai="12,19,22,37,42,47,64,66,85,88,94,100,102,103" machi="37" ten="40,3900,0" yaku="1,1,54,1,53,0" doraHai="116" doraHaiUra="120" who="3" fromWho="1" sc="349,0,131,-51,210,0,300,61" owari="349,15.0,80,-42.0,210,-19.0,361,46.0" /></mjloggm>