<mjloggm ver="2.3"><GO type="169" lobby="0"/><UN n0="%E3%81%86%E3%81%83%E3%83%BC%E3%81%A1%E3%82%83%E3%82%93" n1="%E3%83%88%E3%83%88%E3%83%AA%E5%85%88%E7%94%9F%31%39%E6%AD%B3" n2="%6E%65%6F%40%75%6E%69" n3="%7A%6B%75%72%74" dan="17,18,19,17" rate="2150.58,2196.00,2239.33,2185.07" sx="M,F,M,M"/><TAIKYOKU oya="0"/><INIT seed="0,0,0,3,4,40" ten="250,250,250,250" oya="0" hai0="14,91,54,74,59,43,71,99,109,124,42,93,103" hai1="0,106,56,51,34,21,133,66,130,80,39,76,108" hai2="120,24,33,126,16,27,78,118,35,96,13,7,10" hai3="82,46,110,17,94,83,60,48,20,75,111,115,119"/><T81/><D124/><U63/><E34/><N who="2" m="12811" /><F96/><W53/><G115/><T25/><D71/><U38/><E0/><V122/><F78/><W70/><G119/><T37/><D109/><N who="3" m="41481" /><G75/><T117/><D117/><U65/><E106/><V62/><F62/><W84/><G94/><T26/><D14/><U128/><E133/><V88/><F88/><N who="3" m="51223" /><G83/><T114/><D114/><U57/><E108/><V41/><F41/><W55/><G70/><T32/><D32/><U44/><E21/><V131/><F118/><W5/><G5/><T85/><D74/><U121/><E121/><N who="2" m="46699" /><F126/><W12/><G60/><T23/><D23/><U107/><E107/><V68/><F68/><W134/><G134/><T58/><D42/><AGARI ba="0,0" hai="12,17,20,42,46,48,53,55" m="51223,41481" machi="42" ten="30,3900,0" yaku="14,1,52,1,54,1" doraHai="40" who="3" fromWho="0" sc="250,-39,250,0,250,0,250,39" /><INIT seed="1,0,0,2,0,53" ten="211,250,250,289" oya="1" hai0="86,111,113,66,70,40,117,63,52,129,77,22,60" hai1="37,6,81,67,57,84,125,131,17,59,24,20,30" hai2="96,75,74,106,121,1,100,5,103,46,32,85,105" hai3="27,50,43,94,90,92,104,130,88,122,135,7,18"/><U42/><E131/><V28/><F46/><N who="3" m="25951" /><G104/><T72/><D72/><U97/><E125/><V134/><F85/><W49/><G122/><T34/><D34/><U12/><E67/><V101/><F101/><W78/><G78/><T45/><D129/><U116/><E116/><V82/><F82/><W79/><G79/><T14/><D117/><U112/><E112/><V123/><F134/><W126/><G130/><T91/><D111/><U3/><E97/><N who="2" m="61583" /><F5/><W93/><G135/><T2/><D2/><U73/><E73/><N who="2" m="27659" /><F1/><W65/><G7/><T39/><D77/><N who="1" m="46127" /><E37/><V107/><F106/><W47/><G65/><T25/><D14/><U33/><E42/><V71/><F71/><W23/><G126/><T87/><D91/><U54/><E54/><AGARI ba="0,0" hai="18,23,27,47,49,54,88,90,92,93,94" m="25951" machi="54" ten="30,2000,0" yaku="8,1,54,1" doraHai="53" who="3" fromWho="1" sc="211,0,250,-20,250,0,289,20" /><INIT seed="2,0,0,1,4,11" ten="211,230,250,309" oya="2" hai0="26,51,64,104,133,118,37,7,25,110,62,10,82" hai1="114,8,108,34,52,75,98,87,66,135,109,102,80" hai2="128,35,71,123,84,55,99,61,6,88,21,56,124" hai3="28,31,91,22,40,131,134,43,96,100,24,49,77"/><V41/><F35/><W53/><G131/><T67/><D37/><U2/><E114/><V115/><F115/><W72/><G134/><T119/><D104/><U5/><E34/><V111/><F123/><W29/><G77/><T44/><D82/><U105/><E135/><V107/><F124/><W74/><G74/><T23/><D110/><U132/><E132/><V13/><F111/><W97/><G72/><T68/><D67/><U92/><E66/><V38/><F71/><W86/><G40/><T78/><D78/><N who="1" m="44127" /><E52/><V47/><F128/><W45/><G53/><T73/><D73/><U83/><E83/><V94/><F21/><W14/><G14/><T122/><D122/><U63/><E63/><V30/><F30/><W76/><G76/><T101/><D101/><U16/><E16/><V57/><F57/><W17/><G100/><T59/><D59/><U46/><E46/><V42/><F42/><W125/><G125/><T116/><D23/><U9/><E9/><V39/><F39/><W112/><G112/><T70/><D70/><U89/><AGARI ba="0,0" hai="2,5,8,87,89,92,98,102,105,108,109" m="44127" machi="89" ten="30,1100,0" yaku="24,1" doraHai="11" who="1" fromWho="1" sc="211,-3,230,11,250,-5,309,-3" /><INIT seed="3,0,0,3,3,87" ten="208,241,245,306" oya="3" hai0="1,117,98,48,12,129,115,52,29,59,11,103,15" hai1="73,62,23,41,46,113,116,96,80,44,8,31,26" hai2="95,104,47,6,28,9,5,91,34,60,67,102,92" hai3="39,20,42,70,33,100,97,76,124,131,53,14,89"/><W35/><G70/><T65/><D117/><U101/><E113/><V132/><F132/><W118/><G118/><T58/><D1/><U7/><E116/><V121/><F121/><W109/><G131/><T54/><D115/><U94/><E41/><V111/><F95/><W45/><G76/><T40/><D129/><U82/><E73/><V84/><F111/><W79/><G79/><T135/><D135/><U17/><E17/><V24/><F47/><W25/><G124/><T43/><D29/><U22/><E22/><V4/><F102/><W99/><G14/><T74/><D65/><U32/><E32/><V105/><REACH who="2" step="1"/><F9/><REACH who="2" ten="208,241,235,306" step="2"/><W128/><G109/><T64/><D11/><U120/><E120/><V107/><F107/><W63/><G128/><T134/><D134/><U72/><E46/><V56/><AGARI ba="0,1" hai="4,5,6,24,28,34,56,60,67,84,91,92,104,105" machi="56" ten="30,4000,0" yaku="1,1,0,1,52,1,53,0" doraHai="87" doraHaiUra="133" who="2" fromWho="2" sc="208,-10,241,-10,235,50,306,-20" /><INIT seed="4,0,0,1,4,97" ten="198,231,285,286" oya="0" hai0="39,99,130,133,12,93,123,14,100,132,11,70,135" hai1="46,30,108,129,118,71,101,127,61,65,82,23,19" hai2="48,62,109,112,66,0,73,35,15,29,47,10,58" hai3="51,44,134,88,106,33,85,72,105,79,52,63,54"/><T131/><D39/><U3/><E108/><V32/><F112/><W114/><G33/><T96/><D70/><U87/><E118/><V120/><F120/><W95/><G114/><T83/><D123/><U64/><E3/><V2/><F73/><W38/><G38/><T126/><D126/><U56/><E127/><V26/><F35/><W113/><G113/><T13/><D83/><U18/><E129/><N who="0" m="49161" /><D99/><U9/><E46/><V41/><REACH who="2" step="1"/><F109/><REACH who="2" ten="198,231,275,286" step="2"/><W94/><G134/><N who="0" m="34307" /><T119/><DORA hai="7" /><D119/><U128/><E128/><V36/><F36/><W75/><G75/><T45/><D45/><U40/><E71/><V104/><F104/><W86/><G72/><T116/><D116/><U50/><E56/><V17/><AGARI ba="0,1" hai="0,2,10,15,17,26,29,32,41,47,48,58,62,66" machi="17" ten="20,8000,1" yaku="1,1,0,1,7,1,52,1,53,1" doraHai="97,7" doraHaiUra="4,81" who="2" fromWho="2" sc="198,-40,231,-20,275,90,286,-20" /><INIT seed="5,0,0,0,2,60" ten="158,211,365,266" oya="1" hai0="134,41,117,5,44,53,61,9,11,1,50,55,16" hai1="118,76,93,7,10,49,45,78,37,54,91,87,85" hai2="104,24,107,105,13,17,124,102,81,92,127,128,0" hai3="115,90,70,12,95,52,131,27,125,46,73,19,66"/><U4/><E118/><V94/><F24/><W68/><G73/><T8/><D117/><U114/><E114/><V97/><F0/><W38/><G115/><T88/><D134/><U110/><E110/><V40/><F40/><W83/><G131/><T100/><D100/><U62/><E37/><V122/><F128/><W39/><G83/><T25/><D1/><U28/><E28/><V106/><F122/><W98/><G27/><T36/><D5/><U63/><E7/><V77/><F13/><W111/><G111/><T3/><D3/><U126/><E126/><N who="2" m="48171" /><F17/><W56/><G125/><T71/><D36/><U26/><E26/><V119/><F119/><W79/><G79/><N who="1" m="30250" /><E85/><AGARI ba="0,0" hai="77,81,85,92,94,97,102,104,105,106,107" m="48171" machi="85" ten="40,5200,0" yaku="18,1,34,2" doraHai="60" who="2" fromWho="1" sc="158,0,211,-52,365,52,266,0" /><INIT seed="6,0,0,0,1,100" ten="158,159,417,266" oya="2" hai0="37,86,46,8,124,126,33,63,15,23,11,2,56" hai1="82,27,117,29,70,67,101,48,97,95,58,123,115" hai2="3,50,5,4,64,21,99,53,28,120,116,96,68" hai3="102,17,26,44,121,87,111,10,77,12,49,92,40"/><V39/><F39/><W80/><G111/><T81/><D33/><U135/><E117/><V131/><F21/><W79/><G121/><T45/><D23/><U130/><E123/><V62/><F28/><W132/><G132/><T61/><D61/><U31/><E135/><V22/><F22/><W19/><G26/><T118/><D2/><U76/><E70/><V54/><F50/><W74/><G74/><T114/><D114/><U91/><E115/><V38/><F38/><W20/><G20/><T127/><D118/><U83/><E130/><V98/><F3/><W66/><G66/><T90/><D37/><U14/><E14/><V103/><F62/><W57/><G57/><T109/><D109/><U84/><E27/><V73/><F64/><W104/><G79/><T106/><D106/><U16/><E16/><V112/><F73/><W30/><G104/><T134/><D134/><U42/><E67/><V0/><F0/><W88/><G102/><T105/><D105/><U71/><E71/><V69/><F103/><W35/><G35/><T93/><D81/><U24/><E24/><V34/><F34/><W9/><G30/><T122/><D122/><U18/><E18/><V110/><F110/><W43/><G43/><T6/><REACH who="0" step="1"/><D11/><REACH who="0" ten="148,159,417,266" step="2"/><U128/><E128/><V13/><F131/><W85/><G10/><T51/><D51/><U59/><E31/><V133/><F120/><W94/><G94/><T60/><D60/><U107/><E29/><V36/><F116/><W119/><G119/><T78/><D78/><U1/><E1/><V25/><F133/><W89/><G77/><RYUUKYOKU ba="0,1" sc="148,15,159,-15,417,-15,266,15" hai0="6,8,15,45,46,56,63,86,90,93,124,126,127" hai3="9,12,17,19,40,44,49,80,85,87,88,89,92" /><INIT seed="7,1,1,4,4,68" ten="163,144,402,281" oya="3" hai0="122,132,77,58,20,83,27,14,55,13,72,125,114" hai1="82,62,39,67,10,54,133,46,84,25,4,112,57" hai2="130,35,6,56,5,74,117,15,75,100,11,30,131" hai3="123,127,120,105,36,118,126,24,135,73,134,18,42"/><W106/><G73/><T108/><D108/><U63/><E112/><V113/><F117/><W26/><G118/><T101/><D114/><U38/><E133/><N who="3" m="50698" /><G18/><T80/><D122/><N who="3" m="46633" /><G42/><T110/><D125/><N who="3" m="47625" /><G36/><T3/><D132/><U71/><E25/><AGARI ba="1,1" hai="24,25,26,105,106" m="47625,46633,50698" machi="25" ten="40,12000,1" yaku="28,2,20,1,18,1" doraHai="68" who="3" fromWho="1" sc="163,0,144,-123,402,0,281,133" owari="163,-24.0,21,-48.0,402,20.0,414,52.0" /></mjloggm>