<mjloggm ver="2.3"><GO type="225" lobby="0"/><UN n0="%E8%B5%A4%E8%A3%8F%E3%83%9B%E3%82%B7%E3%83%BC%E3%83%8E" n1="%E3%82%A6%E3%83%AB%E3%83%88%E3%83%A9%E7%AB%8B%E7%9B%B4" n2="%E7%80%AC%E8%89%AF%E9%A7%BF" n3="%67%61%68%61%68%61%37" dan="17,17,16,16" rate="2205.09,2146.99,2046.64,2108.77" sx="M,M,M,M"/><TAIKYOKU oya="0"/><INIT seed="0,0,0,2,1,55" ten="250,250,250,250" oya="0" hai0="100,25,120,98,68,132,39,60,90,125,3,85,53" hai1="7,47,74,96,17,57,69,75,35,64,102,12,76" hai2="109,1,13,71,99,131,58,84,72,87,49,123,78" hai3="59,130,82,97,41,126,89,127,62,134,46,115,61"/><T40/><D3/><U129/><E69/><V88/><F71/><W111/><G115/><T2/><D2/><U108/><E35/><V15/><F1/><W92/><G111/><T52/><D120/><U86/><E7/><V22/><F123/><W66/><G130/><T54/><D132/><U119/><E75/><V110/><F72/><W37/><G134/><T20/><D125/><U0/><E74/><V50/><F78/><W51/><G62/><T26/><D40/><U5/><E5/><V122/><F122/><W18/><G82/><T32/><D39/><U16/><E0/><V81/><F84/><W43/><G18/><T42/><D42/><U36/><E36/><V27/><F99/><W34/><G34/><T29/><D68/><U21/><E47/><V117/><F117/><W93/><G93/><T135/><D135/><U63/><E119/><V14/><F131/><W128/><G128/><T95/><D60/><U10/><E108/><N who="2" m="41579" /><F58/><W28/><G28/><AGARI ba="0,0" hai="13,14,15,22,27,28,49,50,81,87,88" m="41579" machi="28" ten="30,2000,0" yaku="14,1,54,1" doraHai="55" who="2" fromWho="3" sc="250,0,250,0,250,20,250,-20" /><INIT seed="1,0,0,2,3,131" ten="250,250,270,230" oya="1" hai0="109,7,81,130,23,21,28,102,29,39,91,65,121" hai1="129,54,25,50,49,53,64,80,33,2,92,133,89" hai2="114,68,36,123,98,106,120,58,14,79,117,46,74" hai3="110,128,75,37,96,63,48,12,43,10,55,41,107"/><U62/><E2/><V19/><F68/><W31/><G128/><T105/><D39/><U17/><E129/><V52/><F117/><W40/><G37/><T72/><D130/><U97/><E133/><V9/><F74/><W24/><G75/><T84/><D7/><U26/><E33/><V67/><F79/><W112/><G112/><T116/><D116/><U93/><E80/><V30/><F30/><W5/><G110/><T0/><D0/><U66/><E62/><V100/><F114/><W122/><G63/><T69/><D109/><U47/><E92/><V119/><F67/><N who="1" m="25641" /><E17/><V101/><F119/><W118/><G122/><T60/><D121/><U3/><E3/><V59/><F101/><W15/><G15/><T18/><D21/><U70/><E70/><V6/><F19/><W16/><G118/><T82/><D102/><U88/><E89/><V127/><F123/><W94/><G107/><T85/><D72/><U124/><E124/><V108/><F127/><W45/><G5/><T134/><D134/><U11/><E11/><V83/><F120/><W135/><G135/><T44/><D44/><AGARI ba="0,0" hai="25,26,44,47,49,50,53,54,88,93,97" m="25641" machi="44" ten="30,2900,0" yaku="8,1,54,1" doraHai="131" who="1" fromWho="0" sc="250,-29,250,29,270,0,230,0" /><INIT seed="1,1,0,3,0,40" ten="221,279,270,230" oya="1" hai0="91,125,97,81,93,19,53,14,105,26,100,7,66" hai1="28,132,3,22,88,119,114,68,47,44,34,70,13" hai2="9,98,117,87,38,104,75,126,113,74,82,101,50" hai3="127,99,95,110,77,118,31,55,17,86,57,10,94"/><U84/><E114/><V134/><F38/><W33/><G110/><T1/><D125/><U42/><E3/><V32/><F32/><W78/><G127/><T49/><D66/><U11/><E34/><V129/><F9/><W16/><G118/><T85/><D26/><N who="1" m="16471" /><E70/><V37/><F37/><W69/><G69/><T109/><D109/><U115/><E68/><V56/><F117/><W18/><G33/><T112/><D112/><U45/><E115/><V58/><F113/><W8/><G31/><T36/><D36/><U121/><E132/><V128/><F134/><W27/><G27/><T96/><D7/><N who="1" m="3327" /><E121/><V0/><F0/><W12/><G86/><T131/><D131/><N who="2" m="50250" /><F126/><W92/><G99/><T15/><D1/><U71/><E71/><V39/><F39/><W102/><G102/><T20/><D14/><U54/><E119/><V61/><F75/><W21/><G10/><T80/><D97/><U123/><E123/><V43/><F74/><W120/><G120/><T23/><REACH who="0" step="1"/><D20/><REACH who="0" ten="211,279,270,230" step="2"/><U64/><E64/><N who="2" m="38951" /><F98/><W41/><G21/><T67/><D67/><U4/><E4/><V111/><F111/><W72/><G12/><T130/><D130/><U107/><E107/><V79/><F104/><W25/><G25/><T60/><D60/><U63/><E63/><V122/><F122/><W133/><G133/><T83/><D83/><N who="1" m="49183" /><E42/><V73/><F43/><W90/><G41/><T59/><AGARI ba="1,1" hai="15,19,23,49,53,59,80,81,85,91,93,96,100,105" machi="59" ten="20,8000,1" yaku="1,1,0,1,7,1,25,2,53,0" doraHai="40" doraHaiUra="2" who="0" fromWho="0" sc="211,93,279,-41,270,-21,230,-21" /><INIT seed="2,0,0,1,1,12" ten="304,238,249,209" oya="2" hai0="76,102,86,26,15,67,36,91,108,64,119,105,132" hai1="95,104,96,28,31,49,45,111,98,107,125,72,59" hai2="18,126,62,97,89,10,29,21,0,30,5,17,120" hai3="43,117,121,58,48,60,123,74,38,122,25,16,23"/><V99/><F120/><W134/><G117/><T42/><D26/><U4/><E72/><V85/><F126/><W127/><G127/><T79/><D119/><U39/><E39/><V131/><F131/><W2/><G2/><T6/><D102/><U53/><E125/><V129/><F129/><W68/><G74/><T37/><D105/><U20/><E111/><V63/><F0/><W100/><G68/><T61/><D108/><U87/><E4/><V14/><F5/><W69/><G69/><T135/><D42/><N who="1" m="24759" /><E107/><V34/><F34/><W93/><G134/><N who="0" m="51243" /><D67/><U73/><E73/><V101/><F97/><N who="1" m="37481" /><E20/><V82/><F99/><W3/><G93/><T9/><D37/><U13/><E13/><N who="2" m="9423" /><F101/><W55/><G100/><T1/><D1/><U115/><E104/><V24/><F24/><W113/><G3/><T109/><D36/><U50/><E115/><V54/><F54/><W52/><G113/><T80/><D109/><U90/><AGARI ba="0,0" hai="28,31,50,53,59,87,90,95" m="37481,24759" machi="90" ten="30,1100,0" yaku="8,1" doraHai="12" who="1" fromWho="1" sc="304,-3,238,11,249,-5,209,-3" /><INIT seed="3,0,0,1,3,135" ten="301,249,244,206" oya="3" hai0="41,132,61,68,130,70,76,118,128,31,42,13,80" hai1="122,18,60,26,104,59,120,56,79,71,106,23,88" hai2="62,25,19,115,30,69,44,72,24,96,109,14,8" hai3="48,0,94,110,20,124,40,121,87,85,47,123,27"/><W90/><G0/><T100/><D132/><U133/><E133/><V103/><F109/><W35/><G35/><T129/><D118/><U83/><E71/><N who="0" m="27177" /><D100/><U16/><E88/><V127/><F127/><W46/><G124/><T97/><D97/><U1/><E1/><V33/><F72/><W99/><G110/><T36/><D36/><U37/><E37/><V78/><F78/><W67/><G67/><T114/><D114/><U34/><E34/><V119/><F119/><W134/><G134/><T7/><D61/><U77/><E60/><V51/><F115/><W93/><G47/><T74/><D31/><U112/><E112/><V101/><F25/><W38/><G38/><T111/><D111/><U54/><E26/><V12/><F12/><W107/><G107/><T39/><D39/><U50/><E50/><V9/><F9/><AGARI ba="0,0" hai="7,9,13,41,42,74,76,80,128,129,130" m="27177" machi="9" ten="40,1300,0" yaku="19,1" doraHai="135" who="0" fromWho="2" sc="301,13,249,0,244,-13,206,0" owari="314,41.0,249,5.0,231,-17.0,206,-29.0" /></mjloggm>