<mjloggm ver="2.3"><GO type="169" lobby="0"/><UN n0="%E3%82%AE%E3%82%BF%E3%83%AB%E3%83%9E" n1="%E5%B0%B1%E6%B4%BB%E7%94%9F%40%E5%B7%9D%E6%9D%91%E8%BB%8D%E5%9B%A3" n2="%E3%80%93%E3%81%84%E3%81%A1%E3%81%AF%E3%82%89%E3%80%93" n3="%74%61%74%73%75%37%30%32" dan="16,17,18,17" rate="2055.79,2213.63,2247.14,2209.57" sx="M,M,M,M"/><TAIKYOKU oya="0"/><INIT seed="0,0,0,4,4,30" ten="250,250,250,250" oya="0" hai0="49,18,43,21,129,85,77,127,3,66,108,134,71" hai1="131,56,102,61,76,70,48,113,104,25,62,126,93" hai2="116,96,38,5,79,23,80,1,132,133,95,13,73" hai3="121,22,111,122,57,19,2,128,35,119,82,53,33"/><T135/><D3/><U20/><E104/><V83/><F38/><W90/><G2/><T91/><D127/><U117/><E117/><V81/><F1/><W107/><G119/><T100/><D129/><U67/><E113/><V125/><F116/><W69/><G128/><T6/><D6/><U118/><E118/><V16/><F5/><W36/><G36/><T10/><D10/><U39/><E39/><V44/><F44/><W89/><G69/><T54/><D108/><U17/><E131/><V42/><F42/><W52/><G107/><T75/><D75/><U106/><E106/><V29/><F29/><W92/><G82/><T31/><D31/><U68/><E126/><V50/><F50/><N who="3" m="30871" /><G53/><T11/><D43/><U45/><E76/><V97/><F125/><W115/><G115/><T55/><D55/><U112/><E112/><V12/><F12/><N who="3" m="9575" /><G90/><T78/><D91/><U14/><E62/><V0/><F0/><W26/><G26/><T105/><D54/><N who="1" m="29967" /><E68/><V72/><F79/><W120/><G111/><T64/><D78/><U9/><E70/><V60/><F60/><W88/><G89/><T110/><D110/><U4/><E102/><V130/><F130/><W87/><AGARI ba="0,0" hai="33,35,87,88,92,120,121,122" m="9575,30871" machi="87" ten="30,12000,2" yaku="25,1,13,1,52,2,54,2" doraHai="30" who="3" fromWho="3" sc="250,-60,250,-30,250,-30,250,120" /><INIT seed="1,0,0,2,1,56" ten="190,220,220,370" oya="1" hai0="114,103,73,107,36,100,57,65,0,97,83,8,134" hai1="60,11,130,51,123,94,119,105,52,89,76,20,98" hai2="131,126,54,96,72,120,108,46,90,12,28,121,102" hai3="64,55,17,79,35,2,23,81,101,31,86,10,63"/><U22/><E119/><V58/><F72/><W39/><G39/><T111/><D103/><U104/><E123/><V16/><F108/><W34/><G101/><T41/><D57/><N who="1" m="34855" /><E104/><V133/><F133/><W32/><G55/><T48/><D48/><U88/><E105/><V118/><F118/><W18/><G31/><T132/><D65/><U59/><E130/><V26/><F46/><W4/><REACH who="3" step="1"/><G23/><REACH who="3" ten="190,220,220,360" step="2"/><N who="1" m="8746" /><E11/><V30/><F121/><W106/><G106/><T127/><D111/><U24/><E24/><V135/><F26/><W122/><G122/><T116/><D116/><U109/><E109/><V62/><F120/><W113/><G113/><T92/><D114/><U29/><E29/><V15/><F30/><W99/><G99/><T38/><D107/><U91/><E76/><V14/><F28/><W5/><G5/><T49/><D38/><U43/><E43/><V87/><F131/><W117/><G117/><T9/><D36/><U129/><E129/><V40/><F40/><W7/><G7/><T128/><D128/><U19/><E19/><V66/><F16/><W70/><AGARI ba="0,1" hai="2,4,10,17,18,32,34,35,63,64,70,79,81,86" machi="70" ten="30,4000,0" yaku="1,1,0,1,52,1,53,0" doraHai="56" doraHaiUra="42" who="3" fromWho="3" sc="190,-10,220,-20,220,-10,360,50" /><INIT seed="2,0,0,4,2,38" ten="180,200,210,410" oya="2" hai0="97,91,123,79,107,60,96,30,1,46,77,23,76" hai1="114,21,109,52,85,28,72,94,106,3,12,104,13" hai2="121,75,58,80,37,122,54,124,0,5,18,108,120" hai3="25,116,6,134,70,14,11,9,55,43,27,31,10"/><V57/><F124/><W131/><G70/><T24/><D123/><U101/><E72/><V44/><F18/><W129/><G43/><T102/><D1/><U59/><E3/><V42/><F108/><W53/><G116/><T33/><D46/><U130/><E109/><V78/><REACH who="2" step="1"/><F54/><REACH who="2" ten="180,200,200,410" step="2"/><W41/><G55/><T16/><D16/><U48/><E114/><V98/><F98/><W19/><G53/><T93/><D96/><U2/><E52/><V4/><F4/><W92/><G6/><T74/><D97/><U105/><E28/><V29/><F29/><W89/><G31/><T126/><D30/><U61/><E130/><V133/><F133/><W128/><G134/><T8/><D126/><U69/><E61/><V90/><F90/><W86/><G19/><T34/><D91/><U63/><E63/><V32/><F32/><W118/><G118/><T51/><D34/><U45/><E101/><V56/><F56/><W119/><G119/><T62/><D33/><U100/><E59/><V82/><F82/><W50/><G14/><T110/><D110/><U7/><E100/><V47/><F47/><AGARI ba="0,1" hai="9,10,11,25,27,41,47,50,86,89,92,128,129,131" machi="47" ten="50,3200,0" yaku="19,1,52,1" doraHai="38" who="3" fromWho="2" sc="180,0,200,0,200,-32,410,42" /><INIT seed="3,0,0,0,1,107" ten="180,200,168,452" oya="3" hai0="50,90,19,35,110,5,112,125,66,1,34,59,133" hai1="22,106,25,78,13,104,26,57,45,15,28,52,93" hai2="120,99,60,72,130,14,109,81,84,56,4,85,86" hai3="48,87,70,82,75,58,92,111,68,124,79,36,105"/><W121/><G121/><T46/><D110/><U64/><E104/><V47/><F109/><W77/><G36/><T24/><D125/><U100/><E106/><V32/><F32/><W43/><G111/><T127/><D127/><U63/><E78/><V69/><F69/><W91/><G79/><T6/><D133/><U83/><E83/><V73/><F120/><W18/><G124/><T41/><D112/><U55/><E26/><V7/><F130/><W126/><G126/><T67/><D35/><U101/><E101/><V95/><F47/><W23/><G105/><T74/><D74/><U117/><E117/><V61/><F81/><W135/><G135/><T54/><D90/><U42/><E42/><V33/><F33/><W10/><G10/><T20/><D34/><U76/><E76/><V134/><F134/><W114/><G114/><T71/><D1/><U131/><E131/><V21/><F21/><W31/><G31/><T119/><D119/><U122/><E122/><V96/><F14/><N who="1" m="5129" /><E45/><V3/><F95/><W11/><G11/><T2/><D2/><U39/><E39/><V115/><F56/><W116/><G43/><T89/><D89/><U30/><E28/><V40/><F40/><W97/><G116/><T65/><REACH who="0" step="1"/><D71/><REACH who="0" ten="170,200,168,452" step="2"/><U8/><E8/><V38/><F115/><W80/><G70/><T49/><AGARI ba="0,1" hai="5,6,19,20,24,41,46,49,50,54,59,65,66,67" machi="49" ten="30,8000,1" yaku="1,1,2,1,0,1,8,1,53,1" doraHai="107" doraHaiUra="53" who="0" fromWho="0" sc="170,90,200,-20,168,-20,452,-40" /><INIT seed="4,0,0,2,5,27" ten="260,180,148,412" oya="0" hai0="18,98,52,124,45,7,33,100,25,86,105,132,121" hai1="112,31,49,96,102,10,54,38,82,8,32,135,101" hai2="110,9,19,115,126,103,77,81,26,23,120,59,83" hai3="123,44,68,15,113,5,99,16,2,75,94,14,43"/><T39/><D121/><U66/><E38/><V0/><F120/><W58/><G68/><T48/><D124/><U89/><E135/><V125/><F110/><W47/><G75/><T119/><D119/><U24/><E66/><V91/><F103/><W41/><G2/><T34/><D132/><U90/><E112/><V109/><F109/><W107/><G107/><T56/><D7/><U117/><E102/><V111/><F111/><W106/><G106/><T53/><D86/><U12/><E82/><V29/><F115/><W17/><G5/><T28/><D18/><U13/><E117/><V122/><F122/><W20/><G58/><T87/><D87/><U60/><E60/><V93/><F59/><W79/><G79/><T114/><D114/><U62/><E62/><V11/><F0/><W133/><G123/><T72/><D72/><U4/><E12/><V108/><F108/><W130/><G130/><T61/><REACH who="0" step="1"/><D39/><REACH who="0" ten="250,180,148,412" step="2"/><U131/><E131/><V37/><F37/><W92/><G133/><T127/><D127/><N who="2" m="48650" /><F19/><W80/><G113/><T129/><D129/><U97/><E10/><N who="2" m="3595" /><F77/><W55/><G17/><T1/><D1/><U64/><E8/><V30/><F30/><W69/><G16/><T88/><D88/><U35/><E4/><V6/><F6/><W116/><G116/><T63/><D63/><U22/><E90/><V67/><F67/><W134/><G134/><T3/><D3/><U40/><E64/><V42/><F42/><W73/><G43/><T71/><D71/><U57/><E40/><V74/><F74/><W50/><G73/><T70/><D70/><RYUUKYOKU ba="0,1" sc="250,15,180,-15,148,15,412,-15" hai0="25,28,33,34,45,48,52,53,56,61,98,100,105" hai2="23,26,29,81,83,91,93" /><INIT seed="4,1,1,1,2,41" ten="265,165,163,397" oya="0" hai0="11,55,46,36,93,48,6,19,95,15,0,112,97" hai1="109,133,104,89,78,62,100,102,24,40,68,10,126" hai2="56,124,98,43,128,75,84,1,51,91,87,76,44" hai3="64,13,123,103,99,107,14,58,12,114,21,79,63"/><T92/><D112/><U94/><E109/><V2/><F128/><W105/><G114/><T80/><D36/><U108/><E108/><V131/><F131/><W34/><G34/><T4/><D80/><U5/><E133/><V71/><F71/><W47/><G79/><T42/><D0/><U81/><E126/><V125/><F75/><W28/><G123/><T121/><D121/><U135/><E135/><V59/><F98/><W7/><G7/><T96/><REACH who="0" step="1"/><D42/><REACH who="0" ten="255,165,163,397" step="2"/><U39/><E40/><V113/><F113/><W25/><REACH who="3" step="1"/><G47/><REACH who="3" ten="255,165,163,387" step="2"/><T35/><D35/><U86/><E78/><V54/><F76/><W16/><G16/><T74/><D74/><U72/><E72/><V9/><F44/><W66/><G66/><T18/><D18/><U127/><E127/><V60/><F125/><W83/><G83/><T52/><D52/><U111/><E81/><V49/><F54/><W85/><G85/><T82/><D82/><U110/><E110/><V69/><F87/><W130/><G130/><T38/><D38/><U88/><E111/><V57/><F84/><W119/><G119/><T17/><D17/><U77/><E39/><V29/><F124/><W61/><G61/><T101/><D101/><U22/><E77/><V30/><F60/><W73/><G73/><T115/><D115/><U122/><E122/><V116/><F116/><W50/><G50/><T129/><D129/><U37/><E37/><V120/><F51/><W32/><G32/><T90/><D90/><U27/><E89/><V67/><F91/><W106/><AGARI ba="1,3" hai="12,13,14,21,25,28,58,63,64,99,103,105,106,107" machi="106" ten="30,2000,0" yaku="1,1,0,1,53,0" doraHai="41" doraHaiUra="45" who="3" fromWho="3" sc="255,-11,165,-6,163,-6,387,53" /><INIT seed="5,0,0,0,4,94" ten="244,159,157,440" oya="1" hai0="34,132,85,129,87,125,46,33,122,49,86,113,61" hai1="51,12,72,90,8,83,130,76,43,36,81,20,99" hai2="50,1,115,106,35,105,127,19,58,66,118,69,57" hai3="38,29,39,42,98,88,24,64,82,44,15,23,101"/><U104/><E130/><V6/><F118/><W107/><G64/><T77/><D129/><U67/><E36/><V128/><F35/><W9/><G39/><T131/><D131/><U111/><E111/><V60/><F128/><W14/><G9/><T40/><D113/><U135/><E135/><V62/><F115/><W123/><G123/><T30/><D132/><U114/><E114/><V63/><F127/><W91/><G91/><T92/><D125/><U84/><E67/><V11/><F50/><W3/><G3/><T22/><D122/><U103/><E20/><V31/><F31/><W74/><REACH who="3" step="1"/><G88/><REACH who="3" ten="244,159,157,430" step="2"/><T4/><D77/><AGARI ba="0,1" hai="14,15,23,24,29,38,42,44,74,77,82,98,101,107" machi="77" ten="40,5200,0" yaku="1,1,2,1,52,1,53,0" doraHai="94" doraHaiUra="119" who="3" fromWho="0" sc="244,-52,159,0,157,0,430,62" /><INIT seed="6,0,0,1,2,54" ten="192,159,157,492" oya="2" hai0="20,71,9,41,42,67,59,51,115,7,83,29,58" hai1="77,31,105,93,8,49,104,130,55,114,121,4,81" hai2="14,26,44,24,33,95,23,74,86,109,126,135,10" hai3="119,35,127,110,65,103,96,134,27,118,37,78,128"/><V39/><F74/><W5/><G37/><T116/><D116/><U112/><E31/><V64/><F33/><W122/><G122/><T63/><D115/><N who="1" m="44075" /><E130/><V19/><F109/><W97/><G110/><T40/><D71/><U45/><E93/><V53/><F135/><W68/><G134/><T132/><D132/><U16/><E121/><V70/><F126/><W56/><G128/><T11/><D7/><U32/><E32/><V133/><F133/><W101/><G68/><T76/><D29/><U89/><E89/><N who="2" m="53687" /><F70/><W102/><G35/><T106/><D106/><U73/><E16/><N who="2" m="8279" /><F39/><W91/><G127/><T62/><D20/><U38/><E38/><V25/><F64/><W111/><G65/><N who="0" m="39127" /><D11/><U28/><E28/><V117/><F117/><W36/><G36/><T99/><D9/><U69/><E69/><V66/><F66/><W125/><G125/><T17/><D17/><U12/><AGARI ba="0,0" hai="4,8,12,45,49,55,73,77,81,104,105" m="44075" machi="12" ten="30,1100,0" yaku="15,1" doraHai="54" who="1" fromWho="1" sc="192,-3,159,11,157,-5,492,-3" /><INIT seed="7,0,0,0,2,116" ten="189,170,152,489" oya="3" hai0="46,55,40,66,125,121,30,27,57,82,74,26,44" hai1="59,95,12,16,133,72,78,69,81,102,96,112,97" hai2="34,20,33,100,70,61,9,19,94,134,129,36,80" hai3="51,89,35,28,23,84,13,113,43,4,105,42,114"/><W39/><G105/><T53/><D121/><U3/><E69/><V135/><F36/><W118/><G118/><T98/><D125/><U58/><E3/><V31/><F80/><W24/><G39/><T115/><D115/><U91/><E112/><V127/><F127/><W6/><G35/><T22/><D66/><U15/><E133/><N who="2" m="50699" /><F70/><W1/><G1/><T41/><D98/><U21/><E15/><N who="2" m="7663" /><F61/><W60/><G60/><T123/><D123/><U126/><E126/><V38/><F38/><W99/><G99/><T32/><D82/><U117/><E117/><V67/><F67/><W54/><G114/><T37/><D74/><U92/><AGARI ba="0,0" hai="12,16,21,58,59,72,78,81,91,92,95,96,97,102" machi="92" ten="20,2700,0" yaku="0,1,7,1,54,1" doraHai="116" who="1" fromWho="1" sc="189,-7,170,27,152,-7,489,-13" owari="182,-22.0,197,0.0,145,-35.0,476,57.0" /></mjloggm>