<mjloggm ver="2.3"><GO type="169" lobby="0"/><UN n0="%4A%61%6E%2D%4D%61%63%68" n1="%E3%82%A6%E3%83%AB%E3%83%88%E3%83%A9%E7%AB%8B%E7%9B%B4" n2="%E3%82%B7%E3%82%A7%E3%83%95%E3%83%81%E3%83%A7%E3%82%B3" n3="%E3%80%93%E3%81%84%E3%81%A1%E3%81%AF%E3%82%89%E3%80%93" dan="17,17,16,18" rate="2190.33,2210.68,2112.32,2218.68" sx="M,M,M,M"/><TAIKYOKU oya="0"/><INIT seed="0,0,0,3,3,61" ten="250,250,250,250" oya="0" hai0="130,19,64,121,68,36,97,23,108,12,15,79,124" hai1="99,104,84,46,96,32,91,48,44,6,126,55,92" hai2="42,52,94,70,83,59,63,28,65,39,16,95,93" hai3="112,118,117,47,10,54,81,105,37,45,51,116,106"/><T107/><D36/><U125/><E32/><V115/><F28/><W103/><G112/><T77/><D121/><U101/><E6/><V131/><F115/><W119/><G103/><T53/><D107/><U100/><REACH who="1" step="1"/><E46/><REACH who="1" ten="250,240,250,250" step="2"/><V11/><F131/><W80/><G119/><T60/><D130/><U14/><E14/><N who="2" m="7263" /><F83/><AGARI ba="0,1" hai="44,48,55,83,84,91,92,96,99,100,101,104,125,126" machi="83" ten="40,2600,0" yaku="1,1,53,1" doraHai="61" doraHaiUra="78" who="1" fromWho="2" sc="250,0,240,36,250,-26,250,0" /><INIT seed="1,0,0,2,0,127" ten="250,276,224,250" oya="1" hai0="102,124,105,69,16,37,70,0,32,135,13,7,82" hai1="88,89,111,71,120,109,93,58,27,12,41,72,132" hai2="43,101,26,106,29,100,53,11,121,54,6,61,84" hai3="34,46,10,36,4,9,87,2,104,57,112,31,125"/><U130/><E71/><V85/><F121/><W122/><G125/><T15/><D37/><U103/><E120/><V40/><F106/><W68/><G68/><T25/><D124/><U128/><E72/><V98/><F40/><W1/><G122/><T51/><D102/><U80/><E132/><V44/><F85/><W5/><G104/><T126/><D105/><U76/><E41/><V47/><F84/><W91/><G112/><T24/><D126/><U114/><E114/><V8/><F8/><W78/><G78/><T119/><D82/><U59/><E12/><V67/><F47/><W77/><G77/><T92/><D92/><U42/><E42/><V48/><F101/><W39/><G46/><T63/><D51/><U30/><E103/><V64/><F11/><W133/><G133/><T110/><D63/><U60/><E80/><V97/><F6/><W99/><G99/><T35/><D135/><U56/><E60/><V83/><F83/><W21/><G34/><T90/><D0/><U14/><E14/><V94/><F97/><W131/><G57/><T115/><D7/><U75/><E75/><V113/><F113/><W117/><G117/><T73/><D73/><U62/><E62/><V45/><F45/><W65/><G2/><T74/><D74/><U50/><E50/><V96/><F96/><W134/><G134/><T108/><D115/><U81/><E81/><V118/><F118/><W28/><G5/><T66/><D119/><U107/><E107/><V23/><F67/><W55/><G4/><T17/><D66/><U20/><E76/><V49/><F49/><RYUUKYOKU ba="0,0" sc="250,15,276,-15,224,15,250,-15" hai0="13,15,16,17,24,25,32,35,69,70,90,108,110" hai2="23,26,29,43,44,48,53,54,61,64,94,98,100" /><INIT seed="2,1,0,2,2,41" ten="265,261,239,235" oya="2" hai0="129,35,99,4,66,108,13,75,80,85,78,9,122" hai1="104,36,18,125,5,56,118,47,0,96,63,52,49" hai2="72,60,46,39,91,77,116,127,90,109,61,21,45" hai3="12,128,30,42,10,81,50,115,121,98,103,89,112"/><V15/><F116/><W71/><G71/><T22/><D35/><U28/><E118/><V83/><F127/><W7/><G121/><T25/><D122/><U120/><E125/><V8/><F39/><W101/><G128/><T62/><D129/><U133/><E120/><V117/><F117/><W48/><G30/><T53/><D99/><U64/><E28/><V132/><F21/><W65/><G65/><T84/><D53/><U102/><E133/><V111/><F132/><W114/><G103/><T20/><D20/><U27/><E18/><V70/><F90/><W92/><G42/><T119/><D108/><N who="2" m="41546" /><F91/><W23/><G23/><T86/><D119/><U126/><E126/><V67/><F60/><W110/><G110/><T69/><REACH who="0" step="1"/><D75/><REACH who="0" ten="255,261,239,235" step="2"/><U113/><E113/><V34/><F34/><W16/><G101/><T100/><D100/><U3/><E102/><V26/><F26/><W106/><G115/><T17/><AGARI ba="1,1" hai="4,9,13,17,22,25,62,66,69,78,80,84,85,86" machi="17" ten="20,2700,0" yaku="1,1,0,1,7,1,53,0" doraHai="41" doraHaiUra="31" who="0" fromWho="0" sc="255,40,261,-8,239,-14,235,-8" /><INIT seed="3,0,0,0,3,124" ten="295,253,225,227" oya="3" hai0="60,127,107,33,132,15,5,99,80,133,116,123,34" hai1="35,101,69,38,39,13,130,119,23,111,103,85,131" hai2="74,50,67,113,86,110,62,65,109,28,27,55,1" hai3="17,22,41,56,93,21,115,2,18,10,91,0,72"/><W48/><G72/><T37/><D37/><U118/><E35/><V125/><F74/><W29/><G115/><T105/><D80/><U51/><E69/><V49/><F1/><W92/><G29/><T43/><D43/><U97/><E111/><N who="2" m="42507" /><F113/><W106/><G106/><T129/><D60/><U135/><E135/><N who="0" m="51785" /><D123/><U76/><E51/><N who="2" m="19467" /><F86/><W57/><G10/><N who="0" m="4559" /><D116/><N who="1" m="44587" /><E85/><V117/><F117/><W44/><G2/><T134/><D127/><U94/><E103/><V8/><F125/><W126/><G0/><T31/><D107/><U66/><E76/><V79/><F8/><W114/><G126/><T71/><D71/><U70/><E39/><V9/><F9/><W68/><G68/><T64/><D64/><U54/><E38/><V82/><F82/><W14/><G114/><T121/><D121/><U58/><E66/><V6/><F79/><W96/><REACH who="3" step="1"/><G93/><REACH who="3" ten="295,253,225,217" step="2"/><T90/><D105/><U40/><E70/><V87/><F28/><W120/><G120/><T98/><D31/><U84/><E94/><V89/><F6/><W59/><G59/><T52/><D134/><U20/><E58/><V19/><F65/><W45/><G45/><T112/><D112/><U4/><E4/><V73/><F67/><W81/><G81/><T128/><D33/><U95/><E95/><V78/><F73/><W3/><G3/><T75/><D34/><U36/><E23/><V108/><F108/><W42/><G42/><T77/><D75/><U122/><E20/><V100/><F55/><W63/><G63/><T61/><D52/><U88/><E54/><V7/><F62/><W25/><AGARI ba="0,1" hai="14,17,18,21,22,25,41,44,48,56,57,91,92,96" machi="25" ten="20,18000,2" yaku="1,1,5,1,0,1,7,1,8,1,53,2" doraHai="124" doraHaiUra="12" who="3" fromWho="3" sc="295,-60,253,-60,225,-60,217,190" /><INIT seed="3,1,0,0,0,33" ten="235,193,165,407" oya="3" hai0="27,121,37,65,11,52,99,35,46,50,5,86,53" hai1="103,79,116,70,10,54,101,36,78,32,21,57,25" hai2="110,102,83,111,82,125,41,133,51,89,68,135,15" hai3="77,24,112,115,92,100,8,29,43,104,12,96,73"/><W40/><G104/><T2/><D121/><U13/><E70/><V56/><F68/><W88/><G115/><T98/><D65/><U23/><E36/><V105/><F15/><W18/><G112/><T90/><D37/><U106/><E116/><V127/><F56/><W95/><G77/><N who="1" m="29194" /><E32/><V67/><F51/><W66/><G66/><T93/><REACH who="0" step="1"/><D53/><REACH who="0" ten="225,193,165,407" step="2"/><U3/><E54/><V38/><F38/><W124/><G124/><N who="2" m="47689" /><F67/><W97/><REACH who="3" step="1"/><G73/><REACH who="3" ten="225,193,165,397" step="2"/><T94/><D94/><U49/><E106/><V64/><F64/><W19/><G19/><T119/><D119/><U130/><E130/><V120/><F120/><W87/><G87/><T63/><D63/><U45/><E49/><V7/><F105/><W14/><G14/><T39/><D39/><U17/><E13/><V81/><F135/><W61/><G61/><T129/><D129/><U26/><E17/><V9/><F133/><W58/><G58/><T75/><D75/><U109/><E57/><V113/><F113/><W16/><G16/><T20/><D20/><AGARI ba="1,2" hai="8,12,18,20,24,29,40,43,88,92,95,96,97,100" machi="20" ten="30,11600,0" yaku="1,1,7,1,8,1,54,1,53,0" doraHai="33" doraHaiUra="131" who="3" fromWho="0" sc="225,-119,193,0,165,0,397,139" /><INIT seed="3,2,0,5,4,89" ten="106,193,165,536" oya="3" hai0="8,120,82,33,25,127,26,44,101,102,16,35,61" hai1="55,40,22,6,49,91,83,66,96,117,100,2,90" hai2="57,19,93,53,67,76,77,45,94,0,123,32,48" hai3="24,68,125,128,37,64,111,27,112,14,134,47,75"/><W126/><G75/><T70/><D120/><U74/><E117/><V80/><F32/><W73/><G73/><T109/><D70/><U38/><E66/><V17/><F0/><W88/><G112/><T108/><D61/><U130/><E130/><V104/><F104/><W121/><G121/><T39/><D82/><U95/><E38/><V113/><F113/><W62/><G128/><T60/><D60/><U12/><E2/><V105/><F105/><W79/><G79/><N who="2" m="30281" /><F80/><W103/><G103/><N who="0" m="39435" /><D44/><U133/><E133/><V98/><F123/><W50/><G37/><T58/><D58/><U114/><E114/><V51/><F98/><W135/><G14/><N who="0" m="7239" /><D39/><U132/><E132/><N who="3" m="50730" /><G111/><N who="0" m="42571" /><D127/><U78/><E40/><N who="2" m="24615" /><F67/><W92/><G126/><T46/><D46/><U34/><E83/><V23/><F17/><W18/><G18/><T43/><D43/><U116/><E74/><V110/><F110/><W56/><G68/><T10/><D10/><U7/><E78/><V59/><F59/><W99/><G125/><T11/><D11/><U86/><E6/><V31/><F31/><W28/><G28/><T15/><D15/><AGARI ba="2,0" hai="15,19,23,51,53,57,93,94" m="24615,30281" machi="15" ten="30,3900,0" yaku="8,1,52,2" doraHai="89" who="2" fromWho="0" sc="106,-45,193,0,165,45,536,0" /><INIT seed="4,0,0,3,2,62" ten="61,193,210,536" oya="0" hai0="103,105,19,90,14,0,107,69,28,70,101,77,126" hai1="112,6,81,127,5,73,91,78,114,121,16,31,24" hai2="23,26,125,120,64,66,8,57,76,83,59,104,98" hai3="4,128,96,129,13,119,30,53,110,18,25,47,52"/><T72/><D0/><U17/><E121/><V15/><F120/><W39/><G110/><T108/><D28/><U92/><E127/><V7/><F125/><W122/><G119/><T27/><D27/><U34/><E6/><V54/><F98/><W118/><G4/><T2/><D2/><U40/><E40/><V85/><F104/><W130/><G118/><T106/><D126/><U11/><E5/><V111/><F111/><W115/><G115/><N who="1" m="44074" /><E11/><V82/><F83/><W113/><G113/><T95/><D108/><U32/><E34/><V97/><F97/><AGARI ba="0,0" hai="16,17,24,31,32,73,78,81,91,92,97" m="44074" machi="97" ten="30,3900,0" yaku="15,1,11,1,54,1" doraHai="62" who="1" fromWho="2" sc="61,0,193,39,210,-39,536,0" /><INIT seed="5,0,0,1,2,23" ten="61,232,171,536" oya="1" hai0="22,53,2,32,93,10,29,101,109,77,72,55,78" hai1="21,52,47,36,38,34,116,6,97,80,125,102,3" hai2="75,46,131,64,95,43,104,84,18,103,31,7,69" hai3="68,98,1,86,76,129,132,30,111,121,115,118,63"/><U135/><E34/><V4/><F131/><W28/><G121/><T92/><D32/><U73/><E116/><V82/><F18/><W16/><G1/><T39/><D39/><U79/><E135/><V81/><F81/><W74/><G74/><T26/><D109/><U119/><E119/><V94/><F94/><W5/><G5/><T130/><D130/><U33/><E33/><V49/><F31/><W107/><G132/><T71/><D71/><U65/><E65/><V15/><F64/><W45/><G111/><T100/><D2/><U60/><E125/><V20/><F69/><W13/><G118/><T27/><D22/><U24/><E6/><V25/><F15/><W83/><G115/><T89/><D72/><U0/><E38/><V96/><F104/><W99/><G129/><T67/><D67/><U113/><E113/><V61/><F61/><W114/><G114/><T62/><D29/><N who="3" m="11369" /><G107/><T50/><D10/><U133/><E133/><V106/><F20/><N who="3" m="11279" /><G68/><T57/><D62/><U126/><E60/><V90/><F25/><W9/><G9/><T35/><D35/><U123/><E123/><V42/><REACH who="2" step="1"/><F43/><REACH who="2" ten="61,232,161,536" step="2"/><W58/><G63/><T48/><REACH who="0" step="1"/><D89/><REACH who="0" ten="51,232,161,536" step="2"/><U108/><E0/><V117/><F117/><W59/><G76/><AGARI ba="0,2" hai="4,7,42,46,49,75,76,82,84,90,95,96,103,106" machi="76" ten="40,8000,1" yaku="1,1,24,2,53,1" doraHai="23" doraHaiUra="88" who="2" fromWho="3" sc="51,0,232,0,161,100,536,-80" /><INIT seed="6,0,0,5,3,90" ten="51,232,261,456" oya="2" hai0="38,112,4,25,46,84,93,23,124,24,91,92,97" hai1="39,28,128,110,44,8,116,126,99,111,102,74,78" hai2="120,22,101,60,68,48,32,12,1,3,6,59,10" hai3="79,76,94,72,81,121,33,51,115,114,57,106,53"/><V87/><F120/><W16/><G106/><T21/><D112/><N who="3" m="43049" /><G121/><T64/><D124/><U2/><E28/><V105/><F68/><W96/><G33/><T85/><D4/><N who="1" m="1047" /><E128/><V20/><F32/><W15/><G81/><T80/><D38/><U54/><E54/><V18/><F48/><W52/><G53/><T69/><D46/><U17/><E17/><V50/><F50/><W0/><G0/><T132/><D69/><U104/><E116/><V31/><F31/><W66/><G66/><T117/><D117/><U103/><E103/><V134/><F134/><W29/><G72/><T34/><D132/><U19/><E19/><V7/><F1/><W70/><G70/><T27/><D34/><U109/><E126/><V42/><F42/><W11/><G29/><T73/><D73/><U13/><E44/><V133/><F133/><W61/><G61/><T86/><D64/><U119/><E119/><V14/><F6/><W135/><G135/><T49/><D49/><U88/><E39/><V37/><F37/><W118/><G118/><T107/><D107/><U123/><E123/><V89/><F105/><W125/><G125/><T131/><D131/><U30/><E110/><V40/><F3/><W56/><G56/><T43/><D43/><U47/><E111/><V35/><F40/><W62/><G62/><T75/><D75/><U77/><E74/><V67/><F35/><W129/><G129/><T130/><D130/><U65/><E109/><V41/><F41/><W58/><G58/><T63/><D63/><U36/><E104/><V100/><F22/><W95/><G51/><RYUUKYOKU ba="0,0" sc="51,-10,232,-10,261,30,456,-10" hai2="7,10,12,14,18,20,59,60,67,87,89,100,101" /><INIT seed="6,1,0,1,4,19" ten="41,222,291,446" oya="2" hai0="6,26,44,2,63,46,39,54,62,98,96,112,43" hai1="28,84,133,41,90,18,29,120,118,119,50,71,61" hai2="69,21,9,109,125,116,78,86,108,45,100,17,3" hai3="1,16,94,55,59,57,73,36,135,114,93,117,27"/><V5/><F116/><W101/><G117/><T104/><D112/><U10/><E133/><V88/><F125/><W132/><G1/><T82/><D6/><U56/><E120/><V34/><F69/><W12/><G36/><T25/><D2/><U85/><E71/><V22/><F34/><W110/><G73/><T126/><D126/><U134/><E134/><N who="3" m="51242" /><G110/><N who="2" m="42601" /><F78/><W42/><G42/><T83/><D43/><U87/><E90/><V81/><F17/><W79/><G79/><T37/><D104/><U52/><E118/><V76/><F100/><W58/><G114/><T74/><REACH who="0" step="1"/><D74/><REACH who="0" ten="31,222,291,446" step="2"/><U107/><E107/><V103/><F103/><W15/><G101/><T8/><D8/><U102/><E102/><V111/><F111/><W23/><G55/><AGARI ba="1,1" hai="25,26,37,39,44,46,54,55,62,63,82,83,96,98" machi="55" ten="25,3200,0" yaku="1,1,22,2,53,0" doraHai="19" doraHaiUra="123" who="0" fromWho="3" sc="31,45,222,0,291,0,446,-35" /><INIT seed="7,0,0,4,3,75" ten="76,222,291,411" oya="3" hai0="122,8,21,91,67,99,2,72,87,111,126,84,92" hai1="106,5,58,63,40,4,112,47,66,15,127,109,119" hai2="35,56,32,9,34,118,51,71,45,121,73,39,107" hai3="25,0,115,13,50,90,38,124,59,57,130,26,83"/><W88/><G38/><T28/><D72/><U12/><E112/><V76/><F118/><W100/><G0/><T81/><D111/><U102/><E109/><V44/><F56/><W85/><G115/><T86/><D122/><U108/><E108/><V43/><F121/><W42/><G130/><T54/><D126/><U93/><E106/><V128/><F128/><W29/><G124/><T129/><D129/><U131/><E119/><V94/><F94/><W22/><G100/><T80/><D2/><U7/><E131/><V89/><F89/><W77/><G26/><T11/><D67/><U82/><E127/><V98/><F45/><N who="3" m="25911" /><G13/><T41/><D41/><U20/><E20/><V113/><F51/><W69/><G69/><T36/><D54/><U55/><E55/><V33/><F33/><W23/><G23/><T1/><D36/><U37/><E82/><V74/><F71/><W64/><G59/><T19/><D28/><U6/><E6/><V125/><F35/><W95/><G95/><T68/><D68/><U14/><E93/><V134/><F34/><W60/><AGARI ba="0,0" hai="22,25,29,57,60,64,77,83,85,88,90" m="25911" machi="60" ten="30,6000,0" yaku="8,1,52,1,54,1" doraHai="75" who="3" fromWho="3" sc="76,-20,222,-20,291,-20,411,60" owari="56,-44.0,202,-20.0,271,7.0,471,57.0" /></mjloggm>