<mjloggm ver="2.3"><GO type="41" lobby="0"/><UN n0="%E8%9B%99%E3%81%AE%E7%8E%8B%E6%A7%98" n1="%E5%B0%B1%E6%B4%BB%E7%94%9F%40%E5%B7%9D%E6%9D%91%E8%BB%8D%E5%9B%A3" n2="%63%68%6F%62%69%33%32%38" n3="%78%E3%83%AB%E3%83%AB%78" dan="15,17,16,13" rate="2022.29,2175.74,2052.59,1823.98" sx="M,M,M,M"/><TAIKYOKU oya="0"/><INIT seed="0,0,0,5,2,11" ten="250,250,250,250" oya="0" hai0="96,12,51,53,135,100,131,95,70,113,54,47,21" hai1="103,31,122,16,33,133,3,74,26,125,129,112,81" hai2="17,22,111,5,42,72,93,109,10,7,94,87,80" hai3="98,36,108,59,82,116,38,114,37,132,126,0,62"/><T106/><D113/><U88/><E122/><V44/><F5/><W19/><G114/><T63/><D131/><U120/><E112/><V43/><F43/><W18/><G116/><T8/><D135/><U14/><E3/><V68/><F68/><W89/><G0/><T90/><D21/><U34/><E120/><V110/><F7/><W121/><G121/><T79/><D79/><U39/><E39/><N who="2" m="21599" /><F10/><W83/><G132/><T52/><D63/><U55/><E129/><V65/><F65/><W32/><G32/><T24/><D24/><U128/><E128/><V134/><F72/><W35/><G35/><T46/><D46/><U45/><E133/><V69/><F69/><W56/><G56/><T73/><D73/><U71/><E71/><V102/><F102/><W48/><G48/><T92/><D70/><U97/><E125/><V30/><F30/><W60/><G60/><T64/><D64/><U118/><E118/><V23/><F23/><W50/><G50/><T13/><D106/><U29/><E34/><V27/><F134/><W67/><G126/><T15/><REACH who="0" step="1"/><D8/><REACH who="0" ten="240,250,250,250" step="2"/><N who="1" m="6215" /><E33/><V61/><F61/><W123/><G123/><T75/><D75/><U9/><E9/><V84/><F84/><AGARI ba="0,1" hai="12,13,15,47,51,52,53,54,84,90,92,95,96,100" machi="84" ten="40,18000,2" yaku="1,1,8,1,52,3,54,1,53,0" doraHai="11" doraHaiUra="124" who="0" fromWho="2" sc="240,190,250,0,250,-180,250,0" /><INIT seed="0,1,0,5,2,120" ten="430,250,70,250" oya="0" hai0="130,7,71,133,106,51,3,72,20,70,96,22,23" hai1="16,25,94,56,58,131,48,10,45,114,122,90,28" hai2="59,84,91,9,43,44,33,85,78,5,97,4,65" hai3="86,123,73,60,27,14,95,126,42,121,17,54,67"/><T115/><D115/><U40/><E122/><N who="3" m="46602" /><G73/><T129/><D133/><U101/><E114/><V125/><F33/><W18/><G42/><T69/><D51/><U35/><E131/><N who="0" m="50185" /><D72/><U76/><E76/><V124/><F43/><W92/><G126/><T41/><D41/><U49/><E101/><V103/><F44/><W87/><G54/><T81/><D81/><U83/><E83/><V13/><F78/><W6/><G6/><T79/><D79/><U117/><E117/><V64/><F4/><W89/><G92/><T75/><D75/><U112/><E112/><V111/><F103/><W0/><G86/><T32/><D32/><U15/><REACH who="1" step="1"/><E48/><REACH who="1" ten="430,240,70,250" step="2"/><V37/><F91/><W57/><G89/><T108/><D71/><U46/><E46/><V135/><F97/><AGARI ba="1,1" hai="10,15,16,25,28,35,40,45,49,56,58,90,94,97" machi="97" ten="30,3900,0" yaku="1,1,7,1,54,1,53,0" doraHai="120" doraHaiUra="98" who="1" fromWho="2" sc="430,0,240,52,70,-42,250,0" /><INIT seed="1,0,0,5,1,123" ten="430,292,28,250" oya="1" hai0="91,111,85,81,28,46,19,33,52,5,37,27,127" hai1="106,86,134,63,49,124,67,26,107,73,34,108,128" hai2="3,1,130,7,16,43,40,66,45,126,9,35,65" hai3="59,62,114,131,71,84,103,78,74,101,55,41,22"/><U96/><E73/><V10/><F126/><W82/><G131/><T83/><D127/><U36/><E36/><V113/><F130/><W25/><G114/><T29/><D29/><N who="1" m="19767" /><E124/><V2/><F35/><W44/><G71/><T23/><D5/><U98/><E128/><V60/><F113/><W15/><G15/><T105/><D105/><U4/><E4/><V48/><F40/><W21/><G74/><T50/><D37/><U39/><E39/><V61/><F61/><W13/><G13/><T51/><D51/><U70/><E134/><V94/><F94/><W129/><G21/><T11/><D111/><U80/><E49/><V69/><REACH who="2" step="1"/><F66/><REACH who="2" ten="430,292,18,250" step="2"/><W133/><G129/><T14/><D33/><U6/><E106/><V30/><F30/><W119/><G133/><T8/><D8/><U95/><E95/><AGARI ba="0,1" hai="11,14,19,23,27,28,46,50,52,81,83,85,91,95" machi="95" ten="30,3900,0" yaku="7,1,8,1,54,1" doraHai="123" who="0" fromWho="1" sc="430,49,292,-39,18,0,250,0" /><INIT seed="2,0,0,3,4,50" ten="479,253,18,250" oya="2" hai0="82,116,1,32,13,120,62,86,114,109,53,133,7" hai1="80,15,112,68,93,61,67,16,23,46,70,24,28" hai2="104,115,63,108,77,105,95,131,89,21,52,60,64" hai3="0,87,74,39,44,84,14,58,78,42,10,101,48"/><V125/><F115/><W134/><G134/><T121/><D114/><U117/><E112/><V57/><F77/><W30/><G30/><T54/><D13/><U69/><E117/><V40/><F40/><W76/><G101/><T33/><D62/><U128/><E128/><V49/><F131/><W103/><G103/><T107/><D107/><U123/><E123/><V73/><F73/><W135/><G135/><T26/><D133/><U59/><E93/><V130/><F130/><W31/><G31/><T18/><D18/><U91/><E91/><V98/><F125/><W12/><G12/><T5/><D26/><U65/><E80/><V85/><F108/><W11/><G78/><T29/><D29/><U90/><E90/><V51/><F21/><W4/><G58/><T81/><D86/><U94/><E94/><V43/><F43/><W79/><G48/><T35/><D35/><U37/><E37/><V3/><F3/><W2/><G79/><T47/><D47/><U122/><E46/><V111/><F111/><W118/><G118/><T25/><D109/><U38/><E38/><V100/><F105/><W110/><G110/><T96/><D116/><U99/><E99/><V55/><F64/><W20/><G2/><T27/><D96/><U17/><E122/><V56/><AGARI ba="0,0" hai="49,51,52,55,56,57,60,63,85,89,95,98,100,104" machi="56" ten="20,18000,2" yaku="0,1,7,1,9,1,52,2,54,1" doraHai="50" who="2" fromWho="2" sc="479,-60,253,-60,18,180,250,-60" /><INIT seed="2,1,0,0,0,101" ten="419,193,198,190" oya="2" hai0="4,87,80,46,70,95,25,7,50,114,44,69,61" hai1="91,47,125,133,26,36,1,52,55,127,113,117,81" hai2="121,29,11,21,103,79,97,10,13,71,92,74,129" hai3="14,130,19,57,34,123,39,3,24,58,72,89,60"/><V73/><F71/><W5/><G123/><T102/><D114/><U59/><E117/><V6/><F121/><W42/><G72/><T122/><D122/><U112/><E1/><V0/><F129/><W17/><G130/><T135/><D135/><U41/><E26/><V54/><F79/><W2/><G39/><T45/><D69/><U22/><E22/><V83/><F83/><W18/><G42/><T12/><D25/><U23/><E23/><V66/><F66/><W48/><G89/><T108/><D108/><U68/><E91/><V120/><F120/><W40/><G14/><T128/><D128/><U49/><E81/><V96/><F96/><W93/><G93/><T31/><D31/><U86/><E86/><V76/><F76/><W124/><G124/><N who="1" m="47690" /><E133/><V78/><F78/><W28/><G5/><T90/><D7/><U35/><E35/><V15/><F54/><N who="1" m="20521" /><E68/><V118/><F118/><W20/><G34/><T56/><D70/><U106/><E106/><V116/><F116/><W105/><G105/><T75/><D75/><U63/><E36/><V88/><F103/><W37/><G2/><T85/><D102/><U33/><E33/><V107/><F107/><W115/><G37/><T126/><D80/><U32/><E32/><V84/><F84/><W43/><G3/><T98/><D87/><U9/><E9/><V16/><F29/><W8/><G8/><N who="0" m="4103" /><D85/><U131/><E131/><V77/><F77/><W100/><G100/><T53/><D126/><U67/><AGARI ba="1,0" hai="41,47,49,59,63,67,112,113" m="20521,47690" machi="67" ten="30,7900,0" yaku="18,1,34,2,54,1" doraHai="101" who="1" fromWho="1" sc="419,-21,193,82,198,-40,190,-21" /><INIT seed="3,0,0,3,0,90" ten="398,275,158,169" oya="3" hai0="66,124,93,36,110,45,98,19,35,12,53,73,74" hai1="6,44,113,123,62,21,33,46,29,108,130,47,106" hai2="94,102,32,23,129,79,38,68,135,77,88,104,114" hai3="99,121,115,52,125,43,64,49,63,112,109,4,65"/><W9/><G121/><T55/><D35/><U42/><E106/><V71/><F32/><W5/><G125/><T16/><D124/><U131/><E33/><V37/><F114/><W126/><G126/><T27/><D110/><U83/><E113/><V78/><F104/><W96/><G43/><T100/><D66/><U117/><E123/><V97/><F129/><N who="1" m="49161" /><E108/><V119/><F119/><W18/><G109/><T86/><D55/><U105/><E105/><V48/><F135/><W34/><G34/><T2/><D2/><U87/><E6/><N who="3" m="2666" /><G63/><T1/><D1/><U30/><E117/><V40/><F102/><W85/><G115/><T95/><D27/><N who="1" m="16623" /><E30/><V61/><F23/><W70/><G70/><T8/><D19/><U69/><E62/><V58/><F68/><W17/><G85/><T72/><D86/><U116/><E69/><V22/><F22/><W25/><G25/><T122/><D122/><U24/><E24/><V54/><REACH who="2" step="1"/><F71/><REACH who="2" ten="398,275,148,169" step="2"/><W39/><G112/><T134/><D134/><U132/><E132/><V128/><F128/><W0/><G9/><T11/><D8/><U26/><E116/><V92/><F92/><W103/><G0/><T41/><D95/><U10/><E10/><V120/><F120/><W107/><G107/><T14/><D11/><U81/><E26/><V118/><F118/><W80/><G103/><T111/><D111/><U59/><E83/><V51/><F51/><W15/><G80/><T89/><D100/><U84/><E81/><V60/><F60/><W7/><G49/><T75/><N who="0" m="18432" /><DORA hai="28" /><T31/><D93/><U67/><E42/><RYUUKYOKU ba="0,1" sc="398,-15,275,15,148,15,169,-15" hai1="44,46,47,59,67,84,87" hai2="37,38,40,48,54,58,61,77,78,79,88,94,97" /><INIT seed="4,1,1,0,0,92" ten="383,290,163,154" oya="0" hai0="10,89,67,82,94,59,52,91,24,29,9,78,61" hai1="58,127,7,46,33,31,112,88,110,103,120,36,18" hai2="11,14,4,86,84,130,135,0,45,76,105,13,107" hai3="108,17,60,131,79,27,32,43,63,90,80,28,47"/><T132/><D132/><U42/><E120/><V75/><F135/><W26/><G108/><T19/><D67/><U97/><E110/><V54/><F130/><W48/><G131/><T124/><D124/><U50/><E127/><V121/><F121/><W99/><G27/><T21/><D29/><U57/><E7/><V69/><F69/><W87/><REACH who="3" step="1"/><G17/><REACH who="3" ten="383,290,163,144" step="2"/><T85/><REACH who="0" step="1"/><D91/><REACH who="0" ten="373,290,163,144" step="2"/><U2/><E88/><V71/><F71/><W116/><G116/><T128/><D128/><U102/><E31/><V111/><F111/><W83/><G83/><T5/><D5/><U129/><E129/><V104/><F4/><W35/><G35/><T40/><D40/><U93/><E42/><V74/><F76/><W125/><G125/><T6/><D6/><U22/><E18/><V49/><F0/><W3/><G3/><T106/><D106/><U37/><E2/><V68/><F68/><W44/><G44/><T100/><D100/><U98/><E46/><V115/><F107/><W73/><G73/><AGARI ba="1,3" hai="9,10,19,21,24,52,59,61,73,78,82,85,89,94" machi="73" ten="30,5800,0" yaku="1,1,7,1,54,1,53,0" doraHai="92" doraHaiUra="117" who="0" fromWho="3" sc="373,91,290,0,163,0,144,-61" /><INIT seed="4,2,0,5,0,79" ten="464,290,163,83" oya="0" hai0="72,49,22,15,111,28,100,121,104,41,132,66,119" hai1="78,93,5,94,1,36,44,53,43,50,98,83,33" hai2="109,64,129,62,110,38,73,106,55,9,30,105,102" hai3="29,69,13,3,74,7,27,59,101,124,21,20,113"/><T46/><D22/><U88/><E33/><V31/><F73/><W87/><G69/><T12/><D28/><U135/><E135/><V92/><F92/><W17/><G74/><T18/><D66/><U86/><E1/><V8/><F102/><W25/><G101/><T68/><D68/><U82/><E5/><V11/><F129/><W52/><G124/><T26/><D26/><U71/><E71/><V122/><F64/><W67/><G67/><T114/><D15/><U6/><E6/><V0/><F0/><W34/><G113/><T81/><D81/><U23/><E23/><V63/><F55/><W56/><G56/><T97/><D72/><U127/><E127/><V96/><F96/><W51/><G3/><T42/><D42/><U65/><E65/><V134/><F8/><W58/><G58/><T35/><D41/><U2/><E2/><V84/><F84/><W48/><G7/><T125/><D46/><U10/><E10/><V60/><F60/><W118/><G118/><T75/><D119/><U99/><E99/><V32/><F38/><W61/><REACH who="3" step="1"/><G87/><REACH who="3" ten="464,290,163,73" step="2"/><T117/><D117/><U80/><E93/><V14/><F106/><W40/><G40/><T85/><D104/><U116/><E116/><V90/><F105/><W57/><G57/><AGARI ba="2,1" hai="36,43,44,50,53,57,78,80,82,83,86,88,94,98" machi="57" ten="30,8000,1" yaku="7,1,52,3,54,1" doraHai="79" who="1" fromWho="3" sc="464,0,290,96,163,0,73,-86" owari="464,56.0,386,19.0,163,-24.0,-13,-51.0" /></mjloggm>