<mjloggm ver="2.3"><GO type="41" lobby="0"/><UN n0="%E4%B8%83%E7%80%AC%E3%81%BE%E3%82%8B" n1="%E5%B0%B1%E6%B4%BB%E7%94%9F%40%E5%B7%9D%E6%9D%91%E8%BB%8D%E5%9B%A3" n2="%E4%BD%90%E8%97%A4%E5%84%AA%E6%A8%B9%E2%98%86%E3%83%9F" n3="%E3%81%AA%E3%82%93%E3%81%93%E3%81%A4%5F%30%39" dan="13,17,14,14" rate="1846.07,2179.71,2028.16,1894.76" sx="F,M,M,M"/><TAIKYOKU oya="0"/><INIT seed="0,0,0,1,0,73" ten="250,250,250,250" oya="0" hai0="53,130,41,66,70,19,133,96,99,114,113,2,127" hai1="54,40,61,85,58,106,22,7,105,37,25,104,88" hai2="35,97,10,103,134,117,59,48,77,46,62,107,118" hai3="1,112,27,119,42,69,86,29,11,132,45,125,3"/><T110/><D41/><U89/><E7/><V23/><F35/><W12/><G112/><T71/><D2/><U98/><E98/><V100/><F100/><W84/><G119/><T6/><D6/><U8/><E8/><V115/><F115/><W50/><G69/><T72/><D133/><U108/><E108/><V31/><F134/><W15/><G132/><T24/><D110/><U76/><E40/><V39/><F39/><W28/><G125/><T80/><D99/><U87/><E37/><V90/><F10/><W47/><G27/><T14/><D24/><U129/><E129/><V109/><F90/><W17/><G12/><T78/><D127/><U111/><E111/><V63/><F109/><W79/><G47/><T95/><D53/><U64/><E64/><V121/><F121/><W81/><REACH who="3" step="1"/><G86/><REACH who="3" ten="250,250,250,240" step="2"/><T49/><D71/><U13/><E13/><V5/><F118/><W135/><G135/><T9/><D130/><U38/><E87/><V91/><F117/><W20/><G20/><T34/><D34/><U123/><E123/><V56/><F23/><W36/><G36/><T82/><D114/><U52/><E38/><V51/><F107/><W83/><G83/><T57/><D82/><U0/><E0/><AGARI ba="0,1" hai="0,1,3,11,15,17,28,29,42,45,50,79,81,84" machi="0" ten="40,2600,0" yaku="1,1,52,1,53,0" doraHai="73" doraHaiUra="68" who="3" fromWho="1" sc="250,0,250,-26,250,0,240,36" /><INIT seed="1,0,0,5,5,133" ten="250,224,250,276" oya="1" hai0="65,106,28,34,124,120,113,81,7,61,16,126,110" hai1="85,27,118,54,55,89,52,74,13,68,3,36,38" hai2="75,69,100,121,122,130,79,44,4,115,98,62,12" hai3="42,46,78,135,119,67,104,125,129,72,80,11,24"/><U64/><E3/><V95/><F75/><W32/><G135/><T40/><D113/><U105/><E118/><V20/><F79/><W59/><G104/><T90/><D7/><U29/><E74/><V18/><F115/><W22/><G32/><T77/><D106/><U117/><E117/><V128/><F4/><W88/><G119/><T19/><D40/><U17/><E105/><V82/><F82/><W97/><G129/><N who="2" m="49769" /><F44/><W114/><G114/><T127/><D90/><U53/><E68/><V5/><F5/><W111/><G111/><T63/><D110/><U107/><E64/><AGARI ba="0,0" hai="12,18,20,62,64,69,95,98,100,121,122" m="49769" machi="64" ten="30,1000,0" yaku="19,1" doraHai="133" who="2" fromWho="1" sc="250,0,224,-10,250,10,276,0" /><INIT seed="2,0,0,2,3,47" ten="250,214,260,276" oya="2" hai0="120,98,7,19,79,3,23,108,34,39,109,129,24" hai1="95,60,16,116,70,35,54,51,29,89,135,4,133" hai2="83,100,28,132,97,0,56,131,93,117,88,74,122" hai3="76,126,45,127,103,37,75,91,68,21,17,115,64"/><V50/><F0/><W32/><G32/><T125/><D79/><U55/><E4/><V102/><F117/><W14/><G68/><T123/><D98/><U130/><E116/><V69/><F69/><W124/><G64/><T73/><D73/><U22/><E130/><V57/><F122/><N who="0" m="46634" /><D39/><U86/><E29/><V104/><F132/><N who="1" m="50761" /><E35/><V11/><F131/><W92/><G115/><T62/><D62/><U107/><E107/><V96/><F11/><W27/><G103/><T99/><D99/><U58/><E70/><V105/><F28/><N who="3" m="17519" /><G76/><T42/><D42/><U77/><E77/><N who="2" m="44471" /><F50/><W111/><G75/><T85/><D34/><U5/><E5/><V15/><F15/><W6/><G6/><T25/><D7/><U46/><E55/><V38/><F38/><W128/><G128/><T80/><D3/><U87/><E46/><V82/><F82/><W66/><G37/><T119/><D129/><U20/><E20/><V67/><F67/><W2/><G66/><T118/><D25/><N who="1" m="14535" /><E86/><AGARI ba="0,0" hai="56,57,86,88,93,96,97,100,102,104,105" m="44471" machi="86" ten="30,2900,0" yaku="24,1,54,1" doraHai="47" who="2" fromWho="1" sc="250,0,214,-29,260,29,276,0" /><INIT seed="2,1,0,5,0,69" ten="250,185,289,276" oya="2" hai0="46,15,38,16,84,82,57,86,104,113,54,41,92" hai1="33,1,78,52,105,111,8,49,37,114,3,11,74" hai2="66,35,89,63,65,39,109,116,115,14,5,67,122" hai3="93,61,42,21,45,30,27,128,108,48,36,130,127"/><V2/><F35/><W110/><G127/><T31/><D104/><U124/><E114/><V91/><F2/><W79/><G79/><T75/><D31/><U120/><E105/><V97/><F115/><W9/><G9/><T29/><D29/><U12/><E33/><V47/><F116/><W98/><G61/><T123/><D113/><U50/><E111/><N who="3" m="42538" /><G48/><T13/><D13/><U24/><E24/><V96/><F109/><W0/><G0/><T32/><D32/><U59/><E124/><V51/><F122/><W6/><G6/><T40/><D40/><U88/><E120/><V4/><F63/><W43/><G43/><T55/><D54/><U22/><E78/><V102/><F39/><W60/><G60/><T106/><D75/><U64/><E37/><V132/><F132/><W129/><G129/><T23/><D106/><U28/><E74/><V133/><F133/><W19/><G30/><T134/><D123/><U18/><E64/><V95/><F14/><W71/><G71/><T121/><D121/><U25/><E50/><V85/><F97/><W135/><G135/><T94/><D86/><U62/><E8/><V80/><REACH who="2" step="1"/><F89/><AGARI ba="1,0" hai="19,21,27,36,42,45,89,93,98,128,130" m="42538" machi="89" ten="30,2000,0" yaku="14,1,52,1" doraHai="69" who="3" fromWho="2" sc="250,0,185,0,289,-23,276,23" /><INIT seed="3,0,0,1,2,71" ten="250,185,266,299" oya="3" hai0="50,64,37,78,38,69,17,132,130,44,54,96,75" hai1="73,4,8,114,112,106,86,133,21,115,100,118,113" hai2="48,119,90,46,135,62,126,108,131,124,92,87,6" hai3="11,80,22,123,39,74,30,45,51,32,81,0,55"/><W107/><G123/><T89/><D132/><U57/><E73/><V120/><F6/><W111/><G32/><T85/><D96/><U9/><E133/><V88/><F135/><W93/><G107/><T129/><D78/><U110/><E110/><V127/><F108/><W79/><G111/><T98/><D98/><U56/><E118/><V101/><F119/><W41/><G93/><T52/><D17/><U68/><E68/><V116/><F116/><W72/><G0/><T121/><D75/><U19/><N who="1" m="29184" /><DORA hai="95" /><U43/><E43/><V117/><F117/><W28/><G11/><T61/><D54/><U134/><E134/><V25/><F120/><W99/><G99/><T63/><D63/><U58/><E4/><V42/><F101/><W26/><G30/><T109/><D121/><U20/><E20/><V13/><F13/><W128/><G128/><N who="0" m="49259" /><D109/><U60/><E60/><V76/><F131/><W105/><G105/><T65/><D65/><U103/><E86/><V14/><F62/><W122/><G122/><T94/><AGARI ba="0,0" hai="37,38,44,50,52,61,64,69,85,89,94" m="49259" machi="94" ten="30,7900,0" yaku="19,1,52,2,54,1" doraHai="71,95" who="0" fromWho="0" sc="250,79,185,-20,266,-20,299,-39" /><INIT seed="4,0,0,5,1,55" ten="329,165,246,260" oya="0" hai0="79,117,105,80,81,86,114,116,14,100,27,47,54" hai1="82,49,8,46,12,121,25,11,131,106,113,40,57" hai2="119,33,28,99,9,115,92,7,38,44,102,37,43" hai3="31,52,95,69,64,29,1,107,2,75,67,53,56"/><T3/><D3/><U51/><E121/><V103/><F37/><W61/><G107/><T96/><D114/><U78/><E131/><V30/><F115/><W36/><G36/><T68/><D68/><U26/><E106/><V94/><F119/><W34/><G75/><T18/><D27/><U126/><E126/><V88/><F33/><W10/><G34/><T93/><D105/><U101/><E101/><V35/><F35/><W4/><G2/><T42/><D81/><U65/><E113/><V59/><F103/><W128/><G128/><T50/><REACH who="0" step="1"/><D42/><REACH who="0" ten="319,165,246,260" step="2"/><U41/><E40/><V72/><F72/><W62/><G31/><T98/><D98/><U74/><E25/><V45/><F28/><W15/><G29/><T5/><D5/><U24/><E26/><V122/><F30/><W127/><G127/><T19/><D19/><U73/><E24/><V17/><F122/><W71/><G1/><T66/><D66/><U118/><E118/><V20/><F17/><W110/><G71/><T91/><D91/><U134/><E73/><V87/><F43/><W120/><G120/><T112/><D112/><U125/><E125/><V133/><F38/><W83/><G83/><T13/><D13/><U84/><E74/><V76/><F76/><W39/><G39/><T21/><AGARI ba="0,1" hai="14,18,21,47,50,54,79,80,86,93,96,100,116,117" machi="21" ten="20,3900,0" yaku="1,1,0,1,7,1,53,0" doraHai="55" doraHaiUra="6" who="0" fromWho="0" sc="319,49,165,-13,246,-13,260,-13" /><INIT seed="4,1,0,5,3,57" ten="368,152,233,247" oya="0" hai0="72,52,100,60,11,4,13,69,90,25,46,43,77" hai1="9,74,73,55,30,134,23,103,37,75,83,89,39" hai2="122,123,3,49,65,113,127,133,24,70,120,27,97" hai3="85,101,17,112,117,16,15,34,63,40,7,84,125"/><T44/><D100/><U118/><E118/><V121/><F3/><W106/><G117/><T115/><D69/><U98/><E134/><V96/><F133/><W111/><G111/><T128/><D128/><U95/><E9/><V18/><F127/><W92/><G125/><T42/><D77/><U116/><E116/><V107/><F113/><W82/><G112/><T58/><D72/><U79/><E55/><V126/><F126/><W47/><G34/><T26/><D90/><U68/><E68/><V76/><F76/><W29/><G29/><T53/><D53/><U28/><E28/><V45/><F107/><W20/><G106/><T21/><D115/><U35/><E35/><V80/><F80/><W14/><G63/><T131/><D131/><U110/><E110/><V41/><N who="2" m="31232" /><DORA hai="109" /><V71/><F71/><W124/><G7/><T86/><D86/><U8/><E8/><V108/><F108/><W135/><G135/><T50/><D21/><U91/><E23/><V99/><REACH who="2" step="1"/><F18/><REACH who="2" ten="368,152,223,247" step="2"/><W38/><G124/><T81/><D81/><U130/><E130/><V59/><F59/><W6/><G82/><T1/><D1/><U2/><E2/><V88/><F88/><W19/><G19/><T12/><D12/><U66/><E89/><V56/><F56/><W114/><G114/><T119/><D119/><U54/><E83/><V67/><F67/><W93/><G15/><T33/><D33/><U0/><E0/><V32/><F32/><W22/><G14/><T105/><D105/><U102/><E79/><V48/><F48/><AGARI ba="1,1" hai="4,11,13,25,26,42,43,44,46,48,50,52,58,60" machi="48" ten="30,12000,1" yaku="7,1,9,1,8,1,52,1,54,1" doraHai="57,109" who="0" fromWho="2" sc="368,133,152,0,223,-123,247,0" /><INIT seed="4,2,0,4,1,25" ten="501,152,100,247" oya="0" hai0="110,130,120,48,6,86,98,107,103,82,91,66,108" hai1="92,42,28,102,109,39,51,97,34,81,95,126,74" hai2="38,20,32,77,2,118,73,16,53,71,79,119,21" hai3="29,132,44,87,99,70,56,24,68,93,90,67,116"/><T33/><D120/><U13/><E109/><N who="0" m="42089" /><D66/><U101/><E126/><V94/><F32/><W52/><G132/><T111/><N who="0" m="42097" /><T60/><DORA hai="37" /><D60/><U104/><E39/><V12/><F2/><W115/><G115/><T65/><D65/><U4/><E101/><V85/><F71/><W9/><G9/><T36/><D36/><U72/><E13/><V135/><F135/><W31/><G116/><N who="2" m="44585" /><F73/><W19/><G99/><T54/><D33/><U106/><E4/><V129/><F129/><W125/><G125/><T131/><D6/><U17/><E17/><N who="2" m="10279" /><F53/><W45/><G70/><T63/><D63/><U69/><E69/><V11/><F11/><W30/><G68/><T59/><AGARI ba="2,0" hai="48,54,59,82,86,91,98,103,107,130,131" m="42097" machi="59" ten="40,2100,0" yaku="10,1" doraHai="25,37" who="0" fromWho="0" sc="501,27,152,-9,100,-9,247,-9" /><INIT seed="4,3,0,0,5,18" ten="528,143,91,238" oya="0" hai0="33,17,73,51,53,52,108,94,63,85,60,57,15" hai1="65,90,32,128,20,38,80,125,54,134,58,106,78" hai2="68,23,14,39,12,97,37,100,59,62,46,19,109" hai3="110,10,98,45,120,13,99,111,0,25,127,107,44"/><T49/><D73/><U113/><E32/><V69/><F12/><W27/><G127/><T104/><D104/><U36/><E106/><V4/><F109/><W40/><G0/><T118/><D33/><U71/><E125/><V130/><F130/><W102/><G120/><T101/><D108/><U48/><E128/><V119/><F4/><W11/><G107/><T114/><D114/><U87/><E134/><V116/><F97/><W72/><G13/><T21/><D118/><N who="2" m="45098" /><F100/><W56/><G56/><T31/><D31/><U7/><E7/><V9/><F9/><W55/><G55/><T50/><D101/><U43/><E113/><V95/><F95/><W74/><G102/><T2/><D2/><U30/><E43/><AGARI ba="3,0" hai="10,11,25,27,40,43,44,45,72,74,98,99,110,111" machi="43" ten="25,1600,0" yaku="22,2" doraHai="18" who="3" fromWho="1" sc="528,0,143,-25,91,0,238,25" /><INIT seed="5,0,0,3,5,17" ten="528,118,91,263" oya="1" hai0="14,49,84,114,5,113,71,89,82,9,34,12,27" hai1="68,0,47,8,91,65,24,55,18,102,11,33,129" hai2="69,19,54,111,10,127,79,67,77,96,58,98,64" hai3="104,118,134,29,125,51,16,2,6,87,60,103,32"/><U94/><E129/><V45/><F69/><W35/><G125/><T37/><D37/><U93/><E0/><V128/><F111/><W4/><G134/><T110/><D71/><U38/><E68/><V99/><F128/><W88/><G104/><T119/><D110/><U106/><E106/><V40/><F127/><W15/><G103/><T133/><D119/><U57/><E65/><V115/><F115/><N who="0" m="44042" /><D49/><U63/><E102/><V108/><F108/><W107/><G87/><T124/><D124/><U41/><E93/><V59/><F67/><W95/><G15/><N who="0" m="5551" /><D133/><U105/><E105/><V30/><F30/><AGARI ba="0,0" hai="12,14,27,30,34,82,84,89" m="5551,44042" machi="30" ten="30,1000,0" yaku="15,1" doraHai="17" who="0" fromWho="2" sc="528,10,118,0,91,-10,263,0" /><INIT seed="6,0,0,4,1,103" ten="538,118,81,263" oya="2" hai0="109,125,6,57,41,34,46,32,24,10,74,118,110" hai1="54,80,35,85,59,48,101,71,106,79,40,23,100" hai2="123,15,82,95,51,22,130,104,107,14,81,62,2" hai3="131,9,21,113,86,43,5,135,105,72,26,16,1"/><V121/><F51/><W52/><G72/><T93/><D118/><U36/><E35/><V55/><F55/><W98/><G43/><T73/><D93/><U11/><E11/><V50/><BYE who="1" /><F50/><W17/><G131/><T45/><D57/><U78/><E78/><V20/><F95/><UN n1="%E5%B0%B1%E6%B4%BB%E7%94%9F%40%E5%B7%9D%E6%9D%91%E8%BB%8D%E5%9B%A3" /><W44/><G135/><T126/><D24/><U133/><E133/><V0/><REACH who="2" step="1"/><F130/><REACH who="2" ten="538,118,71,263" step="2"/><W7/><G44/><T117/><D46/><N who="1" m="25671" /><E71/><V38/><F38/><W108/><G52/><T33/><D45/><U132/><E36/><V8/><F8/><W88/><G9/><T56/><D41/><U114/><E132/><V60/><AGARI ba="0,1" hai="0,2,14,15,20,22,60,62,81,82,104,107,121,123" machi="60" ten="25,18000,2" yaku="1,1,0,1,22,2,52,2,53,0" doraHai="103" doraHaiUra="4" who="2" fromWho="2" sc="538,-60,118,-60,71,190,263,-60" /><INIT seed="6,1,0,3,2,93" ten="478,58,261,203" oya="2" hai0="131,99,110,81,45,33,51,7,82,130,44,113,19" hai1="35,84,12,80,103,13,90,37,76,39,120,32,54" hai2="121,60,70,101,27,97,64,43,109,95,105,67,133" hai3="42,125,129,74,92,104,53,40,0,115,9,21,63"/><V48/><F67/><W126/><G104/><T102/><D33/><U107/><E120/><V122/><F133/><W58/><G129/><N who="0" m="49163" /><D7/><U17/><E37/><V96/><F109/><W11/><G74/><T47/><D110/><U6/><E39/><V79/><F79/><W127/><G21/><T62/><D62/><U1/><E1/><V14/><F14/><W52/><G115/><T100/><D100/><U15/><E6/><V89/><F43/><W56/><G92/><N who="0" m="58727" /><D51/><U3/><E3/><V2/><F2/><W117/><G117/><T28/><D28/><U119/><E119/><V94/><F48/><W73/><G73/><T4/><D4/><U61/><E35/><V98/><F27/><W26/><G26/><T91/><D19/><U77/><E32/><V41/><F41/><N who="3" m="15979" /><G0/><T132/><D91/><AGARI ba="1,0" hai="60,64,70,89,91,94,95,96,97,98,101,105,121,122" machi="91" ten="30,12000,1" yaku="7,1,9,1,52,3" doraHai="93" who="2" fromWho="0" sc="478,-123,58,0,261,123,203,0" /><INIT seed="6,2,0,1,0,111" ten="355,58,384,203" oya="2" hai0="1,10,17,84,65,115,104,95,25,70,81,116,61" hai1="75,52,127,102,60,45,48,125,82,23,4,41,43" hai2="35,83,47,134,51,6,89,27,91,126,50,72,33" hai3="74,15,56,53,37,128,135,107,7,20,133,26,93"/><V9/><F50/><W90/><G107/><T57/><D104/><U71/><E102/><V19/><F134/><N who="3" m="51211" /><G128/><T63/><D116/><U103/><E103/><V5/><F126/><W108/><G108/><T31/><D95/><U120/><E4/><V14/><F35/><W76/><G37/><T59/><D63/><U129/><E23/><V21/><F33/><W36/><G36/><T101/><D101/><U24/><E24/><V106/><F106/><W123/><G123/><T130/><D130/><U110/><E110/><V13/><F72/><W113/><G74/><T88/><D115/><U54/><E129/><V80/><F80/><W85/><G76/><T29/><D29/><U18/><E18/><V79/><F5/><W44/><G44/><T68/><D70/><U28/><E28/><V97/><F97/><W12/><G113/><T98/><D1/><U121/><E82/><V119/><F119/><W22/><G7/><T118/><D98/><U38/><E75/><V109/><F13/><N who="3" m="5195" /><G26/><T0/><D118/><U34/><E34/><V94/><F109/><W78/><G78/><T58/><D0/><U55/><E41/><V100/><F100/><W69/><G20/><N who="0" m="15783" /><D68/><U92/><E92/><V49/><F94/><W96/><G69/><T16/><D17/><U99/><E99/><V105/><F105/><W39/><G22/><T32/><D32/><U3/><E3/><V77/><F21/><W62/><G96/><T30/><D30/><U131/><E131/><V112/><F6/><W86/><G86/><T8/><D8/><U114/><E38/><V122/><F9/><RYUUKYOKU ba="2,0" sc="355,15,58,-15,384,-15,203,15" hai0="10,16,57,58,59,61,65,81,84,88" hai3="39,53,56,62,85,90,93" /><INIT seed="7,3,0,0,2,132" ten="370,43,369,218" oya="3" hai0="116,127,75,37,24,47,3,53,105,11,135,64,10" hai1="2,79,19,129,21,118,51,131,71,55,86,33,16" hai2="96,100,108,81,40,0,74,68,107,97,128,87,22" hai3="93,106,1,12,85,76,48,36,84,18,80,126,4"/><W112/><G36/><T42/><D116/><U54/><E2/><V50/><F68/><W63/><G106/><T67/><D105/><U39/><E39/><V69/><F69/><W133/><G133/><T110/><D11/><U28/><E71/><V7/><F108/><W130/><G1/><T6/><D135/><U30/><E33/><V52/><F128/><W31/><G130/><T125/><D24/><U82/><E118/><V20/><F74/><W27/><G4/><T115/><D110/><U46/><E129/><V15/><F40/><W83/><G93/><T104/><D104/><U8/><E131/><V73/><F73/><W29/><G112/><T23/><D23/><N who="2" m="8746" /><F0/><W70/><G48/><T120/><D120/><U88/><E79/><N who="2" m="46527" /><F100/><W101/><G101/><T78/><D53/><U117/><E117/><V49/><F107/><W44/><G44/><T5/><D5/><U123/><E123/><V61/><F61/><W57/><G70/><T58/><D58/><U65/><E65/><N who="0" m="25161" /><D115/><U66/><E66/><V134/><F134/><W113/><G113/><T121/><D121/><U90/><E90/><V109/><F109/><W43/><G43/><T122/><D122/><U56/><E56/><N who="2" m="32783" /><F50/><W45/><G45/><T35/><D35/><U62/><E62/><V103/><F103/><W98/><G98/><T32/><D32/><U102/><E102/><V99/><F99/><W91/><G27/><T77/><D78/><U124/><E124/><N who="0" m="47689" /><D77/><U14/><E55/><V89/><F89/><W92/><G126/><T9/><D75/><U60/><E60/><V17/><F7/><RYUUKYOKU ba="3,0" sc="370,10,43,10,369,10,218,-30" hai0="3,6,9,10,37,42,47" hai1="8,14,16,19,21,28,30,46,51,54,82,86,88" hai2="15,17,96,97" owari="380,48.0,53,-45.0,379,18.0,188,-21.0" /></mjloggm>