<mjloggm ver="2.3"><GO type="169" lobby="0"/><UN n0="%E3%82%A6%E3%83%AB%E3%83%88%E3%83%A9%E7%AB%8B%E7%9B%B4" n1="%E3%83%A4%E3%82%AD%E3%83%B3" n2="%79%61%73%68%69%78" n3="%E3%81%AD%E3%81%98%E3%81%97%E3%81%8D" dan="17,16,16,16" rate="2156.28,2103.98,2118.85,2082.10" sx="M,M,M,M"/><TAIKYOKU oya="0"/><INIT seed="0,0,0,2,3,46" ten="250,250,250,250" oya="0" hai0="86,77,76,65,131,2,111,117,132,24,98,40,133" hai1="42,84,22,30,49,52,109,89,66,104,31,62,114" hai2="0,106,12,122,67,92,81,53,102,61,71,73,45" hai3="90,15,103,88,5,121,32,113,48,124,10,112,3"/><T82/><D117/><U43/><E104/><V105/><F0/><W57/><G121/><T11/><D65/><U127/><E109/><V56/><F106/><W41/><G124/><T93/><D40/><U35/><E35/><V70/><F122/><W79/><G32/><T19/><D111/><U110/><E114/><V108/><F108/><W9/><G103/><T17/><D76/><U7/><E7/><V26/><F105/><W51/><G79/><T123/><D123/><U29/><E22/><V63/><F26/><W100/><G100/><N who="0" m="60495" /><D24/><U68/><E127/><V74/><F71/><W34/><G34/><T47/><D47/><U14/><E14/><V44/><F74/><W96/><G112/><T94/><D94/><U72/><E72/><V36/><F73/><W20/><G113/><T33/><D33/><U25/><E25/><V78/><F36/><W118/><G118/><T129/><D17/><U128/><E128/><N who="0" m="49225" /><D19/><U135/><E110/><V59/><F70/><W8/><G20/><T27/><D27/><U95/><REACH who="1" step="1"/><E135/><REACH who="1" ten="250,240,250,250" step="2"/><N who="0" m="51785" /><D11/><U64/><E64/><V39/><F67/><W16/><G9/><T126/><D2/><U87/><E87/><V21/><F21/><W134/><G134/><T58/><D126/><U37/><E37/><V101/><F39/><W115/><G115/><T97/><D97/><U83/><E83/><V99/><F99/><W18/><G96/><T28/><D28/><U91/><E91/><N who="3" m="34858" /><G10/><T125/><D125/><U116/><E116/><V13/><F102/><W75/><G3/><T4/><D4/><U120/><E120/><V6/><F101/><RYUUKYOKU ba="0,1" sc="250,15,240,15,250,-15,250,-15" hai0="58,77,82,86" hai1="29,30,31,42,43,49,52,62,66,68,84,89,95" /><INIT seed="0,1,1,2,4,18" ten="265,255,235,235" oya="0" hai0="14,45,27,119,35,58,39,0,54,94,37,23,63" hai1="92,43,40,30,122,13,46,91,65,97,61,3,73" hai2="116,53,108,110,103,79,85,135,15,26,126,56,64" hai3="29,82,49,72,104,121,115,50,78,70,28,51,132"/><T11/><D119/><U112/><E3/><V111/><F116/><W98/><G115/><T57/><D45/><U2/><E2/><V106/><F64/><W52/><G132/><T62/><D35/><U124/><E122/><V125/><F135/><W59/><G70/><T24/><D0/><U9/><E73/><V5/><F103/><W69/><G69/><T123/><D123/><U41/><E124/><N who="2" m="47723" /><F106/><W120/><G104/><T127/><D127/><U129/><E129/><V90/><F26/><W67/><G67/><T133/><D133/><U68/><E30/><V60/><F79/><W76/><G98/><T131/><D131/><U77/><E77/><V100/><F100/><W12/><G120/><T117/><D117/><U86/><E112/><V95/><F15/><W6/><G78/><T107/><D107/><U128/><E128/><V1/><F1/><W10/><REACH who="3" step="1"/><G121/><REACH who="3" ten="265,255,235,225" step="2"/><T4/><D27/><U44/><REACH who="1" step="1"/><E97/><REACH who="1" ten="265,245,235,225" step="2"/><V25/><F111/><W55/><G55/><T83/><D54/><U71/><E71/><V87/><F110/><W17/><G17/><AGARI ba="1,3" hai="9,13,17,40,41,43,44,46,61,65,68,86,91,92" machi="17" ten="40,1300,0" yaku="1,1,53,0" doraHai="18" doraHaiUra="105" who="1" fromWho="3" sc="265,0,245,46,235,0,225,-16" /><INIT seed="1,0,0,2,4,131" ten="265,291,235,209" oya="1" hai0="37,110,84,118,10,119,125,67,38,24,100,22,52" hai1="74,55,62,101,57,50,111,96,121,51,26,65,58" hai2="73,83,103,14,86,80,135,116,132,12,93,0,115" hai3="75,98,21,28,60,113,87,77,49,107,7,92,23"/><U66/><E121/><V34/><F116/><W112/><G7/><T27/><D84/><U40/><E74/><V46/><F0/><W70/><G49/><T79/><D79/><U108/><E26/><V81/><F34/><W89/><G70/><T78/><D78/><U69/><E96/><N who="2" m="59791" /><F73/><W59/><G107/><T16/><D100/><U106/><E101/><V99/><F99/><W43/><G43/><T4/><D67/><U130/><E106/><V35/><F35/><W44/><G44/><T45/><D38/><U133/><E130/><V61/><F115/><W30/><G75/><T39/><D39/><U15/><E15/><N who="2" m="5675" /><F86/><W13/><G112/><T122/><D37/><U8/><E8/><V123/><F46/><W114/><G113/><T94/><D122/><U104/><E104/><V17/><F17/><N who="3" m="10415" /><G23/><T64/><D22/><U31/><E31/><V134/><F61/><W88/><G77/><T48/><D119/><U76/><E76/><V3/><F3/><W126/><G114/><T105/><D105/><U47/><E133/><V54/><F54/><N who="3" m="33911" /><G126/><T2/><D125/><U95/><E95/><AGARI ba="0,0" hai="28,30,87,88,89,92,95,98" m="33911,10415" machi="95" ten="30,2000,0" yaku="8,1,54,1" doraHai="131" who="3" fromWho="1" sc="265,0,291,-20,235,0,209,20" /><INIT seed="2,0,0,2,2,120" ten="265,271,235,229" oya="2" hai0="60,98,126,92,65,113,12,117,99,43,96,20,74" hai1="37,64,70,34,53,100,50,0,125,16,5,84,4" hai2="49,35,134,17,9,71,40,24,75,132,87,67,38" hai3="104,23,41,1,121,15,45,58,51,61,68,28,44"/><V95/><F75/><W8/><G104/><T11/><D74/><U128/><E34/><V2/><F38/><W86/><G121/><T107/><D113/><U97/><E37/><V19/><F71/><W66/><G1/><T108/><D126/><U26/><E0/><V27/><F67/><W83/><G68/><T76/><D76/><U59/><E128/><V6/><F40/><W14/><G45/><T79/><D79/><U85/><E125/><V77/><F49/><W54/><G54/><T30/><D107/><U52/><E53/><V123/><F123/><W118/><G118/><T73/><D73/><U119/><E119/><V39/><F39/><W10/><G28/><T93/><D43/><U57/><E70/><V88/><F77/><N who="3" m="46447" /><G23/><T109/><D117/><U62/><E85/><V112/><F112/><W21/><G21/><T90/><D20/><N who="1" m="13575" /><E84/><V47/><F47/><W106/><G106/><T135/><D30/><U111/><E111/><N who="0" m="42569" /><D93/><AGARI ba="0,0" hai="4,5,50,52,57,59,62,64,93,97,100" m="13575" machi="93" ten="30,3900,0" yaku="8,1,54,2" doraHai="120" who="1" fromWho="0" sc="265,-39,271,39,235,0,229,0" /><INIT seed="3,0,0,3,3,76" ten="226,310,235,229" oya="3" hai0="108,81,132,47,61,28,96,4,37,42,80,100,8" hai1="101,121,51,86,70,57,13,12,77,111,85,120,29" hai2="43,93,30,67,0,16,79,127,69,72,55,32,49" hai3="24,58,105,118,33,91,65,44,34,95,78,14,75"/><W128/><G105/><T130/><D108/><U124/><E70/><V133/><F0/><W46/><G118/><T114/><D130/><U11/><E111/><V40/><F69/><W17/><G128/><T18/><D132/><U22/><E101/><V134/><F67/><W52/><G65/><T116/><D116/><U89/><E124/><V71/><F71/><W115/><G115/><T59/><D18/><U103/><E103/><V60/><F60/><W10/><G75/><T27/><D114/><U87/><E77/><V98/><F127/><W63/><G78/><T102/><D102/><U6/><E121/><V73/><F30/><W106/><G106/><T119/><D119/><U41/><E120/><V126/><F32/><W109/><G109/><T38/><D38/><U45/><E57/><V23/><F126/><W20/><G33/><T84/><D84/><U35/><E35/><V5/><F5/><N who="3" m="3407" /><G34/><T123/><D123/><U99/><E99/><AGARI ba="0,0" hai="17,20,24,44,46,52,58,63,91,95,99" m="3407" machi="99" ten="30,5800,0" yaku="25,1,8,1,54,1" doraHai="76" who="3" fromWho="1" sc="226,0,310,-58,235,0,229,58" /><INIT seed="3,1,0,4,4,1" ten="226,252,235,287" oya="3" hai0="14,43,52,81,10,3,61,9,124,12,94,48,19" hai1="0,27,104,102,108,28,65,32,107,21,47,45,53" hai2="75,17,87,77,24,111,110,115,72,58,51,83,131" hai3="62,73,5,64,50,85,18,23,127,69,26,34,30"/><W90/><G73/><T106/><D106/><U2/><E108/><N who="2" m="41515" /><F115/><W119/><G127/><T101/><D3/><U70/><E21/><N who="2" m="13359" /><F131/><W44/><G119/><T33/><D33/><U37/><E53/><AGARI ba="1,0" hai="51,53,58,72,75,77,83,87" m="13359,41515" machi="53" ten="30,1000,0" yaku="14,1" doraHai="1" who="2" fromWho="1" sc="226,0,252,-13,235,13,287,0" /><INIT seed="4,0,0,4,0,76" ten="226,239,248,287" oya="0" hai0="119,127,3,87,80,108,118,11,29,124,59,84,134" hai1="16,56,20,25,15,120,9,10,63,125,39,114,132" hai2="33,54,26,85,65,90,110,72,79,13,36,89,34" hai3="123,58,77,45,52,93,104,109,112,62,111,46,17"/><T117/><D29/><U47/><E120/><V74/><F110/><W5/><G104/><T61/><D108/><U128/><E125/><N who="0" m="48201" /><D134/><U107/><E107/><V88/><F36/><W7/><G112/><T97/><D97/><U94/><E132/><V96/><F65/><W2/><G123/><T100/><D100/><U50/><E39/><V24/><F96/><W126/><G126/><T38/><D38/><U129/><E114/><V113/><F113/><W95/><G109/><T40/><D40/><U91/><E129/><V30/><F54/><W22/><G111/><T32/><D32/><U92/><E128/><V35/><F13/><N who="3" m="9519" /><G77/><N who="0" m="46095" /><D87/><U43/><E91/><V103/><F103/><W131/><G131/><T99/><D99/><U135/><E135/><V64/><F64/><W0/><G0/><T122/><D122/><U81/><E81/><N who="2" m="47295" /><F30/><W55/><G2/><T102/><D102/><U31/><REACH who="1" step="1"/><E10/><REACH who="1" ten="226,229,248,287" step="2"/><V105/><F105/><W41/><G93/><T12/><D118/><U49/><E49/><V18/><F90/><W116/><G116/><T19/><D3/><U121/><E121/><V101/><F101/><W51/><G95/><T133/><D133/><U71/><E71/><V68/><F68/><W1/><G1/><T4/><D4/><U78/><E78/><V57/><F89/><W21/><G5/><T6/><D6/><U69/><E69/><V66/><F88/><W83/><G7/><T37/><D37/><U27/><E27/><V130/><F26/><W115/><G115/><T75/><D75/><U67/><AGARI ba="0,1" hai="9,15,16,20,25,31,43,47,50,56,63,67,92,94" machi="67" ten="20,8000,1" yaku="1,1,0,1,7,1,8,1,54,1,53,0" doraHai="76" doraHaiUra="28" who="1" fromWho="1" sc="226,-40,229,90,248,-20,287,-20" /><INIT seed="5,0,0,4,2,107" ten="186,319,228,267" oya="1" hai0="55,127,94,47,80,83,2,85,113,36,67,24,62" hai1="31,28,134,75,15,57,35,50,128,100,84,108,38" hai2="13,51,110,37,53,42,81,39,79,30,3,118,125" hai3="23,20,78,58,109,115,90,73,11,97,77,9,27"/><U71/><E38/><N who="2" m="14347" /><F30/><W74/><G109/><T130/><D2/><U116/><E71/><V121/><F3/><W124/><G58/><T72/><D113/><U112/><E112/><V102/><F13/><W7/><G115/><T87/><D127/><U6/><E116/><V17/><F17/><W41/><G41/><T86/><D130/><U68/><E68/><V88/><F88/><W18/><G124/><T5/><D5/><U14/><E100/><V44/><F102/><W29/><G77/><T82/><D24/><U21/><E35/><V99/><F81/><W69/><G69/><T96/><D67/><U104/><E104/><V43/><F99/><W60/><G60/><T49/><D62/><U10/><E128/><V45/><F79/><W114/><G78/><T98/><D36/><U101/><E101/><V8/><F8/><W70/><G70/><T93/><D72/><U66/><E75/><V126/><F118/><W120/><G120/><T40/><REACH who="0" step="1"/><D40/><REACH who="0" ten="176,319,228,267" step="2"/><N who="2" m="15402" /><F121/><W25/><G114/><T54/><D54/><U103/><E6/><V63/><F110/><W117/><G117/><T59/><D59/><U0/><E0/><V56/><F45/><W105/><G73/><T131/><D131/><U34/><E108/><V48/><F48/><W16/><G74/><T65/><D65/><AGARI ba="0,1" hai="44,51,53,56,63,65,125,126" m="15402,14347" machi="65" ten="30,2000,0" yaku="34,2" doraHai="107" who="2" fromWho="0" sc="176,-20,319,0,228,30,267,0" /><INIT seed="6,0,0,3,0,20" ten="156,319,258,267" oya="2" hai0="135,114,98,31,110,124,79,84,17,58,92,120,134" hai1="62,127,70,78,129,66,48,46,18,22,115,41,75" hai2="50,80,133,21,16,56,11,112,88,2,30,71,3" hai3="83,100,26,81,117,14,104,57,113,106,5,126,86"/><V45/><F71/><W65/><G117/><T111/><D31/><U109/><E109/><N who="0" m="41481" /><D58/><U55/><E115/><V74/><F112/><W95/><G126/><T42/><D17/><U19/><E127/><V25/><F133/><N who="0" m="50698" /><D42/><U89/><E129/><V130/><F130/><W24/><G113/><T131/><D114/><U34/><E34/><V52/><F74/><W91/><G106/><T32/><D32/><U36/><E89/><V13/><F56/><W51/><G104/><T68/><D68/><U27/><E78/><V107/><F107/><W105/><G105/><T0/><D0/><U54/><E75/><V38/><F38/><W1/><G100/><N who="0" m="60487" /><D124/><U67/><E67/><V118/><F118/><W97/><G1/><T119/><D119/><U87/><E19/><V40/><F40/><W99/><G14/><T44/><D44/><U12/><E12/><V82/><F3/><W15/><G15/><T73/><D131/><U39/><E39/><V128/><F128/><W23/><G5/><T63/><D63/><U49/><E49/><V108/><F108/><W90/><G65/><T103/><D103/><U116/><E116/><V101/><F101/><W7/><G57/><T102/><D102/><U125/><E125/><V123/><F123/><W69/><G51/><T28/><D28/><U85/><E55/><V96/><F2/><W121/><G69/><T8/><D120/><U122/><E122/><V9/><F9/><W43/><G121/><T29/><D8/><U61/><E61/><V59/><F45/><AGARI ba="0,0" hai="18,22,27,36,41,45,46,48,54,62,66,70,85,87" machi="45" ten="30,2000,0" yaku="7,1,52,1" doraHai="20" who="1" fromWho="2" sc="156,0,319,20,258,-20,267,0" /><INIT seed="7,0,0,3,2,48" ten="156,339,238,267" oya="3" hai0="87,133,35,66,90,79,120,14,21,127,25,13,20" hai1="88,75,111,44,134,115,7,64,2,42,19,22,103" hai2="54,132,95,73,74,135,46,72,83,26,77,30,65" hai3="82,98,99,3,36,109,0,106,78,69,117,70,93"/><W100/><G117/><T27/><D79/><U125/><E111/><V56/><F95/><W58/><G36/><T1/><D66/><U104/><E75/><V92/><F92/><W5/><G109/><T38/><D90/><U12/><E115/><V47/><F47/><W123/><G123/><T59/><D59/><U122/><E122/><V86/><F46/><W80/><G80/><T24/><D87/><U17/><E7/><V116/><F65/><W37/><G37/><T114/><D38/><U63/><E2/><V29/><F116/><W102/><G5/><T23/><D120/><U50/><E125/><V128/><F128/><W130/><G130/><T81/><D81/><U55/><E134/><N who="2" m="51243" /><F26/><N who="0" m="10346" /><D133/><U49/><E63/><V129/><F129/><W32/><G32/><T67/><D67/><U28/><E64/><V124/><F124/><W4/><G4/><T85/><D85/><U43/><E104/><V53/><F56/><W110/><G110/><T113/><D127/><U121/><E103/><V40/><F40/><W76/><G58/><T96/><D96/><U84/><E50/><V89/><F77/><N who="3" m="29803" /><G82/><T9/><D114/><U16/><E121/><V60/><F60/><W8/><G69/><T126/><D126/><U31/><E43/><V18/><F18/><N who="1" m="7273" /><E42/><V15/><F15/><N who="0" m="5642" /><D113/><U68/><E68/><V57/><F57/><W51/><G70/><T105/><D105/><U52/><E55/><AGARI ba="0,0" hai="29,30,53,54,55,72,73,74,83,86,89" m="51243" machi="55" ten="40,8000,1" yaku="20,1,52,3" doraHai="48" who="2" fromWho="1" sc="156,0,339,-80,238,80,267,0" owari="156,-34.0,259,-14.0,318,41.0,267,7.0" /></mjloggm>