<mjloggm ver="2.3"><GO type="169" lobby="0"/><UN n0="%E7%AD%8B%E8%82%89%E3%82%82%E3%82%8A%E3%81%9E%E3%81%86" n1="%67%61%72%75%63%69%61" n2="%E5%B0%B1%E6%B4%BB%E7%94%9F%40%E5%B7%9D%E6%9D%91%E8%BB%8D%E5%9B%A3" n3="%E6%8E%A8%E7%A9%BA%EF%BC%B0" dan="16,16,18,16" rate="2065.46,2085.34,2261.33,2153.51" sx="M,M,M,F"/><TAIKYOKU oya="0"/><INIT seed="0,0,0,5,1,59" ten="250,250,250,250" oya="0" hai0="105,29,1,45,126,63,134,127,79,91,31,18,93" hai1="75,82,39,110,96,4,123,26,97,23,17,58,78" hai2="61,55,112,28,53,129,33,35,37,48,7,111,124" hai3="90,52,15,6,2,128,43,49,21,47,100,94,88"/><T101/><D134/><U8/><E123/><V54/><F37/><W12/><G128/><T38/><D1/><U83/><E110/><V131/><F112/><W19/><G2/><T34/><D79/><U41/><E58/><N who="2" m="35023" /><F111/><W56/><G100/><T3/><D101/><U80/><E97/><V98/><F28/><W118/><G118/><T74/><D74/><U42/><E42/><V13/><F98/><W92/><G6/><T32/><D105/><U116/><E96/><V44/><F55/><W5/><G94/><T72/><D72/><U11/><E11/><N who="2" m="4351" /><F124/><W95/><G92/><T73/><D73/><U99/><E99/><V51/><F51/><N who="3" m="27135" /><G95/><T81/><D3/><N who="1" m="31" /><E116/><V71/><F71/><W25/><G5/><T120/><D93/><U109/><E109/><V135/><F135/><W68/><G68/><T14/><D38/><U89/><E89/><AGARI ba="0,0" hai="12,15,19,21,25,49,52,56,88,89,90" m="27135" machi="89" ten="30,3900,0" yaku="8,1,54,2" doraHai="59" who="3" fromWho="1" sc="250,0,250,-39,250,0,250,39" /><INIT seed="1,0,0,2,4,86" ten="250,211,250,289" oya="1" hai0="77,100,30,114,113,56,65,92,0,131,98,85,2" hai1="89,28,124,121,130,109,31,135,117,45,64,102,119" hai2="34,39,120,27,62,67,6,63,112,9,47,43,123" hai3="126,52,103,66,23,107,12,18,20,51,26,40,84"/><U4/><E102/><V99/><F63/><W11/><G126/><T68/><D68/><U71/><E45/><V134/><F134/><W76/><G66/><T50/><D2/><U110/><E121/><V93/><F112/><W129/><G129/><T125/><D0/><U116/><E130/><V25/><F34/><W75/><G75/><T22/><D131/><U57/><E71/><V42/><F43/><W1/><G40/><T29/><D125/><U96/><E4/><V82/><F82/><W94/><G107/><T37/><D37/><U33/><E124/><V32/><F32/><W74/><G74/><T80/><D50/><U128/><E128/><V5/><F25/><W73/><G73/><T8/><D8/><U13/><E13/><V97/><F27/><W91/><G1/><T19/><D114/><U95/><E135/><V44/><F44/><N who="3" m="27751" /><G76/><T108/><D113/><U122/><E122/><V118/><F118/><W55/><G103/><T59/><D108/><N who="1" m="41579" /><E33/><V58/><F6/><N who="3" m="3191" /><G55/><T81/><D65/><U36/><E36/><V132/><F132/><W90/><G23/><T41/><D41/><U16/><E16/><V104/><F9/><W88/><AGARI ba="0,0" hai="18,20,26,84,88,90,91,94" m="3191,27751" machi="88" ten="30,12000,2" yaku="8,1,52,3,54,2" doraHai="86" who="3" fromWho="3" sc="250,-30,211,-60,250,-30,289,120" /><INIT seed="2,0,0,2,1,79" ten="220,151,220,409" oya="2" hai0="130,92,88,40,85,33,75,32,83,66,26,38,72" hai1="21,115,22,62,53,35,12,10,101,77,17,128,46" hai2="34,13,113,67,27,68,44,14,60,71,63,111,2" hai3="96,1,37,42,50,127,106,59,69,74,108,54,15"/><V8/><F113/><W3/><G127/><T5/><D130/><U36/><E115/><V94/><F2/><W78/><G108/><T84/><D66/><U80/><E35/><V99/><F111/><W93/><G106/><T117/><D5/><U18/><E128/><V114/><F114/><W28/><G28/><T105/><D105/><U97/><E36/><V45/><F34/><W81/><G69/><T23/><D33/><U48/><E62/><V61/><F27/><W39/><G15/><T57/><D32/><U134/><E134/><V58/><F68/><W56/><G59/><T89/><D57/><U90/><E90/><V129/><F129/><W20/><G20/><T19/><REACH who="0" step="1"/><D117/><REACH who="0" ten="210,151,220,409" step="2"/><U70/><E70/><V65/><F58/><W104/><G104/><T103/><D103/><U126/><E126/><V41/><F67/><W16/><G56/><T55/><D55/><U6/><E6/><V43/><F65/><W91/><G54/><T121/><D121/><U120/><E120/><V118/><F71/><W124/><G124/><T4/><D4/><U132/><E132/><V119/><F119/><W25/><G42/><T110/><D110/><U24/><E101/><V100/><F118/><W112/><G112/><T109/><D109/><U135/><E135/><V82/><F43/><W64/><G64/><T86/><D86/><N who="1" m="48399" /><E97/><V76/><F41/><W98/><G96/><T131/><D131/><U52/><E53/><V125/><F125/><W51/><G98/><T49/><D49/><U47/><E47/><AGARI ba="0,1" hai="19,23,26,38,40,47,72,75,83,84,85,88,89,92" machi="47" ten="40,5200,0" yaku="1,1,52,1,54,1,53,0" doraHai="79" doraHaiUra="30" who="0" fromWho="1" sc="210,62,151,-52,220,0,409,0" /><INIT seed="3,0,0,5,1,135" ten="272,99,220,409" oya="3" hai0="54,90,82,24,56,81,134,20,97,111,72,3,45" hai1="57,58,120,51,117,1,87,15,99,78,98,66,49" hai2="124,55,114,43,8,108,68,107,77,126,89,19,76" hai3="70,59,31,128,64,29,50,129,113,30,127,131,41"/><W73/><G73/><T130/><D3/><U23/><E1/><V52/><F114/><W67/><G113/><T9/><D72/><U123/><E117/><V48/><F107/><W16/><G70/><T92/><D111/><U80/><E120/><V62/><F108/><W104/><G104/><T10/><D45/><U86/><E123/><V115/><F115/><W84/><G84/><T0/><D0/><U42/><E87/><V69/><F89/><W2/><G2/><T74/><D130/><U106/><E106/><V61/><F8/><N who="0" m="3178" /><D74/><U35/><E35/><V32/><F19/><W60/><G67/><T94/><D94/><U88/><E78/><V85/><F85/><W14/><G50/><N who="1" m="18954" /><E42/><V95/><F95/><W121/><G41/><T6/><D6/><U28/><E15/><V125/><F32/><W46/><G46/><T105/><D134/><U34/><E34/><V4/><F4/><W17/><G121/><T109/><D109/><U65/><E65/><N who="2" m="41007" /><F43/><W112/><G112/><T27/><D105/><U102/><E102/><V100/><F100/><W132/><G132/><T25/><D20/><U71/><E71/><V18/><F18/><N who="3" m="7275" /><G14/><T93/><D93/><U13/><E13/><V22/><F22/><W40/><G40/><T7/><D7/><U53/><E66/><N who="2" m="41175" /><F55/><W5/><G5/><T11/><D11/><U83/><E83/><V39/><F39/><W110/><G110/><T26/><D26/><N who="1" m="16479" /><E53/><V96/><F96/><AGARI ba="0,0" hai="57,58,80,86,88,96,98,99" m="16479,18954" machi="96" ten="30,2000,0" yaku="8,1,54,1" doraHai="135" who="1" fromWho="2" sc="272,0,99,20,220,-20,409,0" /><INIT seed="4,0,0,5,2,83" ten="272,119,200,409" oya="0" hai0="42,33,61,67,55,104,116,35,26,62,65,6,25" hai1="79,89,71,13,73,18,78,96,3,46,52,94,86" hai2="106,91,132,14,95,40,29,131,20,22,43,48,113" hai3="119,88,0,112,127,54,12,123,58,117,134,128,135"/><T72/><D72/><U90/><E3/><V110/><F106/><W130/><G0/><T23/><D104/><U38/><E71/><V32/><F110/><W60/><G12/><T16/><D42/><U77/><E73/><V105/><F105/><W39/><G88/><T125/><D116/><N who="3" m="44617" /><G39/><T45/><D6/><U93/><E38/><V36/><F131/><N who="3" m="50219" /><G112/><T114/><D114/><U9/><E77/><V124/><F132/><N who="3" m="50731" /><G123/><T74/><D26/><U27/><E27/><V53/><F91/><W81/><G81/><T24/><D25/><U118/><E118/><V98/><F14/><W129/><G129/><T47/><D24/><U76/><E76/><V99/><F36/><W115/><G115/><T107/><D107/><U8/><E8/><V5/><F5/><W50/><G50/><AGARI ba="0,0" hai="9,13,18,46,50,52,78,79,86,89,90,93,94,96" machi="50" ten="40,5200,0" yaku="8,1,52,1,54,1" doraHai="83" who="1" fromWho="3" sc="272,0,119,52,200,0,409,-52" /><INIT seed="5,0,0,2,5,8" ten="272,171,200,357" oya="1" hai0="94,106,36,14,49,74,24,84,104,55,26,124,58" hai1="87,98,77,114,44,89,21,91,71,42,120,34,119" hai2="129,109,70,38,10,53,37,16,83,40,7,125,64" hai3="56,27,66,11,51,101,92,113,35,107,5,9,13"/><U12/><E34/><V103/><F109/><W90/><G113/><T50/><D36/><U76/><E71/><V78/><F129/><W99/><G27/><T123/><D74/><U45/><E120/><V75/><F125/><W54/><G35/><T3/><D3/><U73/><E73/><V62/><F103/><W2/><G66/><T81/><D124/><U48/><E119/><V30/><F30/><W61/><G61/><T32/><D94/><N who="1" m="56655" /><E114/><V122/><F122/><W115/><G115/><T69/><D69/><U43/><E45/><V15/><F40/><W121/><G121/><T134/><D32/><U117/><E117/><V133/><F133/><W108/><G108/><T68/><D134/><U63/><E63/><V72/><F72/><W85/><REACH who="3" step="1"/><G11/><REACH who="3" ten="272,171,200,347" step="2"/><T46/><D123/><U65/><E65/><V102/><F64/><W128/><G128/><T93/><D24/><U31/><E43/><V60/><F60/><W110/><G110/><T39/><D26/><U118/><E118/><V0/><F70/><W33/><G33/><T29/><D68/><U100/><E31/><V57/><F102/><W47/><G47/><T96/><D29/><U105/><E100/><V135/><F135/><W28/><G28/><T20/><D46/><U25/><E25/><V67/><F67/><W17/><G17/><T82/><D20/><AGARI ba="0,1" hai="0,7,10,15,16,20,37,38,53,57,62,75,78,83" machi="20" ten="30,3900,0" yaku="7,1,52,1,54,1" doraHai="8" who="2" fromWho="0" sc="272,-39,171,0,200,49,347,0" /><INIT seed="6,0,0,5,5,15" ten="233,171,249,347" oya="2" hai0="92,71,66,101,34,32,26,49,133,100,29,70,96" hai1="8,105,97,99,129,124,131,116,41,114,104,128,109" hai2="85,130,74,22,0,115,122,72,21,63,25,1,69" hai3="123,46,132,57,39,20,119,54,60,5,31,117,50"/><V113/><F122/><W62/><G5/><T75/><D75/><N who="2" m="28714" /><F85/><W120/><G20/><N who="2" m="7785" /><F25/><W107/><G31/><T43/><D34/><U7/><E116/><N who="3" m="44618" /><G107/><T58/><D26/><U89/><E109/><V79/><F79/><W95/><G95/><T87/><D32/><U3/><E41/><V103/><F103/><W90/><G90/><T6/><D101/><U134/><E134/><V48/><F48/><W30/><G30/><T91/><D49/><U19/><E19/><V11/><F11/><W52/><G132/><T12/><D29/><U17/><E17/><V76/><F76/><W13/><G13/><T18/><D133/><U44/><E44/><V84/><F84/><W67/><G39/><T135/><D135/><U118/><E118/><V47/><F47/><W93/><G93/><T65/><D18/><U56/><E56/><AGARI ba="0,0" hai="46,50,52,54,56,57,60,62,67,120,123" m="44618" machi="56" ten="30,3900,0" yaku="34,2,54,1" doraHai="15" who="3" fromWho="1" sc="233,0,171,-39,249,0,347,39" /><INIT seed="7,0,0,1,1,39" ten="233,132,249,386" oya="3" hai0="64,96,8,18,48,101,70,90,16,71,110,10,15" hai1="118,4,67,112,54,93,26,29,87,20,115,42,85" hai2="108,107,94,61,34,12,25,133,78,120,72,91,2" hai3="41,13,81,24,40,38,53,83,77,102,105,33,21"/><W50/><G38/><T132/><D110/><U126/><E126/><V79/><F107/><W84/><G33/><T128/><D64/><U66/><E118/><V9/><F2/><W63/><G63/><T14/><D132/><U49/><E4/><V7/><F72/><W129/><G129/><T80/><D128/><U32/><E32/><V99/><F108/><W82/><G102/><T131/><D131/><U27/><E85/><V37/><F37/><W35/><G105/><T124/><D124/><U135/><E135/><V22/><F34/><W125/><G125/><T92/><D48/><U116/><E116/><V44/><F44/><N who="3" m="27847" /><G35/><T3/><D3/><U113/><E27/><V86/><F61/><W11/><G83/><T100/><D80/><U62/><E62/><V36/><F36/><W30/><G82/><T5/><D5/><AGARI ba="0,0" hai="5,11,13,21,24,30,40,41,77,81,84" m="27847" machi="5" ten="30,5800,0" yaku="8,1,52,2" doraHai="39" who="3" fromWho="0" sc="233,-58,132,0,249,0,386,58" owari="175,-22.0,132,-37.0,249,5.0,444,54.0" /></mjloggm>