<mjloggm ver="2.3"><GO type="41" lobby="0"/><UN n0="%41%4B%49%48%49%52%4F" n1="%E5%B0%B1%E6%B4%BB%E7%94%9F%40%E5%B7%9D%E6%9D%91%E8%BB%8D%E5%9B%A3" n2="%E5%8C%A0%E7%8E%84%E6%A0%9E" n3="%E3%81%AB%E3%81%A1%E3%81%8F%E3%82%8F" dan="13,18,14,14" rate="1912.98,2193.77,1914.33,1977.82" sx="M,M,M,M"/><TAIKYOKU oya="0"/><INIT seed="0,0,0,4,3,20" ten="250,250,250,250" oya="0" hai0="99,6,48,122,115,131,54,3,62,26,81,128,89" hai1="39,109,91,51,1,74,84,27,78,127,107,80,13" hai2="16,112,101,75,70,50,94,111,65,86,83,64,37" hai3="23,19,79,113,40,77,110,116,2,100,58,118,68"/><T60/><D122/><U25/><E39/><V52/><F37/><W38/><G68/><T76/><D115/><U103/><E1/><V114/><F111/><W45/><G113/><T47/><D6/><U135/><E109/><V120/><F120/><W129/><G110/><T46/><D3/><U29/><E29/><V67/><F70/><W36/><G129/><N who="0" m="49739" /><D46/><U69/><E69/><V14/><F75/><W96/><G38/><T12/><D12/><U53/><E13/><V11/><F94/><W73/><G2/><T17/><D89/><U4/><E4/><V59/><REACH who="2" step="1"/><F101/><REACH who="2" ten="250,250,240,250" step="2"/><W133/><G73/><N who="0" m="43151" /><D99/><N who="1" m="61951" /><E135/><V95/><F95/><W30/><G133/><T104/><D104/><U41/><E127/><V85/><F85/><W63/><G118/><T92/><D92/><N who="1" m="54375" /><E41/><V106/><F106/><W44/><G116/><T126/><D126/><U31/><E31/><V123/><F123/><W98/><G30/><T32/><D32/><U88/><E88/><AGARI ba="0,1" hai="11,14,16,50,52,59,64,65,67,83,86,88,112,114" machi="88" ten="40,8000,1" yaku="1,1,54,3,53,0" doraHai="20" doraHaiUra="130" who="2" fromWho="1" sc="250,0,250,-80,240,90,250,0" /><INIT seed="1,0,0,3,3,72" ten="250,170,330,250" oya="1" hai0="102,90,74,11,2,31,112,103,79,71,118,22,108" hai1="122,135,46,51,92,109,14,50,28,68,133,39,84" hai2="41,67,25,100,7,35,63,43,113,19,116,91,106" hai3="101,97,78,1,27,18,44,114,0,58,60,123,53"/><U55/><E122/><V42/><F116/><W119/><G123/><T120/><D120/><U34/><E68/><V110/><F110/><W129/><G114/><T134/><D22/><U4/><E39/><V6/><F113/><W83/><G129/><T20/><D112/><U125/><E125/><V99/><F91/><W54/><G119/><T117/><D118/><U73/><E73/><V15/><F15/><W26/><G44/><T8/><D71/><U87/><E34/><V21/><REACH who="2" step="1"/><F35/><REACH who="2" ten="250,170,320,250" step="2"/><W131/><G1/><T59/><D90/><U104/><E109/><V30/><F30/><W62/><G0/><T49/><D108/><U37/><E28/><V82/><F82/><W126/><G83/><T36/><D31/><U66/><E14/><V61/><F61/><W23/><G62/><T130/><D2/><U65/><E4/><V115/><F115/><W64/><G126/><T77/><D117/><U69/><E133/><V17/><F17/><W40/><G60/><T98/><D134/><U12/><E12/><V86/><F86/><W127/><G18/><T89/><D74/><U57/><E135/><V75/><F75/><W128/><G127/><T29/><D130/><U56/><E87/><V52/><F52/><W124/><G54/><N who="0" m="32207" /><D89/><U105/><E84/><V93/><F93/><W95/><G124/><T94/><D103/><U96/><E92/><V47/><F47/><W88/><G95/><T38/><D38/><U45/><E37/><V81/><F81/><W85/><G131/><T3/><D36/><U76/><E55/><V9/><F9/><N who="0" m="3658" /><D3/><U32/><E32/><RYUUKYOKU ba="0,1" sc="250,15,170,-15,320,15,250,-15" hai0="20,29,77,79,94,98,102" hai2="6,7,19,21,25,41,42,43,63,67,99,100,106" /><INIT seed="2,1,1,3,1,1" ten="265,155,335,235" oya="2" hai0="0,104,118,97,30,87,57,113,24,13,15,69,21" hai1="67,109,58,129,94,83,114,125,31,36,53,20,55" hai2="41,84,48,45,47,119,103,82,88,116,134,65,66" hai3="19,11,38,93,40,12,91,2,52,34,25,122,112"/><V133/><F103/><W26/><G122/><T135/><D69/><U9/><E36/><V54/><F119/><W89/><G112/><T8/><D113/><U120/><E114/><V23/><F116/><W78/><G78/><T35/><D118/><U72/><E120/><V102/><F102/><W105/><G105/><T70/><D70/><U73/><E109/><V43/><F23/><W32/><G91/><T127/><D97/><U50/><E125/><V115/><F115/><W42/><G26/><N who="0" m="18903" /><D57/><U128/><E67/><V33/><F33/><W56/><G38/><T123/><D87/><U44/><E94/><V79/><F79/><W108/><G34/><T75/><D75/><U106/><E106/><V121/><F121/><W39/><G108/><T111/><D111/><U77/><E73/><V5/><F5/><W49/><G2/><T10/><D104/><U117/><E9/><V16/><F16/><W81/><G81/><T6/><D123/><U132/><E132/><N who="2" m="50795" /><F54/><W14/><G39/><AGARI ba="1,1" hai="39,41,43,45,47,48,65,66,82,84,88" m="50795" machi="39" ten="30,2900,0" yaku="20,1,54,1" doraHai="1" who="2" fromWho="3" sc="265,0,155,0,335,42,235,-32" /><INIT seed="2,2,0,0,5,81" ten="265,155,377,203" oya="2" hai0="50,135,73,9,7,37,26,118,102,55,1,13,49" hai1="95,29,46,36,113,27,120,78,2,126,60,123,106" hai2="41,91,112,40,43,61,21,67,77,71,33,56,4" hai3="93,62,76,11,3,28,128,134,5,85,104,80,39"/><V124/><F33/><W45/><G104/><T121/><D50/><U97/><E2/><V35/><F35/><W68/><G134/><T82/><D135/><U100/><E113/><V119/><F119/><W133/><G128/><T103/><D121/><N who="1" m="46667" /><E126/><V17/><F124/><W44/><G133/><T90/><D118/><U116/><E116/><V84/><F4/><W52/><G28/><T122/><D37/><U0/><E0/><V6/><F6/><W30/><G30/><T15/><D122/><U65/><E78/><V99/><F112/><W74/><G68/><T117/><D26/><U57/><E46/><V12/><F71/><W14/><G14/><T66/><D66/><U22/><E36/><V38/><F38/><W114/><G114/><T51/><D51/><U98/><E98/><V130/><F99/><W25/><G25/><T75/><D117/><U92/><AGARI ba="2,0" hai="22,27,29,57,60,65,92,95,97,100,106" m="46667" machi="92" ten="30,1100,0" yaku="13,1" doraHai="81" who="1" fromWho="1" sc="265,-5,155,17,377,-7,203,-5" /><INIT seed="3,0,0,2,2,127" ten="260,172,370,198" oya="3" hai0="4,44,19,97,123,121,33,103,91,65,21,86,58" hai1="11,27,79,98,56,20,129,87,78,75,49,74,30" hai2="85,120,43,38,6,133,5,72,101,26,99,51,46" hai3="64,134,117,1,59,10,110,13,61,126,102,63,115"/><W77/><G117/><T88/><D33/><U130/><E98/><V25/><F133/><W108/><G115/><T73/><D73/><U31/><E31/><V95/><F72/><N who="1" m="27689" /><E11/><V55/><F120/><W2/><G126/><T104/><D4/><U3/><E3/><V124/><F124/><W36/><G36/><T53/><D65/><U67/><E87/><V7/><REACH who="2" step="1"/><F85/><REACH who="2" ten="260,172,360,198" step="2"/><W50/><G134/><T93/><D91/><U105/><E105/><V57/><AGARI ba="0,1" hai="5,6,7,25,26,38,43,46,51,55,57,95,99,101" machi="57" ten="30,4000,0" yaku="1,1,2,1,0,1,53,0" doraHai="127" doraHaiUra="62" who="2" fromWho="2" sc="260,-10,172,-10,360,50,198,-20" /><INIT seed="4,0,0,2,2,120" ten="250,162,410,178" oya="0" hai0="116,96,118,41,18,26,124,2,39,43,54,115,119" hai1="44,92,56,30,112,97,6,22,51,67,93,31,114" hai2="110,128,81,101,117,66,15,90,32,132,33,100,38" hai3="86,65,107,21,99,123,83,46,69,1,135,73,74"/><T8/><D115/><N who="1" m="44075" /><E6/><V63/><F128/><W78/><G123/><T48/><D124/><U72/><E72/><V122/><F38/><W28/><G1/><T79/><D39/><U76/><E76/><V57/><F132/><W17/><G135/><T10/><D79/><U109/><E92/><V7/><F122/><W87/><G28/><N who="1" m="10794" /><E22/><V75/><F33/><W130/><G130/><T34/><D34/><U102/><E56/><V42/><F32/><W27/><G46/><T4/><D96/><U13/><E13/><V125/><F125/><W108/><G108/><T95/><D95/><U45/><E67/><V62/><F110/><W121/><G121/><T111/><D111/><U52/><E44/><V88/><F42/><W126/><G126/><T50/><D50/><U70/><E109/><V29/><F29/><W91/><G65/><T58/><REACH who="0" step="1"/><D8/><REACH who="0" ten="240,162,410,178" step="2"/><U80/><E80/><V134/><F134/><W104/><G104/><T5/><D5/><U23/><E23/><AGARI ba="0,1" hai="2,4,10,18,23,26,41,43,48,54,58,116,118,119" machi="23" ten="40,2000,0" yaku="1,1,53,0" doraHai="120" doraHaiUra="131" who="0" fromWho="1" sc="240,30,162,-20,410,0,178,0" /><INIT seed="4,1,0,0,3,14" ten="270,142,410,178" oya="0" hai0="83,112,98,87,6,11,61,7,24,16,23,77,101" hai1="116,66,127,113,134,12,126,42,97,93,63,22,17" hai2="44,124,104,54,76,84,91,72,80,60,73,25,110" hai3="129,85,81,59,32,109,47,18,96,71,79,102,125"/><T64/><D112/><U103/><E116/><V131/><F110/><W34/><G109/><T40/><D40/><U99/><E42/><V33/><F124/><W67/><G71/><T119/><D119/><U50/><E50/><V106/><F131/><W57/><G125/><T1/><D6/><U19/><E134/><V39/><F73/><W108/><G108/><T48/><D48/><U111/><E111/><V120/><F120/><W115/><G115/><T65/><REACH who="0" step="1"/><D61/><REACH who="0" ten="260,142,410,178" step="2"/><U130/><E113/><V36/><F60/><W94/><G129/><T89/><D89/><U69/><E130/><V10/><F36/><W28/><G47/><T107/><AGARI ba="1,1" hai="1,7,11,16,23,24,64,65,77,83,87,98,101,107" machi="107" ten="20,12000,1" yaku="1,1,0,1,7,1,52,1,54,1,53,0" doraHai="14" doraHaiUra="105" who="0" fromWho="0" sc="260,133,142,-41,410,-41,178,-41" /><INIT seed="4,2,0,4,4,107" ten="393,101,369,137" oya="0" hai0="125,111,96,1,94,31,17,129,116,114,16,32,76" hai1="47,80,57,67,71,93,24,41,44,50,8,70,85" hai2="126,14,36,39,65,54,73,4,75,0,128,61,10" hai3="74,110,30,89,60,133,115,131,35,135,101,45,43"/><T25/><D116/><U105/><E105/><V26/><F126/><W95/><G110/><T46/><D125/><U38/><E93/><V12/><F128/><W22/><G35/><T134/><D114/><U82/><E24/><V40/><F54/><W23/><G101/><T11/><D76/><U66/><E8/><V109/><F109/><W118/><G118/><T97/><D111/><U81/><E85/><V56/><F26/><W86/><G115/><T132/><D96/><U72/><E72/><V19/><F14/><W87/><G131/><T91/><D46/><U69/><REACH who="1" step="1"/><E57/><REACH who="1" ten="393,91,369,137" step="2"/><V78/><F78/><W58/><G74/><T34/><D129/><U33/><E33/><V27/><F27/><N who="3" m="16759" /><G23/><T18/><D34/><U103/><E103/><V119/><F119/><W29/><G29/><T90/><D91/><U130/><E130/><V7/><F7/><W106/><G106/><T99/><REACH who="0" step="1"/><D97/><REACH who="0" ten="383,91,369,137" step="2"/><U92/><E92/><V3/><F3/><W124/><G124/><T9/><D9/><U122/><E122/><V104/><F104/><W100/><G89/><T53/><D53/><AGARI ba="2,2" hai="38,41,44,47,50,53,66,67,69,70,71,80,81,82" machi="53" ten="50,3200,0" yaku="1,1,53,1" doraHai="107" doraHaiUra="49" who="1" fromWho="0" sc="383,-38,91,58,369,0,137,0" /><INIT seed="5,0,0,4,2,50" ten="345,149,369,137" oya="1" hai0="128,0,101,70,71,95,89,117,126,56,73,111,2" hai1="44,79,78,127,77,134,18,66,32,58,132,38,22" hai2="116,69,43,35,68,37,75,49,54,29,83,124,98" hai3="106,67,46,74,130,12,40,26,94,63,45,34,23"/><U119/><E32/><V107/><F116/><W86/><G106/><T1/><D117/><U28/><E28/><V131/><F124/><W97/><G74/><T133/><D111/><U55/><E119/><V92/><F131/><W91/><G130/><T57/><D128/><U114/><E66/><V113/><F113/><W61/><G34/><T59/><D73/><U96/><E114/><V123/><F107/><W47/><G40/><T90/><D126/><U51/><E96/><V3/><F3/><W108/><G108/><T8/><D8/><U102/><E102/><V84/><F75/><W41/><G41/><T5/><D101/><U81/><E81/><V103/><F37/><W85/><G12/><T19/><D19/><U7/><E7/><V27/><F43/><W88/><G85/><T99/><D5/><U36/><E44/><V10/><F10/><W110/><G67/><T14/><D14/><U17/><E127/><V80/><F80/><N who="3" m="49223" /><G110/><T15/><D15/><N who="1" m="9535" /><E18/><AGARI ba="0,0" hai="18,23,26,45,46,47,61,63,91,94,97" m="49223" machi="18" ten="30,2000,0" yaku="8,1,54,1" doraHai="50" who="3" fromWho="1" sc="345,0,149,-20,369,0,137,20" /><INIT seed="6,0,0,2,4,135" ten="345,129,369,157" oya="2" hai0="39,129,85,51,55,57,13,33,34,61,8,104,115" hai1="74,133,78,28,134,23,101,40,44,97,132,58,95" hai2="49,81,73,17,89,50,4,122,46,77,10,19,38" hai3="48,98,93,31,16,72,63,6,100,0,119,59,56"/><V121/><F50/><W125/><G119/><T84/><D39/><U14/><E58/><V64/><F64/><W1/><G72/><T22/><D104/><U3/><E3/><V35/><F35/><W94/><G31/><T62/><D33/><U86/><E74/><V108/><F108/><W43/><G6/><T120/><D34/><U15/><E78/><V24/><F89/><W54/><G43/><T91/><D84/><U52/><E86/><V21/><F17/><W30/><G30/><T96/><D96/><U105/><E105/><V36/><F36/><W88/><G16/><N who="0" m="10511" /><D115/><U42/><E42/><V127/><F127/><W82/><G125/><T130/><D120/><U9/><E9/><V20/><F20/><W118/><G82/><T26/><D26/><N who="1" m="16479" /><E40/><V116/><F116/><W117/><G118/><T111/><D111/><U80/><E80/><V99/><F99/><W107/><G107/><T69/><D69/><U32/><E32/><V18/><F18/><W25/><G25/><T90/><D90/><U5/><E5/><V114/><F114/><W66/><REACH who="3" step="1"/><G117/><REACH who="3" ten="345,129,369,147" step="2"/><T53/><D8/><U71/><E71/><V92/><F92/><W109/><G109/><T103/><D130/><U29/><E29/><V112/><F112/><W7/><G7/><T70/><D129/><U87/><E87/><AGARI ba="0,1" hai="0,1,48,54,56,59,63,66,87,88,93,94,98,100" machi="87" ten="30,3900,0" yaku="1,1,7,1,54,1,53,0" doraHai="135" doraHaiUra="131" who="3" fromWho="1" sc="345,0,129,-39,369,0,147,49" /><INIT seed="7,0,0,5,5,125" ten="345,90,369,196" oya="3" hai0="74,53,106,26,21,101,129,119,127,59,62,110,41" hai1="19,78,3,20,68,25,15,17,75,135,81,80,115" hai2="24,42,63,14,83,9,105,132,18,7,65,32,79" hai3="128,67,103,51,28,102,111,122,4,27,95,61,37"/><W112/><G122/><T57/><D127/><U33/><E68/><V56/><F132/><W93/><G37/><T100/><D74/><U120/><E120/><V86/><F105/><W130/><G112/><T118/><D110/><U121/><E121/><V69/><F42/><W44/><G4/><T70/><D106/><U92/><E135/><V36/><F36/><W35/><G111/><T40/><D129/><N who="3" m="49769" /><G95/><T85/><D70/><U82/><E115/><V58/><F32/><W46/><G93/><T72/><D72/><U96/><E17/><V109/><F109/><W84/><G84/><T5/><D5/><U73/><E73/><V8/><F24/><W23/><G23/><T126/><D126/><U6/><E92/><V45/><F45/><N who="3" m="17515" /><G51/><N who="0" m="30911" /><D118/><U99/><E78/><V11/><F11/><W30/><G30/><N who="0" m="17743" /><D85/><U10/><REACH who="1" step="1"/><E75/><REACH who="1" ten="345,80,369,196" step="2"/><V39/><F79/><W116/><G116/><T13/><D119/><U97/><E97/><V104/><F104/><W91/><G91/><T134/><D134/><U0/><E0/><V49/><F69/><AGARI ba="0,1" hai="27,28,35,61,67,69,102,103" m="17515,49769" machi="69" ten="30,11600,0" yaku="19,1,52,3" doraHai="125" who="3" fromWho="2" sc="345,0,80,0,369,-116,196,126" /><INIT seed="7,1,0,3,1,51" ten="345,80,253,322" oya="3" hai0="13,83,95,65,32,72,36,55,86,115,10,49,1" hai1="29,3,67,37,90,114,52,113,45,87,27,101,77" hai2="58,76,133,110,85,128,94,92,66,38,84,60,39" hai3="53,134,124,22,127,73,82,79,126,8,64,18,4"/><W71/><G134/><T40/><D32/><U106/><E3/><V12/><F128/><W57/><G64/><T63/><D1/><U25/><E77/><V5/><F133/><W135/><G135/><T117/><D72/><U116/><E116/><V125/><F110/><W130/><G71/><T121/><D121/><U107/><E37/><V0/><F125/><W15/><G130/><T20/><D20/><U2/><E2/><V112/><F0/><W75/><G75/><T88/><D115/><U14/><E14/><V54/><F112/><W26/><G4/><T96/><D36/><U48/><E67/><V19/><F5/><W74/><G74/><T50/><D40/><U99/><E107/><V17/><F39/><W102/><G102/><T62/><D50/><U68/><E68/><V30/><F38/><W80/><G82/><T70/><D117/><U81/><E27/><V6/><F30/><W16/><G57/><N who="0" m="33007" /><D65/><U123/><E123/><V21/><F6/><W91/><G91/><N who="0" m="55423" /><D70/><U118/><E118/><V24/><F85/><W111/><G111/><T129/><D129/><U42/><E113/><V120/><F120/><W43/><G43/><T46/><D46/><U59/><E114/><V103/><F103/><W61/><G61/><T31/><D31/><U9/><E9/><N who="2" m="6287" /><F66/><W56/><G56/><T44/><D44/><U23/><E59/><V33/><F33/><W131/><G131/><T109/><D109/><U78/><E78/><V35/><F35/><W41/><G41/><T105/><D105/><U93/><E106/><V132/><F132/><W89/><G89/><RYUUKYOKU ba="1,0" sc="345,0,80,0,253,0,322,0" hai0="10,13,62,63,83,86,88" hai1="23,25,29,42,45,48,52,81,87,90,93,99,101" hai2="19,21,24,54,58,60,76,84,92,94" hai3="8,15,16,18,22,26,53,73,79,80,124,126,127" /><INIT seed="7,2,0,2,5,69" ten="345,80,253,322" oya="3" hai0="130,32,59,101,5,129,64,42,88,70,126,21,48" hai1="23,92,38,73,55,30,95,1,83,124,99,24,89" hai2="31,28,103,67,125,39,77,4,100,135,106,110,113" hai3="81,115,116,62,127,11,86,123,132,118,44,47,7"/><W10/><G123/><T119/><D32/><U80/><E1/><V78/><F110/><W14/><G132/><T27/><D5/><U17/><E124/><V43/><F125/><W0/><G127/><T71/><D126/><U112/><E112/><V96/><F135/><W26/><G115/><T25/><D119/><U94/><E73/><V85/><F113/><W121/><G121/><T15/><D101/><U104/><E104/><V40/><F4/><W50/><G62/><T97/><D15/><U18/><E38/><V66/><F85/><W3/><G26/><T91/><D25/><U98/><E92/><V46/><F46/><W52/><G47/><T29/><D42/><U65/><E65/><V84/><F84/><W79/><G3/><T117/><D117/><U72/><E72/><V53/><F53/><W120/><G120/><T19/><D48/><U133/><E133/><V102/><F102/><W57/><G44/><T122/><D29/><U87/><E87/><V131/><F96/><W20/><G20/><T2/><D2/><U54/><E30/><V56/><F56/><W12/><G0/><T128/><D122/><U111/><E111/><V35/><F35/><W75/><G75/><T16/><D19/><AGARI ba="2,0" hai="7,10,11,12,14,19,50,52,57,79,81,86,116,118" machi="19" ten="30,2900,0" yaku="7,1,54,1" doraHai="69" who="3" fromWho="0" sc="345,-35,80,0,253,0,322,35" owari="310,11.0,80,-42.0,253,-15.0,357,46.0" /></mjloggm>