<mjloggm ver="2.3"><GO type="41" lobby="0"/><UN n0="%4E%65%72%6F%E5%90%9B" n1="%E5%B0%B1%E6%B4%BB%E7%94%9F%40%E5%B7%9D%E6%9D%91%E8%BB%8D%E5%9B%A3" n2="%6B%6F%74%61%32%34" n3="%E3%81%9F%E3%82%8D%E3%81%93" dan="13,17,14,15" rate="2020.00,2184.50,1980.85,2003.20" sx="M,M,M,F"/><TAIKYOKU oya="0"/><INIT seed="0,0,0,1,4,19" ten="250,250,250,250" oya="0" hai0="128,118,110,1,7,124,35,98,91,70,131,11,84" hai1="12,111,72,63,53,17,48,130,93,26,116,99,21" hai2="67,30,114,28,112,57,56,65,74,47,119,73,50" hai3="22,44,115,42,55,79,77,4,78,2,97,100,123"/><T127/><D70/><U9/><E116/><V83/><F47/><W20/><G115/><T32/><D118/><U29/><E111/><V40/><F119/><W54/><G123/><T105/><D91/><U68/><E130/><N who="0" m="49705" /><D84/><U37/><E37/><V94/><F94/><W10/><G55/><T92/><D92/><U88/><E72/><V3/><F3/><W66/><G54/><T71/><D71/><U120/><E120/><V85/><F85/><W36/><REACH who="3" step="1"/><G66/><REACH who="3" ten="250,250,250,240" step="2"/><T33/><D110/><U134/><E134/><V82/><F40/><W108/><G108/><T69/><D69/><U64/><E53/><V121/><F121/><W132/><G132/><T89/><D89/><U52/><E52/><V135/><F135/><W101/><G101/><AGARI ba="0,1" hai="1,7,11,32,33,35,98,101,105,124,127" m="49705" machi="101" ten="40,3900,0" yaku="19,1,23,1" doraHai="19" who="0" fromWho="3" sc="250,49,250,0,250,0,240,-39" /><INIT seed="0,1,0,3,2,92" ten="299,250,250,201" oya="0" hai0="3,132,110,129,102,28,45,43,6,87,49,39,32" hai1="5,86,131,94,20,64,58,0,24,14,19,90,127" hai2="44,33,103,17,66,27,95,34,22,97,21,37,62" hai3="38,77,135,15,35,53,93,71,84,72,128,2,80"/><T65/><D132/><U125/><E131/><V106/><F37/><W117/><G135/><T25/><D129/><U11/><E64/><V68/><F44/><W123/><G35/><T116/><D116/><U56/><REACH who="1" step="1"/><E0/><REACH who="1" ten="299,240,250,201" step="2"/><V26/><REACH who="2" step="1"/><F106/><REACH who="2" ten="299,240,240,201" step="2"/><W31/><G128/><T41/><D110/><U13/><E13/><V50/><F50/><W12/><G15/><T67/><D39/><U119/><E119/><V89/><F89/><W121/><G12/><T85/><D102/><U74/><E74/><V23/><F23/><W112/><G38/><T18/><D3/><U122/><E122/><V42/><F42/><W54/><G2/><T88/><D41/><U69/><E69/><V60/><F60/><W99/><G71/><T9/><D88/><U114/><E114/><V101/><F101/><W115/><G112/><T111/><D111/><U29/><E29/><AGARI ba="1,2" hai="17,21,22,26,27,29,33,34,62,66,68,95,97,103" machi="29" ten="30,3900,0" yaku="1,1,7,1,52,1,53,0" doraHai="92" doraHaiUra="8" who="2" fromWho="1" sc="299,0,240,-42,240,62,201,0" /><INIT seed="1,0,0,3,1,64" ten="299,198,302,201" oya="1" hai0="110,100,43,105,11,18,124,42,118,49,53,89,17" hai1="57,71,28,85,92,80,3,83,117,94,82,25,44" hai2="91,68,106,20,40,50,8,77,112,45,74,130,125" hai3="60,39,31,12,132,61,81,116,16,62,48,34,115"/><U90/><E117/><V127/><F106/><W10/><G39/><T120/><D118/><U67/><E3/><V26/><F8/><W9/><G116/><T103/><D105/><U55/><E44/><V2/><F2/><W101/><G115/><T99/><D120/><U30/><E94/><V75/><F77/><W66/><G101/><N who="0" m="38987" /><D110/><U97/><E85/><V51/><F51/><W95/><G95/><N who="0" m="56815" /><D124/><U123/><E123/><V109/><F109/><W15/><G132/><T102/><N who="0" m="38995" /><T46/><DORA hai="131" /><D11/><U4/><E4/><V5/><F5/><W14/><G34/><T119/><D119/><U27/><E67/><V108/><F108/><W32/><G31/><N who="1" m="11818" /><E71/><V87/><F68/><W1/><G32/><T69/><D69/><U47/><E47/><V63/><F75/><W36/><G36/><T133/><D133/><U38/><E38/><V33/><F74/><W104/><G104/><T59/><D42/><U128/><E128/><V107/><F33/><W23/><G1/><T29/><D29/><U7/><E7/><V41/><F41/><W37/><G37/><T56/><D56/><U79/><E79/><V96/><F125/><W13/><G66/><T122/><D122/><U134/><E134/><V88/><F40/><W73/><G73/><T111/><D111/><U19/><E19/><V126/><F126/><W135/><G135/><T121/><D121/><U113/><E113/><V54/><F112/><W86/><G9/><T52/><D43/><U58/><E58/><V129/><F127/><W6/><G10/><T70/><D70/><U114/><E114/><RYUUKYOKU ba="0,0" sc="299,15,198,15,302,-15,201,-15" hai0="17,18,46,49,52,53,59" hai1="25,27,55,57,80,82,83,90,92,97" /><INIT seed="1,1,0,1,4,21" ten="314,213,287,186" oya="1" hai0="51,66,43,68,46,103,99,3,33,100,56,49,80" hai1="37,134,78,73,113,119,5,135,92,28,87,111,31" hai2="42,109,44,120,127,55,104,18,24,97,50,70,62" hai3="72,105,40,36,65,112,0,95,114,133,13,93,69"/><U123/><E119/><V82/><F120/><W45/><G0/><T6/><D33/><U102/><E123/><V11/><F109/><W34/><G105/><T54/><D3/><U61/><E37/><V98/><F127/><W107/><G72/><T60/><D6/><U126/><E113/><V22/><F104/><W115/><G107/><T63/><D80/><U30/><E5/><V84/><F11/><W59/><G34/><T81/><D81/><U47/><E126/><V106/><F106/><W19/><G133/><N who="1" m="50698" /><E111/><V27/><F27/><W83/><G83/><T110/><D110/><U129/><E129/><V26/><F26/><W88/><G95/><T16/><D99/><N who="1" m="59751" /><E47/><V57/><REACH who="2" step="1"/><F70/><REACH who="2" ten="314,213,277,186" step="2"/><W29/><G69/><T23/><REACH who="0" step="1"/><D63/><REACH who="0" ten="304,213,277,186" step="2"/><U25/><E61/><V39/><F39/><W64/><G115/><T17/><D17/><U131/><E131/><V91/><AGARI ba="1,2" hai="18,22,24,42,44,50,55,57,62,82,84,91,97,98" machi="91" ten="20,8000,1" yaku="1,1,0,1,7,1,8,1,52,1,53,0" doraHai="21" doraHaiUra="75" who="2" fromWho="2" sc="304,-21,213,-41,277,103,186,-21" /><INIT seed="2,0,0,1,0,65" ten="283,172,380,165" oya="2" hai0="49,0,105,9,104,25,31,44,23,18,29,27,98" hai1="11,79,53,134,89,26,12,1,107,39,46,113,50" hai2="106,47,133,42,33,16,125,72,85,108,130,131,97" hai3="102,132,57,135,30,80,95,69,60,121,70,14,83"/><V21/><F72/><W19/><G30/><T87/><D98/><U35/><E113/><V45/><F33/><W81/><G121/><T59/><D59/><U76/><E1/><V75/><F75/><W118/><G118/><T15/><D87/><U84/><E107/><V93/><F45/><W3/><G3/><T48/><D0/><U36/><E134/><N who="3" m="51242" /><G95/><T17/><D44/><U34/><E39/><V88/><F133/><W66/><G102/><T116/><D116/><U114/><E36/><V115/><F115/><W129/><G129/><T63/><D63/><U6/><E114/><V74/><F74/><W124/><G124/><T78/><D78/><U4/><E4/><V71/><F71/><N who="3" m="27147" /><G83/><T73/><D73/><U40/><E35/><V24/><F125/><W120/><G120/><T119/><D119/><U38/><E34/><V51/><F108/><W54/><G66/><T109/><D109/><U22/><E38/><V56/><F106/><W127/><G127/><T110/><D110/><U7/><E7/><V91/><REACH who="2" step="1"/><F56/><REACH who="2" ten="283,172,370,165" step="2"/><W43/><G43/><T126/><D126/><U90/><E40/><V32/><F32/><W82/><G82/><AGARI ba="0,1" hai="16,21,24,42,47,51,82,85,88,91,93,97,130,131" machi="82" ten="40,12000,1" yaku="1,1,54,2,53,1" doraHai="65" doraHaiUra="92" who="2" fromWho="3" sc="283,0,172,0,370,130,165,-120" /><INIT seed="2,1,0,4,4,7" ten="283,172,500,45" oya="2" hai0="107,128,60,44,23,92,11,130,33,122,66,32,2" hai1="27,51,77,70,12,102,87,133,134,58,55,17,131" hai2="121,78,36,20,97,40,49,50,117,26,126,95,135" hai3="53,80,106,52,37,112,83,84,15,1,3,41,42"/><V93/><F121/><W132/><G106/><T103/><D107/><U88/><E131/><N who="0" m="50217" /><D122/><U82/><E70/><V43/><F117/><W127/><G112/><T90/><D103/><U85/><E102/><V76/><F36/><W13/><G127/><T61/><D23/><U25/><E134/><V34/><F34/><N who="0" m="13418" /><D44/><U105/><E105/><V69/><F69/><W0/><G84/><N who="0" m="52295" /><D66/><U5/><E5/><AGARI ba="1,0" hai="2,5,11,60,61" m="52295,13418,50217" machi="5" ten="30,2000,0" yaku="19,1,52,1" doraHai="7" who="0" fromWho="1" sc="283,23,172,-23,500,0,45,0" /><INIT seed="3,0,0,1,2,130" ten="306,149,500,45" oya="3" hai0="96,63,9,37,36,113,40,42,61,85,57,0,110" hai1="27,18,105,49,135,123,44,7,131,11,126,76,67" hai2="48,82,103,15,3,43,38,59,45,98,30,1,64" hai3="13,56,29,46,93,114,68,125,62,134,50,41,4"/><W111/><G114/><T116/><D113/><U34/><E105/><V66/><F66/><W73/><G73/><T84/><D116/><U132/><E123/><V39/><F39/><N who="0" m="14922" /><D96/><U58/><E76/><V107/><F30/><W26/><G68/><T28/><D28/><U122/><E131/><V53/><F15/><W87/><G125/><T17/><D0/><U69/><E69/><V60/><F82/><W16/><G111/><T33/><D33/><U77/><E77/><V32/><F32/><W22/><G4/><T8/><D110/><U112/><E126/><V92/><F107/><W12/><G12/><T75/><D17/><U86/><E86/><N who="0" m="33385" /><D57/><AGARI ba="0,0" hai="1,3,38,43,45,48,53,57,59,60,64,92,98,103" machi="57" ten="30,1000,0" yaku="7,1" doraHai="130" who="2" fromWho="0" sc="306,-10,149,0,500,10,45,0" /><INIT seed="4,0,0,0,1,121" ten="296,149,510,45" oya="0" hai0="129,11,87,91,113,56,55,111,89,35,108,1,60" hai1="62,114,131,101,18,123,40,31,7,65,106,109,103" hai2="57,50,19,39,75,10,118,100,45,3,125,44,77" hai3="63,24,84,82,70,59,78,21,86,66,23,54,72"/><T43/><D35/><U34/><E123/><V79/><F100/><W110/><G110/><N who="0" m="42027" /><D129/><U30/><E7/><V0/><F57/><W92/><G92/><N who="0" m="54335" /><D113/><U37/><E18/><V120/><F45/><W90/><G90/><T36/><D91/><U73/><E101/><V132/><F50/><W67/><G23/><T107/><D107/><U97/><E34/><V26/><F44/><W76/><G78/><T2/><D11/><U83/><E103/><V28/><F39/><W99/><G99/><T122/><D122/><U22/><E97/><V6/><F79/><W52/><G54/><T42/><D36/><U17/><E106/><V124/><F77/><W13/><G13/><T14/><D14/><U81/><E37/><V41/><F41/><AGARI ba="0,0" hai="1,2,41,42,43,55,56,60" m="54335,42027" machi="41" ten="30,11600,0" yaku="10,1,52,3" doraHai="121" who="0" fromWho="2" sc="296,116,149,0,510,-116,45,0" /><INIT seed="4,1,0,3,2,30" ten="412,149,394,45" oya="0" hai0="119,4,60,40,47,31,127,17,14,9,19,44,3" hai1="85,77,131,135,68,67,103,112,71,23,32,6,36" hai2="38,95,130,58,84,118,46,25,64,89,28,122,33" hai3="24,75,115,39,99,22,70,124,18,12,97,121,88"/><T83/><D119/><U82/><E36/><V63/><F122/><W91/><G39/><T114/><D114/><U26/><E131/><V80/><F130/><W78/><G70/><T120/><D120/><U15/><E135/><V20/><F118/><W51/><G121/><T8/><D127/><U5/><E112/><V113/><F113/><W16/><G115/><T105/><D105/><U106/><E15/><V50/><F38/><W86/><G124/><T55/><D31/><N who="1" m="19575" /><E23/><V110/><F110/><W52/><G75/><T7/><D83/><U76/><E76/><V29/><F29/><W43/><G43/><T42/><D60/><N who="1" m="40039" /><E71/><V66/><F66/><W34/><G34/><T129/><D129/><U13/><E13/><V73/><F73/><W128/><G128/><T100/><D100/><U108/><E108/><V102/><F33/><W87/><G78/><T96/><D96/><AGARI ba="1,0" hai="5,6,77,82,85,96,103,106" m="40039,19575" machi="96" ten="30,2000,0" yaku="25,1,52,1" doraHai="30" who="1" fromWho="0" sc="412,-23,149,23,394,0,45,0" /><INIT seed="5,0,0,3,4,119" ten="389,172,394,45" oya="1" hai0="120,114,58,34,16,133,93,112,66,5,121,50,76" hai1="104,113,15,14,108,131,77,47,115,31,41,69,1" hai2="81,51,125,75,53,67,30,46,123,95,54,111,97" hai3="65,105,37,9,39,19,103,23,70,11,7,117,10"/><U62/><E1/><V118/><F123/><N who="0" m="47178" /><D34/><U55/><E104/><V88/><F118/><W0/><G117/><T84/><D133/><U100/><E100/><V82/><F111/><W126/><G105/><T110/><D110/><U87/><E108/><V44/><F75/><W79/><G103/><T33/><D33/><U12/><E31/><V6/><F67/><W22/><G79/><T13/><D5/><U130/><E87/><V90/><F30/><W85/><G65/><T124/><D124/><U38/><E77/><V132/><F132/><W28/><G70/><T56/><D66/><N who="1" m="41175" /><E55/><V48/><F6/><N who="3" m="1223" /><G85/><T3/><D3/><U18/><E18/><V96/><F125/><W116/><G39/><T35/><D35/><U101/><E101/><V40/><F40/><W21/><G37/><T89/><D76/><U68/><E68/><V86/><F82/><W57/><G57/><N who="0" m="22123" /><D50/><U49/><E38/><V61/><F61/><W106/><G106/><T72/><D72/><U91/><E91/><V74/><F74/><W36/><G36/><T83/><D83/><U32/><E32/><V17/><F17/><W99/><G126/><T71/><D71/><U134/><E134/><V25/><F81/><W78/><G78/><T8/><AGARI ba="0,0" hai="8,13,16,84,89,93,112,114" m="22123,47178" machi="8" ten="30,8000,1" yaku="13,1,52,3,54,1" doraHai="119" who="0" fromWho="0" sc="389,80,172,-40,394,-20,45,-20" /><INIT seed="6,0,0,4,4,20" ten="469,132,374,25" oya="2" hai0="46,38,68,53,66,116,106,113,50,13,101,11,40" hai1="21,33,54,31,26,119,57,130,86,27,8,108,79" hai2="129,39,135,103,132,81,91,89,102,77,120,22,69" hai3="71,95,128,121,3,111,41,67,4,123,104,125,56"/><V30/><F69/><W105/><G95/><T48/><D116/><U61/><E108/><V99/><F39/><W65/><G56/><N who="0" m="32807" /><D113/><U74/><E119/><V85/><F120/><W93/><G93/><T10/><D50/><U24/><E130/><V35/><F35/><W87/><G87/><T32/><D32/><U34/><E74/><V82/><F22/><W84/><G84/><T60/><D13/><U88/><E34/><V78/><F30/><W122/><G4/><T131/><D131/><U94/><E33/><V97/><F85/><W23/><G128/><AGARI ba="0,0" hai="77,78,81,82,89,91,97,99,102,103,128,129,132,135" machi="128" ten="25,12000,1" yaku="22,2,34,3" doraHai="20" who="2" fromWho="3" sc="469,0,132,0,374,120,25,-120" owari="469,27.0,132,-27.0,494,60.0,-95,-60.0" /></mjloggm>