<mjloggm ver="2.3"><GO type="169" lobby="0"/><UN n0="%E5%8E%9F%E5%AE%BF%E3%82%B8%E3%82%A7%E3%83%B3%E3%83%8C" n1="%E4%B8%A6%E3%81%BF%E3%81%AE%E7%AB%9C" n2="%E3%82%A6%E3%83%AB%E3%83%88%E3%83%A9%E7%AB%8B%E7%9B%B4" n3="%6E%61%69%74%61" dan="16,17,17,16" rate="2106.49,2216.02,2224.05,2161.66" sx="M,M,M,M"/><TAIKYOKU oya="0"/><INIT seed="0,0,0,0,4,120" ten="250,250,250,250" oya="0" hai0="24,100,21,69,80,15,132,37,93,109,0,3,48" hai1="107,30,16,121,97,75,116,122,59,78,68,27,50" hai2="96,13,102,114,119,64,113,5,8,82,103,87,33" hai3="40,79,9,117,45,111,29,85,36,25,123,43,127"/><T90/><D37/><U20/><E116/><V55/><F33/><W39/><G123/><T74/><D69/><U58/><E68/><V52/><F119/><W54/><G117/><T11/><D100/><U14/><E75/><V34/><F34/><W31/><G127/><T41/><D132/><U19/><E78/><V66/><F114/><W18/><G111/><T133/><D109/><U86/><E86/><V6/><F6/><W60/><G60/><T110/><D110/><U51/><E121/><V67/><F113/><W70/><G70/><T135/><D133/><U17/><E122/><V134/><F134/><W88/><G79/><T91/><D135/><U42/><E107/><V7/><F7/><W57/><G43/><T12/><D74/><U95/><E14/><V61/><F61/><W84/><G36/><T89/><D80/><U35/><E35/><V46/><F46/><W4/><G85/><T125/><D93/><U56/><REACH who="1" step="1"/><E42/><REACH who="1" ten="250,240,250,250" step="2"/><V129/><F129/><W104/><G104/><T128/><D128/><U124/><E124/><V1/><F1/><W81/><G25/><T98/><D125/><U126/><E126/><V130/><F130/><W94/><G40/><T73/><D73/><U108/><E108/><V2/><F2/><N who="0" m="554" /><D98/><U65/><E65/><V23/><F96/><W28/><G84/><T105/><D105/><U72/><E72/><V47/><F67/><W83/><G83/><T38/><D11/><U106/><E106/><V92/><F66/><W99/><G81/><T131/><D131/><U53/><E53/><V32/><F64/><W10/><G54/><RYUUKYOKU ba="0,1" sc="250,-10,240,30,250,-10,250,-10" hai1="16,17,19,20,27,30,50,51,56,58,59,95,97" /><INIT seed="1,1,1,2,0,22" ten="240,270,240,240" oya="1" hai0="123,105,50,30,44,24,111,109,12,114,127,8,31" hai1="56,28,131,88,118,130,9,65,124,90,34,134,99" hai2="82,101,69,7,73,35,36,96,93,53,32,27,13" hai3="23,98,20,26,45,5,58,63,117,40,39,11,110"/><U16/><E118/><V74/><F36/><W122/><G110/><N who="0" m="41995" /><D105/><U78/><E134/><V119/><F119/><W133/><G122/><T43/><D123/><U54/><E65/><V18/><F69/><W49/><G133/><T107/><D107/><U102/><E78/><V1/><F1/><W104/><G117/><T125/><D31/><U48/><E124/><N who="0" m="47689" /><D114/><U83/><E83/><V3/><F3/><W19/><G39/><T115/><D115/><U84/><E84/><V4/><F73/><W135/><G135/><T52/><D12/><N who="1" m="7183" /><E34/><V75/><F74/><W87/><G104/><T64/><D8/><U112/><E28/><V126/><F35/><W72/><G72/><T46/><D64/><U120/><E120/><V41/><F126/><W33/><G33/><N who="0" m="20679" /><D43/><U77/><E112/><V129/><F32/><W51/><G40/><T92/><D92/><N who="1" m="58727" /><E77/><V15/><F93/><W95/><G95/><T57/><AGARI ba="1,1" hai="44,46,50,52,57" m="20679,47689,41995" machi="57" ten="30,7900,0" yaku="14,1,18,1,52,1,54,1" doraHai="22" who="0" fromWho="0" sc="240,92,270,-40,240,-21,240,-21" /><INIT seed="2,0,0,4,3,92" ten="332,230,219,219" oya="2" hai0="33,55,51,67,35,119,56,21,94,113,125,100,134" hai1="44,74,89,102,53,124,59,66,120,108,105,52,82" hai2="19,127,114,16,2,6,14,133,81,39,95,12,27" hai3="9,116,7,97,24,78,8,0,50,126,115,32,41"/><V15/><F39/><W69/><G116/><T63/><D119/><U83/><E108/><V73/><F73/><W28/><G69/><T68/><D113/><U20/><E124/><V5/><F81/><W90/><G115/><T49/><D125/><U122/><E66/><V98/><F114/><W61/><G126/><T123/><D123/><N who="1" m="47147" /><E74/><V104/><F104/><W37/><G37/><T77/><D77/><U17/><E89/><N who="2" m="55663" /><F2/><W75/><G9/><T103/><D51/><N who="1" m="28775" /><E102/><V96/><F127/><W38/><G38/><T31/><D134/><U117/><E105/><V112/><F133/><W101/><G90/><T25/><D103/><U54/><E54/><V40/><F40/><W84/><G41/><T106/><D106/><U58/><E117/><V18/><F112/><W88/><G75/><T4/><D4/><N who="2" m="1642" /><F96/><W36/><G36/><T3/><D3/><U109/><E109/><V135/><F135/><W60/><G78/><T86/><D86/><U131/><E131/><V128/><F128/><W111/><G111/><T23/><D35/><U91/><E91/><V121/><F121/><W11/><G11/><T130/><REACH who="0" step="1"/><D130/><REACH who="0" ten="322,230,219,219" step="2"/><U64/><E83/><V30/><F30/><W85/><G85/><T10/><D10/><U110/><E82/><V22/><AGARI ba="0,1" hai="12,14,15,16,18,19,22,27" m="1642,55663" machi="22" ten="30,6000,0" yaku="8,1,52,1,54,1" doraHai="92" who="2" fromWho="2" sc="322,-20,230,-20,219,70,219,-20" /><INIT seed="2,1,0,5,1,93" ten="302,210,289,199" oya="2" hai0="91,99,122,111,119,64,71,3,50,100,22,42,15" hai1="132,30,76,82,51,20,18,21,113,117,70,90,5" hai2="128,129,72,39,16,83,79,0,10,32,77,114,133" hai3="116,118,107,59,1,94,74,134,84,35,81,69,48"/><V37/><F32/><W80/><G1/><T53/><D3/><U2/><E70/><V61/><F114/><W120/><G35/><T88/><D42/><U130/><E117/><V125/><F79/><W14/><G69/><T109/><D122/><U45/><E132/><V86/><F86/><W101/><G14/><T102/><D102/><U6/><E2/><V63/><F133/><W24/><G24/><T25/><D15/><U96/><E30/><V98/><F16/><W31/><G31/><T8/><D8/><U131/><E113/><V47/><F98/><N who="3" m="61879" /><G48/><T49/><D49/><U123/><E123/><V60/><F125/><W23/><G23/><T52/><D53/><U54/><E21/><V106/><F106/><W58/><G58/><T12/><D12/><U56/><E45/><V89/><F89/><N who="3" m="53543" /><G59/><T46/><D64/><U29/><E29/><V108/><F108/><N who="0" m="41546" /><D71/><U110/><E110/><V43/><REACH who="2" step="1"/><F37/><REACH who="2" ten="302,210,279,199" step="2"/><W67/><G120/><T95/><D119/><N who="3" m="45609" /><G134/><T38/><D38/><U78/><E18/><AGARI ba="1,1" hai="18,22,25,46,50,52,88,91,95,99,100" m="41546" machi="18" ten="30,7700,0" yaku="14,1,52,1,54,2" doraHai="93" who="0" fromWho="1" sc="302,90,210,-80,279,0,199,0" /><INIT seed="3,0,0,4,0,42" ten="392,130,279,199" oya="3" hai0="6,78,71,135,80,40,119,98,54,129,64,3,104" hai1="19,30,99,51,47,31,75,96,134,101,10,25,132" hai2="91,111,46,59,114,66,126,17,44,74,36,115,85" hai3="87,38,35,77,121,116,50,8,34,53,108,97,113"/><W94/><G121/><T105/><D54/><U125/><E75/><V100/><F74/><W73/><G116/><T9/><D119/><U61/><E125/><V67/><F36/><W57/><G113/><T56/><D56/><U13/><E61/><V124/><F100/><W12/><G108/><T27/><D135/><N who="1" m="51755" /><E25/><V5/><F5/><W106/><G38/><T1/><D129/><U21/><E10/><V14/><F111/><W16/><G73/><T33/><D1/><U11/><E11/><V55/><F17/><W69/><G69/><T93/><D93/><N who="1" m="58511" /><E99/><V29/><F14/><W22/><G106/><T92/><D92/><U128/><E128/><V88/><F29/><W133/><G133/><T49/><D49/><U107/><E107/><V43/><F43/><AGARI ba="0,0" hai="13,19,21,30,31,43,47,51" m="58511,51755" machi="43" ten="30,2000,0" yaku="20,1,52,1" doraHai="42" who="1" fromWho="2" sc="392,0,130,20,279,-20,199,0" /><INIT seed="4,0,0,2,0,34" ten="392,150,259,199" oya="0" hai0="87,64,121,8,90,88,13,79,17,106,23,9,131" hai1="6,1,26,25,96,72,122,12,77,103,52,92,54" hai2="0,110,45,69,102,97,19,83,118,125,128,105,93" hai3="58,115,108,91,55,84,129,24,27,37,107,35,104"/><T3/><D106/><U51/><E122/><V70/><F110/><W85/><G37/><T99/><D121/><U132/><E132/><V81/><F70/><W117/><G115/><T63/><D131/><U124/><E124/><V11/><F69/><W53/><G117/><T47/><D47/><U5/><E72/><V48/><F125/><W28/><G129/><T113/><D113/><U98/><E77/><V60/><F60/><W80/><G108/><T20/><D90/><U49/><E12/><V100/><F128/><W44/><G27/><T18/><D99/><N who="1" m="37931" /><E92/><V61/><F61/><W123/><G123/><T4/><D79/><U43/><E43/><V75/><F102/><W119/><G119/><T120/><D18/><U2/><E103/><V95/><F19/><W112/><G112/><T109/><D109/><U31/><E31/><V41/><F118/><W57/><G44/><T33/><D33/><U32/><E32/><V127/><F127/><W40/><G40/><T36/><D36/><U68/><E68/><V116/><F116/><W76/><G58/><T15/><D15/><U135/><E135/><V94/><REACH who="2" step="1"/><F75/><REACH who="2" ten="392,150,249,199" step="2"/><W73/><G73/><T78/><D120/><U67/><E67/><V82/><F82/><W29/><G29/><T59/><D78/><U126/><E126/><V56/><F56/><W16/><G16/><T65/><D64/><U101/><E101/><V22/><F22/><W10/><G10/><T39/><REACH who="0" step="1"/><D39/><REACH who="0" ten="382,150,249,199" step="2"/><U50/><E26/><V7/><AGARI ba="0,2" hai="0,7,11,41,45,48,81,83,93,94,95,97,100,105" machi="7" ten="30,7900,0" yaku="1,1,0,1,52,1,53,1" doraHai="34" doraHaiUra="46" who="2" fromWho="2" sc="382,-39,150,-20,249,99,199,-20" /><INIT seed="5,0,0,3,5,131" ten="343,130,348,179" oya="1" hai0="81,32,84,66,134,29,19,43,76,68,67,78,87" hai1="96,98,105,74,42,13,33,83,100,92,116,125,71" hai2="38,109,118,132,103,48,49,3,12,1,133,16,77" hai3="65,24,8,47,89,14,35,123,62,10,18,54,26"/><U135/><E71/><V0/><F38/><W23/><G123/><T104/><D104/><U80/><E33/><V111/><F103/><W90/><G35/><T126/><D126/><U30/><E30/><V57/><F77/><W2/><G2/><T53/><D43/><U6/><E125/><V45/><F57/><N who="3" m="37071" /><G10/><T41/><D41/><U17/><E6/><V63/><F63/><W129/><G129/><T40/><D40/><U59/><E116/><V70/><F70/><W130/><G130/><T79/><D19/><U64/><E74/><V44/><F118/><W69/><G69/><T50/><D68/><U75/><E75/><V46/><F16/><N who="3" m="8263" /><G26/><T107/><D107/><U60/><E42/><V86/><F12/><W117/><G117/><T91/><D29/><U27/><E27/><V55/><F86/><W4/><G4/><T97/><D32/><U106/><E135/><N who="2" m="51787" /><F55/><W99/><G99/><T22/><D97/><U95/><E105/><V82/><F82/><W21/><G21/><T39/><D22/><N who="1" m="11567" /><E106/><V119/><F119/><W73/><G73/><T72/><D72/><U120/><E120/><V115/><F115/><W58/><G47/><N who="0" m="27871" /><D39/><U15/><E15/><V28/><F28/><W34/><G34/><T112/><D112/><U128/><E128/><V25/><F25/><W93/><G93/><N who="0" m="54503" /><D134/><U5/><E5/><V124/><F124/><W85/><G85/><T88/><AGARI ba="0,0" hai="66,67,76,78,79,81,87,88" m="54503,27871" machi="88" ten="30,2000,0" yaku="8,1,54,1" doraHai="131" who="0" fromWho="0" sc="343,20,130,-10,348,-5,179,-5" /><INIT seed="6,0,0,5,5,63" ten="363,120,343,174" oya="2" hai0="25,116,126,64,69,71,101,58,27,49,51,3,96" hai1="84,89,123,23,134,109,111,11,19,26,43,54,55" hai2="83,0,38,6,121,5,108,99,7,47,8,10,48" hai3="79,68,35,113,124,17,59,33,56,127,44,107,42"/><V110/><F121/><W118/><G107/><T36/><D3/><U73/><E73/><V46/><F38/><W18/><G68/><T15/><D36/><U132/><E43/><V93/><F83/><W106/><G106/><T131/><D116/><U14/><E123/><V92/><F48/><N who="3" m="26647" /><G118/><T103/><D15/><U81/><E109/><N who="2" m="42091" /><F92/><W97/><G97/><T4/><D96/><U70/><E70/><V57/><F57/><N who="3" m="22091" /><G79/><T2/><D2/><U65/><E111/><V119/><F119/><W91/><G91/><T61/><D71/><U86/><E86/><V50/><F0/><W100/><G100/><T66/><D69/><U13/><E13/><V98/><F98/><W74/><G74/><T95/><D103/><U72/><E72/><V40/><F47/><W75/><G75/><T112/><D101/><AGARI ba="0,0" hai="5,6,7,8,10,40,46,50,93,99,101" m="42091" machi="101" ten="30,1500,0" yaku="10,1" doraHai="63" who="2" fromWho="0" sc="363,-15,120,0,343,15,174,0" /><INIT seed="6,1,0,3,3,33" ten="348,120,358,174" oya="2" hai0="120,93,115,30,0,95,31,123,35,14,23,131,108" hai1="121,37,68,90,36,128,82,16,32,110,116,50,39" hai2="21,58,86,57,55,100,126,65,129,94,114,77,80" hai3="89,83,132,71,28,45,60,26,20,40,99,102,17"/><V66/><F114/><W44/><G132/><T15/><D108/><U11/><E110/><V29/><F126/><W53/><G71/><T107/><D107/><U62/><E116/><V64/><F129/><W9/><G83/><T5/><D131/><U49/><E32/><V135/><F135/><W75/><G75/><T73/><D73/><U56/><E68/><V51/><F29/><W91/><G60/><T13/><D115/><U4/><E121/><V96/><REACH who="2" step="1"/><F21/><REACH who="2" ten="348,120,348,174" step="2"/><N who="3" m="15439" /><G9/><N who="0" m="2215" /><D95/><U104/><E128/><V79/><F79/><W63/><G20/><T67/><D93/><U92/><E104/><V47/><AGARI ba="1,1" hai="47,51,55,57,58,64,65,66,77,80,86,94,96,100" machi="47" ten="30,12000,1" yaku="1,1,0,1,8,1,53,2" doraHai="33" doraHaiUra="52" who="2" fromWho="2" sc="348,-41,120,-41,348,133,174,-41" /><INIT seed="6,2,0,0,0,43" ten="307,79,481,133" oya="2" hai0="29,69,4,38,25,126,92,33,49,101,9,99,89" hai1="90,7,61,56,44,45,14,94,35,123,12,79,83" hai2="107,82,134,80,47,86,105,51,59,71,129,100,97" hai3="77,81,124,16,13,42,20,119,46,58,116,109,76"/><V41/><F71/><W65/><G109/><T114/><D38/><U50/><E35/><V21/><F129/><W133/><G133/><T95/><D69/><U3/><E123/><V93/><F134/><W87/><G124/><T122/><D126/><U118/><E3/><V111/><F111/><W96/><G77/><T128/><D128/><U117/><E117/><V127/><F127/><W64/><G96/><T0/><D122/><U19/><E7/><V88/><F21/><W30/><G30/><T84/><D49/><U8/><E14/><V104/><F59/><W24/><G24/><T132/><D114/><U27/><E27/><V28/><F28/><W18/><G18/><T48/><D48/><U11/><E50/><V6/><F6/><W98/><G98/><T23/><REACH who="0" step="1"/><D132/><REACH who="0" ten="297,79,481,133" step="2"/><U78/><E118/><V85/><F51/><N who="3" m="27095" /><G116/><T15/><D15/><U113/><E113/><V54/><F41/><W91/><G119/><T52/><D52/><N who="1" m="33927" /><E8/><V39/><F54/><W10/><G58/><T22/><AGARI ba="2,1" hai="0,4,9,22,23,25,29,33,84,89,92,95,99,101" machi="22" ten="30,2000,0" yaku="1,1,0,1,53,0" doraHai="43" doraHaiUra="37" who="0" fromWho="0" sc="297,36,79,-7,481,-12,133,-7" /><INIT seed="7,0,0,5,5,27" ten="333,72,469,126" oya="3" hai0="130,83,109,6,43,101,2,119,97,74,118,85,114" hai1="47,133,90,131,89,88,121,60,98,73,100,123,65" hai2="92,25,53,48,26,94,91,3,10,62,102,45,22" hai3="134,31,34,49,75,40,120,39,4,38,59,61,35"/><W127/><G120/><T86/><D43/><U9/><E133/><V12/><F3/><W14/><G75/><T122/><D6/><U64/><E131/><V24/><F102/><W117/><G117/><T95/><D2/><U51/><E73/><V99/><F62/><W58/><G134/><T1/><D1/><U56/><E9/><V66/><F66/><W50/><G14/><T54/><D54/><U18/><E18/><N who="2" m="12375" /><F94/><W33/><G4/><AGARI ba="0,0" hai="4,10,12,25,26,45,48,53,91,92,99" m="12375" machi="4" ten="30,1000,0" yaku="8,1" doraHai="27" who="2" fromWho="3" sc="333,0,72,0,469,10,126,-10" owari="333,13.0,72,-43.0,479,58.0,116,-28.0" /></mjloggm>