<mjloggm ver="2.3"><GO type="169" lobby="0"/><UN n0="%E3%82%A6%E3%83%AB%E3%83%88%E3%83%A9%E7%AB%8B%E7%9B%B4" n1="%70%69%2D%70%6F" n2="%63%67%66%35%34%38%35%38" n3="%E3%83%8B%E3%83%A3%E3%83%83%E3%83%94%E3%83%BC%E5%A4%8F%E7%9B%AE" dan="17,17,17,18" rate="2175.46,2111.31,2196.80,2206.39" sx="M,M,M,M"/><TAIKYOKU oya="0"/><INIT seed="0,0,0,2,4,35" ten="250,250,250,250" oya="0" hai0="130,132,13,135,79,18,95,28,131,108,5,122,51" hai1="65,48,30,106,70,9,63,14,58,129,104,47,99" hai2="78,72,127,124,84,42,109,60,19,123,7,103,16" hai3="3,23,49,27,114,71,0,69,21,96,31,53,15"/><T94/><D122/><U12/><E129/><N who="0" m="49161" /><D28/><U90/><E58/><V17/><F123/><W24/><G114/><T80/><D51/><U66/><E66/><V116/><F109/><W45/><G15/><T121/><D121/><U117/><E117/><V81/><F116/><W8/><G96/><T120/><D120/><U22/><E30/><V126/><F103/><W40/><G40/><T115/><D5/><U1/><E22/><V100/><F100/><W111/><G111/><T73/><D115/><U82/><E12/><V101/><F101/><W89/><G89/><T44/><D44/><U105/><E99/><V112/><F112/><W33/><G33/><T128/><N who="0" m="49169" /><T119/><DORA hai="2" /><D119/><U34/><E34/><V52/><F42/><W110/><G110/><T93/><D108/><U4/><E14/><V83/><F7/><W25/><G25/><T91/><D91/><U54/><REACH who="1" step="1"/><E105/><REACH who="1" ten="250,240,250,250" step="2"/><V86/><F83/><W87/><G71/><T20/><AGARI ba="0,1" hai="13,18,20,73,79,80,93,94,95,132,135" m="49169" machi="20" ten="50,2400,0" yaku="19,1" doraHai="35,2" who="0" fromWho="0" sc="250,34,240,-8,250,-8,250,-8" /><INIT seed="0,1,0,1,5,108" ten="284,232,242,242" oya="0" hai0="23,40,69,1,109,117,84,73,21,134,6,45,82" hai1="102,105,53,61,46,52,28,87,13,125,3,20,33" hai2="14,131,121,123,9,24,11,12,36,27,38,98,107" hai3="116,111,4,118,133,113,85,22,130,35,48,63,55"/><T103/><D117/><U29/><E125/><V86/><F86/><W80/><G35/><T112/><D69/><U100/><E3/><V31/><F98/><W43/><G111/><T88/><D109/><U5/><E105/><V78/><F78/><W51/><G113/><T92/><D112/><U32/><E32/><V50/><F50/><W93/><G130/><T122/><D122/><U75/><E75/><V57/><F57/><W17/><G4/><T16/><D134/><U65/><E33/><V49/><F49/><W70/><G133/><T120/><D120/><U110/><E110/><V89/><F89/><W59/><G93/><T74/><D6/><U64/><E87/><V77/><F77/><W114/><G114/><T19/><D1/><U128/><E128/><V34/><F34/><W54/><G43/><T47/><D74/><U79/><E79/><V66/><F66/><W25/><G63/><T127/><D127/><U68/><E46/><N who="0" m="17417" /><D40/><U56/><E61/><V58/><F58/><W72/><G72/><T126/><D73/><U104/><E56/><V8/><F107/><W135/><G70/><T26/><D126/><U18/><E5/><V15/><F131/><W71/><G71/><T44/><N who="0" m="17425" /><T0/><DORA hai="91" /><D0/><U62/><E104/><V83/><F121/><W39/><G135/><T99/><D23/><U76/><E68/><V7/><F123/><W95/><G118/><T81/><D81/><U97/><E20/><V10/><F83/><W129/><G116/><T37/><D37/><N who="2" m="14442" /><F31/><AGARI ba="1,0" hai="16,19,21,26,31,82,84,88,92,99,103" m="17425" machi="31" ten="30,11600,0" yaku="8,1,52,1,54,2" doraHai="108,91" who="0" fromWho="2" sc="284,119,232,0,242,-119,242,0" /><INIT seed="0,2,0,1,0,6" ten="403,232,123,242" oya="0" hai0="23,33,89,66,111,97,93,62,29,132,59,35,110" hai1="73,26,47,116,30,115,2,27,24,88,76,58,34" hai2="109,28,60,131,44,65,78,108,1,48,50,125,8" hai3="119,4,114,53,15,117,134,64,21,22,5,56,75"/><T122/><D122/><U96/><E116/><V9/><F125/><W77/><G114/><T40/><D40/><U100/><E115/><V0/><F131/><W104/><G104/><T107/><D107/><U51/><E2/><N who="2" m="1131" /><F78/><W14/><G64/><T135/><D23/><U130/><E130/><V101/><F101/><W49/><G134/><N who="0" m="51243" /><D29/><U94/><E58/><V68/><F28/><W113/><G113/><T46/><D46/><U128/><E128/><V79/><F79/><W106/><G106/><T126/><D126/><U17/><E17/><V55/><F48/><W37/><G37/><T105/><D105/><U91/><E76/><V45/><F45/><W124/><G124/><T36/><D36/><U87/><E73/><V83/><F83/><W120/><G120/><T82/><D82/><U57/><E57/><V16/><F16/><W52/><G77/><T20/><D20/><U127/><E127/><V112/><F112/><W18/><G75/><T54/><D54/><U10/><E30/><V71/><F71/><W103/><G103/><T121/><D121/><U39/><E39/><V81/><F81/><W92/><G92/><T80/><D80/><N who="1" m="49255" /><E100/><V42/><F42/><W70/><G70/><T43/><D43/><N who="1" m="25087" /><E34/><AGARI ba="2,0" hai="33,34,35,59,62,66,89,93,97,110,111" m="51243" machi="34" ten="40,2000,0" yaku="20,1" doraHai="6" who="0" fromWho="1" sc="403,26,232,-26,123,0,242,0" /><INIT seed="0,3,0,0,4,135" ten="429,206,123,242" oya="0" hai0="37,71,55,70,89,88,47,72,65,44,107,112,15" hai1="108,84,66,127,76,123,9,12,3,131,75,43,101" hai2="23,126,133,20,73,49,80,79,18,30,14,77,115" hai3="50,24,39,17,56,94,19,134,51,103,114,52,27"/><T53/><D107/><U83/><E123/><V40/><F115/><W124/><G39/><T42/><D72/><U54/><E108/><V98/><F133/><W64/><G134/><T109/><D15/><U58/><E131/><V117/><F79/><W35/><G114/><T128/><D112/><U11/><E66/><V38/><F117/><W5/><G5/><T26/><D26/><N who="3" m="9769" /><G35/><T32/><D32/><U87/><E3/><V28/><F38/><W10/><G124/><T22/><D22/><U34/><E34/><V60/><F126/><W104/><G104/><T91/><D128/><U113/><E127/><V116/><F116/><W0/><G0/><T67/><D109/><U129/><E129/><V48/><F20/><W120/><G120/><T29/><D29/><U95/><E43/><V59/><F98/><N who="3" m="59863" /><G64/><N who="0" m="24651" /><D42/><U86/><E113/><V102/><F40/><W90/><G90/><T68/><D37/><U99/><REACH who="1" step="1"/><E12/><REACH who="1" ten="429,196,123,242" step="2"/><V96/><F30/><W57/><G10/><T62/><D62/><AGARI ba="3,1" hai="9,11,54,58,62,75,76,83,84,86,87,95,99,101" machi="62" ten="40,8000,1" yaku="1,1,2,1,53,3" doraHai="135" doraHaiUra="82" who="1" fromWho="0" sc="429,-89,196,99,123,0,242,0" /><INIT seed="1,0,0,0,3,68" ten="340,295,123,242" oya="1" hai0="110,50,8,45,6,112,82,47,2,129,75,0,26" hai1="24,29,54,133,104,93,97,13,120,106,85,9,12" hai2="84,122,113,37,61,98,88,60,34,27,126,52,109" hai3="53,102,11,134,118,121,105,86,107,58,83,135,3"/><U18/><E120/><V94/><F122/><W16/><G121/><T72/><D112/><U77/><E133/><N who="3" m="50698" /><G102/><T22/><D129/><U31/><E77/><V108/><F113/><W15/><G3/><T117/><D117/><U127/><E127/><V87/><F126/><W20/><G20/><T128/><D128/><U92/><E85/><V21/><F34/><W114/><G118/><T33/><D33/><U116/><E116/><V96/><F87/><W76/><G114/><T17/><D110/><N who="2" m="42602" /><F37/><W10/><G10/><T89/><D2/><U91/><E54/><V49/><F60/><AGARI ba="0,0" hai="11,15,16,53,58,60,76,83,86,105,107" m="50698" machi="60" ten="30,2000,0" yaku="20,1,54,1" doraHai="68" who="3" fromWho="2" sc="340,0,295,0,123,-20,242,20" /><INIT seed="2,0,0,5,1,7" ten="340,295,103,262" oya="2" hai0="34,26,28,106,23,104,43,119,57,128,48,63,77" hai1="134,51,12,79,87,64,98,17,62,110,107,1,120" hai2="114,60,133,27,14,56,101,86,130,39,108,125,46" hai3="92,72,112,45,135,61,15,71,31,94,37,115,9"/><V78/><F114/><N who="3" m="43563" /><G72/><T6/><D128/><U118/><E110/><V132/><F130/><W122/><G122/><T124/><D124/><U123/><E1/><V50/><F108/><W21/><G135/><T40/><D119/><U103/><E134/><V89/><F39/><W88/><G71/><T10/><D34/><U18/><E118/><V16/><F125/><W85/><G61/><T53/><D77/><U69/><E51/><V126/><F78/><W90/><G21/><T8/><D106/><U35/><E35/><V111/><F27/><W47/><G31/><T97/><D104/><U99/><E99/><V109/><F101/><W70/><G70/><T129/><D129/><U5/><E5/><V22/><F126/><W131/><G37/><T127/><D127/><U58/><E69/><V121/><F133/><W44/><G131/><T116/><D116/><U81/><REACH who="1" step="1"/><E18/><REACH who="1" ten="340,285,103,262" step="2"/><V84/><F132/><W93/><G85/><T100/><D6/><AGARI ba="0,1" hai="6,9,15,44,45,47,88,90,92,93,94" m="43563" machi="6" ten="40,5200,0" yaku="11,1,52,1,54,1" doraHai="7" who="3" fromWho="0" sc="340,-52,285,0,103,0,262,62" /><INIT seed="3,0,0,3,4,97" ten="288,285,103,324" oya="3" hai0="115,41,54,2,36,43,23,107,120,109,14,60,11" hai1="94,28,63,113,73,127,71,77,108,17,27,51,79" hai2="65,56,78,68,81,45,128,100,98,132,119,37,69" hai3="46,116,124,18,50,133,89,122,64,102,62,24,58"/><W123/><G116/><T95/><D107/><U88/><E108/><V26/><F119/><W121/><G133/><T55/><D120/><U112/><E127/><V110/><F132/><W7/><G124/><T40/><D109/><U70/><E17/><V104/><F110/><W38/><G38/><T80/><D115/><U114/><E51/><V61/><F128/><W42/><G7/><T105/><D105/><U32/><E73/><V29/><F37/><W129/><G129/><T0/><D36/><U131/><E131/><V90/><F45/><W111/><G111/><T12/><D80/><U134/><E134/><V53/><F90/><W39/><G89/><T57/><D95/><U91/><E91/><V34/><F53/><W3/><G3/><T118/><D118/><U1/><E1/><V117/><REACH who="2" step="1"/><F117/><REACH who="2" ten="288,285,93,324" step="2"/><W31/><G39/><T99/><D55/><U86/><E79/><V101/><F101/><W96/><G123/><T49/><D54/><U47/><E77/><V92/><F92/><W21/><G18/><T66/><D43/><U22/><E113/><V83/><F83/><W82/><G82/><T52/><D41/><U13/><E114/><V8/><F8/><W48/><G50/><T84/><D49/><U59/><E112/><V93/><F93/><AGARI ba="0,1" hai="21,24,31,42,46,48,58,62,64,93,96,102,121,122" machi="93" ten="30,11600,0" yaku="7,1,25,2,52,1" doraHai="97" who="3" fromWho="2" sc="288,0,285,0,93,-116,324,126" owari="288,9.0,285,-11.0,-23,-52.0,450,54.0" /></mjloggm>