<mjloggm ver="2.3"><GO type="41" lobby="0"/><UN n0="%E5%BC%81%E5%A4%A9" n1="%E5%B0%B1%E6%B4%BB%E7%94%9F%40%E5%B7%9D%E6%9D%91%E8%BB%8D%E5%9B%A3" n2="%4E%54%47" n3="%41%4C%4C%5F%4C%41%53%54" dan="14,18,13,14" rate="1909.02,2220.32,1820.56,1894.75" sx="F,M,M,M"/><TAIKYOKU oya="0"/><INIT seed="0,0,0,4,5,62" ten="250,250,250,250" oya="0" hai0="123,70,26,85,56,108,102,82,43,122,111,69,118" hai1="9,5,25,12,84,106,89,31,90,6,73,71,59" hai2="110,2,24,7,20,132,42,52,3,130,91,124,33" hai3="38,10,66,48,128,93,34,29,92,64,61,60,44"/><T16/><D118/><U75/><E71/><N who="0" m="27145" /><D102/><U8/><E106/><V14/><F110/><N who="0" m="42026" /><D43/><U76/><E59/><V121/><F121/><W28/><G34/><T63/><D26/><U97/><E97/><V96/><F33/><W104/><G104/><T129/><D129/><U99/><E99/><V51/><F24/><W105/><G105/><T49/><D49/><U46/><E46/><V36/><F42/><N who="3" m="24599" /><G38/><T83/><D16/><U55/><E55/><V100/><F36/><W116/><G116/><T4/><D4/><U0/><E76/><V32/><F100/><W88/><G10/><T74/><D74/><U113/><E90/><V22/><F32/><W27/><G27/><T1/><D1/><U114/><E75/><V53/><F7/><W86/><G93/><T112/><D112/><U13/><E73/><V19/><F2/><W21/><G128/><T54/><D83/><U41/><E41/><V18/><F3/><W45/><G45/><T50/><D50/><U23/><E0/><V135/><F130/><W133/><G133/><T79/><AGARI ba="0,0" hai="54,56,63,79,82,85,122,123" m="42026,27145" machi="79" ten="30,3000,0" yaku="14,1,10,1" doraHai="62" who="0" fromWho="0" sc="250,30,250,-10,250,-10,250,-10" /><INIT seed="0,1,0,1,3,53" ten="280,240,240,240" oya="0" hai0="72,25,42,106,61,83,36,134,9,114,35,78,69" hai1="19,81,12,71,108,121,100,4,20,29,2,32,64" hai2="105,102,44,125,6,17,84,73,28,5,116,129,62" hai3="85,90,113,39,8,58,118,52,117,15,51,37,41"/><T132/><D114/><U99/><E121/><V94/><F73/><W101/><G113/><T40/><D9/><N who="1" m="2199" /><E108/><V63/><F116/><W56/><G101/><T82/><D82/><U48/><E48/><V130/><F28/><W47/><G118/><T55/><D106/><U11/><E81/><V133/><F44/><W43/><G117/><T30/><D36/><U13/><E64/><V74/><F74/><W1/><G1/><T27/><D27/><N who="1" m="18495" /><E71/><V127/><F105/><W33/><G33/><T3/><D3/><U115/><E99/><N who="2" m="59767" /><F84/><W54/><G39/><T77/><D78/><U92/><E92/><V68/><F68/><W128/><G37/><T119/><D119/><U18/><E100/><V24/><F63/><N who="3" m="36231" /><G128/><N who="2" m="49257" /><F62/><W67/><G67/><T38/><D38/><U26/><E115/><V86/><F86/><W16/><G58/><N who="0" m="35039" /><D69/><U14/><AGARI ba="1,0" hai="11,12,13,14,18,19,20,26" m="18495,2199" machi="14" ten="30,8000,1" yaku="35,5" doraHai="53" who="1" fromWho="1" sc="280,-41,240,83,240,-21,240,-21" /><INIT seed="1,0,0,3,5,55" ten="239,323,219,219" oya="1" hai0="42,103,8,89,6,115,24,4,21,18,87,44,72" hai1="81,108,43,110,132,28,104,52,67,129,77,120,36" hai2="131,85,99,106,45,135,134,56,124,92,88,116,10" hai3="70,20,98,39,46,83,11,107,1,97,12,59,112"/><U84/><E120/><V48/><F116/><W75/><G112/><T128/><D72/><U53/><E104/><V7/><F131/><W114/><G114/><T37/><D115/><U31/><E67/><V35/><F35/><W130/><G130/><T64/><D128/><U63/><E43/><V58/><F124/><W80/><G70/><T40/><D103/><U101/><E36/><V71/><F71/><W15/><G107/><T96/><D96/><U5/><E129/><V2/><F106/><W111/><G111/><N who="1" m="42538" /><E132/><N who="2" m="50731" /><F99/><W123/><G123/><T127/><D127/><U100/><E5/><V51/><F51/><W117/><G117/><T32/><D42/><AGARI ba="0,0" hai="2,7,10,42,45,48,56,58,85,88,92" m="50731" machi="42" ten="30,7700,0" yaku="20,1,52,2,54,1" doraHai="55" who="2" fromWho="0" sc="239,-77,323,0,219,77,219,0" /><INIT seed="2,0,0,3,3,48" ten="162,323,296,219" oya="2" hai0="72,69,30,3,105,88,47,4,52,40,22,25,7" hai1="34,39,102,123,26,126,85,33,119,24,75,115,23" hai2="78,84,93,45,57,16,131,133,64,27,66,77,10" hai3="129,63,41,81,80,54,89,36,94,134,96,58,104"/><V121/><F121/><W11/><G134/><T9/><D105/><U70/><E75/><V13/><F133/><W122/><G122/><T109/><D109/><U114/><E70/><V20/><F131/><W106/><G129/><T73/><D69/><U49/><E39/><V61/><F45/><W60/><G106/><T86/><D7/><U111/><E111/><V130/><F130/><W125/><G125/><T14/><D3/><U112/><E126/><V53/><F93/><W132/><G132/><T28/><D28/><U55/><E123/><V35/><F35/><W92/><G104/><T124/><D124/><U17/><E119/><V101/><F101/><W0/><G94/><T65/><D65/><N who="2" m="25194" /><F84/><W79/><G60/><T98/><D98/><U90/><E102/><V18/><AGARI ba="0,0" hai="10,13,16,18,20,27,53,57,61,77,78" m="25194" machi="18" ten="30,6000,0" yaku="8,1,52,1,54,1" doraHai="48" who="2" fromWho="2" sc="162,-20,323,-20,296,60,219,-20" /><INIT seed="2,1,0,5,3,18" ten="142,303,356,199" oya="2" hai0="73,64,80,2,99,68,41,93,30,3,50,106,96" hai1="122,25,46,126,74,11,121,113,27,112,134,22,58" hai2="135,45,87,10,59,16,108,116,8,101,107,131,36" hai3="40,97,111,14,129,114,6,7,34,60,12,115,23"/><V103/><F116/><W39/><G39/><T47/><D30/><U52/><E74/><V130/><F135/><W53/><G40/><T104/><D99/><U72/><E72/><V20/><F108/><W71/><G53/><T65/><D65/><U69/><E69/><V29/><F29/><W128/><G60/><T92/><D92/><U90/><E134/><V32/><F32/><W35/><G71/><T109/><D109/><U94/><E126/><V44/><F107/><W24/><G111/><T31/><D31/><N who="1" m="17847" /><E46/><N who="2" m="18027" /><F36/><W85/><G85/><T91/><D104/><U1/><E1/><V76/><F59/><W42/><G42/><T83/><D106/><U117/><E11/><N who="2" m="4139" /><F130/><N who="3" m="50283" /><G97/><T4/><D4/><N who="3" m="1577" /><G35/><T119/><D119/><U57/><E117/><V54/><F54/><W43/><G43/><T67/><D73/><U86/><E57/><V98/><F98/><W21/><G34/><T120/><D2/><U84/><E58/><V63/><F63/><W62/><G62/><T81/><D3/><U79/><E52/><V95/><F131/><W26/><G26/><T15/><D68/><U66/><E66/><V105/><F105/><W127/><G24/><T38/><D38/><U89/><E27/><N who="2" m="14727" /><F95/><W125/><G127/><T51/><D67/><U28/><E28/><V124/><F124/><W49/><G125/><T19/><D64/><U88/><E112/><N who="3" m="43050" /><G49/><T0/><D0/><U75/><E113/><V123/><F123/><N who="1" m="47113" /><E94/><V100/><F100/><W77/><G77/><T55/><D120/><U37/><E37/><V33/><F33/><W9/><G9/><N who="0" m="6639" /><D51/><U5/><E5/><RYUUKYOKU ba="1,0" sc="142,0,303,0,356,0,199,0" hai0="41,47,50,55,80,81,83,91,93,96" hai1="75,79,84,86,88,89,90" hai2="76,87,101,103" hai3="12,14,21,23" /><INIT seed="2,2,0,5,0,78" ten="142,303,356,199" oya="2" hai0="83,51,3,2,133,20,114,97,18,98,117,62,36" hai1="123,5,103,41,80,126,89,7,14,121,102,8,119" hai2="92,106,134,99,93,82,27,57,53,44,28,113,46" hai3="75,47,94,4,67,55,15,101,26,49,60,125,9"/><V11/><F113/><W40/><G75/><T122/><D114/><U34/><E119/><V22/><F134/><W48/><G125/><T59/><D122/><N who="1" m="46603" /><E34/><V76/><F11/><W37/><G49/><T130/><D36/><U110/><E110/><V87/><F106/><W68/><G26/><T105/><D117/><U21/><E126/><V71/><F71/><W43/><G43/><T85/><D133/><U38/><E7/><V50/><REACH who="2" step="1"/><F93/><REACH who="2" ten="142,303,346,199" step="2"/><W24/><G94/><T16/><D105/><U66/><E8/><V56/><F56/><W90/><G101/><AGARI ba="2,1" hai="22,27,28,44,46,50,53,57,76,82,87,92,99,101" machi="101" ten="30,11600,0" yaku="1,1,7,1,8,1,52,1,53,0" doraHai="78" doraHaiUra="127" who="2" fromWho="3" sc="142,0,303,0,346,132,199,-122" /><INIT seed="2,3,0,4,3,2" ten="142,303,478,77" oya="2" hai0="11,108,15,127,120,39,51,5,107,67,87,16,1" hai1="30,3,54,38,72,21,22,62,19,76,115,135,28" hai2="114,106,95,59,92,132,69,117,134,73,97,58,83" hai3="12,14,70,125,35,24,53,118,10,56,31,123,57"/><V68/><F117/><W61/><G123/><T55/><D120/><U131/><E38/><V104/><F114/><W122/><G118/><T32/><D39/><U129/><E3/><V7/><F83/><W111/><G122/><T90/><D107/><U26/><E115/><V126/><F73/><W9/><G111/><T82/><D108/><U23/><E135/><V84/><F84/><W0/><G0/><T88/><D127/><U50/><E62/><V27/><F27/><W17/><G125/><T78/><D32/><U130/><E76/><V64/><F126/><W119/><G119/><T102/><D102/><U44/><E72/><V116/><F116/><W49/><G70/><T103/><D67/><U36/><E36/><V109/><F64/><W43/><G43/><T41/><D103/><U98/><E98/><V46/><F97/><W93/><G93/><T80/><D41/><U124/><E124/><V18/><F18/><W13/><G9/><T91/><D82/><U60/><E60/><V75/><F75/><W128/><G128/><T105/><D105/><U63/><E63/><V66/><F66/><W96/><G96/><T112/><D112/><U113/><E113/><V37/><F109/><W77/><G77/><T65/><D65/><AGARI ba="3,0" hai="10,12,13,14,17,24,31,35,49,53,56,57,61,65" machi="65" ten="30,1000,0" yaku="7,1" doraHai="2" who="3" fromWho="0" sc="142,-19,303,0,478,0,77,19" /><INIT seed="3,0,0,3,2,12" ten="123,303,478,96" oya="3" hai0="48,21,132,126,117,119,74,121,16,38,73,128,42" hai1="94,106,23,58,15,37,31,24,56,134,69,64,97" hai2="71,10,54,84,1,27,46,18,66,30,120,49,4" hai3="28,68,20,113,104,41,77,19,82,81,103,3,107"/><W43/><G3/><T96/><D121/><U59/><E37/><V75/><F75/><W17/><G68/><T25/><D126/><U129/><E129/><V33/><F120/><W45/><G107/><T40/><D128/><U52/><E134/><V90/><F71/><W105/><G105/><T32/><D132/><U98/><E106/><V99/><F66/><W70/><G70/><T114/><D38/><U63/><E98/><V93/><F18/><N who="3" m="6667" /><G104/><T47/><D114/><U67/><E15/><V61/><F61/><W72/><G72/><T34/><D96/><U80/><E80/><N who="3" m="30826" /><G103/><T44/><D73/><U11/><E11/><V60/><F60/><W95/><G113/><T100/><D100/><N who="1" m="60471" /><E69/><V5/><F99/><W85/><G77/><T89/><D74/><U57/><AGARI ba="0,0" hai="23,24,31,52,56,57,58,59,63,64,67" m="60471" machi="57" ten="30,2000,0" yaku="8,1,54,1" doraHai="12" who="1" fromWho="1" sc="123,-5,303,20,478,-5,96,-10" /><INIT seed="4,0,0,5,4,57" ten="118,323,473,86" oya="0" hai0="30,10,4,69,0,116,13,135,53,37,132,48,47" hai1="45,36,6,55,115,2,86,101,9,114,125,3,32" hai2="99,124,105,92,17,84,68,44,50,130,28,8,76" hai3="123,95,73,33,126,88,59,117,89,60,102,18,106"/><T91/><D116/><U19/><E32/><V118/><F118/><W80/><G117/><T42/><D69/><U77/><E125/><V112/><F124/><W38/><G33/><T75/><D30/><U122/><E122/><V12/><F105/><W66/><G126/><T93/><D75/><U90/><E101/><V97/><F112/><N who="1" m="43049" /><E77/><V54/><F68/><W56/><G38/><T46/><REACH who="0" step="1"/><D0/><REACH who="0" ten="108,323,473,86" step="2"/><U34/><E3/><V121/><F28/><W27/><G73/><T61/><D61/><U5/><E34/><V81/><F121/><W109/><G123/><T26/><D26/><U23/><E2/><V71/><F71/><W119/><G119/><T29/><D29/><U98/><E5/><V31/><F31/><W20/><G109/><T21/><D21/><U52/><E6/><V41/><F130/><W40/><G106/><T110/><D110/><U16/><E23/><V129/><F129/><W22/><G22/><T127/><D127/><U15/><E19/><V79/><F17/><W43/><G80/><T65/><D65/><U120/><E120/><V133/><F81/><W70/><G70/><T113/><D113/><U85/><E16/><V83/><F83/><W111/><G111/><T58/><D58/><U74/><E74/><V78/><F8/><W62/><G43/><T108/><D108/><U134/><E9/><V107/><F41/><W94/><G40/><T82/><D82/><U63/><E63/><V49/><F107/><W51/><G62/><T131/><D131/><U87/><E15/><V11/><F12/><W1/><G1/><T25/><D25/><RYUUKYOKU ba="0,1" sc="108,30,323,-10,473,-10,86,-10" hai0="4,10,13,37,42,46,47,48,53,91,93,132,135" /><INIT seed="4,1,1,5,4,68" ten="138,313,463,76" oya="0" hai0="83,1,11,125,2,107,41,104,52,95,92,103,8" hai1="75,15,102,12,96,23,39,97,108,40,18,122,46" hai2="36,73,114,50,101,109,98,91,100,87,133,79,67" hai3="4,70,27,120,60,77,29,99,123,86,31,20,51"/><T56/><D125/><U24/><E108/><V7/><F109/><W25/><G4/><T38/><D83/><U26/><E122/><V17/><F7/><W80/><G51/><T111/><D111/><U0/><E0/><V131/><F67/><W64/><REACH who="3" step="1"/><G99/><REACH who="3" ten="138,313,463,66" step="2"/><T88/><D103/><U72/><E96/><V115/><F50/><W53/><G53/><T35/><D52/><U45/><E97/><V49/><F49/><W128/><G128/><T9/><D35/><AGARI ba="1,2" hai="20,25,27,29,31,35,60,64,70,77,80,86,120,123" machi="35" ten="40,5200,0" yaku="1,1,53,2" doraHai="68" doraHaiUra="116" who="3" fromWho="0" sc="138,-55,313,0,463,0,66,75" /><INIT seed="5,0,0,3,0,94" ten="83,313,463,141" oya="1" hai0="99,0,125,107,95,132,114,128,80,58,126,2,6" hai1="21,46,133,25,106,13,104,16,122,59,53,61,124" hai2="110,96,23,20,91,24,130,113,87,62,3,65,116" hai3="19,4,102,44,54,112,76,69,34,64,98,56,77"/><U29/><E122/><V5/><F116/><W89/><G34/><T50/><D107/><U47/><E133/><V92/><F110/><W45/><G4/><T43/><D80/><U86/><E124/><N who="0" m="47721" /><D132/><U41/><E86/><V70/><F130/><W26/><G69/><T48/><D128/><U90/><E47/><N who="3" m="17994" /><G64/><T67/><D114/><U108/><E90/><V83/><F113/><W52/><G112/><T123/><D123/><U73/><E73/><V101/><F5/><W57/><G102/><N who="0" m="60799" /><D43/><U135/><E135/><V117/><F3/><N who="0" m="1066" /><D6/><U60/><E60/><AGARI ba="0,0" hai="48,50,58,60,67" m="1066,60799,47721" machi="60" ten="30,2000,0" yaku="18,1,52,1" doraHai="94" who="0" fromWho="1" sc="83,20,313,-20,463,0,141,0" /><INIT seed="6,0,0,4,1,45" ten="103,293,463,141" oya="2" hai0="29,89,88,129,4,76,8,130,101,106,134,82,110" hai1="91,97,26,57,109,66,113,9,81,6,115,38,52" hai2="124,135,61,108,120,70,17,102,20,48,15,35,103" hai3="85,2,5,23,0,1,68,24,28,36,71,107,118"/><V37/><F37/><W47/><G85/><N who="0" m="48327" /><D29/><U126/><E38/><V12/><F35/><W94/><G94/><T42/><D42/><U11/><E109/><V27/><F120/><W34/><G23/><T53/><D110/><U93/><E126/><V131/><F108/><W123/><G123/><T78/><D78/><U63/><E26/><V127/><F135/><W105/><G118/><T46/><D134/><U98/><E81/><V10/><F131/><N who="0" m="50186" /><D101/><U56/><E98/><V51/><F102/><W116/><G5/><T83/><D83/><U119/><E119/><V100/><F103/><W72/><G72/><T114/><D114/><N who="1" m="43531" /><E6/><V86/><F100/><W80/><G80/><T121/><D106/><N who="3" m="40457" /><G116/><T67/><D67/><U58/><E58/><V59/><F86/><W133/><G133/><T18/><D18/><U50/><AGARI ba="0,0" hai="9,11,50,52,56,57,63,66,91,93,97" m="43531" machi="50" ten="30,4000,0" yaku="15,1,52,1,54,1" doraHai="45" who="1" fromWho="1" sc="103,-10,293,40,463,-20,141,-10" /><INIT seed="7,0,0,2,1,132" ten="93,333,443,131" oya="3" hai0="22,108,36,110,17,75,65,60,6,79,32,1,63" hai1="73,16,54,111,95,28,125,102,88,3,31,10,35" hai2="123,19,67,135,83,90,0,13,9,115,34,92,58" hai3="101,5,61,53,128,109,122,66,15,24,112,30,120"/><W81/><G112/><T62/><D32/><U74/><E102/><V126/><F34/><W127/><G101/><T107/><D36/><U86/><E111/><V114/><F0/><W104/><G104/><T4/><D107/><U7/><E31/><V103/><F135/><W46/><G109/><T97/><D97/><U76/><E76/><V51/><F123/><W18/><G128/><T78/><D65/><U96/><E96/><V21/><F83/><W84/><G5/><T45/><D45/><U37/><E37/><V100/><F9/><W93/><G93/><T27/><D1/><U85/><E85/><V56/><F56/><W47/><G47/><T25/><D63/><U55/><E28/><V113/><F126/><W43/><G127/><T33/><D33/><U119/><E35/><V99/><F67/><W116/><G116/><T11/><D22/><U130/><E125/><V26/><F26/><W38/><G53/><AGARI ba="0,0" hai="13,19,21,51,53,58,90,92,99,100,103,113,114,115" machi="53" ten="40,1300,0" yaku="15,1" doraHai="132" who="2" fromWho="3" sc="93,0,333,0,443,13,131,-13" owari="93,-41.0,333,13.0,456,56.0,118,-28.0" /></mjloggm>