<mjloggm ver="2.3"><GO type="169" lobby="0"/><UN n0="%E7%9C%9F%E5%86%AC%E3%81%AE%E5%90%91%E6%97%A5%E8%91%B5" n1="%3E%5F%30%40%E6%9D%8F%E6%9D%8F%E8%BB%8D%E5%9C%98" n2="%E7%B4%94%EF%BC%93%E9%BE%8D%E9%96%80" n3="%E5%B0%B1%E6%B4%BB%E7%94%9F%40%E5%B7%9D%E6%9D%91%E8%BB%8D%E5%9B%A3" dan="16,17,17,18" rate="2087.62,2150.08,2172.90,2272.10" sx="M,F,F,M"/><TAIKYOKU oya="0"/><INIT seed="0,0,0,4,3,113" ten="250,250,250,250" oya="0" hai0="83,82,67,80,8,110,70,117,0,119,96,31,64" hai1="16,111,91,88,130,30,123,126,81,10,128,103,27" hai2="15,3,105,95,24,46,90,133,54,106,60,28,19" hai3="74,109,50,49,47,11,58,100,107,36,59,2,32"/><T116/><D70/><U108/><E103/><V48/><F3/><W118/><G32/><T18/><D110/><N who="1" m="42027" /><E123/><V5/><F133/><W122/><G122/><T102/><D31/><U41/><E41/><V77/><F77/><W94/><G74/><T56/><D56/><U79/><E126/><V40/><F5/><W124/><G107/><T92/><REACH who="0" step="1"/><D18/><REACH who="0" ten="240,250,250,250" step="2"/><U25/><E30/><V68/><F68/><W34/><G59/><T71/><D71/><U38/><E38/><V29/><F29/><W1/><G58/><T134/><D134/><U61/><E61/><V13/><F19/><W23/><G36/><T7/><AGARI ba="0,1" hai="0,7,8,64,67,80,82,83,92,96,102,116,117,119" machi="7" ten="40,12000,1" yaku="1,1,0,1,52,3,53,0" doraHai="113" doraHaiUra="53" who="0" fromWho="0" sc="240,130,250,-40,250,-40,250,-40" /><INIT seed="0,1,0,3,1,116" ten="370,210,210,210" oya="0" hai0="14,125,83,42,70,131,53,0,15,29,85,22,109" hai1="105,123,31,102,39,73,89,67,57,21,36,99,132" hai2="104,30,74,20,114,93,40,75,87,54,1,58,78" hai3="71,32,19,37,9,49,55,86,45,33,110,18,35"/><T92/><D0/><U118/><E118/><V44/><F104/><W77/><G71/><T95/><D70/><U51/><E73/><V133/><F114/><W127/><G127/><T112/><D112/><U43/><E132/><V6/><F133/><W76/><G110/><T60/><D125/><U4/><E4/><V84/><F30/><W90/><G37/><T72/><D72/><U122/><E89/><V2/><F20/><W117/><G117/><T17/><D109/><U97/><E97/><V106/><F106/><W63/><G63/><T47/><D131/><U94/><E105/><V113/><F113/><W50/><G50/><N who="0" m="26999" /><D29/><U8/><E8/><V101/><F101/><W98/><G98/><T59/><D14/><U88/><E43/><V121/><F93/><W24/><G24/><T5/><D5/><U69/><E69/><V103/><F6/><W28/><G28/><T128/><D128/><U80/><E80/><V82/><F74/><W108/><G108/><T26/><D26/><N who="1" m="16847" /><E51/><V23/><F75/><W96/><G96/><T66/><D66/><U7/><E7/><V107/><F1/><W111/><G111/><T129/><D129/><U65/><E65/><V134/><F2/><W120/><G120/><N who="1" m="46122" /><E88/><AGARI ba="1,0" hai="15,17,22,53,59,60,83,85,88,92,95" m="26999" machi="88" ten="30,2900,0" yaku="8,1,54,1" doraHai="116" who="0" fromWho="1" sc="370,32,210,-32,210,0,210,0" /><INIT seed="0,2,0,0,3,48" ten="402,178,210,210" oya="0" hai0="1,65,113,51,56,70,111,47,30,31,12,117,82" hai1="90,86,119,80,72,52,102,9,59,0,115,2,20" hai2="17,69,110,128,124,33,120,104,81,35,103,95,37" hai3="68,88,66,107,84,22,129,125,14,10,18,58,130"/><T64/><D1/><U109/><E119/><V85/><F120/><W55/><G107/><T126/><D117/><U122/><E122/><V131/><F104/><W116/><G116/><T94/><D113/><U79/><E115/><V44/><F69/><W26/><G125/><T118/><D118/><U16/><E9/><V27/><F124/><W97/><G68/><T93/><D70/><U32/><E32/><V53/><F110/><W3/><G3/><T62/><D65/><U19/><E102/><V5/><F5/><W121/><G66/><T135/><D126/><U11/><E11/><V41/><F17/><W36/><G36/><T75/><D135/><U123/><E19/><V40/><F40/><W106/><G106/><T46/><D46/><U34/><E34/><V100/><F35/><W25/><G97/><T67/><D67/><U89/><E89/><N who="2" m="51375" /><F53/><W13/><G121/><T101/><D111/><U114/><E109/><V54/><F54/><W43/><G43/><T76/><D12/><N who="1" m="9223" /><E123/><V96/><F103/><W15/><G25/><T50/><D50/><N who="1" m="31127" /><E114/><V134/><F134/><W60/><REACH who="3" step="1"/><G10/><REACH who="3" ten="402,178,210,200" step="2"/><T77/><D101/><U4/><E4/><V78/><F27/><W57/><G57/><T23/><D56/><U71/><E71/><V108/><F108/><W49/><G49/><T38/><D51/><U87/><E72/><V98/><F37/><W132/><G132/><T61/><D38/><U105/><E105/><V6/><F41/><W24/><G24/><T74/><D74/><U42/><E42/><V7/><F100/><W21/><G21/><T127/><D75/><RYUUKYOKU ba="2,1" sc="402,-15,178,15,210,-15,200,15" hai1="0,2,79,80,86,87,90" hai3="13,14,15,18,22,26,55,58,60,84,88,129,130" /><INIT seed="1,3,1,4,0,67" ten="387,193,195,215" oya="1" hai0="107,2,8,34,18,6,60,98,7,72,19,104,84" hai1="102,111,125,62,29,32,131,97,73,24,35,99,113" hai2="41,52,0,81,127,117,17,78,54,109,135,57,14" hai3="112,130,92,50,16,43,105,56,4,129,45,90,126"/><U79/><E113/><V119/><F0/><W22/><G112/><T13/><D72/><U95/><E131/><N who="3" m="50186" /><G126/><T76/><D34/><U70/><E125/><V1/><F1/><W20/><G105/><T71/><D7/><U9/><E111/><V15/><F127/><W27/><G4/><T124/><D124/><U66/><E9/><V74/><F109/><W75/><G75/><T86/><D19/><U91/><E79/><V133/><F41/><W61/><G22/><T30/><D30/><U110/><E110/><V93/><F93/><W114/><G114/><T87/><D76/><U44/><E73/><V77/><F77/><W51/><G45/><T100/><D107/><N who="1" m="63951" /><E35/><V53/><F57/><W36/><G36/><T134/><D134/><N who="2" m="51210" /><F14/><W116/><G43/><T21/><REACH who="0" step="1"/><D60/><REACH who="0" ten="377,193,195,215" step="2"/><N who="1" m="40263" /><E44/><V83/><F83/><W46/><G46/><T23/><D23/><AGARI ba="3,2" hai="15,17,23,52,53,54,74,78,81,117,119" m="51210" machi="23" ten="30,2000,0" yaku="20,1,54,1" doraHai="67" who="2" fromWho="0" sc="377,-29,193,0,195,49,215,0" /><INIT seed="2,0,0,1,1,129" ten="348,193,244,215" oya="2" hai0="114,116,117,27,100,73,24,12,78,75,64,18,19" hai1="96,32,84,36,25,15,40,133,10,20,63,122,68" hai2="71,5,115,83,67,13,94,46,34,8,61,45,44" hai3="57,11,0,4,79,103,37,105,56,134,31,47,74"/><V23/><F115/><W22/><G105/><T93/><D114/><U86/><E32/><V53/><F34/><W132/><G103/><T128/><D64/><U130/><E130/><V80/><F53/><W82/><G56/><T1/><D1/><U118/><E118/><N who="0" m="45673" /><D128/><U85/><E122/><V66/><F66/><W33/><G57/><T120/><D120/><U50/><E36/><V70/><F70/><W125/><G125/><T107/><D107/><U99/><E68/><V29/><REACH who="2" step="1"/><F94/><REACH who="2" ten="348,193,234,215" step="2"/><W90/><G33/><T106/><D93/><U119/><E119/><V127/><F127/><W3/><G3/><T91/><D106/><U6/><E63/><V55/><F55/><W16/><G31/><T76/><D76/><U98/><E40/><V81/><F81/><W54/><G90/><T109/><D91/><U77/><E50/><V9/><F9/><W26/><G54/><T72/><D78/><U111/><E77/><V65/><F65/><W43/><AGARI ba="0,1" hai="0,4,11,16,22,26,37,43,47,74,79,82,132,134" machi="43" ten="30,12000,2" yaku="0,1,25,2,52,2,54,1" doraHai="129" who="3" fromWho="3" sc="348,-30,193,-30,234,-60,215,130" /><INIT seed="3,0,0,4,3,25" ten="318,163,174,345" oya="3" hai0="10,83,126,57,100,125,81,35,74,15,132,29,40" hai1="89,117,18,82,56,21,6,75,118,26,128,90,133" hai2="60,61,86,50,107,123,17,36,113,3,11,96,1" hai3="112,94,93,91,79,42,104,44,62,52,30,53,106"/><W16/><G112/><T47/><D132/><U28/><E133/><V69/><F36/><W41/><G79/><T129/><D129/><U49/><E128/><V67/><F113/><W135/><G135/><T102/><D57/><U131/><E131/><V39/><F39/><W55/><G62/><T122/><D122/><U51/><E6/><V19/><F123/><W85/><G94/><T37/><D102/><U5/><E5/><V13/><F50/><N who="1" m="18953" /><E56/><V65/><F86/><W45/><G30/><T71/><D71/><U70/><E70/><V72/><F72/><W84/><G84/><T98/><D74/><U31/><E75/><V43/><F43/><W114/><G114/><T59/><D59/><U87/><E89/><V92/><F107/><W0/><G0/><T68/><D68/><U130/><E130/><V27/><F61/><W64/><G64/><T8/><D8/><U54/><E54/><V24/><F67/><W88/><G91/><T23/><D35/><U134/><E134/><V116/><F116/><AGARI ba="0,0" hai="18,21,26,28,31,82,87,90,116,117,118" m="18953" machi="116" ten="30,3900,0" yaku="12,1,52,2" doraHai="25" who="1" fromWho="2" sc="318,0,163,39,174,-39,345,0" /><INIT seed="4,0,0,3,2,128" ten="318,202,135,345" oya="0" hai0="49,41,126,0,99,67,3,81,68,10,90,23,84" hai1="70,95,47,79,20,59,60,108,135,24,6,125,118" hai2="46,2,25,51,76,32,35,133,33,54,34,105,13" hai3="39,116,5,119,100,124,122,30,92,48,50,65,132"/><T107/><D126/><U31/><E118/><V82/><F2/><W106/><G39/><T85/><D10/><U9/><E108/><V129/><F129/><W64/><G106/><T7/><D7/><U109/><E109/><V28/><F105/><W110/><G110/><T72/><D72/><U38/><E70/><V58/><F13/><W134/><G124/><T131/><D131/><U14/><E125/><V86/><REACH who="2" step="1"/><F58/><REACH who="2" ten="318,202,125,345" step="2"/><W77/><G119/><T29/><D0/><N who="1" m="199" /><E59/><V91/><F91/><W37/><G116/><T21/><D3/><U93/><E14/><V101/><F101/><W104/><G104/><T127/><D127/><U44/><E79/><V78/><F78/><W117/><G77/><T12/><D12/><U80/><E24/><V114/><F114/><W87/><G117/><T120/><D90/><U8/><E8/><V27/><F27/><W98/><G100/><T89/><D89/><U121/><E121/><V83/><F83/><W19/><G122/><T45/><D81/><U43/><E80/><V15/><F15/><W111/><G111/><T73/><D107/><U96/><E93/><V17/><F17/><W57/><G19/><T71/><D120/><U113/><E95/><V53/><F53/><W66/><G92/><T61/><D71/><U69/><E69/><V75/><F75/><W62/><G5/><T94/><D73/><U4/><E4/><V88/><F88/><W42/><G98/><T26/><D99/><U130/><E96/><V74/><F74/><W16/><G87/><N who="0" m="33355" /><D94/><U123/><E130/><V55/><F55/><W1/><G1/><RYUUKYOKU ba="0,1" sc="318,15,202,-15,125,15,345,-15" hai0="21,23,26,29,41,45,49,61,67,68" hai2="25,28,32,33,34,35,46,51,54,76,82,86,133" /><INIT seed="4,1,1,4,0,40" ten="333,187,140,330" oya="0" hai0="47,14,135,133,113,41,68,74,101,63,20,102,38" hai1="50,59,92,44,78,98,119,124,97,85,99,128,107" hai2="75,72,25,29,48,28,61,26,115,27,11,18,84" hai3="12,108,67,54,58,13,112,31,117,34,127,129,3"/><T90/><D74/><U80/><E119/><V95/><F115/><W21/><G108/><T6/><D113/><U43/><E124/><V19/><F61/><W71/><G117/><T53/><D90/><U114/><E128/><V134/><F134/><N who="0" m="51210" /><D53/><U52/><E107/><V60/><F60/><W109/><G109/><T79/><D79/><U73/><E114/><V131/><F131/><W7/><G34/><T88/><D88/><N who="1" m="55431" /><E73/><V93/><F48/><AGARI ba="1,1" hai="43,44,48,50,52,59,78,80,85,98,99" m="55431" machi="48" ten="30,7700,0" yaku="8,1,52,1,54,2" doraHai="40" who="1" fromWho="2" sc="333,0,187,90,140,-80,330,0" /><INIT seed="5,0,0,5,3,27" ten="333,277,60,330" oya="1" hai0="48,41,84,115,116,83,96,133,97,69,86,79,111" hai1="7,113,28,20,30,53,126,107,127,64,66,129,72" hai2="35,90,119,112,43,26,92,82,106,47,51,109,54" hai3="95,70,34,37,3,59,89,123,80,65,31,60,135"/><U71/><E107/><V39/><F109/><W63/><G123/><T98/><D111/><U11/><E72/><V4/><F106/><W50/><G135/><T45/><D116/><U120/><E120/><V49/><F119/><W130/><G130/><T114/><D69/><U10/><E129/><V78/><F4/><W87/><G37/><T73/><REACH who="0" step="1"/><D133/><REACH who="0" ten="323,277,60,330" step="2"/><U12/><E71/><V75/><F112/><AGARI ba="0,1" hai="41,45,48,73,79,83,84,86,96,97,98,112,114,115" machi="112" ten="40,5200,0" yaku="1,1,2,1,15,1,53,0" doraHai="27" doraHaiUra="52" who="0" fromWho="2" sc="323,62,277,0,60,-52,330,0" /><INIT seed="6,0,0,2,5,65" ten="385,277,8,330" oya="2" hai0="119,24,55,45,27,0,38,15,93,23,97,25,26" hai1="123,96,81,17,49,13,106,61,116,95,40,12,102" hai2="90,6,115,88,41,10,74,16,111,132,78,87,83" hai3="77,2,70,92,14,22,120,11,110,34,103,100,128"/><V71/><F115/><W67/><G34/><T112/><D0/><U64/><E116/><V63/><F132/><W56/><G110/><T127/><D112/><U9/><E123/><V86/><F111/><W52/><G120/><T135/><D127/><U91/><E81/><V130/><F41/><W35/><G35/><T69/><D69/><U114/><E114/><V30/><F30/><W51/><G128/><T18/><D135/><U76/><E76/><V82/><F130/><W80/><G2/><T43/><D119/><U19/><E40/><V125/><F125/><W44/><G22/><T5/><D55/><U36/><E49/><V122/><F122/><W73/><G92/><T31/><D5/><U129/><E129/><V3/><F63/><W124/><G124/><T104/><D104/><U94/><E36/><V117/><F117/><W68/><G56/><T54/><D54/><U4/><E91/><V121/><F121/><W134/><G134/><T107/><D107/><U21/><REACH who="1" step="1"/><E4/><REACH who="1" ten="385,267,8,330" step="2"/><V53/><F53/><W39/><G39/><T59/><D38/><U89/><E89/><V98/><F98/><W113/><G113/><T62/><D43/><U131/><E131/><V37/><F37/><W75/><G75/><T85/><D97/><U48/><E48/><V72/><F71/><AGARI ba="0,1" hai="9,12,13,17,19,21,61,64,71,94,95,96,102,106" machi="71" ten="30,7700,0" yaku="1,1,7,1,52,1,53,1" doraHai="65" doraHaiUra="7" who="1" fromWho="2" sc="385,0,267,87,8,-77,330,0" owari="385,49.0,354,15.0,-69,-57.0,330,-7.0" /></mjloggm>