<mjloggm ver="2.3"><GO type="169" lobby="0"/><UN n0="%E6%8E%A8%E7%A9%BA%EF%BC%B0" n1="%75%73%6B%31%31%31%35" n2="%E5%B0%B1%E6%B4%BB%E7%94%9F%40%E5%B7%9D%E6%9D%91%E8%BB%8D%E5%9B%A3" n3="%E3%81%AA%E3%81%AA%E3%81%BF%E3%82%93%E3%81%94" dan="16,16,18,16" rate="2177.41,2155.21,2225.45,2087.19" sx="F,M,M,M"/><TAIKYOKU oya="0"/><INIT seed="0,0,0,2,3,65" ten="250,250,250,250" oya="0" hai0="92,20,135,52,43,13,27,0,36,37,76,62,23" hai1="100,30,1,12,19,84,41,122,28,114,68,112,89" hai2="116,9,33,17,104,108,50,82,129,93,97,103,95" hai3="66,87,6,26,60,86,70,79,121,56,125,3,54"/><T98/><D0/><U18/><E122/><V5/><F33/><W88/><G125/><T101/><D76/><U91/><E1/><V22/><F108/><W74/><G121/><T48/><D135/><U38/><E100/><V59/><F129/><W11/><G26/><T34/><D34/><U49/><E38/><V126/><F126/><W39/><G39/><T57/><D13/><U32/><E32/><V69/><F82/><W44/><G44/><T25/><D43/><U10/><E49/><V21/><F21/><W85/><G74/><T119/><D119/><U120/><E41/><V75/><F75/><W77/><REACH who="3" step="1"/><G88/><REACH who="3" ten="250,250,250,240" step="2"/><T73/><D73/><U124/><E120/><V130/><F116/><W127/><G127/><T117/><D117/><U99/><E124/><V128/><F128/><W94/><G94/><T132/><D132/><U102/><E91/><V16/><F93/><W64/><G64/><T131/><D131/><U53/><E89/><V96/><F95/><W40/><G40/><T80/><D80/><U123/><E123/><V134/><F134/><W106/><G106/><T14/><D27/><U107/><E84/><V4/><F104/><W29/><G29/><N who="0" m="17575" /><D36/><U8/><E28/><V110/><F103/><W55/><G55/><T78/><D37/><U72/><E30/><V7/><F130/><W61/><AGARI ba="0,1" hai="3,6,11,54,56,60,61,66,70,77,79,85,86,87" machi="61" ten="30,4000,0" yaku="1,1,0,1,52,1,53,0" doraHai="65" doraHaiUra="105" who="3" fromWho="3" sc="250,-20,250,-10,250,-10,240,50" /><INIT seed="1,0,0,5,0,9" ten="230,240,240,290" oya="1" hai0="135,56,31,41,42,29,52,86,122,21,40,51,75" hai1="93,124,73,55,123,1,76,12,90,79,54,17,8" hai2="20,26,11,120,100,32,72,77,25,95,74,97,33" hai3="68,57,127,81,3,13,67,59,49,114,129,38,125"/><U133/><E123/><V117/><F117/><W2/><G38/><T6/><D75/><U53/><E124/><N who="3" m="47690" /><G114/><T44/><D122/><U24/><E133/><V0/><F120/><W14/><G129/><T35/><D135/><U10/><E73/><V30/><F77/><W92/><G68/><T99/><D35/><U64/><E64/><V78/><F78/><N who="1" m="29737" /><E1/><N who="3" m="10" /><G81/><T22/><D86/><N who="1" m="52439" /><E24/><V116/><F116/><W66/><G92/><T45/><D99/><U112/><E112/><V60/><F60/><N who="3" m="38159" /><G49/><T34/><D34/><U16/><E8/><V130/><F130/><W118/><G118/><T128/><D128/><U4/><AGARI ba="0,0" hai="4,10,12,16,17,53,54,55" m="52439,29737" machi="4" ten="30,6000,0" yaku="8,1,52,1,54,1" doraHai="9" who="1" fromWho="1" sc="230,-20,240,60,240,-20,290,-20" /><INIT seed="1,1,0,5,4,41" ten="210,300,220,270" oya="1" hai0="71,123,21,19,88,37,78,107,129,54,30,6,0" hai1="14,125,118,93,73,51,114,112,124,83,115,1,128" hai2="57,104,26,105,127,11,4,82,63,29,10,48,91" hai3="134,56,99,60,111,133,36,66,47,116,13,18,75"/><U32/><E1/><V102/><F127/><N who="1" m="48713" /><E32/><V103/><F104/><W97/><G111/><T106/><D71/><U109/><E14/><V77/><F105/><W62/><G75/><T27/><D78/><N who="1" m="44495" /><E51/><V28/><F91/><W98/><G116/><T49/><D37/><U20/><E20/><V44/><F28/><W113/><G113/><T100/><D123/><U85/><E118/><V8/><F4/><W79/><G79/><T84/><D129/><U3/><E3/><V35/><F57/><W69/><G36/><T132/><D132/><U58/><E58/><V110/><F63/><W24/><G24/><T25/><D6/><U50/><E50/><V121/><F121/><W101/><G101/><T122/><D0/><U64/><E64/><V70/><F70/><W86/><G133/><T7/><D7/><U120/><E120/><V45/><F110/><W16/><G134/><T55/><D122/><U34/><E34/><V33/><F33/><W2/><G2/><T43/><D100/><U94/><E109/><V108/><F108/><W119/><G119/><T89/><D30/><U5/><E5/><V76/><F76/><W135/><G135/><T81/><D27/><U39/><E39/><V80/><F77/><W59/><G69/><T92/><D43/><U90/><E128/><V38/><F38/><W61/><G13/><T126/><D126/><U12/><E12/><V31/><F11/><W96/><G66/><T42/><D42/><U22/><E22/><V52/><F35/><W74/><G62/><T68/><D21/><U95/><AGARI ba="1,0" hai="85,90,93,94,95,112,114,115" m="44495,48713" machi="95" ten="40,7800,0" yaku="18,1,34,2" doraHai="41" who="1" fromWho="1" sc="210,-27,300,81,220,-27,270,-27" /><INIT seed="1,2,0,2,3,51" ten="183,381,193,243" oya="1" hai0="81,74,22,83,100,121,14,67,56,119,25,4,37" hai1="49,29,31,59,112,20,13,26,98,7,24,35,50" hai2="21,90,33,80,96,0,44,101,36,127,132,60,10" hai3="106,113,66,1,130,135,93,38,47,17,8,79,89"/><U68/><E68/><V48/><F33/><W46/><G113/><T30/><D119/><U12/><E112/><V85/><F127/><W107/><G130/><T18/><D37/><U123/><E123/><V11/><F132/><W54/><G135/><T45/><D121/><U111/><E111/><V108/><F36/><W86/><G66/><T42/><D100/><U92/><E7/><V99/><F108/><W62/><G79/><T103/><D103/><U124/><E124/><V87/><F0/><W34/><G34/><T95/><D95/><U69/><E69/><V58/><F21/><W41/><G17/><T52/><D4/><U19/><E12/><V28/><F28/><W55/><G46/><T39/><D67/><U129/><E59/><V2/><F87/><W117/><G117/><T115/><D74/><U82/><E82/><V109/><F2/><W134/><G134/><T32/><REACH who="0" step="1"/><D115/><REACH who="0" ten="173,381,193,243" step="2"/><U23/><E129/><V91/><F109/><W114/><G114/><T57/><D57/><U6/><E6/><V126/><F126/><W53/><G107/><T78/><D78/><U5/><E5/><V125/><F125/><W131/><G106/><T77/><D77/><U63/><E92/><N who="2" m="58503" /><F91/><W15/><G1/><T133/><D133/><U72/><E72/><V16/><F99/><W116/><G116/><T61/><AGARI ba="2,1" hai="14,18,22,25,30,32,39,42,45,52,56,61,81,83" machi="61" ten="20,12000,2" yaku="1,1,0,1,7,1,52,1,54,1,53,1" doraHai="51" doraHaiUra="43" who="0" fromWho="0" sc="173,136,381,-62,193,-32,243,-32" /><INIT seed="2,0,0,0,0,38" ten="309,319,161,211" oya="2" hai0="132,28,113,22,31,20,1,80,69,47,30,79,90" hai1="131,35,49,65,98,106,3,93,128,101,74,10,125" hai2="94,6,45,82,37,108,56,59,116,118,44,32,36" hai3="76,39,66,23,8,34,105,40,57,7,120,68,43"/><V29/><F6/><W89/><G39/><T124/><D69/><U33/><E74/><V102/><F82/><W73/><G68/><T52/><D113/><U92/><E125/><V27/><F108/><W87/><G34/><N who="1" m="12810" /><E65/><V85/><F37/><W134/><G134/><T60/><D1/><U51/><E10/><V21/><F32/><W130/><G130/><N who="1" m="49706" /><E3/><V15/><F15/><W91/><G120/><T77/><D132/><U64/><E64/><V12/><F12/><N who="3" m="5151" /><G105/><T9/><D9/><U42/><E51/><V58/><F85/><W61/><G73/><T95/><D124/><U17/><E17/><V103/><F94/><W25/><G76/><N who="0" m="29259" /><D80/><U62/><E62/><V48/><F36/><W107/><G107/><T26/><D26/><U53/><E42/><N who="3" m="15914" /><G87/><N who="0" m="52703" /><D47/><AGARI ba="0,0" hai="47,49,53,92,93,98,101,106" m="49706,12810" machi="47" ten="30,1000,0" yaku="19,1" doraHai="38" who="1" fromWho="0" sc="309,-10,319,10,161,0,211,0" /><INIT seed="3,0,0,0,5,72" ten="299,329,161,211" oya="3" hai0="2,16,33,43,3,40,10,48,76,120,130,75,15" hai1="88,53,29,90,62,44,67,8,107,68,58,77,17" hai2="78,69,122,66,97,55,59,92,12,83,64,13,115" hai3="47,113,32,35,103,102,127,100,131,61,24,128,112"/><W31/><G127/><T63/><D120/><U117/><E107/><V37/><F37/><W73/><G73/><T46/><D33/><N who="3" m="12873" /><G47/><T52/><D130/><N who="3" m="49705" /><G61/><T21/><D21/><AGARI ba="0,0" hai="21,24,31,100,102,103,112,113" m="49705,12873" machi="21" ten="40,2000,0" yaku="19,1" doraHai="72" who="3" fromWho="0" sc="299,-20,329,0,161,0,211,20" /><INIT seed="3,1,0,5,5,125" ten="279,329,161,231" oya="3" hai0="9,20,82,128,59,24,1,64,51,3,2,87,119" hai1="30,79,77,58,130,84,131,89,93,60,49,120,54" hai2="42,19,44,11,116,40,50,15,111,102,66,115,52" hai3="27,23,74,67,81,114,31,25,36,106,35,103,109"/><W6/><G114/><T32/><D119/><U85/><E120/><V26/><F116/><W71/><G36/><T107/><D107/><U13/><E30/><V135/><F115/><W41/><G41/><T112/><D112/><U80/><E13/><V17/><F135/><W37/><G37/><T83/><D32/><U133/><E133/><V16/><F111/><W78/><G6/><T110/><D9/><U96/><E60/><V97/><F66/><W134/><G134/><T117/><D117/><U92/><E92/><V122/><F122/><W86/><G109/><T12/><D12/><U126/><E126/><V39/><F26/><W47/><G47/><T57/><D110/><U29/><E29/><V28/><F28/><W129/><G129/><N who="1" m="49162" /><E77/><V113/><F113/><W101/><G106/><T43/><D128/><U94/><E94/><V104/><REACH who="2" step="1"/><F39/><REACH who="2" ten="279,329,151,231" step="2"/><W14/><G27/><T61/><D24/><U99/><AGARI ba="1,1" hai="49,54,58,79,80,84,85,89,93,96,99" m="49162" machi="99" ten="30,7900,0" yaku="19,1,52,3" doraHai="125" who="1" fromWho="1" sc="279,-21,329,92,151,-21,231,-40" /><INIT seed="4,0,0,3,3,23" ten="258,421,130,191" oya="0" hai0="104,125,105,108,127,86,27,99,117,102,112,126,97" hai1="83,52,31,29,51,106,78,134,131,85,124,120,4" hai2="135,45,28,80,71,100,3,47,79,9,25,84,39" hai3="57,81,5,60,30,107,76,130,118,96,15,82,90"/><T32/><D117/><U12/><E120/><V77/><F135/><W121/><G118/><T56/><D56/><U7/><E106/><V101/><F71/><W37/><G37/><T111/><D112/><U89/><E134/><V6/><F79/><W91/><G130/><T110/><D86/><N who="1" m="48503" /><E131/><V8/><F8/><W54/><G121/><T48/><D48/><U22/><E124/><V129/><F129/><W35/><G82/><T87/><D87/><U119/><E119/><V123/><F123/><W92/><G107/><T20/><D32/><U114/><E114/><V11/><F11/><W93/><G35/><T26/><D20/><U49/><E49/><V72/><F84/><W94/><G30/><N who="1" m="11274" /><E22/><V43/><F47/><W116/><G116/><T44/><D44/><N who="1" m="27751" /><E12/><V38/><REACH who="2" step="1"/><F39/><REACH who="2" ten="258,421,120,191" step="2"/><W122/><G122/><T21/><D21/><AGARI ba="0,1" hai="3,6,9,21,25,28,38,43,45,72,77,80,100,101" machi="21" ten="30,12000,2" yaku="1,1,2,1,7,1,25,2,52,1,53,1" doraHai="23" doraHaiUra="24" who="2" fromWho="0" sc="258,-120,421,0,120,130,191,0" /><INIT seed="5,0,0,5,2,56" ten="138,421,250,191" oya="1" hai0="132,83,30,46,133,93,17,120,87,10,104,94,88" hai1="45,3,108,78,98,102,59,53,82,8,115,9,23" hai2="86,5,25,75,111,37,122,90,77,103,124,116,35" hai3="51,26,60,81,18,66,21,6,92,55,106,135,54"/><U49/><E115/><V71/><F5/><W38/><G106/><T57/><D104/><U0/><E108/><V109/><F25/><W12/><G38/><T58/><D30/><U72/><E23/><V2/><F103/><W31/><G6/><T13/><D120/><U125/><E125/><V107/><F90/><W22/><G135/><N who="0" m="51787" /><D46/><U100/><E100/><V76/><F86/><W20/><G81/><T7/><D7/><U68/><E68/><V105/><F77/><W91/><G21/><T34/><D34/><U112/><E112/><V16/><F16/><W70/><REACH who="3" step="1"/><G51/><REACH who="3" ten="138,421,250,181" step="2"/><T24/><D24/><U130/><E49/><V117/><F105/><W69/><G69/><T43/><D43/><U32/><E82/><V118/><F118/><W113/><G113/><T110/><D110/><U48/><E48/><V67/><F111/><W101/><G101/><T33/><D33/><U96/><E32/><V1/><F35/><W123/><G123/><T61/><D57/><U79/><E59/><V39/><F122/><W47/><G47/><T44/><D44/><U11/><E45/><V126/><F37/><W50/><G50/><T80/><D80/><U85/><E102/><V121/><F39/><W52/><G52/><AGARI ba="0,1" hai="10,13,17,52,58,61,83,87,88,93,94" m="51787" machi="52" ten="30,7700,0" yaku="20,1,52,1,54,2" doraHai="56" who="0" fromWho="3" sc="138,87,421,0,250,0,181,-77" /><INIT seed="6,0,0,2,2,94" ten="225,421,250,104" oya="2" hai0="79,8,13,84,69,100,61,129,42,83,97,114,21" hai1="81,118,45,113,58,117,105,12,19,108,70,121,103" hai2="90,11,124,7,0,73,87,31,29,34,47,135,72" hai3="88,130,43,14,15,77,35,22,4,74,82,106,111"/><V112/><F112/><W2/><G111/><T134/><D129/><U20/><E70/><V107/><F107/><W104/><G130/><T63/><D134/><U50/><E108/><V16/><F135/><W126/><G35/><T9/><D114/><U54/><E113/><V123/><F123/><W76/><G126/><T5/><D69/><U96/><E121/><V28/><F124/><W122/><G122/><T23/><D9/><U101/><E101/><V93/><F34/><W116/><G76/><T71/><D71/><U75/><E75/><V3/><F3/><W102/><G116/><T51/><D21/><U57/><E81/><V98/><F47/><W99/><G106/><N who="0" m="63759" /><D23/><U25/><E58/><V52/><F16/><W120/><G120/><T86/><D84/><U80/><E80/><V17/><F17/><W18/><G43/><T67/><D67/><U24/><E45/><AGARI ba="0,0" hai="5,8,13,42,45,51,61,63,79,83,86" m="63759" machi="45" ten="30,2000,0" yaku="25,1,52,1" doraHai="94" who="0" fromWho="1" sc="225,20,421,-20,250,0,104,0" /><INIT seed="7,0,0,1,4,94" ten="245,401,250,104" oya="3" hai0="121,64,67,61,34,75,134,5,119,102,122,11,26" hai1="98,84,7,41,27,58,33,60,1,113,23,18,42" hai2="35,28,86,15,116,104,79,45,50,47,17,118,71" hai3="63,62,99,108,39,130,51,69,43,93,48,110,117"/><W109/><G117/><T97/><D75/><U107/><E33/><V106/><F71/><W36/><G130/><T25/><D119/><U9/><E113/><V56/><F106/><W103/><G69/><T132/><D34/><U131/><E131/><V46/><F104/><W90/><G51/><T20/><D11/><U96/><E84/><V72/><F72/><W4/><G4/><T53/><D53/><U3/><E3/><V78/><F28/><W66/><G103/><T89/><D89/><U24/><E24/><V100/><F35/><W37/><REACH who="3" step="1"/><G66/><REACH who="3" ten="245,401,250,94" step="2"/><T81/><D5/><U59/><E7/><V127/><F100/><W101/><G101/><T57/><D102/><U91/><E107/><V10/><F116/><W38/><N who="3" m="9728" /><DORA hai="40" /><W114/><G114/><T13/><D67/><U111/><E60/><V8/><F118/><W16/><G16/><T55/><D64/><U88/><E18/><V19/><F17/><W68/><G68/><T124/><D61/><U95/><E1/><V115/><F19/><W125/><G125/><T65/><D124/><U123/><E123/><V52/><F127/><W54/><G54/><T77/><D55/><U6/><E6/><V112/><F115/><W92/><G92/><T74/><D122/><U73/><E95/><V105/><F112/><W129/><G129/><T87/><D121/><U120/><E120/><V82/><F105/><W12/><G12/><T30/><D13/><U76/><E42/><V2/><F2/><W31/><G31/><T133/><D30/><U29/><E41/><V85/><F15/><W44/><AGARI ba="0,1" hai="43,44,48,62,63,90,93,99,108,109,110" m="9728" machi="44" ten="70,18000,2" yaku="1,1,5,1,0,1,10,1,52,2,53,0" doraHai="94,40" doraHaiUra="14,32" who="3" fromWho="3" sc="245,-60,401,-60,250,-60,94,190" /><INIT seed="7,1,0,2,4,114" ten="185,341,190,284" oya="3" hai0="63,15,84,80,88,41,110,100,54,118,78,95,126" hai1="33,22,134,71,130,44,5,46,0,105,74,111,125" hai2="68,66,38,92,23,97,73,83,91,85,103,29,19" hai3="116,40,39,69,2,102,79,133,109,11,28,31,37"/><W62/><G133/><T70/><D110/><U42/><RYUUKYOKU type="yao9" ba="1,0" sc="185,0,341,0,190,0,284,0" hai1="0,5,22,33,42,44,46,71,74,105,111,125,130,134" /><INIT seed="7,2,0,2,1,103" ten="185,341,190,284" oya="3" hai0="25,98,74,115,35,42,81,33,59,18,134,107,5" hai1="14,58,68,82,135,126,56,80,55,118,79,62,23" hai2="40,133,43,93,72,32,124,64,71,46,89,78,131" hai3="128,10,45,51,106,41,29,8,6,26,61,19,86"/><W120/><G120/><T39/><D5/><U1/><E1/><V90/><F32/><W36/><G128/><T73/><D59/><U48/><E68/><V125/><F131/><W129/><G129/><T27/><D134/><U127/><E135/><V11/><F133/><W69/><G19/><T112/><D42/><U114/><E114/><N who="0" m="43561" /><D39/><U116/><E23/><V65/><F11/><W57/><G69/><T87/><D18/><U91/><E14/><V123/><F123/><W75/><G75/><N who="0" m="28683" /><D33/><U50/><E91/><N who="2" m="34827" /><F93/><W85/><G36/><T2/><D2/><U105/><E79/><V122/><F122/><W4/><G4/><T101/><D35/><U16/><E16/><V13/><F13/><W102/><G10/><T28/><D28/><U76/><E76/><AGARI ba="2,0" hai="25,27,76,81,87,98,101,107" m="28683,43561" machi="76" ten="30,3900,0" yaku="15,1,11,1,52,1" doraHai="103" who="0" fromWho="1" sc="185,45,341,-45,190,0,284,0" /><INIT seed="8,0,0,0,1,23" ten="230,296,190,284" oya="0" hai0="69,1,127,15,17,113,124,129,30,107,84,88,13" hai1="95,110,72,18,34,87,118,64,75,81,50,19,73" hai2="28,38,89,65,57,108,66,68,10,78,62,99,134" hai3="125,93,104,97,83,130,76,11,53,85,9,86,5"/><T21/><D69/><U101/><E34/><V36/><F108/><W6/><G130/><T2/><D107/><U0/><E0/><V37/><F134/><W54/><G125/><N who="0" m="48203" /><D113/><U45/><E110/><V117/><F78/><W102/><G104/><T47/><D129/><U82/><E64/><V80/><F117/><W63/><G86/><T122/><D122/><U33/><E33/><V8/><F28/><W79/><G79/><T43/><D15/><U135/><E82/><V109/><F109/><W44/><G44/><T103/><D103/><U100/><E100/><V22/><F22/><W26/><G26/><N who="0" m="16719" /><D17/><U106/><E106/><V128/><F128/><W115/><G115/><T67/><D13/><U105/><E105/><V42/><F42/><W3/><REACH who="3" step="1"/><G63/><REACH who="3" ten="230,296,190,274" step="2"/><T58/><D47/><U96/><E135/><V49/><F49/><W27/><G27/><T91/><D84/><U46/><E46/><V94/><REACH who="2" step="1"/><F80/><REACH who="2" ten="230,296,180,274" step="2"/><W116/><G116/><T31/><D43/><U32/><E118/><V35/><F35/><W52/><G52/><T114/><D114/><U112/><E112/><V120/><F120/><W51/><G51/><T16/><D31/><U4/><E32/><V131/><F131/><W14/><AGARI ba="0,2" hai="3,5,6,9,11,14,53,54,76,83,85,93,97,102" machi="14" ten="20,2700,0" yaku="1,1,0,1,7,1,53,0" doraHai="23" doraHaiUra="41" who="3" fromWho="3" sc="230,-13,296,-7,180,-7,274,47" owari="217,-18.0,289,9.0,173,-33.0,321,42.0" /></mjloggm>