<mjloggm ver="2.3"><GO type="169" lobby="0"/><UN n0="%E3%83%8C%E3%82%A2%E3%82%AF%E3%82%B7%E3%83%A7%E3%83%83%E3%83%88" n1="%E5%B0%B1%E6%B4%BB%E7%94%9F%40%E5%B7%9D%E6%9D%91%E8%BB%8D%E5%9B%A3" n2="%E3%81%82%E3%81%B2%E3%82%8B%E3%81%95%E3%82%93" n3="%68%69%6E%6F%6D%61%72%75" dan="16,16,17,16" rate="2135.60,2167.75,2184.96,2142.28" sx="M,M,M,M"/><TAIKYOKU oya="0"/><INIT seed="0,0,0,2,2,42" ten="250,250,250,250" oya="0" hai0="59,128,116,6,101,44,35,95,54,97,108,83,123" hai1="32,130,114,40,45,75,94,93,126,61,135,24,16" hai2="122,86,38,76,3,43,58,104,89,31,20,46,132" hai3="120,27,87,26,69,74,7,39,13,71,129,84,30"/><T52/><D116/><U1/><E1/><V47/><F122/><W0/><G74/><T96/><D35/><U51/><E75/><V49/><F104/><W124/><G120/><T57/><D123/><U15/><E130/><V50/><F3/><W115/><G115/><T8/><D128/><U125/><E135/><V70/><F70/><W53/><G129/><T105/><D83/><U5/><E5/><V67/><F132/><W34/><G39/><T66/><D66/><U60/><E24/><N who="2" m="16775" /><F38/><W99/><G0/><T63/><D44/><N who="2" m="16938" /><F76/><W72/><G72/><T80/><D80/><U41/><E41/><V102/><F102/><W107/><G107/><T21/><D21/><N who="1" m="11423" /><E32/><V14/><F43/><W92/><G34/><T65/><D59/><U23/><E23/><V100/><F100/><W90/><G71/><T113/><D108/><U119/><E119/><V112/><F14/><W98/><G13/><T29/><D29/><U118/><E118/><V109/><F112/><W33/><G33/><T55/><D113/><U56/><E114/><V77/><F77/><W17/><G30/><T82/><D82/><U4/><E4/><V110/><F109/><W62/><G7/><T28/><D28/><U19/><E19/><V81/><F110/><W134/><G17/><T9/><REACH who="0" step="1"/><D6/><REACH who="0" ten="240,250,250,250" step="2"/><U2/><E40/><V12/><F12/><W37/><G134/><T133/><D133/><U73/><E73/><V127/><F127/><W22/><G124/><T106/><D106/><U88/><E125/><V18/><F18/><W68/><G69/><T111/><D111/><U79/><E126/><RYUUKYOKU ba="0,1" sc="240,15,250,-15,250,15,250,-15" hai0="8,9,52,54,55,57,63,65,95,96,97,101,105" hai2="49,50,58,67,81,86,89" /><INIT seed="0,1,1,1,3,68" ten="255,235,265,235" oya="0" hai0="51,95,74,107,3,14,105,76,30,132,98,29,91" hai1="92,65,61,78,50,13,90,117,88,21,59,103,93" hai2="20,39,6,135,32,49,23,133,115,99,7,12,9" hai3="130,116,71,123,62,44,43,80,131,87,55,16,79"/><T10/><D3/><U112/><E117/><V122/><F122/><W124/><G116/><T33/><D132/><N who="2" m="50762" /><F115/><W0/><G123/><T24/><D30/><U89/><E112/><V52/><F32/><W11/><G124/><T67/><D74/><U60/><E78/><V129/><F129/><N who="3" m="49163" /><G0/><T57/><D76/><U86/><E60/><V66/><F66/><N who="3" m="41431" /><G55/><T15/><D67/><U37/><E37/><V110/><F110/><W114/><G114/><T42/><D15/><U28/><E50/><V126/><F126/><W119/><G119/><T63/><D63/><U127/><E127/><V70/><F70/><W128/><N who="3" m="49171" /><W102/><DORA hai="36" /><G102/><T109/><D109/><U111/><E111/><V121/><F121/><W47/><G43/><T26/><D26/><N who="1" m="16463" /><E13/><AGARI ba="1,1" hai="11,13,16,44,47,79,80,87" m="41431,49171" machi="13" ten="40,2600,0" yaku="19,1,54,1" doraHai="68,36" who="3" fromWho="1" sc="255,0,235,-29,265,0,235,39" /><INIT seed="1,0,0,1,5,33" ten="255,206,265,274" oya="1" hai0="20,127,12,110,8,89,55,108,31,38,64,69,48" hai1="72,116,26,109,131,18,94,52,63,24,95,23,87" hai2="112,45,126,29,15,50,9,71,103,99,123,32,51" hai3="135,80,119,4,53,47,62,100,17,132,49,44,28"/><U42/><E116/><V134/><F123/><W43/><G119/><T84/><D38/><U130/><E72/><V19/><F71/><W60/><G100/><T107/><D107/><U133/><E42/><V5/><F134/><N who="3" m="51243" /><G28/><T77/><D64/><U115/><E115/><V58/><F126/><W57/><G4/><T86/><D69/><U92/><E133/><V59/><F112/><W46/><G80/><T125/><D77/><U85/><E26/><V36/><F36/><N who="3" m="21607" /><G17/><T122/><D31/><U79/><E109/><V22/><F29/><W68/><G68/><T124/><D122/><U41/><E41/><V113/><F32/><W93/><G93/><T37/><D20/><U3/><E3/><V105/><F113/><W30/><G30/><T67/><D125/><U1/><E1/><V0/><REACH who="2" step="1"/><F51/><REACH who="2" ten="255,206,255,274" step="2"/><W39/><G39/><T97/><D37/><U106/><E130/><V74/><F74/><W66/><G66/><T101/><D67/><U114/><E131/><V96/><F96/><W34/><G34/><T78/><D124/><U21/><E114/><V129/><F129/><W11/><G11/><T40/><D8/><U88/><E23/><V56/><F56/><W73/><G73/><T104/><D127/><U111/><E111/><V75/><F75/><W10/><G10/><T54/><D108/><U13/><E85/><V118/><F118/><W14/><G49/><T91/><D48/><U120/><E120/><V2/><F2/><W76/><G57/><T81/><D110/><U25/><E87/><V35/><F35/><W6/><G47/><T65/><D86/><RYUUKYOKU ba="0,1" sc="255,-10,206,-10,255,30,274,-10" hai2="0,5,9,15,19,22,45,50,58,59,99,103,105" /><INIT seed="2,1,1,2,4,11" ten="245,196,285,264" oya="2" hai0="40,90,81,87,38,89,48,50,128,51,118,123,132" hai1="9,64,83,107,70,42,66,119,55,75,23,104,134" hai2="98,92,44,95,114,76,34,13,16,10,19,69,43" hai3="113,77,127,3,25,101,117,8,82,7,33,18,96"/><V2/><F114/><W111/><G117/><T20/><D123/><U94/><E119/><V31/><F69/><W115/><G111/><T100/><D132/><U37/><E134/><V61/><F2/><W1/><G127/><T121/><D121/><U79/><E55/><V21/><F34/><W85/><G3/><T109/><D128/><U99/><E23/><V116/><F116/><W91/><G91/><T6/><D6/><U112/><E112/><V126/><F126/><W27/><G18/><T129/><D129/><U41/><E41/><V130/><F130/><W110/><G110/><T36/><D109/><U74/><E74/><V73/><F31/><W12/><G1/><T124/><D100/><U15/><E42/><V105/><F61/><W125/><G125/><T78/><D40/><U54/><E54/><V86/><F73/><W60/><G60/><T68/><D68/><U45/><E45/><V103/><F76/><W80/><G80/><T52/><D52/><U35/><E35/><V63/><F86/><W28/><REACH who="3" step="1"/><G27/><REACH who="3" ten="245,196,285,254" step="2"/><T30/><D118/><U14/><E70/><V46/><F63/><W135/><G135/><T72/><D124/><U26/><E26/><V0/><F0/><W108/><G108/><T32/><D90/><U59/><E79/><V29/><F29/><W5/><G5/><T106/><D78/><U56/><E83/><V24/><REACH who="2" step="1"/><F46/><REACH who="2" ten="245,196,275,254" step="2"/><W57/><G57/><T84/><D87/><U102/><E75/><V120/><F120/><W65/><G65/><T49/><N who="0" m="12288" /><DORA hai="93" /><T88/><D72/><U47/><E66/><V58/><F58/><RYUUKYOKU ba="1,3" sc="245,-15,196,-15,275,15,254,15" hai2="10,13,16,19,21,24,43,44,92,95,98,103,105" hai3="7,8,12,25,28,33,77,82,85,96,101,113,115" /><INIT seed="2,2,3,1,0,29" ten="230,181,290,269" oya="2" hai0="77,11,25,123,49,79,131,111,129,124,23,122,110" hai1="21,53,1,85,35,14,26,58,38,13,107,113,50" hai2="46,86,37,65,55,89,22,91,59,51,106,68,54" hai3="8,0,45,97,57,18,87,69,2,78,36,114,105"/><V60/><F106/><W80/><G69/><T33/><D33/><U75/><E75/><V20/><F91/><W73/><G114/><T39/><D39/><U61/><E113/><V98/><F98/><W115/><G115/><T15/><D49/><U134/><E38/><V56/><F56/><W81/><G57/><T12/><D124/><U108/><E1/><V71/><F71/><W95/><G105/><T48/><D48/><U67/><E107/><V92/><REACH who="2" step="1"/><F55/><REACH who="2" ten="230,181,280,269" step="2"/><W6/><G97/><T119/><D79/><U121/><E121/><V94/><F94/><W102/><G95/><T125/><D77/><U62/><E134/><V24/><F24/><W127/><G102/><T117/><D25/><U64/><E67/><V74/><F74/><W72/><G127/><T32/><D125/><U9/><E64/><V88/><F88/><W17/><G73/><T130/><D131/><U44/><E58/><V99/><F99/><W103/><G103/><T41/><D123/><U104/><E53/><V42/><AGARI ba="2,4" hai="20,22,37,42,46,51,54,59,60,65,68,86,89,92" machi="42" ten="30,12000,1" yaku="1,1,0,1,24,2,53,1" doraHai="29" doraHaiUra="90" who="2" fromWho="2" sc="230,-42,181,-42,280,166,269,-42" /><INIT seed="2,3,0,3,4,117" ten="188,139,446,227" oya="2" hai0="38,23,18,15,34,105,8,47,71,70,17,126,66" hai1="132,89,125,86,37,121,69,120,91,85,29,9,68" hai2="27,83,128,4,122,48,57,119,106,60,54,84,129" hai3="28,64,53,116,127,33,113,44,58,97,103,81,40"/><V96/><F119/><W72/><G116/><T3/><D34/><U51/><E37/><V14/><F27/><W65/><G113/><T25/><D105/><U43/><E29/><V110/><F110/><W111/><G111/><T130/><D66/><U11/><E51/><V35/><F35/><W87/><G72/><T78/><D78/><U59/><E59/><V19/><F4/><W30/><G127/><T90/><D3/><U114/><E43/><V46/><F122/><N who="1" m="47209" /><E132/><V88/><F106/><W74/><G74/><T62/><D62/><U55/><E55/><V101/><F96/><W10/><G10/><N who="1" m="3594" /><E125/><V1/><F1/><W26/><G28/><T36/><D36/><U133/><E133/><V6/><F6/><W131/><G131/><T63/><D130/><U80/><E114/><V67/><F129/><W75/><G75/><T95/><D63/><U7/><E7/><V12/><F128/><W102/><G44/><T115/><D115/><U93/><AGARI ba="3,0" hai="68,69,80,85,86,89,91,93" m="3594,47209" machi="93" ten="30,7900,0" yaku="13,1,52,3" doraHai="117" who="1" fromWho="1" sc="188,-23,139,88,446,-42,227,-23" /><INIT seed="3,0,0,3,4,82" ten="165,227,404,204" oya="3" hai0="22,83,20,113,110,44,9,84,123,130,131,129,80" hai1="43,117,73,26,38,21,14,86,98,69,2,54,12" hai2="128,68,119,116,132,15,8,53,27,3,75,0,16" hai3="4,65,36,56,91,32,41,107,47,13,51,124,48"/><W95/><G107/><T7/><D123/><U31/><E73/><V99/><F75/><W100/><G32/><T111/><D44/><U102/><E2/><V34/><F68/><W112/><G100/><T60/><D83/><U42/><E69/><V127/><F53/><W133/><G112/><T57/><D113/><U134/><E134/><V78/><F78/><W35/><G35/><T11/><D11/><U93/><E117/><N who="2" m="45131" /><F99/><W71/><G71/><T103/><D103/><U126/><E126/><V118/><F118/><W17/><G4/><T94/><D94/><U5/><E5/><N who="2" m="3471" /><F128/><W24/><G24/><T28/><D28/><U81/><E54/><V23/><F127/><W104/><G104/><T1/><D22/><U120/><E120/><V50/><F50/><W106/><G106/><T55/><REACH who="0" step="1"/><D20/><REACH who="0" ten="155,227,404,204" step="2"/><U97/><E38/><V121/><F121/><W63/><G124/><T70/><D70/><U92/><E92/><V25/><F132/><W67/><G133/><T135/><D135/><U18/><E97/><V114/><F114/><W40/><G41/><N who="1" m="15370" /><E31/><AGARI ba="0,1" hai="0,3,16,23,25,27,31,34" m="3471,45131" machi="31" ten="30,3900,0" yaku="34,2,54,1" doraHai="82" who="2" fromWho="1" sc="155,0,227,-39,404,49,204,0" /><INIT seed="4,0,0,1,3,123" ten="155,188,453,204" oya="0" hai0="76,34,68,8,79,37,62,132,102,69,0,9,33" hai1="28,38,135,83,117,26,50,116,86,111,21,42,72" hai2="45,41,57,94,81,59,70,39,60,1,35,124,113" hai3="101,58,44,104,11,19,78,110,98,51,91,114,88"/><T13/><D13/><U95/><E111/><V17/><F35/><W97/><G110/><T121/><D62/><U74/><E38/><V49/><F1/><W30/><G114/><T130/><D37/><U77/><E135/><V32/><F32/><W54/><G30/><T105/><D0/><U75/><REACH who="1" step="1"/><E95/><REACH who="1" ten="155,178,453,204" step="2"/><V7/><F94/><W109/><G109/><T125/><D105/><U128/><E128/><V66/><F39/><W90/><G78/><T80/><D80/><U48/><E48/><V92/><F49/><W53/><G98/><T31/><D132/><U87/><E87/><V82/><F92/><W127/><G127/><T40/><D130/><U115/><E115/><V27/><F82/><W108/><G108/><T65/><D125/><U122/><E122/><V96/><F81/><W112/><G112/><T93/><D93/><U67/><E67/><V89/><F66/><W107/><G104/><T85/><D65/><U129/><E129/><V71/><F124/><W6/><G91/><T2/><D85/><U25/><E25/><V20/><F27/><W47/><G90/><T131/><D131/><U100/><E100/><V56/><F89/><W14/><G88/><T46/><D102/><U64/><E64/><V99/><F96/><W126/><G126/><T73/><D121/><U103/><E103/><V84/><F99/><W18/><G47/><AGARI ba="0,1" hai="21,26,28,42,47,50,72,74,75,77,83,86,116,117" machi="47" ten="40,1300,0" yaku="1,1,53,0" doraHai="123" doraHaiUra="15" who="1" fromWho="3" sc="155,0,178,23,453,0,204,-13" /><INIT seed="5,0,0,2,4,80" ten="155,201,453,191" oya="1" hai0="52,48,125,92,24,93,133,84,30,99,124,56,12" hai1="38,117,10,107,13,100,22,25,3,74,42,109,73" hai2="65,18,122,77,121,112,35,81,135,120,20,130,34" hai3="58,60,0,7,59,31,63,123,98,110,83,8,2"/><U106/><E117/><V67/><F135/><W78/><G123/><T91/><D12/><U105/><E100/><V127/><F127/><N who="0" m="48714" /><D133/><U116/><E116/><V11/><F130/><W54/><G110/><T90/><D24/><U126/><E109/><V41/><F112/><W82/><G31/><AGARI ba="0,0" hai="30,31,48,52,56,84,90,91,92,93,99" m="48714" machi="31" ten="30,3900,0" yaku="18,1,52,1,54,1" doraHai="80" who="0" fromWho="3" sc="155,39,201,0,453,0,191,-39" /><INIT seed="6,0,0,4,2,135" ten="194,201,453,152" oya="2" hai0="73,105,89,50,58,113,103,0,120,83,134,118,85" hai1="102,111,93,42,26,80,55,99,2,37,43,51,110" hai2="115,95,1,65,63,97,48,81,129,36,64,23,76" hai3="31,69,52,109,90,8,53,121,77,126,119,88,17"/><V106/><F36/><W101/><G109/><T34/><D34/><U112/><E2/><V32/><F32/><W74/><G69/><T7/><D120/><U29/><E112/><V133/><F1/><W131/><G121/><T94/><D113/><U91/><E37/><V16/><F106/><W12/><G119/><T107/><D7/><U46/><E110/><V122/><F115/><W38/><G38/><T15/><D15/><U39/><E111/><V57/><F122/><W47/><G131/><T124/><D0/><U123/><E123/><V84/><F133/><W130/><G130/><T87/><D58/><U3/><E3/><V45/><F129/><W75/><G101/><T108/><D50/><U41/><E80/><V27/><F48/><W54/><G31/><T21/><D21/><N who="1" m="15567" /><E39/><V127/><F127/><W128/><G128/><T72/><D124/><U78/><E78/><V66/><REACH who="2" step="1"/><F45/><REACH who="2" ten="194,201,443,152" step="2"/><W116/><G126/><T14/><D134/><U82/><E43/><V9/><F9/><W4/><G116/><T10/><D118/><U56/><E46/><V79/><F79/><W13/><G47/><T40/><D40/><U35/><E35/><V18/><F18/><W6/><G17/><N who="0" m="8407" /><D108/><U5/><E5/><V125/><F125/><W117/><G117/><T24/><D107/><U67/><E42/><V20/><F20/><W132/><G132/><T61/><D105/><U19/><E19/><V11/><F11/><N who="3" m="4199" /><G77/><T60/><D24/><U100/><E41/><V96/><F96/><W49/><G49/><T30/><D30/><U22/><E51/><V68/><F68/><RYUUKYOKU ba="0,1" sc="194,-15,201,-15,443,15,152,15" hai2="16,23,27,57,63,64,65,66,76,81,84,95,97" hai3="6,8,13,52,53,54,74,75,88,90" /><INIT seed="6,1,1,3,3,73" ten="179,186,458,167" oya="2" hai0="43,87,49,97,59,129,8,84,53,42,65,115,1" hai1="22,0,41,92,130,125,33,67,100,60,24,37,16" hai2="4,132,128,55,18,131,51,93,127,110,108,23,48" hai3="74,30,9,11,68,19,122,15,17,35,95,52,44"/><V25/><F4/><W12/><G74/><T61/><D1/><U32/><E0/><V118/><F118/><W58/><G68/><T6/><D115/><U103/><E125/><V135/><F93/><W75/><G122/><T54/><D129/><N who="2" m="49738" /><F127/><W86/><G75/><T62/><D97/><U81/><E130/><V40/><F40/><N who="0" m="15402" /><D8/><U38/><E81/><V91/><F91/><N who="3" m="53751" /><G35/><T116/><D6/><U85/><E41/><V26/><F25/><W45/><G30/><T29/><D29/><U21/><E33/><V99/><F99/><W106/><G106/><T111/><D111/><N who="2" m="42538" /><F51/><AGARI ba="1,1" hai="9,11,12,15,17,19,44,45,51,52,58" m="53751" machi="51" ten="30,2000,0" yaku="8,1,54,1" doraHai="73" who="3" fromWho="2" sc="179,0,186,0,458,-23,167,33" /><INIT seed="7,0,0,4,2,57" ten="179,186,435,200" oya="3" hai0="82,87,111,97,43,28,80,20,0,116,122,26,70" hai1="91,114,9,72,79,90,46,35,112,126,25,49,45" hai2="95,40,7,69,63,14,86,110,98,99,120,106,3" hai3="123,103,66,125,109,27,88,23,108,42,51,5,41"/><W101/><G123/><T118/><D111/><N who="3" m="42569" /><G5/><T54/><D122/><U76/><E9/><V1/><F110/><W34/><G34/><T73/><D0/><U85/><E91/><V100/><F120/><W48/><G125/><T38/><D70/><U53/><E46/><V61/><F69/><W89/><G66/><T107/><D38/><U32/><E126/><V83/><F40/><N who="3" m="15467" /><G51/><T129/><D43/><U55/><E55/><V78/><F14/><W59/><G48/><T36/><D36/><U52/><E72/><V77/><F78/><N who="1" m="29737" /><E25/><V74/><F74/><W11/><G59/><T94/><D73/><U47/><E47/><V19/><F19/><N who="3" m="12799" /><G11/><T92/><D54/><U133/><E53/><V6/><F1/><W127/><G127/><T21/><D26/><U131/><E131/><V39/><F39/><W58/><G58/><T31/><D129/><U18/><E18/><V135/><F135/><W17/><G17/><T130/><D130/><U13/><E13/><V75/><F75/><W128/><G128/><T121/><D121/><U12/><E12/><V2/><F2/><W22/><G22/><T81/><D20/><U4/><E4/><V64/><F64/><W119/><G119/><N who="0" m="45611" /><D21/><U67/><E67/><V132/><F132/><W16/><G16/><T33/><D33/><U65/><E65/><V50/><F50/><W24/><G24/><T44/><D44/><U60/><E133/><V104/><F6/><W15/><G15/><T84/><D28/><U96/><E35/><V29/><F29/><W62/><G62/><N who="2" m="23561" /><F7/><W113/><G113/><N who="1" m="43626" /><E32/><V93/><F3/><RYUUKYOKU ba="0,0" sc="179,-15,186,-15,435,15,200,15" hai2="77,83,86,93,95,98,99,100,104,106" hai3="88,89,101,103" /><INIT seed="7,1,0,4,3,106" ten="164,171,450,215" oya="3" hai0="110,135,48,98,38,45,82,80,9,99,35,60,44" hai1="47,64,34,74,25,123,129,27,88,68,24,127,72" hai2="133,63,107,77,121,32,122,20,55,52,118,19,114" hai3="39,49,62,76,37,100,30,102,58,83,128,117,21"/><W125/><G117/><T85/><D35/><U113/><E123/><N who="2" m="47115" /><F32/><W70/><G128/><T40/><D110/><U7/><E34/><V131/><F118/><W69/><G69/><T6/><D82/><U86/><E129/><V36/><F131/><W50/><G70/><T51/><D60/><U26/><E26/><N who="2" m="14623" /><F114/><W46/><G125/><T56/><D56/><U108/><E108/><V95/><F107/><W81/><G58/><T130/><D38/><U57/><E68/><V105/><F105/><W104/><G104/><T87/><D87/><U115/><E7/><V12/><F36/><W41/><G62/><T89/><D135/><U54/><E64/><V17/><F133/><W126/><G39/><T8/><D130/><U66/><E47/><V65/><F77/><W134/><G126/><T96/><D6/><U14/><E14/><V75/><F75/><W16/><G30/><T28/><D28/><U84/><E66/><V111/><F111/><W90/><G134/><T92/><D80/><N who="1" m="49159" /><E86/><V5/><F5/><W33/><G33/><T15/><D15/><U109/><E109/><V132/><F132/><W22/><G22/><T23/><D23/><U31/><E31/><V93/><F65/><W43/><G37/><T124/><D124/><U4/><E4/><V79/><F79/><W120/><G120/><T91/><D89/><U1/><E1/><V59/><F55/><AGARI ba="1,0" hai="8,9,40,44,45,48,51,55,85,91,92,96,98,99" machi="55" ten="40,1300,0" yaku="8,1" doraHai="106" who="0" fromWho="2" sc="164,16,171,0,450,-16,215,0" owari="180,-22.0,171,-33.0,434,53.0,215,2.0" /></mjloggm>