<mjloggm ver="2.3"><GO type="169" lobby="0"/><UN n0="%E3%82%A6%E3%83%AB%E3%83%88%E3%83%A9%E7%AB%8B%E7%9B%B4" n1="%E7%A5%9E%E6%A5%BD%E5%9D%82%E3%82%86%E3%81%8B" n2="%E7%A7%81%E3%81%8C%E4%B8%89%E9%87%8D%E3%81%A0" n3="%73%73%74%61%72%6F" dan="17,16,16,17" rate="2193.88,2011.52,2037.83,2149.82" sx="M,M,M,M"/><TAIKYOKU oya="0"/><INIT seed="0,0,0,3,1,81" ten="250,250,250,250" oya="0" hai0="21,1,128,108,67,36,110,45,27,114,102,43,22" hai1="37,16,79,7,92,24,86,9,59,106,107,25,120" hai2="35,13,109,40,52,26,23,89,76,119,66,94,90" hai3="38,98,127,72,104,124,116,15,121,113,14,133,130"/><T111/><D1/><U48/><E37/><V83/><F109/><W33/><G98/><T97/><D114/><U10/><E120/><V46/><F119/><W105/><G15/><T39/><D128/><U70/><E70/><V41/><F66/><W62/><G14/><T60/><D39/><U55/><E7/><V19/><F35/><W126/><G62/><T64/><D27/><U135/><E135/><V115/><F115/><W96/><G96/><T44/><D44/><U84/><E92/><V20/><F94/><W75/><G105/><T87/><D87/><U51/><E55/><V57/><F89/><W68/><G75/><T65/><REACH who="0" step="1"/><D60/><REACH who="0" ten="240,250,250,250" step="2"/><U6/><E25/><V8/><F26/><W53/><G127/><T71/><D71/><U47/><E84/><N who="2" m="50463" /><F76/><W49/><G49/><T17/><D17/><U123/><E48/><N who="2" m="26703" /><F40/><W5/><G5/><T0/><D0/><U103/><E6/><V129/><F129/><W88/><G126/><T61/><D61/><AGARI ba="0,1" hai="8,13,19,20,23,52,57,61" m="26703,50463" machi="61" ten="30,3900,0" yaku="8,1,52,1,54,1" doraHai="81" who="2" fromWho="0" sc="240,-39,250,0,250,49,250,0" /><INIT seed="1,0,0,2,5,126" ten="201,250,299,250" oya="1" hai0="40,79,41,105,91,52,109,35,97,93,6,12,28" hai1="88,24,96,15,71,21,47,86,123,99,0,111,27" hai2="58,14,7,25,38,65,55,23,82,77,20,66,4" hai3="100,83,117,17,22,51,50,92,1,9,80,116,120"/><U68/><E123/><V75/><BYE who="0" /><F38/><W89/><G120/><T134/><D134/><U2/><E111/><UN n0="%E3%82%A6%E3%83%AB%E3%83%88%E3%83%A9%E7%AB%8B%E7%9B%B4" /><V59/><F59/><W130/><G100/><T46/><D109/><U115/><E115/><V132/><F132/><W104/><G104/><T43/><D105/><U118/><E118/><N who="3" m="45674" /><G80/><T112/><D112/><U119/><E47/><V31/><F4/><N who="3" m="1167" /><G83/><T57/><D79/><U3/><E15/><V107/><F107/><W26/><G130/><T48/><D35/><U128/><E119/><V87/><F75/><W113/><G113/><T74/><D74/><U108/><E128/><V34/><F34/><W54/><G54/><T61/><REACH who="0" step="1"/><D28/><REACH who="0" ten="191,250,299,250" step="2"/><U114/><E108/><V42/><F42/><W36/><G36/><T29/><D29/><U62/><E114/><V78/><F78/><W39/><G39/><T8/><AGARI ba="0,1" hai="6,8,12,40,41,43,46,48,52,57,61,91,93,97" machi="8" ten="30,8000,1" yaku="1,1,0,1,8,1,54,1,53,1" doraHai="126" doraHaiUra="90" who="0" fromWho="0" sc="191,90,250,-40,299,-20,250,-20" /><INIT seed="2,0,0,5,1,15" ten="281,210,279,230" oya="2" hai0="124,48,31,94,117,119,2,1,67,127,51,79,6" hai1="128,16,129,89,86,13,29,101,114,0,118,8,74" hai2="9,23,25,75,88,66,54,17,77,85,108,120,87" hai3="63,11,112,125,37,44,123,113,90,116,12,3,132"/><V24/><F120/><W56/><G123/><T76/><D94/><U69/><E114/><N who="3" m="44138" /><G116/><N who="0" m="44619" /><D6/><N who="1" m="1095" /><E118/><V96/><F108/><W61/><G3/><N who="0" m="1035" /><D67/><U133/><E133/><V21/><F75/><W60/><G132/><T10/><D10/><N who="1" m="6199" /><E74/><V81/><F9/><W59/><G125/><N who="0" m="48203" /><D31/><U83/><E69/><V62/><F54/><W97/><G97/><T57/><D57/><U130/><E101/><V78/><F96/><W39/><G90/><T80/><D80/><U38/><E38/><N who="3" m="14346" /><G44/><T34/><D34/><U73/><E73/><V55/><F55/><W99/><G99/><T43/><D43/><U98/><E98/><V126/><F126/><W20/><G20/><T53/><D53/><U103/><E103/><V18/><F85/><W45/><G45/><T72/><D72/><U135/><E135/><V19/><F19/><AGARI ba="0,0" hai="11,12,19,56,59,60,61,63" m="14346,44138" machi="19" ten="40,2600,0" yaku="11,1,52,1" doraHai="15" who="3" fromWho="2" sc="281,0,210,0,279,-26,230,26" /><INIT seed="3,0,0,0,3,64" ten="281,210,253,256" oya="3" hai0="112,122,98,71,99,17,126,34,3,134,93,63,53" hai1="119,48,135,19,59,10,129,130,13,2,80,105,39" hai2="46,0,92,61,29,104,103,38,24,32,44,16,74" hai3="113,33,96,62,85,128,73,67,110,111,20,123,37"/><W84/><G33/><T6/><D122/><U76/><E39/><V87/><F74/><W83/><G123/><T86/><D34/><U97/><E119/><V27/><F0/><W70/><G113/><T69/><D112/><U50/><E135/><V88/><F38/><W68/><G37/><T5/><D134/><U18/><E2/><V42/><F42/><W101/><G128/><N who="1" m="49258" /><E59/><V125/><F125/><W58/><G20/><T109/><D126/><U21/><E97/><V43/><F43/><W52/><G73/><T115/><D115/><U102/><E102/><V14/><F27/><W25/><G25/><T56/><D109/><N who="3" m="41481" /><G67/><T78/><D3/><U22/><E105/><V35/><F35/><W79/><G85/><T94/><D86/><N who="1" m="48391" /><E21/><V57/><F104/><AGARI ba="0,0" hai="52,58,62,68,70,79,83,84,96,101,104" m="41481" machi="104" ten="30,12000,1" yaku="14,1,10,1,52,2,54,1" doraHai="64" who="3" fromWho="2" sc="281,0,210,0,253,-120,256,120" /><INIT seed="3,1,0,4,5,65" ten="281,210,133,376" oya="3" hai0="79,131,92,103,17,44,69,129,16,77,12,10,86" hai1="107,7,38,83,104,53,59,106,84,87,128,113,66" hai2="123,52,117,120,56,64,0,1,34,22,74,9,80" hai3="101,75,48,89,124,54,24,46,127,13,29,31,43"/><W19/><G75/><T111/><D111/><U6/><E128/><N who="0" m="49225" /><D44/><U45/><E113/><V91/><F34/><W35/><G101/><T72/><D72/><U134/><E134/><V135/><F117/><W68/><G31/><T23/><D69/><U98/><E98/><V132/><F64/><W82/><G68/><T32/><D32/><U96/><E96/><V14/><F22/><W100/><G100/><T110/><D110/><U93/><E93/><V41/><F41/><W63/><G63/><T20/><D20/><U40/><E66/><V122/><F91/><W51/><G82/><T114/><D114/><U97/><E97/><V76/><F14/><W95/><G95/><T78/><D103/><U126/><E126/><N who="3" m="48170" /><G89/><N who="0" m="53303" /><D79/><U30/><E30/><V99/><F99/><W73/><G73/><T3/><D3/><U26/><E107/><V115/><F115/><W5/><G5/><T118/><D118/><U61/><E106/><V121/><N who="2" m="30720" /><DORA hai="125" /><V71/><F71/><W105/><G105/><T37/><D37/><U67/><E7/><N who="2" m="1255" /><F1/><W4/><G4/><T27/><AGARI ba="1,0" hai="10,12,16,17,23,27,77,78" m="53303,49225" machi="27" ten="30,8000,1" yaku="19,1,52,3,54,1" doraHai="65,125" who="0" fromWho="0" sc="281,83,210,-21,133,-21,376,-41" /><INIT seed="4,0,0,1,3,71" ten="364,189,112,335" oya="0" hai0="4,64,19,49,68,32,45,69,56,47,7,16,87" hai1="124,91,0,86,77,72,101,94,20,90,40,79,35" hai2="62,5,36,82,99,117,1,103,128,23,116,34,98" hai3="11,88,18,83,37,111,131,118,3,15,121,59,21"/><T61/><D32/><U106/><E35/><V63/><F34/><W38/><G118/><N who="2" m="45673" /><F82/><W31/><G111/><T17/><D69/><U134/><E0/><V100/><F23/><W22/><G22/><T95/><D68/><U132/><E20/><V123/><F5/><W41/><G131/><T25/><D25/><U48/><E124/><V39/><F1/><W43/><G121/><T122/><D122/><U96/><E48/><V65/><F128/><W51/><G43/><N who="0" m="24767" /><D47/><U9/><E9/><V46/><F46/><W97/><G41/><T109/><D109/><U73/><E40/><V75/><F75/><N who="1" m="28745" /><E134/><V130/><F130/><W127/><G127/><T92/><D92/><N who="1" m="54359" /><E132/><V135/><F135/><W105/><G3/><T104/><D19/><U85/><AGARI ba="0,0" hai="77,79,85,91,94,96,101,106" m="54359,28745" machi="85" ten="30,8000,1" yaku="35,5" doraHai="71" who="1" fromWho="1" sc="364,-40,189,80,112,-20,335,-20" /><INIT seed="5,0,0,3,0,81" ten="324,269,92,315" oya="1" hai0="16,83,64,18,8,41,10,115,51,38,52,63,123" hai1="7,101,46,58,65,24,76,43,35,135,79,32,94" hai2="126,15,88,74,116,14,117,127,54,19,59,107,20" hai3="50,112,133,98,9,30,125,48,114,110,5,113,128"/><U11/><E135/><V73/><F107/><W39/><G133/><T69/><D115/><U42/><E32/><V27/><F73/><W86/><G110/><T13/><D123/><U100/><E35/><V71/><F71/><W49/><G128/><T118/><D118/><N who="2" m="45674" /><F74/><W121/><G121/><T67/><D67/><U0/><E24/><N who="2" m="14367" /><F59/><W104/><G125/><N who="2" m="47625" /><F54/><W109/><G109/><T132/><D132/><U108/><E108/><V3/><F3/><W17/><G39/><T60/><D60/><U25/><E58/><V122/><F122/><W91/><G104/><T62/><D62/><U61/><E61/><V34/><F88/><W12/><G98/><T70/><D70/><U129/><E65/><V55/><F55/><W53/><G53/><T26/><D38/><U80/><E46/><V22/><F34/><W124/><G124/><T44/><D41/><U31/><E42/><V21/><F21/><W47/><G47/><T57/><D69/><U89/><E43/><V102/><F102/><W119/><G119/><T68/><D68/><U36/><E36/><V28/><AGARI ba="0,0" hai="14,15,22,27,28" m="47625,14367,45674" machi="28" ten="30,4000,0" yaku="18,1,34,2" doraHai="81" who="2" fromWho="2" sc="324,-10,269,-20,92,40,315,-10" /><INIT seed="6,0,0,0,3,124" ten="314,249,132,305" oya="2" hai0="87,106,93,135,113,21,100,36,22,30,69,37,4" hai1="123,2,1,55,82,98,53,79,120,115,109,35,41" hai2="12,96,66,67,105,77,63,59,70,76,127,33,83" hai3="107,58,34,111,118,80,49,133,131,25,88,128,71"/><V116/><F127/><W56/><G118/><T94/><D87/><U23/><E109/><V18/><F116/><W10/><G111/><T31/><D100/><U103/><E35/><V19/><F33/><W5/><G107/><T85/><D85/><N who="1" m="48351" /><E41/><V51/><F18/><W65/><G133/><T91/><D91/><U110/><E23/><V92/><F105/><W52/><G71/><T15/><D4/><U112/><E110/><V40/><F83/><W86/><G25/><T13/><D106/><N who="1" m="63863" /><E53/><V122/><F122/><N who="1" m="46633" /><E55/><V121/><F121/><W54/><G34/><T62/><D62/><U74/><E74/><V102/><F67/><W95/><G65/><T64/><D64/><U14/><E14/><V57/><F70/><W7/><G80/><T130/><D69/><U44/><E44/><V8/><REACH who="2" step="1"/><F57/><REACH who="2" ten="314,249,122,305" step="2"/><W108/><G108/><T26/><D30/><U6/><E6/><V89/><F89/><W17/><G17/><T39/><D31/><U101/><E101/><V27/><F27/><W43/><G7/><T78/><D26/><U68/><E68/><V134/><F134/><W24/><G24/><T16/><D135/><U3/><AGARI ba="0,1" hai="1,2,3,112,115" m="46633,63863,48351" machi="3" ten="40,1500,0" yaku="13,1" doraHai="124" who="1" fromWho="1" sc="314,-4,249,25,122,-7,305,-4" /><INIT seed="7,0,0,3,0,96" ten="310,274,115,301" oya="3" hai0="45,84,41,32,26,39,118,99,92,69,70,115,90" hai1="112,7,57,107,38,30,61,0,36,37,54,44,27" hai2="83,108,101,6,134,130,68,3,124,28,49,89,53" hai3="23,1,20,19,52,51,4,119,95,93,88,114,2"/><W78/><G119/><T113/><D118/><U60/><E107/><V64/><F108/><W11/><G78/><T73/><D73/><U48/><E112/><N who="0" m="43081" /><D84/><U62/><E0/><V117/><F117/><W110/><G114/><T85/><D85/><U105/><E7/><V82/><F130/><W75/><G75/><T135/><D135/><U33/><REACH who="1" step="1"/><E105/><REACH who="1" ten="310,264,115,301" step="2"/><V10/><F134/><W22/><G2/><T34/><D34/><U127/><E127/><V128/><F124/><W67/><G110/><T71/><D32/><U25/><E25/><AGARI ba="0,1" hai="25,26,39,41,45,69,70,71,90,92,99" m="43081" machi="25" ten="40,2600,0" yaku="15,1,11,1" doraHai="96" who="0" fromWho="1" sc="310,36,264,-26,115,0,301,0" owari="346,44.0,238,-16.0,115,-38.0,301,10.0" /></mjloggm>