<mjloggm ver="2.3"><GO type="233" lobby="0"/><UN n0="%74%61%6B%75%61%6B%61" n1="%E4%BF%BA%E3%81%A8%E5%A6%96%E5%A4%A2" n2="%E3%81%97%E3%82%85%E3%81%B0%E3%82%8B%E3%81%A4" n3="%E3%82%A6%E3%83%AB%E3%83%88%E3%83%A9%E7%AB%8B%E7%9B%B4" dan="17,17,16,18" rate="2138.64,2102.94,2123.07,2158.72" sx="M,F,M,M"/><TAIKYOKU oya="0"/><INIT seed="0,0,0,1,1,65" ten="250,250,250,250" oya="0" hai0="35,119,56,75,129,43,16,5,93,118,80,15,0" hai1="85,7,130,74,2,134,126,23,59,17,31,38,34" hai2="53,88,54,108,107,1,116,30,100,44,51,106,86" hai3="20,120,70,60,14,69,28,89,22,91,3,12,11"/><T79/><D129/><U21/><E74/><V19/><F1/><W6/><G60/><T114/><D114/><U124/><E38/><V45/><F30/><W64/><G64/><T8/><D35/><U32/><E130/><V76/><F76/><W24/><G120/><T96/><D56/><U46/><E46/><V125/><F108/><W113/><G113/><T133/><D43/><U117/><E117/><V26/><F125/><N who="1" m="48233" /><E85/><V123/><F123/><W49/><G49/><T77/><D77/><U55/><E31/><V33/><F100/><W127/><G127/><T71/><D71/><U63/><E134/><V103/><F103/><W90/><REACH who="3" step="1"/><G22/><REACH who="3" ten="250,250,250,240" step="2"/><T111/><D133/><U110/><E110/><V102/><F51/><W48/><G48/><T104/><D111/><U47/><E21/><V50/><F50/><W84/><G84/><T121/><D121/><U18/><E47/><V92/><F45/><W25/><G25/><T9/><REACH who="0" step="1"/><D104/><REACH who="0" ten="240,250,250,240" step="2"/><U41/><E41/><V128/><F106/><W97/><G97/><T135/><D135/><U94/><E59/><V95/><F107/><W13/><AGARI ba="0,2" hai="3,6,11,12,13,14,20,24,28,69,70,89,90,91" machi="13" ten="30,7900,0" yaku="1,1,0,1,52,2,53,0" doraHai="65" doraHaiUra="81" who="3" fromWho="3" sc="240,-39,250,-20,250,-20,240,99" /><INIT seed="1,0,0,3,5,78" ten="201,230,230,339" oya="1" hai0="74,112,33,20,30,47,15,118,24,32,59,61,82" hai1="70,17,34,10,52,132,1,23,105,58,123,117,109" hai2="119,84,22,122,54,48,68,43,76,55,35,135,26" hai3="29,98,130,79,5,100,4,81,67,60,49,111,41"/><U90/><E117/><V94/><F122/><W83/><G29/><T75/><D112/><U51/><E123/><V93/><F35/><W45/><G111/><T8/><D118/><U11/><E34/><V66/><F135/><W114/><G130/><T53/><D47/><U131/><E132/><V27/><F27/><W28/><G28/><T63/><D63/><U25/><E131/><V14/><F14/><W126/><G126/><T115/><D74/><U124/><E124/><V128/><F66/><W103/><G114/><T71/><D71/><U6/><E70/><V38/><F38/><W108/><G108/><T121/><D121/><U0/><E109/><V16/><F68/><W110/><G110/><T40/><D40/><U73/><E105/><V39/><F39/><W69/><G100/><T80/><D75/><U120/><E120/><V88/><F128/><W101/><G101/><T133/><D133/><U21/><E73/><V85/><F119/><W116/><G116/><T77/><D77/><U62/><E90/><N who="2" m="53455" /><F76/><W89/><G89/><T92/><D115/><U18/><E62/><V42/><F55/><W31/><G31/><T72/><D72/><U104/><E104/><V129/><F129/><W95/><REACH who="3" step="1"/><G79/><REACH who="3" ten="201,230,230,329" step="2"/><T65/><D33/><U102/><E102/><V7/><F7/><AGARI ba="0,1" hai="4,5,7,41,45,49,60,67,69,81,83,95,98,103" machi="7" ten="40,8000,1" yaku="1,1,2,1,52,2,53,0" doraHai="78" doraHaiUra="50" who="3" fromWho="2" sc="201,0,230,0,230,-80,329,90" /><INIT seed="2,0,0,0,1,86" ten="201,230,150,419" oya="2" hai0="27,57,119,1,112,67,111,17,114,13,99,71,79" hai1="126,65,92,54,125,18,62,134,110,88,14,73,90" hai2="108,26,50,9,78,91,7,20,109,105,12,15,122" hai3="85,60,120,131,53,133,74,38,95,127,30,29,43"/><V55/><F122/><W39/><G74/><T40/><D71/><U45/><E73/><V94/><F105/><W36/><G120/><T72/><D1/><U83/><E110/><N who="2" m="42603" /><F15/><W19/><G43/><T44/><D111/><U42/><E134/><V124/><F78/><W5/><G5/><T82/><D27/><U100/><E83/><V84/><F124/><N who="1" m="47721" /><E54/><V118/><F118/><W35/><G127/><T3/><D3/><U58/><E100/><V33/><F33/><W4/><G4/><T123/><D119/><U68/><E68/><V113/><F113/><W2/><G2/><T66/><D66/><U76/><E76/><V21/><F26/><W128/><G35/><T104/><D123/><U93/><E93/><V16/><F7/><W129/><G133/><T101/><D67/><U81/><E81/><V80/><F94/><W70/><G19/><T56/><D112/><U10/><E92/><V34/><F34/><W63/><G95/><T8/><D114/><U89/><E89/><V32/><F32/><W69/><G85/><T135/><D135/><U0/><E0/><V121/><F121/><W97/><G131/><T51/><AGARI ba="0,0" hai="8,13,17,40,44,51,56,57,72,79,82,99,101,104" machi="51" ten="20,1500,0" yaku="0,1,7,1" doraHai="86" who="0" fromWho="0" sc="201,15,230,-4,150,-7,419,-4" /><INIT seed="3,0,0,1,0,132" ten="216,226,143,415" oya="3" hai0="7,43,93,112,111,126,70,12,95,103,28,120,131" hai1="39,54,44,114,64,26,13,127,121,24,46,0,58" hai2="59,118,130,82,49,6,57,133,83,32,41,35,45" hai3="85,38,17,16,9,50,119,74,1,22,69,40,37"/><W75/><G69/><T87/><D70/><U33/><E121/><V92/><F118/><W108/><G119/><T31/><D120/><U27/><E0/><V67/><F133/><W125/><G38/><T10/><D111/><U61/><E114/><V106/><F130/><W102/><G37/><T91/><D131/><U89/><E33/><V98/><F106/><W135/><G135/><T63/><D126/><U52/><E127/><V72/><F35/><W23/><G125/><T94/><D43/><U66/><E66/><V76/><F32/><W56/><G108/><T122/><D122/><U25/><E25/><V116/><F116/><W21/><G102/><T113/><D63/><U34/><E34/><V90/><F67/><W80/><G75/><T3/><D3/><U18/><E89/><V109/><F109/><W117/><G74/><T11/><D11/><N who="1" m="6463" /><E39/><V19/><F82/><W47/><G56/><T73/><D73/><U53/><AGARI ba="0,0" hai="24,26,27,44,46,52,53,54,58,61,64" m="6463" machi="53" ten="30,2000,0" yaku="8,1,54,1" doraHai="132" who="1" fromWho="1" sc="216,-5,226,20,143,-5,415,-10" /><INIT seed="4,0,0,0,2,92" ten="211,246,138,405" oya="0" hai0="33,126,111,61,28,94,32,58,122,48,102,35,26" hai1="91,106,49,93,89,68,110,27,13,50,105,124,8" hai2="1,7,95,100,120,18,12,88,25,132,67,103,71" hai3="5,135,98,47,37,54,31,69,109,64,29,116,97"/><T46/><D122/><U117/><E117/><V87/><F120/><W4/><G64/><T114/><D114/><U131/><E110/><V112/><F112/><W39/><G54/><T60/><D126/><U96/><E68/><V127/><F127/><W85/><G47/><T133/><D133/><U113/><E124/><V19/><F132/><W134/><G85/><T70/><D70/><U73/><E113/><V130/><F130/><W72/><G69/><T74/><D74/><U65/><E131/><V108/><F108/><W76/><G76/><T90/><D102/><U63/><E73/><V24/><F1/><W118/><G72/><T84/><D111/><AGARI ba="0,0" hai="4,5,29,31,37,39,97,98,109,111,116,118,134,135" machi="111" ten="25,6400,0" yaku="22,2,52,2" doraHai="92" who="3" fromWho="0" sc="211,-64,246,0,138,0,405,64" /><INIT seed="5,0,0,2,0,30" ten="147,246,138,469" oya="1" hai0="116,75,34,79,54,80,57,77,56,31,104,18,22" hai1="52,66,108,45,38,103,58,43,131,47,24,17,82" hai2="27,107,26,74,14,19,92,2,97,8,69,87,29" hai3="37,20,51,122,10,46,90,83,48,132,59,84,42"/><U6/><E131/><V13/><F74/><W11/><G122/><T49/><D104/><U39/><E6/><V93/><F69/><W96/><G132/><T134/><D116/><U114/><E103/><V133/><F133/><W88/><G20/><T113/><D134/><U44/><E82/><V16/><F2/><W40/><G37/><N who="1" m="13834" /><E17/><V124/><F124/><W125/><G125/><T112/><D77/><U55/><E24/><N who="2" m="9259" /><F107/><W72/><G72/><T62/><D34/><U25/><E25/><V135/><F135/><W73/><G73/><T33/><D33/><U0/><E0/><V61/><F61/><W15/><G15/><T78/><D78/><U76/><E76/><V86/><F29/><W111/><G83/><T36/><D31/><U85/><E85/><N who="2" m="32267" /><F97/><W117/><G84/><T91/><D75/><U32/><E32/><V127/><F127/><W41/><G96/><T110/><D79/><U109/><E43/><V53/><F53/><N who="1" m="20553" /><E114/><V67/><F67/><W60/><G41/><T21/><D113/><U68/><E68/><V118/><F118/><W50/><G117/><T65/><D112/><U9/><E9/><AGARI ba="0,0" hai="8,9,13,14,16,19,92,93" m="32267,9259" machi="9" ten="30,2000,0" yaku="8,1,54,1" doraHai="30" who="2" fromWho="1" sc="147,0,246,-20,138,20,469,0" /><INIT seed="6,0,0,2,1,98" ten="147,226,158,469" oya="2" hai0="58,106,107,112,49,85,52,69,36,105,4,44,74" hai1="73,37,67,92,30,115,17,94,129,0,104,57,45" hai2="16,63,35,2,131,82,25,77,39,33,111,110,119" hai3="27,5,43,93,41,8,127,135,26,128,100,56,55"/><V114/><F119/><W91/><G127/><T3/><D74/><U118/><E104/><V62/><F2/><W101/><G128/><T53/><D112/><U72/><E73/><V34/><F114/><W87/><G135/><T10/><D69/><U59/><E72/><V78/><F39/><W125/><G125/><T122/><D122/><U13/><E30/><V68/><F131/><W132/><G132/><T48/><D36/><U51/><E37/><V32/><F77/><W47/><G27/><T22/><D22/><U102/><E67/><V11/><F68/><W65/><G26/><T46/><D58/><U50/><E45/><V90/><F90/><W20/><G20/><T7/><D7/><U64/><E64/><V108/><N who="2" m="8192" /><DORA hai="117" /><V124/><F124/><W103/><G65/><T31/><D85/><U121/><E17/><V95/><F95/><W61/><REACH who="3" step="1"/><G47/><REACH who="3" ten="147,226,158,459" step="2"/><T99/><REACH who="0" step="1"/><D31/><REACH who="0" ten="137,226,158,459" step="2"/><U75/><E129/><V133/><F133/><W120/><G120/><T88/><D88/><U9/><E121/><V38/><F25/><W21/><G21/><T116/><D116/><U40/><E118/><V96/><F111/><W134/><G134/><T86/><D86/><U1/><E75/><N who="2" m="43359" /><F110/><W83/><G83/><T76/><D76/><U81/><E81/><V28/><F28/><W80/><G80/><T123/><D123/><U12/><E115/><V6/><F108/><W60/><G60/><T71/><D71/><U29/><E29/><V14/><F63/><W79/><G79/><T109/><D109/><U70/><E70/><V15/><F62/><W23/><G23/><RYUUKYOKU ba="0,2" sc="137,15,226,-15,158,-15,459,15" hai0="3,4,10,44,46,48,49,52,53,99,105,106,107" hai3="5,8,41,43,55,56,61,87,91,93,100,101,103" /><INIT seed="7,1,2,3,4,42" ten="152,211,143,474" oya="3" hai0="7,121,25,86,88,102,70,59,17,9,129,73,36" hai1="104,27,61,55,10,114,40,93,112,85,100,31,119" hai2="48,5,49,89,52,97,30,118,74,126,47,99,1" hai3="21,35,106,108,84,90,8,23,91,69,0,11,98"/><W45/><G35/><T20/><D70/><U67/><E119/><V78/><F118/><W72/><G72/><T71/><D71/><U96/><E40/><N who="2" m="24679" /><F74/><W92/><G69/><T117/><D121/><U26/><E55/><V50/><F1/><W54/><G108/><T44/><D117/><U124/><E124/><V79/><F126/><W13/><G0/><T116/><D116/><U58/><E10/><V15/><F30/><W51/><G106/><T32/><D73/><U66/><E66/><V76/><F89/><W65/><G65/><T111/><D111/><U123/><E123/><V24/><F24/><W135/><G135/><T53/><D32/><U2/><E2/><V115/><F115/><N who="1" m="44073" /><E31/><V16/><F5/><N who="3" m="3215" /><G11/><T134/><D134/><U113/><E113/><V77/><N who="2" m="19456" /><DORA hai="82" /><V125/><F125/><W83/><AGARI ba="1,2" hai="21,23,45,51,54,83,84,90,91,92,98" m="3215" machi="83" ten="30,6000,0" yaku="8,1,52,2" doraHai="42,82" who="3" fromWho="3" sc="152,-21,211,-21,143,-21,474,83" owari="131,-27.0,190,-1.0,122,-38.0,557,66.0" /></mjloggm>