<mjloggm ver="2.3"><GO type="169" lobby="0"/><UN n0="%E3%83%97%E3%83%AD%E3%83%86%E3%82%A4%E3%83%B3%E5%BE%97%E7%9B%9B" n1="%E9%BA%BB%E9%9B%80%E7%89%87%E6%83%B3%E3%81%84" n2="%E5%B0%B1%E6%B4%BB%E7%94%9F%40%E5%B7%9D%E6%9D%91%E8%BB%8D%E5%9B%A3" n3="%E3%83%AA%E3%82%B5%E3%81%95%E3%81%BE" dan="16,16,17,16" rate="2156.27,2165.83,2195.50,2056.16" sx="M,M,M,F"/><TAIKYOKU oya="0"/><INIT seed="0,0,0,1,2,54" ten="250,250,250,250" oya="0" hai0="25,94,87,65,79,68,88,75,63,84,16,9,85" hai1="106,67,59,118,129,30,45,126,125,51,33,132,113" hai2="42,48,41,32,119,58,122,104,20,98,109,0,115" hai3="4,23,80,128,117,71,19,44,1,78,111,131,29"/><T100/><D100/><U116/><E106/><V70/><F32/><W96/><G111/><T134/><D134/><U92/><E30/><V86/><F0/><W7/><G117/><N who="1" m="45162" /><E92/><V50/><F70/><W61/><G29/><T10/><D75/><U55/><E33/><V123/><F109/><W43/><G96/><T66/><D66/><U39/><E132/><V17/><F115/><W112/><G112/><T107/><D107/><U53/><E113/><V133/><F133/><W82/><G61/><T102/><D102/><U47/><E129/><N who="3" m="49738" /><G71/><T135/><D135/><U26/><E26/><V72/><F72/><N who="3" m="43079" /><G82/><T22/><REACH who="0" step="1"/><D79/><REACH who="0" ten="240,250,250,250" step="2"/><U12/><E67/><V69/><F104/><W57/><G1/><T121/><D121/><U90/><E90/><V11/><F119/><W49/><G57/><T108/><D108/><U81/><E59/><V31/><F58/><W110/><G110/><T37/><D37/><U34/><E39/><V120/><F69/><W76/><G76/><T73/><D73/><U114/><E114/><V24/><F120/><W8/><G8/><AGARI ba="0,1" hai="8,9,10,16,22,25,63,65,68,84,85,87,88,94" machi="8" ten="40,7700,0" yaku="1,1,54,2,53,0" doraHai="54" doraHaiUra="38" who="0" fromWho="3" sc="240,87,250,0,250,0,250,-77" /><INIT seed="0,1,0,1,0,67" ten="327,250,250,173" oya="0" hai0="11,98,124,18,88,89,80,38,3,105,9,41,66" hai1="23,78,95,51,75,52,45,22,63,37,6,17,65" hai2="15,31,64,84,36,134,32,5,72,116,68,112,81" hai3="133,127,7,77,117,29,42,70,123,34,111,39,86"/><T118/><D118/><U76/><E37/><V62/><F112/><W115/><G86/><T40/><D124/><U108/><E108/><V132/><F116/><W47/><G77/><T19/><D66/><U35/><E35/><V106/><F36/><W130/><G7/><T109/><D109/><U8/><E75/><V93/><F106/><W126/><G29/><T2/><D38/><U104/><E23/><V74/><F93/><W128/><G47/><T55/><D55/><U90/><E104/><V0/><F31/><W1/><G42/><N who="0" m="16491" /><D80/><U100/><E100/><V96/><F32/><W91/><G91/><N who="0" m="34891" /><D98/><U56/><E8/><N who="0" m="3145" /><D105/><U12/><REACH who="1" step="1"/><E6/><REACH who="1" ten="327,240,250,173" step="2"/><V119/><F5/><W121/><G127/><T28/><D28/><U122/><E122/><V46/><F74/><W53/><G123/><T33/><D33/><U114/><E114/><V58/><F72/><W25/><G53/><T92/><D92/><U82/><E82/><V120/><F119/><W99/><G99/><AGARI ba="1,1" hai="12,17,22,45,51,52,56,63,65,76,78,90,95,99" machi="99" ten="30,7700,0" yaku="1,1,7,1,8,1,54,1,53,0" doraHai="67" doraHaiUra="131" who="1" fromWho="3" sc="327,0,240,90,250,0,173,-80" /><INIT seed="1,0,0,2,0,71" ten="327,330,250,93" oya="1" hai0="78,121,20,39,86,50,21,92,58,40,7,34,80" hai1="69,81,12,47,57,130,3,14,72,127,25,54,64" hai2="96,23,88,109,82,113,119,0,117,101,115,37,112" hai3="18,36,63,135,28,19,32,79,102,114,24,67,2"/><U15/><E3/><V89/><F0/><W103/><G114/><T111/><D34/><U38/><E127/><V131/><F23/><W53/><G135/><T97/><D111/><U68/><E130/><V51/><F51/><W30/><G2/><T129/><D129/><U5/><E5/><V4/><F4/><W87/><G30/><T110/><D110/><U41/><E25/><V1/><F1/><W108/><G108/><T76/><D7/><U8/><E8/><V49/><F49/><W98/><G53/><T6/><D6/><U60/><E69/><V45/><F131/><W118/><G118/><N who="2" m="45065" /><F109/><W11/><G102/><T13/><D78/><U122/><E122/><V95/><F82/><W105/><G11/><T42/><D121/><U73/><REACH who="1" step="1"/><E81/><REACH who="1" ten="327,320,250,93" step="2"/><V43/><AGARI ba="0,1" hai="37,43,45,88,89,95,96,101,112,113,115" m="45065" machi="43" ten="40,5200,0" yaku="11,1,52,1,54,1" doraHai="71" who="2" fromWho="2" sc="327,-13,320,-26,250,62,93,-13" /><INIT seed="2,0,0,0,2,65" ten="314,294,312,80" oya="2" hai0="88,66,98,87,104,116,25,41,62,33,135,60,71" hai1="114,2,75,61,58,93,38,30,112,79,127,51,43" hai2="76,113,106,105,10,32,36,125,53,103,15,57,109" hai3="130,78,21,3,54,4,129,0,132,6,11,44,84"/><V27/><F113/><W102/><G132/><T119/><D135/><U89/><E127/><V18/><F36/><W12/><G102/><N who="0" m="62551" /><D62/><U90/><E90/><V134/><F125/><W46/><G84/><T63/><D63/><U68/><E2/><N who="3" m="554" /><G78/><T22/><D22/><U74/><E30/><V72/><F134/><W47/><G54/><T19/><D19/><U128/><E79/><V70/><F70/><W45/><N who="3" m="11264" /><DORA hai="67" /><W14/><G21/><T96/><D96/><U81/><E81/><V17/><F103/><W117/><G11/><T133/><D41/><U23/><E23/><V82/><F109/><W13/><G117/><T124/><D124/><U73/><E38/><V111/><F111/><W95/><G95/><N who="0" m="54687" /><D133/><U131/><E43/><V126/><F126/><W55/><G55/><T99/><D99/><U77/><E77/><V31/><REACH who="2" step="1"/><F17/><REACH who="2" ten="314,294,302,80" step="2"/><W100/><G100/><T37/><D37/><U69/><E112/><V80/><F80/><W108/><G108/><T120/><D120/><U9/><E114/><V24/><F24/><W48/><G48/><AGARI ba="0,1" hai="10,15,18,27,31,32,48,53,57,72,76,82,105,106" machi="48" ten="30,2900,0" yaku="1,1,7,1,53,0" doraHai="65,67" doraHaiUra="85,64" who="2" fromWho="3" sc="314,0,294,0,302,39,80,-29" /><INIT seed="2,1,0,5,1,113" ten="314,294,341,51" oya="2" hai0="38,22,44,12,7,92,116,66,117,74,67,115,100" hai1="110,65,90,130,76,105,15,132,107,61,75,127,47" hai2="17,78,33,95,83,70,45,71,19,56,81,20,36" hai3="89,11,123,102,53,28,88,10,128,118,84,39,60"/><V43/><F33/><W13/><G128/><T3/><D74/><U63/><E130/><V135/><F135/><W64/><G123/><T41/><D115/><U2/><E2/><V87/><F19/><W79/><G39/><T109/><D109/><U4/><E110/><V126/><F126/><W77/><G102/><T14/><D3/><U18/><E4/><V133/><F133/><W26/><G53/><T34/><D34/><U5/><E5/><V54/><F95/><W59/><G89/><T50/><D38/><U82/><E63/><V119/><F81/><W31/><G118/><N who="0" m="45675" /><D22/><U73/><E73/><V108/><F108/><W40/><G40/><T1/><D1/><U32/><E32/><V111/><F111/><W69/><G69/><T96/><D14/><U134/><E134/><V121/><F121/><W23/><G31/><T49/><D49/><U106/><E132/><V58/><F119/><W25/><G25/><T91/><D100/><U93/><E127/><V55/><F55/><W72/><G72/><T125/><D125/><U27/><E15/><V29/><F29/><W24/><G24/><T131/><D131/><U6/><E27/><V37/><F37/><W98/><G98/><T103/><D103/><U62/><E75/><V122/><F122/><W57/><G57/><T99/><D99/><U114/><E114/><V8/><F58/><W104/><G104/><T51/><D51/><U16/><E107/><V97/><F97/><W129/><G129/><T101/><D101/><U68/><E106/><V94/><F56/><W112/><G112/><T80/><D80/><RYUUKYOKU ba="1,0" sc="314,30,294,-10,341,-10,51,-10" hai0="7,12,41,44,50,66,67,91,92,96" /><INIT seed="3,2,0,1,0,28" ten="344,284,331,41" oya="3" hai0="7,72,119,94,3,65,73,26,31,16,69,127,43" hai1="25,66,35,123,70,62,1,115,49,17,12,129,27" hai2="21,74,95,2,45,89,103,47,124,53,133,83,100" hai3="131,76,58,98,84,9,23,107,87,57,37,67,111"/><W33/><G131/><T50/><D119/><U110/><E123/><V55/><F2/><W101/><G111/><T90/><D127/><U34/><E110/><V128/><F124/><W122/><G122/><T8/><D16/><U91/><E1/><V105/><F128/><W112/><G112/><T64/><D43/><U86/><E27/><V135/><F105/><W56/><G37/><T13/><D3/><U118/><E25/><V125/><F21/><W60/><G9/><T36/><D36/><U81/><E118/><V38/><F125/><W6/><G6/><T54/><D69/><U82/><E115/><V19/><F19/><W77/><G23/><N who="0" m="15839" /><D73/><U11/><E129/><V78/><F47/><W120/><G120/><T130/><D72/><U30/><E30/><V96/><F38/><W51/><G33/><T85/><D130/><U71/><E71/><V109/><F109/><W32/><G32/><T29/><D29/><U113/><E113/><V20/><F20/><W39/><G39/><T126/><D126/><U102/><E102/><N who="2" m="38955" /><F45/><AGARI ba="2,0" hai="7,8,13,45,50,54,64,65,85,90,94" m="15839" machi="45" ten="30,1000,0" yaku="8,1" doraHai="28" who="0" fromWho="2" sc="344,16,284,0,331,-16,41,0" /><INIT seed="4,0,0,4,3,86" ten="360,284,315,41" oya="0" hai0="77,128,92,22,78,62,26,5,111,21,41,106,94" hai1="29,46,119,66,122,40,76,88,81,95,115,65,79" hai2="48,57,35,63,116,8,7,102,112,45,72,32,38" hai3="85,36,37,14,43,34,109,30,51,15,104,59,131"/><T54/><D106/><U133/><E122/><V19/><F38/><W9/><G131/><T61/><D41/><U33/><E119/><V100/><F72/><W90/><G109/><T113/><D128/><U58/><E79/><N who="0" m="30217" /><D113/><U0/><E0/><V55/><F112/><W67/><G104/><T118/><D118/><U101/><E101/><V124/><F124/><W1/><G1/><T132/><D132/><U74/><E133/><V89/><F116/><W4/><G30/><T117/><D5/><U64/><E115/><V107/><F107/><W24/><G24/><T2/><D2/><U42/><E42/><V134/><F19/><W52/><G34/><T125/><D125/><U31/><E58/><V114/><F114/><W80/><G43/><T13/><D111/><U96/><REACH who="1" step="1"/><E33/><REACH who="1" ten="360,274,315,41" step="2"/><V25/><F35/><W3/><G3/><T39/><D117/><U75/><E75/><V50/><F32/><W70/><REACH who="3" step="1"/><G14/><REACH who="3" ten="360,274,315,31" step="2"/><T127/><D127/><U108/><E108/><V99/><F134/><W18/><G18/><T126/><D126/><U123/><E123/><V103/><F25/><W23/><G23/><T60/><D13/><U56/><E56/><V91/><F7/><W130/><G130/><T17/><D22/><U121/><E121/><V71/><F71/><W44/><G44/><T47/><D39/><AGARI ba="0,2" hai="29,31,39,40,46,64,65,66,74,76,81,88,95,96" machi="39" ten="40,5200,0" yaku="1,1,52,1,54,1,53,0" doraHai="86" doraHaiUra="83" who="1" fromWho="0" sc="360,-52,274,72,315,0,31,0" /><INIT seed="5,0,0,2,3,25" ten="308,346,315,31" oya="1" hai0="31,115,46,1,5,17,54,49,71,58,104,117,24" hai1="91,121,98,105,56,26,97,3,81,116,37,86,20" hai2="131,76,60,52,87,125,2,29,92,128,34,89,78" hai3="84,48,61,62,120,96,40,15,90,68,114,133,75"/><U70/><E70/><V13/><F2/><W126/><G90/><T103/><D71/><U44/><E3/><V57/><F125/><W99/><G84/><T63/><D117/><U119/><E121/><V55/><F55/><W64/><G48/><T107/><D115/><U69/><E69/><V14/><F14/><W39/><G15/><T7/><D17/><U135/><E135/><V124/><F13/><W43/><G61/><T132/><D132/><U134/><E134/><V74/><F124/><W130/><G43/><T28/><D103/><U108/><E108/><V100/><F100/><W112/><G96/><T109/><D109/><U127/><E127/><V22/><F22/><W111/><G99/><T102/><D102/><U11/><E11/><V82/><REACH who="2" step="1"/><F76/><REACH who="2" ten="308,346,305,31" step="2"/><W32/><G40/><N who="0" m="24775" /><D1/><U38/><E116/><V122/><F122/><W30/><G64/><T10/><D107/><U77/><E119/><V129/><F129/><W51/><G51/><T0/><D104/><U4/><E105/><V41/><F41/><W110/><G110/><T35/><D0/><U123/><E20/><V65/><F65/><W12/><G111/><T47/><D10/><U9/><E123/><V66/><F66/><W88/><G120/><T93/><D35/><U36/><E26/><AGARI ba="0,1" hai="26,29,34,52,57,60,74,78,82,87,89,92,128,131" machi="26" ten="40,5200,0" yaku="1,1,52,1,54,1,53,0" doraHai="25" doraHaiUra="94" who="2" fromWho="1" sc="308,0,346,-52,305,62,31,0" /><INIT seed="6,0,0,1,2,43" ten="308,294,367,31" oya="2" hai0="113,56,0,42,115,101,90,99,45,83,44,15,30" hai1="108,14,81,59,3,78,128,79,72,24,54,11,74" hai2="41,122,95,127,16,26,131,112,46,4,134,121,21" hai3="33,22,27,105,5,106,84,133,125,91,120,107,102"/><V32/><F127/><W96/><G125/><T77/><D0/><U109/><E128/><V86/><F131/><W124/><G133/><T17/><D30/><U85/><E3/><V47/><F134/><W55/><G124/><T94/><D56/><U40/><E24/><V67/><F112/><N who="0" m="43082" /><D42/><U58/><E58/><V104/><F104/><W65/><G120/><T63/><D63/><U12/><E12/><V80/><F32/><W48/><G65/><T39/><D101/><U68/><E68/><V38/><F67/><W52/><G5/><T93/><D93/><U50/><E40/><V62/><F62/><W118/><G118/><T116/><D39/><U10/><E10/><V6/><F47/><W92/><G33/><T70/><D70/><U60/><E60/><V114/><F114/><W35/><G35/><T13/><D116/><U123/><E123/><V49/><F38/><W73/><G73/><N who="0" m="43439" /><D15/><U19/><REACH who="1" step="1"/><E78/><REACH who="1" ten="308,284,367,31" step="2"/><V103/><F121/><W61/><G61/><T34/><D34/><U111/><AGARI ba="0,1" hai="11,14,19,50,54,59,72,74,79,81,85,108,109,111" machi="111" ten="30,7900,0" yaku="1,1,2,1,0,1,53,1" doraHai="43" doraHaiUra="7" who="1" fromWho="1" sc="308,-20,284,89,367,-39,31,-20" /><INIT seed="7,0,0,1,3,84" ten="288,373,328,11" oya="3" hai0="120,53,118,95,71,81,110,126,20,39,43,90,38" hai1="133,29,13,46,35,104,58,68,129,60,73,98,91" hai2="103,31,55,101,105,26,106,67,88,114,16,61,33" hai3="72,83,4,36,127,6,42,21,131,19,65,18,34"/><W17/><G127/><T11/><D126/><U41/><E68/><V130/><F114/><W124/><G131/><T50/><D71/><U70/><E70/><V52/><F130/><W14/><G124/><T94/><D110/><U109/><E73/><V54/><F106/><W44/><G34/><T32/><D32/><U119/><E133/><V86/><F105/><W3/><G65/><T89/><D120/><U76/><E76/><V40/><F40/><W24/><G3/><T8/><D81/><U128/><E109/><V75/><F75/><W59/><G59/><T56/><D118/><U116/><E13/><V80/><REACH who="2" step="1"/><F16/><REACH who="2" ten="288,373,318,11" step="2"/><W107/><G107/><T112/><D112/><U1/><E104/><V25/><F25/><W92/><G92/><N who="0" m="35371" /><D43/><U30/><E41/><V96/><F96/><W2/><G14/><T82/><D39/><U113/><E116/><V99/><F99/><W51/><G51/><T132/><D132/><U77/><E98/><V15/><F15/><W97/><G97/><T93/><D38/><U22/><E119/><V62/><F62/><W37/><G37/><T87/><D20/><U10/><E22/><V47/><F47/><W57/><G57/><AGARI ba="0,1" hai="26,31,33,52,54,55,57,61,67,80,86,88,101,103" machi="57" ten="40,8000,1" yaku="1,1,52,1,54,2,53,0" doraHai="84" doraHaiUra="111" who="2" fromWho="3" sc="288,0,373,0,318,90,11,-80" owari="288,-11.0,373,17.0,408,51.0,-69,-57.0" /></mjloggm>