<mjloggm ver="2.3"><GO type="169" lobby="0"/><UN n0="%E5%BC%81%E5%A4%A9" n1="%E5%B0%B1%E6%B4%BB%E7%94%9F%40%E5%B7%9D%E6%9D%91%E8%BB%8D%E5%9B%A3" n2="%E3%81%B5%E3%81%8B%E3%81%A4%E3%81%81%E3%83%BC" n3="%E3%83%9E%E3%82%A6%E3%83%AD%E3%83%BB%E3%82%B7%E3%82%A6%E3%83%90" dan="16,17,16,17" rate="2057.09,2198.72,2085.97,2172.07" sx="M,M,M,M"/><TAIKYOKU oya="0"/><INIT seed="0,0,0,5,1,43" ten="250,250,250,250" oya="0" hai0="13,135,27,52,63,20,25,0,23,61,105,68,40" hai1="70,53,7,113,66,57,28,115,112,78,39,131,96" hai2="33,37,17,18,80,73,55,86,76,95,133,2,30" hai3="35,22,50,126,41,3,44,51,4,106,31,128,21"/><T16/><D105/><U19/><E131/><V10/><F133/><W102/><G128/><T123/><D0/><U120/><E120/><V85/><F37/><W111/><G126/><T91/><D123/><U42/><E28/><V36/><F36/><W132/><G132/><T79/><D135/><U93/><E7/><V83/><F55/><W116/><G116/><T100/><D79/><U74/><E74/><V72/><F95/><W64/><G35/><T114/><D114/><U130/><E78/><V49/><F49/><W67/><G3/><T124/><D124/><U75/><E75/><V101/><F101/><W62/><G4/><T5/><D100/><U98/><E130/><V59/><F59/><W84/><G111/><T60/><D68/><U54/><E19/><V134/><F134/><W81/><G67/><T46/><D91/><U94/><E94/><V117/><F117/><W47/><G102/><T14/><D5/><U104/><E104/><V9/><F2/><W103/><G31/><N who="0" m="17831" /><D40/><U58/><E70/><V8/><F30/><W90/><G103/><T48/><AGARI ba="0,0" hai="13,14,16,23,27,46,48,52,60,61,63" m="17831" machi="48" ten="30,11700,0" yaku="8,1,52,1,54,2" doraHai="43" who="0" fromWho="0" sc="250,117,250,-39,250,-39,250,-39" /><INIT seed="0,1,0,1,1,57" ten="367,211,211,211" oya="0" hai0="28,76,105,18,3,135,32,101,7,126,98,10,15" hai1="44,60,113,69,130,51,9,116,58,46,43,16,38" hai2="97,128,26,53,99,17,72,115,133,104,45,1,117" hai3="125,102,129,64,70,12,123,78,39,6,83,86,124"/><T119/><D119/><U24/><E116/><V40/><F1/><W131/><G39/><T108/><D126/><N who="3" m="48745" /><G123/><T8/><D135/><U75/><E75/><V67/><F104/><W19/><G6/><T62/><D108/><U107/><E107/><V66/><F40/><W41/><G41/><T114/><D114/><U35/><E113/><V95/><F45/><W71/><G102/><T73/><D73/><U84/><E130/><N who="3" m="49674" /><G64/><T127/><D127/><U74/><E74/><V20/><F67/><W56/><G56/><T37/><D76/><U118/><E118/><V27/><F66/><W25/><G25/><T79/><D79/><U50/><E69/><V109/><F27/><W88/><G78/><T85/><D37/><U112/><E112/><V47/><F26/><W34/><G34/><T22/><D10/><AGARI ba="1,0" hai="10,12,19,70,71,83,86,88" m="49674,48745" machi="10" ten="30,3900,0" yaku="18,1,19,1,54,1" doraHai="57" who="3" fromWho="0" sc="367,-42,211,0,211,0,211,42" /><INIT seed="1,0,0,5,2,12" ten="325,211,211,253" oya="1" hai0="23,45,26,82,20,43,51,122,70,49,111,57,9" hai1="119,50,41,60,85,48,67,22,75,109,47,110,135" hai2="3,8,76,94,87,93,88,131,118,44,4,18,17" hai3="130,106,53,21,34,90,100,129,73,95,39,28,81"/><U121/><E75/><V132/><F118/><W58/><G34/><T24/><D70/><U54/><E119/><V69/><F69/><W105/><G39/><T42/><D111/><N who="1" m="42507" /><E85/><V55/><F76/><W77/><G28/><T63/><D122/><U15/><E15/><N who="2" m="5511" /><F131/><N who="3" m="50187" /><G21/><T1/><D82/><U99/><E99/><V11/><F3/><W133/><G100/><T79/><D79/><U116/><E22/><V6/><F132/><W10/><G10/><T74/><D74/><U38/><E116/><V98/><F6/><W30/><G30/><T19/><D1/><U128/><E128/><V68/><F68/><W134/><G134/><T61/><D9/><U16/><E135/><V125/><F125/><W72/><G72/><T83/><D83/><U62/><E121/><V84/><F11/><W25/><G25/><T66/><D63/><N who="1" m="24107" /><E67/><V37/><F37/><W7/><G133/><T40/><D51/><N who="1" m="19499" /><E54/><V104/><F104/><W29/><G105/><T35/><D35/><U92/><E92/><V103/><F87/><W89/><G106/><T107/><D107/><U32/><E32/><V114/><F94/><W86/><G53/><T5/><D5/><U124/><E124/><V13/><F93/><W33/><G33/><T65/><D65/><U108/><N who="1" m="42515" /><U56/><DORA hai="126" /><E56/><V91/><F84/><N who="3" m="52679" /><G58/><T52/><D66/><U31/><E31/><AGARI ba="0,0" hai="19,20,23,24,26,31,40,42,43,45,49,52,57,61" machi="31" ten="30,7700,0" yaku="7,1,8,1,52,1,54,1" doraHai="12,126" who="0" fromWho="1" sc="325,77,211,-77,211,0,253,0" /><INIT seed="2,0,0,3,4,59" ten="402,134,211,253" oya="2" hai0="74,128,86,118,45,124,55,95,90,100,21,32,42" hai1="71,18,73,53,40,72,131,28,7,76,75,37,27" hai2="35,127,29,38,13,88,112,56,98,62,109,19,20" hai3="78,67,9,12,17,103,122,70,87,8,4,50,83"/><V93/><F38/><W107/><G122/><T105/><D32/><U125/><E125/><V113/><F127/><W48/><G107/><T47/><D124/><U84/><E131/><V115/><F109/><W97/><G70/><T33/><D33/><U120/><E120/><V23/><F35/><W114/><G67/><T85/><D128/><U61/><E7/><V51/><F51/><W119/><G119/><T66/><D74/><U92/><E18/><V117/><F117/><W106/><G114/><T121/><D121/><U132/><E132/><V44/><F44/><W126/><G126/><T129/><D129/><U25/><E28/><V82/><F82/><W22/><REACH who="3" step="1"/><G8/><REACH who="3" ten="402,134,211,243" step="2"/><T26/><D66/><U108/><E108/><V41/><F41/><W81/><G81/><T104/><D42/><U91/><E71/><V57/><F115/><W135/><G135/><T16/><D105/><U46/><REACH who="1" step="1"/><E76/><REACH who="1" ten="402,124,211,243" step="2"/><V130/><F130/><W69/><G69/><T99/><D118/><U52/><E52/><V110/><F110/><W102/><G102/><T34/><D55/><U14/><E14/><AGARI ba="0,2" hai="4,9,12,14,17,22,48,50,78,83,87,97,103,106" machi="14" ten="30,3900,0" yaku="1,1,7,1,53,1" doraHai="59" doraHaiUra="96" who="3" fromWho="1" sc="402,0,124,-39,211,0,243,59" /><INIT seed="3,0,0,4,4,54" ten="402,85,211,302" oya="3" hai0="98,24,29,47,31,123,102,3,21,117,39,127,77" hai1="13,23,14,92,12,52,2,46,119,80,6,53,84" hai2="48,45,116,108,129,113,121,86,118,126,34,109,57" hai3="0,9,22,44,105,65,90,8,120,66,71,55,106"/><W94/><G120/><T85/><D123/><U40/><E119/><N who="2" m="45611" /><F34/><W96/><G106/><T62/><D117/><U124/><E124/><V42/><F86/><W104/><G104/><T61/><D127/><U58/><E92/><V81/><F81/><W67/><G105/><T130/><D3/><U87/><E23/><V101/><F101/><W99/><G71/><T32/><D130/><U97/><E97/><V11/><F11/><W33/><G33/><T60/><D32/><U95/><E95/><V68/><F126/><W4/><G8/><T115/><D115/><U103/><E103/><V83/><F83/><W134/><G134/><T15/><D47/><U20/><E2/><V82/><F82/><W25/><G99/><T64/><D39/><U88/><E84/><V30/><F30/><W89/><G44/><T49/><D49/><N who="1" m="26823" /><E53/><N who="2" m="31911" /><F121/><W18/><G55/><T26/><D15/><U75/><E75/><V5/><F5/><W93/><G93/><N who="0" m="58703" /><D85/><U43/><E43/><V51/><F68/><W17/><G90/><T73/><D73/><U69/><E69/><V19/><F19/><W78/><G17/><T135/><D77/><U59/><E20/><V35/><F35/><W70/><G70/><T41/><D41/><U91/><E91/><V63/><F113/><W38/><G78/><T112/><D112/><U132/><E132/><V16/><F16/><W128/><G38/><T100/><D135/><U37/><E6/><V1/><F1/><W7/><G4/><T131/><D100/><U125/><E37/><V28/><F42/><W74/><G74/><T110/><D21/><RYUUKYOKU ba="0,0" sc="402,-10,85,-10,211,-10,302,30" hai3="0,7,9,18,22,25,65,66,67,89,94,96,128" /><INIT seed="3,1,0,3,0,21" ten="392,75,201,332" oya="3" hai0="81,124,26,25,113,38,58,71,67,94,42,47,86" hai1="114,89,102,79,0,80,119,92,91,95,133,110,104" hai2="23,39,34,59,13,29,85,88,4,105,31,18,5" hai3="101,52,16,32,27,128,117,41,111,98,96,75,22"/><W135/><G117/><T131/><D71/><U15/><E0/><V76/><F105/><W125/><G75/><T7/><D124/><U78/><E15/><V116/><F116/><W82/><G125/><T46/><D131/><U11/><E11/><V74/><F39/><W17/><G32/><T118/><D118/><U120/><E119/><V20/><F34/><W14/><G128/><T57/><D7/><N who="2" m="2634" /><F74/><W50/><G135/><T123/><D123/><U134/><E120/><V129/><F76/><N who="1" m="29225" /><E114/><V2/><F2/><W115/><G115/><T10/><D10/><U90/><E110/><V48/><F23/><N who="3" m="11671" /><G111/><T93/><D113/><U33/><E33/><V28/><F129/><W72/><G72/><T60/><D47/><U62/><E62/><V1/><F1/><W68/><G68/><T43/><D43/><U19/><E19/><V56/><F48/><W12/><G82/><AGARI ba="1,0" hai="13,18,20,28,29,31,56,59,82,85,88" m="2634" machi="82" ten="30,2000,0" yaku="8,1,54,1" doraHai="21" who="2" fromWho="3" sc="392,0,75,0,201,23,332,-23" /><INIT seed="4,0,0,0,1,39" ten="392,75,224,309" oya="0" hai0="99,117,44,90,51,104,61,27,105,122,124,96,46" hai1="42,69,10,133,88,75,132,103,128,118,5,59,121" hai2="57,66,93,131,13,98,33,115,109,126,123,63,29" hai3="22,101,35,85,36,47,52,28,24,112,125,92,114"/><T74/><D122/><U32/><E69/><V120/><F109/><W15/><G125/><T72/><D117/><U77/><E118/><V64/><F126/><W2/><G2/><T40/><D124/><U67/><E121/><V8/><F131/><W21/><G15/><T0/><D0/><U60/><E128/><V14/><F14/><W97/><G85/><T89/><D51/><U54/><E103/><V45/><F115/><N who="3" m="44075" /><G36/><T79/><D27/><U86/><E32/><V11/><F11/><W94/><G94/><T3/><D3/><U23/><E23/><V9/><F9/><W135/><G135/><T84/><D84/><U38/><E77/><V62/><F45/><W107/><G107/><T34/><D61/><U19/><E75/><V81/><F81/><W119/><G119/><T82/><D82/><U68/><E19/><V110/><F110/><W20/><G47/><T26/><D26/><U116/><E116/><V6/><F29/><W1/><G1/><T31/><D31/><U17/><E17/><V95/><F33/><W127/><G127/><T18/><D18/><U87/><E10/><V91/><REACH who="2" step="1"/><F95/><REACH who="2" ten="392,75,214,309" step="2"/><W129/><G129/><T113/><D113/><U83/><E5/><V111/><F111/><W37/><G35/><T49/><D34/><U53/><E86/><V65/><F65/><W16/><G28/><T43/><D49/><N who="1" m="31151" /><E54/><V7/><F7/><W134/><G37/><T48/><D48/><U76/><E76/><AGARI ba="0,1" hai="40,43,44,46,72,74,76,79,89,90,96,99,104,105" machi="76" ten="25,9600,0" yaku="22,2,52,2" doraHai="39" who="0" fromWho="1" sc="392,106,75,-96,214,0,309,0" owari="498,60.0,-21,-52.0,214,-19.0,309,11.0" /></mjloggm>