<mjloggm ver="2.3"><GO type="169" lobby="0"/><UN n0="%E6%B2%96%EF%BC%92%EF%BC%99" n1="%E5%B0%B1%E6%B4%BB%E7%94%9F%40%E5%B7%9D%E6%9D%91%E8%BB%8D%E5%9B%A3" n2="%E7%B4%94%EF%BC%93%E9%BE%8D%E9%96%80" n3="%E3%83%84%E3%83%AC%E3%82%AA" dan="17,17,17,17" rate="2188.58,2189.16,2128.84,2158.15" sx="M,M,F,M"/><TAIKYOKU oya="0"/><INIT seed="0,0,0,5,4,2" ten="250,250,250,250" oya="0" hai0="68,117,63,110,9,124,135,3,82,61,64,95,23" hai1="67,7,79,43,89,33,18,86,121,34,45,59,81" hai2="92,17,37,42,26,47,125,77,40,103,128,29,53" hai3="85,127,115,75,66,87,84,5,62,93,105,129,16"/><T111/><D117/><U0/><E121/><V96/><F128/><W41/><G105/><T122/><D122/><U30/><E18/><V102/><F125/><W46/><G75/><T114/><D114/><U56/><E30/><V31/><F77/><W44/><G115/><T71/><D124/><U32/><E67/><V90/><F42/><W1/><G127/><T112/><D112/><U130/><E130/><V73/><F73/><W27/><G129/><T19/><D95/><U83/><E83/><V49/><F17/><W36/><G46/><T13/><D82/><U8/><REACH who="1" step="1"/><E89/><REACH who="1" ten="250,240,250,250" step="2"/><V74/><F31/><W113/><G113/><T134/><D71/><U109/><E109/><N who="0" m="41481" /><D63/><U65/><E65/><V20/><REACH who="2" step="1"/><F74/><REACH who="2" ten="250,240,240,250" step="2"/><W131/><G131/><T6/><AGARI ba="0,2" hai="3,6,9,13,19,23,61,64,68,134,135" m="41481" machi="6" ten="30,6000,0" yaku="14,1,10,1,52,1" doraHai="2" who="0" fromWho="0" sc="250,80,240,-20,240,-20,250,-20" /><INIT seed="0,1,0,4,2,126" ten="330,220,220,230" oya="0" hai0="41,20,52,128,83,73,113,100,82,107,110,7,133" hai1="86,24,134,132,96,56,43,42,32,26,118,55,8" hai2="129,46,68,135,70,45,117,61,102,34,60,89,33" hai3="81,119,0,23,15,103,54,47,38,93,80,125,65"/><T6/><D113/><U53/><E96/><V17/><F102/><W59/><G0/><T16/><D41/><N who="1" m="15371" /><E32/><V101/><F101/><W37/><G38/><T13/><D133/><N who="1" m="51307" /><E8/><V69/><F135/><W127/><G37/><T87/><D107/><U115/><E86/><V78/><F78/><W36/><G36/><T22/><D100/><U92/><E92/><V74/><F74/><W11/><G47/><T9/><D73/><U106/><E106/><V105/><F105/><W124/><G65/><T50/><D110/><U27/><E56/><V57/><F117/><W130/><G23/><N who="0" m="8747" /><D128/><U120/><E120/><V31/><F129/><W39/><G130/><T79/><D83/><U63/><E63/><V94/><F61/><N who="3" m="36087" /><G39/><T66/><D66/><U21/><E21/><V1/><F34/><W35/><G35/><T12/><D12/><U76/><E118/><V51/><F1/><W121/><G121/><T62/><D62/><U18/><E18/><V84/><F17/><N who="3" m="8447" /><G119/><T19/><D19/><U40/><E40/><V4/><F4/><W28/><G28/><T58/><AGARI ba="1,0" hai="6,7,9,13,16,50,52,58,79,82,87" m="8747" machi="58" ten="30,6000,0" yaku="8,1,54,2" doraHai="126" who="0" fromWho="0" sc="330,63,220,-21,220,-21,230,-21" /><INIT seed="0,2,0,2,4,18" ten="393,199,199,209" oya="0" hai0="62,22,119,109,94,88,1,89,117,102,87,31,24" hai1="90,71,69,11,80,85,125,133,63,23,108,76,118" hai2="115,131,126,58,59,113,29,82,124,123,46,19,57" hai3="67,74,105,14,44,83,104,37,92,51,128,127,66"/><T111/><D1/><U21/><E118/><V7/><F7/><W101/><G37/><T98/><D62/><U16/><E125/><N who="2" m="48235" /><F29/><W73/><G127/><T2/><D2/><U77/><E133/><V4/><F4/><W110/><G104/><T34/><D34/><U3/><E108/><N who="0" m="41545" /><D89/><U0/><E69/><V8/><F82/><AGARI ba="2,0" hai="22,24,31,82,87,88,94,98,102,117,119" m="41545" machi="82" ten="30,11600,0" yaku="14,1,10,1,52,1,54,1" doraHai="18" who="0" fromWho="2" sc="393,122,199,0,199,-122,209,0" /><INIT seed="0,3,0,1,4,26" ten="515,199,77,209" oya="0" hai0="33,35,63,129,113,68,67,36,5,38,74,106,93" hai1="16,75,70,45,61,44,50,130,121,22,40,126,0" hai2="47,85,100,127,18,131,114,80,1,13,91,60,69" hai3="128,95,86,122,118,82,92,88,77,52,94,12,25"/><T53/><D106/><U4/><E121/><V31/><F114/><W43/><G118/><T7/><D113/><U108/><E75/><V97/><F1/><W39/><G122/><T51/><D74/><U102/><E126/><V72/><F127/><W28/><G128/><T101/><D129/><U76/><E130/><V59/><F131/><W54/><G12/><T116/><D116/><U134/><E108/><V83/><F69/><W14/><G14/><T49/><D101/><U30/><E134/><V64/><F47/><W29/><G29/><T112/><D93/><U117/><E117/><V90/><F72/><W24/><G24/><T125/><D125/><U84/><E102/><V103/><F31/><W6/><G6/><T20/><D20/><U98/><E98/><V79/><F80/><W2/><G2/><T87/><D87/><U37/><E30/><V17/><F103/><W10/><G10/><T71/><D63/><U42/><E61/><V55/><F64/><W89/><G43/><T104/><D104/><U111/><E70/><V109/><F109/><W48/><G39/><T99/><D99/><U133/><E133/><V123/><F123/><W124/><G124/><T78/><D78/><U34/><E34/><V132/><F132/><W3/><G3/><T8/><D8/><U11/><E111/><V19/><REACH who="2" step="1"/><F13/><REACH who="2" ten="515,199,67,209" step="2"/><W107/><G107/><AGARI ba="3,1" hai="17,18,19,55,59,60,79,83,85,90,91,97,100,107" machi="107" ten="40,2600,0" yaku="1,1,2,1,53,0" doraHai="26" doraHaiUra="23" who="2" fromWho="3" sc="515,0,199,0,67,45,209,-35" /><INIT seed="1,0,0,1,3,9" ten="515,199,112,174" oya="1" hai0="102,123,81,111,51,6,33,100,36,48,28,106,78" hai1="76,71,49,110,120,42,98,27,2,121,43,101,19" hai2="32,3,34,77,88,133,96,131,87,109,130,13,95" hai3="92,107,10,62,63,57,129,75,70,44,46,68,11"/><U40/><E2/><V21/><F3/><W117/><G107/><T125/><D36/><U83/><E71/><V17/><F109/><W37/><G75/><T73/><D111/><U30/><E110/><V61/><F133/><W23/><G129/><N who="2" m="49161" /><F61/><W24/><G117/><T122/><D125/><U67/><E67/><V124/><F124/><W97/><G68/><T114/><D114/><U82/><E49/><N who="0" m="19017" /><D6/><U0/><E0/><V65/><F65/><W86/><G70/><T127/><D106/><U56/><E56/><V113/><F113/><W29/><G86/><T55/><D55/><U104/><E82/><AGARI ba="0,0" hai="13,17,21,32,34,77,82,87,88,95,96" m="49161" machi="82" ten="30,3900,0" yaku="19,1,52,1,54,1" doraHai="9" who="2" fromWho="1" sc="515,0,199,-39,112,39,174,0" /><INIT seed="2,0,0,1,0,50" ten="515,160,151,174" oya="2" hai0="33,61,58,95,102,9,89,49,51,13,82,48,67" hai1="2,105,91,3,54,80,70,18,63,88,84,1,77" hai2="115,35,130,7,135,111,53,0,55,75,79,119,99" hai3="94,36,43,25,19,6,26,29,126,57,83,16,116"/><V104/><RYUUKYOKU type="yao9" ba="0,0" sc="515,0,160,0,151,0,174,0" hai2="0,7,35,53,55,75,79,99,104,111,115,119,130,135" /><INIT seed="2,1,0,0,1,129" ten="515,160,151,174" oya="2" hai0="10,58,108,132,65,118,17,100,97,1,84,13,70" hai1="115,83,47,0,88,54,125,5,46,34,45,80,105" hai2="128,2,99,133,122,106,110,95,124,52,92,55,25" hai3="94,4,26,131,77,119,27,3,29,22,61,62,71"/><V39/><F122/><W21/><G131/><T104/><D70/><U6/><E115/><V60/><F128/><W12/><G119/><T49/><D118/><U44/><E105/><V18/><F39/><W14/><G77/><T33/><D33/><U116/><E116/><V50/><F2/><W120/><G120/><T20/><D108/><U73/><E34/><V130/><F130/><W90/><G3/><T43/><D84/><U37/><E125/><V35/><F124/><W51/><G51/><T87/><D87/><U127/><E127/><V135/><F110/><W123/><G123/><T89/><D89/><U63/><E37/><V103/><F60/><W91/><G71/><T11/><D65/><U68/><E0/><V41/><F41/><W36/><G36/><T66/><D66/><U16/><E68/><V30/><F18/><W19/><G4/><T82/><D82/><U28/><E28/><V86/><F55/><W107/><G107/><T56/><D1/><U24/><E73/><V57/><REACH who="2" step="1"/><F86/><REACH who="2" ten="515,160,141,174" step="2"/><W96/><G61/><T126/><D43/><U23/><E63/><V109/><F109/><W113/><G113/><T75/><D126/><U78/><E54/><V72/><F72/><W48/><G62/><T15/><D75/><U81/><E78/><V85/><F85/><N who="3" m="52559" /><G48/><T7/><D49/><U42/><E42/><V111/><F111/><W101/><G19/><T40/><D40/><U9/><N who="1" m="11776" /><DORA hai="121" /><U114/><E114/><V64/><F64/><W74/><G74/><T102/><D17/><U67/><E67/><V8/><F8/><W117/><G117/><RYUUKYOKU ba="1,1" sc="515,-10,160,-10,141,30,174,-10" hai2="25,30,35,50,52,57,92,95,99,103,106,133,135" /><INIT seed="2,2,1,1,1,10" ten="505,150,171,164" oya="2" hai0="110,75,58,16,122,48,14,51,13,31,61,24,131" hai1="120,108,130,94,56,30,8,113,101,23,52,117,4" hai2="85,12,69,29,70,20,95,104,73,88,127,135,36" hai3="1,65,33,9,0,119,39,55,80,62,82,92,2"/><V45/><F135/><W78/><G119/><T81/><D122/><U66/><E117/><V91/><F104/><W106/><G106/><T100/><D110/><U42/><E113/><V38/><F73/><W21/><G33/><T128/><D100/><U109/><E120/><V26/><F127/><W22/><G39/><T17/><D75/><U107/><E107/><V111/><F111/><N who="1" m="42569" /><E42/><V57/><F57/><W49/><G92/><T102/><D102/><U133/><E130/><N who="0" m="49705" /><D81/><U76/><E76/><V98/><F12/><N who="0" m="4714" /><D51/><N who="1" m="30751" /><E66/><V32/><F32/><W93/><G82/><T11/><D48/><U129/><E129/><V18/><F29/><W47/><G9/><T54/><D11/><U43/><E8/><V134/><F134/><W71/><REACH who="3" step="1"/><G93/><REACH who="3" ten="505,150,171,154" step="2"/><T7/><D7/><U103/><E4/><V34/><F34/><AGARI ba="2,2" hai="16,17,24,31,34,54,58,61" m="4714,49705" machi="34" ten="30,8000,1" yaku="19,1,52,3,54,1" doraHai="10" who="0" fromWho="2" sc="505,106,150,0,171,-86,154,0" /><INIT seed="3,0,0,1,4,22" ten="611,150,85,154" oya="3" hai0="75,127,49,60,92,15,26,9,10,81,130,25,34" hai1="101,5,90,113,132,14,54,42,103,33,8,58,93" hai2="18,43,102,134,21,48,38,35,91,86,73,16,55" hai3="94,41,29,84,31,124,32,3,36,89,99,52,66"/><W95/><G124/><T17/><D130/><U7/><E113/><V2/><F35/><W88/><G3/><T74/><D127/><U0/><E132/><V97/><F2/><W107/><G107/><T71/><D34/><U85/><E33/><V114/><F114/><W56/><G66/><T12/><D92/><U131/><E131/><V108/><F73/><W63/><REACH who="3" step="1"/><G32/><REACH who="3" ten="611,150,85,144" step="2"/><T51/><D71/><U123/><E123/><V87/><F134/><W6/><G6/><T70/><D70/><U109/><E109/><V110/><F108/><W128/><G128/><T44/><D75/><U125/><E125/><V112/><F110/><W126/><G126/><T47/><D74/><U39/><E5/><V115/><F112/><W40/><G40/><T45/><D81/><U64/><E0/><V98/><F115/><W67/><G67/><T121/><D121/><U96/><E64/><V46/><F43/><W23/><G23/><T82/><D82/><U129/><E129/><V13/><F55/><W59/><G59/><T65/><D65/><U100/><E42/><V79/><F21/><W83/><G83/><T19/><D47/><AGARI ba="0,1" hai="29,31,36,41,47,52,56,63,84,88,89,94,95,99" machi="47" ten="40,7700,0" yaku="1,1,54,2,53,0" doraHai="22" doraHaiUra="105" who="3" fromWho="0" sc="611,-77,150,0,85,0,144,87" /><INIT seed="3,1,0,5,4,12" ten="534,150,85,231" oya="3" hai0="124,1,76,0,46,92,20,58,74,56,126,116,38" hai1="77,64,11,89,84,121,35,17,91,10,103,82,94" hai2="62,128,119,117,86,73,118,68,95,69,59,49,24" hai3="106,48,120,9,72,75,5,14,107,125,43,25,57"/><W27/><G120/><T115/><D116/><U97/><E35/><V65/><F73/><W99/><G125/><N who="0" m="48235" /><D115/><U113/><E113/><V112/><F112/><W79/><G72/><T87/><D74/><U2/><E121/><V45/><F24/><W39/><G39/><T78/><D20/><U30/><E30/><V41/><F86/><W114/><G114/><T22/><D22/><U4/><E64/><V81/><F81/><W102/><G107/><T134/><D134/><U31/><E31/><V3/><F3/><N who="0" m="1098" /><D92/><U34/><E34/><V55/><F95/><W83/><G43/><N who="0" m="22903" /><D87/><U7/><E7/><V130/><REACH who="2" step="1"/><F69/><REACH who="2" ten="534,150,75,231" step="2"/><W135/><G135/><T85/><D85/><U104/><E104/><V33/><F33/><W51/><G27/><T26/><D26/><U122/><E122/><V129/><F129/><W50/><REACH who="3" step="1"/><G25/><REACH who="3" ten="534,150,75,221" step="2"/><T44/><D78/><U15/><AGARI ba="1,2" hai="2,4,10,11,15,17,77,82,84,89,91,94,97,103" machi="15" ten="30,2000,0" yaku="0,1,52,1" doraHai="12" who="1" fromWho="1" sc="534,-6,150,43,75,-6,221,-11" /><INIT seed="4,0,0,2,4,107" ten="528,193,69,210" oya="0" hai0="121,53,117,95,98,26,102,106,70,55,115,82,133" hai1="80,60,50,75,112,29,113,100,69,76,66,41,37" hai2="44,11,104,38,78,96,126,36,120,110,71,108,73" hai3="81,1,111,25,45,84,0,92,61,16,94,24,74"/><T13/><D121/><U77/><E77/><V103/><F120/><W8/><G111/><T39/><D39/><U35/><E100/><V109/><F126/><W93/><G61/><T10/><D70/><U90/><E90/><V46/><F46/><W87/><G45/><T123/><D123/><U89/><E89/><V85/><F44/><W34/><G25/><T127/><D117/><U49/><E37/><V65/><F85/><W125/><G125/><T62/><D127/><U31/><E41/><V40/><F11/><W99/><G99/><T135/><D115/><N who="1" m="44107" /><E35/><V58/><F58/><W88/><G84/><T28/><D106/><U32/><E32/><V105/><F40/><W19/><G74/><T18/><D82/><U64/><E64/><V3/><F3/><W118/><G118/><T23/><REACH who="0" step="1"/><D62/><REACH who="0" ten="518,193,69,210" step="2"/><U97/><E97/><V51/><F105/><W83/><G81/><T122/><D122/><U124/><E124/><V79/><F51/><AGARI ba="0,1" hai="29,31,49,50,51,60,66,69,75,76,80" m="44107" machi="51" ten="30,3900,0" yaku="15,1,11,1,52,1" doraHai="107" who="1" fromWho="2" sc="518,0,193,49,69,-39,210,0" /><INIT seed="5,0,0,1,4,5" ten="518,242,30,210" oya="1" hai0="131,23,128,28,32,88,16,30,15,79,20,113,37" hai1="9,0,114,100,26,10,58,120,103,116,57,43,73" hai2="22,130,94,34,40,133,117,63,42,76,48,98,105" hai3="109,67,77,95,119,19,52,93,64,11,47,78,17"/><U29/><E73/><V135/><F34/><W74/><G109/><T56/><D37/><U25/><E116/><V44/><F105/><W126/><G119/><T104/><D104/><U85/><E120/><V13/><F117/><W87/><G74/><T112/><D79/><U3/><E85/><V59/><F130/><N who="0" m="49706" /><D56/><U96/><E96/><V38/><F76/><N who="3" m="29291" /><G126/><T8/><D88/><U127/><E43/><V60/><F22/><N who="0" m="8234" /><D32/><U72/><E72/><V134/><F13/><N who="3" m="7359" /><G19/><T18/><D18/><U111/><E111/><V82/><F82/><W61/><G87/><T31/><AGARI ba="0,0" hai="8,15,16,28,30,31,112,113" m="8234,49706" machi="31" ten="40,8000,1" yaku="19,1,34,2,52,1,54,1" doraHai="5" who="0" fromWho="0" sc="518,80,242,-40,30,-20,210,-20" /><INIT seed="6,0,0,1,1,86" ten="598,202,10,190" oya="2" hai0="96,41,59,110,60,124,30,90,68,28,37,64,4" hai1="119,6,47,115,5,43,56,50,125,102,52,83,49" hai2="98,67,65,12,1,3,19,11,101,29,106,112,131" hai3="36,93,92,45,95,91,100,27,135,94,127,78,16"/><V117/><F117/><W24/><G100/><T23/><D110/><U80/><E119/><V122/><F122/><W108/><G108/><T133/><D133/><U85/><E115/><V8/><F112/><W35/><G78/><T2/><D124/><U75/><E125/><V109/><F109/><W84/><G127/><T42/><D68/><U55/><E102/><V44/><F131/><W40/><G135/><T39/><D39/><U21/><E75/><V48/><F29/><W116/><G116/><T38/><D38/><U134/><E134/><V22/><F8/><W26/><REACH who="3" step="1"/><G35/><REACH who="3" ten="598,202,10,180" step="2"/><T32/><D32/><U10/><E10/><V76/><F76/><W33/><G33/><T97/><D23/><AGARI ba="0,1" hai="16,23,24,26,27,36,40,45,84,91,92,93,94,95" machi="23" ten="40,8000,1" yaku="1,1,52,1,54,1,53,1" doraHai="86" doraHaiUra="69" who="3" fromWho="0" sc="598,-80,202,0,10,0,180,90" /><INIT seed="7,0,0,5,1,40" ten="518,202,10,270" oya="3" hai0="116,107,94,91,69,35,28,23,118,79,26,96,58" hai1="49,127,105,45,52,80,133,1,121,126,68,54,16" hai2="131,59,119,97,115,44,30,21,5,60,120,56,104" hai3="42,130,18,22,92,24,17,78,25,76,46,20,65"/><W101/><G130/><T70/><D107/><U48/><E1/><V47/><F5/><W8/><G65/><T113/><D113/><U88/><E105/><V34/><F21/><W108/><G108/><T123/><D123/><U128/><E68/><V19/><F19/><W82/><G8/><T10/><D35/><U62/><E128/><V50/><F30/><W32/><G32/><T114/><D114/><U134/><E121/><V124/><F97/><W135/><G135/><N who="1" m="51722" /><E62/><V112/><F34/><W27/><G27/><T90/><D79/><U75/><E16/><V12/><F12/><W81/><G92/><T132/><D91/><U109/><E109/><V86/><F86/><W29/><G101/><T51/><D58/><N who="1" m="33031" /><E75/><V100/><F100/><W98/><G98/><T38/><D51/><U122/><E122/><V87/><F87/><AGARI ba="0,0" hai="45,49,54,80,87,88,126,127" m="33031,51722" machi="87" ten="30,7700,0" yaku="20,1,52,1,54,2" doraHai="40" who="1" fromWho="2" sc="518,0,202,77,10,-77,270,0" owari="518,62.0,279,8.0,-67,-57.0,270,-13.0" /></mjloggm>