<mjloggm ver="2.3"><GO type="169" lobby="0"/><UN n0="%3E%5F%30%40%E6%9D%8F%E6%9D%8F%E8%BB%8D%E5%9C%98" n1="%E3%82%A6%E3%83%AB%E3%83%88%E3%83%A9%E7%AB%8B%E7%9B%B4" n2="%43%69%6E%65%63%75%73%73" n3="%E4%B8%80%E9%96%83%E3%81%95%E3%82%93" dan="16,18,17,16" rate="2120.86,2199.99,2164.92,2053.31" sx="F,M,M,M"/><TAIKYOKU oya="0"/><INIT seed="0,0,0,2,2,118" ten="250,250,250,250" oya="0" hai0="103,111,7,13,18,80,19,58,31,54,9,16,87" hai1="29,123,3,42,73,101,62,26,71,6,23,96,135" hai2="105,82,112,36,91,109,110,33,50,25,107,68,125" hai3="85,2,72,83,106,61,32,117,116,65,102,24,114"/><T133/><D133/><U49/><E73/><V12/><F36/><W4/><G114/><T44/><D111/><N who="2" m="42506" /><F68/><W10/><G85/><T34/><D103/><U37/><E49/><V134/><F125/><W99/><G72/><T38/><D38/><U45/><E135/><V113/><F134/><W28/><REACH who="3" step="1"/><G83/><REACH who="3" ten="250,250,250,240" step="2"/><T60/><D80/><U56/><E96/><V63/><F82/><W11/><G11/><T20/><D87/><U8/><E71/><AGARI ba="0,1" hai="2,4,10,24,28,32,61,65,71,99,102,106,116,117" machi="71" ten="30,12000,2" yaku="1,1,7,1,25,2,23,2,53,0" doraHai="118" doraHaiUra="90" who="3" fromWho="1" sc="250,0,250,-120,250,0,240,130" /><INIT seed="1,0,0,3,4,126" ten="250,130,250,370" oya="1" hai0="20,42,73,19,11,76,113,28,56,40,96,31,68" hai1="12,67,51,34,78,60,101,87,54,106,69,83,99" hai2="93,92,53,118,24,46,127,79,82,59,133,115,27" hai3="84,33,104,124,117,114,21,25,52,111,97,36,100"/><U102/><E102/><V103/><F118/><W119/><G33/><T81/><D68/><U62/><E34/><V26/><F127/><W44/><G114/><T8/><D113/><U89/><E62/><V107/><F115/><W128/><G124/><T95/><D56/><U122/><E122/><V88/><F133/><W131/><G111/><T58/><D58/><U32/><E32/><V105/><F46/><W22/><G84/><T123/><D123/><U6/><E12/><V0/><F0/><W65/><G65/><T85/><D73/><U77/><REACH who="1" step="1"/><E6/><REACH who="1" ten="250,120,250,370" step="2"/><V109/><F103/><W74/><G117/><T80/><D11/><U15/><E15/><V16/><F27/><W132/><G119/><T3/><D8/><U39/><E39/><V71/><F26/><W86/><G36/><T5/><D5/><U9/><E9/><V91/><F24/><W38/><G38/><T120/><D120/><U134/><E134/><V14/><F14/><W125/><G132/><T7/><D7/><U49/><E49/><V129/><F107/><W18/><G125/><T37/><D37/><U72/><E72/><V108/><F105/><W1/><G74/><T2/><D3/><U48/><E48/><V45/><F108/><W112/><G1/><T4/><D2/><U64/><E64/><V70/><F109/><W29/><G112/><T110/><D4/><U94/><E94/><V43/><F92/><W57/><G104/><T75/><D110/><U63/><E63/><V135/><F93/><W30/><G100/><N who="0" m="60447" /><D75/><U130/><E130/><V10/><F129/><W116/><G128/><RYUUKYOKU ba="0,1" sc="250,-10,120,30,250,-10,370,-10" hai1="51,54,60,67,69,77,78,83,87,89,99,101,106" /><INIT seed="1,1,1,3,3,55" ten="240,150,240,360" oya="1" hai0="82,13,135,66,53,113,92,122,97,76,133,37,65" hai1="47,9,74,15,115,2,108,100,17,132,49,120,111" hai2="56,25,23,54,114,106,33,127,99,18,84,112,102" hai3="124,75,73,85,43,26,1,104,6,119,38,91,117"/><U29/><E120/><V61/><F127/><W87/><G104/><T103/><D122/><U128/><E115/><V27/><F84/><W89/><G124/><T130/><D113/><N who="2" m="43626" /><F33/><W8/><G26/><AGARI ba="1,1" hai="18,23,25,26,27,54,56,61,99,102,106" m="43626" machi="26" ten="30,2000,0" yaku="11,1,52,1" doraHai="55" who="2" fromWho="3" sc="240,0,150,0,240,33,360,-23" /><INIT seed="2,0,0,2,5,21" ten="240,150,273,337" oya="2" hai0="43,99,9,17,124,96,56,110,30,81,5,18,135" hai1="58,65,47,31,44,14,28,100,114,115,67,102,12" hai2="83,45,34,113,20,71,39,19,103,76,131,24,3" hai3="59,8,60,7,46,121,15,26,133,101,89,73,106"/><V48/><F71/><W68/><G121/><T109/><D124/><U69/><REACH who="1" step="1"/><E58/><REACH who="1" ten="240,140,273,337" step="2"/><V40/><F113/><W97/><G68/><AGARI ba="0,1" hai="12,14,28,31,44,47,65,67,68,69,100,102,114,115" machi="68" ten="25,8000,1" yaku="21,2,2,1,22,2,53,0" doraHai="21" doraHaiUra="0" who="1" fromWho="3" sc="240,0,140,90,273,0,337,-80" /><INIT seed="3,0,0,3,4,71" ten="240,230,273,257" oya="3" hai0="9,4,28,119,74,76,51,31,5,104,49,116,92" hai1="17,12,11,29,101,69,94,14,83,95,54,112,128" hai2="88,85,86,38,50,67,97,118,77,53,105,124,133" hai3="130,132,131,89,45,120,126,19,75,16,103,68,60"/><W90/><G120/><T78/><D104/><U134/><E69/><V8/><F118/><W52/><G75/><T10/><REACH who="0" step="1"/><D92/><REACH who="0" ten="230,230,273,257" step="2"/><U72/><E95/><N who="2" m="56551" /><F105/><W125/><G132/><T0/><D0/><U129/><E94/><V22/><F133/><W1/><G1/><T46/><D46/><U42/><E134/><V30/><F124/><N who="3" m="47723" /><G103/><T98/><D98/><U82/><E101/><V55/><F85/><W117/><G117/><T7/><D7/><U57/><E128/><N who="3" m="49194" /><G45/><T21/><D21/><U81/><E129/><V102/><F22/><W23/><G19/><T114/><D114/><U108/><E17/><V56/><F102/><W25/><G68/><T99/><D99/><U100/><E100/><V41/><F86/><W62/><G62/><T91/><D91/><U122/><E112/><V107/><F107/><W35/><G35/><T13/><D13/><U33/><E14/><V20/><F20/><W127/><G127/><T26/><D26/><U36/><E12/><V110/><F77/><W37/><G37/><T48/><D48/><U93/><E36/><V18/><F38/><W40/><G40/><T59/><D59/><AGARI ba="0,1" hai="16,23,25,52,59,60,89,90" m="49194,47723" machi="59" ten="30,11600,0" yaku="18,1,19,1,54,2" doraHai="71" who="3" fromWho="0" sc="230,-116,230,0,273,0,257,126" /><INIT seed="3,1,0,3,2,45" ten="114,230,273,383" oya="3" hai0="119,100,125,56,58,89,134,62,68,83,77,114,70" hai1="50,2,28,8,88,25,44,7,39,120,42,130,133" hai2="122,31,26,91,112,103,37,11,6,97,123,93,33" hai3="5,107,85,10,59,109,57,111,94,20,40,135,124"/><W52/><G107/><T69/><D119/><U108/><E120/><N who="2" m="46123" /><F37/><W104/><G104/><T78/><D125/><U90/><E108/><N who="3" m="41546" /><G124/><T98/><D134/><U24/><E133/><V121/><F121/><W46/><G135/><T87/><D114/><U49/><E130/><V32/><F112/><W12/><G20/><T17/><D17/><U54/><E25/><V102/><F32/><W110/><N who="3" m="41554" /><W80/><DORA hai="131" /><G94/><T115/><D115/><U19/><E19/><V75/><F75/><W1/><G1/><AGARI ba="1,0" hai="1,6,11,26,31,33,91,93,97,102,103" m="46123" machi="1" ten="30,1000,0" yaku="13,1" doraHai="45,131" who="2" fromWho="3" sc="114,0,230,0,273,13,383,-13" /><INIT seed="4,0,0,2,2,47" ten="114,230,286,370" oya="0" hai0="78,10,54,88,31,84,36,14,77,86,62,101,52" hai1="94,122,115,40,114,87,74,125,17,67,117,97,8" hai2="60,103,13,49,111,35,96,1,83,64,59,99,120" hai3="90,123,127,42,44,92,76,79,32,69,57,15,105"/><T5/><D36/><U55/><E74/><V34/><F1/><W118/><G69/><T20/><D101/><U104/><E122/><V50/><F120/><W19/><G105/><T0/><D86/><U3/><E117/><V51/><F111/><W4/><G32/><T107/><D107/><U70/><E40/><V106/><F99/><W29/><G118/><T89/><D89/><U7/><E17/><V93/><F106/><W135/><G29/><T100/><D100/><U132/><E87/><V61/><F13/><W95/><G127/><T26/><D0/><U27/><E27/><V72/><REACH who="2" step="1"/><F61/><REACH who="2" ten="114,230,276,370" step="2"/><W113/><G123/><T109/><D109/><U18/><E97/><V108/><F108/><W68/><G15/><T58/><REACH who="0" step="1"/><D54/><REACH who="0" ten="104,230,276,370" step="2"/><U98/><E55/><V134/><F134/><W71/><G135/><T130/><D130/><U53/><E53/><V33/><F33/><W16/><G42/><T81/><AGARI ba="0,2" hai="5,10,14,20,26,31,52,58,62,77,78,81,84,88" machi="81" ten="20,18000,2" yaku="1,1,0,1,7,1,8,1,54,2,53,0" doraHai="47" doraHaiUra="128" who="0" fromWho="0" sc="104,200,230,-60,276,-60,370,-60" /><INIT seed="4,1,0,4,5,9" ten="304,170,216,310" oya="0" hai0="39,110,21,65,134,30,12,19,117,34,24,7,100" hai1="107,132,86,133,120,113,57,125,1,48,62,84,95" hai2="11,73,20,121,92,115,109,82,64,50,46,128,29" hai3="3,119,22,129,26,13,45,61,83,55,87,105,10"/><T8/><D117/><U32/><E107/><V78/><F121/><W14/><G119/><T33/><D110/><U131/><E32/><V49/><F109/><W99/><G3/><N who="0" m="127" /><D39/><U103/><E1/><V77/><F128/><W85/><G129/><T36/><D36/><U17/><E120/><V72/><F115/><W130/><G130/><T106/><D134/><U91/><E131/><V54/><F64/><W112/><G112/><T27/><D65/><U102/><E113/><V47/><F92/><W51/><G10/><N who="0" m="6551" /><D100/><U75/><E75/><V53/><F11/><W114/><G114/><T108/><D106/><U60/><E103/><V18/><F29/><W63/><G99/><T2/><D108/><U43/><E102/><V15/><REACH who="2" step="1"/><F77/><REACH who="2" ten="304,170,206,310" step="2"/><N who="3" m="46319" /><G105/><T67/><D67/><U96/><E133/><V122/><F122/><W66/><G66/><T127/><D127/><U31/><E125/><V123/><F123/><W104/><G104/><T28/><D2/><U74/><E132/><V59/><F59/><W89/><G61/><T98/><D98/><U79/><E96/><V5/><F5/><W71/><G63/><T118/><D118/><U76/><E62/><V135/><F135/><W44/><G71/><T111/><D111/><U68/><E60/><V101/><F101/><W93/><G45/><T23/><AGARI ba="1,1" hai="21,23,24,27,28,30,33,34" m="6551,127" machi="23" ten="30,18000,2" yaku="35,5,52,1" doraHai="9" who="0" fromWho="0" sc="304,193,170,-61,206,-61,310,-61" /><INIT seed="4,2,0,4,2,57" ten="497,109,145,249" oya="0" hai0="117,127,52,116,67,63,84,59,109,27,96,95,21" hai1="61,123,77,51,60,50,125,71,39,17,110,55,34" hai2="35,102,112,75,45,91,121,78,133,134,76,106,87" hai3="64,2,38,105,19,90,124,72,22,132,40,54,14"/><T104/><D104/><U0/><E34/><V98/><F35/><W58/><G2/><T33/><D33/><U73/><E0/><V37/><F37/><W3/><G3/><T93/><D127/><U80/><E110/><V30/><F30/><W69/><G72/><T82/><D109/><U100/><E123/><V46/><F121/><W120/><G105/><T23/><D23/><U81/><E39/><V32/><F32/><W108/><G120/><T115/><D115/><U16/><E125/><V47/><F112/><W85/><G108/><T1/><D1/><U7/><E7/><V128/><F128/><W53/><G124/><T119/><D67/><U89/><E100/><V103/><F103/><W66/><G132/><N who="2" m="50793" /><F75/><W44/><G69/><T107/><D96/><U113/><E113/><V6/><F6/><W20/><G20/><T114/><D107/><U26/><E71/><V97/><F97/><W111/><G54/><T101/><D101/><U56/><E73/><V10/><F10/><W79/><G79/><T83/><D114/><U99/><E77/><V24/><F24/><W42/><G42/><T8/><D8/><U28/><E28/><V135/><N who="2" m="50801" /><V88/><DORA hai="130" /><F91/><W5/><G5/><T18/><D116/><U122/><E122/><V65/><F65/><W9/><G9/><T12/><D117/><U29/><E29/><V70/><F70/><W74/><G74/><T25/><D119/><U36/><E99/><V43/><F43/><W118/><G118/><T131/><D131/><U68/><E68/><V13/><F13/><W4/><G14/><RYUUKYOKU ba="2,0" sc="497,-10,109,-10,145,30,249,-10" hai2="45,46,47,76,78,87,88,98,102,106" /><INIT seed="5,3,0,4,4,108" ten="487,99,175,239" oya="1" hai0="1,91,52,11,90,80,65,16,35,64,85,117,44" hai1="133,129,63,115,102,10,3,111,81,72,24,5,56" hai2="58,23,79,20,114,127,131,34,30,118,97,74,88" hai3="71,9,96,121,126,89,122,112,33,46,8,120,73"/><U68/><E111/><V67/><F118/><W37/><G71/><T42/><D35/><U59/><E129/><V40/><F131/><W49/><G37/><T83/><D117/><U101/><E133/><V6/><F34/><W110/><G33/><T21/><D1/><U50/><E115/><V113/><F127/><W125/><G110/><T25/><D11/><U95/><E24/><V130/><F130/><W19/><G73/><T18/><D18/><U99/><E102/><V51/><F6/><W60/><G60/><T104/><D104/><U94/><E94/><N who="2" m="56519" /><F30/><W124/><G19/><T128/><D128/><U41/><E68/><V69/><F69/><W17/><G17/><T27/><D27/><U78/><REACH who="1" step="1"/><E63/><REACH who="1" ten="487,89,175,239" step="2"/><N who="2" m="38391" /><F74/><W75/><G75/><T61/><D61/><U14/><E14/><V15/><F15/><W66/><G112/><N who="2" m="43113" /><F79/><W47/><G121/><T32/><D32/><U29/><E29/><V103/><F103/><W132/><G120/><T70/><D70/><U76/><E76/><V134/><F134/><W100/><G132/><T123/><D123/><U119/><E119/><V55/><F40/><W53/><G122/><T43/><D42/><U28/><E28/><V77/><F77/><W39/><G124/><T106/><D43/><U84/><E84/><V62/><F62/><W13/><G125/><T135/><D85/><U92/><E92/><V87/><F87/><W109/><G13/><T107/><D135/><U7/><E7/><V31/><F31/><W57/><G126/><T36/><D106/><U22/><E22/><V116/><F116/><W93/><G109/><RYUUKYOKU ba="3,1" sc="487,-15,89,15,175,15,239,-15" hai1="3,5,10,41,50,56,59,72,78,81,95,99,101" hai2="20,23,51,55" /><INIT seed="5,4,1,5,5,52" ten="472,104,190,224" oya="1" hai0="6,115,14,133,11,8,45,76,123,13,61,50,122" hai1="116,126,68,121,134,132,19,56,31,51,67,84,88" hai2="44,48,49,114,117,107,86,17,55,22,46,75,25" hai3="109,59,10,20,42,104,77,16,30,65,24,95,92"/><U26/><E121/><N who="0" m="46089" /><D76/><U93/><E116/><V37/><F37/><W98/><G109/><T108/><D108/><U3/><E3/><V79/><F107/><W69/><G42/><N who="0" m="24887" /><D61/><N who="1" m="38311" /><E51/><V85/><F114/><W124/><G124/><T118/><D115/><U40/><E40/><V89/><F117/><W12/><G69/><T127/><D118/><U63/><E63/><V113/><F113/><W105/><G77/><T57/><D57/><U4/><E4/><V38/><F38/><W130/><G130/><T70/><D70/><U82/><E68/><V106/><F106/><W62/><G95/><T90/><D90/><AGARI ba="4,1" hai="10,12,16,20,24,30,59,62,65,90,92,98,104,105" machi="90" ten="30,3900,0" yaku="7,1,52,1,54,1" doraHai="52" who="3" fromWho="0" sc="472,-51,104,0,190,0,224,61" /><INIT seed="6,0,0,1,0,107" ten="421,104,190,285" oya="2" hai0="29,128,39,41,120,4,37,89,31,59,78,95,123" hai1="102,117,79,51,26,134,119,131,70,1,27,116,65" hai2="105,64,48,12,111,129,40,124,53,125,47,34,3" hai3="8,103,122,109,121,126,76,55,58,42,22,19,135"/><V86/><F105/><W11/><G109/><T16/><D128/><U60/><E1/><V130/><F3/><W63/><G126/><N who="2" m="48745" /><F34/><W77/><G135/><T87/><D4/><U85/><E134/><V62/><F12/><W71/><G103/><T73/><D59/><U17/><E131/><N who="2" m="50187" /><F86/><W68/><G42/><T112/><D16/><U2/><E2/><V115/><F115/><W33/><G33/><T114/><D120/><U6/><E6/><V69/><F111/><W38/><G122/><T94/><D123/><U20/><E102/><V96/><F96/><W18/><G121/><T67/><D95/><U32/><E32/><V90/><F90/><W104/><G104/><T113/><D31/><U118/><N who="1" m="29696" /><DORA hai="61" /><U5/><E5/><V92/><F92/><W15/><G76/><T36/><D29/><U98/><E98/><V108/><F108/><W54/><G77/><T101/><D101/><U45/><E85/><V14/><F14/><W46/><G11/><T81/><D67/><U91/><E79/><V57/><F69/><W28/><G71/><T75/><REACH who="0" step="1"/><D75/><REACH who="0" ten="411,104,190,285" step="2"/><U21/><E91/><V133/><F133/><W80/><G68/><T56/><D56/><U127/><E127/><V88/><F88/><W52/><G58/><T66/><D66/><AGARI ba="0,1" hai="40,47,48,53,57,62,64,66" m="50187,48745" machi="66" ten="30,18000,2" yaku="18,1,19,1,34,2,52,2" doraHai="107,61" who="2" fromWho="0" sc="411,-180,104,0,190,190,285,0" /><INIT seed="6,1,0,3,5,55" ten="231,104,380,285" oya="2" hai0="45,38,2,50,46,40,68,94,77,82,108,74,66" hai1="48,113,41,96,115,84,127,16,7,24,51,125,71" hai2="33,95,14,92,91,12,80,101,100,36,122,103,6" hai3="57,124,63,86,129,123,119,118,85,102,117,30,132"/><V58/><F122/><W128/><G123/><T93/><D108/><U130/><E71/><V121/><F33/><W90/><G124/><N who="1" m="47690" /><E7/><V52/><F36/><W135/><G30/><T107/><D107/><U110/><E41/><V21/><F121/><W42/><G42/><T83/><D83/><U8/><E110/><V75/><F75/><W28/><G28/><T26/><D2/><U19/><E96/><V1/><F1/><W73/><G73/><T53/><D26/><U49/><E8/><N who="2" m="4119" /><F80/><W23/><G23/><T5/><D5/><U32/><E84/><N who="3" m="32362" /><G90/><T134/><D134/><N who="3" m="51241" /><G102/><T3/><D3/><U59/><E32/><V10/><F21/><W69/><G69/><T62/><AGARI ba="1,0" hai="38,40,45,46,50,53,62,66,68,74,77,82,93,94" machi="62" ten="30,1100,0" yaku="0,1" doraHai="55" who="0" fromWho="0" sc="231,14,104,-4,380,-6,285,-4" /><INIT seed="7,0,0,5,1,76" ten="245,100,374,281" oya="3" hai0="111,44,91,90,132,43,6,75,89,99,71,85,26" hai1="69,65,50,2,66,57,83,78,64,128,95,131,14" hai2="96,115,10,42,5,9,80,97,55,31,28,17,110" hai3="84,126,52,19,24,35,13,12,27,127,47,118,77"/><W82/><G118/><T60/><D111/><U7/><E95/><V79/><F110/><W87/><G35/><T29/><D75/><U0/><E69/><V107/><F42/><W40/><G13/><T53/><D6/><U67/><N who="1" m="16384" /><DORA hai="8" /><U18/><E50/><V94/><F107/><W22/><G84/><T86/><D132/><U129/><E57/><V15/><F55/><W48/><REACH who="3" step="1"/><G40/><REACH who="3" ten="245,100,374,271" step="2"/><T74/><D43/><U113/><E113/><V62/><F15/><W70/><G70/><T125/><D71/><U45/><E7/><V114/><F5/><W25/><AGARI ba="0,1" hai="12,19,22,24,25,27,47,48,52,77,82,87,126,127" machi="25" ten="30,12000,1" yaku="1,1,0,1,52,2,54,1,53,0" doraHai="76,8" doraHaiUra="88,117" who="3" fromWho="3" sc="245,-40,100,-40,374,-40,271,130" owari="205,-19.0,60,-44.0,334,13.0,401,50.0" /></mjloggm>