<mjloggm ver="2.3"><GO type="169" lobby="0"/><UN n0="%E7%B4%85%E8%A1%A3" n1="%E3%82%B5%E3%83%96%E3%82%A2%E3%83%A9%E3%83%89" n2="%E7%A0%B2%E3%81%AE%E4%B8%8A%E3%81%AE%E3%81%82%E3%81%AE%E5%A8%98" n3="%E5%B0%B1%E6%B4%BB%E7%94%9F%40%E5%B7%9D%E6%9D%91%E8%BB%8D%E5%9B%A3" dan="16,16,16,17" rate="2080.87,2058.57,2135.65,2255.60" sx="M,M,F,M"/><TAIKYOKU oya="0"/><INIT seed="0,0,0,1,0,82" ten="250,250,250,250" oya="0" hai0="97,70,77,38,16,69,62,22,65,118,4,109,123" hai1="76,75,61,39,56,19,26,114,99,13,63,135,133" hai2="11,40,45,80,12,110,17,14,104,113,67,8,100" hai3="130,125,35,92,116,83,71,0,48,44,107,30,105"/><T20/><D118/><U73/><E39/><V41/><F113/><W36/><G116/><T90/><D123/><U94/><E114/><V55/><F110/><W108/><G0/><T29/><D38/><U86/><E26/><V53/><F67/><W101/><G36/><T3/><D29/><U43/><E43/><V96/><F80/><W21/><G35/><T72/><D109/><U93/><E93/><V128/><F128/><W27/><G71/><T126/><D126/><U18/><E18/><V54/><REACH who="2" step="1"/><F45/><REACH who="2" ten="250,250,240,250" step="2"/><W68/><G108/><T115/><D115/><U23/><E75/><V134/><F134/><W58/><G83/><T46/><D46/><U124/><E73/><V15/><F15/><W95/><G44/><T57/><D72/><U25/><E135/><V10/><F10/><W7/><G130/><T119/><D119/><U98/><E133/><V106/><F106/><W103/><G105/><T66/><D66/><U122/><E13/><V47/><F47/><W88/><G107/><T52/><D65/><U1/><E1/><V9/><F9/><W33/><G68/><T2/><D2/><U64/><E122/><V112/><F112/><W34/><G125/><T24/><D3/><U5/><E124/><V60/><F60/><W28/><G92/><N who="0" m="56471" /><D70/><U129/><E129/><V102/><F102/><W32/><G101/><T31/><D69/><U85/><E63/><V74/><F74/><W120/><G103/><T79/><D4/><AGARI ba="0,1" hai="4,8,11,12,14,17,40,41,53,54,55,96,100,104" machi="4" ten="40,8000,1" yaku="1,1,53,3" doraHai="82" doraHaiUra="49" who="2" fromWho="0" sc="250,-80,250,0,240,90,250,0" /><INIT seed="1,0,0,5,4,135" ten="170,250,330,250" oya="1" hai0="70,19,38,67,22,58,123,23,31,87,52,37,128" hai1="60,90,119,30,57,32,125,74,114,29,39,110,101" hai2="99,117,24,35,84,56,103,91,131,73,13,9,0" hai3="76,8,28,78,79,120,36,107,63,66,118,25,75"/><U83/><E119/><V69/><F69/><W86/><G120/><T102/><D123/><U65/><E114/><V53/><F117/><W95/><G36/><T7/><D67/><U26/><E39/><V11/><F73/><W47/><G107/><T108/><D70/><U68/><E30/><V34/><F131/><W6/><G118/><T111/><D128/><U112/><E112/><V89/><F24/><W134/><G134/><T100/><D7/><U17/><E17/><V88/><F84/><W106/><G106/><T109/><D87/><U12/><E12/><V115/><F115/><W5/><G75/><T132/><D31/><U129/><E129/><V92/><F0/><W124/><G47/><T20/><D19/><U27/><E27/><V81/><F81/><W64/><G64/><T40/><D132/><U45/><E45/><V48/><REACH who="2" step="1"/><F9/><REACH who="2" ten="170,250,320,250" step="2"/><W14/><G86/><T42/><D37/><U1/><E1/><V18/><AGARI ba="0,1" hai="11,13,18,34,35,48,53,56,88,89,91,92,99,103" machi="18" ten="30,7900,0" yaku="1,1,2,1,0,1,54,1,53,0" doraHai="135" doraHaiUra="41" who="2" fromWho="2" sc="170,-20,250,-39,320,89,250,-20" /><INIT seed="2,0,0,4,0,80" ten="150,211,409,230" oya="2" hai0="27,78,111,84,94,2,26,79,88,68,120,23,34" hai1="81,20,109,130,91,57,47,124,60,92,119,126,65" hai2="56,110,3,103,83,39,134,86,15,44,40,101,66" hai3="102,36,131,76,121,10,75,87,8,28,43,93,24"/><V42/><F3/><W112/><G121/><T54/><D120/><U122/><E119/><V73/><F73/><W33/><G131/><T105/><D105/><U29/><E122/><V132/><F110/><W5/><G112/><T16/><D68/><U58/><E130/><V50/><F15/><W108/><G108/><T71/><D71/><U17/><E29/><V123/><F123/><W19/><G19/><T67/><D2/><U98/><E109/><V13/><F13/><W72/><G10/><T9/><D67/><U95/><E95/><V48/><F40/><W7/><G8/><T89/><D111/><U61/><E47/><V45/><F66/><W35/><G35/><T12/><D54/><N who="1" m="33847" /><E81/><V115/><F115/><W31/><G31/><T114/><D114/><U118/><E118/><V51/><F44/><W127/><G127/><N who="1" m="48682" /><E17/><V14/><F45/><W38/><G43/><T107/><D107/><U1/><E20/><V77/><F42/><W32/><G32/><T82/><D34/><U46/><E46/><V100/><F83/><W37/><G102/><T96/><REACH who="0" step="1"/><D27/><REACH who="0" ten="140,211,409,230" step="2"/><U85/><E1/><V90/><F134/><W64/><G64/><T49/><D49/><U99/><AGARI ba="0,1" hai="58,61,65,85,91,92,98,99" m="48682,33847" machi="99" ten="30,2000,0" yaku="18,1,52,1" doraHai="80" who="1" fromWho="1" sc="140,-5,211,30,409,-10,230,-5" /><INIT seed="3,0,0,2,2,14" ten="135,241,399,225" oya="3" hai0="103,92,45,17,40,28,29,12,130,96,67,81,5" hai1="126,88,0,80,132,133,127,84,120,70,9,109,11" hai2="15,116,115,97,31,24,123,63,78,129,6,54,113" hai3="39,47,20,90,122,86,13,82,118,4,76,98,36"/><W52/><G122/><T32/><D130/><U114/><E120/><V50/><F116/><W23/><G118/><T64/><D5/><U8/><E114/><V134/><F129/><W85/><G39/><T57/><D81/><U25/><E70/><V51/><F123/><W79/><G98/><T41/><D41/><U21/><E109/><V124/><F78/><N who="3" m="46295" /><G36/><T16/><D32/><U74/><E74/><V121/><F121/><W102/><G102/><T117/><D117/><U61/><E61/><V68/><F68/><W22/><G4/><T87/><D87/><U101/><E101/><V53/><F124/><N who="1" m="47657" /><E0/><V35/><F134/><N who="1" m="51817" /><E8/><V60/><F60/><W128/><G128/><T106/><D106/><U33/><E33/><V49/><F63/><W135/><G13/><T71/><D12/><U91/><E91/><V10/><F97/><W62/><G135/><T2/><D2/><U77/><E77/><V43/><F43/><W75/><G75/><T119/><D119/><U55/><E55/><V99/><F99/><W58/><G47/><T59/><D71/><U112/><E112/><V105/><F115/><W93/><AGARI ba="0,0" hai="20,22,23,52,58,62,76,79,86,90,93" m="46295" machi="93" ten="30,3000,0" yaku="8,1,54,1" doraHai="14" who="3" fromWho="3" sc="135,-10,241,-10,399,-10,225,30" /><INIT seed="3,1,0,1,2,69" ten="125,231,389,255" oya="3" hai0="127,38,34,54,111,98,6,64,36,8,48,39,84" hai1="15,56,57,52,77,76,108,114,22,78,32,25,118" hai2="132,31,37,99,135,60,30,97,100,112,47,95,71" hai3="18,33,35,45,3,85,117,90,74,20,122,58,110"/><W63/><G74/><T4/><D34/><U72/><E72/><V65/><F112/><W40/><G122/><T27/><D64/><U94/><E114/><V66/><F66/><W116/><G3/><T75/><D75/><U104/><E104/><V42/><REACH who="2" step="1"/><F99/><REACH who="2" ten="125,231,379,255" step="2"/><W92/><G116/><T28/><D98/><U105/><E118/><V44/><F44/><W26/><G117/><T19/><D111/><U120/><E108/><V29/><AGARI ba="1,1" hai="29,30,31,37,42,47,60,65,71,95,97,100,132,135" machi="29" ten="30,4000,0" yaku="1,1,0,1,52,1,53,0" doraHai="69" doraHaiUra="133" who="2" fromWho="2" sc="125,-11,231,-11,379,53,255,-21" /><INIT seed="4,0,0,3,0,37" ten="114,220,432,234" oya="0" hai0="11,47,39,94,108,65,41,75,43,48,126,54,118" hai1="100,49,125,121,63,19,0,122,133,50,84,58,85" hai2="77,103,131,44,45,18,90,56,112,104,36,73,134" hai3="135,69,82,16,60,113,15,95,10,57,132,128,20"/><T87/><D75/><U101/><E0/><V89/><F112/><W61/><G113/><T3/><D118/><U105/><E105/><V66/><F131/><W93/><G128/><T119/><D119/><U5/><E5/><V9/><F134/><N who="3" m="51243" /><G82/><T23/><D126/><U32/><E125/><V86/><F73/><W52/><G10/><T53/><D108/><U46/><E133/><V115/><F115/><W28/><G28/><T13/><D3/><U51/><E32/><V83/><F103/><W71/><G71/><T88/><D65/><AGARI ba="0,0" hai="15,16,20,52,57,60,61,65,69,93,95" m="51243" machi="65" ten="30,3900,0" yaku="20,1,54,2" doraHai="37" who="3" fromWho="0" sc="114,-39,220,0,432,0,234,39" /><INIT seed="5,0,0,1,5,24" ten="75,220,432,273" oya="1" hai0="45,82,47,123,74,135,72,112,79,38,59,7,103" hai1="27,50,56,109,111,55,66,34,77,3,48,87,105" hai2="21,28,57,119,131,126,92,128,44,101,13,80,84" hai3="54,125,88,6,124,132,67,22,0,30,93,51,102"/><U118/><E118/><V115/><F126/><N who="3" m="48747" /><G132/><T19/><D38/><U4/><E105/><V2/><F2/><W73/><G73/><T63/><D74/><U86/><E66/><V127/><F127/><W61/><G102/><T23/><D103/><U133/><E133/><V12/><F119/><W65/><G6/><T16/><D112/><U81/><E87/><V25/><F115/><W1/><G30/><T108/><D135/><U90/><E77/><V60/><F44/><N who="3" m="28007" /><G22/><T5/><D108/><N who="1" m="41547" /><E27/><V14/><F131/><W89/><G89/><T113/><D123/><U122/><E34/><V35/><F35/><W10/><G10/><T121/><D121/><U18/><E18/><V58/><F128/><W26/><G26/><T68/><D19/><U78/><E78/><N who="2" m="46103" /><F60/><W46/><G46/><T49/><D113/><U31/><E122/><V91/><F101/><W40/><G40/><T32/><D47/><U39/><E39/><V94/><F94/><W69/><G67/><T36/><D36/><U52/><E4/><V41/><F41/><W64/><G65/><N who="0" m="39167" /><D32/><U96/><E3/><V97/><AGARI ba="0,0" hai="12,13,14,21,25,28,57,58,91,92,97" m="46103" machi="97" ten="30,2000,0" yaku="8,1,52,1" doraHai="24" who="2" fromWho="2" sc="75,-5,220,-10,432,20,273,-5" /><INIT seed="6,0,0,5,1,71" ten="70,210,452,268" oya="2" hai0="58,93,133,61,56,39,42,106,23,64,121,66,20" hai1="128,49,44,116,69,94,8,134,70,91,11,114,96" hai2="99,125,112,111,118,72,85,63,103,62,4,76,5" hai3="26,109,68,67,25,15,123,10,60,81,105,19,53"/><V108/><F112/><W17/><G105/><T75/><D106/><U57/><E116/><V135/><F135/><W83/><G123/><T21/><D133/><U37/><E114/><V130/><F130/><W3/><G3/><T54/><D121/><U113/><E134/><V77/><F125/><W98/><G109/><T13/><D75/><U73/><E73/><V34/><F34/><W131/><G131/><T86/><D13/><U127/><E128/><V47/><F47/><W95/><G53/><T38/><D42/><U35/><E35/><V126/><F126/><W124/><G124/><T29/><D29/><U50/><E113/><V102/><F85/><W107/><G107/><T43/><D43/><U6/><E8/><V30/><F30/><W24/><REACH who="3" step="1"/><G17/><REACH who="3" ten="70,210,452,258" step="2"/><T122/><D122/><U132/><E127/><V0/><F0/><W28/><G28/><T97/><D86/><U120/><E132/><V7/><F111/><W36/><G36/><T40/><D40/><U119/><E37/><V100/><F108/><W88/><AGARI ba="0,1" hai="10,15,19,24,25,26,60,67,68,81,83,88,95,98" machi="88" ten="30,12000,2" yaku="1,1,0,1,54,1,53,3" doraHai="71" doraHaiUra="22" who="3" fromWho="3" sc="70,-30,210,-30,452,-60,258,130" /><INIT seed="7,0,0,5,2,109" ten="40,180,392,388" oya="3" hai0="11,72,8,4,106,99,61,125,46,34,15,53,76" hai1="14,24,62,78,30,132,43,27,22,6,71,36,52" hai2="131,102,114,63,130,12,81,79,75,20,69,66,40" hai3="2,134,32,50,35,73,9,68,85,121,41,80,5"/><W117/><G121/><T58/><D34/><U70/><E132/><V128/><F114/><W19/><G117/><T16/><D125/><U97/><E78/><V74/><F102/><W67/><G73/><T10/><D72/><U25/><E71/><V37/><F74/><W94/><G134/><T115/><D115/><U116/><E116/><V96/><F96/><W87/><G19/><T39/><D76/><U113/><E70/><V64/><F64/><W92/><G67/><T89/><D106/><U123/><E113/><V107/><F107/><W101/><G68/><T77/><D77/><U133/><E123/><V124/><F124/><W90/><G101/><T91/><D39/><U59/><E43/><V65/><F65/><W44/><G94/><T55/><D89/><AGARI ba="0,0" hai="2,5,9,32,35,41,44,50,80,85,87,89,90,92" machi="89" ten="30,1500,0" yaku="7,1" doraHai="109" who="3" fromWho="0" sc="40,-15,180,0,392,0,388,15" owari="25,-47.0,180,-22.0,392,19.0,403,50.0" /></mjloggm>