<mjloggm ver="2.3"><GO type="169" lobby="0"/><UN n0="%E3%81%AE%E3%81%B3%E3%81%97%E3%82%8D%E2%99%82" n1="%67%69%6A%79%75%74%75" n2="%E5%B0%B1%E6%B4%BB%E7%94%9F%40%E5%B7%9D%E6%9D%91%E8%BB%8D%E5%9B%A3" n3="%73%61%69%72%61%73%75" dan="16,17,17,16" rate="2131.92,2210.43,2145.22,2145.17" sx="M,M,M,M"/><TAIKYOKU oya="0"/><INIT seed="0,0,0,3,0,82" ten="250,250,250,250" oya="0" hai0="11,24,75,34,1,0,31,21,30,77,117,89,71" hai1="93,46,98,18,86,134,88,37,43,50,60,61,35" hai2="74,40,130,68,80,57,114,120,48,113,102,125,53" hai3="92,6,66,79,78,84,38,10,124,72,123,16,36"/><T73/><D71/><U28/><E134/><V63/><F102/><W45/><G124/><T47/><D117/><U22/><E37/><V132/><F74/><W128/><G128/><T32/><D47/><U107/><E107/><V127/><F80/><W85/><G72/><T87/><D77/><N who="3" m="29193" /><G38/><T65/><D65/><U69/><E69/><V94/><F94/><W7/><G36/><T3/><D11/><U26/><REACH who="1" step="1"/><E98/><REACH who="1" ten="250,240,250,250" step="2"/><V4/><F132/><W62/><G123/><T5/><D75/><U112/><E112/><V52/><F68/><W14/><G45/><T110/><D73/><U76/><E76/><V99/><F99/><W64/><G92/><T106/><D106/><U91/><E91/><V116/><F114/><W81/><G81/><T111/><D89/><U108/><E108/><N who="0" m="41513" /><D87/><N who="3" m="33353" /><G64/><T100/><D100/><U13/><AGARI ba="0,1" hai="13,18,22,26,28,35,43,46,50,60,61,86,88,93" machi="13" ten="20,12000,2" yaku="1,1,0,1,7,1,52,1,54,1,53,2" doraHai="82" doraHaiUra="59" who="1" fromWho="1" sc="250,-60,240,130,250,-30,250,-30" /><INIT seed="1,0,0,3,2,60" ten="190,370,220,220" oya="1" hai0="130,122,5,129,90,40,99,128,54,37,135,2,84" hai1="10,13,112,77,92,53,100,36,22,134,110,82,68" hai2="105,109,62,12,119,55,38,72,65,114,52,83,132" hai3="67,113,85,115,0,49,131,17,106,96,126,29,46"/><U79/><E112/><V95/><F105/><W76/><G0/><T74/><D74/><U56/><E68/><V16/><F38/><W24/><G126/><T25/><D99/><N who="1" m="59495" /><E36/><V43/><F43/><W39/><G17/><T133/><D122/><U93/><E134/><N who="0" m="51209" /><D25/><U121/><E121/><V61/><F132/><W51/><G39/><T108/><D108/><U64/><E110/><V102/><F109/><W89/><G51/><T63/><D5/><N who="1" m="3279" /><E82/><V69/><F119/><W18/><G18/><T42/><D2/><U4/><E4/><V47/><F114/><W75/><G131/><T23/><D37/><U11/><E11/><V8/><F47/><W78/><G75/><T87/><D23/><U31/><E93/><V35/><F35/><W94/><G115/><T123/><D123/><U1/><E1/><V20/><F8/><W124/><G124/><T50/><D63/><N who="1" m="37991" /><E53/><V81/><F61/><W125/><G125/><T41/><D90/><U28/><E28/><V116/><F116/><W80/><G106/><T3/><D3/><U6/><E6/><V117/><F117/><W7/><G113/><T19/><D19/><U104/><E104/><V34/><F34/><W9/><G9/><T111/><D111/><U14/><E14/><V26/><F12/><W57/><G7/><T103/><D103/><U98/><E98/><N who="2" m="59743" /><F72/><W48/><G24/><AGARI ba="0,0" hai="22,24,31,77,79" m="37991,3279,59495" machi="24" ten="30,5800,0" yaku="25,1,8,1,52,1" doraHai="60" who="1" fromWho="3" sc="190,0,370,58,220,0,220,-58" /><INIT seed="1,1,0,1,3,32" ten="190,428,220,162" oya="1" hai0="85,115,108,82,134,90,14,70,19,71,57,118,61" hai1="80,73,38,117,75,15,120,106,91,62,34,18,116" hai2="129,4,104,98,58,12,97,6,27,78,36,26,87" hai3="60,41,49,96,76,20,83,111,119,67,37,52,24"/><U56/><E120/><V122/><F36/><W84/><G111/><T59/><D108/><U3/><E34/><V95/><F122/><W135/><G135/><T105/><D134/><U92/><E38/><V53/><F104/><W113/><G113/><T100/><D118/><U2/><E106/><V133/><F133/><W43/><G37/><T22/><D115/><U29/><E29/><V102/><F98/><W9/><G9/><T63/><D100/><U21/><E117/><V35/><F35/><W16/><G96/><T107/><D71/><U94/><E116/><V66/><F66/><W45/><REACH who="3" step="1"/><G119/><REACH who="3" ten="190,428,220,152" step="2"/><T89/><D107/><U40/><E40/><V131/><F131/><W64/><G64/><T10/><D105/><U69/><E69/><AGARI ba="1,1" hai="16,20,24,41,43,45,49,52,60,67,69,76,83,84" machi="69" ten="30,8000,1" yaku="1,1,7,1,54,2,53,1" doraHai="32" doraHaiUra="65" who="3" fromWho="1" sc="190,0,428,-83,220,0,152,93" /><INIT seed="2,0,0,3,5,99" ten="190,345,220,245" oya="2" hai0="42,54,62,52,22,15,112,86,93,4,102,31,96" hai1="114,77,81,125,103,37,21,121,38,23,27,76,107" hai2="32,33,9,130,133,75,124,101,68,19,10,116,50" hai3="34,67,18,47,113,61,105,122,48,126,63,20,35"/><V83/><F116/><W90/><G122/><T6/><D112/><U58/><E114/><V44/><F68/><W87/><G113/><T56/><D42/><U92/><E107/><V26/><F130/><W55/><G105/><T14/><D86/><U5/><E121/><V36/><F36/><W1/><G1/><T45/><D14/><U24/><E5/><V13/><F124/><W65/><G126/><T123/><D123/><U41/><E125/><V97/><F133/><W94/><G67/><T79/><D79/><U84/><E41/><V118/><F118/><W46/><G63/><T71/><D71/><U53/><E76/><V104/><F26/><W120/><G47/><T60/><D15/><U119/><E119/><V49/><F49/><W28/><G28/><T59/><REACH who="0" step="1"/><D45/><REACH who="0" ten="180,345,220,245" step="2"/><U39/><E84/><V89/><F9/><W30/><G120/><T8/><D8/><U110/><E77/><V108/><F108/><W82/><G46/><T70/><D70/><U12/><E12/><V128/><F75/><W0/><G87/><T57/><D57/><U106/><E58/><V132/><F132/><W95/><G0/><T43/><D43/><U131/><E110/><V7/><F7/><W73/><G73/><T115/><D115/><U2/><E2/><V17/><F13/><W74/><G74/><T64/><D64/><U80/><E131/><V91/><F10/><W111/><G65/><T25/><AGARI ba="0,1" hai="4,6,22,25,31,52,54,56,59,60,62,93,96,102" machi="25" ten="30,12000,2" yaku="1,1,0,1,9,1,8,1,52,1,54,1,53,0" doraHai="99" doraHaiUra="69" who="0" fromWho="0" sc="180,130,345,-30,220,-60,245,-30" /><INIT seed="3,0,0,5,3,115" ten="310,315,160,215" oya="3" hai0="70,80,2,10,27,113,29,19,122,58,106,11,15" hai1="21,119,75,24,98,49,118,61,1,55,135,101,117" hai2="121,43,69,79,74,45,94,99,31,108,3,38,92" hai3="64,52,88,105,47,66,111,40,4,97,56,109,85"/><W41/><G4/><T123/><D70/><U126/><E75/><V8/><F69/><W134/><G134/><T37/><D106/><N who="1" m="63799" /><E1/><V93/><F108/><N who="3" m="41547" /><G97/><T30/><D37/><U17/><E135/><V84/><F121/><W0/><G0/><T53/><D113/><U65/><E126/><V14/><F31/><W36/><G40/><T60/><D30/><U20/><E20/><V62/><F62/><N who="3" m="36103" /><G105/><T100/><D100/><U95/><E95/><AGARI ba="0,0" hai="36,41,47,64,66,85,88,95" m="36103,41547" machi="95" ten="30,11600,0" yaku="14,1,10,1,54,2" doraHai="115" who="3" fromWho="1" sc="310,0,315,-116,160,0,215,116" /><INIT seed="3,1,0,5,2,72" ten="310,199,160,331" oya="3" hai0="1,2,108,44,132,9,63,115,101,133,67,80,66" hai1="57,125,77,35,53,34,110,12,121,120,84,19,112" hai2="92,65,48,78,131,61,0,134,126,56,50,124,39" hai3="73,8,90,129,122,22,106,24,102,60,117,118,17"/><W88/><G122/><T100/><D108/><U45/><E45/><V13/><F0/><W111/><G106/><T85/><D115/><U3/><E3/><V43/><F92/><W26/><G102/><T95/><D44/><U20/><E112/><V14/><F131/><W47/><G129/><T37/><D37/><U21/><E110/><V97/><F97/><W70/><G111/><T27/><D27/><U128/><E128/><V33/><F33/><W10/><G73/><T62/><D85/><U94/><E125/><N who="2" m="48235" /><F134/><W116/><G26/><T11/><D95/><U15/><E121/><V30/><F30/><W23/><G23/><T135/><D132/><U52/><E120/><V31/><F31/><W99/><G47/><T18/><D18/><N who="1" m="10311" /><E34/><V42/><F78/><W68/><G99/><T40/><REACH who="0" step="1"/><D80/><REACH who="0" ten="300,199,160,331" step="2"/><N who="1" m="47119" /><E35/><V113/><F113/><W130/><G130/><T86/><D86/><U109/><E109/><V6/><F39/><W87/><G87/><T74/><D74/><U96/><E57/><V107/><F107/><W82/><G82/><T29/><D29/><U55/><E55/><V46/><F46/><W16/><G70/><T38/><D38/><U32/><E32/><V98/><F98/><W36/><G36/><T4/><D4/><U51/><E51/><N who="2" m="19499" /><F6/><W69/><G118/><T119/><D119/><U127/><E127/><V76/><F43/><AGARI ba="1,1" hai="1,2,9,11,40,43,62,63,66,67,100,101,133,135" machi="43" ten="25,8000,1" yaku="1,1,22,2,53,2" doraHai="72" doraHaiUra="7" who="0" fromWho="2" sc="300,93,199,0,160,-83,331,0" /><INIT seed="4,0,0,0,0,38" ten="393,199,77,331" oya="0" hai0="77,41,119,11,101,52,56,63,13,100,15,117,32" hai1="114,120,65,50,18,97,122,43,57,118,40,131,95" hai2="21,2,124,69,58,79,78,106,34,9,22,110,23" hai3="127,49,20,62,72,94,59,14,85,30,103,68,28"/><T129/><D129/><U5/><E118/><V75/><F69/><W71/><G72/><T33/><D77/><U44/><E131/><V89/><F34/><W130/><G130/><T6/><D41/><N who="1" m="15947" /><E122/><V126/><F106/><W102/><G49/><T8/><D33/><U10/><E120/><V70/><F70/><W81/><G127/><N who="2" m="48681" /><F110/><W83/><G71/><T88/><D32/><U128/><E128/><V135/><F135/><W67/><G68/><T3/><D3/><U134/><E134/><V112/><F112/><W46/><G46/><T25/><D25/><U61/><E114/><V45/><F45/><W123/><G123/><T90/><D119/><U133/><E133/><V31/><F31/><N who="3" m="11819" /><G94/><T109/><D109/><U1/><E1/><V105/><F105/><W82/><G85/><T66/><D66/><U98/><E5/><N who="2" m="1207" /><F75/><W54/><G67/><T35/><D35/><U17/><E10/><V26/><F26/><W108/><G108/><T47/><D47/><U104/><E104/><V48/><F89/><N who="0" m="34410" /><D117/><U73/><E73/><V80/><F80/><W111/><G111/><T36/><D36/><U86/><E86/><V76/><F76/><W55/><G55/><AGARI ba="0,0" hai="21,22,23,48,55,58,78,79" m="1207,48681" machi="55" ten="30,1000,0" yaku="18,1" doraHai="38" who="2" fromWho="3" sc="393,0,199,0,77,10,331,-10" /><INIT seed="5,0,0,5,3,120" ten="393,199,87,321" oya="1" hai0="119,9,39,82,111,38,11,88,6,104,81,93,118" hai1="15,112,27,76,52,71,108,23,12,109,67,79,72" hai2="110,91,54,106,26,102,1,77,18,116,84,2,89" hai3="128,131,74,98,125,25,101,50,92,0,8,135,20"/><U114/><E71/><V4/><F116/><W35/><G74/><T65/><D111/><N who="1" m="42571" /><E67/><V45/><F106/><W94/><G35/><T53/><D104/><U34/><E34/><V63/><F102/><W70/><G70/><T132/><D65/><U62/><E12/><V59/><F110/><W46/><G125/><T21/><D132/><U33/><E15/><V83/><F4/><W127/><G8/><T96/><D11/><U16/><E33/><V37/><F2/><W56/><G56/><T48/><D21/><U103/><E103/><V95/><F1/><W124/><G135/><T90/><D9/><U32/><E32/><V3/><F3/><W36/><G0/><T78/><D6/><U30/><E30/><V68/><F68/><W44/><G127/><T117/><D117/><U57/><E72/><V17/><F26/><W61/><G25/><T29/><D29/><U13/><E27/><V99/><F77/><AGARI ba="0,0" hai="13,16,23,52,57,62,76,77,79,112,114" m="42571" machi="77" ten="30,18000,2" yaku="10,1,52,3,54,2" doraHai="120" who="1" fromWho="2" sc="393,0,199,180,87,-180,321,0" owari="393,49.0,379,18.0,-93,-59.0,321,-8.0" /></mjloggm>