<mjloggm ver="2.3"><GO type="169" lobby="0"/><UN n0="%43%46%76%E6%9D%8F%E6%9D%8F" n1="%7A%68%6B%64%73%68%67%79" n2="%70%70%67%75%6E" n3="%E3%82%A6%E3%83%AB%E3%83%88%E3%83%A9%E7%AB%8B%E7%9B%B4" dan="16,17,16,17" rate="2094.94,2172.45,2117.80,2223.01" sx="F,F,M,M"/><TAIKYOKU oya="0"/><INIT seed="0,0,0,4,0,30" ten="250,250,250,250" oya="0" hai0="10,129,31,75,133,45,71,29,9,121,99,54,100" hai1="43,36,78,25,92,70,80,107,59,51,119,26,8" hai2="6,48,61,108,68,125,132,90,40,116,15,98,24" hai3="88,73,13,16,60,96,85,112,11,64,82,28,94"/><T72/><D121/><U110/><E107/><V117/><F108/><W5/><G112/><T131/><D71/><U84/><E119/><N who="2" m="45643" /><F125/><W32/><G73/><T34/><D45/><U44/><E110/><V33/><F132/><W77/><G28/><T109/><D109/><U118/><E118/><V52/><F40/><W89/><G32/><T27/><D54/><U46/><E70/><V23/><F33/><W22/><G60/><T95/><D31/><U58/><E8/><N who="0" m="3177" /><D133/><U55/><E58/><V74/><F74/><W50/><G50/><T37/><D37/><U79/><E79/><V101/><F90/><W120/><G120/><T113/><D113/><U76/><E76/><V49/><F15/><W62/><G77/><T102/><D100/><U42/><REACH who="1" step="1"/><E92/><REACH who="1" ten="250,240,250,250" step="2"/><V2/><F68/><W130/><G130/><AGARI ba="0,1" hai="27,29,34,72,75,95,99,102,129,130,131" m="3177" machi="130" ten="30,2900,0" yaku="19,1,52,1" doraHai="30" who="0" fromWho="3" sc="250,39,240,0,250,0,250,-29" /><INIT seed="0,1,0,3,1,91" ten="289,240,250,221" oya="0" hai0="15,77,17,50,39,104,27,82,19,24,135,34,75" hai1="56,26,59,67,101,98,23,53,128,131,127,117,46" hai2="62,130,106,84,99,93,5,90,35,45,89,29,33" hai3="51,112,28,37,11,118,111,113,20,70,9,30,88"/><T60/><D39/><U79/><E117/><V86/><F130/><N who="1" m="49705" /><E79/><V124/><F124/><W92/><G37/><T41/><D104/><N who="1" m="63543" /><E67/><V18/><F106/><W119/><G70/><T116/><D116/><U3/><E3/><V122/><F122/><W63/><G63/><T1/><D1/><U87/><E87/><V94/><F5/><W83/><G51/><T13/><D135/><U57/><E127/><V134/><F134/><W48/><G48/><T14/><D60/><N who="1" m="35855" /><E46/><V69/><F99/><W107/><G83/><T21/><D34/><U78/><E78/><V25/><F45/><W47/><G47/><T32/><D32/><U123/><E123/><V103/><F103/><W96/><G119/><T40/><REACH who="0" step="1"/><D50/><REACH who="0" ten="279,240,250,221" step="2"/><U38/><E38/><V8/><F33/><W52/><G118/><T95/><D95/><U66/><E66/><V108/><F62/><W109/><G92/><T65/><D65/><U49/><E49/><V0/><F0/><W7/><G107/><T12/><N who="0" m="3072" /><DORA hai="22" /><T54/><D54/><U110/><E110/><V42/><F108/><W133/><G52/><T100/><D100/><U61/><E61/><V76/><F42/><W114/><G111/><T58/><D58/><U97/><E59/><V10/><F69/><W80/><G109/><T132/><D132/><U64/><E57/><V6/><F35/><W16/><G133/><T115/><D115/><U81/><E64/><V120/><F120/><W2/><G11/><T126/><D126/><U85/><E23/><AGARI ba="1,1" hai="17,19,21,23,24,27,40,41,75,77,82" m="3072" machi="23" ten="50,18000,2" yaku="1,1,9,1,52,2,53,2" doraHai="91,22" doraHaiUra="36,4" who="0" fromWho="1" sc="279,193,240,-183,250,0,221,0" /><INIT seed="0,2,0,4,4,109" ten="472,57,250,221" oya="0" hai0="21,94,100,130,126,48,121,31,110,114,36,5,16" hai1="91,125,124,98,135,57,80,118,87,33,10,75,56" hai2="42,45,77,85,63,96,23,39,25,69,95,34,71" hai3="89,54,113,46,119,112,90,97,29,58,53,38,102"/><T68/><D36/><U78/><E33/><V17/><F34/><W116/><G29/><T117/><D68/><U2/><E118/><V14/><F14/><W18/><G18/><T133/><D117/><N who="3" m="45129" /><G89/><T127/><D121/><U132/><E10/><V92/><F95/><W101/><G90/><T70/><D70/><U44/><E2/><V62/><F63/><N who="3" m="36303" /><G97/><N who="0" m="59447" /><D31/><U3/><E44/><V83/><REACH who="2" step="1"/><F62/><REACH who="2" ten="472,57,240,221" step="2"/><W103/><G102/><AGARI ba="2,1" hai="17,23,25,39,42,45,69,71,77,83,85,92,96,102" machi="102" ten="30,3900,0" yaku="1,1,2,1,7,1,53,0" doraHai="109" doraHaiUra="60" who="2" fromWho="3" sc="472,0,57,0,240,55,221,-45" /><INIT seed="1,0,0,1,4,65" ten="472,57,295,176" oya="1" hai0="91,95,99,75,89,23,93,131,129,17,126,11,101" hai1="1,5,33,58,35,56,70,40,63,60,12,113,15" hai2="6,14,8,47,124,26,127,55,103,45,133,105,51" hai3="122,27,108,110,77,104,79,134,118,38,100,128,112"/><U49/><E1/><V92/><F105/><W80/><G27/><T29/><D75/><U116/><E5/><V24/><F133/><W96/><G38/><T28/><D11/><U0/><E0/><V115/><F115/><W9/><G9/><T111/><D111/><N who="3" m="42537" /><G112/><T48/><D48/><U37/><E113/><V20/><F45/><W106/><G122/><T42/><D42/><U78/><E78/><V114/><F114/><W83/><G134/><T2/><D2/><U69/><E49/><V107/><F107/><N who="3" m="63879" /><G128/><N who="0" m="49227" /><D126/><N who="2" m="48170" /><F20/><W132/><G132/><T53/><D53/><U117/><REACH who="1" step="1"/><E40/><REACH who="1" ten="472,47,295,176" step="2"/><V67/><F6/><W135/><G135/><T73/><D73/><U62/><E62/><V97/><F51/><W3/><G3/><T39/><D39/><AGARI ba="0,1" hai="12,15,33,35,37,39,56,58,60,63,69,70,116,117" machi="39" ten="25,12000,1" yaku="1,1,22,2,52,2,53,0" doraHai="65" doraHaiUra="102" who="1" fromWho="0" sc="472,-120,47,130,295,0,176,0" /><INIT seed="1,1,0,4,2,118" ten="352,177,295,176" oya="1" hai0="5,4,18,58,8,126,38,115,15,88,54,71,110" hai1="53,131,119,132,92,12,128,79,95,14,100,26,75" hai2="134,23,104,64,114,98,21,94,1,57,74,59,56" hai3="48,29,112,91,51,96,73,6,72,19,129,106,113"/><U30/><E119/><V101/><F74/><W40/><G29/><T133/><D71/><U3/><E3/><V65/><F1/><W37/><G6/><T122/><D115/><U44/><E132/><V28/><F134/><W109/><G91/><T135/><D38/><U66/><E66/><N who="2" m="25707" /><F104/><W32/><G19/><T121/><D135/><U103/><E79/><V2/><F2/><W116/><G40/><T82/><D133/><U117/><E75/><V24/><F114/><W13/><G13/><N who="1" m="5226" /><E117/><V67/><F21/><W127/><G96/><T63/><D110/><U7/><E7/><V120/><F120/><N who="0" m="46186" /><D126/><U111/><E111/><V25/><F24/><W41/><G127/><T76/><D88/><U55/><E26/><V89/><F89/><W33/><G109/><T77/><D77/><U49/><E30/><V36/><F36/><W102/><G37/><T69/><D69/><U85/><E53/><V61/><AGARI ba="1,0" hai="23,25,28,56,57,59,61,67,94,98,101" m="25707" machi="61" ten="30,2000,0" yaku="25,1,8,1" doraHai="118" who="2" fromWho="2" sc="352,-6,177,-11,295,23,176,-6" /><INIT seed="2,0,0,1,2,10" ten="346,166,318,170" oya="2" hai0="30,119,31,130,67,77,76,54,114,118,5,102,135" hai1="19,124,128,66,36,127,33,131,42,113,61,46,80" hai2="107,56,87,28,57,52,85,16,96,86,126,49,32" hai3="98,64,115,0,35,111,84,63,91,9,37,117,6"/><V39/><F39/><W112/><G117/><N who="0" m="44555" /><D114/><U133/><E33/><V2/><F126/><N who="1" m="48169" /><E80/><V40/><F2/><W104/><G37/><T88/><D102/><U93/><E93/><V23/><F32/><W108/><G35/><T50/><D135/><U20/><E113/><N who="3" m="43594" /><G98/><T132/><D132/><U53/><E133/><V125/><F125/><W62/><G104/><T44/><D130/><N who="1" m="49707" /><E19/><V25/><F40/><W109/><G64/><T78/><D67/><U94/><E20/><N who="2" m="15399" /><F107/><W12/><G0/><T38/><D38/><U116/><E94/><AGARI ba="0,0" hai="6,9,12,62,63,84,91,94,108,109,111" m="43594" machi="94" ten="40,5200,0" yaku="14,1,11,1,52,1" doraHai="10" who="3" fromWho="1" sc="346,0,166,-52,318,0,170,52" /><INIT seed="3,0,0,2,3,6" ten="346,114,318,222" oya="3" hai0="73,96,124,103,30,7,55,52,2,22,117,83,45" hai1="67,99,76,84,71,27,16,121,125,32,87,70,113" hai2="50,3,131,36,19,11,31,58,39,91,61,51,86" hai3="23,5,123,112,116,56,17,82,69,33,48,78,40"/><W128/><G69/><T24/><D117/><U44/><E121/><V12/><F131/><W42/><G33/><T134/><D134/><U127/><E113/><V92/><F3/><W38/><G38/><T13/><D2/><U25/><E99/><V57/><F36/><W81/><G123/><T133/><D133/><U119/><E44/><V100/><F39/><W62/><G112/><T110/><D110/><U41/><E41/><V105/><F105/><W8/><G128/><T108/><D108/><U85/><E76/><V59/><F100/><W102/><G102/><T35/><D124/><N who="1" m="47691" /><E67/><V37/><F37/><W43/><G48/><N who="2" m="18473" /><F31/><W21/><G116/><T18/><D45/><U65/><E65/><AGARI ba="0,0" hai="11,12,19,57,58,59,61,65,86,91,92" m="18473" machi="65" ten="30,2000,0" yaku="8,1,52,1" doraHai="6" who="2" fromWho="1" sc="346,0,114,-20,318,20,222,0" /><INIT seed="4,0,0,4,3,62" ten="346,94,338,222" oya="0" hai0="115,77,35,68,98,53,2,1,75,102,104,89,64" hai1="96,40,73,9,132,51,50,95,13,109,54,66,49" hai2="48,28,7,22,120,5,46,52,67,47,55,88,63" hai3="32,103,105,135,57,124,97,44,18,79,118,123,112"/><T29/><D115/><U42/><E73/><V87/><F120/><W19/><G118/><T8/><D53/><U65/><E109/><V72/><F72/><W15/><G32/><T24/><D89/><U41/><E54/><V93/><F28/><W12/><G112/><T131/><D8/><U3/><E3/><V21/><F22/><W76/><G135/><T101/><D101/><U128/><E132/><V113/><F21/><W14/><G124/><T110/><D131/><U122/><E128/><V36/><F113/><W100/><G123/><T60/><D110/><U23/><E23/><V117/><F117/><W56/><G44/><T59/><D59/><N who="3" m="22601" /><G105/><T11/><D11/><U90/><REACH who="1" step="1"/><E122/><REACH who="1" ten="346,84,338,222" step="2"/><V133/><F133/><W45/><G45/><T30/><D30/><U0/><E0/><V85/><F46/><W25/><G25/><T4/><D4/><AGARI ba="0,1" hai="4,9,13,40,41,42,49,50,51,65,66,90,95,96" machi="4" ten="40,12000,2" yaku="1,1,8,1,52,2,53,3" doraHai="62" doraHaiUra="38" who="1" fromWho="0" sc="346,-120,84,130,338,0,222,0" /><INIT seed="5,0,0,2,2,59" ten="226,214,338,222" oya="1" hai0="14,19,18,15,127,129,66,79,70,31,42,54,112" hai1="16,40,62,65,134,71,128,118,77,72,2,47,130" hai2="90,39,99,123,111,109,100,8,22,94,44,29,101" hai3="81,117,110,33,56,17,37,96,68,103,23,20,73"/><U97/><E118/><V52/><F123/><W86/><G68/><T107/><D107/><U98/><E2/><V113/><F39/><W84/><G33/><T75/><D31/><U89/><E134/><V85/><F113/><W35/><G35/><T108/><D108/><U48/><E89/><V11/><F109/><W92/><G110/><T106/><D106/><U67/><E67/><V115/><F115/><W124/><G37/><T74/><D42/><U104/><E16/><V24/><F111/><W63/><G124/><T120/><D112/><U12/><E12/><V61/><F100/><W4/><G4/><T119/><D127/><U133/><E133/><V82/><F44/><W93/><G117/><T131/><D119/><U5/><E5/><V21/><F22/><W132/><G132/><T6/><D6/><U0/><E0/><V57/><AGARI ba="0,0" hai="8,11,21,24,29,52,57,61,82,85,90,94,99,101" machi="57" ten="30,7900,0" yaku="0,1,8,1,52,1,54,1" doraHai="59" who="2" fromWho="2" sc="226,-20,214,-39,338,79,222,-20" /><INIT seed="6,0,0,2,3,62" ten="206,175,417,202" oya="2" hai0="94,122,84,127,53,55,116,30,48,73,23,81,119" hai1="112,6,68,105,129,85,82,36,0,96,115,75,83" hai2="38,8,45,63,70,39,10,11,67,60,77,131,95" hai3="78,106,109,27,72,118,101,76,97,124,111,3,2"/><V87/><F131/><W102/><G27/><N who="0" m="16767" /><D122/><U24/><E36/><V92/><F45/><W46/><G46/><T43/><D94/><U49/><E75/><V91/><F77/><W93/><G93/><T17/><D73/><U65/><E129/><V88/><REACH who="2" step="1"/><F60/><REACH who="2" ten="206,175,407,202" step="2"/><W31/><G78/><T13/><D119/><U130/><E130/><V114/><F114/><W19/><G76/><T66/><D116/><U74/><E112/><V98/><AGARI ba="0,1" hai="8,10,11,38,39,63,67,70,87,88,91,92,95,98" machi="98" ten="30,11700,0" yaku="1,1,0,1,52,1,54,1,53,0" doraHai="62" doraHaiUra="29" who="2" fromWho="2" sc="206,-39,175,-39,407,127,202,-39" /><INIT seed="6,1,0,3,5,40" ten="167,136,534,163" oya="2" hai0="68,20,104,65,71,129,131,75,92,16,53,66,44" hai1="54,96,115,84,61,6,118,32,67,77,58,42,22" hai2="26,116,48,70,120,89,80,108,41,15,9,86,12" hai3="87,63,85,62,56,73,134,1,125,81,101,43,14"/><V117/><F120/><W57/><G1/><T29/><D29/><U93/><E32/><V112/><F70/><N who="0" m="26666" /><D75/><U37/><E118/><V99/><F112/><W28/><G134/><T119/><D104/><U114/><E6/><V97/><F108/><W103/><G125/><T105/><D105/><U31/><E54/><V11/><F116/><W69/><G69/><T107/><D107/><U7/><E7/><V50/><F117/><W17/><G28/><T64/><D92/><U51/><E37/><V78/><F26/><W36/><G73/><T39/><D119/><U128/><E128/><N who="0" m="49225" /><D53/><U94/><E77/><V25/><F25/><W13/><G81/><T113/><D113/><N who="1" m="43019" /><E84/><V34/><F34/><W130/><G130/><T2/><D2/><U95/><E31/><V27/><F27/><W121/><G17/><T72/><D72/><U126/><E22/><V52/><F78/><W5/><G5/><T46/><D39/><U76/><E76/><V98/><F11/><W88/><G36/><T109/><D109/><U91/><E126/><V24/><F24/><AGARI ba="1,0" hai="16,20,24,44,46,64,65,66" m="49225,26666" machi="24" ten="40,8000,1" yaku="19,1,52,2,54,1" doraHai="40" who="0" fromWho="2" sc="167,83,136,0,534,-83,163,0" /><INIT seed="7,0,0,0,3,5" ten="250,136,451,163" oya="3" hai0="75,101,43,108,103,130,35,70,87,41,135,26,89" hai1="6,82,52,91,17,47,53,99,90,102,28,114,117" hai2="81,62,37,31,27,129,51,95,16,73,23,121,32" hai3="111,131,46,86,67,57,48,126,107,92,104,80,98"/><W2/><G2/><T120/><D70/><U42/><E117/><V64/><F37/><W71/><G71/><T118/><D118/><U15/><E114/><V125/><F51/><W56/><G131/><T96/><D75/><U84/><E28/><V109/><F109/><W105/><G126/><T45/><D120/><U123/><E123/><V49/><F49/><W65/><G111/><T12/><D35/><U97/><E6/><V74/><F95/><W68/><G68/><T3/><D26/><U22/><E90/><V29/><F81/><W128/><G128/><T85/><D3/><U24/><E24/><V0/><F23/><W30/><G30/><T60/><D12/><U78/><E78/><V93/><F93/><W63/><G57/><T72/><D89/><U94/><REACH who="1" step="1"/><E99/><REACH who="1" ten="250,126,451,163" step="2"/><V133/><F27/><W115/><G115/><T110/><D96/><U14/><E14/><V21/><F62/><W106/><G63/><T113/><D60/><U59/><E59/><V39/><F64/><W33/><G56/><T40/><D113/><U8/><E8/><V66/><F39/><AGARI ba="0,1" hai="15,17,22,39,42,47,52,53,82,84,91,94,97,102" machi="39" ten="30,3900,0" yaku="1,1,7,1,54,1,53,0" doraHai="5" doraHaiUra="25" who="1" fromWho="2" sc="250,0,126,49,451,-39,163,0" owari="250,5.0,175,-22.0,412,51.0,163,-34.0" /></mjloggm>