<mjloggm ver="2.3"><GO type="169" lobby="0"/><UN n0="%44%6F%72%61%6B%6F" n1="%E3%82%A6%E3%83%AB%E3%83%88%E3%83%A9%E7%AB%8B%E7%9B%B4" n2="%79%75%67%75%61%6E" n3="%E6%98%9F%E9%99%8D%E3%82%8B%E8%A1%97" dan="16,16,16,17" rate="2047.58,2138.60,2071.24,2180.51" sx="F,M,M,F"/><TAIKYOKU oya="0"/><INIT seed="0,0,0,1,3,89" ten="250,250,250,250" oya="0" hai0="132,22,76,91,41,1,127,14,113,6,37,87,95" hai1="32,100,111,72,5,130,8,47,44,9,10,86,110" hai2="78,88,102,46,62,24,25,0,126,112,16,104,128" hai3="125,11,42,83,35,60,122,118,36,55,101,107,82"/><T27/><D113/><U34/><E72/><V121/><F112/><W51/><G35/><N who="1" m="13354" /><E5/><V13/><F0/><W43/><G125/><T123/><D123/><U69/><E69/><V77/><F128/><W74/><G118/><T19/><D132/><U129/><E86/><V109/><F126/><W61/><G36/><T90/><D127/><U80/><E80/><V63/><F121/><W134/><G74/><T52/><D76/><U48/><E100/><V29/><F46/><N who="1" m="17449" /><E48/><V116/><F116/><W28/><G51/><T131/><D131/><AGARI ba="0,0" hai="8,9,10,110,111,129,130,131" m="17449,13354" machi="131" ten="40,5200,0" yaku="28,2,19,1" doraHai="89" who="1" fromWho="0" sc="250,-52,250,52,250,0,250,0" /><INIT seed="1,0,0,0,4,111" ten="198,302,250,250" oya="1" hai0="52,17,78,21,13,45,33,128,113,1,6,133,110" hai1="87,99,3,0,105,59,85,104,114,26,112,76,48" hai2="39,69,34,81,62,41,135,49,131,67,37,132,54" hai3="60,72,89,12,123,9,31,120,126,27,53,65,103"/><U83/><E26/><V80/><F34/><W127/><G72/><T70/><D110/><U24/><E24/><V28/><F28/><W108/><G53/><T106/><D70/><U20/><E20/><V57/><F81/><W4/><G103/><T75/><D106/><U82/><E48/><V96/><F80/><W7/><G89/><T102/><D102/><U91/><E59/><V79/><F79/><W10/><G60/><T14/><D133/><N who="2" m="51274" /><F96/><W18/><G65/><T66/><D66/><U47/><E47/><N who="2" m="25839" /><F131/><W38/><G38/><T71/><D128/><U88/><E99/><V51/><AGARI ba="0,0" hai="37,39,51,54,57,62,67,69" m="25839,51274" machi="51" ten="30,4000,0" yaku="20,1,34,2" doraHai="111" who="2" fromWho="2" sc="198,-10,302,-20,250,40,250,-10" /><INIT seed="2,0,0,2,2,45" ten="188,282,290,240" oya="2" hai0="8,90,28,135,101,46,102,109,43,105,54,5,20" hai1="121,72,133,107,22,23,55,69,115,2,62,37,89" hai2="119,93,13,106,19,75,99,130,92,9,64,56,125" hai3="85,11,50,7,123,74,79,120,48,14,30,3,104"/><V87/><F119/><W63/><G104/><T83/><D109/><U4/><E115/><V68/><F75/><W38/><G38/><T77/><D135/><U36/><E107/><V129/><F68/><W16/><G74/><T31/><D105/><U91/><E72/><V51/><F125/><W6/><G30/><T134/><D134/><U97/><E133/><V44/><F87/><W70/><G123/><T49/><D90/><U60/><E121/><V118/><F118/><W98/><G98/><T80/><D54/><U96/><E2/><V21/><F64/><W57/><G70/><T29/><D20/><U81/><E69/><V116/><F56/><W127/><G127/><T113/><D113/><U132/><E132/><V25/><F106/><W47/><G120/><T95/><D95/><U17/><E55/><V27/><F27/><W58/><G58/><T26/><D26/><U78/><E17/><V41/><F116/><W112/><G47/><T117/><D117/><U42/><E42/><V34/><F34/><W12/><G3/><T100/><REACH who="0" step="1"/><D77/><REACH who="0" ten="178,282,290,240" step="2"/><U15/><E78/><V73/><F93/><W131/><G112/><T0/><AGARI ba="0,1" hai="0,5,8,28,29,31,43,46,49,80,83,100,101,102" machi="0" ten="30,7900,0" yaku="1,1,2,1,0,1,52,1,53,0" doraHai="45" doraHaiUra="65" who="0" fromWho="0" sc="178,89,282,-20,290,-39,240,-20" /><INIT seed="3,0,0,2,1,134" ten="267,262,251,220" oya="3" hai0="49,54,101,33,9,110,112,23,72,76,122,16,56" hai1="87,64,116,99,60,45,120,103,51,39,79,32,40" hai2="58,107,86,27,78,127,113,92,48,24,17,13,93" hai3="57,111,61,30,29,131,35,59,34,15,25,105,91"/><W47/><G131/><T123/><D110/><U26/><E120/><V98/><F113/><W46/><G111/><T106/><D33/><U125/><E116/><V21/><F107/><W95/><G105/><T22/><D112/><U71/><E87/><V12/><F12/><W20/><G15/><T90/><D9/><U108/><E79/><V14/><F14/><W42/><G59/><T96/><D23/><U109/><E51/><V19/><F19/><W121/><G121/><T65/><D65/><U83/><E83/><V133/><F133/><W132/><G132/><T44/><D90/><U67/><E67/><V55/><F127/><W85/><G30/><T6/><D6/><U104/><E125/><V62/><F62/><W97/><G85/><T88/><D44/><U66/><E66/><V43/><F43/><W100/><G91/><T1/><D1/><U68/><E68/><V28/><F28/><AGARI ba="0,0" hai="26,28,32,39,40,45,60,64,71,99,103,104,108,109" machi="28" ten="40,8000,1" yaku="25,2,23,2" doraHai="134" who="1" fromWho="2" sc="267,0,262,80,251,-80,220,0" /><INIT seed="4,0,0,5,0,51" ten="267,342,171,220" oya="0" hai0="40,38,64,14,119,74,82,31,6,77,30,109,73" hai1="132,61,84,69,19,41,59,12,50,1,102,113,114" hai2="127,20,44,10,2,121,26,111,95,87,57,71,126" hai3="83,16,101,58,117,122,42,68,33,32,63,115,103"/><T43/><D119/><U60/><E1/><V9/><F71/><W93/><G68/><T86/><D109/><U5/><E5/><V46/><F111/><W0/><G117/><T104/><D104/><U11/><E132/><V96/><F121/><W124/><G0/><T135/><D135/><U76/><E102/><V23/><F87/><W88/><G122/><T112/><D112/><N who="1" m="43115" /><E69/><V8/><F2/><W108/><G32/><T27/><D64/><U22/><E22/><V129/><F129/><W52/><G33/><T56/><D38/><U55/><E41/><V35/><F57/><W123/><G108/><T45/><D73/><U125/><E125/><N who="2" m="47627" /><F35/><W105/><G105/><T4/><D74/><U79/><E84/><V39/><F39/><W98/><G123/><T106/><D106/><U7/><E7/><V36/><F36/><W97/><G42/><N who="0" m="15915" /><D45/><N who="2" m="17514" /><F26/><W66/><G115/><T17/><D56/><N who="1" m="32887" /><E61/><V13/><F13/><W94/><G124/><T107/><D107/><U48/><E48/><V70/><F70/><W67/><G16/><T28/><D27/><U29/><E29/><N who="0" m="7425" /><T25/><DORA hai="120" /><D25/><U90/><E59/><V133/><F133/><W134/><G134/><T91/><D77/><U78/><E60/><V85/><F85/><AGARI ba="0,0" hai="52,58,63,66,67,83,85,88,93,94,97,98,101,103" machi="85" ten="40,8000,1" yaku="9,1,8,1,52,1,54,2" doraHai="51,120" who="3" fromWho="2" sc="267,0,342,0,171,-80,220,80" /><INIT seed="5,0,0,2,0,69" ten="267,342,91,300" oya="1" hai0="132,27,64,9,36,123,94,118,17,11,75,12,89" hai1="101,6,110,39,130,24,127,135,44,25,92,74,32" hai2="41,134,45,91,46,65,114,53,26,117,52,106,51" hai3="31,42,113,112,50,87,71,126,109,5,1,115,18"/><U28/><E74/><V129/><F106/><W73/><G73/><T22/><D118/><U128/><E127/><V54/><F91/><W60/><G109/><T99/><D123/><U30/><E6/><V35/><F35/><W61/><G126/><T16/><D132/><U33/><E135/><V116/><F26/><W67/><G31/><T49/><D75/><U84/><E110/><V83/><F83/><W95/><G18/><T55/><D36/><U93/><E84/><V62/><F134/><W59/><G5/><T76/><D64/><U81/><E81/><V88/><F88/><N who="3" m="53663" /><G1/><T97/><D76/><U72/><E72/><V131/><F114/><W120/><G120/><T29/><D99/><U66/><E66/><V86/><F86/><W14/><G14/><T23/><REACH who="0" step="1"/><D29/><REACH who="0" ten="257,342,91,300" step="2"/><U57/><E30/><V63/><F63/><N who="3" m="38399" /><G71/><T34/><D34/><U104/><E32/><V107/><F107/><W79/><G79/><T85/><D85/><U15/><E33/><V111/><F111/><W96/><G96/><T82/><D82/><U102/><E104/><V58/><REACH who="2" step="1"/><F46/><AGARI ba="0,1" hai="42,46,50,60,61,112,113,115" m="38399,53663" machi="46" ten="30,2000,0" yaku="15,1,54,1" doraHai="69" who="3" fromWho="2" sc="257,0,342,0,91,-20,300,30" /><AGARI ba="0,0" hai="9,11,12,16,17,22,23,27,46,49,55,89,94,97" machi="46" ten="30,7700,0" yaku="1,1,7,1,8,1,54,1,53,0" doraHai="69" doraHaiUra="119" who="0" fromWho="2" sc="257,77,342,0,71,-77,330,0" owari="334,13.0,342,45.0,-6,-51.0,330,-7.0" /></mjloggm>