<mjloggm ver="2.3"><GO type="169" lobby="0"/><UN n0="%E3%81%AF%E3%82%84%E3%81%BE%E3%82%8A" n1="%52%69%2D%4D%6F%2D" n2="%E3%82%A6%E3%83%AB%E3%83%88%E3%83%A9%E7%AB%8B%E7%9B%B4" n3="%6A%75%6E%6E%2E%69" dan="16,19,17,16" rate="2028.93,2295.01,2163.96,2140.53" sx="M,M,M,M"/><TAIKYOKU oya="0"/><INIT seed="0,0,0,3,2,47" ten="250,250,250,250" oya="0" hai0="107,91,17,30,126,125,13,62,0,11,132,96,130" hai1="24,16,56,32,82,22,89,45,74,119,111,120,73" hai2="103,127,134,84,37,100,85,124,99,59,54,1,21" hai3="43,87,102,123,76,65,19,105,35,48,69,94,86"/><T116/><D116/><U101/><E119/><V33/><F33/><W18/><G35/><T60/><D132/><U28/><E120/><V131/><F37/><W49/><G69/><T108/><D130/><U72/><E111/><V58/><F1/><W36/><G65/><T41/><D108/><U42/><E101/><V46/><F46/><W117/><G36/><T6/><D41/><U40/><E56/><V118/><F118/><W66/><G66/><T109/><D109/><U39/><E42/><V97/><F21/><W4/><G43/><T121/><D30/><U9/><E9/><V31/><F31/><W128/><G105/><T55/><D121/><U122/><E122/><V67/><F67/><W93/><G4/><T112/><D112/><U110/><E110/><V12/><F12/><W15/><G117/><T68/><D68/><U10/><E10/><V78/><F78/><W51/><G123/><T83/><D55/><U25/><REACH who="1" step="1"/><E89/><REACH who="1" ten="250,240,250,250" step="2"/><V53/><REACH who="2" step="1"/><F131/><REACH who="2" ten="250,240,240,250" step="2"/><W3/><G128/><T23/><D11/><U114/><E114/><V63/><F63/><W26/><G3/><T29/><D60/><U113/><E113/><V81/><F81/><AGARI ba="0,2" hai="16,22,24,25,28,32,39,40,45,72,73,74,81,82" machi="81" ten="40,2600,0" yaku="1,1,54,1,53,0" doraHai="47" doraHaiUra="129" who="1" fromWho="2" sc="250,0,240,46,240,-26,250,0" /><INIT seed="1,0,0,4,4,28" ten="250,286,214,250" oya="1" hai0="70,123,129,108,65,128,43,58,107,117,132,0,27" hai1="135,20,64,32,81,25,121,38,14,72,78,41,46" hai2="84,114,98,17,125,55,127,42,80,122,21,79,15" hai3="88,91,68,50,96,9,106,12,97,53,90,13,40"/><U71/><E121/><V4/><F122/><W56/><G68/><T92/><D123/><U34/><E135/><V99/><F114/><W24/><G24/><T109/><D107/><U16/><REACH who="1" step="1"/><E25/><REACH who="1" ten="250,276,214,250" step="2"/><V116/><F116/><W85/><G106/><T39/><D27/><U126/><E126/><V3/><F127/><W31/><G96/><T29/><D132/><U134/><E134/><V130/><F125/><W49/><G97/><T133/><D133/><U35/><E35/><V22/><F99/><W87/><G31/><T54/><D29/><U103/><E103/><V19/><F98/><W6/><REACH who="3" step="1"/><G13/><REACH who="3" ten="250,276,214,240" step="2"/><T118/><D118/><U120/><E120/><V18/><F15/><W57/><G57/><T59/><D59/><U51/><E51/><V94/><F3/><W52/><G52/><T89/><D0/><U112/><E112/><V76/><F55/><W61/><G61/><AGARI ba="0,2" hai="14,16,20,32,34,38,41,46,61,64,71,72,78,81" machi="61" ten="40,12000,1" yaku="1,1,52,2,54,1,53,1" doraHai="28" doraHaiUra="11" who="1" fromWho="3" sc="250,0,276,140,214,0,240,-120" /><INIT seed="1,1,0,0,4,98" ten="250,416,214,120" oya="1" hai0="84,130,25,42,82,77,133,20,110,46,76,64,12" hai1="6,121,21,83,35,91,90,54,122,120,134,48,2" hai2="45,7,24,126,101,118,62,57,67,50,11,114,95" hai3="92,16,14,39,18,4,23,117,72,36,86,93,85"/><U75/><E35/><V61/><F114/><W38/><G72/><T52/><D110/><U34/><E34/><V112/><F112/><W41/><G41/><T102/><D130/><U78/><E134/><V29/><F126/><W68/><G68/><T127/><D127/><U65/><E65/><V9/><F118/><W94/><G117/><T106/><D133/><U28/><E28/><V13/><F61/><W40/><G40/><T43/><D64/><U3/><E21/><V131/><F131/><W124/><G124/><T104/><D104/><U125/><E125/><V10/><F95/><W111/><G111/><T123/><D76/><U56/><REACH who="1" step="1"/><E6/><REACH who="1" ten="250,406,214,120" step="2"/><V135/><F135/><W26/><REACH who="3" step="1"/><G4/><REACH who="3" ten="250,406,214,110" step="2"/><T32/><D123/><U73/><E73/><V15/><F7/><W19/><G19/><T71/><D71/><U89/><AGARI ba="1,2" hai="2,3,48,54,56,75,78,83,89,90,91,120,121,122" machi="89" ten="40,12000,1" yaku="1,1,0,1,53,3" doraHai="98" doraHaiUra="87" who="1" fromWho="1" sc="250,-41,406,143,214,-41,110,-41" /><INIT seed="1,2,0,1,2,43" ten="209,549,173,69" oya="1" hai0="19,53,4,25,125,2,0,106,86,85,124,131,34" hai1="81,36,127,14,64,21,56,91,122,132,52,82,118" hai2="9,40,18,41,117,32,113,100,72,130,98,88,68" hai3="89,87,79,39,133,135,93,71,54,70,5,48,83"/><U77/><E122/><V105/><F117/><W112/><G39/><T74/><D74/><U26/><E118/><V92/><F68/><W17/><G5/><T55/><D106/><U134/><E36/><V65/><F32/><W11/><G11/><T120/><D131/><U63/><E127/><V50/><F65/><W84/><G17/><T107/><D107/><U66/><E14/><V102/><F72/><W115/><G71/><T69/><D69/><U49/><E91/><V1/><F130/><W29/><G29/><T67/><D67/><U3/><E3/><V60/><F60/><W12/><G12/><T76/><D19/><N who="1" m="12607" /><E77/><V27/><F113/><W47/><REACH who="3" step="1"/><G70/><REACH who="3" ten="209,549,173,59" step="2"/><T33/><D4/><U61/><E132/><AGARI ba="2,1" hai="47,48,54,79,83,84,87,89,93,112,115,132,133,135" machi="132" ten="40,8000,1" yaku="1,1,2,1,20,1,52,1,53,0" doraHai="43" doraHaiUra="59" who="3" fromWho="1" sc="209,0,549,-86,173,0,59,96" /><INIT seed="2,0,0,3,5,123" ten="209,463,173,155" oya="2" hai0="34,38,85,9,58,126,94,111,45,21,37,33,102" hai1="16,48,132,66,3,32,74,90,131,12,23,114,55" hai2="61,133,77,113,82,25,119,121,14,115,7,81,99" hai3="92,68,80,84,42,49,78,20,13,56,53,122,43"/><V75/><F61/><W130/><G122/><T95/><D126/><U72/><E114/><N who="2" m="43531" /><F14/><W127/><G68/><T118/><D102/><U71/><E32/><V18/><F18/><N who="3" m="10319" /><G127/><T83/><D58/><U88/><E3/><V129/><F25/><W79/><G130/><T64/><D64/><U19/><E131/><V51/><F51/><W86/><G79/><T59/><D59/><U39/><E39/><V97/><F7/><W135/><G135/><T8/><D21/><U27/><E132/><V108/><F133/><W134/><G134/><T69/><D69/><U104/><E66/><V87/><F121/><W40/><G86/><T17/><D85/><U29/><E71/><V46/><F46/><N who="3" m="25799" /><G92/><T0/><D0/><U106/><E29/><V5/><F5/><W112/><G112/><T65/><D94/><U1/><E1/><V128/><F119/><W15/><G15/><T89/><D37/><U62/><E12/><V120/><F120/><W2/><G2/><T117/><D38/><U116/><E116/><V22/><F22/><W31/><G31/><T103/><D33/><U93/><E23/><V28/><F28/><W98/><G98/><N who="2" m="37385" /><F129/><W36/><G36/><T52/><D34/><U41/><E48/><AGARI ba="0,0" hai="42,43,48,53,56,78,80,84" m="25799,10319" machi="48" ten="30,1000,0" yaku="8,1" doraHai="123" who="3" fromWho="1" sc="209,0,463,-10,173,0,155,10" /><INIT seed="3,0,0,0,3,100" ten="209,453,173,165" oya="3" hai0="43,85,99,80,83,59,1,84,129,58,5,74,122" hai1="18,10,23,44,102,132,89,30,28,14,26,55,127" hai2="118,32,121,92,11,45,33,20,120,35,72,25,77" hai3="105,47,4,111,64,51,73,87,7,52,66,78,24"/><W90/><G73/><T50/><D122/><N who="2" m="47210" /><F72/><W95/><G105/><T62/><D129/><U91/><E102/><V135/><F77/><W16/><G78/><T61/><D74/><U63/><E127/><V117/><F92/><W29/><G29/><T98/><D1/><U69/><E132/><V96/><F96/><W21/><REACH who="3" step="1"/><G111/><REACH who="3" ten="209,453,173,155" step="2"/><T97/><D97/><U93/><E28/><N who="2" m="17447" /><F135/><W114/><G114/><T112/><D112/><U0/><E30/><V13/><F45/><W3/><G3/><T27/><D99/><U6/><E44/><V54/><F54/><W126/><G126/><T8/><D98/><U17/><E55/><V113/><F113/><W75/><G75/><T56/><D85/><U115/><E115/><V82/><F82/><W57/><G57/><T46/><D83/><U65/><E93/><V133/><F133/><W38/><G38/><T101/><D84/><U86/><E86/><V134/><F134/><W81/><G81/><T124/><D80/><U41/><E0/><V67/><F67/><AGARI ba="0,1" hai="4,7,16,21,24,47,51,52,64,66,67,87,90,95" machi="67" ten="40,12000,1" yaku="1,1,8,1,54,2,53,1" doraHai="100" doraHaiUra="88" who="3" fromWho="2" sc="209,0,453,0,173,-120,155,130" /><INIT seed="3,1,0,1,2,95" ten="209,453,53,285" oya="3" hai0="79,21,5,89,61,115,91,51,87,15,111,66,22" hai1="20,11,57,99,73,133,68,98,125,104,121,67,16" hai2="135,129,118,13,41,75,8,82,81,12,52,54,50" hai3="97,112,29,110,116,36,44,18,39,40,114,124,33"/><W130/><G18/><T63/><D111/><U42/><E121/><V123/><F118/><W10/><G10/><T106/><D106/><U76/><E68/><V47/><F123/><W26/><G116/><T38/><D38/><U134/><E125/><V69/><F69/><W80/><G80/><N who="2" m="30825" /><F75/><W90/><G124/><T122/><D122/><U86/><E73/><V70/><F70/><W120/><G120/><T35/><D35/><U3/><E86/><V65/><F129/><W23/><G39/><T107/><D107/><U55/><E67/><V64/><F135/><N who="1" m="51721" /><E42/><V17/><F13/><W93/><G130/><T7/><D15/><N who="1" m="9247" /><E104/><V88/><F88/><W1/><G1/><T48/><D79/><U109/><E109/><V34/><F34/><W128/><G128/><T56/><D87/><U72/><E76/><V132/><F132/><W113/><REACH who="3" step="1"/><G110/><REACH who="3" ten="209,453,53,275" step="2"/><T119/><D119/><U2/><E2/><V78/><F78/><W25/><G25/><T59/><D115/><U83/><E83/><V92/><F8/><W126/><G126/><T43/><D7/><U58/><E72/><V45/><F12/><W24/><G24/><T60/><D5/><U31/><E11/><V30/><F17/><W117/><G117/><T0/><D0/><U37/><E3/><V85/><F30/><W96/><G96/><T28/><D28/><U94/><E31/><V46/><F85/><W100/><G100/><T77/><D77/><U4/><E4/><V84/><F84/><W6/><G6/><T102/><D102/><N who="1" m="60759" /><E99/><V127/><F127/><W74/><G74/><T131/><D131/><RYUUKYOKU ba="1,1" sc="209,-10,453,-10,53,-10,275,30" hai3="23,26,29,33,36,40,44,90,93,97,112,113,114" /><INIT seed="3,2,1,5,0,79" ten="199,443,43,305" oya="3" hai0="67,114,46,4,18,14,73,33,39,8,9,112,106" hai1="71,0,131,54,59,6,12,86,60,35,85,92,134" hai2="21,84,98,77,1,105,57,108,22,120,2,70,11" hai3="43,27,29,93,91,63,28,102,47,55,118,20,69"/><W83/><G118/><T3/><D106/><U81/><E35/><V127/><F70/><W53/><G102/><T80/><D33/><U48/><E0/><V117/><F105/><W58/><G69/><T31/><D31/><U64/><E131/><V16/><F98/><W68/><G68/><T5/><D67/><U125/><E125/><V30/><F57/><W76/><G28/><T26/><D26/><U24/><E134/><V74/><F84/><N who="3" m="48231" /><G43/><N who="0" m="22911" /><D18/><U88/><E24/><N who="2" m="16663" /><F77/><AGARI ba="2,1" hai="3,4,5,8,9,14,73,77,80,112,114" m="22911" machi="77" ten="30,2000,0" yaku="25,1,52,1" doraHai="79" who="0" fromWho="2" sc="199,36,443,0,43,-26,305,0" /><INIT seed="4,0,0,1,0,129" ten="235,443,17,305" oya="0" hai0="54,25,134,77,21,59,55,71,24,115,91,101,114" hai1="84,31,128,117,2,64,109,12,39,111,94,123,56" hai2="79,30,22,97,35,98,122,26,37,57,105,51,120" hai3="126,14,10,19,131,9,3,107,43,96,60,23,73"/><T4/><D71/><U11/><E39/><V52/><F37/><W66/><G73/><T40/><D40/><U62/><E2/><V7/><F79/><W13/><G43/><T45/><D101/><U38/><E38/><V36/><F36/><W104/><G131/><T0/><D77/><U42/><E42/><V17/><F7/><W50/><G50/><T75/><D75/><U18/><E123/><V81/><F81/><W29/><G29/><T47/><D91/><U44/><E44/><V28/><F28/><W33/><G33/><T116/><D59/><U69/><E117/><V82/><F82/><W119/><G3/><T27/><D27/><U68/><E128/><V88/><F98/><W80/><G80/><T121/><D0/><U16/><E31/><V53/><F53/><W95/><G23/><T20/><D4/><U99/><E84/><V5/><F5/><W85/><G85/><T108/><D121/><U127/><E127/><V70/><F70/><W102/><G126/><T130/><D130/><U67/><E18/><V112/><F112/><W41/><G41/><T61/><D61/><N who="1" m="37927" /><E68/><V78/><F78/><W74/><G74/><T92/><D116/><U32/><E32/><V87/><F87/><W34/><G34/><T133/><REACH who="0" step="1"/><D92/><REACH who="0" ten="225,443,17,305" step="2"/><U86/><E94/><N who="2" m="56519" /><F105/><W100/><G119/><T8/><D8/><U89/><E11/><V76/><F76/><W132/><G107/><T1/><D1/><U103/><E69/><V83/><F83/><W113/><G104/><T65/><D65/><U125/><E125/><V49/><F49/><W6/><G66/><RYUUKYOKU ba="0,1" sc="225,15,443,-15,17,15,305,-15" hai0="20,21,24,25,45,47,54,55,108,114,115,133,134" hai2="17,22,26,30,35,51,52,57,120,122" /><INIT seed="4,1,1,3,3,11" ten="240,428,32,290" oya="0" hai0="117,31,120,21,43,128,103,78,90,106,95,96,107" hai1="104,113,52,41,82,101,54,48,12,37,36,45,7" hai2="100,13,98,1,29,61,80,56,44,69,20,75,81" hai3="18,108,16,130,77,35,17,38,111,70,109,72,71"/><T112/><D120/><U123/><E123/><V127/><F1/><W122/><G122/><T42/><D117/><U27/><E113/><V4/><F69/><N who="3" m="26123" /><G77/><T115/><D128/><U5/><E104/><V40/><F127/><W87/><G87/><T24/><D78/><U114/><E114/><N who="0" m="43561" /><D107/><U0/><E0/><V124/><F124/><W133/><G38/><T46/><D46/><U50/><E101/><V14/><F75/><W73/><G35/><T15/><D15/><N who="2" m="5642" /><F4/><W67/><G67/><T34/><D34/><U132/><E12/><V32/><F32/><W129/><G133/><T91/><D91/><U64/><E132/><V89/><F100/><W134/><G134/><T39/><D39/><U19/><E37/><V66/><F44/><W126/><G126/><T92/><D106/><U23/><E36/><V3/><F3/><W131/><AGARI ba="1,1" hai="16,17,18,72,73,108,109,111,129,130,131" m="26123" machi="131" ten="50,12000,2" yaku="29,2,28,2,19,1,54,1" doraHai="11" who="3" fromWho="3" sc="240,-61,428,-31,32,-31,290,133" /><INIT seed="5,0,0,1,3,40" ten="179,397,1,423" oya="1" hai0="11,28,77,134,9,112,81,57,108,58,0,75,67" hai1="22,85,29,52,13,56,43,68,49,26,124,16,4" hai2="82,135,23,96,62,1,114,120,97,44,33,48,71" hai3="98,45,117,69,10,103,37,27,72,133,61,111,70"/><U36/><E124/><V46/><F33/><W126/><G72/><T128/><D108/><U123/><E123/><V102/><F120/><W17/><G111/><T59/><D112/><U130/><E130/><V60/><F1/><W115/><G115/><T119/><D119/><U73/><E73/><V118/><F118/><W121/><G121/><T129/><D134/><U3/><E68/><V113/><F71/><W21/><G133/><T55/><D67/><U30/><E3/><V24/><F135/><W109/><G109/><T12/><D28/><U104/><E104/><V100/><F82/><W32/><G126/><T127/><D127/><U122/><E122/><V41/><F48/><W14/><G117/><T90/><D90/><U64/><E64/><V86/><F86/><W66/><G32/><T31/><D31/><U76/><E43/><V63/><F41/><W35/><G35/><T88/><D88/><U7/><E36/><V42/><F42/><W107/><G37/><T93/><D93/><U132/><E132/><V20/><F63/><W99/><G99/><T125/><D125/><U2/><E2/><V95/><F24/><W15/><G70/><T80/><D80/><N who="1" m="47239" /><E30/><V53/><F53/><W8/><REACH who="3" step="1"/><G45/><REACH who="3" ten="179,397,1,413" step="2"/><T78/><D75/><U25/><E25/><V92/><AGARI ba="0,1" hai="20,23,44,46,60,62,92,95,96,97,100,102,113,114" machi="92" ten="25,8000,1" yaku="0,1,22,2,52,2" doraHai="40" who="2" fromWho="2" sc="179,-20,397,-40,1,90,413,-20" /><INIT seed="6,0,0,4,4,10" ten="159,357,91,393" oya="2" hai0="102,94,25,24,42,26,40,110,54,120,129,104,30" hai1="19,82,69,56,92,35,83,58,99,97,126,122,123" hai2="16,31,41,23,81,101,87,64,96,2,22,73,103" hai3="8,37,112,135,33,59,86,3,0,121,105,132,18"/><V60/><F2/><N who="3" m="555" /><G86/><T13/><D110/><U106/><E69/><V70/><F73/><W20/><G59/><T113/><D120/><U116/><E116/><V66/><F66/><W32/><G37/><T115/><D104/><U100/><E35/><N who="3" m="13386" /><G105/><T68/><D68/><U27/><E27/><V57/><F70/><W46/><G46/><T74/><D30/><U5/><E5/><V12/><F41/><W50/><G50/><T75/><D129/><U48/><E19/><N who="2" m="10599" /><F31/><W7/><G121/><N who="1" m="46090" /><E48/><V29/><F29/><W17/><G112/><N who="0" m="43083" /><D54/><U88/><E126/><V38/><F96/><W47/><G47/><T34/><D34/><U89/><E106/><V14/><F38/><W72/><G72/><T6/><D42/><U118/><E118/><V51/><F51/><W114/><G114/><T98/><D40/><U128/><E128/><V62/><F62/><W65/><G65/><T134/><D75/><U61/><E97/><V90/><AGARI ba="0,0" hai="14,16,23,57,60,64,81,87,90,101,103" m="10599" machi="90" ten="30,11700,0" yaku="8,1,52,2,54,1" doraHai="10" who="2" fromWho="2" sc="159,-39,357,-39,91,117,393,-39" /><INIT seed="6,1,0,2,2,115" ten="120,318,208,354" oya="2" hai0="44,11,73,108,93,1,26,89,60,19,96,50,5" hai1="65,6,99,16,9,125,54,64,49,27,29,117,63" hai2="42,30,66,134,90,127,51,101,39,62,102,86,0" hai3="95,104,28,129,121,128,123,103,111,47,98,10,12"/><V53/><F0/><W97/><G28/><T68/><D108/><U120/><E117/><V133/><F127/><W36/><G47/><T3/><D73/><U130/><E125/><V81/><F30/><W92/><G36/><T24/><D1/><U13/><E130/><N who="3" m="50282" /><G111/><T135/><D135/><N who="2" m="51722" /><F42/><W75/><G75/><T14/><D60/><U124/><E124/><V116/><F39/><W31/><G31/><T48/><D68/><U20/><E120/><N who="3" m="46154" /><G98/><T25/><REACH who="0" step="1"/><D44/><REACH who="0" ten="110,318,208,354" step="2"/><U80/><E63/><V38/><F116/><W41/><G41/><T83/><D83/><U2/><E80/><V106/><F106/><W74/><G74/><T23/><AGARI ba="1,1" hai="3,5,11,14,19,23,24,25,26,48,50,89,93,96" machi="23" ten="30,2000,0" yaku="1,1,0,1,53,0" doraHai="115" doraHaiUra="58" who="0" fromWho="0" sc="110,33,318,-6,208,-11,354,-6" /><INIT seed="7,0,0,4,5,70" ten="143,312,197,348" oya="3" hai0="123,79,129,106,15,112,49,35,109,103,124,55,23" hai1="80,92,0,42,84,100,115,66,74,12,25,77,88" hai2="82,46,29,2,33,114,31,130,58,68,69,128,94" hai3="27,30,3,59,38,131,5,50,120,117,113,85,108"/><W34/><G50/><T118/><D109/><U105/><E0/><V127/><F2/><W40/><G59/><T11/><D118/><U63/><E115/><V89/><F114/><W91/><G85/><T54/><D123/><U28/><E12/><V133/><F127/><W57/><G91/><T111/><D111/><U53/><E53/><V81/><F46/><W22/><G57/><T20/><D129/><N who="2" m="49770" /><F133/><W119/><G40/><T47/><D124/><U86/><E86/><N who="2" m="52535" /><F58/><W52/><G108/><T102/><D112/><U56/><E42/><V45/><F45/><W96/><G113/><T24/><D79/><U95/><E95/><V125/><F125/><W98/><G120/><T87/><D87/><U14/><E14/><V67/><F69/><W73/><G3/><T110/><D110/><U1/><E1/><V32/><F33/><W6/><G34/><T43/><D35/><U97/><E25/><N who="2" m="18479" /><F31/><AGARI ba="0,0" hai="28,31,56,63,66,74,77,80,84,88,92,97,100,105" machi="31" ten="40,5200,0" yaku="24,2,54,1" doraHai="70" who="1" fromWho="2" sc="143,0,312,52,197,-52,348,0" owari="143,-36.0,364,46.0,145,-25.0,348,15.0" /></mjloggm>