<mjloggm ver="2.3"><GO type="169" lobby="0"/><UN n0="%E5%B0%B1%E6%B4%BB%E7%94%9F%40%E5%B7%9D%E6%9D%91%E8%BB%8D%E5%9B%A3" n1="%E3%82%AB%E3%82%BF%E3%83%AA%E3%83%8A" n2="%E7%BE%BD%E6%9C%88%E8%8E%89%E9%9F%B3" n3="%E9%87%8C%E6%9C%A8%E4%BB%81" dan="17,16,17,16" rate="2166.23,2163.57,2192.99,2135.99" sx="M,M,M,M"/><TAIKYOKU oya="0"/><INIT seed="0,0,0,0,4,8" ten="250,250,250,250" oya="0" hai0="1,114,116,71,45,25,22,92,31,67,57,73,35" hai1="12,48,119,30,28,84,7,131,93,29,46,94,58" hai2="85,21,88,81,10,17,0,108,97,65,87,59,63" hai3="124,123,42,20,53,121,68,101,112,2,118,44,96"/><T60/><D114/><U40/><E119/><V50/><F108/><W120/><G118/><T98/><D116/><U41/><E131/><V52/><F97/><W104/><G112/><T39/><D73/><U79/><E41/><V91/><F0/><W62/><G2/><T64/><D1/><U122/><E122/><V38/><F38/><N who="3" m="21591" /><G20/><T83/><D83/><N who="1" m="47231" /><E58/><V125/><F10/><AGARI ba="0,0" hai="7,10,12,28,29,30,40,46,48,93,94" m="47231" machi="10" ten="30,3900,0" yaku="25,1,8,1,52,1" doraHai="8" who="1" fromWho="2" sc="250,0,250,39,250,-39,250,0" /><INIT seed="1,0,0,4,0,20" ten="250,289,211,250" oya="1" hai0="93,110,127,72,106,115,107,98,63,11,119,71,7" hai1="69,59,67,44,105,0,53,89,101,2,31,77,68" hai2="117,8,100,42,54,45,80,12,33,58,46,25,35" hai3="76,79,95,122,62,47,96,43,82,60,75,120,9"/><U24/><E77/><V32/><F117/><W125/><G125/><T116/><D72/><U26/><E44/><V108/><F108/><W92/><G92/><T94/><D110/><U87/><E101/><V66/><F100/><W123/><G79/><T81/><D119/><U18/><E105/><V90/><F66/><W50/><REACH who="3" step="1"/><G9/><REACH who="3" ten="250,289,211,240" step="2"/><T1/><D94/><U36/><E69/><V88/><F80/><W19/><G19/><T102/><D81/><U111/><E111/><V73/><F90/><AGARI ba="0,1" hai="43,47,50,60,62,75,76,82,90,95,96,120,122,123" machi="90" ten="40,1300,0" yaku="1,1,53,0" doraHai="20" doraHaiUra="65" who="3" fromWho="2" sc="250,0,289,0,211,-13,240,23" /><INIT seed="2,0,0,0,3,23" ten="250,289,198,263" oya="2" hai0="98,70,59,21,121,84,78,55,17,66,62,108,51" hai1="19,71,114,7,106,127,56,53,61,82,115,113,101" hai2="125,122,36,12,132,69,57,91,20,133,73,107,28" hai3="47,94,27,111,99,68,90,30,95,4,77,42,31"/><V79/><F122/><W33/><G68/><T80/><D108/><U15/><E127/><V0/><F69/><W92/><G111/><T14/><D121/><U1/><E71/><V29/><F0/><W49/><G4/><T131/><D131/><U67/><E1/><V110/><F107/><W11/><G77/><T103/><D98/><U129/><E129/><V96/><F36/><W128/><G128/><T50/><D103/><U109/><E109/><V74/><F110/><W63/><G11/><T119/><D119/><U97/><E82/><N who="2" m="45423" /><F74/><W24/><REACH who="3" step="1"/><G63/><AGARI ba="0,0" hai="14,17,21,50,51,55,59,62,63,66,70,78,80,84" machi="63" ten="30,1000,0" yaku="7,1" doraHai="23" who="0" fromWho="3" sc="250,10,289,0,198,0,263,-10" /><INIT seed="3,0,0,4,0,23" ten="260,289,198,253" oya="3" hai0="25,121,87,83,26,12,61,96,118,94,1,86,98" hai1="33,55,19,53,122,18,43,59,95,39,49,65,109" hai2="29,133,32,44,27,42,81,68,110,22,88,56,77" hai3="41,11,24,48,69,14,130,126,128,78,123,80,103"/><W75/><G123/><T58/><D1/><U101/><E122/><V64/><F110/><W73/><G126/><T125/><D121/><U112/><E112/><V124/><F124/><W40/><G69/><T31/><D118/><U92/><E33/><V34/><F133/><W9/><G103/><T70/><D70/><U20/><E65/><V7/><F68/><W127/><G127/><T115/><D31/><U52/><E109/><V72/><F7/><W0/><G75/><T106/><D106/><U21/><E39/><V16/><F29/><W46/><G0/><T131/><D131/><N who="3" m="50217" /><G14/><T119/><D119/><U93/><E101/><V129/><F129/><W105/><G105/><T91/><D12/><N who="1" m="9287" /><E43/><N who="3" m="16458" /><G24/><AGARI ba="0,0" hai="19,21,24,49,52,53,55,59,92,93,95" m="9287" machi="24" ten="30,3900,0" yaku="8,1,52,1,54,1" doraHai="23" who="1" fromWho="3" sc="260,0,289,39,198,0,253,-39" /><INIT seed="4,0,0,5,2,60" ten="260,328,198,214" oya="0" hai0="114,18,124,10,5,122,40,86,47,44,100,19,72" hai1="34,4,134,63,56,83,15,113,128,20,28,35,98" hai2="82,75,17,6,99,107,9,32,104,64,22,102,37" hai3="96,46,129,39,69,77,65,2,55,14,125,127,42"/><T85/><D122/><U48/><E128/><V123/><F123/><W87/><G2/><T120/><D72/><U13/><E134/><V78/><F32/><W16/><G129/><T93/><D120/><U7/><E48/><V68/><F37/><W12/><G12/><T118/><D118/><U41/><E41/><V27/><F107/><W25/><G25/><T132/><D132/><U90/><E113/><V53/><F53/><W117/><G117/><T43/><D124/><U52/><E34/><V80/><F80/><N who="3" m="47503" /><G96/><T49/><D114/><U66/><E35/><V126/><F126/><N who="3" m="48139" /><G55/><T24/><D24/><N who="1" m="16391" /><E52/><V109/><F109/><W23/><G69/><T130/><D130/><U95/><E83/><V89/><F89/><W133/><G133/><T111/><D111/><U101/><E90/><V131/><F131/><W59/><G59/><T81/><D86/><U58/><E58/><V106/><F106/><W26/><G26/><T79/><D93/><U3/><E3/><V94/><F104/><W91/><G91/><T84/><D84/><U29/><E29/><V97/><F97/><W92/><G92/><T88/><D100/><U11/><E15/><N who="2" m="5559" /><F68/><W73/><G73/><T38/><REACH who="0" step="1"/><D79/><REACH who="0" ten="250,328,198,214" step="2"/><U105/><E105/><V57/><F75/><W76/><G76/><T0/><AGARI ba="0,1" hai="0,5,10,18,19,38,40,43,44,47,49,81,85,88" machi="0" ten="20,12000,1" yaku="1,1,2,1,0,1,7,1,54,1,53,0" doraHai="60" doraHaiUra="74" who="0" fromWho="0" sc="250,130,328,-40,198,-40,214,-40" /><INIT seed="4,1,0,2,1,85" ten="380,288,158,174" oya="0" hai0="43,22,122,54,120,116,83,114,89,37,119,20,18" hai1="77,29,86,23,88,96,134,3,82,5,98,73,94" hai2="19,91,34,93,125,80,123,31,35,84,131,51,65" hai3="10,32,75,25,8,21,9,17,27,60,16,81,47"/><T72/><D37/><U45/><E134/><V63/><F123/><W111/><G60/><T69/><D69/><U56/><E56/><V64/><F131/><W105/><G105/><T30/><D43/><U57/><E57/><V102/><F125/><W40/><G111/><T62/><D62/><U52/><E5/><V13/><F51/><W42/><G47/><T48/><D114/><U58/><E45/><V115/><F115/><W28/><REACH who="3" step="1"/><G17/><REACH who="3" ten="380,288,158,164" step="2"/><T109/><D109/><U76/><E3/><V39/><F63/><W104/><G104/><T66/><D18/><U68/><E68/><V70/><F70/><W71/><G71/><T90/><D66/><U127/><E127/><V128/><F128/><W87/><G87/><T41/><D72/><U99/><E73/><V132/><F132/><W118/><G118/><T53/><D119/><U26/><E77/><AGARI ba="1,1" hai="8,9,10,16,21,25,27,28,32,40,42,75,77,81" machi="77" ten="40,5200,0" yaku="1,1,54,1,53,1" doraHai="85" doraHaiUra="106" who="3" fromWho="1" sc="380,0,288,-55,158,0,164,65" /><INIT seed="5,0,0,1,2,36" ten="380,233,158,229" oya="1" hai0="1,135,79,116,23,86,63,0,57,109,103,124,128" hai1="106,48,22,14,45,118,44,84,82,43,114,129,133" hai2="19,17,25,46,112,94,81,61,37,119,56,53,3" hai3="15,77,68,122,132,59,35,108,11,125,73,126,66"/><U74/><E118/><V4/><F119/><W54/><G108/><T58/><D109/><U70/><E74/><V65/><F112/><W98/><G122/><T39/><D39/><U7/><E114/><V67/><F94/><W131/><G35/><T102/><D116/><U20/><E106/><V69/><F25/><W26/><G132/><T47/><D58/><U90/><E70/><V87/><F4/><W2/><G2/><T16/><D128/><U71/><E71/><V55/><F3/><W123/><G123/><T130/><D130/><U32/><E32/><V92/><F92/><W104/><G66/><T120/><D135/><U80/><E133/><V31/><F31/><W121/><G68/><T8/><D124/><N who="3" m="47721" /><G26/><T50/><D8/><N who="1" m="4383" /><E129/><V110/><F67/><W49/><G121/><T62/><D1/><U30/><E30/><V83/><F83/><N who="3" m="45487" /><G131/><T85/><D0/><U95/><E45/><V13/><F13/><W60/><G60/><T24/><D120/><U28/><E28/><V111/><F110/><W89/><G89/><T93/><D79/><N who="1" m="46111" /><E82/><V38/><F111/><W97/><G104/><T101/><D93/><U105/><E105/><V27/><F69/><W64/><G64/><N who="0" m="38991" /><D63/><U5/><E5/><AGARI ba="0,0" hai="5,11,15,49,54,59,97,98" m="45487,47721" machi="5" ten="30,1000,0" yaku="18,1" doraHai="36" who="3" fromWho="1" sc="380,0,233,-10,158,0,229,10" /><INIT seed="6,0,0,0,4,4" ten="380,223,158,239" oya="2" hai0="58,44,93,54,120,82,5,51,73,9,30,109,63" hai1="48,20,31,112,24,84,89,91,133,105,29,72,62" hai2="47,83,22,96,32,37,87,53,124,85,43,6,46" hai3="132,103,102,128,108,131,36,92,19,88,65,59,15"/><V94/><F124/><W126/><G108/><T40/><D109/><U61/><E72/><V113/><F113/><W118/><G118/><T75/><D120/><U125/><E105/><V111/><F111/><W55/><G36/><T0/><D30/><N who="1" m="17671" /><E125/><V41/><F32/><W119/><G119/><T12/><D0/><U11/><E133/><V134/><F134/><W57/><G126/><T78/><D93/><N who="1" m="54439" /><E112/><V110/><F110/><W66/><G132/><T123/><D123/><U70/><E70/><V101/><F53/><W2/><G2/><T80/><D80/><U90/><E48/><V17/><F6/><W10/><G131/><T79/><D79/><U106/><E106/><V100/><F100/><N who="3" m="38443" /><G128/><T45/><D45/><U35/><E35/><V21/><F83/><W23/><G23/><T42/><D42/><U86/><E91/><V39/><REACH who="2" step="1"/><F22/><REACH who="2" ten="380,223,148,239" step="2"/><W38/><G55/><T74/><AGARI ba="0,1" hai="5,9,12,40,44,51,54,58,63,73,74,75,78,82" machi="74" ten="20,2700,0" yaku="0,1,7,1,52,1" doraHai="4" who="0" fromWho="0" sc="380,37,223,-7,148,-13,239,-7" /><INIT seed="7,0,0,4,5,38" ten="417,216,135,232" oya="3" hai0="99,110,106,111,57,95,71,89,69,84,6,73,109" hai1="92,94,24,37,59,61,25,131,17,67,44,80,4" hai2="79,53,114,126,82,86,29,102,60,33,112,121,127" hai3="132,88,93,12,45,32,56,35,9,65,96,105,134"/><W3/><G3/><T70/><D73/><U19/><E131/><V103/><F33/><W13/><G13/><T54/><D6/><U115/><E115/><N who="2" m="44075" /><F29/><W91/><G105/><T100/><REACH who="0" step="1"/><D71/><REACH who="0" ten="407,216,135,232" step="2"/><U52/><E4/><V51/><F51/><AGARI ba="0,1" hai="51,54,57,69,70,84,89,95,99,100,106,109,110,111" machi="51" ten="40,2600,0" yaku="1,1,2,1,53,0" doraHai="38" doraHaiUra="135" who="0" fromWho="2" sc="407,36,216,0,135,-26,232,0" owari="443,54.0,216,-18.0,109,-39.0,232,3.0" /></mjloggm>