<mjloggm ver="2.3"><GO type="169" lobby="0"/><UN n0="%E5%A4%9C%E6%98%8E%E3%81%91%E3%81%AE%42%45%41%54" n1="%7A%65%61%6C%E2%88%AC" n2="%E5%B0%B1%E6%B4%BB%E7%94%9F%40%E5%B7%9D%E6%9D%91%E8%BB%8D%E5%9B%A3" n3="%43%69%6E%65%63%75%73%73" dan="17,16,16,18" rate="2135.85,2098.19,2108.54,2183.42" sx="M,M,M,M"/><TAIKYOKU oya="0"/><INIT seed="0,0,0,2,5,86" ten="250,250,250,250" oya="0" hai0="78,16,65,100,82,57,71,68,119,17,97,81,40" hai1="87,54,80,76,89,34,6,99,109,123,51,105,117" hai2="39,30,20,50,132,64,75,112,134,0,49,33,37" hai3="90,67,61,27,110,125,48,41,22,19,43,12,47"/><T59/><D119/><U42/><E117/><V62/><F0/><W96/><G110/><T10/><D40/><U44/><E109/><V45/><F33/><W13/><G125/><T114/><D114/><U102/><E123/><V120/><F75/><W84/><G96/><T11/><D65/><U77/><E34/><V108/><F108/><W35/><G35/><T3/><D3/><U106/><E106/><V32/><F32/><W85/><G85/><T129/><D97/><U53/><E6/><V121/><F20/><W126/><G43/><T31/><D78/><U73/><REACH who="1" step="1"/><E77/><REACH who="1" ten="250,240,250,250" step="2"/><V135/><F112/><W21/><G126/><T128/><REACH who="0" step="1"/><D100/><REACH who="0" ten="240,240,250,250" step="2"/><U103/><E103/><V115/><F115/><W2/><G2/><T91/><D91/><U60/><E60/><V26/><F62/><W107/><G61/><T69/><D69/><U56/><E56/><V95/><F120/><W58/><G58/><T7/><D7/><U79/><E79/><V63/><F121/><W14/><G90/><T74/><D74/><U52/><E52/><V92/><F63/><W25/><G67/><T36/><D36/><U29/><E29/><AGARI ba="0,2" hai="10,11,16,17,29,31,57,59,68,71,81,82,128,129" machi="29" ten="25,9600,0" yaku="1,1,22,2,54,1,53,0" doraHai="86" doraHaiUra="88" who="0" fromWho="1" sc="240,116,240,-96,250,0,250,0" /><INIT seed="0,1,0,2,5,33" ten="356,144,250,250" oya="0" hai0="36,13,51,25,72,14,24,131,22,122,8,53,89" hai1="102,121,123,82,2,78,103,7,113,114,19,28,41" hai2="61,48,73,117,47,39,101,35,76,63,49,134,18" hai3="10,125,110,124,127,9,100,112,31,65,84,23,128"/><T94/><D122/><U86/><E41/><V75/><F35/><W58/><G84/><T70/><D72/><U26/><E19/><V126/><F39/><W88/><G100/><N who="1" m="38442" /><E121/><V40/><F126/><W66/><G88/><T34/><D70/><U52/><E123/><V104/><F134/><W1/><G58/><T81/><D36/><U50/><E26/><V83/><F75/><W17/><G65/><T99/><D131/><U107/><E28/><V55/><F117/><W106/><G66/><T74/><D34/><U133/><E107/><V80/><F80/><W96/><G96/><T135/><D135/><U30/><E30/><V12/><F101/><W0/><G106/><T60/><D60/><U87/><E87/><V64/><F104/><W56/><G56/><T108/><D108/><U21/><E21/><V111/><F111/><W67/><G67/><T46/><D22/><U97/><E97/><V44/><REACH who="2" step="1"/><F64/><REACH who="2" ten="356,144,240,250" step="2"/><W95/><G110/><T54/><D74/><U62/><E133/><V4/><F4/><W29/><G128/><T92/><D81/><U6/><E6/><V77/><F77/><W90/><G124/><T118/><D118/><U69/><E7/><V38/><F38/><W71/><G125/><T115/><D92/><U109/><E109/><V132/><F132/><W15/><G127/><T120/><D94/><U91/><E82/><V129/><F129/><W79/><G95/><T98/><D120/><U43/><E78/><V5/><F5/><W27/><G79/><T119/><D119/><U130/><E130/><V116/><F116/><W37/><G37/><RYUUKYOKU ba="1,1" sc="356,-10,144,-10,240,30,250,-10" hai2="12,18,40,44,47,48,49,55,61,63,73,76,83" /><INIT seed="1,2,1,0,0,108" ten="346,134,270,240" oya="1" hai0="33,9,93,23,4,35,97,29,57,65,70,95,130" hai1="18,73,119,112,50,103,48,42,47,7,87,118,80" hai2="54,100,78,134,66,24,127,124,116,17,125,19,82" hai3="67,64,107,99,86,43,129,109,117,85,31,121,60"/><U115/><E73/><V114/><F116/><W46/><G109/><T94/><D70/><U22/><E103/><V55/><F134/><W89/><G121/><T79/><D130/><U105/><E105/><V96/><F66/><W0/><G67/><T45/><D33/><U84/><E7/><V132/><F132/><W90/><G0/><T3/><D35/><U52/><E87/><N who="2" m="48599" /><F114/><W37/><G129/><T81/><D45/><U63/><E63/><V30/><F30/><W51/><G117/><T36/><D36/><U21/><E21/><N who="2" m="13359" /><F19/><W133/><G133/><T92/><D65/><U135/><E135/><V68/><F68/><W120/><G120/><T77/><D29/><U44/><E119/><V104/><AGARI ba="2,1" hai="54,55,96,100,104,124,125,127" m="13359,48599" machi="104" ten="30,1100,0" yaku="18,1" doraHai="108" who="2" fromWho="2" sc="346,-5,134,-7,270,27,240,-5" /><INIT seed="2,0,0,4,0,120" ten="341,127,297,235" oya="2" hai0="55,23,78,26,22,40,110,119,15,108,69,65,85" hai1="92,2,79,127,58,24,98,39,5,48,35,52,68" hai2="17,75,66,135,45,16,107,87,133,99,37,10,74" hai3="6,56,4,51,0,83,8,109,121,96,54,80,73"/><V14/><F66/><W44/><G121/><T90/><D119/><U70/><E127/><V12/><F87/><W47/><G4/><T3/><D3/><U60/><E39/><V124/><F124/><W41/><G47/><T64/><D40/><U46/><E79/><V131/><F131/><W71/><G71/><T38/><D38/><U82/><E82/><V105/><F45/><W100/><G73/><N who="2" m="27657" /><F37/><W33/><G33/><T20/><D78/><U29/><E5/><V50/><F50/><W36/><G109/><N who="0" m="42091" /><D69/><U114/><E114/><V11/><F99/><W125/><G125/><T89/><D15/><U25/><E25/><V28/><F28/><W77/><G77/><T91/><D55/><U63/><E2/><V7/><F7/><W101/><G101/><T67/><D85/><U19/><E70/><V59/><F59/><W102/><G102/><T106/><D106/><AGARI ba="0,0" hai="0,6,8,36,41,44,51,54,56,80,83,96,100,106" machi="106" ten="30,1000,0" yaku="7,1" doraHai="120" who="3" fromWho="0" sc="341,-10,127,0,297,0,235,10" /><INIT seed="3,0,0,0,5,32" ten="331,127,297,245" oya="3" hai0="73,68,85,14,2,126,66,81,119,132,109,37,131" hai1="15,134,122,0,26,49,74,115,24,11,94,12,72" hai2="69,29,113,110,38,62,133,71,23,104,130,92,35" hai3="61,27,54,36,125,97,82,51,79,25,76,89,55"/><W91/><G36/><T8/><RYUUKYOKU type="yao9" ba="0,0" sc="331,0,127,0,297,0,245,0" hai0="2,8,14,37,66,68,73,81,85,109,119,126,131,132" /><INIT seed="3,1,0,3,4,76" ten="331,127,297,245" oya="3" hai0="64,44,5,33,71,134,7,66,91,31,37,18,29" hai1="132,10,126,70,3,103,78,19,8,131,65,75,46" hai2="93,53,112,117,125,68,6,63,80,50,47,42,96" hai3="30,115,43,60,49,100,20,122,34,74,106,16,57"/><W92/><G106/><T84/><D134/><U116/><E132/><V13/><F117/><W1/><G74/><T12/><D37/><U2/><E116/><V99/><F112/><W104/><G104/><T55/><D33/><U113/><E113/><V22/><F125/><W59/><G1/><T107/><D107/><U114/><E103/><V108/><F108/><W61/><G34/><T38/><D71/><U14/><E46/><V87/><F93/><W72/><G72/><T135/><D38/><U62/><E131/><V102/><F102/><W21/><G122/><T11/><D135/><U77/><E126/><V130/><F130/><W4/><G4/><N who="0" m="1611" /><D55/><U128/><E10/><N who="2" m="4311" /><F22/><W69/><G69/><T83/><D44/><U110/><E110/><V98/><F68/><W54/><G115/><T67/><AGARI ba="1,0" hai="11,12,18,29,31,64,66,67,83,84,91" m="1611" machi="67" ten="30,2000,0" yaku="8,1,52,1" doraHai="76" who="0" fromWho="0" sc="331,23,127,-6,297,-6,245,-11" /><INIT seed="4,0,0,5,1,69" ten="354,121,291,234" oya="0" hai0="97,118,16,99,29,71,65,92,27,18,44,132,13" hai1="122,61,36,107,112,98,78,35,102,80,24,135,110" hai2="58,32,70,116,62,106,12,28,21,120,30,75,55" hai3="5,115,126,6,87,19,81,67,68,77,63,105,66"/><T79/><D118/><U15/><E110/><V114/><F106/><W56/><G115/><T117/><D117/><U23/><E122/><V49/><F75/><W89/><G105/><T128/><D128/><U91/><E135/><V109/><F116/><W42/><G126/><T50/><D132/><U100/><E112/><V82/><F109/><W76/><G67/><T129/><D129/><U95/><E35/><V17/><F32/><W121/><G68/><T57/><D79/><N who="3" m="30281" /><G121/><T46/><D71/><U86/><E15/><V3/><F3/><W85/><G42/><T131/><D131/><U4/><E4/><V41/><F114/><W31/><G31/><T10/><D18/><U47/><E61/><V119/><F119/><W124/><G124/><T103/><D97/><U74/><E100/><V123/><F82/><N who="3" m="49335" /><G19/><T20/><D50/><U93/><E93/><V64/><F120/><W43/><G43/><T48/><D48/><U133/><E133/><V8/><F123/><W72/><G72/><T90/><D90/><AGARI ba="0,0" hai="5,6,56,63,66,81,87,90" m="49335,30281" machi="90" ten="30,1000,0" yaku="8,1" doraHai="69" who="3" fromWho="0" sc="354,-10,121,0,291,0,234,10" /><INIT seed="5,0,0,5,2,54" ten="344,121,291,244" oya="1" hai0="132,8,131,25,72,7,9,101,2,90,81,24,71" hai1="120,130,119,123,3,111,15,50,21,37,4,86,98" hai2="66,5,135,56,115,128,39,47,104,6,108,18,0" hai3="31,57,14,60,36,20,117,133,91,46,88,17,102"/><U22/><E37/><V42/><F104/><W59/><G36/><T121/><D71/><U114/><E119/><V38/><F108/><W23/><G117/><T109/><D109/><U12/><E111/><V96/><F39/><W129/><G133/><T40/><D40/><U43/><E3/><V95/><F135/><W68/><G68/><T77/><D132/><U100/><E86/><V32/><F32/><W116/><G116/><T84/><D101/><U127/><E114/><V105/><F105/><W94/><G46/><T75/><D75/><U112/><E112/><V63/><F128/><W11/><G129/><T33/><D33/><U67/><E67/><V97/><F0/><W93/><G102/><T49/><D131/><U87/><E87/><V58/><F18/><W83/><G83/><T35/><D35/><U62/><E62/><V16/><F115/><W13/><G31/><T48/><D8/><N who="1" m="4103" /><E127/><V53/><F16/><N who="3" m="10263" /><G11/><T103/><D72/><U41/><E130/><V126/><F126/><W30/><G30/><T125/><D125/><U70/><E70/><V27/><F27/><W52/><G59/><T55/><D2/><U10/><E41/><V89/><F97/><W122/><G122/><N who="1" m="46634" /><E43/><V45/><F45/><W73/><G73/><T76/><D121/><U85/><E85/><V69/><F69/><W107/><G107/><T64/><D84/><U26/><E26/><V74/><F74/><W80/><G80/><T29/><D25/><U113/><E113/><V134/><F134/><W106/><G106/><T78/><D24/><U124/><E124/><V61/><AGARI ba="0,0" hai="5,6,38,42,47,53,56,58,61,63,66,89,95,96" machi="61" ten="20,8000,1" yaku="5,1,0,1,7,1,52,2" doraHai="54" who="2" fromWho="2" sc="344,-20,121,-40,291,80,244,-20" /><INIT seed="6,0,0,1,2,15" ten="324,81,371,224" oya="2" hai0="110,1,28,95,58,35,18,45,122,97,65,107,105" hai1="114,56,10,51,96,50,24,73,52,92,129,99,54" hai2="117,115,67,120,132,108,43,71,11,20,90,74,78" hai3="68,119,101,6,93,77,83,79,47,102,127,121,98"/><V80/><F120/><W125/><G68/><T36/><D122/><U53/><E114/><V60/><F117/><W9/><G121/><T103/><D1/><U85/><E129/><V134/><F115/><W111/><G47/><T64/><D110/><U27/><E73/><V87/><F108/><W59/><G111/><T42/><D35/><U75/><E75/><V46/><F20/><W23/><G59/><T61/><D28/><U41/><E41/><V39/><REACH who="2" step="1"/><F11/><REACH who="2" ten="324,81,361,224" step="2"/><W55/><G119/><T29/><D29/><U118/><E118/><V135/><F135/><W124/><G23/><T133/><D133/><U4/><E54/><V49/><F49/><W66/><G55/><T76/><D65/><U89/><E24/><V100/><F100/><W82/><G102/><T81/><REACH who="0" step="1"/><D18/><REACH who="0" ten="314,81,361,224" step="2"/><U22/><E4/><V123/><F123/><W26/><G66/><T2/><D2/><U16/><REACH who="1" step="1"/><E10/><REACH who="1" ten="314,71,361,224" step="2"/><V112/><F112/><W37/><G9/><T88/><D88/><U84/><E84/><AGARI ba="0,3" hai="36,42,45,58,61,64,76,81,84,95,97,103,105,107" machi="84" ten="30,2000,0" yaku="1,1,7,1,53,0" doraHai="15" doraHaiUra="131" who="0" fromWho="1" sc="314,50,71,-20,361,0,224,0" /><INIT seed="7,0,0,3,4,83" ten="364,51,361,224" oya="3" hai0="49,123,72,14,50,82,63,21,32,109,118,122,132" hai1="94,106,1,47,55,11,102,116,101,124,70,126,89" hai2="17,69,28,18,27,121,41,45,119,75,79,38,64" hai3="96,92,98,52,77,22,31,115,107,3,53,15,68"/><W128/><G3/><T81/><D109/><U25/><E25/><V86/><F119/><W7/><G68/><T56/><D32/><U34/><E11/><V8/><F121/><W117/><G117/><T0/><D0/><U103/><E55/><N who="3" m="21066" /><G107/><T87/><D118/><U105/><E47/><V16/><F75/><W48/><G128/><T127/><D127/><U84/><E70/><V133/><F133/><W135/><G135/><T88/><D132/><U37/><E34/><V5/><F64/><W73/><G73/><T51/><D72/><U12/><E12/><V42/><F69/><W46/><G115/><T6/><D122/><U93/><E37/><V114/><F114/><W57/><G57/><T66/><D123/><U131/><E1/><V59/><F59/><W130/><G130/><T91/><D6/><U76/><E131/><V99/><F45/><W100/><G77/><N who="0" m="46543" /><D81/><U36/><E36/><V61/><F38/><W30/><G98/><T13/><D13/><U90/><E116/><V44/><F99/><W29/><G7/><T54/><D66/><U80/><E124/><V39/><F44/><W26/><G15/><T9/><D9/><U78/><E126/><V120/><F39/><W113/><G113/><T67/><D67/><U2/><E2/><N who="2" m="55" /><F120/><W10/><G10/><T104/><D104/><N who="1" m="40043" /><E76/><V60/><F42/><AGARI ba="0,0" hai="22,26,29,30,31,42,46,48,92,96,100" m="21066" machi="42" ten="30,2900,0" yaku="8,1,54,1" doraHai="83" who="3" fromWho="2" sc="364,0,51,0,361,-29,224,29" /><INIT seed="7,1,0,3,3,6" ten="364,51,332,253" oya="3" hai0="38,61,131,127,9,47,5,37,91,1,73,11,83" hai1="26,97,43,49,59,124,57,133,35,102,67,3,135" hai2="50,71,46,21,123,129,90,104,22,19,98,75,77" hai3="96,93,34,56,115,122,112,105,39,0,53,10,16"/><W12/><G39/><T65/><D127/><U31/><E3/><V111/><F71/><W36/><G36/><T30/><D131/><U86/><E124/><V117/><F111/><W79/><G34/><T15/><D30/><U113/><E113/><V106/><F129/><W85/><G105/><T87/><D73/><U45/><E86/><V66/><F66/><W48/><G122/><T76/><D76/><U128/><E128/><V119/><F123/><W107/><G107/><T81/><D81/><U109/><E109/><V89/><F77/><W60/><G0/><T94/><D83/><U33/><E33/><V7/><F7/><W82/><REACH who="3" step="1"/><G60/><REACH who="3" ten="364,51,332,243" step="2"/><T72/><D38/><U70/><E135/><V130/><F130/><W25/><G25/><T8/><D37/><U110/><E133/><V116/><F106/><W20/><G20/><T99/><D1/><U103/><E110/><V64/><F21/><W14/><G14/><T132/><D132/><U2/><E2/><V100/><F116/><W95/><G95/><T52/><D15/><U62/><REACH who="1" step="1"/><E102/><REACH who="1" ten="364,41,332,243" step="2"/><V101/><F100/><W17/><G17/><T68/><D5/><U58/><E58/><V63/><F117/><W41/><G41/><T88/><D68/><U13/><E13/><V114/><F119/><W23/><G23/><T125/><D125/><U121/><E121/><V24/><F114/><W78/><G78/><T120/><D120/><U32/><E32/><V18/><F18/><W134/><G134/><T126/><D126/><U80/><E80/><V40/><F75/><W28/><G28/><T51/><D72/><RYUUKYOKU ba="1,2" sc="364,-30,41,10,332,10,243,10" hai1="26,31,35,43,45,49,57,59,62,67,70,97,103" hai2="19,22,24,40,46,50,63,64,89,90,98,101,104" hai3="10,12,16,48,53,56,79,82,85,93,96,112,115" /><INIT seed="7,2,2,0,0,54" ten="334,51,342,253" oya="3" hai0="71,106,34,77,63,119,60,22,53,64,92,72,74" hai1="52,40,109,82,111,33,108,130,105,118,66,59,75" hai2="69,85,70,23,3,107,127,19,113,103,17,131,50" hai3="114,26,97,55,8,14,25,68,21,83,89,7,102"/><W62/><G114/><T56/><D106/><U15/><E105/><V11/><F113/><W121/><G121/><T80/><D34/><U90/><E15/><V124/><F131/><W99/><G68/><T110/><D110/><U73/><E90/><V37/><F37/><W67/><G67/><T28/><D119/><U135/><E82/><V95/><F107/><W27/><G102/><T112/><D112/><U0/><E0/><V49/><F3/><W129/><G129/><T9/><D9/><U93/><E93/><V76/><F11/><W61/><G83/><T117/><D117/><U5/><E5/><V98/><F70/><W43/><G43/><T36/><D36/><U87/><E87/><V38/><F38/><W18/><G55/><T86/><REACH who="0" step="1"/><D92/><REACH who="0" ten="324,51,342,253" step="2"/><U120/><E33/><V2/><F2/><W84/><G84/><T94/><D94/><U45/><E118/><V44/><F69/><W46/><G46/><T96/><D96/><N who="3" m="36937" /><G89/><T51/><D51/><N who="2" m="19466" /><F44/><W128/><G128/><T116/><D116/><U35/><E35/><V104/><F104/><W91/><G91/><T48/><D48/><N who="1" m="26663" /><E130/><V20/><F76/><W1/><G1/><T10/><D10/><U30/><E120/><V78/><F78/><W29/><G7/><T39/><D39/><U134/><E135/><V12/><F85/><W24/><AGARI ba="2,3" hai="8,14,18,21,24,25,26,27,29,61,62" m="36937" machi="24" ten="30,1500,0" yaku="8,1" doraHai="54" who="3" fromWho="3" sc="324,-7,51,-7,342,-7,253,51" /><INIT seed="7,3,0,1,2,32" ten="317,44,335,304" oya="3" hai0="83,9,1,15,122,129,99,39,101,42,85,36,63" hai1="5,7,6,59,98,37,49,57,105,126,65,121,135" hai2="116,107,53,125,13,28,41,73,67,119,71,87,90" hai3="114,43,97,22,20,8,92,94,110,34,29,86,45"/><W35/><G110/><T3/><D122/><U96/><E98/><V117/><F73/><W66/><G114/><T27/><D129/><U89/><E65/><V81/><F107/><W84/><G29/><T4/><D27/><U11/><E49/><V60/><F125/><W109/><G109/><T123/><D123/><U72/><E89/><V88/><F41/><W38/><G66/><T93/><D63/><U124/><E96/><V134/><F134/><W133/><G133/><T33/><D33/><U132/><E11/><V74/><F74/><W64/><G35/><T55/><D55/><U40/><E40/><V61/><F28/><W25/><G34/><T113/><D113/><U62/><E121/><V68/><F13/><W128/><G128/><T12/><D12/><U112/><E62/><V104/><F104/><W78/><G64/><T46/><D36/><U16/><E37/><V111/><F111/><W115/><G115/><T30/><D30/><U120/><E112/><V18/><F18/><W0/><G25/><T54/><D54/><U58/><E120/><V95/><F71/><W31/><G31/><T127/><D127/><U79/><E59/><N who="2" m="34927" /><F119/><W69/><G69/><T47/><D47/><U106/><E72/><V21/><F21/><N who="3" m="8299" /><G97/><T52/><D52/><U51/><E51/><V70/><F70/><W102/><G102/><T77/><AGARI ba="3,0" hai="1,3,4,9,15,39,42,46,77,83,85,93,99,101" machi="77" ten="20,5200,0" yaku="0,1,7,1,52,2" doraHai="32" who="0" fromWho="0" sc="317,61,44,-16,335,-16,304,-29" owari="378,47.0,28,-47.0,319,12.0,275,-12.0" /></mjloggm>