<mjloggm ver="2.3"><GO type="169" lobby="0"/><UN n0="%E5%B0%B1%E6%B4%BB%E7%94%9F%40%E5%B7%9D%E6%9D%91%E8%BB%8D%E5%9B%A3" n1="%E3%83%84%E3%83%AC%E3%82%AA" n2="%E8%85%B9%E7%97%9B%E3%81%BD%E3%81%A3%E3%81%8F%E3%82%93" n3="%E4%BB%A3%E6%89%93%E3%81%A1%E3%81%AE%E7%A5%9E%E6%A7%98" dan="17,17,16,18" rate="2186.74,2156.87,2081.74,2186.98" sx="M,M,M,M"/><TAIKYOKU oya="0"/><INIT seed="0,0,0,5,4,30" ten="250,250,250,250" oya="0" hai0="54,43,17,121,56,133,41,109,106,0,55,90,14" hai1="11,85,95,20,44,31,102,5,111,113,49,38,28" hai2="79,99,124,103,89,75,62,93,110,33,86,61,100" hai3="80,58,12,123,22,21,32,25,96,64,74,13,78"/><T70/><D0/><U10/><E38/><V1/><F1/><W26/><G123/><T126/><D70/><U3/><E111/><V39/><F39/><W6/><G96/><T48/><D121/><U23/><E113/><V130/><F110/><W84/><G74/><T122/><D122/><U18/><E11/><V65/><F130/><W125/><G125/><T71/><D71/><U19/><E102/><V132/><F124/><W98/><G98/><T66/><D66/><U37/><E37/><V118/><F132/><W7/><G64/><T9/><D126/><U29/><E95/><V81/><F118/><W59/><G78/><T131/><D109/><U8/><E85/><V105/><F100/><W52/><G84/><T107/><D133/><U16/><REACH who="1" step="1"/><E10/><REACH who="1" ten="250,240,250,250" step="2"/><V112/><F112/><W134/><G134/><T45/><D131/><U97/><E97/><V40/><F40/><AGARI ba="0,1" hai="3,5,8,16,18,19,20,23,28,29,31,40,44,49" machi="40" ten="40,2600,0" yaku="1,1,54,1,53,0" doraHai="30" doraHaiUra="68" who="1" fromWho="2" sc="250,0,240,36,250,-26,250,0" /><INIT seed="1,0,0,4,0,18" ten="250,276,224,250" oya="1" hai0="41,126,57,75,108,88,0,106,117,55,111,50,92" hai1="135,19,25,119,99,22,73,77,132,66,114,91,125" hai2="78,63,70,39,69,62,109,26,74,113,3,7,32" hai3="116,110,48,130,72,101,34,104,29,133,2,85,40"/><U21/><E114/><V103/><F103/><W5/><G85/><T45/><D106/><U27/><E119/><V118/><F118/><W15/><G15/><T47/><D0/><U13/><E66/><V68/><F113/><W76/><G48/><T64/><D117/><U93/><E125/><V10/><F109/><N who="0" m="42058" /><D75/><U28/><E73/><V94/><F94/><W1/><G40/><T96/><D126/><U49/><E77/><V8/><F8/><W51/><G51/><N who="0" m="27055" /><D64/><U107/><E107/><V37/><F62/><W86/><G86/><T124/><D124/><U121/><E121/><V52/><F52/><W53/><G53/><T82/><D82/><U80/><E80/><N who="2" m="45143" /><F63/><W122/><G104/><T38/><D38/><U35/><REACH who="1" step="1"/><E49/><REACH who="1" ten="250,266,224,250" step="2"/><V20/><F37/><W67/><G72/><T16/><D57/><U123/><E123/><V6/><F39/><W131/><G67/><T56/><D56/><U98/><E98/><V71/><F71/><W12/><G122/><T102/><D50/><U61/><E61/><V58/><F58/><W95/><G110/><T46/><D55/><U129/><E129/><V79/><F70/><W134/><G131/><T23/><D102/><U89/><E89/><V59/><F59/><W30/><G130/><T65/><D65/><U36/><E36/><V44/><F69/><W60/><G116/><T9/><D9/><U24/><E24/><AGARI ba="0,1" hai="16,23,24,46,47,88,92,96" m="27055,42058" machi="24" ten="30,7700,0" yaku="14,1,52,1,54,2" doraHai="18" who="0" fromWho="1" sc="250,87,266,-77,224,0,250,0" /><INIT seed="2,0,0,4,5,113" ten="337,189,224,250" oya="2" hai0="94,122,44,49,91,110,100,42,66,4,26,117,55" hai1="111,25,80,41,132,87,53,86,14,82,119,34,29" hai2="5,79,114,60,12,63,1,106,56,135,71,98,89" hai3="92,8,78,67,73,81,133,134,108,88,51,90,0"/><V69/><F1/><W77/><G67/><T124/><D122/><U38/><E111/><V27/><F114/><W33/><G33/><T76/><D110/><U107/><E107/><V43/><F79/><W13/><G0/><T62/><D124/><U21/><E132/><N who="3" m="50794" /><G108/><T97/><D4/><U64/><E64/><V35/><F135/><W72/><G51/><T15/><D76/><N who="3" m="29289" /><G13/><T31/><D15/><U74/><E74/><N who="3" m="28778" /><G8/><T20/><D117/><U10/><E41/><V46/><F35/><W120/><G120/><T102/><REACH who="0" step="1"/><D42/><REACH who="0" ten="327,189,224,250" step="2"/><U7/><E7/><V68/><F5/><W58/><G58/><AGARI ba="0,1" hai="20,26,31,44,49,55,58,62,66,91,94,97,100,102" machi="58" ten="30,7700,0" yaku="1,1,2,1,7,1,8,1,53,0" doraHai="113" doraHaiUra="32" who="0" fromWho="3" sc="327,87,189,0,224,0,250,-77" /><INIT seed="3,0,0,3,4,42" ten="414,189,224,173" oya="3" hai0="51,124,62,97,63,132,112,33,115,34,15,0,89" hai1="99,58,70,52,4,35,131,92,30,3,23,88,19" hai2="72,110,102,50,73,84,74,86,17,79,7,105,98" hai3="107,129,18,128,31,16,121,25,71,82,8,11,28"/><W101/><G71/><T21/><D0/><U91/><E131/><N who="3" m="50250" /><G107/><T114/><D124/><U122/><E70/><V39/><F39/><W85/><G101/><T43/><D132/><U81/><E122/><V133/><F7/><W83/><G121/><T78/><D78/><U127/><E127/><V14/><F133/><W47/><G83/><T55/><D43/><U67/><E35/><V96/><F110/><W5/><G47/><N who="0" m="28159" /><D33/><U49/><E67/><V27/><F105/><W64/><G64/><T120/><D34/><U65/><E65/><V53/><F102/><W80/><G80/><T24/><D15/><U116/><E116/><V130/><F14/><N who="3" m="7239" /><G82/><T37/><D37/><U36/><E36/><V20/><F130/><W100/><G85/><T54/><D54/><U1/><E81/><V94/><F79/><W38/><G100/><T44/><D44/><U26/><E91/><V113/><F84/><W6/><G38/><T125/><D125/><U41/><E41/><V2/><F86/><W90/><G90/><T61/><D120/><U119/><E119/><V66/><F66/><W29/><G11/><T9/><D9/><U106/><E106/><V13/><F72/><W12/><G12/><T60/><D60/><U126/><E126/><V10/><F13/><W104/><G104/><T103/><D89/><U135/><E135/><V111/><F74/><W95/><G95/><N who="0" m="58815" /><D63/><U68/><E68/><V46/><F73/><W109/><G109/><T56/><D56/><U117/><E117/><V93/><F111/><W48/><G48/><T32/><D62/><U69/><E69/><RYUUKYOKU ba="0,0" sc="414,-10,189,-10,224,-10,173,30" hai3="5,6,18,25,28,29,31" /><INIT seed="3,1,0,5,4,103" ten="404,179,214,203" oya="3" hai0="17,118,120,60,35,125,1,11,54,134,65,33,107" hai1="55,90,83,121,115,45,130,66,5,26,131,98,97" hai2="8,25,30,18,16,114,56,95,108,105,20,28,84" hai3="24,67,132,43,32,50,123,127,6,78,104,63,14"/><W69/><G123/><T40/><D40/><U89/><E121/><V0/><F105/><W88/><G78/><T15/><D107/><U10/><E66/><V2/><F56/><W41/><G127/><T3/><D120/><U109/><E115/><V61/><F61/><W76/><G76/><T68/><D118/><U92/><E26/><V126/><F84/><W91/><G132/><T93/><D125/><U111/><E45/><V77/><F95/><W96/><G6/><T87/><D134/><U22/><E55/><V86/><F86/><W9/><G9/><T21/><D54/><U70/><E70/><V117/><F77/><W12/><G12/><T110/><D110/><N who="1" m="41995" /><E22/><V19/><F108/><W51/><G14/><T53/><D53/><U62/><E62/><V42/><F42/><N who="3" m="15883" /><G51/><T44/><D44/><U47/><E47/><V73/><F126/><W129/><G129/><N who="1" m="49162" /><E10/><V49/><F114/><W82/><G82/><T113/><D113/><U106/><E5/><N who="2" m="1079" /><F49/><W13/><G13/><T75/><D1/><U85/><E106/><V52/><F0/><W36/><G36/><T71/><D3/><U119/><E119/><V34/><F117/><W27/><G50/><T102/><D68/><U64/><E64/><V122/><F122/><W112/><G112/><T58/><D71/><U124/><E124/><V38/><F38/><W80/><G104/><T48/><D48/><U133/><E133/><V94/><F25/><W37/><G37/><T29/><D60/><U23/><E23/><V57/><F20/><W128/><G128/><T7/><D21/><U39/><E39/><RYUUKYOKU ba="1,0" sc="404,-10,179,30,214,-10,203,-10" hai1="83,85,89,90,92,97,98" /><INIT seed="4,2,0,5,2,109" ten="394,209,204,193" oya="0" hai0="75,2,46,3,12,133,11,10,94,23,26,121,88" hai1="43,7,31,45,84,57,55,104,71,0,102,28,24" hai2="111,123,120,114,13,78,61,112,53,19,115,38,36" hai3="58,125,113,116,79,87,65,127,6,4,130,81,108"/><T1/><D121/><N who="2" m="46666" /><F111/><W85/><G108/><T52/><D75/><U25/><E71/><V118/><F118/><W37/><G37/><N who="2" m="14441" /><F78/><W90/><G116/><T60/><D133/><U21/><E45/><V18/><F13/><W97/><G97/><N who="0" m="57543" /><D12/><U80/><E43/><V42/><F42/><W86/><G130/><T103/><D46/><U72/><E72/><V22/><F22/><W96/><G96/><T41/><D103/><U89/><E104/><V117/><F117/><W69/><G69/><T99/><D99/><U50/><E102/><V29/><F29/><W17/><G87/><T98/><D98/><U66/><E0/><V135/><F135/><W124/><G86/><T76/><D76/><U15/><E66/><V106/><F106/><W73/><G79/><T40/><D40/><U16/><REACH who="1" step="1"/><E25/><REACH who="1" ten="394,199,204,193" step="2"/><V20/><F20/><W83/><G73/><T91/><D41/><U105/><E105/><V67/><F53/><W82/><G65/><T107/><D107/><U30/><E30/><V68/><AGARI ba="2,1" hai="18,19,61,67,68,112,114,115" m="14441,46666" machi="68" ten="40,8000,1" yaku="15,1,52,3" doraHai="109" who="2" fromWho="2" sc="394,-42,199,-22,204,96,193,-22" /><INIT seed="5,0,0,4,3,129" ten="352,177,300,171" oya="1" hai0="54,74,30,28,59,128,118,61,115,41,19,3,27" hai1="83,6,1,132,79,92,125,60,107,47,69,130,34" hai2="35,84,42,40,25,70,86,81,51,91,133,17,102" hai3="77,73,38,111,20,56,75,33,93,13,108,67,100"/><U5/><E107/><V114/><F70/><W110/><G33/><T117/><D3/><U116/><E34/><V15/><F102/><W127/><G38/><T44/><D74/><U11/><E116/><V104/><F104/><W134/><G127/><T94/><D115/><U66/><E130/><V36/><F36/><W98/><G77/><T101/><D128/><U14/><E125/><V97/><F97/><W2/><G2/><T126/><D126/><U50/><E92/><V49/><F114/><W24/><G13/><T119/><D19/><U78/><E78/><V85/><F35/><W62/><REACH who="3" step="1"/><G134/><REACH who="3" ten="352,177,300,161" step="2"/><T55/><D118/><U8/><E132/><V21/><F133/><W32/><G32/><T52/><D117/><U109/><E109/><V121/><F15/><W37/><G37/><T46/><D119/><U16/><E5/><V120/><F120/><W4/><G4/><T9/><D9/><U58/><E69/><V105/><F121/><W43/><G43/><T22/><D41/><U71/><E71/><V68/><F68/><W113/><G113/><T95/><D27/><U123/><E123/><V99/><F40/><W112/><G112/><T106/><D22/><U48/><REACH who="1" step="1"/><E47/><REACH who="1" ten="352,167,300,161" step="2"/><V76/><F76/><W39/><G39/><T0/><D46/><U131/><E131/><V124/><F124/><W23/><G23/><T26/><D44/><U89/><E89/><V29/><F91/><W103/><G103/><T96/><D101/><U10/><E10/><V65/><F21/><W72/><G72/><AGARI ba="0,2" hai="1,6,8,11,14,16,48,50,58,60,66,72,79,83" machi="72" ten="30,5800,0" yaku="1,1,7,1,54,1,53,0" doraHai="129" doraHaiUra="122" who="1" fromWho="3" sc="352,0,167,78,300,0,161,-58" /><INIT seed="5,1,0,5,3,18" ten="352,245,300,103" oya="1" hai0="87,20,117,116,34,21,26,119,126,107,92,25,124" hai1="30,60,105,59,62,48,123,40,46,102,4,88,128" hai2="51,108,53,64,15,10,73,127,14,55,82,12,109" hai3="91,29,83,129,134,8,130,70,31,71,103,17,106"/><U131/><E123/><V65/><F127/><N who="0" m="48682" /><D107/><U81/><E4/><V44/><F10/><W94/><G134/><T0/><D0/><U132/><E132/><V69/><F55/><W41/><G41/><T52/><D34/><U57/><E30/><V118/><F118/><W122/><G122/><T24/><D52/><N who="1" m="33895" /><E105/><V42/><F73/><W77/><G31/><T54/><D54/><N who="1" m="34103" /><E131/><V33/><F33/><W68/><G29/><T23/><D92/><U63/><E128/><V99/><F69/><W135/><G135/><T72/><D87/><N who="1" m="50287" /><E63/><V58/><F82/><W96/><G8/><T133/><D133/><U112/><E112/><V111/><REACH who="2" step="1"/><F99/><REACH who="2" ten="352,245,290,103" step="2"/><W11/><G11/><T89/><D72/><U115/><E115/><V13/><N who="2" m="3072" /><DORA hai="97" /><V19/><F19/><W1/><G17/><T45/><D116/><U80/><E80/><V84/><F84/><W9/><G9/><T85/><D119/><U95/><E95/><V47/><F47/><W86/><REACH who="3" step="1"/><G1/><REACH who="3" ten="352,245,290,93" step="2"/><T5/><D117/><U74/><E74/><AGARI ba="1,2" hai="68,70,71,74,77,83,86,91,94,96,103,106,129,130" machi="74" ten="40,8000,1" yaku="1,1,2,1,24,2,52,1,53,0" doraHai="18,97" doraHaiUra="22,38" who="3" fromWho="1" sc="352,0,245,-83,290,0,93,103" /><INIT seed="6,0,0,2,5,120" ten="352,162,290,196" oya="2" hai0="106,23,113,3,26,115,88,41,2,66,36,60,129" hai1="7,31,11,119,101,65,51,128,30,16,58,48,83" hai2="63,92,93,12,4,110,126,53,39,98,103,124,24" hai3="14,123,68,73,77,76,127,135,114,54,52,74,91"/><V100/><F39/><W131/><G123/><T75/><D106/><U21/><E119/><V80/><F24/><W35/><G35/><T8/><D75/><U44/><E128/><V33/><F33/><W108/><G68/><T67/><D129/><U42/><E101/><V109/><F80/><W134/><G131/><T79/><D79/><U78/><E65/><V19/><F4/><W112/><G14/><T84/><D41/><U25/><E58/><N who="2" m="35279" /><F92/><W46/><G91/><T43/><D43/><U28/><E51/><V118/><F100/><W61/><G61/><T102/><D102/><U125/><E125/><N who="2" m="48235" /><F118/><W82/><G127/><T105/><D105/><U81/><REACH who="1" step="1"/><E78/><REACH who="1" ten="352,152,290,196" step="2"/><V5/><F5/><W122/><G122/><T22/><D66/><U37/><E37/><V34/><F34/><W86/><G77/><T56/><D36/><U133/><E133/><V64/><F64/><W89/><G76/><T72/><D67/><U45/><E45/><V90/><F103/><W95/><G46/><T62/><D56/><U121/><E121/><V111/><F111/><W27/><G108/><T117/><D117/><U18/><E18/><V97/><F97/><W40/><G74/><T70/><D72/><U15/><AGARI ba="0,1" hai="7,11,15,16,21,25,28,30,31,42,44,48,81,83" machi="15" ten="30,8000,1" yaku="1,1,0,1,8,1,54,1,53,1" doraHai="120" doraHaiUra="13" who="1" fromWho="1" sc="352,-20,152,90,290,-40,196,-20" /><INIT seed="7,0,0,4,2,61" ten="332,242,250,176" oya="3" hai0="22,7,72,119,74,11,124,50,129,53,4,52,38" hai1="96,30,103,104,9,94,125,15,106,122,78,17,21" hai2="10,85,99,35,71,27,67,102,113,80,26,47,75" hai3="33,111,105,20,68,43,48,86,60,64,79,18,110"/><W120/><G120/><T32/><D32/><U133/><E122/><V6/><F75/><W55/><G33/><T0/><D38/><U123/><E123/><V36/><F113/><W2/><G2/><T128/><D119/><U42/><E133/><V76/><F35/><W24/><G105/><T84/><D124/><U70/><E70/><V8/><F8/><W29/><G43/><T45/><D7/><U100/><E125/><V89/><F36/><W41/><G41/><T46/><D84/><U118/><E118/><V132/><F132/><W98/><G98/><T19/><D46/><U97/><E42/><V126/><F126/><W31/><G79/><T1/><D53/><U83/><E94/><V82/><F47/><W112/><G86/><T107/><D107/><U63/><E63/><V130/><F130/><N who="0" m="50282" /><D1/><U109/><E109/><N who="3" m="41482" /><G112/><T88/><D88/><U135/><E135/><V90/><F99/><W114/><G114/><T28/><D28/><U25/><E78/><V57/><F76/><W54/><G54/><T127/><D127/><U115/><E115/><V101/><F85/><W13/><G24/><AGARI ba="0,0" hai="0,4,11,19,22,24,45,50,52,72,74" m="50282" machi="24" ten="30,2000,0" yaku="19,1,54,1" doraHai="61" who="0" fromWho="3" sc="332,20,242,0,250,0,176,-20" owari="352,45.0,242,-16.0,250,5.0,156,-34.0" /></mjloggm>