<mjloggm ver="2.3"><GO type="225" lobby="0"/><UN n0="%E3%83%89%E3%83%90%E3%82%AF%E3%83%81%E5%A4%A7%E9%87%8E" n1="%E5%B0%B1%E6%B4%BB%E7%94%9F%40%E5%B7%9D%E6%9D%91%E8%BB%8D%E5%9B%A3" n2="%E3%82%AB%E3%83%A9%E3%82%B9%E3%81%AE%E5%AD%90" n3="%E3%83%AD%E3%83%9C%E3%82%B3%E3%83%97" dan="16,17,17,17" rate="2122.88,2201.77,2181.19,2195.37" sx="M,M,M,M"/><TAIKYOKU oya="0"/><INIT seed="0,0,0,5,3,52" ten="250,250,250,250" oya="0" hai0="124,129,125,17,77,6,102,128,93,122,62,49,95" hai1="28,13,74,20,41,130,110,133,71,106,40,50,16" hai2="81,1,65,116,35,88,118,90,30,44,53,19,0" hai3="113,123,83,7,21,76,66,36,86,15,5,33,55"/><T112/><D112/><U107/><E74/><V34/><F19/><W24/><G33/><N who="2" m="12297" /><F30/><W73/><G123/><T68/><D6/><U119/><E119/><N who="2" m="45611" /><F65/><W31/><G36/><T96/><D122/><U11/><E71/><V45/><F81/><W3/><G66/><N who="0" m="41047" /><D77/><U75/><E75/><V57/><F45/><W104/><G73/><T85/><D17/><U10/><E130/><V115/><F44/><W27/><G31/><T14/><D14/><U12/><E133/><V22/><F22/><W132/><G21/><T59/><D85/><U46/><E110/><V8/><F115/><W97/><G86/><T72/><D72/><U105/><E28/><V114/><F114/><W94/><G113/><T67/><D95/><U127/><E127/><N who="0" m="48713" /><D67/><U80/><E80/><V64/><F64/><W121/><G94/><T70/><D70/><U101/><E20/><V99/><F99/><W39/><G97/><T103/><D103/><U82/><E82/><V26/><F26/><W29/><G27/><T61/><D129/><U48/><E101/><V91/><F8/><W54/><G83/><T100/><D100/><U37/><E41/><V42/><F42/><W117/><G24/><T126/><D128/><U2/><E2/><V43/><F43/><W134/><G3/><T135/><D126/><U87/><E87/><V131/><F131/><W4/><G121/><T58/><D102/><U111/><E111/><V60/><AGARI ba="0,0" hai="0,1,53,57,60,88,90,91" m="45611,12297" machi="60" ten="40,5200,0" yaku="12,1,52,1,54,1" doraHai="52" who="2" fromWho="2" sc="250,-26,250,-13,250,52,250,-13" /><INIT seed="1,0,0,0,1,2" ten="224,237,302,237" oya="1" hai0="78,40,17,38,18,87,131,36,122,33,24,42,125" hai1="109,69,91,58,37,48,81,59,12,116,73,114,86" hai2="96,50,56,13,119,79,52,15,76,41,118,104,29" hai3="20,94,44,34,95,11,77,49,62,124,92,43,89"/><U88/><E116/><V55/><F41/><W28/><G34/><T90/><D78/><U110/><E37/><V32/><F32/><W8/><G77/><T113/><D113/><U100/><E114/><V19/><F29/><W80/><G124/><T115/><D115/><U83/><E69/><V101/><F79/><W68/><G68/><T64/><D38/><U135/><E135/><V121/><F121/><W133/><G133/><T9/><D64/><U60/><E100/><V54/><F76/><W82/><G62/><T99/><D99/><U130/><E130/><V75/><F75/><W26/><G89/><T123/><D125/><U103/><E103/><V112/><F112/><W7/><REACH who="3" step="1"/><G11/><REACH who="3" ten="224,237,302,227" step="2"/><T105/><D9/><U10/><E73/><V111/><F119/><W120/><G120/><T16/><D122/><U27/><E60/><V117/><F118/><W108/><G108/><T128/><D123/><U53/><E91/><V30/><F117/><W129/><G129/><T3/><D128/><U4/><E83/><V102/><F111/><N who="1" m="42505" /><E27/><V22/><F102/><W72/><G72/><T97/><D131/><U31/><E31/><V127/><F30/><W0/><AGARI ba="0,1" hai="0,7,8,20,26,28,43,44,49,80,82,92,94,95" machi="0" ten="30,4000,0" yaku="1,1,0,1,52,1,53,0" doraHai="2" doraHaiUra="126" who="3" fromWho="3" sc="224,-10,237,-20,302,-10,227,50" /><INIT seed="2,0,0,2,5,73" ten="214,217,292,277" oya="2" hai0="110,95,40,66,98,20,45,33,99,50,69,49,68" hai1="58,112,21,23,27,93,47,62,120,3,10,119,118" hai2="52,89,100,16,134,75,121,57,48,60,96,105,72" hai3="83,88,109,111,108,13,76,131,129,34,1,80,61"/><V55/><F121/><W36/><G1/><T84/><D33/><U0/><E112/><V24/><F134/><W82/><G34/><T81/><D110/><U113/><E113/><V56/><REACH who="2" step="1"/><F89/><REACH who="2" ten="214,217,282,277" step="2"/><W7/><G88/><T114/><D114/><U85/><E120/><V22/><AGARI ba="0,1" hai="16,22,24,48,52,55,56,57,60,72,75,96,100,105" machi="22" ten="30,12000,1" yaku="1,1,2,1,0,1,54,2,53,0" doraHai="73" doraHaiUra="133" who="2" fromWho="2" sc="214,-40,217,-40,282,130,277,-40" /><INIT seed="2,1,0,5,1,14" ten="174,177,412,237" oya="2" hai0="125,49,38,15,96,135,77,4,80,107,1,47,39" hai1="105,84,102,126,79,71,70,62,30,67,29,0,17" hai2="56,121,63,10,20,34,22,97,112,45,72,60,2" hai3="12,48,42,85,23,93,6,9,83,50,129,120,103"/><V111/><F121/><W90/><G120/><T46/><D135/><U43/><E0/><V27/><F112/><W115/><G115/><T13/><D125/><U113/><E113/><V92/><F72/><W3/><G129/><T127/><D127/><U65/><E43/><V31/><F111/><W123/><G123/><T19/><D1/><U122/><E122/><V11/><F45/><W104/><G104/><T16/><D4/><U119/><E67/><V66/><F63/><W41/><G3/><T52/><D107/><U116/><E71/><V5/><REACH who="2" step="1"/><F10/><REACH who="2" ten="174,177,402,237" step="2"/><W87/><G9/><T94/><D47/><U53/><E126/><V91/><AGARI ba="1,1" hai="2,5,11,20,22,27,31,34,56,60,66,91,92,97" machi="91" ten="20,7800,0" yaku="1,1,2,1,0,1,7,1,53,0" doraHai="14" doraHaiUra="37" who="2" fromWho="2" sc="174,-27,177,-27,402,91,237,-27" /><INIT seed="2,2,0,3,5,0" ten="147,150,493,210" oya="2" hai0="21,114,33,124,103,102,52,120,100,111,61,110,89" hai1="113,60,29,129,31,95,45,4,67,73,83,76,79" hai2="72,92,40,10,56,11,54,43,117,122,107,65,106" hai3="59,6,30,105,128,17,68,25,3,38,123,16,88"/><V58/><F122/><W42/><G123/><T121/><D33/><U119/><E113/><V91/><F117/><W57/><G68/><T46/><D114/><U14/><E119/><V8/><F72/><W1/><G105/><T99/><D124/><U101/><E79/><V75/><F75/><W18/><G38/><T7/><D7/><U104/><E104/><V84/><F107/><W86/><G42/><T22/><D89/><U126/><E45/><V27/><F106/><W116/><G116/><T70/><D99/><U135/><E129/><V93/><F93/><W78/><G78/><T55/><D70/><U94/><E135/><V5/><F27/><W87/><G87/><T108/><D61/><U80/><E80/><V37/><F37/><W85/><G85/><T51/><REACH who="0" step="1"/><D55/><REACH who="0" ten="137,150,493,210" step="2"/><U90/><E126/><V15/><F43/><W62/><G62/><T12/><D12/><U81/><E101/><V49/><F40/><W19/><G88/><T28/><D28/><U96/><E83/><V118/><F118/><W66/><G30/><T127/><D127/><U32/><E32/><V71/><F71/><W132/><G6/><T74/><D74/><U125/><E125/><V82/><F82/><W98/><G98/><T48/><D48/><U64/><E95/><V47/><F5/><W34/><G34/><T20/><AGARI ba="2,1" hai="20,21,22,46,51,52,100,102,103,108,110,111,120,121" machi="20" ten="40,12000,2" yaku="1,1,0,1,29,2,14,1,54,1,53,0" doraHai="0" doraHaiUra="53" who="0" fromWho="0" sc="137,136,150,-32,493,-62,210,-32" /><INIT seed="3,0,0,1,0,2" ten="273,118,431,178" oya="3" hai0="18,128,73,47,56,109,134,122,90,36,65,20,77" hai1="12,55,27,126,124,107,105,41,44,118,96,114,3" hai2="98,119,11,16,37,6,32,14,111,93,33,50,115" hai3="4,110,113,129,133,46,38,69,87,49,76,92,53"/><W78/><G69/><T51/><D122/><U17/><E3/><V24/><F119/><W120/><G113/><T8/><D109/><U100/><E114/><V86/><F115/><W101/><G120/><T52/><D128/><U61/><E118/><V80/><F37/><W15/><G38/><T40/><D134/><U75/><E75/><V58/><F111/><W62/><G133/><T48/><D73/><U104/><E27/><V127/><F127/><W116/><G116/><T88/><D77/><U130/><E130/><V7/><F33/><W54/><G129/><T97/><D65/><U26/><E26/><V57/><F24/><W1/><G1/><T135/><D135/><U99/><E61/><V79/><F32/><W30/><G30/><T39/><D8/><U91/><E55/><N who="2" m="31991" /><F58/><W60/><G62/><T112/><D112/><U34/><E34/><V103/><AGARI ba="0,0" hai="6,7,11,14,16,79,80,86,93,98,103" m="31991" machi="103" ten="30,7900,0" yaku="8,1,52,2,54,1" doraHai="2" who="2" fromWho="2" sc="273,-20,118,-20,431,79,178,-39" owari="253,5.0,98,-40.0,510,61.0,139,-26.0" /></mjloggm>