<mjloggm ver="2.3"><GO type="225" lobby="0"/><UN n0="%E3%82%A6%E3%83%AB%E3%83%88%E3%83%A9%E7%AB%8B%E7%9B%B4" n1="%E3%82%AB%E3%83%9C%E3%83%81%E3%83%A3%E3%82%BF%E3%83%8D" n2="%53%65%6E%61%72" n3="%68%61%6E%65%31%35%30%30" dan="17,16,16,18" rate="2154.99,2116.88,2061.05,2224.02" sx="M,M,M,M"/><TAIKYOKU oya="0"/><INIT seed="0,0,0,4,5,25" ten="250,250,250,250" oya="0" hai0="49,108,47,27,38,100,60,123,91,3,10,101,83" hai1="135,41,24,132,122,36,52,106,58,42,102,34,54" hai2="28,88,40,15,113,43,128,78,32,85,44,81,69" hai3="75,133,96,33,109,114,107,4,134,89,59,51,46"/><T13/><D123/><U31/><E122/><V57/><F113/><W53/><G114/><T118/><D3/><U37/><E106/><V131/><F69/><W48/><G75/><T125/><D38/><N who="1" m="14955" /><E54/><V6/><F57/><W2/><G33/><T111/><D118/><U103/><E103/><V63/><F63/><W73/><G73/><T1/><D1/><U110/><E102/><V55/><F78/><W79/><G79/><T86/><D60/><N who="1" m="35911" /><E110/><N who="0" m="42025" /><D27/><U94/><E94/><V22/><F32/><W80/><G109/><T50/><D50/><U21/><E34/><V97/><F97/><W56/><G48/><T116/><D116/><U0/><E0/><V68/><F68/><W74/><G51/><T77/><D77/><U127/><E127/><V5/><F55/><W124/><G53/><N who="0" m="29887" /><D125/><U7/><E7/><AGARI ba="0,0" hai="7,10,13,83,86,91,100,101" m="29887,42025" machi="7" ten="30,2900,0" yaku="14,1,10,1" doraHai="25" who="0" fromWho="1" sc="250,29,250,-29,250,0,250,0" /><INIT seed="0,1,0,1,3,87" ten="279,221,250,250" oya="0" hai0="16,116,121,72,102,120,97,10,11,61,53,117,73" hai1="44,89,85,12,48,123,26,15,21,105,47,55,30" hai2="93,113,36,109,92,60,79,41,62,52,74,99,84" hai3="35,108,6,39,125,124,118,104,56,63,23,68,24"/><T107/><D53/><U127/><E123/><N who="0" m="47177" /><D16/><U20/><E127/><V4/><F113/><W96/><G39/><T122/><D11/><U58/><E105/><V112/><F112/><W14/><G118/><N who="0" m="45675" /><D10/><U91/><E91/><V70/><F70/><W22/><G68/><T135/><D61/><U114/><E114/><V88/><F109/><W82/><G108/><T106/><D122/><U132/><E132/><V78/><F4/><W54/><G35/><T86/><D135/><U94/><E15/><V100/><F74/><N who="0" m="28778" /><D86/><U57/><E58/><N who="2" m="34887" /><F36/><W51/><G6/><T128/><D128/><U103/><E103/><V0/><F0/><W7/><G7/><T31/><D31/><U134/><E134/><V40/><F62/><W67/><G63/><T110/><D110/><U5/><E5/><V9/><F9/><W133/><G133/><T2/><D2/><U98/><E98/><V3/><F3/><W59/><G96/><T50/><D50/><U13/><E13/><V8/><F8/><W1/><G51/><T49/><D49/><U27/><E27/><V42/><AGARI ba="1,0" hai="40,41,42,78,79,84,88,92,93,99,100" m="34887" machi="42" ten="30,7900,0" yaku="8,1,52,1,54,2" doraHai="87" who="2" fromWho="2" sc="279,-40,221,-21,250,82,250,-21" /><INIT seed="1,0,0,3,2,108" ten="239,200,332,229" oya="1" hai0="83,76,41,0,43,106,96,1,49,46,18,120,122" hai1="110,134,29,104,8,85,33,51,67,99,130,113,21" hai2="16,103,109,111,55,47,6,12,54,132,14,24,121" hai3="123,65,112,115,25,133,59,31,28,61,78,40,34"/><U60/><E134/><V126/><F121/><N who="0" m="46698" /><D18/><U80/><E130/><V75/><F75/><W22/><G123/><T26/><D26/><U131/><E131/><V37/><F132/><W44/><G133/><T118/><D43/><U102/><E110/><N who="2" m="41995" /><F126/><W114/><G78/><T63/><D63/><U107/><E107/><V30/><F103/><W52/><G65/><T77/><D77/><U68/><E21/><N who="2" m="11415" /><F12/><W53/><G53/><T72/><D118/><U74/><E8/><V73/><F6/><W36/><REACH who="3" step="1"/><G31/><REACH who="3" ten="239,200,332,219" step="2"/><T11/><D11/><U97/><E74/><V69/><F73/><W56/><G56/><T127/><D127/><U9/><E9/><V45/><F69/><W3/><G3/><T27/><D27/><U125/><E125/><V94/><F54/><W100/><G100/><AGARI ba="0,1" hai="0,1,41,46,49,72,76,83,96,100,106" m="46698" machi="100" ten="30,1000,0" yaku="13,1" doraHai="108" who="0" fromWho="3" sc="239,20,200,0,332,0,219,-10" /><INIT seed="2,0,0,4,5,62" ten="259,200,332,209" oya="2" hai0="35,28,123,20,10,29,66,33,18,67,130,21,135" hai1="86,89,1,37,24,23,53,127,74,42,48,68,51" hai2="9,11,118,80,38,59,96,119,8,17,6,100,64" hai3="91,97,112,15,99,14,106,32,101,7,126,19,50"/><V107/><F38/><W13/><G32/><T131/><D10/><U105/><E74/><V90/><F6/><W69/><G69/><T65/><D135/><U16/><E127/><V4/><F4/><W2/><G126/><T0/><D0/><U63/><E1/><V81/><F17/><W111/><G111/><T61/><D61/><U39/><E105/><V85/><F81/><W31/><G31/><N who="0" m="11851" /><D123/><U129/><E129/><N who="0" m="49161" /><D21/><U44/><E63/><V93/><F107/><W27/><G112/><T70/><D70/><U104/><E104/><V54/><F119/><W115/><G115/><T49/><D49/><U117/><E68/><V103/><F118/><W25/><G50/><T83/><D83/><U47/><REACH who="1" step="1"/><E117/><REACH who="1" ten="259,190,332,209" step="2"/><V57/><F103/><W121/><G2/><T102/><D102/><U26/><E26/><AGARI ba="0,1" hai="18,20,26,33,35,65,66,67" m="49161,11851" machi="26" ten="30,7700,0" yaku="19,1,52,3" doraHai="62" who="0" fromWho="1" sc="259,87,190,-77,332,0,209,0" /><INIT seed="3,0,0,3,5,60" ten="346,113,332,209" oya="3" hai0="121,44,49,54,3,99,109,95,135,83,50,13,93" hai1="102,73,77,5,129,17,71,86,82,84,80,117,10" hai2="11,124,61,112,131,6,76,20,97,110,106,64,111" hai3="29,16,68,32,34,92,41,90,91,75,56,98,120"/><W24/><G68/><T88/><D3/><U19/><E71/><V133/><F112/><W22/><G120/><T78/><D121/><U125/><E129/><V94/><F106/><W123/><G123/><T70/><D70/><U42/><E125/><V115/><F115/><W134/><G134/><T14/><D135/><U114/><E114/><V72/><F133/><W33/><G75/><T105/><D105/><U4/><E117/><V52/><F131/><W9/><G41/><T45/><D95/><U51/><E73/><V127/><F20/><W85/><G9/><T57/><D109/><N who="2" m="41482" /><F52/><W55/><G29/><T87/><D45/><U58/><E102/><N who="2" m="60727" /><F76/><W0/><G0/><T63/><D50/><U81/><E81/><V30/><F30/><W8/><G8/><T28/><D28/><U59/><E59/><N who="2" m="36927" /><F72/><W53/><REACH who="3" step="1"/><G56/><REACH who="3" ten="346,113,332,199" step="2"/><T107/><D107/><U47/><E58/><V104/><F104/><W122/><G122/><T27/><D27/><U39/><E39/><V46/><F46/><W40/><G40/><AGARI ba="0,1" hai="13,14,40,44,49,54,57,63,78,83,87,88,93,99" machi="40" ten="30,3900,0" yaku="7,1,8,1,54,1" doraHai="60" who="0" fromWho="3" sc="346,49,113,0,332,0,199,-39" owari="395,50.0,113,-39.0,332,13.0,160,-24.0" /></mjloggm>