<mjloggm ver="2.3"><GO type="41" lobby="0"/><UN n0="%E5%B0%B1%E6%B4%BB%E7%94%9F%40%E5%B7%9D%E6%9D%91%E8%BB%8D%E5%9B%A3" n1="%E3%81%B4%E3%83%BC%E9%87%8E" n2="%6D%65%6E%6F%73%75" n3="%74%6F%73%68%69%78%78%78" dan="17,13,14,14" rate="2205.25,1952.63,1896.22,1976.42" sx="M,M,M,M"/><TAIKYOKU oya="0"/><INIT seed="0,0,0,0,5,53" ten="250,250,250,250" oya="0" hai0="78,90,123,120,107,109,88,36,25,5,82,6,114" hai1="102,4,47,104,26,57,129,103,11,65,13,21,101" hai2="22,35,61,105,89,32,49,7,58,106,112,79,117" hai3="37,34,15,60,124,94,85,50,69,20,18,64,110"/><T131/><D107/><U93/><E93/><V95/><F112/><W73/><G37/><T52/><D36/><U100/><E129/><V125/><F125/><W96/><G73/><T62/><D114/><U16/><N who="1" m="25600" /><DORA hai="27" /><U72/><E72/><V24/><F7/><W33/><G124/><T3/><D131/><U108/><E108/><V44/><F79/><W115/><G110/><T40/><D40/><U51/><E65/><V29/><F117/><W74/><G74/><T130/><D130/><U30/><E104/><V118/><F118/><W126/><G96/><T134/><D134/><U87/><E87/><V39/><F39/><W92/><G126/><T116/><D116/><U42/><REACH who="1" step="1"/><E57/><REACH who="1" ten="250,240,250,250" step="2"/><V56/><F56/><W98/><G115/><T67/><D109/><U28/><AGARI ba="0,1" hai="4,11,13,16,21,26,28,30,42,47,51" m="25600" machi="28" ten="40,12000,2" yaku="1,1,2,1,0,1,8,1,52,2,54,1,53,0" doraHai="53,27" doraHaiUra="70,31" who="1" fromWho="1" sc="250,-60,240,130,250,-30,250,-30" /><INIT seed="1,0,0,0,4,48" ten="190,370,220,220" oya="1" hai0="94,72,91,31,98,11,41,15,100,56,133,84,47" hai1="21,81,135,105,27,104,68,128,26,115,69,79,39" hai2="8,126,93,66,37,125,102,10,38,51,119,92,22" hai3="17,88,112,127,23,113,101,53,40,46,12,111,109"/><U78/><E115/><V65/><F119/><W16/><G101/><T75/><D133/><U62/><E135/><V83/><F51/><N who="3" m="28919" /><G40/><T58/><D31/><U103/><E39/><V110/><F83/><W114/><G127/><T124/><D124/><U3/><E3/><V116/><F116/><W129/><G129/><T61/><D47/><U6/><E6/><V30/><F22/><W89/><G17/><T99/><D41/><U97/><E105/><V64/><F30/><W123/><G123/><T76/><D76/><U95/><E27/><V9/><F102/><W80/><G80/><T85/><D58/><U130/><E104/><V132/><F132/><W2/><G2/><T73/><D85/><U24/><E24/><V28/><F28/><W36/><G36/><T20/><D20/><U35/><E35/><V108/><F10/><W134/><G134/><T19/><REACH who="0" step="1"/><D100/><REACH who="0" ten="180,370,220,220" step="2"/><U74/><E78/><V77/><F77/><W60/><G60/><T87/><D87/><U5/><E62/><V70/><REACH who="2" step="1"/><F65/><AGARI ba="0,1" hai="11,15,19,56,61,65,72,73,75,84,91,94,98,99" machi="65" ten="40,2600,0" yaku="1,1,53,1" doraHai="48" doraHaiUra="59" who="0" fromWho="2" sc="180,36,370,0,220,-26,220,0" /><INIT seed="2,0,0,1,4,129" ten="216,370,194,220" oya="2" hai0="93,7,4,54,3,13,133,110,131,56,49,80,14" hai1="105,6,43,45,88,98,112,42,38,9,122,134,83" hai2="55,40,39,102,103,92,32,121,115,41,77,78,118" hai3="57,119,128,90,12,116,132,87,66,65,0,81,89"/><V33/><F118/><W24/><G0/><T107/><D107/><U74/><E112/><V135/><F121/><W18/><G128/><T19/><D131/><U69/><E69/><V120/><F120/><W20/><G132/><T86/><D110/><U8/><E8/><V123/><F123/><W82/><G24/><T44/><D3/><U68/><E68/><V79/><F55/><W60/><G65/><T76/><D133/><U70/><E43/><V99/><F115/><W126/><REACH who="3" step="1"/><G126/><REACH who="3" ten="216,370,194,210" step="2"/><T84/><D14/><U96/><E134/><V21/><F135/><W109/><G109/><T111/><D111/><U50/><BYE who="0" /><E122/><V106/><F39/><W75/><G75/><UN n0="%E5%B0%B1%E6%B4%BB%E7%94%9F%40%E5%B7%9D%E6%9D%91%E8%BB%8D%E5%9B%A3" /><T64/><D64/><U2/><E74/><V23/><F106/><W35/><G35/><T26/><D26/><U17/><E105/><V30/><F33/><W16/><G16/><T58/><D7/><U91/><E17/><V27/><F32/><W46/><G46/><T104/><D4/><U52/><E38/><V95/><REACH who="2" step="1"/><F23/><REACH who="2" ten="216,370,184,210" step="2"/><W5/><G5/><T59/><D104/><U73/><E6/><V36/><F36/><W48/><G48/><T100/><D49/><U53/><E50/><V101/><F101/><W1/><G1/><T124/><D100/><U114/><E114/><V15/><F15/><W22/><G22/><T67/><D13/><U37/><E37/><V85/><F85/><AGARI ba="0,2" hai="12,18,20,57,60,66,81,82,85,87,89,90,116,119" machi="85" ten="40,2600,0" yaku="1,1,9,1,53,0" doraHai="129" doraHaiUra="127" who="3" fromWho="2" sc="216,0,370,0,184,-26,210,46" /><INIT seed="3,0,0,5,4,19" ten="216,370,158,256" oya="3" hai0="61,40,92,99,7,67,127,21,93,24,47,65,9" hai1="77,97,84,53,91,103,54,131,116,57,71,6,23" hai2="44,34,2,114,105,66,68,111,25,98,33,42,118" hai3="94,72,39,117,8,38,132,41,104,106,124,62,80"/><W100/><G117/><T73/><D127/><U86/><E71/><V120/><F118/><W16/><G124/><T122/><D73/><U85/><E131/><V22/><F114/><W28/><G28/><T36/><D122/><U101/><E6/><V64/><F2/><W17/><G132/><T76/><D76/><U48/><E77/><V129/><F129/><W135/><G135/><T81/><D81/><U108/><E108/><V37/><F105/><W119/><G119/><T78/><D78/><U55/><E91/><V32/><F111/><W35/><G35/><T69/><D67/><U52/><E97/><V107/><F120/><W89/><G72/><T15/><REACH who="0" step="1"/><D99/><REACH who="0" ten="206,370,158,256" step="2"/><U26/><E116/><V133/><F133/><W14/><G80/><T110/><D110/><U29/><AGARI ba="0,1" hai="23,26,29,48,52,53,54,55,57,84,85,86,101,103" machi="29" ten="30,7900,0" yaku="0,1,8,1,52,1,54,1" doraHai="19" who="1" fromWho="1" sc="206,-20,370,89,158,-20,256,-39" /><INIT seed="4,0,0,1,1,55" ten="186,459,138,217" oya="0" hai0="70,21,51,8,87,83,31,56,45,5,40,43,114" hai1="121,127,105,85,1,82,126,88,99,115,9,37,18" hai2="78,32,42,50,39,94,131,103,96,47,10,41,97" hai3="6,60,26,62,80,129,38,67,112,3,118,116,81"/><T86/><D70/><U23/><E37/><V101/><F32/><W44/><G112/><T33/><D33/><U29/><E115/><V100/><F131/><W132/><G129/><T93/><D114/><U11/><E29/><V34/><F34/><W124/><G26/><T66/><D43/><U133/><E1/><V107/><F78/><W0/><G124/><N who="1" m="47658" /><E133/><V57/><F10/><W74/><G81/><T106/><D106/><U7/><E7/><V123/><F123/><W104/><G3/><T76/><D31/><U61/><E61/><N who="3" m="23658" /><G67/><T72/><D21/><U122/><E105/><V110/><F110/><W2/><G2/><T49/><D66/><U16/><E99/><V79/><F79/><N who="3" m="44151" /><G104/><T90/><D56/><U91/><E91/><V19/><F19/><N who="1" m="7209" /><E23/><V35/><F35/><W12/><G12/><T63/><D63/><U58/><E58/><V117/><F117/><W92/><G92/><T15/><REACH who="0" step="1"/><D51/><REACH who="0" ten="176,459,138,217" step="2"/><U4/><E4/><V69/><F69/><W111/><G111/><T120/><D120/><AGARI ba="0,1" hai="9,11,82,85,88,120,121,122" m="7209,47658" machi="120" ten="30,3900,0" yaku="18,1,54,2" doraHai="55" who="1" fromWho="0" sc="176,-39,459,49,138,0,217,0" /><INIT seed="5,0,0,4,4,106" ten="137,508,138,217" oya="1" hai0="67,86,90,53,74,9,8,111,97,116,61,122,108" hai1="36,82,92,103,23,39,88,120,2,15,75,95,132" hai2="128,78,38,14,62,100,3,102,21,49,33,13,30" hai3="51,126,12,77,115,84,58,68,127,34,26,121,135"/><U109/><E2/><V28/><F38/><W118/><G68/><T44/><D116/><U99/><E120/><V46/><F3/><W105/><G121/><T4/><D122/><U70/><E70/><V85/><F33/><W40/><G105/><T52/><D74/><U60/><E60/><V72/><F72/><W94/><G118/><T47/><D97/><U113/><E132/><V0/><F0/><W11/><G135/><T133/><D133/><U45/><E113/><V24/><F62/><W134/><G94/><T5/><D61/><U55/><E15/><N who="2" m="5643" /><F30/><N who="3" m="19799" /><G58/><T6/><D86/><U37/><E23/><V48/><F48/><W131/><G115/><T27/><D27/><U57/><E45/><N who="0" m="17481" /><D90/><U19/><E19/><V104/><F104/><W81/><G131/><T69/><D67/><U54/><E54/><N who="0" m="21097" /><D69/><U10/><E10/><AGARI ba="0,0" hai="4,5,6,8,9,10,108,111" m="21097,17481" machi="10" ten="30,3900,0" yaku="28,2,54,1" doraHai="106" who="0" fromWho="1" sc="137,39,508,-39,138,0,217,0" /><INIT seed="6,0,0,4,5,85" ten="176,469,138,217" oya="2" hai0="81,92,101,51,22,61,24,35,82,49,107,58,75" hai1="62,12,86,130,74,9,54,93,19,122,26,127,33" hai2="8,45,16,80,15,72,99,7,70,41,115,30,83" hai3="13,66,112,120,116,132,121,125,53,47,10,36,109"/><V88/><F70/><W0/><G0/><T2/><D2/><U73/><E122/><V25/><F72/><W40/><G116/><T65/><D107/><U38/><E38/><V118/><F118/><W124/><G109/><T4/><D35/><U133/><E133/><V14/><F115/><W55/><G132/><T28/><D4/><U77/><E127/><N who="3" m="48714" /><G112/><T3/><D3/><U97/><E77/><V68/><F68/><W69/><G13/><T5/><D5/><U110/><E86/><V113/><F113/><W64/><G10/><T67/><D67/><N who="3" m="25641" /><G69/><T117/><D117/><U34/><E34/><V78/><F78/><W90/><G90/><T21/><D21/><U52/><E33/><V37/><F30/><W84/><G84/><T56/><D56/><U1/><E1/><V29/><F29/><W11/><G11/><T95/><D95/><U128/><E26/><V42/><F25/><W106/><G106/><T50/><D75/><U31/><E31/><V134/><F134/><W27/><G27/><T20/><D20/><U103/><E73/><V96/><F96/><AGARI ba="0,0" hai="22,24,28,49,50,51,58,61,65,81,82,92,96,101" machi="96" ten="40,5200,0" yaku="25,2,8,1" doraHai="85" who="0" fromWho="2" sc="176,52,469,0,138,-52,217,0" /><INIT seed="7,0,0,4,1,85" ten="228,469,86,217" oya="3" hai0="26,28,87,71,45,93,127,124,134,66,105,99,118" hai1="128,115,78,89,33,117,82,60,58,55,21,6,42" hai2="24,76,12,46,121,25,119,63,35,110,50,125,52" hai3="123,83,98,94,36,57,14,130,113,8,135,72,88"/><W48/><G36/><T18/><D134/><U109/><E115/><V54/><F119/><W86/><G135/><T120/><D120/><U101/><E128/><V47/><F125/><N who="0" m="48202" /><D118/><U11/><E33/><V74/><F110/><W39/><G123/><T116/><D116/><U27/><E109/><V75/><F121/><W132/><G39/><T41/><D105/><U13/><E42/><V1/><F1/><W80/><G113/><T44/><D18/><U32/><E32/><V97/><F35/><W53/><G130/><T43/><D87/><N who="1" m="48599" /><E101/><V91/><F76/><W0/><G0/><T49/><D66/><U40/><E89/><V79/><F79/><W67/><G132/><T51/><D71/><U102/><E102/><V29/><F29/><W129/><G129/><T22/><D93/><U92/><E40/><V111/><F111/><W133/><G72/><T38/><D99/><U16/><E117/><V20/><F63/><N who="3" m="38383" /><G98/><T69/><D69/><U90/><E90/><V31/><F12/><W61/><G61/><T114/><D114/><U56/><E56/><V23/><F23/><W103/><G103/><T59/><D59/><U81/><E81/><V96/><F96/><W7/><G133/><T34/><D34/><U2/><E2/><V4/><F4/><W30/><G30/><T104/><D104/><U77/><E77/><V107/><F107/><W64/><G64/><T3/><D3/><U10/><E10/><V37/><F37/><AGARI ba="0,0" hai="22,26,28,37,38,41,43,44,45,49,51" m="48202" machi="37" ten="30,1000,0" yaku="18,1" doraHai="85" who="0" fromWho="2" sc="228,10,469,0,86,-10,217,0" owari="238,4.0,469,56.0,76,-42.0,217,-18.0" /></mjloggm>