<mjloggm ver="2.3"><GO type="169" lobby="0"/><UN n0="%E3%81%8A%E3%81%98%E3%81%95%E3%82%93" n1="%5A%75%74%74%61%6B%61" n2="%E5%B0%B1%E6%B4%BB%E7%94%9F%40%E5%B7%9D%E6%9D%91%E8%BB%8D%E5%9B%A3" n3="%7A%61%63%63" dan="16,16,18,17" rate="2113.24,2173.01,2175.57,2176.54" sx="M,M,M,F"/><TAIKYOKU oya="0"/><INIT seed="0,0,0,3,5,101" ten="250,250,250,250" oya="0" hai0="17,36,67,113,112,11,103,123,50,21,44,7,38" hai1="127,122,5,9,85,4,102,66,77,84,16,13,40" hai2="48,97,58,128,106,47,45,120,94,96,98,29,65" hai3="72,110,126,74,19,31,46,108,87,116,52,119,95"/><T115/><D123/><U20/><E122/><V100/><F120/><W23/><G31/><T30/><D30/><U135/><E127/><V15/><F128/><W90/><G126/><T134/><D67/><U117/><E117/><V1/><F1/><W91/><G90/><T49/><D103/><U55/><E135/><V104/><F29/><W60/><G119/><T32/><D32/><U12/><E40/><V59/><F15/><W132/><G132/><T130/><D130/><U54/><E66/><V25/><F25/><W26/><G116/><T114/><N who="0" m="28672" /><DORA hai="89" /><T69/><D69/><U76/><E102/><V53/><F98/><W99/><G87/><N who="1" m="33354" /><E5/><V92/><F104/><W70/><G46/><T41/><D38/><U93/><E93/><V129/><F129/><W68/><G68/><T124/><D124/><U125/><E125/><V61/><F106/><W10/><G10/><T14/><REACH who="0" step="1"/><D134/><REACH who="0" ten="240,250,250,250" step="2"/><U73/><E73/><V18/><F18/><W71/><G70/><T63/><D63/><U51/><E55/><V62/><F62/><W3/><G71/><T24/><AGARI ba="0,1" hai="7,11,14,17,21,24,36,41,44,49,50" m="28672" machi="24" ten="60,18000,2" yaku="1,1,0,1,53,5" doraHai="101,89" doraHaiUra="111,39" who="0" fromWho="0" sc="240,190,250,-60,250,-60,250,-60" /><INIT seed="0,1,0,4,0,82" ten="430,190,190,190" oya="0" hai0="118,80,9,110,44,10,41,116,127,97,73,13,66" hai1="52,67,85,22,43,122,107,94,47,76,99,61,111" hai2="59,114,74,42,91,3,120,58,24,84,78,119,64" hai3="2,71,12,15,56,113,108,46,130,70,35,62,106"/><T100/><D127/><U40/><E122/><V14/><F3/><W51/><G106/><T19/><D66/><U23/><E111/><V29/><F120/><W121/><G35/><T69/><D69/><U89/><E43/><V60/><F114/><W32/><G2/><T55/><D55/><U96/><E96/><V38/><F119/><W7/><G32/><T81/><D110/><U54/><E23/><V50/><F14/><W124/><G7/><T135/><D9/><U0/><E0/><V134/><F134/><W8/><G8/><T105/><D135/><U131/><E131/><V4/><F4/><W128/><G15/><T5/><D19/><U16/><E107/><V115/><F115/><W53/><G12/><T77/><REACH who="0" step="1"/><D81/><REACH who="0" ten="420,190,190,190" step="2"/><N who="1" m="47271" /><E67/><V28/><F28/><W109/><G124/><T75/><D75/><U45/><E40/><V39/><F74/><W98/><G113/><T63/><D63/><U101/><E61/><V36/><F60/><W30/><G109/><T126/><D126/><U26/><E101/><V49/><F64/><W90/><G121/><T83/><D83/><U132/><E132/><V1/><F42/><W95/><G108/><T17/><D17/><U129/><E129/><N who="3" m="49770" /><G30/><T117/><D117/><U72/><E72/><V34/><F58/><W93/><G71/><T21/><D21/><U87/><E47/><V18/><F59/><W102/><G70/><T79/><D79/><U125/><E125/><V123/><F123/><W112/><G112/><T92/><D92/><N who="1" m="54335" /><E45/><V65/><F78/><W33/><G93/><T86/><D86/><U6/><E6/><RYUUKYOKU ba="1,1" sc="420,15,190,15,190,-15,190,-15" hai0="5,10,13,41,44,73,77,80,97,100,105,116,118" hai1="16,22,26,52,54,94,99" /><INIT seed="0,2,1,5,5,6" ten="435,205,175,175" oya="0" hai0="36,114,131,71,129,4,88,27,12,33,11,3,51" hai1="24,9,18,23,119,29,44,81,134,124,100,47,8" hai2="122,98,86,97,61,58,107,49,50,15,56,91,77" hai3="105,13,42,43,60,74,130,68,54,102,117,31,83"/><T93/><D36/><U126/><E119/><V106/><F122/><W52/><G117/><T14/><D71/><U66/><E66/><V35/><F35/><W22/><G130/><N who="0" m="49675" /><D114/><U28/><E100/><V112/><F112/><W94/><G105/><T53/><D27/><U1/><E1/><V21/><F77/><W87/><G74/><T79/><D79/><U59/><E59/><V67/><F106/><W57/><G68/><T2/><D2/><U132/><E81/><N who="2" m="49615" /><F107/><W37/><G37/><T121/><D33/><U64/><E64/><V73/><F73/><W0/><G0/><T63/><D63/><U75/><E75/><V110/><F110/><W95/><G102/><T92/><D92/><N who="3" m="35369" /><G31/><N who="1" m="11850" /><E47/><V38/><F38/><W34/><G34/><T116/><D116/><U128/><E44/><V109/><F109/><W125/><G125/><N who="1" m="48234" /><E128/><V70/><F70/><W104/><G104/><T48/><D121/><U96/><E96/><N who="2" m="36971" /><F58/><W115/><G115/><T84/><D48/><U62/><E62/><V40/><F40/><N who="3" m="15403" /><G57/><AGARI ba="2,1" hai="3,4,11,12,14,51,53,57,84,88,93" m="49675" machi="57" ten="30,5800,0" yaku="19,1,52,1,54,1" doraHai="6" who="0" fromWho="3" sc="435,74,205,0,175,0,175,-64" /><INIT seed="0,3,0,0,5,61" ten="509,205,175,111" oya="0" hai0="64,80,16,76,79,81,22,5,39,130,106,40,83" hai1="126,98,10,118,58,4,66,17,38,62,43,135,116" hai2="75,34,107,131,9,103,87,45,86,82,124,127,20" hai3="32,101,60,37,96,47,57,113,55,111,110,11,120"/><T88/><D106/><U6/><E126/><N who="2" m="48171" /><F34/><W28/><G120/><T78/><D130/><U114/><E135/><V13/><F131/><W46/><G113/><T132/><D132/><U67/><E114/><V77/><F20/><W133/><G133/><T27/><D5/><U93/><E6/><N who="2" m="3255" /><F45/><W14/><G28/><T30/><D40/><U90/><E17/><V70/><F70/><W7/><G32/><T69/><D39/><U8/><E8/><V53/><F53/><W44/><REACH who="3" step="1"/><G37/><REACH who="3" ten="509,205,175,101" step="2"/><T3/><D3/><U2/><E118/><V112/><F112/><W19/><G19/><T134/><D134/><U23/><E116/><V50/><F50/><W105/><AGARI ba="3,1" hai="7,11,14,44,46,47,55,57,60,96,101,105,110,111" machi="105" ten="30,2000,0" yaku="1,1,0,1,53,0" doraHai="61" doraHaiUra="29" who="3" fromWho="3" sc="509,-13,205,-8,175,-8,101,39" /><INIT seed="1,0,0,1,0,114" ten="496,197,167,140" oya="1" hai0="120,104,105,131,83,109,102,123,16,69,100,121,71" hai1="27,46,95,57,62,24,10,4,84,126,127,77,81" hai2="99,23,96,112,0,38,26,68,61,14,125,63,70" hai3="88,86,7,52,107,115,12,31,113,51,130,135,53"/><U122/><E122/><V103/><F0/><W59/><G107/><N who="0" m="41035" /><D109/><U18/><E46/><V34/><F38/><W11/><G135/><T8/><D131/><U119/><E119/><V33/><F14/><W98/><G130/><T25/><D83/><U91/><E18/><V47/><F47/><W32/><G98/><T28/><D8/><U35/><E35/><V133/><F112/><W80/><REACH who="3" step="1"/><G53/><REACH who="3" ten="496,197,167,130" step="2"/><T111/><D111/><U60/><E127/><V93/><F133/><W78/><G78/><T101/><D123/><U129/><E126/><V43/><F125/><W17/><G17/><T5/><D16/><U22/><E129/><V48/><F103/><W3/><G3/><T54/><D102/><U90/><E91/><V76/><F76/><W75/><G75/><T132/><D101/><U1/><E22/><V20/><F20/><W41/><G41/><T106/><D100/><U116/><E27/><AGARI ba="0,1" hai="7,11,12,27,31,32,51,52,59,80,86,88,113,115" machi="27" ten="40,8000,1" yaku="1,1,54,2,53,1" doraHai="114" doraHaiUra="30" who="3" fromWho="1" sc="496,0,197,-80,167,0,130,90" /><INIT seed="2,0,0,0,4,54" ten="496,117,167,220" oya="2" hai0="75,29,31,4,126,7,105,18,58,69,15,91,84" hai1="26,72,17,78,8,116,128,24,97,2,38,118,132" hai2="14,35,81,119,115,50,22,68,41,44,102,66,34" hai3="27,28,61,82,40,123,63,95,93,65,112,98,76"/><V51/><F115/><W90/><G123/><T33/><D69/><U86/><E72/><V30/><F119/><W36/><G112/><T77/><D105/><U5/><E38/><V135/><F135/><W111/><G36/><T3/><D3/><U80/><E132/><V88/><F102/><W131/><G40/><T46/><D126/><U114/><E114/><V129/><F129/><W103/><G131/><T134/><D77/><U60/><E128/><V19/><F30/><N who="0" m="11274" /><D46/><U106/><E26/><V71/><F51/><W110/><G82/><N who="0" m="49559" /><D75/><U73/><E73/><V85/><REACH who="2" step="1"/><F71/><REACH who="2" ten="496,117,157,220" step="2"/><W127/><G127/><T83/><D134/><U25/><E118/><V120/><F120/><W107/><G103/><T104/><D104/><U37/><E116/><V53/><F53/><W62/><G107/><T45/><D33/><U49/><E49/><V57/><F57/><W108/><G65/><T23/><D58/><U59/><E37/><V74/><F74/><W92/><G76/><T20/><D45/><U67/><E106/><V96/><F96/><W87/><G98/><T16/><D83/><U113/><E113/><V133/><F133/><W64/><G64/><T124/><D124/><U79/><E97/><V11/><F11/><W109/><N who="3" m="27648" /><DORA hai="32" /><W47/><REACH who="3" step="1"/><G47/><REACH who="3" ten="496,117,157,210" step="2"/><T42/><D42/><U56/><E79/><V39/><F39/><W12/><G12/><AGARI ba="0,2" hai="4,7,12,15,16,18,20,23" m="49559,11274" machi="12" ten="30,2000,0" yaku="8,1,54,1" doraHai="54,32" who="0" fromWho="3" sc="496,40,117,0,157,0,210,-20" /><INIT seed="3,0,0,2,0,24" ten="536,117,157,190" oya="3" hai0="42,60,46,20,82,5,1,23,110,19,132,55,43" hai1="122,28,115,44,57,9,59,85,10,107,76,73,113" hai2="61,68,30,26,67,22,13,11,89,35,86,40,14" hai3="125,121,108,106,69,84,93,134,7,119,79,18,100"/><W74/><G69/><T4/><D110/><U48/><E107/><V83/><F40/><N who="0" m="15402" /><D1/><U32/><E73/><V80/><F14/><W135/><G121/><T31/><D132/><N who="3" m="50729" /><G7/><T51/><D31/><U90/><E76/><V91/><F35/><W58/><G119/><T12/><D23/><U38/><E122/><V21/><F21/><W126/><G108/><T52/><D82/><U47/><E38/><V53/><F53/><W123/><G123/><T109/><D109/><U81/><E32/><V127/><F127/><N who="3" m="48651" /><G106/><T98/><D5/><U116/><E116/><V133/><F133/><W36/><G36/><T8/><D4/><U117/><E117/><V65/><F65/><W17/><G74/><T124/><D124/><U50/><E85/><V45/><F45/><W25/><G25/><T75/><D75/><U131/><E81/><V94/><F89/><N who="3" m="53415" /><G100/><T15/><D55/><U70/><E90/><V33/><F33/><W66/><G79/><T77/><D77/><U0/><E70/><V87/><F87/><W37/><G37/><T16/><D52/><U3/><REACH who="1" step="1"/><E28/><REACH who="1" ten="536,107,157,190" step="2"/><V71/><F71/><W97/><G97/><T103/><D98/><U2/><E2/><V41/><F41/><W128/><G66/><T72/><D72/><U120/><E120/><V88/><F91/><W78/><G78/><T64/><D64/><U105/><E105/><V49/><F49/><W129/><G58/><T27/><D103/><U118/><E118/><V34/><F34/><W99/><G99/><T130/><D51/><U92/><E92/><V6/><AGARI ba="0,1" hai="6,11,13,22,26,30,61,67,68,80,83,86,88,94" machi="6" ten="20,5200,0" yaku="0,1,7,1,52,1,54,1" doraHai="24" who="2" fromWho="2" sc="536,-13,107,-13,157,62,190,-26" /><INIT seed="4,0,0,3,5,93" ten="523,94,219,164" oya="0" hai0="87,103,81,10,37,112,50,110,106,63,109,23,107" hai1="14,3,120,133,49,29,132,115,6,30,36,80,17" hai2="2,31,124,73,70,90,35,24,77,69,41,48,118" hai3="125,116,128,58,44,94,104,105,89,84,114,79,67"/><T75/><D75/><U56/><E36/><V101/><F124/><W111/><G116/><T129/><D37/><U12/><E120/><V8/><F118/><W4/><G111/><T51/><D112/><U53/><E115/><V5/><F90/><W102/><G125/><T72/><D72/><U108/><E108/><V11/><F11/><W88/><G128/><T100/><D23/><U119/><E119/><V86/><F86/><W66/><G4/><T22/><D22/><N who="1" m="11575" /><E3/><V9/><F9/><W64/><G114/><T121/><D63/><U45/><E80/><N who="2" m="45103" /><F48/><W15/><G44/><T60/><D60/><N who="1" m="35855" /><E12/><V38/><F101/><W117/><G117/><T25/><D100/><U28/><E6/><V95/><F95/><W123/><G123/><T78/><D103/><U57/><E57/><V61/><F61/><W134/><G102/><T92/><D51/><U42/><E133/><V18/><F18/><W59/><G134/><T97/><D50/><U85/><E132/><V127/><F127/><W71/><G71/><T99/><D109/><U33/><E33/><V130/><F130/><W55/><G79/><T16/><D78/><U21/><E85/><V47/><AGARI ba="0,0" hai="2,5,8,24,31,35,38,41,47,69,70" m="45103" machi="47" ten="30,4000,0" yaku="25,1,33,2" doraHai="93" who="2" fromWho="2" sc="523,-20,94,-10,219,40,164,-10" /><INIT seed="5,0,0,1,4,87" ten="503,84,259,154" oya="1" hai0="95,7,10,65,44,133,80,37,8,35,112,24,99" hai1="13,11,104,122,116,127,34,132,79,75,115,108,113" hai2="1,27,111,128,55,88,85,6,130,23,16,52,26" hai3="30,82,120,0,48,77,114,91,15,59,101,4,50"/><U124/><E79/><V53/><F111/><W42/><G120/><T2/><D10/><U14/><E104/><V100/><F100/><W57/><G0/><T105/><D65/><U19/><E75/><V106/><F106/><W3/><G3/><T89/><D105/><U86/><E122/><V41/><F41/><W119/><G30/><T123/><D123/><U38/><E38/><V49/><F27/><W63/><G119/><T117/><D117/><U90/><E34/><V62/><F62/><W135/><G101/><T126/><D126/><N who="1" m="48171" /><E116/><V107/><F107/><W28/><G28/><T12/><D37/><U131/><E108/><V61/><F61/><W47/><G77/><T125/><D35/><U84/><E84/><V96/><F96/><W36/><G36/><T134/><D125/><U103/><E103/><V93/><F49/><W66/><G50/><T29/><D134/><U60/><E132/><V98/><F98/><W64/><G135/><T110/><D99/><U81/><E131/><N who="2" m="50219" /><F1/><W51/><G48/><T121/><D133/><U5/><E60/><V58/><F6/><W67/><G63/><T31/><D110/><U46/><E46/><V74/><F58/><W56/><G59/><T109/><D44/><U72/><E72/><AGARI ba="0,0" hai="16,23,26,52,53,55,72,74,85,88,93" m="50219" machi="72" ten="30,8000,1" yaku="19,1,52,1,54,3" doraHai="87" who="2" fromWho="1" sc="503,0,84,-80,259,80,154,0" /><INIT seed="6,0,0,4,5,37" ten="503,4,339,154" oya="2" hai0="105,104,32,2,62,97,56,39,115,44,85,88,102" hai1="80,93,119,67,68,127,50,98,130,9,49,59,8" hai2="19,135,101,108,10,123,20,58,112,14,117,55,107" hai3="110,28,46,60,74,92,94,87,4,134,17,106,113"/><V45/><F123/><W86/><G106/><T35/><D2/><U29/><E68/><V18/><F117/><W27/><G74/><T71/><D105/><U26/><E119/><V21/><F135/><W84/><G110/><T121/><D71/><U96/><E127/><V11/><F108/><W116/><G4/><T75/><D75/><U129/><E80/><V38/><F112/><W73/><G73/><T57/><D57/><U25/><E67/><V15/><F107/><W36/><G134/><T1/><D1/><U22/><E59/><V34/><F101/><W64/><G17/><T12/><D12/><U125/><E125/><V3/><F3/><W23/><G113/><T83/><D115/><U99/><E93/><V81/><F34/><W118/><G118/><T5/><D5/><U6/><E6/><V77/><F45/><W91/><G94/><T89/><D89/><U0/><E0/><V76/><F38/><W16/><G28/><T54/><D121/><U70/><E70/><V24/><F24/><N who="1" m="9321" /><E22/><V82/><REACH who="2" step="1"/><F58/><REACH who="2" ten="503,4,329,154" step="2"/><N who="3" m="36887" /><G36/><T69/><D69/><U128/><E29/><V124/><F124/><W43/><G116/><T63/><D39/><U52/><E52/><AGARI ba="0,1" hai="10,11,14,15,18,19,20,21,52,55,76,77,81,82" machi="52" ten="25,18000,2" yaku="1,1,22,2,8,1,54,1,53,2" doraHai="37" doraHaiUra="78" who="2" fromWho="1" sc="503,0,4,-180,329,190,154,0" owari="503,30.0,-176,-68.0,519,63.0,154,-25.0" /></mjloggm>