<mjloggm ver="2.3"><GO type="169" lobby="0"/><UN n0="%E3%82%A6%E3%83%AB%E3%83%88%E3%83%A9%E7%AB%8B%E7%9B%B4" n1="%E8%A5%BF%E5%9C%92%E5%AF%BA%E9%9D%96%E5%AD%90" n2="%77%61%77%61%33%30%33%30" n3="%E3%83%98%E3%82%AF%E3%82%B5%E3%83%BC" dan="17,16,17,16" rate="2225.91,2097.18,2208.48,2142.24" sx="M,F,M,M"/><TAIKYOKU oya="0"/><INIT seed="0,0,0,1,1,53" ten="250,250,250,250" oya="0" hai0="69,118,19,32,91,73,18,65,1,38,29,105,109" hai1="26,42,121,122,85,99,110,25,127,112,0,56,119" hai2="43,116,27,117,94,33,77,98,23,21,9,39,63" hai3="22,35,3,31,49,103,79,90,107,123,97,44,28"/><T54/><D118/><U89/><E119/><V30/><F77/><W71/><G123/><T12/><D38/><U68/><E68/><V10/><F33/><W135/><G135/><T131/><D73/><U61/><E0/><V7/><F10/><W111/><G111/><T45/><D1/><U125/><E110/><V72/><F72/><W106/><G3/><T60/><D109/><U115/><E42/><V100/><F23/><W124/><G124/><N who="1" m="47690" /><E99/><V133/><F133/><W114/><G114/><N who="1" m="43562" /><E121/><V78/><F78/><W37/><G79/><T128/><D105/><U129/><E129/><N who="0" m="49737" /><D91/><U20/><E20/><V8/><F8/><W2/><G90/><T66/><D66/><N who="1" m="39207" /><E122/><V130/><F130/><W55/><G107/><T64/><D64/><U134/><E134/><V101/><F21/><W13/><G2/><T15/><D32/><U70/><E70/><V108/><F108/><W46/><G35/><T102/><D102/><U62/><E62/><V80/><F100/><W81/><G71/><T84/><D29/><U34/><E34/><V17/><F101/><W51/><G37/><T14/><D84/><U83/><AGARI ba="0,0" hai="25,26,83,85,89" m="39207,43562,47690" machi="83" ten="30,4000,0" yaku="18,1,11,1,52,1" doraHai="53" who="1" fromWho="1" sc="250,-20,250,40,250,-10,250,-10" /><INIT seed="1,0,0,1,0,102" ten="230,290,240,240" oya="1" hai0="49,36,74,12,58,93,132,60,79,126,122,5,18" hai1="72,41,106,81,84,115,10,55,116,48,131,8,66" hai2="128,16,133,27,92,134,112,113,109,51,108,57,67" hai3="114,94,130,69,52,101,83,119,68,65,31,71,120"/><U33/><E115/><N who="2" m="44107" /><F92/><W85/><G114/><T88/><D36/><U34/><E116/><V46/><F67/><W124/><G120/><T38/><D38/><U43/><E72/><V110/><F57/><W29/><G124/><T1/><D126/><U25/><E131/><V62/><F62/><W11/><G130/><T42/><D132/><N who="2" m="50794" /><F128/><W13/><G119/><T54/><D122/><U135/><E135/><V70/><F70/><W121/><G121/><T19/><D1/><U44/><E66/><V0/><F0/><W37/><G65/><T127/><D127/><U24/><E81/><V91/><F91/><W117/><G117/><T105/><D105/><U26/><E106/><V3/><F3/><W111/><G94/><T104/><D104/><U21/><E44/><V86/><F86/><W50/><G101/><T45/><D79/><U129/><E84/><V97/><F97/><W23/><G85/><N who="0" m="52367" /><D74/><U99/><E129/><V39/><F39/><W95/><G37/><T15/><D60/><U123/><E123/><V76/><F76/><W35/><G95/><T77/><D77/><U125/><E125/><V107/><F107/><W40/><G83/><T61/><D61/><U30/><E99/><V9/><F9/><W28/><G11/><N who="0" m="4207" /><D58/><U32/><E48/><V73/><F73/><W47/><G71/><T17/><D54/><U100/><E55/><N who="2" m="30199" /><F110/><W96/><G111/><T103/><D103/><U75/><E100/><V7/><F7/><W14/><G69/><T2/><D2/><U56/><E75/><V63/><F63/><W64/><G68/><T78/><D78/><RYUUKYOKU ba="0,0" sc="230,15,290,-15,240,15,240,-15" hai0="15,17,18,19,42,45,49" hai2="16,27,108,109" /><INIT seed="2,1,0,2,4,33" ten="245,275,255,225" oya="2" hai0="45,24,118,91,25,124,8,21,111,95,110,66,3" hai1="2,97,31,70,40,22,116,12,13,54,62,35,120" hai2="38,78,23,28,89,1,108,55,52,68,101,119,123" hai3="5,73,98,130,127,114,81,96,131,117,113,9,90"/><V82/><F119/><W76/><G5/><N who="0" m="1087" /><D66/><U106/><E116/><V129/><F123/><W83/><G9/><T125/><D45/><U7/><E120/><V49/><F68/><W34/><G34/><T71/><D71/><U102/><E40/><V69/><F69/><W105/><G127/><N who="0" m="48715" /><D118/><U37/><E37/><V51/><F38/><W15/><G15/><T99/><D25/><U39/><E39/><V115/><F115/><N who="3" m="44043" /><G117/><T11/><D11/><U10/><E22/><V30/><F23/><W56/><G56/><T112/><D112/><U80/><E70/><V85/><F1/><W86/><G105/><T103/><D103/><U87/><E102/><V121/><F101/><W6/><G6/><T135/><D135/><U100/><E7/><V126/><F121/><W88/><G90/><T94/><D94/><U60/><E106/><V107/><F107/><W92/><G92/><T41/><D41/><U4/><E4/><V93/><F126/><W57/><G57/><T65/><D65/><U27/><E100/><V53/><F93/><W84/><G73/><T104/><D104/><U75/><E75/><V72/><F72/><W47/><G47/><T63/><D63/><U59/><E62/><V128/><F89/><W14/><G88/><T74/><D74/><U50/><E60/><V19/><F51/><W64/><G64/><T36/><D36/><U44/><E50/><V77/><F49/><W67/><G67/><T18/><AGARI ba="1,0" hai="18,21,24,91,95,99,110,111" m="48715,1087" machi="18" ten="30,2000,0" yaku="18,1,52,1" doraHai="33" who="0" fromWho="0" sc="245,23,275,-6,255,-11,225,-6" /><INIT seed="3,0,0,4,5,21" ten="268,269,244,219" oya="3" hai0="35,59,131,124,96,9,74,126,52,31,133,4,111" hai1="79,115,135,40,116,94,3,76,90,132,97,24,44" hai2="89,121,98,77,41,43,45,63,23,85,6,117,25" hai3="128,95,119,99,20,109,101,1,114,103,130,105,86"/><W5/><G1/><T16/><D74/><U60/><E115/><V129/><F117/><W110/><G5/><T104/><D111/><N who="3" m="42505" /><G119/><T92/><D104/><U134/><E116/><V17/><F129/><N who="3" m="49771" /><G114/><T122/><D122/><U125/><E3/><V34/><F34/><W61/><G61/><T26/><D133/><U93/><E125/><V32/><F32/><W29/><G86/><T87/><D87/><U2/><E2/><V88/><F121/><W38/><G38/><T67/><D131/><U54/><E93/><V55/><F6/><W69/><G69/><T15/><D4/><U82/><E82/><V108/><F108/><W33/><G33/><T120/><D120/><U118/><E118/><V46/><F77/><W107/><G103/><T19/><D124/><U30/><E60/><V84/><F63/><W13/><G13/><T53/><D126/><U42/><E132/><V113/><F113/><W10/><G10/><T37/><D37/><U127/><E127/><V47/><F84/><W64/><G64/><T91/><D67/><U68/><E68/><V100/><F85/><W12/><G29/><T106/><D19/><AGARI ba="0,0" hai="12,19,20,95,99,101,105,107" m="49771,42505" machi="19" ten="30,5800,0" yaku="14,1,10,1,19,1" doraHai="21" who="3" fromWho="0" sc="268,-58,269,0,244,0,219,58" /><INIT seed="3,1,0,3,3,122" ten="210,269,244,277" oya="3" hai0="9,88,103,120,128,109,116,7,0,83,81,64,89" hai1="63,68,23,80,48,56,107,106,39,121,65,90,97" hai2="27,36,108,100,134,17,67,41,26,133,69,8,66" hai3="118,115,71,117,95,99,11,34,35,4,19,47,77"/><W72/><G115/><T112/><D120/><U127/><E121/><V70/><F100/><W126/><G126/><T44/><D116/><U74/><E39/><V131/><F41/><W98/><G71/><T62/><D112/><U20/><E127/><V119/><F36/><W135/><G135/><T55/><D103/><U5/><E5/><V124/><F124/><W22/><G47/><T51/><D128/><U33/><E33/><V1/><F17/><W40/><G40/><T132/><D132/><U31/><E74/><V114/><F8/><W2/><G77/><T125/><D125/><U42/><E80/><V18/><F18/><W130/><G72/><T84/><D109/><U14/><E31/><V96/><F119/><W29/><G130/><T76/><REACH who="0" step="1"/><D83/><REACH who="0" ten="200,269,244,277" step="2"/><U113/><E113/><V123/><F108/><W85/><G117/><T105/><D105/><U21/><E106/><V111/><F111/><W38/><G118/><T43/><D43/><U49/><E107/><V92/><F114/><W61/><G38/><T10/><D10/><U73/><E42/><V30/><F123/><W6/><G11/><T58/><AGARI ba="1,1" hai="0,7,9,44,51,55,58,62,64,76,81,84,88,89" machi="58" ten="20,12000,2" yaku="1,1,0,1,7,1,54,1,53,2" doraHai="122" doraHaiUra="86" who="0" fromWho="0" sc="200,133,269,-31,244,-31,277,-61" /><INIT seed="4,0,0,4,0,51" ten="333,238,213,216" oya="0" hai0="94,38,2,126,97,64,82,46,14,59,31,95,57" hai1="90,132,28,55,45,86,127,85,6,53,121,23,87" hai2="20,122,9,12,120,27,17,92,16,26,35,93,21" hai3="61,131,81,83,0,129,48,112,42,134,80,74,15"/><T3/><D126/><U113/><E121/><V7/><F93/><W119/><G119/><T124/><D124/><U43/><E127/><V5/><F92/><W84/><G0/><T117/><D117/><U44/><E132/><V116/><F116/><W70/><G112/><T88/><D31/><U118/><E118/><V91/><F91/><W58/><G134/><T114/><D114/><U40/><E113/><V54/><F54/><N who="1" m="20489" /><E6/><V10/><REACH who="2" step="1"/><F35/><REACH who="2" ten="333,238,203,216" step="2"/><W30/><G129/><T34/><D34/><U125/><E125/><V4/><F4/><W108/><G131/><T77/><D95/><U68/><E90/><V69/><F69/><W130/><G70/><T76/><D88/><U103/><E68/><V73/><F73/><W89/><G74/><T1/><D94/><U135/><E103/><V8/><F8/><W133/><G130/><T96/><D77/><U60/><E135/><V11/><F11/><W109/><G133/><T102/><D76/><U105/><E105/><V78/><F78/><W24/><G89/><T32/><D32/><U36/><E36/><V100/><F100/><W104/><G104/><T56/><D102/><U106/><E106/><V123/><F123/><W75/><G75/><T66/><D38/><U65/><E65/><V62/><F62/><W13/><G84/><T111/><D66/><U47/><E60/><V25/><F25/><AGARI ba="0,1" hai="23,25,28,40,43,44,45,47,85,86,87" m="20489" machi="25" ten="40,8000,1" yaku="8,1,52,3" doraHai="51" who="1" fromWho="2" sc="333,0,238,90,203,-80,216,0" /><INIT seed="5,0,0,2,1,96" ten="333,328,123,216" oya="1" hai0="83,123,55,124,126,82,37,62,47,85,67,131,35" hai1="34,81,103,45,91,132,26,88,41,27,112,6,4" hai2="16,104,50,105,29,68,61,100,128,0,7,80,25" hai3="69,107,135,12,99,78,14,10,13,64,110,120,30"/><U87/><E112/><V90/><F128/><W109/><G120/><T40/><D35/><U114/><E114/><V129/><F129/><W79/><G135/><T48/><D123/><U89/><E132/><V102/><F7/><N who="1" m="2601" /><E34/><V84/><F0/><W33/><G10/><T22/><D22/><U11/><E11/><V118/><F118/><W52/><G52/><T15/><D15/><U46/><E103/><N who="2" m="39467" /><F29/><W94/><G107/><N who="2" m="41033" /><F61/><W53/><G30/><T125/><D131/><U72/><E72/><V113/><F68/><W23/><G69/><N who="0" m="42231" /><D85/><U20/><E27/><V58/><F113/><W18/><G33/><T8/><D8/><U115/><E115/><V101/><N who="2" m="39475" /><V32/><DORA hai="111" /><F32/><W44/><G64/><T59/><AGARI ba="0,0" hai="37,40,47,48,55,59,82,83,124,125,126" m="42231" machi="59" ten="30,2000,0" yaku="24,1,18,1" doraHai="96,111" who="0" fromWho="0" sc="333,20,328,-10,123,-5,216,-5" /><INIT seed="6,0,0,4,2,12" ten="353,318,118,211" oya="2" hai0="77,103,114,106,84,76,29,32,31,109,37,113,135" hai1="87,107,66,45,48,55,128,41,85,71,3,36,53" hai2="92,97,111,40,117,15,96,99,6,60,132,11,121" hai3="67,101,50,27,22,105,16,25,91,54,69,100,70"/><V8/><F121/><W102/><G105/><T49/><D37/><U33/><E33/><V44/><F117/><W10/><G67/><T34/><D109/><U61/><E3/><V94/><F132/><W7/><G91/><T125/><D106/><U43/><E107/><V116/><F116/><W59/><REACH who="3" step="1"/><G25/><REACH who="3" ten="353,318,118,201" step="2"/><T126/><D135/><U52/><E66/><V98/><N who="2" m="24576" /><DORA hai="82" /><V1/><F111/><W42/><G42/><T38/><D103/><U58/><E41/><V80/><F80/><W104/><G104/><T123/><D123/><U93/><E43/><V124/><F124/><W78/><G78/><T108/><D77/><U127/><E127/><V90/><F60/><W81/><G81/><T63/><D76/><U110/><E61/><V13/><F90/><W119/><G119/><T18/><D63/><U5/><E110/><V4/><REACH who="2" step="1"/><F1/><AGARI ba="0,1" hai="1,7,10,16,22,27,50,54,59,69,70,100,101,102" machi="1" ten="40,5200,0" yaku="1,1,52,1,54,1,53,0" doraHai="12,82" doraHaiUra="73,79" who="3" fromWho="2" sc="353,0,318,0,118,-52,201,62" /><INIT seed="7,0,0,3,1,38" ten="353,318,66,263" oya="3" hai0="11,52,90,60,91,1,43,117,59,53,45,61,3" hai1="86,120,128,131,40,31,22,83,119,88,65,93,75" hai2="17,76,113,55,54,89,130,116,135,129,37,101,20" hai3="26,23,73,15,57,48,103,72,74,7,14,29,39"/><W46/><G39/><T122/><D117/><U114/><E120/><V64/><F101/><W109/><G109/><T12/><D122/><U42/><E119/><V66/><F37/><W125/><G125/><T112/><D112/><U9/><E114/><V63/><F76/><W19/><G7/><T13/><D43/><U126/><E126/><V16/><F20/><W96/><G57/><T104/><D104/><U56/><E9/><V80/><F113/><W33/><G33/><T44/><D11/><U71/><E71/><V99/><F99/><W110/><G110/><T121/><D121/><U41/><E75/><V85/><F85/><W115/><G115/><T34/><D59/><U18/><E31/><V84/><F84/><W36/><G36/><T70/><D70/><U5/><E5/><V97/><F97/><W30/><G30/><T98/><D98/><U124/><E124/><V81/><F63/><W8/><G14/><T105/><D105/><U94/><E65/><V132/><REACH who="2" step="1"/><F116/><REACH who="2" ten="353,318,56,263" step="2"/><W69/><G69/><T92/><D92/><U2/><E2/><V58/><F58/><W100/><REACH who="3" step="1"/><G96/><REACH who="3" ten="353,318,56,253" step="2"/><T95/><D34/><U134/><E56/><V111/><F111/><W49/><G49/><T79/><D12/><N who="1" m="9543" /><E134/><V35/><F35/><W68/><G68/><T27/><D13/><U78/><E78/><V4/><F4/><W108/><G108/><T28/><D79/><U6/><E6/><V10/><F10/><W133/><G133/><T123/><D28/><U106/><E106/><V32/><F32/><W107/><G107/><T25/><D123/><U47/><E47/><RYUUKYOKU ba="0,2" sc="353,0,318,0,56,0,253,0" hai0="1,3,25,27,44,45,52,53,60,61,90,91,95" hai1="40,41,42,83,86,88,93,94,128,131" hai2="16,17,54,55,64,66,80,81,89,129,130,132,135" hai3="8,15,19,23,26,29,46,48,72,73,74,100,103" /><INIT seed="7,1,2,3,1,62" ten="353,318,56,253" oya="3" hai0="121,84,123,43,94,61,6,10,11,51,19,104,3" hai1="22,125,71,99,59,113,79,40,98,16,46,66,90" hai2="12,132,52,24,56,130,30,93,107,31,133,20,8" hai3="124,15,128,0,60,75,17,118,28,120,95,1,65"/><W7/><G120/><T33/><D104/><U87/><E71/><V102/><F107/><W41/><G118/><T111/><D33/><U97/><E79/><V27/><F102/><W37/><G75/><T63/><D111/><U45/><E113/><V117/><F117/><W18/><G28/><T14/><D63/><N who="1" m="38271" /><E40/><V39/><F39/><W131/><G124/><T101/><D61/><U21/><E125/><V114/><F114/><W116/><G116/><T23/><D43/><U110/><E110/><V9/><F93/><W48/><G37/><T36/><D36/><U76/><E76/><V42/><F42/><W67/><G95/><T127/><D127/><U81/><E21/><V88/><F130/><N who="3" m="49707" /><G7/><T78/><D123/><U74/><E74/><V115/><F115/><W64/><G60/><T126/><D121/><U50/><E50/><V32/><F9/><N who="3" m="6383" /><G18/><T108/><D126/><U72/><E72/><V122/><F122/><W69/><G69/><T4/><D108/><U80/><E81/><V53/><F132/><W35/><G35/><T57/><D94/><U2/><E2/><V5/><F133/><W106/><G106/><T135/><D135/><U100/><E100/><V13/><F13/><AGARI ba="1,2" hai="13,16,22,45,46,80,87,90,97,98,99" m="38271" machi="13" ten="30,3900,0" yaku="8,1,52,1,54,1" doraHai="62" who="1" fromWho="2" sc="353,0,318,62,56,-42,253,0" owari="353,15.0,380,49.0,14,-49.0,253,-15.0" /></mjloggm>