<mjloggm ver="2.3"><GO type="169" lobby="0"/><UN n0="%E3%82%A6%E3%83%AB%E3%83%88%E3%83%A9%E7%AB%8B%E7%9B%B4" n1="%67%69%62%6F%6E" n2="%E3%81%98%E3%81%98%E3%82%87%E3%80%82" n3="%66%65%65%73" dan="17,16,16,17" rate="2196.89,2054.68,2062.87,2196.17" sx="M,M,M,M"/><TAIKYOKU oya="0"/><INIT seed="0,0,0,4,1,90" ten="250,250,250,250" oya="0" hai0="91,88,127,19,60,131,72,7,115,106,107,104,14" hai1="134,125,9,12,112,35,13,5,132,48,43,79,49" hai2="98,1,84,39,30,41,67,68,89,71,117,27,82" hai3="135,110,20,2,126,53,45,123,59,65,77,103,15"/><T116/><D115/><U33/><E79/><V28/><F1/><W51/><G2/><T42/><D116/><U8/><E112/><V0/><F0/><W6/><G77/><T73/><D7/><U94/><E125/><V26/><F117/><W36/><G126/><T129/><D127/><U99/><E43/><V87/><F98/><W124/><G124/><T69/><D42/><U4/><REACH who="1" step="1"/><E99/><REACH who="1" ten="250,240,250,250" step="2"/><V16/><F41/><W100/><G123/><T52/><D73/><U97/><E97/><V83/><F39/><W10/><G36/><T86/><D72/><U29/><E29/><V21/><F30/><W25/><G135/><T109/><D109/><U78/><E78/><V40/><F40/><W114/><G110/><T128/><D86/><U102/><E102/><V113/><F113/><W85/><G114/><T120/><D120/><U46/><E46/><V23/><F67/><W75/><G85/><T31/><D31/><U17/><E17/><V57/><F57/><W62/><G75/><T70/><D69/><U61/><E61/><V92/><F83/><W130/><G130/><T121/><D121/><U118/><E118/><V44/><F44/><W63/><G62/><T34/><D34/><U76/><E76/><AGARI ba="0,1" hai="16,21,23,26,27,28,68,71,76,82,84,87,89,92" machi="76" ten="30,3900,0" yaku="7,1,52,1,54,1" doraHai="90" who="2" fromWho="1" sc="250,0,240,-39,250,49,250,0" /><INIT seed="1,0,0,2,2,55" ten="250,201,299,250" oya="1" hai0="90,124,122,7,56,11,54,121,39,117,103,51,85" hai1="113,134,89,112,118,114,37,16,109,108,3,98,22" hai2="80,120,12,107,45,116,135,25,91,31,79,50,28" hai3="47,81,23,5,119,95,68,60,93,102,115,48,1"/><U96/><E37/><V57/><F120/><N who="0" m="46186" /><D117/><U29/><E3/><V101/><F116/><W0/><G119/><T129/><D129/><U24/><E118/><V34/><F135/><W97/><G115/><T87/><D124/><U106/><E134/><V69/><F69/><W83/><G23/><T38/><D103/><U44/><E44/><V43/><F31/><W88/><G68/><T61/><D51/><U70/><E70/><V78/><F12/><W20/><G20/><T33/><D33/><U10/><E89/><V76/><F107/><W104/><G104/><T4/><D4/><U77/><E77/><V40/><F101/><W66/><G66/><T82/><D87/><U27/><E106/><V99/><F40/><W32/><G32/><T42/><D42/><U84/><E84/><V127/><F127/><W58/><G5/><T111/><D111/><N who="1" m="42571" /><E10/><V46/><F46/><W65/><G1/><AGARI ba="0,0" hai="1,7,11,38,39,54,56,61,82,85,90" m="46186" machi="1" ten="30,2000,0" yaku="13,1,52,1" doraHai="55" who="0" fromWho="3" sc="250,20,201,0,299,0,250,-20" /><INIT seed="2,0,0,3,3,51" ten="270,201,299,230" oya="2" hai0="92,102,49,114,2,124,1,134,13,86,82,22,19" hai1="97,133,67,85,91,87,65,71,40,8,17,3,105" hai2="117,72,132,128,129,118,24,78,131,109,47,107,123" hai3="88,94,63,10,56,62,73,54,126,41,37,81,83"/><V80/><F24/><W59/><G73/><T66/><D114/><U33/><E33/><V39/><F47/><W96/><G126/><T11/><D124/><U110/><E40/><V48/><F48/><W35/><G35/><T69/><D134/><U7/><E85/><V75/><F39/><W12/><G41/><T101/><D69/><U45/><E45/><V43/><F43/><W38/><G38/><T64/><D1/><U90/><E110/><V130/><F123/><W32/><G32/><T127/><D127/><U14/><E71/><V16/><F16/><N who="3" m="8215" /><G37/><T60/><D60/><U93/><E105/><V61/><F61/><W76/><G76/><T44/><D22/><U111/><E133/><V106/><F131/><W113/><G113/><T120/><D2/><U77/><E77/><V84/><F132/><W55/><AGARI ba="0,0" hai="54,55,56,59,62,63,81,83,88,94,96" m="8215" machi="55" ten="30,8000,1" yaku="8,1,52,2,54,2" doraHai="51" who="3" fromWho="3" sc="270,-20,201,-20,299,-40,230,80" /><INIT seed="3,0,0,4,3,67" ten="250,181,259,310" oya="3" hai0="128,99,37,35,119,48,55,94,126,87,81,92,41" hai1="21,107,40,22,36,39,84,117,62,104,16,23,60" hai2="93,4,8,100,134,59,26,98,3,61,17,135,45" hai3="123,1,125,24,33,63,83,27,89,9,68,129,28"/><W19/><G123/><T32/><D119/><U66/><E117/><V116/><F116/><W42/><G42/><T102/><D128/><U73/><E73/><V76/><F76/><W18/><G129/><T133/><D133/><U70/><E84/><V120/><F120/><W112/><G112/><T127/><D92/><U14/><E60/><V43/><F26/><W72/><G125/><N who="0" m="47627" /><D41/><U78/><E78/><V50/><REACH who="2" step="1"/><F17/><REACH who="2" ten="250,181,249,310" step="2"/><W58/><G24/><T12/><D37/><U86/><E36/><V13/><F13/><W54/><G19/><T97/><D12/><U57/><E39/><V46/><F46/><W79/><G18/><T75/><D75/><U91/><E40/><V0/><F0/><W53/><G79/><N who="0" m="46527" /><D99/><U105/><REACH who="1" step="1"/><E57/><AGARI ba="0,1" hai="32,35,48,55,57,94,97,102" m="46527,47627" machi="57" ten="30,1000,0" yaku="18,1" doraHai="67" who="0" fromWho="1" sc="250,20,181,-10,249,0,310,0" /><INIT seed="4,0,0,0,1,91" ten="270,171,249,310" oya="0" hai0="26,3,24,37,23,105,10,45,12,129,111,54,99" hai1="128,67,43,130,2,71,87,48,108,94,83,30,72" hai2="82,102,19,31,44,13,89,116,131,81,40,47,117" hai3="14,58,100,76,122,90,25,28,16,65,32,60,38"/><T68/><D68/><U35/><E2/><V6/><F31/><W134/><G38/><T42/><D129/><N who="1" m="49771" /><E72/><V50/><F131/><W98/><G76/><T7/><D111/><U118/><E71/><V33/><F33/><W125/><G125/><T106/><D26/><N who="1" m="18903" /><E67/><V22/><F6/><W120/><G90/><T78/><D12/><U88/><E108/><V123/><F123/><W8/><REACH who="3" step="1"/><G134/><REACH who="3" ten="270,171,249,300" step="2"/><T77/><D77/><N who="1" m="46575" /><E118/><N who="2" m="45675" /><F89/><W75/><G75/><T15/><D78/><U11/><E11/><V79/><F79/><W85/><G85/><T51/><D99/><N who="1" m="57799" /><E48/><N who="2" m="26631" /><F102/><W57/><G57/><T20/><D51/><U115/><E115/><V61/><F61/><W132/><G132/><T97/><D10/><U73/><E73/><V121/><F121/><W104/><AGARI ba="0,1" hai="8,14,16,25,28,32,58,60,65,98,100,104,120,122" machi="104" ten="30,4000,0" yaku="1,1,0,1,54,1,53,0" doraHai="91" doraHaiUra="18" who="3" fromWho="3" sc="270,-20,171,-10,249,-10,300,50" /><INIT seed="5,0,0,0,3,45" ten="250,161,239,350" oya="1" hai0="115,51,107,64,3,68,56,131,135,93,117,22,19" hai1="85,1,87,20,77,37,121,21,25,5,33,70,10" hai2="29,128,11,66,99,112,86,72,67,58,129,42,81" hai3="106,12,110,50,55,122,62,132,63,119,47,74,4"/><U123/><E37/><V98/><F72/><W30/><G122/><T16/><D107/><U44/><E70/><V124/><F124/><W7/><G110/><T94/><D117/><U104/><E104/><V27/><F112/><W23/><G106/><T126/><D3/><U103/><E103/><V125/><F125/><W96/><G74/><T108/><D108/><U82/><E87/><V26/><F42/><W6/><G119/><T34/><D34/><U79/><E79/><V28/><F86/><W95/><G132/><T133/><D126/><U17/><E33/><V18/><F18/><W53/><G53/><N who="0" m="31807" /><D19/><U36/><REACH who="1" step="1"/><E21/><REACH who="1" ten="250,151,239,350" step="2"/><V52/><F11/><W76/><G76/><T49/><D68/><U32/><E32/><V24/><F81/><W114/><G114/><T35/><D35/><U78/><E78/><V89/><F89/><N who="3" m="55407" /><G12/><T61/><D115/><U39/><E39/><V69/><F69/><W127/><G127/><T43/><D135/><U97/><E97/><V105/><F105/><W40/><G23/><T57/><D133/><U118/><E118/><V90/><F90/><W102/><G102/><T130/><D130/><N who="2" m="50282" /><F99/><W31/><G40/><AGARI ba="0,1" hai="1,5,10,17,20,25,36,40,44,77,82,85,121,123" machi="40" ten="40,3900,0" yaku="1,1,53,1" doraHai="45" doraHaiUra="0" who="1" fromWho="3" sc="250,0,151,49,239,0,350,-39" /><INIT seed="5,1,0,0,3,80" ten="250,200,239,311" oya="1" hai0="59,66,58,102,39,51,15,14,63,0,13,3,83" hai1="93,69,48,32,113,104,75,110,8,1,77,82,98" hai2="11,54,50,33,23,90,132,122,76,97,37,35,5" hai3="86,57,64,24,71,56,12,129,126,29,67,45,114"/><U135/><E69/><V81/><F122/><W103/><G71/><T133/><D39/><U88/><E32/><V94/><F37/><W30/><G103/><T115/><D115/><U4/><E113/><V20/><F35/><W120/><G120/><T85/><D133/><U9/><E135/><V100/><F33/><W43/><G114/><T65/><D102/><U121/><E121/><V31/><F31/><N who="3" m="11787" /><G24/><T38/><D38/><U118/><E118/><V25/><F25/><W60/><G129/><T42/><D42/><U112/><E112/><V17/><F132/><W73/><G73/><T78/><REACH who="0" step="1"/><D51/><REACH who="0" ten="240,200,239,311" step="2"/><U89/><E48/><V46/><F100/><W108/><G43/><T34/><D34/><U91/><E104/><V107/><F107/><W95/><G108/><T18/><D18/><U27/><E110/><V47/><F17/><W124/><G124/><T28/><D28/><U26/><REACH who="1" step="1"/><E9/><REACH who="1" ten="240,190,239,311" step="2"/><V87/><REACH who="2" step="1"/><F46/><REACH who="2" ten="240,190,229,311" step="2"/><W49/><G45/><T16/><D16/><U41/><E41/><V128/><F128/><W123/><G123/><T134/><D134/><U62/><E62/><AGARI ba="1,3" hai="0,3,13,14,15,58,59,62,63,65,66,78,83,85" machi="62" ten="40,5200,0" yaku="1,1,9,1,52,1,53,0" doraHai="80" doraHaiUra="70" who="0" fromWho="1" sc="240,85,190,-55,229,0,311,0" /><INIT seed="6,0,0,1,0,45" ten="325,135,229,311" oya="2" hai0="83,33,67,75,50,69,135,23,62,48,34,89,10" hai1="3,85,28,11,12,61,56,2,72,124,91,4,87" hai2="123,92,24,79,117,32,108,129,40,78,122,133,31" hai3="114,120,125,73,8,71,80,13,58,95,77,27,119"/><V0/><F117/><W39/><G71/><T41/><D135/><U116/><E124/><V86/><F0/><W59/><G119/><T113/><D113/><U76/><E116/><V38/><F133/><W30/><G120/><T115/><D115/><U131/><E131/><V9/><F129/><W130/><G114/><T88/><D23/><U84/><E72/><V16/><F108/><W66/><G130/><T110/><D110/><U5/><E76/><V44/><F79/><W6/><G39/><T17/><D75/><U101/><E101/><V15/><REACH who="2" step="1"/><F92/><REACH who="2" ten="325,135,219,311" step="2"/><W107/><G107/><T51/><D83/><AGARI ba="0,1" hai="9,15,16,24,31,32,38,40,44,78,83,86,122,123" machi="83" ten="40,7700,0" yaku="1,1,2,1,54,1,53,0" doraHai="45" doraHaiUra="65" who="2" fromWho="0" sc="325,-77,135,0,219,87,311,0" /><INIT seed="6,1,0,1,4,20" ten="248,135,306,311" oya="2" hai0="95,101,49,108,21,115,64,28,134,9,38,87,37" hai1="100,50,54,79,83,88,123,105,15,124,30,130,32" hai2="48,13,2,53,102,111,61,78,107,89,94,31,68" hai3="63,127,119,1,121,45,5,17,85,114,90,93,66"/><V69/><F2/><W27/><G121/><T40/><D108/><U76/><E123/><V4/><F111/><W57/><G119/><T99/><D134/><U26/><E130/><V22/><F78/><W19/><G45/><T125/><D125/><U34/><E124/><V39/><F39/><W12/><G127/><T24/><D115/><U41/><E41/><V52/><F107/><W81/><G1/><T8/><D38/><U29/><E15/><V10/><F102/><W110/><G110/><T129/><D37/><U73/><E76/><V59/><F22/><N who="3" m="13791" /><G5/><T96/><D129/><U106/><E100/><V135/><F31/><W109/><G114/><T42/><D99/><U75/><E75/><V91/><F135/><W6/><G6/><T74/><D74/><U7/><E7/><V35/><F35/><W71/><G71/><T113/><D113/><U56/><REACH who="1" step="1"/><E88/><REACH who="1" ten="248,125,306,311" step="2"/><V80/><F89/><W55/><G109/><T77/><D42/><U58/><E58/><V70/><F59/><W51/><G81/><T98/><D77/><U104/><E104/><V3/><F80/><W126/><G126/><T0/><D0/><U84/><E84/><V67/><F3/><W11/><G90/><T43/><D87/><U92/><E92/><V14/><F91/><W16/><G85/><T72/><D72/><U118/><E118/><V62/><F94/><W18/><G93/><T25/><D95/><U120/><E120/><V33/><F68/><W60/><G12/><T117/><D101/><U133/><E133/><V36/><F14/><W128/><G128/><T47/><D117/><RYUUKYOKU ba="1,1" sc="248,-10,125,30,306,-10,311,-10" hai1="26,29,30,32,34,50,54,56,73,79,83,105,106" /><INIT seed="7,2,1,2,2,10" ten="238,155,296,301" oya="3" hai0="79,62,71,66,22,69,73,27,135,46,13,124,5" hai1="29,64,63,45,106,132,12,104,9,120,74,54,112" hai2="25,131,1,93,129,26,56,102,97,130,48,42,123" hai3="92,103,85,94,87,99,38,58,2,49,107,61,90"/><W76/><G38/><T44/><D71/><U116/><E120/><V51/><F123/><W70/><G2/><T59/><D69/><U133/><E112/><V121/><F121/><W31/><G70/><T86/><D73/><U18/><E74/><V55/><F1/><W53/><G31/><N who="0" m="17911" /><D135/><U128/><E128/><V114/><F114/><W115/><G115/><T122/><D124/><U67/><E116/><V75/><F75/><W6/><G6/><T83/><D122/><U113/><E113/><V7/><F7/><W118/><G118/><T84/><D84/><U117/><E117/><V19/><F19/><W15/><G15/><T39/><D39/><U89/><E29/><V17/><F17/><W30/><G30/><T81/><D81/><U77/><E77/><V16/><F16/><W60/><G107/><T57/><D57/><U110/><E110/><V40/><F40/><W65/><G65/><T96/><D96/><U47/><E89/><V50/><F42/><W0/><G0/><T127/><D127/><U109/><E109/><V11/><F11/><AGARI ba="2,1" hai="5,11,13,44,46,59,62,66,79,83,86" m="17911" machi="11" ten="30,2000,0" yaku="8,1,52,1" doraHai="10" who="0" fromWho="2" sc="238,36,155,0,296,-26,301,0" owari="274,7.0,155,-34.0,270,-13.0,301,40.0" /></mjloggm>