<mjloggm ver="2.3"><GO type="233" lobby="0"/><UN n0="%E5%86%A5%E5%9C%9F%E3%81%AE%E3%83%AF%E3%83%8B%E8%94%B5" n1="%E5%B0%8F%E9%98%AA%E3%81%A1%E3%81%B2%E3%82%8D" n2="%E3%82%A6%E3%83%AB%E3%83%88%E3%83%A9%E7%AB%8B%E7%9B%B4" n3="%74%61%6B%75%61%6B%61" dan="18,18,18,18" rate="2118.56,2236.75,2214.32,2181.43" sx="M,F,M,M"/><TAIKYOKU oya="0"/><INIT seed="0,0,0,3,2,106" ten="250,250,250,250" oya="0" hai0="7,66,62,49,95,57,101,70,100,120,103,67,65" hai1="102,125,126,114,90,5,119,68,121,32,14,42,93" hai2="117,18,110,31,10,71,133,38,13,50,44,17,41" hai3="107,29,87,19,97,115,128,63,72,21,60,4,55"/><T1/><D120/><U81/><E121/><V89/><F71/><W88/><G115/><T73/><D73/><U124/><E119/><V28/><F117/><W12/><G128/><T8/><D49/><U27/><E68/><V23/><F110/><W46/><G72/><T40/><D40/><U56/><E114/><V6/><F133/><W131/><G29/><T78/><D78/><U34/><E42/><V9/><F89/><W109/><G131/><T96/><REACH who="0" step="1"/><D70/><REACH who="0" ten="240,250,250,250" step="2"/><U83/><E124/><V91/><F38/><W118/><G118/><T86/><D86/><U132/><E125/><V94/><F50/><W30/><G87/><T85/><D85/><U129/><E126/><V58/><F41/><W48/><G48/><T11/><D11/><U36/><E129/><V105/><F10/><W61/><G61/><T45/><D45/><U37/><E37/><V59/><F44/><W25/><G63/><T3/><D3/><U74/><E36/><V104/><F9/><W76/><G60/><T22/><D22/><U53/><E74/><V75/><F23/><W80/><G76/><T2/><D2/><U111/><E32/><V43/><F75/><W113/><G46/><T0/><D0/><U39/><E34/><V54/><F43/><W123/><G21/><T35/><D35/><U98/><E39/><V134/><F134/><W99/><G123/><T127/><D127/><U130/><E132/><V79/><F79/><W24/><G113/><T16/><D16/><U51/><E130/><V82/><F18/><W77/><G19/><T15/><D15/><U26/><E14/><RYUUKYOKU ba="0,1" sc="240,30,250,-10,250,-10,250,-10" hai0="1,7,8,57,62,65,66,67,95,96,100,101,103" /><INIT seed="0,1,1,0,2,109" ten="270,240,240,240" oya="0" hai0="112,27,107,91,97,49,26,67,30,86,47,96,58" hai1="32,89,66,62,51,123,1,81,50,78,126,6,100" hai2="63,104,55,87,83,68,133,101,94,40,73,31,17" hai3="129,0,77,25,20,33,102,75,57,122,110,93,59"/><T4/><D112/><U80/><E123/><V52/><F133/><W119/><G110/><T113/><D113/><U72/><E32/><V34/><F40/><W23/><G0/><T90/><D4/><U28/><E28/><V121/><F17/><W84/><G33/><T120/><D120/><U48/><E100/><V10/><F10/><W105/><G23/><T19/><D19/><U130/><E130/><V61/><F61/><W11/><G11/><T92/><D107/><U76/><E126/><V131/><F94/><W13/><G13/><T15/><D15/><U108/><E108/><V3/><F73/><W111/><G119/><T37/><D37/><U114/><E89/><V64/><F3/><W124/><G124/><T128/><D128/><U118/><E118/><V98/><F121/><W5/><G5/><T46/><D46/><U36/><E36/><V12/><F12/><W115/><G115/><T60/><D30/><U44/><E114/><V127/><F127/><W135/><G135/><T2/><D2/><U56/><E6/><V125/><F125/><W70/><G70/><T69/><D69/><U103/><E103/><V35/><F35/><W41/><G41/><N who="0" m="24815" /><D97/><U14/><E14/><V79/><F131/><W53/><G129/><T71/><D71/><U99/><E99/><V106/><F106/><W22/><G105/><T16/><D16/><U18/><E18/><V43/><F43/><W42/><G42/><T24/><D24/><AGARI ba="1,1" hai="24,31,34,52,55,63,64,68,79,83,87,98,101,104" machi="24" ten="40,5200,0" yaku="25,2,54,1" doraHai="109" who="2" fromWho="0" sc="270,-55,240,0,240,65,240,0" /><INIT seed="1,0,0,3,3,7" ten="215,240,305,240" oya="1" hai0="124,46,120,91,114,130,39,28,94,81,83,106,3" hai1="128,87,59,123,26,62,10,108,104,119,34,86,74" hai2="79,117,4,23,66,118,20,47,77,95,122,110,9" hai3="121,33,5,55,135,125,15,52,17,76,19,97,99"/><U64/><E123/><V32/><F32/><W51/><G121/><T35/><D114/><U127/><E119/><V22/><F122/><W115/><G115/><T24/><D106/><U60/><E74/><V16/><F66/><W45/><G33/><T112/><D112/><U57/><E104/><V44/><F95/><W58/><G125/><T113/><D113/><U2/><E128/><V105/><F105/><W116/><G135/><T111/><D124/><U40/><E40/><V134/><F134/><W12/><G5/><T88/><D120/><U41/><E41/><V25/><F110/><W78/><G97/><T89/><D111/><U92/><E127/><V53/><F53/><W61/><G99/><T14/><D3/><U49/><E108/><V131/><F131/><W109/><G116/><T30/><D30/><U69/><E92/><V18/><F23/><N who="3" m="11687" /><G109/><T29/><D29/><U31/><E49/><V71/><F71/><W102/><G102/><T42/><D130/><U0/><E69/><V82/><F117/><W133/><G133/><T54/><D94/><U13/><E0/><V72/><F79/><W48/><G48/><T73/><D73/><U75/><E75/><V126/><F118/><W101/><G101/><T56/><REACH who="0" step="1"/><D14/><REACH who="0" ten="205,240,305,240" step="2"/><U80/><E2/><N who="2" m="151" /><F126/><W50/><G50/><AGARI ba="0,1" hai="24,28,35,39,42,46,50,54,56,81,83,88,89,91" machi="50" ten="40,2600,0" yaku="1,1,54,1,53,0" doraHai="7" doraHaiUra="100" who="0" fromWho="3" sc="205,36,240,0,305,0,240,-26" /><INIT seed="2,0,0,0,0,25" ten="241,240,305,214" oya="2" hai0="133,6,96,62,120,44,114,69,122,18,74,131,27" hai1="11,109,105,68,56,132,129,85,83,38,30,9,97" hai2="125,19,37,13,26,72,20,7,127,102,76,67,94" hai3="60,82,103,115,8,61,73,1,45,41,64,14,42"/><V32/><F37/><W86/><G1/><T80/><D114/><U106/><E68/><V3/><F67/><W111/><G73/><T128/><D6/><U24/><E38/><V121/><F76/><W29/><G111/><T2/><D2/><U87/><E109/><V34/><F72/><W54/><G115/><T123/><D133/><U33/><E129/><N who="0" m="49737" /><D44/><U10/><E132/><V48/><F48/><N who="3" m="28943" /><G29/><T46/><D46/><U51/><E97/><V116/><F94/><W12/><G103/><T101/><D80/><U55/><REACH who="1" step="1"/><E85/><REACH who="1" ten="241,230,305,214" step="2"/><V98/><F98/><W47/><G14/><T79/><D74/><U95/><E95/><V89/><F13/><W52/><G86/><T112/><D96/><U5/><E5/><V17/><F7/><N who="3" m="3103" /><G82/><T0/><D120/><U58/><E58/><V4/><F4/><W22/><G22/><T43/><D122/><U77/><AGARI ba="0,1" hai="9,10,11,24,30,33,51,55,56,77,83,87,105,106" machi="77" ten="30,4000,0" yaku="1,1,0,1,52,1,53,0" doraHai="25" doraHaiUra="84" who="1" fromWho="1" sc="241,-10,230,50,305,-20,214,-10" /><INIT seed="3,0,0,1,4,95" ten="231,280,285,204" oya="3" hai0="6,60,131,63,8,37,5,120,38,116,98,105,133" hai1="129,77,115,1,7,135,93,125,21,112,61,97,81" hai2="103,45,65,124,69,113,73,82,46,71,128,75,35" hai3="2,43,66,134,34,106,79,36,70,29,86,52,14"/><W62/><G134/><T10/><D120/><U126/><E7/><V39/><F35/><W90/><G2/><T117/><D105/><U31/><E21/><V53/><F103/><W111/><G111/><T108/><D108/><U27/><E27/><V72/><F75/><W32/><G106/><T110/><D110/><U0/><E31/><V101/><F101/><W67/><G67/><T30/><D30/><U41/><E41/><V114/><F65/><W51/><G79/><T68/><D68/><U19/><E19/><V55/><F82/><W102/><G102/><T118/><D133/><U54/><E135/><V4/><F4/><N who="0" m="1642" /><D98/><U121/><E121/><V88/><F88/><W91/><G14/><T57/><D57/><N who="1" m="34999" /><E129/><V23/><F128/><W26/><G34/><T9/><D131/><U64/><E64/><V100/><F100/><W122/><G86/><T42/><D42/><U80/><E0/><V123/><F123/><W56/><REACH who="3" step="1"/><G122/><REACH who="3" ten="231,280,285,194" step="2"/><T92/><D116/><U17/><E77/><V132/><F132/><W20/><G20/><T48/><D117/><U33/><E1/><V130/><F23/><W11/><G11/><T40/><D118/><U94/><E33/><V78/><F130/><W109/><G109/><T13/><D8/><U28/><E112/><V104/><F104/><W15/><G15/><T25/><D9/><U59/><E115/><V76/><F114/><W12/><G12/><T87/><D13/><U99/><E125/><V3/><F113/><W24/><G24/><T50/><D25/><U49/><E126/><V22/><F124/><W16/><G16/><RYUUKYOKU ba="0,1" sc="231,-10,280,-10,285,-10,194,30" hai3="26,29,32,36,43,51,52,56,62,66,70,90,91" /><INIT seed="3,1,1,4,0,52" ten="221,270,275,224" oya="3" hai0="115,127,95,25,5,92,12,94,0,57,16,69,129" hai1="42,100,62,6,4,120,56,61,80,1,68,28,9" hai2="88,114,39,27,117,89,78,66,40,102,58,48,21" hai3="17,29,134,130,55,124,131,116,44,8,13,118,45"/><W81/><G81/><T37/><D69/><U105/><E120/><V91/><F39/><W77/><G77/><T31/><D37/><U72/><E6/><V60/><F117/><N who="3" m="45163" /><G55/><T113/><D127/><U111/><E111/><V122/><F114/><N who="0" m="43530" /><D129/><N who="3" m="49161" /><G134/><T49/><D5/><U112/><E42/><V125/><F125/><W35/><G124/><T99/><D0/><U23/><E68/><V119/><F119/><W50/><G50/><T82/><D82/><U126/><E61/><V38/><F38/><W109/><G109/><T32/><D49/><U84/><E62/><V85/><F122/><W123/><G123/><T86/><D86/><U67/><E84/><V74/><F74/><W76/><G76/><T2/><D2/><U79/><E72/><V26/><F78/><W65/><G65/><T41/><D41/><U14/><E67/><V98/><F85/><W47/><G47/><T132/><D132/><U73/><E79/><V133/><F133/><W103/><G103/><N who="0" m="60903" /><D57/><U128/><E80/><V110/><F110/><W53/><G53/><T83/><D83/><U3/><E73/><V107/><F48/><W70/><G70/><T19/><D19/><U34/><E126/><V135/><F40/><W97/><G97/><T18/><D18/><U36/><E36/><V87/><F87/><W33/><G29/><T10/><AGARI ba="1,1" hai="10,12,16,25,31,32,94,95" m="60903,43530" machi="10" ten="30,2000,0" yaku="11,1,54,1" doraHai="52" who="0" fromWho="0" sc="221,33,270,-6,275,-6,224,-11" /><INIT seed="4,0,0,2,1,62" ten="254,264,269,213" oya="0" hai0="110,113,122,124,10,107,131,1,87,117,59,94,27" hai1="111,63,67,79,86,45,55,47,8,82,134,20,85" hai2="33,31,65,73,22,90,11,96,115,15,89,34,78" hai3="126,61,16,102,60,57,44,18,36,9,58,101,19"/><T13/><D107/><U77/><E111/><V23/><F78/><W120/><G126/><T46/><D117/><U50/><E134/><V5/><F73/><W6/><G120/><T56/><D122/><U49/><E8/><V54/><F115/><W105/><G36/><T99/><D1/><U81/><E20/><V37/><F37/><W12/><G44/><T76/><D113/><U128/><E128/><V66/><F34/><W114/><G114/><T123/><D123/><U29/><E29/><V72/><F72/><W135/><G105/><T68/><D68/><U130/><E130/><V25/><F33/><W71/><G71/><T109/><D27/><U52/><E63/><V103/><F23/><W74/><G74/><T0/><D0/><U41/><REACH who="1" step="1"/><E67/><REACH who="1" ten="254,254,269,213" step="2"/><N who="2" m="25611" /><F54/><AGARI ba="0,1" hai="41,45,47,49,50,52,54,55,77,79,81,82,85,86" machi="54" ten="30,12000,2" yaku="1,1,7,1,9,1,8,1,54,1,53,1" doraHai="62" doraHaiUra="39" who="1" fromWho="2" sc="254,0,254,130,269,-120,213,0" /><INIT seed="5,0,0,0,1,60" ten="254,384,149,213" oya="1" hai0="58,96,61,59,111,8,21,95,49,38,79,85,112" hai1="74,73,50,67,46,10,75,11,101,86,54,77,26" hai2="66,123,106,93,63,13,133,25,105,107,48,87,45" hai3="68,4,103,39,126,34,120,52,9,65,16,116,128"/><U20/><E101/><V124/><F123/><W129/><G120/><T14/><D111/><U119/><E119/><V17/><F124/><W27/><G39/><T88/><D38/><U132/><E132/><V125/><F125/><W19/><G126/><T83/><D112/><U40/><E40/><V24/><F133/><W71/><G103/><T6/><D49/><U55/><E55/><V91/><F13/><W35/><G52/><T23/><D59/><U22/><E22/><V82/><F82/><W81/><G81/><T104/><D104/><U70/><E86/><V127/><F17/><N who="3" m="6731" /><G65/><AGARI ba="0,0" hai="6,8,14,21,23,58,61,65,79,83,85,88,95,96" machi="65" ten="30,7700,0" yaku="7,1,8,1,52,1,54,1" doraHai="60" who="0" fromWho="3" sc="254,77,384,0,149,0,213,-77" /><INIT seed="6,0,0,2,1,16" ten="331,384,149,136" oya="2" hai0="102,127,82,123,124,54,109,101,2,89,53,111,40" hai1="3,96,122,12,26,135,29,134,48,76,33,55,19" hai2="35,44,14,57,71,86,51,103,93,69,119,118,90" hai3="50,21,99,128,75,8,106,10,107,66,79,62,125"/><V63/><F35/><W5/><G125/><N who="0" m="48203" /><D2/><U70/><E3/><V84/><F103/><N who="0" m="39434" /><D40/><U73/><E70/><V114/><F114/><W34/><G34/><T94/><D82/><U64/><E122/><V104/><F104/><W72/><G21/><T88/><D123/><U20/><E64/><N who="2" m="39023" /><F71/><N who="3" m="42455" /><G99/><N who="0" m="57799" /><D89/><U6/><E6/><V28/><F119/><W115/><G115/><T17/><D17/><U47/><REACH who="1" step="1"/><E96/><REACH who="1" ten="331,374,149,136" step="2"/><V43/><F69/><W77/><G107/><T92/><D92/><U31/><E31/><V110/><F28/><W0/><G106/><T133/><D133/><U1/><E1/><V83/><F118/><W131/><G0/><T46/><D46/><U126/><E126/><V78/><F110/><AGARI ba="0,1" hai="53,54,109,110,111" m="57799,39434,48203" machi="110" ten="30,2000,0" yaku="18,1,54,1" doraHai="16" who="0" fromWho="2" sc="331,30,374,0,149,-20,136,0" /><INIT seed="7,0,0,2,5,4" ten="361,374,129,136" oya="3" hai0="135,103,76,123,59,87,82,29,54,116,79,19,37" hai1="70,97,33,48,94,68,47,35,49,92,131,110,11" hai2="46,55,113,13,28,40,104,130,38,73,44,124,52" hai3="27,21,107,7,58,114,98,119,18,99,57,6,75"/><W41/><G119/><T0/><D123/><U121/><E110/><V42/><F104/><W111/><G114/><T14/><D116/><U93/><E97/><N who="3" m="36874" /><G75/><T85/><D135/><U22/><E121/><V84/><F73/><W86/><G107/><T72/><D0/><U10/><E22/><V50/><F113/><W65/><G111/><T89/><D37/><U109/><E109/><V12/><F124/><W8/><G41/><T32/><D103/><U95/><E95/><V31/><F130/><W56/><G65/><T100/><D100/><U96/><E96/><V118/><F118/><W106/><G106/><T122/><D122/><U34/><E131/><V51/><F84/><W5/><G86/><T112/><D112/><U25/><E25/><V83/><F83/><W117/><G117/><T26/><D72/><U91/><E91/><V69/><F38/><W127/><G127/><T9/><REACH who="0" step="1"/><D87/><REACH who="0" ten="351,374,129,136" step="2"/><U101/><E101/><V30/><F69/><N who="1" m="26729" /><E47/><V16/><F12/><AGARI ba="0,1" hai="5,6,7,8,12,18,21,27,56,57,58" m="36874" machi="12" ten="30,2900,0" yaku="8,1,52,1" doraHai="4" who="3" fromWho="2" sc="351,0,374,0,129,-29,136,39" /><INIT seed="7,1,0,3,3,49" ten="351,374,100,175" oya="3" hai0="33,7,89,64,39,80,32,119,58,94,134,135,115" hai1="34,95,30,2,55,36,123,109,4,6,41,73,100" hai2="12,83,0,47,66,121,126,5,51,24,122,103,67" hai3="129,106,50,61,27,133,23,105,11,84,26,35,74"/><W110/><G129/><T46/><D119/><U97/><E109/><V42/><F0/><W15/><G74/><T91/><D115/><U57/><E73/><V104/><F126/><W93/><G35/><T31/><D7/><U56/><E2/><V111/><F111/><W108/><G61/><N who="0" m="37943" /><D31/><U44/><E123/><V43/><F43/><W120/><G27/><T21/><D21/><U9/><E9/><V8/><F24/><W38/><G84/><N who="0" m="50311" /><D46/><U25/><E57/><V40/><F40/><W48/><G48/><AGARI ba="1,0" hai="4,6,25,30,34,36,41,44,48,55,56,95,97,100" machi="48" ten="30,2000,0" yaku="7,1,52,1" doraHai="49" who="1" fromWho="3" sc="351,0,374,23,100,0,175,-23" owari="351,15.0,397,50.0,100,-40.0,152,-25.0" /></mjloggm>