<mjloggm ver="2.3"><GO type="169" lobby="0"/><UN n0="%E2%80%A0%E3%81%BE%E3%83%BC%E5%9D%8A%E2%80%A0" n1="%E5%B0%B1%E6%B4%BB%E7%94%9F%40%E5%B7%9D%E6%9D%91%E8%BB%8D%E5%9B%A3" n2="%E5%9C%B0%E7%8D%84%E3%83%A2%E3%83%BC%E3%83%89%E5%B0%82%E7%94%A8" n3="%7A%68%6B%64%73%68%67%79" dan="16,17,16,17" rate="2079.91,2232.52,2117.40,2168.93" sx="M,M,M,F"/><TAIKYOKU oya="0"/><INIT seed="0,0,0,0,4,118" ten="250,250,250,250" oya="0" hai0="43,113,14,95,49,1,130,91,123,129,54,116,56" hai1="63,78,124,8,133,30,75,12,59,24,74,66,96" hai2="105,88,106,119,85,48,11,47,53,31,29,62,16" hai3="134,81,41,90,117,100,60,27,103,32,89,94,2"/><T7/><D116/><U61/><E133/><V22/><F119/><W127/><G117/><T57/><D113/><U64/><E124/><V87/><F106/><W111/><G134/><T10/><D43/><U3/><E3/><V121/><F105/><W26/><G2/><T21/><D57/><U51/><E96/><V102/><F121/><W18/><G127/><T46/><D46/><U122/><E51/><V93/><F11/><W72/><G111/><T65/><D65/><U33/><E122/><V108/><F108/><W99/><G41/><T4/><D123/><U101/><E101/><V58/><F85/><N who="3" m="50351" /><G32/><T110/><D110/><U112/><E78/><V42/><F102/><N who="3" m="38955" /><G72/><T120/><D120/><U68/><E112/><V132/><F132/><W34/><G34/><T114/><D114/><U17/><AGARI ba="0,0" hai="8,12,17,24,30,33,59,61,63,64,66,68,74,75" machi="17" ten="20,1500,0" yaku="0,1,7,1" doraHai="118" who="1" fromWho="1" sc="250,-7,250,15,250,-4,250,-4" /><INIT seed="1,0,0,2,5,85" ten="243,265,246,246" oya="1" hai0="118,35,28,84,21,61,124,116,68,52,53,24,91" hai1="83,110,46,87,55,57,127,76,12,9,49,23,106" hai2="22,111,107,5,134,33,50,109,0,128,37,19,132" hai3="18,38,31,92,104,39,98,48,2,130,8,15,73"/><U11/><E106/><V71/><F50/><W108/><G108/><N who="2" m="41545" /><F71/><W54/><G130/><T34/><D124/><U69/><E69/><V30/><F37/><W58/><G73/><T66/><D35/><U96/><E110/><V82/><F82/><W86/><G2/><T74/><D74/><U51/><E127/><V29/><F107/><W120/><G120/><T88/><D34/><U77/><E96/><V80/><F80/><W75/><G75/><T47/><D91/><U135/><E135/><N who="2" m="51755" /><F33/><W119/><G104/><T1/><D1/><U70/><E70/><V14/><F128/><W93/><G119/><T100/><D100/><U62/><E51/><V112/><F112/><W101/><G38/><T4/><D4/><U125/><E125/><V3/><F3/><W25/><G39/><T63/><D63/><U60/><E60/><V133/><N who="2" m="51763" /><V97/><DORA hai="16" /><F97/><W95/><REACH who="3" step="1"/><G86/><REACH who="3" ten="243,265,246,236" step="2"/><T36/><D118/><U79/><E79/><V20/><F20/><AGARI ba="0,1" hai="8,15,18,20,25,31,48,54,58,92,93,95,98,101" machi="20" ten="30,12000,2" yaku="1,1,2,1,7,1,8,1,52,1,53,1" doraHai="85,16" doraHaiUra="10,102" who="3" fromWho="2" sc="243,0,265,0,246,-120,236,130" /><INIT seed="2,0,0,0,4,74" ten="243,265,126,366" oya="2" hai0="36,47,134,56,14,126,87,8,59,120,96,27,7" hai1="66,40,18,37,69,117,33,31,101,116,49,16,65" hai2="20,113,54,106,22,6,97,88,78,17,34,4,26" hai3="62,0,3,42,85,1,60,119,118,133,35,127,98"/><V130/><F34/><W44/><G35/><T50/><D120/><U129/><E37/><V71/><F113/><W121/><G121/><T25/><D134/><U111/><E101/><V63/><F130/><W125/><G133/><T89/><D126/><N who="3" m="48137" /><G98/><T57/><D36/><U104/><E104/><V30/><F106/><W100/><G100/><T32/><D96/><U94/><E94/><N who="2" m="56519" /><F71/><W132/><G85/><T80/><REACH who="0" step="1"/><D32/><REACH who="0" ten="233,265,126,366" step="2"/><U79/><E33/><V68/><F68/><W90/><G132/><T135/><D135/><U75/><E129/><V38/><F38/><W2/><G118/><T51/><D51/><U105/><E49/><V21/><F78/><W48/><G119/><T45/><D45/><U15/><E79/><V12/><F22/><W19/><G48/><T5/><D5/><U58/><E116/><V86/><F86/><W76/><G76/><T24/><D24/><U46/><E117/><V92/><F92/><W115/><G44/><T11/><D11/><U53/><E105/><V9/><F9/><W64/><G115/><T23/><D23/><U83/><E75/><V107/><F107/><W110/><G90/><T43/><AGARI ba="0,1" hai="7,8,14,25,27,43,47,50,56,57,59,80,87,89" machi="43" ten="30,7900,0" yaku="1,1,0,1,8,1,53,1" doraHai="74" doraHaiUra="39" who="0" fromWho="0" sc="233,89,265,-20,126,-39,366,-20" /><INIT seed="3,0,0,0,2,53" ten="322,245,87,346" oya="3" hai0="11,45,68,49,27,105,126,69,75,59,8,29,40" hai1="4,15,63,31,103,35,98,58,87,131,120,13,52" hai2="44,21,70,14,129,109,83,9,22,112,54,24,79" hai3="130,121,128,95,16,106,84,0,32,78,48,123,6"/><W89/><G106/><T116/><D116/><U127/><E120/><V102/><F112/><W67/><G32/><T71/><D126/><U110/><E110/><V62/><F109/><W2/><G67/><T28/><D75/><U101/><E127/><V122/><F122/><W39/><G39/><T93/><D105/><U25/><E131/><N who="3" m="50218" /><G48/><T46/><D46/><U56/><E4/><V33/><F129/><W43/><G43/><T92/><D29/><U104/><E101/><V118/><F118/><W64/><G64/><T20/><D92/><U134/><E134/><V135/><F135/><W86/><G16/><T47/><D47/><U81/><REACH who="1" step="1"/><E58/><REACH who="1" ten="322,235,87,346" step="2"/><V19/><F102/><W82/><G6/><T74/><D59/><U119/><E119/><V88/><F70/><W115/><G115/><T76/><D71/><U65/><E65/><V41/><F33/><W132/><G132/><T85/><D69/><U1/><E1/><AGARI ba="0,1" hai="0,1,2,78,82,84,86,89,95,121,123" m="50218" machi="1" ten="30,1500,0" yaku="19,1" doraHai="53" who="3" fromWho="1" sc="322,0,235,-15,87,0,346,25" /><INIT seed="3,1,0,3,3,113" ten="322,220,87,371" oya="3" hai0="128,54,99,17,102,101,6,127,3,124,66,110,21" hai1="82,120,48,123,22,59,92,19,80,95,53,20,34" hai2="77,129,24,88,85,28,12,25,131,114,94,50,118" hai3="70,23,26,32,31,76,83,71,7,72,98,103,4"/><W109/><G109/><T55/><D110/><U133/><E34/><V112/><F77/><W107/><G23/><T14/><D128/><N who="2" m="49226" /><F12/><W16/><G16/><N who="0" m="10391" /><D66/><U58/><E133/><V100/><F100/><N who="0" m="38506" /><D99/><U116/><E19/><V37/><F37/><W78/><REACH who="3" step="1"/><G78/><REACH who="3" ten="322,220,87,361" step="2"/><T2/><D17/><U8/><E8/><V60/><F112/><W36/><G36/><T97/><D6/><AGARI ba="1,1" hai="4,6,7,26,31,32,70,71,72,76,83,98,103,107" machi="6" ten="40,2000,0" yaku="1,1,53,0" doraHai="113" doraHaiUra="61" who="3" fromWho="0" sc="322,-23,220,0,87,0,361,33" /><INIT seed="3,2,0,2,5,18" ten="299,220,87,394" oya="3" hai0="29,30,83,5,19,4,71,54,108,61,40,38,55" hai1="8,96,74,34,72,70,15,69,31,23,128,53,21" hai2="41,92,47,127,135,98,124,93,10,73,102,48,67" hai3="87,37,1,11,78,36,104,49,118,125,89,27,109"/><W80/><G118/><T14/><D108/><U3/><E128/><V95/><F73/><W103/><G125/><T52/><D38/><U12/><E3/><V94/><F67/><W59/><G109/><T76/><D40/><U62/><E34/><V115/><F115/><W122/><G122/><T131/><D131/><U114/><E114/><V28/><F135/><W20/><G104/><T17/><D17/><U39/><E39/><V119/><F119/><W88/><G103/><T46/><D46/><U113/><E113/><V65/><F65/><W51/><G37/><T117/><D61/><U58/><E31/><N who="0" m="11785" /><D71/><U32/><E32/><V110/><F110/><W107/><G107/><T112/><D117/><U26/><E26/><V45/><F45/><W24/><G36/><T66/><D66/><U33/><E33/><V105/><N who="2" m="23552" /><DORA hai="64" /><V101/><F101/><W2/><G24/><T90/><D76/><U116/><E96/><V86/><F28/><N who="3" m="17511" /><G2/><T0/><D0/><U132/><E132/><V16/><REACH who="2" step="1"/><F86/><REACH who="2" ten="299,220,77,394" step="2"/><W85/><G85/><N who="0" m="50495" /><D112/><U43/><E116/><V126/><F126/><W100/><G100/><T9/><AGARI ba="2,1" hai="4,5,9,14,19,52,54,55" m="50495,11785" machi="9" ten="30,2000,0" yaku="8,1,54,1" doraHai="18,64" who="0" fromWho="0" sc="299,36,220,-7,77,-7,394,-12" /><INIT seed="4,0,0,0,0,117" ten="335,213,70,382" oya="0" hai0="74,34,29,25,96,67,103,133,0,88,91,47,22" hai1="71,134,94,79,44,35,6,45,83,111,8,126,7" hai2="20,100,104,31,95,30,127,61,36,46,76,15,1" hai3="123,60,86,101,16,42,87,115,131,82,68,120,41"/><T102/><D133/><U124/><E111/><V77/><F1/><W118/><G118/><T18/><D74/><U17/><E71/><V119/><F104/><W70/><G115/><T33/><D33/><U112/><E35/><V9/><F119/><W4/><G131/><T85/><D0/><U51/><E134/><V122/><F127/><W130/><G130/><T58/><D47/><U73/><E112/><V132/><F132/><W135/><G135/><T56/><D102/><U50/><E94/><V98/><F36/><W65/><G4/><T12/><D67/><U129/><E129/><V121/><F46/><W84/><G68/><T81/><REACH who="0" step="1"/><D91/><REACH who="0" ten="325,213,70,382" step="2"/><U11/><E73/><V52/><F76/><W32/><G101/><T80/><D80/><U2/><E83/><V53/><F77/><W43/><G32/><T19/><D19/><U14/><E79/><V57/><F53/><W5/><G5/><T69/><D69/><U64/><E64/><V24/><F31/><W21/><REACH who="3" step="1"/><G82/><REACH who="3" ten="325,213,70,372" step="2"/><T38/><D38/><U113/><E113/><V75/><REACH who="2" step="1"/><F75/><REACH who="2" ten="325,213,60,372" step="2"/><W49/><G49/><T110/><D110/><U125/><E51/><V78/><F78/><W3/><G3/><T59/><D59/><U55/><REACH who="1" step="1"/><E45/><REACH who="1" ten="325,203,60,372" step="2"/><RYUUKYOKU type="reach4" ba="0,4" sc="325,0,203,0,60,0,372,0" hai0="12,18,22,25,29,34,56,58,81,85,88,96,103" hai1="2,6,7,8,11,14,17,44,50,55,124,125,126" hai2="9,15,20,24,30,52,57,61,95,98,100,121,122" hai3="16,21,41,42,43,60,65,70,84,86,87,120,123" /><INIT seed="4,1,4,4,3,71" ten="325,203,60,372" oya="0" hai0="66,74,7,54,99,101,55,102,53,108,94,52,3" hai1="69,30,125,50,126,44,115,28,110,38,78,15,65" hai2="34,64,98,123,92,14,68,13,6,83,35,96,39" hai3="128,87,86,93,127,2,130,60,120,118,109,88,104"/><T18/><D74/><U22/><E115/><V122/><F68/><W76/><G118/><T62/><D108/><U27/><E110/><V121/><F64/><W11/><G109/><T81/><N who="0" m="13312" /><DORA hai="103" /><T70/><D18/><U47/><E78/><V1/><F39/><W117/><G117/><T56/><D81/><U20/><E38/><V107/><F1/><W48/><G127/><N who="1" m="48650" /><E50/><V58/><F58/><W84/><G120/><T119/><D119/><U49/><E49/><V10/><F14/><W41/><G60/><T16/><D70/><U111/><E111/><V43/><F43/><W29/><G29/><T19/><REACH who="0" step="1"/><D101/><REACH who="0" ten="315,203,60,372" step="2"/><U17/><E30/><V45/><F83/><W80/><G80/><T114/><D114/><U63/><AGARI ba="1,5" hai="15,17,20,22,27,28,44,47,63,65,69" m="48650" machi="63" ten="30,1100,0" yaku="18,1" doraHai="71,103" who="1" fromWho="1" sc="315,-6,203,64,60,-4,372,-4" /><INIT seed="5,0,0,3,3,14" ten="309,267,56,368" oya="1" hai0="53,95,60,3,75,51,116,37,130,12,26,64,90" hai1="77,134,103,55,105,44,66,108,52,47,96,39,5" hai2="27,20,2,10,22,84,21,43,99,82,131,24,112" hai3="133,106,15,132,85,89,93,13,36,70,28,80,48"/><U17/><E5/><V18/><F131/><W57/><G36/><T59/><D116/><U69/><E108/><V61/><F112/><W73/><G70/><T7/><D130/><U31/><E31/><V6/><F43/><W0/><G0/><T56/><D37/><U118/><E118/><V91/><F27/><W74/><G106/><T114/><D75/><U113/><E77/><V45/><F45/><W100/><G28/><T40/><D40/><U83/><E83/><V97/><F61/><W117/><G117/><T79/><D79/><U4/><E4/><V94/><REACH who="2" step="1"/><F99/><REACH who="2" ten="309,267,46,368" step="2"/><W33/><G133/><T71/><D26/><U58/><E113/><V54/><F54/><W68/><G132/><T127/><D114/><U107/><E134/><V23/><F23/><W98/><G33/><T87/><D53/><U122/><E44/><V41/><F41/><W129/><G129/><T128/><D128/><U9/><E47/><V32/><F32/><W135/><G135/><T126/><D60/><U102/><E55/><V115/><F115/><W30/><G98/><T65/><D64/><U88/><E66/><V8/><F8/><W78/><G48/><T67/><D51/><U63/><E39/><V38/><F38/><W35/><G35/><T62/><D67/><U25/><E96/><V72/><F72/><W81/><G73/><T121/><D65/><U34/><E34/><V101/><AGARI ba="0,1" hai="2,6,10,18,20,21,22,24,82,84,91,94,97,101" machi="101" ten="20,8000,1" yaku="1,1,0,1,7,1,52,1,53,1" doraHai="14" doraHaiUra="76" who="2" fromWho="2" sc="309,-20,267,-40,46,90,368,-20" /><INIT seed="6,0,0,3,0,69" ten="289,227,136,348" oya="2" hai0="86,8,96,105,11,16,103,22,48,35,0,27,123" hai1="58,92,88,89,95,18,116,101,5,42,75,78,77" hai2="6,90,93,32,51,113,63,122,128,100,21,131,23" hai3="125,106,132,115,124,117,59,50,126,46,68,81,65"/><V34/><F113/><W47/><G106/><T127/><D123/><U44/><E116/><V72/><F122/><W114/><G81/><T31/><D127/><U53/><E101/><V9/><F100/><W52/><G132/><T30/><D30/><U98/><E5/><V108/><F72/><W28/><G28/><T17/><D17/><U74/><E18/><V2/><F63/><N who="3" m="39999" /><G117/><T110/><D110/><U130/><E130/><N who="2" m="49707" /><F51/><N who="3" m="31135" /><G47/><T129/><D129/><U91/><E75/><V60/><F60/><W67/><G67/><T135/><D135/><U80/><E77/><V79/><F79/><W55/><AGARI ba="0,0" hai="46,50,55,114,115,124,125,126" m="31135,39999" machi="55" ten="40,8000,1" yaku="18,1,34,2,54,1" doraHai="69" who="3" fromWho="3" sc="289,-20,227,-20,136,-40,348,80" /><INIT seed="7,0,0,0,5,101" ten="269,207,96,428" oya="3" hai0="31,39,52,91,75,79,123,116,44,62,34,0,113" hai1="80,56,47,5,96,22,77,103,50,48,118,3,99" hai2="83,15,59,23,107,1,60,35,26,29,133,58,65" hai3="51,20,70,55,11,6,43,61,17,7,131,89,81"/><W21/><G131/><T106/><D116/><U2/><E118/><V54/><F133/><W88/><G70/><T125/><D123/><U4/><E22/><V8/><F83/><W102/><G102/><T84/><D0/><U93/><E3/><V126/><F126/><W72/><G72/><T74/><D106/><U127/><E2/><V117/><F117/><W36/><G36/><T97/><D97/><U120/><E120/><V9/><F9/><W76/><G43/><T30/><D39/><U115/><E115/><V38/><F38/><W112/><G61/><T132/><D34/><U78/><E78/><V122/><F122/><W28/><G28/><N who="0" m="10795" /><D75/><U94/><E56/><V73/><F73/><W37/><G20/><T53/><D74/><U33/><E33/><V25/><F25/><W49/><G89/><T114/><D79/><U129/><E50/><V63/><F1/><W16/><G49/><N who="0" m="28839" /><D125/><U108/><E129/><V86/><F35/><W135/><G76/><T67/><D67/><U41/><E108/><V57/><F57/><W100/><G37/><T32/><D132/><U66/><E66/><V130/><F130/><W105/><G105/><T12/><D113/><U121/><E121/><V124/><F124/><W42/><G135/><T134/><D114/><U92/><E127/><V46/><F46/><W24/><G112/><T45/><D45/><U110/><E110/><V109/><F109/><W69/><G69/><T14/><D32/><U82/><E82/><V111/><F111/><W10/><G81/><N who="0" m="49551" /><D134/><U64/><E47/><V119/><F119/><W19/><G55/><RYUUKYOKU ba="0,0" sc="269,30,207,-10,96,-10,428,-10" hai0="12,14,52,62" owari="299,10.0,197,-20.0,86,-41.0,418,51.0" /></mjloggm>