<mjloggm ver="2.3"><GO type="169" lobby="0"/><UN n0="%E3%81%AE%E3%81%B3%E3%81%97%E3%82%8D%E2%99%82" n1="%E5%B0%B1%E6%B4%BB%E7%94%9F%40%E5%B7%9D%E6%9D%91%E8%BB%8D%E5%9B%A3" n2="%70%69%2D%70%6F" n3="%74%61%72%6F%33%39%30%30" dan="16,18,17,17" rate="2109.18,2324.74,2191.13,2104.10" sx="M,M,M,M"/><TAIKYOKU oya="0"/><INIT seed="0,0,0,5,4,12" ten="250,250,250,250" oya="0" hai0="77,24,41,5,125,99,127,8,19,21,20,117,55" hai1="18,40,17,80,60,93,25,57,33,102,112,2,14" hai2="123,97,111,22,101,65,128,44,6,68,4,51,66" hai3="131,11,132,48,46,29,95,120,45,103,30,81,54"/><T86/><D117/><U37/><E2/><V7/><F123/><W116/><G116/><T38/><D99/><N who="1" m="59759" /><E33/><V74/><F111/><W85/><G131/><T27/><D55/><U105/><E105/><V135/><F128/><W64/><G132/><T34/><D41/><U69/><E69/><V119/><F74/><W100/><G120/><T84/><D38/><U107/><E107/><V70/><F119/><W62/><G46/><T91/><D77/><U78/><E37/><V114/><F135/><W94/><G11/><T9/><D34/><U23/><E40/><V113/><F68/><W130/><G130/><T72/><D72/><U50/><E50/><V1/><F1/><W118/><G118/><T26/><D26/><U134/><E134/><V133/><F133/><W61/><G95/><T71/><D71/><U108/><E108/><V42/><F70/><W90/><G103/><T109/><D109/><U106/><E106/><V31/><F113/><W15/><G15/><T122/><D122/><U49/><E49/><V0/><F0/><W36/><G36/><T126/><D5/><U43/><E43/><V87/><F114/><W89/><G100/><T121/><D121/><U13/><E112/><V32/><F32/><W39/><G39/><T10/><REACH who="0" step="1"/><D91/><REACH who="0" ten="240,250,250,250" step="2"/><U28/><E78/><V115/><F115/><W76/><G89/><T47/><D47/><U96/><E96/><V53/><F42/><W73/><G62/><T98/><D98/><U3/><E60/><V52/><F97/><W59/><AGARI ba="0,1" hai="29,30,45,48,54,59,61,64,73,76,81,85,90,94" machi="59" ten="20,1500,0" yaku="0,1,7,1" doraHai="12" who="3" fromWho="3" sc="240,-7,250,-4,250,-4,250,25" /><INIT seed="1,0,0,0,5,77" ten="233,246,246,275" oya="1" hai0="43,19,120,7,84,5,118,39,79,61,106,101,71" hai1="45,88,40,66,62,31,110,36,48,38,42,107,116" hai2="86,115,32,3,135,108,123,22,9,111,20,13,122" hai3="67,102,128,18,25,81,105,95,87,89,53,126,91"/><U54/><E107/><V132/><F32/><W16/><G128/><T82/><D118/><U119/><E31/><V85/><F3/><W76/><G126/><T30/><D120/><N who="2" m="46122" /><F115/><W0/><G0/><T41/><D30/><U97/><E97/><V14/><F86/><W104/><G67/><T90/><D19/><U21/><E21/><N who="2" m="8299" /><F85/><W80/><G25/><T99/><D79/><U98/><E98/><V60/><F60/><W92/><G87/><T64/><REACH who="0" step="1"/><D39/><REACH who="0" ten="223,246,246,275" step="2"/><U46/><E110/><N who="2" m="42027" /><F9/><W117/><G76/><T26/><D26/><U23/><E23/><V93/><F93/><W37/><G37/><T69/><D69/><U55/><E116/><V47/><F47/><W130/><G117/><T27/><D27/><U1/><E119/><V114/><F114/><W125/><G95/><T63/><D63/><U34/><E34/><V121/><F121/><W94/><G92/><T113/><D113/><U2/><E62/><V59/><F59/><W58/><G94/><T17/><D17/><U68/><E68/><V24/><F24/><W112/><G58/><T56/><D56/><U129/><E38/><V134/><AGARI ba="0,1" hai="13,14,132,134,135" m="42027,8299,46122" machi="134" ten="40,12000,2" yaku="28,2,20,1,14,1,34,2" doraHai="77" who="2" fromWho="2" sc="223,-30,246,-60,246,130,275,-30" /><INIT seed="2,0,0,4,3,13" ten="193,186,376,245" oya="2" hai0="75,129,50,91,109,57,3,117,58,113,19,97,44" hai1="112,73,105,6,26,83,31,66,123,36,131,46,110" hai2="102,133,107,103,84,43,60,54,98,64,121,95,7" hai3="134,53,124,71,111,79,68,74,62,29,5,135,104"/><V89/><F121/><W92/><G104/><T15/><D113/><U8/><E105/><V12/><F133/><N who="3" m="50699" /><G111/><T16/><D117/><U55/><E123/><V93/><F43/><W82/><G124/><T118/><D3/><U61/><E112/><V59/><F107/><W22/><G5/><T42/><D118/><U10/><E110/><V106/><F106/><W67/><G53/><T56/><D109/><U51/><E131/><V63/><F102/><W47/><G47/><T4/><D75/><U87/><E36/><V65/><REACH who="2" step="1"/><F63/><REACH who="2" ten="193,186,366,245" step="2"/><W78/><G62/><T2/><D129/><U9/><E61/><V0/><F0/><W120/><G120/><T45/><D2/><U69/><E69/><V119/><F119/><W85/><G71/><T88/><D44/><U17/><E66/><V122/><F122/><W80/><G67/><T76/><D76/><U70/><E70/><V115/><F115/><W48/><G68/><T101/><D101/><U126/><E126/><V99/><F99/><W100/><G100/><T37/><D37/><U25/><E6/><V27/><F27/><W20/><G78/><T114/><D114/><U132/><E132/><V127/><F127/><W52/><G79/><T90/><D97/><U49/><E46/><V40/><F40/><W1/><G1/><T86/><D86/><U108/><E87/><V125/><F125/><W94/><G85/><T35/><D35/><U38/><E108/><V34/><F34/><W72/><G72/><T130/><D130/><U32/><E38/><V18/><F18/><N who="0" m="6698" /><D4/><U14/><E73/><V21/><F21/><RYUUKYOKU ba="0,1" sc="193,15,186,-15,366,15,245,-15" hai0="15,42,45,50,56,57,58,88,90,91" hai2="7,12,54,59,60,64,65,84,89,93,95,98,103" /><INIT seed="2,1,1,5,3,19" ten="208,171,381,230" oya="2" hai0="43,103,30,99,129,82,53,127,23,29,37,133,0" hai1="50,120,124,63,126,86,94,34,92,122,2,51,83" hai2="46,75,71,20,49,12,22,14,110,59,38,100,109" hai3="102,42,66,134,54,85,132,84,64,44,28,10,1"/><V70/><F75/><W107/><G54/><T125/><D0/><U130/><E34/><V128/><F128/><W56/><G28/><T96/><D129/><U60/><E2/><V79/><F38/><W32/><G32/><T104/><D133/><N who="3" m="51305" /><G102/><T21/><D96/><U52/><E130/><V61/><F100/><W16/><G107/><T62/><D82/><U81/><E86/><N who="3" m="33386" /><G56/><N who="0" m="35087" /><D37/><U41/><REACH who="1" step="1"/><E52/><REACH who="1" ten="208,161,381,230" step="2"/><N who="2" m="34023" /><F79/><W87/><G87/><T9/><D43/><AGARI ba="1,2" hai="41,43,50,51,60,63,81,83,92,94,120,122,124,126" machi="43" ten="25,8000,1" yaku="1,1,22,2,53,2" doraHai="19" doraHaiUra="90" who="1" fromWho="0" sc="208,-83,161,103,381,0,230,0" /><INIT seed="3,0,0,0,5,117" ten="125,264,381,230" oya="3" hai0="60,34,32,4,135,0,114,93,128,50,30,86,90" hai1="12,107,78,61,108,97,2,75,94,74,85,113,109" hai2="76,57,120,41,36,83,129,87,77,16,123,126,53" hai3="115,45,88,63,13,1,29,59,102,56,47,96,79"/><W73/><G1/><T7/><D114/><U112/><E2/><V24/><F126/><W106/><G115/><N who="1" m="44106" /><E61/><N who="2" m="36015" /><F129/><W127/><G127/><T28/><D135/><U133/><E133/><V8/><BYE who="1" /><F41/><UN n1="%E5%B0%B1%E6%B4%BB%E7%94%9F%40%E5%B7%9D%E6%9D%91%E8%BB%8D%E5%9B%A3" /><W49/><G29/><T130/><D60/><U42/><E42/><V104/><F104/><W122/><G122/><N who="2" m="46633" /><F36/><W37/><G37/><T33/><D50/><U67/><E12/><N who="2" m="7175" /><F24/><W100/><G106/><T51/><D51/><U35/><E67/><V116/><F116/><W25/><G49/><T121/><D121/><U43/><E43/><V55/><F55/><W95/><G25/><T46/><D46/><U39/><E39/><V62/><F62/><W91/><G63/><T80/><D130/><U23/><E107/><V132/><F132/><W54/><G54/><T22/><D128/><U52/><E52/><V103/><F103/><W27/><G27/><T40/><D40/><U26/><E26/><V70/><F70/><W110/><G47/><T9/><D34/><U131/><E35/><V72/><F72/><W58/><G45/><T98/><D33/><U19/><E74/><V18/><F18/><W101/><G73/><T21/><D32/><U111/><E75/><V82/><F82/><W20/><G58/><T125/><D125/><U66/><E131/><V11/><F11/><W14/><G59/><T38/><D38/><U84/><E66/><V64/><F64/><W44/><G56/><T134/><D134/><U99/><E19/><V105/><F105/><W48/><G44/><T6/><D9/><U119/><E119/><V3/><F3/><W68/><G68/><RYUUKYOKU ba="0,0" sc="125,-10,264,-10,381,30,230,-10" hai2="76,77,83,87" /><INIT seed="4,1,0,2,3,72" ten="115,254,411,220" oya="0" hai0="119,109,106,19,84,49,96,118,132,103,87,15,90" hai1="120,39,13,45,117,101,17,71,122,116,129,70,97" hai2="64,32,86,62,75,58,46,29,38,77,76,95,1" hai3="10,99,74,54,130,43,111,24,22,108,42,12,63"/><T94/><D132/><U65/><E13/><V47/><F75/><W126/><G130/><T21/><D109/><U57/><E17/><V66/><F1/><W78/><G126/><T2/><D2/><U83/><E83/><V30/><F64/><W125/><G125/><T61/><D61/><N who="1" m="38063" /><E97/><V133/><F133/><W102/><G111/><T48/><REACH who="0" step="1"/><D87/><REACH who="0" ten="105,254,411,220" step="2"/><U7/><E129/><V114/><F86/><W41/><G108/><T100/><D100/><U5/><E101/><V20/><F62/><W11/><G102/><T59/><D59/><U73/><E73/><V26/><F58/><W6/><G63/><T67/><D67/><U3/><E3/><V91/><F66/><W9/><G74/><T8/><D8/><U51/><E71/><V93/><F47/><W88/><G10/><T33/><D33/><U23/><E70/><V0/><F0/><W4/><G9/><T25/><D25/><U105/><E45/><V44/><F46/><W31/><G4/><T28/><D28/><U80/><E5/><V27/><F44/><W68/><G68/><T60/><D60/><U134/><E7/><V104/><F32/><W89/><G54/><T52/><D52/><U115/><E134/><V40/><F29/><W34/><G34/><T98/><D98/><U36/><E36/><V92/><F30/><W55/><G55/><T37/><D37/><U110/><E39/><V16/><F38/><W81/><G99/><T53/><D53/><U79/><E110/><V127/><F27/><W82/><G24/><T121/><D121/><U113/><E122/><V128/><F26/><RYUUKYOKU ba="1,1" sc="105,30,254,-10,411,-10,220,-10" hai0="15,19,21,48,49,84,90,94,96,103,106,118,119" /><INIT seed="4,2,1,5,3,76" ten="135,244,401,210" oya="0" hai0="125,99,44,60,43,110,12,63,90,83,36,55,23" hai1="78,22,41,104,56,58,32,30,38,50,94,127,88" hai2="17,109,71,105,96,14,47,11,69,74,62,6,34" hai3="98,95,134,61,21,29,2,53,42,123,111,20,126"/><T37/><D125/><U77/><E104/><V59/><F109/><W3/><G111/><T48/><D110/><U25/><E32/><V113/><F34/><W10/><G126/><T117/><D117/><U92/><E127/><V121/><F121/><W91/><G134/><T86/><D36/><U89/><E38/><V118/><F74/><W114/><G114/><T33/><D33/><U35/><E35/><V57/><F113/><W132/><G132/><T75/><D75/><U120/><E120/><V97/><F118/><W64/><G123/><T27/><D12/><U70/><E70/><V65/><F69/><W26/><G42/><T5/><D5/><U131/><E131/><V100/><F97/><W24/><G10/><T19/><REACH who="0" step="1"/><D99/><REACH who="0" ten="125,244,401,210" step="2"/><N who="1" m="57735" /><E58/><AGARI ba="2,2" hai="19,23,27,37,43,44,48,55,58,60,63,83,86,90" machi="58" ten="30,5800,0" yaku="1,1,7,1,52,1,53,0" doraHai="76" doraHaiUra="115" who="0" fromWho="1" sc="125,84,244,-64,401,0,210,0" /><INIT seed="4,3,0,2,5,99" ten="209,180,401,210" oya="0" hai0="73,58,128,8,63,44,34,35,52,22,92,41,102" hai1="37,89,115,74,131,17,133,129,122,85,88,123,71" hai2="38,109,0,98,49,27,9,110,25,95,103,53,116" hai3="125,61,132,45,126,23,1,118,113,121,47,33,82"/><T78/><D128/><N who="1" m="49227" /><E71/><V19/><F38/><W93/><G118/><T15/><D22/><U2/><E37/><V104/><F116/><W24/><G113/><T11/><D11/><U10/><E2/><V100/><F109/><W96/><G132/><T69/><D69/><U80/><E10/><V76/><F110/><W66/><G33/><T14/><D14/><U83/><E17/><V57/><F76/><W94/><G1/><T68/><D68/><U40/><E40/><V65/><F65/><W28/><G82/><T6/><D78/><N who="1" m="44119" /><E133/><V91/><F104/><W111/><G111/><T50/><REACH who="0" step="1"/><D73/><REACH who="0" ten="199,180,401,210" step="2"/><U36/><E115/><V42/><F0/><W77/><G77/><T26/><D26/><N who="2" m="9738" /><F42/><W59/><G23/><T29/><D29/><U108/><E108/><V130/><F130/><W119/><G24/><T60/><D60/><U101/><E36/><V56/><F57/><W90/><G59/><T84/><D84/><U16/><E122/><V124/><F124/><W5/><G121/><T12/><D12/><AGARI ba="3,1" hai="9,12,19,49,53,56,91,95,98,100,103" m="9738" machi="12" ten="30,3900,0" yaku="8,1,52,2" doraHai="99" who="2" fromWho="0" sc="199,-48,180,0,401,58,210,0" /><INIT seed="5,0,0,0,3,29" ten="151,180,459,210" oya="1" hai0="134,78,106,63,123,127,74,16,135,118,90,33,114" hai1="129,34,83,128,62,124,111,42,54,80,58,20,117" hai2="52,61,96,38,51,1,77,19,2,100,65,25,30" hai3="40,110,132,23,21,72,50,70,69,95,15,39,57"/><U131/><E117/><V22/><F38/><W0/><G110/><T125/><D118/><U43/><E111/><V112/><F77/><W36/><G0/><T116/><D116/><U86/><E124/><N who="0" m="47689" /><D114/><U82/><E34/><V107/><F19/><W115/><G115/><T7/><D123/><U13/><E86/><V28/><F28/><W97/><G72/><T4/><D106/><U18/><AGARI ba="0,0" hai="13,18,20,42,43,54,58,62,80,82,83,128,129,131" machi="18" ten="40,3900,0" yaku="0,1,19,1" doraHai="29" who="1" fromWho="1" sc="151,-13,180,39,459,-13,210,-13" /><INIT seed="5,1,0,3,3,128" ten="138,219,446,197" oya="1" hai0="65,34,50,112,24,94,46,25,2,11,98,30,48" hai1="76,18,55,58,99,126,51,67,77,89,9,69,52" hai2="110,47,124,38,127,49,72,117,107,81,44,62,54" hai3="66,82,129,12,106,14,102,22,13,41,0,135,26"/><U96/><E126/><N who="2" m="48171" /><F110/><W21/><G0/><T74/><D74/><U43/><E69/><V134/><F117/><W84/><G129/><T73/><D73/><U132/><E132/><V118/><F118/><W53/><G135/><T108/><D112/><U16/><E43/><N who="2" m="22647" /><F134/><W71/><G41/><T1/><D108/><U79/><E67/><V83/><F72/><W3/><G3/><T60/><D25/><U122/><E122/><V29/><F107/><W19/><G66/><T68/><D11/><U28/><E28/><V64/><F29/><W36/><G36/><T70/><D70/><AGARI ba="1,0" hai="47,49,54,62,64,70,81,83" m="22647,48171" machi="70" ten="30,1000,0" yaku="18,1" doraHai="128" who="2" fromWho="0" sc="138,-13,219,0,446,13,197,0" /><INIT seed="6,0,0,2,5,124" ten="125,219,459,197" oya="2" hai0="73,6,43,128,81,40,12,56,100,63,4,72,45" hai1="105,118,35,25,66,109,85,17,119,127,125,64,115" hai2="89,53,76,54,41,87,96,93,77,7,67,42,62" hai3="106,19,116,114,107,37,51,61,68,44,8,16,103"/><V80/><F7/><W74/><G116/><N who="1" m="44586" /><E105/><V9/><F9/><W48/><G74/><T84/><D100/><U71/><E71/><V24/><F77/><W82/><G114/><T18/><D40/><U134/><E134/><V104/><F104/><W21/><G82/><T90/><D73/><U108/><E85/><V92/><F92/><W120/><G120/><T29/><D29/><N who="1" m="19887" /><E115/><V20/><F67/><W99/><G37/><T83/><D128/><U11/><E66/><V33/><F33/><W30/><G106/><T123/><D123/><U23/><E11/><V26/><F26/><W39/><G39/><T58/><D83/><U135/><E64/><V126/><F126/><N who="1" m="48137" /><E135/><V102/><F76/><W112/><G112/><T88/><D90/><U46/><E46/><V31/><F54/><W28/><G68/><T111/><D72/><U36/><E36/><V122/><F122/><W32/><G8/><T132/><D132/><U91/><E91/><V50/><F62/><W10/><G61/><T5/><D63/><U13/><AGARI ba="0,0" hai="13,17,23,108,109" m="48137,19887,44586" machi="13" ten="30,4000,0" yaku="18,1,34,2" doraHai="124" who="1" fromWho="1" sc="125,-10,219,40,459,-20,197,-10" /><INIT seed="7,0,0,2,1,87" ten="115,259,439,187" oya="3" hai0="133,99,119,32,43,129,50,28,62,53,30,17,45" hai1="29,0,94,90,2,4,7,23,127,35,130,76,59" hai2="10,54,103,78,67,12,100,89,71,79,8,24,15" hai3="135,115,33,98,44,73,124,77,91,123,9,111,101"/><W60/><G123/><T83/><D119/><U92/><E35/><V46/><F71/><W116/><G116/><T126/><D133/><U104/><E104/><V3/><F67/><W49/><G135/><T52/><D129/><U16/><E76/><N who="2" m="29227" /><F3/><W106/><G115/><T74/><D126/><U102/><E92/><V58/><F46/><W64/><G124/><T57/><D74/><U80/><E23/><V72/><F72/><W5/><G111/><T20/><D83/><U88/><E7/><N who="2" m="3103" /><F89/><W113/><G113/><T40/><D32/><U14/><E14/><V41/><F41/><W42/><G33/><T131/><D131/><U120/><E80/><V65/><F65/><W105/><G77/><T97/><D43/><U121/><E29/><V85/><F85/><W22/><G22/><T93/><D40/><U134/><E59/><V39/><F24/><W38/><G73/><T34/><D34/><U25/><E4/><N who="2" m="3527" /><F39/><W47/><G105/><T112/><D112/><U122/><E94/><V82/><F82/><W21/><G21/><T95/><D95/><U132/><E130/><V56/><F56/><W1/><G44/><T66/><D66/><U108/><E127/><V6/><F6/><W11/><G9/><T125/><D125/><U36/><E36/><V13/><F13/><W81/><G38/><T61/><D61/><AGARI ba="0,0" hai="54,58,61,100,103" m="3527,3103,29227" machi="61" ten="30,1000,0" yaku="8,1" doraHai="87" who="2" fromWho="0" sc="115,-10,259,0,439,10,187,0" owari="105,-39.0,259,6.0,449,54.0,187,-21.0" /></mjloggm>