<mjloggm ver="2.3"><GO type="169" lobby="0"/><UN n0="%70%67%61%69%6E" n1="%4A%6F%75%72%6E%65%79" n2="%E2%91%A3%E3%82%BB%E3%83%B3%E3%83%81" n3="%E5%B0%B1%E6%B4%BB%E7%94%9F%40%E5%B7%9D%E6%9D%91%E8%BB%8D%E5%9B%A3" dan="17,16,18,17" rate="2166.30,2111.22,2195.69,2171.19" sx="M,M,M,M"/><TAIKYOKU oya="0"/><INIT seed="0,0,0,3,5,60" ten="250,250,250,250" oya="0" hai0="73,103,99,34,9,121,17,47,26,79,7,32,93" hai1="16,88,104,130,64,92,105,49,68,2,110,39,24" hai2="91,20,87,52,132,18,113,81,51,42,120,12,30" hai3="98,33,11,27,101,135,29,0,44,72,31,25,83"/><T95/><D121/><U86/><E39/><V21/><F120/><W126/><G135/><T84/><D73/><U62/><E2/><V22/><F113/><W97/><G126/><T13/><D47/><U6/><E6/><V59/><F132/><W35/><G44/><T5/><D95/><U116/><E116/><V133/><F133/><W1/><G11/><T71/><D71/><U37/><E37/><V67/><F42/><W70/><G70/><T36/><D36/><U102/><E102/><V134/><F134/><W118/><G118/><T109/><D109/><U58/><E110/><V75/><F75/><W14/><G14/><T23/><REACH who="0" step="1"/><D7/><REACH who="0" ten="240,250,250,250" step="2"/><U89/><E68/><V114/><F114/><W107/><REACH who="3" step="1"/><G97/><REACH who="3" ten="240,250,250,240" step="2"/><T115/><D115/><U128/><E128/><V28/><REACH who="2" step="1"/><F67/><REACH who="2" ten="240,250,240,240" step="2"/><W90/><G90/><T46/><D46/><U48/><E130/><V129/><F129/><W122/><G122/><T3/><D3/><U94/><E89/><V66/><F66/><W43/><G43/><T10/><D10/><AGARI ba="0,3" hai="10,12,18,20,21,22,28,30,51,52,59,81,87,91" machi="10" ten="40,5200,0" yaku="1,1,8,1,54,1,53,0" doraHai="60" doraHaiUra="61" who="2" fromWho="0" sc="240,-52,250,0,240,82,240,0" /><INIT seed="1,0,0,5,0,130" ten="188,250,322,240" oya="1" hai0="119,36,99,49,41,28,109,115,116,0,72,128,127" hai1="95,58,132,82,48,107,78,40,14,85,98,75,5" hai2="61,126,17,37,92,93,84,70,15,38,3,68,55" hai3="46,7,69,129,121,27,76,63,134,24,104,10,102"/><U9/><E107/><V87/><F3/><W112/><G121/><T44/><D72/><U83/><E132/><V52/><F126/><W53/><G112/><T123/><D0/><U35/><E35/><V131/><F131/><W101/><G129/><T2/><D2/><U23/><E23/><V6/><F6/><W125/><G125/><T25/><D128/><U103/><E58/><V105/><F105/><W62/><G134/><T33/><D127/><U54/><E54/><V111/><F61/><W31/><G76/><T91/><D115/><U42/><REACH who="1" step="1"/><E48/><REACH who="1" ten="188,240,322,240" step="2"/><V32/><F32/><W106/><G106/><T45/><D123/><U64/><E64/><V56/><F56/><W19/><G104/><T4/><D119/><U30/><E30/><V43/><F55/><W89/><G53/><T124/><D116/><U97/><E97/><V26/><F52/><W117/><G117/><T18/><D99/><U50/><E50/><V39/><F70/><W113/><G69/><T71/><D49/><U114/><E114/><V11/><F68/><W100/><G113/><T74/><D33/><U122/><E122/><V66/><F66/><W21/><G63/><T47/><D28/><U118/><E118/><V12/><F39/><W60/><G62/><T80/><D71/><U29/><E29/><V59/><F59/><W34/><G60/><T16/><D36/><U51/><E51/><V13/><F38/><W20/><G34/><T65/><D65/><U108/><E108/><V135/><F111/><W79/><G31/><T77/><D124/><U73/><E73/><V120/><F120/><RYUUKYOKU ba="0,1" sc="188,-10,240,30,322,-10,240,-10" hai1="5,9,14,40,42,75,78,82,83,85,95,98,103" /><INIT seed="1,1,1,2,3,33" ten="178,270,312,230" oya="1" hai0="131,115,55,73,121,23,114,54,27,13,78,69,7" hai1="101,14,20,84,64,34,28,113,133,74,107,118,17" hai2="86,15,116,57,35,68,93,75,42,18,62,111,60" hai3="71,3,98,112,58,102,40,110,46,87,66,105,16"/><U130/><E74/><V25/><F75/><W61/><G112/><T43/><D69/><U56/><E113/><V132/><F116/><W89/><G110/><T9/><D131/><U32/><E118/><V39/><F111/><W103/><G103/><T91/><D43/><U22/><E130/><V88/><F132/><W108/><G108/><T59/><D121/><U41/><E133/><V1/><F1/><W120/><G120/><T53/><D59/><U48/><E107/><V76/><F76/><W26/><G3/><T30/><REACH who="0" step="1"/><D91/><REACH who="0" ten="168,270,312,230" step="2"/><U2/><E41/><V128/><F128/><W77/><G71/><T124/><D124/><U21/><E101/><V5/><F68/><W129/><G129/><T95/><D95/><U117/><E117/><V24/><F42/><W0/><G40/><T122/><D122/><U119/><E119/><V45/><F45/><W123/><G46/><T127/><D127/><U72/><E56/><V81/><F39/><W65/><G123/><T83/><AGARI ba="1,2" hai="7,9,13,23,27,30,53,54,55,73,78,83,114,115" machi="83" ten="30,2000,0" yaku="1,1,0,1,53,0" doraHai="33" doraHaiUra="96" who="0" fromWho="0" sc="168,43,270,-11,312,-6,230,-6" /><INIT seed="2,0,0,2,3,1" ten="211,259,306,224" oya="2" hai0="75,18,71,53,133,29,104,117,102,93,12,25,30" hai1="7,57,19,24,110,42,37,105,72,5,4,89,6" hai2="40,48,94,16,125,106,77,8,23,115,63,28,60" hai3="21,135,65,118,36,39,11,34,56,76,132,130,88"/><V96/><F115/><W121/><G34/><T2/><D75/><U32/><E105/><V103/><F125/><W10/><G76/><T22/><D104/><U120/><E72/><V15/><F77/><W134/><G118/><T68/><D30/><U17/><E110/><V50/><F106/><W58/><G121/><T111/><D111/><U3/><E120/><V49/><F40/><W78/><G78/><T112/><D112/><U95/><E3/><V66/><F28/><W91/><G130/><T41/><D41/><U98/><N who="1" m="1024" /><DORA hai="131" /><U128/><E128/><V113/><F113/><W44/><G21/><T122/><D53/><U62/><E37/><N who="3" m="14410" /><G44/><T26/><D117/><U0/><E0/><V55/><F23/><W86/><G91/><T51/><D71/><U90/><E42/><V127/><F127/><W124/><G124/><T82/><D68/><U107/><E107/><V14/><F14/><W52/><G65/><T61/><D12/><U46/><E46/><V129/><F129/><W59/><G52/><T87/><D122/><U64/><REACH who="1" step="1"/><E90/><REACH who="1" ten="211,249,306,224" step="2"/><V67/><F55/><W45/><G45/><T123/><D2/><U13/><E13/><V33/><F15/><W92/><AGARI ba="0,1" hai="10,11,56,58,59,86,88,92,132,134,135" m="14410" machi="92" ten="40,8000,1" yaku="20,1,52,3,54,1" doraHai="1,131" who="3" fromWho="3" sc="211,-20,249,-20,306,-40,224,90" /><INIT seed="3,0,0,4,0,17" ten="191,229,266,314" oya="3" hai0="49,32,43,111,96,92,13,78,131,84,22,55,0" hai1="40,19,112,37,62,97,80,11,89,3,94,36,41" hai2="38,34,90,25,15,4,42,98,64,100,45,88,1" hai3="47,81,27,126,95,101,108,83,118,76,52,106,102"/><W54/><G118/><T128/><D111/><U50/><E112/><V115/><F115/><W6/><G106/><T74/><D32/><U135/><E135/><V133/><F133/><W91/><G126/><T116/><D116/><U59/><E37/><V104/><F1/><W73/><G108/><T75/><D43/><U39/><E39/><V67/><F4/><W124/><G124/><T114/><D0/><U60/><E36/><V117/><F15/><W79/><G6/><T7/><D114/><U85/><E50/><V33/><F33/><W53/><G47/><T71/><D71/><U21/><E11/><V35/><F35/><W23/><G95/><T82/><D7/><U103/><E3/><V72/><F72/><W46/><G91/><T119/><D119/><U120/><E120/><V109/><F109/><W77/><G46/><T68/><D68/><U93/><E93/><V134/><F134/><W113/><G113/><T99/><D99/><U5/><E5/><V58/><F117/><W87/><REACH who="3" step="1"/><G76/><REACH who="3" ten="191,229,266,304" step="2"/><T30/><D92/><U65/><REACH who="1" step="1"/><E62/><REACH who="1" ten="191,219,266,304" step="2"/><V70/><F104/><W2/><G2/><T122/><D122/><U9/><E9/><V130/><F38/><W24/><G24/><AGARI ba="0,2" hai="19,21,24,40,41,59,60,65,80,85,89,94,97,103" machi="24" ten="30,8000,1" yaku="1,1,7,1,8,1,52,1,53,1" doraHai="17" doraHaiUra="14" who="1" fromWho="3" sc="191,0,219,100,266,0,304,-80" /><INIT seed="4,0,0,5,5,75" ten="191,319,266,224" oya="0" hai0="73,69,113,80,39,134,12,53,51,3,33,17,63" hai1="4,15,105,90,24,35,78,22,55,84,122,19,115" hai2="88,47,58,6,23,83,20,49,67,110,44,98,96" hai3="14,112,60,71,111,130,61,42,123,21,103,10,38"/><T102/><D3/><U16/><E105/><V121/><F121/><W57/><G111/><T45/><D33/><U87/><E122/><V117/><F110/><W46/><G123/><T26/><D26/><U68/><E4/><V65/><F6/><W109/><G109/><T66/><D113/><U54/><E68/><V131/><F131/><W2/><G112/><T72/><D134/><U89/><E115/><V5/><F5/><W25/><G130/><T48/><D102/><U52/><E35/><V129/><F117/><W74/><G2/><T106/><D106/><U56/><E56/><V62/><F67/><W36/><G74/><T29/><D29/><U124/><E124/><V97/><F47/><W107/><G71/><T28/><D28/><N who="1" m="17431" /><E78/><V135/><F135/><W95/><G107/><T27/><D27/><U59/><E59/><V34/><F34/><W100/><G38/><T30/><D30/><U133/><E133/><V125/><F125/><W99/><G103/><T101/><D101/><U119/><E119/><V8/><F8/><W116/><G57/><N who="0" m="32959" /><D80/><N who="1" m="49287" /><E15/><V7/><F7/><W120/><G120/><T114/><D114/><U11/><E11/><V13/><F13/><W31/><G116/><T128/><D39/><U93/><AGARI ba="0,0" hai="16,19,52,54,55,87,90,93" m="49287,17431" machi="93" ten="30,4000,0" yaku="8,1,54,2" doraHai="75" who="1" fromWho="1" sc="191,-20,319,40,266,-10,224,-10" /><INIT seed="5,0,0,1,0,123" ten="171,359,256,214" oya="1" hai0="49,5,113,28,91,71,94,101,73,42,111,59,121" hai1="63,89,124,33,26,108,80,14,114,104,87,16,132" hai2="109,129,135,0,4,35,133,24,74,32,106,10,75" hai3="120,22,93,118,107,15,128,37,27,112,99,127,3"/><U64/><E104/><V77/><F106/><W67/><G3/><T29/><D71/><U39/><E39/><V21/><F129/><W98/><G37/><T86/><D73/><U92/><E114/><V60/><F60/><W41/><G41/><T97/><D113/><U90/><E132/><N who="2" m="50763" /><F77/><W48/><G107/><T126/><D126/><U130/><E130/><V31/><F109/><W119/><G67/><T102/><D121/><U81/><E124/><V46/><F46/><W122/><G15/><T47/><D111/><U13/><E108/><V9/><F9/><W96/><G127/><T79/><D5/><U23/><E33/><AGARI ba="0,0" hai="0,4,10,21,24,31,32,33,35,74,75" m="50763" machi="33" ten="30,1000,0" yaku="20,1" doraHai="123" who="2" fromWho="1" sc="171,0,359,-10,256,10,214,0" /><INIT seed="6,0,0,0,0,66" ten="171,349,266,214" oya="2" hai0="106,120,121,17,39,37,119,64,97,52,72,26,88" hai1="58,14,130,123,77,82,1,60,107,95,16,98,83" hai2="2,118,49,110,100,31,25,47,57,38,113,115,99" hai3="70,104,116,21,29,13,43,59,87,67,96,101,71"/><V28/><F118/><W69/><G116/><T7/><D119/><U122/><E1/><V12/><F2/><W89/><G43/><T65/><D72/><U33/><E107/><V55/><F110/><W45/><G45/><T85/><D7/><U27/><E130/><V114/><F12/><W34/><G59/><T76/><D65/><N who="1" m="39063" /><E33/><V112/><N who="2" m="28672" /><DORA hai="36" /><V32/><F31/><W109/><G109/><T102/><D76/><U124/><E27/><V73/><F73/><W10/><G21/><T53/><D64/><U23/><E77/><V46/><REACH who="2" step="1"/><F38/><REACH who="2" ten="171,349,256,214" step="2"/><W62/><G29/><T51/><D39/><U18/><E123/><V84/><F84/><W42/><G34/><T24/><D37/><U41/><E122/><V128/><F128/><W6/><REACH who="3" step="1"/><G42/><REACH who="3" ten="171,349,256,204" step="2"/><T3/><D121/><U111/><E41/><V40/><F40/><W108/><G108/><T54/><D120/><U105/><E111/><V4/><F4/><W93/><AGARI ba="0,2" hai="6,10,13,62,67,69,70,71,87,89,93,96,101,104" machi="93" ten="20,12000,2" yaku="1,1,0,1,7,1,52,3,53,0" doraHai="66,36" doraHaiUra="20,15" who="3" fromWho="3" sc="171,-30,349,-30,256,-60,204,140" /><INIT seed="7,0,0,0,1,69" ten="141,319,196,344" oya="3" hai0="17,32,109,117,12,38,35,89,96,77,55,126,21" hai1="51,104,28,112,7,57,110,5,100,106,40,94,58" hai2="134,31,91,19,76,127,73,85,101,92,131,48,6" hai3="66,56,90,107,67,130,45,102,22,121,70,44,37"/><W122/><G107/><T34/><D117/><U52/><E110/><V125/><F134/><W62/><G102/><T59/><D126/><N who="2" m="48138" /><F131/><W24/><G130/><T79/><D109/><U27/><E40/><V61/><F6/><W105/><G105/><T93/><D79/><U118/><E112/><V82/><F31/><W86/><G66/><T3/><D77/><U20/><E118/><V114/><F114/><W26/><G45/><T43/><D3/><U71/><E71/><V74/><F101/><W1/><G1/><T88/><D89/><U75/><E75/><N who="2" m="43295" /><F48/><W119/><G119/><T9/><D9/><U68/><E68/><V0/><F0/><W50/><G70/><T95/><D95/><U4/><E58/><V128/><F128/><W111/><G111/><T115/><D115/><U39/><E39/><V120/><F120/><W135/><G135/><T124/><D124/><U83/><E83/><V99/><F99/><W133/><G133/><T11/><D11/><U16/><E28/><V29/><F29/><W81/><G50/><T103/><D103/><U33/><E33/><V10/><F61/><W72/><G72/><T97/><D97/><N who="1" m="59447" /><E106/><V42/><F42/><N who="3" m="22607" /><G22/><T25/><D43/><U54/><E104/><V46/><F46/><W41/><G41/><T84/><D38/><U63/><E51/><V14/><AGARI ba="0,0" hai="10,14,19,73,74,85,91,92" m="43295,48138" machi="14" ten="30,1100,0" yaku="18,1" doraHai="69" who="2" fromWho="2" sc="141,-3,319,-3,196,11,344,-5" owari="138,-36.0,316,12.0,207,-19.0,339,43.0" /></mjloggm>