<mjloggm ver="2.3"><GO type="169" lobby="0"/><UN n0="%7A%6F%6F%31%39%36%34" n1="%E6%97%A9%E7%94%B0%E9%80%B2" n2="%E9%AB%98%E7%94%BA%EF%BC%A0%E3%81%AA%E3%81%AE%E3%81%AF" n3="%E3%82%A6%E3%83%AB%E3%83%88%E3%83%A9%E7%AB%8B%E7%9B%B4" dan="17,16,16,17" rate="2117.01,2075.57,2076.45,2186.45" sx="M,M,F,M"/><TAIKYOKU oya="0"/><INIT seed="0,0,0,5,2,41" ten="250,250,250,250" oya="0" hai0="117,99,26,84,128,52,15,63,43,78,34,66,8" hai1="29,65,70,126,67,13,111,54,71,107,121,124,28" hai2="134,103,47,21,50,102,64,100,69,19,1,129,36" hai3="98,113,18,7,37,38,53,74,40,59,23,60,16"/><T61/><D117/><U75/><E111/><V108/><F108/><W58/><G113/><T92/><D128/><U57/><E107/><V3/><F129/><W104/><G74/><T132/><D132/><U76/><E76/><V51/><F36/><W96/><G7/><T62/><D34/><U22/><E13/><V68/><F134/><W81/><G104/><T119/><D119/><U133/><E22/><V39/><F39/><W77/><G38/><T130/><D130/><U20/><E20/><V10/><F10/><W35/><G35/><T17/><D43/><U6/><E6/><V118/><F118/><W106/><G106/><T85/><D66/><N who="1" m="25099" /><E75/><V55/><F51/><W122/><G122/><T12/><D78/><U27/><E27/><V2/><REACH who="2" step="1"/><F64/><REACH who="2" ten="250,250,240,250" step="2"/><W42/><G40/><T105/><D8/><U97/><E133/><V88/><F88/><W89/><G89/><N who="0" m="55695" /><D105/><U115/><E121/><V11/><F11/><W86/><G42/><T91/><D91/><U0/><E115/><V9/><F9/><W32/><G37/><T56/><D26/><AGARI ba="0,1" hai="1,2,3,19,21,26,47,50,55,68,69,100,102,103" machi="26" ten="50,3200,0" yaku="1,1,52,1,53,0" doraHai="41" doraHaiUra="109" who="2" fromWho="0" sc="250,-32,250,0,240,42,250,0" /><INIT seed="1,0,0,1,2,38" ten="218,250,282,250" oya="1" hai0="127,130,79,129,17,91,128,134,104,8,14,107,37" hai1="76,39,31,34,69,58,24,60,26,23,32,65,84" hai2="44,98,124,116,21,120,16,49,66,20,30,115,114" hai3="63,15,73,40,117,118,133,131,89,59,1,48,50"/><U72/><E72/><V2/><F2/><W46/><G1/><T105/><D79/><U64/><E39/><V132/><F120/><W29/><G73/><T81/><D37/><U12/><E12/><V19/><F116/><N who="3" m="44651" /><G29/><T113/><D113/><N who="2" m="43018" /><F132/><W9/><G89/><T100/><D100/><U57/><E69/><V119/><F119/><W43/><G133/><T99/><D134/><U62/><REACH who="1" step="1"/><E26/><REACH who="1" ten="218,240,282,250" step="2"/><V25/><F124/><W106/><G15/><T125/><REACH who="0" step="1"/><D81/><AGARI ba="0,1" hai="23,24,31,32,34,57,58,60,62,64,65,76,81,84" machi="81" ten="40,12000,1" yaku="1,1,2,1,9,1,53,1" doraHai="38" doraHaiUra="27" who="1" fromWho="0" sc="218,-120,240,130,282,0,250,0" /><INIT seed="1,1,0,2,3,22" ten="98,370,282,250" oya="1" hai0="8,12,128,78,39,55,27,66,69,72,118,79,104" hai1="111,60,125,15,57,35,9,83,99,119,11,133,94" hai2="134,7,106,10,5,67,56,17,65,75,84,33,34" hai3="54,24,28,81,3,37,49,61,4,85,88,123,52"/><U98/><E119/><V48/><F75/><W102/><G123/><T70/><D118/><U31/><E125/><V25/><F106/><W6/><G37/><T92/><D104/><U124/><E133/><V53/><F134/><W76/><G102/><T2/><D2/><U113/><E113/><V108/><F108/><W80/><G3/><T116/><D116/><U29/><E124/><V132/><F132/><W91/><G61/><T30/><D39/><U109/><E83/><V120/><F120/><W68/><G68/><T121/><D121/><U82/><E82/><V38/><F38/><W41/><G41/><T87/><D72/><U59/><E35/><V51/><F84/><N who="3" m="50191" /><G91/><T129/><D55/><N who="3" m="21033" /><G49/><T1/><D1/><U44/><E60/><V89/><F89/><W32/><G32/><T97/><D66/><U40/><E40/><V110/><F110/><W103/><G103/><T16/><D70/><U19/><E111/><V114/><F114/><W100/><G100/><N who="0" m="60455" /><D69/><U62/><E62/><V50/><F33/><W63/><G63/><T43/><D43/><U127/><E127/><V122/><F122/><W14/><G14/><T126/><D126/><U64/><E15/><N who="2" m="5599" /><F34/><W112/><G112/><T20/><D87/><U130/><E109/><V47/><F5/><W77/><G77/><T96/><D96/><U101/><E101/><V73/><F73/><W105/><G105/><T42/><D42/><U90/><E90/><V21/><F48/><W45/><G45/><T93/><D93/><U95/><E44/><V135/><F135/><W36/><G36/><T0/><D0/><RYUUKYOKU ba="1,0" sc="98,10,370,-30,282,10,250,10" hai0="8,12,16,20,27,30,78,79,128,129" hai2="17,21,25,47,50,51,53,56,65,67" hai3="4,6,24,28,76,80,85" /><INIT seed="2,2,0,2,4,82" ten="108,340,292,260" oya="2" hai0="2,132,54,28,107,133,22,10,91,38,79,105,3" hai1="8,125,80,130,111,4,7,126,51,27,19,81,74" hai2="32,92,40,48,44,129,121,118,113,11,112,35,98" hai3="100,63,97,101,72,75,76,68,110,70,83,109,103"/><V5/><F121/><W84/><G63/><T85/><D38/><U43/><E111/><N who="3" m="42506" /><G68/><T77/><D54/><U53/><E130/><V12/><F118/><W39/><G39/><T89/><D28/><U65/><E65/><V116/><F116/><W90/><G70/><T124/><D22/><U115/><E43/><V122/><F122/><W99/><G90/><T106/><D10/><U52/><E115/><V95/><F129/><W66/><G66/><T42/><D42/><U34/><E8/><V123/><F123/><W62/><G62/><T20/><D20/><U71/><E19/><V45/><F92/><W13/><G13/><T14/><D14/><U23/><E71/><V18/><F5/><W1/><G1/><T78/><D124/><U87/><E51/><V96/><F96/><AGARI ba="2,0" hai="72,75,76,83,84,96,97,99,100,101,103" m="42506" machi="96" ten="30,7700,0" yaku="14,1,34,2,52,1" doraHai="82" who="3" fromWho="2" sc="108,0,340,0,292,-83,260,83" /><INIT seed="3,0,0,1,5,126" ten="108,340,209,343" oya="3" hai0="96,53,102,91,87,84,101,99,54,123,1,135,3" hai1="115,14,22,79,16,121,77,24,62,2,111,6,51" hai2="27,109,83,21,50,105,122,36,64,34,92,81,17" hai3="117,31,132,97,40,89,23,85,82,8,75,7,127"/><W71/><G117/><T9/><D9/><U76/><E111/><V13/><F105/><W15/><G127/><T80/><D80/><U114/><E121/><V67/><F36/><W120/><G120/><T55/><D135/><U59/><E2/><V110/><F50/><W69/><G132/><T131/><D123/><U63/><E63/><V5/><F92/><W66/><G75/><T74/><D91/><U95/><E51/><V112/><F112/><W41/><G71/><T72/><REACH who="0" step="1"/><D55/><REACH who="0" ten="98,340,209,343" step="2"/><U20/><E114/><V49/><F122/><W58/><G82/><N who="2" m="31241" /><F110/><W125/><G125/><T73/><D73/><U37/><E115/><V119/><F109/><W33/><G89/><T98/><D98/><U45/><E79/><V68/><F119/><W86/><G97/><T42/><D42/><U4/><E77/><V100/><F100/><W128/><G41/><T32/><D32/><U113/><E76/><V118/><F34/><W43/><G40/><T28/><D28/><U130/><E113/><V104/><F118/><W103/><G43/><T52/><D52/><U94/><E37/><V88/><F88/><W46/><G103/><T35/><D35/><U25/><E6/><V108/><F108/><W48/><G33/><T10/><D10/><U90/><E4/><V29/><F5/><W57/><G7/><T134/><D134/><U116/><E90/><V47/><F68/><W11/><G69/><T107/><D107/><U38/><E38/><V39/><F104/><W12/><G8/><T56/><D56/><U18/><E116/><V129/><F39/><W0/><G11/><RYUUKYOKU ba="0,1" sc="98,30,340,-10,209,-10,343,-10" hai0="1,3,53,54,72,74,84,87,96,99,101,102,131" /><INIT seed="4,1,1,4,3,91" ten="128,330,199,333" oya="0" hai0="25,97,7,74,27,111,73,1,116,93,86,87,15" hai1="6,34,9,58,10,75,38,59,67,101,30,81,52" hai2="54,33,36,71,105,69,133,44,60,80,112,0,121" hai3="66,98,127,128,130,14,21,17,77,72,24,18,94"/><T55/><D116/><U35/><E38/><V108/><RYUUKYOKU type="yao9" ba="1,1" sc="128,0,330,0,199,0,333,0" hai2="0,33,36,44,54,60,69,71,80,105,108,112,121,133" /><INIT seed="4,2,1,4,5,100" ten="128,330,199,333" oya="0" hai0="55,43,104,9,41,119,58,24,10,18,56,67,35" hai1="32,86,123,71,59,77,44,118,134,34,122,95,89" hai2="47,112,103,16,40,14,131,17,99,46,94,114,92" hai3="82,53,72,20,110,50,30,48,7,115,111,129,125"/><T70/><D119/><U62/><E71/><V26/><F131/><W108/><G7/><T101/><D58/><U13/><E118/><V87/><F26/><W23/><G72/><T109/><D109/><U93/><E134/><V42/><F87/><W15/><G82/><T5/><D67/><U128/><E128/><V64/><F64/><W36/><G129/><T57/><D57/><U66/><E123/><V132/><F132/><W19/><G36/><T96/><D70/><U80/><E95/><V27/><F27/><W31/><G115/><T126/><D126/><U106/><E106/><V1/><F1/><W6/><G125/><T76/><D76/><U75/><E122/><V135/><F135/><W2/><G50/><T73/><D73/><U60/><E60/><V105/><F92/><W4/><G48/><T88/><D88/><U0/><E0/><V78/><F94/><W120/><G53/><T49/><D10/><U39/><E39/><V21/><F17/><N who="3" m="10303" /><G120/><T117/><D117/><U22/><E44/><N who="2" m="16939" /><F78/><W84/><G84/><T54/><D54/><U68/><E68/><V130/><F130/><W28/><G2/><T45/><D45/><U11/><E22/><V107/><F105/><W102/><G102/><T79/><D79/><U33/><E33/><V37/><F37/><W85/><G85/><T91/><D91/><U63/><E63/><V65/><F65/><W124/><G124/><T127/><D127/><U97/><E75/><V113/><AGARI ba="2,1" hai="14,16,21,40,42,99,103,107,112,113,114" m="16939" machi="113" ten="40,5200,0" yaku="15,1,52,1,54,1" doraHai="100" who="2" fromWho="2" sc="128,-28,330,-15,199,68,333,-15" /><INIT seed="5,0,0,0,5,125" ten="100,315,267,318" oya="1" hai0="62,85,22,123,109,8,83,6,37,48,98,43,34" hai1="25,50,74,23,13,95,108,64,87,104,129,135,52" hai2="14,49,134,7,28,75,77,32,21,99,84,16,36" hai3="67,127,110,29,12,94,82,18,33,19,46,9,130"/><U116/><E104/><V69/><F36/><W131/><G67/><T117/><D34/><U80/><E108/><V17/><F69/><W15/><G82/><T56/><D109/><U92/><E116/><V0/><F75/><W132/><G110/><T2/><D117/><U24/><E129/><N who="3" m="49162" /><G127/><T60/><D37/><U42/><E74/><V72/><F72/><W102/><G132/><T113/><D113/><U53/><E64/><V90/><F0/><W63/><G63/><T121/><D98/><U105/><E42/><V119/><F99/><N who="3" m="59767" /><G46/><T89/><D62/><U47/><E105/><V27/><F119/><W3/><G3/><T10/><D123/><U26/><E135/><V96/><F96/><W91/><G91/><T112/><D121/><U111/><E111/><V81/><F134/><W45/><G45/><T20/><D112/><U40/><E95/><V124/><F124/><W76/><G76/><T122/><D122/><U41/><E92/><V78/><F7/><N who="3" m="3135" /><G15/><T5/><D60/><U133/><E133/><V103/><F103/><W65/><G65/><T114/><D114/><U126/><E126/><V30/><F14/><W11/><G11/><T1/><REACH who="0" step="1"/><D43/><REACH who="0" ten="90,315,267,318" step="2"/><U100/><E41/><V66/><F66/><W68/><G68/><T86/><D86/><U101/><E87/><V120/><F120/><W51/><G51/><T31/><D31/><U44/><E40/><V38/><F49/><W70/><G70/><T128/><D128/><U93/><E50/><V58/><F28/><W4/><G4/><T106/><D106/><U57/><E101/><V39/><F30/><RYUUKYOKU ba="0,1" sc="90,15,315,-15,267,-15,318,15" hai0="1,2,5,6,8,10,20,22,48,56,83,85,89" hai3="18,19,29,33" /><INIT seed="6,1,1,0,5,96" ten="105,300,252,333" oya="2" hai0="102,93,68,130,16,108,59,99,22,43,57,28,45" hai1="42,63,85,60,48,133,13,127,33,56,101,126,122" hai2="115,88,50,112,110,47,8,66,29,98,131,7,125" hai3="82,37,61,26,54,15,116,77,129,118,89,86,83"/><V79/><F131/><W53/><G37/><T91/><D108/><U107/><E33/><V104/><F110/><W24/><G129/><T84/><D68/><U120/><E13/><V38/><F38/><W103/><G103/><T109/><D28/><U14/><E14/><V31/><F79/><W12/><G89/><T1/><D1/><U128/><E85/><V0/><F66/><W117/><G86/><T114/><D114/><N who="2" m="43562" /><F125/><N who="1" m="47625" /><E128/><V62/><F62/><N who="1" m="23593" /><E133/><V69/><F69/><W39/><G116/><T119/><D109/><U3/><E3/><V64/><F64/><W124/><G124/><T87/><D119/><U70/><E70/><V76/><F76/><W36/><G61/><T34/><D34/><U65/><E65/><V52/><F104/><W11/><G77/><T72/><D72/><U23/><E23/><V132/><F132/><W6/><G11/><T113/><D113/><U106/><E106/><V30/><F30/><W41/><G117/><T4/><D4/><U111/><E111/><V135/><F135/><W20/><G20/><T9/><D9/><U5/><E5/><V27/><F27/><W95/><G6/><T105/><D87/><U2/><E2/><V81/><F81/><W35/><G83/><T134/><D134/><U71/><E71/><V121/><F121/><W44/><G82/><T78/><D78/><U123/><E107/><V46/><F46/><W10/><G44/><T80/><D105/><U17/><E17/><V58/><F47/><W73/><G10/><T21/><D130/><U19/><E19/><V49/><F49/><W94/><G118/><RYUUKYOKU ba="1,1" sc="105,-10,300,-10,252,30,333,-10" hai2="0,7,8,29,31,50,52,58,88,98" /><INIT seed="6,2,1,5,1,133" ten="95,290,282,323" oya="2" hai0="101,91,72,3,80,118,52,14,100,108,0,21,75" hai1="19,103,4,92,68,55,1,73,22,120,81,43,99" hai2="70,47,110,128,35,84,132,78,9,61,15,10,113" hai3="49,121,62,106,107,98,90,25,33,112,116,54,89"/><V127/><F35/><W126/><G116/><T94/><D108/><U32/><E120/><V18/><F110/><W13/><G62/><T27/><D118/><U114/><E32/><V119/><F119/><W45/><G121/><T66/><D0/><U44/><E114/><V57/><F70/><W39/><G39/><T50/><D3/><U23/><E68/><V40/><F113/><W58/><G58/><T41/><D41/><U76/><E55/><V125/><F132/><W105/><G112/><T12/><D66/><U102/><E102/><V36/><F128/><W82/><G13/><T53/><D75/><U79/><E79/><V60/><F9/><W5/><G5/><T85/><D53/><U134/><E134/><V122/><F122/><W20/><G33/><T28/><D72/><U71/><E71/><V117/><F117/><W86/><G126/><N who="2" m="48137" /><F57/><W93/><G107/><T59/><D101/><U67/><E23/><V83/><AGARI ba="2,1" hai="10,15,18,36,40,47,60,61,78,83,84" m="48137" machi="83" ten="30,11700,0" yaku="18,1,52,3" doraHai="133" who="2" fromWho="2" sc="95,-41,290,-41,282,133,323,-41" /><INIT seed="6,3,0,5,3,95" ten="54,249,415,282" oya="2" hai0="15,13,133,96,83,130,61,0,4,9,36,101,45" hai1="131,50,121,79,35,59,49,92,119,52,125,46,14" hai2="104,20,32,55,117,7,118,120,8,88,12,16,6" hai3="30,78,63,43,10,76,108,98,3,68,26,72,107"/><V85/><F104/><W84/><G84/><T126/><D133/><U77/><E119/><V114/><F120/><W28/><G28/><T94/><D130/><U93/><E35/><V17/><F114/><W18/><G18/><T70/><D126/><U64/><E125/><V97/><F32/><N who="3" m="20567" /><G78/><T71/><D71/><U111/><E111/><V81/><F118/><W80/><G43/><T48/><D36/><U99/><E131/><V73/><F73/><W100/><G108/><T24/><D24/><U69/><E69/><V105/><F117/><W54/><G54/><T19/><D19/><U38/><E38/><V66/><F66/><N who="3" m="41055" /><G10/><T102/><D83/><U44/><E93/><N who="2" m="56487" /><F55/><W112/><G112/><T25/><D25/><U89/><E121/><V21/><F105/><W47/><G47/><T62/><D62/><N who="1" m="37983" /><E14/><N who="2" m="9271" /><F8/><W22/><G22/><T31/><D31/><U29/><E29/><V67/><F67/><W37/><G37/><T91/><D0/><AGARI ba="3,0" hai="0,3,72,76,80,98,100,107" m="41055,20567" machi="0" ten="30,7700,0" yaku="25,1,33,2,52,1" doraHai="95" who="3" fromWho="0" sc="54,-86,249,0,415,0,282,86" owari="-32,-53.0,249,-15.0,415,51.0,368,17.0" /></mjloggm>