<mjloggm ver="2.3"><GO type="225" lobby="0"/><UN n0="%E3%83%A9%E3%82%B0%E3%83%A9%E3%83%BC%E3%82%B8" n1="%E3%82%AB%E3%83%A9%E3%82%B9%E3%81%AE%E5%AD%90" n2="%E9%98%BF%E4%BF%AE%E7%BE%85%E4%BD%B3%E5%A5%88" n3="%E5%B0%B1%E6%B4%BB%E7%94%9F%40%E5%B7%9D%E6%9D%91%E8%BB%8D%E5%9B%A3" dan="16,16,17,17" rate="2203.51,2152.85,2098.66,2191.47" sx="F,M,F,M"/><TAIKYOKU oya="0"/><INIT seed="0,0,0,5,3,101" ten="250,250,250,250" oya="0" hai0="130,74,135,125,34,120,4,13,123,8,51,35,52" hai1="20,71,88,98,122,83,113,129,79,10,68,39,29" hai2="60,89,75,1,3,43,47,92,90,58,78,128,23" hai3="5,100,91,132,37,112,70,44,134,7,27,31,116"/><T102/><D74/><U32/><E122/><V49/><F128/><W54/><G116/><T117/><D117/><U109/><E39/><V86/><F78/><W82/><G70/><T45/><D130/><U41/><E41/><V48/><F75/><W67/><G67/><T2/><D135/><N who="3" m="51753" /><G112/><T121/><D125/><U16/><E129/><V110/><F110/><W42/><G54/><T9/><REACH who="0" step="1"/><D102/><REACH who="0" ten="240,250,250,250" step="2"/><U105/><E113/><V21/><F90/><W19/><G100/><T73/><D73/><U106/><E88/><V133/><F133/><W66/><G91/><T126/><D126/><U56/><E109/><V108/><F108/><W118/><G118/><T33/><D33/><U103/><E32/><V15/><F89/><W95/><G82/><T25/><D25/><U57/><E83/><V12/><F86/><W53/><G27/><T26/><D26/><U85/><E103/><V17/><F92/><W22/><G95/><T77/><D77/><U63/><E85/><V99/><F99/><W87/><G87/><T111/><D111/><U96/><E79/><V59/><F43/><W69/><G42/><T97/><D97/><U72/><E72/><V6/><F47/><W115/><G44/><T119/><D119/><U55/><E96/><V50/><F59/><W24/><G115/><T46/><D46/><U61/><E98/><V124/><F124/><W38/><G31/><T40/><D40/><U131/><E29/><V0/><F58/><W28/><G28/><T84/><D84/><U14/><E131/><V76/><F76/><W64/><G38/><T104/><D104/><RYUUKYOKU ba="0,1" sc="240,30,250,-10,250,-10,250,-10" hai0="2,4,8,9,13,34,35,45,51,52,120,121,123" /><INIT seed="0,1,1,3,3,129" ten="270,240,240,240" oya="0" hai0="118,29,42,121,66,90,67,79,80,110,37,44,35" hai1="19,5,13,38,107,72,34,115,48,104,135,52,53" hai2="102,4,27,94,51,25,125,133,82,59,112,28,63" hai3="83,134,17,130,58,16,119,11,61,40,64,14,10"/><T33/><D118/><U109/><E38/><V49/><F112/><W91/><G119/><T73/><D121/><U92/><E72/><V43/><F125/><W99/><G130/><T2/><D110/><U123/><E123/><V0/><F27/><W75/><G134/><T20/><D90/><U77/><E34/><V84/><F133/><W23/><G40/><T18/><D29/><U98/><E135/><V113/><F113/><W47/><G47/><T85/><D85/><U56/><E109/><V101/><F101/><W32/><G32/><T76/><D76/><U105/><E77/><V31/><F31/><W124/><G124/><T81/><D81/><U74/><E74/><V65/><F43/><W57/><G75/><T103/><D103/><U122/><E122/><V1/><F1/><W116/><G116/><T96/><D96/><U108/><E108/><V128/><F128/><W120/><G120/><T132/><D132/><U114/><E53/><V89/><F4/><W93/><G83/><T117/><D117/><U111/><E5/><V39/><F0/><W24/><REACH who="3" step="1"/><G11/><REACH who="3" ten="270,240,240,230" step="2"/><T30/><D33/><U15/><E111/><V97/><REACH who="2" step="1"/><F39/><REACH who="2" ten="270,240,230,230" step="2"/><W131/><G131/><T127/><D37/><U21/><E115/><V7/><F7/><W69/><AGARI ba="1,3" hai="10,14,16,17,23,24,57,58,61,64,69,91,93,99" machi="69" ten="20,8000,1" yaku="1,1,0,1,7,1,54,1,53,1" doraHai="129" doraHaiUra="87" who="3" fromWho="3" sc="270,-41,240,-21,230,-21,230,113" /><INIT seed="1,0,0,4,2,119" ten="229,219,209,343" oya="1" hai0="35,124,49,25,64,74,61,79,36,15,6,82,54" hai1="27,43,2,135,22,19,89,120,72,8,80,85,67" hai2="95,116,58,88,13,115,93,5,129,59,92,7,23" hai3="32,1,29,127,110,114,45,134,24,52,103,76,11"/><U83/><E135/><V39/><F116/><W94/><G114/><T121/><D36/><U104/><E104/><V75/><F39/><W3/><G134/><T101/><D124/><U60/><E43/><V69/><F69/><W55/><G127/><T42/><D42/><U131/><E131/><V133/><F75/><W28/><G28/><T48/><D101/><U130/><E130/><V63/><F133/><W126/><G126/><T65/><D121/><U106/><E106/><V38/><F38/><W66/><G66/><T16/><D6/><N who="2" m="2058" /><F115/><W98/><G110/><T71/><D64/><U128/><E128/><V132/><F132/><W117/><G117/><T78/><D78/><U122/><E2/><V91/><F129/><W30/><G30/><T20/><D35/><U86/><E8/><V41/><F41/><W44/><G76/><T14/><REACH who="0" step="1"/><D49/><REACH who="0" ten="219,219,209,343" step="2"/><U105/><E105/><V4/><F4/><W53/><G3/><T102/><D102/><U87/><E72/><V99/><F63/><W31/><G1/><T62/><D62/><U18/><E60/><V109/><F109/><W96/><G32/><T118/><D118/><U9/><E67/><V50/><F50/><W81/><G103/><T100/><D100/><U112/><E112/><V33/><F33/><W90/><G55/><T40/><D40/><U37/><E37/><V68/><F68/><W0/><G0/><T123/><D123/><U84/><E83/><V111/><F111/><W26/><G81/><T113/><D113/><U51/><E51/><V21/><F91/><W77/><G90/><T46/><AGARI ba="0,1" hai="14,15,16,20,25,46,48,54,61,65,71,74,79,82" machi="46" ten="20,12000,2" yaku="1,1,5,1,0,1,7,1,54,1,53,1" doraHai="119" doraHaiUra="17" who="0" fromWho="0" sc="219,130,219,-60,209,-30,343,-30" /><INIT seed="2,0,0,4,1,5" ten="349,159,179,313" oya="2" hai0="36,76,24,35,88,102,51,132,54,31,25,43,117" hai1="125,99,114,130,98,118,18,71,100,89,124,49,41" hai2="74,68,45,127,42,121,22,75,113,128,6,46,70" hai3="107,95,134,105,96,86,12,52,78,62,106,10,21"/><V39/><F113/><W103/><G134/><T27/><D132/><U38/><E114/><V91/><F91/><W85/><G21/><T1/><D1/><U135/><E118/><V13/><F46/><W20/><G20/><T30/><D117/><U44/><E135/><V59/><F121/><W129/><G129/><T122/><D122/><U94/><E71/><V50/><F128/><W81/><G86/><T28/><D102/><U57/><E130/><V80/><F127/><W104/><G104/><T115/><D76/><U8/><E57/><V93/><F93/><W16/><G62/><T90/><D115/><U83/><E38/><V112/><F112/><W19/><REACH who="3" step="1"/><G52/><REACH who="3" ten="349,159,179,303" step="2"/><T72/><D54/><U23/><E125/><V66/><F22/><W32/><G32/><T47/><D35/><U84/><E124/><V14/><F75/><W3/><G3/><T133/><D72/><U111/><E111/><V108/><F74/><W29/><G29/><T109/><D133/><U123/><E123/><V4/><F108/><W2/><G2/><T116/><D109/><U9/><E99/><V33/><F33/><W67/><G67/><T120/><D116/><U37/><REACH who="1" step="1"/><E37/><REACH who="1" ten="349,149,179,303" step="2"/><V11/><F39/><W15/><G15/><AGARI ba="0,2" hai="8,9,15,18,23,41,44,49,83,84,89,94,98,100" machi="15" ten="30,12000,2" yaku="1,1,2,1,7,1,8,1,52,2,53,1" doraHai="5" doraHaiUra="97" who="1" fromWho="3" sc="349,0,149,140,179,0,303,-120" /><INIT seed="3,0,0,5,1,53" ten="349,289,179,183" oya="3" hai0="44,109,15,79,95,25,101,66,71,64,93,12,114" hai1="112,14,118,60,90,6,105,86,33,130,32,46,68" hai2="42,76,54,129,102,128,120,27,108,96,43,56,80" hai3="81,34,124,98,91,88,135,30,37,4,38,55,21"/><W61/><G34/><T116/><D71/><U117/><E112/><V40/><F108/><W35/><G35/><T132/><D109/><U52/><E105/><V19/><F120/><W92/><G135/><T3/><D3/><U70/><E130/><N who="2" m="50283" /><F27/><N who="3" m="16751" /><G37/><T74/><D74/><U57/><E33/><V29/><F29/><W36/><G38/><T94/><D116/><U78/><E32/><V111/><F111/><W115/><G115/><T49/><D132/><U69/><E78/><V73/><F19/><W39/><G39/><T65/><D114/><U122/><E122/><V107/><F43/><W11/><G36/><T50/><D79/><U51/><E6/><V7/><F7/><W72/><G72/><T20/><D101/><U77/><E77/><V5/><F5/><W24/><G24/><T75/><D49/><AGARI ba="0,0" hai="40,42,49,54,56,73,76,80,96,102,107" m="50283" machi="49" ten="30,2000,0" yaku="19,1,52,1" doraHai="53" who="2" fromWho="0" sc="349,-20,289,0,179,20,183,0" owari="329,43.0,289,9.0,199,-20.0,183,-32.0" /></mjloggm>