<mjloggm ver="2.3"><GO type="169" lobby="0"/><UN n0="%E3%83%88%E3%82%B5%E3%81%91%E3%82%93" n1="%76%65%74%6F%6F" n2="%E9%8A%80%E8%89%B2%E8%87%AA%E8%BB%A2%E8%BB%8A" n3="%E5%B0%B1%E6%B4%BB%E7%94%9F%40%E5%B7%9D%E6%9D%91%E8%BB%8D%E5%9B%A3" dan="18,16,16,17" rate="2200.76,2046.15,2029.37,2180.68" sx="M,M,M,F"/><TAIKYOKU oya="0"/><INIT seed="0,0,0,2,3,21" ten="250,250,250,250" oya="0" hai0="99,108,2,113,101,128,63,90,16,0,120,84,72" hai1="124,115,10,134,39,32,61,85,83,48,129,71,24" hai2="47,4,66,114,102,89,11,118,17,46,68,107,42" hai3="38,109,45,41,92,60,36,30,15,80,3,31,127"/><T29/><D120/><U95/><E39/><V100/><F114/><W98/><G3/><T119/><D113/><U58/><E115/><V59/><F68/><W7/><G38/><T82/><D119/><U35/><E134/><V57/><F46/><W8/><G109/><T65/><D128/><U1/><E129/><V88/><F118/><W67/><G80/><T62/><D108/><U28/><E124/><V96/><F102/><W87/><G87/><T64/><D72/><U93/><E35/><V50/><F17/><W79/><G79/><T13/><D29/><U131/><E131/><V20/><F20/><W37/><G37/><T104/><D62/><U125/><E125/><V14/><F66/><W52/><G127/><T123/><D123/><U33/><E33/><V112/><F112/><W56/><REACH who="3" step="1"/><G67/><REACH who="3" ten="250,250,250,240" step="2"/><T121/><D64/><U122/><E122/><V111/><F111/><W74/><G74/><T76/><D121/><U130/><E130/><V43/><F43/><W126/><G126/><T91/><D0/><U34/><E1/><V73/><F73/><W27/><G27/><T103/><D2/><U6/><E24/><V12/><F14/><W40/><G40/><T44/><D65/><U78/><E78/><V9/><F42/><W70/><G70/><T106/><D76/><U69/><E69/><V53/><F12/><W18/><G18/><T110/><D110/><U97/><E71/><V86/><F86/><W94/><G94/><T135/><D13/><U5/><E85/><V51/><F107/><W75/><G75/><T105/><D84/><U19/><E83/><RYUUKYOKU ba="0,1" sc="250,-10,250,-10,250,-10,240,30" hai3="7,8,15,30,31,36,41,45,52,56,60,92,98" /><INIT seed="1,1,1,1,1,63" ten="240,240,240,270" oya="1" hai0="30,78,24,66,41,58,25,4,85,6,5,44,81" hai1="104,37,84,50,22,75,100,19,131,133,27,132,49" hai2="60,47,32,128,102,130,10,42,0,94,117,134,108" hai3="38,99,87,55,65,135,74,36,107,46,40,91,45"/><U39/><E75/><V23/><F32/><W103/><G74/><T97/><D97/><N who="1" m="61455" /><E131/><V110/><F117/><W11/><G135/><N who="1" m="51786" /><E84/><V121/><F134/><W28/><G28/><T109/><D109/><U17/><E17/><V124/><F121/><W105/><G105/><T96/><D96/><U118/><E118/><V33/><F33/><W123/><G123/><T114/><D114/><U70/><E70/><V76/><F76/><W29/><G29/><T116/><D116/><U48/><AGARI ba="1,1" hai="19,22,27,37,39,48,49,50" m="51786,61455" machi="48" ten="30,1500,0" yaku="20,1" doraHai="63" who="1" fromWho="1" sc="240,-6,240,28,240,-6,270,-6" /><INIT seed="1,2,0,3,1,10" ten="234,268,234,264" oya="1" hai0="26,102,28,73,8,7,32,127,107,33,132,87,83" hai1="123,110,41,55,64,47,6,126,96,52,3,1,59" hai2="130,122,51,34,89,66,93,60,45,39,30,129,95" hai3="9,117,38,92,69,14,57,40,113,65,77,25,0"/><U121/><E126/><V114/><F39/><W36/><G113/><T63/><D127/><U67/><E110/><V37/><F37/><W108/><G0/><T71/><D132/><U75/><E75/><V20/><F34/><W79/><G69/><T15/><D73/><U2/><E6/><V135/><F122/><W62/><G108/><T5/><D32/><U91/><E55/><V133/><F30/><W68/><G117/><T76/><D5/><U125/><E125/><V48/><F20/><W84/><G68/><T81/><D81/><U29/><E29/><V90/><F60/><W104/><G104/><T53/><D53/><U85/><E96/><V109/><F66/><W27/><G38/><T11/><D11/><U98/><E98/><V56/><F56/><W49/><G36/><T101/><REACH who="0" step="1"/><D107/><REACH who="0" ten="224,268,234,264" step="2"/><U80/><E123/><V119/><F109/><W134/><G134/><T97/><D97/><U19/><E121/><V116/><REACH who="2" step="1"/><F45/><REACH who="2" ten="224,268,224,264" step="2"/><N who="3" m="25767" /><G79/><T106/><D106/><U44/><E44/><V82/><F82/><N who="3" m="47183" /><G92/><T94/><D94/><U120/><E120/><V72/><F72/><W21/><G21/><T115/><D115/><AGARI ba="2,2" hai="48,51,89,90,93,95,114,115,116,119,129,130,133,135" machi="115" ten="25,3200,0" yaku="1,1,22,2,53,0" doraHai="10" doraHaiUra="4" who="2" fromWho="0" sc="224,-38,268,0,224,58,264,0" /><INIT seed="2,0,0,0,1,50" ten="186,268,282,264" oya="2" hai0="120,6,135,111,22,80,52,4,95,64,60,44,25" hai1="97,131,76,23,78,96,129,83,2,55,70,106,43" hai2="98,89,71,32,59,82,104,79,1,113,122,85,33" hai3="132,118,103,46,9,42,123,19,105,112,38,58,117"/><V115/><F71/><W8/><G123/><T102/><D111/><U15/><E2/><V18/><F1/><W66/><G132/><T124/><D124/><U90/><E43/><V92/><F122/><W26/><G112/><T133/><D120/><U81/><E70/><V94/><F104/><W16/><G103/><T34/><D34/><U67/><E67/><V130/><F130/><N who="1" m="49673" /><E15/><V0/><F0/><W69/><G69/><T110/><D110/><U72/><E23/><V57/><F32/><W13/><G105/><T48/><D80/><U45/><E106/><V24/><F33/><W134/><G134/><N who="0" m="51211" /><D95/><N who="1" m="56439" /><E45/><V128/><F128/><W114/><G114/><T54/><D102/><U68/><E68/><V119/><F119/><W35/><G35/><T74/><D74/><N who="1" m="43159" /><E97/><N who="2" m="57487" /><F115/><W5/><G26/><T28/><D64/><U27/><E27/><V14/><F24/><W61/><G19/><T75/><D75/><U63/><E63/><V127/><F113/><W40/><G40/><T73/><D73/><U49/><E49/><V39/><F39/><W121/><G121/><T53/><D60/><U108/><E108/><V107/><F107/><W62/><G62/><T91/><D91/><U109/><E109/><V99/><F99/><W10/><REACH who="3" step="1"/><G5/><AGARI ba="0,0" hai="4,5,6,22,25,28,44,48,52,53,54" m="51211" machi="5" ten="30,8000,1" yaku="20,1,52,3,54,1" doraHai="50" who="0" fromWho="3" sc="186,80,268,0,282,0,264,-80" /><INIT seed="3,0,0,0,5,31" ten="266,268,282,184" oya="3" hai0="30,55,2,63,66,61,129,10,43,101,96,103,128" hai1="87,80,4,17,99,57,126,67,39,65,49,86,104" hai2="76,130,37,54,97,79,36,120,115,116,121,110,29" hai3="83,59,73,98,95,3,135,6,0,20,107,119,94"/><W25/><G119/><T34/><D43/><U113/><E39/><V134/><F29/><W38/><G38/><T56/><D2/><U14/><E113/><V102/><F102/><W1/><G135/><T125/><D125/><U5/><E126/><V89/><F97/><W109/><G109/><T108/><D108/><U51/><E104/><V18/><F110/><W68/><G68/><T21/><D10/><U12/><E99/><V75/><F75/><W114/><G114/><T85/><D85/><U127/><E127/><V133/><F115/><W118/><G118/><T19/><D30/><U26/><E26/><V82/><F82/><W117/><G117/><T69/><D34/><U24/><E24/><V90/><F116/><W106/><G6/><T92/><REACH who="0" step="1"/><D103/><REACH who="0" ten="256,268,282,184" step="2"/><U46/><E80/><V77/><F134/><W48/><G73/><T84/><D84/><U15/><E87/><V45/><F133/><W91/><G83/><T123/><D123/><U28/><E86/><V111/><F121/><W44/><G94/><T52/><D52/><U23/><E28/><V47/><F54/><W40/><REACH who="3" step="1"/><G59/><REACH who="3" ten="256,268,282,174" step="2"/><T11/><D11/><U27/><E4/><V7/><F7/><W32/><G32/><T60/><D60/><U132/><E5/><V88/><F120/><W50/><G50/><T62/><D62/><U58/><E132/><V78/><F111/><W53/><G53/><T70/><D70/><U122/><E122/><V8/><F36/><W100/><G100/><T74/><D74/><U124/><E124/><V72/><N who="2" m="19456" /><DORA hai="64" /><V81/><F37/><W93/><G93/><RYUUKYOKU ba="0,2" sc="256,15,268,-15,282,-15,174,15" hai0="19,21,55,56,61,63,66,69,92,96,101,128,129" hai3="0,1,3,20,25,40,44,48,91,95,98,106,107" /><INIT seed="3,1,2,5,1,43" ten="271,253,267,189" oya="3" hai0="123,0,38,96,78,85,50,20,7,19,119,23,66" hai1="82,41,5,84,113,30,25,135,8,45,105,2,57" hai2="114,3,110,6,91,61,37,79,127,28,87,40,33" hai3="133,22,17,34,77,56,70,95,16,104,115,106,100"/><W11/><G70/><T69/><D119/><U1/><E113/><V44/><F79/><W90/><G34/><T64/><D38/><U98/><E135/><V122/><F110/><W18/><G115/><T97/><D0/><U76/><E57/><V93/><F114/><W125/><G133/><T72/><D72/><U75/><E98/><V121/><F127/><W129/><G125/><T15/><D7/><U108/><E108/><V107/><F107/><W13/><G129/><T74/><D74/><U14/><E105/><V101/><F101/><W130/><G130/><T46/><D69/><U42/><E42/><V63/><F6/><W83/><G56/><T65/><D123/><N who="2" m="47114" /><F3/><W103/><G104/><T51/><D23/><U81/><E81/><V12/><F12/><W117/><G106/><T80/><REACH who="0" step="1"/><D51/><REACH who="0" ten="261,253,267,189" step="2"/><N who="1" m="27055" /><E75/><V59/><F37/><W109/><G109/><T112/><D112/><U27/><E27/><V60/><F33/><AGARI ba="1,3" hai="1,2,5,8,14,25,30,33,76,82,84" m="27055" machi="33" ten="30,2000,0" yaku="25,1,52,1" doraHai="43" who="1" fromWho="2" sc="261,0,253,53,267,-23,189,0" /><INIT seed="4,0,0,0,3,102" ten="261,306,244,189" oya="0" hai0="62,74,26,43,11,23,115,41,109,4,104,91,118" hai1="7,100,75,85,108,38,134,113,27,0,133,65,20" hai2="120,35,17,127,67,123,24,122,32,70,29,121,82" hai3="83,87,10,37,114,103,78,57,80,112,93,31,76"/><T14/><D118/><U61/><E75/><V34/><F127/><W117/><G37/><T81/><D115/><N who="3" m="44073" /><G31/><T39/><D109/><U92/><E38/><V116/><F17/><W40/><G40/><T101/><D39/><U89/><E113/><V51/><F51/><W3/><G3/><T98/><D62/><U68/><E108/><V13/><F13/><W94/><G10/><T33/><D33/><N who="2" m="12906" /><F123/><W54/><G54/><T58/><D58/><U47/><E47/><V46/><F46/><W125/><G57/><T84/><REACH who="0" step="1"/><D74/><REACH who="0" ten="251,306,244,189" step="2"/><U42/><E61/><V111/><F116/><W130/><G117/><T52/><D52/><U16/><E68/><V95/><F111/><W56/><G56/><T15/><D15/><U69/><E65/><V9/><F67/><W50/><G50/><T12/><D12/><U129/><E69/><V131/><F122/><W90/><G125/><T8/><D8/><U110/><E110/><V5/><F70/><W77/><G130/><T128/><D128/><U48/><E129/><V126/><F131/><W132/><G132/><T2/><D2/><U1/><E1/><V64/><F64/><W119/><G119/><T71/><D71/><U30/><E0/><V55/><F126/><W107/><G107/><T36/><D36/><U73/><E73/><V18/><F121/><W66/><G66/><T22/><D22/><U21/><E21/><V19/><F120/><W97/><AGARI ba="0,1" hai="76,77,78,80,83,87,90,93,94,97,103" m="44073" machi="97" ten="40,5200,0" yaku="15,1,34,2" doraHai="102" who="3" fromWho="3" sc="251,-26,306,-13,244,-13,189,62" /><INIT seed="5,0,0,0,1,19" ten="225,293,231,251" oya="1" hai0="116,24,98,52,132,130,64,109,97,90,72,88,84" hai1="80,118,95,92,113,105,101,50,104,41,29,89,99" hai2="16,28,86,11,112,18,25,135,4,60,26,74,87" hai3="73,75,1,127,23,122,100,103,61,119,65,134,9"/><U57/><E118/><V77/><F74/><W15/><G122/><T125/><D116/><U34/><E113/><V33/><F112/><W59/><G119/><T69/><D109/><U43/><E34/><V8/><F135/><W47/><G134/><T114/><D114/><U121/><E121/><V56/><F77/><W53/><G127/><T111/><D111/><U124/><E29/><V110/><F110/><W85/><G73/><T3/><D132/><U70/><E70/><V45/><F45/><W71/><G75/><T37/><D130/><U107/><E124/><V54/><F11/><W14/><G1/><T66/><D37/><U76/><E57/><V31/><F87/><W51/><G71/><T126/><D3/><U46/><E41/><V30/><F86/><W128/><G128/><T108/><D108/><U78/><REACH who="1" step="1"/><E80/><REACH who="1" ten="225,283,231,251" step="2"/><V79/><F31/><W49/><G59/><T91/><D69/><U5/><E5/><V35/><REACH who="2" step="1"/><F79/><REACH who="2" ten="225,283,221,251" step="2"/><W27/><G47/><T10/><D125/><U38/><E38/><V94/><F94/><W36/><G36/><T58/><D126/><U44/><E44/><V62/><F62/><W21/><G61/><T13/><D97/><AGARI ba="0,2" hai="43,46,50,76,78,89,92,95,97,99,101,104,105,107" machi="97" ten="40,2000,0" yaku="1,1,53,0" doraHai="19" doraHaiUra="106" who="1" fromWho="0" sc="225,-20,283,40,221,0,251,0" /><INIT seed="5,1,0,5,1,98" ten="205,323,221,251" oya="1" hai0="50,112,49,83,51,47,99,93,22,58,21,120,95" hai1="131,48,54,96,3,76,107,56,42,94,75,12,63" hai2="119,20,110,33,130,9,26,104,39,74,122,70,125" hai3="118,101,24,61,105,15,128,100,73,18,36,32,134"/><U5/><E107/><V78/><F78/><W116/><G73/><T6/><D112/><U41/><E3/><V123/><F9/><W27/><G105/><T68/><D68/><U106/><E106/><V35/><F20/><N who="3" m="11359" /><G36/><T102/><D120/><U124/><E124/><V46/><F26/><N who="3" m="9771" /><G32/><T90/><D6/><U117/><E117/><N who="3" m="45162" /><G134/><T44/><D83/><U65/><E75/><V52/><F46/><N who="0" m="17450" /><D58/><U10/><E76/><V1/><F52/><W84/><G128/><T92/><D92/><U62/><E131/><V97/><F97/><AGARI ba="1,0" hai="21,22,49,50,51,90,93,95,97,99,102" m="17450" machi="97" ten="30,2000,0" yaku="8,1,52,1" doraHai="98" who="0" fromWho="2" sc="205,23,323,0,221,-23,251,0" /><INIT seed="6,0,0,4,3,71" ten="228,323,198,251" oya="2" hai0="53,66,72,68,56,34,105,96,75,97,114,60,17" hai1="32,65,42,7,9,115,117,1,45,22,19,11,90" hai2="48,15,119,86,21,39,16,128,18,85,4,134,51" hai3="76,3,6,44,92,33,130,24,29,106,129,73,88"/><V52/><F119/><W43/><G106/><T103/><D114/><U12/><E117/><V13/><F39/><W10/><G76/><T87/><D97/><U2/><E65/><V111/><F134/><W36/><REACH who="3" step="1"/><G73/><REACH who="3" ten="228,323,198,241" step="2"/><T69/><D72/><U77/><E115/><V110/><F128/><W8/><G8/><T26/><D75/><U25/><E77/><V57/><F4/><W31/><G31/><T116/><D116/><U58/><E9/><N who="2" m="6191" /><F51/><W27/><G27/><T30/><D17/><U125/><E25/><V79/><F79/><W70/><G70/><T131/><D131/><U80/><E19/><V28/><F28/><W74/><G74/><T122/><D122/><U50/><E50/><V108/><AGARI ba="0,1" hai="15,18,21,48,52,57,85,86,108,110,111" m="6191" machi="108" ten="30,6000,0" yaku="10,1,54,2" doraHai="71" who="2" fromWho="2" sc="228,-20,323,-20,198,70,241,-20" /><INIT seed="6,1,0,2,5,67" ten="208,303,268,221" oya="2" hai0="127,59,131,98,122,70,64,49,80,12,89,44,77" hai1="76,8,51,55,118,132,13,41,81,74,17,119,63" hai2="91,72,19,84,124,104,20,116,30,5,48,83,109" hai3="78,31,16,29,100,39,134,73,99,121,35,135,15"/><V47/><F116/><W2/><G39/><T34/><D122/><U18/><E132/><N who="3" m="50730" /><G121/><T71/><D34/><U128/><E128/><V125/><F104/><N who="3" m="63519" /><G2/><T68/><D12/><U50/><E63/><V3/><F30/><W112/><G35/><T14/><D14/><U21/><E41/><V26/><F109/><W82/><G112/><T88/><D131/><U54/><E50/><V86/><F72/><W115/><G115/><T93/><D127/><N who="2" m="48714" /><F86/><W58/><G58/><T97/><D59/><U61/><E61/><V38/><F38/><W23/><AGARI ba="1,0" hai="15,16,23,29,31,73,78,82" m="63519,50730" machi="23" ten="30,2000,0" yaku="20,1,54,1" doraHai="67" who="3" fromWho="3" sc="208,-6,303,-6,268,-11,221,23" /><INIT seed="7,0,0,4,0,76" ten="202,297,257,244" oya="3" hai0="21,79,3,15,98,104,64,88,124,110,11,101,130" hai1="121,33,116,65,73,35,126,48,120,100,103,95,92" hai2="57,58,6,49,38,53,97,60,74,71,25,23,4" hai3="16,117,134,8,68,36,80,107,77,119,102,91,34"/><W86/><G68/><T115/><D110/><U27/><E65/><V13/><F71/><W106/><G36/><T12/><D130/><U123/><E73/><V1/><F1/><W69/><G34/><N who="1" m="12810" /><E48/><V63/><F38/><W133/><G69/><T46/><D124/><U20/><E126/><V109/><F109/><W105/><G102/><N who="1" m="38954" /><E20/><V14/><F74/><N who="3" m="43063" /><G16/><T40/><D115/><U41/><E41/><V29/><F97/><W62/><G62/><N who="2" m="23593" /><F58/><W111/><G8/><T47/><D64/><U135/><E27/><V7/><AGARI ba="0,0" hai="4,6,7,13,14,23,25,29,49,53,57" m="23593" machi="7" ten="30,1100,0" yaku="8,1" doraHai="76" who="2" fromWho="2" sc="202,-3,297,-3,257,11,244,-5" /><INIT seed="8,0,0,2,1,83" ten="199,294,268,239" oya="0" hai0="8,62,90,40,100,65,68,2,35,76,14,127,128" hai1="49,111,92,34,108,5,73,55,21,42,43,135,85" hai2="11,58,57,123,29,4,56,19,131,87,70,115,107" hai3="54,39,23,99,37,64,118,51,15,133,50,114,61"/><T16/><D127/><U103/><E73/><V44/><F70/><W116/><G99/><T82/><D128/><U0/><E34/><V31/><F107/><W75/><G75/><T117/><D117/><N who="3" m="45161" /><G23/><T20/><D35/><U130/><E130/><V134/><F131/><W26/><G15/><T69/><D100/><U81/><E135/><V74/><F74/><W48/><G26/><T112/><D112/><U121/><E121/><V63/><F115/><W102/><G102/><T113/><D113/><U94/><E0/><V24/><F123/><W104/><G104/><T129/><D129/><U6/><E21/><V84/><F134/><W41/><G114/><T71/><D40/><N who="1" m="15403" /><E111/><V18/><F63/><W98/><G98/><T96/><D2/><U88/><E108/><V122/><F122/><W119/><G41/><T66/><D8/><U101/><E101/><V110/><F110/><W60/><G133/><T77/><D65/><U32/><E32/><V78/><F78/><W38/><N who="3" m="45169" /><W46/><DORA hai="12" /><G60/><T93/><REACH who="0" step="1"/><D76/><REACH who="0" ten="189,294,268,239" step="2"/><U109/><E109/><V30/><F11/><W126/><G126/><T89/><D89/><U17/><E103/><V33/><F33/><W120/><G120/><T1/><D1/><U105/><E105/><V124/><F124/><W80/><G80/><T86/><AGARI ba="0,1" hai="14,16,20,62,66,68,69,71,77,82,86,90,93,96" machi="86" ten="20,18000,2" yaku="1,1,0,1,7,1,52,2,54,1,53,1" doraHai="83,12" doraHaiUra="13,132" who="0" fromWho="0" sc="189,190,294,-60,268,-60,239,-60" owari="379,48.0,234,3.0,208,-19.0,179,-32.0" /></mjloggm>