<mjloggm ver="2.3"><GO type="169" lobby="0"/><UN n0="%E5%B0%B1%E6%B4%BB%E7%94%9F%40%E5%B7%9D%E6%9D%91%E8%BB%8D%E5%9B%A3" n1="%E2%80%A0%41%71%75%61%E2%80%A0" n2="%E3%83%89%E3%83%A9%EF%BC%91%EF%BC%92%EF%BC%90%EF%BC%85" n3="%E3%83%8C%E3%82%A2%E3%82%AF%E3%82%B7%E3%83%A7%E3%83%83%E3%83%88" dan="17,18,17,16" rate="2227.05,2179.11,2176.01,2107.41" sx="M,M,M,M"/><TAIKYOKU oya="0"/><INIT seed="0,0,0,5,3,75" ten="250,250,250,250" oya="0" hai0="122,3,48,83,86,62,23,103,135,126,76,20,112" hai1="71,58,106,125,66,5,129,134,127,56,120,14,2" hai2="128,101,93,30,49,100,43,79,54,124,98,133,50" hai3="113,8,29,57,110,116,16,24,26,74,78,67,132"/><T92/><D122/><U91/><E120/><V13/><F133/><W4/><G113/><T53/><D112/><U32/><E134/><V34/><F128/><W107/><G107/><T47/><D135/><U41/><E2/><V60/><F124/><N who="1" m="47689" /><E106/><V18/><F101/><W121/><G132/><T118/><D126/><U123/><E123/><V69/><F34/><W117/><G121/><T81/><D118/><U114/><E114/><V61/><F30/><W87/><G74/><T39/><D3/><U42/><E32/><V131/><F131/><W12/><G110/><T7/><D39/><U37/><E129/><V64/><F43/><W52/><G67/><T85/><D7/><U96/><E71/><V73/><F61/><W88/><G78/><N who="0" m="46263" /><D62/><N who="1" m="38215" /><E58/><V0/><F0/><W9/><G29/><T33/><D33/><U28/><E28/><V44/><F49/><N who="3" m="30863" /><G116/><T25/><D25/><N who="3" m="9833" /><G117/><T22/><D22/><U68/><E68/><V10/><REACH who="2" step="1"/><F73/><REACH who="2" ten="250,250,240,250" step="2"/><W99/><G99/><AGARI ba="0,1" hai="20,23,47,48,53,76,83,86,92,99,103" m="46263" machi="99" ten="30,5800,0" yaku="8,1,52,2" doraHai="75" who="0" fromWho="3" sc="250,68,250,0,240,0,250,-58" /><INIT seed="0,1,0,5,0,3" ten="318,250,240,192" oya="0" hai0="28,83,127,34,64,101,16,129,116,32,47,59,82" hai1="79,71,90,131,130,18,80,45,86,51,75,60,69" hai2="19,103,1,106,8,105,17,68,115,9,78,114,42" hai3="48,49,98,27,135,107,104,87,58,111,97,113,26"/><T50/><D116/><U29/><E29/><V44/><F68/><W96/><G58/><T55/><D129/><N who="1" m="49163" /><E18/><V89/><F78/><W67/><G98/><T63/><D127/><U7/><E60/><V92/><F9/><W122/><G87/><T112/><D112/><U0/><E0/><V109/><F109/><W38/><G38/><T36/><D28/><U77/><E7/><V46/><F46/><W91/><G91/><T40/><D101/><U94/><E77/><V21/><F103/><W6/><G135/><T102/><D102/><U132/><E132/><V72/><F1/><W53/><G53/><AGARI ba="1,0" hai="45,51,53,69,71,75,79,80,86,90,94" m="49163" machi="53" ten="30,1000,0" yaku="19,1" doraHai="3" who="1" fromWho="3" sc="318,0,250,13,240,0,192,-13" /><INIT seed="1,0,0,5,3,49" ten="318,263,240,179" oya="1" hai0="104,7,38,105,79,111,1,19,8,126,133,123,102" hai1="99,22,135,18,74,30,20,43,9,73,37,128,118" hai2="61,65,119,92,97,41,64,120,48,21,89,127,91" hai3="53,80,122,6,108,129,87,90,27,2,98,59,72"/><U115/><E118/><V124/><F119/><W50/><G122/><T62/><D19/><U107/><E115/><V13/><F120/><W46/><G108/><T15/><D111/><U68/><E68/><V39/><F39/><W45/><G129/><T55/><D38/><U28/><E128/><V100/><F41/><W23/><G72/><T69/><D1/><U11/><E135/><V109/><F109/><W125/><G125/><N who="2" m="48201" /><F48/><W14/><G2/><T44/><D79/><U84/><E37/><V47/><F47/><W12/><G98/><T36/><D102/><U67/><E43/><V114/><F114/><W58/><G46/><T32/><D32/><U57/><E107/><V132/><F132/><W95/><G95/><T94/><D94/><U75/><E99/><V76/><F76/><W4/><G14/><T10/><D44/><U33/><E84/><V117/><F65/><W83/><G83/><T71/><D36/><U93/><E93/><V78/><F78/><W26/><G26/><T34/><D126/><U54/><E67/><V131/><F131/><W60/><G12/><T112/><D112/><U31/><E33/><V29/><F13/><W103/><G103/><T40/><D34/><U24/><REACH who="1" step="1"/><E22/><REACH who="1" ten="318,253,240,179" step="2"/><V85/><F85/><W116/><G116/><T0/><D104/><U101/><E101/><V106/><F106/><W52/><REACH who="3" step="1"/><G59/><REACH who="3" ten="318,253,240,169" step="2"/><N who="0" m="35199" /><D123/><U35/><E35/><V70/><F117/><W16/><AGARI ba="0,2" hai="4,6,16,23,27,45,50,52,53,58,60,80,87,90" machi="16" ten="20,16000,3" yaku="1,1,0,1,7,1,8,1,52,2,54,2,53,2" doraHai="49" doraHaiUra="3" who="3" fromWho="3" sc="318,-40,253,-80,240,-40,169,180" /><INIT seed="2,0,0,1,1,130" ten="278,173,200,349" oya="2" hai0="9,14,25,63,83,56,114,30,78,28,43,93,132" hai1="135,17,112,50,90,57,134,71,109,64,34,33,95" hai2="126,52,113,4,117,37,94,48,101,19,100,75,60" hai3="110,89,131,74,106,68,45,16,69,36,107,22,103"/><V120/><F75/><W46/><G74/><T39/><D114/><U21/><E112/><V3/><F113/><W15/><G131/><T0/><D0/><U49/><E71/><V2/><F117/><W79/><G79/><T54/><D93/><U84/><E109/><V97/><F120/><W118/><G110/><T35/><D30/><U115/><E115/><V124/><F37/><W10/><G118/><T125/><D125/><N who="2" m="48234" /><F60/><W29/><G89/><T51/><D39/><U23/><E23/><V70/><F70/><W76/><G76/><T13/><D132/><N who="1" m="50731" /><E64/><V7/><F101/><W87/><G87/><T12/><D43/><U121/><E121/><V8/><F19/><W32/><G32/><N who="1" m="12394" /><E57/><N who="2" m="32903" /><F7/><W80/><G69/><T128/><D128/><U38/><E38/><V61/><F61/><W62/><G62/><T53/><D63/><U6/><E6/><V116/><F116/><W98/><G68/><T55/><D9/><U66/><E66/><V24/><F24/><AGARI ba="0,0" hai="17,21,24,49,50,84,90,95" m="12394,50731" machi="24" ten="30,7700,0" yaku="20,1,52,3" doraHai="130" who="1" fromWho="2" sc="278,0,173,77,200,-77,349,0" /><INIT seed="3,0,0,2,3,93" ten="278,250,123,349" oya="3" hai0="41,99,21,114,83,53,46,124,135,19,4,47,112" hai1="84,128,96,49,0,9,6,12,1,104,72,17,48" hai2="55,95,125,81,70,61,123,16,51,121,103,74,116" hai3="101,32,86,18,7,88,28,102,29,134,31,62,115"/><W60/><G115/><N who="0" m="44075" /><D135/><U111/><E72/><V57/><F116/><W43/><G32/><T69/><D69/><U56/><E111/><V100/><F125/><W66/><G134/><T14/><D124/><U79/><E128/><V50/><F70/><W44/><G7/><T117/><D117/><U126/><E126/><V113/><F113/><W109/><G109/><T25/><D83/><U92/><E104/><V75/><F103/><W64/><G18/><T118/><D118/><U90/><E56/><V65/><F16/><W107/><G107/><T77/><D77/><U30/><E30/><V133/><F133/><W11/><G11/><N who="0" m="4455" /><D53/><U38/><E38/><V68/><F81/><W33/><G33/><T22/><D22/><U63/><E79/><V40/><F75/><W97/><G66/><T67/><D67/><U108/><E108/><V106/><F74/><W130/><G64/><T122/><D122/><U2/><E63/><V24/><F106/><W8/><G62/><T54/><D54/><U20/><REACH who="1" step="1"/><E84/><REACH who="1" ten="278,240,123,349" step="2"/><V42/><F123/><W78/><G86/><T73/><D73/><U105/><E105/><V80/><F121/><W13/><G60/><T110/><D110/><U91/><E91/><V5/><F61/><W26/><G78/><T131/><D131/><U82/><E82/><V10/><F80/><W87/><G88/><T119/><D119/><U129/><E129/><V85/><F68/><W94/><G130/><T39/><D47/><U35/><E35/><V34/><F34/><W132/><G44/><T127/><D127/><U3/><AGARI ba="0,1" hai="0,1,2,3,6,9,12,17,20,48,49,90,92,96" machi="3" ten="30,7900,0" yaku="1,1,0,1,52,1,53,1" doraHai="93" doraHaiUra="15" who="1" fromWho="1" sc="278,-20,240,89,123,-20,349,-39" /><INIT seed="4,0,0,3,4,39" ten="258,329,103,310" oya="0" hai0="36,67,44,119,81,111,123,27,104,73,20,65,18" hai1="128,93,89,11,116,76,131,48,61,97,92,117,106" hai2="94,96,82,24,21,41,47,5,74,0,45,135,50" hai3="2,40,7,29,70,86,122,132,115,34,22,26,12"/><T62/><D119/><N who="1" m="45643" /><E48/><V6/><F135/><W127/><G70/><T59/><D123/><U15/><E61/><V25/><F0/><W130/><G132/><T90/><D104/><U120/><E15/><V124/><F124/><W113/><G127/><T13/><D111/><U103/><E11/><V134/><F134/><W9/><G122/><T114/><D114/><N who="3" m="43529" /><G86/><T95/><D73/><U49/><E49/><N who="2" m="26799" /><F82/><W83/><G83/><T79/><D79/><U23/><E23/><V118/><F74/><W129/><G40/><T63/><D81/><U112/><E120/><V69/><F69/><W16/><AGARI ba="0,0" hai="2,7,9,12,16,22,26,29,34,129,130" m="43529" machi="16" ten="30,8000,1" yaku="24,1,15,1,34,2,54,1" doraHai="39" who="3" fromWho="3" sc="258,-40,329,-20,103,-20,310,80" /><INIT seed="5,0,0,5,1,64" ten="218,309,83,390" oya="1" hai0="65,84,121,17,72,18,37,102,22,118,54,7,79" hai1="123,86,28,42,66,27,114,36,69,59,103,135,47" hai2="25,55,39,122,41,93,34,125,23,119,3,82,77" hai3="1,33,35,61,32,110,10,87,56,105,51,134,108"/><U40/><E123/><V132/><F122/><W127/><G105/><T128/><D72/><U9/><E114/><V100/><F119/><W109/><G127/><T29/><D118/><U60/><E135/><V101/><F34/><W13/><G134/><T98/><D37/><U53/><E103/><V73/><F3/><W8/><G51/><T124/><D124/><U5/><E40/><V11/><F132/><W133/><G133/><T85/><D7/><U104/><E104/><V50/><F11/><W126/><G126/><T89/><D128/><U58/><E86/><V68/><F68/><W30/><G30/><T24/><D65/><U26/><E28/><V48/><F125/><W67/><G87/><T46/><D79/><U111/><E111/><V83/><F83/><W107/><G107/><T74/><D74/><U80/><E80/><V14/><F14/><W49/><G49/><T6/><D6/><U113/><E113/><V57/><F39/><W20/><G1/><T38/><D121/><U63/><REACH who="1" step="1"/><E59/><REACH who="1" ten="218,299,83,390" step="2"/><V70/><F101/><W97/><G97/><T106/><D85/><U44/><E44/><N who="2" m="25615" /><F100/><W112/><G112/><T117/><D117/><U129/><E129/><V91/><F82/><W21/><G10/><T81/><D38/><U45/><E45/><V131/><F131/><W92/><G92/><T2/><D46/><U52/><E52/><V115/><F115/><W90/><G109/><T120/><D54/><U76/><E76/><V71/><F77/><W15/><G110/><T62/><D120/><U94/><E94/><V96/><F73/><W19/><G108/><RYUUKYOKU ba="0,1" sc="218,-15,299,15,83,15,390,-15" hai1="5,9,26,27,36,42,47,53,58,60,63,66,69" hai2="23,25,50,55,57,70,71,91,93,96" /><INIT seed="5,1,1,5,3,130" ten="203,314,98,375" oya="1" hai0="119,123,108,47,110,85,57,54,70,53,35,134,56" hai1="80,93,133,3,111,99,129,19,14,97,52,20,8" hai2="107,73,58,1,30,102,68,7,117,27,18,81,0" hai3="51,83,13,112,91,122,60,67,95,114,103,100,115"/><U40/><E129/><V62/><F68/><W38/><G38/><T64/><D35/><U96/><E111/><N who="0" m="42537" /><D85/><U45/><E80/><V5/><F117/><W42/><G122/><T61/><D119/><U2/><E133/><V43/><F43/><W11/><G83/><T63/><D123/><U39/><E93/><V33/><F107/><W118/><G51/><N who="0" m="28927" /><D70/><U90/><E90/><V26/><F102/><W94/><G42/><T86/><D86/><U131/><E131/><V105/><F105/><W113/><G112/><T12/><D12/><U23/><REACH who="1" step="1"/><E52/><REACH who="1" ten="203,304,98,375" step="2"/><V36/><F81/><W6/><G118/><T74/><D74/><U15/><E15/><V78/><F73/><W34/><G34/><T37/><D37/><U121/><E121/><V17/><F36/><W76/><G76/><T135/><AGARI ba="1,2" hai="54,56,57,61,63,64,134,135" m="28927,42537" machi="135" ten="30,7900,0" yaku="34,2,52,2" doraHai="130" who="0" fromWho="0" sc="203,102,304,-40,98,-21,375,-21" /><INIT seed="6,0,0,2,0,21" ten="305,264,77,354" oya="2" hai0="101,85,28,11,69,97,122,107,95,19,83,71,82" hai1="38,3,77,29,9,103,7,128,6,121,134,72,110" hai2="8,102,109,74,4,68,23,48,12,36,22,98,115" hai3="119,73,58,49,62,80,64,123,32,132,45,104,43"/><V46/><F36/><W14/><G119/><T51/><D122/><U75/><E110/><V35/><F109/><W93/><G104/><T26/><D107/><U88/><E121/><V55/><F35/><W17/><G32/><T52/><D11/><U127/><E127/><V53/><F115/><W33/><G33/><T131/><D19/><U25/><E128/><V16/><F74/><W20/><G123/><T18/><D18/><U100/><E134/><V63/><F68/><W89/><G132/><T105/><D105/><U60/><E7/><V39/><F39/><W67/><G80/><T34/><D131/><U76/><E38/><V114/><F114/><W56/><G73/><T0/><D0/><U10/><E60/><V133/><F133/><W37/><G37/><T79/><D83/><U1/><E6/><V78/><F78/><W27/><G14/><T96/><D96/><U86/><E86/><V2/><F63/><W15/><G15/><T111/><D111/><U42/><E42/><V61/><F61/><W92/><G89/><T117/><D117/><U13/><E13/><V44/><F23/><W50/><G67/><T124/><D124/><U54/><E75/><V91/><F91/><W126/><G126/><T125/><D125/><U87/><E88/><V129/><F129/><W57/><G50/><T135/><D135/><U113/><E72/><V66/><F66/><W41/><G41/><T47/><AGARI ba="0,0" hai="26,28,34,47,51,52,69,71,79,82,85,95,97,101" machi="47" ten="20,5200,0" yaku="0,1,7,1,52,1,54,1" doraHai="21" who="0" fromWho="0" sc="305,52,264,-13,77,-26,354,-13" /><INIT seed="7,0,0,4,0,41" ten="357,251,51,341" oya="3" hai0="70,76,101,51,113,133,121,130,53,0,103,21,6" hai1="86,38,42,98,59,14,67,2,71,119,134,109,11" hai2="54,45,32,3,58,37,131,25,36,12,126,39,29" hai3="122,69,114,13,40,35,132,44,7,46,77,104,95"/><W68/><G104/><T48/><D70/><U52/><E109/><V49/><F3/><W22/><G35/><T62/><D121/><U91/><E2/><V74/><F74/><W124/><G122/><T106/><D106/><U97/><E134/><V107/><F107/><W55/><G132/><T28/><D133/><U75/><E75/><V135/><F12/><W94/><G114/><T1/><D113/><U118/><E118/><V96/><F135/><W82/><G124/><T90/><D76/><U116/><E116/><V65/><F96/><W8/><G22/><T31/><D130/><U34/><E34/><V43/><F32/><W60/><G69/><T112/><D112/><U89/><E119/><V79/><F79/><W64/><G55/><T78/><D78/><U16/><E71/><V10/><F10/><W117/><G117/><T125/><D125/><U9/><E67/><V108/><F25/><W26/><G26/><N who="0" m="16463" /><D1/><U105/><E105/><V110/><F29/><W111/><G111/><T72/><D72/><U23/><E98/><V50/><F131/><W115/><G115/><T73/><D73/><U84/><E97/><V4/><F4/><W87/><G46/><T5/><D31/><U61/><E86/><V30/><F30/><W19/><G7/><N who="0" m="2571" /><D0/><U20/><E20/><V123/><F126/><W57/><G68/><T92/><D62/><U80/><REACH who="1" step="1"/><E89/><REACH who="1" ten="357,241,51,341" step="2"/><V88/><F88/><W99/><G99/><T15/><D90/><U100/><E100/><V81/><F123/><W27/><G27/><T120/><D103/><U56/><E56/><N who="2" m="32855" /><F81/><W128/><G128/><RYUUKYOKU ba="0,1" sc="357,-30,241,10,51,10,341,10" hai1="9,11,14,16,23,38,42,52,59,61,80,84,91" hai2="36,37,39,43,45,49,58,65,108,110" hai3="8,13,19,40,44,57,60,64,77,82,87,94,95" owari="327,13.0,251,-15.0,61,-44.0,361,46.0" /></mjloggm>