<mjloggm ver="2.3"><GO type="169" lobby="0"/><UN n0="%64%6F%6D%65%73%75%31%36" n1="%E3%81%84%E3%81%84%E7%AC%91%E9%A1%94" n2="%E5%B0%B1%E6%B4%BB%E7%94%9F%40%E5%B7%9D%E6%9D%91%E8%BB%8D%E5%9B%A3" n3="%E9%9D%92%E5%B1%B1%E5%AD%A6%E9%99%A2%EF%BC%94%E5%B9%B4" dan="16,17,17,16" rate="2142.69,2209.11,2166.44,2115.77" sx="M,F,M,M"/><TAIKYOKU oya="0"/><INIT seed="0,0,0,0,4,7" ten="250,250,250,250" oya="0" hai0="108,89,132,60,0,97,32,9,42,54,53,41,122" hai1="116,6,82,95,38,91,43,85,59,70,40,47,86" hai2="133,93,126,3,112,124,23,21,129,12,120,69,18" hai3="50,14,66,62,75,36,4,17,102,131,107,15,83"/><T106/><D122/><U125/><E116/><V55/><F69/><W71/><G36/><T114/><D32/><U22/><E125/><N who="2" m="48235" /><F93/><W115/><G115/><T10/><D114/><U105/><E105/><V39/><F39/><W119/><G119/><T27/><D0/><U101/><E70/><V56/><F120/><W96/><G131/><T109/><D27/><U104/><E104/><V16/><F112/><W90/><G50/><T25/><D25/><U11/><E43/><N who="0" m="16393" /><D132/><U117/><E117/><V58/><F3/><W45/><G75/><T30/><D30/><U67/><E22/><V44/><F129/><W79/><G71/><T31/><D31/><U68/><E68/><V1/><F1/><W33/><G33/><T130/><D130/><U111/><E111/><N who="0" m="42569" /><D89/><U94/><E101/><V57/><F133/><W26/><G90/><T74/><D74/><U99/><E86/><V103/><F103/><W98/><G26/><T35/><D35/><U78/><E95/><V118/><F118/><W80/><G102/><N who="0" m="62799" /><D60/><U92/><E92/><V28/><F28/><W135/><G62/><T48/><D54/><U24/><E24/><N who="2" m="14375" /><F44/><AGARI ba="0,0" hai="9,10,44,48,53" m="62799,42569,16393" machi="44" ten="30,11600,0" yaku="14,1,10,1,52,2" doraHai="7" who="0" fromWho="2" sc="250,116,250,0,250,-116,250,0" /><INIT seed="0,1,0,2,0,70" ten="366,250,134,250" oya="0" hai0="51,124,63,17,67,110,43,75,40,35,92,34,102" hai1="68,127,125,48,74,33,104,21,53,44,133,11,122" hai2="132,15,23,131,113,89,77,59,45,121,46,10,58" hai3="100,55,32,85,78,95,84,80,93,115,128,114,57"/><T109/><D75/><U31/><E33/><N who="0" m="12297" /><D51/><U52/><E74/><V12/><F121/><W79/><G32/><T107/><D107/><U65/><E104/><V103/><F113/><W36/><G128/><T19/><D102/><U26/><E122/><V2/><F132/><W61/><G36/><T13/><D92/><U47/><E133/><V8/><F131/><W6/><G6/><T119/><D119/><U76/><E76/><V24/><F2/><W135/><G135/><T116/><D116/><U134/><E134/><V25/><F103/><W41/><G41/><N who="0" m="15947" /><D13/><U28/><E28/><V106/><F106/><W49/><G49/><T27/><D27/><U42/><E53/><V3/><F3/><W129/><G129/><T60/><D67/><U54/><E11/><V118/><F118/><W37/><G37/><T86/><D86/><U69/><E65/><V91/><REACH who="2" step="1"/><F23/><REACH who="2" ten="366,250,124,250" step="2"/><W18/><G100/><T98/><D124/><N who="1" m="47691" /><E54/><V87/><F87/><W126/><G126/><T94/><D98/><U96/><E96/><V120/><F120/><W14/><G84/><T4/><D110/><U130/><E130/><V7/><F7/><W62/><G85/><T117/><D109/><U99/><E99/><V108/><F108/><W39/><G55/><T0/><D4/><U64/><E64/><V73/><F73/><W16/><G95/><T66/><D94/><U83/><E83/><V22/><F22/><W29/><G80/><T5/><D66/><U30/><E31/><V72/><F72/><W38/><G29/><T105/><D117/><U101/><E101/><V82/><F82/><RYUUKYOKU ba="1,1" sc="366,-15,250,15,124,15,250,-15" hai1="21,26,30,42,44,47,48,52,68,69" hai2="8,10,12,15,24,25,45,46,58,59,77,89,91" /><INIT seed="1,2,1,1,2,2" ten="351,265,139,235" oya="1" hai0="122,48,74,98,61,11,79,101,91,57,60,26,118" hai1="116,88,18,92,6,80,87,19,65,47,81,115,128" hai2="78,93,8,71,103,127,55,113,133,119,117,112,29" hai3="3,64,108,7,109,84,1,121,134,132,32,51,16"/><U5/><E115/><N who="2" m="44107" /><F71/><W94/><G32/><T68/><D118/><N who="2" m="45066" /><F55/><W125/><G121/><T120/><D91/><U20/><E128/><V69/><F69/><W96/><G125/><T100/><D48/><U56/><E116/><V9/><F78/><W40/><G64/><T58/><D68/><U34/><E34/><V50/><F50/><W41/><G84/><T27/><D11/><N who="2" m="4170" /><F103/><W4/><G16/><N who="1" m="6186" /><E20/><V105/><F105/><W76/><G76/><T67/><D79/><U70/><E70/><V82/><F82/><N who="1" m="31849" /><E47/><V77/><F77/><W86/><G86/><T46/><D46/><U63/><AGARI ba="2,1" hai="5,6,56,63,65,87,88,92" m="31849,6186" machi="63" ten="30,12000,1" yaku="8,1,52,2,54,2" doraHai="2" who="1" fromWho="1" sc="351,-42,265,136,139,-42,235,-42" /><INIT seed="1,3,0,3,3,116" ten="309,401,97,193" oya="1" hai0="73,40,46,45,47,113,12,54,39,4,86,56,120" hai1="114,106,126,72,81,69,70,55,28,124,97,36,23" hai2="133,87,83,71,130,107,119,100,49,76,102,19,95" hai3="62,74,134,34,85,75,109,53,51,24,135,31,66"/><U79/><E114/><V60/><F119/><W25/><G109/><T125/><D113/><U61/><E36/><V30/><F130/><W84/><G25/><T41/><D73/><N who="3" m="27657" /><G53/><T16/><D4/><U18/><E28/><V1/><F133/><N who="3" m="50699" /><G51/><T38/><D86/><U63/><E97/><V92/><F1/><W67/><G67/><T96/><D96/><U15/><E106/><V37/><F37/><W20/><G20/><T108/><D108/><U82/><E81/><V44/><F30/><W0/><G0/><T57/><D125/><N who="1" m="48235" /><E61/><V122/><F122/><W50/><G50/><T121/><D54/><U93/><E93/><V2/><F2/><W32/><G32/><T88/><D12/><U89/><E89/><V64/><F19/><W131/><G131/><T123/><D88/><U78/><E78/><V77/><F77/><W80/><G80/><T29/><D29/><U43/><E43/><N who="0" m="16457" /><D16/><U22/><E23/><V111/><F111/><W52/><G52/><T98/><D98/><U59/><AGARI ba="3,0" hai="15,18,22,55,59,63,69,70,72,79,82" m="48235" machi="59" ten="30,1500,0" yaku="18,1" doraHai="116" who="1" fromWho="1" sc="309,-8,401,24,97,-8,193,-8" /><INIT seed="1,4,0,0,1,43" ten="301,425,89,185" oya="1" hai0="89,19,33,81,94,42,118,124,40,113,35,74,30" hai1="23,51,55,2,47,75,82,68,73,11,69,48,76" hai2="15,29,59,25,8,49,27,122,44,125,72,31,90" hai3="46,16,64,120,127,52,38,12,7,130,97,0,132"/><U79/><E23/><V98/><F72/><W135/><G120/><T84/><D118/><U9/><E2/><V110/><F122/><W95/><G64/><T24/><D113/><U53/><REACH who="1" step="1"/><E82/><REACH who="1" ten="301,415,89,185" step="2"/><V134/><F134/><W20/><G0/><T18/><D33/><U93/><E93/><V119/><F119/><W17/><G20/><T123/><D123/><U21/><E21/><V37/><F125/><W133/><G127/><T85/><D124/><U1/><E1/><V83/><F110/><W105/><G105/><T58/><D94/><U41/><E41/><V34/><F83/><W112/><G112/><T121/><D121/><U101/><E101/><V28/><F34/><W128/><G38/><T67/><D35/><U116/><E116/><V115/><F37/><W66/><G95/><T14/><D81/><U131/><E131/><V13/><F115/><W71/><G130/><T45/><D42/><U62/><E62/><V3/><F3/><W80/><G128/><T129/><D40/><U107/><E107/><V56/><F8/><N who="3" m="4127" /><G80/><T108/><D129/><U63/><E63/><V126/><F126/><W117/><G117/><T26/><D74/><U87/><E87/><V57/><F27/><W103/><G103/><T50/><D26/><U92/><E92/><N who="2" m="56599" /><F25/><W6/><G97/><T102/><D24/><U22/><E22/><V54/><AGARI ba="4,1" hai="13,15,28,29,31,44,49,54,56,57,59" m="56599" machi="54" ten="30,2000,0" yaku="8,1,52,1" doraHai="43" who="2" fromWho="2" sc="301,-9,415,-14,89,42,185,-9" /><INIT seed="2,0,0,4,5,73" ten="292,401,131,176" oya="2" hai0="126,68,0,10,52,64,11,105,55,47,62,18,89" hai1="31,131,58,132,86,78,53,14,70,101,9,44,4" hai2="104,12,61,107,13,72,130,114,22,112,98,45,63" hai3="50,96,26,77,74,87,90,5,33,93,133,7,79"/><V92/><F72/><W85/><G133/><T15/><D105/><U65/><E131/><V67/><F130/><W128/><G128/><T100/><D100/><U43/><E132/><V88/><F104/><W129/><G129/><T135/><D126/><U121/><E101/><V125/><F125/><W6/><G74/><T123/><D135/><U23/><E121/><V57/><F107/><W120/><G120/><T95/><D123/><U41/><E70/><V84/><F63/><W122/><G122/><T30/><D30/><U8/><E8/><V28/><F45/><W103/><G33/><T20/><D47/><U39/><E43/><V16/><F28/><W110/><G110/><T19/><D10/><U37/><E65/><V59/><F59/><W42/><G26/><T17/><D0/><U38/><E23/><V80/><REACH who="2" step="1"/><F12/><REACH who="2" ten="292,401,121,176" step="2"/><W24/><G24/><T56/><D68/><U83/><E31/><V111/><F111/><W25/><G25/><T3/><D3/><U118/><E118/><V115/><F115/><W94/><G85/><N who="0" m="52655" /><D20/><U99/><E99/><V21/><F21/><W60/><G60/><AGARI ba="0,1" hai="4,9,14,37,38,39,41,44,53,58,60,78,83,86" machi="60" ten="30,2000,0" yaku="7,1,52,1" doraHai="73" who="1" fromWho="3" sc="292,0,401,30,121,0,176,-20" /><INIT seed="3,0,0,1,3,135" ten="292,431,121,156" oya="3" hai0="80,34,54,35,30,113,105,133,58,94,82,106,98" hai1="116,46,7,0,131,81,19,108,33,64,100,27,9" hai2="95,42,43,55,14,115,127,60,40,28,76,96,134" hai3="31,24,37,1,52,78,59,20,88,51,111,62,21"/><W110/><G37/><T118/><D133/><U74/><E108/><N who="3" m="41514" /><G1/><T102/><D113/><U114/><E114/><V90/><F134/><W66/><G78/><T77/><D82/><U29/><E131/><V25/><F115/><W50/><G20/><T22/><D105/><U117/><E64/><V119/><F119/><W67/><G67/><T71/><D118/><N who="1" m="45675" /><E100/><V85/><F127/><W2/><G2/><T107/><D107/><U68/><E68/><V57/><F14/><W16/><G88/><T26/><D71/><U3/><E46/><V91/><F76/><W130/><G130/><T4/><D4/><U122/><E122/><V93/><REACH who="2" step="1"/><F43/><REACH who="2" ten="292,431,111,156" step="2"/><W109/><N who="3" m="41522" /><W121/><DORA hai="53" /><G121/><T8/><D77/><N who="1" m="44215" /><E0/><V41/><F41/><W103/><G103/><T89/><D102/><U10/><E10/><V70/><F70/><N who="3" m="42327" /><G50/><T23/><D8/><U132/><E132/><V112/><F112/><W69/><G69/><T49/><D106/><U5/><E3/><V32/><AGARI ba="0,1" hai="25,28,32,40,42,55,57,60,85,90,91,93,95,96" machi="32" ten="20,5200,0" yaku="1,1,0,1,7,1,52,1,53,0" doraHai="135,53" doraHaiUra="61,124" who="2" fromWho="2" sc="292,-13,431,-13,111,62,156,-26" /><INIT seed="4,0,0,3,5,1" ten="279,418,173,130" oya="0" hai0="106,55,130,98,24,35,48,58,41,5,61,50,111" hai1="71,20,100,117,95,43,26,21,78,88,119,8,33" hai2="124,31,99,110,83,69,103,29,126,32,133,91,63" hai3="128,15,116,3,94,27,51,22,115,2,105,47,36"/><T86/><D111/><U16/><E33/><V96/><F110/><W72/><G105/><T60/><D130/><U57/><E71/><V66/><F133/><W45/><G72/><T73/><D73/><U97/><E78/><V39/><F39/><W90/><G116/><T134/><D134/><U67/><E43/><V104/><F31/><W38/><G115/><T81/><D35/><U25/><E8/><V0/><F0/><W129/><G15/><T135/><D135/><U123/><E123/><V49/><F49/><W121/><G121/><T114/><D114/><U132/><E132/><V82/><F96/><W79/><G79/><T68/><D24/><U127/><E127/><V12/><F12/><W102/><G102/><T52/><D41/><U93/><E57/><V17/><F17/><W108/><G108/><T89/><D68/><U84/><E67/><V76/><F91/><W74/><G74/><T34/><D34/><U92/><E95/><V28/><F28/><AGARI ba="0,0" hai="16,20,21,25,26,28,84,88,92,93,97,100,117,119" machi="28" ten="30,3900,0" yaku="7,1,54,2" doraHai="1" who="1" fromWho="2" sc="279,0,418,39,173,-39,130,0" /><INIT seed="5,0,0,1,0,88" ten="279,457,134,130" oya="1" hai0="27,114,77,20,78,82,5,32,40,39,30,106,62" hai1="60,126,21,4,118,127,116,111,12,25,110,133,63" hai2="6,16,29,26,85,80,99,33,108,42,44,129,72" hai3="57,15,134,119,107,97,49,128,100,59,103,132,7"/><U66/><E66/><V68/><F108/><N who="1" m="41513" /><E63/><V41/><F129/><W124/><G128/><T84/><D106/><U74/><E60/><V102/><F72/><W61/><G103/><T1/><D114/><U117/><E74/><V54/><F68/><W9/><G124/><N who="1" m="47658" /><E133/><N who="3" m="51306" /><G119/><T73/><D62/><U35/><E35/><V58/><F6/><W38/><G38/><T10/><D20/><U123/><E123/><V37/><F42/><W36/><G36/><T34/><D34/><U52/><E52/><V120/><F120/><W105/><G49/><T76/><D84/><U67/><E67/><V93/><F16/><W109/><G109/><T8/><D8/><N who="1" m="4103" /><E118/><V0/><F0/><W65/><G107/><T22/><D32/><U90/><E90/><V112/><F112/><W45/><G45/><AGARI ba="0,0" hai="1,5,10,22,27,30,39,40,45,73,76,77,78,82" machi="45" ten="40,2600,0" yaku="25,2" doraHai="88" who="0" fromWho="3" sc="279,26,457,0,134,0,130,-26" /><INIT seed="6,0,0,0,1,57" ten="305,457,134,104" oya="2" hai0="29,84,94,12,103,25,6,107,68,82,75,79,73" hai1="92,86,52,90,40,23,83,15,45,19,63,31,100" hai2="97,41,35,37,74,39,27,4,55,93,43,77,95" hai3="13,109,129,21,111,17,33,118,101,14,28,51,132"/><V56/><F4/><W99/><G118/><T131/><D68/><U11/><E100/><V98/><F77/><W20/><G129/><T50/><D131/><U59/><E92/><V130/><F130/><W60/><G132/><T91/><D6/><U104/><E104/><V117/><F117/><W10/><G33/><T126/><D12/><U8/><E31/><V47/><F74/><W3/><G3/><T32/><D126/><U87/><REACH who="1" step="1"/><E86/><REACH who="1" ten="305,447,134,104" step="2"/><V5/><F95/><W49/><G111/><T53/><D75/><U102/><E102/><V64/><F93/><W18/><G109/><T135/><D103/><U81/><E81/><V78/><F97/><W120/><G120/><T34/><D107/><U67/><E67/><V66/><F98/><W30/><G101/><T61/><D94/><U62/><E62/><V71/><F66/><W72/><G72/><T122/><D61/><U38/><AGARI ba="0,1" hai="8,11,15,19,23,38,40,45,52,59,63,83,87,90" machi="38" ten="20,8000,1" yaku="1,1,0,1,7,1,52,1,54,1,53,0" doraHai="57" doraHaiUra="114" who="1" fromWho="1" sc="305,-20,447,90,134,-40,104,-20" /><INIT seed="7,0,0,1,5,36" ten="285,537,94,84" oya="3" hai0="89,39,65,3,32,86,16,69,74,107,18,59,22" hai1="1,133,115,50,73,60,45,127,40,67,64,11,7" hai2="62,105,27,63,119,102,126,37,8,42,93,56,78" hai3="92,91,10,101,28,130,34,106,125,108,87,0,29"/><W84/><G125/><T58/><D39/><U23/><E127/><V47/><F105/><W123/><G123/><T116/><D107/><U100/><E73/><V17/><F126/><W25/><G28/><T43/><D74/><U111/><E111/><V54/><F119/><W99/><G130/><T2/><D3/><U35/><E35/><V129/><F129/><W109/><REACH who="3" step="1"/><G87/><REACH who="3" ten="285,537,94,74" step="2"/><T90/><D86/><U20/><E115/><V48/><F78/><W135/><G135/><T95/><D116/><U66/><E133/><V128/><F128/><W83/><G83/><T15/><D32/><U103/><E60/><N who="2" m="35863" /><F37/><W68/><G68/><T80/><D69/><U110/><E110/><V49/><F49/><W131/><G131/><T132/><D132/><U113/><E113/><V96/><F8/><W33/><G33/><T94/><D22/><AGARI ba="0,1" hai="17,22,27,42,47,48,62,63,93,96,102" m="35863" machi="22" ten="30,2000,0" yaku="8,1,52,1" doraHai="36" who="2" fromWho="0" sc="285,-20,537,0,94,30,74,0" owari="265,7.0,537,64.0,124,-28.0,74,-43.0" /></mjloggm>