<mjloggm ver="2.3"><GO type="169" lobby="0"/><UN n0="%E5%86%A5%E5%9C%9F%E3%81%AE%E3%83%AF%E3%83%8B%E8%94%B5" n1="%E3%81%B5%E3%81%8F%E3%82%84%E3%82%93" n2="%E5%B0%B1%E6%B4%BB%E7%94%9F%40%E5%B7%9D%E6%9D%91%E8%BB%8D%E5%9B%A3" n3="%E7%B5%B6%E5%AF%BE%E4%B9%B1%E8%88%9E" dan="17,16,17,17" rate="2129.28,2137.10,2177.88,2105.92" sx="M,M,M,M"/><TAIKYOKU oya="0"/><INIT seed="0,0,0,1,1,23" ten="250,250,250,250" oya="0" hai0="69,119,42,18,135,55,24,125,122,107,128,111,112" hai1="104,17,105,65,13,38,49,46,116,61,134,39,123" hai2="27,87,85,130,76,21,71,70,14,68,131,121,48" hai3="20,102,2,83,120,114,99,81,117,67,59,113,62"/><T47/><RYUUKYOKU type="yao9" ba="0,0" sc="250,0,250,0,250,0,250,0" hai0="18,24,42,47,55,69,107,111,112,119,122,125,128,135" /><INIT seed="0,1,0,0,5,37" ten="250,250,250,250" oya="0" hai0="90,93,124,46,54,29,94,120,67,96,43,114,73" hai1="53,133,24,0,25,32,111,28,110,23,78,5,132" hai2="92,12,48,36,82,121,84,85,80,14,4,130,87" hai3="40,18,16,17,97,112,3,61,95,126,79,113,106"/><T26/><D120/><U135/><E78/><V81/><F36/><W83/><G3/><T19/><D114/><U15/><E53/><V69/><F121/><W8/><G106/><T63/><D73/><U100/><E100/><V45/><F69/><W123/><G123/><T44/><D124/><U98/><E98/><V7/><F130/><W13/><G126/><T122/><D122/><U11/><REACH who="1" step="1"/><E0/><REACH who="1" ten="250,240,250,250" step="2"/><V30/><F30/><AGARI ba="1,1" hai="5,11,15,23,24,25,28,30,32,110,111,132,133,135" machi="30" ten="50,12000,2" yaku="1,1,2,1,20,1,34,3,53,1" doraHai="37" doraHaiUra="10" who="1" fromWho="2" sc="250,0,240,133,250,-123,250,0" /><INIT seed="1,0,0,4,5,82" ten="250,373,127,250" oya="1" hai0="26,89,49,68,110,21,130,48,75,9,86,77,47" hai1="128,97,114,88,92,90,105,71,65,35,125,30,0" hai2="37,93,25,80,7,44,116,119,18,70,106,2,50" hai3="36,74,10,24,87,103,53,27,107,91,64,134,12"/><U123/><E0/><V126/><F126/><W117/><G36/><T95/><D110/><U115/><E123/><V42/><F106/><W33/><G74/><T15/><D68/><U129/><E35/><V56/><F70/><W51/><G87/><T16/><D130/><N who="1" m="50283" /><E30/><V57/><F18/><W99/><G64/><T62/><D62/><N who="1" m="40375" /><E105/><V135/><F135/><W73/><G73/><T43/><D75/><U28/><E28/><V109/><F109/><W122/><G122/><T22/><D77/><U41/><E41/><V104/><F104/><W34/><G33/><T1/><D1/><U113/><E125/><V29/><F7/><W102/><G34/><T133/><D133/><U78/><E78/><V127/><F2/><W76/><G76/><T101/><D101/><AGARI ba="0,0" hai="88,90,92,97,101,113,114,115" m="40375,50283" machi="101" ten="40,3900,0" yaku="19,1,54,1" doraHai="82" who="1" fromWho="0" sc="250,-39,373,39,127,0,250,0" /><INIT seed="1,1,0,2,2,120" ten="211,412,127,250" oya="1" hai0="42,66,64,90,79,62,26,104,6,123,37,98,31" hai1="14,92,13,35,69,133,105,108,17,25,129,115,109" hai2="39,45,61,57,76,111,29,67,119,127,100,71,126" hai3="22,12,131,9,77,36,74,3,20,114,88,40,1"/><U47/><E105/><V83/><F29/><W86/><G114/><T7/><D123/><U101/><E69/><V72/><F119/><W56/><G77/><T54/><D79/><U2/><E2/><V89/><F89/><W48/><G74/><T106/><D64/><U135/><E47/><V95/><F95/><W110/><G36/><T113/><D54/><U24/><E115/><V112/><F112/><W122/><G122/><T116/><D116/><U11/><E129/><V99/><F57/><W4/><G131/><T44/><D113/><U16/><E92/><V5/><F5/><W63/><G48/><T43/><D43/><U53/><E53/><V15/><F15/><W91/><G40/><T38/><D38/><U28/><E25/><V30/><F30/><W81/><G91/><T41/><D41/><U132/><E101/><V125/><F45/><W121/><G121/><T49/><D37/><U18/><E18/><V107/><F39/><W58/><G58/><T55/><D42/><U10/><AGARI ba="1,0" hai="10,11,13,14,16,17,24,28,35,108,109,132,133,135" machi="10" ten="40,24000,3" yaku="0,1,9,1,20,1,34,3,52,2,54,1" doraHai="120" who="1" fromWho="1" sc="211,-81,412,243,127,-81,250,-81" /><INIT seed="1,2,0,0,4,21" ten="130,655,46,169" oya="1" hai0="34,60,123,48,107,2,29,134,74,131,114,9,117" hai1="59,31,126,58,109,39,1,121,42,56,30,111,36" hai2="119,63,132,70,25,62,17,41,129,124,64,11,102" hai3="110,95,66,73,47,101,61,87,125,7,103,13,83"/><U81/><E1/><V46/><F119/><W84/><G110/><N who="1" m="41994" /><E121/><V97/><F129/><W90/><G125/><T15/><D48/><U52/><E126/><V35/><F124/><W106/><G73/><T27/><D60/><U68/><E81/><V122/><F122/><W14/><G106/><T78/><D78/><U51/><E68/><V113/><F113/><W133/><G133/><T79/><D79/><U115/><E115/><V40/><F132/><W49/><G101/><T85/><D85/><U50/><E30/><N who="2" m="19919" /><F62/><W89/><G103/><T88/><D114/><U104/><E31/><V118/><F118/><W0/><G0/><T19/><D2/><U5/><E5/><V86/><F86/><W135/><G7/><T23/><D123/><U32/><E32/><V116/><F116/><W96/><G84/><T16/><D74/><U130/><E104/><N who="2" m="63567" /><F46/><W105/><G105/><T26/><D107/><U20/><E130/><V92/><F92/><W98/><G98/><T6/><D131/><U65/><E65/><V44/><F44/><W76/><G90/><T100/><D88/><U67/><E67/><V112/><F112/><W54/><REACH who="3" step="1"/><G135/><REACH who="3" ten="130,655,46,159" step="2"/><T8/><D100/><U10/><E20/><V77/><F77/><W127/><G127/><T91/><D91/><U38/><E10/><V108/><F108/><W57/><AGARI ba="2,1" hai="13,14,47,49,54,57,61,66,76,83,87,89,95,96" machi="57" ten="20,5200,0" yaku="1,1,0,1,7,1,8,1,53,0" doraHai="21" doraHaiUra="4" who="3" fromWho="3" sc="130,-15,655,-28,46,-15,159,68" /><INIT seed="2,0,0,0,0,127" ten="115,627,31,227" oya="2" hai0="56,106,74,89,114,95,40,7,64,86,128,55,90" hai1="100,39,63,27,25,3,54,50,31,105,80,76,44" hai2="79,82,71,60,122,92,13,15,83,132,10,68,26" hai3="14,96,78,123,67,99,9,32,120,87,28,84,16"/><V125/><F122/><W110/><G110/><T109/><D109/><U72/><E3/><V37/><F125/><W57/><G32/><T133/><D74/><U102/><E105/><V33/><F37/><W101/><G28/><T6/><D106/><U115/><E115/><V51/><F132/><W130/><G99/><T126/><D126/><U85/><E72/><V22/><F33/><W121/><G78/><T5/><D114/><U66/><E39/><V97/><F68/><W134/><G134/><T117/><D117/><U81/><E81/><N who="2" m="30731" /><F71/><W20/><G9/><T2/><D2/><U41/><E41/><V94/><F79/><W8/><G8/><T35/><D35/><U19/><E19/><N who="2" m="12639" /><F60/><W119/><G119/><T48/><D40/><U65/><E63/><V107/><F107/><W0/><G0/><T61/><D133/><U43/><E43/><V118/><F118/><W12/><G123/><T103/><D103/><N who="1" m="39467" /><E27/><V93/><F51/><W91/><G120/><T73/><D90/><U45/><E45/><V58/><F58/><W62/><G121/><T36/><D73/><U77/><E77/><V129/><F129/><W104/><G130/><T29/><D36/><U24/><E24/><V111/><F111/><W116/><G116/><T88/><D128/><U46/><E46/><V124/><F124/><W47/><G47/><N who="0" m="28063" /><D89/><U59/><E44/><V11/><F97/><W17/><G91/><T98/><D29/><U131/><E131/><V52/><F52/><W38/><G38/><T53/><D53/><U75/><E75/><V69/><F69/><W21/><AGARI ba="0,0" hai="12,14,16,17,20,21,57,62,67,84,87,96,101,104" machi="21" ten="20,8000,1" yaku="5,1,0,1,7,1,9,1,54,1" doraHai="127" who="3" fromWho="3" sc="115,-20,627,-20,31,-40,227,80" owari="95,-30.0,607,70.0,-9,-51.0,307,11.0" /></mjloggm>