<mjloggm ver="2.3"><GO type="233" lobby="0"/><UN n0="%E3%83%8B%E3%83%A3%E3%83%83%E3%83%94%E3%83%BC%E5%A4%8F%E7%9B%AE" n1="%E6%B4%BE%E9%81%A3%E3%81%AE%E3%82%B8%E3%83%A3%E3%83%83%E3%82%AF" n2="%E3%83%AA%E3%83%81%E3%83%A3%21%21" n3="%E3%82%A6%E3%83%AB%E3%83%88%E3%83%A9%E7%AB%8B%E7%9B%B4" dan="18,16,18,18" rate="2220.80,2148.30,2243.36,2246.48" sx="M,M,M,M"/><TAIKYOKU oya="0"/><INIT seed="0,0,0,3,4,77" ten="250,250,250,250" oya="0" hai0="78,94,120,73,100,93,74,6,34,43,9,121,84" hai1="3,95,4,36,20,68,45,2,15,16,24,119,39" hai2="92,35,108,83,32,131,5,127,38,116,133,21,17" hai3="26,54,56,58,13,99,22,65,129,72,110,111,122"/><T14/><D34/><U40/><E68/><V37/><F108/><N who="3" m="41515" /><G72/><T85/><D43/><U79/><E119/><V12/><F92/><W50/><G129/><T8/><D78/><U125/><E36/><V98/><F116/><W109/><G109/><T135/><D14/><U132/><E132/><V60/><F98/><W67/><G122/><T117/><D117/><U75/><E125/><V51/><F60/><W25/><G99/><T89/><D6/><U105/><E105/><V107/><F21/><W86/><G86/><T69/><D69/><U103/><E95/><V18/><F17/><N who="3" m="10543" /><G56/><T87/><D87/><U64/><E103/><V104/><F104/><W70/><G70/><T81/><D100/><U31/><E4/><V90/><F51/><W61/><G61/><T115/><D89/><U42/><E42/><V101/><F18/><W62/><G62/><T63/><D63/><U0/><E64/><AGARI ba="0,0" hai="25,26,50,54,58,64,65,67" m="10543,41515" machi="64" ten="30,1000,0" yaku="14,1" doraHai="77" who="3" fromWho="1" sc="250,0,250,-10,250,0,250,10" /><INIT seed="1,0,0,2,0,23" ten="250,240,250,260" oya="1" hai0="38,3,16,29,48,105,130,72,25,7,0,31,14" hai1="78,56,120,6,125,4,118,18,107,39,71,121,123" hai2="79,11,82,65,115,51,110,114,74,26,134,42,80" hai3="10,37,57,46,70,98,90,127,59,99,47,92,63"/><U27/><E71/><V135/><F65/><W55/><G127/><T75/><D38/><U67/><E107/><V50/><F110/><W109/><G109/><T36/><D36/><U34/><E118/><V68/><F68/><W87/><G70/><T45/><D105/><U13/><E39/><V85/><F11/><W111/><G111/><T89/><D130/><U101/><E101/><V40/><F26/><W83/><G37/><T28/><D89/><U15/><E125/><V119/><F119/><W43/><G43/><N who="2" m="16425" /><F50/><W116/><G116/><T112/><D112/><N who="2" m="43050" /><F51/><N who="3" m="30975" /><G10/><T12/><D0/><U69/><E69/><V132/><F80/><W128/><G128/><T81/><D81/><U124/><E124/><V1/><F1/><W108/><G108/><T24/><D3/><U131/><E131/><V104/><F104/><W126/><G126/><T32/><D32/><U30/><E67/><V52/><F52/><N who="3" m="34279" /><G99/><T5/><D48/><U86/><E56/><V129/><F129/><W19/><G19/><T41/><D41/><U76/><E13/><V22/><F22/><W35/><G35/><T60/><D60/><U49/><E49/><V17/><F17/><W95/><G95/><T91/><D31/><U100/><E120/><V61/><F61/><W113/><G113/><T33/><D33/><U84/><E121/><V58/><F58/><W77/><AGARI ba="0,0" hai="46,47,77,83,87,90,92,98" m="34279,30975" machi="77" ten="30,2000,0" yaku="8,1,54,1" doraHai="23" who="3" fromWho="3" sc="250,-5,240,-10,250,-5,260,20" /><INIT seed="2,0,0,1,5,20" ten="245,230,245,280" oya="2" hai0="63,24,1,127,103,121,66,81,134,35,23,92,21" hai1="12,55,98,2,99,97,33,111,14,45,3,112,132" hai2="69,114,11,74,38,15,67,90,17,82,8,86,28" hai3="49,125,32,110,96,83,50,102,52,62,118,94,51"/><V54/><F114/><W73/><G118/><T9/><D121/><U117/><E117/><V123/><F123/><W47/><G32/><T68/><D134/><U80/><E112/><V105/><F38/><W41/><G110/><T88/><D127/><U107/><E107/><V60/><F105/><W13/><G125/><T37/><D37/><U78/><E111/><V95/><F28/><W40/><G40/><T48/><D103/><U119/><E119/><V16/><F54/><W6/><G83/><T128/><D81/><U122/><E122/><V79/><REACH who="2" step="1"/><F8/><REACH who="2" ten="245,230,235,280" step="2"/><N who="3" m="4247" /><G73/><T46/><D9/><U70/><E55/><V30/><F30/><W26/><G41/><T131/><D128/><U58/><E132/><V126/><F126/><W64/><G64/><T53/><D131/><U34/><E34/><V89/><F89/><W113/><G113/><T84/><D35/><U65/><E33/><V59/><F59/><N who="3" m="35175" /><G47/><T115/><D115/><U75/><E45/><V42/><F42/><W135/><G135/><T44/><D44/><U129/><E129/><V10/><F10/><W72/><G72/><T130/><D130/><U25/><E75/><V0/><F0/><W22/><G50/><T91/><D1/><U4/><E2/><V57/><F57/><W5/><G5/><AGARI ba="0,1" hai="5,11,15,16,17,60,67,69,74,79,82,86,90,95" machi="5" ten="30,11600,0" yaku="1,1,7,1,54,1,53,1" doraHai="20" doraHaiUra="76" who="2" fromWho="3" sc="245,0,230,0,235,126,280,-116" /><INIT seed="2,1,0,0,5,81" ten="245,230,361,164" oya="2" hai0="32,125,0,35,114,45,94,71,15,122,8,47,75" hai1="40,85,62,84,130,39,102,36,95,54,42,43,51" hai2="87,115,31,7,64,117,113,120,20,78,103,134,69" hai3="80,97,37,53,110,68,76,86,61,124,9,48,74"/><V98/><F120/><W133/><G37/><T99/><D114/><U83/><E130/><V92/><F117/><W21/><G110/><T4/><D122/><U88/><E62/><V132/><F7/><W11/><G124/><T34/><D125/><U55/><E55/><V1/><F1/><W38/><G38/><T106/><D106/><U66/><E66/><V59/><F69/><W89/><G133/><N who="2" m="51305" /><F20/><W90/><G97/><T24/><D71/><U60/><E60/><N who="2" m="37919" /><F31/><W109/><G109/><T63/><D0/><U26/><E26/><V116/><F116/><W67/><G21/><T112/><D112/><U5/><E5/><V91/><F78/><W17/><G17/><T14/><D24/><U50/><E102/><V28/><F28/><W22/><G22/><T100/><D15/><U107/><E107/><AGARI ba="1,0" hai="87,91,92,98,103,107,113,115" m="37919,51305" machi="107" ten="30,2900,0" yaku="20,1,52,1" doraHai="81" who="2" fromWho="1" sc="245,0,230,-32,361,32,164,0" /><INIT seed="2,2,0,3,2,48" ten="245,198,393,164" oya="2" hai0="112,104,92,12,117,14,3,52,69,42,100,109,84" hai1="18,96,23,88,123,106,102,124,51,10,134,21,62" hai2="130,95,110,83,34,81,77,99,128,78,4,2,118" hai3="35,59,46,94,79,25,33,39,72,15,86,111,19"/><V107/><F34/><W98/><G111/><T40/><D112/><U53/><E124/><V101/><F4/><W131/><G131/><N who="2" m="50217" /><F2/><W71/><G71/><T64/><D3/><U74/><E74/><N who="2" m="43191" /><F118/><W1/><G1/><T6/><D69/><U7/><E134/><V126/><F126/><W89/><G72/><T29/><D64/><U103/><E123/><V114/><F114/><W113/><G25/><T119/><D109/><U54/><E103/><V0/><F0/><W43/><G113/><T65/><D65/><U47/><E18/><V97/><F110/><W90/><G59/><T28/><D119/><U22/><E88/><N who="2" m="55527" /><F83/><W20/><G79/><AGARI ba="2,0" hai="78,79,99,101,107" m="55527,43191,50217" machi="79" ten="30,11600,0" yaku="19,1,34,2,54,1" doraHai="48" who="2" fromWho="3" sc="245,0,198,0,393,122,164,-122" /><INIT seed="2,3,0,5,3,98" ten="245,198,515,42" oya="2" hai0="55,128,119,52,123,118,42,99,81,23,29,73,50" hai1="100,77,125,5,113,26,63,80,95,83,57,34,78" hai2="27,85,2,54,68,41,105,17,87,90,18,94,53" hai3="129,49,102,28,51,19,22,33,76,134,65,74,69"/><V82/><F68/><W127/><G127/><T92/><D123/><U135/><E113/><V112/><F105/><W36/><G36/><T0/><D0/><U84/><E125/><V117/><F2/><W89/><G129/><T64/><D64/><U62/><E135/><V67/><F112/><W75/><G134/><T131/><D42/><U104/><E104/><V4/><F4/><W107/><G89/><T46/><D55/><U39/><E39/><V71/><F41/><W88/><G88/><N who="0" m="55687" /><D29/><U121/><E121/><V7/><F7/><W43/><G76/><N who="0" m="44175" /><D23/><U115/><E115/><V47/><F27/><N who="3" m="18591" /><G43/><T45/><D45/><U130/><E26/><V72/><F47/><W114/><G51/><T110/><D110/><U13/><E57/><V103/><F67/><W86/><G49/><T40/><D40/><U12/><E62/><V96/><F71/><W1/><G1/><T48/><D48/><U91/><E63/><V101/><F54/><W14/><G114/><T109/><D109/><U124/><E124/><V132/><F53/><W60/><G86/><T16/><D16/><U31/><E84/><V8/><F87/><W10/><G10/><T30/><D30/><U56/><E31/><V116/><F132/><W122/><G122/><T108/><D108/><U126/><E126/><V70/><F70/><W59/><G59/><T38/><D38/><U58/><E58/><V35/><F35/><W120/><G120/><T93/><D93/><U111/><E95/><V25/><F94/><W133/><G133/><T66/><D66/><U3/><E3/><V6/><F85/><RYUUKYOKU ba="3,0" sc="245,15,198,-15,515,-15,42,15" hai0="46,50,52,118,119,128,131" hai3="14,19,22,60,65,69,74,75,102,107" /><INIT seed="3,4,0,4,5,88" ten="260,183,500,57" oya="3" hai0="53,66,130,62,34,47,64,114,101,14,63,110,45" hai1="74,58,40,57,0,128,3,102,115,99,91,75,4" hai2="61,108,2,41,68,126,49,1,78,20,18,10,129" hai3="15,9,79,116,29,94,109,59,36,6,89,133,43"/><W11/><G116/><T83/><D34/><U17/><E115/><V125/><F108/><W100/><G109/><T124/><D110/><U48/><E128/><V25/><F129/><W132/><G79/><T119/><D119/><U81/><E17/><V76/><F49/><W107/><G29/><T52/><D130/><U30/><E30/><V32/><F41/><W131/><G131/><T73/><D73/><U60/><E91/><V16/><F32/><W82/><G82/><T118/><D118/><U56/><E60/><N who="0" m="23081" /><D101/><U127/><E127/><N who="2" m="48651" /><F18/><N who="3" m="8559" /><G59/><T51/><D124/><U98/><E81/><V85/><F85/><N who="3" m="52527" /><G100/><T69/><D83/><U113/><E102/><V38/><F38/><W31/><G107/><T7/><D114/><U84/><E56/><V44/><F44/><W121/><G121/><T28/><D28/><U122/><E122/><V23/><F23/><W104/><G31/><T111/><D111/><U97/><E74/><V27/><F27/><W26/><G26/><T123/><D123/><U8/><E75/><V105/><F105/><W70/><G70/><T42/><D69/><U96/><E113/><V50/><F76/><W135/><G104/><T86/><D47/><N who="1" m="25703" /><E0/><V103/><F78/><W87/><G36/><T106/><D106/><U21/><N who="1" m="24576" /><DORA hai="67" /><U5/><E21/><V65/><F103/><W35/><G35/><T134/><D45/><U72/><E72/><V33/><F33/><W13/><G43/><T93/><D42/><U37/><E37/><V12/><F1/><W95/><G135/><T22/><D134/><U55/><E3/><V46/><F2/><RYUUKYOKU ba="4,0" sc="260,-10,183,-10,500,-10,57,30" hai3="6,11,13,87,95,132,133" /><INIT seed="3,5,0,1,3,3" ten="250,173,490,87" oya="3" hai0="110,100,103,81,51,135,26,124,72,96,99,14,37" hai1="67,43,34,6,24,8,121,38,47,65,49,9,116" hai2="68,11,5,36,90,78,41,62,98,111,75,39,4" hai3="25,48,130,128,101,7,102,88,60,53,106,119,66"/><W80/><G119/><T70/><D37/><U55/><E121/><V92/><F111/><W84/><G25/><T123/><D70/><U1/><E116/><V73/><F4/><W23/><G23/><T40/><D123/><U12/><E24/><V76/><F76/><W58/><G7/><T109/><D26/><U35/><E35/><V18/><F18/><W126/><G126/><T127/><D135/><U113/><E113/><V57/><F68/><W44/><REACH who="3" step="1"/><G106/><REACH who="3" ten="250,173,490,77" step="2"/><T27/><D27/><U120/><E34/><V63/><F5/><W50/><G50/><T125/><D51/><U45/><E120/><V31/><F39/><W133/><G133/><T117/><D117/><U61/><E61/><V21/><F36/><W93/><G93/><T115/><D127/><U83/><E83/><V54/><F21/><W82/><G82/><T104/><D81/><U42/><E42/><V28/><F92/><W108/><G108/><T86/><D40/><U59/><E45/><V107/><F41/><W2/><G2/><T71/><D110/><U22/><E22/><V20/><F107/><W89/><G89/><T87/><D109/><U105/><E105/><V46/><F90/><W10/><G10/><T114/><D125/><U69/><E69/><V64/><F11/><W77/><G77/><T15/><D71/><U30/><E30/><V94/><F20/><W17/><G17/><AGARI ba="5,1" hai="1,6,8,9,12,17,38,43,47,49,55,59,65,67" machi="17" ten="30,2000,0" yaku="7,1,52,1" doraHai="3" who="1" fromWho="3" sc="250,0,173,45,490,0,77,-35" /><INIT seed="4,0,0,2,4,48" ten="250,218,490,42" oya="0" hai0="17,15,58,104,31,68,123,23,72,120,118,54,109" hai1="38,19,114,91,126,78,61,40,113,34,14,29,122" hai2="108,125,49,84,94,127,92,105,22,86,13,95,128" hai3="106,18,55,88,101,30,53,79,63,99,67,32,25"/><T6/><D104/><U90/><E122/><V80/><F108/><W107/><G107/><T66/><D72/><U59/><E126/><N who="2" m="48139" /><F105/><W26/><G79/><T21/><D118/><U28/><E78/><N who="2" m="46103" /><F49/><W102/><G102/><T5/><D109/><U56/><E38/><V10/><F22/><W121/><G121/><T81/><D81/><U44/><E44/><V112/><F128/><W133/><G133/><T1/><D68/><U52/><E40/><V20/><F20/><N who="3" m="13463" /><G88/><N who="1" m="33834" /><E34/><V69/><F112/><N who="1" m="43113" /><E59/><V9/><F69/><W89/><G89/><T33/><D33/><U7/><E7/><N who="2" m="3263" /><F10/><AGARI ba="0,0" hai="10,14,19,28,29,52,56,61" m="43113,33834" machi="10" ten="30,8000,1" yaku="15,1,11,1,52,1,54,2" doraHai="48" who="1" fromWho="2" sc="250,0,218,80,490,-80,42,0" /><INIT seed="5,0,0,5,5,34" ten="250,298,410,42" oya="1" hai0="103,98,90,82,0,35,115,42,64,26,71,130,43" hai1="78,129,76,61,88,100,56,52,104,72,65,60,68" hai2="105,50,106,36,54,31,12,47,11,8,122,38,27" hai3="67,21,46,66,101,32,70,19,40,117,125,41,15"/><U57/><E129/><V99/><F122/><W95/><G32/><T58/><D71/><U30/><E30/><V5/><F99/><W121/><G121/><T13/><D0/><U6/><E72/><V126/><F126/><W55/><G125/><T127/><D127/><U94/><E6/><V22/><REACH who="2" step="1"/><F8/><REACH who="2" ten="250,298,400,42" step="2"/><W97/><G117/><T134/><D98/><U119/><E119/><V110/><F110/><W3/><G3/><T81/><D130/><U1/><E104/><AGARI ba="0,1" hai="5,11,12,22,27,31,36,38,47,50,54,104,105,106" machi="104" ten="40,1300,0" yaku="1,1,53,0" doraHai="34" doraHaiUra="124" who="2" fromWho="1" sc="250,0,298,-13,400,23,42,0" /><INIT seed="6,0,0,4,4,54" ten="250,285,423,42" oya="2" hai0="88,110,75,128,12,33,52,27,82,63,123,44,89" hai1="104,113,68,42,64,35,100,57,6,48,28,73,4" hai2="19,9,120,43,47,117,29,21,22,26,61,55,1" hai3="83,99,130,13,40,30,132,85,78,56,106,24,5"/><V23/><F120/><W18/><G130/><T112/><D110/><U32/><E73/><V102/><F117/><W53/><G132/><T108/><D108/><U98/><E113/><V125/><F102/><W96/><G106/><T11/><D123/><U7/><E28/><V133/><F125/><W59/><G5/><T131/><D112/><U69/><E42/><V58/><F133/><W70/><G70/><T93/><D27/><U94/><E104/><V14/><REACH who="2" step="1"/><F1/><REACH who="2" ten="250,285,413,42" step="2"/><W67/><G40/><T0/><D0/><U119/><E119/><V49/><AGARI ba="0,1" hai="9,14,19,21,22,23,26,29,43,47,49,55,58,61" machi="49" ten="20,24000,3" yaku="1,1,2,1,0,1,7,1,8,1,52,1,53,3" doraHai="54" doraHaiUra="16" who="2" fromWho="2" sc="250,-80,285,-80,413,250,42,-80" owari="170,-23.0,205,1.0,663,76.0,-38,-54.0" /></mjloggm>