<mjloggm ver="2.3"><GO type="169" lobby="0"/><UN n0="%E5%B0%B1%E6%B4%BB%E7%94%9F%40%E5%B7%9D%E6%9D%91%E8%BB%8D%E5%9B%A3" n1="%E3%83%95%E3%83%AA%E3%83%86%E3%83%B3" n2="%72%61%74%74%61%74%74%61" n3="%E5%8D%81%E4%B8%89%E4%BB%A3%E7%9B%AE%E6%AC%A1%E5%85%83%E5%A4%A7%E4%BB%8B" dan="18,17,17,16" rate="2262.97,2211.71,2168.72,2105.32" sx="M,M,M,M"/><TAIKYOKU oya="0"/><INIT seed="0,0,0,1,4,105" ten="250,250,250,250" oya="0" hai0="85,126,18,124,131,86,23,27,115,37,88,19,56" hai1="122,6,118,84,9,50,0,113,59,95,70,93,114" hai2="123,94,104,69,46,130,90,135,87,42,119,25,15" hai3="73,54,109,72,125,75,7,40,132,53,110,77,28"/><T57/><D37/><U81/><E70/><V112/><F123/><W12/><G125/><N who="0" m="48235" /><D115/><N who="1" m="44043" /><E118/><V13/><F112/><W127/><G127/><T101/><D131/><U79/><E122/><V133/><F104/><W129/><G129/><T82/><D101/><U98/><E98/><V3/><F3/><W33/><G132/><N who="2" m="50761" /><F69/><W55/><G40/><T47/><D47/><U120/><E120/><V102/><F102/><W8/><REACH who="3" step="1"/><G77/><REACH who="3" ten="250,250,250,240" step="2"/><N who="0" m="46287" /><D19/><U67/><E50/><V31/><F130/><W20/><G20/><T111/><D111/><U74/><E79/><V10/><F119/><W51/><G51/><T17/><D18/><U36/><E36/><N who="2" m="21831" /><F10/><W14/><G14/><T38/><D38/><U45/><E9/><V63/><F63/><W134/><G134/><T60/><D60/><U116/><E116/><V89/><F13/><W49/><G49/><T44/><D44/><U91/><E45/><V30/><F15/><W29/><G29/><T5/><D5/><U107/><E6/><V66/><F30/><W52/><N who="3" m="13312" /><DORA hai="128" /><W80/><G80/><AGARI ba="0,1" hai="17,23,27,56,57,80,86,88" m="46287,48235" machi="80" ten="30,2900,0" yaku="18,1,54,1" doraHai="105,128" who="0" fromWho="3" sc="250,39,250,0,250,0,240,-29" /><INIT seed="0,1,0,5,4,73" ten="289,250,250,211" oya="0" hai0="43,49,18,102,118,98,52,38,87,117,101,109,114" hai1="92,103,57,121,28,54,9,32,135,10,70,110,88" hai2="6,120,119,108,3,100,13,79,130,29,131,126,55" hai3="4,34,51,47,56,64,15,111,8,37,14,31,75"/><T67/><D114/><U71/><E103/><V33/><F100/><W107/><G111/><T83/><D67/><U35/><E110/><V61/><F55/><W62/><G107/><T53/><D109/><U85/><E121/><V80/><F120/><W72/><G15/><T20/><D38/><U27/><E35/><V132/><F108/><W91/><G37/><T86/><D43/><U94/><E135/><V58/><F132/><W1/><G1/><T41/><D41/><U21/><E32/><V68/><F126/><W50/><G91/><T26/><D53/><U45/><E45/><V2/><F13/><W90/><G90/><T44/><D101/><U60/><REACH who="1" step="1"/><E92/><REACH who="1" ten="289,240,250,211" step="2"/><V25/><F33/><W134/><G134/><T30/><D30/><U19/><E19/><V99/><F29/><W65/><G47/><T128/><D128/><U116/><E116/><V112/><F119/><W59/><G31/><T17/><D17/><U127/><E127/><V82/><F130/><W0/><G34/><T84/><REACH who="0" step="1"/><D83/><REACH who="0" ten="279,240,250,211" step="2"/><U11/><AGARI ba="1,2" hai="9,10,11,21,27,28,54,57,60,70,71,85,88,94" machi="11" ten="30,4000,0" yaku="1,1,0,1,54,1,53,0" doraHai="73" doraHaiUra="125" who="1" fromWho="1" sc="279,-21,240,63,250,-11,211,-11" /><INIT seed="1,0,0,0,2,48" ten="258,303,239,200" oya="1" hai0="90,3,16,127,65,110,118,72,124,39,58,9,68" hai1="23,83,91,52,87,57,69,19,0,86,17,100,81" hai2="10,117,13,89,6,98,49,31,1,84,40,42,75" hai3="129,26,8,53,12,2,38,105,102,125,62,63,44"/><U106/><E69/><V67/><F75/><W60/><G125/><T50/><D72/><U55/><E0/><V101/><F117/><W47/><G129/><T133/><D118/><U7/><E7/><V30/><F67/><W21/><G2/><T88/><D39/><U126/><E126/><N who="0" m="48169" /><D110/><U14/><E57/><V73/><F73/><W61/><G105/><T64/><D133/><U74/><E74/><V116/><F116/><W35/><G102/><T29/><D29/><U15/><E100/><V92/><F1/><W107/><G107/><T34/><D34/><U24/><E106/><V96/><F96/><W113/><G113/><T108/><D108/><U114/><E114/><V130/><F130/><W93/><G93/><T33/><D33/><U85/><E85/><V54/><F31/><N who="3" m="17871" /><G35/><T104/><D104/><U32/><E32/><V70/><F30/><W56/><G38/><T111/><D111/><U123/><E123/><V5/><F5/><AGARI ba="0,0" hai="5,8,12,44,47,53,56,60,61,62,63" m="17871" machi="5" ten="30,2000,0" yaku="8,1,52,1" doraHai="48" who="3" fromWho="2" sc="258,0,303,0,239,-20,200,20" /><INIT seed="2,0,0,0,5,109" ten="258,303,219,220" oya="2" hai0="22,127,17,54,3,63,15,80,76,12,77,73,18" hai1="5,133,35,118,101,55,75,108,129,135,111,131,110" hai2="116,31,85,119,88,14,8,40,38,0,30,87,61" hai3="21,51,115,102,72,89,128,68,46,67,94,45,29"/><V9/><F0/><W44/><G72/><T27/><D127/><U93/><E35/><V11/><F38/><W20/><G128/><N who="1" m="49226" /><E5/><V59/><F40/><W42/><G102/><T79/><D3/><U62/><E75/><V82/><F14/><W60/><G115/><T78/><D18/><U52/><E118/><V114/><F114/><W92/><G92/><T95/><D95/><U69/><E69/><V28/><REACH who="2" step="1"/><F87/><REACH who="2" ten="258,303,209,220" step="2"/><W50/><G42/><T56/><AGARI ba="0,1" hai="12,15,17,22,27,54,56,63,73,76,77,78,79,80" machi="56" ten="30,1100,0" yaku="0,1" doraHai="109" who="0" fromWho="0" sc="258,21,303,-3,209,-5,220,-3" /><INIT seed="3,0,0,4,3,112" ten="279,300,204,217" oya="3" hai0="24,50,110,108,20,42,119,30,31,105,64,106,115" hai1="9,132,72,48,117,73,100,51,128,68,49,134,86" hai2="61,32,63,12,26,25,41,55,88,28,17,16,67" hai3="92,94,70,116,65,5,81,77,37,54,107,69,98"/><W75/><G37/><T118/><D115/><U11/><E68/><V39/><F39/><W19/><G5/><T84/><D64/><U56/><E100/><V45/><F55/><W87/><G54/><T103/><D84/><U82/><E128/><V6/><F26/><W44/><G44/><N who="0" m="25879" /><D31/><U130/><E130/><V34/><F34/><W15/><G116/><N who="0" m="44587" /><D103/><U22/><E117/><V33/><F33/><W62/><G70/><T38/><D38/><U21/><E86/><V99/><F41/><W7/><G7/><T60/><D60/><U109/><E51/><V83/><F45/><W133/><G107/><T123/><D123/><U46/><E46/><V124/><F61/><W18/><G87/><T114/><D114/><U102/><E102/><V27/><F63/><W127/><G62/><T76/><D76/><U0/><E0/><V40/><F67/><W53/><G65/><T120/><D120/><U57/><E82/><V35/><F28/><W1/><G81/><T14/><D14/><U36/><E36/><V126/><F83/><W3/><G15/><T71/><D71/><U101/><E101/><V104/><F12/><W113/><G69/><T135/><D135/><U131/><E131/><V29/><F29/><W66/><G133/><T52/><D52/><U4/><E4/><V80/><F80/><W74/><G113/><T85/><D85/><U97/><E97/><V93/><F40/><W90/><G98/><T59/><D59/><U23/><E23/><V43/><F43/><W78/><G66/><T2/><D2/><U89/><E89/><V10/><F88/><RYUUKYOKU ba="0,0" sc="279,15,300,15,204,-15,217,-15" hai0="20,24,30,105,106,108,110" hai1="9,11,21,22,48,49,56,57,72,73,109,132,134" /><INIT seed="4,1,0,1,4,4" ten="294,315,189,202" oya="0" hai0="96,56,83,2,59,15,82,103,61,88,77,57,84" hai1="119,53,87,16,3,10,1,29,127,129,9,36,126" hai2="76,28,97,68,17,35,95,48,54,22,78,118,19" hai3="73,33,46,114,100,124,60,38,91,70,40,115,134"/><T64/><D2/><N who="1" m="523" /><E36/><V109/><F109/><W102/><G124/><N who="1" m="47658" /><E119/><V122/><F68/><W104/><G134/><T110/><D110/><U52/><E129/><V108/><F122/><W75/><G33/><T5/><D5/><U63/><E29/><V120/><F120/><W32/><G32/><T65/><D15/><N who="1" m="7279" /><E10/><V101/><F118/><W121/><G121/><T81/><D64/><U92/><E63/><V98/><F108/><W123/><G60/><T0/><D0/><U14/><E14/><V8/><F28/><W37/><G37/><T23/><D23/><U27/><E27/><N who="2" m="14815" /><F35/><W85/><G38/><T131/><D131/><U42/><E42/><V113/><F113/><W58/><G40/><T13/><D13/><U50/><E50/><V86/><F8/><W47/><G123/><T44/><D44/><U21/><E21/><V99/><F17/><W26/><G114/><T128/><D128/><U69/><E69/><V132/><F132/><W20/><G70/><T41/><D41/><U51/><E51/><V79/><F48/><W25/><G115/><T12/><D12/><U89/><AGARI ba="1,0" hai="52,53,87,89,92" m="7279,47658,523" machi="89" ten="40,8000,1" yaku="18,1,52,1,54,2" doraHai="4" who="1" fromWho="1" sc="294,-41,315,83,189,-21,202,-21" /><INIT seed="5,0,0,1,3,56" ten="253,398,168,181" oya="1" hai0="82,98,21,69,117,75,67,1,110,132,86,42,4" hai1="48,121,54,62,112,18,79,31,9,107,81,70,129" hai2="3,115,114,91,127,104,116,60,50,37,89,44,23" hai3="105,95,12,122,49,30,125,130,15,32,27,34,57"/><U28/><E107/><V80/><F116/><W84/><G122/><T39/><D110/><U5/><E18/><V52/><F104/><W40/><G105/><T33/><D33/><U118/><E112/><N who="2" m="43051" /><F3/><W11/><G125/><T109/><D109/><U6/><E6/><V94/><F127/><W85/><G130/><T119/><D21/><U76/><E76/><V77/><F23/><W131/><G131/><T59/><D59/><U87/><E118/><V128/><F128/><W135/><G135/><T66/><D98/><U65/><E121/><V35/><F35/><W101/><G34/><T72/><D86/><U0/><E129/><V20/><F37/><W53/><G40/><T92/><D67/><U64/><E64/><V10/><F10/><W126/><G126/><T100/><D4/><U17/><E17/><V133/><F133/><W102/><G12/><T106/><D1/><U68/><E70/><V7/><F7/><W58/><G58/><AGARI ba="0,0" hai="0,5,9,28,31,48,54,58,62,65,68,79,81,87" machi="58" ten="30,2900,0" yaku="7,1,52,1" doraHai="56" who="1" fromWho="3" sc="253,0,398,29,168,0,181,-29" /><INIT seed="5,1,0,3,5,4" ten="253,427,168,152" oya="1" hai0="120,67,31,20,16,118,101,35,48,28,34,131,121" hai1="51,76,37,30,78,27,14,109,82,69,74,60,5" hai2="9,123,62,33,94,25,42,105,22,46,110,107,125" hai3="49,134,32,98,52,97,21,93,58,84,2,15,23"/><U26/><E37/><V19/><F110/><W102/><G2/><T54/><D118/><U47/><E109/><V112/><F123/><N who="0" m="47178" /><D131/><U80/><E69/><V12/><F33/><N who="0" m="12298" /><D67/><U70/><E30/><V72/><F72/><W133/><G32/><T11/><D101/><U86/><E60/><V59/><F94/><N who="3" m="58679" /><G84/><T88/><D88/><U13/><E13/><V119/><F125/><W113/><G113/><T132/><D132/><N who="3" m="50793" /><G15/><N who="0" m="7295" /><D20/><U8/><E70/><V95/><F95/><W106/><G106/><T3/><D3/><U99/><E99/><V53/><F112/><W115/><G115/><T43/><D43/><AGARI ba="1,0" hai="5,8,14,26,27,43,47,51,74,76,78,80,82,86" machi="43" ten="30,11600,0" yaku="7,1,25,2,52,1" doraHai="4" who="1" fromWho="0" sc="253,-119,427,119,168,0,152,0" /><INIT seed="5,2,0,2,5,73" ten="134,546,168,152" oya="1" hai0="16,75,89,107,112,123,120,102,91,127,12,78,83" hai1="35,24,41,53,63,121,17,33,31,60,13,58,122" hai2="104,76,47,4,25,14,108,18,34,84,81,66,106" hai3="44,20,40,70,71,38,29,3,80,11,72,0,45"/><U43/><E35/><V57/><F108/><W49/><G29/><T26/><D26/><U114/><E114/><V133/><F133/><W68/><G20/><T111/><D111/><U100/><E100/><V126/><F126/><W90/><G90/><T52/><D112/><U59/><E43/><V67/><F47/><W132/><G132/><T117/><D117/><U36/><E41/><V22/><F104/><W128/><G128/><T92/><D127/><U54/><REACH who="1" step="1"/><E36/><REACH who="1" ten="134,536,168,152" step="2"/><V46/><F34/><W51/><G38/><T62/><D102/><U23/><AGARI ba="2,1" hai="13,17,23,24,31,33,53,54,58,59,60,63,121,122" machi="23" ten="20,12000,1" yaku="1,1,2,1,0,1,7,1,9,1,53,0" doraHai="73" doraHaiUra="124" who="1" fromWho="1" sc="134,-42,536,136,168,-42,152,-42" /><INIT seed="5,3,0,5,5,97" ten="92,672,126,110" oya="1" hai0="66,112,109,78,111,113,10,34,4,132,0,57,40" hai1="46,37,11,58,100,13,6,121,62,69,26,24,47" hai2="81,32,71,8,129,3,124,118,99,83,88,45,16" hai3="41,98,135,102,115,23,101,126,19,120,74,35,5"/><U52/><E121/><V18/><F118/><W92/><G120/><T82/><D40/><U104/><E69/><V79/><F32/><W68/><G35/><T86/><D34/><U67/><E37/><V127/><F71/><W59/><G68/><T103/><D132/><U15/><E104/><V77/><F129/><W116/><G135/><T55/><D66/><U106/><E106/><V20/><F45/><N who="1" m="16905" /><E100/><V108/><F108/><W17/><G74/><T43/><D43/><U87/><E67/><V51/><F51/><W50/><G115/><N who="0" m="44107" /><D103/><U90/><E15/><N who="2" m="7271" /><F3/><W107/><G126/><N who="2" m="48169" /><F81/><AGARI ba="3,0" hai="6,11,13,24,26,52,58,62,81,87,90" m="16905" machi="81" ten="30,2900,0" yaku="8,1,54,1" doraHai="97" who="1" fromWho="2" sc="92,0,672,38,126,-38,110,0" /><INIT seed="5,4,0,2,4,16" ten="92,710,88,110" oya="1" hai0="5,15,112,83,25,59,51,124,29,85,65,78,129" hai1="63,111,3,114,56,110,96,69,39,4,35,105,72" hai2="13,92,26,94,127,70,55,91,37,11,90,100,98" hai3="93,76,19,40,9,81,135,116,106,75,27,24,47"/><U52/><E35/><V17/><F70/><W97/><G135/><T89/><D112/><U34/><E34/><V80/><F37/><W125/><G125/><T123/><D124/><U84/><E72/><V103/><F127/><W121/><G121/><T77/><D123/><U101/><E39/><V115/><F115/><W57/><G116/><T119/><D119/><U122/><E114/><V6/><F55/><W95/><G57/><T18/><D5/><U12/><E122/><V23/><F80/><W54/><G54/><T113/><D113/><U0/><E69/><V46/><REACH who="2" step="1"/><F46/><REACH who="2" ten="92,710,78,110" step="2"/><W107/><G47/><T20/><D129/><U53/><E53/><V99/><AGARI ba="4,1" hai="6,11,13,17,23,26,90,91,92,94,98,99,100,103" machi="99" ten="20,12000,2" yaku="1,1,2,1,0,1,7,1,9,1,8,1,52,1,53,0" doraHai="16" doraHaiUra="58" who="2" fromWho="2" sc="92,-34,710,-64,78,142,110,-34" /><INIT seed="6,0,0,4,4,122" ten="58,646,220,76" oya="2" hai0="26,45,48,54,28,134,87,69,116,33,24,109,130" hai1="38,75,84,61,133,21,99,5,114,119,102,89,74" hai2="70,128,110,3,82,19,106,12,25,72,32,15,6" hai3="105,80,34,120,92,113,77,91,78,135,67,46,9"/><V86/><F70/><W4/><G120/><T40/><D69/><U1/><E38/><V49/><F106/><W129/><G105/><T64/><D64/><U127/><E5/><V98/><F72/><W56/><G34/><T29/><D116/><U88/><E1/><V107/><F49/><W39/><G129/><T11/><D130/><U71/><E89/><V58/><F58/><W103/><G135/><T100/><D134/><U73/><E119/><V108/><F128/><W43/><G113/><T13/><D100/><U85/><E85/><V96/><F12/><W121/><G103/><T132/><D132/><U66/><E114/><V90/><F107/><W0/><G121/><T60/><D87/><U76/><E133/><V104/><F104/><W83/><G83/><T2/><D2/><U68/><E68/><V101/><F101/><W17/><G17/><T8/><D109/><N who="2" m="42090" /><F3/><W18/><G56/><T115/><D115/><U93/><E102/><V112/><F112/><W44/><G0/><T7/><D11/><U111/><E111/><V47/><F47/><W65/><G44/><T94/><D60/><U16/><E74/><V126/><F126/><W131/><G131/><T41/><D94/><U22/><E127/><V52/><F86/><W14/><G46/><T20/><AGARI ba="0,0" hai="7,8,13,20,24,26,28,29,33,40,41,45,48,54" machi="20" ten="20,1500,0" yaku="0,1,7,1" doraHai="122" who="0" fromWho="0" sc="58,15,646,-4,220,-7,76,-4" /><INIT seed="7,0,0,0,4,72" ten="73,642,213,72" oya="3" hai0="17,104,66,11,87,70,79,49,19,131,74,133,84" hai1="107,3,106,10,67,94,14,60,59,114,57,37,32" hai2="55,52,127,126,42,41,53,23,130,115,98,81,102" hai3="101,58,129,122,39,134,135,76,35,109,30,15,93"/><W26/><G122/><T121/><D121/><U92/><E32/><V132/><F115/><W7/><G129/><T38/><D104/><U28/><E28/><V103/><F132/><N who="3" m="50731" /><G109/><T71/><D38/><U105/><E114/><V0/><F130/><W112/><G112/><T117/><D131/><U62/><E37/><V113/><F113/><W27/><G39/><T34/><D34/><U75/><E75/><V64/><F126/><W63/><G76/><T44/><D117/><U116/><E3/><V78/><F78/><W31/><G7/><T16/><D133/><U77/><E116/><V12/><F127/><W29/><G15/><T91/><D74/><U110/><E110/><V36/><F36/><W69/><G69/><T73/><D73/><U54/><REACH who="1" step="1"/><E77/><REACH who="1" ten="73,632,213,72" step="2"/><V83/><F0/><W24/><G35/><T118/><D79/><U68/><E68/><V95/><F12/><W21/><G31/><T46/><D71/><U97/><E97/><V33/><F33/><W8/><G30/><T45/><D70/><U43/><E43/><V65/><F23/><W9/><G21/><T86/><D118/><U20/><E20/><V80/><F98/><N who="3" m="59599" /><G29/><T22/><D22/><U120/><E120/><V89/><F89/><W56/><G56/><T99/><D11/><U100/><E100/><N who="2" m="38443" /><F95/><W111/><G111/><T125/><D125/><U40/><E40/><AGARI ba="0,1" hai="40,41,42,52,53,55,64,65,80,81,83" m="38443" machi="40" ten="40,8000,1" yaku="28,2,8,1,54,1" doraHai="72" who="2" fromWho="1" sc="73,0,632,-80,213,90,72,0" owari="73,-33.0,552,66.0,303,10.0,72,-43.0" /></mjloggm>