<mjloggm ver="2.3"><GO type="169" lobby="0"/><UN n0="%E5%B0%B1%E6%B4%BB%E7%94%9F%40%E5%B7%9D%E6%9D%91%E8%BB%8D%E5%9B%A3" n1="%6D%61%74%69%6F%73%61%6E" n2="%E9%9D%A2%E6%B8%85%E3%81%AE%E3%83%90%E3%83%93%E3%82%A3" n3="%E5%8C%97%E9%A2%A8%E3%83%80%E3%83%B3%E3%82%B4" dan="18,17,16,16" rate="2247.10,2129.70,2083.47,2138.30" sx="M,M,M,M"/><TAIKYOKU oya="0"/><INIT seed="0,0,0,4,3,35" ten="250,250,250,250" oya="0" hai0="67,113,38,17,48,104,116,28,122,1,88,19,95" hai1="23,59,57,66,3,42,111,85,30,31,56,20,123" hai2="34,107,14,21,61,99,2,71,70,119,33,86,39" hai3="64,37,118,89,105,69,49,60,120,127,103,109,72"/><T133/><D38/><U0/><E123/><V46/><F86/><W22/><G118/><T4/><D104/><U92/><E42/><V101/><F21/><W106/><G37/><T112/><D116/><U11/><E11/><V78/><F14/><W96/><G120/><T81/><D122/><U100/><E66/><V52/><F78/><W15/><G127/><T55/><D133/><U115/><E111/><V29/><F119/><W83/><G109/><T51/><D67/><U91/><E100/><V54/><F54/><W32/><G32/><T47/><D28/><U12/><E115/><V24/><F34/><W6/><G49/><T53/><D81/><U43/><E43/><V90/><F90/><W124/><G124/><T93/><D4/><U97/><E85/><V40/><F52/><W41/><G41/><T128/><D128/><U44/><E44/><V75/><F61/><W125/><G125/><T84/><D1/><U110/><E110/><V50/><F50/><W121/><G121/><T79/><D79/><U102/><E91/><V45/><F45/><W135/><G135/><T5/><D5/><U87/><E87/><V74/><F2/><N who="1" m="553" /><E12/><V65/><REACH who="2" step="1"/><F65/><REACH who="2" ten="250,250,240,250" step="2"/><W36/><G89/><T126/><D126/><U77/><E77/><V73/><AGARI ba="0,1" hai="24,29,33,39,40,46,70,71,73,74,75,99,101,107" machi="73" ten="30,12000,2" yaku="1,1,2,1,0,1,33,3,53,0" doraHai="35" doraHaiUra="13" who="2" fromWho="2" sc="250,-60,250,-30,240,130,250,-30" /><INIT seed="1,0,0,4,5,95" ten="190,220,370,220" oya="1" hai0="8,85,107,47,89,6,1,115,28,82,103,27,92" hai1="71,59,121,117,49,98,23,110,132,62,81,66,42" hai2="80,67,14,22,70,11,135,84,69,96,97,88,41" hai3="127,35,36,118,43,83,119,63,56,16,0,26,48"/><U31/><E117/><N who="3" m="44554" /><G127/><T105/><D115/><U120/><E132/><V20/><F135/><W102/><G0/><T126/><D126/><U9/><E110/><V68/><F67/><W44/><G83/><T13/><D1/><U131/><E131/><V30/><F41/><W21/><G35/><T17/><D6/><U113/><E113/><V123/><F123/><W77/><G77/><T133/><D133/><U7/><E81/><V76/><F76/><W125/><G125/><T86/><D47/><U99/><E120/><V129/><F129/><W111/><G111/><T57/><D57/><U10/><E121/><V109/><F109/><W24/><G102/><T128/><D128/><U108/><E108/><V73/><F73/><W52/><G26/><T93/><D93/><U112/><E112/><V91/><F91/><W32/><G32/><T40/><D40/><U2/><E10/><V106/><F106/><W54/><G54/><T79/><REACH who="0" step="1"/><D103/><REACH who="0" ten="180,220,370,220" step="2"/><U65/><E42/><V61/><F61/><AGARI ba="0,1" hai="16,21,24,36,43,44,48,52,56,61,63" m="44554" machi="61" ten="30,3900,0" yaku="12,1,54,2" doraHai="95" who="3" fromWho="2" sc="180,0,220,0,370,-39,220,49" /><INIT seed="2,0,0,4,0,94" ten="180,220,331,269" oya="2" hai0="114,8,118,98,82,69,101,48,25,102,117,65,46" hai1="128,27,10,2,134,9,74,91,11,93,67,112,103" hai2="99,41,1,63,116,81,42,68,107,56,71,120,125" hai3="109,50,127,60,54,92,121,61,72,18,87,16,29"/><V32/><F32/><W40/><G109/><T110/><D114/><U7/><E112/><V43/><F1/><W58/><G72/><T38/><D38/><U132/><E74/><V20/><F116/><N who="0" m="44650" /><D110/><U37/><E37/><V66/><F120/><W5/><G121/><T51/><D82/><U77/><E77/><V59/><F81/><W135/><G135/><N who="1" m="51754" /><E103/><V80/><F80/><W28/><G127/><T130/><D130/><U86/><E128/><V36/><F20/><W55/><G5/><T19/><D101/><U34/><E67/><V83/><F83/><W100/><G40/><T106/><D46/><U75/><E75/><V96/><F107/><W15/><G18/><T4/><D65/><U89/><E91/><V115/><F115/><W133/><G133/><T22/><D69/><U113/><E113/><V23/><F36/><W53/><G60/><T26/><D26/><U6/><E2/><AGARI ba="0,0" hai="2,4,8,19,22,25,48,51,98,102,106" m="44650" machi="2" ten="30,2000,0" yaku="12,1,52,1" doraHai="94" who="0" fromWho="1" sc="180,20,220,-20,331,0,269,0" /><INIT seed="3,0,0,3,5,97" ten="200,200,331,269" oya="3" hai0="15,61,126,68,110,86,114,35,107,129,88,83,12" hai1="55,24,62,80,123,41,121,115,37,125,25,100,109" hai2="44,33,99,52,28,77,71,13,21,89,79,29,105" hai3="48,81,36,69,19,14,50,132,90,93,133,72,9"/><W84/><G36/><T11/><D35/><U51/><E115/><V54/><F71/><W3/><G69/><T22/><D114/><U46/><E125/><V58/><F33/><W104/><G104/><T87/><D126/><U122/><E109/><V38/><F38/><W76/><REACH who="3" step="1"/><G3/><REACH who="3" ten="200,200,331,259" step="2"/><T16/><D107/><U64/><E122/><V18/><F105/><W27/><G27/><T17/><D110/><U70/><E121/><V45/><F45/><W102/><G102/><T124/><D124/><U34/><E123/><V10/><F44/><W78/><G78/><T63/><D129/><U39/><E39/><V4/><F79/><W74/><G74/><T7/><D68/><U101/><E34/><V128/><F77/><W49/><AGARI ba="0,1" hai="9,14,19,48,49,50,72,76,81,84,90,93,132,133" machi="49" ten="30,3000,0" yaku="1,1,0,1,53,0" doraHai="97" doraHaiUra="98" who="3" fromWho="3" sc="200,-10,200,-10,331,-10,259,40" /><INIT seed="3,1,0,4,5,74" ten="190,190,321,299" oya="3" hai0="24,75,107,37,113,27,64,123,17,79,1,96,21" hai1="133,23,62,93,3,16,71,65,15,104,29,4,110" hai2="90,92,134,57,118,128,85,99,81,56,9,6,115" hai3="84,100,54,66,119,70,127,105,103,13,42,125,0"/><W91/><G0/><T38/><D123/><U76/><E104/><V61/><F134/><W36/><G119/><T98/><D1/><U83/><E110/><V47/><F128/><W86/><G105/><T58/><D113/><U87/><E133/><V25/><F115/><W69/><G54/><T77/><D75/><U50/><E29/><V78/><F118/><W122/><G122/><T43/><D107/><U129/><E129/><V32/><F32/><W2/><G2/><T124/><D124/><N who="3" m="47689" /><G13/><T117/><D117/><U82/><E3/><V80/><F25/><W31/><G31/><T63/><D27/><U7/><E93/><V89/><F47/><N who="3" m="24007" /><G86/><T116/><D116/><U135/><E135/><V51/><F51/><W48/><G48/><T97/><REACH who="0" step="1"/><D43/><REACH who="0" ten="180,190,321,299" step="2"/><U22/><E22/><V14/><F61/><N who="3" m="40143" /><G70/><T112/><D112/><U94/><E23/><V121/><F121/><W67/><G67/><T101/><D101/><U44/><E65/><V130/><F130/><W59/><G59/><T18/><D18/><U41/><E71/><V30/><F30/><W68/><G68/><T52/><D52/><U109/><E16/><V8/><F8/><W73/><G73/><AGARI ba="1,1" hai="6,9,14,56,57,73,78,80,81,85,89,90,92,99" machi="73" ten="30,2000,0" yaku="7,1,52,1" doraHai="74" who="2" fromWho="3" sc="180,0,190,0,321,33,299,-23" /><INIT seed="4,0,0,3,4,120" ten="180,190,354,276" oya="0" hai0="130,47,31,113,50,111,91,110,59,119,109,122,65" hai1="55,51,131,73,23,53,52,46,128,66,80,94,17" hai2="15,56,86,90,127,37,87,33,123,38,76,54,93" hai3="29,98,83,107,79,89,77,27,42,4,117,118,135"/><T88/><D122/><U70/><E94/><V69/><F69/><W35/><G135/><T49/><D119/><U3/><E3/><V105/><F105/><W95/><G4/><T14/><D113/><U85/><E73/><V64/><F33/><W7/><G7/><T22/><D130/><N who="1" m="49707" /><E66/><V134/><F127/><W106/><G77/><T2/><D2/><U74/><E74/><V45/><F64/><W20/><G42/><T44/><D65/><U104/><E104/><V132/><F123/><W24/><G107/><T57/><D31/><U114/><E70/><V124/><F124/><W102/><G27/><T75/><D75/><U8/><E8/><V12/><F38/><W101/><G35/><T78/><D78/><N who="1" m="46231" /><E114/><V133/><F37/><W103/><REACH who="3" step="1"/><G106/><REACH who="3" ten="180,190,354,266" step="2"/><T0/><D0/><U13/><AGARI ba="0,1" hai="13,17,23,46,51,52,53,55" m="46231,49707" machi="13" ten="30,2000,0" yaku="19,1,54,1" doraHai="120" who="1" fromWho="1" sc="180,-10,190,30,354,-5,266,-5" /><INIT seed="5,0,0,5,4,18" ten="170,220,349,261" oya="1" hai0="96,73,129,124,40,71,17,39,5,45,111,79,26" hai1="114,1,78,102,121,2,61,90,31,131,57,58,86" hai2="89,72,103,126,14,55,69,97,116,41,28,127,51" hai3="82,25,56,123,43,118,106,115,16,95,88,4,133"/><U8/><E121/><V128/><F55/><W11/><G123/><T110/><D71/><U99/><E114/><V112/><F51/><W108/><G108/><T98/><D129/><U132/><E132/><V23/><F41/><W63/><G106/><T54/><D124/><U75/><E131/><V81/><F72/><W30/><G115/><T109/><D54/><U85/><E31/><V77/><F69/><W134/><G118/><T122/><D122/><U37/><E37/><V91/><F116/><W3/><G82/><T38/><D38/><U52/><E86/><V84/><F128/><W24/><G43/><T101/><D101/><U66/><E8/><V35/><F35/><W105/><G105/><T70/><D70/><U42/><E42/><V65/><F65/><W22/><G25/><T19/><D5/><U27/><E27/><N who="2" m="16511" /><F14/><W68/><G30/><T62/><D62/><U9/><E9/><V6/><F6/><W93/><G68/><T117/><D117/><U20/><E78/><V100/><F112/><W13/><G3/><T47/><D47/><U107/><E75/><V67/><F67/><W94/><REACH who="3" step="1"/><G88/><REACH who="3" ten="170,220,349,251" step="2"/><N who="2" m="33865" /><F97/><W130/><G130/><T74/><D74/><U87/><E2/><V125/><AGARI ba="0,1" hai="77,81,84,100,103,125,126,127" m="33865,16511" machi="125" ten="40,5200,0" yaku="18,1,52,1,54,1" doraHai="18" who="2" fromWho="2" sc="170,-13,220,-26,349,62,251,-13" /><INIT seed="6,0,0,0,5,52" ten="157,194,411,238" oya="2" hai0="135,93,107,0,120,12,127,59,5,20,86,85,33" hai1="16,37,70,2,88,113,65,45,48,124,98,57,103" hai2="54,72,81,84,15,11,25,36,71,80,41,31,44" hai3="83,111,62,21,9,6,7,8,115,129,58,51,47"/><V131/><F71/><W75/><G111/><T96/><D33/><U106/><E2/><V61/><F131/><W126/><G129/><T63/><D107/><U121/><E37/><V97/><F97/><W73/><G126/><T30/><D120/><U24/><E70/><V14/><F14/><W26/><G115/><T122/><D127/><U78/><E78/><V39/><F39/><W56/><G83/><T19/><D135/><U74/><E74/><V67/><F54/><W4/><G62/><T32/><D122/><U28/><E124/><V40/><F40/><N who="3" m="25063" /><G75/><T108/><D108/><U89/><E121/><V1/><F84/><W125/><G73/><T42/><D42/><U99/><E99/><V3/><F81/><W90/><G90/><T100/><D5/><U87/><E87/><V66/><F66/><W104/><G104/><T134/><D0/><U117/><E113/><V22/><F80/><W123/><G123/><T76/><D76/><U79/><E79/><V64/><F64/><W50/><G50/><T38/><D38/><U118/><E89/><V43/><F43/><W94/><G94/><T101/><D101/><U116/><E88/><V95/><F95/><W91/><G91/><T110/><D110/><U34/><E45/><V114/><F72/><W69/><G69/><T27/><REACH who="0" step="1"/><D134/><REACH who="0" ten="147,194,411,238" step="2"/><U92/><E106/><V112/><F112/><W133/><G133/><T82/><D82/><U17/><E34/><V77/><F77/><W49/><G125/><T119/><D119/><U18/><E116/><V23/><F114/><W35/><G35/><T29/><D29/><RYUUKYOKU ba="0,1" sc="147,30,194,-10,411,-10,238,-10" hai0="12,19,20,27,30,32,59,63,85,86,93,96,100" /><INIT seed="7,1,1,1,2,114" ten="177,184,401,228" oya="3" hai0="34,77,59,102,20,110,84,113,53,54,61,76,3" hai1="103,49,118,75,79,43,80,101,117,1,57,17,58" hai2="82,96,15,27,100,115,12,5,105,24,44,63,125" hai3="121,47,132,89,18,73,35,42,6,29,83,66,7"/><W120/><G132/><T28/><D110/><U68/><E68/><V36/><F115/><W52/><G66/><T122/><D122/><U22/><E1/><V56/><F125/><W70/><G70/><T108/><D108/><U99/><E43/><V37/><F82/><W91/><G29/><T41/><D34/><U87/><E75/><V98/><F5/><W16/><G35/><T40/><D3/><U9/><E9/><V104/><F44/><W107/><G47/><T10/><D113/><U134/><E134/><V26/><F56/><N who="1" m="21609" /><E99/><V14/><F63/><W85/><G83/><N who="0" m="47207" /><D54/><U50/><E103/><AGARI ba="1,1" hai="12,14,15,24,26,27,36,37,96,98,100,103,104,105" machi="103" ten="40,1300,0" yaku="9,1" doraHai="114" who="2" fromWho="1" sc="177,0,184,-16,401,26,228,0" owari="177,-22.0,168,-33.0,427,52.0,228,3.0" /></mjloggm>