<mjloggm ver="2.3"><GO type="169" lobby="0"/><UN n0="%64%61%69%31%32%31%32" n1="%E2%80%A0%41%71%75%61%E2%80%A0" n2="%E3%82%A6%E3%83%AB%E3%83%88%E3%83%A9%E7%AB%8B%E7%9B%B4" n3="%E5%BF%83%E6%BB%85" dan="17,16,18,18" rate="2162.07,2098.15,2198.10,2261.06" sx="M,M,M,M"/><TAIKYOKU oya="0"/><INIT seed="0,0,0,3,4,49" ten="250,250,250,250" oya="0" hai0="129,104,60,37,61,40,28,67,72,0,127,107,116" hai1="90,44,12,101,42,31,94,22,1,32,108,110,113" hai2="102,38,8,112,106,131,97,76,13,10,21,81,25" hai3="65,89,17,47,45,9,26,41,6,96,2,3,70"/><T23/><D0/><U87/><E1/><V121/><F121/><W27/><G3/><T88/><D72/><U16/><E113/><V125/><F112/><W33/><G70/><T62/><D116/><U34/><E101/><V111/><F38/><W117/><G65/><T59/><D127/><U132/><E132/><V51/><F111/><N who="1" m="42537" /><E31/><V91/><F131/><W4/><G4/><T71/><D129/><U24/><E24/><V119/><F125/><W19/><G47/><T7/><D7/><U68/><E68/><V77/><F10/><W18/><G117/><T56/><D40/><U93/><E94/><V73/><F119/><W52/><G33/><T11/><D37/><AGARI ba="0,0" hai="12,16,22,32,34,37,42,44,87,90,93" m="42537" machi="37" ten="30,2000,0" yaku="14,1,54,1" doraHai="49" who="1" fromWho="0" sc="250,-20,250,20,250,0,250,0" /><INIT seed="1,0,0,2,2,133" ten="230,270,250,250" oya="1" hai0="9,44,127,69,122,123,56,23,129,104,58,109,1" hai1="30,20,103,81,102,89,61,47,34,79,3,6,95" hai2="22,108,32,14,19,114,63,83,42,54,93,101,100" hai3="12,88,99,96,36,92,90,126,113,51,35,70,21"/><U41/><E34/><V33/><F108/><W53/><G113/><T11/><D104/><U106/><E61/><V27/><F114/><W72/><G35/><T71/><D109/><U77/><E106/><V110/><F110/><W74/><G70/><T134/><D23/><U94/><E6/><V84/><F42/><W37/><G21/><T18/><D18/><U43/><E20/><V31/><F93/><N who="1" m="35337" /><E3/><V39/><F39/><W67/><G92/><T29/><D29/><U86/><E30/><V115/><F33/><W5/><G51/><T26/><D134/><U73/><E73/><V55/><F115/><W75/><G72/><T128/><D1/><U60/><E60/><V8/><F32/><W85/><G67/><T40/><D44/><U97/><E97/><V65/><F65/><W59/><G59/><T50/><D50/><N who="1" m="26991" /><E43/><V24/><F24/><W82/><G5/><T57/><D40/><U131/><E131/><N who="0" m="50249" /><D26/><U62/><E62/><V16/><F31/><W124/><G12/><T107/><D107/><U119/><E119/><V132/><F132/><W0/><G0/><T17/><D17/><U116/><E116/><V98/><F98/><W135/><G135/><T15/><D15/><U66/><E66/><V120/><F14/><W105/><G105/><T7/><D7/><U117/><E117/><V38/><F27/><W25/><G25/><T130/><D130/><U10/><E10/><N who="0" m="3593" /><D127/><U118/><E118/><V48/><F8/><W2/><G2/><T28/><D28/><U125/><E125/><V112/><F112/><W111/><G111/><T76/><D76/><AGARI ba="0,0" hai="76,77,79,81,86,89,102,103" m="26991,35337" machi="76" ten="30,2900,0" yaku="6,1,8,1" doraHai="133" who="1" fromWho="0" sc="230,-29,270,29,250,0,250,0" /><INIT seed="1,1,0,0,5,26" ten="201,299,250,250" oya="1" hai0="66,7,132,18,105,13,16,83,80,67,101,100,118" hai1="111,38,90,9,35,82,25,63,85,22,123,71,62" hai2="55,91,116,29,133,42,88,23,73,27,4,75,58" hai3="79,54,125,21,70,24,44,11,86,20,106,76,0"/><U5/><E123/><V47/><F116/><W15/><G106/><T87/><D118/><U95/><E35/><V51/><F133/><W113/><G113/><T81/><D132/><U94/><E38/><V57/><F4/><W78/><G70/><T103/><D105/><U129/><E129/><V52/><F75/><W135/><G0/><T14/><D87/><U84/><E111/><V92/><F73/><W48/><G125/><T41/><D7/><U124/><E124/><V6/><F6/><N who="3" m="3575" /><G135/><T40/><D83/><U112/><E112/><V50/><F92/><W134/><G134/><T12/><D12/><N who="1" m="5167" /><E71/><V108/><F108/><W43/><G20/><T19/><D19/><N who="1" m="12511" /><E95/><V121/><F121/><W56/><G86/><T72/><D103/><U114/><E114/><V59/><F59/><W115/><G115/><T119/><D119/><U130/><E130/><V126/><F126/><W37/><G37/><AGARI ba="1,0" hai="23,27,29,37,42,47,50,51,52,55,57,58,88,91" machi="37" ten="30,8000,1" yaku="7,1,9,1,52,1,54,2" doraHai="26" who="2" fromWho="3" sc="201,0,299,0,250,83,250,-83" /><INIT seed="2,0,0,4,1,120" ten="201,299,333,167" oya="2" hai0="133,38,124,50,131,126,96,60,71,110,31,20,7" hai1="41,23,103,125,12,21,115,39,69,42,102,84,132" hai2="57,13,33,32,130,109,92,6,54,119,97,75,122" hai3="105,135,56,93,4,51,63,16,18,108,106,83,58"/><V79/><F122/><W0/><G0/><T52/><D38/><U49/><E69/><V112/><F112/><W121/><G121/><T2/><D131/><U8/><E39/><V88/><F119/><W70/><G4/><T118/><D118/><U74/><E74/><V64/><F64/><W68/><G93/><T85/><D133/><U11/><E115/><V29/><F29/><W127/><G51/><T28/><D85/><U77/><E125/><N who="0" m="48233" /><D20/><U5/><E132/><V104/><F104/><W3/><G127/><T62/><D96/><U30/><E11/><N who="2" m="4343" /><F130/><W101/><G135/><T14/><D2/><U94/><E30/><N who="0" m="11305" /><D110/><U116/><E116/><V72/><F79/><W86/><G3/><T107/><D107/><U48/><E77/><V55/><F32/><W114/><G114/><T111/><D111/><U9/><E84/><V34/><F33/><W117/><G117/><T76/><D76/><U82/><E94/><V128/><F34/><W40/><G86/><T19/><D71/><U24/><E24/><V37/><F37/><W43/><G83/><T89/><D89/><U67/><E82/><V47/><F109/><W78/><G108/><T95/><D95/><U25/><E25/><V44/><F128/><W87/><G87/><T123/><D123/><U129/><E129/><V22/><F75/><W1/><G1/><T80/><D80/><U35/><E35/><V91/><F72/><W27/><G78/><T36/><D36/><U66/><E12/><V59/><F91/><W99/><G105/><T17/><D7/><AGARI ba="0,0" hai="5,7,8,9,21,23,41,42,48,49,66,67,102,103" machi="7" ten="25,3200,0" yaku="22,2,8,1" doraHai="120" who="1" fromWho="0" sc="201,-32,299,32,333,0,167,0" /><INIT seed="3,0,0,4,4,122" ten="169,331,333,167" oya="3" hai0="21,10,84,41,20,48,35,117,89,135,65,108,50" hai1="103,97,83,22,62,78,27,4,121,5,47,81,25" hai2="71,102,131,2,134,116,43,0,68,16,114,13,92" hai3="87,23,44,6,110,70,53,72,88,95,26,54,73"/><W80/><G70/><T33/><D117/><U49/><E121/><V51/><F114/><W59/><G6/><T100/><D135/><U112/><E62/><V19/><F116/><W56/><G44/><T64/><D100/><U107/><E112/><V105/><F51/><W18/><G110/><T127/><D10/><U125/><E125/><V120/><F13/><W69/><G69/><T85/><D89/><U101/><E101/><V115/><F102/><W8/><G8/><T55/><D127/><U126/><E126/><V1/><F1/><W31/><G31/><T7/><D7/><U82/><E78/><V129/><F43/><W91/><G59/><T111/><D55/><U109/><E109/><V60/><F105/><W17/><G17/><T12/><REACH who="0" step="1"/><D12/><REACH who="0" ten="159,331,333,167" step="2"/><U24/><E4/><V94/><F134/><W39/><G54/><T42/><AGARI ba="0,1" hai="20,21,33,35,41,42,48,50,64,65,84,85,108,111" machi="42" ten="25,12000,2" yaku="1,1,2,1,0,1,22,2,52,2,53,0" doraHai="122" doraHaiUra="118" who="0" fromWho="0" sc="159,130,331,-30,333,-30,167,-60" /><INIT seed="4,0,0,2,1,56" ten="289,301,303,107" oya="0" hai0="99,26,18,119,109,95,102,89,51,94,128,70,92" hai1="68,108,5,1,41,60,19,81,58,135,110,88,91" hai2="53,101,115,42,62,61,133,32,23,105,130,54,122" hai3="124,86,52,11,40,98,120,27,37,125,24,17,0"/><T16/><D119/><U50/><E135/><V79/><F32/><W112/><G112/><T113/><D113/><U9/><E68/><V21/><F105/><W45/><G120/><T25/><D128/><U77/><E19/><N who="0" m="7209" /><D70/><U55/><E108/><V73/><F73/><W90/><G98/><N who="0" m="57615" /><D109/><U87/><REACH who="1" step="1"/><E110/><REACH who="1" ten="289,291,303,107" step="2"/><V78/><F133/><W30/><G17/><T6/><D6/><U71/><E71/><V46/><F122/><W36/><G30/><T107/><D107/><U83/><E83/><V116/><F115/><W8/><G27/><T4/><D4/><U44/><AGARI ba="0,1" hai="1,5,9,41,44,50,55,58,60,77,81,87,88,91" machi="44" ten="30,8000,1" yaku="1,1,0,1,52,1,54,1,53,1" doraHai="56" doraHaiUra="2" who="1" fromWho="1" sc="289,-40,291,90,303,-20,107,-20" /><INIT seed="5,0,0,0,0,119" ten="249,381,283,87" oya="1" hai0="56,88,67,15,11,9,43,34,93,110,66,134,57" hai1="76,108,89,4,50,39,124,61,106,74,100,49,78" hai2="86,30,52,84,21,19,135,0,71,125,118,129,3" hai3="13,47,46,83,70,91,98,82,96,111,114,51,126"/><U24/><E39/><V22/><F71/><W131/><G111/><T31/><D110/><U101/><E108/><V127/><F118/><W104/><G70/><T102/><D134/><U109/><E109/><V120/><F30/><W94/><G131/><T69/><D43/><U122/><E122/><V81/><F129/><W10/><G114/><T27/><D102/><U45/><E4/><V116/><F116/><W26/><G126/><T55/><D69/><U25/><E124/><V37/><F81/><W44/><G104/><T63/><D57/><U133/><E133/><V23/><F23/><W1/><G1/><T123/><D123/><U6/><E6/><V92/><F92/><W40/><G96/><T99/><REACH who="0" step="1"/><D11/><REACH who="0" ten="239,381,283,87" step="2"/><U33/><E101/><V79/><F135/><W64/><G64/><T58/><D58/><U8/><E100/><V103/><F103/><W14/><G46/><T32/><D32/><U128/><E8/><V20/><F120/><W48/><G26/><T105/><D105/><U75/><E45/><V35/><F35/><W7/><REACH who="3" step="1"/><G14/><REACH who="3" ten="239,381,283,77" step="2"/><T36/><D36/><U85/><E25/><V42/><F37/><W59/><G59/><T65/><D65/><U12/><E24/><V18/><F127/><W132/><G132/><T60/><D60/><U112/><E12/><V5/><F125/><W95/><G95/><T2/><D2/><U72/><E61/><V29/><F0/><W113/><G113/><T53/><D53/><AGARI ba="0,2" hai="7,10,13,40,44,47,48,51,53,82,83,91,94,98" machi="53" ten="30,7700,0" yaku="1,1,7,1,8,1,53,1" doraHai="119" doraHaiUra="90" who="3" fromWho="0" sc="239,-77,381,0,283,0,77,97" /><INIT seed="6,0,0,2,2,63" ten="162,381,283,174" oya="2" hai0="5,57,27,85,121,111,22,13,100,17,80,53,113" hai1="37,11,125,132,55,94,16,82,91,67,46,7,41" hai2="28,10,29,6,115,93,118,73,24,3,79,122,4" hai3="49,21,103,72,99,43,76,33,77,18,23,126,25"/><V45/><F122/><W30/><G126/><T88/><D111/><U69/><E125/><V31/><F118/><W124/><G124/><T38/><D38/><U32/><E32/><V112/><F93/><W74/><G74/><T110/><D110/><U95/><E132/><V66/><F45/><W51/><G33/><T75/><D75/><U129/><E129/><V101/><F101/><W102/><G72/><T120/><D113/><N who="2" m="43594" /><F66/><W65/><G65/><T8/><REACH who="0" step="1"/><D100/><REACH who="0" ten="152,381,283,174" step="2"/><U14/><E37/><V135/><F135/><W47/><G103/><T35/><D35/><U62/><E69/><V108/><F108/><W81/><G51/><AGARI ba="0,1" hai="5,8,13,17,22,27,51,53,57,80,85,88,120,121" machi="51" ten="30,3900,0" yaku="1,1,7,1,54,1,53,0" doraHai="63" doraHaiUra="58" who="0" fromWho="3" sc="152,49,381,0,283,0,174,-39" /><INIT seed="7,0,0,2,3,79" ten="201,381,283,135" oya="3" hai0="3,22,59,105,54,9,126,87,63,30,0,92,117" hai1="49,76,42,102,78,35,43,2,69,66,6,71,131" hai2="11,75,5,14,121,53,120,108,72,112,46,94,61" hai3="57,62,27,99,65,115,101,24,116,29,132,114,83"/><W118/><G132/><T13/><D105/><U119/><E35/><V52/><F108/><W103/><G24/><T111/><D111/><U31/><E31/><V125/><F112/><N who="3" m="43051" /><G83/><T97/><D126/><U26/><E26/><V17/><F125/><W1/><G1/><T10/><D117/><N who="3" m="45161" /><G99/><T95/><D3/><U32/><E2/><V106/><F106/><W109/><G109/><T37/><D37/><U45/><E119/><V28/><F28/><W88/><G88/><N who="0" m="53279" /><D0/><U124/><E78/><V40/><F94/><W129/><G129/><T91/><D13/><U89/><E76/><V55/><F75/><W41/><G41/><T110/><D110/><U123/><E131/><V133/><F72/><W25/><G25/><AGARI ba="0,0" hai="9,10,22,25,30,54,59,63,91,95,97" m="53279" machi="25" ten="30,2000,0" yaku="8,1,54,1" doraHai="79" who="0" fromWho="3" sc="201,20,381,0,283,0,135,-20" owari="221,-18.0,381,48.0,283,8.0,115,-38.0" /></mjloggm>