<mjloggm ver="2.3"><GO type="169" lobby="0"/><UN n0="%E5%B0%8F%E6%89%8B%E8%BF%94%E6%92%B2%E6%BB%85%E4%BC%9A%E9%95%B7" n1="%41%E3%82%86%E3%81%A3%E3%81%93%E3%82%93%E3%81%90" n2="%E5%B0%B1%E6%B4%BB%E7%94%9F%40%E5%B7%9D%E6%9D%91%E8%BB%8D%E5%9B%A3" n3="%E3%81%93%E3%82%8C%E3%81%AF%E3%82%B9%E3%82%B8%E3%83%92%E3%81%A0%E3%82%8F" dan="16,17,18,16" rate="2120.37,2130.80,2252.12,2045.54" sx="F,M,M,M"/><TAIKYOKU oya="0"/><INIT seed="0,0,0,3,3,107" ten="250,250,250,250" oya="0" hai0="71,46,75,97,3,1,112,106,84,78,37,31,74" hai1="127,8,122,95,7,92,94,53,63,135,90,54,14" hai2="49,11,62,68,39,80,121,41,110,89,101,56,45" hai3="35,119,44,125,5,103,105,18,77,133,88,6,21"/><T93/><D112/><U58/><E135/><V85/><F121/><W0/><G119/><T132/><D132/><U131/><E131/><V55/><F110/><W83/><G133/><T98/><D31/><U129/><E129/><V25/><F101/><W28/><G105/><T69/><D84/><U124/><E122/><V109/><F109/><W86/><G103/><N who="0" m="62839" /><D97/><U73/><E73/><N who="0" m="27657" /><D78/><U10/><E90/><V66/><F11/><W33/><G0/><N who="0" m="75" /><D93/><U104/><E104/><V27/><AGARI ba="0,0" hai="25,27,39,41,45,49,55,56,62,66,68,80,85,89" machi="27" ten="30,4000,0" yaku="0,1,24,2" doraHai="107" who="2" fromWho="2" sc="250,-20,250,-10,250,40,250,-10" /><INIT seed="1,0,0,2,3,85" ten="230,240,290,240" oya="1" hai0="73,1,110,25,126,15,86,112,58,22,121,24,7" hai1="39,108,100,109,21,2,70,44,9,118,4,31,3" hai2="40,43,47,60,28,130,6,65,37,38,129,64,63" hai3="122,105,14,57,123,78,90,46,54,81,35,29,103"/><U50/><E118/><V0/><F28/><W76/><G35/><T55/><D73/><U62/><E39/><V128/><F6/><W67/><G29/><T135/><D112/><U101/><E2/><V52/><F0/><W74/><G76/><T113/><D113/><U94/><E70/><V11/><F11/><W48/><G103/><T13/><D121/><U17/><E31/><V80/><F80/><W95/><G105/><T34/><D135/><U83/><E62/><V77/><F77/><W102/><G102/><T89/><D126/><U92/><E83/><V5/><F5/><W61/><REACH who="3" step="1"/><G14/><REACH who="3" ten="230,240,290,230" step="2"/><T42/><D1/><U125/><E100/><V91/><F128/><W120/><G120/><T16/><D34/><U97/><E125/><V98/><F129/><W99/><AGARI ba="0,1" hai="46,48,54,57,61,67,74,78,81,90,95,99,122,123" machi="99" ten="20,5200,0" yaku="1,1,0,1,7,1,52,1,53,0" doraHai="85" doraHaiUra="127" who="3" fromWho="3" sc="230,-13,240,-26,290,-13,230,62" /><INIT seed="2,0,0,3,5,0" ten="217,214,277,292" oya="2" hai0="74,97,40,30,86,39,63,76,108,64,78,112,7" hai1="132,24,127,47,109,60,34,114,106,1,80,93,42" hai2="129,81,57,134,67,2,37,15,44,58,104,88,9" hai3="20,96,107,68,103,131,92,10,90,118,43,83,12"/><V32/><F32/><W62/><G118/><T59/><D108/><U55/><E106/><V85/><F2/><W71/><G131/><T126/><D126/><U21/><E114/><V130/><F104/><W120/><G120/><T133/><D112/><U113/><E113/><V53/><F134/><W4/><G62/><T125/><D74/><U14/><E109/><V29/><F29/><W6/><G6/><T116/><D116/><U16/><E1/><V77/><F77/><W46/><G20/><T75/><D75/><U79/><E132/><V5/><F67/><W13/><G13/><T115/><D125/><U25/><E34/><V19/><F37/><W87/><REACH who="3" step="1"/><G107/><REACH who="3" ten="217,214,277,282" step="2"/><T52/><D7/><U135/><E135/><V61/><F129/><W110/><G110/><T35/><D63/><U26/><E127/><V98/><F130/><W41/><G41/><T101/><D40/><U70/><E42/><V82/><F5/><W117/><G117/><T8/><D133/><U105/><E105/><V66/><F15/><W89/><G89/><T31/><D115/><U56/><E14/><V17/><F9/><W124/><G124/><T73/><D8/><U36/><E25/><V49/><F19/><W121/><G121/><T27/><D35/><U111/><E26/><V123/><F17/><W51/><AGARI ba="0,1" hai="4,10,12,43,46,51,68,71,83,87,90,92,96,103" machi="51" ten="20,8000,1" yaku="1,1,0,1,7,1,52,1,53,1" doraHai="0" doraHaiUra="94" who="3" fromWho="3" sc="217,-20,214,-20,277,-40,282,90" /><INIT seed="3,0,0,1,1,85" ten="197,194,237,372" oya="3" hai0="54,29,6,16,33,110,44,96,5,82,24,122,51" hai1="73,87,100,56,118,92,70,50,104,8,74,37,69" hai2="18,101,80,49,40,132,126,77,57,14,55,34,133" hai3="129,75,43,28,23,115,123,102,117,71,79,26,131"/><W76/><G123/><T4/><D110/><U67/><E37/><V0/><F0/><W108/><G117/><T25/><D122/><U9/><E118/><V65/><F34/><W63/><G115/><T45/><D82/><U30/><E73/><V130/><F130/><N who="3" m="49675" /><G108/><T47/><REACH who="0" step="1"/><D96/><REACH who="0" ten="187,194,237,372" step="2"/><U114/><E114/><V103/><F80/><W95/><G75/><T106/><D106/><U105/><E74/><V39/><F77/><W3/><G76/><T15/><D15/><U52/><E105/><V53/><F132/><W21/><G79/><T98/><D98/><U112/><E104/><V90/><F133/><W94/><G3/><T10/><D10/><U68/><E8/><V42/><F14/><W125/><G125/><T86/><D86/><U35/><E9/><V32/><F126/><W22/><G26/><T84/><D84/><U12/><E12/><V109/><F109/><W72/><G72/><T13/><D13/><U113/><E87/><V89/><F101/><W107/><G102/><T93/><D93/><U36/><E92/><V97/><F103/><W27/><G94/><T48/><D48/><U19/><E100/><V91/><F97/><W135/><G107/><T17/><D17/><U41/><E19/><V78/><F18/><W111/><G135/><T66/><D66/><U134/><E67/><V61/><F78/><W38/><G111/><T88/><D88/><U64/><E64/><V121/><F121/><W99/><G95/><T83/><D83/><U31/><E134/><V1/><F89/><W127/><G127/><T81/><D81/><U46/><E30/><RYUUKYOKU ba="0,1" sc="187,15,194,15,237,-15,372,-15" hai0="4,5,6,16,24,25,29,33,44,45,47,51,54" hai1="31,35,36,41,46,50,52,56,68,69,70,112,113" /><INIT seed="4,1,1,1,5,18" ten="202,209,222,357" oya="0" hai0="30,92,94,63,33,89,124,70,123,107,19,81,12" hai1="32,131,26,80,60,2,3,1,98,102,112,45,44" hai2="96,67,129,95,22,133,10,40,91,29,35,104,127" hai3="83,57,38,86,66,115,49,132,101,105,75,20,118"/><T50/><D107/><U48/><E131/><V31/><F35/><W34/><G34/><T4/><D123/><U73/><E60/><V121/><F121/><W14/><G118/><T23/><D124/><U25/><E112/><V24/><F129/><W87/><G38/><T128/><D128/><U54/><E32/><V13/><F104/><W72/><G101/><T135/><D135/><U36/><E73/><V64/><F133/><W71/><G105/><T130/><D4/><U28/><E80/><V58/><F127/><W103/><G103/><T8/><D33/><U106/><REACH who="1" step="1"/><E28/><REACH who="1" ten="202,199,222,357" step="2"/><V114/><F114/><W47/><G83/><T85/><D130/><U113/><E113/><V109/><F31/><W84/><G75/><T88/><D63/><U76/><E76/><V42/><F109/><W43/><G72/><T68/><D81/><U51/><E51/><V99/><F67/><W59/><G115/><T11/><D50/><U110/><E110/><V90/><F64/><W61/><G132/><T7/><D30/><U9/><E9/><V17/><F58/><W16/><AGARI ba="1,2" hai="14,16,20,43,47,49,57,59,61,66,71,84,86,87" machi="16" ten="30,4000,0" yaku="0,1,52,1,54,1" doraHai="18" who="3" fromWho="3" sc="202,-21,199,-11,222,-11,357,63" /><INIT seed="5,0,0,0,4,4" ten="181,188,211,420" oya="1" hai0="89,87,95,8,112,109,78,82,127,48,6,44,63" hai1="91,94,84,23,65,13,20,119,90,79,40,114,130" hai2="61,81,124,111,21,121,128,59,64,125,107,75,26" hai3="53,57,19,110,117,77,98,113,134,76,85,104,106"/><U24/><E119/><V135/><F111/><W99/><G110/><T83/><D109/><U105/><E105/><V67/><F107/><W74/><G74/><T58/><D112/><U108/><E114/><V66/><F121/><W120/><G120/><T96/><D127/><N who="2" m="48714" /><F135/><W133/><G113/><T27/><D27/><U41/><E130/><V122/><F122/><W28/><G117/><T15/><D83/><U1/><E1/><V32/><F32/><W54/><G28/><T73/><D73/><U10/><E79/><N who="2" m="44287" /><F128/><W45/><G85/><T7/><D7/><N who="1" m="3295" /><E65/><V30/><AGARI ba="0,0" hai="21,26,30,59,61,64,66,67" m="44287,48714" machi="30" ten="30,1100,0" yaku="18,1" doraHai="4" who="2" fromWho="2" sc="181,-3,188,-5,211,11,420,-3" /><INIT seed="6,0,0,3,5,10" ten="178,183,222,417" oya="2" hai0="3,71,66,117,125,133,95,132,62,63,12,30,60" hai1="74,37,113,61,1,107,124,109,16,82,41,29,69" hai2="72,24,4,116,89,92,47,134,106,39,87,96,111" hai3="26,129,83,112,7,44,40,131,90,128,91,18,50"/><V52/><F116/><W108/><G108/><T119/><D3/><U115/><E109/><V17/><F72/><W59/><G112/><N who="1" m="43082" /><E29/><V84/><F134/><N who="0" m="51818" /><D30/><U98/><E124/><V43/><F4/><W123/><G123/><T57/><D125/><U38/><E1/><V25/><F111/><W0/><G83/><T55/><D95/><U51/><E51/><V104/><F104/><W23/><G59/><N who="0" m="34943" /><D12/><U14/><E41/><V15/><F52/><AGARI ba="0,0" hai="52,57,62,63,66,71,117,119" m="34943,51818" machi="52" ten="30,7700,0" yaku="20,1,34,2,54,1" doraHai="10" who="0" fromWho="2" sc="178,77,183,0,222,-77,417,0" /><INIT seed="7,0,0,4,2,135" ten="255,183,145,417" oya="3" hai0="55,12,38,30,110,77,37,6,78,62,3,70,92" hai1="99,57,83,10,60,73,9,16,26,11,32,116,121" hai2="119,43,72,64,132,22,75,95,124,100,86,66,18" hai3="87,130,47,71,17,102,133,98,115,63,76,104,90"/><W122/><G122/><T74/><D92/><U24/><E121/><V131/><F132/><W44/><G133/><T27/><D55/><U19/><E32/><V7/><F119/><W34/><G115/><T109/><D12/><U51/><E116/><V94/><F7/><W128/><G34/><T123/><D78/><U42/><E73/><V28/><F131/><N who="3" m="50219" /><G76/><T5/><D62/><U1/><E83/><V84/><F28/><W105/><G105/><T91/><D91/><U81/><E81/><V23/><F43/><W113/><G113/><T33/><D70/><U69/><E99/><V14/><F100/><W36/><G36/><T68/><D68/><U79/><E79/><V129/><F129/><W67/><G17/><N who="1" m="6730" /><E69/><V40/><F18/><W93/><AGARI ba="0,0" hai="44,47,63,67,71,87,90,93,98,102,104" m="50219" machi="93" ten="30,1500,0" yaku="19,1" doraHai="135" who="3" fromWho="3" sc="255,-5,183,-5,145,-5,417,15" owari="250,5.0,178,-22.0,140,-36.0,432,53.0" /></mjloggm>