<mjloggm ver="2.3"><GO type="169" lobby="0"/><UN n0="%E5%AE%AE%E5%B4%8E%E7%9C%8C%E4%BB%A3%E8%A1%A8" n1="%E3%82%AB%E3%83%96%E3%83%88" n2="%E3%83%88%E3%83%88%E3%83%AA%E5%85%88%E7%94%9F%31%39%E6%AD%B3" n3="%E3%82%A2%E3%82%AB%E3%82%AE%EF%BC%A0%E5%B7%9D%E6%9D%91%E8%BB%8D%E5%9B%A3" dan="17,16,19,18" rate="2102.70,2149.89,2257.86,2204.55" sx="M,M,F,M"/><TAIKYOKU oya="0"/><INIT seed="0,0,0,4,5,111" ten="250,250,250,250" oya="0" hai0="123,30,44,95,129,115,89,9,11,10,14,17,61" hai1="12,135,103,45,6,87,130,131,127,124,133,72,98" hai2="112,49,59,58,128,117,40,7,37,94,121,32,118" hai3="19,18,55,22,78,24,53,43,102,80,81,3,48"/><T86/><D129/><N who="1" m="49163" /><E72/><V35/><F7/><W25/><G3/><T88/><D123/><U51/><E87/><V46/><F128/><W28/><G102/><T41/><D115/><U29/><E29/><V70/><F121/><W64/><G64/><T36/><D30/><U5/><E12/><V65/><F94/><W50/><G43/><T93/><REACH who="0" step="1"/><D61/><REACH who="0" ten="240,250,250,250" step="2"/><U26/><E26/><V79/><F112/><W68/><G25/><T125/><D125/><N who="1" m="48203" /><E51/><V39/><F49/><W104/><G28/><T74/><D74/><U134/><E45/><V101/><F46/><W114/><G24/><T91/><D91/><U38/><E38/><V54/><F37/><W16/><G114/><T13/><D13/><U116/><E116/><V42/><F39/><W90/><G90/><T92/><D92/><AGARI ba="0,1" hai="5,6,92,98,103,133,134,135" m="48203,49163" machi="92" ten="40,32000,5" yakuman="39" doraHai="111" who="1" fromWho="0" sc="240,-320,250,330,250,0,250,0" owari="-80,-58.0,580,68.0,250,5.0,250,-15.0" /></mjloggm>