<mjloggm ver="2.3"><GO type="169" lobby="0"/><UN n0="%E3%82%B3%E3%83%BC%E3%83%A9%E4%B8%8B%E3%81%95%E3%81%84" n1="%73%68%6F%6B%6F%6C%61%32" n2="%E9%9B%80%E8%8D%98%E4%B8%AD%E5%B7%9D" n3="%E5%B0%B1%E6%B4%BB%E7%94%9F%40%E5%B7%9D%E6%9D%91%E8%BB%8D%E5%9B%A3" dan="17,16,16,17" rate="2185.43,2073.81,2049.55,2184.44" sx="M,M,F,M"/><TAIKYOKU oya="0"/><INIT seed="0,0,0,2,2,66" ten="250,250,250,250" oya="0" hai0="89,31,82,123,34,64,59,2,77,33,61,133,119" hai1="114,129,87,67,116,32,72,10,130,81,37,134,103" hai2="115,108,79,63,12,135,30,124,16,69,104,118,14" hai3="22,23,122,45,127,48,128,40,105,93,26,51,96"/><T0/><D119/><U54/><E134/><V46/><F115/><W17/><G105/><T53/><D123/><U60/><E32/><V100/><F108/><W117/><G117/><T25/><D133/><U131/><E116/><V97/><F118/><W24/><G122/><T106/><D106/><U41/><E54/><V18/><F135/><W11/><G128/><T132/><D132/><U55/><E55/><V91/><F124/><W20/><G127/><T113/><D113/><U78/><E103/><V112/><F112/><W101/><G48/><T15/><D34/><U19/><E114/><V29/><F79/><W43/><G43/><T74/><D15/><AGARI ba="0,0" hai="11,15,17,20,22,23,24,26,40,45,51,93,96,101" machi="15" ten="40,1300,0" yaku="8,1" doraHai="66" who="3" fromWho="0" sc="250,-13,250,0,250,0,250,13" /><INIT seed="1,0,0,2,3,103" ten="237,250,250,263" oya="1" hai0="80,62,86,90,9,120,70,94,3,2,135,53,1" hai1="52,14,123,64,118,115,87,41,24,13,79,20,22" hai2="89,48,114,73,82,81,110,131,30,104,65,54,15" hai3="74,59,109,6,122,37,25,28,119,11,39,126,68"/><U51/><E123/><V8/><F110/><W98/><G68/><T42/><D135/><U7/><E118/><V99/><F131/><W23/><G109/><T133/><D133/><U76/><E115/><V0/><F0/><W92/><G74/><T106/><D42/><U72/><E72/><V55/><F114/><W40/><G122/><T26/><D120/><U36/><E64/><V27/><F65/><W84/><G119/><T116/><D116/><U78/><E36/><V16/><F73/><W125/><G84/><T32/><D106/><U12/><E41/><V134/><F134/><W113/><G113/><T10/><D70/><U105/><E105/><V4/><F4/><W130/><G130/><T91/><D62/><U121/><E121/><V56/><F55/><W129/><G129/><T128/><D53/><U5/><E87/><V96/><F96/><W18/><G59/><T117/><D117/><U88/><E88/><V95/><REACH who="2" step="1"/><F104/><REACH who="2" ten="237,250,240,263" step="2"/><W45/><G126/><T132/><D128/><U58/><REACH who="1" step="1"/><E22/><AGARI ba="0,1" hai="8,15,16,22,27,30,48,54,56,81,82,89,95,99" machi="22" ten="30,8000,1" yaku="1,1,2,1,7,1,8,1,54,1,53,0" doraHai="103" doraHaiUra="111" who="2" fromWho="1" sc="237,0,250,-80,240,90,263,0" /><INIT seed="2,0,0,2,4,124" ten="237,170,330,263" oya="2" hai0="109,79,34,61,48,45,10,77,132,85,60,9,96" hai1="21,57,41,11,127,23,67,86,120,14,131,91,26" hai2="13,17,40,1,7,84,19,8,110,93,111,76,107" hai3="87,12,32,68,134,78,103,128,106,122,71,119,97"/><V56/><F107/><W114/><G122/><T88/><D109/><N who="2" m="41482" /><F40/><W28/><G119/><T116/><D34/><U92/><E127/><V27/><F76/><N who="0" m="29258" /><D96/><U43/><E120/><V4/><F56/><W62/><G114/><T64/><D132/><U55/><E131/><V66/><F66/><W113/><G113/><T49/><D49/><U118/><E67/><V18/><F84/><W42/><G42/><N who="0" m="24631" /><D116/><U73/><E73/><V35/><F93/><W72/><G134/><T80/><D64/><U46/><E118/><V104/><F104/><W52/><G128/><T20/><D20/><N who="1" m="7755" /><E26/><V82/><F82/><W105/><G72/><T95/><D80/><U102/><E102/><V38/><F38/><W2/><G106/><T108/><D108/><U25/><E25/><V117/><F117/><W90/><G78/><T0/><D0/><U44/><E43/><V99/><F99/><W31/><G71/><T58/><D58/><U130/><E41/><V50/><F50/><W53/><G68/><T74/><D74/><U5/><E130/><V22/><F35/><W75/><G32/><T33/><D33/><U98/><E98/><V101/><F101/><W51/><G75/><T100/><D100/><U126/><E126/><V121/><F121/><W54/><G103/><T29/><D61/><AGARI ba="0,0" hai="5,11,14,44,46,55,57,61,86,91,92" m="7755" machi="61" ten="30,1000,0" yaku="8,1" doraHai="124" who="1" fromWho="0" sc="237,-10,170,10,330,0,263,0" /><INIT seed="3,0,0,4,2,8" ten="227,180,330,263" oya="3" hai0="32,102,124,29,118,113,89,127,101,125,5,73,121" hai1="21,27,83,1,81,17,128,74,116,130,37,30,36" hai2="70,68,50,60,133,132,99,78,15,106,111,88,7" hai3="96,80,16,35,108,20,47,4,77,43,62,46,59"/><W92/><G35/><T58/><D118/><U38/><E116/><V61/><F111/><W72/><G108/><T115/><D5/><U126/><E126/><V105/><F78/><W45/><G4/><T119/><D119/><U123/><E123/><V49/><F7/><W39/><G96/><T86/><D121/><U71/><E71/><V25/><F25/><W52/><REACH who="3" step="1"/><G92/><REACH who="3" ten="227,180,330,253" step="2"/><T120/><D120/><U28/><E1/><V40/><F99/><W97/><G97/><T122/><D122/><U110/><E110/><V22/><F106/><W100/><G100/><T76/><D101/><U51/><E130/><V117/><F105/><W129/><G129/><T0/><D102/><U44/><E128/><V54/><F117/><W55/><G55/><T13/><D124/><U90/><E38/><V75/><F54/><W103/><G103/><T69/><D125/><U91/><E37/><V95/><F95/><W18/><G18/><T98/><D98/><U94/><E36/><V33/><F33/><W19/><G19/><T85/><D32/><U3/><E3/><V56/><F133/><W63/><G63/><T109/><D0/><U10/><E17/><V12/><F61/><W84/><G84/><T11/><D85/><U57/><E94/><V104/><F60/><W64/><G64/><T65/><D109/><U23/><E74/><V114/><F75/><W2/><G2/><T67/><D73/><U53/><E53/><V112/><F104/><W131/><G131/><T79/><D67/><U6/><E6/><V14/><F132/><W34/><G34/><T41/><D127/><RYUUKYOKU ba="0,1" sc="227,-10,180,-10,330,-10,253,30" hai3="16,20,39,43,45,46,47,52,59,62,72,77,80" /><INIT seed="3,1,1,2,4,23" ten="217,170,320,283" oya="3" hai0="72,131,26,119,113,101,99,97,130,103,114,76,7" hai1="56,86,49,117,12,106,18,2,125,46,21,19,90" hai2="81,123,65,87,50,33,32,67,129,102,58,61,11" hai3="8,41,40,95,60,1,9,134,112,108,27,34,92"/><W82/><G112/><N who="0" m="43115" /><D7/><U15/><E106/><V44/><F129/><N who="0" m="49162" /><D26/><U69/><E125/><V124/><F124/><W88/><G1/><T74/><D119/><U10/><E69/><V133/><F133/><W16/><G108/><T24/><D24/><U6/><E117/><V29/><F123/><W31/><G134/><T36/><D36/><U78/><E56/><V47/><F67/><W68/><G82/><N who="0" m="45319" /><D74/><U52/><E78/><V127/><F33/><W17/><G68/><T121/><D121/><U25/><REACH who="1" step="1"/><E19/><REACH who="1" ten="217,160,320,283" step="2"/><V71/><F71/><W120/><G120/><T63/><D63/><U66/><E66/><V39/><F61/><W91/><G60/><T93/><D99/><U89/><E89/><AGARI ba="1,2" hai="89,93,97,101,103" m="45319,49162,43115" machi="89" ten="30,7700,0" yaku="11,1,19,1,34,2" doraHai="23" who="0" fromWho="1" sc="217,100,160,-80,320,0,283,0" /><INIT seed="4,0,0,4,2,123" ten="317,80,320,283" oya="0" hai0="103,115,63,15,36,95,121,21,30,24,39,17,5" hai1="124,83,80,19,77,20,91,32,87,114,7,86,29" hai2="116,99,53,73,9,112,106,4,60,122,79,31,3" hai3="56,113,133,81,96,61,2,27,6,94,64,46,28"/><T129/><D121/><U127/><E7/><V108/><F108/><W45/><G45/><T1/><BYE who="3" /><D115/><U47/><E29/><UN n3="%E5%B0%B1%E6%B4%BB%E7%94%9F%40%E5%B7%9D%E6%9D%91%E8%BB%8D%E5%9B%A3" /><V74/><F122/><W100/><G100/><T52/><BYE who="3" /><D129/><UN n3="%E5%B0%B1%E6%B4%BB%E7%94%9F%40%E5%B7%9D%E6%9D%91%E8%BB%8D%E5%9B%A3" /><U18/><E32/><V104/><F112/><W97/><G97/><T10/><D103/><U54/><E114/><V85/><F116/><W12/><G133/><T41/><D41/><U75/><E75/><V50/><F31/><W22/><G2/><T71/><D95/><U98/><E98/><V59/><F104/><W126/><G126/><T34/><REACH who="0" step="1"/><D52/><REACH who="0" ten="307,80,320,283" step="2"/><U37/><E54/><V26/><F53/><W42/><G113/><T92/><D92/><U38/><E127/><V14/><F106/><W13/><G81/><T132/><D132/><U65/><E124/><V49/><F60/><W23/><G94/><T48/><D48/><U69/><E38/><V43/><F49/><W68/><G96/><T89/><D89/><U90/><E90/><V105/><F50/><W134/><G134/><T125/><D125/><U11/><E91/><V51/><F43/><W55/><G55/><T119/><D119/><U58/><E37/><V84/><F105/><W78/><G42/><T25/><D25/><U101/><E83/><V107/><F26/><W93/><G93/><T62/><D62/><U117/><E80/><V72/><F107/><W67/><G27/><T88/><D88/><U0/><E101/><V70/><F99/><W110/><G61/><T76/><D76/><U8/><E117/><V44/><F79/><W33/><G78/><T131/><D131/><U102/><E77/><RYUUKYOKU ba="0,1" sc="307,30,80,-10,320,-10,283,-10" hai0="1,5,10,15,17,21,24,30,34,36,39,63,71" /><INIT seed="4,1,1,0,1,77" ten="337,70,310,273" oya="0" hai0="107,55,124,35,98,119,12,32,120,15,69,29,91" hai1="31,88,48,113,100,104,82,27,52,19,115,45,133" hai2="67,90,132,96,11,57,60,58,78,10,73,5,44" hai3="95,131,94,129,122,42,6,54,26,66,59,28,51"/><T14/><D119/><U1/><E1/><V114/><F114/><N who="1" m="43529" /><E133/><V4/><F132/><W37/><G122/><T111/><D120/><U62/><E19/><V102/><F90/><W75/><G75/><T71/><D124/><U49/><E100/><V68/><F44/><N who="3" m="23631" /><G6/><T46/><D111/><U39/><E104/><V9/><F78/><W106/><G106/><T125/><D125/><U34/><E39/><V87/><F73/><W25/><G66/><T85/><D98/><U50/><E62/><V105/><F87/><AGARI ba="1,1" hai="27,31,34,45,48,49,50,52,82,87,88" m="43529" machi="87" ten="30,8000,1" yaku="15,1,11,1,52,1,54,2" doraHai="77" who="1" fromWho="2" sc="337,0,70,93,310,-83,273,0" /><INIT seed="5,0,0,3,4,117" ten="337,163,227,273" oya="1" hai0="78,81,121,122,60,10,89,135,102,116,34,126,120" hai1="13,128,25,39,32,91,3,65,90,123,72,87,113" hai2="125,104,93,33,9,62,43,59,37,115,29,63,56" hai3="114,16,131,18,111,70,84,82,4,97,68,88,133"/><U1/><E72/><V127/><F104/><W44/><G111/><T75/><D34/><U50/><E39/><V124/><F115/><W26/><G114/><T103/><D116/><U83/><E113/><V108/><F108/><W30/><G131/><T80/><D126/><U95/><E128/><V41/><F9/><W94/><G133/><T0/><D135/><U17/><E65/><N who="2" m="39111" /><F93/><W49/><G4/><N who="0" m="1287" /><D60/><U98/><E123/><V38/><F29/><W79/><G68/><T107/><D107/><U55/><E25/><V7/><F7/><W45/><G70/><T66/><D66/><U20/><REACH who="1" step="1"/><E32/><REACH who="1" ten="337,153,227,273" step="2"/><V86/><F33/><W42/><G45/><AGARI ba="0,1" hai="1,3,13,17,20,45,50,55,83,87,90,91,95,98" machi="45" ten="30,5800,0" yaku="1,1,2,1,7,1,53,0" doraHai="117" doraHaiUra="36" who="1" fromWho="3" sc="337,0,153,68,227,0,273,-58" /><INIT seed="5,1,0,4,3,22" ten="337,221,227,215" oya="1" hai0="104,59,35,30,51,105,39,116,37,72,24,78,34" hai1="33,92,56,97,82,115,6,43,123,130,93,55,73" hai2="85,65,20,16,28,58,44,40,8,52,29,89,134" hai3="2,25,4,79,80,42,7,98,125,94,120,9,86"/><U133/><E123/><V124/><F134/><W54/><G120/><T77/><D116/><U131/><E133/><V26/><F124/><W11/><G125/><T127/><D127/><U110/><E115/><V90/><F65/><W103/><G42/><T84/><D84/><U27/><E110/><V50/><F8/><W13/><REACH who="3" step="1"/><G54/><REACH who="3" ten="337,221,227,205" step="2"/><T83/><D37/><U117/><E43/><V10/><F10/><W88/><G88/><N who="2" m="33897" /><F85/><W32/><G32/><T81/><D39/><U121/><E121/><V112/><F112/><W99/><G99/><T75/><D35/><U48/><E33/><V17/><F29/><W57/><G57/><T119/><D119/><U87/><E117/><V15/><F15/><W21/><G21/><T74/><D74/><U76/><E97/><V1/><F1/><W107/><G107/><T100/><D104/><U3/><E87/><V102/><F102/><W67/><G67/><T12/><D12/><U111/><E111/><V109/><F109/><W23/><G23/><T122/><D122/><U47/><E3/><V135/><F135/><W106/><G106/><T14/><D14/><U132/><E132/><V66/><F66/><W49/><G49/><AGARI ba="1,1" hai="16,17,20,26,28,40,44,49,50,52,58" m="33897" machi="49" ten="30,8000,1" yaku="8,1,52,1,54,3" doraHai="22" who="2" fromWho="3" sc="337,0,221,0,227,93,205,-83" /><INIT seed="6,0,0,3,0,13" ten="337,221,320,122" oya="2" hai0="30,99,81,55,65,84,69,31,107,89,102,130,98" hai1="15,29,103,2,129,122,100,101,33,39,4,131,64" hai2="106,12,79,95,60,117,80,24,57,132,26,22,77" hai3="49,78,133,119,53,61,25,90,58,72,23,94,40"/><V11/><F117/><W9/><G119/><T121/><D121/><U46/><E122/><V59/><F106/><W105/><G133/><T34/><D130/><N who="1" m="49675" /><E64/><V97/><F132/><W124/><G105/><T96/><D55/><U8/><E33/><V42/><F42/><W47/><G124/><T5/><D5/><U74/><E74/><V82/><F82/><W0/><G72/><T83/><D31/><U3/><E29/><V135/><F135/><W114/><G114/><T35/><D35/><U109/><E109/><V56/><F60/><W71/><G71/><T93/><D81/><U21/><E21/><V16/><F80/><W28/><G78/><N who="2" m="29705" /><F22/><W92/><G0/><T51/><D51/><U19/><E4/><V44/><F44/><W73/><G73/><T112/><D112/><U128/><N who="1" m="49683" /><U48/><DORA hai="6" /><E39/><V115/><F115/><W20/><G92/><T120/><D83/><U70/><E70/><V7/><F7/><W113/><G113/><T118/><D118/><U125/><E125/><V43/><F43/><AGARI ba="0,0" hai="2,3,8,15,19,43,46,48,100,101,103" m="49683" machi="43" ten="40,5200,0" yaku="19,1,52,2" doraHai="13,6" who="1" fromWho="2" sc="337,0,221,52,320,-52,122,0" /><INIT seed="7,0,0,5,1,78" ten="337,273,268,122" oya="3" hai0="51,73,110,62,97,90,63,76,133,75,47,101,82" hai1="17,8,40,11,68,114,19,4,81,99,112,121,65" hai2="131,134,83,57,6,61,95,30,94,126,118,59,18" hai3="21,103,129,53,0,12,109,120,20,85,84,135,116"/><W106/><G0/><T93/><D110/><U122/><E40/><V36/><F118/><W74/><G116/><T125/><D125/><U107/><E65/><V128/><F36/><W119/><G119/><T14/><D133/><U23/><E68/><V89/><F134/><W15/><G135/><T115/><D75/><U60/><E60/><V69/><F126/><W86/><G120/><T71/><D71/><U38/><E38/><V48/><F6/><W111/><G74/><T70/><D70/><U102/><E81/><V66/><F30/><W16/><G129/><N who="2" m="49737" /><F18/><W117/><G117/><T80/><D115/><N who="1" m="44075" /><E19/><V56/><F48/><W72/><G72/><T113/><D113/><U2/><E11/><V22/><F22/><W27/><G53/><T34/><D34/><U127/><E127/><V45/><F45/><W44/><G44/><T29/><D29/><U50/><E50/><V37/><F37/><W35/><G35/><T100/><D14/><AGARI ba="0,0" hai="2,4,8,14,17,23,99,102,107,121,122" m="44075" machi="14" ten="30,1000,0" yaku="15,1" doraHai="78" who="1" fromWho="0" sc="337,-10,273,10,268,0,122,0" owari="327,43.0,283,8.0,268,-13.0,122,-38.0" /></mjloggm>