<mjloggm ver="2.3"><GO type="169" lobby="0"/><UN n0="%E5%B0%B1%E6%B4%BB%E7%94%9F%40%E5%B7%9D%E6%9D%91%E8%BB%8D%E5%9B%A3" n1="%E3%81%99%E3%81%9A%E3%82%81%E3%82%AF%E3%83%AC%E3%82%A4%E3%82%B8%E3%83%BC" n2="%30%30%73%61%69" n3="%E3%82%82%E3%83%BC%E3%82%8A%E3%83%BC" dan="17,20,17,16" rate="2256.48,2181.69,2138.41,2118.73" sx="M,M,M,M"/><TAIKYOKU oya="0"/><INIT seed="0,0,0,3,4,87" ten="250,250,250,250" oya="0" hai0="126,50,99,76,133,71,116,122,129,78,91,127,135" hai1="52,17,93,29,38,54,30,6,42,119,113,26,77" hai2="44,39,125,21,86,56,117,61,3,60,25,68,13" hai3="128,106,79,18,59,84,36,49,124,63,110,112,131"/><T58/><D71/><U15/><E119/><V72/><F3/><W107/><G36/><T109/><D116/><U98/><E113/><V121/><F121/><W47/><G112/><T1/><D1/><U16/><E77/><N who="0" m="29801" /><D122/><U41/><E38/><V40/><F72/><W46/><G46/><T37/><D37/><U5/><E26/><V12/><F117/><W35/><G35/><T90/><D109/><U66/><E66/><V74/><F74/><W108/><G18/><N who="1" m="7274" /><E15/><V23/><F13/><W22/><G84/><T55/><D99/><U14/><E14/><V33/><F12/><W53/><G79/><T28/><D28/><N who="1" m="10859" /><E41/><V9/><F40/><W69/><G106/><T105/><D105/><U81/><E81/><V48/><F25/><W80/><G107/><T19/><D19/><U67/><E42/><V27/><F27/><W45/><G80/><T32/><D129/><U62/><E67/><V11/><F39/><W115/><G128/><T114/><D32/><U57/><E54/><V134/><F33/><W130/><G131/><T123/><D123/><U8/><E8/><V104/><F9/><W34/><G130/><T4/><D4/><U132/><E132/><N who="0" m="50761" /><D114/><U73/><E73/><V103/><F134/><W95/><G115/><T82/><D82/><U89/><AGARI ba="0,0" hai="5,6,52,57,62,89,93,98" m="10859,7274" machi="89" ten="30,7900,0" yaku="8,1,52,1,54,2" doraHai="87" who="1" fromWho="1" sc="250,-39,250,79,250,-20,250,-20" /><INIT seed="1,0,0,1,3,16" ten="211,329,230,230" oya="1" hai0="127,98,8,38,56,104,128,35,28,77,113,27,43" hai1="118,110,33,19,50,114,103,51,5,11,69,3,39" hai2="131,29,132,80,32,129,57,34,67,0,116,12,15" hai3="46,4,106,126,47,48,133,22,45,130,61,123,64"/><U72/><E118/><V115/><F116/><W54/><G123/><T71/><D71/><U83/><E69/><V59/><F132/><W49/><G106/><T66/><D113/><U13/><E114/><V93/><F115/><W75/><G75/><T10/><D127/><U53/><E103/><V88/><F80/><W84/><G133/><T95/><D104/><U17/><E39/><V81/><F81/><W70/><G126/><T107/><D107/><U97/><E97/><V112/><F0/><W18/><G130/><N who="2" m="49673" /><F112/><W82/><G4/><T85/><D85/><U58/><E33/><N who="2" m="12907" /><F29/><W31/><G31/><T42/><D77/><U6/><E110/><V63/><F59/><W20/><G18/><T65/><D56/><U55/><E19/><V102/><F102/><W109/><G109/><T7/><D128/><U87/><E72/><V117/><F117/><W121/><G121/><T2/><D10/><U41/><E3/><V40/><F40/><W119/><G119/><T37/><D43/><U14/><E41/><V36/><F36/><W105/><G105/><T21/><D35/><U124/><E13/><V76/><F76/><W120/><G120/><T62/><D42/><U100/><E100/><V9/><F9/><W99/><G46/><T111/><D111/><U68/><E68/><V125/><F125/><W91/><G99/><AGARI ba="0,0" hai="12,15,57,63,67,88,93,99" m="12907,49673" machi="99" ten="30,2000,0" yaku="19,1,54,1" doraHai="16" who="2" fromWho="3" sc="211,0,329,0,230,20,230,-20" /><INIT seed="2,0,0,5,2,32" ten="211,329,250,210" oya="2" hai0="40,61,50,106,18,84,125,104,97,107,0,1,69" hai1="90,132,15,11,73,24,12,86,100,114,10,117,62" hai2="64,122,87,103,74,112,126,2,65,63,28,39,91" hai3="80,134,101,19,105,135,75,5,49,111,99,46,123"/><V130/><F112/><W124/><G123/><T8/><D97/><U26/><E73/><V82/><F122/><W79/><G111/><T56/><D69/><U9/><E117/><V33/><F39/><W43/><G124/><T70/><D70/><U71/><E132/><V89/><F126/><W22/><REACH who="3" step="1"/><G5/><REACH who="3" ten="211,329,250,200" step="2"/><T6/><D125/><U31/><E114/><V92/><F130/><W16/><G16/><T66/><D18/><U48/><E31/><V119/><F119/><W21/><G21/><T47/><REACH who="0" step="1"/><D84/><REACH who="0" ten="201,329,250,200" step="2"/><U30/><E86/><V13/><F87/><W35/><G35/><T76/><D76/><U54/><E30/><V83/><F28/><W55/><G55/><T4/><D4/><U3/><E54/><V78/><F33/><W121/><G121/><T93/><D93/><U20/><E20/><V94/><F92/><W7/><G7/><T45/><D45/><U72/><E72/><V52/><F94/><W14/><AGARI ba="0,2" hai="14,19,22,43,46,49,75,79,80,99,101,105,134,135" machi="14" ten="30,4000,0" yaku="1,1,0,1,53,1" doraHai="32" doraHaiUra="77" who="3" fromWho="3" sc="201,-10,329,-10,250,-20,200,60" /><INIT seed="3,0,0,0,3,40" ten="191,319,230,260" oya="3" hai0="134,9,115,53,0,120,92,54,46,52,55,67,76" hai1="78,80,65,98,27,63,109,89,34,122,123,17,56" hai2="125,30,94,129,130,28,43,73,86,31,16,38,12" hai3="7,108,124,106,39,101,82,33,58,47,79,121,107"/><W72/><G121/><T97/><D120/><U90/><E109/><V68/><F73/><W96/><G108/><T41/><D134/><U50/><E90/><V37/><F68/><W14/><G124/><T111/><D111/><U91/><E91/><N who="2" m="53623" /><F43/><W81/><G33/><T64/><D115/><U3/><E3/><V60/><F60/><W24/><G107/><T70/><D76/><U103/><E89/><V131/><F125/><W110/><G82/><T36/><N who="0" m="13824" /><DORA hai="127" /><T99/><D70/><U22/><E50/><V2/><F2/><W10/><G24/><T15/><D0/><U20/><E20/><AGARI ba="0,0" hai="12,16,20,28,30,31,37,38,129,130,131" m="53623" machi="20" ten="40,8000,1" yaku="19,1,52,3,54,1" doraHai="40,127" who="2" fromWho="1" sc="191,0,319,-80,230,80,260,0" /><INIT seed="4,0,0,0,0,102" ten="191,239,310,260" oya="0" hai0="123,60,19,118,74,84,113,99,67,16,92,61,105" hai1="125,89,131,86,56,106,133,129,85,71,8,58,117" hai2="12,15,35,80,127,27,33,91,90,109,116,75,40" hai3="57,132,25,114,21,73,26,10,44,62,112,31,11"/><T38/><D74/><U39/><E117/><V69/><F109/><W72/><G132/><T88/><D118/><U78/><E71/><V65/><F116/><W76/><G44/><T14/><D123/><U103/><E39/><V47/><F127/><W4/><G26/><T49/><D38/><U82/><E8/><V94/><F65/><W101/><G101/><T42/><D113/><N who="3" m="43625" /><G76/><T95/><D105/><U98/><E125/><V119/><F69/><W130/><G130/><N who="1" m="49674" /><E133/><V70/><F70/><W18/><G31/><T2/><D2/><U81/><AGARI ba="0,0" hai="56,58,78,81,82,85,86,89,98,103,106" m="49674" machi="81" ten="30,2000,0" yaku="19,1,52,1" doraHai="102" who="1" fromWho="1" sc="191,-10,239,20,310,-5,260,-5" /><INIT seed="5,0,0,0,0,120" ten="181,259,305,255" oya="1" hai0="61,125,111,84,98,41,53,135,57,112,121,49,128" hai1="127,123,32,68,67,118,94,85,107,95,31,4,131" hai2="8,116,11,132,130,21,69,63,2,29,117,33,39" hai3="10,6,55,86,76,47,42,129,58,43,54,7,124"/><U44/><E118/><V82/><F39/><W51/><G124/><T101/><D121/><U25/><E123/><V48/><F33/><W104/><G104/><T88/><D125/><U36/><E127/><V87/><F130/><W71/><G71/><T81/><D128/><U134/><E131/><V105/><F105/><W14/><G6/><T72/><D135/><U34/><E34/><V59/><F69/><W46/><G129/><T114/><D111/><U9/><E134/><V70/><F70/><W99/><G99/><T80/><D72/><U35/><E35/><V24/><F48/><N who="3" m="26711" /><G58/><T45/><REACH who="0" step="1"/><D80/><AGARI ba="0,0" hai="7,10,14,43,47,51,54,55,76,80,86" m="26711" machi="80" ten="30,2000,0" yaku="25,1,8,1" doraHai="120" who="3" fromWho="0" sc="181,-20,259,0,305,0,255,20" /><INIT seed="6,0,0,0,1,94" ten="161,259,305,275" oya="2" hai0="74,93,59,18,37,107,124,101,84,98,0,105,112" hai1="15,132,66,46,13,122,48,109,67,11,45,111,12" hai2="135,127,95,4,51,27,114,21,35,64,129,22,25" hai3="10,108,50,71,65,110,123,62,131,47,100,116,113"/><V43/><F114/><W86/><G116/><T79/><D37/><U78/><E11/><V55/><F129/><W70/><G123/><T73/><D0/><U16/><E122/><V42/><F135/><W77/><G131/><T96/><D59/><U41/><E78/><V75/><F75/><N who="0" m="28682" /><D18/><U30/><E132/><V57/><F35/><W20/><G113/><T26/><D26/><U1/><E1/><V69/><F4/><W89/><G10/><T56/><D56/><U3/><E3/><V2/><F2/><W34/><G20/><T61/><D61/><U118/><E118/><V38/><F38/><W117/><G117/><T19/><D19/><U40/><E16/><V49/><F69/><W125/><G34/><T58/><D58/><U102/><E102/><V52/><F57/><W90/><G71/><T68/><D68/><U83/><E83/><V36/><F36/><W119/><G119/><T82/><D112/><U14/><E14/><V87/><F64/><N who="1" m="24617" /><E48/><V85/><F95/><W8/><G50/><T44/><D44/><N who="1" m="17003" /><E30/><V103/><F103/><W133/><G47/><T76/><D124/><AGARI ba="0,0" hai="21,22,25,27,42,43,49,51,52,55,85,87,124,127" machi="124" ten="25,4800,0" yaku="22,2,54,1" doraHai="94" who="2" fromWho="0" sc="161,-48,259,0,305,48,275,0" /><INIT seed="6,1,0,1,3,15" ten="113,259,353,275" oya="2" hai0="36,63,90,57,3,92,96,126,79,129,114,70,52" hai1="117,65,28,124,108,76,121,134,86,9,127,16,49" hai2="131,132,82,106,128,67,26,55,68,112,31,69,18" hai3="33,115,60,113,11,47,66,61,72,71,29,27,4"/><V91/><F106/><W30/><G30/><T0/><D114/><N who="3" m="43529" /><G61/><T98/><D129/><U5/><E108/><V41/><F31/><W89/><G47/><T50/><D126/><N who="1" m="48171" /><E117/><V133/><F26/><W84/><G84/><T102/><D36/><U39/><E39/><V46/><F46/><W44/><G44/><T74/><D74/><U95/><E134/><V45/><F45/><W135/><G135/><T20/><D79/><U48/><E65/><V83/><F67/><W21/><G89/><T23/><D70/><U116/><E121/><V75/><F91/><W107/><G107/><T59/><D3/><U97/><E28/><V105/><F105/><W40/><G40/><T110/><D0/><U6/><E116/><V80/><F41/><W53/><G53/><T120/><D120/><U99/><E99/><V51/><F55/><W38/><G38/><T17/><D110/><U62/><E62/><V35/><F132/><W25/><G72/><T58/><D50/><U42/><E42/><V93/><F133/><W125/><G125/><T118/><D118/><U78/><E86/><V77/><F75/><W14/><G27/><N who="0" m="14735" /><D23/><AGARI ba="1,0" hai="4,11,14,21,23,25,29,33,60,66,71" m="43529" machi="23" ten="30,2000,0" yaku="15,1,11,1" doraHai="15" who="3" fromWho="0" sc="113,-23,259,0,353,0,275,23" /><INIT seed="7,0,0,0,5,53" ten="90,259,353,298" oya="3" hai0="107,20,6,19,70,104,47,4,58,40,9,81,33" hai1="62,12,85,111,61,97,130,64,116,92,91,39,43" hai2="105,56,98,34,109,75,57,25,106,132,133,88,24" hai3="89,31,15,18,129,22,127,100,7,86,113,55,59"/><W45/><G113/><T119/><D119/><U66/><E111/><V128/><F109/><W49/><G127/><T71/><D33/><U73/><E73/><V115/><F75/><W123/><G129/><T23/><D81/><U32/><E32/><V82/><F115/><W118/><G118/><T90/><D9/><U3/><E3/><V29/><F25/><W112/><G112/><T17/><D47/><U54/><E39/><V21/><F21/><W124/><G124/><T10/><D10/><U8/><E43/><V26/><F26/><W37/><G123/><T93/><D40/><U2/><E2/><V131/><F82/><W36/><G100/><T27/><D27/><U28/><E28/><V16/><F16/><W72/><G72/><T80/><D80/><U67/><E130/><N who="2" m="49707" /><F88/><W83/><G31/><T51/><D51/><U79/><E116/><V77/><F77/><W44/><REACH who="3" step="1"/><G7/><REACH who="3" ten="90,259,353,288" step="2"/><T99/><D90/><U95/><E79/><V50/><F105/><W122/><G122/><T87/><D93/><U74/><E74/><V117/><F117/><W126/><G126/><T11/><D11/><U135/><E92/><V13/><F106/><W108/><G108/><T63/><D99/><U48/><E97/><V84/><F98/><W125/><G125/><T46/><D104/><U114/><E114/><V38/><F29/><W76/><G76/><T0/><D107/><U68/><E95/><V35/><F34/><W102/><G102/><T30/><D30/><U110/><E91/><V60/><F35/><W94/><G94/><T5/><D0/><U134/><E110/><RYUUKYOKU ba="0,1" sc="90,-10,259,-10,353,-10,288,30" hai3="15,18,22,36,37,44,45,49,55,59,83,86,89" /><INIT seed="7,1,1,2,2,20" ten="80,249,343,318" oya="3" hai0="63,64,21,69,9,131,90,23,61,11,18,124,27" hai1="93,17,22,89,119,51,53,2,12,45,25,16,94" hai2="128,10,34,1,72,41,102,6,31,60,134,58,56" hai3="32,71,91,35,116,62,107,97,125,109,65,126,50"/><W78/><G116/><T33/><D33/><N who="3" m="12873" /><G78/><T120/><D120/><U29/><E2/><V127/><F72/><W99/><G91/><T84/><D124/><N who="3" m="47721" /><G97/><T104/><D104/><U105/><E105/><V85/><F127/><W121/><G121/><T111/><D111/><U13/><E119/><V95/><F102/><N who="3" m="62943" /><G50/><T44/><D131/><U24/><E29/><V86/><F95/><N who="1" m="36361" /><E89/><V108/><F108/><AGARI ba="1,1" hai="62,65,71,108,109" m="62943,47721,12873" machi="108" ten="40,3900,0" yaku="18,1,23,1" doraHai="20" who="3" fromWho="2" sc="80,0,249,0,343,-42,318,52" owari="80,-42.0,249,-15.0,301,10.0,370,47.0" /></mjloggm>