<mjloggm ver="2.3"><GO type="225" lobby="0"/><UN n0="%E3%81%B1%E3%81%8A%E3%83%BC%E3%83%BC%E3%82%93" n1="%E3%81%B9%E3%81%91%E3%82%93" n2="%E5%B0%B1%E6%B4%BB%E7%94%9F%40%E5%B7%9D%E6%9D%91%E8%BB%8D%E5%9B%A3" n3="%E5%B0%8F%E9%98%AA%E3%81%A1%E3%81%B2%E3%82%8D" dan="16,16,17,16" rate="2071.24,2177.26,2173.94,2117.10" sx="M,M,M,F"/><TAIKYOKU oya="0"/><INIT seed="0,0,0,0,3,75" ten="250,250,250,250" oya="0" hai0="9,15,51,72,23,77,111,1,65,89,29,61,114" hai1="85,10,43,79,132,18,84,134,14,81,53,123,12" hai2="48,27,35,11,50,57,39,33,44,103,127,91,122" hai3="133,58,74,28,25,21,128,121,4,68,87,106,8"/><T97/><D114/><U125/><E123/><V46/><F122/><W102/><G74/><T64/><D111/><U54/><E125/><V42/><F103/><W104/><G68/><T19/><D51/><U117/><E43/><V113/><F127/><W112/><G112/><T110/><D110/><U5/><E117/><V7/><F113/><W2/><G133/><N who="1" m="51306" /><E85/><V92/><F57/><W38/><G38/><T78/><D72/><U69/><E69/><V94/><F27/><W22/><G128/><T109/><D109/><U30/><E30/><V66/><F66/><W16/><G121/><T107/><D107/><U32/><E32/><V80/><F39/><W41/><G41/><T24/><D1/><U115/><E115/><V95/><F80/><W83/><G102/><T3/><D3/><U20/><AGARI ba="0,0" hai="5,10,12,14,18,20,53,54,79,81,84" m="51306" machi="20" ten="30,2000,0" yaku="20,1,52,1" doraHai="75" who="1" fromWho="1" sc="250,-10,250,20,250,-5,250,-5" /><INIT seed="1,0,0,4,1,14" ten="240,270,245,245" oya="1" hai0="11,65,34,121,18,112,103,133,87,127,52,5,64" hai1="86,104,3,48,7,76,8,51,89,128,95,100,35" hai2="93,22,116,32,124,24,111,16,4,77,37,94,106" hai3="54,101,9,23,28,26,38,75,80,10,63,82,19"/><U53/><E35/><V68/><F106/><W117/><G38/><T66/><D112/><U13/><E128/><V88/><F68/><W43/><G117/><T83/><D34/><U73/><E3/><V118/><F37/><W113/><G113/><T2/><D121/><U105/><E105/><V78/><F32/><W40/><G101/><T33/><D33/><U57/><E48/><V30/><F124/><W59/><G75/><T119/><D119/><U131/><E131/><V61/><F4/><W60/><G60/><T39/><D39/><U90/><E104/><V98/><F111/><W126/><G126/><T71/><D103/><U20/><E73/><V92/><F116/><W6/><G28/><T0/><D0/><U115/><E115/><V27/><F61/><W102/><G102/><T1/><D1/><U108/><E108/><V85/><F118/><W70/><G70/><T25/><D133/><U129/><E129/><V41/><F41/><N who="3" m="15947" /><G6/><T21/><D127/><U12/><E100/><N who="2" m="60487" /><F30/><W122/><G122/><T110/><D110/><U74/><E74/><V36/><F36/><W62/><G62/><T47/><D71/><U56/><E56/><V72/><F72/><W81/><AGARI ba="0,0" hai="9,10,19,23,26,54,59,63,80,81,82" m="15947" machi="81" ten="30,2000,0" yaku="8,1,52,1" doraHai="14" who="3" fromWho="3" sc="240,-5,270,-10,245,-5,245,20" /><INIT seed="2,0,0,4,0,5" ten="235,260,240,265" oya="2" hai0="100,112,29,91,27,86,80,108,78,85,106,93,57" hai1="17,127,103,7,8,76,94,13,133,44,64,67,107" hai2="105,129,95,18,110,39,24,125,128,42,131,121,28" hai3="134,2,47,75,123,14,51,119,132,55,87,36,22"/><V96/><F121/><W26/><G75/><T92/><D112/><U30/><E107/><V20/><F125/><W3/><G119/><T46/><D108/><U45/><E127/><V99/><F110/><W62/><G123/><T12/><D12/><N who="1" m="5151" /><E133/><N who="3" m="51306" /><G87/><T88/><D46/><N who="1" m="18027" /><E30/><V97/><F105/><W65/><G36/><T70/><D70/><U111/><E76/><V135/><F135/><W32/><G32/><T4/><D4/><U130/><E130/><V33/><F42/><W104/><G14/><T21/><D57/><U101/><E111/><V66/><F66/><N who="1" m="25129" /><E94/><V117/><F117/><W83/><G83/><T73/><D106/><U82/><E82/><V15/><REACH who="2" step="1"/><F39/><REACH who="2" ten="235,260,230,265" step="2"/><W38/><G38/><T120/><D120/><U115/><E115/><V113/><F113/><W63/><G104/><T98/><REACH who="0" step="1"/><D100/><AGARI ba="0,1" hai="15,18,20,24,28,33,95,96,97,99,100,128,129,131" machi="100" ten="40,3900,0" yaku="1,1,19,1,53,0" doraHai="5" doraHaiUra="81" who="2" fromWho="0" sc="235,-39,260,0,230,49,265,0" /><INIT seed="2,1,0,0,0,78" ten="196,260,279,265" oya="2" hai0="134,64,22,127,54,119,61,40,68,41,21,104,126" hai1="135,28,111,71,57,23,100,6,53,63,84,76,129" hai2="44,90,106,33,103,30,109,12,79,4,13,114,97" hai3="110,0,62,85,77,87,66,45,132,75,98,105,102"/><V95/><F114/><W15/><G0/><T42/><D104/><U50/><E111/><V88/><F109/><W24/><G110/><T49/><D22/><U2/><E129/><V116/><F116/><W70/><G132/><T19/><D19/><U26/><E135/><V7/><F79/><W122/><G122/><T48/><D21/><U29/><E100/><V43/><F33/><W120/><G120/><T131/><D134/><U96/><E96/><V9/><F30/><W91/><G45/><T58/><D131/><U121/><E121/><V60/><F60/><W93/><G15/><T125/><REACH who="0" step="1"/><D119/><REACH who="0" ten="186,260,279,265" step="2"/><U17/><E17/><V16/><F106/><W73/><REACH who="3" step="1"/><G24/><REACH who="3" ten="186,260,279,255" step="2"/><T11/><D11/><U37/><E26/><V115/><F115/><W35/><G35/><T112/><D112/><U117/><E117/><V81/><F7/><W47/><G47/><AGARI ba="1,2" hai="40,41,42,47,48,49,54,58,61,64,68,125,126,127" machi="47" ten="40,8000,1" yaku="1,1,18,1,34,3,53,0" doraHai="78" doraHaiUra="124" who="0" fromWho="3" sc="186,103,260,0,279,0,255,-83" /><INIT seed="3,0,0,2,4,3" ten="289,260,279,172" oya="3" hai0="74,57,73,31,1,93,6,60,0,4,8,39,99" hai1="36,69,109,83,28,122,50,116,134,10,97,135,27" hai2="72,14,54,106,43,52,42,80,113,94,62,64,95" hai3="111,37,11,16,34,121,48,129,18,2,110,51,41"/><W66/><G121/><T127/><D39/><U124/><E122/><V7/><F106/><W29/><G129/><T17/><D31/><U55/><E36/><V130/><F72/><W118/><G118/><T65/><D127/><U112/><E112/><V79/><F130/><W33/><G66/><T71/><D71/><U24/><E116/><V77/><F113/><W98/><G98/><T117/><D117/><U70/><E124/><V103/><F64/><W59/><G37/><T100/><D17/><N who="3" m="6761" /><G41/><N who="2" m="15369" /><F80/><W23/><G23/><T128/><D128/><U84/><E109/><N who="3" m="41482" /><G29/><T5/><D5/><U76/><E97/><N who="2" m="59831" /><F95/><W47/><G47/><T68/><D68/><U63/><E10/><AGARI ba="0,0" hai="0,1,4,6,8,10,57,60,65,73,74,93,99,100" machi="10" ten="40,5200,0" yaku="9,1,52,2" doraHai="3" who="0" fromWho="1" sc="289,52,260,-52,279,0,172,0" owari="341,44.0,208,-19.0,279,8.0,172,-33.0" /></mjloggm>