<mjloggm ver="2.3"><GO type="169" lobby="0"/><UN n0="%E3%83%86%E3%83%AC%E3%83%93%E3%81%A3%E5%AD%90" n1="%E3%83%9E%E3%83%88%E3%83%AA%E3%83%83%E3%82%AF%E3%82%B9" n2="%E6%AD%A6%E5%89%87%E8%BC%9D%E6%B5%B7" n3="%E3%82%A6%E3%83%AB%E3%83%88%E3%83%A9%E7%AB%8B%E7%9B%B4" dan="17,16,16,18" rate="2145.63,2071.88,2112.26,2203.43" sx="M,M,M,M"/><TAIKYOKU oya="0"/><INIT seed="0,0,0,4,0,127" ten="250,250,250,250" oya="0" hai0="48,120,84,99,65,114,57,69,30,24,35,32,53" hai1="87,26,88,44,121,111,50,78,34,11,46,31,7" hai2="74,85,116,81,91,14,124,28,117,77,12,54,89" hai3="130,107,20,113,49,72,21,27,135,70,109,51,80"/><T5/><D120/><U22/><E121/><V17/><F124/><W58/><G70/><T68/><D114/><U29/><E111/><V23/><F28/><W33/><G107/><T59/><D35/><U10/><E78/><V97/><F14/><W66/><G113/><T71/><D5/><U75/><E75/><V42/><F42/><W101/><G101/><T90/><D99/><U1/><E11/><V123/><F123/><W2/><G2/><T105/><D105/><U112/><E112/><V3/><F3/><W94/><G94/><T18/><D18/><U8/><E8/><V40/><F40/><W134/><G33/><T92/><REACH who="0" step="1"/><D59/><REACH who="0" ten="240,250,250,250" step="2"/><U76/><E34/><V56/><F97/><W106/><G106/><T98/><D98/><U93/><E31/><V115/><F115/><W9/><G58/><T15/><D15/><U128/><E7/><V61/><F74/><W6/><G72/><T37/><D37/><U118/><E1/><V0/><F0/><W95/><G6/><T55/><D55/><U131/><E118/><AGARI ba="0,1" hai="12,17,23,54,56,61,77,81,85,89,91,116,117,118" machi="118" ten="40,1300,0" yaku="12,1" doraHai="127" who="2" fromWho="1" sc="240,0,250,-13,250,23,250,0" /><INIT seed="1,0,0,2,4,47" ten="240,237,273,250" oya="1" hai0="91,21,18,134,6,54,93,35,121,48,125,104,69" hai1="41,87,61,46,117,74,111,52,14,96,68,0,2" hai2="7,29,90,31,43,23,107,64,20,30,126,103,53" hai3="38,120,75,115,63,86,109,113,28,32,82,116,59"/><U24/><E74/><V114/><F126/><W131/><G28/><T99/><D125/><U130/><E117/><V57/><F107/><W66/><G86/><T36/><D134/><U88/><E130/><V62/><F103/><W9/><G82/><T16/><D121/><U98/><E111/><V13/><F114/><W25/><G9/><T127/><D36/><U3/><E14/><V37/><F37/><W102/><G25/><T132/><D35/><U95/><E24/><V76/><F43/><W78/><G78/><T51/><D69/><U8/><E8/><N who="2" m="4255" /><F76/><W119/><G102/><T89/><D104/><U26/><E26/><V135/><F135/><W19/><G19/><N who="0" m="7211" /><D54/><U118/><E118/><N who="3" m="45098" /><G75/><T124/><D127/><U85/><E85/><V42/><F42/><W84/><G84/><N who="0" m="52391" /><D132/><U77/><E77/><V10/><F10/><W58/><G32/><T56/><D56/><U33/><E33/><V101/><F101/><W40/><G120/><T80/><D124/><U27/><E27/><V45/><F90/><W79/><G79/><T128/><D128/><U67/><REACH who="1" step="1"/><E52/><REACH who="1" ten="240,227,273,250" step="2"/><V81/><F81/><W15/><G131/><T73/><D73/><U129/><E129/><V34/><F34/><W92/><G109/><T17/><D80/><U123/><E123/><V112/><F112/><W39/><G113/><T83/><D83/><U97/><E97/><V4/><F53/><W106/><G115/><T55/><D55/><U110/><E110/><V1/><F45/><W49/><G15/><N who="0" m="9407" /><D6/><U11/><E11/><V108/><F108/><W60/><G40/><T100/><D99/><RYUUKYOKU ba="0,1" sc="240,-15,227,15,273,15,250,-15" hai1="0,2,3,41,46,61,67,68,87,88,95,96,98" hai2="1,4,20,23,29,30,31,57,62,64" /><INIT seed="1,1,1,1,3,110" ten="225,242,288,235" oya="1" hai0="31,30,128,124,112,10,70,19,75,86,80,89,3" hai1="9,131,88,78,68,55,1,96,82,16,26,99,51" hai2="79,90,22,27,73,59,98,97,94,42,134,117,64" hai3="76,127,11,81,43,66,17,35,39,95,47,13,85"/><U108/><E68/><V52/><F117/><W74/><G35/><T20/><D70/><U87/><E131/><V12/><F134/><W28/><G28/><T37/><D128/><U71/><E71/><V8/><F64/><W102/><G66/><T63/><D37/><U33/><E108/><V113/><F42/><W14/><G127/><T104/><D124/><U34/><E34/><V44/><F44/><W45/><G45/><T15/><D104/><U83/><E33/><V7/><F73/><W62/><G62/><T116/><D116/><U0/><E0/><V101/><F79/><W118/><G118/><T111/><D111/><U121/><E121/><V32/><F32/><W100/><G14/><T133/><D133/><U41/><E41/><V65/><F65/><W122/><G122/><T50/><D63/><U114/><E1/><V135/><F135/><W115/><G115/><T54/><D75/><U120/><E114/><V38/><F113/><W103/><G95/><T77/><D77/><U49/><E49/><V25/><F38/><W53/><G53/><T130/><D130/><U125/><E125/><V93/><F22/><W48/><G74/><T61/><D61/><AGARI ba="1,1" hai="7,8,12,25,27,52,59,61,90,93,94,97,98,101" machi="61" ten="30,3900,0" yaku="7,1,8,1,54,1" doraHai="110" who="2" fromWho="0" sc="225,-42,242,0,288,52,235,0" /><INIT seed="2,0,0,5,1,135" ten="183,242,340,235" oya="2" hai0="42,34,73,66,18,11,7,98,8,87,70,37,64" hai1="50,123,105,32,17,117,99,134,127,107,43,48,6" hai2="4,51,84,104,57,131,126,129,35,97,120,71,74" hai3="88,81,100,1,106,110,114,41,26,69,58,124,53"/><V49/><F74/><W31/><G1/><T25/><D73/><U47/><E32/><V125/><F35/><W79/><G69/><T44/><D70/><U55/><E117/><V30/><F30/><W33/><G41/><T67/><D98/><U121/><E134/><V83/><F71/><W115/><G100/><T92/><D92/><U60/><E6/><V128/><F4/><W20/><G106/><T103/><D103/><U91/><E60/><V62/><F120/><N who="1" m="46153" /><E17/><V90/><F97/><W9/><G9/><T72/><D72/><U130/><E130/><V78/><F78/><W76/><G33/><T13/><D87/><U54/><E43/><V63/><F63/><W23/><G23/><T14/><REACH who="0" step="1"/><D64/><REACH who="0" ten="173,242,340,235" step="2"/><U5/><E99/><V61/><F104/><W80/><G80/><T93/><D93/><U56/><E107/><V101/><F101/><W122/><G122/><T112/><D112/><U89/><E105/><V77/><F131/><W111/><G114/><T3/><D3/><U59/><E91/><V52/><F129/><W133/><G115/><T24/><D24/><U27/><E27/><V46/><F90/><W16/><G88/><T12/><D12/><U95/><E89/><V109/><F128/><W15/><G81/><T39/><D39/><U10/><E95/><V119/><F83/><W29/><G26/><T36/><D36/><U68/><E68/><V21/><F84/><W40/><G15/><T19/><D19/><U116/><E116/><V118/><F118/><W0/><G16/><T113/><D113/><U38/><E38/><V82/><F119/><RYUUKYOKU ba="0,1" sc="173,30,242,-10,340,-10,235,-10" hai0="7,8,11,13,14,18,25,34,37,42,44,66,67" /><INIT seed="3,1,1,0,1,63" ten="203,232,330,225" oya="3" hai0="25,132,69,22,32,95,91,29,66,2,6,73,42" hai1="80,13,51,105,77,37,100,67,127,126,130,17,53" hai2="44,124,109,24,74,35,106,68,84,30,62,128,57" hai3="111,81,60,3,107,26,47,0,71,79,114,38,56"/><W123/><G123/><T12/><D73/><U21/><E37/><V82/><F109/><W64/><G114/><T19/><D42/><U131/><E100/><V10/><F124/><N who="1" m="47657" /><E105/><V113/><F113/><W52/><G107/><T7/><D132/><U135/><E67/><V115/><F115/><W11/><G26/><T83/><D83/><U40/><E40/><V58/><F74/><W120/><G120/><T121/><D121/><U48/><E135/><V99/><F10/><W65/><G111/><T108/><D108/><U118/><E118/><V14/><F14/><W119/><G119/><T45/><D45/><N who="1" m="27791" /><E51/><V5/><F44/><W49/><G11/><T31/><D31/><U4/><E4/><V101/><F5/><W87/><G65/><T36/><D36/><U15/><E15/><V90/><F128/><W55/><G55/><T112/><D112/><U54/><E54/><V27/><F27/><W18/><G18/><T43/><D43/><AGARI ba="1,1" hai="0,3,38,43,47,49,52,56,60,64,71,79,81,87" machi="43" ten="40,12000,1" yaku="24,2,52,1,54,1" doraHai="63" who="3" fromWho="0" sc="203,-123,232,0,330,0,225,133" /><INIT seed="3,2,0,1,3,98" ten="80,232,330,358" oya="3" hai0="124,99,3,51,125,110,35,130,87,9,85,28,8" hai1="48,52,132,111,37,0,39,15,61,104,133,13,56" hai2="1,105,21,43,16,18,24,119,89,78,121,26,65" hai3="94,11,95,46,109,23,68,131,17,63,101,20,115"/><W55/><G115/><T129/><D51/><U84/><E104/><V79/><F1/><W7/><G131/><N who="0" m="50187" /><D99/><U45/><E0/><V38/><F119/><W44/><G109/><T50/><D50/><U47/><E84/><N who="0" m="32329" /><D3/><U66/><E13/><V134/><F89/><W123/><G68/><T36/><D36/><N who="1" m="13899" /><E15/><V67/><F105/><W64/><G94/><T62/><D62/><U102/><E102/><V54/><F54/><W91/><G55/><T60/><D60/><U103/><E103/><V88/><F88/><W114/><G91/><T6/><D6/><U135/><E111/><V5/><F38/><W128/><G128/><T32/><D28/><U93/><E93/><V100/><F100/><W113/><G101/><T126/><D110/><U116/><E116/><V86/><F86/><W29/><G95/><T82/><D82/><U31/><E31/><V22/><F43/><W97/><G97/><T75/><D75/><U81/><E81/><V57/><F57/><AGARI ba="2,0" hai="45,47,48,52,56,57,61,66,132,133,135" m="13899" machi="57" ten="40,8000,1" yaku="20,1,34,2,54,1" doraHai="98" who="1" fromWho="2" sc="80,0,232,86,330,-86,358,0" /><INIT seed="4,0,0,2,1,85" ten="80,318,244,358" oya="0" hai0="18,77,60,126,105,66,61,65,35,15,28,71,109" hai1="123,42,30,44,68,12,74,58,9,70,117,6,8" hai2="98,11,132,113,124,94,10,87,29,83,53,49,86" hai3="103,100,108,54,81,13,90,135,23,24,31,34,36"/><T19/><D126/><U2/><E74/><V56/><F124/><W17/><G36/><T38/><D109/><U72/><E72/><V116/><F113/><W14/><G108/><T107/><D38/><U111/><E117/><V46/><F132/><W121/><G121/><T16/><D77/><U45/><E111/><V59/><F29/><W93/><G81/><T102/><D15/><U37/><E123/><V127/><F87/><W96/><G135/><T75/><D75/><U92/><E45/><V130/><F130/><W33/><G33/><T118/><D118/><U43/><E43/><V89/><F116/><W95/><G54/><T76/><D76/><U50/><E30/><V67/><F127/><W52/><G52/><T104/><D102/><U82/><E82/><V88/><F67/><W69/><G69/><T7/><D7/><U0/><E37/><V134/><F134/><W125/><G125/><T62/><REACH who="0" step="1"/><D71/><REACH who="0" ten="70,318,244,358" step="2"/><U41/><E70/><V47/><F47/><W48/><G103/><T84/><D84/><U20/><E68/><V122/><F122/><W1/><G13/><T101/><D101/><U27/><E12/><V22/><F22/><W129/><G14/><T40/><D40/><U79/><E42/><V99/><REACH who="2" step="1"/><F99/><REACH who="2" ten="70,318,234,358" step="2"/><W78/><G96/><T131/><D131/><U4/><E8/><AGARI ba="0,2" hai="8,10,11,46,49,53,56,59,83,86,88,89,94,98" machi="8" ten="40,12000,2" yaku="1,1,2,1,8,1,52,2,54,1,53,0" doraHai="85" doraHaiUra="133" who="2" fromWho="1" sc="70,0,318,-120,234,140,358,0" /><INIT seed="5,0,0,3,1,9" ten="70,198,374,358" oya="1" hai0="93,134,71,64,129,16,124,130,52,56,123,135,115" hai1="26,49,119,48,117,111,1,90,88,58,131,86,36" hai2="70,87,15,89,103,69,29,40,72,100,18,127,59" hai3="2,20,85,7,25,5,6,51,34,37,101,61,30"/><U22/><E36/><V62/><F72/><W74/><G74/><T66/><D93/><U94/><E1/><V128/><F127/><W121/><G37/><T23/><D115/><U109/><E131/><N who="0" m="50185" /><D123/><U108/><E90/><V68/><F29/><W107/><G121/><T132/><D71/><U82/><E82/><V95/><F40/><W57/><G34/><T17/><D124/><U104/><E104/><V8/><REACH who="2" step="1"/><F128/><REACH who="2" ten="70,198,364,358" step="2"/><W53/><G30/><T47/><D47/><U44/><E58/><V32/><F32/><W39/><G57/><T97/><D97/><U43/><REACH who="1" step="1"/><E49/><REACH who="1" ten="70,188,364,358" step="2"/><V126/><F126/><W122/><G51/><N who="0" m="30751" /><D17/><U45/><E45/><V67/><AGARI ba="0,2" hai="8,15,18,59,62,67,68,69,70,87,89,95,100,103" machi="67" ten="30,4000,0" yaku="1,1,0,1,52,1,53,0" doraHai="9" doraHaiUra="42" who="2" fromWho="2" sc="70,-10,188,-20,364,60,358,-10" /><INIT seed="6,0,0,0,4,98" ten="60,168,424,348" oya="2" hai0="30,125,20,73,16,108,37,128,89,122,72,1,34" hai1="113,70,120,90,107,36,13,118,115,116,53,87,21" hai2="12,95,0,88,62,92,23,44,85,31,38,104,78" hai3="129,123,24,135,64,3,93,117,75,65,59,81,83"/><V134/><F0/><W25/><G3/><T49/><D122/><U101/><E36/><V106/><F134/><W6/><G6/><T54/><D37/><U55/><E70/><V32/><F32/><W35/><G35/><T77/><D108/><U66/><E66/><V22/><F78/><W127/><G93/><T119/><D1/><U103/><E13/><V27/><F62/><W124/><G59/><T132/><D132/><U71/><E71/><V4/><F95/><W69/><G135/><T99/><D119/><N who="1" m="45611" /><E21/><V82/><F82/><W86/><G86/><T40/><D40/><U28/><E28/><V126/><F38/><W2/><G69/><T114/><D34/><U94/><E107/><V58/><F44/><W17/><G2/><T110/><D110/><U68/><E68/><V112/><F106/><W74/><G117/><T60/><D60/><U96/><E120/><V105/><F104/><W97/><G123/><T79/><D30/><U33/><E33/><V52/><F105/><W130/><G17/><T45/><D114/><N who="1" m="43531" /><E96/><AGARI ba="0,0" hai="24,25,64,65,74,75,81,83,96,97,124,127,129,130" machi="96" ten="25,1600,0" yaku="22,2" doraHai="98" who="3" fromWho="1" sc="60,0,168,-16,424,0,348,16" /><INIT seed="7,0,0,3,1,105" ten="60,152,424,364" oya="3" hai0="119,108,121,41,36,91,24,97,12,96,115,13,16" hai1="123,60,95,133,3,78,39,47,114,46,58,44,67" hai2="61,113,43,57,65,87,27,69,56,0,74,92,122" hai3="40,120,53,98,86,11,48,1,71,15,88,38,5"/><W9/><G71/><T66/><D121/><U51/><E3/><V14/><F74/><W4/><G120/><T42/><D119/><U79/><E123/><V45/><F0/><W21/><G21/><T64/><D108/><U19/><E39/><V54/><F122/><W29/><G29/><T7/><D115/><U31/><E31/><V26/><F113/><W63/><G63/><T104/><D104/><U106/><E106/><V127/><F127/><W68/><G68/><T18/><D36/><U93/><E114/><V107/><F107/><W52/><G98/><T81/><D81/><U6/><E6/><V85/><F14/><N who="3" m="5415" /><G38/><T125/><D125/><U8/><E133/><V135/><F135/><W111/><G1/><T23/><D7/><U131/><E131/><V22/><F69/><W129/><G129/><T28/><D28/><U17/><E51/><N who="2" m="27071" /><F92/><N who="1" m="35401" /><E8/><V130/><F130/><W33/><G33/><T84/><D23/><U32/><E32/><V126/><F126/><W116/><G116/><T2/><D2/><U34/><E34/><V73/><F73/><W118/><G118/><T83/><D83/><U76/><AGARI ba="0,0" hai="17,19,44,46,47,58,60,67,76,78,79" m="35401" machi="76" ten="40,1500,0" yaku="8,1" doraHai="105" who="1" fromWho="1" sc="60,-4,152,15,424,-4,364,-7" owari="56,-44.0,167,-23.0,420,51.0,357,16.0" /></mjloggm>