<mjloggm ver="2.3"><GO type="169" lobby="0"/><UN n0="%74%61%6B%61%79%79%79%79" n1="%6A%75%6D%70%2D%75%70" n2="%E6%8C%AF%E8%BE%BC%E5%A4%AA%E9%99%BD" n3="%E5%B0%B1%E6%B4%BB%E7%94%9F%40%E5%B7%9D%E6%9D%91%E8%BB%8D%E5%9B%A3" dan="16,16,16,17" rate="2099.23,2174.15,2163.91,2163.30" sx="M,M,M,M"/><TAIKYOKU oya="0"/><INIT seed="0,0,0,1,3,53" ten="250,250,250,250" oya="0" hai0="110,80,128,15,19,48,100,104,130,60,81,77,10" hai1="67,29,17,72,28,114,108,85,34,16,75,73,3" hai2="132,51,49,119,131,64,115,40,66,6,36,54,26" hai3="87,23,27,14,123,117,122,135,12,13,116,30,4"/><T55/><D110/><U120/><E120/><N who="3" m="46122" /><G87/><T91/><D60/><U11/><E108/><V71/><F115/><W112/><G112/><T79/><D91/><U7/><E114/><V0/><F119/><N who="3" m="45643" /><G135/><T109/><D109/><U38/><E38/><V89/><F89/><W59/><G59/><T65/><D65/><U99/><E67/><V33/><F54/><W25/><G25/><T47/><D100/><U21/><E85/><V101/><F26/><W98/><G98/><T90/><D90/><U18/><E99/><V69/><F64/><W50/><G50/><T39/><D39/><U8/><E34/><V35/><F51/><W37/><G37/><T68/><D68/><U134/><E134/><V82/><F49/><W121/><N who="3" m="46130" /><W58/><DORA hai="20" /><G58/><T126/><D104/><U5/><REACH who="1" step="1"/><E21/><REACH who="1" ten="250,240,250,250" step="2"/><V76/><F66/><W1/><G1/><AGARI ba="0,1" hai="1,3,5,7,8,11,16,17,18,28,29,72,73,75" machi="1" ten="50,8000,1" yaku="1,1,2,1,9,1,54,1,53,0" doraHai="53,20" doraHaiUra="46,45" who="1" fromWho="3" sc="250,0,240,90,250,0,250,-80" /><INIT seed="1,0,0,0,1,118" ten="250,330,250,170" oya="1" hai0="74,79,127,14,4,20,109,68,66,55,110,48,43" hai1="105,97,30,8,47,40,23,126,31,32,2,72,57" hai2="61,113,71,33,94,39,124,50,70,56,101,17,75" hai3="115,29,128,129,95,24,104,131,58,13,77,82,98"/><U122/><E122/><V107/><F75/><W25/><G115/><T15/><D127/><U7/><E126/><V108/><F39/><W3/><G3/><T96/><D43/><U123/><E123/><V103/><F33/><W102/><G58/><T100/><D79/><U1/><E1/><V41/><F107/><W67/><G67/><T91/><D91/><U38/><E32/><V21/><F113/><W5/><G104/><T27/><D74/><U87/><E87/><V19/><F108/><N who="0" m="41578" /><D66/><U85/><E85/><V88/><F71/><W121/><G121/><T59/><D68/><U54/><E23/><V53/><F124/><W76/><G82/><T132/><D4/><U78/><E97/><V69/><F69/><W46/><G46/><T11/><D11/><U28/><E105/><V35/><F35/><W117/><G117/><T114/><D132/><U125/><E125/><V73/><F73/><W60/><G60/><T106/><D114/><U65/><E65/><V86/><F70/><W52/><G52/><T90/><D90/><U18/><E18/><AGARI ba="0,0" hai="14,15,18,20,27,48,55,59,96,100,106" m="41578" machi="18" ten="30,1000,0" yaku="14,1" doraHai="118" who="0" fromWho="1" sc="250,10,330,-10,250,0,170,0" /><INIT seed="2,0,0,4,1,45" ten="260,320,250,170" oya="2" hai0="87,20,114,23,11,0,44,48,57,8,93,122,12" hai1="135,66,101,86,49,104,65,7,105,31,91,67,128" hai2="16,108,103,28,51,21,61,111,3,63,134,9,98" hai3="46,14,129,112,13,34,42,95,75,96,6,22,72"/><V80/><F28/><W133/><G34/><T71/><D71/><U18/><E128/><V94/><F134/><W131/><G133/><T36/><D122/><U110/><E135/><V41/><F80/><W119/><G119/><T132/><D132/><U15/><E110/><N who="2" m="42027" /><F9/><W81/><G112/><T43/><D114/><U102/><E31/><V52/><F41/><W97/><G6/><T50/><D36/><U56/><E7/><V29/><F29/><W1/><G1/><T126/><D126/><U10/><E104/><V37/><F37/><W130/><G96/><T74/><D74/><N who="3" m="28201" /><G22/><N who="0" m="8235" /><D12/><U116/><E105/><V62/><F3/><W27/><G27/><T35/><D35/><U82/><E116/><V83/><F83/><W60/><G60/><T73/><D73/><U113/><E113/><V5/><F5/><W120/><G81/><T68/><D68/><U85/><E85/><V78/><F78/><W24/><G24/><T17/><D0/><U32/><E32/><V115/><F115/><W79/><G79/><T84/><D17/><U77/><E77/><V19/><F21/><W92/><G120/><T123/><D123/><U88/><E91/><V69/><F69/><W2/><G2/><T90/><D87/><U25/><E25/><V89/><F89/><N who="3" m="55439" /><G95/><T59/><D59/><AGARI ba="0,0" hai="16,19,51,52,59,61,62,63,94,98,103" m="42027" machi="59" ten="30,12000,1" yaku="14,1,10,1,52,1,54,2" doraHai="45" who="2" fromWho="0" sc="260,-120,320,0,250,120,170,0" /><INIT seed="2,1,0,5,0,57" ten="140,320,370,170" oya="2" hai0="92,8,105,113,78,23,94,119,6,98,27,11,85" hai1="115,7,22,61,107,39,17,67,35,5,112,49,66" hai2="62,76,10,47,48,80,58,89,38,79,86,103,14" hai3="43,81,28,31,26,45,37,29,12,0,21,135,108"/><V124/><F38/><W3/><G108/><T19/><D113/><U15/><E107/><V24/><F103/><W117/><G117/><T51/><D119/><U68/><E39/><V53/><F24/><W65/><G135/><T70/><D70/><U123/><E35/><V69/><F69/><W130/><G130/><T60/><D105/><U131/><E67/><V36/><F36/><W116/><G116/><T1/><D11/><U59/><E131/><V41/><REACH who="2" step="1"/><F124/><REACH who="2" ten="140,320,360,170" step="2"/><W55/><G26/><T104/><D27/><N who="1" m="14799" /><E68/><V114/><F114/><W25/><G25/><T97/><D104/><U90/><E115/><V129/><F129/><W132/><G132/><T13/><D98/><U99/><E112/><V84/><F84/><W82/><G37/><T30/><D85/><U46/><E99/><V106/><F106/><W121/><G121/><T63/><D97/><U100/><E123/><V64/><F64/><W83/><G65/><T87/><D30/><U128/><E100/><V120/><F120/><W88/><G29/><T52/><D87/><U44/><E128/><V134/><F134/><W102/><G31/><T18/><D78/><U74/><E90/><V95/><F95/><W16/><G102/><T9/><D94/><U91/><E91/><V40/><F40/><W111/><G28/><T56/><D92/><U32/><E66/><V101/><F101/><W50/><G111/><T93/><D93/><U96/><E96/><V118/><F118/><W109/><G109/><T75/><D75/><U71/><E74/><V126/><F126/><W125/><G125/><T133/><D133/><RYUUKYOKU ba="1,1" sc="140,15,320,-15,360,15,170,-15" hai0="1,6,8,9,13,18,19,23,51,52,56,60,63" hai2="10,14,41,47,48,53,58,62,76,79,80,86,89" /><INIT seed="2,2,1,2,1,56" ten="155,305,375,155" oya="2" hai0="102,122,112,99,79,87,83,53,33,105,98,96,12" hai1="57,11,133,70,30,35,55,128,59,91,68,54,66" hai2="39,17,46,7,36,48,25,47,15,69,23,14,80" hai3="74,85,6,84,37,77,58,71,126,63,100,93,24"/><V103/><F69/><W16/><G37/><T60/><D33/><U32/><E66/><V124/><F124/><W129/><G126/><T18/><D122/><U13/><E91/><V115/><F115/><W19/><G71/><T108/><D108/><U121/><E133/><V62/><F103/><W94/><G129/><T20/><REACH who="0" step="1"/><D112/><REACH who="0" ten="145,305,375,155" step="2"/><U9/><E121/><V50/><F39/><W114/><G114/><T76/><D76/><U27/><E128/><V41/><F36/><W40/><G40/><T82/><D82/><U5/><E35/><V28/><F80/><N who="3" m="47119" /><G74/><T52/><D52/><U81/><E81/><V72/><F72/><W67/><G24/><T95/><D95/><U65/><E54/><V130/><F130/><W89/><G6/><T131/><D131/><U75/><E75/><V10/><F41/><W45/><G45/><T119/><D119/><U4/><E4/><V42/><F42/><W26/><G26/><T49/><D49/><U31/><E27/><V104/><F47/><W3/><G3/><T61/><D61/><N who="1" m="38063" /><E32/><V44/><F46/><W97/><AGARI ba="2,2" hai="16,19,58,63,67,85,89,93,94,97,100" m="47119" machi="97" ten="30,4000,0" yaku="8,1,52,1,54,1" doraHai="56" who="3" fromWho="3" sc="145,-12,305,-12,375,-22,155,66" /><INIT seed="3,0,0,3,3,97" ten="133,293,353,221" oya="3" hai0="12,88,107,33,104,124,7,0,79,121,118,94,125" hai1="40,47,66,102,51,49,111,54,96,134,8,64,67" hai2="117,22,60,109,43,76,129,84,87,78,32,122,80" hai3="55,100,105,114,133,82,45,44,18,1,123,24,128"/><W126/><G123/><T92/><D121/><U2/><E134/><V30/><F109/><W99/><G114/><T42/><D118/><U35/><E35/><V68/><F117/><W11/><G133/><T4/><D79/><U72/><E72/><V61/><F32/><W37/><G128/><T130/><D130/><U39/><E111/><V50/><F68/><W19/><G126/><N who="0" m="48747" /><D33/><U9/><E2/><V34/><F34/><W15/><G1/><T110/><D110/><U113/><E39/><V31/><F122/><W16/><G24/><T65/><D65/><U112/><E113/><V101/><F22/><W86/><G37/><T106/><D42/><U120/><E120/><V52/><F43/><W75/><G75/><T116/><D116/><U83/><E83/><N who="2" m="47207" /><F101/><W29/><G29/><N who="2" m="10761" /><F129/><W13/><G55/><T36/><D36/><U131/><E131/><V95/><F95/><N who="0" m="36394" /><D88/><U59/><REACH who="1" step="1"/><E112/><REACH who="1" ten="133,283,353,221" step="2"/><V93/><F93/><AGARI ba="0,1" hai="8,9,40,47,49,51,54,59,64,66,67,93,96,102" machi="93" ten="40,8000,1" yaku="1,1,2,1,8,1,52,1,53,0" doraHai="97" doraHaiUra="25" who="1" fromWho="2" sc="133,0,283,90,353,-80,221,0" /><INIT seed="4,0,0,1,2,134" ten="133,373,273,221" oya="0" hai0="38,34,107,87,46,86,60,29,72,125,55,111,97" hai1="44,56,96,5,92,10,120,21,98,52,103,4,12" hai2="67,17,124,94,14,100,16,1,90,102,108,2,51" hai3="22,57,121,7,54,48,115,101,50,123,42,6,69"/><T36/><D72/><U63/><E120/><N who="3" m="46154" /><G115/><T15/><D111/><U118/><E118/><V37/><F37/><W122/><G122/><T99/><D60/><U61/><E61/><V31/><F31/><W128/><G128/><T113/><D113/><U71/><E71/><V109/><F51/><W0/><G0/><T58/><D107/><U131/><E131/><V82/><F94/><W83/><G69/><T116/><D116/><U133/><E133/><V75/><F90/><W135/><G135/><T39/><D46/><U130/><E130/><V25/><F14/><W24/><G101/><T105/><D15/><U28/><E98/><N who="0" m="37385" /><D105/><U8/><E44/><V47/><F47/><N who="3" m="25719" /><G83/><T65/><D65/><U106/><E106/><V33/><F82/><W95/><G95/><T66/><D66/><U13/><E21/><V30/><F67/><W26/><G26/><N who="0" m="18743" /><D125/><U88/><E28/><AGARI ba="0,0" hai="6,7,22,24,28,50,54,57" m="25719,46154" machi="28" ten="30,1000,0" yaku="13,1" doraHai="134" who="3" fromWho="1" sc="133,0,373,-10,273,0,221,10" /><INIT seed="5,0,0,3,2,4" ten="133,363,273,231" oya="1" hai0="64,61,112,132,57,96,117,107,103,54,81,78,39" hai1="0,79,28,24,100,118,92,128,98,99,26,130,6" hai2="59,43,47,34,5,114,86,50,121,90,69,14,84" hai3="33,120,23,41,48,85,3,11,124,18,134,66,104"/><U75/><E118/><V56/><F69/><W123/><G104/><T21/><D117/><U131/><E98/><V93/><F34/><W13/><G33/><T58/><D112/><U82/><REACH who="1" step="1"/><E28/><REACH who="1" ten="133,353,273,231" step="2"/><V29/><F29/><W20/><G123/><T71/><D132/><U80/><E80/><V16/><F121/><W46/><G134/><T9/><D39/><U108/><E108/><V22/><F114/><W74/><G120/><T49/><D21/><U44/><E44/><V113/><F113/><W126/><G23/><T95/><D107/><U7/><E7/><V62/><F5/><W94/><G20/><T129/><D129/><U133/><E133/><V72/><F72/><W70/><G74/><T119/><D119/><U135/><E135/><V111/><F84/><W68/><G85/><T125/><D125/><U88/><E88/><V19/><F86/><W37/><G37/><T63/><D81/><U127/><E127/><V15/><F90/><W17/><G124/><T110/><D110/><U122/><E122/><V115/><F111/><W60/><G126/><T101/><D101/><U42/><E42/><V91/><F115/><W83/><G83/><T38/><D38/><U105/><E105/><V27/><F91/><W89/><G89/><T31/><D31/><U35/><E35/><V67/><F93/><W8/><G94/><T36/><D36/><U102/><E102/><V73/><F73/><W109/><G109/><T45/><D78/><U40/><E40/><V2/><F43/><W51/><G41/><N who="0" m="24751" /><D9/><AGARI ba="0,1" hai="0,6,9,24,26,75,79,82,92,99,100,128,130,131" machi="9" ten="40,7700,0" yaku="1,1,19,1,52,1,53,0" doraHai="4" doraHaiUra="116" who="1" fromWho="0" sc="133,-77,353,87,273,0,231,0" /><INIT seed="5,1,0,2,2,78" ten="56,440,273,231" oya="1" hai0="71,119,110,74,47,92,53,81,90,23,25,129,115" hai1="3,106,61,41,9,133,85,42,20,84,83,76,60" hai2="96,65,69,48,109,32,86,6,97,10,132,68,98" hai3="123,64,116,4,34,121,79,105,67,21,135,113,26"/><U18/><E106/><V101/><F32/><W51/><G105/><T73/><D110/><U16/><E133/><V91/><F109/><W27/><G135/><T39/><D119/><U89/><E85/><V72/><F72/><W45/><G116/><T117/><D115/><U30/><E76/><V31/><F31/><W103/><G113/><T46/><D117/><U1/><E1/><V75/><F75/><W63/><G103/><T70/><D129/><U37/><E3/><V19/><F19/><N who="1" m="7209" /><E9/><V130/><F130/><W29/><G4/><T2/><D2/><U54/><E37/><V104/><F104/><W88/><G67/><T118/><D118/><U66/><E54/><V102/><F132/><W36/><G36/><T125/><D125/><U93/><E93/><V82/><F69/><W17/><G88/><T127/><D127/><U87/><E87/><V38/><F38/><W35/><G79/><T28/><D74/><U134/><E134/><V15/><REACH who="2" step="1"/><F48/><REACH who="2" ten="56,440,263,231" step="2"/><W7/><G35/><T131/><D73/><U107/><E107/><V112/><F112/><W124/><G124/><T57/><D71/><U55/><E30/><V11/><F11/><W122/><G122/><T14/><D70/><N who="1" m="42311" /><E20/><V80/><F80/><W114/><G114/><T100/><D81/><U40/><E83/><V108/><F108/><W56/><G7/><T8/><D39/><U111/><E111/><V0/><F0/><W128/><G128/><T95/><D131/><U13/><E13/><V99/><N who="2" m="24576" /><DORA hai="50" /><V49/><F49/><W62/><G62/><AGARI ba="1,1" hai="6,10,15,62,65,68,82,86,91,101,102" m="24576" machi="62" ten="50,3200,0" yaku="1,1,52,1,53,0" doraHai="78,50" doraHaiUra="33,43" who="2" fromWho="3" sc="56,0,440,0,263,45,231,-35" /><INIT seed="6,0,0,4,0,9" ten="56,440,308,196" oya="2" hai0="121,73,13,95,87,57,103,17,38,59,45,76,39" hai1="10,93,106,69,36,11,128,134,30,99,70,83,118" hai2="81,120,60,26,19,56,115,91,1,75,96,90,131" hai3="42,104,54,97,124,47,127,101,117,79,135,110,77"/><V66/><F1/><W24/><G117/><T21/><D121/><U78/><E106/><V5/><F120/><W100/><G110/><T7/><D73/><U114/><E114/><V122/><F115/><W61/><G135/><T133/><D133/><U119/><E128/><V65/><F5/><W84/><G101/><T74/><D74/><U49/><E36/><V46/><F131/><W102/><G102/><T52/><D39/><U63/><E70/><V113/><F122/><W20/><G61/><T40/><D7/><U32/><E134/><V8/><F113/><W0/><G54/><T4/><D4/><U2/><E2/><V130/><F130/><W18/><G84/><T82/><D103/><U107/><E107/><V12/><F26/><W109/><G0/><T16/><D95/><U132/><E32/><V29/><F29/><W58/><G58/><T123/><D123/><U98/><E69/><V25/><F25/><W89/><G89/><T31/><D31/><U88/><E132/><V116/><F116/><W72/><G109/><T33/><D33/><U67/><E119/><V71/><F46/><W14/><G24/><T6/><D6/><U51/><E118/><V64/><F71/><W15/><G72/><T23/><REACH who="0" step="1"/><D52/><REACH who="0" ten="46,440,308,196" step="2"/><U50/><E30/><V22/><F75/><W44/><G42/><T85/><D85/><U125/><E98/><V3/><F3/><W112/><G112/><T34/><D34/><U129/><E99/><V28/><F96/><W86/><G86/><T108/><D108/><U37/><E37/><V111/><F111/><W92/><G97/><RYUUKYOKU ba="0,1" sc="46,30,440,-10,308,-10,196,-10" hai0="13,16,17,21,23,38,40,45,57,59,76,82,87" /><INIT seed="7,1,1,3,0,61" ten="76,430,298,186" oya="3" hai0="102,0,94,68,27,20,25,14,124,35,81,103,123" hai1="53,113,89,41,118,33,18,65,8,45,104,6,84" hai2="55,47,30,52,21,56,37,132,17,78,79,76,128" hai3="22,83,9,54,91,100,7,2,57,40,125,11,10"/><W130/><G125/><T135/><D123/><U70/><E18/><V92/><F128/><W3/><G130/><T64/><D135/><U134/><E53/><V98/><F132/><W96/><G40/><T109/><D109/><U101/><E113/><V106/><F106/><W34/><G34/><T111/><D111/><U131/><E131/><V121/><F121/><W115/><G115/><T39/><D39/><U66/><E70/><V107/><F107/><W114/><G114/><T29/><D124/><U69/><E69/><V31/><F47/><W58/><G58/><T82/><D0/><U85/><E85/><V48/><F55/><W19/><G83/><T117/><D117/><U77/><E77/><V5/><F5/><W44/><G44/><T126/><D126/><U116/><E33/><V133/><F37/><W105/><G91/><T13/><D82/><N who="1" m="49303" /><E104/><V80/><F80/><W97/><G97/><T12/><D81/><U90/><E90/><N who="2" m="55575" /><F133/><W75/><G75/><T120/><D120/><U15/><E101/><V23/><F23/><W74/><G74/><T110/><D110/><U28/><E28/><V72/><F72/><W129/><G129/><T43/><D43/><U122/><E122/><V49/><F49/><W32/><G32/><T62/><REACH who="0" step="1"/><D94/><REACH who="0" ten="66,430,298,186" step="2"/><U38/><E134/><V24/><AGARI ba="1,2" hai="17,21,24,30,31,48,52,56,76,78,79" m="55575" machi="24" ten="30,2000,0" yaku="8,1,54,1" doraHai="61" who="2" fromWho="2" sc="66,-6,430,-6,298,43,186,-11" owari="60,-44.0,424,52.0,341,14.0,175,-22.0" /></mjloggm>