<mjloggm ver="2.3"><GO type="169" lobby="0"/><UN n0="%E3%83%96%E3%83%AB%E3%83%96%E3%83%AB%E3%83%8F%E3%83%BC%E3%83%84" n1="%E9%BB%92%E7%8A%AC%40%E3%81%A6%E3%82%93%E3%81%BB%E3%83%BC" n2="%E7%A2%BA%E8%AA%8D%E4%BA%8B%E9%A0%85" n3="%E5%B0%B1%E6%B4%BB%E7%94%9F%40%E5%B7%9D%E6%9D%91%E8%BB%8D%E5%9B%A3" dan="18,16,17,18" rate="2190.78,2174.09,2158.87,2233.67" sx="M,F,M,M"/><TAIKYOKU oya="0"/><INIT seed="0,0,0,3,0,128" ten="250,250,250,250" oya="0" hai0="108,68,3,2,135,60,31,30,18,7,100,122,130" hai1="70,119,93,127,98,6,54,80,88,99,113,24,74" hai2="97,12,47,109,103,104,123,26,114,75,120,5,10" hai3="48,90,89,20,49,44,125,71,118,43,15,17,40"/><T14/><D122/><U8/><E70/><V96/><F114/><W82/><G118/><T36/><D36/><U35/><E119/><V77/><F109/><W51/><G71/><T56/><D68/><U112/><E127/><V46/><F46/><W63/><G125/><T37/><D37/><U28/><E54/><V38/><F26/><W106/><G106/><T131/><D100/><U79/><REACH who="1" step="1"/><E99/><REACH who="1" ten="250,240,250,250" step="2"/><V0/><F97/><W4/><G43/><T23/><D130/><U84/><E84/><V126/><F126/><W83/><G40/><T105/><D131/><U124/><E124/><V129/><F129/><W52/><G44/><T41/><D41/><U81/><E81/><V65/><F47/><W95/><G83/><T50/><D56/><U134/><E134/><V115/><F96/><W86/><G4/><T55/><D135/><U1/><AGARI ba="0,1" hai="1,6,8,24,28,35,74,79,80,88,93,98,112,113" machi="1" ten="30,4000,0" yaku="1,1,0,1,54,1,53,0" doraHai="128" doraHaiUra="11" who="1" fromWho="1" sc="250,-20,240,50,250,-10,250,-10" /><INIT seed="1,0,0,0,2,40" ten="230,290,240,240" oya="1" hai0="17,59,83,18,46,120,70,53,124,130,62,3,47" hai1="58,19,25,119,122,107,80,6,72,49,121,104,28" hai2="50,14,65,55,24,117,78,67,64,15,111,30,71" hai3="110,89,106,118,51,91,36,12,114,109,35,37,45"/><U16/><E6/><V131/><F117/><W1/><G1/><T97/><D3/><U99/><E119/><V103/><F71/><W66/><G114/><T86/><D70/><U75/><E58/><V33/><F111/><N who="3" m="42507" /><G35/><T125/><D97/><U31/><E49/><V98/><F78/><W48/><G106/><T95/><D95/><U129/><E99/><V133/><F133/><W69/><G118/><T41/><D41/><U10/><E10/><V34/><F34/><W88/><G12/><T96/><D96/><U85/><E80/><V102/><F131/><W135/><G51/><T5/><D5/><U60/><E60/><V82/><F82/><W9/><G9/><T4/><D4/><U116/><E116/><V61/><F61/><N who="3" m="40143" /><G135/><T23/><D130/><U13/><E13/><V132/><F132/><W112/><G112/><T79/><D120/><U73/><E85/><V22/><F33/><W127/><G127/><N who="0" m="48715" /><D17/><N who="1" m="6731" /><E25/><AGARI ba="0,0" hai="18,23,25,46,47,53,59,62,79,83,86" m="48715" machi="25" ten="30,3900,0" yaku="18,1,52,2" doraHai="40" who="0" fromWho="1" sc="230,39,290,-39,240,0,240,0" /><INIT seed="2,0,0,0,2,20" ten="269,251,240,240" oya="2" hai0="55,77,107,74,52,58,96,43,99,36,6,130,8" hai1="114,105,56,89,65,40,68,57,12,54,123,97,118" hai2="75,103,13,132,28,34,7,37,101,129,124,3,91" hai3="22,104,0,51,59,18,5,86,134,16,2,83,106"/><V135/><F37/><W102/><G134/><N who="2" m="51241" /><F75/><W42/><G18/><T133/><D133/><U44/><E123/><V47/><F3/><W17/><G17/><T27/><D130/><U32/><E114/><V94/><F129/><W88/><G102/><T72/><D55/><U19/><E32/><V1/><F1/><W45/><G59/><T122/><D122/><U63/><E118/><V117/><F117/><W67/><G67/><T125/><D125/><U73/><E73/><V70/><F70/><W9/><REACH who="3" step="1"/><G0/><REACH who="3" ten="269,251,240,230" step="2"/><T79/><D58/><U4/><E56/><V121/><F103/><W60/><G60/><T64/><D64/><U46/><E65/><V49/><F101/><W84/><G84/><T11/><D74/><U29/><E57/><V30/><F121/><W128/><G128/><T80/><D72/><U39/><E68/><V100/><F100/><W93/><G93/><T10/><D96/><U38/><E97/><V53/><F94/><W81/><G81/><T85/><D80/><U61/><E63/><V35/><F124/><W71/><G71/><T131/><D85/><U98/><E61/><V78/><F30/><W69/><G69/><T25/><D99/><U112/><E98/><V109/><F28/><W23/><G23/><T50/><D131/><U82/><E19/><V14/><F35/><W92/><G92/><T119/><D119/><U33/><E82/><V95/><F34/><W120/><G120/><T108/><D107/><U31/><E33/><V48/><F95/><W15/><AGARI ba="0,1" hai="2,5,9,15,16,22,42,45,51,83,86,88,104,106" machi="15" ten="20,8000,1" yaku="1,1,0,1,7,1,54,2,53,0" doraHai="20" doraHaiUra="111" who="3" fromWho="3" sc="269,-20,251,-20,240,-40,230,90" /><INIT seed="3,0,0,3,4,79" ten="249,231,200,320" oya="3" hai0="125,109,123,62,49,55,83,100,67,104,6,61,131" hai1="25,94,37,98,118,7,46,102,17,108,27,24,91" hai2="12,9,93,38,126,23,103,86,8,36,101,92,127" hai3="3,29,113,42,31,20,44,34,22,21,71,18,74"/><W33/><G74/><T48/><D123/><U4/><E108/><V73/><F23/><N who="3" m="8779" /><G71/><T128/><D6/><U82/><E118/><V1/><F12/><N who="3" m="9543" /><G42/><T2/><D2/><U89/><E17/><V78/><F78/><W68/><G68/><T121/><D100/><U114/><E114/><V53/><F1/><W43/><G43/><T96/><D96/><U58/><E37/><V35/><F73/><W120/><G44/><T133/><D104/><U85/><E46/><V32/><F86/><W116/><G116/><T111/><D67/><U30/><E30/><N who="3" m="11274" /><G113/><T119/><D119/><U90/><REACH who="1" step="1"/><E58/><REACH who="1" ten="249,221,200,320" step="2"/><V63/><F38/><W47/><G47/><T129/><D129/><U64/><E64/><V28/><F36/><W84/><G120/><T80/><D121/><U95/><E95/><V14/><F93/><W88/><G34/><T16/><D128/><U99/><E99/><V69/><F35/><W56/><G33/><T59/><D131/><U57/><E57/><V132/><F32/><W50/><G56/><T39/><D59/><U52/><E52/><V105/><F53/><W66/><G66/><T10/><D55/><U112/><E112/><V76/><F69/><W110/><G110/><T26/><D39/><U40/><E40/><V60/><F28/><W51/><G3/><T97/><D109/><U75/><E75/><V124/><F92/><AGARI ba="0,1" hai="50,51,84,88,92" m="11274,9543,8779" machi="92" ten="30,2900,0" yaku="8,1,54,1" doraHai="79" who="3" fromWho="2" sc="249,0,221,0,200,-29,320,39" /><INIT seed="3,1,0,4,0,109" ten="249,221,171,359" oya="3" hai0="124,44,28,41,32,96,2,129,12,0,120,80,31" hai1="78,68,91,47,39,9,130,123,86,13,5,89,56" hai2="92,127,3,57,73,7,76,77,35,107,50,79,26" hai3="11,128,72,10,61,83,42,49,23,132,52,24,66"/><W62/><G128/><T69/><D69/><U29/><E68/><V102/><F73/><W25/><G132/><T6/><D120/><U4/><E130/><V111/><F107/><W60/><G66/><T122/><D122/><U15/><E123/><V59/><F111/><W97/><G42/><T54/><D124/><U16/><E29/><V121/><F121/><W8/><G97/><T55/><D0/><U85/><E56/><V17/><F127/><W117/><G117/><T45/><D2/><U43/><E4/><V100/><F3/><W21/><G83/><T22/><D54/><U118/><E118/><V46/><F7/><W30/><G72/><T106/><D55/><U101/><E101/><N who="2" m="39019" /><F35/><W103/><G103/><T14/><D6/><U27/><E27/><V58/><F92/><W112/><G112/><T88/><D41/><U134/><E134/><V119/><F119/><W20/><REACH who="3" step="1"/><G30/><REACH who="3" ten="249,221,171,349" step="2"/><T33/><D28/><U65/><E65/><V126/><F126/><W90/><G90/><T70/><D88/><U51/><E39/><V18/><F79/><W94/><G94/><T74/><D31/><U133/><E133/><V37/><F77/><W110/><G110/><T63/><D74/><U53/><E43/><N who="2" m="24927" /><F76/><W116/><G116/><T104/><D129/><U36/><E36/><V71/><F37/><W114/><G114/><T81/><D104/><U115/><E115/><V98/><F98/><W75/><G75/><T64/><D96/><U93/><E78/><V105/><F105/><W99/><G99/><T125/><D106/><U82/><E5/><V40/><F40/><RYUUKYOKU ba="1,1" sc="249,-15,221,15,171,-15,349,15" hai1="9,13,15,16,47,51,53,82,85,86,89,91,93" hai3="8,10,11,20,21,23,24,25,49,52,60,61,62" /><INIT seed="3,2,1,1,5,10" ten="234,236,156,364" oya="3" hai0="126,83,44,99,29,57,17,129,89,94,133,93,4" hai1="75,50,131,78,73,97,13,32,74,108,8,90,105" hai2="127,101,49,107,128,70,25,85,96,67,9,55,121" hai3="1,41,86,3,14,26,103,51,24,123,53,65,43"/><W92/><G123/><T20/><D126/><U19/><E32/><V132/><F127/><W52/><G3/><T39/><D129/><U72/><E131/><V112/><F128/><W38/><G1/><T104/><D104/><U46/><E108/><V56/><F112/><W118/><G38/><T27/><D133/><U21/><E78/><V84/><F132/><W59/><G118/><T79/><D4/><U122/><E122/><V82/><F121/><W37/><G37/><T116/><D93/><U64/><E64/><V30/><F82/><W35/><G35/><T69/><D69/><U125/><E125/><V18/><F18/><W28/><G65/><T114/><D114/><U34/><E34/><V117/><F9/><W47/><G28/><T119/><D29/><U12/><N who="1" m="18432" /><DORA hai="124" /><U120/><E120/><V33/><REACH who="2" step="1"/><F117/><REACH who="2" ten="234,236,146,364" step="2"/><W61/><G26/><T66/><D83/><U98/><E105/><V77/><F77/><W11/><G24/><T111/><D79/><U0/><E0/><V42/><F42/><W135/><G135/><T62/><D111/><U58/><E90/><V106/><F106/><W16/><G103/><T100/><D100/><U110/><E110/><V68/><F68/><W88/><AGARI ba="2,2" hai="11,14,16,41,43,47,51,52,53,59,61,86,88,92" machi="88" ten="30,18000,2" yaku="0,1,8,1,52,1,54,3" doraHai="10,124" who="3" fromWho="3" sc="234,-62,236,-62,146,-62,364,206" /><INIT seed="3,3,0,5,0,45" ten="172,174,84,570" oya="3" hai0="14,82,26,54,134,131,89,50,24,20,47,61,16" hai1="109,108,98,44,113,93,4,91,104,88,81,2,64" hai2="21,1,41,68,9,18,51,69,75,85,92,27,94" hai3="121,0,31,112,3,62,55,126,111,66,128,119,60"/><W129/><G121/><T77/><D134/><U8/><E64/><V114/><F75/><W65/><G119/><T96/><D131/><N who="3" m="50249" /><G112/><T123/><D123/><U101/><E113/><V13/><F1/><N who="3" m="587" /><G31/><T63/><D61/><N who="3" m="23657" /><G126/><T19/><D63/><U40/><E81/><V70/><F114/><W120/><G120/><T28/><D28/><U30/><E30/><V35/><F35/><W135/><G135/><T5/><D5/><U133/><E133/><V100/><F70/><W132/><G132/><T6/><D6/><U36/><REACH who="1" step="1"/><E91/><REACH who="1" ten="172,164,84,570" step="2"/><V125/><F69/><W74/><G74/><T57/><D89/><U42/><E42/><V86/><F68/><W15/><G111/><T87/><D96/><AGARI ba="3,1" hai="2,4,8,36,40,44,88,93,96,98,101,104,108,109" machi="96" ten="40,5200,0" yaku="1,1,54,1,53,1" doraHai="45" doraHaiUra="43" who="1" fromWho="0" sc="172,-61,164,71,84,0,570,0" /><INIT seed="4,0,0,2,0,68" ten="111,235,84,570" oya="0" hai0="111,2,25,79,66,92,60,59,50,17,74,26,94" hai1="16,73,14,104,15,107,96,98,110,91,65,47,54" hai2="43,46,106,22,108,34,133,40,38,97,83,63,27" hai3="90,72,69,86,20,76,99,31,126,124,89,5,88"/><T30/><D111/><U33/><E33/><V58/><F108/><W112/><G69/><T35/><D2/><U119/><E110/><V77/><F133/><W6/><G112/><T21/><D74/><U117/><E73/><V123/><F123/><W0/><G72/><T125/><D79/><U80/><E65/><V23/><F43/><W109/><G109/><T36/><D125/><N who="3" m="48233" /><G0/><T116/><D116/><U114/><E80/><V115/><F115/><W129/><G129/><T41/><REACH who="0" step="1"/><D50/><REACH who="0" ten="101,235,84,570" step="2"/><U24/><E117/><V93/><F77/><W101/><G76/><T9/><D9/><U81/><E119/><V4/><F63/><W78/><G78/><T84/><D84/><U120/><E120/><V57/><F97/><W29/><G86/><T48/><D48/><U102/><E96/><V28/><F38/><W82/><G82/><T49/><D49/><U128/><E98/><V18/><F83/><W13/><G99/><T51/><D51/><U55/><E128/><V130/><F130/><W56/><G101/><T11/><D11/><U1/><E102/><V71/><F106/><W75/><G75/><T118/><D118/><U8/><E104/><V134/><F134/><W42/><G90/><T61/><D61/><U135/><E107/><V132/><F132/><W100/><G89/><T127/><D127/><U32/><E91/><V37/><F37/><W7/><G88/><T103/><D103/><U62/><E135/><V19/><F93/><W95/><G100/><T10/><D10/><U131/><E8/><V3/><F3/><W45/><G95/><T12/><D12/><RYUUKYOKU ba="0,1" sc="101,30,235,-10,84,-10,570,-10" hai0="17,21,25,26,30,35,36,41,59,60,66,92,94" /><INIT seed="4,1,1,1,4,88" ten="131,225,74,560" oya="0" hai0="14,90,122,118,37,61,58,107,109,26,17,4,91" hai1="78,131,125,81,97,69,98,134,74,72,129,20,101" hai2="27,135,73,48,24,46,96,54,12,49,126,64,7" hai3="50,70,110,121,28,34,111,123,18,79,33,63,47"/><T71/><D122/><N who="3" m="46601" /><G79/><T102/><D118/><U133/><E69/><V23/><F73/><W5/><G5/><T21/><D71/><U116/><E20/><V45/><F135/><N who="1" m="51721" /><E74/><V94/><F64/><N who="3" m="41247" /><G18/><T75/><D37/><U53/><E53/><V30/><F126/><W62/><G62/><T59/><D75/><U127/><E116/><V51/><F27/><N who="3" m="18591" /><G34/><T1/><D1/><U22/><E22/><V95/><F96/><N who="1" m="36969" /><E101/><V11/><REACH who="2" step="1"/><F49/><REACH who="2" ten="131,225,64,560" step="2"/><W99/><G99/><T80/><D102/><U31/><E31/><V86/><F86/><W92/><G92/><T6/><D80/><U39/><E39/><V120/><F120/><W115/><G115/><T77/><D61/><U40/><E40/><AGARI ba="1,2" hai="7,11,12,23,24,30,40,45,46,48,51,54,94,95" machi="40" ten="30,8000,1" yaku="1,1,7,1,8,1,52,2,53,0" doraHai="88" doraHaiUra="56" who="2" fromWho="1" sc="131,0,225,-83,64,103,560,0" /><AGARI ba="1,0" hai="40,47,50,110,111" m="18591,41247,46601" machi="40" ten="30,1000,0" yaku="13,1" doraHai="88" who="3" fromWho="1" sc="131,0,142,-10,167,0,560,10" /><INIT seed="5,0,0,3,4,67" ten="131,132,167,570" oya="1" hai0="124,103,54,73,131,89,12,19,81,99,14,119,85" hai1="91,120,28,79,75,11,62,78,84,104,55,40,47" hai2="38,97,121,20,0,69,13,94,114,5,112,86,42" hai3="61,98,111,7,80,48,22,129,108,113,53,87,17"/><U58/><E104/><V8/><F121/><W9/><G113/><N who="2" m="43625" /><F86/><W77/><G129/><T72/><D131/><U68/><E120/><V105/><F105/><W82/><G61/><T65/><D124/><U92/><E75/><V66/><F42/><W102/><G22/><T122/><D122/><U49/><E28/><V125/><F38/><W15/><G82/><T30/><D12/><U57/><E11/><V107/><F107/><W29/><G29/><T2/><D2/><U130/><E130/><V23/><F125/><W128/><G128/><T83/><D83/><U93/><E93/><V60/><F0/><W24/><G98/><T37/><D37/><U70/><REACH who="1" step="1"/><E57/><REACH who="1" ten="131,122,167,570" step="2"/><V51/><F8/><W101/><G108/><T96/><D72/><U116/><E116/><V123/><F94/><W109/><G109/><T56/><D73/><U32/><E32/><V18/><F123/><W46/><G111/><T3/><D30/><U115/><E115/><V90/><F23/><N who="3" m="13423" /><G102/><T110/><D103/><U76/><AGARI ba="0,1" hai="40,47,49,55,58,62,68,70,76,78,79,84,91,92" machi="76" ten="30,12000,1" yaku="1,1,0,1,52,2,53,1" doraHai="67" doraHaiUra="59" who="1" fromWho="1" sc="131,-40,122,130,167,-40,570,-40" /><INIT seed="5,1,0,3,4,103" ten="91,252,127,530" oya="1" hai0="33,81,22,50,63,69,65,90,19,9,34,14,108" hai1="11,87,25,3,76,39,74,16,111,1,37,132,84" hai2="99,7,96,64,134,116,93,38,46,120,41,79,6" hai3="92,27,15,85,26,98,135,70,105,28,45,42,75"/><U44/><E111/><V83/><F116/><W24/><G75/><T121/><D108/><U115/><E132/><V17/><F120/><W80/><G70/><T43/><D121/><U119/><E119/><V30/><F134/><W124/><G105/><T82/><D82/><U94/><E115/><V77/><F30/><W72/><G72/><T5/><D43/><U91/><E74/><V32/><F32/><W12/><G124/><T100/><D50/><U23/><E44/><V114/><F64/><W54/><G28/><T127/><D100/><U60/><E60/><V36/><F114/><W47/><G54/><T49/><D49/><U18/><E18/><V97/><F38/><W56/><G56/><T88/><D127/><U122/><E122/><V129/><F129/><W89/><G135/><T106/><D106/><U31/><E31/><V67/><F67/><W29/><G29/><T125/><D125/><U107/><E107/><V2/><F93/><W95/><G95/><T102/><D102/><U126/><E126/><V0/><F17/><W104/><G104/><T112/><D112/><U52/><E52/><V59/><F59/><W48/><REACH who="3" step="1"/><G45/><REACH who="3" ten="91,252,127,520" step="2"/><T35/><REACH who="0" step="1"/><D81/><REACH who="0" ten="81,252,127,520" step="2"/><U61/><E94/><V55/><F83/><W131/><G131/><T78/><D78/><AGARI ba="1,2" hai="12,15,24,26,27,42,47,48,78,80,85,89,92,98" machi="78" ten="40,2600,0" yaku="1,1,8,1,53,0" doraHai="103" doraHaiUra="110" who="3" fromWho="0" sc="81,-29,252,0,127,0,520,49" /><INIT seed="6,0,0,2,5,92" ten="52,252,127,569" oya="2" hai0="55,38,120,9,4,110,8,58,123,99,96,70,124" hai1="27,17,22,26,95,46,60,25,53,126,78,89,45" hai2="21,111,100,72,80,88,7,104,105,109,91,131,43" hai3="44,61,19,11,132,97,5,79,119,30,133,103,33"/><V112/><F43/><W81/><G119/><T86/><D70/><U74/><E74/><V12/><F112/><W125/><G125/><T127/><D38/><U94/><E78/><N who="2" m="44103" /><F7/><W102/><G19/><T93/><D110/><N who="2" m="41994" /><F131/><W39/><G61/><T47/><D47/><U64/><E95/><V65/><F65/><W34/><G102/><T0/><D86/><U128/><E128/><V67/><F67/><W121/><G121/><T66/><D93/><U106/><E106/><N who="2" m="41067" /><F100/><W35/><G30/><T87/><D66/><U75/><E64/><V82/><F82/><W15/><G44/><T113/><D113/><U2/><E46/><V16/><AGARI ba="0,0" hai="12,16,21,88,91" m="41067,41994,44103" machi="16" ten="40,7800,0" yaku="10,1,54,2" doraHai="92" who="2" fromWho="2" sc="52,-26,252,-26,127,78,569,-26" /><INIT seed="6,1,0,2,2,103" ten="26,226,205,543" oya="2" hai0="130,34,25,21,8,77,54,20,135,86,110,45,46" hai1="82,29,89,75,53,42,128,30,67,43,97,94,104" hai2="90,9,48,99,18,50,11,33,27,52,47,133,41" hai3="132,17,69,19,106,114,116,28,56,101,2,105,16"/><V125/><F133/><W12/><G69/><T112/><D110/><U58/><E67/><V35/><F125/><W4/><G116/><T91/><D130/><U123/><E128/><V126/><F126/><W84/><G2/><T100/><D135/><U124/><E123/><V78/><F78/><W55/><G132/><T107/><D112/><U13/><E104/><V68/><F68/><W120/><G120/><T70/><D77/><U111/><E111/><V88/><F35/><W83/><G28/><N who="1" m="10858" /><E75/><V79/><F79/><W63/><G114/><T121/><D70/><U134/><E134/><V0/><F33/><W65/><G101/><T15/><D34/><U102/><E13/><V3/><F3/><W85/><G85/><T1/><D121/><U39/><E39/><V73/><F73/><W60/><G4/><T57/><D1/><U117/><E117/><V96/><F0/><W14/><G14/><T131/><D131/><U5/><E5/><V129/><F129/><W87/><G12/><T66/><D66/><U26/><E26/><V44/><F27/><W32/><G32/><T127/><D127/><U92/><E82/><V40/><F18/><W74/><G74/><T122/><D122/><U62/><E124/><V36/><F36/><W61/><G87/><AGARI ba="1,0" hai="42,43,53,58,62,87,89,92,94,97,102" m="10858" machi="87" ten="30,1000,0" yaku="8,1" doraHai="103" who="1" fromWho="3" sc="26,0,226,13,205,0,543,-13" /><INIT seed="7,0,0,5,3,14" ten="26,239,205,530" oya="3" hai0="109,9,131,90,86,71,68,81,123,51,98,110,30" hai1="116,26,118,96,46,18,35,13,93,29,36,58,45" hai2="12,78,48,120,74,92,73,111,65,49,38,70,6" hai3="105,91,82,31,53,99,130,20,121,102,132,43,40"/><W27/><G121/><T104/><D30/><U100/><E58/><V72/><F111/><W0/><G0/><T106/><D9/><N who="1" m="6447" /><E36/><V60/><F38/><W61/><G130/><T7/><D7/><U113/><E113/><V75/><F120/><W55/><G132/><T103/><D51/><U79/><E79/><V39/><F39/><W54/><REACH who="3" step="1"/><G61/><REACH who="3" ten="26,239,205,520" step="2"/><T87/><D68/><U115/><E115/><V64/><F60/><W129/><G129/><T3/><D71/><U119/><AGARI ba="0,1" hai="26,29,35,45,46,93,96,100,116,118,119" m="6447" machi="119" ten="30,2000,0" yaku="12,1,52,1" doraHai="14" who="1" fromWho="1" sc="26,-5,239,30,205,-5,520,-10" owari="21,-48.0,269,7.0,200,-20.0,510,61.0" /></mjloggm>