<mjloggm ver="2.3"><GO type="169" lobby="0"/><UN n0="%62%75%74%69%74%61%6D%61" n1="%E2%98%86%6E%61%6F%E2%98%86" n2="%E3%83%88%E3%83%88%E3%83%AA%E5%85%88%E7%94%9F%31%39%E6%AD%B3" n3="%E5%AE%89%E6%9C%AC%E5%BD%A9%E8%8A%B1" dan="18,16,18,16" rate="2163.62,2089.96,2247.97,2080.44" sx="M,F,F,F"/><TAIKYOKU oya="0"/><INIT seed="0,0,0,0,2,28" ten="250,250,250,250" oya="0" hai0="110,60,67,48,106,95,42,125,47,104,13,76,50" hai1="52,21,4,102,108,80,53,126,75,82,44,92,127" hai2="74,41,38,36,55,111,72,2,30,19,65,20,81" hai3="122,17,1,49,99,16,10,101,3,87,37,103,133"/><T131/><D131/><U90/><E102/><V105/><F2/><W83/><G37/><T129/><D129/><U43/><E108/><V14/><F105/><W117/><G117/><T29/><D125/><N who="1" m="47627" /><E4/><V107/><F107/><W35/><G35/><T114/><D114/><U73/><E21/><V64/><F111/><W97/><G122/><T88/><D110/><U112/><E80/><V11/><F38/><W0/><G133/><T34/><D76/><N who="1" m="44303" /><E75/><V69/><F81/><W24/><G49/><T109/><D48/><N who="1" m="26655" /><E112/><V39/><F72/><W134/><G134/><T25/><D13/><U116/><E116/><V57/><F74/><W66/><G66/><T40/><D40/><U54/><E53/><V32/><F20/><W119/><G119/><T12/><D12/><U61/><E61/><V6/><F6/><W118/><G118/><T71/><REACH who="0" step="1"/><D109/><REACH who="0" ten="240,250,250,250" step="2"/><U26/><E26/><V46/><F39/><W128/><G128/><T130/><D130/><U51/><E51/><V79/><F79/><N who="3" m="46591" /><G0/><T77/><D77/><U91/><E91/><V98/><F36/><W5/><G1/><T31/><D31/><U27/><E27/><V86/><F30/><W33/><G3/><T58/><D58/><U100/><E100/><V70/><F57/><W7/><G103/><T124/><D124/><U85/><AGARI ba="0,1" hai="52,54,85,90,92" m="26655,44303,47627" machi="85" ten="30,2000,0" yaku="18,1,54,1" doraHai="28" who="1" fromWho="1" sc="240,-10,250,30,250,-5,250,-5" /><INIT seed="1,0,0,3,0,134" ten="230,280,245,245" oya="1" hai0="96,51,45,17,82,61,118,133,53,119,131,21,1" hai1="5,56,125,54,116,117,25,67,100,39,111,114,80" hai2="47,57,128,93,121,127,86,59,12,95,8,23,89" hai3="72,92,20,18,78,28,115,34,105,112,109,104,26"/><U42/><E5/><V108/><F121/><W74/><G109/><T11/><D133/><U64/><E100/><V91/><F108/><W10/><G10/><T126/><D131/><U40/><E80/><V123/><F123/><W88/><G104/><T130/><D130/><U31/><E111/><V6/><F128/><W36/><G105/><T58/><D96/><U22/><E114/><V110/><F110/><W35/><G36/><T68/><D68/><U71/><E42/><V14/><F127/><W48/><G48/><T50/><D50/><N who="1" m="30807" /><E125/><V13/><F47/><W77/><G34/><T27/><D126/><U32/><E67/><V33/><F33/><W79/><G74/><T30/><D82/><U124/><E124/><V84/><REACH who="2" step="1"/><F23/><REACH who="2" ten="230,280,235,245" step="2"/><W38/><G115/><T107/><D118/><U37/><E32/><V132/><F132/><W69/><G112/><T9/><D119/><U120/><E120/><V60/><F60/><W101/><G35/><T63/><D63/><N who="1" m="40351" /><E39/><V98/><F98/><W29/><G38/><T52/><D61/><U75/><E117/><V122/><F122/><W43/><G43/><T41/><D41/><U73/><E116/><V7/><F7/><W62/><G62/><T81/><D45/><AGARI ba="0,1" hai="22,25,31,37,40,45,73,75" m="40351,30807" machi="45" ten="30,1500,0" yaku="24,1" doraHai="134" who="1" fromWho="0" sc="230,-15,280,25,235,0,245,0" /><INIT seed="1,1,0,1,3,76" ten="215,305,235,245" oya="1" hai0="28,70,132,50,93,39,73,9,134,42,29,78,64" hai1="72,53,128,122,40,23,120,37,107,135,102,118,101" hai2="22,114,51,60,104,90,113,103,59,44,96,57,111" hai3="31,15,38,4,81,0,79,105,82,21,1,106,83"/><U95/><E118/><V33/><F33/><W130/><G79/><T62/><D39/><U110/><E107/><V7/><F111/><W34/><G38/><T88/><D9/><U65/><E110/><V32/><F32/><W6/><G130/><T27/><D42/><U100/><E128/><V115/><F60/><W117/><G117/><T2/><D2/><U85/><E72/><V98/><F7/><W47/><G47/><T126/><D50/><U58/><E65/><V35/><F35/><W61/><G61/><T84/><D126/><U92/><E135/><N who="0" m="51753" /><D27/><U36/><E23/><V131/><F131/><W71/><G71/><T94/><D94/><U17/><E40/><V112/><N who="2" m="28672" /><DORA hai="49" /><V52/><F22/><W119/><G119/><T41/><D41/><U129/><E37/><V75/><F75/><W77/><G77/><T108/><D108/><U11/><E36/><V48/><F51/><W18/><G4/><T46/><D46/><U125/><E125/><V5/><F5/><W25/><G0/><T80/><AGARI ba="1,0" hai="28,29,62,64,70,73,78,80,84,88,93" m="51753" machi="80" ten="30,4000,0" yaku="20,1,52,1,54,1" doraHai="76,49" who="0" fromWho="0" sc="215,43,305,-21,235,-11,245,-11" /><INIT seed="2,0,0,5,2,35" ten="258,284,224,234" oya="2" hai0="127,100,20,102,132,110,135,52,82,5,47,120,95" hai1="44,85,50,48,43,29,90,45,40,26,37,68,92" hai2="30,113,122,72,78,75,128,129,101,133,25,91,121" hai3="8,41,39,114,6,28,58,119,11,88,54,61,22"/><V81/><F30/><W18/><G119/><T125/><D120/><N who="2" m="46186" /><F25/><W93/><G114/><T46/><D82/><U13/><E13/><V117/><F117/><W108/><G108/><T116/><D110/><U4/><E4/><V104/><F113/><W34/><G34/><T134/><D116/><U70/><REACH who="1" step="1"/><E37/><REACH who="1" ten="258,274,224,234" step="2"/><V124/><F124/><W69/><G6/><T23/><D5/><U96/><E96/><N who="2" m="61479" /><F133/><W31/><G39/><T66/><D127/><U0/><E0/><V64/><F64/><W1/><G1/><T65/><D125/><U103/><E103/><V17/><F17/><W2/><G2/><T62/><D134/><U71/><E71/><V131/><F91/><W51/><G88/><T76/><D66/><U3/><E3/><V12/><F12/><W123/><G18/><T111/><D65/><U9/><E9/><V99/><F99/><W38/><G8/><T109/><D135/><U106/><E106/><V94/><F94/><W89/><G11/><T83/><D95/><U36/><E36/><V80/><F80/><W107/><G93/><T33/><D83/><U63/><E63/><V27/><F27/><W118/><G61/><T57/><D132/><U87/><E87/><AGARI ba="0,1" hai="72,75,78,81,87,128,129,131" m="61479,46186" machi="87" ten="40,7700,0" yaku="19,1,34,2" doraHai="35" who="2" fromWho="1" sc="258,0,274,-77,224,87,234,0" /><INIT seed="2,1,0,0,3,34" ten="258,197,311,234" oya="2" hai0="38,128,7,25,16,40,56,90,84,121,135,88,113" hai1="8,62,114,68,42,29,13,32,104,0,21,2,57" hai2="85,96,79,36,131,129,37,109,94,123,63,10,97" hai3="108,100,125,48,4,102,27,106,91,111,112,133,20"/><V55/><F123/><W127/><G4/><T49/><D121/><U81/><E68/><V3/><F109/><N who="3" m="42059" /><G133/><T22/><D113/><U61/><E104/><V80/><F55/><W54/><G112/><T6/><D135/><U18/><E32/><V126/><F63/><W92/><G106/><T65/><D128/><N who="2" m="49226" /><F126/><N who="3" m="48139" /><G91/><T28/><D38/><N who="2" m="14954" /><F94/><W5/><G92/><T77/><D77/><U82/><E42/><V89/><F89/><W1/><G5/><AGARI ba="1,0" hai="3,5,10,79,80,85,96,97" m="14954,49226" machi="5" ten="30,2900,0" yaku="19,1,52,1" doraHai="34" who="2" fromWho="3" sc="258,0,197,0,311,32,234,-32" /><INIT seed="2,2,0,5,1,16" ten="258,197,343,202" oya="2" hai0="36,120,90,81,8,43,77,47,46,83,78,3,80" hai1="82,57,89,22,32,116,114,4,61,103,69,30,64" hai2="92,94,110,20,101,6,41,42,133,100,108,55,113" hai3="17,26,91,68,130,11,52,24,127,124,67,98,19"/><V33/><F113/><W53/><G130/><T0/><D120/><U74/><E116/><V128/><F33/><W12/><G68/><T72/><D47/><U49/><E32/><V87/><F128/><W28/><G67/><T93/><D8/><U107/><E114/><V29/><F133/><W44/><G98/><T76/><REACH who="0" step="1"/><D72/><REACH who="0" ten="248,197,343,202" step="2"/><U135/><E135/><V14/><F110/><W73/><G73/><T132/><D132/><U35/><E74/><V58/><F108/><W48/><G124/><T111/><D111/><U18/><E69/><V50/><F42/><W10/><G127/><T95/><D95/><U1/><E107/><V59/><F41/><W21/><G11/><T112/><D112/><U54/><E82/><V70/><F70/><W126/><G126/><T39/><D39/><U31/><E57/><V66/><F92/><W129/><G129/><T40/><D40/><U88/><E1/><V65/><F59/><W109/><G109/><T51/><D51/><U125/><E49/><V9/><F94/><W134/><G134/><T15/><D15/><U119/><E125/><V5/><F5/><W60/><G60/><T117/><D117/><U7/><E61/><V99/><F87/><AGARI ba="2,1" hai="0,3,36,43,46,76,77,78,80,81,83,87,90,93" machi="87" ten="40,1300,0" yaku="1,1,53,0" doraHai="16" doraHaiUra="115" who="0" fromWho="2" sc="248,29,197,0,343,-19,202,0" /><INIT seed="3,0,0,0,3,120" ten="277,197,324,202" oya="3" hai0="23,109,127,126,113,13,82,26,94,83,52,114,17" hai1="35,71,81,102,0,106,6,39,78,46,12,131,55" hai2="88,89,24,130,48,63,34,74,118,105,115,117,10" hai3="59,19,49,66,112,125,128,67,119,45,27,69,11"/><W77/><G112/><N who="0" m="43115" /><D109/><U16/><E131/><V133/><F105/><W18/><G119/><T32/><D94/><U90/><E71/><V38/><F38/><W42/><G125/><N who="0" m="47627" /><D52/><U99/><E90/><V57/><F115/><W14/><G128/><T33/><D83/><U121/><E35/><N who="0" m="13385" /><D82/><U73/><E121/><V80/><F130/><W58/><G77/><T9/><D9/><U107/><E107/><V20/><F10/><W135/><G135/><T124/><D124/><U111/><E111/><V60/><F133/><W7/><G69/><T134/><D134/><U72/><E55/><N who="2" m="31975" /><F80/><W129/><G129/><T122/><D122/><U93/><E93/><V98/><F98/><W3/><G66/><T64/><D64/><U110/><E110/><V22/><F117/><W1/><G67/><T91/><D91/><U51/><E81/><V4/><F89/><W96/><G96/><T50/><D50/><U31/><E51/><V8/><F88/><W132/><G132/><T108/><D108/><U2/><E99/><V61/><F118/><W37/><G37/><T53/><D53/><U84/><E39/><V123/><F123/><W103/><G59/><T86/><D86/><U79/><E84/><V65/><F65/><W104/><G58/><T25/><AGARI ba="0,0" hai="13,17,23,25,26" m="13385,47627,43115" machi="25" ten="40,8000,1" yaku="11,1,18,1,34,2" doraHai="120" who="0" fromWho="0" sc="277,80,197,-20,324,-20,202,-40" /><INIT seed="4,0,0,4,5,13" ten="357,177,304,162" oya="0" hai0="95,104,115,113,41,83,36,3,118,125,88,134,67" hai1="128,84,105,40,99,107,57,8,55,7,56,17,28" hai2="73,93,23,75,50,129,20,131,12,72,22,116,59" hai3="27,98,86,92,1,30,119,109,76,11,45,103,68"/><T66/><D104/><U38/><E28/><V58/><F12/><W26/><G68/><T64/><D3/><U79/><E128/><N who="2" m="49227" /><F93/><W77/><G109/><T60/><D118/><U47/><E99/><V89/><F89/><W62/><G119/><T10/><D134/><U33/><E33/><V19/><F116/><W4/><G45/><N who="0" m="23719" /><D83/><U16/><E57/><N who="2" m="21515" /><F50/><W43/><G62/><T74/><D74/><N who="2" m="18946" /><V132/><DORA hai="87" /><F132/><W25/><G43/><T127/><D60/><U44/><E105/><V70/><F70/><W130/><G130/><T80/><D80/><U53/><E107/><V14/><AGARI ba="0,0" hai="14,19,20,22,23" m="18946,21515,49227" machi="14" ten="50,3200,0" yaku="19,1,52,1" doraHai="13,87" who="2" fromWho="2" sc="357,-16,177,-8,304,32,162,-8" /><INIT seed="5,0,0,3,2,38" ten="341,169,336,154" oya="1" hai0="106,53,52,47,48,0,134,2,4,72,55,84,12" hai1="34,83,125,50,44,21,63,64,68,126,124,41,61" hai2="32,123,113,58,127,89,135,20,11,121,82,100,98" hai3="73,115,80,132,59,8,5,17,39,107,35,37,46"/><U9/><E34/><V45/><F32/><W94/><G107/><T101/><D72/><U54/><E9/><V128/><F128/><W129/><G129/><T14/><D134/><U10/><E10/><V96/><F135/><W86/><G35/><T114/><D114/><U110/><E83/><V19/><F127/><W27/><G132/><T7/><D106/><U105/><E105/><V33/><F33/><W43/><G115/><T13/><D101/><U103/><E103/><V92/><F113/><W24/><G59/><T28/><D28/><U36/><E21/><V26/><F58/><W117/><G117/><T57/><D84/><U18/><E18/><V31/><F45/><W87/><G37/><T97/><D97/><U131/><E61/><V119/><F119/><W81/><G94/><T60/><D55/><U42/><E131/><V76/><F98/><W75/><G75/><T104/><D104/><U16/><E16/><V71/><F71/><W40/><G40/><N who="1" m="15466" /><E36/><V90/><F121/><W25/><G81/><T91/><D0/><U3/><E3/><V85/><F123/><W15/><G17/><T133/><D2/><U1/><E1/><V108/><F11/><W88/><G73/><T56/><D133/><U130/><E130/><V6/><F31/><W118/><G118/><T70/><D70/><U29/><E110/><V30/><F108/><W66/><REACH who="3" step="1"/><G86/><REACH who="3" ten="341,169,336,144" step="2"/><T62/><D62/><U77/><E29/><V79/><F30/><W74/><G74/><T109/><D60/><U65/><E64/><AGARI ba="0,1" hai="5,8,15,24,25,27,39,43,46,64,66,80,87,88" machi="64" ten="40,5200,0" yaku="1,1,52,1,54,1,53,0" doraHai="38" doraHaiUra="51" who="3" fromWho="1" sc="341,0,169,-52,336,0,144,62" /><INIT seed="6,0,0,0,1,39" ten="341,117,336,206" oya="2" hai0="48,13,56,61,54,64,50,38,121,52,90,132,111" hai1="12,40,1,15,21,76,104,11,80,123,82,75,77" hai2="115,105,58,72,6,32,4,69,98,78,119,70,65" hai3="110,100,43,86,125,87,0,84,88,122,41,57,107"/><V42/><F119/><W60/><G0/><T79/><D38/><U97/><E123/><V20/><F32/><W30/><G110/><T130/><D121/><U117/><E117/><V93/><F105/><W34/><G122/><T135/><D111/><U131/><E131/><V83/><F115/><W81/><G125/><T134/><D79/><U51/><E1/><V95/><F95/><N who="3" m="54663" /><G107/><T101/><D101/><U26/><E104/><V35/><F35/><W127/><G34/><T99/><D130/><U128/><E97/><V89/><F58/><W114/><G127/><T53/><D13/><U3/><E128/><V22/><F65/><N who="3" m="39055" /><G114/><T94/><AGARI ba="0,0" hai="48,50,52,53,54,56,61,64,90,94,99,132,134,135" machi="94" ten="40,5200,0" yaku="0,1,20,1,54,1" doraHai="39" who="0" fromWho="0" sc="341,52,117,-13,336,-26,206,-13" /><INIT seed="7,0,0,5,4,112" ten="393,104,310,193" oya="3" hai0="131,67,17,94,48,97,43,80,110,35,93,7,36" hai1="45,101,100,62,73,18,98,2,65,108,28,16,56" hai2="126,120,58,47,46,128,19,70,91,89,60,71,119" hai3="14,109,107,53,61,8,40,27,78,76,23,11,81"/><W10/><G107/><T49/><D36/><U44/><E108/><V21/><F128/><W1/><G1/><T0/><D35/><U111/><E111/><V87/><F126/><W133/><G133/><T13/><D0/><U12/><E73/><V63/><F120/><W75/><G109/><T59/><D7/><U72/><E72/><V50/><F119/><W31/><G40/><T77/><D94/><U117/><E2/><V34/><F34/><W115/><G115/><T84/><D43/><U51/><E28/><V57/><F70/><W135/><G135/><T74/><D74/><U127/><E127/><V4/><F71/><W79/><G75/><T54/><D67/><U32/><E32/><V103/><F4/><W99/><G99/><T64/><D64/><U26/><E117/><V3/><F103/><W69/><G81/><T55/><D131/><U52/><E45/><V15/><F3/><W88/><G88/><T105/><D105/><U30/><E30/><V122/><F122/><W86/><G86/><T92/><D97/><U5/><E26/><V134/><F134/><W116/><G116/><T95/><D110/><U37/><E37/><V130/><F130/><W25/><G25/><T68/><D68/><U42/><E42/><V96/><F96/><W38/><G38/><T33/><D33/><U90/><E90/><V121/><F121/><W102/><G102/><T6/><D93/><U20/><E98/><V125/><F125/><W118/><G27/><T41/><D41/><U83/><E5/><V123/><F123/><W22/><G31/><T124/><D124/><RYUUKYOKU ba="0,0" sc="393,0,104,0,310,0,193,0" owari="393,50.0,104,-40.0,310,11.0,193,-21.0" /></mjloggm>