<mjloggm ver="2.3"><GO type="169" lobby="0"/><UN n0="%E5%91%82%E5%A7%AB" n1="%E6%A1%9C%E4%BA%95%E3%81%95%E3%82%93" n2="%E6%A4%8B%E5%A4%A7%E6%A8%B9" n3="%E5%B0%B1%E6%B4%BB%E7%94%9F%40%E5%B7%9D%E6%9D%91%E8%BB%8D%E5%9B%A3" dan="18,18,18,17" rate="2260.68,2191.25,2206.25,2171.23" sx="F,M,M,M"/><TAIKYOKU oya="0"/><INIT seed="0,0,0,3,0,47" ten="250,250,250,250" oya="0" hai0="30,17,41,92,6,90,68,123,11,10,27,4,15" hai1="84,71,59,115,85,120,74,134,105,101,130,32,65" hai2="64,23,53,21,114,52,118,125,104,81,127,67,24" hai3="98,18,38,87,108,131,55,29,102,76,34,61,58"/><T69/><D123/><U113/><E32/><V31/><F104/><W46/><G108/><T26/><D41/><U5/><E71/><V79/><F114/><W60/><G131/><T25/><D30/><U107/><E5/><V128/><F128/><W117/><G117/><T36/><D36/><U124/><E130/><V96/><F96/><W8/><G34/><T129/><D129/><U99/><E65/><V88/><F118/><W9/><G29/><T132/><D132/><U35/><E59/><V109/><F109/><W22/><G61/><T70/><REACH who="0" step="1"/><D11/><REACH who="0" ten="240,250,250,250" step="2"/><U7/><E120/><V77/><F31/><W103/><G8/><T95/><D95/><U48/><E134/><V112/><F112/><W72/><G9/><T20/><D20/><U51/><E35/><V57/><F23/><W122/><G122/><T62/><D62/><U49/><E113/><V89/><F21/><W43/><G22/><T83/><D83/><U13/><E115/><V97/><F81/><W116/><G116/><T94/><D94/><U126/><E107/><V40/><F40/><W121/><G43/><T73/><D73/><U91/><E74/><V14/><F127/><W37/><G38/><T133/><D133/><U42/><E42/><V78/><F125/><W54/><G60/><T75/><D75/><U33/><E33/><V45/><F45/><W2/><G46/><T56/><D56/><U28/><E28/><V50/><F57/><W63/><G58/><T135/><D135/><U44/><E44/><V100/><F50/><W86/><G37/><T1/><D1/><U12/><E124/><RYUUKYOKU ba="0,1" sc="240,30,250,-10,250,-10,250,-10" hai0="4,6,10,15,17,25,26,27,68,69,70,90,92" /><INIT seed="0,1,1,2,0,90" ten="270,240,240,240" oya="0" hai0="111,37,109,18,80,49,73,72,66,133,100,45,8" hai1="124,12,61,16,96,19,27,88,132,84,14,115,126" hai2="57,131,34,91,92,35,41,89,13,46,128,43,44" hai3="26,112,94,5,6,83,10,63,23,67,81,54,1"/><T76/><D37/><U77/><E132/><V120/><F57/><W99/><G112/><T48/><D133/><U135/><E135/><V97/><F13/><W9/><G54/><T42/><D66/><U60/><E115/><V105/><F105/><W64/><G81/><T103/><D72/><U101/><E77/><V36/><F120/><W74/><G83/><T121/><D121/><U102/><E27/><V87/><F87/><W108/><G74/><T78/><D78/><U32/><E32/><V93/><REACH who="2" step="1"/><F97/><REACH who="2" ten="270,240,230,240" step="2"/><W110/><G108/><N who="0" m="41547" /><D49/><U113/><E113/><V2/><F2/><W130/><G110/><T114/><D114/><U127/><E96/><V95/><F95/><W33/><G63/><N who="1" m="24138" /><E14/><AGARI ba="1,2" hai="8,14,18,42,45,48,73,76,80,100,103" m="41547" machi="14" ten="30,2900,0" yaku="14,1,10,1" doraHai="90" who="0" fromWho="1" sc="270,52,240,-32,230,0,240,0" /><INIT seed="0,2,0,2,5,23" ten="322,208,230,240" oya="0" hai0="120,4,57,107,63,52,6,97,70,85,66,69,7" hai1="13,116,55,34,102,16,21,5,65,103,118,80,2" hai2="37,108,46,71,24,100,114,26,135,56,31,104,0" hai3="88,130,79,38,96,68,51,94,39,48,19,78,83"/><T93/><D120/><U86/><E34/><V110/><F114/><W10/><G68/><T115/><D115/><U76/><E65/><V36/><F71/><W124/><G124/><T98/><D70/><U1/><E55/><V112/><F0/><W25/><G130/><T30/><D30/><U123/><E123/><V126/><F112/><W101/><G39/><T128/><D128/><U41/><E41/><V29/><F56/><W62/><G62/><T58/><D69/><U9/><REACH who="1" step="1"/><E2/><REACH who="1" ten="322,198,230,240" step="2"/><V84/><F126/><W134/><G134/><T43/><D43/><U67/><E67/><V74/><F135/><W35/><G38/><T27/><D66/><U125/><E125/><V15/><F37/><W89/><G51/><T49/><D49/><U92/><E92/><V113/><F36/><W131/><G48/><T106/><D106/><U73/><E73/><V3/><F74/><W87/><G131/><T129/><D107/><U47/><E47/><V82/><F46/><W75/><G75/><T22/><D58/><U20/><E20/><V95/><F104/><W91/><G35/><T17/><D129/><U8/><E8/><V77/><F3/><W50/><G50/><T59/><D59/><U54/><E54/><V122/><F122/><W99/><G10/><T33/><D33/><U12/><E12/><V44/><F44/><W11/><G11/><T132/><D132/><U32/><E32/><N who="2" m="20519" /><F15/><W28/><G96/><T111/><D111/><U121/><E121/><V42/><F42/><W105/><G105/><T90/><AGARI ba="2,1" hai="4,6,7,17,22,27,52,57,63,85,90,93,97,98" machi="90" ten="30,11700,0" yaku="0,1,8,1,52,1,54,1" doraHai="23" who="0" fromWho="0" sc="322,133,198,-41,230,-41,240,-41" /><INIT seed="0,3,0,2,2,48" ten="455,157,189,199" oya="0" hai0="59,130,120,7,29,11,106,126,60,4,117,74,86" hai1="9,26,122,104,44,110,8,78,56,65,1,97,82" hai2="47,27,121,32,75,98,84,18,13,42,45,31,14" hai3="129,70,0,131,77,80,17,87,68,114,58,89,88"/><T69/><D74/><U73/><E122/><V62/><F75/><W96/><G114/><T28/><D69/><U63/><E110/><V55/><F121/><W57/><G0/><T118/><D120/><U53/><E26/><V71/><F47/><W61/><G17/><T115/><D115/><U43/><E1/><V92/><F84/><W54/><G58/><T72/><D72/><U105/><E65/><V33/><F33/><W112/><G112/><T90/><D106/><U46/><E46/><V85/><F85/><W16/><G16/><T20/><D130/><N who="3" m="49673" /><G96/><T23/><D11/><U19/><E97/><V49/><F18/><W64/><G70/><T81/><D4/><U111/><E111/><V15/><F71/><W22/><G22/><T3/><D7/><U101/><E101/><V124/><F124/><W21/><G21/><T116/><D3/><U10/><REACH who="1" step="1"/><E19/><REACH who="1" ten="455,147,189,199" step="2"/><V36/><F27/><W125/><G125/><T127/><D127/><U51/><AGARI ba="3,1" hai="8,9,10,43,44,51,53,56,63,73,78,82,104,105" machi="51" ten="30,7900,0" yaku="1,1,2,1,0,1,52,1,53,0" doraHai="48" doraHaiUra="135" who="1" fromWho="1" sc="455,-42,147,98,189,-23,199,-23" /><INIT seed="1,0,0,1,5,80" ten="413,245,166,176" oya="1" hai0="1,83,124,55,85,114,57,34,43,28,108,73,94" hai1="78,75,59,9,46,26,131,64,27,53,63,103,133" hai2="62,39,44,0,121,97,77,58,37,48,19,21,88" hai3="32,126,17,82,84,24,38,33,47,134,96,2,102"/><U89/><E131/><V8/><F121/><W105/><G2/><T52/><D108/><U41/><E133/><V127/><F127/><W128/><G134/><T76/><D114/><U130/><E130/><V111/><F111/><W20/><G128/><T106/><D106/><U122/><E122/><V81/><F0/><W51/><G38/><T109/><D109/><U3/><E103/><V100/><F8/><W23/><G23/><T12/><D1/><U112/><E112/><V13/><F62/><W16/><G17/><T99/><D124/><U49/><E78/><V61/><F61/><W42/><REACH who="3" step="1"/><G126/><REACH who="3" ten="413,245,166,166" step="2"/><T135/><D135/><U79/><E3/><V29/><F39/><W107/><G107/><T132/><D132/><U70/><E9/><V115/><F37/><W72/><G72/><T6/><D73/><U95/><E75/><V123/><F115/><W65/><G65/><T36/><D34/><U68/><E68/><V25/><F123/><W15/><G15/><T67/><D28/><U50/><REACH who="1" step="1"/><E79/><AGARI ba="0,1" hai="16,20,24,32,33,42,47,51,79,82,84,96,102,105" machi="79" ten="30,7700,0" yaku="1,1,7,1,52,1,54,1,53,0" doraHai="80" doraHaiUra="11" who="3" fromWho="1" sc="413,0,245,-77,166,0,166,87" /><INIT seed="2,0,0,4,3,76" ten="413,168,166,253" oya="2" hai0="8,50,114,51,127,108,25,124,56,118,67,129,123" hai1="17,70,36,5,128,45,28,42,64,66,48,113,33" hai2="77,115,117,22,41,135,24,49,110,95,58,34,9" hai3="12,111,55,84,40,63,21,71,54,116,37,69,99"/><V94/><F34/><W11/><G116/><T81/><D108/><U97/><E113/><V103/><F115/><W1/><G1/><T62/><D114/><U35/><E128/><V74/><F117/><W32/><G32/><T19/><D118/><U125/><E125/><N who="0" m="48201" /><D123/><U13/><E5/><V106/><F106/><W90/><G111/><T46/><D129/><U73/><E73/><V109/><F135/><W91/><G40/><T107/><D107/><U92/><E35/><V121/><F121/><W101/><G37/><T79/><D46/><U130/><E130/><V3/><F3/><W65/><G71/><T122/><D122/><U100/><E28/><V59/><F9/><W105/><G21/><N who="0" m="13503" /><D8/><U98/><E33/><V18/><F110/><W29/><G29/><T38/><D38/><U30/><E30/><V86/><F109/><W20/><G20/><T132/><D132/><U61/><E66/><V131/><F131/><W53/><REACH who="3" step="1"/><G84/><AGARI ba="0,0" hai="50,51,56,62,67,79,81,84" m="13503,48201" machi="84" ten="30,2000,0" yaku="18,1,52,1" doraHai="76" who="0" fromWho="3" sc="413,20,168,0,166,0,253,-20" /><INIT seed="3,0,0,4,2,33" ten="433,168,166,233" oya="3" hai0="92,135,53,120,101,54,31,52,3,84,43,16,26" hai1="81,130,67,96,5,70,103,112,30,132,82,48,125" hai2="73,117,45,11,79,94,133,38,50,87,19,14,75" hai3="7,1,62,34,127,110,4,51,10,119,98,90,63"/><W35/><G119/><T85/><D120/><U44/><E112/><V40/><F117/><W118/><G118/><T80/><D135/><U97/><E132/><V78/><F133/><W89/><G127/><T72/><D72/><U121/><E121/><V91/><F75/><W95/><G7/><T41/><D3/><U24/><E125/><V111/><F111/><W58/><G110/><T57/><D57/><U23/><E130/><V8/><F73/><W9/><G9/><T122/><D122/><U116/><E116/><V115/><F115/><W113/><G113/><T129/><D129/><U76/><E76/><V18/><F38/><W42/><G89/><T65/><D65/><U36/><E36/><V105/><F105/><W131/><G131/><T134/><D134/><U21/><E96/><V66/><F66/><W69/><G69/><T12/><D26/><U108/><E108/><V56/><F56/><W128/><G128/><T49/><D31/><U100/><E100/><V0/><F0/><W74/><G74/><T124/><D124/><U6/><E21/><V86/><F86/><N who="0" m="33386" /><D49/><U59/><E70/><V107/><F107/><W55/><REACH who="3" step="1"/><G42/><REACH who="3" ten="433,168,166,223" step="2"/><T2/><D41/><N who="1" m="24591" /><E6/><V17/><F8/><W123/><G123/><T20/><D43/><U61/><E5/><AGARI ba="0,1" hai="5,11,14,17,18,19,40,45,50,78,79,87,91,94" machi="5" ten="40,1300,0" yaku="8,1" doraHai="33" who="2" fromWho="1" sc="433,0,168,-13,166,23,223,0" /><INIT seed="4,0,0,5,3,108" ten="433,155,189,223" oya="0" hai0="126,107,58,68,111,117,110,33,95,28,67,10,91" hai1="11,76,90,71,115,14,122,101,132,103,120,114,51" hai2="127,62,70,40,99,9,32,23,129,60,106,65,134" hai3="105,37,130,25,30,121,79,18,124,43,21,84,16"/><T100/><D117/><U85/><E71/><V113/><F32/><W50/><G105/><T8/><D126/><U93/><E51/><V12/><F40/><W31/><G37/><T73/><D73/><U97/><E132/><V57/><F23/><N who="3" m="13543" /><G130/><T128/><D128/><U92/><E103/><V20/><F20/><W35/><G35/><T26/><D58/><U53/><E53/><V56/><F70/><W44/><G121/><T98/><D8/><U109/><E109/><V80/><F134/><W72/><G72/><T2/><D10/><U1/><E1/><V87/><F127/><W63/><G63/><N who="0" m="40063" /><D2/><U54/><E54/><V135/><F135/><W125/><G125/><T3/><D3/><U29/><E29/><V123/><F123/><N who="1" m="47145" /><E14/><V6/><F129/><W112/><G124/><T22/><D22/><U46/><E46/><V13/><F13/><N who="3" m="9423" /><G112/><N who="1" m="43050" /><E11/><V36/><F36/><W47/><G47/><T4/><D110/><U131/><E131/><V74/><F113/><W48/><G48/><T104/><D111/><U116/><E76/><N who="2" m="46471" /><F60/><W64/><G64/><T75/><D28/><U42/><E42/><V66/><F66/><W59/><G59/><T24/><D100/><U83/><E116/><V89/><F57/><W82/><AGARI ba="0,0" hai="30,31,43,44,50,79,82,84" m="9423,13543" machi="82" ten="30,2000,0" yaku="8,1,54,1" doraHai="108" who="3" fromWho="3" sc="433,-10,155,-5,189,-5,223,20" /><INIT seed="5,0,0,0,4,30" ten="423,150,184,243" oya="1" hai0="48,6,7,120,121,97,105,83,103,18,53,114,128" hai1="135,98,54,31,15,126,82,110,67,107,58,38,80" hai2="12,76,36,40,4,89,23,32,34,52,125,17,69" hai3="39,43,88,11,65,35,1,27,79,131,8,61,70"/><U100/><E38/><V2/><F69/><W104/><G79/><T132/><D114/><U9/><E135/><V108/><F108/><W59/><G131/><T55/><D132/><U49/><E110/><V90/><F76/><W91/><G59/><T44/><D128/><U118/><E118/><V115/><F40/><W73/><G73/><T10/><D83/><U37/><E37/><V33/><F36/><W63/><G63/><T62/><D62/><U92/><E126/><V124/><F115/><W133/><G133/><T93/><D105/><U85/><E67/><V119/><F119/><W84/><G91/><T71/><D71/><U19/><E31/><V24/><F2/><W26/><G26/><T46/><D18/><U94/><REACH who="1" step="1"/><E82/><REACH who="1" ten="423,140,184,243" step="2"/><V75/><F125/><W64/><G64/><T21/><D120/><U68/><E68/><V113/><F124/><W81/><G39/><T122/><D121/><U127/><E127/><V87/><F113/><W86/><G65/><T74/><D122/><U25/><E25/><V29/><F29/><W111/><G27/><T66/><D66/><U96/><E96/><V28/><F28/><W51/><G70/><T99/><D97/><U134/><E134/><V116/><F116/><W22/><G81/><T57/><D99/><U20/><E20/><V106/><F24/><W42/><G22/><T102/><D21/><U101/><E101/><V129/><F129/><W50/><G111/><T56/><D102/><U45/><E45/><V13/><F23/><W47/><G47/><T16/><D46/><U3/><E3/><V0/><F0/><RYUUKYOKU ba="0,1" sc="423,-10,140,30,184,-10,243,-10" hai1="9,15,19,49,54,58,80,85,92,94,98,100,107" /><INIT seed="5,1,1,5,3,112" ten="413,170,174,233" oya="1" hai0="104,57,81,34,52,74,47,106,29,118,100,120,134" hai1="31,94,21,82,27,45,113,65,32,66,4,28,116" hai2="93,23,89,43,22,11,72,130,92,103,36,59,38" hai3="69,114,54,77,115,41,18,129,119,121,8,98,68"/><U15/><E113/><N who="3" m="43018" /><G121/><T91/><D118/><U95/><E116/><V73/><F11/><W16/><G119/><T17/><D120/><U55/><E31/><V40/><F59/><W37/><G129/><T33/><D47/><U7/><E82/><V61/><F61/><W105/><G77/><T2/><D2/><U67/><E32/><V35/><F89/><W88/><G54/><T127/><D127/><U39/><E39/><V42/><F103/><W78/><G78/><T0/><D0/><U49/><REACH who="1" step="1"/><E15/><REACH who="1" ten="413,160,174,233" step="2"/><V9/><F35/><W3/><G3/><T83/><D34/><U111/><E111/><V62/><F36/><W58/><G37/><T50/><D29/><U84/><E84/><V79/><F38/><W14/><G41/><T124/><D33/><U26/><E26/><V30/><F42/><W122/><G122/><T10/><D83/><U86/><E86/><V70/><F40/><W117/><G117/><T60/><D81/><U63/><E63/><V128/><F62/><W19/><G105/><T76/><D60/><U80/><E80/><V75/><F43/><W99/><G69/><T25/><D25/><U125/><E125/><V97/><F70/><W101/><G68/><T131/><D124/><U53/><E53/><V56/><F30/><W107/><G58/><T110/><D106/><U102/><E102/><V44/><F56/><W71/><G71/><T126/><D100/><U108/><E108/><V96/><F79/><W90/><G90/><T1/><D91/><U46/><E46/><V20/><F44/><W13/><G13/><T85/><D104/><RYUUKYOKU ba="1,2" sc="413,-15,160,15,174,-15,233,15" hai1="4,7,21,27,28,45,49,55,65,66,67,94,95" hai3="8,14,16,18,19,88,98,99,101,107" /><INIT seed="5,2,2,4,5,41" ten="398,175,159,248" oya="1" hai0="108,59,95,54,98,100,3,87,107,135,88,80,117" hai1="64,35,84,126,30,96,69,13,6,15,57,113,101" hai2="124,106,92,66,27,127,50,90,45,52,86,17,99" hai3="82,85,9,81,23,0,104,4,2,129,31,11,119"/><U46/><E113/><V5/><F5/><W94/><G104/><T72/><D108/><U83/><E126/><N who="2" m="48171" /><F66/><W53/><G129/><T20/><D117/><U110/><E110/><V62/><F62/><W128/><G128/><T65/><D135/><U131/><E131/><V115/><F115/><W47/><G119/><T7/><D65/><U73/><E73/><V118/><F118/><W121/><G121/><T1/><D20/><U42/><E69/><V32/><F17/><W70/><G70/><T79/><D7/><U116/><E116/><V111/><F111/><W33/><G33/><T109/><D109/><U89/><E6/><V91/><F106/><W114/><G114/><T102/><D100/><U19/><E19/><V75/><F75/><W10/><G94/><T103/><D103/><U29/><E64/><V58/><F58/><W105/><G105/><T74/><D74/><U43/><E57/><V112/><F112/><W63/><G81/><T93/><D93/><N who="1" m="58511" /><E35/><V18/><F18/><W26/><G2/><T122/><D122/><U67/><E67/><V51/><F51/><AGARI ba="2,2" hai="1,3,51,54,59,72,79,80,87,88,95,98,102,107" machi="51" ten="30,7700,0" yaku="7,1,24,2,54,1" doraHai="41" who="0" fromWho="2" sc="398,103,175,0,159,-83,248,0" /><INIT seed="6,0,0,5,5,67" ten="501,175,76,248" oya="2" hai0="88,119,14,44,112,121,134,84,39,123,117,98,9" hai1="20,118,7,110,58,120,100,82,5,34,77,24,51" hai2="104,76,92,25,78,101,35,55,75,21,66,124,68" hai3="61,102,90,99,91,57,113,111,54,56,63,133,114"/><V131/><F131/><W89/><G111/><T127/><D98/><U125/><E110/><V60/><F124/><W107/><REACH who="3" step="1"/><G133/><REACH who="3" ten="501,175,76,238" step="2"/><T23/><D134/><U135/><E135/><V13/><F104/><W126/><G126/><T43/><D127/><U15/><E125/><V94/><F75/><W81/><G81/><T80/><D123/><U87/><E82/><V59/><F94/><W48/><G48/><T52/><D121/><U65/><E51/><V31/><F92/><W1/><G1/><T85/><D119/><U46/><E120/><V0/><F0/><W97/><G97/><T71/><D117/><U16/><E118/><V53/><F101/><W79/><G79/><T73/><D73/><U28/><E77/><V64/><F78/><W128/><G128/><T45/><D85/><U103/><E87/><V116/><F116/><W18/><G18/><T30/><D84/><U40/><E103/><V27/><F76/><W132/><G132/><T50/><D80/><U12/><E16/><V108/><F108/><W32/><G32/><T38/><D88/><U70/><E34/><V62/><REACH who="2" step="1"/><F13/><REACH who="2" ten="501,175,66,238" step="2"/><W105/><G105/><T115/><D14/><U95/><E15/><V2/><F2/><W33/><G33/><T10/><D112/><U11/><E95/><V26/><F26/><W37/><G37/><T4/><D115/><U83/><E100/><V47/><F47/><W130/><G130/><T17/><D39/><N who="1" m="21791" /><E83/><V42/><F42/><W8/><G8/><T29/><D38/><U86/><E11/><N who="0" m="4105" /><D44/><U93/><E12/><V96/><F96/><W74/><G74/><RYUUKYOKU ba="0,2" sc="501,-15,175,-15,66,15,238,15" hai2="21,25,27,31,35,53,55,59,60,62,64,66,68" hai3="54,56,57,61,63,89,90,91,99,102,107,113,114" /><INIT seed="6,1,2,4,5,5" ten="486,160,81,253" oya="2" hai0="89,94,111,119,117,74,29,32,91,13,79,26,51" hai1="24,4,14,49,16,52,56,133,55,46,85,84,62" hai2="47,11,41,129,15,90,39,114,83,35,135,122,106" hai3="99,98,1,50,44,2,132,126,42,116,92,37,88"/><V45/><F122/><W43/><G116/><N who="0" m="44619" /><D111/><U104/><E104/><V48/><F106/><W134/><G126/><T109/><D109/><U53/><E133/><N who="3" m="51306" /><G99/><T12/><D91/><U25/><E4/><V21/><F35/><W65/><G65/><T66/><D66/><U86/><REACH who="1" step="1"/><E55/><REACH who="1" ten="486,150,81,253" step="2"/><N who="2" m="30111" /><F135/><W112/><G112/><T7/><D7/><U123/><E123/><V58/><F114/><W97/><G97/><N who="0" m="57551" /><D51/><U81/><E81/><AGARI ba="1,3" hai="12,13,26,29,32,74,79,81" m="57551,44619" machi="81" ten="30,1000,0" yaku="12,1" doraHai="5" who="0" fromWho="1" sc="486,43,150,-13,81,0,253,0" /><INIT seed="7,0,0,0,5,25" ten="529,137,81,253" oya="3" hai0="127,109,102,7,133,47,49,77,110,32,95,59,129" hai1="106,124,91,116,24,79,11,76,67,83,20,43,115" hai2="94,62,18,41,71,70,88,45,134,93,61,44,1" hai3="135,66,69,29,103,27,36,112,72,39,34,117,53"/><W60/><G112/><T28/><D95/><U51/><E106/><V87/><F134/><W107/><G117/><T56/><D59/><U9/><E115/><V15/><F1/><W4/><G135/><T98/><D7/><U21/><E124/><V118/><F118/><W68/><G68/><T12/><D47/><N who="1" m="26111" /><E67/><V23/><F71/><W111/><G111/><T8/><D12/><U17/><E116/><V99/><F70/><W130/><G130/><T80/><D98/><U90/><E21/><V40/><F45/><W122/><G122/><T16/><D16/><U126/><E126/><V81/><F93/><W123/><G123/><T52/><D80/><U86/><E91/><V85/><F85/><W108/><G108/><T101/><D52/><U5/><E5/><V48/><REACH who="2" step="1"/><F40/><REACH who="2" ten="529,137,71,253" step="2"/><W63/><G69/><T132/><D8/><AGARI ba="0,1" hai="8,9,11,17,20,24,76,79,83,86,90" m="26111" machi="8" ten="30,1000,0" yaku="8,1" doraHai="25" who="1" fromWho="0" sc="529,-10,137,20,71,0,253,0" owari="519,62.0,157,-24.0,71,-43.0,253,5.0" /></mjloggm>