<mjloggm ver="2.3"><GO type="169" lobby="0"/><UN n0="%E3%83%B4%E3%82%A1%E3%83%AA%E3%83%BC" n1="%E3%82%A6%E3%83%AB%E3%83%88%E3%83%A9%E7%AB%8B%E7%9B%B4" n2="%59%61%6E%67%6E%75%6D" n3="%4A%6F%75%72%6E%65%79" dan="16,16,16,17" rate="2127.12,2156.95,2069.06,2178.63" sx="M,M,M,M"/><TAIKYOKU oya="0"/><INIT seed="0,0,0,2,1,13" ten="250,250,250,250" oya="0" hai0="120,7,113,98,58,59,67,77,95,118,2,65,27" hai1="90,100,108,92,111,1,114,20,124,75,93,44,31" hai2="109,10,32,28,133,42,22,18,38,50,54,87,19" hai3="21,94,30,6,104,14,24,73,89,25,12,4,121"/><T80/><D113/><U70/><E1/><V116/><F109/><N who="1" m="42057" /><E70/><V52/><F133/><W43/><G104/><T128/><D128/><U62/><E62/><V123/><F123/><W122/><G73/><T5/><D2/><U53/><E53/><N who="2" m="20587" /><F32/><N who="3" m="20551" /><G43/><T127/><D27/><U97/><E44/><N who="2" m="25879" /><F38/><W115/><G94/><T16/><D16/><N who="2" m="6186" /><F116/><W69/><G69/><T126/><D118/><U60/><E75/><V46/><F10/><W15/><G115/><T74/><D120/><N who="3" m="46185" /><G89/><N who="0" m="55663" /><D65/><U64/><E90/><V68/><F68/><W48/><G48/><T57/><D67/><U0/><E64/><V105/><F105/><W110/><G110/><T91/><D91/><U84/><E114/><V55/><F87/><W125/><G125/><AGARI ba="0,0" hai="5,7,57,58,59,74,77,80,125,126,127" m="55663" machi="125" ten="30,1500,0" yaku="18,1" doraHai="13" who="0" fromWho="3" sc="250,15,250,0,250,0,250,-15" /><INIT seed="0,1,0,1,4,97" ten="265,250,250,235" oya="0" hai0="130,123,57,23,17,84,47,24,87,6,35,74,44" hai1="133,29,82,107,72,86,54,27,125,124,15,46,60" hai2="64,63,126,129,12,78,5,19,75,109,37,116,16" hai3="88,102,85,61,20,3,22,121,14,18,103,96,41"/><T70/><D70/><U134/><E72/><V4/><F109/><W51/><G3/><T40/><D74/><U101/><E15/><V56/><F129/><W81/><G121/><T8/><D130/><U50/><E60/><V36/><F126/><N who="1" m="48745" /><E107/><V93/><F116/><W99/><G61/><T105/><D105/><U115/><E115/><V65/><F75/><W122/><G122/><T108/><D108/><U76/><E101/><N who="3" m="38410" /><G20/><AGARI ba="1,0" hai="20,27,29,46,50,54,76,82,86,133,134" m="48745" machi="20" ten="30,1000,0" yaku="18,1" doraHai="97" who="1" fromWho="3" sc="265,0,250,13,250,0,235,-13" /><INIT seed="1,0,0,1,1,46" ten="265,263,250,222" oya="1" hai0="8,105,49,47,127,67,83,124,66,75,28,117,132" hai1="62,86,33,10,79,72,34,135,108,73,13,14,24" hai2="59,133,55,107,130,129,15,1,9,70,39,98,41" hai3="3,85,100,56,89,31,81,68,69,57,60,6,74"/><U19/><E135/><V80/><F70/><W76/><G31/><T30/><D105/><U27/><E86/><V116/><F116/><W40/><G40/><T99/><D117/><U38/><E38/><V2/><F133/><W7/><G57/><T43/><D99/><U84/><E84/><V110/><F110/><W35/><G35/><N who="1" m="13322" /><E79/><V104/><F80/><W21/><G21/><T115/><D115/><U44/><E44/><V118/><F118/><W121/><G121/><T131/><D131/><N who="2" m="50186" /><F41/><W88/><G100/><T37/><D132/><U92/><E92/><V128/><F39/><W97/><G97/><T61/><D67/><U18/><E62/><V63/><F128/><W36/><G36/><T111/><D37/><U125/><E73/><V12/><F12/><W90/><G3/><N who="2" m="1033" /><F98/><W112/><G112/><T5/><D111/><U113/><E72/><V87/><F87/><W94/><G69/><N who="0" m="42191" /><D83/><U48/><E108/><V16/><AGARI ba="0,0" hai="9,15,16,55,59,63,104,107" m="1033,50186" machi="16" ten="30,2000,0" yaku="19,1,54,1" doraHai="46" who="2" fromWho="2" sc="265,-5,263,-10,250,20,222,-5" /><INIT seed="2,0,0,2,2,71" ten="260,253,270,217" oya="2" hai0="93,48,85,114,98,61,70,65,133,8,76,79,36" hai1="101,45,87,51,72,121,88,55,15,39,124,27,131" hai2="53,35,40,0,5,24,75,20,21,69,92,112,109" hai3="100,32,127,44,134,14,81,107,17,54,86,128,84"/><V63/><F112/><W6/><G128/><T34/><D133/><U38/><E72/><V28/><F75/><W135/><G127/><T57/><D34/><U29/><E101/><V94/><F109/><W104/><G32/><T115/><D36/><U58/><E131/><V120/><F120/><W113/><G6/><T59/><D70/><U49/><E15/><V122/><F122/><W130/><G130/><T90/><D8/><U129/><E129/><V43/><F0/><W62/><G86/><T22/><D22/><U26/><E124/><V116/><F116/><W11/><G113/><T73/><D73/><U126/><E126/><V7/><F35/><W91/><G62/><T108/><D108/><U30/><E121/><V19/><F69/><W60/><G60/><T67/><D67/><U13/><E13/><N who="2" m="9327" /><F43/><W132/><REACH who="3" step="1"/><G100/><REACH who="3" ten="260,253,270,207" step="2"/><N who="0" m="60495" /><D115/><U119/><E119/><V4/><F40/><W31/><G31/><T74/><D74/><U1/><E30/><V56/><AGARI ba="0,1" hai="4,5,7,21,24,28,53,56,63,92,94" m="9327" machi="56" ten="30,1500,0" yaku="8,1" doraHai="71" who="2" fromWho="2" sc="260,-5,253,-5,270,25,207,-5" /><INIT seed="2,1,0,2,0,8" ten="255,248,295,202" oya="2" hai0="119,106,45,132,27,72,111,44,76,58,43,73,57" hai1="7,110,99,4,35,32,107,103,133,100,126,34,87" hai2="94,40,102,123,69,134,81,114,53,85,14,71,62" hai3="17,115,90,46,91,41,93,70,61,78,25,29,122"/><V37/><F123/><W21/><G122/><T112/><D111/><U98/><E110/><V88/><F114/><W66/><G115/><T96/><D132/><U125/><E87/><V39/><F134/><W120/><G120/><T54/><D76/><U127/><REACH who="1" step="1"/><E133/><REACH who="1" ten="255,238,295,202" step="2"/><V24/><F71/><W104/><G78/><T28/><D112/><U128/><E128/><V42/><F69/><W92/><G104/><AGARI ba="1,1" hai="4,7,32,34,35,98,99,100,103,104,107,125,126,127" machi="104" ten="50,6400,0" yaku="1,1,9,1,18,1,53,0" doraHai="8" doraHaiUra="48" who="1" fromWho="3" sc="255,0,238,77,295,0,202,-67" /><INIT seed="3,0,0,5,2,5" ten="255,315,295,135" oya="3" hai0="131,120,6,94,81,89,123,82,79,16,3,118,51" hai1="54,115,127,49,90,53,114,77,32,26,43,18,110" hai2="105,7,80,63,132,92,56,14,47,68,84,78,34" hai3="23,41,76,13,108,67,104,22,10,29,71,4,85"/><W95/><G104/><T66/><D118/><U31/><E77/><V9/><F132/><W121/><G121/><T21/><D131/><U135/><E43/><V111/><F111/><W15/><G108/><T60/><D51/><U64/><E110/><V122/><F122/><W33/><G33/><T35/><D35/><U69/><E64/><V0/><F34/><W36/><G71/><T72/><D82/><U98/><E69/><V88/><F105/><W19/><G67/><T106/><D106/><U24/><E135/><V39/><F68/><W57/><G57/><T40/><D40/><U17/><E90/><V46/><F0/><W28/><G23/><T73/><D73/><U62/><E98/><N who="2" m="57607" /><F39/><W2/><G2/><T102/><D102/><U119/><E32/><V130/><F130/><W12/><G12/><T48/><D48/><U117/><E49/><V101/><F101/><W100/><G100/><T133/><D133/><U99/><E62/><V44/><F44/><W125/><G125/><T113/><D113/><U128/><E99/><V8/><F8/><W91/><REACH who="3" step="1"/><G76/><REACH who="3" ten="255,315,295,125" step="2"/><T134/><D134/><U97/><E127/><V52/><AGARI ba="0,1" hai="7,9,14,46,47,52,56,63,78,80,84" m="57607" machi="52" ten="30,7900,0" yaku="8,1,52,1,54,2" doraHai="5" who="2" fromWho="2" sc="255,-20,315,-20,295,89,125,-39" /><INIT seed="4,0,0,4,3,50" ten="235,295,384,86" oya="0" hai0="134,53,81,111,121,77,11,12,118,48,98,132,44" hai1="27,9,66,4,83,0,122,7,102,19,101,67,80" hai2="78,61,75,76,115,32,64,107,125,8,25,51,128" hai3="103,41,26,15,2,88,1,52,73,14,22,57,21"/><T127/><D127/><U38/><E38/><V108/><F107/><W93/><G73/><T79/><D121/><U74/><E122/><V59/><F115/><W35/><G103/><T36/><D118/><U20/><E74/><V119/><F128/><W46/><G35/><T82/><D36/><U43/><E43/><V10/><F108/><W29/><G1/><T124/><D124/><U34/><E34/><V30/><F119/><W40/><G2/><T16/><D98/><U84/><E7/><V120/><F120/><W89/><G89/><T97/><D97/><U33/><E83/><N who="0" m="31753" /><D111/><U6/><E6/><V72/><F72/><W24/><G46/><T39/><D39/><U45/><E45/><V17/><F75/><W13/><G40/><T104/><D104/><U91/><E33/><V63/><F78/><N who="0" m="29706" /><D134/><U133/><E133/><V42/><F76/><W96/><G41/><T47/><D132/><U87/><E87/><V100/><F100/><W49/><REACH who="3" step="1"/><G14/><REACH who="3" ten="235,295,384,76" step="2"/><T114/><D114/><U37/><E37/><V56/><F42/><W113/><G113/><T60/><D44/><U95/><E102/><V90/><F32/><W109/><G109/><T69/><D69/><U110/><E110/><V129/><F90/><W68/><G68/><T112/><D112/><U117/><E117/><V126/><F125/><W99/><G99/><T54/><D47/><U85/><E101/><V5/><F126/><W70/><G70/><T86/><D86/><U94/><E85/><V131/><F129/><W28/><AGARI ba="0,1" hai="13,15,21,22,24,26,28,29,49,52,57,88,93,96" machi="28" ten="20,16000,3" yaku="1,1,0,1,7,1,9,1,8,1,52,1,54,2,53,2" doraHai="50" doraHaiUra="23" who="3" fromWho="3" sc="235,-80,295,-40,384,-40,76,170" /><INIT seed="5,0,0,1,2,54" ten="155,255,344,246" oya="1" hai0="118,97,42,86,74,52,117,39,132,19,100,2,53" hai1="92,128,35,20,108,122,84,71,46,95,28,59,22" hai2="7,16,73,75,5,93,24,41,131,32,106,79,83" hai3="134,36,67,40,121,57,26,29,50,98,124,23,48"/><U64/><E122/><V43/><F106/><W49/><G121/><T62/><D2/><U104/><E104/><V60/><F131/><W91/><G134/><T0/><D74/><U116/><E71/><V112/><F75/><W123/><G123/><T15/><D0/><U38/><E116/><V47/><F43/><W114/><G114/><T21/><D132/><U133/><E133/><V31/><F112/><W68/><G68/><T96/><D39/><U9/><E35/><V4/><F60/><N who="3" m="38287" /><G36/><T12/><D42/><U109/><E46/><V110/><F110/><N who="1" m="42601" /><E38/><V8/><F93/><N who="1" m="35913" /><E28/><V34/><F34/><W27/><G124/><T88/><D100/><U65/><E128/><V87/><F41/><W99/><G40/><T111/><D111/><U1/><E84/><V69/><F47/><W103/><G103/><T66/><D118/><U105/><E105/><V72/><F69/><W6/><G6/><T127/><D127/><U119/><E119/><V102/><F102/><W77/><G99/><N who="0" m="37963" /><D117/><U89/><E89/><V55/><F73/><W82/><G98/><T129/><D129/><U17/><E65/><V80/><F72/><W30/><G91/><T45/><D45/><U70/><E70/><V63/><F32/><W44/><G44/><T25/><D88/><U120/><E120/><V115/><F115/><W61/><G30/><T126/><D86/><U135/><E135/><V10/><F87/><W56/><G29/><T58/><D126/><U113/><E113/><V107/><F31/><W18/><G77/><T13/><AGARI ba="0,0" hai="12,13,15,19,21,25,52,53,58,62,66" m="37963" machi="13" ten="30,4000,0" yaku="8,1,52,1,54,1" doraHai="54" who="0" fromWho="0" sc="155,40,255,-20,344,-10,246,-10" /><INIT seed="6,0,0,4,2,133" ten="195,235,334,236" oya="2" hai0="2,112,71,94,83,54,64,4,100,18,79,81,122" hai1="43,67,111,110,31,75,50,49,19,24,117,15,17" hai2="5,7,104,115,120,55,77,92,132,12,56,3,30" hai3="98,125,57,99,38,97,59,96,51,40,65,107,9"/><V45/><F120/><W119/><G119/><T32/><D32/><U130/><E75/><V46/><F115/><W66/><G38/><T70/><D4/><U124/><E117/><V82/><F104/><W13/><G125/><T101/><D2/><U86/><E67/><N who="3" m="25610" /><G99/><T78/><D64/><U29/><E86/><V90/><F3/><W16/><G107/><T134/><D54/><U91/><E91/><V23/><F132/><W108/><G108/><T123/><D18/><U22/><E43/><V39/><F39/><W85/><G85/><T121/><D134/><U106/><E106/><V116/><F116/><W20/><G20/><T60/><D60/><U88/><E88/><V102/><F102/><W25/><G25/><T6/><D6/><U61/><E61/><V44/><F82/><W26/><G26/><T128/><D112/><U95/><E24/><N who="2" m="16671" /><F12/><W87/><G87/><T35/><D35/><U76/><E15/><V114/><F77/><W10/><G10/><T103/><D94/><U118/><E95/><V36/><F36/><W127/><G127/><T33/><D33/><U80/><E124/><V113/><F113/><W63/><G63/><T105/><D105/><U37/><E37/><V34/><F34/><W21/><G21/><T8/><D8/><U72/><E22/><V129/><F114/><W84/><G84/><T74/><REACH who="0" step="1"/><D128/><REACH who="0" ten="185,235,334,236" step="2"/><U42/><E130/><V28/><F129/><W1/><G1/><T47/><D47/><AGARI ba="0,1" hai="9,13,16,40,47,51,57,59,96,97,98" m="25610" machi="47" ten="30,2000,0" yaku="8,1,54,1" doraHai="133" who="3" fromWho="0" sc="185,-20,235,0,334,0,236,30" /><INIT seed="7,0,0,2,4,113" ten="165,235,334,266" oya="3" hai0="17,68,13,98,24,26,59,105,39,45,109,27,127" hai1="120,58,134,96,125,37,21,19,64,51,5,80,63" hai2="99,29,101,94,16,118,69,111,81,71,4,102,117" hai3="88,114,72,25,3,128,14,42,115,34,85,15,108"/><W22/><G72/><T73/><D127/><U52/><E120/><V132/><F111/><W28/><G3/><T38/><D109/><U1/><E37/><V11/><F132/><W10/><G128/><T7/><D68/><U33/><E33/><V70/><F29/><W78/><G78/><T46/><D73/><U36/><E36/><V50/><F102/><W82/><G42/><T74/><D74/><U40/><E40/><V86/><F50/><W41/><G41/><T133/><D133/><U104/><E125/><V55/><F55/><W60/><G60/><T62/><D7/><U47/><E134/><V130/><F130/><W57/><G57/><T129/><D129/><U100/><E80/><V2/><F16/><W87/><G87/><T121/><D121/><U112/><E112/><V107/><F107/><W44/><G108/><T89/><D105/><U61/><E61/><V49/><F49/><W93/><G114/><T43/><D43/><U122/><E122/><V103/><F103/><W67/><G34/><T92/><D39/><U20/><E19/><V12/><F2/><W131/><G28/><T123/><D38/><U75/><E75/><V79/><AGARI ba="0,0" hai="4,11,12,69,70,71,79,81,86,94,99,101,117,118" machi="79" ten="30,4000,0" yaku="0,1,52,2" doraHai="113" who="2" fromWho="2" sc="165,-10,235,-10,334,40,266,-20" owari="155,-34.0,225,-17.0,374,46.0,246,5.0" /></mjloggm>