<mjloggm ver="2.3"><GO type="169" lobby="0"/><UN n0="%E3%83%A6%E3%83%AA%E3%82%A2" n1="%E3%81%BB%E3%81%97%E3%81%AE%E3%81%99%E3%81%9A%E3%81%BF" n2="%E5%B0%B1%E6%B4%BB%E7%94%9F%40%E5%B7%9D%E6%9D%91%E8%BB%8D%E5%9B%A3" n3="%E8%B5%A4%E7%A5%9E%E9%A2%A8%E9%9B%B2" dan="16,16,17,16" rate="2149.40,2158.03,2227.69,2115.39" sx="F,F,M,M"/><TAIKYOKU oya="0"/><INIT seed="0,0,0,3,3,19" ten="250,250,250,250" oya="0" hai0="41,50,130,78,108,121,14,80,7,28,15,5,131" hai1="104,132,126,9,59,72,129,83,55,37,63,81,92" hai2="82,71,10,118,53,2,77,105,75,31,44,99,51" hai3="47,8,21,94,127,125,23,64,20,34,4,128,106"/><T46/><D121/><U96/><E104/><V12/><F71/><W49/><G106/><T76/><D28/><U117/><E117/><V48/><F118/><W102/><G34/><T43/><D108/><U26/><E37/><V66/><F2/><W52/><G64/><T16/><D15/><U88/><E132/><V97/><F105/><W120/><G120/><T73/><D78/><U114/><E114/><V98/><F31/><W36/><G36/><T100/><D100/><U65/><E129/><N who="0" m="49161" /><D43/><U29/><E126/><N who="3" m="48138" /><G128/><T33/><D33/><U119/><E119/><V93/><F66/><W22/><N who="3" m="5120" /><DORA hai="68" /><W30/><G30/><T123/><D123/><U18/><E72/><V115/><F115/><W116/><G116/><T124/><D124/><U87/><E29/><V110/><F110/><W89/><G102/><T0/><D0/><U107/><E26/><V24/><F24/><W135/><G135/><T58/><D58/><U11/><E65/><V57/><F10/><AGARI ba="0,0" hai="5,7,10,14,16,41,46,50,73,76,80" m="49161" machi="10" ten="30,2900,0" yaku="19,1,54,1" doraHai="19,68" who="0" fromWho="2" sc="250,29,250,0,250,-29,250,0" /><INIT seed="0,1,0,3,3,119" ten="279,250,221,250" oya="0" hai0="100,44,131,81,116,34,129,50,70,114,47,109,7" hai1="18,54,108,8,66,111,74,62,57,64,126,73,96" hai2="68,36,86,135,79,98,125,55,85,37,1,104,80" hai3="75,48,107,52,56,58,16,97,132,76,43,102,30"/><T61/><D116/><U83/><E126/><V118/><F1/><W78/><G132/><T20/><D114/><U40/><E40/><V17/><F118/><W63/><G30/><T122/><D34/><U99/><E99/><V59/><F68/><W24/><G75/><T3/><D100/><U33/><E33/><V27/><F125/><W101/><G101/><T49/><D20/><U22/><E8/><V127/><F127/><W41/><G41/><N who="0" m="24719" /><D81/><U19/><E96/><V133/><F86/><W65/><G43/><N who="0" m="24959" /><D7/><U123/><E123/><V77/><F98/><W11/><G11/><T130/><D3/><U67/><E83/><V23/><F104/><W113/><G113/><T93/><D93/><U25/><REACH who="1" step="1"/><E18/><REACH who="1" ten="279,240,221,250" step="2"/><V6/><F6/><W31/><G16/><T89/><D122/><U53/><E53/><V0/><F0/><W51/><G51/><T84/><D109/><AGARI ba="1,1" hai="19,22,25,54,57,62,64,66,67,73,74,108,109,111" machi="109" ten="40,5200,0" yaku="1,1,14,1,53,1" doraHai="119" doraHaiUra="12" who="1" fromWho="0" sc="279,-55,240,65,221,0,250,0" /><INIT seed="1,0,0,3,1,114" ten="224,305,221,250" oya="1" hai0="104,87,133,52,89,44,105,4,16,96,26,117,134" hai1="5,124,33,20,14,118,43,29,66,129,83,126,72" hai2="67,122,123,37,119,24,21,108,130,18,116,27,106" hai3="112,12,41,50,95,103,75,56,55,22,132,71,84"/><U79/><E118/><N who="2" m="45099" /><F106/><W2/><G75/><T7/><D117/><U38/><E129/><V13/><F37/><W47/><G2/><T121/><D121/><N who="2" m="46090" /><F67/><W59/><G112/><T107/><D96/><U94/><E94/><V73/><F73/><W53/><G132/><N who="0" m="50795" /><D44/><U120/><E66/><V76/><F76/><W58/><G71/><T125/><D125/><N who="1" m="48235" /><E33/><V62/><F62/><W10/><G22/><N who="0" m="13639" /><D52/><U54/><E54/><V88/><F88/><N who="3" m="53639" /><G103/><T82/><AGARI ba="0,0" hai="4,7,82,87,89,104,105,107" m="13639,50795" machi="82" ten="40,2700,0" yaku="20,1,54,1" doraHai="114" who="0" fromWho="0" sc="224,27,305,-13,221,-7,250,-7" /><INIT seed="2,0,0,3,5,88" ten="251,292,214,243" oya="2" hai0="32,78,115,66,42,105,98,40,76,5,10,131,35" hai1="89,95,25,121,31,1,94,64,124,91,69,67,134" hai2="65,49,62,80,104,12,68,24,63,58,123,86,28" hai3="44,11,16,45,85,38,135,26,27,106,119,108,102"/><V117/><F123/><W18/><G119/><T53/><D115/><U60/><E121/><V114/><F104/><W70/><G70/><T84/><D131/><U34/><E134/><V9/><F114/><W51/><G38/><T100/><D66/><U99/><E124/><V83/><F117/><W52/><G135/><T2/><D53/><U56/><E1/><V87/><F49/><W57/><G108/><T110/><D110/><U43/><E43/><V36/><F36/><W97/><G85/><T33/><D84/><U47/><E47/><V39/><F39/><W90/><G90/><T92/><REACH who="0" step="1"/><D105/><REACH who="0" ten="241,292,214,243" step="2"/><U3/><E67/><V71/><F86/><W107/><G107/><T130/><D130/><U50/><E69/><V79/><F83/><W61/><G44/><T20/><D20/><U77/><E64/><V19/><F63/><W21/><G11/><T17/><D17/><U7/><E60/><V54/><REACH who="2" step="1"/><F65/><REACH who="2" ten="241,292,204,243" step="2"/><W133/><G133/><T0/><D0/><U113/><E3/><V30/><F30/><W96/><G61/><T14/><D14/><U48/><E113/><V127/><F127/><W23/><G45/><T126/><D126/><U132/><E132/><V128/><F128/><W93/><G106/><T122/><D122/><U37/><E37/><V6/><F6/><W4/><G4/><T81/><D81/><U103/><E7/><V118/><F118/><W129/><G129/><T59/><D59/><U13/><E56/><V116/><F116/><W125/><G125/><T112/><D112/><U74/><E13/><V120/><F120/><W29/><G29/><RYUUKYOKU ba="0,2" sc="241,10,292,-30,204,10,243,10" hai0="2,5,10,32,33,35,40,42,76,78,92,98,100" hai2="9,12,19,24,28,54,58,62,68,71,79,80,87" hai3="16,18,21,23,26,27,51,52,57,93,96,97,102" /><INIT seed="2,1,2,4,4,83" ten="251,262,214,253" oya="2" hai0="60,13,124,111,40,59,132,38,99,28,71,130,75" hai1="110,36,16,105,91,118,34,80,14,1,20,112,127" hai2="62,81,0,53,44,119,131,68,7,27,90,42,3" hai3="48,50,24,56,102,128,92,88,35,47,49,133,93"/><V23/><F119/><W107/><G107/><T108/><D75/><U72/><RYUUKYOKU type="yao9" ba="1,2" sc="251,0,262,0,214,0,253,0" hai1="1,14,16,20,34,36,72,80,91,105,110,112,118,127" /><INIT seed="2,2,2,1,3,44" ten="251,262,214,253" oya="2" hai0="99,97,77,117,102,54,35,135,6,38,76,25,134" hai1="72,15,78,27,33,125,118,82,8,37,100,92,58" hai2="132,105,0,88,121,66,55,17,60,109,73,42,63" hai3="13,70,129,84,18,104,108,96,131,57,119,16,47"/><V111/><F0/><W32/><G70/><T43/><D117/><U40/><E118/><V65/><F121/><W79/><G119/><T36/><D6/><U94/><E125/><V83/><F105/><W123/><G123/><T67/><D67/><N who="2" m="25610" /><F42/><W14/><G32/><T11/><D11/><U114/><E114/><V81/><F73/><W113/><G113/><T1/><D1/><U41/><E58/><N who="2" m="34911" /><F63/><W21/><G108/><N who="2" m="41545" /><F132/><W62/><G104/><T115/><D43/><U49/><E40/><V74/><F74/><W98/><G62/><T19/><D134/><U59/><E41/><V103/><F103/><W90/><G47/><T20/><D102/><U39/><E100/><V87/><F17/><W130/><G57/><T112/><D19/><U61/><E61/><V133/><F133/><W85/><G131/><T101/><D101/><U7/><E39/><V69/><F69/><W93/><G130/><T122/><D38/><U95/><E37/><V75/><F75/><W51/><G51/><T126/><D36/><U71/><E71/><V30/><F30/><W124/><G124/><T24/><D126/><U106/><E106/><V9/><F9/><N who="3" m="6191" /><G129/><T86/><D112/><U120/><E120/><V10/><F10/><W89/><G79/><T45/><D45/><U34/><E49/><V56/><F56/><W2/><G2/><T5/><D77/><U116/><E59/><V91/><F91/><W48/><G48/><T52/><D115/><U110/><E110/><V53/><F53/><W80/><AGARI ba="2,2" hai="14,18,21,80,84,85,89,90,93,96,98" m="6191" machi="80" ten="30,2000,0" yaku="8,1,54,1" doraHai="44" who="3" fromWho="3" sc="251,-7,262,-7,214,-12,253,46" /><INIT seed="3,0,0,3,3,41" ten="244,255,202,299" oya="3" hai0="112,122,87,103,17,28,99,42,69,47,48,132,125" hai1="40,124,89,3,0,116,102,109,54,80,91,121,34" hai2="55,10,19,22,118,71,97,51,65,62,74,120,45" hai3="81,119,76,92,84,86,72,46,57,58,64,88,36"/><W111/><G119/><T115/><D122/><U106/><E121/><V113/><F120/><W98/><G111/><T18/><D69/><U96/><E116/><V53/><F118/><W70/><G70/><T90/><D125/><U37/><E109/><V56/><F113/><N who="0" m="43594" /><D28/><U8/><E124/><V93/><F74/><W94/><G64/><T26/><D26/><U66/><E34/><V127/><F10/><W2/><G2/><T23/><D23/><U31/><E31/><V12/><F127/><W7/><G7/><T6/><D6/><U16/><E66/><V82/><F82/><W67/><G67/><T14/><D14/><U49/><E40/><V52/><F71/><W133/><G133/><T38/><D38/><U75/><E37/><V95/><F95/><W9/><G9/><T11/><D11/><U21/><E8/><V135/><F135/><W126/><G126/><T25/><D25/><U114/><E114/><V33/><F33/><W77/><G72/><T24/><D24/><U29/><E29/><V107/><F107/><W50/><G36/><T59/><D59/><U129/><E0/><V68/><F68/><W134/><G134/><T108/><D132/><U13/><E3/><V101/><AGARI ba="0,0" hai="12,19,22,45,51,52,53,55,56,62,65,93,97,101" machi="101" ten="20,8000,1" yaku="0,1,7,1,8,1,52,1,54,1" doraHai="41" who="2" fromWho="2" sc="244,-20,255,-20,202,80,299,-40" /><INIT seed="4,0,0,4,3,118" ten="224,235,282,259" oya="0" hai0="113,76,22,107,71,48,47,99,114,66,0,24,19" hai1="28,89,67,11,18,1,69,41,106,74,123,128,49" hai2="13,126,62,57,59,32,115,135,102,78,112,46,92" hai3="105,131,35,98,119,25,51,95,110,6,94,104,27"/><T125/><D0/><U34/><E123/><V130/><F32/><W54/><G110/><T80/><D125/><U81/><E128/><V30/><F126/><W83/><G119/><T15/><D71/><U16/><E106/><V97/><F30/><W101/><G131/><T44/><D66/><U77/><E89/><V111/><F111/><W42/><G42/><T100/><D24/><U88/><E88/><V17/><F130/><W61/><G105/><T8/><D22/><U14/><E1/><V4/><F4/><W7/><G61/><T103/><D103/><U91/><E91/><V31/><F31/><W26/><G35/><T121/><D121/><U75/><E75/><V20/><F78/><W10/><G83/><T52/><REACH who="0" step="1"/><D47/><REACH who="0" ten="214,235,282,259" step="2"/><U40/><E69/><V73/><F46/><W2/><REACH who="3" step="1"/><G6/><REACH who="3" ten="214,235,282,249" step="2"/><T122/><D122/><U38/><E67/><V124/><F124/><W68/><G68/><T29/><D29/><U129/><E28/><V90/><F112/><W9/><G9/><T36/><D36/><U96/><E38/><V65/><F115/><W120/><G120/><T45/><D45/><AGARI ba="0,2" hai="2,7,10,25,26,27,45,51,54,94,95,98,101,104" machi="45" ten="40,8000,1" yaku="1,1,53,3" doraHai="118" doraHaiUra="23" who="3" fromWho="0" sc="214,-80,235,0,282,0,249,100" /><INIT seed="5,0,0,0,0,114" ten="134,235,282,349" oya="1" hai0="49,76,130,89,39,34,67,46,5,59,3,32,42" hai1="127,77,92,98,0,97,116,125,96,122,2,95,75" hai2="133,93,58,65,36,52,87,88,37,30,7,61,102" hai3="27,47,63,43,85,33,9,6,135,129,31,123,56"/><U101/><E122/><V21/><F133/><W22/><G123/><T106/><D106/><N who="1" m="63783" /><E0/><V54/><F7/><W121/><G121/><T132/><D130/><U12/><E12/><V131/><F131/><W80/><G135/><T38/><D132/><U19/><E19/><V20/><F36/><W103/><G129/><T128/><D128/><U119/><E2/><V84/><F37/><W72/><G72/><T13/><D38/><U126/><E77/><V18/><F102/><W83/><G103/><T70/><D76/><U14/><E14/><N who="2" m="9303" /><F84/><W57/><G83/><T78/><D89/><N who="1" m="55439" /><E75/><V48/><F48/><W74/><G74/><T15/><D15/><U79/><E79/><V1/><F1/><W41/><G33/><T117/><D117/><U113/><E113/><V26/><AGARI ba="0,0" hai="21,26,30,52,54,58,61,65,87,88,93" m="9303" machi="26" ten="30,4000,0" yaku="8,1,54,2" doraHai="114" who="2" fromWho="2" sc="134,-10,235,-20,282,40,349,-10" /><INIT seed="6,0,0,2,3,60" ten="124,215,322,339" oya="2" hai0="65,90,68,126,43,103,11,129,109,66,7,37,74" hai1="132,110,84,44,115,112,40,35,12,83,122,75,20" hai2="82,56,25,104,70,53,99,87,13,62,64,127,78" hai3="42,26,133,128,33,77,4,73,49,32,131,108,114"/><V71/><F127/><W22/><G108/><T15/><D109/><U38/><E110/><V54/><F70/><W51/><G73/><T10/><D74/><U134/><E122/><V123/><F123/><W28/><G77/><T1/><D126/><U94/><E35/><N who="3" m="13386" /><G42/><T21/><D68/><U8/><E20/><V100/><F56/><W30/><G51/><T17/><D129/><N who="3" m="49737" /><G49/><T3/><D103/><U89/><E75/><V23/><REACH who="2" step="1"/><F13/><REACH who="2" ten="124,215,312,339" step="2"/><W19/><G114/><T27/><D90/><U55/><E112/><V5/><F5/><W111/><G111/><T34/><D34/><U39/><E115/><V76/><F76/><W61/><G133/><T24/><D27/><U95/><E132/><V118/><F118/><W18/><G4/><T105/><D105/><U113/><E134/><V79/><F79/><W81/><G30/><AGARI ba="0,1" hai="23,25,30,53,54,62,64,71,78,82,87,99,100,104" machi="30" ten="30,11600,0" yaku="1,1,7,1,52,1,53,1" doraHai="60" doraHaiUra="63" who="2" fromWho="3" sc="124,0,215,0,312,126,339,-116" /><INIT seed="6,1,0,3,0,67" ten="124,215,438,223" oya="2" hai0="24,38,42,22,27,133,36,44,78,68,125,14,57" hai1="28,84,65,97,5,52,39,76,115,106,33,104,55" hai2="40,25,122,77,30,58,83,59,31,82,101,103,46" hai3="123,37,23,61,134,63,111,3,105,75,99,9,29"/><V4/><F122/><W60/><G123/><T121/><D121/><U81/><E39/><V127/><F127/><W114/><G111/><T108/><D108/><U92/><E115/><V113/><F113/><W107/><G114/><T12/><D125/><U50/><E5/><V120/><F120/><W130/><G75/><T6/><D38/><U7/><E7/><V13/><F4/><W95/><G37/><T132/><D78/><U94/><E65/><V71/><F13/><W85/><G130/><T1/><D1/><U62/><E62/><V54/><F71/><W48/><G134/><T135/><D6/><U128/><E128/><V131/><F131/><W8/><G85/><T64/><D27/><U41/><E41/><V49/><F58/><W93/><G48/><T89/><D57/><U16/><E92/><V96/><F96/><W53/><G53/><T45/><D89/><U91/><E55/><V51/><F30/><W126/><G3/><T119/><D119/><U88/><E76/><V116/><F116/><W10/><G126/><T117/><D45/><U32/><E32/><V118/><F118/><W0/><G0/><T47/><D47/><U19/><E28/><V100/><REACH who="2" step="1"/><F77/><REACH who="2" ten="124,215,428,223" step="2"/><W79/><G79/><T34/><D117/><U98/><E98/><V26/><F26/><N who="3" m="16607" /><G99/><T124/><D124/><U86/><E97/><V43/><F43/><W70/><G70/><T73/><D68/><U90/><E33/><AGARI ba="1,1" hai="25,31,33,40,46,49,51,54,59,82,83,100,101,103" machi="33" ten="40,2000,0" yaku="1,1,53,0" doraHai="67" doraHaiUra="18" who="2" fromWho="1" sc="124,0,215,-23,428,33,223,0" /><INIT seed="6,2,0,3,0,121" ten="124,192,461,223" oya="2" hai0="6,106,96,117,56,29,133,46,130,40,61,51,116" hai1="50,60,32,131,41,5,135,9,69,110,39,89,73" hai2="101,25,14,1,123,76,27,87,67,95,85,74,11" hai3="97,66,119,19,4,109,35,21,31,111,113,33,77"/><V102/><F123/><W92/><G77/><T34/><D6/><U18/><E110/><N who="3" m="41994" /><G66/><T71/><D29/><U38/><E32/><N who="3" m="12362" /><G92/><T62/><D34/><U17/><E73/><V127/><F67/><W10/><G97/><T37/><D106/><U36/><E135/><V100/><F74/><W0/><G31/><T129/><D133/><U81/><E131/><N who="0" m="50185" /><D96/><U42/><E69/><V99/><F76/><W91/><G91/><T83/><D83/><U93/><E60/><N who="0" m="23145" /><D71/><U118/><E81/><V122/><F87/><W59/><G59/><T15/><D15/><U70/><E70/><V104/><F104/><W112/><G119/><N who="0" m="45643" /><D56/><U68/><E118/><V79/><F99/><W12/><AGARI ba="2,0" hai="0,4,10,12,19,21,112,113" m="12362,41994" machi="12" ten="40,8000,1" yaku="34,2,52,3" doraHai="121" who="3" fromWho="3" sc="124,-22,192,-22,461,-42,223,86" /><INIT seed="7,0,0,3,4,58" ten="102,170,419,309" oya="3" hai0="118,61,117,39,103,49,5,97,18,121,33,104,38" hai1="40,78,76,102,127,55,100,64,86,85,45,41,130" hai2="98,108,66,46,2,82,93,28,71,60,29,73,90" hai3="12,57,48,17,6,84,13,11,134,10,99,68,7"/><W1/><G68/><T95/><D121/><U56/><E127/><V83/><F108/><W14/><G134/><T94/><D33/><U9/><E64/><V67/><F2/><W4/><G99/><T62/><D5/><U132/><E132/><V32/><F32/><W65/><G84/><N who="1" m="32362" /><E9/><N who="3" m="3082" /><G48/><T133/><D133/><U91/><E91/><V21/><F67/><W54/><G54/><T128/><D128/><U27/><E27/><V101/><F46/><W131/><G131/><T129/><D129/><U15/><E15/><N who="3" m="5706" /><G57/><T43/><D18/><U51/><E130/><V115/><F115/><W25/><G65/><T120/><D120/><U31/><E31/><V87/><F73/><W89/><G89/><T24/><D24/><U112/><E112/><V8/><F83/><W126/><G126/><T107/><D49/><N who="1" m="30831" /><E40/><V92/><F92/><W96/><G96/><T106/><D43/><U16/><E16/><V124/><F124/><W3/><G25/><T80/><D80/><U59/><E59/><V75/><F75/><W109/><G109/><T0/><D0/><U119/><E119/><V47/><F47/><W22/><AGARI ba="0,0" hai="1,3,4,6,7,14,17,22" m="5706,3082" machi="22" ten="30,12000,1" yaku="35,5" doraHai="58" who="3" fromWho="3" sc="102,-40,170,-40,419,-40,309,120" owari="62,-44.0,130,-27.0,379,18.0,429,53.0" /></mjloggm>