<mjloggm ver="2.3"><GO type="169" lobby="0"/><UN n0="%E3%81%AE%E3%81%86%E3%81%AA%E3%82%81%E3%82%8D%E3%82%93" n1="%E6%97%85%E4%BA%BA%E3%81%A1%E3%82%88%E3%81%99%E3%81%91" n2="%E6%93%8D" n3="%E3%83%88%E3%83%88%E3%83%AA%E5%85%88%E7%94%9F%31%39%E6%AD%B3" dan="17,17,16,18" rate="2163.96,2170.00,2023.86,2238.44" sx="M,M,M,F"/><TAIKYOKU oya="0"/><INIT seed="0,0,0,5,4,45" ten="250,250,250,250" oya="0" hai0="86,52,70,22,113,5,7,33,89,53,6,87,74" hai1="61,35,42,46,75,26,13,127,69,40,59,21,126" hai2="43,125,102,71,84,134,10,27,11,109,3,64,111" hai3="65,24,4,114,120,51,108,118,34,82,66,77,41"/><T96/><D113/><U30/><E75/><V63/><F102/><W94/><G114/><T48/><D33/><U54/><E69/><V91/><F134/><W31/><G118/><T60/><D74/><U103/><E103/><V23/><F125/><N who="1" m="47625" /><E46/><V124/><F124/><W129/><G108/><T107/><D107/><U25/><E13/><V97/><F97/><W83/><G129/><T81/><D70/><U105/><E105/><V1/><F1/><W92/><G120/><T80/><D96/><U57/><E57/><V132/><F132/><W56/><G4/><T112/><D112/><U0/><E0/><V2/><F2/><W58/><G58/><N who="0" m="34887" /><D22/><U122/><E122/><V130/><F130/><W135/><G135/><T47/><D6/><U95/><E95/><V9/><F3/><W8/><G8/><T88/><AGARI ba="0,0" hai="5,7,47,48,53,80,81,86,87,88,89" m="34887" machi="88" ten="30,11700,0" yaku="8,1,52,1,54,2" doraHai="45" who="0" fromWho="0" sc="250,117,250,-39,250,-39,250,-39" /><INIT seed="0,1,0,0,2,4" ten="367,211,211,211" oya="0" hai0="28,117,111,20,60,48,98,57,118,64,52,119,15" hai1="85,31,130,107,131,44,21,79,67,63,112,74,129" hai2="122,78,12,37,72,40,113,23,73,95,32,80,55" hai3="7,84,18,13,104,83,102,24,125,108,45,9,87"/><T0/><D0/><U75/><E107/><V39/><F122/><W124/><G108/><T121/><D121/><U92/><E112/><V68/><F68/><W109/><G109/><T50/><D111/><U54/><E54/><V43/><F32/><W46/><G102/><T35/><D35/><U96/><E44/><V126/><F126/><N who="3" m="48747" /><G104/><T51/><D98/><U6/><E6/><V123/><F123/><W42/><G46/><T81/><D81/><N who="1" m="47295" /><E21/><V134/><F134/><W69/><G69/><T86/><D86/><U76/><E31/><V25/><F113/><W58/><G58/><T30/><REACH who="0" step="1"/><D64/><REACH who="0" ten="357,211,211,211" step="2"/><U94/><E96/><V47/><F73/><N who="1" m="27657" /><E76/><V29/><F78/><W65/><G65/><T1/><D1/><U19/><E67/><V66/><F66/><W70/><G70/><T106/><D106/><U11/><E131/><V88/><F72/><W2/><G83/><T135/><D135/><U49/><E130/><V71/><F80/><W33/><G33/><T26/><D26/><U8/><E129/><V105/><F105/><W103/><G24/><T93/><D93/><U27/><E94/><V100/><F71/><W89/><G84/><T38/><D38/><U127/><E92/><V101/><F39/><W62/><G87/><T36/><D36/><U34/><E27/><V114/><F37/><W61/><G2/><T59/><D59/><U14/><E34/><V77/><F77/><W110/><G110/><T97/><D97/><U22/><E127/><V82/><F82/><W3/><G3/><T128/><D128/><U16/><E14/><V5/><F95/><RYUUKYOKU ba="1,1" sc="357,30,211,-10,211,-10,211,-10" hai0="15,20,28,30,48,50,51,52,57,60,117,118,119" /><INIT seed="0,2,1,4,3,46" ten="387,201,201,201" oya="0" hai0="19,62,27,18,72,106,124,16,71,32,109,28,5" hai1="39,8,14,131,34,0,30,73,22,75,55,42,122" hai2="120,59,112,53,86,17,115,128,81,126,110,95,37" hai3="56,70,105,31,104,69,134,101,50,44,103,43,52"/><T93/><D106/><U21/><E122/><V90/><F120/><W35/><G134/><T107/><D107/><U26/><E131/><V54/><F128/><W78/><G78/><T25/><D72/><U2/><E39/><V6/><F37/><W80/><G80/><T48/><D124/><U119/><E42/><V4/><F126/><W92/><G104/><T20/><D5/><U133/><E119/><V114/><F110/><W91/><G31/><T135/><D135/><U130/><E130/><V49/><F54/><W11/><G35/><T87/><D109/><U98/><E133/><V74/><F74/><W82/><G82/><T45/><D87/><U100/><E22/><V99/><REACH who="2" step="1"/><F17/><REACH who="2" ten="387,201,191,201" step="2"/><W77/><G52/><T76/><D19/><U13/><E75/><V47/><F47/><W65/><G44/><T113/><D18/><U121/><E73/><V108/><F108/><W123/><G123/><T9/><D45/><U15/><E121/><V10/><F10/><W118/><G11/><T68/><D9/><U12/><E55/><V51/><F51/><W36/><G50/><T40/><D48/><U38/><E38/><V85/><F85/><W79/><G36/><T67/><D40/><U102/><E8/><V1/><F1/><W96/><G43/><T97/><D16/><N who="1" m="10399" /><E2/><V127/><F127/><W125/><G125/><T7/><D7/><U60/><E0/><V33/><F33/><W3/><G3/><T116/><D32/><U57/><E98/><V64/><F64/><W94/><G96/><T63/><D97/><U132/><E132/><V129/><F129/><RYUUKYOKU ba="2,2" sc="387,-15,201,15,191,15,201,-15" hai1="12,13,14,26,30,34,57,60,100,102" hai2="4,6,49,53,59,81,86,90,95,99,112,114,115" /><INIT seed="1,3,2,5,5,89" ten="372,216,206,186" oya="1" hai0="11,14,42,120,40,108,126,98,74,127,37,70,71" hai1="124,29,57,123,107,12,1,114,9,131,103,88,53" hai2="111,32,106,84,112,90,56,115,50,31,72,121,19" hai3="58,101,77,13,23,26,119,45,10,132,43,109,59"/><U67/><E114/><V92/><F121/><W55/><G109/><T35/><D74/><U83/><E123/><V46/><F111/><W60/><G132/><T133/><D108/><U99/><E1/><V54/><F106/><W2/><G2/><T18/><D120/><U7/><E67/><V61/><F72/><W86/><G119/><T116/><D35/><U27/><E131/><V87/><F31/><W81/><G59/><T17/><D116/><U38/><E38/><V62/><F32/><W20/><G101/><T16/><D133/><U122/><E122/><V3/><F3/><W36/><G26/><T69/><D98/><U96/><E124/><N who="0" m="47657" /><D37/><U78/><E78/><V34/><F34/><W94/><REACH who="3" step="1"/><G94/><REACH who="3" ten="372,216,206,176" step="2"/><T44/><D44/><U102/><E102/><V41/><F115/><W21/><G21/><T105/><D105/><U130/><E130/><V0/><F0/><W125/><G125/><T100/><D100/><U51/><E103/><V117/><F117/><W6/><AGARI ba="3,3" hai="6,10,13,20,23,36,43,45,55,58,60,77,81,86" machi="6" ten="20,2700,0" yaku="1,1,0,1,7,1,53,0" doraHai="89" doraHaiUra="113" who="3" fromWho="3" sc="372,-10,216,-16,206,-10,176,66" /><INIT seed="2,0,0,1,4,14" ten="362,200,196,242" oya="2" hai0="126,115,34,71,103,125,36,3,74,64,130,88,66" hai1="56,33,85,60,86,121,118,24,124,28,47,37,70" hai2="43,62,6,105,100,53,10,83,75,31,39,119,87" hai3="110,44,69,81,40,42,52,57,107,123,135,112,59"/><V97/><F119/><W41/><G107/><T22/><D103/><U120/><E118/><V132/><F132/><W11/><G123/><N who="1" m="47178" /><E70/><V1/><F31/><W54/><G135/><T27/><D74/><U133/><E133/><V80/><F80/><W45/><G81/><T76/><D76/><U20/><E124/><V96/><F96/><W18/><G69/><T51/><D36/><U7/><E7/><V114/><F114/><W101/><G101/><T95/><D3/><U21/><E47/><N who="3" m="17994" /><G110/><T93/><D34/><U9/><E9/><V0/><F0/><W15/><G112/><T89/><D115/><U113/><E37/><V98/><F98/><W23/><G11/><T79/><D79/><U108/><E108/><V46/><F87/><N who="1" m="33289" /><E113/><V127/><F127/><W26/><G15/><T8/><D8/><U122/><E122/><V128/><F62/><N who="3" m="36135" /><G41/><T30/><D125/><U90/><E90/><V49/><F83/><W12/><G12/><T58/><D71/><U94/><E94/><V61/><F75/><W35/><G35/><T4/><D95/><U82/><E82/><V78/><F78/><W32/><G32/><T38/><D93/><U104/><E104/><V102/><F102/><W19/><G40/><T29/><D126/><U117/><E117/><V106/><F106/><W72/><G42/><T55/><D38/><U63/><E63/><V13/><F61/><N who="3" m="36087" /><G72/><T5/><D89/><U91/><E91/><V77/><F77/><W131/><G131/><T99/><D130/><U111/><E111/><V65/><F128/><W68/><G68/><T84/><D88/><RYUUKYOKU ba="0,0" sc="362,-15,200,15,196,-15,242,15" hai1="20,21,24,28,33,56,60" hai3="18,19,23,26" /><INIT seed="3,1,0,2,0,55" ten="347,215,181,257" oya="3" hai0="118,22,90,4,97,18,28,135,131,41,50,53,43" hai1="67,92,75,26,95,109,126,36,21,119,122,80,86" hai2="63,102,68,31,17,108,40,99,106,123,112,98,94" hai3="70,105,93,52,45,83,73,87,44,77,2,7,6"/><W48/><G70/><T39/><D118/><U125/><E122/><V47/><F112/><W76/><G105/><T15/><D39/><U82/><E109/><V56/><F108/><W19/><G2/><T30/><D131/><U49/><E36/><V35/><F123/><W129/><G129/><T65/><D65/><U116/><E67/><V34/><F68/><W62/><G62/><T32/><D4/><N who="3" m="1577" /><G73/><T29/><D32/><U46/><E75/><V42/><F17/><W66/><G66/><T25/><D25/><U51/><E26/><V107/><F31/><W103/><G19/><T88/><D135/><U96/><E21/><V10/><F10/><W54/><G77/><T133/><D133/><U71/><E71/><V72/><F72/><W13/><G13/><T23/><D23/><U132/><E132/><V121/><F121/><W14/><G14/><T24/><D15/><U113/><E113/><V110/><F110/><W5/><N who="3" m="1585" /><W120/><DORA hai="9" /><G120/><T12/><D12/><U134/><E134/><V69/><F69/><W1/><G1/><T64/><D64/><U101/><E119/><V127/><F107/><W58/><G54/><T117/><D117/><U27/><E116/><V3/><F3/><W8/><G8/><T61/><D61/><U124/><E27/><V130/><F130/><W91/><G103/><T114/><D114/><U104/><E104/><V38/><F42/><W111/><G111/><T60/><D60/><U100/><E100/><V79/><F79/><W59/><G45/><T16/><D43/><N who="1" m="24799" /><E51/><V85/><F38/><W128/><G128/><RYUUKYOKU ba="1,0" sc="347,-15,215,15,181,-15,257,15" hai1="80,82,86,92,95,96,101,124,125,126" hai3="44,48,52,58,59,76,83,87,91,93" /><INIT seed="3,2,0,5,1,57" ten="332,230,166,272" oya="3" hai0="33,89,88,95,122,129,72,87,42,39,29,121,97" hai1="56,49,78,15,100,132,38,77,114,27,58,126,46" hai2="66,16,120,74,31,124,118,108,112,115,103,64,98" hai3="69,86,10,51,11,25,110,34,116,73,67,45,23"/><W109/><G116/><T30/><D72/><U68/><E114/><V90/><F118/><W113/><G113/><T128/><D42/><U81/><E68/><V101/><F74/><W14/><G73/><T21/><D39/><U93/><E126/><V83/><F31/><W12/><G34/><T134/><D33/><U7/><E132/><V60/><F124/><W75/><G75/><T24/><D30/><U59/><E38/><V53/><F120/><W65/><G86/><T70/><D70/><U18/><E27/><V47/><F115/><W94/><G94/><T85/><D134/><U26/><E26/><V125/><F125/><W54/><G11/><T3/><D3/><U133/><E7/><V79/><F79/><W8/><G8/><T0/><D0/><U1/><E1/><V5/><F5/><N who="3" m="3151" /><G14/><T19/><D29/><U36/><E36/><V80/><F112/><W2/><G2/><T62/><D97/><N who="1" m="59439" /><E81/><V84/><F83/><W13/><G13/><T40/><D122/><U44/><E133/><V35/><F35/><W37/><G69/><T135/><D135/><U105/><E105/><V9/><F98/><W102/><G102/><N who="2" m="38921" /><F108/><N who="3" m="41579" /><G37/><T28/><D121/><U63/><E77/><V92/><F80/><W104/><G104/><T82/><D82/><U52/><E78/><V91/><F91/><W41/><G41/><T131/><D40/><U106/><E106/><V17/><F9/><W20/><G20/><N who="0" m="15367" /><D89/><U22/><E49/><N who="2" m="28863" /><F66/><W61/><G23/><T71/><D87/><U111/><E111/><V99/><F84/><W130/><G67/><N who="0" m="41463" /><D21/><U76/><E76/><RYUUKYOKU ba="2,0" sc="332,10,230,10,166,10,272,-30" hai0="19,85,88,95,128,129,131" hai1="15,18,22,44,46,52,56,58,59,63" hai2="16,17,60,64,90,92,99" /><INIT seed="4,3,0,4,1,85" ten="342,240,176,242" oya="0" hai0="57,41,5,1,32,30,96,62,130,3,119,73,88" hai1="68,52,121,69,109,79,111,53,90,14,22,102,51" hai2="55,39,100,6,94,18,98,125,33,126,2,61,108" hai3="34,20,110,74,21,80,13,11,105,84,133,106,92"/><T56/><D119/><U86/><E121/><V28/><F108/><W7/><G34/><T131/><D73/><U83/><E102/><V82/><F39/><W60/><G110/><T93/><D41/><U101/><E101/><V115/><F115/><W31/><G133/><T40/><D40/><U99/><E68/><V97/><F18/><W10/><G74/><T0/><D5/><U134/><E69/><V122/><F122/><W112/><G112/><T4/><D4/><U44/><E134/><V19/><F19/><W117/><G117/><T25/><REACH who="0" step="1"/><D56/><REACH who="0" ten="332,240,176,242" step="2"/><U89/><E111/><V77/><F6/><W9/><G7/><T12/><D12/><U54/><E109/><V76/><F2/><W58/><G13/><T71/><D71/><U87/><E14/><V48/><F126/><W45/><G45/><T23/><D23/><U123/><E22/><V26/><F125/><W124/><G124/><T67/><AGARI ba="3,1" hai="0,1,3,25,30,32,57,62,67,88,93,96,130,131" machi="67" ten="40,12000,1" yaku="1,1,0,1,52,1,54,1,53,0" doraHai="85" doraHaiUra="17" who="0" fromWho="0" sc="332,139,240,-43,176,-43,242,-43" /><INIT seed="4,4,0,5,2,85" ten="471,197,133,199" oya="0" hai0="56,6,105,51,9,12,109,22,32,99,76,81,2" hai1="112,14,45,128,71,101,38,80,44,125,135,94,91" hai2="11,118,31,0,106,111,89,121,78,72,61,48,95" hai3="107,28,88,19,127,29,87,18,114,92,17,3,134"/><T62/><D32/><U96/><E71/><V116/><F121/><W123/><G3/><T35/><D35/><U129/><E125/><V132/><F106/><W1/><G1/><T4/><D51/><U74/><E135/><V67/><F31/><N who="3" m="11851" /><G107/><T59/><D109/><U55/><E112/><V102/><F102/><W20/><G114/><T36/><D36/><U73/><E45/><V86/><F132/><W113/><G113/><T104/><D99/><U79/><E74/><V53/><F111/><W100/><G134/><T126/><D59/><U83/><E14/><V57/><F78/><W77/><G127/><T133/><D133/><U124/><E124/><V119/><F72/><W93/><G77/><T58/><D58/><U27/><E27/><V50/><F11/><W131/><G131/><T41/><D41/><U8/><E8/><V122/><F0/><W70/><G70/><T49/><D49/><U24/><E24/><V13/><F13/><N who="3" m="9263" /><G123/><T130/><D130/><U97/><E129/><V21/><F21/><W42/><G42/><T37/><D22/><U75/><E128/><V82/><F122/><W39/><G39/><T25/><D37/><U84/><E75/><V115/><F115/><W40/><G40/><T66/><D25/><U10/><E38/><V34/><F34/><W65/><G65/><T64/><D66/><U108/><E108/><V69/><F50/><W52/><G52/><T47/><D126/><U23/><E73/><V43/><F43/><W5/><G5/><T16/><D6/><U7/><E7/><V110/><F110/><W103/><G103/><RYUUKYOKU ba="4,0" sc="471,-15,197,-15,133,15,199,15" hai2="48,53,57,61,67,69,82,86,89,95,116,118,119" hai3="18,19,87,88,92,93,100" /><INIT seed="5,5,0,5,5,23" ten="456,182,148,214" oya="1" hai0="121,115,50,10,110,28,126,31,102,108,56,52,100" hai1="54,111,125,80,90,83,95,65,34,73,133,1,44" hai2="13,77,42,14,12,98,107,63,76,104,62,2,40" hai3="4,20,117,18,78,33,17,135,88,89,75,21,15"/><U85/><E1/><V45/><F2/><W131/><G33/><T22/><D115/><U127/><E133/><V30/><F30/><W124/><G135/><T118/><D118/><U32/><E65/><V55/><F98/><W91/><G117/><T99/><D126/><N who="1" m="48139" /><E111/><V105/><F55/><W9/><G124/><T26/><D121/><U74/><E80/><V123/><F45/><W81/><G131/><T79/><D79/><N who="1" m="44535" /><E73/><V6/><F6/><W69/><G69/><T109/><D99/><U19/><E19/><V49/><F49/><AGARI ba="5,0" hai="32,34,44,49,54,85,90,95" m="44535,48139" machi="49" ten="30,1500,0" yaku="18,1" doraHai="23" who="1" fromWho="2" sc="456,0,182,30,148,-30,214,0" /><INIT seed="5,6,0,0,2,117" ten="456,212,118,214" oya="1" hai0="19,14,132,75,30,98,91,38,46,58,40,64,84" hai1="21,43,100,97,113,62,133,111,127,24,120,36,76" hai2="107,125,32,65,25,15,70,114,41,47,112,57,89" hai3="13,110,50,23,18,42,20,94,101,7,69,12,74"/><U104/><E113/><N who="2" m="43627" /><F107/><W49/><G110/><T61/><D75/><U48/><E111/><V2/><F2/><W108/><G108/><T54/><D30/><U22/><E127/><V87/><F70/><W72/><G69/><T35/><D35/><U52/><E133/><V81/><F125/><W119/><G119/><T85/><D132/><U9/><E120/><V93/><F25/><W67/><G67/><T59/><D98/><U115/><E115/><V105/><F105/><W39/><G39/><T28/><D28/><U51/><E36/><N who="2" m="21927" /><F32/><W68/><G68/><T34/><D34/><U88/><E76/><V99/><F15/><W106/><G106/><T121/><D91/><U4/><E88/><N who="2" m="51311" /><F57/><W60/><G12/><T131/><D58/><U80/><E80/><V3/><F3/><W5/><G13/><T1/><D1/><U27/><E27/><V33/><F33/><W83/><G83/><T11/><D59/><U128/><E24/><V109/><F109/><W95/><G7/><T122/><D14/><U124/><E124/><V63/><F63/><W126/><G5/><T0/><D61/><U56/><E62/><V92/><F92/><W102/><G60/><T29/><D0/><U134/><E134/><V123/><F65/><W129/><G126/><T78/><D64/><U37/><E37/><V6/><F6/><W130/><G18/><T71/><D19/><U45/><E128/><V86/><F86/><W16/><G16/><T135/><D131/><U17/><E17/><V55/><F55/><W66/><G66/><T73/><D85/><U31/><E31/><RYUUKYOKU ba="6,0" sc="456,-30,212,10,118,10,214,10" hai1="4,9,21,22,43,45,48,51,52,56,97,100,104" hai2="89,93,99,123" hai3="20,23,42,49,50,72,74,94,95,101,102,129,130" /><INIT seed="5,7,0,3,4,92" ten="426,222,128,224" oya="1" hai0="14,134,36,43,108,2,40,49,131,61,88,52,113" hai1="33,13,34,106,24,50,3,103,69,19,42,25,31" hai2="74,4,90,65,80,105,101,0,17,41,38,44,129" hai3="39,79,86,98,81,63,30,115,23,116,51,100,85"/><U11/><E69/><V20/><F129/><W1/><G39/><T72/><D2/><U46/><E3/><V126/><F65/><W18/><G1/><T32/><D72/><U54/><E25/><V110/><F110/><W16/><G115/><T135/><D32/><U76/><E76/><V130/><F130/><W127/><G127/><T62/><D131/><U119/><E119/><V120/><F126/><W93/><G116/><T117/><D117/><U55/><REACH who="1" step="1"/><E34/><REACH who="1" ten="426,212,128,224" step="2"/><V89/><F120/><W133/><G79/><T82/><D113/><U35/><E35/><V26/><F0/><W121/><G121/><T9/><D108/><U60/><E60/><V71/><F71/><W57/><G63/><T87/><D62/><U73/><E73/><V21/><F74/><W95/><G133/><T70/><D70/><U6/><E6/><V59/><F4/><W128/><G128/><T132/><D61/><U109/><E109/><V112/><F112/><W125/><G125/><T111/><D111/><U45/><E45/><V84/><F26/><W10/><G57/><N who="0" m="32911" /><D36/><U56/><E56/><V124/><F59/><W53/><G51/><T102/><D134/><U22/><E22/><V99/><F124/><W29/><G23/><T47/><D47/><U48/><E48/><V8/><F8/><W104/><G10/><T107/><D132/><U78/><E78/><N who="2" m="46103" /><F21/><W77/><G77/><T12/><D135/><U28/><E28/><V122/><F122/><W114/><G114/><T123/><D123/><U75/><E75/><V66/><F66/><W27/><G30/><T97/><D9/><RYUUKYOKU ba="7,1" sc="426,10,212,10,128,10,224,-30" hai0="12,14,40,43,82,87,88,97,102,107" hai1="11,13,19,24,31,33,42,46,50,54,55,103,106" hai2="17,20,38,41,44,89,90,99,101,105" /><INIT seed="5,8,1,0,3,103" ten="436,222,138,194" oya="1" hai0="25,33,35,96,21,15,72,101,54,109,67,47,22" hai1="118,87,2,70,49,46,135,107,106,71,50,114,133" hai2="63,100,74,83,108,79,14,105,131,40,110,37,76" hai3="52,51,5,113,116,123,45,41,88,64,132,55,44"/><U20/><E118/><V39/><F14/><W125/><G123/><T115/><D72/><U26/><E2/><V48/><F48/><N who="1" m="18537" /><E46/><V98/><F40/><W61/><G113/><T3/><D3/><U81/><E114/><V7/><F7/><W65/><G132/><N who="1" m="50762" /><E71/><V32/><F63/><W128/><G128/><T17/><D47/><U29/><E70/><V90/><F131/><W93/><G125/><T95/><D115/><U97/><E97/><N who="2" m="61583" /><F32/><W78/><G116/><T102/><D96/><U117/><E117/><V129/><F129/><W9/><G78/><AGARI ba="8,1" hai="20,26,29,78,81,87,106,107" m="50762,18537" machi="78" ten="30,5800,0" yaku="20,1,52,2" doraHai="103" who="1" fromWho="3" sc="436,0,222,92,138,0,194,-82" /><INIT seed="5,9,0,5,3,131" ten="436,314,138,112" oya="1" hai0="48,10,69,109,59,125,0,83,102,74,32,21,24" hai1="86,92,66,98,93,37,107,135,45,79,68,133,5" hai2="60,76,103,97,113,64,100,80,119,114,3,91,33" hai3="4,106,81,23,44,84,117,89,134,62,46,127,54"/><U112/><E112/><N who="2" m="43115" /><F33/><W49/><G106/><T1/><D69/><U129/><E129/><V120/><F3/><W70/><G127/><T9/><D109/><U122/><E122/><V30/><F30/><W110/><G110/><T118/><D32/><U7/><E107/><V96/><F120/><W71/><G117/><T34/><D34/><U94/><E98/><N who="2" m="37995" /><F119/><W41/><G134/><N who="1" m="51210" /><E68/><N who="2" m="41991" /><F91/><W13/><G62/><T101/><D118/><U31/><E66/><V75/><AGARI ba="9,0" hai="75,76,80,100,103" m="41991,37995,43115" machi="75" ten="30,2000,0" yaku="15,1,11,1" doraHai="131" who="2" fromWho="2" sc="436,-14,314,-19,138,47,112,-14" /><INIT seed="6,0,0,1,5,103" ten="422,295,185,98" oya="2" hai0="75,124,5,27,114,60,41,11,91,34,127,53,30" hai1="70,25,66,17,54,107,4,86,118,42,14,126,92" hai2="61,19,44,28,10,47,120,134,81,100,32,96,36" hai3="56,74,35,108,123,64,129,7,121,77,1,3,57"/><V33/><F120/><W23/><G77/><T90/><D75/><U109/><E109/><V16/><F134/><W48/><G74/><T71/><D41/><U8/><E118/><V97/><F81/><W43/><G108/><T122/><D122/><U82/><E126/><N who="0" m="48169" /><D114/><U89/><E107/><V88/><F61/><W76/><G76/><T69/><D53/><U101/><E70/><N who="0" m="26633" /><D60/><U29/><E66/><V2/><F36/><W39/><G43/><T111/><D111/><U132/><E42/><V9/><F28/><W45/><G48/><T87/><D87/><U62/><E132/><V113/><F100/><W20/><G64/><T59/><D59/><U102/><E4/><V40/><F40/><W98/><G7/><T128/><D128/><U63/><E54/><V104/><F2/><AGARI ba="0,0" hai="2,5,11,27,30,34,90,91" m="26633,48169" machi="2" ten="30,1000,0" yaku="18,1" doraHai="103" who="0" fromWho="2" sc="422,10,295,0,185,-10,98,0" /><INIT seed="7,0,0,0,3,4" ten="432,295,175,98" oya="3" hai0="135,32,109,115,68,9,80,74,12,25,124,48,118" hai1="40,45,7,53,119,37,94,87,64,84,50,55,134" hai2="5,122,41,104,39,66,79,27,57,81,33,85,102" hai3="100,6,14,22,83,43,101,129,72,93,117,71,86"/><W30/><G117/><T106/><RYUUKYOKU type="yao9" ba="0,0" sc="432,0,295,0,175,0,98,0" hai0="9,12,25,32,48,68,74,80,106,109,115,118,124,135" /><INIT seed="7,1,0,0,5,45" ten="432,295,175,98" oya="3" hai0="91,9,5,46,74,56,130,129,124,59,79,101,13" hai1="33,75,14,109,107,84,51,132,48,94,44,71,117" hai2="99,92,111,72,80,3,11,18,24,31,133,15,38" hai3="67,20,70,58,7,37,97,108,86,77,65,68,27"/><W114/><G37/><T85/><D101/><U135/><E109/><V57/><F111/><W52/><G108/><T35/><D35/><U89/><E71/><V4/><F133/><W100/><G114/><T28/><D28/><U126/><E107/><V83/><F38/><W34/><G34/><T40/><D79/><U61/><E75/><V104/><F104/><W125/><G125/><T55/><D74/><U53/><E61/><V8/><F72/><W41/><G41/><T81/><D124/><U118/><E33/><V115/><F115/><W64/><G7/><T21/><D21/><U82/><E14/><V116/><F116/><N who="1" m="44649" /><E126/><V90/><F57/><W102/><G86/><T87/><D85/><N who="1" m="52527" /><E48/><V121/><F121/><W88/><G77/><AGARI ba="1,0" hai="44,51,53,77,82,84,132,135" m="52527,44649" machi="77" ten="30,2000,0" yaku="12,1,52,1" doraHai="45" who="1" fromWho="3" sc="432,0,295,23,175,0,98,-23" owari="432,52.0,318,12.0,175,-22.0,75,-42.0" /></mjloggm>