<mjloggm ver="2.3"><GO type="169" lobby="0"/><UN n0="%E7%A0%B2%E3%81%AE%E4%B8%8A%E3%81%AE%E3%81%82%E3%81%AE%E5%A8%98" n1="%E3%83%94%E3%83%B3%E3%82%AF%E3%81%AE%E3%81%84%E3%81%BC%E3%81%84%E3%81%BC" n2="%E6%8C%AF%E8%BE%BC%E5%A4%AA%E9%99%BD" n3="%E5%B0%B1%E6%B4%BB%E7%94%9F%40%E5%B7%9D%E6%9D%91%E8%BB%8D%E5%9B%A3" dan="16,16,16,17" rate="2137.64,2148.90,2081.85,2260.99" sx="F,M,M,M"/><TAIKYOKU oya="0"/><INIT seed="0,0,0,3,5,88" ten="250,250,250,250" oya="0" hai0="80,25,85,134,46,89,93,60,103,54,111,2,21" hai1="117,70,28,99,59,16,87,67,120,58,114,96,81" hai2="107,17,42,26,84,63,119,7,51,30,61,4,11" hai3="132,110,125,33,57,79,121,34,62,95,0,113,31"/><T109/><D134/><U97/><E97/><V105/><F119/><W104/><G104/><T116/><D116/><U18/><E120/><V69/><F69/><W75/><G0/><T32/><D32/><U47/><E117/><V45/><F107/><W50/><G113/><T1/><D46/><U106/><E114/><V118/><F105/><W127/><G132/><T78/><D103/><U126/><E106/><V14/><F118/><W133/><G133/><T92/><D78/><U122/><E122/><V94/><F63/><W35/><G110/><N who="0" m="41995" /><D60/><U56/><E28/><V8/><F61/><W102/><G121/><T128/><D54/><U129/><E129/><V29/><F11/><W20/><G50/><T40/><D40/><U108/><E108/><V3/><F3/><N who="0" m="1034" /><D128/><U112/><E112/><V72/><F72/><W64/><G79/><T135/><D135/><U52/><E67/><V5/><F26/><W37/><G37/><T76/><D76/><U91/><E70/><V24/><F24/><W71/><G75/><T22/><D22/><U23/><E18/><AGARI ba="0,0" hai="18,21,25,80,85,89,92,93" m="1034,41995" machi="18" ten="30,11600,0" yaku="14,1,10,1,52,2" doraHai="88" who="0" fromWho="1" sc="250,116,250,-116,250,0,250,0" /><INIT seed="0,1,0,3,1,26" ten="366,134,250,250" oya="0" hai0="71,70,118,82,95,6,69,104,97,87,67,4,107" hai1="117,90,38,89,105,106,54,72,92,33,42,86,103" hai2="7,16,59,85,51,88,63,35,123,31,12,83,58" hai3="10,2,3,8,0,65,119,131,37,133,61,109,75"/><T126/><D118/><U5/><E117/><V22/><F123/><W134/><G75/><T30/><D30/><U96/><E33/><V40/><F7/><W68/><G119/><T130/><D130/><U46/><E72/><V64/><F35/><W115/><G115/><T23/><D67/><U53/><E5/><V57/><F31/><W99/><G37/><T24/><D126/><U60/><E106/><V124/><F124/><W13/><G131/><T101/><D23/><U45/><E45/><AGARI ba="1,0" hai="12,16,22,40,45,51,57,58,59,63,64,83,85,88" machi="45" ten="40,5200,0" yaku="8,1,54,2" doraHai="26" who="2" fromWho="1" sc="366,0,134,-55,250,55,250,0" /><INIT seed="1,0,0,5,5,120" ten="366,79,305,250" oya="1" hai0="133,35,103,67,123,100,39,110,125,89,117,126,70" hai1="11,88,72,55,41,106,129,94,84,127,113,48,71" hai2="80,66,105,101,98,19,56,47,96,115,42,130,18" hai3="31,13,64,112,97,116,16,58,79,109,43,22,108"/><U74/><E71/><V37/><F130/><W65/><G112/><T27/><D123/><U52/><E129/><V5/><F115/><W111/><G116/><T95/><D117/><U59/><E113/><V20/><F5/><W15/><G43/><T83/><D39/><U9/><E106/><V25/><F98/><W12/><G79/><T102/><D133/><U78/><E127/><N who="0" m="48649" /><D83/><U122/><E122/><V63/><F80/><W85/><G85/><N who="0" m="52655" /><D67/><N who="3" m="25673" /><G31/><AGARI ba="0,0" hai="18,19,20,25,31,37,42,47,56,63,66,96,101,105" machi="31" ten="30,1000,0" yaku="7,1" doraHai="120" who="2" fromWho="3" sc="366,0,79,0,305,10,250,-10" /><INIT seed="2,0,0,4,2,38" ten="366,79,315,240" oya="2" hai0="20,64,95,130,37,79,58,135,102,52,76,80,39" hai1="101,71,9,2,78,116,120,104,107,5,42,15,54" hai2="87,34,40,92,74,75,24,126,68,93,47,127,114" hai3="83,81,63,70,106,62,118,51,33,129,133,65,50"/><V111/><F114/><W14/><G118/><T108/><D108/><U113/><E116/><V35/><F68/><W66/><G33/><N who="2" m="12297" /><F24/><W43/><G129/><T12/><D130/><U49/><E113/><V99/><F87/><W123/><G123/><T44/><D64/><U85/><E71/><V0/><F0/><W128/><G128/><T69/><D69/><U105/><E120/><V21/><F21/><W10/><G133/><T29/><D135/><U31/><E31/><V59/><F59/><W98/><G98/><T77/><D80/><U32/><E32/><V90/><F93/><W26/><G106/><T73/><D73/><U56/><E101/><V94/><F94/><W61/><G26/><T132/><D132/><U131/><E131/><V125/><F111/><W97/><G97/><N who="0" m="59711" /><D44/><N who="1" m="25751" /><E2/><V100/><F100/><W7/><G70/><T4/><D20/><U103/><E103/><V53/><F53/><W25/><G25/><T27/><D27/><U122/><E122/><V86/><F99/><W134/><G134/><T67/><D67/><N who="3" m="25609" /><G51/><AGARI ba="0,0" hai="40,47,51,74,75,86,90,92,125,126,127" m="12297" machi="51" ten="40,3900,0" yaku="18,1,52,1" doraHai="38" who="2" fromWho="3" sc="366,0,79,0,315,39,240,-39" /><INIT seed="2,1,0,1,3,129" ten="366,79,354,201" oya="2" hai0="29,4,60,119,114,47,0,62,91,17,106,85,100" hai1="72,34,32,110,2,23,7,25,70,113,56,79,98" hai2="130,90,66,30,87,68,78,35,55,6,104,10,41" hai3="93,13,80,27,19,53,76,26,28,15,11,86,14"/><V33/><F104/><W121/><G121/><T52/><D114/><U131/><E70/><V95/><F130/><W102/><G53/><T111/><D111/><U128/><E72/><V109/><F109/><W67/><G67/><T81/><D119/><U116/><E79/><V122/><F122/><W123/><G123/><T50/><D29/><U51/><E110/><V37/><F55/><W118/><G118/><T3/><D17/><N who="1" m="12527" /><E56/><V103/><F103/><W126/><G126/><T135/><D135/><U46/><E98/><V77/><F30/><W92/><G102/><T63/><REACH who="0" step="1"/><D4/><REACH who="0" ten="356,79,354,201" step="2"/><U101/><E116/><V97/><F6/><W84/><G28/><T115/><D115/><U39/><E7/><V42/><F33/><W8/><G19/><T65/><D65/><U134/><E34/><V5/><F35/><W24/><REACH who="3" step="1"/><G86/><REACH who="3" ten="356,79,354,191" step="2"/><T45/><D45/><U59/><E46/><V94/><F87/><W57/><G57/><T22/><D22/><U21/><E59/><V38/><F66/><W107/><G107/><T133/><D133/><U89/><E21/><V96/><F68/><W20/><G20/><T75/><D75/><U124/><E32/><V108/><F108/><W54/><G54/><T99/><AGARI ba="1,2" hai="0,3,47,50,52,60,62,63,81,85,91,99,100,106" machi="99" ten="30,4000,0" yaku="1,1,0,1,54,1,53,0" doraHai="129" doraHaiUra="132" who="0" fromWho="0" sc="356,63,79,-11,354,-21,191,-11" /><INIT seed="3,0,0,4,0,50" ten="419,68,333,180" oya="3" hai0="81,4,128,126,62,1,15,80,119,22,36,91,34" hai1="28,97,122,103,44,41,110,89,52,74,5,49,83" hai2="17,8,70,51,118,40,84,134,96,94,53,21,79" hai3="3,132,13,20,115,116,85,114,39,109,11,125,30"/><W133/><G39/><T24/><D36/><U131/><E122/><V59/><F70/><W31/><G85/><T86/><D119/><U65/><E110/><V29/><F134/><N who="3" m="51819" /><G116/><T42/><D42/><U105/><E131/><V12/><F118/><W68/><G68/><T106/><D106/><U32/><E5/><V77/><F40/><W9/><G109/><T16/><D128/><U14/><E14/><V92/><F84/><W113/><G125/><T127/><D62/><U23/><E41/><V100/><F92/><W90/><G90/><T43/><D43/><U102/><E32/><V0/><F0/><W104/><G104/><T10/><D80/><U120/><E120/><V93/><F93/><W25/><G3/><T7/><D4/><U37/><E37/><V69/><F69/><W27/><G13/><T130/><D130/><U78/><E65/><V123/><F123/><W57/><G57/><T95/><D81/><U67/><E67/><V108/><F108/><W63/><G63/><T19/><D19/><U38/><E38/><V56/><F56/><W58/><G58/><T26/><D26/><AGARI ba="0,0" hai="8,12,17,21,26,29,51,53,59,77,79,94,96,100" machi="26" ten="40,2600,0" yaku="8,1,52,1" doraHai="50" who="2" fromWho="0" sc="419,-26,68,0,333,26,180,0" /><INIT seed="4,0,0,3,5,35" ten="393,68,359,180" oya="0" hai0="13,28,19,29,12,0,44,86,111,130,15,25,70" hai1="73,116,18,34,10,99,21,98,94,68,52,54,45" hai2="91,7,64,48,114,105,58,53,129,57,4,97,31" hai3="84,62,100,110,135,101,30,115,65,11,16,117,119"/><T59/><D70/><U79/><E68/><V121/><F121/><W128/><G115/><T123/><D86/><U90/><E34/><V102/><F114/><W14/><G128/><T56/><D44/><U85/><E116/><V81/><F129/><W93/><G135/><T112/><D59/><U49/><E10/><V104/><F104/><W23/><G110/><T126/><D56/><U40/><E73/><V82/><F31/><N who="0" m="11850" /><D123/><U83/><REACH who="1" step="1"/><E99/><REACH who="1" ten="393,58,359,180" step="2"/><V95/><F97/><W131/><G131/><T33/><D130/><U69/><E69/><V8/><F105/><W37/><G117/><T72/><D72/><U60/><E60/><V134/><F134/><W17/><G119/><T120/><D120/><U36/><E36/><V20/><F8/><W127/><G37/><T41/><D33/><U26/><AGARI ba="0,1" hai="18,21,26,40,45,49,52,54,79,83,85,90,94,98" machi="26" ten="20,8000,1" yaku="1,1,0,1,7,1,8,1,54,1,53,0" doraHai="35" doraHaiUra="32" who="1" fromWho="1" sc="393,-40,58,90,359,-20,180,-20" /><INIT seed="5,0,0,1,2,110" ten="353,148,339,160" oya="1" hai0="125,21,6,96,50,133,112,11,64,135,104,77,78" hai1="35,9,79,124,111,93,106,43,120,23,105,132,81" hai2="113,101,5,0,85,71,59,99,119,57,103,58,62" hai3="67,68,36,82,27,66,26,18,69,42,31,28,65"/><U61/><E120/><V7/><F119/><W114/><G18/><T47/><D125/><U22/><E124/><V128/><F128/><W2/><G2/><T94/><D104/><U19/><E35/><V116/><F116/><W40/><G82/><T97/><D64/><U70/><E93/><V134/><F134/><N who="0" m="51210" /><D21/><U38/><E132/><V74/><F74/><W130/><G130/><T10/><D112/><U109/><E9/><N who="0" m="3081" /><D6/><U12/><E23/><V117/><F0/><W24/><G114/><T122/><D122/><U102/><E102/><V84/><F113/><W127/><G127/><T108/><D108/><N who="1" m="41547" /><E43/><N who="3" m="16426" /><G36/><T41/><D97/><U32/><E38/><V100/><F99/><W3/><G3/><T123/><D123/><U17/><E32/><V90/><F117/><W49/><G49/><T34/><D34/><U39/><E19/><V48/><F48/><W54/><G54/><T73/><D73/><N who="1" m="43247" /><E39/><V129/><F129/><W30/><AGARI ba="0,0" hai="24,26,27,28,30,31,65,66,67,68,69" m="16426" machi="30" ten="40,8000,1" yaku="29,2,28,2" doraHai="110" who="3" fromWho="3" sc="353,-20,148,-40,339,-20,160,80" /><INIT seed="6,0,0,4,5,46" ten="333,108,319,240" oya="2" hai0="14,72,66,131,50,133,34,37,6,57,36,92,79" hai1="69,38,135,108,113,127,125,126,78,30,68,42,39" hai2="117,98,71,49,102,48,124,58,84,123,83,106,52" hai3="55,32,15,59,22,27,31,35,86,11,70,12,62"/><V99/><F117/><W109/><G109/><T43/><D34/><U29/><E78/><V60/><F123/><W116/><G116/><T61/><D133/><U67/><E108/><V94/><F124/><W88/><G70/><N who="1" m="27242" /><E135/><V8/><F71/><W89/><G89/><T41/><D72/><U17/><E17/><V112/><F112/><W65/><G65/><T93/><D131/><U54/><E113/><V90/><REACH who="2" step="1"/><F8/><REACH who="2" ten="333,108,309,240" step="2"/><W122/><G122/><T45/><D36/><U33/><E39/><V18/><F18/><W56/><G11/><T23/><D37/><U134/><E38/><V25/><F25/><W3/><G3/><T26/><D26/><U0/><E134/><V119/><F119/><W114/><G114/><T130/><D130/><U77/><E0/><V95/><F95/><W103/><G15/><T1/><D92/><U20/><E127/><V75/><F75/><W21/><G12/><T4/><D93/><U121/><E121/><V51/><F51/><W47/><G27/><T80/><D50/><U100/><E126/><V120/><F120/><W105/><G105/><T28/><D14/><U110/><E125/><V101/><AGARI ba="0,1" hai="48,49,52,58,60,83,84,90,94,98,99,101,102,106" machi="101" ten="20,18000,2" yaku="1,1,0,1,7,1,52,2,54,1,53,0" doraHai="46" doraHaiUra="73" who="2" fromWho="2" sc="333,-60,108,-60,309,190,240,-60" /><INIT seed="6,1,0,1,0,21" ten="273,48,499,180" oya="2" hai0="43,29,130,3,75,84,122,121,102,65,115,19,72" hai1="76,2,33,123,36,17,31,71,129,96,113,118,81" hai2="105,50,7,62,133,0,83,110,103,10,86,12,128" hai3="28,82,18,99,53,9,35,37,90,126,69,68,26"/><V4/><F128/><W25/><G37/><T8/><D65/><U74/><RYUUKYOKU type="yao9" ba="1,0" sc="273,0,48,0,499,0,180,0" hai1="2,17,31,33,36,71,74,76,81,96,113,118,123,129" /><INIT seed="6,2,0,0,3,51" ten="273,48,499,180" oya="2" hai0="96,0,123,106,90,8,80,116,49,22,71,78,93" hai1="21,2,99,87,46,114,86,111,43,119,64,1,41" hai2="129,109,100,77,55,14,38,18,59,39,15,128,127" hai3="98,56,61,84,52,40,11,20,26,107,95,92,105"/><V36/><F127/><W122/><G122/><T73/><D71/><U108/><E21/><V16/><F77/><W12/><G40/><T70/><D70/><U9/><E9/><V134/><F100/><W10/><G10/><T19/><D116/><U97/><E46/><V117/><F117/><W32/><G32/><T110/><D110/><U118/><REACH who="1" step="1"/><E64/><REACH who="1" ten="273,38,499,180" step="2"/><V31/><F129/><W63/><G11/><T24/><D8/><U130/><E130/><V113/><F128/><W101/><G12/><T126/><D123/><U7/><E7/><V72/><F15/><W34/><G34/><T60/><D126/><U132/><E132/><V28/><F14/><W44/><G44/><T17/><D22/><U81/><E81/><V42/><F134/><W30/><G20/><T4/><D80/><U47/><E47/><V23/><F23/><W89/><G26/><T48/><D24/><U79/><E79/><V37/><F31/><W5/><G5/><T53/><D4/><U67/><E67/><V45/><F28/><W124/><G124/><T135/><D135/><U25/><E25/><V125/><F125/><W75/><G30/><T66/><D66/><U91/><E91/><V13/><F13/><W29/><G29/><T83/><D83/><U121/><E121/><V57/><F45/><W6/><G6/><T94/><D78/><U131/><E131/><V120/><F39/><W88/><G89/><T133/><D90/><U50/><E50/><V82/><F38/><W27/><G27/><T76/><D48/><U115/><AGARI ba="2,1" hai="1,2,41,43,86,87,97,99,108,111,114,115,118,119" machi="115" ten="25,6400,0" yaku="1,1,0,1,22,2,53,0" doraHai="51" doraHaiUra="68" who="1" fromWho="1" sc="273,-18,38,80,499,-34,180,-18" /><INIT seed="7,0,0,4,1,46" ten="255,118,465,162" oya="3" hai0="70,64,88,55,23,62,117,116,103,47,129,114,56" hai1="126,135,52,3,43,124,104,75,119,94,63,101,113" hai2="16,27,35,10,48,25,83,7,13,33,15,14,39" hai3="8,80,28,82,112,95,77,67,53,71,32,125,120"/><W93/><G120/><T78/><D78/><U134/><E3/><N who="2" m="383" /><F48/><W100/><G112/><T123/><D123/><U96/><E43/><V127/><F83/><W60/><G125/><N who="1" m="48234" /><E113/><V76/><F76/><W21/><G32/><N who="2" m="12361" /><F39/><W45/><G8/><T98/><D88/><N who="1" m="55367" /><E75/><V59/><F59/><W131/><G131/><T133/><D47/><U51/><E63/><V31/><F127/><W85/><G82/><T26/><D133/><N who="1" m="50699" /><E119/><V68/><F68/><W97/><G45/><T12/><D129/><U61/><E61/><V90/><F90/><W37/><G37/><T91/><D91/><U105/><E101/><V115/><F115/><W54/><G93/><T49/><D114/><U111/><E111/><V81/><F81/><W42/><G42/><T36/><D36/><U1/><E1/><V72/><F72/><W44/><G44/><AGARI ba="0,0" hai="44,51,52,104,105" m="50699,55367,48234" machi="44" ten="30,8000,1" yaku="18,1,20,1,52,1,54,2" doraHai="46" who="1" fromWho="3" sc="255,0,118,80,465,0,162,-80" owari="255,6.0,198,-20.0,465,56.0,82,-42.0" /></mjloggm>