<mjloggm ver="2.3"><GO type="169" lobby="0"/><UN n0="%E3%82%A6%E3%83%AB%E3%83%88%E3%83%A9%E7%AB%8B%E7%9B%B4" n1="%E3%81%A0%E3%81%90%E3%81%A9" n2="%56%4F%4E%41%50%41%4C%54" n3="%E6%96%B0%E5%AE%BF%E6%96%B9%E9%9D%A2" dan="17,16,16,16" rate="2156.30,2092.38,2011.78,2112.17" sx="M,M,M,M"/><TAIKYOKU oya="0"/><INIT seed="0,0,0,3,2,67" ten="250,250,250,250" oya="0" hai0="97,81,113,134,20,38,120,62,33,90,25,111,72" hai1="118,13,66,78,106,105,76,125,131,129,115,132,122" hai2="74,65,77,73,85,3,5,39,26,12,56,82,116" hai3="54,9,40,29,93,10,41,75,96,58,124,135,110"/><T84/><D120/><U119/><E66/><V32/><F39/><W52/><G75/><T68/><D113/><U94/><E13/><V8/><F116/><N who="1" m="44585" /><E122/><V2/><F2/><W19/><G93/><T4/><D72/><U24/><E24/><V42/><F42/><W71/><G96/><T51/><D38/><U126/><E115/><V121/><F121/><W80/><G80/><T16/><D134/><U6/><E6/><V98/><F98/><W46/><G29/><T45/><D111/><U89/><E132/><V0/><F0/><W50/><G19/><T100/><D4/><U102/><E102/><V127/><F127/><N who="1" m="48649" /><E94/><V83/><F3/><W37/><G135/><T64/><D33/><U31/><E31/><V117/><F117/><W86/><G10/><T27/><D27/><U18/><E18/><V99/><F26/><W36/><G9/><T57/><D57/><U15/><E15/><V61/><F32/><W63/><G58/><T43/><D100/><U123/><E89/><V35/><F35/><W88/><G124/><T23/><D23/><U7/><E7/><V92/><F83/><W28/><G110/><T55/><REACH who="0" step="1"/><D97/><REACH who="0" ten="240,250,250,250" step="2"/><U22/><E22/><V60/><F56/><W69/><G37/><T21/><D21/><U101/><E123/><V103/><F103/><W14/><G36/><T49/><D49/><U108/><E108/><V87/><F5/><W53/><G50/><T95/><D95/><U30/><E101/><V79/><F92/><W34/><G34/><T48/><D48/><U11/><E11/><V114/><F8/><W47/><G28/><RYUUKYOKU ba="0,1" sc="240,30,250,-10,250,-10,250,-10" hai0="16,20,25,43,45,51,55,62,64,68,81,84,90" /><INIT seed="0,1,1,0,5,65" ten="270,240,240,240" oya="0" hai0="27,24,94,122,18,95,126,53,129,67,90,115,107" hai1="10,34,7,46,104,73,68,51,87,125,15,66,22" hai2="108,14,50,4,13,118,11,21,135,72,60,56,78" hai3="47,89,113,71,79,112,102,63,98,83,23,42,17"/><T58/><D115/><U54/><E73/><V49/><F108/><W32/><G89/><T109/><D107/><U61/><E104/><V41/><F135/><W39/><G32/><T124/><D122/><U69/><E34/><V82/><F118/><W96/><G96/><T81/><D67/><U130/><E130/><V111/><F111/><W55/><G55/><T134/><D109/><U1/><E125/><N who="0" m="48233" /><D134/><U48/><E87/><V38/><F38/><W52/><G83/><T36/><D36/><U57/><E1/><V0/><F41/><W101/><G79/><T123/><D123/><U99/><E99/><V70/><F70/><W84/><G84/><N who="0" m="50447" /><D129/><U40/><REACH who="1" step="1"/><E22/><REACH who="1" ten="270,230,240,240" step="2"/><V43/><F21/><W86/><G86/><T93/><D18/><U133/><E133/><V5/><F72/><W26/><G112/><T103/><D103/><U127/><E127/><V20/><F0/><W6/><G102/><T105/><D105/><U106/><E106/><V59/><F20/><W35/><G101/><T92/><N who="0" m="23552" /><DORA hai="121" /><T131/><D131/><U2/><E2/><V91/><F5/><W97/><G6/><T19/><D19/><U110/><E110/><V64/><F4/><W75/><G113/><T77/><D77/><U3/><E3/><V76/><F78/><W85/><G75/><T116/><D116/><U88/><E88/><V25/><F91/><W9/><G85/><T29/><D29/><U8/><E8/><V45/><F11/><W62/><G9/><T119/><D119/><U100/><E100/><V37/><F76/><W80/><G98/><T128/><D128/><RYUUKYOKU ba="1,2" sc="270,15,230,15,240,-15,240,-15" hai0="24,27,53,58" hai1="7,10,15,40,46,48,51,54,57,61,66,68,69" /><INIT seed="0,2,2,5,2,121" ten="285,245,225,225" oya="0" hai0="40,112,45,41,69,58,3,37,29,38,100,118,102" hai1="28,97,93,98,127,114,95,85,11,43,76,109,52" hai2="54,116,32,77,36,47,104,59,2,31,68,9,1" hai3="26,0,117,101,55,111,83,64,75,124,25,120,44"/><T130/><D3/><U15/><E127/><V7/><F104/><W14/><G0/><T125/><D112/><U99/><E114/><V24/><F68/><W92/><G117/><T35/><D118/><U57/><E43/><V91/><F1/><W66/><G124/><T88/><D69/><U110/><E28/><V53/><F116/><W23/><G120/><T90/><D125/><U96/><E76/><V50/><F91/><W63/><G83/><T27/><D58/><U123/><E123/><V34/><F77/><W51/><G75/><T135/><D135/><U132/><E132/><V18/><F18/><N who="3" m="10711" /><G101/><T20/><D35/><U108/><N who="1" m="24576" /><DORA hai="128" /><U17/><REACH who="1" step="1"/><E85/><REACH who="1" ten="285,235,225,225" step="2"/><V60/><REACH who="2" step="1"/><F36/><REACH who="2" ten="285,235,215,225" step="2"/><W78/><G78/><T49/><D38/><U129/><E129/><V56/><F56/><W86/><G86/><T94/><D130/><U21/><E21/><AGARI ba="2,4" hai="2,7,9,21,24,31,32,34,47,50,53,54,59,60" machi="21" ten="30,2000,0" yaku="1,1,7,1,53,0" doraHai="121,128" doraHaiUra="106,10" who="2" fromWho="1" sc="285,0,235,-26,215,66,225,0" /><INIT seed="1,0,0,1,1,35" ten="285,209,281,225" oya="1" hai0="37,50,3,71,0,60,68,55,108,45,91,113,13" hai1="34,28,16,82,122,20,133,29,94,127,121,74,10" hai2="88,27,63,33,24,99,7,69,130,107,123,1,83" hai3="112,85,90,128,103,47,41,126,78,2,86,100,4"/><U65/><E65/><V57/><F69/><W110/><G112/><T116/><D116/><U84/><E74/><V104/><F123/><W67/><G67/><T114/><D71/><U58/><E133/><V89/><F83/><W12/><G128/><T93/><D108/><U80/><E34/><V6/><F130/><W30/><G110/><T36/><D113/><U115/><E115/><V19/><F19/><W17/><G30/><T22/><D114/><U135/><E135/><V79/><F79/><W105/><G105/><T51/><D60/><U18/><E127/><V38/><F63/><W117/><G117/><T111/><D68/><U8/><E122/><V9/><F57/><W44/><G126/><T5/><D111/><U14/><E121/><V118/><F118/><W49/><G47/><T23/><D23/><N who="1" m="11671" /><E58/><V97/><F33/><W106/><G106/><T43/><D37/><U96/><E8/><V134/><F134/><W15/><G2/><T52/><D36/><U56/><E56/><V39/><F9/><N who="3" m="6383" /><G12/><T40/><D3/><AGARI ba="0,0" hai="1,3,6,7,24,27,38,39,88,89,97,99,104,107" machi="3" ten="25,8000,1" yaku="22,2,52,2,54,1" doraHai="35" who="2" fromWho="0" sc="285,-80,209,0,281,80,225,0" /><INIT seed="2,0,0,0,4,53" ten="205,209,361,225" oya="2" hai0="122,4,28,81,48,87,120,34,66,107,18,27,50" hai1="5,55,134,37,118,83,131,14,12,78,93,30,128" hai2="45,80,6,24,111,64,25,86,54,116,67,10,46" hai3="92,77,130,47,61,58,82,121,52,90,74,59,126"/><V109/><F116/><W56/><G121/><T62/><D107/><U101/><E37/><V49/><F46/><W114/><G130/><T89/><D4/><U104/><E104/><V135/><F135/><W20/><G126/><T73/><D73/><U16/><E118/><V113/><F113/><W79/><G114/><T43/><D18/><U84/><E30/><V40/><F54/><W95/><G79/><T68/><REACH who="0" step="1"/><D43/><REACH who="0" ten="195,209,361,225" step="2"/><U127/><E131/><V102/><F111/><W11/><G11/><T119/><D119/><U15/><E128/><V91/><F109/><W39/><G39/><T41/><D41/><U123/><E123/><AGARI ba="0,1" hai="27,28,34,48,50,62,66,68,81,87,89,120,122,123" machi="123" ten="40,1300,0" yaku="1,1,53,0" doraHai="53" doraHaiUra="99" who="0" fromWho="1" sc="195,23,209,-13,361,0,225,0" /><INIT seed="3,0,0,4,1,112" ten="218,196,361,225" oya="3" hai0="48,66,44,17,114,31,95,87,105,51,89,86,76" hai1="65,35,4,106,75,63,62,124,16,0,72,125,22" hai2="20,77,42,33,30,27,85,91,81,10,104,12,1" hai3="96,92,69,131,41,100,24,134,115,135,56,23,34"/><W126/><G115/><T40/><D105/><U21/><E35/><V55/><F42/><W123/><G123/><T38/><D114/><U128/><E106/><V78/><F104/><W129/><G69/><T119/><D31/><U8/><E128/><N who="3" m="49226" /><G41/><T73/><D73/><U84/><E22/><V36/><F36/><W49/><G49/><T59/><D119/><U88/><E62/><V130/><F130/><W47/><G47/><T71/><D71/><U117/><E117/><V127/><F127/><N who="1" m="48713" /><E63/><V2/><F55/><W93/><G56/><T60/><D17/><U113/><E65/><V25/><F2/><W116/><G116/><T6/><D6/><U108/><E108/><V14/><F14/><W15/><G15/><T28/><D28/><U26/><E113/><V57/><F57/><W11/><G11/><T3/><D3/><U70/><E70/><V79/><F1/><W13/><G13/><T120/><D120/><U37/><E37/><V97/><F27/><W101/><G34/><T45/><D45/><U50/><E50/><V132/><F132/><N who="3" m="50731" /><G126/><T43/><D43/><U61/><E61/><V102/><F33/><W53/><G53/><T80/><AGARI ba="0,0" hai="38,40,44,48,51,59,60,66,76,80,86,87,89,95" machi="80" ten="30,1100,0" yaku="0,1" doraHai="112" who="0" fromWho="0" sc="218,11,196,-3,361,-3,225,-5" /><INIT seed="4,0,0,3,2,64" ten="229,193,358,220" oya="0" hai0="88,36,84,15,35,93,104,43,24,58,112,130,133" hai1="2,47,135,74,117,72,127,54,4,25,28,7,39" hai2="29,40,68,48,78,21,101,71,20,44,75,110,63" hai3="76,8,6,10,31,37,81,12,121,119,102,87,114"/><T116/><D116/><U73/><E117/><V113/><F110/><W109/><G119/><T125/><D104/><U17/><E17/><V85/><F75/><W129/><G109/><T83/><D112/><U118/><E118/><V90/><F78/><W32/><G37/><T46/><D125/><U27/><E127/><V70/><F101/><W45/><G114/><T41/><D130/><U50/><E135/><V34/><F113/><W67/><G102/><T98/><D133/><U61/><E2/><V126/><F126/><W42/><G67/><T95/><D43/><U77/><E77/><V128/><F128/><W23/><G129/><T52/><D15/><U134/><E134/><V1/><F1/><W14/><G32/><T56/><D56/><U100/><E100/><V59/><F29/><W122/><G23/><T60/><REACH who="0" step="1"/><D98/><REACH who="0" ten="219,193,358,220" step="2"/><U111/><E111/><V49/><F59/><W13/><G13/><T92/><D92/><U96/><E96/><V66/><F40/><W11/><G11/><T30/><AGARI ba="0,1" hai="24,30,35,36,41,46,52,58,60,83,84,88,93,95" machi="30" ten="30,11700,0" yaku="1,1,0,1,54,2,53,0" doraHai="64" doraHaiUra="108" who="0" fromWho="0" sc="219,127,193,-39,358,-39,220,-39" /><INIT seed="4,1,0,4,3,68" ten="346,154,319,181" oya="0" hai0="99,64,95,134,76,111,82,118,103,22,63,17,15" hai1="12,44,16,84,102,14,45,28,71,132,124,13,38" hai2="9,57,89,135,2,86,87,27,48,113,78,66,47" hai3="49,115,72,96,35,109,79,85,91,105,125,51,104"/><T98/><D118/><U59/><E71/><V53/><F113/><W32/><G109/><T88/><D134/><U41/><E132/><V131/><F131/><W80/><G125/><T31/><D31/><U0/><E0/><V1/><F135/><W33/><G115/><T75/><D111/><U97/><E124/><V74/><F74/><W69/><G69/><T39/><D39/><U10/><E28/><V54/><F66/><W106/><REACH who="3" step="1"/><G96/><REACH who="3" ten="346,154,319,171" step="2"/><T4/><D99/><U73/><E73/><V21/><F87/><W100/><G100/><T123/><D103/><U90/><E45/><V101/><F101/><W58/><G58/><T37/><D98/><U81/><REACH who="1" step="1"/><E59/><REACH who="1" ten="346,144,319,171" step="2"/><V65/><F47/><W5/><G5/><T93/><D4/><U34/><E34/><V120/><F57/><W18/><G18/><T55/><D17/><U108/><E108/><V26/><F2/><W119/><G119/><T50/><D75/><U7/><E7/><V52/><F1/><W92/><AGARI ba="1,2" hai="32,33,35,49,51,72,79,80,85,91,92,104,105,106" machi="92" ten="40,2700,0" yaku="1,1,0,1,53,0" doraHai="68" doraHaiUra="62" who="3" fromWho="3" sc="346,-14,144,-8,319,-8,171,50" /><INIT seed="5,0,0,1,2,6" ten="332,136,311,221" oya="1" hai0="50,19,68,81,1,102,123,23,45,118,21,96,5" hai1="53,16,12,116,69,63,117,125,55,103,95,3,8" hai2="126,112,32,35,105,34,99,72,39,128,122,88,20" hai3="67,92,87,110,24,40,51,49,60,14,91,124,71"/><U93/><E3/><V48/><F122/><W90/><G110/><T62/><D118/><U13/><E125/><V56/><F39/><W89/><G124/><T4/><D123/><U52/><E116/><V78/><F126/><W115/><G115/><T17/><D81/><U38/><E38/><V37/><F37/><W79/><G24/><T109/><D109/><U74/><E74/><V97/><F128/><W129/><G129/><T80/><D80/><U28/><E28/><V100/><F20/><W70/><G70/><T107/><D1/><U2/><E2/><V10/><F10/><W30/><G30/><T66/><D21/><N who="1" m="11399" /><E117/><V44/><F56/><W98/><G14/><T57/><D19/><N who="1" m="8615" /><E69/><V75/><F112/><W27/><G27/><T42/><D68/><U130/><E130/><V54/><F75/><W9/><G9/><T7/><D7/><U94/><E103/><V25/><F100/><W59/><G71/><T121/><D121/><U29/><E29/><V132/><F72/><W58/><G58/><AGARI ba="0,0" hai="52,53,55,58,63,93,94,95" m="8615,11399" machi="58" ten="30,11600,0" yaku="8,1,52,1,54,2" doraHai="6" who="1" fromWho="3" sc="332,0,136,116,311,0,221,-116" /><INIT seed="5,1,0,5,1,73" ten="332,252,311,105" oya="1" hai0="14,95,110,113,129,21,29,11,5,38,13,39,2" hai1="27,60,16,76,24,1,63,112,100,25,119,56,55" hai2="79,104,65,93,98,91,123,83,28,122,17,121,23" hai3="89,64,26,62,20,116,92,80,124,40,87,68,12"/><U114/><E1/><V82/><F65/><W44/><G124/><T85/><D110/><U51/><E119/><V74/><F28/><W31/><G116/><T45/><D113/><N who="1" m="43627" /><E100/><N who="2" m="62487" /><F23/><W4/><G4/><T94/><D129/><U132/><E132/><V90/><F17/><W0/><G12/><T135/><D135/><U105/><E105/><V88/><F83/><W30/><G0/><T81/><D2/><U57/><E76/><V108/><F108/><W86/><G31/><T133/><D133/><U61/><E56/><V109/><F109/><W96/><REACH who="3" step="1"/><G80/><REACH who="3" ten="332,252,311,95" step="2"/><T99/><D81/><U66/><E66/><V3/><F3/><W32/><G32/><T6/><D29/><U97/><E25/><V52/><F123/><W125/><G125/><T130/><D14/><U19/><E24/><V67/><F122/><W134/><G134/><T72/><D13/><U120/><E27/><V107/><F121/><W71/><G71/><T127/><D127/><U9/><E120/><V115/><F115/><W131/><G131/><T18/><D130/><U69/><E69/><V8/><F82/><W77/><G77/><T70/><D70/><U102/><E9/><V35/><F8/><W43/><G43/><T7/><D11/><U101/><E19/><V10/><F10/><W53/><G53/><T41/><D18/><U128/><E16/><V117/><F52/><W37/><AGARI ba="1,1" hai="20,26,30,37,40,44,62,64,68,86,87,89,92,96" machi="37" ten="20,2700,0" yaku="1,1,0,1,7,1,53,0" doraHai="73" doraHaiUra="54" who="3" fromWho="3" sc="332,-8,252,-14,311,-8,95,40" /><INIT seed="6,0,0,4,3,57" ten="324,238,303,135" oya="2" hai0="121,14,124,8,12,99,66,26,73,112,109,50,126" hai1="80,2,83,96,117,113,33,53,97,58,89,28,114" hai2="49,133,56,61,47,65,13,23,71,135,94,74,111" hai3="131,19,87,17,70,52,85,34,5,72,1,68,116"/><V54/><F74/><W51/><G72/><T27/><D109/><U60/><E2/><V92/><F111/><W129/><G116/><T42/><D121/><U128/><E117/><V118/><F118/><W84/><G34/><T46/><D73/><U48/><E128/><N who="3" m="49226" /><G1/><T0/><D112/><N who="1" m="43115" /><E28/><V37/><F23/><W39/><G39/><T86/><D14/><U95/><E33/><V63/><F13/><W98/><G98/><T25/><D99/><U119/><E119/><V64/><F37/><W22/><G5/><T9/><D0/><U11/><E11/><V40/><F40/><W81/><G81/><N who="1" m="31306" /><E97/><V62/><F63/><AGARI ba="0,0" hai="48,53,58,60,63,89,95,96" m="31306,43115" machi="63" ten="30,3900,0" yaku="15,1,52,2" doraHai="57" who="1" fromWho="2" sc="324,0,238,39,303,-39,135,0" /><INIT seed="7,0,0,0,0,52" ten="324,277,264,135" oya="3" hai0="32,104,91,69,37,15,123,93,2,67,19,103,126" hai1="38,71,66,124,95,68,134,78,36,59,117,115,98" hai2="116,132,125,3,90,49,47,131,106,40,55,61,50" hai3="114,54,119,100,120,12,26,129,118,9,18,30,42"/><W135/><G100/><T109/><D2/><U58/><E78/><V122/><F3/><W11/><G42/><T92/><D37/><U56/><E115/><V112/><F106/><W65/><G65/><T21/><D32/><U1/><E1/><V0/><F0/><W7/><G54/><T35/><D35/><U101/><E134/><V51/><F116/><N who="3" m="44587" /><G135/><T17/><D93/><U44/><E117/><V85/><F132/><W80/><G80/><T23/><D92/><U81/><E81/><V105/><F105/><W43/><G43/><T121/><D91/><U88/><E124/><V22/><F125/><W96/><G96/><T130/><D126/><U57/><E44/><V79/><F112/><W10/><G114/><T89/><D104/><U8/><E68/><V4/><F79/><W48/><G48/><T111/><D69/><U127/><E127/><V39/><F122/><W60/><G60/><T86/><D89/><U76/><E76/><V27/><F61/><W33/><G120/><T102/><D67/><U25/><E71/><V20/><F55/><W63/><G63/><T53/><D53/><U14/><E101/><V133/><F133/><W75/><G75/><T73/><D73/><U87/><E66/><V5/><F39/><W83/><G83/><T82/><D82/><U34/><E87/><V94/><F50/><W74/><G129/><T113/><D86/><U64/><E64/><V97/><F131/><W77/><G7/><N who="2" m="2633" /><F51/><W28/><G28/><T108/><D113/><U16/><N who="1" m="14336" /><DORA hai="41" /><U84/><E84/><V46/><F85/><W72/><G72/><RYUUKYOKU ba="0,0" sc="324,-15,277,15,264,-15,135,15" hai1="8,14,16,25,34,36,38,88,95,98" hai3="9,10,11,12,18,26,30,33,74,77" /><INIT seed="7,1,0,1,2,33" ten="309,292,249,150" oya="3" hai0="66,109,43,110,40,93,48,72,2,27,131,53,77" hai1="95,41,35,63,87,80,68,100,16,46,113,3,114" hai2="21,101,20,75,67,19,104,9,31,29,91,130,105" hai3="92,82,121,79,52,122,58,106,60,57,8,118,22"/><W123/><G106/><T69/><D2/><U50/><E3/><V11/><F75/><W124/><G92/><T107/><D93/><U96/><E35/><V74/><F74/><W49/><G118/><T56/><D27/><U128/><E128/><V102/><F67/><W6/><G22/><T129/><D107/><U98/><E16/><V120/><F19/><W55/><G124/><T51/><D77/><U135/><E135/><V34/><F34/><W89/><G89/><T134/><D72/><U30/><E30/><V62/><F62/><W54/><G82/><T32/><D32/><U47/><E47/><V37/><F91/><W94/><G79/><T119/><D119/><U108/><E108/><N who="0" m="41577" /><D134/><U126/><E126/><V23/><F130/><N who="0" m="49674" /><D51/><U36/><E50/><V18/><F18/><W86/><G94/><T70/><D66/><U84/><E98/><V7/><F23/><W127/><G127/><T15/><D15/><U25/><E25/><V73/><F73/><W61/><G86/><T1/><D1/><U59/><E68/><AGARI ba="1,0" hai="40,43,48,53,56,68,69,70" m="49674,41577" machi="68" ten="40,5200,0" yaku="19,1,34,2" doraHai="33" who="0" fromWho="1" sc="309,55,292,-55,249,0,150,0" owari="364,46.0,237,-16.0,249,5.0,150,-35.0" /></mjloggm>