<mjloggm ver="2.3"><GO type="169" lobby="0"/><UN n0="%E3%81%8A%E7%9F%A5%E3%82%89%E3%81%9B" n1="%E3%82%BF%EF%BD%9E%E5%9D%8A" n2="%E3%82%A6%E3%83%AB%E3%83%88%E3%83%A9%E7%AB%8B%E7%9B%B4" n3="%E4%B8%80%E9%96%83%E3%81%95%E3%82%93" dan="16,16,18,16" rate="2102.58,2127.35,2196.88,2070.87" sx="M,M,M,M"/><TAIKYOKU oya="0"/><INIT seed="0,0,0,3,3,103" ten="250,250,250,250" oya="0" hai0="48,92,76,25,68,22,127,11,61,6,111,124,112" hai1="54,0,50,72,51,101,47,102,33,119,29,26,86" hai2="32,58,40,129,135,93,90,110,13,27,121,94,31" hai3="44,36,77,38,113,53,118,81,91,34,109,128,71"/><T122/><D122/><U23/><E72/><V88/><F110/><W55/><G34/><T57/><D112/><U21/><E119/><V120/><F129/><W99/><G118/><T70/><D76/><U87/><E0/><V123/><F135/><W131/><G71/><T80/><D80/><U100/><REACH who="1" step="1"/><E51/><REACH who="1" ten="250,240,250,250" step="2"/><V39/><F123/><W17/><G128/><T30/><D48/><U106/><E106/><V114/><F114/><W18/><G131/><T67/><D111/><U46/><E46/><V9/><F121/><W2/><G44/><T5/><D127/><U133/><E133/><V117/><F120/><W132/><G132/><T52/><D124/><U83/><E83/><V134/><F117/><W43/><G2/><T4/><D92/><U19/><E19/><V14/><F134/><W64/><G17/><T73/><D73/><U56/><E56/><V104/><F104/><W108/><G18/><T10/><D68/><U35/><E35/><V66/><F32/><W95/><G113/><T59/><D70/><U49/><E49/><V84/><F94/><W24/><G108/><T1/><D1/><U45/><E45/><V75/><F93/><W97/><G109/><T89/><D59/><U62/><E62/><V96/><F58/><W3/><G3/><T20/><D57/><U28/><E28/><V42/><F31/><W130/><G130/><T65/><D61/><U126/><E126/><V37/><F75/><W82/><G82/><T12/><D30/><U85/><AGARI ba="0,1" hai="21,23,26,29,33,47,50,54,85,86,87,100,101,102" machi="85" ten="30,2000,0" yaku="1,1,0,1,53,0" doraHai="103" doraHaiUra="78" who="1" fromWho="1" sc="250,-10,240,30,250,-5,250,-5" /><INIT seed="1,0,0,1,2,99" ten="240,270,245,245" oya="1" hai0="135,6,89,85,31,15,71,120,78,59,12,24,66" hai1="41,105,68,46,52,107,0,61,14,93,119,38,133" hai2="60,134,2,13,56,55,113,114,62,117,132,27,102" hai3="9,130,124,127,92,73,122,29,1,19,44,106,110"/><U72/><E0/><V47/><F2/><W82/><G106/><T95/><D135/><N who="2" m="51754" /><F13/><W79/><G122/><T84/><D71/><U8/><E72/><V98/><F27/><W32/><G110/><T57/><D6/><U36/><E36/><V53/><F117/><W76/><G130/><T118/><D118/><U42/><E42/><V96/><F96/><W109/><G109/><T77/><D66/><U25/><E119/><V33/><F33/><W58/><G58/><T21/><D120/><U23/><E93/><V104/><F47/><W90/><G79/><N who="0" m="30219" /><D84/><U123/><E123/><V63/><F55/><W5/><G44/><T39/><D39/><U87/><E87/><V22/><F22/><W16/><G32/><T108/><D108/><U75/><E75/><V18/><F18/><W116/><G29/><T65/><D65/><U131/><E131/><V50/><AGARI ba="0,0" hai="50,53,56,60,62,63,98,102,104,113,114" m="51754" machi="50" ten="40,2700,0" yaku="20,1,52,1" doraHai="99" who="2" fromWho="2" sc="240,-7,270,-13,245,27,245,-7" /><INIT seed="2,0,0,2,0,55" ten="233,257,272,238" oya="2" hai0="108,57,42,119,34,19,71,60,86,0,18,118,63" hai1="16,2,76,5,77,133,110,131,79,100,21,78,104" hai2="83,134,17,116,13,91,92,25,103,105,24,93,66" hai3="98,90,64,14,48,20,61,56,114,126,31,127,44"/><V101/><F105/><W115/><G98/><T74/><D74/><U39/><E110/><V51/><F116/><W80/><G90/><T1/><D42/><U70/><E39/><V4/><F4/><W23/><G80/><T65/><D34/><U53/><E70/><V41/><F66/><W88/><G88/><T47/><D47/><U112/><E112/><N who="3" m="43050" /><G31/><T11/><D86/><U29/><E29/><V107/><F107/><W6/><G6/><T28/><D28/><U81/><E131/><V135/><F83/><W67/><G67/><T58/><D108/><U95/><E104/><V26/><F93/><W125/><G14/><T32/><D32/><U3/><E5/><V38/><F103/><W62/><G62/><T12/><D19/><U37/><E95/><V122/><F101/><W84/><G84/><T15/><D12/><U97/><E97/><V46/><F91/><W75/><G75/><T85/><D85/><U36/><E100/><V52/><F92/><W40/><AGARI ba="0,0" hai="20,23,40,44,48,56,61,64,125,126,127" m="43050" machi="40" ten="40,5200,0" yaku="18,1,11,1,52,1" doraHai="55" who="3" fromWho="3" sc="233,-13,257,-13,272,-26,238,52" /><INIT seed="3,0,0,5,0,49" ten="220,244,246,290" oya="3" hai0="86,117,54,130,8,2,74,88,69,105,119,87,38" hai1="77,107,16,24,3,48,73,42,99,65,75,5,59" hai2="129,13,123,112,134,46,41,94,57,114,109,91,97" hai3="56,36,92,15,60,10,32,64,35,82,58,22,131"/><W71/><G36/><T80/><D74/><U20/><E3/><V7/><F109/><W44/><G131/><T51/><D38/><U23/><E5/><V53/><F134/><W31/><G44/><T127/><D69/><U111/><E111/><V12/><F129/><W115/><G115/><T67/><D67/><U4/><E4/><V11/><F123/><W98/><G82/><T93/><D105/><U76/><E75/><V124/><F124/><W25/><G35/><T50/><D127/><U126/><E126/><V84/><F13/><W40/><G40/><T72/><D72/><U63/><E73/><V52/><F97/><W14/><G32/><T122/><D51/><U108/><E108/><V17/><F7/><W9/><G15/><T47/><D130/><U83/><E83/><V121/><F121/><W30/><G30/><T26/><D26/><N who="1" m="14599" /><E99/><V1/><F1/><W61/><G14/><T95/><D122/><U45/><E107/><V18/><F18/><AGARI ba="0,0" hai="18,23,24,42,45,48,59,63,65,76,77" m="14599" machi="18" ten="30,2000,0" yaku="8,1,54,1" doraHai="49" who="1" fromWho="2" sc="220,0,244,20,246,-20,290,0" /><INIT seed="4,0,0,5,1,25" ten="220,264,226,290" oya="0" hai0="117,78,70,71,48,56,61,93,114,74,37,110,47" hai1="16,49,7,67,8,80,90,135,55,64,35,85,82" hai2="119,103,13,4,111,102,72,95,1,52,63,12,45" hai3="9,121,94,77,30,20,11,92,109,79,22,28,88"/><T87/><D74/><U86/><E135/><V18/><F111/><W27/><G121/><T130/><D78/><N who="3" m="29705" /><G109/><T115/><D87/><U126/><E126/><V132/><F72/><W50/><G50/><T46/><D93/><N who="3" m="35945" /><G88/><T91/><D91/><N who="1" m="51623" /><E7/><V107/><F1/><W122/><G122/><T116/><D110/><U131/><E35/><V101/><F107/><W14/><G14/><T62/><D48/><U23/><E131/><V29/><F132/><W84/><G84/><T112/><D130/><U124/><E8/><N who="3" m="3146" /><G27/><T100/><D100/><U41/><E41/><V38/><F13/><W97/><G97/><T76/><D76/><U57/><E124/><V98/><F4/><W113/><G113/><T17/><D114/><U34/><E34/><V42/><F102/><W54/><G54/><T120/><D120/><U123/><E123/><V65/><F103/><W106/><G106/><T60/><D60/><U24/><AGARI ba="0,0" hai="16,23,24,49,55,57,64,67,82,86,90" m="51623" machi="24" ten="30,2000,0" yaku="8,1,54,1" doraHai="25" who="1" fromWho="1" sc="220,-10,264,20,226,-5,290,-5" /><INIT seed="5,0,0,5,0,36" ten="210,284,221,285" oya="1" hai0="68,29,69,110,109,33,105,108,132,28,48,123,27" hai1="38,95,14,16,12,92,35,112,2,104,73,96,10" hai2="135,86,127,31,61,23,51,52,134,50,102,91,117" hai3="131,120,45,65,62,7,5,119,43,39,67,100,4"/><U9/><E73/><V0/><F0/><W101/><G120/><T125/><D123/><U84/><E2/><V114/><F102/><W22/><G131/><T93/><D132/><U103/><E35/><V34/><F34/><W74/><G74/><T129/><D129/><U124/><E112/><V82/><F117/><W128/><G128/><T113/><D113/><U32/><E32/><V26/><F114/><W40/><G119/><T115/><D115/><U11/><E124/><V133/><F127/><W88/><G22/><T79/><D105/><U130/><E130/><V56/><AGARI ba="0,0" hai="23,26,31,50,51,52,56,61,82,86,91,133,134,135" machi="56" ten="40,5200,0" yaku="0,1,20,1,54,1" doraHai="36" who="2" fromWho="2" sc="210,-13,284,-26,221,52,285,-13" /><INIT seed="6,0,0,4,5,130" ten="197,258,273,272" oya="2" hai0="38,63,0,116,89,134,103,109,71,2,129,5,122" hai1="57,72,92,118,60,34,131,28,102,106,32,76,124" hai2="133,64,121,29,40,19,62,127,74,8,10,87,85" hai3="67,128,21,12,45,108,54,43,75,53,113,120,24"/><V126/><F74/><W6/><G108/><T56/><D109/><U111/><E106/><V105/><F105/><W79/><G120/><T107/><D122/><U13/><E118/><V65/><F29/><W84/><G75/><T93/><D38/><U135/><E131/><V115/><F40/><W41/><G128/><T33/><D33/><U15/><E124/><V11/><F121/><W90/><G113/><T73/><D73/><U104/><E104/><V94/><F115/><W26/><G67/><T27/><D71/><U51/><E51/><V17/><F94/><W97/><G97/><T99/><D116/><U59/><E111/><V18/><F133/><W110/><G79/><T14/><D27/><U44/><E44/><V88/><F88/><W30/><G24/><T112/><D112/><U66/><E135/><V114/><F114/><W37/><G110/><T49/><D49/><U48/><E76/><V98/><F98/><W31/><G31/><T96/><D129/><U101/><E72/><V3/><F3/><W23/><G43/><T16/><D5/><U83/><E83/><V1/><F1/><W58/><G58/><T52/><REACH who="0" step="1"/><D134/><REACH who="0" ten="187,258,273,272" step="2"/><U42/><E32/><V78/><F127/><W25/><G25/><T50/><D50/><U70/><E70/><V86/><F126/><W95/><G6/><T117/><D117/><U81/><E34/><V36/><F36/><W68/><G68/><T77/><D77/><U119/><E119/><V61/><F78/><W22/><G26/><T91/><D91/><U39/><E39/><V7/><F7/><W80/><G90/><RYUUKYOKU ba="0,1" sc="187,15,258,-15,273,15,272,-15" hai0="0,2,14,16,52,56,63,89,93,96,99,103,107" hai2="8,10,11,17,18,19,61,62,64,65,85,86,87" /><INIT seed="6,1,1,3,0,77" ten="202,243,288,257" oya="2" hai0="68,110,112,71,10,4,133,12,66,25,18,83,7" hai1="37,41,100,89,57,15,95,43,44,60,27,69,8" hai2="117,131,3,115,129,21,67,108,121,78,52,56,13" hai3="35,59,126,63,5,113,47,111,19,36,79,6,88"/><V23/><F3/><W24/><G111/><T104/><D104/><U49/><E100/><V65/><F117/><W73/><G126/><T85/><D110/><U122/><E122/><V50/><F121/><W86/><G79/><T102/><D102/><U96/><E69/><V116/><F116/><W32/><G73/><T14/><D112/><U42/><E27/><V28/><F108/><W127/><G127/><T51/><D133/><U53/><REACH who="1" step="1"/><E37/><REACH who="1" ten="202,233,288,257" step="2"/><V34/><F115/><W109/><G109/><T82/><D25/><U84/><E84/><V74/><F74/><W64/><G36/><T1/><D85/><U120/><E120/><V92/><F131/><W20/><G113/><T17/><D68/><U70/><E70/><V33/><F129/><W16/><G35/><T123/><D123/><U45/><E45/><V94/><F34/><W97/><G32/><T132/><D71/><U11/><E11/><V106/><F33/><W119/><G119/><T99/><D10/><U72/><E72/><V91/><F23/><N who="3" m="13415" /><G47/><T54/><D132/><U39/><E39/><V101/><F21/><W135/><G135/><T76/><D99/><U61/><E61/><V48/><F101/><W87/><G97/><T124/><D124/><U55/><E55/><V58/><F52/><W118/><G118/><T30/><D54/><U46/><E46/><V130/><F130/><W75/><G75/><T134/><D134/><U0/><E0/><V40/><F67/><W114/><G114/><T62/><D66/><U98/><E98/><V9/><F65/><W31/><G87/><T93/><D1/><RYUUKYOKU ba="1,2" sc="202,-10,233,30,288,-10,257,-10" hai1="8,15,41,42,43,44,49,53,57,60,89,95,96" /><INIT seed="7,2,2,2,4,120" ten="192,263,278,247" oya="3" hai0="127,29,81,34,63,100,78,131,116,40,103,41,105" hai1="57,23,16,54,30,5,51,45,1,17,119,71,14" hai2="7,46,48,12,28,76,22,84,133,50,10,104,85" hai3="124,37,66,70,98,126,38,36,56,89,43,9,68"/><W74/><G74/><T72/><D116/><U102/><E71/><N who="3" m="27178" /><G9/><T0/><D0/><U69/><E69/><V67/><F104/><W91/><G98/><T108/><D108/><U13/><E119/><V75/><F75/><W21/><G21/><T83/><D131/><U79/><E1/><V88/><F133/><W19/><G19/><N who="1" m="7242" /><E102/><V20/><F67/><W15/><G15/><N who="1" m="5642" /><E79/><V106/><F106/><W125/><G43/><T128/><D105/><U2/><E2/><V52/><F28/><W113/><G113/><T58/><D29/><U33/><E33/><V65/><F65/><W86/><G86/><T24/><D34/><U90/><E90/><N who="3" m="34314" /><G66/><T44/><D100/><U11/><E11/><V121/><F121/><W87/><G87/><T110/><D103/><U64/><E5/><V73/><F73/><W123/><G123/><T31/><D72/><U39/><E39/><V130/><F130/><W115/><G115/><T82/><D128/><U26/><E64/><V114/><F114/><W80/><G56/><AGARI ba="2,2" hai="23,26,30,45,51,54,56,57" m="5642,7242" machi="56" ten="30,2000,0" yaku="8,1,54,1" doraHai="120" who="1" fromWho="3" sc="192,0,263,46,278,0,247,-26" owari="192,-31.0,309,41.0,278,8.0,221,-18.0" /></mjloggm>