<mjloggm ver="2.3"><GO type="169" lobby="0"/><UN n0="%73%61%6E%64%69%72%69%73" n1="%66%65%65%73" n2="%E3%83%94%E3%82%AB%E5%90%BE%E9%83%8E" n3="%E3%82%A6%E3%83%AB%E3%83%88%E3%83%A9%E7%AB%8B%E7%9B%B4" dan="16,17,17,17" rate="2165.71,2164.32,2160.43,2193.66" sx="M,M,M,M"/><TAIKYOKU oya="0"/><INIT seed="0,0,0,3,2,69" ten="250,250,250,250" oya="0" hai0="83,59,130,38,125,42,81,66,71,19,7,92,56" hai1="55,49,79,91,95,84,99,112,33,30,72,98,114" hai2="115,108,28,120,96,87,73,105,61,103,97,126,13" hai3="118,113,75,135,110,64,67,52,116,35,27,39,8"/><T90/><D7/><U101/><E33/><V133/><F73/><W82/><G113/><N who="1" m="43626" /><E30/><V86/><F115/><W124/><G35/><T129/><D125/><U46/><E101/><V102/><F120/><W104/><G104/><T34/><D34/><U107/><E107/><V58/><F28/><W127/><G27/><T93/><D71/><U9/><E9/><V78/><F126/><N who="3" m="48171" /><G135/><T80/><D19/><U11/><E11/><V12/><F133/><W5/><G110/><T36/><D66/><U51/><E49/><V20/><F108/><W63/><G39/><N who="0" m="14891" /><D42/><U44/><E44/><V17/><F78/><N who="3" m="44383" /><G52/><T65/><D65/><N who="3" m="25161" /><G63/><T109/><D109/><U25/><E25/><V77/><F77/><W0/><AGARI ba="0,0" hai="0,5,8,116,118" m="25161,44383,48171" machi="0" ten="30,1100,0" yaku="18,1" doraHai="69" who="3" fromWho="3" sc="250,-5,250,-3,250,-3,250,11" /><INIT seed="1,0,0,1,5,108" ten="245,247,247,261" oya="1" hai0="52,82,97,95,24,93,60,115,120,43,23,84,69" hai1="96,76,67,99,121,56,118,37,6,68,101,122,119" hai2="3,12,130,38,132,61,9,70,66,30,17,25,80" hai3="49,44,89,77,112,79,36,16,133,45,26,35,32"/><U63/><E37/><V4/><F38/><W135/><G36/><T113/><D43/><U31/><E6/><V78/><F130/><W114/><G89/><N who="0" m="55471" /><D69/><U50/><E76/><V111/><F111/><W19/><G26/><T85/><D120/><U109/><E109/><V72/><F132/><W40/><G49/><T90/><D85/><U74/><E74/><V62/><F61/><W41/><AGARI ba="0,0" hai="16,19,32,35,40,41,44,45,77,79,112,114,133,135" machi="41" ten="25,12000,2" yaku="0,1,22,2,52,2,54,1" doraHai="108" who="3" fromWho="3" sc="245,-30,247,-60,247,-30,261,120" /><INIT seed="2,0,0,1,0,41" ten="215,187,217,381" oya="2" hai0="80,2,134,42,101,45,125,110,73,47,57,31,74" hai1="82,114,91,38,90,97,62,126,53,111,64,83,132" hai2="100,56,39,103,27,8,0,23,71,78,60,128,70" hai3="112,96,7,63,77,46,44,122,43,29,95,5,66"/><V118/><F39/><W88/><G122/><T135/><D2/><U35/><E114/><V76/><F118/><W72/><G112/><T25/><D101/><U107/><E38/><V133/><F71/><W116/><G116/><T108/><D57/><U21/><E35/><V3/><F70/><W99/><G72/><N who="0" m="27755" /><D42/><U69/><E21/><V89/><F3/><W24/><G77/><T67/><D80/><U12/><E12/><V10/><F0/><W49/><G99/><T37/><D67/><U30/><E30/><V98/><F100/><W85/><G96/><T127/><D37/><U131/><E97/><V28/><F89/><W68/><G46/><N who="0" m="17419" /><D25/><U130/><E64/><V94/><F78/><W87/><G87/><T61/><D61/><U20/><E62/><V6/><F76/><W17/><G63/><T18/><D18/><U75/><E75/><V22/><F56/><W104/><G66/><T109/><D31/><U106/><E69/><V115/><F60/><W32/><G68/><T119/><D119/><U4/><E83/><V48/><F28/><W129/><G29/><T50/><D50/><U13/><E82/><V117/><F117/><W65/><G49/><T19/><D19/><U105/><E105/><V59/><F48/><W58/><G17/><T33/><D33/><U52/><E107/><V1/><F103/><W102/><G102/><T79/><D79/><U120/><E106/><V26/><F1/><W11/><G104/><T93/><D93/><U54/><E54/><V9/><F94/><W124/><G95/><T84/><D84/><U51/><E53/><RYUUKYOKU ba="0,0" sc="215,30,187,-10,217,-10,381,-10" hai0="108,109,110,125,127,134,135" /><INIT seed="3,1,0,1,2,93" ten="245,177,207,371" oya="3" hai0="54,26,77,88,120,56,35,85,61,41,71,17,7" hai1="51,12,68,127,0,31,111,102,43,29,45,2,25" hai2="36,28,19,107,37,47,118,14,103,62,74,90,79" hai3="59,99,126,66,112,73,33,58,97,16,65,13,30"/><W122/><G73/><T124/><D120/><U92/><E68/><V84/><F118/><W44/><G112/><T46/><D124/><U130/><E127/><V6/><F6/><W133/><G122/><T39/><D7/><U131/><E111/><V81/><F28/><W3/><G3/><T22/><D35/><U82/><E82/><V52/><F103/><W110/><G126/><T20/><D71/><U100/><E12/><V132/><F107/><W91/><G30/><T86/><D77/><U42/><E42/><V34/><F34/><W50/><G33/><T75/><D75/><U38/><E38/><V18/><F18/><W128/><G128/><N who="1" m="49194" /><E31/><V129/><F132/><W123/><G133/><T60/><D22/><N who="1" m="15543" /><E102/><V89/><F129/><W101/><G101/><T32/><D32/><U106/><E106/><V78/><F37/><W72/><G72/><T70/><D70/><U21/><E21/><V135/><F36/><W104/><G104/><T53/><D88/><U80/><E80/><N who="2" m="49287" /><F135/><W57/><G91/><T134/><D134/><U114/><E114/><V10/><F74/><W96/><G110/><T117/><D117/><U109/><E109/><V98/><F81/><W119/><G119/><T125/><D125/><U9/><E9/><V40/><F40/><N who="3" m="24839" /><G123/><T5/><D5/><U64/><E0/><V55/><F55/><W67/><G67/><T63/><D54/><U94/><E64/><V1/><F1/><W48/><G48/><T49/><AGARI ba="1,0" hai="17,20,26,39,41,46,49,53,56,60,61,63,85,86" machi="49" ten="30,1100,0" yaku="0,1" doraHai="93" who="0" fromWho="0" sc="245,14,177,-4,207,-4,371,-6" /><INIT seed="4,0,0,0,1,20" ten="259,173,203,365" oya="0" hai0="56,110,130,32,133,29,8,7,5,72,94,109,51" hai1="131,114,49,22,135,108,128,10,92,16,77,24,58" hai2="9,104,85,45,82,11,53,66,74,57,106,13,6" hai3="59,126,67,88,96,101,1,33,121,48,62,100,120"/><T52/><D72/><U124/><E108/><N who="0" m="41577" /><D133/><U23/><E135/><V99/><F74/><W40/><G1/><T19/><D130/><N who="1" m="49707" /><E124/><V46/><F66/><W111/><G126/><T28/><D94/><U21/><E77/><V18/><F104/><W132/><G132/><T81/><D81/><U69/><E69/><V80/><F99/><W27/><G111/><T61/><D29/><U113/><E92/><V123/><F123/><W36/><G101/><T90/><D90/><U2/><E58/><V34/><F34/><W79/><G88/><T83/><D83/><U134/><E49/><V38/><F38/><W68/><G79/><T70/><D19/><U93/><E93/><V26/><F106/><W87/><G100/><T4/><D70/><U30/><E134/><V91/><F82/><W119/><G96/><T55/><D8/><U0/><E10/><V71/><F11/><W89/><G89/><T122/><D122/><U103/><E103/><V76/><F71/><W47/><G87/><T64/><D51/><U39/><E39/><V102/><F102/><W115/><G121/><T37/><D37/><U60/><E60/><N who="2" m="35887" /><F76/><W17/><G120/><T129/><D129/><U65/><E65/><V105/><F105/><W3/><G68/><T112/><D112/><N who="1" m="43115" /><E22/><AGARI ba="0,0" hai="6,9,13,18,22,26,45,46,80,85,91" m="35887" machi="22" ten="30,2000,0" yaku="8,1,52,1" doraHai="20" who="2" fromWho="1" sc="259,0,173,-20,203,20,365,0" /><INIT seed="5,0,0,4,3,35" ten="259,153,223,365" oya="1" hai0="133,106,24,74,48,100,51,127,52,61,85,93,131" hai1="58,9,44,78,63,37,5,46,80,70,111,110,38" hai2="107,104,55,31,83,64,56,41,117,32,1,95,36" hai3="97,14,92,2,90,109,115,123,71,43,49,84,89"/><U39/><E70/><V102/><F117/><W28/><G71/><T15/><D74/><U114/><E114/><V79/><F64/><W98/><G2/><T76/><D106/><U40/><E44/><V53/><F53/><W128/><G109/><N who="1" m="41482" /><E58/><V60/><F1/><W19/><G115/><T22/><D127/><U21/><E21/><V34/><F34/><W72/><G72/><T59/><D133/><U45/><E45/><V57/><F57/><W113/><G113/><T77/><D131/><U42/><E42/><V82/><F41/><W18/><G128/><T132/><D132/><U67/><E63/><V112/><F36/><W4/><G28/><N who="0" m="17431" /><D15/><U13/><E67/><V122/><F31/><W47/><G123/><T125/><D125/><U66/><E66/><V130/><F32/><W126/><G126/><T33/><D33/><U20/><E20/><V120/><F130/><W129/><G129/><T108/><D108/><U68/><E68/><V91/><F112/><W99/><G90/><N who="0" m="53455" /><D100/><U124/><E124/><V25/><F102/><W3/><G3/><T12/><D12/><U62/><E62/><V87/><F25/><W50/><G50/><AGARI ba="0,0" hai="48,50,51,52,59,61,76,77" m="53455,17431" machi="50" ten="30,2000,0" yaku="8,1,54,1" doraHai="35" who="0" fromWho="3" sc="259,20,153,0,223,0,365,-20" /><INIT seed="6,0,0,2,3,97" ten="279,153,223,345" oya="2" hai0="72,8,82,80,73,102,13,95,111,74,0,131,23" hai1="10,113,126,70,22,84,89,121,31,117,5,76,71" hai2="11,133,64,29,1,19,55,67,119,132,130,38,112" hai3="16,18,21,28,78,12,56,45,57,105,93,68,58"/><V120/><F120/><W81/><G105/><T99/><D111/><U104/><E117/><V87/><F119/><W3/><G3/><T118/><D118/><U35/><E35/><V60/><F38/><W65/><G93/><T96/><D131/><U40/><E104/><V34/><F130/><W52/><G68/><T53/><D0/><U7/><E7/><V33/><F112/><W25/><G65/><T37/><D37/><U48/><E113/><V26/><F34/><W43/><G12/><T44/><D23/><U62/><E62/><V88/><F55/><W42/><G42/><T103/><D44/><U116/><E116/><V129/><F129/><W90/><G90/><T125/><D53/><U101/><E101/><V39/><F39/><W114/><G114/><T115/><D115/><U122/><E126/><V63/><F63/><W24/><G24/><T6/><REACH who="0" step="1"/><D125/><REACH who="0" ten="269,153,223,345" step="2"/><U59/><E121/><V85/><F1/><W135/><G43/><T50/><D50/><U107/><E40/><V14/><F60/><W4/><G52/><T127/><D127/><U30/><E22/><V46/><F46/><W32/><G21/><T106/><AGARI ba="0,1" hai="6,8,13,72,73,74,80,82,95,96,99,102,103,106" machi="106" ten="30,7900,0" yaku="1,1,0,1,52,2,53,0" doraHai="97" doraHaiUra="47" who="0" fromWho="0" sc="269,89,153,-20,223,-39,345,-20" /><INIT seed="7,0,0,5,4,14" ten="358,133,184,325" oya="3" hai0="60,54,43,130,89,97,67,33,93,56,124,11,78" hai1="16,125,65,31,4,62,103,86,116,52,114,34,22" hai2="94,80,7,26,109,120,47,37,121,12,104,126,84" hai3="73,81,110,107,9,18,36,25,131,91,57,35,46"/><W117/><G117/><T61/><D33/><U128/><E4/><V0/><F104/><W44/><G107/><T85/><D130/><U134/><E128/><V50/><F37/><W83/><G131/><T112/><D124/><U21/><E34/><V118/><F118/><W71/><G71/><T15/><D112/><U123/><E123/><V5/><F109/><W96/><G110/><T8/><D43/><U19/><E31/><V30/><F94/><N who="3" m="56415" /><G73/><T74/><D74/><U58/><E116/><V92/><F92/><W127/><G36/><T48/><D15/><N who="1" m="9375" /><E114/><V87/><F7/><W133/><G35/><T66/><D61/><U115/><E115/><V129/><F0/><W51/><G127/><T75/><D75/><U101/><E125/><V111/><F126/><W119/><G133/><T17/><D17/><U55/><E134/><V108/><F129/><W68/><G68/><T105/><D105/><U79/><E79/><V6/><F6/><W27/><G119/><T132/><D132/><U20/><E86/><V76/><F87/><W59/><G27/><T98/><D67/><U63/><E63/><V41/><F111/><W13/><G25/><T24/><D24/><N who="1" m="14367" /><E22/><N who="2" m="15703" /><F108/><W32/><G32/><T99/><D78/><U3/><E3/><V95/><F121/><W49/><G83/><T53/><D66/><U90/><E90/><V100/><F120/><W40/><G81/><T122/><D122/><U28/><E28/><V72/><F72/><W2/><G2/><T70/><D70/><U10/><E10/><V23/><F5/><W106/><G106/><T29/><D29/><RYUUKYOKU ba="0,0" sc="358,10,133,10,184,-30,325,10" hai0="8,11,48,53,54,56,60,85,89,93,97,98,99" hai1="52,55,58,62,65,101,103" hai3="9,13,18,40,44,46,49,51,57,59" /><INIT seed="7,1,0,1,1,31" ten="368,143,154,335" oya="3" hai0="41,54,135,28,8,76,105,12,53,97,3,73,32" hai1="74,64,27,63,30,129,68,84,17,70,19,13,89" hai2="81,37,66,1,67,47,0,83,134,42,106,126,110" hai3="118,62,101,96,115,33,24,48,78,95,107,72,86"/><W116/><G48/><T94/><D105/><U5/><E74/><V128/><F110/><W45/><G45/><T35/><D3/><U43/><E70/><V103/><F126/><W119/><G62/><T124/><D41/><U21/><E129/><V20/><F128/><W91/><G115/><T80/><D124/><U132/><E132/><V85/><F83/><N who="3" m="45511" /><G24/><T14/><D135/><U90/><E90/><V111/><F103/><W133/><G133/><T57/><D28/><U117/><E117/><V60/><F106/><W34/><AGARI ba="1,0" hai="33,34,86,91,95,96,101,107,116,118,119" m="45511" machi="34" ten="40,7800,0" yaku="24,1,52,2" doraHai="31" who="3" fromWho="3" sc="368,-27,143,-27,154,-27,335,81" owari="341,14.0,116,-38.0,127,-27.0,416,51.0" /></mjloggm>