<mjloggm ver="2.3"><GO type="169" lobby="0"/><UN n0="%E8%99%8E%E7%9A%AE%E7%8C%AB" n1="%C2%B0%D0%94%C2%B0%40%E6%B1%AA%E6%B1%AA%E8%BB%8D%E5%9C%98" n2="%E3%81%A1%E3%82%83%E3%81%93%E3%81%93" n3="%E3%82%A6%E3%83%AB%E3%83%88%E3%83%A9%E7%AB%8B%E7%9B%B4" dan="17,16,17,17" rate="2160.84,2022.28,2151.60,2143.40" sx="F,F,F,M"/><TAIKYOKU oya="0"/><INIT seed="0,0,0,0,4,44" ten="250,250,250,250" oya="0" hai0="103,52,18,22,123,89,49,105,104,75,28,110,24" hai1="10,5,7,62,78,54,19,86,39,57,56,119,12" hai2="96,118,93,88,65,76,114,70,117,33,50,92,16" hai3="63,113,13,29,77,107,40,8,101,90,32,99,102"/><T131/><D123/><U21/><E119/><N who="2" m="45579" /><F33/><W48/><G113/><T14/><D75/><U125/><E39/><V87/><F114/><W115/><G115/><T84/><D131/><U128/><E125/><V134/><F134/><W47/><G77/><T37/><D37/><U45/><E45/><V15/><F76/><W116/><G116/><T53/><D53/><U135/><E135/><V51/><F65/><W27/><G63/><T67/><D67/><U58/><E128/><V41/><F41/><W0/><G0/><T30/><D110/><U127/><E127/><V122/><F70/><W69/><G69/><T109/><D109/><U23/><E23/><N who="2" m="11679" /><F122/><W130/><G130/><T79/><D79/><U25/><E5/><V83/><F83/><AGARI ba="0,0" hai="7,10,12,19,21,25,54,56,57,58,62,78,83,86" machi="83" ten="40,1300,0" yaku="8,1" doraHai="44" who="1" fromWho="2" sc="250,0,250,13,250,-13,250,0" /><INIT seed="1,0,0,4,4,16" ten="250,263,237,250" oya="1" hai0="62,25,4,58,102,127,116,135,81,79,15,52,94" hai1="61,123,86,42,114,54,63,53,44,29,69,133,33" hai2="31,59,93,87,0,125,32,115,76,40,91,104,74" hai3="80,41,18,71,122,37,55,124,45,14,92,110,51"/><U28/><E114/><V90/><F125/><W9/><G122/><T60/><D116/><U121/><E86/><V67/><F0/><W34/><G124/><T88/><D127/><U2/><E2/><V77/><F104/><W96/><G110/><T107/><D135/><U129/><E129/><V132/><F132/><W66/><G34/><T26/><D102/><U56/><E133/><V111/><F111/><W78/><G71/><T19/><D107/><U99/><E99/><V6/><F6/><W98/><G66/><T20/><D62/><U47/><E56/><V134/><F40/><W8/><G8/><T131/><D4/><U126/><E126/><V65/><F134/><W13/><G13/><T46/><D46/><U23/><E42/><V83/><F74/><W106/><G106/><T70/><D70/><U10/><E10/><V68/><F68/><W85/><G92/><T103/><D103/><U120/><E120/><V49/><F32/><W72/><G72/><T97/><D131/><U64/><E69/><V36/><F36/><W95/><G95/><T35/><D35/><U27/><E33/><V109/><F109/><W119/><G119/><T1/><D1/><U128/><E128/><V84/><F115/><W101/><G101/><T43/><D43/><U100/><E100/><V21/><F67/><W22/><REACH who="3" step="1"/><G9/><REACH who="3" ten="250,263,237,240" step="2"/><T82/><D82/><U118/><E118/><V38/><F65/><W50/><G50/><T48/><D48/><U3/><E64/><V130/><F130/><W24/><G24/><T57/><D57/><AGARI ba="0,1" hai="14,18,22,37,41,45,51,55,57,78,80,85,96,98" machi="57" ten="30,7700,0" yaku="1,1,7,1,52,1,53,1" doraHai="16" doraHaiUra="73" who="3" fromWho="0" sc="250,-77,263,0,237,0,240,87" /><INIT seed="2,0,0,3,3,60" ten="173,263,237,327" oya="2" hai0="43,59,87,16,14,134,42,118,47,20,95,33,23" hai1="40,78,61,31,125,64,102,45,105,25,107,131,46" hai2="17,28,133,83,117,39,80,29,41,8,35,123,116" hai3="7,9,114,57,89,97,129,77,62,92,113,135,73"/><V112/><F112/><N who="3" m="43115" /><G129/><T11/><D134/><U37/><E131/><V106/><F106/><W21/><G21/><T3/><D33/><U124/><E46/><V98/><F123/><W82/><G135/><T128/><D128/><U18/><E18/><V104/><F104/><W68/><G68/><T130/><D130/><U10/><E10/><V111/><F98/><W86/><G9/><T84/><D118/><U99/><E78/><V5/><F17/><W91/><G7/><T38/><D42/><U69/><E107/><V1/><F133/><W24/><G24/><T26/><D3/><U36/><E36/><V72/><F83/><W75/><G91/><T100/><D59/><U22/><AGARI ba="0,0" hai="22,25,31,37,40,45,61,64,69,99,102,105,124,125" machi="22" ten="30,2000,0" yaku="0,1,52,1" doraHai="60" who="1" fromWho="1" sc="173,-5,263,20,237,-10,327,-5" /><INIT seed="3,0,0,1,1,53" ten="168,283,227,322" oya="3" hai0="129,75,55,37,103,45,4,9,98,106,43,33,26" hai1="94,114,90,3,27,24,109,12,112,65,60,36,81" hai2="42,82,126,11,97,133,16,21,91,62,2,0,41" hai3="110,131,121,32,73,95,30,29,86,61,69,89,51"/><W25/><G121/><T14/><D75/><U123/><E3/><V113/><F113/><W135/><G73/><T79/><D79/><U115/><E36/><V96/><F133/><W10/><G135/><T34/><D129/><U108/><E81/><V80/><F126/><W63/><G131/><T57/><REACH who="0" step="1"/><D26/><REACH who="0" ten="158,283,227,322" step="2"/><U134/><E134/><V35/><F0/><W71/><G110/><T15/><D15/><U77/><E12/><N who="2" m="9351" /><F2/><W13/><G13/><T40/><D40/><U20/><E77/><V87/><F41/><W99/><G25/><T100/><D100/><U83/><E27/><V56/><F42/><W111/><G111/><T1/><D1/><U48/><E108/><V7/><F35/><W124/><G32/><T132/><D132/><U105/><E109/><V127/><F127/><W67/><G124/><T8/><D8/><U128/><E128/><V85/><F11/><W66/><G10/><T31/><D31/><U49/><E115/><V93/><F7/><W120/><G120/><T130/><D130/><U117/><E114/><V92/><F80/><W38/><G29/><T102/><D102/><U59/><E112/><V70/><F82/><W22/><G30/><T19/><D19/><U64/><E83/><V107/><F107/><W88/><G22/><T104/><D104/><U44/><E105/><V68/><F92/><W58/><G95/><T6/><D6/><U50/><E94/><V46/><F93/><W74/><G74/><T84/><D84/><U54/><E123/><V18/><F85/><W23/><G86/><T76/><D76/><U39/><E20/><RYUUKYOKU ba="0,1" sc="158,30,283,-10,227,-10,322,-10" hai0="4,9,14,33,34,37,43,45,55,57,98,103,106" /><INIT seed="4,1,1,4,2,85" ten="188,273,217,312" oya="0" hai0="54,98,102,94,122,82,121,49,120,78,39,89,96" hai1="47,70,68,80,1,107,56,9,65,115,73,3,119" hai2="12,125,29,126,104,28,31,17,60,116,22,118,91" hai3="19,42,86,10,24,76,38,61,113,34,37,135,132"/><T79/><D39/><U32/><E119/><N who="2" m="45611" /><F104/><W83/><G113/><T127/><D127/><N who="2" m="48650" /><F60/><W2/><G42/><T52/><D49/><U40/><E115/><V20/><F91/><W13/><G2/><T45/><D45/><U41/><E41/><V77/><F77/><W18/><G61/><T105/><REACH who="0" step="1"/><D78/><REACH who="0" ten="178,273,217,312" step="2"/><U97/><E47/><V7/><F7/><W44/><G44/><T23/><D23/><AGARI ba="1,2" hai="12,17,20,22,23,28,29,31" m="48650,45611" machi="23" ten="40,8000,1" yaku="12,1,18,1,34,2" doraHai="85" who="2" fromWho="0" sc="178,-83,273,0,217,103,312,0" /><INIT seed="5,0,0,0,1,11" ten="95,273,320,312" oya="1" hai0="54,130,78,135,8,45,69,94,33,6,117,37,3" hai1="71,104,44,102,5,17,26,101,66,20,110,64,90" hai2="50,63,121,77,105,128,27,113,65,68,96,21,83" hai3="100,134,98,29,51,9,28,12,112,52,109,84,34"/><U55/><E71/><V122/><F128/><W131/><G109/><T24/><D117/><U124/><E124/><V97/><F113/><W56/><G112/><T82/><D130/><U76/><E76/><V1/><F1/><W126/><G131/><T18/><D135/><U57/><E5/><V80/><F80/><W107/><G134/><T95/><D69/><U91/><E110/><V30/><F50/><W46/><G126/><T62/><D62/><U41/><E104/><V0/><F0/><W106/><G106/><T10/><D33/><U127/><E127/><V70/><F70/><W120/><G120/><T74/><D54/><U79/><E79/><V85/><F96/><W15/><G34/><T61/><D61/><U103/><E90/><V38/><F38/><W59/><G84/><T73/><D73/><U14/><E26/><V119/><F119/><W47/><G59/><T93/><D93/><U49/><REACH who="1" step="1"/><E91/><REACH who="1" ten="95,263,320,312" step="2"/><V116/><F116/><W75/><G107/><T108/><D108/><U133/><E133/><V125/><F125/><W81/><G81/><T31/><D31/><U36/><AGARI ba="0,1" hai="14,17,20,36,41,44,49,55,57,64,66,101,102,103" machi="36" ten="30,6000,0" yaku="1,1,0,1,52,1,53,0" doraHai="11" doraHaiUra="72" who="1" fromWho="1" sc="95,-20,263,70,320,-20,312,-20" /><INIT seed="5,1,0,2,5,96" ten="75,333,300,292" oya="1" hai0="127,9,54,17,80,100,57,46,39,40,0,112,24" hai1="135,120,91,28,77,110,89,92,52,5,81,129,76" hai2="56,36,93,85,128,63,10,4,107,53,31,133,71" hai3="105,64,94,73,86,11,131,7,61,74,47,98,19"/><U102/><E120/><V18/><F133/><W13/><G131/><T79/><D112/><U14/><E135/><V65/><F107/><W122/><G122/><T58/><D127/><U104/><E129/><V8/><F36/><W90/><G47/><T82/><D82/><U83/><E110/><V106/><F106/><W95/><G105/><T62/><D57/><U69/><E69/><V60/><F128/><W123/><G123/><T75/><D17/><U29/><E104/><V43/><F43/><W44/><G44/><T55/><D24/><U21/><E21/><V59/><F31/><W134/><G134/><T15/><D15/><U25/><E25/><V78/><F18/><W87/><G7/><T113/><D113/><U67/><E67/><V26/><F26/><W124/><G124/><T115/><D115/><U30/><E14/><V108/><F108/><W6/><G6/><N who="0" m="1223" /><D54/><U1/><E1/><V119/><F4/><W22/><G22/><T41/><D41/><U88/><E5/><V132/><F132/><W35/><G35/><T66/><D66/><U114/><E52/><V70/><F53/><W68/><REACH who="3" step="1"/><G87/><REACH who="3" ten="75,333,300,282" step="2"/><T45/><D45/><U33/><E33/><V109/><F85/><W48/><G48/><T111/><D111/><U3/><E114/><V51/><F51/><W118/><G118/><T2/><D2/><U101/><E3/><V103/><F119/><W50/><G50/><T27/><D27/><U125/><E125/><V99/><F109/><W116/><G116/><T37/><D37/><U23/><E23/><V16/><F8/><W84/><G84/><RYUUKYOKU ba="1,1" sc="75,15,333,-15,300,-15,282,15" hai0="39,40,46,55,58,62,75,79,80,100" hai3="11,13,19,61,64,68,73,74,86,90,94,95,98" /><INIT seed="6,2,1,0,5,55" ten="90,318,285,297" oya="2" hai0="61,80,6,31,34,130,75,2,114,69,104,74,26" hai1="111,73,22,11,81,50,101,42,20,63,7,64,91" hai2="95,126,39,41,56,10,25,125,5,57,38,14,70" hai3="66,36,102,4,97,32,113,108,1,54,33,84,122"/><V131/><F70/><W40/><G122/><T48/><D48/><U71/><E111/><V24/><F131/><W90/><G108/><T76/><D114/><U30/><E101/><V67/><F67/><W19/><G19/><T132/><D132/><U72/><E30/><V82/><F41/><W59/><G66/><T85/><D130/><U105/><E105/><V21/><F82/><W29/><G113/><T129/><D129/><U79/><E91/><V17/><F95/><W77/><G77/><T37/><D85/><U15/><E72/><V96/><F96/><W133/><G133/><T128/><D128/><U44/><AGARI ba="2,1" hai="7,11,15,20,22,42,44,50,63,64,71,73,79,81" machi="44" ten="30,1100,0" yaku="0,1" doraHai="55" who="1" fromWho="1" sc="90,-5,318,27,285,-7,297,-5" /><INIT seed="7,0,0,3,3,55" ten="85,345,278,292" oya="3" hai0="6,117,0,11,16,19,106,126,34,73,42,61,4" hai1="92,104,116,83,58,125,114,97,111,82,39,122,22" hai2="60,71,69,113,101,57,98,70,67,33,120,68,52" hai3="105,130,66,94,72,119,35,91,89,49,28,43,44"/><W51/><G119/><T78/><D106/><U76/><E116/><V121/><F33/><W77/><G105/><T24/><D42/><U74/><E39/><V23/><F113/><W90/><G130/><T80/><D117/><U103/><E122/><N who="2" m="47211" /><F23/><W65/><G94/><T85/><D126/><U63/><E111/><V50/><F98/><W99/><G99/><T17/><D73/><U26/><E125/><V129/><F101/><W48/><G35/><T133/><D133/><U62/><E62/><V127/><F127/><W21/><G28/><T20/><D4/><U115/><E83/><V9/><F9/><W13/><G21/><T84/><D84/><U25/><E104/><V109/><F109/><W40/><G13/><T134/><D134/><U135/><E135/><V132/><F132/><W54/><G43/><T1/><D1/><U53/><REACH who="1" step="1"/><E26/><REACH who="1" ten="85,335,278,292" step="2"/><V5/><F129/><W128/><G128/><T32/><REACH who="0" step="1"/><D61/><REACH who="0" ten="75,335,278,292" step="2"/><U38/><E38/><V75/><F5/><W108/><G108/><T56/><D56/><U2/><E2/><V30/><F75/><W31/><G49/><T8/><D8/><U27/><E27/><V123/><F123/><W86/><G72/><T100/><D100/><U12/><E12/><V110/><F110/><W7/><G7/><T95/><D95/><U93/><E93/><V41/><F41/><W59/><G31/><RYUUKYOKU type="ron3" ba="0,2" sc="75,0,335,0,278,0,292,0" hai0="0,6,11,16,17,19,20,24,32,34,78,80,85" hai1="22,25,53,58,63,74,76,82,92,97,103,114,115" hai2="30,50,52,57,60,67,68,69,70,71" /><INIT seed="7,1,2,0,3,5" ten="75,335,278,292" oya="3" hai0="54,104,126,10,19,42,56,96,24,9,87,114,31" hai1="91,25,67,38,7,86,125,84,53,132,29,133,79" hai2="33,129,55,41,100,130,37,122,93,52,110,69,43" hai3="92,50,35,26,32,82,28,74,72,6,131,51,30"/><W105/><G105/><T14/><D126/><U20/><E38/><V76/><F33/><W128/><G92/><T109/><D109/><U89/><E125/><V39/><F76/><W8/><G51/><T12/><D42/><N who="2" m="15882" /><F93/><W16/><G50/><T11/><D114/><U121/><E7/><V23/><F100/><W97/><G97/><T124/><D124/><U83/><E121/><V59/><F110/><W94/><G94/><T60/><D87/><U1/><E1/><V21/><F69/><W18/><G82/><T85/><D85/><U88/><E67/><V63/><F122/><W27/><G8/><T103/><REACH who="0" step="1"/><D12/><REACH who="0" ten="65,335,278,292" step="2"/><U71/><E84/><V106/><F37/><W117/><G6/><T40/><D40/><U113/><E113/><V22/><F39/><W80/><G80/><T2/><D2/><U62/><E86/><V81/><F81/><W34/><G34/><AGARI ba="1,3" hai="9,10,11,14,19,24,31,34,54,56,60,96,103,104" machi="34" ten="30,8000,1" yaku="1,1,7,1,52,3,53,0" doraHai="5" doraHaiUra="77" who="0" fromWho="3" sc="65,113,335,0,278,0,292,-83" owari="178,-32.0,335,43.0,278,8.0,209,-19.0" /></mjloggm>