<mjloggm ver="2.3"><GO type="169" lobby="0"/><UN n0="%E5%B0%8F%E6%89%8B%E8%BF%94%E6%92%B2%E6%BB%85%E4%BC%9A%E9%95%B7" n1="%E6%9E%9D%E8%B1%86%E3%82%AB%E3%83%AC%E3%83%BC%E7%94%98%E5%8F%A3" n2="%E3%83%88%E3%83%88%E3%83%AA%E5%85%88%E7%94%9F%31%39%E6%AD%B3" n3="%7A%65%52%6F" dan="16,16,18,16" rate="2075.41,2096.39,2199.74,2083.33" sx="M,F,F,M"/><TAIKYOKU oya="0"/><INIT seed="0,0,0,3,5,117" ten="250,250,250,250" oya="0" hai0="44,115,92,107,9,68,18,45,65,61,1,33,39" hai1="114,123,7,97,69,20,15,60,30,24,120,25,73" hai2="17,103,80,32,21,134,56,35,46,5,86,133,125" hai3="113,101,10,108,93,94,128,26,121,14,130,81,135"/><T66/><D115/><U105/><E73/><V64/><F125/><W6/><G113/><T82/><D107/><U75/><E75/><V104/><F5/><W48/><G135/><N who="2" m="51721" /><F46/><W62/><G108/><T4/><D33/><N who="1" m="20679" /><E114/><V76/><F103/><W118/><G118/><T127/><D127/><U119/><E119/><V52/><F64/><W12/><G101/><T47/><D66/><N who="1" m="41159" /><E15/><N who="2" m="9407" /><F104/><W16/><G26/><T85/><D92/><U89/><E89/><V91/><F91/><W36/><G36/><T8/><D8/><U11/><E11/><V41/><F41/><W129/><G81/><T83/><D83/><U51/><E7/><V84/><F84/><W50/><G93/><T116/><D116/><U59/><E59/><V87/><F87/><W40/><G94/><T57/><D18/><N who="1" m="12439" /><E51/><AGARI ba="0,0" hai="32,35,51,52,56,76,80,86" m="9407,51721" machi="51" ten="30,2000,0" yaku="20,1,54,1" doraHai="117" who="2" fromWho="1" sc="250,0,250,-20,250,20,250,0" /><INIT seed="1,0,0,1,1,129" ten="250,230,270,250" oya="1" hai0="116,22,99,6,11,9,124,15,88,49,109,19,51" hai1="97,63,37,106,81,33,132,58,102,85,64,36,89" hai2="47,25,32,35,96,74,80,16,114,42,46,125,121" hai3="61,83,45,62,91,90,86,104,107,119,2,105,1"/><U82/><E33/><V65/><F121/><W17/><G119/><T70/><D109/><U69/><E132/><V57/><F125/><W7/><G17/><T3/><D124/><U77/><REACH who="1" step="1"/><E69/><REACH who="1" ten="250,220,270,250" step="2"/><V26/><F35/><W131/><G131/><T52/><D70/><U29/><E29/><V78/><F32/><W94/><G107/><T127/><D127/><U60/><E60/><V103/><F114/><W0/><G105/><T50/><D116/><U68/><E68/><V13/><F26/><W43/><G104/><T40/><D40/><U130/><E130/><V101/><F25/><W28/><G28/><T113/><D113/><U41/><E41/><V39/><F42/><W20/><G62/><T112/><D112/><U108/><E108/><V135/><F135/><W134/><G61/><T24/><D24/><U111/><E111/><V27/><F27/><W133/><G134/><T118/><D118/><U44/><E44/><V122/><F47/><W23/><G133/><T56/><REACH who="0" step="1"/><D22/><REACH who="0" ten="240,220,270,250" step="2"/><U76/><E76/><V4/><F78/><W66/><G23/><T54/><D54/><U126/><E126/><V30/><F30/><W120/><G20/><T73/><D73/><AGARI ba="0,2" hai="36,37,58,63,64,73,77,81,82,85,89,97,102,106" machi="73" ten="30,5800,0" yaku="1,1,7,1,53,1" doraHai="129" doraHaiUra="75" who="1" fromWho="0" sc="240,-58,220,78,270,0,250,0" /><INIT seed="1,1,0,0,5,90" ten="182,298,270,250" oya="1" hai0="79,39,2,51,7,60,21,75,6,5,25,69,95" hai1="89,68,31,111,30,67,24,78,29,49,71,32,63" hai2="123,86,131,36,12,91,92,82,15,18,42,28,132" hai3="64,101,126,114,107,113,117,130,13,23,55,27,66"/><U1/><E1/><V83/><F123/><W48/><G117/><T72/><D39/><U127/><E127/><V4/><F131/><W103/><G126/><T22/><D2/><U43/><E78/><V77/><F132/><W46/><G130/><T47/><D79/><U100/><E71/><V52/><F28/><W88/><G114/><T56/><D69/><U106/><E111/><V93/><F42/><W35/><G35/><T74/><D25/><U14/><E14/><V96/><F36/><W44/><G13/><T58/><D58/><U0/><E0/><V87/><F96/><W54/><G113/><T65/><REACH who="0" step="1"/><D95/><REACH who="0" ten="172,298,270,250" step="2"/><N who="2" m="36426" /><F4/><W121/><G121/><T34/><D34/><U99/><E89/><V85/><F18/><W84/><G107/><T11/><D11/><U62/><E63/><V134/><F134/><W9/><G9/><T108/><D108/><U122/><E122/><V125/><F125/><W115/><G115/><T112/><D112/><U116/><E116/><V80/><F77/><W98/><G103/><T33/><D33/><U40/><E49/><V41/><F91/><W57/><G101/><T50/><D50/><U94/><E94/><V38/><F15/><W128/><G128/><T53/><AGARI ba="1,1" hai="5,6,7,21,22,47,51,53,56,60,65,72,74,75" machi="53" ten="40,2700,0" yaku="1,1,0,1,53,0" doraHai="90" doraHaiUra="8" who="0" fromWho="0" sc="172,40,298,-14,270,-8,250,-8" /><INIT seed="2,0,0,3,3,38" ten="212,284,262,242" oya="2" hai0="100,70,0,42,64,4,94,134,125,124,60,89,48" hai1="97,62,83,78,5,71,135,110,76,49,21,40,114" hai2="122,20,3,80,28,119,104,8,68,72,39,128,102" hai3="1,105,106,11,73,12,93,47,133,129,74,29,36"/><V85/><F119/><W50/><G36/><T52/><D100/><U130/><E114/><V115/><F115/><W22/><G129/><T19/><D134/><U45/><E130/><V65/><F122/><W56/><G133/><T10/><D19/><U13/><E135/><V18/><F128/><W92/><G56/><T90/><D42/><U15/><E110/><V77/><F28/><W95/><G1/><T23/><D23/><U9/><E97/><V58/><F68/><W54/><G73/><T116/><D116/><U103/><E103/><V25/><F39/><W120/><G74/><T30/><D30/><U51/><E62/><V46/><F46/><W53/><G120/><T117/><D117/><U6/><E71/><V111/><F111/><W63/><G63/><T7/><D7/><U24/><E51/><V33/><F33/><W113/><G113/><T34/><D34/><U126/><E126/><V31/><F58/><W16/><REACH who="3" step="1"/><G54/><REACH who="3" ten="212,284,262,232" step="2"/><T43/><D43/><U127/><E127/><V86/><F3/><W112/><G112/><T131/><D131/><U75/><E75/><V37/><F37/><W118/><G118/><T35/><D125/><U109/><E109/><V96/><F65/><W59/><G59/><T132/><D132/><U41/><E40/><V27/><F27/><AGARI ba="0,1" hai="11,12,16,22,27,29,47,50,53,92,93,95,105,106" machi="27" ten="40,2600,0" yaku="1,1,54,1,53,0" doraHai="38" doraHaiUra="107" who="3" fromWho="2" sc="212,0,284,0,262,-26,232,36" /><INIT seed="3,0,0,0,5,20" ten="212,284,236,268" oya="3" hai0="126,6,85,134,125,121,113,133,56,44,88,128,119" hai1="53,23,124,39,120,91,70,62,5,64,82,116,131" hai2="51,89,135,74,106,94,129,50,83,52,60,117,29" hai3="101,0,76,45,86,8,118,32,49,96,114,80,111"/><W59/><G114/><T90/><D119/><U75/><E120/><V18/><F117/><W22/><G32/><T110/><D121/><U71/><E116/><V63/><F106/><W13/><G118/><T73/><D73/><U21/><E71/><V3/><F3/><W27/><G0/><T123/><D123/><U38/><E23/><V61/><F129/><W15/><G59/><T33/><D33/><U97/><E131/><V46/><F135/><N who="0" m="51722" /><D113/><U7/><E7/><V9/><F74/><W81/><G81/><N who="0" m="49199" /><D110/><U58/><E5/><V65/><F83/><W99/><G111/><T77/><D77/><U10/><E82/><V54/><F29/><N who="3" m="17655" /><G101/><T11/><D56/><U43/><E58/><V93/><F65/><W36/><G36/><T115/><D115/><U4/><E64/><V16/><F9/><W24/><G24/><T37/><D90/><U26/><E91/><V98/><F93/><W17/><G15/><N who="0" m="5623" /><D128/><U25/><E39/><V104/><F104/><W41/><AGARI ba="0,0" hai="8,13,17,41,45,49,76,80,86,96,99" m="17655" machi="41" ten="30,3000,0" yaku="8,1,52,1" doraHai="20" who="3" fromWho="3" sc="212,-10,284,-10,236,-10,268,30" /><INIT seed="3,1,0,0,1,73" ten="202,274,226,298" oya="3" hai0="45,67,4,110,85,33,76,86,19,26,1,91,3" hai1="63,24,100,29,117,9,16,90,56,81,111,77,125" hai2="37,83,70,27,88,13,35,129,47,120,71,2,11" hai3="62,48,28,6,34,31,60,46,101,112,65,15,12"/><W49/><G112/><T102/><D110/><U58/><E111/><V55/><F2/><W5/><G101/><T66/><D3/><U59/><E117/><V93/><F129/><W36/><G36/><T118/><D118/><U114/><E114/><V78/><F120/><W79/><G34/><T54/><D4/><U17/><E125/><V84/><F35/><W94/><G94/><N who="0" m="54639" /><D1/><U0/><E100/><V22/><F37/><W25/><G25/><T115/><D102/><U126/><E126/><V51/><F22/><W75/><G75/><T109/><D109/><U68/><E90/><V132/><F27/><W23/><G23/><N who="0" m="13695" /><D33/><U105/><E105/><V119/><F132/><W116/><G116/><T61/><D115/><U92/><E92/><V89/><F119/><W134/><G134/><T44/><D61/><U41/><E24/><V7/><REACH who="2" step="1"/><F89/><REACH who="2" ten="202,274,216,298" step="2"/><W128/><G128/><T121/><D121/><U104/><E0/><V64/><F64/><N who="0" m="24618" /><D54/><U99/><E29/><V20/><F20/><W97/><G65/><T127/><D127/><U122/><E122/><V108/><F108/><W18/><G28/><T74/><D74/><AGARI ba="1,1" hai="7,11,13,47,51,55,70,71,74,78,83,84,88,93" machi="74" ten="30,7700,0" yaku="1,1,7,1,52,1,54,1,53,0" doraHai="73" doraHaiUra="69" who="2" fromWho="0" sc="202,-80,274,0,216,90,298,0" /><INIT seed="4,0,0,2,5,97" ten="122,274,306,298" oya="0" hai0="128,42,134,59,53,76,69,86,75,18,130,122,133" hai1="1,36,68,28,79,108,3,115,15,25,27,109,81" hai2="104,117,30,47,96,110,12,89,5,14,113,127,22" hai3="9,129,49,54,37,13,107,72,118,61,94,39,45"/><T123/><D75/><U52/><E68/><V98/><F110/><W88/><G107/><T103/><D69/><U55/><E36/><V63/><F117/><W99/><G118/><T11/><D42/><U77/><E81/><V32/><F32/><W95/><G72/><T40/><D40/><U126/><E126/><V124/><F113/><W106/><G106/><T91/><D76/><U34/><E28/><V114/><F114/><W135/><G135/><N who="0" m="51723" /><D11/><U87/><E87/><V93/><F47/><W90/><G61/><N who="0" m="36079" /><D18/><U92/><E15/><V21/><F63/><W82/><G82/><N who="0" m="49623" /><D103/><U6/><E115/><V7/><F30/><W80/><G80/><T100/><D100/><U56/><E56/><V33/><F89/><W29/><G29/><T43/><D43/><U24/><E79/><V48/><F48/><W83/><G83/><T41/><D41/><U84/><E77/><V4/><F4/><W125/><G125/><T50/><D50/><U0/><E108/><V67/><F5/><W10/><G10/><T73/><D73/><U58/><E6/><V46/><F7/><W71/><G71/><T62/><D62/><N who="1" m="36167" /><E109/><V78/><F78/><W26/><G39/><T64/><D64/><U31/><E55/><V121/><F67/><W131/><G37/><T19/><D19/><U8/><E8/><V112/><F112/><W2/><G54/><T17/><D17/><U57/><E57/><V120/><F124/><W85/><G49/><T44/><D44/><U60/><E60/><V38/><F127/><W20/><G45/><T70/><D70/><U116/><E116/><RYUUKYOKU ba="0,0" sc="122,15,274,15,306,-15,298,-15" hai0="122,123,128,130" hai1="0,1,3,24,25,27,31,34,84,92" /><INIT seed="4,1,0,0,5,58" ten="137,289,291,283" oya="0" hai0="126,88,19,107,49,119,67,55,14,100,51,12,30" hai1="73,23,13,39,32,92,8,64,113,108,17,82,22" hai2="135,98,10,101,78,33,60,11,27,97,31,106,84" hai3="120,47,7,103,127,80,34,128,105,37,57,79,115"/><T1/><D1/><U2/><E108/><V102/><F135/><W124/><G34/><T41/><D119/><U118/><E118/><V122/><F122/><W114/><G7/><T132/><D132/><U38/><E23/><V112/><F112/><N who="3" m="43051" /><G57/><T69/><D126/><N who="3" m="48169" /><G47/><T68/><D30/><U116/><E32/><V74/><F74/><N who="3" m="43127" /><G37/><T3/><D3/><U109/><E109/><V9/><F84/><W93/><G120/><T63/><D69/><U61/><E8/><V72/><F78/><W35/><G35/><T21/><D41/><U53/><E53/><V111/><F72/><W65/><G65/><T76/><D76/><U50/><E50/><V5/><F111/><W96/><G128/><T89/><D14/><U44/><E44/><V123/><F123/><W70/><G70/><T36/><D36/><U54/><E39/><V121/><F121/><W85/><G85/><T99/><REACH who="0" step="1"/><D51/><REACH who="0" ten="127,289,291,283" step="2"/><U15/><E38/><V71/><F5/><W104/><AGARI ba="1,1" hai="93,96,103,104,105" m="43127,48169,43051" machi="104" ten="40,8000,1" yaku="15,1,18,1,34,2" doraHai="58" who="3" fromWho="3" sc="127,-41,289,-21,291,-21,283,93" /><INIT seed="5,0,0,5,0,0" ten="86,268,270,376" oya="1" hai0="53,84,9,89,111,67,4,16,102,57,99,123,87" hai1="134,97,86,43,92,22,17,34,38,118,109,76,37" hai2="66,74,121,75,120,90,83,65,56,122,11,127,117" hai3="13,39,68,135,112,73,6,49,78,29,50,128,21"/><U130/><E118/><V18/><F117/><W19/><G29/><T40/><D111/><U105/><E34/><V69/><F69/><W51/><G39/><T95/><D123/><U42/><E109/><V70/><F70/><W94/><G68/><T131/><D131/><U31/><E31/><V54/><F127/><W77/><G128/><T110/><D110/><U100/><E130/><V3/><F90/><W8/><G135/><T98/><D40/><U103/><E134/><V55/><F55/><W35/><G35/><T45/><D45/><U93/><E105/><V5/><F18/><W33/><G33/><T12/><D67/><U104/><E104/><V96/><F96/><W59/><G112/><T115/><D115/><U58/><E38/><V2/><F2/><W14/><G73/><T63/><REACH who="0" step="1"/><D4/><REACH who="0" ten="76,268,270,376" step="2"/><U15/><E37/><V107/><F65/><W62/><G94/><AGARI ba="0,1" hai="9,12,16,53,57,63,84,87,89,94,95,98,99,102" machi="94" ten="30,12000,2" yaku="1,1,2,1,7,1,8,1,54,1,53,2" doraHai="0" doraHaiUra="81" who="0" fromWho="3" sc="76,130,268,0,270,0,376,-120" /><INIT seed="6,0,0,0,2,7" ten="206,268,270,256" oya="2" hai0="102,78,44,119,50,9,17,46,20,112,54,105,21" hai1="101,15,130,75,36,72,85,16,24,135,134,23,62" hai2="43,111,70,124,115,1,69,0,103,109,60,19,65" hai3="89,22,116,133,2,122,56,13,27,86,79,40,95"/><V64/><F103/><W37/><G2/><N who="2" m="1129" /><F43/><W14/><G116/><T94/><D112/><U6/><E36/><V87/><F87/><W104/><G104/><T71/><D71/><N who="2" m="27146" /><F60/><W81/><G122/><T29/><D105/><U117/><E117/><V51/><F51/><W38/><G133/><N who="1" m="50698" /><E130/><V127/><F19/><W30/><G56/><N who="0" m="32855" /><D78/><U31/><E6/><V88/><F88/><W67/><G67/><N who="2" m="25673" /><F115/><W93/><G93/><T28/><D119/><U121/><E121/><V8/><F8/><W90/><G90/><T4/><D4/><U118/><E118/><V82/><F82/><W42/><G38/><T97/><D46/><U107/><E62/><V66/><N who="2" m="25681" /><V83/><DORA hai="99" /><F83/><W96/><G37/><T68/><D44/><U3/><E3/><V25/><F25/><W108/><G42/><T91/><D91/><U100/><E85/><V61/><F61/><W114/><G40/><T45/><D45/><U10/><E107/><V58/><F58/><W59/><G59/><T53/><D53/><U49/><E49/><V92/><F92/><W33/><G114/><T113/><D113/><U110/><E101/><V55/><F55/><W128/><G128/><T63/><D63/><U98/><E100/><V32/><F32/><W18/><REACH who="3" step="1"/><G14/><REACH who="3" ten="206,268,270,246" step="2"/><N who="0" m="7375" /><D68/><U48/><E48/><V52/><F52/><W73/><G73/><N who="1" m="28234" /><E98/><V80/><F80/><W5/><G5/><T57/><D57/><U41/><E41/><V126/><AGARI ba="0,1" hai="109,111,124,126,127" m="25681,27146,1129" machi="126" ten="50,9600,0" yaku="28,2,18,1" doraHai="7,99" who="2" fromWho="2" sc="206,-32,268,-32,270,106,246,-32" /><INIT seed="6,1,0,3,2,22" ten="174,236,376,214" oya="2" hai0="8,135,130,125,69,14,51,59,34,66,99,117,88" hai1="44,116,35,0,110,122,98,60,92,46,40,33,120" hai2="126,77,112,48,49,105,10,132,72,1,100,36,121" hai3="123,70,6,107,26,133,94,91,16,76,131,64,81"/><V27/><F121/><N who="1" m="46697" /><E110/><V78/><F36/><W114/><G107/><T68/><D125/><U115/><E116/><V17/><F126/><W63/><G123/><T54/><D130/><U13/><E0/><V61/><F112/><W97/><G131/><T75/><D135/><U95/><E115/><V67/><F132/><W113/><G133/><T24/><D75/><U65/><E13/><V32/><F77/><W9/><G6/><T85/><D99/><U28/><E28/><N who="2" m="19487" /><F78/><W124/><G124/><T86/><D117/><U25/><E25/><V84/><F84/><W15/><REACH who="3" step="1"/><G26/><REACH who="3" ten="174,236,376,204" step="2"/><T62/><D24/><U57/><E35/><V134/><F105/><W12/><G12/><T87/><D34/><U7/><E33/><V79/><F134/><W89/><G89/><T2/><D2/><U55/><E7/><V30/><F1/><W52/><G52/><T56/><REACH who="0" step="1"/><D88/><REACH who="0" ten="164,236,376,204" step="2"/><U80/><E98/><V101/><F79/><W31/><G31/><T127/><D127/><U106/><E106/><V53/><F30/><W71/><G71/><T5/><AGARI ba="1,2" hai="5,8,14,51,54,56,59,62,66,68,69,85,86,87" machi="5" ten="30,2000,0" yaku="1,1,0,1,53,0" doraHai="22" doraHaiUra="20" who="0" fromWho="0" sc="164,43,236,-6,376,-11,204,-6" /><INIT seed="7,0,0,5,3,83" ten="207,230,365,198" oya="3" hai0="85,120,104,103,132,102,64,37,55,115,84,2,18" hai1="74,30,122,79,68,113,105,127,24,100,78,11,10" hai2="81,73,0,128,26,82,96,3,29,108,66,50,70" hai3="87,51,22,4,38,32,27,53,43,35,33,129,67"/><W57/><G129/><T47/><D120/><U7/><E122/><V21/><F108/><W119/><G119/><T56/><D2/><U80/><E79/><V110/><F110/><W28/><G4/><T111/><D111/><U46/><E68/><V65/><F128/><W40/><G38/><T23/><D104/><U133/><E113/><V1/><F73/><W121/><G121/><T42/><D115/><U107/><E11/><V48/><F96/><W45/><REACH who="3" step="1"/><G87/><REACH who="3" ten="207,230,365,188" step="2"/><N who="0" m="33355" /><D132/><U62/><E133/><V60/><F0/><W97/><G97/><T99/><D37/><U36/><E36/><V63/><F1/><W54/><G54/><T106/><D106/><U20/><E105/><V94/><F3/><W126/><G126/><T88/><D42/><U19/><E127/><V131/><F131/><W58/><G58/><T17/><D47/><U86/><E46/><V14/><F70/><W12/><G12/><N who="0" m="9639" /><D64/><U72/><E72/><V6/><F65/><W89/><G89/><T5/><D5/><U118/><E74/><V75/><F66/><W130/><G130/><T44/><D44/><U39/><E39/><V112/><F112/><W15/><G15/><T91/><D91/><U125/><E125/><V76/><F14/><W98/><G98/><T52/><D55/><U13/><E118/><V90/><F6/><W71/><G71/><T124/><D124/><U9/><E7/><V123/><F123/><W95/><G95/><N who="0" m="56807" /><D18/><U41/><E41/><V61/><F94/><W59/><G59/><T8/><D8/><U117/><E117/><V16/><F16/><W114/><G114/><RYUUKYOKU ba="0,1" sc="207,10,230,-30,365,10,188,10" hai0="52,56,102,103" hai2="21,26,29,48,50,60,61,63,75,76,81,82,90" hai3="22,27,28,32,33,35,40,43,45,51,53,57,67" /><INIT seed="7,1,1,4,3,98" ten="217,200,375,198" oya="3" hai0="36,45,54,103,38,39,0,55,101,9,47,89,131" hai1="106,95,114,109,87,80,8,73,76,40,71,46,123" hai2="29,43,70,93,72,133,112,105,68,33,110,7,1" hai3="64,12,65,10,50,22,18,20,5,15,132,44,104"/><W84/><G104/><T92/><D131/><U42/><E123/><V28/><F93/><W32/><G32/><T4/><D54/><U130/><E109/><V111/><F43/><W94/><G132/><T125/><D125/><U34/><E34/><V79/><F33/><W117/><G117/><T31/><D31/><U128/><E114/><V35/><F35/><W24/><G94/><T127/><D127/><U134/><E134/><V97/><F133/><W52/><REACH who="3" step="1"/><G84/><REACH who="3" ten="217,200,375,188" step="2"/><T21/><D21/><U14/><E106/><V37/><F105/><W27/><G27/><T120/><D120/><U90/><E71/><V116/><F70/><W16/><AGARI ba="1,2" hai="5,10,12,15,16,18,20,22,24,44,50,52,64,65" machi="16" ten="20,24000,3" yaku="1,1,0,1,7,1,8,1,54,2,53,2" doraHai="98" doraHaiUra="17" who="3" fromWho="3" sc="217,-81,200,-81,375,-81,188,263" owari="136,-26.0,119,-38.0,294,9.0,451,55.0" /></mjloggm>