<mjloggm ver="2.3"><GO type="169" lobby="0"/><UN n0="%E3%82%BF%E3%82%A4%E3%82%BD%E3%83%B3%EF%BC%A0" n1="%E5%B0%B1%E6%B4%BB%E7%94%9F%40%E5%B7%9D%E6%9D%91%E8%BB%8D%E5%9B%A3" n2="%E7%88%86%E5%BC%BE%E4%BA%94%E9%83%8E%EF%BC%92" n3="%70%69%2D%70%6F" dan="17,17,16,18" rate="2132.07,2174.45,2132.55,2190.37" sx="M,M,M,M"/><TAIKYOKU oya="0"/><INIT seed="0,0,0,0,3,73" ten="250,250,250,250" oya="0" hai0="108,79,85,92,91,6,0,43,119,10,70,114,134" hai1="24,78,80,52,67,5,76,2,7,105,20,100,61" hai2="40,106,26,97,41,34,94,112,116,50,120,86,90" hai3="64,124,38,68,56,23,118,72,11,127,77,65,18"/><T135/><D114/><U27/><E2/><V1/><F1/><W117/><G38/><T32/><D119/><N who="3" m="45577" /><G68/><T62/><D32/><U122/><E105/><V21/><F112/><W9/><G56/><T33/><D33/><U84/><E100/><V48/><F34/><W130/><G130/><T29/><D29/><N who="1" m="17543" /><E67/><N who="3" m="25674" /><G72/><T47/><D62/><U109/><E122/><V19/><F120/><W93/><G93/><T110/><D70/><U113/><E109/><N who="0" m="42089" /><D79/><N who="1" m="46111" /><E27/><V81/><F106/><W42/><G77/><N who="1" m="29802" /><E113/><V45/><F116/><W128/><G128/><T22/><D22/><U44/><E61/><V89/><F41/><W35/><G42/><T15/><D0/><U39/><E39/><AGARI ba="0,0" hai="19,21,26,39,40,45,48,50,81,86,89,90,94,97" machi="39" ten="30,1000,0" yaku="7,1" doraHai="73" who="2" fromWho="1" sc="250,0,250,-10,250,10,250,0" /><AGARI ba="0,0" hai="6,10,15,39,43,47,85,91,92,134,135" m="42089" machi="39" ten="30,2900,0" yaku="14,1,10,1" doraHai="73" who="0" fromWho="1" sc="250,29,240,-29,260,0,250,0" /><INIT seed="0,1,0,4,5,103" ten="279,211,260,250" oya="0" hai0="28,37,81,118,62,95,102,83,21,116,29,87,3" hai1="14,101,26,135,74,104,89,60,30,79,1,45,8" hai2="82,34,124,126,134,10,96,54,42,86,130,113,94" hai3="56,22,59,112,43,7,111,115,120,33,38,132,55"/><T63/><D3/><U58/><E1/><V25/><F113/><N who="3" m="43595" /><G22/><T19/><D37/><U36/><E135/><V78/><F134/><W0/><G33/><T72/><D72/><U68/><E68/><V31/><F130/><W6/><G6/><T75/><D75/><U52/><E89/><V69/><F69/><W105/><G0/><T88/><D118/><U92/><E92/><V39/><F54/><W100/><G7/><T110/><D110/><U32/><E74/><V66/><F66/><W119/><G119/><T23/><D116/><U57/><E79/><V2/><F42/><W127/><G105/><T131/><D131/><U77/><E77/><V90/><REACH who="2" step="1"/><F39/><REACH who="2" ten="279,211,250,250" step="2"/><W61/><G132/><T5/><D63/><U50/><E36/><V13/><F13/><W71/><G38/><T15/><D62/><U98/><REACH who="1" step="1"/><E60/><REACH who="1" ten="279,201,250,250" step="2"/><V133/><F133/><W16/><G61/><T97/><D29/><U24/><E24/><V18/><F18/><AGARI ba="1,2" hai="8,14,18,26,30,32,45,50,52,57,58,98,101,104" machi="18" ten="30,7700,0" yaku="1,1,7,1,52,1,54,1,53,0" doraHai="103" doraHaiUra="121" who="1" fromWho="2" sc="279,0,201,100,250,-80,250,0" /><INIT seed="1,0,0,5,2,91" ten="279,301,170,250" oya="1" hai0="111,46,81,113,135,35,62,67,96,47,4,0,110" hai1="1,106,128,123,43,109,18,90,56,60,66,98,25" hai2="37,9,104,39,108,29,94,68,10,51,88,61,114" hai3="112,31,16,33,7,78,59,17,23,132,92,38,69"/><U65/><E123/><V28/><F104/><W127/><G69/><T129/><D35/><U13/><E1/><V22/><F114/><W15/><G112/><T100/><D113/><U126/><E128/><V34/><F34/><W95/><G127/><T12/><D0/><U76/><E126/><V55/><F108/><W30/><G38/><T41/><D129/><U80/><E43/><V97/><F39/><W121/><G121/><T103/><D135/><U119/><E119/><V82/><F37/><W107/><G107/><T24/><D24/><U84/><E109/><V117/><F117/><W87/><G132/><T2/><D2/><U120/><E120/><V36/><F36/><W21/><G7/><T58/><D41/><U99/><E25/><V83/><F61/><W14/><G59/><T73/><D103/><U131/><E131/><V101/><F68/><W6/><G6/><T44/><D81/><N who="2" m="30730" /><F101/><W130/><G130/><T124/><D73/><U115/><E115/><V77/><F77/><W57/><G57/><T52/><D124/><U63/><E106/><V27/><F29/><N who="3" m="10763" /><G33/><T26/><D110/><U54/><E76/><V79/><F79/><W86/><G78/><T19/><D111/><U11/><E65/><V5/><F5/><W8/><G23/><T89/><D4/><U50/><REACH who="1" step="1"/><E63/><REACH who="1" ten="279,291,170,250" step="2"/><V122/><F122/><W125/><G125/><T48/><D67/><U49/><E49/><V116/><F116/><W3/><G3/><T74/><D62/><U105/><E105/><V40/><F40/><W20/><G8/><T118/><D48/><U45/><AGARI ba="0,1" hai="11,13,18,45,50,54,56,60,66,80,84,90,98,99" machi="45" ten="20,18000,2" yaku="1,1,5,1,0,1,7,1,25,2,8,1,53,0" doraHai="91" doraHaiUra="102" who="1" fromWho="1" sc="279,-60,291,190,170,-60,250,-60" /><INIT seed="1,1,0,4,0,80" ten="219,481,110,190" oya="1" hai0="63,135,104,44,54,129,56,33,124,97,12,127,14" hai1="17,105,69,36,96,92,20,83,85,23,76,66,24" hai2="81,26,62,120,91,31,115,100,71,94,74,118,35" hai3="75,28,47,49,93,37,102,55,52,27,10,72,107"/><U22/><E36/><V113/><F118/><W39/><G107/><T30/><D129/><U65/><E105/><V132/><F120/><W11/><G39/><T84/><D135/><U119/><E119/><V82/><F132/><W122/><G37/><T67/><D30/><U7/><E7/><V106/><F94/><W79/><G122/><T51/><D33/><U114/><E114/><N who="2" m="43531" /><F74/><W60/><G75/><T48/><D48/><U78/><E78/><V16/><F91/><W116/><G116/><T46/><D46/><U8/><E69/><V68/><F68/><W53/><G79/><T70/><D44/><U32/><E32/><V117/><F117/><W125/><G72/><T101/><REACH who="0" step="1"/><D84/><REACH who="0" ten="209,481,110,190" step="2"/><U111/><E111/><V1/><F31/><W58/><G47/><T2/><D2/><U21/><REACH who="1" step="1"/><E8/><REACH who="1" ten="209,471,110,190" step="2"/><V57/><F35/><W86/><G10/><T98/><D98/><U25/><E25/><V50/><F26/><W6/><G11/><T9/><D9/><U123/><E123/><V18/><F1/><W0/><G0/><T87/><D87/><U77/><E77/><V59/><F18/><W38/><G27/><T128/><D128/><U99/><E99/><V3/><F16/><W110/><G110/><T40/><D40/><U4/><E4/><V95/><F3/><W108/><G108/><T121/><D121/><U130/><E130/><V64/><F50/><N who="3" m="30999" /><G6/><T126/><AGARI ba="1,2" hai="12,14,51,54,56,63,67,70,97,101,104,124,126,127" machi="126" ten="30,4000,0" yaku="1,1,0,1,18,1,53,0" doraHai="80" doraHaiUra="88" who="0" fromWho="0" sc="209,63,471,-21,110,-11,190,-11" /><INIT seed="2,0,0,4,1,38" ten="272,450,99,179" oya="2" hai0="6,3,46,56,57,63,31,69,78,42,23,60,132" hai1="92,75,129,32,4,89,112,59,65,21,72,15,102" hai2="47,18,28,115,29,108,101,40,22,120,30,55,124" hai3="14,9,8,111,114,62,54,27,77,95,12,105,39"/><V94/><F115/><W85/><G114/><T103/><D132/><U113/><E32/><V43/><F120/><W1/><G105/><T100/><D78/><U96/><E129/><V10/><F10/><W52/><G39/><T48/><D3/><U99/><E75/><V126/><F108/><W17/><G111/><T76/><D6/><U35/><E35/><V34/><F34/><W58/><G1/><T13/><D76/><U117/><E117/><V116/><F116/><W73/><G73/><T5/><D69/><U104/><E72/><V68/><F68/><W67/><G27/><T130/><D130/><U123/><E123/><V82/><F82/><N who="3" m="47311" /><G95/><T119/><D119/><U109/><E109/><V125/><F94/><W83/><G83/><T133/><D133/><U98/><E98/><V7/><F7/><AGARI ba="0,0" hai="7,8,9,12,14,17,52,54,58,62,67" m="47311" machi="7" ten="30,2000,0" yaku="8,1,54,1" doraHai="38" who="3" fromWho="2" sc="272,0,450,0,99,-20,179,20" /><INIT seed="3,0,0,4,4,13" ten="272,450,79,199" oya="3" hai0="40,38,28,86,95,62,116,133,5,134,90,94,113" hai1="56,8,66,15,107,124,99,109,60,30,114,127,78" hai2="85,103,130,23,105,59,43,104,24,128,19,101,26" hai3="21,120,49,55,36,46,63,117,76,35,50,97,41"/><W17/><G120/><T123/><D123/><U31/><E109/><V83/><F43/><W68/><G117/><T22/><D116/><U93/><E78/><V57/><F85/><W2/><G35/><T135/><D113/><U106/><E106/><V77/><F83/><W6/><G76/><T73/><D73/><U102/><E107/><V1/><F77/><W131/><G131/><T7/><D40/><U119/><E119/><V67/><F1/><W47/><G97/><T81/><D38/><U10/><E10/><V125/><F67/><W110/><G110/><T132/><D132/><U74/><E74/><V112/><F112/><W3/><G6/><N who="0" m="2059" /><D62/><U72/><E72/><V0/><F0/><W118/><G118/><T96/><D96/><U108/><E108/><V12/><F125/><N who="1" m="48201" /><E114/><V11/><F104/><W29/><G29/><T122/><D122/><U100/><E100/><V39/><F39/><W16/><G36/><T44/><D44/><U9/><E9/><V52/><F59/><W42/><G63/><T91/><D91/><U75/><E75/><V51/><F24/><AGARI ba="0,0" hai="22,24,28,81,86,90,94,95,133,134,135" m="2059" machi="24" ten="40,1300,0" yaku="20,1" doraHai="13" who="0" fromWho="2" sc="272,13,450,0,79,-13,199,0" /><INIT seed="4,0,0,2,4,88" ten="285,450,66,199" oya="0" hai0="82,6,97,71,62,60,44,93,122,120,66,127,52" hai1="46,39,113,79,68,5,14,85,1,45,76,111,87" hai2="106,130,117,35,128,54,74,57,125,110,4,11,33" hai3="81,20,70,100,121,12,112,72,58,114,108,2,53"/><T38/><D127/><U21/><E1/><V119/><F106/><W34/><G108/><T48/><D6/><U103/><E111/><V90/><F110/><W104/><G34/><N who="2" m="12809" /><F90/><W75/><G20/><T99/><D99/><U56/><E68/><V0/><F57/><W63/><G70/><T73/><D62/><U37/><E113/><N who="3" m="43626" /><G2/><T123/><D38/><U132/><E132/><V55/><F74/><N who="3" m="28203" /><G12/><T42/><D42/><U64/><E103/><V96/><F96/><N who="3" m="61447" /><G81/><T94/><REACH who="0" step="1"/><D97/><REACH who="0" ten="275,450,66,199" step="2"/><U77/><E39/><V105/><F105/><W131/><G121/><T80/><D80/><U84/><E37/><V8/><F55/><W59/><G63/><T78/><AGARI ba="0,1" hai="44,48,52,60,66,71,73,78,82,93,94,120,122,123" machi="78" ten="40,18000,2" yaku="1,1,0,1,52,2,54,1,53,1" doraHai="88" doraHaiUra="51" who="0" fromWho="0" sc="275,190,450,-60,66,-60,199,-60" /><INIT seed="4,1,0,4,1,119" ten="465,390,6,139" oya="0" hai0="23,40,131,62,76,79,44,43,61,20,34,90,70" hai1="112,132,25,128,74,105,35,32,111,3,54,13,5" hai2="7,0,60,56,50,103,52,135,1,77,120,48,95" hai3="63,8,115,83,82,94,68,38,9,86,99,102,66"/><T98/><D34/><U118/><RYUUKYOKU type="yao9" ba="1,0" sc="465,0,390,0,6,0,139,0" hai1="3,5,13,25,32,35,54,74,105,111,112,118,128,132" /><INIT seed="4,2,0,1,0,31" ten="465,390,6,139" oya="0" hai0="60,61,108,95,12,127,88,109,21,56,120,42,53" hai1="34,135,97,89,105,78,46,50,4,69,27,116,22" hai2="3,35,19,111,1,118,133,99,86,110,39,33,63" hai3="20,103,117,114,54,30,121,119,70,28,71,123,0"/><T40/><D120/><N who="3" m="46153" /><G114/><T132/><D132/><U16/><E116/><N who="3" m="44618" /><G0/><N who="2" m="73" /><F86/><W93/><G54/><T26/><D12/><U13/><E135/><V17/><F99/><N who="3" m="59887" /><G20/><T87/><D127/><U57/><E69/><AGARI ba="2,0" hai="28,30,69,70,71" m="59887,44618,46153" machi="69" ten="40,1300,0" yaku="13,1" doraHai="31" who="3" fromWho="1" sc="465,0,390,-19,6,0,139,19" /><INIT seed="5,0,0,1,4,128" ten="465,371,6,158" oya="1" hai0="125,8,56,102,20,81,126,103,110,130,36,88,3" hai1="118,5,29,68,80,108,131,65,132,134,79,41,66" hai2="89,129,84,75,35,14,64,67,76,51,111,6,12" hai3="121,92,44,114,53,57,69,49,40,106,54,98,60"/><U13/><E131/><V27/><F111/><W133/><G121/><T15/><D36/><U48/><E118/><V90/><F129/><W28/><G106/><T61/><D110/><U11/><E29/><V4/><F75/><W109/><G109/><T21/><D3/><U87/><E108/><V93/><F76/><W59/><G69/><T23/><D130/><U100/><E100/><V82/><F51/><W71/><G71/><T77/><D102/><U58/><E68/><V38/><F38/><W18/><G28/><T86/><D103/><U25/><E25/><V120/><F120/><W47/><G18/><T55/><REACH who="0" step="1"/><D77/><REACH who="0" ten="455,371,6,158" step="2"/><U83/><E83/><V32/><F32/><W101/><G101/><T34/><D34/><U63/><E66/><N who="2" m="25131" /><F35/><W135/><G92/><T119/><D119/><U52/><E65/><V95/><F82/><W97/><G60/><T9/><D9/><U0/><E0/><V127/><F127/><W124/><G124/><T50/><D50/><U62/><E62/><V31/><F93/><W30/><G49/><T105/><D105/><U96/><E96/><V26/><F89/><W85/><G97/><T78/><D78/><U45/><AGARI ba="0,1" hai="5,11,13,41,45,48,52,58,63,79,80,87,132,134" machi="45" ten="30,18000,2" yaku="0,1,25,2,52,2,54,1" doraHai="128" who="1" fromWho="1" sc="455,-60,371,190,6,-60,158,-60" owari="395,20.0,561,65.0,-54,-55.0,98,-30.0" /></mjloggm>