<mjloggm ver="2.3"><GO type="225" lobby="0"/><UN n0="%E6%A9%8B%E6%9C%AC%E5%8D%83%E5%85%89%E5%B9%B4" n1="%E3%82%A6%E3%83%AB%E3%83%88%E3%83%A9%E7%AB%8B%E7%9B%B4" n2="%43%69%6E%65%63%75%73%73" n3="%E3%81%AA%E3%81%A3%E3%81%8D%E3%82%8A" dan="17,17,17,16" rate="2189.02,2171.19,2135.66,2159.00" sx="M,M,M,M"/><TAIKYOKU oya="0"/><INIT seed="0,0,0,1,4,80" ten="250,250,250,250" oya="0" hai0="99,105,17,69,59,73,111,25,8,97,15,36,47" hai1="76,41,93,3,134,94,88,29,16,22,56,74,7" hai2="129,92,114,112,37,128,133,68,70,113,130,122,66" hai3="109,63,135,108,45,110,103,106,79,60,85,82,42"/><T67/><D73/><U84/><E134/><V0/><F92/><W11/><G135/><T46/><D69/><N who="2" m="26730" /><F0/><W33/><G33/><T100/><D111/><U28/><E74/><V35/><F35/><W121/><G121/><T78/><D78/><U24/><E76/><V91/><F91/><W118/><G118/><T31/><D36/><U9/><E41/><V6/><F6/><W21/><G11/><T107/><D67/><U49/><REACH who="1" step="1"/><E94/><REACH who="1" ten="250,240,250,250" step="2"/><V65/><F122/><W58/><G106/><T20/><D59/><U14/><E14/><V132/><F37/><W89/><G79/><T23/><D8/><U115/><E115/><V52/><F52/><AGARI ba="0,1" hai="3,7,9,16,22,24,28,29,49,52,56,84,88,93" machi="52" ten="40,8000,1" yaku="1,1,52,1,54,3,53,0" doraHai="80" doraHaiUra="95" who="1" fromWho="2" sc="250,0,240,90,250,-80,250,0" /><INIT seed="1,0,0,1,2,61" ten="250,330,170,250" oya="1" hai0="42,3,66,63,16,60,76,57,29,7,67,129,55" hai1="106,4,134,133,100,33,37,122,30,99,44,8,50" hai2="49,104,101,130,45,91,86,9,38,72,36,93,40" hai3="31,83,121,23,5,79,48,114,92,11,77,98,94"/><U39/><E122/><V120/><F120/><W73/><G121/><T109/><D109/><U112/><E112/><V90/><F130/><W53/><G114/><T117/><D117/><U25/><E50/><V115/><F115/><W65/><G77/><T18/><D129/><U19/><E19/><N who="0" m="7209" /><D3/><N who="1" m="31" /><E44/><V95/><F72/><W70/><G23/><T59/><D7/><U1/><E1/><V107/><F9/><W105/><G31/><T47/><D29/><U116/><E116/><V64/><F101/><W62/><G105/><T20/><D20/><U13/><E13/><V0/><F0/><W127/><G127/><T80/><D42/><U56/><E56/><V87/><REACH who="2" step="1"/><F64/><REACH who="2" ten="250,330,160,250" step="2"/><W10/><G5/><T81/><D76/><U26/><E26/><V51/><F51/><AGARI ba="0,1" hai="47,51,55,57,59,60,63,66,67,80,81" m="7209" machi="51" ten="30,7700,0" yaku="8,1,52,2,54,1" doraHai="61" who="0" fromWho="2" sc="250,87,330,0,160,-77,250,0" /><INIT seed="2,0,0,2,2,135" ten="337,330,83,250" oya="2" hai0="51,34,74,59,103,58,6,10,122,104,32,98,93" hai1="23,56,119,15,66,55,78,124,120,54,115,95,64" hai2="99,57,4,102,22,100,126,70,61,5,84,96,106" hai3="29,65,117,26,49,40,16,118,33,82,50,88,1"/><V37/><F37/><W41/><G1/><T13/><D122/><U14/><E119/><V83/><F70/><W130/><G65/><T0/><D74/><U116/><E115/><V38/><F38/><W45/><G130/><T121/><D121/><U20/><E116/><V39/><F39/><W79/><G16/><T68/><D68/><U112/><E112/><V69/><F69/><W132/><G132/><T89/><D0/><U81/><E95/><V21/><F126/><W12/><G12/><T127/><D127/><U86/><E124/><V25/><F22/><W67/><G67/><N who="1" m="25642" /><E120/><V91/><F57/><W2/><G2/><T8/><D8/><U42/><E42/><V107/><REACH who="2" step="1"/><F61/><REACH who="2" ten="337,330,73,250" step="2"/><W63/><G63/><T9/><D59/><U11/><E56/><V27/><F27/><W109/><G117/><T92/><D58/><U134/><E134/><V31/><AGARI ba="0,1" hai="4,5,21,25,31,83,84,91,96,99,100,102,106,107" machi="31" ten="20,18000,2" yaku="1,1,0,1,7,1,9,1,53,2" doraHai="135" doraHaiUra="101" who="2" fromWho="2" sc="337,-60,330,-60,73,190,250,-60" /><INIT seed="2,1,0,4,0,92" ten="277,270,263,190" oya="2" hai0="74,9,114,44,121,90,80,27,19,112,11,12,76" hai1="134,52,67,33,119,97,59,88,61,135,109,77,38" hai2="132,50,118,83,70,128,55,40,81,87,65,48,84" hai3="46,34,86,51,41,94,30,99,126,72,123,21,105"/><V35/><F35/><W25/><G123/><T79/><D121/><U73/><E33/><V5/><F118/><W57/><G126/><T133/><D79/><U53/><E38/><V104/><F104/><W39/><G72/><T31/><D133/><N who="1" m="50699" /><E119/><V131/><F132/><W56/><G39/><T125/><D125/><U42/><E42/><V100/><F100/><W110/><G110/><T20/><D11/><U122/><E122/><V24/><F24/><W22/><G105/><T7/><D7/><U113/><E113/><V69/><F5/><W96/><G34/><T10/><D10/><U62/><E109/><V6/><F6/><W75/><G75/><T120/><D120/><U45/><E45/><V89/><F40/><W91/><G22/><T15/><D15/><U71/><E77/><N who="2" m="46127" /><F65/><W29/><G30/><T106/><D106/><U60/><E73/><V124/><F50/><W13/><G13/><T32/><D32/><U0/><E0/><V58/><F124/><W95/><G86/><T18/><D112/><U64/><E61/><V116/><F116/><W28/><G29/><T111/><D111/><U47/><E47/><V4/><F4/><W1/><G1/><T63/><D44/><U66/><E66/><V115/><F115/><W49/><G51/><T102/><D63/><U36/><E36/><V37/><F37/><W43/><G41/><T85/><D114/><U129/><E129/><AGARI ba="1,0" hai="48,55,58,69,70,83,87,89,128,129,131" m="46127" machi="129" ten="30,1500,0" yaku="19,1" doraHai="92" who="2" fromWho="1" sc="277,0,270,-18,263,18,190,0" /><INIT seed="2,2,0,0,4,119" ten="277,252,281,190" oya="2" hai0="34,86,81,107,72,74,83,113,36,18,112,24,26" hai1="127,57,29,89,82,43,49,58,92,97,120,67,93" hai2="2,115,111,15,124,3,33,134,132,71,125,22,64" hai3="78,87,116,14,19,9,55,45,23,41,46,39,31"/><V131/><F115/><W106/><G116/><T110/><D36/><U128/><E128/><V133/><F71/><W4/><G106/><T94/><D34/><U8/><E127/><N who="2" m="48715" /><F64/><W90/><G78/><T25/><D107/><U21/><E120/><V20/><F111/><W5/><G31/><T95/><D18/><U0/><E0/><N who="2" m="43" /><F131/><W59/><G45/><T114/><D110/><U108/><E108/><V12/><F33/><W85/><G9/><T68/><D68/><U129/><E129/><V100/><F100/><W48/><REACH who="3" step="1"/><G85/><REACH who="3" ten="277,252,281,180" step="2"/><T123/><D86/><N who="1" m="50391" /><E8/><V102/><F102/><W32/><G32/><T76/><D114/><U60/><E29/><V122/><F122/><W70/><G70/><T80/><D123/><U27/><E58/><V117/><F117/><W73/><G73/><T37/><D113/><U135/><E57/><V16/><F22/><W52/><G52/><T11/><D112/><U79/><E21/><V96/><F96/><W47/><G47/><T66/><D74/><U61/><E97/><V118/><F118/><W109/><G109/><T69/><D72/><U38/><E79/><V30/><F30/><W1/><G1/><T130/><D76/><U51/><E43/><V105/><F105/><W77/><G77/><T13/><D130/><U42/><E42/><V98/><F98/><W103/><G103/><T6/><D37/><U91/><E38/><V35/><F35/><W28/><G28/><T50/><D69/><U40/><E40/><V7/><F134/><W54/><G54/><T10/><D10/><AGARI ba="2,1" hai="7,10,12,15,16,20,132,133" m="43,48715" machi="10" ten="40,12000,1" yaku="18,1,34,2,54,1" doraHai="119" who="2" fromWho="0" sc="277,-126,252,0,281,136,180,0" /><INIT seed="2,3,0,4,5,88" ten="151,252,417,180" oya="2" hai0="78,40,94,69,133,19,8,120,27,105,68,36,3" hai1="80,61,122,56,70,32,98,91,54,12,92,131,72" hai2="41,4,106,76,127,17,55,118,112,49,114,123,23" hai3="46,45,18,71,110,62,108,51,35,135,31,10,29"/><V7/><F106/><W95/><G135/><T121/><D105/><U83/><E32/><V79/><F123/><W89/><G45/><T74/><D133/><U109/><E122/><N who="0" m="47209" /><D27/><U13/><E109/><N who="3" m="42090" /><G35/><T93/><D19/><U87/><E131/><V44/><F118/><W43/><G71/><T100/><D100/><U57/><E70/><V0/><F127/><W75/><G75/><T60/><D60/><N who="1" m="35863" /><E72/><V24/><F114/><W119/><G62/><T2/><D2/><U107/><E107/><V82/><F112/><W90/><G119/><T85/><D85/><U39/><E39/><V104/><F104/><W84/><G90/><T5/><D69/><U126/><E126/><V117/><F117/><W28/><G18/><T9/><D9/><AGARI ba="3,0" hai="9,10,28,29,31,43,46,51,84,89,95" m="42090" machi="9" ten="30,2000,0" yaku="14,1,52,1" doraHai="88" who="3" fromWho="0" sc="151,-29,252,0,417,0,180,29" /><INIT seed="3,0,0,2,3,40" ten="122,252,417,209" oya="3" hai0="80,94,69,11,118,87,6,113,97,109,62,13,8" hai1="83,102,54,22,1,73,14,101,52,67,91,68,45" hai2="88,92,77,96,70,105,120,111,135,7,85,32,20" hai3="27,126,63,30,127,84,48,25,72,51,119,125,19"/><W23/><G72/><T12/><D109/><U95/><E1/><V98/><F111/><W116/><G63/><T112/><D118/><N who="3" m="45097" /><G84/><T65/><D113/><U78/><E67/><V75/><F70/><W133/><G133/><T93/><D112/><U56/><E68/><V108/><F108/><W81/><G81/><T71/><D71/><U122/><E122/><V124/><F120/><W3/><G3/><T39/><D39/><U55/><E45/><V74/><F135/><W123/><G123/><T42/><D42/><U34/><E34/><AGARI ba="0,0" hai="19,23,25,27,30,34,48,51,125,126,127" m="45097" machi="34" ten="40,2000,0" yaku="18,1" doraHai="40" who="3" fromWho="1" sc="122,0,252,-20,417,0,209,20" /><INIT seed="3,1,0,2,4,96" ten="122,232,417,229" oya="3" hai0="39,26,21,112,82,107,113,75,73,104,50,11,116" hai1="103,54,90,74,25,29,94,60,117,2,35,125,89" hai2="69,126,18,76,66,84,19,32,127,92,3,98,93" hai3="6,58,87,130,88,118,45,33,46,135,30,68,4"/><W122/><G68/><T65/><D50/><U14/><E2/><V63/><F32/><W77/><G118/><T7/><D21/><U27/><E74/><N who="0" m="28169" /><D26/><U128/><E128/><V132/><F3/><W34/><G130/><T62/><D62/><U59/><E125/><N who="2" m="47627" /><F132/><W105/><G135/><T121/><D11/><U28/><E14/><V0/><F0/><W81/><G122/><T61/><D61/><U47/><E47/><V102/><F92/><W23/><G33/><T79/><D65/><U120/><E120/><V37/><F37/><W55/><G34/><T53/><D53/><U129/><E54/><V64/><F64/><W106/><G46/><T20/><D20/><U80/><E35/><V72/><F72/><W78/><G45/><T36/><D7/><U16/><E129/><V109/><F109/><W115/><G6/><T10/><D10/><U99/><E59/><V114/><F114/><N who="0" m="44138" /><D121/><U97/><E27/><V13/><F13/><W101/><G115/><T15/><D15/><U119/><E25/><V9/><F9/><W42/><G4/><T85/><D39/><U131/><E131/><V134/><F134/><W44/><G23/><T56/><D56/><U22/><E22/><V31/><F31/><W100/><G30/><T91/><D36/><U52/><E29/><V51/><F51/><N who="3" m="31103" /><G44/><T95/><D116/><U111/><E28/><V124/><F124/><W123/><G123/><T24/><D24/><U12/><E119/><V108/><F108/><W133/><G133/><T48/><D48/><U110/><E117/><V70/><F70/><W83/><G42/><RYUUKYOKU ba="1,0" sc="122,15,232,-15,417,15,229,-15" hai0="79,82,85,91,95,104,107" hai2="18,19,63,66,69,76,84,93,98,102" owari="137,-36.0,217,2.0,432,53.0,214,-19.0" /></mjloggm>